|j|☆furretisepic
|j|☆Darienvs
|t:|1757848638
|gametype|singles
|player|p1|furretisepic|idol|1087
|player|p2|Darienvs|bruno|1129
|gen|9
|tier|[Gen 9] OU
|rated|
|rule|HP Percentage Mod: HP is shown in percentages
|rule|Endless Battle Clause: Forcing endless battles is banned
|rule|Species Clause: Limit one of each Pokémon
|rule|OHKO Clause: OHKO moves are banned
|rule|Evasion Items Clause: Evasion items are banned
|rule|Evasion Moves Clause: Evasion moves are banned
|rule|Evasion Abilities Clause: Evasion abilities are banned
|rule|Sleep Moves Clause: Sleep-inducing moves are banned
|clearpoke
|poke|p1|Primarina, F|
|poke|p1|Cinderace, M|
|poke|p1|Corviknight, M|
|poke|p1|Furret, M|
|poke|p1|Kommo-o, F|
|poke|p1|Frosmoth, M|
|poke|p2|Landorus-Therian, M|
|poke|p2|Samurott-Hisui, F|
|poke|p2|Gholdengo|
|poke|p2|Thundurus-Therian, M|
|poke|p2|Scizor, F|
|poke|p2|Zamazenta-*|
|teampreview
|
|t:|1757848646
|teamsize|p1|6
|teamsize|p2|6
|start
|switch|p1a: Primarina|Primarina, F|100/100
|switch|p2a: Landorus|Landorus-Therian, M|100/100
|-ability|p2a: Landorus|Intimidate|boost
|-unboost|p1a: Primarina|atk|1
|turn|1
|
|t:|1757848660
|move|p2a: Landorus|Stealth Rock|p1a: Primarina
|-sidestart|p1: furretisepic|move: Stealth Rock
|move|p1a: Primarina|Calm Mind|p1a: Primarina
|-boost|p1a: Primarina|spa|1
|-boost|p1a: Primarina|spd|1
|
|upkeep
|turn|2
|
|t:|1757848677
|move|p2a: Landorus|U-turn|p1a: Primarina
|-resisted|p1a: Primarina
|-damage|p1a: Primarina|86/100
|
|t:|1757848684
|switch|p2a: Zamazenta|Zamazenta|100/100|[from] U-turn
|-ability|p2a: Zamazenta|Dauntless Shield|boost
|-boost|p2a: Zamazenta|def|1
|move|p1a: Primarina|Calm Mind|p1a: Primarina
|-boost|p1a: Primarina|spa|1
|-boost|p1a: Primarina|spd|1
|
|upkeep
|turn|3
|
|t:|1757848691
|move|p1a: Primarina|Moonblast|p2a: Zamazenta
|-supereffective|p2a: Zamazenta
|-damage|p2a: Zamazenta|0 fnt
|faint|p2a: Zamazenta
|
|upkeep
|
|t:|1757848702
|switch|p2a: Thundurus|Thundurus-Therian, M|100/100
|turn|4
|
|t:|1757848711
|-terastallize|p2a: Thundurus|Ice
|move|p2a: Thundurus|Thunderbolt|p1a: Primarina
|-supereffective|p1a: Primarina
|-damage|p1a: Primarina|34/100
|move|p1a: Primarina|Moonblast|p2a: Thundurus
|-damage|p2a: Thundurus|0 fnt
|faint|p2a: Thundurus
|
|upkeep
|
|t:|1757848721
|switch|p2a: Scizor|Scizor, F|100/100
|turn|5
|
|t:|1757848726
|move|p2a: Scizor|Bullet Punch|p1a: Primarina
|-damage|p1a: Primarina|0 fnt
|faint|p1a: Primarina
|
|upkeep
|
|t:|1757848732
|switch|p1a: Kommo-o|Kommo-o, F|100/100
|-damage|p1a: Kommo-o|94/100|[from] Stealth Rock
|turn|6
|
|t:|1757848740
|move|p1a: Kommo-o|Clangorous Soul|p1a: Kommo-o
|-boost|p1a: Kommo-o|atk|1
|-boost|p1a: Kommo-o|def|1
|-boost|p1a: Kommo-o|spa|1
|-boost|p1a: Kommo-o|spd|1
|-boost|p1a: Kommo-o|spe|1
|-damage|p1a: Kommo-o|61/100
|move|p2a: Scizor|Knock Off|p1a: Kommo-o
|-resisted|p1a: Kommo-o
|-damage|p1a: Kommo-o|50/100
|-enditem|p1a: Kommo-o|Leftovers|[from] move: Knock Off|[of] p2a: Scizor
|
|upkeep
|turn|7
|
|t:|1757848751
|move|p2a: Scizor|Bullet Punch|p1a: Kommo-o
|-damage|p1a: Kommo-o|28/100
|move|p1a: Kommo-o|Drain Punch|p2a: Scizor
|-damage|p2a: Scizor|50/100
|-heal|p1a: Kommo-o|52/100|[from] drain|[of] p2a: Scizor
|
|upkeep
|turn|8
|
|t:|1757848757
|move|p1a: Kommo-o|Drain Punch|p2a: Scizor
|-damage|p2a: Scizor|2/100
|-heal|p1a: Kommo-o|75/100|[from] drain|[of] p2a: Scizor
|move|p2a: Scizor|U-turn|p1a: Kommo-o
|-resisted|p1a: Kommo-o
|-damage|p1a: Kommo-o|62/100
|
|t:|1757848760
|switch|p2a: Gholdengo|Gholdengo|100/100|[from] U-turn
|
|upkeep
|turn|9
|
|t:|1757848771
|move|p1a: Kommo-o|Clanging Scales|p2a: Gholdengo
|-resisted|p2a: Gholdengo
|-damage|p2a: Gholdengo|55/100
|-unboost|p1a: Kommo-o|def|1
|move|p2a: Gholdengo|Trick|p1a: Kommo-o
|-activate|p2a: Gholdengo|move: Trick|[of] p1a: Kommo-o
|-item|p1a: Kommo-o|Choice Scarf|[from] move: Trick
|-enditem|p2a: Gholdengo|Choice Scarf|[silent]|[from] move: Trick
|
|upkeep
|turn|10
|
|t:|1757848786
|move|p1a: Kommo-o|Clanging Scales|p2a: Gholdengo
|-resisted|p2a: Gholdengo
|-damage|p2a: Gholdengo|10/100
|-unboost|p1a: Kommo-o|def|1
|move|p2a: Gholdengo|Recover|p2a: Gholdengo
|-heal|p2a: Gholdengo|60/100
|
|upkeep
|turn|11
|
|t:|1757848791
|move|p1a: Kommo-o|Clanging Scales|p2a: Gholdengo
|-resisted|p2a: Gholdengo
|-damage|p2a: Gholdengo|18/100
|-unboost|p1a: Kommo-o|def|1
|move|p2a: Gholdengo|Recover|p2a: Gholdengo
|-heal|p2a: Gholdengo|68/100
|
|upkeep
|turn|12
|
|t:|1757848796
|switch|p1a: Cinderace|Cinderace, M|100/100
|-damage|p1a: Cinderace|76/100|[from] Stealth Rock
|move|p2a: Gholdengo|Make It Rain|p1a: Cinderace
|-resisted|p1a: Cinderace
|-damage|p1a: Cinderace|28/100
|-unboost|p2a: Gholdengo|spa|1
|
|upkeep
|turn|13
|
|t:|1757848810
|switch|p2a: Samurott|Samurott-Hisui, F|100/100
|move|p1a: Cinderace|Pyro Ball|p2a: Samurott
|-resisted|p2a: Samurott
|-crit|p2a: Samurott
|-damage|p2a: Samurott|18/100
|
|upkeep
|turn|14
|
|t:|1757848817
|move|p2a: Samurott|Sucker Punch|p1a: Cinderace
|-damage|p1a: Cinderace|0 fnt
|faint|p1a: Cinderace
|
|upkeep
|
|t:|1757848822
|switch|p1a: Kommo-o|Kommo-o, F|62/100
|-damage|p1a: Kommo-o|55/100|[from] Stealth Rock
|turn|15
|
|t:|1757848832
|move|p1a: Kommo-o|Drain Punch|p2a: Samurott
|-supereffective|p2a: Samurott
|-damage|p2a: Samurott|0 fnt
|-heal|p1a: Kommo-o|66/100|[from] drain|[of] p2a: Samurott
|faint|p2a: Samurott
|
|upkeep
|
|t:|1757848838
|switch|p2a: Gholdengo|Gholdengo|68/100
|turn|16
|
|t:|1757848845
|switch|p1a: Corviknight|Corviknight, M|100/100
|-damage|p1a: Corviknight|88/100|[from] Stealth Rock
|-ability|p1a: Corviknight|Pressure
|move|p2a: Gholdengo|Make It Rain|p1a: Corviknight
|-resisted|p1a: Corviknight
|-damage|p1a: Corviknight|54/100
|-unboost|p2a: Gholdengo|spa|1
|
|-heal|p1a: Corviknight|60/100|[from] item: Leftovers
|upkeep
|turn|17
|
|t:|1757848873
|move|p2a: Gholdengo|Trick|p1a: Corviknight
|-activate|p2a: Gholdengo|move: Trick|[of] p1a: Corviknight
|-enditem|p1a: Corviknight|Leftovers|[silent]|[from] move: Trick
|-item|p2a: Gholdengo|Leftovers|[from] move: Trick
|move|p1a: Corviknight|Iron Head|p2a: Gholdengo
|-resisted|p2a: Gholdengo
|-damage|p2a: Gholdengo|54/100
|
|-heal|p2a: Gholdengo|60/100|[from] item: Leftovers
|upkeep
|turn|18
|
|t:|1757848881
|move|p2a: Gholdengo|Recover|p2a: Gholdengo
|-heal|p2a: Gholdengo|100/100
|move|p1a: Corviknight|Roost|p1a: Corviknight
|-heal|p1a: Corviknight|100/100
|-singleturn|p1a: Corviknight|move: Roost
|
|upkeep
|turn|19
|
|t:|1757848886
|move|p2a: Gholdengo|Shadow Ball|p1a: Corviknight
|-damage|p1a: Corviknight|70/100
|-unboost|p1a: Corviknight|spd|1
|move|p1a: Corviknight|Iron Head|p2a: Gholdengo
|-resisted|p2a: Gholdengo
|-damage|p2a: Gholdengo|87/100
|
|-heal|p2a: Gholdengo|93/100|[from] item: Leftovers
|upkeep
|turn|20
|
|t:|1757848890
|switch|p1a: Furret|Furret, M|100/100
|-damage|p1a: Furret|88/100|[from] Stealth Rock
|-item|p2a: Gholdengo|Leftovers|[from] ability: Frisk|[of] p1a: Furret
|move|p2a: Gholdengo|Make It Rain|p1a: Furret
|-damage|p1a: Furret|17/100
|-unboost|p2a: Gholdengo|spa|1
|
|-heal|p2a: Gholdengo|99/100|[from] item: Leftovers
|upkeep
|turn|21
|
|t:|1757848903
|move|p1a: Furret|Sucker Punch|p2a: Gholdengo
|-supereffective|p2a: Gholdengo
|-damage|p2a: Gholdengo|38/100
|move|p2a: Gholdengo|Make It Rain|p1a: Furret
|-damage|p1a: Furret|0 fnt
|-unboost|p2a: Gholdengo|spa|1
|faint|p1a: Furret
|
|-heal|p2a: Gholdengo|44/100|[from] item: Leftovers
|upkeep
|
|t:|1757848925
|switch|p1a: Frosmoth|Frosmoth, M|100/100
|-damage|p1a: Frosmoth|51/100|[from] Stealth Rock
|turn|22
|
|t:|1757848932
|-terastallize|p1a: Frosmoth|Ground
|move|p2a: Gholdengo|Recover|p2a: Gholdengo
|-heal|p2a: Gholdengo|94/100
|move|p1a: Frosmoth|Tera Blast|p2a: Gholdengo|[anim] Tera Blast Ground
|-supereffective|p2a: Gholdengo
|-damage|p2a: Gholdengo|0 fnt
|faint|p2a: Gholdengo
|
|-heal|p1a: Frosmoth|57/100|[from] item: Leftovers
|upkeep
|
|t:|1757848940
|switch|p2a: Scizor|Scizor, F|2/100
|turn|23
|
|t:|1757848946
|move|p2a: Scizor|Bullet Punch|p1a: Frosmoth
|-damage|p1a: Frosmoth|0 fnt
|faint|p1a: Frosmoth
|
|upkeep
|
|t:|1757848950
|switch|p1a: Corviknight|Corviknight, M|70/100
|-damage|p1a: Corviknight|57/100|[from] Stealth Rock
|-ability|p1a: Corviknight|Pressure
|turn|24
|
|t:|1757848957
|move|p2a: Scizor|Bullet Punch|p1a: Corviknight
|-resisted|p1a: Corviknight
|-damage|p1a: Corviknight|46/100
|move|p1a: Corviknight|Roost|p1a: Corviknight
|-heal|p1a: Corviknight|96/100
|-singleturn|p1a: Corviknight|move: Roost
|
|upkeep
|turn|25
|
|t:|1757848960
|move|p1a: Corviknight|Iron Defense|p1a: Corviknight
|-boost|p1a: Corviknight|def|2
|move|p2a: Scizor|U-turn|p1a: Corviknight
|-resisted|p1a: Corviknight
|-damage|p1a: Corviknight|92/100
|
|t:|1757848965
|switch|p2a: Landorus|Landorus-Therian, M|100/100|[from] U-turn
|-ability|p2a: Landorus|Intimidate|boost
|-unboost|p1a: Corviknight|atk|1
|
|upkeep
|turn|26
|
|t:|1757848973
|move|p2a: Landorus|Taunt|p1a: Corviknight
|-start|p1a: Corviknight|move: Taunt
|cant|p1a: Corviknight|move: Taunt|Iron Defense
|
|upkeep
|turn|27
|
|t:|1757848979
|move|p2a: Landorus|U-turn|p1a: Corviknight
|-resisted|p1a: Corviknight
|-damage|p1a: Corviknight|90/100
|
|t:|1757848982
|switch|p2a: Scizor|Scizor, F|2/100|[from] U-turn
|move|p1a: Corviknight|Body Press|p2a: Scizor
|-damage|p2a: Scizor|0 fnt
|faint|p2a: Scizor
|
|upkeep
|-message|Darienvs forfeited.
|
|win|furretisepic
|raw|furretisepic's rating: 1087 &rarr; <strong>1117</strong><br />(+30 for winning)
|raw|Darienvs's rating: 1129 &rarr; <strong>1101</strong><br />(-28 for losing)
|l|☆Darienvs
|player|p2|
|l|☆furretisepic
|player|p1|
