|j|☆Newt 2099
|j|☆boyboy0410
|t:|1757873661
|gametype|singles
|player|p1|Newt 2099|lucas|1213
|player|p2|boyboy0410|1|1200
|gen|9
|tier|[Gen 9] OU
|rated|
|rule|HP Percentage Mod: HP is shown in percentages
|rule|Endless Battle Clause: Forcing endless battles is banned
|rule|Species Clause: Limit one of each Pokémon
|rule|OHKO Clause: OHKO moves are banned
|rule|Evasion Items Clause: Evasion items are banned
|rule|Evasion Moves Clause: Evasion moves are banned
|rule|Evasion Abilities Clause: Evasion abilities are banned
|rule|Sleep Moves Clause: Sleep-inducing moves are banned
|clearpoke
|poke|p1|Chesnaught, M|
|poke|p1|Sableye, M|
|poke|p1|Heatran, M|
|poke|p1|Great Tusk|
|poke|p1|Chansey, F|
|poke|p1|Alomomola, F|
|poke|p2|Hippowdon, F|
|poke|p2|Lycanroc, F|
|poke|p2|Gholdengo|
|poke|p2|Ceruledge, F|
|poke|p2|Ogerpon-Wellspring, F|
|poke|p2|Walking Wake|
|teampreview
|inactive|Battle timer is ON: inactive players will automatically lose when time's up. (requested by Newt 2099)
|
|t:|1757873684
|teamsize|p1|6
|teamsize|p2|6
|start
|switch|p1a: Sableye|Sableye, M|100/100
|switch|p2a: Hippowdon|Hippowdon, F|100/100
|-weather|Sandstorm|[from] ability: Sand Stream|[of] p2a: Hippowdon
|turn|1
|
|t:|1757873687
|move|p1a: Sableye|Will-O-Wisp|p2a: Hippowdon
|-status|p2a: Hippowdon|brn
|move|p2a: Hippowdon|Stealth Rock|p1a: Sableye
|-sidestart|p1: Newt 2099|move: Stealth Rock
|
|-weather|Sandstorm|[upkeep]
|-damage|p1a: Sableye|94/100|[from] Sandstorm
|-damage|p2a: Hippowdon|94/100 brn|[from] brn
|upkeep
|turn|2
|
|t:|1757873691
|move|p1a: Sableye|Reflect|p1a: Sableye
|-sidestart|p1: Newt 2099|Reflect
|move|p2a: Hippowdon|Roar|p1a: Sableye
|drag|p1a: Alomomola|Alomomola, F, shiny|100/100
|-damage|p1a: Alomomola|88/100|[from] Stealth Rock
|
|-weather|Sandstorm|[upkeep]
|-damage|p1a: Alomomola|82/100|[from] Sandstorm
|-heal|p1a: Alomomola|88/100|[from] item: Leftovers
|-damage|p2a: Hippowdon|88/100 brn|[from] brn
|upkeep
|turn|3
|
|t:|1757873696
|move|p1a: Alomomola|Flip Turn|p2a: Hippowdon
|-supereffective|p2a: Hippowdon
|-damage|p2a: Hippowdon|70/100 brn
|
|t:|1757873705
|switch|p1a: Chesnaught|Chesnaught, M|100/100|[from] Flip Turn
|-damage|p1a: Chesnaught|94/100|[from] Stealth Rock
|move|p2a: Hippowdon|Roar|p1a: Chesnaught
|drag|p1a: Alomomola|Alomomola, F, shiny|100/100
|-damage|p1a: Alomomola|88/100|[from] Stealth Rock
|
|-weather|Sandstorm|[upkeep]
|-damage|p1a: Alomomola|82/100|[from] Sandstorm
|-heal|p1a: Alomomola|88/100|[from] item: Leftovers
|-damage|p2a: Hippowdon|63/100 brn|[from] brn
|upkeep
|turn|4
|
|t:|1757873726
|move|p1a: Alomomola|Wish|p1a: Alomomola
|move|p2a: Hippowdon|Roar|p1a: Alomomola
|drag|p1a: Great Tusk|Great Tusk|100/100
|
|-weather|Sandstorm|[upkeep]
|-damage|p2a: Hippowdon|57/100 brn|[from] brn
|upkeep
|turn|5
|
|t:|1757873734
|move|p1a: Great Tusk|Knock Off|p2a: Hippowdon
|-damage|p2a: Hippowdon|40/100 brn
|-enditem|p2a: Hippowdon|Smooth Rock|[from] move: Knock Off|[of] p1a: Great Tusk
|move|p2a: Hippowdon|Slack Off|p2a: Hippowdon
|-heal|p2a: Hippowdon|90/100 brn
|
|-weather|Sandstorm|[upkeep]
|-damage|p2a: Hippowdon|84/100 brn|[from] brn
|upkeep
|turn|6
|
|t:|1757873748
|move|p1a: Great Tusk|Rapid Spin|p2a: Hippowdon
|-damage|p2a: Hippowdon|75/100 brn
|-boost|p1a: Great Tusk|spe|1
|-sideend|p1: Newt 2099|Stealth Rock|[from] move: Rapid Spin|[of] p1a: Great Tusk
|move|p2a: Hippowdon|Earthquake|p1a: Great Tusk
|-damage|p1a: Great Tusk|94/100
|
|-weather|Sandstorm|[upkeep]
|-damage|p2a: Hippowdon|69/100 brn|[from] brn
|upkeep
|turn|7
|
|t:|1757873756
|move|p1a: Great Tusk|Ice Spinner|p2a: Hippowdon
|-supereffective|p2a: Hippowdon
|-damage|p2a: Hippowdon|38/100 brn
|move|p2a: Hippowdon|Roar|p1a: Great Tusk
|-end|p1a: Great Tusk|Protosynthesis|[silent]
|drag|p1a: Heatran|Heatran, M|100/100
|-item|p1a: Heatran|Air Balloon
|
|-weather|Sandstorm|[upkeep]
|-damage|p2a: Hippowdon|31/100 brn|[from] brn
|upkeep
|turn|8
|
|t:|1757873765
|move|p1a: Heatran|Magma Storm|p2a: Hippowdon
|-damage|p2a: Hippowdon|0 fnt
|faint|p2a: Hippowdon
|
|-weather|none
|upkeep
|
|t:|1757873783
|switch|p2a: Ogerpon|Ogerpon-Wellspring, F|100/100
|turn|9
|
|t:|1757873789
|switch|p1a: Sableye|Sableye, M|94/100
|move|p2a: Ogerpon|Swords Dance|p2a: Ogerpon
|-boost|p2a: Ogerpon|atk|2
|
|-sideend|p1: Newt 2099|Reflect
|upkeep
|turn|10
|
|t:|1757873802
|move|p1a: Sableye|Reflect|p1a: Sableye
|-sidestart|p1: Newt 2099|Reflect
|move|p2a: Ogerpon|Swords Dance|p2a: Ogerpon
|-boost|p2a: Ogerpon|atk|2
|
|upkeep
|turn|11
|
|t:|1757873805
|move|p1a: Sableye|Will-O-Wisp|p2a: Ogerpon
|-status|p2a: Ogerpon|brn
|move|p2a: Ogerpon|Swords Dance|p2a: Ogerpon
|-boost|p2a: Ogerpon|atk|2
|
|-damage|p2a: Ogerpon|94/100 brn|[from] brn
|upkeep
|turn|12
|
|t:|1757873815
|switch|p1a: Chesnaught|Chesnaught, M|94/100
|-terastallize|p2a: Ogerpon|Water
|detailschange|p2a: Ogerpon|Ogerpon-Wellspring-Tera, F, tera:Water
|-ability|p2a: Ogerpon|Embody Aspect (Wellspring)|boost
|-boost|p2a: Ogerpon|spd|1
|move|p2a: Ogerpon|Ivy Cudgel|p1a: Chesnaught|[anim] Ivy Cudgel Water
|-resisted|p1a: Chesnaught
|-damage|p1a: Chesnaught|74/100
|
|-damage|p2a: Ogerpon|88/100 brn|[from] brn
|upkeep
|turn|13
|
|t:|1757873824
|move|p2a: Ogerpon|Play Rough|p1a: Chesnaught|[miss]
|-miss|p2a: Ogerpon|p1a: Chesnaught
|move|p1a: Chesnaught|Iron Defense|p1a: Chesnaught
|-boost|p1a: Chesnaught|def|2
|
|-damage|p2a: Ogerpon|82/100 brn|[from] brn
|upkeep
|turn|14
|
|t:|1757873838
|switch|p2a: Walking Wake|Walking Wake|100/100
|-enditem|p2a: Walking Wake|Booster Energy
|-activate|p2a: Walking Wake|ability: Protosynthesis|[fromitem]
|-start|p2a: Walking Wake|protosynthesisspe
|move|p1a: Chesnaught|Leech Seed|p2a: Walking Wake|[miss]
|-miss|p1a: Chesnaught|p2a: Walking Wake
|
|upkeep
|turn|15
|
|t:|1757873844
|switch|p1a: Chansey|Chansey, F|100/100
|move|p2a: Walking Wake|Flamethrower|p1a: Chansey
|-damage|p1a: Chansey|93/100
|
|upkeep
|turn|16
|
|t:|1757873850
|-end|p2a: Walking Wake|Protosynthesis|[silent]
|switch|p2a: Ceruledge|Ceruledge, F|100/100
|move|p1a: Chansey|Thunder Wave|p2a: Ceruledge
|-status|p2a: Ceruledge|par
|
|upkeep
|turn|17
|
|t:|1757873856
|switch|p1a: Chesnaught|Chesnaught, M|74/100
|move|p2a: Ceruledge|Swords Dance|p2a: Ceruledge
|-boost|p2a: Ceruledge|atk|2
|
|-sideend|p1: Newt 2099|Reflect
|upkeep
|turn|18
|
|t:|1757873870
|switch|p1a: Heatran|Heatran, M|100/100
|-item|p1a: Heatran|Air Balloon
|move|p2a: Ceruledge|Bitter Blade|p1a: Heatran
|-start|p1a: Heatran|ability: Flash Fire
|
|upkeep
|turn|19
|
|t:|1757873877
|move|p1a: Heatran|Magma Storm|p2a: Ceruledge
|-resisted|p2a: Ceruledge
|-damage|p2a: Ceruledge|64/100 par
|-activate|p2a: Ceruledge|move: Magma Storm|[of] p1a: Heatran
|move|p2a: Ceruledge|Close Combat|p1a: Heatran
|-supereffective|p1a: Heatran
|-damage|p1a: Heatran|0 fnt
|-unboost|p2a: Ceruledge|def|1
|-unboost|p2a: Ceruledge|spd|1
|-enditem|p1a: Heatran|Air Balloon
|faint|p1a: Heatran
|
|-end|p2a: Ceruledge|Magma Storm|[partiallytrapped]|[silent]
|upkeep
|
|t:|1757873885
|switch|p1a: Great Tusk|Great Tusk|94/100
|turn|20
|
|t:|1757873902
|switch|p2a: Ogerpon|Ogerpon-Wellspring-Tera, F, tera:Water|82/100 brn
|-ability|p2a: Ogerpon|Embody Aspect (Wellspring)|boost
|-boost|p2a: Ogerpon|spd|1
|move|p1a: Great Tusk|Knock Off|p2a: Ogerpon
|-damage|p2a: Ogerpon|52/100 brn
|
|-damage|p2a: Ogerpon|46/100 brn|[from] brn
|upkeep
|turn|21
|
|t:|1757873909
|-end|p1a: Great Tusk|Protosynthesis|[silent]
|switch|p1a: Chesnaught|Chesnaught, M|74/100
|move|p2a: Ogerpon|Ivy Cudgel|p1a: Chesnaught|[anim] Ivy Cudgel Water
|-resisted|p1a: Chesnaught
|-damage|p1a: Chesnaught|64/100
|
|-damage|p2a: Ogerpon|40/100 brn|[from] brn
|upkeep
|turn|22
|
|t:|1757873915
|switch|p2a: Ceruledge|Ceruledge, F|64/100 par
|move|p1a: Chesnaught|Leech Seed|p2a: Ceruledge
|-start|p2a: Ceruledge|move: Leech Seed
|
|-damage|p2a: Ceruledge|52/100 par|[from] Leech Seed|[of] p1a: Chesnaught
|-heal|p1a: Chesnaught|74/100|[silent]
|upkeep
|turn|23
|
|t:|1757873935
|move|p1a: Chesnaught|Body Press|p2a: Ceruledge
|-immune|p2a: Ceruledge
|move|p2a: Ceruledge|Bitter Blade|p1a: Chesnaught
|-supereffective|p1a: Chesnaught
|-damage|p1a: Chesnaught|20/100
|-heal|p2a: Ceruledge|85/100 par|[from] drain|[of] p1a: Chesnaught
|-damage|p2a: Ceruledge|69/100 par|[from] item: Rocky Helmet|[of] p1a: Chesnaught
|
|-damage|p2a: Ceruledge|56/100 par|[from] Leech Seed|[of] p1a: Chesnaught
|-heal|p1a: Chesnaught|30/100|[silent]
|upkeep
|turn|24
|
|t:|1757873945
|switch|p1a: Alomomola|Alomomola, F, shiny|100/100
|switch|p2a: Lycanroc|Lycanroc, F|100/100
|
|upkeep
|turn|25
|inactive|boyboy0410 has 120 seconds left.
|
|t:|1757873987
|switch|p2a: Ogerpon|Ogerpon-Wellspring-Tera, F, tera:Water|40/100 brn
|-ability|p2a: Ogerpon|Embody Aspect (Wellspring)|boost
|-boost|p2a: Ogerpon|spd|1
|move|p1a: Alomomola|Flip Turn|p2a: Ogerpon
|-resisted|p2a: Ogerpon
|-damage|p2a: Ogerpon|29/100 brn
|
|t:|1757873998
|switch|p1a: Sableye|Sableye, M|94/100|[from] Flip Turn
|
|-damage|p2a: Ogerpon|23/100 brn|[from] brn
|upkeep
|turn|26
|inactive|boyboy0410 has 120 seconds left.
|inactive|boyboy0410 has 90 seconds left.
|
|t:|1757874036
|move|p1a: Sableye|Reflect|p1a: Sableye
|-sidestart|p1: Newt 2099|Reflect
|move|p2a: Ogerpon|Ivy Cudgel|p1a: Sableye|[anim] Ivy Cudgel Water
|-crit|p1a: Sableye
|-damage|p1a: Sableye|9/100
|
|-damage|p2a: Ogerpon|17/100 brn|[from] brn
|upkeep
|turn|27
|
|t:|1757874050
|switch|p1a: Alomomola|Alomomola, F, shiny|100/100
|move|p2a: Ogerpon|Ivy Cudgel|p1a: Alomomola|[anim] Ivy Cudgel Water
|-resisted|p1a: Alomomola
|-damage|p1a: Alomomola|92/100
|
|-heal|p1a: Alomomola|99/100|[from] item: Leftovers
|-damage|p2a: Ogerpon|11/100 brn|[from] brn
|upkeep
|turn|28
|inactive|boyboy0410 has 90 seconds left.
|
|t:|1757874084
|move|p2a: Ogerpon|Horn Leech|p1a: Alomomola
|-supereffective|p1a: Alomomola
|-damage|p1a: Alomomola|81/100
|-heal|p2a: Ogerpon|26/100 brn|[from] drain|[of] p1a: Alomomola
|move|p1a: Alomomola|Flip Turn|p2a: Ogerpon
|-resisted|p2a: Ogerpon
|-damage|p2a: Ogerpon|16/100 brn
|
|t:|1757874089
|switch|p1a: Chesnaught|Chesnaught, M|30/100|[from] Flip Turn
|
|-damage|p2a: Ogerpon|10/100 brn|[from] brn
|upkeep
|turn|29
|
|t:|1757874093
|move|p1a: Chesnaught|Spiky Shield|p1a: Chesnaught
|-singleturn|p1a: Chesnaught|move: Protect
|move|p2a: Ogerpon|Play Rough|p1a: Chesnaught
|-activate|p1a: Chesnaught|move: Protect
|-damage|p2a: Ogerpon|0 fnt|[from] Spiky Shield|[of] p1a: Chesnaught
|faint|p2a: Ogerpon
|detailschange|p2: Ogerpon|Ogerpon-Wellspring, F|[silent]
|
|upkeep
|
|t:|1757874101
|switch|p2a: Gholdengo|Gholdengo|100/100
|turn|30
|
|t:|1757874105
|switch|p1a: Alomomola|Alomomola, F, shiny|100/100
|move|p2a: Gholdengo|Nasty Plot|p2a: Gholdengo
|-boost|p2a: Gholdengo|spa|2
|
|upkeep
|turn|31
|
|t:|1757874109
|move|p2a: Gholdengo|Nasty Plot|p2a: Gholdengo
|-boost|p2a: Gholdengo|spa|2
|move|p1a: Alomomola|Mirror Coat||[still]
|-fail|p1a: Alomomola
|
|upkeep
|turn|32
|inactive|boyboy0410 has 120 seconds left.
|
|t:|1757874140
|switch|p1a: Chesnaught|Chesnaught, M|30/100
|move|p2a: Gholdengo|Nasty Plot|p2a: Gholdengo
|-boost|p2a: Gholdengo|spa|2
|
|upkeep
|turn|33
|
|t:|1757874148
|move|p1a: Chesnaught|Spiky Shield|p1a: Chesnaught
|-singleturn|p1a: Chesnaught|move: Protect
|move|p2a: Gholdengo|Shadow Ball|p1a: Chesnaught
|-activate|p1a: Chesnaught|move: Protect
|
|-sideend|p1: Newt 2099|Reflect
|upkeep
|turn|34
|
|t:|1757874156
|move|p2a: Gholdengo|Shadow Ball|p1a: Chesnaught
|-immune|p1a: Chesnaught|[from] ability: Bulletproof
|move|p1a: Chesnaught|Leech Seed|p2a: Gholdengo
|-immune|p2a: Gholdengo|[from] ability: Good as Gold
|
|upkeep
|turn|35
|inactive|boyboy0410 has 120 seconds left.
|
|t:|1757874165
|move|p2a: Gholdengo|Make It Rain|p1a: Chesnaught
|-damage|p1a: Chesnaught|0 fnt
|-unboost|p2a: Gholdengo|spa|1
|faint|p1a: Chesnaught
|
|upkeep
|
|t:|1757874168
|switch|p1a: Sableye|Sableye, M|9/100
|turn|36
|
|t:|1757874170
|move|p1a: Sableye|Light Screen|p1a: Sableye
|-sidestart|p1: Newt 2099|move: Light Screen
|move|p2a: Gholdengo|Shadow Ball|p1a: Sableye
|-damage|p1a: Sableye|0 fnt
|faint|p1a: Sableye
|
|upkeep
|
|t:|1757874175
|switch|p1a: Alomomola|Alomomola, F, shiny|100/100
|turn|37
|
|t:|1757874178
|move|p2a: Gholdengo|Nasty Plot|p2a: Gholdengo
|-boost|p2a: Gholdengo|spa|1
|move|p1a: Alomomola|Mirror Coat||[still]
|-fail|p1a: Alomomola
|
|upkeep
|turn|38
|
|t:|1757874182
|move|p2a: Gholdengo|Nasty Plot|p2a: Gholdengo
|-boost|p2a: Gholdengo|spa|0
|move|p1a: Alomomola|Mirror Coat||[still]
|-fail|p1a: Alomomola
|
|upkeep
|turn|39
|
|t:|1757874185
|move|p2a: Gholdengo|Nasty Plot|p2a: Gholdengo
|-boost|p2a: Gholdengo|spa|0
|move|p1a: Alomomola|Wish|p1a: Alomomola
|
|upkeep
|turn|40
|
|t:|1757874192
|move|p2a: Gholdengo|Nasty Plot|p2a: Gholdengo
|-boost|p2a: Gholdengo|spa|0
|move|p1a: Alomomola|Mirror Coat||[still]
|-fail|p1a: Alomomola
|
|upkeep
|turn|41
|
|t:|1757874199
|move|p2a: Gholdengo|Nasty Plot|p2a: Gholdengo
|-boost|p2a: Gholdengo|spa|0
|move|p1a: Alomomola|Mirror Coat||[still]
|-fail|p1a: Alomomola
|
|upkeep
|turn|42
|
|t:|1757874202
|move|p2a: Gholdengo|Nasty Plot|p2a: Gholdengo
|-boost|p2a: Gholdengo|spa|0
|move|p1a: Alomomola|Mirror Coat||[still]
|-fail|p1a: Alomomola
|
|upkeep
|turn|43
|
|t:|1757874213
|move|p2a: Gholdengo|Nasty Plot|p2a: Gholdengo
|-boost|p2a: Gholdengo|spa|0
|move|p1a: Alomomola|Mirror Coat||[still]
|-fail|p1a: Alomomola
|
|-sideend|p1: Newt 2099|move: Light Screen
|upkeep
|turn|44
|
|t:|1757874216
|move|p2a: Gholdengo|Shadow Ball|p1a: Alomomola
|-damage|p1a: Alomomola|5/100
|move|p1a: Alomomola|Mirror Coat|p2a: Gholdengo
|-damage|p2a: Gholdengo|0 fnt
|faint|p2a: Gholdengo
|
|-heal|p1a: Alomomola|12/100|[from] item: Leftovers
|upkeep
|c|☆Newt 2099|:)
|inactive|boyboy0410 has 120 seconds left.
|
|t:|1757874249
|switch|p2a: Walking Wake|Walking Wake|100/100
|turn|45
|
|t:|1757874255
|switch|p1a: Chansey|Chansey, F|93/100
|move|p2a: Walking Wake|Tera Blast|p1a: Chansey
|-damage|p1a: Chansey|87/100
|
|upkeep
|turn|46
|
|t:|1757874261
|-end|p2a: Walking Wake|Protosynthesis|[silent]
|switch|p2a: Ceruledge|Ceruledge, F|56/100 par
|switch|p1a: Great Tusk|Great Tusk|94/100
|
|upkeep
|turn|47
|
|t:|1757874271
|move|p1a: Great Tusk|Knock Off|p2a: Ceruledge
|-supereffective|p2a: Ceruledge
|-crit|p2a: Ceruledge
|-damage|p2a: Ceruledge|0 fnt
|-enditem|p2a: Ceruledge|Focus Sash|[from] move: Knock Off|[of] p1a: Great Tusk
|faint|p2a: Ceruledge
|
|upkeep
|
|t:|1757874276
|switch|p2a: Walking Wake|Walking Wake|100/100
|turn|48
|
|t:|1757874279
|-end|p2a: Walking Wake|Protosynthesis|[silent]
|switch|p2a: Lycanroc|Lycanroc, F|100/100
|-end|p1a: Great Tusk|Protosynthesis|[silent]
|switch|p1a: Chansey|Chansey, F|87/100
|
|upkeep
|turn|49
|
|t:|1757874285
|switch|p1a: Alomomola|Alomomola, F, shiny|45/100
|move|p2a: Lycanroc|Swords Dance|p2a: Lycanroc
|-boost|p2a: Lycanroc|atk|2
|
|-heal|p1a: Alomomola|51/100|[from] item: Leftovers
|upkeep
|turn|50
|
|t:|1757874294
|move|p2a: Lycanroc|Stone Edge|p1a: Alomomola
|-damage|p1a: Alomomola|0 fnt
|faint|p1a: Alomomola
|-damage|p2a: Lycanroc|91/100|[from] item: Life Orb
|
|upkeep
|
|t:|1757874297
|switch|p1a: Great Tusk|Great Tusk|94/100
|turn|51
|
|t:|1757874312
|switch|p2a: Walking Wake|Walking Wake|100/100
|move|p1a: Great Tusk|Headlong Rush|p2a: Walking Wake
|-damage|p2a: Walking Wake|28/100
|-unboost|p1a: Great Tusk|def|1
|-unboost|p1a: Great Tusk|spd|1
|
|upkeep
|turn|52
|
|t:|1757874317
|-end|p2a: Walking Wake|Protosynthesis|[silent]
|switch|p2a: Lycanroc|Lycanroc, F|91/100
|-end|p1a: Great Tusk|Protosynthesis|[silent]
|switch|p1a: Chansey|Chansey, F|87/100
|
|upkeep
|turn|53
|
|t:|1757874321
|move|p2a: Lycanroc|Play Rough|p1a: Chansey|[miss]
|-miss|p2a: Lycanroc|p1a: Chansey
|move|p1a: Chansey|Thunder Wave|p2a: Lycanroc
|-status|p2a: Lycanroc|par
|
|upkeep
|turn|54
|
|t:|1757874332
|move|p2a: Lycanroc|Play Rough|p1a: Chansey
|-damage|p1a: Chansey|24/100
|-unboost|p1a: Chansey|atk|1
|-damage|p2a: Lycanroc|81/100 par|[from] item: Life Orb
|move|p1a: Chansey|Seismic Toss|p2a: Lycanroc
|-damage|p2a: Lycanroc|46/100 par
|
|upkeep
|turn|55
|
|t:|1757874343
|move|p2a: Lycanroc|Drill Run|p1a: Chansey
|-damage|p1a: Chansey|0 fnt
|faint|p1a: Chansey
|-damage|p2a: Lycanroc|36/100 par|[from] item: Life Orb
|
|upkeep
|
|t:|1757874346
|switch|p1a: Great Tusk|Great Tusk|94/100
|turn|56
|
|t:|1757874351
|-terastallize|p1a: Great Tusk|Fairy
|move|p1a: Great Tusk|Rapid Spin|p2a: Lycanroc
|-resisted|p2a: Lycanroc
|-damage|p2a: Lycanroc|22/100 par
|-boost|p1a: Great Tusk|spe|1
|move|p2a: Lycanroc|Play Rough|p1a: Great Tusk|[miss]
|-miss|p2a: Lycanroc|p1a: Great Tusk
|
|upkeep
|turn|57
|
|t:|1757874359
|move|p1a: Great Tusk|Rapid Spin|p2a: Lycanroc
|-resisted|p2a: Lycanroc
|-damage|p2a: Lycanroc|8/100 par
|-boost|p1a: Great Tusk|spe|1
|move|p2a: Lycanroc|Stone Edge|p1a: Great Tusk|[miss]
|-miss|p2a: Lycanroc|p1a: Great Tusk
|
|upkeep
|turn|58
|
|t:|1757874365
|move|p1a: Great Tusk|Rapid Spin|p2a: Lycanroc
|-resisted|p2a: Lycanroc
|-damage|p2a: Lycanroc|0 fnt
|-boost|p1a: Great Tusk|spe|1
|faint|p2a: Lycanroc
|
|upkeep
|
|t:|1757874373
|switch|p2a: Walking Wake|Walking Wake|28/100
|turn|59
|
|t:|1757874377
|move|p1a: Great Tusk|Ice Spinner|p2a: Walking Wake
|-damage|p2a: Walking Wake|0 fnt
|faint|p2a: Walking Wake
|-end|p2a: Walking Wake|Protosynthesis|[silent]
|
|win|Newt 2099
|raw|Newt 2099's rating: 1213 &rarr; <strong>1235</strong><br />(+22 for winning)
|raw|boyboy0410's rating: 1173 &rarr; <strong>1151</strong><br />(-22 for losing)
|l|☆boyboy0410
|player|p2|
|l|☆Newt 2099
|player|p1|
