|j|☆downtownclown
|j|☆Litryes
|t:|1757803258
|gametype|singles
|player|p1|downtownclown|102|1355
|player|p2|Litryes|102|1312
|gen|9
|tier|[Gen 9] OU
|rated|
|rule|HP Percentage Mod: HP is shown in percentages
|rule|Endless Battle Clause: Forcing endless battles is banned
|rule|Species Clause: Limit one of each Pokémon
|rule|OHKO Clause: OHKO moves are banned
|rule|Evasion Items Clause: Evasion items are banned
|rule|Evasion Moves Clause: Evasion moves are banned
|rule|Evasion Abilities Clause: Evasion abilities are banned
|rule|Sleep Moves Clause: Sleep-inducing moves are banned
|clearpoke
|poke|p1|Blastoise, F|
|poke|p1|Kyurem|
|poke|p1|Enamorus, F|
|poke|p1|Great Tusk|
|poke|p1|Iron Valiant|
|poke|p1|Dragonite, M|
|poke|p2|Greninja-*, M|
|poke|p2|Delphox, M|
|poke|p2|Chesnaught, M|
|poke|p2|Corviknight, M|
|poke|p2|Dondozo, F|
|poke|p2|Raging Bolt|
|teampreview
|inactive|Battle timer is ON: inactive players will automatically lose when time's up. (requested by downtownclown)
|c|☆Litryes|KALOS FOREVERRRRRR
|
|t:|1757803275
|teamsize|p1|6
|teamsize|p2|6
|start
|switch|p1a: Kyurem|Kyurem|100/100
|switch|p2a: Greninja|Greninja, M|100/100
|-ability|p1a: Kyurem|Pressure
|turn|1
|c|☆Litryes|BLASTOISE A BIHH
|c|☆downtownclown|dont talk bad about my blasty boi
|
|t:|1757803301
|move|p2a: Greninja|U-turn|p1a: Kyurem
|-start|p2a: Greninja|typechange|Bug|[from] ability: Protean
|-damage|p1a: Kyurem|75/100
|-damage|p2a: Greninja|91/100|[from] item: Life Orb
|c|☆Litryes|oh sorry
|
|t:|1757803306
|switch|p2a: Delphox|Delphox, M|100/100|[from] U-turn
|move|p1a: Kyurem|Freeze-Dry|p2a: Delphox
|-resisted|p2a: Delphox
|-damage|p2a: Delphox|77/100
|
|upkeep
|turn|2
|
|t:|1757803316
|move|p2a: Delphox|Psychic|p1a: Kyurem
|-damage|p1a: Kyurem|45/100
|move|p1a: Kyurem|Earth Power|p2a: Delphox
|-supereffective|p2a: Delphox
|-damage|p2a: Delphox|2/100
|
|upkeep
|turn|3
|
|t:|1757803328
|switch|p2a: Raging Bolt|Raging Bolt|100/100
|move|p1a: Kyurem|Freeze-Dry|p2a: Raging Bolt
|-supereffective|p2a: Raging Bolt
|-damage|p2a: Raging Bolt|62/100
|
|upkeep
|turn|4
|
|t:|1757803338
|move|p1a: Kyurem|Freeze-Dry|p2a: Raging Bolt
|-supereffective|p2a: Raging Bolt
|-damage|p2a: Raging Bolt|25/100
|move|p2a: Raging Bolt|Discharge|p1a: Kyurem
|-resisted|p1a: Kyurem
|-damage|p1a: Kyurem|32/100
|
|upkeep
|turn|5
|
|t:|1757803344
|move|p2a: Raging Bolt|Thunderclap|p1a: Kyurem
|-resisted|p1a: Kyurem
|-damage|p1a: Kyurem|19/100
|move|p1a: Kyurem|Freeze-Dry|p2a: Raging Bolt
|-supereffective|p2a: Raging Bolt
|-damage|p2a: Raging Bolt|0 fnt
|faint|p2a: Raging Bolt
|-end|p2a: Raging Bolt|Protosynthesis|[silent]
|
|upkeep
|
|t:|1757803347
|switch|p2a: Greninja|Greninja, M|91/100
|turn|6
|
|t:|1757803352
|move|p2a: Greninja|U-turn|p1a: Kyurem
|-start|p2a: Greninja|typechange|Bug|[from] ability: Protean
|-damage|p1a: Kyurem|0 fnt
|faint|p1a: Kyurem
|-damage|p2a: Greninja|81/100|[from] item: Life Orb
|
|t:|1757803362
|switch|p2a: Delphox|Delphox, M|2/100|[from] U-turn
|
|upkeep
|
|t:|1757803366
|switch|p1a: Iron Valiant|Iron Valiant|100/100
|-enditem|p1a: Iron Valiant|Booster Energy
|-activate|p1a: Iron Valiant|ability: Quark Drive|[fromitem]
|-start|p1a: Iron Valiant|quarkdrivespe
|turn|7
|
|t:|1757803375
|switch|p2a: Corviknight|Corviknight, M|100/100
|move|p1a: Iron Valiant|Spirit Break|p2a: Corviknight
|-resisted|p2a: Corviknight
|-damage|p2a: Corviknight|89/100
|-ability|p2a: Corviknight|Mirror Armor
|-unboost|p1a: Iron Valiant|spa|1
|-damage|p1a: Iron Valiant|84/100|[from] item: Rocky Helmet|[of] p2a: Corviknight
|
|upkeep
|turn|8
|
|t:|1757803385
|move|p1a: Iron Valiant|Swords Dance|p1a: Iron Valiant
|-boost|p1a: Iron Valiant|atk|2
|move|p2a: Corviknight|Brave Bird|p1a: Iron Valiant
|-supereffective|p1a: Iron Valiant
|-damage|p1a: Iron Valiant|0 fnt
|faint|p1a: Iron Valiant
|-end|p1a: Iron Valiant|Quark Drive|[silent]
|-damage|p2a: Corviknight|69/100|[from] Recoil
|
|upkeep
|
|t:|1757803392
|switch|p1a: Enamorus|Enamorus, F|100/100
|turn|9
|
|t:|1757803395
|move|p1a: Enamorus|Mystical Fire|p2a: Corviknight
|-supereffective|p2a: Corviknight
|-damage|p2a: Corviknight|0 fnt
|faint|p2a: Corviknight
|-damage|p1a: Enamorus|91/100|[from] item: Life Orb
|
|upkeep
|
|t:|1757803399
|switch|p2a: Greninja|Greninja, M|81/100
|turn|10
|
|t:|1757803404
|switch|p1a: Blastoise|Blastoise, F|100/100
|move|p2a: Greninja|Ice Beam|p1a: Blastoise
|-start|p2a: Greninja|typechange|Ice|[from] ability: Protean
|-resisted|p1a: Blastoise
|-damage|p1a: Blastoise|74/100
|-damage|p2a: Greninja|71/100|[from] item: Life Orb
|
|upkeep
|turn|11
|
|t:|1757803413
|move|p2a: Greninja|U-turn|p1a: Blastoise
|-damage|p1a: Blastoise|53/100
|-damage|p2a: Greninja|61/100|[from] item: Life Orb
|
|t:|1757803415
|switch|p2a: Dondozo|Dondozo, F|100/100|[from] U-turn
|move|p1a: Blastoise|Aura Sphere|p2a: Dondozo
|-damage|p2a: Dondozo|80/100
|
|-heal|p2a: Dondozo|86/100|[from] item: Leftovers
|upkeep
|turn|12
|
|t:|1757803425
|move|p1a: Blastoise|Aura Sphere|p2a: Dondozo
|-damage|p2a: Dondozo|63/100
|move|p2a: Dondozo|Wave Crash|p1a: Blastoise
|-resisted|p1a: Blastoise
|-damage|p1a: Blastoise|19/100
|-damage|p2a: Dondozo|56/100|[from] Recoil
|
|-heal|p2a: Dondozo|63/100|[from] item: Leftovers
|upkeep
|turn|13
|
|t:|1757803434
|move|p1a: Blastoise|Surf|p2a: Dondozo
|-resisted|p2a: Dondozo
|-damage|p2a: Dondozo|34/100
|move|p2a: Dondozo|Earthquake|p1a: Blastoise
|-damage|p1a: Blastoise|0 fnt
|faint|p1a: Blastoise
|
|-heal|p2a: Dondozo|40/100|[from] item: Leftovers
|upkeep
|
|t:|1757803446
|switch|p1a: Enamorus|Enamorus, F|91/100
|turn|14
|
|t:|1757803449
|move|p1a: Enamorus|Moonblast|p2a: Dondozo
|-damage|p2a: Dondozo|0 fnt
|faint|p2a: Dondozo
|-damage|p1a: Enamorus|81/100|[from] item: Life Orb
|
|upkeep
|
|t:|1757803455
|switch|p2a: Greninja|Greninja, M|61/100
|turn|15
|
|t:|1757803461
|switch|p1a: Dragonite|Dragonite, M|100/100
|move|p2a: Greninja|Ice Beam|p1a: Dragonite
|-start|p2a: Greninja|typechange|Ice|[from] ability: Protean
|-supereffective|p1a: Dragonite
|-damage|p1a: Dragonite|0 fnt
|faint|p1a: Dragonite
|-damage|p2a: Greninja|51/100|[from] item: Life Orb
|
|upkeep
|c|☆downtownclown|wow, color me surprised with multiscale
|inactive|downtownclown has 120 seconds left.
|
|t:|1757803498
|switch|p1a: Great Tusk|Great Tusk|100/100
|-enditem|p1a: Great Tusk|Booster Energy
|-activate|p1a: Great Tusk|ability: Protosynthesis|[fromitem]
|-start|p1a: Great Tusk|protosynthesisatk
|turn|16
|inactive|downtownclown has 120 seconds left.
|c|☆Litryes|life orb, protean, and modest gren? its an ohko
|inactive|Litryes has 120 seconds left.
|
|t:|1757803530
|-terastallize|p1a: Great Tusk|Dark
|move|p2a: Greninja|U-turn|p1a: Great Tusk
|-supereffective|p1a: Great Tusk
|-damage|p1a: Great Tusk|72/100
|-damage|p2a: Greninja|42/100|[from] item: Life Orb
|inactive|Litryes has 120 seconds left.
|
|t:|1757803537
|switch|p2a: Chesnaught|Chesnaught, M|100/100|[from] U-turn
|move|p1a: Great Tusk|Rapid Spin|p2a: Chesnaught
|-damage|p2a: Chesnaught|87/100
|-boost|p1a: Great Tusk|spe|1
|
|-heal|p2a: Chesnaught|93/100|[from] item: Leftovers
|upkeep
|turn|17
|c|☆Litryes|EZ READ
|
|t:|1757803545
|move|p1a: Great Tusk|Knock Off|p2a: Chesnaught
|-resisted|p2a: Chesnaught
|-damage|p2a: Chesnaught|75/100
|-enditem|p2a: Chesnaught|Leftovers|[from] move: Knock Off|[of] p1a: Great Tusk
|move|p2a: Chesnaught|Substitute|p2a: Chesnaught
|-start|p2a: Chesnaught|Substitute
|-damage|p2a: Chesnaught|50/100
|
|upkeep
|turn|18
|inactive|downtownclown has 120 seconds left.
|
|t:|1757803567
|move|p1a: Great Tusk|Close Combat|p2a: Chesnaught
|-end|p2a: Chesnaught|Substitute
|-unboost|p1a: Great Tusk|def|1
|-unboost|p1a: Great Tusk|spd|1
|move|p2a: Chesnaught|Leech Seed|p1a: Great Tusk
|-start|p1a: Great Tusk|move: Leech Seed
|
|-damage|p1a: Great Tusk|59/100|[from] Leech Seed|[of] p2a: Chesnaught
|-heal|p2a: Chesnaught|62/100|[silent]
|upkeep
|turn|19
|
|t:|1757803575
|move|p2a: Chesnaught|Spiky Shield|p2a: Chesnaught
|-singleturn|p2a: Chesnaught|move: Protect
|move|p1a: Great Tusk|Close Combat|p2a: Chesnaught
|-activate|p2a: Chesnaught|move: Protect
|-damage|p1a: Great Tusk|47/100|[from] Spiky Shield|[of] p2a: Chesnaught
|
|-damage|p1a: Great Tusk|34/100|[from] Leech Seed|[of] p2a: Chesnaught
|-heal|p2a: Chesnaught|74/100|[silent]
|upkeep
|turn|20
|
|t:|1757803593
|move|p2a: Chesnaught|Spiky Shield|p2a: Chesnaught
|-singleturn|p2a: Chesnaught|move: Protect
|move|p1a: Great Tusk|Close Combat|p2a: Chesnaught
|-activate|p2a: Chesnaught|move: Protect
|-damage|p1a: Great Tusk|22/100|[from] Spiky Shield|[of] p2a: Chesnaught
|
|-damage|p1a: Great Tusk|10/100|[from] Leech Seed|[of] p2a: Chesnaught
|-heal|p2a: Chesnaught|87/100|[silent]
|upkeep
|turn|21
|c|☆Litryes|YES
|
|t:|1757803602
|move|p1a: Great Tusk|Close Combat|p2a: Chesnaught
|-damage|p2a: Chesnaught|44/100
|-unboost|p1a: Great Tusk|def|1
|-unboost|p1a: Great Tusk|spd|1
|move|p2a: Chesnaught|Substitute|p2a: Chesnaught
|-start|p2a: Chesnaught|Substitute
|-damage|p2a: Chesnaught|19/100
|
|-damage|p1a: Great Tusk|0 fnt|[from] Leech Seed|[of] p2a: Chesnaught
|-heal|p2a: Chesnaught|28/100|[silent]
|faint|p1a: Great Tusk
|-end|p1a: Great Tusk|Protosynthesis|[silent]
|upkeep
|
|t:|1757803612
|switch|p1a: Enamorus|Enamorus, F|81/100
|turn|22
|
|t:|1757803617
|move|p1a: Enamorus|Moonblast|p2a: Chesnaught
|-supereffective|p2a: Chesnaught
|-end|p2a: Chesnaught|Substitute
|-damage|p1a: Enamorus|71/100|[from] item: Life Orb
|move|p2a: Chesnaught|Leech Seed|p1a: Enamorus
|-start|p1a: Enamorus|move: Leech Seed
|
|-damage|p1a: Enamorus|59/100|[from] Leech Seed|[of] p2a: Chesnaught
|-heal|p2a: Chesnaught|37/100|[silent]
|upkeep
|turn|23
|
|t:|1757803625
|move|p2a: Chesnaught|Spiky Shield|p2a: Chesnaught
|-singleturn|p2a: Chesnaught|move: Protect
|move|p1a: Enamorus|Moonblast|p2a: Chesnaught
|-activate|p2a: Chesnaught|move: Protect
|
|-damage|p1a: Enamorus|47/100|[from] Leech Seed|[of] p2a: Chesnaught
|-heal|p2a: Chesnaught|47/100|[silent]
|upkeep
|turn|24
|
|t:|1757803633
|-terastallize|p2a: Chesnaught|Steel
|move|p1a: Enamorus|Moonblast|p2a: Chesnaught
|-resisted|p2a: Chesnaught
|-damage|p2a: Chesnaught|8/100
|-damage|p1a: Enamorus|37/100|[from] item: Life Orb
|move|p2a: Chesnaught|Substitute|p2a: Chesnaught
|-fail|p2a: Chesnaught|move: Substitute|[weak]
|
|-damage|p1a: Enamorus|24/100|[from] Leech Seed|[of] p2a: Chesnaught
|-heal|p2a: Chesnaught|17/100|[silent]
|upkeep
|turn|25
|c|☆Litryes|teehee
|
|t:|1757803643
|move|p2a: Chesnaught|Spiky Shield|p2a: Chesnaught
|-singleturn|p2a: Chesnaught|move: Protect
|move|p1a: Enamorus|Mystical Fire|p2a: Chesnaught
|-activate|p2a: Chesnaught|move: Protect
|
|-damage|p1a: Enamorus|12/100|[from] Leech Seed|[of] p2a: Chesnaught
|-heal|p2a: Chesnaught|27/100|[silent]
|upkeep
|turn|26
|
|t:|1757803650
|move|p2a: Chesnaught|Spiky Shield|p2a: Chesnaught
|-singleturn|p2a: Chesnaught|move: Protect
|move|p1a: Enamorus|Mystical Fire|p2a: Chesnaught
|-activate|p2a: Chesnaught|move: Protect
|
|-damage|p1a: Enamorus|0 fnt|[from] Leech Seed|[of] p2a: Chesnaught
|-heal|p2a: Chesnaught|35/100|[silent]
|faint|p1a: Enamorus
|
|win|Litryes
|raw|downtownclown's rating: 1355 &rarr; <strong>1333</strong><br />(-22 for losing)
|raw|Litryes's rating: 1312 &rarr; <strong>1334</strong><br />(+22 for winning)
|l|☆downtownclown
|player|p1|
|c|☆Litryes|OMGGGG
|c|☆Litryes|GGS
