|j|☆R687
|j|☆jjjkd
|t:|1757952663
|gametype|singles
|player|p1|R687|unknown|1091
|player|p2|jjjkd|170|1092
|gen|9
|tier|[Gen 9] OU
|rated|
|rule|HP Percentage Mod: HP is shown in percentages
|rule|Endless Battle Clause: Forcing endless battles is banned
|rule|Species Clause: Limit one of each Pokémon
|rule|OHKO Clause: OHKO moves are banned
|rule|Evasion Items Clause: Evasion items are banned
|rule|Evasion Moves Clause: Evasion moves are banned
|rule|Evasion Abilities Clause: Evasion abilities are banned
|rule|Sleep Moves Clause: Sleep-inducing moves are banned
|clearpoke
|poke|p1|Mudsdale, F|
|poke|p1|Espeon, F|
|poke|p1|Tentacruel, F|
|poke|p1|Thundurus-Therian, M|
|poke|p1|Klawf, F|
|poke|p1|Ceruledge, F|
|poke|p2|Scizor, F|
|poke|p2|Zapdos|
|poke|p2|Tyranitar, F|
|poke|p2|Excadrill, F|
|poke|p2|Toxapex, F|
|poke|p2|Gliscor, M|
|teampreview
|
|t:|1757952680
|teamsize|p1|6
|teamsize|p2|6
|start
|switch|p1a: No|Espeon, F|100/100
|switch|p2a: Tyranitar|Tyranitar, F|100/100
|-weather|Sandstorm|[from] ability: Sand Stream|[of] p2a: Tyranitar
|turn|1
|
|t:|1757952687
|move|p1a: No|Reflect|p1a: No
|-sidestart|p1: R687|Reflect
|move|p2a: Tyranitar|Thunder Wave|p1a: No
|move|p1a: No|Thunder Wave|p2a: Tyranitar|[from] ability: Magic Bounce
|-status|p2a: Tyranitar|par
|
|-weather|Sandstorm|[upkeep]
|-damage|p1a: No|95/100|[from] Sandstorm
|upkeep
|turn|2
|
|t:|1757952697
|switch|p2a: Gliscor|Gliscor, M|100/100
|move|p1a: No|Light Screen|p1a: No
|-sidestart|p1: R687|move: Light Screen
|
|-weather|Sandstorm|[upkeep]
|-damage|p1a: No|89/100|[from] Sandstorm
|-status|p2a: Gliscor|tox|[from] item: Toxic Orb
|upkeep
|turn|3
|
|t:|1757952706
|move|p1a: No|Psychic|p2a: Gliscor
|-damage|p2a: Gliscor|41/100 tox
|move|p2a: Gliscor|Knock Off|p1a: No
|-supereffective|p1a: No
|-crit|p1a: No
|-damage|p1a: No|0 fnt
|-enditem|p1a: No|Light Clay|[from] move: Knock Off|[of] p2a: Gliscor
|faint|p1a: No
|
|-weather|Sandstorm|[upkeep]
|-heal|p2a: Gliscor|53/100 tox|[from] ability: Poison Heal
|upkeep
|
|t:|1757952716
|switch|p1a: The DALE|Mudsdale, F|100/100
|turn|4
|
|t:|1757952727
|move|p2a: Gliscor|Toxic Spikes|p1a: The DALE
|-sidestart|p1: R687|move: Toxic Spikes
|move|p1a: The DALE|Iron Defense|p1a: The DALE
|-boost|p1a: The DALE|def|2
|
|-weather|Sandstorm|[upkeep]
|-heal|p2a: Gliscor|66/100 tox|[from] ability: Poison Heal
|upkeep
|turn|5
|
|t:|1757952748
|switch|p2a: Toxapex|Toxapex, F|100/100
|move|p1a: The DALE|Body Press|p2a: Toxapex
|-resisted|p2a: Toxapex
|-damage|p2a: Toxapex|79/100
|
|-weather|Sandstorm|[upkeep]
|-damage|p2a: Toxapex|73/100|[from] Sandstorm
|-heal|p2a: Toxapex|79/100|[from] item: Leftovers
|upkeep
|turn|6
|
|t:|1757952759
|move|p2a: Toxapex|Toxic|p1a: The DALE
|-status|p1a: The DALE|tox
|move|p1a: The DALE|Earthquake|p2a: Toxapex
|-supereffective|p2a: Toxapex
|-damage|p2a: Toxapex|0 fnt
|faint|p2a: Toxapex
|
|-weather|Sandstorm|[upkeep]
|-damage|p1a: The DALE|94/100 tox|[from] psn
|upkeep
|
|t:|1757952769
|switch|p2a: Gliscor|Gliscor, M|66/100 tox
|turn|7
|
|t:|1757952774
|move|p2a: Gliscor|Protect|p2a: Gliscor
|-singleturn|p2a: Gliscor|Protect
|move|p1a: The DALE|Body Press|p2a: Gliscor
|-activate|p2a: Gliscor|move: Protect
|
|-weather|Sandstorm|[upkeep]
|-heal|p1a: The DALE|100/100 tox|[from] item: Leftovers
|-heal|p2a: Gliscor|78/100 tox|[from] ability: Poison Heal
|-damage|p1a: The DALE|88/100 tox|[from] psn
|upkeep
|turn|8
|
|t:|1757952786
|move|p2a: Gliscor|Taunt|p1a: The DALE
|-start|p1a: The DALE|move: Taunt
|move|p1a: The DALE|Body Press|p2a: Gliscor
|-resisted|p2a: Gliscor
|-damage|p2a: Gliscor|62/100 tox
|
|-weather|none
|-heal|p1a: The DALE|94/100 tox|[from] item: Leftovers
|-heal|p2a: Gliscor|75/100 tox|[from] ability: Poison Heal
|-damage|p1a: The DALE|76/100 tox|[from] psn
|-sideend|p1: R687|Reflect
|upkeep
|turn|9
|
|t:|1757952800
|move|p2a: Gliscor|Toxic Spikes|p1a: The DALE
|-sidestart|p1: R687|move: Toxic Spikes
|move|p1a: The DALE|Body Press|p2a: Gliscor
|-resisted|p2a: Gliscor
|-damage|p2a: Gliscor|58/100 tox
|
|-heal|p1a: The DALE|82/100 tox|[from] item: Leftovers
|-heal|p2a: Gliscor|70/100 tox|[from] ability: Poison Heal
|-damage|p1a: The DALE|57/100 tox|[from] psn
|-sideend|p1: R687|move: Light Screen
|upkeep
|turn|10
|
|t:|1757952809
|move|p2a: Gliscor|Knock Off|p1a: The DALE
|-damage|p1a: The DALE|49/100 tox
|-ability|p1a: The DALE|Stamina|boost
|-boost|p1a: The DALE|def|1
|-enditem|p1a: The DALE|Leftovers|[from] move: Knock Off|[of] p2a: Gliscor
|move|p1a: The DALE|Body Press|p2a: Gliscor
|-resisted|p2a: Gliscor
|-damage|p2a: Gliscor|49/100 tox
|
|-heal|p2a: Gliscor|62/100 tox|[from] ability: Poison Heal
|-damage|p1a: The DALE|18/100 tox|[from] psn
|-end|p1a: The DALE|move: Taunt
|upkeep
|turn|11
|
|t:|1757952822
|move|p2a: Gliscor|Protect|p2a: Gliscor
|-singleturn|p2a: Gliscor|Protect
|move|p1a: The DALE|Body Press|p2a: Gliscor
|-activate|p2a: Gliscor|move: Protect
|
|-heal|p2a: Gliscor|74/100 tox|[from] ability: Poison Heal
|-damage|p1a: The DALE|0 fnt|[from] psn
|faint|p1a: The DALE
|upkeep
|
|t:|1757952833
|switch|p1a: No 2|Tentacruel, F|100/100
|-sideend|p1: R687|move: Toxic Spikes|[of] p1a: No 2
|turn|12
|
|t:|1757952844
|switch|p2a: Tyranitar|Tyranitar, F|100/100 par
|-weather|Sandstorm|[from] ability: Sand Stream|[of] p2a: Tyranitar
|move|p1a: No 2|Surf|p2a: Tyranitar
|-supereffective|p2a: Tyranitar
|-damage|p2a: Tyranitar|52/100 par
|
|-weather|Sandstorm|[upkeep]
|-damage|p1a: No 2|95/100|[from] Sandstorm
|upkeep
|turn|13
|
|t:|1757952852
|move|p1a: No 2|Surf|p2a: Tyranitar
|-supereffective|p2a: Tyranitar
|-damage|p2a: Tyranitar|3/100 par
|move|p2a: Tyranitar|Thunder Wave|p1a: No 2
|-status|p1a: No 2|par
|
|-weather|Sandstorm|[upkeep]
|-damage|p1a: No 2|89/100 par|[from] Sandstorm
|upkeep
|turn|14
|
|t:|1757952860
|cant|p1a: No 2|par
|move|p2a: Tyranitar|Ice Punch|p1a: No 2
|-resisted|p1a: No 2
|-damage|p1a: No 2|66/100 par
|
|-weather|Sandstorm|[upkeep]
|-damage|p1a: No 2|60/100 par|[from] Sandstorm
|upkeep
|turn|15
|
|t:|1757952867
|move|p1a: No 2|Sludge Wave|p2a: Tyranitar
|-resisted|p2a: Tyranitar
|-crit|p2a: Tyranitar
|-damage|p2a: Tyranitar|0 fnt
|faint|p2a: Tyranitar
|
|-weather|Sandstorm|[upkeep]
|-damage|p1a: No 2|54/100 par|[from] Sandstorm
|upkeep
|
|t:|1757952869
|switch|p2a: Zapdos|Zapdos|100/100
|turn|16
|
|t:|1757952878
|-terastallize|p2a: Zapdos|Electric
|move|p2a: Zapdos|Thunderbolt|p1a: No 2
|-supereffective|p1a: No 2
|-damage|p1a: No 2|0 fnt
|faint|p1a: No 2
|
|-weather|Sandstorm|[upkeep]
|-damage|p2a: Zapdos|94/100|[from] Sandstorm
|-heal|p2a: Zapdos|100/100|[from] item: Leftovers
|upkeep
|
|t:|1757952905
|switch|p1a: Its funny(The Ace)|Klawf, F|100/100
|turn|17
|
|t:|1757952914
|move|p2a: Zapdos|Volt Switch|p1a: Its funny(The Ace)
|-damage|p1a: Its funny(The Ace)|44/100
|-ability|p1a: Its funny(The Ace)|Anger Shell|boost
|-boost|p1a: Its funny(The Ace)|atk|1
|-boost|p1a: Its funny(The Ace)|spa|1
|-boost|p1a: Its funny(The Ace)|spe|1
|-unboost|p1a: Its funny(The Ace)|def|1
|-unboost|p1a: Its funny(The Ace)|spd|1
|
|t:|1757952921
|switch|p2a: Excadrill|Excadrill, F|100/100|[from] Volt Switch
|move|p1a: Its funny(The Ace)|Swords Dance|p1a: Its funny(The Ace)
|-boost|p1a: Its funny(The Ace)|atk|2
|
|-weather|Sandstorm|[upkeep]
|upkeep
|turn|18
|
|t:|1757952930
|move|p2a: Excadrill|Iron Head|p1a: Its funny(The Ace)
|-supereffective|p1a: Its funny(The Ace)
|-damage|p1a: Its funny(The Ace)|0 fnt
|faint|p1a: Its funny(The Ace)
|
|-weather|Sandstorm|[upkeep]
|upkeep
|
|t:|1757952937
|switch|p1a: Thundurus|Thundurus-Therian, M|100/100
|turn|19
|
|t:|1757952944
|move|p2a: Excadrill|Iron Head|p1a: Thundurus
|-resisted|p1a: Thundurus
|-damage|p1a: Thundurus|64/100
|move|p1a: Thundurus|Grass Knot|p2a: Excadrill
|-damage|p2a: Excadrill|65/100
|
|-weather|none
|upkeep
|turn|20
|
|t:|1757952957
|switch|p2a: Scizor|Scizor, F|100/100
|move|p1a: Thundurus|Grass Knot|p2a: Scizor
|-resisted|p2a: Scizor
|-crit|p2a: Scizor
|-damage|p2a: Scizor|77/100
|
|-heal|p2a: Scizor|83/100|[from] item: Leftovers
|upkeep
|turn|21
|
|t:|1757952968
|move|p2a: Scizor|Bullet Punch|p1a: Thundurus
|-resisted|p1a: Thundurus
|-damage|p1a: Thundurus|39/100
|move|p1a: Thundurus|Thunderbolt|p2a: Scizor
|-damage|p2a: Scizor|7/100
|
|-heal|p2a: Scizor|13/100|[from] item: Leftovers
|upkeep
|turn|22
|
|t:|1757952993
|move|p2a: Scizor|Bullet Punch|p1a: Thundurus
|-resisted|p1a: Thundurus
|-damage|p1a: Thundurus|11/100
|move|p1a: Thundurus|Thunderbolt|p2a: Scizor
|-damage|p2a: Scizor|0 fnt
|faint|p2a: Scizor
|
|upkeep
|
|t:|1757953002
|switch|p2a: Gliscor|Gliscor, M|74/100 tox
|turn|23
|
|t:|1757953013
|move|p1a: Thundurus|Grass Knot|p2a: Gliscor
|-damage|p2a: Gliscor|45/100 tox
|move|p2a: Gliscor|Toxic Spikes|p1a: Thundurus
|-sidestart|p1: R687|move: Toxic Spikes
|
|-heal|p2a: Gliscor|58/100 tox|[from] ability: Poison Heal
|upkeep
|turn|24
|
|t:|1757953020
|move|p1a: Thundurus|Grass Knot|p2a: Gliscor
|-damage|p2a: Gliscor|26/100 tox
|move|p2a: Gliscor|Knock Off|p1a: Thundurus
|-damage|p1a: Thundurus|0 fnt
|-enditem|p1a: Thundurus|Expert Belt|[from] move: Knock Off|[of] p2a: Gliscor
|faint|p1a: Thundurus
|
|-heal|p2a: Gliscor|38/100 tox|[from] ability: Poison Heal
|upkeep
|
|t:|1757953029
|switch|p1a: Not the ace|Ceruledge, F|100/100
|-status|p1a: Not the ace|psn
|turn|25
|
|t:|1757953035
|move|p2a: Gliscor|Protect|p2a: Gliscor
|-singleturn|p2a: Gliscor|Protect
|move|p1a: Not the ace|Swords Dance|p1a: Not the ace
|-boost|p1a: Not the ace|atk|2
|
|-damage|p1a: Not the ace|88/100 psn|[from] psn
|-heal|p2a: Gliscor|51/100 tox|[from] ability: Poison Heal
|upkeep
|turn|26
|
|t:|1757953043
|move|p1a: Not the ace|Bitter Blade|p2a: Gliscor
|-damage|p2a: Gliscor|0 fnt
|-heal|p1a: Not the ace|100/100 psn|[from] drain|[of] p2a: Gliscor
|faint|p2a: Gliscor
|
|-damage|p1a: Not the ace|88/100 psn|[from] psn
|upkeep
|
|t:|1757953049
|switch|p2a: Excadrill|Excadrill, F|65/100
|turn|27
|
|t:|1757953060
|move|p2a: Excadrill|Swords Dance|p2a: Excadrill
|-boost|p2a: Excadrill|atk|2
|move|p1a: Not the ace|Bitter Blade|p2a: Excadrill
|-supereffective|p2a: Excadrill
|-damage|p2a: Excadrill|0 fnt
|-heal|p1a: Not the ace|100/100 psn|[from] drain|[of] p2a: Excadrill
|faint|p2a: Excadrill
|
|-damage|p1a: Not the ace|88/100 psn|[from] psn
|upkeep
|
|t:|1757953063
|switch|p2a: Zapdos|Zapdos, tera:Electric|100/100
|turn|28
|
|t:|1757953073
|move|p2a: Zapdos|Thunderbolt|p1a: Not the ace
|-damage|p1a: Not the ace|20/100 psn
|move|p1a: Not the ace|Bitter Blade|p2a: Zapdos
|-damage|p2a: Zapdos|0 fnt
|-heal|p1a: Not the ace|75/100 psn|[from] drain|[of] p2a: Zapdos
|faint|p2a: Zapdos
|
|win|R687
|raw|R687's rating: 1091 &rarr; <strong>1117</strong><br />(+26 for winning)
|raw|jjjkd's rating: 1092 &rarr; <strong>1068</strong><br />(-24 for losing)
|l|☆jjjkd
|player|p2|
|l|☆R687
|player|p1|
