|j|☆SpyXlive
|j|☆kaspairs
|t:|1757902783
|gametype|singles
|player|p1|SpyXlive|red|1144
|player|p2|kaspairs|veteran|1180
|gen|9
|tier|[Gen 9] OU
|rated|
|rule|HP Percentage Mod: HP is shown in percentages
|rule|Endless Battle Clause: Forcing endless battles is banned
|rule|Species Clause: Limit one of each Pokémon
|rule|OHKO Clause: OHKO moves are banned
|rule|Evasion Items Clause: Evasion items are banned
|rule|Evasion Moves Clause: Evasion moves are banned
|rule|Evasion Abilities Clause: Evasion abilities are banned
|rule|Sleep Moves Clause: Sleep-inducing moves are banned
|clearpoke
|poke|p1|Pecharunt|
|poke|p1|Moltres|
|poke|p1|Gastrodon-East, F|
|poke|p1|Iron Hands|
|poke|p1|Iron Treads|
|poke|p1|Dragapult, F|
|poke|p2|Umbreon, M|
|poke|p2|Glimmora, M|
|poke|p2|Iron Moth|
|poke|p2|Gholdengo|
|poke|p2|Dragonite, F|
|poke|p2|Garchomp, M|
|teampreview
|
|t:|1757902790
|teamsize|p1|6
|teamsize|p2|6
|start
|switch|p1a: Pecharunt|Pecharunt|100/100
|switch|p2a: Kwasp|Umbreon, M|100/100
|turn|1
|
|t:|1757902798
|move|p1a: Pecharunt|Malignant Chain|p2a: Kwasp
|-damage|p2a: Kwasp|85/100
|move|p2a: Kwasp|Thunder Wave|p1a: Pecharunt
|-status|p1a: Pecharunt|par
|
|-heal|p2a: Kwasp|91/100|[from] item: Leftovers
|upkeep
|turn|2
|
|t:|1757902806
|move|p2a: Kwasp|Foul Play|p1a: Pecharunt
|-supereffective|p1a: Pecharunt
|-damage|p1a: Pecharunt|77/100 par
|move|p1a: Pecharunt|Malignant Chain|p2a: Kwasp
|-damage|p2a: Kwasp|75/100
|-status|p2a: Kwasp|tox
|-start|p2a: Kwasp|confusion|[from] ability: Poison Puppeteer|[of] p1a: Pecharunt
|
|-heal|p2a: Kwasp|81/100 tox|[from] item: Leftovers
|-heal|p1a: Pecharunt|83/100 par|[from] item: Leftovers
|-damage|p2a: Kwasp|75/100 tox|[from] psn
|upkeep
|turn|3
|
|t:|1757902818
|-activate|p2a: Kwasp|confusion
|move|p2a: Kwasp|Foul Play|p1a: Pecharunt
|-supereffective|p1a: Pecharunt
|-damage|p1a: Pecharunt|63/100 par
|cant|p1a: Pecharunt|par
|
|-heal|p2a: Kwasp|81/100 tox|[from] item: Leftovers
|-heal|p1a: Pecharunt|69/100 par|[from] item: Leftovers
|-damage|p2a: Kwasp|68/100 tox|[from] psn
|upkeep
|turn|4
|
|t:|1757902826
|-activate|p2a: Kwasp|confusion
|-damage|p2a: Kwasp|65/100 tox|[from] confusion
|move|p1a: Pecharunt|Nasty Plot|p1a: Pecharunt
|-boost|p1a: Pecharunt|spa|2
|
|-heal|p2a: Kwasp|71/100 tox|[from] item: Leftovers
|-heal|p1a: Pecharunt|75/100 par|[from] item: Leftovers
|-damage|p2a: Kwasp|53/100 tox|[from] psn
|upkeep
|turn|5
|
|t:|1757902843
|switch|p2a: éklaté|Glimmora, M|100/100
|move|p1a: Pecharunt|Nasty Plot|p1a: Pecharunt
|-boost|p1a: Pecharunt|spa|2
|
|-heal|p1a: Pecharunt|82/100 par|[from] item: Leftovers
|upkeep
|turn|6
|
|t:|1757902880
|-terastallize|p1a: Pecharunt|Normal
|move|p2a: éklaté|Earth Power|p1a: Pecharunt
|-damage|p1a: Pecharunt|48/100 par
|move|p1a: Pecharunt|Shadow Ball|p2a: éklaté
|-damage|p2a: éklaté|4/100
|
|-heal|p1a: Pecharunt|54/100 par|[from] item: Leftovers
|upkeep
|turn|7
|
|t:|1757902891
|move|p2a: éklaté|Sludge Wave|p1a: Pecharunt
|-damage|p1a: Pecharunt|8/100 par
|move|p1a: Pecharunt|Recover|p1a: Pecharunt
|-heal|p1a: Pecharunt|58/100 par
|
|-heal|p1a: Pecharunt|64/100 par|[from] item: Leftovers
|upkeep
|turn|8
|
|t:|1757902903
|move|p2a: éklaté|Sludge Wave|p1a: Pecharunt
|-damage|p1a: Pecharunt|17/100 par
|move|p1a: Pecharunt|Shadow Ball|p2a: éklaté
|-damage|p2a: éklaté|0 fnt
|faint|p2a: éklaté
|
|-heal|p1a: Pecharunt|23/100 par|[from] item: Leftovers
|upkeep
|
|t:|1757902911
|switch|p2a: Kwasp|Umbreon, M|53/100 tox
|turn|9
|
|t:|1757902923
|switch|p2a: Ptite piece|Gholdengo|100/100
|move|p1a: Pecharunt|Recover|p1a: Pecharunt
|-heal|p1a: Pecharunt|73/100 par
|
|-heal|p1a: Pecharunt|79/100 par|[from] item: Leftovers
|upkeep
|turn|10
|
|t:|1757902938
|-terastallize|p2a: Ptite piece|Flying
|move|p2a: Ptite piece|Make It Rain|p1a: Pecharunt
|-damage|p1a: Pecharunt|10/100 par
|-unboost|p2a: Ptite piece|spa|1
|move|p1a: Pecharunt|Shadow Ball|p2a: Ptite piece
|-damage|p2a: Ptite piece|6/100
|
|-heal|p1a: Pecharunt|16/100 par|[from] item: Leftovers
|upkeep
|turn|11
|
|t:|1757902949
|move|p2a: Ptite piece|Make It Rain|p1a: Pecharunt
|-damage|p1a: Pecharunt|0 fnt
|-unboost|p2a: Ptite piece|spa|1
|faint|p1a: Pecharunt
|
|upkeep
|
|t:|1757902961
|switch|p1a: Iron Hands|Iron Hands|100/100
|turn|12
|
|t:|1757902967
|switch|p2a: Kwasp|Umbreon, M|53/100 tox
|move|p1a: Iron Hands|Swords Dance|p1a: Iron Hands
|-boost|p1a: Iron Hands|atk|2
|
|-heal|p2a: Kwasp|59/100 tox|[from] item: Leftovers
|-damage|p2a: Kwasp|53/100 tox|[from] psn
|upkeep
|turn|13
|
|t:|1757902976
|move|p2a: Kwasp|Thunder Wave|p1a: Iron Hands
|-immune|p1a: Iron Hands
|move|p1a: Iron Hands|Drain Punch|p2a: Kwasp
|-supereffective|p2a: Kwasp
|-damage|p2a: Kwasp|0 fnt
|faint|p2a: Kwasp
|
|upkeep
|
|t:|1757902984
|switch|p2a: Fite-de-Ber|Iron Moth|100/100
|-enditem|p2a: Fite-de-Ber|Booster Energy
|-activate|p2a: Fite-de-Ber|ability: Quark Drive|[fromitem]
|-start|p2a: Fite-de-Ber|quarkdrivespe
|turn|14
|
|t:|1757902992
|move|p2a: Fite-de-Ber|Fiery Dance|p1a: Iron Hands
|-damage|p1a: Iron Hands|63/100
|move|p1a: Iron Hands|Thunder Punch|p2a: Fite-de-Ber
|-damage|p2a: Fite-de-Ber|0 fnt
|faint|p2a: Fite-de-Ber
|-end|p2a: Fite-de-Ber|Quark Drive|[silent]
|
|upkeep
|
|t:|1757902999
|switch|p2a: Ptite piece|Gholdengo, tera:Flying|6/100
|turn|15
|
|t:|1757903005
|-end|p1a: Iron Hands|Quark Drive|[silent]
|switch|p1a: Gastrodon|Gastrodon-East, F|100/100
|move|p2a: Ptite piece|Trick|p1a: Gastrodon
|-activate|p2a: Ptite piece|move: Trick|[of] p1a: Gastrodon
|-item|p1a: Gastrodon|Choice Scarf|[from] move: Trick
|-item|p2a: Ptite piece|Leftovers|[from] move: Trick
|
|-heal|p2a: Ptite piece|12/100|[from] item: Leftovers
|upkeep
|turn|16
|
|t:|1757903015
|switch|p2a: Normal en vrai|Dragonite, F|100/100
|move|p1a: Gastrodon|Ice Beam|p2a: Normal en vrai
|-supereffective|p2a: Normal en vrai
|-damage|p2a: Normal en vrai|57/100
|
|upkeep
|turn|17
|
|t:|1757903028
|move|p2a: Normal en vrai|Earthquake|p1a: Gastrodon
|-damage|p1a: Gastrodon|54/100
|move|p1a: Gastrodon|Ice Beam|p2a: Normal en vrai
|-supereffective|p2a: Normal en vrai
|-damage|p2a: Normal en vrai|0 fnt
|faint|p2a: Normal en vrai
|
|upkeep
|
|t:|1757903036
|switch|p2a: Ptite piece|Gholdengo, tera:Flying|12/100
|turn|18
|
|t:|1757903045
|move|p2a: Ptite piece|Psyshock|p1a: Gastrodon
|-damage|p1a: Gastrodon|22/100
|move|p1a: Gastrodon|Ice Beam|p2a: Ptite piece
|-supereffective|p2a: Ptite piece
|-damage|p2a: Ptite piece|0 fnt
|faint|p2a: Ptite piece
|
|upkeep
|
|t:|1757903052
|switch|p2a: shakshak|Garchomp, M|100/100
|turn|19
|
|t:|1757903060
|move|p2a: shakshak|Swords Dance|p2a: shakshak
|-boost|p2a: shakshak|atk|2
|move|p1a: Gastrodon|Ice Beam|p2a: shakshak
|-supereffective|p2a: shakshak
|-damage|p2a: shakshak|22/100
|
|-heal|p2a: shakshak|28/100|[from] item: Leftovers
|upkeep
|turn|20
|
|t:|1757903068
|move|p2a: shakshak|Scale Shot|p1a: Gastrodon
|-damage|p1a: Gastrodon|0 fnt
|faint|p1a: Gastrodon
|-hitcount|p1: Gastrodon|1
|-unboost|p2a: shakshak|def|1
|-boost|p2a: shakshak|spe|1
|
|-heal|p2a: shakshak|35/100|[from] item: Leftovers
|upkeep
|
|t:|1757903080
|switch|p1a: Dragapult|Dragapult, F|100/100
|turn|21
|
|t:|1757903085
|move|p2a: shakshak|Scale Shot|p1a: Dragapult
|-supereffective|p1a: Dragapult
|-damage|p1a: Dragapult|26/100
|-supereffective|p1a: Dragapult
|-damage|p1a: Dragapult|0 fnt
|faint|p1a: Dragapult
|-hitcount|p1: Dragapult|2
|-unboost|p2a: shakshak|def|1
|-boost|p2a: shakshak|spe|1
|
|-heal|p2a: shakshak|41/100|[from] item: Leftovers
|upkeep
|
|t:|1757903091
|switch|p1a: Iron Treads|Iron Treads|100/100
|-enditem|p1a: Iron Treads|Booster Energy
|-activate|p1a: Iron Treads|ability: Quark Drive|[fromitem]
|-start|p1a: Iron Treads|quarkdrivespe
|turn|22
|
|t:|1757903098
|move|p2a: shakshak|Earthquake|p1a: Iron Treads
|-supereffective|p1a: Iron Treads
|-damage|p1a: Iron Treads|0 fnt
|faint|p1a: Iron Treads
|-end|p1a: Iron Treads|Quark Drive|[silent]
|
|-heal|p2a: shakshak|47/100|[from] item: Leftovers
|upkeep
|
|t:|1757903102
|switch|p1a: Iron Hands|Iron Hands|63/100
|turn|23
|
|t:|1757903106
|move|p2a: shakshak|Earthquake|p1a: Iron Hands
|-supereffective|p1a: Iron Hands
|-damage|p1a: Iron Hands|0 fnt
|faint|p1a: Iron Hands
|-end|p1a: Iron Hands|Quark Drive|[silent]
|
|-heal|p2a: shakshak|53/100|[from] item: Leftovers
|upkeep
|
|t:|1757903109
|switch|p1a: Moltres|Moltres|100/100
|turn|24
|
|t:|1757903117
|move|p2a: shakshak|Scale Shot|p1a: Moltres
|-damage|p1a: Moltres|81/100
|-damage|p1a: Moltres|64/100
|-damage|p1a: Moltres|47/100
|-hitcount|p1a: Moltres|3
|-unboost|p2a: shakshak|def|1
|-boost|p2a: shakshak|spe|1
|move|p1a: Moltres|Hurricane|p2a: shakshak
|-damage|p2a: shakshak|6/100
|
|-heal|p2a: shakshak|12/100|[from] item: Leftovers
|upkeep
|turn|25
|
|t:|1757903129
|move|p2a: shakshak|Scale Shot|p1a: Moltres
|-damage|p1a: Moltres|28/100
|-damage|p1a: Moltres|9/100
|-damage|p1a: Moltres|0 fnt
|faint|p1a: Moltres
|-hitcount|p1: Moltres|3
|
|win|kaspairs
|raw|SpyXlive's rating: 1144 &rarr; <strong>1122</strong><br />(-22 for losing)
|raw|kaspairs's rating: 1180 &rarr; <strong>1202</strong><br />(+22 for winning)
|l|☆SpyXlive
|player|p1|
|c|☆kaspairs|gg
|l|☆kaspairs
|player|p2|
|j|☆kaspairs
|player|p2|kaspairs|veteran|
