|j|☆InotspeakEnglish
|j|☆deviljr12
|t:|1757818309
|gametype|singles
|player|p1|InotspeakEnglish|169|1328
|player|p2|deviljr12|266|1335
|gen|9
|tier|[Gen 9] OU
|rated|
|rule|HP Percentage Mod: HP is shown in percentages
|rule|Endless Battle Clause: Forcing endless battles is banned
|rule|Species Clause: Limit one of each Pokémon
|rule|OHKO Clause: OHKO moves are banned
|rule|Evasion Items Clause: Evasion items are banned
|rule|Evasion Moves Clause: Evasion moves are banned
|rule|Evasion Abilities Clause: Evasion abilities are banned
|rule|Sleep Moves Clause: Sleep-inducing moves are banned
|clearpoke
|poke|p1|Maushold-Four|
|poke|p1|Great Tusk|
|poke|p1|Raging Bolt|
|poke|p1|Grafaiai, F|
|poke|p1|Weavile, M|
|poke|p1|Volcanion|
|poke|p2|Torkoal, M|
|poke|p2|Venusaur, M|
|poke|p2|Heatran, M|
|poke|p2|Walking Wake|
|poke|p2|Scizor, M|
|poke|p2|Toxapex, F|
|teampreview
|
|t:|1757818312
|teamsize|p1|6
|teamsize|p2|6
|start
|switch|p1a: Grafaiai|Grafaiai, F|100/100
|switch|p2a: Biggy|Toxapex, F, shiny|100/100
|turn|1
|
|t:|1757818319
|move|p1a: Grafaiai|Parting Shot|p2a: Biggy
|-unboost|p2a: Biggy|atk|1
|-unboost|p2a: Biggy|spa|1
|
|t:|1757818324
|switch|p1a: Raging Bolt|Raging Bolt|100/100|[from] Parting Shot
|move|p2a: Biggy|Chilling Water|p1a: Raging Bolt
|-resisted|p1a: Raging Bolt
|-damage|p1a: Raging Bolt|98/100
|-unboost|p1a: Raging Bolt|atk|1
|
|upkeep
|turn|2
|
|t:|1757818332
|move|p1a: Raging Bolt|Volt Switch|p2a: Biggy
|-supereffective|p2a: Biggy
|-damage|p2a: Biggy|24/100
|-damage|p1a: Raging Bolt|88/100|[from] item: Life Orb
|
|t:|1757818346
|-end|p1a: Raging Bolt|Protosynthesis|[silent]
|switch|p1a: Great Tusk|Great Tusk|100/100|[from] Volt Switch
|move|p2a: Biggy|Toxic|p1a: Great Tusk
|-status|p1a: Great Tusk|tox
|
|-heal|p2a: Biggy|30/100|[from] item: Leftovers
|-damage|p1a: Great Tusk|94/100 tox|[from] psn
|upkeep
|turn|3
|
|t:|1757818357
|switch|p2a: Bard|Torkoal, M, shiny|100/100
|-weather|SunnyDay|[from] ability: Drought|[of] p2a: Bard
|-activate|p1a: Great Tusk|ability: Protosynthesis
|-start|p1a: Great Tusk|protosynthesisatk
|move|p1a: Great Tusk|Headlong Rush|p2a: Bard
|-supereffective|p2a: Bard
|-damage|p2a: Bard|0 fnt
|-unboost|p1a: Great Tusk|def|1
|-unboost|p1a: Great Tusk|spd|1
|faint|p2a: Bard
|
|-weather|SunnyDay|[upkeep]
|-damage|p1a: Great Tusk|82/100 tox|[from] psn
|upkeep
|
|t:|1757818372
|switch|p2a: MurderLarry|Venusaur, M, shiny|100/100
|turn|4
|
|t:|1757818378
|-end|p1a: Great Tusk|Protosynthesis|[silent]
|switch|p1a: Volcanion|Volcanion|100/100
|move|p2a: MurderLarry|Giga Drain|p1a: Volcanion
|-damage|p1a: Volcanion|69/100
|-damage|p2a: MurderLarry|91/100|[from] item: Life Orb
|
|-weather|SunnyDay|[upkeep]
|upkeep
|turn|5
|
|t:|1757818390
|-terastallize|p2a: MurderLarry|Fire
|move|p2a: MurderLarry|Growth|p2a: MurderLarry
|-boost|p2a: MurderLarry|atk|2
|-boost|p2a: MurderLarry|spa|2
|move|p1a: Volcanion|Flamethrower|p2a: MurderLarry
|-resisted|p2a: MurderLarry
|-damage|p2a: MurderLarry|54/100
|
|-weather|SunnyDay|[upkeep]
|upkeep
|turn|6
|
|t:|1757818400
|move|p2a: MurderLarry|Sludge Bomb|p1a: Volcanion
|-crit|p1a: Volcanion
|-damage|p1a: Volcanion|0 fnt
|faint|p1a: Volcanion
|-damage|p2a: MurderLarry|44/100|[from] item: Life Orb
|
|-weather|SunnyDay|[upkeep]
|upkeep
|
|t:|1757818405
|switch|p1a: Raging Bolt|Raging Bolt|88/100
|-activate|p1a: Raging Bolt|ability: Protosynthesis
|-start|p1a: Raging Bolt|protosynthesisspa
|turn|7
|
|t:|1757818412
|move|p2a: MurderLarry|Giga Drain|p1a: Raging Bolt
|-resisted|p1a: Raging Bolt
|-damage|p1a: Raging Bolt|54/100
|-heal|p2a: MurderLarry|66/100|[from] drain|[of] p1a: Raging Bolt
|-damage|p2a: MurderLarry|56/100|[from] item: Life Orb
|move|p1a: Raging Bolt|Volt Switch|p2a: MurderLarry
|-damage|p2a: MurderLarry|0 fnt
|faint|p2a: MurderLarry
|-damage|p1a: Raging Bolt|44/100|[from] item: Life Orb
|
|t:|1757818415
|-end|p1a: Raging Bolt|Protosynthesis|[silent]
|switch|p1a: Grafaiai|Grafaiai, F|100/100|[from] Volt Switch
|
|-weather|SunnyDay|[upkeep]
|upkeep
|
|t:|1757818426
|switch|p2a: Rabbit|Scizor, M, shiny|100/100
|turn|8
|
|t:|1757818430
|move|p1a: Grafaiai|Knock Off|p2a: Rabbit
|-damage|p2a: Rabbit|80/100
|-enditem|p2a: Rabbit|Choice Band|[from] move: Knock Off|[of] p1a: Grafaiai
|move|p2a: Rabbit|U-turn|p1a: Grafaiai
|-resisted|p1a: Grafaiai
|-damage|p1a: Grafaiai|80/100
|-damage|p2a: Rabbit|63/100|[from] item: Rocky Helmet|[of] p1a: Grafaiai
|
|t:|1757818438
|switch|p2a: Zeke|Heatran, M, shiny|100/100|[from] U-turn
|
|-weather|SunnyDay|[upkeep]
|upkeep
|turn|9
|
|t:|1757818444
|move|p1a: Grafaiai|Parting Shot|p2a: Zeke
|-unboost|p2a: Zeke|atk|1
|-unboost|p2a: Zeke|spa|1
|
|t:|1757818451
|switch|p1a: Great Tusk|Great Tusk|82/100 tox|[from] Parting Shot
|-activate|p1a: Great Tusk|ability: Protosynthesis
|-start|p1a: Great Tusk|protosynthesisatk
|move|p2a: Zeke|Magma Storm|p1a: Great Tusk
|-damage|p1a: Great Tusk|2/100 tox
|-activate|p1a: Great Tusk|move: Magma Storm|[of] p2a: Zeke
|
|-weather|SunnyDay|[upkeep]
|-damage|p1a: Great Tusk|0 fnt|[from] psn
|faint|p1a: Great Tusk
|-end|p1a: Great Tusk|Protosynthesis|[silent]
|upkeep
|
|t:|1757818458
|switch|p1a: Weavile|Weavile, M|100/100
|-ability|p1a: Weavile|Pressure
|turn|10
|
|t:|1757818467
|move|p1a: Weavile|Low Kick|p2a: Zeke
|-supereffective|p2a: Zeke
|-damage|p2a: Zeke|8/100
|move|p2a: Zeke|Flash Cannon|p1a: Weavile
|-supereffective|p1a: Weavile
|-damage|p1a: Weavile|8/100
|
|-weather|none
|upkeep
|turn|11
|
|t:|1757818477
|move|p1a: Weavile|Low Kick|p2a: Zeke
|-supereffective|p2a: Zeke
|-damage|p2a: Zeke|0 fnt
|faint|p2a: Zeke
|
|upkeep
|
|t:|1757818482
|switch|p2a: Rabbit|Scizor, M, shiny|63/100
|turn|12
|
|t:|1757818486
|switch|p1a: Grafaiai|Grafaiai, F|80/100
|move|p2a: Rabbit|Bullet Punch|p1a: Grafaiai
|-damage|p1a: Grafaiai|47/100
|-damage|p2a: Rabbit|47/100|[from] item: Rocky Helmet|[of] p1a: Grafaiai
|
|upkeep
|turn|13
|
|t:|1757818495
|move|p1a: Grafaiai|Parting Shot|p2a: Rabbit
|-unboost|p2a: Rabbit|atk|1
|-unboost|p2a: Rabbit|spa|1
|
|t:|1757818503
|switch|p1a: Raging Bolt|Raging Bolt|44/100|[from] Parting Shot
|move|p2a: Rabbit|Knock Off|p1a: Raging Bolt
|-damage|p1a: Raging Bolt|25/100
|-enditem|p1a: Raging Bolt|Life Orb|[from] move: Knock Off|[of] p2a: Rabbit
|
|upkeep
|turn|14
|
|t:|1757818512
|move|p1a: Raging Bolt|Thunderclap|p2a: Rabbit
|-damage|p2a: Rabbit|0 fnt
|faint|p2a: Rabbit
|
|upkeep
|
|t:|1757818517
|switch|p2a: Biggy|Toxapex, F, shiny|63/100
|turn|15
|
|t:|1757818524
|move|p2a: Biggy|Baneful Bunker|p2a: Biggy
|-singleturn|p2a: Biggy|move: Protect
|move|p1a: Raging Bolt|Volt Switch|p2a: Biggy
|-activate|p2a: Biggy|move: Protect
|
|-heal|p2a: Biggy|69/100|[from] item: Leftovers
|upkeep
|turn|16
|
|t:|1757818537
|move|p1a: Raging Bolt|Volt Switch|p2a: Biggy
|-supereffective|p2a: Biggy
|-damage|p2a: Biggy|12/100
|
|t:|1757818541
|-end|p1a: Raging Bolt|Protosynthesis|[silent]
|switch|p1a: Grafaiai|Grafaiai, F|47/100|[from] Volt Switch
|move|p2a: Biggy|Recover|p2a: Biggy
|-heal|p2a: Biggy|62/100
|
|-heal|p2a: Biggy|68/100|[from] item: Leftovers
|upkeep
|turn|17
|
|t:|1757818551
|move|p2a: Biggy|Baneful Bunker|p2a: Biggy
|-singleturn|p2a: Biggy|move: Protect
|move|p1a: Grafaiai|Encore|p2a: Biggy
|-activate|p2a: Biggy|move: Protect
|
|-heal|p2a: Biggy|75/100|[from] item: Leftovers
|upkeep
|turn|18
|
|t:|1757818560
|switch|p2a: Wakanda|Walking Wake|100/100
|move|p1a: Grafaiai|Knock Off|p2a: Wakanda
|-damage|p2a: Wakanda|79/100
|-enditem|p2a: Wakanda|Choice Scarf|[from] move: Knock Off|[of] p1a: Grafaiai
|
|upkeep
|turn|19
|
|t:|1757818567
|move|p2a: Wakanda|Dragon Pulse|p1a: Grafaiai
|-damage|p1a: Grafaiai|0 fnt
|faint|p1a: Grafaiai
|
|upkeep
|
|t:|1757818570
|switch|p1a: Maushold|Maushold-Four|100/100
|turn|20
|
|t:|1757818577
|-end|p2a: Wakanda|Protosynthesis|[silent]
|switch|p2a: Biggy|Toxapex, F, shiny|100/100
|move|p1a: Maushold|Population Bomb|p2a: Biggy
|-damage|p2a: Biggy|94/100
|-damage|p2a: Biggy|87/100
|-damage|p2a: Biggy|79/100
|-damage|p2a: Biggy|72/100
|-damage|p2a: Biggy|65/100
|-damage|p2a: Biggy|57/100
|-crit|p2a: Biggy
|-damage|p2a: Biggy|47/100
|-damage|p2a: Biggy|40/100
|-damage|p2a: Biggy|33/100
|-damage|p2a: Biggy|25/100
|-hitcount|p2a: Biggy|10
|
|-heal|p2a: Biggy|31/100|[from] item: Leftovers
|upkeep
|turn|21
|
|t:|1757818596
|move|p1a: Maushold|Thunder Wave|p2a: Biggy
|-status|p2a: Biggy|par
|move|p2a: Biggy|Toxic|p1a: Maushold
|-status|p1a: Maushold|tox
|
|-heal|p2a: Biggy|38/100 par|[from] item: Leftovers
|-damage|p1a: Maushold|94/100 tox|[from] psn
|upkeep
|turn|22
|
|t:|1757818606
|switch|p1a: Raging Bolt|Raging Bolt|25/100
|move|p2a: Biggy|Baneful Bunker||[still]
|-fail|p2a: Biggy
|
|-heal|p2a: Biggy|44/100 par|[from] item: Leftovers
|upkeep
|turn|23
|
|t:|1757818614
|move|p1a: Raging Bolt|Volt Switch|p2a: Biggy
|-supereffective|p2a: Biggy
|-damage|p2a: Biggy|0 fnt
|faint|p2a: Biggy
|
|t:|1757818616
|-end|p1a: Raging Bolt|Protosynthesis|[silent]
|switch|p1a: Weavile|Weavile, M|8/100|[from] Volt Switch
|-ability|p1a: Weavile|Pressure
|
|upkeep
|
|t:|1757818623
|switch|p2a: Wakanda|Walking Wake|79/100
|turn|24
|
|t:|1757818626
|move|p1a: Weavile|Ice Spinner|p2a: Wakanda
|-damage|p2a: Wakanda|13/100
|move|p2a: Wakanda|Dragon Pulse|p1a: Weavile
|-crit|p1a: Weavile
|-damage|p1a: Weavile|0 fnt
|faint|p1a: Weavile
|
|upkeep
|
|t:|1757818630
|switch|p1a: Maushold|Maushold-Four|94/100 tox
|turn|25
|
|t:|1757818636
|move|p1a: Maushold|Bite|p2a: Wakanda
|-damage|p2a: Wakanda|0 fnt
|faint|p2a: Wakanda
|-end|p2a: Wakanda|Protosynthesis|[silent]
|
|win|InotspeakEnglish
|raw|InotspeakEnglish's rating: 1328 &rarr; <strong>1348</strong><br />(+20 for winning)
|raw|deviljr12's rating: 1335 &rarr; <strong>1315</strong><br />(-20 for losing)
|l|☆InotspeakEnglish
|player|p1|
|l|☆deviljr12
|player|p2|
