|j|‽drywalled wins
|j|☆ICF_Marin
|t:|1757861717
|gametype|singles
|player|p1|drywalled wins|barry|1343
|player|p2|ICF_Marin|youngn|1415
|gen|9
|tier|[Gen 9] OU
|rated|
|rule|HP Percentage Mod: HP is shown in percentages
|rule|Endless Battle Clause: Forcing endless battles is banned
|rule|Species Clause: Limit one of each Pokémon
|rule|OHKO Clause: OHKO moves are banned
|rule|Evasion Items Clause: Evasion items are banned
|rule|Evasion Moves Clause: Evasion moves are banned
|rule|Evasion Abilities Clause: Evasion abilities are banned
|rule|Sleep Moves Clause: Sleep-inducing moves are banned
|clearpoke
|poke|p1|Grimmsnarl, M|
|poke|p1|Heatran, F|
|poke|p1|Slowking-Galar, M|
|poke|p1|Rillaboom, M|
|poke|p1|Raging Bolt|
|poke|p1|Cloyster, M|
|poke|p2|Kingambit, M|
|poke|p2|Ogerpon-Cornerstone, F|
|poke|p2|Iron Valiant|
|poke|p2|Raging Bolt|
|poke|p2|Kyurem|
|poke|p2|Landorus-Therian, M|
|teampreview
|inactive|Battle timer is ON: inactive players will automatically lose when time's up. (requested by ICF_Marin)
|
|t:|1757861726
|teamsize|p1|6
|teamsize|p2|6
|start
|switch|p1a: Grimmsnarl|Grimmsnarl, M|100/100
|switch|p2a: Landorus|Landorus-Therian, M|100/100
|-ability|p2a: Landorus|Intimidate|boost
|-unboost|p1a: Grimmsnarl|atk|1
|turn|1
|
|t:|1757861732
|move|p1a: Grimmsnarl|Parting Shot|p2a: Landorus
|-unboost|p2a: Landorus|atk|1
|-unboost|p2a: Landorus|spa|1
|
|t:|1757861737
|switch|p1a: Cloyster|Cloyster, M|100/100|[from] Parting Shot
|move|p2a: Landorus|Taunt|p1a: Cloyster
|-start|p1a: Cloyster|move: Taunt
|
|upkeep
|turn|2
|
|t:|1757861755
|move|p2a: Landorus|U-turn|p1a: Cloyster
|-crit|p1a: Cloyster
|-damage|p1a: Cloyster|78/100
|
|t:|1757861761
|switch|p2a: Iron Valiant|Iron Valiant, shiny|100/100|[from] U-turn
|-enditem|p2a: Iron Valiant|Booster Energy
|-activate|p2a: Iron Valiant|ability: Quark Drive|[fromitem]
|-start|p2a: Iron Valiant|quarkdrivespe
|move|p1a: Cloyster|Icicle Spear|p2a: Iron Valiant
|-damage|p2a: Iron Valiant|81/100
|-damage|p2a: Iron Valiant|62/100
|-damage|p2a: Iron Valiant|43/100
|-damage|p2a: Iron Valiant|26/100
|-damage|p2a: Iron Valiant|8/100
|-hitcount|p2a: Iron Valiant|5
|
|upkeep
|turn|3
|
|t:|1757861766
|move|p1a: Cloyster|Ice Shard|p2a: Iron Valiant
|-damage|p2a: Iron Valiant|0 fnt
|faint|p2a: Iron Valiant
|-end|p2a: Iron Valiant|Quark Drive|[silent]
|
|-end|p1a: Cloyster|move: Taunt
|upkeep
|
|t:|1757861772
|switch|p2a: Raging Bolt|Raging Bolt|100/100
|-enditem|p2a: Raging Bolt|Booster Energy
|-activate|p2a: Raging Bolt|ability: Protosynthesis|[fromitem]
|-start|p2a: Raging Bolt|protosynthesisspa
|turn|4
|inactive|drywalled wins has 120 seconds left.
|
|t:|1757861809
|switch|p1a: Raging Bolt|Raging Bolt|100/100
|-enditem|p1a: Raging Bolt|Booster Energy
|-activate|p1a: Raging Bolt|ability: Protosynthesis|[fromitem]
|-start|p1a: Raging Bolt|protosynthesisspa
|move|p2a: Raging Bolt|Thunderbolt|p1a: Raging Bolt
|-resisted|p1a: Raging Bolt
|-damage|p1a: Raging Bolt|84/100
|
|upkeep
|turn|5
|inactive|drywalled wins has 120 seconds left.
|
|t:|1757861816
|-end|p1a: Raging Bolt|Protosynthesis|[silent]
|switch|p1a: Grimmsnarl|Grimmsnarl, M|100/100
|move|p2a: Raging Bolt|Dragon Pulse|p1a: Grimmsnarl
|-immune|p1a: Grimmsnarl
|
|upkeep
|turn|6
|
|t:|1757861823
|move|p1a: Grimmsnarl|Light Screen|p1a: Grimmsnarl
|-sidestart|p1: drywalled wins|move: Light Screen
|move|p2a: Raging Bolt|Thunderbolt|p1a: Grimmsnarl
|-damage|p1a: Grimmsnarl|61/100
|
|upkeep
|turn|7
|
|t:|1757861826
|move|p1a: Grimmsnarl|Reflect|p1a: Grimmsnarl
|-sidestart|p1: drywalled wins|Reflect
|move|p2a: Raging Bolt|Calm Mind|p2a: Raging Bolt
|-boost|p2a: Raging Bolt|spa|1
|-boost|p2a: Raging Bolt|spd|1
|
|upkeep
|turn|8
|
|t:|1757861830
|move|p1a: Grimmsnarl|Taunt|p2a: Raging Bolt
|-start|p2a: Raging Bolt|move: Taunt
|cant|p2a: Raging Bolt|move: Taunt|Calm Mind
|
|upkeep
|turn|9
|
|t:|1757861837
|move|p1a: Grimmsnarl|Parting Shot|p2a: Raging Bolt
|-unboost|p2a: Raging Bolt|atk|1
|-unboost|p2a: Raging Bolt|spa|1
|
|t:|1757861850
|switch|p1a: Heatran|Heatran, F|100/100|[from] Parting Shot
|move|p2a: Raging Bolt|Dragon Pulse|p1a: Heatran
|-resisted|p1a: Heatran
|-damage|p1a: Heatran|91/100
|
|-heal|p1a: Heatran|97/100|[from] item: Leftovers
|upkeep
|turn|10
|
|t:|1757861856
|move|p2a: Raging Bolt|Thunderbolt|p1a: Heatran
|-damage|p1a: Heatran|76/100
|move|p1a: Heatran|Magma Storm|p2a: Raging Bolt
|-resisted|p2a: Raging Bolt
|-damage|p2a: Raging Bolt|86/100
|-activate|p2a: Raging Bolt|move: Magma Storm|[of] p1a: Heatran
|
|-heal|p1a: Heatran|82/100|[from] item: Leftovers
|-damage|p2a: Raging Bolt|74/100|[from] move: Magma Storm|[partiallytrapped]
|-end|p2a: Raging Bolt|move: Taunt
|upkeep
|turn|11
|
|t:|1757861863
|move|p2a: Raging Bolt|Calm Mind|p2a: Raging Bolt
|-boost|p2a: Raging Bolt|spa|1
|-boost|p2a: Raging Bolt|spd|1
|move|p1a: Heatran|Earth Power|p2a: Raging Bolt
|-supereffective|p2a: Raging Bolt
|-damage|p2a: Raging Bolt|48/100
|
|-heal|p1a: Heatran|89/100|[from] item: Leftovers
|-damage|p2a: Raging Bolt|36/100|[from] move: Magma Storm|[partiallytrapped]
|upkeep
|turn|12
|
|t:|1757861866
|move|p2a: Raging Bolt|Thunderbolt|p1a: Heatran
|-damage|p1a: Heatran|55/100
|move|p1a: Heatran|Earth Power|p2a: Raging Bolt
|-supereffective|p2a: Raging Bolt
|-damage|p2a: Raging Bolt|10/100
|-unboost|p2a: Raging Bolt|spd|1
|
|-heal|p1a: Heatran|61/100|[from] item: Leftovers
|-damage|p2a: Raging Bolt|0 fnt|[from] move: Magma Storm|[partiallytrapped]
|faint|p2a: Raging Bolt
|-end|p2a: Raging Bolt|Protosynthesis|[silent]
|upkeep
|
|t:|1757861871
|switch|p2a: Landorus|Landorus-Therian, M|100/100
|-ability|p2a: Landorus|Intimidate|boost
|-unboost|p1a: Heatran|atk|1
|turn|13
|
|t:|1757861887
|switch|p1a: Rillaboom|Rillaboom, M|100/100
|-fieldstart|move: Grassy Terrain|[from] ability: Grassy Surge|[of] p1a: Rillaboom
|move|p2a: Landorus|Stealth Rock|p1a: Rillaboom
|-sidestart|p1: drywalled wins|move: Stealth Rock
|
|-sideend|p1: drywalled wins|move: Light Screen
|upkeep
|turn|14
|
|t:|1757861907
|switch|p1a: Grimmsnarl|Grimmsnarl, M|61/100
|-damage|p1a: Grimmsnarl|49/100|[from] Stealth Rock
|move|p2a: Landorus|U-turn|p1a: Grimmsnarl
|-damage|p1a: Grimmsnarl|41/100
|
|t:|1757861914
|switch|p2a: Kingambit|Kingambit, M|100/100|[from] U-turn
|-activate|p2a: Kingambit|ability: Supreme Overlord
|-start|p2a: Kingambit|fallen2|[silent]
|
|-heal|p1a: Grimmsnarl|47/100|[from] Grassy Terrain
|-sideend|p1: drywalled wins|Reflect
|upkeep
|turn|15
|
|t:|1757861920
|move|p1a: Grimmsnarl|Reflect|p1a: Grimmsnarl
|-sidestart|p1: drywalled wins|Reflect
|move|p2a: Kingambit|Iron Head|p1a: Grimmsnarl
|-supereffective|p1a: Grimmsnarl
|-damage|p1a: Grimmsnarl|0 fnt
|faint|p1a: Grimmsnarl
|
|upkeep
|
|t:|1757861936
|switch|p1a: Slowking|Slowking-Galar, M|100/100
|turn|16
|
|t:|1757861950
|-end|p2a: Kingambit|fallen2|[silent]
|switch|p2a: Kyurem|Kyurem, shiny|100/100
|-ability|p2a: Kyurem|Pressure
|move|p1a: Slowking|Thunder Wave|p2a: Kyurem
|-status|p2a: Kyurem|par
|
|upkeep
|turn|17
|
|t:|1757861960
|move|p2a: Kyurem|Draco Meteor|p1a: Slowking
|-damage|p1a: Slowking|43/100
|-unboost|p2a: Kyurem|spa|2
|-prepare|p1a: Slowking|Chilly Reception|[premajor]
|move|p1a: Slowking|Chilly Reception|p1a: Slowking
|-weather|Snowscape
|
|t:|1757861976
|switch|p1a: Cloyster|Cloyster, M|78/100|[from] Chilly Reception
|-damage|p1a: Cloyster|53/100|[from] Stealth Rock
|
|-weather|Snowscape|[upkeep]
|-heal|p1a: Cloyster|60/100|[from] Grassy Terrain
|-fieldend|move: Grassy Terrain
|upkeep
|turn|18
|
|t:|1757861997
|-terastallize|p1a: Cloyster|Ice
|move|p1a: Cloyster|Icicle Spear|p2a: Kyurem
|-damage|p2a: Kyurem|89/100 par
|-damage|p2a: Kyurem|77/100 par
|-damage|p2a: Kyurem|65/100 par
|-damage|p2a: Kyurem|54/100 par
|-damage|p2a: Kyurem|41/100 par
|-hitcount|p2a: Kyurem|5
|move|p2a: Kyurem|Draco Meteor|p1a: Cloyster
|-damage|p1a: Cloyster|0 fnt
|-unboost|p2a: Kyurem|spa|2
|faint|p1a: Cloyster
|
|-weather|Snowscape|[upkeep]
|upkeep
|
|t:|1757862013
|switch|p1a: Raging Bolt|Raging Bolt|84/100
|-damage|p1a: Raging Bolt|71/100|[from] Stealth Rock
|turn|19
|
|t:|1757862017
|move|p1a: Raging Bolt|Dragon Pulse|p2a: Kyurem
|-supereffective|p2a: Kyurem
|-damage|p2a: Kyurem|0 fnt
|faint|p2a: Kyurem
|
|-weather|Snowscape|[upkeep]
|upkeep
|
|t:|1757862023
|switch|p2a: Landorus|Landorus-Therian, M|100/100
|-ability|p2a: Landorus|Intimidate|boost
|-unboost|p1a: Raging Bolt|atk|1
|turn|20
|
|t:|1757862035
|move|p2a: Landorus|U-turn|p1a: Raging Bolt
|-crit|p1a: Raging Bolt
|-damage|p1a: Raging Bolt|42/100
|
|t:|1757862039
|switch|p2a: Kingambit|Kingambit, M|100/100|[from] U-turn
|-activate|p2a: Kingambit|ability: Supreme Overlord
|-start|p2a: Kingambit|fallen3|[silent]
|move|p1a: Raging Bolt|Calm Mind|p1a: Raging Bolt
|-boost|p1a: Raging Bolt|spa|1
|-boost|p1a: Raging Bolt|spd|1
|
|-weather|Snowscape|[upkeep]
|upkeep
|turn|21
|
|t:|1757862044
|move|p1a: Raging Bolt|Thunderbolt|p2a: Kingambit
|-damage|p2a: Kingambit|15/100
|-status|p2a: Kingambit|par
|-enditem|p2a: Kingambit|Lum Berry|[eat]
|-curestatus|p2a: Kingambit|par|[msg]
|move|p2a: Kingambit|Kowtow Cleave|p1a: Raging Bolt
|-damage|p1a: Raging Bolt|10/100
|
|-weather|none
|upkeep
|turn|22
|
|t:|1757862052
|move|p1a: Raging Bolt|Calm Mind|p1a: Raging Bolt
|-boost|p1a: Raging Bolt|spa|1
|-boost|p1a: Raging Bolt|spd|1
|move|p2a: Kingambit|Kowtow Cleave|p1a: Raging Bolt
|-damage|p1a: Raging Bolt|0 fnt
|faint|p1a: Raging Bolt
|-end|p1a: Raging Bolt|Protosynthesis|[silent]
|
|-sideend|p1: drywalled wins|Reflect
|upkeep
|
|t:|1757862060
|switch|p1a: Rillaboom|Rillaboom, M|100/100
|-damage|p1a: Rillaboom|88/100|[from] Stealth Rock
|-fieldstart|move: Grassy Terrain|[from] ability: Grassy Surge|[of] p1a: Rillaboom
|turn|23
|
|t:|1757862064
|move|p1a: Rillaboom|Grassy Glide|p2a: Kingambit
|-resisted|p2a: Kingambit
|-damage|p2a: Kingambit|0 fnt
|faint|p2a: Kingambit
|-end|p2a: Kingambit|fallen3|[silent]
|
|-heal|p1a: Rillaboom|94/100|[from] Grassy Terrain
|upkeep
|
|t:|1757862067
|switch|p2a: Landorus|Landorus-Therian, M|100/100
|-ability|p2a: Landorus|Intimidate|boost
|-unboost|p1a: Rillaboom|atk|1
|turn|24
|
|t:|1757862071
|switch|p1a: Heatran|Heatran, F|61/100
|-damage|p1a: Heatran|49/100|[from] Stealth Rock
|move|p2a: Landorus|U-turn|p1a: Heatran
|-resisted|p1a: Heatran
|-damage|p1a: Heatran|45/100
|
|t:|1757862073
|switch|p2a: Ogerpon|Ogerpon-Cornerstone, F|100/100|[from] U-turn
|
|-heal|p1a: Heatran|51/100|[from] Grassy Terrain
|-heal|p1a: Heatran|57/100|[from] item: Leftovers
|upkeep
|turn|25
|inactive|ICF_Marin has 120 seconds left.
|
|t:|1757862125
|-terastallize|p2a: Ogerpon|Rock
|detailschange|p2a: Ogerpon|Ogerpon-Cornerstone-Tera, F, tera:Rock
|-ability|p2a: Ogerpon|Embody Aspect (Cornerstone)|boost
|-boost|p2a: Ogerpon|def|1
|move|p2a: Ogerpon|Ivy Cudgel|p1a: Heatran|[anim] Ivy Cudgel Rock
|-damage|p1a: Heatran|0 fnt
|faint|p1a: Heatran
|
|upkeep
|
|t:|1757862133
|switch|p1a: Rillaboom|Rillaboom, M|94/100
|-damage|p1a: Rillaboom|82/100|[from] Stealth Rock
|turn|26
|
|t:|1757862139
|move|p1a: Rillaboom|Grassy Glide|p2a: Ogerpon
|-supereffective|p2a: Ogerpon
|-damage|p2a: Ogerpon|1/100
|move|p2a: Ogerpon|Ivy Cudgel|p1a: Rillaboom|[anim] Ivy Cudgel Rock
|-damage|p1a: Rillaboom|1/100
|
|-heal|p2a: Ogerpon|7/100|[from] Grassy Terrain
|-heal|p1a: Rillaboom|7/100|[from] Grassy Terrain
|upkeep
|turn|27
|inactive|ICF_Marin has 120 seconds left.
|
|t:|1757862152
|switch|p2a: Landorus|Landorus-Therian, M|100/100
|-ability|p2a: Landorus|Intimidate|boost
|-unboost|p1a: Rillaboom|atk|1
|move|p1a: Rillaboom|Grassy Glide|p2a: Landorus
|-damage|p2a: Landorus|58/100
|-damage|p1a: Rillaboom|0 fnt|[from] item: Rocky Helmet|[of] p2a: Landorus
|faint|p1a: Rillaboom
|
|-fieldend|move: Grassy Terrain
|upkeep
|
|t:|1757862154
|switch|p1a: Slowking|Slowking-Galar, M|76/100
|turn|28
|
|t:|1757862163
|move|p2a: Landorus|Earth Power|p1a: Slowking
|-supereffective|p1a: Slowking
|-damage|p1a: Slowking|36/100
|move|p1a: Slowking|Sludge Bomb|p2a: Landorus
|-resisted|p2a: Landorus
|-damage|p2a: Landorus|41/100
|
|upkeep
|turn|29
|
|t:|1757862167
|move|p2a: Landorus|Earth Power|p1a: Slowking
|-supereffective|p1a: Slowking
|-damage|p1a: Slowking|0 fnt
|faint|p1a: Slowking
|
|win|ICF_Marin
|raw|drywalled wins's rating: 1343 &rarr; <strong>1327</strong><br />(-16 for losing)
|raw|ICF_Marin's rating: 1415 &rarr; <strong>1431</strong><br />(+16 for winning)
|l|‽drywalled wins
|player|p1|
|l|☆ICF_Marin
|player|p2|
