|j|☆lacoperon0109
|j|☆aj311007
|t:|1757823004
|gametype|singles
|player|p1|lacoperon0109|n|1286
|player|p2|aj311007|266|1248
|gen|9
|tier|[Gen 9] OU
|rated|
|rule|HP Percentage Mod: HP is shown in percentages
|rule|Endless Battle Clause: Forcing endless battles is banned
|rule|Species Clause: Limit one of each Pokémon
|rule|OHKO Clause: OHKO moves are banned
|rule|Evasion Items Clause: Evasion items are banned
|rule|Evasion Moves Clause: Evasion moves are banned
|rule|Evasion Abilities Clause: Evasion abilities are banned
|rule|Sleep Moves Clause: Sleep-inducing moves are banned
|clearpoke
|poke|p1|Rillaboom, M|
|poke|p1|Volcanion|
|poke|p1|Ceruledge, F|
|poke|p1|Corviknight, M|
|poke|p1|Mew|
|poke|p1|Ditto|
|poke|p2|Emboar, F|
|poke|p2|Slowking-Galar, M|
|poke|p2|Alomomola, M|
|poke|p2|Iron Moth|
|poke|p2|Torkoal, F|
|poke|p2|Kingambit, M|
|teampreview
|
|t:|1757823015
|teamsize|p1|6
|teamsize|p2|6
|start
|switch|p1a: Mew|Mew|100/100
|switch|p2a: Torkoal|Torkoal, F|100/100
|-weather|SunnyDay|[from] ability: Drought|[of] p2a: Torkoal
|turn|1
|
|t:|1757823023
|move|p1a: Mew|Imprison|p1a: Mew
|-start|p1a: Mew|move: Imprison
|move|p2a: Torkoal|Eruption|p1a: Mew
|-damage|p1a: Mew|24/100
|
|-weather|SunnyDay|[upkeep]
|-heal|p1a: Mew|30/100|[from] item: Leftovers
|upkeep
|turn|2
|c|☆aj311007|Ah I know this 😭
|c|☆lacoperon0109|lmao
|
|t:|1757823064
|switch|p2a: Slowking|Slowking-Galar, M|100/100
|move|p1a: Mew|Protect||[still]
|-fail|p1a: Mew
|
|-weather|SunnyDay|[upkeep]
|-heal|p1a: Mew|36/100|[from] item: Leftovers
|upkeep
|turn|3
|
|t:|1757823075
|move|p1a: Mew|Fire Spin|p2a: Slowking
|-damage|p2a: Slowking|91/100
|-activate|p2a: Slowking|move: Fire Spin|[of] p1a: Mew
|move|p2a: Slowking|Future Sight|p1a: Mew
|-start|p2a: Slowking|move: Future Sight
|
|-weather|SunnyDay|[upkeep]
|-heal|p1a: Mew|42/100|[from] item: Leftovers
|-heal|p2a: Slowking|97/100|[from] item: Black Sludge
|-damage|p2a: Slowking|85/100|[from] move: Fire Spin|[partiallytrapped]
|upkeep
|turn|4
|
|t:|1757823092
|move|p1a: Mew|Protect|p1a: Mew
|-singleturn|p1a: Mew|Protect
|move|p2a: Slowking|Power Gem|p1a: Mew
|-activate|p1a: Mew|move: Protect
|
|-weather|SunnyDay|[upkeep]
|-heal|p1a: Mew|49/100|[from] item: Leftovers
|-heal|p2a: Slowking|91/100|[from] item: Black Sludge
|-damage|p2a: Slowking|78/100|[from] move: Fire Spin|[partiallytrapped]
|upkeep
|turn|5
|
|t:|1757823101
|move|p1a: Mew|Transform|p2a: Slowking
|-transform|p1a: Mew|p2a: Slowking
|cant|p2a: Slowking|move: Imprison|Power Gem
|
|-weather|SunnyDay|[upkeep]
|-end|p1a: Mew|move: Future Sight
|-damage|p1a: Mew|4/100
|-heal|p1a: Mew|11/100|[from] item: Leftovers
|-heal|p2a: Slowking|84/100|[from] item: Black Sludge
|-damage|p2a: Slowking|72/100|[from] move: Fire Spin|[partiallytrapped]
|upkeep
|turn|6
|
|t:|1757823116
|-activate|p2a: Slowking|move: Struggle
|move|p2a: Slowking|Struggle|p1a: Mew
|-damage|p1a: Mew|4/100
|-damage|p2a: Slowking|47/100|[from] recoil
|move|p1a: Mew|Future Sight|p2a: Slowking
|-start|p1a: Mew|move: Future Sight
|
|-weather|SunnyDay|[upkeep]
|-heal|p1a: Mew|10/100|[from] item: Leftovers
|-heal|p2a: Slowking|53/100|[from] item: Black Sludge
|-damage|p2a: Slowking|40/100|[from] move: Fire Spin|[partiallytrapped]
|upkeep
|turn|7
|
|t:|1757823127
|-activate|p2a: Slowking|move: Struggle
|move|p2a: Slowking|Struggle|p1a: Mew
|-damage|p1a: Mew|3/100
|-damage|p2a: Slowking|15/100|[from] recoil
|move|p1a: Mew|Power Gem|p2a: Slowking
|-damage|p2a: Slowking|0 fnt
|faint|p2a: Slowking
|
|-weather|SunnyDay|[upkeep]
|-heal|p1a: Mew|10/100|[from] item: Leftovers
|upkeep
|
|t:|1757823179
|switch|p2a: Torkoal|Torkoal, F|100/100
|turn|8
|
|t:|1757823197
|move|p1a: Mew|Power Gem|p2a: Torkoal
|-supereffective|p2a: Torkoal
|-damage|p2a: Torkoal|32/100
|move|p2a: Torkoal|Eruption|p1a: Mew
|-damage|p1a: Mew|0 fnt
|faint|p1a: Mew
|
|-weather|none
|-end|p2a: Torkoal|move: Future Sight
|-damage|p2a: Torkoal|0 fnt
|faint|p2a: Torkoal
|upkeep
|
|t:|1757823217
|switch|p1a: Ceruledge|Ceruledge, F|100/100
|switch|p2a: Alomomola|Alomomola, M|100/100
|turn|9
|
|t:|1757823225
|move|p1a: Ceruledge|Swords Dance|p1a: Ceruledge
|-boost|p1a: Ceruledge|atk|2
|move|p2a: Alomomola|Tickle|p1a: Ceruledge
|-unboost|p1a: Ceruledge|atk|1
|-unboost|p1a: Ceruledge|def|1
|
|upkeep
|turn|10
|
|t:|1757823232
|move|p1a: Ceruledge|Swords Dance|p1a: Ceruledge
|-boost|p1a: Ceruledge|atk|2
|move|p2a: Alomomola|Tickle|p1a: Ceruledge
|-unboost|p1a: Ceruledge|atk|1
|-unboost|p1a: Ceruledge|def|1
|
|upkeep
|turn|11
|
|t:|1757823236
|move|p1a: Ceruledge|Swords Dance|p1a: Ceruledge
|-boost|p1a: Ceruledge|atk|2
|move|p2a: Alomomola|Tickle|p1a: Ceruledge
|-unboost|p1a: Ceruledge|atk|1
|-unboost|p1a: Ceruledge|def|1
|
|upkeep
|turn|12
|
|t:|1757823240
|move|p1a: Ceruledge|Swords Dance|p1a: Ceruledge
|-boost|p1a: Ceruledge|atk|2
|move|p2a: Alomomola|Flip Turn|p1a: Ceruledge
|-supereffective|p1a: Ceruledge
|-enditem|p1a: Ceruledge|Focus Sash
|-damage|p1a: Ceruledge|1/100
|-ability|p1a: Ceruledge|Weak Armor|boost
|-unboost|p1a: Ceruledge|def|1
|-boost|p1a: Ceruledge|spe|2
|
|t:|1757823252
|switch|p2a: Iron Moth|Iron Moth|100/100|[from] Flip Turn
|-enditem|p2a: Iron Moth|Booster Energy
|-activate|p2a: Iron Moth|ability: Quark Drive|[fromitem]
|-start|p2a: Iron Moth|quarkdrivespe
|
|upkeep
|turn|13
|
|t:|1757823264
|move|p1a: Ceruledge|Bitter Blade|p2a: Iron Moth
|-resisted|p2a: Iron Moth
|-damage|p2a: Iron Moth|0 fnt
|-heal|p1a: Ceruledge|58/100|[from] drain|[of] p2a: Iron Moth
|faint|p2a: Iron Moth
|-end|p2a: Iron Moth|Quark Drive|[silent]
|
|upkeep
|
|t:|1757823271
|switch|p2a: Kingambit|Kingambit, M|100/100
|-activate|p2a: Kingambit|ability: Supreme Overlord
|-start|p2a: Kingambit|fallen3|[silent]
|turn|14
|
|t:|1757823281
|move|p1a: Ceruledge|Shadow Sneak|p2a: Kingambit
|-resisted|p2a: Kingambit
|-damage|p2a: Kingambit|73/100
|move|p2a: Kingambit|Sucker Punch||[still]
|-fail|p2a: Kingambit
|
|upkeep
|turn|15
|
|t:|1757823294
|move|p1a: Ceruledge|Poltergeist|p2a: Kingambit
|-activate|p2a: Kingambit|move: Poltergeist|Black Glasses
|-resisted|p2a: Kingambit
|-damage|p2a: Kingambit|0 fnt
|faint|p2a: Kingambit
|-end|p2a: Kingambit|fallen3|[silent]
|
|upkeep
|-message|aj311007 forfeited.
|
|win|lacoperon0109
|raw|lacoperon0109's rating: 1286 &rarr; <strong>1308</strong><br />(+22 for winning)
|raw|aj311007's rating: 1248 &rarr; <strong>1226</strong><br />(-22 for losing)
|l|☆aj311007
|player|p2|
|l|☆lacoperon0109
|player|p1|
