|j|☆Black Man Lover
|j|☆BettyLaBonita
|t:|1757907216
|gametype|singles
|player|p1|Black Man Lover|emmet|1604
|player|p2|BettyLaBonita|1|1681
|gen|9
|tier|[Gen 9] OU
|rated|
|rule|HP Percentage Mod: HP is shown in percentages
|rule|Endless Battle Clause: Forcing endless battles is banned
|rule|Species Clause: Limit one of each Pokémon
|rule|OHKO Clause: OHKO moves are banned
|rule|Evasion Items Clause: Evasion items are banned
|rule|Evasion Moves Clause: Evasion moves are banned
|rule|Evasion Abilities Clause: Evasion abilities are banned
|rule|Sleep Moves Clause: Sleep-inducing moves are banned
|clearpoke
|poke|p1|Darkrai|
|poke|p1|Iron Jugulis|
|poke|p1|Iron Treads|
|poke|p1|Primarina, F|
|poke|p1|Cinderace, F|
|poke|p1|Raging Bolt|
|poke|p2|Darkrai|
|poke|p2|Ogerpon-Cornerstone, F|
|poke|p2|Great Tusk|
|poke|p2|Kyurem|
|poke|p2|Primarina, M|
|poke|p2|Dragonite, M|
|teampreview
|inactive|Battle timer is ON: inactive players will automatically lose when time's up. (requested by BettyLaBonita)
|
|t:|1757907237
|teamsize|p1|6
|teamsize|p2|6
|start
|switch|p1a: Cinderace|Cinderace, F|100/100
|switch|p2a: Ogerpon|Ogerpon-Cornerstone, F|100/100
|turn|1
|
|t:|1757907244
|move|p1a: Cinderace|U-turn|p2a: Ogerpon
|-start|p1a: Cinderace|typechange|Bug|[from] ability: Libero
|-supereffective|p2a: Ogerpon
|-damage|p2a: Ogerpon|21/100
|
|t:|1757907247
|switch|p1a: Iron Treads|Iron Treads|100/100|[from] U-turn
|-item|p1a: Iron Treads|Air Balloon
|move|p2a: Ogerpon|Ivy Cudgel|p1a: Iron Treads|[anim] Ivy Cudgel Rock
|-resisted|p1a: Iron Treads
|-damage|p1a: Iron Treads|87/100
|-enditem|p1a: Iron Treads|Air Balloon
|
|upkeep
|turn|2
|
|t:|1757907263
|move|p2a: Ogerpon|Low Kick|p1a: Iron Treads
|-supereffective|p1a: Iron Treads
|-damage|p1a: Iron Treads|3/100
|move|p1a: Iron Treads|Earthquake|p2a: Ogerpon
|-damage|p2a: Ogerpon|0 fnt
|faint|p2a: Ogerpon
|
|upkeep
|
|t:|1757907268
|switch|p2a: Great Tusk|Great Tusk|100/100
|turn|3
|
|t:|1757907273
|move|p1a: Iron Treads|Stealth Rock|p2a: Great Tusk
|-sidestart|p2: BettyLaBonita|move: Stealth Rock
|move|p2a: Great Tusk|Rapid Spin|p1a: Iron Treads
|-resisted|p1a: Iron Treads
|-damage|p1a: Iron Treads|0 fnt
|-boost|p2a: Great Tusk|spe|1
|-sideend|p2: BettyLaBonita|Stealth Rock|[from] move: Rapid Spin|[of] p2a: Great Tusk
|faint|p1a: Iron Treads
|-end|p1a: Iron Treads|Quark Drive|[silent]
|
|upkeep
|inactive|Black Man Lover has 120 seconds left.
|
|t:|1757907322
|switch|p1a: Raging Bolt|Raging Bolt|100/100
|-enditem|p1a: Raging Bolt|Booster Energy
|-activate|p1a: Raging Bolt|ability: Protosynthesis|[fromitem]
|-start|p1a: Raging Bolt|protosynthesisspa
|turn|4
|
|t:|1757907328
|-terastallize|p1a: Raging Bolt|Flying
|move|p2a: Great Tusk|Headlong Rush|p1a: Raging Bolt
|-immune|p1a: Raging Bolt
|move|p1a: Raging Bolt|Dragon Pulse|p2a: Great Tusk
|-damage|p2a: Great Tusk|0 fnt
|faint|p2a: Great Tusk
|-end|p2a: Great Tusk|Protosynthesis|[silent]
|
|upkeep
|
|t:|1757907341
|switch|p2a: Kyurem|Kyurem|100/100
|-ability|p2a: Kyurem|Pressure
|turn|5
|inactive|Black Man Lover has 120 seconds left.
|
|t:|1757907353
|move|p1a: Raging Bolt|Thunderclap|p2a: Kyurem
|-resisted|p2a: Kyurem
|-damage|p2a: Kyurem|74/100
|move|p2a: Kyurem|Freeze-Dry|p1a: Raging Bolt
|-supereffective|p1a: Raging Bolt
|-damage|p1a: Raging Bolt|0 fnt
|faint|p1a: Raging Bolt
|-end|p1a: Raging Bolt|Protosynthesis|[silent]
|
|upkeep
|inactive|Black Man Lover has 120 seconds left.
|
|t:|1757907368
|switch|p1a: Darkrai|Darkrai|100/100
|turn|6
|
|t:|1757907374
|switch|p2a: Primarina|Primarina, M|100/100
|move|p1a: Darkrai|Sludge Bomb|p2a: Primarina
|-supereffective|p2a: Primarina
|-damage|p2a: Primarina|44/100
|
|upkeep
|turn|7
|
|t:|1757907381
|-terastallize|p2a: Primarina|Steel
|move|p1a: Darkrai|Sludge Bomb|p2a: Primarina
|-immune|p2a: Primarina
|move|p2a: Primarina|Moonblast|p1a: Darkrai
|-supereffective|p1a: Darkrai
|-damage|p1a: Darkrai|0 fnt
|faint|p1a: Darkrai
|
|upkeep
|
|t:|1757907384
|switch|p1a: Cinderace|Cinderace, F|100/100
|turn|8
|
|t:|1757907388
|move|p1a: Cinderace|Pyro Ball|p2a: Primarina
|-supereffective|p2a: Primarina
|-damage|p2a: Primarina|0 fnt
|faint|p2a: Primarina
|
|upkeep
|
|t:|1757907407
|switch|p2a: Kyurem|Kyurem|74/100
|-ability|p2a: Kyurem|Pressure
|turn|9
|
|t:|1757907416
|move|p1a: Cinderace|U-turn|p2a: Kyurem
|-start|p1a: Cinderace|typechange|Bug|[from] ability: Libero
|-damage|p2a: Kyurem|47/100
|
|t:|1757907420
|switch|p1a: Primarina|Primarina, F|100/100|[from] U-turn
|move|p2a: Kyurem|Freeze-Dry|p1a: Primarina
|-supereffective|p1a: Primarina
|-damage|p1a: Primarina|31/100
|
|upkeep
|turn|10
|
|t:|1757907428
|move|p2a: Kyurem|Freeze-Dry|p1a: Primarina
|-supereffective|p1a: Primarina
|-damage|p1a: Primarina|0 fnt
|faint|p1a: Primarina
|
|upkeep
|
|t:|1757907446
|switch|p1a: Cinderace|Cinderace, F|100/100
|turn|11
|
|t:|1757907449
|move|p1a: Cinderace|Pyro Ball|p2a: Kyurem
|-damage|p2a: Kyurem|1/100
|move|p2a: Kyurem|Freeze-Dry|p1a: Cinderace
|-resisted|p1a: Cinderace
|-damage|p1a: Cinderace|70/100
|
|upkeep
|turn|12
|
|t:|1757907455
|move|p1a: Cinderace|Pyro Ball|p2a: Kyurem
|-damage|p2a: Kyurem|0 fnt
|faint|p2a: Kyurem
|
|upkeep
|
|t:|1757907464
|switch|p2a: Dragonite|Dragonite, M|100/100
|turn|13
|
|t:|1757907466
|move|p1a: Cinderace|Will-O-Wisp|p2a: Dragonite
|-status|p2a: Dragonite|brn
|move|p2a: Dragonite|Dragon Dance|p2a: Dragonite
|-boost|p2a: Dragonite|atk|1
|-boost|p2a: Dragonite|spe|1
|
|-damage|p2a: Dragonite|94/100 brn|[from] brn
|upkeep
|turn|14
|
|t:|1757907486
|move|p2a: Dragonite|Dragon Dance|p2a: Dragonite
|-boost|p2a: Dragonite|atk|1
|-boost|p2a: Dragonite|spe|1
|move|p1a: Cinderace|U-turn|p2a: Dragonite
|-start|p1a: Cinderace|typechange|Bug|[from] ability: Libero
|-resisted|p2a: Dragonite
|-damage|p2a: Dragonite|80/100 brn
|
|t:|1757907488
|switch|p1a: Iron Jugulis|Iron Jugulis|100/100|[from] U-turn
|-enditem|p1a: Iron Jugulis|Booster Energy
|-activate|p1a: Iron Jugulis|ability: Quark Drive|[fromitem]
|-start|p1a: Iron Jugulis|quarkdrivespe
|
|-damage|p2a: Dragonite|74/100 brn|[from] brn
|upkeep
|turn|15
|
|t:|1757907497
|move|p1a: Iron Jugulis|Dark Pulse|p2a: Dragonite
|-damage|p2a: Dragonite|33/100 brn
|move|p2a: Dragonite|Scale Shot|p1a: Iron Jugulis
|-damage|p1a: Iron Jugulis|83/100
|-damage|p1a: Iron Jugulis|65/100
|-damage|p1a: Iron Jugulis|47/100
|-damage|p1a: Iron Jugulis|28/100
|-damage|p1a: Iron Jugulis|12/100
|-hitcount|p1a: Iron Jugulis|5
|-unboost|p2a: Dragonite|def|1
|-boost|p2a: Dragonite|spe|1
|
|-damage|p2a: Dragonite|27/100 brn|[from] brn
|upkeep
|turn|16
|
|t:|1757907510
|move|p2a: Dragonite|Extreme Speed|p1a: Iron Jugulis
|-damage|p1a: Iron Jugulis|0 fnt
|faint|p1a: Iron Jugulis
|-end|p1a: Iron Jugulis|Quark Drive|[silent]
|
|-damage|p2a: Dragonite|21/100 brn|[from] brn
|upkeep
|
|t:|1757907512
|switch|p1a: Cinderace|Cinderace, F|70/100
|turn|17
|
|t:|1757907517
|move|p2a: Dragonite|Extreme Speed|p1a: Cinderace
|-damage|p1a: Cinderace|32/100
|move|p1a: Cinderace|Pyro Ball|p2a: Dragonite
|-resisted|p2a: Dragonite
|-damage|p2a: Dragonite|0 fnt
|faint|p2a: Dragonite
|
|upkeep
|
|t:|1757907522
|switch|p2a: Darkrai|Darkrai|100/100
|turn|18
|
|t:|1757907524
|move|p2a: Darkrai|Dark Pulse|p1a: Cinderace
|-damage|p1a: Cinderace|0 fnt
|faint|p1a: Cinderace
|
|win|BettyLaBonita
|raw|Black Man Lover's rating: 1604 &rarr; <strong>1588</strong><br />(-16 for losing)
|raw|BettyLaBonita's rating: 1681 &rarr; <strong>1697</strong><br />(+16 for winning)
|l|☆Black Man Lover
|player|p1|
|l|☆BettyLaBonita
|player|p2|
