|j|☆xcPurple
|j|☆H0llo
|t:|1757851268
|gametype|singles
|player|p1|xcPurple|rosa|1399
|player|p2|H0llo|idol|1536
|gen|9
|tier|[Gen 9] OU
|rated|
|rule|HP Percentage Mod: HP is shown in percentages
|rule|Endless Battle Clause: Forcing endless battles is banned
|rule|Species Clause: Limit one of each Pokémon
|rule|OHKO Clause: OHKO moves are banned
|rule|Evasion Items Clause: Evasion items are banned
|rule|Evasion Moves Clause: Evasion moves are banned
|rule|Evasion Abilities Clause: Evasion abilities are banned
|rule|Sleep Moves Clause: Sleep-inducing moves are banned
|clearpoke
|poke|p1|Pelipper, F|
|poke|p1|Greninja-*, M|
|poke|p1|Basculegion, M|
|poke|p1|Zapdos|
|poke|p1|Sandy Shocks|
|poke|p1|Scizor, M|
|poke|p2|Gliscor, M|
|poke|p2|Alomomola, F|
|poke|p2|Pecharunt|
|poke|p2|Great Tusk|
|poke|p2|Weavile, F|
|poke|p2|Iron Crown|
|teampreview
|inactive|Battle timer is ON: inactive players will automatically lose when time's up. (requested by xcPurple)
|
|t:|1757851288
|teamsize|p1|6
|teamsize|p2|6
|start
|switch|p1a: Sandy Shocks|Sandy Shocks, shiny|100/100
|switch|p2a: Iron Crown|Iron Crown|100/100
|-enditem|p1a: Sandy Shocks|Booster Energy
|-activate|p1a: Sandy Shocks|ability: Protosynthesis|[fromitem]
|-start|p1a: Sandy Shocks|protosynthesisspe
|turn|1
|
|t:|1757851294
|-end|p2a: Iron Crown|Quark Drive|[silent]
|switch|p2a: Gliscor|Gliscor, M|100/100
|move|p1a: Sandy Shocks|Earth Power|p2a: Gliscor
|-immune|p2a: Gliscor
|
|-status|p2a: Gliscor|tox|[from] item: Toxic Orb
|upkeep
|turn|2
|
|t:|1757851315
|-terastallize|p1a: Sandy Shocks|Ice
|move|p1a: Sandy Shocks|Tera Blast|p2a: Gliscor|[anim] Tera Blast Ice
|-supereffective|p2a: Gliscor
|-damage|p2a: Gliscor|0 fnt
|faint|p2a: Gliscor
|
|upkeep
|
|t:|1757851327
|switch|p2a: Iron Crown|Iron Crown|100/100
|turn|3
|
|t:|1757851332
|move|p1a: Sandy Shocks|Stealth Rock|p2a: Iron Crown
|-sidestart|p2: H0llo|move: Stealth Rock
|move|p2a: Iron Crown|Tachyon Cutter|p1a: Sandy Shocks
|-supereffective|p1a: Sandy Shocks
|-damage|p1a: Sandy Shocks|10/100
|-supereffective|p1a: Sandy Shocks
|-damage|p1a: Sandy Shocks|0 fnt
|faint|p1a: Sandy Shocks
|-end|p1a: Sandy Shocks|Protosynthesis|[silent]
|-hitcount|p1: Sandy Shocks|2
|
|upkeep
|
|t:|1757851339
|switch|p1a: Pelipper|Pelipper, F|100/100
|-weather|RainDance|[from] ability: Drizzle|[of] p1a: Pelipper
|turn|4
|
|t:|1757851343
|move|p2a: Iron Crown|Tachyon Cutter|p1a: Pelipper
|-resisted|p1a: Pelipper
|-damage|p1a: Pelipper|74/100
|-resisted|p1a: Pelipper
|-damage|p1a: Pelipper|50/100
|-hitcount|p1a: Pelipper|2
|move|p1a: Pelipper|U-turn|p2a: Iron Crown
|-damage|p2a: Iron Crown|92/100
|
|t:|1757851354
|switch|p1a: Basculegion|Basculegion, M|100/100|[from] U-turn
|
|-weather|RainDance|[upkeep]
|upkeep
|turn|5
|
|t:|1757851360
|-end|p2a: Iron Crown|Quark Drive|[silent]
|switch|p2a: Great Tusk|Great Tusk|100/100
|-damage|p2a: Great Tusk|98/100|[from] Stealth Rock
|move|p1a: Basculegion|Wave Crash|p2a: Great Tusk
|-supereffective|p2a: Great Tusk
|-crit|p2a: Great Tusk
|-damage|p2a: Great Tusk|0 fnt
|-damage|p1a: Basculegion|84/100|[from] item: Rocky Helmet|[of] p2a: Great Tusk
|faint|p2a: Great Tusk
|-end|p2a: Great Tusk|Protosynthesis|[silent]
|-damage|p1a: Basculegion|56/100|[from] Recoil
|
|-weather|RainDance|[upkeep]
|upkeep
|
|t:|1757851363
|switch|p2a: Pecharunt|Pecharunt|100/100
|turn|6
|
|t:|1757851373
|switch|p1a: Zapdos|Zapdos, shiny|100/100
|move|p2a: Pecharunt|Foul Play|p1a: Zapdos
|-damage|p1a: Zapdos|86/100
|-status|p2a: Pecharunt|par|[from] ability: Static|[of] p1a: Zapdos
|
|-weather|RainDance|[upkeep]
|upkeep
|turn|7
|
|t:|1757851381
|move|p1a: Zapdos|U-turn|p2a: Pecharunt
|-resisted|p2a: Pecharunt
|-damage|p2a: Pecharunt|99/100 par
|
|t:|1757851389
|switch|p1a: Scizor|Scizor, M|100/100|[from] U-turn
|move|p2a: Pecharunt|Parting Shot|p1a: Scizor
|-unboost|p1a: Scizor|atk|1
|-unboost|p1a: Scizor|spa|1
|
|t:|1757851400
|switch|p2a: Iron Crown|Iron Crown|92/100|[from] Parting Shot
|-damage|p2a: Iron Crown|86/100|[from] Stealth Rock
|
|-weather|RainDance|[upkeep]
|upkeep
|turn|8
|
|t:|1757851405
|move|p2a: Iron Crown|Volt Switch|p1a: Scizor
|-damage|p1a: Scizor|62/100
|
|t:|1757851415
|-end|p2a: Iron Crown|Quark Drive|[silent]
|switch|p2a: Pecharunt|Pecharunt|99/100 par|[from] Volt Switch
|move|p1a: Scizor|Knock Off|p2a: Pecharunt
|-supereffective|p2a: Pecharunt
|-damage|p2a: Pecharunt|71/100 par
|-enditem|p2a: Pecharunt|Heavy-Duty Boots|[from] move: Knock Off|[of] p1a: Scizor
|
|-weather|RainDance|[upkeep]
|upkeep
|turn|9
|
|t:|1757851424
|-terastallize|p2a: Pecharunt|Dark
|move|p1a: Scizor|U-turn|p2a: Pecharunt
|-supereffective|p2a: Pecharunt
|-damage|p2a: Pecharunt|37/100 par
|
|t:|1757851431
|switch|p1a: Zapdos|Zapdos, shiny|86/100|[from] U-turn
|move|p2a: Pecharunt|Recover|p2a: Pecharunt
|-heal|p2a: Pecharunt|87/100 par
|
|-weather|RainDance|[upkeep]
|upkeep
|turn|10
|
|t:|1757851436
|move|p1a: Zapdos|U-turn|p2a: Pecharunt
|-supereffective|p2a: Pecharunt
|-damage|p2a: Pecharunt|74/100 par
|
|t:|1757851439
|switch|p1a: Greninja|Greninja, M|100/100|[from] U-turn
|move|p2a: Pecharunt|Parting Shot|p1a: Greninja
|-unboost|p1a: Greninja|atk|1
|-unboost|p1a: Greninja|spa|1
|
|t:|1757851445
|switch|p2a: Iron Crown|Iron Crown|86/100|[from] Parting Shot
|-damage|p2a: Iron Crown|79/100|[from] Stealth Rock
|
|-weather|RainDance|[upkeep]
|upkeep
|turn|11
|
|t:|1757851450
|move|p1a: Greninja|Surf|p2a: Iron Crown
|-damage|p2a: Iron Crown|30/100
|-damage|p1a: Greninja|91/100|[from] item: Life Orb
|move|p2a: Iron Crown|Volt Switch|p1a: Greninja
|-supereffective|p1a: Greninja
|-damage|p1a: Greninja|0 fnt
|faint|p1a: Greninja
|
|t:|1757851459
|-end|p2a: Iron Crown|Quark Drive|[silent]
|switch|p2a: Alomomola|Alomomola, F|100/100|[from] Volt Switch
|-damage|p2a: Alomomola|88/100|[from] Stealth Rock
|
|-weather|none
|upkeep
|
|t:|1757851462
|switch|p1a: Pelipper|Pelipper, F|50/100
|-weather|RainDance|[from] ability: Drizzle|[of] p1a: Pelipper
|turn|12
|
|t:|1757851466
|switch|p1a: Zapdos|Zapdos, shiny|86/100
|move|p2a: Alomomola|Flip Turn|p1a: Zapdos
|-damage|p1a: Zapdos|60/100
|
|t:|1757851468
|switch|p2a: Weavile|Weavile, F|100/100|[from] Flip Turn
|-ability|p2a: Weavile|Pressure
|
|-weather|RainDance|[upkeep]
|upkeep
|turn|13
|
|t:|1757851475
|move|p2a: Weavile|Triple Axel|p1a: Zapdos
|-supereffective|p1a: Zapdos
|-damage|p1a: Zapdos|43/100
|-supereffective|p1a: Zapdos
|-damage|p1a: Zapdos|6/100
|-status|p2a: Weavile|par|[from] ability: Static|[of] p1a: Zapdos
|-supereffective|p1a: Zapdos
|-damage|p1a: Zapdos|0 fnt
|faint|p1a: Zapdos
|-hitcount|p1: Zapdos|3
|
|-weather|RainDance|[upkeep]
|upkeep
|
|t:|1757851481
|switch|p1a: Basculegion|Basculegion, M|56/100
|turn|14
|
|t:|1757851488
|switch|p2a: Iron Crown|Iron Crown|30/100
|-damage|p2a: Iron Crown|24/100|[from] Stealth Rock
|move|p1a: Basculegion|Wave Crash|p2a: Iron Crown
|-damage|p2a: Iron Crown|0 fnt
|faint|p2a: Iron Crown
|-end|p2a: Iron Crown|Quark Drive|[silent]
|-damage|p1a: Basculegion|50/100|[from] Recoil
|
|-weather|RainDance|[upkeep]
|upkeep
|
|t:|1757851490
|switch|p2a: Pecharunt|Pecharunt, tera:Dark|74/100 par
|-damage|p2a: Pecharunt|62/100 par|[from] Stealth Rock
|turn|15
|
|t:|1757851494
|move|p1a: Basculegion|Wave Crash|p2a: Pecharunt
|-damage|p2a: Pecharunt|0 fnt
|faint|p2a: Pecharunt
|-damage|p1a: Basculegion|32/100|[from] Recoil
|
|-weather|RainDance|[upkeep]
|upkeep
|
|t:|1757851498
|switch|p2a: Alomomola|Alomomola, F|100/100
|-damage|p2a: Alomomola|88/100|[from] Stealth Rock
|turn|16
|
|t:|1757851501
|move|p1a: Basculegion|Wave Crash|p2a: Alomomola
|-resisted|p2a: Alomomola
|-damage|p2a: Alomomola|38/100
|-damage|p1a: Basculegion|12/100|[from] Recoil
|move|p2a: Alomomola|Flip Turn|p1a: Basculegion
|-resisted|p1a: Basculegion
|-damage|p1a: Basculegion|0 fnt
|faint|p1a: Basculegion
|
|t:|1757851504
|switch|p2a: Weavile|Weavile, F|100/100 par|[from] Flip Turn
|-ability|p2a: Weavile|Pressure
|
|-weather|RainDance|[upkeep]
|upkeep
|
|t:|1757851507
|switch|p1a: Scizor|Scizor, M|62/100
|turn|17
|
|t:|1757851510
|switch|p2a: Alomomola|Alomomola, F|71/100
|-damage|p2a: Alomomola|59/100|[from] Stealth Rock
|move|p1a: Scizor|Bullet Punch|p2a: Alomomola
|-resisted|p2a: Alomomola
|-damage|p2a: Alomomola|46/100
|
|-weather|RainDance|[upkeep]
|upkeep
|turn|18
|
|t:|1757851517
|move|p1a: Scizor|Knock Off|p2a: Alomomola
|-damage|p2a: Alomomola|16/100
|-enditem|p2a: Alomomola|Assault Vest|[from] move: Knock Off|[of] p1a: Scizor
|move|p2a: Alomomola|Flip Turn|p1a: Scizor
|-damage|p1a: Scizor|35/100
|
|t:|1757851520
|switch|p2a: Weavile|Weavile, F|100/100 par|[from] Flip Turn
|-ability|p2a: Weavile|Pressure
|
|-weather|RainDance|[upkeep]
|upkeep
|turn|19
|
|t:|1757851526
|move|p1a: Scizor|Bullet Punch|p2a: Weavile
|-supereffective|p2a: Weavile
|-damage|p2a: Weavile|0 fnt
|faint|p2a: Weavile
|
|-weather|none
|upkeep
|
|t:|1757851529
|switch|p2a: Alomomola|Alomomola, F|50/100
|-damage|p2a: Alomomola|37/100|[from] Stealth Rock
|turn|20
|
|t:|1757851534
|move|p1a: Scizor|Bullet Punch|p2a: Alomomola
|-resisted|p2a: Alomomola
|-damage|p2a: Alomomola|25/100
|move|p2a: Alomomola|Flip Turn|p1a: Scizor
|-damage|p1a: Scizor|18/100
|
|upkeep
|turn|21
|
|t:|1757851544
|move|p1a: Scizor|Close Combat|p2a: Alomomola
|-damage|p2a: Alomomola|0 fnt
|-unboost|p1a: Scizor|def|1
|-unboost|p1a: Scizor|spd|1
|faint|p2a: Alomomola
|
|win|xcPurple
|raw|xcPurple's rating: 1399 &rarr; <strong>1427</strong><br />(+28 for winning)
|raw|H0llo's rating: 1536 &rarr; <strong>1508</strong><br />(-28 for losing)
|l|☆H0llo
|player|p2|
|l|☆xcPurple
|player|p1|
