|j|☆Lub2
|j|☆Naked Plagiarist
|t:|1757840909
|gametype|singles
|player|p1|Lub2|zinzolin|1101
|player|p2|Naked Plagiarist|hiker-gen4|1078
|gen|9
|tier|[Gen 9] OU
|rated|
|rule|HP Percentage Mod: HP is shown in percentages
|rule|Endless Battle Clause: Forcing endless battles is banned
|rule|Species Clause: Limit one of each Pokémon
|rule|OHKO Clause: OHKO moves are banned
|rule|Evasion Items Clause: Evasion items are banned
|rule|Evasion Moves Clause: Evasion moves are banned
|rule|Evasion Abilities Clause: Evasion abilities are banned
|rule|Sleep Moves Clause: Sleep-inducing moves are banned
|clearpoke
|poke|p1|Abomasnow, M|
|poke|p1|Sableye, M|
|poke|p1|Gengar, M|
|poke|p1|Gliscor, F|
|poke|p1|Cetitan, M|
|poke|p1|Slowking-Galar, F|
|poke|p2|Gengar, M|
|poke|p2|Quagsire, F|
|poke|p2|Tsareena, F|
|poke|p2|Dragonite, F|
|poke|p2|Hitmonchan, M|
|poke|p2|Bastiodon, M|
|teampreview
|
|t:|1757840936
|teamsize|p1|6
|teamsize|p2|6
|start
|switch|p1a: Gliscor|Gliscor, F|100/100
|switch|p2a: Bastiodon|Bastiodon, M|100/100
|turn|1
|
|t:|1757840962
|switch|p2a: Dragonite|Dragonite, F|100/100
|move|p1a: Gliscor|Toxic Spikes|p2a: Dragonite
|-sidestart|p2: Naked Plagiarist|move: Toxic Spikes
|
|-status|p1a: Gliscor|tox|[from] item: Toxic Orb
|upkeep
|turn|2
|
|t:|1757840971
|move|p2a: Dragonite|Dragon Dance|p2a: Dragonite
|-boost|p2a: Dragonite|atk|1
|-boost|p2a: Dragonite|spe|1
|move|p1a: Gliscor|Ice Fang|p2a: Dragonite
|-supereffective|p2a: Dragonite
|-crit|p2a: Dragonite
|-damage|p2a: Dragonite|52/100
|-status|p2a: Dragonite|frz
|
|-heal|p2a: Dragonite|58/100 frz|[from] item: Leftovers
|upkeep
|turn|3
|
|t:|1757840985
|switch|p1a: Gengar|Gengar, M, shiny|100/100
|cant|p2a: Dragonite|frz
|
|-heal|p2a: Dragonite|64/100 frz|[from] item: Leftovers
|upkeep
|turn|4
|
|t:|1757840996
|switch|p2a: Bastiodon|Bastiodon, M|100/100
|move|p1a: Gengar|Hex|p2a: Bastiodon
|-damage|p2a: Bastiodon|66/100
|
|upkeep
|turn|5
|
|t:|1757841005
|switch|p1a: Gliscor|Gliscor, F|100/100 tox
|move|p2a: Bastiodon|Stealth Rock|p1a: Gliscor
|-sidestart|p1: Lub2|move: Stealth Rock
|
|upkeep
|turn|6
|
|t:|1757841020
|switch|p2a: Dragonite|Dragonite, F|64/100 frz
|move|p1a: Gliscor|Earthquake|p2a: Dragonite
|-immune|p2a: Dragonite
|
|-heal|p2a: Dragonite|70/100 frz|[from] item: Leftovers
|upkeep
|turn|7
|
|t:|1757841029
|cant|p2a: Dragonite|frz
|move|p1a: Gliscor|Ice Fang|p2a: Dragonite|[miss]
|-miss|p1a: Gliscor|p2a: Dragonite
|
|-heal|p2a: Dragonite|76/100 frz|[from] item: Leftovers
|upkeep
|turn|8
|
|t:|1757841037
|cant|p2a: Dragonite|frz
|move|p1a: Gliscor|Ice Fang|p2a: Dragonite
|-supereffective|p2a: Dragonite
|-damage|p2a: Dragonite|18/100 frz
|
|-heal|p2a: Dragonite|24/100 frz|[from] item: Leftovers
|upkeep
|turn|9
|
|t:|1757841045
|cant|p2a: Dragonite|frz
|move|p1a: Gliscor|Ice Fang|p2a: Dragonite
|-supereffective|p2a: Dragonite
|-damage|p2a: Dragonite|0 fnt
|faint|p2a: Dragonite
|
|upkeep
|
|t:|1757841065
|switch|p2a: Tsareena|Tsareena, F|100/100
|-status|p2a: Tsareena|psn
|turn|10
|
|t:|1757841073
|move|p1a: Gliscor|Ice Fang|p2a: Tsareena
|-supereffective|p2a: Tsareena
|-damage|p2a: Tsareena|72/100 psn
|move|p2a: Tsareena|Rapid Spin|p1a: Gliscor
|-crit|p1a: Gliscor
|-damage|p1a: Gliscor|84/100 tox
|-boost|p2a: Tsareena|spe|1
|-sideend|p2: Naked Plagiarist|Toxic Spikes|[from] move: Rapid Spin|[of] p2a: Tsareena
|
|-damage|p2a: Tsareena|60/100 psn|[from] psn
|-heal|p1a: Gliscor|96/100 tox|[from] ability: Poison Heal
|upkeep
|turn|11
|
|t:|1757841090
|move|p2a: Tsareena|Knock Off|p1a: Gliscor
|-damage|p1a: Gliscor|73/100 tox
|-enditem|p1a: Gliscor|Toxic Orb|[from] move: Knock Off|[of] p2a: Tsareena
|move|p1a: Gliscor|Ice Fang|p2a: Tsareena
|-supereffective|p2a: Tsareena
|-damage|p2a: Tsareena|32/100 psn
|
|-damage|p2a: Tsareena|20/100 psn|[from] psn
|-heal|p1a: Gliscor|86/100 tox|[from] ability: Poison Heal
|upkeep
|turn|12
|
|t:|1757841105
|move|p2a: Tsareena|Acrobatics|p1a: Gliscor
|-damage|p1a: Gliscor|73/100 tox
|move|p1a: Gliscor|Toxic Spikes|p2a: Tsareena
|-sidestart|p2: Naked Plagiarist|move: Toxic Spikes
|
|-damage|p2a: Tsareena|8/100 psn|[from] psn
|-heal|p1a: Gliscor|86/100 tox|[from] ability: Poison Heal
|upkeep
|turn|13
|
|t:|1757841116
|move|p1a: Gliscor|Protect|p1a: Gliscor
|-singleturn|p1a: Gliscor|Protect
|move|p2a: Tsareena|Rapid Spin|p1a: Gliscor
|-activate|p1a: Gliscor|move: Protect
|
|-damage|p2a: Tsareena|0 fnt|[from] psn
|faint|p2a: Tsareena
|-heal|p1a: Gliscor|98/100 tox|[from] ability: Poison Heal
|upkeep
|
|t:|1757841132
|switch|p2a: Bastiodon|Bastiodon, M|66/100
|turn|14
|
|t:|1757841140
|move|p1a: Gliscor|Earthquake|p2a: Bastiodon
|-supereffective|p2a: Bastiodon
|-damage|p2a: Bastiodon|0 fnt
|faint|p2a: Bastiodon
|
|-heal|p1a: Gliscor|100/100 tox|[from] ability: Poison Heal
|upkeep
|
|t:|1757841147
|switch|p2a: Hitmonchan|Hitmonchan, M|100/100
|-status|p2a: Hitmonchan|psn
|turn|15
|
|t:|1757841155
|switch|p1a: Gengar|Gengar, M, shiny|100/100
|-damage|p1a: Gengar|88/100|[from] Stealth Rock
|move|p2a: Hitmonchan|Ice Punch|p1a: Gengar
|-damage|p1a: Gengar|48/100
|
|-damage|p2a: Hitmonchan|88/100 psn|[from] psn
|upkeep
|turn|16
|
|t:|1757841166
|move|p2a: Hitmonchan|Bullet Punch|p1a: Gengar
|-damage|p1a: Gengar|25/100
|-start|p2a: Hitmonchan|Disable|Bullet Punch|[from] ability: Cursed Body|[of] p1a: Gengar
|move|p1a: Gengar|Hex|p2a: Hitmonchan
|-damage|p2a: Hitmonchan|0 fnt
|faint|p2a: Hitmonchan
|
|upkeep
|
|t:|1757841175
|switch|p2a: Gengar|Gengar, M|100/100
|-sideend|p2: Naked Plagiarist|move: Toxic Spikes|[of] p2a: Gengar
|turn|17
|
|t:|1757841181
|move|p2a: Gengar|Shadow Ball|p1a: Gengar
|-supereffective|p1a: Gengar
|-damage|p1a: Gengar|0 fnt
|faint|p1a: Gengar
|
|upkeep
|
|t:|1757841184
|switch|p1a: Sableye|Sableye, M|100/100
|-damage|p1a: Sableye|88/100|[from] Stealth Rock
|turn|18
|
|t:|1757841191
|move|p1a: Sableye|Thunder Wave|p2a: Gengar
|-status|p2a: Gengar|par
|cant|p2a: Gengar|par
|
|upkeep
|turn|19
|
|t:|1757841198
|move|p2a: Gengar|Shadow Ball|p1a: Sableye
|-damage|p1a: Sableye|40/100
|move|p1a: Sableye|Knock Off|p2a: Gengar
|-supereffective|p2a: Gengar
|-damage|p2a: Gengar|1/100 par
|-enditem|p2a: Gengar|Black Sludge|[from] move: Knock Off|[of] p1a: Sableye
|
|upkeep
|turn|20
|
|t:|1757841210
|move|p1a: Sableye|Encore|p2a: Gengar
|-start|p2a: Gengar|Encore
|move|p2a: Gengar|Shadow Ball|p1a: Sableye
|-damage|p1a: Sableye|0 fnt
|faint|p1a: Sableye
|
|upkeep
|
|t:|1757841217
|switch|p1a: Gliscor|Gliscor, F|100/100 tox
|-damage|p1a: Gliscor|88/100 tox|[from] Stealth Rock
|turn|21
|
|t:|1757841228
|move|p1a: Gliscor|Toxic Spikes|p2a: Gengar
|-sidestart|p2: Naked Plagiarist|move: Toxic Spikes
|move|p2a: Gengar|Shadow Ball|p1a: Gliscor
|-damage|p1a: Gliscor|36/100 tox
|
|-heal|p1a: Gliscor|49/100 tox|[from] ability: Poison Heal
|upkeep
|turn|22
|
|t:|1757841236
|move|p1a: Gliscor|Earthquake|p2a: Gengar
|-supereffective|p2a: Gengar
|-damage|p2a: Gengar|0 fnt
|faint|p2a: Gengar
|
|-heal|p1a: Gliscor|61/100 tox|[from] ability: Poison Heal
|upkeep
|
|t:|1757841243
|switch|p2a: Quagsire|Quagsire, F|100/100
|-status|p2a: Quagsire|psn
|turn|23
|
|t:|1757841258
|move|p1a: Gliscor|Earthquake|p2a: Quagsire
|-crit|p2a: Quagsire
|-damage|p2a: Quagsire|67/100 psn
|move|p2a: Quagsire|Surf|p1a: Gliscor
|-supereffective|p1a: Gliscor
|-damage|p1a: Gliscor|13/100 tox
|
|-heal|p2a: Quagsire|73/100 psn|[from] item: Leftovers
|-heal|p1a: Gliscor|25/100 tox|[from] ability: Poison Heal
|-damage|p2a: Quagsire|61/100 psn|[from] psn
|upkeep
|turn|24
|
|t:|1757841270
|switch|p1a: Slowking|Slowking-Galar, F, shiny|100/100
|-damage|p1a: Slowking|88/100|[from] Stealth Rock
|move|p2a: Quagsire|Surf|p1a: Slowking
|-damage|p1a: Slowking|74/100
|
|-heal|p2a: Quagsire|67/100 psn|[from] item: Leftovers
|-damage|p2a: Quagsire|54/100 psn|[from] psn
|upkeep
|turn|25
|
|t:|1757841284
|move|p2a: Quagsire|Earthquake|p1a: Slowking
|-supereffective|p1a: Slowking
|-damage|p1a: Slowking|12/100
|move|p1a: Slowking|Psychic Noise|p2a: Quagsire
|-damage|p2a: Quagsire|17/100 psn
|-start|p2a: Quagsire|move: Heal Block
|
|-damage|p2a: Quagsire|4/100 psn|[from] psn
|upkeep
|turn|26
|
|t:|1757841297
|switch|p1a: Gliscor|Gliscor, F|25/100 tox
|-damage|p1a: Gliscor|13/100 tox|[from] Stealth Rock
|move|p2a: Quagsire|Earthquake|p1a: Gliscor
|-immune|p1a: Gliscor
|
|-heal|p1a: Gliscor|25/100 tox|[from] ability: Poison Heal
|-damage|p2a: Quagsire|0 fnt|[from] psn
|faint|p2a: Quagsire
|
|win|Lub2
|raw|Lub2's rating: 1101 &rarr; <strong>1124</strong><br />(+23 for winning)
|raw|Naked Plagiarist's rating: 1078 &rarr; <strong>1058</strong><br />(-20 for losing)
|l|☆Naked Plagiarist
|player|p2|
|l|☆Lub2
|player|p1|
