|j|☆harleywood
|j|☆DickbuttWasTaken
|t:|1757904179
|gametype|singles
|player|p1|harleywood|cyclistf-gen4|1070
|player|p2|DickbuttWasTaken|clown|1113
|gen|9
|tier|[Gen 9] OU
|rated|
|rule|HP Percentage Mod: HP is shown in percentages
|rule|Endless Battle Clause: Forcing endless battles is banned
|rule|Species Clause: Limit one of each Pokémon
|rule|OHKO Clause: OHKO moves are banned
|rule|Evasion Items Clause: Evasion items are banned
|rule|Evasion Moves Clause: Evasion moves are banned
|rule|Evasion Abilities Clause: Evasion abilities are banned
|rule|Sleep Moves Clause: Sleep-inducing moves are banned
|clearpoke
|poke|p1|Clodsire, M|
|poke|p1|Rotom-Wash|
|poke|p1|Tinkaton, F|
|poke|p1|Iron Moth|
|poke|p1|Swampert, F|
|poke|p1|Scyther, M|
|poke|p2|Blaziken, F|
|poke|p2|Metagross|
|poke|p2|Chesnaught, M|
|poke|p2|Garchomp, F|
|poke|p2|Tentacruel, M|
|poke|p2|Greninja-*, M|
|teampreview
|
|t:|1757904197
|teamsize|p1|6
|teamsize|p2|6
|start
|switch|p1a: Clodsire|Clodsire, M|100/100
|switch|p2a: Greninja|Greninja, M|100/100
|turn|1
|
|t:|1757904215
|move|p2a: Greninja|Toxic Spikes|p1a: Clodsire
|-sidestart|p1: harleywood|move: Toxic Spikes
|move|p1a: Clodsire|Toxic|p2a: Greninja
|-status|p2a: Greninja|tox
|
|-damage|p2a: Greninja|95/100 tox|[from] psn
|upkeep
|turn|2
|
|t:|1757904221
|move|p2a: Greninja|Toxic Spikes|p1a: Clodsire
|-sidestart|p1: harleywood|move: Toxic Spikes
|move|p1a: Clodsire|Earthquake|p2a: Greninja
|-damage|p2a: Greninja|46/100 tox
|
|-damage|p2a: Greninja|34/100 tox|[from] psn
|upkeep
|turn|3
|
|t:|1757904228
|move|p2a: Greninja|Hydro Pump|p1a: Clodsire
|-immune|p1a: Clodsire|[from] ability: Water Absorb
|move|p1a: Clodsire|Earthquake|p2a: Greninja
|-damage|p2a: Greninja|0 fnt
|faint|p2a: Greninja
|
|upkeep
|
|t:|1757904242
|switch|p2a: Garchomp|Garchomp, F|100/100
|turn|4
|
|t:|1757904254
|switch|p1a: Tinkaton|Tinkaton, F|100/100
|-ability|p1a: Tinkaton|Mold Breaker
|move|p2a: Garchomp|Earthquake|p1a: Tinkaton
|-supereffective|p1a: Tinkaton
|-damage|p1a: Tinkaton|0 fnt
|faint|p1a: Tinkaton
|
|upkeep
|
|t:|1757904264
|switch|p1a: Rotom|Rotom-Wash|100/100
|turn|5
|
|t:|1757904275
|switch|p2a: Chesnaught|Chesnaught, M|100/100
|move|p1a: Rotom|Will-O-Wisp|p2a: Chesnaught
|-status|p2a: Chesnaught|brn
|
|-damage|p2a: Chesnaught|95/100 brn|[from] brn
|upkeep
|turn|6
|
|t:|1757904288
|switch|p1a: Iron Moth|Iron Moth|100/100
|-sideend|p1: harleywood|move: Toxic Spikes|[of] p1a: Iron Moth
|-enditem|p1a: Iron Moth|Booster Energy
|-activate|p1a: Iron Moth|ability: Quark Drive|[fromitem]
|-start|p1a: Iron Moth|quarkdrivespa
|move|p2a: Chesnaught|Leech Seed|p1a: Iron Moth
|-start|p1a: Iron Moth|move: Leech Seed
|
|-damage|p1a: Iron Moth|88/100|[from] Leech Seed|[of] p2a: Chesnaught
|-heal|p2a: Chesnaught|100/100 brn|[silent]
|-damage|p2a: Chesnaught|95/100 brn|[from] brn
|upkeep
|turn|7
|
|t:|1757904302
|-terastallize|p1a: Iron Moth|Fire
|move|p2a: Chesnaught|Spiky Shield|p2a: Chesnaught
|-singleturn|p2a: Chesnaught|move: Protect
|move|p1a: Iron Moth|Fiery Dance|p2a: Chesnaught
|-activate|p2a: Chesnaught|move: Protect
|
|-damage|p1a: Iron Moth|76/100|[from] Leech Seed|[of] p2a: Chesnaught
|-heal|p2a: Chesnaught|100/100 brn|[silent]
|-damage|p2a: Chesnaught|95/100 brn|[from] brn
|upkeep
|turn|8
|
|t:|1757904335
|switch|p2a: Tentacruel|Tentacruel, M|100/100
|move|p1a: Iron Moth|Fiery Dance|p2a: Tentacruel
|-resisted|p2a: Tentacruel
|-damage|p2a: Tentacruel|78/100
|
|-heal|p2a: Tentacruel|84/100|[from] item: Leftovers
|-damage|p1a: Iron Moth|64/100|[from] Leech Seed|[of] p2a: Tentacruel
|-heal|p2a: Tentacruel|94/100|[silent]
|upkeep
|turn|9
|
|t:|1757904343
|-end|p1a: Iron Moth|Quark Drive|[silent]
|switch|p1a: Clodsire|Clodsire, M|100/100
|move|p2a: Tentacruel|Rain Dance|p2a: Tentacruel
|-weather|RainDance
|
|-weather|RainDance|[upkeep]
|-heal|p2a: Tentacruel|99/100|[from] ability: Rain Dish
|-heal|p2a: Tentacruel|100/100|[from] item: Leftovers
|upkeep
|turn|10
|
|t:|1757904353
|move|p2a: Tentacruel|Protect|p2a: Tentacruel
|-singleturn|p2a: Tentacruel|Protect
|move|p1a: Clodsire|Earthquake|p2a: Tentacruel
|-activate|p2a: Tentacruel|move: Protect
|
|-weather|RainDance|[upkeep]
|upkeep
|turn|11
|
|t:|1757904365
|switch|p2a: Chesnaught|Chesnaught, M|95/100 brn
|move|p1a: Clodsire|Earthquake|p2a: Chesnaught
|-resisted|p2a: Chesnaught
|-damage|p2a: Chesnaught|84/100 brn
|
|-weather|RainDance|[upkeep]
|-damage|p2a: Chesnaught|78/100 brn|[from] brn
|upkeep
|turn|12
|
|t:|1757904376
|switch|p1a: Scyther|Scyther, M|100/100
|move|p2a: Chesnaught|Leech Seed|p1a: Scyther
|-start|p1a: Scyther|move: Leech Seed
|
|-weather|RainDance|[upkeep]
|-damage|p1a: Scyther|88/100|[from] Leech Seed|[of] p2a: Chesnaught
|-heal|p2a: Chesnaught|89/100 brn|[silent]
|-damage|p2a: Chesnaught|83/100 brn|[from] brn
|upkeep
|turn|13
|
|t:|1757904396
|move|p1a: Scyther|Bug Bite|p2a: Chesnaught
|-damage|p2a: Chesnaught|53/100 brn
|move|p2a: Chesnaught|Bulk Up|p2a: Chesnaught
|-boost|p2a: Chesnaught|atk|1
|-boost|p2a: Chesnaught|def|1
|
|-weather|none
|-damage|p1a: Scyther|76/100|[from] Leech Seed|[of] p2a: Chesnaught
|-heal|p2a: Chesnaught|64/100 brn|[silent]
|-damage|p2a: Chesnaught|58/100 brn|[from] brn
|upkeep
|turn|14
|
|t:|1757904406
|move|p1a: Scyther|Dual Wingbeat|p2a: Chesnaught
|-supereffective|p2a: Chesnaught
|-damage|p2a: Chesnaught|0 fnt
|faint|p2a: Chesnaught
|-hitcount|p2: Chesnaught|1
|
|upkeep
|
|t:|1757904417
|switch|p2a: Tentacruel|Tentacruel, M|100/100
|turn|15
|
|t:|1757904423
|switch|p1a: Clodsire|Clodsire, M|100/100
|move|p2a: Tentacruel|Rain Dance|p2a: Tentacruel
|-weather|RainDance
|
|-weather|RainDance|[upkeep]
|upkeep
|turn|16
|
|t:|1757904432
|move|p2a: Tentacruel|Protect|p2a: Tentacruel
|-singleturn|p2a: Tentacruel|Protect
|move|p1a: Clodsire|Stealth Rock|p2a: Tentacruel
|-sidestart|p2: DickbuttWasTaken|move: Stealth Rock
|
|-weather|RainDance|[upkeep]
|upkeep
|turn|17
|
|t:|1757904439
|switch|p2a: Garchomp|Garchomp, F|100/100
|-damage|p2a: Garchomp|94/100|[from] Stealth Rock
|move|p1a: Clodsire|Earthquake|p2a: Garchomp
|-damage|p2a: Garchomp|68/100
|
|-weather|RainDance|[upkeep]
|upkeep
|turn|18
|
|t:|1757904462
|switch|p1a: Rotom|Rotom-Wash|100/100
|move|p2a: Garchomp|Stone Edge|p1a: Rotom
|-damage|p1a: Rotom|54/100
|
|-weather|RainDance|[upkeep]
|-heal|p1a: Rotom|61/100|[from] item: Leftovers
|upkeep
|turn|19
|
|t:|1757904472
|switch|p2a: Tentacruel|Tentacruel, M|100/100
|-damage|p2a: Tentacruel|88/100|[from] Stealth Rock
|move|p1a: Rotom|Will-O-Wisp|p2a: Tentacruel
|-status|p2a: Tentacruel|brn
|
|-weather|none
|-heal|p2a: Tentacruel|94/100 brn|[from] item: Leftovers
|-heal|p1a: Rotom|67/100|[from] item: Leftovers
|-damage|p2a: Tentacruel|88/100 brn|[from] brn
|upkeep
|turn|20
|
|t:|1757904488
|move|p2a: Tentacruel|Hydro Pump|p1a: Rotom
|-resisted|p1a: Rotom
|-damage|p1a: Rotom|49/100
|move|p1a: Rotom|Volt Switch|p2a: Tentacruel
|-supereffective|p2a: Tentacruel
|-damage|p2a: Tentacruel|57/100 brn
|
|t:|1757904495
|switch|p1a: Clodsire|Clodsire, M|100/100|[from] Volt Switch
|
|-heal|p2a: Tentacruel|63/100 brn|[from] item: Leftovers
|-damage|p2a: Tentacruel|57/100 brn|[from] brn
|upkeep
|turn|21
|
|t:|1757904503
|move|p2a: Tentacruel|Rain Dance|p2a: Tentacruel
|-weather|RainDance
|move|p1a: Clodsire|Earthquake|p2a: Tentacruel
|-supereffective|p2a: Tentacruel
|-damage|p2a: Tentacruel|0 fnt
|faint|p2a: Tentacruel
|
|-weather|RainDance|[upkeep]
|upkeep
|
|t:|1757904511
|switch|p2a: Garchomp|Garchomp, F|68/100
|-damage|p2a: Garchomp|62/100|[from] Stealth Rock
|turn|22
|
|t:|1757904517
|switch|p1a: Rotom|Rotom-Wash|49/100
|move|p2a: Garchomp|Dragon Claw|p1a: Rotom
|-damage|p1a: Rotom|0 fnt
|faint|p1a: Rotom
|
|-weather|RainDance|[upkeep]
|upkeep
|
|t:|1757904526
|switch|p1a: Swampert|Swampert, F|100/100
|turn|23
|
|t:|1757904536
|-terastallize|p2a: Garchomp|Grass
|move|p2a: Garchomp|Dragon Claw|p1a: Swampert
|-damage|p1a: Swampert|41/100
|move|p1a: Swampert|Knock Off|p2a: Garchomp
|-crit|p2a: Garchomp
|-damage|p2a: Garchomp|0 fnt
|-damage|p1a: Swampert|29/100|[from] ability: Rough Skin|[of] p2a: Garchomp
|-enditem|p2a: Garchomp|Choice Band|[from] move: Knock Off|[of] p1a: Swampert
|faint|p2a: Garchomp
|
|-weather|RainDance|[upkeep]
|upkeep
|
|t:|1757904548
|switch|p2a: Metagross|Metagross, shiny|100/100
|-damage|p2a: Metagross|94/100|[from] Stealth Rock
|turn|24
|
|t:|1757904560
|move|p2a: Metagross|Bullet Punch|p1a: Swampert
|-resisted|p1a: Swampert
|-damage|p1a: Swampert|14/100
|-damage|p2a: Metagross|85/100|[from] item: Life Orb
|move|p1a: Swampert|Knock Off|p2a: Metagross
|-supereffective|p2a: Metagross
|-damage|p2a: Metagross|15/100
|-enditem|p2a: Metagross|Life Orb|[from] move: Knock Off|[of] p1a: Swampert
|
|-weather|RainDance|[upkeep]
|upkeep
|turn|25
|
|t:|1757904573
|move|p2a: Metagross|Bullet Punch|p1a: Swampert
|-resisted|p1a: Swampert
|-damage|p1a: Swampert|3/100
|move|p1a: Swampert|Knock Off|p2a: Metagross
|-supereffective|p2a: Metagross
|-damage|p2a: Metagross|0 fnt
|faint|p2a: Metagross
|
|-weather|none
|upkeep
|
|t:|1757904581
|switch|p2a: Blaziken|Blaziken, F|100/100
|-damage|p2a: Blaziken|88/100|[from] Stealth Rock
|turn|26
|
|t:|1757904585
|move|p2a: Blaziken|Protect|p2a: Blaziken
|-singleturn|p2a: Blaziken|Protect
|move|p1a: Swampert|Knock Off|p2a: Blaziken
|-activate|p2a: Blaziken|move: Protect
|
|-ability|p2a: Blaziken|Speed Boost|boost
|-boost|p2a: Blaziken|spe|1
|upkeep
|turn|27
|
|t:|1757904601
|move|p2a: Blaziken|Close Combat|p1a: Swampert
|-damage|p1a: Swampert|0 fnt
|-unboost|p2a: Blaziken|def|1
|-unboost|p2a: Blaziken|spd|1
|faint|p1a: Swampert
|-damage|p2a: Blaziken|78/100|[from] item: Life Orb
|
|-ability|p2a: Blaziken|Speed Boost|boost
|-boost|p2a: Blaziken|spe|1
|upkeep
|
|t:|1757904610
|switch|p1a: Clodsire|Clodsire, M|100/100
|turn|28
|
|t:|1757904615
|move|p2a: Blaziken|Protect|p2a: Blaziken
|-singleturn|p2a: Blaziken|Protect
|move|p1a: Clodsire|Earthquake|p2a: Blaziken
|-activate|p2a: Blaziken|move: Protect
|
|-ability|p2a: Blaziken|Speed Boost|boost
|-boost|p2a: Blaziken|spe|1
|upkeep
|turn|29
|
|t:|1757904622
|move|p2a: Blaziken|Close Combat|p1a: Clodsire
|-resisted|p1a: Clodsire
|-damage|p1a: Clodsire|54/100
|-unboost|p2a: Blaziken|def|1
|-unboost|p2a: Blaziken|spd|1
|-damage|p2a: Blaziken|68/100|[from] item: Life Orb
|move|p1a: Clodsire|Toxic|p2a: Blaziken
|-status|p2a: Blaziken|tox
|
|-heal|p1a: Clodsire|61/100|[from] item: Black Sludge
|-damage|p2a: Blaziken|62/100 tox|[from] psn
|-ability|p2a: Blaziken|Speed Boost|boost
|-boost|p2a: Blaziken|spe|1
|upkeep
|turn|30
|c|☆harleywood|gg
|
|t:|1757904635
|move|p2a: Blaziken|Close Combat|p1a: Clodsire
|-resisted|p1a: Clodsire
|-damage|p1a: Clodsire|16/100
|-unboost|p2a: Blaziken|def|1
|-unboost|p2a: Blaziken|spd|1
|-damage|p2a: Blaziken|52/100 tox|[from] item: Life Orb
|move|p1a: Clodsire|Earthquake|p2a: Blaziken
|-supereffective|p2a: Blaziken
|-damage|p2a: Blaziken|0 fnt
|faint|p2a: Blaziken
|
|win|harleywood
|raw|harleywood's rating: 1070 &rarr; <strong>1103</strong><br />(+33 for winning)
|raw|DickbuttWasTaken's rating: 1113 &rarr; <strong>1085</strong><br />(-28 for losing)
