|j|☆sanmedina
|j|☆Akr911
|t:|1757854427
|gametype|singles
|player|p1|sanmedina|ltsurge-gen2|1275
|player|p2|Akr911|steven|1268
|gen|9
|tier|[Gen 9] OU
|rated|
|rule|HP Percentage Mod: HP is shown in percentages
|rule|Endless Battle Clause: Forcing endless battles is banned
|rule|Species Clause: Limit one of each Pokémon
|rule|OHKO Clause: OHKO moves are banned
|rule|Evasion Items Clause: Evasion items are banned
|rule|Evasion Moves Clause: Evasion moves are banned
|rule|Evasion Abilities Clause: Evasion abilities are banned
|rule|Sleep Moves Clause: Sleep-inducing moves are banned
|clearpoke
|poke|p1|Weavile, M|
|poke|p1|Corviknight, M|
|poke|p1|Swampert, M|
|poke|p1|Latios, M|
|poke|p1|Iron Moth|
|poke|p1|Dragapult, M|
|poke|p2|Great Tusk|
|poke|p2|Kingambit, F|
|poke|p2|Raging Bolt|
|poke|p2|Walking Wake|
|poke|p2|Ninetales, M|
|poke|p2|Ceruledge, F|
|teampreview
|inactive|Battle timer is ON: inactive players will automatically lose when time's up. (requested by sanmedina)
|inactive|Akr911 has 120 seconds left.
|
|t:|1757854465
|teamsize|p1|6
|teamsize|p2|6
|start
|switch|p1a: Swampert|Swampert, M|100/100
|switch|p2a: Ninetales|Ninetales, M|100/100
|-weather|SunnyDay|[from] ability: Drought|[of] p2a: Ninetales
|turn|1
|
|t:|1757854479
|switch|p2a: Kingambit|Kingambit, F|100/100
|-item|p2a: Kingambit|Air Balloon
|move|p1a: Swampert|Stealth Rock|p2a: Kingambit
|-sidestart|p2: Akr911|move: Stealth Rock
|
|-weather|SunnyDay|[upkeep]
|upkeep
|turn|2
|
|t:|1757854489
|-end|p2a: Kingambit|fallenundefined|[silent]
|switch|p2a: Raging Bolt|Raging Bolt|100/100
|-damage|p2a: Raging Bolt|88/100|[from] Stealth Rock
|-activate|p2a: Raging Bolt|ability: Protosynthesis
|-start|p2a: Raging Bolt|protosynthesisspa
|move|p1a: Swampert|Flip Turn|p2a: Raging Bolt
|-resisted|p2a: Raging Bolt
|-damage|p2a: Raging Bolt|83/100
|
|t:|1757854518
|switch|p1a: Dragapult|Dragapult, M|100/100|[from] Flip Turn
|
|-weather|SunnyDay|[upkeep]
|upkeep
|turn|3
|
|t:|1757854531
|move|p1a: Dragapult|Dragon Darts|p2a: Raging Bolt
|-supereffective|p2a: Raging Bolt
|-damage|p2a: Raging Bolt|34/100
|-anim|p1a: Dragapult|Dragon Darts|p2a: Raging Bolt
|-supereffective|p2a: Raging Bolt
|-damage|p2a: Raging Bolt|0 fnt
|faint|p2a: Raging Bolt
|-end|p2a: Raging Bolt|Protosynthesis|[silent]
|-damage|p1a: Dragapult|91/100|[from] item: Life Orb
|
|-weather|SunnyDay|[upkeep]
|upkeep
|
|t:|1757854544
|switch|p2a: Walking Wake|Walking Wake|100/100
|-damage|p2a: Walking Wake|88/100|[from] Stealth Rock
|-activate|p2a: Walking Wake|ability: Protosynthesis
|-start|p2a: Walking Wake|protosynthesisspe
|turn|4
|inactive|sanmedina has 120 seconds left.
|
|t:|1757854564
|switch|p1a: Swampert|Swampert, M|100/100
|move|p2a: Walking Wake|Weather Ball|p1a: Swampert
|-resisted|p1a: Swampert
|-damage|p1a: Swampert|81/100
|
|-weather|SunnyDay|[upkeep]
|-heal|p1a: Swampert|87/100|[from] item: Leftovers
|upkeep
|turn|5
|inactive|sanmedina has 120 seconds left.
|
|t:|1757854578
|move|p2a: Walking Wake|Draco Meteor|p1a: Swampert
|-damage|p1a: Swampert|35/100
|-unboost|p2a: Walking Wake|spa|2
|move|p1a: Swampert|Earthquake|p2a: Walking Wake
|-damage|p2a: Walking Wake|44/100
|
|-weather|SunnyDay|[upkeep]
|-heal|p1a: Swampert|42/100|[from] item: Leftovers
|upkeep
|turn|6
|
|t:|1757854589
|move|p2a: Walking Wake|Flip Turn|p1a: Swampert
|-damage|p1a: Swampert|35/100
|
|t:|1757854604
|-end|p2a: Walking Wake|Protosynthesis|[silent]
|switch|p2a: Great Tusk|Great Tusk|100/100|[from] Flip Turn
|-damage|p2a: Great Tusk|98/100|[from] Stealth Rock
|-activate|p2a: Great Tusk|ability: Protosynthesis
|-start|p2a: Great Tusk|protosynthesisatk
|move|p1a: Swampert|Earthquake|p2a: Great Tusk
|-damage|p2a: Great Tusk|68/100
|
|-weather|SunnyDay|[upkeep]
|-heal|p1a: Swampert|42/100|[from] item: Leftovers
|upkeep
|turn|7
|inactive|Akr911 has 120 seconds left.
|l|☆Akr911
|inactive|Akr911 disconnected and has a minute to reconnect!
|player|p2|
|j|☆Akr911
|inactive|Akr911 reconnected and has 100 seconds left.
|player|p2|Akr911|steven|
|
|t:|1757854646
|switch|p1a: Corviknight|Corviknight, M|100/100
|-ability|p1a: Corviknight|Pressure
|move|p2a: Great Tusk|Headlong Rush|p1a: Corviknight
|-immune|p1a: Corviknight
|
|-weather|SunnyDay|[upkeep]
|upkeep
|turn|8
|
|t:|1757854657
|move|p2a: Great Tusk|Temper Flare|p1a: Corviknight
|-supereffective|p1a: Corviknight
|-damage|p1a: Corviknight|0 fnt
|faint|p1a: Corviknight
|
|-weather|none
|-end|p2a: Great Tusk|Protosynthesis
|upkeep
|inactive|sanmedina has 120 seconds left.
|
|t:|1757854669
|switch|p1a: Latios|Latios, M|100/100
|turn|9
|
|t:|1757854678
|-end|p2a: Great Tusk|Protosynthesis|[silent]
|switch|p2a: Kingambit|Kingambit, F|100/100
|-damage|p2a: Kingambit|94/100|[from] Stealth Rock
|-activate|p2a: Kingambit|ability: Supreme Overlord
|-start|p2a: Kingambit|fallen1|[silent]
|-item|p2a: Kingambit|Air Balloon
|move|p1a: Latios|Surf|p2a: Kingambit
|-damage|p2a: Kingambit|58/100
|-enditem|p2a: Kingambit|Air Balloon
|
|upkeep
|turn|10
|inactive|Akr911 has 120 seconds left.
|inactive|sanmedina has 120 seconds left.
|
|t:|1757854702
|switch|p1a: Weavile|Weavile, M|100/100
|-ability|p1a: Weavile|Pressure
|move|p2a: Kingambit|Kowtow Cleave|p1a: Weavile
|-resisted|p1a: Weavile
|-damage|p1a: Weavile|50/100
|
|upkeep
|turn|11
|inactive|sanmedina has 120 seconds left.
|
|t:|1757854713
|move|p1a: Weavile|Low Kick|p2a: Kingambit
|-supereffective|p2a: Kingambit
|-damage|p2a: Kingambit|0 fnt
|faint|p2a: Kingambit
|-end|p2a: Kingambit|fallen1|[silent]
|
|upkeep
|
|t:|1757854720
|switch|p2a: Ninetales|Ninetales, M|100/100
|-damage|p2a: Ninetales|76/100|[from] Stealth Rock
|-weather|SunnyDay|[from] ability: Drought|[of] p2a: Ninetales
|turn|12
|
|t:|1757854734
|move|p1a: Weavile|Low Kick|p2a: Ninetales
|-damage|p2a: Ninetales|49/100
|move|p2a: Ninetales|Scorching Sands|p1a: Weavile
|-damage|p1a: Weavile|23/100
|
|-weather|SunnyDay|[upkeep]
|upkeep
|turn|13
|
|t:|1757854747
|move|p1a: Weavile|Low Kick|p2a: Ninetales
|-damage|p2a: Ninetales|18/100
|move|p2a: Ninetales|Scorching Sands|p1a: Weavile
|-damage|p1a: Weavile|0 fnt
|faint|p1a: Weavile
|
|-weather|SunnyDay|[upkeep]
|upkeep
|inactive|sanmedina has 120 seconds left.
|
|t:|1757854776
|switch|p1a: Dragapult|Dragapult, M|91/100
|turn|14
|inactive|Akr911 has 120 seconds left.
|
|t:|1757854786
|move|p1a: Dragapult|Dragon Darts|p2a: Ninetales
|-damage|p2a: Ninetales|0 fnt
|faint|p2a: Ninetales
|-damage|p1a: Dragapult|81/100|[from] item: Life Orb
|
|-weather|SunnyDay|[upkeep]
|upkeep
|
|t:|1757854796
|switch|p2a: Walking Wake|Walking Wake|44/100
|-damage|p2a: Walking Wake|32/100|[from] Stealth Rock
|-activate|p2a: Walking Wake|ability: Protosynthesis
|-start|p2a: Walking Wake|protosynthesisspe
|turn|15
|inactive|sanmedina has 120 seconds left.
|
|t:|1757854824
|switch|p1a: Swampert|Swampert, M|42/100
|move|p2a: Walking Wake|Draco Meteor|p1a: Swampert
|-damage|p1a: Swampert|0 fnt
|-unboost|p2a: Walking Wake|spa|2
|faint|p1a: Swampert
|
|-weather|SunnyDay|[upkeep]
|upkeep
|inactive|sanmedina has 90 seconds left.
|
|t:|1757854856
|switch|p1a: Latios|Latios, M|100/100
|turn|16
|
|t:|1757854871
|move|p1a: Latios|Luster Purge|p2a: Walking Wake
|-damage|p2a: Walking Wake|0 fnt
|faint|p2a: Walking Wake
|-end|p2a: Walking Wake|Protosynthesis|[silent]
|
|-weather|SunnyDay|[upkeep]
|upkeep
|
|t:|1757854879
|switch|p2a: Ceruledge|Ceruledge, F|100/100
|turn|17
|
|t:|1757854892
|-terastallize|p2a: Ceruledge|Fairy
|move|p1a: Latios|Luster Purge|p2a: Ceruledge
|-damage|p2a: Ceruledge|49/100
|-unboost|p2a: Ceruledge|spd|1
|move|p2a: Ceruledge|Swords Dance|p2a: Ceruledge
|-boost|p2a: Ceruledge|atk|2
|
|-weather|SunnyDay|[upkeep]
|upkeep
|turn|18
|
|t:|1757854904
|move|p2a: Ceruledge|Shadow Sneak|p1a: Latios
|-supereffective|p1a: Latios
|-crit|p1a: Latios
|-damage|p1a: Latios|0 fnt
|faint|p1a: Latios
|
|-weather|SunnyDay|[upkeep]
|upkeep
|
|t:|1757854916
|switch|p1a: Iron Moth|Iron Moth|100/100
|-enditem|p1a: Iron Moth|Booster Energy
|-activate|p1a: Iron Moth|ability: Quark Drive|[fromitem]
|-start|p1a: Iron Moth|quarkdrivespe
|turn|19
|
|t:|1757854926
|move|p1a: Iron Moth|Fiery Dance|p2a: Ceruledge
|-damage|p2a: Ceruledge|0 fnt
|-boost|p1a: Iron Moth|spa|1
|faint|p2a: Ceruledge
|
|-weather|none
|upkeep
|
|t:|1757854930
|switch|p2a: Great Tusk|Great Tusk|68/100
|-damage|p2a: Great Tusk|65/100|[from] Stealth Rock
|turn|20
|
|t:|1757854937
|move|p1a: Iron Moth|Fiery Dance|p2a: Great Tusk
|-damage|p2a: Great Tusk|11/100
|-boost|p1a: Iron Moth|spa|1
|move|p2a: Great Tusk|Headlong Rush|p1a: Iron Moth
|-supereffective|p1a: Iron Moth
|-damage|p1a: Iron Moth|0 fnt
|-unboost|p2a: Great Tusk|def|1
|-unboost|p2a: Great Tusk|spd|1
|faint|p1a: Iron Moth
|-end|p1a: Iron Moth|Quark Drive|[silent]
|
|upkeep
|
|t:|1757854948
|switch|p1a: Dragapult|Dragapult, M|81/100
|turn|21
|
|t:|1757854953
|move|p1a: Dragapult|Dragon Darts|p2a: Great Tusk
|-damage|p2a: Great Tusk|0 fnt
|faint|p2a: Great Tusk
|-end|p2a: Great Tusk|Protosynthesis|[silent]
|-damage|p1a: Dragapult|71/100|[from] item: Life Orb
|
|win|sanmedina
|raw|sanmedina's rating: 1275 &rarr; <strong>1299</strong><br />(+24 for winning)
|raw|Akr911's rating: 1268 &rarr; <strong>1244</strong><br />(-24 for losing)
|l|☆Akr911
|player|p2|
|l|☆sanmedina
|player|p1|
