|j|☆shengwang
|j|☆gloruio
|t:|1757871012
|gametype|singles
|player|p1|shengwang|clair|1056
|player|p2|gloruio|flint|1071
|gen|9
|tier|[Gen 9] OU
|rated|
|rule|HP Percentage Mod: HP is shown in percentages
|rule|Endless Battle Clause: Forcing endless battles is banned
|rule|Species Clause: Limit one of each Pokémon
|rule|OHKO Clause: OHKO moves are banned
|rule|Evasion Items Clause: Evasion items are banned
|rule|Evasion Moves Clause: Evasion moves are banned
|rule|Evasion Abilities Clause: Evasion abilities are banned
|rule|Sleep Moves Clause: Sleep-inducing moves are banned
|clearpoke
|poke|p1|Slowking-Galar, F|
|poke|p1|Hatterene, F|
|poke|p1|Iron Hands|
|poke|p1|Avalugg, M|
|poke|p1|Copperajah, M|
|poke|p1|Glimmora, M|
|poke|p2|Kingambit, F|
|poke|p2|Garchomp, M|
|poke|p2|Slowking-Galar, M|
|poke|p2|Iron Valiant|
|poke|p2|Samurott-Hisui, M|
|poke|p2|Zapdos|
|teampreview
|
|t:|1757871020
|teamsize|p1|6
|teamsize|p2|6
|start
|switch|p1a: Glimmora|Glimmora, M|100/100
|switch|p2a: Samurott|Samurott-Hisui, M|100/100
|turn|1
|
|t:|1757871031
|move|p2a: Samurott|Aqua Cutter|p1a: Glimmora
|-supereffective|p1a: Glimmora
|-damage|p1a: Glimmora|36/100
|-activate|p1a: Glimmora|ability: Toxic Debris
|-sidestart|p2: gloruio|move: Toxic Spikes
|move|p1a: Glimmora|Toxic|p2a: Samurott
|-status|p2a: Samurott|tox
|
|-heal|p1a: Glimmora|42/100|[from] item: Leftovers
|-damage|p2a: Samurott|94/100 tox|[from] psn
|upkeep
|turn|2
|
|t:|1757871042
|move|p2a: Samurott|Ceaseless Edge|p1a: Glimmora
|-damage|p1a: Glimmora|9/100
|-activate|p1a: Glimmora|ability: Toxic Debris
|-sidestart|p2: gloruio|move: Toxic Spikes
|-sidestart|p1: shengwang|Spikes
|move|p1a: Glimmora|Spikes|p2a: Samurott
|-sidestart|p2: gloruio|Spikes
|
|-heal|p1a: Glimmora|15/100|[from] item: Leftovers
|-damage|p2a: Samurott|82/100 tox|[from] psn
|upkeep
|turn|3
|inactive|Battle timer is ON: inactive players will automatically lose when time's up. (requested by gloruio)
|
|t:|1757871053
|move|p1a: Glimmora|Spiky Shield|p1a: Glimmora
|-singleturn|p1a: Glimmora|move: Protect
|move|p2a: Samurott|Ceaseless Edge|p1a: Glimmora
|-activate|p1a: Glimmora|move: Protect
|-damage|p2a: Samurott|69/100 tox|[from] Spiky Shield|[of] p1a: Glimmora
|
|-heal|p1a: Glimmora|21/100|[from] item: Leftovers
|-damage|p2a: Samurott|51/100 tox|[from] psn
|upkeep
|turn|4
|
|t:|1757871073
|switch|p1a: Slowking|Slowking-Galar, F|100/100
|-damage|p1a: Slowking|88/100|[from] Spikes
|move|p2a: Samurott|Ceaseless Edge|p1a: Slowking
|-supereffective|p1a: Slowking
|-damage|p1a: Slowking|0 fnt
|-sidestart|p1: shengwang|Spikes
|faint|p1a: Slowking
|
|-damage|p2a: Samurott|26/100 tox|[from] psn
|upkeep
|
|t:|1757871086
|switch|p1a: Glimmora|Glimmora, M|21/100
|-damage|p1a: Glimmora|5/100|[from] Spikes
|turn|5
|
|t:|1757871092
|move|p1a: Glimmora|Spiky Shield|p1a: Glimmora
|-singleturn|p1a: Glimmora|move: Protect
|move|p2a: Samurott|Ceaseless Edge|p1a: Glimmora
|-activate|p1a: Glimmora|move: Protect
|-damage|p2a: Samurott|13/100 tox|[from] Spiky Shield|[of] p1a: Glimmora
|
|-heal|p1a: Glimmora|11/100|[from] item: Leftovers
|-damage|p2a: Samurott|0 fnt|[from] psn
|faint|p2a: Samurott
|upkeep
|
|t:|1757871094
|switch|p2a: Slowking|Slowking-Galar, M|100/100
|-sideend|p2: gloruio|move: Toxic Spikes|[of] p2a: Slowking
|turn|6
|
|t:|1757871103
|move|p1a: Glimmora|Mortal Spin|p2a: Slowking
|-resisted|p2a: Slowking
|-damage|p2a: Slowking|97/100
|-sideend|p1: shengwang|Spikes|[from] move: Mortal Spin|[of] p1a: Glimmora
|move|p2a: Slowking|Future Sight|p1a: Glimmora
|-start|p2a: Slowking|move: Future Sight
|
|-heal|p1a: Glimmora|17/100|[from] item: Leftovers
|upkeep
|turn|7
|
|t:|1757871110
|move|p1a: Glimmora|Spiky Shield|p1a: Glimmora
|-singleturn|p1a: Glimmora|move: Protect
|-prepare|p2a: Slowking|Chilly Reception|[premajor]
|move|p2a: Slowking|Chilly Reception|p2a: Slowking
|-weather|Snowscape
|
|t:|1757871115
|switch|p2a: Iron Valiant|Iron Valiant|100/100|[from] Chilly Reception
|-damage|p2a: Iron Valiant|88/100|[from] Spikes
|-enditem|p2a: Iron Valiant|Booster Energy
|-activate|p2a: Iron Valiant|ability: Quark Drive|[fromitem]
|-start|p2a: Iron Valiant|quarkdrivespe
|
|-weather|Snowscape|[upkeep]
|-heal|p1a: Glimmora|23/100|[from] item: Leftovers
|upkeep
|turn|8
|
|t:|1757871137
|move|p1a: Glimmora|Spiky Shield|p1a: Glimmora
|-singleturn|p1a: Glimmora|move: Protect
|move|p2a: Iron Valiant|Encore|p1a: Glimmora
|-activate|p1a: Glimmora|move: Protect
|
|-weather|Snowscape|[upkeep]
|-end|p1a: Glimmora|move: Future Sight
|-supereffective|p1a: Glimmora
|-damage|p1a: Glimmora|0 fnt
|faint|p1a: Glimmora
|upkeep
|inactive|shengwang has 120 seconds left.
|
|t:|1757871154
|switch|p1a: Hatterene|Hatterene, F|100/100
|turn|9
|
|t:|1757871161
|move|p2a: Iron Valiant|Calm Mind|p2a: Iron Valiant
|-boost|p2a: Iron Valiant|spa|1
|-boost|p2a: Iron Valiant|spd|1
|move|p1a: Hatterene|Nuzzle|p2a: Iron Valiant
|-damage|p2a: Iron Valiant|83/100
|-status|p2a: Iron Valiant|par
|
|-weather|Snowscape|[upkeep]
|upkeep
|turn|10
|
|t:|1757871172
|move|p2a: Iron Valiant|Shadow Ball|p1a: Hatterene
|-supereffective|p1a: Hatterene
|-damage|p1a: Hatterene|15/100
|move|p1a: Hatterene|Trick Room|p1a: Hatterene
|-fieldstart|move: Trick Room|[of] p1a: Hatterene
|
|-weather|Snowscape|[upkeep]
|-heal|p1a: Hatterene|21/100|[from] item: Leftovers
|upkeep
|turn|11
|
|t:|1757871181
|move|p1a: Hatterene|Mystical Fire|p2a: Iron Valiant
|-damage|p2a: Iron Valiant|44/100 par
|-unboost|p2a: Iron Valiant|spa|1
|move|p2a: Iron Valiant|Shadow Ball|p1a: Hatterene
|-supereffective|p1a: Hatterene
|-damage|p1a: Hatterene|0 fnt
|faint|p1a: Hatterene
|
|-weather|none
|upkeep
|
|t:|1757871197
|switch|p1a: Copperajah|Copperajah, M|100/100
|turn|12
|
|t:|1757871201
|move|p1a: Copperajah|Heat Crash|p2a: Iron Valiant
|-damage|p2a: Iron Valiant|0 fnt
|faint|p2a: Iron Valiant
|-end|p2a: Iron Valiant|Quark Drive|[silent]
|
|upkeep
|
|t:|1757871206
|switch|p2a: Zapdos|Zapdos|100/100
|turn|13
|
|t:|1757871224
|move|p1a: Copperajah|Stealth Rock|p2a: Zapdos
|-sidestart|p2: gloruio|move: Stealth Rock
|move|p2a: Zapdos|Hurricane|p1a: Copperajah
|-resisted|p1a: Copperajah
|-damage|p1a: Copperajah|77/100
|
|upkeep
|turn|14
|
|t:|1757871231
|move|p1a: Copperajah|Heavy Slam|p2a: Zapdos
|-resisted|p2a: Zapdos
|-damage|p2a: Zapdos|70/100
|move|p2a: Zapdos|Discharge|p1a: Copperajah
|-damage|p1a: Copperajah|44/100
|
|-fieldend|move: Trick Room
|upkeep
|turn|15
|
|t:|1757871240
|move|p2a: Zapdos|Roost|p2a: Zapdos
|-heal|p2a: Zapdos|100/100
|-singleturn|p2a: Zapdos|move: Roost
|move|p1a: Copperajah|Heat Crash|p2a: Zapdos
|-damage|p2a: Zapdos|57/100
|-status|p1a: Copperajah|par|[from] ability: Static|[of] p2a: Zapdos
|
|upkeep
|turn|16
|
|t:|1757871248
|move|p2a: Zapdos|Roost|p2a: Zapdos
|-heal|p2a: Zapdos|100/100
|-singleturn|p2a: Zapdos|move: Roost
|cant|p1a: Copperajah|par
|
|upkeep
|turn|17
|
|t:|1757871254
|move|p2a: Zapdos|Discharge|p1a: Copperajah
|-damage|p1a: Copperajah|7/100 par
|move|p1a: Copperajah|Heavy Slam|p2a: Zapdos
|-resisted|p2a: Zapdos
|-damage|p2a: Zapdos|72/100
|
|upkeep
|turn|18
|
|t:|1757871263
|move|p2a: Zapdos|Discharge|p1a: Copperajah
|-damage|p1a: Copperajah|0 fnt
|faint|p1a: Copperajah
|
|upkeep
|
|t:|1757871279
|switch|p1a: Avalugg|Avalugg, M|100/100
|turn|19
|
|t:|1757871284
|move|p2a: Zapdos|Discharge|p1a: Avalugg
|-damage|p1a: Avalugg|48/100
|move|p1a: Avalugg|Curse|p1a: Avalugg
|-unboost|p1a: Avalugg|spe|1
|-boost|p1a: Avalugg|atk|1
|-boost|p1a: Avalugg|def|1
|
|-heal|p1a: Avalugg|54/100|[from] item: Leftovers
|upkeep
|turn|20
|
|t:|1757871294
|move|p2a: Zapdos|Discharge|p1a: Avalugg
|-damage|p1a: Avalugg|0 fnt
|faint|p1a: Avalugg
|
|upkeep
|
|t:|1757871298
|switch|p1a: Iron Hands|Iron Hands|100/100
|-enditem|p1a: Iron Hands|Booster Energy
|-activate|p1a: Iron Hands|ability: Quark Drive|[fromitem]
|-start|p1a: Iron Hands|quarkdriveatk
|turn|21
|
|t:|1757871310
|move|p2a: Zapdos|Hurricane|p1a: Iron Hands
|-damage|p1a: Iron Hands|62/100
|move|p1a: Iron Hands|Supercell Slam|p2a: Zapdos
|-damage|p2a: Zapdos|4/100
|
|upkeep
|turn|22
|
|t:|1757871317
|move|p2a: Zapdos|Hurricane|p1a: Iron Hands
|-damage|p1a: Iron Hands|22/100
|move|p1a: Iron Hands|Supercell Slam|p2a: Zapdos
|-damage|p2a: Zapdos|0 fnt
|faint|p2a: Zapdos
|
|upkeep
|
|t:|1757871322
|switch|p2a: Garchomp|Garchomp, M|100/100
|-damage|p2a: Garchomp|88/100|[from] Spikes
|-damage|p2a: Garchomp|82/100|[from] Stealth Rock
|turn|23
|
|t:|1757871328
|move|p2a: Garchomp|Earthquake|p1a: Iron Hands
|-supereffective|p1a: Iron Hands
|-damage|p1a: Iron Hands|0 fnt
|faint|p1a: Iron Hands
|-end|p1a: Iron Hands|Quark Drive|[silent]
|
|win|gloruio
|raw|shengwang's rating: 1056 &rarr; <strong>1038</strong><br />(-18 for losing)
|raw|gloruio's rating: 1071 &rarr; <strong>1099</strong><br />(+28 for winning)
|l|☆gloruio
|player|p2|
|l|☆shengwang
|player|p1|
