|j|☆lxymxn
|j|☆rustyaftergen4
|t:|1757871301
|gametype|singles
|player|p1|lxymxn|102|1394
|player|p2|rustyaftergen4|benga|1469
|gen|9
|tier|[Gen 9] OU
|rated|
|rule|HP Percentage Mod: HP is shown in percentages
|rule|Endless Battle Clause: Forcing endless battles is banned
|rule|Species Clause: Limit one of each Pokémon
|rule|OHKO Clause: OHKO moves are banned
|rule|Evasion Items Clause: Evasion items are banned
|rule|Evasion Moves Clause: Evasion moves are banned
|rule|Evasion Abilities Clause: Evasion abilities are banned
|rule|Sleep Moves Clause: Sleep-inducing moves are banned
|clearpoke
|poke|p1|Torkoal, F|
|poke|p1|Walking Wake|
|poke|p1|Great Tusk|
|poke|p1|Sandy Shocks|
|poke|p1|Ditto|
|poke|p1|Landorus-Therian, M|
|poke|p2|Dragonite, M|
|poke|p2|Heatran, M|
|poke|p2|Landorus-Therian, M|
|poke|p2|Manaphy|
|poke|p2|Kyurem|
|poke|p2|Breloom, M|
|teampreview
|
|t:|1757871317
|teamsize|p1|6
|teamsize|p2|6
|start
|switch|p1a: Torkoal|Torkoal, F|100/100
|switch|p2a: Kyurem|Kyurem|100/100
|-ability|p2a: Kyurem|Pressure
|-weather|SunnyDay|[from] ability: Drought|[of] p1a: Torkoal
|turn|1
|
|t:|1757871326
|move|p2a: Kyurem|Substitute|p2a: Kyurem
|-start|p2a: Kyurem|Substitute
|-damage|p2a: Kyurem|76/100
|move|p1a: Torkoal|Stealth Rock|p2a: Kyurem
|-sidestart|p2: rustyaftergen4|move: Stealth Rock
|
|-weather|SunnyDay|[upkeep]
|upkeep
|turn|2
|
|t:|1757871339
|move|p2a: Kyurem|Dragon Dance|p2a: Kyurem
|-boost|p2a: Kyurem|atk|1
|-boost|p2a: Kyurem|spe|1
|move|p1a: Torkoal|Lava Plume|p2a: Kyurem
|-end|p2a: Kyurem|Substitute
|
|-weather|SunnyDay|[upkeep]
|upkeep
|turn|3
|
|t:|1757871349
|move|p2a: Kyurem|Scale Shot|p1a: Torkoal
|-damage|p1a: Torkoal|89/100
|-damage|p1a: Torkoal|76/100
|-damage|p1a: Torkoal|62/100
|-damage|p1a: Torkoal|51/100
|-hitcount|p1a: Torkoal|4
|-unboost|p2a: Kyurem|def|1
|-boost|p2a: Kyurem|spe|1
|move|p1a: Torkoal|Lava Plume|p2a: Kyurem
|-damage|p2a: Kyurem|39/100
|-status|p2a: Kyurem|brn
|
|-weather|SunnyDay|[upkeep]
|-damage|p2a: Kyurem|32/100 brn|[from] brn
|upkeep
|turn|4
|
|t:|1757871384
|move|p2a: Kyurem|Scale Shot|p1a: Torkoal
|-damage|p1a: Torkoal|45/100
|-damage|p1a: Torkoal|38/100
|-damage|p1a: Torkoal|33/100
|-damage|p1a: Torkoal|27/100
|-hitcount|p1a: Torkoal|4
|-unboost|p2a: Kyurem|def|1
|-boost|p2a: Kyurem|spe|1
|move|p1a: Torkoal|Lava Plume|p2a: Kyurem
|-damage|p2a: Kyurem|0 fnt
|faint|p2a: Kyurem
|
|-weather|SunnyDay|[upkeep]
|upkeep
|
|t:|1757871399
|switch|p2a: Heatran|Heatran, M|100/100
|turn|5
|
|t:|1757871417
|move|p2a: Heatran|Magma Storm|p1a: Torkoal|[miss]
|-miss|p2a: Heatran|p1a: Torkoal
|move|p1a: Torkoal|Earth Power|p2a: Heatran
|-supereffective|p2a: Heatran
|-damage|p2a: Heatran|60/100
|-unboost|p2a: Heatran|spd|1
|
|-weather|SunnyDay|[upkeep]
|upkeep
|turn|6
|
|t:|1757871426
|move|p2a: Heatran|Earth Power|p1a: Torkoal
|-supereffective|p1a: Torkoal
|-damage|p1a: Torkoal|0 fnt
|faint|p1a: Torkoal
|
|-weather|SunnyDay|[upkeep]
|upkeep
|
|t:|1757871464
|switch|p1a: Walking Wake|Walking Wake|100/100
|-activate|p1a: Walking Wake|ability: Protosynthesis
|-start|p1a: Walking Wake|protosynthesisspe
|turn|7
|
|t:|1757871486
|move|p1a: Walking Wake|Hydro Steam|p2a: Heatran
|-supereffective|p2a: Heatran
|-damage|p2a: Heatran|0 fnt
|faint|p2a: Heatran
|
|-weather|SunnyDay|[upkeep]
|upkeep
|
|t:|1757871492
|switch|p2a: Manaphy|Manaphy|100/100
|-damage|p2a: Manaphy|88/100|[from] Stealth Rock
|turn|8
|inactive|Battle timer is ON: inactive players will automatically lose when time's up. (requested by rustyaftergen4)
|
|t:|1757871526
|-end|p1a: Walking Wake|Protosynthesis|[silent]
|switch|p1a: Landorus|Landorus-Therian, M|100/100
|-ability|p1a: Landorus|Intimidate|boost
|-unboost|p2a: Manaphy|atk|1
|-terastallize|p2a: Manaphy|Grass
|move|p2a: Manaphy|Calm Mind|p2a: Manaphy
|-boost|p2a: Manaphy|spa|1
|-boost|p2a: Manaphy|spd|1
|
|-weather|none
|-heal|p2a: Manaphy|94/100|[from] item: Leftovers
|upkeep
|turn|9
|
|t:|1757871554
|move|p1a: Landorus|Substitute|p1a: Landorus
|-start|p1a: Landorus|Substitute
|-damage|p1a: Landorus|76/100
|move|p2a: Manaphy|Acid Armor|p2a: Manaphy
|-boost|p2a: Manaphy|def|2
|
|-heal|p1a: Landorus|82/100|[from] item: Leftovers
|-heal|p2a: Manaphy|100/100|[from] item: Leftovers
|upkeep
|turn|10
|
|t:|1757871562
|move|p1a: Landorus|Swords Dance|p1a: Landorus
|-boost|p1a: Landorus|atk|2
|move|p2a: Manaphy|Ice Beam|p1a: Landorus
|-supereffective|p1a: Landorus
|-end|p1a: Landorus|Substitute
|
|-heal|p1a: Landorus|88/100|[from] item: Leftovers
|upkeep
|turn|11
|inactive|lxymxn has 120 seconds left.
|
|t:|1757871601
|move|p1a: Landorus|Earthquake|p2a: Manaphy
|-resisted|p2a: Manaphy
|-damage|p2a: Manaphy|83/100
|move|p2a: Manaphy|Scald|p1a: Landorus
|-supereffective|p1a: Landorus
|-damage|p1a: Landorus|0 fnt
|faint|p1a: Landorus
|
|-heal|p2a: Manaphy|89/100|[from] item: Leftovers
|upkeep
|
|t:|1757871604
|switch|p1a: Ditto|Ditto|100/100
|-transform|p1a: Ditto|p2a: Manaphy|[from] ability: Imposter
|-start|p1a: Ditto|typechange|Water|[silent]
|turn|12
|
|t:|1757871619
|move|p1a: Ditto|Ice Beam|p2a: Manaphy
|-supereffective|p2a: Manaphy
|-damage|p2a: Manaphy|54/100
|move|p2a: Manaphy|Scald|p1a: Ditto
|-resisted|p1a: Ditto
|-damage|p1a: Ditto|85/100
|-status|p1a: Ditto|brn
|
|-heal|p2a: Manaphy|60/100|[from] item: Leftovers
|-damage|p1a: Ditto|79/100 brn|[from] brn
|upkeep
|turn|13
|inactive|lxymxn has 120 seconds left.
|
|t:|1757871648
|move|p1a: Ditto|Ice Beam|p2a: Manaphy
|-supereffective|p2a: Manaphy
|-damage|p2a: Manaphy|25/100
|move|p2a: Manaphy|Scald|p1a: Ditto
|-resisted|p1a: Ditto
|-damage|p1a: Ditto|63/100 brn
|
|-heal|p2a: Manaphy|31/100|[from] item: Leftovers
|-damage|p1a: Ditto|57/100 brn|[from] brn
|upkeep
|turn|14
|
|t:|1757871660
|move|p1a: Ditto|Ice Beam|p2a: Manaphy
|-supereffective|p2a: Manaphy
|-damage|p2a: Manaphy|0 fnt
|faint|p2a: Manaphy
|
|-damage|p1a: Ditto|51/100 brn|[from] brn
|upkeep
|inactive|rustyaftergen4 has 120 seconds left.
|
|t:|1757871678
|switch|p2a: Breloom|Breloom, M|100/100
|-damage|p2a: Breloom|94/100|[from] Stealth Rock
|turn|15
|inactive|rustyaftergen4 has 120 seconds left.
|
|t:|1757871685
|move|p1a: Ditto|Ice Beam|p2a: Breloom
|-supereffective|p2a: Breloom
|-damage|p2a: Breloom|5/100
|move|p2a: Breloom|Seed Bomb|p1a: Ditto
|-supereffective|p1a: Ditto
|-damage|p1a: Ditto|13/100 brn
|
|-damage|p1a: Ditto|7/100 brn|[from] brn
|-status|p2a: Breloom|tox|[from] item: Toxic Orb
|upkeep
|turn|16
|inactive|lxymxn has 120 seconds left.
|
|t:|1757871707
|move|p2a: Breloom|Mach Punch|p1a: Ditto
|-damage|p1a: Ditto|0 fnt
|faint|p1a: Ditto
|
|-heal|p2a: Breloom|18/100 tox|[from] ability: Poison Heal
|upkeep
|inactive|lxymxn has 90 seconds left.
|
|t:|1757871744
|switch|p1a: Great Tusk|Great Tusk|100/100
|turn|17
|
|t:|1757871753
|move|p2a: Breloom|Mach Punch|p1a: Great Tusk
|-damage|p1a: Great Tusk|84/100
|move|p1a: Great Tusk|Rapid Spin|p2a: Breloom
|-damage|p2a: Breloom|0 fnt
|-boost|p1a: Great Tusk|spe|1
|faint|p2a: Breloom
|
|-heal|p1a: Great Tusk|91/100|[from] item: Leftovers
|upkeep
|
|t:|1757871768
|switch|p2a: Dragonite|Dragonite, M|100/100
|-damage|p2a: Dragonite|76/100|[from] Stealth Rock
|turn|18
|inactive|lxymxn has 90 seconds left.
|
|t:|1757871802
|move|p1a: Great Tusk|Ice Spinner|p2a: Dragonite
|-supereffective|p2a: Dragonite
|-damage|p2a: Dragonite|0 fnt
|faint|p2a: Dragonite
|
|-heal|p1a: Great Tusk|97/100|[from] item: Leftovers
|upkeep
|
|t:|1757871808
|switch|p2a: Landorus|Landorus-Therian, M|100/100
|-damage|p2a: Landorus|88/100|[from] Stealth Rock
|-ability|p2a: Landorus|Intimidate|boost
|-unboost|p1a: Great Tusk|atk|1
|turn|19
|inactive|lxymxn has 90 seconds left.
|
|t:|1757871821
|move|p2a: Landorus|Earthquake|p1a: Great Tusk
|-damage|p1a: Great Tusk|50/100
|move|p1a: Great Tusk|Ice Spinner|p2a: Landorus
|-supereffective|p2a: Landorus
|-damage|p2a: Landorus|0 fnt
|faint|p2a: Landorus
|
|win|lxymxn
|raw|lxymxn's rating: 1394 &rarr; <strong>1418</strong><br />(+24 for winning)
|raw|rustyaftergen4's rating: 1469 &rarr; <strong>1445</strong><br />(-24 for losing)
|c|☆rustyaftergen4|ggwp
|l|☆lxymxn
|player|p1|
|l|☆rustyaftergen4
|player|p2|
