|j|☆TruckingMaggot
|j|☆A Bad Fur Day
|t:|1757794495
|gametype|singles
|player|p1|TruckingMaggot|1|1211
|player|p2|A Bad Fur Day|ghetsis|1297
|gen|9
|tier|[Gen 9] OU
|rated|
|rule|HP Percentage Mod: HP is shown in percentages
|rule|Endless Battle Clause: Forcing endless battles is banned
|rule|Species Clause: Limit one of each Pokémon
|rule|OHKO Clause: OHKO moves are banned
|rule|Evasion Items Clause: Evasion items are banned
|rule|Evasion Moves Clause: Evasion moves are banned
|rule|Evasion Abilities Clause: Evasion abilities are banned
|rule|Sleep Moves Clause: Sleep-inducing moves are banned
|clearpoke
|poke|p1|Emboar, M|
|poke|p1|Tyranitar, M|
|poke|p1|Dondozo, M|
|poke|p1|Landorus-Therian, M|
|poke|p1|Dragapult, M|
|poke|p1|Tsareena, F|
|poke|p2|Blissey, F|
|poke|p2|Chansey, F|
|poke|p2|Dragapult, M|
|poke|p2|Dondozo, M|
|poke|p2|Glimmora, M|
|poke|p2|Vigoroth, F|
|teampreview
|
|t:|1757794500
|teamsize|p1|6
|teamsize|p2|6
|start
|switch|p1a: Meteor|Emboar, M, shiny|100/100
|switch|p2a: Vigoroth|Vigoroth, F|100/100
|turn|1
|
|t:|1757794505
|move|p2a: Vigoroth|Knock Off|p1a: Meteor
|-resisted|p1a: Meteor
|-damage|p1a: Meteor|93/100
|-enditem|p1a: Meteor|Leftovers|[from] move: Knock Off|[of] p2a: Vigoroth
|move|p1a: Meteor|Bulk Up|p1a: Meteor
|-boost|p1a: Meteor|atk|1
|-boost|p1a: Meteor|def|1
|
|upkeep
|turn|2
|
|t:|1757794510
|switch|p2a: Dondozo|Dondozo, M|100/100
|move|p1a: Meteor|Bulk Up|p1a: Meteor
|-boost|p1a: Meteor|atk|1
|-boost|p1a: Meteor|def|1
|
|upkeep
|turn|3
|
|t:|1757794518
|switch|p1a: Dondozo|Dondozo, M|100/100
|move|p2a: Dondozo|Wave Crash|p1a: Dondozo
|-resisted|p1a: Dondozo
|-damage|p1a: Dondozo|92/100
|-damage|p2a: Dondozo|84/100|[from] item: Rocky Helmet|[of] p1a: Dondozo
|-damage|p2a: Dondozo|81/100|[from] Recoil
|
|-heal|p2a: Dondozo|87/100|[from] item: Leftovers
|upkeep
|turn|4
|
|t:|1757794524
|switch|p2a: Vigoroth|Vigoroth, F|100/100
|switch|p1a: Tsareena|Tsareena, F|100/100
|
|upkeep
|turn|5
|
|t:|1757794528
|move|p2a: Vigoroth|Knock Off|p1a: Tsareena
|-crit|p1a: Tsareena
|-damage|p1a: Tsareena|74/100
|-enditem|p1a: Tsareena|Heavy-Duty Boots|[from] move: Knock Off|[of] p2a: Vigoroth
|move|p1a: Tsareena|Knock Off|p2a: Vigoroth
|-damage|p2a: Vigoroth|84/100
|-enditem|p2a: Vigoroth|Eviolite|[from] move: Knock Off|[of] p1a: Tsareena
|
|upkeep
|turn|6
|
|t:|1757794537
|move|p2a: Vigoroth|Metronome|p2a: Vigoroth
|move|p2a: Vigoroth|Psychic Fangs|p1a: Tsareena|[from] move: Metronome
|-damage|p1a: Tsareena|57/100
|move|p1a: Tsareena|Knock Off|p2a: Vigoroth
|-damage|p2a: Vigoroth|67/100
|
|upkeep
|turn|7
|
|t:|1757794543
|move|p2a: Vigoroth|Metronome|p2a: Vigoroth
|move|p2a: Vigoroth|Gravity|p2a: Vigoroth|[from] move: Metronome
|-fieldstart|move: Gravity
|cant|p1a: Tsareena|move: Gravity|High Jump Kick
|
|upkeep
|turn|8
|c|☆A Bad Fur Day|i have planned that exact turn of events
|c|☆TruckingMaggot|Yep I can tell
|c|☆TruckingMaggot|I can only laugh at that
|
|t:|1757794577
|switch|p1a: Dragapult|Dragapult, M|100/100
|move|p2a: Vigoroth|Metronome|p2a: Vigoroth
|move|p2a: Vigoroth|Disarming Voice|p1a: Dragapult|[from] move: Metronome
|-supereffective|p1a: Dragapult
|-damage|p1a: Dragapult|87/100
|
|upkeep
|turn|9
|
|t:|1757794582
|move|p1a: Dragapult|Draco Meteor|p2a: Vigoroth
|-damage|p2a: Vigoroth|0 fnt
|-unboost|p1a: Dragapult|spa|2
|faint|p2a: Vigoroth
|-enditem|p1a: Dragapult|Eject Pack
|
|t:|1757794588
|switch|p1a: Tyranitar|Tyranitar, M|100/100
|-weather|Sandstorm|[from] ability: Sand Stream|[of] p1a: Tyranitar
|
|-weather|Sandstorm|[upkeep]
|upkeep
|
|t:|1757794592
|switch|p2a: Glimmora|Glimmora, M|100/100
|turn|10
|
|t:|1757794597
|move|p2a: Glimmora|Stealth Rock|p1a: Tyranitar
|-sidestart|p1: TruckingMaggot|move: Stealth Rock
|move|p1a: Tyranitar|Ice Beam|p2a: Glimmora
|-damage|p2a: Glimmora|85/100
|
|-weather|Sandstorm|[upkeep]
|upkeep
|turn|11
|
|t:|1757794603
|move|p2a: Glimmora|Spikes|p1a: Tyranitar
|-sidestart|p1: TruckingMaggot|Spikes
|move|p1a: Tyranitar|Knock Off|p2a: Glimmora
|-damage|p2a: Glimmora|53/100
|-activate|p2a: Glimmora|ability: Toxic Debris
|-sidestart|p1: TruckingMaggot|move: Toxic Spikes
|-enditem|p2a: Glimmora|Shuca Berry|[from] move: Knock Off|[of] p1a: Tyranitar
|
|-weather|Sandstorm|[upkeep]
|-fieldend|move: Gravity
|upkeep
|turn|12
|
|t:|1757794609
|move|p2a: Glimmora|Spikes|p1a: Tyranitar
|-sidestart|p1: TruckingMaggot|Spikes
|move|p1a: Tyranitar|Iron Head|p2a: Glimmora
|-supereffective|p2a: Glimmora
|-damage|p2a: Glimmora|18/100
|-activate|p2a: Glimmora|ability: Toxic Debris
|-sidestart|p1: TruckingMaggot|move: Toxic Spikes
|
|-weather|Sandstorm|[upkeep]
|upkeep
|turn|13
|
|t:|1757794612
|move|p2a: Glimmora|Spikes|p1a: Tyranitar
|-sidestart|p1: TruckingMaggot|Spikes
|move|p1a: Tyranitar|Iron Head|p2a: Glimmora
|-supereffective|p2a: Glimmora
|-damage|p2a: Glimmora|0 fnt
|faint|p2a: Glimmora
|
|-weather|none
|upkeep
|
|t:|1757794615
|switch|p2a: Dragapult|Dragapult, M|100/100
|turn|14
|
|t:|1757794618
|move|p2a: Dragapult|U-turn|p1a: Tyranitar
|-supereffective|p1a: Tyranitar
|-damage|p1a: Tyranitar|68/100
|
|t:|1757794619
|switch|p2a: Dondozo|Dondozo, M|87/100|[from] U-turn
|move|p1a: Tyranitar|Ice Beam|p2a: Dondozo
|-resisted|p2a: Dondozo
|-damage|p2a: Dondozo|76/100
|
|-heal|p2a: Dondozo|82/100|[from] item: Leftovers
|upkeep
|turn|15
|
|t:|1757794627
|switch|p1a: Dondozo|Dondozo, M|92/100
|-damage|p1a: Dondozo|79/100|[from] Stealth Rock
|-damage|p1a: Dondozo|54/100|[from] Spikes
|-status|p1a: Dondozo|tox
|move|p2a: Dondozo|Wave Crash|p1a: Dondozo
|-resisted|p1a: Dondozo
|-damage|p1a: Dondozo|44/100 tox
|-damage|p2a: Dondozo|66/100|[from] item: Rocky Helmet|[of] p1a: Dondozo
|-damage|p2a: Dondozo|62/100|[from] Recoil
|
|-heal|p2a: Dondozo|68/100|[from] item: Leftovers
|-damage|p1a: Dondozo|38/100 tox|[from] psn
|upkeep
|turn|16
|
|t:|1757794639
|move|p2a: Dondozo|Substitute|p2a: Dondozo
|-start|p2a: Dondozo|Substitute
|-damage|p2a: Dondozo|43/100
|move|p1a: Dondozo|Crunch|p2a: Dondozo
|-activate|p2a: Dondozo|move: Substitute|[damage]
|
|-heal|p2a: Dondozo|50/100|[from] item: Leftovers
|-damage|p1a: Dondozo|25/100 tox|[from] psn
|upkeep
|turn|17
|
|t:|1757794641
|move|p2a: Dondozo|Curse|p2a: Dondozo
|-unboost|p2a: Dondozo|spe|1
|-boost|p2a: Dondozo|atk|1
|-boost|p2a: Dondozo|def|1
|move|p1a: Dondozo|Crunch|p2a: Dondozo
|-activate|p2a: Dondozo|move: Substitute|[damage]
|
|-heal|p2a: Dondozo|56/100|[from] item: Leftovers
|-damage|p1a: Dondozo|7/100 tox|[from] psn
|upkeep
|turn|18
|
|t:|1757794652
|switch|p1a: Landorus|Landorus-Therian, M|100/100
|-ability|p1a: Landorus|Intimidate|boost
|-immune|p2a: Dondozo
|move|p2a: Dondozo|Curse|p2a: Dondozo
|-unboost|p2a: Dondozo|spe|1
|-boost|p2a: Dondozo|atk|1
|-boost|p2a: Dondozo|def|1
|
|-heal|p2a: Dondozo|62/100|[from] item: Leftovers
|upkeep
|turn|19
|
|t:|1757794656
|move|p1a: Landorus|Taunt|p2a: Dondozo
|-start|p2a: Dondozo|move: Taunt
|move|p2a: Dondozo|Wave Crash|p1a: Landorus
|-supereffective|p1a: Landorus
|-damage|p1a: Landorus|0 fnt
|faint|p1a: Landorus
|-damage|p2a: Dondozo|41/100|[from] Recoil
|
|-heal|p2a: Dondozo|47/100|[from] item: Leftovers
|upkeep
|
|t:|1757794659
|switch|p1a: Tsareena|Tsareena, F|57/100
|-damage|p1a: Tsareena|45/100|[from] Stealth Rock
|-damage|p1a: Tsareena|20/100|[from] Spikes
|-status|p1a: Tsareena|tox
|turn|20
|
|t:|1757794661
|switch|p2a: Dragapult|Dragapult, M|100/100
|move|p1a: Tsareena|Rapid Spin|p2a: Dragapult
|-immune|p2a: Dragapult
|
|-damage|p1a: Tsareena|14/100 tox|[from] psn
|upkeep
|turn|21
|
|t:|1757794666
|move|p2a: Dragapult|Hex|p1a: Tsareena
|-damage|p1a: Tsareena|0 fnt
|faint|p1a: Tsareena
|
|upkeep
|
|t:|1757794670
|switch|p1a: Tyranitar|Tyranitar, M|68/100
|-damage|p1a: Tyranitar|56/100|[from] Stealth Rock
|-damage|p1a: Tyranitar|31/100|[from] Spikes
|-status|p1a: Tyranitar|tox
|-weather|Sandstorm|[from] ability: Sand Stream|[of] p1a: Tyranitar
|turn|22
|
|t:|1757794676
|-terastallize|p2a: Dragapult|Ghost
|move|p2a: Dragapult|Hex|p1a: Tyranitar
|-resisted|p1a: Tyranitar
|-damage|p1a: Tyranitar|13/100 tox
|move|p1a: Tyranitar|Ice Beam|p2a: Dragapult
|-damage|p2a: Dragapult|74/100
|
|-weather|Sandstorm|[upkeep]
|-damage|p2a: Dragapult|68/100|[from] Sandstorm
|-damage|p1a: Tyranitar|7/100 tox|[from] psn
|upkeep
|turn|23
|
|t:|1757794685
|move|p2a: Dragapult|Hex|p1a: Tyranitar
|-resisted|p1a: Tyranitar
|-damage|p1a: Tyranitar|0 fnt
|faint|p1a: Tyranitar
|
|-weather|Sandstorm|[upkeep]
|-damage|p2a: Dragapult|62/100|[from] Sandstorm
|upkeep
|
|t:|1757794688
|switch|p1a: Dragapult|Dragapult, M|87/100
|-damage|p1a: Dragapult|75/100|[from] Stealth Rock
|-damage|p1a: Dragapult|50/100|[from] Spikes
|-status|p1a: Dragapult|tox
|turn|24
|
|t:|1757794694
|switch|p2a: Blissey|Blissey, F|100/100
|move|p1a: Dragapult|Shadow Ball|p2a: Blissey
|-immune|p2a: Blissey
|
|-weather|Sandstorm|[upkeep]
|-damage|p1a: Dragapult|44/100 tox|[from] Sandstorm
|-damage|p2a: Blissey|94/100|[from] Sandstorm
|-heal|p2a: Blissey|100/100|[from] item: Leftovers
|-damage|p1a: Dragapult|38/100 tox|[from] psn
|upkeep
|turn|25
|
|t:|1757794698
|switch|p1a: Dondozo|Dondozo, M|7/100 tox
|-damage|p1a: Dondozo|0 fnt|[from] Stealth Rock
|faint|p1a: Dondozo
|move|p2a: Blissey|Metronome|p2a: Blissey
|move|p2a: Blissey|Venoshock|p1: Dondozo|[from] move: Metronome|[notarget]
|-fail|p2a: Blissey
|
|-weather|Sandstorm|[upkeep]
|-damage|p2a: Blissey|94/100|[from] Sandstorm
|-heal|p2a: Blissey|100/100|[from] item: Leftovers
|upkeep
|
|t:|1757794700
|switch|p1a: Meteor|Emboar, M, shiny|93/100
|-damage|p1a: Meteor|81/100|[from] Stealth Rock
|-damage|p1a: Meteor|56/100|[from] Spikes
|-status|p1a: Meteor|tox
|turn|26
|
|t:|1757794705
|move|p1a: Meteor|Bulk Up|p1a: Meteor
|-boost|p1a: Meteor|atk|1
|-boost|p1a: Meteor|def|1
|move|p2a: Blissey|Chilling Water|p1a: Meteor
|-supereffective|p1a: Meteor
|-damage|p1a: Meteor|37/100 tox
|-unboost|p1a: Meteor|atk|1
|
|-weather|none
|-damage|p1a: Meteor|31/100 tox|[from] psn
|upkeep
|turn|27
|
|t:|1757794707
|move|p1a: Meteor|Drain Punch|p2a: Blissey
|-supereffective|p2a: Blissey
|-damage|p2a: Blissey|0 fnt
|-heal|p1a: Meteor|100/100 tox|[from] drain|[of] p2a: Blissey
|faint|p2a: Blissey
|
|-damage|p1a: Meteor|88/100 tox|[from] psn
|upkeep
|
|t:|1757794710
|switch|p2a: Dondozo|Dondozo, M|47/100
|turn|28
|
|t:|1757794725
|-terastallize|p1a: Meteor|Fire
|move|p1a: Meteor|Bulk Up|p1a: Meteor
|-boost|p1a: Meteor|atk|1
|-boost|p1a: Meteor|def|1
|move|p2a: Dondozo|Wave Crash|p1a: Meteor
|-supereffective|p1a: Meteor
|-crit|p1a: Meteor
|-damage|p1a: Meteor|0 fnt
|faint|p1a: Meteor
|-damage|p2a: Dondozo|25/100|[from] Recoil
|
|-heal|p2a: Dondozo|31/100|[from] item: Leftovers
|upkeep
|
|t:|1757794727
|switch|p1a: Dragapult|Dragapult, M|38/100 tox
|-damage|p1a: Dragapult|26/100 tox|[from] Stealth Rock
|-damage|p1a: Dragapult|1/100 tox|[from] Spikes
|turn|29
|
|t:|1757794731
|move|p1a: Dragapult|Thunderbolt|p2a: Dondozo
|-supereffective|p2a: Dondozo
|-damage|p2a: Dondozo|0 fnt
|faint|p2a: Dondozo
|
|-damage|p1a: Dragapult|0 fnt|[from] psn
|faint|p1a: Dragapult
|
|win|A Bad Fur Day
|raw|TruckingMaggot's rating: 1211 &rarr; <strong>1192</strong><br />(-19 for losing)
|raw|A Bad Fur Day's rating: 1297 &rarr; <strong>1316</strong><br />(+19 for winning)
|l|☆A Bad Fur Day
|player|p2|
|l|☆TruckingMaggot
|player|p1|
