|j|☆prambebe
|j|☆coco falante
|t:|1757811679
|gametype|singles
|player|p1|prambebe|170|1280
|player|p2|coco falante|veteran|1245
|gen|9
|tier|[Gen 9] OU
|rated|
|rule|HP Percentage Mod: HP is shown in percentages
|rule|Endless Battle Clause: Forcing endless battles is banned
|rule|Species Clause: Limit one of each Pokémon
|rule|OHKO Clause: OHKO moves are banned
|rule|Evasion Items Clause: Evasion items are banned
|rule|Evasion Moves Clause: Evasion moves are banned
|rule|Evasion Abilities Clause: Evasion abilities are banned
|rule|Sleep Moves Clause: Sleep-inducing moves are banned
|clearpoke
|poke|p1|Iron Valiant|
|poke|p1|Brambleghast, F|
|poke|p1|Ursaluna, M|
|poke|p1|Iron Moth|
|poke|p1|Alomomola, L99, M|
|poke|p1|Weezing-Galar, M|
|poke|p2|Dragalge, F|
|poke|p2|Alomomola, F|
|poke|p2|Lokix, M|
|poke|p2|Great Tusk|
|poke|p2|Gholdengo|
|poke|p2|Moltres|
|teampreview
|inactive|Battle timer is ON: inactive players will automatically lose when time's up. (requested by coco falante)
|inactive|prambebe has 120 seconds left.
|inactive|prambebe has 90 seconds left.
|
|t:|1757811805
|teamsize|p1|6
|teamsize|p2|6
|start
|switch|p1a: Iron Moth|Iron Moth|100/100
|switch|p2a: 01|Lokix, M, shiny|100/100
|turn|1
|
|t:|1757811815
|switch|p2a: alomomomola|Alomomola, F, shiny|100/100
|move|p1a: Iron Moth|Fiery Dance|p2a: alomomomola
|-resisted|p2a: alomomomola
|-damage|p2a: alomomomola|89/100
|-boost|p1a: Iron Moth|spa|1
|
|upkeep
|turn|2
|
|t:|1757811822
|move|p1a: Iron Moth|Sludge Wave|p2a: alomomomola
|-crit|p2a: alomomomola
|-damage|p2a: alomomomola|31/100
|-status|p2a: alomomomola|psn
|move|p2a: alomomomola|Mirror Coat|p1a: Iron Moth
|-damage|p1a: Iron Moth|0 fnt
|faint|p1a: Iron Moth
|-end|p1a: Iron Moth|Quark Drive|[silent]
|
|-damage|p2a: alomomomola|18/100 psn|[from] psn
|upkeep
|
|t:|1757811842
|switch|p1a: Brambleghast|Brambleghast, F|100/100
|turn|3
|
|t:|1757811848
|switch|p2a: lava chiken|Moltres|100/100
|move|p1a: Brambleghast|Poltergeist|p2a: lava chiken
|-activate|p2a: lava chiken|move: Poltergeist|Heavy-Duty Boots
|-damage|p2a: lava chiken|55/100
|
|upkeep
|turn|4
|
|t:|1757811862
|move|p1a: Brambleghast|Leech Seed|p2a: lava chiken
|-start|p2a: lava chiken|move: Leech Seed
|move|p2a: lava chiken|U-turn|p1a: Brambleghast
|-damage|p1a: Brambleghast|84/100
|
|t:|1757811866
|switch|p2a: 01|Lokix, M, shiny|100/100|[from] U-turn
|
|upkeep
|turn|5
|c|☆coco falante|A jump to the sky turns to a rider kick
|
|t:|1757811874
|switch|p1a: Weezing|Weezing-Galar, M|100/100
|-terastallize|p2a: 01|Bug
|move|p2a: 01|First Impression|p1a: Weezing
|-resisted|p1a: Weezing
|-damage|p1a: Weezing|68/100
|-damage|p2a: 01|84/100|[from] item: Rocky Helmet|[of] p1a: Weezing
|
|upkeep
|turn|6
|
|t:|1757811883
|switch|p2a: macarroni|Gholdengo, shiny|100/100
|move|p1a: Weezing|Toxic Spikes|p2a: macarroni
|-sidestart|p2: coco falante|move: Toxic Spikes
|
|upkeep
|turn|7
|
|t:|1757811888
|move|p2a: macarroni|Make It Rain|p1a: Weezing
|-supereffective|p1a: Weezing
|-damage|p1a: Weezing|0 fnt
|-unboost|p2a: macarroni|spa|1
|faint|p1a: Weezing
|
|upkeep
|
|t:|1757811894
|switch|p1a: Brambleghast|Brambleghast, F|84/100
|turn|8
|
|t:|1757811898
|switch|p2a: drop a draco|Dragalge, F|100/100
|-sideend|p2: coco falante|move: Toxic Spikes|[of] p2a: drop a draco
|move|p1a: Brambleghast|Poltergeist|p2a: drop a draco
|-activate|p2a: drop a draco|move: Poltergeist|Choice Specs
|-damage|p2a: drop a draco|43/100
|
|upkeep
|turn|9
|
|t:|1757811907
|move|p1a: Brambleghast|Poltergeist|p2a: drop a draco
|-activate|p2a: drop a draco|move: Poltergeist|Choice Specs
|-damage|p2a: drop a draco|0 fnt
|faint|p2a: drop a draco
|
|upkeep
|
|t:|1757811912
|switch|p2a: 01|Lokix, M, shiny, tera:Bug|84/100
|turn|10
|
|t:|1757811915
|switch|p1a: Alomomola|Alomomola, L99, M|100/100
|move|p2a: 01|First Impression|p1a: Alomomola
|-damage|p1a: Alomomola|42/100
|-damage|p2a: 01|67/100|[from] item: Rocky Helmet|[of] p1a: Alomomola
|
|upkeep
|turn|11
|
|t:|1757811919
|switch|p2a: alomomomola|Alomomola, F, shiny|52/100 psn
|move|p1a: Alomomola|Flip Turn|p2a: alomomomola
|-resisted|p2a: alomomomola
|-damage|p2a: alomomomola|46/100 psn
|inactive|prambebe has 120 seconds left.
|
|t:|1757811952
|switch|p1a: Iron Valiant|Iron Valiant|100/100|[from] Flip Turn
|
|-damage|p2a: alomomomola|33/100 psn|[from] psn
|upkeep
|turn|12
|
|t:|1757811965
|switch|p2a: lava chiken|Moltres|55/100
|move|p1a: Iron Valiant|Moonblast|p2a: lava chiken
|-resisted|p2a: lava chiken
|-damage|p2a: lava chiken|37/100
|
|upkeep
|turn|13
|
|t:|1757811969
|move|p1a: Iron Valiant|Calm Mind|p1a: Iron Valiant
|-boost|p1a: Iron Valiant|spa|1
|-boost|p1a: Iron Valiant|spd|1
|move|p2a: lava chiken|Roost|p2a: lava chiken
|-heal|p2a: lava chiken|87/100
|-singleturn|p2a: lava chiken|move: Roost
|
|upkeep
|turn|14
|
|t:|1757811972
|move|p1a: Iron Valiant|Encore|p2a: lava chiken
|-start|p2a: lava chiken|Encore
|move|p2a: lava chiken|Roost|p2a: lava chiken
|-heal|p2a: lava chiken|100/100
|-singleturn|p2a: lava chiken|move: Roost
|
|upkeep
|turn|15
|
|t:|1757811977
|switch|p2a: alomomomola|Alomomola, F, shiny|66/100 psn
|move|p1a: Iron Valiant|Calm Mind|p1a: Iron Valiant
|-boost|p1a: Iron Valiant|spa|1
|-boost|p1a: Iron Valiant|spd|1
|
|-damage|p2a: alomomomola|54/100 psn|[from] psn
|upkeep
|turn|16
|
|t:|1757811983
|move|p1a: Iron Valiant|Moonblast|p2a: alomomomola
|-crit|p2a: alomomomola
|-damage|p2a: alomomomola|0 fnt
|faint|p2a: alomomomola
|
|upkeep
|
|t:|1757811996
|switch|p2a: lava chiken|Moltres|100/100
|turn|17
|
|t:|1757812004
|-end|p1a: Iron Valiant|Quark Drive|[silent]
|switch|p1a: Alomomola|Alomomola, L99, M|75/100
|move|p2a: lava chiken|Roar|p1a: Alomomola
|drag|p1a: Ursaluna|Ursaluna, M|100/100
|
|upkeep
|turn|18
|
|t:|1757812010
|switch|p1a: Alomomola|Alomomola, L99, M|100/100
|move|p2a: lava chiken|Roar|p1a: Alomomola
|drag|p1a: Brambleghast|Brambleghast, F|84/100
|
|upkeep
|turn|19
|
|t:|1757812021
|move|p1a: Brambleghast|Poltergeist|p2a: lava chiken
|-activate|p2a: lava chiken|move: Poltergeist|Heavy-Duty Boots
|-damage|p2a: lava chiken|56/100
|move|p2a: lava chiken|Flamethrower|p1a: Brambleghast
|-supereffective|p1a: Brambleghast
|-crit|p1a: Brambleghast
|-damage|p1a: Brambleghast|0 fnt
|faint|p1a: Brambleghast
|
|upkeep
|
|t:|1757812026
|switch|p1a: Ursaluna|Ursaluna, M|100/100
|turn|20
|
|t:|1757812031
|move|p1a: Ursaluna|Headlong Rush|p2a: lava chiken
|-immune|p2a: lava chiken
|move|p2a: lava chiken|Roar|p1a: Ursaluna
|drag|p1a: Alomomola|Alomomola, L99, M|100/100
|
|upkeep
|turn|21
|
|t:|1757812035
|move|p2a: lava chiken|U-turn|p1a: Alomomola
|-damage|p1a: Alomomola|90/100
|-damage|p2a: lava chiken|39/100|[from] item: Rocky Helmet|[of] p1a: Alomomola
|
|t:|1757812046
|switch|p2a: macarroni|Gholdengo, shiny|100/100|[from] U-turn
|move|p1a: Alomomola|Tickle|p2a: macarroni
|-immune|p2a: macarroni|[from] ability: Good as Gold
|
|upkeep
|turn|22
|
|t:|1757812052
|move|p2a: macarroni|Trick|p1a: Alomomola
|-activate|p2a: macarroni|move: Trick|[of] p1a: Alomomola
|-item|p1a: Alomomola|Choice Scarf|[from] move: Trick
|-item|p2a: macarroni|Rocky Helmet|[from] move: Trick
|move|p1a: Alomomola|Flip Turn|p2a: macarroni
|-damage|p2a: macarroni|82/100
|-damage|p1a: Alomomola|74/100|[from] item: Rocky Helmet|[of] p2a: macarroni
|
|t:|1757812058
|switch|p1a: Ursaluna|Ursaluna, M|100/100|[from] Flip Turn
|
|upkeep
|turn|23
|
|t:|1757812068
|move|p2a: macarroni|Trick|p1a: Ursaluna
|-activate|p2a: macarroni|move: Trick|[of] p1a: Ursaluna
|-item|p1a: Ursaluna|Rocky Helmet|[from] move: Trick
|-item|p2a: macarroni|Punching Glove|[from] move: Trick
|move|p1a: Ursaluna|Ice Punch|p2a: macarroni
|-resisted|p2a: macarroni
|-damage|p2a: macarroni|66/100
|
|upkeep
|turn|24
|
|t:|1757812076
|move|p2a: macarroni|Focus Blast|p1a: Ursaluna
|-immune|p1a: Ursaluna|[from] ability: Bulletproof
|move|p1a: Ursaluna|Fire Punch|p2a: macarroni
|-supereffective|p2a: macarroni
|-damage|p2a: macarroni|0 fnt
|faint|p2a: macarroni
|
|upkeep
|
|t:|1757812084
|switch|p2a: dolphant|Great Tusk|100/100
|turn|25
|
|t:|1757812091
|move|p2a: dolphant|Ice Spinner|p1a: Ursaluna
|-supereffective|p1a: Ursaluna
|-damage|p1a: Ursaluna|54/100
|-damage|p2a: dolphant|84/100|[from] item: Rocky Helmet|[of] p1a: Ursaluna
|move|p1a: Ursaluna|Ice Punch|p2a: dolphant
|-supereffective|p2a: dolphant
|-damage|p2a: dolphant|42/100
|
|upkeep
|turn|26
|
|t:|1757812097
|switch|p1a: Alomomola|Alomomola, L99, M|100/100
|move|p2a: dolphant|Ice Spinner|p1a: Alomomola
|-resisted|p1a: Alomomola
|-damage|p1a: Alomomola|91/100
|
|upkeep
|turn|27
|
|t:|1757812117
|move|p2a: dolphant|Stealth Rock|p1a: Alomomola
|-sidestart|p1: prambebe|move: Stealth Rock
|move|p1a: Alomomola|Flip Turn|p2a: dolphant
|-supereffective|p2a: dolphant
|-damage|p2a: dolphant|18/100
|
|t:|1757812120
|switch|p1a: Ursaluna|Ursaluna, M|54/100|[from] Flip Turn
|-damage|p1a: Ursaluna|48/100|[from] Stealth Rock
|
|upkeep
|turn|28
|
|t:|1757812124
|switch|p1a: Alomomola|Alomomola, L99, M|100/100
|-damage|p1a: Alomomola|88/100|[from] Stealth Rock
|move|p2a: dolphant|Ice Spinner|p1a: Alomomola
|-resisted|p1a: Alomomola
|-damage|p1a: Alomomola|80/100
|
|upkeep
|turn|29
|
|t:|1757812137
|move|p2a: dolphant|Headlong Rush|p1a: Alomomola
|-damage|p1a: Alomomola|43/100
|-unboost|p2a: dolphant|def|1
|-unboost|p2a: dolphant|spd|1
|move|p1a: Alomomola|Flip Turn|p2a: dolphant
|-supereffective|p2a: dolphant
|-damage|p2a: dolphant|0 fnt
|faint|p2a: dolphant
|-end|p2a: dolphant|Protosynthesis|[silent]
|
|t:|1757812143
|switch|p1a: Ursaluna|Ursaluna, M|48/100|[from] Flip Turn
|-damage|p1a: Ursaluna|42/100|[from] Stealth Rock
|
|upkeep
|
|t:|1757812147
|switch|p2a: 01|Lokix, M, shiny, tera:Bug|67/100
|turn|30
|
|t:|1757812156
|switch|p1a: Alomomola|Alomomola, L99, M|76/100
|-damage|p1a: Alomomola|63/100|[from] Stealth Rock
|move|p2a: 01|U-turn|p1a: Alomomola
|-damage|p1a: Alomomola|20/100
|
|t:|1757812159
|switch|p2a: lava chiken|Moltres|39/100|[from] U-turn
|
|upkeep
|turn|31
|
|t:|1757812167
|move|p2a: lava chiken|U-turn|p1a: Alomomola
|-damage|p1a: Alomomola|12/100
|
|t:|1757812170
|switch|p2a: 01|Lokix, M, shiny, tera:Bug|67/100|[from] U-turn
|move|p1a: Alomomola|Flip Turn|p2a: 01
|-damage|p2a: 01|43/100
|
|t:|1757812173
|switch|p1a: Iron Valiant|Iron Valiant|100/100|[from] Flip Turn
|
|upkeep
|turn|32
|
|t:|1757812197
|move|p2a: 01|First Impression|p1a: Iron Valiant
|-resisted|p1a: Iron Valiant
|-damage|p1a: Iron Valiant|44/100
|move|p1a: Iron Valiant|Moonblast|p2a: 01
|-damage|p2a: 01|0 fnt
|faint|p2a: 01
|
|upkeep
|
|t:|1757812203
|switch|p2a: lava chiken|Moltres|39/100
|turn|33
|
|t:|1757812208
|-end|p1a: Iron Valiant|Quark Drive|[silent]
|switch|p1a: Alomomola|Alomomola, L99, M|45/100
|-damage|p1a: Alomomola|33/100|[from] Stealth Rock
|move|p2a: lava chiken|Roost|p2a: lava chiken
|-heal|p2a: lava chiken|90/100
|-singleturn|p2a: lava chiken|move: Roost
|
|upkeep
|turn|34
|
|t:|1757812214
|move|p1a: Alomomola|Flip Turn|p2a: lava chiken
|-supereffective|p2a: lava chiken
|-damage|p2a: lava chiken|57/100
|
|t:|1757812219
|switch|p1a: Ursaluna|Ursaluna, M|42/100|[from] Flip Turn
|-damage|p1a: Ursaluna|35/100|[from] Stealth Rock
|move|p2a: lava chiken|Roar|p1a: Ursaluna
|drag|p1a: Iron Valiant|Iron Valiant|44/100
|
|upkeep
|turn|35
|
|t:|1757812224
|move|p1a: Iron Valiant|Encore|p2a: lava chiken
|-start|p2a: lava chiken|Encore
|move|p2a: lava chiken|Roar|p1a: Iron Valiant
|-end|p1a: Iron Valiant|Quark Drive|[silent]
|drag|p1a: Ursaluna|Ursaluna, M|35/100
|-damage|p1a: Ursaluna|29/100|[from] Stealth Rock
|
|upkeep
|turn|36
|
|t:|1757812229
|move|p1a: Ursaluna|Ice Punch|p2a: lava chiken
|-damage|p2a: lava chiken|31/100
|move|p2a: lava chiken|Roar|p1a: Ursaluna
|drag|p1a: Alomomola|Alomomola, L99, M|66/100
|-damage|p1a: Alomomola|53/100|[from] Stealth Rock
|
|upkeep
|turn|37
|
|t:|1757812243
|move|p1a: Alomomola|Wish|p1a: Alomomola
|move|p2a: lava chiken|Roar|p1a: Alomomola
|drag|p1a: Iron Valiant|Iron Valiant|44/100
|
|-end|p2a: lava chiken|Encore
|upkeep
|turn|38
|
|t:|1757812252
|move|p1a: Iron Valiant|Encore|p2a: lava chiken
|-start|p2a: lava chiken|Encore
|move|p2a: lava chiken|Roar|p1a: Iron Valiant
|-end|p1a: Iron Valiant|Quark Drive|[silent]
|drag|p1a: Alomomola|Alomomola, L99, M|87/100
|-damage|p1a: Alomomola|74/100|[from] Stealth Rock
|
|-heal|p1a: Alomomola|100/100|[from] move: Wish|[wisher] Alomomola
|upkeep
|turn|39
|
|t:|1757812257
|move|p1a: Alomomola|Flip Turn|p2a: lava chiken
|-supereffective|p2a: lava chiken
|-damage|p2a: lava chiken|2/100
|-status|p1a: Alomomola|brn|[from] ability: Flame Body|[of] p2a: lava chiken
|
|t:|1757812259
|switch|p1a: Iron Valiant|Iron Valiant|44/100|[from] Flip Turn
|move|p2a: lava chiken|Roar|p1a: Iron Valiant
|-end|p1a: Iron Valiant|Quark Drive|[silent]
|drag|p1a: Alomomola|Alomomola, L99, M|100/100 brn
|-damage|p1a: Alomomola|88/100 brn|[from] Stealth Rock
|
|-damage|p1a: Alomomola|82/100 brn|[from] brn
|upkeep
|turn|40
|
|t:|1757812262
|move|p1a: Alomomola|Flip Turn|p2a: lava chiken
|-supereffective|p2a: lava chiken
|-damage|p2a: lava chiken|0 fnt
|faint|p2a: lava chiken
|
|win|prambebe
|raw|prambebe's rating: 1280 &rarr; <strong>1302</strong><br />(+22 for winning)
|raw|coco falante's rating: 1245 &rarr; <strong>1223</strong><br />(-22 for losing)
|l|☆coco falante
|player|p2|
