|j|☆jorgito_372
|j|☆LovingsApprentice
|t:|1757801672
|gametype|singles
|player|p1|jorgito_372|steven|1111
|player|p2|LovingsApprentice|170|1105
|gen|9
|tier|[Gen 9] OU
|rated|
|rule|HP Percentage Mod: HP is shown in percentages
|rule|Endless Battle Clause: Forcing endless battles is banned
|rule|Species Clause: Limit one of each Pokémon
|rule|OHKO Clause: OHKO moves are banned
|rule|Evasion Items Clause: Evasion items are banned
|rule|Evasion Moves Clause: Evasion moves are banned
|rule|Evasion Abilities Clause: Evasion abilities are banned
|rule|Sleep Moves Clause: Sleep-inducing moves are banned
|clearpoke
|poke|p1|Sylveon, M|
|poke|p1|Metagross|
|poke|p1|Garchomp, M|
|poke|p1|Staraptor, M|
|poke|p1|Glimmora, M|
|poke|p1|Greninja-*, F|
|poke|p2|Great Tusk|
|poke|p2|Cinderace, F|
|poke|p2|Alomomola, F|
|poke|p2|Zapdos|
|poke|p2|Slowking-Galar, F|
|poke|p2|Iron Valiant|
|teampreview
|inactive|Battle timer is ON: inactive players will automatically lose when time's up. (requested by LovingsApprentice)
|
|t:|1757801678
|teamsize|p1|6
|teamsize|p2|6
|start
|switch|p1a: Glimmora|Glimmora, M, shiny|100/100
|switch|p2a: Great Tusk|Great Tusk|100/100
|turn|1
|
|t:|1757801687
|move|p2a: Great Tusk|Headlong Rush|p1a: Glimmora
|-supereffective|p1a: Glimmora
|-damage|p1a: Glimmora|0 fnt
|-unboost|p2a: Great Tusk|def|1
|-unboost|p2a: Great Tusk|spd|1
|faint|p1a: Glimmora
|
|upkeep
|
|t:|1757801694
|switch|p1a: Staraptor|Staraptor, M, shiny|100/100
|turn|2
|
|t:|1757801705
|-end|p2a: Great Tusk|Protosynthesis|[silent]
|switch|p2a: Zapdos|Zapdos|100/100
|move|p1a: Staraptor|Brave Bird|p2a: Zapdos
|-resisted|p2a: Zapdos
|-damage|p2a: Zapdos|58/100
|-damage|p1a: Staraptor|84/100|[from] item: Rocky Helmet|[of] p2a: Zapdos
|-damage|p1a: Staraptor|67/100|[from] Recoil
|
|upkeep
|turn|3
|
|t:|1757801728
|switch|p1a: Garchomp|Garchomp, M, shiny|100/100
|move|p2a: Zapdos|Volt Switch|p1a: Garchomp
|-immune|p1a: Garchomp
|
|upkeep
|turn|4
|
|t:|1757801741
|move|p1a: Garchomp|Swords Dance|p1a: Garchomp
|-boost|p1a: Garchomp|atk|2
|move|p2a: Zapdos|Roost|p2a: Zapdos
|-heal|p2a: Zapdos|100/100
|-singleturn|p2a: Zapdos|move: Roost
|
|upkeep
|turn|5
|
|t:|1757801749
|move|p1a: Garchomp|Outrage|p2a: Zapdos
|-damage|p2a: Zapdos|10/100
|-damage|p1a: Garchomp|84/100|[from] item: Rocky Helmet|[of] p2a: Zapdos
|move|p2a: Zapdos|Hurricane|p1a: Garchomp|[miss]
|-miss|p2a: Zapdos|p1a: Garchomp
|
|upkeep
|turn|6
|
|t:|1757801758
|move|p1a: Garchomp|Outrage|p2a: Zapdos|[from] lockedmove
|-damage|p2a: Zapdos|0 fnt
|-damage|p1a: Garchomp|68/100|[from] item: Rocky Helmet|[of] p2a: Zapdos
|-status|p1a: Garchomp|par|[from] ability: Static|[of] p2a: Zapdos
|faint|p2a: Zapdos
|-start|p1a: Garchomp|confusion|[fatigue]
|
|upkeep
|inactive|LovingsApprentice has 120 seconds left.
|
|t:|1757801789
|switch|p2a: Iron Valiant|Iron Valiant|100/100
|turn|7
|inactive|LovingsApprentice has 120 seconds left.
|
|t:|1757801799
|-terastallize|p1a: Garchomp|Steel
|move|p2a: Iron Valiant|Spirit Break|p1a: Garchomp
|-resisted|p1a: Garchomp
|-damage|p1a: Garchomp|45/100 par
|-unboost|p1a: Garchomp|spa|1
|-damage|p2a: Iron Valiant|88/100|[from] ability: Rough Skin|[of] p1a: Garchomp
|-damage|p2a: Iron Valiant|71/100|[from] item: Rocky Helmet|[of] p1a: Garchomp
|-activate|p1a: Garchomp|confusion
|-damage|p1a: Garchomp|21/100 par|[from] confusion
|
|upkeep
|turn|8
|inactive|LovingsApprentice has 120 seconds left.
|
|t:|1757801816
|-end|p2a: Iron Valiant|Quark Drive|[silent]
|switch|p2a: Slowking|Slowking-Galar, F|100/100
|-activate|p1a: Garchomp|confusion
|-damage|p1a: Garchomp|0 fnt|[from] confusion
|faint|p1a: Garchomp
|
|upkeep
|l|☆jorgito_372
|inactive|jorgito_372 disconnected and has a minute to reconnect!
|player|p1|
|inactive|jorgito_372 has 30 seconds to reconnect!
|inactive|jorgito_372 has 20 seconds to reconnect!
|inactive|jorgito_372 has 15 seconds to reconnect!
|inactive|jorgito_372 has 10 seconds to reconnect!
|inactive|jorgito_372 has 5 seconds to reconnect!
|-message|jorgito_372 lost due to inactivity.
|
|win|LovingsApprentice
|raw|jorgito_372's rating: 1111 &rarr; <strong>1086</strong><br />(-25 for losing)
|raw|LovingsApprentice's rating: 1105 &rarr; <strong>1130</strong><br />(+25 for winning)
