|j|☆Sigmaurus
|j|☆tounix
|t:|1757870500
|gametype|singles
|player|p1|Sigmaurus|rosa|1322
|player|p2|tounix|hilda|1385
|gen|9
|tier|[Gen 9] OU
|rated|
|rule|HP Percentage Mod: HP is shown in percentages
|rule|Endless Battle Clause: Forcing endless battles is banned
|rule|Species Clause: Limit one of each Pokémon
|rule|OHKO Clause: OHKO moves are banned
|rule|Evasion Items Clause: Evasion items are banned
|rule|Evasion Moves Clause: Evasion moves are banned
|rule|Evasion Abilities Clause: Evasion abilities are banned
|rule|Sleep Moves Clause: Sleep-inducing moves are banned
|clearpoke
|poke|p1|Weavile, F|
|poke|p1|Hoopa-Unbound|
|poke|p1|Thundurus-Therian, M|
|poke|p1|Cobalion|
|poke|p1|Araquanid, F|
|poke|p1|Chandelure, F|
|poke|p2|Darkrai|
|poke|p2|Great Tusk|
|poke|p2|Araquanid, F|
|poke|p2|Gholdengo|
|poke|p2|Iron Moth|
|poke|p2|Dragapult, F|
|teampreview
|inactive|Battle timer is ON: inactive players will automatically lose when time's up. (requested by tounix)
|
|t:|1757870512
|teamsize|p1|6
|teamsize|p2|6
|start
|switch|p1a: Araquanid|Araquanid, F|100/100
|switch|p2a: Araquanid|Araquanid, F|100/100
|turn|1
|
|t:|1757870518
|move|p2a: Araquanid|Sticky Web|p1a: Araquanid
|-sidestart|p1: Sigmaurus|move: Sticky Web
|move|p1a: Araquanid|Sticky Web|p2a: Araquanid
|-sidestart|p2: tounix|move: Sticky Web
|
|upkeep
|turn|2
|
|t:|1757870523
|move|p2a: Araquanid|Liquidation|p1a: Araquanid
|-resisted|p1a: Araquanid
|-damage|p1a: Araquanid|71/100
|-unboost|p1a: Araquanid|def|1
|move|p1a: Araquanid|Liquidation|p2a: Araquanid
|-resisted|p2a: Araquanid
|-damage|p2a: Araquanid|58/100
|-enditem|p2a: Araquanid|Red Card|[of] p1a: Araquanid
|drag|p1a: Hoopa|Hoopa-Unbound|100/100
|-activate|p1a: Hoopa|move: Sticky Web
|-unboost|p1a: Hoopa|spe|1
|
|upkeep
|turn|3
|
|t:|1757870535
|move|p2a: Araquanid|Lunge|p1a: Hoopa
|-supereffective|p1a: Hoopa
|-damage|p1a: Hoopa|0 fnt
|faint|p1a: Hoopa
|
|upkeep
|
|t:|1757870546
|switch|p1a: Thundurus|Thundurus-Therian, M|100/100
|turn|4
|
|t:|1757870551
|move|p1a: Thundurus|Grass Knot|p2a: Araquanid
|-damage|p2a: Araquanid|28/100
|move|p2a: Araquanid|Liquidation|p1a: Thundurus
|-damage|p1a: Thundurus|25/100
|-unboost|p1a: Thundurus|def|1
|
|upkeep
|turn|5
|
|t:|1757870558
|move|p1a: Thundurus|Thunderbolt|p2a: Araquanid
|-supereffective|p2a: Araquanid
|-damage|p2a: Araquanid|0 fnt
|faint|p2a: Araquanid
|
|upkeep
|
|t:|1757870563
|switch|p2a: Great Tusk|Great Tusk|100/100
|-activate|p2a: Great Tusk|move: Sticky Web
|-unboost|p2a: Great Tusk|spe|1
|turn|6
|
|t:|1757870568
|move|p1a: Thundurus|Grass Knot|p2a: Great Tusk
|-supereffective|p2a: Great Tusk
|-damage|p2a: Great Tusk|0 fnt
|faint|p2a: Great Tusk
|-end|p2a: Great Tusk|Protosynthesis|[silent]
|
|upkeep
|
|t:|1757870572
|switch|p2a: Dragapult|Dragapult, F|100/100
|-activate|p2a: Dragapult|move: Sticky Web
|-fail|p2a: Dragapult|unboost|[from] ability: Clear Body|[of] p2a: Dragapult
|turn|7
|
|t:|1757870587
|switch|p1a: Chandelure|Chandelure, F|100/100
|move|p2a: Dragapult|Dragon Darts|p1a: Chandelure
|-damage|p1a: Chandelure|43/100
|-anim|p2a: Dragapult|Dragon Darts|p1a: Chandelure
|-damage|p1a: Chandelure|0 fnt
|faint|p1a: Chandelure
|
|upkeep
|
|t:|1757870595
|switch|p1a: Cobalion|Cobalion|100/100
|-item|p1a: Cobalion|Air Balloon
|turn|8
|
|t:|1757870599
|switch|p2a: Gholdengo|Gholdengo|100/100
|-item|p2a: Gholdengo|Air Balloon
|move|p1a: Cobalion|Iron Defense|p1a: Cobalion
|-boost|p1a: Cobalion|def|2
|
|upkeep
|turn|9
|
|t:|1757870605
|move|p2a: Gholdengo|Shadow Ball|p1a: Cobalion
|-damage|p1a: Cobalion|51/100
|-enditem|p1a: Cobalion|Air Balloon
|move|p1a: Cobalion|Volt Switch|p2a: Gholdengo
|-damage|p2a: Gholdengo|85/100
|-enditem|p2a: Gholdengo|Air Balloon
|
|t:|1757870617
|switch|p1a: Thundurus|Thundurus-Therian, M|25/100|[from] Volt Switch
|
|upkeep
|turn|10
|
|t:|1757870622
|move|p2a: Gholdengo|Shadow Ball|p1a: Thundurus
|-crit|p1a: Thundurus
|-damage|p1a: Thundurus|0 fnt
|faint|p1a: Thundurus
|
|upkeep
|
|t:|1757870627
|switch|p1a: Araquanid|Araquanid, F|71/100
|-activate|p1a: Araquanid|move: Sticky Web
|-unboost|p1a: Araquanid|spe|1
|turn|11
|
|t:|1757870631
|move|p2a: Gholdengo|Thunderbolt|p1a: Araquanid
|-supereffective|p1a: Araquanid
|-damage|p1a: Araquanid|25/100
|move|p1a: Araquanid|Liquidation|p2a: Gholdengo
|-damage|p2a: Gholdengo|15/100
|
|-heal|p1a: Araquanid|31/100|[from] item: Leftovers
|upkeep
|turn|12
|
|t:|1757870641
|move|p2a: Gholdengo|Thunderbolt|p1a: Araquanid
|-supereffective|p1a: Araquanid
|-damage|p1a: Araquanid|0 fnt
|faint|p1a: Araquanid
|
|upkeep
|
|t:|1757870643
|switch|p1a: Weavile|Weavile, F|100/100
|-activate|p1a: Weavile|move: Sticky Web
|-unboost|p1a: Weavile|spe|1
|-ability|p1a: Weavile|Pressure
|turn|13
|
|t:|1757870649
|move|p1a: Weavile|Ice Shard|p2a: Gholdengo
|-resisted|p2a: Gholdengo
|-damage|p2a: Gholdengo|1/100
|-damage|p1a: Weavile|91/100|[from] item: Life Orb
|move|p2a: Gholdengo|Make It Rain|p1a: Weavile
|-supereffective|p1a: Weavile
|-crit|p1a: Weavile
|-damage|p1a: Weavile|0 fnt
|-unboost|p2a: Gholdengo|spa|1
|faint|p1a: Weavile
|
|upkeep
|-message|Sigmaurus forfeited.
|
|win|tounix
|raw|Sigmaurus's rating: 1322 &rarr; <strong>1306</strong><br />(-16 for losing)
|raw|tounix's rating: 1385 &rarr; <strong>1401</strong><br />(+16 for winning)
|l|☆Sigmaurus
|player|p1|
|l|☆tounix
|player|p2|
