|j|☆VirtualReality19
|j|☆Nanosecond Arrows
|t:|1757891876
|gametype|singles
|player|p1|VirtualReality19|2|1112
|player|p2|Nanosecond Arrows|red|1152
|gen|9
|tier|[Gen 9] OU
|rated|
|rule|HP Percentage Mod: HP is shown in percentages
|rule|Endless Battle Clause: Forcing endless battles is banned
|rule|Species Clause: Limit one of each Pokémon
|rule|OHKO Clause: OHKO moves are banned
|rule|Evasion Items Clause: Evasion items are banned
|rule|Evasion Moves Clause: Evasion moves are banned
|rule|Evasion Abilities Clause: Evasion abilities are banned
|rule|Sleep Moves Clause: Sleep-inducing moves are banned
|clearpoke
|poke|p1|Cresselia, F|
|poke|p1|Hatterene, F|
|poke|p1|Torkoal, F|
|poke|p1|Slowking-Galar, F|
|poke|p1|Ursaluna, M|
|poke|p1|Iron Hands|
|poke|p2|Skeledirge, M|
|poke|p2|Greninja-*, M|
|poke|p2|Corviknight, F|
|poke|p2|Appletun, F|
|poke|p2|Mamoswine, M|
|poke|p2|Tentacruel, F|
|teampreview
|inactive|Battle timer is ON: inactive players will automatically lose when time's up. (requested by VirtualReality19)
|
|t:|1757891885
|teamsize|p1|6
|teamsize|p2|6
|start
|switch|p1a: Hatterene|Hatterene, F|100/100
|switch|p2a: Mamoswine|Mamoswine, M|100/100
|turn|1
|
|t:|1757891891
|move|p2a: Mamoswine|Knock Off|p1a: Hatterene
|-damage|p1a: Hatterene|51/100
|-enditem|p1a: Hatterene|Leftovers|[from] move: Knock Off|[of] p2a: Mamoswine
|-damage|p2a: Mamoswine|91/100|[from] item: Life Orb
|move|p1a: Hatterene|Trick Room|p1a: Hatterene
|-fieldstart|move: Trick Room|[of] p1a: Hatterene
|
|upkeep
|turn|2
|
|t:|1757891907
|switch|p1a: Ursaluna|Ursaluna, M|100/100
|move|p2a: Mamoswine|Earthquake|p1a: Ursaluna
|-damage|p1a: Ursaluna|50/100
|-damage|p2a: Mamoswine|81/100|[from] item: Life Orb
|
|-status|p1a: Ursaluna|brn|[from] item: Flame Orb
|upkeep
|turn|3
|
|t:|1757891926
|move|p2a: Mamoswine|Ice Shard|p1a: Ursaluna
|-supereffective|p1a: Ursaluna
|-damage|p1a: Ursaluna|11/100 brn
|-damage|p2a: Mamoswine|71/100|[from] item: Life Orb
|move|p1a: Ursaluna|Earthquake|p2a: Mamoswine
|-damage|p2a: Mamoswine|0 fnt
|faint|p2a: Mamoswine
|
|-damage|p1a: Ursaluna|4/100 brn|[from] brn
|upkeep
|inactive|Nanosecond Arrows has 120 seconds left.
|
|t:|1757891953
|switch|p2a: Corviknight|Corviknight, F, shiny|100/100
|turn|4
|
|t:|1757891960
|move|p1a: Ursaluna|Facade|p2a: Corviknight
|-resisted|p2a: Corviknight
|-damage|p2a: Corviknight|49/100
|move|p2a: Corviknight|Bulk Up|p2a: Corviknight
|-boost|p2a: Corviknight|atk|1
|-boost|p2a: Corviknight|def|1
|
|-heal|p2a: Corviknight|56/100|[from] item: Leftovers
|-damage|p1a: Ursaluna|0 fnt|[from] brn
|faint|p1a: Ursaluna
|upkeep
|
|t:|1757891978
|switch|p1a: Cresselia|Cresselia, F|100/100
|turn|5
|
|t:|1757891988
|move|p1a: Cresselia|Moonblast|p2a: Corviknight
|-resisted|p2a: Corviknight
|-damage|p2a: Corviknight|50/100
|move|p2a: Corviknight|Brave Bird|p1a: Cresselia
|-damage|p1a: Cresselia|73/100
|-damage|p2a: Corviknight|40/100|[from] Recoil
|
|-heal|p2a: Corviknight|46/100|[from] item: Leftovers
|-fieldend|move: Trick Room
|upkeep
|turn|6
|
|t:|1757892000
|move|p2a: Corviknight|Roost|p2a: Corviknight
|-heal|p2a: Corviknight|96/100
|-singleturn|p2a: Corviknight|move: Roost
|move|p1a: Cresselia|Trick Room|p1a: Cresselia
|-fieldstart|move: Trick Room|[of] p1a: Cresselia
|
|-heal|p2a: Corviknight|100/100|[from] item: Leftovers
|upkeep
|turn|7
|
|t:|1757892009
|switch|p1a: Torkoal|Torkoal, F|100/100
|-weather|SunnyDay|[from] ability: Drought|[of] p1a: Torkoal
|move|p2a: Corviknight|Bulk Up|p2a: Corviknight
|-boost|p2a: Corviknight|atk|1
|-boost|p2a: Corviknight|def|1
|
|-weather|SunnyDay|[upkeep]
|upkeep
|turn|8
|
|t:|1757892022
|switch|p2a: Appletun|Appletun, F, shiny|100/100
|move|p1a: Torkoal|Heat Wave|p2a: Appletun
|-damage|p2a: Appletun|51/100
|-damage|p1a: Torkoal|91/100|[from] item: Life Orb
|
|-weather|SunnyDay|[upkeep]
|-heal|p2a: Appletun|57/100|[from] item: Leftovers
|upkeep
|turn|9
|
|t:|1757892034
|move|p1a: Torkoal|Heat Wave|p2a: Appletun
|-damage|p2a: Appletun|5/100
|-damage|p1a: Torkoal|81/100|[from] item: Life Orb
|move|p2a: Appletun|Leech Seed|p1a: Torkoal|[miss]
|-miss|p2a: Appletun|p1a: Torkoal
|
|-weather|SunnyDay|[upkeep]
|-heal|p2a: Appletun|11/100|[from] item: Leftovers
|upkeep
|turn|10
|
|t:|1757892041
|move|p1a: Torkoal|Heat Wave|p2a: Appletun
|-damage|p2a: Appletun|0 fnt
|faint|p2a: Appletun
|-damage|p1a: Torkoal|71/100|[from] item: Life Orb
|
|-weather|SunnyDay|[upkeep]
|-fieldend|move: Trick Room
|upkeep
|
|t:|1757892051
|switch|p2a: Tentacruel|Tentacruel, F|100/100
|turn|11
|
|t:|1757892054
|switch|p1a: Hatterene|Hatterene, F|51/100
|move|p2a: Tentacruel|Flip Turn|p1a: Hatterene
|-damage|p1a: Hatterene|44/100
|
|t:|1757892060
|switch|p2a: Greninja|Greninja, M|100/100|[from] Flip Turn
|
|-weather|none
|upkeep
|turn|12
|
|t:|1757892069
|move|p2a: Greninja|Sludge Wave|p1a: Hatterene
|-supereffective|p1a: Hatterene
|-damage|p1a: Hatterene|0 fnt
|faint|p1a: Hatterene
|-ability|p2a: Greninja|Battle Bond|boost
|-boost|p2a: Greninja|atk|1
|-boost|p2a: Greninja|spa|1
|-boost|p2a: Greninja|spe|1
|-activate|p2a: Greninja|ability: Battle Bond
|
|upkeep
|
|t:|1757892076
|switch|p1a: Cresselia|Cresselia, F|73/100
|turn|13
|
|t:|1757892084
|-terastallize|p2a: Greninja|Poison
|-terastallize|p1a: Cresselia|Fairy
|move|p2a: Greninja|Dark Pulse|p1a: Cresselia
|-resisted|p1a: Cresselia
|-damage|p1a: Cresselia|55/100
|move|p1a: Cresselia|Trick Room|p1a: Cresselia
|-fieldstart|move: Trick Room|[of] p1a: Cresselia
|
|upkeep
|turn|14
|
|t:|1757892097
|move|p1a: Cresselia|Lunar Dance|p1a: Cresselia
|faint|p1a: Cresselia
|move|p2a: Greninja|Sludge Wave|p1: Cresselia|[notarget]
|-fail|p2a: Greninja
|
|upkeep
|
|t:|1757892102
|switch|p1a: Torkoal|Torkoal, F|71/100
|-heal|p1a: Torkoal|100/100|[from] move: Lunar Dance
|-weather|SunnyDay|[from] ability: Drought|[of] p1a: Torkoal
|turn|15
|
|t:|1757892108
|move|p2a: Greninja|Water Shuriken|p1a: Torkoal
|-supereffective|p1a: Torkoal
|-crit|p1a: Torkoal
|-damage|p1a: Torkoal|79/100
|-supereffective|p1a: Torkoal
|-damage|p1a: Torkoal|66/100
|-supereffective|p1a: Torkoal
|-damage|p1a: Torkoal|52/100
|-supereffective|p1a: Torkoal
|-damage|p1a: Torkoal|40/100
|-supereffective|p1a: Torkoal
|-damage|p1a: Torkoal|27/100
|-hitcount|p1a: Torkoal|5
|move|p1a: Torkoal|Earth Power|p2a: Greninja
|-supereffective|p2a: Greninja
|-damage|p2a: Greninja|0 fnt
|faint|p2a: Greninja
|-damage|p1a: Torkoal|17/100|[from] item: Life Orb
|
|-weather|SunnyDay|[upkeep]
|upkeep
|
|t:|1757892123
|switch|p2a: Skeledirge|Skeledirge, M, shiny|100/100
|turn|16
|
|t:|1757892132
|move|p1a: Torkoal|Earth Power|p2a: Skeledirge
|-supereffective|p2a: Skeledirge
|-damage|p2a: Skeledirge|48/100
|-unboost|p2a: Skeledirge|spd|1
|-damage|p1a: Torkoal|7/100|[from] item: Life Orb
|move|p2a: Skeledirge|Shadow Ball|p1a: Torkoal
|-damage|p1a: Torkoal|0 fnt
|faint|p1a: Torkoal
|
|-weather|SunnyDay|[upkeep]
|upkeep
|inactive|VirtualReality19 has 120 seconds left.
|
|t:|1757892165
|switch|p1a: Iron Hands|Iron Hands|100/100
|-enditem|p1a: Iron Hands|Booster Energy
|-activate|p1a: Iron Hands|ability: Quark Drive|[fromitem]
|-start|p1a: Iron Hands|quarkdriveatk
|turn|17
|
|t:|1757892176
|move|p1a: Iron Hands|Supercell Slam|p2a: Skeledirge
|-damage|p2a: Skeledirge|0 fnt
|faint|p2a: Skeledirge
|
|-weather|SunnyDay|[upkeep]
|-fieldend|move: Trick Room
|upkeep
|
|t:|1757892183
|switch|p2a: Corviknight|Corviknight, F, shiny|100/100
|turn|18
|
|t:|1757892187
|-end|p1a: Iron Hands|Quark Drive|[silent]
|switch|p1a: Slowking|Slowking-Galar, F|100/100
|move|p2a: Corviknight|Bulk Up|p2a: Corviknight
|-boost|p2a: Corviknight|atk|1
|-boost|p2a: Corviknight|def|1
|
|-weather|SunnyDay|[upkeep]
|upkeep
|turn|19
|
|t:|1757892194
|move|p2a: Corviknight|Bulk Up|p2a: Corviknight
|-boost|p2a: Corviknight|atk|1
|-boost|p2a: Corviknight|def|1
|move|p1a: Slowking|Trick Room|p1a: Slowking
|-fieldstart|move: Trick Room|[of] p1a: Slowking
|
|-weather|none
|upkeep
|turn|20
|
|t:|1757892203
|move|p1a: Slowking|Future Sight|p2a: Corviknight
|-start|p1a: Slowking|move: Future Sight
|move|p2a: Corviknight|Bulk Up|p2a: Corviknight
|-boost|p2a: Corviknight|atk|1
|-boost|p2a: Corviknight|def|1
|
|upkeep
|turn|21
|
|t:|1757892208
|move|p1a: Slowking|Psychic Noise|p2a: Corviknight
|-resisted|p2a: Corviknight
|-damage|p2a: Corviknight|88/100
|-start|p2a: Corviknight|move: Heal Block
|move|p2a: Corviknight|Bulk Up|p2a: Corviknight
|-boost|p2a: Corviknight|atk|1
|-boost|p2a: Corviknight|def|1
|
|upkeep
|turn|22
|
|t:|1757892216
|move|p1a: Slowking|Sludge Wave|p2a: Corviknight
|-immune|p2a: Corviknight
|move|p2a: Corviknight|Bulk Up|p2a: Corviknight
|-boost|p2a: Corviknight|atk|1
|-boost|p2a: Corviknight|def|1
|
|-end|p2a: Corviknight|move: Future Sight
|-resisted|p2a: Corviknight
|-damage|p2a: Corviknight|66/100
|-end|p2a: Corviknight|move: Heal Block
|upkeep
|turn|23
|
|t:|1757892225
|move|p1a: Slowking|Future Sight|p2a: Corviknight
|-start|p1a: Slowking|move: Future Sight
|move|p2a: Corviknight|Roost|p2a: Corviknight
|-heal|p2a: Corviknight|100/100
|-singleturn|p2a: Corviknight|move: Roost
|
|-fieldend|move: Trick Room
|upkeep
|turn|24
|
|t:|1757892231
|move|p2a: Corviknight|Bulk Up|p2a: Corviknight
|-boost|p2a: Corviknight|atk|1
|-boost|p2a: Corviknight|def|1
|move|p1a: Slowking|Trick Room|p1a: Slowking
|-fieldstart|move: Trick Room|[of] p1a: Slowking
|
|upkeep
|turn|25
|
|t:|1757892236
|move|p1a: Slowking|Psychic Noise|p2a: Corviknight
|-resisted|p2a: Corviknight
|-damage|p2a: Corviknight|87/100
|-start|p2a: Corviknight|move: Heal Block
|move|p2a: Corviknight|Brave Bird|p1a: Slowking
|-damage|p1a: Slowking|0 fnt
|faint|p1a: Slowking
|-damage|p2a: Corviknight|55/100|[from] Recoil
|
|-end|p2a: Corviknight|move: Future Sight
|-resisted|p2a: Corviknight
|-damage|p2a: Corviknight|35/100
|upkeep
|
|t:|1757892248
|switch|p1a: Iron Hands|Iron Hands|100/100
|turn|26
|
|t:|1757892252
|move|p1a: Iron Hands|Supercell Slam|p2a: Corviknight
|-supereffective|p2a: Corviknight
|-damage|p2a: Corviknight|12/100
|move|p2a: Corviknight|Body Press|p1a: Iron Hands
|-damage|p1a: Iron Hands|55/100
|
|-end|p2a: Corviknight|move: Heal Block
|upkeep
|turn|27
|
|t:|1757892263
|move|p1a: Iron Hands|Supercell Slam|p2a: Corviknight|[miss]
|-miss|p1a: Iron Hands|p2a: Corviknight
|-damage|p1a: Iron Hands|5/100|[from] supercellslam
|move|p2a: Corviknight|Roost|p2a: Corviknight
|-heal|p2a: Corviknight|62/100
|-singleturn|p2a: Corviknight|move: Roost
|
|-heal|p2a: Corviknight|68/100|[from] item: Leftovers
|upkeep
|turn|28
|-message|VirtualReality19 forfeited.
|
|win|Nanosecond Arrows
|raw|VirtualReality19's rating: 1112 &rarr; <strong>1090</strong><br />(-22 for losing)
|raw|Nanosecond Arrows's rating: 1152 &rarr; <strong>1174</strong><br />(+22 for winning)
|l|☆VirtualReality19
|player|p1|
