|j|☆DivinePunishment5
|j|☆Gym Leader Bert
|t:|1757918912
|gametype|singles
|player|p1|DivinePunishment5|skierf|1185
|player|p2|Gym Leader Bert|gentleman-gen4|1181
|gen|9
|tier|[Gen 9] OU
|rated|
|rule|HP Percentage Mod: HP is shown in percentages
|rule|Endless Battle Clause: Forcing endless battles is banned
|rule|Species Clause: Limit one of each Pokémon
|rule|OHKO Clause: OHKO moves are banned
|rule|Evasion Items Clause: Evasion items are banned
|rule|Evasion Moves Clause: Evasion moves are banned
|rule|Evasion Abilities Clause: Evasion abilities are banned
|rule|Sleep Moves Clause: Sleep-inducing moves are banned
|clearpoke
|poke|p1|Primarina, F|
|poke|p1|Meowscarada, F|
|poke|p1|Alomomola, F|
|poke|p1|Slowking-Galar, M|
|poke|p1|Iron Treads|
|poke|p1|Zapdos|
|poke|p2|Torkoal, M|
|poke|p2|Hatterene, F|
|poke|p2|Walking Wake|
|poke|p2|Dragapult, M|
|poke|p2|Indeedee, M|
|poke|p2|Kingdra, F|
|teampreview
|inactive|Battle timer is ON: inactive players will automatically lose when time's up. (requested by DivinePunishment5)
|
|t:|1757918916
|teamsize|p1|6
|teamsize|p2|6
|start
|switch|p1a: Mika|Meowscarada, F|100/100
|switch|p2a: Dragapult|Dragapult, M|100/100
|turn|1
|
|t:|1757918927
|-terastallize|p1a: Mika|Fairy
|-terastallize|p2a: Dragapult|Dark
|move|p1a: Mika|Knock Off|p2a: Dragapult
|-resisted|p2a: Dragapult
|-damage|p2a: Dragapult|75/100
|-enditem|p2a: Dragapult|Lum Berry|[from] move: Knock Off|[of] p1a: Mika
|move|p2a: Dragapult|Dragon Dance|p2a: Dragapult
|-boost|p2a: Dragapult|atk|1
|-boost|p2a: Dragapult|spe|1
|
|upkeep
|turn|2
|
|t:|1757918938
|move|p2a: Dragapult|Phantom Force||[still]
|-prepare|p2a: Dragapult|Phantom Force
|move|p1a: Mika|U-turn|p2a: Dragapult|[miss]
|-miss|p1a: Mika|p2a: Dragapult
|
|upkeep
|turn|3
|
|t:|1757918950
|switch|p1a: Feesh|Alomomola, F|100/100
|move|p2a: Dragapult|Phantom Force|p1a: Feesh|[from] lockedmove
|-damage|p1a: Feesh|65/100
|
|-heal|p1a: Feesh|72/100|[from] item: Leftovers
|upkeep
|turn|4
|
|t:|1757918954
|move|p2a: Dragapult|Dragon Dance|p2a: Dragapult
|-boost|p2a: Dragapult|atk|1
|-boost|p2a: Dragapult|spe|1
|move|p1a: Feesh|Wish|p1a: Feesh
|
|-heal|p1a: Feesh|78/100|[from] item: Leftovers
|upkeep
|turn|5
|
|t:|1757918956
|move|p2a: Dragapult|Dragon Dance|p2a: Dragapult
|-boost|p2a: Dragapult|atk|1
|-boost|p2a: Dragapult|spe|1
|move|p1a: Feesh|Scald|p2a: Dragapult
|-damage|p2a: Dragapult|60/100
|
|-heal|p1a: Feesh|100/100|[from] move: Wish|[wisher] Feesh
|upkeep
|turn|6
|
|t:|1757918959
|move|p2a: Dragapult|Phantom Force||[still]
|-prepare|p2a: Dragapult|Phantom Force
|move|p1a: Feesh|Scald|p2a: Dragapult|[miss]
|-miss|p1a: Feesh|p2a: Dragapult
|
|upkeep
|turn|7
|
|t:|1757918961
|move|p2a: Dragapult|Phantom Force|p1a: Feesh|[from] lockedmove
|-damage|p1a: Feesh|40/100
|move|p1a: Feesh|Scald|p2a: Dragapult
|-damage|p2a: Dragapult|44/100
|
|-heal|p1a: Feesh|46/100|[from] item: Leftovers
|upkeep
|turn|8
|
|t:|1757918964
|move|p2a: Dragapult|Sucker Punch||[still]
|-fail|p2a: Dragapult
|move|p1a: Feesh|Wish|p1a: Feesh
|
|-heal|p1a: Feesh|52/100|[from] item: Leftovers
|upkeep
|turn|9
|
|t:|1757918974
|move|p1a: Feesh|Protect|p1a: Feesh
|-singleturn|p1a: Feesh|Protect
|move|p2a: Dragapult|Sucker Punch||[still]
|-fail|p2a: Dragapult
|
|-heal|p1a: Feesh|100/100|[from] move: Wish|[wisher] Feesh
|upkeep
|turn|10
|
|t:|1757918978
|move|p2a: Dragapult|Phantom Force||[still]
|-prepare|p2a: Dragapult|Phantom Force
|move|p1a: Feesh|Scald|p2a: Dragapult|[miss]
|-miss|p1a: Feesh|p2a: Dragapult
|
|upkeep
|turn|11
|
|t:|1757918981
|move|p2a: Dragapult|Phantom Force|p1a: Feesh|[from] lockedmove
|-damage|p1a: Feesh|36/100
|move|p1a: Feesh|Scald|p2a: Dragapult
|-crit|p2a: Dragapult
|-damage|p2a: Dragapult|19/100
|
|-heal|p1a: Feesh|42/100|[from] item: Leftovers
|upkeep
|turn|12
|
|t:|1757918986
|move|p2a: Dragapult|Phantom Force||[still]
|-prepare|p2a: Dragapult|Phantom Force
|move|p1a: Feesh|Wish|p1a: Feesh
|
|-heal|p1a: Feesh|48/100|[from] item: Leftovers
|upkeep
|turn|13
|
|t:|1757918995
|switch|p1a: Loftwing|Zapdos|100/100
|move|p2a: Dragapult|Phantom Force|p1a: Loftwing|[from] lockedmove
|-damage|p1a: Loftwing|0 fnt
|faint|p1a: Loftwing
|
|upkeep
|
|t:|1757918997
|switch|p1a: Feesh|Alomomola, F|81/100
|turn|14
|
|t:|1757919001
|move|p2a: Dragapult|Sucker Punch|p1a: Feesh
|-damage|p1a: Feesh|35/100
|move|p1a: Feesh|Scald|p2a: Dragapult
|-damage|p2a: Dragapult|3/100
|
|-heal|p1a: Feesh|41/100|[from] item: Leftovers
|upkeep
|turn|15
|
|t:|1757919006
|move|p2a: Dragapult|Phantom Force||[still]
|-prepare|p2a: Dragapult|Phantom Force
|move|p1a: Feesh|Wish|p1a: Feesh
|
|-heal|p1a: Feesh|47/100|[from] item: Leftovers
|upkeep
|turn|16
|
|t:|1757919015
|move|p2a: Dragapult|Phantom Force|p1a: Feesh|[from] lockedmove
|-damage|p1a: Feesh|0 fnt
|faint|p1a: Feesh
|
|upkeep
|
|t:|1757919018
|switch|p1a: Mika|Meowscarada, F, tera:Fairy|100/100
|turn|17
|
|t:|1757919021
|move|p2a: Dragapult|Sucker Punch|p1a: Mika
|-resisted|p1a: Mika
|-damage|p1a: Mika|25/100
|move|p1a: Mika|Flower Trick|p2a: Dragapult
|-crit|p2a: Dragapult
|-damage|p2a: Dragapult|0 fnt
|faint|p2a: Dragapult
|
|upkeep
|
|t:|1757919029
|switch|p2a: Indeedee|Indeedee, M|100/100
|-fieldstart|move: Psychic Terrain|[from] ability: Psychic Surge|[of] p2a: Indeedee
|turn|18
|
|t:|1757919033
|move|p2a: Indeedee|Expanding Force|p1a: Mika
|-damage|p1a: Mika|0 fnt
|faint|p1a: Mika
|
|upkeep
|
|t:|1757919036
|switch|p1a: Beloved|Primarina, F, shiny|100/100
|turn|19
|
|t:|1757919037
|move|p2a: Indeedee|Expanding Force|p1a: Beloved
|-damage|p1a: Beloved|36/100
|move|p1a: Beloved|Calm Mind|p1a: Beloved
|-boost|p1a: Beloved|spa|1
|-boost|p1a: Beloved|spd|1
|
|-heal|p1a: Beloved|42/100|[from] item: Leftovers
|upkeep
|turn|20
|
|t:|1757919040
|move|p2a: Indeedee|Expanding Force|p1a: Beloved
|-damage|p1a: Beloved|3/100
|move|p1a: Beloved|Moonblast|p2a: Indeedee
|-damage|p2a: Indeedee|0 fnt
|faint|p2a: Indeedee
|
|-heal|p1a: Beloved|9/100|[from] item: Leftovers
|upkeep
|
|t:|1757919048
|switch|p2a: Walking Wake|Walking Wake|100/100
|turn|21
|
|t:|1757919051
|switch|p1a: King Wall|Slowking-Galar, M|100/100
|move|p2a: Walking Wake|Hydro Steam|p1a: King Wall
|-damage|p1a: King Wall|66/100
|
|upkeep
|turn|22
|
|t:|1757919055
|-end|p2a: Walking Wake|Protosynthesis|[silent]
|switch|p2a: Sun God Koal|Torkoal, M|100/100
|-weather|SunnyDay|[from] ability: Drought|[of] p2a: Sun God Koal
|move|p1a: King Wall|Toxic|p2a: Sun God Koal
|-status|p2a: Sun God Koal|tox
|
|-weather|SunnyDay|[upkeep]
|-damage|p2a: Sun God Koal|94/100 tox|[from] psn
|-fieldend|move: Psychic Terrain
|upkeep
|turn|23
|
|t:|1757919058
|-prepare|p1a: King Wall|Chilly Reception|[premajor]
|move|p1a: King Wall|Chilly Reception|p1a: King Wall
|-weather|Snowscape
|
|t:|1757919063
|switch|p1a: Beloved|Primarina, F, shiny|9/100|[from] Chilly Reception
|move|p2a: Sun God Koal|Stealth Rock|p1a: Beloved
|-sidestart|p1: DivinePunishment5|move: Stealth Rock
|
|-weather|Snowscape|[upkeep]
|-heal|p1a: Beloved|15/100|[from] item: Leftovers
|-damage|p2a: Sun God Koal|82/100 tox|[from] psn
|upkeep
|turn|24
|
|t:|1757919069
|move|p1a: Beloved|Surf|p2a: Sun God Koal
|-supereffective|p2a: Sun God Koal
|-damage|p2a: Sun God Koal|0 fnt
|faint|p2a: Sun God Koal
|
|-weather|Snowscape|[upkeep]
|-heal|p1a: Beloved|21/100|[from] item: Leftovers
|upkeep
|
|t:|1757919073
|switch|p2a: Kingdra|Kingdra, F|100/100
|turn|25
|
|t:|1757919077
|move|p2a: Kingdra|Focus Energy|p2a: Kingdra
|-start|p2a: Kingdra|move: Focus Energy
|move|p1a: Beloved|Moonblast|p2a: Kingdra
|-supereffective|p2a: Kingdra
|-damage|p2a: Kingdra|0 fnt
|faint|p2a: Kingdra
|
|-weather|Snowscape|[upkeep]
|-heal|p1a: Beloved|27/100|[from] item: Leftovers
|upkeep
|
|t:|1757919082
|switch|p2a: Walking Wake|Walking Wake|100/100
|turn|26
|
|t:|1757919089
|move|p2a: Walking Wake|Hydro Steam|p1a: Beloved
|-resisted|p1a: Beloved
|-damage|p1a: Beloved|2/100
|move|p1a: Beloved|Moonblast|p2a: Walking Wake
|-supereffective|p2a: Walking Wake
|-damage|p2a: Walking Wake|0 fnt
|faint|p2a: Walking Wake
|-end|p2a: Walking Wake|Protosynthesis|[silent]
|
|-weather|Snowscape|[upkeep]
|-heal|p1a: Beloved|8/100|[from] item: Leftovers
|upkeep
|
|t:|1757919091
|switch|p2a: Hatterene|Hatterene, F|100/100
|turn|27
|
|t:|1757919096
|move|p1a: Beloved|Psychic Noise|p2a: Hatterene
|-resisted|p2a: Hatterene
|-damage|p2a: Hatterene|86/100
|-start|p2a: Hatterene|move: Heal Block
|move|p2a: Hatterene|Trick Room|p2a: Hatterene
|-fieldstart|move: Trick Room|[of] p2a: Hatterene
|
|-weather|none
|-heal|p1a: Beloved|14/100|[from] item: Leftovers
|upkeep
|turn|28
|
|t:|1757919100
|move|p2a: Hatterene|Psychic|p1a: Beloved
|-damage|p1a: Beloved|0 fnt
|faint|p1a: Beloved
|
|-end|p2a: Hatterene|move: Heal Block
|upkeep
|
|t:|1757919105
|switch|p1a: Iron Elephant|Iron Treads|100/100
|turn|29
|
|t:|1757919109
|move|p2a: Hatterene|Mystical Fire|p1a: Iron Elephant
|-supereffective|p1a: Iron Elephant
|-damage|p1a: Iron Elephant|15/100
|-unboost|p1a: Iron Elephant|spa|1
|move|p1a: Iron Elephant|Earthquake|p2a: Hatterene
|-damage|p2a: Hatterene|38/100
|
|upkeep
|turn|30
|
|t:|1757919112
|move|p2a: Hatterene|Psychic|p1a: Iron Elephant
|-resisted|p1a: Iron Elephant
|-damage|p1a: Iron Elephant|0 fnt
|faint|p1a: Iron Elephant
|-end|p1a: Iron Elephant|Quark Drive|[silent]
|
|upkeep
|
|t:|1757919114
|switch|p1a: King Wall|Slowking-Galar, M|99/100
|turn|31
|
|t:|1757919117
|move|p2a: Hatterene|Psychic|p1a: King Wall
|-damage|p1a: King Wall|68/100
|move|p1a: King Wall|Sludge Wave|p2a: Hatterene
|-supereffective|p2a: Hatterene
|-damage|p2a: Hatterene|0 fnt
|faint|p2a: Hatterene
|
|win|DivinePunishment5
|raw|DivinePunishment5's rating: 1185 &rarr; <strong>1210</strong><br />(+25 for winning)
|raw|Gym Leader Bert's rating: 1181 &rarr; <strong>1156</strong><br />(-25 for losing)
|l|☆DivinePunishment5
|player|p1|
|l|☆Gym Leader Bert
|player|p2|
