|j|☆loneslopeman
|j|☆emln
|t:|1757828467
|gametype|singles
|player|p1|loneslopeman|169|1167
|player|p2|emln|swimmer|1146
|gen|9
|tier|[Gen 9] OU
|rated|
|rule|HP Percentage Mod: HP is shown in percentages
|rule|Endless Battle Clause: Forcing endless battles is banned
|rule|Species Clause: Limit one of each Pokémon
|rule|OHKO Clause: OHKO moves are banned
|rule|Evasion Items Clause: Evasion items are banned
|rule|Evasion Moves Clause: Evasion moves are banned
|rule|Evasion Abilities Clause: Evasion abilities are banned
|rule|Sleep Moves Clause: Sleep-inducing moves are banned
|clearpoke
|poke|p1|Zarude-Dada|
|poke|p1|Torkoal, F|
|poke|p1|Scream Tail|
|poke|p1|Arboliva, M|
|poke|p1|Great Tusk|
|poke|p1|Zamazenta-*|
|poke|p2|Dragonite, F|
|poke|p2|Gholdengo|
|poke|p2|Great Tusk|
|poke|p2|Kingambit, M|
|poke|p2|Ogerpon-Wellspring, F|
|poke|p2|Iron Valiant|
|teampreview
|inactive|Battle timer is ON: inactive players will automatically lose when time's up. (requested by emln)
|
|t:|1757828504
|teamsize|p1|6
|teamsize|p2|6
|start
|switch|p1a: Torkoal|Torkoal, F|100/100
|switch|p2a: elephant|Great Tusk|100/100
|-weather|SunnyDay|[from] ability: Drought|[of] p1a: Torkoal
|-activate|p2a: elephant|ability: Protosynthesis
|-start|p2a: elephant|protosynthesisatk
|turn|1
|
|t:|1757828515
|switch|p1a: Scream Tail|Scream Tail|100/100
|-activate|p1a: Scream Tail|ability: Protosynthesis
|-start|p1a: Scream Tail|protosynthesisspd
|move|p2a: elephant|Stealth Rock|p1a: Scream Tail
|-sidestart|p1: loneslopeman|move: Stealth Rock
|
|-weather|SunnyDay|[upkeep]
|upkeep
|turn|2
|
|t:|1757828531
|-end|p2a: elephant|Protosynthesis|[silent]
|switch|p2a: coin|Gholdengo|100/100
|move|p1a: Scream Tail|Reflect|p1a: Scream Tail
|-sidestart|p1: loneslopeman|Reflect
|
|-weather|SunnyDay|[upkeep]
|upkeep
|turn|3
|
|t:|1757828540
|-end|p1a: Scream Tail|Protosynthesis|[silent]
|switch|p1a: Arboliva|Arboliva, M|100/100
|-damage|p1a: Arboliva|88/100|[from] Stealth Rock
|move|p2a: coin|Nasty Plot|p2a: coin
|-boost|p2a: coin|spa|2
|
|-weather|SunnyDay|[upkeep]
|upkeep
|turn|4
|
|t:|1757828548
|move|p2a: coin|Make It Rain|p1a: Arboliva
|-damage|p1a: Arboliva|0 fnt
|-unboost|p2a: coin|spa|1
|faint|p1a: Arboliva
|
|-weather|SunnyDay|[upkeep]
|upkeep
|inactive|loneslopeman has 120 seconds left.
|inactive|loneslopeman has 90 seconds left.
|inactive|loneslopeman has 60 seconds left.
|
|t:|1757828649
|switch|p1a: Zarude|Zarude-Dada|100/100
|-damage|p1a: Zarude|88/100|[from] Stealth Rock
|turn|5
|inactive|emln has 120 seconds left.
|
|t:|1757828694
|move|p1a: Zarude|Knock Off|p2a: coin
|-supereffective|p2a: coin
|-damage|p2a: coin|0 fnt
|-enditem|p2a: coin|Metal Coat|[from] move: Knock Off|[of] p1a: Zarude
|faint|p2a: coin
|
|-weather|SunnyDay|[upkeep]
|-heal|p1a: Zarude|94/100|[from] item: Leftovers
|upkeep
|
|t:|1757828715
|switch|p2a: idk|Iron Valiant, shiny|100/100
|-enditem|p2a: idk|Booster Energy
|-activate|p2a: idk|ability: Quark Drive|[fromitem]
|-start|p2a: idk|quarkdrivespe
|turn|6
|
|t:|1757828731
|-terastallize|p1a: Zarude|Grass
|move|p2a: idk|Moonblast|p1a: Zarude
|-damage|p1a: Zarude|49/100
|move|p1a: Zarude|Bulk Up|p1a: Zarude
|-boost|p1a: Zarude|atk|1
|-boost|p1a: Zarude|def|1
|
|-weather|SunnyDay|[upkeep]
|-heal|p1a: Zarude|55/100|[from] item: Leftovers
|upkeep
|turn|7
|inactive|emln has 90 seconds left.
|
|t:|1757828778
|move|p2a: idk|Moonblast|p1a: Zarude
|-damage|p1a: Zarude|12/100
|-unboost|p1a: Zarude|spa|1
|move|p1a: Zarude|Synthesis|p1a: Zarude
|-heal|p1a: Zarude|79/100
|
|-weather|SunnyDay|[upkeep]
|-heal|p1a: Zarude|85/100|[from] item: Leftovers
|upkeep
|turn|8
|
|t:|1757828790
|move|p2a: idk|Moonblast|p1a: Zarude
|-damage|p1a: Zarude|41/100
|move|p1a: Zarude|Petal Blizzard|p2a: idk
|-damage|p2a: idk|0 fnt
|faint|p2a: idk
|-end|p2a: idk|Quark Drive|[silent]
|
|-weather|none
|-heal|p1a: Zarude|47/100|[from] item: Leftovers
|upkeep
|
|t:|1757828799
|switch|p2a: dragon|Dragonite, F|100/100
|turn|9
|
|t:|1757828809
|move|p2a: dragon|Extreme Speed|p1a: Zarude
|-damage|p1a: Zarude|38/100
|move|p1a: Zarude|Synthesis|p1a: Zarude
|-heal|p1a: Zarude|88/100
|
|-heal|p1a: Zarude|94/100|[from] item: Leftovers
|-sideend|p1: loneslopeman|Reflect
|upkeep
|turn|10
|-message|emln forfeited.
|
|win|loneslopeman
|raw|loneslopeman's rating: 1167 &rarr; <strong>1190</strong><br />(+23 for winning)
|raw|emln's rating: 1146 &rarr; <strong>1123</strong><br />(-23 for losing)
|l|☆emln
|player|p2|
|l|☆loneslopeman
|player|p1|
