|j|☆WeR#4Hay!
|j|☆gholdengodope
|t:|1757909609
|gametype|singles
|player|p1|WeR#4Hay!|101|1424
|player|p2|gholdengodope|fisherman|1428
|gen|9
|tier|[Gen 9] OU
|rated|
|rule|HP Percentage Mod: HP is shown in percentages
|rule|Endless Battle Clause: Forcing endless battles is banned
|rule|Species Clause: Limit one of each Pokémon
|rule|OHKO Clause: OHKO moves are banned
|rule|Evasion Items Clause: Evasion items are banned
|rule|Evasion Moves Clause: Evasion moves are banned
|rule|Evasion Abilities Clause: Evasion abilities are banned
|rule|Sleep Moves Clause: Sleep-inducing moves are banned
|clearpoke
|poke|p1|Landorus-Therian, M|
|poke|p1|Samurott-Hisui, F|
|poke|p1|Gholdengo|
|poke|p1|Thundurus-Therian, M|
|poke|p1|Scizor, F|
|poke|p1|Zamazenta-*|
|poke|p2|Kyurem|
|poke|p2|Skarmory, F|
|poke|p2|Ting-Lu|
|poke|p2|Weavile, M|
|poke|p2|Slowking-Galar, L99, M|
|poke|p2|Zamazenta-*|
|teampreview
|
|t:|1757909623
|teamsize|p1|6
|teamsize|p2|6
|start
|switch|p1a: Samurott|Samurott-Hisui, F|100/100
|switch|p2a: Skarmory|Skarmory, F|100/100
|turn|1
|
|t:|1757909635
|switch|p1a: Landorus|Landorus-Therian, M|100/100
|-ability|p1a: Landorus|Intimidate|boost
|-unboost|p2a: Skarmory|atk|1
|move|p2a: Skarmory|Body Press|p1a: Landorus
|-resisted|p1a: Landorus
|-damage|p1a: Landorus|85/100
|-damage|p2a: Skarmory|84/100|[from] item: Rocky Helmet|[of] p1a: Landorus
|
|upkeep
|turn|2
|
|t:|1757909644
|move|p1a: Landorus|Stealth Rock|p2a: Skarmory
|-sidestart|p2: gholdengodope|move: Stealth Rock
|move|p2a: Skarmory|Spikes|p1a: Landorus
|-sidestart|p1: WeR#4Hay!|Spikes
|
|upkeep
|turn|3
|
|t:|1757909664
|move|p1a: Landorus|Taunt|p2a: Skarmory
|-start|p2a: Skarmory|move: Taunt
|cant|p2a: Skarmory|move: Taunt|Spikes
|
|upkeep
|turn|4
|
|t:|1757909674
|move|p1a: Landorus|U-turn|p2a: Skarmory
|-resisted|p2a: Skarmory
|-damage|p2a: Skarmory|81/100
|-damage|p1a: Landorus|69/100|[from] item: Rocky Helmet|[of] p2a: Skarmory
|
|t:|1757909679
|switch|p1a: Gholdengo|Gholdengo|100/100|[from] U-turn
|-damage|p1a: Gholdengo|88/100|[from] Spikes
|move|p2a: Skarmory|Body Press|p1a: Gholdengo
|-immune|p1a: Gholdengo
|
|upkeep
|turn|5
|
|t:|1757909688
|switch|p1a: Samurott|Samurott-Hisui, F|100/100
|switch|p2a: Ting-Lu|Ting-Lu|100/100
|-ability|p2a: Ting-Lu|Vessel of Ruin
|
|upkeep
|turn|6
|
|t:|1757909705
|switch|p2a: Kyurem|Kyurem|100/100
|-ability|p2a: Kyurem|Pressure
|move|p1a: Samurott|Knock Off|p2a: Kyurem
|-damage|p2a: Kyurem|57/100
|-enditem|p2a: Kyurem|Heavy-Duty Boots|[from] move: Knock Off|[of] p1a: Samurott
|
|upkeep
|turn|7
|
|t:|1757909715
|switch|p1a: Scizor|Scizor, F|100/100
|move|p2a: Kyurem|Earth Power|p1a: Scizor
|-damage|p1a: Scizor|55/100
|
|upkeep
|turn|8
|
|t:|1757909727
|switch|p2a: Skarmory|Skarmory, F|81/100
|-damage|p2a: Skarmory|68/100|[from] Stealth Rock
|move|p1a: Scizor|Knock Off|p2a: Skarmory
|-crit|p2a: Skarmory
|-damage|p2a: Skarmory|36/100
|-damage|p1a: Scizor|39/100|[from] item: Rocky Helmet|[of] p2a: Skarmory
|-enditem|p2a: Skarmory|Rocky Helmet|[from] move: Knock Off|[of] p1a: Scizor
|
|upkeep
|turn|9
|
|t:|1757909736
|switch|p1a: Thundurus|Thundurus-Therian, M|100/100
|move|p2a: Skarmory|Roost|p2a: Skarmory
|-heal|p2a: Skarmory|86/100
|-singleturn|p2a: Skarmory|move: Roost
|
|upkeep
|turn|10
|
|t:|1757909741
|switch|p2a: Ting-Lu|Ting-Lu|100/100
|-ability|p2a: Ting-Lu|Vessel of Ruin
|move|p1a: Thundurus|Knock Off|p2a: Ting-Lu
|-resisted|p2a: Ting-Lu
|-damage|p2a: Ting-Lu|94/100
|-enditem|p2a: Ting-Lu|Heavy-Duty Boots|[from] move: Knock Off|[of] p1a: Thundurus
|
|upkeep
|turn|11
|
|t:|1757909751
|switch|p1a: Samurott|Samurott-Hisui, F|100/100
|move|p2a: Ting-Lu|Stealth Rock|p1a: Samurott
|-sidestart|p1: WeR#4Hay!|move: Stealth Rock
|
|upkeep
|turn|12
|
|t:|1757909765
|switch|p2a: Skarmory|Skarmory, F|86/100
|-damage|p2a: Skarmory|74/100|[from] Stealth Rock
|move|p1a: Samurott|Ceaseless Edge|p2a: Skarmory
|-damage|p2a: Skarmory|42/100
|-sidestart|p2: gholdengodope|Spikes
|
|upkeep
|turn|13
|
|t:|1757909777
|switch|p1a: Thundurus|Thundurus-Therian, M|100/100
|move|p2a: Skarmory|Roost|p2a: Skarmory
|-heal|p2a: Skarmory|92/100
|-singleturn|p2a: Skarmory|move: Roost
|
|upkeep
|turn|14
|
|t:|1757909787
|switch|p2a: Ting-Lu|Ting-Lu|94/100
|-damage|p2a: Ting-Lu|88/100|[from] Stealth Rock
|-damage|p2a: Ting-Lu|76/100|[from] Spikes
|-ability|p2a: Ting-Lu|Vessel of Ruin
|move|p1a: Thundurus|Volt Switch|p2a: Ting-Lu
|-immune|p2a: Ting-Lu
|
|upkeep
|turn|15
|
|t:|1757909804
|switch|p1a: Samurott|Samurott-Hisui, F|100/100
|move|p2a: Ting-Lu|Whirlwind|p1a: Samurott
|drag|p1a: Gholdengo|Gholdengo|88/100
|-damage|p1a: Gholdengo|76/100|[from] Spikes
|-damage|p1a: Gholdengo|70/100|[from] Stealth Rock
|
|upkeep
|turn|16
|
|t:|1757909813
|switch|p1a: Samurott|Samurott-Hisui, F|100/100
|move|p2a: Ting-Lu|Earthquake|p1a: Samurott
|-damage|p1a: Samurott|53/100
|
|upkeep
|turn|17
|
|t:|1757909839
|move|p1a: Samurott|Aqua Cutter|p2a: Ting-Lu
|-supereffective|p2a: Ting-Lu
|-damage|p2a: Ting-Lu|23/100
|move|p2a: Ting-Lu|Earthquake|p1a: Samurott
|-damage|p1a: Samurott|12/100
|
|upkeep
|turn|18
|
|t:|1757909844
|move|p1a: Samurott|Aqua Cutter|p2a: Ting-Lu
|-supereffective|p2a: Ting-Lu
|-damage|p2a: Ting-Lu|0 fnt
|faint|p2a: Ting-Lu
|
|upkeep
|
|t:|1757909860
|switch|p2a: Weavile|Weavile, M|100/100
|-ability|p2a: Weavile|Pressure
|turn|19
|
|t:|1757909874
|move|p2a: Weavile|Ice Shard|p1a: Samurott
|-resisted|p1a: Samurott
|-damage|p1a: Samurott|0 fnt
|faint|p1a: Samurott
|
|upkeep
|
|t:|1757909912
|switch|p1a: Gholdengo|Gholdengo|70/100
|-damage|p1a: Gholdengo|57/100|[from] Spikes
|-damage|p1a: Gholdengo|51/100|[from] Stealth Rock
|turn|20
|
|t:|1757909925
|switch|p2a: Slowking|Slowking-Galar, L99, M|100/100
|move|p1a: Gholdengo|Make It Rain|p2a: Slowking
|-damage|p2a: Slowking|64/100
|-unboost|p1a: Gholdengo|spa|1
|
|upkeep
|turn|21
|
|t:|1757909934
|switch|p1a: Scizor|Scizor, F|39/100
|move|p2a: Slowking|Future Sight|p1a: Scizor
|-start|p2a: Slowking|move: Future Sight
|
|upkeep
|turn|22
|
|t:|1757909941
|switch|p1a: Thundurus|Thundurus-Therian, M|100/100
|switch|p2a: Skarmory|Skarmory, F|92/100
|-damage|p2a: Skarmory|80/100|[from] Stealth Rock
|
|upkeep
|turn|23
|
|t:|1757909950
|switch|p2a: Slowking|Slowking-Galar, L99, M|97/100
|move|p1a: Thundurus|Knock Off|p2a: Slowking
|-supereffective|p2a: Slowking
|-damage|p2a: Slowking|51/100
|-enditem|p2a: Slowking|Heavy-Duty Boots|[from] move: Knock Off|[of] p1a: Thundurus
|
|-end|p1a: Thundurus|move: Future Sight
|-damage|p1a: Thundurus|44/100
|upkeep
|turn|24
|inactive|Battle timer is ON: inactive players will automatically lose when time's up. (requested by gholdengodope)
|
|t:|1757910007
|switch|p2a: Kyurem|Kyurem|57/100
|-damage|p2a: Kyurem|32/100|[from] Stealth Rock
|-damage|p2a: Kyurem|20/100|[from] Spikes
|-ability|p2a: Kyurem|Pressure
|move|p1a: Thundurus|Volt Switch|p2a: Kyurem
|-resisted|p2a: Kyurem
|-damage|p2a: Kyurem|0 fnt
|faint|p2a: Kyurem
|
|t:|1757910036
|switch|p1a: Scizor|Scizor, F|39/100|[from] Volt Switch
|
|upkeep
|
|t:|1757910064
|switch|p2a: Zamazenta|Zamazenta|100/100
|-ability|p2a: Zamazenta|Dauntless Shield|boost
|-boost|p2a: Zamazenta|def|1
|turn|25
|
|t:|1757910071
|switch|p1a: Gholdengo|Gholdengo|51/100
|-damage|p1a: Gholdengo|39/100|[from] Spikes
|-damage|p1a: Gholdengo|33/100|[from] Stealth Rock
|move|p2a: Zamazenta|Stone Edge|p1a: Gholdengo
|-resisted|p1a: Gholdengo
|-damage|p1a: Gholdengo|14/100
|
|upkeep
|turn|26
|
|t:|1757910091
|move|p1a: Gholdengo|Trick|p2a: Zamazenta
|-activate|p1a: Gholdengo|move: Trick|[of] p2a: Zamazenta
|-item|p2a: Zamazenta|Choice Scarf|[from] move: Trick
|-item|p1a: Gholdengo|Heavy-Duty Boots|[from] move: Trick
|move|p2a: Zamazenta|Crunch|p1a: Gholdengo
|-supereffective|p1a: Gholdengo
|-damage|p1a: Gholdengo|0 fnt
|faint|p1a: Gholdengo
|
|upkeep
|inactive|WeR#4Hay! has 120 seconds left.
|
|t:|1757910143
|switch|p1a: Landorus|Landorus-Therian, M|69/100
|-damage|p1a: Landorus|56/100|[from] Stealth Rock
|-ability|p1a: Landorus|Intimidate|boost
|-unboost|p2a: Zamazenta|atk|1
|turn|27
|
|t:|1757910165
|move|p2a: Zamazenta|Crunch|p1a: Landorus
|-damage|p1a: Landorus|39/100
|-damage|p2a: Zamazenta|84/100|[from] item: Rocky Helmet|[of] p1a: Landorus
|move|p1a: Landorus|U-turn|p2a: Zamazenta
|-resisted|p2a: Zamazenta
|-damage|p2a: Zamazenta|77/100
|inactive|WeR#4Hay! has 90 seconds left.
|
|t:|1757910215
|switch|p1a: Zamazenta|Zamazenta|100/100|[from] U-turn
|-damage|p1a: Zamazenta|88/100|[from] Spikes
|-damage|p1a: Zamazenta|82/100|[from] Stealth Rock
|-ability|p1a: Zamazenta|Dauntless Shield|boost
|-boost|p1a: Zamazenta|def|1
|
|-heal|p1a: Zamazenta|88/100|[from] item: Leftovers
|upkeep
|turn|28
|
|t:|1757910222
|switch|p2a: Skarmory|Skarmory, F|80/100
|-damage|p2a: Skarmory|68/100|[from] Stealth Rock
|move|p1a: Zamazenta|Iron Defense|p1a: Zamazenta
|-boost|p1a: Zamazenta|def|2
|
|-heal|p1a: Zamazenta|94/100|[from] item: Leftovers
|upkeep
|turn|29
|
|t:|1757910237
|move|p1a: Zamazenta|Body Press|p2a: Skarmory
|-damage|p2a: Skarmory|6/100
|move|p2a: Skarmory|Iron Defense|p2a: Skarmory
|-boost|p2a: Skarmory|def|2
|
|-heal|p1a: Zamazenta|99/100|[from] item: Leftovers
|upkeep
|turn|30
|
|t:|1757910244
|move|p1a: Zamazenta|Crunch|p2a: Skarmory
|-damage|p2a: Skarmory|0 fnt
|faint|p2a: Skarmory
|
|-heal|p1a: Zamazenta|100/100|[from] item: Leftovers
|upkeep
|
|t:|1757910249
|switch|p2a: Slowking|Slowking-Galar, L99, M|84/100
|-damage|p2a: Slowking|72/100|[from] Stealth Rock
|-damage|p2a: Slowking|59/100|[from] Spikes
|turn|31
|
|t:|1757910259
|-terastallize|p2a: Slowking|Water
|move|p1a: Zamazenta|Crunch|p2a: Slowking
|-damage|p2a: Slowking|35/100
|-unboost|p2a: Slowking|def|1
|move|p2a: Slowking|Future Sight|p1a: Zamazenta
|-start|p2a: Slowking|move: Future Sight
|
|upkeep
|turn|32
|
|t:|1757910267
|switch|p2a: Zamazenta|Zamazenta|77/100
|-damage|p2a: Zamazenta|71/100|[from] Stealth Rock
|-damage|p2a: Zamazenta|59/100|[from] Spikes
|move|p1a: Zamazenta|Body Press|p2a: Zamazenta
|-damage|p2a: Zamazenta|0 fnt
|faint|p2a: Zamazenta
|
|upkeep
|
|t:|1757910280
|switch|p2a: Slowking|Slowking-Galar, L99, M, tera:Water|69/100
|-damage|p2a: Slowking|56/100|[from] Stealth Rock
|-damage|p2a: Slowking|44/100|[from] Spikes
|turn|33
|
|t:|1757910298
|switch|p1a: Landorus|Landorus-Therian, M|39/100
|-damage|p1a: Landorus|26/100|[from] Stealth Rock
|-ability|p1a: Landorus|Intimidate|boost
|-unboost|p2a: Slowking|atk|1
|-prepare|p2a: Slowking|Chilly Reception|[premajor]
|move|p2a: Slowking|Chilly Reception|p2a: Slowking
|-weather|Snowscape
|
|t:|1757910304
|switch|p2a: Weavile|Weavile, M|100/100|[from] Chilly Reception
|-ability|p2a: Weavile|Pressure
|
|-weather|Snowscape|[upkeep]
|-end|p1a: Landorus|move: Future Sight
|-damage|p1a: Landorus|0 fnt
|faint|p1a: Landorus
|upkeep
|
|t:|1757910310
|switch|p1a: Zamazenta|Zamazenta|100/100
|-damage|p1a: Zamazenta|88/100|[from] Spikes
|-damage|p1a: Zamazenta|82/100|[from] Stealth Rock
|turn|34
|
|t:|1757910322
|move|p1a: Zamazenta|Body Press|p2a: Weavile
|-supereffective|p2a: Weavile
|-crit|p2a: Weavile
|-damage|p2a: Weavile|0 fnt
|faint|p2a: Weavile
|
|-weather|Snowscape|[upkeep]
|-heal|p1a: Zamazenta|88/100|[from] item: Leftovers
|upkeep
|
|t:|1757910326
|switch|p2a: Slowking|Slowking-Galar, L99, M, tera:Water|77/100
|-damage|p2a: Slowking|65/100|[from] Stealth Rock
|-damage|p2a: Slowking|53/100|[from] Spikes
|turn|35
|-message|gholdengodope forfeited.
|
|win|WeR#4Hay!
|raw|WeR#4Hay!'s rating: 1424 &rarr; <strong>1444</strong><br />(+20 for winning)
|raw|gholdengodope's rating: 1428 &rarr; <strong>1408</strong><br />(-20 for losing)
|l|☆gholdengodope
|player|p2|
