|j|☆Devrai
|j|☆Asale
|t:|1757869061
|gametype|singles
|player|p1|Devrai|zinnia|1405
|player|p2|Asale|102|1335
|gen|9
|tier|[Gen 9] OU
|rated|
|rule|HP Percentage Mod: HP is shown in percentages
|rule|Endless Battle Clause: Forcing endless battles is banned
|rule|Species Clause: Limit one of each Pokémon
|rule|OHKO Clause: OHKO moves are banned
|rule|Evasion Items Clause: Evasion items are banned
|rule|Evasion Moves Clause: Evasion moves are banned
|rule|Evasion Abilities Clause: Evasion abilities are banned
|rule|Sleep Moves Clause: Sleep-inducing moves are banned
|clearpoke
|poke|p1|Araquanid, M|
|poke|p1|Iron Treads|
|poke|p1|Skeledirge, M|
|poke|p1|Serperior, F|
|poke|p1|Gardevoir, F|
|poke|p1|Raichu, F|
|poke|p2|Raging Bolt|
|poke|p2|Ogerpon-Wellspring, F|
|poke|p2|Slowking-Galar, F|
|poke|p2|Corviknight, F|
|poke|p2|Heatran, F|
|poke|p2|Dragonite, F|
|teampreview
|inactive|Battle timer is ON: inactive players will automatically lose when time's up. (requested by Devrai)
|
|t:|1757869072
|teamsize|p1|6
|teamsize|p2|6
|start
|switch|p1a: Bubble Buddy|Araquanid, M, shiny|100/100
|switch|p2a: Cute Raven|Corviknight, F, shiny|100/100
|turn|1
|
|t:|1757869079
|move|p2a: Cute Raven|Brave Bird|p1a: Bubble Buddy
|-supereffective|p1a: Bubble Buddy
|-damage|p1a: Bubble Buddy|40/100
|-damage|p2a: Cute Raven|84/100|[from] Recoil
|move|p1a: Bubble Buddy|Sticky Web|p2a: Cute Raven
|-sidestart|p2: Asale|move: Sticky Web
|
|-heal|p1a: Bubble Buddy|47/100|[from] item: Leftovers
|upkeep
|turn|2
|
|t:|1757869088
|switch|p1a: Ampere|Raichu, F|100/100
|move|p2a: Cute Raven|Defog|p1a: Ampere
|-unboost|p1a: Ampere|evasion|1
|-sideend|p2: Asale|Sticky Web|[from] move: Defog|[of] p2a: Cute Raven
|
|upkeep
|turn|3
|l|☆Devrai
|inactive|Devrai disconnected and has a minute to reconnect!
|player|p1|
|j|☆Devrai
|inactive|Devrai reconnected and has 150 seconds left.
|player|p1|Devrai|zinnia|
|
|t:|1757869095
|switch|p2a: Cute cloud|Raging Bolt|100/100
|move|p1a: Ampere|Encore||[still]
|-fail|p1a: Ampere
|
|upkeep
|turn|4
|
|t:|1757869104
|switch|p1a: Astra|Gardevoir, F, shiny|100/100
|move|p2a: Cute cloud|Draco Meteor|p1a: Astra
|-immune|p1a: Astra
|
|upkeep
|turn|5
|
|t:|1757869112
|switch|p1a: Bubble Buddy|Araquanid, M, shiny|47/100
|-end|p2a: Cute cloud|Protosynthesis|[silent]
|switch|p2a: Cute ? Wizard|Slowking-Galar, F, shiny|100/100
|
|-heal|p1a: Bubble Buddy|53/100|[from] item: Leftovers
|upkeep
|turn|6
|
|t:|1757869119
|move|p2a: Cute ? Wizard|Future Sight|p1a: Bubble Buddy
|-start|p2a: Cute ? Wizard|move: Future Sight
|move|p1a: Bubble Buddy|Sticky Web|p2a: Cute ? Wizard
|-sidestart|p2: Asale|move: Sticky Web
|
|-heal|p1a: Bubble Buddy|59/100|[from] item: Leftovers
|upkeep
|turn|7
|
|t:|1757869125
|move|p2a: Cute ? Wizard|Sludge Wave|p1a: Bubble Buddy
|-damage|p1a: Bubble Buddy|23/100
|move|p1a: Bubble Buddy|Liquidation|p2a: Cute ? Wizard
|-damage|p2a: Cute ? Wizard|55/100
|-damage|p1a: Bubble Buddy|6/100|[from] item: Rocky Helmet|[of] p2a: Cute ? Wizard
|
|-heal|p1a: Bubble Buddy|13/100|[from] item: Leftovers
|upkeep
|turn|8
|
|t:|1757869133
|switch|p2a: Cute Raven|Corviknight, F, shiny|84/100
|move|p1a: Bubble Buddy|Leech Life|p2a: Cute Raven
|-resisted|p2a: Cute Raven
|-damage|p2a: Cute Raven|81/100
|-heal|p1a: Bubble Buddy|14/100|[from] drain|[of] p2a: Cute Raven
|-damage|p1a: Bubble Buddy|0 fnt|[from] item: Rocky Helmet|[of] p2a: Cute Raven
|faint|p1a: Bubble Buddy
|
|-hint|Future Sight did not hit because the target is fainted.
|upkeep
|
|t:|1757869136
|switch|p1a: Nagini|Serperior, F, shiny|100/100
|turn|9
|
|t:|1757869144
|move|p1a: Nagini|Glare|p2a: Cute Raven
|-status|p2a: Cute Raven|par
|move|p2a: Cute Raven|Brave Bird|p1a: Nagini
|-supereffective|p1a: Nagini
|-damage|p1a: Nagini|9/100
|-damage|p2a: Cute Raven|59/100 par|[from] Recoil
|
|-heal|p1a: Nagini|16/100|[from] item: Leftovers
|upkeep
|turn|10
|
|t:|1757869154
|move|p1a: Nagini|Leaf Storm|p2a: Cute Raven
|-resisted|p2a: Cute Raven
|-damage|p2a: Cute Raven|47/100 par
|-boost|p1a: Nagini|spa|2
|move|p2a: Cute Raven|Brave Bird|p1a: Nagini
|-supereffective|p1a: Nagini
|-damage|p1a: Nagini|0 fnt
|faint|p1a: Nagini
|-damage|p2a: Cute Raven|43/100 par|[from] Recoil
|
|upkeep
|
|t:|1757869161
|switch|p1a: Astra|Gardevoir, F, shiny|100/100
|-ability|p1a: Astra|Mirror Armor|Trace|[from] ability: Trace|[of] p2a: Cute Raven
|turn|11
|
|t:|1757869167
|move|p1a: Astra|Calm Mind|p1a: Astra
|-boost|p1a: Astra|spa|1
|-boost|p1a: Astra|spd|1
|cant|p2a: Cute Raven|par
|
|upkeep
|turn|12
|
|t:|1757869174
|move|p1a: Astra|Mystical Fire|p2a: Cute Raven
|-supereffective|p2a: Cute Raven
|-damage|p2a: Cute Raven|0 fnt
|faint|p2a: Cute Raven
|
|upkeep
|
|t:|1757869182
|switch|p2a: Cute ? Wizard|Slowking-Galar, F, shiny|89/100
|-activate|p2a: Cute ? Wizard|move: Sticky Web
|-unboost|p2a: Cute ? Wizard|spe|1
|turn|13
|
|t:|1757869192
|-terastallize|p1a: Astra|Steel
|move|p1a: Astra|Calm Mind|p1a: Astra
|-boost|p1a: Astra|spa|1
|-boost|p1a: Astra|spd|1
|-prepare|p2a: Cute ? Wizard|Chilly Reception|[premajor]
|move|p2a: Cute ? Wizard|Chilly Reception|p2a: Cute ? Wizard
|-weather|Snowscape
|
|t:|1757869199
|switch|p2a: Cute burn|Heatran, F, shiny|100/100|[from] Chilly Reception
|-item|p2a: Cute burn|Air Balloon
|
|-weather|Snowscape|[upkeep]
|upkeep
|turn|14
|
|t:|1757869205
|switch|p1a: King Gator|Skeledirge, M, shiny|100/100
|move|p2a: Cute burn|Magma Storm|p1a: King Gator
|-resisted|p1a: King Gator
|-damage|p1a: King Gator|76/100
|-activate|p1a: King Gator|move: Magma Storm|[of] p2a: Cute burn
|
|-weather|Snowscape|[upkeep]
|-heal|p1a: King Gator|82/100|[from] item: Leftovers
|-damage|p1a: King Gator|70/100|[from] move: Magma Storm|[partiallytrapped]
|upkeep
|turn|15
|
|t:|1757869214
|switch|p1a: Astra|Gardevoir, F, shiny, tera:Steel|100/100
|-ability|p1a: Astra|Flash Fire|Trace|[from] ability: Trace|[of] p2a: Cute burn
|move|p2a: Cute burn|Earth Power|p1a: Astra
|-supereffective|p1a: Astra
|-damage|p1a: Astra|38/100
|-unboost|p1a: Astra|spd|1
|
|-weather|Snowscape|[upkeep]
|-heal|p1a: Astra|44/100|[from] item: Leftovers
|upkeep
|turn|16
|
|t:|1757869225
|switch|p1a: Treadmill|Iron Treads, shiny|100/100
|move|p2a: Cute burn|Earth Power|p1a: Treadmill
|-supereffective|p1a: Treadmill
|-damage|p1a: Treadmill|24/100
|-unboost|p1a: Treadmill|spd|1
|
|-weather|Snowscape|[upkeep]
|upkeep
|turn|17
|
|t:|1757869243
|switch|p2a: Cute ? Wizard|Slowking-Galar, F, shiny|100/100
|-activate|p2a: Cute ? Wizard|move: Sticky Web
|-unboost|p2a: Cute ? Wizard|spe|1
|move|p1a: Treadmill|Knock Off|p2a: Cute ? Wizard
|-supereffective|p2a: Cute ? Wizard
|-damage|p2a: Cute ? Wizard|38/100
|-damage|p1a: Treadmill|8/100|[from] item: Rocky Helmet|[of] p2a: Cute ? Wizard
|-enditem|p2a: Cute ? Wizard|Rocky Helmet|[from] move: Knock Off|[of] p1a: Treadmill
|
|-weather|none
|upkeep
|turn|18
|
|t:|1757869262
|move|p1a: Treadmill|Stealth Rock|p2a: Cute ? Wizard
|-sidestart|p2: Asale|move: Stealth Rock
|move|p2a: Cute ? Wizard|Ice Beam|p1a: Treadmill
|-damage|p1a: Treadmill|0 fnt
|faint|p1a: Treadmill
|-end|p1a: Treadmill|Quark Drive|[silent]
|
|upkeep
|
|t:|1757869266
|switch|p1a: Astra|Gardevoir, F, shiny, tera:Steel|44/100
|-ability|p1a: Astra|Regenerator|Trace|[from] ability: Trace|[of] p2a: Cute ? Wizard
|turn|19
|
|t:|1757869273
|move|p1a: Astra|Calm Mind|p1a: Astra
|-boost|p1a: Astra|spa|1
|-boost|p1a: Astra|spd|1
|move|p2a: Cute ? Wizard|Future Sight|p1a: Astra
|-start|p2a: Cute ? Wizard|move: Future Sight
|
|-heal|p1a: Astra|50/100|[from] item: Leftovers
|upkeep
|turn|20
|
|t:|1757869279
|move|p1a: Astra|Calm Mind|p1a: Astra
|-boost|p1a: Astra|spa|1
|-boost|p1a: Astra|spd|1
|-prepare|p2a: Cute ? Wizard|Chilly Reception|[premajor]
|move|p2a: Cute ? Wizard|Chilly Reception|p2a: Cute ? Wizard
|-weather|Snowscape
|
|t:|1757869285
|switch|p2a: Cute puppet|Ogerpon-Wellspring, F|100/100|[from] Chilly Reception
|-activate|p2a: Cute puppet|move: Sticky Web
|-unboost|p2a: Cute puppet|spe|1
|-damage|p2a: Cute puppet|88/100|[from] Stealth Rock
|
|-weather|Snowscape|[upkeep]
|-heal|p1a: Astra|56/100|[from] item: Leftovers
|upkeep
|turn|21
|
|t:|1757869297
|move|p2a: Cute puppet|Knock Off|p1a: Astra
|-damage|p1a: Astra|19/100
|-enditem|p1a: Astra|Leftovers|[from] move: Knock Off|[of] p2a: Cute puppet
|move|p1a: Astra|Draining Kiss|p2a: Cute puppet
|-damage|p2a: Cute puppet|37/100
|-heal|p1a: Astra|53/100|[from] drain|[of] p2a: Cute puppet
|
|-weather|Snowscape|[upkeep]
|-end|p1a: Astra|move: Future Sight
|-resisted|p1a: Astra
|-damage|p1a: Astra|39/100
|upkeep
|turn|22
|
|t:|1757869307
|move|p2a: Cute puppet|Ivy Cudgel|p1a: Astra|[anim] Ivy Cudgel Water
|-crit|p1a: Astra
|-damage|p1a: Astra|0 fnt
|faint|p1a: Astra
|
|-weather|Snowscape|[upkeep]
|upkeep
|-message|Devrai forfeited.
|
|win|Asale
|raw|Devrai's rating: 1405 &rarr; <strong>1381</strong><br />(-24 for losing)
|raw|Asale's rating: 1335 &rarr; <strong>1359</strong><br />(+24 for winning)
|l|☆Devrai
|player|p1|
|l|☆Asale
|player|p2|
