|j|☆dackit
|j|☆ay cheu
|t:|1757910415
|gametype|singles
|player|p1|dackit|169|1366
|player|p2|ay cheu|riley|1414
|gen|9
|tier|[Gen 9] OU
|rated|
|rule|HP Percentage Mod: HP is shown in percentages
|rule|Endless Battle Clause: Forcing endless battles is banned
|rule|Species Clause: Limit one of each Pokémon
|rule|OHKO Clause: OHKO moves are banned
|rule|Evasion Items Clause: Evasion items are banned
|rule|Evasion Moves Clause: Evasion moves are banned
|rule|Evasion Abilities Clause: Evasion abilities are banned
|rule|Sleep Moves Clause: Sleep-inducing moves are banned
|clearpoke
|poke|p1|Zamazenta-*|
|poke|p1|Alomomola, M|
|poke|p1|Rillaboom, F|
|poke|p1|Iron Crown|
|poke|p1|Moltres|
|poke|p1|Great Tusk|
|poke|p2|Hydreigon, M|
|poke|p2|Mimikyu, M|
|poke|p2|Excadrill, M|
|poke|p2|Greninja-*, M|
|poke|p2|Vileplume, F|
|poke|p2|Iron Hands|
|teampreview
|inactive|Battle timer is ON: inactive players will automatically lose when time's up. (requested by ay cheu)
|
|t:|1757910424
|teamsize|p1|6
|teamsize|p2|6
|start
|switch|p1a: Rillaboom|Rillaboom, F|100/100
|switch|p2a: Hydreigon|Hydreigon, M|100/100
|-fieldstart|move: Grassy Terrain|[from] ability: Grassy Surge|[of] p1a: Rillaboom
|turn|1
|
|t:|1757910442
|move|p2a: Hydreigon|Draco Meteor|p1a: Rillaboom
|-damage|p1a: Rillaboom|0 fnt
|-unboost|p2a: Hydreigon|spa|2
|faint|p1a: Rillaboom
|
|upkeep
|
|t:|1757910444
|switch|p1a: Iron Crown|Iron Crown|100/100
|turn|2
|
|t:|1757910452
|switch|p2a: Excadrill|Excadrill, M|100/100
|-ability|p2a: Excadrill|Mold Breaker
|move|p1a: Iron Crown|Psychic Noise|p2a: Excadrill
|-resisted|p2a: Excadrill
|-damage|p2a: Excadrill|86/100
|-start|p2a: Excadrill|move: Heal Block
|
|upkeep
|turn|3
|
|t:|1757910459
|-end|p1a: Iron Crown|Quark Drive|[silent]
|switch|p1a: Moltres|Moltres|100/100
|move|p2a: Excadrill|Stealth Rock|p1a: Moltres
|-sidestart|p1: dackit|move: Stealth Rock
|
|-end|p2a: Excadrill|move: Heal Block
|upkeep
|turn|4
|
|t:|1757910464
|move|p2a: Excadrill|Protect|p2a: Excadrill
|-singleturn|p2a: Excadrill|Protect
|move|p1a: Moltres|Flamethrower|p2a: Excadrill
|-activate|p2a: Excadrill|move: Protect
|
|-heal|p2a: Excadrill|92/100|[from] Grassy Terrain
|-heal|p2a: Excadrill|99/100|[from] item: Leftovers
|upkeep
|turn|5
|
|t:|1757910476
|switch|p2a: Greninja|Greninja, M|100/100
|move|p1a: Moltres|U-turn|p2a: Greninja
|-supereffective|p2a: Greninja
|-damage|p2a: Greninja|50/100
|
|t:|1757910480
|switch|p1a: Zamazenta|Zamazenta|100/100|[from] U-turn
|-damage|p1a: Zamazenta|94/100|[from] Stealth Rock
|-ability|p1a: Zamazenta|Dauntless Shield|boost
|-boost|p1a: Zamazenta|def|1
|
|-heal|p2a: Greninja|56/100|[from] Grassy Terrain
|-heal|p1a: Zamazenta|100/100|[from] Grassy Terrain
|-fieldend|move: Grassy Terrain
|upkeep
|turn|6
|
|t:|1757910491
|move|p2a: Greninja|U-turn|p1a: Zamazenta
|-start|p2a: Greninja|typechange|Bug|[from] ability: Protean
|-resisted|p1a: Zamazenta
|-damage|p1a: Zamazenta|94/100
|
|t:|1757910494
|switch|p2a: Vileplume|Vileplume, F|100/100|[from] U-turn
|move|p1a: Zamazenta|Body Press|p2a: Vileplume
|-resisted|p2a: Vileplume
|-damage|p2a: Vileplume|82/100
|-damage|p1a: Zamazenta|78/100|[from] item: Rocky Helmet|[of] p2a: Vileplume
|-status|p1a: Zamazenta|par|[from] ability: Effect Spore|[of] p2a: Vileplume
|
|-heal|p1a: Zamazenta|84/100 par|[from] item: Leftovers
|upkeep
|turn|7
|
|t:|1757910503
|switch|p1a: Iron Crown|Iron Crown|100/100
|-damage|p1a: Iron Crown|94/100|[from] Stealth Rock
|move|p2a: Vileplume|Sludge Bomb|p1a: Iron Crown
|-immune|p1a: Iron Crown
|
|upkeep
|turn|8
|
|t:|1757910508
|switch|p2a: Excadrill|Excadrill, M|99/100
|-ability|p2a: Excadrill|Mold Breaker
|move|p1a: Iron Crown|Tachyon Cutter|p2a: Excadrill
|-resisted|p2a: Excadrill
|-damage|p2a: Excadrill|89/100
|-resisted|p2a: Excadrill
|-damage|p2a: Excadrill|80/100
|-hitcount|p2a: Excadrill|2
|
|-heal|p2a: Excadrill|86/100|[from] item: Leftovers
|upkeep
|turn|9
|
|t:|1757910513
|-end|p1a: Iron Crown|Quark Drive|[silent]
|switch|p1a: Moltres|Moltres|100/100
|switch|p2a: Hydreigon|Hydreigon, M|100/100
|
|upkeep
|turn|10
|
|t:|1757910516
|-terastallize|p2a: Hydreigon|Dragon
|move|p2a: Hydreigon|Draco Meteor|p1a: Moltres
|-damage|p1a: Moltres|3/100
|-unboost|p2a: Hydreigon|spa|2
|move|p1a: Moltres|U-turn|p2a: Hydreigon
|-damage|p2a: Hydreigon|83/100
|
|t:|1757910523
|switch|p1a: Iron Crown|Iron Crown|94/100|[from] U-turn
|-damage|p1a: Iron Crown|88/100|[from] Stealth Rock
|
|upkeep
|turn|11
|-message|dackit forfeited.
|
|win|ay cheu
|raw|dackit's rating: 1366 &rarr; <strong>1349</strong><br />(-17 for losing)
|raw|ay cheu's rating: 1414 &rarr; <strong>1431</strong><br />(+17 for winning)
|l|☆dackit
|player|p1|
|l|☆ay cheu
|player|p2|
