|j|☆xiaoshenyoukaigual
|j|☆kpo2022
|t:|1757825575
|gametype|singles
|player|p1|xiaoshenyoukaigual|hilbert|1157
|player|p2|kpo2022|265|1164
|gen|9
|tier|[Gen 9] OU
|rated|
|rule|HP Percentage Mod: HP is shown in percentages
|rule|Endless Battle Clause: Forcing endless battles is banned
|rule|Species Clause: Limit one of each Pokémon
|rule|OHKO Clause: OHKO moves are banned
|rule|Evasion Items Clause: Evasion items are banned
|rule|Evasion Moves Clause: Evasion moves are banned
|rule|Evasion Abilities Clause: Evasion abilities are banned
|rule|Sleep Moves Clause: Sleep-inducing moves are banned
|clearpoke
|poke|p1|Garganacl, M|
|poke|p1|Clodsire, F|
|poke|p1|Corviknight, M|
|poke|p1|Alomomola, M|
|poke|p1|Skeledirge, F|
|poke|p1|Ogerpon-Wellspring, F|
|poke|p2|Pelipper, F|
|poke|p2|Overqwil, M|
|poke|p2|Azumarill, F|
|poke|p2|Basculegion, M|
|poke|p2|Greninja-*, M|
|poke|p2|Rotom-Mow|
|teampreview
|inactive|Battle timer is ON: inactive players will automatically lose when time's up. (requested by kpo2022)
|
|t:|1757825586
|teamsize|p1|6
|teamsize|p2|6
|start
|switch|p1a: Garganacl|Garganacl, M|100/100
|switch|p2a: Pelipper|Pelipper, F|100/100
|-weather|RainDance|[from] ability: Drizzle|[of] p2a: Pelipper
|turn|1
|j| useke99
|
|t:|1757825595
|move|p1a: Garganacl|Protect|p1a: Garganacl
|-singleturn|p1a: Garganacl|Protect
|move|p2a: Pelipper|Weather Ball|p1a: Garganacl
|-activate|p1a: Garganacl|move: Protect
|
|-weather|RainDance|[upkeep]
|upkeep
|turn|2
|
|t:|1757825600
|switch|p1a: Ogerpon|Ogerpon-Wellspring, F|100/100
|move|p2a: Pelipper|Weather Ball|p1a: Ogerpon
|-immune|p1a: Ogerpon|[from] ability: Water Absorb
|
|-weather|RainDance|[upkeep]
|upkeep
|turn|3
|
|t:|1757825612
|switch|p1a: Corviknight|Corviknight, M|100/100
|-ability|p1a: Corviknight|Unnerve
|move|p2a: Pelipper|U-turn|p1a: Corviknight
|-resisted|p1a: Corviknight
|-damage|p1a: Corviknight|98/100
|-damage|p2a: Pelipper|84/100|[from] item: Rocky Helmet|[of] p1a: Corviknight
|
|t:|1757825622
|switch|p2a: Greninja|Greninja, M|100/100|[from] U-turn
|
|-weather|RainDance|[upkeep]
|upkeep
|turn|4
|
|t:|1757825629
|switch|p1a: Alomomola|Alomomola, M|100/100
|-terastallize|p2a: Greninja|Water
|move|p2a: Greninja|Water Shuriken|p1a: Alomomola
|-resisted|p1a: Alomomola
|-damage|p1a: Alomomola|91/100
|-resisted|p1a: Alomomola
|-damage|p1a: Alomomola|82/100
|-hitcount|p1a: Alomomola|2
|-damage|p2a: Greninja|91/100|[from] item: Life Orb
|
|-weather|RainDance|[upkeep]
|-heal|p1a: Alomomola|89/100|[from] item: Leftovers
|upkeep
|turn|5
|
|t:|1757825656
|move|p2a: Greninja|Dark Pulse|p1a: Alomomola
|-damage|p1a: Alomomola|46/100
|-damage|p2a: Greninja|81/100|[from] item: Life Orb
|move|p1a: Alomomola|Flip Turn|p2a: Greninja
|-resisted|p2a: Greninja
|-damage|p2a: Greninja|64/100
|
|t:|1757825668
|switch|p1a: Garganacl|Garganacl, M|100/100|[from] Flip Turn
|
|-weather|RainDance|[upkeep]
|upkeep
|turn|6
|
|t:|1757825674
|-terastallize|p1a: Garganacl|Grass
|move|p2a: Greninja|Water Shuriken|p1a: Garganacl
|-resisted|p1a: Garganacl
|-damage|p1a: Garganacl|93/100
|-resisted|p1a: Garganacl
|-damage|p1a: Garganacl|85/100
|-resisted|p1a: Garganacl
|-damage|p1a: Garganacl|78/100
|-hitcount|p1a: Garganacl|3
|-damage|p2a: Greninja|54/100|[from] item: Life Orb
|move|p1a: Garganacl|Salt Cure|p2a: Greninja
|-damage|p2a: Greninja|29/100
|-start|p2a: Greninja|Salt Cure
|
|-weather|RainDance|[upkeep]
|-heal|p1a: Garganacl|84/100|[from] item: Leftovers
|-damage|p2a: Greninja|4/100|[from] Salt Cure
|upkeep
|turn|7
|
|t:|1757825683
|switch|p2a: Rotom|Rotom-Mow|100/100
|move|p1a: Garganacl|Protect||[still]
|-fail|p1a: Garganacl
|
|-weather|RainDance|[upkeep]
|-heal|p1a: Garganacl|91/100|[from] item: Leftovers
|upkeep
|turn|8
|
|t:|1757825697
|move|p2a: Rotom|Will-O-Wisp|p1a: Garganacl
|-immune|p1a: Garganacl|[from] ability: Purifying Salt
|move|p1a: Garganacl|Stealth Rock|p2a: Rotom
|-sidestart|p2: kpo2022|move: Stealth Rock
|
|-weather|none
|-heal|p1a: Garganacl|97/100|[from] item: Leftovers
|upkeep
|turn|9
|
|t:|1757825705
|move|p2a: Rotom|Volt Switch|p1a: Garganacl
|-resisted|p1a: Garganacl
|-damage|p1a: Garganacl|87/100
|
|t:|1757825711
|switch|p2a: Pelipper|Pelipper, F|84/100|[from] Volt Switch
|-damage|p2a: Pelipper|59/100|[from] Stealth Rock
|-weather|RainDance|[from] ability: Drizzle|[of] p2a: Pelipper
|move|p1a: Garganacl|Salt Cure|p2a: Pelipper
|-supereffective|p2a: Pelipper
|-damage|p2a: Pelipper|29/100
|-start|p2a: Pelipper|Salt Cure
|
|-weather|RainDance|[upkeep]
|-heal|p1a: Garganacl|94/100|[from] item: Leftovers
|-damage|p2a: Pelipper|4/100|[from] Salt Cure
|upkeep
|turn|10
|
|t:|1757825722
|move|p1a: Garganacl|Protect|p1a: Garganacl
|-singleturn|p1a: Garganacl|Protect
|move|p2a: Pelipper|Ice Beam|p1a: Garganacl
|-activate|p1a: Garganacl|move: Protect
|
|-weather|RainDance|[upkeep]
|-heal|p1a: Garganacl|99/100|[from] item: Leftovers
|-damage|p2a: Pelipper|0 fnt|[from] Salt Cure
|faint|p2a: Pelipper
|upkeep
|
|t:|1757825729
|switch|p2a: Overqwil|Overqwil, M|100/100
|-damage|p2a: Overqwil|88/100|[from] Stealth Rock
|turn|11
|
|t:|1757825732
|move|p2a: Overqwil|Poison Jab|p1a: Garganacl
|-supereffective|p1a: Garganacl
|-damage|p1a: Garganacl|42/100
|move|p1a: Garganacl|Salt Cure|p2a: Overqwil
|-damage|p2a: Overqwil|72/100
|-start|p2a: Overqwil|Salt Cure
|
|-weather|RainDance|[upkeep]
|-heal|p1a: Garganacl|48/100|[from] item: Leftovers
|-damage|p2a: Overqwil|60/100|[from] Salt Cure
|upkeep
|turn|12
|
|t:|1757825741
|move|p1a: Garganacl|Protect|p1a: Garganacl
|-singleturn|p1a: Garganacl|Protect
|move|p2a: Overqwil|Poison Jab|p1a: Garganacl
|-activate|p1a: Garganacl|move: Protect
|
|-weather|RainDance|[upkeep]
|-heal|p1a: Garganacl|54/100|[from] item: Leftovers
|-damage|p2a: Overqwil|47/100|[from] Salt Cure
|upkeep
|turn|13
|
|t:|1757825745
|switch|p1a: Clodsire|Clodsire, F|100/100
|move|p2a: Overqwil|Poison Jab|p1a: Clodsire
|-resisted|p1a: Clodsire
|-damage|p1a: Clodsire|89/100
|
|-weather|RainDance|[upkeep]
|-heal|p1a: Clodsire|95/100|[from] item: Leftovers
|-damage|p2a: Overqwil|35/100|[from] Salt Cure
|upkeep
|turn|14
|
|t:|1757825753
|switch|p2a: Rotom|Rotom-Mow|100/100
|-damage|p2a: Rotom|88/100|[from] Stealth Rock
|move|p1a: Clodsire|Earthquake|p2a: Rotom
|-immune|p2a: Rotom|[from] ability: Levitate
|
|-weather|RainDance|[upkeep]
|-heal|p2a: Rotom|94/100|[from] item: Leftovers
|-heal|p1a: Clodsire|100/100|[from] item: Leftovers
|upkeep
|turn|15
|
|t:|1757825769
|move|p2a: Rotom|Will-O-Wisp|p1a: Clodsire
|-status|p1a: Clodsire|brn
|move|p1a: Clodsire|Toxic|p2a: Rotom
|-status|p2a: Rotom|tox
|
|-weather|RainDance|[upkeep]
|-heal|p2a: Rotom|99/100 tox|[from] item: Leftovers
|-damage|p2a: Rotom|94/100 tox|[from] psn
|-damage|p1a: Clodsire|94/100 brn|[from] brn
|upkeep
|turn|16
|
|t:|1757825780
|move|p2a: Rotom|Will-O-Wisp|p1a: Clodsire|[miss]
|-miss|p2a: Rotom|p1a: Clodsire
|move|p1a: Clodsire|Toxic|p2a: Rotom
|-fail|p2a: Rotom|tox
|
|-weather|none
|-heal|p2a: Rotom|99/100 tox|[from] item: Leftovers
|-heal|p1a: Clodsire|100/100 brn|[from] item: Leftovers
|-damage|p2a: Rotom|88/100 tox|[from] psn
|-damage|p1a: Clodsire|94/100 brn|[from] brn
|upkeep
|turn|17
|inactive|xiaoshenyoukaigual has 120 seconds left.
|
|t:|1757825811
|move|p1a: Clodsire|Protect|p1a: Clodsire
|-singleturn|p1a: Clodsire|Protect
|move|p2a: Rotom|Pain Split|p1a: Clodsire
|-activate|p1a: Clodsire|move: Protect
|
|-heal|p2a: Rotom|94/100 tox|[from] item: Leftovers
|-heal|p1a: Clodsire|100/100 brn|[from] item: Leftovers
|-damage|p2a: Rotom|76/100 tox|[from] psn
|-damage|p1a: Clodsire|94/100 brn|[from] brn
|upkeep
|turn|18
|
|t:|1757825815
|switch|p1a: Skeledirge|Skeledirge, F|100/100
|move|p2a: Rotom|Pain Split|p1a: Skeledirge
|-sethp|p1a: Skeledirge|78/100|[from] move: Pain Split|[silent]
|-sethp|p2a: Rotom|100/100 tox|[from] move: Pain Split
|
|-heal|p1a: Skeledirge|84/100|[from] item: Leftovers
|-damage|p2a: Rotom|77/100 tox|[from] psn
|upkeep
|turn|19
|
|t:|1757825835
|switch|p2a: Azumarill|Azumarill, F|100/100
|-damage|p2a: Azumarill|88/100|[from] Stealth Rock
|move|p1a: Skeledirge|Torch Song|p2a: Azumarill
|-resisted|p2a: Azumarill
|-damage|p2a: Azumarill|72/100
|-boost|p1a: Skeledirge|spa|1
|
|-heal|p1a: Skeledirge|91/100|[from] item: Leftovers
|upkeep
|turn|20
|
|t:|1757825849
|switch|p1a: Ogerpon|Ogerpon-Wellspring, F|100/100
|move|p2a: Azumarill|Belly Drum|p2a: Azumarill
|-damage|p2a: Azumarill|22/100
|-setboost|p2a: Azumarill|atk|6|[from] move: Belly Drum
|
|upkeep
|turn|21
|
|t:|1757825861
|move|p1a: Ogerpon|Horn Leech|p2a: Azumarill
|-supereffective|p2a: Azumarill
|-damage|p2a: Azumarill|0 fnt
|faint|p2a: Azumarill
|
|upkeep
|l| useke99
|
|t:|1757825865
|switch|p2a: Overqwil|Overqwil, M|35/100
|-damage|p2a: Overqwil|23/100|[from] Stealth Rock
|turn|22
|
|t:|1757825869
|move|p1a: Ogerpon|Ivy Cudgel|p2a: Overqwil|[anim] Ivy Cudgel Water
|-damage|p2a: Overqwil|0 fnt
|faint|p2a: Overqwil
|
|upkeep
|
|t:|1757825873
|switch|p2a: Greninja|Greninja, M, tera:Water|4/100
|-damage|p2a: Greninja|0 fnt|[from] Stealth Rock
|faint|p2a: Greninja
|
|t:|1757825874
|switch|p2a: Basculegion|Basculegion, M|100/100
|-damage|p2a: Basculegion|88/100|[from] Stealth Rock
|turn|23
|
|t:|1757825878
|move|p1a: Ogerpon|Horn Leech|p2a: Basculegion
|-supereffective|p2a: Basculegion
|-damage|p2a: Basculegion|0 fnt
|faint|p2a: Basculegion
|
|upkeep
|c|☆xiaoshenyoukaigual|gg
|-message|kpo2022 forfeited.
|
|win|xiaoshenyoukaigual
|raw|xiaoshenyoukaigual's rating: 1157 &rarr; <strong>1183</strong><br />(+26 for winning)
|raw|kpo2022's rating: 1164 &rarr; <strong>1138</strong><br />(-26 for losing)
|l|☆kpo2022
|player|p2|
|l|☆xiaoshenyoukaigual
|player|p1|
