|j|☆napkin_56
|j|☆Devrai
|t:|1757874624
|gametype|singles
|player|p1|napkin_56|policeman-gen4|1424
|player|p2|Devrai|zinnia|1402
|gen|9
|tier|[Gen 9] OU
|rated|
|rule|HP Percentage Mod: HP is shown in percentages
|rule|Endless Battle Clause: Forcing endless battles is banned
|rule|Species Clause: Limit one of each Pokémon
|rule|OHKO Clause: OHKO moves are banned
|rule|Evasion Items Clause: Evasion items are banned
|rule|Evasion Moves Clause: Evasion moves are banned
|rule|Evasion Abilities Clause: Evasion abilities are banned
|rule|Sleep Moves Clause: Sleep-inducing moves are banned
|clearpoke
|poke|p1|Thundurus-Therian, M|
|poke|p1|Gholdengo|
|poke|p1|Landorus-Therian, M|
|poke|p1|Samurott-Hisui, M|
|poke|p1|Zamazenta-*|
|poke|p1|Slowking-Galar, F|
|poke|p2|Araquanid, M|
|poke|p2|Skeledirge, M|
|poke|p2|Enamorus, F|
|poke|p2|Iron Treads|
|poke|p2|Latios, M|
|poke|p2|Raichu, F|
|teampreview
|inactive|Battle timer is ON: inactive players will automatically lose when time's up. (requested by napkin_56)
|
|t:|1757874635
|teamsize|p1|6
|teamsize|p2|6
|start
|switch|p1a: Thundurus|Thundurus-Therian, M|100/100
|switch|p2a: Bubble Buddy|Araquanid, M, shiny|100/100
|turn|1
|
|t:|1757874639
|switch|p2a: Ampere|Raichu, F|100/100
|move|p1a: Thundurus|Knock Off|p2a: Ampere
|-damage|p2a: Ampere|55/100
|-enditem|p2a: Ampere|Life Orb|[from] move: Knock Off|[of] p1a: Thundurus
|
|upkeep
|turn|2
|
|t:|1757874650
|switch|p2a: Bubble Buddy|Araquanid, M, shiny|100/100
|switch|p1a: Slowking|Slowking-Galar, F|100/100
|
|upkeep
|turn|3
|
|t:|1757874658
|-prepare|p1a: Slowking|Chilly Reception|[premajor]
|move|p1a: Slowking|Chilly Reception|p1a: Slowking
|-weather|Snowscape
|
|t:|1757874664
|switch|p1a: Gholdengo|Gholdengo|100/100|[from] Chilly Reception
|move|p2a: Bubble Buddy|Sticky Web|p1a: Gholdengo
|-sidestart|p1: napkin_56|move: Sticky Web
|
|-weather|Snowscape|[upkeep]
|upkeep
|turn|4
|
|t:|1757874667
|move|p1a: Gholdengo|Thunderbolt|p2a: Bubble Buddy
|-supereffective|p2a: Bubble Buddy
|-damage|p2a: Bubble Buddy|51/100
|move|p2a: Bubble Buddy|Liquidation|p1a: Gholdengo
|-damage|p1a: Gholdengo|48/100
|
|-weather|Snowscape|[upkeep]
|-heal|p2a: Bubble Buddy|57/100|[from] item: Leftovers
|upkeep
|turn|5
|
|t:|1757874674
|switch|p1a: Slowking|Slowking-Galar, F|100/100
|move|p2a: Bubble Buddy|Leech Life|p1a: Slowking
|-damage|p1a: Slowking|81/100
|-heal|p2a: Bubble Buddy|68/100|[from] drain|[of] p1a: Slowking
|
|-weather|Snowscape|[upkeep]
|-heal|p2a: Bubble Buddy|74/100|[from] item: Leftovers
|upkeep
|turn|6
|
|t:|1757874677
|move|p1a: Slowking|Future Sight|p2a: Bubble Buddy
|-start|p1a: Slowking|move: Future Sight
|move|p2a: Bubble Buddy|Liquidation|p1a: Slowking
|-damage|p1a: Slowking|36/100
|-unboost|p1a: Slowking|def|1
|
|-weather|Snowscape|[upkeep]
|-heal|p2a: Bubble Buddy|80/100|[from] item: Leftovers
|upkeep
|turn|7
|
|t:|1757874706
|switch|p1a: Samurott|Samurott-Hisui, M|100/100
|move|p2a: Bubble Buddy|Leech Life|p1a: Samurott
|-supereffective|p1a: Samurott
|-damage|p1a: Samurott|61/100
|-heal|p2a: Bubble Buddy|100/100|[from] drain|[of] p1a: Samurott
|
|-weather|none
|upkeep
|turn|8
|
|t:|1757874714
|switch|p1a: Thundurus|Thundurus-Therian, M|100/100
|move|p2a: Bubble Buddy|Leech Life|p1a: Thundurus
|-resisted|p1a: Thundurus
|-damage|p1a: Thundurus|84/100
|
|-end|p2a: Bubble Buddy|move: Future Sight
|-damage|p2a: Bubble Buddy|61/100
|-heal|p2a: Bubble Buddy|67/100|[from] item: Leftovers
|upkeep
|turn|9
|
|t:|1757874723
|move|p1a: Thundurus|Thunderbolt|p2a: Bubble Buddy
|-supereffective|p2a: Bubble Buddy
|-damage|p2a: Bubble Buddy|0 fnt
|faint|p2a: Bubble Buddy
|
|upkeep
|
|t:|1757874725
|switch|p2a: Ampere|Raichu, F|55/100
|turn|10
|inactive|napkin_56 has 120 seconds left.
|-message|napkin_56 forfeited.
|
|win|Devrai
|raw|napkin_56's rating: 1424 &rarr; <strong>1403</strong><br />(-21 for losing)
|raw|Devrai's rating: 1402 &rarr; <strong>1423</strong><br />(+21 for winning)
|l|☆napkin_56
|player|p1|
|l|☆Devrai
|player|p2|
