|j|☆mooch99
|j|☆AjonymousNon
|t:|1757819936
|gametype|singles
|player|p1|mooch99|unknown|1673
|player|p2|AjonymousNon|workerice|1696
|gen|9
|tier|[Gen 9] OU
|rated|
|rule|HP Percentage Mod: HP is shown in percentages
|rule|Endless Battle Clause: Forcing endless battles is banned
|rule|Species Clause: Limit one of each Pokémon
|rule|OHKO Clause: OHKO moves are banned
|rule|Evasion Items Clause: Evasion items are banned
|rule|Evasion Moves Clause: Evasion moves are banned
|rule|Evasion Abilities Clause: Evasion abilities are banned
|rule|Sleep Moves Clause: Sleep-inducing moves are banned
|clearpoke
|poke|p1|Ninetales-Alola, F|
|poke|p1|Ogerpon-Wellspring, F|
|poke|p1|Iron Treads|
|poke|p1|Kyurem|
|poke|p1|Gliscor, F|
|poke|p1|Polteageist|
|poke|p2|Great Tusk|
|poke|p2|Ogerpon-Cornerstone, F|
|poke|p2|Rillaboom, F|
|poke|p2|Tyranitar, F|
|poke|p2|Corviknight, F|
|poke|p2|Dragapult, F|
|teampreview
|inactive|Battle timer is ON: inactive players will automatically lose when time's up. (requested by AjonymousNon)
|inactive|mooch99 also wants the timer to be on.
|
|t:|1757819959
|teamsize|p1|6
|teamsize|p2|6
|start
|switch|p1a: Iron Treads|Iron Treads|100/100
|switch|p2a: Ogerpon|Ogerpon-Cornerstone, F|100/100
|-enditem|p1a: Iron Treads|Booster Energy
|-activate|p1a: Iron Treads|ability: Quark Drive|[fromitem]
|-start|p1a: Iron Treads|quarkdrivespe
|turn|1
|
|t:|1757819975
|move|p1a: Iron Treads|Stealth Rock|p2a: Ogerpon
|-sidestart|p2: AjonymousNon|move: Stealth Rock
|move|p2a: Ogerpon|Swords Dance|p2a: Ogerpon
|-boost|p2a: Ogerpon|atk|2
|
|upkeep
|turn|2
|
|t:|1757819979
|move|p1a: Iron Treads|Steel Beam|p2a: Ogerpon
|-supereffective|p2a: Ogerpon
|-ability|p2a: Ogerpon|Sturdy
|-damage|p2a: Ogerpon|1/100
|-damage|p1a: Iron Treads|50/100|[from] steelbeam
|move|p2a: Ogerpon|Low Kick|p1a: Iron Treads
|-supereffective|p1a: Iron Treads
|-damage|p1a: Iron Treads|0 fnt
|faint|p1a: Iron Treads
|-end|p1a: Iron Treads|Quark Drive|[silent]
|
|upkeep
|j| nathanzhao
|inactive|mooch99 has 120 seconds left.
|
|t:|1757820032
|switch|p1a: Ogerpon|Ogerpon-Wellspring, F|100/100
|turn|3
|
|t:|1757820041
|move|p1a: Ogerpon|Trailblaze|p2a: Ogerpon
|-damage|p2a: Ogerpon|0 fnt
|-boost|p1a: Ogerpon|spe|1
|faint|p2a: Ogerpon
|
|upkeep
|
|t:|1757820045
|switch|p2a: Rillaboom|Rillaboom, F|100/100
|-damage|p2a: Rillaboom|88/100|[from] Stealth Rock
|-fieldstart|move: Grassy Terrain|[from] ability: Grassy Surge|[of] p2a: Rillaboom
|turn|4
|inactive|mooch99 has 120 seconds left.
|
|t:|1757820058
|move|p1a: Ogerpon|Play Rough|p2a: Rillaboom
|-damage|p2a: Rillaboom|47/100
|move|p2a: Rillaboom|U-turn|p1a: Ogerpon
|-supereffective|p1a: Ogerpon
|-damage|p1a: Ogerpon|0 fnt
|faint|p1a: Ogerpon
|
|t:|1757820065
|switch|p2a: Great Tusk|Great Tusk|100/100|[from] U-turn
|-damage|p2a: Great Tusk|98/100|[from] Stealth Rock
|
|-heal|p2a: Great Tusk|100/100|[from] Grassy Terrain
|upkeep
|inactive|mooch99 has 120 seconds left.
|
|t:|1757820075
|switch|p1a: Ninetales|Ninetales-Alola, F|100/100
|-weather|Snowscape|[from] ability: Snow Warning|[of] p1a: Ninetales
|turn|5
|
|t:|1757820078
|-end|p2a: Great Tusk|Protosynthesis|[silent]
|switch|p2a: Tyranitar|Tyranitar, F|100/100
|-damage|p2a: Tyranitar|88/100|[from] Stealth Rock
|-weather|Sandstorm|[from] ability: Sand Stream|[of] p2a: Tyranitar
|move|p1a: Ninetales|Aurora Veil||[still]
|-fail|p1a: Ninetales
|
|-weather|Sandstorm|[upkeep]
|-damage|p1a: Ninetales|94/100|[from] Sandstorm
|-heal|p1a: Ninetales|100/100|[from] Grassy Terrain
|-heal|p2a: Tyranitar|94/100|[from] Grassy Terrain
|-heal|p2a: Tyranitar|100/100|[from] item: Leftovers
|upkeep
|turn|6
|inactive|mooch99 has 120 seconds left.
|l| nathanzhao
|
|t:|1757820114
|switch|p1a: Gliscor|Gliscor, F|100/100
|move|p2a: Tyranitar|Stealth Rock|p1a: Gliscor
|-sidestart|p1: mooch99|move: Stealth Rock
|
|-weather|Sandstorm|[upkeep]
|-status|p1a: Gliscor|tox|[from] item: Toxic Orb
|upkeep
|turn|7
|
|t:|1757820121
|switch|p2a: Great Tusk|Great Tusk|100/100
|-damage|p2a: Great Tusk|98/100|[from] Stealth Rock
|move|p1a: Gliscor|Swords Dance|p1a: Gliscor
|-boost|p1a: Gliscor|atk|2
|
|-weather|Sandstorm|[upkeep]
|-heal|p2a: Great Tusk|100/100|[from] Grassy Terrain
|upkeep
|turn|8
|
|t:|1757820136
|-terastallize|p1a: Gliscor|Normal
|move|p2a: Great Tusk|Rapid Spin|p1a: Gliscor
|-damage|p1a: Gliscor|88/100 tox
|-boost|p2a: Great Tusk|spe|1
|-sideend|p2: AjonymousNon|Stealth Rock|[from] move: Rapid Spin|[of] p2a: Great Tusk
|move|p1a: Gliscor|Facade|p2a: Great Tusk
|-damage|p2a: Great Tusk|40/100
|
|-weather|Sandstorm|[upkeep]
|-damage|p1a: Gliscor|82/100 tox|[from] Sandstorm
|-heal|p2a: Great Tusk|46/100|[from] Grassy Terrain
|-heal|p1a: Gliscor|88/100 tox|[from] Grassy Terrain
|-heal|p1a: Gliscor|100/100 tox|[from] ability: Poison Heal
|-fieldend|move: Grassy Terrain
|upkeep
|turn|9
|
|t:|1757820145
|-end|p2a: Great Tusk|Protosynthesis|[silent]
|switch|p2a: Corviknight|Corviknight, F|100/100
|-ability|p2a: Corviknight|Pressure
|move|p1a: Gliscor|Facade|p2a: Corviknight
|-resisted|p2a: Corviknight
|-damage|p2a: Corviknight|73/100
|-damage|p1a: Gliscor|84/100 tox|[from] item: Rocky Helmet|[of] p2a: Corviknight
|
|-weather|none
|-heal|p1a: Gliscor|97/100 tox|[from] ability: Poison Heal
|upkeep
|turn|10
|
|t:|1757820159
|move|p1a: Gliscor|Swords Dance|p1a: Gliscor
|-boost|p1a: Gliscor|atk|2
|move|p2a: Corviknight|Body Press|p1a: Gliscor
|-supereffective|p1a: Gliscor
|-damage|p1a: Gliscor|57/100 tox
|
|-heal|p1a: Gliscor|70/100 tox|[from] ability: Poison Heal
|upkeep
|turn|11
|
|t:|1757820162
|move|p1a: Gliscor|Knock Off|p2a: Corviknight
|-damage|p2a: Corviknight|35/100
|-damage|p1a: Gliscor|53/100 tox|[from] item: Rocky Helmet|[of] p2a: Corviknight
|-enditem|p2a: Corviknight|Rocky Helmet|[from] move: Knock Off|[of] p1a: Gliscor
|move|p2a: Corviknight|Body Press|p1a: Gliscor
|-supereffective|p1a: Gliscor
|-damage|p1a: Gliscor|9/100 tox
|
|-heal|p1a: Gliscor|22/100 tox|[from] ability: Poison Heal
|upkeep
|turn|12
|inactive|mooch99 has 120 seconds left.
|
|t:|1757820178
|switch|p1a: Ninetales|Ninetales-Alola, F|100/100
|-damage|p1a: Ninetales|76/100|[from] Stealth Rock
|-weather|Snowscape|[from] ability: Snow Warning|[of] p1a: Ninetales
|move|p2a: Corviknight|Body Press|p1a: Ninetales
|-damage|p1a: Ninetales|54/100
|
|-weather|Snowscape|[upkeep]
|upkeep
|turn|13
|inactive|mooch99 has 120 seconds left.
|
|t:|1757820185
|switch|p1a: Gliscor|Gliscor, F, tera:Normal|22/100 tox
|-damage|p1a: Gliscor|9/100 tox|[from] Stealth Rock
|switch|p2a: Tyranitar|Tyranitar, F|100/100
|-weather|Sandstorm|[from] ability: Sand Stream|[of] p2a: Tyranitar
|
|-weather|Sandstorm|[upkeep]
|-damage|p1a: Gliscor|3/100 tox|[from] Sandstorm
|-heal|p1a: Gliscor|15/100 tox|[from] ability: Poison Heal
|upkeep
|turn|14
|
|t:|1757820196
|switch|p2a: Rillaboom|Rillaboom, F|47/100
|-fieldstart|move: Grassy Terrain|[from] ability: Grassy Surge|[of] p2a: Rillaboom
|move|p1a: Gliscor|Knock Off|p2a: Rillaboom
|-damage|p2a: Rillaboom|21/100
|-enditem|p2a: Rillaboom|Choice Band|[from] move: Knock Off|[of] p1a: Gliscor
|
|-weather|Sandstorm|[upkeep]
|-damage|p2a: Rillaboom|15/100|[from] Sandstorm
|-damage|p1a: Gliscor|9/100 tox|[from] Sandstorm
|-heal|p2a: Rillaboom|21/100|[from] Grassy Terrain
|-heal|p1a: Gliscor|15/100 tox|[from] Grassy Terrain
|-heal|p1a: Gliscor|28/100 tox|[from] ability: Poison Heal
|upkeep
|turn|15
|
|t:|1757820200
|move|p2a: Rillaboom|Wood Hammer|p1a: Gliscor
|-damage|p1a: Gliscor|0 fnt
|faint|p1a: Gliscor
|-damage|p2a: Rillaboom|12/100|[from] Recoil
|
|-weather|Sandstorm|[upkeep]
|-damage|p2a: Rillaboom|5/100|[from] Sandstorm
|-heal|p2a: Rillaboom|12/100|[from] Grassy Terrain
|upkeep
|inactive|mooch99 has 120 seconds left.
|inactive|mooch99 has 90 seconds left.
|
|t:|1757820254
|switch|p1a: Kyurem|Kyurem|100/100
|-damage|p1a: Kyurem|76/100|[from] Stealth Rock
|-ability|p1a: Kyurem|Pressure
|turn|16
|
|t:|1757820260
|move|p1a: Kyurem|Icicle Spear|p2a: Rillaboom
|-supereffective|p2a: Rillaboom
|-damage|p2a: Rillaboom|0 fnt
|faint|p2a: Rillaboom
|-hitcount|p2: Rillaboom|1
|
|-weather|Sandstorm|[upkeep]
|-damage|p1a: Kyurem|70/100|[from] Sandstorm
|-heal|p1a: Kyurem|76/100|[from] Grassy Terrain
|upkeep
|
|t:|1757820272
|switch|p2a: Dragapult|Dragapult, F|100/100
|turn|17
|
|t:|1757820285
|-terastallize|p2a: Dragapult|Ghost
|move|p2a: Dragapult|Dragon Darts|p1a: Kyurem
|-supereffective|p1a: Kyurem
|-damage|p1a: Kyurem|34/100
|-anim|p2a: Dragapult|Dragon Darts|p1a: Kyurem
|-supereffective|p1a: Kyurem
|-damage|p1a: Kyurem|0 fnt
|faint|p1a: Kyurem
|
|-weather|none
|upkeep
|inactive|mooch99 has 90 seconds left.
|inactive|mooch99 has 60 seconds left.
|
|t:|1757820342
|switch|p1a: Ninetales|Ninetales-Alola, F|54/100
|-damage|p1a: Ninetales|29/100|[from] Stealth Rock
|-weather|Snowscape|[from] ability: Snow Warning|[of] p1a: Ninetales
|turn|18
|
|t:|1757820354
|switch|p2a: Tyranitar|Tyranitar, F|100/100
|-weather|Sandstorm|[from] ability: Sand Stream|[of] p2a: Tyranitar
|move|p1a: Ninetales|Aurora Veil||[still]
|-fail|p1a: Ninetales
|
|-weather|Sandstorm|[upkeep]
|-damage|p1a: Ninetales|23/100|[from] Sandstorm
|-heal|p1a: Ninetales|29/100|[from] Grassy Terrain
|-fieldend|move: Grassy Terrain
|upkeep
|turn|19
|
|t:|1757820360
|move|p1a: Ninetales|Freeze-Dry|p2a: Tyranitar
|-damage|p2a: Tyranitar|92/100
|move|p2a: Tyranitar|Stone Edge|p1a: Ninetales
|-supereffective|p1a: Ninetales
|-crit|p1a: Ninetales
|-damage|p1a: Ninetales|0 fnt
|faint|p1a: Ninetales
|
|-weather|Sandstorm|[upkeep]
|-heal|p2a: Tyranitar|98/100|[from] item: Leftovers
|upkeep
|
|t:|1757820364
|switch|p1a: Polteageist|Polteageist|100/100
|-damage|p1a: Polteageist|88/100|[from] Stealth Rock
|turn|20
|
|t:|1757820384
|move|p1a: Polteageist|Shell Smash|p1a: Polteageist
|-unboost|p1a: Polteageist|def|1
|-unboost|p1a: Polteageist|spd|1
|-boost|p1a: Polteageist|atk|2
|-boost|p1a: Polteageist|spa|2
|-boost|p1a: Polteageist|spe|2
|-enditem|p1a: Polteageist|White Herb
|-clearnegativeboost|p1a: Polteageist|[silent]
|move|p2a: Tyranitar|Knock Off|p1a: Polteageist
|-supereffective|p1a: Polteageist
|-damage|p1a: Polteageist|15/100
|
|-weather|Sandstorm|[upkeep]
|-damage|p1a: Polteageist|9/100|[from] Sandstorm
|-heal|p2a: Tyranitar|100/100|[from] item: Leftovers
|upkeep
|turn|21
|
|t:|1757820388
|move|p1a: Polteageist|Strength Sap|p2a: Tyranitar
|-unboost|p2a: Tyranitar|atk|1
|-heal|p1a: Polteageist|100/100
|move|p2a: Tyranitar|Knock Off|p1a: Polteageist
|-supereffective|p1a: Polteageist
|-damage|p1a: Polteageist|59/100
|-start|p2a: Tyranitar|Disable|Knock Off|[from] ability: Cursed Body|[of] p1a: Polteageist
|
|-weather|Sandstorm|[upkeep]
|-damage|p1a: Polteageist|53/100|[from] Sandstorm
|upkeep
|turn|22
|
|t:|1757820393
|move|p1a: Polteageist|Shadow Ball|p2a: Tyranitar
|-resisted|p2a: Tyranitar
|-damage|p2a: Tyranitar|86/100
|move|p2a: Tyranitar|Stone Edge|p1a: Polteageist
|-damage|p1a: Polteageist|15/100
|
|-weather|none
|-heal|p2a: Tyranitar|92/100|[from] item: Leftovers
|upkeep
|turn|23
|
|t:|1757820397
|move|p1a: Polteageist|Strength Sap|p2a: Tyranitar
|-unboost|p2a: Tyranitar|atk|1
|-heal|p1a: Polteageist|78/100
|move|p2a: Tyranitar|Stone Edge|p1a: Polteageist
|-damage|p1a: Polteageist|54/100
|
|-heal|p2a: Tyranitar|98/100|[from] item: Leftovers
|upkeep
|turn|24
|
|t:|1757820403
|move|p1a: Polteageist|Shadow Ball|p2a: Tyranitar
|-resisted|p2a: Tyranitar
|-damage|p2a: Tyranitar|76/100
|move|p2a: Tyranitar|Stone Edge|p1a: Polteageist
|-damage|p1a: Polteageist|28/100
|
|-heal|p2a: Tyranitar|82/100|[from] item: Leftovers
|-end|p2a: Tyranitar|Disable
|upkeep
|turn|25
|
|t:|1757820414
|move|p1a: Polteageist|Shadow Ball|p2a: Tyranitar
|-resisted|p2a: Tyranitar
|-crit|p2a: Tyranitar
|-damage|p2a: Tyranitar|50/100
|move|p2a: Tyranitar|Stone Edge|p1a: Polteageist
|-damage|p1a: Polteageist|2/100
|-start|p2a: Tyranitar|Disable|Stone Edge|[from] ability: Cursed Body|[of] p1a: Polteageist
|
|-heal|p2a: Tyranitar|56/100|[from] item: Leftovers
|upkeep
|turn|26
|
|t:|1757820422
|move|p1a: Polteageist|Strength Sap|p2a: Tyranitar
|-unboost|p2a: Tyranitar|atk|1
|-heal|p1a: Polteageist|50/100
|move|p2a: Tyranitar|Knock Off|p1a: Polteageist
|-supereffective|p1a: Polteageist
|-damage|p1a: Polteageist|21/100
|
|-heal|p2a: Tyranitar|62/100|[from] item: Leftovers
|upkeep
|turn|27
|inactive|mooch99 has 120 seconds left.
|-message|mooch99 forfeited.
|
|win|AjonymousNon
|raw|mooch99's rating: 1673 &rarr; <strong>1654</strong><br />(-19 for losing)
|raw|AjonymousNon's rating: 1696 &rarr; <strong>1715</strong><br />(+19 for winning)
|l|☆mooch99
|player|p1|
|l|☆AjonymousNon
|player|p2|
