|j|☆kaisadadi
|j|☆bianddegradeable
|t:|1757946035
|gametype|singles
|player|p1|kaisadadi|steven|1459
|player|p2|bianddegradeable|caitlin|1500
|gen|9
|tier|[Gen 9] OU
|rated|
|rule|HP Percentage Mod: HP is shown in percentages
|rule|Endless Battle Clause: Forcing endless battles is banned
|rule|Species Clause: Limit one of each Pokémon
|rule|OHKO Clause: OHKO moves are banned
|rule|Evasion Items Clause: Evasion items are banned
|rule|Evasion Moves Clause: Evasion moves are banned
|rule|Evasion Abilities Clause: Evasion abilities are banned
|rule|Sleep Moves Clause: Sleep-inducing moves are banned
|clearpoke
|poke|p1|Tyranitar, M|
|poke|p1|Excadrill, F|
|poke|p1|Keldeo-Resolute|
|poke|p1|Tornadus-Therian, M|
|poke|p1|Heatran, F|
|poke|p1|Hydrapple, M|
|poke|p2|Tinkaton, F|
|poke|p2|Great Tusk|
|poke|p2|Garganacl, F|
|poke|p2|Keldeo-Resolute|
|poke|p2|Zapdos|
|poke|p2|Dragapult, M|
|teampreview
|inactive|Battle timer is ON: inactive players will automatically lose when time's up. (requested by bianddegradeable)
|
|t:|1757946052
|teamsize|p1|6
|teamsize|p2|6
|start
|switch|p1a: Tornadus|Tornadus-Therian, M|100/100
|switch|p2a: Keldeo|Keldeo-Resolute|100/100
|turn|1
|
|t:|1757946058
|switch|p2a: Zapdos|Zapdos|100/100
|move|p1a: Tornadus|Bleakwind Storm|p2a: Zapdos
|-resisted|p2a: Zapdos
|-damage|p2a: Zapdos|82/100
|
|upkeep
|turn|2
|
|t:|1757946065
|switch|p1a: Tyranitar|Tyranitar, M|100/100
|-weather|Sandstorm|[from] ability: Sand Stream|[of] p1a: Tyranitar
|move|p2a: Zapdos|Volt Switch|p1a: Tyranitar
|-damage|p1a: Tyranitar|79/100
|
|t:|1757946072
|switch|p2a: Keldeo|Keldeo-Resolute|100/100|[from] Volt Switch
|
|-weather|Sandstorm|[upkeep]
|-damage|p2a: Keldeo|94/100|[from] Sandstorm
|upkeep
|turn|3
|
|t:|1757946078
|switch|p1a: Hydrapple|Hydrapple, M|100/100
|move|p2a: Keldeo|Secret Sword|p1a: Hydrapple
|-damage|p1a: Hydrapple|65/100
|
|-weather|Sandstorm|[upkeep]
|-damage|p2a: Keldeo|88/100|[from] Sandstorm
|-damage|p1a: Hydrapple|59/100|[from] Sandstorm
|upkeep
|turn|4
|
|t:|1757946087
|switch|p2a: Zapdos|Zapdos|82/100
|move|p1a: Hydrapple|Giga Drain|p2a: Zapdos
|-resisted|p2a: Zapdos
|-damage|p2a: Zapdos|68/100
|-heal|p1a: Hydrapple|66/100|[from] drain|[of] p2a: Zapdos
|
|-weather|Sandstorm|[upkeep]
|-damage|p2a: Zapdos|62/100|[from] Sandstorm
|-damage|p1a: Hydrapple|60/100|[from] Sandstorm
|upkeep
|turn|5
|
|t:|1757946097
|switch|p1a: Excadrill|Excadrill, F|100/100
|-item|p1a: Excadrill|Air Balloon
|move|p2a: Zapdos|Roost|p2a: Zapdos
|-heal|p2a: Zapdos|100/100
|-singleturn|p2a: Zapdos|move: Roost
|
|-weather|Sandstorm|[upkeep]
|-damage|p2a: Zapdos|94/100|[from] Sandstorm
|upkeep
|turn|6
|
|t:|1757946106
|switch|p2a: Great Tusk|Great Tusk|100/100
|move|p1a: Excadrill|Swords Dance|p1a: Excadrill
|-boost|p1a: Excadrill|atk|2
|
|-weather|none
|upkeep
|turn|7
|
|t:|1757946113
|-terastallize|p1a: Excadrill|Ghost
|move|p2a: Great Tusk|Close Combat|p1a: Excadrill
|-immune|p1a: Excadrill
|move|p1a: Excadrill|Earthquake|p2a: Great Tusk
|-damage|p2a: Great Tusk|16/100
|
|upkeep
|turn|8
|
|t:|1757946120
|move|p2a: Great Tusk|Ice Spinner|p1a: Excadrill
|-damage|p1a: Excadrill|62/100
|-enditem|p1a: Excadrill|Air Balloon
|move|p1a: Excadrill|Rapid Spin|p2a: Great Tusk
|-damage|p2a: Great Tusk|0 fnt
|-boost|p1a: Excadrill|spe|1
|faint|p2a: Great Tusk
|-end|p2a: Great Tusk|Protosynthesis|[silent]
|
|upkeep
|
|t:|1757946132
|switch|p2a: Zapdos|Zapdos|94/100
|turn|9
|
|t:|1757946135
|move|p1a: Excadrill|Iron Head|p2a: Zapdos
|-resisted|p2a: Zapdos
|-damage|p2a: Zapdos|60/100
|-status|p1a: Excadrill|par|[from] ability: Static|[of] p2a: Zapdos
|move|p2a: Zapdos|Hurricane|p1a: Excadrill|[miss]
|-miss|p2a: Zapdos|p1a: Excadrill
|
|upkeep
|turn|10
|
|t:|1757946141
|switch|p1a: Tyranitar|Tyranitar, M|79/100
|-weather|Sandstorm|[from] ability: Sand Stream|[of] p1a: Tyranitar
|move|p2a: Zapdos|Hurricane|p1a: Tyranitar|[miss]
|-miss|p2a: Zapdos|p1a: Tyranitar
|
|-weather|Sandstorm|[upkeep]
|-damage|p2a: Zapdos|54/100|[from] Sandstorm
|upkeep
|turn|11
|
|t:|1757946156
|move|p2a: Zapdos|Volt Switch|p1a: Tyranitar
|-damage|p1a: Tyranitar|58/100
|
|t:|1757946164
|switch|p2a: Keldeo|Keldeo-Resolute|88/100|[from] Volt Switch
|move|p1a: Tyranitar|Knock Off|p2a: Keldeo
|-resisted|p2a: Keldeo
|-damage|p2a: Keldeo|42/100
|-ability|p2a: Keldeo|Justified|boost
|-boost|p2a: Keldeo|atk|1
|-enditem|p2a: Keldeo|Choice Specs|[from] move: Knock Off|[of] p1a: Tyranitar
|
|-weather|Sandstorm|[upkeep]
|-damage|p2a: Keldeo|36/100|[from] Sandstorm
|upkeep
|turn|12
|
|t:|1757946170
|switch|p1a: Hydrapple|Hydrapple, M|93/100
|move|p2a: Keldeo|Secret Sword|p1a: Hydrapple
|-damage|p1a: Hydrapple|70/100
|
|-weather|Sandstorm|[upkeep]
|-damage|p2a: Keldeo|30/100|[from] Sandstorm
|-damage|p1a: Hydrapple|64/100|[from] Sandstorm
|upkeep
|turn|13
|
|t:|1757946175
|move|p2a: Keldeo|Icy Wind|p1a: Hydrapple
|-supereffective|p1a: Hydrapple
|-damage|p1a: Hydrapple|0 fnt
|faint|p1a: Hydrapple
|
|-weather|Sandstorm|[upkeep]
|-damage|p2a: Keldeo|23/100|[from] Sandstorm
|upkeep
|
|t:|1757946179
|switch|p1a: Tornadus|Tornadus-Therian, M|100/100
|turn|14
|
|t:|1757946182
|switch|p2a: Zapdos|Zapdos|54/100
|move|p1a: Tornadus|Bleakwind Storm|p2a: Zapdos
|-resisted|p2a: Zapdos
|-damage|p2a: Zapdos|35/100
|-unboost|p2a: Zapdos|spe|1
|
|-weather|none
|upkeep
|turn|15
|
|t:|1757946190
|move|p1a: Tornadus|Taunt|p2a: Zapdos
|-start|p2a: Zapdos|move: Taunt
|cant|p2a: Zapdos|move: Taunt|Roost
|
|upkeep
|turn|16
|
|t:|1757946198
|move|p1a: Tornadus|U-turn|p2a: Zapdos
|-resisted|p2a: Zapdos
|-damage|p2a: Zapdos|29/100
|
|t:|1757946201
|switch|p1a: Tyranitar|Tyranitar, M|58/100|[from] U-turn
|-weather|Sandstorm|[from] ability: Sand Stream|[of] p1a: Tyranitar
|move|p2a: Zapdos|Volt Switch|p1a: Tyranitar
|-damage|p1a: Tyranitar|40/100
|
|t:|1757946208
|switch|p2a: Keldeo|Keldeo-Resolute|23/100|[from] Volt Switch
|
|-weather|Sandstorm|[upkeep]
|-damage|p2a: Keldeo|17/100|[from] Sandstorm
|upkeep
|turn|17
|
|t:|1757946219
|switch|p1a: Tornadus|Tornadus-Therian, M|100/100
|move|p2a: Keldeo|Surf|p1a: Tornadus
|-damage|p1a: Tornadus|56/100
|
|-weather|Sandstorm|[upkeep]
|-damage|p1a: Tornadus|50/100|[from] Sandstorm
|-damage|p2a: Keldeo|11/100|[from] Sandstorm
|upkeep
|turn|18
|
|t:|1757946225
|switch|p2a: Garganacl|Garganacl, F|100/100
|move|p1a: Tornadus|U-turn|p2a: Garganacl
|-damage|p2a: Garganacl|90/100
|
|t:|1757946229
|switch|p1a: Keldeo|Keldeo-Resolute|100/100|[from] U-turn
|
|-weather|Sandstorm|[upkeep]
|-damage|p1a: Keldeo|94/100|[from] Sandstorm
|-heal|p2a: Garganacl|97/100|[from] item: Leftovers
|upkeep
|turn|19
|
|t:|1757946237
|-terastallize|p2a: Garganacl|Water
|move|p1a: Keldeo|Surf|p2a: Garganacl
|-resisted|p2a: Garganacl
|-damage|p2a: Garganacl|73/100
|move|p2a: Garganacl|Salt Cure|p1a: Keldeo
|-resisted|p1a: Keldeo
|-damage|p1a: Keldeo|87/100
|-start|p1a: Keldeo|Salt Cure
|
|-weather|Sandstorm|[upkeep]
|-damage|p1a: Keldeo|80/100|[from] Sandstorm
|-damage|p2a: Garganacl|67/100|[from] Sandstorm
|-heal|p2a: Garganacl|73/100|[from] item: Leftovers
|-damage|p1a: Keldeo|56/100|[from] Salt Cure
|upkeep
|turn|20
|
|t:|1757946255
|switch|p1a: Tyranitar|Tyranitar, M|40/100
|move|p2a: Garganacl|Salt Cure|p1a: Tyranitar
|-damage|p1a: Tyranitar|27/100
|-start|p1a: Tyranitar|Salt Cure
|
|-weather|none
|-heal|p2a: Garganacl|80/100|[from] item: Leftovers
|-damage|p1a: Tyranitar|15/100|[from] Salt Cure
|upkeep
|turn|21
|
|t:|1757946265
|move|p1a: Tyranitar|Stone Edge|p2a: Garganacl
|-damage|p2a: Garganacl|16/100
|move|p2a: Garganacl|Curse|p2a: Garganacl
|-unboost|p2a: Garganacl|spe|1
|-boost|p2a: Garganacl|atk|1
|-boost|p2a: Garganacl|def|1
|
|-heal|p2a: Garganacl|23/100|[from] item: Leftovers
|-damage|p1a: Tyranitar|3/100|[from] Salt Cure
|upkeep
|turn|22
|
|t:|1757946271
|move|p1a: Tyranitar|Stone Edge|p2a: Garganacl
|-damage|p2a: Garganacl|0 fnt
|faint|p2a: Garganacl
|
|-damage|p1a: Tyranitar|0 fnt|[from] Salt Cure
|faint|p1a: Tyranitar
|upkeep
|
|t:|1757946282
|switch|p1a: Keldeo|Keldeo-Resolute|56/100
|switch|p2a: Keldeo|Keldeo-Resolute|11/100
|turn|23
|
|t:|1757946285
|switch|p2a: Dragapult|Dragapult, M|100/100
|move|p1a: Keldeo|Vacuum Wave|p2a: Dragapult
|-immune|p2a: Dragapult
|
|upkeep
|turn|24
|
|t:|1757946293
|switch|p1a: Heatran|Heatran, F|100/100
|move|p2a: Dragapult|Dragon Darts|p1a: Heatran
|-resisted|p1a: Heatran
|-damage|p1a: Heatran|92/100
|-anim|p2a: Dragapult|Dragon Darts|p1a: Heatran
|-resisted|p1a: Heatran
|-damage|p1a: Heatran|82/100
|
|-heal|p1a: Heatran|89/100|[from] item: Leftovers
|upkeep
|turn|25
|
|t:|1757946302
|move|p2a: Dragapult|Hex|p1a: Heatran
|-damage|p1a: Heatran|70/100
|move|p1a: Heatran|Magma Storm|p2a: Dragapult|[miss]
|-miss|p1a: Heatran|p2a: Dragapult
|
|-heal|p1a: Heatran|77/100|[from] item: Leftovers
|upkeep
|turn|26
|
|t:|1757946304
|move|p2a: Dragapult|U-turn|p1a: Heatran
|-resisted|p1a: Heatran
|-damage|p1a: Heatran|73/100
|-status|p2a: Dragapult|brn|[from] ability: Flame Body|[of] p1a: Heatran
|
|t:|1757946310
|switch|p2a: Zapdos|Zapdos|29/100|[from] U-turn
|move|p1a: Heatran|Stealth Rock|p2a: Zapdos
|-sidestart|p2: bianddegradeable|move: Stealth Rock
|
|-heal|p1a: Heatran|79/100|[from] item: Leftovers
|upkeep
|turn|27
|
|t:|1757946315
|move|p2a: Zapdos|Roost|p2a: Zapdos
|-heal|p2a: Zapdos|79/100
|-singleturn|p2a: Zapdos|move: Roost
|move|p1a: Heatran|Magma Storm|p2a: Zapdos
|-damage|p2a: Zapdos|41/100
|-activate|p2a: Zapdos|move: Magma Storm|[of] p1a: Heatran
|
|-heal|p1a: Heatran|85/100|[from] item: Leftovers
|-damage|p2a: Zapdos|28/100|[from] move: Magma Storm|[partiallytrapped]
|upkeep
|turn|28
|
|t:|1757946320
|move|p2a: Zapdos|Hurricane|p1a: Heatran
|-resisted|p1a: Heatran
|-damage|p1a: Heatran|71/100
|move|p1a: Heatran|Earth Power|p2a: Zapdos
|-immune|p2a: Zapdos
|
|-heal|p1a: Heatran|77/100|[from] item: Leftovers
|-damage|p2a: Zapdos|16/100|[from] move: Magma Storm|[partiallytrapped]
|upkeep
|turn|29
|
|t:|1757946325
|move|p2a: Zapdos|Hurricane|p1a: Heatran|[miss]
|-miss|p2a: Zapdos|p1a: Heatran
|move|p1a: Heatran|Taunt|p2a: Zapdos
|-start|p2a: Zapdos|move: Taunt
|
|-heal|p1a: Heatran|83/100|[from] item: Leftovers
|-damage|p2a: Zapdos|4/100|[from] move: Magma Storm|[partiallytrapped]
|upkeep
|turn|30
|
|t:|1757946336
|switch|p1a: Excadrill|Excadrill, F, tera:Ghost|62/100 par
|move|p2a: Zapdos|Hurricane|p1a: Excadrill
|-damage|p1a: Excadrill|5/100 par
|-start|p1a: Excadrill|confusion
|
|-end|p2a: Zapdos|Magma Storm|[partiallytrapped]|[silent]
|upkeep
|turn|31
|
|t:|1757946343
|move|p2a: Zapdos|Hurricane|p1a: Excadrill|[miss]
|-miss|p2a: Zapdos|p1a: Excadrill
|-activate|p1a: Excadrill|confusion
|move|p1a: Excadrill|Rapid Spin|p2a: Zapdos
|-damage|p2a: Zapdos|0 fnt
|-boost|p1a: Excadrill|spe|1
|faint|p2a: Zapdos
|
|upkeep
|
|t:|1757946348
|switch|p2a: Dragapult|Dragapult, M|100/100 brn
|turn|32
|
|t:|1757946354
|switch|p1a: Tornadus|Tornadus-Therian, M|83/100
|move|p2a: Dragapult|Hex|p1a: Tornadus
|-damage|p1a: Tornadus|57/100
|
|-damage|p2a: Dragapult|95/100 brn|[from] brn
|upkeep
|turn|33
|
|t:|1757946364
|switch|p2a: Tinkaton|Tinkaton, F|100/100
|-damage|p2a: Tinkaton|94/100|[from] Stealth Rock
|-ability|p2a: Tinkaton|Mold Breaker
|-item|p2a: Tinkaton|Air Balloon
|move|p1a: Tornadus|Bleakwind Storm|p2a: Tinkaton
|-resisted|p2a: Tinkaton
|-damage|p2a: Tinkaton|78/100
|-enditem|p2a: Tinkaton|Air Balloon
|
|upkeep
|turn|34
|-message|bianddegradeable forfeited.
|
|win|kaisadadi
|raw|kaisadadi's rating: 1459 &rarr; <strong>1481</strong><br />(+22 for winning)
|raw|bianddegradeable's rating: 1500 &rarr; <strong>1478</strong><br />(-22 for losing)
|l|☆bianddegradeable
|player|p2|
