|badge|p1|bronze|gen9uu|100-6
|uhtml|medal-msg|<div class="broadcast-blue">Curious what those medals under the avatar are? PS now has Ladder Seasons! For more information, check out the <a href="https://www.smogon.com/forums/threads/3740067/">thread on Smogon.</a></div>
|j|☆Labooble
|j|☆Isrim
|t:|1757856942
|gametype|singles
|player|p1|Labooble|101|1499
|player|p2|Isrim|169|1521
|gen|9
|tier|[Gen 9] OU
|rated|
|rule|HP Percentage Mod: HP is shown in percentages
|rule|Endless Battle Clause: Forcing endless battles is banned
|rule|Species Clause: Limit one of each Pokémon
|rule|OHKO Clause: OHKO moves are banned
|rule|Evasion Items Clause: Evasion items are banned
|rule|Evasion Moves Clause: Evasion moves are banned
|rule|Evasion Abilities Clause: Evasion abilities are banned
|rule|Sleep Moves Clause: Sleep-inducing moves are banned
|clearpoke
|poke|p1|Gholdengo|
|poke|p1|Great Tusk|
|poke|p1|Deoxys-Speed|
|poke|p1|Kingambit, F|
|poke|p1|Moltres|
|poke|p1|Ting-Lu|
|poke|p2|Lokix, F|
|poke|p2|Ambipom, F|
|poke|p2|Slowking-Galar, M|
|poke|p2|Great Tusk|
|poke|p2|Raging Bolt|
|poke|p2|Moltres|
|teampreview
|j| upuntil
|inactive|Battle timer is ON: inactive players will automatically lose when time's up. (requested by Labooble)
|
|t:|1757856985
|teamsize|p1|6
|teamsize|p2|6
|start
|switch|p1a: Moltres|Moltres|100/100
|switch|p2a: Ambipom|Ambipom, F|100/100
|turn|1
|
|t:|1757856994
|switch|p2a: Moltres|Moltres|100/100
|move|p1a: Moltres|U-turn|p2a: Moltres
|-resisted|p2a: Moltres
|-damage|p2a: Moltres|98/100
|
|t:|1757856999
|switch|p1a: Deoxys|Deoxys-Speed|100/100|[from] U-turn
|-ability|p1a: Deoxys|Pressure
|
|upkeep
|turn|2
|
|t:|1757857008
|switch|p2a: Lokix|Lokix, F|100/100
|move|p1a: Deoxys|Psycho Boost|p2a: Lokix
|-immune|p2a: Lokix
|
|upkeep
|turn|3
|
|t:|1757857012
|switch|p1a: Moltres|Moltres|100/100
|move|p2a: Lokix|First Impression|p1a: Moltres
|-resisted|p1a: Moltres
|-damage|p1a: Moltres|85/100
|-status|p2a: Lokix|brn|[from] ability: Flame Body|[of] p1a: Moltres
|
|-damage|p2a: Lokix|94/100 brn|[from] brn
|upkeep
|turn|4
|
|t:|1757857018
|move|p2a: Lokix|Knock Off|p1a: Moltres
|-damage|p1a: Moltres|70/100
|-enditem|p1a: Moltres|Heavy-Duty Boots|[from] move: Knock Off|[of] p2a: Lokix
|move|p1a: Moltres|U-turn|p2a: Lokix
|-supereffective|p2a: Lokix
|-damage|p2a: Lokix|54/100 brn
|
|t:|1757857025
|switch|p1a: Deoxys|Deoxys-Speed|100/100|[from] U-turn
|-ability|p1a: Deoxys|Pressure
|
|-damage|p2a: Lokix|47/100 brn|[from] brn
|upkeep
|turn|5
|
|t:|1757857029
|move|p2a: Lokix|Sucker Punch|p1a: Deoxys
|-supereffective|p1a: Deoxys
|-damage|p1a: Deoxys|46/100
|move|p1a: Deoxys|Ice Beam|p2a: Lokix
|-damage|p2a: Lokix|0 fnt
|faint|p2a: Lokix
|-damage|p1a: Deoxys|36/100|[from] item: Life Orb
|
|upkeep
|
|t:|1757857034
|switch|p2a: Ambipom|Ambipom, F|100/100
|turn|6
|
|t:|1757857039
|switch|p1a: Moltres|Moltres|70/100
|switch|p2a: Raging Bolt|Raging Bolt|100/100
|
|upkeep
|turn|7
|
|t:|1757857042
|move|p2a: Raging Bolt|Draco Meteor|p1a: Moltres
|-damage|p1a: Moltres|0 fnt
|-unboost|p2a: Raging Bolt|spa|2
|faint|p1a: Moltres
|
|upkeep
|
|t:|1757857050
|switch|p1a: Gholdengo|Gholdengo|100/100
|turn|8
|inactive|Isrim has 120 seconds left.
|
|t:|1757857100
|-end|p2a: Raging Bolt|Protosynthesis|[silent]
|switch|p2a: Moltres|Moltres|98/100
|move|p1a: Gholdengo|Nasty Plot|p1a: Gholdengo
|-boost|p1a: Gholdengo|spa|2
|
|upkeep
|turn|9
|inactive|Isrim has 90 seconds left.
|
|t:|1757857125
|move|p1a: Gholdengo|Shadow Ball|p2a: Moltres
|-damage|p2a: Moltres|14/100
|move|p2a: Moltres|Flamethrower|p1a: Gholdengo
|-supereffective|p1a: Gholdengo
|-crit|p1a: Gholdengo
|-damage|p1a: Gholdengo|0 fnt
|faint|p1a: Gholdengo
|
|upkeep
|
|t:|1757857132
|switch|p1a: Deoxys|Deoxys-Speed|36/100
|-ability|p1a: Deoxys|Pressure
|turn|10
|
|t:|1757857136
|move|p1a: Deoxys|Ice Beam|p2a: Moltres
|-damage|p2a: Moltres|0 fnt
|faint|p2a: Moltres
|-damage|p1a: Deoxys|26/100|[from] item: Life Orb
|
|upkeep
|
|t:|1757857139
|switch|p2a: Ambipom|Ambipom, F|100/100
|turn|11
|
|t:|1757857142
|switch|p1a: Great Tusk|Great Tusk|100/100
|move|p2a: Ambipom|Fake Out|p1a: Great Tusk
|-damage|p1a: Great Tusk|81/100
|
|upkeep
|turn|12
|
|t:|1757857148
|move|p1a: Great Tusk|Headlong Rush|p2a: Ambipom
|-damage|p2a: Ambipom|0 fnt
|-unboost|p1a: Great Tusk|def|1
|-unboost|p1a: Great Tusk|spd|1
|faint|p2a: Ambipom
|
|upkeep
|
|t:|1757857158
|switch|p2a: Great Tusk|Great Tusk|100/100
|turn|13
|
|t:|1757857175
|move|p1a: Great Tusk|Headlong Rush|p2a: Great Tusk
|-damage|p2a: Great Tusk|63/100
|-unboost|p1a: Great Tusk|def|1
|-unboost|p1a: Great Tusk|spd|1
|move|p2a: Great Tusk|Stealth Rock|p1a: Great Tusk
|-sidestart|p1: Labooble|move: Stealth Rock
|
|-heal|p2a: Great Tusk|69/100|[from] item: Leftovers
|upkeep
|turn|14
|
|t:|1757857182
|-end|p1a: Great Tusk|Protosynthesis|[silent]
|switch|p1a: Ting-Lu|Ting-Lu|100/100
|-damage|p1a: Ting-Lu|94/100|[from] Stealth Rock
|-ability|p1a: Ting-Lu|Vessel of Ruin
|move|p2a: Great Tusk|Headlong Rush|p1a: Ting-Lu
|-damage|p1a: Ting-Lu|61/100
|-unboost|p2a: Great Tusk|def|1
|-unboost|p2a: Great Tusk|spd|1
|
|-heal|p2a: Great Tusk|75/100|[from] item: Leftovers
|upkeep
|turn|15
|
|t:|1757857197
|-end|p2a: Great Tusk|Protosynthesis|[silent]
|switch|p2a: Slowking|Slowking-Galar, M|100/100
|move|p1a: Ting-Lu|Earthquake|p2a: Slowking
|-supereffective|p2a: Slowking
|-damage|p2a: Slowking|0 fnt
|faint|p2a: Slowking
|
|upkeep
|
|t:|1757857200
|switch|p2a: Great Tusk|Great Tusk|75/100
|turn|16
|
|t:|1757857208
|switch|p1a: Great Tusk|Great Tusk|81/100
|-damage|p1a: Great Tusk|78/100|[from] Stealth Rock
|move|p2a: Great Tusk|Ice Spinner|p1a: Great Tusk
|-supereffective|p1a: Great Tusk
|-damage|p1a: Great Tusk|44/100
|
|-heal|p2a: Great Tusk|82/100|[from] item: Leftovers
|upkeep
|turn|17
|
|t:|1757857215
|-terastallize|p2a: Great Tusk|Water
|move|p1a: Great Tusk|Ice Spinner|p2a: Great Tusk
|-resisted|p2a: Great Tusk
|-damage|p2a: Great Tusk|73/100
|move|p2a: Great Tusk|Ice Spinner|p1a: Great Tusk
|-supereffective|p1a: Great Tusk
|-damage|p1a: Great Tusk|13/100
|
|-heal|p2a: Great Tusk|79/100|[from] item: Leftovers
|upkeep
|turn|18
|
|t:|1757857221
|move|p1a: Great Tusk|Ice Spinner|p2a: Great Tusk
|-resisted|p2a: Great Tusk
|-crit|p2a: Great Tusk
|-damage|p2a: Great Tusk|67/100
|move|p2a: Great Tusk|Ice Spinner|p1a: Great Tusk
|-supereffective|p1a: Great Tusk
|-damage|p1a: Great Tusk|0 fnt
|faint|p1a: Great Tusk
|-end|p1a: Great Tusk|Protosynthesis|[silent]
|
|-heal|p2a: Great Tusk|73/100|[from] item: Leftovers
|upkeep
|
|t:|1757857224
|switch|p1a: Deoxys|Deoxys-Speed|26/100
|-damage|p1a: Deoxys|13/100|[from] Stealth Rock
|-ability|p1a: Deoxys|Pressure
|turn|19
|
|t:|1757857230
|-end|p2a: Great Tusk|Protosynthesis|[silent]
|switch|p2a: Raging Bolt|Raging Bolt|100/100
|move|p1a: Deoxys|Psycho Boost|p2a: Raging Bolt
|-damage|p2a: Raging Bolt|28/100
|-unboost|p1a: Deoxys|spa|2
|-damage|p1a: Deoxys|3/100|[from] item: Life Orb
|
|upkeep
|turn|20
|
|t:|1757857234
|move|p2a: Raging Bolt|Thunderclap||[still]
|-fail|p2a: Raging Bolt
|move|p1a: Deoxys|Stealth Rock|p2a: Raging Bolt
|-sidestart|p2: Isrim|move: Stealth Rock
|
|upkeep
|turn|21
|
|t:|1757857238
|move|p2a: Raging Bolt|Thunderclap|p1a: Deoxys
|-damage|p1a: Deoxys|0 fnt
|faint|p1a: Deoxys
|
|upkeep
|
|t:|1757857241
|switch|p1a: Ting-Lu|Ting-Lu|61/100
|-damage|p1a: Ting-Lu|55/100|[from] Stealth Rock
|-ability|p1a: Ting-Lu|Vessel of Ruin
|turn|22
|
|t:|1757857244
|-end|p2a: Raging Bolt|Protosynthesis|[silent]
|switch|p2a: Great Tusk|Great Tusk, tera:Water|73/100
|-damage|p2a: Great Tusk|60/100|[from] Stealth Rock
|move|p1a: Ting-Lu|Earthquake|p2a: Great Tusk
|-damage|p2a: Great Tusk|30/100
|
|-heal|p2a: Great Tusk|36/100|[from] item: Leftovers
|upkeep
|turn|23
|
|t:|1757857247
|move|p2a: Great Tusk|Ice Spinner|p1a: Ting-Lu
|-supereffective|p1a: Ting-Lu
|-damage|p1a: Ting-Lu|24/100
|move|p1a: Ting-Lu|Earthquake|p2a: Great Tusk
|-damage|p2a: Great Tusk|7/100
|
|-heal|p2a: Great Tusk|13/100|[from] item: Leftovers
|upkeep
|turn|24
|
|t:|1757857251
|move|p2a: Great Tusk|Ice Spinner|p1a: Ting-Lu
|-supereffective|p1a: Ting-Lu
|-damage|p1a: Ting-Lu|0 fnt
|faint|p1a: Ting-Lu
|
|-heal|p2a: Great Tusk|19/100|[from] item: Leftovers
|upkeep
|
|t:|1757857254
|switch|p1a: Kingambit|Kingambit, F|100/100
|-damage|p1a: Kingambit|94/100|[from] Stealth Rock
|-activate|p1a: Kingambit|ability: Supreme Overlord
|-start|p1a: Kingambit|fallen5|[silent]
|turn|25
|
|t:|1757857261
|move|p1a: Kingambit|Sucker Punch|p2a: Great Tusk
|-damage|p2a: Great Tusk|0 fnt
|faint|p2a: Great Tusk
|-end|p2a: Great Tusk|Protosynthesis|[silent]
|
|upkeep
|
|t:|1757857262
|switch|p2a: Raging Bolt|Raging Bolt|28/100
|-damage|p2a: Raging Bolt|16/100|[from] Stealth Rock
|turn|26
|
|t:|1757857265
|move|p2a: Raging Bolt|Thunderclap|p1a: Kingambit
|-damage|p1a: Kingambit|36/100
|move|p1a: Kingambit|Kowtow Cleave|p2a: Raging Bolt
|-damage|p2a: Raging Bolt|0 fnt
|faint|p2a: Raging Bolt
|-end|p2a: Raging Bolt|Protosynthesis|[silent]
|
|win|Labooble
|raw|Labooble's rating: 1499 &rarr; <strong>1520</strong><br />(+21 for winning)
|raw|Isrim's rating: 1521 &rarr; <strong>1500</strong><br />(-21 for losing)
|l|☆Labooble
|player|p1|
|c|☆Isrim|gg
|l|☆Isrim
|player|p2|
|l| upuntil
