|j|☆literallyntd
|j|☆manjaloid
|t:|1757839887
|gametype|singles
|player|p1|literallyntd|shadowtriad|1573
|player|p2|manjaloid|chuck|1527
|gen|9
|tier|[Gen 9] OU
|rated|
|rule|HP Percentage Mod: HP is shown in percentages
|rule|Endless Battle Clause: Forcing endless battles is banned
|rule|Species Clause: Limit one of each Pokémon
|rule|OHKO Clause: OHKO moves are banned
|rule|Evasion Items Clause: Evasion items are banned
|rule|Evasion Moves Clause: Evasion moves are banned
|rule|Evasion Abilities Clause: Evasion abilities are banned
|rule|Sleep Moves Clause: Sleep-inducing moves are banned
|clearpoke
|poke|p1|Iron Boulder|
|poke|p1|Slowking-Galar, M|
|poke|p1|Meowscarada, M|
|poke|p1|Corviknight, F|
|poke|p1|Great Tusk|
|poke|p1|Dragonite, M|
|poke|p2|Dragalge, M|
|poke|p2|Alomomola, F|
|poke|p2|Weavile, F|
|poke|p2|Great Tusk|
|poke|p2|Iron Crown|
|poke|p2|Dragonite, F|
|teampreview
|inactive|Battle timer is ON: inactive players will automatically lose when time's up. (requested by manjaloid)
|
|t:|1757839898
|teamsize|p1|6
|teamsize|p2|6
|start
|switch|p1a: Meowscarada|Meowscarada, M|100/100
|switch|p2a: Dragalge|Dragalge, M|100/100
|turn|1
|
|t:|1757839913
|switch|p2a: Alomomola|Alomomola, F|100/100
|move|p1a: Meowscarada|U-turn|p2a: Alomomola
|-start|p1a: Meowscarada|typechange|Bug|[from] ability: Protean
|-damage|p2a: Alomomola|79/100
|
|t:|1757839916
|switch|p1a: Slowking|Slowking-Galar, M|100/100|[from] U-turn
|
|upkeep
|turn|2
|
|t:|1757839920
|move|p2a: Alomomola|Flip Turn|p1a: Slowking
|-damage|p1a: Slowking|83/100
|
|t:|1757839922
|switch|p2a: Dragalge|Dragalge, M|100/100|[from] Flip Turn
|move|p1a: Slowking|Future Sight|p2a: Dragalge
|-start|p1a: Slowking|move: Future Sight
|
|upkeep
|turn|3
|
|t:|1757839925
|move|p2a: Dragalge|Toxic Spikes|p1a: Slowking
|-sidestart|p1: literallyntd|move: Toxic Spikes
|-prepare|p1a: Slowking|Chilly Reception|[premajor]
|move|p1a: Slowking|Chilly Reception|p1a: Slowking
|-weather|Snowscape
|
|t:|1757839929
|switch|p1a: Corviknight|Corviknight, F|100/100|[from] Chilly Reception
|-ability|p1a: Corviknight|Pressure
|
|-weather|Snowscape|[upkeep]
|upkeep
|turn|4
|
|t:|1757839934
|move|p1a: Corviknight|Body Press|p2a: Dragalge
|-resisted|p2a: Dragalge
|-damage|p2a: Dragalge|89/100
|move|p2a: Dragalge|Flip Turn|p1a: Corviknight
|-damage|p1a: Corviknight|94/100
|-damage|p2a: Dragalge|73/100|[from] item: Rocky Helmet|[of] p1a: Corviknight
|
|t:|1757839940
|switch|p2a: Iron Crown|Iron Crown|100/100|[from] Flip Turn
|
|-weather|Snowscape|[upkeep]
|-end|p2a: Iron Crown|move: Future Sight
|-resisted|p2a: Iron Crown
|-damage|p2a: Iron Crown|93/100
|upkeep
|turn|5
|
|t:|1757839943
|switch|p1a: Slowking|Slowking-Galar, M|100/100
|-sideend|p1: literallyntd|move: Toxic Spikes|[of] p1a: Slowking
|move|p2a: Iron Crown|Volt Switch|p1a: Slowking
|-damage|p1a: Slowking|88/100
|
|t:|1757839948
|-end|p2a: Iron Crown|Quark Drive|[silent]
|switch|p2a: Weavile|Weavile, F|100/100|[from] Volt Switch
|-ability|p2a: Weavile|Pressure
|
|-weather|Snowscape|[upkeep]
|upkeep
|turn|6
|
|t:|1757839953
|switch|p1a: Corviknight|Corviknight, F|94/100
|-ability|p1a: Corviknight|Pressure
|move|p2a: Weavile|Knock Off|p1a: Corviknight
|-damage|p1a: Corviknight|52/100
|-damage|p2a: Weavile|84/100|[from] item: Rocky Helmet|[of] p1a: Corviknight
|-enditem|p1a: Corviknight|Rocky Helmet|[from] move: Knock Off|[of] p2a: Weavile
|
|-weather|Snowscape|[upkeep]
|upkeep
|turn|7
|
|t:|1757839960
|switch|p2a: Dragalge|Dragalge, M|73/100
|move|p1a: Corviknight|Roost|p1a: Corviknight
|-heal|p1a: Corviknight|100/100
|-singleturn|p1a: Corviknight|move: Roost
|
|-weather|none
|upkeep
|turn|8
|
|t:|1757839966
|switch|p1a: Slowking|Slowking-Galar, M|100/100
|move|p2a: Dragalge|Scald|p1a: Slowking
|-damage|p1a: Slowking|90/100
|
|upkeep
|turn|9
|
|t:|1757839969
|move|p2a: Dragalge|Scald|p1a: Slowking
|-damage|p1a: Slowking|80/100
|move|p1a: Slowking|Future Sight|p2a: Dragalge
|-start|p1a: Slowking|move: Future Sight
|
|upkeep
|turn|10
|
|t:|1757839973
|move|p2a: Dragalge|Scald|p1a: Slowking
|-damage|p1a: Slowking|68/100
|-prepare|p1a: Slowking|Chilly Reception|[premajor]
|move|p1a: Slowking|Chilly Reception|p1a: Slowking
|-weather|Snowscape
|
|t:|1757839997
|switch|p1a: Iron Boulder|Iron Boulder|100/100|[from] Chilly Reception
|
|-weather|Snowscape|[upkeep]
|upkeep
|turn|11
|
|t:|1757840010
|move|p1a: Iron Boulder|Zen Headbutt|p2a: Dragalge
|-supereffective|p2a: Dragalge
|-crit|p2a: Dragalge
|-damage|p2a: Dragalge|0 fnt
|faint|p2a: Dragalge
|
|-weather|Snowscape|[upkeep]
|-hint|Future Sight did not hit because the target is fainted.
|upkeep
|-message|manjaloid forfeited.
|
|win|literallyntd
|raw|literallyntd's rating: 1573 &rarr; <strong>1590</strong><br />(+17 for winning)
|raw|manjaloid's rating: 1527 &rarr; <strong>1510</strong><br />(-17 for losing)
|l|☆manjaloid
|player|p2|
|l|☆literallyntd
|player|p1|
