|j|☆kamo555
|j|☆Beauty Nova
|t:|1757829627
|gametype|singles
|player|p1|kamo555|dawn|1115
|player|p2|Beauty Nova|beauty-gen6xy|1088
|gen|9
|tier|[Gen 9] OU
|rated|
|rule|HP Percentage Mod: HP is shown in percentages
|rule|Endless Battle Clause: Forcing endless battles is banned
|rule|Species Clause: Limit one of each Pokémon
|rule|OHKO Clause: OHKO moves are banned
|rule|Evasion Items Clause: Evasion items are banned
|rule|Evasion Moves Clause: Evasion moves are banned
|rule|Evasion Abilities Clause: Evasion abilities are banned
|rule|Sleep Moves Clause: Sleep-inducing moves are banned
|clearpoke
|poke|p1|Pelipper, M|
|poke|p1|Heracross, M|
|poke|p1|Serperior, F|
|poke|p1|Walking Wake|
|poke|p1|Forretress, F|
|poke|p1|Heatran, M|
|poke|p2|Indeedee, M|
|poke|p2|Hatterene, F|
|poke|p2|Ursaluna, F|
|poke|p2|Mimikyu, F|
|poke|p2|Hoopa-Unbound|
|poke|p2|Iron Hands|
|teampreview
|
|t:|1757829637
|teamsize|p1|6
|teamsize|p2|6
|start
|switch|p1a: Pelipper|Pelipper, M|100/100
|switch|p2a: Iron Hands|Iron Hands|100/100
|-weather|RainDance|[from] ability: Drizzle|[of] p1a: Pelipper
|-enditem|p2a: Iron Hands|Booster Energy
|-activate|p2a: Iron Hands|ability: Quark Drive|[fromitem]
|-start|p2a: Iron Hands|quarkdriveatk
|turn|1
|
|t:|1757829651
|-terastallize|p1a: Pelipper|Ground
|move|p1a: Pelipper|Hurricane|p2a: Iron Hands
|-damage|p2a: Iron Hands|64/100
|-start|p2a: Iron Hands|confusion
|-activate|p2a: Iron Hands|confusion
|-damage|p2a: Iron Hands|53/100|[from] confusion
|
|-weather|RainDance|[upkeep]
|upkeep
|turn|2
|
|t:|1757829662
|move|p1a: Pelipper|Hurricane|p2a: Iron Hands
|-damage|p2a: Iron Hands|16/100
|-activate|p2a: Iron Hands|confusion
|move|p2a: Iron Hands|Ice Punch|p1a: Pelipper
|-supereffective|p1a: Pelipper
|-damage|p1a: Pelipper|17/100
|
|-weather|RainDance|[upkeep]
|upkeep
|turn|3
|
|t:|1757829673
|move|p1a: Pelipper|Hurricane|p2a: Iron Hands
|-damage|p2a: Iron Hands|0 fnt
|faint|p2a: Iron Hands
|-end|p2a: Iron Hands|Quark Drive|[silent]
|
|-weather|RainDance|[upkeep]
|upkeep
|
|t:|1757829682
|switch|p2a: Mimikyu|Mimikyu, F, shiny|100/100
|turn|4
|
|t:|1757829695
|switch|p1a: Heatran|Heatran, M|100/100
|move|p2a: Mimikyu|Trick Room|p2a: Mimikyu
|-fieldstart|move: Trick Room|[of] p2a: Mimikyu
|
|-weather|RainDance|[upkeep]
|upkeep
|turn|5
|
|t:|1757829706
|move|p1a: Heatran|Earth Power|p2a: Mimikyu
|-activate|p2a: Mimikyu|ability: Disguise
|-damage|p2a: Mimikyu|100/100
|detailschange|p2a: Mimikyu|Mimikyu-Busted, F, shiny
|-damage|p2a: Mimikyu|88/100|[from] pokemon: Mimikyu-Busted
|-enditem|p2a: Mimikyu|Red Card|[of] p1a: Heatran
|drag|p1a: Pelipper|Pelipper, M, tera:Ground|17/100
|move|p2a: Mimikyu|Curse|p1a: Pelipper
|-start|p1a: Pelipper|Curse|[of] p2a: Mimikyu
|-damage|p2a: Mimikyu|38/100
|
|-weather|RainDance|[upkeep]
|-damage|p1a: Pelipper|0 fnt|[from] Curse
|faint|p1a: Pelipper
|upkeep
|
|t:|1757829722
|switch|p1a: Forretress|Forretress, F|100/100
|turn|6
|
|t:|1757829727
|move|p1a: Forretress|Ice Spinner|p2a: Mimikyu
|-damage|p2a: Mimikyu|20/100
|move|p2a: Mimikyu|Destiny Bond|p2a: Mimikyu
|-singlemove|p2a: Mimikyu|Destiny Bond
|
|-weather|RainDance|[upkeep]
|upkeep
|turn|7
|
|t:|1757829755
|move|p1a: Forretress|Toxic Spikes|p2a: Mimikyu
|-sidestart|p2: Beauty Nova|move: Toxic Spikes
|move|p2a: Mimikyu|Trick Room|p2a: Mimikyu
|-fieldend|move: Trick Room
|
|-weather|RainDance|[upkeep]
|upkeep
|turn|8
|
|t:|1757829763
|move|p1a: Forretress|Spikes|p2a: Mimikyu
|-sidestart|p2: Beauty Nova|Spikes
|move|p2a: Mimikyu|Trick Room|p2a: Mimikyu
|-fieldstart|move: Trick Room|[of] p2a: Mimikyu
|
|-weather|none
|upkeep
|turn|9
|
|t:|1757829769
|move|p1a: Forretress|Toxic Spikes|p2a: Mimikyu
|-sidestart|p2: Beauty Nova|move: Toxic Spikes
|move|p2a: Mimikyu|Curse|p1a: Forretress
|-start|p1a: Forretress|Curse|[of] p2a: Mimikyu
|-damage|p2a: Mimikyu|0 fnt
|faint|p2a: Mimikyu
|
|-damage|p1a: Forretress|76/100|[from] Curse
|upkeep
|
|t:|1757829775
|switch|p2a: Ursaluna|Ursaluna, F, shiny|100/100
|-status|p2a: Ursaluna|tox
|-damage|p2a: Ursaluna|88/100 tox|[from] Spikes
|turn|10
|
|t:|1757829787
|move|p1a: Forretress|Ice Spinner|p2a: Ursaluna
|-supereffective|p2a: Ursaluna
|-damage|p2a: Ursaluna|58/100 tox
|move|p2a: Ursaluna|Headlong Rush|p1a: Forretress
|-damage|p1a: Forretress|8/100
|-unboost|p2a: Ursaluna|def|1
|-unboost|p2a: Ursaluna|spd|1
|
|-heal|p1a: Forretress|14/100|[from] item: Leftovers
|-damage|p2a: Ursaluna|52/100 tox|[from] psn
|-damage|p1a: Forretress|0 fnt|[from] Curse
|faint|p1a: Forretress
|upkeep
|
|t:|1757829817
|switch|p1a: Heracross|Heracross, M|100/100
|turn|11
|
|t:|1757829823
|move|p2a: Ursaluna|Facade|p1a: Heracross
|-damage|p1a: Heracross|0 fnt
|faint|p1a: Heracross
|
|-damage|p2a: Ursaluna|40/100 tox|[from] psn
|upkeep
|
|t:|1757829830
|switch|p1a: Heatran|Heatran, M|100/100
|turn|12
|
|t:|1757829837
|move|p2a: Ursaluna|Headlong Rush|p1a: Heatran
|-supereffective|p1a: Heatran
|-damage|p1a: Heatran|0 fnt
|-unboost|p2a: Ursaluna|def|1
|-unboost|p2a: Ursaluna|spd|1
|faint|p1a: Heatran
|
|-damage|p2a: Ursaluna|22/100 tox|[from] psn
|-fieldend|move: Trick Room
|upkeep
|
|t:|1757829847
|switch|p1a: Serperior|Serperior, F|100/100
|turn|13
|
|t:|1757829865
|move|p1a: Serperior|Leaf Storm|p2a: Ursaluna
|-supereffective|p2a: Ursaluna
|-damage|p2a: Ursaluna|0 fnt
|-boost|p1a: Serperior|spa|2
|faint|p2a: Ursaluna
|
|upkeep
|
|t:|1757829872
|switch|p2a: Indeedee|Indeedee, M, shiny|100/100
|-status|p2a: Indeedee|tox
|-damage|p2a: Indeedee|88/100 tox|[from] Spikes
|-fieldstart|move: Psychic Terrain|[from] ability: Psychic Surge|[of] p2a: Indeedee
|turn|14
|
|t:|1757829879
|move|p1a: Serperior|Leaf Storm|p2a: Indeedee
|-damage|p2a: Indeedee|0 fnt
|-boost|p1a: Serperior|spa|2
|faint|p2a: Indeedee
|
|upkeep
|
|t:|1757829885
|switch|p2a: Hatterene|Hatterene, F, shiny|100/100
|-status|p2a: Hatterene|tox
|-damage|p2a: Hatterene|88/100 tox|[from] Spikes
|turn|15
|
|t:|1757829893
|move|p1a: Serperior|Leaf Storm|p2a: Hatterene
|-damage|p2a: Hatterene|0 fnt
|-boost|p1a: Serperior|spa|2
|faint|p2a: Hatterene
|
|upkeep
|
|t:|1757829896
|switch|p2a: Hoopa|Hoopa-Unbound|100/100
|-status|p2a: Hoopa|tox
|-damage|p2a: Hoopa|88/100 tox|[from] Spikes
|-enditem|p2a: Hoopa|Psychic Seed
|-boost|p2a: Hoopa|spd|1|[from] item: Psychic Seed
|turn|16
|
|t:|1757829905
|-terastallize|p2a: Hoopa|Psychic
|move|p1a: Serperior|Dragon Pulse|p2a: Hoopa
|-damage|p2a: Hoopa|47/100 tox
|move|p2a: Hoopa|Trick Room|p2a: Hoopa
|-fieldstart|move: Trick Room|[of] p2a: Hoopa
|
|-damage|p2a: Hoopa|41/100 tox|[from] psn
|upkeep
|turn|17
|
|t:|1757829915
|move|p2a: Hoopa|Expanding Force|p1a: Serperior
|-enditem|p1a: Serperior|Focus Sash
|-damage|p1a: Serperior|1/100
|move|p1a: Serperior|Dragon Pulse|p2a: Hoopa
|-damage|p2a: Hoopa|0 fnt
|faint|p2a: Hoopa
|
|win|kamo555
|raw|kamo555's rating: 1115 &rarr; <strong>1138</strong><br />(+23 for winning)
|raw|Beauty Nova's rating: 1088 &rarr; <strong>1067</strong><br />(-21 for losing)
|l|☆kamo555
|player|p1|
|l|☆Beauty Nova
|player|p2|
