|j|☆Team BBIO 38
|j|☆16xaya
|t:|1757791329
|gametype|singles
|player|p1|Team BBIO 38|dragontamer|1372
|player|p2|16xaya|170|1394
|gen|9
|tier|[Gen 9] OU
|rated|
|rule|HP Percentage Mod: HP is shown in percentages
|rule|Endless Battle Clause: Forcing endless battles is banned
|rule|Species Clause: Limit one of each Pokémon
|rule|OHKO Clause: OHKO moves are banned
|rule|Evasion Items Clause: Evasion items are banned
|rule|Evasion Moves Clause: Evasion moves are banned
|rule|Evasion Abilities Clause: Evasion abilities are banned
|rule|Sleep Moves Clause: Sleep-inducing moves are banned
|clearpoke
|poke|p1|Dusclops, M|
|poke|p1|Blissey, F|
|poke|p1|Flamigo, M|
|poke|p1|Darkrai|
|poke|p1|Polteageist|
|poke|p1|Komala, M|
|poke|p2|Ceruledge, F|
|poke|p2|Raging Bolt|
|poke|p2|Latias, F|
|poke|p2|Kyurem|
|poke|p2|Ninetales-Alola, F|
|poke|p2|Iron Moth|
|teampreview
|inactive|Battle timer is ON: inactive players will automatically lose when time's up. (requested by Team BBIO 38)
|
|t:|1757791339
|teamsize|p1|6
|teamsize|p2|6
|start
|switch|p1a: Blissey|Blissey, F|100/100
|switch|p2a: snow bunny|Ninetales-Alola, F|100/100
|-weather|Snowscape|[from] ability: Snow Warning|[of] p2a: snow bunny
|turn|1
|
|t:|1757791346
|move|p2a: snow bunny|Aurora Veil|p2a: snow bunny
|-sidestart|p2: 16xaya|move: Aurora Veil
|move|p1a: Blissey|Seismic Toss|p2a: snow bunny
|-damage|p2a: snow bunny|66/100
|
|-weather|Snowscape|[upkeep]
|upkeep
|turn|2
|
|t:|1757791351
|switch|p2a: bury the light|Ceruledge, F|100/100
|move|p1a: Blissey|Thunder Wave|p2a: bury the light
|-status|p2a: bury the light|par
|
|-weather|Snowscape|[upkeep]
|upkeep
|turn|3
|
|t:|1757791361
|switch|p1a: Darkrai|Darkrai|100/100
|cant|p2a: bury the light|par
|
|-weather|Snowscape|[upkeep]
|upkeep
|turn|4
|
|t:|1757791375
|move|p1a: Darkrai|Dark Pulse|p2a: bury the light
|-supereffective|p2a: bury the light
|-damage|p2a: bury the light|28/100 par
|move|p2a: bury the light|Bitter Blade|p1a: Darkrai
|-damage|p1a: Darkrai|39/100
|-heal|p2a: bury the light|58/100 par|[from] drain|[of] p1a: Darkrai
|
|-weather|Snowscape|[upkeep]
|upkeep
|turn|5
|
|t:|1757791383
|move|p1a: Darkrai|Dark Pulse|p2a: bury the light
|-supereffective|p2a: bury the light
|-damage|p2a: bury the light|0 fnt
|faint|p2a: bury the light
|
|-weather|none
|upkeep
|
|t:|1757791388
|switch|p2a: rng my ahh|Kyurem|100/100
|-ability|p2a: rng my ahh|Pressure
|turn|6
|
|t:|1757791393
|switch|p1a: Blissey|Blissey, F|100/100
|move|p2a: rng my ahh|Dragon Dance|p2a: rng my ahh
|-boost|p2a: rng my ahh|atk|1
|-boost|p2a: rng my ahh|spe|1
|
|upkeep
|turn|7
|
|t:|1757791400
|move|p2a: rng my ahh|Icicle Spear|p1a: Blissey
|-damage|p1a: Blissey|82/100
|-damage|p1a: Blissey|62/100
|-damage|p1a: Blissey|45/100
|-damage|p1a: Blissey|26/100
|-hitcount|p1a: Blissey|4
|move|p1a: Blissey|Thunder Wave|p2a: rng my ahh
|-status|p2a: rng my ahh|par
|
|-heal|p1a: Blissey|32/100|[from] item: Leftovers
|upkeep
|turn|8
|
|t:|1757791411
|switch|p1a: Dusclops|Dusclops, M|100/100
|-item|p2a: rng my ahh|Loaded Dice|[from] ability: Frisk|[of] p1a: Dusclops
|cant|p2a: rng my ahh|par
|
|-sideend|p2: 16xaya|move: Aurora Veil
|upkeep
|turn|9
|
|t:|1757791420
|switch|p2a: snow bunny|Ninetales-Alola, F|66/100
|-weather|Snowscape|[from] ability: Snow Warning|[of] p2a: snow bunny
|move|p1a: Dusclops|Haze|p1a: Dusclops
|-clearallboost
|
|-weather|Snowscape|[upkeep]
|upkeep
|turn|10
|
|t:|1757791429
|move|p2a: snow bunny|Aurora Veil|p2a: snow bunny
|-sidestart|p2: 16xaya|move: Aurora Veil
|move|p1a: Dusclops|Night Shade|p2a: snow bunny
|-damage|p2a: snow bunny|31/100
|
|-weather|Snowscape|[upkeep]
|upkeep
|turn|11
|
|t:|1757791434
|move|p2a: snow bunny|Encore|p1a: Dusclops
|-start|p1a: Dusclops|Encore
|move|p1a: Dusclops|Night Shade|p2a: snow bunny
|-damage|p2a: snow bunny|0 fnt
|faint|p2a: snow bunny
|
|-weather|Snowscape|[upkeep]
|upkeep
|
|t:|1757791444
|switch|p2a: realpsyspam|Latias, F|100/100
|turn|12
|
|t:|1757791448
|switch|p1a: Blissey|Blissey, F|32/100
|-terastallize|p2a: realpsyspam|Steel
|move|p2a: realpsyspam|Agility|p2a: realpsyspam
|-boost|p2a: realpsyspam|spe|2
|
|-weather|Snowscape|[upkeep]
|-heal|p1a: Blissey|38/100|[from] item: Leftovers
|upkeep
|turn|13
|
|t:|1757791456
|move|p2a: realpsyspam|Aura Sphere|p1a: Blissey
|-supereffective|p1a: Blissey
|-damage|p1a: Blissey|19/100
|move|p1a: Blissey|Soft-Boiled|p1a: Blissey
|-heal|p1a: Blissey|69/100
|
|-weather|none
|-heal|p1a: Blissey|75/100|[from] item: Leftovers
|upkeep
|turn|14
|
|t:|1757791464
|switch|p2a: rng my ahh|Kyurem|100/100 par
|-ability|p2a: rng my ahh|Pressure
|move|p1a: Blissey|Thunder Wave|p2a: rng my ahh
|-fail|p2a: rng my ahh|par
|
|-heal|p1a: Blissey|81/100|[from] item: Leftovers
|upkeep
|turn|15
|
|t:|1757791472
|move|p1a: Blissey|Seismic Toss|p2a: rng my ahh
|-damage|p2a: rng my ahh|75/100 par
|cant|p2a: rng my ahh|par
|
|-heal|p1a: Blissey|87/100|[from] item: Leftovers
|upkeep
|turn|16
|
|t:|1757791477
|move|p1a: Blissey|Seismic Toss|p2a: rng my ahh
|-damage|p2a: rng my ahh|49/100 par
|cant|p2a: rng my ahh|par
|
|-heal|p1a: Blissey|94/100|[from] item: Leftovers
|upkeep
|turn|17
|
|t:|1757791485
|move|p1a: Blissey|Seismic Toss|p2a: rng my ahh
|-damage|p2a: rng my ahh|24/100 par
|cant|p2a: rng my ahh|par
|
|-heal|p1a: Blissey|99/100|[from] item: Leftovers
|-sideend|p2: 16xaya|move: Aurora Veil
|upkeep
|turn|18
|-message|16xaya forfeited.
|
|win|Team BBIO 38
|raw|Team BBIO 38's rating: 1372 &rarr; <strong>1393</strong><br />(+21 for winning)
|raw|16xaya's rating: 1394 &rarr; <strong>1373</strong><br />(-21 for losing)
|l|☆16xaya
|player|p2|
|l|☆Team BBIO 38
|player|p1|
