|j|☆henry151th
|j|☆KnockOffx2
|t:|1757869703
|gametype|singles
|player|p1|henry151th|wallace|1542
|player|p2|KnockOffx2|burglar|1543
|gen|9
|tier|[Gen 9] OU
|rated|
|rule|HP Percentage Mod: HP is shown in percentages
|rule|Endless Battle Clause: Forcing endless battles is banned
|rule|Species Clause: Limit one of each Pokémon
|rule|OHKO Clause: OHKO moves are banned
|rule|Evasion Items Clause: Evasion items are banned
|rule|Evasion Moves Clause: Evasion moves are banned
|rule|Evasion Abilities Clause: Evasion abilities are banned
|rule|Sleep Moves Clause: Sleep-inducing moves are banned
|clearpoke
|poke|p1|Dragapult, M|
|poke|p1|Glimmora, M|
|poke|p1|Comfey, M|
|poke|p1|Kingambit, M|
|poke|p1|Ogerpon-Wellspring, F|
|poke|p1|Blaziken, M|
|poke|p2|Great Tusk|
|poke|p2|Slowking-Galar, M|
|poke|p2|Zapdos|
|poke|p2|Cinderace, F|
|poke|p2|Crawdaunt, F|
|poke|p2|Dragapult, M|
|teampreview
|
|t:|1757869718
|teamsize|p1|6
|teamsize|p2|6
|start
|switch|p1a: Dragapult|Dragapult, M, shiny|100/100
|switch|p2a: Slowking|Slowking-Galar, M|100/100
|turn|1
|
|t:|1757869724
|move|p1a: Dragapult|Shadow Ball|p2a: Slowking
|-supereffective|p2a: Slowking
|-damage|p2a: Slowking|62/100
|-damage|p1a: Dragapult|91/100|[from] item: Life Orb
|move|p2a: Slowking|Ice Beam|p1a: Dragapult
|-supereffective|p1a: Dragapult
|-damage|p1a: Dragapult|0 fnt
|faint|p1a: Dragapult
|
|upkeep
|
|t:|1757869733
|switch|p1a: Blaziken|Blaziken, M, shiny|100/100
|turn|2
|
|t:|1757869737
|switch|p2a: Zapdos|Zapdos|100/100
|move|p1a: Blaziken|Flare Blitz|p2a: Zapdos
|-damage|p2a: Zapdos|38/100
|-status|p1a: Blaziken|par|[from] ability: Static|[of] p2a: Zapdos
|-damage|p1a: Blaziken|74/100 par|[from] Recoil
|-damage|p1a: Blaziken|64/100 par|[from] item: Life Orb
|
|-ability|p1a: Blaziken|Speed Boost|boost
|-boost|p1a: Blaziken|spe|1
|upkeep
|turn|3
|
|t:|1757869748
|move|p2a: Zapdos|Roost|p2a: Zapdos
|-heal|p2a: Zapdos|88/100
|-singleturn|p2a: Zapdos|move: Roost
|cant|p1a: Blaziken|par
|
|-ability|p1a: Blaziken|Speed Boost|boost
|-boost|p1a: Blaziken|spe|1
|upkeep
|turn|4
|
|t:|1757869755
|move|p1a: Blaziken|Flare Blitz|p2a: Zapdos
|-damage|p2a: Zapdos|31/100
|-damage|p1a: Blaziken|40/100 par|[from] Recoil
|-damage|p1a: Blaziken|30/100 par|[from] item: Life Orb
|move|p2a: Zapdos|Hurricane|p1a: Blaziken|[miss]
|-miss|p2a: Zapdos|p1a: Blaziken
|
|-ability|p1a: Blaziken|Speed Boost|boost
|-boost|p1a: Blaziken|spe|1
|upkeep
|turn|5
|
|t:|1757869760
|cant|p1a: Blaziken|par
|move|p2a: Zapdos|Roost|p2a: Zapdos
|-heal|p2a: Zapdos|81/100
|-singleturn|p2a: Zapdos|move: Roost
|
|-ability|p1a: Blaziken|Speed Boost|boost
|-boost|p1a: Blaziken|spe|1
|upkeep
|turn|6
|
|t:|1757869767
|move|p1a: Blaziken|Flare Blitz|p2a: Zapdos
|-damage|p2a: Zapdos|17/100
|-damage|p1a: Blaziken|3/100 par|[from] Recoil
|-damage|p1a: Blaziken|0 fnt|[from] item: Life Orb
|faint|p1a: Blaziken
|move|p2a: Zapdos|Volt Switch|p1: Blaziken|[notarget]
|-fail|p2a: Zapdos
|
|upkeep
|
|t:|1757869770
|switch|p1a: Ogerpon|Ogerpon-Wellspring, F|100/100
|turn|7
|
|t:|1757869779
|move|p1a: Ogerpon|Ivy Cudgel|p2a: Zapdos|[anim] Ivy Cudgel Water
|-damage|p2a: Zapdos|0 fnt
|faint|p2a: Zapdos
|
|upkeep
|
|t:|1757869782
|switch|p2a: Cinderace|Cinderace, F|100/100
|turn|8
|
|t:|1757869788
|switch|p1a: Glimmora|Glimmora, M, shiny|100/100
|move|p2a: Cinderace|U-turn|p1a: Glimmora
|-start|p2a: Cinderace|typechange|Bug|[from] ability: Libero
|-resisted|p1a: Glimmora
|-damage|p1a: Glimmora|88/100
|-activate|p1a: Glimmora|ability: Toxic Debris
|-sidestart|p2: KnockOffx2|move: Toxic Spikes
|-enditem|p1a: Glimmora|Red Card|[of] p2a: Cinderace
|drag|p2a: Crawdaunt|Crawdaunt, F|100/100
|-status|p2a: Crawdaunt|psn
|
|-damage|p2a: Crawdaunt|88/100 psn|[from] psn
|upkeep
|turn|9
|
|t:|1757869795
|switch|p1a: Ogerpon|Ogerpon-Wellspring, F|100/100
|move|p2a: Crawdaunt|Aqua Jet|p1a: Ogerpon
|-immune|p1a: Ogerpon|[from] ability: Water Absorb
|
|-damage|p2a: Crawdaunt|76/100 psn|[from] psn
|upkeep
|turn|10
|
|t:|1757869806
|switch|p2a: Dragapult|Dragapult, M|100/100
|-status|p2a: Dragapult|psn
|move|p1a: Ogerpon|Ivy Cudgel|p2a: Dragapult|[anim] Ivy Cudgel Water
|-resisted|p2a: Dragapult
|-damage|p2a: Dragapult|60/100 psn
|
|-damage|p2a: Dragapult|48/100 psn|[from] psn
|upkeep
|turn|11
|
|t:|1757869819
|switch|p1a: Glimmora|Glimmora, M, shiny|88/100
|move|p2a: Dragapult|Shadow Ball|p1a: Glimmora
|-damage|p1a: Glimmora|41/100
|-unboost|p1a: Glimmora|spd|1
|-damage|p2a: Dragapult|38/100 psn|[from] item: Life Orb
|
|-damage|p2a: Dragapult|26/100 psn|[from] psn
|upkeep
|turn|12
|
|t:|1757869826
|switch|p1a: Ogerpon|Ogerpon-Wellspring, F|100/100
|move|p2a: Dragapult|Shadow Ball|p1a: Ogerpon
|-damage|p1a: Ogerpon|43/100
|-damage|p2a: Dragapult|16/100 psn|[from] item: Life Orb
|
|-damage|p2a: Dragapult|4/100 psn|[from] psn
|upkeep
|turn|13
|
|t:|1757869832
|switch|p1a: Glimmora|Glimmora, M, shiny|41/100
|move|p2a: Dragapult|Fire Blast|p1a: Glimmora
|-resisted|p1a: Glimmora
|-damage|p1a: Glimmora|16/100
|-damage|p2a: Dragapult|0 fnt|[from] item: Life Orb
|faint|p2a: Dragapult
|
|upkeep
|
|t:|1757869848
|switch|p2a: Cinderace|Cinderace, F|100/100
|turn|14
|
|t:|1757869850
|move|p2a: Cinderace|Pyro Ball|p1a: Glimmora
|-resisted|p1a: Glimmora
|-damage|p1a: Glimmora|0 fnt
|-activate|p1a: Glimmora|ability: Toxic Debris
|-sidestart|p2: KnockOffx2|move: Toxic Spikes
|faint|p1a: Glimmora
|
|upkeep
|
|t:|1757869857
|switch|p1a: Ogerpon|Ogerpon-Wellspring, F|43/100
|turn|15
|
|t:|1757869862
|move|p2a: Cinderace|U-turn|p1a: Ogerpon
|-start|p2a: Cinderace|typechange|Bug|[from] ability: Libero
|-supereffective|p1a: Ogerpon
|-damage|p1a: Ogerpon|0 fnt
|faint|p1a: Ogerpon
|
|t:|1757869865
|switch|p2a: Slowking|Slowking-Galar, M|95/100|[from] U-turn
|-sideend|p2: KnockOffx2|move: Toxic Spikes|[of] p2a: Slowking
|
|upkeep
|
|t:|1757869867
|switch|p1a: Kingambit|Kingambit, M, shiny|100/100
|-activate|p1a: Kingambit|ability: Supreme Overlord
|-start|p1a: Kingambit|fallen4|[silent]
|turn|16
|
|t:|1757869872
|switch|p2a: Great Tusk|Great Tusk|100/100
|move|p1a: Kingambit|Swords Dance|p1a: Kingambit
|-boost|p1a: Kingambit|atk|2
|
|upkeep
|turn|17
|
|t:|1757869877
|-terastallize|p1a: Kingambit|Ghost
|move|p2a: Great Tusk|Headlong Rush|p1a: Kingambit
|-damage|p1a: Kingambit|54/100
|-unboost|p2a: Great Tusk|def|1
|-unboost|p2a: Great Tusk|spd|1
|move|p1a: Kingambit|Iron Head|p2a: Great Tusk
|-damage|p2a: Great Tusk|0 fnt
|faint|p2a: Great Tusk
|-end|p2a: Great Tusk|Protosynthesis|[silent]
|
|-heal|p1a: Kingambit|60/100|[from] item: Leftovers
|upkeep
|
|t:|1757869884
|switch|p2a: Crawdaunt|Crawdaunt, F|76/100 psn
|turn|18
|
|t:|1757869888
|move|p2a: Crawdaunt|Knock Off|p1a: Kingambit
|-supereffective|p1a: Kingambit
|-damage|p1a: Kingambit|0 fnt
|-enditem|p1a: Kingambit|Leftovers|[from] move: Knock Off|[of] p2a: Crawdaunt
|faint|p1a: Kingambit
|-end|p1a: Kingambit|fallen4|[silent]
|
|-damage|p2a: Crawdaunt|63/100 psn|[from] psn
|upkeep
|
|t:|1757869890
|switch|p1a: Comfey|Comfey, M, shiny|100/100
|turn|19
|
|t:|1757869895
|move|p1a: Comfey|Calm Mind|p1a: Comfey
|-boost|p1a: Comfey|spa|1
|-boost|p1a: Comfey|spd|1
|move|p2a: Crawdaunt|Knock Off|p1a: Comfey
|-resisted|p1a: Comfey
|-damage|p1a: Comfey|35/100
|-enditem|p1a: Comfey|Life Orb|[from] move: Knock Off|[of] p2a: Crawdaunt
|
|-damage|p2a: Crawdaunt|51/100 psn|[from] psn
|upkeep
|turn|20
|
|t:|1757869901
|move|p1a: Comfey|Draining Kiss|p2a: Crawdaunt
|-supereffective|p2a: Crawdaunt
|-damage|p2a: Crawdaunt|0 fnt
|-heal|p1a: Comfey|68/100|[from] drain|[of] p2a: Crawdaunt
|faint|p2a: Crawdaunt
|
|upkeep
|
|t:|1757869904
|switch|p2a: Slowking|Slowking-Galar, M|100/100
|turn|21
|
|t:|1757869907
|move|p1a: Comfey|Calm Mind|p1a: Comfey
|-boost|p1a: Comfey|spa|1
|-boost|p1a: Comfey|spd|1
|move|p2a: Slowking|Sludge Bomb|p1a: Comfey
|-supereffective|p1a: Comfey
|-damage|p1a: Comfey|28/100
|
|upkeep
|turn|22
|
|t:|1757869914
|move|p1a: Comfey|Calm Mind|p1a: Comfey
|-boost|p1a: Comfey|spa|1
|-boost|p1a: Comfey|spd|1
|move|p2a: Slowking|Sludge Bomb|p1a: Comfey
|-supereffective|p1a: Comfey
|-crit|p1a: Comfey
|-damage|p1a: Comfey|0 fnt
|faint|p1a: Comfey
|
|win|KnockOffx2
|raw|henry151th's rating: 1542 &rarr; <strong>1522</strong><br />(-20 for losing)
|raw|KnockOffx2's rating: 1543 &rarr; <strong>1563</strong><br />(+20 for winning)
|l|☆KnockOffx2
|player|p2|
