|j|☆ykykp
|j|☆riceyyyy
|t:|1757825277
|gametype|singles
|player|p1|ykykp|266|1545
|player|p2|riceyyyy|firebreather|1607
|gen|9
|tier|[Gen 9] OU
|rated|
|rule|HP Percentage Mod: HP is shown in percentages
|rule|Endless Battle Clause: Forcing endless battles is banned
|rule|Species Clause: Limit one of each Pokémon
|rule|OHKO Clause: OHKO moves are banned
|rule|Evasion Items Clause: Evasion items are banned
|rule|Evasion Moves Clause: Evasion moves are banned
|rule|Evasion Abilities Clause: Evasion abilities are banned
|rule|Sleep Moves Clause: Sleep-inducing moves are banned
|clearpoke
|poke|p1|Ninetales, M|
|poke|p1|Raging Bolt|
|poke|p1|Walking Wake|
|poke|p1|Hatterene, F|
|poke|p1|Cinderace, F|
|poke|p1|Great Tusk|
|poke|p2|Iron Valiant|
|poke|p2|Rotom-Wash|
|poke|p2|Latios, M|
|poke|p2|Ting-Lu|
|poke|p2|Hydreigon, F|
|poke|p2|Gholdengo|
|teampreview
|inactive|Battle timer is ON: inactive players will automatically lose when time's up. (requested by ykykp)
|inactive|riceyyyy has 120 seconds left.
|
|t:|1757825334
|teamsize|p1|6
|teamsize|p2|6
|start
|switch|p1a: Ninetales|Ninetales, M|100/100
|switch|p2a: Hydreigon|Hydreigon, F|100/100
|-weather|SunnyDay|[from] ability: Drought|[of] p1a: Ninetales
|turn|1
|
|t:|1757825347
|switch|p1a: Walking Wake|Walking Wake|100/100
|-activate|p1a: Walking Wake|ability: Protosynthesis
|-start|p1a: Walking Wake|protosynthesisspe
|move|p2a: Hydreigon|Dark Pulse|p1a: Walking Wake
|-damage|p1a: Walking Wake|53/100
|
|-weather|SunnyDay|[upkeep]
|upkeep
|turn|2
|j| wgw2333
|inactive|riceyyyy has 120 seconds left.
|
|t:|1757825377
|switch|p2a: Gholdengo|Gholdengo|100/100
|-item|p2a: Gholdengo|Air Balloon
|move|p1a: Walking Wake|Hydro Steam|p2a: Gholdengo
|-damage|p2a: Gholdengo|45/100
|-enditem|p2a: Gholdengo|Air Balloon
|
|-weather|SunnyDay|[upkeep]
|upkeep
|turn|3
|inactive|riceyyyy has 120 seconds left.
|
|t:|1757825390
|switch|p2a: Latios|Latios, M|100/100
|move|p1a: Walking Wake|Hydro Steam|p2a: Latios
|-resisted|p2a: Latios
|-damage|p2a: Latios|67/100
|
|-weather|SunnyDay|[upkeep]
|upkeep
|turn|4
|inactive|riceyyyy has 120 seconds left.
|
|t:|1757825400
|move|p2a: Latios|Flip Turn|p1a: Walking Wake
|-resisted|p1a: Walking Wake
|-damage|p1a: Walking Wake|52/100
|
|t:|1757825402
|switch|p2a: Rotom|Rotom-Wash|100/100|[from] Flip Turn
|move|p1a: Walking Wake|Draco Meteor|p2a: Rotom
|-damage|p2a: Rotom|32/100
|-unboost|p1a: Walking Wake|spa|2
|
|-weather|SunnyDay|[upkeep]
|-heal|p2a: Rotom|38/100|[from] item: Leftovers
|upkeep
|turn|5
|
|t:|1757825414
|move|p1a: Walking Wake|Knock Off|p2a: Rotom
|-damage|p2a: Rotom|24/100
|-enditem|p2a: Rotom|Leftovers|[from] move: Knock Off|[of] p1a: Walking Wake
|move|p2a: Rotom|Pain Split|p1a: Walking Wake
|-sethp|p1a: Walking Wake|36/100|[from] move: Pain Split|[silent]
|-sethp|p2a: Rotom|41/100|[from] move: Pain Split
|
|-weather|SunnyDay|[upkeep]
|upkeep
|turn|6
|
|t:|1757825426
|-end|p1a: Walking Wake|Protosynthesis|[silent]
|switch|p1a: Raging Bolt|Raging Bolt|100/100
|-activate|p1a: Raging Bolt|ability: Protosynthesis
|-start|p1a: Raging Bolt|protosynthesisspa
|move|p2a: Rotom|Volt Switch|p1a: Raging Bolt
|-resisted|p1a: Raging Bolt
|-damage|p1a: Raging Bolt|96/100
|
|t:|1757825429
|switch|p2a: Ting-Lu|Ting-Lu|100/100|[from] Volt Switch
|-ability|p2a: Ting-Lu|Vessel of Ruin
|
|-weather|SunnyDay|[upkeep]
|upkeep
|turn|7
|
|t:|1757825447
|move|p1a: Raging Bolt|Draco Meteor|p2a: Ting-Lu
|-damage|p2a: Ting-Lu|34/100
|-unboost|p1a: Raging Bolt|spa|2
|move|p2a: Ting-Lu|Ruination|p1a: Raging Bolt
|-damage|p1a: Raging Bolt|48/100
|
|-weather|SunnyDay|[upkeep]
|-heal|p2a: Ting-Lu|40/100|[from] item: Leftovers
|upkeep
|turn|8
|
|t:|1757825458
|-end|p1a: Raging Bolt|Protosynthesis|[silent]
|switch|p1a: Hatterene|Hatterene, F|100/100
|switch|p2a: Gholdengo|Gholdengo|45/100
|
|-weather|none
|upkeep
|turn|9
|
|t:|1757825464
|switch|p1a: Ninetales|Ninetales, M|100/100
|-weather|SunnyDay|[from] ability: Drought|[of] p1a: Ninetales
|move|p2a: Gholdengo|Thunder Wave|p1a: Ninetales
|-status|p1a: Ninetales|par
|
|-weather|SunnyDay|[upkeep]
|upkeep
|turn|10
|
|t:|1757825470
|switch|p1a: Hatterene|Hatterene, F|100/100
|move|p2a: Gholdengo|Hex|p1a: Hatterene
|-supereffective|p1a: Hatterene
|-damage|p1a: Hatterene|38/100
|-enditem|p1a: Hatterene|Eject Button
|
|t:|1757825478
|switch|p1a: Cinderace|Cinderace, F|100/100
|
|-weather|SunnyDay|[upkeep]
|upkeep
|turn|11
|
|t:|1757825486
|move|p1a: Cinderace|Pyro Ball|p2a: Gholdengo
|-supereffective|p2a: Gholdengo
|-damage|p2a: Gholdengo|0 fnt
|faint|p2a: Gholdengo
|
|-weather|SunnyDay|[upkeep]
|upkeep
|
|t:|1757825491
|switch|p2a: Rotom|Rotom-Wash|41/100
|turn|12
|
|t:|1757825502
|-terastallize|p1a: Cinderace|Fire
|move|p1a: Cinderace|Pyro Ball|p2a: Rotom
|-resisted|p2a: Rotom
|-damage|p2a: Rotom|0 fnt
|faint|p2a: Rotom
|
|-weather|SunnyDay|[upkeep]
|upkeep
|
|t:|1757825511
|switch|p2a: Hydreigon|Hydreigon, F|100/100
|turn|13
|
|t:|1757825520
|switch|p1a: Hatterene|Hatterene, F|38/100
|move|p2a: Hydreigon|Dark Pulse|p1a: Hatterene
|-damage|p1a: Hatterene|0 fnt
|faint|p1a: Hatterene
|
|-weather|SunnyDay|[upkeep]
|upkeep
|
|t:|1757825523
|switch|p1a: Walking Wake|Walking Wake|36/100
|-activate|p1a: Walking Wake|ability: Protosynthesis
|-start|p1a: Walking Wake|protosynthesisspe
|turn|14
|
|t:|1757825529
|switch|p2a: Iron Valiant|Iron Valiant|100/100
|move|p1a: Walking Wake|Draco Meteor|p2a: Iron Valiant
|-immune|p2a: Iron Valiant
|
|-weather|SunnyDay|[upkeep]
|upkeep
|turn|15
|
|t:|1757825536
|move|p1a: Walking Wake|Hydro Steam|p2a: Iron Valiant
|-damage|p2a: Iron Valiant|0 fnt
|faint|p2a: Iron Valiant
|-end|p2a: Iron Valiant|Quark Drive|[silent]
|
|-weather|SunnyDay|[upkeep]
|upkeep
|
|t:|1757825543
|switch|p2a: Latios|Latios, M|67/100
|turn|16
|
|t:|1757825549
|move|p2a: Latios|Draco Meteor|p1a: Walking Wake
|-supereffective|p1a: Walking Wake
|-damage|p1a: Walking Wake|0 fnt
|-unboost|p2a: Latios|spa|2
|faint|p1a: Walking Wake
|-end|p1a: Walking Wake|Protosynthesis|[silent]
|
|-weather|none
|upkeep
|
|t:|1757825551
|switch|p1a: Ninetales|Ninetales, M|100/100 par
|-weather|SunnyDay|[from] ability: Drought|[of] p1a: Ninetales
|turn|17
|
|t:|1757825558
|switch|p2a: Hydreigon|Hydreigon, F|100/100
|move|p1a: Ninetales|Healing Wish|p1a: Ninetales
|faint|p1a: Ninetales
|
|-weather|SunnyDay|[upkeep]
|upkeep
|
|t:|1757825564
|switch|p1a: Cinderace|Cinderace, F, tera:Fire|100/100
|turn|18
|
|t:|1757825576
|switch|p2a: Latios|Latios, M|67/100
|move|p1a: Cinderace|High Jump Kick|p2a: Latios
|-resisted|p2a: Latios
|-damage|p2a: Latios|40/100
|
|-weather|SunnyDay|[upkeep]
|upkeep
|turn|19
|
|t:|1757825581
|switch|p1a: Great Tusk|Great Tusk|100/100
|-activate|p1a: Great Tusk|ability: Protosynthesis
|-start|p1a: Great Tusk|protosynthesisatk
|move|p2a: Latios|Luster Purge|p1a: Great Tusk
|-supereffective|p1a: Great Tusk
|-damage|p1a: Great Tusk|0 fnt
|faint|p1a: Great Tusk
|-end|p1a: Great Tusk|Protosynthesis|[silent]
|
|-weather|SunnyDay|[upkeep]
|upkeep
|
|t:|1757825586
|switch|p1a: Cinderace|Cinderace, F, tera:Fire|100/100
|turn|20
|
|t:|1757825590
|move|p1a: Cinderace|U-turn|p2a: Latios
|-supereffective|p2a: Latios
|-damage|p2a: Latios|0 fnt
|faint|p2a: Latios
|
|t:|1757825592
|switch|p1a: Raging Bolt|Raging Bolt|48/100|[from] U-turn
|-heal|p1a: Raging Bolt|100/100|[from] move: Healing Wish
|-activate|p1a: Raging Bolt|ability: Protosynthesis
|-start|p1a: Raging Bolt|protosynthesisspa
|
|-weather|SunnyDay|[upkeep]
|upkeep
|
|t:|1757825601
|switch|p2a: Hydreigon|Hydreigon, F|100/100
|turn|21
|
|t:|1757825604
|move|p1a: Raging Bolt|Thunderclap|p2a: Hydreigon
|-resisted|p2a: Hydreigon
|-damage|p2a: Hydreigon|53/100
|move|p2a: Hydreigon|Draco Meteor|p1a: Raging Bolt
|-supereffective|p1a: Raging Bolt
|-damage|p1a: Raging Bolt|0 fnt
|-unboost|p2a: Hydreigon|spa|2
|faint|p1a: Raging Bolt
|-end|p1a: Raging Bolt|Protosynthesis|[silent]
|
|-weather|SunnyDay|[upkeep]
|upkeep
|
|t:|1757825606
|switch|p1a: Cinderace|Cinderace, F, tera:Fire|100/100
|turn|22
|
|t:|1757825611
|move|p1a: Cinderace|Pyro Ball|p2a: Hydreigon
|-resisted|p2a: Hydreigon
|-damage|p2a: Hydreigon|0 fnt
|faint|p2a: Hydreigon
|
|-weather|SunnyDay|[upkeep]
|upkeep
|
|t:|1757825617
|switch|p2a: Ting-Lu|Ting-Lu|40/100
|-ability|p2a: Ting-Lu|Vessel of Ruin
|turn|23
|
|t:|1757825620
|move|p1a: Cinderace|Pyro Ball|p2a: Ting-Lu|[miss]
|-miss|p1a: Cinderace|p2a: Ting-Lu
|move|p2a: Ting-Lu|Earthquake|p1a: Cinderace
|-supereffective|p1a: Cinderace
|-damage|p1a: Cinderace|0 fnt
|faint|p1a: Cinderace
|
|win|riceyyyy
|raw|ykykp's rating: 1545 &rarr; <strong>1529</strong><br />(-16 for losing)
|raw|riceyyyy's rating: 1607 &rarr; <strong>1623</strong><br />(+16 for winning)
|l|☆riceyyyy
|player|p2|
|l|☆ykykp
|player|p1|
|l| wgw2333
