|j|☆zeqiangtian
|j|☆baran110
|t:|1757846025
|gametype|singles
|player|p1|zeqiangtian|lucas|1084
|player|p2|baran110|drayden|1113
|gen|9
|tier|[Gen 9] OU
|rated|
|rule|HP Percentage Mod: HP is shown in percentages
|rule|Endless Battle Clause: Forcing endless battles is banned
|rule|Species Clause: Limit one of each Pokémon
|rule|OHKO Clause: OHKO moves are banned
|rule|Evasion Items Clause: Evasion items are banned
|rule|Evasion Moves Clause: Evasion moves are banned
|rule|Evasion Abilities Clause: Evasion abilities are banned
|rule|Sleep Moves Clause: Sleep-inducing moves are banned
|clearpoke
|poke|p1|Alomomola, M|
|poke|p1|Gliscor, F|
|poke|p1|Garganacl, F|
|poke|p1|Ogerpon-Wellspring, F|
|poke|p1|Tentacruel, M|
|poke|p1|Corviknight, F|
|poke|p2|Galvantula, F|
|poke|p2|Cinderace, M|
|poke|p2|Gyarados, F|
|poke|p2|Gardevoir, F|
|poke|p2|Tsareena, F|
|poke|p2|Lucario, M|
|teampreview
|inactive|Battle timer is ON: inactive players will automatically lose when time's up. (requested by zeqiangtian)
|
|t:|1757846037
|teamsize|p1|6
|teamsize|p2|6
|start
|switch|p1a: Alomomola|Alomomola, M|100/100
|switch|p2a: Galvantula|Galvantula, F|100/100
|turn|1
|
|t:|1757846045
|switch|p1a: Gliscor|Gliscor, F|100/100
|move|p2a: Galvantula|Thunder|p1a: Gliscor
|-immune|p1a: Gliscor
|
|-status|p1a: Gliscor|tox|[from] item: Toxic Orb
|upkeep
|turn|2
|
|t:|1757846056
|switch|p2a: Gyarados|Gyarados, F|100/100
|-ability|p2a: Gyarados|Intimidate|boost
|-unboost|p1a: Gliscor|atk|1
|move|p1a: Gliscor|Stealth Rock|p2a: Gyarados
|-sidestart|p2: baran110|move: Stealth Rock
|
|upkeep
|turn|3
|
|t:|1757846067
|switch|p1a: Alomomola|Alomomola, M|100/100
|move|p2a: Gyarados|Dragon Dance|p2a: Gyarados
|-boost|p2a: Gyarados|atk|1
|-boost|p2a: Gyarados|spe|1
|
|upkeep
|turn|4
|
|t:|1757846078
|move|p2a: Gyarados|Outrage|p1a: Alomomola
|-damage|p1a: Alomomola|69/100
|move|p1a: Alomomola|Flip Turn|p2a: Gyarados
|-resisted|p2a: Gyarados
|-damage|p2a: Gyarados|92/100
|
|t:|1757846086
|switch|p1a: Tentacruel|Tentacruel, M|100/100|[from] Flip Turn
|
|upkeep
|turn|5
|
|t:|1757846093
|move|p2a: Gyarados|Outrage|p1a: Tentacruel|[from] lockedmove
|-damage|p1a: Tentacruel|28/100
|-start|p2a: Gyarados|confusion|[fatigue]
|move|p1a: Tentacruel|Haze|p1a: Tentacruel
|-clearallboost
|
|-heal|p1a: Tentacruel|34/100|[from] item: Black Sludge
|upkeep
|turn|6
|
|t:|1757846116
|switch|p1a: Alomomola|Alomomola, M|100/100
|-activate|p2a: Gyarados|confusion
|move|p2a: Gyarados|Outrage|p1a: Alomomola
|-damage|p1a: Alomomola|81/100
|
|upkeep
|turn|7
|
|t:|1757846127
|-activate|p2a: Gyarados|confusion
|move|p2a: Gyarados|Outrage|p1a: Alomomola|[from] lockedmove
|-damage|p1a: Alomomola|61/100
|move|p1a: Alomomola|Wish|p1a: Alomomola
|
|upkeep
|turn|8
|
|t:|1757846135
|-activate|p2a: Gyarados|confusion
|-damage|p2a: Gyarados|77/100|[from] confusion
|move|p1a: Alomomola|Flip Turn|p2a: Gyarados
|-resisted|p2a: Gyarados
|-damage|p2a: Gyarados|68/100
|
|t:|1757846144
|switch|p1a: Tentacruel|Tentacruel, M|34/100|[from] Flip Turn
|
|-heal|p1a: Tentacruel|100/100|[from] move: Wish|[wisher] Alomomola
|upkeep
|turn|9
|
|t:|1757846152
|switch|p2a: Galvantula|Galvantula, F|100/100
|-damage|p2a: Galvantula|76/100|[from] Stealth Rock
|move|p1a: Tentacruel|Toxic|p2a: Galvantula
|-status|p2a: Galvantula|tox
|
|-damage|p2a: Galvantula|70/100 tox|[from] psn
|upkeep
|turn|10
|
|t:|1757846162
|switch|p2a: Tsareena|Tsareena, F|100/100
|-damage|p2a: Tsareena|88/100|[from] Stealth Rock
|switch|p1a: Gliscor|Gliscor, F|100/100 tox
|
|upkeep
|turn|11
|
|t:|1757846170
|move|p2a: Tsareena|Triple Axel|p1a: Gliscor
|-supereffective|p1a: Gliscor
|-damage|p1a: Gliscor|80/100 tox
|-supereffective|p1a: Gliscor
|-damage|p1a: Gliscor|45/100 tox
|-supereffective|p1a: Gliscor
|-damage|p1a: Gliscor|0 fnt
|faint|p1a: Gliscor
|-hitcount|p1: Gliscor|3
|
|upkeep
|inactive|zeqiangtian has 120 seconds left.
|inactive|zeqiangtian has 90 seconds left.
|inactive|zeqiangtian has 60 seconds left.
|inactive|zeqiangtian has 30 seconds left.
|inactive|zeqiangtian has 20 seconds left.
|inactive|zeqiangtian has 15 seconds left.
|inactive|zeqiangtian has 10 seconds left.
|inactive|zeqiangtian has 5 seconds left.
|-message|zeqiangtian lost due to inactivity.
|
|win|baran110
|raw|zeqiangtian's rating: 1084 &rarr; <strong>1063</strong><br />(-21 for losing)
|raw|baran110's rating: 1113 &rarr; <strong>1136</strong><br />(+23 for winning)
|l|☆baran110
|player|p2|
