|j|☆ganese
|j|☆NMNEY
|t:|1757869197
|gametype|singles
|player|p1|ganese|265|1396
|player|p2|NMNEY|102|1395
|gen|9
|tier|[Gen 9] OU
|rated|
|rule|HP Percentage Mod: HP is shown in percentages
|rule|Endless Battle Clause: Forcing endless battles is banned
|rule|Species Clause: Limit one of each Pokémon
|rule|OHKO Clause: OHKO moves are banned
|rule|Evasion Items Clause: Evasion items are banned
|rule|Evasion Moves Clause: Evasion moves are banned
|rule|Evasion Abilities Clause: Evasion abilities are banned
|rule|Sleep Moves Clause: Sleep-inducing moves are banned
|clearpoke
|poke|p1|Ogerpon-Wellspring, F|
|poke|p1|Lokix, F|
|poke|p1|Slowking-Galar, M|
|poke|p1|Dragonite, M|
|poke|p1|Great Tusk|
|poke|p1|Heatran, F|
|poke|p2|Zarude-Dada|
|poke|p2|Great Tusk|
|poke|p2|Gholdengo|
|poke|p2|Kingambit, F|
|poke|p2|Ogerpon-Cornerstone, F|
|poke|p2|Primarina, M|
|teampreview
|
|t:|1757869222
|teamsize|p1|6
|teamsize|p2|6
|start
|switch|p1a: Nut King|Lokix, F|100/100
|switch|p2a: Great Tusk|Great Tusk|100/100
|turn|1
|
|t:|1757869227
|-end|p2a: Great Tusk|Protosynthesis|[silent]
|switch|p2a: Gholdengo|Gholdengo|100/100
|switch|p1a: Stone Free|Ogerpon-Wellspring, F|100/100
|
|upkeep
|turn|2
|
|t:|1757869235
|switch|p2a: Zarude|Zarude-Dada|100/100
|switch|p1a: Speed King|Heatran, F|100/100
|
|upkeep
|turn|3
|
|t:|1757869242
|move|p2a: Zarude|U-turn|p1a: Speed King
|-resisted|p1a: Speed King
|-damage|p1a: Speed King|96/100
|
|t:|1757869245
|switch|p2a: Primarina|Primarina, M|100/100|[from] U-turn
|move|p1a: Speed King|Stealth Rock|p2a: Primarina
|-sidestart|p2: NMNEY|move: Stealth Rock
|
|-heal|p1a: Speed King|100/100|[from] item: Leftovers
|upkeep
|turn|4
|
|t:|1757869252
|switch|p1a: Purple Haze|Slowking-Galar, M|100/100
|move|p2a: Primarina|Calm Mind|p2a: Primarina
|-boost|p2a: Primarina|spa|1
|-boost|p2a: Primarina|spd|1
|
|upkeep
|turn|5
|
|t:|1757869260
|-terastallize|p2a: Primarina|Steel
|move|p2a: Primarina|Calm Mind|p2a: Primarina
|-boost|p2a: Primarina|spa|1
|-boost|p2a: Primarina|spd|1
|move|p1a: Purple Haze|Sludge Bomb|p2a: Primarina
|-immune|p2a: Primarina
|
|upkeep
|turn|6
|
|t:|1757869266
|move|p2a: Primarina|Calm Mind|p2a: Primarina
|-boost|p2a: Primarina|spa|1
|-boost|p2a: Primarina|spd|1
|-prepare|p1a: Purple Haze|Chilly Reception|[premajor]
|move|p1a: Purple Haze|Chilly Reception|p1a: Purple Haze
|-weather|Snowscape
|
|t:|1757869268
|switch|p1a: Stone Free|Ogerpon-Wellspring, F|100/100|[from] Chilly Reception
|
|-weather|Snowscape|[upkeep]
|upkeep
|turn|7
|
|t:|1757869273
|move|p1a: Stone Free|Encore|p2a: Primarina
|-start|p2a: Primarina|Encore
|move|p2a: Primarina|Calm Mind|p2a: Primarina
|-boost|p2a: Primarina|spa|1
|-boost|p2a: Primarina|spd|1
|
|-weather|Snowscape|[upkeep]
|upkeep
|turn|8
|
|t:|1757869277
|move|p1a: Stone Free|Knock Off|p2a: Primarina
|-damage|p2a: Primarina|51/100
|-enditem|p2a: Primarina|Heavy-Duty Boots|[from] move: Knock Off|[of] p1a: Stone Free
|move|p2a: Primarina|Calm Mind|p2a: Primarina
|-boost|p2a: Primarina|spa|1
|-boost|p2a: Primarina|spd|1
|
|-weather|Snowscape|[upkeep]
|upkeep
|turn|9
|
|t:|1757869283
|move|p1a: Stone Free|Knock Off|p2a: Primarina
|-damage|p2a: Primarina|19/100
|move|p2a: Primarina|Calm Mind|p2a: Primarina
|-boost|p2a: Primarina|spa|1
|-boost|p2a: Primarina|spd|1
|
|-weather|Snowscape|[upkeep]
|-end|p2a: Primarina|Encore
|upkeep
|turn|10
|
|t:|1757869289
|move|p1a: Stone Free|Knock Off|p2a: Primarina
|-damage|p2a: Primarina|0 fnt
|faint|p2a: Primarina
|
|-weather|none
|upkeep
|
|t:|1757869297
|switch|p2a: Zarude|Zarude-Dada|100/100
|-damage|p2a: Zarude|88/100|[from] Stealth Rock
|turn|11
|
|t:|1757869304
|switch|p1a: Speed King|Heatran, F|100/100
|move|p2a: Zarude|U-turn|p1a: Speed King
|-resisted|p1a: Speed King
|-damage|p1a: Speed King|96/100
|
|t:|1757869309
|switch|p2a: Great Tusk|Great Tusk|100/100|[from] U-turn
|-damage|p2a: Great Tusk|98/100|[from] Stealth Rock
|
|-heal|p2a: Great Tusk|100/100|[from] item: Leftovers
|-heal|p1a: Speed King|100/100|[from] item: Leftovers
|upkeep
|turn|12
|
|t:|1757869314
|switch|p1a: Tusk|Great Tusk|100/100
|move|p2a: Great Tusk|Rapid Spin|p1a: Tusk
|-damage|p1a: Tusk|92/100
|-boost|p2a: Great Tusk|spe|1
|-damage|p2a: Great Tusk|84/100|[from] item: Rocky Helmet|[of] p1a: Tusk
|-sideend|p2: NMNEY|Stealth Rock|[from] move: Rapid Spin|[of] p2a: Great Tusk
|
|-heal|p2a: Great Tusk|90/100|[from] item: Leftovers
|upkeep
|turn|13
|
|t:|1757869321
|move|p2a: Great Tusk|Stealth Rock|p1a: Tusk
|-sidestart|p1: ganese|move: Stealth Rock
|move|p1a: Tusk|Knock Off|p2a: Great Tusk
|-resisted|p2a: Great Tusk
|-damage|p2a: Great Tusk|81/100
|-enditem|p2a: Great Tusk|Leftovers|[from] move: Knock Off|[of] p1a: Tusk
|
|upkeep
|turn|14
|
|t:|1757869329
|move|p2a: Great Tusk|Knock Off|p1a: Tusk
|-resisted|p1a: Tusk
|-damage|p1a: Tusk|83/100
|-damage|p2a: Great Tusk|65/100|[from] item: Rocky Helmet|[of] p1a: Tusk
|-enditem|p1a: Tusk|Rocky Helmet|[from] move: Knock Off|[of] p2a: Great Tusk
|move|p1a: Tusk|Rapid Spin|p2a: Great Tusk
|-damage|p2a: Great Tusk|55/100
|-boost|p1a: Tusk|spe|1
|-sideend|p1: ganese|Stealth Rock|[from] move: Rapid Spin|[of] p1a: Tusk
|
|upkeep
|turn|15
|
|t:|1757869335
|move|p1a: Tusk|Rapid Spin|p2a: Great Tusk
|-damage|p2a: Great Tusk|45/100
|-boost|p1a: Tusk|spe|1
|move|p2a: Great Tusk|Stealth Rock|p1a: Tusk
|-sidestart|p1: ganese|move: Stealth Rock
|
|upkeep
|turn|16
|
|t:|1757869342
|-end|p2a: Great Tusk|Protosynthesis|[silent]
|switch|p2a: Gholdengo|Gholdengo|100/100
|move|p1a: Tusk|Rapid Spin|p2a: Gholdengo
|-immune|p2a: Gholdengo
|
|upkeep
|turn|17
|
|t:|1757869346
|move|p1a: Tusk|Headlong Rush|p2a: Gholdengo
|-supereffective|p2a: Gholdengo
|-damage|p2a: Gholdengo|0 fnt
|-unboost|p1a: Tusk|def|1
|-unboost|p1a: Tusk|spd|1
|faint|p2a: Gholdengo
|
|upkeep
|
|t:|1757869351
|switch|p2a: Zarude|Zarude-Dada|88/100
|turn|18
|
|t:|1757869355
|-end|p1a: Tusk|Protosynthesis|[silent]
|switch|p1a: Speed King|Heatran, F|100/100
|-damage|p1a: Speed King|88/100|[from] Stealth Rock
|move|p2a: Zarude|Petal Blizzard|p1a: Speed King
|-resisted|p1a: Speed King
|-damage|p1a: Speed King|79/100
|
|-heal|p1a: Speed King|85/100|[from] item: Leftovers
|upkeep
|turn|19
|
|t:|1757869395
|switch|p2a: Great Tusk|Great Tusk|45/100
|move|p1a: Speed King|Fire Blast|p2a: Great Tusk
|-damage|p2a: Great Tusk|0 fnt
|faint|p2a: Great Tusk
|-end|p2a: Great Tusk|Protosynthesis|[silent]
|
|-heal|p1a: Speed King|91/100|[from] item: Leftovers
|upkeep
|
|t:|1757869405
|switch|p2a: Ogerpon|Ogerpon-Cornerstone, F|100/100
|turn|20
|
|t:|1757869407
|move|p2a: Ogerpon|Ivy Cudgel|p1a: Speed King|[anim] Ivy Cudgel Rock
|-damage|p1a: Speed King|45/100
|move|p1a: Speed King|Earth Power|p2a: Ogerpon
|-damage|p2a: Ogerpon|72/100
|
|-heal|p1a: Speed King|51/100|[from] item: Leftovers
|upkeep
|turn|21
|
|t:|1757869416
|move|p2a: Ogerpon|Ivy Cudgel|p1a: Speed King|[anim] Ivy Cudgel Rock
|-damage|p1a: Speed King|4/100
|move|p1a: Speed King|Will-O-Wisp|p2a: Ogerpon
|-status|p2a: Ogerpon|brn
|
|-heal|p1a: Speed King|10/100|[from] item: Leftovers
|-damage|p2a: Ogerpon|66/100 brn|[from] brn
|upkeep
|turn|22
|
|t:|1757869421
|move|p2a: Ogerpon|Ivy Cudgel|p1a: Speed King|[anim] Ivy Cudgel Rock
|-damage|p1a: Speed King|0 fnt
|faint|p1a: Speed King
|
|-damage|p2a: Ogerpon|60/100 brn|[from] brn
|upkeep
|
|t:|1757869428
|switch|p1a: Tusk|Great Tusk|83/100
|-damage|p1a: Tusk|80/100|[from] Stealth Rock
|turn|23
|
|t:|1757869430
|move|p2a: Ogerpon|Horn Leech|p1a: Tusk
|-supereffective|p1a: Tusk
|-damage|p1a: Tusk|53/100
|-heal|p2a: Ogerpon|79/100 brn|[from] drain|[of] p1a: Tusk
|move|p1a: Tusk|Rapid Spin|p2a: Ogerpon
|-resisted|p2a: Ogerpon
|-damage|p2a: Ogerpon|69/100 brn
|-boost|p1a: Tusk|spe|1
|-sideend|p1: ganese|Stealth Rock|[from] move: Rapid Spin|[of] p1a: Tusk
|
|-damage|p2a: Ogerpon|63/100 brn|[from] brn
|upkeep
|turn|24
|
|t:|1757869434
|move|p1a: Tusk|Close Combat|p2a: Ogerpon
|-supereffective|p2a: Ogerpon
|-damage|p2a: Ogerpon|0 fnt
|-unboost|p1a: Tusk|def|1
|-unboost|p1a: Tusk|spd|1
|faint|p2a: Ogerpon
|
|upkeep
|
|t:|1757869436
|switch|p2a: Zarude|Zarude-Dada|88/100
|turn|25
|
|t:|1757869442
|move|p2a: Zarude|Knock Off|p1a: Tusk
|-resisted|p1a: Tusk
|-damage|p1a: Tusk|40/100
|move|p1a: Tusk|Close Combat|p2a: Zarude
|-supereffective|p2a: Zarude
|-damage|p2a: Zarude|0 fnt
|-unboost|p1a: Tusk|def|1
|-unboost|p1a: Tusk|spd|1
|faint|p2a: Zarude
|
|upkeep
|
|t:|1757869446
|switch|p2a: Kingambit|Kingambit, F|100/100
|-activate|p2a: Kingambit|ability: Supreme Overlord
|-start|p2a: Kingambit|fallen5|[silent]
|turn|26
|
|t:|1757869467
|move|p2a: Kingambit|Sucker Punch|p1a: Tusk
|-resisted|p1a: Tusk
|-damage|p1a: Tusk|0 fnt
|faint|p1a: Tusk
|-end|p1a: Tusk|Protosynthesis|[silent]
|
|upkeep
|
|t:|1757869474
|switch|p1a: Stone Free|Ogerpon-Wellspring, F|100/100
|turn|27
|
|t:|1757869480
|move|p1a: Stone Free|Encore|p2a: Kingambit
|-start|p2a: Kingambit|Encore
|move|p2a: Kingambit|Sucker Punch||[still]
|-fail|p2a: Kingambit
|
|upkeep
|turn|28
|
|t:|1757869484
|switch|p1a: Purple Haze|Slowking-Galar, M|100/100
|move|p2a: Kingambit|Sucker Punch||[still]
|-fail|p2a: Kingambit
|
|upkeep
|turn|29
|
|t:|1757869487
|move|p2a: Kingambit|Sucker Punch||[still]
|-fail|p2a: Kingambit
|-prepare|p1a: Purple Haze|Chilly Reception|[premajor]
|move|p1a: Purple Haze|Chilly Reception|p1a: Purple Haze
|-weather|Snowscape
|
|t:|1757869494
|switch|p1a: Nut King|Lokix, F|100/100|[from] Chilly Reception
|
|-weather|Snowscape|[upkeep]
|-end|p2a: Kingambit|Encore
|upkeep
|turn|30
|
|t:|1757869501
|move|p1a: Nut King|First Impression|p2a: Kingambit
|-damage|p2a: Kingambit|54/100
|move|p2a: Kingambit|Iron Head|p1a: Nut King
|-damage|p1a: Nut King|0 fnt
|faint|p1a: Nut King
|
|-weather|Snowscape|[upkeep]
|upkeep
|
|t:|1757869507
|switch|p1a: Stone Free|Ogerpon-Wellspring, F|100/100
|turn|31
|
|t:|1757869510
|move|p1a: Stone Free|Encore|p2a: Kingambit
|-start|p2a: Kingambit|Encore
|move|p2a: Kingambit|Iron Head|p1a: Stone Free
|-resisted|p1a: Stone Free
|-damage|p1a: Stone Free|54/100
|
|-weather|Snowscape|[upkeep]
|upkeep
|turn|32
|
|t:|1757869514
|move|p1a: Stone Free|Ivy Cudgel|p2a: Kingambit|[anim] Ivy Cudgel Water
|-damage|p2a: Kingambit|12/100
|move|p2a: Kingambit|Iron Head|p1a: Stone Free
|-resisted|p1a: Stone Free
|-damage|p1a: Stone Free|9/100
|
|-weather|Snowscape|[upkeep]
|upkeep
|turn|33
|
|t:|1757869517
|move|p1a: Stone Free|Ivy Cudgel|p2a: Kingambit|[anim] Ivy Cudgel Water
|-damage|p2a: Kingambit|0 fnt
|faint|p2a: Kingambit
|-end|p2a: Kingambit|fallen5|[silent]
|
|win|ganese
|raw|ganese's rating: 1396 &rarr; <strong>1416</strong><br />(+20 for winning)
|raw|NMNEY's rating: 1395 &rarr; <strong>1375</strong><br />(-20 for losing)
|l|☆NMNEY
|player|p2|
|l|☆ganese
|player|p1|
