|j|☆jieceling
|j|☆Kwkskks
|t:|1757941804
|gametype|singles
|player|p1|jieceling|2|1000
|player|p2|Kwkskks|1|1000
|gen|9
|tier|[Gen 9] OU
|rated|
|rule|HP Percentage Mod: HP is shown in percentages
|rule|Endless Battle Clause: Forcing endless battles is banned
|rule|Species Clause: Limit one of each Pokémon
|rule|OHKO Clause: OHKO moves are banned
|rule|Evasion Items Clause: Evasion items are banned
|rule|Evasion Moves Clause: Evasion moves are banned
|rule|Evasion Abilities Clause: Evasion abilities are banned
|rule|Sleep Moves Clause: Sleep-inducing moves are banned
|clearpoke
|poke|p1|Tyranitar, M|
|poke|p1|Excadrill, F|
|poke|p1|Keldeo-Resolute|
|poke|p1|Tornadus-Therian, M|
|poke|p1|Heatran, M|
|poke|p1|Hydrapple, M|
|poke|p2|Kleavor, M|
|poke|p2|Pecharunt|
|poke|p2|Scizor, M|
|poke|p2|Great Tusk|
|poke|p2|Kingambit, F|
|poke|p2|Heracross, M|
|teampreview
|inactive|Battle timer is ON: inactive players will automatically lose when time's up. (requested by Kwkskks)
|
|t:|1757941831
|teamsize|p1|6
|teamsize|p2|6
|start
|switch|p1a: Tornadus|Tornadus-Therian, M|100/100
|switch|p2a: Heracross|Heracross, M|100/100
|turn|1
|
|t:|1757941840
|-terastallize|p2a: Heracross|Normal
|move|p1a: Tornadus|Bleakwind Storm|p2a: Heracross
|-damage|p2a: Heracross|63/100
|move|p2a: Heracross|Brick Break|p1a: Tornadus
|-resisted|p1a: Tornadus
|-damage|p1a: Tornadus|80/100
|
|-status|p2a: Heracross|brn|[from] item: Flame Orb
|upkeep
|turn|2
|
|t:|1757941850
|move|p1a: Tornadus|Bleakwind Storm|p2a: Heracross|[miss]
|-miss|p1a: Tornadus|p2a: Heracross
|move|p2a: Heracross|Facade|p1a: Tornadus
|-damage|p1a: Tornadus|0 fnt
|faint|p1a: Tornadus
|
|-damage|p2a: Heracross|57/100 brn|[from] brn
|upkeep
|
|t:|1757941864
|switch|p1a: Heatran|Heatran, M|100/100
|turn|3
|
|t:|1757941868
|move|p2a: Heracross|Facade|p1a: Heatran
|-resisted|p1a: Heatran
|-damage|p1a: Heatran|55/100
|move|p1a: Heatran|Magma Storm|p2a: Heracross
|-damage|p2a: Heracross|10/100 brn
|-activate|p2a: Heracross|move: Magma Storm|[of] p1a: Heatran
|
|-heal|p1a: Heatran|62/100|[from] item: Leftovers
|-damage|p2a: Heracross|4/100 brn|[from] brn
|-damage|p2a: Heracross|0 fnt|[from] move: Magma Storm|[partiallytrapped]
|faint|p2a: Heracross
|upkeep
|
|t:|1757941882
|switch|p2a: Great Tusk|Great Tusk|100/100
|-enditem|p2a: Great Tusk|Booster Energy
|-activate|p2a: Great Tusk|ability: Protosynthesis|[fromitem]
|-start|p2a: Great Tusk|protosynthesisatk
|turn|4
|
|t:|1757941889
|switch|p1a: Keldeo|Keldeo-Resolute|100/100
|move|p2a: Great Tusk|Earthquake|p1a: Keldeo
|-damage|p1a: Keldeo|28/100
|
|upkeep
|turn|5
|
|t:|1757941899
|move|p1a: Keldeo|Surf|p2a: Great Tusk
|-supereffective|p2a: Great Tusk
|-damage|p2a: Great Tusk|0 fnt
|faint|p2a: Great Tusk
|-end|p2a: Great Tusk|Protosynthesis|[silent]
|
|upkeep
|
|t:|1757941907
|switch|p2a: Kleavor|Kleavor, M|100/100
|turn|6
|
|t:|1757941911
|move|p1a: Keldeo|Surf|p2a: Kleavor
|-supereffective|p2a: Kleavor
|-damage|p2a: Kleavor|0 fnt
|faint|p2a: Kleavor
|
|upkeep
|
|t:|1757941916
|switch|p2a: Kingambit|Kingambit, F|100/100
|-activate|p2a: Kingambit|ability: Supreme Overlord
|-start|p2a: Kingambit|fallen3|[silent]
|turn|7
|
|t:|1757941929
|switch|p1a: Excadrill|Excadrill, F|100/100
|-item|p1a: Excadrill|Air Balloon
|move|p2a: Kingambit|Sucker Punch||[still]
|-fail|p2a: Kingambit
|
|upkeep
|turn|8
|
|t:|1757941939
|move|p1a: Excadrill|Earthquake|p2a: Kingambit
|-supereffective|p2a: Kingambit
|-damage|p2a: Kingambit|10/100
|move|p2a: Kingambit|Kowtow Cleave|p1a: Excadrill
|-damage|p1a: Excadrill|13/100
|-enditem|p1a: Excadrill|Air Balloon
|
|-heal|p2a: Kingambit|16/100|[from] item: Leftovers
|upkeep
|turn|9
|
|t:|1757941949
|move|p2a: Kingambit|Protect|p2a: Kingambit
|-singleturn|p2a: Kingambit|Protect
|move|p1a: Excadrill|Earthquake|p2a: Kingambit
|-activate|p2a: Kingambit|move: Protect
|
|-heal|p2a: Kingambit|22/100|[from] item: Leftovers
|upkeep
|turn|10
|
|t:|1757941957
|move|p2a: Kingambit|Sucker Punch|p1a: Excadrill
|-damage|p1a: Excadrill|0 fnt
|faint|p1a: Excadrill
|
|-heal|p2a: Kingambit|28/100|[from] item: Leftovers
|upkeep
|
|t:|1757941965
|switch|p1a: Keldeo|Keldeo-Resolute|28/100
|turn|11
|
|t:|1757941972
|move|p2a: Kingambit|Protect|p2a: Kingambit
|-singleturn|p2a: Kingambit|Protect
|move|p1a: Keldeo|Flip Turn|p2a: Kingambit
|-activate|p2a: Kingambit|move: Protect
|
|-heal|p2a: Kingambit|34/100|[from] item: Leftovers
|upkeep
|turn|12
|
|t:|1757941982
|switch|p1a: Heatran|Heatran, M|62/100
|move|p2a: Kingambit|Sucker Punch||[still]
|-fail|p2a: Kingambit
|
|-heal|p1a: Heatran|68/100|[from] item: Leftovers
|-heal|p2a: Kingambit|40/100|[from] item: Leftovers
|upkeep
|turn|13
|
|t:|1757941992
|move|p2a: Kingambit|Sucker Punch|p1a: Heatran
|-damage|p1a: Heatran|30/100
|move|p1a: Heatran|Magma Storm|p2a: Kingambit
|-supereffective|p2a: Kingambit
|-damage|p2a: Kingambit|0 fnt
|faint|p2a: Kingambit
|-end|p2a: Kingambit|fallen3|[silent]
|
|-heal|p1a: Heatran|36/100|[from] item: Leftovers
|upkeep
|
|t:|1757942000
|switch|p2a: Pecharunt|Pecharunt|100/100
|-item|p2a: Pecharunt|Air Balloon
|turn|14
|
|t:|1757942013
|move|p2a: Pecharunt|Hex|p1a: Heatran
|-damage|p1a: Heatran|23/100
|move|p1a: Heatran|Taunt|p2a: Pecharunt
|-start|p2a: Pecharunt|move: Taunt
|
|-heal|p1a: Heatran|30/100|[from] item: Leftovers
|upkeep
|turn|15
|
|t:|1757942024
|move|p2a: Pecharunt|Hex|p1a: Heatran
|-damage|p1a: Heatran|17/100
|move|p1a: Heatran|Magma Storm|p2a: Pecharunt
|-damage|p2a: Pecharunt|56/100
|-activate|p2a: Pecharunt|move: Magma Storm|[of] p1a: Heatran
|-enditem|p2a: Pecharunt|Air Balloon
|
|-heal|p1a: Heatran|23/100|[from] item: Leftovers
|-damage|p2a: Pecharunt|44/100|[from] move: Magma Storm|[partiallytrapped]
|upkeep
|turn|16
|
|t:|1757942042
|switch|p1a: Hydrapple|Hydrapple, M|100/100
|move|p2a: Pecharunt|Hex|p1a: Hydrapple
|-damage|p1a: Hydrapple|80/100
|
|-end|p2a: Pecharunt|Magma Storm|[partiallytrapped]|[silent]
|upkeep
|turn|17
|
|t:|1757942051
|switch|p2a: Scizor|Scizor, M|100/100
|move|p1a: Hydrapple|Fickle Beam|p2a: Scizor
|-resisted|p2a: Scizor
|-damage|p2a: Scizor|79/100
|
|upkeep
|turn|18
|
|t:|1757942061
|switch|p1a: Tyranitar|Tyranitar, M|100/100
|-weather|Sandstorm|[from] ability: Sand Stream|[of] p1a: Tyranitar
|move|p2a: Scizor|Agility|p2a: Scizor
|-boost|p2a: Scizor|spe|2
|
|-weather|Sandstorm|[upkeep]
|upkeep
|turn|19
|
|t:|1757942070
|move|p2a: Scizor|Brick Break|p1a: Tyranitar
|-supereffective|p1a: Tyranitar
|-crit|p1a: Tyranitar
|-damage|p1a: Tyranitar|0 fnt
|faint|p1a: Tyranitar
|
|-weather|Sandstorm|[upkeep]
|upkeep
|
|t:|1757942078
|switch|p1a: Heatran|Heatran, M|23/100
|turn|20
|
|t:|1757942081
|switch|p1a: Hydrapple|Hydrapple, M|100/100
|move|p2a: Scizor|Brick Break|p1a: Hydrapple
|-damage|p1a: Hydrapple|87/100
|-damage|p2a: Scizor|62/100|[from] item: Rocky Helmet|[of] p1a: Hydrapple
|
|-weather|Sandstorm|[upkeep]
|-damage|p1a: Hydrapple|81/100|[from] Sandstorm
|upkeep
|turn|21
|
|t:|1757942094
|move|p2a: Scizor|Protect|p2a: Scizor
|-singleturn|p2a: Scizor|Protect
|move|p1a: Hydrapple|Nasty Plot|p1a: Hydrapple
|-boost|p1a: Hydrapple|spa|2
|
|-weather|Sandstorm|[upkeep]
|-damage|p1a: Hydrapple|75/100|[from] Sandstorm
|upkeep
|turn|22
|inactive|Kwkskks has 120 seconds left.
|inactive|Kwkskks has 90 seconds left.
|
|t:|1757942163
|switch|p2a: Pecharunt|Pecharunt|44/100
|move|p1a: Hydrapple|Earth Power|p2a: Pecharunt
|-supereffective|p2a: Pecharunt
|-damage|p2a: Pecharunt|0 fnt
|faint|p2a: Pecharunt
|
|-weather|none
|upkeep
|
|t:|1757942171
|switch|p2a: Scizor|Scizor, M|62/100
|turn|23
|
|t:|1757942175
|move|p2a: Scizor|Bullet Punch|p1a: Hydrapple
|-damage|p1a: Hydrapple|55/100
|-damage|p2a: Scizor|46/100|[from] item: Rocky Helmet|[of] p1a: Hydrapple
|move|p1a: Hydrapple|Fickle Beam|p2a: Scizor
|-resisted|p2a: Scizor
|-damage|p2a: Scizor|6/100
|
|upkeep
|turn|24
|
|t:|1757942184
|move|p2a: Scizor|Bullet Punch|p1a: Hydrapple
|-damage|p1a: Hydrapple|33/100
|-damage|p2a: Scizor|0 fnt|[from] item: Rocky Helmet|[of] p1a: Hydrapple
|faint|p2a: Scizor
|
|win|jieceling
|raw|jieceling's rating: 1000 &rarr; <strong>1040</strong><br />(+40 for winning)
|raw|Kwkskks's rating: 1000 &rarr; <strong>1000</strong><br />(+0 for losing)
