|j|☆AP Society
|j|☆nicolandria12
|t:|1757910522
|gametype|singles
|player|p1|AP Society|sage|1382
|player|p2|nicolandria12|1|1328
|gen|9
|tier|[Gen 9] OU
|rated|
|rule|HP Percentage Mod: HP is shown in percentages
|rule|Endless Battle Clause: Forcing endless battles is banned
|rule|Species Clause: Limit one of each Pokémon
|rule|OHKO Clause: OHKO moves are banned
|rule|Evasion Items Clause: Evasion items are banned
|rule|Evasion Moves Clause: Evasion moves are banned
|rule|Evasion Abilities Clause: Evasion abilities are banned
|rule|Sleep Moves Clause: Sleep-inducing moves are banned
|clearpoke
|poke|p1|Rotom-Wash|
|poke|p1|Amoonguss, M|
|poke|p1|Heatran, M|
|poke|p1|Dragapult, M|
|poke|p1|Kingambit, F|
|poke|p1|Gliscor, M|
|poke|p2|Moltres|
|poke|p2|Ogerpon-Wellspring, F|
|poke|p2|Great Tusk|
|poke|p2|Slowking-Galar, F|
|poke|p2|Raging Bolt|
|poke|p2|Clefable, F|
|teampreview
|inactive|Battle timer is ON: inactive players will automatically lose when time's up. (requested by nicolandria12)
|
|t:|1757910538
|teamsize|p1|6
|teamsize|p2|6
|start
|switch|p1a: Rotom|Rotom-Wash|100/100
|switch|p2a: Great Tusk|Great Tusk|100/100
|turn|1
|
|t:|1757910553
|-end|p2a: Great Tusk|Protosynthesis|[silent]
|switch|p2a: Slowking|Slowking-Galar, F|100/100
|move|p1a: Rotom|Will-O-Wisp|p2a: Slowking
|-status|p2a: Slowking|brn
|
|-damage|p2a: Slowking|94/100 brn|[from] brn
|upkeep
|turn|2
|
|t:|1757910566
|move|p1a: Rotom|Volt Switch|p2a: Slowking
|-damage|p2a: Slowking|78/100 brn
|
|t:|1757910581
|switch|p1a: Gliscor|Gliscor, M|100/100|[from] Volt Switch
|move|p2a: Slowking|Future Sight|p1a: Gliscor
|-start|p2a: Slowking|move: Future Sight
|
|-heal|p2a: Slowking|84/100 brn|[from] item: Leftovers
|-damage|p2a: Slowking|78/100 brn|[from] brn
|-status|p1a: Gliscor|tox|[from] item: Toxic Orb
|upkeep
|turn|3
|
|t:|1757910597
|switch|p2a: Great Tusk|Great Tusk|100/100
|move|p1a: Gliscor|Knock Off|p2a: Great Tusk
|-resisted|p2a: Great Tusk
|-damage|p2a: Great Tusk|92/100
|-damage|p1a: Gliscor|84/100 tox|[from] item: Rocky Helmet|[of] p2a: Great Tusk
|-enditem|p2a: Great Tusk|Rocky Helmet|[from] move: Knock Off|[of] p1a: Gliscor
|
|-heal|p1a: Gliscor|97/100 tox|[from] ability: Poison Heal
|upkeep
|turn|4
|
|t:|1757910608
|move|p1a: Gliscor|Spikes|p2a: Great Tusk
|-sidestart|p2: nicolandria12|Spikes
|move|p2a: Great Tusk|Stealth Rock|p1a: Gliscor
|-sidestart|p1: AP Society|move: Stealth Rock
|
|-end|p1a: Gliscor|move: Future Sight
|-damage|p1a: Gliscor|37/100 tox
|-heal|p1a: Gliscor|49/100 tox|[from] ability: Poison Heal
|upkeep
|turn|5
|
|t:|1757910620
|move|p1a: Gliscor|U-turn|p2a: Great Tusk
|-resisted|p2a: Great Tusk
|-damage|p2a: Great Tusk|87/100
|
|t:|1757910622
|switch|p1a: Dragapult|Dragapult, M|100/100|[from] U-turn
|move|p2a: Great Tusk|Rapid Spin|p1a: Dragapult
|-immune|p1a: Dragapult
|
|upkeep
|turn|6
|
|t:|1757910643
|move|p1a: Dragapult|Will-O-Wisp|p2a: Great Tusk
|-status|p2a: Great Tusk|brn
|move|p2a: Great Tusk|Headlong Rush|p1a: Dragapult
|-damage|p1a: Dragapult|53/100
|-unboost|p2a: Great Tusk|def|1
|-unboost|p2a: Great Tusk|spd|1
|
|-damage|p2a: Great Tusk|81/100 brn|[from] brn
|upkeep
|turn|7
|
|t:|1757910654
|-end|p2a: Great Tusk|Protosynthesis|[silent]
|switch|p2a: Clefable|Clefable, F|100/100
|move|p1a: Dragapult|Hex|p2a: Clefable
|-damage|p2a: Clefable|72/100
|
|upkeep
|turn|8
|
|t:|1757910663
|switch|p1a: Heatran|Heatran, M|100/100
|-damage|p1a: Heatran|88/100|[from] Stealth Rock
|move|p2a: Clefable|Wish|p2a: Clefable
|
|-heal|p1a: Heatran|94/100|[from] item: Leftovers
|upkeep
|turn|9
|
|t:|1757910684
|switch|p2a: Moltres|Moltres|100/100
|move|p1a: Heatran|Stealth Rock|p2a: Moltres
|-sidestart|p2: nicolandria12|move: Stealth Rock
|
|-heal|p1a: Heatran|100/100|[from] item: Leftovers
|upkeep
|turn|10
|
|t:|1757910699
|switch|p1a: Rotom|Rotom-Wash|100/100
|-damage|p1a: Rotom|88/100|[from] Stealth Rock
|move|p2a: Moltres|Scorching Sands|p1a: Rotom
|-immune|p1a: Rotom|[from] ability: Levitate
|
|-heal|p1a: Rotom|94/100|[from] item: Leftovers
|upkeep
|turn|11
|inactive|nicolandria12 has 120 seconds left.
|
|t:|1757910715
|switch|p2a: Slowking|Slowking-Galar, F|100/100 brn
|-damage|p2a: Slowking|88/100 brn|[from] Spikes
|-damage|p2a: Slowking|76/100 brn|[from] Stealth Rock
|move|p1a: Rotom|Volt Switch|p2a: Slowking
|-damage|p2a: Slowking|59/100 brn
|
|t:|1757910724
|switch|p1a: Kingambit|Kingambit, F|100/100|[from] Volt Switch
|-damage|p1a: Kingambit|94/100|[from] Stealth Rock
|
|-heal|p1a: Kingambit|100/100|[from] item: Leftovers
|-heal|p2a: Slowking|65/100 brn|[from] item: Leftovers
|-damage|p2a: Slowking|59/100 brn|[from] brn
|upkeep
|turn|12
|
|t:|1757910740
|-end|p1a: Kingambit|fallenundefined|[silent]
|switch|p1a: Rotom|Rotom-Wash|94/100
|-damage|p1a: Rotom|82/100|[from] Stealth Rock
|switch|p2a: Great Tusk|Great Tusk|81/100 brn
|-damage|p2a: Great Tusk|68/100 brn|[from] Spikes
|-damage|p2a: Great Tusk|65/100 brn|[from] Stealth Rock
|
|-heal|p1a: Rotom|88/100|[from] item: Leftovers
|-damage|p2a: Great Tusk|59/100 brn|[from] brn
|upkeep
|turn|13
|
|t:|1757910753
|-end|p2a: Great Tusk|Protosynthesis|[silent]
|switch|p2a: Slowking|Slowking-Galar, F|92/100 brn
|-damage|p2a: Slowking|80/100 brn|[from] Spikes
|-damage|p2a: Slowking|67/100 brn|[from] Stealth Rock
|move|p1a: Rotom|Hydro Pump|p2a: Slowking
|-damage|p2a: Slowking|43/100 brn
|
|-heal|p1a: Rotom|94/100|[from] item: Leftovers
|-heal|p2a: Slowking|49/100 brn|[from] item: Leftovers
|-damage|p2a: Slowking|43/100 brn|[from] brn
|upkeep
|turn|14
|
|t:|1757910767
|move|p1a: Rotom|Volt Switch|p2a: Slowking
|-damage|p2a: Slowking|26/100 brn
|
|t:|1757910769
|switch|p1a: Kingambit|Kingambit, F|100/100|[from] Volt Switch
|-damage|p1a: Kingambit|94/100|[from] Stealth Rock
|move|p2a: Slowking|Future Sight|p1a: Kingambit
|-start|p2a: Slowking|move: Future Sight
|
|-heal|p1a: Kingambit|100/100|[from] item: Leftovers
|-heal|p2a: Slowking|32/100 brn|[from] item: Leftovers
|-damage|p2a: Slowking|26/100 brn|[from] brn
|upkeep
|turn|15
|
|t:|1757910784
|switch|p2a: Moltres|Moltres|100/100
|move|p1a: Kingambit|Kowtow Cleave|p2a: Moltres
|-damage|p2a: Moltres|50/100
|-status|p1a: Kingambit|brn|[from] ability: Flame Body|[of] p2a: Moltres
|
|-damage|p1a: Kingambit|94/100 brn|[from] brn
|upkeep
|turn|16
|
|t:|1757910796
|-end|p1a: Kingambit|fallenundefined|[silent]
|switch|p1a: Rotom|Rotom-Wash|94/100
|-damage|p1a: Rotom|82/100|[from] Stealth Rock
|move|p2a: Moltres|Roost|p2a: Moltres
|-heal|p2a: Moltres|99/100
|-singleturn|p2a: Moltres|move: Roost
|
|-end|p1a: Rotom|move: Future Sight
|-damage|p1a: Rotom|47/100
|-heal|p1a: Rotom|53/100|[from] item: Leftovers
|upkeep
|turn|17
|
|t:|1757910809
|switch|p2a: Slowking|Slowking-Galar, F|59/100 brn
|-damage|p2a: Slowking|47/100 brn|[from] Spikes
|-damage|p2a: Slowking|34/100 brn|[from] Stealth Rock
|move|p1a: Rotom|Volt Switch|p2a: Slowking
|-damage|p2a: Slowking|18/100 brn
|
|t:|1757910822
|switch|p1a: Dragapult|Dragapult, M|53/100|[from] Volt Switch
|
|-heal|p2a: Slowking|24/100 brn|[from] item: Leftovers
|-damage|p2a: Slowking|18/100 brn|[from] brn
|upkeep
|turn|18
|
|t:|1757910839
|switch|p2a: Great Tusk|Great Tusk|59/100 brn
|-damage|p2a: Great Tusk|47/100 brn|[from] Spikes
|-damage|p2a: Great Tusk|44/100 brn|[from] Stealth Rock
|move|p1a: Dragapult|Will-O-Wisp|p2a: Great Tusk|[miss]
|-miss|p1a: Dragapult|p2a: Great Tusk
|
|-damage|p2a: Great Tusk|38/100 brn|[from] brn
|upkeep
|turn|19
|
|t:|1757910850
|move|p1a: Dragapult|Hex|p2a: Great Tusk
|-crit|p2a: Great Tusk
|-damage|p2a: Great Tusk|0 fnt
|faint|p2a: Great Tusk
|-end|p2a: Great Tusk|Protosynthesis|[silent]
|
|upkeep
|
|t:|1757910858
|switch|p2a: Clefable|Clefable, F|72/100
|turn|20
|l|☆AP Society
|inactive|AP Society disconnected and has a minute to reconnect!
|player|p1|
|j|☆AP Society
|inactive|AP Society reconnected and has 115 seconds left.
|player|p1|AP Society|sage|
|
|t:|1757910905
|move|p1a: Dragapult|U-turn|p2a: Clefable
|-resisted|p2a: Clefable
|-damage|p2a: Clefable|61/100
|
|t:|1757910908
|switch|p1a: Amoonguss|Amoonguss, M|100/100|[from] U-turn
|-damage|p1a: Amoonguss|88/100|[from] Stealth Rock
|move|p2a: Clefable|Wish|p2a: Clefable
|
|upkeep
|turn|21
|
|t:|1757910924
|move|p2a: Clefable|Psyshock|p1a: Amoonguss
|-supereffective|p1a: Amoonguss
|-damage|p1a: Amoonguss|33/100
|move|p1a: Amoonguss|Foul Play|p2a: Clefable
|-resisted|p2a: Clefable
|-damage|p2a: Clefable|54/100
|
|-heal|p2a: Clefable|100/100|[from] move: Wish|[wisher] Clefable
|upkeep
|turn|22
|inactive|AP Society has 120 seconds left.
|
|t:|1757910940
|switch|p1a: Heatran|Heatran, M|100/100
|-damage|p1a: Heatran|88/100|[from] Stealth Rock
|move|p2a: Clefable|Ice Beam|p1a: Heatran
|-resisted|p1a: Heatran
|-damage|p1a: Heatran|83/100
|
|-heal|p1a: Heatran|89/100|[from] item: Leftovers
|upkeep
|turn|23
|
|t:|1757910956
|switch|p1a: Rotom|Rotom-Wash|53/100
|-damage|p1a: Rotom|41/100|[from] Stealth Rock
|switch|p2a: Moltres|Moltres|99/100
|
|-heal|p1a: Rotom|47/100|[from] item: Leftovers
|upkeep
|turn|24
|
|t:|1757910972
|move|p2a: Moltres|Will-O-Wisp|p1a: Rotom
|-status|p1a: Rotom|brn
|move|p1a: Rotom|Hydro Pump|p2a: Moltres
|-supereffective|p2a: Moltres
|-damage|p2a: Moltres|39/100
|
|-heal|p1a: Rotom|53/100 brn|[from] item: Leftovers
|-damage|p1a: Rotom|47/100 brn|[from] brn
|upkeep
|turn|25
|inactive|nicolandria12 has 120 seconds left.
|
|t:|1757910991
|switch|p2a: Ogerpon|Ogerpon-Wellspring, F|100/100
|-damage|p2a: Ogerpon|88/100|[from] Spikes
|-damage|p2a: Ogerpon|76/100|[from] Stealth Rock
|move|p1a: Rotom|Pain Split|p2a: Ogerpon
|-sethp|p2a: Ogerpon|61/100|[from] move: Pain Split|[silent]
|-sethp|p1a: Rotom|61/100 brn|[from] move: Pain Split
|
|-heal|p1a: Rotom|67/100 brn|[from] item: Leftovers
|-damage|p1a: Rotom|61/100 brn|[from] brn
|upkeep
|turn|26
|inactive|nicolandria12 has 120 seconds left.
|
|t:|1757911006
|switch|p1a: Amoonguss|Amoonguss, M|66/100
|-damage|p1a: Amoonguss|54/100|[from] Stealth Rock
|move|p2a: Ogerpon|Horn Leech|p1a: Amoonguss
|-resisted|p1a: Amoonguss
|-damage|p1a: Amoonguss|46/100
|-heal|p2a: Ogerpon|67/100|[from] drain|[of] p1a: Amoonguss
|-damage|p2a: Ogerpon|51/100|[from] item: Rocky Helmet|[of] p1a: Amoonguss
|
|upkeep
|turn|27
|inactive|nicolandria12 has 120 seconds left.
|inactive|AP Society has 120 seconds left.
|
|t:|1757911036
|switch|p2a: Clefable|Clefable, F|100/100
|switch|p1a: Dragapult|Dragapult, M|53/100
|
|upkeep
|turn|28
|
|t:|1757911053
|move|p1a: Dragapult|U-turn|p2a: Clefable
|-resisted|p2a: Clefable
|-damage|p2a: Clefable|91/100
|inactive|AP Society has 120 seconds left.
|
|t:|1757911060
|switch|p1a: Amoonguss|Amoonguss, M|79/100|[from] U-turn
|-damage|p1a: Amoonguss|66/100|[from] Stealth Rock
|move|p2a: Clefable|Wish|p2a: Clefable
|
|upkeep
|turn|29
|
|t:|1757911070
|move|p2a: Clefable|Psyshock|p1a: Amoonguss
|-supereffective|p1a: Amoonguss
|-damage|p1a: Amoonguss|19/100
|move|p1a: Amoonguss|Toxic|p2a: Clefable
|-status|p2a: Clefable|tox
|
|-heal|p2a: Clefable|100/100 tox|[from] move: Wish|[wisher] Clefable
|upkeep
|turn|30
|
|t:|1757911084
|switch|p1a: Kingambit|Kingambit, F|94/100 brn
|-damage|p1a: Kingambit|88/100 brn|[from] Stealth Rock
|move|p2a: Clefable|Wish|p2a: Clefable
|
|-heal|p1a: Kingambit|94/100 brn|[from] item: Leftovers
|-damage|p1a: Kingambit|88/100 brn|[from] brn
|upkeep
|turn|31
|inactive|nicolandria12 has 90 seconds left.
|
|t:|1757911112
|switch|p2a: Raging Bolt|Raging Bolt|100/100
|-damage|p2a: Raging Bolt|88/100|[from] Spikes
|-damage|p2a: Raging Bolt|76/100|[from] Stealth Rock
|-end|p1a: Kingambit|fallenundefined|[silent]
|switch|p1a: Amoonguss|Amoonguss, M|52/100
|-damage|p1a: Amoonguss|40/100|[from] Stealth Rock
|
|-heal|p2a: Raging Bolt|100/100|[from] move: Wish|[wisher] Clefable
|upkeep
|turn|32
|inactive|nicolandria12 has 90 seconds left.
|
|t:|1757911123
|switch|p1a: Heatran|Heatran, M|89/100
|-damage|p1a: Heatran|76/100|[from] Stealth Rock
|move|p2a: Raging Bolt|Draco Meteor|p1a: Heatran
|-resisted|p1a: Heatran
|-crit|p1a: Heatran
|-damage|p1a: Heatran|42/100
|-unboost|p2a: Raging Bolt|spa|2
|
|-heal|p1a: Heatran|48/100|[from] item: Leftovers
|upkeep
|turn|33
|inactive|nicolandria12 has 90 seconds left.
|
|t:|1757911134
|-end|p2a: Raging Bolt|Protosynthesis|[silent]
|switch|p2a: Moltres|Moltres|39/100
|move|p1a: Heatran|Magma Storm|p2a: Moltres
|-resisted|p2a: Moltres
|-damage|p2a: Moltres|23/100
|-activate|p2a: Moltres|move: Magma Storm|[of] p1a: Heatran
|
|-heal|p1a: Heatran|55/100|[from] item: Leftovers
|-damage|p2a: Moltres|10/100|[from] move: Magma Storm|[partiallytrapped]
|upkeep
|turn|34
|inactive|nicolandria12 has 90 seconds left.
|
|t:|1757911145
|move|p2a: Moltres|Roost|p2a: Moltres
|-heal|p2a: Moltres|61/100
|-singleturn|p2a: Moltres|move: Roost
|move|p1a: Heatran|Earth Power|p2a: Moltres
|-supereffective|p2a: Moltres
|-crit|p2a: Moltres
|-damage|p2a: Moltres|6/100
|-unboost|p2a: Moltres|spd|1
|
|-heal|p1a: Heatran|61/100|[from] item: Leftovers
|-damage|p2a: Moltres|0 fnt|[from] move: Magma Storm|[partiallytrapped]
|faint|p2a: Moltres
|upkeep
|inactive|nicolandria12 has 90 seconds left.
|
|t:|1757911164
|switch|p2a: Ogerpon|Ogerpon-Wellspring, F|51/100
|-damage|p2a: Ogerpon|39/100|[from] Spikes
|-damage|p2a: Ogerpon|26/100|[from] Stealth Rock
|turn|35
|
|t:|1757911186
|switch|p1a: Amoonguss|Amoonguss, M|73/100
|-damage|p1a: Amoonguss|61/100|[from] Stealth Rock
|move|p2a: Ogerpon|Swords Dance|p2a: Ogerpon
|-boost|p2a: Ogerpon|atk|2
|
|upkeep
|turn|36
|
|t:|1757911198
|move|p2a: Ogerpon|Horn Leech|p1a: Amoonguss
|-resisted|p1a: Amoonguss
|-damage|p1a: Amoonguss|42/100
|-heal|p2a: Ogerpon|40/100|[from] drain|[of] p1a: Amoonguss
|-damage|p2a: Ogerpon|23/100|[from] item: Rocky Helmet|[of] p1a: Amoonguss
|move|p1a: Amoonguss|Clear Smog|p2a: Ogerpon
|-supereffective|p2a: Ogerpon
|-damage|p2a: Ogerpon|0 fnt
|-clearboost|p2a: Ogerpon
|faint|p2a: Ogerpon
|
|upkeep
|
|t:|1757911213
|switch|p2a: Clefable|Clefable, F|100/100 tox
|turn|37
|
|t:|1757911220
|switch|p1a: Heatran|Heatran, M|61/100
|-damage|p1a: Heatran|48/100|[from] Stealth Rock
|move|p2a: Clefable|Psyshock|p1a: Heatran
|-resisted|p1a: Heatran
|-damage|p1a: Heatran|36/100
|
|-heal|p1a: Heatran|42/100|[from] item: Leftovers
|upkeep
|turn|38
|inactive|AP Society has 120 seconds left.
|l|☆AP Society
|inactive|AP Society disconnected and has a minute to reconnect!
|player|p1|
|j|☆AP Society
|inactive|AP Society reconnected and has 110 seconds left.
|player|p1|AP Society|sage|
|
|t:|1757911266
|move|p1a: Heatran|Magma Storm|p2a: Clefable
|-damage|p2a: Clefable|58/100 tox
|-activate|p2a: Clefable|move: Magma Storm|[of] p1a: Heatran
|move|p2a: Clefable|Wish|p2a: Clefable
|
|-heal|p1a: Heatran|48/100|[from] item: Leftovers
|upkeep
|turn|39
|
|t:|1757911277
|move|p1a: Heatran|Earth Power|p2a: Clefable
|-damage|p2a: Clefable|33/100 tox
|move|p2a: Clefable|Moonblast|p1a: Heatran
|-resisted|p1a: Heatran
|-damage|p1a: Heatran|39/100
|
|-heal|p2a: Clefable|83/100 tox|[from] move: Wish|[wisher] Clefable
|-heal|p1a: Heatran|46/100|[from] item: Leftovers
|upkeep
|turn|40
|
|t:|1757911289
|move|p1a: Heatran|Taunt|p2a: Clefable
|-start|p2a: Clefable|move: Taunt
|cant|p2a: Clefable|move: Taunt|Wish
|
|-heal|p1a: Heatran|52/100|[from] item: Leftovers
|upkeep
|turn|41
|
|t:|1757911298
|move|p1a: Heatran|Earth Power|p2a: Clefable
|-damage|p2a: Clefable|60/100 tox
|move|p2a: Clefable|Psyshock|p1a: Heatran
|-resisted|p1a: Heatran
|-damage|p1a: Heatran|39/100
|
|-heal|p1a: Heatran|45/100|[from] item: Leftovers
|upkeep
|turn|42
|
|t:|1757911309
|move|p1a: Heatran|Earth Power|p2a: Clefable
|-damage|p2a: Clefable|36/100 tox
|move|p2a: Clefable|Psyshock|p1a: Heatran
|-resisted|p1a: Heatran
|-damage|p1a: Heatran|31/100
|
|-heal|p1a: Heatran|37/100|[from] item: Leftovers
|-end|p2a: Clefable|Magma Storm|[partiallytrapped]
|-end|p2a: Clefable|move: Taunt
|upkeep
|turn|43
|
|t:|1757911323
|move|p1a: Heatran|Magma Storm|p2a: Clefable
|-damage|p2a: Clefable|0 fnt
|faint|p2a: Clefable
|
|-heal|p1a: Heatran|43/100|[from] item: Leftovers
|upkeep
|inactive|nicolandria12 has 60 seconds left.
|l|☆nicolandria12
|inactive|nicolandria12 disconnected and has a minute to reconnect!
|player|p2|
|inactive|nicolandria12 has 30 seconds left.
|inactive|nicolandria12 has 20 seconds left.
|inactive|nicolandria12 has 15 seconds left.
|inactive|nicolandria12 has 10 seconds left.
|inactive|nicolandria12 has 5 seconds left.
|-message|nicolandria12 lost due to inactivity.
|
|win|AP Society
|raw|AP Society's rating: 1382 &rarr; <strong>1399</strong><br />(+17 for winning)
|raw|nicolandria12's rating: 1328 &rarr; <strong>1311</strong><br />(-17 for losing)
|l|☆AP Society
|player|p1|
