|j|☆fuhfyjddhh
|j|☆Chustard
|t:|1757890135
|gametype|singles
|player|p1|fuhfyjddhh|pryce|1537
|player|p2|Chustard|169|1556
|gen|9
|tier|[Gen 9] OU
|rated|
|rule|HP Percentage Mod: HP is shown in percentages
|rule|Endless Battle Clause: Forcing endless battles is banned
|rule|Species Clause: Limit one of each Pokémon
|rule|OHKO Clause: OHKO moves are banned
|rule|Evasion Items Clause: Evasion items are banned
|rule|Evasion Moves Clause: Evasion moves are banned
|rule|Evasion Abilities Clause: Evasion abilities are banned
|rule|Sleep Moves Clause: Sleep-inducing moves are banned
|clearpoke
|poke|p1|Ribombee, M|
|poke|p1|Gholdengo|
|poke|p1|Greninja-*, M|
|poke|p1|Tornadus-Therian, M|
|poke|p1|Weavile, M|
|poke|p1|Darkrai|
|poke|p2|Sandy Shocks|
|poke|p2|Iron Treads|
|poke|p2|Ogerpon-Wellspring, F|
|poke|p2|Gholdengo|
|poke|p2|Kingambit, F|
|poke|p2|Moltres|
|teampreview
|
|t:|1757890142
|teamsize|p1|6
|teamsize|p2|6
|start
|switch|p1a: Ribombee|Ribombee, M|100/100
|switch|p2a: Sandy Shocks|Sandy Shocks|100/100
|-enditem|p2a: Sandy Shocks|Booster Energy
|-activate|p2a: Sandy Shocks|ability: Protosynthesis|[fromitem]
|-start|p2a: Sandy Shocks|protosynthesisspe
|turn|1
|inactive|Battle timer is ON: inactive players will automatically lose when time's up. (requested by Chustard)
|
|t:|1757890163
|move|p2a: Sandy Shocks|Spikes|p1a: Ribombee
|-sidestart|p1: fuhfyjddhh|Spikes
|move|p1a: Ribombee|Sticky Web|p2a: Sandy Shocks
|-sidestart|p2: Chustard|move: Sticky Web
|
|upkeep
|turn|2
|
|t:|1757890169
|move|p2a: Sandy Shocks|Thunderbolt|p1a: Ribombee
|-damage|p1a: Ribombee|25/100
|move|p1a: Ribombee|Stun Spore|p2a: Sandy Shocks
|-immune|p2a: Sandy Shocks
|
|upkeep
|turn|3
|
|t:|1757890176
|move|p2a: Sandy Shocks|Thunderbolt|p1a: Ribombee
|-damage|p1a: Ribombee|0 fnt
|faint|p1a: Ribombee
|
|upkeep
|
|t:|1757890193
|switch|p1a: Weavile|Weavile, M|100/100
|-damage|p1a: Weavile|88/100|[from] Spikes
|-ability|p1a: Weavile|Pressure
|turn|4
|
|t:|1757890202
|-end|p2a: Sandy Shocks|Protosynthesis|[silent]
|switch|p2a: Moltres|Moltres|100/100
|move|p1a: Weavile|Triple Axel|p2a: Moltres
|-damage|p2a: Moltres|93/100
|-status|p1a: Weavile|brn|[from] ability: Flame Body|[of] p2a: Moltres
|-damage|p2a: Moltres|86/100
|-damage|p2a: Moltres|77/100
|-hitcount|p2a: Moltres|3
|
|-damage|p1a: Weavile|82/100 brn|[from] brn
|upkeep
|turn|5
|
|t:|1757890211
|move|p1a: Weavile|Knock Off|p2a: Moltres
|-damage|p2a: Moltres|60/100
|-enditem|p2a: Moltres|Heavy-Duty Boots|[from] move: Knock Off|[of] p1a: Weavile
|move|p2a: Moltres|Flamethrower|p1a: Weavile
|-supereffective|p1a: Weavile
|-damage|p1a: Weavile|0 fnt
|faint|p1a: Weavile
|
|upkeep
|
|t:|1757890215
|switch|p1a: Greninja|Greninja, M|100/100
|-damage|p1a: Greninja|88/100|[from] Spikes
|turn|6
|
|t:|1757890234
|switch|p2a: Ogerpon|Ogerpon-Wellspring, F|100/100
|-activate|p2a: Ogerpon|move: Sticky Web
|-unboost|p2a: Ogerpon|spe|1
|move|p1a: Greninja|Dark Pulse|p2a: Ogerpon
|-damage|p2a: Ogerpon|42/100
|-damage|p1a: Greninja|78/100|[from] item: Life Orb
|
|upkeep
|turn|7
|
|t:|1757890259
|-terastallize|p2a: Ogerpon|Water
|detailschange|p2a: Ogerpon|Ogerpon-Wellspring-Tera, F, tera:Water
|-ability|p2a: Ogerpon|Embody Aspect (Wellspring)|boost
|-boost|p2a: Ogerpon|spd|1
|move|p1a: Greninja|Dark Pulse|p2a: Ogerpon
|-damage|p2a: Ogerpon|5/100
|-damage|p1a: Greninja|69/100|[from] item: Life Orb
|cant|p2a: Ogerpon|flinch
|
|upkeep
|turn|8
|
|t:|1757890270
|move|p1a: Greninja|Dark Pulse|p2a: Ogerpon
|-crit|p2a: Ogerpon
|-damage|p2a: Ogerpon|0 fnt
|faint|p2a: Ogerpon
|detailschange|p2: Ogerpon|Ogerpon-Wellspring, F|[silent]
|-ability|p1a: Greninja|Battle Bond|boost
|-boost|p1a: Greninja|atk|1
|-boost|p1a: Greninja|spa|1
|-boost|p1a: Greninja|spe|1
|-activate|p1a: Greninja|ability: Battle Bond
|-damage|p1a: Greninja|59/100|[from] item: Life Orb
|
|upkeep
|
|t:|1757890281
|switch|p2a: Kingambit|Kingambit, F|100/100
|-activate|p2a: Kingambit|move: Sticky Web
|-unboost|p2a: Kingambit|spe|1
|-activate|p2a: Kingambit|ability: Supreme Overlord
|-start|p2a: Kingambit|fallen1|[silent]
|turn|9
|
|t:|1757890287
|move|p1a: Greninja|Water Shuriken|p2a: Kingambit
|-damage|p2a: Kingambit|89/100
|-damage|p2a: Kingambit|75/100
|-hitcount|p2a: Kingambit|2
|-damage|p1a: Greninja|49/100|[from] item: Life Orb
|move|p2a: Kingambit|Kowtow Cleave|p1a: Greninja
|-resisted|p1a: Greninja
|-damage|p1a: Greninja|5/100
|
|-heal|p2a: Kingambit|81/100|[from] item: Leftovers
|upkeep
|turn|10
|
|t:|1757890300
|move|p2a: Kingambit|Sucker Punch|p1a: Greninja
|-resisted|p1a: Greninja
|-damage|p1a: Greninja|0 fnt
|faint|p1a: Greninja
|
|-heal|p2a: Kingambit|87/100|[from] item: Leftovers
|upkeep
|
|t:|1757890305
|switch|p1a: Tornadus|Tornadus-Therian, M|100/100
|turn|11
|
|t:|1757890309
|-end|p2a: Kingambit|fallen1|[silent]
|switch|p2a: Sandy Shocks|Sandy Shocks|100/100
|-activate|p2a: Sandy Shocks|move: Sticky Web
|-unboost|p2a: Sandy Shocks|spe|1
|move|p1a: Tornadus|Focus Blast|p2a: Sandy Shocks|[miss]
|-miss|p1a: Tornadus|p2a: Sandy Shocks
|
|upkeep
|turn|12
|
|t:|1757890322
|-terastallize|p1a: Tornadus|Ground
|move|p1a: Tornadus|Nasty Plot|p1a: Tornadus
|-boost|p1a: Tornadus|spa|2
|move|p2a: Sandy Shocks|Thunderbolt|p1a: Tornadus
|-immune|p1a: Tornadus
|
|upkeep
|turn|13
|
|t:|1757890338
|move|p1a: Tornadus|Bleakwind Storm|p2a: Sandy Shocks
|-resisted|p2a: Sandy Shocks
|-damage|p2a: Sandy Shocks|48/100
|move|p2a: Sandy Shocks|Earth Power|p1a: Tornadus
|-damage|p1a: Tornadus|46/100
|
|upkeep
|turn|14
|
|t:|1757890344
|move|p1a: Tornadus|Bleakwind Storm|p2a: Sandy Shocks
|-resisted|p2a: Sandy Shocks
|-damage|p2a: Sandy Shocks|0 fnt
|faint|p2a: Sandy Shocks
|-end|p2a: Sandy Shocks|Protosynthesis|[silent]
|
|upkeep
|
|t:|1757890353
|switch|p2a: Gholdengo|Gholdengo|100/100
|-item|p2a: Gholdengo|Air Balloon
|turn|15
|
|t:|1757890356
|move|p1a: Tornadus|Bleakwind Storm|p2a: Gholdengo
|-resisted|p2a: Gholdengo
|-damage|p2a: Gholdengo|54/100
|-unboost|p2a: Gholdengo|spe|1
|-enditem|p2a: Gholdengo|Air Balloon
|move|p2a: Gholdengo|Make It Rain|p1a: Tornadus
|-damage|p1a: Tornadus|0 fnt
|-unboost|p2a: Gholdengo|spa|1
|faint|p1a: Tornadus
|
|upkeep
|
|t:|1757890359
|switch|p1a: Gholdengo|Gholdengo|100/100
|-item|p1a: Gholdengo|Air Balloon
|turn|16
|
|t:|1757890361
|switch|p2a: Kingambit|Kingambit, F|87/100
|-activate|p2a: Kingambit|move: Sticky Web
|-unboost|p2a: Kingambit|spe|1
|-activate|p2a: Kingambit|ability: Supreme Overlord
|-start|p2a: Kingambit|fallen2|[silent]
|move|p1a: Gholdengo|Shadow Ball|p2a: Kingambit
|-resisted|p2a: Kingambit
|-damage|p2a: Kingambit|67/100
|-unboost|p2a: Kingambit|spd|1
|
|-heal|p2a: Kingambit|73/100|[from] item: Leftovers
|upkeep
|turn|17
|
|t:|1757890368
|move|p1a: Gholdengo|Make It Rain|p2a: Kingambit
|-resisted|p2a: Kingambit
|-damage|p2a: Kingambit|29/100
|-unboost|p1a: Gholdengo|spa|1
|move|p2a: Kingambit|Kowtow Cleave|p1a: Gholdengo
|-supereffective|p1a: Gholdengo
|-damage|p1a: Gholdengo|0 fnt
|-enditem|p1a: Gholdengo|Air Balloon
|faint|p1a: Gholdengo
|
|-heal|p2a: Kingambit|36/100|[from] item: Leftovers
|upkeep
|
|t:|1757890371
|switch|p1a: Darkrai|Darkrai|100/100
|turn|18
|
|t:|1757890377
|move|p1a: Darkrai|Dark Pulse|p2a: Kingambit
|-resisted|p2a: Kingambit
|-damage|p2a: Kingambit|1/100
|cant|p2a: Kingambit|flinch
|
|-heal|p2a: Kingambit|7/100|[from] item: Leftovers
|upkeep
|turn|19
|
|t:|1757890382
|move|p1a: Darkrai|Dark Pulse|p2a: Kingambit
|-resisted|p2a: Kingambit
|-damage|p2a: Kingambit|0 fnt
|faint|p2a: Kingambit
|-end|p2a: Kingambit|fallen2|[silent]
|
|upkeep
|
|t:|1757890391
|switch|p2a: Iron Treads|Iron Treads|100/100
|turn|20
|
|t:|1757890393
|move|p1a: Darkrai|Focus Blast|p2a: Iron Treads|[miss]
|-miss|p1a: Darkrai|p2a: Iron Treads
|move|p2a: Iron Treads|Earthquake|p1a: Darkrai
|-damage|p1a: Darkrai|41/100
|
|upkeep
|turn|21
|
|t:|1757890398
|move|p1a: Darkrai|Focus Blast|p2a: Iron Treads
|-supereffective|p2a: Iron Treads
|-damage|p2a: Iron Treads|0 fnt
|faint|p2a: Iron Treads
|-end|p2a: Iron Treads|Quark Drive|[silent]
|
|upkeep
|
|t:|1757890400
|switch|p2a: Moltres|Moltres|60/100
|turn|22
|
|t:|1757890405
|move|p1a: Darkrai|Dark Pulse|p2a: Moltres
|-crit|p2a: Moltres
|-damage|p2a: Moltres|0 fnt
|faint|p2a: Moltres
|
|upkeep
|
|t:|1757890407
|switch|p2a: Gholdengo|Gholdengo|54/100
|-activate|p2a: Gholdengo|move: Sticky Web
|-unboost|p2a: Gholdengo|spe|1
|turn|23
|
|t:|1757890410
|move|p1a: Darkrai|Dark Pulse|p2a: Gholdengo
|-supereffective|p2a: Gholdengo
|-damage|p2a: Gholdengo|0 fnt
|faint|p2a: Gholdengo
|
|win|fuhfyjddhh
|raw|fuhfyjddhh's rating: 1537 &rarr; <strong>1558</strong><br />(+21 for winning)
|raw|Chustard's rating: 1556 &rarr; <strong>1535</strong><br />(-21 for losing)
