|j|☆idiyat
|j|☆d3proxd
|t:|1757939760
|gametype|singles
|player|p1|idiyat|cynthia|
|player|p2|d3proxd|veteran|
|gen|9
|tier|[Gen 9] OU
|rule|HP Percentage Mod: HP is shown in percentages
|rule|Endless Battle Clause: Forcing endless battles is banned
|rule|Species Clause: Limit one of each Pokémon
|rule|OHKO Clause: OHKO moves are banned
|rule|Evasion Items Clause: Evasion items are banned
|rule|Evasion Moves Clause: Evasion moves are banned
|rule|Evasion Abilities Clause: Evasion abilities are banned
|rule|Sleep Moves Clause: Sleep-inducing moves are banned
|clearpoke
|poke|p1|Dondozo, F|
|poke|p1|Blissey, F|
|poke|p1|Corviknight, F|
|poke|p1|Weezing-Galar, M|
|poke|p1|Gliscor, M|
|poke|p1|Toxapex, F|
|poke|p2|Ceruledge, M|
|poke|p2|Dragapult, F|
|poke|p2|Enamorus, F|
|poke|p2|Great Tusk|
|poke|p2|Toxapex, F|
|poke|p2|Ninetales, F|
|teampreview
|inactive|Battle timer is ON: inactive players will automatically lose when time's up. (requested by idiyat)
|
|t:|1757939775
|teamsize|p1|6
|teamsize|p2|6
|start
|switch|p1a: Toxapex|Toxapex, F|100/100
|switch|p2a: Dragapult|Dragapult, F|100/100
|turn|1
|
|t:|1757939783
|move|p2a: Dragapult|Phantom Force||[still]
|-prepare|p2a: Dragapult|Phantom Force
|move|p1a: Toxapex|Toxic|p2a: Dragapult
|-status|p2a: Dragapult|tox
|
|-damage|p2a: Dragapult|94/100 tox|[from] psn
|upkeep
|turn|2
|
|t:|1757939792
|move|p2a: Dragapult|Phantom Force|p1a: Toxapex|[from] lockedmove
|-damage|p1a: Toxapex|61/100
|-damage|p2a: Dragapult|85/100 tox|[from] item: Life Orb
|move|p1a: Toxapex|Toxic Spikes|p2a: Dragapult
|-sidestart|p2: d3proxd|move: Toxic Spikes
|
|-heal|p1a: Toxapex|67/100|[from] item: Leftovers
|-damage|p2a: Dragapult|72/100 tox|[from] psn
|upkeep
|turn|3
|
|t:|1757939809
|switch|p2a: Toxapex|Toxapex, F|100/100
|-sideend|p2: d3proxd|move: Toxic Spikes|[of] p2a: Toxapex
|move|p1a: Toxapex|Toxic Spikes|p2a: Toxapex
|-sidestart|p2: d3proxd|move: Toxic Spikes
|
|-heal|p1a: Toxapex|73/100|[from] item: Leftovers
|upkeep
|turn|4
|
|t:|1757939827
|switch|p1a: Gliscor|Gliscor, M|100/100
|move|p2a: Toxapex|Liquidation|p1a: Gliscor
|-supereffective|p1a: Gliscor
|-damage|p1a: Gliscor|63/100
|
|-status|p1a: Gliscor|tox|[from] item: Toxic Orb
|upkeep
|turn|5
|
|t:|1757939836
|move|p1a: Gliscor|Earthquake|p2a: Toxapex
|-supereffective|p2a: Toxapex
|-damage|p2a: Toxapex|53/100
|move|p2a: Toxapex|Liquidation|p1a: Gliscor
|-supereffective|p1a: Gliscor
|-damage|p1a: Gliscor|25/100 tox
|
|-heal|p1a: Gliscor|38/100 tox|[from] ability: Poison Heal
|upkeep
|turn|6
|
|t:|1757939846
|switch|p2a: Enamorus|Enamorus, F|100/100
|move|p1a: Gliscor|Spikes|p2a: Enamorus
|-sidestart|p2: d3proxd|Spikes
|
|-heal|p1a: Gliscor|50/100 tox|[from] ability: Poison Heal
|upkeep
|turn|7
|
|t:|1757939856
|move|p1a: Gliscor|Protect|p1a: Gliscor
|-singleturn|p1a: Gliscor|Protect
|move|p2a: Enamorus|Springtide Storm|p1a: Gliscor
|-activate|p1a: Gliscor|move: Protect
|
|-heal|p1a: Gliscor|63/100 tox|[from] ability: Poison Heal
|upkeep
|turn|8
|
|t:|1757939861
|move|p2a: Enamorus|Springtide Storm|p1a: Gliscor
|-damage|p1a: Gliscor|21/100 tox
|-unboost|p1a: Gliscor|atk|1
|move|p1a: Gliscor|Knock Off|p2a: Enamorus
|-resisted|p2a: Enamorus
|-damage|p2a: Enamorus|90/100
|-enditem|p2a: Enamorus|Assault Vest|[from] move: Knock Off|[of] p1a: Gliscor
|
|-heal|p1a: Gliscor|33/100 tox|[from] ability: Poison Heal
|upkeep
|turn|9
|
|t:|1757939873
|move|p1a: Gliscor|Protect|p1a: Gliscor
|-singleturn|p1a: Gliscor|Protect
|move|p2a: Enamorus|Superpower|p1a: Gliscor
|-activate|p1a: Gliscor|move: Protect
|
|-heal|p1a: Gliscor|46/100 tox|[from] ability: Poison Heal
|upkeep
|turn|10
|
|t:|1757939882
|switch|p1a: Toxapex|Toxapex, F|100/100
|move|p2a: Enamorus|Springtide Storm|p1a: Toxapex
|-resisted|p1a: Toxapex
|-damage|p1a: Toxapex|85/100
|
|-heal|p1a: Toxapex|91/100|[from] item: Leftovers
|upkeep
|turn|11
|
|t:|1757939890
|move|p2a: Enamorus|Earth Power|p1a: Toxapex
|-supereffective|p1a: Toxapex
|-damage|p1a: Toxapex|57/100
|move|p1a: Toxapex|Toxic|p2a: Enamorus
|-status|p2a: Enamorus|tox
|
|-heal|p1a: Toxapex|63/100|[from] item: Leftovers
|-damage|p2a: Enamorus|83/100 tox|[from] psn
|upkeep
|turn|12
|
|t:|1757939901
|switch|p1a: Gliscor|Gliscor, M|46/100 tox
|move|p2a: Enamorus|Earth Power|p1a: Gliscor
|-immune|p1a: Gliscor
|
|-damage|p2a: Enamorus|71/100 tox|[from] psn
|-heal|p1a: Gliscor|58/100 tox|[from] ability: Poison Heal
|upkeep
|turn|13
|
|t:|1757939907
|switch|p2a: Toxapex|Toxapex, F|87/100
|-sideend|p2: d3proxd|move: Toxic Spikes|[of] p2a: Toxapex
|-damage|p2a: Toxapex|75/100|[from] Spikes
|move|p1a: Gliscor|Protect||[still]
|-fail|p1a: Gliscor
|
|-heal|p1a: Gliscor|71/100 tox|[from] ability: Poison Heal
|upkeep
|turn|14
|
|t:|1757939914
|switch|p2a: Enamorus|Enamorus, F|71/100 tox
|move|p1a: Gliscor|Earthquake|p2a: Enamorus
|-immune|p2a: Enamorus
|
|-damage|p2a: Enamorus|65/100 tox|[from] psn
|-heal|p1a: Gliscor|83/100 tox|[from] ability: Poison Heal
|upkeep
|turn|15
|
|t:|1757939922
|move|p2a: Enamorus|Superpower|p1a: Gliscor
|-resisted|p1a: Gliscor
|-damage|p1a: Gliscor|72/100 tox
|-boost|p2a: Enamorus|atk|1
|-boost|p2a: Enamorus|def|1
|move|p1a: Gliscor|Knock Off|p2a: Enamorus
|-resisted|p2a: Enamorus
|-damage|p2a: Enamorus|58/100 tox
|
|-damage|p2a: Enamorus|46/100 tox|[from] psn
|-heal|p1a: Gliscor|85/100 tox|[from] ability: Poison Heal
|upkeep
|turn|16
|
|t:|1757939932
|move|p1a: Gliscor|Protect|p1a: Gliscor
|-singleturn|p1a: Gliscor|Protect
|move|p2a: Enamorus|Springtide Storm|p1a: Gliscor
|-activate|p1a: Gliscor|move: Protect
|
|-damage|p2a: Enamorus|27/100 tox|[from] psn
|-heal|p1a: Gliscor|97/100 tox|[from] ability: Poison Heal
|upkeep
|turn|17
|
|t:|1757939938
|switch|p1a: Toxapex|Toxapex, F|97/100
|move|p2a: Enamorus|Springtide Storm|p1a: Toxapex
|-resisted|p1a: Toxapex
|-damage|p1a: Toxapex|82/100
|
|-heal|p1a: Toxapex|88/100|[from] item: Leftovers
|-damage|p2a: Enamorus|3/100 tox|[from] psn
|upkeep
|turn|18
|
|t:|1757939947
|switch|p1a: Corviknight|Corviknight, F|100/100
|-ability|p1a: Corviknight|Pressure
|move|p2a: Enamorus|Earth Power|p1a: Corviknight
|-immune|p1a: Corviknight
|
|-damage|p2a: Enamorus|0 fnt|[from] psn
|faint|p2a: Enamorus
|upkeep
|
|t:|1757939953
|switch|p2a: Ninetales|Ninetales, F|100/100
|-damage|p2a: Ninetales|88/100|[from] Spikes
|-weather|SunnyDay|[from] ability: Drought|[of] p2a: Ninetales
|turn|19
|
|t:|1757939959
|switch|p1a: Toxapex|Toxapex, F|100/100
|move|p2a: Ninetales|Weather Ball|p1a: Toxapex
|-resisted|p1a: Toxapex
|-damage|p1a: Toxapex|82/100
|-damage|p2a: Ninetales|78/100|[from] item: Life Orb
|
|-weather|SunnyDay|[upkeep]
|-heal|p1a: Toxapex|88/100|[from] item: Leftovers
|upkeep
|turn|20
|
|t:|1757939965
|switch|p2a: Toxapex|Toxapex, F|100/100
|-damage|p2a: Toxapex|88/100|[from] Spikes
|move|p1a: Toxapex|Toxic|p2a: Toxapex
|-immune|p2a: Toxapex
|
|-weather|SunnyDay|[upkeep]
|-heal|p1a: Toxapex|94/100|[from] item: Leftovers
|upkeep
|turn|21
|
|t:|1757939980
|switch|p1a: Gliscor|Gliscor, M|97/100 tox
|move|p2a: Toxapex|Liquidation|p1a: Gliscor
|-supereffective|p1a: Gliscor
|-damage|p1a: Gliscor|81/100 tox
|
|-weather|SunnyDay|[upkeep]
|-heal|p1a: Gliscor|94/100 tox|[from] ability: Poison Heal
|upkeep
|turn|22
|
|t:|1757939987
|move|p2a: Toxapex|Protect|p2a: Toxapex
|-singleturn|p2a: Toxapex|Protect
|move|p1a: Gliscor|Earthquake|p2a: Toxapex
|-activate|p2a: Toxapex|move: Protect
|
|-weather|SunnyDay|[upkeep]
|-heal|p1a: Gliscor|100/100 tox|[from] ability: Poison Heal
|upkeep
|turn|23
|
|t:|1757939992
|switch|p2a: Dragapult|Dragapult, F|72/100 tox
|-damage|p2a: Dragapult|60/100 tox|[from] Spikes
|move|p1a: Gliscor|Earthquake|p2a: Dragapult
|-damage|p2a: Dragapult|22/100 tox
|
|-weather|none
|-damage|p2a: Dragapult|16/100 tox|[from] psn
|upkeep
|turn|24
|
|t:|1757940002
|move|p1a: Gliscor|Protect|p1a: Gliscor
|-singleturn|p1a: Gliscor|Protect
|move|p2a: Dragapult|Dragon Darts|p1a: Gliscor
|-activate|p1a: Gliscor|move: Protect
|
|-damage|p2a: Dragapult|4/100 tox|[from] psn
|upkeep
|turn|25
|
|t:|1757940010
|move|p1a: Gliscor|Protect||[still]
|-fail|p1a: Gliscor
|move|p2a: Dragapult|Dragon Darts|p1a: Gliscor
|-damage|p1a: Gliscor|79/100 tox
|-anim|p2a: Dragapult|Dragon Darts|p1a: Gliscor
|-damage|p1a: Gliscor|57/100 tox
|-damage|p2a: Dragapult|0 fnt|[from] item: Life Orb
|faint|p2a: Dragapult
|
|-heal|p1a: Gliscor|69/100 tox|[from] ability: Poison Heal
|upkeep
|
|t:|1757940015
|switch|p2a: Great Tusk|Great Tusk|100/100
|-damage|p2a: Great Tusk|88/100|[from] Spikes
|turn|26
|
|t:|1757940020
|move|p2a: Great Tusk|Bulk Up|p2a: Great Tusk
|-boost|p2a: Great Tusk|atk|1
|-boost|p2a: Great Tusk|def|1
|move|p1a: Gliscor|Knock Off|p2a: Great Tusk
|-resisted|p2a: Great Tusk
|-damage|p2a: Great Tusk|83/100
|-enditem|p2a: Great Tusk|Eviolite|[from] move: Knock Off|[of] p1a: Gliscor
|
|-heal|p1a: Gliscor|82/100 tox|[from] ability: Poison Heal
|upkeep
|turn|27
|
|t:|1757940035
|switch|p1a: Toxapex|Toxapex, F|100/100
|move|p2a: Great Tusk|Bulk Up|p2a: Great Tusk
|-boost|p2a: Great Tusk|atk|1
|-boost|p2a: Great Tusk|def|1
|
|upkeep
|turn|28
|
|t:|1757940044
|switch|p1a: Gliscor|Gliscor, M|82/100 tox
|move|p2a: Great Tusk|Earthquake|p1a: Gliscor
|-immune|p1a: Gliscor
|
|-heal|p1a: Gliscor|94/100 tox|[from] ability: Poison Heal
|upkeep
|turn|29
|
|t:|1757940052
|move|p2a: Great Tusk|Ice Spinner|p1a: Gliscor
|-supereffective|p1a: Gliscor
|-damage|p1a: Gliscor|0 fnt
|faint|p1a: Gliscor
|
|upkeep
|
|t:|1757940056
|switch|p1a: Dondozo|Dondozo, F|100/100
|turn|30
|
|t:|1757940062
|-end|p2a: Great Tusk|Protosynthesis|[silent]
|switch|p2a: Toxapex|Toxapex, F|100/100
|-damage|p2a: Toxapex|88/100|[from] Spikes
|move|p1a: Dondozo|Avalanche|p2a: Toxapex
|-resisted|p2a: Toxapex
|-damage|p2a: Toxapex|84/100
|
|upkeep
|turn|31
|
|t:|1757940069
|switch|p1a: Toxapex|Toxapex, F|100/100
|move|p2a: Toxapex|Toxic|p1a: Toxapex
|-immune|p1a: Toxapex
|
|upkeep
|turn|32
|
|t:|1757940078
|switch|p2a: Ninetales|Ninetales, F|78/100
|-damage|p2a: Ninetales|66/100|[from] Spikes
|-weather|SunnyDay|[from] ability: Drought|[of] p2a: Ninetales
|move|p1a: Toxapex|Toxic Spikes|p2a: Ninetales
|-sidestart|p2: d3proxd|move: Toxic Spikes
|
|-weather|SunnyDay|[upkeep]
|upkeep
|turn|33
|
|t:|1757940086
|switch|p1a: Dondozo|Dondozo, F|100/100
|move|p2a: Ninetales|Scorching Sands|p1a: Dondozo
|-damage|p1a: Dondozo|83/100
|-damage|p2a: Ninetales|56/100|[from] item: Life Orb
|
|-weather|SunnyDay|[upkeep]
|-heal|p1a: Dondozo|89/100|[from] item: Leftovers
|upkeep
|turn|34
|
|t:|1757940094
|move|p2a: Ninetales|Solar Beam||[still]
|-prepare|p2a: Ninetales|Solar Beam
|-anim|p2a: Ninetales|Solar Beam|p1a: Dondozo
|-supereffective|p1a: Dondozo
|-damage|p1a: Dondozo|28/100
|-damage|p2a: Ninetales|46/100|[from] item: Life Orb
|move|p1a: Dondozo|Body Press|p2a: Ninetales
|-damage|p2a: Ninetales|8/100
|
|-weather|SunnyDay|[upkeep]
|-heal|p1a: Dondozo|34/100|[from] item: Leftovers
|upkeep
|turn|35
|
|t:|1757940108
|switch|p1a: Corviknight|Corviknight, F|100/100
|-ability|p1a: Corviknight|Pressure
|move|p2a: Ninetales|Solar Beam||[still]
|-prepare|p2a: Ninetales|Solar Beam
|-anim|p2a: Ninetales|Solar Beam|p1a: Corviknight
|-resisted|p1a: Corviknight
|-damage|p1a: Corviknight|93/100
|-damage|p2a: Ninetales|0 fnt|[from] item: Life Orb
|faint|p2a: Ninetales
|
|-weather|SunnyDay|[upkeep]
|-heal|p1a: Corviknight|99/100|[from] item: Leftovers
|upkeep
|
|t:|1757940112
|switch|p2a: Ceruledge|Ceruledge, M|100/100
|-damage|p2a: Ceruledge|88/100|[from] Spikes
|-status|p2a: Ceruledge|psn
|turn|36
|
|t:|1757940120
|move|p2a: Ceruledge|Bitter Blade|p1a: Corviknight
|-supereffective|p1a: Corviknight
|-damage|p1a: Corviknight|27/100
|-heal|p2a: Ceruledge|100/100 psn|[from] drain|[of] p1a: Corviknight
|move|p1a: Corviknight|Iron Defense|p1a: Corviknight
|-boost|p1a: Corviknight|def|2
|
|-weather|none
|-heal|p1a: Corviknight|33/100|[from] item: Leftovers
|-damage|p2a: Ceruledge|88/100 psn|[from] psn
|upkeep
|turn|37
|
|t:|1757940127
|-terastallize|p1a: Corviknight|Fighting
|move|p2a: Ceruledge|Bitter Blade|p1a: Corviknight
|-damage|p1a: Corviknight|20/100
|-heal|p2a: Ceruledge|97/100 psn|[from] drain|[of] p1a: Corviknight
|move|p1a: Corviknight|Roost|p1a: Corviknight
|-heal|p1a: Corviknight|70/100
|
|-heal|p1a: Corviknight|77/100|[from] item: Leftovers
|-damage|p2a: Ceruledge|85/100 psn|[from] psn
|upkeep
|turn|38
|
|t:|1757940134
|move|p2a: Ceruledge|Swords Dance|p2a: Ceruledge
|-boost|p2a: Ceruledge|atk|2
|move|p1a: Corviknight|Iron Defense|p1a: Corviknight
|-boost|p1a: Corviknight|def|2
|
|-heal|p1a: Corviknight|83/100|[from] item: Leftovers
|-damage|p2a: Ceruledge|72/100 psn|[from] psn
|upkeep
|turn|39
|
|t:|1757940139
|move|p2a: Ceruledge|Swords Dance|p2a: Ceruledge
|-boost|p2a: Ceruledge|atk|2
|move|p1a: Corviknight|Iron Defense|p1a: Corviknight
|-boost|p1a: Corviknight|def|2
|
|-heal|p1a: Corviknight|89/100|[from] item: Leftovers
|-damage|p2a: Ceruledge|60/100 psn|[from] psn
|upkeep
|turn|40
|
|t:|1757940146
|move|p2a: Ceruledge|Bitter Blade|p1a: Corviknight
|-damage|p1a: Corviknight|72/100
|-heal|p2a: Ceruledge|72/100 psn|[from] drain|[of] p1a: Corviknight
|move|p1a: Corviknight|Iron Defense|p1a: Corviknight
|-boost|p1a: Corviknight|def|0
|
|-heal|p1a: Corviknight|78/100|[from] item: Leftovers
|-damage|p2a: Ceruledge|59/100 psn|[from] psn
|upkeep
|turn|41
|
|t:|1757940151
|move|p2a: Ceruledge|Swords Dance|p2a: Ceruledge
|-boost|p2a: Ceruledge|atk|2
|move|p1a: Corviknight|Roost|p1a: Corviknight
|-heal|p1a: Corviknight|100/100
|
|-damage|p2a: Ceruledge|47/100 psn|[from] psn
|upkeep
|turn|42
|
|t:|1757940156
|move|p2a: Ceruledge|Bitter Blade|p1a: Corviknight
|-damage|p1a: Corviknight|76/100
|-heal|p2a: Ceruledge|63/100 psn|[from] drain|[of] p1a: Corviknight
|move|p1a: Corviknight|Body Press|p2a: Ceruledge
|-immune|p2a: Ceruledge
|
|-heal|p1a: Corviknight|83/100|[from] item: Leftovers
|-damage|p2a: Ceruledge|51/100 psn|[from] psn
|upkeep
|turn|43
|
|t:|1757940166
|move|p2a: Ceruledge|Poltergeist|p1a: Corviknight
|-activate|p1a: Corviknight|move: Poltergeist|Leftovers
|-damage|p1a: Corviknight|51/100
|move|p1a: Corviknight|Iron Defense|p1a: Corviknight
|-boost|p1a: Corviknight|def|0
|
|-heal|p1a: Corviknight|57/100|[from] item: Leftovers
|-damage|p2a: Ceruledge|38/100 psn|[from] psn
|upkeep
|turn|44
|
|t:|1757940173
|move|p2a: Ceruledge|Poltergeist|p1a: Corviknight
|-activate|p1a: Corviknight|move: Poltergeist|Leftovers
|-damage|p1a: Corviknight|28/100
|move|p1a: Corviknight|Roost|p1a: Corviknight
|-heal|p1a: Corviknight|78/100
|
|-heal|p1a: Corviknight|84/100|[from] item: Leftovers
|-damage|p2a: Ceruledge|26/100 psn|[from] psn
|upkeep
|turn|45
|
|t:|1757940178
|move|p2a: Ceruledge|Poltergeist|p1a: Corviknight
|-activate|p1a: Corviknight|move: Poltergeist|Leftovers
|-damage|p1a: Corviknight|52/100
|move|p1a: Corviknight|Roost|p1a: Corviknight
|-heal|p1a: Corviknight|100/100
|
|-damage|p2a: Ceruledge|14/100 psn|[from] psn
|upkeep
|turn|46
|
|t:|1757940185
|move|p2a: Ceruledge|Poltergeist|p1a: Corviknight
|-activate|p1a: Corviknight|move: Poltergeist|Leftovers
|-damage|p1a: Corviknight|69/100
|move|p1a: Corviknight|Iron Defense|p1a: Corviknight
|-boost|p1a: Corviknight|def|0
|
|-heal|p1a: Corviknight|75/100|[from] item: Leftovers
|-damage|p2a: Ceruledge|1/100 psn|[from] psn
|upkeep
|turn|47
|
|t:|1757940190
|move|p2a: Ceruledge|Bitter Blade|p1a: Corviknight
|-damage|p1a: Corviknight|49/100
|-heal|p2a: Ceruledge|19/100 psn|[from] drain|[of] p1a: Corviknight
|move|p1a: Corviknight|Roost|p1a: Corviknight
|-heal|p1a: Corviknight|99/100
|
|-heal|p1a: Corviknight|100/100|[from] item: Leftovers
|-damage|p2a: Ceruledge|7/100 psn|[from] psn
|upkeep
|turn|48
|
|t:|1757940198
|move|p2a: Ceruledge|Bitter Blade|p1a: Corviknight
|-damage|p1a: Corviknight|77/100
|-heal|p2a: Ceruledge|22/100 psn|[from] drain|[of] p1a: Corviknight
|move|p1a: Corviknight|Roost|p1a: Corviknight
|-heal|p1a: Corviknight|100/100
|
|-damage|p2a: Ceruledge|10/100 psn|[from] psn
|upkeep
|turn|49
|
|t:|1757940206
|move|p2a: Ceruledge|Bitter Blade|p1a: Corviknight
|-damage|p1a: Corviknight|75/100
|-heal|p2a: Ceruledge|27/100 psn|[from] drain|[of] p1a: Corviknight
|move|p1a: Corviknight|Iron Defense|p1a: Corviknight
|-boost|p1a: Corviknight|def|0
|
|-heal|p1a: Corviknight|81/100|[from] item: Leftovers
|-damage|p2a: Ceruledge|15/100 psn|[from] psn
|upkeep
|turn|50
|
|t:|1757940214
|move|p2a: Ceruledge|Bitter Blade|p1a: Corviknight
|-damage|p1a: Corviknight|58/100
|-heal|p2a: Ceruledge|31/100 psn|[from] drain|[of] p1a: Corviknight
|move|p1a: Corviknight|Iron Defense|p1a: Corviknight
|-boost|p1a: Corviknight|def|0
|
|-heal|p1a: Corviknight|64/100|[from] item: Leftovers
|-damage|p2a: Ceruledge|18/100 psn|[from] psn
|upkeep
|turn|51
|
|t:|1757940219
|move|p2a: Ceruledge|Shadow Sneak|p1a: Corviknight
|-damage|p1a: Corviknight|53/100
|move|p1a: Corviknight|Roost|p1a: Corviknight
|-heal|p1a: Corviknight|100/100
|
|-damage|p2a: Ceruledge|6/100 psn|[from] psn
|upkeep
|turn|52
|c|☆idiyat|Lol
|
|t:|1757940230
|move|p2a: Ceruledge|Shadow Sneak|p1a: Corviknight
|-damage|p1a: Corviknight|88/100
|move|p1a: Corviknight|Iron Defense|p1a: Corviknight
|-boost|p1a: Corviknight|def|0
|
|-heal|p1a: Corviknight|95/100|[from] item: Leftovers
|-damage|p2a: Ceruledge|0 fnt|[from] psn
|faint|p2a: Ceruledge
|upkeep
|
|t:|1757940232
|switch|p2a: Toxapex|Toxapex, F|100/100
|-damage|p2a: Toxapex|88/100|[from] Spikes
|-sideend|p2: d3proxd|move: Toxic Spikes|[of] p2a: Toxapex
|turn|53
|
|t:|1757940236
|move|p1a: Corviknight|Body Press|p2a: Toxapex
|-resisted|p2a: Toxapex
|-damage|p2a: Toxapex|32/100
|move|p2a: Toxapex|Toxic|p1a: Corviknight
|-status|p1a: Corviknight|tox
|
|-heal|p1a: Corviknight|100/100 tox|[from] item: Leftovers
|-damage|p1a: Corviknight|94/100 tox|[from] psn
|upkeep
|turn|54
|
|t:|1757940241
|move|p2a: Toxapex|Protect|p2a: Toxapex
|-singleturn|p2a: Toxapex|Protect
|move|p1a: Corviknight|Body Press|p2a: Toxapex
|-activate|p2a: Toxapex|move: Protect
|
|-heal|p1a: Corviknight|100/100 tox|[from] item: Leftovers
|-damage|p1a: Corviknight|88/100 tox|[from] psn
|upkeep
|turn|55
|
|t:|1757940248
|move|p1a: Corviknight|Body Press|p2a: Toxapex
|-resisted|p2a: Toxapex
|-damage|p2a: Toxapex|0 fnt
|faint|p2a: Toxapex
|
|-heal|p1a: Corviknight|94/100 tox|[from] item: Leftovers
|-damage|p1a: Corviknight|75/100 tox|[from] psn
|upkeep
|
|t:|1757940251
|switch|p2a: Great Tusk|Great Tusk|83/100
|-damage|p2a: Great Tusk|71/100|[from] Spikes
|turn|56
|
|t:|1757940270
|move|p2a: Great Tusk|Bulk Up|p2a: Great Tusk
|-boost|p2a: Great Tusk|atk|1
|-boost|p2a: Great Tusk|def|1
|move|p1a: Corviknight|Body Press|p2a: Great Tusk
|-damage|p2a: Great Tusk|0 fnt
|faint|p2a: Great Tusk
|-end|p2a: Great Tusk|Protosynthesis|[silent]
|
|win|idiyat
|c|☆idiyat|Gg
|c|☆d3proxd|Extreme defensive
|c|☆idiyat|Lol
|c|☆d3proxd|Pensive
|c|☆idiyat|xd
