|badge|p2|bronze|gen9ou|100-6
|uhtml|medal-msg|<div class="broadcast-blue">Curious what those medals under the avatar are? PS now has Ladder Seasons! For more information, check out the <a href="https://www.smogon.com/forums/threads/3740067/">thread on Smogon.</a></div>
|j|☆ascended tusk 69
|j|☆Flex Plays Only
|t:|1757788736
|gametype|singles
|player|p1|ascended tusk 69|biker|1722
|player|p2|Flex Plays Only|miku-fairy|1804
|gen|9
|tier|[Gen 9] OU
|rated|
|rule|HP Percentage Mod: HP is shown in percentages
|rule|Endless Battle Clause: Forcing endless battles is banned
|rule|Species Clause: Limit one of each Pokémon
|rule|OHKO Clause: OHKO moves are banned
|rule|Evasion Items Clause: Evasion items are banned
|rule|Evasion Moves Clause: Evasion moves are banned
|rule|Evasion Abilities Clause: Evasion abilities are banned
|rule|Sleep Moves Clause: Sleep-inducing moves are banned
|clearpoke
|poke|p1|Ninetales-Alola, M|
|poke|p1|Serperior, M|
|poke|p1|Iron Valiant|
|poke|p1|Kingambit, M|
|poke|p1|Latias, F|
|poke|p1|Gliscor, F|
|poke|p2|Rillaboom, M|
|poke|p2|Ogerpon-Wellspring, F|
|poke|p2|Ting-Lu|
|poke|p2|Raging Bolt|
|poke|p2|Gholdengo|
|poke|p2|Okidogi, M|
|teampreview
|inactive|Battle timer is ON: inactive players will automatically lose when time's up. (requested by Flex Plays Only)
|
|t:|1757788758
|teamsize|p1|6
|teamsize|p2|6
|start
|switch|p1a: 69tales|Ninetales-Alola, M|100/100
|switch|p2a: Okidogi|Okidogi, M|100/100
|-weather|Snowscape|[from] ability: Snow Warning|[of] p1a: 69tales
|turn|1
|
|t:|1757788761
|move|p1a: 69tales|Aurora Veil|p1a: 69tales
|-sidestart|p1: ascended tusk 69|move: Aurora Veil
|move|p2a: Okidogi|Knock Off|p1a: 69tales
|-resisted|p1a: 69tales
|-damage|p1a: 69tales|94/100
|-enditem|p1a: 69tales|Light Clay|[from] move: Knock Off|[of] p2a: Okidogi
|
|-weather|Snowscape|[upkeep]
|upkeep
|turn|2
|
|t:|1757788767
|switch|p1a: Himiko|Gliscor, F|100/100
|move|p2a: Okidogi|Knock Off|p1a: Himiko
|-damage|p1a: Himiko|87/100
|-status|p1a: Himiko|tox|[from] ability: Toxic Chain|[of] p2a: Okidogi
|-enditem|p1a: Himiko|Toxic Orb|[from] move: Knock Off|[of] p2a: Okidogi
|
|-weather|Snowscape|[upkeep]
|-heal|p1a: Himiko|99/100 tox|[from] ability: Poison Heal
|upkeep
|turn|3
|c|☆ascended tusk 69|lol
|c|☆Flex Plays Only|Was hoping that wouldn’t happen
|c|☆Flex Plays Only|but alas
|
|t:|1757788782
|switch|p2a: Ting-Lu|Ting-Lu|100/100
|-ability|p2a: Ting-Lu|Vessel of Ruin
|move|p1a: Himiko|Agility|p1a: Himiko
|-boost|p1a: Himiko|spe|2
|
|-weather|Snowscape|[upkeep]
|-heal|p1a: Himiko|100/100 tox|[from] ability: Poison Heal
|upkeep
|turn|4
|
|t:|1757788785
|move|p1a: Himiko|Earthquake|p2a: Ting-Lu
|-damage|p2a: Ting-Lu|76/100
|move|p2a: Ting-Lu|Stealth Rock|p1a: Himiko
|-sidestart|p1: ascended tusk 69|move: Stealth Rock
|
|-weather|Snowscape|[upkeep]
|upkeep
|turn|5
|
|t:|1757788790
|move|p1a: Himiko|Earthquake|p2a: Ting-Lu
|-damage|p2a: Ting-Lu|50/100
|move|p2a: Ting-Lu|Whirlwind|p1a: Himiko
|drag|p1a: 69tales|Ninetales-Alola, M|94/100
|-damage|p1a: 69tales|70/100|[from] Stealth Rock
|
|-weather|none
|upkeep
|turn|6
|
|t:|1757788794
|switch|p2a: Okidogi|Okidogi, M|100/100
|move|p1a: 69tales|Snowscape|p1a: 69tales
|-weather|Snowscape
|
|-weather|Snowscape|[upkeep]
|upkeep
|turn|7
|
|t:|1757788802
|move|p1a: 69tales|Freeze-Dry|p2a: Okidogi
|-damage|p2a: Okidogi|83/100
|move|p2a: Okidogi|Drain Punch|p1a: 69tales
|-damage|p1a: 69tales|56/100
|-heal|p2a: Okidogi|89/100|[from] drain|[of] p1a: 69tales
|-status|p1a: 69tales|tox|[from] ability: Toxic Chain|[of] p2a: Okidogi
|
|-weather|Snowscape|[upkeep]
|-heal|p2a: Okidogi|95/100|[from] item: Leftovers
|-damage|p1a: 69tales|50/100 tox|[from] psn
|upkeep
|turn|8
|
|t:|1757788807
|move|p1a: 69tales|Freeze-Dry|p2a: Okidogi
|-damage|p2a: Okidogi|80/100
|move|p2a: Okidogi|Drain Punch|p1a: 69tales
|-damage|p1a: 69tales|36/100 tox
|-heal|p2a: Okidogi|86/100|[from] drain|[of] p1a: 69tales
|
|-weather|Snowscape|[upkeep]
|-heal|p2a: Okidogi|92/100|[from] item: Leftovers
|-damage|p1a: 69tales|24/100 tox|[from] psn
|-sideend|p1: ascended tusk 69|move: Aurora Veil
|upkeep
|turn|9
|
|t:|1757788812
|move|p1a: 69tales|Aurora Veil|p1a: 69tales
|-sidestart|p1: ascended tusk 69|move: Aurora Veil
|move|p2a: Okidogi|Bulk Up|p2a: Okidogi
|-boost|p2a: Okidogi|atk|1
|-boost|p2a: Okidogi|def|1
|
|-weather|Snowscape|[upkeep]
|-heal|p2a: Okidogi|98/100|[from] item: Leftovers
|-damage|p1a: 69tales|6/100 tox|[from] psn
|upkeep
|turn|10
|
|t:|1757788816
|move|p1a: 69tales|Encore|p2a: Okidogi
|-start|p2a: Okidogi|Encore
|move|p2a: Okidogi|Bulk Up|p2a: Okidogi
|-boost|p2a: Okidogi|atk|1
|-boost|p2a: Okidogi|def|1
|
|-weather|none
|-heal|p2a: Okidogi|100/100|[from] item: Leftovers
|-damage|p1a: 69tales|0 fnt|[from] psn
|faint|p1a: 69tales
|upkeep
|
|t:|1757788821
|switch|p1a: Serp Gaming|Serperior, M|100/100
|-damage|p1a: Serp Gaming|88/100|[from] Stealth Rock
|turn|11
|inactive|ascended tusk 69 has 120 seconds left.
|
|t:|1757788853
|move|p1a: Serp Gaming|Leaf Storm|p2a: Okidogi
|-resisted|p2a: Okidogi
|-damage|p2a: Okidogi|83/100
|-boost|p1a: Serp Gaming|spa|2
|move|p2a: Okidogi|Bulk Up|p2a: Okidogi
|-boost|p2a: Okidogi|atk|1
|-boost|p2a: Okidogi|def|1
|
|-heal|p1a: Serp Gaming|94/100|[from] item: Leftovers
|-heal|p2a: Okidogi|89/100|[from] item: Leftovers
|upkeep
|turn|12
|
|t:|1757788856
|move|p1a: Serp Gaming|Leaf Storm|p2a: Okidogi
|-resisted|p2a: Okidogi
|-damage|p2a: Okidogi|57/100
|-boost|p1a: Serp Gaming|spa|2
|move|p2a: Okidogi|Bulk Up|p2a: Okidogi
|-boost|p2a: Okidogi|atk|1
|-boost|p2a: Okidogi|def|1
|
|-heal|p1a: Serp Gaming|99/100|[from] item: Leftovers
|-heal|p2a: Okidogi|63/100|[from] item: Leftovers
|-end|p2a: Okidogi|Encore
|upkeep
|turn|13
|
|t:|1757788868
|move|p1a: Serp Gaming|Leaf Storm|p2a: Okidogi
|-resisted|p2a: Okidogi
|-damage|p2a: Okidogi|11/100
|-boost|p1a: Serp Gaming|spa|2
|move|p2a: Okidogi|Drain Punch|p1a: Serp Gaming
|-damage|p1a: Serp Gaming|45/100
|-heal|p2a: Okidogi|35/100|[from] drain|[of] p1a: Serp Gaming
|
|-heal|p1a: Serp Gaming|50/100|[from] item: Leftovers
|-heal|p2a: Okidogi|41/100|[from] item: Leftovers
|-sideend|p1: ascended tusk 69|move: Aurora Veil
|upkeep
|turn|14
|
|t:|1757788875
|move|p1a: Serp Gaming|Leaf Storm|p2a: Okidogi
|-resisted|p2a: Okidogi
|-damage|p2a: Okidogi|0 fnt
|faint|p2a: Okidogi
|
|-heal|p1a: Serp Gaming|56/100|[from] item: Leftovers
|upkeep
|
|t:|1757788881
|switch|p2a: Raging Bolt|Raging Bolt|100/100
|turn|15
|
|t:|1757788889
|move|p1a: Serp Gaming|Substitute|p1a: Serp Gaming
|-start|p1a: Serp Gaming|Substitute
|-damage|p1a: Serp Gaming|32/100
|move|p2a: Raging Bolt|Tera Blast|p1a: Serp Gaming
|-crit|p1a: Serp Gaming
|-end|p1a: Serp Gaming|Substitute
|
|-heal|p1a: Serp Gaming|38/100|[from] item: Leftovers
|upkeep
|turn|16
|
|t:|1757788893
|move|p1a: Serp Gaming|Leech Seed|p2a: Raging Bolt
|-start|p2a: Raging Bolt|move: Leech Seed
|move|p2a: Raging Bolt|Tera Blast|p1a: Serp Gaming
|-damage|p1a: Serp Gaming|3/100
|
|-heal|p1a: Serp Gaming|9/100|[from] item: Leftovers
|-damage|p2a: Raging Bolt|88/100|[from] Leech Seed|[of] p1a: Serp Gaming
|-heal|p1a: Serp Gaming|25/100|[silent]
|upkeep
|turn|17
|
|t:|1757788906
|-end|p2a: Raging Bolt|Protosynthesis|[silent]
|switch|p2a: Ting-Lu|Ting-Lu|50/100
|-ability|p2a: Ting-Lu|Vessel of Ruin
|move|p1a: Serp Gaming|Leaf Storm|p2a: Ting-Lu
|-supereffective|p2a: Ting-Lu
|-crit|p2a: Ting-Lu
|-damage|p2a: Ting-Lu|0 fnt
|faint|p2a: Ting-Lu
|
|-heal|p1a: Serp Gaming|31/100|[from] item: Leftovers
|upkeep
|
|t:|1757788914
|switch|p2a: Rillaboom|Rillaboom, M|100/100
|-fieldstart|move: Grassy Terrain|[from] ability: Grassy Surge|[of] p2a: Rillaboom
|turn|18
|
|t:|1757788917
|move|p2a: Rillaboom|Grassy Glide|p1a: Serp Gaming
|-resisted|p1a: Serp Gaming
|-damage|p1a: Serp Gaming|0 fnt
|faint|p1a: Serp Gaming
|
|upkeep
|
|t:|1757788922
|switch|p1a: Himiko|Gliscor, F|100/100 tox
|-damage|p1a: Himiko|88/100 tox|[from] Stealth Rock
|turn|19
|
|t:|1757788931
|switch|p2a: Gholdengo|Gholdengo|100/100
|-enditem|p2a: Gholdengo|Grassy Seed
|-boost|p2a: Gholdengo|def|1|[from] item: Grassy Seed
|move|p1a: Himiko|Agility|p1a: Himiko
|-boost|p1a: Himiko|spe|2
|
|-heal|p1a: Himiko|100/100 tox|[from] ability: Poison Heal
|upkeep
|turn|20
|
|t:|1757788934
|move|p1a: Himiko|Swords Dance|p1a: Himiko
|-boost|p1a: Himiko|atk|2
|move|p2a: Gholdengo|Nasty Plot|p2a: Gholdengo
|-boost|p2a: Gholdengo|spa|2
|
|upkeep
|turn|21
|
|t:|1757788937
|move|p1a: Himiko|Earthquake|p2a: Gholdengo
|-supereffective|p2a: Gholdengo
|-damage|p2a: Gholdengo|32/100
|move|p2a: Gholdengo|Shadow Ball|p1a: Himiko
|-damage|p1a: Himiko|0 fnt
|faint|p1a: Himiko
|
|-heal|p2a: Gholdengo|38/100|[from] Grassy Terrain
|upkeep
|
|t:|1757788948
|switch|p1a: BLUE SHELL|Kingambit, M|100/100
|-damage|p1a: BLUE SHELL|94/100|[from] Stealth Rock
|-activate|p1a: BLUE SHELL|ability: Supreme Overlord
|-start|p1a: BLUE SHELL|fallen3|[silent]
|turn|22
|
|t:|1757788951
|move|p2a: Gholdengo|Dazzling Gleam|p1a: BLUE SHELL
|-damage|p1a: BLUE SHELL|23/100
|move|p1a: BLUE SHELL|Kowtow Cleave|p2a: Gholdengo
|-supereffective|p2a: Gholdengo
|-damage|p2a: Gholdengo|0 fnt
|faint|p2a: Gholdengo
|
|-heal|p1a: BLUE SHELL|29/100|[from] Grassy Terrain
|-heal|p1a: BLUE SHELL|35/100|[from] item: Leftovers
|-fieldend|move: Grassy Terrain
|upkeep
|
|t:|1757788959
|switch|p2a: Ogerpon|Ogerpon-Wellspring, F|100/100
|turn|23
|
|t:|1757788965
|move|p2a: Ogerpon|Ivy Cudgel|p1a: BLUE SHELL|[anim] Ivy Cudgel Water
|-damage|p1a: BLUE SHELL|0 fnt
|faint|p1a: BLUE SHELL
|-end|p1a: BLUE SHELL|fallen3|[silent]
|
|upkeep
|
|t:|1757788969
|switch|p1a: WINGED SHELL|Iron Valiant|100/100
|-damage|p1a: WINGED SHELL|94/100|[from] Stealth Rock
|-enditem|p1a: WINGED SHELL|Booster Energy
|-activate|p1a: WINGED SHELL|ability: Quark Drive|[fromitem]
|-start|p1a: WINGED SHELL|quarkdrivespe
|turn|24
|
|t:|1757788975
|move|p1a: WINGED SHELL|Swords Dance|p1a: WINGED SHELL
|-boost|p1a: WINGED SHELL|atk|2
|move|p2a: Ogerpon|Play Rough|p1a: WINGED SHELL|[miss]
|-miss|p2a: Ogerpon|p1a: WINGED SHELL
|
|upkeep
|turn|25
|
|t:|1757788984
|move|p1a: WINGED SHELL|Close Combat|p2a: Ogerpon
|-damage|p2a: Ogerpon|0 fnt
|-unboost|p1a: WINGED SHELL|def|1
|-unboost|p1a: WINGED SHELL|spd|1
|faint|p2a: Ogerpon
|
|upkeep
|
|t:|1757788987
|switch|p2a: Rillaboom|Rillaboom, M|100/100
|-fieldstart|move: Grassy Terrain|[from] ability: Grassy Surge|[of] p2a: Rillaboom
|turn|26
|
|t:|1757788989
|move|p2a: Rillaboom|Grassy Glide|p1a: WINGED SHELL
|-damage|p1a: WINGED SHELL|0 fnt
|faint|p1a: WINGED SHELL
|-end|p1a: WINGED SHELL|Quark Drive|[silent]
|
|upkeep
|
|t:|1757788992
|switch|p1a: Goatias|Latias, F|100/100
|-damage|p1a: Goatias|88/100|[from] Stealth Rock
|turn|27
|
|t:|1757788995
|switch|p2a: Raging Bolt|Raging Bolt|88/100
|-enditem|p2a: Raging Bolt|Grassy Seed
|-boost|p2a: Raging Bolt|def|1|[from] item: Grassy Seed
|move|p1a: Goatias|Calm Mind|p1a: Goatias
|-boost|p1a: Goatias|spa|1
|-boost|p1a: Goatias|spd|1
|
|-heal|p1a: Goatias|94/100|[from] item: Leftovers
|-heal|p2a: Raging Bolt|94/100|[from] Grassy Terrain
|upkeep
|turn|28
|
|t:|1757788999
|-terastallize|p1a: Goatias|Poison
|-terastallize|p2a: Raging Bolt|Ice
|move|p1a: Goatias|Calm Mind|p1a: Goatias
|-boost|p1a: Goatias|spa|1
|-boost|p1a: Goatias|spd|1
|move|p2a: Raging Bolt|Calm Mind|p2a: Raging Bolt
|-boost|p2a: Raging Bolt|spa|1
|-boost|p2a: Raging Bolt|spd|1
|
|-heal|p1a: Goatias|99/100|[from] item: Leftovers
|-heal|p2a: Raging Bolt|100/100|[from] Grassy Terrain
|upkeep
|turn|29
|
|t:|1757789004
|move|p1a: Goatias|Calm Mind|p1a: Goatias
|-boost|p1a: Goatias|spa|1
|-boost|p1a: Goatias|spd|1
|move|p2a: Raging Bolt|Thunderbolt|p1a: Goatias
|-damage|p1a: Goatias|76/100
|
|-heal|p1a: Goatias|82/100|[from] item: Leftovers
|upkeep
|turn|30
|
|t:|1757789007
|move|p1a: Goatias|Calm Mind|p1a: Goatias
|-boost|p1a: Goatias|spa|1
|-boost|p1a: Goatias|spd|1
|move|p2a: Raging Bolt|Thunderbolt|p1a: Goatias
|-damage|p1a: Goatias|62/100
|
|-heal|p1a: Goatias|68/100|[from] item: Leftovers
|-fieldend|move: Grassy Terrain
|upkeep
|turn|31
|
|t:|1757789028
|move|p1a: Goatias|Calm Mind|p1a: Goatias
|-boost|p1a: Goatias|spa|1
|-boost|p1a: Goatias|spd|1
|move|p2a: Raging Bolt|Thunderbolt|p1a: Goatias
|-damage|p1a: Goatias|51/100
|
|-heal|p1a: Goatias|58/100|[from] item: Leftovers
|upkeep
|turn|32
|
|t:|1757789030
|move|p1a: Goatias|Stored Power|p2a: Raging Bolt
|-damage|p2a: Raging Bolt|0 fnt
|faint|p2a: Raging Bolt
|-end|p2a: Raging Bolt|Protosynthesis|[silent]
|
|-heal|p1a: Goatias|64/100|[from] item: Leftovers
|upkeep
|-message|Flex Plays Only forfeited.
|
|win|ascended tusk 69
|raw|ascended tusk 69's rating: 1722 &rarr; <strong>1747</strong><br />(+25 for winning)
|raw|Flex Plays Only's rating: 1804 &rarr; <strong>1779</strong><br />(-25 for losing)
|l|☆Flex Plays Only
|player|p2|
|l|☆ascended tusk 69
|player|p1|
