|j|☆SimonQ3
|j|☆KawaiiRatKing
|t:|1757868847
|gametype|singles
|player|p1|SimonQ3|harlequin|1094
|player|p2|KawaiiRatKing|169|1077
|gen|9
|tier|[Gen 9] OU
|rated|
|rule|HP Percentage Mod: HP is shown in percentages
|rule|Endless Battle Clause: Forcing endless battles is banned
|rule|Species Clause: Limit one of each Pokémon
|rule|OHKO Clause: OHKO moves are banned
|rule|Evasion Items Clause: Evasion items are banned
|rule|Evasion Moves Clause: Evasion moves are banned
|rule|Evasion Abilities Clause: Evasion abilities are banned
|rule|Sleep Moves Clause: Sleep-inducing moves are banned
|clearpoke
|poke|p1|Inteleon, M|
|poke|p1|Grimmsnarl, M|
|poke|p1|Magmar, M|
|poke|p1|Bronzong|
|poke|p1|Vikavolt, M|
|poke|p1|Glimmora, M|
|poke|p2|Clodsire, F|
|poke|p2|Quagsire, F|
|poke|p2|Clefable, F|
|poke|p2|Dondozo, F|
|poke|p2|Skeledirge, F|
|poke|p2|Tornadus-Therian, M|
|teampreview
|inactive|Battle timer is ON: inactive players will automatically lose when time's up. (requested by SimonQ3)
|
|t:|1757868885
|teamsize|p1|6
|teamsize|p2|6
|start
|switch|p1a: Inteleon|Inteleon, M|100/100
|switch|p2a: Clefable|Clefable, F|100/100
|turn|1
|
|t:|1757868901
|-terastallize|p1a: Inteleon|Water
|move|p1a: Inteleon|Snipe Shot|p2a: Clefable
|-damage|p2a: Clefable|25/100
|move|p2a: Clefable|Moonblast|p1a: Inteleon
|-damage|p1a: Inteleon|0 fnt
|faint|p1a: Inteleon
|
|upkeep
|
|t:|1757868912
|switch|p1a: Vikavolt|Vikavolt, M, shiny|100/100
|turn|2
|
|t:|1757868931
|move|p1a: Vikavolt|Thunderbolt|p2a: Clefable
|-damage|p2a: Clefable|0 fnt
|faint|p2a: Clefable
|
|upkeep
|
|t:|1757868940
|switch|p2a: Skeledirge|Skeledirge, F|100/100
|turn|3
|
|t:|1757868949
|switch|p1a: Glimmora|Glimmora, M, shiny|100/100
|move|p2a: Skeledirge|Torch Song|p1a: Glimmora
|-resisted|p1a: Glimmora
|-damage|p1a: Glimmora|82/100
|-boost|p2a: Skeledirge|spa|1
|
|upkeep
|turn|4
|
|t:|1757868958
|move|p1a: Glimmora|Power Gem|p2a: Skeledirge
|-supereffective|p2a: Skeledirge
|-damage|p2a: Skeledirge|51/100
|move|p2a: Skeledirge|Earth Power|p1a: Glimmora
|-supereffective|p1a: Glimmora
|-damage|p1a: Glimmora|0 fnt
|faint|p1a: Glimmora
|
|upkeep
|
|t:|1757868971
|switch|p1a: Magmar|Magmar, M|100/100
|turn|5
|
|t:|1757869000
|-terastallize|p2a: Skeledirge|Ghost
|move|p1a: Magmar|Knock Off|p2a: Skeledirge
|-supereffective|p2a: Skeledirge
|-damage|p2a: Skeledirge|19/100
|-enditem|p2a: Skeledirge|Assault Vest|[from] move: Knock Off|[of] p1a: Magmar
|move|p2a: Skeledirge|Shadow Ball|p1a: Magmar
|-damage|p1a: Magmar|52/100
|
|upkeep
|turn|6
|
|t:|1757869012
|move|p1a: Magmar|Overheat|p2a: Skeledirge
|-damage|p2a: Skeledirge|0 fnt
|-unboost|p1a: Magmar|spa|2
|faint|p2a: Skeledirge
|
|upkeep
|inactive|KawaiiRatKing has 120 seconds left.
|
|t:|1757869024
|switch|p2a: Quagsire|Quagsire, F|100/100
|turn|7
|
|t:|1757869029
|switch|p1a: Vikavolt|Vikavolt, M, shiny|100/100
|move|p2a: Quagsire|Earthquake|p1a: Vikavolt
|-immune|p1a: Vikavolt|[from] ability: Levitate
|
|upkeep
|turn|8
|
|t:|1757869039
|switch|p2a: Clodsire|Clodsire, F|100/100
|move|p1a: Vikavolt|Energy Ball|p2a: Clodsire
|-damage|p2a: Clodsire|82/100
|
|upkeep
|turn|9
|
|t:|1757869048
|switch|p1a: Bronzong|Bronzong|100/100
|move|p2a: Clodsire|Toxic|p1a: Bronzong
|-immune|p1a: Bronzong
|
|upkeep
|turn|10
|inactive|KawaiiRatKing has 120 seconds left.
|
|t:|1757869106
|move|p2a: Clodsire|Stealth Rock|p1a: Bronzong
|-sidestart|p1: SimonQ3|move: Stealth Rock
|move|p1a: Bronzong|Future Sight|p2a: Clodsire
|-start|p1a: Bronzong|move: Future Sight
|
|upkeep
|turn|11
|
|t:|1757869120
|switch|p2a: Tornadus|Tornadus-Therian, M|100/100
|move|p1a: Bronzong|Body Press|p2a: Tornadus
|-resisted|p2a: Tornadus
|-damage|p2a: Tornadus|83/100
|
|upkeep
|turn|12
|
|t:|1757869129
|move|p2a: Tornadus|Heat Wave|p1a: Bronzong
|-supereffective|p1a: Bronzong
|-damage|p1a: Bronzong|44/100
|move|p1a: Bronzong|Trick|p2a: Tornadus
|-activate|p1a: Bronzong|move: Trick|[of] p2a: Tornadus
|-item|p2a: Tornadus|Lagging Tail|[from] move: Trick
|-item|p1a: Bronzong|Choice Scarf|[from] move: Trick
|
|-end|p2a: Tornadus|move: Future Sight
|-damage|p2a: Tornadus|41/100
|upkeep
|turn|13
|
|t:|1757869145
|move|p1a: Bronzong|Future Sight|p2a: Tornadus
|-start|p1a: Bronzong|move: Future Sight
|move|p2a: Tornadus|Heat Wave|p1a: Bronzong
|-supereffective|p1a: Bronzong
|-damage|p1a: Bronzong|0 fnt
|faint|p1a: Bronzong
|
|upkeep
|
|t:|1757869151
|switch|p1a: Vikavolt|Vikavolt, M, shiny|100/100
|-damage|p1a: Vikavolt|76/100|[from] Stealth Rock
|turn|14
|
|t:|1757869157
|move|p1a: Vikavolt|Thunderbolt|p2a: Tornadus
|-supereffective|p2a: Tornadus
|-damage|p2a: Tornadus|0 fnt
|faint|p2a: Tornadus
|
|upkeep
|
|t:|1757869164
|switch|p2a: Dondozo|Dondozo, F|100/100
|turn|15
|
|t:|1757869173
|switch|p2a: Quagsire|Quagsire, F|100/100
|move|p1a: Vikavolt|Thunderbolt|p2a: Quagsire
|-immune|p2a: Quagsire
|
|-end|p2a: Quagsire|move: Future Sight
|-damage|p2a: Quagsire|54/100
|upkeep
|turn|16
|inactive|KawaiiRatKing has 120 seconds left.
|
|t:|1757869183
|move|p1a: Vikavolt|Energy Ball|p2a: Quagsire
|-supereffective|p2a: Quagsire
|-damage|p2a: Quagsire|0 fnt
|faint|p2a: Quagsire
|
|upkeep
|
|t:|1757869190
|switch|p2a: Clodsire|Clodsire, F|82/100
|turn|17
|
|t:|1757869194
|switch|p1a: Magmar|Magmar, M|52/100
|-damage|p1a: Magmar|28/100|[from] Stealth Rock
|move|p2a: Clodsire|Toxic|p1a: Magmar
|-status|p1a: Magmar|tox
|
|-damage|p1a: Magmar|22/100 tox|[from] psn
|upkeep
|turn|18
|
|t:|1757869204
|move|p1a: Magmar|Knock Off|p2a: Clodsire
|-damage|p2a: Clodsire|61/100
|-enditem|p2a: Clodsire|Heavy-Duty Boots|[from] move: Knock Off|[of] p1a: Magmar
|move|p2a: Clodsire|Recover|p2a: Clodsire
|-heal|p2a: Clodsire|100/100
|
|-damage|p1a: Magmar|10/100 tox|[from] psn
|upkeep
|turn|19
|inactive|KawaiiRatKing has 120 seconds left.
|
|t:|1757869225
|move|p1a: Magmar|Will-O-Wisp|p2a: Clodsire
|-status|p2a: Clodsire|brn
|move|p2a: Clodsire|Stealth Rock||[still]
|-fail|p2a: Clodsire
|
|-damage|p1a: Magmar|0 fnt|[from] psn
|faint|p1a: Magmar
|-damage|p2a: Clodsire|94/100 brn|[from] brn
|upkeep
|
|t:|1757869238
|switch|p1a: Vikavolt|Vikavolt, M, shiny|76/100
|-damage|p1a: Vikavolt|51/100|[from] Stealth Rock
|turn|20
|
|t:|1757869244
|move|p1a: Vikavolt|Energy Ball|p2a: Clodsire
|-damage|p2a: Clodsire|77/100 brn
|move|p2a: Clodsire|Toxic|p1a: Vikavolt
|-status|p1a: Vikavolt|tox
|
|-damage|p1a: Vikavolt|45/100 tox|[from] psn
|-damage|p2a: Clodsire|71/100 brn|[from] brn
|upkeep
|turn|21
|
|t:|1757869256
|move|p1a: Vikavolt|Energy Ball|p2a: Clodsire
|-damage|p2a: Clodsire|53/100 brn
|move|p2a: Clodsire|Recover|p2a: Clodsire
|-heal|p2a: Clodsire|100/100 brn
|
|-damage|p1a: Vikavolt|33/100 tox|[from] psn
|-damage|p2a: Clodsire|94/100 brn|[from] brn
|upkeep
|turn|22
|-message|SimonQ3 forfeited.
|
|win|KawaiiRatKing
|raw|SimonQ3's rating: 1094 &rarr; <strong>1069</strong><br />(-25 for losing)
|raw|KawaiiRatKing's rating: 1077 &rarr; <strong>1107</strong><br />(+30 for winning)
|l|☆SimonQ3
|player|p1|
|l|☆KawaiiRatKing
|player|p2|
