|j|☆Durianelitemandem
|j|☆CDCS3 leal
|t:|1757822428
|gametype|singles
|player|p1|Durianelitemandem|lucas|1369
|player|p2|CDCS3 leal|bruno|1327
|gen|9
|tier|[Gen 9] OU
|rated|
|rule|HP Percentage Mod: HP is shown in percentages
|rule|Endless Battle Clause: Forcing endless battles is banned
|rule|Species Clause: Limit one of each Pokémon
|rule|OHKO Clause: OHKO moves are banned
|rule|Evasion Items Clause: Evasion items are banned
|rule|Evasion Moves Clause: Evasion moves are banned
|rule|Evasion Abilities Clause: Evasion abilities are banned
|rule|Sleep Moves Clause: Sleep-inducing moves are banned
|clearpoke
|poke|p1|Iron Moth|
|poke|p1|Slowking-Galar, M|
|poke|p1|Dragonite, F|
|poke|p1|Kingambit, F|
|poke|p1|Quaquaval, M|
|poke|p1|Landorus-Therian, M|
|poke|p2|Cinderace, F|
|poke|p2|Corviknight, F|
|poke|p2|Kyurem|
|poke|p2|Ogerpon-Wellspring, F|
|poke|p2|Pecharunt|
|poke|p2|Ting-Lu|
|teampreview
|inactive|Battle timer is ON: inactive players will automatically lose when time's up. (requested by Durianelitemandem)
|
|t:|1757822433
|teamsize|p1|6
|teamsize|p2|6
|start
|switch|p1a: Iron Moth|Iron Moth|100/100
|switch|p2a: Kyurem|Kyurem|100/100
|-ability|p2a: Kyurem|Pressure
|turn|1
|
|t:|1757822445
|switch|p2a: Ting-Lu|Ting-Lu|100/100
|-ability|p2a: Ting-Lu|Vessel of Ruin
|move|p1a: Iron Moth|Fiery Dance|p2a: Ting-Lu
|-damage|p2a: Ting-Lu|72/100
|
|-heal|p2a: Ting-Lu|79/100|[from] item: Leftovers
|upkeep
|turn|2
|
|t:|1757822453
|-end|p1a: Iron Moth|Quark Drive|[silent]
|switch|p1a: Duckular|Quaquaval, M|100/100
|move|p2a: Ting-Lu|Stealth Rock|p1a: Duckular
|-sidestart|p1: Durianelitemandem|move: Stealth Rock
|
|-heal|p2a: Ting-Lu|85/100|[from] item: Leftovers
|upkeep
|turn|3
|
|t:|1757822458
|switch|p2a: Pecharunt|Pecharunt|100/100
|move|p1a: Duckular|Rapid Spin|p2a: Pecharunt
|-immune|p2a: Pecharunt
|
|upkeep
|turn|4
|
|t:|1757822462
|move|p1a: Duckular|Knock Off|p2a: Pecharunt
|-supereffective|p2a: Pecharunt
|-damage|p2a: Pecharunt|73/100
|-enditem|p2a: Pecharunt|Heavy-Duty Boots|[from] move: Knock Off|[of] p1a: Duckular
|move|p2a: Pecharunt|Parting Shot|p1a: Duckular
|-unboost|p1a: Duckular|atk|1
|-unboost|p1a: Duckular|spa|1
|
|t:|1757822470
|switch|p2a: Ogerpon|Ogerpon-Wellspring, F|100/100|[from] Parting Shot
|
|upkeep
|turn|5
|
|t:|1757822473
|move|p2a: Ogerpon|Power Whip|p1a: Duckular|[miss]
|-miss|p2a: Ogerpon|p1a: Duckular
|move|p1a: Duckular|Rapid Spin|p2a: Ogerpon
|-damage|p2a: Ogerpon|86/100
|-boost|p1a: Duckular|spe|1
|-sideend|p1: Durianelitemandem|Stealth Rock|[from] move: Rapid Spin|[of] p1a: Duckular
|
|upkeep
|turn|6
|
|t:|1757822478
|switch|p1a: Landorus|Landorus-Therian, M|100/100
|-ability|p1a: Landorus|Intimidate|boost
|-unboost|p2a: Ogerpon|atk|1
|switch|p2a: Pecharunt|Pecharunt|73/100
|
|upkeep
|turn|7
|
|t:|1757822484
|switch|p2a: Corviknight|Corviknight, F|100/100
|-ability|p2a: Corviknight|Pressure
|move|p1a: Landorus|Stealth Rock|p2a: Corviknight
|-sidestart|p2: CDCS3 leal|move: Stealth Rock
|
|upkeep
|turn|8
|
|t:|1757822487
|switch|p1a: Iron Moth|Iron Moth|100/100
|move|p2a: Corviknight|Defog|p1a: Iron Moth
|-unboost|p1a: Iron Moth|evasion|1
|-sideend|p2: CDCS3 leal|Stealth Rock|[from] move: Defog|[of] p2a: Corviknight
|
|upkeep
|turn|9
|
|t:|1757822494
|switch|p2a: Ting-Lu|Ting-Lu|85/100
|-ability|p2a: Ting-Lu|Vessel of Ruin
|move|p1a: Iron Moth|Fiery Dance|p2a: Ting-Lu
|-damage|p2a: Ting-Lu|55/100
|
|-heal|p2a: Ting-Lu|61/100|[from] item: Leftovers
|upkeep
|turn|10
|
|t:|1757822502
|-end|p1a: Iron Moth|Quark Drive|[silent]
|switch|p1a: Duckular|Quaquaval, M|100/100
|move|p2a: Ting-Lu|Earthquake|p1a: Duckular
|-damage|p1a: Duckular|48/100
|
|-heal|p2a: Ting-Lu|68/100|[from] item: Leftovers
|upkeep
|turn|11
|
|t:|1757822509
|switch|p2a: Pecharunt|Pecharunt|73/100
|move|p1a: Duckular|Close Combat|p2a: Pecharunt
|-immune|p2a: Pecharunt
|
|upkeep
|turn|12
|
|t:|1757822514
|move|p1a: Duckular|Aqua Step|p2a: Pecharunt
|-damage|p2a: Pecharunt|55/100
|-boost|p1a: Duckular|spe|1
|move|p2a: Pecharunt|Malignant Chain|p1a: Duckular
|-damage|p1a: Duckular|19/100
|
|upkeep
|turn|13
|
|t:|1757822523
|switch|p1a: Iron Moth|Iron Moth|100/100
|move|p2a: Pecharunt|Recover|p2a: Pecharunt
|-heal|p2a: Pecharunt|100/100
|
|upkeep
|turn|14
|
|t:|1757822540
|switch|p2a: Ting-Lu|Ting-Lu|68/100
|-ability|p2a: Ting-Lu|Vessel of Ruin
|move|p1a: Iron Moth|Fiery Dance|p2a: Ting-Lu
|-damage|p2a: Ting-Lu|41/100
|
|-heal|p2a: Ting-Lu|47/100|[from] item: Leftovers
|upkeep
|turn|15
|
|t:|1757822549
|-end|p1a: Iron Moth|Quark Drive|[silent]
|switch|p1a: Slowking|Slowking-Galar, M|100/100
|move|p2a: Ting-Lu|Stealth Rock|p1a: Slowking
|-sidestart|p1: Durianelitemandem|move: Stealth Rock
|
|-heal|p2a: Ting-Lu|54/100|[from] item: Leftovers
|upkeep
|turn|16
|
|t:|1757822553
|move|p2a: Ting-Lu|Earthquake|p1a: Slowking
|-supereffective|p1a: Slowking
|-damage|p1a: Slowking|24/100
|-prepare|p1a: Slowking|Chilly Reception|[premajor]
|move|p1a: Slowking|Chilly Reception|p1a: Slowking
|-weather|Snowscape
|
|t:|1757822564
|switch|p1a: Dragonite|Dragonite, F|100/100|[from] Chilly Reception
|
|-weather|Snowscape|[upkeep]
|-heal|p2a: Ting-Lu|60/100|[from] item: Leftovers
|upkeep
|turn|17
|
|t:|1757822568
|move|p1a: Dragonite|Dragon Dance|p1a: Dragonite
|-boost|p1a: Dragonite|atk|1
|-boost|p1a: Dragonite|spe|1
|move|p2a: Ting-Lu|Whirlwind|p1a: Dragonite
|drag|p1a: Kingambit|Kingambit, F|100/100
|-damage|p1a: Kingambit|94/100|[from] Stealth Rock
|
|-weather|Snowscape|[upkeep]
|-heal|p1a: Kingambit|100/100|[from] item: Leftovers
|-heal|p2a: Ting-Lu|66/100|[from] item: Leftovers
|upkeep
|turn|18
|
|t:|1757822574
|move|p1a: Kingambit|Iron Head|p2a: Ting-Lu
|-damage|p2a: Ting-Lu|39/100
|cant|p2a: Ting-Lu|flinch
|
|-weather|Snowscape|[upkeep]
|-heal|p2a: Ting-Lu|45/100|[from] item: Leftovers
|upkeep
|turn|19
|
|t:|1757822581
|switch|p2a: Corviknight|Corviknight, F|100/100
|-ability|p2a: Corviknight|Pressure
|move|p1a: Kingambit|Iron Head|p2a: Corviknight
|-resisted|p2a: Corviknight
|-damage|p2a: Corviknight|86/100
|-damage|p1a: Kingambit|84/100|[from] item: Rocky Helmet|[of] p2a: Corviknight
|
|-weather|Snowscape|[upkeep]
|-heal|p1a: Kingambit|90/100|[from] item: Leftovers
|upkeep
|turn|20
|
|t:|1757822585
|move|p1a: Kingambit|Swords Dance|p1a: Kingambit
|-boost|p1a: Kingambit|atk|2
|move|p2a: Corviknight|Body Press|p1a: Kingambit
|-supereffective|p1a: Kingambit
|-damage|p1a: Kingambit|1/100
|
|-weather|none
|-heal|p1a: Kingambit|7/100|[from] item: Leftovers
|upkeep
|turn|21
|
|t:|1757822600
|-terastallize|p1a: Kingambit|Ghost
|move|p1a: Kingambit|Kowtow Cleave|p2a: Corviknight
|-damage|p2a: Corviknight|27/100
|-damage|p1a: Kingambit|0 fnt|[from] item: Rocky Helmet|[of] p2a: Corviknight
|faint|p1a: Kingambit
|-end|p1a: Kingambit|fallenundefined|[silent]
|move|p2a: Corviknight|Roost|p2a: Corviknight
|-heal|p2a: Corviknight|77/100
|-singleturn|p2a: Corviknight|move: Roost
|
|upkeep
|
|t:|1757822607
|switch|p1a: Iron Moth|Iron Moth|100/100
|-damage|p1a: Iron Moth|76/100|[from] Stealth Rock
|turn|22
|
|t:|1757822613
|switch|p2a: Ting-Lu|Ting-Lu|45/100
|-ability|p2a: Ting-Lu|Vessel of Ruin
|move|p1a: Iron Moth|Fiery Dance|p2a: Ting-Lu
|-damage|p2a: Ting-Lu|18/100
|-boost|p1a: Iron Moth|spa|1
|
|-heal|p2a: Ting-Lu|24/100|[from] item: Leftovers
|upkeep
|turn|23
|
|t:|1757822620
|move|p1a: Iron Moth|Fiery Dance|p2a: Ting-Lu
|-damage|p2a: Ting-Lu|0 fnt
|faint|p2a: Ting-Lu
|
|upkeep
|
|t:|1757822626
|switch|p2a: Ogerpon|Ogerpon-Wellspring, F|86/100
|turn|24
|
|t:|1757822630
|-terastallize|p2a: Ogerpon|Water
|detailschange|p2a: Ogerpon|Ogerpon-Wellspring-Tera, F, tera:Water
|-ability|p2a: Ogerpon|Embody Aspect (Wellspring)|boost
|-boost|p2a: Ogerpon|spd|1
|move|p1a: Iron Moth|Fiery Dance|p2a: Ogerpon
|-resisted|p2a: Ogerpon
|-damage|p2a: Ogerpon|48/100
|-boost|p1a: Iron Moth|spa|1
|move|p2a: Ogerpon|Ivy Cudgel|p1a: Iron Moth|[anim] Ivy Cudgel Water
|-supereffective|p1a: Iron Moth
|-damage|p1a: Iron Moth|0 fnt
|faint|p1a: Iron Moth
|-end|p1a: Iron Moth|Quark Drive|[silent]
|
|upkeep
|
|t:|1757822641
|switch|p1a: Dragonite|Dragonite, F|100/100
|turn|25
|
|t:|1757822658
|move|p2a: Ogerpon|Knock Off|p1a: Dragonite
|-damage|p1a: Dragonite|80/100
|-enditem|p1a: Dragonite|Heavy-Duty Boots|[from] move: Knock Off|[of] p2a: Ogerpon
|move|p1a: Dragonite|Dragon Dance|p1a: Dragonite
|-boost|p1a: Dragonite|atk|1
|-boost|p1a: Dragonite|spe|1
|
|upkeep
|turn|26
|
|t:|1757822664
|switch|p2a: Corviknight|Corviknight, F|77/100
|-ability|p2a: Corviknight|Pressure
|move|p1a: Dragonite|Dragon Dance|p1a: Dragonite
|-boost|p1a: Dragonite|atk|1
|-boost|p1a: Dragonite|spe|1
|
|upkeep
|turn|27
|
|t:|1757822668
|move|p1a: Dragonite|Dragon Dance|p1a: Dragonite
|-boost|p1a: Dragonite|atk|1
|-boost|p1a: Dragonite|spe|1
|move|p2a: Corviknight|U-turn|p1a: Dragonite
|-resisted|p1a: Dragonite
|-damage|p1a: Dragonite|72/100
|
|t:|1757822676
|switch|p2a: Kyurem|Kyurem|100/100|[from] U-turn
|-ability|p2a: Kyurem|Pressure
|
|upkeep
|turn|28
|
|t:|1757822682
|move|p1a: Dragonite|Earthquake|p2a: Kyurem
|-damage|p2a: Kyurem|18/100
|move|p2a: Kyurem|Freeze-Dry|p1a: Dragonite
|-supereffective|p1a: Dragonite
|-damage|p1a: Dragonite|0 fnt
|faint|p1a: Dragonite
|
|-heal|p2a: Kyurem|24/100|[from] item: Leftovers
|upkeep
|
|t:|1757822689
|switch|p1a: Duckular|Quaquaval, M|19/100
|-damage|p1a: Duckular|13/100|[from] Stealth Rock
|turn|29
|
|t:|1757822697
|move|p2a: Kyurem|Protect|p2a: Kyurem
|-singleturn|p2a: Kyurem|Protect
|move|p1a: Duckular|Knock Off|p2a: Kyurem
|-activate|p2a: Kyurem|move: Protect
|
|-heal|p2a: Kyurem|30/100|[from] item: Leftovers
|upkeep
|turn|30
|
|t:|1757822701
|switch|p2a: Pecharunt|Pecharunt|100/100
|move|p1a: Duckular|Knock Off|p2a: Pecharunt
|-supereffective|p2a: Pecharunt
|-damage|p2a: Pecharunt|82/100
|
|upkeep
|turn|31
|
|t:|1757822706
|switch|p1a: Landorus|Landorus-Therian, M|100/100
|-damage|p1a: Landorus|88/100|[from] Stealth Rock
|-ability|p1a: Landorus|Intimidate|boost
|-unboost|p2a: Pecharunt|atk|1
|move|p2a: Pecharunt|Parting Shot|p1a: Landorus
|-unboost|p1a: Landorus|atk|1
|-unboost|p1a: Landorus|spa|1
|
|t:|1757822709
|switch|p2a: Kyurem|Kyurem|30/100|[from] Parting Shot
|-ability|p2a: Kyurem|Pressure
|
|-heal|p2a: Kyurem|37/100|[from] item: Leftovers
|upkeep
|turn|32
|
|t:|1757822713
|move|p2a: Kyurem|Freeze-Dry|p1a: Landorus
|-supereffective|p1a: Landorus
|-damage|p1a: Landorus|0 fnt
|faint|p1a: Landorus
|
|-heal|p2a: Kyurem|43/100|[from] item: Leftovers
|upkeep
|
|t:|1757822717
|switch|p1a: Slowking|Slowking-Galar, M|58/100
|turn|33
|
|t:|1757822722
|move|p2a: Kyurem|Substitute|p2a: Kyurem
|-start|p2a: Kyurem|Substitute
|-damage|p2a: Kyurem|18/100
|move|p1a: Slowking|Psychic Noise|p2a: Kyurem
|-damage|p2a: Kyurem|0 fnt
|faint|p2a: Kyurem
|
|upkeep
|
|t:|1757822728
|switch|p2a: Ogerpon|Ogerpon-Wellspring-Tera, F, tera:Water|48/100
|-ability|p2a: Ogerpon|Embody Aspect (Wellspring)|boost
|-boost|p2a: Ogerpon|spd|1
|turn|34
|
|t:|1757822731
|move|p2a: Ogerpon|Knock Off|p1a: Slowking
|-supereffective|p1a: Slowking
|-damage|p1a: Slowking|0 fnt
|-enditem|p1a: Slowking|Heavy-Duty Boots|[from] move: Knock Off|[of] p2a: Ogerpon
|faint|p1a: Slowking
|
|upkeep
|
|t:|1757822733
|switch|p1a: Duckular|Quaquaval, M|13/100
|-damage|p1a: Duckular|7/100|[from] Stealth Rock
|turn|35
|
|t:|1757822737
|move|p2a: Ogerpon|Knock Off|p1a: Duckular
|-resisted|p1a: Duckular
|-damage|p1a: Duckular|0 fnt
|-enditem|p1a: Duckular|Assault Vest|[from] move: Knock Off|[of] p2a: Ogerpon
|faint|p1a: Duckular
|
|win|CDCS3 leal
|raw|Durianelitemandem's rating: 1369 &rarr; <strong>1347</strong><br />(-22 for losing)
|raw|CDCS3 leal's rating: 1327 &rarr; <strong>1349</strong><br />(+22 for winning)
|l|☆CDCS3 leal
|player|p2|
|l|☆Durianelitemandem
|player|p1|
