|j|☆dasdasdsadasd
|j|☆qwp1027
|t:|1757817994
|gametype|singles
|player|p1|dasdasdsadasd|rocketgrunt|1057
|player|p2|qwp1027|miku-ghost|1032
|gen|9
|tier|[Gen 9] OU
|rated|
|rule|HP Percentage Mod: HP is shown in percentages
|rule|Endless Battle Clause: Forcing endless battles is banned
|rule|Species Clause: Limit one of each Pokémon
|rule|OHKO Clause: OHKO moves are banned
|rule|Evasion Items Clause: Evasion items are banned
|rule|Evasion Moves Clause: Evasion moves are banned
|rule|Evasion Abilities Clause: Evasion abilities are banned
|rule|Sleep Moves Clause: Sleep-inducing moves are banned
|clearpoke
|poke|p1|Clodsire, F|
|poke|p1|Dondozo, F|
|poke|p1|Alomomola, F|
|poke|p1|Talonflame, F|
|poke|p1|Toxapex, M|
|poke|p1|Blissey, F|
|poke|p2|Tornadus-Therian, M|
|poke|p2|Ogerpon-Wellspring, F|
|poke|p2|Iron Treads|
|poke|p2|Clefable, F|
|poke|p2|Pecharunt|
|poke|p2|Kyurem|
|teampreview
|
|t:|1757818027
|teamsize|p1|6
|teamsize|p2|6
|start
|switch|p1a: Talonflame|Talonflame, F|100/100
|switch|p2a: Clefable|Clefable, F|100/100
|turn|1
|
|t:|1757818036
|switch|p1a: Blissey|Blissey, F|100/100
|move|p2a: Clefable|Stealth Rock|p1a: Blissey
|-sidestart|p1: dasdasdsadasd|move: Stealth Rock
|
|upkeep
|turn|2
|
|t:|1757818043
|move|p2a: Clefable|Thunder Wave|p1a: Blissey
|-status|p1a: Blissey|par
|cant|p1a: Blissey|par
|
|upkeep
|turn|3
|
|t:|1757818048
|move|p2a: Clefable|Wish|p2a: Clefable
|move|p1a: Blissey|Seismic Toss|p2a: Clefable
|-damage|p2a: Clefable|75/100
|
|upkeep
|turn|4
|
|t:|1757818058
|-curestatus|p1a: Blissey|par|[from] ability: Natural Cure
|switch|p1a: Toxapex|Toxapex, M|100/100
|move|p2a: Clefable|Moonblast|p1a: Toxapex
|-resisted|p1a: Toxapex
|-damage|p1a: Toxapex|88/100
|-unboost|p1a: Toxapex|spa|1
|
|-heal|p2a: Clefable|100/100|[from] move: Wish|[wisher] Clefable
|upkeep
|turn|5
|
|t:|1757818070
|switch|p2a: Pecharunt|Pecharunt|100/100
|move|p1a: Toxapex|Infestation|p2a: Pecharunt
|-resisted|p2a: Pecharunt
|-damage|p2a: Pecharunt|99/100
|-activate|p2a: Pecharunt|move: Infestation|[of] p1a: Toxapex
|
|-heal|p2a: Pecharunt|100/100|[from] item: Leftovers
|-damage|p2a: Pecharunt|88/100|[from] move: Infestation|[partiallytrapped]
|upkeep
|turn|6
|
|t:|1757818094
|switch|p2a: Iron Treads|Iron Treads|100/100
|move|p1a: Toxapex|Infestation|p2a: Iron Treads
|-resisted|p2a: Iron Treads
|-damage|p2a: Iron Treads|99/100
|-activate|p2a: Iron Treads|move: Infestation|[of] p1a: Toxapex
|
|-heal|p2a: Iron Treads|100/100|[from] item: Leftovers
|-damage|p2a: Iron Treads|88/100|[from] move: Infestation|[partiallytrapped]
|upkeep
|turn|7
|
|t:|1757818111
|switch|p1a: Talonflame|Talonflame, F|100/100
|move|p2a: Iron Treads|Earthquake|p1a: Talonflame
|-immune|p1a: Talonflame
|
|-heal|p2a: Iron Treads|94/100|[from] item: Leftovers
|-end|p2a: Iron Treads|Infestation|[partiallytrapped]|[silent]
|upkeep
|turn|8
|
|t:|1757818122
|-end|p2a: Iron Treads|Quark Drive|[silent]
|switch|p2a: Pecharunt|Pecharunt|88/100
|move|p1a: Talonflame|Will-O-Wisp|p2a: Pecharunt
|-status|p2a: Pecharunt|brn
|
|-heal|p2a: Pecharunt|94/100 brn|[from] item: Leftovers
|-damage|p2a: Pecharunt|88/100 brn|[from] brn
|upkeep
|turn|9
|
|t:|1757818136
|switch|p1a: Blissey|Blissey, F|100/100
|move|p2a: Pecharunt|Malignant Chain|p1a: Blissey
|-damage|p1a: Blissey|88/100
|
|-heal|p2a: Pecharunt|94/100 brn|[from] item: Leftovers
|-damage|p2a: Pecharunt|88/100 brn|[from] brn
|upkeep
|turn|10
|
|t:|1757818156
|move|p2a: Pecharunt|Toxic|p1a: Blissey
|-status|p1a: Blissey|tox
|-start|p1a: Blissey|confusion|[from] ability: Poison Puppeteer|[of] p2a: Pecharunt
|-activate|p1a: Blissey|confusion
|move|p1a: Blissey|Stealth Rock|p2a: Pecharunt
|-sidestart|p2: qwp1027|move: Stealth Rock
|
|-heal|p2a: Pecharunt|94/100 brn|[from] item: Leftovers
|-damage|p1a: Blissey|82/100 tox|[from] psn
|-damage|p2a: Pecharunt|88/100 brn|[from] brn
|upkeep
|turn|11
|
|t:|1757818171
|-curestatus|p1a: Blissey|tox|[from] ability: Natural Cure
|switch|p1a: Toxapex|Toxapex, M|100/100
|move|p2a: Pecharunt|Malignant Chain|p1a: Toxapex
|-resisted|p1a: Toxapex
|-damage|p1a: Toxapex|81/100
|
|-heal|p2a: Pecharunt|94/100 brn|[from] item: Leftovers
|-damage|p2a: Pecharunt|88/100 brn|[from] brn
|upkeep
|turn|12
|
|t:|1757818184
|switch|p2a: Iron Treads|Iron Treads|94/100
|-damage|p2a: Iron Treads|91/100|[from] Stealth Rock
|move|p1a: Toxapex|Infestation|p2a: Iron Treads
|-resisted|p2a: Iron Treads
|-damage|p2a: Iron Treads|89/100
|-activate|p2a: Iron Treads|move: Infestation|[of] p1a: Toxapex
|
|-heal|p2a: Iron Treads|95/100|[from] item: Leftovers
|-damage|p2a: Iron Treads|83/100|[from] move: Infestation|[partiallytrapped]
|upkeep
|turn|13
|
|t:|1757818197
|switch|p1a: Dondozo|Dondozo, F|100/100
|move|p2a: Iron Treads|Earthquake|p1a: Dondozo
|-damage|p1a: Dondozo|78/100
|
|-heal|p2a: Iron Treads|89/100|[from] item: Leftovers
|-end|p2a: Iron Treads|Infestation|[partiallytrapped]|[silent]
|upkeep
|turn|14
|
|t:|1757818212
|-end|p2a: Iron Treads|Quark Drive|[silent]
|switch|p2a: Kyurem|Kyurem|100/100
|-damage|p2a: Kyurem|76/100|[from] Stealth Rock
|-ability|p2a: Kyurem|Pressure
|move|p1a: Dondozo|Liquidation|p2a: Kyurem
|-resisted|p2a: Kyurem
|-damage|p2a: Kyurem|63/100
|
|upkeep
|turn|15
|
|t:|1757818235
|switch|p1a: Toxapex|Toxapex, M|100/100
|move|p2a: Kyurem|Freeze-Dry|p1a: Toxapex
|-supereffective|p1a: Toxapex
|-damage|p1a: Toxapex|16/100
|-status|p1a: Toxapex|frz
|
|upkeep
|turn|16
|
|t:|1757818253
|switch|p1a: Blissey|Blissey, F|82/100
|move|p2a: Kyurem|Freeze-Dry|p1a: Blissey
|-damage|p1a: Blissey|66/100
|
|upkeep
|turn|17
|
|t:|1757818263
|switch|p2a: Clefable|Clefable, F|100/100
|move|p1a: Blissey|Seismic Toss|p2a: Clefable
|-damage|p2a: Clefable|75/100
|
|upkeep
|turn|18
|
|t:|1757818278
|switch|p1a: Toxapex|Toxapex, M|49/100 frz
|move|p2a: Clefable|Wish|p2a: Clefable
|
|upkeep
|turn|19
|
|t:|1757818290
|switch|p2a: Kyurem|Kyurem|63/100
|-damage|p2a: Kyurem|38/100|[from] Stealth Rock
|-ability|p2a: Kyurem|Pressure
|cant|p1a: Toxapex|frz
|
|-heal|p2a: Kyurem|88/100|[from] move: Wish|[wisher] Clefable
|upkeep
|turn|20
|
|t:|1757818305
|switch|p1a: Blissey|Blissey, F|66/100
|move|p2a: Kyurem|Draco Meteor|p1a: Blissey
|-damage|p1a: Blissey|35/100
|-unboost|p2a: Kyurem|spa|2
|
|upkeep
|turn|21
|
|t:|1757818316
|switch|p2a: Clefable|Clefable, F|75/100
|move|p1a: Blissey|Soft-Boiled|p1a: Blissey
|-heal|p1a: Blissey|85/100
|
|upkeep
|turn|22
|
|t:|1757818326
|move|p2a: Clefable|Wish|p2a: Clefable
|move|p1a: Blissey|Seismic Toss|p2a: Clefable
|-damage|p2a: Clefable|50/100
|
|upkeep
|turn|23
|
|t:|1757818331
|move|p2a: Clefable|Thunder Wave|p1a: Blissey
|-status|p1a: Blissey|par
|cant|p1a: Blissey|par
|
|-heal|p2a: Clefable|99/100|[from] move: Wish|[wisher] Clefable
|upkeep
|turn|24
|
|t:|1757818340
|move|p2a: Clefable|Wish|p2a: Clefable
|cant|p1a: Blissey|par
|
|upkeep
|turn|25
|
|t:|1757818354
|switch|p2a: Pecharunt|Pecharunt|88/100 brn
|-damage|p2a: Pecharunt|76/100 brn|[from] Stealth Rock
|move|p1a: Blissey|Seismic Toss|p2a: Pecharunt
|-immune|p2a: Pecharunt
|
|-heal|p2a: Pecharunt|100/100 brn|[from] move: Wish|[wisher] Clefable
|-damage|p2a: Pecharunt|94/100 brn|[from] brn
|upkeep
|turn|26
|
|t:|1757818372
|move|p2a: Pecharunt|Malignant Chain|p1a: Blissey
|-damage|p1a: Blissey|72/100 par
|move|p1a: Blissey|Shadow Ball|p2a: Pecharunt
|-supereffective|p2a: Pecharunt
|-damage|p2a: Pecharunt|64/100 brn
|
|-heal|p2a: Pecharunt|70/100 brn|[from] item: Leftovers
|-damage|p2a: Pecharunt|64/100 brn|[from] brn
|upkeep
|turn|27
|
|t:|1757818384
|switch|p2a: Iron Treads|Iron Treads|89/100
|-damage|p2a: Iron Treads|86/100|[from] Stealth Rock
|move|p1a: Blissey|Shadow Ball|p2a: Iron Treads
|-damage|p2a: Iron Treads|64/100
|
|-heal|p2a: Iron Treads|71/100|[from] item: Leftovers
|upkeep
|turn|28
|
|t:|1757818393
|-curestatus|p1a: Blissey|par|[from] ability: Natural Cure
|switch|p1a: Talonflame|Talonflame, F|100/100
|move|p2a: Iron Treads|Rapid Spin|p1a: Talonflame
|-crit|p1a: Talonflame
|-damage|p1a: Talonflame|77/100
|-boost|p2a: Iron Treads|spe|1
|-sideend|p2: qwp1027|Stealth Rock|[from] move: Rapid Spin|[of] p2a: Iron Treads
|
|-heal|p2a: Iron Treads|77/100|[from] item: Leftovers
|upkeep
|turn|29
|
|t:|1757818412
|-end|p2a: Iron Treads|Quark Drive|[silent]
|switch|p2a: Pecharunt|Pecharunt|64/100 brn
|move|p1a: Talonflame|Flamethrower|p2a: Pecharunt
|-damage|p2a: Pecharunt|39/100 brn
|
|-heal|p2a: Pecharunt|45/100 brn|[from] item: Leftovers
|-damage|p2a: Pecharunt|39/100 brn|[from] brn
|upkeep
|turn|30
|
|t:|1757818427
|switch|p1a: Blissey|Blissey, F|72/100
|move|p2a: Pecharunt|Toxic|p1a: Blissey
|-status|p1a: Blissey|tox
|-start|p1a: Blissey|confusion|[from] ability: Poison Puppeteer|[of] p2a: Pecharunt
|
|-heal|p2a: Pecharunt|45/100 brn|[from] item: Leftovers
|-damage|p1a: Blissey|66/100 tox|[from] psn
|-damage|p2a: Pecharunt|39/100 brn|[from] brn
|upkeep
|turn|31
|
|t:|1757818439
|switch|p2a: Clefable|Clefable, F|99/100
|-curestatus|p1a: Blissey|tox|[from] ability: Natural Cure
|switch|p1a: Toxapex|Toxapex, M|82/100 frz
|
|upkeep
|turn|32
|
|t:|1757818447
|move|p2a: Clefable|Wish|p2a: Clefable
|cant|p1a: Toxapex|frz
|
|upkeep
|turn|33
|
|t:|1757818451
|switch|p2a: Pecharunt|Pecharunt|39/100 brn
|cant|p1a: Toxapex|frz
|
|-heal|p2a: Pecharunt|91/100 brn|[from] move: Wish|[wisher] Clefable
|-heal|p2a: Pecharunt|97/100 brn|[from] item: Leftovers
|-damage|p2a: Pecharunt|91/100 brn|[from] brn
|upkeep
|turn|34
|
|t:|1757818460
|switch|p2a: Kyurem|Kyurem|88/100
|-ability|p2a: Kyurem|Pressure
|-curestatus|p1a: Toxapex|frz|[msg]
|move|p1a: Toxapex|Infestation|p2a: Kyurem
|-damage|p2a: Kyurem|85/100
|-activate|p2a: Kyurem|move: Infestation|[of] p1a: Toxapex
|
|-damage|p2a: Kyurem|73/100|[from] move: Infestation|[partiallytrapped]
|upkeep
|turn|35
|
|t:|1757818480
|switch|p1a: Blissey|Blissey, F|66/100
|move|p2a: Kyurem|Freeze-Dry|p1a: Blissey
|-damage|p1a: Blissey|50/100
|
|-end|p2a: Kyurem|Infestation|[partiallytrapped]|[silent]
|upkeep
|turn|36
|
|t:|1757818491
|switch|p2a: Clefable|Clefable, F|99/100
|move|p1a: Blissey|Soft-Boiled|p1a: Blissey
|-heal|p1a: Blissey|99/100
|
|upkeep
|turn|37
|
|t:|1757818501
|switch|p1a: Toxapex|Toxapex, M|100/100
|move|p2a: Clefable|Wish|p2a: Clefable
|
|upkeep
|turn|38
|
|t:|1757818509
|switch|p2a: Iron Treads|Iron Treads|77/100
|move|p1a: Toxapex|Toxic|p2a: Iron Treads
|-immune|p2a: Iron Treads
|
|-heal|p2a: Iron Treads|100/100|[from] move: Wish|[wisher] Clefable
|upkeep
|turn|39
|
|t:|1757818528
|switch|p1a: Dondozo|Dondozo, F|78/100
|move|p2a: Iron Treads|Earthquake|p1a: Dondozo
|-damage|p1a: Dondozo|59/100
|
|upkeep
|turn|40
|
|t:|1757818534
|-end|p2a: Iron Treads|Quark Drive|[silent]
|switch|p2a: Pecharunt|Pecharunt|91/100 brn
|move|p1a: Dondozo|Body Press|p2a: Pecharunt
|-immune|p2a: Pecharunt
|
|-heal|p2a: Pecharunt|97/100 brn|[from] item: Leftovers
|-damage|p2a: Pecharunt|91/100 brn|[from] brn
|upkeep
|turn|41
|
|t:|1757818550
|switch|p1a: Toxapex|Toxapex, M|100/100
|move|p2a: Pecharunt|Toxic|p1a: Toxapex
|-immune|p1a: Toxapex
|
|-heal|p2a: Pecharunt|97/100 brn|[from] item: Leftovers
|-damage|p2a: Pecharunt|91/100 brn|[from] brn
|upkeep
|turn|42
|
|t:|1757818559
|move|p2a: Pecharunt|Shadow Ball|p1a: Toxapex
|-damage|p1a: Toxapex|73/100
|move|p1a: Toxapex|Infestation|p2a: Pecharunt
|-resisted|p2a: Pecharunt
|-damage|p2a: Pecharunt|90/100 brn
|-activate|p2a: Pecharunt|move: Infestation|[of] p1a: Toxapex
|
|-heal|p2a: Pecharunt|96/100 brn|[from] item: Leftovers
|-damage|p2a: Pecharunt|90/100 brn|[from] brn
|-damage|p2a: Pecharunt|78/100 brn|[from] move: Infestation|[partiallytrapped]
|upkeep
|turn|43
|
|t:|1757818579
|switch|p2a: Iron Treads|Iron Treads|100/100
|move|p1a: Toxapex|Infestation|p2a: Iron Treads
|-resisted|p2a: Iron Treads
|-damage|p2a: Iron Treads|99/100
|-activate|p2a: Iron Treads|move: Infestation|[of] p1a: Toxapex
|
|-heal|p2a: Iron Treads|100/100|[from] item: Leftovers
|-damage|p2a: Iron Treads|88/100|[from] move: Infestation|[partiallytrapped]
|upkeep
|turn|44
|
|t:|1757818593
|switch|p1a: Talonflame|Talonflame, F|77/100
|move|p2a: Iron Treads|Earthquake|p1a: Talonflame
|-immune|p1a: Talonflame
|
|-heal|p2a: Iron Treads|94/100|[from] item: Leftovers
|-end|p2a: Iron Treads|Infestation|[partiallytrapped]|[silent]
|upkeep
|turn|45
|
|t:|1757818604
|-end|p2a: Iron Treads|Quark Drive|[silent]
|switch|p2a: Tornadus|Tornadus-Therian, M|100/100
|switch|p1a: Alomomola|Alomomola, F|100/100
|
|upkeep
|turn|46
|
|t:|1757818634
|switch|p1a: Toxapex|Toxapex, M|100/100
|move|p2a: Tornadus|Nasty Plot|p2a: Tornadus
|-boost|p2a: Tornadus|spa|2
|
|upkeep
|turn|47
|
|t:|1757818641
|move|p2a: Tornadus|Bleakwind Storm|p1a: Toxapex
|-damage|p1a: Toxapex|30/100
|-unboost|p1a: Toxapex|spe|1
|move|p1a: Toxapex|Toxic|p2a: Tornadus
|-status|p2a: Tornadus|tox
|
|-damage|p2a: Tornadus|94/100 tox|[from] psn
|upkeep
|turn|48
|
|t:|1757818663
|switch|p1a: Blissey|Blissey, F|99/100
|move|p2a: Tornadus|Bleakwind Storm|p1a: Blissey
|-damage|p1a: Blissey|75/100
|
|-damage|p2a: Tornadus|82/100 tox|[from] psn
|upkeep
|turn|49
|
|t:|1757818672
|move|p2a: Tornadus|U-turn|p1a: Blissey
|-damage|p1a: Blissey|47/100
|
|t:|1757818679
|switch|p2a: Ogerpon|Ogerpon-Wellspring, F|100/100|[from] U-turn
|move|p1a: Blissey|Stealth Rock|p2a: Ogerpon
|-sidestart|p2: qwp1027|move: Stealth Rock
|
|upkeep
|turn|50
|
|t:|1757818708
|switch|p1a: Toxapex|Toxapex, M|64/100
|move|p2a: Ogerpon|Ivy Cudgel|p1a: Toxapex|[anim] Ivy Cudgel Water
|-resisted|p1a: Toxapex
|-damage|p1a: Toxapex|46/100
|
|upkeep
|turn|51
|
|t:|1757818719
|move|p2a: Ogerpon|Substitute|p2a: Ogerpon
|-start|p2a: Ogerpon|Substitute
|-damage|p2a: Ogerpon|76/100
|move|p1a: Toxapex|Toxic||[still]
|-fail|p1a: Toxapex
|
|upkeep
|turn|52
|
|t:|1757818739
|move|p2a: Ogerpon|Swords Dance|p2a: Ogerpon
|-boost|p2a: Ogerpon|atk|2
|move|p1a: Toxapex|Recover|p1a: Toxapex
|-heal|p1a: Toxapex|96/100
|
|upkeep
|turn|53
|
|t:|1757818749
|move|p2a: Ogerpon|Horn Leech|p1a: Toxapex
|-damage|p1a: Toxapex|40/100
|-heal|p2a: Ogerpon|100/100|[from] drain|[of] p1a: Toxapex
|move|p1a: Toxapex|Haze|p1a: Toxapex
|-clearallboost
|
|upkeep
|turn|54
|
|t:|1757818778
|switch|p1a: Talonflame|Talonflame, F|77/100
|move|p2a: Ogerpon|Ivy Cudgel|p1a: Talonflame|[anim] Ivy Cudgel Water
|-supereffective|p1a: Talonflame
|-damage|p1a: Talonflame|0 fnt
|faint|p1a: Talonflame
|
|upkeep
|
|t:|1757818814
|switch|p1a: Dondozo|Dondozo, F|59/100
|turn|55
|
|t:|1757818828
|move|p2a: Ogerpon|Swords Dance|p2a: Ogerpon
|-boost|p2a: Ogerpon|atk|2
|move|p1a: Dondozo|Body Press|p2a: Ogerpon
|-end|p2a: Ogerpon|Substitute
|
|upkeep
|turn|56
|
|t:|1757818849
|move|p2a: Ogerpon|Horn Leech|p1a: Dondozo
|-supereffective|p1a: Dondozo
|-damage|p1a: Dondozo|18/100
|move|p1a: Dondozo|Body Press|p2a: Ogerpon
|-damage|p2a: Ogerpon|63/100
|
|upkeep
|turn|57
|
|t:|1757818858
|switch|p1a: Toxapex|Toxapex, M|74/100
|move|p2a: Ogerpon|Horn Leech|p1a: Toxapex
|-damage|p1a: Toxapex|22/100
|-heal|p2a: Ogerpon|89/100|[from] drain|[of] p1a: Toxapex
|
|upkeep
|turn|58
|-message|dasdasdsadasd forfeited.
|
|win|qwp1027
|raw|dasdasdsadasd's rating: 1057 &rarr; <strong>1037</strong><br />(-20 for losing)
|raw|qwp1027's rating: 1032 &rarr; <strong>1070</strong><br />(+38 for winning)
|l|☆dasdasdsadasd
|player|p1|
