|j|☆yijing
|j|☆rabidwhale
|t:|1757829816
|gametype|singles
|player|p1|yijing|170|1213
|player|p2|rabidwhale|2|1162
|gen|9
|tier|[Gen 9] OU
|rated|
|rule|HP Percentage Mod: HP is shown in percentages
|rule|Endless Battle Clause: Forcing endless battles is banned
|rule|Species Clause: Limit one of each Pokémon
|rule|OHKO Clause: OHKO moves are banned
|rule|Evasion Items Clause: Evasion items are banned
|rule|Evasion Moves Clause: Evasion moves are banned
|rule|Evasion Abilities Clause: Evasion abilities are banned
|rule|Sleep Moves Clause: Sleep-inducing moves are banned
|clearpoke
|poke|p1|Ariados, F|
|poke|p1|Electabuzz, F|
|poke|p1|Golduck, M|
|poke|p1|Primeape, M|
|poke|p1|Rhydon, F|
|poke|p1|Hitmonchan, M|
|poke|p2|Cinderace, F|
|poke|p2|Zapdos|
|poke|p2|Primarina, F|
|poke|p2|Pecharunt|
|poke|p2|Iron Boulder|
|poke|p2|Kyurem|
|teampreview
|
|t:|1757829823
|teamsize|p1|6
|teamsize|p2|6
|start
|switch|p1a: Electabuzz|Electabuzz, F|100/100
|switch|p2a: Kyurem|Kyurem|100/100
|-item|p1a: Electabuzz|Air Balloon
|-ability|p2a: Kyurem|Pressure
|turn|1
|
|t:|1757829832
|move|p1a: Electabuzz|Thunder Wave|p2a: Kyurem
|-status|p2a: Kyurem|par
|cant|p2a: Kyurem|par
|
|upkeep
|turn|2
|inactive|Battle timer is ON: inactive players will automatically lose when time's up. (requested by yijing)
|
|t:|1757829839
|move|p1a: Electabuzz|Knock Off|p2a: Kyurem
|-damage|p2a: Kyurem|83/100 par
|-enditem|p2a: Kyurem|Loaded Dice|[from] move: Knock Off|[of] p1a: Electabuzz
|move|p2a: Kyurem|Dragon Dance|p2a: Kyurem
|-boost|p2a: Kyurem|atk|1
|-boost|p2a: Kyurem|spe|1
|
|upkeep
|turn|3
|
|t:|1757829849
|move|p1a: Electabuzz|Taunt|p2a: Kyurem
|-start|p2a: Kyurem|move: Taunt
|cant|p2a: Kyurem|move: Taunt|Dragon Dance
|
|upkeep
|turn|4
|
|t:|1757829855
|move|p1a: Electabuzz|Volt Switch|p2a: Kyurem
|-resisted|p2a: Kyurem
|-damage|p2a: Kyurem|72/100 par
|
|t:|1757829863
|switch|p1a: Rhydon|Rhydon, F|100/100|[from] Volt Switch
|cant|p2a: Kyurem|par
|
|upkeep
|turn|5
|
|t:|1757829870
|cant|p2a: Kyurem|par
|move|p1a: Rhydon|Body Press|p2a: Kyurem
|-supereffective|p2a: Kyurem
|-damage|p2a: Kyurem|14/100 par
|
|-end|p2a: Kyurem|move: Taunt
|upkeep
|turn|6
|
|t:|1757829880
|move|p2a: Kyurem|Icicle Spear|p1a: Rhydon
|-supereffective|p1a: Rhydon
|-damage|p1a: Rhydon|86/100
|-supereffective|p1a: Rhydon
|-damage|p1a: Rhydon|70/100
|-supereffective|p1a: Rhydon
|-damage|p1a: Rhydon|54/100
|-hitcount|p1a: Rhydon|3
|move|p1a: Rhydon|Body Press|p2a: Kyurem
|-supereffective|p2a: Kyurem
|-damage|p2a: Kyurem|0 fnt
|faint|p2a: Kyurem
|
|upkeep
|
|t:|1757829892
|switch|p2a: Primarina|Primarina, F|100/100
|turn|7
|
|t:|1757829904
|move|p2a: Primarina|Alluring Voice|p1a: Rhydon
|-supereffective|p1a: Rhydon
|-damage|p1a: Rhydon|0 fnt
|faint|p1a: Rhydon
|
|upkeep
|
|t:|1757829917
|switch|p1a: Electabuzz|Electabuzz, F|100/100
|-item|p1a: Electabuzz|Air Balloon
|turn|8
|
|t:|1757829929
|move|p1a: Electabuzz|Knock Off|p2a: Primarina
|-resisted|p2a: Primarina
|-damage|p2a: Primarina|92/100
|-enditem|p2a: Primarina|Covert Cloak|[from] move: Knock Off|[of] p1a: Electabuzz
|move|p2a: Primarina|Calm Mind|p2a: Primarina
|-boost|p2a: Primarina|spa|1
|-boost|p2a: Primarina|spd|1
|
|upkeep
|turn|9
|
|t:|1757829937
|-terastallize|p2a: Primarina|Ground
|move|p1a: Electabuzz|Taunt|p2a: Primarina
|-start|p2a: Primarina|move: Taunt
|cant|p2a: Primarina|move: Taunt|Substitute
|
|upkeep
|turn|10
|
|t:|1757829956
|switch|p1a: Ariados|Ariados, F|100/100
|move|p2a: Primarina|Alluring Voice|p1a: Ariados
|-damage|p1a: Ariados|28/100
|
|upkeep
|turn|11
|
|t:|1757829973
|switch|p1a: Electabuzz|Electabuzz, F|100/100
|-item|p1a: Electabuzz|Air Balloon
|move|p2a: Primarina|Alluring Voice|p1a: Electabuzz
|-damage|p1a: Electabuzz|34/100
|-enditem|p1a: Electabuzz|Air Balloon
|
|-end|p2a: Primarina|move: Taunt
|upkeep
|turn|12
|
|t:|1757829985
|move|p1a: Electabuzz|Taunt|p2a: Primarina
|-start|p2a: Primarina|move: Taunt
|move|p2a: Primarina|Alluring Voice|p1a: Electabuzz
|-damage|p1a: Electabuzz|0 fnt
|faint|p1a: Electabuzz
|
|upkeep
|inactive|yijing has 120 seconds left.
|
|t:|1757830010
|switch|p1a: Hitmonchan|Hitmonchan, M|100/100
|turn|13
|inactive|yijing has 120 seconds left.
|
|t:|1757830027
|move|p1a: Hitmonchan|Ice Punch|p2a: Primarina
|-supereffective|p2a: Primarina
|-damage|p2a: Primarina|30/100
|move|p2a: Primarina|Moonblast|p1a: Hitmonchan
|-supereffective|p1a: Hitmonchan
|-damage|p1a: Hitmonchan|0 fnt
|faint|p1a: Hitmonchan
|
|upkeep
|
|t:|1757830038
|switch|p1a: Primeape|Primeape, M, shiny|100/100
|turn|14
|
|t:|1757830043
|move|p1a: Primeape|Close Combat|p2a: Primarina
|-damage|p2a: Primarina|0 fnt
|-unboost|p1a: Primeape|def|1
|-unboost|p1a: Primeape|spd|1
|faint|p2a: Primarina
|
|upkeep
|
|t:|1757830048
|switch|p2a: Pecharunt|Pecharunt|100/100
|turn|15
|inactive|yijing has 120 seconds left.
|
|t:|1757830054
|switch|p1a: Ariados|Ariados, F|28/100
|move|p2a: Pecharunt|Malignant Chain|p1a: Ariados
|-resisted|p1a: Ariados
|-damage|p1a: Ariados|0 fnt
|faint|p1a: Ariados
|
|upkeep
|inactive|yijing has 120 seconds left.
|
|t:|1757830081
|switch|p1a: Golduck|Golduck, M, shiny|100/100
|-ability|p1a: Golduck|Cloud Nine
|turn|16
|
|t:|1757830089
|move|p1a: Golduck|Blizzard|p2a: Pecharunt|[miss]
|-miss|p1a: Golduck|p2a: Pecharunt
|-enditem|p1a: Golduck|Blunder Policy
|-boost|p1a: Golduck|spe|2
|move|p2a: Pecharunt|Malignant Chain|p1a: Golduck
|-damage|p1a: Golduck|43/100
|
|upkeep
|turn|17
|
|t:|1757830101
|move|p1a: Golduck|Psyshock|p2a: Pecharunt
|-supereffective|p2a: Pecharunt
|-damage|p2a: Pecharunt|75/100
|move|p2a: Pecharunt|Parting Shot|p1a: Golduck
|-unboost|p1a: Golduck|atk|1
|-unboost|p1a: Golduck|spa|1
|
|t:|1757830104
|switch|p2a: Iron Boulder|Iron Boulder|100/100|[from] Parting Shot
|-enditem|p2a: Iron Boulder|Booster Energy
|-activate|p2a: Iron Boulder|ability: Quark Drive|[fromitem]
|-start|p2a: Iron Boulder|quarkdrivespe
|
|upkeep
|turn|18
|
|t:|1757830118
|move|p1a: Golduck|Psyshock|p2a: Iron Boulder
|-resisted|p2a: Iron Boulder
|-damage|p2a: Iron Boulder|91/100
|move|p2a: Iron Boulder|Mighty Cleave|p1a: Golduck
|-damage|p1a: Golduck|0 fnt
|faint|p1a: Golduck
|
|upkeep
|
|t:|1757830128
|switch|p1a: Primeape|Primeape, M, shiny|100/100
|turn|19
|
|t:|1757830134
|-terastallize|p1a: Primeape|Flying
|move|p2a: Iron Boulder|Mighty Cleave|p1a: Primeape
|-supereffective|p1a: Primeape
|-damage|p1a: Primeape|0 fnt
|faint|p1a: Primeape
|
|win|rabidwhale
|raw|yijing's rating: 1213 &rarr; <strong>1184</strong><br />(-29 for losing)
|raw|rabidwhale's rating: 1162 &rarr; <strong>1191</strong><br />(+29 for winning)
|l|☆yijing
|player|p1|
|l|☆rabidwhale
|player|p2|
