|j|☆Alligatorgolden2
|j|☆karyyy
|t:|1757940219
|gametype|singles
|player|p1|Alligatorgolden2|lance|1351
|player|p2|karyyy|2|1405
|gen|9
|tier|[Gen 9] OU
|rated|
|rule|HP Percentage Mod: HP is shown in percentages
|rule|Endless Battle Clause: Forcing endless battles is banned
|rule|Species Clause: Limit one of each Pokémon
|rule|OHKO Clause: OHKO moves are banned
|rule|Evasion Items Clause: Evasion items are banned
|rule|Evasion Moves Clause: Evasion moves are banned
|rule|Evasion Abilities Clause: Evasion abilities are banned
|rule|Sleep Moves Clause: Sleep-inducing moves are banned
|clearpoke
|poke|p1|Feraligatr, M|
|poke|p1|Arcanine-Hisui, M|
|poke|p1|Haxorus, M|
|poke|p1|Zoroark-Hisui, F|
|poke|p1|Great Tusk|
|poke|p1|Skeledirge, M|
|poke|p2|Basculegion-F, F|
|poke|p2|Moltres|
|poke|p2|Meowscarada, F|
|poke|p2|Garchomp, M|
|poke|p2|Iron Treads|
|poke|p2|Iron Valiant|
|teampreview
|inactive|Battle timer is ON: inactive players will automatically lose when time's up. (requested by karyyy)
|
|t:|1757940240
|teamsize|p1|6
|teamsize|p2|6
|start
|switch|p1a: Helllcycle|Arcanine-Hisui, M|100/100
|switch|p2a: Meowscarada|Meowscarada, F|100/100
|turn|1
|
|t:|1757940258
|move|p2a: Meowscarada|U-turn|p1a: Helllcycle
|-start|p2a: Meowscarada|typechange|Bug|[from] ability: Protean
|-resisted|p1a: Helllcycle
|-damage|p1a: Helllcycle|50/100
|replace|p1a: Bella|Zoroark-Hisui, F
|-end|p1a: Bella|Illusion
|
|t:|1757940269
|switch|p2a: Iron Treads|Iron Treads|100/100|[from] U-turn
|-item|p2a: Iron Treads|Air Balloon
|move|p1a: Bella|Bitter Malice|p2a: Iron Treads
|-damage|p2a: Iron Treads|50/100
|-unboost|p2a: Iron Treads|atk|1
|-enditem|p2a: Iron Treads|Air Balloon
|
|upkeep
|turn|2
|inactive|karyyy has 120 seconds left.
|
|t:|1757940289
|move|p1a: Bella|Bitter Malice|p2a: Iron Treads
|-damage|p2a: Iron Treads|0 fnt
|faint|p2a: Iron Treads
|-end|p2a: Iron Treads|Quark Drive|[silent]
|
|upkeep
|inactive|karyyy has 120 seconds left.
|
|t:|1757940299
|switch|p2a: Meowscarada|Meowscarada, F|100/100
|turn|3
|inactive|Alligatorgolden2 has 120 seconds left.
|
|t:|1757940343
|switch|p1a: Skully|Skeledirge, M, shiny|100/100
|move|p2a: Meowscarada|Knock Off|p1a: Skully
|-start|p2a: Meowscarada|typechange|Dark|[from] ability: Protean
|-supereffective|p1a: Skully
|-damage|p1a: Skully|0 fnt
|-enditem|p1a: Skully|Leftovers|[from] move: Knock Off|[of] p2a: Meowscarada
|faint|p1a: Skully
|
|upkeep
|
|t:|1757940357
|switch|p1a: Helllcycle|Arcanine-Hisui, M|100/100
|turn|4
|
|t:|1757940361
|switch|p2a: Garchomp|Garchomp, M|100/100
|move|p1a: Helllcycle|Head Smash|p2a: Garchomp
|-resisted|p2a: Garchomp
|-damage|p2a: Garchomp|71/100
|-damage|p1a: Helllcycle|88/100|[from] ability: Rough Skin|[of] p2a: Garchomp
|-damage|p1a: Helllcycle|71/100|[from] item: Rocky Helmet|[of] p2a: Garchomp
|-damage|p1a: Helllcycle|62/100|[from] item: Life Orb
|
|upkeep
|turn|5
|inactive|Alligatorgolden2 has 120 seconds left.
|
|t:|1757940382
|switch|p1a: Hannibal|Great Tusk|100/100
|-enditem|p1a: Hannibal|Booster Energy
|-activate|p1a: Hannibal|ability: Protosynthesis|[fromitem]
|-start|p1a: Hannibal|protosynthesisatk
|move|p2a: Garchomp|Stealth Rock|p1a: Hannibal
|-sidestart|p1: Alligatorgolden2|move: Stealth Rock
|
|upkeep
|turn|6
|inactive|Alligatorgolden2 has 120 seconds left.
|
|t:|1757940393
|switch|p2a: Moltres|Moltres|100/100
|move|p1a: Hannibal|Ice Spinner|p2a: Moltres
|-damage|p2a: Moltres|72/100
|
|upkeep
|turn|7
|inactive|Alligatorgolden2 has 120 seconds left.
|
|t:|1757940403
|move|p2a: Moltres|Flamethrower|p1a: Hannibal
|-damage|p1a: Hannibal|53/100
|-status|p1a: Hannibal|brn
|move|p1a: Hannibal|Stealth Rock|p2a: Moltres
|-sidestart|p2: karyyy|move: Stealth Rock
|
|-damage|p1a: Hannibal|47/100 brn|[from] brn
|upkeep
|turn|8
|
|t:|1757940414
|move|p2a: Moltres|Flamethrower|p1a: Hannibal
|-damage|p1a: Hannibal|2/100 brn
|move|p1a: Hannibal|Rapid Spin|p2a: Moltres
|-damage|p2a: Moltres|62/100
|-boost|p1a: Hannibal|spe|1
|-sideend|p1: Alligatorgolden2|Stealth Rock|[from] move: Rapid Spin|[of] p1a: Hannibal
|
|-damage|p1a: Hannibal|0 fnt|[from] brn
|faint|p1a: Hannibal
|-end|p1a: Hannibal|Protosynthesis|[silent]
|upkeep
|inactive|Alligatorgolden2 has 120 seconds left.
|
|t:|1757940431
|switch|p1a: Alligator|Feraligatr, M|100/100
|turn|9
|
|t:|1757940435
|move|p2a: Moltres|Will-O-Wisp|p1a: Alligator|[miss]
|-miss|p2a: Moltres|p1a: Alligator
|move|p1a: Alligator|Dragon Dance|p1a: Alligator
|-boost|p1a: Alligator|atk|1
|-boost|p1a: Alligator|spe|1
|
|upkeep
|turn|10
|inactive|Alligatorgolden2 has 120 seconds left.
|
|t:|1757940465
|move|p1a: Alligator|Liquidation|p2a: Moltres
|-supereffective|p2a: Moltres
|-damage|p2a: Moltres|0 fnt
|faint|p2a: Moltres
|
|upkeep
|
|t:|1757940471
|switch|p2a: Garchomp|Garchomp, M|71/100
|-damage|p2a: Garchomp|65/100|[from] Stealth Rock
|turn|11
|inactive|Alligatorgolden2 has 120 seconds left.
|
|t:|1757940482
|move|p1a: Alligator|Ice Punch|p2a: Garchomp
|-supereffective|p2a: Garchomp
|-damage|p2a: Garchomp|0 fnt
|-damage|p1a: Alligator|88/100|[from] ability: Rough Skin|[of] p2a: Garchomp
|-damage|p1a: Alligator|72/100|[from] item: Rocky Helmet|[of] p2a: Garchomp
|faint|p2a: Garchomp
|
|upkeep
|
|t:|1757940486
|switch|p2a: Iron Valiant|Iron Valiant|100/100
|-damage|p2a: Iron Valiant|94/100|[from] Stealth Rock
|-enditem|p2a: Iron Valiant|Booster Energy
|-activate|p2a: Iron Valiant|ability: Quark Drive|[fromitem]
|-start|p2a: Iron Valiant|quarkdrivespe
|turn|12
|
|t:|1757940496
|move|p2a: Iron Valiant|Moonblast|p1a: Alligator
|-damage|p1a: Alligator|12/100
|move|p1a: Alligator|Liquidation|p2a: Iron Valiant
|-damage|p2a: Iron Valiant|0 fnt
|faint|p2a: Iron Valiant
|-end|p2a: Iron Valiant|Quark Drive|[silent]
|
|upkeep
|
|t:|1757940505
|switch|p2a: Meowscarada|Meowscarada, F|100/100
|-damage|p2a: Meowscarada|88/100|[from] Stealth Rock
|turn|13
|
|t:|1757940510
|move|p2a: Meowscarada|Sucker Punch|p1a: Alligator
|-start|p2a: Meowscarada|typechange|Dark|[from] ability: Protean
|-damage|p1a: Alligator|0 fnt
|faint|p1a: Alligator
|
|upkeep
|
|t:|1757940520
|switch|p1a: Helllcycle|Arcanine-Hisui, M|62/100
|turn|14
|
|t:|1757940524
|switch|p2a: Basculegion|Basculegion-F, F|100/100
|-damage|p2a: Basculegion|88/100|[from] Stealth Rock
|move|p1a: Helllcycle|Flare Blitz|p2a: Basculegion
|-resisted|p2a: Basculegion
|-damage|p2a: Basculegion|49/100
|-damage|p1a: Helllcycle|52/100|[from] item: Life Orb
|
|upkeep
|turn|15
|
|t:|1757940535
|switch|p1a: Helllcycle|Arcanine-Hisui, M|50/100
|move|p2a: Basculegion|Surf|p1a: Helllcycle
|-damage|p1a: Helllcycle|0 fnt
|replace|p1a: Bella|Zoroark-Hisui, F
|-end|p1a: Bella|Illusion
|faint|p1a: Bella
|
|upkeep
|
|t:|1757940543
|switch|p1a: Dexter Morgan|Haxorus, M|100/100
|-ability|p1a: Dexter Morgan|Mold Breaker
|turn|16
|
|t:|1757940553
|-terastallize|p2a: Basculegion|Fairy
|move|p1a: Dexter Morgan|Earthquake|p2a: Basculegion
|-damage|p2a: Basculegion|0 fnt
|faint|p2a: Basculegion
|-damage|p1a: Dexter Morgan|91/100|[from] item: Life Orb
|
|upkeep
|
|t:|1757940558
|switch|p2a: Meowscarada|Meowscarada, F|88/100
|-damage|p2a: Meowscarada|76/100|[from] Stealth Rock
|turn|17
|
|t:|1757940566
|move|p2a: Meowscarada|Knock Off|p1a: Dexter Morgan
|-start|p2a: Meowscarada|typechange|Dark|[from] ability: Protean
|-damage|p1a: Dexter Morgan|3/100
|-enditem|p1a: Dexter Morgan|Life Orb|[from] move: Knock Off|[of] p2a: Meowscarada
|move|p1a: Dexter Morgan|Dragon Claw|p2a: Meowscarada
|-damage|p2a: Meowscarada|0 fnt
|faint|p2a: Meowscarada
|
|win|Alligatorgolden2
|raw|Alligatorgolden2's rating: 1351 &rarr; <strong>1374</strong><br />(+23 for winning)
|raw|karyyy's rating: 1405 &rarr; <strong>1382</strong><br />(-23 for losing)
|l|☆karyyy
|player|p2|
|l|☆Alligatorgolden2
|player|p1|
