|j|☆fregene97
|j|☆Marco789987
|t:|1757798644
|gametype|singles
|player|p1|fregene97|bugcatcher-gen4dp|1101
|player|p2|Marco789987|cress|1129
|gen|9
|tier|[Gen 9] OU
|rated|
|rule|HP Percentage Mod: HP is shown in percentages
|rule|Endless Battle Clause: Forcing endless battles is banned
|rule|Species Clause: Limit one of each Pokémon
|rule|OHKO Clause: OHKO moves are banned
|rule|Evasion Items Clause: Evasion items are banned
|rule|Evasion Moves Clause: Evasion moves are banned
|rule|Evasion Abilities Clause: Evasion abilities are banned
|rule|Sleep Moves Clause: Sleep-inducing moves are banned
|clearpoke
|poke|p1|Gholdengo|
|poke|p1|Manaphy|
|poke|p1|Glimmora, F|
|poke|p1|Ribombee, M|
|poke|p1|Zamazenta-*|
|poke|p1|Haxorus, M|
|poke|p2|Dewgong, F|
|poke|p2|Probopass, M|
|poke|p2|Primeape, F|
|poke|p2|Trevenant, F|
|poke|p2|Ribombee, F|
|poke|p2|Masquerain, F|
|teampreview
|inactive|Battle timer is ON: inactive players will automatically lose when time's up. (requested by Marco789987)
|
|t:|1757798653
|teamsize|p1|6
|teamsize|p2|6
|start
|switch|p1a: Hazard Removal|Glimmora, F|100/100
|switch|p2a: Masquerain|Masquerain, F, shiny|100/100
|-ability|p2a: Masquerain|Intimidate|boost
|-unboost|p1a: Hazard Removal|atk|1
|turn|1
|
|t:|1757798664
|move|p2a: Masquerain|Mud-Slap|p1a: Hazard Removal
|-supereffective|p1a: Hazard Removal
|-damage|p1a: Hazard Removal|77/100
|-unboost|p1a: Hazard Removal|accuracy|1
|move|p1a: Hazard Removal|Rock Polish|p1a: Hazard Removal
|-boost|p1a: Hazard Removal|spe|2
|
|upkeep
|turn|2
|
|t:|1757798673
|-terastallize|p1a: Hazard Removal|Fairy
|move|p1a: Hazard Removal|Meteor Beam||[still]
|-prepare|p1a: Hazard Removal|Meteor Beam
|-boost|p1a: Hazard Removal|spa|1
|-enditem|p1a: Hazard Removal|Power Herb
|-anim|p1a: Hazard Removal|Meteor Beam|p2a: Masquerain
|-supereffective|p2a: Masquerain
|-crit|p2a: Masquerain
|-damage|p2a: Masquerain|0 fnt
|faint|p2a: Masquerain
|
|upkeep
|
|t:|1757798686
|switch|p2a: Probopass|Probopass, M, shiny|100/100
|turn|3
|
|t:|1757798697
|move|p1a: Hazard Removal|Earth Power|p2a: Probopass
|-supereffective|p2a: Probopass
|-damage|p2a: Probopass|0 fnt
|faint|p2a: Probopass
|
|upkeep
|
|t:|1757798700
|switch|p2a: Dewgong|Dewgong, F, shiny|100/100
|turn|4
|
|t:|1757798705
|move|p1a: Hazard Removal|Meteor Beam||[still]
|-prepare|p1a: Hazard Removal|Meteor Beam
|-boost|p1a: Hazard Removal|spa|1
|move|p2a: Dewgong|Whirlpool|p1a: Hazard Removal
|-damage|p1a: Hazard Removal|66/100
|-activate|p1a: Hazard Removal|move: Whirlpool|[of] p2a: Dewgong
|
|-damage|p1a: Hazard Removal|54/100|[from] move: Whirlpool|[partiallytrapped]
|upkeep
|turn|5
|
|t:|1757798715
|move|p2a: Dewgong|Protect|p2a: Dewgong
|-singleturn|p2a: Dewgong|Protect
|move|p1a: Hazard Removal|Meteor Beam|p2a: Dewgong|[from] lockedmove
|-activate|p2a: Dewgong|move: Protect
|
|-damage|p1a: Hazard Removal|41/100|[from] move: Whirlpool|[partiallytrapped]
|upkeep
|turn|6
|
|t:|1757798724
|move|p1a: Hazard Removal|Earth Power|p2a: Dewgong|[miss]
|-miss|p1a: Hazard Removal|p2a: Dewgong
|move|p2a: Dewgong|Whirlpool|p1a: Hazard Removal
|-damage|p1a: Hazard Removal|29/100
|
|-damage|p1a: Hazard Removal|16/100|[from] move: Whirlpool|[partiallytrapped]
|upkeep
|turn|7
|
|t:|1757798733
|move|p1a: Hazard Removal|Dazzling Gleam|p2a: Dewgong|[miss]
|-miss|p1a: Hazard Removal|p2a: Dewgong
|move|p2a: Dewgong|Disable|p1a: Hazard Removal
|-start|p1a: Hazard Removal|Disable|Dazzling Gleam
|
|-damage|p1a: Hazard Removal|4/100|[from] move: Whirlpool|[partiallytrapped]
|upkeep
|turn|8
|
|t:|1757798740
|move|p2a: Dewgong|Protect|p2a: Dewgong
|-singleturn|p2a: Dewgong|Protect
|move|p1a: Hazard Removal|Earth Power|p2a: Dewgong
|-activate|p2a: Dewgong|move: Protect
|
|-damage|p1a: Hazard Removal|0 fnt|[from] move: Whirlpool|[partiallytrapped]
|faint|p1a: Hazard Removal
|upkeep
|
|t:|1757798744
|switch|p1a: The REAL Volc|Ribombee, M|100/100
|turn|9
|
|t:|1757798751
|move|p1a: The REAL Volc|Stun Spore|p2a: Dewgong|[miss]
|-miss|p1a: The REAL Volc|p2a: Dewgong
|move|p2a: Dewgong|Whirlpool|p1a: The REAL Volc|[miss]
|-miss|p2a: Dewgong|p1a: The REAL Volc
|
|upkeep
|turn|10
|
|t:|1757798755
|move|p1a: The REAL Volc|Stun Spore|p2a: Dewgong
|-status|p2a: Dewgong|par
|move|p2a: Dewgong|Whirlpool|p1a: The REAL Volc
|-damage|p1a: The REAL Volc|86/100
|-activate|p1a: The REAL Volc|move: Whirlpool|[of] p2a: Dewgong
|
|-damage|p1a: The REAL Volc|73/100|[from] move: Whirlpool|[partiallytrapped]
|upkeep
|turn|11
|
|t:|1757798770
|switch|p2a: Ribombee|Ribombee, F, shiny|100/100
|move|p1a: The REAL Volc|Sticky Web|p2a: Ribombee
|-sidestart|p2: Marco789987|move: Sticky Web
|
|-end|p1a: The REAL Volc|Whirlpool|[partiallytrapped]|[silent]
|upkeep
|turn|12
|
|t:|1757798783
|move|p2a: Ribombee|Moonblast|p1a: The REAL Volc
|-damage|p1a: The REAL Volc|0 fnt
|faint|p1a: The REAL Volc
|-damage|p2a: Ribombee|91/100|[from] item: Life Orb
|
|upkeep
|
|t:|1757798788
|switch|p1a: GI Golden Joe|Gholdengo|100/100
|-item|p1a: GI Golden Joe|Air Balloon
|turn|13
|
|t:|1757798796
|move|p2a: Ribombee|Psychic Noise|p1a: GI Golden Joe
|-resisted|p1a: GI Golden Joe
|-damage|p1a: GI Golden Joe|85/100
|-start|p1a: GI Golden Joe|move: Heal Block
|-enditem|p1a: GI Golden Joe|Air Balloon
|-damage|p2a: Ribombee|81/100|[from] item: Life Orb
|move|p1a: GI Golden Joe|Nasty Plot|p1a: GI Golden Joe
|-boost|p1a: GI Golden Joe|spa|2
|
|upkeep
|turn|14
|
|t:|1757798809
|move|p2a: Ribombee|Bug Buzz|p1a: GI Golden Joe
|-resisted|p1a: GI Golden Joe
|-damage|p1a: GI Golden Joe|72/100
|-damage|p2a: Ribombee|71/100|[from] item: Life Orb
|move|p1a: GI Golden Joe|Shadow Ball|p2a: Ribombee
|-damage|p2a: Ribombee|0 fnt
|faint|p2a: Ribombee
|
|-end|p1a: GI Golden Joe|move: Heal Block
|upkeep
|
|t:|1757798822
|switch|p2a: Primeape|Primeape, F, shiny|100/100
|-activate|p2a: Primeape|move: Sticky Web
|-unboost|p2a: Primeape|spe|1
|-ability|p2a: Primeape|Defiant|boost
|-boost|p2a: Primeape|atk|2
|turn|15
|
|t:|1757798831
|move|p1a: GI Golden Joe|Dazzling Gleam|p2a: Primeape
|-supereffective|p2a: Primeape
|-damage|p2a: Primeape|36/100
|move|p2a: Primeape|Rage Fist|p1a: GI Golden Joe
|-supereffective|p1a: GI Golden Joe
|-damage|p1a: GI Golden Joe|0 fnt
|faint|p1a: GI Golden Joe
|
|upkeep
|
|t:|1757798835
|switch|p1a: Raging Neck|Haxorus, M, shiny|100/100
|-ability|p1a: Raging Neck|Mold Breaker
|turn|16
|
|t:|1757798845
|move|p1a: Raging Neck|Iron Head|p2a: Primeape
|-damage|p2a: Primeape|3/100
|cant|p2a: Primeape|flinch
|
|upkeep
|turn|17
|
|t:|1757798849
|move|p1a: Raging Neck|Iron Head|p2a: Primeape
|-damage|p2a: Primeape|0 fnt
|faint|p2a: Primeape
|
|upkeep
|
|t:|1757798851
|switch|p2a: Trevenant|Trevenant, F, shiny|100/100
|-activate|p2a: Trevenant|move: Sticky Web
|-unboost|p2a: Trevenant|spe|1
|turn|18
|
|t:|1757798854
|move|p1a: Raging Neck|Swords Dance|p1a: Raging Neck
|-boost|p1a: Raging Neck|atk|2
|move|p2a: Trevenant|Knock Off|p1a: Raging Neck
|-damage|p1a: Raging Neck|71/100
|-enditem|p1a: Raging Neck|Loaded Dice|[from] move: Knock Off|[of] p2a: Trevenant
|
|upkeep
|turn|19
|
|t:|1757798865
|move|p1a: Raging Neck|Scale Shot|p2a: Trevenant
|-damage|p2a: Trevenant|71/100
|-crit|p2a: Trevenant
|-damage|p2a: Trevenant|29/100
|-enditem|p2a: Trevenant|Sitrus Berry|[eat]
|-heal|p2a: Trevenant|53/100|[from] item: Sitrus Berry
|-damage|p2a: Trevenant|23/100
|-damage|p2a: Trevenant|0 fnt
|faint|p2a: Trevenant
|-hitcount|p2: Trevenant|4
|-unboost|p1a: Raging Neck|def|1
|-boost|p1a: Raging Neck|spe|1
|
|upkeep
|
|t:|1757798874
|switch|p2a: Dewgong|Dewgong, F, shiny|100/100 par
|-activate|p2a: Dewgong|move: Sticky Web
|-unboost|p2a: Dewgong|spe|1
|turn|20
|
|t:|1757798880
|move|p1a: Raging Neck|Scale Shot|p2a: Dewgong
|-damage|p2a: Dewgong|67/100 par
|-damage|p2a: Dewgong|34/100 par
|-damage|p2a: Dewgong|3/100 par
|-damage|p2a: Dewgong|0 fnt
|faint|p2a: Dewgong
|-hitcount|p2: Dewgong|4
|
|win|fregene97
|raw|fregene97's rating: 1101 &rarr; <strong>1128</strong><br />(+27 for winning)
|raw|Marco789987's rating: 1129 &rarr; <strong>1102</strong><br />(-27 for losing)
|l|☆Marco789987
|player|p2|
|l|☆fregene97
|player|p1|
