|j|☆Igor Bigorno
|j|☆jxnpm80
|t:|1757946144
|gametype|singles
|player|p1|Igor Bigorno|2|1327
|player|p2|jxnpm80|265|1317
|gen|9
|tier|[Gen 9] OU
|rated|
|rule|HP Percentage Mod: HP is shown in percentages
|rule|Endless Battle Clause: Forcing endless battles is banned
|rule|Species Clause: Limit one of each Pokémon
|rule|OHKO Clause: OHKO moves are banned
|rule|Evasion Items Clause: Evasion items are banned
|rule|Evasion Moves Clause: Evasion moves are banned
|rule|Evasion Abilities Clause: Evasion abilities are banned
|rule|Sleep Moves Clause: Sleep-inducing moves are banned
|clearpoke
|poke|p1|Eelektross, F|
|poke|p1|Deoxys-Speed|
|poke|p1|Iron Valiant|
|poke|p1|Pecharunt|
|poke|p1|Dragonite, M|
|poke|p1|Kingambit, F|
|poke|p2|Alomomola, M|
|poke|p2|Amoonguss, F|
|poke|p2|Slowking-Galar, F|
|poke|p2|Garganacl, M|
|poke|p2|Weezing-Galar, M|
|poke|p2|Toxapex, M|
|teampreview
|inactive|Battle timer is ON: inactive players will automatically lose when time's up. (requested by Igor Bigorno)
|
|t:|1757946150
|teamsize|p1|6
|teamsize|p2|6
|start
|switch|p1a: Deoxys|Deoxys-Speed|100/100
|switch|p2a: my fault|Toxapex, M|100/100
|-ability|p1a: Deoxys|Pressure
|turn|1
|
|t:|1757946160
|move|p1a: Deoxys|Taunt|p2a: my fault
|-start|p2a: my fault|move: Taunt
|cant|p2a: my fault|move: Taunt|Toxic Spikes
|
|upkeep
|turn|2
|
|t:|1757946166
|move|p1a: Deoxys|Stealth Rock|p2a: my fault
|-sidestart|p2: jxnpm80|move: Stealth Rock
|move|p2a: my fault|Liquidation|p1a: Deoxys
|-damage|p1a: Deoxys|75/100
|
|upkeep
|turn|3
|
|t:|1757946175
|switch|p2a: zyn|Weezing-Galar, M|100/100
|-ability|p2a: zyn|Neutralizing Gas
|move|p1a: Deoxys|Reflect|p1a: Deoxys
|-sidestart|p1: Igor Bigorno|Reflect
|
|upkeep
|turn|4
|
|t:|1757946182
|move|p1a: Deoxys|Taunt|p2a: zyn
|-start|p2a: zyn|move: Taunt
|cant|p2a: zyn|move: Taunt|Defog
|
|upkeep
|turn|5
|
|t:|1757946188
|switch|p1a: Eelektross|Eelektross, F|100/100
|move|p2a: zyn|Strange Steam|p1a: Eelektross
|-damage|p1a: Eelektross|79/100
|
|-heal|p1a: Eelektross|85/100|[from] item: Leftovers
|upkeep
|turn|6
|
|t:|1757946196
|move|p1a: Eelektross|Coil|p1a: Eelektross
|-boost|p1a: Eelektross|atk|1
|-boost|p1a: Eelektross|def|1
|-boost|p1a: Eelektross|accuracy|1
|move|p2a: zyn|Strange Steam|p1a: Eelektross
|-damage|p1a: Eelektross|61/100
|
|-heal|p1a: Eelektross|67/100|[from] item: Leftovers
|-end|p2a: zyn|move: Taunt
|upkeep
|turn|7
|
|t:|1757946211
|move|p1a: Eelektross|Coil|p1a: Eelektross
|-boost|p1a: Eelektross|atk|1
|-boost|p1a: Eelektross|def|1
|-boost|p1a: Eelektross|accuracy|1
|move|p2a: zyn|Defog|p1a: Eelektross
|-unboost|p1a: Eelektross|evasion|1
|-sideend|p1: Igor Bigorno|Reflect
|-sideend|p2: jxnpm80|Stealth Rock|[from] move: Defog|[of] p2a: zyn
|
|-heal|p1a: Eelektross|73/100|[from] item: Leftovers
|upkeep
|turn|8
|
|t:|1757946223
|move|p1a: Eelektross|Supercell Slam|p2a: zyn
|-damage|p2a: zyn|36/100
|move|p2a: zyn|Sludge Wave|p1a: Eelektross
|-damage|p1a: Eelektross|50/100
|
|-heal|p1a: Eelektross|56/100|[from] item: Leftovers
|upkeep
|turn|9
|
|t:|1757946231
|move|p1a: Eelektross|Supercell Slam|p2a: zyn
|-damage|p2a: zyn|0 fnt
|faint|p2a: zyn
|-end|p2a: zyn|ability: Neutralizing Gas
|
|-heal|p1a: Eelektross|63/100|[from] item: Leftovers
|upkeep
|
|t:|1757946236
|switch|p2a: my fault|Toxapex, M|100/100
|turn|10
|
|t:|1757946243
|-terastallize|p2a: my fault|Grass
|move|p2a: my fault|Haze|p2a: my fault
|-clearallboost
|move|p1a: Eelektross|Dragon Tail|p2a: my fault
|-damage|p2a: my fault|92/100
|-damage|p1a: Eelektross|46/100|[from] item: Rocky Helmet|[of] p2a: my fault
|drag|p2a: my bad|Garganacl, M|100/100
|
|-heal|p1a: Eelektross|52/100|[from] item: Leftovers
|upkeep
|turn|11
|
|t:|1757946256
|move|p1a: Eelektross|Coil|p1a: Eelektross
|-boost|p1a: Eelektross|atk|1
|-boost|p1a: Eelektross|def|1
|-boost|p1a: Eelektross|accuracy|1
|move|p2a: my bad|Salt Cure|p1a: Eelektross
|-damage|p1a: Eelektross|42/100
|-start|p1a: Eelektross|Salt Cure
|
|-heal|p1a: Eelektross|49/100|[from] item: Leftovers
|-damage|p1a: Eelektross|36/100|[from] Salt Cure
|upkeep
|turn|12
|
|t:|1757946266
|move|p1a: Eelektross|Coil|p1a: Eelektross
|-boost|p1a: Eelektross|atk|1
|-boost|p1a: Eelektross|def|1
|-boost|p1a: Eelektross|accuracy|1
|move|p2a: my bad|Iron Defense|p2a: my bad
|-boost|p2a: my bad|def|2
|
|-heal|p1a: Eelektross|42/100|[from] item: Leftovers
|-damage|p1a: Eelektross|30/100|[from] Salt Cure
|upkeep
|turn|13
|
|t:|1757946280
|move|p1a: Eelektross|Drain Punch|p2a: my bad
|-supereffective|p2a: my bad
|-damage|p2a: my bad|73/100
|-heal|p1a: Eelektross|45/100|[from] drain|[of] p2a: my bad
|move|p2a: my bad|Iron Defense|p2a: my bad
|-boost|p2a: my bad|def|2
|
|-heal|p1a: Eelektross|51/100|[from] item: Leftovers
|-heal|p2a: my bad|79/100|[from] item: Leftovers
|-damage|p1a: Eelektross|39/100|[from] Salt Cure
|upkeep
|turn|14
|
|t:|1757946291
|move|p2a: my bad|Protect|p2a: my bad
|-singleturn|p2a: my bad|Protect
|move|p1a: Eelektross|Dragon Tail|p2a: my bad
|-activate|p2a: my bad|move: Protect
|
|-heal|p1a: Eelektross|45/100|[from] item: Leftovers
|-heal|p2a: my bad|86/100|[from] item: Leftovers
|-damage|p1a: Eelektross|33/100|[from] Salt Cure
|upkeep
|turn|15
|
|t:|1757946301
|switch|p1a: Pecharunt|Pecharunt|100/100
|move|p2a: my bad|Body Press|p1a: Pecharunt
|-immune|p1a: Pecharunt
|
|-heal|p2a: my bad|92/100|[from] item: Leftovers
|upkeep
|turn|16
|
|t:|1757946310
|move|p1a: Pecharunt|Nasty Plot|p1a: Pecharunt
|-boost|p1a: Pecharunt|spa|2
|move|p2a: my bad|Salt Cure|p1a: Pecharunt
|-damage|p1a: Pecharunt|92/100
|-start|p1a: Pecharunt|Salt Cure
|
|-heal|p2a: my bad|98/100|[from] item: Leftovers
|-damage|p1a: Pecharunt|79/100|[from] Salt Cure
|upkeep
|turn|17
|
|t:|1757946320
|move|p2a: my bad|Protect|p2a: my bad
|-singleturn|p2a: my bad|Protect
|move|p1a: Pecharunt|Nasty Plot|p1a: Pecharunt
|-boost|p1a: Pecharunt|spa|2
|
|-heal|p2a: my bad|100/100|[from] item: Leftovers
|-damage|p1a: Pecharunt|67/100|[from] Salt Cure
|upkeep
|turn|18
|
|t:|1757946339
|switch|p2a: my condolences|Slowking-Galar, F|100/100
|move|p1a: Pecharunt|Shadow Ball|p2a: my condolences
|-supereffective|p2a: my condolences
|-damage|p2a: my condolences|0 fnt
|faint|p2a: my condolences
|
|-damage|p1a: Pecharunt|55/100|[from] Salt Cure
|upkeep
|
|t:|1757946347
|switch|p2a: i apologize|Amoonguss, F|100/100
|turn|19
|
|t:|1757946353
|move|p2a: i apologize|Protect|p2a: i apologize
|-singleturn|p2a: i apologize|Protect
|move|p1a: Pecharunt|Recover|p1a: Pecharunt
|-heal|p1a: Pecharunt|100/100
|
|-damage|p1a: Pecharunt|88/100|[from] Salt Cure
|upkeep
|turn|20
|
|t:|1757946362
|switch|p1a: Deoxys|Deoxys-Speed|75/100
|-ability|p1a: Deoxys|Pressure
|move|p2a: i apologize|Sludge Bomb|p1a: Deoxys
|-damage|p1a: Deoxys|40/100
|
|upkeep
|turn|21
|
|t:|1757946372
|move|p1a: Deoxys|Stealth Rock|p2a: i apologize
|-sidestart|p2: jxnpm80|move: Stealth Rock
|move|p2a: i apologize|Foul Play|p1a: Deoxys
|-supereffective|p1a: Deoxys
|-damage|p1a: Deoxys|0 fnt
|faint|p1a: Deoxys
|
|upkeep
|
|t:|1757946379
|switch|p1a: Eelektross|Eelektross, F|33/100
|turn|22
|
|t:|1757946382
|move|p2a: i apologize|Foul Play|p1a: Eelektross
|-crit|p1a: Eelektross
|-damage|p1a: Eelektross|0 fnt
|faint|p1a: Eelektross
|
|upkeep
|
|t:|1757946396
|switch|p1a: Kingambit|Kingambit, F|100/100
|-activate|p1a: Kingambit|ability: Supreme Overlord
|-start|p1a: Kingambit|fallen2|[silent]
|turn|23
|
|t:|1757946406
|move|p1a: Kingambit|Iron Head|p2a: i apologize
|-damage|p2a: i apologize|44/100
|-damage|p1a: Kingambit|84/100|[from] item: Rocky Helmet|[of] p2a: i apologize
|move|p2a: i apologize|Foul Play|p1a: Kingambit
|-resisted|p1a: Kingambit
|-damage|p1a: Kingambit|70/100
|
|upkeep
|turn|24
|
|t:|1757946417
|switch|p2a: im sorry|Alomomola, M|100/100
|-damage|p2a: im sorry|88/100|[from] Stealth Rock
|move|p1a: Kingambit|Kowtow Cleave|p2a: im sorry
|-damage|p2a: im sorry|57/100
|-damage|p1a: Kingambit|53/100|[from] item: Rocky Helmet|[of] p2a: im sorry
|
|upkeep
|turn|25
|
|t:|1757946427
|move|p2a: im sorry|Whirlpool|p1a: Kingambit
|-damage|p1a: Kingambit|47/100
|-activate|p1a: Kingambit|move: Whirlpool|[of] p2a: im sorry
|move|p1a: Kingambit|Swords Dance|p1a: Kingambit
|-boost|p1a: Kingambit|atk|2
|
|-damage|p1a: Kingambit|35/100|[from] move: Whirlpool|[partiallytrapped]
|upkeep
|turn|26
|
|t:|1757946436
|move|p2a: im sorry|Protect|p2a: im sorry
|-singleturn|p2a: im sorry|Protect
|move|p1a: Kingambit|Kowtow Cleave|p2a: im sorry
|-activate|p2a: im sorry|move: Protect
|
|-damage|p1a: Kingambit|22/100|[from] move: Whirlpool|[partiallytrapped]
|upkeep
|turn|27
|
|t:|1757946451
|move|p2a: im sorry|Flip Turn|p1a: Kingambit
|-crit|p1a: Kingambit
|-damage|p1a: Kingambit|4/100
|
|t:|1757946455
|switch|p2a: my fault|Toxapex, M, tera:Grass|100/100|[from] Flip Turn
|-damage|p2a: my fault|88/100|[from] Stealth Rock
|move|p1a: Kingambit|Kowtow Cleave|p2a: my fault
|-damage|p2a: my fault|17/100
|-damage|p1a: Kingambit|0 fnt|[from] item: Rocky Helmet|[of] p2a: my fault
|faint|p1a: Kingambit
|-end|p1a: Kingambit|fallen2|[silent]
|
|upkeep
|
|t:|1757946466
|switch|p1a: Pecharunt|Pecharunt|88/100
|turn|28
|
|t:|1757946472
|move|p2a: my fault|Baneful Bunker|p2a: my fault
|-singleturn|p2a: my fault|move: Protect
|move|p1a: Pecharunt|Shadow Ball|p2a: my fault
|-activate|p2a: my fault|move: Protect
|
|upkeep
|turn|29
|
|t:|1757946480
|move|p1a: Pecharunt|Nasty Plot|p1a: Pecharunt
|-boost|p1a: Pecharunt|spa|2
|move|p2a: my fault|Haze|p2a: my fault
|-clearallboost
|
|upkeep
|turn|30
|
|t:|1757946492
|switch|p2a: im sorry|Alomomola, M|90/100
|-damage|p2a: im sorry|78/100|[from] Stealth Rock
|move|p1a: Pecharunt|Malignant Chain|p2a: im sorry
|-damage|p2a: im sorry|44/100
|-status|p2a: im sorry|tox
|-start|p2a: im sorry|confusion|[from] ability: Poison Puppeteer|[of] p1a: Pecharunt
|
|-damage|p2a: im sorry|38/100 tox|[from] psn
|upkeep
|turn|31
|
|t:|1757946512
|switch|p2a: i apologize|Amoonguss, F|77/100
|-damage|p2a: i apologize|65/100|[from] Stealth Rock
|move|p1a: Pecharunt|Nasty Plot|p1a: Pecharunt
|-boost|p1a: Pecharunt|spa|2
|
|upkeep
|turn|32
|
|t:|1757946523
|move|p1a: Pecharunt|Shadow Ball|p2a: i apologize
|-damage|p2a: i apologize|32/100
|move|p2a: i apologize|Foul Play|p1a: Pecharunt
|-supereffective|p1a: Pecharunt
|-damage|p1a: Pecharunt|69/100
|
|upkeep
|turn|33
|
|t:|1757946535
|move|p2a: i apologize|Protect|p2a: i apologize
|-singleturn|p2a: i apologize|Protect
|move|p1a: Pecharunt|Nasty Plot|p1a: Pecharunt
|-boost|p1a: Pecharunt|spa|2
|
|upkeep
|turn|34
|
|t:|1757946546
|move|p1a: Pecharunt|Shadow Ball|p2a: i apologize
|-damage|p2a: i apologize|0 fnt
|faint|p2a: i apologize
|
|upkeep
|
|t:|1757946549
|switch|p2a: im sorry|Alomomola, M|71/100 tox
|-damage|p2a: im sorry|59/100 tox|[from] Stealth Rock
|turn|35
|
|t:|1757946557
|move|p1a: Pecharunt|Malignant Chain|p2a: im sorry
|-damage|p2a: im sorry|0 fnt
|faint|p2a: im sorry
|
|upkeep
|
|t:|1757946563
|switch|p2a: my fault|Toxapex, M, tera:Grass|50/100
|-damage|p2a: my fault|38/100|[from] Stealth Rock
|turn|36
|
|t:|1757946567
|move|p1a: Pecharunt|Malignant Chain|p2a: my fault
|-supereffective|p2a: my fault
|-damage|p2a: my fault|0 fnt
|faint|p2a: my fault
|
|upkeep
|
|t:|1757946570
|switch|p2a: my bad|Garganacl, M|100/100
|-damage|p2a: my bad|88/100|[from] Stealth Rock
|turn|37
|
|t:|1757946576
|move|p1a: Pecharunt|Shadow Ball|p2a: my bad
|-damage|p2a: my bad|65/100
|move|p2a: my bad|Salt Cure|p1a: Pecharunt
|-damage|p1a: Pecharunt|60/100
|-start|p1a: Pecharunt|Salt Cure
|
|-heal|p2a: my bad|71/100|[from] item: Leftovers
|-damage|p1a: Pecharunt|48/100|[from] Salt Cure
|upkeep
|turn|38
|
|t:|1757946587
|move|p1a: Pecharunt|Malignant Chain|p2a: my bad
|-resisted|p2a: my bad
|-damage|p2a: my bad|41/100
|move|p2a: my bad|Salt Cure|p1a: Pecharunt
|-crit|p1a: Pecharunt
|-damage|p1a: Pecharunt|35/100
|
|-heal|p2a: my bad|47/100|[from] item: Leftovers
|-damage|p1a: Pecharunt|23/100|[from] Salt Cure
|upkeep
|turn|39
|
|t:|1757946598
|move|p1a: Pecharunt|Recover|p1a: Pecharunt
|-heal|p1a: Pecharunt|73/100
|move|p2a: my bad|Salt Cure|p1a: Pecharunt
|-damage|p1a: Pecharunt|64/100
|
|-heal|p2a: my bad|53/100|[from] item: Leftovers
|-damage|p1a: Pecharunt|52/100|[from] Salt Cure
|upkeep
|turn|40
|inactive|Igor Bigorno has 120 seconds left.
|-message|jxnpm80 forfeited.
|
|win|Igor Bigorno
|raw|Igor Bigorno's rating: 1327 &rarr; <strong>1346</strong><br />(+19 for winning)
|raw|jxnpm80's rating: 1317 &rarr; <strong>1298</strong><br />(-19 for losing)
|l|☆jxnpm80
|player|p2|
|l|☆Igor Bigorno
|player|p1|
