|j|☆16xaya
|j|☆gigatripathy
|t:|1757856077
|gametype|singles
|player|p1|16xaya|170|1379
|player|p2|gigatripathy|170|1409
|gen|9
|tier|[Gen 9] OU
|rated|
|rule|HP Percentage Mod: HP is shown in percentages
|rule|Endless Battle Clause: Forcing endless battles is banned
|rule|Species Clause: Limit one of each Pokémon
|rule|OHKO Clause: OHKO moves are banned
|rule|Evasion Items Clause: Evasion items are banned
|rule|Evasion Moves Clause: Evasion moves are banned
|rule|Evasion Abilities Clause: Evasion abilities are banned
|rule|Sleep Moves Clause: Sleep-inducing moves are banned
|clearpoke
|poke|p1|Glimmora, F|
|poke|p1|Ogerpon-Wellspring, F|
|poke|p1|Hatterene, F|
|poke|p1|Iron Moth|
|poke|p1|Dragonite, F|
|poke|p1|Kingambit, F|
|poke|p2|Great Tusk|
|poke|p2|Galvantula, M|
|poke|p2|Kingambit, M|
|poke|p2|Serperior, M|
|poke|p2|Dragapult, M|
|poke|p2|Pelipper, M|
|teampreview
|inactive|Battle timer is ON: inactive players will automatically lose when time's up. (requested by gigatripathy)
|
|t:|1757856081
|teamsize|p1|6
|teamsize|p2|6
|start
|switch|p1a: Glimmora|Glimmora, F|100/100
|switch|p2a: Miles Morales|Galvantula, M, shiny|100/100
|turn|1
|
|t:|1757856090
|move|p2a: Miles Morales|Thunder Wave|p1a: Glimmora
|-status|p1a: Glimmora|par
|move|p1a: Glimmora|Stealth Rock|p2a: Miles Morales
|-sidestart|p2: gigatripathy|move: Stealth Rock
|
|upkeep
|turn|2
|
|t:|1757856096
|move|p2a: Miles Morales|Sticky Web|p1a: Glimmora
|-sidestart|p1: 16xaya|move: Sticky Web
|move|p1a: Glimmora|Power Gem|p2a: Miles Morales
|-supereffective|p2a: Miles Morales
|-enditem|p2a: Miles Morales|Focus Sash
|-damage|p2a: Miles Morales|1/100
|
|upkeep
|turn|3
|
|t:|1757856106
|move|p2a: Miles Morales|Gastro Acid|p1a: Glimmora
|-endability|p1a: Glimmora
|cant|p1a: Glimmora|par
|
|upkeep
|turn|4
|
|t:|1757856109
|move|p2a: Miles Morales|Bug Buzz|p1a: Glimmora
|-resisted|p1a: Glimmora
|-damage|p1a: Glimmora|81/100 par
|move|p1a: Glimmora|Power Gem|p2a: Miles Morales
|-supereffective|p2a: Miles Morales
|-damage|p2a: Miles Morales|0 fnt
|faint|p2a: Miles Morales
|
|upkeep
|
|t:|1757856117
|switch|p2a: Nagini|Serperior, M, shiny|100/100
|-damage|p2a: Nagini|88/100|[from] Stealth Rock
|turn|5
|
|t:|1757856132
|move|p2a: Nagini|Substitute|p2a: Nagini
|-start|p2a: Nagini|Substitute
|-damage|p2a: Nagini|63/100
|move|p1a: Glimmora|Mud Shot|p2a: Nagini
|-resisted|p2a: Nagini
|-activate|p2a: Nagini|move: Substitute|[damage]
|
|-heal|p2a: Nagini|70/100|[from] item: Leftovers
|upkeep
|turn|6
|
|t:|1757856142
|move|p2a: Nagini|Leaf Storm|p1a: Glimmora
|-crit|p1a: Glimmora
|-damage|p1a: Glimmora|4/100 par
|-boost|p2a: Nagini|spa|2
|move|p1a: Glimmora|Power Gem|p2a: Nagini
|-end|p2a: Nagini|Substitute
|
|-heal|p2a: Nagini|76/100|[from] item: Leftovers
|upkeep
|turn|7
|
|t:|1757856149
|move|p2a: Nagini|Substitute|p2a: Nagini
|-start|p2a: Nagini|Substitute
|-damage|p2a: Nagini|51/100
|move|p1a: Glimmora|Mud Shot|p2a: Nagini
|-resisted|p2a: Nagini
|-activate|p2a: Nagini|move: Substitute|[damage]
|
|-heal|p2a: Nagini|57/100|[from] item: Leftovers
|upkeep
|turn|8
|
|t:|1757856157
|move|p2a: Nagini|Leaf Storm|p1a: Glimmora
|-damage|p1a: Glimmora|0 fnt
|-boost|p2a: Nagini|spa|2
|faint|p1a: Glimmora
|
|-heal|p2a: Nagini|63/100|[from] item: Leftovers
|upkeep
|
|t:|1757856169
|switch|p1a: Dragonite|Dragonite, F|100/100
|turn|9
|
|t:|1757856179
|move|p2a: Nagini|Glare|p1a: Dragonite
|-status|p1a: Dragonite|par
|-enditem|p1a: Dragonite|Lum Berry|[eat]
|-curestatus|p1a: Dragonite|par|[msg]
|move|p1a: Dragonite|Dragon Dance|p1a: Dragonite
|-boost|p1a: Dragonite|atk|1
|-boost|p1a: Dragonite|spe|1
|
|-heal|p2a: Nagini|70/100|[from] item: Leftovers
|upkeep
|turn|10
|
|t:|1757856187
|move|p1a: Dragonite|Ice Spinner|p2a: Nagini
|-supereffective|p2a: Nagini
|-end|p2a: Nagini|Substitute
|move|p2a: Nagini|Glare|p1a: Dragonite
|-status|p1a: Dragonite|par
|
|-heal|p2a: Nagini|76/100|[from] item: Leftovers
|upkeep
|turn|11
|
|t:|1757856199
|move|p2a: Nagini|Substitute|p2a: Nagini
|-start|p2a: Nagini|Substitute
|-damage|p2a: Nagini|51/100
|move|p1a: Dragonite|Ice Spinner|p2a: Nagini
|-supereffective|p2a: Nagini
|-end|p2a: Nagini|Substitute
|
|-heal|p2a: Nagini|57/100|[from] item: Leftovers
|upkeep
|turn|12
|
|t:|1757856204
|move|p2a: Nagini|Substitute|p2a: Nagini
|-start|p2a: Nagini|Substitute
|-damage|p2a: Nagini|32/100
|move|p1a: Dragonite|Ice Spinner|p2a: Nagini
|-supereffective|p2a: Nagini
|-end|p2a: Nagini|Substitute
|
|-heal|p2a: Nagini|39/100|[from] item: Leftovers
|upkeep
|turn|13
|
|t:|1757856209
|move|p2a: Nagini|Substitute|p2a: Nagini
|-start|p2a: Nagini|Substitute
|-damage|p2a: Nagini|14/100
|cant|p1a: Dragonite|par
|
|-heal|p2a: Nagini|20/100|[from] item: Leftovers
|upkeep
|turn|14
|
|t:|1757856214
|move|p2a: Nagini|Leaf Storm|p1a: Dragonite
|-resisted|p1a: Dragonite
|-damage|p1a: Dragonite|86/100 par
|-boost|p2a: Nagini|spa|2
|cant|p1a: Dragonite|par
|
|-heal|p2a: Nagini|26/100|[from] item: Leftovers
|upkeep
|turn|15
|
|t:|1757856222
|-terastallize|p2a: Nagini|Dragon
|move|p2a: Nagini|Dragon Pulse|p1a: Dragonite
|-supereffective|p1a: Dragonite
|-damage|p1a: Dragonite|0 fnt
|faint|p1a: Dragonite
|
|-heal|p2a: Nagini|32/100|[from] item: Leftovers
|upkeep
|
|t:|1757856228
|switch|p1a: Kingambit|Kingambit, F|100/100
|-activate|p1a: Kingambit|move: Sticky Web
|-unboost|p1a: Kingambit|spe|1
|-activate|p1a: Kingambit|ability: Supreme Overlord
|-start|p1a: Kingambit|fallen2|[silent]
|turn|16
|
|t:|1757856234
|move|p1a: Kingambit|Sucker Punch||[still]
|-fail|p1a: Kingambit
|move|p2a: Nagini|Glare|p1a: Kingambit
|-status|p1a: Kingambit|par
|
|-heal|p2a: Nagini|39/100|[from] item: Leftovers
|upkeep
|turn|17
|
|t:|1757856241
|cant|p1a: Kingambit|par
|move|p2a: Nagini|Leaf Storm|p1a: Kingambit
|-resisted|p1a: Kingambit
|-damage|p1a: Kingambit|8/100 par
|
|-heal|p2a: Nagini|45/100|[from] item: Leftovers
|upkeep
|turn|18
|
|t:|1757856248
|move|p1a: Kingambit|Sucker Punch|p2a: Nagini
|-end|p2a: Nagini|Substitute
|move|p2a: Nagini|Leaf Storm|p1a: Kingambit
|-resisted|p1a: Kingambit
|-damage|p1a: Kingambit|0 fnt
|faint|p1a: Kingambit
|-end|p1a: Kingambit|fallen2|[silent]
|
|-heal|p2a: Nagini|51/100|[from] item: Leftovers
|upkeep
|
|t:|1757856251
|switch|p1a: Iron Moth|Iron Moth|100/100
|-activate|p1a: Iron Moth|move: Sticky Web
|-unboost|p1a: Iron Moth|spe|1
|-enditem|p1a: Iron Moth|Booster Energy
|-activate|p1a: Iron Moth|ability: Quark Drive|[fromitem]
|-start|p1a: Iron Moth|quarkdrivespa
|turn|19
|
|t:|1757856257
|-terastallize|p1a: Iron Moth|Fairy
|move|p2a: Nagini|Glare|p1a: Iron Moth
|-status|p1a: Iron Moth|par
|move|p1a: Iron Moth|Dazzling Gleam|p2a: Nagini
|-supereffective|p2a: Nagini
|-crit|p2a: Nagini
|-damage|p2a: Nagini|0 fnt
|faint|p2a: Nagini
|
|upkeep
|
|t:|1757856268
|switch|p2a: Think he's him|Kingambit, M, shiny|100/100
|-damage|p2a: Think he's him|94/100|[from] Stealth Rock
|-activate|p2a: Think he's him|ability: Supreme Overlord
|-start|p2a: Think he's him|fallen2|[silent]
|turn|20
|
|t:|1757856272
|move|p2a: Think he's him|Iron Head|p1a: Iron Moth
|-supereffective|p1a: Iron Moth
|-damage|p1a: Iron Moth|0 fnt
|faint|p1a: Iron Moth
|-end|p1a: Iron Moth|Quark Drive|[silent]
|
|upkeep
|
|t:|1757856277
|switch|p1a: Hatterene|Hatterene, F|100/100
|-activate|p1a: Hatterene|move: Sticky Web
|-unboost|p1a: Hatterene|spe|1
|turn|21
|
|t:|1757856281
|move|p2a: Think he's him|Iron Head|p1a: Hatterene
|-supereffective|p1a: Hatterene
|-damage|p1a: Hatterene|6/100
|move|p1a: Hatterene|Mystical Fire|p2a: Think he's him
|-supereffective|p2a: Think he's him
|-damage|p2a: Think he's him|51/100
|-unboost|p2a: Think he's him|spa|1
|
|-heal|p1a: Hatterene|12/100|[from] item: Leftovers
|upkeep
|turn|22
|
|t:|1757856288
|move|p2a: Think he's him|Iron Head|p1a: Hatterene
|-supereffective|p1a: Hatterene
|-damage|p1a: Hatterene|0 fnt
|faint|p1a: Hatterene
|
|upkeep
|
|t:|1757856290
|switch|p1a: Ogerpon|Ogerpon-Wellspring, F|100/100
|-activate|p1a: Ogerpon|move: Sticky Web
|-unboost|p1a: Ogerpon|spe|1
|turn|23
|
|t:|1757856294
|move|p2a: Think he's him|Sucker Punch|p1a: Ogerpon
|-damage|p1a: Ogerpon|36/100
|move|p1a: Ogerpon|Ivy Cudgel|p2a: Think he's him|[anim] Ivy Cudgel Water
|-damage|p2a: Think he's him|9/100
|
|upkeep
|turn|24
|-message|16xaya forfeited.
|
|win|gigatripathy
|raw|16xaya's rating: 1379 &rarr; <strong>1361</strong><br />(-18 for losing)
|raw|gigatripathy's rating: 1409 &rarr; <strong>1427</strong><br />(+18 for winning)
|l|☆16xaya
|player|p1|
|l|☆gigatripathy
|player|p2|
