|j|☆ez games tonight
|j|☆OminousGengar
|t:|1757826100
|gametype|singles
|player|p1|ez games tonight|rocketgrunt|1348
|player|p2|OminousGengar|eusine|1354
|gen|9
|tier|[Gen 9] OU
|rated|
|rule|HP Percentage Mod: HP is shown in percentages
|rule|Endless Battle Clause: Forcing endless battles is banned
|rule|Species Clause: Limit one of each Pokémon
|rule|OHKO Clause: OHKO moves are banned
|rule|Evasion Items Clause: Evasion items are banned
|rule|Evasion Moves Clause: Evasion moves are banned
|rule|Evasion Abilities Clause: Evasion abilities are banned
|rule|Sleep Moves Clause: Sleep-inducing moves are banned
|clearpoke
|poke|p1|Slowking-Galar, F|
|poke|p1|Cinderace, M|
|poke|p1|Kyurem|
|poke|p1|Corviknight, F|
|poke|p1|Ting-Lu|
|poke|p1|Dondozo, F|
|poke|p2|Talonflame, F|
|poke|p2|Pelipper, F|
|poke|p2|Barraskewda, M|
|poke|p2|Toxicroak, M|
|poke|p2|Hatterene, F|
|poke|p2|Iron Treads|
|teampreview
|
|t:|1757826114
|teamsize|p1|6
|teamsize|p2|6
|start
|switch|p1a: Slowking|Slowking-Galar, F|100/100
|switch|p2a: Iron Treads|Iron Treads|100/100
|turn|1
|
|t:|1757826132
|move|p2a: Iron Treads|Earth Power|p1a: Slowking
|-supereffective|p1a: Slowking
|-enditem|p1a: Slowking|Shuca Berry|[eat]
|-enditem|p1a: Slowking|Shuca Berry|[weaken]
|-damage|p1a: Slowking|75/100
|move|p1a: Slowking|Ice Beam|p2a: Iron Treads
|-crit|p2a: Iron Treads
|-damage|p2a: Iron Treads|55/100
|
|-heal|p2a: Iron Treads|61/100|[from] item: Leftovers
|upkeep
|turn|2
|
|t:|1757826145
|move|p2a: Iron Treads|Volt Switch|p1a: Slowking
|-damage|p1a: Slowking|62/100
|
|t:|1757826152
|-end|p2a: Iron Treads|Quark Drive|[silent]
|switch|p2a: Barraskewda|Barraskewda, M|100/100|[from] Volt Switch
|move|p1a: Slowking|Ice Beam|p2a: Barraskewda
|-resisted|p2a: Barraskewda
|-damage|p2a: Barraskewda|75/100
|
|upkeep
|turn|3
|
|t:|1757826172
|switch|p1a: Corviknight|Corviknight, F, shiny|100/100
|-ability|p1a: Corviknight|Pressure
|move|p2a: Barraskewda|Flip Turn|p1a: Corviknight
|-damage|p1a: Corviknight|70/100
|-damage|p2a: Barraskewda|59/100|[from] item: Rocky Helmet|[of] p1a: Corviknight
|
|t:|1757826175
|switch|p2a: Pelipper|Pelipper, F|100/100|[from] Flip Turn
|-weather|RainDance|[from] ability: Drizzle|[of] p2a: Pelipper
|
|-weather|RainDance|[upkeep]
|upkeep
|turn|4
|
|t:|1757826192
|switch|p1a: Kyurem|Kyurem|100/100
|-ability|p1a: Kyurem|Pressure
|move|p2a: Pelipper|U-turn|p1a: Kyurem
|-damage|p1a: Kyurem|92/100
|
|t:|1757826199
|switch|p2a: Barraskewda|Barraskewda, M|59/100|[from] U-turn
|
|-weather|RainDance|[upkeep]
|upkeep
|turn|5
|
|t:|1757826207
|switch|p1a: Slowking|Slowking-Galar, F|95/100
|move|p2a: Barraskewda|Close Combat|p1a: Slowking
|-resisted|p1a: Slowking
|-crit|p1a: Slowking
|-damage|p1a: Slowking|75/100
|-unboost|p2a: Barraskewda|def|1
|-unboost|p2a: Barraskewda|spd|1
|
|-weather|RainDance|[upkeep]
|upkeep
|turn|6
|
|t:|1757826215
|switch|p2a: Toxicroak|Toxicroak, M|100/100
|move|p1a: Slowking|Future Sight|p2a: Toxicroak
|-start|p1a: Slowking|move: Future Sight
|
|-weather|RainDance|[upkeep]
|upkeep
|turn|7
|
|t:|1757826220
|move|p2a: Toxicroak|Knock Off|p1a: Slowking
|-supereffective|p1a: Slowking
|-damage|p1a: Slowking|51/100
|-prepare|p1a: Slowking|Chilly Reception|[premajor]
|move|p1a: Slowking|Chilly Reception|p1a: Slowking
|-weather|Snowscape
|
|t:|1757826223
|switch|p1a: Kyurem|Kyurem|92/100|[from] Chilly Reception
|-ability|p1a: Kyurem|Pressure
|
|-weather|Snowscape|[upkeep]
|upkeep
|turn|8
|
|t:|1757826228
|switch|p2a: Pelipper|Pelipper, F|100/100
|-weather|RainDance|[from] ability: Drizzle|[of] p2a: Pelipper
|move|p1a: Kyurem|Blizzard|p2a: Pelipper
|-damage|p2a: Pelipper|0 fnt
|faint|p2a: Pelipper
|
|-weather|RainDance|[upkeep]
|-hint|Future Sight did not hit because the target is fainted.
|upkeep
|
|t:|1757826235
|switch|p2a: Barraskewda|Barraskewda, M|59/100
|turn|9
|
|t:|1757826250
|switch|p1a: Dondozo|Dondozo, F|100/100
|-terastallize|p2a: Barraskewda|Water
|move|p2a: Barraskewda|Waterfall|p1a: Dondozo
|-resisted|p1a: Dondozo
|-damage|p1a: Dondozo|62/100
|
|-weather|RainDance|[upkeep]
|-heal|p1a: Dondozo|69/100|[from] item: Leftovers
|upkeep
|turn|10
|inactive|Battle timer is ON: inactive players will automatically lose when time's up. (requested by ez games tonight)
|inactive|OminousGengar has 120 seconds left.
|inactive|OminousGengar has 90 seconds left.
|
|t:|1757826353
|switch|p2a: Toxicroak|Toxicroak, M|100/100
|move|p1a: Dondozo|Rest|p1a: Dondozo
|-status|p1a: Dondozo|slp|[from] move: Rest
|-heal|p1a: Dondozo|100/100 slp|[silent]
|
|-weather|RainDance|[upkeep]
|upkeep
|turn|11
|inactive|ez games tonight has 120 seconds left.
|
|t:|1757826408
|move|p2a: Toxicroak|Encore|p1a: Dondozo
|-start|p1a: Dondozo|Encore
|cant|p1a: Dondozo|slp
|
|-weather|RainDance|[upkeep]
|upkeep
|turn|12
|inactive|OminousGengar has 120 seconds left.
|
|t:|1757826444
|switch|p2a: Talonflame|Talonflame, F|100/100
|cant|p1a: Dondozo|slp
|
|-weather|RainDance|[upkeep]
|upkeep
|turn|13
|
|t:|1757826457
|switch|p1a: Cinderace|Cinderace, M|100/100
|move|p2a: Talonflame|Hurricane|p1a: Cinderace
|-damage|p1a: Cinderace|26/100
|-start|p1a: Cinderace|confusion
|
|-weather|RainDance|[upkeep]
|upkeep
|turn|14
|
|t:|1757826468
|switch|p1a: Ting-Lu|Ting-Lu|100/100
|-ability|p1a: Ting-Lu|Vessel of Ruin
|move|p2a: Talonflame|Hurricane|p1a: Ting-Lu
|-damage|p1a: Ting-Lu|73/100
|
|-weather|RainDance|[upkeep]
|-heal|p1a: Ting-Lu|79/100|[from] item: Leftovers
|upkeep
|turn|15
|
|t:|1757826475
|switch|p2a: Hatterene|Hatterene, F|100/100
|move|p1a: Ting-Lu|Payback|p2a: Hatterene
|-damage|p2a: Hatterene|81/100
|-enditem|p2a: Hatterene|Eject Button
|
|t:|1757826478
|switch|p2a: Barraskewda|Barraskewda, M, tera:Water|59/100
|
|-weather|none
|-heal|p1a: Ting-Lu|85/100|[from] item: Leftovers
|upkeep
|turn|16
|
|t:|1757826486
|switch|p1a: Corviknight|Corviknight, F, shiny|70/100
|-ability|p1a: Corviknight|Pressure
|move|p2a: Barraskewda|Flip Turn|p1a: Corviknight
|-damage|p1a: Corviknight|29/100
|-damage|p2a: Barraskewda|43/100|[from] item: Rocky Helmet|[of] p1a: Corviknight
|
|t:|1757826492
|switch|p2a: Iron Treads|Iron Treads|61/100|[from] Flip Turn
|
|-heal|p2a: Iron Treads|67/100|[from] item: Leftovers
|upkeep
|turn|17
|inactive|ez games tonight has 120 seconds left.
|
|t:|1757826497
|switch|p1a: Ting-Lu|Ting-Lu|85/100
|-ability|p1a: Ting-Lu|Vessel of Ruin
|move|p2a: Iron Treads|Volt Switch|p1a: Ting-Lu
|-immune|p1a: Ting-Lu
|
|-heal|p2a: Iron Treads|73/100|[from] item: Leftovers
|-heal|p1a: Ting-Lu|92/100|[from] item: Leftovers
|upkeep
|turn|18
|inactive|ez games tonight has 120 seconds left.
|
|t:|1757826508
|-end|p2a: Iron Treads|Quark Drive|[silent]
|switch|p2a: Talonflame|Talonflame, F|100/100
|move|p1a: Ting-Lu|Earthquake|p2a: Talonflame
|-immune|p2a: Talonflame
|
|-heal|p1a: Ting-Lu|98/100|[from] item: Leftovers
|upkeep
|turn|19
|
|t:|1757826515
|move|p2a: Talonflame|U-turn|p1a: Ting-Lu
|-supereffective|p1a: Ting-Lu
|-damage|p1a: Ting-Lu|85/100
|
|t:|1757826521
|switch|p2a: Hatterene|Hatterene, F|81/100|[from] U-turn
|move|p1a: Ting-Lu|Payback|p2a: Hatterene
|-crit|p2a: Hatterene
|-damage|p2a: Hatterene|51/100
|
|-heal|p1a: Ting-Lu|91/100|[from] item: Leftovers
|upkeep
|turn|20
|
|t:|1757826527
|move|p1a: Ting-Lu|Earthquake|p2a: Hatterene
|-damage|p2a: Hatterene|9/100
|move|p2a: Hatterene|Draining Kiss|p1a: Ting-Lu
|-supereffective|p1a: Ting-Lu
|-damage|p1a: Ting-Lu|65/100
|-heal|p2a: Hatterene|40/100|[from] drain|[of] p1a: Ting-Lu
|
|-heal|p1a: Ting-Lu|71/100|[from] item: Leftovers
|upkeep
|turn|21
|
|t:|1757826535
|move|p1a: Ting-Lu|Earthquake|p2a: Hatterene
|-damage|p2a: Hatterene|0 fnt
|faint|p2a: Hatterene
|
|-heal|p1a: Ting-Lu|78/100|[from] item: Leftovers
|upkeep
|
|t:|1757826539
|switch|p2a: Barraskewda|Barraskewda, M, tera:Water|43/100
|turn|22
|
|t:|1757826544
|switch|p1a: Corviknight|Corviknight, F, shiny|29/100
|-ability|p1a: Corviknight|Pressure
|move|p2a: Barraskewda|Waterfall|p1a: Corviknight
|-damage|p1a: Corviknight|0 fnt
|-damage|p2a: Barraskewda|26/100|[from] item: Rocky Helmet|[of] p1a: Corviknight
|faint|p1a: Corviknight
|
|upkeep
|
|t:|1757826550
|switch|p1a: Dondozo|Dondozo, F|100/100 slp
|turn|23
|
|t:|1757826559
|switch|p2a: Toxicroak|Toxicroak, M|100/100
|switch|p1a: Slowking|Slowking-Galar, F|84/100
|
|upkeep
|turn|24
|
|t:|1757826562
|switch|p2a: Iron Treads|Iron Treads|73/100
|move|p1a: Slowking|Future Sight|p2a: Iron Treads
|-start|p1a: Slowking|move: Future Sight
|
|-heal|p2a: Iron Treads|80/100|[from] item: Leftovers
|upkeep
|turn|25
|
|t:|1757826565
|move|p2a: Iron Treads|Volt Switch|p1a: Slowking
|-crit|p1a: Slowking
|-damage|p1a: Slowking|65/100
|
|t:|1757826569
|-end|p2a: Iron Treads|Quark Drive|[silent]
|switch|p2a: Barraskewda|Barraskewda, M, tera:Water|26/100|[from] Volt Switch
|-prepare|p1a: Slowking|Chilly Reception|[premajor]
|move|p1a: Slowking|Chilly Reception|p1a: Slowking
|-weather|Snowscape
|
|t:|1757826592
|switch|p1a: Dondozo|Dondozo, F|100/100 slp|[from] Chilly Reception
|
|-weather|Snowscape|[upkeep]
|upkeep
|turn|26
|
|t:|1757826599
|move|p2a: Barraskewda|Flip Turn|p1a: Dondozo
|-resisted|p1a: Dondozo
|-damage|p1a: Dondozo|79/100 slp
|
|t:|1757826603
|switch|p2a: Toxicroak|Toxicroak, M|100/100|[from] Flip Turn
|-curestatus|p1a: Dondozo|slp|[msg]
|move|p1a: Dondozo|Liquidation|p2a: Toxicroak
|-immune|p2a: Toxicroak|[from] ability: Dry Skin
|
|-weather|Snowscape|[upkeep]
|-end|p2a: Toxicroak|move: Future Sight
|-supereffective|p2a: Toxicroak
|-damage|p2a: Toxicroak|0 fnt
|faint|p2a: Toxicroak
|-heal|p1a: Dondozo|85/100|[from] item: Leftovers
|upkeep
|-message|OminousGengar forfeited.
|
|win|ez games tonight
|raw|ez games tonight's rating: 1348 &rarr; <strong>1368</strong><br />(+20 for winning)
|raw|OminousGengar's rating: 1354 &rarr; <strong>1334</strong><br />(-20 for losing)
|l|☆OminousGengar
|player|p2|
