|j|☆ayushfcb
|j|☆assssh
|t:|1757932299
|gametype|singles
|player|p1|ayushfcb|red-masters|1427
|player|p2|assssh|102|1422
|gen|9
|tier|[Gen 9] OU
|rated|
|rule|HP Percentage Mod: HP is shown in percentages
|rule|Endless Battle Clause: Forcing endless battles is banned
|rule|Species Clause: Limit one of each Pokémon
|rule|OHKO Clause: OHKO moves are banned
|rule|Evasion Items Clause: Evasion items are banned
|rule|Evasion Moves Clause: Evasion moves are banned
|rule|Evasion Abilities Clause: Evasion abilities are banned
|rule|Sleep Moves Clause: Sleep-inducing moves are banned
|clearpoke
|poke|p1|Great Tusk|
|poke|p1|Heatran, M|
|poke|p1|Weavile, M|
|poke|p1|Primarina, M|
|poke|p1|Ogerpon, F|
|poke|p1|Pecharunt|
|poke|p2|Dragonite, F|
|poke|p2|Great Tusk|
|poke|p2|Gholdengo|
|poke|p2|Zapdos|
|poke|p2|Garganacl, F|
|poke|p2|Kleavor, M|
|teampreview
|
|t:|1757932304
|teamsize|p1|6
|teamsize|p2|6
|start
|switch|p1a: Anonymous|Ogerpon, F|100/100
|switch|p2a: Kleavor|Kleavor, M|100/100
|turn|1
|
|t:|1757932310
|-terastallize|p1a: Anonymous|Grass
|detailschange|p1a: Anonymous|Ogerpon-Teal-Tera, F, tera:Grass
|-ability|p1a: Anonymous|Embody Aspect (Teal)|boost
|-boost|p1a: Anonymous|spe|1
|move|p1a: Anonymous|U-turn|p2a: Kleavor
|-damage|p2a: Kleavor|57/100
|
|t:|1757932313
|switch|p1a: Behemoth|Great Tusk, shiny|100/100|[from] U-turn
|move|p2a: Kleavor|Stone Axe|p1a: Behemoth
|-resisted|p1a: Behemoth
|-damage|p1a: Behemoth|91/100
|-sidestart|p1: ayushfcb|move: Stealth Rock
|
|upkeep
|turn|2
|
|t:|1757932321
|switch|p2a: Gholdengo|Gholdengo|100/100
|move|p1a: Behemoth|Ice Spinner|p2a: Gholdengo
|-resisted|p2a: Gholdengo
|-damage|p2a: Gholdengo|86/100
|
|upkeep
|turn|3
|
|t:|1757932326
|move|p2a: Gholdengo|Shadow Ball|p1a: Behemoth
|-damage|p1a: Behemoth|28/100
|move|p1a: Behemoth|Headlong Rush|p2a: Gholdengo
|-supereffective|p2a: Gholdengo
|-damage|p2a: Gholdengo|0 fnt
|-unboost|p1a: Behemoth|def|1
|-unboost|p1a: Behemoth|spd|1
|faint|p2a: Gholdengo
|
|upkeep
|
|t:|1757932337
|switch|p2a: Great Tusk|Great Tusk|100/100
|-enditem|p2a: Great Tusk|Booster Energy
|-activate|p2a: Great Tusk|ability: Protosynthesis|[fromitem]
|-start|p2a: Great Tusk|protosynthesisatk
|turn|4
|
|t:|1757932341
|move|p2a: Great Tusk|Rapid Spin|p1a: Behemoth
|-damage|p1a: Behemoth|5/100
|-boost|p2a: Great Tusk|spe|1
|move|p1a: Behemoth|Rapid Spin|p2a: Great Tusk
|-damage|p2a: Great Tusk|87/100
|-boost|p1a: Behemoth|spe|1
|-sideend|p1: ayushfcb|Stealth Rock|[from] move: Rapid Spin|[of] p1a: Behemoth
|
|upkeep
|turn|5
|
|t:|1757932344
|move|p1a: Behemoth|Ice Spinner|p2a: Great Tusk
|-supereffective|p2a: Great Tusk
|-damage|p2a: Great Tusk|48/100
|move|p2a: Great Tusk|Rapid Spin|p1a: Behemoth
|-damage|p1a: Behemoth|0 fnt
|-boost|p2a: Great Tusk|spe|1
|faint|p1a: Behemoth
|-end|p1a: Behemoth|Protosynthesis|[silent]
|
|upkeep
|
|t:|1757932359
|switch|p1a: Overseer|Pecharunt|100/100
|turn|6
|
|t:|1757932362
|move|p2a: Great Tusk|Headlong Rush|p1a: Overseer
|-supereffective|p1a: Overseer
|-damage|p1a: Overseer|27/100
|-unboost|p2a: Great Tusk|def|1
|-unboost|p2a: Great Tusk|spd|1
|-damage|p2a: Great Tusk|31/100|[from] item: Rocky Helmet|[of] p1a: Overseer
|move|p1a: Overseer|Shadow Ball|p2a: Great Tusk
|-damage|p2a: Great Tusk|0 fnt
|faint|p2a: Great Tusk
|-end|p2a: Great Tusk|Protosynthesis|[silent]
|
|upkeep
|
|t:|1757932366
|switch|p2a: Kleavor|Kleavor, M|57/100
|turn|7
|
|t:|1757932371
|move|p2a: Kleavor|Stone Axe|p1a: Overseer|[miss]
|-miss|p2a: Kleavor|p1a: Overseer
|move|p1a: Overseer|Malignant Chain|p2a: Kleavor
|-resisted|p2a: Kleavor
|-damage|p2a: Kleavor|34/100
|
|upkeep
|turn|8
|
|t:|1757932374
|move|p2a: Kleavor|Stone Axe|p1a: Overseer
|-damage|p1a: Overseer|1/100
|-damage|p2a: Kleavor|17/100|[from] item: Rocky Helmet|[of] p1a: Overseer
|-sidestart|p1: ayushfcb|move: Stealth Rock
|move|p1a: Overseer|Recover|p1a: Overseer
|-heal|p1a: Overseer|51/100
|
|upkeep
|turn|9
|
|t:|1757932381
|move|p2a: Kleavor|Stone Axe|p1a: Overseer
|-damage|p1a: Overseer|25/100
|-damage|p2a: Kleavor|1/100|[from] item: Rocky Helmet|[of] p1a: Overseer
|move|p1a: Overseer|Recover|p1a: Overseer
|-heal|p1a: Overseer|75/100
|
|upkeep
|turn|10
|
|t:|1757932385
|move|p2a: Kleavor|Tailwind|p2a: Kleavor
|-sidestart|p2: assssh|move: Tailwind
|move|p1a: Overseer|Recover|p1a: Overseer
|-heal|p1a: Overseer|100/100
|
|upkeep
|turn|11
|
|t:|1757932389
|move|p2a: Kleavor|Stone Axe|p1a: Overseer
|-damage|p1a: Overseer|77/100
|-damage|p2a: Kleavor|0 fnt|[from] item: Rocky Helmet|[of] p1a: Overseer
|faint|p2a: Kleavor
|move|p1a: Overseer|Recover|p1a: Overseer
|-heal|p1a: Overseer|100/100
|
|upkeep
|
|t:|1757932394
|switch|p2a: Garganacl|Garganacl, F|100/100
|turn|12
|
|t:|1757932399
|move|p1a: Overseer|Parting Shot|p2a: Garganacl
|-unboost|p2a: Garganacl|atk|1
|-unboost|p2a: Garganacl|spa|1
|
|t:|1757932406
|switch|p1a: Chaos|Heatran, M, shiny|100/100|[from] Parting Shot
|-damage|p1a: Chaos|88/100|[from] Stealth Rock
|-item|p1a: Chaos|Air Balloon
|move|p2a: Garganacl|Salt Cure|p1a: Chaos
|-damage|p1a: Chaos|79/100
|-start|p1a: Chaos|Salt Cure
|-enditem|p1a: Chaos|Air Balloon
|
|-damage|p1a: Chaos|55/100|[from] Salt Cure
|upkeep
|turn|13
|
|t:|1757932415
|switch|p1a: Bandit|Weavile, M, shiny|100/100
|-damage|p1a: Bandit|76/100|[from] Stealth Rock
|-ability|p1a: Bandit|Pressure
|-terastallize|p2a: Garganacl|Fairy
|move|p2a: Garganacl|Iron Defense|p2a: Garganacl
|-boost|p2a: Garganacl|def|2
|
|-sideend|p2: assssh|move: Tailwind
|upkeep
|turn|14
|
|t:|1757932421
|move|p1a: Bandit|Knock Off|p2a: Garganacl
|-resisted|p2a: Garganacl
|-damage|p2a: Garganacl|89/100
|-enditem|p2a: Garganacl|Leftovers|[from] move: Knock Off|[of] p1a: Bandit
|move|p2a: Garganacl|Body Press|p1a: Bandit
|-supereffective|p1a: Bandit
|-damage|p1a: Bandit|0 fnt
|faint|p1a: Bandit
|
|upkeep
|
|t:|1757932427
|switch|p1a: Overseer|Pecharunt|100/100
|-damage|p1a: Overseer|88/100|[from] Stealth Rock
|turn|15
|
|t:|1757932429
|move|p1a: Overseer|Malignant Chain|p2a: Garganacl
|-supereffective|p2a: Garganacl
|-damage|p2a: Garganacl|46/100
|move|p2a: Garganacl|Salt Cure|p1a: Overseer
|-damage|p1a: Overseer|84/100
|-start|p1a: Overseer|Salt Cure
|
|-damage|p1a: Overseer|71/100|[from] Salt Cure
|upkeep
|turn|16
|
|t:|1757932432
|move|p1a: Overseer|Malignant Chain|p2a: Garganacl
|-supereffective|p2a: Garganacl
|-damage|p2a: Garganacl|2/100
|move|p2a: Garganacl|Recover|p2a: Garganacl
|-heal|p2a: Garganacl|52/100
|
|-damage|p1a: Overseer|59/100|[from] Salt Cure
|upkeep
|turn|17
|
|t:|1757932435
|move|p1a: Overseer|Malignant Chain|p2a: Garganacl
|-supereffective|p2a: Garganacl
|-damage|p2a: Garganacl|12/100
|move|p2a: Garganacl|Recover|p2a: Garganacl
|-heal|p2a: Garganacl|62/100
|
|-damage|p1a: Overseer|47/100|[from] Salt Cure
|upkeep
|turn|18
|
|t:|1757932438
|move|p1a: Overseer|Recover|p1a: Overseer
|-heal|p1a: Overseer|97/100
|move|p2a: Garganacl|Recover|p2a: Garganacl
|-heal|p2a: Garganacl|100/100
|
|-damage|p1a: Overseer|84/100|[from] Salt Cure
|upkeep
|turn|19
|
|t:|1757932445
|switch|p2a: Zapdos|Zapdos|100/100
|move|p1a: Overseer|Parting Shot|p2a: Zapdos
|-unboost|p2a: Zapdos|atk|1
|-unboost|p2a: Zapdos|spa|1
|
|t:|1757932449
|switch|p1a: Chaos|Heatran, M, shiny|55/100|[from] Parting Shot
|-damage|p1a: Chaos|42/100|[from] Stealth Rock
|
|upkeep
|turn|20
|
|t:|1757932451
|move|p1a: Chaos|Earth Power|p2a: Zapdos
|-immune|p2a: Zapdos
|move|p2a: Zapdos|Discharge|p1a: Chaos
|-damage|p1a: Chaos|19/100
|
|upkeep
|turn|21
|
|t:|1757932455
|move|p1a: Chaos|Stealth Rock|p2a: Zapdos
|-sidestart|p2: assssh|move: Stealth Rock
|move|p2a: Zapdos|Discharge|p1a: Chaos
|-damage|p1a: Chaos|0 fnt
|faint|p1a: Chaos
|
|upkeep
|
|t:|1757932462
|switch|p1a: Celestine|Primarina, M, shiny|100/100
|-damage|p1a: Celestine|88/100|[from] Stealth Rock
|turn|22
|
|t:|1757932465
|move|p2a: Zapdos|Discharge|p1a: Celestine
|-supereffective|p1a: Celestine
|-damage|p1a: Celestine|63/100
|-status|p1a: Celestine|par
|move|p1a: Celestine|Moonblast|p2a: Zapdos
|-damage|p2a: Zapdos|47/100
|
|upkeep
|turn|23
|
|t:|1757932469
|move|p2a: Zapdos|Roost|p2a: Zapdos
|-heal|p2a: Zapdos|97/100
|-singleturn|p2a: Zapdos|move: Roost
|cant|p1a: Celestine|par
|
|upkeep
|turn|24
|
|t:|1757932475
|move|p2a: Zapdos|Discharge|p1a: Celestine
|-supereffective|p1a: Celestine
|-damage|p1a: Celestine|41/100 par
|move|p1a: Celestine|Psychic Noise|p2a: Zapdos
|-damage|p2a: Zapdos|56/100
|-start|p2a: Zapdos|move: Heal Block
|
|upkeep
|turn|25
|
|t:|1757932481
|switch|p2a: Garganacl|Garganacl, F, tera:Fairy|100/100
|-damage|p2a: Garganacl|88/100|[from] Stealth Rock
|cant|p1a: Celestine|par
|
|upkeep
|turn|26
|
|t:|1757932483
|move|p2a: Garganacl|Salt Cure|p1a: Celestine
|-crit|p1a: Celestine
|-damage|p1a: Celestine|14/100 par
|-start|p1a: Celestine|Salt Cure
|cant|p1a: Celestine|par
|
|-damage|p1a: Celestine|0 fnt|[from] Salt Cure
|faint|p1a: Celestine
|upkeep
|
|t:|1757932486
|switch|p1a: Overseer|Pecharunt|84/100
|-damage|p1a: Overseer|72/100|[from] Stealth Rock
|turn|27
|
|t:|1757932490
|move|p1a: Overseer|Malignant Chain|p2a: Garganacl
|-supereffective|p2a: Garganacl
|-damage|p2a: Garganacl|46/100
|move|p2a: Garganacl|Salt Cure|p1a: Overseer
|-damage|p1a: Overseer|65/100
|-start|p1a: Overseer|Salt Cure
|
|-damage|p1a: Overseer|53/100|[from] Salt Cure
|upkeep
|turn|28
|
|t:|1757932495
|move|p1a: Overseer|Malignant Chain|p2a: Garganacl
|-supereffective|p2a: Garganacl
|-damage|p2a: Garganacl|7/100
|move|p2a: Garganacl|Recover|p2a: Garganacl
|-heal|p2a: Garganacl|57/100
|
|-damage|p1a: Overseer|41/100|[from] Salt Cure
|upkeep
|turn|29
|
|t:|1757932499
|switch|p2a: Zapdos|Zapdos|56/100
|move|p1a: Overseer|Recover|p1a: Overseer
|-heal|p1a: Overseer|91/100
|
|-damage|p1a: Overseer|78/100|[from] Salt Cure
|upkeep
|turn|30
|-message|ayushfcb forfeited.
|
|win|assssh
|raw|ayushfcb's rating: 1427 &rarr; <strong>1407</strong><br />(-20 for losing)
|raw|assssh's rating: 1422 &rarr; <strong>1442</strong><br />(+20 for winning)
|l|☆ayushfcb
|player|p1|
|l|☆assssh
|player|p2|
