|j|☆jefc
|j|☆A1Randy
|t:|1757843688
|gametype|singles
|player|p1|jefc|2|1626
|player|p2|A1Randy|burglar|1606
|gen|9
|tier|[Gen 9] OU
|rated|
|rule|HP Percentage Mod: HP is shown in percentages
|rule|Endless Battle Clause: Forcing endless battles is banned
|rule|Species Clause: Limit one of each Pokémon
|rule|OHKO Clause: OHKO moves are banned
|rule|Evasion Items Clause: Evasion items are banned
|rule|Evasion Moves Clause: Evasion moves are banned
|rule|Evasion Abilities Clause: Evasion abilities are banned
|rule|Sleep Moves Clause: Sleep-inducing moves are banned
|clearpoke
|poke|p1|Iron Crown|
|poke|p1|Rillaboom, M|
|poke|p1|Serperior, M|
|poke|p1|Raging Bolt|
|poke|p1|Heatran, F|
|poke|p1|Great Tusk|
|poke|p2|Iron Crown|
|poke|p2|Kyurem|
|poke|p2|Dragonite, M|
|poke|p2|Kingambit, M|
|poke|p2|Iron Valiant|
|poke|p2|Hoopa-Unbound|
|teampreview
|inactive|Battle timer is ON: inactive players will automatically lose when time's up. (requested by jefc)
|
|t:|1757843709
|teamsize|p1|6
|teamsize|p2|6
|start
|switch|p1a: Heatran|Heatran, F|100/100
|switch|p2a: Hoopa|Hoopa-Unbound|100/100
|-item|p1a: Heatran|Air Balloon
|turn|1
|
|t:|1757843721
|-terastallize|p2a: Hoopa|Water
|move|p2a: Hoopa|Tera Blast|p1a: Heatran|[anim] Tera Blast Water
|-supereffective|p1a: Heatran
|-damage|p1a: Heatran|23/100
|-enditem|p1a: Heatran|Air Balloon
|move|p1a: Heatran|Will-O-Wisp|p2a: Hoopa
|-status|p2a: Hoopa|brn
|
|-damage|p2a: Hoopa|95/100 brn|[from] brn
|upkeep
|turn|2
|
|t:|1757843732
|switch|p2a: Kyurem|Kyurem|100/100
|-ability|p2a: Kyurem|Pressure
|switch|p1a: Rillaboom|Rillaboom, M|100/100
|-fieldstart|move: Grassy Terrain|[from] ability: Grassy Surge|[of] p1a: Rillaboom
|
|upkeep
|turn|3
|
|t:|1757843741
|move|p2a: Kyurem|Icicle Spear|p1a: Rillaboom
|-supereffective|p1a: Rillaboom
|-damage|p1a: Rillaboom|67/100
|-supereffective|p1a: Rillaboom
|-damage|p1a: Rillaboom|38/100
|-supereffective|p1a: Rillaboom
|-crit|p1a: Rillaboom
|-damage|p1a: Rillaboom|0 fnt
|faint|p1a: Rillaboom
|-hitcount|p1: Rillaboom|3
|
|upkeep
|
|t:|1757843745
|switch|p1a: Iron Crown|Iron Crown|100/100
|-enditem|p1a: Iron Crown|Booster Energy
|-activate|p1a: Iron Crown|ability: Quark Drive|[fromitem]
|-start|p1a: Iron Crown|quarkdrivespe
|turn|4
|
|t:|1757843749
|switch|p2a: Hoopa|Hoopa-Unbound, tera:Water|95/100 brn
|move|p1a: Iron Crown|Tachyon Cutter|p2a: Hoopa
|-resisted|p2a: Hoopa
|-damage|p2a: Hoopa|85/100 brn
|-resisted|p2a: Hoopa
|-damage|p2a: Hoopa|74/100 brn
|-hitcount|p2a: Hoopa|2
|
|-heal|p2a: Hoopa|80/100 brn|[from] Grassy Terrain
|-damage|p2a: Hoopa|74/100 brn|[from] brn
|upkeep
|turn|5
|
|t:|1757843759
|move|p1a: Iron Crown|Psyshock|p2a: Hoopa
|-damage|p2a: Hoopa|13/100 brn
|move|p2a: Hoopa|Dark Pulse|p1a: Iron Crown
|-supereffective|p1a: Iron Crown
|-damage|p1a: Iron Crown|2/100
|
|-heal|p1a: Iron Crown|8/100|[from] Grassy Terrain
|-heal|p2a: Hoopa|19/100 brn|[from] Grassy Terrain
|-damage|p2a: Hoopa|13/100 brn|[from] brn
|upkeep
|turn|6
|
|t:|1757843767
|move|p1a: Iron Crown|Tachyon Cutter|p2a: Hoopa
|-resisted|p2a: Hoopa
|-damage|p2a: Hoopa|2/100 brn
|-resisted|p2a: Hoopa
|-damage|p2a: Hoopa|0 fnt
|faint|p2a: Hoopa
|-hitcount|p2: Hoopa|2
|
|-heal|p1a: Iron Crown|14/100|[from] Grassy Terrain
|upkeep
|
|t:|1757843771
|switch|p2a: Iron Valiant|Iron Valiant, shiny|100/100
|turn|7
|
|t:|1757843777
|move|p2a: Iron Valiant|Vacuum Wave|p1a: Iron Crown
|-damage|p1a: Iron Crown|0 fnt
|faint|p1a: Iron Crown
|-end|p1a: Iron Crown|Quark Drive|[silent]
|-damage|p2a: Iron Valiant|91/100|[from] item: Life Orb
|
|-heal|p2a: Iron Valiant|97/100|[from] Grassy Terrain
|upkeep
|
|t:|1757843781
|switch|p1a: Serperior|Serperior, M|100/100
|turn|8
|
|t:|1757843784
|move|p1a: Serperior|Leaf Storm|p2a: Iron Valiant
|-damage|p2a: Iron Valiant|0 fnt
|-boost|p1a: Serperior|spa|2
|faint|p2a: Iron Valiant
|-end|p2a: Iron Valiant|Quark Drive|[silent]
|
|upkeep
|
|t:|1757843787
|switch|p2a: Dragonite|Dragonite, M|100/100
|turn|9
|
|t:|1757843796
|-terastallize|p1a: Serperior|Grass
|move|p1a: Serperior|Leaf Storm|p2a: Dragonite
|-resisted|p2a: Dragonite
|-damage|p2a: Dragonite|77/100
|-boost|p1a: Serperior|spa|2
|move|p2a: Dragonite|Scale Shot|p1a: Serperior
|-damage|p1a: Serperior|82/100
|-damage|p1a: Serperior|64/100
|-damage|p1a: Serperior|47/100
|-damage|p1a: Serperior|28/100
|-hitcount|p1a: Serperior|4
|-unboost|p2a: Dragonite|def|1
|-boost|p2a: Dragonite|spe|1
|
|-heal|p1a: Serperior|34/100|[from] Grassy Terrain
|-fieldend|move: Grassy Terrain
|upkeep
|turn|10
|
|t:|1757843807
|move|p2a: Dragonite|Extreme Speed|p1a: Serperior
|-damage|p1a: Serperior|0 fnt
|faint|p1a: Serperior
|
|upkeep
|
|t:|1757843810
|switch|p1a: Raging Bolt|Raging Bolt|100/100
|turn|11
|
|t:|1757843816
|move|p2a: Dragonite|Scale Shot|p1a: Raging Bolt
|-supereffective|p1a: Raging Bolt
|-damage|p1a: Raging Bolt|79/100
|-supereffective|p1a: Raging Bolt
|-damage|p1a: Raging Bolt|59/100
|-supereffective|p1a: Raging Bolt
|-damage|p1a: Raging Bolt|38/100
|-supereffective|p1a: Raging Bolt
|-damage|p1a: Raging Bolt|17/100
|-hitcount|p1a: Raging Bolt|4
|-unboost|p2a: Dragonite|def|1
|-boost|p2a: Dragonite|spe|1
|move|p1a: Raging Bolt|Dragon Pulse|p2a: Dragonite
|-supereffective|p2a: Dragonite
|-damage|p2a: Dragonite|0 fnt
|faint|p2a: Dragonite
|
|-heal|p1a: Raging Bolt|23/100|[from] item: Leftovers
|upkeep
|
|t:|1757843829
|switch|p2a: Kyurem|Kyurem|100/100
|-ability|p2a: Kyurem|Pressure
|turn|12
|
|t:|1757843838
|move|p1a: Raging Bolt|Thunderclap|p2a: Kyurem
|-resisted|p2a: Kyurem
|-damage|p2a: Kyurem|83/100
|move|p2a: Kyurem|Icicle Spear|p1a: Raging Bolt
|-supereffective|p1a: Raging Bolt
|-damage|p1a: Raging Bolt|2/100
|-supereffective|p1a: Raging Bolt
|-damage|p1a: Raging Bolt|0 fnt
|faint|p1a: Raging Bolt
|-end|p1a: Raging Bolt|Protosynthesis|[silent]
|-hitcount|p1: Raging Bolt|2
|
|upkeep
|
|t:|1757843845
|switch|p1a: Great Tusk|Great Tusk|100/100
|-enditem|p1a: Great Tusk|Booster Energy
|-activate|p1a: Great Tusk|ability: Protosynthesis|[fromitem]
|-start|p1a: Great Tusk|protosynthesisatk
|turn|13
|
|t:|1757843848
|move|p1a: Great Tusk|Rapid Spin|p2a: Kyurem
|-damage|p2a: Kyurem|61/100
|-boost|p1a: Great Tusk|spe|1
|move|p2a: Kyurem|Icicle Spear|p1a: Great Tusk
|-supereffective|p1a: Great Tusk
|-damage|p1a: Great Tusk|77/100
|-supereffective|p1a: Great Tusk
|-damage|p1a: Great Tusk|58/100
|-supereffective|p1a: Great Tusk
|-damage|p1a: Great Tusk|37/100
|-supereffective|p1a: Great Tusk
|-damage|p1a: Great Tusk|16/100
|-hitcount|p1a: Great Tusk|4
|
|upkeep
|turn|14
|
|t:|1757843860
|move|p1a: Great Tusk|Close Combat|p2a: Kyurem
|-supereffective|p2a: Kyurem
|-damage|p2a: Kyurem|0 fnt
|-unboost|p1a: Great Tusk|def|1
|-unboost|p1a: Great Tusk|spd|1
|faint|p2a: Kyurem
|
|upkeep
|
|t:|1757843876
|switch|p2a: Kingambit|Kingambit, M|100/100
|-activate|p2a: Kingambit|ability: Supreme Overlord
|-start|p2a: Kingambit|fallen4|[silent]
|turn|15
|
|t:|1757843881
|move|p2a: Kingambit|Sucker Punch|p1a: Great Tusk
|-resisted|p1a: Great Tusk
|-damage|p1a: Great Tusk|0 fnt
|faint|p1a: Great Tusk
|-end|p1a: Great Tusk|Protosynthesis|[silent]
|
|upkeep
|
|t:|1757843884
|switch|p1a: Heatran|Heatran, F|23/100
|turn|16
|
|t:|1757843886
|move|p2a: Kingambit|Kowtow Cleave|p1a: Heatran
|-damage|p1a: Heatran|0 fnt
|-status|p2a: Kingambit|brn|[from] ability: Flame Body|[of] p1a: Heatran
|faint|p1a: Heatran
|
|win|A1Randy
|raw|jefc's rating: 1626 &rarr; <strong>1605</strong><br />(-21 for losing)
|raw|A1Randy's rating: 1606 &rarr; <strong>1627</strong><br />(+21 for winning)
|l|☆jefc
|player|p1|
|l|☆A1Randy
|player|p2|
