|j|☆Fhantazy
|j|☆K8jr
|t:|1757923463
|gametype|singles
|player|p1|Fhantazy|morty-masters|1448
|player|p2|K8jr|265|1558
|gen|9
|tier|[Gen 9] OU
|rated|
|rule|HP Percentage Mod: HP is shown in percentages
|rule|Endless Battle Clause: Forcing endless battles is banned
|rule|Species Clause: Limit one of each Pokémon
|rule|OHKO Clause: OHKO moves are banned
|rule|Evasion Items Clause: Evasion items are banned
|rule|Evasion Moves Clause: Evasion moves are banned
|rule|Evasion Abilities Clause: Evasion abilities are banned
|rule|Sleep Moves Clause: Sleep-inducing moves are banned
|clearpoke
|poke|p1|Ursaring, F|
|poke|p1|Corviknight, M|
|poke|p1|Pecharunt|
|poke|p1|Araquanid, M|
|poke|p1|Darkrai|
|poke|p1|Raging Bolt|
|poke|p2|Serperior, F|
|poke|p2|Gliscor, F|
|poke|p2|Tyranitar, M|
|poke|p2|Slowking-Galar, F|
|poke|p2|Avalugg, M|
|poke|p2|Grimmsnarl, M|
|teampreview
|
|t:|1757923471
|teamsize|p1|6
|teamsize|p2|6
|start
|switch|p1a: Araquanid|Araquanid, M|100/100
|switch|p2a: Gliscor|Gliscor, F|100/100
|turn|1
|
|t:|1757923478
|move|p2a: Gliscor|Stealth Rock|p1a: Araquanid
|-sidestart|p1: Fhantazy|move: Stealth Rock
|move|p1a: Araquanid|Liquidation|p2a: Gliscor
|-supereffective|p2a: Gliscor
|-damage|p2a: Gliscor|0 fnt
|faint|p2a: Gliscor
|
|upkeep
|
|t:|1757923485
|switch|p2a: Slowking|Slowking-Galar, F|100/100
|turn|2
|
|t:|1757923488
|move|p1a: Araquanid|Liquidation|p2a: Slowking
|-damage|p2a: Slowking|23/100
|-unboost|p2a: Slowking|def|1
|move|p2a: Slowking|Toxic|p1a: Araquanid
|-status|p1a: Araquanid|tox
|
|-heal|p2a: Slowking|29/100|[from] item: Black Sludge
|-damage|p1a: Araquanid|94/100 tox|[from] psn
|upkeep
|turn|3
|
|t:|1757923499
|switch|p1a: Corviknight|Corviknight, M|100/100
|-damage|p1a: Corviknight|88/100|[from] Stealth Rock
|-ability|p1a: Corviknight|Pressure
|switch|p2a: Avalugg|Avalugg, M|100/100
|
|upkeep
|turn|4
|
|t:|1757923511
|switch|p2a: Slowking|Slowking-Galar, F|62/100
|move|p1a: Corviknight|Defog|p2a: Slowking
|-unboost|p2a: Slowking|evasion|1
|-sideend|p1: Fhantazy|Stealth Rock|[from] move: Defog|[of] p1a: Corviknight
|
|-heal|p2a: Slowking|68/100|[from] item: Black Sludge
|upkeep
|turn|5
|
|t:|1757923518
|move|p1a: Corviknight|Brave Bird|p2a: Slowking
|-damage|p2a: Slowking|41/100
|-damage|p1a: Corviknight|79/100|[from] Recoil
|move|p2a: Slowking|Future Sight|p1a: Corviknight
|-start|p2a: Slowking|move: Future Sight
|
|-heal|p2a: Slowking|47/100|[from] item: Black Sludge
|upkeep
|turn|6
|
|t:|1757923526
|move|p1a: Corviknight|Brave Bird|p2a: Slowking
|-damage|p2a: Slowking|19/100
|-damage|p1a: Corviknight|70/100|[from] Recoil
|move|p2a: Slowking|Trick|p1a: Corviknight
|-activate|p2a: Slowking|move: Trick|[of] p1a: Corviknight
|-item|p1a: Corviknight|Black Sludge|[from] move: Trick
|-item|p2a: Slowking|Rocky Helmet|[from] move: Trick
|
|-damage|p1a: Corviknight|58/100|[from] item: Black Sludge
|upkeep
|turn|7
|
|t:|1757923543
|switch|p2a: Avalugg|Avalugg, M|100/100
|move|p1a: Corviknight|U-turn|p2a: Avalugg
|-damage|p2a: Avalugg|94/100
|
|t:|1757923547
|switch|p1a: Darkrai|Darkrai|100/100|[from] U-turn
|
|-end|p1a: Darkrai|move: Future Sight
|-immune|p1a: Darkrai
|upkeep
|turn|8
|inactive|Battle timer is ON: inactive players will automatically lose when time's up. (requested by K8jr)
|
|t:|1757923581
|switch|p1a: Araquanid|Araquanid, M|94/100 tox
|switch|p2a: Grimmsnarl|Grimmsnarl, M|100/100
|
|-damage|p1a: Araquanid|88/100 tox|[from] psn
|upkeep
|turn|9
|
|t:|1757923591
|move|p2a: Grimmsnarl|Bulk Up|p2a: Grimmsnarl
|-boost|p2a: Grimmsnarl|atk|1
|-boost|p2a: Grimmsnarl|def|1
|move|p1a: Araquanid|Liquidation|p2a: Grimmsnarl
|-damage|p2a: Grimmsnarl|32/100
|
|-heal|p2a: Grimmsnarl|38/100|[from] item: Leftovers
|-damage|p1a: Araquanid|76/100 tox|[from] psn
|upkeep
|turn|10
|
|t:|1757923601
|move|p2a: Grimmsnarl|Rest|p2a: Grimmsnarl
|-status|p2a: Grimmsnarl|slp|[from] move: Rest
|-heal|p2a: Grimmsnarl|100/100 slp|[silent]
|move|p1a: Araquanid|Liquidation|p2a: Grimmsnarl
|-damage|p2a: Grimmsnarl|24/100 slp
|
|-heal|p2a: Grimmsnarl|30/100 slp|[from] item: Leftovers
|-damage|p1a: Araquanid|57/100 tox|[from] psn
|upkeep
|turn|11
|
|t:|1757923620
|cant|p2a: Grimmsnarl|slp
|move|p2a: Grimmsnarl|Sleep Talk|p2a: Grimmsnarl
|move|p2a: Grimmsnarl|Drain Punch|p1a: Araquanid|[from] move: Sleep Talk
|-resisted|p1a: Araquanid
|-damage|p1a: Araquanid|42/100 tox
|-heal|p2a: Grimmsnarl|37/100 slp|[from] drain|[of] p1a: Araquanid
|move|p1a: Araquanid|Liquidation|p2a: Grimmsnarl
|-damage|p2a: Grimmsnarl|0 fnt
|faint|p2a: Grimmsnarl
|
|-damage|p1a: Araquanid|17/100 tox|[from] psn
|upkeep
|
|t:|1757923634
|switch|p2a: Serperior|Serperior, F|100/100
|turn|12
|
|t:|1757923638
|move|p2a: Serperior|Leaf Storm|p1a: Araquanid
|-damage|p1a: Araquanid|0 fnt
|-boost|p2a: Serperior|spa|2
|faint|p1a: Araquanid
|
|upkeep
|
|t:|1757923642
|switch|p1a: Darkrai|Darkrai|100/100
|turn|13
|
|t:|1757923646
|-terastallize|p2a: Serperior|Grass
|move|p1a: Darkrai|Sludge Bomb|p2a: Serperior
|-supereffective|p2a: Serperior
|-damage|p2a: Serperior|49/100
|move|p2a: Serperior|Leaf Storm|p1a: Darkrai
|-damage|p1a: Darkrai|0 fnt
|-boost|p2a: Serperior|spa|2
|faint|p1a: Darkrai
|
|upkeep
|
|t:|1757923655
|switch|p1a: Corviknight|Corviknight, M|58/100
|-ability|p1a: Corviknight|Pressure
|turn|14
|
|t:|1757923658
|move|p2a: Serperior|Leaf Storm|p1a: Corviknight
|-resisted|p1a: Corviknight
|-damage|p1a: Corviknight|4/100
|-boost|p2a: Serperior|spa|2
|move|p1a: Corviknight|Brave Bird|p2a: Serperior
|-supereffective|p2a: Serperior
|-damage|p2a: Serperior|0 fnt
|faint|p2a: Serperior
|-damage|p1a: Corviknight|0 fnt|[from] Recoil
|faint|p1a: Corviknight
|
|upkeep
|
|t:|1757923668
|switch|p2a: Slowking|Slowking-Galar, F|53/100
|switch|p1a: Pecharunt|Pecharunt|100/100
|turn|15
|
|t:|1757923675
|move|p1a: Pecharunt|Shadow Ball|p2a: Slowking
|-supereffective|p2a: Slowking
|-damage|p2a: Slowking|17/100
|move|p2a: Slowking|Future Sight|p1a: Pecharunt
|-start|p2a: Slowking|move: Future Sight
|
|upkeep
|turn|16
|
|t:|1757923681
|switch|p2a: Tyranitar|Tyranitar, M|100/100
|-weather|Sandstorm|[from] ability: Sand Stream|[of] p2a: Tyranitar
|move|p1a: Pecharunt|Parting Shot|p2a: Tyranitar
|-unboost|p2a: Tyranitar|atk|1
|-unboost|p2a: Tyranitar|spa|1
|
|t:|1757923689
|switch|p1a: Raging Bolt|Raging Bolt|100/100|[from] Parting Shot
|
|-weather|Sandstorm|[upkeep]
|-damage|p1a: Raging Bolt|94/100|[from] Sandstorm
|-heal|p1a: Raging Bolt|100/100|[from] item: Leftovers
|upkeep
|turn|17
|
|t:|1757923700
|-end|p1a: Raging Bolt|Protosynthesis|[silent]
|switch|p1a: Ursaring|Ursaring, F|100/100
|move|p2a: Tyranitar|Dragon Tail|p1a: Ursaring
|-damage|p1a: Ursaring|89/100
|drag|p1a: Pecharunt|Pecharunt|100/100
|
|-weather|Sandstorm|[upkeep]
|-damage|p1a: Pecharunt|94/100|[from] Sandstorm
|-end|p1a: Pecharunt|move: Future Sight
|-supereffective|p1a: Pecharunt
|-damage|p1a: Pecharunt|9/100
|-heal|p1a: Pecharunt|15/100|[from] item: Leftovers
|upkeep
|turn|18
|
|t:|1757923711
|move|p1a: Pecharunt|Parting Shot|p2a: Tyranitar
|-unboost|p2a: Tyranitar|atk|1
|-unboost|p2a: Tyranitar|spa|1
|
|t:|1757923714
|switch|p1a: Ursaring|Ursaring, F|89/100|[from] Parting Shot
|move|p2a: Tyranitar|Knock Off|p1a: Ursaring
|-damage|p1a: Ursaring|68/100
|-enditem|p1a: Ursaring|Eviolite|[from] move: Knock Off|[of] p2a: Tyranitar
|
|-weather|Sandstorm|[upkeep]
|-damage|p1a: Ursaring|62/100|[from] Sandstorm
|upkeep
|turn|19
|
|t:|1757923725
|switch|p2a: Avalugg|Avalugg, M|94/100
|move|p1a: Ursaring|Body Slam|p2a: Avalugg
|-damage|p2a: Avalugg|74/100
|
|-weather|Sandstorm|[upkeep]
|-damage|p1a: Ursaring|56/100|[from] Sandstorm
|-damage|p2a: Avalugg|68/100|[from] Sandstorm
|upkeep
|turn|20
|
|t:|1757923730
|switch|p2a: Slowking|Slowking-Galar, F|50/100
|move|p1a: Ursaring|Body Slam|p2a: Slowking
|-crit|p2a: Slowking
|-damage|p2a: Slowking|0 fnt
|-damage|p1a: Ursaring|40/100|[from] item: Rocky Helmet|[of] p2a: Slowking
|faint|p2a: Slowking
|
|-weather|none
|upkeep
|
|t:|1757923735
|switch|p2a: Avalugg|Avalugg, M|68/100
|turn|21
|
|t:|1757923737
|move|p1a: Ursaring|Rest|p1a: Ursaring
|-status|p1a: Ursaring|slp|[from] move: Rest
|-heal|p1a: Ursaring|100/100 slp|[silent]
|move|p2a: Avalugg|Body Press|p1a: Ursaring
|-supereffective|p1a: Ursaring
|-crit|p1a: Ursaring
|-damage|p1a: Ursaring|0 fnt
|faint|p1a: Ursaring
|
|upkeep
|
|t:|1757923741
|switch|p1a: Pecharunt|Pecharunt|15/100
|turn|22
|
|t:|1757923744
|switch|p2a: Tyranitar|Tyranitar, M|100/100
|-weather|Sandstorm|[from] ability: Sand Stream|[of] p2a: Tyranitar
|move|p1a: Pecharunt|Recover|p1a: Pecharunt
|-heal|p1a: Pecharunt|65/100
|
|-weather|Sandstorm|[upkeep]
|-damage|p1a: Pecharunt|59/100|[from] Sandstorm
|-heal|p1a: Pecharunt|65/100|[from] item: Leftovers
|upkeep
|turn|23
|
|t:|1757923754
|move|p1a: Pecharunt|Malignant Chain|p2a: Tyranitar
|-resisted|p2a: Tyranitar
|-damage|p2a: Tyranitar|95/100
|-status|p2a: Tyranitar|tox
|-start|p2a: Tyranitar|confusion|[from] ability: Poison Puppeteer|[of] p1a: Pecharunt
|-activate|p2a: Tyranitar|confusion
|-damage|p2a: Tyranitar|81/100 tox|[from] confusion
|
|-weather|Sandstorm|[upkeep]
|-damage|p1a: Pecharunt|59/100|[from] Sandstorm
|-heal|p1a: Pecharunt|65/100|[from] item: Leftovers
|-damage|p2a: Tyranitar|74/100 tox|[from] psn
|upkeep
|turn|24
|
|t:|1757923762
|move|p1a: Pecharunt|Recover|p1a: Pecharunt
|-heal|p1a: Pecharunt|100/100
|-activate|p2a: Tyranitar|confusion
|move|p2a: Tyranitar|Knock Off|p1a: Pecharunt
|-supereffective|p1a: Pecharunt
|-damage|p1a: Pecharunt|38/100
|-enditem|p1a: Pecharunt|Leftovers|[from] move: Knock Off|[of] p2a: Tyranitar
|
|-weather|Sandstorm|[upkeep]
|-damage|p1a: Pecharunt|32/100|[from] Sandstorm
|-damage|p2a: Tyranitar|62/100 tox|[from] psn
|upkeep
|turn|25
|
|t:|1757923765
|switch|p2a: Avalugg|Avalugg, M|68/100
|move|p1a: Pecharunt|Recover|p1a: Pecharunt
|-heal|p1a: Pecharunt|82/100
|
|-weather|Sandstorm|[upkeep]
|-damage|p1a: Pecharunt|75/100|[from] Sandstorm
|-damage|p2a: Avalugg|62/100|[from] Sandstorm
|upkeep
|turn|26
|
|t:|1757923774
|move|p1a: Pecharunt|Malignant Chain|p2a: Avalugg
|-damage|p2a: Avalugg|12/100
|-status|p2a: Avalugg|tox
|-start|p2a: Avalugg|confusion|[from] ability: Poison Puppeteer|[of] p1a: Pecharunt
|-activate|p2a: Avalugg|confusion
|-damage|p2a: Avalugg|8/100 tox|[from] confusion
|
|-weather|none
|-damage|p2a: Avalugg|2/100 tox|[from] psn
|upkeep
|turn|27
|
|t:|1757923783
|move|p1a: Pecharunt|Shadow Ball|p2a: Avalugg
|-damage|p2a: Avalugg|0 fnt
|faint|p2a: Avalugg
|
|upkeep
|
|t:|1757923787
|switch|p2a: Tyranitar|Tyranitar, M|62/100 tox
|-weather|Sandstorm|[from] ability: Sand Stream|[of] p2a: Tyranitar
|turn|28
|l|☆Fhantazy
|inactive|Fhantazy disconnected and has a minute to reconnect!
|player|p1|
|j|☆Fhantazy
|inactive|Fhantazy reconnected and has 115 seconds left.
|player|p1|Fhantazy|morty-masters|
|inactive|Fhantazy has 90 seconds left.
|
|t:|1757923859
|move|p1a: Pecharunt|Shadow Ball|p2a: Tyranitar
|-resisted|p2a: Tyranitar
|-damage|p2a: Tyranitar|58/100 tox
|move|p2a: Tyranitar|Knock Off|p1a: Pecharunt
|-supereffective|p1a: Pecharunt
|-damage|p1a: Pecharunt|31/100
|
|-weather|Sandstorm|[upkeep]
|-damage|p1a: Pecharunt|25/100|[from] Sandstorm
|-damage|p2a: Tyranitar|52/100 tox|[from] psn
|upkeep
|turn|29
|
|t:|1757923875
|move|p1a: Pecharunt|Recover|p1a: Pecharunt
|-heal|p1a: Pecharunt|75/100
|move|p2a: Tyranitar|Knock Off|p1a: Pecharunt
|-supereffective|p1a: Pecharunt
|-damage|p1a: Pecharunt|29/100
|
|-weather|Sandstorm|[upkeep]
|-damage|p1a: Pecharunt|23/100|[from] Sandstorm
|-damage|p2a: Tyranitar|39/100 tox|[from] psn
|upkeep
|turn|30
|inactive|Fhantazy has 90 seconds left.
|
|t:|1757923892
|move|p1a: Pecharunt|Recover|p1a: Pecharunt
|-heal|p1a: Pecharunt|73/100
|move|p2a: Tyranitar|Knock Off|p1a: Pecharunt
|-supereffective|p1a: Pecharunt
|-damage|p1a: Pecharunt|33/100
|
|-weather|Sandstorm|[upkeep]
|-damage|p1a: Pecharunt|27/100|[from] Sandstorm
|-damage|p2a: Tyranitar|21/100 tox|[from] psn
|upkeep
|turn|31
|inactive|Fhantazy has 90 seconds left.
|
|t:|1757923899
|move|p1a: Pecharunt|Recover|p1a: Pecharunt
|-heal|p1a: Pecharunt|77/100
|move|p2a: Tyranitar|Knock Off|p1a: Pecharunt
|-supereffective|p1a: Pecharunt
|-damage|p1a: Pecharunt|33/100
|
|-weather|Sandstorm|[upkeep]
|-damage|p1a: Pecharunt|27/100|[from] Sandstorm
|-damage|p2a: Tyranitar|0 fnt|[from] psn
|faint|p2a: Tyranitar
|
|win|Fhantazy
|raw|Fhantazy's rating: 1448 &rarr; <strong>1474</strong><br />(+26 for winning)
|raw|K8jr's rating: 1558 &rarr; <strong>1532</strong><br />(-26 for losing)
|l|☆Fhantazy
|player|p1|
|l|☆K8jr
|player|p2|
