|j|☆Velvet13
|j|☆Oronarmz
|t:|1757807933
|gametype|singles
|player|p1|Velvet13|shadowtriad|
|player|p2|Oronarmz|1|
|gen|9
|tier|[Gen 9] OU
|rule|HP Percentage Mod: HP is shown in percentages
|rule|Endless Battle Clause: Forcing endless battles is banned
|rule|Species Clause: Limit one of each Pokémon
|rule|OHKO Clause: OHKO moves are banned
|rule|Evasion Items Clause: Evasion items are banned
|rule|Evasion Moves Clause: Evasion moves are banned
|rule|Evasion Abilities Clause: Evasion abilities are banned
|rule|Sleep Moves Clause: Sleep-inducing moves are banned
|clearpoke
|poke|p1|Heatran, F|
|poke|p1|Kingambit, M|
|poke|p1|Gholdengo|
|poke|p1|Corviknight, F|
|poke|p1|Goodra-Hisui, F|
|poke|p1|Revavroom, M|
|poke|p2|Metagross|
|poke|p2|Empoleon, F|
|poke|p2|Goodra-Hisui, F|
|poke|p2|Corviknight, F|
|poke|p2|Iron Treads|
|poke|p2|Gholdengo|
|teampreview
|inactive|Battle timer is ON: inactive players will automatically lose when time's up. (requested by Velvet13)
|
|t:|1757807952
|teamsize|p1|6
|teamsize|p2|6
|start
|switch|p1a: Heatran|Heatran, F|100/100
|switch|p2a: Metagross|Metagross|100/100
|-item|p1a: Heatran|Air Balloon
|turn|1
|
|t:|1757807967
|move|p1a: Heatran|Lava Plume|p2a: Metagross
|-supereffective|p2a: Metagross
|-damage|p2a: Metagross|3/100
|move|p2a: Metagross|Stealth Rock|p1a: Heatran
|-sidestart|p1: Velvet13|move: Stealth Rock
|
|-heal|p2a: Metagross|9/100|[from] item: Leftovers
|upkeep
|turn|2
|
|t:|1757807976
|move|p2a: Metagross|Bullet Punch|p1a: Heatran
|-resisted|p1a: Heatran
|-damage|p1a: Heatran|95/100
|-enditem|p1a: Heatran|Air Balloon
|move|p1a: Heatran|Lava Plume|p2a: Metagross
|-supereffective|p2a: Metagross
|-damage|p2a: Metagross|0 fnt
|faint|p2a: Metagross
|
|upkeep
|inactive|Oronarmz has 270 seconds left.
|
|t:|1757808005
|switch|p2a: Iron Treads|Iron Treads, shiny|100/100
|-item|p2a: Iron Treads|Air Balloon
|turn|3
|
|t:|1757808013
|move|p2a: Iron Treads|Earthquake|p1a: Heatran
|-supereffective|p1a: Heatran
|-damage|p1a: Heatran|0 fnt
|faint|p1a: Heatran
|
|upkeep
|
|t:|1757808034
|switch|p1a: Corviknight|Corviknight, F|100/100
|-damage|p1a: Corviknight|88/100|[from] Stealth Rock
|-ability|p1a: Corviknight|Pressure
|turn|4
|inactive|Oronarmz has 270 seconds left.
|
|t:|1757808054
|-end|p2a: Iron Treads|Quark Drive|[silent]
|switch|p2a: Corviknight|Corviknight, F, shiny|100/100
|-ability|p2a: Corviknight|Pressure
|move|p1a: Corviknight|Defog|p2a: Corviknight
|-unboost|p2a: Corviknight|evasion|1
|-sideend|p1: Velvet13|Stealth Rock|[from] move: Defog|[of] p1a: Corviknight
|
|upkeep
|turn|5
|inactive|Oronarmz has 270 seconds left.
|
|t:|1757808070
|move|p1a: Corviknight|Body Press|p2a: Corviknight
|-damage|p2a: Corviknight|85/100
|move|p2a: Corviknight|Bulk Up|p2a: Corviknight
|-boost|p2a: Corviknight|atk|1
|-boost|p2a: Corviknight|def|1
|
|-heal|p2a: Corviknight|91/100|[from] item: Leftovers
|upkeep
|turn|6
|inactive|Velvet13 has 270 seconds left.
|
|t:|1757808092
|move|p1a: Corviknight|U-turn|p2a: Corviknight
|-resisted|p2a: Corviknight
|-damage|p2a: Corviknight|90/100
|inactive|Velvet13 has 270 seconds left.
|
|t:|1757808102
|switch|p1a: Goodra|Goodra-Hisui, F|100/100|[from] U-turn
|move|p2a: Corviknight|Bulk Up|p2a: Corviknight
|-boost|p2a: Corviknight|atk|1
|-boost|p2a: Corviknight|def|1
|
|-heal|p2a: Corviknight|96/100|[from] item: Leftovers
|upkeep
|turn|7
|inactive|Velvet13 has 270 seconds left.
|
|t:|1757808122
|move|p2a: Corviknight|Body Press|p1a: Goodra
|-supereffective|p1a: Goodra
|-damage|p1a: Goodra|0 fnt
|faint|p1a: Goodra
|
|-heal|p2a: Corviknight|100/100|[from] item: Leftovers
|upkeep
|
|t:|1757808130
|switch|p1a: Gholdengo|Gholdengo|100/100
|turn|8
|inactive|Velvet13 has 270 seconds left.
|
|t:|1757808145
|switch|p2a: Goodra|Goodra-Hisui, F, shiny|100/100
|move|p1a: Gholdengo|Trick|p2a: Goodra
|-activate|p1a: Gholdengo|move: Trick|[of] p2a: Goodra
|-item|p2a: Goodra|Choice Scarf|[from] move: Trick
|-item|p1a: Gholdengo|Assault Vest|[from] move: Trick
|
|upkeep
|turn|9
|inactive|Velvet13 has 270 seconds left.
|
|t:|1757808162
|move|p1a: Gholdengo|Focus Blast|p2a: Goodra
|-supereffective|p2a: Goodra
|-damage|p2a: Goodra|45/100
|move|p2a: Goodra|Flamethrower|p1a: Gholdengo
|-supereffective|p1a: Gholdengo
|-damage|p1a: Gholdengo|57/100
|
|upkeep
|turn|10
|inactive|Velvet13 has 270 seconds left.
|inactive|Oronarmz has 270 seconds left.
|
|t:|1757808188
|move|p1a: Gholdengo|Focus Blast|p2a: Goodra|[miss]
|-miss|p1a: Gholdengo|p2a: Goodra
|move|p2a: Goodra|Flamethrower|p1a: Gholdengo
|-supereffective|p1a: Gholdengo
|-damage|p1a: Gholdengo|8/100
|
|upkeep
|turn|11
|inactive|Oronarmz has 270 seconds left.
|
|t:|1757808200
|switch|p2a: Gholdengo|Gholdengo|100/100
|move|p1a: Gholdengo|Focus Blast|p2a: Gholdengo
|-immune|p2a: Gholdengo
|
|upkeep
|turn|12
|inactive|Oronarmz has 270 seconds left.
|
|t:|1757808216
|move|p2a: Gholdengo|Thunderbolt|p1a: Gholdengo
|-damage|p1a: Gholdengo|0 fnt
|faint|p1a: Gholdengo
|
|upkeep
|
|t:|1757808231
|switch|p1a: Revavroom|Revavroom, M|100/100
|-item|p1a: Revavroom|Air Balloon
|turn|13
|inactive|Oronarmz has 270 seconds left.
|
|t:|1757808255
|switch|p2a: Corviknight|Corviknight, F, shiny|100/100
|-ability|p2a: Corviknight|Pressure
|move|p1a: Revavroom|High Horsepower|p2a: Corviknight
|-immune|p2a: Corviknight
|
|upkeep
|turn|14
|
|t:|1757808268
|move|p1a: Revavroom|Parting Shot|p2a: Corviknight
|-unboost|p2a: Corviknight|atk|1
|-unboost|p2a: Corviknight|spa|1
|
|t:|1757808272
|switch|p1a: Kingambit|Kingambit, M|100/100|[from] Parting Shot
|-activate|p1a: Kingambit|ability: Supreme Overlord
|-start|p1a: Kingambit|fallen3|[silent]
|move|p2a: Corviknight|Bulk Up|p2a: Corviknight
|-boost|p2a: Corviknight|atk|1
|-boost|p2a: Corviknight|def|1
|
|upkeep
|turn|15
|inactive|Oronarmz has 270 seconds left.
|
|t:|1757808294
|move|p1a: Kingambit|Brick Break|p2a: Corviknight
|-damage|p2a: Corviknight|84/100
|move|p2a: Corviknight|Bulk Up|p2a: Corviknight
|-boost|p2a: Corviknight|atk|1
|-boost|p2a: Corviknight|def|1
|
|-heal|p2a: Corviknight|91/100|[from] item: Leftovers
|upkeep
|turn|16
|inactive|Oronarmz has 270 seconds left.
|
|t:|1757808305
|-end|p1a: Kingambit|fallen3|[silent]
|switch|p1a: Corviknight|Corviknight, F|88/100
|-ability|p1a: Corviknight|Pressure
|move|p2a: Corviknight|Body Press|p1a: Corviknight
|-damage|p1a: Corviknight|55/100
|-damage|p2a: Corviknight|74/100|[from] item: Rocky Helmet|[of] p1a: Corviknight
|
|-heal|p2a: Corviknight|80/100|[from] item: Leftovers
|upkeep
|turn|17
|inactive|Oronarmz has 270 seconds left.
|
|t:|1757808322
|move|p1a: Corviknight|Roost|p1a: Corviknight
|-heal|p1a: Corviknight|100/100
|-singleturn|p1a: Corviknight|move: Roost
|move|p2a: Corviknight|Bulk Up|p2a: Corviknight
|-boost|p2a: Corviknight|atk|1
|-boost|p2a: Corviknight|def|1
|
|-heal|p2a: Corviknight|87/100|[from] item: Leftovers
|upkeep
|turn|18
|inactive|Oronarmz has 270 seconds left.
|
|t:|1757808333
|move|p1a: Corviknight|Defog|p2a: Corviknight
|-unboost|p2a: Corviknight|evasion|1
|move|p2a: Corviknight|Bulk Up|p2a: Corviknight
|-boost|p2a: Corviknight|atk|1
|-boost|p2a: Corviknight|def|1
|
|-heal|p2a: Corviknight|93/100|[from] item: Leftovers
|upkeep
|turn|19
|
|t:|1757808342
|move|p1a: Corviknight|Body Press|p2a: Corviknight
|-damage|p2a: Corviknight|87/100
|move|p2a: Corviknight|Bulk Up|p2a: Corviknight
|-boost|p2a: Corviknight|atk|1
|-boost|p2a: Corviknight|def|1
|
|-heal|p2a: Corviknight|94/100|[from] item: Leftovers
|upkeep
|turn|20
|
|t:|1757808352
|move|p1a: Corviknight|Body Press|p2a: Corviknight
|-damage|p2a: Corviknight|89/100
|move|p2a: Corviknight|Bulk Up|p2a: Corviknight
|-boost|p2a: Corviknight|atk|1
|-boost|p2a: Corviknight|def|1
|
|-heal|p2a: Corviknight|95/100|[from] item: Leftovers
|upkeep
|turn|21
|
|t:|1757808361
|move|p1a: Corviknight|Body Press|p2a: Corviknight
|-damage|p2a: Corviknight|92/100
|move|p2a: Corviknight|Body Press|p1a: Corviknight
|-damage|p1a: Corviknight|40/100
|-damage|p2a: Corviknight|75/100|[from] item: Rocky Helmet|[of] p1a: Corviknight
|
|-heal|p2a: Corviknight|81/100|[from] item: Leftovers
|upkeep
|turn|22
|
|t:|1757808373
|move|p1a: Corviknight|Roost|p1a: Corviknight
|-heal|p1a: Corviknight|90/100
|-singleturn|p1a: Corviknight|move: Roost
|move|p2a: Corviknight|Body Press|p1a: Corviknight
|-supereffective|p1a: Corviknight
|-damage|p1a: Corviknight|0 fnt
|-damage|p2a: Corviknight|65/100|[from] item: Rocky Helmet|[of] p1a: Corviknight
|faint|p1a: Corviknight
|
|-heal|p2a: Corviknight|71/100|[from] item: Leftovers
|upkeep
|
|t:|1757808386
|switch|p1a: Revavroom|Revavroom, M|100/100
|-item|p1a: Revavroom|Air Balloon
|turn|23
|
|t:|1757808398
|move|p1a: Revavroom|Parting Shot|p2a: Corviknight
|-unboost|p2a: Corviknight|atk|1
|-unboost|p2a: Corviknight|spa|1
|
|t:|1757808402
|switch|p1a: Kingambit|Kingambit, M|100/100|[from] Parting Shot
|-activate|p1a: Kingambit|ability: Supreme Overlord
|-start|p1a: Kingambit|fallen4|[silent]
|move|p2a: Corviknight|Body Press|p1a: Kingambit
|-supereffective|p1a: Kingambit
|-enditem|p1a: Kingambit|Chople Berry|[eat]
|-enditem|p1a: Kingambit|Chople Berry|[weaken]
|-damage|p1a: Kingambit|0 fnt
|faint|p1a: Kingambit
|-end|p1a: Kingambit|fallen4|[silent]
|
|-heal|p2a: Corviknight|77/100|[from] item: Leftovers
|upkeep
|
|t:|1757808419
|switch|p1a: Revavroom|Revavroom, M|100/100
|-item|p1a: Revavroom|Air Balloon
|turn|24
|
|t:|1757808425
|move|p1a: Revavroom|Parting Shot|p2a: Corviknight
|-unboost|p2a: Corviknight|atk|1
|-unboost|p2a: Corviknight|spa|1
|move|p2a: Corviknight|Body Press|p1a: Revavroom
|-damage|p1a: Revavroom|0 fnt
|-enditem|p1a: Revavroom|Air Balloon
|faint|p1a: Revavroom
|
|win|Oronarmz
|c|☆Velvet13|gg
|c|☆Oronarmz|Gg bro
