|j|☆Jouos
|j|☆ghostlyplanets
|inactive|Battle timer is ON: inactive players will automatically lose when time's up.
|t:|1757787175
|gametype|singles
|player|p1|Jouos|102|
|player|p2|ghostlyplanets|zirco-unite|
|gen|9
|tier|[Gen 9] OU
|rated|Tournament battle
|rule|HP Percentage Mod: HP is shown in percentages
|rule|Endless Battle Clause: Forcing endless battles is banned
|rule|Species Clause: Limit one of each Pokémon
|rule|OHKO Clause: OHKO moves are banned
|rule|Evasion Items Clause: Evasion items are banned
|rule|Evasion Moves Clause: Evasion moves are banned
|rule|Evasion Abilities Clause: Evasion abilities are banned
|rule|Sleep Moves Clause: Sleep-inducing moves are banned
|clearpoke
|poke|p1|Samurott-Hisui, M|
|poke|p1|Iron Crown|
|poke|p1|Great Tusk|
|poke|p1|Kingambit, M|
|poke|p1|Raging Bolt|
|poke|p1|Clefable, M|
|poke|p2|Zamazenta-*|
|poke|p2|Ninetales-Alola, M|
|poke|p2|Darkrai|
|poke|p2|Ceruledge, M|
|poke|p2|Gliscor, M|
|poke|p2|Hatterene, F|
|teampreview
|j|*Lady Monita ☀
|c|☆Jouos|glhf
|c|☆ghostlyplanets|u2
|j|%JoelMasterX
|
|t:|1757787198
|teamsize|p1|6
|teamsize|p2|6
|start
|switch|p1a: Iron Crown|Iron Crown|100/100
|switch|p2a: Ninetales|Ninetales-Alola, M|100/100
|-weather|Snowscape|[from] ability: Snow Warning|[of] p2a: Ninetales
|turn|1
|
|t:|1757787204
|move|p2a: Ninetales|Aurora Veil|p2a: Ninetales
|-sidestart|p2: ghostlyplanets|move: Aurora Veil
|move|p1a: Iron Crown|Tachyon Cutter|p2a: Ninetales
|-supereffective|p2a: Ninetales
|-damage|p2a: Ninetales|52/100
|-supereffective|p2a: Ninetales
|-damage|p2a: Ninetales|3/100
|-hitcount|p2a: Ninetales|2
|
|-weather|Snowscape|[upkeep]
|upkeep
|turn|2
|
|t:|1757787212
|switch|p2a: Ceruledge|Ceruledge, M|100/100
|move|p1a: Iron Crown|Volt Switch|p2a: Ceruledge
|-damage|p2a: Ceruledge|91/100
|
|t:|1757787232
|-end|p1a: Iron Crown|Quark Drive|[silent]
|switch|p1a: Great Tusk|Great Tusk|100/100|[from] Volt Switch
|
|-weather|Snowscape|[upkeep]
|upkeep
|turn|3
|
|t:|1757787241
|switch|p2a: Zamazenta|Zamazenta|100/100
|-ability|p2a: Zamazenta|Dauntless Shield|boost
|-boost|p2a: Zamazenta|def|1
|move|p1a: Great Tusk|Headlong Rush|p2a: Zamazenta
|-damage|p2a: Zamazenta|87/100
|-unboost|p1a: Great Tusk|def|1
|-unboost|p1a: Great Tusk|spd|1
|
|-weather|Snowscape|[upkeep]
|upkeep
|turn|4
|
|t:|1757787270
|-end|p1a: Great Tusk|Protosynthesis|[silent]
|switch|p1a: Clefable|Clefable, M|100/100
|move|p2a: Zamazenta|Body Press|p1a: Clefable
|-resisted|p1a: Clefable
|-damage|p1a: Clefable|88/100
|
|-weather|Snowscape|[upkeep]
|upkeep
|turn|5
|
|t:|1757787280
|switch|p2a: Ceruledge|Ceruledge, M|91/100
|move|p1a: Clefable|Moonblast|p2a: Ceruledge
|-resisted|p2a: Ceruledge
|-damage|p2a: Ceruledge|85/100
|
|-weather|none
|upkeep
|turn|6
|inactive|Jouos has 120 seconds left.
|
|t:|1757787304
|move|p2a: Ceruledge|Taunt|p1a: Clefable
|-start|p1a: Clefable|move: Taunt
|cant|p1a: Clefable|move: Taunt|Stealth Rock
|
|upkeep
|turn|7
|inactive|Jouos has 120 seconds left.
|
|t:|1757787318
|switch|p1a: Great Tusk|Great Tusk|100/100
|move|p2a: Ceruledge|Bulk Up|p2a: Ceruledge
|-boost|p2a: Ceruledge|atk|1
|-boost|p2a: Ceruledge|def|1
|
|upkeep
|turn|8
|inactive|Jouos has 120 seconds left.
|
|t:|1757787352
|move|p1a: Great Tusk|Knock Off|p2a: Ceruledge
|-supereffective|p2a: Ceruledge
|-damage|p2a: Ceruledge|65/100
|-enditem|p2a: Ceruledge|Covert Cloak|[from] move: Knock Off|[of] p1a: Great Tusk
|move|p2a: Ceruledge|Bitter Blade|p1a: Great Tusk
|-damage|p1a: Great Tusk|65/100
|-heal|p2a: Ceruledge|86/100|[from] drain|[of] p1a: Great Tusk
|
|-heal|p1a: Great Tusk|71/100|[from] item: Leftovers
|-sideend|p2: ghostlyplanets|move: Aurora Veil
|upkeep
|turn|9
|
|t:|1757787370
|move|p1a: Great Tusk|Headlong Rush|p2a: Ceruledge
|-supereffective|p2a: Ceruledge
|-damage|p2a: Ceruledge|12/100
|-unboost|p1a: Great Tusk|def|1
|-unboost|p1a: Great Tusk|spd|1
|move|p2a: Ceruledge|Bitter Blade|p1a: Great Tusk
|-damage|p1a: Great Tusk|15/100
|-heal|p2a: Ceruledge|46/100|[from] drain|[of] p1a: Great Tusk
|
|-heal|p1a: Great Tusk|21/100|[from] item: Leftovers
|upkeep
|turn|10
|
|t:|1757787378
|move|p2a: Ceruledge|Shadow Sneak|p1a: Great Tusk
|-damage|p1a: Great Tusk|0 fnt
|faint|p1a: Great Tusk
|-end|p1a: Great Tusk|Protosynthesis|[silent]
|
|upkeep
|
|t:|1757787389
|switch|p1a: Samurott|Samurott-Hisui, M|100/100
|turn|11
|
|t:|1757787397
|move|p2a: Ceruledge|Shadow Sneak|p1a: Samurott
|-resisted|p1a: Samurott
|-damage|p1a: Samurott|86/100
|move|p1a: Samurott|Ceaseless Edge|p2a: Ceruledge
|-supereffective|p2a: Ceruledge
|-damage|p2a: Ceruledge|0 fnt
|-sidestart|p2: ghostlyplanets|Spikes
|faint|p2a: Ceruledge
|
|upkeep
|
|t:|1757787419
|switch|p2a: Zamazenta|Zamazenta|87/100
|-damage|p2a: Zamazenta|74/100|[from] Spikes
|turn|12
|inactive|Jouos has 120 seconds left.
|
|t:|1757787436
|switch|p1a: Iron Crown|Iron Crown|100/100
|move|p2a: Zamazenta|Body Press|p1a: Iron Crown
|-damage|p1a: Iron Crown|64/100
|
|upkeep
|turn|13
|inactive|Jouos has 120 seconds left.
|
|t:|1757787444
|switch|p2a: Ninetales|Ninetales-Alola, M|3/100
|-damage|p2a: Ninetales|0 fnt|[from] Spikes
|faint|p2a: Ninetales
|move|p1a: Iron Crown|Future Sight|p2: Ninetales
|-start|p1a: Iron Crown|move: Future Sight
|
|upkeep
|
|t:|1757787448
|switch|p2a: Darkrai|Darkrai|100/100
|-damage|p2a: Darkrai|88/100|[from] Spikes
|turn|14
|inactive|Jouos has 120 seconds left.
|
|t:|1757787484
|-end|p1a: Iron Crown|Quark Drive|[silent]
|switch|p1a: Raging Bolt|Raging Bolt|100/100
|move|p2a: Darkrai|Dark Pulse|p1a: Raging Bolt
|-damage|p1a: Raging Bolt|59/100
|
|-heal|p2a: Darkrai|94/100|[from] item: Leftovers
|upkeep
|turn|15
|inactive|Jouos has 90 seconds left.
|
|t:|1757787511
|move|p2a: Darkrai|Nasty Plot|p2a: Darkrai
|-boost|p2a: Darkrai|spa|2
|move|p1a: Raging Bolt|Dragon Pulse|p2a: Darkrai
|-damage|p2a: Darkrai|33/100
|
|-end|p2a: Darkrai|move: Future Sight
|-immune|p2a: Darkrai
|-heal|p2a: Darkrai|39/100|[from] item: Leftovers
|upkeep
|turn|16
|
|t:|1757787520
|move|p1a: Raging Bolt|Thunderclap|p2a: Darkrai
|-damage|p2a: Darkrai|0 fnt
|faint|p2a: Darkrai
|
|upkeep
|
|t:|1757787525
|switch|p2a: Hatterene|Hatterene, F|100/100
|-damage|p2a: Hatterene|88/100|[from] Spikes
|turn|17
|inactive|Jouos has 90 seconds left.
|j| Failbor21
|inactive|Jouos has 60 seconds left.
|
|t:|1757787578
|move|p1a: Raging Bolt|Volt Switch|p2a: Hatterene
|-damage|p2a: Hatterene|48/100
|
|t:|1757787581
|-end|p1a: Raging Bolt|Protosynthesis|[silent]
|switch|p1a: Iron Crown|Iron Crown|64/100|[from] Volt Switch
|move|p2a: Hatterene|Calm Mind|p2a: Hatterene
|-boost|p2a: Hatterene|spa|1
|-boost|p2a: Hatterene|spd|1
|
|-heal|p2a: Hatterene|54/100|[from] item: Leftovers
|upkeep
|turn|18
|
|t:|1757787585
|move|p1a: Iron Crown|Tachyon Cutter|p2a: Hatterene
|-supereffective|p2a: Hatterene
|-damage|p2a: Hatterene|20/100
|-supereffective|p2a: Hatterene
|-damage|p2a: Hatterene|0 fnt
|faint|p2a: Hatterene
|-hitcount|p2: Hatterene|2
|
|upkeep
|
|t:|1757787587
|switch|p2a: Gliscor|Gliscor, M|100/100
|turn|19
|
|t:|1757787593
|move|p1a: Iron Crown|Psychic Noise|p2a: Gliscor
|-damage|p2a: Gliscor|60/100
|-start|p2a: Gliscor|move: Heal Block
|move|p2a: Gliscor|Agility|p2a: Gliscor
|-boost|p2a: Gliscor|spe|2
|
|-status|p2a: Gliscor|tox|[from] item: Toxic Orb
|upkeep
|turn|20
|inactive|Jouos has 90 seconds left.
|inactive|Jouos has 60 seconds left.
|
|t:|1757787655
|move|p2a: Gliscor|Earthquake|p1a: Iron Crown
|-supereffective|p1a: Iron Crown
|-damage|p1a: Iron Crown|0 fnt
|faint|p1a: Iron Crown
|-end|p1a: Iron Crown|Quark Drive|[silent]
|
|-end|p2a: Gliscor|move: Heal Block
|upkeep
|
|t:|1757787661
|switch|p1a: Samurott|Samurott-Hisui, M|86/100
|turn|21
|
|t:|1757787667
|-terastallize|p2a: Gliscor|Normal
|move|p2a: Gliscor|Swords Dance|p2a: Gliscor
|-boost|p2a: Gliscor|atk|2
|move|p1a: Samurott|Aqua Cutter|p2a: Gliscor
|-damage|p2a: Gliscor|20/100 tox
|
|-heal|p2a: Gliscor|32/100 tox|[from] ability: Poison Heal
|upkeep
|turn|22
|
|t:|1757787684
|move|p2a: Gliscor|Facade|p1a: Samurott
|-crit|p1a: Samurott
|-damage|p1a: Samurott|0 fnt
|faint|p1a: Samurott
|
|-heal|p2a: Gliscor|45/100 tox|[from] ability: Poison Heal
|upkeep
|
|t:|1757787687
|switch|p1a: Clefable|Clefable, M|88/100
|turn|23
|
|t:|1757787692
|move|p2a: Gliscor|Facade|p1a: Clefable
|-damage|p1a: Clefable|53/100
|move|p1a: Clefable|Moonblast|p2a: Gliscor
|-damage|p2a: Gliscor|13/100 tox
|-unboost|p2a: Gliscor|spa|1
|
|-heal|p2a: Gliscor|25/100 tox|[from] ability: Poison Heal
|upkeep
|turn|24
|
|t:|1757787698
|move|p2a: Gliscor|Facade|p1a: Clefable
|-damage|p1a: Clefable|20/100
|move|p1a: Clefable|Moonlight|p1a: Clefable
|-heal|p1a: Clefable|70/100
|
|-heal|p2a: Gliscor|38/100 tox|[from] ability: Poison Heal
|upkeep
|turn|25
|
|t:|1757787704
|move|p2a: Gliscor|Facade|p1a: Clefable
|-damage|p1a: Clefable|35/100
|move|p1a: Clefable|Moonlight|p1a: Clefable
|-heal|p1a: Clefable|85/100
|
|-heal|p2a: Gliscor|50/100 tox|[from] ability: Poison Heal
|upkeep
|turn|26
|
|t:|1757787708
|move|p2a: Gliscor|Facade|p1a: Clefable
|-damage|p1a: Clefable|50/100
|move|p1a: Clefable|Moonblast|p2a: Gliscor
|-damage|p2a: Gliscor|15/100 tox
|
|-heal|p2a: Gliscor|28/100 tox|[from] ability: Poison Heal
|upkeep
|turn|27
|
|t:|1757787713
|move|p2a: Gliscor|Facade|p1a: Clefable
|-damage|p1a: Clefable|12/100
|move|p1a: Clefable|Moonblast|p2a: Gliscor
|-damage|p2a: Gliscor|0 fnt
|faint|p2a: Gliscor
|
|upkeep
|
|t:|1757787717
|switch|p2a: Zamazenta|Zamazenta|74/100
|-damage|p2a: Zamazenta|62/100|[from] Spikes
|turn|28
|
|t:|1757787722
|move|p2a: Zamazenta|Body Press|p1a: Clefable
|-resisted|p1a: Clefable
|-damage|p1a: Clefable|0 fnt
|faint|p1a: Clefable
|
|upkeep
|
|t:|1757787726
|switch|p1a: Raging Bolt|Raging Bolt|59/100
|turn|29
|
|t:|1757787730
|move|p2a: Zamazenta|Iron Defense|p2a: Zamazenta
|-boost|p2a: Zamazenta|def|2
|move|p1a: Raging Bolt|Thunderbolt|p2a: Zamazenta
|-damage|p2a: Zamazenta|10/100
|
|upkeep
|turn|30
|inactive|Jouos has 120 seconds left.
|
|t:|1757787736
|move|p1a: Raging Bolt|Thunderclap||[still]
|-fail|p1a: Raging Bolt
|move|p2a: Zamazenta|Rest|p2a: Zamazenta
|-status|p2a: Zamazenta|slp|[from] move: Rest
|-heal|p2a: Zamazenta|100/100 slp|[silent]
|-enditem|p2a: Zamazenta|Chesto Berry|[eat]
|-curestatus|p2a: Zamazenta|slp|[msg]
|
|upkeep
|turn|31
|inactive|Jouos has 120 seconds left.
|
|t:|1757787756
|move|p2a: Zamazenta|Body Press|p1a: Raging Bolt
|-damage|p1a: Raging Bolt|0 fnt
|faint|p1a: Raging Bolt
|-end|p1a: Raging Bolt|Protosynthesis|[silent]
|
|upkeep
|
|t:|1757787759
|switch|p1a: Kingambit|Kingambit, M|100/100
|-activate|p1a: Kingambit|ability: Supreme Overlord
|-start|p1a: Kingambit|fallen5|[silent]
|turn|32
|c|☆ghostlyplanets|gg
|inactive|Jouos has 120 seconds left.
|
|t:|1757787771
|-terastallize|p1a: Kingambit|Fairy
|move|p2a: Zamazenta|Iron Defense|p2a: Zamazenta
|-boost|p2a: Zamazenta|def|2
|move|p1a: Kingambit|Swords Dance|p1a: Kingambit
|-boost|p1a: Kingambit|atk|2
|
|upkeep
|turn|33
|
|t:|1757787774
|move|p2a: Zamazenta|Body Press|p1a: Kingambit
|-resisted|p1a: Kingambit
|-damage|p1a: Kingambit|61/100
|move|p1a: Kingambit|Swords Dance|p1a: Kingambit
|-boost|p1a: Kingambit|atk|2
|
|-heal|p1a: Kingambit|68/100|[from] item: Leftovers
|upkeep
|turn|34
|
|t:|1757787778
|move|p2a: Zamazenta|Body Press|p1a: Kingambit
|-resisted|p1a: Kingambit
|-damage|p1a: Kingambit|27/100
|move|p1a: Kingambit|Iron Head|p2a: Zamazenta
|-damage|p2a: Zamazenta|41/100
|
|-heal|p1a: Kingambit|34/100|[from] item: Leftovers
|upkeep
|turn|35
|c|☆ghostlyplanets|istg if u crit
|
|t:|1757787787
|move|p1a: Kingambit|Sucker Punch|p2a: Zamazenta
|-resisted|p2a: Zamazenta
|-damage|p2a: Zamazenta|18/100
|move|p2a: Zamazenta|Body Press|p1a: Kingambit
|-resisted|p1a: Kingambit
|-damage|p1a: Kingambit|0 fnt
|faint|p1a: Kingambit
|-end|p1a: Kingambit|fallen5|[silent]
|
|win|ghostlyplanets
|n|☆Jouos|jouos
|n|☆ghostlyplanets|ghostlyplanets
|n|*Lady Monita ☀|ladymonita
|n| JoelMasterX|joelmasterx
|n| Failbor21|failbor21
|l|*Lady Monita ☀
|c|☆Jouos|gg
|c|☆ghostlyplanets|gg
|l| JoelMasterX
|l|☆ghostlyplanets
|player|p2|
