|j|☆Black_MikeCera
|j|☆Defast 4
|t:|1757857393
|gametype|singles
|player|p1|Black_MikeCera|265|1532
|player|p2|Defast 4|1|1567
|gen|9
|tier|[Gen 9] OU
|rated|
|rule|HP Percentage Mod: HP is shown in percentages
|rule|Endless Battle Clause: Forcing endless battles is banned
|rule|Species Clause: Limit one of each Pokémon
|rule|OHKO Clause: OHKO moves are banned
|rule|Evasion Items Clause: Evasion items are banned
|rule|Evasion Moves Clause: Evasion moves are banned
|rule|Evasion Abilities Clause: Evasion abilities are banned
|rule|Sleep Moves Clause: Sleep-inducing moves are banned
|clearpoke
|poke|p1|Slowking-Galar, M|
|poke|p1|Moltres|
|poke|p1|Kyurem|
|poke|p1|Darkrai|
|poke|p1|Great Tusk|
|poke|p1|Dragapult, F|
|poke|p2|Corviknight, F|
|poke|p2|Mew|
|poke|p2|Pecharunt|
|poke|p2|Cinderace, F|
|poke|p2|Dondozo, M|
|poke|p2|Ting-Lu|
|teampreview
|inactive|Battle timer is ON: inactive players will automatically lose when time's up. (requested by Defast 4)
|
|t:|1757857401
|teamsize|p1|6
|teamsize|p2|6
|start
|switch|p1a: Kyurem|Kyurem|100/100
|switch|p2a: Cinderace|Cinderace, F|100/100
|-ability|p1a: Kyurem|Pressure
|turn|1
|
|t:|1757857409
|switch|p1a: Moltres|Moltres|100/100
|move|p2a: Cinderace|U-turn|p1a: Moltres
|-resisted|p1a: Moltres
|-damage|p1a: Moltres|97/100
|
|t:|1757857419
|switch|p2a: Mew|Mew|100/100|[from] U-turn
|
|upkeep
|turn|2
|
|t:|1757857424
|move|p2a: Mew|Fire Spin|p1a: Moltres
|-resisted|p1a: Moltres
|-crit|p1a: Moltres
|-damage|p1a: Moltres|92/100
|-activate|p1a: Moltres|move: Fire Spin|[of] p2a: Mew
|move|p1a: Moltres|U-turn|p2a: Mew
|-supereffective|p2a: Mew
|-damage|p2a: Mew|74/100
|
|t:|1757857432
|switch|p1a: Darkrai|Darkrai|100/100|[from] U-turn
|
|-heal|p2a: Mew|80/100|[from] item: Leftovers
|upkeep
|turn|3
|
|t:|1757857438
|move|p2a: Mew|Protect|p2a: Mew
|-singleturn|p2a: Mew|Protect
|move|p1a: Darkrai|Trick|p2a: Mew
|-activate|p2a: Mew|move: Protect
|
|-heal|p2a: Mew|87/100|[from] item: Leftovers
|upkeep
|turn|4
|
|t:|1757857451
|switch|p1a: Moltres|Moltres|92/100
|switch|p2a: Cinderace|Cinderace, F|100/100
|
|upkeep
|turn|5
|
|t:|1757857462
|move|p2a: Cinderace|Pyro Ball|p1a: Moltres
|-resisted|p1a: Moltres
|-damage|p1a: Moltres|75/100
|move|p1a: Moltres|Hurricane|p2a: Cinderace
|-damage|p2a: Cinderace|48/100
|
|upkeep
|turn|6
|
|t:|1757857473
|move|p2a: Cinderace|U-turn|p1a: Moltres
|-resisted|p1a: Moltres
|-damage|p1a: Moltres|72/100
|
|t:|1757857478
|switch|p2a: Mew|Mew|87/100|[from] U-turn
|move|p1a: Moltres|U-turn|p2a: Mew
|-supereffective|p2a: Mew
|-damage|p2a: Mew|62/100
|
|t:|1757857486
|switch|p1a: Dragapult|Dragapult, F|100/100|[from] U-turn
|
|-heal|p2a: Mew|69/100|[from] item: Leftovers
|upkeep
|turn|7
|
|t:|1757857494
|move|p2a: Mew|Protect|p2a: Mew
|-singleturn|p2a: Mew|Protect
|move|p1a: Dragapult|U-turn|p2a: Mew
|-activate|p2a: Mew|move: Protect
|
|-heal|p2a: Mew|75/100|[from] item: Leftovers
|upkeep
|turn|8
|
|t:|1757857506
|-terastallize|p2a: Mew|Fairy
|move|p1a: Dragapult|U-turn|p2a: Mew
|-resisted|p2a: Mew
|-damage|p2a: Mew|60/100
|
|t:|1757857512
|switch|p1a: Moltres|Moltres|72/100|[from] U-turn
|move|p2a: Mew|Imprison|p2a: Mew
|-start|p2a: Mew|move: Imprison
|
|-heal|p2a: Mew|66/100|[from] item: Leftovers
|upkeep
|turn|9
|
|t:|1757857523
|move|p2a: Mew|Fire Spin|p1a: Moltres
|-resisted|p1a: Moltres
|-damage|p1a: Moltres|67/100
|-activate|p1a: Moltres|move: Fire Spin|[of] p2a: Mew
|move|p1a: Moltres|U-turn|p2a: Mew
|-resisted|p2a: Mew
|-damage|p2a: Mew|61/100
|
|t:|1757857540
|switch|p1a: Dragapult|Dragapult, F|100/100|[from] U-turn
|
|-heal|p2a: Mew|67/100|[from] item: Leftovers
|upkeep
|turn|10
|
|t:|1757857547
|move|p2a: Mew|Protect|p2a: Mew
|-singleturn|p2a: Mew|Protect
|move|p1a: Dragapult|U-turn|p2a: Mew
|-activate|p2a: Mew|move: Protect
|
|-heal|p2a: Mew|73/100|[from] item: Leftovers
|upkeep
|turn|11
|
|t:|1757857555
|move|p1a: Dragapult|U-turn|p2a: Mew
|-resisted|p2a: Mew
|-damage|p2a: Mew|59/100
|
|t:|1757857568
|switch|p1a: Moltres|Moltres|67/100|[from] U-turn
|move|p2a: Mew|Fire Spin|p1a: Moltres|[miss]
|-miss|p2a: Mew|p1a: Moltres
|
|-heal|p2a: Mew|65/100|[from] item: Leftovers
|upkeep
|turn|12
|
|t:|1757857577
|move|p2a: Mew|Protect|p2a: Mew
|-singleturn|p2a: Mew|Protect
|move|p1a: Moltres|Hurricane|p2a: Mew
|-activate|p2a: Mew|move: Protect
|
|-heal|p2a: Mew|72/100|[from] item: Leftovers
|upkeep
|turn|13
|
|t:|1757857585
|move|p2a: Mew|Fire Spin|p1a: Moltres|[miss]
|-miss|p2a: Mew|p1a: Moltres
|move|p1a: Moltres|Hurricane|p2a: Mew|[miss]
|-miss|p1a: Moltres|p2a: Mew
|
|-heal|p2a: Mew|78/100|[from] item: Leftovers
|upkeep
|turn|14
|
|t:|1757857594
|move|p2a: Mew|Fire Spin|p1a: Moltres|[miss]
|-miss|p2a: Mew|p1a: Moltres
|move|p1a: Moltres|U-turn|p2a: Mew
|-resisted|p2a: Mew
|-damage|p2a: Mew|71/100
|
|t:|1757857599
|switch|p1a: Dragapult|Dragapult, F|100/100|[from] U-turn
|
|-heal|p2a: Mew|77/100|[from] item: Leftovers
|upkeep
|turn|15
|
|t:|1757857607
|move|p2a: Mew|Protect|p2a: Mew
|-singleturn|p2a: Mew|Protect
|move|p1a: Dragapult|U-turn|p2a: Mew
|-activate|p2a: Mew|move: Protect
|
|-heal|p2a: Mew|84/100|[from] item: Leftovers
|upkeep
|turn|16
|
|t:|1757857615
|move|p1a: Dragapult|U-turn|p2a: Mew
|-resisted|p2a: Mew
|-damage|p2a: Mew|69/100
|
|t:|1757857623
|switch|p1a: Slowking|Slowking-Galar, M|100/100|[from] U-turn
|move|p2a: Mew|Fire Spin|p1a: Slowking|[miss]
|-miss|p2a: Mew|p1a: Slowking
|
|-heal|p2a: Mew|75/100|[from] item: Leftovers
|upkeep
|turn|17
|
|t:|1757857634
|move|p2a: Mew|Protect|p2a: Mew
|-singleturn|p2a: Mew|Protect
|-prepare|p1a: Slowking|Chilly Reception|[premajor]
|move|p1a: Slowking|Chilly Reception|p1a: Slowking
|-weather|Snowscape
|
|t:|1757857640
|switch|p1a: Kyurem|Kyurem|100/100|[from] Chilly Reception
|-ability|p1a: Kyurem|Pressure
|
|-weather|Snowscape|[upkeep]
|-heal|p2a: Mew|81/100|[from] item: Leftovers
|upkeep
|turn|18
|
|t:|1757857650
|move|p1a: Kyurem|Freeze-Dry|p2a: Mew
|-damage|p2a: Mew|50/100
|move|p2a: Mew|Transform|p1a: Kyurem
|-transform|p2a: Mew|p1a: Kyurem
|-ability|p2a: Mew|Pressure
|
|-weather|Snowscape|[upkeep]
|-heal|p2a: Mew|56/100|[from] item: Leftovers
|upkeep
|turn|19
|
|t:|1757857665
|move|p2a: Mew|Tera Blast|p1a: Kyurem|[anim] Tera Blast Fairy
|-supereffective|p1a: Kyurem
|-damage|p1a: Kyurem|18/100
|-activate|p1a: Kyurem|move: Struggle
|move|p1a: Kyurem|Struggle|p2a: Mew
|-damage|p2a: Mew|45/100
|-damage|p1a: Kyurem|0 fnt|[from] recoil
|faint|p1a: Kyurem
|
|-weather|Snowscape|[upkeep]
|-heal|p2a: Mew|51/100|[from] item: Leftovers
|upkeep
|
|t:|1757857682
|switch|p1a: Slowking|Slowking-Galar, M|100/100
|turn|20
|
|t:|1757857688
|switch|p2a: Ting-Lu|Ting-Lu|100/100
|-ability|p2a: Ting-Lu|Vessel of Ruin
|move|p1a: Slowking|Future Sight|p2a: Ting-Lu
|-start|p1a: Slowking|move: Future Sight
|
|-weather|Snowscape|[upkeep]
|upkeep
|turn|21
|
|t:|1757857696
|move|p2a: Ting-Lu|Earthquake|p1a: Slowking
|-supereffective|p1a: Slowking
|-damage|p1a: Slowking|26/100
|-prepare|p1a: Slowking|Chilly Reception|[premajor]
|move|p1a: Slowking|Chilly Reception|p1a: Slowking
|
|t:|1757857709
|switch|p1a: Dragapult|Dragapult, F|100/100|[from] Chilly Reception
|
|-weather|none
|upkeep
|turn|22
|
|t:|1757857715
|move|p1a: Dragapult|U-turn|p2a: Ting-Lu
|-supereffective|p2a: Ting-Lu
|-damage|p2a: Ting-Lu|61/100
|
|t:|1757857718
|switch|p1a: Moltres|Moltres|67/100|[from] U-turn
|move|p2a: Ting-Lu|Payback|p1a: Moltres
|-damage|p1a: Moltres|53/100
|
|-end|p2a: Ting-Lu|move: Future Sight
|-immune|p2a: Ting-Lu
|-heal|p2a: Ting-Lu|67/100|[from] item: Leftovers
|upkeep
|turn|23
|
|t:|1757857729
|switch|p2a: Mew|Mew, tera:Fairy|51/100
|move|p1a: Moltres|Hurricane|p2a: Mew
|-damage|p2a: Mew|25/100
|
|-heal|p2a: Mew|31/100|[from] item: Leftovers
|upkeep
|turn|24
|
|t:|1757857738
|move|p2a: Mew|Protect|p2a: Mew
|-singleturn|p2a: Mew|Protect
|move|p1a: Moltres|Roost|p1a: Moltres
|-heal|p1a: Moltres|100/100
|-singleturn|p1a: Moltres|move: Roost
|
|-heal|p2a: Mew|38/100|[from] item: Leftovers
|upkeep
|turn|25
|
|t:|1757857747
|move|p2a: Mew|Transform|p1a: Moltres
|-transform|p2a: Mew|p1a: Moltres
|move|p1a: Moltres|Hurricane|p2a: Mew
|-damage|p2a: Mew|0 fnt
|faint|p2a: Mew
|
|upkeep
|
|t:|1757857754
|switch|p2a: Pecharunt|Pecharunt|100/100
|turn|26
|
|t:|1757857760
|switch|p1a: Slowking|Slowking-Galar, M|59/100
|move|p2a: Pecharunt|Shadow Ball|p1a: Slowking
|-supereffective|p1a: Slowking
|-damage|p1a: Slowking|31/100
|-unboost|p1a: Slowking|spd|1
|
|-heal|p1a: Slowking|37/100|[from] item: Leftovers
|upkeep
|turn|27
|
|t:|1757857772
|switch|p1a: Darkrai|Darkrai|100/100
|move|p2a: Pecharunt|Malignant Chain|p1a: Darkrai
|-damage|p1a: Darkrai|59/100
|
|upkeep
|turn|28
|
|t:|1757857785
|switch|p2a: Cinderace|Cinderace, F|48/100
|move|p1a: Darkrai|Trick|p2a: Cinderace
|-activate|p1a: Darkrai|move: Trick|[of] p2a: Cinderace
|-item|p2a: Cinderace|Choice Scarf|[from] move: Trick
|-item|p1a: Darkrai|Heavy-Duty Boots|[from] move: Trick
|
|upkeep
|turn|29
|
|t:|1757857792
|switch|p1a: Moltres|Moltres|100/100
|move|p2a: Cinderace|U-turn|p1a: Moltres
|-resisted|p1a: Moltres
|-damage|p1a: Moltres|97/100
|
|t:|1757857795
|switch|p2a: Pecharunt|Pecharunt|100/100|[from] U-turn
|
|upkeep
|turn|30
|
|t:|1757857801
|move|p1a: Moltres|Hurricane|p2a: Pecharunt
|-damage|p2a: Pecharunt|56/100
|move|p2a: Pecharunt|Shadow Ball|p1a: Moltres
|-damage|p1a: Moltres|70/100
|
|upkeep
|turn|31
|
|t:|1757857810
|switch|p1a: Slowking|Slowking-Galar, M|71/100
|move|p2a: Pecharunt|Recover|p2a: Pecharunt
|-heal|p2a: Pecharunt|100/100
|
|-heal|p1a: Slowking|77/100|[from] item: Leftovers
|upkeep
|turn|32
|
|t:|1757857818
|move|p2a: Pecharunt|Shadow Ball|p1a: Slowking
|-supereffective|p1a: Slowking
|-damage|p1a: Slowking|46/100
|-prepare|p1a: Slowking|Chilly Reception|[premajor]
|move|p1a: Slowking|Chilly Reception|p1a: Slowking
|-weather|Snowscape
|
|t:|1757857826
|switch|p1a: Darkrai|Darkrai|59/100|[from] Chilly Reception
|
|-weather|Snowscape|[upkeep]
|upkeep
|turn|33
|
|t:|1757857835
|switch|p2a: Ting-Lu|Ting-Lu|67/100
|-ability|p2a: Ting-Lu|Vessel of Ruin
|move|p1a: Darkrai|Dark Pulse|p2a: Ting-Lu
|-resisted|p2a: Ting-Lu
|-damage|p2a: Ting-Lu|59/100
|
|-weather|Snowscape|[upkeep]
|-heal|p2a: Ting-Lu|65/100|[from] item: Leftovers
|upkeep
|turn|34
|
|t:|1757857847
|switch|p1a: Great Tusk|Great Tusk|100/100
|switch|p2a: Pecharunt|Pecharunt|100/100
|
|-weather|Snowscape|[upkeep]
|upkeep
|turn|35
|
|t:|1757857855
|-end|p1a: Great Tusk|Protosynthesis|[silent]
|switch|p1a: Moltres|Moltres|70/100
|move|p2a: Pecharunt|Malignant Chain|p1a: Moltres
|-damage|p1a: Moltres|39/100
|
|-weather|Snowscape|[upkeep]
|upkeep
|turn|36
|
|t:|1757857870
|switch|p1a: Slowking|Slowking-Galar, M|79/100
|move|p2a: Pecharunt|Malignant Chain|p1a: Slowking
|-resisted|p1a: Slowking
|-damage|p1a: Slowking|71/100
|
|-weather|none
|-heal|p1a: Slowking|77/100|[from] item: Leftovers
|upkeep
|turn|37
|
|t:|1757857885
|switch|p2a: Ting-Lu|Ting-Lu|65/100
|-ability|p2a: Ting-Lu|Vessel of Ruin
|move|p1a: Slowking|Shadow Ball|p2a: Ting-Lu
|-resisted|p2a: Ting-Lu
|-damage|p2a: Ting-Lu|61/100
|
|-heal|p2a: Ting-Lu|68/100|[from] item: Leftovers
|-heal|p1a: Slowking|83/100|[from] item: Leftovers
|upkeep
|turn|38
|
|t:|1757857896
|switch|p1a: Moltres|Moltres|39/100
|move|p2a: Ting-Lu|Earthquake|p1a: Moltres
|-immune|p1a: Moltres
|
|-heal|p2a: Ting-Lu|74/100|[from] item: Leftovers
|upkeep
|turn|39
|
|t:|1757857905
|move|p1a: Moltres|Roost|p1a: Moltres
|-heal|p1a: Moltres|89/100
|-singleturn|p1a: Moltres|move: Roost
|move|p2a: Ting-Lu|Earthquake|p1a: Moltres
|-supereffective|p1a: Moltres
|-damage|p1a: Moltres|39/100
|
|-heal|p2a: Ting-Lu|80/100|[from] item: Leftovers
|upkeep
|turn|40
|
|t:|1757857915
|move|p1a: Moltres|Roost|p1a: Moltres
|-heal|p1a: Moltres|89/100
|-singleturn|p1a: Moltres|move: Roost
|move|p2a: Ting-Lu|Earthquake|p1a: Moltres
|-supereffective|p1a: Moltres
|-damage|p1a: Moltres|32/100
|
|-heal|p2a: Ting-Lu|86/100|[from] item: Leftovers
|upkeep
|turn|41
|
|t:|1757857925
|move|p1a: Moltres|Hurricane|p2a: Ting-Lu
|-damage|p2a: Ting-Lu|66/100
|move|p2a: Ting-Lu|Earthquake|p1a: Moltres
|-immune|p1a: Moltres
|
|-heal|p2a: Ting-Lu|72/100|[from] item: Leftovers
|upkeep
|turn|42
|
|t:|1757857933
|move|p1a: Moltres|Roost|p1a: Moltres
|-heal|p1a: Moltres|82/100
|-singleturn|p1a: Moltres|move: Roost
|move|p2a: Ting-Lu|Earthquake|p1a: Moltres
|-supereffective|p1a: Moltres
|-damage|p1a: Moltres|28/100
|
|-heal|p2a: Ting-Lu|78/100|[from] item: Leftovers
|upkeep
|turn|43
|
|t:|1757857943
|move|p1a: Moltres|Hurricane|p2a: Ting-Lu|[miss]
|-miss|p1a: Moltres|p2a: Ting-Lu
|move|p2a: Ting-Lu|Earthquake|p1a: Moltres
|-immune|p1a: Moltres
|
|-heal|p2a: Ting-Lu|84/100|[from] item: Leftovers
|upkeep
|turn|44
|
|t:|1757857951
|move|p1a: Moltres|Hurricane|p2a: Ting-Lu|[miss]
|-miss|p1a: Moltres|p2a: Ting-Lu
|move|p2a: Ting-Lu|Payback|p1a: Moltres
|-damage|p1a: Moltres|0 fnt
|faint|p1a: Moltres
|
|-heal|p2a: Ting-Lu|91/100|[from] item: Leftovers
|upkeep
|
|t:|1757857963
|switch|p1a: Great Tusk|Great Tusk|100/100
|turn|45
|
|t:|1757857969
|-end|p1a: Great Tusk|Protosynthesis|[silent]
|switch|p1a: Dragapult|Dragapult, F|100/100
|switch|p2a: Corviknight|Corviknight, F, shiny|100/100
|-ability|p2a: Corviknight|Pressure
|
|upkeep
|turn|46
|
|t:|1757857980
|-terastallize|p1a: Dragapult|Electric
|move|p1a: Dragapult|Tera Blast|p2a: Corviknight|[anim] Tera Blast Electric
|-supereffective|p2a: Corviknight
|-damage|p2a: Corviknight|22/100
|move|p2a: Corviknight|Roost|p2a: Corviknight
|-heal|p2a: Corviknight|72/100
|-singleturn|p2a: Corviknight|move: Roost
|
|upkeep
|turn|47
|
|t:|1757857990
|switch|p2a: Ting-Lu|Ting-Lu|91/100
|-ability|p2a: Ting-Lu|Vessel of Ruin
|move|p1a: Dragapult|Tera Blast|p2a: Ting-Lu|[anim] Tera Blast Electric
|-immune|p2a: Ting-Lu
|
|-heal|p2a: Ting-Lu|97/100|[from] item: Leftovers
|upkeep
|turn|48
|
|t:|1757858002
|switch|p1a: Great Tusk|Great Tusk|100/100
|move|p2a: Ting-Lu|Earthquake|p1a: Great Tusk
|-damage|p1a: Great Tusk|84/100
|
|-heal|p2a: Ting-Lu|100/100|[from] item: Leftovers
|upkeep
|turn|49
|
|t:|1757858011
|switch|p2a: Corviknight|Corviknight, F, shiny|72/100
|-ability|p2a: Corviknight|Pressure
|move|p1a: Great Tusk|Stealth Rock|p2a: Corviknight
|-sidestart|p2: Defast 4|move: Stealth Rock
|
|upkeep
|turn|50
|
|t:|1757858019
|-end|p1a: Great Tusk|Protosynthesis|[silent]
|switch|p1a: Dragapult|Dragapult, F, tera:Electric|100/100
|switch|p2a: Cinderace|Cinderace, F|48/100
|-damage|p2a: Cinderace|23/100|[from] Stealth Rock
|
|upkeep
|turn|51
|
|t:|1757858027
|move|p1a: Dragapult|Sucker Punch||[still]
|-fail|p1a: Dragapult
|move|p2a: Cinderace|Court Change|p2a: Cinderace
|-swapsideconditions
|-activate|p2a: Cinderace|move: Court Change
|
|upkeep
|turn|52
|
|t:|1757858035
|switch|p2a: Ting-Lu|Ting-Lu|100/100
|-ability|p2a: Ting-Lu|Vessel of Ruin
|move|p1a: Dragapult|Sucker Punch||[still]
|-fail|p1a: Dragapult
|
|upkeep
|turn|53
|
|t:|1757858043
|switch|p1a: Great Tusk|Great Tusk|84/100
|-damage|p1a: Great Tusk|81/100|[from] Stealth Rock
|move|p2a: Ting-Lu|Earthquake|p1a: Great Tusk
|-damage|p1a: Great Tusk|63/100
|
|upkeep
|turn|54
|
|t:|1757858051
|switch|p2a: Pecharunt|Pecharunt|100/100
|move|p1a: Great Tusk|Stealth Rock|p2a: Pecharunt
|-sidestart|p2: Defast 4|move: Stealth Rock
|
|upkeep
|turn|55
|
|t:|1757858057
|move|p2a: Pecharunt|Malignant Chain|p1a: Great Tusk
|-resisted|p1a: Great Tusk
|-damage|p1a: Great Tusk|43/100
|move|p1a: Great Tusk|Earthquake|p2a: Pecharunt
|-supereffective|p2a: Pecharunt
|-damage|p2a: Pecharunt|58/100
|
|upkeep
|turn|56
|
|t:|1757858065
|-end|p1a: Great Tusk|Protosynthesis|[silent]
|switch|p1a: Slowking|Slowking-Galar, M|100/100
|-damage|p1a: Slowking|88/100|[from] Stealth Rock
|move|p2a: Pecharunt|Recover|p2a: Pecharunt
|-heal|p2a: Pecharunt|100/100
|
|-heal|p1a: Slowking|94/100|[from] item: Leftovers
|upkeep
|turn|57
|
|t:|1757858077
|switch|p2a: Ting-Lu|Ting-Lu|100/100
|-damage|p2a: Ting-Lu|94/100|[from] Stealth Rock
|-ability|p2a: Ting-Lu|Vessel of Ruin
|move|p1a: Slowking|Shadow Ball|p2a: Ting-Lu
|-resisted|p2a: Ting-Lu
|-crit|p2a: Ting-Lu
|-damage|p2a: Ting-Lu|88/100
|
|-heal|p2a: Ting-Lu|94/100|[from] item: Leftovers
|-heal|p1a: Slowking|99/100|[from] item: Leftovers
|upkeep
|turn|58
|
|t:|1757858089
|move|p2a: Ting-Lu|Earthquake|p1a: Slowking
|-supereffective|p1a: Slowking
|-damage|p1a: Slowking|18/100
|move|p1a: Slowking|Sludge Bomb|p2a: Ting-Lu
|-resisted|p2a: Ting-Lu
|-damage|p2a: Ting-Lu|87/100
|-status|p2a: Ting-Lu|psn
|
|-heal|p2a: Ting-Lu|93/100 psn|[from] item: Leftovers
|-heal|p1a: Slowking|24/100|[from] item: Leftovers
|-damage|p2a: Ting-Lu|81/100 psn|[from] psn
|upkeep
|turn|59
|
|t:|1757858102
|switch|p1a: Great Tusk|Great Tusk|43/100
|-damage|p1a: Great Tusk|40/100|[from] Stealth Rock
|move|p2a: Ting-Lu|Earthquake|p1a: Great Tusk
|-damage|p1a: Great Tusk|23/100
|
|-heal|p2a: Ting-Lu|87/100 psn|[from] item: Leftovers
|-damage|p2a: Ting-Lu|75/100 psn|[from] psn
|upkeep
|turn|60
|
|t:|1757858114
|switch|p2a: Pecharunt|Pecharunt|100/100
|move|p1a: Great Tusk|Rapid Spin|p2a: Pecharunt
|-immune|p2a: Pecharunt
|
|upkeep
|turn|61
|
|t:|1757858124
|-end|p1a: Great Tusk|Protosynthesis|[silent]
|switch|p1a: Darkrai|Darkrai|59/100
|move|p2a: Pecharunt|Shadow Ball|p1a: Darkrai
|-resisted|p1a: Darkrai
|-damage|p1a: Darkrai|42/100
|
|upkeep
|turn|62
|
|t:|1757858134
|switch|p2a: Dondozo|Dondozo, M|100/100
|-damage|p2a: Dondozo|88/100|[from] Stealth Rock
|move|p1a: Darkrai|Ice Beam|p2a: Dondozo
|-resisted|p2a: Dondozo
|-damage|p2a: Dondozo|77/100
|-status|p2a: Dondozo|frz
|
|-heal|p2a: Dondozo|84/100 frz|[from] item: Leftovers
|upkeep
|turn|63
|
|t:|1757858145
|move|p1a: Darkrai|Dark Pulse|p2a: Dondozo
|-damage|p2a: Dondozo|57/100 frz
|cant|p2a: Dondozo|frz
|
|-heal|p2a: Dondozo|63/100 frz|[from] item: Leftovers
|upkeep
|turn|64
|
|t:|1757858153
|move|p1a: Darkrai|Dark Pulse|p2a: Dondozo
|-damage|p2a: Dondozo|37/100 frz
|cant|p2a: Dondozo|frz
|
|-heal|p2a: Dondozo|44/100 frz|[from] item: Leftovers
|upkeep
|turn|65
|
|t:|1757858162
|move|p1a: Darkrai|Trick|p2a: Dondozo
|-activate|p1a: Darkrai|move: Trick|[of] p2a: Dondozo
|-item|p2a: Dondozo|Heavy-Duty Boots|[from] move: Trick
|-item|p1a: Darkrai|Leftovers|[from] move: Trick
|cant|p2a: Dondozo|frz
|
|-heal|p1a: Darkrai|48/100|[from] item: Leftovers
|upkeep
|turn|66
|
|t:|1757858170
|move|p1a: Darkrai|Ice Beam|p2a: Dondozo
|-resisted|p2a: Dondozo
|-damage|p2a: Dondozo|34/100 frz
|cant|p2a: Dondozo|frz
|
|-heal|p1a: Darkrai|54/100|[from] item: Leftovers
|upkeep
|turn|67
|
|t:|1757858178
|move|p1a: Darkrai|Dark Pulse|p2a: Dondozo
|-damage|p2a: Dondozo|8/100 frz
|cant|p2a: Dondozo|frz
|
|-heal|p1a: Darkrai|60/100|[from] item: Leftovers
|upkeep
|turn|68
|
|t:|1757858187
|move|p1a: Darkrai|Dark Pulse|p2a: Dondozo
|-damage|p2a: Dondozo|0 fnt
|faint|p2a: Dondozo
|
|-heal|p1a: Darkrai|66/100|[from] item: Leftovers
|upkeep
|
|t:|1757858190
|switch|p2a: Ting-Lu|Ting-Lu|75/100 psn
|-damage|p2a: Ting-Lu|68/100 psn|[from] Stealth Rock
|-ability|p2a: Ting-Lu|Vessel of Ruin
|turn|69
|
|t:|1757858203
|move|p1a: Darkrai|Ice Beam|p2a: Ting-Lu
|-supereffective|p2a: Ting-Lu
|-damage|p2a: Ting-Lu|44/100 psn
|move|p2a: Ting-Lu|Earthquake|p1a: Darkrai
|-damage|p1a: Darkrai|19/100
|
|-heal|p1a: Darkrai|25/100|[from] item: Leftovers
|-heal|p2a: Ting-Lu|50/100 psn|[from] item: Leftovers
|-damage|p2a: Ting-Lu|38/100 psn|[from] psn
|upkeep
|turn|70
|
|t:|1757858215
|switch|p1a: Great Tusk|Great Tusk|23/100
|-damage|p1a: Great Tusk|20/100|[from] Stealth Rock
|move|p2a: Ting-Lu|Rest|p2a: Ting-Lu
|-status|p2a: Ting-Lu|slp|[from] move: Rest
|-heal|p2a: Ting-Lu|100/100 slp|[silent]
|
|upkeep
|turn|71
|
|t:|1757858230
|switch|p2a: Pecharunt|Pecharunt|100/100
|move|p1a: Great Tusk|Earthquake|p2a: Pecharunt
|-supereffective|p2a: Pecharunt
|-damage|p2a: Pecharunt|63/100
|
|upkeep
|turn|72
|
|t:|1757858237
|move|p2a: Pecharunt|Malignant Chain|p1a: Great Tusk
|-resisted|p1a: Great Tusk
|-damage|p1a: Great Tusk|0 fnt
|faint|p1a: Great Tusk
|-end|p1a: Great Tusk|Protosynthesis|[silent]
|
|upkeep
|
|t:|1757858244
|switch|p1a: Darkrai|Darkrai|25/100
|-damage|p1a: Darkrai|13/100|[from] Stealth Rock
|turn|73
|
|t:|1757858248
|move|p1a: Darkrai|Ice Beam|p2a: Pecharunt
|-damage|p2a: Pecharunt|28/100
|move|p2a: Pecharunt|Malignant Chain|p1a: Darkrai
|-damage|p1a: Darkrai|0 fnt
|faint|p1a: Darkrai
|
|upkeep
|
|t:|1757858258
|switch|p1a: Dragapult|Dragapult, F, tera:Electric|100/100
|-damage|p1a: Dragapult|88/100|[from] Stealth Rock
|turn|74
|
|t:|1757858262
|move|p1a: Dragapult|Dragon Darts|p2a: Pecharunt
|-damage|p2a: Pecharunt|10/100
|-anim|p1a: Dragapult|Dragon Darts|p2a: Pecharunt
|-damage|p2a: Pecharunt|0 fnt
|faint|p2a: Pecharunt
|
|upkeep
|
|t:|1757858266
|switch|p2a: Corviknight|Corviknight, F, shiny|72/100
|-damage|p2a: Corviknight|60/100|[from] Stealth Rock
|-ability|p2a: Corviknight|Pressure
|turn|75
|
|t:|1757858273
|switch|p1a: Slowking|Slowking-Galar, M|57/100
|-damage|p1a: Slowking|44/100|[from] Stealth Rock
|move|p2a: Corviknight|Roost|p2a: Corviknight
|-heal|p2a: Corviknight|100/100
|-singleturn|p2a: Corviknight|move: Roost
|
|-heal|p1a: Slowking|50/100|[from] item: Leftovers
|upkeep
|turn|76
|
|t:|1757858299
|move|p2a: Corviknight|Iron Defense|p2a: Corviknight
|-boost|p2a: Corviknight|def|2
|-prepare|p1a: Slowking|Chilly Reception|[premajor]
|move|p1a: Slowking|Chilly Reception|p1a: Slowking
|-weather|Snowscape
|
|t:|1757858305
|switch|p1a: Dragapult|Dragapult, F, tera:Electric|88/100|[from] Chilly Reception
|-damage|p1a: Dragapult|76/100|[from] Stealth Rock
|
|-weather|Snowscape|[upkeep]
|upkeep
|turn|77
|
|t:|1757858313
|move|p1a: Dragapult|Tera Blast|p2a: Corviknight|[anim] Tera Blast Electric
|-supereffective|p2a: Corviknight
|-damage|p2a: Corviknight|66/100
|move|p2a: Corviknight|Body Press|p1a: Dragapult
|-damage|p1a: Dragapult|13/100
|
|-weather|Snowscape|[upkeep]
|upkeep
|turn|78
|
|t:|1757858321
|move|p1a: Dragapult|Tera Blast|p2a: Corviknight|[anim] Tera Blast Electric
|-supereffective|p2a: Corviknight
|-damage|p2a: Corviknight|27/100
|move|p2a: Corviknight|Roost|p2a: Corviknight
|-heal|p2a: Corviknight|77/100
|-singleturn|p2a: Corviknight|move: Roost
|
|-weather|Snowscape|[upkeep]
|upkeep
|turn|79
|
|t:|1757858330
|move|p1a: Dragapult|Tera Blast|p2a: Corviknight|[anim] Tera Blast Electric
|-supereffective|p2a: Corviknight
|-damage|p2a: Corviknight|42/100
|move|p2a: Corviknight|Roost|p2a: Corviknight
|-heal|p2a: Corviknight|92/100
|-singleturn|p2a: Corviknight|move: Roost
|
|-weather|Snowscape|[upkeep]
|upkeep
|turn|80
|
|t:|1757858339
|move|p1a: Dragapult|Tera Blast|p2a: Corviknight|[anim] Tera Blast Electric
|-supereffective|p2a: Corviknight
|-damage|p2a: Corviknight|57/100
|move|p2a: Corviknight|Iron Defense|p2a: Corviknight
|-boost|p2a: Corviknight|def|2
|
|-weather|none
|upkeep
|turn|81
|
|t:|1757858346
|move|p1a: Dragapult|Tera Blast|p2a: Corviknight|[anim] Tera Blast Electric
|-supereffective|p2a: Corviknight
|-damage|p2a: Corviknight|33/100
|move|p2a: Corviknight|Roost|p2a: Corviknight
|-heal|p2a: Corviknight|83/100
|-singleturn|p2a: Corviknight|move: Roost
|
|upkeep
|turn|82
|inactive|Black_MikeCera has 120 seconds left.
|inactive|Black_MikeCera has 90 seconds left.
|l|☆Black_MikeCera
|inactive|Black_MikeCera disconnected and has a minute to reconnect!
|player|p1|
|inactive|Black_MikeCera has 30 seconds to reconnect!
|j|☆Black_MikeCera
|inactive|Black_MikeCera reconnected and has 40 seconds left.
|player|p1|Black_MikeCera|265|
|inactive|Black_MikeCera has 30 seconds left.
|inactive|Black_MikeCera has 20 seconds left.
|inactive|Black_MikeCera has 15 seconds left.
|inactive|Black_MikeCera has 10 seconds left.
|inactive|Black_MikeCera has 5 seconds left.
|-message|Black_MikeCera lost due to inactivity.
|
|win|Defast 4
|raw|Black_MikeCera's rating: 1532 &rarr; <strong>1514</strong><br />(-18 for losing)
|raw|Defast 4's rating: 1567 &rarr; <strong>1585</strong><br />(+18 for winning)
|l|☆Defast 4
|player|p2|
|l|☆Black_MikeCera
|player|p1|
|j|☆Black_MikeCera
|player|p1|Black_MikeCera|265|
|l|☆Black_MikeCera
|player|p1|
