|j|☆Lezizieny
|j|☆HaventPlayed4Years
|t:|1757835314
|gametype|singles
|player|p1|Lezizieny|170|1240
|player|p2|HaventPlayed4Years|ghetsis|1217
|gen|9
|tier|[Gen 9] OU
|rated|
|rule|HP Percentage Mod: HP is shown in percentages
|rule|Endless Battle Clause: Forcing endless battles is banned
|rule|Species Clause: Limit one of each Pokémon
|rule|OHKO Clause: OHKO moves are banned
|rule|Evasion Items Clause: Evasion items are banned
|rule|Evasion Moves Clause: Evasion moves are banned
|rule|Evasion Abilities Clause: Evasion abilities are banned
|rule|Sleep Moves Clause: Sleep-inducing moves are banned
|clearpoke
|poke|p1|Mimikyu, M|
|poke|p1|Pincurchin, M|
|poke|p1|Raichu-Alola, F|
|poke|p1|Iron Leaves|
|poke|p1|Iron Jugulis|
|poke|p1|Corviknight, M|
|poke|p2|Scream Tail|
|poke|p2|Iron Treads|
|poke|p2|Ogerpon-Wellspring, F|
|poke|p2|Incineroar, M|
|poke|p2|Raging Bolt|
|poke|p2|Primarina, F|
|teampreview
|
|t:|1757835337
|teamsize|p1|6
|teamsize|p2|6
|start
|switch|p1a: Pincurchin|Pincurchin, M|100/100
|switch|p2a: Iron Treads|Iron Treads|100/100
|-fieldstart|move: Electric Terrain|[from] ability: Electric Surge|[of] p1a: Pincurchin
|-activate|p2a: Iron Treads|ability: Quark Drive
|-start|p2a: Iron Treads|quarkdrivespe
|turn|1
|
|t:|1757835346
|switch|p1a: Iron Jugulis|Iron Jugulis|100/100
|-activate|p1a: Iron Jugulis|ability: Quark Drive
|-start|p1a: Iron Jugulis|quarkdrivespe
|move|p2a: Iron Treads|Stealth Rock|p1a: Iron Jugulis
|-sidestart|p1: Lezizieny|move: Stealth Rock
|
|upkeep
|turn|2
|
|t:|1757835363
|-end|p2a: Iron Treads|Quark Drive|[silent]
|switch|p2a: Primarina|Primarina, F|100/100
|move|p1a: Iron Jugulis|Dark Pulse|p2a: Primarina
|-resisted|p2a: Primarina
|-damage|p2a: Primarina|79/100
|
|-heal|p2a: Primarina|85/100|[from] item: Leftovers
|upkeep
|turn|3
|
|t:|1757835372
|-end|p1a: Iron Jugulis|Quark Drive|[silent]
|switch|p1a: Raichu|Raichu-Alola, F|100/100
|-damage|p1a: Raichu|88/100|[from] Stealth Rock
|move|p2a: Primarina|Draining Kiss|p1a: Raichu
|-damage|p1a: Raichu|50/100
|-heal|p2a: Primarina|100/100|[from] drain|[of] p1a: Raichu
|
|upkeep
|turn|4
|
|t:|1757835396
|switch|p2a: Raging Bolt|Raging Bolt|100/100
|move|p1a: Raichu|Surf|p2a: Raging Bolt
|-resisted|p2a: Raging Bolt
|-damage|p2a: Raging Bolt|84/100
|
|upkeep
|turn|5
|
|t:|1757835405
|switch|p1a: Pincurchin|Pincurchin, M|100/100
|-damage|p1a: Pincurchin|88/100|[from] Stealth Rock
|move|p2a: Raging Bolt|Thunderbolt|p1a: Pincurchin
|-resisted|p1a: Pincurchin
|-damage|p1a: Pincurchin|21/100
|
|upkeep
|turn|6
|-message|Lezizieny forfeited.
|
|win|HaventPlayed4Years
|raw|Lezizieny's rating: 1240 &rarr; <strong>1213</strong><br />(-27 for losing)
|raw|HaventPlayed4Years's rating: 1217 &rarr; <strong>1244</strong><br />(+27 for winning)
|l|☆Lezizieny
|player|p1|
|l|☆HaventPlayed4Years
|player|p2|
