|j|☆idiyat
|j|☆adinos
|t:|1757922981
|gametype|singles
|player|p1|idiyat|cynthia|
|player|p2|adinos|riley|
|gen|9
|tier|[Gen 9] OU
|rule|HP Percentage Mod: HP is shown in percentages
|rule|Endless Battle Clause: Forcing endless battles is banned
|rule|Species Clause: Limit one of each Pokémon
|rule|OHKO Clause: OHKO moves are banned
|rule|Evasion Items Clause: Evasion items are banned
|rule|Evasion Moves Clause: Evasion moves are banned
|rule|Evasion Abilities Clause: Evasion abilities are banned
|rule|Sleep Moves Clause: Sleep-inducing moves are banned
|clearpoke
|poke|p1|Dondozo, F|
|poke|p1|Blissey, F|
|poke|p1|Corviknight, F|
|poke|p1|Weezing-Galar, M|
|poke|p1|Gliscor, M|
|poke|p1|Toxapex, F|
|poke|p2|Dondozo, M|
|poke|p2|Blissey, F|
|poke|p2|Corviknight, F|
|poke|p2|Weezing-Galar, F|
|poke|p2|Gliscor, F|
|poke|p2|Toxapex, F|
|teampreview
|inactive|Battle timer is ON: inactive players will automatically lose when time's up. (requested by idiyat)
|c|☆adinos|Lol
|c|☆idiyat|Lmao
|c|☆idiyat|Cryp
|c|☆adinos|😭🙏
|c|☆adinos|Uh
|c|☆adinos|How many turns
|c|☆idiyat|🤣
|c|☆adinos|Dyt
|c|☆adinos|If we both
|c|☆adinos|Play
|c|☆adinos|Well
|inactive|idiyat has 270 seconds left.
|inactive|adinos has 270 seconds left.
|c|☆idiyat|Lol
|c|☆idiyat|Idk
|
|t:|1757923038
|teamsize|p1|6
|teamsize|p2|6
|start
|switch|p1a: Corviknight|Corviknight, F|100/100
|switch|p2a: Toxapex|Toxapex, F|100/100
|-ability|p1a: Corviknight|Pressure
|turn|1
|
|t:|1757923051
|switch|p2a: Corviknight|Corviknight, F|100/100
|-ability|p2a: Corviknight|Pressure
|move|p1a: Corviknight|Iron Defense|p1a: Corviknight
|-boost|p1a: Corviknight|def|2
|
|upkeep
|turn|2
|
|t:|1757923066
|move|p2a: Corviknight|Iron Defense|p2a: Corviknight
|-boost|p2a: Corviknight|def|2
|move|p1a: Corviknight|Body Press|p2a: Corviknight
|-damage|p2a: Corviknight|85/100
|
|-heal|p2a: Corviknight|92/100|[from] item: Leftovers
|upkeep
|turn|3
|
|t:|1757923073
|move|p2a: Corviknight|Iron Defense|p2a: Corviknight
|-boost|p2a: Corviknight|def|2
|move|p1a: Corviknight|Iron Defense|p1a: Corviknight
|-boost|p1a: Corviknight|def|2
|
|-heal|p2a: Corviknight|98/100|[from] item: Leftovers
|upkeep
|turn|4
|c|☆adinos|Lol
|
|t:|1757923080
|move|p1a: Corviknight|Iron Defense|p1a: Corviknight
|-boost|p1a: Corviknight|def|2
|move|p2a: Corviknight|Iron Defense|p2a: Corviknight
|-boost|p2a: Corviknight|def|2
|
|-heal|p2a: Corviknight|100/100|[from] item: Leftovers
|upkeep
|turn|5
|
|t:|1757923086
|-terastallize|p2a: Corviknight|Fighting
|move|p1a: Corviknight|Body Press|p2a: Corviknight
|-damage|p2a: Corviknight|84/100
|move|p2a: Corviknight|Body Press|p1a: Corviknight
|-damage|p1a: Corviknight|76/100
|
|-heal|p1a: Corviknight|82/100|[from] item: Leftovers
|-heal|p2a: Corviknight|90/100|[from] item: Leftovers
|upkeep
|turn|6
|
|t:|1757923100
|move|p2a: Corviknight|Body Press|p1a: Corviknight
|-damage|p1a: Corviknight|59/100
|move|p1a: Corviknight|Body Press|p2a: Corviknight
|-crit|p2a: Corviknight
|-damage|p2a: Corviknight|3/100
|
|-heal|p1a: Corviknight|65/100|[from] item: Leftovers
|-heal|p2a: Corviknight|10/100|[from] item: Leftovers
|upkeep
|turn|7
|c|☆adinos|50 turns
|c|☆adinos|Like ts
|c|☆adinos|Only
|c|☆idiyat|Lol
|c|☆adinos|Oh
|
|t:|1757923118
|move|p2a: Corviknight|Body Press|p1a: Corviknight
|-damage|p1a: Corviknight|40/100
|move|p1a: Corviknight|Body Press|p2a: Corviknight
|-damage|p2a: Corviknight|0 fnt
|faint|p2a: Corviknight
|
|-heal|p1a: Corviknight|46/100|[from] item: Leftovers
|upkeep
|
|t:|1757923130
|switch|p2a: Weezing|Weezing-Galar, F|100/100
|-ability|p2a: Weezing|Neutralizing Gas
|turn|8
|
|t:|1757923136
|move|p1a: Corviknight|Body Press|p2a: Weezing
|-resisted|p2a: Weezing
|-damage|p2a: Weezing|83/100
|move|p2a: Weezing|Will-O-Wisp|p1a: Corviknight
|-status|p1a: Corviknight|brn
|
|-heal|p1a: Corviknight|53/100 brn|[from] item: Leftovers
|-damage|p1a: Corviknight|46/100 brn|[from] brn
|upkeep
|turn|9
|c|☆adinos|Pensive
|
|t:|1757923144
|move|p1a: Corviknight|Roost|p1a: Corviknight
|-heal|p1a: Corviknight|96/100 brn
|-singleturn|p1a: Corviknight|move: Roost
|move|p2a: Weezing|Strange Steam|p1a: Corviknight
|-resisted|p1a: Corviknight
|-damage|p1a: Corviknight|83/100 brn
|
|-heal|p1a: Corviknight|89/100 brn|[from] item: Leftovers
|-damage|p1a: Corviknight|83/100 brn|[from] brn
|upkeep
|turn|10
|
|t:|1757923152
|move|p1a: Corviknight|Body Press|p2a: Weezing
|-resisted|p2a: Weezing
|-damage|p2a: Weezing|75/100
|move|p2a: Weezing|Strange Steam|p1a: Corviknight
|-resisted|p1a: Corviknight
|-damage|p1a: Corviknight|69/100 brn
|
|-heal|p1a: Corviknight|75/100 brn|[from] item: Leftovers
|-damage|p1a: Corviknight|69/100 brn|[from] brn
|upkeep
|turn|11
|
|t:|1757923160
|move|p1a: Corviknight|Body Press|p2a: Weezing
|-resisted|p2a: Weezing
|-damage|p2a: Weezing|66/100
|move|p2a: Weezing|Strange Steam|p1a: Corviknight
|-resisted|p1a: Corviknight
|-damage|p1a: Corviknight|57/100 brn
|
|-heal|p1a: Corviknight|63/100 brn|[from] item: Leftovers
|-damage|p1a: Corviknight|57/100 brn|[from] brn
|upkeep
|turn|12
|
|t:|1757923179
|move|p1a: Corviknight|Body Press|p2a: Weezing
|-resisted|p2a: Weezing
|-damage|p2a: Weezing|57/100
|move|p2a: Weezing|Strange Steam|p1a: Corviknight
|-resisted|p1a: Corviknight
|-damage|p1a: Corviknight|43/100 brn
|
|-heal|p1a: Corviknight|50/100 brn|[from] item: Leftovers
|-damage|p1a: Corviknight|43/100 brn|[from] brn
|upkeep
|turn|13
|
|t:|1757923187
|move|p1a: Corviknight|Roost|p1a: Corviknight
|-heal|p1a: Corviknight|93/100 brn
|-singleturn|p1a: Corviknight|move: Roost
|move|p2a: Weezing|Strange Steam|p1a: Corviknight
|-resisted|p1a: Corviknight
|-damage|p1a: Corviknight|79/100 brn
|-start|p1a: Corviknight|confusion
|
|-heal|p1a: Corviknight|86/100 brn|[from] item: Leftovers
|-damage|p1a: Corviknight|79/100 brn|[from] brn
|upkeep
|turn|14
|
|t:|1757923195
|-activate|p1a: Corviknight|confusion
|move|p1a: Corviknight|Body Press|p2a: Weezing
|-resisted|p2a: Weezing
|-damage|p2a: Weezing|50/100
|move|p2a: Weezing|Strange Steam|p1a: Corviknight
|-resisted|p1a: Corviknight
|-damage|p1a: Corviknight|66/100 brn
|
|-heal|p1a: Corviknight|72/100 brn|[from] item: Leftovers
|-damage|p1a: Corviknight|66/100 brn|[from] brn
|upkeep
|turn|15
|
|t:|1757923206
|-activate|p1a: Corviknight|confusion
|move|p1a: Corviknight|Body Press|p2a: Weezing
|-resisted|p2a: Weezing
|-damage|p2a: Weezing|42/100
|move|p2a: Weezing|Strange Steam|p1a: Corviknight
|-resisted|p1a: Corviknight
|-damage|p1a: Corviknight|52/100 brn
|
|-heal|p1a: Corviknight|58/100 brn|[from] item: Leftovers
|-damage|p1a: Corviknight|52/100 brn|[from] brn
|upkeep
|turn|16
|
|t:|1757923212
|-activate|p1a: Corviknight|confusion
|-damage|p1a: Corviknight|50/100 brn|[from] confusion
|move|p2a: Weezing|Pain Split|p1a: Corviknight
|-sethp|p1a: Corviknight|42/100 brn|[from] move: Pain Split|[silent]
|-sethp|p2a: Weezing|51/100|[from] move: Pain Split
|
|-heal|p1a: Corviknight|49/100 brn|[from] item: Leftovers
|-damage|p1a: Corviknight|42/100 brn|[from] brn
|upkeep
|turn|17
|
|t:|1757923222
|-end|p2a: Weezing|ability: Neutralizing Gas
|-ability|p1a: Corviknight|Pressure
|switch|p2a: Dondozo|Dondozo, M|100/100
|-end|p1a: Corviknight|confusion
|move|p1a: Corviknight|Body Press|p2a: Dondozo
|-damage|p2a: Dondozo|95/100
|
|-heal|p1a: Corviknight|49/100 brn|[from] item: Leftovers
|-heal|p2a: Dondozo|100/100|[from] item: Leftovers
|-damage|p1a: Corviknight|42/100 brn|[from] brn
|upkeep
|turn|18
|
|t:|1757923235
|move|p1a: Corviknight|Roost|p1a: Corviknight
|-heal|p1a: Corviknight|92/100 brn
|-singleturn|p1a: Corviknight|move: Roost
|move|p2a: Dondozo|Body Press|p1a: Corviknight
|-supereffective|p1a: Corviknight
|-damage|p1a: Corviknight|59/100 brn
|
|-heal|p1a: Corviknight|65/100 brn|[from] item: Leftovers
|-damage|p1a: Corviknight|59/100 brn|[from] brn
|upkeep
|turn|19
|
|t:|1757923248
|move|p1a: Corviknight|Body Press|p2a: Dondozo
|-damage|p2a: Dondozo|95/100
|move|p2a: Dondozo|Body Press|p1a: Corviknight
|-damage|p1a: Corviknight|42/100 brn
|
|-heal|p1a: Corviknight|49/100 brn|[from] item: Leftovers
|-heal|p2a: Dondozo|100/100|[from] item: Leftovers
|-damage|p1a: Corviknight|42/100 brn|[from] brn
|upkeep
|turn|20
|
|t:|1757923254
|switch|p1a: Toxapex|Toxapex, F|100/100
|move|p2a: Dondozo|Body Press|p1a: Toxapex
|-resisted|p1a: Toxapex
|-damage|p1a: Toxapex|90/100
|
|-heal|p1a: Toxapex|96/100|[from] item: Leftovers
|upkeep
|turn|21
|
|t:|1757923263
|switch|p2a: Gliscor|Gliscor, F|100/100
|move|p1a: Toxapex|Toxic Spikes|p2a: Gliscor
|-sidestart|p2: adinos|move: Toxic Spikes
|
|-heal|p1a: Toxapex|100/100|[from] item: Leftovers
|-status|p2a: Gliscor|tox|[from] item: Toxic Orb
|upkeep
|turn|22
|
|t:|1757923272
|move|p2a: Gliscor|Knock Off|p1a: Toxapex
|-damage|p1a: Toxapex|85/100
|-enditem|p1a: Toxapex|Leftovers|[from] move: Knock Off|[of] p2a: Gliscor
|move|p1a: Toxapex|Toxic Spikes|p2a: Gliscor
|-sidestart|p2: adinos|move: Toxic Spikes
|
|upkeep
|turn|23
|
|t:|1757923278
|switch|p1a: Corviknight|Corviknight, F|42/100 brn
|-ability|p1a: Corviknight|Pressure
|move|p2a: Gliscor|Earthquake|p1a: Corviknight
|-immune|p1a: Corviknight
|
|-heal|p1a: Corviknight|49/100 brn|[from] item: Leftovers
|-damage|p1a: Corviknight|42/100 brn|[from] brn
|upkeep
|turn|24
|
|t:|1757923286
|move|p2a: Gliscor|Knock Off|p1a: Corviknight
|-damage|p1a: Corviknight|29/100 brn
|-enditem|p1a: Corviknight|Leftovers|[from] move: Knock Off|[of] p2a: Gliscor
|move|p1a: Corviknight|Iron Defense|p1a: Corviknight
|-boost|p1a: Corviknight|def|2
|
|-damage|p1a: Corviknight|23/100 brn|[from] brn
|upkeep
|turn|25
|
|t:|1757923294
|move|p2a: Gliscor|Knock Off|p1a: Corviknight
|-damage|p1a: Corviknight|19/100 brn
|move|p1a: Corviknight|Roost|p1a: Corviknight
|-heal|p1a: Corviknight|69/100 brn
|-singleturn|p1a: Corviknight|move: Roost
|
|-damage|p1a: Corviknight|62/100 brn|[from] brn
|upkeep
|turn|26
|
|t:|1757923300
|move|p2a: Gliscor|Spikes|p1a: Corviknight
|-sidestart|p1: idiyat|Spikes
|move|p1a: Corviknight|Iron Defense|p1a: Corviknight
|-boost|p1a: Corviknight|def|2
|
|-damage|p1a: Corviknight|56/100 brn|[from] brn
|upkeep
|turn|27
|
|t:|1757923307
|switch|p2a: Toxapex|Toxapex, F|100/100
|-sideend|p2: adinos|move: Toxic Spikes|[of] p2a: Toxapex
|move|p1a: Corviknight|Iron Defense|p1a: Corviknight
|-boost|p1a: Corviknight|def|2
|
|-damage|p1a: Corviknight|50/100 brn|[from] brn
|upkeep
|turn|28
|
|t:|1757923312
|switch|p2a: Dondozo|Dondozo, M|100/100
|move|p1a: Corviknight|Defog|p2a: Dondozo
|-unboost|p2a: Dondozo|evasion|1
|-sideend|p1: idiyat|Spikes|[from] move: Defog|[of] p1a: Corviknight
|
|-damage|p1a: Corviknight|44/100 brn|[from] brn
|upkeep
|turn|29
|
|t:|1757923320
|move|p1a: Corviknight|Roost|p1a: Corviknight
|-heal|p1a: Corviknight|94/100 brn
|-singleturn|p1a: Corviknight|move: Roost
|move|p2a: Dondozo|Body Press|p1a: Corviknight
|-supereffective|p1a: Corviknight
|-damage|p1a: Corviknight|60/100 brn
|
|-damage|p1a: Corviknight|53/100 brn|[from] brn
|upkeep
|turn|30
|
|t:|1757923331
|move|p1a: Corviknight|Defog|p2a: Dondozo
|-unboost|p2a: Dondozo|evasion|1
|move|p2a: Dondozo|Body Press|p1a: Corviknight
|-damage|p1a: Corviknight|37/100 brn
|
|-damage|p1a: Corviknight|30/100 brn|[from] brn
|upkeep
|turn|31
|c|☆idiyat|Lol no pp
|
|t:|1757923343
|move|p1a: Corviknight|Roost|p1a: Corviknight
|-heal|p1a: Corviknight|80/100 brn
|-singleturn|p1a: Corviknight|move: Roost
|move|p2a: Dondozo|Body Press|p1a: Corviknight
|-supereffective|p1a: Corviknight
|-damage|p1a: Corviknight|48/100 brn
|
|-damage|p1a: Corviknight|42/100 brn|[from] brn
|upkeep
|turn|32
|
|t:|1757923351
|move|p1a: Corviknight|Roost|p1a: Corviknight
|-heal|p1a: Corviknight|92/100 brn
|-singleturn|p1a: Corviknight|move: Roost
|move|p2a: Dondozo|Avalanche|p1a: Corviknight
|-resisted|p1a: Corviknight
|-damage|p1a: Corviknight|88/100 brn
|
|-damage|p1a: Corviknight|82/100 brn|[from] brn
|upkeep
|turn|33
|
|t:|1757923359
|move|p1a: Corviknight|Defog|p2a: Dondozo
|-unboost|p2a: Dondozo|evasion|1
|move|p2a: Dondozo|Avalanche|p1a: Corviknight
|-damage|p1a: Corviknight|73/100 brn
|
|-damage|p1a: Corviknight|67/100 brn|[from] brn
|upkeep
|turn|34
|
|t:|1757923368
|move|p1a: Corviknight|Iron Defense|p1a: Corviknight
|-boost|p1a: Corviknight|def|0
|move|p2a: Dondozo|Body Press|p1a: Corviknight
|-damage|p1a: Corviknight|51/100 brn
|
|-damage|p1a: Corviknight|45/100 brn|[from] brn
|upkeep
|turn|35
|
|t:|1757923375
|move|p1a: Corviknight|Roost|p1a: Corviknight
|-heal|p1a: Corviknight|95/100 brn
|-singleturn|p1a: Corviknight|move: Roost
|move|p2a: Dondozo|Body Press|p1a: Corviknight
|-supereffective|p1a: Corviknight
|-damage|p1a: Corviknight|64/100 brn
|
|-damage|p1a: Corviknight|57/100 brn|[from] brn
|upkeep
|turn|36
|c|☆adinos|Nic
|
|t:|1757923388
|switch|p2a: Toxapex|Toxapex, F|100/100
|move|p1a: Corviknight|Defog|p2a: Toxapex
|-unboost|p2a: Toxapex|evasion|1
|
|-damage|p1a: Corviknight|51/100 brn|[from] brn
|upkeep
|turn|37
|
|t:|1757923394
|move|p1a: Corviknight|Iron Defense|p1a: Corviknight
|-boost|p1a: Corviknight|def|0
|move|p2a: Toxapex|Toxic Spikes|p1a: Corviknight
|-sidestart|p1: idiyat|move: Toxic Spikes
|
|-damage|p1a: Corviknight|45/100 brn|[from] brn
|upkeep
|turn|38
|
|t:|1757923400
|move|p1a: Corviknight|Defog|p2a: Toxapex
|-unboost|p2a: Toxapex|evasion|1
|-sideend|p1: idiyat|Toxic Spikes|[from] move: Defog|[of] p1a: Corviknight
|move|p2a: Toxapex|Toxic Spikes|p1a: Corviknight
|-sidestart|p1: idiyat|move: Toxic Spikes
|
|-damage|p1a: Corviknight|39/100 brn|[from] brn
|upkeep
|turn|39
|
|t:|1757923411
|switch|p2a: Blissey|Blissey, F|100/100
|move|p1a: Corviknight|Defog|p2a: Blissey
|-unboost|p2a: Blissey|evasion|1
|-sideend|p1: idiyat|Toxic Spikes|[from] move: Defog|[of] p1a: Corviknight
|
|-damage|p1a: Corviknight|32/100 brn|[from] brn
|upkeep
|turn|40
|
|t:|1757923425
|switch|p2a: Gliscor|Gliscor, F|100/100 tox
|move|p1a: Corviknight|Iron Defense|p1a: Corviknight
|-boost|p1a: Corviknight|def|0
|
|-damage|p1a: Corviknight|26/100 brn|[from] brn
|upkeep
|turn|41
|
|t:|1757923437
|move|p2a: Gliscor|Spikes|p1a: Corviknight
|-sidestart|p1: idiyat|Spikes
|move|p1a: Corviknight|Defog|p2a: Gliscor
|-unboost|p2a: Gliscor|evasion|1
|-sideend|p1: idiyat|Spikes|[from] move: Defog|[of] p1a: Corviknight
|
|-damage|p1a: Corviknight|20/100 brn|[from] brn
|upkeep
|turn|42
|
|t:|1757923445
|move|p2a: Gliscor|Knock Off|p1a: Corviknight
|-damage|p1a: Corviknight|18/100 brn
|move|p1a: Corviknight|Iron Defense|p1a: Corviknight
|-boost|p1a: Corviknight|def|0
|
|-damage|p1a: Corviknight|11/100 brn|[from] brn
|upkeep
|turn|43
|
|t:|1757923450
|move|p2a: Gliscor|Spikes|p1a: Corviknight
|-sidestart|p1: idiyat|Spikes
|move|p1a: Corviknight|Iron Defense|p1a: Corviknight
|-boost|p1a: Corviknight|def|0
|
|-damage|p1a: Corviknight|5/100 brn|[from] brn
|upkeep
|turn|44
|
|t:|1757923458
|move|p2a: Gliscor|Spikes|p1a: Corviknight
|-sidestart|p1: idiyat|Spikes
|move|p1a: Corviknight|Defog|p2a: Gliscor
|-unboost|p2a: Gliscor|evasion|1
|-sideend|p1: idiyat|Spikes|[from] move: Defog|[of] p1a: Corviknight
|
|-damage|p1a: Corviknight|0 fnt|[from] brn
|faint|p1a: Corviknight
|upkeep
|
|t:|1757923465
|switch|p1a: Gliscor|Gliscor, M|100/100
|turn|45
|
|t:|1757923471
|move|p1a: Gliscor|Knock Off|p2a: Gliscor
|-damage|p2a: Gliscor|85/100 tox
|-enditem|p2a: Gliscor|Toxic Orb|[from] move: Knock Off|[of] p1a: Gliscor
|move|p2a: Gliscor|Knock Off|p1a: Gliscor
|-damage|p1a: Gliscor|83/100
|-enditem|p1a: Gliscor|Toxic Orb|[from] move: Knock Off|[of] p2a: Gliscor
|
|-heal|p2a: Gliscor|97/100 tox|[from] ability: Poison Heal
|upkeep
|turn|46
|c|☆idiyat|Sav
|c|☆adinos|Lol
|
|t:|1757923487
|switch|p2a: Dondozo|Dondozo, M|100/100
|move|p1a: Gliscor|Spikes|p2a: Dondozo
|-sidestart|p2: adinos|Spikes
|
|upkeep
|turn|47
|
|t:|1757923492
|move|p1a: Gliscor|Knock Off|p2a: Dondozo
|-damage|p2a: Dondozo|91/100
|-enditem|p2a: Dondozo|Leftovers|[from] move: Knock Off|[of] p1a: Gliscor
|move|p2a: Dondozo|Avalanche|p1a: Gliscor
|-supereffective|p1a: Gliscor
|-damage|p1a: Gliscor|0 fnt
|faint|p1a: Gliscor
|
|upkeep
|
|t:|1757923499
|switch|p1a: Toxapex|Toxapex, F|100/100
|turn|48
|
|t:|1757923513
|switch|p2a: Weezing|Weezing-Galar, F|51/100
|-ability|p2a: Weezing|Neutralizing Gas
|move|p1a: Toxapex|Toxic|p2a: Weezing
|-immune|p2a: Weezing
|
|upkeep
|turn|49
|
|t:|1757923525
|switch|p1a: Blissey|Blissey, F|100/100
|move|p2a: Weezing|Will-O-Wisp|p1a: Blissey
|-status|p1a: Blissey|brn
|
|-damage|p1a: Blissey|94/100 brn|[from] brn
|upkeep
|turn|50
|
|t:|1757923532
|-end|p2a: Weezing|ability: Neutralizing Gas
|switch|p2a: Gliscor|Gliscor, F|97/100 tox
|move|p1a: Blissey|Seismic Toss|p2a: Gliscor
|-damage|p2a: Gliscor|69/100 tox
|
|-heal|p1a: Blissey|100/100 brn|[from] item: Leftovers
|-heal|p2a: Gliscor|81/100 tox|[from] ability: Poison Heal
|-damage|p1a: Blissey|94/100 brn|[from] brn
|upkeep
|turn|51
|
|t:|1757923541
|-curestatus|p1a: Blissey|brn|[from] ability: Natural Cure
|switch|p1a: Dondozo|Dondozo, F|100/100
|move|p2a: Gliscor|Earthquake|p1a: Dondozo
|-damage|p1a: Dondozo|86/100
|
|-heal|p1a: Dondozo|92/100|[from] item: Leftovers
|-heal|p2a: Gliscor|94/100 tox|[from] ability: Poison Heal
|upkeep
|turn|52
|
|t:|1757923558
|switch|p2a: Dondozo|Dondozo, M|91/100
|-damage|p2a: Dondozo|78/100|[from] Spikes
|move|p1a: Dondozo|Avalanche|p2a: Dondozo
|-resisted|p2a: Dondozo
|-damage|p2a: Dondozo|75/100
|
|-heal|p1a: Dondozo|98/100|[from] item: Leftovers
|upkeep
|turn|53
|
|t:|1757923566
|move|p1a: Dondozo|Body Press|p2a: Dondozo
|-damage|p2a: Dondozo|62/100
|move|p2a: Dondozo|Body Press|p1a: Dondozo
|-damage|p1a: Dondozo|85/100
|
|-heal|p1a: Dondozo|91/100|[from] item: Leftovers
|upkeep
|turn|54
|c|☆adinos|Bodda vs bodda
|c|☆adinos|Oh fuck
|
|t:|1757923581
|switch|p1a: Weezing|Weezing-Galar, M|100/100
|-ability|p1a: Weezing|Neutralizing Gas
|switch|p2a: Weezing|Weezing-Galar, F|51/100
|-ability|p2a: Weezing|Neutralizing Gas
|
|upkeep
|turn|55
|c|☆adinos|Lol
|
|t:|1757923597
|move|p2a: Weezing|Pain Split|p1a: Weezing
|-sethp|p1a: Weezing|76/100|[from] move: Pain Split|[silent]
|-sethp|p2a: Weezing|76/100|[from] move: Pain Split
|move|p1a: Weezing|Will-O-Wisp|p2a: Weezing|[miss]
|-miss|p1a: Weezing|p2a: Weezing
|
|upkeep
|turn|56
|
|t:|1757923603
|move|p1a: Weezing|Will-O-Wisp|p2a: Weezing
|-status|p2a: Weezing|brn
|move|p2a: Weezing|Will-O-Wisp|p1a: Weezing
|-status|p1a: Weezing|brn
|
|-damage|p1a: Weezing|70/100 brn|[from] brn
|-damage|p2a: Weezing|70/100 brn|[from] brn
|upkeep
|turn|57
|
|t:|1757923611
|move|p1a: Weezing|Pain Split|p2a: Weezing
|-sethp|p2a: Weezing|70/100 brn|[from] move: Pain Split|[silent]
|-sethp|p1a: Weezing|70/100 brn|[from] move: Pain Split
|move|p2a: Weezing|Defog|p1a: Weezing
|-unboost|p1a: Weezing|evasion|1
|-sideend|p2: adinos|Spikes|[from] move: Defog|[of] p2a: Weezing
|
|-damage|p1a: Weezing|64/100 brn|[from] brn
|-damage|p2a: Weezing|64/100 brn|[from] brn
|upkeep
|turn|58
|
|t:|1757923619
|move|p2a: Weezing|Strange Steam|p1a: Weezing
|-resisted|p1a: Weezing
|-damage|p1a: Weezing|45/100 brn
|move|p1a: Weezing|Strange Steam|p2a: Weezing
|-resisted|p2a: Weezing
|-damage|p2a: Weezing|46/100 brn
|-start|p2a: Weezing|confusion
|
|-damage|p2a: Weezing|40/100 brn|[from] brn
|-damage|p1a: Weezing|39/100 brn|[from] brn
|upkeep
|turn|59
|
|t:|1757923637
|switch|p2a: Toxapex|Toxapex, F|100/100
|-end|p1a: Weezing|ability: Neutralizing Gas
|switch|p1a: Toxapex|Toxapex, F|100/100
|
|upkeep
|turn|60
|c|☆idiyat|Lol
|c|☆adinos|Cryp
|
|t:|1757923652
|move|p2a: Toxapex|Toxic Spikes|p1a: Toxapex
|-sidestart|p1: idiyat|move: Toxic Spikes
|move|p1a: Toxapex|Haze|p1a: Toxapex
|-clearallboost
|
|upkeep
|turn|61
|
|t:|1757923665
|switch|p2a: Weezing|Weezing-Galar, F|40/100 brn
|-ability|p2a: Weezing|Neutralizing Gas
|move|p1a: Toxapex|Toxic Spikes|p2a: Weezing
|-sidestart|p2: adinos|move: Toxic Spikes
|
|-damage|p2a: Weezing|34/100 brn|[from] brn
|upkeep
|turn|62
|c|☆idiyat|Liquidation
|c|☆idiyat|Should hv been there
|
|t:|1757923684
|switch|p1a: Blissey|Blissey, F|94/100
|-status|p1a: Blissey|psn
|move|p2a: Weezing|Will-O-Wisp||[still]
|-fail|p2a: Weezing
|
|-heal|p1a: Blissey|100/100 psn|[from] item: Leftovers
|-damage|p1a: Blissey|88/100 psn|[from] psn
|-damage|p2a: Weezing|28/100 brn|[from] brn
|upkeep
|turn|63
|c|☆idiyat|Bro what
|c|☆idiyat|Blissey calm mind for what
|
|t:|1757923708
|move|p2a: Weezing|Pain Split|p1a: Blissey
|-sethp|p1a: Blissey|51/100 psn|[from] move: Pain Split|[silent]
|-sethp|p2a: Weezing|99/100 brn|[from] move: Pain Split
|move|p1a: Blissey|Seismic Toss|p2a: Weezing
|-damage|p2a: Weezing|70/100 brn
|
|-heal|p1a: Blissey|57/100 psn|[from] item: Leftovers
|-damage|p1a: Blissey|45/100 psn|[from] psn
|-damage|p2a: Weezing|64/100 brn|[from] brn
|upkeep
|turn|64
|c|☆adinos|Spd
|c|☆adinos|Lol
|c|☆adinos|Full
|c|☆adinos|Stall
|
|t:|1757923717
|move|p2a: Weezing|Strange Steam|p1a: Blissey
|-crit|p1a: Blissey
|-damage|p1a: Blissey|31/100 psn
|move|p1a: Blissey|Soft-Boiled|p1a: Blissey
|-heal|p1a: Blissey|81/100 psn
|
|-heal|p1a: Blissey|88/100 psn|[from] item: Leftovers
|-damage|p1a: Blissey|75/100 psn|[from] psn
|-damage|p2a: Weezing|58/100 brn|[from] brn
|upkeep
|turn|65
|
|t:|1757923725
|switch|p1a: Toxapex|Toxapex, F|100/100
|-sideend|p1: idiyat|move: Toxic Spikes|[of] p1a: Toxapex
|move|p2a: Weezing|Pain Split|p1a: Toxapex
|-sethp|p1a: Toxapex|82/100|[from] move: Pain Split|[silent]
|-sethp|p2a: Weezing|75/100 brn|[from] move: Pain Split
|
|-damage|p2a: Weezing|69/100 brn|[from] brn
|upkeep
|turn|66
|
|t:|1757923736
|move|p2a: Weezing|Will-O-Wisp|p1a: Toxapex
|-status|p1a: Toxapex|brn
|move|p1a: Toxapex|Toxic Spikes|p2a: Weezing
|-sidestart|p2: adinos|move: Toxic Spikes
|
|-damage|p2a: Weezing|63/100 brn|[from] brn
|-damage|p1a: Toxapex|76/100 brn|[from] brn
|upkeep
|turn|67
|
|t:|1757923749
|move|p2a: Weezing|Strange Steam|p1a: Toxapex
|-resisted|p1a: Toxapex
|-damage|p1a: Toxapex|67/100 brn
|move|p1a: Toxapex|Toxic||[still]
|-fail|p1a: Toxapex
|
|-damage|p2a: Weezing|57/100 brn|[from] brn
|-damage|p1a: Toxapex|61/100 brn|[from] brn
|upkeep
|turn|68
|
|t:|1757923758
|-end|p2a: Weezing|ability: Neutralizing Gas
|switch|p2a: Dondozo|Dondozo, M|62/100
|-status|p2a: Dondozo|tox
|move|p1a: Toxapex|Recover|p1a: Toxapex
|-heal|p1a: Toxapex|100/100 brn
|
|-damage|p2a: Dondozo|56/100 tox|[from] psn
|-damage|p1a: Toxapex|94/100 brn|[from] brn
|upkeep
|turn|69
|c|☆adinos|Oh fuck
|c|☆adinos|Saav
|c|☆adinos|Fucked up
|
|t:|1757923774
|switch|p2a: Weezing|Weezing-Galar, F|57/100 brn
|-ability|p2a: Weezing|Neutralizing Gas
|-sideend|p2: adinos|move: Toxic Spikes|[of] p2a: Weezing
|move|p1a: Toxapex|Toxic Spikes|p2a: Weezing
|-sidestart|p2: adinos|move: Toxic Spikes
|
|-damage|p2a: Weezing|51/100 brn|[from] brn
|-damage|p1a: Toxapex|88/100 brn|[from] brn
|upkeep
|turn|70
|c|☆adinos|Nice turn
|
|t:|1757923789
|switch|p1a: Dondozo|Dondozo, F|91/100
|move|p2a: Weezing|Defog|p1a: Dondozo
|-unboost|p1a: Dondozo|evasion|1
|-sideend|p2: adinos|Toxic Spikes|[from] move: Defog|[of] p2a: Weezing
|
|-heal|p1a: Dondozo|97/100|[from] item: Leftovers
|-damage|p2a: Weezing|45/100 brn|[from] brn
|upkeep
|turn|71
|
|t:|1757923798
|move|p2a: Weezing|Will-O-Wisp|p1a: Dondozo
|-status|p1a: Dondozo|brn
|move|p1a: Dondozo|Avalanche|p2a: Weezing
|-damage|p2a: Weezing|40/100 brn
|
|-heal|p1a: Dondozo|100/100 brn|[from] item: Leftovers
|-damage|p2a: Weezing|34/100 brn|[from] brn
|-damage|p1a: Dondozo|94/100 brn|[from] brn
|upkeep
|turn|72
|
|t:|1757923808
|move|p2a: Weezing|Strange Steam|p1a: Dondozo
|-damage|p1a: Dondozo|68/100 brn
|move|p1a: Dondozo|Rest|p1a: Dondozo
|-status|p1a: Dondozo|slp|[from] move: Rest
|-heal|p1a: Dondozo|100/100 slp|[silent]
|
|-damage|p2a: Weezing|28/100 brn|[from] brn
|upkeep
|turn|73
|
|t:|1757923817
|switch|p1a: Weezing|Weezing-Galar, M|39/100 brn
|-ability|p1a: Weezing|Neutralizing Gas
|move|p2a: Weezing|Pain Split|p1a: Weezing
|-sethp|p1a: Weezing|34/100 brn|[from] move: Pain Split|[silent]
|-sethp|p2a: Weezing|34/100 brn|[from] move: Pain Split
|
|-damage|p1a: Weezing|28/100 brn|[from] brn
|-damage|p2a: Weezing|28/100 brn|[from] brn
|upkeep
|turn|74
|
|t:|1757923826
|move|p1a: Weezing|Strange Steam|p2a: Weezing
|-resisted|p2a: Weezing
|-damage|p2a: Weezing|10/100 brn
|-start|p2a: Weezing|confusion
|-activate|p2a: Weezing|confusion
|move|p2a: Weezing|Strange Steam|p1a: Weezing
|-resisted|p1a: Weezing
|-damage|p1a: Weezing|8/100 brn
|
|-damage|p2a: Weezing|4/100 brn|[from] brn
|-damage|p1a: Weezing|2/100 brn|[from] brn
|upkeep
|turn|75
|c|☆idiyat|Lol
|c|☆adinos|Lol
|
|t:|1757923849
|move|p1a: Weezing|Strange Steam|p2a: Weezing
|-resisted|p2a: Weezing
|-damage|p2a: Weezing|0 fnt
|faint|p2a: Weezing
|
|-damage|p1a: Weezing|0 fnt|[from] brn
|faint|p1a: Weezing
|-end|p1a: Weezing|ability: Neutralizing Gas
|upkeep
|
|t:|1757923861
|switch|p1a: Dondozo|Dondozo, F|100/100 slp
|switch|p2a: Gliscor|Gliscor, F|94/100 tox
|turn|76
|
|t:|1757923868
|move|p2a: Gliscor|Protect|p2a: Gliscor
|-singleturn|p2a: Gliscor|Protect
|cant|p1a: Dondozo|slp
|move|p1a: Dondozo|Sleep Talk|p1a: Dondozo
|move|p1a: Dondozo|Avalanche|p2a: Gliscor|[from] move: Sleep Talk
|-activate|p2a: Gliscor|move: Protect
|
|-heal|p2a: Gliscor|100/100 tox|[from] ability: Poison Heal
|upkeep
|turn|77
|c|☆adinos|Bro
|
|t:|1757923873
|move|p2a: Gliscor|Spikes|p1a: Dondozo
|-sidestart|p1: idiyat|Spikes
|cant|p1a: Dondozo|slp
|
|upkeep
|turn|78
|c|☆adinos|I
|c|☆adinos|Misclicked
|c|☆adinos|Saav
|
|t:|1757923881
|move|p2a: Gliscor|Knock Off|p1a: Dondozo
|-damage|p1a: Dondozo|92/100 slp
|-enditem|p1a: Dondozo|Leftovers|[from] move: Knock Off|[of] p2a: Gliscor
|-curestatus|p1a: Dondozo|slp|[msg]
|move|p1a: Dondozo|Avalanche|p2a: Gliscor
|-supereffective|p2a: Gliscor
|-damage|p2a: Gliscor|12/100 tox
|
|-heal|p2a: Gliscor|24/100 tox|[from] ability: Poison Heal
|upkeep
|turn|79
|
|t:|1757923894
|switch|p2a: Dondozo|Dondozo, M|56/100 tox
|move|p1a: Dondozo|Body Press|p2a: Dondozo
|-damage|p2a: Dondozo|44/100 tox
|
|-damage|p2a: Dondozo|38/100 tox|[from] psn
|upkeep
|turn|80
|
|t:|1757923905
|switch|p1a: Blissey|Blissey, F|75/100 psn
|-damage|p1a: Blissey|63/100 psn|[from] Spikes
|move|p2a: Dondozo|Rest|p2a: Dondozo
|-status|p2a: Dondozo|slp|[from] move: Rest
|-heal|p2a: Dondozo|100/100 slp|[silent]
|
|-heal|p1a: Blissey|69/100 psn|[from] item: Leftovers
|-damage|p1a: Blissey|56/100 psn|[from] psn
|upkeep
|turn|81
|
|t:|1757923913
|move|p1a: Blissey|Seismic Toss|p2a: Dondozo
|-damage|p2a: Dondozo|81/100 slp
|cant|p2a: Dondozo|slp
|move|p2a: Dondozo|Sleep Talk|p2a: Dondozo
|move|p2a: Dondozo|Rest||[from] move: Sleep Talk|[still]
|-fail|p2a: Dondozo
|
|-heal|p1a: Blissey|63/100 psn|[from] item: Leftovers
|-damage|p1a: Blissey|50/100 psn|[from] psn
|upkeep
|turn|82
|
|t:|1757923921
|-curestatus|p1a: Blissey|psn|[from] ability: Natural Cure
|switch|p1a: Toxapex|Toxapex, F|88/100 brn
|-damage|p1a: Toxapex|75/100 brn|[from] Spikes
|cant|p2a: Dondozo|slp
|move|p2a: Dondozo|Sleep Talk|p2a: Dondozo
|move|p2a: Dondozo|Rest||[from] move: Sleep Talk|[still]
|-fail|p2a: Dondozo
|
|-damage|p1a: Toxapex|69/100 brn|[from] brn
|upkeep
|turn|83
|c|☆adinos|Bruhtired
|
|t:|1757923937
|-curestatus|p2a: Dondozo|slp|[msg]
|move|p2a: Dondozo|Sleep Talk||[still]
|-fail|p2a: Dondozo
|move|p1a: Toxapex|Recover|p1a: Toxapex
|-heal|p1a: Toxapex|100/100 brn
|
|-damage|p1a: Toxapex|94/100 brn|[from] brn
|upkeep
|turn|84
|c|☆idiyat|What
|c|☆adinos|Pensive
|
|t:|1757923958
|switch|p2a: Toxapex|Toxapex, F|100/100
|move|p1a: Toxapex|Toxic|p2a: Toxapex
|-immune|p2a: Toxapex
|
|-damage|p1a: Toxapex|88/100 brn|[from] brn
|upkeep
|turn|85
|
|t:|1757923973
|switch|p2a: Gliscor|Gliscor, F|24/100 tox
|move|p1a: Toxapex|Toxic Spikes|p2a: Gliscor
|-sidestart|p2: adinos|move: Toxic Spikes
|
|-heal|p2a: Gliscor|37/100 tox|[from] ability: Poison Heal
|-damage|p1a: Toxapex|82/100 brn|[from] brn
|upkeep
|turn|86
|
|t:|1757923979
|switch|p1a: Dondozo|Dondozo, F|92/100
|-damage|p1a: Dondozo|79/100|[from] Spikes
|move|p2a: Gliscor|Earthquake|p1a: Dondozo
|-damage|p1a: Dondozo|65/100
|
|-heal|p2a: Gliscor|49/100 tox|[from] ability: Poison Heal
|upkeep
|turn|87
|
|t:|1757923993
|switch|p2a: Toxapex|Toxapex, F|100/100
|-sideend|p2: adinos|move: Toxic Spikes|[of] p2a: Toxapex
|move|p1a: Dondozo|Avalanche|p2a: Toxapex
|-resisted|p2a: Toxapex
|-damage|p2a: Toxapex|96/100
|
|-heal|p2a: Toxapex|100/100|[from] item: Leftovers
|upkeep
|turn|88
|
|t:|1757924017
|move|p1a: Dondozo|Body Press|p2a: Toxapex
|-resisted|p2a: Toxapex
|-damage|p2a: Toxapex|90/100
|move|p2a: Toxapex|Toxic|p1a: Dondozo
|-status|p1a: Dondozo|tox
|
|-heal|p2a: Toxapex|96/100|[from] item: Leftovers
|-damage|p1a: Dondozo|59/100 tox|[from] psn
|upkeep
|turn|89
|
|t:|1757924031
|move|p1a: Dondozo|Rest|p1a: Dondozo
|-status|p1a: Dondozo|slp|[from] move: Rest
|-heal|p1a: Dondozo|100/100 slp|[silent]
|move|p2a: Toxapex|Toxic Spikes|p1a: Dondozo
|-sidestart|p1: idiyat|move: Toxic Spikes
|
|-heal|p2a: Toxapex|100/100|[from] item: Leftovers
|upkeep
|turn|90
|c|☆idiyat|I read
|c|☆idiyat|lens derivation
|
|t:|1757924048
|switch|p1a: Toxapex|Toxapex, F|100/100 brn
|-damage|p1a: Toxapex|88/100 brn|[from] Spikes
|-sideend|p1: idiyat|move: Toxic Spikes|[of] p1a: Toxapex
|switch|p2a: Blissey|Blissey, F|100/100
|
|-damage|p1a: Toxapex|82/100 brn|[from] brn
|upkeep
|turn|91
|c|☆idiyat|next prism left
|
|t:|1757924057
|move|p2a: Blissey|Seismic Toss|p1a: Toxapex
|-damage|p1a: Toxapex|49/100 brn
|move|p1a: Toxapex|Toxic|p2a: Blissey
|-status|p2a: Blissey|tox
|
|-damage|p2a: Blissey|94/100 tox|[from] psn
|-damage|p1a: Toxapex|43/100 brn|[from] brn
|upkeep
|turn|92
|
|t:|1757924066
|move|p2a: Blissey|Seismic Toss|p1a: Toxapex
|-damage|p1a: Toxapex|10/100 brn
|move|p1a: Toxapex|Recover|p1a: Toxapex
|-heal|p1a: Toxapex|60/100 brn
|
|-heal|p2a: Blissey|100/100 tox|[from] item: Leftovers
|-damage|p2a: Blissey|88/100 tox|[from] psn
|-damage|p1a: Toxapex|53/100 brn|[from] brn
|upkeep
|turn|93
|
|t:|1757924080
|-curestatus|p2a: Blissey|tox|[from] ability: Natural Cure
|switch|p2a: Gliscor|Gliscor, F|49/100 tox
|switch|p1a: Dondozo|Dondozo, F|100/100 slp
|-damage|p1a: Dondozo|88/100 slp|[from] Spikes
|
|-heal|p2a: Gliscor|62/100 tox|[from] ability: Poison Heal
|upkeep
|turn|94
|
|t:|1757924088
|move|p2a: Gliscor|Earthquake|p1a: Dondozo
|-damage|p1a: Dondozo|74/100 slp
|cant|p1a: Dondozo|slp
|move|p1a: Dondozo|Sleep Talk|p1a: Dondozo
|move|p1a: Dondozo|Avalanche|p2a: Gliscor|[from] move: Sleep Talk
|-supereffective|p2a: Gliscor
|-damage|p2a: Gliscor|0 fnt
|faint|p2a: Gliscor
|
|upkeep
|c|☆adinos|What sleep talk luck saav
|c|☆idiyat|Lol
|
|t:|1757924111
|switch|p2a: Toxapex|Toxapex, F|100/100
|turn|95
|
|t:|1757924118
|cant|p1a: Dondozo|slp
|move|p2a: Toxapex|Haze|p2a: Toxapex
|-clearallboost
|
|upkeep
|turn|96
|c|☆idiyat|What is bro hazing 😭🙏
|
|t:|1757924135
|-curestatus|p1a: Dondozo|slp|[msg]
|move|p1a: Dondozo|Sleep Talk||[still]
|-fail|p1a: Dondozo
|move|p2a: Toxapex|Toxic|p1a: Dondozo
|-status|p1a: Dondozo|tox
|
|-damage|p1a: Dondozo|67/100 tox|[from] psn
|upkeep
|turn|97
|c|☆adinos|Lol
|c|☆adinos|6 more tests
|
|t:|1757924151
|move|p1a: Dondozo|Rest|p1a: Dondozo
|-status|p1a: Dondozo|slp|[from] move: Rest
|-heal|p1a: Dondozo|100/100 slp|[silent]
|move|p2a: Toxapex|Haze|p2a: Toxapex
|-clearallboost
|
|upkeep
|turn|98
|
|t:|1757924160
|switch|p1a: Toxapex|Toxapex, F|87/100 brn
|-damage|p1a: Toxapex|74/100 brn|[from] Spikes
|move|p2a: Toxapex|Haze|p2a: Toxapex
|-clearallboost
|
|-damage|p1a: Toxapex|68/100 brn|[from] brn
|upkeep
|turn|99
|
|t:|1757924170
|move|p1a: Toxapex|Toxic Spikes|p2a: Toxapex
|-sidestart|p2: adinos|move: Toxic Spikes
|move|p2a: Toxapex|Toxic Spikes|p1a: Toxapex
|-sidestart|p1: idiyat|move: Toxic Spikes
|
|-damage|p1a: Toxapex|62/100 brn|[from] brn
|upkeep
|turn|100
|
|t:|1757924177
|move|p2a: Toxapex|Toxic Spikes|p1a: Toxapex
|-sidestart|p1: idiyat|move: Toxic Spikes
|move|p1a: Toxapex|Toxic Spikes|p2a: Toxapex
|-sidestart|p2: adinos|move: Toxic Spikes
|
|-damage|p1a: Toxapex|55/100 brn|[from] brn
|upkeep
|turn|101
|
|t:|1757924182
|move|p2a: Toxapex|Toxic Spikes||[still]
|-fail|p2a: Toxapex
|move|p1a: Toxapex|Haze|p1a: Toxapex
|-clearallboost
|
|-damage|p1a: Toxapex|49/100 brn|[from] brn
|upkeep
|turn|102
|
|t:|1757924191
|move|p1a: Toxapex|Recover|p1a: Toxapex
|-heal|p1a: Toxapex|99/100 brn
|move|p2a: Toxapex|Haze|p2a: Toxapex
|-clearallboost
|
|-damage|p1a: Toxapex|93/100 brn|[from] brn
|upkeep
|turn|103
|
|t:|1757924202
|move|p2a: Toxapex|Haze|p2a: Toxapex
|-clearallboost
|move|p1a: Toxapex|Haze|p1a: Toxapex
|-clearallboost
|
|-damage|p1a: Toxapex|87/100 brn|[from] brn
|upkeep
|turn|104
|
|t:|1757924210
|move|p1a: Toxapex|Haze|p1a: Toxapex
|-clearallboost
|move|p2a: Toxapex|Haze|p2a: Toxapex
|-clearallboost
|
|-damage|p1a: Toxapex|80/100 brn|[from] brn
|upkeep
|turn|105
|
|t:|1757924218
|switch|p2a: Blissey|Blissey, F|88/100
|-status|p2a: Blissey|tox
|move|p1a: Toxapex|Haze|p1a: Toxapex
|-clearallboost
|
|-heal|p2a: Blissey|94/100 tox|[from] item: Leftovers
|-damage|p2a: Blissey|88/100 tox|[from] psn
|-damage|p1a: Toxapex|74/100 brn|[from] brn
|upkeep
|turn|106
|
|t:|1757924227
|move|p2a: Blissey|Seismic Toss|p1a: Toxapex
|-damage|p1a: Toxapex|41/100 brn
|move|p1a: Toxapex|Recover|p1a: Toxapex
|-heal|p1a: Toxapex|91/100 brn
|
|-heal|p2a: Blissey|94/100 tox|[from] item: Leftovers
|-damage|p2a: Blissey|82/100 tox|[from] psn
|-damage|p1a: Toxapex|85/100 brn|[from] brn
|upkeep
|turn|107
|
|t:|1757924237
|switch|p1a: Dondozo|Dondozo, F|100/100 slp
|-damage|p1a: Dondozo|88/100 slp|[from] Spikes
|move|p2a: Blissey|Seismic Toss|p1a: Dondozo
|-damage|p1a: Dondozo|68/100 slp
|
|-heal|p2a: Blissey|88/100 tox|[from] item: Leftovers
|-damage|p2a: Blissey|69/100 tox|[from] psn
|upkeep
|turn|108
|
|t:|1757924246
|-curestatus|p2a: Blissey|tox|[from] ability: Natural Cure
|switch|p2a: Toxapex|Toxapex, F|100/100
|-sideend|p2: adinos|move: Toxic Spikes|[of] p2a: Toxapex
|cant|p1a: Dondozo|slp
|move|p1a: Dondozo|Sleep Talk|p1a: Dondozo
|move|p1a: Dondozo|Body Press|p2a: Toxapex|[from] move: Sleep Talk
|-resisted|p2a: Toxapex
|-damage|p2a: Toxapex|89/100
|
|-heal|p2a: Toxapex|95/100|[from] item: Leftovers
|upkeep
|turn|109
|
|t:|1757924257
|switch|p1a: Toxapex|Toxapex, F|100/100 brn
|-damage|p1a: Toxapex|88/100 brn|[from] Spikes
|-sideend|p1: idiyat|move: Toxic Spikes|[of] p1a: Toxapex
|move|p2a: Toxapex|Haze|p2a: Toxapex
|-clearallboost
|
|-heal|p2a: Toxapex|100/100|[from] item: Leftovers
|-damage|p1a: Toxapex|82/100 brn|[from] brn
|upkeep
|turn|110
|
|t:|1757924269
|switch|p1a: Blissey|Blissey, F|50/100
|-damage|p1a: Blissey|38/100|[from] Spikes
|move|p2a: Toxapex|Toxic Spikes|p1a: Blissey
|-sidestart|p1: idiyat|move: Toxic Spikes
|
|-heal|p1a: Blissey|44/100|[from] item: Leftovers
|upkeep
|turn|111
|
|t:|1757924275
|move|p1a: Blissey|Soft-Boiled|p1a: Blissey
|-heal|p1a: Blissey|94/100
|move|p2a: Toxapex|Toxic|p1a: Blissey
|-status|p1a: Blissey|tox
|
|-heal|p1a: Blissey|99/100 tox|[from] item: Leftovers
|-damage|p1a: Blissey|94/100 tox|[from] psn
|upkeep
|turn|112
|
|t:|1757924282
|switch|p2a: Dondozo|Dondozo, M|81/100
|move|p1a: Blissey|Seismic Toss|p2a: Dondozo
|-damage|p2a: Dondozo|61/100
|
|-heal|p1a: Blissey|99/100 tox|[from] item: Leftovers
|-damage|p1a: Blissey|88/100 tox|[from] psn
|upkeep
|turn|113
|
|t:|1757924290
|-curestatus|p1a: Blissey|tox|[from] ability: Natural Cure
|switch|p1a: Dondozo|Dondozo, F|68/100 slp
|-damage|p1a: Dondozo|56/100 slp|[from] Spikes
|move|p2a: Dondozo|Avalanche|p1a: Dondozo
|-resisted|p1a: Dondozo
|-damage|p1a: Dondozo|53/100 slp
|
|upkeep
|turn|114
|
|t:|1757924299
|switch|p2a: Toxapex|Toxapex, F|100/100
|cant|p1a: Dondozo|slp
|
|upkeep
|turn|115
|
|t:|1757924304
|-curestatus|p1a: Dondozo|slp|[msg]
|move|p1a: Dondozo|Rest|p1a: Dondozo
|-status|p1a: Dondozo|slp|[from] move: Rest
|-heal|p1a: Dondozo|100/100 slp|[silent]
|move|p2a: Toxapex|Haze|p2a: Toxapex
|-clearallboost
|
|upkeep
|turn|116
|c|☆adinos|Lol
|
|t:|1757924320
|cant|p1a: Dondozo|slp
|move|p1a: Dondozo|Sleep Talk|p1a: Dondozo
|move|p1a: Dondozo|Rest||[from] move: Sleep Talk|[still]
|-fail|p1a: Dondozo
|move|p2a: Toxapex|Haze|p2a: Toxapex
|-clearallboost
|
|upkeep
|turn|117
|
|t:|1757924331
|switch|p1a: Toxapex|Toxapex, F|100/100 brn
|-damage|p1a: Toxapex|88/100 brn|[from] Spikes
|-sideend|p1: idiyat|move: Toxic Spikes|[of] p1a: Toxapex
|move|p2a: Toxapex|Haze|p2a: Toxapex
|-clearallboost
|
|-damage|p1a: Toxapex|82/100 brn|[from] brn
|upkeep
|turn|118
|
|t:|1757924341
|move|p2a: Toxapex|Toxic Spikes|p1a: Toxapex
|-sidestart|p1: idiyat|move: Toxic Spikes
|move|p1a: Toxapex|Toxic|p2a: Toxapex
|-immune|p2a: Toxapex
|
|-damage|p1a: Toxapex|75/100 brn|[from] brn
|upkeep
|turn|119
|
|t:|1757924346
|move|p1a: Toxapex|Toxic Spikes|p2a: Toxapex
|-sidestart|p2: adinos|move: Toxic Spikes
|move|p2a: Toxapex|Toxic Spikes|p1a: Toxapex
|-sidestart|p1: idiyat|move: Toxic Spikes
|
|-damage|p1a: Toxapex|69/100 brn|[from] brn
|upkeep
|turn|120
|
|t:|1757924357
|move|p2a: Toxapex|Toxic Spikes||[still]
|-fail|p2a: Toxapex
|move|p1a: Toxapex|Toxic Spikes|p2a: Toxapex
|-sidestart|p2: adinos|move: Toxic Spikes
|
|-damage|p1a: Toxapex|63/100 brn|[from] brn
|upkeep
|turn|121
|
|t:|1757924363
|move|p1a: Toxapex|Haze|p1a: Toxapex
|-clearallboost
|move|p2a: Toxapex|Haze|p2a: Toxapex
|-clearallboost
|
|-damage|p1a: Toxapex|57/100 brn|[from] brn
|upkeep
|turn|122
|
|t:|1757924373
|move|p2a: Toxapex|Haze|p2a: Toxapex
|-clearallboost
|move|p1a: Toxapex|Haze|p1a: Toxapex
|-clearallboost
|
|-damage|p1a: Toxapex|50/100 brn|[from] brn
|upkeep
|turn|123
|c|☆idiyat|Haze incoming ez pred
|
|t:|1757924382
|move|p2a: Toxapex|Toxic||[still]
|-fail|p2a: Toxapex
|move|p1a: Toxapex|Haze|p1a: Toxapex
|-clearallboost
|
|-damage|p1a: Toxapex|44/100 brn|[from] brn
|upkeep
|turn|124
|c|☆idiyat|Oh
|
|t:|1757924398
|move|p2a: Toxapex|Haze|p2a: Toxapex
|-clearallboost
|move|p1a: Toxapex|Recover|p1a: Toxapex
|-heal|p1a: Toxapex|94/100 brn
|
|-damage|p1a: Toxapex|88/100 brn|[from] brn
|upkeep
|turn|125
|c|☆adinos|I thought
|c|☆adinos|Youd switch
|
|t:|1757924408
|switch|p1a: Blissey|Blissey, F|88/100
|-damage|p1a: Blissey|75/100|[from] Spikes
|-status|p1a: Blissey|tox
|move|p2a: Toxapex|Haze|p2a: Toxapex
|-clearallboost
|
|-heal|p1a: Blissey|81/100 tox|[from] item: Leftovers
|-damage|p1a: Blissey|75/100 tox|[from] psn
|upkeep
|turn|126
|
|t:|1757924422
|switch|p2a: Dondozo|Dondozo, M|61/100
|-status|p2a: Dondozo|tox
|move|p1a: Blissey|Calm Mind|p1a: Blissey
|-boost|p1a: Blissey|spa|1
|-boost|p1a: Blissey|spd|1
|
|-heal|p1a: Blissey|81/100 tox|[from] item: Leftovers
|-damage|p1a: Blissey|69/100 tox|[from] psn
|-damage|p2a: Dondozo|55/100 tox|[from] psn
|upkeep
|turn|127
|
|t:|1757924430
|-curestatus|p1a: Blissey|tox|[from] ability: Natural Cure
|switch|p1a: Toxapex|Toxapex, F|100/100 brn
|-damage|p1a: Toxapex|88/100 brn|[from] Spikes
|-sideend|p1: idiyat|move: Toxic Spikes|[of] p1a: Toxapex
|move|p2a: Dondozo|Rest|p2a: Dondozo
|-status|p2a: Dondozo|slp|[from] move: Rest
|-heal|p2a: Dondozo|100/100 slp|[silent]
|
|-damage|p1a: Toxapex|82/100 brn|[from] brn
|upkeep
|turn|128
|
|t:|1757924442
|switch|p2a: Toxapex|Toxapex, F|100/100
|-sideend|p2: adinos|move: Toxic Spikes|[of] p2a: Toxapex
|switch|p1a: Dondozo|Dondozo, F|100/100 slp
|-damage|p1a: Dondozo|88/100 slp|[from] Spikes
|
|upkeep
|turn|129
|
|t:|1757924461
|cant|p1a: Dondozo|slp
|move|p2a: Toxapex|Toxic||[still]
|-fail|p2a: Toxapex
|
|upkeep
|turn|130
|
|t:|1757924466
|switch|p1a: Toxapex|Toxapex, F|100/100 brn
|-damage|p1a: Toxapex|88/100 brn|[from] Spikes
|move|p2a: Toxapex|Toxic||[still]
|-fail|p2a: Toxapex
|
|-damage|p1a: Toxapex|82/100 brn|[from] brn
|upkeep
|turn|131
|
|t:|1757924481
|move|p1a: Toxapex|Haze|p1a: Toxapex
|-clearallboost
|move|p2a: Toxapex|Haze|p2a: Toxapex
|-clearallboost
|
|-damage|p1a: Toxapex|75/100 brn|[from] brn
|upkeep
|turn|132
|
|t:|1757924488
|move|p2a: Toxapex|Haze|p2a: Toxapex
|-clearallboost
|move|p1a: Toxapex|Toxic Spikes|p2a: Toxapex
|-sidestart|p2: adinos|move: Toxic Spikes
|
|-damage|p1a: Toxapex|69/100 brn|[from] brn
|upkeep
|turn|133
|
|t:|1757924495
|move|p2a: Toxapex|Haze|p2a: Toxapex
|-clearallboost
|move|p1a: Toxapex|Toxic Spikes|p2a: Toxapex
|-sidestart|p2: adinos|move: Toxic Spikes
|
|-damage|p1a: Toxapex|63/100 brn|[from] brn
|upkeep
|turn|134
|
|t:|1757924500
|move|p1a: Toxapex|Toxic Spikes||[still]
|-fail|p1a: Toxapex
|move|p2a: Toxapex|Haze|p2a: Toxapex
|-clearallboost
|
|-damage|p1a: Toxapex|57/100 brn|[from] brn
|upkeep
|turn|135
|
|t:|1757924505
|move|p2a: Toxapex|Haze|p2a: Toxapex
|-clearallboost
|move|p1a: Toxapex|Recover|p1a: Toxapex
|-heal|p1a: Toxapex|100/100 brn
|
|-damage|p1a: Toxapex|94/100 brn|[from] brn
|upkeep
|turn|136
|
|t:|1757924529
|switch|p1a: Blissey|Blissey, F|69/100
|-damage|p1a: Blissey|56/100|[from] Spikes
|move|p2a: Toxapex|Haze|p2a: Toxapex
|-clearallboost
|
|-heal|p1a: Blissey|63/100|[from] item: Leftovers
|upkeep
|turn|137
|
|t:|1757924543
|move|p1a: Blissey|Seismic Toss|p2a: Toxapex
|-damage|p2a: Toxapex|68/100
|move|p2a: Toxapex|Toxic|p1a: Blissey
|-status|p1a: Blissey|tox
|
|-heal|p1a: Blissey|69/100 tox|[from] item: Leftovers
|-heal|p2a: Toxapex|74/100|[from] item: Leftovers
|-damage|p1a: Blissey|63/100 tox|[from] psn
|upkeep
|turn|138
|
|t:|1757924555
|switch|p2a: Dondozo|Dondozo, M|100/100 slp
|move|p1a: Blissey|Seismic Toss|p2a: Dondozo
|-damage|p2a: Dondozo|81/100 slp
|
|-heal|p1a: Blissey|69/100 tox|[from] item: Leftovers
|-damage|p1a: Blissey|56/100 tox|[from] psn
|upkeep
|turn|139
|
|t:|1757924563
|-curestatus|p1a: Blissey|tox|[from] ability: Natural Cure
|switch|p1a: Toxapex|Toxapex, F|100/100 brn
|-damage|p1a: Toxapex|88/100 brn|[from] Spikes
|switch|p2a: Toxapex|Toxapex, F|100/100
|-sideend|p2: adinos|move: Toxic Spikes|[of] p2a: Toxapex
|
|-damage|p1a: Toxapex|82/100 brn|[from] brn
|upkeep
|turn|140
|
|t:|1757924575
|move|p1a: Toxapex|Haze|p1a: Toxapex
|-clearallboost
|move|p2a: Toxapex|Haze|p2a: Toxapex
|-clearallboost
|
|-damage|p1a: Toxapex|75/100 brn|[from] brn
|upkeep
|turn|141
|
|t:|1757924583
|move|p2a: Toxapex|Toxic Spikes|p1a: Toxapex
|-sidestart|p1: idiyat|move: Toxic Spikes
|move|p1a: Toxapex|Haze|p1a: Toxapex
|-clearallboost
|
|-damage|p1a: Toxapex|69/100 brn|[from] brn
|upkeep
|turn|142
|
|t:|1757924589
|switch|p1a: Blissey|Blissey, F|56/100
|-damage|p1a: Blissey|44/100|[from] Spikes
|-status|p1a: Blissey|psn
|move|p2a: Toxapex|Toxic Spikes|p1a: Blissey
|-sidestart|p1: idiyat|move: Toxic Spikes
|
|-heal|p1a: Blissey|50/100 psn|[from] item: Leftovers
|-damage|p1a: Blissey|38/100 psn|[from] psn
|upkeep
|turn|143
|
|t:|1757924600
|move|p1a: Blissey|Soft-Boiled|p1a: Blissey
|-heal|p1a: Blissey|88/100 psn
|move|p2a: Toxapex|Haze|p2a: Toxapex
|-clearallboost
|
|-heal|p1a: Blissey|94/100 psn|[from] item: Leftovers
|-damage|p1a: Blissey|81/100 psn|[from] psn
|upkeep
|turn|144
|
|t:|1757924605
|switch|p2a: Dondozo|Dondozo, M|81/100 slp
|move|p1a: Blissey|Seismic Toss|p2a: Dondozo
|-damage|p2a: Dondozo|61/100 slp
|
|-heal|p1a: Blissey|88/100 psn|[from] item: Leftovers
|-damage|p1a: Blissey|75/100 psn|[from] psn
|upkeep
|turn|145
|
|t:|1757924613
|move|p1a: Blissey|Seismic Toss|p2a: Dondozo
|-damage|p2a: Dondozo|41/100 slp
|cant|p2a: Dondozo|slp
|
|-heal|p1a: Blissey|81/100 psn|[from] item: Leftovers
|-damage|p1a: Blissey|69/100 psn|[from] psn
|upkeep
|turn|146
|
|t:|1757924624
|-curestatus|p1a: Blissey|psn|[from] ability: Natural Cure
|switch|p1a: Toxapex|Toxapex, F|100/100 brn
|-damage|p1a: Toxapex|88/100 brn|[from] Spikes
|-sideend|p1: idiyat|move: Toxic Spikes|[of] p1a: Toxapex
|switch|p2a: Blissey|Blissey, F|69/100
|
|-heal|p2a: Blissey|75/100|[from] item: Leftovers
|-damage|p1a: Toxapex|82/100 brn|[from] brn
|upkeep
|turn|147
|c|☆idiyat|Lel
|
|t:|1757924637
|move|p2a: Blissey|Seismic Toss|p1a: Toxapex
|-damage|p1a: Toxapex|49/100 brn
|move|p1a: Toxapex|Toxic|p2a: Blissey
|-status|p2a: Blissey|tox
|
|-heal|p2a: Blissey|82/100 tox|[from] item: Leftovers
|-damage|p2a: Blissey|75/100 tox|[from] psn
|-damage|p1a: Toxapex|43/100 brn|[from] brn
|upkeep
|turn|148
|
|t:|1757924649
|switch|p1a: Dondozo|Dondozo, F|88/100 slp
|-damage|p1a: Dondozo|76/100 slp|[from] Spikes
|move|p2a: Blissey|Seismic Toss|p1a: Dondozo
|-damage|p1a: Dondozo|56/100 slp
|
|-heal|p2a: Blissey|82/100 tox|[from] item: Leftovers
|-damage|p2a: Blissey|69/100 tox|[from] psn
|upkeep
|turn|149
|
|t:|1757924660
|-curestatus|p2a: Blissey|tox|[from] ability: Natural Cure
|switch|p2a: Dondozo|Dondozo, M|41/100 slp
|-curestatus|p1a: Dondozo|slp|[msg]
|move|p1a: Dondozo|Sleep Talk||[still]
|-fail|p1a: Dondozo
|
|upkeep
|turn|150
|
|t:|1757924668
|move|p1a: Dondozo|Body Press|p2a: Dondozo
|-damage|p2a: Dondozo|29/100 slp
|cant|p2a: Dondozo|slp
|
|upkeep
|turn|151
|
|t:|1757924674
|-curestatus|p2a: Dondozo|slp|[msg]
|move|p2a: Dondozo|Rest|p2a: Dondozo
|-status|p2a: Dondozo|slp|[from] move: Rest
|-heal|p2a: Dondozo|100/100 slp|[silent]
|move|p1a: Dondozo|Body Press|p2a: Dondozo
|-crit|p2a: Dondozo
|-damage|p2a: Dondozo|81/100 slp
|
|upkeep
|turn|152
|
|t:|1757924681
|switch|p1a: Blissey|Blissey, F|69/100
|-damage|p1a: Blissey|56/100|[from] Spikes
|switch|p2a: Toxapex|Toxapex, F|100/100
|
|-heal|p1a: Blissey|63/100|[from] item: Leftovers
|upkeep
|turn|153
|
|t:|1757924691
|-terastallize|p1a: Blissey|Dark
|move|p1a: Blissey|Calm Mind|p1a: Blissey
|-boost|p1a: Blissey|spa|1
|-boost|p1a: Blissey|spd|1
|move|p2a: Toxapex|Toxic|p1a: Blissey
|-status|p1a: Blissey|tox
|
|-heal|p1a: Blissey|69/100 tox|[from] item: Leftovers
|-damage|p1a: Blissey|63/100 tox|[from] psn
|upkeep
|turn|154
|
|t:|1757924703
|switch|p2a: Blissey|Blissey, F|69/100
|move|p1a: Blissey|Seismic Toss|p2a: Blissey
|-damage|p2a: Blissey|54/100
|
|-heal|p2a: Blissey|60/100|[from] item: Leftovers
|-heal|p1a: Blissey|69/100 tox|[from] item: Leftovers
|-damage|p1a: Blissey|56/100 tox|[from] psn
|upkeep
|turn|155
|
|t:|1757924713
|-curestatus|p1a: Blissey|tox|[from] ability: Natural Cure
|switch|p1a: Dondozo|Dondozo, F|56/100
|-damage|p1a: Dondozo|44/100|[from] Spikes
|move|p2a: Blissey|Soft-Boiled|p2a: Blissey
|-heal|p2a: Blissey|100/100
|
|upkeep
|turn|156
|
|t:|1757924721
|switch|p2a: Toxapex|Toxapex, F|100/100
|move|p1a: Dondozo|Rest|p1a: Dondozo
|-status|p1a: Dondozo|slp|[from] move: Rest
|-heal|p1a: Dondozo|100/100 slp|[silent]
|
|upkeep
|turn|157
|
|t:|1757924727
|cant|p1a: Dondozo|slp
|move|p1a: Dondozo|Sleep Talk|p1a: Dondozo
|move|p1a: Dondozo|Rest||[from] move: Sleep Talk|[still]
|-fail|p1a: Dondozo
|move|p2a: Toxapex|Haze|p2a: Toxapex
|-clearallboost
|
|upkeep
|turn|158
|
|t:|1757924735
|switch|p1a: Toxapex|Toxapex, F|76/100 brn
|-damage|p1a: Toxapex|63/100 brn|[from] Spikes
|move|p2a: Toxapex|Haze|p2a: Toxapex
|-clearallboost
|
|-damage|p1a: Toxapex|57/100 brn|[from] brn
|upkeep
|turn|159
|
|t:|1757924744
|switch|p2a: Blissey|Blissey, F|100/100
|switch|p1a: Dondozo|Dondozo, F|100/100 slp
|-damage|p1a: Dondozo|88/100 slp|[from] Spikes
|
|upkeep
|turn|160
|
|t:|1757924750
|switch|p2a: Toxapex|Toxapex, F|100/100
|cant|p1a: Dondozo|slp
|move|p1a: Dondozo|Sleep Talk|p1a: Dondozo
|move|p1a: Dondozo|Rest||[from] move: Sleep Talk|[still]
|-fail|p1a: Dondozo
|
|upkeep
|turn|161
|
|t:|1757924763
|switch|p1a: Toxapex|Toxapex, F|90/100 brn
|-damage|p1a: Toxapex|78/100 brn|[from] Spikes
|move|p2a: Toxapex|Haze|p2a: Toxapex
|-clearallboost
|
|-damage|p1a: Toxapex|72/100 brn|[from] brn
|upkeep
|turn|162
|c|☆idiyat|Bruh
|c|☆idiyat|This match will never end
|c|☆idiyat|If pp empty
|c|☆idiyat|Keepnon switching
|
|t:|1757924780
|move|p1a: Toxapex|Haze|p1a: Toxapex
|-clearallboost
|move|p2a: Toxapex|Toxic Spikes|p1a: Toxapex
|-sidestart|p1: idiyat|move: Toxic Spikes
|
|-damage|p1a: Toxapex|65/100 brn|[from] brn
|upkeep
|turn|163
|c|☆adinos|Yeah lmao
|c|☆idiyat|U forfeit
|c|☆adinos|No
|
|t:|1757924798
|move|p1a: Toxapex|Toxic Spikes|p2a: Toxapex
|-sidestart|p2: adinos|move: Toxic Spikes
|move|p2a: Toxapex|Toxic Spikes|p1a: Toxapex
|-sidestart|p1: idiyat|move: Toxic Spikes
|
|-damage|p1a: Toxapex|59/100 brn|[from] brn
|upkeep
|turn|164
|c|☆idiyat|Wht man
|c|☆idiyat|Forfeit
|c|☆adinos|Let's go till
|c|☆adinos|500 na
|c|☆idiyat|Crypray
|c|☆adinos|Lol
|
|t:|1757924822
|move|p2a: Toxapex|Haze|p2a: Toxapex
|-clearallboost
|move|p1a: Toxapex|Toxic Spikes|p2a: Toxapex
|-sidestart|p2: adinos|move: Toxic Spikes
|
|-damage|p1a: Toxapex|53/100 brn|[from] brn
|upkeep
|turn|165
|c|☆adinos|I wanna see
|c|☆adinos|How game will go
|c|☆adinos|Once
|c|☆adinos|Struggle starts
|
|t:|1757924834
|move|p1a: Toxapex|Haze|p1a: Toxapex
|-clearallboost
|move|p2a: Toxapex|Haze|p2a: Toxapex
|-clearallboost
|
|-damage|p1a: Toxapex|47/100 brn|[from] brn
|upkeep
|turn|166
|
|t:|1757924849
|switch|p2a: Blissey|Blissey, F|100/100
|-status|p2a: Blissey|tox
|switch|p1a: Blissey|Blissey, F, tera:Dark|56/100
|-damage|p1a: Blissey|44/100|[from] Spikes
|-status|p1a: Blissey|tox
|
|-heal|p1a: Blissey|50/100 tox|[from] item: Leftovers
|-damage|p2a: Blissey|94/100 tox|[from] psn
|-damage|p1a: Blissey|44/100 tox|[from] psn
|upkeep
|turn|167
|
|t:|1757924862
|move|p1a: Blissey|Soft-Boiled|p1a: Blissey
|-heal|p1a: Blissey|94/100 tox
|move|p2a: Blissey|Seismic Toss|p1a: Blissey
|-damage|p1a: Blissey|79/100 tox
|
|-heal|p1a: Blissey|85/100 tox|[from] item: Leftovers
|-heal|p2a: Blissey|100/100 tox|[from] item: Leftovers
|-damage|p2a: Blissey|88/100 tox|[from] psn
|-damage|p1a: Blissey|72/100 tox|[from] psn
|upkeep
|turn|168
|
|t:|1757924874
|-curestatus|p2a: Blissey|tox|[from] ability: Natural Cure
|switch|p2a: Toxapex|Toxapex, F|100/100
|-sideend|p2: adinos|move: Toxic Spikes|[of] p2a: Toxapex
|-curestatus|p1a: Blissey|tox|[from] ability: Natural Cure
|switch|p1a: Toxapex|Toxapex, F|80/100 brn
|-damage|p1a: Toxapex|67/100 brn|[from] Spikes
|-sideend|p1: idiyat|move: Toxic Spikes|[of] p1a: Toxapex
|
|-damage|p1a: Toxapex|61/100 brn|[from] brn
|upkeep
|turn|169
|c|☆idiyat|Super effective
|inactive|adinos has 270 seconds left.
|
|t:|1757924898
|switch|p1a: Dondozo|Dondozo, F|88/100 slp
|-damage|p1a: Dondozo|76/100 slp|[from] Spikes
|switch|p2a: Blissey|Blissey, F|88/100
|
|-heal|p2a: Blissey|94/100|[from] item: Leftovers
|upkeep
|turn|170
|
|t:|1757924907
|switch|p2a: Toxapex|Toxapex, F|100/100
|-curestatus|p1a: Dondozo|slp|[msg]
|move|p1a: Dondozo|Body Press|p2a: Toxapex
|-resisted|p2a: Toxapex
|-damage|p2a: Toxapex|90/100
|
|-heal|p2a: Toxapex|97/100|[from] item: Leftovers
|upkeep
|turn|171
|
|t:|1757924919
|switch|p1a: Toxapex|Toxapex, F|94/100 brn
|-damage|p1a: Toxapex|82/100 brn|[from] Spikes
|move|p2a: Toxapex|Toxic||[still]
|-fail|p2a: Toxapex
|
|-heal|p2a: Toxapex|100/100|[from] item: Leftovers
|-damage|p1a: Toxapex|75/100 brn|[from] brn
|upkeep
|turn|172
|
|t:|1757924936
|move|p2a: Toxapex|Toxic Spikes|p1a: Toxapex
|-sidestart|p1: idiyat|move: Toxic Spikes
|move|p1a: Toxapex|Haze|p1a: Toxapex
|-clearallboost
|
|-damage|p1a: Toxapex|69/100 brn|[from] brn
|upkeep
|turn|173
|c|☆adinos|Everything except studying cryp
|
|t:|1757924954
|move|p1a: Toxapex|Toxic Spikes|p2a: Toxapex
|-sidestart|p2: adinos|move: Toxic Spikes
|move|p2a: Toxapex|Toxic Spikes|p1a: Toxapex
|-sidestart|p1: idiyat|move: Toxic Spikes
|
|-damage|p1a: Toxapex|63/100 brn|[from] brn
|upkeep
|turn|174
|c|☆idiyat|I am
|c|☆idiyat|Studying
|c|☆idiyat|Lol
|
|t:|1757924968
|move|p1a: Toxapex|Toxic Spikes|p2a: Toxapex
|-sidestart|p2: adinos|move: Toxic Spikes
|move|p2a: Toxapex|Haze|p2a: Toxapex
|-clearallboost
|
|-damage|p1a: Toxapex|57/100 brn|[from] brn
|upkeep
|turn|175
|c|☆adinos|Sabotage
|
|t:|1757924975
|move|p1a: Toxapex|Haze|p1a: Toxapex
|-clearallboost
|move|p2a: Toxapex|Haze|p2a: Toxapex
|-clearallboost
|
|-damage|p1a: Toxapex|50/100 brn|[from] brn
|upkeep
|turn|176
|
|t:|1757924984
|switch|p2a: Blissey|Blissey, F|94/100
|-status|p2a: Blissey|tox
|move|p1a: Toxapex|Haze|p1a: Toxapex
|-clearallboost
|
|-heal|p2a: Blissey|100/100 tox|[from] item: Leftovers
|-damage|p2a: Blissey|94/100 tox|[from] psn
|-damage|p1a: Toxapex|44/100 brn|[from] brn
|upkeep
|turn|177
|
|t:|1757924989
|switch|p1a: Dondozo|Dondozo, F|76/100
|-damage|p1a: Dondozo|64/100|[from] Spikes
|-status|p1a: Dondozo|tox
|move|p2a: Blissey|Seismic Toss|p1a: Dondozo
|-damage|p1a: Dondozo|44/100 tox
|
|-heal|p2a: Blissey|100/100 tox|[from] item: Leftovers
|-damage|p2a: Blissey|88/100 tox|[from] psn
|-damage|p1a: Dondozo|37/100 tox|[from] psn
|upkeep
|turn|178
|
|t:|1757925007
|-curestatus|p2a: Blissey|tox|[from] ability: Natural Cure
|switch|p2a: Toxapex|Toxapex, F|100/100
|-sideend|p2: adinos|move: Toxic Spikes|[of] p2a: Toxapex
|move|p1a: Dondozo|Rest|p1a: Dondozo
|-status|p1a: Dondozo|slp|[from] move: Rest
|-heal|p1a: Dondozo|100/100 slp|[silent]
|
|upkeep
|turn|179
|
|t:|1757925014
|switch|p1a: Toxapex|Toxapex, F|77/100 brn
|-damage|p1a: Toxapex|65/100 brn|[from] Spikes
|-sideend|p1: idiyat|move: Toxic Spikes|[of] p1a: Toxapex
|move|p2a: Toxapex|Haze|p2a: Toxapex
|-clearallboost
|
|-damage|p1a: Toxapex|59/100 brn|[from] brn
|upkeep
|turn|180
|
|t:|1757925028
|move|p2a: Toxapex|Toxic Spikes|p1a: Toxapex
|-sidestart|p1: idiyat|move: Toxic Spikes
|move|p1a: Toxapex|Haze|p1a: Toxapex
|-clearallboost
|
|-damage|p1a: Toxapex|52/100 brn|[from] brn
|upkeep
|turn|181
|
|t:|1757925037
|move|p2a: Toxapex|Toxic Spikes|p1a: Toxapex
|-sidestart|p1: idiyat|move: Toxic Spikes
|move|p1a: Toxapex|Toxic Spikes|p2a: Toxapex
|-sidestart|p2: adinos|move: Toxic Spikes
|
|-damage|p1a: Toxapex|46/100 brn|[from] brn
|upkeep
|turn|182
|
|t:|1757925044
|move|p1a: Toxapex|Toxic Spikes|p2a: Toxapex
|-sidestart|p2: adinos|move: Toxic Spikes
|move|p2a: Toxapex|Haze|p2a: Toxapex
|-clearallboost
|
|-damage|p1a: Toxapex|40/100 brn|[from] brn
|upkeep
|turn|183
|
|t:|1757925048
|switch|p1a: Blissey|Blissey, F, tera:Dark|72/100
|-damage|p1a: Blissey|60/100|[from] Spikes
|-status|p1a: Blissey|tox
|switch|p2a: Blissey|Blissey, F|88/100
|-status|p2a: Blissey|tox
|
|-heal|p1a: Blissey|66/100 tox|[from] item: Leftovers
|-heal|p2a: Blissey|94/100 tox|[from] item: Leftovers
|-damage|p1a: Blissey|60/100 tox|[from] psn
|-damage|p2a: Blissey|88/100 tox|[from] psn
|upkeep
|turn|184
|
|t:|1757925058
|move|p2a: Blissey|Seismic Toss|p1a: Blissey
|-damage|p1a: Blissey|45/100 tox
|move|p1a: Blissey|Calm Mind|p1a: Blissey
|-boost|p1a: Blissey|spa|1
|-boost|p1a: Blissey|spd|1
|
|-heal|p1a: Blissey|51/100 tox|[from] item: Leftovers
|-heal|p2a: Blissey|94/100 tox|[from] item: Leftovers
|-damage|p1a: Blissey|38/100 tox|[from] psn
|-damage|p2a: Blissey|82/100 tox|[from] psn
|upkeep
|turn|185
|
|t:|1757925065
|move|p1a: Blissey|Soft-Boiled|p1a: Blissey
|-heal|p1a: Blissey|88/100 tox
|move|p2a: Blissey|Seismic Toss|p1a: Blissey
|-damage|p1a: Blissey|73/100 tox
|
|-heal|p1a: Blissey|79/100 tox|[from] item: Leftovers
|-heal|p2a: Blissey|88/100 tox|[from] item: Leftovers
|-damage|p1a: Blissey|61/100 tox|[from] psn
|-damage|p2a: Blissey|69/100 tox|[from] psn
|upkeep
|turn|186
|c|☆idiyat|Blissey
|c|☆idiyat|Looks pretty
|c|☆idiyat|Standing on toxic
|c|☆idiyat|Spikes
|
|t:|1757925094
|move|p1a: Blissey|Stealth Rock|p2a: Blissey
|-sidestart|p2: adinos|move: Stealth Rock
|move|p2a: Blissey|Seismic Toss|p1a: Blissey
|-damage|p1a: Blissey|45/100 tox
|
|-heal|p2a: Blissey|75/100 tox|[from] item: Leftovers
|-heal|p1a: Blissey|52/100 tox|[from] item: Leftovers
|-damage|p2a: Blissey|50/100 tox|[from] psn
|-damage|p1a: Blissey|27/100 tox|[from] psn
|upkeep
|turn|187
|c|☆adinos|Have the 182 turns made you crazy
|
|t:|1757925103
|move|p1a: Blissey|Soft-Boiled|p1a: Blissey
|-heal|p1a: Blissey|77/100 tox
|move|p2a: Blissey|Soft-Boiled|p2a: Blissey
|-heal|p2a: Blissey|100/100 tox
|
|-heal|p1a: Blissey|83/100 tox|[from] item: Leftovers
|-damage|p2a: Blissey|69/100 tox|[from] psn
|-damage|p1a: Blissey|52/100 tox|[from] psn
|upkeep
|turn|188
|
|t:|1757925109
|-curestatus|p1a: Blissey|tox|[from] ability: Natural Cure
|switch|p1a: Toxapex|Toxapex, F|73/100 brn
|-damage|p1a: Toxapex|61/100 brn|[from] Spikes
|-sideend|p1: idiyat|move: Toxic Spikes|[of] p1a: Toxapex
|move|p2a: Blissey|Stealth Rock|p1a: Toxapex
|-sidestart|p1: idiyat|move: Stealth Rock
|
|-heal|p2a: Blissey|75/100 tox|[from] item: Leftovers
|-damage|p2a: Blissey|38/100 tox|[from] psn
|-damage|p1a: Toxapex|54/100 brn|[from] brn
|upkeep
|turn|189
|
|t:|1757925122
|-curestatus|p2a: Blissey|tox|[from] ability: Natural Cure
|switch|p2a: Toxapex|Toxapex, F|100/100
|-sideend|p2: adinos|move: Toxic Spikes|[of] p2a: Toxapex
|-damage|p2a: Toxapex|88/100|[from] Stealth Rock
|switch|p1a: Dondozo|Dondozo, F|100/100 slp
|-damage|p1a: Dondozo|88/100 slp|[from] Spikes
|-damage|p1a: Dondozo|76/100 slp|[from] Stealth Rock
|
|-heal|p2a: Toxapex|94/100|[from] item: Leftovers
|upkeep
|turn|190
|c|☆idiyat|Saav this one spoke
|c|☆idiyat|Gliscor
|c|☆idiyat|Spike
|c|☆adinos|Lol
|inactive|idiyat has 270 seconds left.
|
|t:|1757925154
|switch|p1a: Blissey|Blissey, F, tera:Dark|52/100
|-damage|p1a: Blissey|39/100|[from] Spikes
|-damage|p1a: Blissey|27/100|[from] Stealth Rock
|move|p2a: Toxapex|Haze|p2a: Toxapex
|-clearallboost
|
|-heal|p1a: Blissey|33/100|[from] item: Leftovers
|-heal|p2a: Toxapex|100/100|[from] item: Leftovers
|upkeep
|turn|191
|c|☆adinos|Saav
|c|☆adinos|I fucked
|c|☆adinos|Blissey
|c|☆adinos|Up
|
|t:|1757925163
|move|p1a: Blissey|Seismic Toss|p2a: Toxapex
|-damage|p2a: Toxapex|68/100
|move|p2a: Toxapex|Toxic|p1a: Blissey
|-status|p1a: Blissey|tox
|
|-heal|p1a: Blissey|39/100 tox|[from] item: Leftovers
|-heal|p2a: Toxapex|74/100|[from] item: Leftovers
|-damage|p1a: Blissey|33/100 tox|[from] psn
|upkeep
|turn|192
|
|t:|1757925175
|move|p1a: Blissey|Soft-Boiled|p1a: Blissey
|-heal|p1a: Blissey|83/100 tox
|move|p2a: Toxapex|Haze|p2a: Toxapex
|-clearallboost
|
|-heal|p1a: Blissey|89/100 tox|[from] item: Leftovers
|-heal|p2a: Toxapex|80/100|[from] item: Leftovers
|-damage|p1a: Blissey|77/100 tox|[from] psn
|upkeep
|turn|193
|
|t:|1757925182
|move|p1a: Blissey|Seismic Toss|p2a: Toxapex
|-damage|p2a: Toxapex|47/100
|move|p2a: Toxapex|Haze|p2a: Toxapex
|-clearallboost
|
|-heal|p1a: Blissey|83/100 tox|[from] item: Leftovers
|-heal|p2a: Toxapex|53/100|[from] item: Leftovers
|-damage|p1a: Blissey|64/100 tox|[from] psn
|upkeep
|turn|194
|
|t:|1757925189
|move|p1a: Blissey|Seismic Toss|p2a: Toxapex
|-damage|p2a: Toxapex|21/100
|move|p2a: Toxapex|Recover|p2a: Toxapex
|-heal|p2a: Toxapex|71/100
|
|-heal|p1a: Blissey|70/100 tox|[from] item: Leftovers
|-heal|p2a: Toxapex|77/100|[from] item: Leftovers
|-damage|p1a: Blissey|45/100 tox|[from] psn
|upkeep
|turn|195
|
|t:|1757925196
|-curestatus|p1a: Blissey|tox|[from] ability: Natural Cure
|switch|p1a: Toxapex|Toxapex, F|88/100 brn
|-damage|p1a: Toxapex|75/100 brn|[from] Spikes
|-damage|p1a: Toxapex|63/100 brn|[from] Stealth Rock
|move|p2a: Toxapex|Recover|p2a: Toxapex
|-heal|p2a: Toxapex|100/100
|
|-damage|p1a: Toxapex|56/100 brn|[from] brn
|upkeep
|turn|196
|c|☆idiyat|Y
|
|t:|1757925221
|switch|p2a: Blissey|Blissey, F|38/100
|-damage|p2a: Blissey|25/100|[from] Stealth Rock
|move|p1a: Toxapex|Haze|p1a: Toxapex
|-clearallboost
|
|-heal|p2a: Blissey|32/100|[from] item: Leftovers
|-damage|p1a: Toxapex|50/100 brn|[from] brn
|upkeep
|turn|197
|c|☆adinos|Movie bro
|
|t:|1757925230
|move|p2a: Blissey|Soft-Boiled|p2a: Blissey
|-heal|p2a: Blissey|82/100
|move|p1a: Toxapex|Toxic|p2a: Blissey
|-status|p2a: Blissey|tox
|
|-heal|p2a: Blissey|88/100 tox|[from] item: Leftovers
|-damage|p2a: Blissey|82/100 tox|[from] psn
|-damage|p1a: Toxapex|44/100 brn|[from] brn
|upkeep
|turn|198
|
|t:|1757925236
|-curestatus|p2a: Blissey|tox|[from] ability: Natural Cure
|switch|p2a: Toxapex|Toxapex, F|100/100
|-damage|p2a: Toxapex|88/100|[from] Stealth Rock
|switch|p1a: Dondozo|Dondozo, F|76/100 slp
|-damage|p1a: Dondozo|64/100 slp|[from] Spikes
|-damage|p1a: Dondozo|51/100 slp|[from] Stealth Rock
|
|-heal|p2a: Toxapex|94/100|[from] item: Leftovers
|upkeep
|turn|199
|
|t:|1757925246
|cant|p1a: Dondozo|slp
|move|p1a: Dondozo|Sleep Talk|p1a: Dondozo
|move|p1a: Dondozo|Body Press|p2a: Toxapex|[from] move: Sleep Talk
|-resisted|p2a: Toxapex
|-damage|p2a: Toxapex|84/100
|move|p2a: Toxapex|Haze|p2a: Toxapex
|-clearallboost
|
|-heal|p2a: Toxapex|90/100|[from] item: Leftovers
|upkeep
|turn|200
|
|t:|1757925262
|switch|p1a: Toxapex|Toxapex, F|77/100 brn
|-damage|p1a: Toxapex|65/100 brn|[from] Spikes
|-damage|p1a: Toxapex|52/100 brn|[from] Stealth Rock
|move|p2a: Toxapex|Haze|p2a: Toxapex
|-clearallboost
|
|-heal|p2a: Toxapex|96/100|[from] item: Leftovers
|-damage|p1a: Toxapex|46/100 brn|[from] brn
|upkeep
|turn|201
|
|t:|1757925270
|switch|p1a: Blissey|Blissey, F, tera:Dark|45/100
|-damage|p1a: Blissey|33/100|[from] Spikes
|-damage|p1a: Blissey|20/100|[from] Stealth Rock
|move|p2a: Toxapex|Toxic Spikes|p1a: Blissey
|-sidestart|p1: idiyat|move: Toxic Spikes
|
|-heal|p1a: Blissey|27/100|[from] item: Leftovers
|-heal|p2a: Toxapex|100/100|[from] item: Leftovers
|upkeep
|turn|202
|
|t:|1757925277
|move|p1a: Blissey|Soft-Boiled|p1a: Blissey
|-heal|p1a: Blissey|77/100
|move|p2a: Toxapex|Toxic|p1a: Blissey
|-status|p1a: Blissey|tox
|
|-heal|p1a: Blissey|83/100 tox|[from] item: Leftovers
|-damage|p1a: Blissey|77/100 tox|[from] psn
|upkeep
|turn|203
|
|t:|1757925288
|-curestatus|p1a: Blissey|tox|[from] ability: Natural Cure
|switch|p1a: Toxapex|Toxapex, F|79/100 brn
|-damage|p1a: Toxapex|67/100 brn|[from] Spikes
|-damage|p1a: Toxapex|54/100 brn|[from] Stealth Rock
|-sideend|p1: idiyat|move: Toxic Spikes|[of] p1a: Toxapex
|switch|p2a: Blissey|Blissey, F|82/100
|-damage|p2a: Blissey|69/100|[from] Stealth Rock
|
|-heal|p2a: Blissey|75/100|[from] item: Leftovers
|-damage|p1a: Toxapex|48/100 brn|[from] brn
|upkeep
|turn|204
|
|t:|1757925303
|switch|p1a: Blissey|Blissey, F, tera:Dark|77/100
|-damage|p1a: Blissey|64/100|[from] Spikes
|-damage|p1a: Blissey|52/100|[from] Stealth Rock
|move|p2a: Blissey|Seismic Toss|p1a: Blissey
|-damage|p1a: Blissey|36/100
|
|-heal|p2a: Blissey|82/100|[from] item: Leftovers
|-heal|p1a: Blissey|43/100|[from] item: Leftovers
|upkeep
|turn|205
|c|☆idiyat|Bro
|c|☆idiyat|Blissey
|c|☆idiyat|Pp empty
|c|☆idiyat|Ded
|
|t:|1757925325
|move|p2a: Blissey|Seismic Toss|p1a: Blissey
|-damage|p1a: Blissey|27/100
|move|p1a: Blissey|Seismic Toss|p2a: Blissey
|-damage|p2a: Blissey|67/100
|
|-heal|p1a: Blissey|34/100|[from] item: Leftovers
|-heal|p2a: Blissey|73/100|[from] item: Leftovers
|upkeep
|turn|206
|
|t:|1757925336
|move|p2a: Blissey|Seismic Toss|p1a: Blissey
|-damage|p1a: Blissey|18/100
|move|p1a: Blissey|Seismic Toss|p2a: Blissey
|-damage|p2a: Blissey|58/100
|
|-heal|p1a: Blissey|25/100|[from] item: Leftovers
|-heal|p2a: Blissey|64/100|[from] item: Leftovers
|upkeep
|turn|207
|c|☆adinos|Nice
|
|t:|1757925343
|move|p2a: Blissey|Seismic Toss|p1a: Blissey
|-damage|p1a: Blissey|9/100
|move|p1a: Blissey|Seismic Toss|p2a: Blissey
|-damage|p2a: Blissey|49/100
|
|-heal|p2a: Blissey|55/100|[from] item: Leftovers
|-heal|p1a: Blissey|16/100|[from] item: Leftovers
|upkeep
|turn|208
|
|t:|1757925347
|move|p2a: Blissey|Seismic Toss|p1a: Blissey
|-damage|p1a: Blissey|0 fnt
|faint|p1a: Blissey
|
|-heal|p2a: Blissey|61/100|[from] item: Leftovers
|upkeep
|c|☆idiyat|Gone
|
|t:|1757925357
|switch|p1a: Toxapex|Toxapex, F|81/100 brn
|-damage|p1a: Toxapex|69/100 brn|[from] Spikes
|-damage|p1a: Toxapex|56/100 brn|[from] Stealth Rock
|turn|209
|c|☆adinos|208 turns
|
|t:|1757925368
|move|p2a: Blissey|Soft-Boiled|p2a: Blissey
|-heal|p2a: Blissey|100/100
|move|p1a: Toxapex|Toxic|p2a: Blissey
|-status|p2a: Blissey|tox
|
|-damage|p2a: Blissey|94/100 tox|[from] psn
|-damage|p1a: Toxapex|50/100 brn|[from] brn
|upkeep
|turn|210
|
|t:|1757925375
|switch|p1a: Dondozo|Dondozo, F|51/100 slp
|-damage|p1a: Dondozo|39/100 slp|[from] Spikes
|-damage|p1a: Dondozo|27/100 slp|[from] Stealth Rock
|move|p2a: Blissey|Seismic Toss|p1a: Dondozo
|-damage|p1a: Dondozo|7/100 slp
|
|-heal|p2a: Blissey|100/100 tox|[from] item: Leftovers
|-damage|p2a: Blissey|88/100 tox|[from] psn
|upkeep
|turn|211
|c|☆idiyat|Saav
|c|☆idiyat|Over
|
|t:|1757925396
|move|p2a: Blissey|Seismic Toss|p1a: Dondozo
|-damage|p1a: Dondozo|0 fnt
|faint|p1a: Dondozo
|
|-heal|p2a: Blissey|94/100 tox|[from] item: Leftovers
|-damage|p2a: Blissey|75/100 tox|[from] psn
|upkeep
|
|t:|1757925399
|switch|p1a: Toxapex|Toxapex, F|83/100 brn
|-damage|p1a: Toxapex|71/100 brn|[from] Spikes
|-damage|p1a: Toxapex|58/100 brn|[from] Stealth Rock
|turn|212
|
|t:|1757925405
|move|p2a: Blissey|Seismic Toss|p1a: Toxapex
|-damage|p1a: Toxapex|25/100 brn
|move|p1a: Toxapex|Recover|p1a: Toxapex
|-heal|p1a: Toxapex|75/100 brn
|
|-heal|p2a: Blissey|82/100 tox|[from] item: Leftovers
|-damage|p2a: Blissey|57/100 tox|[from] psn
|-damage|p1a: Toxapex|69/100 brn|[from] brn
|upkeep
|turn|213
|c|☆idiyat|Gg
|c|☆adinos|Gg
|
|t:|1757925418
|-curestatus|p2a: Blissey|tox|[from] ability: Natural Cure
|switch|p2a: Dondozo|Dondozo, M|81/100 slp
|-damage|p2a: Dondozo|68/100 slp|[from] Stealth Rock
|move|p1a: Toxapex|Toxic||[still]
|-fail|p1a: Toxapex
|
|-damage|p1a: Toxapex|63/100 brn|[from] brn
|upkeep
|turn|214
|-message|idiyat forfeited.
|
|win|adinos
|l|☆idiyat
|player|p1|
|c|☆adinos|What man
