|j|☆BangBlingBlingBorn
|j|☆Vitoran
|t:|1757863834
|gametype|singles
|player|p1|BangBlingBlingBorn|102|1685
|player|p2|Vitoran|#rbyplvmightymagmars|1661
|gen|9
|tier|[Gen 9] OU
|rated|
|rule|HP Percentage Mod: HP is shown in percentages
|rule|Endless Battle Clause: Forcing endless battles is banned
|rule|Species Clause: Limit one of each Pokémon
|rule|OHKO Clause: OHKO moves are banned
|rule|Evasion Items Clause: Evasion items are banned
|rule|Evasion Moves Clause: Evasion moves are banned
|rule|Evasion Abilities Clause: Evasion abilities are banned
|rule|Sleep Moves Clause: Sleep-inducing moves are banned
|clearpoke
|poke|p1|Hatterene, F|
|poke|p1|Ursaluna, M|
|poke|p1|Diancie|
|poke|p1|Iron Hands|
|poke|p1|Torkoal, M|
|poke|p1|Cresselia, F|
|poke|p2|Weavile, M|
|poke|p2|Samurott-Hisui, M|
|poke|p2|Gholdengo|
|poke|p2|Great Tusk|
|poke|p2|Pecharunt|
|poke|p2|Ogerpon-Wellspring, F|
|teampreview
|inactive|Battle timer is ON: inactive players will automatically lose when time's up. (requested by Vitoran)
|inactive|BangBlingBlingBorn also wants the timer to be on.
|c|☆Vitoran|glhf
|
|t:|1757863855
|teamsize|p1|6
|teamsize|p2|6
|start
|switch|p1a: Barbie|Hatterene, F|100/100
|switch|p2a: Samurott|Samurott-Hisui, M|100/100
|turn|1
|
|t:|1757863858
|move|p2a: Samurott|Ceaseless Edge|p1a: Barbie
|-damage|p1a: Barbie|45/100
|-sidestart|p1: BangBlingBlingBorn|Spikes
|move|p1a: Barbie|Trick Room|p1a: Barbie
|-fieldstart|move: Trick Room|[of] p1a: Barbie
|
|upkeep
|turn|2
|inactive|Vitoran has 120 seconds left.
|
|t:|1757863894
|move|p1a: Barbie|Dazzling Gleam|p2a: Samurott
|-supereffective|p2a: Samurott
|-damage|p2a: Samurott|0 fnt
|faint|p2a: Samurott
|
|upkeep
|inactive|Vitoran has 90 seconds left.
|
|t:|1757863932
|switch|p2a: Gholdengo|Gholdengo|100/100
|turn|3
|
|t:|1757863941
|move|p1a: Barbie|Healing Wish|p1a: Barbie
|faint|p1a: Barbie
|move|p2a: Gholdengo|Make It Rain|p1: Barbie|[notarget]
|-fail|p2a: Gholdengo
|
|upkeep
|
|t:|1757863944
|switch|p1a: Oppenheimer|Torkoal, M|100/100
|-damage|p1a: Oppenheimer|88/100|[from] Spikes
|-weather|SunnyDay|[from] ability: Drought|[of] p1a: Oppenheimer
|turn|4
|inactive|Vitoran has 90 seconds left.
|
|t:|1757863970
|switch|p2a: Great Tusk|Great Tusk|100/100
|-activate|p2a: Great Tusk|ability: Protosynthesis
|-start|p2a: Great Tusk|protosynthesisspe
|move|p1a: Oppenheimer|Eruption|p2a: Great Tusk
|-damage|p2a: Great Tusk|0 fnt
|faint|p2a: Great Tusk
|-end|p2a: Great Tusk|Protosynthesis|[silent]
|
|-weather|SunnyDay|[upkeep]
|upkeep
|
|t:|1757863979
|switch|p2a: Ogerpon|Ogerpon-Wellspring, F|100/100
|turn|5
|
|t:|1757863982
|-terastallize|p2a: Ogerpon|Water
|detailschange|p2a: Ogerpon|Ogerpon-Wellspring-Tera, F, tera:Water
|-ability|p2a: Ogerpon|Embody Aspect (Wellspring)|boost
|-boost|p2a: Ogerpon|spd|1
|move|p1a: Oppenheimer|Eruption|p2a: Ogerpon
|-resisted|p2a: Ogerpon
|-damage|p2a: Ogerpon|60/100
|move|p2a: Ogerpon|Swords Dance|p2a: Ogerpon
|-boost|p2a: Ogerpon|atk|2
|
|-weather|SunnyDay|[upkeep]
|-fieldend|move: Trick Room
|upkeep
|turn|6
|
|t:|1757863994
|move|p2a: Ogerpon|Swords Dance|p2a: Ogerpon
|-boost|p2a: Ogerpon|atk|2
|move|p1a: Oppenheimer|Eruption|p2a: Ogerpon
|-resisted|p2a: Ogerpon
|-damage|p2a: Ogerpon|16/100
|
|-weather|SunnyDay|[upkeep]
|upkeep
|turn|7
|
|t:|1757864004
|move|p2a: Ogerpon|Ivy Cudgel|p1a: Oppenheimer|[anim] Ivy Cudgel Water
|-supereffective|p1a: Oppenheimer
|-damage|p1a: Oppenheimer|0 fnt
|faint|p1a: Oppenheimer
|
|-weather|SunnyDay|[upkeep]
|upkeep
|
|t:|1757864008
|switch|p1a: GOTG 3|Cresselia, F|100/100
|turn|8
|
|t:|1757864013
|move|p2a: Ogerpon|Horn Leech|p1a: GOTG 3
|-crit|p1a: GOTG 3
|-damage|p1a: GOTG 3|0 fnt
|-heal|p2a: Ogerpon|77/100|[from] drain|[of] p1a: GOTG 3
|faint|p1a: GOTG 3
|
|-weather|none
|upkeep
|-message|BangBlingBlingBorn forfeited.
|
|win|Vitoran
|raw|BangBlingBlingBorn's rating: 1685 &rarr; <strong>1664</strong><br />(-21 for losing)
|raw|Vitoran's rating: 1661 &rarr; <strong>1682</strong><br />(+21 for winning)
|l|☆BangBlingBlingBorn
|player|p1|
