|j|☆ILoveAdaWong22
|j|☆mach95a113
|t:|1757913090
|gametype|singles
|player|p1|ILoveAdaWong22|volkner|1201
|player|p2|mach95a113|gardenia|1138
|gen|9
|tier|[Gen 9] OU
|rated|
|rule|HP Percentage Mod: HP is shown in percentages
|rule|Endless Battle Clause: Forcing endless battles is banned
|rule|Species Clause: Limit one of each Pokémon
|rule|OHKO Clause: OHKO moves are banned
|rule|Evasion Items Clause: Evasion items are banned
|rule|Evasion Moves Clause: Evasion moves are banned
|rule|Evasion Abilities Clause: Evasion abilities are banned
|rule|Sleep Moves Clause: Sleep-inducing moves are banned
|clearpoke
|poke|p1|Pecharunt|
|poke|p1|Iron Valiant|
|poke|p1|Hydreigon, M|
|poke|p1|Iron Treads|
|poke|p1|Alomomola, M|
|poke|p1|Grimmsnarl, M|
|poke|p2|Cinderace, F|
|poke|p2|Dragapult, M|
|poke|p2|Landorus-Therian, M|
|poke|p2|Samurott-Hisui, F|
|poke|p2|Pecharunt|
|poke|p2|Thundurus-Therian, M|
|teampreview
|inactive|Battle timer is ON: inactive players will automatically lose when time's up. (requested by ILoveAdaWong22)
|c|☆mach95a113|Good luck!
|inactive|mach95a113 has 120 seconds left.
|
|t:|1757913128
|teamsize|p1|6
|teamsize|p2|6
|start
|switch|p1a: Grimmsnarl|Grimmsnarl, M|100/100
|switch|p2a: Weretiger|Landorus-Therian, M|100/100
|-ability|p2a: Weretiger|Intimidate|boost
|-unboost|p1a: Grimmsnarl|atk|1
|turn|1
|c|☆ILoveAdaWong22|gl
|inactive|ILoveAdaWong22 has 120 seconds left.
|
|t:|1757913172
|move|p1a: Grimmsnarl|Taunt|p2a: Weretiger
|-start|p2a: Weretiger|move: Taunt
|cant|p2a: Weretiger|move: Taunt|Taunt
|
|upkeep
|turn|2
|
|t:|1757913179
|switch|p1a: Hydreigon|Hydreigon, M, shiny|100/100
|move|p2a: Weretiger|U-turn|p1a: Hydreigon
|-supereffective|p1a: Hydreigon
|-damage|p1a: Hydreigon|51/100
|
|t:|1757913191
|switch|p2a: Thundurus|Thundurus-Therian, M|100/100|[from] U-turn
|
|-heal|p1a: Hydreigon|57/100|[from] item: Leftovers
|upkeep
|turn|3
|
|t:|1757913199
|move|p2a: Thundurus|Volt Switch|p1a: Hydreigon
|-resisted|p1a: Hydreigon
|-damage|p1a: Hydreigon|34/100
|
|t:|1757913207
|switch|p2a: Weretiger|Landorus-Therian, M|100/100|[from] Volt Switch
|-ability|p2a: Weretiger|Intimidate|boost
|-unboost|p1a: Hydreigon|atk|1
|move|p1a: Hydreigon|Stealth Rock|p2a: Weretiger
|-sidestart|p2: mach95a113|move: Stealth Rock
|
|-heal|p1a: Hydreigon|40/100|[from] item: Leftovers
|upkeep
|turn|4
|
|t:|1757913224
|switch|p1a: Pecharunt|Pecharunt|100/100
|move|p2a: Weretiger|U-turn|p1a: Pecharunt
|-resisted|p1a: Pecharunt
|-damage|p1a: Pecharunt|97/100
|
|t:|1757913234
|switch|p2a: Samiroth|Samurott-Hisui, F, shiny|100/100|[from] U-turn
|-damage|p2a: Samiroth|88/100|[from] Stealth Rock
|
|upkeep
|turn|5
|
|t:|1757913241
|move|p2a: Samiroth|Flip Turn|p1a: Pecharunt
|-damage|p1a: Pecharunt|80/100
|
|t:|1757913245
|switch|p2a: The Wingsmould|Pecharunt|100/100|[from] Flip Turn
|-damage|p2a: The Wingsmould|88/100|[from] Stealth Rock
|-item|p2a: The Wingsmould|Air Balloon
|move|p1a: Pecharunt|Malignant Chain|p2a: The Wingsmould
|-resisted|p2a: The Wingsmould
|-damage|p2a: The Wingsmould|80/100
|-enditem|p2a: The Wingsmould|Air Balloon
|
|upkeep
|turn|6
|
|t:|1757913254
|move|p1a: Pecharunt|Shadow Ball|p2a: The Wingsmould
|-supereffective|p2a: The Wingsmould
|-damage|p2a: The Wingsmould|25/100
|-unboost|p2a: The Wingsmould|spd|1
|move|p2a: The Wingsmould|Shadow Ball|p1a: Pecharunt
|-supereffective|p1a: Pecharunt
|-damage|p1a: Pecharunt|50/100
|
|upkeep
|turn|7
|inactive|mach95a113 has 120 seconds left.
|
|t:|1757913296
|move|p1a: Pecharunt|Shadow Ball|p2a: The Wingsmould
|-supereffective|p2a: The Wingsmould
|-damage|p2a: The Wingsmould|0 fnt
|faint|p2a: The Wingsmould
|
|upkeep
|
|t:|1757913303
|switch|p2a: Samiroth|Samurott-Hisui, F, shiny|88/100
|-damage|p2a: Samiroth|76/100|[from] Stealth Rock
|turn|8
|
|t:|1757913308
|move|p2a: Samiroth|Ceaseless Edge|p1a: Pecharunt
|-supereffective|p1a: Pecharunt
|-damage|p1a: Pecharunt|0 fnt
|-sidestart|p1: ILoveAdaWong22|Spikes
|faint|p1a: Pecharunt
|
|upkeep
|
|t:|1757913313
|switch|p1a: Grimmsnarl|Grimmsnarl, M|100/100
|-damage|p1a: Grimmsnarl|88/100|[from] Spikes
|turn|9
|
|t:|1757913321
|move|p2a: Samiroth|Knock Off|p1a: Grimmsnarl
|-resisted|p1a: Grimmsnarl
|-damage|p1a: Grimmsnarl|74/100
|-enditem|p1a: Grimmsnarl|Leftovers|[from] move: Knock Off|[of] p2a: Samiroth
|move|p1a: Grimmsnarl|Spirit Break|p2a: Samiroth
|-supereffective|p2a: Samiroth
|-damage|p2a: Samiroth|0 fnt
|faint|p2a: Samiroth
|
|upkeep
|inactive|mach95a113 has 120 seconds left.
|
|t:|1757913342
|switch|p2a: Weretiger|Landorus-Therian, M|100/100
|-damage|p2a: Weretiger|88/100|[from] Stealth Rock
|-ability|p2a: Weretiger|Intimidate|boost
|-unboost|p1a: Grimmsnarl|atk|1
|turn|10
|
|t:|1757913349
|move|p1a: Grimmsnarl|Taunt|p2a: Weretiger
|-start|p2a: Weretiger|move: Taunt
|move|p2a: Weretiger|U-turn|p1a: Grimmsnarl
|-damage|p1a: Grimmsnarl|49/100
|
|t:|1757913356
|switch|p2a: Omega|Dragapult, M|100/100|[from] U-turn
|
|upkeep
|turn|11
|
|t:|1757913362
|move|p1a: Grimmsnarl|Sucker Punch|p2a: Omega
|-supereffective|p2a: Omega
|-damage|p2a: Omega|32/100
|move|p2a: Omega|U-turn|p1a: Grimmsnarl
|-damage|p1a: Grimmsnarl|15/100
|
|t:|1757913367
|switch|p2a: Weretiger|Landorus-Therian, M|88/100|[from] U-turn
|-damage|p2a: Weretiger|76/100|[from] Stealth Rock
|-ability|p2a: Weretiger|Intimidate|boost
|-unboost|p1a: Grimmsnarl|atk|1
|
|upkeep
|turn|12
|
|t:|1757913376
|switch|p1a: Alomomola|Alomomola, M|100/100
|-damage|p1a: Alomomola|88/100|[from] Spikes
|move|p2a: Weretiger|U-turn|p1a: Alomomola
|-damage|p1a: Alomomola|76/100
|
|t:|1757913384
|switch|p2a: Thundurus|Thundurus-Therian, M|100/100|[from] U-turn
|-damage|p2a: Thundurus|76/100|[from] Stealth Rock
|
|-heal|p1a: Alomomola|82/100|[from] item: Leftovers
|upkeep
|turn|13
|
|t:|1757913398
|switch|p2a: Weretiger|Landorus-Therian, M|76/100
|-damage|p2a: Weretiger|63/100|[from] Stealth Rock
|-ability|p2a: Weretiger|Intimidate|boost
|-unboost|p1a: Alomomola|atk|1
|move|p1a: Alomomola|Wish|p1a: Alomomola
|
|-heal|p1a: Alomomola|88/100|[from] item: Leftovers
|upkeep
|turn|14
|
|t:|1757913403
|switch|p1a: Hydreigon|Hydreigon, M, shiny|40/100
|move|p2a: Weretiger|Stealth Rock|p1a: Hydreigon
|-sidestart|p1: ILoveAdaWong22|move: Stealth Rock
|
|-heal|p1a: Hydreigon|100/100|[from] move: Wish|[wisher] Alomomola
|upkeep
|turn|15
|
|t:|1757913415
|move|p2a: Weretiger|U-turn|p1a: Hydreigon
|-supereffective|p1a: Hydreigon
|-damage|p1a: Hydreigon|52/100
|
|t:|1757913429
|switch|p2a: Thundurus|Thundurus-Therian, M|76/100|[from] U-turn
|-damage|p2a: Thundurus|51/100|[from] Stealth Rock
|move|p1a: Hydreigon|Draco Meteor|p2a: Thundurus
|-damage|p2a: Thundurus|0 fnt
|-unboost|p1a: Hydreigon|spa|2
|faint|p2a: Thundurus
|
|-heal|p1a: Hydreigon|58/100|[from] item: Leftovers
|upkeep
|
|t:|1757913440
|switch|p2a: Weretiger|Landorus-Therian, M|63/100
|-damage|p2a: Weretiger|51/100|[from] Stealth Rock
|-ability|p2a: Weretiger|Intimidate|boost
|-unboost|p1a: Hydreigon|atk|1
|turn|16
|inactive|ILoveAdaWong22 has 120 seconds left.
|
|t:|1757913473
|switch|p1a: Alomomola|Alomomola, M|100/100
|-damage|p1a: Alomomola|88/100|[from] Spikes
|-damage|p1a: Alomomola|76/100|[from] Stealth Rock
|move|p2a: Weretiger|U-turn|p1a: Alomomola
|-damage|p1a: Alomomola|64/100
|
|t:|1757913502
|switch|p2a: Omega|Dragapult, M|32/100|[from] U-turn
|
|-heal|p1a: Alomomola|71/100|[from] item: Leftovers
|upkeep
|turn|17
|
|t:|1757913515
|move|p2a: Omega|Dragon Darts|p1a: Alomomola
|-damage|p1a: Alomomola|55/100
|-anim|p2a: Omega|Dragon Darts|p1a: Alomomola
|-damage|p1a: Alomomola|39/100
|move|p1a: Alomomola|Wish|p1a: Alomomola
|
|-heal|p1a: Alomomola|45/100|[from] item: Leftovers
|upkeep
|turn|18
|inactive|mach95a113 has 120 seconds left.
|
|t:|1757913532
|move|p2a: Omega|Phantom Force||[still]
|-prepare|p2a: Omega|Phantom Force
|move|p1a: Alomomola|Scald|p2a: Omega|[miss]
|-miss|p1a: Alomomola|p2a: Omega
|
|-heal|p1a: Alomomola|95/100|[from] move: Wish|[wisher] Alomomola
|-heal|p1a: Alomomola|100/100|[from] item: Leftovers
|upkeep
|turn|19
|
|t:|1757913542
|move|p2a: Omega|Phantom Force|p1a: Alomomola|[from] lockedmove
|-damage|p1a: Alomomola|73/100
|move|p1a: Alomomola|Flip Turn|p2a: Omega
|-resisted|p2a: Omega
|-damage|p2a: Omega|21/100
|
|t:|1757913550
|switch|p1a: Iron Treads|Iron Treads|100/100|[from] Flip Turn
|-damage|p1a: Iron Treads|88/100|[from] Spikes
|-damage|p1a: Iron Treads|85/100|[from] Stealth Rock
|-enditem|p1a: Iron Treads|Booster Energy
|-activate|p1a: Iron Treads|ability: Quark Drive|[fromitem]
|-start|p1a: Iron Treads|quarkdrivespe
|
|upkeep
|turn|20
|
|t:|1757913559
|switch|p2a: Weretiger|Landorus-Therian, M|51/100
|-damage|p2a: Weretiger|39/100|[from] Stealth Rock
|-ability|p2a: Weretiger|Intimidate|boost
|-unboost|p1a: Iron Treads|atk|1
|move|p1a: Iron Treads|Ice Spinner|p2a: Weretiger
|-supereffective|p2a: Weretiger
|-damage|p2a: Weretiger|0 fnt
|-damage|p1a: Iron Treads|68/100|[from] item: Rocky Helmet|[of] p2a: Weretiger
|faint|p2a: Weretiger
|
|upkeep
|
|t:|1757913575
|switch|p2a: Soul of Cinder|Cinderace, F|100/100
|turn|21
|inactive|ILoveAdaWong22 has 120 seconds left.
|
|t:|1757913614
|move|p1a: Iron Treads|Rapid Spin|p2a: Soul of Cinder
|-damage|p2a: Soul of Cinder|86/100
|-boost|p1a: Iron Treads|spe|1
|-sideend|p1: ILoveAdaWong22|Spikes|[from] move: Rapid Spin|[of] p1a: Iron Treads
|-sideend|p1: ILoveAdaWong22|Stealth Rock|[from] move: Rapid Spin|[of] p1a: Iron Treads
|move|p2a: Soul of Cinder|Pyro Ball|p1a: Iron Treads
|-supereffective|p1a: Iron Treads
|-damage|p1a: Iron Treads|0 fnt
|faint|p1a: Iron Treads
|-end|p1a: Iron Treads|Quark Drive|[silent]
|
|upkeep
|
|t:|1757913620
|switch|p1a: Grimmsnarl|Grimmsnarl, M|15/100
|turn|22
|inactive|ILoveAdaWong22 has 120 seconds left.
|
|t:|1757913637
|move|p1a: Grimmsnarl|Thunder Wave|p2a: Soul of Cinder
|-status|p2a: Soul of Cinder|par
|move|p2a: Soul of Cinder|U-turn|p1a: Grimmsnarl
|-start|p2a: Soul of Cinder|typechange|Bug|[from] ability: Libero
|-crit|p1a: Grimmsnarl
|-damage|p1a: Grimmsnarl|0 fnt
|faint|p1a: Grimmsnarl
|
|t:|1757913645
|switch|p2a: Omega|Dragapult, M|21/100|[from] U-turn
|
|upkeep
|
|t:|1757913650
|switch|p1a: Hydreigon|Hydreigon, M, shiny|58/100
|turn|23
|
|t:|1757913659
|-terastallize|p1a: Hydreigon|Dark
|move|p2a: Omega|U-turn|p1a: Hydreigon
|-supereffective|p1a: Hydreigon
|-damage|p1a: Hydreigon|0 fnt
|faint|p1a: Hydreigon
|
|t:|1757913664
|switch|p2a: Soul of Cinder|Cinderace, F|86/100 par|[from] U-turn
|
|upkeep
|
|t:|1757913666
|switch|p1a: Alomomola|Alomomola, M|100/100
|turn|24
|
|t:|1757913672
|move|p2a: Soul of Cinder|Pyro Ball|p1a: Alomomola
|-resisted|p1a: Alomomola
|-damage|p1a: Alomomola|85/100
|move|p1a: Alomomola|Scald|p2a: Soul of Cinder
|-supereffective|p2a: Soul of Cinder
|-damage|p2a: Soul of Cinder|44/100 par
|
|-heal|p1a: Alomomola|92/100|[from] item: Leftovers
|upkeep
|turn|25
|
|t:|1757913683
|move|p2a: Soul of Cinder|High Jump Kick|p1a: Alomomola
|-start|p2a: Soul of Cinder|typechange|Fighting|[from] ability: Libero
|-damage|p1a: Alomomola|57/100
|move|p1a: Alomomola|Scald|p2a: Soul of Cinder
|-damage|p2a: Soul of Cinder|25/100 par
|
|-heal|p1a: Alomomola|63/100|[from] item: Leftovers
|upkeep
|turn|26
|
|t:|1757913694
|move|p2a: Soul of Cinder|Pyro Ball|p1a: Alomomola
|-resisted|p1a: Alomomola
|-damage|p1a: Alomomola|53/100
|move|p1a: Alomomola|Wish|p1a: Alomomola
|
|-heal|p1a: Alomomola|59/100|[from] item: Leftovers
|upkeep
|turn|27
|
|t:|1757913708
|move|p2a: Soul of Cinder|Pyro Ball|p1a: Alomomola
|-resisted|p1a: Alomomola
|-damage|p1a: Alomomola|49/100
|move|p1a: Alomomola|Scald|p2a: Soul of Cinder
|-damage|p2a: Soul of Cinder|6/100 par
|
|-heal|p1a: Alomomola|99/100|[from] move: Wish|[wisher] Alomomola
|-heal|p1a: Alomomola|100/100|[from] item: Leftovers
|upkeep
|turn|28
|
|t:|1757913719
|move|p2a: Soul of Cinder|Pyro Ball|p1a: Alomomola
|-resisted|p1a: Alomomola
|-damage|p1a: Alomomola|90/100
|move|p1a: Alomomola|Scald|p2a: Soul of Cinder
|-damage|p2a: Soul of Cinder|0 fnt
|faint|p2a: Soul of Cinder
|
|-heal|p1a: Alomomola|96/100|[from] item: Leftovers
|upkeep
|
|t:|1757913728
|switch|p2a: Omega|Dragapult, M|21/100
|turn|29
|
|t:|1757913738
|move|p2a: Omega|Dragon Dance|p2a: Omega
|-boost|p2a: Omega|atk|1
|-boost|p2a: Omega|spe|1
|move|p1a: Alomomola|Scald|p2a: Omega
|-resisted|p2a: Omega
|-damage|p2a: Omega|12/100
|
|-heal|p1a: Alomomola|100/100|[from] item: Leftovers
|upkeep
|turn|30
|
|t:|1757913748
|-terastallize|p2a: Omega|Dragon
|move|p2a: Omega|Dragon Darts|p1a: Alomomola
|-damage|p1a: Alomomola|70/100
|-anim|p2a: Omega|Dragon Darts|p1a: Alomomola
|-damage|p1a: Alomomola|42/100
|move|p1a: Alomomola|Scald|p2a: Omega
|-resisted|p2a: Omega
|-damage|p2a: Omega|2/100
|-status|p2a: Omega|brn
|
|-heal|p1a: Alomomola|48/100|[from] item: Leftovers
|-damage|p2a: Omega|0 fnt|[from] brn
|faint|p2a: Omega
|
|win|ILoveAdaWong22
|raw|ILoveAdaWong22's rating: 1201 &rarr; <strong>1222</strong><br />(+21 for winning)
|raw|mach95a113's rating: 1138 &rarr; <strong>1117</strong><br />(-21 for losing)
|c|☆mach95a113|Gg
|c|☆ILoveAdaWong22|gg
|l|☆ILoveAdaWong22
|player|p1|
