|j|☆Anime_Themes4DAYS
|j|☆ThatBrownBoy
|t:|1757946054
|gametype|singles
|player|p1|Anime_Themes4DAYS|2|1208
|player|p2|ThatBrownBoy|266|1234
|gen|9
|tier|[Gen 9] OU
|rated|
|rule|HP Percentage Mod: HP is shown in percentages
|rule|Endless Battle Clause: Forcing endless battles is banned
|rule|Species Clause: Limit one of each Pokémon
|rule|OHKO Clause: OHKO moves are banned
|rule|Evasion Items Clause: Evasion items are banned
|rule|Evasion Moves Clause: Evasion moves are banned
|rule|Evasion Abilities Clause: Evasion abilities are banned
|rule|Sleep Moves Clause: Sleep-inducing moves are banned
|clearpoke
|poke|p1|Blaziken, M|
|poke|p1|Metagross|
|poke|p1|Salamence, M|
|poke|p1|Crawdaunt, M|
|poke|p1|Gardevoir, F|
|poke|p1|Slaking, F|
|poke|p2|Ambipom, F|
|poke|p2|Grimmsnarl, M|
|poke|p2|Ursaluna, F|
|poke|p2|Dragonite, M|
|poke|p2|Zoroark-Hisui, M|
|poke|p2|Corviknight, F|
|teampreview
|inactive|Battle timer is ON: inactive players will automatically lose when time's up. (requested by ThatBrownBoy)
|inactive|Anime_Themes4DAYS also wants the timer to be on.
|
|t:|1757946062
|teamsize|p1|6
|teamsize|p2|6
|start
|switch|p1a: Endeavor|Blaziken, M, shiny|100/100
|switch|p2a: Ursaluna|Ursaluna, F, shiny|100/100
|turn|1
|
|t:|1757946071
|switch|p2a: Corviknight|Corviknight, F|100/100
|-ability|p2a: Corviknight|Pressure
|move|p1a: Endeavor|Substitute|p1a: Endeavor
|-start|p1a: Endeavor|Substitute
|-damage|p1a: Endeavor|76/100
|
|-heal|p1a: Endeavor|82/100|[from] item: Leftovers
|-ability|p1a: Endeavor|Speed Boost|boost
|-boost|p1a: Endeavor|spe|1
|upkeep
|turn|2
|
|t:|1757946081
|move|p1a: Endeavor|Swords Dance|p1a: Endeavor
|-boost|p1a: Endeavor|atk|2
|move|p2a: Corviknight|U-turn|p1a: Endeavor
|-resisted|p1a: Endeavor
|-activate|p1a: Endeavor|move: Substitute|[damage]
|
|t:|1757946087
|switch|p2a: Ambipom|Ambipom, F, shiny|100/100|[from] U-turn
|
|-heal|p1a: Endeavor|88/100|[from] item: Leftovers
|-ability|p1a: Endeavor|Speed Boost|boost
|-boost|p1a: Endeavor|spe|1
|upkeep
|turn|3
|
|t:|1757946104
|move|p1a: Endeavor|Swords Dance|p1a: Endeavor
|-boost|p1a: Endeavor|atk|2
|move|p2a: Ambipom|Hyper Voice|p1a: Endeavor
|-damage|p1a: Endeavor|17/100
|
|-heal|p1a: Endeavor|23/100|[from] item: Leftovers
|-ability|p1a: Endeavor|Speed Boost|boost
|-boost|p1a: Endeavor|spe|1
|upkeep
|turn|4
|
|t:|1757946115
|move|p1a: Endeavor|Blaze Kick|p2a: Ambipom
|-enditem|p2a: Ambipom|Focus Sash
|-damage|p2a: Ambipom|1/100
|replace|p2a: Zoroark|Zoroark-Hisui, M, shiny
|-end|p2a: Zoroark|Illusion
|move|p2a: Zoroark|Hyper Voice|p1a: Endeavor
|-damage|p1a: Endeavor|0 fnt
|faint|p1a: Endeavor
|
|upkeep
|
|t:|1757946127
|switch|p1a: Tatsuma|Salamence, M|100/100
|turn|5
|
|t:|1757946134
|switch|p2a: Grimmsnarl|Grimmsnarl, M, shiny|100/100
|move|p1a: Tatsuma|Dragon Dance|p1a: Tatsuma
|-boost|p1a: Tatsuma|atk|1
|-boost|p1a: Tatsuma|spe|1
|
|upkeep
|turn|6
|
|t:|1757946143
|move|p2a: Grimmsnarl|Fake Out|p1a: Tatsuma
|-damage|p1a: Tatsuma|81/100
|cant|p1a: Tatsuma|flinch
|
|upkeep
|turn|7
|
|t:|1757946147
|move|p2a: Grimmsnarl|Thunder Wave|p1a: Tatsuma
|-status|p1a: Tatsuma|par
|move|p1a: Tatsuma|Dual Wingbeat|p2a: Grimmsnarl
|-damage|p2a: Grimmsnarl|59/100
|-damage|p2a: Grimmsnarl|22/100
|-hitcount|p2a: Grimmsnarl|2
|
|upkeep
|turn|8
|
|t:|1757946157
|move|p2a: Grimmsnarl|Parting Shot|p1a: Tatsuma
|-unboost|p1a: Tatsuma|atk|1
|-unboost|p1a: Tatsuma|spa|1
|
|t:|1757946160
|switch|p2a: Corviknight|Corviknight, F|100/100|[from] Parting Shot
|-ability|p2a: Corviknight|Pressure
|cant|p1a: Tatsuma|par
|
|upkeep
|turn|9
|
|t:|1757946170
|move|p1a: Tatsuma|Dragon Rush|p2a: Corviknight
|-resisted|p2a: Corviknight
|-damage|p2a: Corviknight|84/100
|-damage|p1a: Tatsuma|65/100 par|[from] item: Rocky Helmet|[of] p2a: Corviknight
|move|p2a: Corviknight|Body Press|p1a: Tatsuma
|-resisted|p1a: Tatsuma
|-damage|p1a: Tatsuma|48/100 par
|
|upkeep
|turn|10
|
|t:|1757946181
|switch|p1a: Tetsutetsu|Metagross|100/100
|move|p2a: Corviknight|U-turn|p1a: Tetsutetsu
|-damage|p1a: Tetsutetsu|89/100
|
|t:|1757946188
|switch|p2a: Ursaluna|Ursaluna, F, shiny|100/100|[from] U-turn
|
|-status|p2a: Ursaluna|brn|[from] item: Flame Orb
|upkeep
|turn|11
|
|t:|1757946195
|move|p1a: Tetsutetsu|Meteor Mash|p2a: Ursaluna
|-damage|p2a: Ursaluna|61/100 brn
|-boost|p1a: Tetsutetsu|atk|1
|move|p2a: Ursaluna|Headlong Rush|p1a: Tetsutetsu
|-supereffective|p1a: Tetsutetsu
|-damage|p1a: Tetsutetsu|0 fnt
|-unboost|p2a: Ursaluna|def|1
|-unboost|p2a: Ursaluna|spd|1
|faint|p1a: Tetsutetsu
|
|-damage|p2a: Ursaluna|55/100 brn|[from] brn
|upkeep
|-message|Anime_Themes4DAYS forfeited.
|
|win|ThatBrownBoy
|raw|Anime_Themes4DAYS's rating: 1231 &rarr; <strong>1206</strong><br />(-25 for losing)
|raw|ThatBrownBoy's rating: 1234 &rarr; <strong>1259</strong><br />(+25 for winning)
|l|☆Anime_Themes4DAYS
|player|p1|
|l|☆ThatBrownBoy
|player|p2|
