|j|☆angel_demian
|j|☆james897_yt
|t:|1757914968
|gametype|singles
|player|p1|angel_demian|dawn-gen4pt|1086
|player|p2|james897_yt|cynthia|1132
|gen|9
|tier|[Gen 9] OU
|rated|
|rule|HP Percentage Mod: HP is shown in percentages
|rule|Endless Battle Clause: Forcing endless battles is banned
|rule|Species Clause: Limit one of each Pokémon
|rule|OHKO Clause: OHKO moves are banned
|rule|Evasion Items Clause: Evasion items are banned
|rule|Evasion Moves Clause: Evasion moves are banned
|rule|Evasion Abilities Clause: Evasion abilities are banned
|rule|Sleep Moves Clause: Sleep-inducing moves are banned
|clearpoke
|poke|p1|Quaquaval, M|
|poke|p1|Iron Valiant|
|poke|p1|Zoroark-Hisui, F|
|poke|p1|Delphox, F|
|poke|p1|Klefki, F|
|poke|p1|Noivern, F|
|poke|p2|Sandslash-Alola, F|
|poke|p2|Kyurem|
|poke|p2|Moltres|
|poke|p2|Zamazenta-*|
|poke|p2|Cetitan, M|
|poke|p2|Ninetales-Alola, F|
|teampreview
|inactive|Battle timer is ON: inactive players will automatically lose when time's up. (requested by james897_yt)
|
|t:|1757914980
|teamsize|p1|6
|teamsize|p2|6
|start
|switch|p1a: Suporte Supremo|Klefki, F|100/100
|switch|p2a: Ninetales|Ninetales-Alola, F|100/100
|-weather|Snowscape|[from] ability: Snow Warning|[of] p2a: Ninetales
|turn|1
|
|t:|1757914984
|move|p1a: Suporte Supremo|Light Screen|p1a: Suporte Supremo
|-sidestart|p1: angel_demian|move: Light Screen
|move|p2a: Ninetales|Aurora Veil|p2a: Ninetales
|-sidestart|p2: james897_yt|move: Aurora Veil
|
|-weather|Snowscape|[upkeep]
|upkeep
|turn|2
|
|t:|1757914985
|move|p1a: Suporte Supremo|Reflect|p1a: Suporte Supremo
|-sidestart|p1: angel_demian|Reflect
|move|p2a: Ninetales|Encore|p1a: Suporte Supremo
|-start|p1a: Suporte Supremo|Encore
|
|-weather|Snowscape|[upkeep]
|upkeep
|turn|3
|
|t:|1757914993
|switch|p2a: Moltres|Moltres|100/100
|move|p1a: Suporte Supremo|Reflect||[still]
|-fail|p1a: Suporte Supremo
|
|-weather|Snowscape|[upkeep]
|upkeep
|turn|4
|
|t:|1757914997
|switch|p1a: Trovão Armado|Noivern, F|100/100
|move|p2a: Moltres|Flamethrower|p1a: Trovão Armado
|-resisted|p1a: Trovão Armado
|-damage|p1a: Trovão Armado|84/100
|-status|p1a: Trovão Armado|brn
|
|-weather|Snowscape|[upkeep]
|-damage|p1a: Trovão Armado|78/100 brn|[from] brn
|upkeep
|turn|5
|
|t:|1757915000
|move|p1a: Trovão Armado|Tailwind|p1a: Trovão Armado
|-sidestart|p1: angel_demian|move: Tailwind
|move|p2a: Moltres|U-turn|p1a: Trovão Armado
|-resisted|p1a: Trovão Armado
|-damage|p1a: Trovão Armado|73/100 brn
|
|t:|1757915003
|switch|p2a: Cetitan|Cetitan, M, shiny|100/100|[from] U-turn
|
|-weather|Snowscape|[upkeep]
|-damage|p1a: Trovão Armado|67/100 brn|[from] brn
|-sideend|p2: james897_yt|move: Aurora Veil
|upkeep
|turn|6
|
|t:|1757915013
|switch|p1a: Carnaval|Quaquaval, M, shiny|100/100
|move|p2a: Cetitan|Belly Drum|p2a: Cetitan
|-damage|p2a: Cetitan|51/100
|-setboost|p2a: Cetitan|atk|6|[from] move: Belly Drum
|
|-weather|Snowscape|[upkeep]
|upkeep
|turn|7
|
|t:|1757915022
|-terastallize|p1a: Carnaval|Water
|-terastallize|p2a: Cetitan|Water
|move|p1a: Carnaval|Close Combat|p2a: Cetitan
|-damage|p2a: Cetitan|0 fnt
|-unboost|p1a: Carnaval|def|1
|-unboost|p1a: Carnaval|spd|1
|faint|p2a: Cetitan
|-ability|p1a: Carnaval|Moxie|boost
|-boost|p1a: Carnaval|atk|1
|
|-weather|Snowscape|[upkeep]
|upkeep
|
|t:|1757915038
|switch|p2a: Ninetales|Ninetales-Alola, F|100/100
|turn|8
|
|t:|1757915043
|move|p1a: Carnaval|Swords Dance|p1a: Carnaval
|-boost|p1a: Carnaval|atk|2
|move|p2a: Ninetales|Aurora Veil|p2a: Ninetales
|-sidestart|p2: james897_yt|move: Aurora Veil
|
|-weather|none
|-sideend|p1: angel_demian|move: Light Screen
|-sideend|p1: angel_demian|move: Tailwind
|upkeep
|turn|9
|
|t:|1757915048
|move|p2a: Ninetales|Encore|p1a: Carnaval
|-start|p1a: Carnaval|Encore
|move|p1a: Carnaval|Swords Dance|p1a: Carnaval
|-boost|p1a: Carnaval|atk|2
|
|-sideend|p1: angel_demian|Reflect
|upkeep
|turn|10
|
|t:|1757915057
|switch|p2a: Kyurem|Kyurem|100/100
|-ability|p2a: Kyurem|Pressure
|move|p1a: Carnaval|Swords Dance|p1a: Carnaval
|-boost|p1a: Carnaval|atk|1
|
|upkeep
|turn|11
|
|t:|1757915066
|move|p2a: Kyurem|Draco Meteor|p1a: Carnaval
|-damage|p1a: Carnaval|0 fnt
|-unboost|p2a: Kyurem|spa|2
|faint|p1a: Carnaval
|
|upkeep
|
|t:|1757915069
|switch|p1a: Power Ranger|Iron Valiant, shiny|100/100
|-enditem|p1a: Power Ranger|Booster Energy
|-activate|p1a: Power Ranger|ability: Quark Drive|[fromitem]
|-start|p1a: Power Ranger|quarkdrivespe
|turn|12
|
|t:|1757915073
|switch|p2a: Moltres|Moltres|100/100
|move|p1a: Power Ranger|Swords Dance|p1a: Power Ranger
|-boost|p1a: Power Ranger|atk|2
|
|-sideend|p2: james897_yt|move: Aurora Veil
|upkeep
|turn|13
|
|t:|1757915080
|move|p1a: Power Ranger|Spirit Break|p2a: Moltres
|-resisted|p2a: Moltres
|-damage|p2a: Moltres|56/100
|-unboost|p2a: Moltres|spa|1
|-status|p1a: Power Ranger|brn|[from] ability: Flame Body|[of] p2a: Moltres
|move|p2a: Moltres|Hurricane|p1a: Power Ranger
|-supereffective|p1a: Power Ranger
|-crit|p1a: Power Ranger
|-damage|p1a: Power Ranger|0 fnt
|faint|p1a: Power Ranger
|-end|p1a: Power Ranger|Quark Drive|[silent]
|
|upkeep
|
|t:|1757915083
|switch|p1a: Blair|Delphox, F, shiny|100/100
|turn|14
|
|t:|1757915088
|move|p1a: Blair|Nasty Plot|p1a: Blair
|-boost|p1a: Blair|spa|2
|move|p2a: Moltres|U-turn|p1a: Blair
|-resisted|p1a: Blair
|-damage|p1a: Blair|85/100
|replace|p1a: Inuyasha|Zoroark-Hisui, F, shiny
|-end|p1a: Inuyasha|Illusion
|
|t:|1757915091
|switch|p2a: Ninetales|Ninetales-Alola, F|100/100|[from] U-turn
|-weather|Snowscape|[from] ability: Snow Warning|[of] p2a: Ninetales
|
|-weather|Snowscape|[upkeep]
|upkeep
|turn|15
|
|t:|1757915105
|move|p1a: Inuyasha|Hyper Voice|p2a: Ninetales
|-damage|p2a: Ninetales|0 fnt
|faint|p2a: Ninetales
|
|-weather|Snowscape|[upkeep]
|upkeep
|
|t:|1757915109
|switch|p2a: Sandslash|Sandslash-Alola, F|100/100
|turn|16
|
|t:|1757915114
|move|p2a: Sandslash|Knock Off|p1a: Inuyasha
|-supereffective|p1a: Inuyasha
|-damage|p1a: Inuyasha|0 fnt
|-enditem|p1a: Inuyasha|Focus Sash|[from] move: Knock Off|[of] p2a: Sandslash
|faint|p1a: Inuyasha
|
|-weather|Snowscape|[upkeep]
|upkeep
|
|t:|1757915117
|switch|p1a: Blair|Delphox, F, shiny|100/100
|turn|17
|
|t:|1757915120
|move|p2a: Sandslash|Knock Off|p1a: Blair
|-supereffective|p1a: Blair
|-damage|p1a: Blair|0 fnt
|-enditem|p1a: Blair|Heavy-Duty Boots|[from] move: Knock Off|[of] p2a: Sandslash
|faint|p1a: Blair
|
|-weather|Snowscape|[upkeep]
|upkeep
|
|t:|1757915122
|switch|p1a: Suporte Supremo|Klefki, F|100/100
|turn|18
|
|t:|1757915126
|switch|p2a: Moltres|Moltres|56/100
|move|p1a: Suporte Supremo|Reflect|p1a: Suporte Supremo
|-sidestart|p1: angel_demian|Reflect
|
|-weather|Snowscape|[upkeep]
|upkeep
|turn|19
|
|t:|1757915128
|move|p1a: Suporte Supremo|Light Screen|p1a: Suporte Supremo
|-sidestart|p1: angel_demian|move: Light Screen
|move|p2a: Moltres|Flamethrower|p1a: Suporte Supremo
|-supereffective|p1a: Suporte Supremo
|-damage|p1a: Suporte Supremo|43/100
|
|-weather|Snowscape|[upkeep]
|upkeep
|turn|20
|
|t:|1757915129
|move|p1a: Suporte Supremo|Thunder Wave|p2a: Moltres
|-status|p2a: Moltres|par
|move|p2a: Moltres|Flamethrower|p1a: Suporte Supremo
|-supereffective|p1a: Suporte Supremo
|-damage|p1a: Suporte Supremo|0 fnt
|faint|p1a: Suporte Supremo
|
|-weather|Snowscape|[upkeep]
|upkeep
|
|t:|1757915132
|switch|p1a: Trovão Armado|Noivern, F|67/100 brn
|turn|21
|
|t:|1757915146
|move|p1a: Trovão Armado|Hurricane|p2a: Moltres
|-damage|p2a: Moltres|0 fnt
|faint|p2a: Moltres
|
|-weather|none
|-damage|p1a: Trovão Armado|61/100 brn|[from] brn
|upkeep
|
|t:|1757915148
|switch|p2a: Sandslash|Sandslash-Alola, F|100/100
|turn|22
|
|t:|1757915153
|move|p1a: Trovão Armado|Hurricane|p2a: Sandslash
|-resisted|p2a: Sandslash
|-damage|p2a: Sandslash|40/100
|move|p2a: Sandslash|Triple Axel|p1a: Trovão Armado
|-supereffective|p1a: Trovão Armado
|-damage|p1a: Trovão Armado|32/100 brn
|-supereffective|p1a: Trovão Armado
|-damage|p1a: Trovão Armado|0 fnt
|faint|p1a: Trovão Armado
|-hitcount|p1: Trovão Armado|2
|
|win|james897_yt
|raw|angel_demian's rating: 1086 &rarr; <strong>1066</strong><br />(-20 for losing)
|raw|james897_yt's rating: 1132 &rarr; <strong>1154</strong><br />(+22 for winning)
|l|☆james897_yt
|player|p2|
|l|☆angel_demian
|player|p1|
