|j|☆imnewstupidmeta
|j|☆edrenalinekick
|t:|1757926353
|gametype|singles
|player|p1|imnewstupidmeta|roxie|1337
|player|p2|edrenalinekick|266|1333
|gen|9
|tier|[Gen 9] OU
|rated|
|rule|HP Percentage Mod: HP is shown in percentages
|rule|Endless Battle Clause: Forcing endless battles is banned
|rule|Species Clause: Limit one of each Pokémon
|rule|OHKO Clause: OHKO moves are banned
|rule|Evasion Items Clause: Evasion items are banned
|rule|Evasion Moves Clause: Evasion moves are banned
|rule|Evasion Abilities Clause: Evasion abilities are banned
|rule|Sleep Moves Clause: Sleep-inducing moves are banned
|clearpoke
|poke|p1|Corviknight, F|
|poke|p1|Gliscor, F|
|poke|p1|Slowking-Galar, F|
|poke|p1|Clodsire, M|
|poke|p1|Skeledirge, M|
|poke|p1|Vaporeon, F|
|poke|p2|Great Tusk|
|poke|p2|Heatran, M|
|poke|p2|Weavile, M|
|poke|p2|Primarina, M|
|poke|p2|Ogerpon, F|
|poke|p2|Pecharunt|
|teampreview
|inactive|Battle timer is ON: inactive players will automatically lose when time's up. (requested by edrenalinekick)
|
|t:|1757926380
|teamsize|p1|6
|teamsize|p2|6
|start
|switch|p1a: Slowking|Slowking-Galar, F|100/100
|switch|p2a: Bandit|Weavile, M, shiny|100/100
|-ability|p2a: Bandit|Pressure
|turn|1
|
|t:|1757926403
|switch|p1a: Vaporeon|Vaporeon, F, shiny|100/100
|move|p2a: Bandit|Knock Off|p1a: Vaporeon
|-damage|p1a: Vaporeon|48/100
|-enditem|p1a: Vaporeon|Leftovers|[from] move: Knock Off|[of] p2a: Bandit
|
|upkeep
|turn|2
|
|t:|1757926422
|switch|p2a: Celestine|Primarina, M, shiny|100/100
|move|p1a: Vaporeon|Wish|p1a: Vaporeon
|
|upkeep
|turn|3
|
|t:|1757926435
|move|p1a: Vaporeon|Scald|p2a: Celestine
|-resisted|p2a: Celestine
|-damage|p2a: Celestine|93/100
|move|p2a: Celestine|Whirlpool|p1a: Vaporeon
|-heal|p1a: Vaporeon|73/100|[from] ability: Water Absorb|[of] p2a: Celestine
|
|-heal|p1a: Vaporeon|100/100|[from] move: Wish|[wisher] Vaporeon
|upkeep
|turn|4
|inactive|imnewstupidmeta has 120 seconds left.
|
|t:|1757926451
|switch|p1a: Gliscor|Gliscor, F, shiny|100/100
|switch|p2a: Overseer|Pecharunt|100/100
|
|-status|p1a: Gliscor|tox|[from] item: Toxic Orb
|upkeep
|turn|5
|inactive|imnewstupidmeta has 120 seconds left.
|
|t:|1757926461
|move|p1a: Gliscor|Substitute|p1a: Gliscor
|-start|p1a: Gliscor|Substitute
|-damage|p1a: Gliscor|76/100 tox
|move|p2a: Overseer|Shadow Ball|p1a: Gliscor
|-end|p1a: Gliscor|Substitute
|
|-heal|p1a: Gliscor|88/100 tox|[from] ability: Poison Heal
|upkeep
|turn|6
|
|t:|1757926471
|switch|p2a: Chaos|Heatran, M, shiny|100/100
|-item|p2a: Chaos|Air Balloon
|move|p1a: Gliscor|Protect||[still]
|-fail|p1a: Gliscor
|
|-heal|p1a: Gliscor|100/100 tox|[from] ability: Poison Heal
|upkeep
|turn|7
|
|t:|1757926485
|switch|p1a: Clodsire|Clodsire, M|100/100
|move|p2a: Chaos|Stealth Rock|p1a: Clodsire
|-sidestart|p1: imnewstupidmeta|move: Stealth Rock
|
|upkeep
|turn|8
|
|t:|1757926495
|move|p2a: Chaos|Earth Power|p1a: Clodsire
|-supereffective|p1a: Clodsire
|-damage|p1a: Clodsire|67/100
|move|p1a: Clodsire|Stealth Rock|p2a: Chaos
|-sidestart|p2: edrenalinekick|move: Stealth Rock
|
|-heal|p1a: Clodsire|74/100|[from] item: Leftovers
|upkeep
|turn|9
|
|t:|1757926501
|move|p2a: Chaos|Earth Power|p1a: Clodsire
|-supereffective|p1a: Clodsire
|-damage|p1a: Clodsire|40/100
|move|p1a: Clodsire|Amnesia|p1a: Clodsire
|-boost|p1a: Clodsire|spd|2
|
|-heal|p1a: Clodsire|47/100|[from] item: Leftovers
|upkeep
|turn|10
|
|t:|1757926508
|move|p2a: Chaos|Taunt|p1a: Clodsire
|-start|p1a: Clodsire|move: Taunt
|cant|p1a: Clodsire|move: Taunt|Recover
|
|-heal|p1a: Clodsire|53/100|[from] item: Leftovers
|upkeep
|turn|11
|
|t:|1757926523
|switch|p2a: Behemoth|Great Tusk, shiny|100/100
|switch|p1a: Vaporeon|Vaporeon, F, shiny|100/100
|-damage|p1a: Vaporeon|88/100|[from] Stealth Rock
|
|upkeep
|turn|12
|
|t:|1757926530
|move|p2a: Behemoth|Rapid Spin|p1a: Vaporeon
|-damage|p1a: Vaporeon|76/100
|-boost|p2a: Behemoth|spe|1
|-sideend|p2: edrenalinekick|Stealth Rock|[from] move: Rapid Spin|[of] p2a: Behemoth
|move|p1a: Vaporeon|Whirlpool|p2a: Behemoth
|-supereffective|p2a: Behemoth
|-damage|p2a: Behemoth|60/100
|-activate|p2a: Behemoth|move: Whirlpool|[of] p1a: Vaporeon
|
|-damage|p2a: Behemoth|48/100|[from] move: Whirlpool|[partiallytrapped]
|upkeep
|turn|13
|
|t:|1757926544
|move|p1a: Vaporeon|Protect|p1a: Vaporeon
|-singleturn|p1a: Vaporeon|Protect
|move|p2a: Behemoth|Headlong Rush|p1a: Vaporeon
|-activate|p1a: Vaporeon|move: Protect
|
|-damage|p2a: Behemoth|35/100|[from] move: Whirlpool|[partiallytrapped]
|upkeep
|turn|14
|
|t:|1757926552
|move|p2a: Behemoth|Headlong Rush|p1a: Vaporeon
|-damage|p1a: Vaporeon|29/100
|-unboost|p2a: Behemoth|def|1
|-unboost|p2a: Behemoth|spd|1
|move|p1a: Vaporeon|Wish|p1a: Vaporeon
|
|-damage|p2a: Behemoth|23/100|[from] move: Whirlpool|[partiallytrapped]
|upkeep
|turn|15
|
|t:|1757926562
|move|p1a: Vaporeon|Protect|p1a: Vaporeon
|-singleturn|p1a: Vaporeon|Protect
|move|p2a: Behemoth|Headlong Rush|p1a: Vaporeon
|-activate|p1a: Vaporeon|move: Protect
|
|-heal|p1a: Vaporeon|79/100|[from] move: Wish|[wisher] Vaporeon
|-damage|p2a: Behemoth|10/100|[from] move: Whirlpool|[partiallytrapped]
|upkeep
|turn|16
|
|t:|1757926572
|move|p2a: Behemoth|Headlong Rush|p1a: Vaporeon
|-crit|p1a: Vaporeon
|-damage|p1a: Vaporeon|13/100
|-unboost|p2a: Behemoth|def|1
|-unboost|p2a: Behemoth|spd|1
|move|p1a: Vaporeon|Wish|p1a: Vaporeon
|
|-damage|p2a: Behemoth|0 fnt|[from] move: Whirlpool|[partiallytrapped]
|faint|p2a: Behemoth
|-end|p2a: Behemoth|Protosynthesis|[silent]
|upkeep
|
|t:|1757926580
|switch|p2a: Anonymous|Ogerpon, F|100/100
|turn|17
|
|t:|1757926593
|switch|p1a: Clodsire|Clodsire, M|53/100
|-damage|p1a: Clodsire|47/100|[from] Stealth Rock
|move|p2a: Anonymous|Ivy Cudgel|p1a: Clodsire
|-damage|p1a: Clodsire|0 fnt
|faint|p1a: Clodsire
|
|upkeep
|
|t:|1757926610
|switch|p1a: Skeledirge|Skeledirge, M, shiny|100/100
|turn|18
|
|t:|1757926615
|switch|p2a: Celestine|Primarina, M, shiny|93/100
|move|p1a: Skeledirge|Will-O-Wisp|p2a: Celestine|[miss]
|-miss|p1a: Skeledirge|p2a: Celestine
|
|upkeep
|turn|19
|
|t:|1757926621
|switch|p1a: Corviknight|Corviknight, F, shiny|100/100
|-damage|p1a: Corviknight|88/100|[from] Stealth Rock
|-ability|p1a: Corviknight|Pressure
|move|p2a: Celestine|Whirlpool|p1a: Corviknight
|-damage|p1a: Corviknight|70/100
|-activate|p1a: Corviknight|move: Whirlpool|[of] p2a: Celestine
|
|-heal|p1a: Corviknight|76/100|[from] item: Leftovers
|-damage|p1a: Corviknight|63/100|[from] move: Whirlpool|[partiallytrapped]
|upkeep
|turn|20
|
|t:|1757926631
|move|p1a: Corviknight|U-turn|p2a: Celestine
|-resisted|p2a: Celestine
|-damage|p2a: Celestine|84/100
|
|t:|1757926634
|switch|p1a: Vaporeon|Vaporeon, F, shiny|13/100|[from] U-turn
|-damage|p1a: Vaporeon|1/100|[from] Stealth Rock
|move|p2a: Celestine|Psychic Noise|p1a: Vaporeon
|-heal|p1a: Vaporeon|26/100|[from] ability: Water Absorb|[of] p2a: Celestine
|
|upkeep
|turn|21
|
|t:|1757926651
|switch|p2a: Anonymous|Ogerpon, F|100/100
|move|p1a: Vaporeon|Wish|p1a: Vaporeon
|
|upkeep
|turn|22
|
|t:|1757926657
|move|p1a: Vaporeon|Protect|p1a: Vaporeon
|-singleturn|p1a: Vaporeon|Protect
|move|p2a: Anonymous|Knock Off|p1a: Vaporeon
|-activate|p1a: Vaporeon|move: Protect
|
|-heal|p1a: Vaporeon|76/100|[from] move: Wish|[wisher] Vaporeon
|upkeep
|turn|23
|
|t:|1757926667
|switch|p1a: Slowking|Slowking-Galar, F|100/100
|-damage|p1a: Slowking|88/100|[from] Stealth Rock
|move|p2a: Anonymous|Knock Off|p1a: Slowking
|-supereffective|p1a: Slowking
|-damage|p1a: Slowking|0 fnt
|-enditem|p1a: Slowking|Choice Scarf|[from] move: Knock Off|[of] p2a: Anonymous
|faint|p1a: Slowking
|
|upkeep
|
|t:|1757926676
|switch|p1a: Gliscor|Gliscor, F, shiny|100/100 tox
|-damage|p1a: Gliscor|88/100 tox|[from] Stealth Rock
|turn|24
|
|t:|1757926681
|switch|p2a: Chaos|Heatran, M, shiny|100/100
|-item|p2a: Chaos|Air Balloon
|move|p1a: Gliscor|Substitute|p1a: Gliscor
|-start|p1a: Gliscor|Substitute
|-damage|p1a: Gliscor|63/100 tox
|
|-heal|p1a: Gliscor|76/100 tox|[from] ability: Poison Heal
|upkeep
|turn|25
|
|t:|1757926690
|move|p1a: Gliscor|Protect|p1a: Gliscor
|-singleturn|p1a: Gliscor|Protect
|move|p2a: Chaos|Magma Storm|p1a: Gliscor
|-activate|p1a: Gliscor|move: Protect
|
|-heal|p1a: Gliscor|88/100 tox|[from] ability: Poison Heal
|upkeep
|turn|26
|
|t:|1757926699
|move|p2a: Chaos|Magma Storm|p1a: Gliscor|[miss]
|-miss|p2a: Chaos|p1a: Gliscor
|move|p1a: Gliscor|Knock Off|p2a: Chaos
|-damage|p2a: Chaos|79/100
|-enditem|p2a: Chaos|Air Balloon
|
|-heal|p1a: Gliscor|100/100 tox|[from] ability: Poison Heal
|upkeep
|turn|27
|
|t:|1757926722
|switch|p2a: Celestine|Primarina, M, shiny|84/100
|move|p1a: Gliscor|Knock Off|p2a: Celestine
|-resisted|p2a: Celestine
|-crit|p2a: Celestine
|-damage|p2a: Celestine|66/100
|-enditem|p2a: Celestine|Assault Vest|[from] move: Knock Off|[of] p1a: Gliscor
|
|upkeep
|turn|28
|
|t:|1757926730
|move|p1a: Gliscor|Toxic|p2a: Celestine
|-status|p2a: Celestine|tox
|move|p2a: Celestine|Psychic Noise|p1a: Gliscor
|-supereffective|p1a: Gliscor
|-damage|p1a: Gliscor|0 fnt
|faint|p1a: Gliscor
|
|-damage|p2a: Celestine|59/100 tox|[from] psn
|upkeep
|
|t:|1757926740
|switch|p1a: Skeledirge|Skeledirge, M, shiny|100/100
|turn|29
|
|t:|1757926747
|move|p1a: Skeledirge|Protect|p1a: Skeledirge
|-singleturn|p1a: Skeledirge|Protect
|move|p2a: Celestine|Psychic Noise|p1a: Skeledirge
|-activate|p1a: Skeledirge|move: Protect
|
|-damage|p2a: Celestine|47/100 tox|[from] psn
|upkeep
|turn|30
|
|t:|1757926755
|switch|p1a: Vaporeon|Vaporeon, F, shiny|76/100
|-damage|p1a: Vaporeon|63/100|[from] Stealth Rock
|move|p2a: Celestine|Moonblast|p1a: Vaporeon
|-damage|p1a: Vaporeon|25/100
|
|-damage|p2a: Celestine|29/100 tox|[from] psn
|upkeep
|turn|31
|
|t:|1757926764
|move|p1a: Vaporeon|Wish|p1a: Vaporeon
|move|p2a: Celestine|Moonblast|p1a: Vaporeon
|-damage|p1a: Vaporeon|0 fnt
|faint|p1a: Vaporeon
|
|-damage|p2a: Celestine|5/100 tox|[from] psn
|upkeep
|
|t:|1757926771
|switch|p1a: Corviknight|Corviknight, F, shiny|63/100
|-damage|p1a: Corviknight|51/100|[from] Stealth Rock
|-ability|p1a: Corviknight|Pressure
|turn|32
|
|t:|1757926775
|move|p1a: Corviknight|Protect|p1a: Corviknight
|-singleturn|p1a: Corviknight|Protect
|move|p2a: Celestine|Psychic Noise|p1a: Corviknight
|-activate|p1a: Corviknight|move: Protect
|
|-heal|p1a: Corviknight|100/100|[from] move: Wish|[wisher] Vaporeon
|-damage|p2a: Celestine|0 fnt|[from] psn
|faint|p2a: Celestine
|upkeep
|
|t:|1757926785
|switch|p2a: Chaos|Heatran, M, shiny|79/100
|turn|33
|
|t:|1757926793
|switch|p1a: Skeledirge|Skeledirge, M, shiny|100/100
|move|p2a: Chaos|Magma Storm|p1a: Skeledirge
|-resisted|p1a: Skeledirge
|-damage|p1a: Skeledirge|83/100
|-activate|p1a: Skeledirge|move: Magma Storm|[of] p2a: Chaos
|
|-damage|p1a: Skeledirge|71/100|[from] move: Magma Storm|[partiallytrapped]
|upkeep
|turn|34
|
|t:|1757926803
|-terastallize|p1a: Skeledirge|Water
|move|p2a: Chaos|Earth Power|p1a: Skeledirge
|-damage|p1a: Skeledirge|46/100
|-unboost|p1a: Skeledirge|spd|1
|move|p1a: Skeledirge|Torch Song|p2a: Chaos
|-start|p2a: Chaos|ability: Flash Fire
|
|-damage|p1a: Skeledirge|34/100|[from] move: Magma Storm|[partiallytrapped]
|upkeep
|turn|35
|-message|imnewstupidmeta forfeited.
|
|win|edrenalinekick
|raw|imnewstupidmeta's rating: 1337 &rarr; <strong>1317</strong><br />(-20 for losing)
|raw|edrenalinekick's rating: 1333 &rarr; <strong>1353</strong><br />(+20 for winning)
|l|☆imnewstupidmeta
|player|p1|
