|j|☆NoxyOwl777
|j|☆Accwyn
|t:|1757903891
|gametype|singles
|player|p1|NoxyOwl777|pokemonrangerf|
|player|p2|Accwyn|102|
|gen|9
|tier|[Gen 9] OU
|rule|HP Percentage Mod: HP is shown in percentages
|rule|Endless Battle Clause: Forcing endless battles is banned
|rule|Species Clause: Limit one of each Pokémon
|rule|OHKO Clause: OHKO moves are banned
|rule|Evasion Items Clause: Evasion items are banned
|rule|Evasion Moves Clause: Evasion moves are banned
|rule|Evasion Abilities Clause: Evasion abilities are banned
|rule|Sleep Moves Clause: Sleep-inducing moves are banned
|clearpoke
|poke|p1|Dragapult, F|
|poke|p1|Skeledirge, M|
|poke|p1|Tinkaton, F|
|poke|p1|Glimmora, F|
|poke|p1|Primarina, F|
|poke|p1|Meowscarada, F|
|poke|p2|Araquanid, F|
|poke|p2|Chimecho, M|
|poke|p2|Primarina, M|
|poke|p2|Zapdos|
|poke|p2|Pelipper, F|
|poke|p2|Clodsire, M|
|teampreview
|
|t:|1757903909
|teamsize|p1|6
|teamsize|p2|6
|start
|switch|p1a: pesca|Primarina, F|100/100
|switch|p2a: SquishSqeakyToy|Clodsire, M|100/100
|turn|1
|
|t:|1757903930
|move|p1a: pesca|Hydro Pump|p2a: SquishSqeakyToy
|-supereffective|p2a: SquishSqeakyToy
|-damage|p2a: SquishSqeakyToy|44/100
|move|p2a: SquishSqeakyToy|Poison Jab|p1a: pesca
|-supereffective|p1a: pesca
|-damage|p1a: pesca|51/100
|-damage|p2a: SquishSqeakyToy|28/100|[from] item: Rocky Helmet|[of] p1a: pesca
|
|-heal|p2a: SquishSqeakyToy|34/100|[from] item: Leftovers
|upkeep
|turn|2
|
|t:|1757903942
|switch|p2a: Princeps|Primarina, M|100/100
|-terastallize|p1a: pesca|Water
|move|p1a: pesca|Hydro Pump|p2a: Princeps
|-resisted|p2a: Princeps
|-damage|p2a: Princeps|70/100
|
|upkeep
|turn|3
|
|t:|1757903960
|switch|p1a: please work|Glimmora, F|100/100
|move|p2a: Princeps|Alluring Voice|p1a: please work
|-resisted|p1a: please work
|-damage|p1a: please work|71/100
|
|upkeep
|turn|4
|
|t:|1757903983
|switch|p2a: RingADingBaby|Chimecho, M|100/100
|move|p1a: please work|Toxic|p2a: RingADingBaby
|-status|p2a: RingADingBaby|tox
|
|-damage|p2a: RingADingBaby|94/100 tox|[from] psn
|upkeep
|turn|5
|
|t:|1757903996
|move|p1a: please work|Gunk Shot|p2a: RingADingBaby
|-damage|p2a: RingADingBaby|62/100 tox
|move|p2a: RingADingBaby|Thunder Wave|p1a: please work
|-status|p1a: please work|par
|
|-heal|p2a: RingADingBaby|68/100 tox|[from] item: Leftovers
|-damage|p2a: RingADingBaby|56/100 tox|[from] psn
|upkeep
|turn|6
|
|t:|1757904007
|switch|p2a: SquishSqeakyToy|Clodsire, M|34/100
|cant|p1a: please work|par
|
|-heal|p2a: SquishSqeakyToy|40/100|[from] item: Leftovers
|upkeep
|turn|7
|
|t:|1757904021
|switch|p1a: pesca|Primarina, F, tera:Water|51/100
|move|p2a: SquishSqeakyToy|Recover|p2a: SquishSqeakyToy
|-heal|p2a: SquishSqeakyToy|90/100
|
|-heal|p2a: SquishSqeakyToy|97/100|[from] item: Leftovers
|upkeep
|turn|8
|
|t:|1757904044
|switch|p2a: RingADingBaby|Chimecho, M|56/100 tox
|move|p1a: pesca|Hydro Pump|p2a: RingADingBaby
|-damage|p2a: RingADingBaby|0 fnt
|faint|p2a: RingADingBaby
|
|upkeep
|
|t:|1757904045
|switch|p2a: TooManyPolygons|Zapdos|100/100
|turn|9
|
|t:|1757904077
|move|p2a: TooManyPolygons|Volt Switch|p1a: pesca
|-supereffective|p1a: pesca
|-damage|p1a: pesca|0 fnt
|faint|p1a: pesca
|
|t:|1757904103
|switch|p2a: Quak|Pelipper, F|100/100|[from] Volt Switch
|-weather|RainDance|[from] ability: Drizzle|[of] p2a: Quak
|
|-weather|RainDance|[upkeep]
|upkeep
|
|t:|1757904108
|switch|p1a: hornt|Meowscarada, F|100/100
|turn|10
|
|t:|1757904114
|move|p1a: hornt|Flower Trick|p2a: Quak
|-crit|p2a: Quak
|-damage|p2a: Quak|64/100
|move|p2a: Quak|Hurricane|p1a: hornt
|-supereffective|p1a: hornt
|-damage|p1a: hornt|0 fnt
|faint|p1a: hornt
|
|-weather|RainDance|[upkeep]
|upkeep
|
|t:|1757904127
|switch|p1a: Black Bird|Dragapult, F|100/100
|turn|11
|
|t:|1757904150
|switch|p2a: SquishSqeakyToy|Clodsire, M|97/100
|move|p1a: Black Bird|Acrobatics|p2a: SquishSqeakyToy
|-damage|p2a: SquishSqeakyToy|57/100
|
|-weather|RainDance|[upkeep]
|-heal|p2a: SquishSqeakyToy|64/100|[from] item: Leftovers
|upkeep
|turn|12
|
|t:|1757904163
|move|p1a: Black Bird|Dragon Dance|p1a: Black Bird
|-boost|p1a: Black Bird|atk|1
|-boost|p1a: Black Bird|spe|1
|move|p2a: SquishSqeakyToy|Stealth Rock|p1a: Black Bird
|-sidestart|p1: NoxyOwl777|move: Stealth Rock
|
|-weather|RainDance|[upkeep]
|-heal|p2a: SquishSqeakyToy|70/100|[from] item: Leftovers
|upkeep
|turn|13
|
|t:|1757904183
|move|p1a: Black Bird|Dragon Dance|p1a: Black Bird
|-boost|p1a: Black Bird|atk|1
|-boost|p1a: Black Bird|spe|1
|move|p2a: SquishSqeakyToy|Earthquake|p1a: Black Bird
|-damage|p1a: Black Bird|56/100
|
|-weather|none
|-heal|p2a: SquishSqeakyToy|76/100|[from] item: Leftovers
|upkeep
|turn|14
|
|t:|1757904191
|move|p1a: Black Bird|Acrobatics|p2a: SquishSqeakyToy
|-damage|p2a: SquishSqeakyToy|42/100
|move|p2a: SquishSqeakyToy|Earthquake|p1a: Black Bird
|-damage|p1a: Black Bird|12/100
|
|-heal|p2a: SquishSqeakyToy|48/100|[from] item: Leftovers
|upkeep
|turn|15
|
|t:|1757904198
|move|p1a: Black Bird|Acrobatics|p2a: SquishSqeakyToy
|-damage|p2a: SquishSqeakyToy|14/100
|move|p2a: SquishSqeakyToy|Recover|p2a: SquishSqeakyToy
|-heal|p2a: SquishSqeakyToy|64/100
|
|-heal|p2a: SquishSqeakyToy|70/100|[from] item: Leftovers
|upkeep
|turn|16
|
|t:|1757904208
|switch|p1a: Pheonix Wright|Skeledirge, M|100/100
|-damage|p1a: Pheonix Wright|76/100|[from] Stealth Rock
|move|p2a: SquishSqeakyToy|Recover|p2a: SquishSqeakyToy
|-heal|p2a: SquishSqeakyToy|100/100
|
|upkeep
|turn|17
|
|t:|1757904225
|switch|p2a: TooManyPolygons|Zapdos|100/100
|move|p1a: Pheonix Wright|Will-O-Wisp|p2a: TooManyPolygons
|-status|p2a: TooManyPolygons|brn
|
|-damage|p2a: TooManyPolygons|94/100 brn|[from] brn
|upkeep
|turn|18
|
|t:|1757904233
|move|p2a: TooManyPolygons|Discharge|p1a: Pheonix Wright
|-damage|p1a: Pheonix Wright|32/100
|move|p1a: Pheonix Wright|Earthquake|p2a: TooManyPolygons
|-immune|p2a: TooManyPolygons
|
|-damage|p2a: TooManyPolygons|88/100 brn|[from] brn
|upkeep
|turn|19
|
|t:|1757904243
|switch|p1a: Death By Hammers|Tinkaton, F|100/100
|-damage|p1a: Death By Hammers|94/100|[from] Stealth Rock
|-ability|p1a: Death By Hammers|Mold Breaker
|move|p2a: TooManyPolygons|Discharge|p1a: Death By Hammers
|-damage|p1a: Death By Hammers|50/100
|
|-damage|p2a: TooManyPolygons|82/100 brn|[from] brn
|upkeep
|turn|20
|
|t:|1757904254
|move|p1a: Death By Hammers|Gigaton Hammer|p2a: TooManyPolygons
|-resisted|p2a: TooManyPolygons
|-damage|p2a: TooManyPolygons|48/100 brn
|move|p2a: TooManyPolygons|Discharge|p1a: Death By Hammers
|-damage|p1a: Death By Hammers|3/100
|-status|p1a: Death By Hammers|par
|
|-damage|p2a: TooManyPolygons|42/100 brn|[from] brn
|upkeep
|turn|21
|
|t:|1757904267
|move|p2a: TooManyPolygons|Discharge|p1a: Death By Hammers
|-damage|p1a: Death By Hammers|0 fnt
|faint|p1a: Death By Hammers
|
|-damage|p2a: TooManyPolygons|36/100 brn|[from] brn
|upkeep
|
|t:|1757904274
|switch|p1a: please work|Glimmora, F|71/100 par
|-damage|p1a: please work|58/100 par|[from] Stealth Rock
|turn|22
|
|t:|1757904279
|move|p2a: TooManyPolygons|Roost|p2a: TooManyPolygons
|-heal|p2a: TooManyPolygons|86/100 brn
|-singleturn|p2a: TooManyPolygons|move: Roost
|move|p1a: please work|Power Gem|p2a: TooManyPolygons
|-damage|p2a: TooManyPolygons|50/100 brn
|
|-damage|p2a: TooManyPolygons|44/100 brn|[from] brn
|upkeep
|turn|23
|
|t:|1757904287
|move|p2a: TooManyPolygons|Discharge|p1a: please work
|-damage|p1a: please work|18/100 par
|cant|p1a: please work|par
|
|-damage|p2a: TooManyPolygons|38/100 brn|[from] brn
|upkeep
|turn|24
|
|t:|1757904299
|move|p2a: TooManyPolygons|Discharge|p1a: please work
|-damage|p1a: please work|0 fnt
|faint|p1a: please work
|
|-damage|p2a: TooManyPolygons|32/100 brn|[from] brn
|upkeep
|
|t:|1757904304
|switch|p1a: Black Bird|Dragapult, F|12/100
|-damage|p1a: Black Bird|0 fnt|[from] Stealth Rock
|faint|p1a: Black Bird
|
|t:|1757904308
|switch|p1a: Pheonix Wright|Skeledirge, M|32/100
|-damage|p1a: Pheonix Wright|7/100|[from] Stealth Rock
|turn|25
|
|t:|1757904319
|move|p2a: TooManyPolygons|Roost|p2a: TooManyPolygons
|-heal|p2a: TooManyPolygons|82/100 brn
|-singleturn|p2a: TooManyPolygons|move: Roost
|move|p1a: Pheonix Wright|Torch Song|p2a: TooManyPolygons
|-damage|p2a: TooManyPolygons|14/100 brn
|-boost|p1a: Pheonix Wright|spa|1
|
|-damage|p2a: TooManyPolygons|8/100 brn|[from] brn
|upkeep
|turn|26
|
|t:|1757904330
|move|p2a: TooManyPolygons|Roost|p2a: TooManyPolygons
|-heal|p2a: TooManyPolygons|58/100 brn
|-singleturn|p2a: TooManyPolygons|move: Roost
|move|p1a: Pheonix Wright|Torch Song|p2a: TooManyPolygons
|-damage|p2a: TooManyPolygons|0 fnt
|-boost|p1a: Pheonix Wright|spa|1
|faint|p2a: TooManyPolygons
|
|upkeep
|
|t:|1757904332
|switch|p2a: That'sAFlea|Araquanid, F|100/100
|turn|27
|
|t:|1757904341
|move|p2a: That'sAFlea|Liquidation|p1a: Pheonix Wright
|-supereffective|p1a: Pheonix Wright
|-damage|p1a: Pheonix Wright|0 fnt
|faint|p1a: Pheonix Wright
|
|win|Accwyn
