|j|☆suzysleep
|j|☆kaever
|t:|1757916467
|gametype|singles
|player|p1|suzysleep|roxie|1224
|player|p2|kaever|2|1276
|gen|9
|tier|[Gen 9] OU
|rated|
|rule|HP Percentage Mod: HP is shown in percentages
|rule|Endless Battle Clause: Forcing endless battles is banned
|rule|Species Clause: Limit one of each Pokémon
|rule|OHKO Clause: OHKO moves are banned
|rule|Evasion Items Clause: Evasion items are banned
|rule|Evasion Moves Clause: Evasion moves are banned
|rule|Evasion Abilities Clause: Evasion abilities are banned
|rule|Sleep Moves Clause: Sleep-inducing moves are banned
|clearpoke
|poke|p1|Zoroark-Hisui, M|
|poke|p1|Gliscor, F|
|poke|p1|Zapdos|
|poke|p1|Great Tusk|
|poke|p1|Dragapult, F|
|poke|p1|Kingambit, F|
|poke|p2|Iron Thorns|
|poke|p2|Landorus-Therian, M|
|poke|p2|Araquanid, F|
|poke|p2|Hatterene, F|
|poke|p2|Ceruledge, F|
|poke|p2|Kyurem|
|teampreview
|inactive|Battle timer is ON: inactive players will automatically lose when time's up. (requested by kaever)
|inactive|suzysleep also wants the timer to be on.
|c|☆suzysleep|hf
|c|☆kaever|u2
|
|t:|1757916495
|teamsize|p1|6
|teamsize|p2|6
|start
|switch|p1a: Gliscor|Gliscor, F|100/100
|switch|p2a: Hatterene|Hatterene, F|100/100
|turn|1
|
|t:|1757916501
|move|p1a: Gliscor|Shadow Ball|p2a: Hatterene
|-supereffective|p2a: Hatterene
|-damage|p2a: Hatterene|0 fnt
|faint|p2a: Hatterene
|
|upkeep
|
|t:|1757916511
|switch|p2a: Araquanid|Araquanid, F|100/100
|turn|2
|
|t:|1757916517
|switch|p1a: Zapdos|Zapdos|100/100
|move|p2a: Araquanid|Sticky Web|p1a: Zapdos
|-sidestart|p1: suzysleep|move: Sticky Web
|
|upkeep
|turn|3
|
|t:|1757916523
|switch|p2a: Landorus|Landorus-Therian, M|100/100
|-ability|p2a: Landorus|Intimidate|boost
|-unboost|p1a: Zapdos|atk|1
|move|p1a: Zapdos|Hurricane|p2a: Landorus
|-damage|p2a: Landorus|35/100
|
|upkeep
|turn|4
|
|t:|1757916531
|move|p2a: Landorus|U-turn|p1a: Zapdos
|-resisted|p1a: Zapdos
|-damage|p1a: Zapdos|92/100
|-status|p2a: Landorus|par|[from] ability: Static|[of] p1a: Zapdos
|
|t:|1757916537
|switch|p2a: The THorn|Iron Thorns, shiny|100/100|[from] U-turn
|move|p1a: Zapdos|Hurricane|p2a: The THorn
|-resisted|p2a: The THorn
|-damage|p2a: The THorn|88/100
|
|upkeep
|turn|5
|
|t:|1757916547
|switch|p1a: Gliscor|Gliscor, F|100/100
|move|p2a: The THorn|Dragon Dance|p2a: The THorn
|-boost|p2a: The THorn|atk|1
|-boost|p2a: The THorn|spe|1
|
|-status|p1a: Gliscor|tox|[from] item: Toxic Orb
|upkeep
|turn|6
|inactive|kaever has 120 seconds left.
|
|t:|1757916579
|move|p1a: Gliscor|Protect|p1a: Gliscor
|-singleturn|p1a: Gliscor|Protect
|move|p2a: The THorn|Rock Blast|p1a: Gliscor
|-activate|p1a: Gliscor|move: Protect
|
|upkeep
|turn|7
|
|t:|1757916589
|move|p2a: The THorn|Rock Blast|p1a: Gliscor
|-damage|p1a: Gliscor|85/100 tox
|-damage|p1a: Gliscor|68/100 tox
|-damage|p1a: Gliscor|50/100 tox
|-damage|p1a: Gliscor|32/100 tox
|-damage|p1a: Gliscor|14/100 tox
|-hitcount|p1a: Gliscor|5
|move|p1a: Gliscor|Earthquake|p2a: The THorn
|-supereffective|p2a: The THorn
|-damage|p2a: The THorn|0 fnt
|faint|p2a: The THorn
|-end|p2a: The THorn|Quark Drive|[silent]
|
|-heal|p1a: Gliscor|26/100 tox|[from] ability: Poison Heal
|upkeep
|
|t:|1757916598
|switch|p2a: Kyurem|Kyurem|100/100
|-ability|p2a: Kyurem|Pressure
|turn|8
|
|t:|1757916614
|-terastallize|p1a: Gliscor|Water
|move|p2a: Kyurem|Dragon Dance|p2a: Kyurem
|-boost|p2a: Kyurem|atk|1
|-boost|p2a: Kyurem|spe|1
|move|p1a: Gliscor|Stealth Rock|p2a: Kyurem
|-sidestart|p2: kaever|move: Stealth Rock
|
|-heal|p1a: Gliscor|39/100 tox|[from] ability: Poison Heal
|upkeep
|turn|9
|
|t:|1757916625
|move|p1a: Gliscor|Protect|p1a: Gliscor
|-singleturn|p1a: Gliscor|Protect
|move|p2a: Kyurem|Icicle Spear|p1a: Gliscor
|-activate|p1a: Gliscor|move: Protect
|
|-heal|p1a: Gliscor|51/100 tox|[from] ability: Poison Heal
|upkeep
|turn|10
|
|t:|1757916630
|move|p2a: Kyurem|Scale Shot|p1a: Gliscor
|-damage|p1a: Gliscor|37/100 tox
|-damage|p1a: Gliscor|20/100 tox
|-damage|p1a: Gliscor|4/100 tox
|-damage|p1a: Gliscor|0 fnt
|faint|p1a: Gliscor
|-hitcount|p1: Gliscor|4
|-unboost|p2a: Kyurem|def|1
|-boost|p2a: Kyurem|spe|1
|
|upkeep
|
|t:|1757916635
|switch|p1a: Dragapult|Dragapult, F|100/100
|-activate|p1a: Dragapult|move: Sticky Web
|-unboost|p1a: Dragapult|spe|1
|turn|11
|
|t:|1757916644
|move|p2a: Kyurem|Icicle Spear|p1a: Dragapult
|-supereffective|p1a: Dragapult
|-damage|p1a: Dragapult|54/100
|-supereffective|p1a: Dragapult
|-damage|p1a: Dragapult|3/100
|-supereffective|p1a: Dragapult
|-damage|p1a: Dragapult|0 fnt
|faint|p1a: Dragapult
|-hitcount|p1: Dragapult|3
|
|upkeep
|
|t:|1757916651
|switch|p1a: Kingambit|Kingambit, F|100/100
|-activate|p1a: Kingambit|move: Sticky Web
|-unboost|p1a: Kingambit|spe|1
|-activate|p1a: Kingambit|ability: Supreme Overlord
|-start|p1a: Kingambit|fallen2|[silent]
|turn|12
|
|t:|1757916655
|-terastallize|p2a: Kyurem|Fire
|move|p2a: Kyurem|Tera Blast|p1a: Kingambit|[anim] Tera Blast Fire
|-supereffective|p1a: Kingambit
|-damage|p1a: Kingambit|12/100
|move|p1a: Kingambit|Low Kick|p2a: Kyurem
|-damage|p2a: Kyurem|15/100
|
|-heal|p1a: Kingambit|18/100|[from] item: Leftovers
|upkeep
|turn|13
|
|t:|1757916661
|move|p1a: Kingambit|Sucker Punch||[still]
|-fail|p1a: Kingambit
|move|p2a: Kyurem|Dragon Dance|p2a: Kyurem
|-boost|p2a: Kyurem|atk|1
|-boost|p2a: Kyurem|spe|1
|
|-heal|p1a: Kingambit|24/100|[from] item: Leftovers
|upkeep
|turn|14
|
|t:|1757916665
|move|p1a: Kingambit|Sucker Punch||[still]
|-fail|p1a: Kingambit
|move|p2a: Kyurem|Dragon Dance|p2a: Kyurem
|-boost|p2a: Kyurem|atk|1
|-boost|p2a: Kyurem|spe|1
|
|-heal|p1a: Kingambit|30/100|[from] item: Leftovers
|upkeep
|turn|15
|
|t:|1757916667
|move|p1a: Kingambit|Sucker Punch||[still]
|-fail|p1a: Kingambit
|move|p2a: Kyurem|Dragon Dance|p2a: Kyurem
|-boost|p2a: Kyurem|atk|1
|-boost|p2a: Kyurem|spe|1
|
|-heal|p1a: Kingambit|37/100|[from] item: Leftovers
|upkeep
|turn|16
|
|t:|1757916669
|move|p1a: Kingambit|Sucker Punch|p2a: Kyurem
|-damage|p2a: Kyurem|0 fnt
|faint|p2a: Kyurem
|
|-heal|p1a: Kingambit|43/100|[from] item: Leftovers
|upkeep
|
|t:|1757916673
|switch|p2a: Ceruledge|Ceruledge, F|100/100
|-damage|p2a: Ceruledge|76/100|[from] Stealth Rock
|turn|17
|c|☆suzysleep|lol
|c|☆suzysleep|wait
|c|☆suzysleep|fucking pressure
|
|t:|1757916685
|move|p2a: Ceruledge|Bulk Up|p2a: Ceruledge
|-boost|p2a: Ceruledge|atk|1
|-boost|p2a: Ceruledge|def|1
|move|p1a: Kingambit|Kowtow Cleave|p2a: Ceruledge
|-supereffective|p2a: Ceruledge
|-damage|p2a: Ceruledge|0 fnt
|faint|p2a: Ceruledge
|
|-heal|p1a: Kingambit|49/100|[from] item: Leftovers
|upkeep
|
|t:|1757916692
|switch|p2a: Araquanid|Araquanid, F|100/100
|-damage|p2a: Araquanid|75/100|[from] Stealth Rock
|turn|18
|
|t:|1757916696
|move|p2a: Araquanid|Endure|p2a: Araquanid
|-singleturn|p2a: Araquanid|move: Endure
|move|p1a: Kingambit|Kowtow Cleave|p2a: Araquanid
|-damage|p2a: Araquanid|18/100
|
|-heal|p1a: Kingambit|55/100|[from] item: Leftovers
|upkeep
|turn|19
|-enditem|p2a: Araquanid|Custap Berry|[eat]
|-activate|p2a: Araquanid|item: Custap Berry|[consumed]
|
|t:|1757916707
|-end|p1a: Kingambit|fallen2|[silent]
|switch|p1a: Zapdos|Zapdos|92/100
|move|p2a: Araquanid|Endeavor|p1a: Zapdos
|-damage|p1a: Zapdos|16/100
|
|upkeep
|turn|20
|
|t:|1757916714
|move|p1a: Zapdos|Roost|p1a: Zapdos
|-heal|p1a: Zapdos|66/100
|-singleturn|p1a: Zapdos|move: Roost
|move|p2a: Araquanid|Surf|p1a: Zapdos
|-damage|p1a: Zapdos|9/100
|
|upkeep
|turn|21
|
|t:|1757916720
|move|p1a: Zapdos|Discharge|p2a: Araquanid
|-supereffective|p2a: Araquanid
|-damage|p2a: Araquanid|0 fnt
|faint|p2a: Araquanid
|
|upkeep
|
|t:|1757916723
|switch|p2a: Landorus|Landorus-Therian, M|35/100 par
|-damage|p2a: Landorus|22/100 par|[from] Stealth Rock
|-ability|p2a: Landorus|Intimidate|boost
|-unboost|p1a: Zapdos|atk|1
|turn|22
|
|t:|1757916726
|move|p1a: Zapdos|Hurricane|p2a: Landorus
|-damage|p2a: Landorus|0 fnt
|faint|p2a: Landorus
|
|win|suzysleep
|raw|suzysleep's rating: 1224 &rarr; <strong>1253</strong><br />(+29 for winning)
|raw|kaever's rating: 1276 &rarr; <strong>1247</strong><br />(-29 for losing)
|l|☆suzysleep
|player|p1|
|l|☆kaever
|player|p2|
