|j|☆megaknightspammer
|j|☆jmm040193
|t:|1757821115
|gametype|singles
|player|p1|megaknightspammer|rocketgrunt|1105
|player|p2|jmm040193|266|1080
|gen|9
|tier|[Gen 9] OU
|rated|
|rule|HP Percentage Mod: HP is shown in percentages
|rule|Endless Battle Clause: Forcing endless battles is banned
|rule|Species Clause: Limit one of each Pokémon
|rule|OHKO Clause: OHKO moves are banned
|rule|Evasion Items Clause: Evasion items are banned
|rule|Evasion Moves Clause: Evasion moves are banned
|rule|Evasion Abilities Clause: Evasion abilities are banned
|rule|Sleep Moves Clause: Sleep-inducing moves are banned
|clearpoke
|poke|p1|Gholdengo|
|poke|p1|Iron Treads|
|poke|p1|Zapdos|
|poke|p1|Skeledirge, F|
|poke|p1|Garganacl, F|
|poke|p1|Gliscor, M|
|poke|p2|Primarina, M|
|poke|p2|Corviknight, F|
|poke|p2|Clodsire, M|
|poke|p2|Ursaluna, F|
|poke|p2|Dragapult, M|
|poke|p2|Iron Valiant|
|teampreview
|inactive|Battle timer is ON: inactive players will automatically lose when time's up. (requested by megaknightspammer)
|
|t:|1757821126
|teamsize|p1|6
|teamsize|p2|6
|start
|switch|p1a: Gholdengo|Gholdengo|100/100
|switch|p2a: Dragapult|Dragapult, M|100/100
|-item|p1a: Gholdengo|Air Balloon
|turn|1
|
|t:|1757821139
|move|p1a: Gholdengo|Nasty Plot|p1a: Gholdengo
|-boost|p1a: Gholdengo|spa|2
|move|p2a: Dragapult|Flamethrower|p1a: Gholdengo
|-supereffective|p1a: Gholdengo
|-damage|p1a: Gholdengo|47/100
|-enditem|p1a: Gholdengo|Air Balloon
|
|upkeep
|turn|2
|
|t:|1757821153
|move|p1a: Gholdengo|Make It Rain|p2a: Dragapult
|-damage|p2a: Dragapult|0 fnt
|-unboost|p1a: Gholdengo|spa|1
|faint|p2a: Dragapult
|
|upkeep
|
|t:|1757821161
|switch|p2a: Clodsire|Clodsire, M|100/100
|turn|3
|
|t:|1757821169
|move|p1a: Gholdengo|Nasty Plot|p1a: Gholdengo
|-boost|p1a: Gholdengo|spa|2
|move|p2a: Clodsire|Earthquake|p1a: Gholdengo
|-supereffective|p1a: Gholdengo
|-damage|p1a: Gholdengo|0 fnt
|faint|p1a: Gholdengo
|
|upkeep
|
|t:|1757821177
|switch|p1a: Zapdos|Zapdos|100/100
|turn|4
|
|t:|1757821189
|move|p1a: Zapdos|Hurricane|p2a: Clodsire
|-damage|p2a: Clodsire|72/100
|-start|p2a: Clodsire|confusion
|-activate|p2a: Clodsire|confusion
|move|p2a: Clodsire|High Horsepower|p1a: Zapdos
|-immune|p1a: Zapdos
|
|upkeep
|turn|5
|
|t:|1757821204
|switch|p2a: Ursaluna|Ursaluna, F|100/100
|-ability|p2a: Ursaluna|Unnerve
|move|p1a: Zapdos|Hurricane|p2a: Ursaluna
|-damage|p2a: Ursaluna|63/100
|
|-status|p2a: Ursaluna|brn|[from] item: Flame Orb
|upkeep
|turn|6
|
|t:|1757821219
|-terastallize|p2a: Ursaluna|Ground
|move|p1a: Zapdos|Hurricane|p2a: Ursaluna
|-damage|p2a: Ursaluna|19/100 brn
|-start|p2a: Ursaluna|confusion
|-activate|p2a: Ursaluna|confusion
|move|p2a: Ursaluna|Headlong Rush|p1a: Zapdos
|-immune|p1a: Zapdos
|
|-damage|p2a: Ursaluna|12/100 brn|[from] brn
|upkeep
|turn|7
|
|t:|1757821241
|move|p1a: Zapdos|Hurricane|p2a: Ursaluna
|-damage|p2a: Ursaluna|0 fnt
|faint|p2a: Ursaluna
|
|upkeep
|
|t:|1757821246
|switch|p2a: Primarina|Primarina, M|100/100
|turn|8
|
|t:|1757821255
|move|p1a: Zapdos|Volt Switch|p2a: Primarina
|-supereffective|p2a: Primarina
|-damage|p2a: Primarina|59/100
|
|t:|1757821262
|switch|p1a: Iron Treads|Iron Treads|100/100|[from] Volt Switch
|move|p2a: Primarina|Substitute|p2a: Primarina
|-start|p2a: Primarina|Substitute
|-damage|p2a: Primarina|34/100
|
|-heal|p2a: Primarina|40/100|[from] item: Leftovers
|upkeep
|turn|9
|
|t:|1757821271
|move|p1a: Iron Treads|Rapid Spin|p2a: Primarina
|-activate|p2a: Primarina|move: Substitute|[damage]
|-boost|p1a: Iron Treads|spe|1
|move|p2a: Primarina|Calm Mind|p2a: Primarina
|-boost|p2a: Primarina|spa|1
|-boost|p2a: Primarina|spd|1
|
|-heal|p2a: Primarina|46/100|[from] item: Leftovers
|upkeep
|turn|10
|
|t:|1757821280
|move|p1a: Iron Treads|Earthquake|p2a: Primarina
|-end|p2a: Primarina|Substitute
|move|p2a: Primarina|Calm Mind|p2a: Primarina
|-boost|p2a: Primarina|spa|1
|-boost|p2a: Primarina|spd|1
|
|-heal|p2a: Primarina|52/100|[from] item: Leftovers
|upkeep
|turn|11
|
|t:|1757821290
|move|p1a: Iron Treads|Earthquake|p2a: Primarina
|-damage|p2a: Primarina|0 fnt
|faint|p2a: Primarina
|
|upkeep
|
|t:|1757821295
|switch|p2a: Corviknight|Corviknight, F|100/100
|turn|12
|
|t:|1757821304
|move|p1a: Iron Treads|Stealth Rock|p2a: Corviknight
|-sidestart|p2: jmm040193|move: Stealth Rock
|move|p2a: Corviknight|Bulk Up|p2a: Corviknight
|-boost|p2a: Corviknight|atk|1
|-boost|p2a: Corviknight|def|1
|
|upkeep
|turn|13
|
|t:|1757821313
|move|p1a: Iron Treads|Knock Off|p2a: Corviknight
|-damage|p2a: Corviknight|81/100
|-enditem|p2a: Corviknight|Focus Sash|[from] move: Knock Off|[of] p1a: Iron Treads
|move|p2a: Corviknight|Brave Bird|p1a: Iron Treads
|-resisted|p1a: Iron Treads
|-damage|p1a: Iron Treads|67/100
|-damage|p2a: Corviknight|71/100|[from] Recoil
|
|upkeep
|turn|14
|
|t:|1757821321
|-end|p1a: Iron Treads|Quark Drive|[silent]
|switch|p1a: Skeledirge|Skeledirge, F|100/100
|move|p2a: Corviknight|Power Trip|p1a: Skeledirge
|-supereffective|p1a: Skeledirge
|-damage|p1a: Skeledirge|83/100
|
|upkeep
|turn|15
|
|t:|1757821330
|move|p2a: Corviknight|Brave Bird|p1a: Skeledirge
|-damage|p1a: Skeledirge|53/100
|-damage|p2a: Corviknight|60/100|[from] Recoil
|move|p1a: Skeledirge|Will-O-Wisp|p2a: Corviknight
|-status|p2a: Corviknight|brn
|
|-damage|p2a: Corviknight|54/100 brn|[from] brn
|upkeep
|turn|16
|
|t:|1757821340
|move|p2a: Corviknight|Roost|p2a: Corviknight
|-heal|p2a: Corviknight|100/100 brn
|-singleturn|p2a: Corviknight|move: Roost
|move|p1a: Skeledirge|Torch Song|p2a: Corviknight
|-supereffective|p2a: Corviknight
|-damage|p2a: Corviknight|36/100 brn
|-boost|p1a: Skeledirge|spa|1
|
|-damage|p2a: Corviknight|30/100 brn|[from] brn
|upkeep
|turn|17
|-message|jmm040193 forfeited.
|
|win|megaknightspammer
|raw|megaknightspammer's rating: 1105 &rarr; <strong>1128</strong><br />(+23 for winning)
|raw|jmm040193's rating: 1080 &rarr; <strong>1060</strong><br />(-20 for losing)
|l|☆jmm040193
|player|p2|
