|j|☆holy mag1karp
|j|☆preppy dude
|t:|1757811413
|gametype|singles
|player|p1|holy mag1karp|fisherman|1138
|player|p2|preppy dude|102|1129
|gen|9
|tier|[Gen 9] OU
|rated|
|rule|HP Percentage Mod: HP is shown in percentages
|rule|Endless Battle Clause: Forcing endless battles is banned
|rule|Species Clause: Limit one of each Pokémon
|rule|OHKO Clause: OHKO moves are banned
|rule|Evasion Items Clause: Evasion items are banned
|rule|Evasion Moves Clause: Evasion moves are banned
|rule|Evasion Abilities Clause: Evasion abilities are banned
|rule|Sleep Moves Clause: Sleep-inducing moves are banned
|clearpoke
|poke|p1|Rillaboom, F|
|poke|p1|Enamorus, F|
|poke|p1|Moltres-Galar|
|poke|p1|Ursaluna, F|
|poke|p1|Hatterene, F|
|poke|p1|Zamazenta-*|
|poke|p2|Zapdos|
|poke|p2|Golem, F|
|poke|p2|Arbok, M|
|poke|p2|Hitmonchan, M|
|poke|p2|Magneton|
|poke|p2|Dodrio, M|
|teampreview
|inactive|Battle timer is ON: inactive players will automatically lose when time's up. (requested by holy mag1karp)
|
|t:|1757811431
|teamsize|p1|6
|teamsize|p2|6
|start
|switch|p1a: mood|Ursaluna, F, shiny|100/100
|switch|p2a: Golem|Golem, F|100/100
|turn|1
|
|t:|1757811438
|move|p2a: Golem|Stealth Rock|p1a: mood
|-sidestart|p1: holy mag1karp|move: Stealth Rock
|move|p1a: mood|Facade|p2a: Golem
|-resisted|p2a: Golem
|-damage|p2a: Golem|83/100
|
|-status|p1a: mood|brn|[from] item: Flame Orb
|upkeep
|turn|2
|
|t:|1757811446
|move|p2a: Golem|Endure|p2a: Golem
|-singleturn|p2a: Golem|move: Endure
|move|p1a: mood|Close Combat|p2a: Golem
|-supereffective|p2a: Golem
|-activate|p2a: Golem|move: Endure
|-damage|p2a: Golem|1/100
|-unboost|p1a: mood|def|1
|-unboost|p1a: mood|spd|1
|
|-damage|p1a: mood|94/100 brn|[from] brn
|upkeep
|turn|3
|-enditem|p2a: Golem|Custap Berry|[eat]
|-activate|p2a: Golem|item: Custap Berry|[consumed]
|
|t:|1757811459
|switch|p1a: doggy|Zamazenta|100/100
|-damage|p1a: doggy|94/100|[from] Stealth Rock
|-ability|p1a: doggy|Dauntless Shield|boost
|-boost|p1a: doggy|def|1
|move|p2a: Golem|Explosion|p1a: doggy
|-damage|p1a: doggy|46/100
|faint|p2a: Golem
|
|upkeep
|
|t:|1757811479
|switch|p2a: Zapdos|Zapdos|100/100
|turn|4
|
|t:|1757811496
|move|p1a: doggy|Body Press|p2a: Zapdos
|-resisted|p2a: Zapdos
|-damage|p2a: Zapdos|74/100
|move|p2a: Zapdos|Air Cutter|p1a: doggy
|-supereffective|p1a: doggy
|-damage|p1a: doggy|0 fnt
|faint|p1a: doggy
|
|-heal|p2a: Zapdos|80/100|[from] item: Leftovers
|upkeep
|
|t:|1757811499
|switch|p1a: mood|Ursaluna, F, shiny|94/100 brn
|-damage|p1a: mood|88/100 brn|[from] Stealth Rock
|turn|5
|
|t:|1757811519
|move|p2a: Zapdos|Protect|p2a: Zapdos
|-singleturn|p2a: Zapdos|Protect
|move|p1a: mood|Facade|p2a: Zapdos
|-activate|p2a: Zapdos|move: Protect
|
|-heal|p2a: Zapdos|86/100|[from] item: Leftovers
|-damage|p1a: mood|82/100 brn|[from] brn
|upkeep
|turn|6
|
|t:|1757811529
|switch|p2a: Magneton|Magneton|100/100
|move|p1a: mood|Facade|p2a: Magneton
|-resisted|p2a: Magneton
|-damage|p2a: Magneton|12/100
|
|-damage|p1a: mood|75/100 brn|[from] brn
|upkeep
|turn|7
|
|t:|1757811538
|move|p2a: Magneton|Steel Beam|p1a: mood
|-damage|p1a: mood|10/100 brn
|-damage|p2a: Magneton|0 fnt|[from] steelbeam
|faint|p2a: Magneton
|move|p1a: mood|Facade|p2: Magneton|[notarget]
|-fail|p1a: mood
|
|-damage|p1a: mood|4/100 brn|[from] brn
|upkeep
|
|t:|1757811550
|switch|p2a: Dodrio|Dodrio, M|100/100
|turn|8
|
|t:|1757811553
|move|p2a: Dodrio|Brave Bird|p1a: mood
|-damage|p1a: mood|0 fnt
|faint|p1a: mood
|-damage|p2a: Dodrio|99/100|[from] Recoil
|
|upkeep
|
|t:|1757811567
|switch|p1a: idk|Hatterene, F|100/100
|-damage|p1a: idk|88/100|[from] Stealth Rock
|turn|9
|
|t:|1757811572
|move|p2a: Dodrio|Brave Bird|p1a: idk
|-damage|p1a: idk|24/100
|-damage|p2a: Dodrio|73/100|[from] Recoil
|move|p1a: idk|Trick Room|p1a: idk
|-fieldstart|move: Trick Room|[of] p1a: idk
|
|-heal|p1a: idk|30/100|[from] item: Leftovers
|upkeep
|turn|10
|
|t:|1757811580
|switch|p2a: Zapdos|Zapdos|86/100
|move|p1a: idk|Dazzling Gleam|p2a: Zapdos
|-damage|p2a: Zapdos|51/100
|
|-heal|p1a: idk|36/100|[from] item: Leftovers
|-heal|p2a: Zapdos|57/100|[from] item: Leftovers
|upkeep
|turn|11
|
|t:|1757811589
|move|p1a: idk|Calm Mind|p1a: idk
|-boost|p1a: idk|spa|1
|-boost|p1a: idk|spd|1
|move|p2a: Zapdos|Roost|p2a: Zapdos
|-heal|p2a: Zapdos|100/100
|-singleturn|p2a: Zapdos|move: Roost
|
|-heal|p1a: idk|42/100|[from] item: Leftovers
|upkeep
|turn|12
|
|t:|1757811598
|move|p1a: idk|Calm Mind|p1a: idk
|-boost|p1a: idk|spa|1
|-boost|p1a: idk|spd|1
|move|p2a: Zapdos|Discharge|p1a: idk
|-damage|p1a: idk|23/100
|-status|p1a: idk|par
|
|-heal|p1a: idk|29/100 par|[from] item: Leftovers
|upkeep
|turn|13
|
|t:|1757811608
|move|p2a: Zapdos|Protect|p2a: Zapdos
|-singleturn|p2a: Zapdos|Protect
|cant|p1a: idk|par
|
|-heal|p1a: idk|35/100 par|[from] item: Leftovers
|-fieldend|move: Trick Room
|upkeep
|turn|14
|
|t:|1757811616
|move|p2a: Zapdos|Discharge|p1a: idk
|-damage|p1a: idk|17/100 par
|move|p1a: idk|Trick Room|p1a: idk
|-fieldstart|move: Trick Room|[of] p1a: idk
|
|-heal|p1a: idk|23/100 par|[from] item: Leftovers
|upkeep
|turn|15
|
|t:|1757811623
|move|p1a: idk|Dazzling Gleam|p2a: Zapdos
|-damage|p2a: Zapdos|21/100
|move|p2a: Zapdos|Discharge|p1a: idk
|-damage|p1a: idk|5/100 par
|
|-heal|p1a: idk|11/100 par|[from] item: Leftovers
|-heal|p2a: Zapdos|28/100|[from] item: Leftovers
|upkeep
|turn|16
|
|t:|1757811632
|move|p2a: Zapdos|Protect|p2a: Zapdos
|-singleturn|p2a: Zapdos|Protect
|move|p1a: idk|Dazzling Gleam|p2a: Zapdos
|-activate|p2a: Zapdos|move: Protect
|
|-heal|p1a: idk|17/100 par|[from] item: Leftovers
|-heal|p2a: Zapdos|34/100|[from] item: Leftovers
|upkeep
|turn|17
|
|t:|1757811641
|switch|p2a: Arbok|Arbok, M|100/100
|-ability|p2a: Arbok|Intimidate|boost
|-unboost|p1a: idk|atk|1
|move|p1a: idk|Dazzling Gleam|p2a: Arbok
|-resisted|p2a: Arbok
|-damage|p2a: Arbok|44/100
|
|-heal|p1a: idk|23/100 par|[from] item: Leftovers
|upkeep
|turn|18
|
|t:|1757811653
|move|p2a: Arbok|Protect|p2a: Arbok
|-singleturn|p2a: Arbok|Protect
|move|p1a: idk|Dazzling Gleam|p2a: Arbok
|-activate|p2a: Arbok|move: Protect
|
|-heal|p1a: idk|28/100 par|[from] item: Leftovers
|-fieldend|move: Trick Room
|upkeep
|turn|19
|
|t:|1757811662
|switch|p2a: Hitmonchan|Hitmonchan, M|100/100
|move|p1a: idk|Trick Room|p1a: idk
|-fieldstart|move: Trick Room|[of] p1a: idk
|
|-heal|p1a: idk|34/100 par|[from] item: Leftovers
|upkeep
|turn|20
|
|t:|1757811669
|move|p2a: Hitmonchan|Bullet Punch|p1a: idk
|-supereffective|p1a: idk
|-damage|p1a: idk|7/100 par
|move|p1a: idk|Dazzling Gleam|p2a: Hitmonchan
|-supereffective|p2a: Hitmonchan
|-crit|p2a: Hitmonchan
|-damage|p2a: Hitmonchan|0 fnt
|faint|p2a: Hitmonchan
|
|-heal|p1a: idk|13/100 par|[from] item: Leftovers
|upkeep
|
|t:|1757811679
|switch|p2a: Dodrio|Dodrio, M|73/100
|turn|21
|
|t:|1757811682
|move|p2a: Dodrio|Quick Attack|p1a: idk
|-damage|p1a: idk|0 fnt
|faint|p1a: idk
|
|upkeep
|
|t:|1757811688
|switch|p1a: italian|Enamorus, F|100/100
|-damage|p1a: italian|76/100|[from] Stealth Rock
|turn|22
|
|t:|1757811699
|switch|p2a: Zapdos|Zapdos|34/100
|move|p1a: italian|Alluring Voice|p2a: Zapdos
|-damage|p2a: Zapdos|0 fnt
|faint|p2a: Zapdos
|-damage|p1a: italian|66/100|[from] item: Life Orb
|
|upkeep
|
|t:|1757811709
|switch|p2a: Dodrio|Dodrio, M|73/100
|turn|23
|
|t:|1757811714
|switch|p2a: Arbok|Arbok, M|44/100
|-ability|p2a: Arbok|Intimidate|boost
|-unboost|p1a: italian|atk|1
|move|p1a: italian|Alluring Voice|p2a: Arbok
|-resisted|p2a: Arbok
|-damage|p2a: Arbok|11/100
|-damage|p1a: italian|56/100|[from] item: Life Orb
|
|-fieldend|move: Trick Room
|upkeep
|turn|24
|
|t:|1757811724
|move|p2a: Arbok|Poison Fang|p1a: italian
|-supereffective|p1a: italian
|-damage|p1a: italian|2/100
|-status|p1a: italian|tox
|move|p1a: italian|Alluring Voice|p2a: Arbok
|-resisted|p2a: Arbok
|-damage|p2a: Arbok|0 fnt
|faint|p2a: Arbok
|-damage|p1a: italian|0 fnt|[from] item: Life Orb
|faint|p1a: italian
|
|upkeep
|
|t:|1757811735
|switch|p1a: birb|Moltres-Galar, shiny|100/100
|switch|p2a: Dodrio|Dodrio, M|73/100
|-damage|p1a: birb|76/100|[from] Stealth Rock
|turn|25
|
|t:|1757811742
|move|p2a: Dodrio|Brave Bird|p1a: birb
|-damage|p1a: birb|0 fnt
|faint|p1a: birb
|-damage|p2a: Dodrio|42/100|[from] Recoil
|
|upkeep
|
|t:|1757811745
|switch|p1a: monke|Rillaboom, F, shiny|100/100
|-damage|p1a: monke|88/100|[from] Stealth Rock
|-fieldstart|move: Grassy Terrain|[from] ability: Grassy Surge|[of] p1a: monke
|-enditem|p1a: monke|Grassy Seed
|-boost|p1a: monke|def|1|[from] item: Grassy Seed
|turn|26
|
|t:|1757811754
|-terastallize|p1a: monke|Grass
|move|p1a: monke|Grassy Glide|p2a: Dodrio
|-resisted|p2a: Dodrio
|-damage|p2a: Dodrio|3/100
|move|p2a: Dodrio|Brave Bird|p1a: monke
|-supereffective|p1a: monke
|-damage|p1a: monke|0 fnt
|faint|p1a: monke
|-damage|p2a: Dodrio|0 fnt|[from] Recoil
|faint|p2a: Dodrio
|
|win|preppy dude
|raw|holy mag1karp's rating: 1138 &rarr; <strong>1112</strong><br />(-26 for losing)
|raw|preppy dude's rating: 1129 &rarr; <strong>1155</strong><br />(+26 for winning)
|l|☆holy mag1karp
|player|p1|
|c|☆preppy dude|Gg
|l|☆preppy dude
|player|p2|
