|j|☆bakedpaladin
|j|☆penguinshen
|t:|1757944271
|gametype|singles
|player|p1|bakedpaladin|yellow|1024
|player|p2|penguinshen|169|1000
|gen|9
|tier|[Gen 9] OU
|rated|
|rule|HP Percentage Mod: HP is shown in percentages
|rule|Endless Battle Clause: Forcing endless battles is banned
|rule|Species Clause: Limit one of each Pokémon
|rule|OHKO Clause: OHKO moves are banned
|rule|Evasion Items Clause: Evasion items are banned
|rule|Evasion Moves Clause: Evasion moves are banned
|rule|Evasion Abilities Clause: Evasion abilities are banned
|rule|Sleep Moves Clause: Sleep-inducing moves are banned
|clearpoke
|poke|p1|Landorus-Therian, M|
|poke|p1|Skeledirge, M|
|poke|p1|Skarmory, F|
|poke|p1|Hydrapple, M|
|poke|p1|Samurott-Hisui, M|
|poke|p1|Fezandipiti, M|
|poke|p2|Eiscue, M|
|poke|p2|Metagross|
|poke|p2|Pawmot, F|
|poke|p2|Golem-Alola, M|
|poke|p2|Corviknight, M|
|poke|p2|Pecharunt|
|teampreview
|inactive|Battle timer is ON: inactive players will automatically lose when time's up. (requested by bakedpaladin)
|l|☆penguinshen
|inactive|penguinshen disconnected and has a minute to reconnect!
|player|p2|
|j|☆penguinshen
|inactive|penguinshen reconnected and has 140 seconds left.
|player|p2|penguinshen|169|
|
|t:|1757944291
|teamsize|p1|6
|teamsize|p2|6
|start
|switch|p1a: Skarmory|Skarmory, F|100/100
|switch|p2a: Metagross|Metagross|100/100
|turn|1
|
|t:|1757944304
|move|p2a: Metagross|Heavy Slam|p1a: Skarmory
|-resisted|p1a: Skarmory
|-damage|p1a: Skarmory|83/100
|-damage|p2a: Metagross|84/100|[from] item: Rocky Helmet|[of] p1a: Skarmory
|move|p1a: Skarmory|Stealth Rock|p2a: Metagross
|-sidestart|p2: penguinshen|move: Stealth Rock
|
|-heal|p2a: Metagross|90/100|[from] item: Leftovers
|upkeep
|turn|2
|
|t:|1757944313
|switch|p1a: Skeledirge|Skeledirge, M|100/100
|move|p2a: Metagross|Psychic Fangs|p1a: Skeledirge
|-damage|p1a: Skeledirge|69/100
|
|-heal|p2a: Metagross|96/100|[from] item: Leftovers
|upkeep
|turn|3
|
|t:|1757944321
|move|p2a: Metagross|Earthquake|p1a: Skeledirge
|-supereffective|p1a: Skeledirge
|-damage|p1a: Skeledirge|13/100
|move|p1a: Skeledirge|Torch Song|p2a: Metagross
|-supereffective|p2a: Metagross
|-damage|p2a: Metagross|33/100
|-boost|p1a: Skeledirge|spa|1
|
|-heal|p2a: Metagross|39/100|[from] item: Leftovers
|upkeep
|turn|4
|
|t:|1757944331
|switch|p1a: Skarmory|Skarmory, F|83/100
|move|p2a: Metagross|Earthquake|p1a: Skarmory
|-immune|p1a: Skarmory
|
|-heal|p2a: Metagross|45/100|[from] item: Leftovers
|upkeep
|turn|5
|
|t:|1757944342
|move|p2a: Metagross|Heavy Slam|p1a: Skarmory
|-resisted|p1a: Skarmory
|-damage|p1a: Skarmory|64/100
|-damage|p2a: Metagross|29/100|[from] item: Rocky Helmet|[of] p1a: Skarmory
|move|p1a: Skarmory|Body Press|p2a: Metagross
|-damage|p2a: Metagross|6/100
|
|-heal|p2a: Metagross|12/100|[from] item: Leftovers
|upkeep
|turn|6
|
|t:|1757944349
|move|p2a: Metagross|Explosion|p1a: Skarmory
|-resisted|p1a: Skarmory
|-damage|p1a: Skarmory|38/100
|faint|p2a: Metagross
|move|p1a: Skarmory|Roost|p1a: Skarmory
|-heal|p1a: Skarmory|88/100
|-singleturn|p1a: Skarmory|move: Roost
|
|upkeep
|
|t:|1757944361
|switch|p2a: Corviknight|Corviknight, M|100/100
|-damage|p2a: Corviknight|88/100|[from] Stealth Rock
|-ability|p2a: Corviknight|Pressure
|turn|7
|
|t:|1757944378
|switch|p1a: Landorus|Landorus-Therian, M|100/100
|-ability|p1a: Landorus|Intimidate|boost
|-unboost|p2a: Corviknight|atk|1
|move|p2a: Corviknight|Iron Defense|p2a: Corviknight
|-boost|p2a: Corviknight|def|2
|
|-heal|p2a: Corviknight|94/100|[from] item: Leftovers
|upkeep
|turn|8
|
|t:|1757944399
|switch|p1a: Skeledirge|Skeledirge, M|13/100
|move|p2a: Corviknight|Iron Defense|p2a: Corviknight
|-boost|p2a: Corviknight|def|2
|
|-heal|p2a: Corviknight|100/100|[from] item: Leftovers
|upkeep
|turn|9
|
|t:|1757944406
|move|p2a: Corviknight|Hurricane|p1a: Skeledirge|[miss]
|-miss|p2a: Corviknight|p1a: Skeledirge
|move|p1a: Skeledirge|Slack Off|p1a: Skeledirge
|-heal|p1a: Skeledirge|64/100
|
|upkeep
|turn|10
|
|t:|1757944411
|move|p2a: Corviknight|Hurricane|p1a: Skeledirge
|-damage|p1a: Skeledirge|47/100
|-start|p1a: Skeledirge|confusion
|-activate|p1a: Skeledirge|confusion
|-damage|p1a: Skeledirge|43/100|[from] confusion
|
|upkeep
|turn|11
|
|t:|1757944420
|move|p2a: Corviknight|Hurricane|p1a: Skeledirge
|-damage|p1a: Skeledirge|26/100
|-activate|p1a: Skeledirge|confusion
|-damage|p1a: Skeledirge|22/100|[from] confusion
|
|upkeep
|turn|12
|
|t:|1757944425
|move|p2a: Corviknight|Hurricane|p1a: Skeledirge
|-damage|p1a: Skeledirge|4/100
|-end|p1a: Skeledirge|confusion
|move|p1a: Skeledirge|Slack Off|p1a: Skeledirge
|-heal|p1a: Skeledirge|54/100
|
|upkeep
|turn|13
|
|t:|1757944441
|switch|p2a: Golem|Golem-Alola, M|100/100
|-damage|p2a: Golem|88/100|[from] Stealth Rock
|move|p1a: Skeledirge|Slack Off|p1a: Skeledirge
|-heal|p1a: Skeledirge|100/100
|
|upkeep
|turn|14
|
|t:|1757944446
|switch|p1a: Samurott|Samurott-Hisui, M|100/100
|move|p2a: Golem|Explosion|p1a: Samurott
|-supereffective|p1a: Samurott
|-damage|p1a: Samurott|0 fnt
|faint|p2a: Golem
|faint|p1a: Samurott
|
|upkeep
|
|t:|1757944455
|switch|p1a: Skeledirge|Skeledirge, M|100/100
|switch|p2a: Pawmot|Pawmot, F|100/100
|-damage|p2a: Pawmot|95/100|[from] Stealth Rock
|turn|15
|
|t:|1757944460
|move|p2a: Pawmot|Revival Blessing|p2a: Pawmot
|-enditem|p2a: Pawmot|Leppa Berry|[eat]
|-activate|p2a: Pawmot|item: Leppa Berry|Revival Blessing|[consumed]
|
|t:|1757944467
|-heal|p2: Metagross|50/100|[from] move: Revival Blessing
|move|p1a: Skeledirge|Torch Song|p2a: Pawmot
|-damage|p2a: Pawmot|40/100
|-boost|p1a: Skeledirge|spa|1
|
|upkeep
|turn|16
|
|t:|1757944476
|move|p2a: Pawmot|Revival Blessing|p2a: Pawmot
|
|t:|1757944478
|-heal|p2: Golem|50/100|[from] move: Revival Blessing
|move|p1a: Skeledirge|Torch Song|p2a: Pawmot
|-damage|p2a: Pawmot|0 fnt
|-boost|p1a: Skeledirge|spa|1
|faint|p2a: Pawmot
|
|upkeep
|
|t:|1757944488
|switch|p2a: Golem|Golem-Alola, M|50/100
|-damage|p2a: Golem|38/100|[from] Stealth Rock
|turn|17
|
|t:|1757944495
|move|p2a: Golem|Explosion|p1a: Skeledirge
|-damage|p1a: Skeledirge|0 fnt
|faint|p2a: Golem
|faint|p1a: Skeledirge
|
|upkeep
|
|t:|1757944502
|switch|p2a: Eiscue|Eiscue, M|100/100
|switch|p1a: Landorus|Landorus-Therian, M|100/100
|-ability|p1a: Landorus|Intimidate|boost
|-unboost|p2a: Eiscue|atk|1
|-damage|p2a: Eiscue|76/100|[from] Stealth Rock
|turn|18
|
|t:|1757944513
|move|p1a: Landorus|Earthquake|p2a: Eiscue
|-activate|p2a: Eiscue|ability: Ice Face
|-damage|p2a: Eiscue|76/100
|detailschange|p2a: Eiscue|Eiscue-Noice, M
|move|p2a: Eiscue|Belly Drum|p2a: Eiscue
|-damage|p2a: Eiscue|26/100
|-setboost|p2a: Eiscue|atk|6|[from] move: Belly Drum
|
|-heal|p2a: Eiscue|32/100|[from] item: Leftovers
|upkeep
|turn|19
|
|t:|1757944530
|move|p1a: Landorus|Earthquake|p2a: Eiscue
|-damage|p2a: Eiscue|0 fnt
|faint|p2a: Eiscue
|
|upkeep
|
|t:|1757944542
|switch|p2a: Corviknight|Corviknight, M|100/100
|-damage|p2a: Corviknight|88/100|[from] Stealth Rock
|-ability|p2a: Corviknight|Pressure
|turn|20
|
|t:|1757944547
|switch|p1a: Skarmory|Skarmory, F|88/100
|move|p2a: Corviknight|Iron Defense|p2a: Corviknight
|-boost|p2a: Corviknight|def|2
|
|-heal|p2a: Corviknight|94/100|[from] item: Leftovers
|upkeep
|turn|21
|
|t:|1757944558
|move|p1a: Skarmory|Body Press|p2a: Corviknight
|-damage|p2a: Corviknight|85/100
|move|p2a: Corviknight|Body Press|p1a: Skarmory
|-damage|p1a: Skarmory|57/100
|-damage|p2a: Corviknight|68/100|[from] item: Rocky Helmet|[of] p1a: Skarmory
|
|-heal|p2a: Corviknight|74/100|[from] item: Leftovers
|upkeep
|turn|22
|
|t:|1757944565
|move|p1a: Skarmory|Body Press|p2a: Corviknight
|-damage|p2a: Corviknight|64/100
|move|p2a: Corviknight|Iron Defense|p2a: Corviknight
|-boost|p2a: Corviknight|def|2
|
|-heal|p2a: Corviknight|70/100|[from] item: Leftovers
|upkeep
|turn|23
|
|t:|1757944573
|move|p1a: Skarmory|Body Press|p2a: Corviknight
|-damage|p2a: Corviknight|64/100
|move|p2a: Corviknight|Body Press|p1a: Skarmory
|-damage|p1a: Skarmory|8/100
|-damage|p2a: Corviknight|47/100|[from] item: Rocky Helmet|[of] p1a: Skarmory
|
|-heal|p2a: Corviknight|54/100|[from] item: Leftovers
|upkeep
|turn|24
|
|t:|1757944581
|move|p1a: Skarmory|Body Press|p2a: Corviknight
|-damage|p2a: Corviknight|47/100
|move|p2a: Corviknight|Iron Defense|p2a: Corviknight
|-boost|p2a: Corviknight|def|2
|
|-heal|p2a: Corviknight|53/100|[from] item: Leftovers
|upkeep
|turn|25
|
|t:|1757944589
|move|p1a: Skarmory|Body Press|p2a: Corviknight
|-damage|p2a: Corviknight|48/100
|move|p2a: Corviknight|Roost|p2a: Corviknight
|-heal|p2a: Corviknight|98/100
|-singleturn|p2a: Corviknight|move: Roost
|
|-heal|p2a: Corviknight|100/100|[from] item: Leftovers
|upkeep
|turn|26
|
|t:|1757944599
|move|p1a: Skarmory|Body Press|p2a: Corviknight
|-damage|p2a: Corviknight|95/100
|move|p2a: Corviknight|Body Press|p1a: Skarmory
|-damage|p1a: Skarmory|0 fnt
|-damage|p2a: Corviknight|79/100|[from] item: Rocky Helmet|[of] p1a: Skarmory
|faint|p1a: Skarmory
|
|-heal|p2a: Corviknight|85/100|[from] item: Leftovers
|upkeep
|
|t:|1757944604
|switch|p1a: Landorus|Landorus-Therian, M|100/100
|-ability|p1a: Landorus|Intimidate|boost
|-unboost|p2a: Corviknight|atk|1
|turn|27
|
|t:|1757944615
|move|p1a: Landorus|U-turn|p2a: Corviknight
|-resisted|p2a: Corviknight
|-damage|p2a: Corviknight|84/100
|
|t:|1757944620
|switch|p1a: Fezandipiti|Fezandipiti, M|100/100|[from] U-turn
|move|p2a: Corviknight|Body Press|p1a: Fezandipiti
|-resisted|p1a: Fezandipiti
|-damage|p1a: Fezandipiti|71/100
|
|-heal|p2a: Corviknight|91/100|[from] item: Leftovers
|upkeep
|turn|28
|
|t:|1757944631
|switch|p1a: Landorus|Landorus-Therian, M|100/100
|-ability|p1a: Landorus|Intimidate|boost
|-unboost|p2a: Corviknight|atk|1
|move|p2a: Corviknight|Hurricane|p1a: Landorus
|-damage|p1a: Landorus|71/100
|-start|p1a: Landorus|confusion
|
|-heal|p2a: Corviknight|97/100|[from] item: Leftovers
|upkeep
|turn|29
|
|t:|1757944644
|switch|p1a: Fezandipiti|Fezandipiti, M|71/100
|move|p2a: Corviknight|Hurricane|p1a: Fezandipiti|[miss]
|-miss|p2a: Corviknight|p1a: Fezandipiti
|
|-heal|p2a: Corviknight|100/100|[from] item: Leftovers
|upkeep
|turn|30
|
|t:|1757944650
|move|p1a: Fezandipiti|Calm Mind|p1a: Fezandipiti
|-boost|p1a: Fezandipiti|spa|1
|-boost|p1a: Fezandipiti|spd|1
|move|p2a: Corviknight|Body Press|p1a: Fezandipiti
|-resisted|p1a: Fezandipiti
|-damage|p1a: Fezandipiti|42/100
|
|upkeep
|turn|31
|
|t:|1757944657
|move|p1a: Fezandipiti|Roost|p1a: Fezandipiti
|-heal|p1a: Fezandipiti|92/100
|-singleturn|p1a: Fezandipiti|move: Roost
|move|p2a: Corviknight|Body Press|p1a: Fezandipiti
|-resisted|p1a: Fezandipiti
|-damage|p1a: Fezandipiti|64/100
|
|upkeep
|turn|32
|
|t:|1757944665
|move|p1a: Fezandipiti|Calm Mind|p1a: Fezandipiti
|-boost|p1a: Fezandipiti|spa|1
|-boost|p1a: Fezandipiti|spd|1
|move|p2a: Corviknight|Body Press|p1a: Fezandipiti
|-resisted|p1a: Fezandipiti
|-damage|p1a: Fezandipiti|39/100
|
|upkeep
|turn|33
|
|t:|1757944675
|move|p1a: Fezandipiti|Roost|p1a: Fezandipiti
|-heal|p1a: Fezandipiti|89/100
|-singleturn|p1a: Fezandipiti|move: Roost
|move|p2a: Corviknight|Body Press|p1a: Fezandipiti
|-resisted|p1a: Fezandipiti
|-damage|p1a: Fezandipiti|60/100
|
|upkeep
|turn|34
|
|t:|1757944681
|move|p1a: Fezandipiti|Calm Mind|p1a: Fezandipiti
|-boost|p1a: Fezandipiti|spa|1
|-boost|p1a: Fezandipiti|spd|1
|move|p2a: Corviknight|Body Press|p1a: Fezandipiti
|-resisted|p1a: Fezandipiti
|-damage|p1a: Fezandipiti|31/100
|
|upkeep
|turn|35
|
|t:|1757944690
|move|p1a: Fezandipiti|Roost|p1a: Fezandipiti
|-heal|p1a: Fezandipiti|81/100
|-singleturn|p1a: Fezandipiti|move: Roost
|move|p2a: Corviknight|Body Press|p1a: Fezandipiti
|-resisted|p1a: Fezandipiti
|-damage|p1a: Fezandipiti|51/100
|
|upkeep
|turn|36
|
|t:|1757944698
|switch|p2a: Metagross|Metagross|50/100
|-damage|p2a: Metagross|44/100|[from] Stealth Rock
|move|p1a: Fezandipiti|Roost|p1a: Fezandipiti
|-heal|p1a: Fezandipiti|100/100
|-singleturn|p1a: Fezandipiti|move: Roost
|
|-heal|p2a: Metagross|50/100|[from] item: Leftovers
|upkeep
|turn|37
|l|☆penguinshen
|inactive|penguinshen disconnected and has a minute to reconnect!
|player|p2|
|j|☆penguinshen
|inactive|penguinshen reconnected and has 120 seconds left.
|player|p2|penguinshen|169|
|
|t:|1757944732
|-terastallize|p1a: Fezandipiti|Water
|move|p1a: Fezandipiti|Moonblast|p2a: Metagross
|-resisted|p2a: Metagross
|-damage|p2a: Metagross|18/100
|move|p2a: Metagross|Psychic Fangs|p1a: Fezandipiti
|-damage|p1a: Fezandipiti|53/100
|
|-heal|p2a: Metagross|24/100|[from] item: Leftovers
|upkeep
|turn|38
|inactive|penguinshen has 120 seconds left.
|
|t:|1757944751
|switch|p2a: Pecharunt|Pecharunt|100/100
|move|p1a: Fezandipiti|Moonblast|p2a: Pecharunt
|-resisted|p2a: Pecharunt
|-damage|p2a: Pecharunt|78/100
|
|upkeep
|turn|39
|inactive|penguinshen has 120 seconds left.
|
|t:|1757944770
|move|p1a: Fezandipiti|Roost|p1a: Fezandipiti
|-heal|p1a: Fezandipiti|100/100
|move|p2a: Pecharunt|Curse|p1a: Fezandipiti
|-start|p1a: Fezandipiti|Curse|[of] p2a: Pecharunt
|-damage|p2a: Pecharunt|28/100
|
|-damage|p1a: Fezandipiti|76/100|[from] Curse
|upkeep
|turn|40
|
|t:|1757944783
|switch|p2a: Corviknight|Corviknight, M|100/100
|-damage|p2a: Corviknight|88/100|[from] Stealth Rock
|-ability|p2a: Corviknight|Pressure
|move|p1a: Fezandipiti|Moonblast|p2a: Corviknight
|-resisted|p2a: Corviknight
|-damage|p2a: Corviknight|59/100
|
|-heal|p2a: Corviknight|65/100|[from] item: Leftovers
|-damage|p1a: Fezandipiti|51/100|[from] Curse
|upkeep
|turn|41
|
|t:|1757944801
|switch|p1a: Landorus|Landorus-Therian, M|71/100
|-ability|p1a: Landorus|Intimidate|boost
|-unboost|p2a: Corviknight|atk|1
|switch|p2a: Pecharunt|Pecharunt|28/100
|
|upkeep
|turn|42
|
|t:|1757944818
|move|p1a: Landorus|Stone Edge|p2a: Pecharunt|[miss]
|-miss|p1a: Landorus|p2a: Pecharunt
|move|p2a: Pecharunt|Nasty Plot|p2a: Pecharunt
|-boost|p2a: Pecharunt|spa|2
|
|upkeep
|turn|43
|
|t:|1757944828
|move|p1a: Landorus|Stone Edge|p2a: Pecharunt
|-damage|p2a: Pecharunt|5/100
|move|p2a: Pecharunt|Malignant Chain|p1a: Landorus
|-resisted|p1a: Landorus
|-damage|p1a: Landorus|17/100
|
|upkeep
|turn|44
|
|t:|1757944847
|move|p1a: Landorus|Stone Edge|p2a: Pecharunt
|-damage|p2a: Pecharunt|0 fnt
|faint|p2a: Pecharunt
|
|upkeep
|
|t:|1757944853
|switch|p2a: Corviknight|Corviknight, M|65/100
|-damage|p2a: Corviknight|53/100|[from] Stealth Rock
|-ability|p2a: Corviknight|Pressure
|turn|45
|
|t:|1757944856
|move|p1a: Landorus|Stone Edge|p2a: Corviknight
|-damage|p2a: Corviknight|32/100
|move|p2a: Corviknight|Hurricane|p1a: Landorus
|-damage|p1a: Landorus|0 fnt
|faint|p1a: Landorus
|
|-heal|p2a: Corviknight|38/100|[from] item: Leftovers
|upkeep
|
|t:|1757944861
|switch|p1a: Fezandipiti|Fezandipiti, M, tera:Water|51/100
|turn|46
|inactive|penguinshen has 120 seconds left.
|
|t:|1757944866
|move|p1a: Fezandipiti|Roost|p1a: Fezandipiti
|-heal|p1a: Fezandipiti|100/100
|move|p2a: Corviknight|Iron Defense|p2a: Corviknight
|-boost|p2a: Corviknight|def|2
|
|-heal|p2a: Corviknight|45/100|[from] item: Leftovers
|upkeep
|turn|47
|
|t:|1757944874
|move|p1a: Fezandipiti|Calm Mind|p1a: Fezandipiti
|-boost|p1a: Fezandipiti|spa|1
|-boost|p1a: Fezandipiti|spd|1
|move|p2a: Corviknight|Iron Defense|p2a: Corviknight
|-boost|p2a: Corviknight|def|2
|
|-heal|p2a: Corviknight|51/100|[from] item: Leftovers
|upkeep
|turn|48
|
|t:|1757944883
|move|p1a: Fezandipiti|Moonblast|p2a: Corviknight
|-resisted|p2a: Corviknight
|-damage|p2a: Corviknight|33/100
|-unboost|p2a: Corviknight|spa|1
|move|p2a: Corviknight|Roost|p2a: Corviknight
|-heal|p2a: Corviknight|83/100
|-singleturn|p2a: Corviknight|move: Roost
|
|-heal|p2a: Corviknight|90/100|[from] item: Leftovers
|upkeep
|turn|49
|
|t:|1757944890
|move|p1a: Fezandipiti|Calm Mind|p1a: Fezandipiti
|-boost|p1a: Fezandipiti|spa|1
|-boost|p1a: Fezandipiti|spd|1
|move|p2a: Corviknight|Body Press|p1a: Fezandipiti
|-damage|p1a: Fezandipiti|21/100
|
|-heal|p2a: Corviknight|96/100|[from] item: Leftovers
|upkeep
|turn|50
|
|t:|1757944897
|move|p1a: Fezandipiti|Moonblast|p2a: Corviknight
|-resisted|p2a: Corviknight
|-damage|p2a: Corviknight|72/100
|move|p2a: Corviknight|Body Press|p1a: Fezandipiti
|-damage|p1a: Fezandipiti|0 fnt
|faint|p1a: Fezandipiti
|
|-heal|p2a: Corviknight|78/100|[from] item: Leftovers
|upkeep
|
|t:|1757944903
|switch|p1a: Leviatan|Hydrapple, M|100/100
|turn|51
|l|☆penguinshen
|inactive|penguinshen disconnected and has a minute to reconnect!
|player|p2|
|j|☆penguinshen
|inactive|penguinshen reconnected and has 135 seconds left.
|player|p2|penguinshen|169|
|
|t:|1757944923
|move|p2a: Corviknight|Hurricane|p1a: Leviatan
|-supereffective|p1a: Leviatan
|-damage|p1a: Leviatan|72/100
|move|p1a: Leviatan|Nasty Plot|p1a: Leviatan
|-boost|p1a: Leviatan|spa|2
|
|-heal|p2a: Corviknight|84/100|[from] item: Leftovers
|upkeep
|turn|52
|
|t:|1757944933
|move|p2a: Corviknight|Body Press|p1a: Leviatan
|-damage|p1a: Leviatan|11/100
|move|p1a: Leviatan|Fickle Beam|p2a: Corviknight|[anim] Fickle Beam All Out
|-activate|p1a: Leviatan|move: Fickle Beam
|-resisted|p2a: Corviknight
|-damage|p2a: Corviknight|4/100
|
|-heal|p2a: Corviknight|10/100|[from] item: Leftovers
|upkeep
|turn|53
|
|t:|1757944944
|move|p2a: Corviknight|Body Press|p1a: Leviatan
|-damage|p1a: Leviatan|0 fnt
|faint|p1a: Leviatan
|
|win|penguinshen
|raw|bakedpaladin's rating: 1024 &rarr; <strong>1009</strong><br />(-15 for losing)
|raw|penguinshen's rating: 1000 &rarr; <strong>1043</strong><br />(+43 for winning)
|l|☆bakedpaladin
|player|p1|
