|j|☆Fat Nerd 22
|j|☆molethekiller6
|t:|1757865924
|gametype|singles
|player|p1|Fat Nerd 22|266|1259
|player|p2|molethekiller6|unknown|1266
|gen|9
|tier|[Gen 9] OU
|rated|
|rule|HP Percentage Mod: HP is shown in percentages
|rule|Endless Battle Clause: Forcing endless battles is banned
|rule|Species Clause: Limit one of each Pokémon
|rule|OHKO Clause: OHKO moves are banned
|rule|Evasion Items Clause: Evasion items are banned
|rule|Evasion Moves Clause: Evasion moves are banned
|rule|Evasion Abilities Clause: Evasion abilities are banned
|rule|Sleep Moves Clause: Sleep-inducing moves are banned
|clearpoke
|poke|p1|Iron Crown|
|poke|p1|Kingambit, M|
|poke|p1|Scyther, F|
|poke|p1|Armarouge, M|
|poke|p1|Salamence, F|
|poke|p1|Forretress, M|
|poke|p2|Meowscarada, F|
|poke|p2|Quagsire, F|
|poke|p2|Glimmora, M|
|poke|p2|Darkrai|
|poke|p2|Gliscor, F|
|poke|p2|Cloyster, M|
|teampreview
|
|t:|1757865933
|teamsize|p1|6
|teamsize|p2|6
|start
|switch|p1a: Kingambit|Kingambit, M|100/100
|switch|p2a: Cloyster|Cloyster, M, shiny|100/100
|turn|1
|
|t:|1757865939
|-terastallize|p2a: Cloyster|Stellar
|move|p2a: Cloyster|Shell Smash|p2a: Cloyster
|-unboost|p2a: Cloyster|def|1
|-unboost|p2a: Cloyster|spd|1
|-boost|p2a: Cloyster|atk|2
|-boost|p2a: Cloyster|spa|2
|-boost|p2a: Cloyster|spe|2
|-enditem|p2a: Cloyster|White Herb
|-clearnegativeboost|p2a: Cloyster|[silent]
|move|p1a: Kingambit|Swords Dance|p1a: Kingambit
|-boost|p1a: Kingambit|atk|2
|
|upkeep
|turn|2
|
|t:|1757865950
|move|p2a: Cloyster|Drill Run|p1a: Kingambit
|-supereffective|p1a: Kingambit
|-damage|p1a: Kingambit|18/100
|move|p1a: Kingambit|Iron Head|p2a: Cloyster
|-crit|p2a: Cloyster
|-damage|p2a: Cloyster|8/100
|
|upkeep
|turn|3
|
|t:|1757865957
|move|p1a: Kingambit|Sucker Punch|p2a: Cloyster
|-damage|p2a: Cloyster|0 fnt
|faint|p2a: Cloyster
|
|upkeep
|
|t:|1757865963
|switch|p2a: Quagsire|Quagsire, F, shiny|100/100
|turn|4
|
|t:|1757865968
|move|p1a: Kingambit|Rest|p1a: Kingambit
|-status|p1a: Kingambit|slp|[from] move: Rest
|-enditem|p1a: Kingambit|Lum Berry|[eat]
|-curestatus|p1a: Kingambit|slp|[msg]
|-heal|p1a: Kingambit|100/100|[silent]
|move|p2a: Quagsire|Drain Punch|p1a: Kingambit
|-supereffective|p1a: Kingambit
|-damage|p1a: Kingambit|40/100
|
|upkeep
|turn|5
|j| Shujuku
|
|t:|1757865981
|switch|p1a: Salamence|Salamence, F|100/100
|-ability|p1a: Salamence|Intimidate|boost
|-unboost|p2a: Quagsire|atk|1
|move|p2a: Quagsire|Ice Punch|p1a: Salamence
|-supereffective|p1a: Salamence
|-damage|p1a: Salamence|27/100
|
|upkeep
|turn|6
|
|t:|1757865992
|switch|p1a: Forretress|Forretress, M|100/100
|move|p2a: Quagsire|Ice Punch|p1a: Forretress
|-resisted|p1a: Forretress
|-damage|p1a: Forretress|96/100
|
|upkeep
|turn|7
|inactive|Battle timer is ON: inactive players will automatically lose when time's up. (requested by Fat Nerd 22)
|
|t:|1757866000
|move|p1a: Forretress|Stealth Rock|p2a: Quagsire
|-sidestart|p2: molethekiller6|move: Stealth Rock
|move|p2a: Quagsire|High Horsepower|p1a: Forretress
|-damage|p1a: Forretress|78/100
|
|upkeep
|turn|8
|
|t:|1757866007
|move|p1a: Forretress|Rapid Spin|p2a: Quagsire
|-damage|p2a: Quagsire|90/100
|-boost|p1a: Forretress|spe|1
|-damage|p1a: Forretress|61/100|[from] item: Rocky Helmet|[of] p2a: Quagsire
|move|p2a: Quagsire|Liquidation|p1a: Forretress
|-damage|p1a: Forretress|47/100
|
|upkeep
|turn|9
|
|t:|1757866022
|move|p1a: Forretress|Explosion|p2a: Quagsire
|-damage|p2a: Quagsire|35/100
|faint|p1a: Forretress
|move|p2a: Quagsire|Drain Punch|p1: Forretress|[notarget]
|-fail|p2a: Quagsire
|
|upkeep
|
|t:|1757866028
|switch|p1a: Iron Crown|Iron Crown|100/100
|-enditem|p1a: Iron Crown|Booster Energy
|-activate|p1a: Iron Crown|ability: Quark Drive|[fromitem]
|-start|p1a: Iron Crown|quarkdrivespa
|turn|10
|
|t:|1757866034
|move|p1a: Iron Crown|Agility|p1a: Iron Crown
|-boost|p1a: Iron Crown|spe|2
|move|p2a: Quagsire|High Horsepower|p1a: Iron Crown
|-supereffective|p1a: Iron Crown
|-damage|p1a: Iron Crown|50/100
|
|upkeep
|turn|11
|
|t:|1757866041
|move|p1a: Iron Crown|Psychic|p2a: Quagsire
|-damage|p2a: Quagsire|0 fnt
|faint|p2a: Quagsire
|
|upkeep
|
|t:|1757866046
|switch|p2a: Meowscarada|Meowscarada, F, shiny|100/100
|-damage|p2a: Meowscarada|88/100|[from] Stealth Rock
|turn|12
|
|t:|1757866054
|-terastallize|p1a: Iron Crown|Steel
|move|p1a: Iron Crown|Steel Beam|p2a: Meowscarada
|-damage|p2a: Meowscarada|0 fnt
|-damage|p1a: Iron Crown|0 fnt|[from] steelbeam
|faint|p1a: Iron Crown
|-end|p1a: Iron Crown|Quark Drive|[silent]
|faint|p2a: Meowscarada
|
|upkeep
|
|t:|1757866067
|switch|p2a: Gliscor|Gliscor, F, shiny|100/100
|switch|p1a: Salamence|Salamence, F|27/100
|-ability|p1a: Salamence|Intimidate|boost
|-unboost|p2a: Gliscor|atk|1
|-damage|p2a: Gliscor|88/100|[from] Stealth Rock
|turn|13
|
|t:|1757866074
|move|p1a: Salamence|Dragon Dance|p1a: Salamence
|-boost|p1a: Salamence|atk|1
|-boost|p1a: Salamence|spe|1
|move|p2a: Gliscor|Ice Fang|p1a: Salamence
|-supereffective|p1a: Salamence
|-damage|p1a: Salamence|0 fnt
|faint|p1a: Salamence
|
|-status|p2a: Gliscor|tox|[from] item: Toxic Orb
|upkeep
|
|t:|1757866090
|switch|p1a: Scyther|Scyther, F|100/100
|turn|14
|
|t:|1757866093
|move|p1a: Scyther|Dual Wingbeat|p2a: Gliscor
|-damage|p2a: Gliscor|60/100 tox
|-damage|p2a: Gliscor|31/100 tox
|-hitcount|p2a: Gliscor|2
|move|p2a: Gliscor|Substitute|p2a: Gliscor
|-start|p2a: Gliscor|Substitute
|-damage|p2a: Gliscor|6/100 tox
|
|-heal|p2a: Gliscor|19/100 tox|[from] ability: Poison Heal
|upkeep
|turn|15
|
|t:|1757866103
|move|p1a: Scyther|Dual Wingbeat|p2a: Gliscor|[miss]
|-miss|p1a: Scyther|p2a: Gliscor
|move|p2a: Gliscor|Ice Fang|p1a: Scyther
|-supereffective|p1a: Scyther
|-damage|p1a: Scyther|76/100
|
|-heal|p2a: Gliscor|31/100 tox|[from] ability: Poison Heal
|upkeep
|turn|16
|
|t:|1757866111
|move|p1a: Scyther|Dual Wingbeat|p2a: Gliscor
|-end|p2a: Gliscor|Substitute
|-crit|p2a: Gliscor
|-damage|p2a: Gliscor|0 fnt
|faint|p2a: Gliscor
|-hitcount|p2: Gliscor|2
|
|upkeep
|
|t:|1757866118
|switch|p2a: Glimmora|Glimmora, M, shiny|100/100
|-damage|p2a: Glimmora|88/100|[from] Stealth Rock
|turn|17
|
|t:|1757866126
|switch|p1a: Armarouge|Armarouge, M|100/100
|move|p2a: Glimmora|Spiky Shield||[still]
|-fail|p2a: Glimmora
|
|upkeep
|turn|18
|
|t:|1757866134
|move|p2a: Glimmora|Spiky Shield|p2a: Glimmora
|-singleturn|p2a: Glimmora|move: Protect
|move|p1a: Armarouge|Psychic|p2a: Glimmora
|-activate|p2a: Glimmora|move: Protect
|
|upkeep
|turn|19
|
|t:|1757866140
|move|p2a: Glimmora|Spikes|p1a: Armarouge
|-sidestart|p1: Fat Nerd 22|Spikes
|move|p1a: Armarouge|Calm Mind|p1a: Armarouge
|-boost|p1a: Armarouge|spa|1
|-boost|p1a: Armarouge|spd|1
|
|upkeep
|turn|20
|
|t:|1757866146
|move|p2a: Glimmora|Stealth Rock|p1a: Armarouge
|-sidestart|p1: Fat Nerd 22|move: Stealth Rock
|move|p1a: Armarouge|Psychic|p2a: Glimmora
|-supereffective|p2a: Glimmora
|-damage|p2a: Glimmora|0 fnt
|faint|p2a: Glimmora
|
|upkeep
|
|t:|1757866152
|switch|p2a: Darkrai|Darkrai, shiny|100/100
|-damage|p2a: Darkrai|88/100|[from] Stealth Rock
|turn|21
|
|t:|1757866157
|move|p2a: Darkrai|Nasty Plot|p2a: Darkrai
|-boost|p2a: Darkrai|spa|2
|move|p1a: Armarouge|Armor Cannon|p2a: Darkrai
|-damage|p2a: Darkrai|0 fnt
|-unboost|p1a: Armarouge|def|1
|-unboost|p1a: Armarouge|spd|1
|faint|p2a: Darkrai
|
|win|Fat Nerd 22
|raw|Fat Nerd 22's rating: 1259 &rarr; <strong>1285</strong><br />(+26 for winning)
|raw|molethekiller6's rating: 1266 &rarr; <strong>1240</strong><br />(-26 for losing)
|l|☆molethekiller6
|player|p2|
|l|☆Fat Nerd 22
|player|p1|
|l| Shujuku
