|j|☆tomatic
|j|☆Passerby bye
|t:|1757852885
|gametype|singles
|player|p1|tomatic|blackbelt-gen4dp|1561
|player|p2|Passerby bye|cyclist|1530
|gen|9
|tier|[Gen 9] OU
|rated|
|rule|HP Percentage Mod: HP is shown in percentages
|rule|Endless Battle Clause: Forcing endless battles is banned
|rule|Species Clause: Limit one of each Pokémon
|rule|OHKO Clause: OHKO moves are banned
|rule|Evasion Items Clause: Evasion items are banned
|rule|Evasion Moves Clause: Evasion moves are banned
|rule|Evasion Abilities Clause: Evasion abilities are banned
|rule|Sleep Moves Clause: Sleep-inducing moves are banned
|clearpoke
|poke|p1|Maushold-Four|
|poke|p1|Scizor, F|
|poke|p1|Landorus-Therian, M|
|poke|p1|Dragonite, F|
|poke|p1|Hatterene, F|
|poke|p1|Rotom-Wash|
|poke|p2|Magnezone|
|poke|p2|Vileplume, M|
|poke|p2|Gyarados, F|
|poke|p2|Houndoom, F|
|poke|p2|Mamoswine, F|
|poke|p2|Azumarill, M|
|teampreview
|inactive|Battle timer is ON: inactive players will automatically lose when time's up. (requested by Passerby bye)
|
|t:|1757852948
|teamsize|p1|6
|teamsize|p2|6
|start
|switch|p1a: Hatterene|Hatterene, F|100/100
|switch|p2a: Legend Pkmn sucks|Magnezone|100/100
|turn|1
|
|t:|1757852952
|switch|p1a: Rotom|Rotom-Wash|100/100
|move|p2a: Legend Pkmn sucks|Flash Cannon|p1a: Rotom
|-resisted|p1a: Rotom
|-damage|p1a: Rotom|69/100
|
|upkeep
|turn|2
|
|t:|1757852958
|switch|p2a: Ordinary Pkmn only|Vileplume, M|100/100
|move|p1a: Rotom|Hydro Pump|p2a: Ordinary Pkmn only|[miss]
|-miss|p1a: Rotom|p2a: Ordinary Pkmn only
|
|upkeep
|turn|3
|
|t:|1757852966
|switch|p1a: Landorus|Landorus-Therian, M|100/100
|-ability|p1a: Landorus|Intimidate|boost
|-unboost|p2a: Ordinary Pkmn only|atk|1
|move|p2a: Ordinary Pkmn only|Leech Seed|p1a: Landorus
|-start|p1a: Landorus|move: Leech Seed
|
|-damage|p1a: Landorus|88/100|[from] Leech Seed|[of] p2a: Ordinary Pkmn only
|upkeep
|turn|4
|
|t:|1757852973
|move|p1a: Landorus|Stealth Rock|p2a: Ordinary Pkmn only
|-sidestart|p2: Passerby bye|move: Stealth Rock
|move|p2a: Ordinary Pkmn only|Leech Seed||[still]
|-fail|p2a: Ordinary Pkmn only
|
|-damage|p1a: Landorus|76/100|[from] Leech Seed|[of] p2a: Ordinary Pkmn only
|upkeep
|turn|5
|
|t:|1757852984
|move|p1a: Landorus|U-turn|p2a: Ordinary Pkmn only
|-damage|p2a: Ordinary Pkmn only|82/100
|-damage|p1a: Landorus|59/100|[from] item: Rocky Helmet|[of] p2a: Ordinary Pkmn only
|
|t:|1757852987
|switch|p1a: Hatterene|Hatterene, F|100/100|[from] U-turn
|move|p2a: Ordinary Pkmn only|Leech Seed|p1a: Hatterene
|move|p1a: Hatterene|Leech Seed|p2a: Ordinary Pkmn only|[from] ability: Magic Bounce
|-immune|p2a: Ordinary Pkmn only
|
|upkeep
|turn|6
|
|t:|1757852994
|switch|p2a: Legend Pkmn sucks|Magnezone|100/100
|-damage|p2a: Legend Pkmn sucks|94/100|[from] Stealth Rock
|move|p1a: Hatterene|Psychic Noise|p2a: Legend Pkmn sucks
|-resisted|p2a: Legend Pkmn sucks
|-damage|p2a: Legend Pkmn sucks|71/100
|-start|p2a: Legend Pkmn sucks|move: Heal Block
|
|upkeep
|turn|7
|
|t:|1757853000
|switch|p1a: Landorus|Landorus-Therian, M|59/100
|-ability|p1a: Landorus|Intimidate|boost
|-unboost|p2a: Legend Pkmn sucks|atk|1
|move|p2a: Legend Pkmn sucks|Thunderbolt|p1a: Landorus
|-immune|p1a: Landorus
|
|-end|p2a: Legend Pkmn sucks|move: Heal Block
|upkeep
|turn|8
|
|t:|1757853006
|switch|p2a: BST＞540 Pkmn sucks|Gyarados, F, shiny|100/100
|-ability|p2a: BST＞540 Pkmn sucks|Intimidate|boost
|-unboost|p1a: Landorus|atk|1
|move|p1a: Landorus|U-turn|p2a: BST＞540 Pkmn sucks
|-resisted|p2a: BST＞540 Pkmn sucks
|-damage|p2a: BST＞540 Pkmn sucks|94/100
|
|t:|1757853013
|switch|p1a: Maushold|Maushold-Four|100/100|[from] U-turn
|
|upkeep
|turn|9
|
|t:|1757853020
|move|p1a: Maushold|Population Bomb|p2a: BST＞540 Pkmn sucks
|-damage|p2a: BST＞540 Pkmn sucks|84/100
|-damage|p2a: BST＞540 Pkmn sucks|73/100
|-damage|p2a: BST＞540 Pkmn sucks|63/100
|-damage|p2a: BST＞540 Pkmn sucks|53/100
|-damage|p2a: BST＞540 Pkmn sucks|42/100
|-damage|p2a: BST＞540 Pkmn sucks|30/100
|-damage|p2a: BST＞540 Pkmn sucks|20/100
|-damage|p2a: BST＞540 Pkmn sucks|10/100
|-damage|p2a: BST＞540 Pkmn sucks|0 fnt
|faint|p2a: BST＞540 Pkmn sucks
|-hitcount|p2: BST＞540 Pkmn sucks|9
|
|upkeep
|
|t:|1757853024
|switch|p2a: Legend Pkmn sucks|Magnezone|71/100
|-damage|p2a: Legend Pkmn sucks|65/100|[from] Stealth Rock
|turn|10
|
|t:|1757853029
|switch|p1a: Landorus|Landorus-Therian, M|59/100
|-ability|p1a: Landorus|Intimidate|boost
|-unboost|p2a: Legend Pkmn sucks|atk|1
|move|p2a: Legend Pkmn sucks|Flash Cannon|p1a: Landorus
|-damage|p1a: Landorus|0 fnt
|faint|p1a: Landorus
|
|upkeep
|
|t:|1757853039
|switch|p1a: Dragonite|Dragonite, F|100/100
|turn|11
|
|t:|1757853051
|switch|p2a: Ordinary Pkmn only|Vileplume, M|82/100
|-damage|p2a: Ordinary Pkmn only|70/100|[from] Stealth Rock
|move|p1a: Dragonite|Earthquake|p2a: Ordinary Pkmn only
|-damage|p2a: Ordinary Pkmn only|42/100
|
|upkeep
|turn|12
|
|t:|1757853079
|switch|p1a: Hatterene|Hatterene, F|100/100
|move|p2a: Ordinary Pkmn only|Strength Sap|p1a: Hatterene
|move|p1a: Hatterene|Strength Sap|p2a: Ordinary Pkmn only|[from] ability: Magic Bounce
|-unboost|p2a: Ordinary Pkmn only|atk|1
|
|upkeep
|turn|13
|inactive|tomatic has 120 seconds left.
|
|t:|1757853112
|switch|p2a: Weather Team sucks|Houndoom, F|100/100
|move|p1a: Hatterene|Mystical Fire|p2a: Weather Team sucks
|-start|p2a: Weather Team sucks|ability: Flash Fire
|
|upkeep
|turn|14
|
|t:|1757853118
|move|p2a: Weather Team sucks|Fire Blast|p1a: Hatterene
|-damage|p1a: Hatterene|55/100
|move|p1a: Hatterene|Nuzzle|p2a: Weather Team sucks
|-damage|p2a: Weather Team sucks|93/100
|-status|p2a: Weather Team sucks|par
|
|upkeep
|turn|15
|
|t:|1757853128
|switch|p1a: Rotom|Rotom-Wash|69/100
|move|p2a: Weather Team sucks|Dark Pulse|p1a: Rotom
|-crit|p1a: Rotom
|-damage|p1a: Rotom|0 fnt
|faint|p1a: Rotom
|
|upkeep
|inactive|tomatic has 120 seconds left.
|
|t:|1757853134
|switch|p1a: Maushold|Maushold-Four|100/100
|turn|16
|
|t:|1757853141
|-terastallize|p2a: Weather Team sucks|Ghost
|move|p1a: Maushold|Population Bomb|p2a: Weather Team sucks
|-immune|p2a: Weather Team sucks
|cant|p2a: Weather Team sucks|par
|
|upkeep
|turn|17
|
|t:|1757853151
|switch|p1a: Hatterene|Hatterene, F|55/100
|cant|p2a: Weather Team sucks|par
|
|upkeep
|turn|18
|
|t:|1757853158
|move|p2a: Weather Team sucks|Fire Blast|p1a: Hatterene
|-damage|p1a: Hatterene|2/100
|move|p1a: Hatterene|Psychic Noise|p2a: Weather Team sucks
|-damage|p2a: Weather Team sucks|36/100 par
|-start|p2a: Weather Team sucks|move: Heal Block
|
|upkeep
|turn|19
|
|t:|1757853164
|cant|p2a: Weather Team sucks|par
|move|p1a: Hatterene|Psychic Noise|p2a: Weather Team sucks
|-damage|p2a: Weather Team sucks|0 fnt
|faint|p2a: Weather Team sucks
|
|upkeep
|
|t:|1757853171
|switch|p2a: Legend Pkmn sucks|Magnezone|65/100
|-damage|p2a: Legend Pkmn sucks|59/100|[from] Stealth Rock
|turn|20
|
|t:|1757853174
|move|p2a: Legend Pkmn sucks|Thunderbolt|p1a: Hatterene
|-damage|p1a: Hatterene|0 fnt
|faint|p1a: Hatterene
|
|upkeep
|
|t:|1757853179
|switch|p1a: Scizor|Scizor, F|100/100
|turn|21
|
|t:|1757853186
|move|p1a: Scizor|Swords Dance|p1a: Scizor
|-boost|p1a: Scizor|atk|2
|move|p2a: Legend Pkmn sucks|Thunderbolt|p1a: Scizor
|-damage|p1a: Scizor|0 fnt
|faint|p1a: Scizor
|
|upkeep
|
|t:|1757853191
|switch|p1a: Dragonite|Dragonite, F|100/100
|turn|22
|
|t:|1757853199
|move|p1a: Dragonite|Dragon Dance|p1a: Dragonite
|-boost|p1a: Dragonite|atk|1
|-boost|p1a: Dragonite|spe|1
|move|p2a: Legend Pkmn sucks|Thunderbolt|p1a: Dragonite
|-damage|p1a: Dragonite|48/100
|
|-heal|p1a: Dragonite|55/100|[from] item: Leftovers
|upkeep
|turn|23
|
|t:|1757853206
|move|p1a: Dragonite|Earthquake|p2a: Legend Pkmn sucks
|-supereffective|p2a: Legend Pkmn sucks
|-damage|p2a: Legend Pkmn sucks|0 fnt
|faint|p2a: Legend Pkmn sucks
|
|-heal|p1a: Dragonite|61/100|[from] item: Leftovers
|upkeep
|
|t:|1757853210
|switch|p2a: Ordinary Pkmn only|Vileplume, M|42/100
|-damage|p2a: Ordinary Pkmn only|29/100|[from] Stealth Rock
|turn|24
|
|t:|1757853214
|move|p1a: Dragonite|Earthquake|p2a: Ordinary Pkmn only
|-damage|p2a: Ordinary Pkmn only|0 fnt
|faint|p2a: Ordinary Pkmn only
|
|-heal|p1a: Dragonite|67/100|[from] item: Leftovers
|upkeep
|
|t:|1757853219
|switch|p2a: Terrain Team sucks|Mamoswine, F|100/100
|-damage|p2a: Terrain Team sucks|88/100|[from] Stealth Rock
|turn|25
|
|t:|1757853227
|-terastallize|p1a: Dragonite|Flying
|move|p2a: Terrain Team sucks|Ice Shard|p1a: Dragonite
|-supereffective|p1a: Dragonite
|-damage|p1a: Dragonite|15/100
|move|p1a: Dragonite|Tera Blast|p2a: Terrain Team sucks|[anim] Tera Blast Flying
|-damage|p2a: Terrain Team sucks|1/100
|
|-heal|p1a: Dragonite|21/100|[from] item: Leftovers
|upkeep
|turn|26
|
|t:|1757853237
|move|p2a: Terrain Team sucks|Ice Shard|p1a: Dragonite
|-supereffective|p1a: Dragonite
|-damage|p1a: Dragonite|0 fnt
|faint|p1a: Dragonite
|
|upkeep
|
|t:|1757853238
|switch|p1a: Maushold|Maushold-Four|100/100
|turn|27
|
|t:|1757853251
|move|p2a: Terrain Team sucks|Ice Shard|p1a: Maushold
|-crit|p1a: Maushold
|-damage|p1a: Maushold|50/100
|move|p1a: Maushold|Bite|p2a: Terrain Team sucks
|-damage|p2a: Terrain Team sucks|0 fnt
|faint|p2a: Terrain Team sucks
|
|upkeep
|
|t:|1757853257
|switch|p2a: Sample Team sucks|Azumarill, M|100/100
|-damage|p2a: Sample Team sucks|88/100|[from] Stealth Rock
|turn|28
|
|t:|1757853260
|move|p2a: Sample Team sucks|Aqua Jet|p1a: Maushold
|-damage|p1a: Maushold|7/100
|move|p1a: Maushold|Population Bomb|p2a: Sample Team sucks
|-damage|p2a: Sample Team sucks|77/100
|-damage|p2a: Sample Team sucks|65/100
|-damage|p2a: Sample Team sucks|54/100
|-damage|p2a: Sample Team sucks|42/100
|-damage|p2a: Sample Team sucks|29/100
|-damage|p2a: Sample Team sucks|18/100
|-damage|p2a: Sample Team sucks|7/100
|-damage|p2a: Sample Team sucks|0 fnt
|faint|p2a: Sample Team sucks
|-hitcount|p2: Sample Team sucks|8
|
|win|tomatic
|raw|tomatic's rating: 1561 &rarr; <strong>1579</strong><br />(+18 for winning)
|raw|Passerby bye's rating: 1530 &rarr; <strong>1512</strong><br />(-18 for losing)
|c|☆tomatic|gg
|c|☆tomatic|love your philosophy
|l|☆tomatic
|player|p1|
|l|☆Passerby bye
|player|p2|
