|j|☆NVVCZDGIII
|j|☆mustang Dijon
|t:|1757792468
|gametype|singles
|player|p1|NVVCZDGIII|102|1172
|player|p2|mustang Dijon|blue|1188
|gen|9
|tier|[Gen 9] OU
|rated|
|rule|HP Percentage Mod: HP is shown in percentages
|rule|Endless Battle Clause: Forcing endless battles is banned
|rule|Species Clause: Limit one of each Pokémon
|rule|OHKO Clause: OHKO moves are banned
|rule|Evasion Items Clause: Evasion items are banned
|rule|Evasion Moves Clause: Evasion moves are banned
|rule|Evasion Abilities Clause: Evasion abilities are banned
|rule|Sleep Moves Clause: Sleep-inducing moves are banned
|clearpoke
|poke|p1|Gengar, M|
|poke|p1|Dragonite, M|
|poke|p1|Cloyster, M|
|poke|p1|Kingambit, M|
|poke|p1|Blaziken, F|
|poke|p1|Serperior, M|
|poke|p2|Inteleon, F|
|poke|p2|Zapdos|
|poke|p2|Ursaluna, F|
|poke|p2|Ogerpon-Wellspring, F|
|poke|p2|Azumarill, M|
|poke|p2|Sinistcha|
|teampreview
|inactive|Battle timer is ON: inactive players will automatically lose when time's up. (requested by mustang Dijon)
|
|t:|1757792480
|teamsize|p1|6
|teamsize|p2|6
|start
|switch|p1a: Gengar|Gengar, M|100/100
|switch|p2a: Inteleon|Inteleon, F|100/100
|turn|1
|
|t:|1757792489
|switch|p2a: OkLoser|Ursaluna, F|100/100
|move|p1a: Gengar|Shadow Ball|p2a: OkLoser
|-immune|p2a: OkLoser
|
|upkeep
|turn|2
|
|t:|1757792493
|move|p1a: Gengar|Taunt|p2a: OkLoser
|-start|p2a: OkLoser|move: Taunt
|move|p2a: OkLoser|Crunch|p1a: Gengar
|-supereffective|p1a: Gengar
|-damage|p1a: Gengar|7/100
|
|upkeep
|turn|3
|
|t:|1757792498
|move|p1a: Gengar|Destiny Bond|p1a: Gengar
|-singlemove|p1a: Gengar|Destiny Bond
|move|p2a: OkLoser|Crunch|p1a: Gengar
|-supereffective|p1a: Gengar
|-damage|p1a: Gengar|0 fnt
|faint|p1a: Gengar
|-activate|p1a: Gengar|move: Destiny Bond
|faint|p2a: OkLoser
|
|upkeep
|inactive|NVVCZDGIII has 120 seconds left.
|
|t:|1757792531
|switch|p1a: Serperior|Serperior, M|100/100
|switch|p2a: Azuzu|Zapdos|100/100
|turn|4
|
|t:|1757792534
|move|p1a: Serperior|Leaf Storm|p2a: Azuzu
|-resisted|p2a: Azuzu
|-damage|p2a: Azuzu|84/100
|-boost|p1a: Serperior|spa|2
|move|p2a: Azuzu|Air Cutter|p1a: Serperior
|-supereffective|p1a: Serperior
|-damage|p1a: Serperior|31/100
|
|upkeep
|turn|5
|
|t:|1757792542
|move|p1a: Serperior|Leaf Storm|p2a: Azuzu
|-resisted|p2a: Azuzu
|-damage|p2a: Azuzu|48/100
|-boost|p1a: Serperior|spa|2
|move|p2a: Azuzu|Air Cutter|p1a: Serperior
|-supereffective|p1a: Serperior
|-damage|p1a: Serperior|0 fnt
|faint|p1a: Serperior
|
|upkeep
|
|t:|1757792549
|switch|p1a: Cloyster|Cloyster, M|100/100
|turn|6
|
|t:|1757792551
|move|p2a: Azuzu|Thunderbolt|p1a: Cloyster
|-supereffective|p1a: Cloyster
|-enditem|p1a: Cloyster|Focus Sash
|-damage|p1a: Cloyster|1/100
|move|p1a: Cloyster|Shell Smash|p1a: Cloyster
|-unboost|p1a: Cloyster|def|1
|-unboost|p1a: Cloyster|spd|1
|-boost|p1a: Cloyster|atk|2
|-boost|p1a: Cloyster|spa|2
|-boost|p1a: Cloyster|spe|2
|
|upkeep
|turn|7
|
|t:|1757792556
|move|p1a: Cloyster|Ice Shard|p2a: Azuzu
|-supereffective|p2a: Azuzu
|-damage|p2a: Azuzu|0 fnt
|faint|p2a: Azuzu
|
|upkeep
|
|t:|1757792557
|switch|p2a: SumTing|Azumarill, M|100/100
|turn|8
|
|t:|1757792559
|move|p1a: Cloyster|Ice Shard|p2a: SumTing
|-resisted|p2a: SumTing
|-crit|p2a: SumTing
|-damage|p2a: SumTing|75/100
|move|p2a: SumTing|Aqua Jet|p1a: Cloyster
|-resisted|p1a: Cloyster
|-damage|p1a: Cloyster|0 fnt
|faint|p1a: Cloyster
|
|-heal|p2a: SumTing|81/100|[from] item: Leftovers
|upkeep
|
|t:|1757792566
|switch|p1a: Dragonite|Dragonite, M|100/100
|turn|9
|
|t:|1757792569
|move|p1a: Dragonite|Dragon Dance|p1a: Dragonite
|-boost|p1a: Dragonite|atk|1
|-boost|p1a: Dragonite|spe|1
|move|p2a: SumTing|Ice Spinner|p1a: Dragonite
|-supereffective|p1a: Dragonite
|-damage|p1a: Dragonite|36/100
|-enditem|p1a: Dragonite|Weakness Policy
|-boost|p1a: Dragonite|atk|2|[from] item: Weakness Policy
|-boost|p1a: Dragonite|spa|2|[from] item: Weakness Policy
|
|-heal|p2a: SumTing|87/100|[from] item: Leftovers
|upkeep
|turn|10
|
|t:|1757792575
|-terastallize|p1a: Dragonite|Normal
|move|p1a: Dragonite|Extreme Speed|p2a: SumTing
|-damage|p2a: SumTing|0 fnt
|faint|p2a: SumTing
|
|upkeep
|
|t:|1757792581
|switch|p2a: SaySo|Sinistcha|100/100
|turn|11
|
|t:|1757792598
|move|p1a: Dragonite|Extreme Speed|p2a: SaySo
|-immune|p2a: SaySo
|move|p2a: SaySo|Matcha Gotcha|p1a: Dragonite
|-damage|p1a: Dragonite|4/100
|
|upkeep
|turn|12
|
|t:|1757792604
|move|p1a: Dragonite|Roost|p1a: Dragonite
|-heal|p1a: Dragonite|54/100
|move|p2a: SaySo|Matcha Gotcha|p1a: Dragonite
|-damage|p1a: Dragonite|22/100
|
|upkeep
|turn|13
|
|t:|1757792607
|move|p1a: Dragonite|Roost|p1a: Dragonite
|-heal|p1a: Dragonite|72/100
|move|p2a: SaySo|Matcha Gotcha|p1a: Dragonite
|-damage|p1a: Dragonite|40/100
|
|upkeep
|turn|14
|
|t:|1757792609
|move|p1a: Dragonite|Earthquake|p2a: SaySo
|-resisted|p2a: SaySo
|-damage|p2a: SaySo|62/100
|move|p2a: SaySo|Matcha Gotcha|p1a: Dragonite|[miss]
|-miss|p2a: SaySo|p1a: Dragonite
|
|upkeep
|turn|15
|
|t:|1757792615
|move|p1a: Dragonite|Roost|p1a: Dragonite
|-heal|p1a: Dragonite|90/100
|move|p2a: SaySo|Strength Sap|p1a: Dragonite
|-unboost|p1a: Dragonite|atk|1
|-heal|p2a: SaySo|100/100
|
|upkeep
|turn|16
|
|t:|1757792618
|move|p1a: Dragonite|Earthquake|p2a: SaySo
|-resisted|p2a: SaySo
|-damage|p2a: SaySo|67/100
|move|p2a: SaySo|Matcha Gotcha|p1a: Dragonite
|-damage|p1a: Dragonite|56/100
|-heal|p2a: SaySo|89/100|[from] drain|[of] p1a: Dragonite
|
|upkeep
|turn|17
|
|t:|1757792629
|move|p1a: Dragonite|Dragon Dance|p1a: Dragonite
|-boost|p1a: Dragonite|atk|1
|-boost|p1a: Dragonite|spe|1
|move|p2a: SaySo|Matcha Gotcha|p1a: Dragonite
|-damage|p1a: Dragonite|25/100
|-heal|p2a: SaySo|100/100|[from] drain|[of] p1a: Dragonite
|
|upkeep
|turn|18
|
|t:|1757792637
|move|p1a: Dragonite|Roost|p1a: Dragonite
|-heal|p1a: Dragonite|75/100
|move|p2a: SaySo|Calm Mind|p2a: SaySo
|-boost|p2a: SaySo|spa|1
|-boost|p2a: SaySo|spd|1
|
|upkeep
|turn|19
|
|t:|1757792642
|move|p1a: Dragonite|Earthquake|p2a: SaySo
|-resisted|p2a: SaySo
|-damage|p2a: SaySo|65/100
|move|p2a: SaySo|Matcha Gotcha|p1a: Dragonite
|-damage|p1a: Dragonite|30/100
|-heal|p2a: SaySo|94/100|[from] drain|[of] p1a: Dragonite
|
|upkeep
|turn|20
|
|t:|1757792657
|move|p1a: Dragonite|Earthquake|p2a: SaySo
|-resisted|p2a: SaySo
|-damage|p2a: SaySo|56/100
|move|p2a: SaySo|Strength Sap|p1a: Dragonite
|-unboost|p1a: Dragonite|atk|1
|-heal|p2a: SaySo|100/100
|
|upkeep
|turn|21
|
|t:|1757792663
|move|p1a: Dragonite|Earthquake|p2a: SaySo
|-resisted|p2a: SaySo
|-damage|p2a: SaySo|68/100
|move|p2a: SaySo|Calm Mind|p2a: SaySo
|-boost|p2a: SaySo|spa|1
|-boost|p2a: SaySo|spd|1
|
|upkeep
|turn|22
|
|t:|1757792666
|move|p1a: Dragonite|Earthquake|p2a: SaySo
|-resisted|p2a: SaySo
|-crit|p2a: SaySo
|-damage|p2a: SaySo|22/100
|move|p2a: SaySo|Strength Sap|p1a: Dragonite
|-unboost|p1a: Dragonite|atk|1
|-heal|p2a: SaySo|100/100
|
|upkeep
|turn|23
|
|t:|1757792670
|move|p1a: Dragonite|Earthquake|p2a: SaySo
|-resisted|p2a: SaySo
|-damage|p2a: SaySo|77/100
|move|p2a: SaySo|Matcha Gotcha|p1a: Dragonite
|-damage|p1a: Dragonite|0 fnt
|-heal|p2a: SaySo|96/100|[from] drain|[of] p1a: Dragonite
|faint|p1a: Dragonite
|
|upkeep
|
|t:|1757792673
|switch|p1a: Blaziken|Blaziken, F|100/100
|-item|p1a: Blaziken|Air Balloon
|turn|24
|
|t:|1757792677
|move|p1a: Blaziken|Swords Dance|p1a: Blaziken
|-boost|p1a: Blaziken|atk|2
|move|p2a: SaySo|Shadow Ball|p1a: Blaziken
|-damage|p1a: Blaziken|4/100
|-enditem|p1a: Blaziken|Air Balloon
|
|-ability|p1a: Blaziken|Speed Boost|boost
|-boost|p1a: Blaziken|spe|1
|upkeep
|turn|25
|
|t:|1757792685
|move|p1a: Blaziken|Flare Blitz|p2a: SaySo
|-supereffective|p2a: SaySo
|-damage|p2a: SaySo|0 fnt
|faint|p2a: SaySo
|-damage|p1a: Blaziken|0 fnt|[from] Recoil
|faint|p1a: Blaziken
|
|upkeep
|
|t:|1757792689
|switch|p1a: Kingambit|Kingambit, M|100/100
|switch|p2a: Inteleon|Inteleon, F|100/100
|-activate|p1a: Kingambit|ability: Supreme Overlord
|-start|p1a: Kingambit|fallen5|[silent]
|turn|26
|
|t:|1757792693
|move|p2a: Inteleon|Vacuum Wave|p1a: Kingambit
|-supereffective|p1a: Kingambit
|-damage|p1a: Kingambit|43/100
|move|p1a: Kingambit|Sucker Punch||[still]
|-fail|p1a: Kingambit
|
|-heal|p1a: Kingambit|49/100|[from] item: Leftovers
|upkeep
|turn|27
|
|t:|1757792699
|move|p2a: Inteleon|Vacuum Wave|p1a: Kingambit
|-supereffective|p1a: Kingambit
|-damage|p1a: Kingambit|0 fnt
|faint|p1a: Kingambit
|-end|p1a: Kingambit|fallen5|[silent]
|
|win|mustang Dijon
|raw|NVVCZDGIII's rating: 1172 &rarr; <strong>1148</strong><br />(-24 for losing)
|raw|mustang Dijon's rating: 1188 &rarr; <strong>1212</strong><br />(+24 for winning)
|l|☆NVVCZDGIII
|player|p1|
