|j|☆yamadakouta
|j|☆lokchander
|t:|1757833985
|gametype|singles
|player|p1|yamadakouta|169|1250
|player|p2|lokchander|unknown|1212
|gen|9
|tier|[Gen 9] OU
|rated|
|rule|HP Percentage Mod: HP is shown in percentages
|rule|Endless Battle Clause: Forcing endless battles is banned
|rule|Species Clause: Limit one of each Pokémon
|rule|OHKO Clause: OHKO moves are banned
|rule|Evasion Items Clause: Evasion items are banned
|rule|Evasion Moves Clause: Evasion moves are banned
|rule|Evasion Abilities Clause: Evasion abilities are banned
|rule|Sleep Moves Clause: Sleep-inducing moves are banned
|clearpoke
|poke|p1|Kingambit, M|
|poke|p1|Espeon, F|
|poke|p1|Gholdengo|
|poke|p1|Crawdaunt, F|
|poke|p1|Greninja-*, M|
|poke|p1|Cloyster, F|
|poke|p2|Alomomola, F|
|poke|p2|Landorus-Therian, M|
|poke|p2|Entei|
|poke|p2|Gholdengo|
|poke|p2|Weezing-Galar, F|
|poke|p2|Wo-Chien|
|teampreview
|inactive|Battle timer is ON: inactive players will automatically lose when time's up. (requested by lokchander)
|
|t:|1757834013
|teamsize|p1|6
|teamsize|p2|6
|start
|switch|p1a: Crawdaunt|Crawdaunt, F|100/100
|switch|p2a: Landorus|Landorus-Therian, M|100/100
|-ability|p2a: Landorus|Intimidate|boost
|-unboost|p1a: Crawdaunt|atk|1
|turn|1
|
|t:|1757834022
|move|p2a: Landorus|U-turn|p1a: Crawdaunt
|-supereffective|p1a: Crawdaunt
|-crit|p1a: Crawdaunt
|-damage|p1a: Crawdaunt|1/100
|
|t:|1757834025
|switch|p2a: Wo-Chien|Wo-Chien|100/100|[from] U-turn
|-ability|p2a: Wo-Chien|Tablets of Ruin
|move|p1a: Crawdaunt|Dragon Dance|p1a: Crawdaunt
|-boost|p1a: Crawdaunt|atk|1
|-boost|p1a: Crawdaunt|spe|1
|
|upkeep
|turn|2
|
|t:|1757834035
|move|p1a: Crawdaunt|Knock Off|p2a: Wo-Chien
|-resisted|p2a: Wo-Chien
|-damage|p2a: Wo-Chien|86/100
|-enditem|p2a: Wo-Chien|Leftovers|[from] move: Knock Off|[of] p1a: Crawdaunt
|move|p2a: Wo-Chien|Leech Seed|p1a: Crawdaunt
|-start|p1a: Crawdaunt|move: Leech Seed
|
|-damage|p1a: Crawdaunt|0 fnt|[from] Leech Seed|[of] p2a: Wo-Chien
|-heal|p2a: Wo-Chien|86/100|[silent]
|faint|p1a: Crawdaunt
|upkeep
|
|t:|1757834049
|switch|p1a: Cloyster|Cloyster, F, shiny|100/100
|turn|3
|
|t:|1757834056
|move|p1a: Cloyster|Shell Smash|p1a: Cloyster
|-unboost|p1a: Cloyster|def|1
|-unboost|p1a: Cloyster|spd|1
|-boost|p1a: Cloyster|atk|2
|-boost|p1a: Cloyster|spa|2
|-boost|p1a: Cloyster|spe|2
|move|p2a: Wo-Chien|Leech Seed|p1a: Cloyster
|-start|p1a: Cloyster|move: Leech Seed
|
|-damage|p1a: Cloyster|88/100|[from] Leech Seed|[of] p2a: Wo-Chien
|-heal|p2a: Wo-Chien|94/100|[silent]
|upkeep
|turn|4
|
|t:|1757834067
|-terastallize|p2a: Wo-Chien|Water
|move|p1a: Cloyster|Icicle Spear|p2a: Wo-Chien
|-resisted|p2a: Wo-Chien
|-damage|p2a: Wo-Chien|90/100
|-resisted|p2a: Wo-Chien
|-damage|p2a: Wo-Chien|84/100
|-resisted|p2a: Wo-Chien
|-damage|p2a: Wo-Chien|79/100
|-resisted|p2a: Wo-Chien
|-crit|p2a: Wo-Chien
|-damage|p2a: Wo-Chien|71/100
|-resisted|p2a: Wo-Chien
|-damage|p2a: Wo-Chien|66/100
|-hitcount|p2a: Wo-Chien|5
|move|p2a: Wo-Chien|Power Whip|p1a: Cloyster
|-supereffective|p1a: Cloyster
|-damage|p1a: Cloyster|4/100
|
|-damage|p1a: Cloyster|0 fnt|[from] Leech Seed|[of] p2a: Wo-Chien
|-heal|p2a: Wo-Chien|68/100|[silent]
|faint|p1a: Cloyster
|upkeep
|inactive|yamadakouta has 120 seconds left.
|
|t:|1757834095
|switch|p1a: Greninja|Greninja, M|100/100
|turn|5
|
|t:|1757834108
|move|p1a: Greninja|Dark Pulse|p2a: Wo-Chien
|-damage|p2a: Wo-Chien|29/100
|-damage|p1a: Greninja|91/100|[from] item: Life Orb
|move|p2a: Wo-Chien|Leech Seed|p1a: Greninja|[miss]
|-miss|p2a: Wo-Chien|p1a: Greninja
|
|upkeep
|turn|6
|
|t:|1757834117
|move|p1a: Greninja|Dark Pulse|p2a: Wo-Chien
|-crit|p2a: Wo-Chien
|-damage|p2a: Wo-Chien|0 fnt
|faint|p2a: Wo-Chien
|-ability|p1a: Greninja|Battle Bond|boost
|-boost|p1a: Greninja|atk|1
|-boost|p1a: Greninja|spa|1
|-boost|p1a: Greninja|spe|1
|-activate|p1a: Greninja|ability: Battle Bond
|-damage|p1a: Greninja|81/100|[from] item: Life Orb
|
|upkeep
|
|t:|1757834127
|switch|p2a: Weezing|Weezing-Galar, F|100/100
|-ability|p2a: Weezing|Neutralizing Gas
|turn|7
|
|t:|1757834134
|move|p1a: Greninja|Surf|p2a: Weezing
|-damage|p2a: Weezing|0 fnt
|faint|p2a: Weezing
|-end|p2a: Weezing|ability: Neutralizing Gas
|-damage|p1a: Greninja|71/100|[from] item: Life Orb
|
|upkeep
|
|t:|1757834140
|switch|p2a: Gholdengo|Gholdengo|100/100
|turn|8
|
|t:|1757834144
|move|p1a: Greninja|Dark Pulse|p2a: Gholdengo
|-supereffective|p2a: Gholdengo
|-crit|p2a: Gholdengo
|-damage|p2a: Gholdengo|0 fnt
|faint|p2a: Gholdengo
|-damage|p1a: Greninja|61/100|[from] item: Life Orb
|
|upkeep
|
|t:|1757834151
|switch|p2a: Entei|Entei|100/100
|turn|9
|
|t:|1757834157
|move|p2a: Entei|Extreme Speed|p1a: Greninja
|-damage|p1a: Greninja|5/100
|-damage|p2a: Entei|91/100|[from] item: Life Orb
|move|p1a: Greninja|Surf|p2a: Entei
|-supereffective|p2a: Entei
|-damage|p2a: Entei|0 fnt
|faint|p2a: Entei
|-damage|p1a: Greninja|0 fnt|[from] item: Life Orb
|faint|p1a: Greninja
|
|upkeep
|-message|lokchander forfeited.
|
|win|yamadakouta
|raw|yamadakouta's rating: 1250 &rarr; <strong>1272</strong><br />(+22 for winning)
|raw|lokchander's rating: 1212 &rarr; <strong>1190</strong><br />(-22 for losing)
|l|☆lokchander
|player|p2|
|l|☆yamadakouta
|player|p1|
