|j|☆findmyhair
|j|☆helloitsfreddy
|t:|1757908186
|gametype|singles
|player|p1|findmyhair|acetrainercouple|1218
|player|p2|helloitsfreddy|102|1264
|gen|9
|tier|[Gen 9] OU
|rated|
|rule|HP Percentage Mod: HP is shown in percentages
|rule|Endless Battle Clause: Forcing endless battles is banned
|rule|Species Clause: Limit one of each Pokémon
|rule|OHKO Clause: OHKO moves are banned
|rule|Evasion Items Clause: Evasion items are banned
|rule|Evasion Moves Clause: Evasion moves are banned
|rule|Evasion Abilities Clause: Evasion abilities are banned
|rule|Sleep Moves Clause: Sleep-inducing moves are banned
|clearpoke
|poke|p1|Cresselia, F|
|poke|p1|Slowking-Galar, F|
|poke|p1|Iron Hands|
|poke|p1|Ursaluna, F|
|poke|p1|Crawdaunt, M|
|poke|p1|Klefki, F|
|poke|p2|Tyranitar, M|
|poke|p2|Latias, F|
|poke|p2|Corviknight, M|
|poke|p2|Cinderace, M|
|poke|p2|Gholdengo|
|poke|p2|Rillaboom, M|
|teampreview
|inactive|Battle timer is ON: inactive players will automatically lose when time's up. (requested by findmyhair)
|
|t:|1757908199
|teamsize|p1|6
|teamsize|p2|6
|start
|switch|p1a: Klefki|Klefki, F|100/100
|switch|p2a: Cinderace|Cinderace, M|100/100
|turn|1
|
|t:|1757908209
|move|p1a: Klefki|Spikes|p2a: Cinderace
|-sidestart|p2: helloitsfreddy|Spikes
|move|p2a: Cinderace|Pyro Ball|p1a: Klefki
|-supereffective|p1a: Klefki
|-damage|p1a: Klefki|0 fnt
|faint|p1a: Klefki
|
|upkeep
|
|t:|1757908216
|switch|p1a: Slowking|Slowking-Galar, F|100/100
|turn|2
|
|t:|1757908219
|move|p2a: Cinderace|Pyro Ball|p1a: Slowking
|-damage|p1a: Slowking|6/100
|move|p1a: Slowking|Trick Room|p1a: Slowking
|-fieldstart|move: Trick Room|[of] p1a: Slowking
|
|-heal|p1a: Slowking|12/100|[from] item: Black Sludge
|upkeep
|turn|3
|
|t:|1757908225
|switch|p1a: Crawdaunt|Crawdaunt, M|100/100
|move|p2a: Cinderace|Pyro Ball|p1a: Crawdaunt
|-resisted|p1a: Crawdaunt
|-crit|p1a: Crawdaunt
|-damage|p1a: Crawdaunt|20/100
|
|upkeep
|turn|4
|
|t:|1757908232
|switch|p2a: Corviknight|Corviknight, M|100/100
|-ability|p2a: Corviknight|Pressure
|move|p1a: Crawdaunt|Knock Off|p2a: Corviknight
|-damage|p2a: Corviknight|48/100
|-damage|p1a: Crawdaunt|4/100|[from] item: Rocky Helmet|[of] p2a: Corviknight
|-enditem|p2a: Corviknight|Rocky Helmet|[from] move: Knock Off|[of] p1a: Crawdaunt
|-damage|p1a: Crawdaunt|0 fnt|[from] item: Life Orb
|faint|p1a: Crawdaunt
|
|upkeep
|
|t:|1757908244
|switch|p1a: Slowking|Slowking-Galar, F|45/100
|turn|5
|
|t:|1757908252
|switch|p2a: Latias|Latias, F|100/100
|move|p1a: Slowking|Fire Blast|p2a: Latias
|-resisted|p2a: Latias
|-damage|p2a: Latias|91/100
|
|-heal|p1a: Slowking|51/100|[from] item: Black Sludge
|-heal|p2a: Latias|97/100|[from] item: Leftovers
|upkeep
|turn|6
|
|t:|1757908272
|switch|p2a: Corviknight|Corviknight, M|48/100
|-ability|p2a: Corviknight|Pressure
|move|p1a: Slowking|Sludge Bomb|p2a: Corviknight
|-immune|p2a: Corviknight
|
|-heal|p1a: Slowking|57/100|[from] item: Black Sludge
|-fieldend|move: Trick Room
|upkeep
|turn|7
|
|t:|1757908284
|move|p2a: Corviknight|Roost|p2a: Corviknight
|-heal|p2a: Corviknight|98/100
|-singleturn|p2a: Corviknight|move: Roost
|move|p1a: Slowking|Trick Room|p1a: Slowking
|-fieldstart|move: Trick Room|[of] p1a: Slowking
|
|-heal|p1a: Slowking|63/100|[from] item: Black Sludge
|upkeep
|turn|8
|
|t:|1757908294
|switch|p2a: Tyranitar|Tyranitar, M|100/100
|-damage|p2a: Tyranitar|88/100|[from] Spikes
|-weather|Sandstorm|[from] ability: Sand Stream|[of] p2a: Tyranitar
|move|p1a: Slowking|Nasty Plot|p1a: Slowking
|-boost|p1a: Slowking|spa|2
|
|-weather|Sandstorm|[upkeep]
|-damage|p1a: Slowking|57/100|[from] Sandstorm
|-heal|p1a: Slowking|63/100|[from] item: Black Sludge
|upkeep
|turn|9
|
|t:|1757908305
|move|p1a: Slowking|Fire Blast|p2a: Tyranitar|[miss]
|-miss|p1a: Slowking|p2a: Tyranitar
|move|p2a: Tyranitar|Crunch|p1a: Slowking
|-supereffective|p1a: Slowking
|-damage|p1a: Slowking|0 fnt
|faint|p1a: Slowking
|
|-weather|Sandstorm|[upkeep]
|upkeep
|
|t:|1757908320
|switch|p1a: Cresselia|Cresselia, F|100/100
|turn|10
|
|t:|1757908329
|-terastallize|p1a: Cresselia|Fairy
|move|p2a: Tyranitar|Crunch|p1a: Cresselia
|-resisted|p1a: Cresselia
|-damage|p1a: Cresselia|88/100
|move|p1a: Cresselia|Trick Room|p1a: Cresselia
|-fieldend|move: Trick Room
|
|-weather|Sandstorm|[upkeep]
|-damage|p1a: Cresselia|82/100|[from] Sandstorm
|upkeep
|turn|11
|
|t:|1757908338
|switch|p2a: Gholdengo|Gholdengo|100/100
|-damage|p2a: Gholdengo|88/100|[from] Spikes
|move|p1a: Cresselia|Trick Room|p1a: Cresselia
|-fieldstart|move: Trick Room|[of] p1a: Cresselia
|
|-weather|Sandstorm|[upkeep]
|-damage|p1a: Cresselia|76/100|[from] Sandstorm
|upkeep
|turn|12
|
|t:|1757908346
|switch|p1a: Ursaluna|Ursaluna, F|100/100
|move|p2a: Gholdengo|Make It Rain|p1a: Ursaluna
|-damage|p1a: Ursaluna|22/100
|-unboost|p2a: Gholdengo|spa|1
|
|-weather|none
|-status|p1a: Ursaluna|brn|[from] item: Flame Orb
|upkeep
|turn|13
|
|t:|1757908360
|switch|p2a: Latias|Latias, F|97/100
|move|p1a: Ursaluna|Facade|p2a: Latias
|-damage|p2a: Latias|0 fnt
|faint|p2a: Latias
|
|-damage|p1a: Ursaluna|15/100 brn|[from] brn
|upkeep
|
|t:|1757908374
|switch|p2a: Cinderace|Cinderace, M|100/100
|-damage|p2a: Cinderace|88/100|[from] Spikes
|turn|14
|
|t:|1757908379
|move|p2a: Cinderace|Sucker Punch|p1a: Ursaluna
|-start|p2a: Cinderace|typechange|Dark|[from] ability: Libero
|-crit|p1a: Ursaluna
|-damage|p1a: Ursaluna|0 fnt
|faint|p1a: Ursaluna
|
|upkeep
|
|t:|1757908385
|switch|p1a: Iron Hands|Iron Hands|100/100
|turn|15
|
|t:|1757908399
|switch|p2a: Corviknight|Corviknight, M|98/100
|-ability|p2a: Corviknight|Pressure
|move|p1a: Iron Hands|Close Combat|p2a: Corviknight
|-damage|p2a: Corviknight|52/100
|-unboost|p1a: Iron Hands|def|1
|-unboost|p1a: Iron Hands|spd|1
|
|-fieldend|move: Trick Room
|upkeep
|turn|16
|
|t:|1757908409
|-end|p1a: Iron Hands|Quark Drive|[silent]
|switch|p1a: Cresselia|Cresselia, F, tera:Fairy|76/100
|move|p2a: Corviknight|Body Press|p1a: Cresselia
|-resisted|p1a: Cresselia
|-damage|p1a: Cresselia|68/100
|
|upkeep
|turn|17
|
|t:|1757908415
|move|p2a: Corviknight|U-turn|p1a: Cresselia
|-resisted|p1a: Cresselia
|-damage|p1a: Cresselia|64/100
|
|t:|1757908418
|switch|p2a: Gholdengo|Gholdengo|88/100|[from] U-turn
|-damage|p2a: Gholdengo|76/100|[from] Spikes
|move|p1a: Cresselia|Trick Room|p1a: Cresselia
|-fieldstart|move: Trick Room|[of] p1a: Cresselia
|
|upkeep
|turn|18
|
|t:|1757908428
|switch|p1a: Iron Hands|Iron Hands|100/100
|move|p2a: Gholdengo|Make It Rain|p1a: Iron Hands
|-resisted|p1a: Iron Hands
|-damage|p1a: Iron Hands|71/100
|-unboost|p2a: Gholdengo|spa|1
|
|upkeep
|turn|19
|
|t:|1757908446
|switch|p2a: Corviknight|Corviknight, M|52/100
|-ability|p2a: Corviknight|Pressure
|move|p1a: Iron Hands|Wild Charge|p2a: Corviknight
|-supereffective|p2a: Corviknight
|-damage|p2a: Corviknight|0 fnt
|faint|p2a: Corviknight
|-damage|p1a: Iron Hands|61/100|[from] Recoil
|
|upkeep
|
|t:|1757908463
|switch|p2a: Rillaboom|Rillaboom, M|100/100
|-damage|p2a: Rillaboom|88/100|[from] Spikes
|-fieldstart|move: Grassy Terrain|[from] ability: Grassy Surge|[of] p2a: Rillaboom
|turn|20
|
|t:|1757908469
|move|p2a: Rillaboom|Grassy Glide|p1a: Iron Hands
|-damage|p1a: Iron Hands|33/100
|-damage|p2a: Rillaboom|78/100|[from] item: Life Orb
|move|p1a: Iron Hands|Ice Punch|p2a: Rillaboom
|-supereffective|p2a: Rillaboom
|-damage|p2a: Rillaboom|8/100
|
|-heal|p1a: Iron Hands|39/100|[from] Grassy Terrain
|-heal|p2a: Rillaboom|14/100|[from] Grassy Terrain
|upkeep
|turn|21
|
|t:|1757908480
|-end|p1a: Iron Hands|Quark Drive|[silent]
|switch|p1a: Cresselia|Cresselia, F, tera:Fairy|64/100
|move|p2a: Rillaboom|Grassy Glide|p1a: Cresselia
|-damage|p1a: Cresselia|39/100
|-damage|p2a: Rillaboom|4/100|[from] item: Life Orb
|
|-heal|p2a: Rillaboom|10/100|[from] Grassy Terrain
|-fieldend|move: Trick Room
|upkeep
|turn|22
|
|t:|1757908500
|switch|p2a: Gholdengo|Gholdengo|76/100
|-damage|p2a: Gholdengo|63/100|[from] Spikes
|move|p1a: Cresselia|Trick Room|p1a: Cresselia
|-fieldstart|move: Trick Room|[of] p1a: Cresselia
|
|-heal|p2a: Gholdengo|69/100|[from] Grassy Terrain
|upkeep
|turn|23
|
|t:|1757908511
|move|p1a: Cresselia|Lunar Dance|p1a: Cresselia
|faint|p1a: Cresselia
|move|p2a: Gholdengo|Make It Rain|p1: Cresselia|[notarget]
|-fail|p2a: Gholdengo
|
|-heal|p2a: Gholdengo|75/100|[from] Grassy Terrain
|upkeep
|
|t:|1757908516
|switch|p1a: Iron Hands|Iron Hands|39/100
|-heal|p1a: Iron Hands|100/100|[from] move: Lunar Dance
|turn|24
|
|t:|1757908524
|switch|p2a: Rillaboom|Rillaboom, M|10/100
|-damage|p2a: Rillaboom|0 fnt|[from] Spikes
|faint|p2a: Rillaboom
|move|p1a: Iron Hands|Wild Charge|p2: Rillaboom|[notarget]
|-fail|p1a: Iron Hands
|
|-fieldend|move: Grassy Terrain
|upkeep
|
|t:|1757908537
|switch|p2a: Gholdengo|Gholdengo|75/100
|-damage|p2a: Gholdengo|63/100|[from] Spikes
|turn|25
|
|t:|1757908542
|move|p1a: Iron Hands|Ice Punch|p2a: Gholdengo
|-resisted|p2a: Gholdengo
|-damage|p2a: Gholdengo|47/100
|-status|p2a: Gholdengo|frz
|cant|p2a: Gholdengo|frz
|
|upkeep
|turn|26
|c|☆findmyhair|crazy rng
|
|t:|1757908557
|move|p1a: Iron Hands|Wild Charge|p2a: Gholdengo
|-damage|p2a: Gholdengo|0 fnt
|faint|p2a: Gholdengo
|-damage|p1a: Iron Hands|93/100|[from] Recoil
|
|-fieldend|move: Trick Room
|upkeep
|
|t:|1757908563
|switch|p2a: Tyranitar|Tyranitar, M|88/100
|-damage|p2a: Tyranitar|76/100|[from] Spikes
|-weather|Sandstorm|[from] ability: Sand Stream|[of] p2a: Tyranitar
|turn|27
|
|t:|1757908568
|move|p2a: Tyranitar|Earthquake|p1a: Iron Hands
|-supereffective|p1a: Iron Hands
|-damage|p1a: Iron Hands|50/100
|move|p1a: Iron Hands|Close Combat|p2a: Tyranitar
|-supereffective|p2a: Tyranitar
|-damage|p2a: Tyranitar|0 fnt
|-unboost|p1a: Iron Hands|def|1
|-unboost|p1a: Iron Hands|spd|1
|faint|p2a: Tyranitar
|
|-weather|Sandstorm|[upkeep]
|-damage|p1a: Iron Hands|44/100|[from] Sandstorm
|upkeep
|
|t:|1757908580
|switch|p2a: Cinderace|Cinderace, M|88/100
|-damage|p2a: Cinderace|76/100|[from] Spikes
|turn|28
|
|t:|1757908585
|move|p2a: Cinderace|Pyro Ball|p1a: Iron Hands
|-damage|p1a: Iron Hands|0 fnt
|faint|p1a: Iron Hands
|-end|p1a: Iron Hands|Quark Drive|[silent]
|
|win|helloitsfreddy
|raw|findmyhair's rating: 1218 &rarr; <strong>1196</strong><br />(-22 for losing)
|raw|helloitsfreddy's rating: 1264 &rarr; <strong>1286</strong><br />(+22 for winning)
|c|☆findmyhair|gg
|l|☆helloitsfreddy
|player|p2|
