|j|☆johnny boxblimp
|j|☆kingkaicobra
|t:|1757909376
|gametype|singles
|player|p1|johnny boxblimp|channeler-gen1rb|1203
|player|p2|kingkaicobra|cynthia|1233
|gen|9
|tier|[Gen 9] OU
|rated|
|rule|HP Percentage Mod: HP is shown in percentages
|rule|Endless Battle Clause: Forcing endless battles is banned
|rule|Species Clause: Limit one of each Pokémon
|rule|OHKO Clause: OHKO moves are banned
|rule|Evasion Items Clause: Evasion items are banned
|rule|Evasion Moves Clause: Evasion moves are banned
|rule|Evasion Abilities Clause: Evasion abilities are banned
|rule|Sleep Moves Clause: Sleep-inducing moves are banned
|clearpoke
|poke|p1|Gliscor, M|
|poke|p1|Alomomola, M|
|poke|p1|Gholdengo|
|poke|p1|Hoopa-Unbound|
|poke|p1|Cinderace, F|
|poke|p1|Zamazenta-*|
|poke|p2|Tinkaton, F|
|poke|p2|Cinderace, F|
|poke|p2|Dragapult, F|
|poke|p2|Primarina, M|
|poke|p2|Blaziken, M|
|poke|p2|Ninetales-Alola, M|
|teampreview
|inactive|Battle timer is ON: inactive players will automatically lose when time's up. (requested by kingkaicobra)
|
|t:|1757909392
|teamsize|p1|6
|teamsize|p2|6
|start
|switch|p1a: Gholdengo|Gholdengo|100/100
|switch|p2a: Ninetales|Ninetales-Alola, M|100/100
|-weather|Snowscape|[from] ability: Snow Warning|[of] p2a: Ninetales
|turn|1
|
|t:|1757909395
|move|p1a: Gholdengo|Make It Rain|p2a: Ninetales
|-supereffective|p2a: Ninetales
|-damage|p2a: Ninetales|0 fnt
|-unboost|p1a: Gholdengo|spa|1
|faint|p2a: Ninetales
|
|-weather|Snowscape|[upkeep]
|upkeep
|
|t:|1757909398
|switch|p2a: Blaziken|Blaziken, M|100/100
|turn|2
|
|t:|1757909402
|switch|p1a: Zamazenta|Zamazenta|100/100
|-ability|p1a: Zamazenta|Dauntless Shield|boost
|-boost|p1a: Zamazenta|def|1
|move|p2a: Blaziken|Bulk Up|p2a: Blaziken
|-boost|p2a: Blaziken|atk|1
|-boost|p2a: Blaziken|def|1
|
|-weather|Snowscape|[upkeep]
|-ability|p2a: Blaziken|Speed Boost|boost
|-boost|p2a: Blaziken|spe|1
|upkeep
|turn|3
|
|t:|1757909407
|move|p1a: Zamazenta|Close Combat|p2a: Blaziken
|-crit|p2a: Blaziken
|-damage|p2a: Blaziken|0 fnt
|-unboost|p1a: Zamazenta|def|1
|-unboost|p1a: Zamazenta|spd|1
|faint|p2a: Blaziken
|
|-weather|Snowscape|[upkeep]
|upkeep
|
|t:|1757909410
|switch|p2a: Dragapult|Dragapult, F|100/100
|turn|4
|
|t:|1757909413
|switch|p1a: Alomomola|Alomomola, M, shiny|100/100
|move|p2a: Dragapult|Dragon Dance|p2a: Dragapult
|-boost|p2a: Dragapult|atk|1
|-boost|p2a: Dragapult|spe|1
|
|-weather|Snowscape|[upkeep]
|upkeep
|turn|5
|
|t:|1757909420
|move|p2a: Dragapult|Substitute|p2a: Dragapult
|-start|p2a: Dragapult|Substitute
|-damage|p2a: Dragapult|76/100
|move|p1a: Alomomola|Flip Turn|p2a: Dragapult
|-resisted|p2a: Dragapult
|-activate|p2a: Dragapult|move: Substitute|[damage]
|
|t:|1757909449
|switch|p1a: Zamazenta|Zamazenta|100/100|[from] Flip Turn
|
|-weather|none
|upkeep
|turn|6
|
|t:|1757909455
|move|p2a: Dragapult|Dragon Dance|p2a: Dragapult
|-boost|p2a: Dragapult|atk|1
|-boost|p2a: Dragapult|spe|1
|move|p1a: Zamazenta|Crunch|p2a: Dragapult
|-supereffective|p2a: Dragapult
|-end|p2a: Dragapult|Substitute
|
|upkeep
|turn|7
|
|t:|1757909462
|-terastallize|p2a: Dragapult|Dragon
|move|p2a: Dragapult|Dragon Darts|p1a: Zamazenta
|-damage|p1a: Zamazenta|24/100
|-anim|p2a: Dragapult|Dragon Darts|p1a: Zamazenta
|-damage|p1a: Zamazenta|0 fnt
|faint|p1a: Zamazenta
|-damage|p2a: Dragapult|66/100|[from] item: Life Orb
|
|upkeep
|
|t:|1757909468
|switch|p1a: Gholdengo|Gholdengo|100/100
|turn|8
|
|t:|1757909489
|-terastallize|p1a: Gholdengo|Fairy
|move|p2a: Dragapult|Phantom Force||[still]
|-prepare|p2a: Dragapult|Phantom Force
|move|p1a: Gholdengo|Shadow Ball|p2a: Dragapult|[miss]
|-miss|p1a: Gholdengo|p2a: Dragapult
|
|upkeep
|turn|9
|inactive|johnny boxblimp has 120 seconds left.
|
|t:|1757909515
|move|p2a: Dragapult|Phantom Force|p1a: Gholdengo|[from] lockedmove
|-damage|p1a: Gholdengo|0 fnt
|faint|p1a: Gholdengo
|-damage|p2a: Dragapult|56/100|[from] item: Life Orb
|
|upkeep
|
|t:|1757909519
|switch|p1a: Gliscor|Gliscor, M|100/100
|turn|10
|l|☆kingkaicobra
|inactive|kingkaicobra disconnected and has a minute to reconnect!
|player|p2|
|inactive|kingkaicobra has 30 seconds to reconnect!
|j|☆kingkaicobra
|inactive|kingkaicobra reconnected and has 110 seconds left.
|player|p2|kingkaicobra|cynthia|
|
|t:|1757909563
|move|p2a: Dragapult|Dragon Darts|p1a: Gliscor
|-damage|p1a: Gliscor|29/100
|-anim|p2a: Dragapult|Dragon Darts|p1a: Gliscor
|-damage|p1a: Gliscor|0 fnt
|faint|p1a: Gliscor
|-damage|p2a: Dragapult|46/100|[from] item: Life Orb
|
|upkeep
|inactive|johnny boxblimp has 120 seconds left.
|
|t:|1757909594
|switch|p1a: Cinderace|Cinderace, F|100/100
|turn|11
|inactive|kingkaicobra has 120 seconds left.
|
|t:|1757909626
|move|p1a: Cinderace|Sucker Punch|p2a: Dragapult
|-start|p1a: Cinderace|typechange|Dark|[from] ability: Libero
|-damage|p2a: Dragapult|3/100
|move|p2a: Dragapult|Dragon Darts|p1a: Cinderace
|-damage|p1a: Cinderace|0 fnt
|faint|p1a: Cinderace
|-damage|p2a: Dragapult|0 fnt|[from] item: Life Orb
|faint|p2a: Dragapult
|
|upkeep
|
|t:|1757909636
|switch|p2a: Tinkaton|Tinkaton, F|100/100
|switch|p1a: Alomomola|Alomomola, M, shiny|100/100
|-item|p2a: Tinkaton|Air Balloon
|turn|12
|
|t:|1757909641
|move|p2a: Tinkaton|Thunder Wave|p1a: Alomomola
|-status|p1a: Alomomola|par
|move|p1a: Alomomola|Scald|p2a: Tinkaton
|-damage|p2a: Tinkaton|89/100
|-status|p2a: Tinkaton|brn
|-enditem|p2a: Tinkaton|Air Balloon
|
|-damage|p2a: Tinkaton|83/100 brn|[from] brn
|upkeep
|turn|13
|
|t:|1757909648
|move|p2a: Tinkaton|Encore|p1a: Alomomola
|-start|p1a: Alomomola|Encore
|move|p1a: Alomomola|Scald|p2a: Tinkaton
|-damage|p2a: Tinkaton|72/100 brn
|
|-damage|p2a: Tinkaton|65/100 brn|[from] brn
|upkeep
|turn|14
|
|t:|1757909651
|move|p2a: Tinkaton|Stealth Rock|p1a: Alomomola
|-sidestart|p1: johnny boxblimp|move: Stealth Rock
|cant|p1a: Alomomola|par
|
|-damage|p2a: Tinkaton|59/100 brn|[from] brn
|upkeep
|turn|15
|
|t:|1757909655
|switch|p1a: Hoopa|Hoopa-Unbound|100/100
|-damage|p1a: Hoopa|88/100|[from] Stealth Rock
|move|p2a: Tinkaton|Gigaton Hammer|p1a: Hoopa
|-damage|p1a: Hoopa|62/100
|
|-damage|p2a: Tinkaton|53/100 brn|[from] brn
|upkeep
|turn|16
|
|t:|1757909659
|switch|p1a: Alomomola|Alomomola, M, shiny|100/100 par
|-damage|p1a: Alomomola|88/100 par|[from] Stealth Rock
|move|p2a: Tinkaton|Thunder Wave|p1a: Alomomola
|-fail|p1a: Alomomola|par
|
|-damage|p2a: Tinkaton|47/100 brn|[from] brn
|upkeep
|turn|17
|
|t:|1757909662
|move|p2a: Tinkaton|Gigaton Hammer|p1a: Alomomola
|-resisted|p1a: Alomomola
|-damage|p1a: Alomomola|81/100 par
|move|p1a: Alomomola|Wish|p1a: Alomomola
|
|-damage|p2a: Tinkaton|41/100 brn|[from] brn
|upkeep
|turn|18
|
|t:|1757909665
|switch|p1a: Hoopa|Hoopa-Unbound|62/100
|-damage|p1a: Hoopa|50/100|[from] Stealth Rock
|move|p2a: Tinkaton|Encore||[still]
|-fail|p2a: Tinkaton
|
|-heal|p1a: Hoopa|100/100|[from] move: Wish|[wisher] Alomomola
|-damage|p2a: Tinkaton|35/100 brn|[from] brn
|upkeep
|turn|19
|
|t:|1757909668
|switch|p1a: Alomomola|Alomomola, M, shiny|100/100 par
|-damage|p1a: Alomomola|88/100 par|[from] Stealth Rock
|move|p2a: Tinkaton|Thunder Wave|p1a: Alomomola
|-fail|p1a: Alomomola|par
|
|-damage|p2a: Tinkaton|29/100 brn|[from] brn
|upkeep
|turn|20
|
|t:|1757909675
|move|p2a: Tinkaton|Thunder Wave|p1a: Alomomola
|-fail|p1a: Alomomola|par
|cant|p1a: Alomomola|par
|
|-damage|p2a: Tinkaton|22/100 brn|[from] brn
|upkeep
|turn|21
|
|t:|1757909679
|move|p2a: Tinkaton|Thunder Wave|p1a: Alomomola
|-fail|p1a: Alomomola|par
|move|p1a: Alomomola|Scald|p2a: Tinkaton
|-damage|p2a: Tinkaton|10/100 brn
|
|-damage|p2a: Tinkaton|4/100 brn|[from] brn
|upkeep
|turn|22
|
|t:|1757909681
|move|p2a: Tinkaton|Gigaton Hammer|p1a: Alomomola
|-resisted|p1a: Alomomola
|-damage|p1a: Alomomola|81/100 par
|cant|p1a: Alomomola|par
|
|-damage|p2a: Tinkaton|0 fnt|[from] brn
|faint|p2a: Tinkaton
|upkeep
|
|t:|1757909685
|switch|p2a: Primarina|Primarina, M|100/100
|turn|23
|
|t:|1757909688
|move|p2a: Primarina|Moonblast|p1a: Alomomola
|-damage|p1a: Alomomola|33/100 par
|move|p1a: Alomomola|Flip Turn|p2a: Primarina
|-resisted|p2a: Primarina
|-damage|p2a: Primarina|91/100
|
|t:|1757909690
|switch|p1a: Hoopa|Hoopa-Unbound|100/100|[from] Flip Turn
|-damage|p1a: Hoopa|88/100|[from] Stealth Rock
|
|upkeep
|turn|24
|
|t:|1757909694
|move|p1a: Hoopa|Psychic Noise|p2a: Primarina
|-damage|p2a: Primarina|61/100
|-start|p2a: Primarina|move: Heal Block
|move|p2a: Primarina|Moonblast|p1a: Hoopa
|-supereffective|p1a: Hoopa
|-crit|p1a: Hoopa
|-damage|p1a: Hoopa|5/100
|-unboost|p1a: Hoopa|spa|1
|
|upkeep
|turn|25
|
|t:|1757909700
|move|p1a: Hoopa|Thunderbolt|p2a: Primarina
|-supereffective|p2a: Primarina
|-damage|p2a: Primarina|26/100
|move|p2a: Primarina|Flip Turn|p1a: Hoopa
|-damage|p1a: Hoopa|0 fnt
|faint|p1a: Hoopa
|
|t:|1757909702
|switch|p2a: Cinderace|Cinderace, F|100/100|[from] Flip Turn
|
|upkeep
|
|t:|1757909705
|switch|p1a: Alomomola|Alomomola, M, shiny|66/100 par
|-damage|p1a: Alomomola|54/100 par|[from] Stealth Rock
|turn|26
|
|t:|1757909720
|move|p2a: Cinderace|Pyro Ball|p1a: Alomomola
|-resisted|p1a: Alomomola
|-damage|p1a: Alomomola|35/100 par
|move|p1a: Alomomola|Wish|p1a: Alomomola
|
|upkeep
|turn|27
|
|t:|1757909726
|move|p2a: Cinderace|High Jump Kick|p1a: Alomomola
|-start|p2a: Cinderace|typechange|Fighting|[from] ability: Libero
|-damage|p1a: Alomomola|0 fnt
|-damage|p2a: Cinderace|84/100|[from] item: Rocky Helmet|[of] p1a: Alomomola
|faint|p1a: Alomomola
|
|win|kingkaicobra
|raw|johnny boxblimp's rating: 1203 &rarr; <strong>1180</strong><br />(-23 for losing)
|raw|kingkaicobra's rating: 1233 &rarr; <strong>1256</strong><br />(+23 for winning)
|l|☆kingkaicobra
|player|p2|
|l|☆johnny boxblimp
|player|p1|
