|j|☆YT-Cyber-DJ
|j|☆bonekiller001
|t:|1757875701
|gametype|singles
|player|p1|YT-Cyber-DJ|gambler|1473
|player|p2|bonekiller001|101|1398
|gen|9
|tier|[Gen 9] OU
|rated|
|rule|HP Percentage Mod: HP is shown in percentages
|rule|Endless Battle Clause: Forcing endless battles is banned
|rule|Species Clause: Limit one of each Pokémon
|rule|OHKO Clause: OHKO moves are banned
|rule|Evasion Items Clause: Evasion items are banned
|rule|Evasion Moves Clause: Evasion moves are banned
|rule|Evasion Abilities Clause: Evasion abilities are banned
|rule|Sleep Moves Clause: Sleep-inducing moves are banned
|clearpoke
|poke|p1|Deoxys-Speed|
|poke|p1|Dragonite, F|
|poke|p1|Ogerpon-Wellspring, F|
|poke|p1|Darkrai|
|poke|p1|Great Tusk|
|poke|p1|Pecharunt|
|poke|p2|Great Tusk|
|poke|p2|Heatran, M|
|poke|p2|Weavile, M|
|poke|p2|Primarina, M|
|poke|p2|Ogerpon, F|
|poke|p2|Pecharunt|
|teampreview
|inactive|Battle timer is ON: inactive players will automatically lose when time's up. (requested by YT-Cyber-DJ)
|inactive|YT-Cyber-DJ has 120 seconds left.
|inactive|bonekiller001 has 120 seconds left.
|
|t:|1757875735
|teamsize|p1|6
|teamsize|p2|6
|start
|switch|p1a: Deoxys|Deoxys-Speed|100/100
|switch|p2a: Celestine|Primarina, M, shiny|100/100
|-ability|p1a: Deoxys|Pressure
|turn|1
|
|t:|1757875744
|move|p1a: Deoxys|Knock Off|p2a: Celestine
|-resisted|p2a: Celestine
|-damage|p2a: Celestine|87/100
|-enditem|p2a: Celestine|Assault Vest|[from] move: Knock Off|[of] p1a: Deoxys
|move|p2a: Celestine|Whirlpool|p1a: Deoxys
|-damage|p1a: Deoxys|75/100
|-activate|p1a: Deoxys|move: Whirlpool|[of] p2a: Celestine
|
|-damage|p1a: Deoxys|63/100|[from] move: Whirlpool|[partiallytrapped]
|upkeep
|turn|2
|
|t:|1757875752
|move|p1a: Deoxys|Stealth Rock|p2a: Celestine
|-sidestart|p2: bonekiller001|move: Stealth Rock
|move|p2a: Celestine|Moonblast|p1a: Deoxys
|-damage|p1a: Deoxys|0 fnt
|faint|p1a: Deoxys
|
|upkeep
|
|t:|1757875777
|switch|p1a: Pecharunt|Pecharunt|100/100
|-item|p1a: Pecharunt|Air Balloon
|turn|3
|
|t:|1757875788
|switch|p1a: Ogerpon|Ogerpon-Wellspring, F|100/100
|switch|p2a: Chaos|Heatran, M, shiny|100/100
|-damage|p2a: Chaos|88/100|[from] Stealth Rock
|-item|p2a: Chaos|Air Balloon
|
|upkeep
|turn|4
|inactive|YT-Cyber-DJ has 120 seconds left.
|
|t:|1757875826
|switch|p2a: Overseer|Pecharunt|100/100
|-damage|p2a: Overseer|88/100|[from] Stealth Rock
|move|p1a: Ogerpon|Ivy Cudgel|p2a: Overseer|[anim] Ivy Cudgel Water
|-crit|p2a: Overseer
|-damage|p2a: Overseer|39/100
|
|upkeep
|turn|5
|
|t:|1757875833
|move|p1a: Ogerpon|Knock Off|p2a: Overseer
|-supereffective|p2a: Overseer
|-damage|p2a: Overseer|0 fnt
|-damage|p1a: Ogerpon|84/100|[from] item: Rocky Helmet|[of] p2a: Overseer
|-enditem|p2a: Overseer|Rocky Helmet|[from] move: Knock Off|[of] p1a: Ogerpon
|faint|p2a: Overseer
|
|upkeep
|
|t:|1757875849
|switch|p2a: Anonymous|Ogerpon, F|100/100
|-damage|p2a: Anonymous|88/100|[from] Stealth Rock
|turn|6
|inactive|YT-Cyber-DJ has 120 seconds left.
|
|t:|1757875875
|switch|p1a: Dragonite|Dragonite, F|100/100
|move|p2a: Anonymous|U-turn|p1a: Dragonite
|-resisted|p1a: Dragonite
|-damage|p1a: Dragonite|92/100
|
|t:|1757875887
|switch|p2a: Bandit|Weavile, M, shiny|100/100|[from] U-turn
|-damage|p2a: Bandit|76/100|[from] Stealth Rock
|-ability|p2a: Bandit|Pressure
|
|upkeep
|turn|7
|inactive|bonekiller001 has 120 seconds left.
|inactive|YT-Cyber-DJ has 90 seconds left.
|
|t:|1757875923
|switch|p1a: Ogerpon|Ogerpon-Wellspring, F|84/100
|move|p2a: Bandit|Triple Axel|p1a: Ogerpon
|-crit|p1a: Ogerpon
|-damage|p1a: Ogerpon|57/100
|-damage|p1a: Ogerpon|20/100
|-damage|p1a: Ogerpon|0 fnt
|faint|p1a: Ogerpon
|-hitcount|p1: Ogerpon|3
|
|upkeep
|
|t:|1757875937
|switch|p1a: Pecharunt|Pecharunt|100/100
|-item|p1a: Pecharunt|Air Balloon
|turn|8
|inactive|bonekiller001 has 120 seconds left.
|
|t:|1757875975
|-terastallize|p2a: Bandit|Ice
|move|p2a: Bandit|Triple Axel|p1a: Pecharunt
|-damage|p1a: Pecharunt|87/100
|-enditem|p1a: Pecharunt|Air Balloon
|-damage|p1a: Pecharunt|59/100
|-damage|p1a: Pecharunt|18/100
|-hitcount|p1a: Pecharunt|3
|move|p1a: Pecharunt|Malignant Chain|p2a: Bandit
|-damage|p2a: Bandit|21/100
|
|upkeep
|turn|9
|
|t:|1757875987
|move|p2a: Bandit|Triple Axel|p1a: Pecharunt
|-damage|p1a: Pecharunt|3/100
|-crit|p1a: Pecharunt
|-damage|p1a: Pecharunt|0 fnt
|faint|p1a: Pecharunt
|-hitcount|p1: Pecharunt|2
|
|upkeep
|inactive|YT-Cyber-DJ has 60 seconds left.
|c|☆bonekiller001|risk the speed tie
|
|t:|1757876015
|switch|p1a: Great Tusk|Great Tusk|100/100
|turn|10
|
|t:|1757876026
|-terastallize|p1a: Great Tusk|Fire
|move|p2a: Bandit|Triple Axel|p1a: Great Tusk
|-resisted|p1a: Great Tusk
|-damage|p1a: Great Tusk|93/100
|-resisted|p1a: Great Tusk
|-damage|p1a: Great Tusk|78/100
|-resisted|p1a: Great Tusk
|-damage|p1a: Great Tusk|55/100
|-hitcount|p1a: Great Tusk|3
|move|p1a: Great Tusk|Rapid Spin|p2a: Bandit
|-damage|p2a: Bandit|0 fnt
|-boost|p1a: Great Tusk|spe|1
|faint|p2a: Bandit
|
|upkeep
|
|t:|1757876040
|switch|p2a: Celestine|Primarina, M, shiny|87/100
|-damage|p2a: Celestine|75/100|[from] Stealth Rock
|turn|11
|inactive|YT-Cyber-DJ has 60 seconds left.
|
|t:|1757876046
|move|p1a: Great Tusk|Headlong Rush|p2a: Celestine
|-damage|p2a: Celestine|0 fnt
|-unboost|p1a: Great Tusk|def|1
|-unboost|p1a: Great Tusk|spd|1
|faint|p2a: Celestine
|
|upkeep
|
|t:|1757876054
|switch|p2a: Chaos|Heatran, M, shiny|88/100
|-damage|p2a: Chaos|76/100|[from] Stealth Rock
|-item|p2a: Chaos|Air Balloon
|turn|12
|
|t:|1757876056
|move|p1a: Great Tusk|Close Combat|p2a: Chaos
|-supereffective|p2a: Chaos
|-damage|p2a: Chaos|0 fnt
|-unboost|p1a: Great Tusk|def|1
|-unboost|p1a: Great Tusk|spd|1
|-enditem|p2a: Chaos|Air Balloon
|faint|p2a: Chaos
|
|upkeep
|
|t:|1757876061
|switch|p2a: Behemoth|Great Tusk, shiny|100/100
|turn|13
|
|t:|1757876076
|move|p1a: Great Tusk|Close Combat|p2a: Behemoth
|-damage|p2a: Behemoth|52/100
|-unboost|p1a: Great Tusk|def|1
|-unboost|p1a: Great Tusk|spd|1
|move|p2a: Behemoth|Headlong Rush|p1a: Great Tusk
|-supereffective|p1a: Great Tusk
|-damage|p1a: Great Tusk|0 fnt
|-unboost|p2a: Behemoth|def|1
|-unboost|p2a: Behemoth|spd|1
|faint|p1a: Great Tusk
|-end|p1a: Great Tusk|Protosynthesis|[silent]
|
|upkeep
|
|t:|1757876086
|switch|p1a: Darkrai|Darkrai|100/100
|turn|14
|
|t:|1757876093
|move|p1a: Darkrai|Ice Beam|p2a: Behemoth
|-supereffective|p2a: Behemoth
|-damage|p2a: Behemoth|0 fnt
|faint|p2a: Behemoth
|-end|p2a: Behemoth|Protosynthesis|[silent]
|
|upkeep
|
|t:|1757876095
|switch|p2a: Anonymous|Ogerpon, F|88/100
|-damage|p2a: Anonymous|76/100|[from] Stealth Rock
|turn|15
|
|t:|1757876101
|move|p1a: Darkrai|Ice Beam|p2a: Anonymous
|-supereffective|p2a: Anonymous
|-damage|p2a: Anonymous|0 fnt
|faint|p2a: Anonymous
|
|win|YT-Cyber-DJ
|raw|YT-Cyber-DJ's rating: 1473 &rarr; <strong>1489</strong><br />(+16 for winning)
|raw|bonekiller001's rating: 1398 &rarr; <strong>1382</strong><br />(-16 for losing)
|c|☆bonekiller001|gg
|c|☆YT-Cyber-DJ|gg
