|j|☆Godhein
|j|☆tengopadre
|t:|1757930606
|gametype|singles
|player|p1|Godhein|blackbelt|1111
|player|p2|tengopadre|170|1075
|gen|9
|tier|[Gen 9] OU
|rated|
|rule|HP Percentage Mod: HP is shown in percentages
|rule|Endless Battle Clause: Forcing endless battles is banned
|rule|Species Clause: Limit one of each Pokémon
|rule|OHKO Clause: OHKO moves are banned
|rule|Evasion Items Clause: Evasion items are banned
|rule|Evasion Moves Clause: Evasion moves are banned
|rule|Evasion Abilities Clause: Evasion abilities are banned
|rule|Sleep Moves Clause: Sleep-inducing moves are banned
|clearpoke
|poke|p1|Krookodile, M|
|poke|p1|Blaziken, F|
|poke|p1|Salamence, M|
|poke|p1|Eelektross, M|
|poke|p1|Iron Valiant|
|poke|p1|Metagross|
|poke|p2|Alomomola, F|
|poke|p2|Slowking-Galar, M|
|poke|p2|Darkrai|
|poke|p2|Ogerpon-Wellspring, F|
|poke|p2|Raging Bolt|
|poke|p2|Glimmora, F|
|teampreview
|
|t:|1757930625
|teamsize|p1|6
|teamsize|p2|6
|start
|switch|p1a: Imperasaurus|Krookodile, M, shiny|100/100
|switch|p2a: Darkrai|Darkrai|100/100
|-ability|p1a: Imperasaurus|Intimidate|boost
|-unboost|p2a: Darkrai|atk|1
|turn|1
|
|t:|1757930637
|move|p2a: Darkrai|Ice Beam|p1a: Imperasaurus
|-supereffective|p1a: Imperasaurus
|-damage|p1a: Imperasaurus|16/100
|move|p1a: Imperasaurus|Knock Off|p2a: Darkrai
|-resisted|p2a: Darkrai
|-damage|p2a: Darkrai|74/100
|-enditem|p2a: Darkrai|Choice Scarf|[from] move: Knock Off|[of] p1a: Imperasaurus
|
|-heal|p1a: Imperasaurus|22/100|[from] item: Leftovers
|upkeep
|turn|2
|
|t:|1757930658
|switch|p1a: Metalking|Metagross, shiny|100/100
|-item|p1a: Metalking|Air Balloon
|move|p2a: Darkrai|Ice Beam|p1a: Metalking
|-resisted|p1a: Metalking
|-damage|p1a: Metalking|82/100
|-enditem|p1a: Metalking|Air Balloon
|
|upkeep
|turn|3
|
|t:|1757930673
|move|p2a: Darkrai|Dark Pulse|p1a: Metalking
|-supereffective|p1a: Metalking
|-damage|p1a: Metalking|0 fnt
|faint|p1a: Metalking
|
|upkeep
|
|t:|1757930679
|switch|p1a: Fireback|Blaziken, F, shiny|100/100
|turn|4
|
|t:|1757930685
|switch|p2a: Alomomola|Alomomola, F, shiny|100/100
|move|p1a: Fireback|Flamethrower|p2a: Alomomola
|-resisted|p2a: Alomomola
|-damage|p2a: Alomomola|83/100
|-status|p2a: Alomomola|brn
|
|-damage|p2a: Alomomola|77/100 brn|[from] brn
|-ability|p1a: Fireback|Speed Boost|boost
|-boost|p1a: Fireback|spe|1
|upkeep
|turn|5
|
|t:|1757930702
|-terastallize|p1a: Fireback|Water
|move|p1a: Fireback|Thunder Punch|p2a: Alomomola
|-supereffective|p2a: Alomomola
|-damage|p2a: Alomomola|48/100 brn
|-damage|p1a: Fireback|84/100|[from] item: Rocky Helmet|[of] p2a: Alomomola
|move|p2a: Alomomola|Wish|p2a: Alomomola
|
|-damage|p2a: Alomomola|41/100 brn|[from] brn
|-ability|p1a: Fireback|Speed Boost|boost
|-boost|p1a: Fireback|spe|1
|upkeep
|turn|6
|
|t:|1757930714
|move|p1a: Fireback|Swords Dance|p1a: Fireback
|-boost|p1a: Fireback|atk|2
|move|p2a: Alomomola|Flip Turn|p1a: Fireback
|-resisted|p1a: Fireback
|-damage|p1a: Fireback|79/100
|
|t:|1757930729
|switch|p2a: Raging Bolt|Raging Bolt|100/100|[from] Flip Turn
|
|-ability|p1a: Fireback|Speed Boost|boost
|-boost|p1a: Fireback|spe|1
|upkeep
|turn|7
|
|t:|1757930753
|switch|p1a: Steelkiller|Iron Valiant|100/100
|-enditem|p1a: Steelkiller|Booster Energy
|-activate|p1a: Steelkiller|ability: Quark Drive|[fromitem]
|-start|p1a: Steelkiller|quarkdrivespe
|move|p2a: Raging Bolt|Thunderbolt|p1a: Steelkiller
|-damage|p1a: Steelkiller|1/100
|
|upkeep
|turn|8
|
|t:|1757930768
|move|p1a: Steelkiller|Moonblast|p2a: Raging Bolt
|-supereffective|p2a: Raging Bolt
|-damage|p2a: Raging Bolt|30/100
|move|p2a: Raging Bolt|Thunderbolt|p1a: Steelkiller
|-damage|p1a: Steelkiller|0 fnt
|faint|p1a: Steelkiller
|-end|p1a: Steelkiller|Quark Drive|[silent]
|
|-heal|p2a: Raging Bolt|36/100|[from] item: Leftovers
|upkeep
|
|t:|1757930784
|switch|p1a: Donner|Eelektross, M, shiny|100/100
|turn|9
|
|t:|1757930795
|move|p2a: Raging Bolt|Dragon Pulse|p1a: Donner
|-damage|p1a: Donner|56/100
|move|p1a: Donner|Giga Drain|p2a: Raging Bolt
|-resisted|p2a: Raging Bolt
|-damage|p2a: Raging Bolt|27/100
|-heal|p1a: Donner|63/100|[from] drain|[of] p2a: Raging Bolt
|
|-heal|p2a: Raging Bolt|33/100|[from] item: Leftovers
|upkeep
|turn|10
|-message|Godhein forfeited.
|
|win|tengopadre
|raw|Godhein's rating: 1111 &rarr; <strong>1083</strong><br />(-28 for losing)
|raw|tengopadre's rating: 1075 &rarr; <strong>1107</strong><br />(+32 for winning)
|l|☆Godhein
|player|p1|
|l|☆tengopadre
|player|p2|
