|j|☆doomfletch
|j|☆Admiral grey
|t:|1757944554
|gametype|singles
|player|p1|doomfletch|101|1157
|player|p2|Admiral grey|1|1139
|gen|9
|tier|[Gen 9] OU
|rated|
|rule|HP Percentage Mod: HP is shown in percentages
|rule|Endless Battle Clause: Forcing endless battles is banned
|rule|Species Clause: Limit one of each Pokémon
|rule|OHKO Clause: OHKO moves are banned
|rule|Evasion Items Clause: Evasion items are banned
|rule|Evasion Moves Clause: Evasion moves are banned
|rule|Evasion Abilities Clause: Evasion abilities are banned
|rule|Sleep Moves Clause: Sleep-inducing moves are banned
|clearpoke
|poke|p1|Hydreigon, M|
|poke|p1|Slowking-Galar, M|
|poke|p1|Great Tusk|
|poke|p1|Corviknight, M|
|poke|p1|Crawdaunt, F|
|poke|p1|Raikou|
|poke|p2|Arcanine, M|
|poke|p2|Milotic, F|
|poke|p2|Amoonguss, M|
|poke|p2|Thundurus-Therian, M|
|poke|p2|Conkeldurr, M|
|poke|p2|Jirachi|
|teampreview
|
|t:|1757944575
|teamsize|p1|6
|teamsize|p2|6
|start
|switch|p1a: Raikou|Raikou|100/100
|switch|p2a: Milotic|Milotic, F|100/100
|turn|1
|
|t:|1757944581
|move|p1a: Raikou|Calm Mind|p1a: Raikou
|-boost|p1a: Raikou|spa|1
|-boost|p1a: Raikou|spd|1
|move|p2a: Milotic|Mirror Coat||[still]
|-fail|p2a: Milotic
|
|upkeep
|turn|2
|inactive|Battle timer is ON: inactive players will automatically lose when time's up. (requested by Admiral grey)
|
|t:|1757944586
|move|p1a: Raikou|Calm Mind|p1a: Raikou
|-boost|p1a: Raikou|spa|1
|-boost|p1a: Raikou|spd|1
|move|p2a: Milotic|Dragon Tail|p1a: Raikou
|-damage|p1a: Raikou|88/100
|drag|p1a: Corviknight|Corviknight, M|100/100
|-ability|p1a: Corviknight|Pressure
|
|upkeep
|turn|3
|
|t:|1757944594
|move|p2a: Milotic|Scald|p1a: Corviknight
|-damage|p1a: Corviknight|72/100
|-status|p1a: Corviknight|brn
|move|p1a: Corviknight|U-turn|p2a: Milotic
|-damage|p2a: Milotic|92/100
|
|t:|1757944601
|switch|p1a: Hydreigon|Hydreigon, M|100/100|[from] U-turn
|
|-heal|p2a: Milotic|98/100|[from] item: Leftovers
|upkeep
|turn|4
|
|t:|1757944615
|move|p1a: Hydreigon|Substitute|p1a: Hydreigon
|-start|p1a: Hydreigon|Substitute
|-damage|p1a: Hydreigon|76/100
|move|p2a: Milotic|Mirror Coat||[still]
|-fail|p2a: Milotic
|
|-heal|p1a: Hydreigon|82/100|[from] item: Leftovers
|-heal|p2a: Milotic|100/100|[from] item: Leftovers
|upkeep
|turn|5
|
|t:|1757944624
|switch|p2a: Jirachi|Jirachi|100/100
|move|p1a: Hydreigon|Nasty Plot|p1a: Hydreigon
|-boost|p1a: Hydreigon|spa|2
|
|-heal|p1a: Hydreigon|88/100|[from] item: Leftovers
|upkeep
|turn|6
|
|t:|1757944631
|move|p2a: Jirachi|Ice Punch|p1a: Hydreigon
|-supereffective|p1a: Hydreigon
|-end|p1a: Hydreigon|Substitute
|move|p1a: Hydreigon|Dark Pulse|p2a: Jirachi
|-supereffective|p2a: Jirachi
|-damage|p2a: Jirachi|0 fnt
|faint|p2a: Jirachi
|
|-heal|p1a: Hydreigon|94/100|[from] item: Leftovers
|upkeep
|
|t:|1757944642
|switch|p2a: Conkeldurr|Conkeldurr, M|100/100
|turn|7
|
|t:|1757944650
|move|p1a: Hydreigon|Fire Blast|p2a: Conkeldurr
|-damage|p2a: Conkeldurr|6/100
|move|p2a: Conkeldurr|Drain Punch|p1a: Hydreigon
|-supereffective|p1a: Hydreigon
|-damage|p1a: Hydreigon|0 fnt
|-heal|p2a: Conkeldurr|43/100|[from] drain|[of] p1a: Hydreigon
|faint|p1a: Hydreigon
|
|-status|p2a: Conkeldurr|brn|[from] item: Flame Orb
|upkeep
|
|t:|1757944661
|switch|p1a: Corviknight|Corviknight, M|72/100 brn
|-ability|p1a: Corviknight|Pressure
|turn|8
|
|t:|1757944667
|move|p1a: Corviknight|Roost|p1a: Corviknight
|-heal|p1a: Corviknight|100/100 brn
|-singleturn|p1a: Corviknight|move: Roost
|move|p2a: Conkeldurr|Drain Punch|p1a: Corviknight
|-supereffective|p1a: Corviknight
|-damage|p1a: Corviknight|16/100 brn
|-heal|p2a: Conkeldurr|84/100 brn|[from] drain|[of] p1a: Corviknight
|-damage|p2a: Conkeldurr|67/100 brn|[from] item: Rocky Helmet|[of] p1a: Corviknight
|
|-damage|p1a: Corviknight|10/100 brn|[from] brn
|-damage|p2a: Conkeldurr|61/100 brn|[from] brn
|upkeep
|turn|9
|
|t:|1757944678
|move|p2a: Conkeldurr|Mach Punch|p1a: Corviknight
|-damage|p1a: Corviknight|0 fnt
|-damage|p2a: Conkeldurr|44/100 brn|[from] item: Rocky Helmet|[of] p1a: Corviknight
|faint|p1a: Corviknight
|
|-damage|p2a: Conkeldurr|38/100 brn|[from] brn
|upkeep
|
|t:|1757944685
|switch|p1a: Raikou|Raikou|88/100
|turn|10
|
|t:|1757944689
|move|p1a: Raikou|Thunderbolt|p2a: Conkeldurr
|-damage|p2a: Conkeldurr|0 fnt
|faint|p2a: Conkeldurr
|
|upkeep
|
|t:|1757944699
|switch|p2a: Amoonguss|Amoonguss, M|100/100
|turn|11
|
|t:|1757944701
|move|p1a: Raikou|Volt Switch|p2a: Amoonguss
|-resisted|p2a: Amoonguss
|-damage|p2a: Amoonguss|86/100
|
|t:|1757944706
|switch|p1a: Slowking|Slowking-Galar, M|100/100|[from] Volt Switch
|move|p2a: Amoonguss|Toxic|p1a: Slowking
|-immune|p1a: Slowking
|
|-heal|p2a: Amoonguss|92/100|[from] item: Black Sludge
|upkeep
|turn|12
|
|t:|1757944716
|switch|p2a: Milotic|Milotic, F|100/100
|move|p1a: Slowking|Sludge Bomb|p2a: Milotic
|-damage|p2a: Milotic|78/100
|-status|p2a: Milotic|psn
|
|-heal|p2a: Milotic|84/100 psn|[from] item: Leftovers
|-damage|p2a: Milotic|71/100 psn|[from] psn
|upkeep
|turn|13
|
|t:|1757944725
|move|p2a: Milotic|Scald|p1a: Slowking
|-damage|p1a: Slowking|88/100
|move|p1a: Slowking|Psyshock|p2a: Milotic
|-crit|p2a: Milotic
|-damage|p2a: Milotic|12/100 psn
|
|-heal|p2a: Milotic|18/100 psn|[from] item: Leftovers
|-damage|p2a: Milotic|6/100 psn|[from] psn
|upkeep
|turn|14
|
|t:|1757944735
|move|p2a: Milotic|Recover|p2a: Milotic
|-heal|p2a: Milotic|56/100 psn
|move|p1a: Slowking|Sludge Bomb|p2a: Milotic
|-damage|p2a: Milotic|32/100 psn
|
|-heal|p2a: Milotic|38/100 psn|[from] item: Leftovers
|-damage|p2a: Milotic|25/100 psn|[from] psn
|upkeep
|turn|15
|
|t:|1757944745
|move|p2a: Milotic|Recover|p2a: Milotic
|-heal|p2a: Milotic|75/100 psn
|move|p1a: Slowking|Psyshock|p2a: Milotic
|-damage|p2a: Milotic|39/100 psn
|
|-heal|p2a: Milotic|45/100 psn|[from] item: Leftovers
|-damage|p2a: Milotic|32/100 psn|[from] psn
|upkeep
|turn|16
|
|t:|1757944753
|move|p2a: Milotic|Recover|p2a: Milotic
|-heal|p2a: Milotic|82/100 psn
|move|p1a: Slowking|Psyshock|p2a: Milotic
|-damage|p2a: Milotic|41/100 psn
|
|-heal|p2a: Milotic|47/100 psn|[from] item: Leftovers
|-damage|p2a: Milotic|35/100 psn|[from] psn
|upkeep
|turn|17
|
|t:|1757944761
|move|p2a: Milotic|Recover|p2a: Milotic
|-heal|p2a: Milotic|85/100 psn
|move|p1a: Slowking|Psyshock|p2a: Milotic
|-damage|p2a: Milotic|43/100 psn
|
|-heal|p2a: Milotic|49/100 psn|[from] item: Leftovers
|-damage|p2a: Milotic|37/100 psn|[from] psn
|upkeep
|turn|18
|
|t:|1757944770
|switch|p2a: Arcanine|Arcanine, M|100/100
|-ability|p2a: Arcanine|Intimidate|boost
|-unboost|p1a: Slowking|atk|1
|move|p1a: Slowking|Psyshock|p2a: Arcanine
|-damage|p2a: Arcanine|75/100
|
|-heal|p2a: Arcanine|81/100|[from] item: Leftovers
|upkeep
|turn|19
|
|t:|1757944778
|switch|p1a: Great Tusk|Great Tusk|100/100
|move|p2a: Arcanine|Will-O-Wisp|p1a: Great Tusk
|-status|p1a: Great Tusk|brn
|
|-heal|p2a: Arcanine|87/100|[from] item: Leftovers
|-damage|p1a: Great Tusk|94/100 brn|[from] brn
|upkeep
|turn|20
|
|t:|1757944786
|switch|p2a: Milotic|Milotic, F|37/100 psn
|move|p1a: Great Tusk|Stealth Rock|p2a: Milotic
|-sidestart|p2: Admiral grey|move: Stealth Rock
|
|-heal|p2a: Milotic|43/100 psn|[from] item: Leftovers
|-damage|p2a: Milotic|30/100 psn|[from] psn
|-damage|p1a: Great Tusk|88/100 brn|[from] brn
|upkeep
|turn|21
|
|t:|1757944797
|-end|p1a: Great Tusk|Protosynthesis|[silent]
|switch|p1a: Slowking|Slowking-Galar, M|100/100
|move|p2a: Milotic|Recover|p2a: Milotic
|-heal|p2a: Milotic|80/100 psn
|
|-heal|p2a: Milotic|86/100 psn|[from] item: Leftovers
|-damage|p2a: Milotic|74/100 psn|[from] psn
|upkeep
|turn|22
|
|t:|1757944807
|move|p1a: Slowking|Psyshock|p2a: Milotic
|-damage|p2a: Milotic|34/100 psn
|move|p2a: Milotic|Mirror Coat|p1a: Slowking
|-damage|p1a: Slowking|21/100
|
|-heal|p2a: Milotic|40/100 psn|[from] item: Leftovers
|-damage|p2a: Milotic|28/100 psn|[from] psn
|upkeep
|turn|23
|
|t:|1757944814
|switch|p2a: Arcanine|Arcanine, M|87/100
|-damage|p2a: Arcanine|62/100|[from] Stealth Rock
|-ability|p2a: Arcanine|Intimidate|boost
|-unboost|p1a: Slowking|atk|1
|move|p1a: Slowking|Psyshock|p2a: Arcanine
|-damage|p2a: Arcanine|34/100
|
|-heal|p2a: Arcanine|40/100|[from] item: Leftovers
|upkeep
|turn|24
|
|t:|1757944825
|switch|p1a: Great Tusk|Great Tusk|88/100 brn
|move|p2a: Arcanine|Flare Blitz|p1a: Great Tusk
|-damage|p1a: Great Tusk|58/100 brn
|-damage|p2a: Arcanine|31/100|[from] Recoil
|
|-heal|p2a: Arcanine|37/100|[from] item: Leftovers
|-damage|p1a: Great Tusk|52/100 brn|[from] brn
|upkeep
|turn|25
|
|t:|1757944835
|move|p1a: Great Tusk|Headlong Rush|p2a: Arcanine
|-supereffective|p2a: Arcanine
|-damage|p2a: Arcanine|0 fnt
|-unboost|p1a: Great Tusk|def|1
|-unboost|p1a: Great Tusk|spd|1
|faint|p2a: Arcanine
|
|-damage|p1a: Great Tusk|46/100 brn|[from] brn
|upkeep
|
|t:|1757944840
|switch|p2a: Thundurus|Thundurus-Therian, M|100/100
|turn|26
|
|t:|1757944850
|-end|p1a: Great Tusk|Protosynthesis|[silent]
|switch|p1a: Raikou|Raikou|88/100
|move|p2a: Thundurus|Nasty Plot|p2a: Thundurus
|-boost|p2a: Thundurus|spa|2
|
|upkeep
|turn|27
|
|t:|1757944860
|move|p1a: Raikou|Calm Mind|p1a: Raikou
|-boost|p1a: Raikou|spa|1
|-boost|p1a: Raikou|spd|1
|move|p2a: Thundurus|Sludge Wave|p1a: Raikou
|-damage|p1a: Raikou|37/100
|
|upkeep
|turn|28
|
|t:|1757944866
|move|p1a: Raikou|Scald|p2a: Thundurus
|-damage|p2a: Thundurus|47/100
|move|p2a: Thundurus|Sludge Wave|p1a: Raikou
|-damage|p1a: Raikou|0 fnt
|faint|p1a: Raikou
|
|upkeep
|
|t:|1757944873
|switch|p1a: Slowking|Slowking-Galar, M|55/100
|turn|29
|
|t:|1757944882
|switch|p1a: Great Tusk|Great Tusk|46/100 brn
|move|p2a: Thundurus|Discharge|p1a: Great Tusk
|-immune|p1a: Great Tusk
|
|-damage|p1a: Great Tusk|39/100 brn|[from] brn
|upkeep
|turn|30
|
|t:|1757944889
|-terastallize|p2a: Thundurus|Ice
|move|p1a: Great Tusk|Close Combat|p2a: Thundurus
|-supereffective|p2a: Thundurus
|-damage|p2a: Thundurus|0 fnt
|-unboost|p1a: Great Tusk|def|1
|-unboost|p1a: Great Tusk|spd|1
|faint|p2a: Thundurus
|
|-damage|p1a: Great Tusk|33/100 brn|[from] brn
|upkeep
|
|t:|1757944895
|switch|p2a: Milotic|Milotic, F|28/100 psn
|-damage|p2a: Milotic|15/100 psn|[from] Stealth Rock
|turn|31
|c|☆doomfletch|what an insane tera
|c|☆doomfletch|why
|
|t:|1757944903
|move|p1a: Great Tusk|Close Combat|p2a: Milotic
|-damage|p2a: Milotic|0 fnt
|-unboost|p1a: Great Tusk|def|1
|-unboost|p1a: Great Tusk|spd|1
|faint|p2a: Milotic
|
|-damage|p1a: Great Tusk|27/100 brn|[from] brn
|upkeep
|
|t:|1757944905
|switch|p2a: Amoonguss|Amoonguss, M|100/100
|-damage|p2a: Amoonguss|88/100|[from] Stealth Rock
|turn|32
|
|t:|1757944913
|-end|p1a: Great Tusk|Protosynthesis|[silent]
|switch|p1a: Slowking|Slowking-Galar, M|88/100
|move|p2a: Amoonguss|Giga Drain|p1a: Slowking
|-resisted|p1a: Slowking
|-damage|p1a: Slowking|82/100
|-heal|p2a: Amoonguss|91/100|[from] drain|[of] p1a: Slowking
|
|-heal|p2a: Amoonguss|97/100|[from] item: Black Sludge
|upkeep
|turn|33
|
|t:|1757944921
|move|p2a: Amoonguss|Sludge Bomb|p1a: Slowking
|-resisted|p1a: Slowking
|-damage|p1a: Slowking|76/100
|move|p1a: Slowking|Psyshock|p2a: Amoonguss
|-supereffective|p2a: Amoonguss
|-crit|p2a: Amoonguss
|-damage|p2a: Amoonguss|0 fnt
|faint|p2a: Amoonguss
|
|win|doomfletch
|raw|doomfletch's rating: 1157 &rarr; <strong>1181</strong><br />(+24 for winning)
|raw|Admiral grey's rating: 1139 &rarr; <strong>1115</strong><br />(-24 for losing)
|l|☆Admiral grey
|player|p2|
|l|☆doomfletch
|player|p1|
