|j|☆NassBug
|j|☆Newt 2099
|t:|1757868368
|gametype|singles
|player|p1|NassBug|oleana|1272
|player|p2|Newt 2099|lucas|1302
|gen|9
|tier|[Gen 9] OU
|rated|
|rule|HP Percentage Mod: HP is shown in percentages
|rule|Endless Battle Clause: Forcing endless battles is banned
|rule|Species Clause: Limit one of each Pokémon
|rule|OHKO Clause: OHKO moves are banned
|rule|Evasion Items Clause: Evasion items are banned
|rule|Evasion Moves Clause: Evasion moves are banned
|rule|Evasion Abilities Clause: Evasion abilities are banned
|rule|Sleep Moves Clause: Sleep-inducing moves are banned
|clearpoke
|poke|p1|Zapdos|
|poke|p1|Rillaboom, F|
|poke|p1|Gholdengo|
|poke|p1|Tyranitar, F|
|poke|p1|Chesnaught, F|
|poke|p1|Garchomp, F|
|poke|p2|Chesnaught, M|
|poke|p2|Sableye, M|
|poke|p2|Great Tusk|
|poke|p2|Chansey, F|
|poke|p2|Alomomola, F|
|poke|p2|Luxray, M|
|teampreview
|inactive|Battle timer is ON: inactive players will automatically lose when time's up. (requested by Newt 2099)
|
|t:|1757868394
|teamsize|p1|6
|teamsize|p2|6
|start
|switch|p1a: Garchomp|Garchomp, F|100/100
|switch|p2a: Alomomola|Alomomola, F, shiny|100/100
|turn|1
|
|t:|1757868397
|move|p1a: Garchomp|Spikes|p2a: Alomomola
|-sidestart|p2: Newt 2099|Spikes
|move|p2a: Alomomola|Flip Turn|p1a: Garchomp
|-damage|p1a: Garchomp|90/100
|-damage|p2a: Alomomola|88/100|[from] ability: Rough Skin|[of] p1a: Garchomp
|-damage|p2a: Alomomola|71/100|[from] item: Rocky Helmet|[of] p1a: Garchomp
|
|t:|1757868402
|switch|p2a: Great Tusk|Great Tusk|100/100|[from] Flip Turn
|
|upkeep
|turn|2
|
|t:|1757868410
|move|p2a: Great Tusk|Knock Off|p1a: Garchomp
|-crit|p1a: Garchomp
|-damage|p1a: Garchomp|58/100
|-damage|p2a: Great Tusk|88/100|[from] ability: Rough Skin|[of] p1a: Garchomp
|-damage|p2a: Great Tusk|72/100|[from] item: Rocky Helmet|[of] p1a: Garchomp
|-enditem|p1a: Garchomp|Rocky Helmet|[from] move: Knock Off|[of] p2a: Great Tusk
|move|p1a: Garchomp|Earthquake|p2a: Great Tusk
|-damage|p2a: Great Tusk|40/100
|
|upkeep
|turn|3
|
|t:|1757868415
|switch|p1a: Gholdengo|Gholdengo|100/100
|-item|p1a: Gholdengo|Air Balloon
|move|p2a: Great Tusk|Rapid Spin|p1a: Gholdengo
|-immune|p1a: Gholdengo
|
|upkeep
|turn|4
|
|t:|1757868418
|switch|p1a: Garchomp|Garchomp, F|58/100
|move|p2a: Great Tusk|Knock Off|p1a: Garchomp
|-damage|p1a: Garchomp|43/100
|-damage|p2a: Great Tusk|27/100|[from] ability: Rough Skin|[of] p1a: Garchomp
|
|upkeep
|turn|5
|
|t:|1757868427
|-end|p2a: Great Tusk|Protosynthesis|[silent]
|switch|p2a: Alomomola|Alomomola, F, shiny|100/100
|-damage|p2a: Alomomola|88/100|[from] Spikes
|move|p1a: Garchomp|Earthquake|p2a: Alomomola
|-damage|p2a: Alomomola|52/100
|
|-heal|p2a: Alomomola|58/100|[from] item: Leftovers
|upkeep
|turn|6
|
|t:|1757868431
|move|p1a: Garchomp|Spikes|p2a: Alomomola
|-sidestart|p2: Newt 2099|Spikes
|move|p2a: Alomomola|Wish|p2a: Alomomola
|
|-heal|p2a: Alomomola|65/100|[from] item: Leftovers
|upkeep
|turn|7
|
|t:|1757868434
|move|p1a: Garchomp|Spikes|p2a: Alomomola
|-sidestart|p2: Newt 2099|Spikes
|move|p2a: Alomomola|Flip Turn|p1a: Garchomp
|-damage|p1a: Garchomp|33/100
|-damage|p2a: Alomomola|52/100|[from] ability: Rough Skin|[of] p1a: Garchomp
|
|t:|1757868437
|switch|p2a: Great Tusk|Great Tusk|27/100|[from] Flip Turn
|
|-heal|p2a: Great Tusk|99/100|[from] move: Wish|[wisher] Alomomola
|upkeep
|turn|8
|
|t:|1757868439
|switch|p1a: Gholdengo|Gholdengo|100/100
|-item|p1a: Gholdengo|Air Balloon
|move|p2a: Great Tusk|Rapid Spin|p1a: Gholdengo
|-immune|p1a: Gholdengo
|
|upkeep
|turn|9
|
|t:|1757868448
|-end|p2a: Great Tusk|Protosynthesis|[silent]
|switch|p2a: Chansey|Chansey, F|100/100
|-damage|p2a: Chansey|75/100|[from] Spikes
|move|p1a: Gholdengo|Make It Rain|p2a: Chansey
|-damage|p2a: Chansey|63/100
|-unboost|p1a: Gholdengo|spa|1
|
|upkeep
|turn|10
|
|t:|1757868453
|switch|p1a: Garchomp|Garchomp, F|33/100
|switch|p2a: Great Tusk|Great Tusk|99/100
|
|upkeep
|turn|11
|
|t:|1757868460
|switch|p1a: Gholdengo|Gholdengo|100/100
|-item|p1a: Gholdengo|Air Balloon
|move|p2a: Great Tusk|Knock Off|p1a: Gholdengo
|-supereffective|p1a: Gholdengo
|-damage|p1a: Gholdengo|56/100
|-enditem|p1a: Gholdengo|Air Balloon
|
|upkeep
|turn|12
|
|t:|1757868468
|move|p2a: Great Tusk|Headlong Rush|p1a: Gholdengo
|-supereffective|p1a: Gholdengo
|-damage|p1a: Gholdengo|0 fnt
|-unboost|p2a: Great Tusk|def|1
|-unboost|p2a: Great Tusk|spd|1
|faint|p1a: Gholdengo
|
|upkeep
|
|t:|1757868471
|switch|p1a: Rillaboom|Rillaboom, F|100/100
|-fieldstart|move: Grassy Terrain|[from] ability: Grassy Surge|[of] p1a: Rillaboom
|turn|13
|
|t:|1757868477
|-end|p2a: Great Tusk|Protosynthesis|[silent]
|switch|p2a: Chesnaught|Chesnaught, M|100/100
|-damage|p2a: Chesnaught|75/100|[from] Spikes
|move|p1a: Rillaboom|Grassy Glide|p2a: Chesnaught
|-resisted|p2a: Chesnaught
|-damage|p2a: Chesnaught|65/100
|
|-heal|p2a: Chesnaught|71/100|[from] Grassy Terrain
|-heal|p2a: Chesnaught|77/100|[from] item: Leftovers
|upkeep
|turn|14
|
|t:|1757868482
|switch|p2a: Great Tusk|Great Tusk|99/100
|move|p1a: Rillaboom|U-turn|p2a: Great Tusk
|-resisted|p2a: Great Tusk
|-damage|p2a: Great Tusk|90/100
|
|t:|1757868484
|switch|p1a: 우선순위를 정해 가자|Chesnaught, F, shiny|100/100|[from] U-turn
|
|-heal|p2a: Great Tusk|96/100|[from] Grassy Terrain
|upkeep
|turn|15
|
|t:|1757868492
|move|p2a: Great Tusk|Rapid Spin|p1a: 우선순위를 정해 가자
|-damage|p1a: 우선순위를 정해 가자|85/100
|-boost|p2a: Great Tusk|spe|1
|-sideend|p2: Newt 2099|Spikes|[from] move: Rapid Spin|[of] p2a: Great Tusk
|move|p1a: 우선순위를 정해 가자|Belly Drum|p1a: 우선순위를 정해 가자
|-damage|p1a: 우선순위를 정해 가자|35/100
|-setboost|p1a: 우선순위를 정해 가자|atk|6|[from] move: Belly Drum
|-enditem|p1a: 우선순위를 정해 가자|Sitrus Berry|[eat]
|-heal|p1a: 우선순위를 정해 가자|60/100|[from] item: Sitrus Berry
|
|-heal|p2a: Great Tusk|100/100|[from] Grassy Terrain
|-heal|p1a: 우선순위를 정해 가자|66/100|[from] Grassy Terrain
|upkeep
|turn|16
|
|t:|1757868498
|-end|p2a: Great Tusk|Protosynthesis|[silent]
|switch|p2a: Sableye|Sableye, M|100/100
|-terastallize|p1a: 우선순위를 정해 가자|Grass
|move|p1a: 우선순위를 정해 가자|Grassy Glide|p2a: Sableye
|-damage|p2a: Sableye|0 fnt
|faint|p2a: Sableye
|
|-heal|p1a: 우선순위를 정해 가자|72/100|[from] Grassy Terrain
|upkeep
|
|t:|1757868504
|switch|p2a: Chesnaught|Chesnaught, M|77/100
|turn|17
|
|t:|1757868510
|move|p1a: 우선순위를 정해 가자|Drain Punch|p2a: Chesnaught
|-damage|p2a: Chesnaught|0 fnt
|-heal|p1a: 우선순위를 정해 가자|100/100|[from] drain|[of] p2a: Chesnaught
|faint|p2a: Chesnaught
|
|upkeep
|
|t:|1757868513
|switch|p2a: Luxray|Luxray, M|100/100
|turn|18
|
|t:|1757868516
|move|p2a: Luxray|Protect|p2a: Luxray
|-singleturn|p2a: Luxray|Protect
|move|p1a: 우선순위를 정해 가자|Grassy Glide|p2a: Luxray
|-activate|p2a: Luxray|move: Protect
|
|-status|p2a: Luxray|brn|[from] item: Flame Orb
|upkeep
|turn|19
|-message|Newt 2099 forfeited.
|
|win|NassBug
|raw|NassBug's rating: 1272 &rarr; <strong>1299</strong><br />(+27 for winning)
|raw|Newt 2099's rating: 1302 &rarr; <strong>1280</strong><br />(-22 for losing)
|l|☆Newt 2099
|player|p2|
|l|☆NassBug
|player|p1|
