|j|‽DeepwokenFan
|j|‽talentfx
|t:|1757941399
|gametype|singles
|player|p1|DeepwokenFan|2|
|player|p2|talentfx|170|
|gen|9
|tier|[Gen 9] OU
|rule|HP Percentage Mod: HP is shown in percentages
|rule|Endless Battle Clause: Forcing endless battles is banned
|rule|Species Clause: Limit one of each Pokémon
|rule|OHKO Clause: OHKO moves are banned
|rule|Evasion Items Clause: Evasion items are banned
|rule|Evasion Moves Clause: Evasion moves are banned
|rule|Evasion Abilities Clause: Evasion abilities are banned
|rule|Sleep Moves Clause: Sleep-inducing moves are banned
|clearpoke
|poke|p1|Dragonite, F|
|poke|p1|Gholdengo|
|poke|p1|Great Tusk|
|poke|p1|Ogerpon-Wellspring, F|
|poke|p1|Iron Valiant|
|poke|p1|Zamazenta-*|
|poke|p2|Greninja-*, M|
|poke|p2|Jolteon, M|
|poke|p2|Armarouge, F|
|poke|p2|Incineroar, F|
|poke|p2|Garchomp, F|
|poke|p2|Dragapult, M|
|teampreview
|l|‽talentfx
|player|p2|
|j|‽talentfx
|player|p2|talentfx|170|
|inactive|Battle timer is ON: inactive players will automatically lose when time's up. (requested by DeepwokenFan)
|
|t:|1757941515
|teamsize|p1|6
|teamsize|p2|6
|start
|switch|p1a: Dragonite|Dragonite, F|100/100
|switch|p2a: Incineroar|Incineroar, F|100/100
|-ability|p2a: Incineroar|Intimidate|boost
|-unboost|p1a: Dragonite|atk|1
|turn|1
|inactiveoff|Battle timer is now OFF.
|
|t:|1757941570
|switch|p2a: Jolteon|Jolteon, M|100/100
|move|p1a: Dragonite|Earthquake|p2a: Jolteon
|-supereffective|p2a: Jolteon
|-damage|p2a: Jolteon|20/100
|
|upkeep
|turn|2
|
|t:|1757941581
|move|p1a: Dragonite|Extreme Speed|p2a: Jolteon
|-damage|p2a: Jolteon|0 fnt
|faint|p2a: Jolteon
|
|upkeep
|
|t:|1757941616
|switch|p2a: Dragapult|Dragapult, M|100/100
|turn|3
|
|t:|1757941636
|move|p2a: Dragapult|Phantom Force||[still]
|-prepare|p2a: Dragapult|Phantom Force
|move|p1a: Dragonite|Earthquake|p2a: Dragapult|[miss]
|-miss|p1a: Dragonite|p2a: Dragapult
|
|upkeep
|turn|4
|
|t:|1757941645
|move|p2a: Dragapult|Phantom Force|p1a: Dragonite|[from] lockedmove
|-damage|p1a: Dragonite|74/100
|move|p1a: Dragonite|Earthquake|p2a: Dragapult
|-damage|p2a: Dragapult|68/100
|
|-heal|p1a: Dragonite|80/100|[from] item: Leftovers
|upkeep
|turn|5
|
|t:|1757941658
|move|p2a: Dragapult|Dragon Darts|p1a: Dragonite
|-supereffective|p1a: Dragonite
|-damage|p1a: Dragonite|22/100
|-anim|p2a: Dragapult|Dragon Darts|p1a: Dragonite
|-supereffective|p1a: Dragonite
|-damage|p1a: Dragonite|0 fnt
|faint|p1a: Dragonite
|-heal|p2a: Dragapult|78/100|[from] item: Shell Bell|[of] p1: Dragonite
|
|upkeep
|
|t:|1757941678
|switch|p1a: Iron Valiant|Iron Valiant|100/100
|-enditem|p1a: Iron Valiant|Booster Energy
|-activate|p1a: Iron Valiant|ability: Quark Drive|[fromitem]
|-start|p1a: Iron Valiant|quarkdrivespa
|turn|6
|
|t:|1757941708
|move|p2a: Dragapult|Dragon Darts|p1a: Iron Valiant
|-immune|p1a: Iron Valiant
|move|p1a: Iron Valiant|Knock Off|p2a: Dragapult
|-supereffective|p2a: Dragapult
|-damage|p2a: Dragapult|8/100
|-enditem|p2a: Dragapult|Shell Bell|[from] move: Knock Off|[of] p1a: Iron Valiant
|
|upkeep
|turn|7
|
|t:|1757941720
|move|p2a: Dragapult|Phantom Force||[still]
|-prepare|p2a: Dragapult|Phantom Force
|move|p1a: Iron Valiant|Thunderbolt|p2a: Dragapult|[miss]
|-miss|p1a: Iron Valiant|p2a: Dragapult
|
|upkeep
|turn|8
|
|t:|1757941725
|move|p2a: Dragapult|Phantom Force|p1a: Iron Valiant|[from] lockedmove
|-damage|p1a: Iron Valiant|33/100
|move|p1a: Iron Valiant|Knock Off|p2a: Dragapult
|-supereffective|p2a: Dragapult
|-damage|p2a: Dragapult|0 fnt
|faint|p2a: Dragapult
|
|upkeep
|l|‽talentfx
|player|p2|
|l|‽DeepwokenFan
|player|p1|
|j|‽DeepwokenFan
|player|p1|DeepwokenFan|2|
|j|‽talentfx
|player|p2|talentfx|170|
|
|t:|1757941781
|switch|p2a: Armarouge|Armarouge, F|100/100
|turn|9
|
|t:|1757941791
|move|p1a: Iron Valiant|Knock Off|p2a: Armarouge
|-supereffective|p2a: Armarouge
|-damage|p2a: Armarouge|57/100
|-ability|p2a: Armarouge|Weak Armor|boost
|-unboost|p2a: Armarouge|def|1
|-boost|p2a: Armarouge|spe|2
|-enditem|p2a: Armarouge|Weakness Policy
|-boost|p2a: Armarouge|atk|2|[from] item: Weakness Policy
|-boost|p2a: Armarouge|spa|2|[from] item: Weakness Policy
|move|p2a: Armarouge|Calm Mind|p2a: Armarouge
|-boost|p2a: Armarouge|spa|1
|-boost|p2a: Armarouge|spd|1
|
|upkeep
|turn|10
|
|t:|1757941816
|move|p2a: Armarouge|Stored Power|p1a: Iron Valiant
|-supereffective|p1a: Iron Valiant
|-damage|p1a: Iron Valiant|0 fnt
|faint|p1a: Iron Valiant
|-end|p1a: Iron Valiant|Quark Drive|[silent]
|
|upkeep
|
|t:|1757941826
|switch|p1a: Great Tusk|Great Tusk|100/100
|-enditem|p1a: Great Tusk|Booster Energy
|-activate|p1a: Great Tusk|ability: Protosynthesis|[fromitem]
|-start|p1a: Great Tusk|protosynthesisatk
|turn|11
|
|t:|1757941845
|-terastallize|p1a: Great Tusk|Grass
|move|p2a: Armarouge|Stored Power|p1a: Great Tusk
|-damage|p1a: Great Tusk|0 fnt
|faint|p1a: Great Tusk
|-end|p1a: Great Tusk|Protosynthesis|[silent]
|
|upkeep
|
|t:|1757941861
|switch|p1a: Gholdengo|Gholdengo|100/100
|turn|12
|
|t:|1757941870
|move|p2a: Armarouge|Stored Power|p1a: Gholdengo
|-resisted|p1a: Gholdengo
|-damage|p1a: Gholdengo|35/100
|move|p1a: Gholdengo|Dazzling Gleam|p2a: Armarouge
|-resisted|p2a: Armarouge
|-damage|p2a: Armarouge|45/100
|
|upkeep
|turn|13
|
|t:|1757941880
|move|p2a: Armarouge|Stored Power|p1a: Gholdengo
|-resisted|p1a: Gholdengo
|-damage|p1a: Gholdengo|0 fnt
|faint|p1a: Gholdengo
|
|upkeep
|
|t:|1757941884
|switch|p1a: Ogerpon|Ogerpon-Wellspring, F|100/100
|turn|14
|
|t:|1757941890
|move|p2a: Armarouge|Stored Power|p1a: Ogerpon
|-damage|p1a: Ogerpon|0 fnt
|faint|p1a: Ogerpon
|
|upkeep
|
|t:|1757941894
|switch|p1a: Zamazenta|Zamazenta|100/100
|-ability|p1a: Zamazenta|Dauntless Shield|boost
|-boost|p1a: Zamazenta|def|1
|turn|15
|
|t:|1757941903
|move|p2a: Armarouge|Stored Power|p1a: Zamazenta
|-supereffective|p1a: Zamazenta
|-damage|p1a: Zamazenta|0 fnt
|faint|p1a: Zamazenta
|
|win|talentfx
|l|‽DeepwokenFan
|player|p1|
