|j|☆goobler34
|j|☆Plata251
|t:|1757895596
|gametype|singles
|player|p1|goobler34|petrel|1139
|player|p2|Plata251|pokefan-gen2|1088
|gen|9
|tier|[Gen 9] OU
|rated|
|rule|HP Percentage Mod: HP is shown in percentages
|rule|Endless Battle Clause: Forcing endless battles is banned
|rule|Species Clause: Limit one of each Pokémon
|rule|OHKO Clause: OHKO moves are banned
|rule|Evasion Items Clause: Evasion items are banned
|rule|Evasion Moves Clause: Evasion moves are banned
|rule|Evasion Abilities Clause: Evasion abilities are banned
|rule|Sleep Moves Clause: Sleep-inducing moves are banned
|clearpoke
|poke|p1|Coalossal, M|
|poke|p1|Metagross|
|poke|p1|Serperior, M|
|poke|p1|Salazzle, F|
|poke|p1|Lokix, F|
|poke|p1|Scream Tail|
|poke|p2|Naclstack, M|
|poke|p2|Ninetales-Alola, M|
|poke|p2|Zapdos|
|poke|p2|Fezandipiti, M|
|poke|p2|Rotom-Heat|
|poke|p2|Moltres-Galar|
|teampreview
|
|t:|1757895609
|teamsize|p1|6
|teamsize|p2|6
|start
|switch|p1a: Metagross|Metagross|100/100
|switch|p2a: Naclstack|Naclstack, M|100/100
|turn|1
|inactive|Battle timer is ON: inactive players will automatically lose when time's up. (requested by goobler34)
|
|t:|1757895612
|move|p1a: Metagross|Meteor Mash|p2a: Naclstack
|-supereffective|p2a: Naclstack
|-damage|p2a: Naclstack|35/100
|move|p2a: Naclstack|Salt Cure|p1a: Metagross
|-resisted|p1a: Metagross
|-damage|p1a: Metagross|97/100
|-start|p1a: Metagross|Salt Cure
|
|-damage|p1a: Metagross|72/100|[from] Salt Cure
|upkeep
|turn|2
|
|t:|1757895620
|move|p2a: Naclstack|Protect|p2a: Naclstack
|-singleturn|p2a: Naclstack|Protect
|move|p1a: Metagross|Future Sight|p2a: Naclstack
|-start|p1a: Metagross|move: Future Sight
|
|-damage|p1a: Metagross|47/100|[from] Salt Cure
|upkeep
|turn|3
|
|t:|1757895626
|switch|p2a: Zapdos|Zapdos|100/100
|move|p1a: Metagross|Meteor Mash|p2a: Zapdos|[miss]
|-miss|p1a: Metagross|p2a: Zapdos
|
|-damage|p1a: Metagross|22/100|[from] Salt Cure
|upkeep
|turn|4
|
|t:|1757895634
|move|p2a: Zapdos|Volt Switch|p1a: Metagross
|-damage|p1a: Metagross|7/100
|
|t:|1757895637
|switch|p2a: Moltres|Moltres-Galar|100/100|[from] Volt Switch
|move|p1a: Metagross|Meteor Mash|p2a: Moltres
|-damage|p2a: Moltres|42/100
|-ability|p2a: Moltres|Berserk|boost
|-boost|p2a: Moltres|spa|1
|-enditem|p2a: Moltres|Sitrus Berry|[eat]
|-heal|p2a: Moltres|67/100|[from] item: Sitrus Berry
|
|-end|p2a: Moltres|move: Future Sight
|-immune|p2a: Moltres
|-damage|p1a: Metagross|0 fnt|[from] Salt Cure
|faint|p1a: Metagross
|upkeep
|
|t:|1757895641
|switch|p1a: Lokix|Lokix, F|100/100
|turn|5
|
|t:|1757895654
|move|p1a: Lokix|Lunge|p2a: Moltres
|-damage|p2a: Moltres|6/100
|-unboost|p2a: Moltres|atk|1
|-ability|p2a: Moltres|Berserk|boost
|-boost|p2a: Moltres|spa|1
|move|p2a: Moltres|Fiery Wrath|p1a: Lokix
|-resisted|p1a: Lokix
|-damage|p1a: Lokix|23/100
|
|upkeep
|turn|6
|
|t:|1757895664
|move|p1a: Lokix|Lunge|p2a: Moltres
|-damage|p2a: Moltres|0 fnt
|faint|p2a: Moltres
|
|upkeep
|
|t:|1757895667
|switch|p2a: Zapdos|Zapdos|100/100
|turn|7
|inactive|goobler34 has 120 seconds left.
|
|t:|1757895705
|move|p1a: Lokix|Lunge|p2a: Zapdos
|-resisted|p2a: Zapdos
|-damage|p2a: Zapdos|63/100
|-unboost|p2a: Zapdos|atk|1
|-status|p1a: Lokix|par|[from] ability: Static|[of] p2a: Zapdos
|move|p2a: Zapdos|Volt Switch|p1a: Lokix
|-damage|p1a: Lokix|0 fnt
|faint|p1a: Lokix
|
|t:|1757895713
|switch|p2a: Fezandipiti|Fezandipiti, M|100/100|[from] Volt Switch
|
|upkeep
|inactive|goobler34 has 120 seconds left.
|inactive|goobler34 has 90 seconds left.
|inactive|goobler34 has 60 seconds left.
|inactive|goobler34 has 30 seconds left.
|inactive|goobler34 has 20 seconds left.
|inactive|goobler34 has 15 seconds left.
|inactive|goobler34 has 10 seconds left.
|inactive|goobler34 has 5 seconds left.
|-message|goobler34 lost due to inactivity.
|
|win|Plata251
|raw|goobler34's rating: 1139 &rarr; <strong>1110</strong><br />(-29 for losing)
|raw|Plata251's rating: 1088 &rarr; <strong>1119</strong><br />(+31 for winning)
|l|☆Plata251
|player|p2|
