|j|☆aceman2798
|j|☆SamiFawad
|t:|1757963373
|gametype|singles
|player|p1|aceman2798|sada-ai|1749
|player|p2|SamiFawad|170|1690
|gen|9
|tier|[Gen 9] OU
|rated|
|rule|HP Percentage Mod: HP is shown in percentages
|rule|Endless Battle Clause: Forcing endless battles is banned
|rule|Species Clause: Limit one of each Pokémon
|rule|OHKO Clause: OHKO moves are banned
|rule|Evasion Items Clause: Evasion items are banned
|rule|Evasion Moves Clause: Evasion moves are banned
|rule|Evasion Abilities Clause: Evasion abilities are banned
|rule|Sleep Moves Clause: Sleep-inducing moves are banned
|clearpoke
|poke|p1|Keldeo-Resolute|
|poke|p1|Dragapult, M|
|poke|p1|Slowking-Galar, F|
|poke|p1|Kingambit, M|
|poke|p1|Zapdos|
|poke|p1|Iron Treads|
|poke|p2|Slowking-Galar, F|
|poke|p2|Pecharunt|
|poke|p2|Garchomp, F|
|poke|p2|Samurott-Hisui, M|
|poke|p2|Kyurem|
|poke|p2|Great Tusk|
|teampreview
|inactive|Battle timer is ON: inactive players will automatically lose when time's up. (requested by SamiFawad)
|inactive|aceman2798 has 120 seconds left.
|
|t:|1757963431
|teamsize|p1|6
|teamsize|p2|6
|start
|switch|p1a: Zapdos|Zapdos|100/100
|switch|p2a: Kyurem|Kyurem|100/100
|-ability|p2a: Kyurem|Pressure
|turn|1
|
|t:|1757963441
|switch|p1a: Slowking|Slowking-Galar, F|100/100
|move|p2a: Kyurem|Ice Beam|p1a: Slowking
|-damage|p1a: Slowking|68/100
|
|-heal|p1a: Slowking|74/100|[from] item: Black Sludge
|upkeep
|turn|2
|
|t:|1757963448
|switch|p2a: Samurott|Samurott-Hisui, M|100/100
|-prepare|p1a: Slowking|Chilly Reception|[premajor]
|move|p1a: Slowking|Chilly Reception|p1a: Slowking
|-weather|Snowscape
|
|t:|1757963451
|switch|p1a: Zapdos|Zapdos|100/100|[from] Chilly Reception
|
|-weather|Snowscape|[upkeep]
|upkeep
|turn|3
|
|t:|1757963455
|move|p2a: Samurott|Ceaseless Edge|p1a: Zapdos
|-damage|p1a: Zapdos|70/100
|-sidestart|p1: aceman2798|Spikes
|move|p1a: Zapdos|U-turn|p2a: Samurott
|-supereffective|p2a: Samurott
|-damage|p2a: Samurott|66/100
|
|t:|1757963463
|switch|p1a: Keldeo|Keldeo-Resolute|100/100|[from] U-turn
|-damage|p1a: Keldeo|88/100|[from] Spikes
|
|-weather|Snowscape|[upkeep]
|-heal|p1a: Keldeo|94/100|[from] item: Leftovers
|upkeep
|turn|4
|
|t:|1757963471
|switch|p2a: Slowking|Slowking-Galar, F|100/100
|move|p1a: Keldeo|Calm Mind|p1a: Keldeo
|-boost|p1a: Keldeo|spa|1
|-boost|p1a: Keldeo|spd|1
|
|-weather|Snowscape|[upkeep]
|-heal|p1a: Keldeo|99/100|[from] item: Leftovers
|upkeep
|turn|5
|
|t:|1757963475
|-terastallize|p1a: Keldeo|Steel
|move|p1a: Keldeo|Substitute|p1a: Keldeo
|-start|p1a: Keldeo|Substitute
|-damage|p1a: Keldeo|75/100
|move|p2a: Slowking|Future Sight|p1a: Keldeo
|-start|p2a: Slowking|move: Future Sight
|
|-weather|Snowscape|[upkeep]
|-heal|p1a: Keldeo|81/100|[from] item: Leftovers
|upkeep
|turn|6
|
|t:|1757963479
|move|p1a: Keldeo|Calm Mind|p1a: Keldeo
|-boost|p1a: Keldeo|spa|1
|-boost|p1a: Keldeo|spd|1
|move|p2a: Slowking|Flamethrower|p1a: Keldeo
|-supereffective|p1a: Keldeo
|-end|p1a: Keldeo|Substitute
|
|-weather|none
|-heal|p1a: Keldeo|88/100|[from] item: Leftovers
|upkeep
|turn|7
|
|t:|1757963485
|move|p1a: Keldeo|Calm Mind|p1a: Keldeo
|-boost|p1a: Keldeo|spa|1
|-boost|p1a: Keldeo|spd|1
|move|p2a: Slowking|Flamethrower|p1a: Keldeo
|-supereffective|p1a: Keldeo
|-damage|p1a: Keldeo|62/100
|-status|p1a: Keldeo|brn
|
|-end|p1a: Keldeo|move: Future Sight
|-resisted|p1a: Keldeo
|-damage|p1a: Keldeo|50/100 brn
|-heal|p1a: Keldeo|56/100 brn|[from] item: Leftovers
|-damage|p1a: Keldeo|50/100 brn|[from] brn
|upkeep
|turn|8
|
|t:|1757963492
|move|p1a: Keldeo|Secret Sword|p2a: Slowking
|-resisted|p2a: Slowking
|-damage|p2a: Slowking|75/100
|move|p2a: Slowking|Flamethrower|p1a: Keldeo
|-supereffective|p1a: Keldeo
|-damage|p1a: Keldeo|24/100 brn
|
|-heal|p1a: Keldeo|30/100 brn|[from] item: Leftovers
|-damage|p1a: Keldeo|24/100 brn|[from] brn
|upkeep
|turn|9
|
|t:|1757963498
|move|p1a: Keldeo|Surf|p2a: Slowking
|-damage|p2a: Slowking|21/100
|move|p2a: Slowking|Future Sight|p1a: Keldeo
|-start|p2a: Slowking|move: Future Sight
|
|-heal|p1a: Keldeo|30/100 brn|[from] item: Leftovers
|-damage|p1a: Keldeo|24/100 brn|[from] brn
|upkeep
|turn|10
|
|t:|1757963503
|switch|p2a: Kyurem|Kyurem|100/100
|-ability|p2a: Kyurem|Pressure
|move|p1a: Keldeo|Secret Sword|p2a: Kyurem
|-supereffective|p2a: Kyurem
|-damage|p2a: Kyurem|0 fnt
|faint|p2a: Kyurem
|
|-heal|p1a: Keldeo|30/100 brn|[from] item: Leftovers
|-damage|p1a: Keldeo|24/100 brn|[from] brn
|upkeep
|
|t:|1757963508
|switch|p2a: Samurott|Samurott-Hisui, M|66/100
|turn|11
|
|t:|1757963517
|move|p2a: Samurott|Sucker Punch|p1a: Keldeo
|-damage|p1a: Keldeo|0 fnt
|faint|p1a: Keldeo
|
|-hint|Future Sight did not hit because the target is fainted.
|upkeep
|
|t:|1757963529
|switch|p1a: Iron Treads|Iron Treads|100/100
|-damage|p1a: Iron Treads|88/100|[from] Spikes
|-enditem|p1a: Iron Treads|Booster Energy
|-activate|p1a: Iron Treads|ability: Quark Drive|[fromitem]
|-start|p1a: Iron Treads|quarkdriveatk
|turn|12
|
|t:|1757963532
|move|p1a: Iron Treads|Ice Spinner|p2a: Samurott
|-resisted|p2a: Samurott
|-damage|p2a: Samurott|44/100
|move|p2a: Samurott|Sacred Sword|p1a: Iron Treads
|-supereffective|p1a: Iron Treads
|-damage|p1a: Iron Treads|15/100
|
|upkeep
|turn|13
|
|t:|1757963550
|-end|p1a: Iron Treads|Quark Drive|[silent]
|switch|p1a: Zapdos|Zapdos|70/100
|switch|p2a: Great Tusk|Great Tusk|100/100
|
|upkeep
|turn|14
|
|t:|1757963557
|-end|p2a: Great Tusk|Protosynthesis|[silent]
|switch|p2a: Slowking|Slowking-Galar, F|54/100
|move|p1a: Zapdos|Hurricane|p2a: Slowking
|-damage|p2a: Slowking|30/100
|
|upkeep
|turn|15
|
|t:|1757963564
|move|p1a: Zapdos|Hurricane|p2a: Slowking
|-damage|p2a: Slowking|7/100
|-start|p2a: Slowking|confusion
|-activate|p2a: Slowking|confusion
|move|p2a: Slowking|Future Sight|p1a: Zapdos
|-start|p2a: Slowking|move: Future Sight
|
|upkeep
|turn|16
|
|t:|1757963575
|switch|p2a: Garchomp|Garchomp, F|100/100
|move|p1a: Zapdos|Hurricane|p2a: Garchomp|[miss]
|-miss|p1a: Zapdos|p2a: Garchomp
|
|upkeep
|turn|17
|
|t:|1757963581
|move|p1a: Zapdos|U-turn|p2a: Garchomp
|-damage|p2a: Garchomp|90/100
|-damage|p1a: Zapdos|58/100|[from] ability: Rough Skin|[of] p2a: Garchomp
|-damage|p1a: Zapdos|41/100|[from] item: Rocky Helmet|[of] p2a: Garchomp
|
|t:|1757963587
|switch|p1a: Iron Treads|Iron Treads|15/100|[from] U-turn
|-damage|p1a: Iron Treads|3/100|[from] Spikes
|move|p2a: Garchomp|Flamethrower|p1a: Iron Treads
|-supereffective|p1a: Iron Treads
|-damage|p1a: Iron Treads|0 fnt
|faint|p1a: Iron Treads
|-end|p1a: Iron Treads|Quark Drive|[silent]
|
|-hint|Future Sight did not hit because the target is fainted.
|upkeep
|
|t:|1757963592
|switch|p1a: Dragapult|Dragapult, M|100/100
|-damage|p1a: Dragapult|88/100|[from] Spikes
|turn|18
|
|t:|1757963601
|move|p1a: Dragapult|Dragon Darts|p2a: Garchomp
|-supereffective|p2a: Garchomp
|-crit|p2a: Garchomp
|-damage|p2a: Garchomp|0 fnt
|faint|p2a: Garchomp
|
|upkeep
|
|t:|1757963604
|switch|p2a: Pecharunt|Pecharunt|100/100
|turn|19
|
|t:|1757963614
|switch|p1a: Slowking|Slowking-Galar, F|100/100
|-damage|p1a: Slowking|88/100|[from] Spikes
|move|p2a: Pecharunt|Parting Shot|p1a: Slowking
|-unboost|p1a: Slowking|atk|1
|-unboost|p1a: Slowking|spa|1
|
|t:|1757963616
|switch|p2a: Samurott|Samurott-Hisui, M|44/100|[from] Parting Shot
|
|-heal|p1a: Slowking|94/100|[from] item: Black Sludge
|upkeep
|turn|20
|
|t:|1757963630
|move|p2a: Samurott|Ceaseless Edge|p1a: Slowking
|-supereffective|p1a: Slowking
|-damage|p1a: Slowking|1/100
|-sidestart|p1: aceman2798|Spikes
|-prepare|p1a: Slowking|Chilly Reception|[premajor]
|move|p1a: Slowking|Chilly Reception|p1a: Slowking
|-weather|Snowscape
|
|t:|1757963636
|switch|p1a: Zapdos|Zapdos|41/100|[from] Chilly Reception
|
|-weather|Snowscape|[upkeep]
|upkeep
|turn|21
|
|t:|1757963644
|switch|p2a: Slowking|Slowking-Galar, F|40/100
|move|p1a: Zapdos|Roost|p1a: Zapdos
|-heal|p1a: Zapdos|91/100
|-singleturn|p1a: Zapdos|move: Roost
|
|-weather|Snowscape|[upkeep]
|upkeep
|turn|22
|
|t:|1757963650
|move|p1a: Zapdos|Hurricane|p2a: Slowking|[miss]
|-miss|p1a: Zapdos|p2a: Slowking
|move|p2a: Slowking|Future Sight|p1a: Zapdos
|-start|p2a: Slowking|move: Future Sight
|
|-weather|Snowscape|[upkeep]
|upkeep
|turn|23
|
|t:|1757963652
|move|p1a: Zapdos|Hurricane|p2a: Slowking
|-damage|p2a: Slowking|14/100
|move|p2a: Slowking|Sludge Bomb|p1a: Zapdos
|-damage|p1a: Zapdos|42/100
|
|-weather|Snowscape|[upkeep]
|upkeep
|turn|24
|
|t:|1757963659
|move|p1a: Zapdos|Roost|p1a: Zapdos
|-heal|p1a: Zapdos|92/100
|-singleturn|p1a: Zapdos|move: Roost
|move|p2a: Slowking|Flamethrower|p1a: Zapdos
|-damage|p1a: Zapdos|61/100
|
|-weather|none
|-end|p1a: Zapdos|move: Future Sight
|-damage|p1a: Zapdos|0 fnt
|faint|p1a: Zapdos
|upkeep
|
|t:|1757963668
|switch|p1a: Dragapult|Dragapult, M|88/100
|-damage|p1a: Dragapult|72/100|[from] Spikes
|turn|25
|
|t:|1757963673
|move|p1a: Dragapult|Dragon Darts|p2a: Slowking
|-damage|p2a: Slowking|0 fnt
|faint|p2a: Slowking
|
|upkeep
|
|t:|1757963676
|switch|p2a: Pecharunt|Pecharunt|100/100
|turn|26
|
|t:|1757963680
|move|p1a: Dragapult|Dragon Darts|p2a: Pecharunt
|-damage|p2a: Pecharunt|77/100
|-anim|p1a: Dragapult|Dragon Darts|p2a: Pecharunt
|-damage|p2a: Pecharunt|54/100
|move|p2a: Pecharunt|Shadow Ball|p1a: Dragapult
|-supereffective|p1a: Dragapult
|-damage|p1a: Dragapult|0 fnt
|faint|p1a: Dragapult
|
|upkeep
|
|t:|1757963685
|switch|p1a: Kingambit|Kingambit, M|100/100
|-damage|p1a: Kingambit|84/100|[from] Spikes
|-activate|p1a: Kingambit|ability: Supreme Overlord
|-start|p1a: Kingambit|fallen4|[silent]
|turn|27
|
|t:|1757963687
|move|p2a: Pecharunt|Parting Shot|p1a: Kingambit
|-unboost|p1a: Kingambit|atk|1
|-unboost|p1a: Kingambit|spa|1
|
|t:|1757963689
|switch|p2a: Great Tusk|Great Tusk|100/100|[from] Parting Shot
|move|p1a: Kingambit|Swords Dance|p1a: Kingambit
|-boost|p1a: Kingambit|atk|2
|
|-heal|p1a: Kingambit|90/100|[from] item: Leftovers
|upkeep
|turn|28
|
|t:|1757963693
|move|p2a: Great Tusk|Earthquake|p1a: Kingambit
|-supereffective|p1a: Kingambit
|-damage|p1a: Kingambit|24/100
|move|p1a: Kingambit|Low Kick|p2a: Great Tusk
|-damage|p2a: Great Tusk|52/100
|-damage|p1a: Kingambit|7/100|[from] item: Rocky Helmet|[of] p2a: Great Tusk
|
|-heal|p1a: Kingambit|13/100|[from] item: Leftovers
|upkeep
|turn|29
|
|t:|1757963698
|move|p1a: Kingambit|Sucker Punch|p2a: Great Tusk
|-resisted|p2a: Great Tusk
|-damage|p2a: Great Tusk|31/100
|-damage|p1a: Kingambit|0 fnt|[from] item: Rocky Helmet|[of] p2a: Great Tusk
|faint|p1a: Kingambit
|-end|p1a: Kingambit|fallen4|[silent]
|move|p2a: Great Tusk|Knock Off|p1: Kingambit|[notarget]
|-fail|p2a: Great Tusk
|
|upkeep
|
|t:|1757963700
|switch|p1a: Slowking|Slowking-Galar, F|35/100
|-damage|p1a: Slowking|18/100|[from] Spikes
|turn|30
|
|t:|1757963702
|move|p2a: Great Tusk|Knock Off|p1a: Slowking
|-supereffective|p1a: Slowking
|-damage|p1a: Slowking|0 fnt
|-enditem|p1a: Slowking|Black Sludge|[from] move: Knock Off|[of] p2a: Great Tusk
|faint|p1a: Slowking
|
|win|SamiFawad
|raw|aceman2798's rating: 1749 &rarr; <strong>1726</strong><br />(-23 for losing)
|raw|SamiFawad's rating: 1690 &rarr; <strong>1713</strong><br />(+23 for winning)
|l|☆SamiFawad
|player|p2|
