|j|☆WickedRest
|j|☆UnPlatanoQueHabla.
|t:|1757828650
|gametype|singles
|player|p1|WickedRest|blue|1224
|player|p2|UnPlatanoQueHabla.|266|1205
|gen|9
|tier|[Gen 9] OU
|rated|
|rule|HP Percentage Mod: HP is shown in percentages
|rule|Endless Battle Clause: Forcing endless battles is banned
|rule|Species Clause: Limit one of each Pokémon
|rule|OHKO Clause: OHKO moves are banned
|rule|Evasion Items Clause: Evasion items are banned
|rule|Evasion Moves Clause: Evasion moves are banned
|rule|Evasion Abilities Clause: Evasion abilities are banned
|rule|Sleep Moves Clause: Sleep-inducing moves are banned
|clearpoke
|poke|p1|Serperior, F|
|poke|p1|Kingambit, F|
|poke|p1|Bisharp, M|
|poke|p1|Primeape, F|
|poke|p1|Ribombee, F|
|poke|p1|Cinderace, F|
|poke|p2|Gengar, M|
|poke|p2|Gliscor, F|
|poke|p2|Ursaluna, F|
|poke|p2|Latias, F|
|poke|p2|Ceruledge, F|
|poke|p2|Dragapult, M|
|teampreview
|
|t:|1757828653
|teamsize|p1|6
|teamsize|p2|6
|start
|switch|p1a: Ribombee|Ribombee, F|100/100
|switch|p2a: El Temach|Ursaluna, F, shiny|100/100
|turn|1
|inactive|Battle timer is ON: inactive players will automatically lose when time's up. (requested by WickedRest)
|
|t:|1757828661
|move|p1a: Ribombee|Stun Spore|p2a: El Temach|[miss]
|-miss|p1a: Ribombee|p2a: El Temach
|move|p2a: El Temach|Bulk Up|p2a: El Temach
|-boost|p2a: El Temach|atk|1
|-boost|p2a: El Temach|def|1
|
|-status|p2a: El Temach|brn|[from] item: Flame Orb
|upkeep
|turn|2
|
|t:|1757828676
|move|p1a: Ribombee|Sticky Web|p2a: El Temach
|-sidestart|p2: UnPlatanoQueHabla.|move: Sticky Web
|move|p2a: El Temach|Facade|p1a: Ribombee
|-enditem|p1a: Ribombee|Focus Sash
|-damage|p1a: Ribombee|1/100
|
|-damage|p2a: El Temach|94/100 brn|[from] brn
|upkeep
|turn|3
|
|t:|1757828686
|move|p1a: Ribombee|Psychic Noise|p2a: El Temach
|-damage|p2a: El Temach|72/100 brn
|-start|p2a: El Temach|move: Heal Block
|move|p2a: El Temach|Ice Punch|p1a: Ribombee
|-damage|p1a: Ribombee|0 fnt
|faint|p1a: Ribombee
|
|-damage|p2a: El Temach|66/100 brn|[from] brn
|upkeep
|
|t:|1757828696
|switch|p1a: Cinderace|Cinderace, F|100/100
|turn|4
|
|t:|1757828700
|move|p1a: Cinderace|Court Change|p1a: Cinderace
|-swapsideconditions
|-activate|p1a: Cinderace|move: Court Change
|move|p2a: El Temach|Earthquake|p1a: Cinderace
|-supereffective|p1a: Cinderace
|-damage|p1a: Cinderace|0 fnt
|faint|p1a: Cinderace
|
|-damage|p2a: El Temach|60/100 brn|[from] brn
|-end|p2a: El Temach|move: Heal Block
|upkeep
|
|t:|1757828705
|switch|p1a: Serperior|Serperior, F|100/100
|-activate|p1a: Serperior|move: Sticky Web
|-boost|p1a: Serperior|spe|1
|turn|5
|
|t:|1757828715
|move|p1a: Serperior|Leaf Storm|p2a: El Temach|[miss]
|-miss|p1a: Serperior|p2a: El Temach
|move|p2a: El Temach|Ice Punch|p1a: Serperior
|-supereffective|p1a: Serperior
|-damage|p1a: Serperior|0 fnt
|faint|p1a: Serperior
|
|-damage|p2a: El Temach|53/100 brn|[from] brn
|upkeep
|
|t:|1757828723
|switch|p1a: Primeape|Primeape, F|100/100
|-activate|p1a: Primeape|move: Sticky Web
|-unboost|p1a: Primeape|spe|1
|-ability|p1a: Primeape|Defiant|boost
|-boost|p1a: Primeape|atk|2
|turn|6
|
|t:|1757828744
|move|p1a: Primeape|Drain Punch|p2a: El Temach
|-supereffective|p2a: El Temach
|-damage|p2a: El Temach|0 fnt
|faint|p2a: El Temach
|
|upkeep
|
|t:|1757828750
|switch|p2a: Pepino|Gengar, M|100/100
|turn|7
|
|t:|1757828755
|move|p2a: Pepino|Shadow Ball|p1a: Primeape
|-damage|p1a: Primeape|62/100
|move|p1a: Primeape|Rage Fist|p2a: Pepino
|-supereffective|p2a: Pepino
|-enditem|p2a: Pepino|Focus Sash
|-damage|p2a: Pepino|1/100
|
|upkeep
|turn|8
|
|t:|1757828765
|move|p2a: Pepino|Destiny Bond|p2a: Pepino
|-singlemove|p2a: Pepino|Destiny Bond
|move|p1a: Primeape|Rage Fist|p2a: Pepino
|-supereffective|p2a: Pepino
|-damage|p2a: Pepino|0 fnt
|faint|p2a: Pepino
|-activate|p2a: Pepino|move: Destiny Bond
|faint|p1a: Primeape
|
|upkeep
|
|t:|1757828781
|switch|p2a: Toxica Como Mi Ex|Gliscor, F|100/100
|switch|p1a: Bisharp|Bisharp, M|100/100
|-activate|p1a: Bisharp|move: Sticky Web
|-unboost|p1a: Bisharp|spe|1
|-ability|p1a: Bisharp|Defiant|boost
|-boost|p1a: Bisharp|atk|2
|turn|9
|
|t:|1757828791
|-terastallize|p1a: Bisharp|Water
|move|p2a: Toxica Como Mi Ex|Earthquake|p1a: Bisharp
|-crit|p1a: Bisharp
|-damage|p1a: Bisharp|65/100
|move|p1a: Bisharp|Tera Blast|p2a: Toxica Como Mi Ex|[anim] Tera Blast Water
|-supereffective|p2a: Toxica Como Mi Ex
|-damage|p2a: Toxica Como Mi Ex|0 fnt
|faint|p2a: Toxica Como Mi Ex
|
|upkeep
|inactive|UnPlatanoQueHabla. has 120 seconds left.
|
|t:|1757828822
|switch|p2a: Un Drogadicto|Ceruledge, F|100/100
|turn|10
|
|t:|1757828829
|move|p1a: Bisharp|Sucker Punch||[still]
|-fail|p1a: Bisharp
|move|p2a: Un Drogadicto|Swords Dance|p2a: Un Drogadicto
|-boost|p2a: Un Drogadicto|atk|2
|
|upkeep
|turn|11
|
|t:|1757828836
|move|p1a: Bisharp|Sucker Punch|p2a: Un Drogadicto
|-supereffective|p2a: Un Drogadicto
|-enditem|p2a: Un Drogadicto|Focus Sash
|-damage|p2a: Un Drogadicto|1/100
|-ability|p2a: Un Drogadicto|Weak Armor|boost
|-unboost|p2a: Un Drogadicto|def|1
|-boost|p2a: Un Drogadicto|spe|2
|move|p2a: Un Drogadicto|Close Combat|p1a: Bisharp
|-damage|p1a: Bisharp|8/100
|-unboost|p2a: Un Drogadicto|def|1
|-unboost|p2a: Un Drogadicto|spd|1
|
|upkeep
|turn|12
|
|t:|1757828848
|move|p1a: Bisharp|Sucker Punch|p2a: Un Drogadicto
|-supereffective|p2a: Un Drogadicto
|-damage|p2a: Un Drogadicto|0 fnt
|faint|p2a: Un Drogadicto
|
|upkeep
|
|t:|1757828854
|switch|p2a: Nooo mi compa!|Latias, F|100/100
|turn|13
|
|t:|1757828862
|move|p2a: Nooo mi compa!|Thunder Wave|p1a: Bisharp
|-status|p1a: Bisharp|par
|move|p1a: Bisharp|Throat Chop|p2a: Nooo mi compa!
|-supereffective|p2a: Nooo mi compa!
|-damage|p2a: Nooo mi compa!|0 fnt
|faint|p2a: Nooo mi compa!
|
|upkeep
|
|t:|1757828870
|switch|p2a: Cucaracha|Dragapult, M|100/100
|turn|14
|
|t:|1757828879
|-terastallize|p2a: Cucaracha|Steel
|move|p2a: Cucaracha|Dragon Dance|p2a: Cucaracha
|-boost|p2a: Cucaracha|atk|1
|-boost|p2a: Cucaracha|spe|1
|move|p1a: Bisharp|Throat Chop|p2a: Cucaracha
|-damage|p2a: Cucaracha|0 fnt
|faint|p2a: Cucaracha
|
|win|WickedRest
|raw|WickedRest's rating: 1224 &rarr; <strong>1248</strong><br />(+24 for winning)
|raw|UnPlatanoQueHabla.'s rating: 1205 &rarr; <strong>1181</strong><br />(-24 for losing)
|l|☆WickedRest
|player|p1|
