|j|☆3idk
|j|☆JacquesDeAlderberg
|t:|1757864013
|gametype|singles
|player|p1|3idk|lusamine-masters|1702
|player|p2|JacquesDeAlderberg|2|1756
|gen|9
|tier|[Gen 9] OU
|rated|
|rule|HP Percentage Mod: HP is shown in percentages
|rule|Endless Battle Clause: Forcing endless battles is banned
|rule|Species Clause: Limit one of each Pokémon
|rule|OHKO Clause: OHKO moves are banned
|rule|Evasion Items Clause: Evasion items are banned
|rule|Evasion Moves Clause: Evasion moves are banned
|rule|Evasion Abilities Clause: Evasion abilities are banned
|rule|Sleep Moves Clause: Sleep-inducing moves are banned
|clearpoke
|poke|p1|Tyranitar, F|
|poke|p1|Excadrill, F|
|poke|p1|Keldeo-Resolute|
|poke|p1|Tornadus-Therian, M|
|poke|p1|Heatran, M|
|poke|p1|Hydrapple, M|
|poke|p2|Enamorus, F|
|poke|p2|Great Tusk|
|poke|p2|Hatterene, F|
|poke|p2|Iron Crown|
|poke|p2|Ting-Lu|
|poke|p2|Sinistcha|
|teampreview
|inactive|Battle timer is ON: inactive players will automatically lose when time's up. (requested by 3idk)
|
|t:|1757864020
|teamsize|p1|6
|teamsize|p2|6
|start
|switch|p1a: Tornadus|Tornadus-Therian, M|100/100
|switch|p2a: Hatterene|Hatterene, F|100/100
|turn|1
|
|t:|1757864026
|move|p1a: Tornadus|U-turn|p2a: Hatterene
|-damage|p2a: Hatterene|87/100
|
|t:|1757864030
|switch|p1a: Excadrill|Excadrill, F|100/100|[from] U-turn
|-item|p1a: Excadrill|Air Balloon
|move|p2a: Hatterene|Nuzzle|p1a: Excadrill
|-immune|p1a: Excadrill
|
|-heal|p2a: Hatterene|93/100|[from] item: Leftovers
|upkeep
|turn|2
|
|t:|1757864036
|switch|p1a: Tornadus|Tornadus-Therian, M|100/100
|switch|p2a: Sinistcha|Sinistcha|100/100
|
|upkeep
|turn|3
|
|t:|1757864041
|switch|p2a: Hatterene|Hatterene, F|93/100
|move|p1a: Tornadus|Bleakwind Storm|p2a: Hatterene
|-damage|p2a: Hatterene|54/100
|
|-heal|p2a: Hatterene|60/100|[from] item: Leftovers
|upkeep
|turn|4
|
|t:|1757864051
|move|p1a: Tornadus|U-turn|p2a: Hatterene
|-damage|p2a: Hatterene|47/100
|inactive|3idk has 120 seconds left.
|inactive|3idk has 90 seconds left.
|
|t:|1757864113
|switch|p1a: Excadrill|Excadrill, F|100/100|[from] U-turn
|-item|p1a: Excadrill|Air Balloon
|move|p2a: Hatterene|Pain Split|p1a: Excadrill
|-sethp|p1a: Excadrill|71/100|[from] move: Pain Split|[silent]
|-sethp|p2a: Hatterene|80/100|[from] move: Pain Split
|
|-heal|p2a: Hatterene|86/100|[from] item: Leftovers
|upkeep
|turn|5
|
|t:|1757864126
|switch|p1a: Tornadus|Tornadus-Therian, M|100/100
|switch|p2a: Ting-Lu|Ting-Lu|100/100
|-ability|p2a: Ting-Lu|Vessel of Ruin
|
|upkeep
|turn|6
|
|t:|1757864135
|move|p1a: Tornadus|Taunt|p2a: Ting-Lu
|-start|p2a: Ting-Lu|move: Taunt
|cant|p2a: Ting-Lu|move: Taunt|Stealth Rock
|
|upkeep
|turn|7
|
|t:|1757864138
|move|p1a: Tornadus|Bleakwind Storm|p2a: Ting-Lu
|-damage|p2a: Ting-Lu|86/100
|move|p2a: Ting-Lu|Ruination|p1a: Tornadus
|-damage|p1a: Tornadus|51/100
|
|-heal|p2a: Ting-Lu|92/100|[from] item: Leftovers
|upkeep
|turn|8
|
|t:|1757864144
|move|p1a: Tornadus|U-turn|p2a: Ting-Lu
|-supereffective|p2a: Ting-Lu
|-damage|p2a: Ting-Lu|77/100
|
|t:|1757864148
|switch|p1a: Hydrapple|Hydrapple, M|100/100|[from] U-turn
|move|p2a: Ting-Lu|Ruination|p1a: Hydrapple
|-damage|p1a: Hydrapple|50/100
|
|-heal|p2a: Ting-Lu|83/100|[from] item: Leftovers
|-end|p2a: Ting-Lu|move: Taunt
|upkeep
|turn|9
|
|t:|1757864153
|switch|p2a: Enamorus|Enamorus, F|100/100
|switch|p1a: Tyranitar|Tyranitar, F|100/100
|-weather|Sandstorm|[from] ability: Sand Stream|[of] p1a: Tyranitar
|
|-weather|Sandstorm|[upkeep]
|-damage|p2a: Enamorus|94/100|[from] Sandstorm
|-heal|p2a: Enamorus|100/100|[from] item: Leftovers
|upkeep
|turn|10
|
|t:|1757864163
|switch|p2a: Great Tusk|Great Tusk|100/100
|-enditem|p2a: Great Tusk|Booster Energy
|-activate|p2a: Great Tusk|ability: Protosynthesis|[fromitem]
|-start|p2a: Great Tusk|protosynthesisspe
|move|p1a: Tyranitar|Ice Punch|p2a: Great Tusk
|-supereffective|p2a: Great Tusk
|-damage|p2a: Great Tusk|50/100
|
|-weather|Sandstorm|[upkeep]
|upkeep
|turn|11
|
|t:|1757864176
|switch|p1a: Tornadus|Tornadus-Therian, M|84/100
|move|p2a: Great Tusk|Bulk Up|p2a: Great Tusk
|-boost|p2a: Great Tusk|atk|1
|-boost|p2a: Great Tusk|def|1
|
|-weather|Sandstorm|[upkeep]
|-damage|p1a: Tornadus|78/100|[from] Sandstorm
|upkeep
|turn|12
|
|t:|1757864182
|move|p2a: Great Tusk|Ice Spinner|p1a: Tornadus
|-supereffective|p1a: Tornadus
|-damage|p1a: Tornadus|6/100
|move|p1a: Tornadus|Bleakwind Storm|p2a: Great Tusk
|-supereffective|p2a: Great Tusk
|-damage|p2a: Great Tusk|0 fnt
|faint|p2a: Great Tusk
|-end|p2a: Great Tusk|Protosynthesis|[silent]
|
|-weather|Sandstorm|[upkeep]
|-damage|p1a: Tornadus|0 fnt|[from] Sandstorm
|faint|p1a: Tornadus
|upkeep
|
|t:|1757864195
|switch|p1a: Hydrapple|Hydrapple, M|84/100
|switch|p2a: Enamorus|Enamorus, F|100/100
|turn|13
|
|t:|1757864207
|switch|p1a: Excadrill|Excadrill, F|71/100
|-item|p1a: Excadrill|Air Balloon
|move|p2a: Enamorus|Substitute|p2a: Enamorus
|-start|p2a: Enamorus|Substitute
|-damage|p2a: Enamorus|75/100
|
|-weather|none
|-heal|p2a: Enamorus|82/100|[from] item: Leftovers
|upkeep
|turn|14
|
|t:|1757864214
|move|p2a: Enamorus|Moonblast|p1a: Excadrill
|-resisted|p1a: Excadrill
|-damage|p1a: Excadrill|39/100
|-unboost|p1a: Excadrill|spa|1
|-enditem|p1a: Excadrill|Air Balloon
|move|p1a: Excadrill|Rapid Spin|p2a: Enamorus
|-end|p2a: Enamorus|Substitute
|-boost|p1a: Excadrill|spe|1
|
|-heal|p2a: Enamorus|88/100|[from] item: Leftovers
|upkeep
|turn|15
|
|t:|1757864225
|switch|p2a: Sinistcha|Sinistcha|100/100
|move|p1a: Excadrill|Earthquake|p2a: Sinistcha
|-resisted|p2a: Sinistcha
|-damage|p2a: Sinistcha|81/100
|
|upkeep
|turn|16
|
|t:|1757864233
|switch|p1a: Heatran|Heatran, M|100/100
|move|p2a: Sinistcha|Matcha Gotcha|p1a: Heatran
|-resisted|p1a: Heatran
|-damage|p1a: Heatran|96/100
|-heal|p2a: Sinistcha|83/100|[from] drain|[of] p1a: Heatran
|
|-heal|p1a: Heatran|100/100|[from] item: Leftovers
|upkeep
|turn|17
|
|t:|1757864239
|switch|p1a: Tyranitar|Tyranitar, F|100/100
|-weather|Sandstorm|[from] ability: Sand Stream|[of] p1a: Tyranitar
|switch|p2a: Hatterene|Hatterene, F|86/100
|
|-weather|Sandstorm|[upkeep]
|-damage|p2a: Hatterene|80/100|[from] Sandstorm
|-heal|p2a: Hatterene|86/100|[from] item: Leftovers
|upkeep
|turn|18
|
|t:|1757864249
|move|p1a: Tyranitar|Knock Off|p2a: Hatterene
|-damage|p2a: Hatterene|20/100
|-enditem|p2a: Hatterene|Leftovers|[from] move: Knock Off|[of] p1a: Tyranitar
|move|p2a: Hatterene|Pain Split|p1a: Tyranitar
|-sethp|p1a: Tyranitar|60/100|[from] move: Pain Split|[silent]
|-sethp|p2a: Hatterene|64/100|[from] move: Pain Split
|
|-weather|Sandstorm|[upkeep]
|-damage|p2a: Hatterene|58/100|[from] Sandstorm
|upkeep
|turn|19
|
|t:|1757864256
|switch|p1a: Keldeo|Keldeo-Resolute|100/100
|move|p2a: Hatterene|Dazzling Gleam|p1a: Keldeo
|-supereffective|p1a: Keldeo
|-damage|p1a: Keldeo|22/100
|
|-weather|Sandstorm|[upkeep]
|-damage|p1a: Keldeo|16/100|[from] Sandstorm
|-damage|p2a: Hatterene|52/100|[from] Sandstorm
|upkeep
|turn|20
|j| wyjmjl
|inactive|JacquesDeAlderberg has 120 seconds left.
|
|t:|1757864294
|move|p1a: Keldeo|Surf|p2a: Hatterene
|-damage|p2a: Hatterene|0 fnt
|faint|p2a: Hatterene
|
|-weather|Sandstorm|[upkeep]
|-damage|p1a: Keldeo|10/100|[from] Sandstorm
|upkeep
|
|t:|1757864298
|switch|p2a: Sinistcha|Sinistcha|83/100
|turn|21
|
|t:|1757864315
|switch|p1a: Heatran|Heatran, M|100/100
|switch|p2a: Ting-Lu|Ting-Lu|83/100
|-ability|p2a: Ting-Lu|Vessel of Ruin
|
|-weather|none
|-heal|p2a: Ting-Lu|89/100|[from] item: Leftovers
|upkeep
|turn|22
|
|t:|1757864328
|switch|p1a: Hydrapple|Hydrapple, M|100/100
|move|p2a: Ting-Lu|Stealth Rock|p1a: Hydrapple
|-sidestart|p1: 3idk|move: Stealth Rock
|
|-heal|p2a: Ting-Lu|95/100|[from] item: Leftovers
|upkeep
|turn|23
|
|t:|1757864334
|switch|p2a: Enamorus|Enamorus, F|88/100
|move|p1a: Hydrapple|Nasty Plot|p1a: Hydrapple
|-boost|p1a: Hydrapple|spa|2
|
|-heal|p2a: Enamorus|94/100|[from] item: Leftovers
|upkeep
|turn|24
|
|t:|1757864346
|move|p2a: Enamorus|Moonblast|p1a: Hydrapple
|-supereffective|p1a: Hydrapple
|-damage|p1a: Hydrapple|0 fnt
|faint|p1a: Hydrapple
|
|-heal|p2a: Enamorus|99/100|[from] item: Leftovers
|upkeep
|
|t:|1757864353
|switch|p1a: Heatran|Heatran, M|100/100
|-damage|p1a: Heatran|88/100|[from] Stealth Rock
|turn|25
|
|t:|1757864361
|move|p2a: Enamorus|Substitute|p2a: Enamorus
|-start|p2a: Enamorus|Substitute
|-damage|p2a: Enamorus|75/100
|move|p1a: Heatran|Magma Storm|p2a: Enamorus
|-end|p2a: Enamorus|Substitute
|
|-heal|p2a: Enamorus|81/100|[from] item: Leftovers
|-heal|p1a: Heatran|94/100|[from] item: Leftovers
|upkeep
|turn|26
|
|t:|1757864365
|switch|p1a: Tyranitar|Tyranitar, F|60/100
|-damage|p1a: Tyranitar|47/100|[from] Stealth Rock
|-weather|Sandstorm|[from] ability: Sand Stream|[of] p1a: Tyranitar
|move|p2a: Enamorus|Substitute|p2a: Enamorus
|-start|p2a: Enamorus|Substitute
|-damage|p2a: Enamorus|56/100
|
|-weather|Sandstorm|[upkeep]
|-damage|p2a: Enamorus|50/100|[from] Sandstorm
|-heal|p2a: Enamorus|56/100|[from] item: Leftovers
|upkeep
|turn|27
|l| wyjmjl
|
|t:|1757864371
|move|p2a: Enamorus|Moonblast|p1a: Tyranitar
|-supereffective|p1a: Tyranitar
|-damage|p1a: Tyranitar|0 fnt
|faint|p1a: Tyranitar
|
|-weather|Sandstorm|[upkeep]
|-damage|p2a: Enamorus|50/100|[from] Sandstorm
|-heal|p2a: Enamorus|56/100|[from] item: Leftovers
|upkeep
|-message|3idk forfeited.
|
|win|JacquesDeAlderberg
|raw|3idk's rating: 1678 &rarr; <strong>1662</strong><br />(-16 for losing)
|raw|JacquesDeAlderberg's rating: 1756 &rarr; <strong>1772</strong><br />(+16 for winning)
|l|☆3idk
|player|p1|
