|j|☆Fachemaispasfacho
|j|☆Poupoule07
|t:|1757944013
|gametype|singles
|player|p1|Fachemaispasfacho|backpacker|1386
|player|p2|Poupoule07|265|1431
|gen|9
|tier|[Gen 9] OU
|rated|
|rule|HP Percentage Mod: HP is shown in percentages
|rule|Endless Battle Clause: Forcing endless battles is banned
|rule|Species Clause: Limit one of each Pokémon
|rule|OHKO Clause: OHKO moves are banned
|rule|Evasion Items Clause: Evasion items are banned
|rule|Evasion Moves Clause: Evasion moves are banned
|rule|Evasion Abilities Clause: Evasion abilities are banned
|rule|Sleep Moves Clause: Sleep-inducing moves are banned
|clearpoke
|poke|p1|Golduck, M|
|poke|p1|Dragapult, M|
|poke|p1|Zapdos|
|poke|p1|Pelipper, M|
|poke|p1|Iron Treads|
|poke|p1|Samurott-Hisui, M|
|poke|p2|Manaphy|
|poke|p2|Glimmora, F|
|poke|p2|Enamorus, F|
|poke|p2|Dragapult, M|
|poke|p2|Kingambit, M|
|poke|p2|Iron Moth|
|teampreview
|inactive|Battle timer is ON: inactive players will automatically lose when time's up. (requested by Poupoule07)
|
|t:|1757944021
|teamsize|p1|6
|teamsize|p2|6
|start
|switch|p1a: WingedRat|Pelipper, M|100/100
|switch|p2a: Glimmora|Glimmora, F|100/100
|-weather|RainDance|[from] ability: Drizzle|[of] p1a: WingedRat
|turn|1
|
|t:|1757944029
|switch|p1a: Droideka|Iron Treads|100/100
|move|p2a: Glimmora|Power Gem|p1a: Droideka
|-resisted|p1a: Droideka
|-damage|p1a: Droideka|93/100
|
|-weather|RainDance|[upkeep]
|-heal|p1a: Droideka|99/100|[from] item: Leftovers
|upkeep
|turn|2
|
|t:|1757944043
|move|p2a: Glimmora|Stealth Rock|p1a: Droideka
|-sidestart|p1: Fachemaispasfacho|move: Stealth Rock
|move|p1a: Droideka|Stealth Rock|p2a: Glimmora
|-sidestart|p2: Poupoule07|move: Stealth Rock
|
|-weather|RainDance|[upkeep]
|-heal|p1a: Droideka|100/100|[from] item: Leftovers
|upkeep
|turn|3
|
|t:|1757944052
|move|p2a: Glimmora|Earth Power|p1a: Droideka
|-supereffective|p1a: Droideka
|-damage|p1a: Droideka|47/100
|move|p1a: Droideka|Rapid Spin|p2a: Glimmora
|-resisted|p2a: Glimmora
|-damage|p2a: Glimmora|93/100
|-boost|p1a: Droideka|spe|1
|-activate|p2a: Glimmora|ability: Toxic Debris
|-sidestart|p1: Fachemaispasfacho|move: Toxic Spikes
|-sideend|p1: Fachemaispasfacho|Toxic Spikes|[from] move: Rapid Spin|[of] p1a: Droideka
|-sideend|p1: Fachemaispasfacho|Stealth Rock|[from] move: Rapid Spin|[of] p1a: Droideka
|
|-weather|RainDance|[upkeep]
|-heal|p1a: Droideka|54/100|[from] item: Leftovers
|upkeep
|turn|4
|
|t:|1757944064
|move|p1a: Droideka|Earthquake|p2a: Glimmora
|-supereffective|p2a: Glimmora
|-damage|p2a: Glimmora|0 fnt
|-activate|p2a: Glimmora|ability: Toxic Debris
|-sidestart|p1: Fachemaispasfacho|move: Toxic Spikes
|faint|p2a: Glimmora
|
|-weather|RainDance|[upkeep]
|-heal|p1a: Droideka|60/100|[from] item: Leftovers
|upkeep
|
|t:|1757944078
|switch|p2a: Manaphy|Manaphy|100/100
|-damage|p2a: Manaphy|88/100|[from] Stealth Rock
|turn|5
|
|t:|1757944083
|move|p1a: Droideka|Rapid Spin|p2a: Manaphy
|-damage|p2a: Manaphy|76/100
|-boost|p1a: Droideka|spe|1
|-sideend|p1: Fachemaispasfacho|Toxic Spikes|[from] move: Rapid Spin|[of] p1a: Droideka
|move|p2a: Manaphy|Surf|p1a: Droideka
|-supereffective|p1a: Droideka
|-damage|p1a: Droideka|0 fnt
|faint|p1a: Droideka
|-end|p1a: Droideka|Quark Drive|[silent]
|
|-weather|RainDance|[upkeep]
|-heal|p2a: Manaphy|82/100|[from] item: Leftovers
|upkeep
|
|t:|1757944088
|switch|p1a: BigBird|Zapdos|100/100
|turn|6
|
|t:|1757944098
|-terastallize|p2a: Manaphy|Grass
|move|p2a: Manaphy|Ice Beam|p1a: BigBird
|-supereffective|p1a: BigBird
|-damage|p1a: BigBird|52/100
|move|p1a: BigBird|Thunder|p2a: Manaphy
|-resisted|p2a: Manaphy
|-damage|p2a: Manaphy|60/100
|
|-weather|RainDance|[upkeep]
|-heal|p2a: Manaphy|66/100|[from] item: Leftovers
|upkeep
|turn|7
|
|t:|1757944114
|move|p2a: Manaphy|Ice Beam|p1a: BigBird
|-supereffective|p1a: BigBird
|-crit|p1a: BigBird
|-damage|p1a: BigBird|0 fnt
|faint|p1a: BigBird
|
|-weather|RainDance|[upkeep]
|-heal|p2a: Manaphy|72/100|[from] item: Leftovers
|upkeep
|
|t:|1757944124
|switch|p1a: Dauntless|Samurott-Hisui, M|100/100
|turn|8
|
|t:|1757944130
|move|p2a: Manaphy|Tail Glow|p2a: Manaphy
|-boost|p2a: Manaphy|spa|3
|move|p1a: Dauntless|Ceaseless Edge|p2a: Manaphy
|-damage|p2a: Manaphy|3/100
|-sidestart|p2: Poupoule07|Spikes
|
|-weather|none
|-heal|p2a: Manaphy|9/100|[from] item: Leftovers
|upkeep
|turn|9
|
|t:|1757944139
|move|p2a: Manaphy|Energy Ball|p1a: Dauntless
|-supereffective|p1a: Dauntless
|-damage|p1a: Dauntless|0 fnt
|faint|p1a: Dauntless
|
|-heal|p2a: Manaphy|15/100|[from] item: Leftovers
|upkeep
|
|t:|1757944142
|switch|p1a: WingedRat|Pelipper, M|100/100
|-weather|RainDance|[from] ability: Drizzle|[of] p1a: WingedRat
|turn|10
|
|t:|1757944155
|move|p2a: Manaphy|Energy Ball|p1a: WingedRat
|-damage|p1a: WingedRat|14/100
|move|p1a: WingedRat|U-turn|p2a: Manaphy
|-supereffective|p2a: Manaphy
|-damage|p2a: Manaphy|0 fnt
|faint|p2a: Manaphy
|
|t:|1757944161
|switch|p1a: Misty's Psyduck|Golduck, M|100/100|[from] U-turn
|
|-weather|RainDance|[upkeep]
|upkeep
|
|t:|1757944173
|switch|p2a: Dragapult|Dragapult, M|100/100
|-damage|p2a: Dragapult|88/100|[from] Stealth Rock
|-damage|p2a: Dragapult|76/100|[from] Spikes
|turn|11
|
|t:|1757944185
|move|p1a: Misty's Psyduck|Ice Beam|p2a: Dragapult
|-supereffective|p2a: Dragapult
|-damage|p2a: Dragapult|0 fnt
|faint|p2a: Dragapult
|-damage|p1a: Misty's Psyduck|91/100|[from] item: Life Orb
|
|-weather|RainDance|[upkeep]
|upkeep
|
|t:|1757944196
|switch|p2a: Kingambit|Kingambit, M|100/100
|-damage|p2a: Kingambit|94/100|[from] Stealth Rock
|-damage|p2a: Kingambit|82/100|[from] Spikes
|-activate|p2a: Kingambit|ability: Supreme Overlord
|-start|p2a: Kingambit|fallen3|[silent]
|turn|12
|
|t:|1757944206
|move|p1a: Misty's Psyduck|Nasty Plot|p1a: Misty's Psyduck
|-boost|p1a: Misty's Psyduck|spa|2
|move|p2a: Kingambit|Swords Dance|p2a: Kingambit
|-boost|p2a: Kingambit|atk|2
|
|-weather|RainDance|[upkeep]
|upkeep
|turn|13
|
|t:|1757944214
|move|p1a: Misty's Psyduck|Vacuum Wave|p2a: Kingambit
|-supereffective|p2a: Kingambit
|-damage|p2a: Kingambit|0 fnt
|faint|p2a: Kingambit
|-end|p2a: Kingambit|fallen3|[silent]
|-damage|p1a: Misty's Psyduck|81/100|[from] item: Life Orb
|
|-weather|RainDance|[upkeep]
|upkeep
|c|☆Fachemaispasfacho|Psyducked
|c|☆Poupoule07|Wtf is that
|
|t:|1757944239
|switch|p2a: Iron Moth|Iron Moth|100/100
|-damage|p2a: Iron Moth|76/100|[from] Stealth Rock
|-damage|p2a: Iron Moth|63/100|[from] Spikes
|-enditem|p2a: Iron Moth|Booster Energy
|-activate|p2a: Iron Moth|ability: Quark Drive|[fromitem]
|-start|p2a: Iron Moth|quarkdrivespe
|turn|14
|
|t:|1757944247
|move|p1a: Misty's Psyduck|Surf|p2a: Iron Moth
|-supereffective|p2a: Iron Moth
|-damage|p2a: Iron Moth|0 fnt
|faint|p2a: Iron Moth
|-end|p2a: Iron Moth|Quark Drive|[silent]
|-damage|p1a: Misty's Psyduck|71/100|[from] item: Life Orb
|
|-weather|RainDance|[upkeep]
|upkeep
|
|t:|1757944255
|switch|p2a: Enamorus|Enamorus, F|100/100
|-damage|p2a: Enamorus|76/100|[from] Stealth Rock
|turn|15
|c|☆Fachemaispasfacho|A sweep
|
|t:|1757944266
|move|p1a: Misty's Psyduck|Surf|p2a: Enamorus
|-damage|p2a: Enamorus|0 fnt
|faint|p2a: Enamorus
|-damage|p1a: Misty's Psyduck|61/100|[from] item: Life Orb
|
|win|Fachemaispasfacho
|raw|Fachemaispasfacho's rating: 1386 &rarr; <strong>1409</strong><br />(+23 for winning)
|raw|Poupoule07's rating: 1431 &rarr; <strong>1408</strong><br />(-23 for losing)
|l|☆Poupoule07
|player|p2|
|c|☆Fachemaispasfacho|gg
|l|☆Fachemaispasfacho
|player|p1|
