|j|☆regitron 21
|j|☆sorcier de pipi
|t:|1757912903
|gametype|singles
|player|p1|regitron 21|shauntal|1318
|player|p2|sorcier de pipi|169|1269
|gen|9
|tier|[Gen 9] OU
|rated|
|rule|HP Percentage Mod: HP is shown in percentages
|rule|Endless Battle Clause: Forcing endless battles is banned
|rule|Species Clause: Limit one of each Pokémon
|rule|OHKO Clause: OHKO moves are banned
|rule|Evasion Items Clause: Evasion items are banned
|rule|Evasion Moves Clause: Evasion moves are banned
|rule|Evasion Abilities Clause: Evasion abilities are banned
|rule|Sleep Moves Clause: Sleep-inducing moves are banned
|clearpoke
|poke|p1|Iron Crown|
|poke|p1|Primarina, F|
|poke|p1|Glimmora, M|
|poke|p1|Kingambit, M|
|poke|p1|Great Tusk|
|poke|p1|Dragapult, F|
|poke|p2|Kingambit, F|
|poke|p2|Deoxys-Speed|
|poke|p2|Great Tusk|
|poke|p2|Dragonite, M|
|poke|p2|Iron Moth|
|poke|p2|Primarina, F|
|teampreview
|c|☆regitron 21|hey good luck bro
|c|☆regitron 21|nice team
|c|☆sorcier de pipi|gl!
|
|t:|1757912919
|teamsize|p1|6
|teamsize|p2|6
|start
|switch|p1a: Estawebada|Glimmora, M|100/100
|switch|p2a: Deoxys|Deoxys-Speed|100/100
|-ability|p2a: Deoxys|Pressure
|turn|1
|
|t:|1757912932
|move|p2a: Deoxys|Psycho Boost|p1a: Estawebada
|-supereffective|p1a: Estawebada
|-enditem|p1a: Estawebada|Focus Sash
|-damage|p1a: Estawebada|1/100
|-unboost|p2a: Deoxys|spa|2
|-damage|p2a: Deoxys|91/100|[from] item: Life Orb
|move|p1a: Estawebada|Mortal Spin|p2a: Deoxys
|-damage|p2a: Deoxys|81/100
|-status|p2a: Deoxys|psn
|
|-damage|p2a: Deoxys|69/100 psn|[from] psn
|upkeep
|turn|2
|
|t:|1757912952
|move|p2a: Deoxys|Psycho Boost|p1a: Estawebada
|-supereffective|p1a: Estawebada
|-damage|p1a: Estawebada|0 fnt
|-unboost|p2a: Deoxys|spa|2
|faint|p1a: Estawebada
|-damage|p2a: Deoxys|59/100 psn|[from] item: Life Orb
|
|-damage|p2a: Deoxys|46/100 psn|[from] psn
|upkeep
|
|t:|1757912955
|switch|p1a: Humongosaurio|Great Tusk|100/100
|turn|3
|
|t:|1757912965
|switch|p2a: Primarina|Primarina, F|100/100
|move|p1a: Humongosaurio|Rapid Spin|p2a: Primarina
|-damage|p2a: Primarina|73/100
|-boost|p1a: Humongosaurio|spe|1
|
|upkeep
|turn|4
|
|t:|1757912969
|move|p1a: Humongosaurio|Earthquake|p2a: Primarina
|-damage|p2a: Primarina|0 fnt
|faint|p2a: Primarina
|
|upkeep
|
|t:|1757912976
|switch|p2a: Deoxys|Deoxys-Speed|46/100 psn
|-ability|p2a: Deoxys|Pressure
|turn|5
|
|t:|1757912986
|-end|p1a: Humongosaurio|Protosynthesis|[silent]
|switch|p1a: Teslax|Iron Crown|100/100
|-enditem|p1a: Teslax|Booster Energy
|-activate|p1a: Teslax|ability: Quark Drive|[fromitem]
|-start|p1a: Teslax|quarkdrivespe
|move|p2a: Deoxys|Psycho Boost|p1a: Teslax
|-resisted|p1a: Teslax
|-damage|p1a: Teslax|81/100
|-unboost|p2a: Deoxys|spa|2
|-damage|p2a: Deoxys|37/100 psn|[from] item: Life Orb
|
|-damage|p2a: Deoxys|24/100 psn|[from] psn
|upkeep
|turn|6
|
|t:|1757913006
|switch|p2a: Iron Moth|Iron Moth|100/100
|-enditem|p2a: Iron Moth|Booster Energy
|-activate|p2a: Iron Moth|ability: Quark Drive|[fromitem]
|-start|p2a: Iron Moth|quarkdrivespe
|move|p1a: Teslax|Calm Mind|p1a: Teslax
|-boost|p1a: Teslax|spa|1
|-boost|p1a: Teslax|spd|1
|
|upkeep
|turn|7
|
|t:|1757913017
|-terastallize|p1a: Teslax|Fighting
|move|p2a: Iron Moth|Fiery Dance|p1a: Teslax
|-damage|p1a: Teslax|57/100
|move|p1a: Teslax|Calm Mind|p1a: Teslax
|-boost|p1a: Teslax|spa|1
|-boost|p1a: Teslax|spd|1
|
|upkeep
|turn|8
|
|t:|1757913026
|move|p2a: Iron Moth|Fiery Dance|p1a: Teslax
|-damage|p1a: Teslax|39/100
|move|p1a: Teslax|Psychic Noise|p2a: Iron Moth
|-supereffective|p2a: Iron Moth
|-damage|p2a: Iron Moth|0 fnt
|faint|p2a: Iron Moth
|-end|p2a: Iron Moth|Quark Drive|[silent]
|
|upkeep
|
|t:|1757913036
|switch|p2a: Deoxys|Deoxys-Speed|24/100 psn
|-ability|p2a: Deoxys|Pressure
|turn|9
|
|t:|1757913040
|move|p1a: Teslax|Tachyon Cutter|p2a: Deoxys
|-damage|p2a: Deoxys|0 fnt
|faint|p2a: Deoxys
|-hitcount|p2: Deoxys|1
|
|upkeep
|
|t:|1757913047
|switch|p2a: Dragonite|Dragonite, M, shiny|100/100
|turn|10
|
|t:|1757913054
|-terastallize|p2a: Dragonite|Normal
|move|p2a: Dragonite|Extreme Speed|p1a: Teslax
|-damage|p1a: Teslax|0 fnt
|faint|p1a: Teslax
|-end|p1a: Teslax|Quark Drive|[silent]
|
|upkeep
|
|t:|1757913059
|switch|p1a: Lexa|Dragapult, F|100/100
|turn|11
|
|t:|1757913065
|switch|p2a: Kingambit|Kingambit, F|100/100
|-activate|p2a: Kingambit|ability: Supreme Overlord
|-start|p2a: Kingambit|fallen3|[silent]
|move|p1a: Lexa|Draco Meteor|p2a: Kingambit
|-resisted|p2a: Kingambit
|-crit|p2a: Kingambit
|-damage|p2a: Kingambit|44/100
|-unboost|p1a: Lexa|spa|2
|-damage|p1a: Lexa|91/100|[from] item: Life Orb
|
|-heal|p2a: Kingambit|50/100|[from] item: Leftovers
|upkeep
|turn|12
|
|t:|1757913074
|switch|p1a: Humongosaurio|Great Tusk|100/100
|move|p2a: Kingambit|Swords Dance|p2a: Kingambit
|-boost|p2a: Kingambit|atk|2
|
|-heal|p2a: Kingambit|57/100|[from] item: Leftovers
|upkeep
|turn|13
|
|t:|1757913085
|move|p1a: Humongosaurio|Earthquake|p2a: Kingambit
|-supereffective|p2a: Kingambit
|-damage|p2a: Kingambit|0 fnt
|faint|p2a: Kingambit
|-end|p2a: Kingambit|fallen3|[silent]
|
|upkeep
|c|☆regitron 21|hey uh
|c|☆regitron 21|all good man?
|inactive|Battle timer is ON: inactive players will automatically lose when time's up. (requested by regitron 21)
|inactive|sorcier de pipi has 120 seconds left.
|inactive|sorcier de pipi has 90 seconds left.
|inactive|sorcier de pipi has 60 seconds left.
|l|☆sorcier de pipi
|inactive|sorcier de pipi disconnected and has a minute to reconnect!
|player|p2|
|inactive|sorcier de pipi has 30 seconds left.
|inactive|sorcier de pipi has 20 seconds left.
|inactive|sorcier de pipi has 15 seconds left.
|inactive|sorcier de pipi has 10 seconds left.
|inactive|sorcier de pipi has 5 seconds left.
|-message|sorcier de pipi lost due to inactivity.
|
|win|regitron 21
|raw|regitron 21's rating: 1318 &rarr; <strong>1335</strong><br />(+17 for winning)
|raw|sorcier de pipi's rating: 1269 &rarr; <strong>1248</strong><br />(-21 for losing)
