|j|☆hungrymane
|j|‽oehtwashere
|t:|1757846873
|gametype|singles
|player|p1|hungrymane|101|1641
|player|p2|oehtwashere|supernerd|1663
|gen|9
|tier|[Gen 9] OU
|rated|
|rule|HP Percentage Mod: HP is shown in percentages
|rule|Endless Battle Clause: Forcing endless battles is banned
|rule|Species Clause: Limit one of each Pokémon
|rule|OHKO Clause: OHKO moves are banned
|rule|Evasion Items Clause: Evasion items are banned
|rule|Evasion Moves Clause: Evasion moves are banned
|rule|Evasion Abilities Clause: Evasion abilities are banned
|rule|Sleep Moves Clause: Sleep-inducing moves are banned
|clearpoke
|poke|p1|Mesprit|
|poke|p1|Zoroark-Hisui, F|
|poke|p1|Thundurus, M|
|poke|p1|Okidogi, M|
|poke|p1|Goodra-Hisui, F|
|poke|p1|Alomomola, F|
|poke|p2|Raikou|
|poke|p2|Samurott-Hisui, M|
|poke|p2|Ting-Lu|
|poke|p2|Sinistcha|
|poke|p2|Zamazenta-*|
|poke|p2|Scizor, M|
|teampreview
|inactive|Battle timer is ON: inactive players will automatically lose when time's up. (requested by oehtwashere)
|
|t:|1757846886
|teamsize|p1|6
|teamsize|p2|6
|start
|switch|p1a: Big bad wolf?|Thundurus, M|100/100
|switch|p2a: Samurott|Samurott-Hisui, M|100/100
|turn|1
|
|t:|1757846889
|switch|p2a: Ting-Lu|Ting-Lu|100/100
|-ability|p2a: Ting-Lu|Vessel of Ruin
|move|p1a: Big bad wolf?|Volt Switch|p2a: Ting-Lu
|-immune|p2a: Ting-Lu
|
|upkeep
|turn|2
|
|t:|1757846892
|move|p1a: Big bad wolf?|U-turn|p2a: Ting-Lu
|-supereffective|p2a: Ting-Lu
|-damage|p2a: Ting-Lu|83/100
|
|t:|1757846895
|switch|p1a: Whos afraid of the|Mesprit|100/100|[from] U-turn
|move|p2a: Ting-Lu|Stealth Rock|p1a: Whos afraid of the
|-sidestart|p1: hungrymane|move: Stealth Rock
|
|-heal|p2a: Ting-Lu|90/100|[from] item: Leftovers
|upkeep
|turn|3
|
|t:|1757846900
|switch|p2a: Samurott|Samurott-Hisui, M|100/100
|move|p1a: Whos afraid of the|Stealth Rock|p2a: Samurott
|-sidestart|p2: oehtwashere|move: Stealth Rock
|
|upkeep
|turn|4
|
|t:|1757846904
|move|p2a: Samurott|Ceaseless Edge|p1a: Whos afraid of the
|-supereffective|p1a: Whos afraid of the
|-damage|p1a: Whos afraid of the|37/100
|-sidestart|p1: hungrymane|Spikes
|move|p1a: Whos afraid of the|U-turn|p2a: Samurott
|-supereffective|p2a: Samurott
|-crit|p2a: Samurott
|-damage|p2a: Samurott|41/100
|
|t:|1757846907
|switch|p1a: Big bad wolf?|Thundurus, M|100/100|[from] U-turn
|
|upkeep
|turn|5
|
|t:|1757846916
|switch|p2a: Sinistcha|Sinistcha|100/100
|move|p1a: Big bad wolf?|Volt Switch|p2a: Sinistcha
|-resisted|p2a: Sinistcha
|-damage|p2a: Sinistcha|81/100
|
|t:|1757846919
|switch|p1a: I aint afraid of a|Okidogi, M|100/100|[from] Volt Switch
|
|upkeep
|turn|6
|
|t:|1757846926
|switch|p2a: Scizor|Scizor, M|100/100
|move|p1a: I aint afraid of a|Knock Off|p2a: Scizor
|-damage|p2a: Scizor|73/100
|-enditem|p2a: Scizor|Heavy-Duty Boots|[from] move: Knock Off|[of] p1a: I aint afraid of a
|
|upkeep
|turn|7
|
|t:|1757846934
|move|p1a: I aint afraid of a|Close Combat|p2a: Scizor
|-damage|p2a: Scizor|18/100
|-unboost|p1a: I aint afraid of a|def|1
|-unboost|p1a: I aint afraid of a|spd|1
|move|p2a: Scizor|Knock Off|p1a: I aint afraid of a
|-resisted|p1a: I aint afraid of a
|-damage|p1a: I aint afraid of a|79/100
|-enditem|p1a: I aint afraid of a|Heavy-Duty Boots|[from] move: Knock Off|[of] p2a: Scizor
|
|upkeep
|turn|8
|
|t:|1757846940
|switch|p1a: Big bad wolf?|Thundurus, M|100/100
|move|p2a: Scizor|Bullet Punch|p1a: Big bad wolf?
|-resisted|p1a: Big bad wolf?
|-damage|p1a: Big bad wolf?|77/100
|
|upkeep
|turn|9
|
|t:|1757846946
|move|p1a: Big bad wolf?|Volt Switch|p2a: Scizor
|-damage|p2a: Scizor|0 fnt
|faint|p2a: Scizor
|
|t:|1757846967
|switch|p1a: Tuteetudleetutu|Alomomola, F|100/100|[from] Volt Switch
|
|upkeep
|
|t:|1757846975
|switch|p2a: Sinistcha|Sinistcha|81/100
|turn|10
|
|t:|1757846979
|move|p1a: Tuteetudleetutu|Hex|p2a: Sinistcha
|-supereffective|p2a: Sinistcha
|-damage|p2a: Sinistcha|3/100
|move|p2a: Sinistcha|Calm Mind|p2a: Sinistcha
|-boost|p2a: Sinistcha|spa|1
|-boost|p2a: Sinistcha|spd|1
|
|upkeep
|turn|11
|
|t:|1757846983
|switch|p2a: Ting-Lu|Ting-Lu|90/100
|-damage|p2a: Ting-Lu|83/100|[from] Stealth Rock
|-ability|p2a: Ting-Lu|Vessel of Ruin
|move|p1a: Tuteetudleetutu|Hex|p2a: Ting-Lu
|-resisted|p2a: Ting-Lu
|-damage|p2a: Ting-Lu|76/100
|
|-heal|p2a: Ting-Lu|82/100|[from] item: Leftovers
|upkeep
|turn|12
|
|t:|1757846990
|move|p1a: Tuteetudleetutu|Will-O-Wisp|p2a: Ting-Lu
|-status|p2a: Ting-Lu|brn
|move|p2a: Ting-Lu|Ruination|p1a: Tuteetudleetutu
|-damage|p1a: Tuteetudleetutu|51/100
|replace|p1a: The big bad wolf?|Zoroark-Hisui, F
|-end|p1a: The big bad wolf?|Illusion
|
|-heal|p2a: Ting-Lu|88/100 brn|[from] item: Leftovers
|-damage|p2a: Ting-Lu|82/100 brn|[from] brn
|upkeep
|turn|13
|
|t:|1757846993
|move|p1a: The big bad wolf?|Focus Blast|p2a: Ting-Lu
|-supereffective|p2a: Ting-Lu
|-damage|p2a: Ting-Lu|51/100 brn
|move|p2a: Ting-Lu|Earthquake|p1a: The big bad wolf?
|-damage|p1a: The big bad wolf?|14/100
|
|-heal|p2a: Ting-Lu|57/100 brn|[from] item: Leftovers
|-damage|p2a: Ting-Lu|51/100 brn|[from] brn
|upkeep
|turn|14
|
|t:|1757846998
|switch|p1a: Tuteetudleetutu|Alomomola, F|100/100
|move|p2a: Ting-Lu|Earthquake|p1a: Tuteetudleetutu
|-damage|p1a: Tuteetudleetutu|87/100
|
|-heal|p2a: Ting-Lu|57/100 brn|[from] item: Leftovers
|-damage|p2a: Ting-Lu|51/100 brn|[from] brn
|upkeep
|turn|15
|
|t:|1757847000
|move|p1a: Tuteetudleetutu|Flip Turn|p2a: Ting-Lu
|-supereffective|p2a: Ting-Lu
|-damage|p2a: Ting-Lu|36/100 brn
|
|t:|1757847003
|switch|p1a: Whos afraid of the|Mesprit|37/100|[from] Flip Turn
|move|p2a: Ting-Lu|Ruination|p1a: Whos afraid of the
|-damage|p1a: Whos afraid of the|19/100
|
|-heal|p2a: Ting-Lu|42/100 brn|[from] item: Leftovers
|-damage|p2a: Ting-Lu|36/100 brn|[from] brn
|upkeep
|turn|16
|
|t:|1757847008
|move|p1a: Whos afraid of the|U-turn|p2a: Ting-Lu
|-supereffective|p2a: Ting-Lu
|-damage|p2a: Ting-Lu|19/100 brn
|
|t:|1757847010
|switch|p1a: Tuteetudleetutu|Alomomola, F|100/100|[from] U-turn
|move|p2a: Ting-Lu|Whirlwind|p1a: Tuteetudleetutu
|drag|p1a: Big bad wolf.|Goodra-Hisui, F|100/100
|
|-heal|p2a: Ting-Lu|25/100 brn|[from] item: Leftovers
|-damage|p2a: Ting-Lu|19/100 brn|[from] brn
|upkeep
|turn|17
|
|t:|1757847013
|switch|p1a: Tuteetudleetutu|Alomomola, F|100/100
|move|p2a: Ting-Lu|Earthquake|p1a: Tuteetudleetutu
|-damage|p1a: Tuteetudleetutu|88/100
|
|-heal|p2a: Ting-Lu|25/100 brn|[from] item: Leftovers
|-damage|p2a: Ting-Lu|19/100 brn|[from] brn
|upkeep
|turn|18
|
|t:|1757847018
|move|p1a: Tuteetudleetutu|Wish|p1a: Tuteetudleetutu
|move|p2a: Ting-Lu|Whirlwind|p1a: Tuteetudleetutu
|drag|p1a: Big bad wolf?|Thundurus, M|77/100
|
|-heal|p2a: Ting-Lu|25/100 brn|[from] item: Leftovers
|-damage|p2a: Ting-Lu|19/100 brn|[from] brn
|upkeep
|turn|19
|
|t:|1757847023
|move|p1a: Big bad wolf?|U-turn|p2a: Ting-Lu
|-supereffective|p2a: Ting-Lu
|-damage|p2a: Ting-Lu|2/100 brn
|
|t:|1757847026
|switch|p1a: Whos afraid of the|Mesprit|19/100|[from] U-turn
|move|p2a: Ting-Lu|Whirlwind|p1a: Whos afraid of the
|drag|p1a: Big bad wolf.|Goodra-Hisui, F|100/100
|
|-heal|p2a: Ting-Lu|8/100 brn|[from] item: Leftovers
|-damage|p2a: Ting-Lu|2/100 brn|[from] brn
|upkeep
|turn|20
|
|t:|1757847030
|switch|p1a: Tuteetudleetutu|Alomomola, F|100/100
|move|p2a: Ting-Lu|Earthquake|p1a: Tuteetudleetutu
|-damage|p1a: Tuteetudleetutu|88/100
|
|-heal|p2a: Ting-Lu|8/100 brn|[from] item: Leftovers
|-damage|p2a: Ting-Lu|2/100 brn|[from] brn
|upkeep
|turn|21
|
|t:|1757847034
|move|p1a: Tuteetudleetutu|Wish|p1a: Tuteetudleetutu
|move|p2a: Ting-Lu|Whirlwind|p1a: Tuteetudleetutu
|drag|p1a: Whos afraid of the|Mesprit|19/100
|
|-heal|p2a: Ting-Lu|8/100 brn|[from] item: Leftovers
|-damage|p2a: Ting-Lu|2/100 brn|[from] brn
|upkeep
|turn|22
|
|t:|1757847039
|move|p1a: Whos afraid of the|U-turn|p2a: Ting-Lu
|-supereffective|p2a: Ting-Lu
|-damage|p2a: Ting-Lu|0 fnt
|faint|p2a: Ting-Lu
|
|t:|1757847043
|switch|p1a: Whos afraid of the|Mesprit|14/100|[from] U-turn
|
|-heal|p1a: Whos afraid of the|100/100|[from] move: Wish|[wisher] Tuteetudleetutu
|upkeep
|
|t:|1757847046
|switch|p2a: Samurott|Samurott-Hisui, M|41/100
|turn|23
|j| heatraniac
|l| heatraniac
|
|t:|1757847057
|switch|p1a: I aint afraid of a|Okidogi, M|79/100
|-damage|p1a: I aint afraid of a|73/100|[from] Stealth Rock
|-damage|p1a: I aint afraid of a|61/100|[from] Spikes
|move|p2a: Samurott|Ceaseless Edge|p1a: I aint afraid of a
|-resisted|p1a: I aint afraid of a
|-damage|p1a: I aint afraid of a|42/100
|-sidestart|p1: hungrymane|Spikes
|
|upkeep
|turn|24
|
|t:|1757847061
|move|p2a: Samurott|Razor Shell|p1a: I aint afraid of a
|-damage|p1a: I aint afraid of a|4/100
|move|p1a: I aint afraid of a|Close Combat|p2a: Samurott
|-supereffective|p2a: Samurott
|-damage|p2a: Samurott|0 fnt
|-unboost|p1a: I aint afraid of a|def|1
|-unboost|p1a: I aint afraid of a|spd|1
|faint|p2a: Samurott
|
|upkeep
|
|t:|1757847068
|switch|p2a: Raikou|Raikou|100/100
|-ability|p2a: Raikou|Pressure
|turn|25
|
|t:|1757847071
|switch|p1a: Big bad wolf.|Goodra-Hisui, F|100/100
|move|p2a: Raikou|Aura Sphere|p1a: Big bad wolf.
|-supereffective|p1a: Big bad wolf.
|-damage|p1a: Big bad wolf.|70/100
|
|upkeep
|turn|26
|
|t:|1757847074
|move|p2a: Raikou|Aura Sphere|p1a: Big bad wolf.
|-supereffective|p1a: Big bad wolf.
|-damage|p1a: Big bad wolf.|37/100
|move|p1a: Big bad wolf.|Sludge Bomb|p2a: Raikou
|-damage|p2a: Raikou|70/100
|-status|p2a: Raikou|psn
|
|-damage|p2a: Raikou|58/100 psn|[from] psn
|upkeep
|turn|27
|
|t:|1757847077
|switch|p1a: Tuteetudleetutu|Alomomola, F|100/100
|move|p2a: Raikou|Aura Sphere|p1a: Tuteetudleetutu
|-damage|p1a: Tuteetudleetutu|81/100
|
|-damage|p2a: Raikou|46/100 psn|[from] psn
|upkeep
|turn|28
|
|t:|1757847079
|move|p2a: Raikou|Volt Switch|p1a: Tuteetudleetutu
|-supereffective|p1a: Tuteetudleetutu
|-damage|p1a: Tuteetudleetutu|24/100
|
|t:|1757847084
|switch|p2a: Zamazenta|Zamazenta|100/100|[from] Volt Switch
|-ability|p2a: Zamazenta|Dauntless Shield|boost
|-boost|p2a: Zamazenta|def|1
|move|p1a: Tuteetudleetutu|Wish|p1a: Tuteetudleetutu
|
|upkeep
|turn|29
|
|t:|1757847093
|switch|p1a: Whos afraid of the|Mesprit|100/100
|move|p2a: Zamazenta|Crunch|p1a: Whos afraid of the
|-supereffective|p1a: Whos afraid of the
|-crit|p1a: Whos afraid of the
|-damage|p1a: Whos afraid of the|0 fnt
|replace|p1a: The big bad wolf?|Zoroark-Hisui, F
|-end|p1a: The big bad wolf?|Illusion
|faint|p1a: The big bad wolf?
|
|upkeep
|
|t:|1757847097
|switch|p1a: Big bad wolf?|Thundurus, M|77/100
|turn|30
|
|t:|1757847100
|move|p1a: Big bad wolf?|Thunder Wave|p2a: Zamazenta
|-status|p2a: Zamazenta|par
|move|p2a: Zamazenta|Stone Edge|p1a: Big bad wolf?
|-supereffective|p1a: Big bad wolf?
|-damage|p1a: Big bad wolf?|0 fnt
|faint|p1a: Big bad wolf?
|
|upkeep
|
|t:|1757847105
|switch|p1a: Tuteetudleetutu|Alomomola, F|57/100
|turn|31
|
|t:|1757847107
|switch|p2a: Raikou|Raikou|46/100 psn
|-ability|p2a: Raikou|Pressure
|move|p1a: Tuteetudleetutu|Wish|p1a: Tuteetudleetutu
|
|-damage|p2a: Raikou|33/100 psn|[from] psn
|upkeep
|turn|32
|
|t:|1757847113
|switch|p1a: Big bad wolf.|Goodra-Hisui, F|37/100
|move|p2a: Raikou|Volt Switch|p1a: Big bad wolf.
|-resisted|p1a: Big bad wolf.
|-damage|p1a: Big bad wolf.|27/100
|
|t:|1757847116
|switch|p2a: Sinistcha|Sinistcha|3/100|[from] Volt Switch
|
|-heal|p1a: Big bad wolf.|99/100|[from] move: Wish|[wisher] Tuteetudleetutu
|upkeep
|turn|33
|
|t:|1757847123
|switch|p1a: Whos afraid of the|Mesprit|19/100
|move|p2a: Sinistcha|Strength Sap|p1a: Whos afraid of the
|-unboost|p1a: Whos afraid of the|atk|1
|-heal|p2a: Sinistcha|67/100
|
|upkeep
|turn|34
|
|t:|1757847130
|switch|p2a: Raikou|Raikou|33/100 psn
|-ability|p2a: Raikou|Pressure
|move|p1a: Whos afraid of the|Ice Beam|p2a: Raikou
|-damage|p2a: Raikou|8/100 psn
|
|-damage|p2a: Raikou|0 fnt|[from] psn
|faint|p2a: Raikou
|upkeep
|
|t:|1757847133
|switch|p2a: Zamazenta|Zamazenta|100/100 par
|turn|35
|
|t:|1757847138
|switch|p1a: Tuteetudleetutu|Alomomola, F|91/100
|move|p2a: Zamazenta|Close Combat|p1a: Tuteetudleetutu
|-damage|p1a: Tuteetudleetutu|46/100
|-unboost|p2a: Zamazenta|def|1
|-unboost|p2a: Zamazenta|spd|1
|
|upkeep
|turn|36
|
|t:|1757847149
|move|p1a: Tuteetudleetutu|Protect|p1a: Tuteetudleetutu
|-singleturn|p1a: Tuteetudleetutu|Protect
|move|p2a: Zamazenta|Close Combat|p1a: Tuteetudleetutu
|-activate|p1a: Tuteetudleetutu|move: Protect
|
|upkeep
|turn|37
|
|t:|1757847157
|move|p2a: Zamazenta|Close Combat|p1a: Tuteetudleetutu
|-damage|p1a: Tuteetudleetutu|2/100
|-unboost|p2a: Zamazenta|def|1
|-unboost|p2a: Zamazenta|spd|1
|move|p1a: Tuteetudleetutu|Wish|p1a: Tuteetudleetutu
|
|upkeep
|turn|38
|
|t:|1757847161
|switch|p2a: Sinistcha|Sinistcha|67/100
|move|p1a: Tuteetudleetutu|Protect||[still]
|-fail|p1a: Tuteetudleetutu
|
|-heal|p1a: Tuteetudleetutu|52/100|[from] move: Wish|[wisher] Tuteetudleetutu
|upkeep
|turn|39
|
|t:|1757847169
|move|p2a: Sinistcha|Matcha Gotcha|p1a: Tuteetudleetutu
|-supereffective|p1a: Tuteetudleetutu
|-damage|p1a: Tuteetudleetutu|0 fnt
|-heal|p2a: Sinistcha|100/100|[from] drain|[of] p1a: Tuteetudleetutu
|faint|p1a: Tuteetudleetutu
|
|upkeep
|
|t:|1757847173
|switch|p1a: I aint afraid of a|Okidogi, M|4/100
|-damage|p1a: I aint afraid of a|0 fnt|[from] Stealth Rock
|faint|p1a: I aint afraid of a
|
|t:|1757847178
|switch|p1a: Whos afraid of the|Mesprit|19/100
|turn|40
|
|t:|1757847191
|move|p1a: Whos afraid of the|Psychic Noise|p2a: Sinistcha
|-damage|p2a: Sinistcha|69/100
|-start|p2a: Sinistcha|move: Heal Block
|move|p2a: Sinistcha|Shadow Ball|p1a: Whos afraid of the
|-supereffective|p1a: Whos afraid of the
|-damage|p1a: Whos afraid of the|0 fnt
|faint|p1a: Whos afraid of the
|
|upkeep
|
|t:|1757847194
|switch|p1a: Big bad wolf.|Goodra-Hisui, F|99/100
|turn|41
|j| heatraniac
|
|t:|1757847197
|-terastallize|p1a: Big bad wolf.|Poison
|move|p2a: Sinistcha|Shadow Ball|p1a: Big bad wolf.
|-damage|p1a: Big bad wolf.|78/100
|move|p1a: Big bad wolf.|Sludge Bomb|p2a: Sinistcha
|-damage|p2a: Sinistcha|22/100
|-status|p2a: Sinistcha|psn
|
|-damage|p2a: Sinistcha|9/100 psn|[from] psn
|-end|p2a: Sinistcha|move: Heal Block
|upkeep
|turn|42
|
|t:|1757847218
|-terastallize|p2a: Sinistcha|Poison
|move|p2a: Sinistcha|Strength Sap|p1a: Big bad wolf.
|-ability|p1a: Big bad wolf.|Sap Sipper|boost
|-boost|p1a: Big bad wolf.|atk|1
|move|p1a: Big bad wolf.|Sludge Bomb|p2a: Sinistcha
|-resisted|p2a: Sinistcha
|-damage|p2a: Sinistcha|0 fnt
|faint|p2a: Sinistcha
|
|upkeep
|
|t:|1757847220
|switch|p2a: Zamazenta|Zamazenta|100/100 par
|turn|43
|
|t:|1757847228
|move|p2a: Zamazenta|Crunch|p1a: Big bad wolf.
|-damage|p1a: Big bad wolf.|57/100
|move|p1a: Big bad wolf.|Sludge Bomb|p2a: Zamazenta
|-crit|p2a: Zamazenta
|-damage|p2a: Zamazenta|48/100 par
|
|upkeep
|turn|44
|
|t:|1757847233
|move|p2a: Zamazenta|Crunch|p1a: Big bad wolf.
|-damage|p1a: Big bad wolf.|37/100
|-unboost|p1a: Big bad wolf.|def|1
|move|p1a: Big bad wolf.|Sludge Bomb|p2a: Zamazenta
|-crit|p2a: Zamazenta
|-damage|p2a: Zamazenta|0 fnt
|faint|p2a: Zamazenta
|
|win|hungrymane
|raw|hungrymane's rating: 1641 &rarr; <strong>1662</strong><br />(+21 for winning)
|raw|oehtwashere's rating: 1663 &rarr; <strong>1642</strong><br />(-21 for losing)
|l|‽oehtwashere
|player|p2|
|l|☆hungrymane
|player|p1|
|l| heatraniac
