|j|☆Basikone
|j|☆Inteleonie
|t:|1757943224
|gametype|singles
|player|p1|Basikone|170|1325
|player|p2|Inteleonie|170|1367
|gen|9
|tier|[Gen 9] OU
|rated|
|rule|HP Percentage Mod: HP is shown in percentages
|rule|Endless Battle Clause: Forcing endless battles is banned
|rule|Species Clause: Limit one of each Pokémon
|rule|OHKO Clause: OHKO moves are banned
|rule|Evasion Items Clause: Evasion items are banned
|rule|Evasion Moves Clause: Evasion moves are banned
|rule|Evasion Abilities Clause: Evasion abilities are banned
|rule|Sleep Moves Clause: Sleep-inducing moves are banned
|clearpoke
|poke|p1|Scizor, F|
|poke|p1|Jolteon, F|
|poke|p1|Araquanid, F|
|poke|p1|Magnezone|
|poke|p1|Donphan, F|
|poke|p1|Ting-Lu|
|poke|p2|Cinderace, M|
|poke|p2|Great Tusk|
|poke|p2|Zapdos|
|poke|p2|Garchomp, M|
|poke|p2|Necrozma|
|poke|p2|Darkrai|
|teampreview
|inactive|Battle timer is ON: inactive players will automatically lose when time's up. (requested by Inteleonie)
|
|t:|1757943247
|teamsize|p1|6
|teamsize|p2|6
|start
|switch|p1a: Scizor|Scizor, F|100/100
|switch|p2a: Catch These feet|Cinderace, M|100/100
|turn|1
|
|t:|1757943252
|switch|p1a: Araquanid|Araquanid, F|100/100
|move|p2a: Catch These feet|Pyro Ball|p1a: Araquanid|[miss]
|-miss|p2a: Catch These feet|p1a: Araquanid
|
|upkeep
|turn|2
|
|t:|1757943258
|move|p2a: Catch These feet|Pyro Ball|p1a: Araquanid
|-damage|p1a: Araquanid|56/100
|move|p1a: Araquanid|Liquidation|p2a: Catch These feet
|-supereffective|p2a: Catch These feet
|-crit|p2a: Catch These feet
|-damage|p2a: Catch These feet|0 fnt
|faint|p2a: Catch These feet
|
|upkeep
|
|t:|1757943264
|switch|p2a: Yellow Magic|Zapdos|100/100
|turn|3
|
|t:|1757943270
|move|p2a: Yellow Magic|Hurricane|p1a: Araquanid|[miss]
|-miss|p2a: Yellow Magic|p1a: Araquanid
|move|p1a: Araquanid|Mirror Coat||[still]
|-fail|p1a: Araquanid
|
|upkeep
|turn|4
|
|t:|1757943276
|switch|p1a: Ting-Lu|Ting-Lu|100/100
|-ability|p1a: Ting-Lu|Vessel of Ruin
|move|p2a: Yellow Magic|Hurricane|p1a: Ting-Lu
|-damage|p1a: Ting-Lu|79/100
|-start|p1a: Ting-Lu|confusion
|-enditem|p1a: Ting-Lu|Red Card|[of] p2a: Yellow Magic
|drag|p2a: CHOMP CHOMP|Garchomp, M|100/100
|
|upkeep
|turn|5
|
|t:|1757943287
|switch|p1a: Donphan|Donphan, F|100/100
|move|p2a: CHOMP CHOMP|Swords Dance|p2a: CHOMP CHOMP
|-boost|p2a: CHOMP CHOMP|atk|2
|
|upkeep
|turn|6
|
|t:|1757943294
|move|p2a: CHOMP CHOMP|Earthquake|p1a: Donphan
|-damage|p1a: Donphan|16/100
|move|p1a: Donphan|Endeavor|p2a: CHOMP CHOMP
|-damage|p2a: CHOMP CHOMP|17/100
|-damage|p1a: Donphan|4/100|[from] ability: Rough Skin|[of] p2a: CHOMP CHOMP
|
|upkeep
|turn|7
|
|t:|1757943303
|move|p1a: Donphan|Ice Shard|p2a: CHOMP CHOMP
|-supereffective|p2a: CHOMP CHOMP
|-damage|p2a: CHOMP CHOMP|0 fnt
|faint|p2a: CHOMP CHOMP
|
|upkeep
|
|t:|1757943306
|switch|p2a: böllerino|Necrozma|100/100
|turn|8
|
|t:|1757943310
|move|p2a: böllerino|Dragon Dance|p2a: böllerino
|-boost|p2a: böllerino|atk|1
|-boost|p2a: böllerino|spe|1
|move|p1a: Donphan|Endeavor|p2a: böllerino
|-damage|p2a: böllerino|4/100
|
|upkeep
|turn|9
|-message|Inteleonie forfeited.
|
|win|Basikone
|raw|Basikone's rating: 1325 &rarr; <strong>1347</strong><br />(+22 for winning)
|raw|Inteleonie's rating: 1367 &rarr; <strong>1345</strong><br />(-22 for losing)
|l|☆Inteleonie
|player|p2|
|l|☆Basikone
|player|p1|
