|badge|p2|bronze|gen9ou|100-6
|uhtml|medal-msg|<div class="broadcast-blue">Curious what those medals under the avatar are? PS now has Ladder Seasons! For more information, check out the <a href="https://www.smogon.com/forums/threads/3740067/">thread on Smogon.</a></div>
|j|☆Flex Plays Only
|j|☆KingPikaPika
|t:|1757952247
|gametype|singles
|player|p1|Flex Plays Only|miku-fairy|1780
|player|p2|KingPikaPika|pokekid|1856
|gen|9
|tier|[Gen 9] OU
|rated|
|rule|HP Percentage Mod: HP is shown in percentages
|rule|Endless Battle Clause: Forcing endless battles is banned
|rule|Species Clause: Limit one of each Pokémon
|rule|OHKO Clause: OHKO moves are banned
|rule|Evasion Items Clause: Evasion items are banned
|rule|Evasion Moves Clause: Evasion moves are banned
|rule|Evasion Abilities Clause: Evasion abilities are banned
|rule|Sleep Moves Clause: Sleep-inducing moves are banned
|clearpoke
|poke|p1|Rillaboom, M|
|poke|p1|Ogerpon-Wellspring, F|
|poke|p1|Ting-Lu|
|poke|p1|Raging Bolt|
|poke|p1|Gholdengo|
|poke|p1|Okidogi, M|
|poke|p2|Landorus-Therian, M|
|poke|p2|Clefable, F|
|poke|p2|Iron Treads|
|poke|p2|Raging Bolt|
|poke|p2|Ceruledge, F|
|poke|p2|Darkrai|
|teampreview
|
|t:|1757952253
|teamsize|p1|6
|teamsize|p2|6
|start
|switch|p1a: Ogerpon|Ogerpon-Wellspring, F|100/100
|switch|p2a: Iron Treads|Iron Treads|100/100
|-enditem|p2a: Iron Treads|Booster Energy
|-activate|p2a: Iron Treads|ability: Quark Drive|[fromitem]
|-start|p2a: Iron Treads|quarkdrivespe
|turn|1
|
|t:|1757952259
|move|p2a: Iron Treads|Stealth Rock|p1a: Ogerpon
|-sidestart|p1: Flex Plays Only|move: Stealth Rock
|move|p1a: Ogerpon|Ivy Cudgel|p2a: Iron Treads|[anim] Ivy Cudgel Water
|-supereffective|p2a: Iron Treads
|-damage|p2a: Iron Treads|0 fnt
|faint|p2a: Iron Treads
|-end|p2a: Iron Treads|Quark Drive|[silent]
|
|upkeep
|
|t:|1757952260
|switch|p2a: Ceruledge|Ceruledge, F|100/100
|turn|2
|
|t:|1757952264
|switch|p1a: Ting-Lu|Ting-Lu|100/100
|-damage|p1a: Ting-Lu|94/100|[from] Stealth Rock
|-ability|p1a: Ting-Lu|Vessel of Ruin
|move|p2a: Ceruledge|Swords Dance|p2a: Ceruledge
|-boost|p2a: Ceruledge|atk|2
|
|upkeep
|turn|3
|
|t:|1757952270
|move|p2a: Ceruledge|Bitter Blade|p1a: Ting-Lu
|-damage|p1a: Ting-Lu|47/100
|-damage|p2a: Ceruledge|84/100|[from] item: Rocky Helmet|[of] p1a: Ting-Lu
|move|p1a: Ting-Lu|Stomping Tantrum|p2a: Ceruledge
|-supereffective|p2a: Ceruledge
|-damage|p2a: Ceruledge|1/100
|-ability|p2a: Ceruledge|Weak Armor|boost
|-unboost|p2a: Ceruledge|def|1
|-boost|p2a: Ceruledge|spe|2
|
|upkeep
|turn|4
|j| amimec
|
|t:|1757952279
|move|p2a: Ceruledge|Bitter Blade|p1a: Ting-Lu
|-damage|p1a: Ting-Lu|0 fnt
|-heal|p2a: Ceruledge|42/100|[from] drain|[of] p1a: Ting-Lu
|-damage|p2a: Ceruledge|26/100|[from] item: Rocky Helmet|[of] p1a: Ting-Lu
|faint|p1a: Ting-Lu
|
|upkeep
|
|t:|1757952283
|switch|p1a: Rillaboom|Rillaboom, M|100/100
|-damage|p1a: Rillaboom|88/100|[from] Stealth Rock
|-fieldstart|move: Grassy Terrain|[from] ability: Grassy Surge|[of] p1a: Rillaboom
|turn|5
|
|t:|1757952287
|move|p2a: Ceruledge|Shadow Sneak|p1a: Rillaboom
|-damage|p1a: Rillaboom|45/100
|move|p1a: Rillaboom|Grassy Glide|p2a: Ceruledge
|-resisted|p2a: Ceruledge
|-damage|p2a: Ceruledge|0 fnt
|faint|p2a: Ceruledge
|
|-heal|p1a: Rillaboom|51/100|[from] Grassy Terrain
|upkeep
|
|t:|1757952290
|switch|p2a: Raging Bolt|Raging Bolt|100/100
|-enditem|p2a: Raging Bolt|Booster Energy
|-activate|p2a: Raging Bolt|ability: Protosynthesis|[fromitem]
|-start|p2a: Raging Bolt|protosynthesisspa
|turn|6
|
|t:|1757952293
|switch|p1a: Okidogi|Okidogi, M|100/100
|-damage|p1a: Okidogi|94/100|[from] Stealth Rock
|move|p2a: Raging Bolt|Dragon Pulse|p1a: Okidogi
|-damage|p1a: Okidogi|40/100
|
|-heal|p1a: Okidogi|46/100|[from] Grassy Terrain
|-heal|p1a: Okidogi|52/100|[from] item: Leftovers
|upkeep
|turn|7
|
|t:|1757952299
|move|p2a: Raging Bolt|Thunderbolt|p1a: Okidogi
|-damage|p1a: Okidogi|1/100
|-status|p1a: Okidogi|par
|move|p1a: Okidogi|Ice Punch|p2a: Raging Bolt
|-supereffective|p2a: Raging Bolt
|-damage|p2a: Raging Bolt|57/100
|
|-heal|p2a: Raging Bolt|63/100|[from] Grassy Terrain
|-heal|p1a: Okidogi|7/100 par|[from] Grassy Terrain
|-heal|p1a: Okidogi|13/100 par|[from] item: Leftovers
|upkeep
|turn|8
|
|t:|1757952308
|move|p2a: Raging Bolt|Thunderbolt|p1a: Okidogi
|-damage|p1a: Okidogi|0 fnt
|faint|p1a: Okidogi
|
|-heal|p2a: Raging Bolt|69/100|[from] Grassy Terrain
|upkeep
|
|t:|1757952311
|switch|p1a: Ogerpon|Ogerpon-Wellspring, F|100/100
|-damage|p1a: Ogerpon|88/100|[from] Stealth Rock
|turn|9
|
|t:|1757952314
|move|p1a: Ogerpon|Play Rough|p2a: Raging Bolt
|-supereffective|p2a: Raging Bolt
|-damage|p2a: Raging Bolt|0 fnt
|faint|p2a: Raging Bolt
|-end|p2a: Raging Bolt|Protosynthesis|[silent]
|
|-heal|p1a: Ogerpon|94/100|[from] Grassy Terrain
|-fieldend|move: Grassy Terrain
|upkeep
|
|t:|1757952320
|switch|p2a: Darkrai|Darkrai|100/100
|turn|10
|
|t:|1757952329
|switch|p1a: Rillaboom|Rillaboom, M|51/100
|-damage|p1a: Rillaboom|39/100|[from] Stealth Rock
|-fieldstart|move: Grassy Terrain|[from] ability: Grassy Surge|[of] p1a: Rillaboom
|move|p2a: Darkrai|Dark Pulse|p1a: Rillaboom
|-damage|p1a: Rillaboom|0 fnt
|faint|p1a: Rillaboom
|
|upkeep
|
|t:|1757952331
|switch|p1a: Raging Bolt|Raging Bolt|100/100
|-damage|p1a: Raging Bolt|88/100|[from] Stealth Rock
|-enditem|p1a: Raging Bolt|Grassy Seed
|-boost|p1a: Raging Bolt|def|1|[from] item: Grassy Seed
|turn|11
|
|t:|1757952334
|move|p2a: Darkrai|Dark Pulse|p1a: Raging Bolt
|-damage|p1a: Raging Bolt|48/100
|move|p1a: Raging Bolt|Calm Mind|p1a: Raging Bolt
|-boost|p1a: Raging Bolt|spa|1
|-boost|p1a: Raging Bolt|spd|1
|
|-heal|p1a: Raging Bolt|54/100|[from] Grassy Terrain
|upkeep
|turn|12
|
|t:|1757952341
|switch|p2a: Landorus|Landorus-Therian, M|100/100
|-ability|p2a: Landorus|Intimidate|boost
|-unboost|p1a: Raging Bolt|atk|1
|-terastallize|p1a: Raging Bolt|Ice
|move|p1a: Raging Bolt|Tera Blast|p2a: Landorus|[anim] Tera Blast Ice
|-supereffective|p2a: Landorus
|-damage|p2a: Landorus|0 fnt
|faint|p2a: Landorus
|
|-heal|p1a: Raging Bolt|60/100|[from] Grassy Terrain
|upkeep
|
|t:|1757952349
|switch|p2a: Clefable|Clefable, F|100/100
|turn|13
|
|t:|1757952352
|move|p1a: Raging Bolt|Thunderbolt|p2a: Clefable
|-damage|p2a: Clefable|53/100
|move|p2a: Clefable|Calm Mind|p2a: Clefable
|-boost|p2a: Clefable|spa|1
|-boost|p2a: Clefable|spd|1
|
|-heal|p1a: Raging Bolt|67/100|[from] Grassy Terrain
|-heal|p2a: Clefable|59/100|[from] Grassy Terrain
|-heal|p2a: Clefable|65/100|[from] item: Leftovers
|upkeep
|turn|14
|
|t:|1757952361
|move|p1a: Raging Bolt|Thunderbolt|p2a: Clefable
|-damage|p2a: Clefable|33/100
|move|p2a: Clefable|Cosmic Power|p2a: Clefable
|-boost|p2a: Clefable|def|1
|-boost|p2a: Clefable|spd|1
|
|-heal|p1a: Raging Bolt|73/100|[from] Grassy Terrain
|-heal|p2a: Clefable|39/100|[from] Grassy Terrain
|-heal|p2a: Clefable|45/100|[from] item: Leftovers
|-fieldend|move: Grassy Terrain
|upkeep
|turn|15
|
|t:|1757952367
|move|p1a: Raging Bolt|Thunderbolt|p2a: Clefable
|-damage|p2a: Clefable|19/100
|move|p2a: Clefable|Moonlight|p2a: Clefable
|-heal|p2a: Clefable|69/100
|
|-heal|p2a: Clefable|75/100|[from] item: Leftovers
|upkeep
|turn|16
|
|t:|1757952371
|-end|p1a: Raging Bolt|Protosynthesis|[silent]
|switch|p1a: Ogerpon|Ogerpon-Wellspring, F|94/100
|-damage|p1a: Ogerpon|82/100|[from] Stealth Rock
|move|p2a: Clefable|Cosmic Power|p2a: Clefable
|-boost|p2a: Clefable|def|1
|-boost|p2a: Clefable|spd|1
|
|-heal|p2a: Clefable|81/100|[from] item: Leftovers
|upkeep
|turn|17
|
|t:|1757952373
|move|p1a: Ogerpon|Ivy Cudgel|p2a: Clefable|[anim] Ivy Cudgel Water
|-damage|p2a: Clefable|54/100
|move|p2a: Clefable|Moonblast|p1a: Ogerpon
|-damage|p1a: Ogerpon|24/100
|-unboost|p1a: Ogerpon|spa|1
|
|-heal|p2a: Clefable|60/100|[from] item: Leftovers
|upkeep
|turn|18
|
|t:|1757952378
|move|p1a: Ogerpon|Ivy Cudgel|p2a: Clefable|[anim] Ivy Cudgel Water
|-damage|p2a: Clefable|36/100
|move|p2a: Clefable|Moonblast|p1a: Ogerpon
|-damage|p1a: Ogerpon|0 fnt
|faint|p1a: Ogerpon
|
|-heal|p2a: Clefable|42/100|[from] item: Leftovers
|upkeep
|
|t:|1757952381
|switch|p1a: Gholdengo|Gholdengo|100/100
|-damage|p1a: Gholdengo|94/100|[from] Stealth Rock
|turn|19
|
|t:|1757952390
|-terastallize|p2a: Clefable|Poison
|move|p1a: Gholdengo|Shadow Ball|p2a: Clefable
|-damage|p2a: Clefable|23/100
|move|p2a: Clefable|Moonlight|p2a: Clefable
|-heal|p2a: Clefable|73/100
|
|-heal|p2a: Clefable|79/100|[from] item: Leftovers
|upkeep
|turn|20
|
|t:|1757952395
|move|p1a: Gholdengo|Shadow Ball|p2a: Clefable
|-damage|p2a: Clefable|63/100
|-unboost|p2a: Clefable|spd|1
|move|p2a: Clefable|Cosmic Power|p2a: Clefable
|-boost|p2a: Clefable|def|1
|-boost|p2a: Clefable|spd|1
|
|-heal|p2a: Clefable|69/100|[from] item: Leftovers
|upkeep
|turn|21
|
|t:|1757952397
|move|p1a: Gholdengo|Shadow Ball|p2a: Clefable
|-damage|p2a: Clefable|51/100
|move|p2a: Clefable|Cosmic Power|p2a: Clefable
|-boost|p2a: Clefable|def|1
|-boost|p2a: Clefable|spd|1
|
|-heal|p2a: Clefable|57/100|[from] item: Leftovers
|upkeep
|turn|22
|
|t:|1757952399
|move|p1a: Gholdengo|Shadow Ball|p2a: Clefable
|-damage|p2a: Clefable|42/100
|-unboost|p2a: Clefable|spd|1
|move|p2a: Clefable|Moonlight|p2a: Clefable
|-heal|p2a: Clefable|92/100
|
|-heal|p2a: Clefable|98/100|[from] item: Leftovers
|upkeep
|turn|23
|-message|Flex Plays Only forfeited.
|
|win|KingPikaPika
|raw|Flex Plays Only's rating: 1780 &rarr; <strong>1764</strong><br />(-16 for losing)
|raw|KingPikaPika's rating: 1856 &rarr; <strong>1872</strong><br />(+16 for winning)
|l|☆Flex Plays Only
|player|p1|
|l|☆KingPikaPika
|player|p2|
