|j|☆jakob poeltl fan
|j|☆Husk1903
|t:|1757949474
|gametype|singles
|player|p1|jakob poeltl fan|veteran|1190
|player|p2|Husk1903|ingo|1199
|gen|9
|tier|[Gen 9] OU
|rated|
|rule|HP Percentage Mod: HP is shown in percentages
|rule|Endless Battle Clause: Forcing endless battles is banned
|rule|Species Clause: Limit one of each Pokémon
|rule|OHKO Clause: OHKO moves are banned
|rule|Evasion Items Clause: Evasion items are banned
|rule|Evasion Moves Clause: Evasion moves are banned
|rule|Evasion Abilities Clause: Evasion abilities are banned
|rule|Sleep Moves Clause: Sleep-inducing moves are banned
|clearpoke
|poke|p1|Iron Moth|
|poke|p1|Ting-Lu|
|poke|p1|Torkoal, F|
|poke|p1|Walking Wake|
|poke|p1|Great Tusk|
|poke|p1|Slither Wing|
|poke|p2|Haxorus, M|
|poke|p2|Iron Hands|
|poke|p2|Blaziken, F|
|poke|p2|Polteageist|
|poke|p2|Toxapex, F|
|poke|p2|Cottonee, L1, M|
|teampreview
|inactive|Battle timer is ON: inactive players will automatically lose when time's up. (requested by Husk1903)
|
|t:|1757949482
|teamsize|p1|6
|teamsize|p2|6
|start
|switch|p1a: Torkoal|Torkoal, F|100/100
|switch|p2a: Polteageist|Polteageist|100/100
|-weather|SunnyDay|[from] ability: Drought|[of] p1a: Torkoal
|turn|1
|
|t:|1757949489
|move|p2a: Polteageist|Shell Smash|p2a: Polteageist
|-unboost|p2a: Polteageist|def|1
|-unboost|p2a: Polteageist|spd|1
|-boost|p2a: Polteageist|atk|2
|-boost|p2a: Polteageist|spa|2
|-boost|p2a: Polteageist|spe|2
|move|p1a: Torkoal|Lava Plume|p2a: Polteageist
|-damage|p2a: Polteageist|40/100
|
|-weather|SunnyDay|[upkeep]
|upkeep
|turn|2
|
|t:|1757949500
|switch|p1a: Ting-Lu|Ting-Lu|100/100
|-ability|p1a: Ting-Lu|Vessel of Ruin
|move|p2a: Polteageist|Stored Power|p1a: Ting-Lu
|-immune|p1a: Ting-Lu
|
|-weather|SunnyDay|[upkeep]
|upkeep
|turn|3
|
|t:|1757949515
|move|p2a: Polteageist|Giga Drain|p1a: Ting-Lu
|-supereffective|p1a: Ting-Lu
|-damage|p1a: Ting-Lu|54/100
|-heal|p2a: Polteageist|85/100|[from] drain|[of] p1a: Ting-Lu
|move|p1a: Ting-Lu|Whirlwind|p2a: Polteageist
|drag|p2a: Blaziken|Blaziken, F|100/100
|
|-weather|SunnyDay|[upkeep]
|upkeep
|turn|4
|
|t:|1757949530
|move|p2a: Blaziken|Close Combat|p1a: Ting-Lu
|-supereffective|p1a: Ting-Lu
|-damage|p1a: Ting-Lu|0 fnt
|-unboost|p2a: Blaziken|def|1
|-unboost|p2a: Blaziken|spd|1
|-damage|p2a: Blaziken|84/100|[from] item: Rocky Helmet|[of] p1a: Ting-Lu
|faint|p1a: Ting-Lu
|
|-weather|SunnyDay|[upkeep]
|-ability|p2a: Blaziken|Speed Boost|boost
|-boost|p2a: Blaziken|spe|1
|upkeep
|
|t:|1757949542
|switch|p1a: Iron Moth|Iron Moth|100/100
|turn|5
|
|t:|1757949552
|move|p2a: Blaziken|Close Combat|p1a: Iron Moth
|-resisted|p1a: Iron Moth
|-damage|p1a: Iron Moth|45/100
|-unboost|p2a: Blaziken|def|1
|-unboost|p2a: Blaziken|spd|1
|move|p1a: Iron Moth|Psychic|p2a: Blaziken
|-supereffective|p2a: Blaziken
|-damage|p2a: Blaziken|0 fnt
|faint|p2a: Blaziken
|
|-weather|SunnyDay|[upkeep]
|upkeep
|
|t:|1757949561
|switch|p2a: Haxorus|Haxorus, M|100/100
|-ability|p2a: Haxorus|Mold Breaker
|turn|6
|
|t:|1757949574
|-end|p1a: Iron Moth|Quark Drive|[silent]
|switch|p1a: Great Tusk|Great Tusk|100/100
|-activate|p1a: Great Tusk|ability: Protosynthesis
|-start|p1a: Great Tusk|protosynthesisspe
|move|p2a: Haxorus|Dragon Dance|p2a: Haxorus
|-boost|p2a: Haxorus|atk|1
|-boost|p2a: Haxorus|spe|1
|
|-weather|SunnyDay|[upkeep]
|upkeep
|turn|7
|
|t:|1757949588
|move|p1a: Great Tusk|Bulk Up|p1a: Great Tusk
|-boost|p1a: Great Tusk|atk|1
|-boost|p1a: Great Tusk|def|1
|move|p2a: Haxorus|Outrage|p1a: Great Tusk
|-damage|p1a: Great Tusk|51/100
|
|-weather|SunnyDay|[upkeep]
|upkeep
|turn|8
|
|t:|1757949600
|move|p1a: Great Tusk|Bulk Up|p1a: Great Tusk
|-boost|p1a: Great Tusk|atk|1
|-boost|p1a: Great Tusk|def|1
|move|p2a: Haxorus|Outrage|p1a: Great Tusk|[from] lockedmove
|-damage|p1a: Great Tusk|17/100
|-start|p2a: Haxorus|confusion|[fatigue]
|-enditem|p2a: Haxorus|Lum Berry|[eat]
|-end|p2a: Haxorus|confusion
|
|-weather|none
|-end|p1a: Great Tusk|Protosynthesis
|upkeep
|turn|9
|
|t:|1757949616
|-end|p1a: Great Tusk|Protosynthesis|[silent]
|switch|p1a: Torkoal|Torkoal, F|100/100
|-weather|SunnyDay|[from] ability: Drought|[of] p1a: Torkoal
|move|p2a: Haxorus|Outrage|p1a: Torkoal
|-damage|p1a: Torkoal|41/100
|
|-weather|SunnyDay|[upkeep]
|upkeep
|turn|10
|
|t:|1757949629
|switch|p1a: Great Tusk|Great Tusk|17/100
|-activate|p1a: Great Tusk|ability: Protosynthesis
|-start|p1a: Great Tusk|protosynthesisspe
|move|p2a: Haxorus|Outrage|p1a: Great Tusk|[from] lockedmove
|-damage|p1a: Great Tusk|0 fnt
|faint|p1a: Great Tusk
|-end|p1a: Great Tusk|Protosynthesis|[silent]
|-start|p2a: Haxorus|confusion|[fatigue]
|
|-weather|SunnyDay|[upkeep]
|upkeep
|
|t:|1757949638
|switch|p1a: Walking Wake|Walking Wake|100/100
|-activate|p1a: Walking Wake|ability: Protosynthesis
|-start|p1a: Walking Wake|protosynthesisspe
|turn|11
|
|t:|1757949646
|-terastallize|p2a: Haxorus|Steel
|move|p1a: Walking Wake|Dragon Pulse|p2a: Haxorus
|-resisted|p2a: Haxorus
|-damage|p2a: Haxorus|54/100
|-activate|p2a: Haxorus|confusion
|-damage|p2a: Haxorus|20/100|[from] confusion
|
|-weather|SunnyDay|[upkeep]
|upkeep
|turn|12
|
|t:|1757949657
|move|p1a: Walking Wake|Dragon Pulse|p2a: Haxorus
|-resisted|p2a: Haxorus
|-damage|p2a: Haxorus|0 fnt
|faint|p2a: Haxorus
|
|-weather|SunnyDay|[upkeep]
|upkeep
|
|t:|1757949667
|switch|p2a: Cottonee|Cottonee, L1, M|100/100
|turn|13
|
|t:|1757949674
|-end|p1a: Walking Wake|Protosynthesis|[silent]
|switch|p1a: Iron Moth|Iron Moth|45/100
|move|p2a: Cottonee|Leech Seed|p1a: Iron Moth
|-start|p1a: Iron Moth|move: Leech Seed
|
|-weather|SunnyDay|[upkeep]
|-damage|p1a: Iron Moth|33/100|[from] Leech Seed|[of] p2a: Cottonee
|upkeep
|turn|14
|
|t:|1757949683
|move|p2a: Cottonee|Substitute|p2a: Cottonee
|-start|p2a: Cottonee|Substitute
|-damage|p2a: Cottonee|82/100
|move|p1a: Iron Moth|Sludge Wave|p2a: Cottonee
|-supereffective|p2a: Cottonee
|-end|p2a: Cottonee|Substitute
|
|-weather|SunnyDay|[upkeep]
|-damage|p1a: Iron Moth|21/100|[from] Leech Seed|[of] p2a: Cottonee
|-heal|p2a: Cottonee|100/100|[silent]
|upkeep
|turn|15
|
|t:|1757949691
|move|p2a: Cottonee|Substitute|p2a: Cottonee
|-start|p2a: Cottonee|Substitute
|-damage|p2a: Cottonee|82/100
|move|p1a: Iron Moth|Sludge Wave|p2a: Cottonee
|-supereffective|p2a: Cottonee
|-end|p2a: Cottonee|Substitute
|
|-weather|SunnyDay|[upkeep]
|-damage|p1a: Iron Moth|8/100|[from] Leech Seed|[of] p2a: Cottonee
|-heal|p2a: Cottonee|100/100|[silent]
|upkeep
|turn|16
|
|t:|1757949698
|move|p2a: Cottonee|Substitute|p2a: Cottonee
|-start|p2a: Cottonee|Substitute
|-damage|p2a: Cottonee|82/100
|move|p1a: Iron Moth|Sludge Wave|p2a: Cottonee
|-supereffective|p2a: Cottonee
|-end|p2a: Cottonee|Substitute
|
|-weather|none
|-damage|p1a: Iron Moth|0 fnt|[from] Leech Seed|[of] p2a: Cottonee
|-heal|p2a: Cottonee|100/100|[silent]
|faint|p1a: Iron Moth
|-end|p1a: Iron Moth|Quark Drive|[silent]
|upkeep
|
|t:|1757949704
|switch|p1a: Slither Wing|Slither Wing|100/100
|turn|17
|
|t:|1757949712
|move|p1a: Slither Wing|First Impression|p2a: Cottonee
|-enditem|p2a: Cottonee|Focus Sash
|-damage|p2a: Cottonee|10/100
|move|p2a: Cottonee|Leech Seed|p1a: Slither Wing
|-start|p1a: Slither Wing|move: Leech Seed
|
|-damage|p1a: Slither Wing|88/100|[from] Leech Seed|[of] p2a: Cottonee
|-heal|p2a: Cottonee|100/100|[silent]
|upkeep
|turn|18
|
|t:|1757949722
|-end|p1a: Slither Wing|Protosynthesis|[silent]
|switch|p1a: Torkoal|Torkoal, F|41/100
|-weather|SunnyDay|[from] ability: Drought|[of] p1a: Torkoal
|move|p2a: Cottonee|Protect||[still]
|-fail|p2a: Cottonee
|
|-weather|SunnyDay|[upkeep]
|upkeep
|turn|19
|
|t:|1757949729
|move|p2a: Cottonee|Substitute|p2a: Cottonee
|-start|p2a: Cottonee|Substitute
|-damage|p2a: Cottonee|82/100
|move|p1a: Torkoal|Will-O-Wisp||[still]
|-fail|p1a: Torkoal
|
|-weather|SunnyDay|[upkeep]
|upkeep
|turn|20
|
|t:|1757949734
|move|p2a: Cottonee|Leech Seed|p1a: Torkoal|[miss]
|-miss|p2a: Cottonee|p1a: Torkoal
|move|p1a: Torkoal|Rapid Spin|p2a: Cottonee
|-end|p2a: Cottonee|Substitute
|-boost|p1a: Torkoal|spe|1
|
|-weather|SunnyDay|[upkeep]
|upkeep
|turn|21
|
|t:|1757949742
|move|p2a: Cottonee|Substitute|p2a: Cottonee
|-start|p2a: Cottonee|Substitute
|-damage|p2a: Cottonee|64/100
|move|p1a: Torkoal|Lava Plume|p2a: Cottonee
|-supereffective|p2a: Cottonee
|-end|p2a: Cottonee|Substitute
|
|-weather|SunnyDay|[upkeep]
|upkeep
|turn|22
|
|t:|1757949749
|move|p2a: Cottonee|Leech Seed|p1a: Torkoal
|-start|p1a: Torkoal|move: Leech Seed
|move|p1a: Torkoal|Lava Plume|p2a: Cottonee
|-supereffective|p2a: Cottonee
|-damage|p2a: Cottonee|0 fnt
|faint|p2a: Cottonee
|
|-weather|SunnyDay|[upkeep]
|upkeep
|
|t:|1757949758
|switch|p2a: Toxapex|Toxapex, F|100/100
|turn|23
|
|t:|1757949762
|switch|p1a: Slither Wing|Slither Wing|88/100
|-activate|p1a: Slither Wing|ability: Protosynthesis
|-start|p1a: Slither Wing|protosynthesisatk
|move|p2a: Toxapex|Toxic|p1a: Slither Wing
|-status|p1a: Slither Wing|tox
|
|-weather|SunnyDay|[upkeep]
|-damage|p1a: Slither Wing|82/100 tox|[from] psn
|upkeep
|turn|24
|
|t:|1757949772
|move|p2a: Toxapex|Baneful Bunker|p2a: Toxapex
|-singleturn|p2a: Toxapex|move: Protect
|move|p1a: Slither Wing|U-turn|p2a: Toxapex
|-activate|p2a: Toxapex|move: Protect
|
|-weather|SunnyDay|[upkeep]
|-damage|p1a: Slither Wing|69/100 tox|[from] psn
|upkeep
|turn|25
|
|t:|1757949779
|move|p1a: Slither Wing|U-turn|p2a: Toxapex
|-resisted|p2a: Toxapex
|-damage|p2a: Toxapex|70/100
|
|t:|1757949783
|-end|p1a: Slither Wing|Protosynthesis|[silent]
|switch|p1a: Walking Wake|Walking Wake|100/100|[from] U-turn
|-activate|p1a: Walking Wake|ability: Protosynthesis
|-start|p1a: Walking Wake|protosynthesisspe
|move|p2a: Toxapex|Substitute|p2a: Toxapex
|-start|p2a: Toxapex|Substitute
|-damage|p2a: Toxapex|45/100
|
|-weather|none
|-end|p1a: Walking Wake|Protosynthesis
|-heal|p2a: Toxapex|51/100|[from] item: Leftovers
|upkeep
|turn|26
|
|t:|1757949795
|-end|p1a: Walking Wake|Protosynthesis|[silent]
|switch|p1a: Slither Wing|Slither Wing|69/100 tox
|move|p2a: Toxapex|Baneful Bunker||[still]
|-fail|p2a: Toxapex
|
|-heal|p2a: Toxapex|57/100|[from] item: Leftovers
|-damage|p1a: Slither Wing|63/100 tox|[from] psn
|upkeep
|turn|27
|
|t:|1757949802
|move|p1a: Slither Wing|Close Combat|p2a: Toxapex
|-resisted|p2a: Toxapex
|-end|p2a: Toxapex|Substitute
|-unboost|p1a: Slither Wing|def|1
|-unboost|p1a: Slither Wing|spd|1
|move|p2a: Toxapex|Recover|p2a: Toxapex
|-heal|p2a: Toxapex|100/100
|
|-damage|p1a: Slither Wing|51/100 tox|[from] psn
|upkeep
|turn|28
|
|t:|1757949812
|move|p2a: Toxapex|Baneful Bunker|p2a: Toxapex
|-singleturn|p2a: Toxapex|move: Protect
|move|p1a: Slither Wing|Close Combat|p2a: Toxapex
|-activate|p2a: Toxapex|move: Protect
|
|-damage|p1a: Slither Wing|32/100 tox|[from] psn
|upkeep
|turn|29
|
|t:|1757949819
|move|p1a: Slither Wing|Close Combat|p2a: Toxapex
|-resisted|p2a: Toxapex
|-damage|p2a: Toxapex|59/100
|-unboost|p1a: Slither Wing|def|1
|-unboost|p1a: Slither Wing|spd|1
|move|p2a: Toxapex|Substitute|p2a: Toxapex
|-start|p2a: Toxapex|Substitute
|-damage|p2a: Toxapex|34/100
|
|-heal|p2a: Toxapex|40/100|[from] item: Leftovers
|-damage|p1a: Slither Wing|7/100 tox|[from] psn
|upkeep
|turn|30
|
|t:|1757949830
|-end|p1a: Slither Wing|Protosynthesis|[silent]
|switch|p1a: Torkoal|Torkoal, F|41/100
|-weather|SunnyDay|[from] ability: Drought|[of] p1a: Torkoal
|move|p2a: Toxapex|Recover|p2a: Toxapex
|-heal|p2a: Toxapex|90/100
|
|-weather|SunnyDay|[upkeep]
|-heal|p2a: Toxapex|96/100|[from] item: Leftovers
|upkeep
|turn|31
|
|t:|1757949843
|move|p2a: Toxapex|Toxic|p1a: Torkoal
|-status|p1a: Torkoal|tox
|move|p1a: Torkoal|Rapid Spin|p2a: Toxapex
|-activate|p2a: Toxapex|move: Substitute|[damage]
|-boost|p1a: Torkoal|spe|1
|
|-weather|SunnyDay|[upkeep]
|-heal|p2a: Toxapex|100/100|[from] item: Leftovers
|-damage|p1a: Torkoal|35/100 tox|[from] psn
|upkeep
|turn|32
|
|t:|1757949853
|move|p2a: Toxapex|Baneful Bunker|p2a: Toxapex
|-singleturn|p2a: Toxapex|move: Protect
|move|p1a: Torkoal|Lava Plume|p2a: Toxapex
|-activate|p2a: Toxapex|move: Protect
|
|-weather|SunnyDay|[upkeep]
|-damage|p1a: Torkoal|23/100 tox|[from] psn
|upkeep
|turn|33
|
|t:|1757949863
|move|p2a: Toxapex|Baneful Bunker||[still]
|-fail|p2a: Toxapex
|move|p1a: Torkoal|Lava Plume|p2a: Toxapex
|-resisted|p2a: Toxapex
|-activate|p2a: Toxapex|move: Substitute|[damage]
|
|-weather|SunnyDay|[upkeep]
|-damage|p1a: Torkoal|4/100 tox|[from] psn
|upkeep
|turn|34
|
|t:|1757949873
|move|p1a: Torkoal|Lava Plume|p2a: Toxapex
|-resisted|p2a: Toxapex
|-end|p2a: Toxapex|Substitute
|move|p2a: Toxapex|Toxic|p1a: Torkoal
|-fail|p1a: Torkoal|tox
|
|-weather|SunnyDay|[upkeep]
|-damage|p1a: Torkoal|0 fnt|[from] psn
|faint|p1a: Torkoal
|upkeep
|
|t:|1757949878
|switch|p1a: Walking Wake|Walking Wake|100/100
|-activate|p1a: Walking Wake|ability: Protosynthesis
|-start|p1a: Walking Wake|protosynthesisspe
|turn|35
|
|t:|1757949889
|-terastallize|p1a: Walking Wake|Dragon
|move|p1a: Walking Wake|Dragon Pulse|p2a: Toxapex
|-damage|p2a: Toxapex|30/100
|move|p2a: Toxapex|Substitute|p2a: Toxapex
|-start|p2a: Toxapex|Substitute
|-damage|p2a: Toxapex|5/100
|
|-weather|SunnyDay|[upkeep]
|-heal|p2a: Toxapex|12/100|[from] item: Leftovers
|upkeep
|turn|36
|
|t:|1757949899
|move|p1a: Walking Wake|Dragon Pulse|p2a: Toxapex
|-end|p2a: Toxapex|Substitute
|move|p2a: Toxapex|Toxic|p1a: Walking Wake
|-status|p1a: Walking Wake|tox
|
|-weather|SunnyDay|[upkeep]
|-heal|p2a: Toxapex|18/100|[from] item: Leftovers
|-damage|p1a: Walking Wake|94/100 tox|[from] psn
|upkeep
|turn|37
|
|t:|1757949908
|move|p2a: Toxapex|Baneful Bunker|p2a: Toxapex
|-singleturn|p2a: Toxapex|move: Protect
|move|p1a: Walking Wake|Dragon Pulse|p2a: Toxapex
|-activate|p2a: Toxapex|move: Protect
|
|-weather|none
|-end|p1a: Walking Wake|Protosynthesis
|-heal|p2a: Toxapex|24/100|[from] item: Leftovers
|-damage|p1a: Walking Wake|82/100 tox|[from] psn
|upkeep
|turn|38
|
|t:|1757949922
|move|p1a: Walking Wake|Dragon Pulse|p2a: Toxapex
|-damage|p2a: Toxapex|0 fnt
|faint|p2a: Toxapex
|
|-damage|p1a: Walking Wake|64/100 tox|[from] psn
|upkeep
|
|t:|1757949939
|switch|p2a: Iron Hands|Iron Hands|100/100
|-enditem|p2a: Iron Hands|Booster Energy
|-activate|p2a: Iron Hands|ability: Quark Drive|[fromitem]
|-start|p2a: Iron Hands|quarkdriveatk
|turn|39
|
|t:|1757949948
|move|p1a: Walking Wake|Dragon Pulse|p2a: Iron Hands
|-damage|p2a: Iron Hands|24/100
|move|p2a: Iron Hands|Drain Punch|p1a: Walking Wake
|-damage|p1a: Walking Wake|1/100 tox
|-heal|p2a: Iron Hands|45/100|[from] drain|[of] p1a: Walking Wake
|
|-damage|p1a: Walking Wake|0 fnt|[from] psn
|faint|p1a: Walking Wake
|-end|p1a: Walking Wake|Protosynthesis|[silent]
|upkeep
|
|t:|1757949952
|switch|p1a: Slither Wing|Slither Wing|7/100 tox
|turn|40
|
|t:|1757949961
|move|p1a: Slither Wing|Flare Blitz|p2a: Iron Hands
|-damage|p2a: Iron Hands|0 fnt
|faint|p2a: Iron Hands
|-end|p2a: Iron Hands|Quark Drive|[silent]
|-damage|p1a: Slither Wing|0 fnt|[from] Recoil
|faint|p1a: Slither Wing
|-end|p1a: Slither Wing|Protosynthesis|[silent]
|
|win|Husk1903
|raw|jakob poeltl fan's rating: 1190 &rarr; <strong>1166</strong><br />(-24 for losing)
|raw|Husk1903's rating: 1199 &rarr; <strong>1223</strong><br />(+24 for winning)
|l|☆jakob poeltl fan
|player|p1|
|l|☆Husk1903
|player|p2|
