|j|☆zelda003
|j|‽MyNameJeeeeff
|t:|1757834926
|gametype|singles
|player|p1|zelda003|nate|1318
|player|p2|MyNameJeeeeff|169|1336
|gen|9
|tier|[Gen 9] OU
|rated|
|rule|HP Percentage Mod: HP is shown in percentages
|rule|Endless Battle Clause: Forcing endless battles is banned
|rule|Species Clause: Limit one of each Pokémon
|rule|OHKO Clause: OHKO moves are banned
|rule|Evasion Items Clause: Evasion items are banned
|rule|Evasion Moves Clause: Evasion moves are banned
|rule|Evasion Abilities Clause: Evasion abilities are banned
|rule|Sleep Moves Clause: Sleep-inducing moves are banned
|clearpoke
|poke|p1|Dedenne, F|
|poke|p1|Dragapult, M|
|poke|p1|Rillaboom, M|
|poke|p1|Maushold-Four|
|poke|p1|Hawlucha, M|
|poke|p1|Garganacl, M|
|poke|p2|Garganacl, F|
|poke|p2|Kyurem|
|poke|p2|Enamorus, F|
|poke|p2|Rillaboom, F|
|poke|p2|Latios, M|
|poke|p2|Azumarill, F|
|teampreview
|inactive|Battle timer is ON: inactive players will automatically lose when time's up. (requested by MyNameJeeeeff)
|inactive|zelda003 also wants the timer to be on.
|j| heatrantaperfade
|
|t:|1757834939
|teamsize|p1|6
|teamsize|p2|6
|start
|switch|p1a: Rillaboom|Rillaboom, M|100/100
|switch|p2a: Enamorus|Enamorus, F|100/100
|-fieldstart|move: Grassy Terrain|[from] ability: Grassy Surge|[of] p1a: Rillaboom
|turn|1
|
|t:|1757834946
|switch|p1a: Dedenne|Dedenne, F|100/100
|move|p2a: Enamorus|Superpower|p1a: Dedenne
|-resisted|p1a: Dedenne
|-damage|p1a: Dedenne|63/100
|-boost|p2a: Enamorus|atk|1
|-boost|p2a: Enamorus|def|1
|
|-heal|p1a: Dedenne|70/100|[from] Grassy Terrain
|upkeep
|turn|2
|
|t:|1757834954
|move|p2a: Enamorus|Iron Head|p1a: Dedenne
|-damage|p1a: Dedenne|0 fnt
|faint|p1a: Dedenne
|
|upkeep
|
|t:|1757834965
|switch|p1a: Hawlucha|Hawlucha, M|100/100
|-enditem|p1a: Hawlucha|Grassy Seed
|-boost|p1a: Hawlucha|def|1|[from] item: Grassy Seed
|turn|3
|
|t:|1757834970
|move|p1a: Hawlucha|Poison Jab|p2a: Enamorus
|-supereffective|p2a: Enamorus
|-damage|p2a: Enamorus|52/100
|-status|p2a: Enamorus|psn
|move|p2a: Enamorus|Superpower|p1a: Hawlucha
|-resisted|p1a: Hawlucha
|-damage|p1a: Hawlucha|73/100
|-boost|p2a: Enamorus|atk|1
|-boost|p2a: Enamorus|def|1
|
|-damage|p2a: Enamorus|40/100 psn|[from] psn
|upkeep
|turn|4
|
|t:|1757834979
|move|p1a: Hawlucha|Poison Jab|p2a: Enamorus
|-supereffective|p2a: Enamorus
|-damage|p2a: Enamorus|0 fnt
|faint|p2a: Enamorus
|
|upkeep
|
|t:|1757834984
|switch|p2a: Garganacl|Garganacl, F|100/100
|turn|5
|
|t:|1757834988
|-terastallize|p2a: Garganacl|Water
|move|p1a: Hawlucha|Drain Punch|p2a: Garganacl
|-damage|p2a: Garganacl|79/100
|-heal|p1a: Hawlucha|87/100|[from] drain|[of] p2a: Garganacl
|move|p2a: Garganacl|Iron Defense|p2a: Garganacl
|-boost|p2a: Garganacl|def|2
|
|-heal|p2a: Garganacl|86/100|[from] Grassy Terrain
|-heal|p2a: Garganacl|92/100|[from] item: Leftovers
|-fieldend|move: Grassy Terrain
|upkeep
|turn|6
|
|t:|1757834996
|move|p1a: Hawlucha|Acrobatics|p2a: Garganacl
|-damage|p2a: Garganacl|74/100
|move|p2a: Garganacl|Iron Defense|p2a: Garganacl
|-boost|p2a: Garganacl|def|2
|
|-heal|p2a: Garganacl|80/100|[from] item: Leftovers
|upkeep
|turn|7
|
|t:|1757835003
|move|p1a: Hawlucha|Acrobatics|p2a: Garganacl
|-damage|p2a: Garganacl|68/100
|move|p2a: Garganacl|Salt Cure|p1a: Hawlucha
|-damage|p1a: Hawlucha|74/100
|-start|p1a: Hawlucha|Salt Cure
|
|-heal|p2a: Garganacl|74/100|[from] item: Leftovers
|-damage|p1a: Hawlucha|62/100|[from] Salt Cure
|upkeep
|turn|8
|
|t:|1757835011
|switch|p1a: Dragapult|Dragapult, M|100/100
|move|p2a: Garganacl|Iron Defense|p2a: Garganacl
|-boost|p2a: Garganacl|def|2
|
|-heal|p2a: Garganacl|80/100|[from] item: Leftovers
|upkeep
|turn|9
|
|t:|1757835017
|move|p2a: Garganacl|Protect|p2a: Garganacl
|-singleturn|p2a: Garganacl|Protect
|move|p1a: Dragapult|Dragon Darts|p2a: Garganacl
|-activate|p2a: Garganacl|move: Protect
|
|-heal|p2a: Garganacl|87/100|[from] item: Leftovers
|upkeep
|turn|10
|
|t:|1757835022
|move|p1a: Dragapult|Dragon Dance|p1a: Dragapult
|-boost|p1a: Dragapult|atk|1
|-boost|p1a: Dragapult|spe|1
|move|p2a: Garganacl|Salt Cure|p1a: Dragapult
|-damage|p1a: Dragapult|82/100
|-start|p1a: Dragapult|Salt Cure
|
|-heal|p2a: Garganacl|93/100|[from] item: Leftovers
|-damage|p1a: Dragapult|69/100|[from] Salt Cure
|upkeep
|turn|11
|
|t:|1757835030
|switch|p1a: Hawlucha|Hawlucha, M|62/100
|move|p2a: Garganacl|Salt Cure|p1a: Hawlucha
|-damage|p1a: Hawlucha|40/100
|-start|p1a: Hawlucha|Salt Cure
|
|-heal|p2a: Garganacl|99/100|[from] item: Leftovers
|-damage|p1a: Hawlucha|28/100|[from] Salt Cure
|upkeep
|turn|12
|
|t:|1757835035
|move|p1a: Hawlucha|Drain Punch|p2a: Garganacl
|-damage|p2a: Garganacl|93/100
|-heal|p1a: Hawlucha|32/100|[from] drain|[of] p2a: Garganacl
|move|p2a: Garganacl|Salt Cure|p1a: Hawlucha
|-damage|p1a: Hawlucha|13/100
|
|-heal|p2a: Garganacl|99/100|[from] item: Leftovers
|-damage|p1a: Hawlucha|0 fnt|[from] Salt Cure
|faint|p1a: Hawlucha
|upkeep
|l| heatrantaperfade
|
|t:|1757835047
|switch|p1a: Garganacl|Garganacl, M|100/100
|turn|13
|
|t:|1757835050
|switch|p2a: Azumarill|Azumarill, F|100/100
|move|p1a: Garganacl|Protect||[still]
|-fail|p1a: Garganacl
|
|upkeep
|turn|14
|
|t:|1757835054
|move|p2a: Azumarill|Belly Drum|p2a: Azumarill
|-damage|p2a: Azumarill|51/100
|-setboost|p2a: Azumarill|atk|6|[from] move: Belly Drum
|move|p1a: Garganacl|Salt Cure|p2a: Azumarill
|-damage|p2a: Azumarill|33/100
|-start|p2a: Azumarill|Salt Cure
|
|-damage|p2a: Azumarill|8/100|[from] Salt Cure
|upkeep
|-enditem|p2a: Azumarill|Salac Berry|[eat]
|-boost|p2a: Azumarill|spe|1|[from] item: Salac Berry
|turn|15
|
|t:|1757835058
|move|p1a: Garganacl|Protect|p1a: Garganacl
|-singleturn|p1a: Garganacl|Protect
|move|p2a: Azumarill|Aqua Jet|p1a: Garganacl
|-activate|p1a: Garganacl|move: Protect
|
|-damage|p2a: Azumarill|0 fnt|[from] Salt Cure
|faint|p2a: Azumarill
|upkeep
|
|t:|1757835061
|switch|p2a: Rillaboom|Rillaboom, F|100/100
|-fieldstart|move: Grassy Terrain|[from] ability: Grassy Surge|[of] p2a: Rillaboom
|turn|16
|
|t:|1757835068
|switch|p1a: Rillaboom|Rillaboom, M|100/100
|move|p2a: Rillaboom|Swords Dance|p2a: Rillaboom
|-boost|p2a: Rillaboom|atk|2
|
|upkeep
|turn|17
|
|t:|1757835072
|move|p1a: Rillaboom|Knock Off|p2a: Rillaboom
|-damage|p2a: Rillaboom|67/100
|-enditem|p2a: Rillaboom|Life Orb|[from] move: Knock Off|[of] p1a: Rillaboom
|move|p2a: Rillaboom|Knock Off|p1a: Rillaboom
|-damage|p1a: Rillaboom|26/100
|-enditem|p1a: Rillaboom|Assault Vest|[from] move: Knock Off|[of] p2a: Rillaboom
|
|-heal|p1a: Rillaboom|32/100|[from] Grassy Terrain
|-heal|p2a: Rillaboom|73/100|[from] Grassy Terrain
|upkeep
|turn|18
|
|t:|1757835079
|move|p1a: Rillaboom|Drum Beating|p2a: Rillaboom
|-resisted|p2a: Rillaboom
|-damage|p2a: Rillaboom|43/100
|-unboost|p2a: Rillaboom|spe|1
|move|p2a: Rillaboom|Drain Punch|p1a: Rillaboom
|-damage|p1a: Rillaboom|0 fnt
|-heal|p2a: Rillaboom|57/100|[from] drain|[of] p1a: Rillaboom
|faint|p1a: Rillaboom
|
|-heal|p2a: Rillaboom|63/100|[from] Grassy Terrain
|upkeep
|
|t:|1757835084
|switch|p1a: Dragapult|Dragapult, M|69/100
|turn|19
|
|t:|1757835090
|move|p2a: Rillaboom|Grassy Glide|p1a: Dragapult
|-resisted|p1a: Dragapult
|-crit|p1a: Dragapult
|-damage|p1a: Dragapult|0 fnt
|faint|p1a: Dragapult
|
|-heal|p2a: Rillaboom|69/100|[from] Grassy Terrain
|upkeep
|
|t:|1757835093
|switch|p1a: Maushold|Maushold-Four|100/100
|turn|20
|
|t:|1757835099
|switch|p2a: Garganacl|Garganacl, F, tera:Water|99/100
|move|p1a: Maushold|Population Bomb|p2a: Garganacl
|-damage|p2a: Garganacl|92/100
|-damage|p2a: Garganacl|85/100
|-damage|p2a: Garganacl|77/100
|-damage|p2a: Garganacl|69/100
|-crit|p2a: Garganacl
|-damage|p2a: Garganacl|58/100
|-damage|p2a: Garganacl|49/100
|-damage|p2a: Garganacl|42/100
|-damage|p2a: Garganacl|35/100
|-damage|p2a: Garganacl|26/100
|-damage|p2a: Garganacl|19/100
|-hitcount|p2a: Garganacl|10
|
|-heal|p2a: Garganacl|26/100|[from] Grassy Terrain
|-heal|p2a: Garganacl|32/100|[from] item: Leftovers
|-fieldend|move: Grassy Terrain
|upkeep
|turn|21
|
|t:|1757835104
|move|p1a: Maushold|Population Bomb|p2a: Garganacl
|-damage|p2a: Garganacl|25/100
|-damage|p2a: Garganacl|17/100
|-damage|p2a: Garganacl|9/100
|-damage|p2a: Garganacl|1/100
|-damage|p2a: Garganacl|0 fnt
|faint|p2a: Garganacl
|-hitcount|p2: Garganacl|5
|
|upkeep
|
|t:|1757835111
|switch|p2a: Kyurem|Kyurem|100/100
|-ability|p2a: Kyurem|Pressure
|turn|22
|
|t:|1757835114
|move|p1a: Maushold|Tidy Up|p1a: Maushold
|-boost|p1a: Maushold|atk|1
|-boost|p1a: Maushold|spe|1
|move|p2a: Kyurem|Dragon Dance|p2a: Kyurem
|-boost|p2a: Kyurem|atk|1
|-boost|p2a: Kyurem|spe|1
|
|upkeep
|turn|23
|
|t:|1757835119
|move|p1a: Maushold|Population Bomb|p2a: Kyurem
|-damage|p2a: Kyurem|85/100
|-damage|p2a: Kyurem|69/100
|-damage|p2a: Kyurem|54/100
|-damage|p2a: Kyurem|38/100
|-damage|p2a: Kyurem|21/100
|-damage|p2a: Kyurem|5/100
|-damage|p2a: Kyurem|0 fnt
|faint|p2a: Kyurem
|-hitcount|p2: Kyurem|7
|
|upkeep
|
|t:|1757835130
|switch|p2a: Latios|Latios, M|100/100
|turn|24
|
|t:|1757835133
|move|p1a: Maushold|Population Bomb|p2a: Latios
|-damage|p2a: Latios|77/100
|-damage|p2a: Latios|56/100
|-damage|p2a: Latios|32/100
|-damage|p2a: Latios|12/100
|-damage|p2a: Latios|0 fnt
|faint|p2a: Latios
|-hitcount|p2: Latios|5
|
|upkeep
|
|t:|1757835137
|switch|p2a: Rillaboom|Rillaboom, F|69/100
|-fieldstart|move: Grassy Terrain|[from] ability: Grassy Surge|[of] p2a: Rillaboom
|turn|25
|
|t:|1757835141
|move|p1a: Maushold|Population Bomb|p2a: Rillaboom
|-damage|p2a: Rillaboom|53/100
|-damage|p2a: Rillaboom|37/100
|-damage|p2a: Rillaboom|21/100
|-damage|p2a: Rillaboom|5/100
|-damage|p2a: Rillaboom|0 fnt
|faint|p2a: Rillaboom
|-hitcount|p2: Rillaboom|5
|
|win|zelda003
|raw|zelda003's rating: 1318 &rarr; <strong>1339</strong><br />(+21 for winning)
|raw|MyNameJeeeeff's rating: 1336 &rarr; <strong>1315</strong><br />(-21 for losing)
|l|‽MyNameJeeeeff
|player|p2|
|l|☆zelda003
|player|p1|
