|j|☆pyrotrainer kai
|j|☆JuanesXD145
|t:|1757833583
|gametype|singles
|player|p1|pyrotrainer kai|170|1085
|player|p2|JuanesXD145|1|1133
|gen|9
|tier|[Gen 9] OU
|rated|
|rule|HP Percentage Mod: HP is shown in percentages
|rule|Endless Battle Clause: Forcing endless battles is banned
|rule|Species Clause: Limit one of each Pokémon
|rule|OHKO Clause: OHKO moves are banned
|rule|Evasion Items Clause: Evasion items are banned
|rule|Evasion Moves Clause: Evasion moves are banned
|rule|Evasion Abilities Clause: Evasion abilities are banned
|rule|Sleep Moves Clause: Sleep-inducing moves are banned
|clearpoke
|poke|p1|Charizard, M|
|poke|p1|Pawmot, F|
|poke|p1|Squawkabilly-Yellow, M|
|poke|p1|Ceruledge, F|
|poke|p1|Kingambit, M|
|poke|p1|Empoleon, M|
|poke|p2|Eelektross, M|
|poke|p2|Ursaluna, F|
|poke|p2|Overqwil, M|
|poke|p2|Pelipper, F|
|poke|p2|Gastrodon, F|
|poke|p2|Goodra-Hisui, M|
|teampreview
|inactive|Battle timer is ON: inactive players will automatically lose when time's up. (requested by JuanesXD145)
|
|t:|1757833600
|teamsize|p1|6
|teamsize|p2|6
|start
|switch|p1a: Charizard|Charizard, M|100/100
|switch|p2a: Pelipper|Pelipper, F|100/100
|-weather|RainDance|[from] ability: Drizzle|[of] p2a: Pelipper
|turn|1
|
|t:|1757833613
|move|p1a: Charizard|Substitute|p1a: Charizard
|-start|p1a: Charizard|Substitute
|-damage|p1a: Charizard|76/100
|move|p2a: Pelipper|Surf|p1a: Charizard
|-supereffective|p1a: Charizard
|-end|p1a: Charizard|Substitute
|
|-weather|RainDance|[upkeep]
|upkeep
|turn|2
|
|t:|1757833621
|switch|p1a: Empoleon|Empoleon, M|100/100
|move|p2a: Pelipper|Surf|p1a: Empoleon
|-resisted|p1a: Empoleon
|-damage|p1a: Empoleon|80/100
|
|-weather|RainDance|[upkeep]
|upkeep
|turn|3
|j| Trainer Willie
|
|t:|1757833628
|switch|p2a: Eelektross|Eelektross, M|100/100
|move|p1a: Empoleon|Whirlpool|p2a: Eelektross
|-damage|p2a: Eelektross|81/100
|-activate|p2a: Eelektross|move: Whirlpool|[of] p1a: Empoleon
|
|-weather|RainDance|[upkeep]
|-damage|p2a: Eelektross|69/100|[from] move: Whirlpool|[partiallytrapped]
|upkeep
|turn|4
|
|t:|1757833638
|switch|p1a: Pawmot|Pawmot, F|100/100
|move|p2a: Eelektross|Drain Punch|p1a: Pawmot
|-damage|p1a: Pawmot|70/100
|-heal|p2a: Eelektross|82/100|[from] drain|[of] p1a: Pawmot
|
|-weather|RainDance|[upkeep]
|-end|p2a: Eelektross|Whirlpool|[partiallytrapped]|[silent]
|upkeep
|turn|5
|
|t:|1757833647
|move|p1a: Pawmot|Brick Break|p2a: Eelektross
|-damage|p2a: Eelektross|47/100
|move|p2a: Eelektross|Drain Punch|p1a: Pawmot
|-damage|p1a: Pawmot|38/100
|-heal|p2a: Eelektross|61/100|[from] drain|[of] p1a: Pawmot
|
|-weather|none
|upkeep
|turn|6
|
|t:|1757833655
|move|p1a: Pawmot|Brick Break|p2a: Eelektross
|-damage|p2a: Eelektross|24/100
|move|p2a: Eelektross|Drain Punch|p1a: Pawmot
|-damage|p1a: Pawmot|10/100
|-heal|p2a: Eelektross|36/100|[from] drain|[of] p1a: Pawmot
|
|upkeep
|turn|7
|
|t:|1757833667
|switch|p2a: Pelipper|Pelipper, F|100/100
|-weather|RainDance|[from] ability: Drizzle|[of] p2a: Pelipper
|move|p1a: Pawmot|Brick Break|p2a: Pelipper
|-resisted|p2a: Pelipper
|-crit|p2a: Pelipper
|-damage|p2a: Pelipper|84/100
|-damage|p1a: Pawmot|0 fnt|[from] item: Rocky Helmet|[of] p2a: Pelipper
|faint|p1a: Pawmot
|
|-weather|RainDance|[upkeep]
|upkeep
|
|t:|1757833680
|switch|p1a: Squawkabilly|Squawkabilly-Yellow, M|100/100
|turn|8
|
|t:|1757833690
|switch|p2a: Gastrodon|Gastrodon, F|100/100
|move|p1a: Squawkabilly|Tailwind|p1a: Squawkabilly
|-sidestart|p1: pyrotrainer kai|move: Tailwind
|
|-weather|RainDance|[upkeep]
|upkeep
|turn|9
|
|t:|1757833698
|switch|p1a: Charizard|Charizard, M|76/100
|move|p2a: Gastrodon|Stealth Rock|p1a: Charizard
|-sidestart|p1: pyrotrainer kai|move: Stealth Rock
|
|-weather|RainDance|[upkeep]
|upkeep
|turn|10
|
|t:|1757833714
|switch|p2a: Pelipper|Pelipper, F|84/100
|move|p1a: Charizard|Substitute|p1a: Charizard
|-start|p1a: Charizard|Substitute
|-damage|p1a: Charizard|51/100
|
|-weather|RainDance|[upkeep]
|upkeep
|turn|11
|
|t:|1757833723
|move|p1a: Charizard|Dragon Dance|p1a: Charizard
|-boost|p1a: Charizard|atk|1
|-boost|p1a: Charizard|spe|1
|move|p2a: Pelipper|Surf|p1a: Charizard
|-supereffective|p1a: Charizard
|-end|p1a: Charizard|Substitute
|
|-weather|none
|-sideend|p1: pyrotrainer kai|move: Tailwind
|upkeep
|turn|12
|
|t:|1757833732
|move|p1a: Charizard|Substitute|p1a: Charizard
|-start|p1a: Charizard|Substitute
|-damage|p1a: Charizard|26/100
|move|p2a: Pelipper|Surf|p1a: Charizard
|-supereffective|p1a: Charizard
|-end|p1a: Charizard|Substitute
|
|upkeep
|turn|13
|
|t:|1757833737
|move|p1a: Charizard|Substitute|p1a: Charizard
|-start|p1a: Charizard|Substitute
|-damage|p1a: Charizard|2/100
|-enditem|p1a: Charizard|Lansat Berry|[eat]
|-start|p1a: Charizard|move: Focus Energy
|move|p2a: Pelipper|Surf|p1a: Charizard
|-supereffective|p1a: Charizard
|-end|p1a: Charizard|Substitute
|
|upkeep
|turn|14
|
|t:|1757833746
|move|p1a: Charizard|Acrobatics|p2a: Pelipper
|-crit|p2a: Pelipper
|-damage|p2a: Pelipper|0 fnt
|-damage|p1a: Charizard|0 fnt|[from] item: Rocky Helmet|[of] p2a: Pelipper
|faint|p2a: Pelipper
|faint|p1a: Charizard
|
|upkeep
|
|t:|1757833759
|switch|p1a: Squawkabilly|Squawkabilly-Yellow, M|100/100
|switch|p2a: Ursaluna|Ursaluna, F|100/100
|-damage|p1a: Squawkabilly|75/100|[from] Stealth Rock
|turn|15
|
|t:|1757833769
|move|p1a: Squawkabilly|Brave Bird|p2a: Ursaluna
|-damage|p2a: Ursaluna|31/100
|-damage|p1a: Squawkabilly|50/100|[from] Recoil
|move|p2a: Ursaluna|Facade|p1a: Squawkabilly
|-damage|p1a: Squawkabilly|0 fnt
|faint|p1a: Squawkabilly
|
|-status|p2a: Ursaluna|brn|[from] item: Flame Orb
|upkeep
|
|t:|1757833794
|switch|p1a: Kingambit|Kingambit, M|100/100
|-damage|p1a: Kingambit|94/100|[from] Stealth Rock
|-activate|p1a: Kingambit|ability: Supreme Overlord
|-start|p1a: Kingambit|fallen3|[silent]
|turn|16
|
|t:|1757833807
|move|p1a: Kingambit|Sucker Punch|p2a: Ursaluna
|-damage|p2a: Ursaluna|0 fnt
|faint|p2a: Ursaluna
|
|upkeep
|
|t:|1757833811
|switch|p2a: Overqwil|Overqwil, M|100/100
|-item|p2a: Overqwil|Air Balloon
|turn|17
|
|t:|1757833819
|move|p2a: Overqwil|Swords Dance|p2a: Overqwil
|-boost|p2a: Overqwil|atk|2
|move|p1a: Kingambit|Swords Dance|p1a: Kingambit
|-boost|p1a: Kingambit|atk|2
|
|upkeep
|turn|18
|
|t:|1757833826
|move|p2a: Overqwil|Liquidation|p1a: Kingambit
|-damage|p1a: Kingambit|48/100
|move|p1a: Kingambit|Night Slash|p2a: Overqwil
|-resisted|p2a: Overqwil
|-crit|p2a: Overqwil
|-damage|p2a: Overqwil|12/100
|-enditem|p2a: Overqwil|Air Balloon
|
|upkeep
|turn|19
|
|t:|1757833834
|move|p1a: Kingambit|Sucker Punch||[still]
|-fail|p1a: Kingambit
|move|p2a: Overqwil|Swords Dance|p2a: Overqwil
|-boost|p2a: Overqwil|atk|2
|
|upkeep
|turn|20
|
|t:|1757833839
|move|p1a: Kingambit|Sucker Punch||[still]
|-fail|p1a: Kingambit
|move|p2a: Overqwil|Swords Dance|p2a: Overqwil
|-boost|p2a: Overqwil|atk|2
|
|upkeep
|turn|21
|
|t:|1757833845
|move|p1a: Kingambit|Sucker Punch|p2a: Overqwil
|-resisted|p2a: Overqwil
|-damage|p2a: Overqwil|0 fnt
|faint|p2a: Overqwil
|
|upkeep
|
|t:|1757833851
|switch|p2a: Goodra|Goodra-Hisui, M|100/100
|turn|22
|
|t:|1757833854
|move|p2a: Goodra|Acid Armor|p2a: Goodra
|-boost|p2a: Goodra|def|2
|move|p1a: Kingambit|Night Slash|p2a: Goodra
|-crit|p2a: Goodra
|-damage|p2a: Goodra|0 fnt
|faint|p2a: Goodra
|
|upkeep
|
|t:|1757833864
|switch|p2a: Gastrodon|Gastrodon, F|100/100
|turn|23
|
|t:|1757833871
|move|p1a: Kingambit|Night Slash|p2a: Gastrodon
|-crit|p2a: Gastrodon
|-damage|p2a: Gastrodon|0 fnt
|faint|p2a: Gastrodon
|
|upkeep
|-message|JuanesXD145 forfeited.
|
|win|pyrotrainer kai
|raw|pyrotrainer kai's rating: 1085 &rarr; <strong>1116</strong><br />(+31 for winning)
|raw|JuanesXD145's rating: 1133 &rarr; <strong>1105</strong><br />(-28 for losing)
|l|☆JuanesXD145
|player|p2|
|l|☆pyrotrainer kai
|player|p1|
|l| Trainer Willie
