|j|☆I f ing love pkmn
|j|☆A Fried Dumpling
|t:|1757796069
|gametype|singles
|player|p1|I f ing love pkmn|red|1064
|player|p2|A Fried Dumpling|lucas|1000
|gen|9
|tier|[Gen 9] OU
|rated|
|rule|HP Percentage Mod: HP is shown in percentages
|rule|Endless Battle Clause: Forcing endless battles is banned
|rule|Species Clause: Limit one of each Pokémon
|rule|OHKO Clause: OHKO moves are banned
|rule|Evasion Items Clause: Evasion items are banned
|rule|Evasion Moves Clause: Evasion moves are banned
|rule|Evasion Abilities Clause: Evasion abilities are banned
|rule|Sleep Moves Clause: Sleep-inducing moves are banned
|clearpoke
|poke|p1|Zangoose, F|
|poke|p1|Cinderace, M|
|poke|p1|Glimmora, M|
|poke|p1|Bellossom, F|
|poke|p1|Grafaiai, M|
|poke|p1|Minior-Blue|
|poke|p2|Dragonite, F|
|poke|p2|Landorus-Therian, M|
|poke|p2|Garganacl, M|
|poke|p2|Ogerpon-Wellspring, F|
|poke|p2|Gholdengo|
|poke|p2|Weavile, M|
|teampreview
|inactive|Battle timer is ON: inactive players will automatically lose when time's up. (requested by I f ing love pkmn)
|inactiveoff|Battle timer is now OFF.
|inactive|Battle timer is ON: inactive players will automatically lose when time's up. (requested by I f ing love pkmn)
|
|t:|1757796123
|teamsize|p1|6
|teamsize|p2|6
|start
|switch|p1a: CometMe|Minior-Blue, shiny|100/100
|switch|p2a: Ogerpon|Ogerpon-Wellspring, F|100/100
|-formechange|p1a: CometMe|Minior-Meteor||[from] ability: Shields Down
|turn|1
|
|t:|1757796129
|move|p2a: Ogerpon|Ivy Cudgel|p1a: CometMe|[anim] Ivy Cudgel Water
|-supereffective|p1a: CometMe
|-damage|p1a: CometMe|0 fnt
|faint|p1a: CometMe
|
|upkeep
|
|t:|1757796138
|switch|p1a: Lil Goop|Grafaiai, M, shiny|100/100
|turn|2
|
|t:|1757796145
|move|p1a: Lil Goop|Sunny Day|p1a: Lil Goop
|-weather|SunnyDay
|move|p2a: Ogerpon|Spikes|p1a: Lil Goop
|-sidestart|p1: I f ing love pkmn|Spikes
|
|-weather|SunnyDay|[upkeep]
|upkeep
|turn|3
|
|t:|1757796148
|move|p1a: Lil Goop|Parting Shot|p2a: Ogerpon
|-unboost|p2a: Ogerpon|atk|1
|-unboost|p2a: Ogerpon|spa|1
|
|t:|1757796152
|switch|p1a: Bellawesome|Bellossom, F, shiny|100/100|[from] Parting Shot
|-damage|p1a: Bellawesome|88/100|[from] Spikes
|move|p2a: Ogerpon|Spikes|p1a: Bellawesome
|-sidestart|p1: I f ing love pkmn|Spikes
|
|-weather|SunnyDay|[upkeep]
|upkeep
|turn|4
|
|t:|1757796156
|move|p1a: Bellawesome|Quiver Dance|p1a: Bellawesome
|-boost|p1a: Bellawesome|spa|1
|-boost|p1a: Bellawesome|spd|1
|-boost|p1a: Bellawesome|spe|1
|move|p2a: Ogerpon|Spikes|p1a: Bellawesome
|-sidestart|p1: I f ing love pkmn|Spikes
|
|-weather|SunnyDay|[upkeep]
|upkeep
|turn|5
|
|t:|1757796160
|move|p1a: Bellawesome|Quiver Dance|p1a: Bellawesome
|-boost|p1a: Bellawesome|spa|1
|-boost|p1a: Bellawesome|spd|1
|-boost|p1a: Bellawesome|spe|1
|move|p2a: Ogerpon|U-turn|p1a: Bellawesome
|-supereffective|p1a: Bellawesome
|-damage|p1a: Bellawesome|52/100
|
|t:|1757796163
|switch|p2a: Weavile|Weavile, M|100/100|[from] U-turn
|-ability|p2a: Weavile|Pressure
|
|-weather|SunnyDay|[upkeep]
|upkeep
|turn|6
|
|t:|1757796170
|-terastallize|p2a: Weavile|Ice
|move|p2a: Weavile|Ice Shard|p1a: Bellawesome
|-supereffective|p1a: Bellawesome
|-damage|p1a: Bellawesome|0 fnt
|faint|p1a: Bellawesome
|
|-weather|SunnyDay|[upkeep]
|upkeep
|-message|I f ing love pkmn forfeited.
|
|win|A Fried Dumpling
|raw|I f ing love pkmn's rating: 1064 &rarr; <strong>1041</strong><br />(-23 for losing)
|raw|A Fried Dumpling's rating: 1000 &rarr; <strong>1047</strong><br />(+47 for winning)
|l|☆I f ing love pkmn
|player|p1|
