|j|☆YouWillLoseSORRY!
|j|☆Passerby bye
|t:|1757930190
|gametype|singles
|player|p1|YouWillLoseSORRY!|170|1400
|player|p2|Passerby bye|cyclist|1363
|gen|9
|tier|[Gen 9] OU
|rated|
|rule|HP Percentage Mod: HP is shown in percentages
|rule|Endless Battle Clause: Forcing endless battles is banned
|rule|Species Clause: Limit one of each Pokémon
|rule|OHKO Clause: OHKO moves are banned
|rule|Evasion Items Clause: Evasion items are banned
|rule|Evasion Moves Clause: Evasion moves are banned
|rule|Evasion Abilities Clause: Evasion abilities are banned
|rule|Sleep Moves Clause: Sleep-inducing moves are banned
|clearpoke
|poke|p1|Dondozo, M|
|poke|p1|Clodsire, M|
|poke|p1|Clefable, M|
|poke|p1|Talonflame, F|
|poke|p1|Gholdengo|
|poke|p1|Mienshao, F|
|poke|p2|Magnezone|
|poke|p2|Vileplume, F|
|poke|p2|Gyarados, F|
|poke|p2|Houndoom, F|
|poke|p2|Mamoswine, M|
|poke|p2|Azumarill, M|
|teampreview
|inactive|Battle timer is ON: inactive players will automatically lose when time's up. (requested by Passerby bye)
|inactive|YouWillLoseSORRY! has 120 seconds left.
|
|t:|1757930260
|teamsize|p1|6
|teamsize|p2|6
|start
|switch|p1a: Mienshao|Mienshao, F|100/100
|switch|p2a: Ordinary Pkmn only|Vileplume, F|100/100
|turn|1
|
|t:|1757930282
|switch|p1a: Clodsire|Clodsire, M|100/100
|move|p2a: Ordinary Pkmn only|Leech Seed|p1a: Clodsire
|-start|p1a: Clodsire|move: Leech Seed
|
|-damage|p1a: Clodsire|88/100|[from] Leech Seed|[of] p2a: Ordinary Pkmn only
|upkeep
|turn|2
|
|t:|1757930289
|move|p2a: Ordinary Pkmn only|Giga Drain|p1a: Clodsire
|-damage|p1a: Clodsire|72/100
|move|p1a: Clodsire|Stealth Rock|p2a: Ordinary Pkmn only
|-sidestart|p2: Passerby bye|move: Stealth Rock
|
|-damage|p1a: Clodsire|60/100|[from] Leech Seed|[of] p2a: Ordinary Pkmn only
|upkeep
|turn|3
|
|t:|1757930296
|move|p2a: Ordinary Pkmn only|Leech Seed||[still]
|-fail|p2a: Ordinary Pkmn only
|move|p1a: Clodsire|Recover|p1a: Clodsire
|-heal|p1a: Clodsire|100/100
|
|-damage|p1a: Clodsire|88/100|[from] Leech Seed|[of] p2a: Ordinary Pkmn only
|upkeep
|turn|4
|
|t:|1757930304
|switch|p1a: Gholdengo|Gholdengo|100/100
|move|p2a: Ordinary Pkmn only|Giga Drain|p1a: Gholdengo
|-resisted|p1a: Gholdengo
|-damage|p1a: Gholdengo|87/100
|
|upkeep
|turn|5
|
|t:|1757930310
|switch|p2a: Weather Team sucks|Houndoom, F|100/100
|move|p1a: Gholdengo|Thunder Wave|p2a: Weather Team sucks|[miss]
|-miss|p1a: Gholdengo|p2a: Weather Team sucks
|
|upkeep
|turn|6
|
|t:|1757930329
|switch|p1a: Clodsire|Clodsire, M|88/100
|move|p2a: Weather Team sucks|Fire Blast|p1a: Clodsire
|-damage|p1a: Clodsire|59/100
|
|upkeep
|turn|7
|
|t:|1757930337
|switch|p2a: Ordinary Pkmn only|Vileplume, F|100/100
|-damage|p2a: Ordinary Pkmn only|88/100|[from] Stealth Rock
|move|p1a: Clodsire|Earthquake|p2a: Ordinary Pkmn only
|-damage|p2a: Ordinary Pkmn only|67/100
|
|upkeep
|turn|8
|
|t:|1757930347
|switch|p1a: Gholdengo|Gholdengo|87/100
|move|p2a: Ordinary Pkmn only|Strength Sap|p1a: Gholdengo
|-immune|p1a: Gholdengo|[from] ability: Good as Gold
|
|upkeep
|turn|9
|
|t:|1757930353
|switch|p2a: Legend Pkmn sucks|Magnezone|100/100
|-damage|p2a: Legend Pkmn sucks|94/100|[from] Stealth Rock
|move|p1a: Gholdengo|Make It Rain|p2a: Legend Pkmn sucks
|-resisted|p2a: Legend Pkmn sucks
|-damage|p2a: Legend Pkmn sucks|81/100
|-unboost|p1a: Gholdengo|spa|1
|
|upkeep
|turn|10
|
|t:|1757930363
|switch|p1a: Clodsire|Clodsire, M|59/100
|move|p2a: Legend Pkmn sucks|Flash Cannon|p1a: Clodsire
|-damage|p1a: Clodsire|15/100
|
|upkeep
|turn|11
|
|t:|1757930370
|switch|p1a: Mienshao|Mienshao, F|100/100
|move|p2a: Legend Pkmn sucks|Flash Cannon|p1a: Mienshao
|-damage|p1a: Mienshao|22/100
|
|upkeep
|turn|12
|
|t:|1757930377
|switch|p2a: Ordinary Pkmn only|Vileplume, F|67/100
|-damage|p2a: Ordinary Pkmn only|54/100|[from] Stealth Rock
|move|p1a: Mienshao|High Jump Kick|p2a: Ordinary Pkmn only
|-resisted|p2a: Ordinary Pkmn only
|-damage|p2a: Ordinary Pkmn only|34/100
|-damage|p1a: Mienshao|5/100|[from] item: Rocky Helmet|[of] p2a: Ordinary Pkmn only
|-status|p1a: Mienshao|psn|[from] ability: Effect Spore|[of] p2a: Ordinary Pkmn only
|
|-damage|p1a: Mienshao|0 fnt|[from] psn
|faint|p1a: Mienshao
|upkeep
|
|t:|1757930385
|switch|p1a: Talonflame|Talonflame, F|100/100
|turn|13
|
|t:|1757930392
|switch|p1a: Dondozo|Dondozo, M|100/100
|move|p2a: Ordinary Pkmn only|Strength Sap|p1a: Dondozo
|-unboost|p1a: Dondozo|atk|1
|-heal|p2a: Ordinary Pkmn only|100/100
|
|upkeep
|turn|14
|-message|YouWillLoseSORRY! forfeited.
|
|win|Passerby bye
|raw|YouWillLoseSORRY!'s rating: 1400 &rarr; <strong>1378</strong><br />(-22 for losing)
|raw|Passerby bye's rating: 1363 &rarr; <strong>1385</strong><br />(+22 for winning)
|l|☆YouWillLoseSORRY!
|player|p1|
|l|☆Passerby bye
|player|p2|
