|j|☆Sr_Mark
|j|☆bloodmoon55
|t:|1757822610
|gametype|singles
|player|p1|Sr_Mark|cynthia-gen4|1168
|player|p2|bloodmoon55|bruno|1215
|gen|9
|tier|[Gen 9] OU
|rated|
|rule|HP Percentage Mod: HP is shown in percentages
|rule|Endless Battle Clause: Forcing endless battles is banned
|rule|Species Clause: Limit one of each Pokémon
|rule|OHKO Clause: OHKO moves are banned
|rule|Evasion Items Clause: Evasion items are banned
|rule|Evasion Moves Clause: Evasion moves are banned
|rule|Evasion Abilities Clause: Evasion abilities are banned
|rule|Sleep Moves Clause: Sleep-inducing moves are banned
|clearpoke
|poke|p1|Corviknight, F|
|poke|p1|Dragonite, M|
|poke|p1|Great Tusk|
|poke|p1|Gliscor, F|
|poke|p1|Dragapult, F|
|poke|p1|Iron Valiant|
|poke|p2|Grimmsnarl, M|
|poke|p2|Slowking-Galar, M|
|poke|p2|Iron Valiant|
|poke|p2|Raging Bolt|
|poke|p2|Corviknight, M|
|poke|p2|Skeledirge, M|
|teampreview
|inactive|Battle timer is ON: inactive players will automatically lose when time's up. (requested by bloodmoon55)
|
|t:|1757822616
|teamsize|p1|6
|teamsize|p2|6
|start
|switch|p1a: Iron Valiant|Iron Valiant|100/100
|switch|p2a: Grimmsnarl|Grimmsnarl, M|100/100
|-enditem|p1a: Iron Valiant|Booster Energy
|-activate|p1a: Iron Valiant|ability: Quark Drive|[fromitem]
|-start|p1a: Iron Valiant|quarkdrivespe
|turn|1
|
|t:|1757822623
|move|p2a: Grimmsnarl|Thunder Wave|p1a: Iron Valiant|[miss]
|-miss|p2a: Grimmsnarl|p1a: Iron Valiant
|move|p1a: Iron Valiant|Encore|p2a: Grimmsnarl
|-start|p2a: Grimmsnarl|Encore
|
|upkeep
|turn|2
|
|t:|1757822632
|switch|p2a: Slowking|Slowking-Galar, M|100/100
|-terastallize|p1a: Iron Valiant|Dark
|move|p1a: Iron Valiant|Knock Off|p2a: Slowking
|-supereffective|p2a: Slowking
|-damage|p2a: Slowking|3/100
|-enditem|p2a: Slowking|Heavy-Duty Boots|[from] move: Knock Off|[of] p1a: Iron Valiant
|
|upkeep
|turn|3
|
|t:|1757822640
|move|p1a: Iron Valiant|Knock Off|p2a: Slowking
|-supereffective|p2a: Slowking
|-damage|p2a: Slowking|0 fnt
|faint|p2a: Slowking
|
|upkeep
|
|t:|1757822642
|switch|p2a: Skeledirge|Skeledirge, M|100/100
|turn|4
|
|t:|1757822652
|-terastallize|p2a: Skeledirge|Fairy
|move|p1a: Iron Valiant|Swords Dance|p1a: Iron Valiant
|-boost|p1a: Iron Valiant|atk|2
|move|p2a: Skeledirge|Will-O-Wisp|p1a: Iron Valiant
|-status|p1a: Iron Valiant|brn
|
|-damage|p1a: Iron Valiant|94/100 brn|[from] brn
|upkeep
|turn|5
|
|t:|1757822662
|move|p1a: Iron Valiant|Encore|p2a: Skeledirge
|-start|p2a: Skeledirge|Encore
|move|p2a: Skeledirge|Will-O-Wisp|p1a: Iron Valiant
|-fail|p1a: Iron Valiant|brn
|
|-damage|p1a: Iron Valiant|88/100 brn|[from] brn
|upkeep
|turn|6
|
|t:|1757822672
|switch|p2a: Corviknight|Corviknight, M|100/100
|-ability|p2a: Corviknight|Pressure
|move|p1a: Iron Valiant|Close Combat|p2a: Corviknight
|-damage|p2a: Corviknight|65/100
|-unboost|p1a: Iron Valiant|def|1
|-unboost|p1a: Iron Valiant|spd|1
|-damage|p1a: Iron Valiant|71/100 brn|[from] item: Rocky Helmet|[of] p2a: Corviknight
|
|-damage|p1a: Iron Valiant|65/100 brn|[from] brn
|upkeep
|turn|7
|
|t:|1757822683
|move|p1a: Iron Valiant|Knock Off|p2a: Corviknight
|-damage|p2a: Corviknight|35/100
|-damage|p1a: Iron Valiant|49/100 brn|[from] item: Rocky Helmet|[of] p2a: Corviknight
|-enditem|p2a: Corviknight|Rocky Helmet|[from] move: Knock Off|[of] p1a: Iron Valiant
|move|p2a: Corviknight|Body Press|p1a: Iron Valiant
|-supereffective|p1a: Iron Valiant
|-damage|p1a: Iron Valiant|0 fnt
|faint|p1a: Iron Valiant
|-end|p1a: Iron Valiant|Quark Drive|[silent]
|
|upkeep
|
|t:|1757822695
|switch|p1a: Dragapult|Dragapult, F|100/100
|turn|8
|
|t:|1757822702
|move|p1a: Dragapult|Flamethrower|p2a: Corviknight
|-supereffective|p2a: Corviknight
|-damage|p2a: Corviknight|0 fnt
|faint|p2a: Corviknight
|
|upkeep
|
|t:|1757822706
|switch|p2a: Grimmsnarl|Grimmsnarl, M|100/100
|turn|9
|
|t:|1757822712
|switch|p1a: Corviknight|Corviknight, F|100/100
|-ability|p1a: Corviknight|Pressure
|move|p2a: Grimmsnarl|Thunder Wave|p1a: Corviknight
|-status|p1a: Corviknight|par
|
|upkeep
|turn|10
|
|t:|1757822721
|move|p2a: Grimmsnarl|Reflect|p2a: Grimmsnarl
|-sidestart|p2: bloodmoon55|Reflect
|move|p1a: Corviknight|Brave Bird|p2a: Grimmsnarl
|-damage|p2a: Grimmsnarl|77/100
|-damage|p1a: Corviknight|93/100 par|[from] Recoil
|
|-heal|p1a: Corviknight|99/100 par|[from] item: Leftovers
|upkeep
|turn|11
|
|t:|1757822729
|move|p2a: Grimmsnarl|Light Screen|p2a: Grimmsnarl
|-sidestart|p2: bloodmoon55|move: Light Screen
|move|p1a: Corviknight|Defog|p2a: Grimmsnarl
|-unboost|p2a: Grimmsnarl|evasion|1
|-sideend|p2: bloodmoon55|Reflect
|-sideend|p2: bloodmoon55|move: Light Screen
|
|-heal|p1a: Corviknight|100/100 par|[from] item: Leftovers
|upkeep
|turn|12
|
|t:|1757822737
|switch|p2a: Skeledirge|Skeledirge, M, tera:Fairy|100/100
|cant|p1a: Corviknight|par
|
|upkeep
|turn|13
|
|t:|1757822741
|move|p2a: Skeledirge|Torch Song|p1a: Corviknight
|-supereffective|p1a: Corviknight
|-damage|p1a: Corviknight|40/100 par
|-boost|p2a: Skeledirge|spa|1
|move|p1a: Corviknight|Roost|p1a: Corviknight
|-heal|p1a: Corviknight|90/100 par
|-singleturn|p1a: Corviknight|move: Roost
|
|-heal|p1a: Corviknight|96/100 par|[from] item: Leftovers
|upkeep
|turn|14
|
|t:|1757822751
|move|p2a: Skeledirge|Hex|p1a: Corviknight
|-damage|p1a: Corviknight|24/100 par
|move|p1a: Corviknight|U-turn|p2a: Skeledirge
|-resisted|p2a: Skeledirge
|-damage|p2a: Skeledirge|96/100
|
|t:|1757822768
|switch|p1a: Gliscor|Gliscor, F|100/100|[from] U-turn
|
|-status|p1a: Gliscor|tox|[from] item: Toxic Orb
|upkeep
|turn|15
|
|t:|1757822774
|move|p1a: Gliscor|Swords Dance|p1a: Gliscor
|-boost|p1a: Gliscor|atk|2
|move|p2a: Skeledirge|Hex|p1a: Gliscor
|-damage|p1a: Gliscor|20/100 tox
|
|-heal|p1a: Gliscor|32/100 tox|[from] ability: Poison Heal
|upkeep
|turn|16
|
|t:|1757822789
|move|p1a: Gliscor|Earthquake|p2a: Skeledirge
|-damage|p2a: Skeledirge|74/100
|move|p2a: Skeledirge|Hex|p1a: Gliscor
|-damage|p1a: Gliscor|0 fnt
|faint|p1a: Gliscor
|
|upkeep
|
|t:|1757822800
|switch|p1a: Dragonite|Dragonite, M|100/100
|turn|17
|
|t:|1757822806
|move|p1a: Dragonite|Dragon Dance|p1a: Dragonite
|-boost|p1a: Dragonite|atk|1
|-boost|p1a: Dragonite|spe|1
|move|p2a: Skeledirge|Will-O-Wisp|p1a: Dragonite
|-status|p1a: Dragonite|brn
|
|-damage|p1a: Dragonite|94/100 brn|[from] brn
|upkeep
|turn|18
|-message|Sr_Mark forfeited.
|
|win|bloodmoon55
|raw|Sr_Mark's rating: 1168 &rarr; <strong>1146</strong><br />(-22 for losing)
|raw|bloodmoon55's rating: 1215 &rarr; <strong>1237</strong><br />(+22 for winning)
|l|☆Sr_Mark
|player|p1|
|l|☆bloodmoon55
|player|p2|
