|j|☆rankupf8g
|j|☆mathdragon
|t:|1757810786
|gametype|singles
|player|p1|rankupf8g|elesa|1355
|player|p2|mathdragon|lady-gen4|1341
|gen|9
|tier|[Gen 9] OU
|rated|
|rule|HP Percentage Mod: HP is shown in percentages
|rule|Endless Battle Clause: Forcing endless battles is banned
|rule|Species Clause: Limit one of each Pokémon
|rule|OHKO Clause: OHKO moves are banned
|rule|Evasion Items Clause: Evasion items are banned
|rule|Evasion Moves Clause: Evasion moves are banned
|rule|Evasion Abilities Clause: Evasion abilities are banned
|rule|Sleep Moves Clause: Sleep-inducing moves are banned
|clearpoke
|poke|p1|Dragonite, F|
|poke|p1|Zamazenta-*|
|poke|p1|Landorus-Therian, M|
|poke|p1|Gholdengo|
|poke|p1|Darkrai|
|poke|p1|Hatterene, F|
|poke|p2|Dragapult, F|
|poke|p2|Shiftry, F|
|poke|p2|Drifblim, M|
|poke|p2|Dondozo, M|
|poke|p2|Blissey, F|
|poke|p2|Exeggutor, F|
|teampreview
|inactive|Battle timer is ON: inactive players will automatically lose when time's up. (requested by rankupf8g)
|
|t:|1757810796
|teamsize|p1|6
|teamsize|p2|6
|start
|switch|p1a: Gholdengo|Gholdengo|100/100
|switch|p2a: Dragapult|Dragapult, F|100/100
|turn|1
|
|t:|1757810803
|-terastallize|p1a: Gholdengo|Steel
|move|p2a: Dragapult|U-turn|p1a: Gholdengo
|-resisted|p1a: Gholdengo
|-damage|p1a: Gholdengo|87/100
|
|t:|1757810807
|switch|p2a: Blissey|Blissey, F|100/100|[from] U-turn
|move|p1a: Gholdengo|Make It Rain|p2a: Blissey
|-crit|p2a: Blissey
|-damage|p2a: Blissey|38/100
|-unboost|p1a: Gholdengo|spa|1
|
|upkeep
|turn|2
|
|t:|1757810818
|move|p1a: Gholdengo|Nasty Plot|p1a: Gholdengo
|-boost|p1a: Gholdengo|spa|2
|move|p2a: Blissey|Soft-Boiled|p2a: Blissey
|-heal|p2a: Blissey|88/100
|
|upkeep
|turn|3
|
|t:|1757810825
|switch|p2a: Dondozo|Dondozo, M|100/100
|move|p1a: Gholdengo|Nasty Plot|p1a: Gholdengo
|-boost|p1a: Gholdengo|spa|2
|
|upkeep
|turn|4
|
|t:|1757810832
|move|p1a: Gholdengo|Thunderbolt|p2a: Dondozo
|-supereffective|p2a: Dondozo
|-damage|p2a: Dondozo|41/100
|move|p2a: Dondozo|Body Press|p1a: Gholdengo
|-supereffective|p1a: Gholdengo
|-damage|p1a: Gholdengo|26/100
|
|-heal|p2a: Dondozo|48/100|[from] item: Leftovers
|upkeep
|turn|5
|
|t:|1757810851
|move|p1a: Gholdengo|Recover|p1a: Gholdengo
|-heal|p1a: Gholdengo|76/100
|move|p2a: Dondozo|Body Press|p1a: Gholdengo
|-supereffective|p1a: Gholdengo
|-damage|p1a: Gholdengo|14/100
|
|-heal|p2a: Dondozo|54/100|[from] item: Leftovers
|upkeep
|turn|6
|
|t:|1757810860
|move|p1a: Gholdengo|Make It Rain|p2a: Dondozo
|-resisted|p2a: Dondozo
|-damage|p2a: Dondozo|0 fnt
|-unboost|p1a: Gholdengo|spa|1
|faint|p2a: Dondozo
|
|upkeep
|
|t:|1757810867
|switch|p2a: Dragapult|Dragapult, F|100/100
|turn|7
|
|t:|1757810878
|switch|p1a: Hatterene|Hatterene, F|100/100
|move|p2a: Dragapult|Phantom Force||[still]
|-prepare|p2a: Dragapult|Phantom Force
|
|upkeep
|turn|8
|
|t:|1757810884
|move|p2a: Dragapult|Phantom Force|p1a: Hatterene|[from] lockedmove
|-supereffective|p1a: Hatterene
|-damage|p1a: Hatterene|0 fnt
|faint|p1a: Hatterene
|
|upkeep
|inactive|rankupf8g has 120 seconds left.
|
|t:|1757810916
|switch|p1a: Zamazenta|Zamazenta|100/100
|-ability|p1a: Zamazenta|Dauntless Shield|boost
|-boost|p1a: Zamazenta|def|1
|turn|9
|
|t:|1757810920
|switch|p2a: Drifblim|Drifblim, M|100/100
|move|p1a: Zamazenta|Iron Defense|p1a: Zamazenta
|-boost|p1a: Zamazenta|def|2
|
|upkeep
|turn|10
|
|t:|1757810927
|move|p1a: Zamazenta|Crunch|p2a: Drifblim
|-supereffective|p2a: Drifblim
|-damage|p2a: Drifblim|57/100
|move|p2a: Drifblim|Will-O-Wisp|p1a: Zamazenta
|-status|p1a: Zamazenta|brn
|
|-damage|p1a: Zamazenta|94/100 brn|[from] brn
|upkeep
|turn|11
|
|t:|1757810935
|move|p2a: Drifblim|Hex|p1a: Zamazenta
|-damage|p1a: Zamazenta|59/100 brn
|move|p1a: Zamazenta|Roar|p2a: Drifblim
|drag|p2a: Blissey|Blissey, F|88/100
|
|-heal|p1a: Zamazenta|65/100 brn|[from] item: Leftovers
|-damage|p1a: Zamazenta|59/100 brn|[from] brn
|upkeep
|turn|12
|
|t:|1757810946
|switch|p2a: Drifblim|Drifblim, M|57/100
|move|p1a: Zamazenta|Crunch|p2a: Drifblim
|-supereffective|p2a: Drifblim
|-damage|p2a: Drifblim|37/100
|
|-heal|p1a: Zamazenta|65/100 brn|[from] item: Leftovers
|-damage|p1a: Zamazenta|59/100 brn|[from] brn
|upkeep
|turn|13
|
|t:|1757810957
|switch|p1a: Darkrai|Darkrai|100/100
|move|p2a: Drifblim|Strength Sap|p1a: Darkrai
|-unboost|p1a: Darkrai|atk|1
|-heal|p2a: Drifblim|75/100
|
|upkeep
|turn|14
|
|t:|1757810966
|switch|p2a: Blissey|Blissey, F|88/100
|move|p1a: Darkrai|Taunt|p2a: Blissey
|-start|p2a: Blissey|move: Taunt
|
|upkeep
|turn|15
|
|t:|1757810973
|switch|p1a: Dragonite|Dragonite, F|100/100
|move|p2a: Blissey|Seismic Toss|p1a: Dragonite
|-damage|p1a: Dragonite|70/100
|
|upkeep
|turn|16
|
|t:|1757810982
|switch|p2a: Drifblim|Drifblim, M|75/100
|move|p1a: Dragonite|Dragon Dance|p1a: Dragonite
|-boost|p1a: Dragonite|atk|1
|-boost|p1a: Dragonite|spe|1
|
|upkeep
|turn|17
|
|t:|1757810988
|switch|p1a: Darkrai|Darkrai|100/100
|move|p2a: Drifblim|Will-O-Wisp|p1a: Darkrai
|-status|p1a: Darkrai|brn
|
|-damage|p1a: Darkrai|95/100 brn|[from] brn
|upkeep
|turn|18
|
|t:|1757810997
|switch|p1a: Gholdengo|Gholdengo, tera:Steel|14/100
|switch|p2a: Blissey|Blissey, F|88/100
|
|upkeep
|turn|19
|
|t:|1757811004
|move|p1a: Gholdengo|Recover|p1a: Gholdengo
|-heal|p1a: Gholdengo|64/100
|move|p2a: Blissey|Seismic Toss|p1a: Gholdengo
|-damage|p1a: Gholdengo|35/100
|
|upkeep
|turn|20
|
|t:|1757811010
|move|p1a: Gholdengo|Recover|p1a: Gholdengo
|-heal|p1a: Gholdengo|85/100
|move|p2a: Blissey|Seismic Toss|p1a: Gholdengo
|-damage|p1a: Gholdengo|56/100
|
|upkeep
|turn|21
|
|t:|1757811017
|move|p1a: Gholdengo|Nasty Plot|p1a: Gholdengo
|-boost|p1a: Gholdengo|spa|2
|move|p2a: Blissey|Seismic Toss|p1a: Gholdengo
|-damage|p1a: Gholdengo|27/100
|
|upkeep
|turn|22
|
|t:|1757811024
|move|p1a: Gholdengo|Recover|p1a: Gholdengo
|-heal|p1a: Gholdengo|77/100
|move|p2a: Blissey|Seismic Toss|p1a: Gholdengo
|-damage|p1a: Gholdengo|48/100
|
|upkeep
|turn|23
|
|t:|1757811031
|move|p1a: Gholdengo|Make It Rain|p2a: Blissey
|-damage|p2a: Blissey|14/100
|-unboost|p1a: Gholdengo|spa|1
|move|p2a: Blissey|Seismic Toss|p1a: Gholdengo
|-damage|p1a: Gholdengo|19/100
|
|upkeep
|turn|24
|
|t:|1757811040
|move|p1a: Gholdengo|Recover|p1a: Gholdengo
|-heal|p1a: Gholdengo|69/100
|move|p2a: Blissey|Soft-Boiled|p2a: Blissey
|-heal|p2a: Blissey|64/100
|
|upkeep
|turn|25
|
|t:|1757811046
|move|p1a: Gholdengo|Nasty Plot|p1a: Gholdengo
|-boost|p1a: Gholdengo|spa|2
|move|p2a: Blissey|Soft-Boiled|p2a: Blissey
|-heal|p2a: Blissey|100/100
|
|upkeep
|turn|26
|
|t:|1757811053
|move|p1a: Gholdengo|Nasty Plot|p1a: Gholdengo
|-boost|p1a: Gholdengo|spa|2
|move|p2a: Blissey|Seismic Toss|p1a: Gholdengo
|-damage|p1a: Gholdengo|40/100
|
|upkeep
|turn|27
|
|t:|1757811060
|move|p1a: Gholdengo|Make It Rain|p2a: Blissey
|-damage|p2a: Blissey|0 fnt
|-unboost|p1a: Gholdengo|spa|1
|faint|p2a: Blissey
|
|upkeep
|
|t:|1757811068
|switch|p2a: Dragapult|Dragapult, F|100/100
|turn|28
|
|t:|1757811074
|switch|p1a: Landorus|Landorus-Therian, M|100/100
|-ability|p1a: Landorus|Intimidate|boost
|-fail|p2a: Dragapult|unboost|[from] ability: Clear Body|[of] p2a: Dragapult
|move|p2a: Dragapult|Dragon Darts|p1a: Landorus
|-damage|p1a: Landorus|74/100
|-anim|p2a: Dragapult|Dragon Darts|p1a: Landorus
|-damage|p1a: Landorus|47/100
|
|upkeep
|turn|29
|
|t:|1757811083
|move|p2a: Dragapult|Dragon Darts|p1a: Landorus
|-damage|p1a: Landorus|22/100
|-anim|p2a: Dragapult|Dragon Darts|p1a: Landorus
|-damage|p1a: Landorus|0 fnt
|faint|p1a: Landorus
|
|upkeep
|
|t:|1757811088
|switch|p1a: Zamazenta|Zamazenta|59/100 brn
|turn|30
|
|t:|1757811093
|switch|p2a: Drifblim|Drifblim, M|75/100
|move|p1a: Zamazenta|Crunch|p2a: Drifblim
|-supereffective|p2a: Drifblim
|-damage|p2a: Drifblim|53/100
|
|-heal|p1a: Zamazenta|65/100 brn|[from] item: Leftovers
|-damage|p1a: Zamazenta|59/100 brn|[from] brn
|upkeep
|turn|31
|
|t:|1757811104
|switch|p1a: Darkrai|Darkrai|95/100 brn
|move|p2a: Drifblim|Hex|p1a: Darkrai
|-resisted|p1a: Darkrai
|-damage|p1a: Darkrai|72/100 brn
|
|-damage|p1a: Darkrai|66/100 brn|[from] brn
|upkeep
|turn|32
|
|t:|1757811115
|move|p1a: Darkrai|Ice Beam|p2a: Drifblim
|-supereffective|p2a: Drifblim
|-damage|p2a: Drifblim|0 fnt
|faint|p2a: Drifblim
|
|-damage|p1a: Darkrai|60/100 brn|[from] brn
|upkeep
|
|t:|1757811124
|switch|p2a: Exeggutor|Exeggutor, F|100/100
|turn|33
|
|t:|1757811128
|-terastallize|p2a: Exeggutor|Poison
|move|p1a: Darkrai|Dark Pulse|p2a: Exeggutor
|-damage|p2a: Exeggutor|68/100
|move|p2a: Exeggutor|Calm Mind|p2a: Exeggutor
|-boost|p2a: Exeggutor|spa|1
|-boost|p2a: Exeggutor|spd|1
|
|-damage|p1a: Darkrai|54/100 brn|[from] brn
|upkeep
|turn|34
|
|t:|1757811141
|switch|p1a: Dragonite|Dragonite, F|70/100
|move|p2a: Exeggutor|Calm Mind|p2a: Exeggutor
|-boost|p2a: Exeggutor|spa|1
|-boost|p2a: Exeggutor|spd|1
|
|upkeep
|turn|35
|
|t:|1757811148
|switch|p2a: Dragapult|Dragapult, F|100/100
|move|p1a: Dragonite|Dragon Dance|p1a: Dragonite
|-boost|p1a: Dragonite|atk|1
|-boost|p1a: Dragonite|spe|1
|
|upkeep
|turn|36
|
|t:|1757811155
|move|p2a: Dragapult|Dragon Darts|p1a: Dragonite
|-supereffective|p1a: Dragonite
|-damage|p1a: Dragonite|11/100
|-anim|p2a: Dragapult|Dragon Darts|p1a: Dragonite
|-supereffective|p1a: Dragonite
|-damage|p1a: Dragonite|0 fnt
|faint|p1a: Dragonite
|
|upkeep
|
|t:|1757811160
|switch|p1a: Zamazenta|Zamazenta|59/100 brn
|turn|37
|
|t:|1757811167
|switch|p2a: Exeggutor|Exeggutor, F, tera:Poison|68/100
|move|p1a: Zamazenta|Iron Defense|p1a: Zamazenta
|-boost|p1a: Zamazenta|def|2
|
|-heal|p1a: Zamazenta|65/100 brn|[from] item: Leftovers
|-damage|p1a: Zamazenta|59/100 brn|[from] brn
|upkeep
|turn|38
|
|t:|1757811176
|move|p1a: Zamazenta|Body Press|p2a: Exeggutor
|-resisted|p2a: Exeggutor
|-damage|p2a: Exeggutor|51/100
|move|p2a: Exeggutor|Giga Drain|p1a: Zamazenta
|-damage|p1a: Zamazenta|28/100 brn
|-heal|p2a: Exeggutor|64/100|[from] drain|[of] p1a: Zamazenta
|
|-heal|p1a: Zamazenta|34/100 brn|[from] item: Leftovers
|-damage|p1a: Zamazenta|28/100 brn|[from] brn
|upkeep
|turn|39
|
|t:|1757811187
|switch|p1a: Gholdengo|Gholdengo, tera:Steel|40/100
|move|p2a: Exeggutor|Giga Drain|p1a: Gholdengo
|-resisted|p1a: Gholdengo
|-damage|p1a: Gholdengo|22/100
|-heal|p2a: Exeggutor|72/100|[from] drain|[of] p1a: Gholdengo
|
|upkeep
|turn|40
|
|t:|1757811194
|move|p1a: Gholdengo|Recover|p1a: Gholdengo
|-heal|p1a: Gholdengo|72/100
|move|p2a: Exeggutor|Psychic Noise|p1a: Gholdengo
|-resisted|p1a: Gholdengo
|-damage|p1a: Gholdengo|54/100
|-start|p1a: Gholdengo|move: Heal Block
|
|upkeep
|turn|41
|
|t:|1757811203
|move|p1a: Gholdengo|Make It Rain|p2a: Exeggutor
|-damage|p2a: Exeggutor|0 fnt
|-unboost|p1a: Gholdengo|spa|1
|faint|p2a: Exeggutor
|
|-end|p1a: Gholdengo|move: Heal Block
|upkeep
|
|t:|1757811213
|switch|p2a: Shiftry|Shiftry, F|100/100
|turn|42
|
|t:|1757811224
|switch|p1a: Darkrai|Darkrai|54/100 brn
|move|p2a: Shiftry|Tailwind|p2a: Shiftry
|-sidestart|p2: mathdragon|move: Tailwind
|-ability|p2a: Shiftry|Wind Rider|boost
|-boost|p2a: Shiftry|atk|1
|
|-damage|p1a: Darkrai|48/100 brn|[from] brn
|upkeep
|turn|43
|
|t:|1757811233
|move|p2a: Shiftry|Leaf Blade|p1a: Darkrai
|-damage|p1a: Darkrai|0 fnt
|faint|p1a: Darkrai
|
|upkeep
|
|t:|1757811237
|switch|p1a: Zamazenta|Zamazenta|28/100 brn
|turn|44
|l|☆rankupf8g
|inactive|rankupf8g disconnected and has a minute to reconnect!
|player|p1|
|inactive|rankupf8g has 30 seconds to reconnect!
|inactive|rankupf8g has 20 seconds to reconnect!
|inactive|rankupf8g has 15 seconds to reconnect!
|inactive|rankupf8g has 10 seconds to reconnect!
|inactive|rankupf8g has 5 seconds to reconnect!
|-message|rankupf8g lost due to inactivity.
|
|win|mathdragon
|raw|rankupf8g's rating: 1355 &rarr; <strong>1334</strong><br />(-21 for losing)
|raw|mathdragon's rating: 1341 &rarr; <strong>1362</strong><br />(+21 for winning)
|l|☆mathdragon
|player|p2|
