|j|☆ujghg
|j|☆BronzeBirdTai
|t:|1757801632
|gametype|singles
|player|p1|ujghg|1|1000
|player|p2|BronzeBirdTai|iono|1000
|gen|9
|tier|[Gen 9] OU
|rated|
|rule|HP Percentage Mod: HP is shown in percentages
|rule|Endless Battle Clause: Forcing endless battles is banned
|rule|Species Clause: Limit one of each Pokémon
|rule|OHKO Clause: OHKO moves are banned
|rule|Evasion Items Clause: Evasion items are banned
|rule|Evasion Moves Clause: Evasion moves are banned
|rule|Evasion Abilities Clause: Evasion abilities are banned
|rule|Sleep Moves Clause: Sleep-inducing moves are banned
|clearpoke
|poke|p1|Dondozo, F|
|poke|p1|Araquanid, F|
|poke|p1|Garganacl, F|
|poke|p1|Raging Bolt|
|poke|p1|Glimmora, M|
|poke|p1|Dragapult, F|
|poke|p2|Great Tusk|
|poke|p2|Kingambit, F|
|poke|p2|Raging Bolt|
|poke|p2|Walking Wake|
|poke|p2|Ninetales, M|
|poke|p2|Ceruledge, F|
|teampreview
|c|☆BronzeBirdTai|oh
|c|☆BronzeBirdTai|fuck no
|c|☆BronzeBirdTai|bruh
|
|t:|1757801644
|teamsize|p1|6
|teamsize|p2|6
|start
|switch|p1a: Glimmora|Glimmora, M|100/100
|switch|p2a: Dragon Suppressor|Ninetales, M|100/100
|-weather|SunnyDay|[from] ability: Drought|[of] p2a: Dragon Suppressor
|turn|1
|
|t:|1757801653
|move|p2a: Dragon Suppressor|Scorching Sands|p1a: Glimmora
|-supereffective|p1a: Glimmora
|-damage|p1a: Glimmora|14/100
|move|p1a: Glimmora|Earth Power|p2a: Dragon Suppressor
|-supereffective|p2a: Dragon Suppressor
|-damage|p2a: Dragon Suppressor|41/100
|
|-weather|SunnyDay|[upkeep]
|upkeep
|turn|2
|
|t:|1757801660
|switch|p2a: Gold-Tusked|Great Tusk|100/100
|-activate|p2a: Gold-Tusked|ability: Protosynthesis
|-start|p2a: Gold-Tusked|protosynthesisatk
|move|p1a: Glimmora|Stealth Rock|p2a: Gold-Tusked
|-sidestart|p2: BronzeBirdTai|move: Stealth Rock
|
|-weather|SunnyDay|[upkeep]
|upkeep
|turn|3
|
|t:|1757801665
|switch|p1a: Dragapult|Dragapult, F|100/100
|move|p2a: Gold-Tusked|Rapid Spin|p1a: Dragapult
|-immune|p1a: Dragapult
|
|-weather|SunnyDay|[upkeep]
|upkeep
|turn|4
|
|t:|1757801669
|move|p1a: Dragapult|Will-O-Wisp|p2a: Gold-Tusked|[miss]
|-miss|p1a: Dragapult|p2a: Gold-Tusked
|move|p2a: Gold-Tusked|Ice Spinner|p1a: Dragapult
|-supereffective|p1a: Dragapult
|-damage|p1a: Dragapult|0 fnt
|faint|p1a: Dragapult
|
|-weather|SunnyDay|[upkeep]
|upkeep
|
|t:|1757801678
|switch|p1a: Dondozo|Dondozo, F|100/100
|turn|5
|
|t:|1757801681
|move|p2a: Gold-Tusked|Rapid Spin|p1a: Dondozo
|-damage|p1a: Dondozo|89/100
|-boost|p2a: Gold-Tusked|spe|1
|-sideend|p2: BronzeBirdTai|Stealth Rock|[from] move: Rapid Spin|[of] p2a: Gold-Tusked
|move|p1a: Dondozo|Curse|p1a: Dondozo
|-unboost|p1a: Dondozo|spe|1
|-boost|p1a: Dondozo|atk|1
|-boost|p1a: Dondozo|def|1
|
|-weather|SunnyDay|[upkeep]
|upkeep
|turn|6
|
|t:|1757801691
|-end|p2a: Gold-Tusked|Protosynthesis|[silent]
|switch|p2a: Azure Mane Lion|Raging Bolt|100/100
|-activate|p2a: Azure Mane Lion|ability: Protosynthesis
|-start|p2a: Azure Mane Lion|protosynthesisspa
|move|p1a: Dondozo|Liquidation|p2a: Azure Mane Lion
|-resisted|p2a: Azure Mane Lion
|-damage|p2a: Azure Mane Lion|90/100
|
|-weather|SunnyDay|[upkeep]
|upkeep
|turn|7
|
|t:|1757801697
|switch|p1a: Glimmora|Glimmora, M|14/100
|move|p2a: Azure Mane Lion|Solar Beam||[still]
|-prepare|p2a: Azure Mane Lion|Solar Beam
|-anim|p2a: Azure Mane Lion|Solar Beam|p1a: Glimmora
|-damage|p1a: Glimmora|0 fnt
|faint|p1a: Glimmora
|-damage|p2a: Azure Mane Lion|80/100|[from] item: Life Orb
|
|-weather|SunnyDay|[upkeep]
|upkeep
|
|t:|1757801702
|switch|p1a: Garganacl|Garganacl, F|100/100
|turn|8
|
|t:|1757801706
|move|p2a: Azure Mane Lion|Solar Beam||[still]
|-prepare|p2a: Azure Mane Lion|Solar Beam
|-anim|p2a: Azure Mane Lion|Solar Beam|p1a: Garganacl
|-supereffective|p1a: Garganacl
|-damage|p1a: Garganacl|2/100
|-damage|p2a: Azure Mane Lion|70/100|[from] item: Life Orb
|move|p1a: Garganacl|Salt Cure|p2a: Azure Mane Lion
|-damage|p2a: Azure Mane Lion|56/100
|-start|p2a: Azure Mane Lion|Salt Cure
|
|-weather|none
|-end|p2a: Azure Mane Lion|Protosynthesis
|-heal|p1a: Garganacl|8/100|[from] item: Leftovers
|-damage|p2a: Azure Mane Lion|44/100|[from] Salt Cure
|upkeep
|turn|9
|
|t:|1757801715
|-end|p2a: Azure Mane Lion|Protosynthesis|[silent]
|switch|p2a: Dragon Suppressor|Ninetales, M|41/100
|-weather|SunnyDay|[from] ability: Drought|[of] p2a: Dragon Suppressor
|switch|p1a: Araquanid|Araquanid, F|100/100
|
|-weather|SunnyDay|[upkeep]
|upkeep
|turn|10
|
|t:|1757801725
|switch|p2a: Jing River Dragon|Walking Wake|100/100
|-activate|p2a: Jing River Dragon|ability: Protosynthesis
|-start|p2a: Jing River Dragon|protosynthesisspe
|move|p1a: Araquanid|Sticky Web|p2a: Jing River Dragon
|-sidestart|p2: BronzeBirdTai|move: Sticky Web
|
|-weather|SunnyDay|[upkeep]
|upkeep
|turn|11
|
|t:|1757801760
|move|p2a: Jing River Dragon|Hydro Steam|p1a: Araquanid
|-resisted|p1a: Araquanid
|-damage|p1a: Araquanid|76/100
|move|p1a: Araquanid|Liquidation|p2a: Jing River Dragon
|-resisted|p2a: Jing River Dragon
|-damage|p2a: Jing River Dragon|93/100
|-unboost|p2a: Jing River Dragon|def|1
|
|-weather|SunnyDay|[upkeep]
|upkeep
|turn|12
|
|t:|1757801772
|move|p2a: Jing River Dragon|Draco Meteor|p1a: Araquanid
|-damage|p1a: Araquanid|14/100
|-unboost|p2a: Jing River Dragon|spa|2
|move|p1a: Araquanid|Liquidation|p2a: Jing River Dragon
|-resisted|p2a: Jing River Dragon
|-damage|p2a: Jing River Dragon|79/100
|
|-weather|SunnyDay|[upkeep]
|upkeep
|turn|13
|-enditem|p1a: Araquanid|Custap Berry|[eat]
|-activate|p1a: Araquanid|item: Custap Berry|[consumed]
|
|t:|1757801785
|move|p1a: Araquanid|Endeavor|p2a: Jing River Dragon
|-damage|p2a: Jing River Dragon|14/100
|move|p2a: Jing River Dragon|Hydro Steam|p1a: Araquanid
|-resisted|p1a: Araquanid
|-damage|p1a: Araquanid|0 fnt
|faint|p1a: Araquanid
|
|-weather|SunnyDay|[upkeep]
|upkeep
|
|t:|1757801791
|switch|p1a: Dondozo|Dondozo, F|89/100
|turn|14
|
|t:|1757801797
|move|p2a: Jing River Dragon|Draco Meteor|p1a: Dondozo
|-damage|p1a: Dondozo|19/100
|-unboost|p2a: Jing River Dragon|spa|2
|move|p1a: Dondozo|Curse|p1a: Dondozo
|-unboost|p1a: Dondozo|spe|1
|-boost|p1a: Dondozo|atk|1
|-boost|p1a: Dondozo|def|1
|
|-weather|SunnyDay|[upkeep]
|upkeep
|turn|15
|
|t:|1757801801
|move|p2a: Jing River Dragon|Draco Meteor|p1a: Dondozo
|-damage|p1a: Dondozo|0 fnt
|-unboost|p2a: Jing River Dragon|spa|2
|faint|p1a: Dondozo
|
|-weather|SunnyDay|[upkeep]
|upkeep
|
|t:|1757801809
|switch|p1a: Garganacl|Garganacl, F|8/100
|turn|16
|
|t:|1757801813
|-end|p2a: Jing River Dragon|Protosynthesis|[silent]
|switch|p2a: Gold-Tusked|Great Tusk|100/100
|-activate|p2a: Gold-Tusked|move: Sticky Web
|-unboost|p2a: Gold-Tusked|spe|1
|-activate|p2a: Gold-Tusked|ability: Protosynthesis
|-start|p2a: Gold-Tusked|protosynthesisatk
|move|p1a: Garganacl|Recover|p1a: Garganacl
|-heal|p1a: Garganacl|58/100
|
|-weather|none
|-end|p2a: Gold-Tusked|Protosynthesis
|-heal|p1a: Garganacl|64/100|[from] item: Leftovers
|upkeep
|turn|17
|
|t:|1757801819
|move|p2a: Gold-Tusked|Headlong Rush|p1a: Garganacl
|-supereffective|p1a: Garganacl
|-damage|p1a: Garganacl|0 fnt
|-unboost|p2a: Gold-Tusked|def|1
|-unboost|p2a: Gold-Tusked|spd|1
|faint|p1a: Garganacl
|
|upkeep
|
|t:|1757801820
|switch|p1a: Raging Bolt|Raging Bolt|100/100
|-enditem|p1a: Raging Bolt|Booster Energy
|-activate|p1a: Raging Bolt|ability: Protosynthesis|[fromitem]
|-start|p1a: Raging Bolt|protosynthesisspa
|turn|18
|
|t:|1757801824
|move|p1a: Raging Bolt|Dragon Pulse|p2a: Gold-Tusked
|-damage|p2a: Gold-Tusked|17/100
|move|p2a: Gold-Tusked|Headlong Rush|p1a: Raging Bolt
|-supereffective|p1a: Raging Bolt
|-damage|p1a: Raging Bolt|0 fnt
|-unboost|p2a: Gold-Tusked|def|1
|-unboost|p2a: Gold-Tusked|spd|1
|faint|p1a: Raging Bolt
|-end|p1a: Raging Bolt|Protosynthesis|[silent]
|
|win|BronzeBirdTai
|raw|ujghg's rating: 1000 &rarr; <strong>1000</strong><br />(+0 for losing)
|raw|BronzeBirdTai's rating: 1000 &rarr; <strong>1040</strong><br />(+40 for winning)
|l|☆ujghg
|player|p1|
