|j|☆tommy1928
|j|☆ABraviousTinkaton
|t:|1757841371
|gametype|singles
|player|p1|tommy1928|266|1552
|player|p2|ABraviousTinkaton|miku-ice|1565
|gen|9
|tier|[Gen 9] OU
|rated|
|rule|HP Percentage Mod: HP is shown in percentages
|rule|Endless Battle Clause: Forcing endless battles is banned
|rule|Species Clause: Limit one of each Pokémon
|rule|OHKO Clause: OHKO moves are banned
|rule|Evasion Items Clause: Evasion items are banned
|rule|Evasion Moves Clause: Evasion moves are banned
|rule|Evasion Abilities Clause: Evasion abilities are banned
|rule|Sleep Moves Clause: Sleep-inducing moves are banned
|clearpoke
|poke|p1|Torkoal, M|
|poke|p1|Ceruledge, M|
|poke|p1|Raging Bolt|
|poke|p1|Corviknight, F|
|poke|p1|Walking Wake|
|poke|p1|Alomomola, F|
|poke|p2|Slither Wing|
|poke|p2|Ninetales, F|
|poke|p2|Raging Bolt|
|poke|p2|Dragapult, F|
|poke|p2|Great Tusk|
|poke|p2|Fezandipiti, M|
|teampreview
|
|t:|1757841387
|teamsize|p1|6
|teamsize|p2|6
|start
|switch|p1a: Raging Bolt|Raging Bolt|100/100
|switch|p2a: Dragapult|Dragapult, F|100/100
|turn|1
|inactive|Battle timer is ON: inactive players will automatically lose when time's up. (requested by tommy1928)
|
|t:|1757841401
|move|p2a: Dragapult|Dragon Darts|p1a: Raging Bolt
|-supereffective|p1a: Raging Bolt
|-damage|p1a: Raging Bolt|67/100
|-anim|p2a: Dragapult|Dragon Darts|p1a: Raging Bolt
|-supereffective|p1a: Raging Bolt
|-damage|p1a: Raging Bolt|36/100
|-damage|p2a: Dragapult|91/100|[from] item: Life Orb
|move|p1a: Raging Bolt|Dragon Pulse|p2a: Dragapult
|-supereffective|p2a: Dragapult
|-damage|p2a: Dragapult|0 fnt
|faint|p2a: Dragapult
|
|-heal|p1a: Raging Bolt|42/100|[from] item: Leftovers
|upkeep
|
|t:|1757841406
|switch|p2a: Slither Wing|Slither Wing|100/100
|turn|2
|
|t:|1757841418
|-end|p1a: Raging Bolt|Protosynthesis|[silent]
|switch|p1a: Corviknight|Corviknight, F|100/100
|-ability|p1a: Corviknight|Pressure
|move|p2a: Slither Wing|U-turn|p1a: Corviknight
|-resisted|p1a: Corviknight
|-damage|p1a: Corviknight|90/100
|-damage|p2a: Slither Wing|84/100|[from] item: Rocky Helmet|[of] p1a: Corviknight
|
|t:|1757841423
|-end|p2a: Slither Wing|Protosynthesis|[silent]
|switch|p2a: Great Tusk|Great Tusk|100/100|[from] U-turn
|
|upkeep
|turn|3
|
|t:|1757841441
|move|p2a: Great Tusk|Stealth Rock|p1a: Corviknight
|-sidestart|p1: tommy1928|move: Stealth Rock
|move|p1a: Corviknight|U-turn|p2a: Great Tusk
|-resisted|p2a: Great Tusk
|-crit|p2a: Great Tusk
|-damage|p2a: Great Tusk|94/100
|
|t:|1757841459
|switch|p1a: Ceruledge|Ceruledge, M|100/100|[from] U-turn
|-damage|p1a: Ceruledge|76/100|[from] Stealth Rock
|-item|p1a: Ceruledge|Air Balloon
|
|upkeep
|turn|4
|
|t:|1757841465
|-end|p2a: Great Tusk|Protosynthesis|[silent]
|switch|p2a: Ninetales|Ninetales, F|100/100
|-weather|SunnyDay|[from] ability: Drought|[of] p2a: Ninetales
|move|p1a: Ceruledge|Swords Dance|p1a: Ceruledge
|-boost|p1a: Ceruledge|atk|2
|
|-weather|SunnyDay|[upkeep]
|upkeep
|turn|5
|
|t:|1757841480
|move|p2a: Ninetales|Encore|p1a: Ceruledge
|-start|p1a: Ceruledge|Encore
|move|p1a: Ceruledge|Swords Dance|p1a: Ceruledge
|-boost|p1a: Ceruledge|atk|2
|
|-weather|SunnyDay|[upkeep]
|upkeep
|turn|6
|
|t:|1757841497
|switch|p1a: Walking Wake|Walking Wake|100/100
|-damage|p1a: Walking Wake|88/100|[from] Stealth Rock
|-activate|p1a: Walking Wake|ability: Protosynthesis
|-start|p1a: Walking Wake|protosynthesisspe
|move|p2a: Ninetales|Weather Ball|p1a: Walking Wake
|-resisted|p1a: Walking Wake
|-damage|p1a: Walking Wake|76/100
|
|-weather|SunnyDay|[upkeep]
|upkeep
|turn|7
|
|t:|1757841508
|switch|p2a: Fezandipiti|Fezandipiti, M|100/100
|move|p1a: Walking Wake|Hydro Steam|p2a: Fezandipiti
|-damage|p2a: Fezandipiti|38/100
|
|-weather|SunnyDay|[upkeep]
|upkeep
|turn|8
|
|t:|1757841514
|move|p1a: Walking Wake|Hydro Steam|p2a: Fezandipiti
|-damage|p2a: Fezandipiti|0 fnt
|faint|p2a: Fezandipiti
|
|-weather|SunnyDay|[upkeep]
|upkeep
|
|t:|1757841516
|switch|p2a: Raging Bolt|Raging Bolt|100/100
|-activate|p2a: Raging Bolt|ability: Protosynthesis
|-start|p2a: Raging Bolt|protosynthesisspa
|turn|9
|j| Disscratch
|
|t:|1757841525
|-end|p1a: Walking Wake|Protosynthesis|[silent]
|switch|p1a: Raging Bolt|Raging Bolt|42/100
|-damage|p1a: Raging Bolt|30/100|[from] Stealth Rock
|-activate|p1a: Raging Bolt|ability: Protosynthesis
|-start|p1a: Raging Bolt|protosynthesisdef
|move|p2a: Raging Bolt|Volt Switch|p1a: Raging Bolt
|-resisted|p1a: Raging Bolt
|-damage|p1a: Raging Bolt|13/100
|
|t:|1757841533
|-end|p2a: Raging Bolt|Protosynthesis|[silent]
|switch|p2a: Slither Wing|Slither Wing|84/100|[from] Volt Switch
|-activate|p2a: Slither Wing|ability: Protosynthesis
|-start|p2a: Slither Wing|protosynthesisatk
|
|-weather|SunnyDay|[upkeep]
|-heal|p1a: Raging Bolt|19/100|[from] item: Leftovers
|upkeep
|turn|10
|
|t:|1757841540
|move|p2a: Slither Wing|U-turn|p1a: Raging Bolt
|-damage|p1a: Raging Bolt|0 fnt
|faint|p1a: Raging Bolt
|-end|p1a: Raging Bolt|Protosynthesis|[silent]
|j| Ctannn
|
|t:|1757841542
|-end|p2a: Slither Wing|Protosynthesis|[silent]
|switch|p2a: Raging Bolt|Raging Bolt|100/100|[from] U-turn
|-activate|p2a: Raging Bolt|ability: Protosynthesis
|-start|p2a: Raging Bolt|protosynthesisspa
|
|-weather|SunnyDay|[upkeep]
|upkeep
|
|t:|1757841556
|switch|p1a: Walking Wake|Walking Wake|76/100
|-damage|p1a: Walking Wake|63/100|[from] Stealth Rock
|-activate|p1a: Walking Wake|ability: Protosynthesis
|-start|p1a: Walking Wake|protosynthesisspe
|turn|11
|
|t:|1757841563
|move|p2a: Raging Bolt|Thunderclap|p1a: Walking Wake
|-damage|p1a: Walking Wake|0 fnt
|faint|p1a: Walking Wake
|-end|p1a: Walking Wake|Protosynthesis|[silent]
|
|-weather|none
|-end|p2a: Raging Bolt|Protosynthesis
|upkeep
|l| Ctannn
|
|t:|1757841578
|switch|p1a: Alomomola|Alomomola, F|100/100
|-damage|p1a: Alomomola|88/100|[from] Stealth Rock
|turn|12
|
|t:|1757841583
|-end|p2a: Raging Bolt|Protosynthesis|[silent]
|switch|p2a: Ninetales|Ninetales, F|100/100
|-weather|SunnyDay|[from] ability: Drought|[of] p2a: Ninetales
|move|p1a: Alomomola|Mirror Coat||[still]
|-fail|p1a: Alomomola
|
|-weather|SunnyDay|[upkeep]
|upkeep
|turn|13
|
|t:|1757841594
|switch|p1a: Ceruledge|Ceruledge, M|76/100
|-damage|p1a: Ceruledge|51/100|[from] Stealth Rock
|-item|p1a: Ceruledge|Air Balloon
|move|p2a: Ninetales|Encore||[still]
|-fail|p2a: Ninetales
|
|-weather|SunnyDay|[upkeep]
|upkeep
|turn|14
|j| TyranoShanks
|
|t:|1757841608
|switch|p2a: Great Tusk|Great Tusk|94/100
|-activate|p2a: Great Tusk|ability: Protosynthesis
|-start|p2a: Great Tusk|protosynthesisatk
|move|p1a: Ceruledge|Bitter Blade|p2a: Great Tusk
|-damage|p2a: Great Tusk|49/100
|-heal|p1a: Ceruledge|79/100|[from] drain|[of] p2a: Great Tusk
|
|-weather|SunnyDay|[upkeep]
|upkeep
|turn|15
|l| TyranoShanks
|
|t:|1757841623
|move|p1a: Ceruledge|Swords Dance|p1a: Ceruledge
|-boost|p1a: Ceruledge|atk|2
|move|p2a: Great Tusk|Knock Off|p1a: Ceruledge
|-supereffective|p1a: Ceruledge
|-damage|p1a: Ceruledge|0 fnt
|-enditem|p1a: Ceruledge|Air Balloon
|faint|p1a: Ceruledge
|
|-weather|SunnyDay|[upkeep]
|upkeep
|j| Golem Rising
|-message|tommy1928 forfeited.
|
|win|ABraviousTinkaton
|raw|tommy1928's rating: 1552 &rarr; <strong>1533</strong><br />(-19 for losing)
|raw|ABraviousTinkaton's rating: 1565 &rarr; <strong>1584</strong><br />(+19 for winning)
|l|☆tommy1928
|player|p1|
|l| Golem Rising
|l| Disscratch
|j| Ctannn
|l| Ctannn
