|j|☆whdjhdhx
|j|☆SparkyGoupil
|t:|1757928827
|gametype|singles
|player|p1|whdjhdhx|1|1131
|player|p2|SparkyGoupil|backersf|1175
|gen|9
|tier|[Gen 9] OU
|rated|
|rule|HP Percentage Mod: HP is shown in percentages
|rule|Endless Battle Clause: Forcing endless battles is banned
|rule|Species Clause: Limit one of each Pokémon
|rule|OHKO Clause: OHKO moves are banned
|rule|Evasion Items Clause: Evasion items are banned
|rule|Evasion Moves Clause: Evasion moves are banned
|rule|Evasion Abilities Clause: Evasion abilities are banned
|rule|Sleep Moves Clause: Sleep-inducing moves are banned
|clearpoke
|poke|p1|Landorus-Therian, M|
|poke|p1|Sinistcha|
|poke|p1|Tinkaton, F|
|poke|p1|Moltres|
|poke|p1|Samurott-Hisui, M|
|poke|p1|Hydreigon, M|
|poke|p2|Ninetales-Alola, M|
|poke|p2|Gholdengo|
|poke|p2|Hatterene, F|
|poke|p2|Jirachi|
|poke|p2|Blaziken, F|
|poke|p2|Ogerpon-Wellspring, F|
|teampreview
|inactive|Battle timer is ON: inactive players will automatically lose when time's up. (requested by SparkyGoupil)
|
|t:|1757928838
|teamsize|p1|6
|teamsize|p2|6
|start
|switch|p1a: Tinkaton|Tinkaton, F, shiny|100/100
|switch|p2a: Aurora veil|Ninetales-Alola, M, shiny|100/100
|-weather|Snowscape|[from] ability: Snow Warning|[of] p2a: Aurora veil
|-item|p1a: Tinkaton|Air Balloon
|turn|1
|
|t:|1757928846
|switch|p2a: Tenders|Blaziken, F|100/100
|move|p1a: Tinkaton|Gigaton Hammer|p2a: Tenders
|-resisted|p2a: Tenders
|-damage|p2a: Tenders|58/100
|
|-weather|Snowscape|[upkeep]
|upkeep
|turn|2
|
|t:|1757928857
|switch|p1a: Landorus|Landorus-Therian, M, shiny|100/100
|-ability|p1a: Landorus|Intimidate|boost
|-unboost|p2a: Tenders|atk|1
|move|p2a: Tenders|Swords Dance|p2a: Tenders
|-boost|p2a: Tenders|atk|2
|
|-weather|Snowscape|[upkeep]
|-ability|p2a: Tenders|Speed Boost|boost
|-boost|p2a: Tenders|spe|1
|upkeep
|turn|3
|
|t:|1757928878
|move|p1a: Landorus|Earthquake|p2a: Tenders
|-supereffective|p2a: Tenders
|-damage|p2a: Tenders|0 fnt
|faint|p2a: Tenders
|
|-weather|Snowscape|[upkeep]
|upkeep
|
|t:|1757928888
|switch|p2a: Biere pong|Ogerpon-Wellspring, F|100/100
|turn|4
|
|t:|1757928895
|switch|p1a: Sinistcha|Sinistcha, shiny|100/100
|move|p2a: Biere pong|Ivy Cudgel|p1a: Sinistcha|[anim] Ivy Cudgel Water
|-resisted|p1a: Sinistcha
|-damage|p1a: Sinistcha|79/100
|
|-weather|Snowscape|[upkeep]
|upkeep
|turn|5
|
|t:|1757928904
|switch|p2a: Aurora veil|Ninetales-Alola, M, shiny|100/100
|move|p1a: Sinistcha|Matcha Gotcha|p2a: Aurora veil
|-damage|p2a: Aurora veil|69/100
|-heal|p1a: Sinistcha|96/100|[from] drain|[of] p2a: Aurora veil
|
|-weather|none
|upkeep
|turn|6
|
|t:|1757928918
|switch|p2a: Ma femme|Hatterene, F|100/100
|switch|p1a: Tinkaton|Tinkaton, F, shiny|100/100
|-item|p1a: Tinkaton|Air Balloon
|
|upkeep
|turn|7
|
|t:|1757928925
|move|p1a: Tinkaton|Gigaton Hammer|p2a: Ma femme
|-supereffective|p2a: Ma femme
|-damage|p2a: Ma femme|2/100
|move|p2a: Ma femme|Nuzzle|p1a: Tinkaton
|-damage|p1a: Tinkaton|95/100
|-status|p1a: Tinkaton|par
|-enditem|p1a: Tinkaton|Air Balloon
|-enditem|p2a: Ma femme|Leftovers|[silent]|[from] ability: Pickpocket|[of] p2a: Ma femme
|-item|p1a: Tinkaton|Leftovers|[from] ability: Pickpocket|[of] p2a: Ma femme
|
|-heal|p1a: Tinkaton|100/100 par|[from] item: Leftovers
|upkeep
|turn|8
|
|t:|1757928954
|switch|p2a: Mégot|Gholdengo|100/100
|-item|p2a: Mégot|Air Balloon
|move|p1a: Tinkaton|Ice Hammer|p2a: Mégot|[miss]
|-miss|p1a: Tinkaton|p2a: Mégot
|
|upkeep
|turn|9
|
|t:|1757928967
|switch|p1a: Samurott|Samurott-Hisui, M, shiny|100/100
|move|p2a: Mégot|Nasty Plot|p2a: Mégot
|-boost|p2a: Mégot|spa|2
|
|upkeep
|turn|10
|
|t:|1757928974
|move|p1a: Samurott|Sucker Punch|p2a: Mégot
|-supereffective|p2a: Mégot
|-damage|p2a: Mégot|27/100
|-enditem|p2a: Mégot|Air Balloon
|move|p2a: Mégot|Make It Rain|p1a: Samurott
|-resisted|p1a: Samurott
|-damage|p1a: Samurott|0 fnt
|-unboost|p2a: Mégot|spa|1
|faint|p1a: Samurott
|
|upkeep
|
|t:|1757928987
|switch|p1a: Moltres|Moltres, shiny|100/100
|turn|11
|
|t:|1757928992
|move|p2a: Mégot|Shadow Ball|p1a: Moltres
|-damage|p1a: Moltres|44/100
|move|p1a: Moltres|Flamethrower|p2a: Mégot
|-supereffective|p2a: Mégot
|-damage|p2a: Mégot|0 fnt
|faint|p2a: Mégot
|
|upkeep
|
|t:|1757929003
|switch|p2a: Biere pong|Ogerpon-Wellspring, F|100/100
|turn|12
|
|t:|1757929007
|switch|p1a: Sinistcha|Sinistcha, shiny|96/100
|move|p2a: Biere pong|Ivy Cudgel|p1a: Sinistcha|[anim] Ivy Cudgel Water
|-resisted|p1a: Sinistcha
|-damage|p1a: Sinistcha|74/100
|
|upkeep
|turn|13
|
|t:|1757929015
|move|p2a: Biere pong|Swords Dance|p2a: Biere pong
|-boost|p2a: Biere pong|atk|2
|move|p1a: Sinistcha|Matcha Gotcha|p2a: Biere pong
|-damage|p2a: Biere pong|62/100
|-heal|p1a: Sinistcha|91/100|[from] drain|[of] p2a: Biere pong
|
|upkeep
|turn|14
|
|t:|1757929023
|move|p2a: Biere pong|Ivy Cudgel|p1a: Sinistcha|[anim] Ivy Cudgel Water
|-resisted|p1a: Sinistcha
|-damage|p1a: Sinistcha|54/100
|move|p1a: Sinistcha|Strength Sap|p2a: Biere pong
|-unboost|p2a: Biere pong|atk|1
|-heal|p1a: Sinistcha|100/100
|
|upkeep
|turn|15
|
|t:|1757929031
|switch|p2a: Aurora veil|Ninetales-Alola, M, shiny|69/100
|-weather|Snowscape|[from] ability: Snow Warning|[of] p2a: Aurora veil
|move|p1a: Sinistcha|Matcha Gotcha|p2a: Aurora veil
|-damage|p2a: Aurora veil|35/100
|
|-weather|Snowscape|[upkeep]
|upkeep
|turn|16
|
|t:|1757929042
|switch|p1a: Tinkaton|Tinkaton, F, shiny|100/100 par
|move|p2a: Aurora veil|Aurora Veil|p2a: Aurora veil
|-sidestart|p2: SparkyGoupil|move: Aurora Veil
|
|-weather|Snowscape|[upkeep]
|upkeep
|turn|17
|
|t:|1757929050
|switch|p2a: Tépapré|Jirachi, shiny|100/100
|move|p1a: Tinkaton|Stealth Rock|p2a: Tépapré
|-sidestart|p2: SparkyGoupil|move: Stealth Rock
|
|-weather|Snowscape|[upkeep]
|upkeep
|turn|18
|
|t:|1757929058
|switch|p1a: Moltres|Moltres, shiny|44/100
|move|p2a: Tépapré|Wish|p2a: Tépapré
|
|-weather|Snowscape|[upkeep]
|upkeep
|turn|19
|
|t:|1757929063
|switch|p2a: Biere pong|Ogerpon-Wellspring, F|62/100
|-damage|p2a: Biere pong|49/100|[from] Stealth Rock
|move|p1a: Moltres|Roost|p1a: Moltres
|-heal|p1a: Moltres|94/100
|-singleturn|p1a: Moltres|move: Roost
|
|-weather|none
|-heal|p2a: Biere pong|100/100|[from] move: Wish|[wisher] Tépapré
|upkeep
|turn|20
|
|t:|1757929078
|switch|p1a: Sinistcha|Sinistcha, shiny|100/100
|move|p2a: Biere pong|Swords Dance|p2a: Biere pong
|-boost|p2a: Biere pong|atk|2
|
|upkeep
|turn|21
|
|t:|1757929083
|move|p2a: Biere pong|Swords Dance|p2a: Biere pong
|-boost|p2a: Biere pong|atk|2
|move|p1a: Sinistcha|Matcha Gotcha|p2a: Biere pong
|-damage|p2a: Biere pong|80/100
|
|upkeep
|turn|22
|
|t:|1757929090
|move|p2a: Biere pong|Swords Dance|p2a: Biere pong
|-boost|p2a: Biere pong|atk|2
|move|p1a: Sinistcha|Strength Sap|p2a: Biere pong
|-unboost|p2a: Biere pong|atk|1
|
|upkeep
|turn|23
|
|t:|1757929096
|move|p2a: Biere pong|Ivy Cudgel|p1a: Sinistcha|[anim] Ivy Cudgel Water
|-resisted|p1a: Sinistcha
|-damage|p1a: Sinistcha|31/100
|move|p1a: Sinistcha|Matcha Gotcha|p2a: Biere pong
|-damage|p2a: Biere pong|62/100
|-heal|p1a: Sinistcha|39/100|[from] drain|[of] p2a: Biere pong
|
|-sideend|p2: SparkyGoupil|move: Aurora Veil
|upkeep
|turn|24
|
|t:|1757929106
|move|p2a: Biere pong|Ivy Cudgel|p1a: Sinistcha|[anim] Ivy Cudgel Water
|-resisted|p1a: Sinistcha
|-damage|p1a: Sinistcha|0 fnt
|faint|p1a: Sinistcha
|
|upkeep
|
|t:|1757929108
|switch|p1a: Landorus|Landorus-Therian, M, shiny|100/100
|-ability|p1a: Landorus|Intimidate|boost
|-unboost|p2a: Biere pong|atk|1
|turn|25
|
|t:|1757929117
|move|p1a: Landorus|U-turn|p2a: Biere pong
|-supereffective|p2a: Biere pong
|-damage|p2a: Biere pong|0 fnt
|faint|p2a: Biere pong
|
|t:|1757929125
|switch|p1a: Tinkaton|Tinkaton, F, shiny|100/100 par|[from] U-turn
|
|upkeep
|
|t:|1757929129
|switch|p2a: Aurora veil|Ninetales-Alola, M, shiny|35/100
|-damage|p2a: Aurora veil|10/100|[from] Stealth Rock
|-weather|Snowscape|[from] ability: Snow Warning|[of] p2a: Aurora veil
|turn|26
|
|t:|1757929136
|move|p2a: Aurora veil|Aurora Veil|p2a: Aurora veil
|-sidestart|p2: SparkyGoupil|move: Aurora Veil
|move|p1a: Tinkaton|Gigaton Hammer|p2a: Aurora veil
|-supereffective|p2a: Aurora veil
|-damage|p2a: Aurora veil|0 fnt
|faint|p2a: Aurora veil
|
|-weather|Snowscape|[upkeep]
|upkeep
|
|t:|1757929146
|switch|p2a: Tépapré|Jirachi, shiny|100/100
|-damage|p2a: Tépapré|94/100|[from] Stealth Rock
|turn|27
|
|t:|1757929152
|move|p2a: Tépapré|Wish|p2a: Tépapré
|move|p1a: Tinkaton|Ice Hammer|p2a: Tépapré
|-resisted|p2a: Tépapré
|-damage|p2a: Tépapré|89/100
|-unboost|p1a: Tinkaton|spe|1
|
|-weather|Snowscape|[upkeep]
|upkeep
|turn|28
|
|t:|1757929162
|move|p2a: Tépapré|Cosmic Power|p2a: Tépapré
|-boost|p2a: Tépapré|def|1
|-boost|p2a: Tépapré|spd|1
|cant|p1a: Tinkaton|par
|
|-weather|Snowscape|[upkeep]
|-heal|p2a: Tépapré|100/100|[from] move: Wish|[wisher] Tépapré
|upkeep
|turn|29
|
|t:|1757929172
|switch|p1a: Moltres|Moltres, shiny|94/100
|move|p2a: Tépapré|Cosmic Power|p2a: Tépapré
|-boost|p2a: Tépapré|def|1
|-boost|p2a: Tépapré|spd|1
|
|-weather|Snowscape|[upkeep]
|upkeep
|turn|30
|
|t:|1757929182
|move|p2a: Tépapré|Wish|p2a: Tépapré
|move|p1a: Moltres|Scorching Sands|p2a: Tépapré
|-supereffective|p2a: Tépapré
|-damage|p2a: Tépapré|95/100
|-status|p2a: Tépapré|brn
|-enditem|p2a: Tépapré|Weakness Policy
|-boost|p2a: Tépapré|atk|2|[from] item: Weakness Policy
|-boost|p2a: Tépapré|spa|2|[from] item: Weakness Policy
|
|-weather|none
|-damage|p2a: Tépapré|88/100 brn|[from] brn
|upkeep
|turn|31
|
|t:|1757929192
|move|p2a: Tépapré|Cosmic Power|p2a: Tépapré
|-boost|p2a: Tépapré|def|1
|-boost|p2a: Tépapré|spd|1
|move|p1a: Moltres|Flamethrower|p2a: Tépapré
|-supereffective|p2a: Tépapré
|-damage|p2a: Tépapré|79/100 brn
|
|-heal|p2a: Tépapré|100/100 brn|[from] move: Wish|[wisher] Tépapré
|-damage|p2a: Tépapré|94/100 brn|[from] brn
|upkeep
|turn|32
|
|t:|1757929204
|move|p2a: Tépapré|Stored Power|p1a: Moltres
|-damage|p1a: Moltres|0 fnt
|faint|p1a: Moltres
|
|-damage|p2a: Tépapré|88/100 brn|[from] brn
|upkeep
|
|t:|1757929210
|switch|p1a: Tinkaton|Tinkaton, F, shiny|100/100 par
|turn|33
|
|t:|1757929213
|move|p2a: Tépapré|Stored Power|p1a: Tinkaton
|-resisted|p1a: Tinkaton
|-damage|p1a: Tinkaton|18/100 par
|move|p1a: Tinkaton|Encore|p2a: Tépapré
|-start|p2a: Tépapré|Encore
|
|-heal|p1a: Tinkaton|24/100 par|[from] item: Leftovers
|-damage|p2a: Tépapré|82/100 brn|[from] brn
|-sideend|p2: SparkyGoupil|move: Aurora Veil
|upkeep
|turn|34
|
|t:|1757929221
|move|p2a: Tépapré|Stored Power|p1a: Tinkaton
|-resisted|p1a: Tinkaton
|-damage|p1a: Tinkaton|0 fnt
|faint|p1a: Tinkaton
|
|-damage|p2a: Tépapré|76/100 brn|[from] brn
|upkeep
|
|t:|1757929223
|switch|p1a: Hydreigon|Hydreigon, M, shiny|100/100
|turn|35
|
|t:|1757929230
|move|p1a: Hydreigon|Dark Pulse|p2a: Tépapré
|-supereffective|p2a: Tépapré
|-damage|p2a: Tépapré|47/100 brn
|move|p2a: Tépapré|Stored Power|p1a: Hydreigon
|-immune|p1a: Hydreigon
|
|-damage|p2a: Tépapré|41/100 brn|[from] brn
|upkeep
|turn|36
|
|t:|1757929239
|move|p1a: Hydreigon|Dark Pulse|p2a: Tépapré
|-supereffective|p2a: Tépapré
|-damage|p2a: Tépapré|11/100 brn
|move|p2a: Tépapré|Stored Power|p1a: Hydreigon
|-immune|p1a: Hydreigon
|
|-damage|p2a: Tépapré|5/100 brn|[from] brn
|-end|p2a: Tépapré|Encore
|upkeep
|turn|37
|
|t:|1757929249
|switch|p1a: Landorus|Landorus-Therian, M, shiny|100/100
|-ability|p1a: Landorus|Intimidate|boost
|-unboost|p2a: Tépapré|atk|1
|move|p2a: Tépapré|Wish|p2a: Tépapré
|
|-damage|p2a: Tépapré|0 fnt|[from] brn
|faint|p2a: Tépapré
|upkeep
|
|t:|1757929256
|switch|p2a: Ma femme|Hatterene, F|2/100
|-damage|p2a: Ma femme|0 fnt|[from] Stealth Rock
|faint|p2a: Ma femme
|
|win|whdjhdhx
|raw|whdjhdhx's rating: 1131 &rarr; <strong>1159</strong><br />(+28 for winning)
|raw|SparkyGoupil's rating: 1175 &rarr; <strong>1147</strong><br />(-28 for losing)
|l|☆SparkyGoupil
|player|p2|
|l|☆whdjhdhx
|player|p1|
