|j|☆flygonisdragon
|j|☆tykcd
|t:|1757905885
|gametype|singles
|player|p1|flygonisdragon|serena-masters|1642
|player|p2|tykcd|170|1714
|gen|9
|tier|[Gen 9] OU
|rated|
|rule|HP Percentage Mod: HP is shown in percentages
|rule|Endless Battle Clause: Forcing endless battles is banned
|rule|Species Clause: Limit one of each Pokémon
|rule|OHKO Clause: OHKO moves are banned
|rule|Evasion Items Clause: Evasion items are banned
|rule|Evasion Moves Clause: Evasion moves are banned
|rule|Evasion Abilities Clause: Evasion abilities are banned
|rule|Sleep Moves Clause: Sleep-inducing moves are banned
|clearpoke
|poke|p1|Cinderace, F|
|poke|p1|Rillaboom, M|
|poke|p1|Empoleon, F|
|poke|p1|Ting-Lu|
|poke|p1|Kommo-o, F|
|poke|p1|Iron Hands|
|poke|p2|Vaporeon, F|
|poke|p2|Slowking-Galar, M|
|poke|p2|Iron Valiant|
|poke|p2|Mandibuzz, F|
|poke|p2|Scizor, F|
|poke|p2|Great Tusk|
|teampreview
|c|☆tykcd|glhf
|
|t:|1757905921
|teamsize|p1|6
|teamsize|p2|6
|start
|switch|p1a: Empoleon|Empoleon, F|100/100
|switch|p2a: Scizor|Scizor, F|100/100
|turn|1
|
|t:|1757905928
|move|p2a: Scizor|Close Combat|p1a: Empoleon
|-supereffective|p1a: Empoleon
|-damage|p1a: Empoleon|0 fnt
|-unboost|p2a: Scizor|def|1
|-unboost|p2a: Scizor|spd|1
|faint|p1a: Empoleon
|
|upkeep
|inactive|Battle timer is ON: inactive players will automatically lose when time's up. (requested by tykcd)
|
|t:|1757905984
|switch|p1a: Iron Hands|Iron Hands|100/100
|turn|2
|
|t:|1757905990
|switch|p2a: Great Tusk|Great Tusk|100/100
|move|p1a: Iron Hands|Belly Drum|p1a: Iron Hands
|-damage|p1a: Iron Hands|50/100
|-setboost|p1a: Iron Hands|atk|6|[from] move: Belly Drum
|-enditem|p1a: Iron Hands|Sitrus Berry|[eat]
|-heal|p1a: Iron Hands|75/100|[from] item: Sitrus Berry
|
|upkeep
|turn|3
|
|t:|1757905995
|move|p2a: Great Tusk|Ice Spinner|p1a: Iron Hands
|-damage|p1a: Iron Hands|61/100
|move|p1a: Iron Hands|Drain Punch|p2a: Great Tusk
|-damage|p2a: Great Tusk|10/100
|-heal|p1a: Iron Hands|99/100|[from] drain|[of] p2a: Great Tusk
|-damage|p1a: Iron Hands|83/100|[from] item: Rocky Helmet|[of] p2a: Great Tusk
|
|upkeep
|turn|4
|
|t:|1757905998
|move|p2a: Great Tusk|Headlong Rush|p1a: Iron Hands
|-supereffective|p1a: Iron Hands
|-damage|p1a: Iron Hands|12/100
|-unboost|p2a: Great Tusk|def|1
|-unboost|p2a: Great Tusk|spd|1
|move|p1a: Iron Hands|Drain Punch|p2a: Great Tusk
|-damage|p2a: Great Tusk|0 fnt
|-heal|p1a: Iron Hands|16/100|[from] drain|[of] p2a: Great Tusk
|-damage|p1a: Iron Hands|0 fnt|[from] item: Rocky Helmet|[of] p2a: Great Tusk
|faint|p2a: Great Tusk
|-end|p2a: Great Tusk|Protosynthesis|[silent]
|faint|p1a: Iron Hands
|-end|p1a: Iron Hands|Quark Drive|[silent]
|
|upkeep
|
|t:|1757906010
|switch|p2a: Scizor|Scizor, F|100/100
|switch|p1a: Cinderace|Cinderace, F|100/100
|turn|5
|
|t:|1757906014
|switch|p2a: Mandibuzz|Mandibuzz, F|100/100
|move|p1a: Cinderace|Pyro Ball|p2a: Mandibuzz
|-damage|p2a: Mandibuzz|74/100
|
|upkeep
|turn|6
|
|t:|1757906017
|move|p1a: Cinderace|Will-O-Wisp|p2a: Mandibuzz
|-status|p2a: Mandibuzz|brn
|move|p2a: Mandibuzz|Foul Play|p1a: Cinderace
|-damage|p1a: Cinderace|76/100
|
|-damage|p2a: Mandibuzz|68/100 brn|[from] brn
|upkeep
|turn|7
|
|t:|1757906030
|move|p1a: Cinderace|Pyro Ball|p2a: Mandibuzz
|-damage|p2a: Mandibuzz|38/100 brn
|move|p2a: Mandibuzz|Roost|p2a: Mandibuzz
|-heal|p2a: Mandibuzz|88/100 brn
|-singleturn|p2a: Mandibuzz|move: Roost
|
|-damage|p2a: Mandibuzz|82/100 brn|[from] brn
|upkeep
|turn|8
|
|t:|1757906034
|move|p1a: Cinderace|U-turn|p2a: Mandibuzz
|-damage|p2a: Mandibuzz|72/100 brn
|inactive|flygonisdragon has 120 seconds left.
|
|t:|1757906078
|switch|p1a: Kommo-o|Kommo-o, F|100/100|[from] U-turn
|move|p2a: Mandibuzz|Toxic|p1a: Kommo-o
|-status|p1a: Kommo-o|tox
|
|-damage|p1a: Kommo-o|94/100 tox|[from] psn
|-damage|p2a: Mandibuzz|65/100 brn|[from] brn
|upkeep
|turn|9
|inactive|flygonisdragon has 120 seconds left.
|-message|flygonisdragon forfeited.
|
|win|tykcd
|raw|flygonisdragon's rating: 1642 &rarr; <strong>1626</strong><br />(-16 for losing)
|raw|tykcd's rating: 1714 &rarr; <strong>1730</strong><br />(+16 for winning)
|l|☆flygonisdragon
|player|p1|
|l|☆tykcd
|player|p2|
