|j|☆miroanzhui
|j|☆Sungrace
|t:|1757859344
|gametype|singles
|player|p1|miroanzhui|265|1111
|player|p2|Sungrace|swimmerf|1071
|gen|9
|tier|[Gen 9] OU
|rated|
|rule|HP Percentage Mod: HP is shown in percentages
|rule|Endless Battle Clause: Forcing endless battles is banned
|rule|Species Clause: Limit one of each Pokémon
|rule|OHKO Clause: OHKO moves are banned
|rule|Evasion Items Clause: Evasion items are banned
|rule|Evasion Moves Clause: Evasion moves are banned
|rule|Evasion Abilities Clause: Evasion abilities are banned
|rule|Sleep Moves Clause: Sleep-inducing moves are banned
|clearpoke
|poke|p1|Carbink|
|poke|p1|Dragonite, M|
|poke|p1|Skeledirge, M|
|poke|p1|Grimmsnarl, M|
|poke|p1|Gliscor, F|
|poke|p1|Scizor, F|
|poke|p2|Lilligant-Hisui, F|
|poke|p2|Ninetales, F|
|poke|p2|Florges-Yellow, F|
|poke|p2|Araquanid, F|
|poke|p2|Kingambit, F|
|poke|p2|Pecharunt|
|teampreview
|
|t:|1757859370
|teamsize|p1|6
|teamsize|p2|6
|start
|switch|p1a: Carbink|Carbink|100/100
|switch|p2a: Surskit-Alola|Araquanid, F, shiny|100/100
|turn|1
|inactive|Battle timer is ON: inactive players will automatically lose when time's up. (requested by Sungrace)
|
|t:|1757859381
|move|p2a: Surskit-Alola|Sticky Web|p1a: Carbink
|-sidestart|p1: miroanzhui|move: Sticky Web
|move|p1a: Carbink|Trick Room|p1a: Carbink
|-fieldstart|move: Trick Room|[of] p1a: Carbink
|
|upkeep
|turn|2
|
|t:|1757859388
|move|p2a: Surskit-Alola|Surf|p1a: Carbink
|-supereffective|p1a: Carbink
|-damage|p1a: Carbink|17/100
|move|p1a: Carbink|Body Press|p2a: Surskit-Alola
|-resisted|p2a: Surskit-Alola
|-damage|p2a: Surskit-Alola|83/100
|
|upkeep
|turn|3
|
|t:|1757859396
|move|p2a: Surskit-Alola|Surf|p1a: Carbink
|-supereffective|p1a: Carbink
|-damage|p1a: Carbink|0 fnt
|faint|p1a: Carbink
|
|upkeep
|
|t:|1757859410
|switch|p1a: Grimmsnarl|Grimmsnarl, M|100/100
|-activate|p1a: Grimmsnarl|move: Sticky Web
|-unboost|p1a: Grimmsnarl|spe|1
|turn|4
|
|t:|1757859415
|move|p1a: Grimmsnarl|Light Screen|p1a: Grimmsnarl
|-sidestart|p1: miroanzhui|move: Light Screen
|move|p2a: Surskit-Alola|Infestation|p1a: Grimmsnarl
|-damage|p1a: Grimmsnarl|98/100
|-activate|p1a: Grimmsnarl|move: Infestation|[of] p2a: Surskit-Alola
|
|-damage|p1a: Grimmsnarl|86/100|[from] move: Infestation|[partiallytrapped]
|upkeep
|turn|5
|
|t:|1757859424
|move|p1a: Grimmsnarl|Parting Shot|p2a: Surskit-Alola
|-unboost|p2a: Surskit-Alola|atk|1
|-unboost|p2a: Surskit-Alola|spa|1
|
|t:|1757859432
|switch|p1a: Scizor|Scizor, F|100/100|[from] Parting Shot
|-activate|p1a: Scizor|move: Sticky Web
|-unboost|p1a: Scizor|spe|1
|move|p2a: Surskit-Alola|Surf|p1a: Scizor
|-damage|p1a: Scizor|78/100
|
|-fieldend|move: Trick Room
|upkeep
|turn|6
|
|t:|1757859445
|switch|p2a: Venomoth-Paldea|Pecharunt|100/100
|-terastallize|p1a: Scizor|Steel
|move|p1a: Scizor|Bullet Punch|p2a: Venomoth-Paldea
|-damage|p2a: Venomoth-Paldea|58/100
|
|-heal|p2a: Venomoth-Paldea|64/100|[from] item: Leftovers
|upkeep
|turn|7
|
|t:|1757859455
|move|p1a: Scizor|Bullet Punch|p2a: Venomoth-Paldea
|-damage|p2a: Venomoth-Paldea|26/100
|move|p2a: Venomoth-Paldea|Parting Shot|p1a: Scizor
|-unboost|p1a: Scizor|atk|1
|-unboost|p1a: Scizor|spa|1
|
|t:|1757859461
|switch|p2a: Angel|Ninetales, F, shiny|100/100|[from] Parting Shot
|-weather|SunnyDay|[from] ability: Drought|[of] p2a: Angel
|
|-weather|SunnyDay|[upkeep]
|upkeep
|turn|8
|
|t:|1757859473
|switch|p1a: Grimmsnarl|Grimmsnarl, M|86/100
|-activate|p1a: Grimmsnarl|move: Sticky Web
|-unboost|p1a: Grimmsnarl|spe|1
|move|p2a: Angel|Weather Ball|p1a: Grimmsnarl
|-damage|p1a: Grimmsnarl|59/100
|
|-weather|SunnyDay|[upkeep]
|upkeep
|turn|9
|
|t:|1757859486
|move|p2a: Angel|Encore||[still]
|-fail|p2a: Angel
|move|p1a: Grimmsnarl|Spirit Break|p2a: Angel
|-resisted|p2a: Angel
|-damage|p2a: Angel|78/100
|-unboost|p2a: Angel|spa|1
|
|-weather|SunnyDay|[upkeep]
|upkeep
|turn|10
|
|t:|1757859496
|move|p1a: Grimmsnarl|Parting Shot|p2a: Angel
|-unboost|p2a: Angel|atk|1
|-unboost|p2a: Angel|spa|1
|
|t:|1757859500
|switch|p1a: Skeledirge|Skeledirge, M|100/100|[from] Parting Shot
|-activate|p1a: Skeledirge|move: Sticky Web
|-unboost|p1a: Skeledirge|spe|1
|move|p2a: Angel|Encore||[still]
|-fail|p2a: Angel
|
|-weather|SunnyDay|[upkeep]
|upkeep
|turn|11
|
|t:|1757859514
|switch|p2a: Surskit-Alola|Araquanid, F, shiny|83/100
|move|p1a: Skeledirge|Torch Song|p2a: Surskit-Alola
|-damage|p2a: Surskit-Alola|59/100
|-boost|p1a: Skeledirge|spa|1
|
|-weather|none
|-sideend|p1: miroanzhui|move: Light Screen
|upkeep
|turn|12
|
|t:|1757859528
|switch|p1a: Grimmsnarl|Grimmsnarl, M|59/100
|-activate|p1a: Grimmsnarl|move: Sticky Web
|-unboost|p1a: Grimmsnarl|spe|1
|move|p2a: Surskit-Alola|Mirror Coat||[still]
|-fail|p2a: Surskit-Alola
|
|upkeep
|turn|13
|
|t:|1757859536
|move|p1a: Grimmsnarl|Parting Shot|p2a: Surskit-Alola
|-unboost|p2a: Surskit-Alola|atk|1
|-unboost|p2a: Surskit-Alola|spa|1
|
|t:|1757859540
|switch|p1a: Scizor|Scizor, F, tera:Steel|78/100|[from] Parting Shot
|-activate|p1a: Scizor|move: Sticky Web
|-unboost|p1a: Scizor|spe|1
|move|p2a: Surskit-Alola|Surf|p1a: Scizor
|-damage|p1a: Scizor|33/100
|
|upkeep
|turn|14
|
|t:|1757859549
|move|p1a: Scizor|Bullet Punch|p2a: Surskit-Alola
|-resisted|p2a: Surskit-Alola
|-damage|p2a: Surskit-Alola|24/100
|move|p2a: Surskit-Alola|Surf|p1a: Scizor
|-damage|p1a: Scizor|0 fnt
|faint|p1a: Scizor
|
|upkeep
|
|t:|1757859561
|switch|p1a: Skeledirge|Skeledirge, M|100/100
|-activate|p1a: Skeledirge|move: Sticky Web
|-unboost|p1a: Skeledirge|spe|1
|turn|15
|
|t:|1757859567
|move|p1a: Skeledirge|Hex|p2a: Surskit-Alola
|-damage|p2a: Surskit-Alola|0 fnt
|faint|p2a: Surskit-Alola
|
|upkeep
|
|t:|1757859580
|switch|p2a: Dawnbloom|Florges-Yellow, F, shiny|100/100
|turn|16
|
|t:|1757859584
|move|p2a: Dawnbloom|Calm Mind|p2a: Dawnbloom
|-boost|p2a: Dawnbloom|spa|1
|-boost|p2a: Dawnbloom|spd|1
|move|p1a: Skeledirge|Torch Song|p2a: Dawnbloom
|-damage|p2a: Dawnbloom|72/100
|-boost|p1a: Skeledirge|spa|1
|
|-heal|p2a: Dawnbloom|78/100|[from] item: Leftovers
|upkeep
|turn|17
|
|t:|1757859598
|move|p2a: Dawnbloom|Psychic Noise|p1a: Skeledirge
|-damage|p1a: Skeledirge|79/100
|-start|p1a: Skeledirge|move: Heal Block
|move|p1a: Skeledirge|Will-O-Wisp|p2a: Dawnbloom
|-status|p2a: Dawnbloom|brn
|
|-heal|p2a: Dawnbloom|84/100 brn|[from] item: Leftovers
|-damage|p2a: Dawnbloom|78/100 brn|[from] brn
|upkeep
|turn|18
|
|t:|1757859610
|switch|p2a: Venomoth-Paldea|Pecharunt|26/100
|move|p1a: Skeledirge|Hex|p2a: Venomoth-Paldea
|-supereffective|p2a: Venomoth-Paldea
|-damage|p2a: Venomoth-Paldea|0 fnt
|faint|p2a: Venomoth-Paldea
|
|-end|p1a: Skeledirge|move: Heal Block
|upkeep
|
|t:|1757859616
|switch|p2a: O-O-O#|Kingambit, F, shiny|100/100
|-activate|p2a: O-O-O#|ability: Supreme Overlord
|-start|p2a: O-O-O#|fallen2|[silent]
|-item|p2a: O-O-O#|Air Balloon
|turn|19
|
|t:|1757859624
|move|p2a: O-O-O#|Kowtow Cleave|p1a: Skeledirge
|-supereffective|p1a: Skeledirge
|-damage|p1a: Skeledirge|0 fnt
|faint|p1a: Skeledirge
|
|upkeep
|
|t:|1757859632
|switch|p1a: Grimmsnarl|Grimmsnarl, M|59/100
|-activate|p1a: Grimmsnarl|move: Sticky Web
|-unboost|p1a: Grimmsnarl|spe|1
|turn|20
|
|t:|1757859640
|move|p1a: Grimmsnarl|Reflect|p1a: Grimmsnarl
|-sidestart|p1: miroanzhui|Reflect
|move|p2a: O-O-O#|Iron Head|p1a: Grimmsnarl
|-supereffective|p1a: Grimmsnarl
|-damage|p1a: Grimmsnarl|0 fnt
|faint|p1a: Grimmsnarl
|
|upkeep
|
|t:|1757859647
|switch|p1a: Dragonite|Dragonite, M|100/100
|turn|21
|
|t:|1757859651
|move|p1a: Dragonite|Dragon Dance|p1a: Dragonite
|-boost|p1a: Dragonite|atk|1
|-boost|p1a: Dragonite|spe|1
|move|p2a: O-O-O#|Kowtow Cleave|p1a: Dragonite
|-damage|p1a: Dragonite|86/100
|
|upkeep
|turn|22
|
|t:|1757859658
|move|p1a: Dragonite|Dragon Dance|p1a: Dragonite
|-boost|p1a: Dragonite|atk|1
|-boost|p1a: Dragonite|spe|1
|move|p2a: O-O-O#|Kowtow Cleave|p1a: Dragonite
|-damage|p1a: Dragonite|55/100
|
|upkeep
|turn|23
|
|t:|1757859666
|move|p1a: Dragonite|Roost|p1a: Dragonite
|-heal|p1a: Dragonite|100/100
|-singleturn|p1a: Dragonite|move: Roost
|move|p2a: O-O-O#|Kowtow Cleave|p1a: Dragonite
|-damage|p1a: Dragonite|86/100
|
|upkeep
|turn|24
|
|t:|1757859674
|move|p1a: Dragonite|Dragon Dance|p1a: Dragonite
|-boost|p1a: Dragonite|atk|1
|-boost|p1a: Dragonite|spe|1
|move|p2a: O-O-O#|Kowtow Cleave|p1a: Dragonite
|-damage|p1a: Dragonite|55/100
|
|upkeep
|turn|25
|
|t:|1757859681
|move|p1a: Dragonite|Roost|p1a: Dragonite
|-heal|p1a: Dragonite|100/100
|-singleturn|p1a: Dragonite|move: Roost
|move|p2a: O-O-O#|Kowtow Cleave|p1a: Dragonite
|-damage|p1a: Dragonite|85/100
|
|upkeep
|turn|26
|
|t:|1757859689
|move|p1a: Dragonite|Scale Shot|p2a: O-O-O#|[miss]
|-miss|p1a: Dragonite|p2a: O-O-O#
|move|p2a: O-O-O#|Kowtow Cleave|p1a: Dragonite
|-damage|p1a: Dragonite|57/100
|
|upkeep
|turn|27
|inactive|Sungrace has 120 seconds left.
|
|t:|1757859724
|move|p1a: Dragonite|Roost|p1a: Dragonite
|-heal|p1a: Dragonite|100/100
|-singleturn|p1a: Dragonite|move: Roost
|move|p2a: O-O-O#|Kowtow Cleave|p1a: Dragonite
|-damage|p1a: Dragonite|86/100
|
|-sideend|p1: miroanzhui|Reflect
|upkeep
|turn|28
|
|t:|1757859736
|move|p1a: Dragonite|Scale Shot|p2a: O-O-O#
|-resisted|p2a: O-O-O#
|-damage|p2a: O-O-O#|85/100
|-enditem|p2a: O-O-O#|Air Balloon
|-resisted|p2a: O-O-O#
|-damage|p2a: O-O-O#|70/100
|-resisted|p2a: O-O-O#
|-damage|p2a: O-O-O#|55/100
|-hitcount|p2a: O-O-O#|3
|-unboost|p1a: Dragonite|def|1
|-boost|p1a: Dragonite|spe|1
|move|p2a: O-O-O#|Kowtow Cleave|p1a: Dragonite
|-damage|p1a: Dragonite|0 fnt
|faint|p1a: Dragonite
|
|upkeep
|c|☆Sungrace|took you a while
|
|t:|1757859750
|switch|p1a: Gliscor|Gliscor, F|100/100
|turn|29
|inactive|Sungrace has 120 seconds left.
|-message|miroanzhui forfeited.
|
|win|Sungrace
|raw|miroanzhui's rating: 1111 &rarr; <strong>1083</strong><br />(-28 for losing)
|raw|Sungrace's rating: 1071 &rarr; <strong>1104</strong><br />(+33 for winning)
|l|☆miroanzhui
|player|p1|
|l|☆Sungrace
|player|p2|
