|j|☆RexTheflex
|j|☆KingPuffin5
|t:|1757810191
|gametype|singles
|player|p1|RexTheflex|169|1122
|player|p2|KingPuffin5|101|1108
|gen|9
|tier|[Gen 9] OU
|rated|
|rule|HP Percentage Mod: HP is shown in percentages
|rule|Endless Battle Clause: Forcing endless battles is banned
|rule|Species Clause: Limit one of each Pokémon
|rule|OHKO Clause: OHKO moves are banned
|rule|Evasion Items Clause: Evasion items are banned
|rule|Evasion Moves Clause: Evasion moves are banned
|rule|Evasion Abilities Clause: Evasion abilities are banned
|rule|Sleep Moves Clause: Sleep-inducing moves are banned
|clearpoke
|poke|p1|Ceruledge, F|
|poke|p1|Clefable, M|
|poke|p1|Garganacl, F|
|poke|p1|Glimmora, M|
|poke|p1|Greninja-*, M|
|poke|p1|Metagross|
|poke|p2|Dragapult, F|
|poke|p2|Ditto|
|poke|p2|Lechonk, M|
|poke|p2|Gholdengo|
|poke|p2|Alomomola, F|
|poke|p2|Moltres-Galar|
|teampreview
|c|☆KingPuffin5|GLHF
|
|t:|1757810227
|teamsize|p1|6
|teamsize|p2|6
|start
|switch|p1a: Ceruledge|Ceruledge, F, shiny|100/100
|switch|p2a: Adorable Smile|Ditto, shiny|100/100
|-transform|p2a: Adorable Smile|p1a: Ceruledge|[from] ability: Imposter
|turn|1
|
|t:|1757810251
|move|p1a: Ceruledge|Endure|p1a: Ceruledge
|-singleturn|p1a: Ceruledge|move: Endure
|move|p2a: Adorable Smile|Shadow Claw|p1a: Ceruledge
|-supereffective|p1a: Ceruledge
|-damage|p1a: Ceruledge|2/100
|-ability|p1a: Ceruledge|Weak Armor|boost
|-unboost|p1a: Ceruledge|def|1
|-boost|p1a: Ceruledge|spe|2
|-enditem|p1a: Ceruledge|Salac Berry|[eat]
|-boost|p1a: Ceruledge|spe|1|[from] item: Salac Berry
|
|upkeep
|turn|2
|
|t:|1757810268
|switch|p2a: Palendrome|Alomomola, F, shiny|100/100
|move|p1a: Ceruledge|Swords Dance|p1a: Ceruledge
|-boost|p1a: Ceruledge|atk|2
|
|upkeep
|turn|3
|
|t:|1757810284
|move|p1a: Ceruledge|Shadow Claw|p2a: Palendrome
|-damage|p2a: Palendrome|66/100
|move|p2a: Palendrome|Hydro Pump|p1a: Ceruledge
|-supereffective|p1a: Ceruledge
|-damage|p1a: Ceruledge|0 fnt
|faint|p1a: Ceruledge
|
|-heal|p2a: Palendrome|72/100|[from] item: Leftovers
|upkeep
|
|t:|1757810295
|switch|p1a: Glimmora|Glimmora, M, shiny|100/100
|-item|p1a: Glimmora|Air Balloon
|turn|4
|
|t:|1757810300
|move|p1a: Glimmora|Energy Ball|p2a: Palendrome
|-supereffective|p2a: Palendrome
|-damage|p2a: Palendrome|2/100
|move|p2a: Palendrome|Aqua Ring|p2a: Palendrome
|-start|p2a: Palendrome|Aqua Ring
|
|-heal|p2a: Palendrome|8/100|[from] item: Leftovers
|-heal|p2a: Palendrome|15/100|[from] Aqua Ring
|upkeep
|turn|5
|
|t:|1757810313
|move|p2a: Palendrome|Protect|p2a: Palendrome
|-singleturn|p2a: Palendrome|Protect
|move|p1a: Glimmora|Energy Ball|p2a: Palendrome
|-activate|p2a: Palendrome|move: Protect
|
|-heal|p2a: Palendrome|21/100|[from] item: Leftovers
|-heal|p2a: Palendrome|27/100|[from] Aqua Ring
|upkeep
|turn|6
|
|t:|1757810329
|switch|p2a: Band for Band|Gholdengo, shiny|100/100
|move|p1a: Glimmora|Energy Ball|p2a: Band for Band
|-resisted|p2a: Band for Band
|-damage|p2a: Band for Band|81/100
|
|upkeep
|turn|7
|
|t:|1757810341
|switch|p1a: Metagross|Metagross|100/100
|move|p2a: Band for Band|Nasty Plot|p2a: Band for Band
|-boost|p2a: Band for Band|spa|2
|
|upkeep
|turn|8
|
|t:|1757810353
|-terastallize|p1a: Metagross|Flying
|move|p2a: Band for Band|Shadow Ball|p1a: Metagross
|-damage|p1a: Metagross|0 fnt
|faint|p1a: Metagross
|-damage|p2a: Band for Band|72/100|[from] item: Life Orb
|
|upkeep
|
|t:|1757810368
|switch|p1a: Greninja|Greninja, M, shiny|100/100
|turn|9
|
|t:|1757810386
|move|p1a: Greninja|Dark Pulse|p2a: Band for Band
|-start|p1a: Greninja|typechange|Dark|[from] ability: Protean
|-supereffective|p2a: Band for Band
|-damage|p2a: Band for Band|0 fnt
|faint|p2a: Band for Band
|
|upkeep
|
|t:|1757810394
|switch|p2a: Adorable Smile|Ditto, shiny|100/100
|-transform|p2a: Adorable Smile|p1a: Greninja|[from] ability: Imposter
|turn|10
|
|t:|1757810413
|switch|p1a: Garganacl|Garganacl, F, shiny|100/100
|move|p2a: Adorable Smile|Water Shuriken|p1a: Garganacl
|-start|p2a: Adorable Smile|typechange|Water|[from] ability: Protean
|-supereffective|p1a: Garganacl
|-damage|p1a: Garganacl|90/100
|-supereffective|p1a: Garganacl
|-damage|p1a: Garganacl|79/100
|-hitcount|p1a: Garganacl|2
|
|upkeep
|turn|11
|
|t:|1757810425
|move|p2a: Adorable Smile|Water Shuriken|p1a: Garganacl
|-supereffective|p1a: Garganacl
|-damage|p1a: Garganacl|69/100
|-supereffective|p1a: Garganacl
|-damage|p1a: Garganacl|57/100
|-supereffective|p1a: Garganacl
|-damage|p1a: Garganacl|45/100
|-enditem|p1a: Garganacl|Sitrus Berry|[eat]
|-heal|p1a: Garganacl|70/100|[from] item: Sitrus Berry
|-hitcount|p1a: Garganacl|3
|move|p1a: Garganacl|Curse|p1a: Garganacl
|-unboost|p1a: Garganacl|spe|1
|-boost|p1a: Garganacl|atk|1
|-boost|p1a: Garganacl|def|1
|
|upkeep
|turn|12
|
|t:|1757810443
|move|p2a: Adorable Smile|Water Shuriken|p1a: Garganacl
|-supereffective|p1a: Garganacl
|-damage|p1a: Garganacl|60/100
|-supereffective|p1a: Garganacl
|-damage|p1a: Garganacl|49/100
|-hitcount|p1a: Garganacl|2
|move|p1a: Garganacl|Salt Cure|p2a: Adorable Smile
|-damage|p2a: Adorable Smile|64/100
|-start|p2a: Adorable Smile|Salt Cure
|
|-damage|p2a: Adorable Smile|39/100|[from] Salt Cure
|upkeep
|turn|13
|
|t:|1757810454
|switch|p2a: Palendrome|Alomomola, F, shiny|60/100
|move|p1a: Garganacl|Stealth Rock|p2a: Palendrome
|-sidestart|p2: KingPuffin5|move: Stealth Rock
|
|-heal|p2a: Palendrome|66/100|[from] item: Leftovers
|upkeep
|turn|14
|
|t:|1757810465
|move|p2a: Palendrome|Hydro Pump|p1a: Garganacl
|-supereffective|p1a: Garganacl
|-damage|p1a: Garganacl|21/100
|move|p1a: Garganacl|Salt Cure|p2a: Palendrome
|-damage|p2a: Palendrome|54/100
|-start|p2a: Palendrome|Salt Cure
|
|-heal|p2a: Palendrome|60/100|[from] item: Leftovers
|-damage|p2a: Palendrome|35/100|[from] Salt Cure
|upkeep
|turn|15
|
|t:|1757810478
|move|p2a: Palendrome|Hydro Pump|p1a: Garganacl
|-supereffective|p1a: Garganacl
|-damage|p1a: Garganacl|0 fnt
|faint|p1a: Garganacl
|
|-heal|p2a: Palendrome|41/100|[from] item: Leftovers
|-damage|p2a: Palendrome|16/100|[from] Salt Cure
|upkeep
|
|t:|1757810487
|switch|p1a: Clefable|Clefable, M|100/100
|turn|16
|
|t:|1757810491
|switch|p2a: Moltres-Kanto|Moltres-Galar, shiny|100/100
|-damage|p2a: Moltres-Kanto|76/100|[from] Stealth Rock
|move|p1a: Clefable|Calm Mind|p1a: Clefable
|-boost|p1a: Clefable|spa|1
|-boost|p1a: Clefable|spd|1
|
|upkeep
|turn|17
|
|t:|1757810510
|move|p2a: Moltres-Kanto|Nasty Plot|p2a: Moltres-Kanto
|-boost|p2a: Moltres-Kanto|spa|2
|-enditem|p1a: Clefable|Mirror Herb
|-boost|p1a: Clefable|spa|2|[from] item: Mirror Herb
|move|p1a: Clefable|Calm Mind|p1a: Clefable
|-boost|p1a: Clefable|spa|1
|-boost|p1a: Clefable|spd|1
|
|upkeep
|turn|18
|
|t:|1757810525
|move|p2a: Moltres-Kanto|Air Slash|p1a: Clefable
|-damage|p1a: Clefable|80/100
|cant|p1a: Clefable|flinch
|
|upkeep
|turn|19
|
|t:|1757810532
|move|p2a: Moltres-Kanto|Air Slash|p1a: Clefable
|-damage|p1a: Clefable|59/100
|move|p1a: Clefable|Draining Kiss|p2a: Moltres-Kanto
|-supereffective|p2a: Moltres-Kanto
|-damage|p2a: Moltres-Kanto|0 fnt
|-heal|p1a: Clefable|100/100|[from] drain|[of] p2a: Moltres-Kanto
|faint|p2a: Moltres-Kanto
|
|upkeep
|
|t:|1757810539
|switch|p2a: Adorable Smile|Ditto, shiny|39/100
|-damage|p2a: Adorable Smile|27/100|[from] Stealth Rock
|-transform|p2a: Adorable Smile|p1a: Clefable|[from] ability: Imposter
|turn|20
|
|t:|1757810547
|move|p2a: Adorable Smile|Stored Power|p1a: Clefable
|-damage|p1a: Clefable|69/100
|move|p1a: Clefable|Stored Power|p2a: Adorable Smile
|-damage|p2a: Adorable Smile|0 fnt
|faint|p2a: Adorable Smile
|
|upkeep
|
|t:|1757810554
|switch|p2a: LE CHONKI BOI|Lechonk, M, shiny|100/100
|-damage|p2a: LE CHONKI BOI|88/100|[from] Stealth Rock
|turn|21
|
|t:|1757810561
|move|p1a: Clefable|Reflect|p1a: Clefable
|-sidestart|p1: RexTheflex|Reflect
|move|p2a: LE CHONKI BOI|Stuff Cheeks|p2a: LE CHONKI BOI
|-boost|p2a: LE CHONKI BOI|def|2
|-enditem|p2a: LE CHONKI BOI|Starf Berry|[eat]
|-boost|p2a: LE CHONKI BOI|spe|2|[from] item: Starf Berry
|
|upkeep
|turn|22
|
|t:|1757810578
|move|p2a: LE CHONKI BOI|Endeavor|p1a: Clefable
|-immune|p1a: Clefable
|move|p1a: Clefable|Calm Mind|p1a: Clefable
|-boost|p1a: Clefable|spa|1
|-boost|p1a: Clefable|spd|1
|
|upkeep
|turn|23
|
|t:|1757810586
|move|p2a: LE CHONKI BOI|Bulldoze|p1a: Clefable
|-damage|p1a: Clefable|63/100
|-unboost|p1a: Clefable|spe|1
|move|p1a: Clefable|Draining Kiss|p2a: LE CHONKI BOI
|-damage|p2a: LE CHONKI BOI|0 fnt
|-heal|p1a: Clefable|100/100|[from] drain|[of] p2a: LE CHONKI BOI
|faint|p2a: LE CHONKI BOI
|
|upkeep
|
|t:|1757810595
|switch|p2a: Formula 1|Dragapult, F, shiny|100/100
|-damage|p2a: Formula 1|88/100|[from] Stealth Rock
|turn|24
|
|t:|1757810608
|-terastallize|p2a: Formula 1|Fighting
|move|p2a: Formula 1|Tera Blast|p1a: Clefable|[anim] Tera Blast Fighting
|-resisted|p1a: Clefable
|-damage|p1a: Clefable|94/100
|-damage|p2a: Formula 1|78/100|[from] item: Life Orb
|move|p1a: Clefable|Draining Kiss|p2a: Formula 1
|-supereffective|p2a: Formula 1
|-damage|p2a: Formula 1|0 fnt
|-heal|p1a: Clefable|100/100|[from] drain|[of] p2a: Formula 1
|faint|p2a: Formula 1
|
|upkeep
|
|t:|1757810622
|switch|p2a: Palendrome|Alomomola, F, shiny|50/100
|-damage|p2a: Palendrome|37/100|[from] Stealth Rock
|turn|25
|
|t:|1757810626
|move|p2a: Palendrome|Wish|p2a: Palendrome
|move|p1a: Clefable|Stored Power|p2a: Palendrome
|-damage|p2a: Palendrome|0 fnt
|faint|p2a: Palendrome
|
|win|RexTheflex
|raw|RexTheflex's rating: 1122 &rarr; <strong>1146</strong><br />(+24 for winning)
|raw|KingPuffin5's rating: 1108 &rarr; <strong>1084</strong><br />(-24 for losing)
|l|☆RexTheflex
|player|p1|
|c|☆KingPuffin5|GG
|l|☆KingPuffin5
|player|p2|
