|j|☆Albertsux2007
|j|☆Peregrine_ST
|t:|1757886953
|gametype|singles
|player|p1|Albertsux2007|camper|1479
|player|p2|Peregrine_ST|101|1423
|gen|9
|tier|[Gen 9] OU
|rated|
|rule|HP Percentage Mod: HP is shown in percentages
|rule|Endless Battle Clause: Forcing endless battles is banned
|rule|Species Clause: Limit one of each Pokémon
|rule|OHKO Clause: OHKO moves are banned
|rule|Evasion Items Clause: Evasion items are banned
|rule|Evasion Moves Clause: Evasion moves are banned
|rule|Evasion Abilities Clause: Evasion abilities are banned
|rule|Sleep Moves Clause: Sleep-inducing moves are banned
|clearpoke
|poke|p1|Gardevoir, M|
|poke|p1|Ogerpon-Wellspring, F|
|poke|p1|Glimmora, F|
|poke|p1|Gliscor, M|
|poke|p1|Zamazenta-*|
|poke|p1|Dragonite, M|
|poke|p2|Raging Bolt|
|poke|p2|Great Tusk|
|poke|p2|Clefable, M|
|poke|p2|Dragonite, F|
|poke|p2|Garganacl, M|
|poke|p2|Dragapult, F|
|teampreview
|
|t:|1757886961
|teamsize|p1|6
|teamsize|p2|6
|start
|switch|p1a: Gardevoir|Gardevoir, M|100/100
|switch|p2a: Dragapult|Dragapult, F|100/100
|-ability|p1a: Gardevoir|Infiltrator|Trace|[from] ability: Trace|[of] p2a: Dragapult
|turn|1
|
|t:|1757886968
|move|p1a: Gardevoir|Psychic|p2a: Dragapult
|-damage|p2a: Dragapult|40/100
|move|p2a: Dragapult|U-turn|p1a: Gardevoir
|-damage|p1a: Gardevoir|72/100
|
|t:|1757886979
|switch|p2a: Clefable|Clefable, M|100/100|[from] U-turn
|
|upkeep
|turn|2
|
|t:|1757886992
|switch|p1a: Glimmora|Glimmora, F|100/100
|move|p2a: Clefable|Moonblast|p1a: Glimmora
|-resisted|p1a: Glimmora
|-damage|p1a: Glimmora|79/100
|
|upkeep
|turn|3
|
|t:|1757887000
|move|p1a: Glimmora|Stealth Rock|p2a: Clefable
|-sidestart|p2: Peregrine_ST|move: Stealth Rock
|move|p2a: Clefable|Stealth Rock|p1a: Glimmora
|-sidestart|p1: Albertsux2007|move: Stealth Rock
|
|upkeep
|turn|4
|
|t:|1757887005
|move|p1a: Glimmora|Mortal Spin|p2a: Clefable
|-supereffective|p2a: Clefable
|-damage|p2a: Clefable|86/100
|-status|p2a: Clefable|psn
|-sideend|p1: Albertsux2007|Stealth Rock|[from] move: Mortal Spin|[of] p1a: Glimmora
|move|p2a: Clefable|Wish|p2a: Clefable
|
|-heal|p2a: Clefable|92/100 psn|[from] item: Leftovers
|upkeep
|turn|5
|
|t:|1757887014
|switch|p2a: Dragapult|Dragapult, F|40/100
|-damage|p2a: Dragapult|28/100|[from] Stealth Rock
|move|p1a: Glimmora|Earth Power|p2a: Dragapult
|-damage|p2a: Dragapult|0 fnt
|faint|p2a: Dragapult
|
|upkeep
|inactive|Battle timer is ON: inactive players will automatically lose when time's up. (requested by Albertsux2007)
|
|t:|1757887021
|switch|p2a: Great Tusk|Great Tusk|100/100
|turn|6
|
|t:|1757887029
|switch|p1a: Zamazenta|Zamazenta|100/100
|-ability|p1a: Zamazenta|Dauntless Shield|boost
|-boost|p1a: Zamazenta|def|1
|move|p2a: Great Tusk|Rapid Spin|p1a: Zamazenta
|-damage|p1a: Zamazenta|89/100
|-boost|p2a: Great Tusk|spe|1
|-sideend|p2: Peregrine_ST|Stealth Rock|[from] move: Rapid Spin|[of] p2a: Great Tusk
|
|upkeep
|turn|7
|
|t:|1757887037
|switch|p1a: Gliscor|Gliscor, M|100/100
|move|p2a: Great Tusk|Knock Off|p1a: Gliscor
|-damage|p1a: Gliscor|72/100
|-enditem|p1a: Gliscor|Toxic Orb|[from] move: Knock Off|[of] p2a: Great Tusk
|
|upkeep
|turn|8
|
|t:|1757887041
|move|p2a: Great Tusk|Ice Spinner|p1a: Gliscor
|-supereffective|p1a: Gliscor
|-damage|p1a: Gliscor|0 fnt
|faint|p1a: Gliscor
|
|upkeep
|
|t:|1757887047
|switch|p1a: Ogerpon|Ogerpon-Wellspring, F|100/100
|turn|9
|
|t:|1757887055
|-end|p2a: Great Tusk|Protosynthesis|[silent]
|switch|p2a: Raging Bolt|Raging Bolt|100/100
|move|p1a: Ogerpon|Ivy Cudgel|p2a: Raging Bolt|[anim] Ivy Cudgel Water
|-resisted|p2a: Raging Bolt
|-damage|p2a: Raging Bolt|78/100
|
|-heal|p2a: Raging Bolt|85/100|[from] item: Leftovers
|upkeep
|turn|10
|
|t:|1757887062
|switch|p1a: Zamazenta|Zamazenta|89/100
|move|p2a: Raging Bolt|Thunderbolt|p1a: Zamazenta
|-damage|p1a: Zamazenta|43/100
|
|-heal|p2a: Raging Bolt|91/100|[from] item: Leftovers
|upkeep
|turn|11
|
|t:|1757887069
|move|p1a: Zamazenta|Close Combat|p2a: Raging Bolt
|-damage|p2a: Raging Bolt|41/100
|-unboost|p1a: Zamazenta|def|1
|-unboost|p1a: Zamazenta|spd|1
|move|p2a: Raging Bolt|Thunderbolt|p1a: Zamazenta
|-damage|p1a: Zamazenta|0 fnt
|faint|p1a: Zamazenta
|
|-heal|p2a: Raging Bolt|47/100|[from] item: Leftovers
|upkeep
|
|t:|1757887071
|switch|p1a: Gardevoir|Gardevoir, M|72/100
|turn|12
|
|t:|1757887074
|-end|p2a: Raging Bolt|Protosynthesis|[silent]
|switch|p2a: Clefable|Clefable, M|92/100 psn
|-ability|p1a: Gardevoir|Magic Guard|Trace|[from] ability: Trace|[of] p2a: Clefable
|move|p1a: Gardevoir|Moonblast|p2a: Clefable
|-crit|p2a: Clefable
|-damage|p2a: Clefable|42/100 psn
|-unboost|p2a: Clefable|spa|1
|
|-heal|p2a: Clefable|48/100 psn|[from] item: Leftovers
|upkeep
|turn|13
|
|t:|1757887084
|switch|p1a: Glimmora|Glimmora, F|79/100
|move|p2a: Clefable|Protect||[still]
|-fail|p2a: Clefable
|
|-heal|p2a: Clefable|54/100 psn|[from] item: Leftovers
|upkeep
|turn|14
|
|t:|1757887093
|switch|p2a: Great Tusk|Great Tusk|100/100
|move|p1a: Glimmora|Meteor Beam||[still]
|-prepare|p1a: Glimmora|Meteor Beam
|-boost|p1a: Glimmora|spa|1
|-enditem|p1a: Glimmora|Power Herb
|-anim|p1a: Glimmora|Meteor Beam|p2a: Great Tusk
|-resisted|p2a: Great Tusk
|-damage|p2a: Great Tusk|65/100
|
|upkeep
|turn|15
|
|t:|1757887096
|-terastallize|p1a: Glimmora|Ghost
|move|p1a: Glimmora|Earth Power|p2a: Great Tusk
|-crit|p2a: Great Tusk
|-damage|p2a: Great Tusk|0 fnt
|faint|p2a: Great Tusk
|-end|p2a: Great Tusk|Protosynthesis|[silent]
|
|upkeep
|
|t:|1757887111
|switch|p2a: Clefable|Clefable, M|54/100 psn
|turn|16
|
|t:|1757887115
|move|p1a: Glimmora|Earth Power|p2a: Clefable
|-damage|p2a: Clefable|25/100 psn
|move|p2a: Clefable|Moonblast|p1a: Glimmora
|-damage|p1a: Glimmora|36/100
|
|-heal|p2a: Clefable|31/100 psn|[from] item: Leftovers
|upkeep
|turn|17
|
|t:|1757887124
|move|p2a: Clefable|Protect|p2a: Clefable
|-singleturn|p2a: Clefable|Protect
|move|p1a: Glimmora|Earth Power|p2a: Clefable
|-activate|p2a: Clefable|move: Protect
|
|-heal|p2a: Clefable|37/100 psn|[from] item: Leftovers
|upkeep
|turn|18
|
|t:|1757887127
|move|p1a: Glimmora|Earth Power|p2a: Clefable
|-damage|p2a: Clefable|3/100 psn
|move|p2a: Clefable|Moonblast|p1a: Glimmora
|-damage|p1a: Glimmora|0 fnt
|faint|p1a: Glimmora
|
|-heal|p2a: Clefable|9/100 psn|[from] item: Leftovers
|upkeep
|
|t:|1757887149
|switch|p1a: Ogerpon|Ogerpon-Wellspring, F|100/100
|turn|19
|
|t:|1757887155
|move|p1a: Ogerpon|Knock Off|p2a: Clefable
|-resisted|p2a: Clefable
|-damage|p2a: Clefable|0 fnt
|-enditem|p2a: Clefable|Leftovers|[from] move: Knock Off|[of] p1a: Ogerpon
|faint|p2a: Clefable
|
|upkeep
|
|t:|1757887157
|switch|p2a: Garganacl|Garganacl, M|100/100
|turn|20
|
|t:|1757887162
|-terastallize|p2a: Garganacl|Dragon
|move|p1a: Ogerpon|Ivy Cudgel|p2a: Garganacl|[anim] Ivy Cudgel Water
|-resisted|p2a: Garganacl
|-damage|p2a: Garganacl|84/100
|move|p2a: Garganacl|Salt Cure|p1a: Ogerpon
|-damage|p1a: Ogerpon|83/100
|-start|p1a: Ogerpon|Salt Cure
|
|-heal|p2a: Garganacl|90/100|[from] item: Leftovers
|-damage|p1a: Ogerpon|58/100|[from] Salt Cure
|upkeep
|turn|21
|
|t:|1757887167
|switch|p1a: Gardevoir|Gardevoir, M|72/100
|-ability|p1a: Gardevoir|Purifying Salt|Trace|[from] ability: Trace|[of] p2a: Garganacl
|move|p2a: Garganacl|Stealth Rock|p1a: Gardevoir
|-sidestart|p1: Albertsux2007|move: Stealth Rock
|
|-heal|p2a: Garganacl|97/100|[from] item: Leftovers
|upkeep
|turn|22
|
|t:|1757887172
|switch|p2a: Raging Bolt|Raging Bolt|47/100
|move|p1a: Gardevoir|Moonblast|p2a: Raging Bolt
|-supereffective|p2a: Raging Bolt
|-damage|p2a: Raging Bolt|0 fnt
|faint|p2a: Raging Bolt
|-end|p2a: Raging Bolt|Protosynthesis|[silent]
|
|upkeep
|
|t:|1757887174
|switch|p2a: Dragonite|Dragonite, F|100/100
|turn|23
|
|t:|1757887178
|move|p2a: Dragonite|Extreme Speed|p1a: Gardevoir
|-damage|p1a: Gardevoir|13/100
|move|p1a: Gardevoir|Moonblast|p2a: Dragonite
|-supereffective|p2a: Dragonite
|-damage|p2a: Dragonite|46/100
|
|upkeep
|turn|24
|
|t:|1757887189
|switch|p1a: Ogerpon|Ogerpon-Wellspring, F|58/100
|-damage|p1a: Ogerpon|45/100|[from] Stealth Rock
|move|p2a: Dragonite|Extreme Speed|p1a: Ogerpon
|-damage|p1a: Ogerpon|1/100
|
|upkeep
|turn|25
|
|t:|1757887192
|move|p2a: Dragonite|Extreme Speed|p1a: Ogerpon
|-damage|p1a: Ogerpon|0 fnt
|faint|p1a: Ogerpon
|
|upkeep
|
|t:|1757887194
|switch|p1a: Dragonite|Dragonite, M|100/100
|turn|26
|
|t:|1757887197
|move|p1a: Dragonite|Dragon Claw|p2a: Dragonite
|-supereffective|p2a: Dragonite
|-damage|p2a: Dragonite|0 fnt
|faint|p2a: Dragonite
|
|upkeep
|
|t:|1757887200
|switch|p2a: Garganacl|Garganacl, M, tera:Dragon|97/100
|turn|27
|
|t:|1757887203
|move|p1a: Dragonite|Dragon Dance|p1a: Dragonite
|-boost|p1a: Dragonite|atk|1
|-boost|p1a: Dragonite|spe|1
|move|p2a: Garganacl|Salt Cure|p1a: Dragonite
|-supereffective|p1a: Dragonite
|-damage|p1a: Dragonite|85/100
|-start|p1a: Dragonite|Salt Cure
|
|-heal|p2a: Garganacl|100/100|[from] item: Leftovers
|-damage|p1a: Dragonite|72/100|[from] Salt Cure
|upkeep
|turn|28
|
|t:|1757887207
|move|p1a: Dragonite|Dragon Claw|p2a: Garganacl
|-supereffective|p2a: Garganacl
|-damage|p2a: Garganacl|30/100
|move|p2a: Garganacl|Recover|p2a: Garganacl
|-heal|p2a: Garganacl|80/100
|
|-heal|p2a: Garganacl|86/100|[from] item: Leftovers
|-damage|p1a: Dragonite|60/100|[from] Salt Cure
|upkeep
|turn|29
|
|t:|1757887212
|move|p2a: Garganacl|Protect|p2a: Garganacl
|-singleturn|p2a: Garganacl|Protect
|move|p1a: Dragonite|Dragon Dance|p1a: Dragonite
|-boost|p1a: Dragonite|atk|1
|-boost|p1a: Dragonite|spe|1
|
|-heal|p2a: Garganacl|93/100|[from] item: Leftovers
|-damage|p1a: Dragonite|48/100|[from] Salt Cure
|upkeep
|turn|30
|
|t:|1757887214
|move|p1a: Dragonite|Dragon Claw|p2a: Garganacl
|-supereffective|p2a: Garganacl
|-damage|p2a: Garganacl|0 fnt
|faint|p2a: Garganacl
|
|win|Albertsux2007
|raw|Albertsux2007's rating: 1479 &rarr; <strong>1496</strong><br />(+17 for winning)
|raw|Peregrine_ST's rating: 1423 &rarr; <strong>1406</strong><br />(-17 for losing)
|l|☆Peregrine_ST
|player|p2|
