|j|☆srah89
|j|☆Actually_Apollo
|t:|1757954243
|gametype|singles
|player|p1|srah89|bruno|1341
|player|p2|Actually_Apollo|morty|1332
|gen|9
|tier|[Gen 9] OU
|rated|
|rule|HP Percentage Mod: HP is shown in percentages
|rule|Endless Battle Clause: Forcing endless battles is banned
|rule|Species Clause: Limit one of each Pokémon
|rule|OHKO Clause: OHKO moves are banned
|rule|Evasion Items Clause: Evasion items are banned
|rule|Evasion Moves Clause: Evasion moves are banned
|rule|Evasion Abilities Clause: Evasion abilities are banned
|rule|Sleep Moves Clause: Sleep-inducing moves are banned
|clearpoke
|poke|p1|Dragalge, F|
|poke|p1|Landorus-Therian, M|
|poke|p1|Azumarill, M|
|poke|p1|Zamazenta-*|
|poke|p1|Garganacl, F|
|poke|p1|Drifblim, M|
|poke|p2|Floatzel, M|
|poke|p2|Barraskewda, M|
|poke|p2|Iron Treads|
|poke|p2|Dragalge, M|
|poke|p2|Kingambit, F|
|poke|p2|Pelipper, F|
|teampreview
|inactive|Battle timer is ON: inactive players will automatically lose when time's up. (requested by Actually_Apollo)
|inactive|Actually_Apollo has 120 seconds left.
|
|t:|1757954285
|teamsize|p1|6
|teamsize|p2|6
|start
|switch|p1a: Dragalge|Dragalge, F|100/100
|switch|p2a: Pelipper|Pelipper, F|100/100
|-weather|RainDance|[from] ability: Drizzle|[of] p2a: Pelipper
|turn|1
|
|t:|1757954293
|move|p2a: Pelipper|Hurricane|p1a: Dragalge
|-damage|p1a: Dragalge|66/100
|-start|p1a: Dragalge|confusion
|-activate|p1a: Dragalge|confusion
|move|p1a: Dragalge|Thunderbolt|p2a: Pelipper
|-supereffective|p2a: Pelipper
|-damage|p2a: Pelipper|0 fnt
|faint|p2a: Pelipper
|
|-weather|RainDance|[upkeep]
|upkeep
|
|t:|1757954313
|switch|p2a: Floatzel|Floatzel, M|100/100
|turn|2
|
|t:|1757954328
|switch|p1a: Zamazenta|Zamazenta|100/100
|-ability|p1a: Zamazenta|Dauntless Shield|boost
|-boost|p1a: Zamazenta|def|1
|move|p2a: Floatzel|Ice Spinner|p1a: Zamazenta
|-damage|p1a: Zamazenta|80/100
|
|-weather|RainDance|[upkeep]
|-heal|p1a: Zamazenta|86/100|[from] item: Leftovers
|upkeep
|turn|3
|
|t:|1757954340
|switch|p2a: Dragalge|Dragalge, M|100/100
|move|p1a: Zamazenta|Iron Defense|p1a: Zamazenta
|-boost|p1a: Zamazenta|def|2
|
|-weather|RainDance|[upkeep]
|-heal|p1a: Zamazenta|92/100|[from] item: Leftovers
|upkeep
|turn|4
|
|t:|1757954348
|move|p1a: Zamazenta|Protect|p1a: Zamazenta
|-singleturn|p1a: Zamazenta|Protect
|move|p2a: Dragalge|Dragon Tail|p1a: Zamazenta
|-activate|p1a: Zamazenta|move: Protect
|
|-weather|RainDance|[upkeep]
|-heal|p1a: Zamazenta|98/100|[from] item: Leftovers
|upkeep
|turn|5
|
|t:|1757954353
|move|p1a: Zamazenta|Body Press|p2a: Dragalge
|-resisted|p2a: Dragalge
|-damage|p2a: Dragalge|70/100
|move|p2a: Dragalge|Dragon Tail|p1a: Zamazenta
|-damage|p1a: Zamazenta|92/100
|drag|p1a: Drifblim|Drifblim, M|100/100
|
|-weather|RainDance|[upkeep]
|-heal|p2a: Dragalge|76/100|[from] item: Leftovers
|upkeep
|turn|6
|
|t:|1757954360
|move|p1a: Drifblim|Will-O-Wisp|p2a: Dragalge|[miss]
|-miss|p1a: Drifblim|p2a: Dragalge
|move|p2a: Dragalge|Flip Turn|p1a: Drifblim
|-damage|p1a: Drifblim|86/100
|
|t:|1757954365
|switch|p2a: Floatzel|Floatzel, M|100/100|[from] Flip Turn
|
|-weather|RainDance|[upkeep]
|upkeep
|turn|7
|
|t:|1757954384
|switch|p1a: Zamazenta|Zamazenta|92/100
|move|p2a: Floatzel|Wave Crash|p1a: Zamazenta
|-damage|p1a: Zamazenta|0 fnt
|faint|p1a: Zamazenta
|-damage|p2a: Floatzel|63/100|[from] Recoil
|
|-weather|RainDance|[upkeep]
|upkeep
|
|t:|1757954391
|switch|p1a: Landorus|Landorus-Therian, M|100/100
|-ability|p1a: Landorus|Intimidate|boost
|-unboost|p2a: Floatzel|atk|1
|turn|8
|
|t:|1757954404
|move|p2a: Floatzel|Wave Crash|p1a: Landorus
|-supereffective|p1a: Landorus
|-damage|p1a: Landorus|0 fnt
|-damage|p2a: Floatzel|46/100|[from] item: Rocky Helmet|[of] p1a: Landorus
|faint|p1a: Landorus
|-damage|p2a: Floatzel|6/100|[from] Recoil
|
|-weather|none
|upkeep
|
|t:|1757954411
|switch|p1a: Azumarill|Azumarill, M|100/100
|turn|9
|
|t:|1757954413
|move|p1a: Azumarill|Aqua Jet|p2a: Floatzel
|-resisted|p2a: Floatzel
|-damage|p2a: Floatzel|0 fnt
|faint|p2a: Floatzel
|
|upkeep
|
|t:|1757954415
|switch|p2a: Dragalge|Dragalge, M|76/100
|turn|10
|
|t:|1757954422
|switch|p1a: Garganacl|Garganacl, F|100/100
|move|p2a: Dragalge|Toxic Spikes|p1a: Garganacl
|-sidestart|p1: srah89|move: Toxic Spikes
|
|-heal|p2a: Dragalge|82/100|[from] item: Leftovers
|upkeep
|turn|11
|
|t:|1757954432
|move|p1a: Garganacl|Curse|p1a: Garganacl
|-unboost|p1a: Garganacl|spe|1
|-boost|p1a: Garganacl|atk|1
|-boost|p1a: Garganacl|def|1
|move|p2a: Dragalge|Flip Turn|p1a: Garganacl
|-supereffective|p1a: Garganacl
|-damage|p1a: Garganacl|92/100
|
|t:|1757954438
|switch|p2a: Barraskewda|Barraskewda, M|100/100|[from] Flip Turn
|
|upkeep
|turn|12
|
|t:|1757954454
|-terastallize|p1a: Garganacl|Water
|move|p2a: Barraskewda|Liquidation|p1a: Garganacl
|-resisted|p1a: Garganacl
|-damage|p1a: Garganacl|77/100
|move|p1a: Garganacl|Salt Cure|p2a: Barraskewda
|-damage|p2a: Barraskewda|61/100
|-start|p2a: Barraskewda|Salt Cure
|
|-damage|p2a: Barraskewda|36/100|[from] Salt Cure
|upkeep
|turn|13
|
|t:|1757954466
|move|p2a: Barraskewda|Liquidation|p1a: Garganacl
|-resisted|p1a: Garganacl
|-damage|p1a: Garganacl|63/100
|move|p1a: Garganacl|Curse|p1a: Garganacl
|-unboost|p1a: Garganacl|spe|1
|-boost|p1a: Garganacl|atk|1
|-boost|p1a: Garganacl|def|1
|
|-damage|p2a: Barraskewda|11/100|[from] Salt Cure
|upkeep
|turn|14
|
|t:|1757954470
|move|p2a: Barraskewda|Liquidation|p1a: Garganacl
|-resisted|p1a: Garganacl
|-damage|p1a: Garganacl|52/100
|move|p1a: Garganacl|Recover|p1a: Garganacl
|-heal|p1a: Garganacl|100/100
|
|-damage|p2a: Barraskewda|0 fnt|[from] Salt Cure
|faint|p2a: Barraskewda
|upkeep
|
|t:|1757954473
|switch|p2a: Dragalge|Dragalge, M|82/100
|turn|15
|
|t:|1757954482
|switch|p1a: Dragalge|Dragalge, F|66/100
|-sideend|p1: srah89|move: Toxic Spikes|[of] p1a: Dragalge
|move|p2a: Dragalge|Dragon Tail|p1a: Dragalge
|-supereffective|p1a: Dragalge
|-damage|p1a: Dragalge|32/100
|drag|p1a: Garganacl|Garganacl, F, tera:Water|100/100
|
|-heal|p2a: Dragalge|88/100|[from] item: Leftovers
|upkeep
|turn|16
|
|t:|1757954488
|move|p1a: Garganacl|Earthquake|p2a: Dragalge
|-supereffective|p2a: Dragalge
|-damage|p2a: Dragalge|53/100
|move|p2a: Dragalge|Sludge Bomb|p1a: Garganacl
|-damage|p1a: Garganacl|78/100
|
|-heal|p2a: Dragalge|59/100|[from] item: Leftovers
|upkeep
|turn|17
|
|t:|1757954503
|move|p1a: Garganacl|Salt Cure|p2a: Dragalge
|-damage|p2a: Dragalge|48/100
|-start|p2a: Dragalge|Salt Cure
|move|p2a: Dragalge|Toxic Spikes|p1a: Garganacl
|-sidestart|p1: srah89|move: Toxic Spikes
|
|-heal|p2a: Dragalge|54/100|[from] item: Leftovers
|-damage|p2a: Dragalge|42/100|[from] Salt Cure
|upkeep
|turn|18
|
|t:|1757954509
|move|p1a: Garganacl|Curse|p1a: Garganacl
|-unboost|p1a: Garganacl|spe|1
|-boost|p1a: Garganacl|atk|1
|-boost|p1a: Garganacl|def|1
|move|p2a: Dragalge|Flip Turn|p1a: Garganacl
|-resisted|p1a: Garganacl
|-damage|p1a: Garganacl|76/100
|
|t:|1757954514
|switch|p2a: Iron Treads|Iron Treads|100/100|[from] Flip Turn
|
|upkeep
|turn|19
|
|t:|1757954519
|move|p2a: Iron Treads|Volt Switch|p1a: Garganacl
|-supereffective|p1a: Garganacl
|-damage|p1a: Garganacl|61/100
|
|t:|1757954522
|-end|p2a: Iron Treads|Quark Drive|[silent]
|switch|p2a: Dragalge|Dragalge, M|42/100|[from] Volt Switch
|move|p1a: Garganacl|Curse|p1a: Garganacl
|-unboost|p1a: Garganacl|spe|1
|-boost|p1a: Garganacl|atk|1
|-boost|p1a: Garganacl|def|1
|
|-heal|p2a: Dragalge|48/100|[from] item: Leftovers
|upkeep
|turn|20
|
|t:|1757954526
|move|p2a: Dragalge|Sludge Bomb|p1a: Garganacl
|-damage|p1a: Garganacl|38/100
|move|p1a: Garganacl|Recover|p1a: Garganacl
|-heal|p1a: Garganacl|88/100
|
|-heal|p2a: Dragalge|54/100|[from] item: Leftovers
|upkeep
|turn|21
|
|t:|1757954529
|move|p2a: Dragalge|Sludge Bomb|p1a: Garganacl
|-damage|p1a: Garganacl|65/100
|move|p1a: Garganacl|Salt Cure|p2a: Dragalge
|-damage|p2a: Dragalge|31/100
|-start|p2a: Dragalge|Salt Cure
|
|-heal|p2a: Dragalge|37/100|[from] item: Leftovers
|-damage|p2a: Dragalge|25/100|[from] Salt Cure
|upkeep
|turn|22
|
|t:|1757954532
|move|p2a: Dragalge|Sludge Bomb|p1a: Garganacl
|-crit|p1a: Garganacl
|-damage|p1a: Garganacl|30/100
|move|p1a: Garganacl|Recover|p1a: Garganacl
|-heal|p1a: Garganacl|80/100
|
|-heal|p2a: Dragalge|31/100|[from] item: Leftovers
|-damage|p2a: Dragalge|19/100|[from] Salt Cure
|upkeep
|turn|23
|
|t:|1757954535
|move|p2a: Dragalge|Sludge Bomb|p1a: Garganacl
|-damage|p1a: Garganacl|57/100
|move|p1a: Garganacl|Recover|p1a: Garganacl
|-heal|p1a: Garganacl|100/100
|
|-heal|p2a: Dragalge|25/100|[from] item: Leftovers
|-damage|p2a: Dragalge|13/100|[from] Salt Cure
|upkeep
|turn|24
|
|t:|1757954538
|move|p2a: Dragalge|Sludge Bomb|p1a: Garganacl
|-damage|p1a: Garganacl|80/100
|move|p1a: Garganacl|Earthquake|p2a: Dragalge
|-supereffective|p2a: Dragalge
|-damage|p2a: Dragalge|0 fnt
|faint|p2a: Dragalge
|
|upkeep
|-message|Actually_Apollo forfeited.
|
|win|srah89
|raw|srah89's rating: 1341 &rarr; <strong>1360</strong><br />(+19 for winning)
|raw|Actually_Apollo's rating: 1332 &rarr; <strong>1313</strong><br />(-19 for losing)
|l|☆Actually_Apollo
|player|p2|
|l|☆srah89
|player|p1|
