|j|☆jarrodbennett
|j|☆Black Man Lover
|t:|1757897774
|gametype|singles
|player|p1|jarrodbennett|101|1472
|player|p2|Black Man Lover|emmet|1507
|gen|9
|tier|[Gen 9] OU
|rated|
|rule|HP Percentage Mod: HP is shown in percentages
|rule|Endless Battle Clause: Forcing endless battles is banned
|rule|Species Clause: Limit one of each Pokémon
|rule|OHKO Clause: OHKO moves are banned
|rule|Evasion Items Clause: Evasion items are banned
|rule|Evasion Moves Clause: Evasion moves are banned
|rule|Evasion Abilities Clause: Evasion abilities are banned
|rule|Sleep Moves Clause: Sleep-inducing moves are banned
|clearpoke
|poke|p1|Ribombee, M|
|poke|p1|Cinderace, F|
|poke|p1|Serperior, M|
|poke|p1|Hitmonlee, M|
|poke|p1|Empoleon, F|
|poke|p1|Kingambit, F|
|poke|p2|Darkrai|
|poke|p2|Iron Jugulis|
|poke|p2|Iron Treads|
|poke|p2|Primarina, M|
|poke|p2|Cinderace, M|
|poke|p2|Raging Bolt|
|teampreview
|
|t:|1757897803
|teamsize|p1|6
|teamsize|p2|6
|start
|switch|p1a: Ya Like Jazz?|Ribombee, M|100/100
|switch|p2a: Iron Jugulis|Iron Jugulis|100/100
|-enditem|p2a: Iron Jugulis|Booster Energy
|-activate|p2a: Iron Jugulis|ability: Quark Drive|[fromitem]
|-start|p2a: Iron Jugulis|quarkdrivespe
|turn|1
|inactive|Battle timer is ON: inactive players will automatically lose when time's up. (requested by Black Man Lover)
|
|t:|1757897815
|-terastallize|p2a: Iron Jugulis|Ground
|move|p2a: Iron Jugulis|Taunt|p1a: Ya Like Jazz?
|-start|p1a: Ya Like Jazz?|move: Taunt
|cant|p1a: Ya Like Jazz?|move: Taunt|Sticky Web
|
|upkeep
|turn|2
|
|t:|1757897828
|switch|p1a: Kickin' Nugget|Hitmonlee, M|100/100
|move|p2a: Iron Jugulis|Hurricane|p1a: Kickin' Nugget|[miss]
|-miss|p2a: Iron Jugulis|p1a: Kickin' Nugget
|
|upkeep
|turn|3
|
|t:|1757897840
|switch|p1a: Big Z|Empoleon, F|100/100
|move|p2a: Iron Jugulis|Hurricane|p1a: Big Z
|-resisted|p1a: Big Z
|-damage|p1a: Big Z|84/100
|
|upkeep
|turn|4
|
|t:|1757897846
|move|p2a: Iron Jugulis|Earth Power|p1a: Big Z
|-supereffective|p1a: Big Z
|-damage|p1a: Big Z|25/100
|move|p1a: Big Z|Surf|p2a: Iron Jugulis
|-supereffective|p2a: Iron Jugulis
|-damage|p2a: Iron Jugulis|0 fnt
|faint|p2a: Iron Jugulis
|-end|p2a: Iron Jugulis|Quark Drive|[silent]
|
|upkeep
|
|t:|1757897865
|switch|p2a: Raging Bolt|Raging Bolt|100/100
|-enditem|p2a: Raging Bolt|Booster Energy
|-activate|p2a: Raging Bolt|ability: Protosynthesis|[fromitem]
|-start|p2a: Raging Bolt|protosynthesisspa
|turn|5
|
|t:|1757897876
|switch|p1a: Ya Like Jazz?|Ribombee, M|100/100
|move|p2a: Raging Bolt|Calm Mind|p2a: Raging Bolt
|-boost|p2a: Raging Bolt|spa|1
|-boost|p2a: Raging Bolt|spd|1
|
|upkeep
|turn|6
|
|t:|1757897885
|move|p1a: Ya Like Jazz?|Struggle Bug|p2a: Raging Bolt
|-damage|p2a: Raging Bolt|87/100
|-unboost|p2a: Raging Bolt|spa|1
|move|p2a: Raging Bolt|Thunderbolt|p1a: Ya Like Jazz?
|-enditem|p1a: Ya Like Jazz?|Focus Sash
|-damage|p1a: Ya Like Jazz?|1/100
|
|upkeep
|turn|7
|
|t:|1757897896
|move|p1a: Ya Like Jazz?|Sticky Web|p2a: Raging Bolt
|-sidestart|p2: Black Man Lover|move: Sticky Web
|move|p2a: Raging Bolt|Thunderbolt|p1a: Ya Like Jazz?
|-damage|p1a: Ya Like Jazz?|0 fnt
|faint|p1a: Ya Like Jazz?
|
|upkeep
|
|t:|1757897903
|switch|p1a: What's Up Doc?|Cinderace, F|100/100
|turn|8
|
|t:|1757897907
|move|p1a: What's Up Doc?|Court Change|p1a: What's Up Doc?
|-start|p1a: What's Up Doc?|typechange|Normal|[from] ability: Libero
|-swapsideconditions
|-activate|p1a: What's Up Doc?|move: Court Change
|move|p2a: Raging Bolt|Calm Mind|p2a: Raging Bolt
|-boost|p2a: Raging Bolt|spa|1
|-boost|p2a: Raging Bolt|spd|1
|
|upkeep
|turn|9
|
|t:|1757897918
|move|p2a: Raging Bolt|Thunderclap|p1a: What's Up Doc?
|-damage|p1a: What's Up Doc?|0 fnt
|faint|p1a: What's Up Doc?
|
|upkeep
|
|t:|1757897931
|switch|p1a: Kickin' Nugget|Hitmonlee, M|100/100
|-activate|p1a: Kickin' Nugget|move: Sticky Web
|-unboost|p1a: Kickin' Nugget|spe|1
|-enditem|p1a: Kickin' Nugget|White Herb
|-clearnegativeboost|p1a: Kickin' Nugget|[silent]
|turn|10
|
|t:|1757897939
|move|p2a: Raging Bolt|Thunderclap||[still]
|-fail|p2a: Raging Bolt
|move|p1a: Kickin' Nugget|Swords Dance|p1a: Kickin' Nugget
|-boost|p1a: Kickin' Nugget|atk|2
|
|upkeep
|turn|11
|
|t:|1757897949
|move|p1a: Kickin' Nugget|Upper Hand|p2a: Raging Bolt
|-damage|p2a: Raging Bolt|17/100
|cant|p2a: Raging Bolt|flinch
|
|upkeep
|turn|12
|
|t:|1757897957
|move|p2a: Raging Bolt|Thunderclap|p1a: Kickin' Nugget
|-damage|p1a: Kickin' Nugget|0 fnt
|faint|p1a: Kickin' Nugget
|
|upkeep
|
|t:|1757897962
|switch|p1a: Slytherin|Serperior, M|100/100
|-activate|p1a: Slytherin|move: Sticky Web
|-boost|p1a: Slytherin|spe|1
|turn|13
|
|t:|1757897968
|move|p1a: Slytherin|Leaf Storm|p2a: Raging Bolt
|-resisted|p2a: Raging Bolt
|-damage|p2a: Raging Bolt|6/100
|-boost|p1a: Slytherin|spa|2
|move|p2a: Raging Bolt|Dragon Pulse|p1a: Slytherin
|-damage|p1a: Slytherin|0 fnt
|faint|p1a: Slytherin
|
|upkeep
|
|t:|1757897978
|switch|p1a: Big Z|Empoleon, F|25/100
|-activate|p1a: Big Z|move: Sticky Web
|-unboost|p1a: Big Z|spe|1
|-ability|p1a: Big Z|Competitive|boost
|-boost|p1a: Big Z|spa|2
|turn|14
|
|t:|1757897985
|move|p2a: Raging Bolt|Thunderclap|p1a: Big Z
|-supereffective|p1a: Big Z
|-damage|p1a: Big Z|0 fnt
|faint|p1a: Big Z
|
|upkeep
|-message|jarrodbennett forfeited.
|
|win|Black Man Lover
|raw|jarrodbennett's rating: 1472 &rarr; <strong>1454</strong><br />(-18 for losing)
|raw|Black Man Lover's rating: 1507 &rarr; <strong>1525</strong><br />(+18 for winning)
|l|☆jarrodbennett
|player|p1|
|l|☆Black Man Lover
|player|p2|
