|j|☆henry151th
|j|☆Ancient Tito
|t:|1757930697
|gametype|singles
|player|p1|henry151th|wallace|1525
|player|p2|Ancient Tito|rood|1567
|gen|9
|tier|[Gen 9] OU
|rated|
|rule|HP Percentage Mod: HP is shown in percentages
|rule|Endless Battle Clause: Forcing endless battles is banned
|rule|Species Clause: Limit one of each Pokémon
|rule|OHKO Clause: OHKO moves are banned
|rule|Evasion Items Clause: Evasion items are banned
|rule|Evasion Moves Clause: Evasion moves are banned
|rule|Evasion Abilities Clause: Evasion abilities are banned
|rule|Sleep Moves Clause: Sleep-inducing moves are banned
|clearpoke
|poke|p1|Dragapult, M|
|poke|p1|Glimmora, M|
|poke|p1|Comfey, M|
|poke|p1|Kingambit, M|
|poke|p1|Ogerpon-Wellspring, F|
|poke|p1|Blaziken, M|
|poke|p2|Corviknight, F|
|poke|p2|Cinderace, F|
|poke|p2|Dondozo, F|
|poke|p2|Raging Bolt|
|poke|p2|Iron Treads|
|poke|p2|Ogerpon-Wellspring, F|
|teampreview
|j| Disscratch
|inactive|Battle timer is ON: inactive players will automatically lose when time's up. (requested by Ancient Tito)
|j| RedemptiveSketch
|j| CloudyEJ
|j| swaguhpult
|j| Almighty Sa'
|
|t:|1757930713
|teamsize|p1|6
|teamsize|p2|6
|start
|switch|p1a: Blaziken|Blaziken, M, shiny|100/100
|switch|p2a: Ogerpon|Ogerpon-Wellspring, F|100/100
|turn|1
|
|t:|1757930724
|switch|p2a: Dondozo|Dondozo, F|100/100
|move|p1a: Blaziken|Protect||[still]
|-fail|p1a: Blaziken
|
|-ability|p1a: Blaziken|Speed Boost|boost
|-boost|p1a: Blaziken|spe|1
|upkeep
|turn|2
|j| heatraniac
|
|t:|1757930732
|switch|p1a: Ogerpon|Ogerpon-Wellspring, F|100/100
|switch|p2a: Ogerpon|Ogerpon-Wellspring, F|100/100
|
|upkeep
|turn|3
|
|t:|1757930738
|switch|p2a: Corviknight|Corviknight, F|100/100
|move|p1a: Ogerpon|U-turn|p2a: Corviknight
|-resisted|p2a: Corviknight
|-damage|p2a: Corviknight|96/100
|-damage|p1a: Ogerpon|84/100|[from] item: Rocky Helmet|[of] p2a: Corviknight
|j| blabala
|
|t:|1757930741
|switch|p1a: Blaziken|Blaziken, M, shiny|100/100|[from] U-turn
|
|upkeep
|turn|4
|j| AshPinkSauce
|
|t:|1757930752
|move|p1a: Blaziken|Flare Blitz|p2a: Corviknight
|-supereffective|p2a: Corviknight
|-crit|p2a: Corviknight
|-damage|p2a: Corviknight|0 fnt
|-damage|p1a: Blaziken|84/100|[from] item: Rocky Helmet|[of] p2a: Corviknight
|faint|p2a: Corviknight
|-damage|p1a: Blaziken|42/100|[from] Recoil
|-damage|p1a: Blaziken|32/100|[from] item: Life Orb
|
|-ability|p1a: Blaziken|Speed Boost|boost
|-boost|p1a: Blaziken|spe|1
|upkeep
|j| prod cc
|l| prod cc
|c|☆Ancient Tito|you think that crit mattered?
|j| prod cc
|inactive|Ancient Tito has 120 seconds left.
|
|t:|1757930780
|switch|p2a: Dondozo|Dondozo, F|100/100
|turn|5
|j| bandedboltbeak
|c| Almighty Sa'|budy u stayed in w corv vs blaziken
|l| heatraniac
|c| RedemptiveSketch|252+ Atk Life Orb Blaziken Flare Blitz (120 BP) vs. 248 HP / 252+ Def Corviknight: 369-437 (92.4 - 109.5%) -- 56.3% chance to OHKO
|j| heatraniac
|c| RedemptiveSketch|ur to decide
|inactive|Ancient Tito has 120 seconds left.
|c|☆Ancient Tito|50/50 pretty good odds
|c|☆henry151th|Kinda?
|c|☆henry151th|Its 56
|c|☆henry151th|Not 50
|inactive|henry151th has 120 seconds left.
|
|t:|1757930811
|switch|p1a: Ogerpon|Ogerpon-Wellspring, F|84/100
|move|p2a: Dondozo|Liquidation|p1a: Ogerpon
|-heal|p1a: Ogerpon|100/100|[from] ability: Water Absorb|[of] p2a: Dondozo
|
|upkeep
|turn|6
|c| Almighty Sa'|ive seen enough
|c|☆Ancient Tito|i mean yeah like I said pretty good odds
|l| Almighty Sa'
|
|t:|1757930828
|switch|p2a: Raging Bolt|Raging Bolt|100/100
|move|p1a: Ogerpon|U-turn|p2a: Raging Bolt
|-damage|p2a: Raging Bolt|82/100
|
|t:|1757930834
|switch|p1a: Dragapult|Dragapult, M, shiny|100/100|[from] U-turn
|
|-heal|p2a: Raging Bolt|88/100|[from] item: Leftovers
|upkeep
|turn|7
|l| prod cc
|
|t:|1757930842
|-terastallize|p2a: Raging Bolt|Fairy
|move|p1a: Dragapult|Shadow Ball|p2a: Raging Bolt
|-damage|p2a: Raging Bolt|52/100
|-damage|p1a: Dragapult|91/100|[from] item: Life Orb
|move|p2a: Raging Bolt|Calm Mind|p2a: Raging Bolt
|-boost|p2a: Raging Bolt|spa|1
|-boost|p2a: Raging Bolt|spd|1
|
|-heal|p2a: Raging Bolt|59/100|[from] item: Leftovers
|upkeep
|turn|8
|inactive|Ancient Tito has 120 seconds left.
|
|t:|1757930860
|move|p1a: Dragapult|Shadow Ball|p2a: Raging Bolt
|-damage|p2a: Raging Bolt|32/100
|-damage|p1a: Dragapult|81/100|[from] item: Life Orb
|move|p2a: Raging Bolt|Dragon Pulse|p1a: Dragapult
|-supereffective|p1a: Dragapult
|-crit|p1a: Dragapult
|-damage|p1a: Dragapult|0 fnt
|faint|p1a: Dragapult
|
|-heal|p2a: Raging Bolt|38/100|[from] item: Leftovers
|upkeep
|j|+pastagirl !!
|l|+pastagirl !!
|inactive|henry151th has 120 seconds left.
|c| blabala|As long it's never zero it's an 100
|inactive|henry151th has 90 seconds left.
|c|☆Ancient Tito|are you guys like youtubers or something?
|c| heatraniac|yeah
|c| heatraniac|henry is famous
|c| swaguhpult|he just posted the game in chat
|inactive|henry151th has 60 seconds left.
|c|☆Ancient Tito|I'm not good that's why I asked if that crit mattered
|
|t:|1757930947
|switch|p1a: Kingambit|Kingambit, M, shiny|100/100
|-activate|p1a: Kingambit|ability: Supreme Overlord
|-start|p1a: Kingambit|fallen1|[silent]
|turn|9
|c| Disscratch|^ he's lying mr heatraniac here is one tho
|c|☆Ancient Tito|I honestly don't know
|inactive|Ancient Tito has 120 seconds left.
|
|t:|1757930961
|-end|p2a: Raging Bolt|Protosynthesis|[silent]
|switch|p2a: Dondozo|Dondozo, F|100/100
|move|p1a: Kingambit|Iron Head|p2a: Dondozo
|-resisted|p2a: Dondozo
|-damage|p2a: Dondozo|85/100
|
|-heal|p2a: Dondozo|91/100|[from] item: Leftovers
|upkeep
|turn|10
|inactive|Ancient Tito has 120 seconds left.
|
|t:|1757930973
|-end|p1a: Kingambit|fallen1|[silent]
|switch|p1a: Glimmora|Glimmora, M, shiny|100/100
|move|p2a: Dondozo|Body Press|p1a: Glimmora
|-damage|p1a: Glimmora|83/100
|-activate|p1a: Glimmora|ability: Toxic Debris
|-sidestart|p2: Ancient Tito|move: Toxic Spikes
|-enditem|p1a: Glimmora|Red Card|[of] p2a: Dondozo
|drag|p2a: Ogerpon|Ogerpon-Wellspring, F|100/100
|-status|p2a: Ogerpon|psn
|
|-damage|p2a: Ogerpon|88/100 psn|[from] psn
|upkeep
|turn|11
|inactive|Ancient Tito has 120 seconds left.
|
|t:|1757930990
|move|p2a: Ogerpon|Ivy Cudgel|p1a: Glimmora|[anim] Ivy Cudgel Water
|-supereffective|p1a: Glimmora
|-damage|p1a: Glimmora|5/100
|-activate|p1a: Glimmora|ability: Toxic Debris
|-sidestart|p2: Ancient Tito|move: Toxic Spikes
|move|p1a: Glimmora|Stealth Rock|p2a: Ogerpon
|-sidestart|p2: Ancient Tito|move: Stealth Rock
|
|-damage|p2a: Ogerpon|76/100 psn|[from] psn
|upkeep
|turn|12
|
|t:|1757931001
|move|p2a: Ogerpon|Play Rough|p1a: Glimmora
|-resisted|p1a: Glimmora
|-damage|p1a: Glimmora|0 fnt
|faint|p1a: Glimmora
|
|-damage|p2a: Ogerpon|64/100 psn|[from] psn
|upkeep
|
|t:|1757931007
|switch|p1a: Blaziken|Blaziken, M, shiny|32/100
|turn|13
|inactive|Ancient Tito has 120 seconds left.
|inactive|Ancient Tito has 90 seconds left.
|
|t:|1757931054
|switch|p2a: Dondozo|Dondozo, F|91/100
|-status|p2a: Dondozo|tox
|-damage|p2a: Dondozo|79/100 tox|[from] Stealth Rock
|move|p1a: Blaziken|Protect||[still]
|-fail|p1a: Blaziken
|
|-heal|p2a: Dondozo|85/100 tox|[from] item: Leftovers
|-damage|p2a: Dondozo|79/100 tox|[from] psn
|-ability|p1a: Blaziken|Speed Boost|boost
|-boost|p1a: Blaziken|spe|1
|upkeep
|turn|14
|inactive|henry151th has 90 seconds left.
|
|t:|1757931071
|move|p1a: Blaziken|Protect|p1a: Blaziken
|-singleturn|p1a: Blaziken|Protect
|move|p2a: Dondozo|Rest|p2a: Dondozo
|-status|p2a: Dondozo|slp|[from] move: Rest
|-heal|p2a: Dondozo|100/100 slp|[silent]
|
|-ability|p1a: Blaziken|Speed Boost|boost
|-boost|p1a: Blaziken|spe|1
|upkeep
|turn|15
|
|t:|1757931079
|move|p1a: Blaziken|Close Combat|p2a: Dondozo
|-damage|p2a: Dondozo|54/100 slp
|-unboost|p1a: Blaziken|def|1
|-unboost|p1a: Blaziken|spd|1
|-damage|p1a: Blaziken|22/100|[from] item: Life Orb
|cant|p2a: Dondozo|slp
|move|p2a: Dondozo|Sleep Talk|p2a: Dondozo
|move|p2a: Dondozo|Liquidation|p1a: Blaziken|[from] move: Sleep Talk
|-supereffective|p1a: Blaziken
|-crit|p1a: Blaziken
|-damage|p1a: Blaziken|0 fnt
|faint|p1a: Blaziken
|
|-heal|p2a: Dondozo|60/100 slp|[from] item: Leftovers
|upkeep
|
|t:|1757931083
|switch|p1a: Ogerpon|Ogerpon-Wellspring, F|100/100
|turn|16
|inactive|Ancient Tito has 90 seconds left.
|j| cris peacock
|
|t:|1757931117
|switch|p2a: Ogerpon|Ogerpon-Wellspring, F|64/100 psn
|-damage|p2a: Ogerpon|51/100 psn|[from] Stealth Rock
|move|p1a: Ogerpon|U-turn|p2a: Ogerpon
|-supereffective|p2a: Ogerpon
|-damage|p2a: Ogerpon|0 fnt
|faint|p2a: Ogerpon
|
|t:|1757931127
|switch|p1a: Comfey|Comfey, M, shiny|100/100|[from] U-turn
|
|upkeep
|
|t:|1757931131
|switch|p2a: Cinderace|Cinderace, F|100/100
|turn|17
|inactive|henry151th has 120 seconds left.
|
|t:|1757931139
|move|p2a: Cinderace|Court Change|p2a: Cinderace
|-start|p2a: Cinderace|typechange|Normal|[from] ability: Libero
|-swapsideconditions
|-activate|p2a: Cinderace|move: Court Change
|move|p1a: Comfey|Substitute|p1a: Comfey
|-start|p1a: Comfey|Substitute
|-damage|p1a: Comfey|76/100
|
|upkeep
|turn|18
|
|t:|1757931146
|move|p1a: Comfey|Draining Kiss|p2a: Cinderace
|-damage|p2a: Cinderace|63/100
|-heal|p1a: Comfey|100/100|[from] drain|[of] p2a: Cinderace
|-damage|p1a: Comfey|91/100|[from] item: Life Orb
|move|p2a: Cinderace|Pyro Ball|p1a: Comfey
|-end|p1a: Comfey|Substitute
|
|upkeep
|turn|19
|
|t:|1757931153
|switch|p2a: Iron Treads|Iron Treads|100/100
|move|p1a: Comfey|Draining Kiss|p2a: Iron Treads
|-resisted|p2a: Iron Treads
|-damage|p2a: Iron Treads|89/100
|-heal|p1a: Comfey|100/100|[from] drain|[of] p2a: Iron Treads
|-damage|p1a: Comfey|91/100|[from] item: Life Orb
|
|upkeep
|turn|20
|
|t:|1757931162
|-terastallize|p1a: Comfey|Ground
|move|p2a: Iron Treads|Iron Head|p1a: Comfey
|-damage|p1a: Comfey|43/100
|move|p1a: Comfey|Tera Blast|p2a: Iron Treads|[anim] Tera Blast Ground
|-supereffective|p2a: Iron Treads
|-damage|p2a: Iron Treads|25/100
|-damage|p1a: Comfey|33/100|[from] item: Life Orb
|
|upkeep
|turn|21
|
|t:|1757931173
|move|p1a: Comfey|Draining Kiss|p2a: Iron Treads
|-resisted|p2a: Iron Treads
|-damage|p2a: Iron Treads|14/100
|-heal|p1a: Comfey|42/100|[from] drain|[of] p2a: Iron Treads
|-damage|p1a: Comfey|32/100|[from] item: Life Orb
|move|p2a: Iron Treads|Knock Off|p1a: Comfey
|-damage|p1a: Comfey|0 fnt
|-enditem|p1a: Comfey|Life Orb|[from] move: Knock Off|[of] p2a: Iron Treads
|faint|p1a: Comfey
|
|upkeep
|
|t:|1757931178
|switch|p1a: Ogerpon|Ogerpon-Wellspring, F|100/100
|-status|p1a: Ogerpon|tox
|-damage|p1a: Ogerpon|88/100 tox|[from] Stealth Rock
|turn|22
|l| swaguhpult
|
|t:|1757931186
|move|p1a: Ogerpon|Ivy Cudgel|p2a: Iron Treads|[anim] Ivy Cudgel Water
|-supereffective|p2a: Iron Treads
|-damage|p2a: Iron Treads|0 fnt
|faint|p2a: Iron Treads
|-end|p2a: Iron Treads|Quark Drive|[silent]
|
|-damage|p1a: Ogerpon|82/100 tox|[from] psn
|upkeep
|
|t:|1757931192
|switch|p2a: Cinderace|Cinderace, F|63/100
|turn|23
|c| RedemptiveSketch|yea henry u lose
|
|t:|1757931204
|move|p2a: Cinderace|U-turn|p1a: Ogerpon
|-start|p2a: Cinderace|typechange|Bug|[from] ability: Libero
|-supereffective|p1a: Ogerpon
|-damage|p1a: Ogerpon|0 fnt
|faint|p1a: Ogerpon
|
|t:|1757931210
|switch|p2a: Raging Bolt|Raging Bolt, tera:Fairy|38/100|[from] U-turn
|
|-heal|p2a: Raging Bolt|44/100|[from] item: Leftovers
|upkeep
|
|t:|1757931213
|switch|p1a: Kingambit|Kingambit, M, shiny|100/100
|-damage|p1a: Kingambit|94/100|[from] Stealth Rock
|-activate|p1a: Kingambit|ability: Supreme Overlord
|-start|p1a: Kingambit|fallen5|[silent]
|turn|24
|l| RedemptiveSketch
|c| blabala|It's over
|c|☆Ancient Tito|nah I think I lose to gambit
|c|☆Ancient Tito|my dozo not healthy enough
|inactive|Ancient Tito has 120 seconds left.
|
|t:|1757931235
|move|p2a: Raging Bolt|Thunderbolt|p1a: Kingambit
|-damage|p1a: Kingambit|47/100
|move|p1a: Kingambit|Iron Head|p2a: Raging Bolt
|-supereffective|p2a: Raging Bolt
|-damage|p2a: Raging Bolt|0 fnt
|faint|p2a: Raging Bolt
|-end|p2a: Raging Bolt|Protosynthesis|[silent]
|
|-heal|p1a: Kingambit|53/100|[from] item: Leftovers
|upkeep
|inactive|Ancient Tito has 120 seconds left.
|
|t:|1757931243
|switch|p2a: Cinderace|Cinderace, F|63/100
|turn|25
|
|t:|1757931254
|move|p2a: Cinderace|Sucker Punch|p1a: Kingambit
|-start|p2a: Cinderace|typechange|Dark|[from] ability: Libero
|-resisted|p1a: Kingambit
|-damage|p1a: Kingambit|42/100
|move|p1a: Kingambit|Sucker Punch||[still]
|-fail|p1a: Kingambit
|
|-heal|p1a: Kingambit|48/100|[from] item: Leftovers
|upkeep
|turn|26
|
|t:|1757931262
|move|p1a: Kingambit|Sucker Punch|p2a: Cinderace
|-resisted|p2a: Cinderace
|-damage|p2a: Cinderace|22/100
|move|p2a: Cinderace|Pyro Ball|p1a: Kingambit
|-supereffective|p1a: Kingambit
|-damage|p1a: Kingambit|0 fnt
|faint|p1a: Kingambit
|-end|p1a: Kingambit|fallen5|[silent]
|
|win|Ancient Tito
|raw|henry151th's rating: 1525 &rarr; <strong>1507</strong><br />(-18 for losing)
|raw|Ancient Tito's rating: 1567 &rarr; <strong>1585</strong><br />(+18 for winning)
|c|☆Ancient Tito|gg
|c| blabala|YEAHHH it's over for ya
|l| CloudyEJ
|c| blabala|Ni wisp
|c|☆henry151th|Worst player of all time
|c|☆henry151th|Lmao
|l| Disscratch
|c|☆Ancient Tito|didn't need wisp
|l| heatraniac
|c|☆Ancient Tito|just needed to resist sucker
|c|☆Ancient Tito|so pyro can kill
|c| blabala|Sucker punch says it
|c| blabala|Fallen 5 it's enough to kill that from 50 range even resist and that frail cinder
|c| blabala|Oh wait you won
|c| blabala|Lmao I wasn't looking gz
|l| blabala
|l| bandedboltbeak
|c|☆Ancient Tito|ggs no worries
|l| cris peacock
