|j|☆venjazanzhes123
|j|☆mio3777
|t:|1757953450
|gametype|singles
|player|p1|venjazanzhes123|wallace|1493
|player|p2|mio3777|102|1523
|gen|9
|tier|[Gen 9] OU
|rated|
|rule|HP Percentage Mod: HP is shown in percentages
|rule|Endless Battle Clause: Forcing endless battles is banned
|rule|Species Clause: Limit one of each Pokémon
|rule|OHKO Clause: OHKO moves are banned
|rule|Evasion Items Clause: Evasion items are banned
|rule|Evasion Moves Clause: Evasion moves are banned
|rule|Evasion Abilities Clause: Evasion abilities are banned
|rule|Sleep Moves Clause: Sleep-inducing moves are banned
|clearpoke
|poke|p1|Skarmory, M|
|poke|p1|Goodra-Hisui, M|
|poke|p1|Quagsire, M|
|poke|p1|Dragonite, M|
|poke|p1|Tyranitar, M|
|poke|p1|Dragapult, M|
|poke|p2|Indeedee, M|
|poke|p2|Polteageist-Antique|
|poke|p2|Cinderace, F|
|poke|p2|Armarouge, M|
|poke|p2|Hawlucha, F|
|poke|p2|Hatterene, F|
|teampreview
|inactive|Battle timer is ON: inactive players will automatically lose when time's up. (requested by mio3777)
|
|t:|1757953462
|teamsize|p1|6
|teamsize|p2|6
|start
|switch|p1a: Dragapult|Dragapult, M|100/100
|switch|p2a: Indeedee|Indeedee, M|100/100
|-fieldstart|move: Psychic Terrain|[from] ability: Psychic Surge|[of] p2a: Indeedee
|turn|1
|
|t:|1757953470
|switch|p1a: Goodra|Goodra-Hisui, M|100/100
|switch|p2a: Armarouge|Armarouge, M|100/100
|
|upkeep
|turn|2
|
|t:|1757953481
|move|p2a: Armarouge|Armor Cannon|p1a: Goodra
|-damage|p1a: Goodra|73/100
|-unboost|p2a: Armarouge|def|1
|-unboost|p2a: Armarouge|spd|1
|move|p1a: Goodra|Dragon Pulse|p2a: Armarouge
|-damage|p2a: Armarouge|10/100
|
|upkeep
|turn|3
|
|t:|1757953489
|move|p2a: Armarouge|Destiny Bond|p2a: Armarouge
|-singlemove|p2a: Armarouge|Destiny Bond
|move|p1a: Goodra|Dragon Pulse|p2a: Armarouge
|-damage|p2a: Armarouge|0 fnt
|faint|p2a: Armarouge
|-activate|p2a: Armarouge|move: Destiny Bond
|faint|p1a: Goodra
|
|upkeep
|
|t:|1757953503
|switch|p2a: Hatterene|Hatterene, F|100/100
|switch|p1a: Dragapult|Dragapult, M|100/100
|turn|4
|
|t:|1757953509
|switch|p1a: Quagsire|Quagsire, M|100/100
|move|p2a: Hatterene|Draining Kiss|p1a: Quagsire
|-damage|p1a: Quagsire|66/100
|
|upkeep
|turn|5
|
|t:|1757953515
|move|p1a: Quagsire|Liquidation|p2a: Hatterene
|-damage|p2a: Hatterene|70/100
|move|p2a: Hatterene|Calm Mind|p2a: Hatterene
|-boost|p2a: Hatterene|spa|1
|-boost|p2a: Hatterene|spd|1
|
|-heal|p2a: Hatterene|76/100|[from] item: Leftovers
|upkeep
|turn|6
|
|t:|1757953523
|move|p1a: Quagsire|Earthquake|p2a: Hatterene
|-damage|p2a: Hatterene|42/100
|move|p2a: Hatterene|Draining Kiss|p1a: Quagsire
|-damage|p1a: Quagsire|28/100
|-heal|p2a: Hatterene|78/100|[from] drain|[of] p1a: Quagsire
|-enditem|p1a: Quagsire|Sitrus Berry|[eat]
|-heal|p1a: Quagsire|53/100|[from] item: Sitrus Berry
|
|-heal|p2a: Hatterene|84/100|[from] item: Leftovers
|upkeep
|turn|7
|
|t:|1757953533
|move|p1a: Quagsire|Earthquake|p2a: Hatterene
|-damage|p2a: Hatterene|53/100
|move|p2a: Hatterene|Draining Kiss|p1a: Quagsire
|-damage|p1a: Quagsire|17/100
|-heal|p2a: Hatterene|86/100|[from] drain|[of] p1a: Quagsire
|
|-heal|p2a: Hatterene|92/100|[from] item: Leftovers
|upkeep
|turn|8
|
|t:|1757953541
|move|p1a: Quagsire|Earthquake|p2a: Hatterene
|-damage|p2a: Hatterene|58/100
|move|p2a: Hatterene|Draining Kiss|p1a: Quagsire
|-damage|p1a: Quagsire|0 fnt
|-heal|p2a: Hatterene|73/100|[from] drain|[of] p1a: Quagsire
|faint|p1a: Quagsire
|
|-heal|p2a: Hatterene|79/100|[from] item: Leftovers
|-fieldend|move: Psychic Terrain
|upkeep
|
|t:|1757953550
|switch|p1a: Tyranitar|Tyranitar, M|100/100
|-weather|Sandstorm|[from] ability: Sand Stream|[of] p1a: Tyranitar
|-item|p1a: Tyranitar|Air Balloon
|turn|9
|
|t:|1757953555
|move|p1a: Tyranitar|Dragon Dance|p1a: Tyranitar
|-boost|p1a: Tyranitar|atk|1
|-boost|p1a: Tyranitar|spe|1
|move|p2a: Hatterene|Draining Kiss|p1a: Tyranitar
|-supereffective|p1a: Tyranitar
|-damage|p1a: Tyranitar|46/100
|-heal|p2a: Hatterene|100/100|[from] drain|[of] p1a: Tyranitar
|-enditem|p1a: Tyranitar|Air Balloon
|
|-weather|Sandstorm|[upkeep]
|-damage|p2a: Hatterene|95/100|[from] Sandstorm
|-heal|p2a: Hatterene|100/100|[from] item: Leftovers
|upkeep
|turn|10
|
|t:|1757953566
|move|p1a: Tyranitar|Rock Slide|p2a: Hatterene
|-damage|p2a: Hatterene|35/100
|move|p2a: Hatterene|Draining Kiss|p1a: Tyranitar
|-supereffective|p1a: Tyranitar
|-crit|p1a: Tyranitar
|-damage|p1a: Tyranitar|0 fnt
|-heal|p2a: Hatterene|72/100|[from] drain|[of] p1a: Tyranitar
|faint|p1a: Tyranitar
|
|-weather|Sandstorm|[upkeep]
|-damage|p2a: Hatterene|66/100|[from] Sandstorm
|-heal|p2a: Hatterene|72/100|[from] item: Leftovers
|upkeep
|
|t:|1757953572
|switch|p1a: Dragapult|Dragapult, M|100/100
|turn|11
|
|t:|1757953582
|-terastallize|p1a: Dragapult|Fire
|-terastallize|p2a: Hatterene|Fire
|move|p1a: Dragapult|Shadow Ball|p2a: Hatterene
|-damage|p2a: Hatterene|37/100
|-damage|p1a: Dragapult|91/100|[from] item: Life Orb
|move|p2a: Hatterene|Draining Kiss|p1a: Dragapult
|-resisted|p1a: Dragapult
|-damage|p1a: Dragapult|59/100
|-heal|p2a: Hatterene|61/100|[from] drain|[of] p1a: Dragapult
|
|-weather|Sandstorm|[upkeep]
|-damage|p1a: Dragapult|53/100|[from] Sandstorm
|-damage|p2a: Hatterene|55/100|[from] Sandstorm
|-heal|p2a: Hatterene|61/100|[from] item: Leftovers
|upkeep
|turn|12
|
|t:|1757953598
|move|p1a: Dragapult|Draco Meteor|p2a: Hatterene
|-damage|p2a: Hatterene|9/100
|-unboost|p1a: Dragapult|spa|2
|-damage|p1a: Dragapult|43/100|[from] item: Life Orb
|move|p2a: Hatterene|Expanding Force|p1a: Dragapult
|-damage|p1a: Dragapult|0 fnt
|faint|p1a: Dragapult
|
|-weather|Sandstorm|[upkeep]
|-damage|p2a: Hatterene|3/100|[from] Sandstorm
|-heal|p2a: Hatterene|9/100|[from] item: Leftovers
|upkeep
|-message|venjazanzhes123 forfeited.
|
|win|mio3777
|raw|venjazanzhes123's rating: 1493 &rarr; <strong>1475</strong><br />(-18 for losing)
|raw|mio3777's rating: 1523 &rarr; <strong>1541</strong><br />(+18 for winning)
|l|☆venjazanzhes123
|player|p1|
