|j|☆shatterstar1998
|j|☆suaiaj
|t:|1757910371
|gametype|singles
|player|p1|shatterstar1998|170|1181
|player|p2|suaiaj|steven|1171
|gen|9
|tier|[Gen 9] OU
|rated|
|rule|HP Percentage Mod: HP is shown in percentages
|rule|Endless Battle Clause: Forcing endless battles is banned
|rule|Species Clause: Limit one of each Pokémon
|rule|OHKO Clause: OHKO moves are banned
|rule|Evasion Items Clause: Evasion items are banned
|rule|Evasion Moves Clause: Evasion moves are banned
|rule|Evasion Abilities Clause: Evasion abilities are banned
|rule|Sleep Moves Clause: Sleep-inducing moves are banned
|clearpoke
|poke|p1|Iron Crown|
|poke|p1|Samurott-Hisui, M|
|poke|p1|Primarina, F|
|poke|p1|Landorus-Therian, M|
|poke|p1|Moltres|
|poke|p1|Weavile, F|
|poke|p2|Gallade, M|
|poke|p2|Raging Bolt|
|poke|p2|Garchomp, M|
|poke|p2|Gholdengo|
|poke|p2|Iron Jugulis|
|poke|p2|Iron Treads|
|teampreview
|inactive|Battle timer is ON: inactive players will automatically lose when time's up. (requested by shatterstar1998)
|
|t:|1757910396
|teamsize|p1|6
|teamsize|p2|6
|start
|switch|p1a: Landorus|Landorus-Therian, M|100/100
|switch|p2a: Iron Treads|Iron Treads|100/100
|-ability|p1a: Landorus|Intimidate|boost
|-unboost|p2a: Iron Treads|atk|1
|-enditem|p2a: Iron Treads|Booster Energy
|-activate|p2a: Iron Treads|ability: Quark Drive|[fromitem]
|-start|p2a: Iron Treads|quarkdrivespe
|turn|1
|
|t:|1757910408
|move|p2a: Iron Treads|Ice Spinner|p1a: Landorus
|-supereffective|p1a: Landorus
|-damage|p1a: Landorus|27/100
|-damage|p2a: Iron Treads|84/100|[from] item: Rocky Helmet|[of] p1a: Landorus
|move|p1a: Landorus|Stealth Rock|p2a: Iron Treads
|-sidestart|p2: suaiaj|move: Stealth Rock
|
|upkeep
|turn|2
|
|t:|1757910418
|switch|p1a: Moltres|Moltres|100/100
|move|p2a: Iron Treads|Rapid Spin|p1a: Moltres
|-damage|p1a: Moltres|92/100
|-boost|p2a: Iron Treads|spe|1
|-status|p2a: Iron Treads|brn|[from] ability: Flame Body|[of] p1a: Moltres
|-sideend|p2: suaiaj|Stealth Rock|[from] move: Rapid Spin|[of] p2a: Iron Treads
|
|-damage|p2a: Iron Treads|78/100 brn|[from] brn
|upkeep
|turn|3
|
|t:|1757910432
|move|p2a: Iron Treads|Ice Spinner|p1a: Moltres
|-damage|p1a: Moltres|86/100
|move|p1a: Moltres|Flamethrower|p2a: Iron Treads
|-supereffective|p2a: Iron Treads
|-damage|p2a: Iron Treads|0 fnt
|faint|p2a: Iron Treads
|-end|p2a: Iron Treads|Quark Drive|[silent]
|
|upkeep
|
|t:|1757910441
|switch|p2a: Raging Bolt|Raging Bolt|100/100
|-enditem|p2a: Raging Bolt|Booster Energy
|-activate|p2a: Raging Bolt|ability: Protosynthesis|[fromitem]
|-start|p2a: Raging Bolt|protosynthesisspa
|turn|4
|
|t:|1757910449
|switch|p1a: Iron Crown|Iron Crown|100/100
|move|p2a: Raging Bolt|Thunderbolt|p1a: Iron Crown
|-damage|p1a: Iron Crown|58/100
|
|upkeep
|turn|5
|
|t:|1757910459
|move|p1a: Iron Crown|Future Sight|p2a: Raging Bolt
|-start|p1a: Iron Crown|move: Future Sight
|move|p2a: Raging Bolt|Earthquake|p1a: Iron Crown
|-supereffective|p1a: Iron Crown
|-damage|p1a: Iron Crown|0 fnt
|faint|p1a: Iron Crown
|-end|p1a: Iron Crown|Quark Drive|[silent]
|
|upkeep
|
|t:|1757910470
|switch|p1a: Landorus|Landorus-Therian, M|27/100
|-ability|p1a: Landorus|Intimidate|boost
|-unboost|p2a: Raging Bolt|atk|1
|turn|6
|
|t:|1757910477
|move|p1a: Landorus|Earth Power|p2a: Raging Bolt
|-supereffective|p2a: Raging Bolt
|-damage|p2a: Raging Bolt|39/100
|move|p2a: Raging Bolt|Draco Meteor|p1a: Landorus
|-damage|p1a: Landorus|0 fnt
|-unboost|p2a: Raging Bolt|spa|2
|faint|p1a: Landorus
|
|upkeep
|
|t:|1757910489
|switch|p1a: Primarina|Primarina, F|100/100
|turn|7
|
|t:|1757910496
|-terastallize|p1a: Primarina|Steel
|move|p2a: Raging Bolt|Thunderbolt|p1a: Primarina
|-damage|p1a: Primarina|76/100
|move|p1a: Primarina|Substitute|p1a: Primarina
|-start|p1a: Primarina|Substitute
|-damage|p1a: Primarina|51/100
|
|-end|p2a: Raging Bolt|move: Future Sight
|-damage|p2a: Raging Bolt|0 fnt
|faint|p2a: Raging Bolt
|-end|p2a: Raging Bolt|Protosynthesis|[silent]
|upkeep
|
|t:|1757910515
|switch|p2a: Gallade|Gallade, M|100/100
|turn|8
|
|t:|1757910520
|move|p2a: Gallade|Sacred Sword|p1a: Primarina
|-supereffective|p1a: Primarina
|-end|p1a: Primarina|Substitute
|move|p1a: Primarina|Draining Kiss|p2a: Gallade
|-supereffective|p2a: Gallade
|-damage|p2a: Gallade|51/100
|-heal|p1a: Primarina|79/100|[from] drain|[of] p2a: Gallade
|
|upkeep
|turn|9
|
|t:|1757910529
|switch|p1a: Moltres|Moltres|86/100
|move|p2a: Gallade|Sacred Sword|p1a: Moltres
|-resisted|p1a: Moltres
|-damage|p1a: Moltres|60/100
|
|upkeep
|turn|10
|
|t:|1757910538
|switch|p2a: Garchomp|Garchomp, M|100/100
|move|p1a: Moltres|Roost|p1a: Moltres
|-heal|p1a: Moltres|100/100
|-singleturn|p1a: Moltres|move: Roost
|
|upkeep
|turn|11
|
|t:|1757910549
|move|p2a: Garchomp|Draco Meteor|p1a: Moltres
|-damage|p1a: Moltres|49/100
|-unboost|p2a: Garchomp|spa|2
|-damage|p2a: Garchomp|91/100|[from] item: Life Orb
|move|p1a: Moltres|Roar|p2a: Garchomp
|drag|p2a: Gallade|Gallade, M|51/100
|
|upkeep
|turn|12
|
|t:|1757910560
|move|p2a: Gallade|Knock Off|p1a: Moltres
|-damage|p1a: Moltres|25/100
|-enditem|p1a: Moltres|Heavy-Duty Boots|[from] move: Knock Off|[of] p2a: Gallade
|move|p1a: Moltres|Roost|p1a: Moltres
|-heal|p1a: Moltres|75/100
|-singleturn|p1a: Moltres|move: Roost
|
|upkeep
|turn|13
|
|t:|1757910569
|switch|p2a: Iron Jugulis|Iron Jugulis|100/100
|-enditem|p2a: Iron Jugulis|Booster Energy
|-activate|p2a: Iron Jugulis|ability: Quark Drive|[fromitem]
|-start|p2a: Iron Jugulis|quarkdrivespa
|move|p1a: Moltres|Flamethrower|p2a: Iron Jugulis
|-damage|p2a: Iron Jugulis|52/100
|
|upkeep
|turn|14
|
|t:|1757910580
|switch|p1a: Primarina|Primarina, F, tera:Steel|79/100
|move|p2a: Iron Jugulis|Dark Pulse|p1a: Primarina
|-damage|p1a: Primarina|34/100
|
|upkeep
|turn|15
|
|t:|1757910589
|-end|p2a: Iron Jugulis|Quark Drive|[silent]
|switch|p2a: Gholdengo|Gholdengo|100/100
|-item|p2a: Gholdengo|Air Balloon
|move|p1a: Primarina|Draining Kiss|p2a: Gholdengo
|-resisted|p2a: Gholdengo
|-damage|p2a: Gholdengo|90/100
|-heal|p1a: Primarina|43/100|[from] drain|[of] p2a: Gholdengo
|-enditem|p2a: Gholdengo|Air Balloon
|
|upkeep
|turn|16
|
|t:|1757910600
|move|p2a: Gholdengo|Shadow Ball|p1a: Primarina
|-damage|p1a: Primarina|5/100
|move|p1a: Primarina|Psychic Noise|p2a: Gholdengo
|-damage|p2a: Gholdengo|56/100
|-start|p2a: Gholdengo|move: Heal Block
|
|upkeep
|turn|17
|
|t:|1757910611
|move|p2a: Gholdengo|Thunderbolt|p1a: Primarina
|-damage|p1a: Primarina|0 fnt
|faint|p1a: Primarina
|
|-end|p2a: Gholdengo|move: Heal Block
|upkeep
|
|t:|1757910617
|switch|p1a: Samurott|Samurott-Hisui, M|100/100
|turn|18
|
|t:|1757910624
|-terastallize|p2a: Gholdengo|Dark
|move|p1a: Samurott|Ceaseless Edge|p2a: Gholdengo
|-resisted|p2a: Gholdengo
|-damage|p2a: Gholdengo|35/100
|-sidestart|p2: suaiaj|Spikes
|move|p2a: Gholdengo|Thunderbolt|p1a: Samurott
|-supereffective|p1a: Samurott
|-damage|p1a: Samurott|0 fnt
|faint|p1a: Samurott
|
|upkeep
|
|t:|1757910634
|switch|p1a: Weavile|Weavile, F|100/100
|-ability|p1a: Weavile|Pressure
|turn|19
|
|t:|1757910640
|move|p1a: Weavile|Triple Axel|p2a: Gholdengo
|-damage|p2a: Gholdengo|25/100
|-damage|p2a: Gholdengo|6/100
|-damage|p2a: Gholdengo|0 fnt
|faint|p2a: Gholdengo
|-hitcount|p2: Gholdengo|3
|
|upkeep
|
|t:|1757910649
|switch|p2a: Gallade|Gallade, M|51/100
|-damage|p2a: Gallade|38/100|[from] Spikes
|turn|20
|
|t:|1757910658
|switch|p1a: Moltres|Moltres|75/100
|move|p2a: Gallade|Sacred Sword|p1a: Moltres
|-resisted|p1a: Moltres
|-damage|p1a: Moltres|49/100
|-status|p2a: Gallade|brn|[from] ability: Flame Body|[of] p1a: Moltres
|
|-damage|p2a: Gallade|32/100 brn|[from] brn
|upkeep
|turn|21
|
|t:|1757910669
|switch|p2a: Iron Jugulis|Iron Jugulis|52/100
|move|p1a: Moltres|Roost|p1a: Moltres
|-heal|p1a: Moltres|99/100
|-singleturn|p1a: Moltres|move: Roost
|
|upkeep
|turn|22
|
|t:|1757910678
|move|p2a: Iron Jugulis|Dark Pulse|p1a: Moltres
|-damage|p1a: Moltres|57/100
|cant|p1a: Moltres|flinch
|
|upkeep
|turn|23
|
|t:|1757910685
|switch|p1a: Weavile|Weavile, F|100/100
|-ability|p1a: Weavile|Pressure
|move|p2a: Iron Jugulis|Dark Pulse|p1a: Weavile
|-resisted|p1a: Weavile
|-damage|p1a: Weavile|72/100
|
|upkeep
|turn|24
|
|t:|1757910695
|move|p1a: Weavile|Ice Shard|p2a: Iron Jugulis
|-supereffective|p2a: Iron Jugulis
|-damage|p2a: Iron Jugulis|9/100
|move|p2a: Iron Jugulis|Flamethrower|p1a: Weavile
|-supereffective|p1a: Weavile
|-damage|p1a: Weavile|0 fnt
|faint|p1a: Weavile
|
|upkeep
|-message|shatterstar1998 forfeited.
|
|win|suaiaj
|raw|shatterstar1998's rating: 1181 &rarr; <strong>1155</strong><br />(-26 for losing)
|raw|suaiaj's rating: 1171 &rarr; <strong>1197</strong><br />(+26 for winning)
|l|☆shatterstar1998
|player|p1|
|l|☆suaiaj
|player|p2|
