|j|☆koroyev
|j|☆3idk
|t:|1757912461
|gametype|singles
|player|p1|koroyev|roxanne|1600
|player|p2|3idk|lusamine-masters|1618
|gen|9
|tier|[Gen 9] OU
|rated|
|rule|HP Percentage Mod: HP is shown in percentages
|rule|Endless Battle Clause: Forcing endless battles is banned
|rule|Species Clause: Limit one of each Pokémon
|rule|OHKO Clause: OHKO moves are banned
|rule|Evasion Items Clause: Evasion items are banned
|rule|Evasion Moves Clause: Evasion moves are banned
|rule|Evasion Abilities Clause: Evasion abilities are banned
|rule|Sleep Moves Clause: Sleep-inducing moves are banned
|clearpoke
|poke|p1|Hatterene, F|
|poke|p1|Great Tusk|
|poke|p1|Ceruledge, M|
|poke|p1|Ting-Lu|
|poke|p1|Dragonite, F|
|poke|p1|Kyurem|
|poke|p2|Tyranitar, M|
|poke|p2|Excadrill, M|
|poke|p2|Keldeo-Resolute|
|poke|p2|Tornadus-Therian, M|
|poke|p2|Heatran, F|
|poke|p2|Hydrapple, F|
|teampreview
|inactive|Battle timer is ON: inactive players will automatically lose when time's up. (requested by 3idk)
|
|t:|1757912467
|teamsize|p1|6
|teamsize|p2|6
|start
|switch|p1a: Creeper|Ceruledge, M|100/100
|switch|p2a: Tornadus|Tornadus-Therian, M|100/100
|turn|1
|j| A.Omnipotent
|
|t:|1757912478
|move|p2a: Tornadus|Taunt|p1a: Creeper
|-start|p1a: Creeper|move: Taunt
|cant|p1a: Creeper|move: Taunt|Swords Dance
|
|upkeep
|turn|2
|
|t:|1757912485
|switch|p1a: Atelier|Hatterene, F|100/100
|move|p2a: Tornadus|Bleakwind Storm|p1a: Atelier|[miss]
|-miss|p2a: Tornadus|p1a: Atelier
|
|upkeep
|turn|3
|
|t:|1757912488
|move|p2a: Tornadus|U-turn|p1a: Atelier
|-damage|p1a: Atelier|86/100
|
|t:|1757912492
|switch|p2a: Excadrill|Excadrill, M|100/100|[from] U-turn
|-item|p2a: Excadrill|Air Balloon
|move|p1a: Atelier|Nuzzle|p2a: Excadrill
|-immune|p2a: Excadrill
|
|upkeep
|turn|4
|
|t:|1757912497
|switch|p2a: Keldeo|Keldeo-Resolute|100/100
|move|p1a: Atelier|Psychic Noise|p2a: Keldeo
|-supereffective|p2a: Keldeo
|-damage|p2a: Keldeo|6/100
|-start|p2a: Keldeo|move: Heal Block
|
|upkeep
|turn|5
|
|t:|1757912502
|move|p2a: Keldeo|Surf|p1a: Atelier
|-damage|p1a: Atelier|40/100
|move|p1a: Atelier|Draining Kiss|p2a: Keldeo
|-supereffective|p2a: Keldeo
|-damage|p2a: Keldeo|0 fnt
|-heal|p1a: Atelier|44/100|[from] drain|[of] p2a: Keldeo
|faint|p2a: Keldeo
|
|upkeep
|
|t:|1757912509
|switch|p2a: Tyranitar|Tyranitar, M|100/100
|-weather|Sandstorm|[from] ability: Sand Stream|[of] p2a: Tyranitar
|turn|6
|
|t:|1757912515
|move|p2a: Tyranitar|Low Kick|p1a: Atelier
|-resisted|p1a: Atelier
|-damage|p1a: Atelier|41/100
|move|p1a: Atelier|Nuzzle|p2a: Tyranitar
|-damage|p2a: Tyranitar|97/100
|-status|p2a: Tyranitar|par
|
|-weather|Sandstorm|[upkeep]
|-damage|p1a: Atelier|35/100|[from] Sandstorm
|upkeep
|turn|7
|
|t:|1757912521
|switch|p2a: Excadrill|Excadrill, M|100/100
|-item|p2a: Excadrill|Air Balloon
|move|p1a: Atelier|Draining Kiss|p2a: Excadrill
|-resisted|p2a: Excadrill
|-damage|p2a: Excadrill|82/100
|-heal|p1a: Atelier|50/100|[from] drain|[of] p2a: Excadrill
|-enditem|p2a: Excadrill|Air Balloon
|
|-weather|Sandstorm|[upkeep]
|-damage|p1a: Atelier|45/100|[from] Sandstorm
|upkeep
|turn|8
|
|t:|1757912526
|move|p2a: Excadrill|Earthquake|p1a: Atelier
|-damage|p1a: Atelier|0 fnt
|faint|p1a: Atelier
|
|-weather|Sandstorm|[upkeep]
|upkeep
|
|t:|1757912532
|switch|p1a: Not Fun|Ting-Lu|100/100
|-ability|p1a: Not Fun|Vessel of Ruin
|turn|9
|
|t:|1757912537
|switch|p2a: Hydrapple|Hydrapple, F|100/100
|move|p1a: Not Fun|Ruination|p2a: Hydrapple
|-damage|p2a: Hydrapple|50/100
|
|-weather|Sandstorm|[upkeep]
|-damage|p2a: Hydrapple|44/100|[from] Sandstorm
|upkeep
|turn|10
|
|t:|1757912542
|move|p1a: Not Fun|Stealth Rock|p2a: Hydrapple
|-sidestart|p2: 3idk|move: Stealth Rock
|move|p2a: Hydrapple|Nasty Plot|p2a: Hydrapple
|-boost|p2a: Hydrapple|spa|2
|
|-weather|none
|upkeep
|turn|11
|
|t:|1757912545
|move|p2a: Hydrapple|Giga Drain|p1a: Not Fun
|-supereffective|p1a: Not Fun
|-damage|p1a: Not Fun|47/100
|-heal|p2a: Hydrapple|78/100|[from] drain|[of] p1a: Not Fun
|move|p1a: Not Fun|Whirlwind|p2a: Hydrapple
|drag|p2a: Heatran|Heatran, F|100/100
|-damage|p2a: Heatran|88/100|[from] Stealth Rock
|
|-heal|p2a: Heatran|94/100|[from] item: Leftovers
|-heal|p1a: Not Fun|53/100|[from] item: Leftovers
|upkeep
|turn|12
|
|t:|1757912554
|switch|p2a: Tornadus|Tornadus-Therian, M|100/100
|move|p1a: Not Fun|Ruination|p2a: Tornadus
|-damage|p2a: Tornadus|51/100
|
|-heal|p1a: Not Fun|59/100|[from] item: Leftovers
|upkeep
|turn|13
|
|t:|1757912562
|move|p2a: Tornadus|Taunt|p1a: Not Fun
|-start|p1a: Not Fun|move: Taunt
|move|p1a: Not Fun|Ruination|p2a: Tornadus
|-damage|p2a: Tornadus|26/100
|
|-heal|p1a: Not Fun|65/100|[from] item: Leftovers
|upkeep
|turn|14
|j| Dragonair bot
|
|t:|1757912570
|switch|p1a: Creeper|Ceruledge, M|100/100
|move|p2a: Tornadus|U-turn|p1a: Creeper
|-resisted|p1a: Creeper
|-damage|p1a: Creeper|96/100
|-ability|p1a: Creeper|Weak Armor|boost
|-unboost|p1a: Creeper|def|1
|-boost|p1a: Creeper|spe|2
|l| Dragonair bot
|
|t:|1757912576
|switch|p2a: Hydrapple|Hydrapple, F|100/100|[from] U-turn
|-damage|p2a: Hydrapple|88/100|[from] Stealth Rock
|
|upkeep
|turn|15
|
|t:|1757912583
|move|p1a: Creeper|Bitter Blade|p2a: Hydrapple
|-damage|p2a: Hydrapple|64/100
|-heal|p1a: Creeper|100/100|[from] drain|[of] p2a: Hydrapple
|-damage|p1a: Creeper|84/100|[from] item: Rocky Helmet|[of] p2a: Hydrapple
|move|p2a: Hydrapple|Earth Power|p1a: Creeper
|-supereffective|p1a: Creeper
|-damage|p1a: Creeper|28/100
|
|upkeep
|turn|16
|
|t:|1757912591
|move|p1a: Creeper|Close Combat|p2a: Hydrapple
|-damage|p2a: Hydrapple|40/100
|-unboost|p1a: Creeper|def|1
|-unboost|p1a: Creeper|spd|1
|-damage|p1a: Creeper|12/100|[from] item: Rocky Helmet|[of] p2a: Hydrapple
|move|p2a: Hydrapple|Earth Power|p1a: Creeper
|-supereffective|p1a: Creeper
|-damage|p1a: Creeper|0 fnt
|faint|p1a: Creeper
|
|upkeep
|
|t:|1757912598
|switch|p1a: Tera Ghost|Dragonite, F|100/100
|turn|17
|
|t:|1757912603
|switch|p2a: Tyranitar|Tyranitar, M|97/100 par
|-damage|p2a: Tyranitar|85/100 par|[from] Stealth Rock
|-weather|Sandstorm|[from] ability: Sand Stream|[of] p2a: Tyranitar
|-terastallize|p1a: Tera Ghost|Fairy
|move|p1a: Tera Ghost|Dragon Dance|p1a: Tera Ghost
|-boost|p1a: Tera Ghost|atk|1
|-boost|p1a: Tera Ghost|spe|1
|
|-weather|Sandstorm|[upkeep]
|-damage|p1a: Tera Ghost|95/100|[from] Sandstorm
|-heal|p1a: Tera Ghost|100/100|[from] item: Leftovers
|upkeep
|turn|18
|
|t:|1757912614
|move|p1a: Tera Ghost|Dragon Dance|p1a: Tera Ghost
|-boost|p1a: Tera Ghost|atk|1
|-boost|p1a: Tera Ghost|spe|1
|move|p2a: Tyranitar|Stone Edge|p1a: Tera Ghost
|-crit|p1a: Tera Ghost
|-damage|p1a: Tera Ghost|44/100
|
|-weather|Sandstorm|[upkeep]
|-damage|p1a: Tera Ghost|38/100|[from] Sandstorm
|-heal|p1a: Tera Ghost|44/100|[from] item: Leftovers
|upkeep
|turn|19
|
|t:|1757912620
|move|p1a: Tera Ghost|Roost|p1a: Tera Ghost
|-heal|p1a: Tera Ghost|94/100
|cant|p2a: Tyranitar|par
|
|-weather|Sandstorm|[upkeep]
|-damage|p1a: Tera Ghost|88/100|[from] Sandstorm
|-heal|p1a: Tera Ghost|94/100|[from] item: Leftovers
|upkeep
|turn|20
|
|t:|1757912626
|move|p1a: Tera Ghost|Tera Blast|p2a: Tyranitar|[anim] Tera Blast Fairy
|-supereffective|p2a: Tyranitar
|-damage|p2a: Tyranitar|0 fnt
|faint|p2a: Tyranitar
|
|-weather|Sandstorm|[upkeep]
|-damage|p1a: Tera Ghost|88/100|[from] Sandstorm
|-heal|p1a: Tera Ghost|94/100|[from] item: Leftovers
|upkeep
|
|t:|1757912630
|switch|p2a: Excadrill|Excadrill, M|82/100
|-damage|p2a: Excadrill|79/100|[from] Stealth Rock
|turn|21
|j| Lotus1089
|
|t:|1757912638
|move|p2a: Excadrill|Iron Head|p1a: Tera Ghost
|-supereffective|p1a: Tera Ghost
|-damage|p1a: Tera Ghost|13/100
|move|p1a: Tera Ghost|Earthquake|p2a: Excadrill
|-supereffective|p2a: Excadrill
|-damage|p2a: Excadrill|0 fnt
|faint|p2a: Excadrill
|
|-weather|none
|-heal|p1a: Tera Ghost|19/100|[from] item: Leftovers
|upkeep
|
|t:|1757912645
|switch|p2a: Hydrapple|Hydrapple, F|73/100
|-damage|p2a: Hydrapple|61/100|[from] Stealth Rock
|turn|22
|
|t:|1757912652
|switch|p2a: Heatran|Heatran, F|94/100
|-damage|p2a: Heatran|82/100|[from] Stealth Rock
|move|p1a: Tera Ghost|Earthquake|p2a: Heatran
|-supereffective|p2a: Heatran
|-damage|p2a: Heatran|0 fnt
|faint|p2a: Heatran
|
|-heal|p1a: Tera Ghost|25/100|[from] item: Leftovers
|upkeep
|-message|3idk forfeited.
|
|win|koroyev
|raw|koroyev's rating: 1600 &rarr; <strong>1622</strong><br />(+22 for winning)
|raw|3idk's rating: 1639 &rarr; <strong>1617</strong><br />(-22 for losing)
|l|☆3idk
|player|p2|
|l| A.Omnipotent
|l| Lotus1089
|l|☆koroyev
|player|p1|
