|j|☆FlutterKiller
|j|☆tatara_12
|t:|1757807848
|gametype|singles
|player|p1|FlutterKiller|byron|1202
|player|p2|tatara_12|shadowtriad|1173
|gen|9
|tier|[Gen 9] OU
|rated|
|rule|HP Percentage Mod: HP is shown in percentages
|rule|Endless Battle Clause: Forcing endless battles is banned
|rule|Species Clause: Limit one of each Pokémon
|rule|OHKO Clause: OHKO moves are banned
|rule|Evasion Items Clause: Evasion items are banned
|rule|Evasion Moves Clause: Evasion moves are banned
|rule|Evasion Abilities Clause: Evasion abilities are banned
|rule|Sleep Moves Clause: Sleep-inducing moves are banned
|clearpoke
|poke|p1|Arcanine-Hisui, F|
|poke|p1|Ting-Lu|
|poke|p1|Cyclizar, M|
|poke|p1|Enamorus, F|
|poke|p1|Gholdengo|
|poke|p1|Blaziken, M|
|poke|p2|Weavile, F|
|poke|p2|Dragonite, F|
|poke|p2|Gliscor, F|
|poke|p2|Clefable, F|
|poke|p2|Corviknight, F|
|poke|p2|Ting-Lu|
|teampreview
|inactive|Battle timer is ON: inactive players will automatically lose when time's up. (requested by tatara_12)
|inactive|FlutterKiller also wants the timer to be on.
|inactive|tatara_12 has 120 seconds left.
|
|t:|1757807880
|teamsize|p1|6
|teamsize|p2|6
|start
|switch|p1a: Chicken|Blaziken, M|100/100
|switch|p2a: Gliscor|Gliscor, F|100/100
|turn|1
|
|t:|1757807899
|move|p1a: Chicken|Knock Off|p2a: Gliscor
|-damage|p2a: Gliscor|74/100
|-enditem|p2a: Gliscor|Toxic Orb|[from] move: Knock Off|[of] p1a: Chicken
|move|p2a: Gliscor|Swords Dance|p2a: Gliscor
|-boost|p2a: Gliscor|atk|2
|
|-ability|p1a: Chicken|Speed Boost|boost
|-boost|p1a: Chicken|spe|1
|upkeep
|turn|2
|
|t:|1757807923
|switch|p1a: String Cheese|Gholdengo|100/100
|move|p2a: Gliscor|Facade|p1a: String Cheese
|-immune|p1a: String Cheese
|
|upkeep
|turn|3
|
|t:|1757807928
|move|p1a: String Cheese|Make It Rain|p2a: Gliscor
|-damage|p2a: Gliscor|3/100
|-unboost|p1a: String Cheese|spa|1
|-damage|p1a: String Cheese|91/100|[from] item: Life Orb
|move|p2a: Gliscor|Knock Off|p1a: String Cheese
|-supereffective|p1a: String Cheese
|-damage|p1a: String Cheese|0 fnt
|-enditem|p1a: String Cheese|Life Orb|[from] move: Knock Off|[of] p2a: Gliscor
|faint|p1a: String Cheese
|
|upkeep
|inactive|FlutterKiller has 120 seconds left.
|inactive|FlutterKiller has 90 seconds left.
|inactive|FlutterKiller has 60 seconds left.
|
|t:|1757808018
|switch|p1a: Preppy|Enamorus, F|100/100
|turn|4
|inactive|FlutterKiller has 60 seconds left.
|inactive|FlutterKiller has 30 seconds left.
|
|t:|1757808055
|move|p1a: Preppy|Mystical Fire|p2a: Gliscor
|-damage|p2a: Gliscor|0 fnt
|faint|p2a: Gliscor
|
|upkeep
|
|t:|1757808084
|switch|p2a: Dragonite|Dragonite, F|100/100
|turn|5
|
|t:|1757808094
|-terastallize|p2a: Dragonite|Normal
|move|p1a: Preppy|Mystical Fire|p2a: Dragonite
|-damage|p2a: Dragonite|84/100
|-unboost|p2a: Dragonite|spa|1
|move|p2a: Dragonite|Dragon Dance|p2a: Dragonite
|-boost|p2a: Dragonite|atk|1
|-boost|p2a: Dragonite|spe|1
|
|upkeep
|turn|6
|
|t:|1757808107
|switch|p1a: Moose|Ting-Lu|100/100
|-ability|p1a: Moose|Vessel of Ruin
|move|p2a: Dragonite|Extreme Speed|p1a: Moose
|-damage|p1a: Moose|74/100
|
|upkeep
|turn|7
|inactive|tatara_12 has 120 seconds left.
|
|t:|1757808123
|move|p2a: Dragonite|Dragon Dance|p2a: Dragonite
|-boost|p2a: Dragonite|atk|1
|-boost|p2a: Dragonite|spe|1
|move|p1a: Moose|Sand Tomb|p2a: Dragonite
|-damage|p2a: Dragonite|73/100
|-activate|p2a: Dragonite|move: Sand Tomb|[of] p1a: Moose
|
|-damage|p2a: Dragonite|60/100|[from] move: Sand Tomb|[partiallytrapped]
|upkeep
|turn|8
|
|t:|1757808127
|move|p2a: Dragonite|Extreme Speed|p1a: Moose
|-damage|p1a: Moose|41/100
|move|p1a: Moose|Body Press|p2a: Dragonite
|-supereffective|p2a: Dragonite
|-damage|p2a: Dragonite|8/100
|
|-damage|p2a: Dragonite|0 fnt|[from] move: Sand Tomb|[partiallytrapped]
|faint|p2a: Dragonite
|upkeep
|
|t:|1757808139
|switch|p2a: Corviknight|Corviknight, F|100/100
|-ability|p2a: Corviknight|Pressure
|turn|9
|
|t:|1757808143
|move|p2a: Corviknight|Body Press|p1a: Moose
|-supereffective|p1a: Moose
|-damage|p1a: Moose|17/100
|move|p1a: Moose|Ruination|p2a: Corviknight
|-damage|p2a: Corviknight|51/100
|
|upkeep
|turn|10
|
|t:|1757808149
|move|p2a: Corviknight|Body Press|p1a: Moose
|-supereffective|p1a: Moose
|-damage|p1a: Moose|0 fnt
|faint|p1a: Moose
|
|upkeep
|
|t:|1757808153
|switch|p1a: Preppy|Enamorus, F|100/100
|turn|11
|
|t:|1757808162
|switch|p2a: Clefable|Clefable, F|100/100
|move|p1a: Preppy|Mystical Fire|p2a: Clefable
|-damage|p2a: Clefable|59/100
|-unboost|p2a: Clefable|spa|1
|
|upkeep
|turn|12
|
|t:|1757808167
|-terastallize|p1a: Preppy|Fire
|move|p1a: Preppy|Mystical Fire|p2a: Clefable
|-damage|p2a: Clefable|6/100
|-unboost|p2a: Clefable|spa|1
|move|p2a: Clefable|Moonlight|p2a: Clefable
|-heal|p2a: Clefable|56/100
|
|upkeep
|turn|13
|
|t:|1757808182
|move|p1a: Preppy|Mystical Fire|p2a: Clefable
|-damage|p2a: Clefable|0 fnt
|faint|p2a: Clefable
|
|upkeep
|
|t:|1757808191
|switch|p2a: Ting-Lu|Ting-Lu|100/100
|-ability|p2a: Ting-Lu|Vessel of Ruin
|turn|14
|
|t:|1757808199
|switch|p1a: Bike|Cyclizar, M|100/100
|move|p2a: Ting-Lu|Earthquake|p1a: Bike
|-damage|p1a: Bike|39/100
|
|upkeep
|turn|15
|
|t:|1757808205
|move|p1a: Bike|Knock Off|p2a: Ting-Lu
|-resisted|p2a: Ting-Lu
|-damage|p2a: Ting-Lu|94/100
|-enditem|p2a: Ting-Lu|Leftovers|[from] move: Knock Off|[of] p1a: Bike
|move|p2a: Ting-Lu|Stealth Rock|p1a: Bike
|-sidestart|p1: FlutterKiller|move: Stealth Rock
|
|upkeep
|turn|16
|
|t:|1757808209
|move|p1a: Bike|Rapid Spin|p2a: Ting-Lu
|-damage|p2a: Ting-Lu|83/100
|-boost|p1a: Bike|spe|1
|-sideend|p1: FlutterKiller|Stealth Rock|[from] move: Rapid Spin|[of] p1a: Bike
|move|p2a: Ting-Lu|Earthquake|p1a: Bike
|-damage|p1a: Bike|0 fnt
|faint|p1a: Bike
|
|upkeep
|
|t:|1757808213
|switch|p1a: Preppy|Enamorus, F, tera:Fire|100/100
|turn|17
|
|t:|1757808216
|move|p1a: Preppy|Moonblast|p2a: Ting-Lu
|-supereffective|p2a: Ting-Lu
|-damage|p2a: Ting-Lu|22/100
|move|p2a: Ting-Lu|Earthquake|p1a: Preppy
|-supereffective|p1a: Preppy
|-damage|p1a: Preppy|0 fnt
|faint|p1a: Preppy
|
|upkeep
|
|t:|1757808222
|switch|p1a: Chicken|Blaziken, M|100/100
|turn|18
|
|t:|1757808226
|move|p1a: Chicken|Close Combat|p2a: Ting-Lu
|-supereffective|p2a: Ting-Lu
|-damage|p2a: Ting-Lu|0 fnt
|-unboost|p1a: Chicken|def|1
|-unboost|p1a: Chicken|spd|1
|faint|p2a: Ting-Lu
|
|-ability|p1a: Chicken|Speed Boost|boost
|-boost|p1a: Chicken|spe|1
|upkeep
|
|t:|1757808237
|switch|p2a: Weavile|Weavile, F|100/100
|-ability|p2a: Weavile|Pressure
|turn|19
|
|t:|1757808242
|switch|p2a: Corviknight|Corviknight, F|51/100
|-ability|p2a: Corviknight|Pressure
|move|p1a: Chicken|Blaze Kick|p2a: Corviknight
|-supereffective|p2a: Corviknight
|-damage|p2a: Corviknight|0 fnt
|-damage|p1a: Chicken|84/100|[from] item: Rocky Helmet|[of] p2a: Corviknight
|faint|p2a: Corviknight
|
|-ability|p1a: Chicken|Speed Boost|boost
|-boost|p1a: Chicken|spe|1
|upkeep
|
|t:|1757808245
|switch|p2a: Weavile|Weavile, F|100/100
|-ability|p2a: Weavile|Pressure
|turn|20
|
|t:|1757808252
|move|p1a: Chicken|Blaze Kick|p2a: Weavile
|-supereffective|p2a: Weavile
|-damage|p2a: Weavile|0 fnt
|faint|p2a: Weavile
|
|win|FlutterKiller
|raw|FlutterKiller's rating: 1202 &rarr; <strong>1225</strong><br />(+23 for winning)
|raw|tatara_12's rating: 1173 &rarr; <strong>1150</strong><br />(-23 for losing)
|l|☆tatara_12
|player|p2|
|c|☆FlutterKiller|ggwp
