|j|☆lupiit
|j|☆8daniel8
|t:|1757912086
|gametype|singles
|player|p1|lupiit|dragontamer|1471
|player|p2|8daniel8|koga|1432
|gen|9
|tier|[Gen 9] OU
|rated|
|rule|HP Percentage Mod: HP is shown in percentages
|rule|Endless Battle Clause: Forcing endless battles is banned
|rule|Species Clause: Limit one of each Pokémon
|rule|OHKO Clause: OHKO moves are banned
|rule|Evasion Items Clause: Evasion items are banned
|rule|Evasion Moves Clause: Evasion moves are banned
|rule|Evasion Abilities Clause: Evasion abilities are banned
|rule|Sleep Moves Clause: Sleep-inducing moves are banned
|clearpoke
|poke|p1|Kyurem|
|poke|p1|Latias, F|
|poke|p1|Skeledirge, F|
|poke|p1|Cinderace, M|
|poke|p1|Garchomp, M|
|poke|p1|Mew|
|poke|p2|Dragapult, F|
|poke|p2|Mandibuzz, F|
|poke|p2|Empoleon, M|
|poke|p2|Okidogi, M|
|poke|p2|Electrode-Hisui|
|poke|p2|Comfey, M|
|teampreview
|inactive|Battle timer is ON: inactive players will automatically lose when time's up. (requested by lupiit)
|
|t:|1757912101
|teamsize|p1|6
|teamsize|p2|6
|start
|switch|p1a: Mew|Mew|100/100
|switch|p2a: Electrode|Electrode-Hisui|100/100
|turn|1
|
|t:|1757912109
|move|p2a: Electrode|Volt Switch|p1a: Mew
|-damage|p1a: Mew|65/100
|
|t:|1757912115
|switch|p2a: Dragapult|Dragapult, F|100/100|[from] Volt Switch
|move|p1a: Mew|Toxic|p2a: Dragapult
|-status|p2a: Dragapult|tox
|
|-damage|p2a: Dragapult|95/100 tox|[from] psn
|upkeep
|turn|2
|
|t:|1757912127
|move|p1a: Mew|Protect|p1a: Mew
|-singleturn|p1a: Mew|Protect
|move|p2a: Dragapult|Dragon Darts|p1a: Mew
|-activate|p1a: Mew|move: Protect
|
|-damage|p2a: Dragapult|83/100 tox|[from] psn
|upkeep
|turn|3
|
|t:|1757912135
|move|p2a: Dragapult|Dragon Darts|p1a: Mew
|-damage|p1a: Mew|35/100
|-anim|p2a: Dragapult|Dragon Darts|p1a: Mew
|-damage|p1a: Mew|4/100
|-damage|p2a: Dragapult|73/100 tox|[from] item: Life Orb
|move|p1a: Mew|Reflect|p1a: Mew
|-sidestart|p1: lupiit|Reflect
|
|-damage|p2a: Dragapult|55/100 tox|[from] psn
|upkeep
|turn|4
|
|t:|1757912155
|switch|p2a: Electrode|Electrode-Hisui|100/100
|move|p1a: Mew|Protect||[still]
|-fail|p1a: Mew
|
|upkeep
|turn|5
|
|t:|1757912164
|switch|p1a: Garchomp|Garchomp, M|100/100
|move|p2a: Electrode|Leaf Storm|p1a: Garchomp
|-damage|p1a: Garchomp|37/100
|-unboost|p2a: Electrode|spa|2
|
|upkeep
|turn|6
|
|t:|1757912174
|move|p2a: Electrode|Leaf Storm|p1a: Garchomp
|-damage|p1a: Garchomp|5/100
|-unboost|p2a: Electrode|spa|2
|move|p1a: Garchomp|Stealth Rock|p2a: Electrode
|-sidestart|p2: 8daniel8|move: Stealth Rock
|
|upkeep
|turn|7
|
|t:|1757912182
|switch|p1a: Latias|Latias, F|100/100
|move|p2a: Electrode|Leaf Storm|p1a: Latias
|-resisted|p1a: Latias
|-damage|p1a: Latias|91/100
|-unboost|p2a: Electrode|spa|2
|
|-heal|p1a: Latias|97/100|[from] item: Leftovers
|upkeep
|turn|8
|
|t:|1757912192
|switch|p2a: Okidogi|Okidogi, M|100/100
|-damage|p2a: Okidogi|94/100|[from] Stealth Rock
|move|p1a: Latias|Calm Mind|p1a: Latias
|-boost|p1a: Latias|spa|1
|-boost|p1a: Latias|spd|1
|
|-heal|p2a: Okidogi|100/100|[from] item: Leftovers
|-heal|p1a: Latias|100/100|[from] item: Leftovers
|upkeep
|turn|9
|
|t:|1757912202
|switch|p2a: Comfey|Comfey, M|100/100
|-damage|p2a: Comfey|88/100|[from] Stealth Rock
|move|p1a: Latias|Stored Power|p2a: Comfey
|-damage|p2a: Comfey|48/100
|
|upkeep
|turn|10
|
|t:|1757912210
|move|p2a: Comfey|Draining Kiss|p1a: Latias
|-supereffective|p1a: Latias
|-damage|p1a: Latias|81/100
|-heal|p2a: Comfey|69/100|[from] drain|[of] p1a: Latias
|move|p1a: Latias|Calm Mind|p1a: Latias
|-boost|p1a: Latias|spa|1
|-boost|p1a: Latias|spd|1
|
|-heal|p1a: Latias|87/100|[from] item: Leftovers
|-sideend|p1: lupiit|Reflect
|upkeep
|turn|11
|
|t:|1757912221
|move|p1a: Latias|Stored Power|p2a: Comfey
|-damage|p2a: Comfey|0 fnt
|faint|p2a: Comfey
|
|-heal|p1a: Latias|93/100|[from] item: Leftovers
|upkeep
|
|t:|1757912229
|switch|p2a: Dragapult|Dragapult, F|55/100 tox
|-damage|p2a: Dragapult|42/100 tox|[from] Stealth Rock
|turn|12
|
|t:|1757912234
|switch|p1a: Garchomp|Garchomp, M|5/100
|move|p2a: Dragapult|Dragon Darts|p1a: Garchomp
|-supereffective|p1a: Garchomp
|-damage|p1a: Garchomp|0 fnt
|faint|p1a: Garchomp
|-damage|p2a: Dragapult|33/100 tox|[from] item: Life Orb
|
|-damage|p2a: Dragapult|27/100 tox|[from] psn
|upkeep
|
|t:|1757912236
|switch|p1a: Kyurem|Kyurem|100/100
|-ability|p1a: Kyurem|Pressure
|turn|13
|
|t:|1757912255
|switch|p2a: Mandibuzz|Mandibuzz, F|100/100
|move|p1a: Kyurem|Freeze-Dry|p2a: Mandibuzz
|-supereffective|p2a: Mandibuzz
|-damage|p2a: Mandibuzz|45/100
|
|upkeep
|turn|14
|
|t:|1757912262
|switch|p2a: Empoleon|Empoleon, M|100/100
|-damage|p2a: Empoleon|94/100|[from] Stealth Rock
|move|p1a: Kyurem|Freeze-Dry|p2a: Empoleon
|-damage|p2a: Empoleon|72/100
|
|-heal|p2a: Empoleon|78/100|[from] item: Leftovers
|upkeep
|turn|15
|
|t:|1757912274
|move|p1a: Kyurem|Freeze-Dry|p2a: Empoleon
|-damage|p2a: Empoleon|56/100
|move|p2a: Empoleon|Whirlpool|p1a: Kyurem
|-resisted|p1a: Kyurem
|-damage|p1a: Kyurem|94/100
|-activate|p1a: Kyurem|move: Whirlpool|[of] p2a: Empoleon
|
|-heal|p2a: Empoleon|62/100|[from] item: Leftovers
|-damage|p1a: Kyurem|82/100|[from] move: Whirlpool|[partiallytrapped]
|upkeep
|turn|16
|
|t:|1757912284
|move|p1a: Kyurem|Freeze-Dry|p2a: Empoleon
|-damage|p2a: Empoleon|38/100
|-status|p2a: Empoleon|frz
|cant|p2a: Empoleon|frz
|
|-heal|p2a: Empoleon|44/100 frz|[from] item: Leftovers
|-damage|p1a: Kyurem|69/100|[from] move: Whirlpool|[partiallytrapped]
|upkeep
|turn|17
|
|t:|1757912294
|move|p1a: Kyurem|Freeze-Dry|p2a: Empoleon
|-damage|p2a: Empoleon|18/100 frz
|-curestatus|p2a: Empoleon|frz|[msg]
|move|p2a: Empoleon|Roost|p2a: Empoleon
|-heal|p2a: Empoleon|68/100
|-singleturn|p2a: Empoleon|move: Roost
|
|-heal|p2a: Empoleon|74/100|[from] item: Leftovers
|-damage|p1a: Kyurem|57/100|[from] move: Whirlpool|[partiallytrapped]
|upkeep
|turn|18
|
|t:|1757912304
|move|p1a: Kyurem|Freeze-Dry|p2a: Empoleon
|-damage|p2a: Empoleon|52/100
|move|p2a: Empoleon|Flash Cannon|p1a: Kyurem
|-supereffective|p1a: Kyurem
|-damage|p1a: Kyurem|3/100
|
|-heal|p2a: Empoleon|58/100|[from] item: Leftovers
|-damage|p1a: Kyurem|0 fnt|[from] move: Whirlpool|[partiallytrapped]
|faint|p1a: Kyurem
|upkeep
|
|t:|1757912309
|switch|p1a: Skeledirge|Skeledirge, F, shiny|100/100
|turn|19
|
|t:|1757912318
|move|p1a: Skeledirge|Torch Song|p2a: Empoleon
|-damage|p2a: Empoleon|19/100
|-boost|p1a: Skeledirge|spa|1
|move|p2a: Empoleon|Flip Turn|p1a: Skeledirge
|-supereffective|p1a: Skeledirge
|-damage|p1a: Skeledirge|75/100
|
|t:|1757912328
|switch|p2a: Electrode|Electrode-Hisui|100/100|[from] Flip Turn
|-damage|p2a: Electrode|88/100|[from] Stealth Rock
|
|upkeep
|turn|20
|
|t:|1757912353
|move|p2a: Electrode|Volt Switch|p1a: Skeledirge
|-damage|p1a: Skeledirge|36/100
|
|t:|1757912358
|switch|p2a: Empoleon|Empoleon, M|19/100|[from] Volt Switch
|-damage|p2a: Empoleon|12/100|[from] Stealth Rock
|move|p1a: Skeledirge|Torch Song|p2a: Empoleon
|-damage|p2a: Empoleon|0 fnt
|-boost|p1a: Skeledirge|spa|1
|faint|p2a: Empoleon
|
|upkeep
|
|t:|1757912371
|switch|p2a: Okidogi|Okidogi, M|100/100
|-damage|p2a: Okidogi|94/100|[from] Stealth Rock
|turn|21
|
|t:|1757912375
|move|p2a: Okidogi|Knock Off|p1a: Skeledirge
|-supereffective|p1a: Skeledirge
|-crit|p1a: Skeledirge
|-damage|p1a: Skeledirge|0 fnt
|-enditem|p1a: Skeledirge|Choice Specs|[from] move: Knock Off|[of] p2a: Okidogi
|faint|p1a: Skeledirge
|
|-heal|p2a: Okidogi|100/100|[from] item: Leftovers
|upkeep
|
|t:|1757912384
|switch|p1a: Cinderace|Cinderace, M|100/100
|turn|22
|
|t:|1757912395
|switch|p2a: Mandibuzz|Mandibuzz, F|45/100
|move|p1a: Cinderace|Pyro Ball|p2a: Mandibuzz
|-damage|p2a: Mandibuzz|11/100
|
|upkeep
|turn|23
|
|t:|1757912402
|move|p1a: Cinderace|U-turn|p2a: Mandibuzz
|-start|p1a: Cinderace|typechange|Bug|[from] ability: Libero
|-crit|p2a: Mandibuzz
|-damage|p2a: Mandibuzz|0 fnt
|faint|p2a: Mandibuzz
|
|t:|1757912404
|switch|p1a: Mew|Mew|4/100|[from] U-turn
|
|upkeep
|
|t:|1757912420
|switch|p2a: Electrode|Electrode-Hisui|88/100
|-damage|p2a: Electrode|76/100|[from] Stealth Rock
|turn|24
|
|t:|1757912426
|move|p2a: Electrode|Volt Switch|p1a: Mew
|-damage|p1a: Mew|0 fnt
|faint|p1a: Mew
|
|t:|1757912432
|switch|p2a: Okidogi|Okidogi, M|100/100|[from] Volt Switch
|-damage|p2a: Okidogi|94/100|[from] Stealth Rock
|
|-heal|p2a: Okidogi|100/100|[from] item: Leftovers
|upkeep
|
|t:|1757912436
|switch|p1a: Latias|Latias, F|93/100
|turn|25
|
|t:|1757912441
|-terastallize|p1a: Latias|Poison
|move|p2a: Okidogi|Bulk Up|p2a: Okidogi
|-boost|p2a: Okidogi|atk|1
|-boost|p2a: Okidogi|def|1
|move|p1a: Latias|Calm Mind|p1a: Latias
|-boost|p1a: Latias|spa|1
|-boost|p1a: Latias|spd|1
|
|-heal|p1a: Latias|99/100|[from] item: Leftovers
|upkeep
|turn|26
|
|t:|1757912452
|move|p2a: Okidogi|Bulk Up|p2a: Okidogi
|-boost|p2a: Okidogi|atk|1
|-boost|p2a: Okidogi|def|1
|move|p1a: Latias|Substitute|p1a: Latias
|-start|p1a: Latias|Substitute
|-damage|p1a: Latias|75/100
|
|-heal|p1a: Latias|81/100|[from] item: Leftovers
|upkeep
|turn|27
|
|t:|1757912467
|-terastallize|p2a: Okidogi|Dark
|move|p2a: Okidogi|Knock Off|p1a: Latias
|-end|p1a: Latias|Substitute
|move|p1a: Latias|Stored Power|p2a: Okidogi
|-immune|p2a: Okidogi
|
|-heal|p1a: Latias|87/100|[from] item: Leftovers
|upkeep
|turn|28
|c|☆lupiit|that is the most unfortunate tera
|
|t:|1757912477
|move|p2a: Okidogi|Knock Off|p1a: Latias
|-damage|p1a: Latias|25/100
|-enditem|p1a: Latias|Leftovers|[from] move: Knock Off|[of] p2a: Okidogi
|move|p1a: Latias|Draining Kiss|p2a: Okidogi
|-supereffective|p2a: Okidogi
|-damage|p2a: Okidogi|53/100
|-heal|p1a: Latias|64/100|[from] drain|[of] p2a: Okidogi
|
|-heal|p2a: Okidogi|59/100|[from] item: Leftovers
|upkeep
|turn|29
|c|☆lupiit|for you xD
|
|t:|1757912488
|move|p2a: Okidogi|Knock Off|p1a: Latias
|-damage|p1a: Latias|22/100
|move|p1a: Latias|Draining Kiss|p2a: Okidogi
|-supereffective|p2a: Okidogi
|-damage|p2a: Okidogi|18/100
|-heal|p1a: Latias|57/100|[from] drain|[of] p2a: Okidogi
|
|-heal|p2a: Okidogi|24/100|[from] item: Leftovers
|upkeep
|turn|30
|
|t:|1757912497
|move|p2a: Okidogi|Knock Off|p1a: Latias
|-damage|p1a: Latias|13/100
|move|p1a: Latias|Draining Kiss|p2a: Okidogi
|-supereffective|p2a: Okidogi
|-damage|p2a: Okidogi|0 fnt
|-heal|p1a: Latias|33/100|[from] drain|[of] p2a: Okidogi
|faint|p2a: Okidogi
|
|upkeep
|
|t:|1757912508
|switch|p2a: Dragapult|Dragapult, F|27/100 tox
|-damage|p2a: Dragapult|14/100 tox|[from] Stealth Rock
|turn|31
|
|t:|1757912515
|move|p2a: Dragapult|Dragon Darts|p1a: Latias
|-damage|p1a: Latias|2/100
|-anim|p2a: Dragapult|Dragon Darts|p1a: Latias
|-damage|p1a: Latias|0 fnt
|faint|p1a: Latias
|-damage|p2a: Dragapult|5/100 tox|[from] item: Life Orb
|
|-damage|p2a: Dragapult|0 fnt|[from] psn
|faint|p2a: Dragapult
|upkeep
|
|t:|1757912525
|switch|p2a: Electrode|Electrode-Hisui|76/100
|switch|p1a: Cinderace|Cinderace, M|100/100
|-damage|p2a: Electrode|64/100|[from] Stealth Rock
|turn|32
|
|t:|1757912533
|move|p2a: Electrode|Volt Switch|p1a: Cinderace
|-damage|p1a: Cinderace|40/100
|move|p1a: Cinderace|U-turn|p2a: Electrode
|-start|p1a: Cinderace|typechange|Bug|[from] ability: Libero
|-supereffective|p2a: Electrode
|-damage|p2a: Electrode|0 fnt
|-status|p1a: Cinderace|par|[from] ability: Static|[of] p2a: Electrode
|faint|p2a: Electrode
|
|win|lupiit
|raw|lupiit's rating: 1471 &rarr; <strong>1489</strong><br />(+18 for winning)
|raw|8daniel8's rating: 1432 &rarr; <strong>1414</strong><br />(-18 for losing)
|l|☆8daniel8
|player|p2|
|l|☆lupiit
|player|p1|
