|j|☆boobookookoo
|j|☆lv0ry
|t:|1757957316
|gametype|singles
|player|p1|boobookookoo|170|1259
|player|p2|lv0ry|265|1287
|gen|9
|tier|[Gen 9] OU
|rated|
|rule|HP Percentage Mod: HP is shown in percentages
|rule|Endless Battle Clause: Forcing endless battles is banned
|rule|Species Clause: Limit one of each Pokémon
|rule|OHKO Clause: OHKO moves are banned
|rule|Evasion Items Clause: Evasion items are banned
|rule|Evasion Moves Clause: Evasion moves are banned
|rule|Evasion Abilities Clause: Evasion abilities are banned
|rule|Sleep Moves Clause: Sleep-inducing moves are banned
|clearpoke
|poke|p1|Empoleon, M|
|poke|p1|Iron Valiant|
|poke|p1|Hydrapple, M|
|poke|p1|Garchomp, F|
|poke|p1|Ceruledge, M|
|poke|p1|Zoroark-Hisui, F|
|poke|p2|Eelektross, F|
|poke|p2|Deoxys-Speed|
|poke|p2|Iron Valiant|
|poke|p2|Pecharunt|
|poke|p2|Dragonite, F|
|poke|p2|Kingambit, M|
|teampreview
|inactive|Battle timer is ON: inactive players will automatically lose when time's up. (requested by boobookookoo)
|inactiveoff|Battle timer is now OFF.
|
|t:|1757957330
|teamsize|p1|6
|teamsize|p2|6
|start
|switch|p1a: Ceruledge|Ceruledge, M|100/100
|switch|p2a: Deoxys|Deoxys-Speed|100/100
|-ability|p2a: Deoxys|Pressure
|turn|1
|inactive|Battle timer is ON: inactive players will automatically lose when time's up. (requested by lv0ry)
|
|t:|1757957338
|move|p1a: Ceruledge|Hex|p2a: Deoxys
|-supereffective|p2a: Deoxys
|-damage|p2a: Deoxys|23/100
|move|p2a: Deoxys|Taunt|p1a: Ceruledge
|-start|p1a: Ceruledge|move: Taunt
|
|upkeep
|turn|2
|
|t:|1757957344
|move|p1a: Ceruledge|Hex|p2a: Deoxys
|-supereffective|p2a: Deoxys
|-damage|p2a: Deoxys|0 fnt
|faint|p2a: Deoxys
|
|upkeep
|
|t:|1757957350
|switch|p2a: Kingambit|Kingambit, M|100/100
|-activate|p2a: Kingambit|ability: Supreme Overlord
|-start|p2a: Kingambit|fallen1|[silent]
|turn|3
|
|t:|1757957356
|switch|p1a: Hydrapple|Hydrapple, M, shiny|100/100
|move|p2a: Kingambit|Swords Dance|p2a: Kingambit
|-boost|p2a: Kingambit|atk|2
|
|upkeep
|turn|4
|
|t:|1757957363
|move|p2a: Kingambit|Kowtow Cleave|p1a: Hydrapple
|-damage|p1a: Hydrapple|29/100
|move|p1a: Hydrapple|Body Press|p2a: Kingambit
|-supereffective|p2a: Kingambit
|-damage|p2a: Kingambit|10/100
|
|upkeep
|turn|5
|
|t:|1757957370
|switch|p1a: Garchomp|Garchomp, F|100/100
|move|p2a: Kingambit|Kowtow Cleave|p1a: Garchomp
|-damage|p1a: Garchomp|0 fnt
|-damage|p2a: Kingambit|0 fnt|[from] ability: Rough Skin|[of] p1a: Garchomp
|faint|p1a: Garchomp
|faint|p2a: Kingambit
|-end|p2a: Kingambit|fallen1|[silent]
|
|upkeep
|inactive|boobookookoo has 120 seconds left.
|
|t:|1757957415
|switch|p1a: Ceruledge|Ceruledge, M|100/100
|switch|p2a: Iron Valiant|Iron Valiant|100/100
|-enditem|p2a: Iron Valiant|Booster Energy
|-activate|p2a: Iron Valiant|ability: Quark Drive|[fromitem]
|-start|p2a: Iron Valiant|quarkdrivespe
|turn|6
|
|t:|1757957427
|move|p2a: Iron Valiant|Moonblast|p1a: Ceruledge
|-damage|p1a: Ceruledge|0 fnt
|replace|p1a: Zoroark|Zoroark-Hisui, F, shiny
|-end|p1a: Zoroark|Illusion
|faint|p1a: Zoroark
|
|upkeep
|
|t:|1757957431
|switch|p1a: Ceruledge|Ceruledge, M|100/100
|turn|7
|
|t:|1757957435
|move|p2a: Iron Valiant|Shadow Ball|p1a: Ceruledge
|-supereffective|p1a: Ceruledge
|-damage|p1a: Ceruledge|50/100
|-enditem|p1a: Ceruledge|Weakness Policy
|-boost|p1a: Ceruledge|atk|2|[from] item: Weakness Policy
|-boost|p1a: Ceruledge|spa|2|[from] item: Weakness Policy
|move|p1a: Ceruledge|Bitter Blade|p2a: Iron Valiant
|-damage|p2a: Iron Valiant|9/100
|-heal|p1a: Ceruledge|96/100|[from] drain|[of] p2a: Iron Valiant
|
|upkeep
|turn|8
|
|t:|1757957449
|move|p1a: Ceruledge|Shadow Sneak|p2a: Iron Valiant
|-damage|p2a: Iron Valiant|0 fnt
|faint|p2a: Iron Valiant
|-end|p2a: Iron Valiant|Quark Drive|[silent]
|
|upkeep
|
|t:|1757957454
|switch|p2a: Dragonite|Dragonite, F|100/100
|turn|9
|
|t:|1757957457
|move|p2a: Dragonite|Earthquake|p1a: Ceruledge
|-supereffective|p1a: Ceruledge
|-damage|p1a: Ceruledge|19/100
|-ability|p1a: Ceruledge|Weak Armor|boost
|-unboost|p1a: Ceruledge|def|1
|-boost|p1a: Ceruledge|spe|2
|move|p1a: Ceruledge|Will-O-Wisp|p2a: Dragonite
|-status|p2a: Dragonite|brn
|
|-damage|p2a: Dragonite|94/100 brn|[from] brn
|upkeep
|turn|10
|
|t:|1757957471
|move|p1a: Ceruledge|Poltergeist|p2a: Dragonite|[miss]
|-miss|p1a: Ceruledge|p2a: Dragonite
|move|p2a: Dragonite|Earthquake|p1a: Ceruledge
|-supereffective|p1a: Ceruledge
|-damage|p1a: Ceruledge|0 fnt
|faint|p1a: Ceruledge
|
|-damage|p2a: Dragonite|88/100 brn|[from] brn
|upkeep
|
|t:|1757957475
|switch|p1a: Hydrapple|Hydrapple, M, shiny|62/100
|turn|11
|
|t:|1757957488
|-terastallize|p2a: Dragonite|Flying
|move|p2a: Dragonite|Dragon Dance|p2a: Dragonite
|-boost|p2a: Dragonite|atk|1
|-boost|p2a: Dragonite|spe|1
|move|p1a: Hydrapple|Fickle Beam|p2a: Dragonite
|-damage|p2a: Dragonite|45/100 brn
|
|-damage|p2a: Dragonite|39/100 brn|[from] brn
|upkeep
|turn|12
|
|t:|1757957498
|switch|p1a: Empoleon|Empoleon, M|100/100
|move|p2a: Dragonite|Tera Blast|p1a: Empoleon|[anim] Tera Blast Flying
|-resisted|p1a: Empoleon
|-damage|p1a: Empoleon|76/100
|
|-damage|p2a: Dragonite|33/100 brn|[from] brn
|upkeep
|turn|13
|
|t:|1757957506
|move|p2a: Dragonite|Earthquake|p1a: Empoleon
|-supereffective|p1a: Empoleon
|-enditem|p1a: Empoleon|Shuca Berry|[eat]
|-enditem|p1a: Empoleon|Shuca Berry|[weaken]
|-damage|p1a: Empoleon|47/100
|move|p1a: Empoleon|Surf|p2a: Dragonite
|-damage|p2a: Dragonite|0 fnt
|faint|p2a: Dragonite
|
|upkeep
|
|t:|1757957517
|switch|p2a: Eelektross|Eelektross, F|100/100
|turn|14
|
|t:|1757957520
|switch|p1a: Hydrapple|Hydrapple, M, shiny|95/100
|move|p2a: Eelektross|Coil|p2a: Eelektross
|-boost|p2a: Eelektross|atk|1
|-boost|p2a: Eelektross|def|1
|-boost|p2a: Eelektross|accuracy|1
|
|upkeep
|turn|15
|
|t:|1757957527
|move|p1a: Hydrapple|Fickle Beam|p2a: Eelektross
|-damage|p2a: Eelektross|67/100
|move|p2a: Eelektross|Dragon Tail|p1a: Hydrapple
|-supereffective|p1a: Hydrapple
|-damage|p1a: Hydrapple|62/100
|drag|p1a: Empoleon|Empoleon, M|47/100
|
|-heal|p2a: Eelektross|73/100|[from] item: Leftovers
|upkeep
|turn|16
|
|t:|1757957537
|switch|p1a: Hydrapple|Hydrapple, M, shiny|95/100
|move|p2a: Eelektross|Supercell Slam|p1a: Hydrapple
|-resisted|p1a: Hydrapple
|-damage|p1a: Hydrapple|85/100
|
|-heal|p2a: Eelektross|80/100|[from] item: Leftovers
|upkeep
|turn|17
|
|t:|1757957547
|move|p1a: Hydrapple|Fickle Beam|p2a: Eelektross
|-damage|p2a: Eelektross|48/100
|move|p2a: Eelektross|Dragon Tail|p1a: Hydrapple
|-supereffective|p1a: Hydrapple
|-damage|p1a: Hydrapple|56/100
|drag|p1a: Empoleon|Empoleon, M|47/100
|
|-heal|p2a: Eelektross|54/100|[from] item: Leftovers
|upkeep
|turn|18
|
|t:|1757957557
|switch|p1a: Hydrapple|Hydrapple, M, shiny|89/100
|move|p2a: Eelektross|Supercell Slam|p1a: Hydrapple
|-resisted|p1a: Hydrapple
|-damage|p1a: Hydrapple|79/100
|
|-heal|p2a: Eelektross|60/100|[from] item: Leftovers
|upkeep
|turn|19
|
|t:|1757957566
|move|p1a: Hydrapple|Fickle Beam|p2a: Eelektross|[anim] Fickle Beam All Out
|-activate|p1a: Hydrapple|move: Fickle Beam
|-damage|p2a: Eelektross|0 fnt
|faint|p2a: Eelektross
|
|upkeep
|
|t:|1757957570
|switch|p2a: Pecharunt|Pecharunt|100/100
|turn|20
|
|t:|1757957574
|move|p2a: Pecharunt|Nasty Plot|p2a: Pecharunt
|-boost|p2a: Pecharunt|spa|2
|move|p1a: Hydrapple|Fickle Beam|p2a: Pecharunt
|-damage|p2a: Pecharunt|64/100
|
|upkeep
|turn|21
|
|t:|1757957581
|move|p2a: Pecharunt|Malignant Chain|p1a: Hydrapple
|-supereffective|p1a: Hydrapple
|-damage|p1a: Hydrapple|0 fnt
|faint|p1a: Hydrapple
|
|upkeep
|
|t:|1757957583
|switch|p1a: Empoleon|Empoleon, M|47/100
|turn|22
|
|t:|1757957590
|move|p2a: Pecharunt|Shadow Ball|p1a: Empoleon
|-damage|p1a: Empoleon|13/100
|move|p1a: Empoleon|Roost|p1a: Empoleon
|-heal|p1a: Empoleon|63/100
|-singleturn|p1a: Empoleon|move: Roost
|
|upkeep
|turn|23
|-message|lv0ry forfeited.
|
|win|boobookookoo
|raw|boobookookoo's rating: 1259 &rarr; <strong>1286</strong><br />(+27 for winning)
|raw|lv0ry's rating: 1287 &rarr; <strong>1260</strong><br />(-27 for losing)
|l|☆lv0ry
|player|p2|
