|j|☆joeltjh
|j|☆kapilh
|t:|1757923693
|gametype|singles
|player|p1|joeltjh|170|1116
|player|p2|kapilh|steven|1072
|gen|9
|tier|[Gen 9] OU
|rated|
|rule|HP Percentage Mod: HP is shown in percentages
|rule|Endless Battle Clause: Forcing endless battles is banned
|rule|Species Clause: Limit one of each Pokémon
|rule|OHKO Clause: OHKO moves are banned
|rule|Evasion Items Clause: Evasion items are banned
|rule|Evasion Moves Clause: Evasion moves are banned
|rule|Evasion Abilities Clause: Evasion abilities are banned
|rule|Sleep Moves Clause: Sleep-inducing moves are banned
|clearpoke
|poke|p1|Slither Wing|
|poke|p1|Ursaluna, M|
|poke|p1|Okidogi, M|
|poke|p1|Dragapult, F|
|poke|p1|Drednaw, F|
|poke|p1|Corviknight, F|
|poke|p2|Incineroar, F|
|poke|p2|Kingambit, M|
|poke|p2|Gliscor, M|
|poke|p2|Latios, M|
|poke|p2|Iron Valiant|
|poke|p2|Dragapult, F|
|teampreview
|
|t:|1757923708
|teamsize|p1|6
|teamsize|p2|6
|start
|switch|p1a: Drednaw|Drednaw, F|100/100
|switch|p2a: Gliscor|Gliscor, M|100/100
|turn|1
|
|t:|1757923714
|move|p2a: Gliscor|Toxic|p1a: Drednaw
|-status|p1a: Drednaw|tox
|move|p1a: Drednaw|Stealth Rock|p2a: Gliscor
|-sidestart|p2: kapilh|move: Stealth Rock
|
|-damage|p2a: Gliscor|88/100|[from] item: Black Sludge
|-damage|p1a: Drednaw|94/100 tox|[from] psn
|upkeep
|turn|2
|
|t:|1757923727
|move|p2a: Gliscor|Knock Off|p1a: Drednaw
|-damage|p1a: Drednaw|81/100 tox
|-enditem|p1a: Drednaw|Leftovers|[from] move: Knock Off|[of] p2a: Gliscor
|move|p1a: Drednaw|Liquidation|p2a: Gliscor
|-supereffective|p2a: Gliscor
|-damage|p2a: Gliscor|44/100
|-unboost|p2a: Gliscor|def|1
|
|-damage|p2a: Gliscor|32/100|[from] item: Black Sludge
|-damage|p1a: Drednaw|68/100 tox|[from] psn
|upkeep
|turn|3
|
|t:|1757923738
|move|p2a: Gliscor|Protect|p2a: Gliscor
|-singleturn|p2a: Gliscor|Protect
|move|p1a: Drednaw|Liquidation|p2a: Gliscor
|-activate|p2a: Gliscor|move: Protect
|
|-damage|p2a: Gliscor|19/100|[from] item: Black Sludge
|-damage|p1a: Drednaw|49/100 tox|[from] psn
|upkeep
|turn|4
|
|t:|1757923752
|move|p2a: Gliscor|Earthquake|p1a: Drednaw
|-supereffective|p1a: Drednaw
|-damage|p1a: Drednaw|1/100 tox
|move|p1a: Drednaw|Liquidation|p2a: Gliscor
|-supereffective|p2a: Gliscor
|-damage|p2a: Gliscor|0 fnt
|faint|p2a: Gliscor
|
|-damage|p1a: Drednaw|0 fnt|[from] psn
|faint|p1a: Drednaw
|upkeep
|
|t:|1757923777
|switch|p2a: Dragapult|Dragapult, F|100/100
|switch|p1a: Dragapult|Dragapult, F|100/100
|-damage|p2a: Dragapult|88/100|[from] Stealth Rock
|turn|5
|
|t:|1757923787
|move|p1a: Dragapult|Draco Meteor|p2a: Dragapult
|-supereffective|p2a: Dragapult
|-damage|p2a: Dragapult|0 fnt
|-unboost|p1a: Dragapult|spa|2
|faint|p2a: Dragapult
|-damage|p1a: Dragapult|91/100|[from] item: Life Orb
|
|upkeep
|
|t:|1757923796
|switch|p2a: Iron Valiant|Iron Valiant|100/100
|-damage|p2a: Iron Valiant|94/100|[from] Stealth Rock
|-enditem|p2a: Iron Valiant|Booster Energy
|-activate|p2a: Iron Valiant|ability: Quark Drive|[fromitem]
|-start|p2a: Iron Valiant|quarkdrivespe
|turn|6
|c|☆kapilh|!weak stellar
|c| kapilh|/raw <div class="infobox">Stellar:<br /><span class="message-effect-weak">Weaknesses</span>: <span class="gray">None</span><br /><span class="message-effect-resist">Resistances</span>: <span class="gray">None</span><br /><span class="message-effect-immune">Immunities</span>: <span class="gray">None</span></div>
|
|t:|1757923825
|-terastallize|p2a: Iron Valiant|Stellar
|move|p2a: Iron Valiant|Moonblast|p1a: Dragapult
|-supereffective|p1a: Dragapult
|-damage|p1a: Dragapult|0 fnt
|faint|p1a: Dragapult
|
|upkeep
|
|t:|1757923834
|switch|p1a: Corviknight|Corviknight, F|100/100
|-ability|p1a: Corviknight|Pressure
|turn|7
|c|☆kapilh|!weak corviknight
|c| kapilh|/raw <div class="infobox">Corviknight (ignoring abilities):<br /><span class="message-effect-weak">Weaknesses</span>: Electric, Fire<br /><span class="message-effect-resist">Resistances</span>: <b>Bug</b>, Dragon, Fairy, Flying, <b>Grass</b>, Normal, Psychic, Steel<br /><span class="message-effect-immune">Immunities</span>: Ground, Poison, Sandstorm damage, Toxic</div>
|
|t:|1757923861
|move|p2a: Iron Valiant|Moonblast|p1a: Corviknight
|-resisted|p1a: Corviknight
|-damage|p1a: Corviknight|86/100
|move|p1a: Corviknight|Iron Defense|p1a: Corviknight
|-boost|p1a: Corviknight|def|2
|
|upkeep
|turn|8
|
|t:|1757923868
|-end|p2a: Iron Valiant|Quark Drive|[silent]
|switch|p2a: Incineroar|Incineroar, F|100/100
|-damage|p2a: Incineroar|76/100|[from] Stealth Rock
|-ability|p2a: Incineroar|Intimidate|boost
|-unboost|p1a: Corviknight|atk|1
|-item|p2a: Incineroar|Air Balloon
|move|p1a: Corviknight|Iron Defense|p1a: Corviknight
|-boost|p1a: Corviknight|def|2
|
|upkeep
|turn|9
|
|t:|1757923880
|move|p1a: Corviknight|Body Press|p2a: Incineroar
|-supereffective|p2a: Incineroar
|-damage|p2a: Incineroar|0 fnt
|-enditem|p2a: Incineroar|Air Balloon
|faint|p2a: Incineroar
|
|upkeep
|inactive|Battle timer is ON: inactive players will automatically lose when time's up. (requested by joeltjh)
|
|t:|1757923937
|switch|p2a: Latios|Latios, M|100/100
|-damage|p2a: Latios|88/100|[from] Stealth Rock
|turn|10
|
|t:|1757923945
|move|p2a: Latios|Draco Meteor|p1a: Corviknight
|-resisted|p1a: Corviknight
|-damage|p1a: Corviknight|60/100
|-unboost|p2a: Latios|spa|2
|move|p1a: Corviknight|Body Press|p2a: Latios
|-resisted|p2a: Latios
|-damage|p2a: Latios|52/100
|
|upkeep
|turn|11
|
|t:|1757923954
|move|p2a: Latios|Luster Purge|p1a: Corviknight
|-resisted|p1a: Corviknight
|-damage|p1a: Corviknight|49/100
|-unboost|p1a: Corviknight|spd|1
|move|p1a: Corviknight|Body Press|p2a: Latios
|-resisted|p2a: Latios
|-damage|p2a: Latios|14/100
|
|upkeep
|turn|12
|
|t:|1757923962
|move|p2a: Latios|Draco Meteor|p1a: Corviknight
|-resisted|p1a: Corviknight
|-damage|p1a: Corviknight|27/100
|-unboost|p2a: Latios|spa|2
|move|p1a: Corviknight|Body Press|p2a: Latios
|-resisted|p2a: Latios
|-damage|p2a: Latios|0 fnt
|faint|p2a: Latios
|
|upkeep
|
|t:|1757923968
|switch|p2a: Iron Valiant|Iron Valiant, tera:Stellar|94/100
|-damage|p2a: Iron Valiant|88/100|[from] Stealth Rock
|turn|13
|
|t:|1757923977
|move|p2a: Iron Valiant|Destiny Bond|p2a: Iron Valiant
|-singlemove|p2a: Iron Valiant|Destiny Bond
|move|p1a: Corviknight|Roost|p1a: Corviknight
|-heal|p1a: Corviknight|77/100
|-singleturn|p1a: Corviknight|move: Roost
|
|upkeep
|turn|14
|
|t:|1757923987
|move|p2a: Iron Valiant|Close Combat|p1a: Corviknight
|-damage|p1a: Corviknight|57/100
|-unboost|p2a: Iron Valiant|def|1
|-unboost|p2a: Iron Valiant|spd|1
|-damage|p2a: Iron Valiant|71/100|[from] item: Rocky Helmet|[of] p1a: Corviknight
|move|p1a: Corviknight|Body Press|p2a: Iron Valiant
|-resisted|p2a: Iron Valiant
|-damage|p2a: Iron Valiant|14/100
|
|upkeep
|turn|15
|
|t:|1757923997
|move|p2a: Iron Valiant|Destiny Bond|p2a: Iron Valiant
|-singlemove|p2a: Iron Valiant|Destiny Bond
|move|p1a: Corviknight|Roost|p1a: Corviknight
|-heal|p1a: Corviknight|100/100
|-singleturn|p1a: Corviknight|move: Roost
|
|upkeep
|turn|16
|
|t:|1757924016
|move|p2a: Iron Valiant|Destiny Bond||[still]
|-fail|p2a: Iron Valiant
|move|p1a: Corviknight|Iron Defense|p1a: Corviknight
|-boost|p1a: Corviknight|def|2
|
|upkeep
|turn|17
|
|t:|1757924028
|move|p2a: Iron Valiant|Destiny Bond|p2a: Iron Valiant
|-singlemove|p2a: Iron Valiant|Destiny Bond
|move|p1a: Corviknight|Roost||[still]
|-fail|p1a: Corviknight|heal
|
|upkeep
|turn|18
|
|t:|1757924037
|move|p2a: Iron Valiant|Close Combat|p1a: Corviknight
|-damage|p1a: Corviknight|90/100
|-unboost|p2a: Iron Valiant|def|1
|-unboost|p2a: Iron Valiant|spd|1
|-damage|p2a: Iron Valiant|0 fnt|[from] item: Rocky Helmet|[of] p1a: Corviknight
|faint|p2a: Iron Valiant
|-end|p2a: Iron Valiant|Quark Drive|[silent]
|move|p1a: Corviknight|Body Press|p2: Iron Valiant|[notarget]
|-fail|p1a: Corviknight
|
|upkeep
|
|t:|1757924046
|switch|p2a: Kingambit|Kingambit, M, shiny|100/100
|-damage|p2a: Kingambit|94/100|[from] Stealth Rock
|-activate|p2a: Kingambit|ability: Supreme Overlord
|-start|p2a: Kingambit|fallen5|[silent]
|turn|19
|
|t:|1757924056
|move|p2a: Kingambit|Sucker Punch|p1a: Corviknight
|-damage|p1a: Corviknight|77/100
|-damage|p2a: Kingambit|78/100|[from] item: Rocky Helmet|[of] p1a: Corviknight
|move|p1a: Corviknight|Body Press|p2a: Kingambit
|-supereffective|p2a: Kingambit
|-damage|p2a: Kingambit|0 fnt
|faint|p2a: Kingambit
|-end|p2a: Kingambit|fallen5|[silent]
|
|win|joeltjh
|raw|joeltjh's rating: 1116 &rarr; <strong>1138</strong><br />(+22 for winning)
|raw|kapilh's rating: 1072 &rarr; <strong>1054</strong><br />(-18 for losing)
|l|☆kapilh
|player|p2|
|l|☆joeltjh
|player|p1|
