|j|☆jeet999
|j|☆Marcel aus Berlin
|t:|1757830288
|gametype|singles
|player|p1|jeet999|cynthia-masters|1532
|player|p2|Marcel aus Berlin|265|1564
|gen|9
|tier|[Gen 9] OU
|rated|
|rule|HP Percentage Mod: HP is shown in percentages
|rule|Endless Battle Clause: Forcing endless battles is banned
|rule|Species Clause: Limit one of each Pokémon
|rule|OHKO Clause: OHKO moves are banned
|rule|Evasion Items Clause: Evasion items are banned
|rule|Evasion Moves Clause: Evasion moves are banned
|rule|Evasion Abilities Clause: Evasion abilities are banned
|rule|Sleep Moves Clause: Sleep-inducing moves are banned
|clearpoke
|poke|p1|Indeedee, M|
|poke|p1|Hatterene, F|
|poke|p1|Ursaluna, F|
|poke|p1|Iron Hands|
|poke|p1|Hoopa-Unbound|
|poke|p1|Mimikyu, F|
|poke|p2|Clefable, F|
|poke|p2|Gliscor, M|
|poke|p2|Sinistcha|
|poke|p2|Corviknight, F|
|poke|p2|Blissey, F|
|poke|p2|Toxapex, M|
|teampreview
|inactive|Battle timer is ON: inactive players will automatically lose when time's up. (requested by jeet999)
|
|t:|1757830318
|teamsize|p1|6
|teamsize|p2|6
|start
|switch|p1a: Subaru|Indeedee, M, shiny|100/100
|switch|p2a: Blissey|Blissey, F|100/100
|-fieldstart|move: Psychic Terrain|[from] ability: Psychic Surge|[of] p1a: Subaru
|turn|1
|
|t:|1757830325
|move|p2a: Blissey|Seismic Toss|p1a: Subaru
|-damage|p1a: Subaru|70/100
|move|p1a: Subaru|Trick Room|p1a: Subaru
|-fieldstart|move: Trick Room|[of] p1a: Subaru
|
|upkeep
|turn|2
|
|t:|1757830331
|switch|p1a: King Von|Hoopa-Unbound|100/100
|-enditem|p1a: King Von|Psychic Seed
|-boost|p1a: King Von|spd|1|[from] item: Psychic Seed
|move|p2a: Blissey|Calm Mind|p2a: Blissey
|-boost|p2a: Blissey|spa|1
|-boost|p2a: Blissey|spd|1
|
|upkeep
|turn|3
|
|t:|1757830344
|switch|p2a: Clefable|Clefable, F|100/100
|move|p1a: King Von|Hyperspace Fury|p2a: Clefable
|-resisted|p2a: Clefable
|-damage|p2a: Clefable|80/100
|-unboost|p1a: King Von|def|1
|-item|p1a: King Von|Leftovers|[from] ability: Magician|[of] p2a: Clefable
|
|upkeep
|turn|4
|
|t:|1757830354
|move|p1a: King Von|Expanding Force|p2a: Clefable
|-damage|p2a: Clefable|0 fnt
|faint|p2a: Clefable
|
|upkeep
|
|t:|1757830362
|switch|p2a: Corviknight|Corviknight, F|100/100
|-ability|p2a: Corviknight|Pressure
|turn|5
|
|t:|1757830372
|switch|p1a: Crashout YN|Ursaluna, F, shiny|100/100
|move|p2a: Corviknight|U-turn|p1a: Crashout YN
|-damage|p1a: Crashout YN|90/100
|
|t:|1757830377
|switch|p2a: Sinistcha|Sinistcha|100/100|[from] U-turn
|
|-fieldend|move: Trick Room
|-status|p1a: Crashout YN|brn|[from] item: Flame Orb
|upkeep
|turn|6
|
|t:|1757830395
|switch|p1a: King Von|Hoopa-Unbound|100/100
|move|p2a: Sinistcha|Calm Mind|p2a: Sinistcha
|-boost|p2a: Sinistcha|spa|1
|-boost|p2a: Sinistcha|spd|1
|
|upkeep
|turn|7
|
|t:|1757830411
|-terastallize|p2a: Sinistcha|Poison
|-terastallize|p1a: King Von|Psychic
|move|p2a: Sinistcha|Calm Mind|p2a: Sinistcha
|-boost|p2a: Sinistcha|spa|1
|-boost|p2a: Sinistcha|spd|1
|move|p1a: King Von|Expanding Force|p2a: Sinistcha
|-supereffective|p2a: Sinistcha
|-damage|p2a: Sinistcha|0 fnt
|faint|p2a: Sinistcha
|
|upkeep
|-message|Marcel aus Berlin forfeited.
|
|win|jeet999
|raw|jeet999's rating: 1532 &rarr; <strong>1554</strong><br />(+22 for winning)
|raw|Marcel aus Berlin's rating: 1564 &rarr; <strong>1542</strong><br />(-22 for losing)
|l|☆Marcel aus Berlin
|player|p2|
|l|☆jeet999
|player|p1|
