|j|☆jonthug
|j|☆payam121212
|t:|1757812393
|gametype|singles
|player|p1|jonthug|depotagent|1027
|player|p2|payam121212|169|1058
|gen|9
|tier|[Gen 9] OU
|rated|
|rule|HP Percentage Mod: HP is shown in percentages
|rule|Endless Battle Clause: Forcing endless battles is banned
|rule|Species Clause: Limit one of each Pokémon
|rule|OHKO Clause: OHKO moves are banned
|rule|Evasion Items Clause: Evasion items are banned
|rule|Evasion Moves Clause: Evasion moves are banned
|rule|Evasion Abilities Clause: Evasion abilities are banned
|rule|Sleep Moves Clause: Sleep-inducing moves are banned
|clearpoke
|poke|p1|Hariyama, F|
|poke|p1|Falinks|
|poke|p1|Qwilfish-Hisui, M|
|poke|p1|Maushold-Four|
|poke|p1|Klefki, F|
|poke|p1|Zapdos-Galar|
|poke|p2|Mamoswine, F|
|poke|p2|Infernape, M|
|poke|p2|Dragonite, F|
|poke|p2|Deoxys-Speed|
|poke|p2|Samurott-Hisui, M|
|poke|p2|Slowking-Galar, M|
|teampreview
|c|☆jonthug|waddup
|c|☆payam121212|waddup
|c|☆payam121212|im paam
|c|☆payam121212|payam
|c|☆jonthug|do u fw my team dis is my first ou match
|c|☆payam121212|lowkey nah
|c|☆payam121212|i fw u though
|c|☆jonthug|ion play competitively
|
|t:|1757812423
|teamsize|p1|6
|teamsize|p2|6
|start
|switch|p1a: charlie kirk|Qwilfish-Hisui, M|100/100
|switch|p2a: Deoxys|Deoxys-Speed|100/100
|-ability|p2a: Deoxys|Pressure
|turn|1
|c|☆payam121212|neither do i
|c|☆payam121212|omg
|c|☆payam121212|charlie kirjk
|c|☆jonthug|deoxys speed ok
|c|☆jonthug|wait thats psychic im posion
|c|☆jonthug|gulp
|
|t:|1757812453
|move|p2a: Deoxys|Stealth Rock|p1a: charlie kirk
|-sidestart|p1: jonthug|move: Stealth Rock
|move|p1a: charlie kirk|Toxic Spikes|p2a: Deoxys
|-sidestart|p2: payam121212|move: Toxic Spikes
|
|upkeep
|turn|2
|
|t:|1757812465
|move|p2a: Deoxys|Skill Swap|p1a: charlie kirk
|-activate|p2a: Deoxys|move: Skill Swap|Poison Point|Pressure|[of] p1a: charlie kirk
|-ability|p1a: charlie kirk|Pressure
|move|p1a: charlie kirk|Spikes|p2a: Deoxys
|-sidestart|p2: payam121212|Spikes
|
|upkeep
|turn|3
|c|☆jonthug|???????????fuckkk
|c|☆jonthug|i aint think of that
|c|☆payam121212|yeah bro
|c|☆jonthug|i didnt know ability swap was useful like
|c|☆jonthug|damn
|
|t:|1757812488
|move|p2a: Deoxys|Spikes|p1a: charlie kirk
|-sidestart|p1: jonthug|Spikes
|move|p1a: charlie kirk|Spikes|p2a: Deoxys
|-sidestart|p2: payam121212|Spikes
|
|upkeep
|turn|4
|c|☆payam121212|it can be
|
|t:|1757812501
|move|p2a: Deoxys|Spikes|p1a: charlie kirk
|-sidestart|p1: jonthug|Spikes
|move|p1a: charlie kirk|Spikes|p2a: Deoxys
|-sidestart|p2: payam121212|Spikes
|
|upkeep
|turn|5
|c|☆jonthug|k most i can do is like
|c|☆jonthug|icy wind now
|c|☆payam121212|thanks for letting me know
|
|t:|1757812521
|move|p2a: Deoxys|Spikes|p1a: charlie kirk
|-sidestart|p1: jonthug|Spikes
|move|p1a: charlie kirk|Icy Wind|p2a: Deoxys
|-damage|p2a: Deoxys|91/100
|-unboost|p2a: Deoxys|spe|1
|
|upkeep
|turn|6
|c|☆jonthug|np like
|c|☆jonthug|fuck else am i supposed to do
|c|☆payam121212|tbh idek
|c|☆jonthug|my moveset is toxic spikes spikes substitute and icy wind on kirk
|c|☆payam121212|what r u usong now
|
|t:|1757812559
|switch|p2a: Dragonite|Dragonite, F|100/100
|move|p1a: charlie kirk|Icy Wind|p2a: Dragonite
|-supereffective|p2a: Dragonite
|-damage|p2a: Dragonite|87/100
|-unboost|p2a: Dragonite|spe|1
|-enditem|p2a: Dragonite|Weakness Policy
|-boost|p2a: Dragonite|atk|2|[from] item: Weakness Policy
|-boost|p2a: Dragonite|spa|2|[from] item: Weakness Policy
|
|upkeep
|turn|7
|c|☆jonthug|ion feel like switching out
|c|☆jonthug|those spikes and stealth rocks scary asl
|
|t:|1757812580
|move|p1a: charlie kirk|Icy Wind|p2a: Dragonite
|-supereffective|p2a: Dragonite
|-damage|p2a: Dragonite|56/100
|-unboost|p2a: Dragonite|spe|1
|move|p2a: Dragonite|Iron Head|p1a: charlie kirk
|-crit|p1a: charlie kirk
|-damage|p1a: charlie kirk|53/100
|
|upkeep
|turn|8
|
|t:|1757812598
|move|p2a: Dragonite|Extreme Speed|p1a: charlie kirk
|-damage|p1a: charlie kirk|17/100
|move|p1a: charlie kirk|Icy Wind|p2a: Dragonite
|-supereffective|p2a: Dragonite
|-damage|p2a: Dragonite|30/100
|-unboost|p2a: Dragonite|spe|1
|
|upkeep
|turn|9
|
|t:|1757812613
|move|p2a: Dragonite|Extreme Speed|p1a: charlie kirk
|-damage|p1a: charlie kirk|0 fnt
|faint|p1a: charlie kirk
|
|upkeep
|c|☆jonthug|ok what now
|
|t:|1757812622
|switch|p1a: the greatest|Hariyama, F|100/100
|-damage|p1a: the greatest|94/100|[from] Stealth Rock
|-damage|p1a: the greatest|69/100|[from] Spikes
|turn|10
|c|☆jonthug|hail mary yama
|
|t:|1757812631
|move|p1a: the greatest|Ice Punch|p2a: Dragonite
|-supereffective|p2a: Dragonite
|-damage|p2a: Dragonite|0 fnt
|faint|p2a: Dragonite
|
|-heal|p1a: the greatest|75/100|[from] item: Leftovers
|upkeep
|
|t:|1757812642
|switch|p2a: Samurott|Samurott-Hisui, M|100/100
|-status|p2a: Samurott|psn
|-damage|p2a: Samurott|76/100 psn|[from] Spikes
|turn|11
|c|☆jonthug|i dont have a fighting type move #tbh
|c|☆jonthug|metronome it is
|
|t:|1757812656
|move|p2a: Samurott|Air Slash|p1a: the greatest
|-supereffective|p1a: the greatest
|-damage|p1a: the greatest|30/100
|move|p1a: the greatest|Metronome|p1a: the greatest
|move|p1a: the greatest|Roost|p1a: the greatest|[from] move: Metronome
|-heal|p1a: the greatest|80/100
|-singleturn|p1a: the greatest|move: Roost
|
|-heal|p2a: Samurott|82/100 psn|[from] item: Leftovers
|-heal|p1a: the greatest|86/100|[from] item: Leftovers
|-damage|p2a: Samurott|69/100 psn|[from] psn
|upkeep
|turn|12
|c|☆payam121212|hairy mama
|c|☆jonthug|yo what
|c|☆jonthug|thanks for the roost like
|c|☆payam121212|wtf
|c|☆payam121212|u just used metronome
|
|t:|1757812678
|move|p2a: Samurott|Air Slash|p1a: the greatest
|-supereffective|p1a: the greatest
|-crit|p1a: the greatest
|-damage|p1a: the greatest|22/100
|move|p1a: the greatest|Metronome|p1a: the greatest
|move|p1a: the greatest|Aurora Beam|p2a: Samurott|[from] move: Metronome
|-resisted|p2a: Samurott
|-damage|p2a: Samurott|64/100 psn
|
|-heal|p2a: Samurott|70/100 psn|[from] item: Leftovers
|-heal|p1a: the greatest|28/100|[from] item: Leftovers
|-damage|p2a: Samurott|58/100 psn|[from] psn
|upkeep
|turn|13
|c|☆jonthug|fawk
|c|☆jonthug|gg
|
|t:|1757812689
|move|p2a: Samurott|Air Slash|p1a: the greatest
|-supereffective|p1a: the greatest
|-damage|p1a: the greatest|0 fnt
|faint|p1a: the greatest
|
|-heal|p2a: Samurott|64/100 psn|[from] item: Leftovers
|-damage|p2a: Samurott|51/100 psn|[from] psn
|upkeep
|c|☆payam121212|kinda tuff
|
|t:|1757812696
|switch|p1a: killer fish|Klefki, F|100/100
|-damage|p1a: killer fish|95/100|[from] Stealth Rock
|-damage|p1a: killer fish|70/100|[from] Spikes
|turn|14
|c|☆jonthug|luh idea
|
|t:|1757812704
|move|p1a: killer fish|Switcheroo|p2a: Samurott
|-hint|Since gen 7, Dark is immune to Prankster moves.
|-immune|p2a: Samurott
|move|p2a: Samurott|Encore|p1a: killer fish
|-start|p1a: killer fish|Encore
|
|-heal|p2a: Samurott|58/100 psn|[from] item: Leftovers
|-damage|p2a: Samurott|45/100 psn|[from] psn
|upkeep
|turn|15
|c|☆jonthug|oh shit
|c|☆jonthug|ohhh shit
|c|☆payam121212|wow
|c|☆jonthug|fuck
|c|☆payam121212|10000 iq
|
|t:|1757812725
|move|p1a: killer fish|Switcheroo|p2a: Samurott
|-hint|Since gen 7, Dark is immune to Prankster moves.
|-immune|p2a: Samurott
|move|p2a: Samurott|Aqua Cutter|p1a: killer fish
|-damage|p1a: killer fish|31/100
|
|-heal|p2a: Samurott|51/100 psn|[from] item: Leftovers
|-damage|p2a: Samurott|39/100 psn|[from] psn
|upkeep
|turn|16
|
|t:|1757812738
|move|p1a: killer fish|Switcheroo|p2a: Samurott
|-hint|Since gen 7, Dark is immune to Prankster moves.
|-immune|p2a: Samurott
|move|p2a: Samurott|Aqua Cutter|p1a: killer fish
|-damage|p1a: killer fish|0 fnt
|faint|p1a: killer fish
|
|-heal|p2a: Samurott|45/100 psn|[from] item: Leftovers
|-damage|p2a: Samurott|33/100 psn|[from] psn
|upkeep
|c|☆payam121212|bro why do u keep using switcheroo
|c|☆jonthug|dis poison gonna kill u before i do
|c|☆jonthug|because im encore
|c|☆payam121212|rekjt
|c|☆payam121212|payam c
|
|t:|1757812766
|switch|p1a: bastard named bill|Falinks|100/100
|-damage|p1a: bastard named bill|95/100|[from] Stealth Rock
|-damage|p1a: bastard named bill|70/100|[from] Spikes
|turn|17
|c|☆payam121212|check me out
|c|☆payam121212|whos bill
|
|t:|1757812779
|move|p2a: Samurott|Air Slash|p1a: bastard named bill
|-supereffective|p1a: bastard named bill
|-damage|p1a: bastard named bill|0 fnt
|faint|p1a: bastard named bill
|
|-heal|p2a: Samurott|39/100 psn|[from] item: Leftovers
|-damage|p2a: Samurott|26/100 psn|[from] psn
|upkeep
|c|☆jonthug|uon wanna know
|
|t:|1757812786
|switch|p1a: yung feeshmeeks|Zapdos-Galar, shiny|100/100
|-damage|p1a: yung feeshmeeks|88/100|[from] Stealth Rock
|turn|18
|c|☆payam121212|i do
|c|☆payam121212|feeshmeeks?
|
|t:|1757812800
|move|p1a: yung feeshmeeks|Stomping Tantrum|p2a: Samurott
|-damage|p2a: Samurott|0 fnt
|faint|p2a: Samurott
|
|upkeep
|c|☆jonthug|god damn ur samurott on some liver king shit
|
|t:|1757812839
|switch|p2a: Slowking|Slowking-Galar, M|100/100
|-sideend|p2: payam121212|move: Toxic Spikes|[of] p2a: Slowking
|-damage|p2a: Slowking|76/100|[from] Spikes
|turn|19
|
|t:|1757812859
|move|p1a: yung feeshmeeks|Stomping Tantrum|p2a: Slowking
|-supereffective|p2a: Slowking
|-damage|p2a: Slowking|19/100
|move|p2a: Slowking|Sludge Bomb|p1a: yung feeshmeeks
|-damage|p1a: yung feeshmeeks|36/100
|
|upkeep
|turn|20
|
|t:|1757812870
|move|p1a: yung feeshmeeks|Stomping Tantrum|p2a: Slowking
|-supereffective|p2a: Slowking
|-damage|p2a: Slowking|0 fnt
|faint|p2a: Slowking
|
|upkeep
|
|t:|1757812880
|switch|p2a: Mamoswine|Mamoswine, F|100/100
|-damage|p2a: Mamoswine|76/100|[from] Spikes
|turn|21
|
|t:|1757812900
|move|p1a: yung feeshmeeks|Hurricane|p2a: Mamoswine
|-damage|p2a: Mamoswine|40/100
|move|p2a: Mamoswine|Avalanche|p1a: yung feeshmeeks
|-supereffective|p1a: yung feeshmeeks
|-damage|p1a: yung feeshmeeks|0 fnt
|-damage|p2a: Mamoswine|23/100|[from] item: Rocky Helmet|[of] p1a: yung feeshmeeks
|faint|p1a: yung feeshmeeks
|
|upkeep
|
|t:|1757812909
|switch|p1a: 745 vince staples|Maushold-Four|100/100
|-damage|p1a: 745 vince staples|88/100|[from] Stealth Rock
|-damage|p1a: 745 vince staples|63/100|[from] Spikes
|turn|22
|c|☆jonthug|lock in
|c|☆payam121212|w reference
|c|☆jonthug|im gonna hail mary this rq
|
|t:|1757812925
|move|p1a: 745 vince staples|Tidy Up|p1a: 745 vince staples
|-sideend|p1: jonthug|Spikes
|-sideend|p1: jonthug|Stealth Rock
|-sideend|p2: payam121212|Spikes
|-activate|p1a: 745 vince staples|move: Tidy Up
|-boost|p1a: 745 vince staples|atk|1
|-boost|p1a: 745 vince staples|spe|1
|move|p2a: Mamoswine|Ancient Power|p1a: 745 vince staples
|-damage|p1a: 745 vince staples|48/100
|
|upkeep
|turn|23
|c|☆jonthug|ok we up
|c|☆payam121212|wait what
|
|t:|1757812948
|switch|p2a: Deoxys|Deoxys-Speed|91/100
|-ability|p2a: Deoxys|Pressure
|move|p1a: 745 vince staples|Population Bomb|p2a: Deoxys
|-damage|p2a: Deoxys|72/100
|-damage|p2a: Deoxys|52/100
|-damage|p2a: Deoxys|33/100
|-damage|p2a: Deoxys|12/100
|-damage|p2a: Deoxys|0 fnt
|faint|p2a: Deoxys
|-hitcount|p2: Deoxys|5
|
|upkeep
|c|☆payam121212|????
|
|t:|1757812965
|switch|p2a: Infernape|Infernape, M|100/100
|turn|24
|c|☆jonthug|im a lil scared
|c|☆jonthug|lets try this
|
|t:|1757812980
|move|p1a: 745 vince staples|Population Bomb|p2a: Infernape
|-damage|p2a: Infernape|76/100
|-damage|p2a: Infernape|52/100
|-damage|p2a: Infernape|28/100
|-damage|p2a: Infernape|4/100
|-damage|p2a: Infernape|0 fnt
|faint|p2a: Infernape
|-hitcount|p2: Infernape|5
|
|upkeep
|c|☆payam121212|holf omn
|c|☆payam121212|WHAT
|c|☆jonthug|LOL ???
|
|t:|1757812993
|switch|p2a: Mamoswine|Mamoswine, F|23/100
|turn|25
|
|t:|1757813001
|-terastallize|p2a: Mamoswine|Ice
|move|p1a: 745 vince staples|Population Bomb|p2a: Mamoswine
|-damage|p2a: Mamoswine|3/100
|-damage|p2a: Mamoswine|0 fnt
|faint|p2a: Mamoswine
|-hitcount|p2: Mamoswine|2
|
|win|jonthug
