|j|☆jyedaboss
|j|☆spreadcrosser
|t:|1757823009
|gametype|singles
|player|p1|jyedaboss|1|1166
|player|p2|spreadcrosser|101|1160
|gen|9
|tier|[Gen 9] OU
|rated|
|rule|HP Percentage Mod: HP is shown in percentages
|rule|Endless Battle Clause: Forcing endless battles is banned
|rule|Species Clause: Limit one of each Pokémon
|rule|OHKO Clause: OHKO moves are banned
|rule|Evasion Items Clause: Evasion items are banned
|rule|Evasion Moves Clause: Evasion moves are banned
|rule|Evasion Abilities Clause: Evasion abilities are banned
|rule|Sleep Moves Clause: Sleep-inducing moves are banned
|clearpoke
|poke|p1|Corviknight, F|
|poke|p1|Great Tusk|
|poke|p1|Primarina, M|
|poke|p1|Rillaboom, M|
|poke|p1|Clefable, M|
|poke|p1|Glimmora, F|
|poke|p2|Serperior, M|
|poke|p2|Kingambit, M|
|poke|p2|Excadrill, M|
|poke|p2|Iron Hands|
|poke|p2|Ceruledge, F|
|poke|p2|Raging Bolt|
|teampreview
|inactive|Battle timer is ON: inactive players will automatically lose when time's up. (requested by spreadcrosser)
|
|t:|1757823015
|teamsize|p1|6
|teamsize|p2|6
|start
|switch|p1a: Glimmora|Glimmora, F, shiny|100/100
|switch|p2a: Iron Hands|Iron Hands|100/100
|-enditem|p2a: Iron Hands|Booster Energy
|-activate|p2a: Iron Hands|ability: Quark Drive|[fromitem]
|-start|p2a: Iron Hands|quarkdriveatk
|turn|1
|
|t:|1757823026
|move|p1a: Glimmora|Stealth Rock|p2a: Iron Hands
|-sidestart|p2: spreadcrosser|move: Stealth Rock
|move|p2a: Iron Hands|Earthquake|p1a: Glimmora
|-supereffective|p1a: Glimmora
|-damage|p1a: Glimmora|0 fnt
|-activate|p1a: Glimmora|ability: Toxic Debris
|-sidestart|p2: spreadcrosser|move: Toxic Spikes
|faint|p1a: Glimmora
|
|upkeep
|
|t:|1757823038
|switch|p1a: Great Tusk|Great Tusk|100/100
|turn|2
|c|☆spreadcrosser|that wasn’t even worth it
|
|t:|1757823046
|-terastallize|p2a: Iron Hands|Flying
|move|p1a: Great Tusk|Headlong Rush|p2a: Iron Hands
|-immune|p2a: Iron Hands
|move|p2a: Iron Hands|Ice Punch|p1a: Great Tusk
|-supereffective|p1a: Great Tusk
|-damage|p1a: Great Tusk|45/100
|
|upkeep
|turn|3
|
|t:|1757823059
|move|p1a: Great Tusk|Ice Spinner|p2a: Iron Hands
|-supereffective|p2a: Iron Hands
|-damage|p2a: Iron Hands|63/100
|move|p2a: Iron Hands|Swords Dance|p2a: Iron Hands
|-boost|p2a: Iron Hands|atk|2
|
|upkeep
|turn|4
|
|t:|1757823066
|move|p1a: Great Tusk|Ice Spinner|p2a: Iron Hands
|-supereffective|p2a: Iron Hands
|-damage|p2a: Iron Hands|25/100
|move|p2a: Iron Hands|Ice Punch|p1a: Great Tusk
|-supereffective|p1a: Great Tusk
|-damage|p1a: Great Tusk|0 fnt
|faint|p1a: Great Tusk
|-end|p1a: Great Tusk|Protosynthesis|[silent]
|
|upkeep
|
|t:|1757823087
|switch|p1a: Corviknight|Corviknight, F|100/100
|-ability|p1a: Corviknight|Pressure
|turn|5
|c|☆spreadcrosser|damn ur team is bad into iron hands
|
|t:|1757823105
|move|p2a: Iron Hands|Supercell Slam|p1a: Corviknight
|-supereffective|p1a: Corviknight
|-damage|p1a: Corviknight|0 fnt
|-damage|p2a: Iron Hands|8/100|[from] item: Rocky Helmet|[of] p1a: Corviknight
|faint|p1a: Corviknight
|
|upkeep
|
|t:|1757823112
|switch|p1a: Rillaboom|Rillaboom, M, shiny|100/100
|-fieldstart|move: Grassy Terrain|[from] ability: Grassy Surge|[of] p1a: Rillaboom
|turn|6
|
|t:|1757823118
|-end|p2a: Iron Hands|Quark Drive|[silent]
|switch|p2a: Ceruledge|Ceruledge, F|100/100
|-damage|p2a: Ceruledge|76/100|[from] Stealth Rock
|-status|p2a: Ceruledge|psn
|move|p1a: Rillaboom|Grassy Glide|p2a: Ceruledge
|-resisted|p2a: Ceruledge
|-damage|p2a: Ceruledge|46/100 psn
|-ability|p2a: Ceruledge|Weak Armor|boost
|-unboost|p2a: Ceruledge|def|1
|-boost|p2a: Ceruledge|spe|2
|
|-heal|p2a: Ceruledge|52/100 psn|[from] Grassy Terrain
|-damage|p2a: Ceruledge|40/100 psn|[from] psn
|upkeep
|turn|7
|
|t:|1757823135
|move|p1a: Rillaboom|Grassy Glide|p2a: Ceruledge
|-resisted|p2a: Ceruledge
|-damage|p2a: Ceruledge|0 fnt
|faint|p2a: Ceruledge
|
|upkeep
|
|t:|1757823140
|switch|p2a: Excadrill|Excadrill, M|100/100
|-damage|p2a: Excadrill|97/100|[from] Stealth Rock
|-ability|p2a: Excadrill|Mold Breaker
|turn|8
|
|t:|1757823149
|move|p1a: Rillaboom|Grassy Glide|p2a: Excadrill
|-damage|p2a: Excadrill|35/100
|move|p2a: Excadrill|Rapid Spin|p1a: Rillaboom
|-damage|p1a: Rillaboom|85/100
|-boost|p2a: Excadrill|spe|1
|-sideend|p2: spreadcrosser|Toxic Spikes|[from] move: Rapid Spin|[of] p2a: Excadrill
|-sideend|p2: spreadcrosser|Stealth Rock|[from] move: Rapid Spin|[of] p2a: Excadrill
|
|-heal|p2a: Excadrill|41/100|[from] Grassy Terrain
|-heal|p1a: Rillaboom|91/100|[from] Grassy Terrain
|-heal|p1a: Rillaboom|97/100|[from] item: Leftovers
|upkeep
|turn|9
|
|t:|1757823159
|switch|p2a: Serperior|Serperior, M|100/100
|move|p1a: Rillaboom|Grassy Glide|p2a: Serperior
|-resisted|p2a: Serperior
|-damage|p2a: Serperior|75/100
|
|-heal|p2a: Serperior|81/100|[from] Grassy Terrain
|-heal|p1a: Rillaboom|100/100|[from] Grassy Terrain
|upkeep
|turn|10
|
|t:|1757823169
|move|p2a: Serperior|Leaf Storm|p1a: Rillaboom
|-resisted|p1a: Rillaboom
|-damage|p1a: Rillaboom|52/100
|-boost|p2a: Serperior|spa|2
|-damage|p2a: Serperior|72/100|[from] item: Life Orb
|move|p1a: Rillaboom|Swords Dance|p1a: Rillaboom
|-boost|p1a: Rillaboom|atk|2
|
|-heal|p2a: Serperior|78/100|[from] Grassy Terrain
|-heal|p1a: Rillaboom|58/100|[from] Grassy Terrain
|-heal|p1a: Rillaboom|64/100|[from] item: Leftovers
|-fieldend|move: Grassy Terrain
|upkeep
|turn|11
|
|t:|1757823192
|move|p2a: Serperior|Leaf Storm|p1a: Rillaboom
|-resisted|p1a: Rillaboom
|-damage|p1a: Rillaboom|0 fnt
|-boost|p2a: Serperior|spa|2
|faint|p1a: Rillaboom
|-damage|p2a: Serperior|68/100|[from] item: Life Orb
|
|upkeep
|-message|jyedaboss forfeited.
|
|win|spreadcrosser
|raw|jyedaboss's rating: 1166 &rarr; <strong>1141</strong><br />(-25 for losing)
|raw|spreadcrosser's rating: 1160 &rarr; <strong>1185</strong><br />(+25 for winning)
|l|☆jyedaboss
|player|p1|
