|j|☆sbob9638
|j|☆B/CFan
|t:|1757925159
|gametype|singles
|player|p1|sbob9638|2|1259
|player|p2|B/CFan|101|1326
|gen|9
|tier|[Gen 9] OU
|rated|
|rule|HP Percentage Mod: HP is shown in percentages
|rule|Endless Battle Clause: Forcing endless battles is banned
|rule|Species Clause: Limit one of each Pokémon
|rule|OHKO Clause: OHKO moves are banned
|rule|Evasion Items Clause: Evasion items are banned
|rule|Evasion Moves Clause: Evasion moves are banned
|rule|Evasion Abilities Clause: Evasion abilities are banned
|rule|Sleep Moves Clause: Sleep-inducing moves are banned
|clearpoke
|poke|p1|Glimmora, F|
|poke|p1|Greninja-*, M|
|poke|p1|Dragapult, M|
|poke|p1|Great Tusk|
|poke|p1|Appletun, M|
|poke|p1|Kingambit, F|
|poke|p2|Hydreigon, M|
|poke|p2|Araquanid, M|
|poke|p2|Corviknight, M|
|poke|p2|Hatterene, F|
|poke|p2|Iron Hands|
|poke|p2|Iron Treads|
|teampreview
|
|t:|1757925168
|teamsize|p1|6
|teamsize|p2|6
|start
|switch|p1a: Dragapult|Dragapult, M|100/100
|switch|p2a: Araquanid|Araquanid, M|100/100
|turn|1
|
|t:|1757925184
|move|p1a: Dragapult|Dragon Dance|p1a: Dragapult
|-boost|p1a: Dragapult|atk|1
|-boost|p1a: Dragapult|spe|1
|move|p2a: Araquanid|Sticky Web|p1a: Dragapult
|-sidestart|p1: sbob9638|move: Sticky Web
|
|upkeep
|turn|2
|
|t:|1757925189
|switch|p2a: Corviknight|Corviknight, M|100/100
|move|p1a: Dragapult|Dragon Darts|p2a: Corviknight
|-resisted|p2a: Corviknight
|-damage|p2a: Corviknight|85/100
|-anim|p1a: Dragapult|Dragon Darts|p2a: Corviknight
|-resisted|p2a: Corviknight
|-damage|p2a: Corviknight|71/100
|
|-heal|p2a: Corviknight|77/100|[from] item: Leftovers
|upkeep
|turn|3
|
|t:|1757925198
|move|p1a: Dragapult|Fire Blast|p2a: Corviknight
|-supereffective|p2a: Corviknight
|-damage|p2a: Corviknight|26/100
|move|p2a: Corviknight|Bulk Up|p2a: Corviknight
|-boost|p2a: Corviknight|atk|1
|-boost|p2a: Corviknight|def|1
|
|-heal|p2a: Corviknight|33/100|[from] item: Leftovers
|upkeep
|turn|4
|
|t:|1757925206
|move|p1a: Dragapult|Fire Blast|p2a: Corviknight|[miss]
|-miss|p1a: Dragapult|p2a: Corviknight
|move|p2a: Corviknight|Roost|p2a: Corviknight
|-heal|p2a: Corviknight|83/100
|-singleturn|p2a: Corviknight|move: Roost
|
|-heal|p2a: Corviknight|89/100|[from] item: Leftovers
|upkeep
|turn|5
|
|t:|1757925214
|move|p1a: Dragapult|Fire Blast|p2a: Corviknight
|-supereffective|p2a: Corviknight
|-damage|p2a: Corviknight|35/100
|move|p2a: Corviknight|Brave Bird|p1a: Dragapult
|-crit|p1a: Dragapult
|-damage|p1a: Dragapult|0 fnt
|faint|p1a: Dragapult
|-damage|p2a: Corviknight|9/100|[from] Recoil
|
|-heal|p2a: Corviknight|15/100|[from] item: Leftovers
|upkeep
|
|t:|1757925250
|switch|p1a: Kingambit|Kingambit, F|100/100
|-activate|p1a: Kingambit|move: Sticky Web
|-unboost|p1a: Kingambit|spe|1
|-activate|p1a: Kingambit|ability: Supreme Overlord
|-start|p1a: Kingambit|fallen1|[silent]
|turn|6
|
|t:|1757925255
|move|p1a: Kingambit|Sucker Punch||[still]
|-fail|p1a: Kingambit
|move|p2a: Corviknight|Roost|p2a: Corviknight
|-heal|p2a: Corviknight|65/100
|-singleturn|p2a: Corviknight|move: Roost
|
|-heal|p2a: Corviknight|71/100|[from] item: Leftovers
|upkeep
|turn|7
|
|t:|1757925267
|move|p2a: Corviknight|Body Press|p1a: Kingambit
|-supereffective|p1a: Kingambit
|-damage|p1a: Kingambit|0 fnt
|faint|p1a: Kingambit
|-end|p1a: Kingambit|fallen1|[silent]
|
|-heal|p2a: Corviknight|77/100|[from] item: Leftovers
|upkeep
|
|t:|1757925273
|switch|p1a: Glimmora|Glimmora, F|100/100
|-activate|p1a: Glimmora|move: Sticky Web
|-unboost|p1a: Glimmora|spe|1
|turn|8
|
|t:|1757925279
|switch|p2a: Hatterene|Hatterene, F|100/100
|move|p1a: Glimmora|Stealth Rock|p2a: Hatterene
|move|p2a: Hatterene|Stealth Rock|p1a: Glimmora|[from] ability: Magic Bounce
|-sidestart|p1: sbob9638|move: Stealth Rock
|
|upkeep
|turn|9
|
|t:|1757925286
|switch|p2a: Corviknight|Corviknight, M|77/100
|move|p1a: Glimmora|Mortal Spin|p2a: Corviknight
|-immune|p2a: Corviknight
|
|-heal|p2a: Corviknight|84/100|[from] item: Leftovers
|upkeep
|turn|10
|
|t:|1757925296
|switch|p1a: Appletun|Appletun, M|100/100
|-activate|p1a: Appletun|move: Sticky Web
|-unboost|p1a: Appletun|spe|1
|-damage|p1a: Appletun|88/100|[from] Stealth Rock
|move|p2a: Corviknight|Bulk Up|p2a: Corviknight
|-boost|p2a: Corviknight|atk|1
|-boost|p2a: Corviknight|def|1
|
|-heal|p2a: Corviknight|90/100|[from] item: Leftovers
|-heal|p1a: Appletun|94/100|[from] item: Leftovers
|upkeep
|turn|11
|
|t:|1757925305
|move|p2a: Corviknight|Brave Bird|p1a: Appletun
|-supereffective|p1a: Appletun
|-damage|p1a: Appletun|0 fnt
|faint|p1a: Appletun
|-damage|p2a: Corviknight|57/100|[from] Recoil
|
|-heal|p2a: Corviknight|63/100|[from] item: Leftovers
|upkeep
|-message|sbob9638 forfeited.
|
|win|B/CFan
|raw|sbob9638's rating: 1259 &rarr; <strong>1239</strong><br />(-20 for losing)
|raw|B&#x2f;CFan's rating: 1326 &rarr; <strong>1342</strong><br />(+16 for winning)
|l|☆sbob9638
|player|p1|
|l|☆B/CFan
|player|p2|
