|j|☆wenhaowarriors
|j|☆jpenn
|t:|1757824181
|gametype|singles
|player|p1|wenhaowarriors|korrina|1353
|player|p2|jpenn|170|1343
|gen|9
|tier|[Gen 9] OU
|rated|
|rule|HP Percentage Mod: HP is shown in percentages
|rule|Endless Battle Clause: Forcing endless battles is banned
|rule|Species Clause: Limit one of each Pokémon
|rule|OHKO Clause: OHKO moves are banned
|rule|Evasion Items Clause: Evasion items are banned
|rule|Evasion Moves Clause: Evasion moves are banned
|rule|Evasion Abilities Clause: Evasion abilities are banned
|rule|Sleep Moves Clause: Sleep-inducing moves are banned
|clearpoke
|poke|p1|Samurott-Hisui, F|
|poke|p1|Great Tusk|
|poke|p1|Volcanion|
|poke|p1|Hydrapple, M|
|poke|p1|Gholdengo|
|poke|p1|Landorus-Therian, M|
|poke|p2|Zamazenta-*|
|poke|p2|Kingambit, M|
|poke|p2|Samurott-Hisui, F|
|poke|p2|Landorus-Therian, M|
|poke|p2|Iron Valiant|
|poke|p2|Iron Moth|
|teampreview
|inactive|Battle timer is ON: inactive players will automatically lose when time's up. (requested by jpenn)
|inactive|wenhaowarriors has 120 seconds left.
|inactive|wenhaowarriors has 90 seconds left.
|
|t:|1757824244
|teamsize|p1|6
|teamsize|p2|6
|start
|switch|p1a: The Fickle Heart|Hydrapple, M|100/100
|switch|p2a: Samurott|Samurott-Hisui, F|100/100
|turn|1
|
|t:|1757824256
|move|p2a: Samurott|Ceaseless Edge|p1a: The Fickle Heart
|-damage|p1a: The Fickle Heart|71/100
|-damage|p2a: Samurott|84/100|[from] item: Rocky Helmet|[of] p1a: The Fickle Heart
|-sidestart|p1: wenhaowarriors|Spikes
|move|p1a: The Fickle Heart|Earth Power|p2a: Samurott
|-crit|p2a: Samurott
|-damage|p2a: Samurott|32/100
|
|upkeep
|turn|2
|
|t:|1757824264
|move|p2a: Samurott|Knock Off|p1a: The Fickle Heart
|-damage|p1a: The Fickle Heart|43/100
|-damage|p2a: Samurott|16/100|[from] item: Rocky Helmet|[of] p1a: The Fickle Heart
|-enditem|p1a: The Fickle Heart|Rocky Helmet|[from] move: Knock Off|[of] p2a: Samurott
|move|p1a: The Fickle Heart|Giga Drain|p2a: Samurott
|-supereffective|p2a: Samurott
|-damage|p2a: Samurott|0 fnt
|-heal|p1a: The Fickle Heart|49/100|[from] drain|[of] p2a: Samurott
|faint|p2a: Samurott
|
|upkeep
|
|t:|1757824276
|switch|p2a: Iron Valiant|Iron Valiant|100/100
|-enditem|p2a: Iron Valiant|Booster Energy
|-activate|p2a: Iron Valiant|ability: Quark Drive|[fromitem]
|-start|p2a: Iron Valiant|quarkdrivespe
|turn|3
|
|t:|1757824295
|switch|p1a: Erupting Star|Volcanion|100/100
|move|p2a: Iron Valiant|Calm Mind|p2a: Iron Valiant
|-boost|p2a: Iron Valiant|spa|1
|-boost|p2a: Iron Valiant|spd|1
|
|upkeep
|turn|4
|
|t:|1757824303
|move|p2a: Iron Valiant|Thunderbolt|p1a: Erupting Star
|-supereffective|p1a: Erupting Star
|-damage|p1a: Erupting Star|15/100
|move|p1a: Erupting Star|Steam Eruption|p2a: Iron Valiant
|-damage|p2a: Iron Valiant|39/100
|
|upkeep
|turn|5
|
|t:|1757824315
|move|p2a: Iron Valiant|Moonblast|p1a: Erupting Star
|-resisted|p1a: Erupting Star
|-crit|p1a: Erupting Star
|-damage|p1a: Erupting Star|0 fnt
|faint|p1a: Erupting Star
|
|upkeep
|
|t:|1757824335
|switch|p1a: Heart of Ghold|Gholdengo|100/100
|-item|p1a: Heart of Ghold|Air Balloon
|turn|6
|
|t:|1757824341
|move|p2a: Iron Valiant|Thunderbolt|p1a: Heart of Ghold
|-damage|p1a: Heart of Ghold|54/100
|-enditem|p1a: Heart of Ghold|Air Balloon
|move|p1a: Heart of Ghold|Shadow Ball|p2a: Iron Valiant
|-damage|p2a: Iron Valiant|0 fnt
|faint|p2a: Iron Valiant
|-end|p2a: Iron Valiant|Quark Drive|[silent]
|
|upkeep
|
|t:|1757824348
|switch|p2a: Landorus|Landorus-Therian, M|100/100
|-ability|p2a: Landorus|Intimidate|boost
|-unboost|p1a: Heart of Ghold|atk|1
|turn|7
|inactive|wenhaowarriors has 120 seconds left.
|
|t:|1757824381
|move|p2a: Landorus|Stealth Rock|p1a: Heart of Ghold
|-sidestart|p1: wenhaowarriors|move: Stealth Rock
|move|p1a: Heart of Ghold|Make It Rain|p2a: Landorus
|-damage|p2a: Landorus|34/100
|-unboost|p1a: Heart of Ghold|spa|1
|
|upkeep
|turn|8
|
|t:|1757824386
|move|p2a: Landorus|Earthquake|p1a: Heart of Ghold
|-supereffective|p1a: Heart of Ghold
|-damage|p1a: Heart of Ghold|0 fnt
|faint|p1a: Heart of Ghold
|
|upkeep
|
|t:|1757824391
|switch|p1a: King Tusk|Great Tusk|100/100
|turn|9
|
|t:|1757824401
|move|p2a: Landorus|U-turn|p1a: King Tusk
|-resisted|p1a: King Tusk
|-damage|p1a: King Tusk|93/100
|
|t:|1757824403
|switch|p2a: Iron Moth|Iron Moth|100/100|[from] U-turn
|-enditem|p2a: Iron Moth|Booster Energy
|-activate|p2a: Iron Moth|ability: Quark Drive|[fromitem]
|-start|p2a: Iron Moth|quarkdrivespe
|move|p1a: King Tusk|Rapid Spin|p2a: Iron Moth
|-damage|p2a: Iron Moth|76/100
|-boost|p1a: King Tusk|spe|1
|-sideend|p1: wenhaowarriors|Spikes|[from] move: Rapid Spin|[of] p1a: King Tusk
|-sideend|p1: wenhaowarriors|Stealth Rock|[from] move: Rapid Spin|[of] p1a: King Tusk
|
|upkeep
|turn|10
|
|t:|1757824418
|-end|p1a: King Tusk|Protosynthesis|[silent]
|switch|p1a: The Last Ronin|Samurott-Hisui, F|100/100
|-terastallize|p2a: Iron Moth|Ground
|move|p2a: Iron Moth|Psychic|p1a: The Last Ronin
|-immune|p1a: The Last Ronin
|
|upkeep
|turn|11
|
|t:|1757824436
|move|p2a: Iron Moth|Sludge Wave|p1a: The Last Ronin
|-damage|p1a: The Last Ronin|68/100
|move|p1a: The Last Ronin|Razor Shell|p2a: Iron Moth
|-supereffective|p2a: Iron Moth
|-damage|p2a: Iron Moth|0 fnt
|faint|p2a: Iron Moth
|-end|p2a: Iron Moth|Quark Drive|[silent]
|
|upkeep
|
|t:|1757824463
|switch|p2a: Zamazenta|Zamazenta|100/100
|-ability|p2a: Zamazenta|Dauntless Shield|boost
|-boost|p2a: Zamazenta|def|1
|turn|12
|
|t:|1757824473
|switch|p1a: The Fickle Heart|Hydrapple, M|82/100
|move|p2a: Zamazenta|Iron Defense|p2a: Zamazenta
|-boost|p2a: Zamazenta|def|2
|
|upkeep
|turn|13
|
|t:|1757824484
|move|p2a: Zamazenta|Iron Defense|p2a: Zamazenta
|-boost|p2a: Zamazenta|def|2
|move|p1a: The Fickle Heart|Fickle Beam|p2a: Zamazenta
|-damage|p2a: Zamazenta|77/100
|
|-heal|p2a: Zamazenta|83/100|[from] item: Leftovers
|upkeep
|turn|14
|
|t:|1757824492
|move|p2a: Zamazenta|Body Press|p1a: The Fickle Heart
|-damage|p1a: The Fickle Heart|17/100
|move|p1a: The Fickle Heart|Fickle Beam|p2a: Zamazenta
|-damage|p2a: Zamazenta|59/100
|
|-heal|p2a: Zamazenta|65/100|[from] item: Leftovers
|upkeep
|turn|15
|
|t:|1757824497
|move|p2a: Zamazenta|Body Press|p1a: The Fickle Heart
|-damage|p1a: The Fickle Heart|0 fnt
|faint|p1a: The Fickle Heart
|
|-heal|p2a: Zamazenta|71/100|[from] item: Leftovers
|upkeep
|-message|wenhaowarriors forfeited.
|
|win|jpenn
|raw|wenhaowarriors's rating: 1353 &rarr; <strong>1332</strong><br />(-21 for losing)
|raw|jpenn's rating: 1343 &rarr; <strong>1364</strong><br />(+21 for winning)
|l|☆wenhaowarriors
|player|p1|
|l|☆jpenn
|player|p2|
