|j|☆tianbosi
|j|☆Ploays
|t:|1757831511
|gametype|singles
|player|p1|tianbosi|bellelba|1113
|player|p2|Ploays|unknown|1103
|gen|9
|tier|[Gen 9] OU
|rated|
|rule|HP Percentage Mod: HP is shown in percentages
|rule|Endless Battle Clause: Forcing endless battles is banned
|rule|Species Clause: Limit one of each Pokémon
|rule|OHKO Clause: OHKO moves are banned
|rule|Evasion Items Clause: Evasion items are banned
|rule|Evasion Moves Clause: Evasion moves are banned
|rule|Evasion Abilities Clause: Evasion abilities are banned
|rule|Sleep Moves Clause: Sleep-inducing moves are banned
|clearpoke
|poke|p1|Dragapult, F|
|poke|p1|Alomomola, F|
|poke|p1|Garganacl, M|
|poke|p1|Sinistcha-Masterpiece|
|poke|p1|Heatran, F|
|poke|p1|Mandibuzz, F|
|poke|p2|Gliscor, M|
|poke|p2|Bisharp, M|
|poke|p2|Azumarill, M|
|poke|p2|Maushold-Four|
|poke|p2|Gastrodon-East, M|
|poke|p2|Kingambit, F|
|teampreview
|inactive|Battle timer is ON: inactive players will automatically lose when time's up. (requested by tianbosi)
|
|t:|1757831517
|teamsize|p1|6
|teamsize|p2|6
|start
|switch|p1a: Dragapult|Dragapult, F|100/100
|switch|p2a: Gastrodon|Gastrodon-East, M|100/100
|turn|1
|
|t:|1757831528
|move|p1a: Dragapult|Dragon Darts|p2a: Gastrodon
|-damage|p2a: Gastrodon|79/100
|-anim|p1a: Dragapult|Dragon Darts|p2a: Gastrodon
|-damage|p2a: Gastrodon|59/100
|move|p2a: Gastrodon|Stealth Rock|p1a: Dragapult
|-sidestart|p1: tianbosi|move: Stealth Rock
|
|upkeep
|turn|2
|
|t:|1757831536
|switch|p1a: Mandibuzz|Mandibuzz, F|100/100
|move|p2a: Gastrodon|Spikes|p1a: Mandibuzz
|-sidestart|p1: tianbosi|Spikes
|
|upkeep
|turn|3
|
|t:|1757831543
|move|p1a: Mandibuzz|Defog|p2a: Gastrodon
|-unboost|p2a: Gastrodon|evasion|1
|-sideend|p1: tianbosi|Spikes|[from] move: Defog|[of] p1a: Mandibuzz
|-sideend|p1: tianbosi|Stealth Rock|[from] move: Defog|[of] p1a: Mandibuzz
|move|p2a: Gastrodon|Spikes|p1a: Mandibuzz
|-sidestart|p1: tianbosi|Spikes
|
|upkeep
|turn|4
|
|t:|1757831550
|move|p1a: Mandibuzz|Taunt|p2a: Gastrodon
|-start|p2a: Gastrodon|move: Taunt
|move|p2a: Gastrodon|Surf|p1a: Mandibuzz
|-damage|p1a: Mandibuzz|78/100
|
|upkeep
|turn|5
|
|t:|1757831557
|move|p1a: Mandibuzz|Defog|p2a: Gastrodon
|-unboost|p2a: Gastrodon|evasion|1
|-sideend|p1: tianbosi|Spikes|[from] move: Defog|[of] p1a: Mandibuzz
|move|p2a: Gastrodon|Surf|p1a: Mandibuzz
|-damage|p1a: Mandibuzz|56/100
|
|upkeep
|turn|6
|
|t:|1757831565
|move|p1a: Mandibuzz|Roost|p1a: Mandibuzz
|-heal|p1a: Mandibuzz|100/100
|-singleturn|p1a: Mandibuzz|move: Roost
|move|p2a: Gastrodon|Surf|p1a: Mandibuzz
|-damage|p1a: Mandibuzz|78/100
|
|-end|p2a: Gastrodon|move: Taunt
|upkeep
|turn|7
|
|t:|1757831576
|move|p1a: Mandibuzz|Foul Play|p2a: Gastrodon
|-damage|p2a: Gastrodon|36/100
|move|p2a: Gastrodon|Surf|p1a: Mandibuzz
|-damage|p1a: Mandibuzz|57/100
|
|upkeep
|turn|8
|
|t:|1757831583
|move|p1a: Mandibuzz|Foul Play|p2a: Gastrodon
|-damage|p2a: Gastrodon|15/100
|move|p2a: Gastrodon|Surf|p1a: Mandibuzz
|-damage|p1a: Mandibuzz|35/100
|
|upkeep
|turn|9
|
|t:|1757831590
|move|p1a: Mandibuzz|Roost|p1a: Mandibuzz
|-heal|p1a: Mandibuzz|85/100
|-singleturn|p1a: Mandibuzz|move: Roost
|move|p2a: Gastrodon|Surf|p1a: Mandibuzz
|-damage|p1a: Mandibuzz|63/100
|
|upkeep
|turn|10
|
|t:|1757831597
|move|p1a: Mandibuzz|Roost|p1a: Mandibuzz
|-heal|p1a: Mandibuzz|100/100
|-singleturn|p1a: Mandibuzz|move: Roost
|move|p2a: Gastrodon|Surf|p1a: Mandibuzz
|-damage|p1a: Mandibuzz|79/100
|
|upkeep
|turn|11
|
|t:|1757831605
|move|p1a: Mandibuzz|Foul Play|p2a: Gastrodon
|-damage|p2a: Gastrodon|0 fnt
|faint|p2a: Gastrodon
|
|upkeep
|
|t:|1757831611
|switch|p2a: Bisharp|Bisharp, M|100/100
|turn|12
|
|t:|1757831621
|move|p2a: Bisharp|Iron Head|p1a: Mandibuzz
|-damage|p1a: Mandibuzz|53/100
|cant|p1a: Mandibuzz|flinch
|
|upkeep
|turn|13
|
|t:|1757831627
|move|p2a: Bisharp|Iron Head|p1a: Mandibuzz
|-damage|p1a: Mandibuzz|30/100
|cant|p1a: Mandibuzz|flinch
|
|upkeep
|turn|14
|
|t:|1757831636
|switch|p1a: Heatran|Heatran, F|100/100
|move|p2a: Bisharp|Iron Head|p1a: Heatran
|-resisted|p1a: Heatran
|-damage|p1a: Heatran|90/100
|
|upkeep
|turn|15
|
|t:|1757831643
|switch|p2a: Azumarill|Azumarill, M|100/100
|move|p1a: Heatran|Flame Charge|p2a: Azumarill
|-resisted|p2a: Azumarill
|-damage|p2a: Azumarill|92/100
|-boost|p1a: Heatran|spe|1
|
|upkeep
|turn|16
|
|t:|1757831654
|switch|p1a: Mandibuzz|Mandibuzz, F|30/100
|move|p2a: Azumarill|Liquidation|p1a: Mandibuzz
|-damage|p1a: Mandibuzz|0 fnt
|faint|p1a: Mandibuzz
|
|upkeep
|
|t:|1757831662
|switch|p1a: Sinistcha|Sinistcha-Masterpiece, shiny|100/100
|turn|17
|
|t:|1757831669
|switch|p2a: Bisharp|Bisharp, M|100/100
|move|p1a: Sinistcha|Strength Sap|p2a: Bisharp
|-unboost|p2a: Bisharp|atk|1
|-ability|p2a: Bisharp|Defiant|boost
|-boost|p2a: Bisharp|atk|2
|
|upkeep
|turn|18
|
|t:|1757831678
|-terastallize|p1a: Sinistcha|Fire
|move|p2a: Bisharp|Sucker Punch|p1a: Sinistcha
|-damage|p1a: Sinistcha|52/100
|move|p1a: Sinistcha|Tera Blast|p2a: Bisharp|[anim] Tera Blast Fire
|-supereffective|p2a: Bisharp
|-damage|p2a: Bisharp|32/100
|
|-heal|p1a: Sinistcha|58/100|[from] item: Leftovers
|upkeep
|turn|19
|
|t:|1757831690
|move|p2a: Bisharp|Throat Chop|p1a: Sinistcha
|-damage|p1a: Sinistcha|3/100
|-start|p1a: Sinistcha|Throat Chop|[silent]
|move|p1a: Sinistcha|Substitute|p1a: Sinistcha
|-fail|p1a: Sinistcha|move: Substitute|[weak]
|
|-heal|p1a: Sinistcha|9/100|[from] item: Leftovers
|upkeep
|turn|20
|
|t:|1757831703
|switch|p1a: Alomomola|Alomomola, F|100/100
|move|p2a: Bisharp|Throat Chop|p1a: Alomomola
|-damage|p1a: Alomomola|66/100
|-start|p1a: Alomomola|Throat Chop|[silent]
|
|-heal|p1a: Alomomola|72/100|[from] item: Leftovers
|upkeep
|turn|21
|
|t:|1757831726
|move|p2a: Bisharp|Sucker Punch||[still]
|-fail|p2a: Bisharp
|move|p1a: Alomomola|Wish|p1a: Alomomola
|
|-heal|p1a: Alomomola|78/100|[from] item: Leftovers
|-end|p1a: Alomomola|Throat Chop|[silent]
|upkeep
|turn|22
|
|t:|1757831733
|move|p1a: Alomomola|Protect|p1a: Alomomola
|-singleturn|p1a: Alomomola|Protect
|move|p2a: Bisharp|Throat Chop|p1a: Alomomola
|-activate|p1a: Alomomola|move: Protect
|
|-heal|p1a: Alomomola|100/100|[from] move: Wish|[wisher] Alomomola
|upkeep
|turn|23
|
|t:|1757831743
|move|p2a: Bisharp|Throat Chop|p1a: Alomomola
|-damage|p1a: Alomomola|66/100
|-start|p1a: Alomomola|Throat Chop|[silent]
|move|p1a: Alomomola|Wish|p1a: Alomomola
|
|-heal|p1a: Alomomola|72/100|[from] item: Leftovers
|upkeep
|turn|24
|
|t:|1757831750
|move|p2a: Bisharp|Swords Dance|p2a: Bisharp
|-boost|p2a: Bisharp|atk|2
|move|p1a: Alomomola|Flip Turn|p2a: Bisharp
|-damage|p2a: Bisharp|21/100
|
|t:|1757831757
|switch|p1a: Dragapult|Dragapult, F|100/100|[from] Flip Turn
|
|upkeep
|turn|25
|
|t:|1757831764
|move|p2a: Bisharp|Sucker Punch|p1a: Dragapult
|-supereffective|p1a: Dragapult
|-damage|p1a: Dragapult|0 fnt
|faint|p1a: Dragapult
|
|upkeep
|inactive|tianbosi has 120 seconds left.
|
|t:|1757831797
|switch|p1a: Garganacl|Garganacl, M|100/100
|turn|26
|
|t:|1757831804
|move|p2a: Bisharp|Iron Head|p1a: Garganacl
|-supereffective|p1a: Garganacl
|-enditem|p1a: Garganacl|Focus Sash
|-damage|p1a: Garganacl|1/100
|cant|p1a: Garganacl|flinch
|
|upkeep
|turn|27
|-message|tianbosi forfeited.
|
|win|Ploays
|raw|tianbosi's rating: 1113 &rarr; <strong>1087</strong><br />(-26 for losing)
|raw|Ploays's rating: 1103 &rarr; <strong>1129</strong><br />(+26 for winning)
|l|☆tianbosi
|player|p1|
|l|☆Ploays
|player|p2|
