|j|☆PixelPenguin2
|j|☆jahleel
|t:|1757952274
|gametype|singles
|player|p1|PixelPenguin2|guitarist|1549
|player|p2|jahleel|dancer|1591
|gen|9
|tier|[Gen 9] OU
|rated|
|rule|HP Percentage Mod: HP is shown in percentages
|rule|Endless Battle Clause: Forcing endless battles is banned
|rule|Species Clause: Limit one of each Pokémon
|rule|OHKO Clause: OHKO moves are banned
|rule|Evasion Items Clause: Evasion items are banned
|rule|Evasion Moves Clause: Evasion moves are banned
|rule|Evasion Abilities Clause: Evasion abilities are banned
|rule|Sleep Moves Clause: Sleep-inducing moves are banned
|clearpoke
|poke|p1|Necrozma|
|poke|p1|Samurott-Hisui, F|
|poke|p1|Raging Bolt|
|poke|p1|Ogerpon-Wellspring, F|
|poke|p1|Iron Treads|
|poke|p1|Moltres|
|poke|p2|Pecharunt|
|poke|p2|Iron Valiant|
|poke|p2|Moltres|
|poke|p2|Alomomola, F|
|poke|p2|Great Tusk|
|poke|p2|Dragonite, F|
|teampreview
|inactive|Battle timer is ON: inactive players will automatically lose when time's up. (requested by PixelPenguin2)
|
|t:|1757952286
|teamsize|p1|6
|teamsize|p2|6
|start
|switch|p1a: Samurott|Samurott-Hisui, F|100/100
|switch|p2a: Alomomola|Alomomola, F|100/100
|turn|1
|
|t:|1757952292
|move|p1a: Samurott|Ceaseless Edge|p2a: Alomomola
|-damage|p2a: Alomomola|71/100
|-sidestart|p2: jahleel|Spikes
|move|p2a: Alomomola|Flip Turn|p1a: Samurott
|-resisted|p1a: Samurott
|-damage|p1a: Samurott|91/100
|-damage|p2a: Alomomola|54/100|[from] item: Rocky Helmet|[of] p1a: Samurott
|
|t:|1757952301
|switch|p2a: Iron Valiant|Iron Valiant|100/100|[from] Flip Turn
|-damage|p2a: Iron Valiant|88/100|[from] Spikes
|
|upkeep
|turn|2
|
|t:|1757952311
|switch|p1a: Moltres|Moltres|100/100
|move|p2a: Iron Valiant|Thunderbolt|p1a: Moltres
|-supereffective|p1a: Moltres
|-damage|p1a: Moltres|9/100
|
|upkeep
|turn|3
|inactive|jahleel has 120 seconds left.
|
|t:|1757952369
|move|p2a: Iron Valiant|Thunderbolt|p1a: Moltres
|-supereffective|p1a: Moltres
|-damage|p1a: Moltres|0 fnt
|faint|p1a: Moltres
|
|upkeep
|
|t:|1757952371
|switch|p1a: Iron Treads|Iron Treads|100/100
|turn|4
|
|t:|1757952391
|-end|p2a: Iron Valiant|Quark Drive|[silent]
|switch|p2a: Great Tusk|Great Tusk|100/100
|move|p1a: Iron Treads|Stealth Rock|p2a: Great Tusk
|-sidestart|p2: jahleel|move: Stealth Rock
|
|upkeep
|turn|5
|
|t:|1757952400
|move|p1a: Iron Treads|Earth Power|p2a: Great Tusk
|-damage|p2a: Great Tusk|66/100
|move|p2a: Great Tusk|Rapid Spin|p1a: Iron Treads
|-resisted|p1a: Iron Treads
|-damage|p1a: Iron Treads|93/100
|-boost|p2a: Great Tusk|spe|1
|-sideend|p2: jahleel|Spikes|[from] move: Rapid Spin|[of] p2a: Great Tusk
|-sideend|p2: jahleel|Stealth Rock|[from] move: Rapid Spin|[of] p2a: Great Tusk
|
|upkeep
|turn|6
|
|t:|1757952422
|-end|p1a: Iron Treads|Quark Drive|[silent]
|switch|p1a: Ogerpon|Ogerpon-Wellspring, F|100/100
|move|p2a: Great Tusk|Headlong Rush|p1a: Ogerpon
|-resisted|p1a: Ogerpon
|-damage|p1a: Ogerpon|64/100
|-unboost|p2a: Great Tusk|def|1
|-unboost|p2a: Great Tusk|spd|1
|
|upkeep
|turn|7
|
|t:|1757952431
|-end|p2a: Great Tusk|Protosynthesis|[silent]
|switch|p2a: Pecharunt|Pecharunt|100/100
|switch|p1a: Iron Treads|Iron Treads|93/100
|
|upkeep
|turn|8
|inactive|jahleel has 120 seconds left.
|
|t:|1757952438
|switch|p2a: Great Tusk|Great Tusk|66/100
|move|p1a: Iron Treads|Earth Power|p2a: Great Tusk
|-damage|p2a: Great Tusk|29/100
|
|upkeep
|turn|9
|
|t:|1757952446
|move|p1a: Iron Treads|Stealth Rock|p2a: Great Tusk
|-sidestart|p2: jahleel|move: Stealth Rock
|move|p2a: Great Tusk|Rapid Spin|p1a: Iron Treads
|-resisted|p1a: Iron Treads
|-damage|p1a: Iron Treads|87/100
|-boost|p2a: Great Tusk|spe|1
|-sideend|p2: jahleel|Stealth Rock|[from] move: Rapid Spin|[of] p2a: Great Tusk
|
|upkeep
|turn|10
|
|t:|1757952451
|move|p2a: Great Tusk|Stealth Rock|p1a: Iron Treads
|-sidestart|p1: PixelPenguin2|move: Stealth Rock
|move|p1a: Iron Treads|Earth Power|p2a: Great Tusk
|-damage|p2a: Great Tusk|0 fnt
|faint|p2a: Great Tusk
|-end|p2a: Great Tusk|Protosynthesis|[silent]
|
|upkeep
|
|t:|1757952456
|switch|p2a: Iron Valiant|Iron Valiant|88/100
|turn|11
|
|t:|1757952460
|move|p2a: Iron Valiant|Focus Blast|p1a: Iron Treads
|-supereffective|p1a: Iron Treads
|-damage|p1a: Iron Treads|0 fnt
|faint|p1a: Iron Treads
|-end|p1a: Iron Treads|Quark Drive|[silent]
|
|upkeep
|
|t:|1757952463
|switch|p1a: Necrozma|Necrozma|100/100
|-damage|p1a: Necrozma|88/100|[from] Stealth Rock
|turn|12
|
|t:|1757952471
|-end|p2a: Iron Valiant|Quark Drive|[silent]
|switch|p2a: Alomomola|Alomomola, F|88/100
|switch|p1a: Samurott|Samurott-Hisui, F|91/100
|-damage|p1a: Samurott|79/100|[from] Stealth Rock
|
|upkeep
|turn|13
|
|t:|1757952474
|move|p1a: Samurott|Ceaseless Edge|p2a: Alomomola
|-damage|p2a: Alomomola|56/100
|-sidestart|p2: jahleel|Spikes
|move|p2a: Alomomola|Flip Turn|p1a: Samurott
|-resisted|p1a: Samurott
|-damage|p1a: Samurott|69/100
|-damage|p2a: Alomomola|40/100|[from] item: Rocky Helmet|[of] p1a: Samurott
|
|t:|1757952479
|switch|p2a: Iron Valiant|Iron Valiant|88/100|[from] Flip Turn
|-damage|p2a: Iron Valiant|76/100|[from] Spikes
|
|upkeep
|turn|14
|
|t:|1757952487
|switch|p1a: Ogerpon|Ogerpon-Wellspring, F|64/100
|-damage|p1a: Ogerpon|52/100|[from] Stealth Rock
|move|p2a: Iron Valiant|Moonblast|p1a: Ogerpon
|-crit|p1a: Ogerpon
|-damage|p1a: Ogerpon|0 fnt
|faint|p1a: Ogerpon
|
|upkeep
|
|t:|1757952492
|switch|p1a: Raging Bolt|Raging Bolt|100/100
|-damage|p1a: Raging Bolt|88/100|[from] Stealth Rock
|-enditem|p1a: Raging Bolt|Booster Energy
|-activate|p1a: Raging Bolt|ability: Protosynthesis|[fromitem]
|-start|p1a: Raging Bolt|protosynthesisspa
|turn|15
|
|t:|1757952499
|-terastallize|p2a: Iron Valiant|Electric
|-terastallize|p1a: Raging Bolt|Fairy
|move|p2a: Iron Valiant|Moonblast|p1a: Raging Bolt
|-damage|p1a: Raging Bolt|23/100
|move|p1a: Raging Bolt|Thunderbolt|p2a: Iron Valiant
|-resisted|p2a: Iron Valiant
|-damage|p2a: Iron Valiant|17/100
|
|upkeep
|turn|16
|
|t:|1757952514
|-end|p2a: Iron Valiant|Quark Drive|[silent]
|switch|p2a: Alomomola|Alomomola, F|73/100
|-damage|p2a: Alomomola|61/100|[from] Spikes
|move|p1a: Raging Bolt|Thunderclap||[still]
|-fail|p1a: Raging Bolt
|
|upkeep
|turn|17
|
|t:|1757952517
|move|p1a: Raging Bolt|Thunderbolt|p2a: Alomomola
|-supereffective|p2a: Alomomola
|-damage|p2a: Alomomola|0 fnt
|faint|p2a: Alomomola
|
|upkeep
|
|t:|1757952521
|switch|p2a: Dragonite|Dragonite, F|100/100
|turn|18
|
|t:|1757952538
|move|p2a: Dragonite|Extreme Speed|p1a: Raging Bolt
|-damage|p1a: Raging Bolt|1/100
|move|p1a: Raging Bolt|Dragon Pulse|p2a: Dragonite
|-supereffective|p2a: Dragonite
|-damage|p2a: Dragonite|33/100
|
|upkeep
|turn|19
|
|t:|1757952543
|move|p2a: Dragonite|Extreme Speed|p1a: Raging Bolt
|-damage|p1a: Raging Bolt|0 fnt
|faint|p1a: Raging Bolt
|-end|p1a: Raging Bolt|Protosynthesis|[silent]
|
|upkeep
|
|t:|1757952546
|switch|p1a: Necrozma|Necrozma|88/100
|-damage|p1a: Necrozma|76/100|[from] Stealth Rock
|turn|20
|
|t:|1757952551
|move|p2a: Dragonite|Earthquake|p1a: Necrozma
|-damage|p1a: Necrozma|46/100
|move|p1a: Necrozma|Trick Room|p1a: Necrozma
|-fieldstart|move: Trick Room|[of] p1a: Necrozma
|
|upkeep
|turn|21
|
|t:|1757952558
|switch|p2a: Moltres|Moltres|100/100
|move|p1a: Necrozma|Photon Geyser|p2a: Moltres
|-damage|p2a: Moltres|50/100
|-damage|p1a: Necrozma|36/100|[from] item: Life Orb
|
|upkeep
|turn|22
|inactive|jahleel has 120 seconds left.
|
|t:|1757952601
|move|p1a: Necrozma|Photon Geyser|p2a: Moltres
|-damage|p2a: Moltres|0 fnt
|faint|p2a: Moltres
|-damage|p1a: Necrozma|26/100|[from] item: Life Orb
|
|upkeep
|
|t:|1757952610
|switch|p2a: Dragonite|Dragonite, F|33/100
|turn|23
|
|t:|1757952617
|move|p2a: Dragonite|Extreme Speed|p1a: Necrozma
|-damage|p1a: Necrozma|3/100
|move|p1a: Necrozma|Photon Geyser|p2a: Dragonite
|-crit|p2a: Dragonite
|-damage|p2a: Dragonite|0 fnt
|faint|p2a: Dragonite
|-damage|p1a: Necrozma|0 fnt|[from] item: Life Orb
|faint|p1a: Necrozma
|
|upkeep
|
|t:|1757952627
|switch|p1a: Samurott|Samurott-Hisui, F|69/100
|switch|p2a: Pecharunt|Pecharunt|100/100
|-damage|p2a: Pecharunt|88/100|[from] Spikes
|-damage|p1a: Samurott|57/100|[from] Stealth Rock
|turn|24
|inactive|jahleel has 120 seconds left.
|
|t:|1757952635
|move|p2a: Pecharunt|Malignant Chain|p1a: Samurott
|-damage|p1a: Samurott|14/100
|move|p1a: Samurott|Ceaseless Edge|p2a: Pecharunt
|-supereffective|p2a: Pecharunt
|-damage|p2a: Pecharunt|44/100
|-damage|p1a: Samurott|0 fnt|[from] item: Rocky Helmet|[of] p2a: Pecharunt
|faint|p1a: Samurott
|
|win|jahleel
|raw|PixelPenguin2's rating: 1549 &rarr; <strong>1531</strong><br />(-18 for losing)
|raw|jahleel's rating: 1591 &rarr; <strong>1609</strong><br />(+18 for winning)
|l|☆PixelPenguin2
|player|p1|
|l|☆jahleel
|player|p2|
