|j|‽bidooofer
|j|☆yinian114514
|t:|1757943042
|gametype|singles
|player|p1|bidooofer|riley|1620
|player|p2|yinian114514|swimmerf-gen4|1610
|gen|9
|tier|[Gen 9] OU
|rated|
|rule|HP Percentage Mod: HP is shown in percentages
|rule|Endless Battle Clause: Forcing endless battles is banned
|rule|Species Clause: Limit one of each Pokémon
|rule|OHKO Clause: OHKO moves are banned
|rule|Evasion Items Clause: Evasion items are banned
|rule|Evasion Moves Clause: Evasion moves are banned
|rule|Evasion Abilities Clause: Evasion abilities are banned
|rule|Sleep Moves Clause: Sleep-inducing moves are banned
|clearpoke
|poke|p1|Torkoal, F|
|poke|p1|Walking Wake|
|poke|p1|Raging Bolt|
|poke|p1|Great Tusk|
|poke|p1|Rillaboom, F|
|poke|p1|Hatterene, F|
|poke|p2|Gliscor, F|
|poke|p2|Blissey, F|
|poke|p2|Weezing-Galar, F|
|poke|p2|Corviknight, M|
|poke|p2|Dondozo, M|
|poke|p2|Toxapex, M|
|teampreview
|inactive|Battle timer is ON: inactive players will automatically lose when time's up. (requested by yinian114514)
|
|t:|1757943055
|teamsize|p1|6
|teamsize|p2|6
|start
|switch|p1a: Rillaboom|Rillaboom, F|100/100
|switch|p2a: 小蝎子|Gliscor, F, shiny|100/100
|-fieldstart|move: Grassy Terrain|[from] ability: Grassy Surge|[of] p1a: Rillaboom
|turn|1
|
|t:|1757943083
|move|p2a: 小蝎子|Protect|p2a: 小蝎子
|-singleturn|p2a: 小蝎子|Protect
|move|p1a: Rillaboom|Wood Hammer|p2a: 小蝎子
|-activate|p2a: 小蝎子|move: Protect
|
|-status|p2a: 小蝎子|tox|[from] item: Toxic Orb
|upkeep
|turn|2
|
|t:|1757943098
|switch|p1a: Raging Bolt|Raging Bolt|100/100
|switch|p2a: 小鸦几|Corviknight, M, shiny|100/100
|-ability|p2a: 小鸦几|Pressure
|
|upkeep
|turn|3
|inactive|bidooofer has 120 seconds left.
|
|t:|1757943130
|switch|p2a: 小蝎子|Gliscor, F, shiny|100/100 tox
|move|p1a: Raging Bolt|Calm Mind|p1a: Raging Bolt
|-boost|p1a: Raging Bolt|spa|1
|-boost|p1a: Raging Bolt|spd|1
|
|upkeep
|turn|4
|
|t:|1757943145
|switch|p2a: 不是坏蛋|Blissey, F, shiny|100/100
|-end|p1a: Raging Bolt|Protosynthesis|[silent]
|switch|p1a: Hatterene|Hatterene, F|100/100
|
|upkeep
|turn|5
|j| 40 crip
|inactive|bidooofer has 120 seconds left.
|inactive|bidooofer has 90 seconds left.
|inactive|bidooofer has 60 seconds left.
|
|t:|1757943224
|move|p2a: 不是坏蛋|Shadow Ball|p1a: Hatterene
|-supereffective|p1a: Hatterene
|-damage|p1a: Hatterene|78/100
|-unboost|p1a: Hatterene|spd|1
|move|p1a: Hatterene|Nuzzle|p2a: 不是坏蛋
|-damage|p2a: 不是坏蛋|97/100
|-status|p2a: 不是坏蛋|par
|
|-heal|p1a: Hatterene|84/100|[from] Grassy Terrain
|-heal|p2a: 不是坏蛋|100/100 par|[from] Grassy Terrain
|-fieldend|move: Grassy Terrain
|upkeep
|turn|6
|
|t:|1757943233
|move|p1a: Hatterene|Future Sight|p2a: 不是坏蛋
|-start|p1a: Hatterene|move: Future Sight
|move|p2a: 不是坏蛋|Shadow Ball|p1a: Hatterene
|-supereffective|p1a: Hatterene
|-damage|p1a: Hatterene|50/100
|
|upkeep
|turn|7
|
|t:|1757943245
|switch|p1a: Raging Bolt|Raging Bolt|100/100
|move|p2a: 不是坏蛋|Stealth Rock|p1a: Raging Bolt
|-sidestart|p1: bidooofer|move: Stealth Rock
|
|upkeep
|turn|8
|
|t:|1757943254
|move|p1a: Raging Bolt|Calm Mind|p1a: Raging Bolt
|-boost|p1a: Raging Bolt|spa|1
|-boost|p1a: Raging Bolt|spd|1
|move|p2a: 不是坏蛋|Calm Mind|p2a: 不是坏蛋
|-boost|p2a: 不是坏蛋|spa|1
|-boost|p2a: 不是坏蛋|spd|1
|
|-end|p2a: 不是坏蛋|move: Future Sight
|-damage|p2a: 不是坏蛋|89/100 par
|-heal|p2a: 不是坏蛋|95/100 par|[from] item: Leftovers
|upkeep
|turn|9
|
|t:|1757943260
|move|p1a: Raging Bolt|Calm Mind|p1a: Raging Bolt
|-boost|p1a: Raging Bolt|spa|1
|-boost|p1a: Raging Bolt|spd|1
|cant|p2a: 不是坏蛋|par
|
|-heal|p2a: 不是坏蛋|100/100 par|[from] item: Leftovers
|upkeep
|turn|10
|
|t:|1757943263
|move|p1a: Raging Bolt|Calm Mind|p1a: Raging Bolt
|-boost|p1a: Raging Bolt|spa|1
|-boost|p1a: Raging Bolt|spd|1
|move|p2a: 不是坏蛋|Calm Mind|p2a: 不是坏蛋
|-boost|p2a: 不是坏蛋|spa|1
|-boost|p2a: 不是坏蛋|spd|1
|
|upkeep
|turn|11
|
|t:|1757943266
|move|p1a: Raging Bolt|Calm Mind|p1a: Raging Bolt
|-boost|p1a: Raging Bolt|spa|1
|-boost|p1a: Raging Bolt|spd|1
|move|p2a: 不是坏蛋|Calm Mind|p2a: 不是坏蛋
|-boost|p2a: 不是坏蛋|spa|1
|-boost|p2a: 不是坏蛋|spd|1
|
|upkeep
|turn|12
|
|t:|1757943269
|move|p1a: Raging Bolt|Calm Mind|p1a: Raging Bolt
|-boost|p1a: Raging Bolt|spa|1
|-boost|p1a: Raging Bolt|spd|1
|move|p2a: 不是坏蛋|Calm Mind|p2a: 不是坏蛋
|-boost|p2a: 不是坏蛋|spa|1
|-boost|p2a: 不是坏蛋|spd|1
|
|upkeep
|turn|13
|
|t:|1757943273
|move|p1a: Raging Bolt|Calm Mind|p1a: Raging Bolt
|-boost|p1a: Raging Bolt|spa|1
|-boost|p1a: Raging Bolt|spd|1
|cant|p2a: 不是坏蛋|par
|
|upkeep
|turn|14
|
|t:|1757943276
|move|p1a: Raging Bolt|Thunderbolt|p2a: 不是坏蛋
|-damage|p2a: 不是坏蛋|80/100 par
|move|p2a: 不是坏蛋|Calm Mind|p2a: 不是坏蛋
|-boost|p2a: 不是坏蛋|spa|1
|-boost|p2a: 不是坏蛋|spd|1
|
|-heal|p2a: 不是坏蛋|86/100 par|[from] item: Leftovers
|upkeep
|turn|15
|
|t:|1757943279
|move|p1a: Raging Bolt|Thunderbolt|p2a: 不是坏蛋
|-damage|p2a: 不是坏蛋|67/100 par
|move|p2a: 不是坏蛋|Shadow Ball|p1a: Raging Bolt
|-damage|p1a: Raging Bolt|90/100
|
|-heal|p1a: Raging Bolt|96/100|[from] item: Leftovers
|-heal|p2a: 不是坏蛋|73/100 par|[from] item: Leftovers
|upkeep
|turn|16
|
|t:|1757943289
|move|p1a: Raging Bolt|Thunderbolt|p2a: 不是坏蛋
|-damage|p2a: 不是坏蛋|53/100 par
|cant|p2a: 不是坏蛋|par
|
|-heal|p1a: Raging Bolt|100/100|[from] item: Leftovers
|-heal|p2a: 不是坏蛋|60/100 par|[from] item: Leftovers
|upkeep
|turn|17
|
|t:|1757943294
|move|p1a: Raging Bolt|Thunderbolt|p2a: 不是坏蛋
|-damage|p2a: 不是坏蛋|42/100 par
|move|p2a: 不是坏蛋|Soft-Boiled|p2a: 不是坏蛋
|-heal|p2a: 不是坏蛋|92/100 par
|
|-heal|p2a: 不是坏蛋|99/100 par|[from] item: Leftovers
|upkeep
|turn|18
|
|t:|1757943300
|move|p1a: Raging Bolt|Thunderbolt|p2a: 不是坏蛋
|-damage|p2a: 不是坏蛋|79/100 par
|cant|p2a: 不是坏蛋|par
|
|-heal|p2a: 不是坏蛋|86/100 par|[from] item: Leftovers
|upkeep
|turn|19
|
|t:|1757943305
|move|p1a: Raging Bolt|Thunderbolt|p2a: 不是坏蛋
|-damage|p2a: 不是坏蛋|68/100 par
|move|p2a: 不是坏蛋|Calm Mind|p2a: 不是坏蛋
|-boost|p2a: 不是坏蛋|spa|1
|-boost|p2a: 不是坏蛋|spd|1
|
|-heal|p2a: 不是坏蛋|74/100 par|[from] item: Leftovers
|upkeep
|turn|20
|
|t:|1757943311
|move|p1a: Raging Bolt|Thunderbolt|p2a: 不是坏蛋
|-damage|p2a: 不是坏蛋|58/100 par
|cant|p2a: 不是坏蛋|par
|
|-heal|p2a: 不是坏蛋|64/100 par|[from] item: Leftovers
|upkeep
|turn|21
|
|t:|1757943317
|move|p1a: Raging Bolt|Thunderbolt|p2a: 不是坏蛋
|-damage|p2a: 不是坏蛋|46/100 par
|move|p2a: 不是坏蛋|Soft-Boiled|p2a: 不是坏蛋
|-heal|p2a: 不是坏蛋|96/100 par
|
|-heal|p2a: 不是坏蛋|100/100 par|[from] item: Leftovers
|upkeep
|turn|22
|
|t:|1757943320
|move|p1a: Raging Bolt|Thunderbolt|p2a: 不是坏蛋
|-damage|p2a: 不是坏蛋|83/100 par
|move|p2a: 不是坏蛋|Shadow Ball|p1a: Raging Bolt
|-damage|p1a: Raging Bolt|89/100
|
|-heal|p1a: Raging Bolt|95/100|[from] item: Leftovers
|-heal|p2a: 不是坏蛋|90/100 par|[from] item: Leftovers
|upkeep
|turn|23
|
|t:|1757943327
|move|p1a: Raging Bolt|Thunderbolt|p2a: 不是坏蛋
|-damage|p2a: 不是坏蛋|72/100 par
|move|p2a: 不是坏蛋|Shadow Ball|p1a: Raging Bolt
|-damage|p1a: Raging Bolt|82/100
|-unboost|p1a: Raging Bolt|spd|1
|
|-heal|p1a: Raging Bolt|88/100|[from] item: Leftovers
|-heal|p2a: 不是坏蛋|79/100 par|[from] item: Leftovers
|upkeep
|turn|24
|
|t:|1757943333
|move|p1a: Raging Bolt|Thunderbolt|p2a: 不是坏蛋
|-damage|p2a: 不是坏蛋|63/100 par
|move|p2a: 不是坏蛋|Shadow Ball|p1a: Raging Bolt
|-damage|p1a: Raging Bolt|75/100
|
|-heal|p1a: Raging Bolt|81/100|[from] item: Leftovers
|-heal|p2a: 不是坏蛋|70/100 par|[from] item: Leftovers
|upkeep
|turn|25
|
|t:|1757943339
|move|p1a: Raging Bolt|Thunderbolt|p2a: 不是坏蛋
|-damage|p2a: 不是坏蛋|52/100 par
|move|p2a: 不是坏蛋|Shadow Ball|p1a: Raging Bolt
|-crit|p1a: Raging Bolt
|-damage|p1a: Raging Bolt|8/100
|-unboost|p1a: Raging Bolt|spd|1
|
|-heal|p1a: Raging Bolt|15/100|[from] item: Leftovers
|-heal|p2a: 不是坏蛋|58/100 par|[from] item: Leftovers
|upkeep
|turn|26
|
|t:|1757943349
|move|p1a: Raging Bolt|Thunderbolt|p2a: 不是坏蛋
|-damage|p2a: 不是坏蛋|41/100 par
|cant|p2a: 不是坏蛋|par
|
|-heal|p1a: Raging Bolt|21/100|[from] item: Leftovers
|-heal|p2a: 不是坏蛋|47/100 par|[from] item: Leftovers
|upkeep
|turn|27
|
|t:|1757943354
|move|p1a: Raging Bolt|Thunderbolt|p2a: 不是坏蛋
|-damage|p2a: 不是坏蛋|32/100 par
|move|p2a: 不是坏蛋|Soft-Boiled|p2a: 不是坏蛋
|-heal|p2a: 不是坏蛋|82/100 par
|
|-heal|p1a: Raging Bolt|27/100|[from] item: Leftovers
|-heal|p2a: 不是坏蛋|88/100 par|[from] item: Leftovers
|upkeep
|turn|28
|
|t:|1757943359
|move|p1a: Raging Bolt|Thunderbolt|p2a: 不是坏蛋
|-damage|p2a: 不是坏蛋|72/100 par
|move|p2a: 不是坏蛋|Shadow Ball|p1a: Raging Bolt
|-damage|p1a: Raging Bolt|11/100
|-unboost|p1a: Raging Bolt|spd|1
|
|-heal|p1a: Raging Bolt|17/100|[from] item: Leftovers
|-heal|p2a: 不是坏蛋|78/100 par|[from] item: Leftovers
|upkeep
|turn|29
|c| 40 crip|yikes crit
|
|t:|1757943370
|move|p1a: Raging Bolt|Thunderbolt|p2a: 不是坏蛋
|-damage|p2a: 不是坏蛋|61/100 par
|move|p2a: 不是坏蛋|Shadow Ball|p1a: Raging Bolt
|-damage|p1a: Raging Bolt|0 fnt
|faint|p1a: Raging Bolt
|-end|p1a: Raging Bolt|Protosynthesis|[silent]
|
|-heal|p2a: 不是坏蛋|67/100 par|[from] item: Leftovers
|upkeep
|-message|bidooofer forfeited.
|
|win|yinian114514
|raw|bidooofer's rating: 1620 &rarr; <strong>1599</strong><br />(-21 for losing)
|raw|yinian114514's rating: 1610 &rarr; <strong>1631</strong><br />(+21 for winning)
|l|‽bidooofer
|player|p1|
|l|☆yinian114514
|player|p2|
|j| csnm666
