|j|☆tera ice vanilluxe
|j|☆baptoooo
|t:|1757825533
|gametype|singles
|player|p1|tera ice vanilluxe|red-masters|1238
|player|p2|baptoooo|benga|1279
|gen|9
|tier|[Gen 9] OU
|rated|
|rule|HP Percentage Mod: HP is shown in percentages
|rule|Endless Battle Clause: Forcing endless battles is banned
|rule|Species Clause: Limit one of each Pokémon
|rule|OHKO Clause: OHKO moves are banned
|rule|Evasion Items Clause: Evasion items are banned
|rule|Evasion Moves Clause: Evasion moves are banned
|rule|Evasion Abilities Clause: Evasion abilities are banned
|rule|Sleep Moves Clause: Sleep-inducing moves are banned
|clearpoke
|poke|p1|Araquanid, M|
|poke|p1|Iron Moth|
|poke|p1|Kingambit, F|
|poke|p1|Dragonite, F|
|poke|p1|Ogerpon-Cornerstone, F|
|poke|p1|Iron Valiant|
|poke|p2|Gliscor, F|
|poke|p2|Landorus-Therian, M|
|poke|p2|Weavile, M|
|poke|p2|Kingambit, M|
|poke|p2|Zapdos|
|poke|p2|Ceruledge, F|
|teampreview
|
|t:|1757825541
|teamsize|p1|6
|teamsize|p2|6
|start
|switch|p1a: Araquanid|Araquanid, M|100/100
|switch|p2a: Landorus|Landorus-Therian, M|100/100
|-ability|p2a: Landorus|Intimidate|boost
|-unboost|p1a: Araquanid|atk|1
|turn|1
|
|t:|1757825553
|move|p2a: Landorus|Stealth Rock|p1a: Araquanid
|-sidestart|p1: tera ice vanilluxe|move: Stealth Rock
|move|p1a: Araquanid|Surf|p2a: Landorus
|-supereffective|p2a: Landorus
|-damage|p2a: Landorus|0 fnt
|faint|p2a: Landorus
|
|upkeep
|c|☆tera ice vanilluxe|wp
|
|t:|1757825562
|switch|p2a: Zapdos|Zapdos|100/100
|turn|2
|
|t:|1757825580
|move|p2a: Zapdos|Discharge|p1a: Araquanid
|-supereffective|p1a: Araquanid
|-damage|p1a: Araquanid|35/100
|move|p1a: Araquanid|Sticky Web|p2a: Zapdos
|-sidestart|p2: baptoooo|move: Sticky Web
|
|upkeep
|turn|3
|
|t:|1757825590
|move|p1a: Araquanid|Endure|p1a: Araquanid
|-singleturn|p1a: Araquanid|move: Endure
|move|p2a: Zapdos|Discharge|p1a: Araquanid
|-supereffective|p1a: Araquanid
|-crit|p1a: Araquanid
|-activate|p1a: Araquanid|move: Endure
|-damage|p1a: Araquanid|1/100
|
|upkeep
|turn|4
|-enditem|p1a: Araquanid|Custap Berry|[eat]
|-activate|p1a: Araquanid|item: Custap Berry|[consumed]
|
|t:|1757825599
|move|p1a: Araquanid|Surf|p2a: Zapdos
|-damage|p2a: Zapdos|37/100
|move|p2a: Zapdos|Ancient Power|p1a: Araquanid
|-supereffective|p1a: Araquanid
|-damage|p1a: Araquanid|0 fnt
|faint|p1a: Araquanid
|
|upkeep
|inactive|Battle timer is ON: inactive players will automatically lose when time's up. (requested by baptoooo)
|
|t:|1757825632
|switch|p1a: Ogerpon|Ogerpon-Cornerstone, F|100/100
|-damage|p1a: Ogerpon|88/100|[from] Stealth Rock
|turn|5
|inactive|tera ice vanilluxe has 120 seconds left.
|
|t:|1757825676
|move|p1a: Ogerpon|Ivy Cudgel|p2a: Zapdos|[anim] Ivy Cudgel Rock
|-supereffective|p2a: Zapdos
|-damage|p2a: Zapdos|0 fnt
|faint|p2a: Zapdos
|
|upkeep
|
|t:|1757825690
|switch|p2a: Ceruledge|Ceruledge, F|100/100
|-activate|p2a: Ceruledge|move: Sticky Web
|-unboost|p2a: Ceruledge|spe|1
|turn|6
|inactive|tera ice vanilluxe has 120 seconds left.
|
|t:|1757825700
|move|p1a: Ogerpon|Ivy Cudgel|p2a: Ceruledge|[anim] Ivy Cudgel Rock
|-supereffective|p2a: Ceruledge
|-enditem|p2a: Ceruledge|Focus Sash
|-damage|p2a: Ceruledge|1/100
|-ability|p2a: Ceruledge|Weak Armor|boost
|-unboost|p2a: Ceruledge|def|1
|-boost|p2a: Ceruledge|spe|2
|move|p2a: Ceruledge|Close Combat|p1a: Ogerpon
|-supereffective|p1a: Ogerpon
|-damage|p1a: Ogerpon|0 fnt
|-unboost|p2a: Ceruledge|def|1
|-unboost|p2a: Ceruledge|spd|1
|faint|p1a: Ogerpon
|
|upkeep
|inactive|tera ice vanilluxe has 120 seconds left.
|
|t:|1757825709
|switch|p1a: Dragonite|Dragonite, F|100/100
|turn|7
|
|t:|1757825727
|move|p2a: Ceruledge|Bitter Blade|p1a: Dragonite
|-resisted|p1a: Dragonite
|-damage|p1a: Dragonite|88/100
|-heal|p2a: Ceruledge|8/100|[from] drain|[of] p1a: Dragonite
|move|p1a: Dragonite|Earthquake|p2a: Ceruledge
|-supereffective|p2a: Ceruledge
|-damage|p2a: Ceruledge|0 fnt
|faint|p2a: Ceruledge
|
|upkeep
|
|t:|1757825738
|switch|p2a: Weavile|Weavile, M|100/100
|-activate|p2a: Weavile|move: Sticky Web
|-unboost|p2a: Weavile|spe|1
|turn|8
|inactive|tera ice vanilluxe has 120 seconds left.
|
|t:|1757825770
|-terastallize|p1a: Dragonite|Normal
|-terastallize|p2a: Weavile|Ghost
|move|p1a: Dragonite|Extreme Speed|p2a: Weavile
|-immune|p2a: Weavile
|move|p2a: Weavile|Icicle Spear|p1a: Dragonite
|-damage|p1a: Dragonite|74/100
|-damage|p1a: Dragonite|60/100
|-damage|p1a: Dragonite|46/100
|-hitcount|p1a: Dragonite|3
|
|upkeep
|turn|9
|inactive|tera ice vanilluxe has 120 seconds left.
|inactive|baptoooo has 120 seconds left.
|
|t:|1757825792
|move|p1a: Dragonite|Ice Spinner|p2a: Weavile
|-damage|p2a: Weavile|51/100
|move|p2a: Weavile|Knock Off|p1a: Dragonite
|-damage|p1a: Dragonite|0 fnt
|-enditem|p1a: Dragonite|Heavy-Duty Boots|[from] move: Knock Off|[of] p2a: Weavile
|faint|p1a: Dragonite
|
|upkeep
|
|t:|1757825798
|switch|p1a: Iron Moth|Iron Moth|100/100
|-damage|p1a: Iron Moth|76/100|[from] Stealth Rock
|-enditem|p1a: Iron Moth|Booster Energy
|-activate|p1a: Iron Moth|ability: Quark Drive|[fromitem]
|-start|p1a: Iron Moth|quarkdrivespe
|turn|10
|inactive|baptoooo has 120 seconds left.
|
|t:|1757825809
|move|p1a: Iron Moth|Fiery Dance|p2a: Weavile
|-damage|p2a: Weavile|0 fnt
|faint|p2a: Weavile
|
|upkeep
|inactive|baptoooo has 120 seconds left.
|
|t:|1757825816
|switch|p2a: Gliscor|Gliscor, F|100/100
|turn|11
|inactive|tera ice vanilluxe has 120 seconds left.
|
|t:|1757825835
|move|p1a: Iron Moth|Fiery Dance|p2a: Gliscor
|-damage|p2a: Gliscor|51/100
|move|p2a: Gliscor|Earthquake|p1a: Iron Moth
|-supereffective|p1a: Iron Moth
|-damage|p1a: Iron Moth|0 fnt
|faint|p1a: Iron Moth
|-end|p1a: Iron Moth|Quark Drive|[silent]
|
|-status|p2a: Gliscor|tox|[from] item: Toxic Orb
|upkeep
|
|t:|1757825839
|switch|p1a: Iron Valiant|Iron Valiant|100/100
|-damage|p1a: Iron Valiant|94/100|[from] Stealth Rock
|-enditem|p1a: Iron Valiant|Booster Energy
|-activate|p1a: Iron Valiant|ability: Quark Drive|[fromitem]
|-start|p1a: Iron Valiant|quarkdrivespe
|turn|12
|
|t:|1757825853
|move|p2a: Gliscor|Protect|p2a: Gliscor
|-singleturn|p2a: Gliscor|Protect
|move|p1a: Iron Valiant|Calm Mind|p1a: Iron Valiant
|-boost|p1a: Iron Valiant|spa|1
|-boost|p1a: Iron Valiant|spd|1
|
|-heal|p2a: Gliscor|64/100 tox|[from] ability: Poison Heal
|upkeep
|turn|13
|
|t:|1757825869
|move|p1a: Iron Valiant|Calm Mind|p1a: Iron Valiant
|-boost|p1a: Iron Valiant|spa|1
|-boost|p1a: Iron Valiant|spd|1
|move|p2a: Gliscor|Toxic|p1a: Iron Valiant
|-status|p1a: Iron Valiant|tox
|
|-damage|p1a: Iron Valiant|88/100 tox|[from] psn
|-heal|p2a: Gliscor|76/100 tox|[from] ability: Poison Heal
|upkeep
|turn|14
|
|t:|1757825884
|move|p1a: Iron Valiant|Moonblast|p2a: Gliscor
|-damage|p2a: Gliscor|0 fnt
|faint|p2a: Gliscor
|
|-damage|p1a: Iron Valiant|76/100 tox|[from] psn
|upkeep
|
|t:|1757825891
|switch|p2a: Kingambit|Kingambit, M|100/100
|-activate|p2a: Kingambit|ability: Supreme Overlord
|-start|p2a: Kingambit|fallen5|[silent]
|-item|p2a: Kingambit|Air Balloon
|turn|15
|
|t:|1757825902
|move|p1a: Iron Valiant|Aura Sphere|p2a: Kingambit
|-supereffective|p2a: Kingambit
|-damage|p2a: Kingambit|0 fnt
|-enditem|p2a: Kingambit|Air Balloon
|faint|p2a: Kingambit
|-end|p2a: Kingambit|fallen5|[silent]
|
|win|tera ice vanilluxe
|raw|tera ice vanilluxe's rating: 1238 &rarr; <strong>1266</strong><br />(+28 for winning)
|raw|baptoooo's rating: 1279 &rarr; <strong>1251</strong><br />(-28 for losing)
|l|☆baptoooo
|player|p2|
|l|☆tera ice vanilluxe
|player|p1|
