|j|☆dackit
|j|☆56dgdfj
|t:|1757910531
|gametype|singles
|player|p1|dackit|169|1349
|player|p2|56dgdfj|bugcatcher-gen4dp|1291
|gen|9
|tier|[Gen 9] OU
|rated|
|rule|HP Percentage Mod: HP is shown in percentages
|rule|Endless Battle Clause: Forcing endless battles is banned
|rule|Species Clause: Limit one of each Pokémon
|rule|OHKO Clause: OHKO moves are banned
|rule|Evasion Items Clause: Evasion items are banned
|rule|Evasion Moves Clause: Evasion moves are banned
|rule|Evasion Abilities Clause: Evasion abilities are banned
|rule|Sleep Moves Clause: Sleep-inducing moves are banned
|clearpoke
|poke|p1|Zamazenta-*|
|poke|p1|Alomomola, F|
|poke|p1|Rillaboom, F|
|poke|p1|Iron Crown|
|poke|p1|Moltres|
|poke|p1|Great Tusk|
|poke|p2|Thundurus-Therian, M|
|poke|p2|Cinderace, M|
|poke|p2|Quaquaval, F|
|poke|p2|Clefable, M|
|poke|p2|Pecharunt|
|poke|p2|Iron Boulder|
|teampreview
|
|t:|1757910549
|teamsize|p1|6
|teamsize|p2|6
|start
|switch|p1a: Rillaboom|Rillaboom, F|100/100
|switch|p2a: Thundurus|Thundurus-Therian, M|100/100
|-fieldstart|move: Grassy Terrain|[from] ability: Grassy Surge|[of] p1a: Rillaboom
|turn|1
|
|t:|1757910555
|switch|p1a: Iron Crown|Iron Crown|100/100
|move|p2a: Thundurus|Volt Switch|p1a: Iron Crown
|-damage|p1a: Iron Crown|62/100
|
|t:|1757910566
|switch|p2a: Cinderace|Cinderace, M|100/100|[from] Volt Switch
|
|-heal|p1a: Iron Crown|68/100|[from] Grassy Terrain
|upkeep
|turn|2
|
|t:|1757910569
|-end|p1a: Iron Crown|Quark Drive|[silent]
|switch|p1a: Alomomola|Alomomola, F|100/100
|move|p2a: Cinderace|Pyro Ball|p1a: Alomomola
|-resisted|p1a: Alomomola
|-damage|p1a: Alomomola|86/100
|
|-heal|p1a: Alomomola|92/100|[from] Grassy Terrain
|upkeep
|turn|3
|
|t:|1757910574
|move|p2a: Cinderace|U-turn|p1a: Alomomola
|-start|p2a: Cinderace|typechange|Bug|[from] ability: Libero
|-damage|p1a: Alomomola|73/100
|
|t:|1757910578
|switch|p2a: Pecharunt|Pecharunt|100/100|[from] U-turn
|move|p1a: Alomomola|Flip Turn|p2a: Pecharunt
|-damage|p2a: Pecharunt|90/100
|
|t:|1757910581
|switch|p1a: Iron Crown|Iron Crown|68/100|[from] Flip Turn
|
|-heal|p1a: Iron Crown|75/100|[from] Grassy Terrain
|-heal|p2a: Pecharunt|96/100|[from] Grassy Terrain
|upkeep
|turn|4
|
|t:|1757910605
|move|p1a: Iron Crown|Psychic Noise|p2a: Pecharunt
|-supereffective|p2a: Pecharunt
|-crit|p2a: Pecharunt
|-damage|p2a: Pecharunt|0 fnt
|faint|p2a: Pecharunt
|
|-heal|p1a: Iron Crown|81/100|[from] Grassy Terrain
|upkeep
|
|t:|1757910611
|switch|p2a: Quaquaval|Quaquaval, F|100/100
|turn|5
|
|t:|1757910616
|move|p1a: Iron Crown|Psychic Noise|p2a: Quaquaval
|-supereffective|p2a: Quaquaval
|-damage|p2a: Quaquaval|25/100
|-start|p2a: Quaquaval|move: Heal Block
|move|p2a: Quaquaval|Knock Off|p1a: Iron Crown
|-supereffective|p1a: Iron Crown
|-damage|p1a: Iron Crown|10/100
|-enditem|p1a: Iron Crown|Assault Vest|[from] move: Knock Off|[of] p2a: Quaquaval
|
|-heal|p1a: Iron Crown|16/100|[from] Grassy Terrain
|-fieldend|move: Grassy Terrain
|upkeep
|turn|6
|
|t:|1757910624
|move|p1a: Iron Crown|Volt Switch|p2a: Quaquaval
|-supereffective|p2a: Quaquaval
|-damage|p2a: Quaquaval|0 fnt
|faint|p2a: Quaquaval
|
|t:|1757910630
|-end|p1a: Iron Crown|Quark Drive|[silent]
|switch|p1a: Alomomola|Alomomola, F|100/100|[from] Volt Switch
|
|upkeep
|
|t:|1757910638
|switch|p2a: Thundurus|Thundurus-Therian, M|100/100
|turn|7
|
|t:|1757910642
|move|p1a: Alomomola|Protect|p1a: Alomomola
|-singleturn|p1a: Alomomola|Protect
|move|p2a: Thundurus|Grass Knot|p1a: Alomomola
|-activate|p1a: Alomomola|move: Protect
|
|upkeep
|turn|8
|
|t:|1757910648
|switch|p2a: Clefable|Clefable, M|100/100
|move|p1a: Alomomola|Flip Turn|p2a: Clefable
|-damage|p2a: Clefable|88/100
|
|t:|1757910650
|switch|p1a: Iron Crown|Iron Crown|16/100|[from] Flip Turn
|
|-heal|p2a: Clefable|94/100|[from] item: Leftovers
|upkeep
|turn|9
|
|t:|1757910664
|switch|p2a: Cinderace|Cinderace, M|100/100
|move|p1a: Iron Crown|Tachyon Cutter|p2a: Cinderace
|-resisted|p2a: Cinderace
|-damage|p2a: Cinderace|83/100
|-resisted|p2a: Cinderace
|-damage|p2a: Cinderace|66/100
|-hitcount|p2a: Cinderace|2
|
|upkeep
|turn|10
|
|t:|1757910668
|-end|p1a: Iron Crown|Quark Drive|[silent]
|switch|p1a: Alomomola|Alomomola, F|100/100
|move|p2a: Cinderace|Pyro Ball|p1a: Alomomola
|-resisted|p1a: Alomomola
|-damage|p1a: Alomomola|85/100
|
|upkeep
|turn|11
|
|t:|1757910672
|move|p2a: Cinderace|U-turn|p1a: Alomomola
|-start|p2a: Cinderace|typechange|Bug|[from] ability: Libero
|-damage|p1a: Alomomola|68/100
|
|t:|1757910674
|switch|p2a: Thundurus|Thundurus-Therian, M|100/100|[from] U-turn
|move|p1a: Alomomola|Flip Turn|p2a: Thundurus
|-damage|p2a: Thundurus|74/100
|
|t:|1757910694
|switch|p1a: Rillaboom|Rillaboom, F|100/100|[from] Flip Turn
|-fieldstart|move: Grassy Terrain|[from] ability: Grassy Surge|[of] p1a: Rillaboom
|
|upkeep
|turn|12
|
|t:|1757910709
|switch|p1a: Iron Crown|Iron Crown|16/100
|move|p2a: Thundurus|Volt Switch|p1a: Iron Crown
|-damage|p1a: Iron Crown|0 fnt
|faint|p1a: Iron Crown
|-end|p1a: Iron Crown|Quark Drive|[silent]
|
|t:|1757910723
|switch|p2a: Clefable|Clefable, M|94/100|[from] Volt Switch
|
|-heal|p2a: Clefable|99/100|[from] Grassy Terrain
|-heal|p2a: Clefable|100/100|[from] item: Leftovers
|upkeep
|
|t:|1757910727
|switch|p1a: Rillaboom|Rillaboom, F|100/100
|turn|13
|
|t:|1757910729
|move|p1a: Rillaboom|Wood Hammer|p2a: Clefable
|-damage|p2a: Clefable|0 fnt
|faint|p2a: Clefable
|-damage|p1a: Rillaboom|62/100|[from] Recoil
|
|-heal|p1a: Rillaboom|69/100|[from] Grassy Terrain
|upkeep
|
|t:|1757910734
|switch|p2a: Cinderace|Cinderace, M|66/100
|turn|14
|
|t:|1757910737
|switch|p1a: Alomomola|Alomomola, F|100/100
|move|p2a: Cinderace|U-turn|p1a: Alomomola
|-start|p2a: Cinderace|typechange|Bug|[from] ability: Libero
|-damage|p1a: Alomomola|81/100
|
|t:|1757910742
|switch|p2a: Thundurus|Thundurus-Therian, M|74/100|[from] U-turn
|
|-heal|p1a: Alomomola|87/100|[from] Grassy Terrain
|upkeep
|turn|15
|
|t:|1757910747
|move|p1a: Alomomola|Protect|p1a: Alomomola
|-singleturn|p1a: Alomomola|Protect
|move|p2a: Thundurus|Volt Switch|p1a: Alomomola
|-activate|p1a: Alomomola|move: Protect
|
|-heal|p1a: Alomomola|94/100|[from] Grassy Terrain
|-fieldend|move: Grassy Terrain
|upkeep
|turn|16
|
|t:|1757910753
|switch|p1a: Great Tusk|Great Tusk|100/100
|move|p2a: Thundurus|Volt Switch|p1a: Great Tusk
|-immune|p1a: Great Tusk
|
|upkeep
|turn|17
|
|t:|1757910756
|switch|p2a: Cinderace|Cinderace, M|66/100
|move|p1a: Great Tusk|Rapid Spin|p2a: Cinderace
|-damage|p2a: Cinderace|44/100
|-boost|p1a: Great Tusk|spe|1
|
|upkeep
|turn|18
|
|t:|1757910761
|move|p1a: Great Tusk|Headlong Rush|p2a: Cinderace
|-supereffective|p2a: Cinderace
|-damage|p2a: Cinderace|0 fnt
|-unboost|p1a: Great Tusk|def|1
|-unboost|p1a: Great Tusk|spd|1
|faint|p2a: Cinderace
|
|upkeep
|
|t:|1757910762
|switch|p2a: Iron Boulder|Iron Boulder|100/100
|-enditem|p2a: Iron Boulder|Booster Energy
|-activate|p2a: Iron Boulder|ability: Quark Drive|[fromitem]
|-start|p2a: Iron Boulder|quarkdrivespe
|turn|19
|
|t:|1757910770
|-end|p1a: Great Tusk|Protosynthesis|[silent]
|switch|p1a: Alomomola|Alomomola, F|100/100
|-terastallize|p2a: Iron Boulder|Fighting
|move|p2a: Iron Boulder|Swords Dance|p2a: Iron Boulder
|-boost|p2a: Iron Boulder|atk|2
|
|upkeep
|turn|20
|
|t:|1757910784
|move|p2a: Iron Boulder|Close Combat|p1a: Alomomola
|-damage|p1a: Alomomola|34/100
|-unboost|p2a: Iron Boulder|def|1
|-unboost|p2a: Iron Boulder|spd|1
|move|p1a: Alomomola|Flip Turn|p2a: Iron Boulder
|-damage|p2a: Iron Boulder|67/100
|
|t:|1757910788
|switch|p1a: Rillaboom|Rillaboom, F|69/100|[from] Flip Turn
|-fieldstart|move: Grassy Terrain|[from] ability: Grassy Surge|[of] p1a: Rillaboom
|
|-heal|p2a: Iron Boulder|73/100|[from] Grassy Terrain
|-heal|p1a: Rillaboom|75/100|[from] Grassy Terrain
|upkeep
|turn|21
|
|t:|1757910823
|move|p1a: Rillaboom|Grassy Glide|p2a: Iron Boulder
|-damage|p2a: Iron Boulder|0 fnt
|faint|p2a: Iron Boulder
|-end|p2a: Iron Boulder|Quark Drive|[silent]
|
|-heal|p1a: Rillaboom|81/100|[from] Grassy Terrain
|upkeep
|
|t:|1757910825
|switch|p2a: Thundurus|Thundurus-Therian, M|74/100
|turn|22
|
|t:|1757910829
|move|p1a: Rillaboom|Grassy Glide|p2a: Thundurus
|-resisted|p2a: Thundurus
|-crit|p2a: Thundurus
|-damage|p2a: Thundurus|0 fnt
|faint|p2a: Thundurus
|
|win|dackit
|raw|dackit's rating: 1349 &rarr; <strong>1366</strong><br />(+17 for winning)
|raw|56dgdfj's rating: 1291 &rarr; <strong>1270</strong><br />(-21 for losing)
|l|☆dackit
|player|p1|
|l|☆56dgdfj
|player|p2|
