|j|☆daodanguitest
|j|☆A Welcome Guest
|t:|1757963393
|gametype|singles
|player|p1|daodanguitest|roughneck|1795
|player|p2|A Welcome Guest|rancher|1781
|gen|9
|tier|[Gen 9] OU
|rated|
|rule|HP Percentage Mod: HP is shown in percentages
|rule|Endless Battle Clause: Forcing endless battles is banned
|rule|Species Clause: Limit one of each Pokémon
|rule|OHKO Clause: OHKO moves are banned
|rule|Evasion Items Clause: Evasion items are banned
|rule|Evasion Moves Clause: Evasion moves are banned
|rule|Evasion Abilities Clause: Evasion abilities are banned
|rule|Sleep Moves Clause: Sleep-inducing moves are banned
|clearpoke
|poke|p1|Clodsire, M|
|poke|p1|Mandibuzz, F|
|poke|p1|Alomomola, F|
|poke|p1|Gholdengo|
|poke|p1|Goodra-Hisui, F|
|poke|p1|Latias, F|
|poke|p2|Ogerpon-Wellspring, F|
|poke|p2|Great Tusk|
|poke|p2|Deoxys-Speed|
|poke|p2|Dragonite, M|
|poke|p2|Iron Moth|
|poke|p2|Hatterene, F|
|teampreview
|j| Rizzofreko
|inactive|Battle timer is ON: inactive players will automatically lose when time's up. (requested by daodanguitest)
|
|t:|1757963426
|teamsize|p1|6
|teamsize|p2|6
|start
|switch|p1a: Clodsire|Clodsire, M|100/100
|switch|p2a: Hatterene|Hatterene, F|100/100
|turn|1
|
|t:|1757963431
|switch|p1a: Gholdengo|Gholdengo|100/100
|move|p2a: Hatterene|Psychic Noise|p1a: Gholdengo
|-resisted|p1a: Gholdengo
|-damage|p1a: Gholdengo|84/100
|-start|p1a: Gholdengo|move: Heal Block
|
|upkeep
|turn|2
|
|t:|1757963443
|move|p1a: Gholdengo|Shadow Ball|p2a: Hatterene
|-supereffective|p2a: Hatterene
|-crit|p2a: Hatterene
|-damage|p2a: Hatterene|0 fnt
|faint|p2a: Hatterene
|
|-end|p1a: Gholdengo|move: Heal Block
|upkeep
|
|t:|1757963468
|switch|p2a: Iron Moth|Iron Moth|100/100
|-enditem|p2a: Iron Moth|Booster Energy
|-activate|p2a: Iron Moth|ability: Quark Drive|[fromitem]
|-start|p2a: Iron Moth|quarkdrivespe
|turn|3
|
|t:|1757963485
|-end|p2a: Iron Moth|Quark Drive|[silent]
|switch|p2a: Dragonite|Dragonite, M|100/100
|move|p1a: Gholdengo|Shadow Ball|p2a: Dragonite
|-damage|p2a: Dragonite|61/100
|-unboost|p2a: Dragonite|spd|1
|
|upkeep
|turn|4
|
|t:|1757963497
|move|p2a: Dragonite|Fire Punch|p1a: Gholdengo
|-supereffective|p1a: Gholdengo
|-damage|p1a: Gholdengo|0 fnt
|faint|p1a: Gholdengo
|
|upkeep
|l| Rizzofreko
|
|t:|1757963515
|switch|p1a: Latias|Latias, F|100/100
|turn|5
|
|t:|1757963522
|switch|p2a: Deoxys|Deoxys-Speed|100/100
|-ability|p2a: Deoxys|Pressure
|move|p1a: Latias|Agility|p1a: Latias
|-boost|p1a: Latias|spe|2
|
|upkeep
|turn|6
|
|t:|1757963526
|move|p1a: Latias|Calm Mind|p1a: Latias
|-boost|p1a: Latias|spa|1
|-boost|p1a: Latias|spd|1
|move|p2a: Deoxys|Nasty Plot|p2a: Deoxys
|-boost|p2a: Deoxys|spa|2
|
|upkeep
|turn|7
|
|t:|1757963532
|move|p1a: Latias|Calm Mind|p1a: Latias
|-boost|p1a: Latias|spa|1
|-boost|p1a: Latias|spd|1
|move|p2a: Deoxys|Shadow Ball|p1a: Latias
|-supereffective|p1a: Latias
|-damage|p1a: Latias|57/100
|-enditem|p1a: Latias|Weakness Policy
|-boost|p1a: Latias|atk|2|[from] item: Weakness Policy
|-boost|p1a: Latias|spa|2|[from] item: Weakness Policy
|-damage|p2a: Deoxys|91/100|[from] item: Life Orb
|
|upkeep
|turn|8
|
|t:|1757963539
|move|p1a: Latias|Draining Kiss|p2a: Deoxys
|-damage|p2a: Deoxys|34/100
|-heal|p1a: Latias|87/100|[from] drain|[of] p2a: Deoxys
|move|p2a: Deoxys|Shadow Ball|p1a: Latias
|-supereffective|p1a: Latias
|-damage|p1a: Latias|43/100
|-unboost|p1a: Latias|spd|1
|-damage|p2a: Deoxys|24/100|[from] item: Life Orb
|
|upkeep
|turn|9
|
|t:|1757963545
|move|p1a: Latias|Draining Kiss|p2a: Deoxys
|-damage|p2a: Deoxys|0 fnt
|-heal|p1a: Latias|56/100|[from] drain|[of] p2a: Deoxys
|faint|p2a: Deoxys
|
|upkeep
|
|t:|1757963548
|switch|p2a: Dragonite|Dragonite, M|61/100
|turn|10
|
|t:|1757963554
|-terastallize|p1a: Latias|Steel
|-terastallize|p2a: Dragonite|Normal
|move|p2a: Dragonite|Extreme Speed|p1a: Latias
|-resisted|p1a: Latias
|-damage|p1a: Latias|23/100
|move|p1a: Latias|Stored Power|p2a: Dragonite
|-damage|p2a: Dragonite|0 fnt
|faint|p2a: Dragonite
|
|upkeep
|-message|A Welcome Guest forfeited.
|
|win|daodanguitest
|raw|daodanguitest's rating: 1795 &rarr; <strong>1814</strong><br />(+19 for winning)
|raw|A Welcome Guest's rating: 1781 &rarr; <strong>1762</strong><br />(-19 for losing)
|l|☆A Welcome Guest
|player|p2|
