|j|☆Raul1601
|j|☆furretisepic
|t:|1757848996
|gametype|singles
|player|p1|Raul1601|pokekid|1089
|player|p2|furretisepic|idol|1117
|gen|9
|tier|[Gen 9] OU
|rated|
|rule|HP Percentage Mod: HP is shown in percentages
|rule|Endless Battle Clause: Forcing endless battles is banned
|rule|Species Clause: Limit one of each Pokémon
|rule|OHKO Clause: OHKO moves are banned
|rule|Evasion Items Clause: Evasion items are banned
|rule|Evasion Moves Clause: Evasion moves are banned
|rule|Evasion Abilities Clause: Evasion abilities are banned
|rule|Sleep Moves Clause: Sleep-inducing moves are banned
|clearpoke
|poke|p1|Mew|
|poke|p1|Quaquaval, M|
|poke|p1|Wyrdeer, M|
|poke|p1|Greedent, M|
|poke|p1|Rotom-Mow|
|poke|p1|Garchomp, M|
|poke|p2|Primarina, F|
|poke|p2|Cinderace, F|
|poke|p2|Corviknight, F|
|poke|p2|Furret, M|
|poke|p2|Kommo-o, M|
|poke|p2|Frosmoth, M|
|teampreview
|inactive|Battle timer is ON: inactive players will automatically lose when time's up. (requested by Raul1601)
|inactive|Raul1601 has 120 seconds left.
|inactive|Raul1601 has 90 seconds left.
|inactive|Raul1601 has 60 seconds left.
|
|t:|1757849094
|teamsize|p1|6
|teamsize|p2|6
|start
|switch|p1a: TouchesGrass|Rotom-Mow, shiny|100/100
|switch|p2a: Frosmoth|Frosmoth, M|100/100
|turn|1
|c|☆Raul1601|glhf
|inactive|Raul1601 has 120 seconds left.
|
|t:|1757849109
|move|p1a: TouchesGrass|Trick|p2a: Frosmoth
|-activate|p1a: TouchesGrass|move: Trick|[of] p2a: Frosmoth
|-item|p2a: Frosmoth|Choice Scarf|[from] move: Trick
|-item|p1a: TouchesGrass|Leftovers|[from] move: Trick
|move|p2a: Frosmoth|Quiver Dance|p2a: Frosmoth
|-boost|p2a: Frosmoth|spa|1
|-boost|p2a: Frosmoth|spd|1
|-boost|p2a: Frosmoth|spe|1
|
|upkeep
|turn|2
|inactive|Raul1601 has 120 seconds left.
|
|t:|1757849123
|switch|p2a: Corviknight|Corviknight, F|100/100
|-ability|p2a: Corviknight|Pressure
|move|p1a: TouchesGrass|Volt Switch|p2a: Corviknight
|-supereffective|p2a: Corviknight
|-damage|p2a: Corviknight|23/100
|inactive|Raul1601 has 120 seconds left.
|
|t:|1757849144
|switch|p1a: Rudolph|Wyrdeer, M|100/100|[from] Volt Switch
|-ability|p1a: Rudolph|Intimidate|boost
|-unboost|p2a: Corviknight|atk|1
|
|-heal|p2a: Corviknight|30/100|[from] item: Leftovers
|upkeep
|turn|3
|
|t:|1757849152
|move|p2a: Corviknight|Roost|p2a: Corviknight
|-heal|p2a: Corviknight|80/100
|-singleturn|p2a: Corviknight|move: Roost
|move|p1a: Rudolph|Thunderbolt|p2a: Corviknight
|-damage|p2a: Corviknight|43/100
|
|-heal|p2a: Corviknight|49/100|[from] item: Leftovers
|upkeep
|turn|4
|
|t:|1757849163
|move|p2a: Corviknight|Roost|p2a: Corviknight
|-heal|p2a: Corviknight|99/100
|-singleturn|p2a: Corviknight|move: Roost
|move|p1a: Rudolph|Thunderbolt|p2a: Corviknight
|-damage|p2a: Corviknight|68/100
|
|-heal|p2a: Corviknight|74/100|[from] item: Leftovers
|upkeep
|turn|5
|inactive|Raul1601 has 120 seconds left.
|
|t:|1757849173
|switch|p2a: Kommo-o|Kommo-o, M|100/100
|move|p1a: Rudolph|Earth Power|p2a: Kommo-o
|-damage|p2a: Kommo-o|66/100
|
|-heal|p2a: Kommo-o|72/100|[from] item: Leftovers
|upkeep
|turn|6
|
|t:|1757849182
|move|p2a: Kommo-o|Clangorous Soul|p2a: Kommo-o
|-boost|p2a: Kommo-o|atk|1
|-boost|p2a: Kommo-o|def|1
|-boost|p2a: Kommo-o|spa|1
|-boost|p2a: Kommo-o|spd|1
|-boost|p2a: Kommo-o|spe|1
|-damage|p2a: Kommo-o|39/100
|-enditem|p1a: Rudolph|Mirror Herb
|-boost|p1a: Rudolph|atk|1|[from] item: Mirror Herb
|-boost|p1a: Rudolph|def|1|[from] item: Mirror Herb
|-boost|p1a: Rudolph|spa|1|[from] item: Mirror Herb
|-boost|p1a: Rudolph|spd|1|[from] item: Mirror Herb
|-boost|p1a: Rudolph|spe|1|[from] item: Mirror Herb
|move|p1a: Rudolph|Agility|p1a: Rudolph
|-boost|p1a: Rudolph|spe|2
|
|-heal|p2a: Kommo-o|45/100|[from] item: Leftovers
|upkeep
|turn|7
|inactive|Raul1601 has 120 seconds left.
|
|t:|1757849198
|move|p1a: Rudolph|Stored Power|p2a: Kommo-o
|-supereffective|p2a: Kommo-o
|-damage|p2a: Kommo-o|0 fnt
|faint|p2a: Kommo-o
|
|upkeep
|-message|furretisepic forfeited.
|
|win|Raul1601
|raw|Raul1601's rating: 1089 &rarr; <strong>1118</strong><br />(+29 for winning)
|raw|furretisepic's rating: 1117 &rarr; <strong>1090</strong><br />(-27 for losing)
|l|☆furretisepic
|player|p2|
|c|☆Raul1601|oh crap
