|j|☆pikaragedd
|j|☆ninjagogroen03
|t:|1757848180
|gametype|singles
|player|p1|pikaragedd|lucas|1146
|player|p2|ninjagogroen03|102|1169
|gen|9
|tier|[Gen 9] OU
|rated|
|rule|HP Percentage Mod: HP is shown in percentages
|rule|Endless Battle Clause: Forcing endless battles is banned
|rule|Species Clause: Limit one of each Pokémon
|rule|OHKO Clause: OHKO moves are banned
|rule|Evasion Items Clause: Evasion items are banned
|rule|Evasion Moves Clause: Evasion moves are banned
|rule|Evasion Abilities Clause: Evasion abilities are banned
|rule|Sleep Moves Clause: Sleep-inducing moves are banned
|clearpoke
|poke|p1|Vaporeon, F|
|poke|p1|Galvantula, F|
|poke|p1|Flamigo, M|
|poke|p1|Staraptor, F|
|poke|p1|Eiscue, M|
|poke|p1|Tsareena, F|
|poke|p2|Pelipper, M|
|poke|p2|Thundurus-Therian, M|
|poke|p2|Araquanid, M|
|poke|p2|Ogerpon-Wellspring, F|
|poke|p2|Garchomp, M|
|poke|p2|Overqwil, M|
|teampreview
|inactive|Battle timer is ON: inactive players will automatically lose when time's up. (requested by pikaragedd)
|
|t:|1757848206
|teamsize|p1|6
|teamsize|p2|6
|start
|switch|p1a: Galvantula|Galvantula, F|100/100
|switch|p2a: Pelipper|Pelipper, M, shiny|100/100
|-weather|RainDance|[from] ability: Drizzle|[of] p2a: Pelipper
|turn|1
|
|t:|1757848214
|switch|p2a: Garchomp|Garchomp, M, shiny|100/100
|move|p1a: Galvantula|Sticky Web|p2a: Garchomp
|-sidestart|p2: ninjagogroen03|move: Sticky Web
|
|-weather|RainDance|[upkeep]
|upkeep
|turn|2
|
|t:|1757848227
|switch|p1a: Eiscue|Eiscue, M|100/100
|move|p2a: Garchomp|Swords Dance|p2a: Garchomp
|-boost|p2a: Garchomp|atk|2
|
|-weather|RainDance|[upkeep]
|upkeep
|turn|3
|
|t:|1757848238
|-terastallize|p2a: Garchomp|Water
|move|p2a: Garchomp|Scale Shot|p1a: Eiscue
|-activate|p1a: Eiscue|ability: Ice Face
|-damage|p1a: Eiscue|100/100
|detailschange|p1a: Eiscue|Eiscue-Noice, M
|-damage|p1a: Eiscue|61/100
|-damage|p1a: Eiscue|20/100
|-damage|p1a: Eiscue|0 fnt
|faint|p1a: Eiscue
|-hitcount|p1: Eiscue|4
|-unboost|p2a: Garchomp|def|1
|-boost|p2a: Garchomp|spe|1
|
|-weather|RainDance|[upkeep]
|upkeep
|
|t:|1757848259
|switch|p1a: Tsareena|Tsareena, F|100/100
|turn|4
|
|t:|1757848269
|-terastallize|p1a: Tsareena|Steel
|move|p2a: Garchomp|Scale Shot|p1a: Tsareena
|-resisted|p1a: Tsareena
|-damage|p1a: Tsareena|88/100
|-resisted|p1a: Tsareena
|-damage|p1a: Tsareena|76/100
|-hitcount|p1a: Tsareena|2
|-unboost|p2a: Garchomp|def|1
|-boost|p2a: Garchomp|spe|1
|move|p1a: Tsareena|Power Whip|p2a: Garchomp
|-supereffective|p2a: Garchomp
|-damage|p2a: Garchomp|0 fnt
|-damage|p1a: Tsareena|63/100|[from] ability: Rough Skin|[of] p2a: Garchomp
|-damage|p1a: Tsareena|47/100|[from] item: Rocky Helmet|[of] p2a: Garchomp
|faint|p2a: Garchomp
|
|-weather|RainDance|[upkeep]
|upkeep
|
|t:|1757848289
|switch|p2a: Araquanid|Araquanid, M, shiny|100/100
|-activate|p2a: Araquanid|move: Sticky Web
|-unboost|p2a: Araquanid|spe|1
|turn|5
|
|t:|1757848298
|move|p1a: Tsareena|U-turn|p2a: Araquanid
|-damage|p2a: Araquanid|72/100
|
|t:|1757848303
|switch|p1a: Flamigo|Flamigo, M|100/100|[from] U-turn
|move|p2a: Araquanid|Sticky Web|p1a: Flamigo
|-sidestart|p1: pikaragedd|move: Sticky Web
|
|-weather|RainDance|[upkeep]
|-heal|p2a: Araquanid|78/100|[from] item: Leftovers
|upkeep
|turn|6
|
|t:|1757848318
|switch|p2a: Thundurus|Thundurus-Therian, M, shiny|100/100
|move|p1a: Flamigo|Brave Bird|p2a: Thundurus
|-resisted|p2a: Thundurus
|-damage|p2a: Thundurus|51/100
|-damage|p1a: Flamigo|84/100|[from] Recoil
|
|-weather|RainDance|[upkeep]
|upkeep
|turn|7
|inactive|pikaragedd has 120 seconds left.
|
|t:|1757848349
|switch|p1a: Galvantula|Galvantula, F|100/100
|-activate|p1a: Galvantula|move: Sticky Web
|-unboost|p1a: Galvantula|spe|1
|move|p2a: Thundurus|Thunder|p1a: Galvantula
|-resisted|p1a: Galvantula
|-damage|p1a: Galvantula|20/100
|
|-weather|RainDance|[upkeep]
|upkeep
|turn|8
|inactive|pikaragedd has 120 seconds left.
|
|t:|1757848360
|move|p2a: Thundurus|Thunder|p1a: Galvantula
|-resisted|p1a: Galvantula
|-damage|p1a: Galvantula|0 fnt
|faint|p1a: Galvantula
|
|-weather|none
|upkeep
|inactive|pikaragedd has 120 seconds left.
|
|t:|1757848371
|switch|p1a: Vaporeon|Vaporeon, F|100/100
|-activate|p1a: Vaporeon|move: Sticky Web
|-unboost|p1a: Vaporeon|spe|1
|turn|9
|inactive|pikaragedd has 120 seconds left.
|
|t:|1757848377
|move|p1a: Vaporeon|Protect|p1a: Vaporeon
|-singleturn|p1a: Vaporeon|Protect
|move|p2a: Thundurus|Thunder|p1a: Vaporeon
|-activate|p1a: Vaporeon|move: Protect
|
|upkeep
|turn|10
|
|t:|1757848385
|move|p2a: Thundurus|Thunder|p1a: Vaporeon|[miss]
|-miss|p2a: Thundurus|p1a: Vaporeon
|move|p1a: Vaporeon|Flip Turn|p2a: Thundurus
|-damage|p2a: Thundurus|31/100
|
|t:|1757848391
|switch|p1a: Flamigo|Flamigo, M|84/100|[from] Flip Turn
|
|upkeep
|turn|11
|
|t:|1757848397
|move|p1a: Flamigo|Brave Bird|p2a: Thundurus
|-resisted|p2a: Thundurus
|-damage|p2a: Thundurus|0 fnt
|faint|p2a: Thundurus
|-damage|p1a: Flamigo|75/100|[from] Recoil
|
|upkeep
|
|t:|1757848407
|switch|p2a: Pelipper|Pelipper, M, shiny|100/100
|-weather|RainDance|[from] ability: Drizzle|[of] p2a: Pelipper
|turn|12
|inactiveoff|Battle timer is now OFF.
|
|t:|1757848424
|switch|p1a: Vaporeon|Vaporeon, F|100/100
|-activate|p1a: Vaporeon|move: Sticky Web
|-unboost|p1a: Vaporeon|spe|1
|move|p2a: Pelipper|Tailwind|p2a: Pelipper
|-sidestart|p2: ninjagogroen03|move: Tailwind
|
|-weather|RainDance|[upkeep]
|upkeep
|turn|13
|inactive|Battle timer is ON: inactive players will automatically lose when time's up. (requested by ninjagogroen03)
|
|t:|1757848434
|move|p2a: Pelipper|Hurricane|p1a: Vaporeon
|-damage|p1a: Vaporeon|65/100
|move|p1a: Vaporeon|Wish|p1a: Vaporeon
|
|-weather|RainDance|[upkeep]
|-heal|p1a: Vaporeon|71/100|[from] item: Leftovers
|upkeep
|turn|14
|inactive|pikaragedd has 120 seconds left.
|inactive|pikaragedd has 90 seconds left.
|-message|ninjagogroen03 forfeited.
|
|win|pikaragedd
|raw|pikaragedd's rating: 1146 &rarr; <strong>1173</strong><br />(+27 for winning)
|raw|ninjagogroen03's rating: 1169 &rarr; <strong>1142</strong><br />(-27 for losing)
|l|☆ninjagogroen03
|player|p2|
|l|☆pikaragedd
|player|p1|
