|j|☆BigBadDragon98
|j|☆peach boy test
|t:|1757842359
|gametype|singles
|player|p1|BigBadDragon98|red|1169
|player|p2|peach boy test|drayden|1210
|gen|9
|tier|[Gen 9] OU
|rated|
|rule|HP Percentage Mod: HP is shown in percentages
|rule|Endless Battle Clause: Forcing endless battles is banned
|rule|Species Clause: Limit one of each Pokémon
|rule|OHKO Clause: OHKO moves are banned
|rule|Evasion Items Clause: Evasion items are banned
|rule|Evasion Moves Clause: Evasion moves are banned
|rule|Evasion Abilities Clause: Evasion abilities are banned
|rule|Sleep Moves Clause: Sleep-inducing moves are banned
|clearpoke
|poke|p1|Houndstone, M|
|poke|p1|Gengar, M|
|poke|p1|Tyranitar, M|
|poke|p1|Excadrill, M|
|poke|p1|Hydreigon, M|
|poke|p1|Mandibuzz, F|
|poke|p2|Slaking, M|
|poke|p2|Pecharunt|
|poke|p2|Corviknight, F|
|poke|p2|Araquanid, M|
|poke|p2|Okidogi, M|
|poke|p2|Garganacl, M|
|teampreview
|inactive|Battle timer is ON: inactive players will automatically lose when time's up. (requested by peach boy test)
|inactive|BigBadDragon98 also wants the timer to be on.
|
|t:|1757842366
|teamsize|p1|6
|teamsize|p2|6
|start
|switch|p1a: Mandibuzz|Mandibuzz, F|100/100
|switch|p2a: araquagoat|Araquanid, M|100/100
|turn|1
|c|☆peach boy test|glhf :)
|
|t:|1757842373
|move|p1a: Mandibuzz|Toxic|p2a: araquagoat
|-status|p2a: araquagoat|tox
|move|p2a: araquagoat|Sticky Web|p1a: Mandibuzz
|-sidestart|p1: BigBadDragon98|move: Sticky Web
|
|-damage|p2a: araquagoat|94/100 tox|[from] psn
|upkeep
|turn|2
|
|t:|1757842389
|move|p1a: Mandibuzz|Foul Play|p2a: araquagoat
|-damage|p2a: araquagoat|74/100 tox
|move|p2a: araquagoat|Surf|p1a: Mandibuzz
|-damage|p1a: Mandibuzz|58/100
|
|-damage|p2a: araquagoat|62/100 tox|[from] psn
|upkeep
|turn|3
|
|t:|1757842397
|move|p1a: Mandibuzz|Roost|p1a: Mandibuzz
|-heal|p1a: Mandibuzz|100/100
|-singleturn|p1a: Mandibuzz|move: Roost
|move|p2a: araquagoat|Surf|p1a: Mandibuzz
|-damage|p1a: Mandibuzz|57/100
|
|-damage|p2a: araquagoat|43/100 tox|[from] psn
|upkeep
|turn|4
|
|t:|1757842408
|move|p1a: Mandibuzz|Roost|p1a: Mandibuzz
|-heal|p1a: Mandibuzz|100/100
|-singleturn|p1a: Mandibuzz|move: Roost
|move|p2a: araquagoat|Surf|p1a: Mandibuzz
|-damage|p1a: Mandibuzz|54/100
|
|-damage|p2a: araquagoat|18/100 tox|[from] psn
|upkeep
|turn|5
|-enditem|p2a: araquagoat|Custap Berry|[eat]
|-activate|p2a: araquagoat|item: Custap Berry|[consumed]
|
|t:|1757842419
|move|p2a: araquagoat|Endeavor|p1a: Mandibuzz
|-damage|p1a: Mandibuzz|15/100
|move|p1a: Mandibuzz|Roost|p1a: Mandibuzz
|-heal|p1a: Mandibuzz|65/100
|-singleturn|p1a: Mandibuzz|move: Roost
|
|-damage|p2a: araquagoat|0 fnt|[from] psn
|faint|p2a: araquagoat
|upkeep
|
|t:|1757842428
|switch|p2a: goatanacl|Garganacl, M|100/100
|turn|6
|
|t:|1757842437
|switch|p1a: Tyranitar|Tyranitar, M|100/100
|-activate|p1a: Tyranitar|move: Sticky Web
|-unboost|p1a: Tyranitar|spe|1
|-weather|Sandstorm|[from] ability: Sand Stream|[of] p1a: Tyranitar
|move|p2a: goatanacl|Salt Cure|p1a: Tyranitar
|-crit|p1a: Tyranitar
|-damage|p1a: Tyranitar|85/100
|-start|p1a: Tyranitar|Salt Cure
|
|-weather|Sandstorm|[upkeep]
|-heal|p1a: Tyranitar|91/100|[from] item: Leftovers
|-damage|p1a: Tyranitar|78/100|[from] Salt Cure
|upkeep
|turn|7
|
|t:|1757842461
|move|p2a: goatanacl|Body Press|p1a: Tyranitar
|-supereffective|p1a: Tyranitar
|-damage|p1a: Tyranitar|0 fnt
|faint|p1a: Tyranitar
|
|-weather|Sandstorm|[upkeep]
|upkeep
|
|t:|1757842470
|switch|p1a: Excadrill|Excadrill, M|100/100
|-item|p1a: Excadrill|Air Balloon
|turn|8
|
|t:|1757842477
|switch|p2a: pechagoat|Pecharunt|100/100
|-item|p2a: pechagoat|Air Balloon
|-terastallize|p1a: Excadrill|Ground
|move|p1a: Excadrill|Swords Dance|p1a: Excadrill
|-boost|p1a: Excadrill|atk|2
|
|-weather|Sandstorm|[upkeep]
|-damage|p2a: pechagoat|94/100|[from] Sandstorm
|upkeep
|turn|9
|
|t:|1757842489
|move|p1a: Excadrill|Earthquake|p2a: pechagoat
|-immune|p2a: pechagoat
|move|p2a: pechagoat|Parting Shot|p1a: Excadrill
|-unboost|p1a: Excadrill|atk|1
|-unboost|p1a: Excadrill|spa|1
|
|t:|1757842493
|switch|p2a: goatanacl|Garganacl, M|100/100|[from] Parting Shot
|
|-weather|Sandstorm|[upkeep]
|upkeep
|turn|10
|
|t:|1757842502
|switch|p2a: pechagoat|Pecharunt|94/100
|-item|p2a: pechagoat|Air Balloon
|move|p1a: Excadrill|Rapid Spin|p2a: pechagoat
|-immune|p2a: pechagoat
|
|-weather|none
|upkeep
|turn|11
|
|t:|1757842511
|move|p1a: Excadrill|Iron Head|p2a: pechagoat
|-damage|p2a: pechagoat|53/100
|-enditem|p2a: pechagoat|Air Balloon
|move|p2a: pechagoat|Hex|p1a: Excadrill
|-damage|p1a: Excadrill|60/100
|-enditem|p1a: Excadrill|Air Balloon
|
|upkeep
|turn|12
|
|t:|1757842522
|-terastallize|p2a: pechagoat|Flying
|move|p1a: Excadrill|Earthquake|p2a: pechagoat
|-immune|p2a: pechagoat
|move|p2a: pechagoat|Parting Shot|p1a: Excadrill
|-unboost|p1a: Excadrill|atk|1
|-unboost|p1a: Excadrill|spa|1
|
|t:|1757842531
|switch|p2a: okigoati|Okidogi, M|100/100|[from] Parting Shot
|
|upkeep
|turn|13
|
|t:|1757842537
|move|p1a: Excadrill|Earthquake|p2a: okigoati
|-supereffective|p2a: okigoati
|-damage|p2a: okigoati|0 fnt
|faint|p2a: okigoati
|
|upkeep
|
|t:|1757842544
|switch|p2a: pechagoat|Pecharunt, tera:Flying|53/100
|turn|14
|
|t:|1757842548
|move|p1a: Excadrill|Rapid Spin|p2a: pechagoat
|-damage|p2a: pechagoat|40/100
|-boost|p1a: Excadrill|spe|1
|-sideend|p1: BigBadDragon98|Sticky Web|[from] move: Rapid Spin|[of] p1a: Excadrill
|move|p2a: pechagoat|Parting Shot|p1a: Excadrill
|-unboost|p1a: Excadrill|atk|1
|-unboost|p1a: Excadrill|spa|1
|
|t:|1757842552
|switch|p2a: goatanacl|Garganacl, M|100/100|[from] Parting Shot
|
|upkeep
|turn|15
|
|t:|1757842561
|move|p1a: Excadrill|Swords Dance|p1a: Excadrill
|-boost|p1a: Excadrill|atk|2
|move|p2a: goatanacl|Salt Cure|p1a: Excadrill
|-resisted|p1a: Excadrill
|-damage|p1a: Excadrill|50/100
|-start|p1a: Excadrill|Salt Cure
|
|-damage|p1a: Excadrill|38/100|[from] Salt Cure
|upkeep
|turn|16
|
|t:|1757842571
|move|p1a: Excadrill|Iron Head|p2a: goatanacl
|-supereffective|p2a: goatanacl
|-damage|p2a: goatanacl|24/100
|cant|p2a: goatanacl|flinch
|
|-heal|p2a: goatanacl|30/100|[from] item: Leftovers
|-damage|p1a: Excadrill|25/100|[from] Salt Cure
|upkeep
|turn|17
|c|☆peach boy test|oh clutch flinch
|
|t:|1757842585
|switch|p2a: slackgoat|Slaking, M|100/100
|move|p1a: Excadrill|Iron Head|p2a: slackgoat
|-damage|p2a: slackgoat|67/100
|
|-damage|p1a: Excadrill|13/100|[from] Salt Cure
|upkeep
|turn|18
|
|t:|1757842595
|switch|p1a: Mandibuzz|Mandibuzz, F|65/100
|move|p2a: slackgoat|Body Slam|p1a: Mandibuzz
|-damage|p1a: Mandibuzz|25/100
|
|upkeep
|turn|19
|
|t:|1757842602
|switch|p2a: goatanacl|Garganacl, M|30/100
|move|p1a: Mandibuzz|Roost|p1a: Mandibuzz
|-heal|p1a: Mandibuzz|75/100
|-singleturn|p1a: Mandibuzz|move: Roost
|
|-heal|p2a: goatanacl|37/100|[from] item: Leftovers
|upkeep
|turn|20
|
|t:|1757842613
|switch|p1a: Excadrill|Excadrill, M, tera:Ground|13/100
|move|p2a: goatanacl|Stealth Rock|p1a: Excadrill
|-sidestart|p1: BigBadDragon98|move: Stealth Rock
|
|-heal|p2a: goatanacl|43/100|[from] item: Leftovers
|upkeep
|turn|21
|
|t:|1757842621
|move|p1a: Excadrill|Earthquake|p2a: goatanacl
|-supereffective|p2a: goatanacl
|-damage|p2a: goatanacl|0 fnt
|faint|p2a: goatanacl
|
|upkeep
|
|t:|1757842625
|switch|p2a: corvigoat|Corviknight, F|100/100
|-ability|p2a: corvigoat|Pressure
|turn|22
|
|t:|1757842630
|move|p1a: Excadrill|Rapid Spin|p2a: corvigoat
|-resisted|p2a: corvigoat
|-damage|p2a: corvigoat|95/100
|-boost|p1a: Excadrill|spe|1
|-damage|p1a: Excadrill|0 fnt|[from] item: Rocky Helmet|[of] p2a: corvigoat
|faint|p1a: Excadrill
|move|p2a: corvigoat|Body Press|p1: Excadrill|[notarget]
|-fail|p2a: corvigoat
|
|upkeep
|
|t:|1757842640
|switch|p1a: Houndstone|Houndstone, M|100/100
|-damage|p1a: Houndstone|88/100|[from] Stealth Rock
|turn|23
|c|☆peach boy test|i didn't think you'd earthquake when i had two flying types
|
|t:|1757842650
|move|p1a: Houndstone|Will-O-Wisp|p2a: corvigoat
|-status|p2a: corvigoat|brn
|move|p2a: corvigoat|U-turn|p1a: Houndstone
|-resisted|p1a: Houndstone
|-damage|p1a: Houndstone|87/100
|
|t:|1757842653
|switch|p2a: pechagoat|Pecharunt, tera:Flying|40/100|[from] U-turn
|
|-heal|p1a: Houndstone|93/100|[from] item: Leftovers
|upkeep
|turn|24
|
|t:|1757842663
|move|p2a: pechagoat|Malignant Chain|p1a: Houndstone
|-resisted|p1a: Houndstone
|-damage|p1a: Houndstone|69/100
|move|p1a: Houndstone|Will-O-Wisp|p2a: pechagoat
|-status|p2a: pechagoat|brn
|
|-heal|p1a: Houndstone|75/100|[from] item: Leftovers
|-damage|p2a: pechagoat|34/100 brn|[from] brn
|upkeep
|turn|25
|
|t:|1757842674
|move|p1a: Houndstone|Protect|p1a: Houndstone
|-singleturn|p1a: Houndstone|Protect
|move|p2a: pechagoat|Malignant Chain|p1a: Houndstone
|-activate|p1a: Houndstone|move: Protect
|
|-heal|p1a: Houndstone|81/100|[from] item: Leftovers
|-damage|p2a: pechagoat|28/100 brn|[from] brn
|upkeep
|turn|26
|
|t:|1757842684
|switch|p1a: Gengar|Gengar, M|100/100
|-damage|p1a: Gengar|88/100|[from] Stealth Rock
|move|p2a: pechagoat|Malignant Chain|p1a: Gengar
|-resisted|p1a: Gengar
|-damage|p1a: Gengar|69/100
|-start|p2a: pechagoat|Disable|Malignant Chain|[from] ability: Cursed Body|[of] p1a: Gengar
|
|-damage|p2a: pechagoat|22/100 brn|[from] brn
|upkeep
|turn|27
|c|☆peach boy test|i haven't had a 50% poison on malignant chain in a long time it's weird
|c|☆peach boy test|!DT cursed body
|raw|<ul class="utilichart"><li class="result"><span class="col namecol"><a href="https://dex.pokemonshowdown.com/abilities/cursedbody">Cursed Body</a></span> <span class="col abilitydesccol">If this Pokemon is hit by an attack, there is a 30% chance that move gets disabled.</span> </li><li style="clear:both"></li></ul>
|raw|<font size="1"><font color="#686868">Gen:</font> 5</font>

|
|t:|1757842706
|switch|p1a: Houndstone|Houndstone, M|81/100
|-damage|p1a: Houndstone|69/100|[from] Stealth Rock
|switch|p2a: corvigoat|Corviknight, F|95/100 brn
|-ability|p2a: corvigoat|Pressure
|
|-heal|p1a: Houndstone|75/100|[from] item: Leftovers
|-damage|p2a: corvigoat|89/100 brn|[from] brn
|upkeep
|turn|28
|
|t:|1757842718
|move|p1a: Houndstone|Night Shade|p2a: corvigoat
|-damage|p2a: corvigoat|64/100 brn
|move|p2a: corvigoat|U-turn|p1a: Houndstone
|-resisted|p1a: Houndstone
|-damage|p1a: Houndstone|73/100
|
|t:|1757842723
|switch|p2a: slackgoat|Slaking, M|67/100|[from] U-turn
|
|-heal|p1a: Houndstone|80/100|[from] item: Leftovers
|upkeep
|turn|29
|
|t:|1757842730
|move|p1a: Houndstone|Will-O-Wisp|p2a: slackgoat|[miss]
|-miss|p1a: Houndstone|p2a: slackgoat
|move|p2a: slackgoat|Roar|p1a: Houndstone
|drag|p1a: Gengar|Gengar, M|69/100
|-damage|p1a: Gengar|56/100|[from] Stealth Rock
|
|upkeep
|turn|30
|
|t:|1757842738
|move|p1a: Gengar|Trick|p2a: slackgoat
|-activate|p1a: Gengar|move: Trick|[of] p2a: slackgoat
|-item|p2a: slackgoat|Choice Specs|[from] move: Trick
|-item|p1a: Gengar|Choice Band|[from] move: Trick
|cant|p2a: slackgoat|ability: Truant
|
|upkeep
|turn|31
|
|t:|1757842750
|switch|p1a: Mandibuzz|Mandibuzz, F|75/100
|move|p2a: slackgoat|Roar|p1a: Mandibuzz
|drag|p1a: Houndstone|Houndstone, M|80/100
|-damage|p1a: Houndstone|67/100|[from] Stealth Rock
|
|-heal|p1a: Houndstone|73/100|[from] item: Leftovers
|upkeep
|turn|32
|
|t:|1757842761
|move|p1a: Houndstone|Will-O-Wisp|p2a: slackgoat
|-status|p2a: slackgoat|brn
|cant|p2a: slackgoat|ability: Truant
|
|-heal|p1a: Houndstone|79/100|[from] item: Leftovers
|-damage|p2a: slackgoat|60/100 brn|[from] brn
|upkeep
|turn|33
|c|☆peach boy test|wow
|c|☆peach boy test|not a single wisp miss
|
|t:|1757842771
|move|p1a: Houndstone|Body Press|p2a: slackgoat
|-supereffective|p2a: slackgoat
|-damage|p2a: slackgoat|36/100 brn
|move|p2a: slackgoat|Roar|p1a: Houndstone
|drag|p1a: Mandibuzz|Mandibuzz, F|75/100
|
|-damage|p2a: slackgoat|30/100 brn|[from] brn
|upkeep
|turn|34
|
|t:|1757842782
|switch|p2a: pechagoat|Pecharunt, tera:Flying|22/100 brn
|move|p1a: Mandibuzz|Foul Play|p2a: pechagoat
|-damage|p2a: pechagoat|9/100 brn
|
|-damage|p2a: pechagoat|3/100 brn|[from] brn
|upkeep
|turn|35
|
|t:|1757842791
|switch|p1a: Gengar|Gengar, M|56/100
|-damage|p1a: Gengar|44/100|[from] Stealth Rock
|move|p2a: pechagoat|Recover|p2a: pechagoat
|-heal|p2a: pechagoat|53/100 brn
|
|-damage|p2a: pechagoat|47/100 brn|[from] brn
|upkeep
|turn|36
|
|t:|1757842805
|switch|p2a: slackgoat|Slaking, M|30/100 brn
|move|p1a: Gengar|Trick|p2a: slackgoat
|-activate|p1a: Gengar|move: Trick|[of] p2a: slackgoat
|-item|p2a: slackgoat|Choice Band|[from] move: Trick
|-item|p1a: Gengar|Choice Specs|[from] move: Trick
|
|-damage|p2a: slackgoat|23/100 brn|[from] brn
|upkeep
|turn|37
|
|t:|1757842813
|move|p1a: Gengar|Trick|p2a: slackgoat
|-activate|p1a: Gengar|move: Trick|[of] p2a: slackgoat
|-item|p2a: slackgoat|Choice Specs|[from] move: Trick
|-item|p1a: Gengar|Choice Band|[from] move: Trick
|move|p2a: slackgoat|Slack Off|p2a: slackgoat
|-heal|p2a: slackgoat|73/100 brn
|
|-damage|p2a: slackgoat|67/100 brn|[from] brn
|upkeep
|turn|38
|
|t:|1757842823
|move|p1a: Gengar|Sludge Bomb|p2a: slackgoat
|-damage|p2a: slackgoat|23/100 brn
|cant|p2a: slackgoat|ability: Truant
|
|-damage|p2a: slackgoat|17/100 brn|[from] brn
|upkeep
|turn|39
|
|t:|1757842831
|switch|p2a: corvigoat|Corviknight, F|64/100 brn
|-ability|p2a: corvigoat|Pressure
|move|p1a: Gengar|Sludge Bomb|p2a: corvigoat
|-immune|p2a: corvigoat
|
|-damage|p2a: corvigoat|58/100 brn|[from] brn
|upkeep
|turn|40
|
|t:|1757842841
|switch|p1a: Hydreigon|Hydreigon, M|100/100
|-damage|p1a: Hydreigon|88/100|[from] Stealth Rock
|move|p2a: corvigoat|U-turn|p1a: Hydreigon
|-supereffective|p1a: Hydreigon
|-damage|p1a: Hydreigon|71/100
|
|t:|1757842846
|switch|p2a: slackgoat|Slaking, M|17/100 brn|[from] U-turn
|
|-damage|p2a: slackgoat|11/100 brn|[from] brn
|upkeep
|turn|41
|
|t:|1757842854
|move|p1a: Hydreigon|Dark Pulse|p2a: slackgoat
|-damage|p2a: slackgoat|0 fnt
|faint|p2a: slackgoat
|
|upkeep
|
|t:|1757842857
|switch|p2a: corvigoat|Corviknight, F|58/100 brn
|-ability|p2a: corvigoat|Pressure
|turn|42
|
|t:|1757842864
|move|p1a: Hydreigon|Fire Blast|p2a: corvigoat|[miss]
|-miss|p1a: Hydreigon|p2a: corvigoat
|move|p2a: corvigoat|Body Press|p1a: Hydreigon
|-supereffective|p1a: Hydreigon
|-damage|p1a: Hydreigon|39/100
|
|-damage|p2a: corvigoat|52/100 brn|[from] brn
|upkeep
|turn|43
|
|t:|1757842873
|move|p1a: Hydreigon|Fire Blast|p2a: corvigoat|[miss]
|-miss|p1a: Hydreigon|p2a: corvigoat
|move|p2a: corvigoat|Body Press|p1a: Hydreigon
|-supereffective|p1a: Hydreigon
|-damage|p1a: Hydreigon|10/100
|
|-damage|p2a: corvigoat|46/100 brn|[from] brn
|upkeep
|turn|44
|
|t:|1757842882
|move|p1a: Hydreigon|Fire Blast|p2a: corvigoat
|-supereffective|p2a: corvigoat
|-damage|p2a: corvigoat|0 fnt
|faint|p2a: corvigoat
|
|upkeep
|
|t:|1757842885
|switch|p2a: pechagoat|Pecharunt, tera:Flying|47/100 brn
|turn|45
|
|t:|1757842890
|move|p1a: Hydreigon|Draco Meteor|p2a: pechagoat
|-damage|p2a: pechagoat|0 fnt
|-unboost|p1a: Hydreigon|spa|2
|faint|p2a: pechagoat
|
|win|BigBadDragon98
|raw|BigBadDragon98's rating: 1169 &rarr; <strong>1197</strong><br />(+28 for winning)
|raw|peach boy test's rating: 1210 &rarr; <strong>1182</strong><br />(-28 for losing)
|c|☆peach boy test|gg
|l|☆BigBadDragon98
|player|p1|
|l|☆peach boy test
|player|p2|
