|j|☆beavertheone
|j|☆Kidday
|t:|1757899246
|gametype|singles
|player|p1|beavertheone|ingo|1234
|player|p2|Kidday|101|1304
|gen|9
|tier|[Gen 9] OU
|rated|
|rule|HP Percentage Mod: HP is shown in percentages
|rule|Endless Battle Clause: Forcing endless battles is banned
|rule|Species Clause: Limit one of each Pokémon
|rule|OHKO Clause: OHKO moves are banned
|rule|Evasion Items Clause: Evasion items are banned
|rule|Evasion Moves Clause: Evasion moves are banned
|rule|Evasion Abilities Clause: Evasion abilities are banned
|rule|Sleep Moves Clause: Sleep-inducing moves are banned
|clearpoke
|poke|p1|Gliscor, F|
|poke|p1|Glimmora, F|
|poke|p1|Dondozo, M|
|poke|p1|Arcanine, F|
|poke|p1|Dragapult, F|
|poke|p1|Corviknight, M|
|poke|p2|Blastoise, M|
|poke|p2|Toxtricity-Low-Key, M|
|poke|p2|Golurk|
|poke|p2|Kingambit, M|
|poke|p2|Magmortar, M|
|poke|p2|Grimmsnarl, M|
|teampreview
|inactive|Battle timer is ON: inactive players will automatically lose when time's up. (requested by beavertheone)
|
|t:|1757899262
|teamsize|p1|6
|teamsize|p2|6
|start
|switch|p1a: Heisenburg|Glimmora, F|100/100
|switch|p2a: Grimmi|Grimmsnarl, M, shiny|100/100
|turn|1
|
|t:|1757899277
|move|p2a: Grimmi|Parting Shot|p1a: Heisenburg
|-unboost|p1a: Heisenburg|atk|1
|-unboost|p1a: Heisenburg|spa|1
|
|t:|1757899283
|switch|p2a: DisBiSharp|Kingambit, M, shiny|100/100|[from] Parting Shot
|move|p1a: Heisenburg|Mortal Spin|p2a: DisBiSharp
|-immune|p2a: DisBiSharp
|
|upkeep
|turn|2
|
|t:|1757899288
|move|p1a: Heisenburg|Earth Power|p2a: DisBiSharp
|-supereffective|p2a: DisBiSharp
|-damage|p2a: DisBiSharp|58/100
|-enditem|p2a: DisBiSharp|Weakness Policy
|-boost|p2a: DisBiSharp|atk|2|[from] item: Weakness Policy
|-boost|p2a: DisBiSharp|spa|2|[from] item: Weakness Policy
|move|p2a: DisBiSharp|Iron Head|p1a: Heisenburg
|-supereffective|p1a: Heisenburg
|-enditem|p1a: Heisenburg|Focus Sash
|-damage|p1a: Heisenburg|1/100
|-activate|p1a: Heisenburg|ability: Toxic Debris
|-sidestart|p2: Kidday|move: Toxic Spikes
|
|upkeep
|turn|3
|
|t:|1757899298
|move|p2a: DisBiSharp|Sucker Punch||[still]
|-fail|p2a: DisBiSharp
|move|p1a: Heisenburg|Stealth Rock|p2a: DisBiSharp
|-sidestart|p2: Kidday|move: Stealth Rock
|
|upkeep
|turn|4
|
|t:|1757899302
|move|p1a: Heisenburg|Earth Power|p2a: DisBiSharp
|-supereffective|p2a: DisBiSharp
|-damage|p2a: DisBiSharp|19/100
|move|p2a: DisBiSharp|Kowtow Cleave|p1a: Heisenburg
|-damage|p1a: Heisenburg|0 fnt
|-activate|p1a: Heisenburg|ability: Toxic Debris
|-sidestart|p2: Kidday|move: Toxic Spikes
|faint|p1a: Heisenburg
|
|upkeep
|
|t:|1757899311
|switch|p1a: Chili Dog|Arcanine, F|100/100
|-ability|p1a: Chili Dog|Intimidate|boost
|-unboost|p2a: DisBiSharp|atk|1
|turn|5
|
|t:|1757899318
|move|p1a: Chili Dog|Extreme Speed|p2a: DisBiSharp
|-resisted|p2a: DisBiSharp
|-damage|p2a: DisBiSharp|5/100
|move|p2a: DisBiSharp|Kowtow Cleave|p1a: Chili Dog
|-damage|p1a: Chili Dog|0 fnt
|faint|p1a: Chili Dog
|
|upkeep
|
|t:|1757899325
|switch|p1a: The Big D|Dondozo, M|100/100
|turn|6
|
|t:|1757899337
|move|p2a: DisBiSharp|Kowtow Cleave|p1a: The Big D
|-damage|p1a: The Big D|70/100
|move|p1a: The Big D|Curse|p1a: The Big D
|-unboost|p1a: The Big D|spe|1
|-boost|p1a: The Big D|atk|1
|-boost|p1a: The Big D|def|1
|
|-heal|p1a: The Big D|76/100|[from] item: Leftovers
|upkeep
|turn|7
|
|t:|1757899345
|move|p2a: DisBiSharp|Kowtow Cleave|p1a: The Big D
|-damage|p1a: The Big D|54/100
|move|p1a: The Big D|Curse|p1a: The Big D
|-unboost|p1a: The Big D|spe|1
|-boost|p1a: The Big D|atk|1
|-boost|p1a: The Big D|def|1
|
|-heal|p1a: The Big D|60/100|[from] item: Leftovers
|upkeep
|turn|8
|
|t:|1757899348
|move|p2a: DisBiSharp|Kowtow Cleave|p1a: The Big D
|-damage|p1a: The Big D|44/100
|move|p1a: The Big D|Curse|p1a: The Big D
|-unboost|p1a: The Big D|spe|1
|-boost|p1a: The Big D|atk|1
|-boost|p1a: The Big D|def|1
|
|-heal|p1a: The Big D|50/100|[from] item: Leftovers
|upkeep
|turn|9
|
|t:|1757899353
|move|p2a: DisBiSharp|Kowtow Cleave|p1a: The Big D
|-damage|p1a: The Big D|37/100
|move|p1a: The Big D|Rest|p1a: The Big D
|-status|p1a: The Big D|slp|[from] move: Rest
|-heal|p1a: The Big D|100/100 slp|[silent]
|
|upkeep
|turn|10
|
|t:|1757899358
|move|p2a: DisBiSharp|Kowtow Cleave|p1a: The Big D
|-damage|p1a: The Big D|88/100 slp
|cant|p1a: The Big D|slp
|move|p1a: The Big D|Sleep Talk|p1a: The Big D
|move|p1a: The Big D|Liquidation|p2a: DisBiSharp|[from] move: Sleep Talk
|-damage|p2a: DisBiSharp|0 fnt
|faint|p2a: DisBiSharp
|-end|p2a: DisBiSharp|fallenundefined|[silent]
|
|-heal|p1a: The Big D|94/100 slp|[from] item: Leftovers
|upkeep
|
|t:|1757899364
|switch|p2a: Toxic💜|Toxtricity-Low-Key, M|100/100
|-sideend|p2: Kidday|move: Toxic Spikes|[of] p2a: Toxic💜
|-damage|p2a: Toxic💜|88/100|[from] Stealth Rock
|turn|11
|
|t:|1757899373
|-terastallize|p1a: The Big D|Ghost
|move|p2a: Toxic💜|Overdrive|p1a: The Big D
|-damage|p1a: The Big D|59/100 slp
|-enditem|p2a: Toxic💜|Throat Spray
|-boost|p2a: Toxic💜|spa|1|[from] item: Throat Spray
|cant|p1a: The Big D|slp
|move|p1a: The Big D|Sleep Talk|p1a: The Big D
|move|p1a: The Big D|Curse|p2a: Toxic💜|[from] move: Sleep Talk
|-start|p2a: Toxic💜|Curse|[of] p1a: The Big D
|-damage|p1a: The Big D|9/100 slp
|
|-heal|p1a: The Big D|15/100 slp|[from] item: Leftovers
|-damage|p2a: Toxic💜|63/100|[from] Curse
|upkeep
|turn|12
|
|t:|1757899385
|move|p2a: Toxic💜|Volt Switch|p1a: The Big D
|-damage|p1a: The Big D|0 fnt
|faint|p1a: The Big D
|
|t:|1757899394
|switch|p2a: Grimmi|Grimmsnarl, M, shiny|100/100|[from] Volt Switch
|-damage|p2a: Grimmi|88/100|[from] Stealth Rock
|
|upkeep
|
|t:|1757899396
|switch|p1a: The Circumsizor|Gliscor, F|100/100
|turn|13
|
|t:|1757899402
|move|p2a: Grimmi|Reflect|p2a: Grimmi
|-sidestart|p2: Kidday|Reflect
|move|p1a: The Circumsizor|Swords Dance|p1a: The Circumsizor
|-boost|p1a: The Circumsizor|atk|2
|
|-status|p1a: The Circumsizor|tox|[from] item: Toxic Orb
|upkeep
|turn|14
|
|t:|1757899406
|move|p2a: Grimmi|Parting Shot|p1a: The Circumsizor
|-unboost|p1a: The Circumsizor|atk|1
|-unboost|p1a: The Circumsizor|spa|1
|
|t:|1757899419
|switch|p2a: Saitama|Golurk, shiny|100/100|[from] Parting Shot
|-damage|p2a: Saitama|94/100|[from] Stealth Rock
|move|p1a: The Circumsizor|Facade|p2a: Saitama
|-immune|p2a: Saitama
|
|upkeep
|turn|15
|
|t:|1757899427
|move|p1a: The Circumsizor|Swords Dance|p1a: The Circumsizor
|-boost|p1a: The Circumsizor|atk|2
|move|p2a: Saitama|Poltergeist|p1a: The Circumsizor
|-activate|p1a: The Circumsizor|move: Poltergeist|Toxic Orb
|-damage|p1a: The Circumsizor|14/100 tox
|
|-heal|p1a: The Circumsizor|26/100 tox|[from] ability: Poison Heal
|upkeep
|turn|16
|
|t:|1757899433
|move|p1a: The Circumsizor|Protect|p1a: The Circumsizor
|-singleturn|p1a: The Circumsizor|Protect
|move|p2a: Saitama|Poltergeist|p1a: The Circumsizor
|-activate|p1a: The Circumsizor|move: Protect
|
|-heal|p1a: The Circumsizor|38/100 tox|[from] ability: Poison Heal
|upkeep
|turn|17
|
|t:|1757899437
|move|p1a: The Circumsizor|Earthquake|p2a: Saitama
|-damage|p2a: Saitama|41/100
|move|p2a: Saitama|Poltergeist|p1a: The Circumsizor
|-activate|p1a: The Circumsizor|move: Poltergeist|Toxic Orb
|-damage|p1a: The Circumsizor|0 fnt
|faint|p1a: The Circumsizor
|
|upkeep
|
|t:|1757899440
|switch|p1a: Planned Parenthood|Dragapult, F|100/100
|turn|18
|
|t:|1757899448
|move|p1a: Planned Parenthood|Shadow Ball|p2a: Saitama
|-supereffective|p2a: Saitama
|-damage|p2a: Saitama|0 fnt
|faint|p2a: Saitama
|
|upkeep
|
|t:|1757899453
|switch|p2a: Grimmi|Grimmsnarl, M, shiny|88/100
|-damage|p2a: Grimmi|76/100|[from] Stealth Rock
|turn|19
|
|t:|1757899455
|switch|p1a: Ozzy Cawsborne|Corviknight, M|100/100
|move|p2a: Grimmi|Light Screen|p2a: Grimmi
|-sidestart|p2: Kidday|move: Light Screen
|
|upkeep
|turn|20
|
|t:|1757899471
|switch|p2a: Ruby|Magmortar, M, shiny|100/100
|-damage|p2a: Ruby|76/100|[from] Stealth Rock
|move|p1a: Ozzy Cawsborne|Defog|p2a: Ruby
|-unboost|p2a: Ruby|evasion|1
|-sideend|p2: Kidday|Reflect
|-sideend|p2: Kidday|move: Light Screen
|-sideend|p2: Kidday|Stealth Rock|[from] move: Defog|[of] p1a: Ozzy Cawsborne
|
|upkeep
|turn|21
|
|t:|1757899488
|move|p2a: Ruby|Flamethrower|p1a: Ozzy Cawsborne
|-supereffective|p1a: Ozzy Cawsborne
|-damage|p1a: Ozzy Cawsborne|0 fnt
|faint|p1a: Ozzy Cawsborne
|
|upkeep
|
|t:|1757899490
|switch|p1a: Planned Parenthood|Dragapult, F|100/100
|turn|22
|
|t:|1757899498
|move|p1a: Planned Parenthood|Shadow Ball|p2a: Ruby
|-damage|p2a: Ruby|39/100
|-unboost|p2a: Ruby|spd|1
|move|p2a: Ruby|Psychic|p1a: Planned Parenthood
|-damage|p1a: Planned Parenthood|59/100
|
|upkeep
|turn|23
|
|t:|1757899516
|move|p1a: Planned Parenthood|Shadow Ball|p2a: Ruby
|-damage|p2a: Ruby|0 fnt
|faint|p2a: Ruby
|
|upkeep
|
|t:|1757899521
|switch|p2a: Grimmi|Grimmsnarl, M, shiny|76/100
|turn|24
|
|t:|1757899523
|move|p2a: Grimmi|Light Screen|p2a: Grimmi
|-sidestart|p2: Kidday|move: Light Screen
|move|p1a: Planned Parenthood|Shadow Ball|p2a: Grimmi
|-resisted|p2a: Grimmi
|-damage|p2a: Grimmi|49/100
|
|upkeep
|turn|25
|
|t:|1757899526
|move|p1a: Planned Parenthood|Shadow Ball|p2a: Grimmi
|-resisted|p2a: Grimmi
|-damage|p2a: Grimmi|23/100
|move|p2a: Grimmi|Spirit Break|p1a: Planned Parenthood
|-supereffective|p1a: Planned Parenthood
|-damage|p1a: Planned Parenthood|0 fnt
|faint|p1a: Planned Parenthood
|
|win|Kidday
|raw|beavertheone's rating: 1234 &rarr; <strong>1214</strong><br />(-20 for losing)
|raw|Kidday's rating: 1304 &rarr; <strong>1320</strong><br />(+16 for winning)
|l|☆beavertheone
|player|p1|
|l|☆Kidday
|player|p2|
