|j|☆zaifujiusheng
|j|☆Randompina
|t:|1757911935
|gametype|singles
|player|p1|zaifujiusheng|lucas|1304
|player|p2|Randompina|doctor|1247
|gen|9
|tier|[Gen 9] OU
|rated|
|rule|HP Percentage Mod: HP is shown in percentages
|rule|Endless Battle Clause: Forcing endless battles is banned
|rule|Species Clause: Limit one of each Pokémon
|rule|OHKO Clause: OHKO moves are banned
|rule|Evasion Items Clause: Evasion items are banned
|rule|Evasion Moves Clause: Evasion moves are banned
|rule|Evasion Abilities Clause: Evasion abilities are banned
|rule|Sleep Moves Clause: Sleep-inducing moves are banned
|clearpoke
|poke|p1|Great Tusk|
|poke|p1|Kingambit, M|
|poke|p1|Raging Bolt|
|poke|p1|Walking Wake|
|poke|p1|Ninetales, F|
|poke|p1|Ceruledge, M|
|poke|p2|Malamar, M|
|poke|p2|Ninetales-Alola, F|
|poke|p2|Enamorus, F|
|poke|p2|Hydrapple, F|
|poke|p2|Great Tusk|
|poke|p2|Zoroark-Hisui, F|
|teampreview
|
|t:|1757911953
|teamsize|p1|6
|teamsize|p2|6
|start
|switch|p1a: Ceruledge|Ceruledge, M|100/100
|switch|p2a: Enamorus|Enamorus, F|100/100
|turn|1
|
|t:|1757911985
|switch|p2a: Great Tusk|Great Tusk|100/100
|-enditem|p2a: Great Tusk|Booster Energy
|-activate|p2a: Great Tusk|ability: Protosynthesis|[fromitem]
|-start|p2a: Great Tusk|protosynthesisdef
|switch|p1a: Ninetales|Ninetales, F|100/100
|-weather|SunnyDay|[from] ability: Drought|[of] p1a: Ninetales
|
|-weather|SunnyDay|[upkeep]
|upkeep
|turn|2
|c|☆Randompina|Gl
|
|t:|1757912010
|move|p1a: Ninetales|Scorching Sands|p2a: Great Tusk
|-damage|p2a: Great Tusk|74/100
|-status|p2a: Great Tusk|brn
|move|p2a: Great Tusk|Stealth Rock|p1a: Ninetales
|-sidestart|p1: zaifujiusheng|move: Stealth Rock
|
|-weather|SunnyDay|[upkeep]
|-damage|p2a: Great Tusk|68/100 brn|[from] brn
|upkeep
|turn|3
|
|t:|1757912019
|move|p1a: Ninetales|Encore|p2a: Great Tusk
|-start|p2a: Great Tusk|Encore
|move|p2a: Great Tusk|Stealth Rock||[still]
|-fail|p2a: Great Tusk
|
|-weather|SunnyDay|[upkeep]
|-damage|p2a: Great Tusk|62/100 brn|[from] brn
|upkeep
|turn|4
|
|t:|1757912034
|-end|p2a: Great Tusk|Protosynthesis|[silent]
|switch|p2a: Malamar|Malamar, M|100/100
|move|p1a: Ninetales|Overheat|p2a: Malamar
|-damage|p2a: Malamar|3/100
|-unboost|p1a: Ninetales|spa|2
|
|-weather|SunnyDay|[upkeep]
|-heal|p2a: Malamar|9/100|[from] item: Leftovers
|upkeep
|turn|5
|
|t:|1757912045
|move|p1a: Ninetales|Scorching Sands|p2a: Malamar
|-damage|p2a: Malamar|0 fnt
|faint|p2a: Malamar
|
|-weather|SunnyDay|[upkeep]
|upkeep
|
|t:|1757912058
|switch|p2a: Hydrapple|Hydrapple, F, shiny|100/100
|turn|6
|
|t:|1757912067
|move|p1a: Ninetales|Overheat|p2a: Hydrapple
|-damage|p2a: Hydrapple|78/100
|-unboost|p1a: Ninetales|spa|2
|move|p2a: Hydrapple|Earth Power|p1a: Ninetales
|-supereffective|p1a: Ninetales
|-damage|p1a: Ninetales|25/100
|-unboost|p1a: Ninetales|spd|1
|
|-weather|SunnyDay|[upkeep]
|upkeep
|turn|7
|
|t:|1757912081
|switch|p1a: Great Tusk|Great Tusk|100/100
|-damage|p1a: Great Tusk|98/100|[from] Stealth Rock
|-activate|p1a: Great Tusk|ability: Protosynthesis
|-start|p1a: Great Tusk|protosynthesisatk
|switch|p2a: Enamorus|Enamorus, F|100/100
|
|-weather|SunnyDay|[upkeep]
|upkeep
|turn|8
|
|t:|1757912092
|move|p2a: Enamorus|Draining Kiss|p1a: Great Tusk
|-supereffective|p1a: Great Tusk
|-damage|p1a: Great Tusk|49/100
|move|p1a: Great Tusk|Rapid Spin|p2a: Enamorus
|-damage|p2a: Enamorus|61/100
|-boost|p1a: Great Tusk|spe|1
|-sideend|p1: zaifujiusheng|Stealth Rock|[from] move: Rapid Spin|[of] p1a: Great Tusk
|
|-weather|none
|-end|p1a: Great Tusk|Protosynthesis
|upkeep
|turn|9
|
|t:|1757912126
|move|p1a: Great Tusk|Ice Spinner|p2a: Enamorus
|-supereffective|p2a: Enamorus
|-damage|p2a: Enamorus|0 fnt
|faint|p2a: Enamorus
|
|upkeep
|
|t:|1757912135
|switch|p2a: Ninetales|Ninetales-Alola, F, shiny|100/100
|-weather|Snowscape|[from] ability: Snow Warning|[of] p2a: Ninetales
|turn|10
|
|t:|1757912144
|-end|p1a: Great Tusk|Protosynthesis|[silent]
|switch|p1a: Ninetales|Ninetales, F|25/100
|-weather|SunnyDay|[from] ability: Drought|[of] p1a: Ninetales
|move|p2a: Ninetales|Blizzard|p1a: Ninetales|[miss]
|-miss|p2a: Ninetales|p1a: Ninetales
|
|-weather|SunnyDay|[upkeep]
|upkeep
|turn|11
|
|t:|1757912157
|switch|p2a: Hydrapple|Hydrapple, F, shiny|100/100
|move|p1a: Ninetales|Encore||[still]
|-fail|p1a: Ninetales
|
|-weather|SunnyDay|[upkeep]
|upkeep
|turn|12
|
|t:|1757912165
|move|p1a: Ninetales|Overheat|p2a: Hydrapple
|-damage|p2a: Hydrapple|57/100
|-unboost|p1a: Ninetales|spa|2
|move|p2a: Hydrapple|Earth Power|p1a: Ninetales
|-supereffective|p1a: Ninetales
|-damage|p1a: Ninetales|0 fnt
|faint|p1a: Ninetales
|
|-weather|SunnyDay|[upkeep]
|upkeep
|inactive|Battle timer is ON: inactive players will automatically lose when time's up. (requested by Randompina)
|
|t:|1757912191
|switch|p1a: Ceruledge|Ceruledge, M|100/100
|turn|13
|
|t:|1757912197
|switch|p2a: Great Tusk|Great Tusk|62/100 brn
|-activate|p2a: Great Tusk|ability: Protosynthesis
|-start|p2a: Great Tusk|protosynthesisdef
|move|p1a: Ceruledge|Swords Dance|p1a: Ceruledge
|-boost|p1a: Ceruledge|atk|2
|
|-weather|SunnyDay|[upkeep]
|-damage|p2a: Great Tusk|56/100 brn|[from] brn
|upkeep
|turn|14
|
|t:|1757912214
|move|p1a: Ceruledge|Shadow Sneak|p2a: Great Tusk
|-damage|p2a: Great Tusk|38/100 brn
|move|p2a: Great Tusk|Earthquake|p1a: Ceruledge
|-supereffective|p1a: Ceruledge
|-damage|p1a: Ceruledge|42/100
|-ability|p1a: Ceruledge|Weak Armor|boost
|-unboost|p1a: Ceruledge|def|1
|-boost|p1a: Ceruledge|spe|2
|
|-weather|SunnyDay|[upkeep]
|-damage|p2a: Great Tusk|32/100 brn|[from] brn
|upkeep
|turn|15
|
|t:|1757912225
|move|p1a: Ceruledge|Bitter Blade|p2a: Great Tusk
|-damage|p2a: Great Tusk|0 fnt
|-heal|p1a: Ceruledge|60/100|[from] drain|[of] p2a: Great Tusk
|faint|p2a: Great Tusk
|-end|p2a: Great Tusk|Protosynthesis|[silent]
|
|-weather|SunnyDay|[upkeep]
|upkeep
|
|t:|1757912234
|switch|p2a: Hydrapple|Hydrapple, F, shiny|100/100
|turn|16
|
|t:|1757912243
|move|p1a: Ceruledge|Bitter Blade|p2a: Hydrapple
|-enditem|p2a: Hydrapple|Focus Sash
|-damage|p2a: Hydrapple|1/100
|-heal|p1a: Ceruledge|96/100|[from] drain|[of] p2a: Hydrapple
|replace|p2a: Zoroark|Zoroark-Hisui, F
|-end|p2a: Zoroark|Illusion
|move|p2a: Zoroark|Nasty Plot|p2a: Zoroark
|-boost|p2a: Zoroark|spa|2
|
|-weather|SunnyDay|[upkeep]
|upkeep
|turn|17
|
|t:|1757912257
|move|p1a: Ceruledge|Shadow Sneak|p2a: Zoroark
|-immune|p2a: Zoroark
|move|p2a: Zoroark|Bitter Malice|p1a: Ceruledge
|-supereffective|p1a: Ceruledge
|-damage|p1a: Ceruledge|0 fnt
|faint|p1a: Ceruledge
|
|-weather|none
|upkeep
|
|t:|1757912276
|switch|p1a: Kingambit|Kingambit, M|100/100
|-activate|p1a: Kingambit|ability: Supreme Overlord
|-start|p1a: Kingambit|fallen2|[silent]
|-item|p1a: Kingambit|Air Balloon
|turn|18
|
|t:|1757912287
|move|p2a: Zoroark|Nasty Plot|p2a: Zoroark
|-boost|p2a: Zoroark|spa|2
|move|p1a: Kingambit|Swords Dance|p1a: Kingambit
|-boost|p1a: Kingambit|atk|2
|
|upkeep
|turn|19
|
|t:|1757912297
|move|p1a: Kingambit|Sucker Punch||[still]
|-fail|p1a: Kingambit
|move|p2a: Zoroark|Nasty Plot|p2a: Zoroark
|-boost|p2a: Zoroark|spa|2
|
|upkeep
|turn|20
|
|t:|1757912313
|move|p1a: Kingambit|Sucker Punch||[still]
|-fail|p1a: Kingambit
|move|p2a: Zoroark|Nasty Plot|p2a: Zoroark
|-boost|p2a: Zoroark|spa|0
|
|upkeep
|turn|21
|
|t:|1757912320
|move|p1a: Kingambit|Sucker Punch|p2a: Zoroark
|-supereffective|p2a: Zoroark
|-damage|p2a: Zoroark|0 fnt
|faint|p2a: Zoroark
|
|upkeep
|
|t:|1757912326
|switch|p2a: Ninetales|Ninetales-Alola, F, shiny|100/100
|-weather|Snowscape|[from] ability: Snow Warning|[of] p2a: Ninetales
|turn|22
|
|t:|1757912336
|move|p2a: Ninetales|Encore|p1a: Kingambit
|-start|p1a: Kingambit|Encore
|move|p1a: Kingambit|Sucker Punch||[still]
|-fail|p1a: Kingambit
|
|-weather|Snowscape|[upkeep]
|upkeep
|turn|23
|
|t:|1757912344
|move|p1a: Kingambit|Sucker Punch||[still]
|-fail|p1a: Kingambit
|move|p2a: Ninetales|Aurora Veil|p2a: Ninetales
|-sidestart|p2: Randompina|move: Aurora Veil
|
|-weather|Snowscape|[upkeep]
|upkeep
|turn|24
|
|t:|1757912358
|switch|p2a: Hydrapple|Hydrapple, F, shiny|90/100
|move|p1a: Kingambit|Sucker Punch||[still]
|-fail|p1a: Kingambit
|
|-weather|Snowscape|[upkeep]
|-end|p1a: Kingambit|Encore
|upkeep
|turn|25
|
|t:|1757912369
|move|p1a: Kingambit|Kowtow Cleave|p2a: Hydrapple
|-damage|p2a: Hydrapple|45/100
|move|p2a: Hydrapple|Earth Power|p1a: Kingambit
|-immune|p1a: Kingambit
|
|-weather|Snowscape|[upkeep]
|upkeep
|turn|26
|
|t:|1757912379
|move|p1a: Kingambit|Kowtow Cleave|p2a: Hydrapple
|-damage|p2a: Hydrapple|0 fnt
|faint|p2a: Hydrapple
|
|-weather|none
|upkeep
|
|t:|1757912385
|switch|p2a: Ninetales|Ninetales-Alola, F, shiny|100/100
|-weather|Snowscape|[from] ability: Snow Warning|[of] p2a: Ninetales
|turn|27
|
|t:|1757912392
|move|p2a: Ninetales|Moonblast|p1a: Kingambit
|-damage|p1a: Kingambit|60/100
|-unboost|p1a: Kingambit|spa|1
|-enditem|p1a: Kingambit|Air Balloon
|move|p1a: Kingambit|Low Kick|p2a: Ninetales
|-damage|p2a: Ninetales|81/100
|
|-weather|Snowscape|[upkeep]
|upkeep
|turn|28
|
|t:|1757912404
|-terastallize|p1a: Kingambit|Ghost
|move|p2a: Ninetales|Moonblast|p1a: Kingambit
|-damage|p1a: Kingambit|15/100
|move|p1a: Kingambit|Low Kick|p2a: Ninetales
|-damage|p2a: Ninetales|63/100
|
|-weather|Snowscape|[upkeep]
|upkeep
|turn|29
|
|t:|1757912424
|move|p1a: Kingambit|Sucker Punch|p2a: Ninetales
|-resisted|p2a: Ninetales
|-damage|p2a: Ninetales|37/100
|move|p2a: Ninetales|Blizzard|p1a: Kingambit
|-damage|p1a: Kingambit|0 fnt
|faint|p1a: Kingambit
|-end|p1a: Kingambit|fallen2|[silent]
|
|-weather|Snowscape|[upkeep]
|upkeep
|
|t:|1757912437
|switch|p1a: Great Tusk|Great Tusk|49/100
|turn|30
|
|t:|1757912442
|move|p2a: Ninetales|Blizzard|p1a: Great Tusk
|-supereffective|p1a: Great Tusk
|-damage|p1a: Great Tusk|0 fnt
|faint|p1a: Great Tusk
|-end|p1a: Great Tusk|Protosynthesis|[silent]
|
|-weather|Snowscape|[upkeep]
|-sideend|p2: Randompina|move: Aurora Veil
|upkeep
|
|t:|1757912462
|switch|p1a: Raging Bolt|Raging Bolt|100/100
|turn|31
|
|t:|1757912468
|move|p1a: Raging Bolt|Thunderclap||[still]
|-fail|p1a: Raging Bolt
|move|p2a: Ninetales|Aurora Veil|p2a: Ninetales
|-sidestart|p2: Randompina|move: Aurora Veil
|
|-weather|none
|upkeep
|turn|32
|
|t:|1757912482
|move|p1a: Raging Bolt|Thunderclap|p2a: Ninetales
|-damage|p2a: Ninetales|3/100
|-damage|p1a: Raging Bolt|91/100|[from] item: Life Orb
|move|p2a: Ninetales|Moonblast|p1a: Raging Bolt
|-supereffective|p1a: Raging Bolt
|-damage|p1a: Raging Bolt|19/100
|
|upkeep
|turn|33
|
|t:|1757912492
|move|p1a: Raging Bolt|Thunderclap|p2a: Ninetales
|-damage|p2a: Ninetales|0 fnt
|faint|p2a: Ninetales
|-damage|p1a: Raging Bolt|9/100|[from] item: Life Orb
|
|win|zaifujiusheng
|raw|zaifujiusheng's rating: 1304 &rarr; <strong>1321</strong><br />(+17 for winning)
|raw|Randompina's rating: 1247 &rarr; <strong>1226</strong><br />(-21 for losing)
|l|☆zaifujiusheng
|player|p1|
|l|☆Randompina
|player|p2|
