|uhtml|medal-msg|<div class="broadcast-blue">Curious what those medals under the avatar are? PS now has Ladder Seasons! For more information, check out the <a href="https://www.smogon.com/forums/threads/3740067/">thread on Smogon.</a></div>
|uhtml|medal-msg|<div class="broadcast-blue">Curious what those medals under the avatar are? PS now has Ladder Seasons! For more information, check out the <a href="https://www.smogon.com/forums/threads/3740067/">thread on Smogon.</a></div>
|j|☆these shenanigans
|j|☆PaladinDaniel1
|t:|1757885602
|gametype|singles
|player|p1|these shenanigans|101|
|player|p2|PaladinDaniel1|rr-sneasler|
|teamsize|p1|6
|teamsize|p2|6
|gen|9
|tier|[Gen 9] OU
|rule|Sleep Clause Mod: Limit one foe put to sleep
|rule|Species Clause: Limit one of each Pokémon
|rule|OHKO Clause: OHKO moves are banned
|rule|Evasion Abilities Clause: Evasion abilities are banned
|rule|Evasion Items Clause: Evasion items are banned
|rule|Evasion Moves Clause: Evasion moves are banned
|rule|Endless Battle Clause: Forcing endless battles is banned
|rule|HP Percentage Mod: HP is shown in percentages
|rule|Dynamax Clause: You cannot dynamax
|clearpoke
|poke|p1|Hippowdon, F|
|poke|p1|Dracozolt|
|poke|p1|Cacturne, F|
|poke|p1|Tyranitar, F|
|poke|p1|Mawile, M|
|poke|p1|Milotic-Sevii, F|
|poke|p2|Dragapult, M|
|poke|p2|Mawile, F|
|poke|p2|Dodrio-Sevii, F|
|poke|p2|Meowscarada, F|
|poke|p2|Skarmory, M|
|poke|p2|Pecharunt|
|teampreview
|
|t:|1757885616
|start
|switch|p1a: Mawile|Mawile, M|100/100
|switch|p2a: Meowscarada|Meowscarada, F|100/100
|-ability|p1a: Mawile|Intimidate|boost
|-unboost|p2a: Meowscarada|atk|1
|turn|1
|
|t:|1757885626
|detailschange|p1a: Mawile|Mawile-Mega, M
|-mega|p1a: Mawile|Mawile|Mawilite
|move|p2a: Meowscarada|U-turn|p1a: Mawile
|-start|p2a: Meowscarada|typechange|Bug|[from] ability: Protean
|-resisted|p1a: Mawile
|-damage|p1a: Mawile|96/100
|
|t:|1757885641
|switch|p2a: Dodrio|Dodrio-Sevii, F|100/100|[from] U-turn
|move|p1a: Mawile|Swords Dance|p1a: Mawile
|-boost|p1a: Mawile|atk|2
|
|upkeep
|turn|2
|
|t:|1757885657
|move|p1a: Mawile|Sucker Punch|p2a: Dodrio
|-damage|p2a: Dodrio|0 fnt
|faint|p2a: Dodrio
|
|upkeep
|
|t:|1757885665
|switch|p2a: Dragapult|Dragapult, M|100/100
|turn|3
|
|t:|1757885670
|move|p1a: Mawile|Sucker Punch||[still]
|-fail|p1a: Mawile
|move|p2a: Dragapult|Will-O-Wisp|p1a: Mawile|[miss]
|-miss|p2a: Dragapult|p1a: Mawile
|
|upkeep
|turn|4
|
|t:|1757885676
|move|p2a: Dragapult|Will-O-Wisp|p1a: Mawile
|-status|p1a: Mawile|brn
|move|p1a: Mawile|Swords Dance|p1a: Mawile
|-boost|p1a: Mawile|atk|2
|
|-damage|p1a: Mawile|89/100 brn|[from] brn
|upkeep
|turn|5
|
|t:|1757885689
|move|p1a: Mawile|Sucker Punch|p2a: Dragapult
|-supereffective|p2a: Dragapult
|-damage|p2a: Dragapult|0 fnt
|faint|p2a: Dragapult
|
|-damage|p1a: Mawile|83/100 brn|[from] brn
|upkeep
|
|t:|1757885701
|switch|p2a: Mawile|Mawile, F|100/100
|-ability|p2a: Mawile|Intimidate|boost
|-unboost|p1a: Mawile|atk|1
|turn|6
|
|t:|1757885708
|detailschange|p2a: Mawile|Mawile-Mega, F
|-mega|p2a: Mawile|Mawile|Mawilite
|move|p2a: Mawile|Double Iron Bash|p1a: Mawile
|-damage|p1a: Mawile|33/100 brn
|-damage|p1a: Mawile|0 fnt
|faint|p1a: Mawile
|-hitcount|p1: Mawile|2
|
|upkeep
|
|t:|1757885719
|switch|p1a: Hippowdon|Hippowdon, F|100/100
|-weather|Sandstorm|[from] ability: Sand Stream|[of] p1a: Hippowdon
|turn|7
|
|t:|1757885728
|move|p2a: Mawile|Double Iron Bash|p1a: Hippowdon
|-damage|p1a: Hippowdon|62/100
|-damage|p1a: Hippowdon|20/100
|-hitcount|p1a: Hippowdon|2
|move|p1a: Hippowdon|Earthquake|p2a: Mawile
|-supereffective|p2a: Mawile
|-damage|p2a: Mawile|4/100
|
|-weather|Sandstorm|[upkeep]
|upkeep
|turn|8
|
|t:|1757885737
|move|p2a: Mawile|Double Iron Bash|p1a: Hippowdon
|-damage|p1a: Hippowdon|0 fnt
|faint|p1a: Hippowdon
|-hitcount|p1: Hippowdon|1
|
|-weather|Sandstorm|[upkeep]
|upkeep
|
|t:|1757885738
|switch|p1a: Cacturne|Cacturne, F|100/100
|turn|9
|
|t:|1757885747
|move|p1a: Cacturne|Thunder Punch|p2a: Mawile
|-damage|p2a: Mawile|0 fnt
|faint|p2a: Mawile
|-damage|p1a: Cacturne|91/100|[from] item: Life Orb
|
|-weather|Sandstorm|[upkeep]
|upkeep
|
|t:|1757885758
|switch|p2a: Meowscarada|Meowscarada, F|100/100
|turn|10
|
|t:|1757885771
|move|p2a: Meowscarada|U-turn|p1a: Cacturne
|-start|p2a: Meowscarada|typechange|Bug|[from] ability: Protean
|-supereffective|p1a: Cacturne
|-damage|p1a: Cacturne|0 fnt
|faint|p1a: Cacturne
|
|t:|1757885781
|switch|p2a: Skarmory|Skarmory, M|100/100|[from] U-turn
|
|-weather|Sandstorm|[upkeep]
|upkeep
|
|t:|1757885784
|switch|p1a: Dracozolt|Dracozolt|100/100
|turn|11
|
|t:|1757885801
|move|p1a: Dracozolt|Bolt Beak|p2a: Skarmory
|-supereffective|p2a: Skarmory
|-ability|p2a: Skarmory|Sturdy
|-damage|p2a: Skarmory|1/100
|-damage|p1a: Dracozolt|91/100|[from] item: Life Orb
|move|p2a: Skarmory|Body Press|p1a: Dracozolt
|-damage|p1a: Dracozolt|53/100
|
|-weather|Sandstorm|[upkeep]
|upkeep
|turn|12
|
|t:|1757885819
|move|p1a: Dracozolt|Bolt Beak|p2a: Skarmory
|-supereffective|p2a: Skarmory
|-damage|p2a: Skarmory|0 fnt
|faint|p2a: Skarmory
|-damage|p1a: Dracozolt|43/100|[from] item: Life Orb
|
|-weather|Sandstorm|[upkeep]
|upkeep
|
|t:|1757885837
|switch|p2a: Meowscarada|Meowscarada, F|100/100
|turn|13
|
|t:|1757885847
|move|p2a: Meowscarada|Flower Trick|p1a: Dracozolt
|-start|p2a: Meowscarada|typechange|Grass|[from] ability: Protean
|-resisted|p1a: Dracozolt
|-crit|p1a: Dracozolt
|-damage|p1a: Dracozolt|16/100
|move|p1a: Dracozolt|Draco Barrage|p2a: Meowscarada
|-damage|p2a: Meowscarada|0 fnt
|faint|p2a: Meowscarada
|-damage|p1a: Dracozolt|0 fnt|[from] Recoil
|faint|p1a: Dracozolt
|
|-weather|Sandstorm|[upkeep]
|upkeep
|
|t:|1757885863
|switch|p2a: Pecharunt|Pecharunt|100/100
|switch|p1a: Milotic|Milotic-Sevii, F|100/100
|turn|14
|
|t:|1757885875
|move|p2a: Pecharunt|Malignant Chain|p1a: Milotic
|-damage|p1a: Milotic|71/100
|move|p1a: Milotic|Earth Power|p2a: Pecharunt
|-supereffective|p2a: Pecharunt
|-damage|p2a: Pecharunt|8/100
|
|-weather|none
|-heal|p2a: Pecharunt|14/100|[from] item: Leftovers
|-heal|p1a: Milotic|77/100|[from] item: Leftovers
|upkeep
|turn|15
|
|t:|1757885885
|move|p2a: Pecharunt|Malignant Chain|p1a: Milotic
|-damage|p1a: Milotic|43/100
|move|p1a: Milotic|Earth Power|p2a: Pecharunt
|-supereffective|p2a: Pecharunt
|-damage|p2a: Pecharunt|0 fnt
|faint|p2a: Pecharunt
|
|win|these shenanigans
|c|☆these shenanigans|gg
