|j|☆heatedrhombus
|j|☆Devrai
|t:|1757906487
|gametype|singles
|player|p1|heatedrhombus|2|1436
|player|p2|Devrai|zinnia|1436
|gen|9
|tier|[Gen 9] OU
|rated|
|rule|HP Percentage Mod: HP is shown in percentages
|rule|Endless Battle Clause: Forcing endless battles is banned
|rule|Species Clause: Limit one of each Pokémon
|rule|OHKO Clause: OHKO moves are banned
|rule|Evasion Items Clause: Evasion items are banned
|rule|Evasion Moves Clause: Evasion moves are banned
|rule|Evasion Abilities Clause: Evasion abilities are banned
|rule|Sleep Moves Clause: Sleep-inducing moves are banned
|clearpoke
|poke|p1|Entei|
|poke|p1|Kyurem|
|poke|p1|Gholdengo|
|poke|p1|Zapdos|
|poke|p1|Darkrai|
|poke|p1|Great Tusk|
|poke|p2|Araquanid, M|
|poke|p2|Skeledirge, F|
|poke|p2|Enamorus, F|
|poke|p2|Iron Treads|
|poke|p2|Latios, M|
|poke|p2|Raichu, F|
|teampreview
|inactive|Battle timer is ON: inactive players will automatically lose when time's up. (requested by heatedrhombus)
|
|t:|1757906493
|teamsize|p1|6
|teamsize|p2|6
|start
|switch|p1a: Zapdos|Zapdos|100/100
|switch|p2a: Bubble Buddy|Araquanid, M, shiny|100/100
|-ability|p1a: Zapdos|Pressure
|turn|1
|
|t:|1757906495
|move|p1a: Zapdos|Hurricane|p2a: Bubble Buddy
|-supereffective|p2a: Bubble Buddy
|-damage|p2a: Bubble Buddy|24/100
|move|p2a: Bubble Buddy|Sticky Web|p1a: Zapdos
|-sidestart|p1: heatedrhombus|move: Sticky Web
|
|-heal|p2a: Bubble Buddy|30/100|[from] item: Leftovers
|upkeep
|turn|2
|
|t:|1757906501
|switch|p2a: Ampere|Raichu, F|100/100
|move|p1a: Zapdos|Hurricane|p2a: Ampere
|-resisted|p2a: Ampere
|-damage|p2a: Ampere|60/100
|
|upkeep
|turn|3
|
|t:|1757906508
|move|p2a: Ampere|Surf|p1a: Zapdos
|-damage|p1a: Zapdos|72/100
|-damage|p2a: Ampere|50/100|[from] item: Life Orb
|move|p1a: Zapdos|Hurricane|p2a: Ampere
|-resisted|p2a: Ampere
|-damage|p2a: Ampere|13/100
|
|upkeep
|turn|4
|
|t:|1757906513
|move|p2a: Ampere|Thunderbolt|p1a: Zapdos
|-damage|p1a: Zapdos|25/100
|-damage|p2a: Ampere|4/100|[from] item: Life Orb
|move|p1a: Zapdos|Roost|p1a: Zapdos
|-heal|p1a: Zapdos|75/100
|-singleturn|p1a: Zapdos|move: Roost
|
|upkeep
|turn|5
|
|t:|1757906515
|move|p2a: Ampere|Encore|p1a: Zapdos
|-start|p1a: Zapdos|Encore
|move|p1a: Zapdos|Roost|p1a: Zapdos
|-heal|p1a: Zapdos|100/100
|-singleturn|p1a: Zapdos|move: Roost
|
|upkeep
|turn|6
|
|t:|1757906521
|switch|p1a: Great Tusk|Great Tusk|100/100
|move|p2a: Ampere|Surf|p1a: Great Tusk
|-supereffective|p1a: Great Tusk
|-damage|p1a: Great Tusk|2/100
|-damage|p2a: Ampere|0 fnt|[from] item: Life Orb
|faint|p2a: Ampere
|
|upkeep
|
|t:|1757906526
|switch|p2a: Mistress|Enamorus, F, shiny|100/100
|turn|7
|
|t:|1757906528
|-terastallize|p2a: Mistress|Stellar
|move|p2a: Mistress|Tera Blast|p1a: Great Tusk|[anim] Tera Blast Stellar
|-damage|p1a: Great Tusk|0 fnt
|-boost|p2a: Mistress|atk|1
|-boost|p2a: Mistress|spa|1
|faint|p1a: Great Tusk
|-end|p1a: Great Tusk|Protosynthesis|[silent]
|
|upkeep
|
|t:|1757906534
|switch|p1a: Entei|Entei|100/100
|-ability|p1a: Entei|Pressure
|turn|8
|
|t:|1757906537
|move|p2a: Mistress|Earth Power|p1a: Entei
|-supereffective|p1a: Entei
|-damage|p1a: Entei|0 fnt
|faint|p1a: Entei
|
|upkeep
|
|t:|1757906543
|switch|p1a: Zapdos|Zapdos|100/100
|-ability|p1a: Zapdos|Pressure
|turn|9
|
|t:|1757906546
|move|p2a: Mistress|Tera Blast|p1a: Zapdos|[anim] Tera Blast Stellar
|-damage|p1a: Zapdos|50/100
|-boost|p2a: Mistress|atk|1
|-boost|p2a: Mistress|spa|1
|move|p1a: Zapdos|Thunder Wave|p2a: Mistress
|-status|p2a: Mistress|par
|
|upkeep
|turn|10
|
|t:|1757906551
|move|p1a: Zapdos|Hurricane|p2a: Mistress|[miss]
|-miss|p1a: Zapdos|p2a: Mistress
|cant|p2a: Mistress|par
|
|upkeep
|turn|11
|
|t:|1757906554
|move|p1a: Zapdos|Hurricane|p2a: Mistress
|-damage|p2a: Mistress|56/100 par
|-start|p2a: Mistress|confusion
|-activate|p2a: Mistress|confusion
|move|p2a: Mistress|Tera Blast|p1a: Zapdos|[anim] Tera Blast Stellar
|-damage|p1a: Zapdos|0 fnt
|-boost|p2a: Mistress|atk|1
|-boost|p2a: Mistress|spa|1
|faint|p1a: Zapdos
|
|upkeep
|
|t:|1757906558
|switch|p1a: Kyurem|Kyurem|100/100
|-ability|p1a: Kyurem|Pressure
|turn|12
|
|t:|1757906563
|move|p1a: Kyurem|Freeze-Dry|p2a: Mistress
|-supereffective|p2a: Mistress
|-damage|p2a: Mistress|0 fnt
|faint|p2a: Mistress
|
|upkeep
|
|t:|1757906567
|switch|p2a: King Gator|Skeledirge, F, shiny|100/100
|turn|13
|
|t:|1757906572
|switch|p1a: Darkrai|Darkrai|100/100
|-activate|p1a: Darkrai|move: Sticky Web
|-unboost|p1a: Darkrai|spe|1
|move|p2a: King Gator|Torch Song|p1a: Darkrai
|-damage|p1a: Darkrai|56/100
|-boost|p2a: King Gator|spa|1
|
|upkeep
|turn|14
|
|t:|1757906580
|move|p1a: Darkrai|Knock Off|p2a: King Gator
|-supereffective|p2a: King Gator
|-damage|p2a: King Gator|16/100
|-enditem|p2a: King Gator|Leftovers|[from] move: Knock Off|[of] p1a: Darkrai
|move|p2a: King Gator|Torch Song|p1a: Darkrai
|-damage|p1a: Darkrai|0 fnt
|-boost|p2a: King Gator|spa|1
|faint|p1a: Darkrai
|
|upkeep
|
|t:|1757906587
|switch|p1a: Kyurem|Kyurem|100/100
|-ability|p1a: Kyurem|Pressure
|turn|15
|
|t:|1757906589
|move|p1a: Kyurem|Freeze-Dry|p2a: King Gator
|-resisted|p2a: King Gator
|-damage|p2a: King Gator|2/100
|move|p2a: King Gator|Torch Song|p1a: Kyurem
|-damage|p1a: Kyurem|41/100
|-boost|p2a: King Gator|spa|1
|
|upkeep
|turn|16
|
|t:|1757906593
|move|p1a: Kyurem|Freeze-Dry|p2a: King Gator
|-resisted|p2a: King Gator
|-damage|p2a: King Gator|0 fnt
|faint|p2a: King Gator
|
|upkeep
|
|t:|1757906595
|switch|p2a: Jet Lag|Latios, M, shiny|100/100
|turn|17
|
|t:|1757906600
|switch|p1a: Gholdengo|Gholdengo|100/100
|-activate|p1a: Gholdengo|move: Sticky Web
|-unboost|p1a: Gholdengo|spe|1
|move|p2a: Jet Lag|Luster Purge|p1a: Gholdengo
|-resisted|p1a: Gholdengo
|-damage|p1a: Gholdengo|71/100
|-unboost|p1a: Gholdengo|spd|1
|
|upkeep
|turn|18
|
|t:|1757906604
|move|p2a: Jet Lag|Luster Purge|p1a: Gholdengo
|-resisted|p1a: Gholdengo
|-damage|p1a: Gholdengo|29/100
|move|p1a: Gholdengo|Shadow Ball|p2a: Jet Lag
|-supereffective|p2a: Jet Lag
|-damage|p2a: Jet Lag|0 fnt
|faint|p2a: Jet Lag
|
|upkeep
|
|t:|1757906607
|switch|p2a: Treadmill|Iron Treads, shiny|100/100
|turn|19
|
|t:|1757906610
|move|p2a: Treadmill|Earthquake|p1a: Gholdengo
|-supereffective|p1a: Gholdengo
|-damage|p1a: Gholdengo|0 fnt
|faint|p1a: Gholdengo
|
|upkeep
|
|t:|1757906611
|switch|p1a: Kyurem|Kyurem|41/100
|-ability|p1a: Kyurem|Pressure
|turn|20
|
|t:|1757906618
|-terastallize|p1a: Kyurem|Ghost
|move|p2a: Treadmill|Earthquake|p1a: Kyurem
|-damage|p1a: Kyurem|0 fnt
|faint|p1a: Kyurem
|
|win|Devrai
|raw|heatedrhombus's rating: 1436 &rarr; <strong>1416</strong><br />(-20 for losing)
|raw|Devrai's rating: 1436 &rarr; <strong>1456</strong><br />(+20 for winning)
|l|☆heatedrhombus
|player|p1|
|l|☆Devrai
|player|p2|
