|j|☆swiscool
|j|☆KingPikaPika
|t:|1757947717
|gametype|singles
|player|p1|swiscool|2|1661
|player|p2|KingPikaPika|pokekid|1796
|gen|9
|tier|[Gen 9] OU
|rated|
|rule|HP Percentage Mod: HP is shown in percentages
|rule|Endless Battle Clause: Forcing endless battles is banned
|rule|Species Clause: Limit one of each Pokémon
|rule|OHKO Clause: OHKO moves are banned
|rule|Evasion Items Clause: Evasion items are banned
|rule|Evasion Moves Clause: Evasion moves are banned
|rule|Evasion Abilities Clause: Evasion abilities are banned
|rule|Sleep Moves Clause: Sleep-inducing moves are banned
|clearpoke
|poke|p1|Kingambit, M|
|poke|p1|Ogerpon-Wellspring, F|
|poke|p1|Landorus-Therian, M|
|poke|p1|Hatterene, F|
|poke|p1|Weavile, F|
|poke|p1|Darkrai|
|poke|p2|Landorus-Therian, M|
|poke|p2|Clefable, M|
|poke|p2|Iron Treads|
|poke|p2|Dragapult, M|
|poke|p2|Ceruledge, F|
|poke|p2|Darkrai|
|teampreview
|inactive|Battle timer is ON: inactive players will automatically lose when time's up. (requested by KingPikaPika)
|
|t:|1757947742
|teamsize|p1|6
|teamsize|p2|6
|start
|switch|p1a: Landorus|Landorus-Therian, M|100/100
|switch|p2a: Iron Treads|Iron Treads|100/100
|-ability|p1a: Landorus|Intimidate|boost
|-unboost|p2a: Iron Treads|atk|1
|-enditem|p2a: Iron Treads|Booster Energy
|-activate|p2a: Iron Treads|ability: Quark Drive|[fromitem]
|-start|p2a: Iron Treads|quarkdrivespe
|turn|1
|
|t:|1757947745
|move|p2a: Iron Treads|Stealth Rock|p1a: Landorus
|-sidestart|p1: swiscool|move: Stealth Rock
|move|p1a: Landorus|Stealth Rock|p2a: Iron Treads
|-sidestart|p2: KingPikaPika|move: Stealth Rock
|
|upkeep
|turn|2
|
|t:|1757947750
|move|p2a: Iron Treads|Rapid Spin|p1a: Landorus
|-damage|p1a: Landorus|95/100
|-boost|p2a: Iron Treads|spe|1
|-damage|p2a: Iron Treads|84/100|[from] item: Rocky Helmet|[of] p1a: Landorus
|-sideend|p2: KingPikaPika|Stealth Rock|[from] move: Rapid Spin|[of] p2a: Iron Treads
|move|p1a: Landorus|Earth Power|p2a: Iron Treads
|-supereffective|p2a: Iron Treads
|-damage|p2a: Iron Treads|0 fnt
|faint|p2a: Iron Treads
|-end|p2a: Iron Treads|Quark Drive|[silent]
|
|upkeep
|
|t:|1757947756
|switch|p2a: Darkrai|Darkrai|100/100
|turn|3
|
|t:|1757947765
|switch|p1a: Weavile|Weavile, F|100/100
|-ability|p1a: Weavile|Pressure
|move|p2a: Darkrai|Ice Beam|p1a: Weavile
|-resisted|p1a: Weavile
|-damage|p1a: Weavile|77/100
|
|upkeep
|turn|4
|
|t:|1757947778
|move|p2a: Darkrai|Ice Beam|p1a: Weavile
|-resisted|p1a: Weavile
|-damage|p1a: Weavile|53/100
|move|p1a: Weavile|Triple Axel|p2a: Darkrai
|-damage|p2a: Darkrai|86/100
|-damage|p2a: Darkrai|60/100
|-hitcount|p2a: Darkrai|2
|
|upkeep
|turn|5
|
|t:|1757947789
|switch|p2a: Ceruledge|Ceruledge, F|100/100
|move|p1a: Weavile|Swords Dance|p1a: Weavile
|-boost|p1a: Weavile|atk|2
|
|upkeep
|turn|6
|
|t:|1757947795
|move|p1a: Weavile|Knock Off|p2a: Ceruledge
|-supereffective|p2a: Ceruledge
|-enditem|p2a: Ceruledge|Focus Sash
|-damage|p2a: Ceruledge|1/100
|-ability|p2a: Ceruledge|Weak Armor|boost
|-unboost|p2a: Ceruledge|def|1
|-boost|p2a: Ceruledge|spe|2
|move|p2a: Ceruledge|Bitter Blade|p1a: Weavile
|-supereffective|p1a: Weavile
|-damage|p1a: Weavile|0 fnt
|-heal|p2a: Ceruledge|26/100|[from] drain|[of] p1a: Weavile
|faint|p1a: Weavile
|
|upkeep
|
|t:|1757947809
|switch|p1a: Darkrai|Darkrai|100/100
|-damage|p1a: Darkrai|88/100|[from] Stealth Rock
|turn|7
|
|t:|1757947813
|move|p2a: Ceruledge|Bitter Blade|p1a: Darkrai
|-damage|p1a: Darkrai|24/100
|-heal|p2a: Ceruledge|57/100|[from] drain|[of] p1a: Darkrai
|move|p1a: Darkrai|Dark Pulse|p2a: Ceruledge
|-supereffective|p2a: Ceruledge
|-damage|p2a: Ceruledge|0 fnt
|faint|p2a: Ceruledge
|
|upkeep
|
|t:|1757947821
|switch|p2a: Darkrai|Darkrai|60/100
|turn|8
|
|t:|1757947826
|move|p2a: Darkrai|Trick|p1a: Darkrai
|-activate|p2a: Darkrai|move: Trick|[of] p1a: Darkrai
|-item|p1a: Darkrai|Choice Scarf|[from] move: Trick
|-item|p2a: Darkrai|Choice Scarf|[from] move: Trick
|move|p1a: Darkrai|Dark Pulse|p2a: Darkrai
|-resisted|p2a: Darkrai
|-damage|p2a: Darkrai|31/100
|
|upkeep
|turn|9
|
|t:|1757947834
|move|p1a: Darkrai|Dark Pulse|p2a: Darkrai
|-resisted|p2a: Darkrai
|-damage|p2a: Darkrai|4/100
|move|p2a: Darkrai|Ice Beam|p1a: Darkrai
|-damage|p1a: Darkrai|0 fnt
|faint|p1a: Darkrai
|
|upkeep
|
|t:|1757947842
|switch|p1a: Kingambit|Kingambit, M|100/100
|-damage|p1a: Kingambit|94/100|[from] Stealth Rock
|-activate|p1a: Kingambit|ability: Supreme Overlord
|-start|p1a: Kingambit|fallen2|[silent]
|turn|10
|
|t:|1757947845
|switch|p2a: Dragapult|Dragapult, M|100/100
|move|p1a: Kingambit|Swords Dance|p1a: Kingambit
|-boost|p1a: Kingambit|atk|2
|
|-heal|p1a: Kingambit|100/100|[from] item: Leftovers
|upkeep
|turn|11
|
|t:|1757947849
|move|p2a: Dragapult|Reflect|p2a: Dragapult
|-sidestart|p2: KingPikaPika|Reflect
|move|p1a: Kingambit|Kowtow Cleave|p2a: Dragapult
|-supereffective|p2a: Dragapult
|-damage|p2a: Dragapult|0 fnt
|faint|p2a: Dragapult
|
|upkeep
|
|t:|1757947851
|switch|p2a: Landorus|Landorus-Therian, M|100/100
|-ability|p2a: Landorus|Intimidate|boost
|-unboost|p1a: Kingambit|atk|1
|turn|12
|
|t:|1757947857
|-terastallize|p1a: Kingambit|Fairy
|move|p2a: Landorus|Bulk Up|p2a: Landorus
|-boost|p2a: Landorus|atk|1
|-boost|p2a: Landorus|def|1
|move|p1a: Kingambit|Swords Dance|p1a: Kingambit
|-boost|p1a: Kingambit|atk|2
|
|upkeep
|turn|13
|
|t:|1757947863
|move|p2a: Landorus|Earthquake|p1a: Kingambit
|-damage|p1a: Kingambit|46/100
|move|p1a: Kingambit|Kowtow Cleave|p2a: Landorus
|-damage|p2a: Landorus|55/100
|
|-heal|p2a: Landorus|61/100|[from] item: Leftovers
|-heal|p1a: Kingambit|53/100|[from] item: Leftovers
|upkeep
|turn|14
|
|t:|1757947869
|move|p2a: Landorus|Earthquake|p1a: Kingambit
|-damage|p1a: Kingambit|2/100
|move|p1a: Kingambit|Kowtow Cleave|p2a: Landorus
|-damage|p2a: Landorus|12/100
|
|-heal|p2a: Landorus|18/100|[from] item: Leftovers
|-heal|p1a: Kingambit|8/100|[from] item: Leftovers
|upkeep
|turn|15
|
|t:|1757947872
|move|p2a: Landorus|Earthquake|p1a: Kingambit
|-damage|p1a: Kingambit|0 fnt
|faint|p1a: Kingambit
|-end|p1a: Kingambit|fallen2|[silent]
|
|-heal|p2a: Landorus|24/100|[from] item: Leftovers
|upkeep
|
|t:|1757947876
|switch|p1a: Ogerpon|Ogerpon-Wellspring, F|100/100
|-damage|p1a: Ogerpon|88/100|[from] Stealth Rock
|turn|16
|
|t:|1757947879
|move|p1a: Ogerpon|Ivy Cudgel|p2a: Landorus|[anim] Ivy Cudgel Water
|-supereffective|p2a: Landorus
|-damage|p2a: Landorus|0 fnt
|faint|p2a: Landorus
|
|upkeep
|
|t:|1757947885
|switch|p2a: Clefable|Clefable, M|100/100
|turn|17
|
|t:|1757947889
|move|p1a: Ogerpon|Spikes|p2a: Clefable
|-sidestart|p2: KingPikaPika|Spikes
|move|p2a: Clefable|Cosmic Power|p2a: Clefable
|-boost|p2a: Clefable|def|1
|-boost|p2a: Clefable|spd|1
|
|upkeep
|turn|18
|
|t:|1757947892
|switch|p1a: Landorus|Landorus-Therian, M|95/100
|-damage|p1a: Landorus|82/100|[from] Stealth Rock
|-ability|p1a: Landorus|Intimidate|boost
|-unboost|p2a: Clefable|atk|1
|move|p2a: Clefable|Moonblast|p1a: Landorus
|-damage|p1a: Landorus|49/100
|
|-sideend|p2: KingPikaPika|Reflect
|upkeep
|turn|19
|j| Dionysos
|
|t:|1757947895
|move|p1a: Landorus|Taunt|p2a: Clefable
|-start|p2a: Clefable|move: Taunt
|move|p2a: Clefable|Moonblast|p1a: Landorus
|-damage|p1a: Landorus|13/100
|-unboost|p1a: Landorus|spa|1
|
|upkeep
|turn|20
|l| Dionysos
|
|t:|1757947901
|move|p1a: Landorus|Earth Power|p2a: Clefable
|-damage|p2a: Clefable|79/100
|move|p2a: Clefable|Moonblast|p1a: Landorus
|-damage|p1a: Landorus|0 fnt
|faint|p1a: Landorus
|
|-heal|p2a: Clefable|85/100|[from] item: Leftovers
|upkeep
|
|t:|1757947903
|switch|p1a: Hatterene|Hatterene, F|100/100
|turn|21
|
|t:|1757947907
|move|p2a: Clefable|Moonblast|p1a: Hatterene
|-damage|p1a: Hatterene|67/100
|move|p1a: Hatterene|Nuzzle|p2a: Clefable
|-damage|p2a: Clefable|83/100
|-status|p2a: Clefable|par
|
|-heal|p2a: Clefable|89/100 par|[from] item: Leftovers
|-end|p2a: Clefable|move: Taunt
|upkeep
|turn|22
|
|t:|1757947911
|move|p1a: Hatterene|Psychic Noise|p2a: Clefable
|-damage|p2a: Clefable|66/100 par
|-start|p2a: Clefable|move: Heal Block
|move|p2a: Clefable|Cosmic Power|p2a: Clefable
|-boost|p2a: Clefable|def|1
|-boost|p2a: Clefable|spd|1
|
|upkeep
|turn|23
|
|t:|1757947918
|move|p1a: Hatterene|Psychic Noise|p2a: Clefable
|-damage|p2a: Clefable|51/100 par
|move|p2a: Clefable|Moonblast|p1a: Hatterene
|-damage|p1a: Hatterene|35/100
|
|-end|p2a: Clefable|move: Heal Block
|upkeep
|turn|24
|
|t:|1757947924
|move|p1a: Hatterene|Psychic Noise|p2a: Clefable
|-damage|p2a: Clefable|36/100 par
|-start|p2a: Clefable|move: Heal Block
|move|p2a: Clefable|Moonblast|p1a: Hatterene
|-damage|p1a: Hatterene|3/100
|
|upkeep
|turn|25
|
|t:|1757947928
|move|p1a: Hatterene|Psychic Noise|p2a: Clefable
|-damage|p2a: Clefable|20/100 par
|move|p2a: Clefable|Moonblast|p1a: Hatterene
|-damage|p1a: Hatterene|0 fnt
|faint|p1a: Hatterene
|
|-end|p2a: Clefable|move: Heal Block
|upkeep
|
|t:|1757947931
|switch|p1a: Ogerpon|Ogerpon-Wellspring, F|88/100
|-damage|p1a: Ogerpon|76/100|[from] Stealth Rock
|turn|26
|
|t:|1757947933
|move|p1a: Ogerpon|Ivy Cudgel|p2a: Clefable|[anim] Ivy Cudgel Water
|-damage|p2a: Clefable|0 fnt
|faint|p2a: Clefable
|
|upkeep
|-message|KingPikaPika forfeited.
|
|win|swiscool
|raw|swiscool's rating: 1661 &rarr; <strong>1688</strong><br />(+27 for winning)
|raw|KingPikaPika's rating: 1796 &rarr; <strong>1769</strong><br />(-27 for losing)
|l|☆KingPikaPika
|player|p2|
