|j|☆Tetedebois
|j|☆Free6lackpanther
|t:|1757897891
|gametype|singles
|player|p1|Tetedebois|2|1381
|player|p2|Free6lackpanther|2|1388
|gen|9
|tier|[Gen 9] OU
|rated|
|rule|HP Percentage Mod: HP is shown in percentages
|rule|Endless Battle Clause: Forcing endless battles is banned
|rule|Species Clause: Limit one of each Pokémon
|rule|OHKO Clause: OHKO moves are banned
|rule|Evasion Items Clause: Evasion items are banned
|rule|Evasion Moves Clause: Evasion moves are banned
|rule|Evasion Abilities Clause: Evasion abilities are banned
|rule|Sleep Moves Clause: Sleep-inducing moves are banned
|clearpoke
|poke|p1|Great Tusk|
|poke|p1|Gholdengo|
|poke|p1|Iron Valiant|
|poke|p1|Kingambit, M|
|poke|p1|Raging Bolt|
|poke|p1|Ogerpon-Wellspring, F|
|poke|p2|Rotom-Wash|
|poke|p2|Ninetales-Alola, F|
|poke|p2|Exeggutor-Alola, M|
|poke|p2|Tyranitar, F|
|poke|p2|Dragonite, F|
|poke|p2|Scizor, F|
|teampreview
|inactive|Battle timer is ON: inactive players will automatically lose when time's up. (requested by Free6lackpanther)
|inactive|Tetedebois has 120 seconds left.
|
|t:|1757897933
|teamsize|p1|6
|teamsize|p2|6
|start
|switch|p1a: Great Tusk|Great Tusk|100/100
|switch|p2a: Rotom|Rotom-Wash|100/100
|-enditem|p1a: Great Tusk|Booster Energy
|-activate|p1a: Great Tusk|ability: Protosynthesis|[fromitem]
|-start|p1a: Great Tusk|protosynthesisatk
|turn|1
|
|t:|1757897942
|move|p1a: Great Tusk|Stealth Rock|p2a: Rotom
|-sidestart|p2: Free6lackpanther|move: Stealth Rock
|move|p2a: Rotom|Hydro Pump|p1a: Great Tusk
|-supereffective|p1a: Great Tusk
|-damage|p1a: Great Tusk|0 fnt
|faint|p1a: Great Tusk
|-end|p1a: Great Tusk|Protosynthesis|[silent]
|
|upkeep
|
|t:|1757897953
|switch|p1a: Ciao|Ogerpon-Wellspring, F|100/100
|turn|2
|
|t:|1757897958
|move|p1a: Ciao|Swords Dance|p1a: Ciao
|-boost|p1a: Ciao|atk|2
|move|p2a: Rotom|Will-O-Wisp|p1a: Ciao
|-status|p1a: Ciao|brn
|
|-damage|p1a: Ciao|95/100 brn|[from] brn
|upkeep
|turn|3
|
|t:|1757897969
|move|p1a: Ciao|Swords Dance|p1a: Ciao
|-boost|p1a: Ciao|atk|2
|move|p2a: Rotom|Volt Switch|p1a: Ciao
|-damage|p1a: Ciao|66/100 brn
|
|t:|1757897977
|switch|p2a: Scizor|Scizor, F|100/100|[from] Volt Switch
|-damage|p2a: Scizor|88/100|[from] Stealth Rock
|
|-heal|p2a: Scizor|94/100|[from] item: Leftovers
|-damage|p1a: Ciao|60/100 brn|[from] brn
|upkeep
|turn|4
|
|t:|1757897995
|move|p1a: Ciao|Ivy Cudgel|p2a: Scizor|[anim] Ivy Cudgel Water
|-damage|p2a: Scizor|0 fnt
|faint|p2a: Scizor
|
|-damage|p1a: Ciao|54/100 brn|[from] brn
|upkeep
|
|t:|1757898005
|switch|p2a: Ninetales|Ninetales-Alola, F|100/100
|-damage|p2a: Ninetales|76/100|[from] Stealth Rock
|-weather|Snowscape|[from] ability: Snow Warning|[of] p2a: Ninetales
|turn|5
|
|t:|1757898012
|move|p1a: Ciao|Ivy Cudgel|p2a: Ninetales|[anim] Ivy Cudgel Water
|-damage|p2a: Ninetales|0 fnt
|faint|p2a: Ninetales
|
|-weather|Snowscape|[upkeep]
|-damage|p1a: Ciao|48/100 brn|[from] brn
|upkeep
|
|t:|1757898020
|switch|p2a: Dragonite|Dragonite, F|100/100
|-damage|p2a: Dragonite|76/100|[from] Stealth Rock
|turn|6
|
|t:|1757898027
|-terastallize|p2a: Dragonite|Normal
|move|p2a: Dragonite|Extreme Speed|p1a: Ciao
|-damage|p1a: Ciao|0 fnt
|faint|p1a: Ciao
|
|-weather|Snowscape|[upkeep]
|-heal|p2a: Dragonite|82/100|[from] item: Leftovers
|upkeep
|
|t:|1757898047
|switch|p1a: Iron Valiant|Iron Valiant|100/100
|-enditem|p1a: Iron Valiant|Booster Energy
|-activate|p1a: Iron Valiant|ability: Quark Drive|[fromitem]
|-start|p1a: Iron Valiant|quarkdrivespe
|turn|7
|
|t:|1757898066
|switch|p2a: Tyranitar|Tyranitar, F|100/100
|-damage|p2a: Tyranitar|88/100|[from] Stealth Rock
|-weather|Sandstorm|[from] ability: Sand Stream|[of] p2a: Tyranitar
|move|p1a: Iron Valiant|Encore||[still]
|-fail|p1a: Iron Valiant
|
|-weather|Sandstorm|[upkeep]
|-damage|p1a: Iron Valiant|94/100|[from] Sandstorm
|upkeep
|turn|8
|inactive|Tetedebois has 120 seconds left.
|
|t:|1757898086
|-end|p1a: Iron Valiant|Quark Drive|[silent]
|switch|p1a: Sayonara|Kingambit, M|100/100
|-activate|p1a: Sayonara|ability: Supreme Overlord
|-start|p1a: Sayonara|fallen2|[silent]
|move|p2a: Tyranitar|Heavy Slam|p1a: Sayonara
|-resisted|p1a: Sayonara
|-damage|p1a: Sayonara|94/100
|
|-weather|Sandstorm|[upkeep]
|upkeep
|turn|9
|inactive|Tetedebois has 120 seconds left.
|
|t:|1757898117
|move|p1a: Sayonara|Low Kick|p2a: Tyranitar
|-supereffective|p2a: Tyranitar
|-damage|p2a: Tyranitar|0 fnt
|faint|p2a: Tyranitar
|
|-weather|Sandstorm|[upkeep]
|upkeep
|
|t:|1757898128
|switch|p2a: Rotom|Rotom-Wash|100/100
|-damage|p2a: Rotom|88/100|[from] Stealth Rock
|turn|10
|
|t:|1757898139
|-end|p1a: Sayonara|fallen2|[silent]
|switch|p1a: Tschüss|Raging Bolt|100/100
|-enditem|p1a: Tschüss|Booster Energy
|-activate|p1a: Tschüss|ability: Protosynthesis|[fromitem]
|-start|p1a: Tschüss|protosynthesisspa
|move|p2a: Rotom|Volt Switch|p1a: Tschüss
|-resisted|p1a: Tschüss
|-damage|p1a: Tschüss|94/100
|
|t:|1757898147
|switch|p2a: Exeggutor|Exeggutor-Alola, M|100/100|[from] Volt Switch
|-damage|p2a: Exeggutor|88/100|[from] Stealth Rock
|
|-weather|Sandstorm|[upkeep]
|-damage|p1a: Tschüss|88/100|[from] Sandstorm
|-damage|p2a: Exeggutor|82/100|[from] Sandstorm
|upkeep
|turn|11
|
|t:|1757898167
|-terastallize|p1a: Tschüss|Fairy
|move|p1a: Tschüss|Calm Mind|p1a: Tschüss
|-boost|p1a: Tschüss|spa|1
|-boost|p1a: Tschüss|spd|1
|move|p2a: Exeggutor|Energy Ball|p1a: Tschüss
|-damage|p1a: Tschüss|57/100
|
|-weather|none
|upkeep
|turn|12
|
|t:|1757898178
|move|p1a: Tschüss|Dragon Pulse|p2a: Exeggutor
|-supereffective|p2a: Exeggutor
|-damage|p2a: Exeggutor|0 fnt
|faint|p2a: Exeggutor
|
|upkeep
|
|t:|1757898187
|switch|p2a: Dragonite|Dragonite, F, tera:Normal|82/100
|-damage|p2a: Dragonite|69/100|[from] Stealth Rock
|turn|13
|inactive|Tetedebois has 120 seconds left.
|
|t:|1757898202
|move|p1a: Tschüss|Thunderbolt|p2a: Dragonite
|-damage|p2a: Dragonite|0 fnt
|faint|p2a: Dragonite
|
|upkeep
|
|t:|1757898207
|switch|p2a: Rotom|Rotom-Wash|88/100
|-damage|p2a: Rotom|75/100|[from] Stealth Rock
|turn|14
|
|t:|1757898212
|move|p1a: Tschüss|Thunderbolt|p2a: Rotom
|-damage|p2a: Rotom|0 fnt
|faint|p2a: Rotom
|
|win|Tetedebois
|raw|Tetedebois's rating: 1381 &rarr; <strong>1401</strong><br />(+20 for winning)
|raw|Free6lackpanther's rating: 1388 &rarr; <strong>1368</strong><br />(-20 for losing)
|l|☆Free6lackpanther
|player|p2|
|l|☆Tetedebois
|player|p1|
