|j|☆lpclpc6600
|j|☆dracovishal
|t:|1757824046
|gametype|singles
|player|p1|lpclpc6600|red|1437
|player|p2|dracovishal|102|1493
|gen|9
|tier|[Gen 9] OU
|rated|
|rule|HP Percentage Mod: HP is shown in percentages
|rule|Endless Battle Clause: Forcing endless battles is banned
|rule|Species Clause: Limit one of each Pokémon
|rule|OHKO Clause: OHKO moves are banned
|rule|Evasion Items Clause: Evasion items are banned
|rule|Evasion Moves Clause: Evasion moves are banned
|rule|Evasion Abilities Clause: Evasion abilities are banned
|rule|Sleep Moves Clause: Sleep-inducing moves are banned
|clearpoke
|poke|p1|Pelipper, F|
|poke|p1|Raging Bolt|
|poke|p1|Ogerpon-Wellspring, F|
|poke|p1|Moltres|
|poke|p1|Iron Treads|
|poke|p1|Iron Valiant|
|poke|p2|Ribombee, F|
|poke|p2|Great Tusk|
|poke|p2|Gholdengo|
|poke|p2|Manaphy|
|poke|p2|Kingambit, M|
|poke|p2|Iron Valiant|
|teampreview
|inactive|Battle timer is ON: inactive players will automatically lose when time's up. (requested by dracovishal)
|
|t:|1757824052
|teamsize|p1|6
|teamsize|p2|6
|start
|switch|p1a: Pelipper|Pelipper, F|100/100
|switch|p2a: Ribombee|Ribombee, F|100/100
|-weather|RainDance|[from] ability: Drizzle|[of] p1a: Pelipper
|turn|1
|
|t:|1757824057
|switch|p1a: Iron Treads|Iron Treads|100/100
|move|p2a: Ribombee|Sticky Web|p1a: Iron Treads
|-sidestart|p1: lpclpc6600|move: Sticky Web
|
|-weather|RainDance|[upkeep]
|upkeep
|turn|2
|
|t:|1757824061
|switch|p2a: Gholdengo|Gholdengo|100/100
|-item|p2a: Gholdengo|Air Balloon
|move|p1a: Iron Treads|Knock Off|p2a: Gholdengo
|-supereffective|p2a: Gholdengo
|-damage|p2a: Gholdengo|45/100
|-enditem|p2a: Gholdengo|Air Balloon
|
|-weather|RainDance|[upkeep]
|upkeep
|turn|3
|
|t:|1757824069
|move|p1a: Iron Treads|Earthquake|p2a: Gholdengo
|-supereffective|p2a: Gholdengo
|-damage|p2a: Gholdengo|0 fnt
|faint|p2a: Gholdengo
|
|-weather|RainDance|[upkeep]
|upkeep
|
|t:|1757824072
|switch|p2a: Manaphy|Manaphy|100/100
|turn|4
|
|t:|1757824084
|move|p1a: Iron Treads|Rapid Spin|p2a: Manaphy
|-damage|p2a: Manaphy|86/100
|-boost|p1a: Iron Treads|spe|1
|-sideend|p1: lpclpc6600|Sticky Web|[from] move: Rapid Spin|[of] p1a: Iron Treads
|move|p2a: Manaphy|Surf|p1a: Iron Treads
|-supereffective|p1a: Iron Treads
|-damage|p1a: Iron Treads|24/100
|
|-weather|RainDance|[upkeep]
|-heal|p2a: Manaphy|93/100|[from] item: Leftovers
|upkeep
|turn|5
|
|t:|1757824089
|switch|p2a: Ribombee|Ribombee, F|100/100
|move|p1a: Iron Treads|Volt Switch|p2a: Ribombee
|-damage|p2a: Ribombee|81/100
|
|t:|1757824108
|-end|p1a: Iron Treads|Quark Drive|[silent]
|switch|p1a: Ogerpon|Ogerpon-Wellspring, F|100/100|[from] Volt Switch
|
|-weather|RainDance|[upkeep]
|upkeep
|turn|6
|
|t:|1757824135
|-terastallize|p1a: Ogerpon|Water
|detailschange|p1a: Ogerpon|Ogerpon-Wellspring-Tera, F, tera:Water
|-ability|p1a: Ogerpon|Embody Aspect (Wellspring)|boost
|-boost|p1a: Ogerpon|spd|1
|move|p2a: Ribombee|Sticky Web|p1a: Ogerpon
|-sidestart|p1: lpclpc6600|move: Sticky Web
|move|p1a: Ogerpon|Ivy Cudgel|p2a: Ribombee|[anim] Ivy Cudgel Water
|-damage|p2a: Ribombee|0 fnt
|faint|p2a: Ribombee
|
|-weather|RainDance|[upkeep]
|upkeep
|
|t:|1757824143
|switch|p2a: Iron Valiant|Iron Valiant|100/100
|-enditem|p2a: Iron Valiant|Booster Energy
|-activate|p2a: Iron Valiant|ability: Quark Drive|[fromitem]
|-start|p2a: Iron Valiant|quarkdrivespe
|turn|7
|
|t:|1757824146
|move|p2a: Iron Valiant|Moonblast|p1a: Ogerpon
|-damage|p1a: Ogerpon|63/100
|-unboost|p1a: Ogerpon|spa|1
|move|p1a: Ogerpon|Ivy Cudgel|p2a: Iron Valiant|[anim] Ivy Cudgel Water
|-damage|p2a: Iron Valiant|0 fnt
|faint|p2a: Iron Valiant
|-end|p2a: Iron Valiant|Quark Drive|[silent]
|
|-weather|RainDance|[upkeep]
|upkeep
|
|t:|1757824162
|switch|p2a: Kingambit|Kingambit, M|100/100
|-activate|p2a: Kingambit|ability: Supreme Overlord
|-start|p2a: Kingambit|fallen3|[silent]
|-item|p2a: Kingambit|Air Balloon
|turn|8
|
|t:|1757824165
|move|p2a: Kingambit|Sucker Punch|p1a: Ogerpon
|-damage|p1a: Ogerpon|0 fnt
|faint|p1a: Ogerpon
|detailschange|p1: Ogerpon|Ogerpon-Wellspring, F|[silent]
|
|-weather|none
|upkeep
|
|t:|1757824176
|switch|p1a: Moltres|Moltres|100/100
|turn|9
|
|t:|1757824182
|-end|p2a: Kingambit|fallen3|[silent]
|switch|p2a: Manaphy|Manaphy|93/100
|move|p1a: Moltres|U-turn|p2a: Manaphy
|-damage|p2a: Manaphy|79/100
|
|t:|1757824187
|switch|p1a: Raging Bolt|Raging Bolt|100/100|[from] U-turn
|
|-heal|p2a: Manaphy|85/100|[from] item: Leftovers
|upkeep
|turn|10
|
|t:|1757824202
|switch|p2a: Great Tusk|Great Tusk|100/100
|-enditem|p2a: Great Tusk|Booster Energy
|-activate|p2a: Great Tusk|ability: Protosynthesis|[fromitem]
|-start|p2a: Great Tusk|protosynthesisatk
|move|p1a: Raging Bolt|Volt Switch|p2a: Great Tusk
|-immune|p2a: Great Tusk
|
|upkeep
|turn|11
|
|t:|1757824206
|-end|p1a: Raging Bolt|Protosynthesis|[silent]
|switch|p1a: Moltres|Moltres|100/100
|move|p2a: Great Tusk|Head Smash|p1a: Moltres
|-supereffective|p1a: Moltres
|-damage|p1a: Moltres|0 fnt
|faint|p1a: Moltres
|-damage|p2a: Great Tusk|49/100|[from] Recoil
|
|upkeep
|
|t:|1757824234
|switch|p1a: Iron Valiant|Iron Valiant|100/100
|-activate|p1a: Iron Valiant|move: Sticky Web
|-unboost|p1a: Iron Valiant|spe|1
|-enditem|p1a: Iron Valiant|Booster Energy
|-activate|p1a: Iron Valiant|ability: Quark Drive|[fromitem]
|-start|p1a: Iron Valiant|quarkdrivespa
|turn|12
|
|t:|1757824245
|move|p2a: Great Tusk|Headlong Rush|p1a: Iron Valiant
|-damage|p1a: Iron Valiant|0 fnt
|-unboost|p2a: Great Tusk|def|1
|-unboost|p2a: Great Tusk|spd|1
|faint|p1a: Iron Valiant
|-end|p1a: Iron Valiant|Quark Drive|[silent]
|
|upkeep
|
|t:|1757824249
|switch|p1a: Pelipper|Pelipper, F|100/100
|-weather|RainDance|[from] ability: Drizzle|[of] p1a: Pelipper
|turn|13
|
|t:|1757824253
|move|p2a: Great Tusk|Head Smash|p1a: Pelipper|[miss]
|-miss|p2a: Great Tusk|p1a: Pelipper
|move|p1a: Pelipper|Hurricane|p2a: Great Tusk
|-supereffective|p2a: Great Tusk
|-crit|p2a: Great Tusk
|-damage|p2a: Great Tusk|0 fnt
|faint|p2a: Great Tusk
|-end|p2a: Great Tusk|Protosynthesis|[silent]
|
|-weather|RainDance|[upkeep]
|upkeep
|
|t:|1757824256
|switch|p2a: Manaphy|Manaphy|85/100
|turn|14
|
|t:|1757824263
|move|p2a: Manaphy|Tail Glow|p2a: Manaphy
|-boost|p2a: Manaphy|spa|3
|move|p1a: Pelipper|Hurricane|p2a: Manaphy
|-damage|p2a: Manaphy|49/100
|-start|p2a: Manaphy|confusion
|
|-weather|RainDance|[upkeep]
|-heal|p2a: Manaphy|55/100|[from] item: Leftovers
|upkeep
|turn|15
|
|t:|1757824269
|switch|p1a: Iron Treads|Iron Treads|24/100
|-activate|p1a: Iron Treads|move: Sticky Web
|-unboost|p1a: Iron Treads|spe|1
|-activate|p2a: Manaphy|confusion
|move|p2a: Manaphy|Alluring Voice|p1a: Iron Treads
|-resisted|p1a: Iron Treads
|-damage|p1a: Iron Treads|3/100
|
|-weather|RainDance|[upkeep]
|-heal|p2a: Manaphy|61/100|[from] item: Leftovers
|upkeep
|turn|16
|
|t:|1757824277
|-activate|p2a: Manaphy|confusion
|-damage|p2a: Manaphy|54/100|[from] confusion
|move|p1a: Iron Treads|Knock Off|p2a: Manaphy
|-damage|p2a: Manaphy|29/100
|-enditem|p2a: Manaphy|Leftovers|[from] move: Knock Off|[of] p1a: Iron Treads
|
|-weather|RainDance|[upkeep]
|upkeep
|turn|17
|
|t:|1757824284
|-activate|p2a: Manaphy|confusion
|move|p2a: Manaphy|Alluring Voice|p1a: Iron Treads
|-resisted|p1a: Iron Treads
|-damage|p1a: Iron Treads|0 fnt
|faint|p1a: Iron Treads
|-end|p1a: Iron Treads|Quark Drive|[silent]
|
|-weather|RainDance|[upkeep]
|upkeep
|
|t:|1757824288
|switch|p1a: Raging Bolt|Raging Bolt|100/100
|turn|18
|
|t:|1757824306
|move|p1a: Raging Bolt|Thunderclap||[still]
|-fail|p1a: Raging Bolt
|-end|p2a: Manaphy|confusion
|move|p2a: Manaphy|Substitute|p2a: Manaphy
|-start|p2a: Manaphy|Substitute
|-damage|p2a: Manaphy|4/100
|
|-weather|RainDance|[upkeep]
|upkeep
|turn|19
|
|t:|1757824313
|move|p2a: Manaphy|Alluring Voice|p1a: Raging Bolt
|-supereffective|p1a: Raging Bolt
|-damage|p1a: Raging Bolt|0 fnt
|faint|p1a: Raging Bolt
|-end|p1a: Raging Bolt|Protosynthesis|[silent]
|
|-weather|RainDance|[upkeep]
|upkeep
|
|t:|1757824315
|switch|p1a: Pelipper|Pelipper, F|100/100
|turn|20
|
|t:|1757824318
|move|p2a: Manaphy|Surf|p1a: Pelipper
|-resisted|p1a: Pelipper
|-damage|p1a: Pelipper|3/100
|move|p1a: Pelipper|Hurricane|p2a: Manaphy
|-crit|p2a: Manaphy
|-end|p2a: Manaphy|Substitute
|
|-weather|none
|upkeep
|turn|21
|
|t:|1757824320
|move|p2a: Manaphy|Surf|p1a: Pelipper
|-resisted|p1a: Pelipper
|-damage|p1a: Pelipper|0 fnt
|faint|p1a: Pelipper
|
|win|dracovishal
|raw|lpclpc6600's rating: 1437 &rarr; <strong>1420</strong><br />(-17 for losing)
|raw|dracovishal's rating: 1493 &rarr; <strong>1510</strong><br />(+17 for winning)
|l|☆dracovishal
|player|p2|
|l|☆lpclpc6600
|player|p1|
