|j|☆kinsword
|j|☆Nrx03
|t:|1757838499
|gametype|singles
|player|p1|kinsword|1|1192
|player|p2|Nrx03|170|1132
|gen|9
|tier|[Gen 9] OU
|rated|
|rule|HP Percentage Mod: HP is shown in percentages
|rule|Endless Battle Clause: Forcing endless battles is banned
|rule|Species Clause: Limit one of each Pokémon
|rule|OHKO Clause: OHKO moves are banned
|rule|Evasion Items Clause: Evasion items are banned
|rule|Evasion Moves Clause: Evasion moves are banned
|rule|Evasion Abilities Clause: Evasion abilities are banned
|rule|Sleep Moves Clause: Sleep-inducing moves are banned
|clearpoke
|poke|p1|Tyranitar, F|
|poke|p1|Samurott, F|
|poke|p1|Zapdos-Galar|
|poke|p1|Excadrill, F|
|poke|p1|Enamorus-Therian, F|
|poke|p1|Overqwil, M|
|poke|p2|Cinderace, M|
|poke|p2|Glimmora, F|
|poke|p2|Kingambit, F|
|poke|p2|Dragapult, M|
|poke|p2|Iron Valiant|
|poke|p2|Gliscor, F|
|teampreview
|inactive|Battle timer is ON: inactive players will automatically lose when time's up. (requested by kinsword)
|
|t:|1757838518
|teamsize|p1|6
|teamsize|p2|6
|start
|switch|p1a: Samurott|Samurott, F|100/100
|switch|p2a: Gliscor|Gliscor, F|100/100
|turn|1
|
|t:|1757838526
|move|p2a: Gliscor|Taunt|p1a: Samurott
|-start|p1a: Samurott|move: Taunt
|move|p1a: Samurott|Surf|p2a: Gliscor
|-supereffective|p2a: Gliscor
|-damage|p2a: Gliscor|0 fnt
|faint|p2a: Gliscor
|
|upkeep
|
|t:|1757838535
|switch|p2a: Dragapult|Dragapult, M|100/100
|turn|2
|
|t:|1757838538
|move|p2a: Dragapult|Dragon Darts|p1a: Samurott
|-damage|p1a: Samurott|62/100
|-anim|p2a: Dragapult|Dragon Darts|p1a: Samurott
|-damage|p1a: Samurott|23/100
|move|p1a: Samurott|Ice Beam|p2a: Dragapult
|-supereffective|p2a: Dragapult
|-damage|p2a: Dragapult|21/100
|
|upkeep
|turn|3
|
|t:|1757838547
|move|p1a: Samurott|Aqua Jet|p2a: Dragapult
|-resisted|p2a: Dragapult
|-damage|p2a: Dragapult|8/100
|move|p2a: Dragapult|Dragon Darts|p1a: Samurott
|-damage|p1a: Samurott|0 fnt
|faint|p1a: Samurott
|
|upkeep
|
|t:|1757838556
|switch|p1a: Zapdos|Zapdos-Galar|100/100
|turn|4
|
|t:|1757838564
|move|p1a: Zapdos|U-turn|p2a: Dragapult
|-resisted|p2a: Dragapult
|-damage|p2a: Dragapult|0 fnt
|faint|p2a: Dragapult
|
|t:|1757838580
|switch|p1a: Tyranitar|Tyranitar, F|100/100|[from] U-turn
|-weather|Sandstorm|[from] ability: Sand Stream|[of] p1a: Tyranitar
|
|-weather|Sandstorm|[upkeep]
|upkeep
|
|t:|1757838588
|switch|p2a: Iron Valiant|Iron Valiant|100/100
|turn|5
|
|t:|1757838594
|switch|p1a: Enamorus|Enamorus-Therian, F|100/100
|move|p2a: Iron Valiant|Calm Mind|p2a: Iron Valiant
|-boost|p2a: Iron Valiant|spa|1
|-boost|p2a: Iron Valiant|spd|1
|
|-weather|Sandstorm|[upkeep]
|-damage|p2a: Iron Valiant|94/100|[from] Sandstorm
|upkeep
|turn|6
|
|t:|1757838603
|-terastallize|p2a: Iron Valiant|Fairy
|move|p2a: Iron Valiant|Moonblast|p1a: Enamorus
|-damage|p1a: Enamorus|44/100
|move|p1a: Enamorus|Moonblast|p2a: Iron Valiant
|-damage|p2a: Iron Valiant|32/100
|
|-weather|Sandstorm|[upkeep]
|-damage|p2a: Iron Valiant|26/100|[from] Sandstorm
|upkeep
|turn|7
|
|t:|1757838615
|move|p2a: Iron Valiant|Moonblast|p1a: Enamorus
|-damage|p1a: Enamorus|0 fnt
|faint|p1a: Enamorus
|
|-weather|Sandstorm|[upkeep]
|-damage|p2a: Iron Valiant|20/100|[from] Sandstorm
|upkeep
|
|t:|1757838623
|switch|p1a: Zapdos|Zapdos-Galar|100/100
|turn|8
|
|t:|1757838638
|-end|p2a: Iron Valiant|Quark Drive|[silent]
|switch|p2a: Glimmora|Glimmora, F|100/100
|move|p1a: Zapdos|Close Combat|p2a: Glimmora
|-damage|p2a: Glimmora|43/100
|-unboost|p1a: Zapdos|def|1
|-unboost|p1a: Zapdos|spd|1
|-activate|p2a: Glimmora|ability: Toxic Debris
|-sidestart|p1: kinsword|move: Toxic Spikes
|
|-weather|none
|upkeep
|turn|9
|
|t:|1757838651
|move|p1a: Zapdos|Close Combat|p2a: Glimmora
|-damage|p2a: Glimmora|0 fnt
|-unboost|p1a: Zapdos|def|1
|-unboost|p1a: Zapdos|spd|1
|-activate|p2a: Glimmora|ability: Toxic Debris
|-sidestart|p1: kinsword|move: Toxic Spikes
|faint|p2a: Glimmora
|
|upkeep
|
|t:|1757838661
|switch|p2a: Iron Valiant|Iron Valiant, tera:Fairy|20/100
|turn|10
|
|t:|1757838664
|move|p1a: Zapdos|Close Combat|p2a: Iron Valiant
|-resisted|p2a: Iron Valiant
|-damage|p2a: Iron Valiant|0 fnt
|-unboost|p1a: Zapdos|def|1
|-unboost|p1a: Zapdos|spd|1
|faint|p2a: Iron Valiant
|-end|p2a: Iron Valiant|Quark Drive|[silent]
|
|upkeep
|
|t:|1757838668
|switch|p2a: Cinderace|Cinderace, M|100/100
|turn|11
|
|t:|1757838674
|switch|p1a: Overqwil|Overqwil, M|100/100
|-sideend|p1: kinsword|move: Toxic Spikes|[of] p1a: Overqwil
|-ability|p1a: Overqwil|Intimidate|boost
|-unboost|p2a: Cinderace|atk|1
|move|p2a: Cinderace|Pyro Ball|p1a: Overqwil
|-damage|p1a: Overqwil|65/100
|
|-heal|p1a: Overqwil|71/100|[from] item: Leftovers
|upkeep
|turn|12
|-message|Nrx03 forfeited.
|
|win|kinsword
|raw|kinsword's rating: 1192 &rarr; <strong>1213</strong><br />(+21 for winning)
|raw|Nrx03's rating: 1132 &rarr; <strong>1111</strong><br />(-21 for losing)
|l|☆Nrx03
|player|p2|
|l|☆kinsword
|player|p1|
