|j|☆RocksLover22
|j|☆RCDB
|t:|1757914871
|gametype|singles
|player|p1|RocksLover22|hiker-gen4|1231
|player|p2|RCDB|bellelba|1208
|gen|9
|tier|[Gen 9] OU
|rated|
|rule|HP Percentage Mod: HP is shown in percentages
|rule|Endless Battle Clause: Forcing endless battles is banned
|rule|Species Clause: Limit one of each Pokémon
|rule|OHKO Clause: OHKO moves are banned
|rule|Evasion Items Clause: Evasion items are banned
|rule|Evasion Moves Clause: Evasion moves are banned
|rule|Evasion Abilities Clause: Evasion abilities are banned
|rule|Sleep Moves Clause: Sleep-inducing moves are banned
|clearpoke
|poke|p1|Ogerpon-Wellspring, F|
|poke|p1|Kingambit, F|
|poke|p1|Landorus-Therian, M|
|poke|p1|Glimmora, F|
|poke|p1|Dragapult, F|
|poke|p1|Iron Valiant|
|poke|p2|Wo-Chien|
|poke|p2|Torkoal, M|
|poke|p2|Gliscor, F|
|poke|p2|Mimikyu, M|
|poke|p2|Raging Bolt|
|poke|p2|Tsareena, F|
|teampreview
|inactive|Battle timer is ON: inactive players will automatically lose when time's up. (requested by RocksLover22)
|
|t:|1757914884
|teamsize|p1|6
|teamsize|p2|6
|start
|switch|p1a: Ogerpon|Ogerpon-Wellspring, F|100/100
|switch|p2a: Torkoal|Torkoal, M, shiny|100/100
|-weather|SunnyDay|[from] ability: Drought|[of] p2a: Torkoal
|turn|1
|
|t:|1757914891
|move|p1a: Ogerpon|Ivy Cudgel|p2a: Torkoal|[anim] Ivy Cudgel Water
|-supereffective|p2a: Torkoal
|-damage|p2a: Torkoal|67/100
|move|p2a: Torkoal|Stealth Rock|p1a: Ogerpon
|-sidestart|p1: RocksLover22|move: Stealth Rock
|
|-weather|SunnyDay|[upkeep]
|upkeep
|turn|2
|
|t:|1757914895
|move|p1a: Ogerpon|Ivy Cudgel|p2a: Torkoal|[anim] Ivy Cudgel Water
|-supereffective|p2a: Torkoal
|-damage|p2a: Torkoal|32/100
|move|p2a: Torkoal|Flamethrower|p1a: Ogerpon
|-damage|p1a: Ogerpon|54/100
|
|-weather|SunnyDay|[upkeep]
|upkeep
|turn|3
|
|t:|1757914898
|move|p1a: Ogerpon|Ivy Cudgel|p2a: Torkoal|[anim] Ivy Cudgel Water
|-supereffective|p2a: Torkoal
|-damage|p2a: Torkoal|0 fnt
|faint|p2a: Torkoal
|
|-weather|SunnyDay|[upkeep]
|upkeep
|
|t:|1757914902
|switch|p2a: Mimikyu|Mimikyu, M, shiny|100/100
|turn|4
|
|t:|1757914904
|move|p1a: Ogerpon|Taunt|p2a: Mimikyu
|-start|p2a: Mimikyu|move: Taunt
|cant|p2a: Mimikyu|move: Taunt|Swords Dance
|
|-weather|SunnyDay|[upkeep]
|upkeep
|turn|5
|
|t:|1757914907
|move|p1a: Ogerpon|Horn Leech|p2a: Mimikyu
|-activate|p2a: Mimikyu|ability: Disguise
|-damage|p2a: Mimikyu|100/100
|detailschange|p2a: Mimikyu|Mimikyu-Busted, M, shiny
|-damage|p2a: Mimikyu|88/100|[from] pokemon: Mimikyu-Busted
|move|p2a: Mimikyu|Play Rough|p1a: Ogerpon
|-damage|p1a: Ogerpon|0 fnt
|faint|p1a: Ogerpon
|-damage|p2a: Mimikyu|78/100|[from] item: Life Orb
|
|-weather|none
|upkeep
|
|t:|1757914911
|switch|p1a: Glimmora|Glimmora, F|100/100
|-damage|p1a: Glimmora|88/100|[from] Stealth Rock
|turn|6
|
|t:|1757914922
|switch|p2a: Gliscor|Gliscor, F, shiny|100/100
|move|p1a: Glimmora|Mortal Spin|p2a: Gliscor
|-resisted|p2a: Gliscor
|-damage|p2a: Gliscor|99/100
|-status|p2a: Gliscor|psn
|-sideend|p1: RocksLover22|Stealth Rock|[from] move: Mortal Spin|[of] p1a: Glimmora
|
|-heal|p2a: Gliscor|100/100 psn|[from] ability: Poison Heal
|upkeep
|turn|7
|
|t:|1757914933
|switch|p1a: Landorus|Landorus-Therian, M|100/100
|-ability|p1a: Landorus|Intimidate|boost
|-unboost|p2a: Gliscor|atk|1
|move|p2a: Gliscor|Substitute|p2a: Gliscor
|-start|p2a: Gliscor|Substitute
|-damage|p2a: Gliscor|76/100 psn
|
|-heal|p2a: Gliscor|88/100 psn|[from] ability: Poison Heal
|upkeep
|turn|8
|
|t:|1757914939
|move|p1a: Landorus|Taunt|p2a: Gliscor
|-start|p2a: Gliscor|move: Taunt
|cant|p2a: Gliscor|move: Taunt|Swords Dance
|
|-heal|p2a: Gliscor|100/100 psn|[from] ability: Poison Heal
|upkeep
|turn|9
|
|t:|1757914949
|move|p1a: Landorus|U-turn|p2a: Gliscor
|-resisted|p2a: Gliscor
|-activate|p2a: Gliscor|move: Substitute|[damage]
|
|t:|1757914952
|switch|p1a: Dragapult|Dragapult, F|100/100|[from] U-turn
|move|p2a: Gliscor|Dual Wingbeat|p1a: Dragapult
|-damage|p1a: Dragapult|88/100
|-damage|p1a: Dragapult|76/100
|-hitcount|p1a: Dragapult|2
|
|upkeep
|turn|10
|
|t:|1757914958
|move|p1a: Dragapult|Shadow Ball|p2a: Gliscor
|-end|p2a: Gliscor|Substitute
|move|p2a: Gliscor|Earthquake|p1a: Dragapult
|-damage|p1a: Dragapult|45/100
|
|-end|p2a: Gliscor|move: Taunt
|upkeep
|turn|11
|
|t:|1757914967
|-terastallize|p2a: Gliscor|Normal
|move|p1a: Dragapult|Shadow Ball|p2a: Gliscor
|-immune|p2a: Gliscor
|move|p2a: Gliscor|Substitute|p2a: Gliscor
|-start|p2a: Gliscor|Substitute
|-damage|p2a: Gliscor|76/100 psn
|
|-heal|p2a: Gliscor|88/100 psn|[from] ability: Poison Heal
|upkeep
|turn|12
|
|t:|1757914971
|switch|p1a: Landorus|Landorus-Therian, M|100/100
|-ability|p1a: Landorus|Intimidate|boost
|-immune|p2a: Gliscor
|move|p2a: Gliscor|Swords Dance|p2a: Gliscor
|-boost|p2a: Gliscor|atk|2
|
|-heal|p2a: Gliscor|100/100 psn|[from] ability: Poison Heal
|upkeep
|turn|13
|
|t:|1757914975
|move|p1a: Landorus|Taunt|p2a: Gliscor
|-start|p2a: Gliscor|move: Taunt
|move|p2a: Gliscor|Dual Wingbeat|p1a: Landorus
|-damage|p1a: Landorus|82/100
|-damage|p2a: Gliscor|84/100 psn|[from] item: Rocky Helmet|[of] p1a: Landorus
|-damage|p1a: Landorus|63/100
|-damage|p2a: Gliscor|67/100 psn|[from] item: Rocky Helmet|[of] p1a: Landorus
|-hitcount|p1a: Landorus|2
|
|-heal|p2a: Gliscor|80/100 psn|[from] ability: Poison Heal
|upkeep
|turn|14
|
|t:|1757914978
|move|p1a: Landorus|Earthquake|p2a: Gliscor
|-end|p2a: Gliscor|Substitute
|move|p2a: Gliscor|Dual Wingbeat|p1a: Landorus
|-damage|p1a: Landorus|45/100
|-damage|p2a: Gliscor|63/100 psn|[from] item: Rocky Helmet|[of] p1a: Landorus
|-damage|p1a: Landorus|25/100
|-damage|p2a: Gliscor|46/100 psn|[from] item: Rocky Helmet|[of] p1a: Landorus
|-hitcount|p1a: Landorus|2
|
|-heal|p2a: Gliscor|59/100 psn|[from] ability: Poison Heal
|upkeep
|turn|15
|
|t:|1757914982
|move|p1a: Landorus|Earthquake|p2a: Gliscor
|-damage|p2a: Gliscor|29/100 psn
|move|p2a: Gliscor|Dual Wingbeat|p1a: Landorus
|-damage|p1a: Landorus|8/100
|-damage|p2a: Gliscor|12/100 psn|[from] item: Rocky Helmet|[of] p1a: Landorus
|-damage|p1a: Landorus|0 fnt
|-damage|p2a: Gliscor|0 fnt|[from] item: Rocky Helmet|[of] p1a: Landorus
|faint|p1a: Landorus
|faint|p2a: Gliscor
|-hitcount|p1: Landorus|2
|
|upkeep
|
|t:|1757914988
|switch|p1a: Glimmora|Glimmora, F|88/100
|switch|p2a: Mimikyu|Mimikyu-Busted, M, shiny|78/100
|turn|16
|
|t:|1757914994
|move|p2a: Mimikyu|Drain Punch|p1a: Glimmora
|-damage|p1a: Glimmora|56/100
|-heal|p2a: Mimikyu|98/100|[from] drain|[of] p1a: Glimmora
|-activate|p1a: Glimmora|ability: Toxic Debris
|-sidestart|p2: RCDB|move: Toxic Spikes
|-damage|p2a: Mimikyu|88/100|[from] item: Life Orb
|move|p1a: Glimmora|Meteor Beam||[still]
|-prepare|p1a: Glimmora|Meteor Beam
|-boost|p1a: Glimmora|spa|1
|-enditem|p1a: Glimmora|Power Herb
|-anim|p1a: Glimmora|Meteor Beam|p2a: Mimikyu
|-damage|p2a: Mimikyu|0 fnt
|faint|p2a: Mimikyu
|
|upkeep
|
|t:|1757915018
|switch|p2a: Wo-Chien|Wo-Chien|100/100
|-status|p2a: Wo-Chien|psn
|-ability|p2a: Wo-Chien|Tablets of Ruin
|turn|17
|
|t:|1757915029
|move|p1a: Glimmora|Meteor Beam||[still]
|-prepare|p1a: Glimmora|Meteor Beam
|-boost|p1a: Glimmora|spa|1
|move|p2a: Wo-Chien|Leech Seed|p1a: Glimmora
|-start|p1a: Glimmora|move: Leech Seed
|
|-damage|p1a: Glimmora|44/100|[from] Leech Seed|[of] p2a: Wo-Chien
|-damage|p2a: Wo-Chien|88/100 psn|[from] psn
|upkeep
|turn|18
|
|t:|1757915033
|move|p2a: Wo-Chien|Protect|p2a: Wo-Chien
|-singleturn|p2a: Wo-Chien|Protect
|move|p1a: Glimmora|Meteor Beam|p2a: Wo-Chien|[from] lockedmove
|-activate|p2a: Wo-Chien|move: Protect
|
|-heal|p2a: Wo-Chien|94/100 psn|[from] item: Leftovers
|-damage|p1a: Glimmora|31/100|[from] Leech Seed|[of] p2a: Wo-Chien
|-heal|p2a: Wo-Chien|100/100 psn|[silent]
|-damage|p2a: Wo-Chien|88/100 psn|[from] psn
|upkeep
|turn|19
|
|t:|1757915044
|move|p1a: Glimmora|Earth Power|p2a: Wo-Chien
|-resisted|p2a: Wo-Chien
|-damage|p2a: Wo-Chien|71/100 psn
|move|p2a: Wo-Chien|Ruination|p1a: Glimmora
|-damage|p1a: Glimmora|16/100
|
|-heal|p2a: Wo-Chien|77/100 psn|[from] item: Leftovers
|-damage|p1a: Glimmora|4/100|[from] Leech Seed|[of] p2a: Wo-Chien
|-heal|p2a: Wo-Chien|87/100 psn|[silent]
|-damage|p2a: Wo-Chien|75/100 psn|[from] psn
|upkeep
|turn|20
|
|t:|1757915046
|move|p2a: Wo-Chien|Protect|p2a: Wo-Chien
|-singleturn|p2a: Wo-Chien|Protect
|move|p1a: Glimmora|Earth Power|p2a: Wo-Chien
|-activate|p2a: Wo-Chien|move: Protect
|
|-heal|p2a: Wo-Chien|81/100 psn|[from] item: Leftovers
|-damage|p1a: Glimmora|0 fnt|[from] Leech Seed|[of] p2a: Wo-Chien
|-heal|p2a: Wo-Chien|84/100 psn|[silent]
|faint|p1a: Glimmora
|-damage|p2a: Wo-Chien|71/100 psn|[from] psn
|upkeep
|
|t:|1757915051
|switch|p1a: Iron Valiant|Iron Valiant|100/100
|-enditem|p1a: Iron Valiant|Booster Energy
|-activate|p1a: Iron Valiant|ability: Quark Drive|[fromitem]
|-start|p1a: Iron Valiant|quarkdrivespe
|turn|21
|
|t:|1757915071
|move|p2a: Wo-Chien|Protect|p2a: Wo-Chien
|-singleturn|p2a: Wo-Chien|Protect
|move|p1a: Iron Valiant|Encore|p2a: Wo-Chien
|-activate|p2a: Wo-Chien|move: Protect
|
|-heal|p2a: Wo-Chien|78/100 psn|[from] item: Leftovers
|-damage|p2a: Wo-Chien|65/100 psn|[from] psn
|upkeep
|turn|22
|
|t:|1757915078
|move|p1a: Iron Valiant|Swords Dance|p1a: Iron Valiant
|-boost|p1a: Iron Valiant|atk|2
|move|p2a: Wo-Chien|Leech Seed|p1a: Iron Valiant
|-start|p1a: Iron Valiant|move: Leech Seed
|
|-heal|p2a: Wo-Chien|71/100 psn|[from] item: Leftovers
|-damage|p1a: Iron Valiant|88/100|[from] Leech Seed|[of] p2a: Wo-Chien
|-heal|p2a: Wo-Chien|81/100 psn|[silent]
|-damage|p2a: Wo-Chien|69/100 psn|[from] psn
|upkeep
|turn|23
|
|t:|1757915082
|move|p1a: Iron Valiant|Swords Dance|p1a: Iron Valiant
|-boost|p1a: Iron Valiant|atk|2
|move|p2a: Wo-Chien|Ruination|p1a: Iron Valiant
|-damage|p1a: Iron Valiant|44/100
|
|-heal|p2a: Wo-Chien|75/100 psn|[from] item: Leftovers
|-damage|p1a: Iron Valiant|32/100|[from] Leech Seed|[of] p2a: Wo-Chien
|-heal|p2a: Wo-Chien|84/100 psn|[silent]
|-damage|p2a: Wo-Chien|72/100 psn|[from] psn
|upkeep
|turn|24
|
|t:|1757915085
|move|p2a: Wo-Chien|Protect|p2a: Wo-Chien
|-singleturn|p2a: Wo-Chien|Protect
|move|p1a: Iron Valiant|Spirit Break|p2a: Wo-Chien
|-activate|p2a: Wo-Chien|move: Protect
|
|-heal|p2a: Wo-Chien|78/100 psn|[from] item: Leftovers
|-damage|p1a: Iron Valiant|20/100|[from] Leech Seed|[of] p2a: Wo-Chien
|-heal|p2a: Wo-Chien|88/100 psn|[silent]
|-damage|p2a: Wo-Chien|76/100 psn|[from] psn
|upkeep
|turn|25
|
|t:|1757915092
|move|p2a: Wo-Chien|Protect||[still]
|-fail|p2a: Wo-Chien
|move|p1a: Iron Valiant|Spirit Break|p2a: Wo-Chien
|-supereffective|p2a: Wo-Chien
|-damage|p2a: Wo-Chien|0 fnt
|faint|p2a: Wo-Chien
|
|upkeep
|
|t:|1757915099
|switch|p2a: Raging Bolt|Raging Bolt|100/100
|-status|p2a: Raging Bolt|psn
|turn|26
|
|t:|1757915101
|move|p2a: Raging Bolt|Thunderclap||[still]
|-fail|p2a: Raging Bolt
|move|p1a: Iron Valiant|Encore|p2a: Raging Bolt
|-start|p2a: Raging Bolt|Encore
|
|-damage|p1a: Iron Valiant|7/100|[from] Leech Seed|[of] p2a: Raging Bolt
|-damage|p2a: Raging Bolt|88/100 psn|[from] psn
|upkeep
|turn|27
|
|t:|1757915107
|move|p2a: Raging Bolt|Thunderclap|p1a: Iron Valiant
|-damage|p1a: Iron Valiant|0 fnt
|faint|p1a: Iron Valiant
|-end|p1a: Iron Valiant|Quark Drive|[silent]
|
|-damage|p2a: Raging Bolt|76/100 psn|[from] psn
|upkeep
|
|t:|1757915113
|switch|p1a: Kingambit|Kingambit, F|100/100
|-activate|p1a: Kingambit|ability: Supreme Overlord
|-start|p1a: Kingambit|fallen4|[silent]
|turn|28
|
|t:|1757915118
|move|p2a: Raging Bolt|Thunderclap||[still]
|-fail|p2a: Raging Bolt
|move|p1a: Kingambit|Swords Dance|p1a: Kingambit
|-boost|p1a: Kingambit|atk|2
|
|-damage|p2a: Raging Bolt|63/100 psn|[from] psn
|upkeep
|turn|29
|
|t:|1757915128
|move|p2a: Raging Bolt|Thunderclap||[still]
|-fail|p2a: Raging Bolt
|move|p1a: Kingambit|Swords Dance|p1a: Kingambit
|-boost|p1a: Kingambit|atk|2
|
|-damage|p2a: Raging Bolt|51/100 psn|[from] psn
|-end|p2a: Raging Bolt|Encore
|upkeep
|turn|30
|
|t:|1757915132
|move|p2a: Raging Bolt|Thunderclap|p1a: Kingambit
|-damage|p1a: Kingambit|57/100
|move|p1a: Kingambit|Kowtow Cleave|p2a: Raging Bolt
|-damage|p2a: Raging Bolt|0 fnt
|faint|p2a: Raging Bolt
|-end|p2a: Raging Bolt|Protosynthesis|[silent]
|
|-heal|p1a: Kingambit|63/100|[from] item: Leftovers
|upkeep
|
|t:|1757915135
|switch|p2a: Tsareena|Tsareena, F, shiny|100/100
|-status|p2a: Tsareena|psn
|turn|31
|
|t:|1757915141
|-terastallize|p1a: Kingambit|Ghost
|move|p2a: Tsareena|Triple Axel|p1a: Kingambit
|-damage|p1a: Kingambit|59/100
|-crit|p1a: Kingambit
|-damage|p1a: Kingambit|43/100
|-damage|p1a: Kingambit|28/100
|-hitcount|p1a: Kingambit|3
|move|p1a: Kingambit|Kowtow Cleave|p2a: Tsareena
|-damage|p2a: Tsareena|0 fnt
|faint|p2a: Tsareena
|
|win|RocksLover22
|raw|RocksLover22's rating: 1231 &rarr; <strong>1254</strong><br />(+23 for winning)
|raw|RCDB's rating: 1208 &rarr; <strong>1185</strong><br />(-23 for losing)
|l|☆RocksLover22
|player|p1|
|l|☆RCDB
|player|p2|
