|j|☆La Britney Spear
|j|☆are you jesus?
|t:|1757874483
|gametype|singles
|player|p1|La Britney Spear|265|1136
|player|p2|are you jesus?|grimsley|1134
|gen|9
|tier|[Gen 9] OU
|rated|
|rule|HP Percentage Mod: HP is shown in percentages
|rule|Endless Battle Clause: Forcing endless battles is banned
|rule|Species Clause: Limit one of each Pokémon
|rule|OHKO Clause: OHKO moves are banned
|rule|Evasion Items Clause: Evasion items are banned
|rule|Evasion Moves Clause: Evasion moves are banned
|rule|Evasion Abilities Clause: Evasion abilities are banned
|rule|Sleep Moves Clause: Sleep-inducing moves are banned
|clearpoke
|poke|p1|Weavile, M|
|poke|p1|Honchkrow, F|
|poke|p1|Overqwil, M|
|poke|p1|Sableye, F|
|poke|p1|Tyranitar, F|
|poke|p1|Kingambit, M|
|poke|p2|Orthworm, M|
|poke|p2|Barraskewda, M|
|poke|p2|Raikou|
|poke|p2|Frosmoth, M|
|poke|p2|Tentacruel, F|
|poke|p2|Sandaconda, F|
|teampreview
|c|☆are you jesus?|hi
|
|t:|1757874490
|teamsize|p1|6
|teamsize|p2|6
|start
|switch|p1a: Weavile|Weavile, M|100/100
|switch|p2a: Barraskewda|Barraskewda, M|100/100
|turn|1
|
|t:|1757874498
|switch|p2a: Orthrelm|Orthworm, M|100/100
|move|p1a: Weavile|Beat Up|p2a: Orthrelm
|-damage|p2a: Orthrelm|95/100
|-damage|p2a: Orthrelm|90/100
|-damage|p2a: Orthrelm|86/100
|-damage|p2a: Orthrelm|82/100
|-damage|p2a: Orthrelm|76/100
|-damage|p2a: Orthrelm|71/100
|-hitcount|p2a: Orthrelm|6
|
|-heal|p2a: Orthrelm|77/100|[from] item: Leftovers
|upkeep
|turn|2
|
|t:|1757874512
|move|p1a: Weavile|Low Kick|p2a: Orthrelm
|-supereffective|p2a: Orthrelm
|-damage|p2a: Orthrelm|31/100
|move|p2a: Orthrelm|Iron Defense|p2a: Orthrelm
|-boost|p2a: Orthrelm|def|2
|
|-heal|p2a: Orthrelm|37/100|[from] item: Leftovers
|upkeep
|turn|3
|
|t:|1757874521
|-terastallize|p2a: Orthrelm|Electric
|move|p1a: Weavile|Low Kick|p2a: Orthrelm
|-damage|p2a: Orthrelm|25/100
|move|p2a: Orthrelm|Body Press|p1a: Weavile
|-supereffective|p1a: Weavile
|-enditem|p1a: Weavile|Focus Sash
|-damage|p1a: Weavile|1/100
|-enditem|p2a: Orthrelm|Leftovers|[silent]|[from] ability: Pickpocket|[of] p2a: Orthrelm
|-item|p1a: Weavile|Leftovers|[from] ability: Pickpocket|[of] p2a: Orthrelm
|
|-heal|p1a: Weavile|7/100|[from] item: Leftovers
|upkeep
|turn|4
|
|t:|1757874543
|move|p1a: Weavile|Beat Up|p2a: Orthrelm
|-damage|p2a: Orthrelm|23/100
|-damage|p2a: Orthrelm|20/100
|-damage|p2a: Orthrelm|17/100
|-damage|p2a: Orthrelm|15/100
|-damage|p2a: Orthrelm|12/100
|-damage|p2a: Orthrelm|9/100
|-hitcount|p2a: Orthrelm|6
|move|p2a: Orthrelm|Iron Head|p1a: Weavile
|-supereffective|p1a: Weavile
|-damage|p1a: Weavile|0 fnt
|faint|p1a: Weavile
|
|upkeep
|
|t:|1757874557
|switch|p1a: Honchkrow|Honchkrow, F|100/100
|turn|5
|
|t:|1757874568
|-terastallize|p1a: Honchkrow|Dark
|move|p1a: Honchkrow|Night Slash|p2a: Orthrelm
|-damage|p2a: Orthrelm|0 fnt
|faint|p2a: Orthrelm
|-ability|p1a: Honchkrow|Moxie|boost
|-boost|p1a: Honchkrow|atk|1
|
|upkeep
|
|t:|1757874577
|switch|p2a: Barraskewda|Barraskewda, M|100/100
|turn|6
|
|t:|1757874582
|move|p1a: Honchkrow|Sucker Punch|p2a: Barraskewda
|-crit|p2a: Barraskewda
|-damage|p2a: Barraskewda|0 fnt
|faint|p2a: Barraskewda
|-ability|p1a: Honchkrow|Moxie|boost
|-boost|p1a: Honchkrow|atk|1
|
|upkeep
|c|☆are you jesus?|oh
|
|t:|1757874592
|switch|p2a: Tentacruel|Tentacruel, F|100/100
|turn|7
|
|t:|1757874598
|move|p1a: Honchkrow|Night Slash|p2a: Tentacruel
|-damage|p2a: Tentacruel|0 fnt
|faint|p2a: Tentacruel
|-ability|p1a: Honchkrow|Moxie|boost
|-boost|p1a: Honchkrow|atk|1
|
|upkeep
|
|t:|1757874604
|switch|p2a: Sandaconda|Sandaconda, F|100/100
|turn|8
|
|t:|1757874608
|move|p1a: Honchkrow|Brave Bird|p2a: Sandaconda
|-damage|p2a: Sandaconda|0 fnt
|faint|p2a: Sandaconda
|-ability|p1a: Honchkrow|Moxie|boost
|-boost|p1a: Honchkrow|atk|1
|-damage|p1a: Honchkrow|70/100|[from] Recoil
|
|upkeep
|-message|are you jesus? forfeited.
|
|win|La Britney Spear
|raw|La Britney Spear's rating: 1136 &rarr; <strong>1161</strong><br />(+25 for winning)
|raw|are you jesus?'s rating: 1134 &rarr; <strong>1109</strong><br />(-25 for losing)
|l|☆are you jesus?
|player|p2|
|l|☆La Britney Spear
|player|p1|
