|j|☆cczx sandstorm
|j|☆shshshsvvsh
|t:|1757913393
|gametype|singles
|player|p1|cczx sandstorm|169|1040
|player|p2|shshshsvvsh|101|1070
|gen|9
|tier|[Gen 9] OU
|rated|
|rule|HP Percentage Mod: HP is shown in percentages
|rule|Endless Battle Clause: Forcing endless battles is banned
|rule|Species Clause: Limit one of each Pokémon
|rule|OHKO Clause: OHKO moves are banned
|rule|Evasion Items Clause: Evasion items are banned
|rule|Evasion Moves Clause: Evasion moves are banned
|rule|Evasion Abilities Clause: Evasion abilities are banned
|rule|Sleep Moves Clause: Sleep-inducing moves are banned
|clearpoke
|poke|p1|Tyranitar, L50, F|
|poke|p1|Excadrill, L50, M|
|poke|p1|Scizor, L50, F|
|poke|p1|Gastrodon, L50, F|
|poke|p1|Clefable, L50, M|
|poke|p1|Skarmory, L50, F|
|poke|p2|Dondozo, M|
|poke|p2|Kingambit, M|
|poke|p2|Dragonite, F|
|poke|p2|Dragapult, M|
|poke|p2|Gholdengo|
|poke|p2|Rotom-Heat|
|teampreview
|
|t:|1757913417
|teamsize|p1|6
|teamsize|p2|6
|start
|switch|p1a: Skarmory|Skarmory, L50, F|100/100
|switch|p2a: Gholdengo|Gholdengo|100/100
|turn|1
|
|t:|1757913429
|move|p2a: Gholdengo|Trick|p1a: Skarmory
|-activate|p2a: Gholdengo|move: Trick|[of] p1a: Skarmory
|-item|p1a: Skarmory|Choice Scarf|[from] move: Trick
|-item|p2a: Gholdengo|Sitrus Berry|[from] move: Trick
|move|p1a: Skarmory|Tailwind|p1a: Skarmory
|-sidestart|p1: cczx sandstorm|move: Tailwind
|
|upkeep
|turn|2
|
|t:|1757913437
|switch|p1a: Tyranitar|Tyranitar, L50, F|100/100
|-weather|Sandstorm|[from] ability: Sand Stream|[of] p1a: Tyranitar
|move|p2a: Gholdengo|Shadow Ball|p1a: Tyranitar
|-resisted|p1a: Tyranitar
|-damage|p1a: Tyranitar|64/100
|
|-weather|Sandstorm|[upkeep]
|upkeep
|turn|3
|
|t:|1757913448
|move|p2a: Gholdengo|Make It Rain|p1a: Tyranitar
|-supereffective|p1a: Tyranitar
|-damage|p1a: Tyranitar|0 fnt
|-unboost|p2a: Gholdengo|spa|1
|faint|p1a: Tyranitar
|
|-weather|Sandstorm|[upkeep]
|upkeep
|
|t:|1757913459
|switch|p1a: Excadrill|Excadrill, L50, M|100/100
|turn|4
|
|t:|1757913466
|move|p1a: Excadrill|Rock Slide|p2a: Gholdengo
|-resisted|p2a: Gholdengo
|-damage|p2a: Gholdengo|95/100
|-damage|p1a: Excadrill|91/100|[from] item: Life Orb
|cant|p2a: Gholdengo|flinch
|
|-weather|Sandstorm|[upkeep]
|-sideend|p1: cczx sandstorm|move: Tailwind
|upkeep
|turn|5
|
|t:|1757913475
|move|p1a: Excadrill|Earthquake|p2a: Gholdengo
|-supereffective|p2a: Gholdengo
|-damage|p2a: Gholdengo|49/100
|-enditem|p2a: Gholdengo|Sitrus Berry|[eat]
|-heal|p2a: Gholdengo|74/100|[from] item: Sitrus Berry
|-damage|p1a: Excadrill|81/100|[from] item: Life Orb
|move|p2a: Gholdengo|Focus Blast|p1a: Excadrill
|-supereffective|p1a: Excadrill
|-damage|p1a: Excadrill|0 fnt
|faint|p1a: Excadrill
|
|-weather|Sandstorm|[upkeep]
|upkeep
|
|t:|1757913492
|switch|p1a: Scizor|Scizor, L50, F|100/100
|turn|6
|
|t:|1757913502
|move|p2a: Gholdengo|Shadow Ball|p1a: Scizor
|-damage|p1a: Scizor|0 fnt
|faint|p1a: Scizor
|
|-weather|none
|upkeep
|
|t:|1757913510
|switch|p1a: Clefable|Clefable, L50, M|100/100
|turn|7
|
|t:|1757913514
|move|p2a: Gholdengo|Make It Rain|p1a: Clefable
|-supereffective|p1a: Clefable
|-damage|p1a: Clefable|0 fnt
|-unboost|p2a: Gholdengo|spa|1
|faint|p1a: Clefable
|
|upkeep
|
|t:|1757913522
|switch|p1a: Gastrodon|Gastrodon, L50, F|100/100
|turn|8
|
|t:|1757913526
|move|p2a: Gholdengo|Focus Blast|p1a: Gastrodon
|-damage|p1a: Gastrodon|22/100
|move|p1a: Gastrodon|Earth Power|p2a: Gholdengo
|-supereffective|p2a: Gholdengo
|-damage|p2a: Gholdengo|52/100
|
|upkeep
|turn|9
|
|t:|1757913535
|move|p2a: Gholdengo|Shadow Ball|p1a: Gastrodon
|-damage|p1a: Gastrodon|0 fnt
|faint|p1a: Gastrodon
|
|upkeep
|
|t:|1757913542
|switch|p1a: Skarmory|Skarmory, L50, F|100/100
|turn|10
|
|t:|1757913549
|-terastallize|p1a: Skarmory|Electric
|move|p2a: Gholdengo|Shadow Ball|p1a: Skarmory
|-damage|p1a: Skarmory|0 fnt
|faint|p1a: Skarmory
|
|win|shshshsvvsh
|raw|cczx sandstorm's rating: 1040 &rarr; <strong>1025</strong><br />(-15 for losing)
|raw|shshshsvvsh's rating: 1070 &rarr; <strong>1097</strong><br />(+27 for winning)
|l|☆cczx sandstorm
|player|p1|
