|j|☆capitolg
|j|☆Emicrackers
|t:|1757929863
|gametype|singles
|player|p1|capitolg|bellelba|1177
|player|p2|Emicrackers|will|1184
|gen|9
|tier|[Gen 9] OU
|rated|
|rule|HP Percentage Mod: HP is shown in percentages
|rule|Endless Battle Clause: Forcing endless battles is banned
|rule|Species Clause: Limit one of each Pokémon
|rule|OHKO Clause: OHKO moves are banned
|rule|Evasion Items Clause: Evasion items are banned
|rule|Evasion Moves Clause: Evasion moves are banned
|rule|Evasion Abilities Clause: Evasion abilities are banned
|rule|Sleep Moves Clause: Sleep-inducing moves are banned
|clearpoke
|poke|p1|Vikavolt, F|
|poke|p1|Articuno-Galar|
|poke|p1|Smeargle, F|
|poke|p1|Empoleon, M|
|poke|p1|Passimian, M|
|poke|p1|Dusknoir, M|
|poke|p2|Gengar, F|
|poke|p2|Sylveon, F|
|poke|p2|Dragapult, F|
|poke|p2|Zoroark-Hisui, F|
|poke|p2|Umbreon, F|
|poke|p2|Braviary-Hisui, M|
|teampreview
|inactive|Battle timer is ON: inactive players will automatically lose when time's up. (requested by Emicrackers)
|
|t:|1757929879
|teamsize|p1|6
|teamsize|p2|6
|start
|switch|p1a: Vikavolt|Vikavolt, F|100/100
|switch|p2a: Braviary|Braviary-Hisui, M, shiny|100/100
|turn|1
|
|t:|1757929884
|move|p2a: Braviary|Esper Wing|p1a: Vikavolt
|-damage|p1a: Vikavolt|42/100
|-boost|p2a: Braviary|spe|1
|move|p1a: Vikavolt|Sticky Web|p2a: Braviary
|-sidestart|p2: Emicrackers|move: Sticky Web
|
|upkeep
|turn|2
|
|t:|1757929891
|move|p2a: Braviary|Esper Wing|p1a: Vikavolt
|-damage|p1a: Vikavolt|0 fnt
|-boost|p2a: Braviary|spe|1
|faint|p1a: Vikavolt
|
|upkeep
|
|t:|1757929894
|switch|p1a: Smeargle|Smeargle, F|100/100
|turn|3
|
|t:|1757929900
|move|p2a: Braviary|Esper Wing|p1a: Smeargle
|-damage|p1a: Smeargle|49/100
|-boost|p2a: Braviary|spe|1
|move|p1a: Smeargle|Trick Room|p1a: Smeargle
|-fieldstart|move: Trick Room|[of] p1a: Smeargle
|
|upkeep
|turn|4
|
|t:|1757929907
|move|p1a: Smeargle|Court Change|p1a: Smeargle
|-swapsideconditions
|-activate|p1a: Smeargle|move: Court Change
|move|p2a: Braviary|Esper Wing|p1a: Smeargle
|-damage|p1a: Smeargle|0 fnt
|-boost|p2a: Braviary|spe|1
|faint|p1a: Smeargle
|
|upkeep
|
|t:|1757929915
|switch|p1a: Dusknoir|Dusknoir, M|100/100
|-activate|p1a: Dusknoir|move: Sticky Web
|-unboost|p1a: Dusknoir|spe|1
|-item|p2a: Braviary|Heavy-Duty Boots|[from] ability: Frisk|[of] p1a: Dusknoir
|turn|5
|
|t:|1757929924
|move|p1a: Dusknoir|Poltergeist|p2a: Braviary
|-activate|p2a: Braviary|move: Poltergeist|Heavy-Duty Boots
|-supereffective|p2a: Braviary
|-damage|p2a: Braviary|0 fnt
|faint|p2a: Braviary
|
|upkeep
|
|t:|1757929931
|switch|p2a: Umbreon|Umbreon, F, shiny|100/100
|turn|6
|
|t:|1757929934
|move|p1a: Dusknoir|Earthquake|p2a: Umbreon
|-damage|p2a: Umbreon|77/100
|move|p2a: Umbreon|Dark Pulse|p1a: Dusknoir
|-supereffective|p1a: Dusknoir
|-damage|p1a: Dusknoir|57/100
|-enditem|p1a: Dusknoir|Weakness Policy
|-boost|p1a: Dusknoir|atk|2|[from] item: Weakness Policy
|-boost|p1a: Dusknoir|spa|2|[from] item: Weakness Policy
|
|upkeep
|turn|7
|
|t:|1757929943
|move|p1a: Dusknoir|Earthquake|p2a: Umbreon
|-damage|p2a: Umbreon|34/100
|move|p2a: Umbreon|Dark Pulse|p1a: Dusknoir
|-supereffective|p1a: Dusknoir
|-damage|p1a: Dusknoir|14/100
|
|-fieldend|move: Trick Room
|upkeep
|turn|8
|
|t:|1757929950
|move|p2a: Umbreon|Moonlight|p2a: Umbreon
|-heal|p2a: Umbreon|84/100
|move|p1a: Dusknoir|Trick Room|p1a: Dusknoir
|-fieldstart|move: Trick Room|[of] p1a: Dusknoir
|
|upkeep
|turn|9
|
|t:|1757929955
|move|p1a: Dusknoir|Earthquake|p2a: Umbreon
|-damage|p2a: Umbreon|39/100
|move|p2a: Umbreon|Dark Pulse|p1a: Dusknoir
|-supereffective|p1a: Dusknoir
|-damage|p1a: Dusknoir|0 fnt
|faint|p1a: Dusknoir
|
|upkeep
|
|t:|1757929959
|switch|p1a: Passimian|Passimian, M|100/100
|-activate|p1a: Passimian|move: Sticky Web
|-unboost|p1a: Passimian|spe|1
|-ability|p1a: Passimian|Defiant|boost
|-boost|p1a: Passimian|atk|2
|turn|10
|
|t:|1757929969
|move|p1a: Passimian|Drain Punch|p2a: Umbreon
|-supereffective|p2a: Umbreon
|-damage|p2a: Umbreon|0 fnt
|faint|p2a: Umbreon
|
|upkeep
|
|t:|1757929976
|switch|p2a: Sylveon|Sylveon, F, shiny|100/100
|turn|11
|
|t:|1757929979
|move|p1a: Passimian|Earthquake|p2a: Sylveon
|-damage|p2a: Sylveon|13/100
|move|p2a: Sylveon|Moonblast|p1a: Passimian
|-supereffective|p1a: Passimian
|-damage|p1a: Passimian|0 fnt
|faint|p1a: Passimian
|
|upkeep
|
|t:|1757929981
|switch|p1a: Empoleon|Empoleon, M|100/100
|-activate|p1a: Empoleon|move: Sticky Web
|-unboost|p1a: Empoleon|spe|1
|-ability|p1a: Empoleon|Competitive|boost
|-boost|p1a: Empoleon|spa|2
|turn|12
|
|t:|1757929990
|move|p1a: Empoleon|Surf|p2a: Sylveon
|-damage|p2a: Sylveon|0 fnt
|faint|p2a: Sylveon
|
|-fieldend|move: Trick Room
|upkeep
|
|t:|1757929996
|switch|p2a: Dragapult|Dragapult, F|100/100
|turn|13
|
|t:|1757930000
|move|p2a: Dragapult|Dragon Dance|p2a: Dragapult
|-boost|p2a: Dragapult|atk|1
|-boost|p2a: Dragapult|spe|1
|move|p1a: Empoleon|Ice Beam|p2a: Dragapult
|-supereffective|p2a: Dragapult
|-damage|p2a: Dragapult|0 fnt
|faint|p2a: Dragapult
|
|upkeep
|
|t:|1757930008
|switch|p2a: Gengar|Gengar, F|100/100
|turn|14
|
|t:|1757930014
|move|p2a: Gengar|Bitter Malice|p1a: Empoleon
|-damage|p1a: Empoleon|66/100
|-unboost|p1a: Empoleon|atk|1
|-ability|p1a: Empoleon|Competitive|boost
|-boost|p1a: Empoleon|spa|2
|move|p1a: Empoleon|Surf|p2a: Gengar
|-damage|p2a: Gengar|0 fnt
|replace|p2a: Zoroark|Zoroark-Hisui, F, shiny
|-end|p2a: Zoroark|Illusion
|faint|p2a: Zoroark
|
|upkeep
|
|t:|1757930025
|switch|p2a: Gengar|Gengar, F|100/100
|turn|15
|
|t:|1757930030
|move|p2a: Gengar|Thunderbolt|p1a: Empoleon
|-supereffective|p1a: Empoleon
|-damage|p1a: Empoleon|30/100
|move|p1a: Empoleon|Surf|p2a: Gengar
|-damage|p2a: Gengar|0 fnt
|faint|p2a: Gengar
|
|win|capitolg
|raw|capitolg's rating: 1177 &rarr; <strong>1203</strong><br />(+26 for winning)
|raw|Emicrackers's rating: 1184 &rarr; <strong>1158</strong><br />(-26 for losing)
|l|☆capitolg
|player|p1|
|l|☆Emicrackers
|player|p2|
