|j|☆ABraviousTinkaton
|j|☆rookie22
|t:|1757854316
|gametype|singles
|player|p1|ABraviousTinkaton|miku-ice|1605
|player|p2|rookie22|iris-gen5bw2|1658
|gen|9
|tier|[Gen 9] OU
|rated|
|rule|HP Percentage Mod: HP is shown in percentages
|rule|Endless Battle Clause: Forcing endless battles is banned
|rule|Species Clause: Limit one of each Pokémon
|rule|OHKO Clause: OHKO moves are banned
|rule|Evasion Items Clause: Evasion items are banned
|rule|Evasion Moves Clause: Evasion moves are banned
|rule|Evasion Abilities Clause: Evasion abilities are banned
|rule|Sleep Moves Clause: Sleep-inducing moves are banned
|clearpoke
|poke|p1|Iron Crown|
|poke|p1|Meowscarada, F|
|poke|p1|Great Tusk|
|poke|p1|Pecharunt|
|poke|p1|Ting-Lu|
|poke|p1|Iron Valiant|
|poke|p2|Dragonite, M|
|poke|p2|Meowscarada, M|
|poke|p2|Keldeo|
|poke|p2|Iron Crown|
|poke|p2|Raging Bolt|
|poke|p2|Great Tusk|
|teampreview
|inactive|Battle timer is ON: inactive players will automatically lose when time's up. (requested by rookie22)
|
|t:|1757854329
|teamsize|p1|6
|teamsize|p2|6
|start
|switch|p1a: Meowscarada|Meowscarada, F|100/100
|switch|p2a: Lisan Al Gaib|Keldeo|100/100
|turn|1
|
|t:|1757854334
|move|p2a: Lisan Al Gaib|Vacuum Wave|p1a: Meowscarada
|-supereffective|p1a: Meowscarada
|-damage|p1a: Meowscarada|0 fnt
|faint|p1a: Meowscarada
|
|upkeep
|
|t:|1757854339
|switch|p1a: Iron Crown|Iron Crown|100/100
|turn|2
|
|t:|1757854354
|switch|p2a: Meowscarada|Meowscarada, M|100/100
|move|p1a: Iron Crown|Tachyon Cutter|p2a: Meowscarada
|-damage|p2a: Meowscarada|44/100
|-damage|p2a: Meowscarada|0 fnt
|faint|p2a: Meowscarada
|-hitcount|p2: Meowscarada|2
|
|upkeep
|
|t:|1757854363
|switch|p2a: Lisan Al Gaib|Keldeo|100/100
|turn|3
|
|t:|1757854367
|move|p1a: Iron Crown|Tachyon Cutter|p2a: Lisan Al Gaib
|-resisted|p2a: Lisan Al Gaib
|-damage|p2a: Lisan Al Gaib|77/100
|-resisted|p2a: Lisan Al Gaib
|-damage|p2a: Lisan Al Gaib|57/100
|-hitcount|p2a: Lisan Al Gaib|2
|move|p2a: Lisan Al Gaib|Surf|p1a: Iron Crown
|-damage|p1a: Iron Crown|19/100
|
|upkeep
|turn|4
|
|t:|1757854382
|switch|p2a: Raging Bolt|Raging Bolt|100/100
|-terastallize|p1a: Iron Crown|Steel
|move|p1a: Iron Crown|Tachyon Cutter|p2a: Raging Bolt
|-resisted|p2a: Raging Bolt
|-damage|p2a: Raging Bolt|78/100
|-resisted|p2a: Raging Bolt
|-damage|p2a: Raging Bolt|55/100
|-hitcount|p2a: Raging Bolt|2
|
|-heal|p2a: Raging Bolt|61/100|[from] item: Leftovers
|upkeep
|turn|5
|
|t:|1757854406
|move|p1a: Iron Crown|Tachyon Cutter|p2a: Raging Bolt
|-resisted|p2a: Raging Bolt
|-damage|p2a: Raging Bolt|40/100
|-resisted|p2a: Raging Bolt
|-damage|p2a: Raging Bolt|18/100
|-hitcount|p2a: Raging Bolt|2
|move|p2a: Raging Bolt|Dragon Pulse|p1a: Iron Crown
|-resisted|p1a: Iron Crown
|-damage|p1a: Iron Crown|0 fnt
|faint|p1a: Iron Crown
|-end|p1a: Iron Crown|Quark Drive|[silent]
|
|-heal|p2a: Raging Bolt|24/100|[from] item: Leftovers
|upkeep
|
|t:|1757854408
|switch|p1a: Ting-Lu|Ting-Lu|100/100
|-ability|p1a: Ting-Lu|Vessel of Ruin
|turn|6
|
|t:|1757854411
|-end|p2a: Raging Bolt|Protosynthesis|[silent]
|switch|p2a: Great Tusk|Great Tusk|100/100
|move|p1a: Ting-Lu|Stealth Rock|p2a: Great Tusk
|-sidestart|p2: rookie22|move: Stealth Rock
|
|upkeep
|turn|7
|
|t:|1757854415
|move|p2a: Great Tusk|Earthquake|p1a: Ting-Lu
|-damage|p1a: Ting-Lu|68/100
|move|p1a: Ting-Lu|Ruination|p2a: Great Tusk
|-damage|p2a: Great Tusk|51/100
|
|-heal|p2a: Great Tusk|57/100|[from] item: Leftovers
|-heal|p1a: Ting-Lu|75/100|[from] item: Leftovers
|upkeep
|turn|8
|
|t:|1757854419
|switch|p1a: Pecharunt|Pecharunt|100/100
|move|p2a: Great Tusk|Ice Spinner|p1a: Pecharunt
|-damage|p1a: Pecharunt|84/100
|
|-heal|p2a: Great Tusk|63/100|[from] item: Leftovers
|upkeep
|turn|9
|
|t:|1757854423
|-end|p2a: Great Tusk|Protosynthesis|[silent]
|switch|p2a: Bene Gesserit|Iron Crown|100/100
|-damage|p2a: Bene Gesserit|94/100|[from] Stealth Rock
|move|p1a: Pecharunt|Parting Shot|p2a: Bene Gesserit
|-unboost|p2a: Bene Gesserit|atk|1
|-unboost|p2a: Bene Gesserit|spa|1
|
|t:|1757854426
|switch|p1a: Ting-Lu|Ting-Lu|75/100|[from] Parting Shot
|-ability|p1a: Ting-Lu|Vessel of Ruin
|
|-heal|p1a: Ting-Lu|81/100|[from] item: Leftovers
|upkeep
|turn|10
|
|t:|1757854429
|-end|p2a: Bene Gesserit|Quark Drive|[silent]
|switch|p2a: Great Tusk|Great Tusk|63/100
|-damage|p2a: Great Tusk|60/100|[from] Stealth Rock
|move|p1a: Ting-Lu|Earthquake|p2a: Great Tusk
|-damage|p2a: Great Tusk|35/100
|
|-heal|p2a: Great Tusk|41/100|[from] item: Leftovers
|-heal|p1a: Ting-Lu|87/100|[from] item: Leftovers
|upkeep
|turn|11
|
|t:|1757854435
|move|p2a: Great Tusk|Rapid Spin|p1a: Ting-Lu
|-damage|p1a: Ting-Lu|75/100
|-boost|p2a: Great Tusk|spe|1
|-sideend|p2: rookie22|Stealth Rock|[from] move: Rapid Spin|[of] p2a: Great Tusk
|move|p1a: Ting-Lu|Whirlwind|p2a: Great Tusk
|-end|p2a: Great Tusk|Protosynthesis|[silent]
|drag|p2a: MEGA DRAGONITE|Dragonite, M|100/100
|
|-heal|p1a: Ting-Lu|82/100|[from] item: Leftovers
|upkeep
|turn|12
|
|t:|1757854445
|switch|p2a: Great Tusk|Great Tusk|41/100
|move|p1a: Ting-Lu|Stealth Rock|p2a: Great Tusk
|-sidestart|p2: rookie22|move: Stealth Rock
|
|-heal|p2a: Great Tusk|47/100|[from] item: Leftovers
|-heal|p1a: Ting-Lu|88/100|[from] item: Leftovers
|upkeep
|turn|13
|
|t:|1757854454
|switch|p1a: Pecharunt|Pecharunt|84/100
|move|p2a: Great Tusk|Ice Spinner|p1a: Pecharunt
|-damage|p1a: Pecharunt|71/100
|
|-heal|p2a: Great Tusk|53/100|[from] item: Leftovers
|upkeep
|turn|14
|
|t:|1757854459
|-end|p2a: Great Tusk|Protosynthesis|[silent]
|switch|p2a: Bene Gesserit|Iron Crown|94/100
|-damage|p2a: Bene Gesserit|88/100|[from] Stealth Rock
|move|p1a: Pecharunt|Recover|p1a: Pecharunt
|-heal|p1a: Pecharunt|100/100
|
|upkeep
|turn|15
|
|t:|1757854470
|move|p2a: Bene Gesserit|Tachyon Cutter|p1a: Pecharunt
|-damage|p1a: Pecharunt|74/100
|-damage|p1a: Pecharunt|50/100
|-hitcount|p1a: Pecharunt|2
|move|p1a: Pecharunt|Parting Shot|p2a: Bene Gesserit
|-unboost|p2a: Bene Gesserit|atk|1
|-unboost|p2a: Bene Gesserit|spa|1
|
|t:|1757854474
|switch|p1a: Great Tusk|Great Tusk|100/100|[from] Parting Shot
|
|upkeep
|turn|16
|
|t:|1757854479
|-end|p2a: Bene Gesserit|Quark Drive|[silent]
|switch|p2a: Great Tusk|Great Tusk|53/100
|-damage|p2a: Great Tusk|50/100|[from] Stealth Rock
|move|p1a: Great Tusk|Rapid Spin|p2a: Great Tusk
|-damage|p2a: Great Tusk|41/100
|-boost|p1a: Great Tusk|spe|1
|
|-heal|p2a: Great Tusk|47/100|[from] item: Leftovers
|upkeep
|turn|17
|
|t:|1757854485
|move|p1a: Great Tusk|Bulk Up|p1a: Great Tusk
|-boost|p1a: Great Tusk|atk|1
|-boost|p1a: Great Tusk|def|1
|move|p2a: Great Tusk|Rapid Spin|p1a: Great Tusk
|-damage|p1a: Great Tusk|93/100
|-boost|p2a: Great Tusk|spe|1
|-sideend|p2: rookie22|Stealth Rock|[from] move: Rapid Spin|[of] p2a: Great Tusk
|
|-heal|p1a: Great Tusk|99/100|[from] item: Leftovers
|-heal|p2a: Great Tusk|53/100|[from] item: Leftovers
|upkeep
|turn|18
|
|t:|1757854488
|move|p1a: Great Tusk|Bulk Up|p1a: Great Tusk
|-boost|p1a: Great Tusk|atk|1
|-boost|p1a: Great Tusk|def|1
|move|p2a: Great Tusk|Ice Spinner|p1a: Great Tusk
|-supereffective|p1a: Great Tusk
|-damage|p1a: Great Tusk|80/100
|
|-heal|p1a: Great Tusk|86/100|[from] item: Leftovers
|-heal|p2a: Great Tusk|59/100|[from] item: Leftovers
|upkeep
|turn|19
|
|t:|1757854492
|move|p1a: Great Tusk|Bulk Up|p1a: Great Tusk
|-boost|p1a: Great Tusk|atk|1
|-boost|p1a: Great Tusk|def|1
|move|p2a: Great Tusk|Ice Spinner|p1a: Great Tusk
|-supereffective|p1a: Great Tusk
|-damage|p1a: Great Tusk|70/100
|
|-heal|p1a: Great Tusk|76/100|[from] item: Leftovers
|-heal|p2a: Great Tusk|65/100|[from] item: Leftovers
|upkeep
|turn|20
|
|t:|1757854495
|move|p1a: Great Tusk|Rapid Spin|p2a: Great Tusk
|-damage|p2a: Great Tusk|41/100
|-boost|p1a: Great Tusk|spe|1
|move|p2a: Great Tusk|Ice Spinner|p1a: Great Tusk
|-supereffective|p1a: Great Tusk
|-damage|p1a: Great Tusk|60/100
|
|-heal|p1a: Great Tusk|66/100|[from] item: Leftovers
|-heal|p2a: Great Tusk|47/100|[from] item: Leftovers
|upkeep
|turn|21
|
|t:|1757854498
|move|p1a: Great Tusk|Bulk Up|p1a: Great Tusk
|-boost|p1a: Great Tusk|atk|1
|-boost|p1a: Great Tusk|def|1
|move|p2a: Great Tusk|Ice Spinner|p1a: Great Tusk
|-supereffective|p1a: Great Tusk
|-damage|p1a: Great Tusk|53/100
|
|-heal|p1a: Great Tusk|60/100|[from] item: Leftovers
|-heal|p2a: Great Tusk|53/100|[from] item: Leftovers
|upkeep
|turn|22
|
|t:|1757854507
|move|p1a: Great Tusk|Ice Spinner|p2a: Great Tusk
|-supereffective|p2a: Great Tusk
|-damage|p2a: Great Tusk|0 fnt
|faint|p2a: Great Tusk
|-end|p2a: Great Tusk|Protosynthesis|[silent]
|
|-heal|p1a: Great Tusk|66/100|[from] item: Leftovers
|upkeep
|
|t:|1757854512
|switch|p2a: Lisan Al Gaib|Keldeo|57/100
|turn|23
|
|t:|1757854516
|-terastallize|p2a: Lisan Al Gaib|Fighting
|move|p2a: Lisan Al Gaib|Vacuum Wave|p1a: Great Tusk
|-damage|p1a: Great Tusk|8/100
|move|p1a: Great Tusk|Headlong Rush|p2a: Lisan Al Gaib
|-damage|p2a: Lisan Al Gaib|0 fnt
|-unboost|p1a: Great Tusk|def|1
|-unboost|p1a: Great Tusk|spd|1
|faint|p2a: Lisan Al Gaib
|
|-heal|p1a: Great Tusk|14/100|[from] item: Leftovers
|upkeep
|-message|rookie22 forfeited.
|
|win|ABraviousTinkaton
|raw|ABraviousTinkaton's rating: 1622 &rarr; <strong>1644</strong><br />(+22 for winning)
|raw|rookie22's rating: 1658 &rarr; <strong>1636</strong><br />(-22 for losing)
|l|☆rookie22
|player|p2|
|l|☆ABraviousTinkaton
|player|p1|
|j| Nikator98
|l| Nikator98
