|j|☆leezee-yy
|j|☆moodrandom
|t:|1757851526
|gametype|singles
|player|p1|leezee-yy|steven|1410
|player|p2|moodrandom|pokemonbreeder-gen4|1484
|gen|9
|tier|[Gen 9] OU
|rated|
|rule|HP Percentage Mod: HP is shown in percentages
|rule|Endless Battle Clause: Forcing endless battles is banned
|rule|Species Clause: Limit one of each Pokémon
|rule|OHKO Clause: OHKO moves are banned
|rule|Evasion Items Clause: Evasion items are banned
|rule|Evasion Moves Clause: Evasion moves are banned
|rule|Evasion Abilities Clause: Evasion abilities are banned
|rule|Sleep Moves Clause: Sleep-inducing moves are banned
|clearpoke
|poke|p1|Conkeldurr, F|
|poke|p1|Metagross|
|poke|p1|Zapdos|
|poke|p1|Meowscarada, F|
|poke|p1|Zamazenta-*|
|poke|p1|Deoxys-Speed|
|poke|p2|Iron Hands|
|poke|p2|Alomomola, F|
|poke|p2|Meowscarada, M|
|poke|p2|Fezandipiti, M|
|poke|p2|Iron Treads|
|poke|p2|Braviary-Hisui, M|
|teampreview
|inactive|Battle timer is ON: inactive players will automatically lose when time's up. (requested by leezee-yy)
|
|t:|1757851543
|teamsize|p1|6
|teamsize|p2|6
|start
|switch|p1a: Zamazenta|Zamazenta|100/100
|switch|p2a: Meowscarada|Meowscarada, M|100/100
|-ability|p1a: Zamazenta|Dauntless Shield|boost
|-boost|p1a: Zamazenta|def|1
|turn|1
|
|t:|1757851556
|move|p2a: Meowscarada|Trick|p1a: Zamazenta
|-start|p2a: Meowscarada|typechange|Psychic|[from] ability: Protean
|-activate|p2a: Meowscarada|move: Trick|[of] p1a: Zamazenta
|-item|p1a: Zamazenta|Choice Scarf|[from] move: Trick
|-item|p2a: Meowscarada|Assault Vest|[from] move: Trick
|move|p1a: Zamazenta|Ice Fang|p2a: Meowscarada
|-damage|p2a: Meowscarada|69/100
|
|upkeep
|turn|2
|
|t:|1757851573
|move|p1a: Zamazenta|Ice Fang|p2a: Meowscarada
|-damage|p2a: Meowscarada|38/100
|cant|p2a: Meowscarada|flinch
|
|upkeep
|turn|3
|
|t:|1757851579
|switch|p2a: Alomomola|Alomomola, F|100/100
|move|p1a: Zamazenta|Ice Fang|p2a: Alomomola
|-resisted|p2a: Alomomola
|-damage|p2a: Alomomola|95/100
|
|upkeep
|turn|4
|
|t:|1757851582
|switch|p1a: Zapdos|Zapdos|100/100
|move|p2a: Alomomola|Wish|p2a: Alomomola
|
|upkeep
|turn|5
|
|t:|1757851587
|switch|p2a: Iron Treads|Iron Treads|100/100
|-item|p2a: Iron Treads|Air Balloon
|move|p1a: Zapdos|Discharge|p2a: Iron Treads
|-immune|p2a: Iron Treads
|
|upkeep
|turn|6
|
|t:|1757851592
|move|p2a: Iron Treads|Stealth Rock|p1a: Zapdos
|-sidestart|p1: leezee-yy|move: Stealth Rock
|move|p1a: Zapdos|U-turn|p2a: Iron Treads
|-resisted|p2a: Iron Treads
|-damage|p2a: Iron Treads|94/100
|-enditem|p2a: Iron Treads|Air Balloon
|
|t:|1757851595
|switch|p1a: Conkeldurr|Conkeldurr, F|100/100|[from] U-turn
|-damage|p1a: Conkeldurr|94/100|[from] Stealth Rock
|
|-heal|p1a: Conkeldurr|100/100|[from] item: Leftovers
|upkeep
|turn|7
|
|t:|1757851607
|-end|p2a: Iron Treads|Quark Drive|[silent]
|switch|p2a: Braviary|Braviary-Hisui, M|100/100
|move|p1a: Conkeldurr|Defog|p2a: Braviary
|-unboost|p2a: Braviary|evasion|1
|-sideend|p1: leezee-yy|Stealth Rock|[from] move: Defog|[of] p1a: Conkeldurr
|
|upkeep
|turn|8
|
|t:|1757851622
|switch|p1a: Meowscarada|Meowscarada, F|100/100
|move|p2a: Braviary|Dazzling Gleam|p1a: Meowscarada
|-supereffective|p1a: Meowscarada
|-damage|p1a: Meowscarada|0 fnt
|faint|p1a: Meowscarada
|
|upkeep
|
|t:|1757851628
|switch|p1a: Metagross|Metagross, shiny|100/100
|turn|9
|
|t:|1757851636
|switch|p2a: Alomomola|Alomomola, F|100/100
|move|p1a: Metagross|Knock Off|p2a: Alomomola
|-damage|p2a: Alomomola|79/100
|-enditem|p2a: Alomomola|Heavy-Duty Boots|[from] move: Knock Off|[of] p1a: Metagross
|
|upkeep
|turn|10
|
|t:|1757851642
|move|p1a: Metagross|Psychic Fangs|p2a: Alomomola
|-damage|p2a: Alomomola|51/100
|move|p2a: Alomomola|Flip Turn|p1a: Metagross
|-damage|p1a: Metagross|89/100
|
|t:|1757851650
|switch|p2a: Iron Treads|Iron Treads|94/100|[from] Flip Turn
|
|-heal|p1a: Metagross|95/100|[from] item: Leftovers
|upkeep
|turn|11
|
|t:|1757851653
|move|p2a: Iron Treads|Earthquake|p1a: Metagross
|-supereffective|p1a: Metagross
|-damage|p1a: Metagross|25/100
|move|p1a: Metagross|Earthquake|p2a: Iron Treads
|-supereffective|p2a: Iron Treads
|-damage|p2a: Iron Treads|27/100
|
|-heal|p1a: Metagross|32/100|[from] item: Leftovers
|upkeep
|turn|12
|
|t:|1757851660
|switch|p1a: Conkeldurr|Conkeldurr, F|100/100
|move|p2a: Iron Treads|Earthquake|p1a: Conkeldurr
|-crit|p1a: Conkeldurr
|-damage|p1a: Conkeldurr|40/100
|
|-heal|p1a: Conkeldurr|46/100|[from] item: Leftovers
|upkeep
|turn|13
|
|t:|1757851665
|-end|p2a: Iron Treads|Quark Drive|[silent]
|switch|p2a: Alomomola|Alomomola, F|84/100
|move|p1a: Conkeldurr|Mach Punch|p2a: Alomomola
|-damage|p2a: Alomomola|67/100
|
|-heal|p1a: Conkeldurr|52/100|[from] item: Leftovers
|upkeep
|turn|14
|
|t:|1757851669
|switch|p1a: Zapdos|Zapdos|100/100
|move|p2a: Alomomola|Wish|p2a: Alomomola
|
|upkeep
|turn|15
|
|t:|1757851675
|switch|p2a: Iron Treads|Iron Treads|27/100
|move|p1a: Zapdos|Discharge|p2a: Iron Treads
|-immune|p2a: Iron Treads
|
|-heal|p2a: Iron Treads|100/100|[from] move: Wish|[wisher] Alomomola
|upkeep
|turn|16
|
|t:|1757851680
|move|p2a: Iron Treads|Stealth Rock|p1a: Zapdos
|-sidestart|p1: leezee-yy|move: Stealth Rock
|move|p1a: Zapdos|Heat Wave|p2a: Iron Treads
|-supereffective|p2a: Iron Treads
|-damage|p2a: Iron Treads|20/100
|
|upkeep
|turn|17
|
|t:|1757851688
|-end|p2a: Iron Treads|Quark Drive|[silent]
|switch|p2a: Fezandipiti|Fezandipiti, M|100/100
|move|p1a: Zapdos|U-turn|p2a: Fezandipiti
|-resisted|p2a: Fezandipiti
|-damage|p2a: Fezandipiti|97/100
|
|t:|1757851691
|switch|p1a: Metagross|Metagross, shiny|32/100|[from] U-turn
|-damage|p1a: Metagross|25/100|[from] Stealth Rock
|
|-heal|p1a: Metagross|32/100|[from] item: Leftovers
|upkeep
|turn|18
|
|t:|1757851700
|switch|p2a: Alomomola|Alomomola, F|100/100
|move|p1a: Metagross|Knock Off|p2a: Alomomola
|-damage|p2a: Alomomola|87/100
|
|-heal|p1a: Metagross|38/100|[from] item: Leftovers
|upkeep
|turn|19
|
|t:|1757851704
|move|p1a: Metagross|Psychic Fangs|p2a: Alomomola
|-damage|p2a: Alomomola|62/100
|move|p2a: Alomomola|Flip Turn|p1a: Metagross
|-damage|p1a: Metagross|26/100
|
|t:|1757851713
|switch|p2a: Braviary|Braviary-Hisui, M|100/100|[from] Flip Turn
|
|-heal|p1a: Metagross|32/100|[from] item: Leftovers
|upkeep
|turn|20
|
|t:|1757851717
|move|p2a: Braviary|Dazzling Gleam|p1a: Metagross
|-resisted|p1a: Metagross
|-damage|p1a: Metagross|0 fnt
|faint|p1a: Metagross
|
|upkeep
|
|t:|1757851720
|switch|p1a: Zamazenta|Zamazenta|100/100
|-damage|p1a: Zamazenta|95/100|[from] Stealth Rock
|turn|21
|
|t:|1757851724
|switch|p2a: Alomomola|Alomomola, F|95/100
|move|p1a: Zamazenta|Stone Edge|p2a: Alomomola|[miss]
|-miss|p1a: Zamazenta|p2a: Alomomola
|
|upkeep
|turn|22
|-message|leezee-yy forfeited.
|
|win|moodrandom
|raw|leezee-yy's rating: 1410 &rarr; <strong>1394</strong><br />(-16 for losing)
|raw|moodrandom's rating: 1484 &rarr; <strong>1500</strong><br />(+16 for winning)
|l|☆leezee-yy
|player|p1|
|l|☆moodrandom
|player|p2|
