|j|☆BAEL THE BAYLEAF
|j|☆sparrrringer
|t:|1757792806
|gametype|singles
|player|p1|BAEL THE BAYLEAF|ash|1100
|player|p2|sparrrringer|170|1120
|gen|9
|tier|[Gen 9] OU
|rated|
|rule|HP Percentage Mod: HP is shown in percentages
|rule|Endless Battle Clause: Forcing endless battles is banned
|rule|Species Clause: Limit one of each Pokémon
|rule|OHKO Clause: OHKO moves are banned
|rule|Evasion Items Clause: Evasion items are banned
|rule|Evasion Moves Clause: Evasion moves are banned
|rule|Evasion Abilities Clause: Evasion abilities are banned
|rule|Sleep Moves Clause: Sleep-inducing moves are banned
|clearpoke
|poke|p1|Bronzong|
|poke|p1|Walking Wake|
|poke|p1|Great Tusk|
|poke|p1|Iron Moth|
|poke|p1|Hydrapple, F|
|poke|p1|Kingambit, F|
|poke|p2|Zamazenta-*|
|poke|p2|Landorus-Therian, M|
|poke|p2|Hatterene, F|
|poke|p2|Darkrai|
|poke|p2|Gholdengo|
|poke|p2|Dragonite, F|
|teampreview
|inactive|Battle timer is ON: inactive players will automatically lose when time's up. (requested by BAEL THE BAYLEAF)
|
|t:|1757792823
|teamsize|p1|6
|teamsize|p2|6
|start
|switch|p1a: Walking Wake|Walking Wake|100/100
|switch|p2a: Darkrai|Darkrai|100/100
|turn|1
|
|t:|1757792832
|move|p2a: Darkrai|Knock Off|p1a: Walking Wake
|-damage|p1a: Walking Wake|61/100
|-enditem|p1a: Walking Wake|Life Orb|[from] move: Knock Off|[of] p2a: Darkrai
|move|p1a: Walking Wake|Sunny Day|p1a: Walking Wake
|-weather|SunnyDay
|-activate|p1a: Walking Wake|ability: Protosynthesis
|-start|p1a: Walking Wake|protosynthesisspa
|
|-weather|SunnyDay|[upkeep]
|upkeep
|turn|2
|
|t:|1757792842
|move|p2a: Darkrai|Dark Pulse|p1a: Walking Wake
|-damage|p1a: Walking Wake|0 fnt
|faint|p1a: Walking Wake
|-end|p1a: Walking Wake|Protosynthesis|[silent]
|
|-weather|SunnyDay|[upkeep]
|upkeep
|
|t:|1757792856
|switch|p1a: Bronzong|Bronzong|100/100
|turn|3
|
|t:|1757792860
|switch|p1a: Great Tusk|Great Tusk|100/100
|-activate|p1a: Great Tusk|ability: Protosynthesis
|-start|p1a: Great Tusk|protosynthesisatk
|move|p2a: Darkrai|Dark Pulse|p1a: Great Tusk
|-resisted|p1a: Great Tusk
|-damage|p1a: Great Tusk|60/100
|
|-weather|SunnyDay|[upkeep]
|upkeep
|turn|4
|
|t:|1757792871
|move|p2a: Darkrai|Ice Beam|p1a: Great Tusk
|-supereffective|p1a: Great Tusk
|-damage|p1a: Great Tusk|0 fnt
|faint|p1a: Great Tusk
|-end|p1a: Great Tusk|Protosynthesis|[silent]
|
|-weather|SunnyDay|[upkeep]
|upkeep
|
|t:|1757792879
|switch|p1a: Bronzong|Bronzong|100/100
|turn|5
|
|t:|1757792888
|move|p2a: Darkrai|Dark Pulse|p1a: Bronzong
|-supereffective|p1a: Bronzong
|-damage|p1a: Bronzong|28/100
|move|p1a: Bronzong|Gyro Ball|p2a: Darkrai
|-damage|p2a: Darkrai|19/100
|
|-weather|none
|upkeep
|turn|6
|-message|BAEL THE BAYLEAF forfeited.
|
|win|sparrrringer
|raw|BAEL THE BAYLEAF's rating: 1100 &rarr; <strong>1076</strong><br />(-24 for losing)
|raw|sparrrringer's rating: 1120 &rarr; <strong>1144</strong><br />(+24 for winning)
|l|☆BAEL THE BAYLEAF
|player|p1|
|c|☆sparrrringer|/log sparrrringer made this room public.
