|j|☆thraxxedout!
|j|☆inspector bush
|t:|1757874242
|gametype|singles
|player|p1|thraxxedout!|266|1442
|player|p2|inspector bush|2|1400
|gen|9
|tier|[Gen 9] OU
|rated|
|rule|HP Percentage Mod: HP is shown in percentages
|rule|Endless Battle Clause: Forcing endless battles is banned
|rule|Species Clause: Limit one of each Pokémon
|rule|OHKO Clause: OHKO moves are banned
|rule|Evasion Items Clause: Evasion items are banned
|rule|Evasion Moves Clause: Evasion moves are banned
|rule|Evasion Abilities Clause: Evasion abilities are banned
|rule|Sleep Moves Clause: Sleep-inducing moves are banned
|clearpoke
|poke|p1|Ting-Lu|
|poke|p1|Metagross|
|poke|p1|Weezing-Galar, M|
|poke|p1|Kommo-o, M|
|poke|p1|Araquanid, M|
|poke|p1|Brambleghast, M|
|poke|p2|Great Tusk|
|poke|p2|Heatran, M|
|poke|p2|Weavile, M|
|poke|p2|Primarina, M|
|poke|p2|Ogerpon, F|
|poke|p2|Pecharunt|
|teampreview
|
|t:|1757874276
|teamsize|p1|6
|teamsize|p2|6
|start
|switch|p1a: Dover 🎣|Araquanid, M|100/100
|switch|p2a: Anonymous|Ogerpon, F|100/100
|turn|1
|
|t:|1757874287
|switch|p1a: Moon Boy 🌖|Weezing-Galar, M|100/100
|move|p2a: Anonymous|Ivy Cudgel|p1a: Moon Boy 🌖
|-resisted|p1a: Moon Boy 🌖
|-crit|p1a: Moon Boy 🌖
|-damage|p1a: Moon Boy 🌖|59/100
|-enditem|p1a: Moon Boy 🌖|Jaboca Berry|[eat]
|-damage|p2a: Anonymous|88/100|[from] item: Jaboca Berry|[of] p1a: Moon Boy 🌖
|
|upkeep
|turn|2
|
|t:|1757874316
|switch|p2a: Chaos|Heatran, M, shiny|100/100
|-item|p2a: Chaos|Air Balloon
|switch|p1a: Dover 🎣|Araquanid, M|100/100
|
|upkeep
|turn|3
|
|t:|1757874325
|move|p2a: Chaos|Taunt|p1a: Dover 🎣
|-start|p1a: Dover 🎣|move: Taunt
|cant|p1a: Dover 🎣|move: Taunt|Sticky Web
|
|upkeep
|turn|4
|
|t:|1757874333
|switch|p2a: Celestine|Primarina, M, shiny|100/100
|move|p1a: Dover 🎣|Liquidation|p2a: Celestine
|-resisted|p2a: Celestine
|-damage|p2a: Celestine|61/100
|-unboost|p2a: Celestine|def|1
|
|upkeep
|turn|5
|
|t:|1757874340
|move|p2a: Celestine|Flip Turn|p1a: Dover 🎣
|-resisted|p1a: Dover 🎣
|-damage|p1a: Dover 🎣|93/100
|
|t:|1757874344
|switch|p2a: Overseer|Pecharunt|100/100|[from] Flip Turn
|move|p1a: Dover 🎣|Liquidation|p2a: Overseer
|-damage|p2a: Overseer|72/100
|-damage|p1a: Dover 🎣|76/100|[from] item: Rocky Helmet|[of] p2a: Overseer
|
|-end|p1a: Dover 🎣|move: Taunt
|upkeep
|turn|6
|
|t:|1757874349
|move|p2a: Overseer|Malignant Chain|p1a: Dover 🎣
|-damage|p1a: Dover 🎣|51/100
|move|p1a: Dover 🎣|Sticky Web|p2a: Overseer
|-sidestart|p2: inspector bush|move: Sticky Web
|
|upkeep
|turn|7
|
|t:|1757874355
|switch|p1a: Mob 🤖|Metagross|100/100
|move|p2a: Overseer|Shadow Ball|p1a: Mob 🤖
|-supereffective|p1a: Mob 🤖
|-damage|p1a: Mob 🤖|46/100
|
|upkeep
|turn|8
|
|t:|1757874371
|switch|p1a: Mai-Tai 🥡|Ting-Lu|100/100
|-ability|p1a: Mai-Tai 🥡|Vessel of Ruin
|move|p2a: Overseer|Shadow Ball|p1a: Mai-Tai 🥡
|-resisted|p1a: Mai-Tai 🥡
|-damage|p1a: Mai-Tai 🥡|95/100
|-unboost|p1a: Mai-Tai 🥡|spd|1
|
|-heal|p1a: Mai-Tai 🥡|100/100|[from] item: Leftovers
|upkeep
|turn|9
|
|t:|1757874386
|move|p2a: Overseer|Parting Shot|p1a: Mai-Tai 🥡
|-unboost|p1a: Mai-Tai 🥡|atk|1
|-unboost|p1a: Mai-Tai 🥡|spa|1
|
|t:|1757874389
|switch|p2a: Anonymous|Ogerpon, F|88/100|[from] Parting Shot
|-activate|p2a: Anonymous|move: Sticky Web
|-unboost|p2a: Anonymous|spe|1
|-ability|p2a: Anonymous|Defiant|boost
|-boost|p2a: Anonymous|atk|2
|move|p1a: Mai-Tai 🥡|Whirlwind|p2a: Anonymous
|drag|p2a: Celestine|Primarina, M, shiny|61/100
|-activate|p2a: Celestine|move: Sticky Web
|-unboost|p2a: Celestine|spe|1
|
|upkeep
|turn|10
|
|t:|1757874409
|move|p1a: Mai-Tai 🥡|Earthquake|p2a: Celestine
|-damage|p2a: Celestine|32/100
|move|p2a: Celestine|Moonblast|p1a: Mai-Tai 🥡
|-supereffective|p1a: Mai-Tai 🥡
|-damage|p1a: Mai-Tai 🥡|30/100
|
|-heal|p1a: Mai-Tai 🥡|37/100|[from] item: Leftovers
|upkeep
|turn|11
|
|t:|1757874435
|switch|p2a: Chaos|Heatran, M, shiny|100/100
|-item|p2a: Chaos|Air Balloon
|move|p1a: Mai-Tai 🥡|Earthquake|p2a: Chaos
|-immune|p2a: Chaos
|
|-heal|p1a: Mai-Tai 🥡|43/100|[from] item: Leftovers
|upkeep
|turn|12
|
|t:|1757874442
|move|p2a: Chaos|Magma Storm|p1a: Mai-Tai 🥡
|-damage|p1a: Mai-Tai 🥡|10/100
|-activate|p1a: Mai-Tai 🥡|move: Magma Storm|[of] p2a: Chaos
|move|p1a: Mai-Tai 🥡|Ruination|p2a: Chaos
|-damage|p2a: Chaos|51/100
|-enditem|p2a: Chaos|Air Balloon
|
|-heal|p1a: Mai-Tai 🥡|16/100|[from] item: Leftovers
|-damage|p1a: Mai-Tai 🥡|3/100|[from] move: Magma Storm|[partiallytrapped]
|upkeep
|turn|13
|
|t:|1757874451
|move|p2a: Chaos|Earth Power|p1a: Mai-Tai 🥡
|-damage|p1a: Mai-Tai 🥡|0 fnt
|faint|p1a: Mai-Tai 🥡
|
|upkeep
|
|t:|1757874466
|switch|p1a: Dover 🎣|Araquanid, M|51/100
|turn|14
|
|t:|1757874473
|switch|p2a: Overseer|Pecharunt|72/100
|-activate|p2a: Overseer|move: Sticky Web
|-unboost|p2a: Overseer|spe|1
|move|p1a: Dover 🎣|Liquidation|p2a: Overseer
|-damage|p2a: Overseer|42/100
|-damage|p1a: Dover 🎣|35/100|[from] item: Rocky Helmet|[of] p2a: Overseer
|
|upkeep
|turn|15
|
|t:|1757874499
|switch|p1a: Valeria 🗡️|Kommo-o, M|100/100
|move|p2a: Overseer|Recover|p2a: Overseer
|-heal|p2a: Overseer|92/100
|
|upkeep
|turn|16
|
|t:|1757874506
|switch|p1a: Mob 🤖|Metagross|46/100
|move|p2a: Overseer|Malignant Chain|p1a: Mob 🤖
|-immune|p1a: Mob 🤖
|
|upkeep
|turn|17
|
|t:|1757874512
|move|p1a: Mob 🤖|Knock Off|p2a: Overseer
|-supereffective|p2a: Overseer
|-damage|p2a: Overseer|48/100
|-damage|p1a: Mob 🤖|29/100|[from] item: Rocky Helmet|[of] p2a: Overseer
|-enditem|p2a: Overseer|Rocky Helmet|[from] move: Knock Off|[of] p1a: Mob 🤖
|-damage|p1a: Mob 🤖|19/100|[from] item: Life Orb
|move|p2a: Overseer|Shadow Ball|p1a: Mob 🤖
|-supereffective|p1a: Mob 🤖
|-damage|p1a: Mob 🤖|0 fnt
|faint|p1a: Mob 🤖
|
|upkeep
|
|t:|1757874525
|switch|p1a: Jewel 🍃|Brambleghast, M|100/100
|turn|18
|j| ProfSheen
|
|t:|1757874544
|-terastallize|p1a: Jewel 🍃|Grass
|move|p1a: Jewel 🍃|Poltergeist||[still]
|-fail|p1a: Jewel 🍃
|move|p2a: Overseer|Malignant Chain|p1a: Jewel 🍃
|-supereffective|p1a: Jewel 🍃
|-damage|p1a: Jewel 🍃|18/100
|-status|p1a: Jewel 🍃|tox
|-start|p1a: Jewel 🍃|confusion|[from] ability: Poison Puppeteer|[of] p2a: Overseer
|
|-damage|p1a: Jewel 🍃|12/100 tox|[from] psn
|upkeep
|turn|19
|
|t:|1757874557
|-activate|p1a: Jewel 🍃|confusion
|move|p1a: Jewel 🍃|Leech Seed|p2a: Overseer
|-start|p2a: Overseer|move: Leech Seed
|move|p2a: Overseer|Recover|p2a: Overseer
|-heal|p2a: Overseer|98/100
|
|-damage|p2a: Overseer|86/100|[from] Leech Seed|[of] p1a: Jewel 🍃
|-heal|p1a: Jewel 🍃|27/100 tox|[silent]
|-damage|p1a: Jewel 🍃|15/100 tox|[from] psn
|upkeep
|turn|20
|
|t:|1757874575
|-activate|p1a: Jewel 🍃|confusion
|-damage|p1a: Jewel 🍃|0 fnt|[from] confusion
|faint|p1a: Jewel 🍃
|move|p2a: Overseer|Parting Shot|p1: Jewel 🍃|[notarget]
|-fail|p2a: Overseer
|
|upkeep
|
|t:|1757874584
|switch|p1a: Valeria 🗡️|Kommo-o, M|100/100
|turn|21
|
|t:|1757874587
|move|p1a: Valeria 🗡️|Clangorous Soul|p1a: Valeria 🗡️
|-boost|p1a: Valeria 🗡️|atk|1
|-boost|p1a: Valeria 🗡️|def|1
|-boost|p1a: Valeria 🗡️|spa|1
|-boost|p1a: Valeria 🗡️|spd|1
|-boost|p1a: Valeria 🗡️|spe|1
|-damage|p1a: Valeria 🗡️|68/100
|-enditem|p1a: Valeria 🗡️|Throat Spray
|-boost|p1a: Valeria 🗡️|spa|1|[from] item: Throat Spray
|move|p2a: Overseer|Malignant Chain|p1a: Valeria 🗡️
|-damage|p1a: Valeria 🗡️|43/100
|
|-damage|p2a: Overseer|74/100|[from] Leech Seed|[of] p1a: Valeria 🗡️
|-heal|p1a: Valeria 🗡️|60/100|[silent]
|upkeep
|turn|22
|
|t:|1757874602
|move|p1a: Valeria 🗡️|Clanging Scales|p2a: Overseer
|-damage|p2a: Overseer|0 fnt
|faint|p2a: Overseer
|-unboost|p1a: Valeria 🗡️|def|1
|
|upkeep
|
|t:|1757874614
|switch|p2a: Behemoth|Great Tusk, shiny|100/100
|turn|23
|
|t:|1757874625
|move|p1a: Valeria 🗡️|Clanging Scales|p2a: Behemoth
|-damage|p2a: Behemoth|0 fnt
|faint|p2a: Behemoth
|-end|p2a: Behemoth|Protosynthesis|[silent]
|-unboost|p1a: Valeria 🗡️|def|1
|
|upkeep
|
|t:|1757874649
|switch|p2a: Celestine|Primarina, M, shiny|32/100
|-activate|p2a: Celestine|move: Sticky Web
|-unboost|p2a: Celestine|spe|1
|turn|24
|
|t:|1757874652
|move|p1a: Valeria 🗡️|Boomburst|p2a: Celestine
|-damage|p2a: Celestine|0 fnt
|faint|p2a: Celestine
|
|upkeep
|
|t:|1757874656
|switch|p2a: Bandit|Weavile, M, shiny|100/100
|-activate|p2a: Bandit|move: Sticky Web
|-unboost|p2a: Bandit|spe|1
|-ability|p2a: Bandit|Pressure
|turn|25
|
|t:|1757874660
|-terastallize|p2a: Bandit|Ice
|move|p2a: Bandit|Ice Shard|p1a: Valeria 🗡️
|-supereffective|p1a: Valeria 🗡️
|-damage|p1a: Valeria 🗡️|0 fnt
|faint|p1a: Valeria 🗡️
|
|upkeep
|
|t:|1757874673
|switch|p1a: Dover 🎣|Araquanid, M|35/100
|turn|26
|
|t:|1757874685
|switch|p2a: Anonymous|Ogerpon, F|88/100
|-activate|p2a: Anonymous|move: Sticky Web
|-unboost|p2a: Anonymous|spe|1
|-ability|p2a: Anonymous|Defiant|boost
|-boost|p2a: Anonymous|atk|2
|move|p1a: Dover 🎣|Liquidation|p2a: Anonymous
|-resisted|p2a: Anonymous
|-damage|p2a: Anonymous|44/100
|-unboost|p2a: Anonymous|def|1
|-ability|p2a: Anonymous|Defiant|boost
|-boost|p2a: Anonymous|atk|2
|
|upkeep
|turn|27
|
|t:|1757874701
|move|p2a: Anonymous|Ivy Cudgel|p1a: Dover 🎣
|-damage|p1a: Dover 🎣|0 fnt
|faint|p1a: Dover 🎣
|
|upkeep
|
|t:|1757874704
|switch|p1a: Moon Boy 🌖|Weezing-Galar, M|59/100
|turn|28
|
|t:|1757874707
|move|p2a: Anonymous|Ivy Cudgel|p1a: Moon Boy 🌖
|-resisted|p1a: Moon Boy 🌖
|-damage|p1a: Moon Boy 🌖|0 fnt
|faint|p1a: Moon Boy 🌖
|
|win|inspector bush
|raw|thraxxedout!'s rating: 1442 &rarr; <strong>1420</strong><br />(-22 for losing)
|raw|inspector bush's rating: 1400 &rarr; <strong>1422</strong><br />(+22 for winning)
|l|☆thraxxedout!
|player|p1|
|l|☆inspector bush
|player|p2|
|l| ProfSheen
