|j|☆shengrenyu
|j|☆TheJobApplication
|t:|1757859306
|gametype|singles
|player|p1|shengrenyu|wattson|1409
|player|p2|TheJobApplication|2|1396
|gen|9
|tier|[Gen 9] OU
|rated|
|rule|HP Percentage Mod: HP is shown in percentages
|rule|Endless Battle Clause: Forcing endless battles is banned
|rule|Species Clause: Limit one of each Pokémon
|rule|OHKO Clause: OHKO moves are banned
|rule|Evasion Items Clause: Evasion items are banned
|rule|Evasion Moves Clause: Evasion moves are banned
|rule|Evasion Abilities Clause: Evasion abilities are banned
|rule|Sleep Moves Clause: Sleep-inducing moves are banned
|clearpoke
|poke|p1|Torkoal, M|
|poke|p1|Hatterene, F|
|poke|p1|Raging Bolt|
|poke|p1|Venusaur, M|
|poke|p1|Walking Wake|
|poke|p1|Great Tusk|
|poke|p2|Chandelure, F|
|poke|p2|Great Tusk|
|poke|p2|Kingambit, F|
|poke|p2|Dragapult, F|
|poke|p2|Rillaboom, M|
|poke|p2|Corviknight, M|
|teampreview
|inactive|Battle timer is ON: inactive players will automatically lose when time's up. (requested by TheJobApplication)
|
|t:|1757859310
|teamsize|p1|6
|teamsize|p2|6
|start
|switch|p1a: 火山小弟|Torkoal, M|100/100
|switch|p2a: Steven|Dragapult, F|100/100
|-weather|SunnyDay|[from] ability: Drought|[of] p1a: 火山小弟
|turn|1
|
|t:|1757859316
|switch|p1a: 勇敢雄雄不怕困难|Great Tusk|100/100
|-activate|p1a: 勇敢雄雄不怕困难|ability: Protosynthesis
|-start|p1a: 勇敢雄雄不怕困难|protosynthesisatk
|move|p2a: Steven|Draco Meteor|p1a: 勇敢雄雄不怕困难
|-damage|p1a: 勇敢雄雄不怕困难|36/100
|-unboost|p2a: Steven|spa|2
|
|-weather|SunnyDay|[upkeep]
|upkeep
|turn|2
|
|t:|1757859331
|-end|p1a: 勇敢雄雄不怕困难|Protosynthesis|[silent]
|switch|p1a: 蓝色大狗狗|Walking Wake|100/100
|-activate|p1a: 蓝色大狗狗|ability: Protosynthesis
|-start|p1a: 蓝色大狗狗|protosynthesisspe
|move|p2a: Steven|Draco Meteor|p1a: 蓝色大狗狗
|-supereffective|p1a: 蓝色大狗狗
|-damage|p1a: 蓝色大狗狗|0 fnt
|-unboost|p2a: Steven|spa|2
|faint|p1a: 蓝色大狗狗
|-end|p1a: 蓝色大狗狗|Protosynthesis|[silent]
|
|-weather|SunnyDay|[upkeep]
|upkeep
|
|t:|1757859341
|switch|p1a: 大青蛙哥哥|Venusaur, M|100/100
|turn|3
|j| Disscratch
|
|t:|1757859357
|switch|p2a: Evan|Corviknight, M|100/100
|-ability|p2a: Evan|Pressure
|move|p1a: 大青蛙哥哥|Growth|p1a: 大青蛙哥哥
|-boost|p1a: 大青蛙哥哥|atk|2
|-boost|p1a: 大青蛙哥哥|spa|2
|
|-weather|SunnyDay|[upkeep]
|upkeep
|turn|4
|
|t:|1757859366
|switch|p2a: Lebron|Chandelure, F|100/100
|move|p1a: 大青蛙哥哥|Weather Ball|p2a: Lebron
|-start|p2a: Lebron|ability: Flash Fire
|
|-weather|SunnyDay|[upkeep]
|upkeep
|turn|5
|
|t:|1757859387
|move|p1a: 大青蛙哥哥|Earthquake|p2a: Lebron
|-supereffective|p2a: Lebron
|-damage|p2a: Lebron|0 fnt
|faint|p2a: Lebron
|-damage|p1a: 大青蛙哥哥|91/100|[from] item: Life Orb
|
|-weather|SunnyDay|[upkeep]
|upkeep
|inactive|TheJobApplication has 120 seconds left.
|
|t:|1757859410
|switch|p2a: Evan|Corviknight, M|100/100
|-ability|p2a: Evan|Pressure
|turn|6
|
|t:|1757859417
|-terastallize|p2a: Evan|Flying
|move|p1a: 大青蛙哥哥|Weather Ball|p2a: Evan
|-damage|p2a: Evan|0 fnt
|faint|p2a: Evan
|-damage|p1a: 大青蛙哥哥|81/100|[from] item: Life Orb
|
|-weather|SunnyDay|[upkeep]
|upkeep
|
|t:|1757859421
|switch|p2a: Kevin|Kingambit, F|100/100
|-activate|p2a: Kevin|ability: Supreme Overlord
|-start|p2a: Kevin|fallen2|[silent]
|turn|7
|
|t:|1757859423
|move|p1a: 大青蛙哥哥|Weather Ball|p2a: Kevin
|-supereffective|p2a: Kevin
|-damage|p2a: Kevin|0 fnt
|faint|p2a: Kevin
|-end|p2a: Kevin|fallen2|[silent]
|-damage|p1a: 大青蛙哥哥|71/100|[from] item: Life Orb
|
|-weather|SunnyDay|[upkeep]
|upkeep
|-message|TheJobApplication forfeited.
|
|win|shengrenyu
|raw|shengrenyu's rating: 1409 &rarr; <strong>1428</strong><br />(+19 for winning)
|raw|TheJobApplication's rating: 1396 &rarr; <strong>1377</strong><br />(-19 for losing)
|l|☆TheJobApplication
|player|p2|
|l|☆shengrenyu
|player|p1|
|j| TrueBananaman41
|l| TrueBananaman41
|l| Disscratch
