|j|☆jibreel69
|j|☆woahwindow
|t:|1757873353
|gametype|singles
|player|p1|jibreel69|102|1392
|player|p2|woahwindow|2|1363
|gen|9
|tier|[Gen 9] OU
|rated|
|rule|HP Percentage Mod: HP is shown in percentages
|rule|Endless Battle Clause: Forcing endless battles is banned
|rule|Species Clause: Limit one of each Pokémon
|rule|OHKO Clause: OHKO moves are banned
|rule|Evasion Items Clause: Evasion items are banned
|rule|Evasion Moves Clause: Evasion moves are banned
|rule|Evasion Abilities Clause: Evasion abilities are banned
|rule|Sleep Moves Clause: Sleep-inducing moves are banned
|clearpoke
|poke|p1|Iron Moth|
|poke|p1|Ting-Lu|
|poke|p1|Torkoal, M|
|poke|p1|Walking Wake|
|poke|p1|Great Tusk|
|poke|p1|Slither Wing|
|poke|p2|Garganacl, M|
|poke|p2|Corviknight, F|
|poke|p2|Kommo-o, F|
|poke|p2|Iron Moth|
|poke|p2|Clodsire, F|
|poke|p2|Meowscarada, M|
|teampreview
|inactive|Battle timer is ON: inactive players will automatically lose when time's up. (requested by woahwindow)
|
|t:|1757873367
|teamsize|p1|6
|teamsize|p2|6
|start
|switch|p1a: Torkoal|Torkoal, M|100/100
|switch|p2a: Meowscarada|Meowscarada, M|100/100
|-weather|SunnyDay|[from] ability: Drought|[of] p1a: Torkoal
|turn|1
|
|t:|1757873374
|move|p2a: Meowscarada|U-turn|p1a: Torkoal
|-resisted|p1a: Torkoal
|-damage|p1a: Torkoal|95/100
|
|t:|1757873376
|switch|p2a: Clodsire|Clodsire, F|100/100|[from] U-turn
|move|p1a: Torkoal|Will-O-Wisp|p2a: Clodsire
|-status|p2a: Clodsire|brn
|
|-weather|SunnyDay|[upkeep]
|-damage|p2a: Clodsire|94/100 brn|[from] brn
|upkeep
|turn|2
|
|t:|1757873383
|move|p2a: Clodsire|Toxic|p1a: Torkoal
|-status|p1a: Torkoal|tox
|move|p1a: Torkoal|Stealth Rock|p2a: Clodsire
|-sidestart|p2: woahwindow|move: Stealth Rock
|
|-weather|SunnyDay|[upkeep]
|-heal|p2a: Clodsire|100/100 brn|[from] item: Leftovers
|-damage|p1a: Torkoal|89/100 tox|[from] psn
|-damage|p2a: Clodsire|94/100 brn|[from] brn
|upkeep
|turn|3
|
|t:|1757873387
|switch|p1a: Iron Moth|Iron Moth|100/100
|move|p2a: Clodsire|Stealth Rock|p1a: Iron Moth
|-sidestart|p1: jibreel69|move: Stealth Rock
|
|-weather|SunnyDay|[upkeep]
|-heal|p2a: Clodsire|100/100 brn|[from] item: Leftovers
|-damage|p2a: Clodsire|94/100 brn|[from] brn
|upkeep
|turn|4
|
|t:|1757873392
|move|p1a: Iron Moth|Fiery Dance|p2a: Clodsire
|-damage|p2a: Clodsire|39/100 brn
|-boost|p1a: Iron Moth|spa|1
|move|p2a: Clodsire|Earthquake|p1a: Iron Moth
|-supereffective|p1a: Iron Moth
|-damage|p1a: Iron Moth|4/100
|
|-weather|SunnyDay|[upkeep]
|-heal|p2a: Clodsire|45/100 brn|[from] item: Leftovers
|-damage|p2a: Clodsire|39/100 brn|[from] brn
|upkeep
|turn|5
|
|t:|1757873404
|move|p1a: Iron Moth|Fiery Dance|p2a: Clodsire
|-damage|p2a: Clodsire|0 fnt
|faint|p2a: Clodsire
|
|-weather|SunnyDay|[upkeep]
|upkeep
|
|t:|1757873406
|switch|p2a: Garganacl|Garganacl, M|100/100
|-damage|p2a: Garganacl|88/100|[from] Stealth Rock
|turn|6
|
|t:|1757873419
|move|p1a: Iron Moth|Fiery Dance|p2a: Garganacl
|-resisted|p2a: Garganacl
|-damage|p2a: Garganacl|36/100
|move|p2a: Garganacl|Salt Cure|p1a: Iron Moth
|-supereffective|p1a: Iron Moth
|-damage|p1a: Iron Moth|0 fnt
|faint|p1a: Iron Moth
|-end|p1a: Iron Moth|Quark Drive|[silent]
|
|-weather|SunnyDay|[upkeep]
|-heal|p2a: Garganacl|43/100|[from] item: Leftovers
|upkeep
|
|t:|1757873426
|switch|p1a: Slither Wing|Slither Wing|100/100
|-damage|p1a: Slither Wing|88/100|[from] Stealth Rock
|-activate|p1a: Slither Wing|ability: Protosynthesis
|-start|p1a: Slither Wing|protosynthesisatk
|turn|7
|
|t:|1757873429
|move|p2a: Garganacl|Protect|p2a: Garganacl
|-singleturn|p2a: Garganacl|Protect
|move|p1a: Slither Wing|Close Combat|p2a: Garganacl
|-activate|p2a: Garganacl|move: Protect
|
|-weather|SunnyDay|[upkeep]
|-heal|p2a: Garganacl|49/100|[from] item: Leftovers
|upkeep
|turn|8
|
|t:|1757873434
|switch|p2a: Corviknight|Corviknight, F|100/100
|-damage|p2a: Corviknight|88/100|[from] Stealth Rock
|-ability|p2a: Corviknight|Pressure
|move|p1a: Slither Wing|Close Combat|p2a: Corviknight
|-damage|p2a: Corviknight|6/100
|-unboost|p1a: Slither Wing|def|1
|-unboost|p1a: Slither Wing|spd|1
|-damage|p1a: Slither Wing|72/100|[from] item: Rocky Helmet|[of] p2a: Corviknight
|
|-weather|none
|-end|p1a: Slither Wing|Protosynthesis
|upkeep
|turn|9
|
|t:|1757873443
|move|p1a: Slither Wing|Close Combat|p2a: Corviknight
|-damage|p2a: Corviknight|0 fnt
|-unboost|p1a: Slither Wing|def|1
|-unboost|p1a: Slither Wing|spd|1
|-damage|p1a: Slither Wing|55/100|[from] item: Rocky Helmet|[of] p2a: Corviknight
|faint|p2a: Corviknight
|
|upkeep
|
|t:|1757873447
|switch|p2a: Iron Moth|Iron Moth|100/100
|-damage|p2a: Iron Moth|76/100|[from] Stealth Rock
|turn|10
|
|t:|1757873456
|-end|p1a: Slither Wing|Protosynthesis|[silent]
|switch|p1a: Ting-Lu|Ting-Lu|100/100
|-damage|p1a: Ting-Lu|94/100|[from] Stealth Rock
|-ability|p1a: Ting-Lu|Vessel of Ruin
|move|p2a: Iron Moth|Sludge Wave|p1a: Ting-Lu
|-resisted|p1a: Ting-Lu
|-damage|p1a: Ting-Lu|77/100
|
|upkeep
|turn|11
|
|t:|1757873462
|-end|p2a: Iron Moth|Quark Drive|[silent]
|switch|p2a: Meowscarada|Meowscarada, M|100/100
|move|p1a: Ting-Lu|Spikes|p2a: Meowscarada
|-sidestart|p2: woahwindow|Spikes
|
|upkeep
|turn|12
|
|t:|1757873476
|switch|p1a: Torkoal|Torkoal, M|89/100 tox
|-damage|p1a: Torkoal|64/100 tox|[from] Stealth Rock
|-weather|SunnyDay|[from] ability: Drought|[of] p1a: Torkoal
|move|p2a: Meowscarada|Triple Axel|p1a: Torkoal
|-resisted|p1a: Torkoal
|-damage|p1a: Torkoal|63/100 tox
|-resisted|p1a: Torkoal
|-damage|p1a: Torkoal|60/100 tox
|-resisted|p1a: Torkoal
|-damage|p1a: Torkoal|55/100 tox
|-hitcount|p1a: Torkoal|3
|
|-weather|SunnyDay|[upkeep]
|-damage|p1a: Torkoal|49/100 tox|[from] psn
|upkeep
|turn|13
|
|t:|1757873487
|move|p2a: Meowscarada|U-turn|p1a: Torkoal
|-resisted|p1a: Torkoal
|-damage|p1a: Torkoal|44/100 tox
|
|t:|1757873491
|switch|p2a: Garganacl|Garganacl, M|49/100|[from] U-turn
|-damage|p2a: Garganacl|36/100|[from] Stealth Rock
|-damage|p2a: Garganacl|24/100|[from] Spikes
|move|p1a: Torkoal|Rapid Spin|p2a: Garganacl
|-resisted|p2a: Garganacl
|-damage|p2a: Garganacl|21/100
|-boost|p1a: Torkoal|spe|1
|-sideend|p1: jibreel69|Stealth Rock|[from] move: Rapid Spin|[of] p1a: Torkoal
|
|-weather|SunnyDay|[upkeep]
|-heal|p2a: Garganacl|27/100|[from] item: Leftovers
|-damage|p1a: Torkoal|32/100 tox|[from] psn
|upkeep
|turn|14
|
|t:|1757873501
|switch|p1a: Walking Wake|Walking Wake|100/100
|-activate|p1a: Walking Wake|ability: Protosynthesis
|-start|p1a: Walking Wake|protosynthesisspe
|move|p2a: Garganacl|Recover|p2a: Garganacl
|-heal|p2a: Garganacl|77/100
|
|-weather|SunnyDay|[upkeep]
|-heal|p2a: Garganacl|83/100|[from] item: Leftovers
|upkeep
|turn|15
|
|t:|1757873511
|-end|p1a: Walking Wake|Protosynthesis|[silent]
|switch|p1a: Slither Wing|Slither Wing|55/100
|-activate|p1a: Slither Wing|ability: Protosynthesis
|-start|p1a: Slither Wing|protosynthesisatk
|move|p2a: Garganacl|Protect||[still]
|-fail|p2a: Garganacl
|
|-weather|SunnyDay|[upkeep]
|-heal|p2a: Garganacl|89/100|[from] item: Leftovers
|upkeep
|turn|16
|
|t:|1757873517
|move|p2a: Garganacl|Protect|p2a: Garganacl
|-singleturn|p2a: Garganacl|Protect
|move|p1a: Slither Wing|Close Combat|p2a: Garganacl
|-activate|p2a: Garganacl|move: Protect
|
|-weather|SunnyDay|[upkeep]
|-heal|p2a: Garganacl|96/100|[from] item: Leftovers
|upkeep
|turn|17
|
|t:|1757873524
|-terastallize|p2a: Garganacl|Water
|move|p1a: Slither Wing|Close Combat|p2a: Garganacl
|-damage|p2a: Garganacl|13/100
|-unboost|p1a: Slither Wing|def|1
|-unboost|p1a: Slither Wing|spd|1
|move|p2a: Garganacl|Recover|p2a: Garganacl
|-heal|p2a: Garganacl|63/100
|
|-weather|SunnyDay|[upkeep]
|-heal|p2a: Garganacl|69/100|[from] item: Leftovers
|upkeep
|turn|18
|
|t:|1757873535
|move|p2a: Garganacl|Protect|p2a: Garganacl
|-singleturn|p2a: Garganacl|Protect
|move|p1a: Slither Wing|Close Combat|p2a: Garganacl
|-activate|p2a: Garganacl|move: Protect
|
|-weather|SunnyDay|[upkeep]
|-heal|p2a: Garganacl|75/100|[from] item: Leftovers
|upkeep
|turn|19
|
|t:|1757873553
|-end|p1a: Slither Wing|Protosynthesis|[silent]
|switch|p1a: Ting-Lu|Ting-Lu|77/100
|-ability|p1a: Ting-Lu|Vessel of Ruin
|move|p2a: Garganacl|Protect||[still]
|-fail|p2a: Garganacl
|
|-weather|none
|-heal|p2a: Garganacl|81/100|[from] item: Leftovers
|upkeep
|turn|20
|
|t:|1757873569
|switch|p1a: Torkoal|Torkoal, M|32/100 tox
|-weather|SunnyDay|[from] ability: Drought|[of] p1a: Torkoal
|move|p2a: Garganacl|Salt Cure|p1a: Torkoal
|-supereffective|p1a: Torkoal
|-damage|p1a: Torkoal|14/100 tox
|-start|p1a: Torkoal|Salt Cure
|
|-weather|SunnyDay|[upkeep]
|-heal|p2a: Garganacl|88/100|[from] item: Leftovers
|-damage|p1a: Torkoal|8/100 tox|[from] psn
|-damage|p1a: Torkoal|0 fnt|[from] Salt Cure
|faint|p1a: Torkoal
|upkeep
|
|t:|1757873578
|switch|p1a: Walking Wake|Walking Wake|100/100
|-activate|p1a: Walking Wake|ability: Protosynthesis
|-start|p1a: Walking Wake|protosynthesisspe
|turn|21
|
|t:|1757873582
|move|p2a: Garganacl|Protect|p2a: Garganacl
|-singleturn|p2a: Garganacl|Protect
|move|p1a: Walking Wake|Dragon Pulse|p2a: Garganacl
|-activate|p2a: Garganacl|move: Protect
|
|-weather|SunnyDay|[upkeep]
|-heal|p2a: Garganacl|94/100|[from] item: Leftovers
|upkeep
|turn|22
|
|t:|1757873591
|-terastallize|p1a: Walking Wake|Dragon
|move|p1a: Walking Wake|Dragon Pulse|p2a: Garganacl
|-damage|p2a: Garganacl|40/100
|move|p2a: Garganacl|Recover|p2a: Garganacl
|-heal|p2a: Garganacl|90/100
|
|-weather|SunnyDay|[upkeep]
|-heal|p2a: Garganacl|97/100|[from] item: Leftovers
|upkeep
|turn|23
|
|t:|1757873597
|move|p1a: Walking Wake|Dragon Pulse|p2a: Garganacl
|-damage|p2a: Garganacl|37/100
|move|p2a: Garganacl|Salt Cure|p1a: Walking Wake
|-damage|p1a: Walking Wake|85/100
|-start|p1a: Walking Wake|Salt Cure
|
|-weather|SunnyDay|[upkeep]
|-heal|p2a: Garganacl|43/100|[from] item: Leftovers
|-damage|p1a: Walking Wake|72/100|[from] Salt Cure
|upkeep
|turn|24
|
|t:|1757873602
|move|p2a: Garganacl|Protect|p2a: Garganacl
|-singleturn|p2a: Garganacl|Protect
|move|p1a: Walking Wake|Dragon Pulse|p2a: Garganacl
|-activate|p2a: Garganacl|move: Protect
|
|-weather|SunnyDay|[upkeep]
|-heal|p2a: Garganacl|50/100|[from] item: Leftovers
|-damage|p1a: Walking Wake|60/100|[from] Salt Cure
|upkeep
|turn|25
|
|t:|1757873610
|switch|p2a: Iron Moth|Iron Moth|76/100
|-damage|p2a: Iron Moth|51/100|[from] Stealth Rock
|-damage|p2a: Iron Moth|38/100|[from] Spikes
|move|p1a: Walking Wake|Dragon Pulse|p2a: Iron Moth
|-damage|p2a: Iron Moth|0 fnt
|faint|p2a: Iron Moth
|-end|p2a: Iron Moth|Quark Drive|[silent]
|
|-weather|SunnyDay|[upkeep]
|-damage|p1a: Walking Wake|48/100|[from] Salt Cure
|upkeep
|
|t:|1757873612
|switch|p2a: Garganacl|Garganacl, M, tera:Water|50/100
|-damage|p2a: Garganacl|37/100|[from] Stealth Rock
|-damage|p2a: Garganacl|25/100|[from] Spikes
|turn|26
|
|t:|1757873631
|move|p2a: Garganacl|Protect|p2a: Garganacl
|-singleturn|p2a: Garganacl|Protect
|move|p1a: Walking Wake|Dragon Pulse|p2a: Garganacl
|-activate|p2a: Garganacl|move: Protect
|
|-weather|SunnyDay|[upkeep]
|-heal|p2a: Garganacl|31/100|[from] item: Leftovers
|-damage|p1a: Walking Wake|35/100|[from] Salt Cure
|upkeep
|turn|27
|
|t:|1757873634
|move|p2a: Garganacl|Protect||[still]
|-fail|p2a: Garganacl
|move|p1a: Walking Wake|Dragon Pulse|p2a: Garganacl
|-damage|p2a: Garganacl|0 fnt
|faint|p2a: Garganacl
|
|-weather|none
|-end|p1a: Walking Wake|Protosynthesis
|-damage|p1a: Walking Wake|23/100|[from] Salt Cure
|upkeep
|
|t:|1757873636
|switch|p2a: Meowscarada|Meowscarada, M|100/100
|turn|28
|
|t:|1757873648
|-end|p1a: Walking Wake|Protosynthesis|[silent]
|switch|p1a: Ting-Lu|Ting-Lu|77/100
|-ability|p1a: Ting-Lu|Vessel of Ruin
|move|p2a: Meowscarada|Triple Axel|p1a: Ting-Lu
|-supereffective|p1a: Ting-Lu
|-damage|p1a: Ting-Lu|71/100
|-damage|p2a: Meowscarada|84/100|[from] item: Rocky Helmet|[of] p1a: Ting-Lu
|-supereffective|p1a: Ting-Lu
|-damage|p1a: Ting-Lu|60/100
|-damage|p2a: Meowscarada|67/100|[from] item: Rocky Helmet|[of] p1a: Ting-Lu
|-supereffective|p1a: Ting-Lu
|-damage|p1a: Ting-Lu|44/100
|-damage|p2a: Meowscarada|51/100|[from] item: Rocky Helmet|[of] p1a: Ting-Lu
|-hitcount|p1a: Ting-Lu|3
|
|upkeep
|turn|29
|
|t:|1757873653
|move|p2a: Meowscarada|Leaf Storm|p1a: Ting-Lu|[miss]
|-miss|p2a: Meowscarada|p1a: Ting-Lu
|move|p1a: Ting-Lu|Ruination|p2a: Meowscarada
|-damage|p2a: Meowscarada|26/100
|
|upkeep
|turn|30
|
|t:|1757873656
|move|p2a: Meowscarada|Leaf Storm|p1a: Ting-Lu
|-supereffective|p1a: Ting-Lu
|-damage|p1a: Ting-Lu|0 fnt
|-unboost|p2a: Meowscarada|spa|2
|faint|p1a: Ting-Lu
|
|upkeep
|
|t:|1757873661
|switch|p1a: Slither Wing|Slither Wing|55/100
|turn|31
|
|t:|1757873663
|move|p2a: Meowscarada|Triple Axel|p1a: Slither Wing
|-damage|p1a: Slither Wing|48/100
|-damage|p1a: Slither Wing|36/100
|-damage|p1a: Slither Wing|16/100
|-hitcount|p1a: Slither Wing|3
|move|p1a: Slither Wing|U-turn|p2a: Meowscarada
|-supereffective|p2a: Meowscarada
|-damage|p2a: Meowscarada|0 fnt
|faint|p2a: Meowscarada
|
|t:|1757873667
|-end|p1a: Slither Wing|Protosynthesis|[silent]
|switch|p1a: Walking Wake|Walking Wake, tera:Dragon|23/100|[from] U-turn
|
|upkeep
|
|t:|1757873669
|switch|p2a: Kommo-o|Kommo-o, F|100/100
|-damage|p2a: Kommo-o|94/100|[from] Stealth Rock
|-damage|p2a: Kommo-o|82/100|[from] Spikes
|turn|32
|
|t:|1757873678
|move|p1a: Walking Wake|Dragon Pulse|p2a: Kommo-o
|-supereffective|p2a: Kommo-o
|-damage|p2a: Kommo-o|0 fnt
|faint|p2a: Kommo-o
|
|win|jibreel69
|raw|jibreel69's rating: 1392 &rarr; <strong>1410</strong><br />(+18 for winning)
|raw|woahwindow's rating: 1363 &rarr; <strong>1345</strong><br />(-18 for losing)
|l|☆woahwindow
|player|p2|
