|uhtml|medal-msg|<div class="broadcast-blue">Curious what those medals under the avatar are? PS now has Ladder Seasons! For more information, check out the <a href="https://www.smogon.com/forums/threads/3740067/">thread on Smogon.</a></div>
|uhtml|medal-msg|<div class="broadcast-blue">Curious what those medals under the avatar are? PS now has Ladder Seasons! For more information, check out the <a href="https://www.smogon.com/forums/threads/3740067/">thread on Smogon.</a></div>
|j|☆these shenanigans
|j|☆Voltage Gaming101
|t:|1757886392
|gametype|singles
|player|p1|these shenanigans|101|
|player|p2|Voltage Gaming101|rr-koraidon|
|teamsize|p1|6
|teamsize|p2|6
|gen|9
|tier|[Gen 9] OU
|rule|Sleep Clause Mod: Limit one foe put to sleep
|rule|Species Clause: Limit one of each Pokémon
|rule|OHKO Clause: OHKO moves are banned
|rule|Evasion Abilities Clause: Evasion abilities are banned
|rule|Evasion Items Clause: Evasion items are banned
|rule|Evasion Moves Clause: Evasion moves are banned
|rule|Endless Battle Clause: Forcing endless battles is banned
|rule|HP Percentage Mod: HP is shown in percentages
|rule|Dynamax Clause: You cannot dynamax
|clearpoke
|poke|p1|Hippowdon, M|
|poke|p1|Dracozolt|
|poke|p1|Cacturne, F|
|poke|p1|Tyranitar, M|
|poke|p1|Mawile, F|
|poke|p1|Milotic-Sevii, F|
|poke|p2|Milotic-Sevii, M|
|poke|p2|Corviknight, M|
|poke|p2|Centiskorch, M|
|poke|p2|Palafin, F|
|poke|p2|Dragapult, M|
|poke|p2|Ogerpon-Cornerstone, F|
|teampreview
|
|t:|1757886416
|start
|switch|p1a: Dracozolt|Dracozolt|100/100
|switch|p2a: The Sizzler|Centiskorch, M, shiny|100/100
|turn|1
|
|t:|1757886424
|detailschange|p2a: The Sizzler|Centiskorch-Mega, M, shiny
|-mega|p2a: The Sizzler|Centiskorch|Centiskite
|move|p2a: The Sizzler|Fire Lash|p1a: Dracozolt
|-resisted|p1a: Dracozolt
|-damage|p1a: Dracozolt|74/100
|-unboost|p1a: Dracozolt|def|1
|move|p1a: Dracozolt|Draco Barrage|p2a: The Sizzler
|-damage|p2a: The Sizzler|30/100
|-damage|p1a: Dracozolt|50/100|[from] Recoil
|-damage|p1a: Dracozolt|40/100|[from] item: Life Orb
|
|upkeep
|turn|2
|
|t:|1757886435
|move|p2a: The Sizzler|Lunge|p1a: Dracozolt
|-damage|p1a: Dracozolt|0 fnt
|faint|p1a: Dracozolt
|
|upkeep
|
|t:|1757886459
|switch|p1a: Tyranitar|Tyranitar, M|100/100
|-weather|Sandstorm|[from] ability: Sand Stream|[of] p1a: Tyranitar
|turn|3
|
|t:|1757886467
|move|p2a: The Sizzler|Power Whip|p1a: Tyranitar
|-supereffective|p1a: Tyranitar
|-damage|p1a: Tyranitar|19/100
|-enditem|p1a: Tyranitar|Weakness Policy
|-boost|p1a: Tyranitar|atk|2|[from] item: Weakness Policy
|-boost|p1a: Tyranitar|spa|2|[from] item: Weakness Policy
|move|p1a: Tyranitar|Knock Off|p2a: The Sizzler
|-crit|p2a: The Sizzler
|-damage|p2a: The Sizzler|0 fnt
|faint|p2a: The Sizzler
|
|-weather|Sandstorm|[upkeep]
|upkeep
|
|t:|1757886475
|switch|p2a: Donut the Dolphin|Palafin, F, shiny|100/100
|turn|4
|
|t:|1757886480
|move|p2a: Donut the Dolphin|Flip Turn|p1a: Tyranitar
|-supereffective|p1a: Tyranitar
|-damage|p1a: Tyranitar|0 fnt
|faint|p1a: Tyranitar
|
|t:|1757886490
|detailschange|p2a: Donut the Dolphin|Palafin-Hero, F, shiny
|switch|p2a: Monica|Milotic-Sevii, M, shiny|100/100|[from] Flip Turn
|
|-weather|Sandstorm|[upkeep]
|upkeep
|
|t:|1757886499
|switch|p1a: Cacturne|Cacturne, F|100/100
|turn|5
|
|t:|1757886503
|move|p1a: Cacturne|Needle Arm|p2a: Monica
|-supereffective|p2a: Monica
|-damage|p2a: Monica|0 fnt
|faint|p2a: Monica
|-damage|p1a: Cacturne|91/100|[from] item: Life Orb
|
|-weather|Sandstorm|[upkeep]
|upkeep
|
|t:|1757886511
|switch|p2a: Meta Knight|Corviknight, M, shiny|100/100
|-ability|p2a: Meta Knight|Pressure
|turn|6
|
|t:|1757886515
|switch|p1a: Mawile|Mawile, F|100/100
|-ability|p1a: Mawile|Intimidate|boost
|-unboost|p2a: Meta Knight|atk|1
|move|p2a: Meta Knight|U-turn|p1a: Mawile
|-resisted|p1a: Mawile
|-damage|p1a: Mawile|98/100
|
|t:|1757886537
|switch|p2a: Donut the Dolphin|Palafin-Hero, F, shiny|100/100|[from] U-turn
|-activate|p2a: Donut the Dolphin|ability: Zero to Hero
|
|-weather|Sandstorm|[upkeep]
|-damage|p2a: Donut the Dolphin|94/100|[from] Sandstorm
|upkeep
|turn|7
|
|t:|1757886541
|switch|p1a: Hippowdon|Hippowdon, M|100/100
|move|p2a: Donut the Dolphin|Bulk Up|p2a: Donut the Dolphin
|-boost|p2a: Donut the Dolphin|atk|1
|-boost|p2a: Donut the Dolphin|def|1
|
|-weather|none
|upkeep
|turn|8
|c|☆these shenanigans|i misclicked
|
|t:|1757886555
|switch|p1a: Cacturne|Cacturne, F|91/100
|move|p2a: Donut the Dolphin|Bulk Up|p2a: Donut the Dolphin
|-boost|p2a: Donut the Dolphin|atk|1
|-boost|p2a: Donut the Dolphin|def|1
|
|upkeep
|turn|9
|
|t:|1757886562
|move|p2a: Donut the Dolphin|Drain Punch|p1a: Cacturne
|-supereffective|p1a: Cacturne
|-crit|p1a: Cacturne
|-damage|p1a: Cacturne|0 fnt
|-heal|p2a: Donut the Dolphin|100/100|[from] drain|[of] p1a: Cacturne
|faint|p1a: Cacturne
|
|upkeep
|c|☆Voltage Gaming101|Unfortunate
|
|t:|1757886567
|switch|p1a: Mawile|Mawile, F|98/100
|-ability|p1a: Mawile|Intimidate|boost
|-unboost|p2a: Donut the Dolphin|atk|1
|turn|10
|
|t:|1757886571
|detailschange|p1a: Mawile|Mawile-Mega, F
|-mega|p1a: Mawile|Mawile|Mawilite
|move|p2a: Donut the Dolphin|Bulk Up|p2a: Donut the Dolphin
|-boost|p2a: Donut the Dolphin|atk|1
|-boost|p2a: Donut the Dolphin|def|1
|move|p1a: Mawile|Play Rough|p2a: Donut the Dolphin
|-damage|p2a: Donut the Dolphin|61/100
|
|upkeep
|turn|11
|
|t:|1757886580
|move|p2a: Donut the Dolphin|Jet Punch|p1a: Mawile
|-damage|p1a: Mawile|19/100
|move|p1a: Mawile|Play Rough|p2a: Donut the Dolphin
|-damage|p2a: Donut the Dolphin|23/100
|
|upkeep
|turn|12
|
|t:|1757886585
|move|p2a: Donut the Dolphin|Jet Punch|p1a: Mawile
|-damage|p1a: Mawile|0 fnt
|faint|p1a: Mawile
|
|upkeep
|
|t:|1757886587
|switch|p1a: Milotic|Milotic-Sevii, F|100/100
|turn|13
|
|t:|1757886590
|move|p2a: Donut the Dolphin|Jet Punch|p1a: Milotic
|-supereffective|p1a: Milotic
|-damage|p1a: Milotic|0 fnt
|faint|p1a: Milotic
|
|upkeep
|
|t:|1757886591
|switch|p1a: Hippowdon|Hippowdon, M|100/100
|-weather|Sandstorm|[from] ability: Sand Stream|[of] p1a: Hippowdon
|turn|14
|
|t:|1757886593
|move|p2a: Donut the Dolphin|Jet Punch|p1a: Hippowdon
|-supereffective|p1a: Hippowdon
|-damage|p1a: Hippowdon|0 fnt
|faint|p1a: Hippowdon
|
|win|Voltage Gaming101
|c|☆Voltage Gaming101|ggs
