|j|☆steel d ninja
|j|☆ahymeychreyehard
|t:|1757913423
|gametype|singles
|player|p1|steel d ninja|hilbert|1028
|player|p2|ahymeychreyehard|265|1000
|gen|9
|tier|[Gen 9] OU
|rated|
|rule|HP Percentage Mod: HP is shown in percentages
|rule|Endless Battle Clause: Forcing endless battles is banned
|rule|Species Clause: Limit one of each Pokémon
|rule|OHKO Clause: OHKO moves are banned
|rule|Evasion Items Clause: Evasion items are banned
|rule|Evasion Moves Clause: Evasion moves are banned
|rule|Evasion Abilities Clause: Evasion abilities are banned
|rule|Sleep Moves Clause: Sleep-inducing moves are banned
|clearpoke
|poke|p1|Araquanid, F|
|poke|p1|Meowscarada, F|
|poke|p1|Iron Moth|
|poke|p1|Raging Bolt|
|poke|p1|Ninetales-Alola, F|
|poke|p1|Deoxys-Speed|
|poke|p2|Rabsca, M|
|poke|p2|Grimmsnarl, M|
|poke|p2|Quaquaval, F|
|poke|p2|Garganacl, F|
|poke|p2|Overqwil, F|
|poke|p2|Pelipper, M|
|teampreview
|inactive|Battle timer is ON: inactive players will automatically lose when time's up. (requested by steel d ninja)
|
|t:|1757913433
|teamsize|p1|6
|teamsize|p2|6
|start
|switch|p1a: Spidermon|Araquanid, F|100/100
|switch|p2a: Grimmsnarl|Grimmsnarl, M|100/100
|turn|1
|
|t:|1757913439
|move|p2a: Grimmsnarl|Reflect|p2a: Grimmsnarl
|-sidestart|p2: ahymeychreyehard|Reflect
|move|p1a: Spidermon|Sticky Web|p2a: Grimmsnarl
|-sidestart|p2: ahymeychreyehard|move: Sticky Web
|
|upkeep
|turn|2
|
|t:|1757913464
|move|p2a: Grimmsnarl|Thunder Wave|p1a: Spidermon
|-status|p1a: Spidermon|par
|cant|p1a: Spidermon|par
|
|upkeep
|turn|3
|
|t:|1757913472
|move|p2a: Grimmsnarl|Light Screen|p2a: Grimmsnarl
|-sidestart|p2: ahymeychreyehard|move: Light Screen
|move|p1a: Spidermon|Poison Jab|p2a: Grimmsnarl
|-supereffective|p2a: Grimmsnarl
|-damage|p2a: Grimmsnarl|81/100
|
|upkeep
|turn|4
|
|t:|1757913478
|move|p2a: Grimmsnarl|Parting Shot|p1a: Spidermon
|-unboost|p1a: Spidermon|atk|1
|-unboost|p1a: Spidermon|spa|1
|
|t:|1757913481
|switch|p2a: Pelipper|Pelipper, M|100/100|[from] Parting Shot
|-weather|RainDance|[from] ability: Drizzle|[of] p2a: Pelipper
|move|p1a: Spidermon|Poison Jab|p2a: Pelipper
|-damage|p2a: Pelipper|95/100
|-status|p2a: Pelipper|psn
|
|-weather|RainDance|[upkeep]
|-damage|p2a: Pelipper|83/100 psn|[from] psn
|upkeep
|turn|5
|
|t:|1757913493
|move|p2a: Pelipper|U-turn|p1a: Spidermon
|-damage|p1a: Spidermon|89/100 par
|
|t:|1757913496
|switch|p2a: Quaquaval|Quaquaval, F|100/100|[from] U-turn
|-activate|p2a: Quaquaval|move: Sticky Web
|-unboost|p2a: Quaquaval|spe|1
|move|p1a: Spidermon|Hydro Pump|p2a: Quaquaval
|-resisted|p2a: Quaquaval
|-damage|p2a: Quaquaval|86/100
|
|-weather|RainDance|[upkeep]
|upkeep
|turn|6
|
|t:|1757913512
|move|p2a: Quaquaval|Rapid Spin|p1a: Spidermon
|-damage|p1a: Spidermon|67/100 par
|-boost|p2a: Quaquaval|spe|1
|-sideend|p2: ahymeychreyehard|Sticky Web|[from] move: Rapid Spin|[of] p2a: Quaquaval
|move|p1a: Spidermon|Bug Buzz|p2a: Quaquaval
|-resisted|p2a: Quaquaval
|-damage|p2a: Quaquaval|83/100
|
|-weather|RainDance|[upkeep]
|upkeep
|turn|7
|inactive|steel d ninja has 120 seconds left.
|
|t:|1757913544
|switch|p2a: Overqwil|Overqwil, F|100/100
|move|p1a: Spidermon|Bug Buzz|p2a: Overqwil
|-damage|p2a: Overqwil|91/100
|-unboost|p2a: Overqwil|spd|1
|
|-weather|RainDance|[upkeep]
|upkeep
|turn|8
|inactive|steel d ninja has 120 seconds left.
|
|t:|1757913559
|move|p2a: Overqwil|Swords Dance|p2a: Overqwil
|-boost|p2a: Overqwil|atk|2
|cant|p1a: Spidermon|par
|
|-weather|RainDance|[upkeep]
|-sideend|p2: ahymeychreyehard|Reflect
|upkeep
|turn|9
|
|t:|1757913566
|move|p2a: Overqwil|Swords Dance|p2a: Overqwil
|-boost|p2a: Overqwil|atk|2
|move|p1a: Spidermon|Bug Buzz|p2a: Overqwil
|-damage|p2a: Overqwil|78/100
|
|-weather|RainDance|[upkeep]
|upkeep
|turn|10
|inactive|steel d ninja has 120 seconds left.
|
|t:|1757913578
|move|p2a: Overqwil|Scale Shot|p1a: Spidermon
|-damage|p1a: Spidermon|32/100 par
|-damage|p1a: Spidermon|1/100 par
|-hitcount|p1a: Spidermon|2
|-unboost|p2a: Overqwil|def|1
|-boost|p2a: Overqwil|spe|1
|cant|p1a: Spidermon|par
|
|-weather|RainDance|[upkeep]
|-sideend|p2: ahymeychreyehard|move: Light Screen
|upkeep
|turn|11
|inactive|steel d ninja has 120 seconds left.
|
|t:|1757913587
|move|p2a: Overqwil|Scale Shot|p1a: Spidermon
|-damage|p1a: Spidermon|0 fnt
|faint|p1a: Spidermon
|-hitcount|p1: Spidermon|1
|-unboost|p2a: Overqwil|def|1
|-boost|p2a: Overqwil|spe|1
|
|-weather|none
|upkeep
|inactive|steel d ninja has 120 seconds left.
|
|t:|1757913594
|switch|p1a: Electric Giraffe|Raging Bolt|100/100
|-enditem|p1a: Electric Giraffe|Booster Energy
|-activate|p1a: Electric Giraffe|ability: Protosynthesis|[fromitem]
|-start|p1a: Electric Giraffe|protosynthesisspa
|turn|12
|
|t:|1757913600
|move|p2a: Overqwil|Destiny Bond|p2a: Overqwil
|-singlemove|p2a: Overqwil|Destiny Bond
|move|p1a: Electric Giraffe|Earthquake|p2a: Overqwil
|-supereffective|p2a: Overqwil
|-damage|p2a: Overqwil|0 fnt
|faint|p2a: Overqwil
|-activate|p2a: Overqwil|move: Destiny Bond
|faint|p1a: Electric Giraffe
|-end|p1a: Electric Giraffe|Protosynthesis|[silent]
|
|upkeep
|inactive|steel d ninja has 120 seconds left.
|inactive|steel d ninja has 90 seconds left.
|
|t:|1757913653
|switch|p2a: Grimmsnarl|Grimmsnarl, M|81/100
|switch|p1a: Alienmon|Deoxys-Speed|100/100
|-ability|p1a: Alienmon|Pressure
|turn|13
|
|t:|1757913662
|move|p2a: Grimmsnarl|Thunder Wave|p1a: Alienmon
|-status|p1a: Alienmon|par
|move|p1a: Alienmon|Stealth Rock|p2a: Grimmsnarl
|-sidestart|p2: ahymeychreyehard|move: Stealth Rock
|
|upkeep
|turn|14
|inactive|steel d ninja has 90 seconds left.
|
|t:|1757913671
|move|p1a: Alienmon|Extreme Speed|p2a: Grimmsnarl
|-damage|p2a: Grimmsnarl|59/100
|move|p2a: Grimmsnarl|Light Screen|p2a: Grimmsnarl
|-sidestart|p2: ahymeychreyehard|move: Light Screen
|
|upkeep
|turn|15
|inactive|steel d ninja has 90 seconds left.
|l|☆steel d ninja
|inactive|steel d ninja disconnected and has a minute to reconnect!
|player|p1|
|inactive|steel d ninja has 30 seconds to reconnect!
|j|☆steel d ninja
|inactive|steel d ninja reconnected and has 50 seconds left.
|player|p1|steel d ninja|hilbert|
|
|t:|1757913726
|move|p2a: Grimmsnarl|Reflect|p2a: Grimmsnarl
|-sidestart|p2: ahymeychreyehard|Reflect
|move|p1a: Alienmon|Drain Punch|p2a: Grimmsnarl
|-damage|p2a: Grimmsnarl|49/100
|
|upkeep
|turn|16
|
|t:|1757913740
|move|p2a: Grimmsnarl|Parting Shot|p1a: Alienmon
|-unboost|p1a: Alienmon|atk|1
|-unboost|p1a: Alienmon|spa|1
|
|t:|1757913744
|switch|p2a: Rabsca|Rabsca, M|100/100|[from] Parting Shot
|-damage|p2a: Rabsca|76/100|[from] Stealth Rock
|cant|p1a: Alienmon|par
|
|upkeep
|turn|17
|
|t:|1757913762
|switch|p1a: Bugged|Iron Moth|100/100
|-enditem|p1a: Bugged|Booster Energy
|-activate|p1a: Bugged|ability: Quark Drive|[fromitem]
|-start|p1a: Bugged|quarkdrivespe
|move|p2a: Rabsca|Revival Blessing|p2a: Rabsca
|-enditem|p2a: Rabsca|Leppa Berry|[eat]
|-activate|p2a: Rabsca|item: Leppa Berry|Revival Blessing|[consumed]
|
|t:|1757913774
|-heal|p2: Overqwil|50/100|[from] move: Revival Blessing
|
|upkeep
|turn|18
|
|t:|1757913787
|switch|p2a: Pelipper|Pelipper, M|83/100 psn
|-damage|p2a: Pelipper|58/100 psn|[from] Stealth Rock
|-weather|RainDance|[from] ability: Drizzle|[of] p2a: Pelipper
|move|p1a: Bugged|Toxic Spikes|p2a: Pelipper
|-sidestart|p2: ahymeychreyehard|move: Toxic Spikes
|
|-weather|RainDance|[upkeep]
|-damage|p2a: Pelipper|46/100 psn|[from] psn
|upkeep
|turn|19
|
|t:|1757913799
|switch|p2a: Overqwil|Overqwil, F|50/100
|-damage|p2a: Overqwil|38/100|[from] Stealth Rock
|-sideend|p2: ahymeychreyehard|move: Toxic Spikes|[of] p2a: Overqwil
|move|p1a: Bugged|Hurricane|p2a: Overqwil
|-damage|p2a: Overqwil|10/100
|
|-weather|RainDance|[upkeep]
|upkeep
|turn|20
|
|t:|1757913809
|move|p2a: Overqwil|Destiny Bond|p2a: Overqwil
|-singlemove|p2a: Overqwil|Destiny Bond
|move|p1a: Bugged|Dazzling Gleam|p2a: Overqwil
|-damage|p2a: Overqwil|0 fnt
|faint|p2a: Overqwil
|-activate|p2a: Overqwil|move: Destiny Bond
|faint|p1a: Bugged
|-end|p1a: Bugged|Quark Drive|[silent]
|
|-weather|RainDance|[upkeep]
|upkeep
|
|t:|1757913817
|switch|p1a: Iced Kurama|Ninetales-Alola, F|100/100
|switch|p2a: Quaquaval|Quaquaval, F|83/100
|-weather|Snowscape|[from] ability: Snow Warning|[of] p1a: Iced Kurama
|-damage|p2a: Quaquaval|76/100|[from] Stealth Rock
|turn|21
|inactive|steel d ninja has 60 seconds left.
|
|t:|1757913827
|move|p1a: Iced Kurama|Aurora Veil|p1a: Iced Kurama
|-sidestart|p1: steel d ninja|move: Aurora Veil
|move|p2a: Quaquaval|Rapid Spin|p1a: Iced Kurama
|-damage|p1a: Iced Kurama|92/100
|-boost|p2a: Quaquaval|spe|1
|-sideend|p2: ahymeychreyehard|Stealth Rock|[from] move: Rapid Spin|[of] p2a: Quaquaval
|
|-weather|Snowscape|[upkeep]
|-sideend|p2: ahymeychreyehard|move: Light Screen
|upkeep
|turn|22
|inactive|steel d ninja has 60 seconds left.
|
|t:|1757913853
|switch|p2a: Rabsca|Rabsca, M|76/100
|move|p1a: Iced Kurama|Moonblast|p2a: Rabsca
|-damage|p2a: Rabsca|47/100
|
|-weather|Snowscape|[upkeep]
|-sideend|p2: ahymeychreyehard|Reflect
|upkeep
|turn|23
|inactive|steel d ninja has 60 seconds left.
|
|t:|1757913864
|move|p1a: Iced Kurama|Freeze-Dry|p2a: Rabsca
|-damage|p2a: Rabsca|25/100
|move|p2a: Rabsca|Recover|p2a: Rabsca
|-heal|p2a: Rabsca|75/100
|
|-weather|Snowscape|[upkeep]
|upkeep
|turn|24
|inactive|steel d ninja has 60 seconds left.
|
|t:|1757913877
|move|p1a: Iced Kurama|Moonblast|p2a: Rabsca
|-damage|p2a: Rabsca|49/100
|move|p2a: Rabsca|Revival Blessing|p2a: Rabsca
|
|t:|1757913883
|-heal|p2: Overqwil|50/100|[from] move: Revival Blessing
|
|-weather|Snowscape|[upkeep]
|upkeep
|turn|25
|c|☆steel d ninja|Nice team
|
|t:|1757913896
|move|p1a: Iced Kurama|Moonblast|p2a: Rabsca
|-damage|p2a: Rabsca|24/100
|move|p2a: Rabsca|Recover|p2a: Rabsca
|-heal|p2a: Rabsca|74/100
|
|-weather|none
|-sideend|p1: steel d ninja|move: Aurora Veil
|upkeep
|turn|26
|-message|steel d ninja forfeited.
|
|win|ahymeychreyehard
|raw|steel d ninja's rating: 1028 &rarr; <strong>1013</strong><br />(-15 for losing)
|raw|ahymeychreyehard's rating: 1000 &rarr; <strong>1043</strong><br />(+43 for winning)
|l|☆steel d ninja
|player|p1|
