|j|☆pokefanfdj
|j|☆SnorlaxOnline
|t:|1757845151
|gametype|singles
|player|p1|pokefanfdj|170|1352
|player|p2|SnorlaxOnline|proton|1312
|gen|9
|tier|[Gen 9] OU
|rated|
|rule|HP Percentage Mod: HP is shown in percentages
|rule|Endless Battle Clause: Forcing endless battles is banned
|rule|Species Clause: Limit one of each Pokémon
|rule|OHKO Clause: OHKO moves are banned
|rule|Evasion Items Clause: Evasion items are banned
|rule|Evasion Moves Clause: Evasion moves are banned
|rule|Evasion Abilities Clause: Evasion abilities are banned
|rule|Sleep Moves Clause: Sleep-inducing moves are banned
|clearpoke
|poke|p1|Kleavor, F|
|poke|p1|Brambleghast, M|
|poke|p1|Moltres|
|poke|p1|Mamoswine, F|
|poke|p1|Kingambit, F|
|poke|p1|Blissey, F|
|poke|p2|Blaziken, M|
|poke|p2|Dragonite, F|
|poke|p2|Gliscor, F|
|poke|p2|Slowking-Galar, F|
|poke|p2|Kyurem|
|poke|p2|Raging Bolt|
|teampreview
|inactive|Battle timer is ON: inactive players will automatically lose when time's up. (requested by pokefanfdj)
|
|t:|1757845159
|teamsize|p1|6
|teamsize|p2|6
|start
|switch|p1a: Kleavor|Kleavor, F|100/100
|switch|p2a: Blaziken|Blaziken, M|100/100
|turn|1
|
|t:|1757845166
|move|p1a: Kleavor|Tailwind|p1a: Kleavor
|-sidestart|p1: pokefanfdj|move: Tailwind
|move|p2a: Blaziken|Swords Dance|p2a: Blaziken
|-boost|p2a: Blaziken|atk|2
|
|-ability|p2a: Blaziken|Speed Boost|boost
|-boost|p2a: Blaziken|spe|1
|upkeep
|turn|2
|
|t:|1757845177
|move|p1a: Kleavor|Stone Axe|p2a: Blaziken
|-damage|p2a: Blaziken|22/100
|-sidestart|p2: SnorlaxOnline|move: Stealth Rock
|move|p2a: Blaziken|Close Combat|p1a: Kleavor
|-enditem|p1a: Kleavor|Focus Sash
|-damage|p1a: Kleavor|1/100
|-unboost|p2a: Blaziken|def|1
|-unboost|p2a: Blaziken|spd|1
|
|-ability|p2a: Blaziken|Speed Boost|boost
|-boost|p2a: Blaziken|spe|1
|upkeep
|turn|3
|
|t:|1757845190
|move|p1a: Kleavor|Stone Axe|p2a: Blaziken
|-damage|p2a: Blaziken|0 fnt
|faint|p2a: Blaziken
|
|upkeep
|
|t:|1757845206
|switch|p2a: Dragonite|Dragonite, F|100/100
|-damage|p2a: Dragonite|76/100|[from] Stealth Rock
|turn|4
|
|t:|1757845209
|move|p2a: Dragonite|Extreme Speed|p1a: Kleavor
|-resisted|p1a: Kleavor
|-damage|p1a: Kleavor|0 fnt
|faint|p1a: Kleavor
|
|-sideend|p1: pokefanfdj|move: Tailwind
|upkeep
|
|t:|1757845214
|switch|p1a: Mamoswine|Mamoswine, F|100/100
|turn|5
|
|t:|1757845219
|switch|p2a: Slowking|Slowking-Galar, F|100/100
|move|p1a: Mamoswine|Icicle Crash|p2a: Slowking|[miss]
|-miss|p1a: Mamoswine|p2a: Slowking
|
|upkeep
|turn|6
|
|t:|1757845229
|switch|p1a: Blissey|Blissey, F|100/100
|-prepare|p2a: Slowking|Chilly Reception|[premajor]
|move|p2a: Slowking|Chilly Reception|p2a: Slowking
|-weather|Snowscape
|
|t:|1757845235
|switch|p2a: Dragonite|Dragonite, F|76/100|[from] Chilly Reception
|-damage|p2a: Dragonite|51/100|[from] Stealth Rock
|
|-weather|Snowscape|[upkeep]
|upkeep
|turn|7
|
|t:|1757845241
|switch|p1a: Moltres|Moltres|100/100
|move|p2a: Dragonite|Outrage|p1a: Moltres
|-damage|p1a: Moltres|3/100
|-status|p2a: Dragonite|brn|[from] ability: Flame Body|[of] p1a: Moltres
|
|-weather|Snowscape|[upkeep]
|-damage|p2a: Dragonite|45/100 brn|[from] brn
|upkeep
|turn|8
|
|t:|1757845250
|move|p1a: Moltres|Tailwind|p1a: Moltres
|-sidestart|p1: pokefanfdj|move: Tailwind
|move|p2a: Dragonite|Outrage|p1a: Moltres|[from] lockedmove
|-damage|p1a: Moltres|0 fnt
|faint|p1a: Moltres
|-start|p2a: Dragonite|confusion|[fatigue]
|
|-weather|Snowscape|[upkeep]
|-damage|p2a: Dragonite|39/100 brn|[from] brn
|upkeep
|
|t:|1757845254
|switch|p1a: Brambleghast|Brambleghast, M|100/100
|-ability|p1a: Brambleghast|Wind Rider|boost
|-boost|p1a: Brambleghast|atk|1
|turn|9
|
|t:|1757845259
|move|p1a: Brambleghast|Poltergeist|p2a: Dragonite
|-activate|p2a: Dragonite|move: Poltergeist|Choice Band
|-damage|p2a: Dragonite|0 fnt
|faint|p2a: Dragonite
|-damage|p1a: Brambleghast|91/100|[from] item: Life Orb
|
|-weather|Snowscape|[upkeep]
|upkeep
|
|t:|1757845266
|switch|p2a: Gliscor|Gliscor, F|100/100
|-damage|p2a: Gliscor|88/100|[from] Stealth Rock
|turn|10
|
|t:|1757845268
|move|p2a: Gliscor|Protect|p2a: Gliscor
|-singleturn|p2a: Gliscor|Protect
|move|p1a: Brambleghast|Poltergeist|p2a: Gliscor
|-activate|p2a: Gliscor|move: Protect
|
|-weather|none
|-status|p2a: Gliscor|tox|[from] item: Toxic Orb
|upkeep
|turn|11
|
|t:|1757845278
|-terastallize|p1a: Brambleghast|Ghost
|move|p1a: Brambleghast|Poltergeist|p2a: Gliscor
|-activate|p2a: Gliscor|move: Poltergeist|Toxic Orb
|-damage|p2a: Gliscor|0 fnt
|faint|p2a: Gliscor
|-damage|p1a: Brambleghast|81/100|[from] item: Life Orb
|
|-sideend|p1: pokefanfdj|move: Tailwind
|upkeep
|
|t:|1757845288
|switch|p2a: Raging Bolt|Raging Bolt|100/100
|-damage|p2a: Raging Bolt|88/100|[from] Stealth Rock
|turn|12
|
|t:|1757845300
|switch|p1a: Blissey|Blissey, F|100/100
|move|p2a: Raging Bolt|Thunderbolt|p1a: Blissey
|-damage|p1a: Blissey|77/100
|
|-heal|p1a: Blissey|83/100|[from] item: Leftovers
|upkeep
|turn|13
|
|t:|1757845309
|-end|p2a: Raging Bolt|Protosynthesis|[silent]
|switch|p2a: Slowking|Slowking-Galar, F|100/100
|move|p1a: Blissey|Thunder Wave|p2a: Slowking
|-status|p2a: Slowking|par
|
|-heal|p1a: Blissey|90/100|[from] item: Leftovers
|upkeep
|turn|14
|
|t:|1757845314
|switch|p1a: Kingambit|Kingambit, F|100/100
|-activate|p1a: Kingambit|ability: Supreme Overlord
|-start|p1a: Kingambit|fallen2|[silent]
|move|p2a: Slowking|Thunder Wave|p1a: Kingambit
|-status|p1a: Kingambit|par
|
|upkeep
|turn|15
|
|t:|1757845326
|switch|p2a: Kyurem|Kyurem|100/100
|-damage|p2a: Kyurem|76/100|[from] Stealth Rock
|-ability|p2a: Kyurem|Pressure
|cant|p1a: Kingambit|par
|
|upkeep
|turn|16
|
|t:|1757845334
|-terastallize|p2a: Kyurem|Ground
|move|p2a: Kyurem|Earth Power|p1a: Kingambit
|-supereffective|p1a: Kingambit
|-damage|p1a: Kingambit|0 fnt
|faint|p1a: Kingambit
|-end|p1a: Kingambit|fallen2|[silent]
|
|upkeep
|
|t:|1757845339
|switch|p1a: Blissey|Blissey, F|90/100
|turn|17
|
|t:|1757845345
|switch|p2a: Slowking|Slowking-Galar, F|100/100 par
|move|p1a: Blissey|Seismic Toss|p2a: Slowking
|-damage|p2a: Slowking|75/100 par
|
|-heal|p1a: Blissey|96/100|[from] item: Leftovers
|upkeep
|turn|18
|
|t:|1757845350
|move|p1a: Blissey|Seismic Toss|p2a: Slowking
|-damage|p2a: Slowking|50/100 par
|move|p2a: Slowking|Sludge Bomb|p1a: Blissey
|-damage|p1a: Blissey|85/100
|
|-heal|p1a: Blissey|91/100|[from] item: Leftovers
|upkeep
|turn|19
|
|t:|1757845356
|move|p1a: Blissey|Seismic Toss|p2a: Slowking
|-damage|p2a: Slowking|24/100 par
|-prepare|p2a: Slowking|Chilly Reception|[premajor]
|cant|p2a: Slowking|par
|
|-heal|p1a: Blissey|97/100|[from] item: Leftovers
|upkeep
|turn|20
|
|t:|1757845361
|move|p1a: Blissey|Seismic Toss|p2a: Slowking
|-damage|p2a: Slowking|0 fnt
|faint|p2a: Slowking
|
|-heal|p1a: Blissey|100/100|[from] item: Leftovers
|upkeep
|inactive|SnorlaxOnline has 120 seconds left.
|inactive|SnorlaxOnline has 90 seconds left.
|inactive|SnorlaxOnline has 60 seconds left.
|inactive|SnorlaxOnline has 30 seconds left.
|inactive|SnorlaxOnline has 20 seconds left.
|inactive|SnorlaxOnline has 15 seconds left.
|inactive|SnorlaxOnline has 10 seconds left.
|inactive|SnorlaxOnline has 5 seconds left.
|
|t:|1757845510
|switch|p2a: Raging Bolt|Raging Bolt|88/100
|-damage|p2a: Raging Bolt|76/100|[from] Stealth Rock
|turn|21
|inactive|SnorlaxOnline has 15 seconds left this turn.
|
|t:|1757845514
|move|p2a: Raging Bolt|Draco Meteor|p1a: Blissey
|-damage|p1a: Blissey|64/100
|-unboost|p2a: Raging Bolt|spa|2
|move|p1a: Blissey|Seismic Toss|p2a: Raging Bolt
|-damage|p2a: Raging Bolt|50/100
|
|-heal|p1a: Blissey|71/100|[from] item: Leftovers
|upkeep
|turn|22
|inactive|SnorlaxOnline has 25 seconds left this turn.
|
|t:|1757845518
|move|p2a: Raging Bolt|Draco Meteor|p1a: Blissey
|-damage|p1a: Blissey|51/100
|-unboost|p2a: Raging Bolt|spa|2
|move|p1a: Blissey|Seismic Toss|p2a: Raging Bolt
|-damage|p2a: Raging Bolt|25/100
|
|-heal|p1a: Blissey|57/100|[from] item: Leftovers
|upkeep
|turn|23
|inactive|SnorlaxOnline has 30 seconds left.
|
|t:|1757845524
|move|p2a: Raging Bolt|Draco Meteor|p1a: Blissey|[miss]
|-miss|p2a: Raging Bolt|p1a: Blissey
|move|p1a: Blissey|Soft-Boiled|p1a: Blissey
|-heal|p1a: Blissey|100/100
|
|upkeep
|turn|24
|
|t:|1757845527
|move|p2a: Raging Bolt|Draco Meteor|p1a: Blissey
|-damage|p1a: Blissey|89/100
|-unboost|p2a: Raging Bolt|spa|2
|move|p1a: Blissey|Seismic Toss|p2a: Raging Bolt
|-damage|p2a: Raging Bolt|0 fnt
|faint|p2a: Raging Bolt
|-end|p2a: Raging Bolt|Protosynthesis|[silent]
|
|-heal|p1a: Blissey|95/100|[from] item: Leftovers
|upkeep
|
|t:|1757845531
|switch|p2a: Kyurem|Kyurem, tera:Ground|76/100
|-damage|p2a: Kyurem|70/100|[from] Stealth Rock
|-ability|p2a: Kyurem|Pressure
|turn|25
|
|t:|1757845534
|move|p2a: Kyurem|Draco Meteor|p1a: Blissey
|-damage|p1a: Blissey|65/100
|-unboost|p2a: Kyurem|spa|2
|move|p1a: Blissey|Seismic Toss|p2a: Kyurem
|-damage|p2a: Kyurem|44/100
|
|-heal|p1a: Blissey|71/100|[from] item: Leftovers
|upkeep
|turn|26
|
|t:|1757845538
|move|p2a: Kyurem|Draco Meteor|p1a: Blissey
|-damage|p1a: Blissey|55/100
|-unboost|p2a: Kyurem|spa|2
|move|p1a: Blissey|Soft-Boiled|p1a: Blissey
|-heal|p1a: Blissey|100/100
|
|upkeep
|turn|27
|
|t:|1757845544
|move|p2a: Kyurem|Draco Meteor|p1a: Blissey
|-damage|p1a: Blissey|90/100
|-unboost|p2a: Kyurem|spa|2
|move|p1a: Blissey|Soft-Boiled|p1a: Blissey
|-heal|p1a: Blissey|100/100
|
|upkeep
|turn|28
|-message|SnorlaxOnline forfeited.
|
|win|pokefanfdj
|raw|pokefanfdj's rating: 1352 &rarr; <strong>1370</strong><br />(+18 for winning)
|raw|SnorlaxOnline's rating: 1312 &rarr; <strong>1294</strong><br />(-18 for losing)
|l|☆SnorlaxOnline
|player|p2|
|l|☆pokefanfdj
|player|p1|
