|j|☆maractus' no1 fan
|j|☆BrokenChest2
|t:|1757916881
|gametype|singles
|player|p1|maractus' no1 fan|170|1591
|player|p2|BrokenChest2|unknown|1572
|gen|9
|tier|[Gen 9] OU
|rated|
|rule|HP Percentage Mod: HP is shown in percentages
|rule|Endless Battle Clause: Forcing endless battles is banned
|rule|Species Clause: Limit one of each Pokémon
|rule|OHKO Clause: OHKO moves are banned
|rule|Evasion Items Clause: Evasion items are banned
|rule|Evasion Moves Clause: Evasion moves are banned
|rule|Evasion Abilities Clause: Evasion abilities are banned
|rule|Sleep Moves Clause: Sleep-inducing moves are banned
|clearpoke
|poke|p1|Ceruledge, M|
|poke|p1|Alomomola, M|
|poke|p1|Iron Crown|
|poke|p1|Great Tusk|
|poke|p1|Latios, M|
|poke|p1|Kingambit, F|
|poke|p2|Quagsire, F|
|poke|p2|Blissey, F|
|poke|p2|Toxapex, M|
|poke|p2|Sinistcha|
|poke|p2|Gliscor, M|
|poke|p2|Corviknight, M|
|teampreview
|inactive|Battle timer is ON: inactive players will automatically lose when time's up. (requested by BrokenChest2)
|
|t:|1757916906
|teamsize|p1|6
|teamsize|p2|6
|start
|switch|p1a: Great Tusk|Great Tusk|100/100
|switch|p2a: Gliscor|Gliscor, M|100/100
|turn|1
|
|t:|1757916915
|move|p2a: Gliscor|Protect|p2a: Gliscor
|-singleturn|p2a: Gliscor|Protect
|move|p1a: Great Tusk|Knock Off|p2a: Gliscor
|-activate|p2a: Gliscor|move: Protect
|
|-status|p2a: Gliscor|tox|[from] item: Toxic Orb
|upkeep
|turn|2
|
|t:|1757916923
|-end|p1a: Great Tusk|Protosynthesis|[silent]
|switch|p1a: Iron Crown|Iron Crown|100/100
|move|p2a: Gliscor|Knock Off|p1a: Iron Crown
|-supereffective|p1a: Iron Crown
|-damage|p1a: Iron Crown|56/100
|-enditem|p1a: Iron Crown|Assault Vest|[from] move: Knock Off|[of] p2a: Gliscor
|
|upkeep
|turn|3
|
|t:|1757916943
|-end|p1a: Iron Crown|Quark Drive|[silent]
|switch|p1a: Alomomola|Alomomola, M|100/100
|move|p2a: Gliscor|Protect||[still]
|-fail|p2a: Gliscor
|
|upkeep
|turn|4
|
|t:|1757916947
|move|p2a: Gliscor|Knock Off|p1a: Alomomola
|-damage|p1a: Alomomola|90/100
|-enditem|p1a: Alomomola|Heavy-Duty Boots|[from] move: Knock Off|[of] p2a: Gliscor
|move|p1a: Alomomola|Wish|p1a: Alomomola
|
|upkeep
|turn|5
|
|t:|1757916951
|move|p2a: Gliscor|Spikes|p1a: Alomomola
|-sidestart|p1: maractus' no1 fan|Spikes
|move|p1a: Alomomola|Flip Turn|p2a: Gliscor
|-supereffective|p2a: Gliscor
|-damage|p2a: Gliscor|73/100 tox
|
|t:|1757916957
|switch|p1a: Iron Crown|Iron Crown|56/100|[from] Flip Turn
|-damage|p1a: Iron Crown|44/100|[from] Spikes
|
|-heal|p1a: Iron Crown|100/100|[from] move: Wish|[wisher] Alomomola
|-heal|p2a: Gliscor|86/100 tox|[from] ability: Poison Heal
|upkeep
|turn|6
|
|t:|1757916969
|move|p2a: Gliscor|Protect|p2a: Gliscor
|-singleturn|p2a: Gliscor|Protect
|move|p1a: Iron Crown|Future Sight|p2a: Gliscor
|-start|p1a: Iron Crown|move: Future Sight
|
|-heal|p2a: Gliscor|98/100 tox|[from] ability: Poison Heal
|upkeep
|turn|7
|
|t:|1757916971
|move|p1a: Iron Crown|Tachyon Cutter|p2a: Gliscor
|-damage|p2a: Gliscor|76/100 tox
|-damage|p2a: Gliscor|53/100 tox
|-hitcount|p2a: Gliscor|2
|move|p2a: Gliscor|Earthquake|p1a: Iron Crown
|-supereffective|p1a: Iron Crown
|-damage|p1a: Iron Crown|34/100
|
|-heal|p2a: Gliscor|65/100 tox|[from] ability: Poison Heal
|upkeep
|turn|8
|
|t:|1757916977
|switch|p2a: Corviknight|Corviknight, M|100/100
|-ability|p2a: Corviknight|Pressure
|move|p1a: Iron Crown|Tachyon Cutter|p2a: Corviknight
|-resisted|p2a: Corviknight
|-damage|p2a: Corviknight|87/100
|-resisted|p2a: Corviknight
|-damage|p2a: Corviknight|74/100
|-hitcount|p2a: Corviknight|2
|
|-end|p2a: Corviknight|move: Future Sight
|-resisted|p2a: Corviknight
|-damage|p2a: Corviknight|40/100
|upkeep
|turn|9
|
|t:|1757916984
|move|p1a: Iron Crown|Future Sight|p2a: Corviknight
|-start|p1a: Iron Crown|move: Future Sight
|move|p2a: Corviknight|Roost|p2a: Corviknight
|-heal|p2a: Corviknight|90/100
|-singleturn|p2a: Corviknight|move: Roost
|
|upkeep
|turn|10
|
|t:|1757916988
|move|p1a: Iron Crown|Volt Switch|p2a: Corviknight
|-supereffective|p2a: Corviknight
|-damage|p2a: Corviknight|41/100
|
|t:|1757916992
|-end|p1a: Iron Crown|Quark Drive|[silent]
|switch|p1a: Alomomola|Alomomola, M|100/100|[from] Volt Switch
|-damage|p1a: Alomomola|88/100|[from] Spikes
|move|p2a: Corviknight|Body Press|p1a: Alomomola
|-damage|p1a: Alomomola|73/100
|
|upkeep
|turn|11
|
|t:|1757916995
|move|p2a: Corviknight|Roost|p2a: Corviknight
|-heal|p2a: Corviknight|91/100
|-singleturn|p2a: Corviknight|move: Roost
|move|p1a: Alomomola|Wish|p1a: Alomomola
|
|-end|p2a: Corviknight|move: Future Sight
|-resisted|p2a: Corviknight
|-damage|p2a: Corviknight|56/100
|upkeep
|turn|12
|
|t:|1757917002
|move|p2a: Corviknight|Roost|p2a: Corviknight
|-heal|p2a: Corviknight|100/100
|-singleturn|p2a: Corviknight|move: Roost
|move|p1a: Alomomola|Flip Turn|p2a: Corviknight
|-damage|p2a: Corviknight|89/100
|
|t:|1757917005
|switch|p1a: Iron Crown|Iron Crown|34/100|[from] Flip Turn
|-damage|p1a: Iron Crown|22/100|[from] Spikes
|
|-heal|p1a: Iron Crown|100/100|[from] move: Wish|[wisher] Alomomola
|upkeep
|turn|13
|
|t:|1757917015
|switch|p2a: Gliscor|Gliscor, M|65/100 tox
|move|p1a: Iron Crown|Volt Switch|p2a: Gliscor
|-immune|p2a: Gliscor
|
|-heal|p2a: Gliscor|78/100 tox|[from] ability: Poison Heal
|upkeep
|turn|14
|
|t:|1757917020
|move|p1a: Iron Crown|Future Sight|p2a: Gliscor
|-start|p1a: Iron Crown|move: Future Sight
|move|p2a: Gliscor|Spikes|p1a: Iron Crown
|-sidestart|p1: maractus' no1 fan|Spikes
|
|-heal|p2a: Gliscor|90/100 tox|[from] ability: Poison Heal
|upkeep
|turn|15
|
|t:|1757917024
|move|p1a: Iron Crown|Tachyon Cutter|p2a: Gliscor
|-damage|p2a: Gliscor|68/100 tox
|-damage|p2a: Gliscor|45/100 tox
|-hitcount|p2a: Gliscor|2
|move|p2a: Gliscor|Spikes|p1a: Iron Crown
|-sidestart|p1: maractus' no1 fan|Spikes
|
|-heal|p2a: Gliscor|57/100 tox|[from] ability: Poison Heal
|upkeep
|turn|16
|
|t:|1757917035
|switch|p2a: Blissey|Blissey, F|100/100
|move|p1a: Iron Crown|Volt Switch|p2a: Blissey
|-damage|p2a: Blissey|94/100
|
|t:|1757917040
|-end|p1a: Iron Crown|Quark Drive|[silent]
|switch|p1a: Great Tusk|Great Tusk|100/100|[from] Volt Switch
|-damage|p1a: Great Tusk|76/100|[from] Spikes
|
|-end|p2a: Blissey|move: Future Sight
|-damage|p2a: Blissey|74/100
|upkeep
|turn|17
|
|t:|1757917046
|switch|p2a: Sinistcha|Sinistcha|100/100
|move|p1a: Great Tusk|Knock Off|p2a: Sinistcha
|-supereffective|p2a: Sinistcha
|-damage|p2a: Sinistcha|39/100
|-enditem|p2a: Sinistcha|Heavy-Duty Boots|[from] move: Knock Off|[of] p1a: Great Tusk
|-damage|p1a: Great Tusk|66/100|[from] item: Life Orb
|
|upkeep
|turn|18
|
|t:|1757917054
|switch|p2a: Gliscor|Gliscor, M|57/100 tox
|-terastallize|p1a: Great Tusk|Dark
|move|p1a: Great Tusk|Knock Off|p2a: Gliscor
|-damage|p2a: Gliscor|8/100 tox
|-enditem|p2a: Gliscor|Toxic Orb|[from] move: Knock Off|[of] p1a: Great Tusk
|-damage|p1a: Great Tusk|56/100|[from] item: Life Orb
|
|-heal|p2a: Gliscor|21/100 tox|[from] ability: Poison Heal
|upkeep
|turn|19
|
|t:|1757917059
|move|p2a: Gliscor|Protect|p2a: Gliscor
|-singleturn|p2a: Gliscor|Protect
|move|p1a: Great Tusk|Rapid Spin|p2a: Gliscor
|-activate|p2a: Gliscor|move: Protect
|
|-heal|p2a: Gliscor|33/100 tox|[from] ability: Poison Heal
|upkeep
|turn|20
|
|t:|1757917066
|move|p1a: Great Tusk|Close Combat|p2a: Gliscor
|-resisted|p2a: Gliscor
|-damage|p2a: Gliscor|0 fnt
|-unboost|p1a: Great Tusk|def|1
|-unboost|p1a: Great Tusk|spd|1
|faint|p2a: Gliscor
|-damage|p1a: Great Tusk|46/100|[from] item: Life Orb
|
|upkeep
|
|t:|1757917074
|switch|p2a: Corviknight|Corviknight, M|89/100
|-ability|p2a: Corviknight|Pressure
|turn|21
|
|t:|1757917080
|switch|p2a: Sinistcha|Sinistcha|39/100
|move|p1a: Great Tusk|Rapid Spin|p2a: Sinistcha
|-immune|p2a: Sinistcha
|
|upkeep
|turn|22
|
|t:|1757917083
|-terastallize|p2a: Sinistcha|Fairy
|move|p1a: Great Tusk|Knock Off|p2a: Sinistcha
|-resisted|p2a: Sinistcha
|-damage|p2a: Sinistcha|22/100
|-damage|p1a: Great Tusk|36/100|[from] item: Life Orb
|move|p2a: Sinistcha|Matcha Gotcha|p1a: Great Tusk
|-crit|p1a: Great Tusk
|-damage|p1a: Great Tusk|0 fnt
|-heal|p2a: Sinistcha|42/100|[from] drain|[of] p1a: Great Tusk
|faint|p1a: Great Tusk
|-end|p1a: Great Tusk|Protosynthesis|[silent]
|
|upkeep
|
|t:|1757917108
|switch|p1a: Latios|Latios, M|100/100
|turn|23
|
|t:|1757917112
|switch|p2a: Blissey|Blissey, F|74/100
|move|p1a: Latios|Psychic Noise|p2a: Blissey
|-damage|p2a: Blissey|61/100
|-start|p2a: Blissey|move: Heal Block
|
|upkeep
|turn|24
|
|t:|1757917115
|move|p1a: Latios|Calm Mind|p1a: Latios
|-boost|p1a: Latios|spa|1
|-boost|p1a: Latios|spd|1
|move|p2a: Blissey|Seismic Toss|p1a: Latios
|-damage|p1a: Latios|67/100
|
|-end|p2a: Blissey|move: Heal Block
|upkeep
|turn|25
|
|t:|1757917123
|move|p1a: Latios|Psychic Noise|p2a: Blissey
|-damage|p2a: Blissey|39/100
|-start|p2a: Blissey|move: Heal Block
|move|p2a: Blissey|Calm Mind|p2a: Blissey
|-boost|p2a: Blissey|spa|1
|-boost|p2a: Blissey|spd|1
|
|upkeep
|turn|26
|
|t:|1757917128
|move|p1a: Latios|Psychic Noise|p2a: Blissey
|-damage|p2a: Blissey|25/100
|move|p2a: Blissey|Seismic Toss|p1a: Latios
|-damage|p1a: Latios|34/100
|
|-end|p2a: Blissey|move: Heal Block
|upkeep
|turn|27
|
|t:|1757917136
|move|p1a: Latios|Psychic Noise|p2a: Blissey
|-damage|p2a: Blissey|11/100
|-start|p2a: Blissey|move: Heal Block
|move|p2a: Blissey|Seismic Toss|p1a: Latios
|-damage|p1a: Latios|1/100
|
|upkeep
|turn|28
|
|t:|1757917140
|move|p1a: Latios|Psychic Noise|p2a: Blissey
|-damage|p2a: Blissey|0 fnt
|faint|p2a: Blissey
|
|upkeep
|
|t:|1757917149
|switch|p2a: Corviknight|Corviknight, M|89/100
|-ability|p2a: Corviknight|Pressure
|turn|29
|
|t:|1757917152
|move|p1a: Latios|Recover|p1a: Latios
|-heal|p1a: Latios|51/100
|move|p2a: Corviknight|Body Press|p1a: Latios
|-resisted|p1a: Latios
|-damage|p1a: Latios|32/100
|
|upkeep
|turn|30
|
|t:|1757917158
|switch|p2a: Toxapex|Toxapex, M|100/100
|move|p1a: Latios|Recover|p1a: Latios
|-heal|p1a: Latios|82/100
|
|upkeep
|turn|31
|
|t:|1757917162
|move|p1a: Latios|Psychic Noise|p2a: Toxapex
|-supereffective|p2a: Toxapex
|-damage|p2a: Toxapex|15/100
|-start|p2a: Toxapex|move: Heal Block
|move|p2a: Toxapex|Toxic|p1a: Latios
|-status|p1a: Latios|tox
|
|-damage|p1a: Latios|76/100 tox|[from] psn
|upkeep
|turn|32
|
|t:|1757917169
|switch|p2a: Corviknight|Corviknight, M|89/100
|-ability|p2a: Corviknight|Pressure
|move|p1a: Latios|Calm Mind|p1a: Latios
|-boost|p1a: Latios|spa|1
|-boost|p1a: Latios|spd|1
|
|-damage|p1a: Latios|64/100 tox|[from] psn
|upkeep
|turn|33
|
|t:|1757917181
|switch|p2a: Toxapex|Toxapex, M|48/100
|move|p1a: Latios|Psychic Noise|p2a: Toxapex
|-supereffective|p2a: Toxapex
|-damage|p2a: Toxapex|0 fnt
|faint|p2a: Toxapex
|
|-damage|p1a: Latios|46/100 tox|[from] psn
|upkeep
|
|t:|1757917182
|switch|p2a: Quagsire|Quagsire, F|100/100
|turn|34
|
|t:|1757917186
|move|p1a: Latios|Draco Meteor|p2a: Quagsire
|-damage|p2a: Quagsire|0 fnt
|-unboost|p1a: Latios|spa|2
|faint|p2a: Quagsire
|
|-damage|p1a: Latios|22/100 tox|[from] psn
|upkeep
|
|t:|1757917190
|switch|p2a: Corviknight|Corviknight, M|89/100
|-ability|p2a: Corviknight|Pressure
|turn|35
|
|t:|1757917200
|switch|p1a: Alomomola|Alomomola, M|100/100
|-damage|p1a: Alomomola|76/100|[from] Spikes
|move|p2a: Corviknight|Iron Defense|p2a: Corviknight
|-boost|p2a: Corviknight|def|2
|
|upkeep
|turn|36
|
|t:|1757917207
|switch|p2a: Sinistcha|Sinistcha, tera:Fairy|42/100
|move|p1a: Alomomola|Wish|p1a: Alomomola
|
|upkeep
|turn|37
|
|t:|1757917215
|move|p2a: Sinistcha|Strength Sap|p1a: Alomomola
|-unboost|p1a: Alomomola|atk|1
|-heal|p2a: Sinistcha|99/100
|move|p1a: Alomomola|Flip Turn|p2a: Sinistcha
|-damage|p2a: Sinistcha|91/100
|
|t:|1757917218
|switch|p1a: Latios|Latios, M|22/100 tox|[from] Flip Turn
|
|-heal|p1a: Latios|100/100 tox|[from] move: Wish|[wisher] Alomomola
|-damage|p1a: Latios|95/100 tox|[from] psn
|upkeep
|turn|38
|
|t:|1757917226
|move|p1a: Latios|Psychic Noise|p2a: Sinistcha
|-damage|p2a: Sinistcha|35/100
|-start|p2a: Sinistcha|move: Heal Block
|move|p2a: Sinistcha|Hex|p1a: Latios
|-supereffective|p1a: Latios
|-damage|p1a: Latios|0 fnt
|faint|p1a: Latios
|
|upkeep
|
|t:|1757917239
|switch|p1a: Iron Crown|Iron Crown|100/100
|-damage|p1a: Iron Crown|76/100|[from] Spikes
|turn|39
|
|t:|1757917248
|move|p1a: Iron Crown|Future Sight|p2a: Sinistcha
|-start|p1a: Iron Crown|move: Future Sight
|move|p2a: Sinistcha|Hex|p1a: Iron Crown
|-supereffective|p1a: Iron Crown
|-damage|p1a: Iron Crown|23/100
|
|-end|p2a: Sinistcha|move: Heal Block
|upkeep
|turn|40
|j| biryanilover
|
|t:|1757917254
|switch|p2a: Corviknight|Corviknight, M|89/100
|-ability|p2a: Corviknight|Pressure
|move|p1a: Iron Crown|Tachyon Cutter|p2a: Corviknight
|-resisted|p2a: Corviknight
|-damage|p2a: Corviknight|75/100
|-resisted|p2a: Corviknight
|-damage|p2a: Corviknight|62/100
|-hitcount|p2a: Corviknight|2
|
|upkeep
|turn|41
|
|t:|1757917257
|move|p1a: Iron Crown|Volt Switch|p2a: Corviknight
|-supereffective|p2a: Corviknight
|-damage|p2a: Corviknight|11/100
|
|t:|1757917267
|-end|p1a: Iron Crown|Quark Drive|[silent]
|switch|p1a: Ceruledge|Ceruledge, M|100/100|[from] Volt Switch
|-damage|p1a: Ceruledge|76/100|[from] Spikes
|move|p2a: Corviknight|Roost|p2a: Corviknight
|-heal|p2a: Corviknight|61/100
|-singleturn|p2a: Corviknight|move: Roost
|
|-end|p2a: Corviknight|move: Future Sight
|-resisted|p2a: Corviknight
|-damage|p2a: Corviknight|27/100
|upkeep
|turn|42
|
|t:|1757917274
|move|p1a: Ceruledge|Bulk Up|p1a: Ceruledge
|-boost|p1a: Ceruledge|atk|1
|-boost|p1a: Ceruledge|def|1
|move|p2a: Corviknight|Roost|p2a: Corviknight
|-heal|p2a: Corviknight|77/100
|-singleturn|p2a: Corviknight|move: Roost
|
|upkeep
|turn|43
|
|t:|1757917276
|switch|p2a: Sinistcha|Sinistcha, tera:Fairy|35/100
|move|p1a: Ceruledge|Taunt|p2a: Sinistcha
|-start|p2a: Sinistcha|move: Taunt
|
|upkeep
|turn|44
|
|t:|1757917285
|move|p1a: Ceruledge|Bulk Up|p1a: Ceruledge
|-boost|p1a: Ceruledge|atk|1
|-boost|p1a: Ceruledge|def|1
|move|p2a: Sinistcha|Hex|p1a: Ceruledge
|-supereffective|p1a: Ceruledge
|-damage|p1a: Ceruledge|35/100
|
|upkeep
|turn|45
|
|t:|1757917287
|move|p1a: Ceruledge|Bitter Blade|p2a: Sinistcha
|-damage|p2a: Sinistcha|9/100
|-heal|p1a: Ceruledge|47/100|[from] drain|[of] p2a: Sinistcha
|move|p2a: Sinistcha|Foul Play|p1a: Ceruledge
|-supereffective|p1a: Ceruledge
|-damage|p1a: Ceruledge|0 fnt
|faint|p1a: Ceruledge
|
|-end|p2a: Sinistcha|move: Taunt
|upkeep
|
|t:|1757917300
|switch|p1a: Kingambit|Kingambit, F|100/100
|-damage|p1a: Kingambit|76/100|[from] Spikes
|-activate|p1a: Kingambit|ability: Supreme Overlord
|-start|p1a: Kingambit|fallen3|[silent]
|turn|46
|
|t:|1757917305
|move|p2a: Sinistcha|Strength Sap|p1a: Kingambit
|-unboost|p1a: Kingambit|atk|1
|-heal|p2a: Sinistcha|100/100
|move|p1a: Kingambit|Iron Head|p2a: Sinistcha
|-supereffective|p2a: Sinistcha
|-damage|p2a: Sinistcha|45/100
|
|-heal|p1a: Kingambit|82/100|[from] item: Leftovers
|upkeep
|turn|47
|l|☆maractus' no1 fan
|inactive|maractus' no1 fan disconnected and has a minute to reconnect!
|player|p1|
|c|☆BrokenChest2|LOL
|c|☆BrokenChest2|I'm so evil
|inactive|maractus' no1 fan has 30 seconds to reconnect!
|inactive|maractus' no1 fan has 20 seconds to reconnect!
|inactive|maractus' no1 fan has 15 seconds to reconnect!
|inactive|maractus' no1 fan has 10 seconds to reconnect!
|inactive|maractus' no1 fan has 5 seconds to reconnect!
|-message|maractus' no1 fan lost due to inactivity.
|
|win|BrokenChest2
|raw|maractus&apos; no1 fan's rating: 1591 &rarr; <strong>1570</strong><br />(-21 for losing)
|raw|BrokenChest2's rating: 1572 &rarr; <strong>1593</strong><br />(+21 for winning)
|l|☆BrokenChest2
|player|p2|
