|j|☆Hoey14
|j|☆shubh005
|t:|1757960289
|gametype|singles
|player|p1|Hoey14|101|1444
|player|p2|shubh005|266|1386
|gen|9
|tier|[Gen 9] OU
|rated|
|rule|HP Percentage Mod: HP is shown in percentages
|rule|Endless Battle Clause: Forcing endless battles is banned
|rule|Species Clause: Limit one of each Pokémon
|rule|OHKO Clause: OHKO moves are banned
|rule|Evasion Items Clause: Evasion items are banned
|rule|Evasion Moves Clause: Evasion moves are banned
|rule|Evasion Abilities Clause: Evasion abilities are banned
|rule|Sleep Moves Clause: Sleep-inducing moves are banned
|clearpoke
|poke|p1|Pecharunt|
|poke|p1|Cinderace, M|
|poke|p1|Weavile, M|
|poke|p1|Gliscor, M|
|poke|p1|Primarina, F|
|poke|p1|Kommo-o, M|
|poke|p2|Dragapult, F|
|poke|p2|Primarina, F|
|poke|p2|Iron Crown|
|poke|p2|Samurott-Hisui, F|
|poke|p2|Kingambit, M|
|poke|p2|Landorus-Therian, M|
|teampreview
|inactive|Battle timer is ON: inactive players will automatically lose when time's up. (requested by shubh005)
|inactive|Hoey14 has 120 seconds left.
|
|t:|1757960365
|teamsize|p1|6
|teamsize|p2|6
|start
|switch|p1a: Primarina|Primarina, F|100/100
|switch|p2a: Primarina|Primarina, F|100/100
|turn|1
|
|t:|1757960392
|move|p2a: Primarina|Calm Mind|p2a: Primarina
|-boost|p2a: Primarina|spa|1
|-boost|p2a: Primarina|spd|1
|move|p1a: Primarina|Moonblast|p2a: Primarina
|-damage|p2a: Primarina|58/100
|
|upkeep
|turn|2
|
|t:|1757960410
|move|p2a: Primarina|Moonblast|p1a: Primarina
|-damage|p1a: Primarina|38/100
|move|p1a: Primarina|Moonblast|p2a: Primarina
|-damage|p2a: Primarina|10/100
|
|upkeep
|turn|3
|
|t:|1757960422
|move|p2a: Primarina|Moonblast|p1a: Primarina
|-damage|p1a: Primarina|0 fnt
|faint|p1a: Primarina
|
|upkeep
|
|t:|1757960426
|switch|p1a: Weavile|Weavile, M|100/100
|-ability|p1a: Weavile|Pressure
|turn|4
|
|t:|1757960430
|move|p1a: Weavile|Knock Off|p2a: Primarina
|-resisted|p2a: Primarina
|-damage|p2a: Primarina|0 fnt
|-enditem|p2a: Primarina|Heavy-Duty Boots|[from] move: Knock Off|[of] p1a: Weavile
|faint|p2a: Primarina
|
|upkeep
|
|t:|1757960442
|switch|p2a: Kingambit|Kingambit, M|100/100
|-activate|p2a: Kingambit|ability: Supreme Overlord
|-start|p2a: Kingambit|fallen1|[silent]
|turn|5
|inactive|Hoey14 has 120 seconds left.
|
|t:|1757960480
|move|p1a: Weavile|Low Kick|p2a: Kingambit
|-supereffective|p2a: Kingambit
|-crit|p2a: Kingambit
|-damage|p2a: Kingambit|0 fnt
|faint|p2a: Kingambit
|-end|p2a: Kingambit|fallen1|[silent]
|
|upkeep
|c|☆shubh005|crit
|c|☆shubh005|ok
|
|t:|1757960495
|switch|p2a: Dragapult|Dragapult, F, shiny|100/100
|turn|6
|inactive|Hoey14 has 120 seconds left.
|
|t:|1757960511
|move|p2a: Dragapult|U-turn|p1a: Weavile
|-supereffective|p1a: Weavile
|-damage|p1a: Weavile|0 fnt
|faint|p1a: Weavile
|
|t:|1757960523
|switch|p2a: Samurott|Samurott-Hisui, F|100/100|[from] U-turn
|
|upkeep
|inactive|Hoey14 has 120 seconds left.
|inactive|Hoey14 has 90 seconds left.
|
|t:|1757960563
|switch|p1a: Kommo-o|Kommo-o, M|100/100
|turn|7
|
|t:|1757960575
|switch|p2a: Dragapult|Dragapult, F, shiny|100/100
|move|p1a: Kommo-o|Clangorous Soul|p1a: Kommo-o
|-boost|p1a: Kommo-o|atk|1
|-boost|p1a: Kommo-o|def|1
|-boost|p1a: Kommo-o|spa|1
|-boost|p1a: Kommo-o|spd|1
|-boost|p1a: Kommo-o|spe|1
|-damage|p1a: Kommo-o|68/100
|-enditem|p1a: Kommo-o|Throat Spray
|-boost|p1a: Kommo-o|spa|1|[from] item: Throat Spray
|
|upkeep
|turn|8
|
|t:|1757960592
|move|p1a: Kommo-o|Flamethrower|p2a: Dragapult
|-resisted|p2a: Dragapult
|-damage|p2a: Dragapult|68/100
|move|p2a: Dragapult|Dragon Darts|p1a: Kommo-o
|-supereffective|p1a: Kommo-o
|-damage|p1a: Kommo-o|22/100
|-anim|p2a: Dragapult|Dragon Darts|p1a: Kommo-o
|-supereffective|p1a: Kommo-o
|-damage|p1a: Kommo-o|0 fnt
|faint|p1a: Kommo-o
|
|upkeep
|
|t:|1757960597
|switch|p1a: Gliscor|Gliscor, M|100/100
|turn|9
|
|t:|1757960608
|switch|p2a: Samurott|Samurott-Hisui, F|100/100
|move|p1a: Gliscor|Protect||[still]
|-fail|p1a: Gliscor
|
|-status|p1a: Gliscor|tox|[from] item: Toxic Orb
|upkeep
|turn|10
|inactive|Hoey14 has 120 seconds left.
|
|t:|1757960633
|move|p1a: Gliscor|Earthquake|p2a: Samurott
|-damage|p2a: Samurott|52/100
|move|p2a: Samurott|Razor Shell|p1a: Gliscor
|-supereffective|p1a: Gliscor
|-damage|p1a: Gliscor|14/100 tox
|
|-heal|p1a: Gliscor|26/100 tox|[from] ability: Poison Heal
|upkeep
|turn|11
|
|t:|1757960646
|move|p1a: Gliscor|Protect|p1a: Gliscor
|-singleturn|p1a: Gliscor|Protect
|move|p2a: Samurott|Ceaseless Edge|p1a: Gliscor
|-activate|p1a: Gliscor|move: Protect
|
|-heal|p1a: Gliscor|39/100 tox|[from] ability: Poison Heal
|upkeep
|turn|12
|
|t:|1757960672
|switch|p1a: Pecharunt|Pecharunt|100/100
|move|p2a: Samurott|Encore||[still]
|-fail|p2a: Samurott
|
|upkeep
|turn|13
|
|t:|1757960680
|move|p2a: Samurott|Ceaseless Edge|p1a: Pecharunt|[miss]
|-miss|p2a: Samurott|p1a: Pecharunt
|move|p1a: Pecharunt|Malignant Chain|p2a: Samurott
|-damage|p2a: Samurott|0 fnt
|faint|p2a: Samurott
|
|upkeep
|
|t:|1757960688
|switch|p2a: Dragapult|Dragapult, F, shiny|68/100
|turn|14
|inactive|Hoey14 has 90 seconds left.
|
|t:|1757960717
|-terastallize|p2a: Dragapult|Ghost
|-terastallize|p1a: Pecharunt|Flying
|move|p2a: Dragapult|Tera Blast|p1a: Pecharunt|[anim] Tera Blast Ghost
|-damage|p1a: Pecharunt|49/100
|move|p1a: Pecharunt|Hex|p2a: Dragapult
|-supereffective|p2a: Dragapult
|-damage|p2a: Dragapult|0 fnt
|faint|p2a: Dragapult
|
|upkeep
|
|t:|1757960731
|switch|p2a: Iron Crown|Iron Crown|100/100
|turn|15
|
|t:|1757960740
|move|p2a: Iron Crown|Tachyon Cutter|p1a: Pecharunt
|-damage|p1a: Pecharunt|25/100
|-damage|p1a: Pecharunt|0 fnt
|faint|p1a: Pecharunt
|-hitcount|p1: Pecharunt|2
|
|upkeep
|
|t:|1757960744
|switch|p1a: Cinderace|Cinderace, M|100/100
|turn|16
|
|t:|1757960751
|move|p1a: Cinderace|Pyro Ball|p2a: Iron Crown
|-supereffective|p2a: Iron Crown
|-damage|p2a: Iron Crown|0 fnt
|faint|p2a: Iron Crown
|-end|p2a: Iron Crown|Quark Drive|[silent]
|
|upkeep
|
|t:|1757960755
|switch|p2a: Landorus|Landorus-Therian, M|100/100
|-ability|p2a: Landorus|Intimidate|boost
|-unboost|p1a: Cinderace|atk|1
|turn|17
|inactive|Hoey14 has 120 seconds left.
|c|☆shubh005|gg
|inactive|Hoey14 has 90 seconds left.
|
|t:|1757960810
|move|p1a: Cinderace|Will-O-Wisp|p2a: Landorus
|-status|p2a: Landorus|brn
|move|p2a: Landorus|Earth Power|p1a: Cinderace
|-supereffective|p1a: Cinderace
|-damage|p1a: Cinderace|5/100
|
|-damage|p2a: Landorus|94/100 brn|[from] brn
|upkeep
|turn|18
|
|t:|1757960821
|move|p1a: Cinderace|Pyro Ball|p2a: Landorus
|-damage|p2a: Landorus|67/100 brn
|move|p2a: Landorus|Stealth Rock|p1a: Cinderace
|-sidestart|p1: Hoey14|move: Stealth Rock
|
|-damage|p2a: Landorus|61/100 brn|[from] brn
|upkeep
|turn|19
|
|t:|1757960829
|move|p1a: Cinderace|Pyro Ball|p2a: Landorus
|-damage|p2a: Landorus|34/100 brn
|move|p2a: Landorus|Grass Knot|p1a: Cinderace
|-resisted|p1a: Cinderace
|-crit|p1a: Cinderace
|-damage|p1a: Cinderace|0 fnt
|faint|p1a: Cinderace
|
|-damage|p2a: Landorus|28/100 brn|[from] brn
|upkeep
|
|t:|1757960831
|switch|p1a: Gliscor|Gliscor, M|39/100 tox
|-damage|p1a: Gliscor|26/100 tox|[from] Stealth Rock
|turn|20
|
|t:|1757960844
|move|p1a: Gliscor|Protect|p1a: Gliscor
|-singleturn|p1a: Gliscor|Protect
|move|p2a: Landorus|Grass Knot|p1a: Gliscor
|-activate|p1a: Gliscor|move: Protect
|
|-heal|p1a: Gliscor|39/100 tox|[from] ability: Poison Heal
|-damage|p2a: Landorus|22/100 brn|[from] brn
|upkeep
|turn|21
|
|t:|1757960866
|move|p1a: Gliscor|Knock Off|p2a: Landorus
|-damage|p2a: Landorus|4/100 brn
|-damage|p1a: Gliscor|22/100 tox|[from] item: Rocky Helmet|[of] p2a: Landorus
|-enditem|p2a: Landorus|Rocky Helmet|[from] move: Knock Off|[of] p1a: Gliscor
|move|p2a: Landorus|Grass Knot|p1a: Gliscor
|-damage|p1a: Gliscor|0 fnt
|faint|p1a: Gliscor
|
|win|shubh005
|raw|Hoey14's rating: 1444 &rarr; <strong>1421</strong><br />(-23 for losing)
|raw|shubh005's rating: 1386 &rarr; <strong>1409</strong><br />(+23 for winning)
|l|☆Hoey14
|player|p1|
|c|☆shubh005|bro what
