|j|☆rbonjalemes
|j|☆harc
|t:|1757814514
|gametype|singles
|player|p1|rbonjalemes|dawn|1414
|player|p2|harc|lady|1409
|gen|9
|tier|[Gen 9] OU
|rated|
|rule|HP Percentage Mod: HP is shown in percentages
|rule|Endless Battle Clause: Forcing endless battles is banned
|rule|Species Clause: Limit one of each Pokémon
|rule|OHKO Clause: OHKO moves are banned
|rule|Evasion Items Clause: Evasion items are banned
|rule|Evasion Moves Clause: Evasion moves are banned
|rule|Evasion Abilities Clause: Evasion abilities are banned
|rule|Sleep Moves Clause: Sleep-inducing moves are banned
|clearpoke
|poke|p1|Necrozma|
|poke|p1|Raging Bolt|
|poke|p1|Dragapult, M|
|poke|p1|Ninetales-Alola, M|
|poke|p1|Quaquaval, M|
|poke|p1|Iron Treads|
|poke|p2|Corviknight, M|
|poke|p2|Clefable, M|
|poke|p2|Tyranitar, F|
|poke|p2|Dondozo, M|
|poke|p2|Forretress, M|
|poke|p2|Brambleghast, M|
|teampreview
|
|t:|1757814548
|teamsize|p1|6
|teamsize|p2|6
|start
|switch|p1a: Dragapult|Dragapult, M|100/100
|switch|p2a: Forretress|Forretress, M|100/100
|turn|1
|
|t:|1757814555
|move|p1a: Dragapult|U-turn|p2a: Forretress
|-resisted|p2a: Forretress
|-damage|p2a: Forretress|87/100
|
|t:|1757814568
|switch|p1a: Iron Treads|Iron Treads|100/100|[from] U-turn
|-enditem|p1a: Iron Treads|Booster Energy
|-activate|p1a: Iron Treads|ability: Quark Drive|[fromitem]
|-start|p1a: Iron Treads|quarkdriveatk
|move|p2a: Forretress|Stealth Rock|p1a: Iron Treads
|-sidestart|p1: rbonjalemes|move: Stealth Rock
|
|upkeep
|turn|2
|
|t:|1757814582
|-terastallize|p2a: Forretress|Ghost
|move|p1a: Iron Treads|Earthquake|p2a: Forretress
|-damage|p2a: Forretress|39/100
|move|p2a: Forretress|Reflect|p2a: Forretress
|-sidestart|p2: harc|Reflect
|
|upkeep
|turn|3
|
|t:|1757814589
|move|p1a: Iron Treads|Stealth Rock|p2a: Forretress
|-sidestart|p2: harc|move: Stealth Rock
|move|p2a: Forretress|Light Screen|p2a: Forretress
|-sidestart|p2: harc|move: Light Screen
|
|upkeep
|turn|4
|
|t:|1757814605
|move|p1a: Iron Treads|Ice Spinner|p2a: Forretress
|-damage|p2a: Forretress|25/100
|move|p2a: Forretress|Volt Switch|p1a: Iron Treads
|-immune|p1a: Iron Treads
|
|upkeep
|turn|5
|
|t:|1757814613
|move|p1a: Iron Treads|Earthquake|p2a: Forretress
|-damage|p2a: Forretress|0 fnt
|faint|p2a: Forretress
|
|upkeep
|
|t:|1757814628
|switch|p2a: Brambleghast|Brambleghast, M|100/100
|turn|6
|
|t:|1757814634
|move|p1a: Iron Treads|Ice Spinner|p2a: Brambleghast
|-supereffective|p2a: Brambleghast
|-damage|p2a: Brambleghast|38/100
|move|p2a: Brambleghast|Power Whip|p1a: Iron Treads|[miss]
|-miss|p2a: Brambleghast|p1a: Iron Treads
|
|upkeep
|turn|7
|-message|harc forfeited.
|
|win|rbonjalemes
|raw|rbonjalemes's rating: 1414 &rarr; <strong>1434</strong><br />(+20 for winning)
|raw|harc's rating: 1409 &rarr; <strong>1389</strong><br />(-20 for losing)
|l|☆harc
|player|p2|
|c|☆rbonjalemes|dont play stall on low ladder it's not cool
