|j|☆chairn't
|j|☆Tecceth
|t:|1757816210
|gametype|singles
|player|p1|chairn't|miku-fairy|1337
|player|p2|Tecceth|miku-ground|1313
|gen|9
|tier|[Gen 9] OU
|rated|
|rule|HP Percentage Mod: HP is shown in percentages
|rule|Endless Battle Clause: Forcing endless battles is banned
|rule|Species Clause: Limit one of each Pokémon
|rule|OHKO Clause: OHKO moves are banned
|rule|Evasion Items Clause: Evasion items are banned
|rule|Evasion Moves Clause: Evasion moves are banned
|rule|Evasion Abilities Clause: Evasion abilities are banned
|rule|Sleep Moves Clause: Sleep-inducing moves are banned
|clearpoke
|poke|p1|Landorus-Therian, M|
|poke|p1|Skeledirge, M|
|poke|p1|Skarmory, M|
|poke|p1|Hydrapple, M|
|poke|p1|Samurott-Hisui, M|
|poke|p1|Fezandipiti, M|
|poke|p2|Ceruledge, M|
|poke|p2|Ninetales, M|
|poke|p2|Leavanny, M|
|poke|p2|Great Tusk|
|poke|p2|Walking Wake|
|poke|p2|Venusaur, F|
|teampreview
|inactive|Battle timer is ON: inactive players will automatically lose when time's up. (requested by chairn't)
|
|t:|1757816222
|teamsize|p1|6
|teamsize|p2|6
|start
|switch|p1a: Fezandipiti|Fezandipiti, M|100/100
|switch|p2a: Ninetales|Ninetales, M|100/100
|-weather|SunnyDay|[from] ability: Drought|[of] p2a: Ninetales
|turn|1
|
|t:|1757816233
|move|p2a: Ninetales|Scorching Sands|p1a: Fezandipiti
|-supereffective|p1a: Fezandipiti
|-damage|p1a: Fezandipiti|83/100
|move|p1a: Fezandipiti|Calm Mind|p1a: Fezandipiti
|-boost|p1a: Fezandipiti|spa|1
|-boost|p1a: Fezandipiti|spd|1
|
|-weather|SunnyDay|[upkeep]
|upkeep
|turn|2
|
|t:|1757816238
|move|p2a: Ninetales|Encore|p1a: Fezandipiti
|-start|p1a: Fezandipiti|Encore
|move|p1a: Fezandipiti|Calm Mind|p1a: Fezandipiti
|-boost|p1a: Fezandipiti|spa|1
|-boost|p1a: Fezandipiti|spd|1
|
|-weather|SunnyDay|[upkeep]
|upkeep
|turn|3
|
|t:|1757816246
|move|p2a: Ninetales|Scorching Sands|p1a: Fezandipiti
|-supereffective|p1a: Fezandipiti
|-damage|p1a: Fezandipiti|75/100
|move|p1a: Fezandipiti|Calm Mind|p1a: Fezandipiti
|-boost|p1a: Fezandipiti|spa|1
|-boost|p1a: Fezandipiti|spd|1
|
|-weather|SunnyDay|[upkeep]
|upkeep
|turn|4
|
|t:|1757816250
|move|p2a: Ninetales|Scorching Sands|p1a: Fezandipiti
|-supereffective|p1a: Fezandipiti
|-damage|p1a: Fezandipiti|68/100
|move|p1a: Fezandipiti|Calm Mind|p1a: Fezandipiti
|-boost|p1a: Fezandipiti|spa|1
|-boost|p1a: Fezandipiti|spd|1
|
|-weather|SunnyDay|[upkeep]
|-end|p1a: Fezandipiti|Encore
|upkeep
|turn|5
|
|t:|1757816257
|move|p2a: Ninetales|Encore|p1a: Fezandipiti
|-start|p1a: Fezandipiti|Encore
|move|p1a: Fezandipiti|Calm Mind|p1a: Fezandipiti
|-boost|p1a: Fezandipiti|spa|1
|-boost|p1a: Fezandipiti|spd|1
|
|-weather|SunnyDay|[upkeep]
|upkeep
|turn|6
|
|t:|1757816259
|move|p2a: Ninetales|Scorching Sands|p1a: Fezandipiti
|-supereffective|p1a: Fezandipiti
|-damage|p1a: Fezandipiti|63/100
|move|p1a: Fezandipiti|Calm Mind|p1a: Fezandipiti
|-boost|p1a: Fezandipiti|spa|1
|-boost|p1a: Fezandipiti|spd|1
|
|-weather|SunnyDay|[upkeep]
|upkeep
|turn|7
|
|t:|1757816266
|move|p2a: Ninetales|Scorching Sands|p1a: Fezandipiti
|-supereffective|p1a: Fezandipiti
|-damage|p1a: Fezandipiti|59/100
|move|p1a: Fezandipiti|Calm Mind|p1a: Fezandipiti
|-boost|p1a: Fezandipiti|spa|0
|-boost|p1a: Fezandipiti|spd|0
|
|-weather|SunnyDay|[upkeep]
|-end|p1a: Fezandipiti|Encore
|upkeep
|turn|8
|
|t:|1757816270
|move|p2a: Ninetales|Encore|p1a: Fezandipiti
|-start|p1a: Fezandipiti|Encore
|move|p1a: Fezandipiti|Calm Mind|p1a: Fezandipiti
|-boost|p1a: Fezandipiti|spa|0
|-boost|p1a: Fezandipiti|spd|0
|
|-weather|none
|upkeep
|turn|9
|
|t:|1757816274
|move|p2a: Ninetales|Scorching Sands|p1a: Fezandipiti
|-supereffective|p1a: Fezandipiti
|-damage|p1a: Fezandipiti|54/100
|move|p1a: Fezandipiti|Calm Mind|p1a: Fezandipiti
|-boost|p1a: Fezandipiti|spa|0
|-boost|p1a: Fezandipiti|spd|0
|
|upkeep
|turn|10
|
|t:|1757816278
|move|p2a: Ninetales|Scorching Sands|p1a: Fezandipiti
|-supereffective|p1a: Fezandipiti
|-damage|p1a: Fezandipiti|49/100
|move|p1a: Fezandipiti|Calm Mind|p1a: Fezandipiti
|-boost|p1a: Fezandipiti|spa|0
|-boost|p1a: Fezandipiti|spd|0
|
|-end|p1a: Fezandipiti|Encore
|upkeep
|turn|11
|
|t:|1757816281
|move|p2a: Ninetales|Encore|p1a: Fezandipiti
|-start|p1a: Fezandipiti|Encore
|move|p1a: Fezandipiti|Calm Mind|p1a: Fezandipiti
|-boost|p1a: Fezandipiti|spa|0
|-boost|p1a: Fezandipiti|spd|0
|
|upkeep
|turn|12
|
|t:|1757816284
|move|p2a: Ninetales|Scorching Sands|p1a: Fezandipiti
|-supereffective|p1a: Fezandipiti
|-damage|p1a: Fezandipiti|45/100
|move|p1a: Fezandipiti|Calm Mind|p1a: Fezandipiti
|-boost|p1a: Fezandipiti|spa|0
|-boost|p1a: Fezandipiti|spd|0
|
|upkeep
|turn|13
|
|t:|1757816299
|move|p2a: Ninetales|Scorching Sands|p1a: Fezandipiti
|-supereffective|p1a: Fezandipiti
|-damage|p1a: Fezandipiti|40/100
|move|p1a: Fezandipiti|Calm Mind|p1a: Fezandipiti
|-boost|p1a: Fezandipiti|spa|0
|-boost|p1a: Fezandipiti|spd|0
|
|-end|p1a: Fezandipiti|Encore
|upkeep
|turn|14
|
|t:|1757816307
|move|p2a: Ninetales|Encore|p1a: Fezandipiti
|-start|p1a: Fezandipiti|Encore
|move|p1a: Fezandipiti|Calm Mind|p1a: Fezandipiti
|-boost|p1a: Fezandipiti|spa|0
|-boost|p1a: Fezandipiti|spd|0
|
|upkeep
|turn|15
|
|t:|1757816313
|move|p2a: Ninetales|Scorching Sands|p1a: Fezandipiti
|-supereffective|p1a: Fezandipiti
|-damage|p1a: Fezandipiti|36/100
|-status|p1a: Fezandipiti|brn
|move|p1a: Fezandipiti|Calm Mind|p1a: Fezandipiti
|-boost|p1a: Fezandipiti|spa|0
|-boost|p1a: Fezandipiti|spd|0
|
|-damage|p1a: Fezandipiti|30/100 brn|[from] brn
|upkeep
|turn|16
|
|t:|1757816317
|move|p2a: Ninetales|Scorching Sands|p1a: Fezandipiti
|-supereffective|p1a: Fezandipiti
|-damage|p1a: Fezandipiti|25/100 brn
|move|p1a: Fezandipiti|Calm Mind|p1a: Fezandipiti
|-boost|p1a: Fezandipiti|spa|0
|-boost|p1a: Fezandipiti|spd|0
|
|-damage|p1a: Fezandipiti|19/100 brn|[from] brn
|-end|p1a: Fezandipiti|Encore
|upkeep
|turn|17
|
|t:|1757816327
|move|p2a: Ninetales|Encore|p1a: Fezandipiti
|-start|p1a: Fezandipiti|Encore
|move|p1a: Fezandipiti|Calm Mind|p1a: Fezandipiti
|-boost|p1a: Fezandipiti|spa|0
|-boost|p1a: Fezandipiti|spd|0
|
|-damage|p1a: Fezandipiti|13/100 brn|[from] brn
|upkeep
|turn|18
|
|t:|1757816333
|move|p2a: Ninetales|Scorching Sands|p1a: Fezandipiti
|-supereffective|p1a: Fezandipiti
|-damage|p1a: Fezandipiti|8/100 brn
|move|p1a: Fezandipiti|Calm Mind|p1a: Fezandipiti
|-boost|p1a: Fezandipiti|spa|0
|-boost|p1a: Fezandipiti|spd|0
|
|-damage|p1a: Fezandipiti|2/100 brn|[from] brn
|upkeep
|turn|19
|
|t:|1757816341
|switch|p2a: Leavanny|Leavanny, M|100/100
|move|p1a: Fezandipiti|Calm Mind|p1a: Fezandipiti
|-boost|p1a: Fezandipiti|spa|0
|-boost|p1a: Fezandipiti|spd|0
|
|-damage|p1a: Fezandipiti|0 fnt|[from] brn
|faint|p1a: Fezandipiti
|upkeep
|
|t:|1757816345
|switch|p1a: Skarmory|Skarmory, M, shiny|100/100
|turn|20
|
|t:|1757816348
|switch|p2a: Ninetales|Ninetales, M|100/100
|-weather|SunnyDay|[from] ability: Drought|[of] p2a: Ninetales
|move|p1a: Skarmory|Stealth Rock|p2a: Ninetales
|-sidestart|p2: Tecceth|move: Stealth Rock
|
|-weather|SunnyDay|[upkeep]
|upkeep
|turn|21
|inactive|chairn't has 120 seconds left.
|
|t:|1757816381
|switch|p1a: Leviatan|Hydrapple, M, shiny|100/100
|move|p2a: Ninetales|Weather Ball|p1a: Leviatan
|-damage|p1a: Leviatan|53/100
|
|-weather|SunnyDay|[upkeep]
|upkeep
|turn|22
|
|t:|1757816388
|switch|p2a: Leavanny|Leavanny, M|100/100
|-damage|p2a: Leavanny|76/100|[from] Stealth Rock
|move|p1a: Leviatan|Earth Power|p2a: Leavanny
|-resisted|p2a: Leavanny
|-damage|p2a: Leavanny|64/100
|
|-weather|SunnyDay|[upkeep]
|upkeep
|turn|23
|
|t:|1757816392
|move|p2a: Leavanny|Sticky Web|p1a: Leviatan
|-sidestart|p1: chairn't|move: Sticky Web
|move|p1a: Leviatan|Fickle Beam|p2a: Leavanny|[anim] Fickle Beam All Out
|-activate|p1a: Leviatan|move: Fickle Beam
|-damage|p2a: Leavanny|0 fnt
|faint|p2a: Leavanny
|
|-weather|SunnyDay|[upkeep]
|upkeep
|
|t:|1757816395
|switch|p2a: Great Tusk|Great Tusk|100/100
|-activate|p2a: Great Tusk|ability: Protosynthesis
|-start|p2a: Great Tusk|protosynthesisatk
|turn|24
|
|t:|1757816399
|move|p2a: Great Tusk|Ice Spinner|p1a: Leviatan
|-supereffective|p1a: Leviatan
|-damage|p1a: Leviatan|0 fnt
|faint|p1a: Leviatan
|
|-weather|SunnyDay|[upkeep]
|upkeep
|
|t:|1757816407
|switch|p1a: Samurott|Samurott-Hisui, M, shiny|100/100
|turn|25
|
|t:|1757816413
|switch|p1a: Landorus|Landorus-Therian, M, shiny|100/100
|-ability|p1a: Landorus|Intimidate|boost
|-unboost|p2a: Great Tusk|atk|1
|move|p2a: Great Tusk|Rapid Spin|p1a: Landorus
|-damage|p1a: Landorus|82/100
|-boost|p2a: Great Tusk|spe|1
|-sideend|p2: Tecceth|Stealth Rock|[from] move: Rapid Spin|[of] p2a: Great Tusk
|
|-weather|SunnyDay|[upkeep]
|upkeep
|turn|26
|
|t:|1757816420
|move|p1a: Landorus|Grass Knot|p2a: Great Tusk
|-supereffective|p2a: Great Tusk
|-damage|p2a: Great Tusk|7/100
|move|p2a: Great Tusk|Ice Spinner|p1a: Landorus
|-supereffective|p1a: Landorus
|-damage|p1a: Landorus|0 fnt
|faint|p1a: Landorus
|
|-weather|SunnyDay|[upkeep]
|upkeep
|-message|chairn't forfeited.
|
|win|Tecceth
|raw|chairn&apos;t's rating: 1337 &rarr; <strong>1316</strong><br />(-21 for losing)
|raw|Tecceth's rating: 1313 &rarr; <strong>1334</strong><br />(+21 for winning)
|l|☆chairn't
|player|p1|
|l|☆Tecceth
|player|p2|
