|j|‽klefki_did_it
|j|☆Thornlebg
|t:|1757861453
|gametype|singles
|player|p1|klefki_did_it|pokemonbreeder-gen4|1384
|player|p2|Thornlebg|101|1391
|gen|9
|tier|[Gen 9] OU
|rated|
|rule|HP Percentage Mod: HP is shown in percentages
|rule|Endless Battle Clause: Forcing endless battles is banned
|rule|Species Clause: Limit one of each Pokémon
|rule|OHKO Clause: OHKO moves are banned
|rule|Evasion Items Clause: Evasion items are banned
|rule|Evasion Moves Clause: Evasion moves are banned
|rule|Evasion Abilities Clause: Evasion abilities are banned
|rule|Sleep Moves Clause: Sleep-inducing moves are banned
|clearpoke
|poke|p1|Staraptor, F|
|poke|p1|Metagross|
|poke|p1|Tyranitar, F|
|poke|p1|Kingambit, M|
|poke|p1|Hatterene, F|
|poke|p1|Emboar, M|
|poke|p2|Zamazenta-*|
|poke|p2|Darkrai|
|poke|p2|Hydrapple, M|
|poke|p2|Moltres|
|poke|p2|Tinkaton, F|
|poke|p2|Ting-Lu|
|teampreview
|inactive|Battle timer is ON: inactive players will automatically lose when time's up. (requested by klefki_did_it)
|
|t:|1757861463
|teamsize|p1|6
|teamsize|p2|6
|start
|switch|p1a: Staraptor|Staraptor, F|100/100
|switch|p2a: Ting-Lu|Ting-Lu|100/100
|-ability|p2a: Ting-Lu|Vessel of Ruin
|turn|1
|
|t:|1757861470
|switch|p2a: Moltres|Moltres|100/100
|-ability|p2a: Moltres|Pressure
|move|p1a: Staraptor|Final Gambit|p2a: Moltres
|-damage|p2a: Moltres|0 fnt
|faint|p1a: Staraptor
|faint|p2a: Moltres
|
|upkeep
|
|t:|1757861485
|switch|p1a: Hatterene|Hatterene, F|100/100
|switch|p2a: Ting-Lu|Ting-Lu|100/100
|-ability|p2a: Ting-Lu|Vessel of Ruin
|turn|2
|
|t:|1757861491
|move|p2a: Ting-Lu|Ruination|p1a: Hatterene
|-damage|p1a: Hatterene|50/100
|move|p1a: Hatterene|Misty Explosion|p2a: Ting-Lu
|-supereffective|p2a: Ting-Lu
|-damage|p2a: Ting-Lu|11/100
|faint|p1a: Hatterene
|
|-heal|p2a: Ting-Lu|17/100|[from] item: Leftovers
|upkeep
|
|t:|1757861498
|switch|p1a: Metagross|Metagross|100/100
|turn|3
|
|t:|1757861508
|-terastallize|p1a: Metagross|Steel
|move|p1a: Metagross|Bullet Punch|p2a: Ting-Lu
|-damage|p2a: Ting-Lu|0 fnt
|faint|p2a: Ting-Lu
|
|upkeep
|
|t:|1757861520
|switch|p2a: Tinkaton|Tinkaton, F|100/100
|-item|p2a: Tinkaton|Air Balloon
|turn|4
|
|t:|1757861527
|-terastallize|p2a: Tinkaton|Ghost
|move|p1a: Metagross|Bullet Punch|p2a: Tinkaton
|-damage|p2a: Tinkaton|34/100
|-enditem|p2a: Tinkaton|Air Balloon
|-enditem|p1a: Metagross|Choice Band|[silent]|[from] ability: Pickpocket|[of] p1a: Metagross
|-item|p2a: Tinkaton|Choice Band|[from] ability: Pickpocket|[of] p1a: Metagross
|move|p2a: Tinkaton|Thunder Wave|p1a: Metagross
|-status|p1a: Metagross|par
|
|upkeep
|turn|5
|
|t:|1757861539
|switch|p2a: Zamazenta|Zamazenta|100/100
|-ability|p2a: Zamazenta|Dauntless Shield|boost
|-boost|p2a: Zamazenta|def|1
|cant|p1a: Metagross|par
|
|upkeep
|turn|6
|
|t:|1757861546
|move|p2a: Zamazenta|Close Combat|p1a: Metagross
|-supereffective|p1a: Metagross
|-damage|p1a: Metagross|4/100 par
|-unboost|p2a: Zamazenta|def|1
|-unboost|p2a: Zamazenta|spd|1
|move|p1a: Metagross|Explosion|p2a: Zamazenta
|-damage|p2a: Zamazenta|16/100
|faint|p1a: Metagross
|
|upkeep
|c|☆Thornlebg|bro just explodes
|
|t:|1757861558
|switch|p1a: Emboar|Emboar, M|100/100
|turn|7
|
|t:|1757861565
|switch|p2a: Tinkaton|Tinkaton, F, tera:Ghost|34/100
|move|p1a: Emboar|Flare Blitz|p2a: Tinkaton
|-damage|p2a: Tinkaton|0 fnt
|faint|p2a: Tinkaton
|-damage|p1a: Emboar|92/100|[from] Recoil
|
|upkeep
|
|t:|1757861591
|switch|p2a: Hydrapple|Hydrapple, M|100/100
|turn|8
|
|t:|1757861595
|move|p1a: Emboar|Flare Blitz|p2a: Hydrapple
|-damage|p2a: Hydrapple|17/100
|-damage|p1a: Emboar|65/100|[from] Recoil
|move|p2a: Hydrapple|Earth Power|p1a: Emboar
|-supereffective|p1a: Emboar
|-damage|p1a: Emboar|0 fnt
|faint|p1a: Emboar
|
|upkeep
|
|t:|1757861606
|switch|p1a: Tyranitar|Tyranitar, F|100/100
|-weather|Sandstorm|[from] ability: Sand Stream|[of] p1a: Tyranitar
|turn|9
|
|t:|1757861610
|move|p1a: Tyranitar|Thunder Wave|p2a: Hydrapple
|-status|p2a: Hydrapple|par
|move|p2a: Hydrapple|Giga Drain|p1a: Tyranitar
|-supereffective|p1a: Tyranitar
|-damage|p1a: Tyranitar|55/100
|-heal|p2a: Hydrapple|39/100 par|[from] drain|[of] p1a: Tyranitar
|
|-weather|Sandstorm|[upkeep]
|-damage|p2a: Hydrapple|32/100 par|[from] Sandstorm
|upkeep
|turn|10
|
|t:|1757861617
|move|p1a: Tyranitar|Knock Off|p2a: Hydrapple
|-damage|p2a: Hydrapple|0 fnt
|-enditem|p2a: Hydrapple|Heavy-Duty Boots|[from] move: Knock Off|[of] p1a: Tyranitar
|faint|p2a: Hydrapple
|
|-weather|Sandstorm|[upkeep]
|upkeep
|
|t:|1757861624
|switch|p2a: Zamazenta|Zamazenta|16/100
|turn|11
|
|t:|1757861632
|move|p2a: Zamazenta|Close Combat|p1a: Tyranitar
|-supereffective|p1a: Tyranitar
|-damage|p1a: Tyranitar|0 fnt
|-unboost|p2a: Zamazenta|def|1
|-unboost|p2a: Zamazenta|spd|1
|faint|p1a: Tyranitar
|
|-weather|Sandstorm|[upkeep]
|-damage|p2a: Zamazenta|10/100|[from] Sandstorm
|upkeep
|
|t:|1757861635
|switch|p1a: Kingambit|Kingambit, M|100/100
|-activate|p1a: Kingambit|ability: Supreme Overlord
|-start|p1a: Kingambit|fallen5|[silent]
|turn|12
|
|t:|1757861645
|switch|p2a: Darkrai|Darkrai|100/100
|move|p1a: Kingambit|Sucker Punch||[still]
|-fail|p1a: Kingambit
|
|-weather|Sandstorm|[upkeep]
|-damage|p2a: Darkrai|94/100|[from] Sandstorm
|upkeep
|turn|13
|
|t:|1757861653
|move|p1a: Kingambit|Sucker Punch|p2a: Darkrai
|-resisted|p2a: Darkrai
|-damage|p2a: Darkrai|51/100
|move|p2a: Darkrai|Knock Off|p1a: Kingambit
|-resisted|p1a: Kingambit
|-damage|p1a: Kingambit|91/100
|-enditem|p1a: Kingambit|Leftovers|[from] move: Knock Off|[of] p2a: Darkrai
|
|-weather|Sandstorm|[upkeep]
|-damage|p2a: Darkrai|45/100|[from] Sandstorm
|upkeep
|turn|14
|
|t:|1757861667
|move|p2a: Darkrai|Dark Pulse|p1a: Kingambit
|-resisted|p1a: Kingambit
|-damage|p1a: Kingambit|70/100
|move|p1a: Kingambit|Substitute|p1a: Kingambit
|-start|p1a: Kingambit|Substitute
|-damage|p1a: Kingambit|45/100
|
|-weather|Sandstorm|[upkeep]
|-damage|p2a: Darkrai|39/100|[from] Sandstorm
|upkeep
|turn|15
|
|t:|1757861675
|move|p2a: Darkrai|Dark Pulse|p1a: Kingambit
|-resisted|p1a: Kingambit
|-activate|p1a: Kingambit|move: Substitute|[damage]
|move|p1a: Kingambit|Iron Head|p2a: Darkrai
|-damage|p2a: Darkrai|0 fnt
|faint|p2a: Darkrai
|
|-weather|Sandstorm|[upkeep]
|upkeep
|
|t:|1757861681
|switch|p2a: Zamazenta|Zamazenta|10/100
|turn|16
|
|t:|1757861685
|move|p2a: Zamazenta|Close Combat|p1a: Kingambit
|-supereffective|p1a: Kingambit
|-end|p1a: Kingambit|Substitute
|-unboost|p2a: Zamazenta|def|1
|-unboost|p2a: Zamazenta|spd|1
|move|p1a: Kingambit|Iron Head|p2a: Zamazenta
|-damage|p2a: Zamazenta|0 fnt
|faint|p2a: Zamazenta
|
|win|klefki_did_it
|raw|klefki_did_it's rating: 1384 &rarr; <strong>1404</strong><br />(+20 for winning)
|raw|Thornlebg's rating: 1391 &rarr; <strong>1371</strong><br />(-20 for losing)
|l|‽klefki_did_it
|player|p1|
|l|☆Thornlebg
|player|p2|
