|j|☆3idk
|j|☆Mr Tpen
|t:|1757857438
|gametype|singles
|player|p1|3idk|lusamine-masters|1805
|player|p2|Mr Tpen|2|1825
|gen|9
|tier|[Gen 9] OU
|rated|
|rule|HP Percentage Mod: HP is shown in percentages
|rule|Endless Battle Clause: Forcing endless battles is banned
|rule|Species Clause: Limit one of each Pokémon
|rule|OHKO Clause: OHKO moves are banned
|rule|Evasion Items Clause: Evasion items are banned
|rule|Evasion Moves Clause: Evasion moves are banned
|rule|Evasion Abilities Clause: Evasion abilities are banned
|rule|Sleep Moves Clause: Sleep-inducing moves are banned
|clearpoke
|poke|p1|Tyranitar, F|
|poke|p1|Excadrill, F|
|poke|p1|Keldeo-Resolute|
|poke|p1|Tornadus-Therian, M|
|poke|p1|Heatran, F|
|poke|p1|Hydrapple, M|
|poke|p2|Enamorus, F|
|poke|p2|Kyurem|
|poke|p2|Landorus-Therian, M|
|poke|p2|Kingambit, F|
|poke|p2|Ogerpon-Wellspring, F|
|poke|p2|Glimmora, F|
|teampreview
|inactive|Battle timer is ON: inactive players will automatically lose when time's up. (requested by 3idk)
|
|t:|1757857448
|teamsize|p1|6
|teamsize|p2|6
|start
|switch|p1a: Tornadus|Tornadus-Therian, M|100/100
|switch|p2a: Ogerpon|Ogerpon-Wellspring, F|100/100
|turn|1
|
|t:|1757857452
|move|p1a: Tornadus|U-turn|p2a: Ogerpon
|-supereffective|p2a: Ogerpon
|-damage|p2a: Ogerpon|61/100
|
|t:|1757857456
|switch|p1a: Hydrapple|Hydrapple, M|100/100|[from] U-turn
|move|p2a: Ogerpon|U-turn|p1a: Hydrapple
|-supereffective|p1a: Hydrapple
|-damage|p1a: Hydrapple|70/100
|-damage|p2a: Ogerpon|45/100|[from] item: Rocky Helmet|[of] p1a: Hydrapple
|
|t:|1757857458
|switch|p2a: Kyurem|Kyurem|100/100|[from] U-turn
|-ability|p2a: Kyurem|Pressure
|
|upkeep
|turn|2
|
|t:|1757857464
|switch|p2a: Ogerpon|Ogerpon-Wellspring, F|45/100
|switch|p1a: Tyranitar|Tyranitar, F|100/100
|-weather|Sandstorm|[from] ability: Sand Stream|[of] p1a: Tyranitar
|
|-weather|Sandstorm|[upkeep]
|-damage|p2a: Ogerpon|39/100|[from] Sandstorm
|upkeep
|turn|3
|
|t:|1757857472
|switch|p1a: Tornadus|Tornadus-Therian, M|100/100
|move|p2a: Ogerpon|Knock Off|p1a: Tornadus
|-crit|p1a: Tornadus
|-damage|p1a: Tornadus|41/100
|-enditem|p1a: Tornadus|Heavy-Duty Boots|[from] move: Knock Off|[of] p2a: Ogerpon
|
|-weather|Sandstorm|[upkeep]
|-damage|p1a: Tornadus|35/100|[from] Sandstorm
|-damage|p2a: Ogerpon|33/100|[from] Sandstorm
|upkeep
|turn|4
|
|t:|1757857477
|switch|p2a: Landorus|Landorus-Therian, M|100/100
|-ability|p2a: Landorus|Intimidate|boost
|-unboost|p1a: Tornadus|atk|1
|move|p1a: Tornadus|U-turn|p2a: Landorus
|-resisted|p2a: Landorus
|-damage|p2a: Landorus|96/100
|-damage|p1a: Tornadus|18/100|[from] item: Rocky Helmet|[of] p2a: Landorus
|
|t:|1757857481
|switch|p1a: Keldeo|Keldeo-Resolute|100/100|[from] U-turn
|
|-weather|Sandstorm|[upkeep]
|-damage|p1a: Keldeo|94/100|[from] Sandstorm
|upkeep
|turn|5
|
|t:|1757857486
|move|p1a: Keldeo|Secret Sword|p2a: Landorus
|-resisted|p2a: Landorus
|-damage|p2a: Landorus|63/100
|move|p2a: Landorus|Earthquake|p1a: Keldeo
|-damage|p1a: Keldeo|42/100
|
|-weather|Sandstorm|[upkeep]
|-damage|p1a: Keldeo|36/100|[from] Sandstorm
|upkeep
|turn|6
|
|t:|1757857491
|move|p1a: Keldeo|Secret Sword|p2a: Landorus
|-resisted|p2a: Landorus
|-damage|p2a: Landorus|30/100
|move|p2a: Landorus|Stealth Rock|p1a: Keldeo
|-sidestart|p1: 3idk|move: Stealth Rock
|
|-weather|none
|upkeep
|turn|7
|
|t:|1757857498
|switch|p2a: Ogerpon|Ogerpon-Wellspring, F|33/100
|move|p1a: Keldeo|Secret Sword|p2a: Ogerpon
|-damage|p2a: Ogerpon|0 fnt
|faint|p2a: Ogerpon
|
|upkeep
|
|t:|1757857501
|switch|p2a: Enamorus|Enamorus, F|100/100
|turn|8
|inactive|3idk has 120 seconds left.
|j| poketronia
|j| wgw2333
|inactive|3idk has 90 seconds left.
|
|t:|1757857580
|switch|p1a: Heatran|Heatran, F|100/100
|-damage|p1a: Heatran|88/100|[from] Stealth Rock
|move|p2a: Enamorus|Superpower|p1a: Heatran
|-supereffective|p1a: Heatran
|-damage|p1a: Heatran|38/100
|-boost|p2a: Enamorus|atk|1
|-boost|p2a: Enamorus|def|1
|-status|p2a: Enamorus|brn|[from] ability: Flame Body|[of] p1a: Heatran
|
|-heal|p1a: Heatran|45/100|[from] item: Leftovers
|-damage|p2a: Enamorus|94/100 brn|[from] brn
|upkeep
|turn|9
|
|t:|1757857590
|move|p2a: Enamorus|Earth Power|p1a: Heatran
|-supereffective|p1a: Heatran
|-damage|p1a: Heatran|0 fnt
|faint|p1a: Heatran
|
|-damage|p2a: Enamorus|88/100 brn|[from] brn
|upkeep
|j| ADM02
|
|t:|1757857597
|switch|p1a: Keldeo|Keldeo-Resolute|36/100
|-damage|p1a: Keldeo|30/100|[from] Stealth Rock
|turn|10
|
|t:|1757857601
|move|p1a: Keldeo|Surf|p2a: Enamorus
|-damage|p2a: Enamorus|0 fnt
|faint|p2a: Enamorus
|
|upkeep
|
|t:|1757857603
|switch|p2a: Kyurem|Kyurem|100/100
|-ability|p2a: Kyurem|Pressure
|turn|11
|c| poketronia|oof
|j| qaqkiller
|inactive|3idk has 90 seconds left.
|inactive|3idk has 60 seconds left.
|
|t:|1757857662
|switch|p1a: Tornadus|Tornadus-Therian, M|51/100
|-damage|p1a: Tornadus|26/100|[from] Stealth Rock
|move|p2a: Kyurem|Ice Beam|p1a: Tornadus
|-supereffective|p1a: Tornadus
|-damage|p1a: Tornadus|0 fnt
|faint|p1a: Tornadus
|
|upkeep
|
|t:|1757857671
|switch|p1a: Keldeo|Keldeo-Resolute|30/100
|-damage|p1a: Keldeo|23/100|[from] Stealth Rock
|turn|12
|
|t:|1757857673
|move|p2a: Kyurem|Ice Beam|p1a: Keldeo
|-resisted|p1a: Keldeo
|-damage|p1a: Keldeo|0 fnt
|faint|p1a: Keldeo
|
|upkeep
|inactive|3idk has 60 seconds left.
|
|t:|1757857684
|switch|p1a: Excadrill|Excadrill, F|100/100
|-damage|p1a: Excadrill|97/100|[from] Stealth Rock
|-item|p1a: Excadrill|Air Balloon
|turn|13
|inactive|3idk has 60 seconds left.
|
|t:|1757857690
|move|p2a: Kyurem|Ice Beam|p1a: Excadrill
|-damage|p1a: Excadrill|24/100
|-enditem|p1a: Excadrill|Air Balloon
|move|p1a: Excadrill|Rapid Spin|p2a: Kyurem
|-damage|p2a: Kyurem|83/100
|-boost|p1a: Excadrill|spe|1
|-sideend|p1: 3idk|Stealth Rock|[from] move: Rapid Spin|[of] p1a: Excadrill
|
|upkeep
|turn|14
|
|t:|1757857695
|switch|p2a: Landorus|Landorus-Therian, M|30/100
|-ability|p2a: Landorus|Intimidate|boost
|-unboost|p1a: Excadrill|atk|1
|switch|p1a: Tyranitar|Tyranitar, F|100/100
|-weather|Sandstorm|[from] ability: Sand Stream|[of] p1a: Tyranitar
|
|-weather|Sandstorm|[upkeep]
|upkeep
|turn|15
|
|t:|1757857700
|switch|p1a: Hydrapple|Hydrapple, M|100/100
|move|p2a: Landorus|Stealth Rock|p1a: Hydrapple
|-sidestart|p1: 3idk|move: Stealth Rock
|
|-weather|Sandstorm|[upkeep]
|-damage|p1a: Hydrapple|94/100|[from] Sandstorm
|upkeep
|turn|16
|
|t:|1757857710
|switch|p2a: Kingambit|Kingambit, F|100/100
|-activate|p2a: Kingambit|ability: Supreme Overlord
|-start|p2a: Kingambit|fallen2|[silent]
|-item|p2a: Kingambit|Air Balloon
|move|p1a: Hydrapple|Giga Drain|p2a: Kingambit
|-resisted|p2a: Kingambit
|-damage|p2a: Kingambit|83/100
|-heal|p1a: Hydrapple|100/100|[from] drain|[of] p2a: Kingambit
|-enditem|p2a: Kingambit|Air Balloon
|
|-weather|Sandstorm|[upkeep]
|-damage|p1a: Hydrapple|94/100|[from] Sandstorm
|upkeep
|turn|17
|
|t:|1757857715
|-end|p2a: Kingambit|fallen2|[silent]
|switch|p2a: Kyurem|Kyurem|83/100
|-ability|p2a: Kyurem|Pressure
|move|p1a: Hydrapple|Earth Power|p2a: Kyurem
|-damage|p2a: Kyurem|58/100
|
|-weather|Sandstorm|[upkeep]
|-damage|p2a: Kyurem|51/100|[from] Sandstorm
|-damage|p1a: Hydrapple|88/100|[from] Sandstorm
|upkeep
|turn|18
|
|t:|1757857728
|-terastallize|p1a: Hydrapple|Fairy
|move|p2a: Kyurem|Ice Beam|p1a: Hydrapple
|-damage|p1a: Hydrapple|35/100
|-status|p1a: Hydrapple|frz
|cant|p1a: Hydrapple|frz
|
|-weather|none
|upkeep
|turn|19
|inactive|3idk has 90 seconds left.
|
|t:|1757857750
|switch|p1a: Tyranitar|Tyranitar, F|100/100
|-damage|p1a: Tyranitar|88/100|[from] Stealth Rock
|-weather|Sandstorm|[from] ability: Sand Stream|[of] p1a: Tyranitar
|move|p2a: Kyurem|Ice Beam|p1a: Tyranitar
|-damage|p1a: Tyranitar|56/100
|
|-weather|Sandstorm|[upkeep]
|-damage|p2a: Kyurem|45/100|[from] Sandstorm
|upkeep
|turn|20
|
|t:|1757857753
|switch|p2a: Glimmora|Glimmora, F|100/100
|move|p1a: Tyranitar|Knock Off|p2a: Glimmora
|-damage|p2a: Glimmora|33/100
|-activate|p2a: Glimmora|ability: Toxic Debris
|-sidestart|p1: 3idk|move: Toxic Spikes
|-enditem|p2a: Glimmora|Red Card|[from] move: Knock Off|[of] p1a: Tyranitar
|
|-weather|Sandstorm|[upkeep]
|upkeep
|turn|21
|
|t:|1757857759
|switch|p1a: Hydrapple|Hydrapple, M, tera:Fairy|68/100 frz
|-damage|p1a: Hydrapple|56/100 frz|[from] Stealth Rock
|move|p2a: Glimmora|Earth Power|p1a: Hydrapple
|-damage|p1a: Hydrapple|29/100 frz
|
|-weather|Sandstorm|[upkeep]
|-damage|p1a: Hydrapple|23/100 frz|[from] Sandstorm
|upkeep
|turn|22
|
|t:|1757857764
|move|p2a: Glimmora|Spikes|p1a: Hydrapple
|-sidestart|p1: 3idk|Spikes
|cant|p1a: Hydrapple|frz
|
|-weather|Sandstorm|[upkeep]
|-damage|p1a: Hydrapple|17/100 frz|[from] Sandstorm
|upkeep
|turn|23
|
|t:|1757857767
|move|p2a: Glimmora|Spikes|p1a: Hydrapple
|-sidestart|p1: 3idk|Spikes
|cant|p1a: Hydrapple|frz
|
|-weather|none
|upkeep
|turn|24
|
|t:|1757857770
|move|p2a: Glimmora|Spikes|p1a: Hydrapple
|-sidestart|p1: 3idk|Spikes
|cant|p1a: Hydrapple|frz
|
|upkeep
|turn|25
|-message|3idk forfeited.
|
|win|Mr Tpen
|raw|3idk's rating: 1805 &rarr; <strong>1786</strong><br />(-19 for losing)
|raw|Mr Tpen's rating: 1825 &rarr; <strong>1844</strong><br />(+19 for winning)
|l|☆3idk
|player|p1|
|l| qaqkiller
|l|☆Mr Tpen
|player|p2|
|l| poketronia
|j|☆Mr Tpen
|player|p2|Mr Tpen|2|
|l|☆Mr Tpen
|player|p2|
