|j|‽GROGOLIOS
|j|☆Toxic Smite
|t:|1757786542
|gametype|singles
|player|p1|GROGOLIOS|roxie|1258
|player|p2|Toxic Smite|gambler|1229
|gen|9
|tier|[Gen 9] OU
|rated|
|rule|HP Percentage Mod: HP is shown in percentages
|rule|Endless Battle Clause: Forcing endless battles is banned
|rule|Species Clause: Limit one of each Pokémon
|rule|OHKO Clause: OHKO moves are banned
|rule|Evasion Items Clause: Evasion items are banned
|rule|Evasion Moves Clause: Evasion moves are banned
|rule|Evasion Abilities Clause: Evasion abilities are banned
|rule|Sleep Moves Clause: Sleep-inducing moves are banned
|clearpoke
|poke|p1|Ting-Lu|
|poke|p1|Pecharunt|
|poke|p1|Great Tusk|
|poke|p1|Kingambit, F|
|poke|p1|Ogerpon-Wellspring, F|
|poke|p1|Gholdengo|
|poke|p2|Raging Bolt|
|poke|p2|Zapdos|
|poke|p2|Electrode-Hisui|
|poke|p2|Rotom|
|poke|p2|Iron Hands|
|poke|p2|Morpeko, F|
|teampreview
|
|t:|1757786596
|teamsize|p1|6
|teamsize|p2|6
|start
|switch|p1a: Ting-Lu|Ting-Lu|100/100
|switch|p2a: Rotom|Rotom|100/100
|-ability|p1a: Ting-Lu|Vessel of Ruin
|turn|1
|
|t:|1757786613
|move|p2a: Rotom|Trick|p1a: Ting-Lu
|-activate|p2a: Rotom|move: Trick|[of] p1a: Ting-Lu
|-item|p1a: Ting-Lu|Choice Scarf|[from] move: Trick
|-item|p2a: Rotom|Leftovers|[from] move: Trick
|move|p1a: Ting-Lu|Stealth Rock|p2a: Rotom
|-sidestart|p2: Toxic Smite|move: Stealth Rock
|
|upkeep
|turn|2
|
|t:|1757786622
|switch|p1a: Great Tusk|Great Tusk|100/100
|move|p2a: Rotom|Volt Switch|p1a: Great Tusk
|-immune|p1a: Great Tusk
|
|upkeep
|turn|3
|inactive|Battle timer is ON: inactive players will automatically lose when time's up. (requested by Toxic Smite)
|
|t:|1757786628
|-end|p1a: Great Tusk|Protosynthesis|[silent]
|switch|p1a: Ting-Lu|Ting-Lu|100/100
|-ability|p1a: Ting-Lu|Vessel of Ruin
|move|p2a: Rotom|Will-O-Wisp|p1a: Ting-Lu
|-status|p1a: Ting-Lu|brn
|
|-damage|p1a: Ting-Lu|94/100 brn|[from] brn
|upkeep
|turn|4
|c|☆Toxic Smite|Lol
|
|t:|1757786645
|switch|p2a: Morpeko|Morpeko, F|100/100
|-damage|p2a: Morpeko|88/100|[from] Stealth Rock
|move|p1a: Ting-Lu|Spikes|p2a: Morpeko
|-sidestart|p2: Toxic Smite|Spikes
|
|-damage|p1a: Ting-Lu|88/100 brn|[from] brn
|-formechange|p2a: Morpeko|Morpeko-Hangry||[from] ability: Hunger Switch
|upkeep
|turn|5
|inactive|GROGOLIOS has 120 seconds left.
|
|t:|1757786697
|move|p2a: Morpeko|Aura Wheel|p1a: Ting-Lu
|-resisted|p1a: Ting-Lu
|-damage|p1a: Ting-Lu|75/100 brn
|-boost|p2a: Morpeko|spe|1
|move|p1a: Ting-Lu|Spikes|p2a: Morpeko
|-sidestart|p2: Toxic Smite|Spikes
|
|-damage|p1a: Ting-Lu|69/100 brn|[from] brn
|-formechange|p2a: Morpeko|Morpeko||[from] ability: Hunger Switch
|upkeep
|turn|6
|
|t:|1757786705
|move|p2a: Morpeko|Rapid Spin|p1a: Ting-Lu
|-crit|p1a: Ting-Lu
|-damage|p1a: Ting-Lu|56/100 brn
|-boost|p2a: Morpeko|spe|1
|-sideend|p2: Toxic Smite|Spikes|[from] move: Rapid Spin|[of] p2a: Morpeko
|-sideend|p2: Toxic Smite|Stealth Rock|[from] move: Rapid Spin|[of] p2a: Morpeko
|move|p1a: Ting-Lu|Spikes|p2a: Morpeko
|-sidestart|p2: Toxic Smite|Spikes
|
|-damage|p1a: Ting-Lu|49/100 brn|[from] brn
|-formechange|p2a: Morpeko|Morpeko-Hangry||[from] ability: Hunger Switch
|upkeep
|turn|7
|
|t:|1757786716
|-terastallize|p1a: Ting-Lu|Ghost
|move|p2a: Morpeko|Aura Wheel|p1a: Ting-Lu
|-supereffective|p1a: Ting-Lu
|-damage|p1a: Ting-Lu|0 fnt
|-boost|p2a: Morpeko|spe|1
|faint|p1a: Ting-Lu
|
|-formechange|p2a: Morpeko|Morpeko||[from] ability: Hunger Switch
|upkeep
|
|t:|1757786740
|switch|p1a: Great Tusk|Great Tusk|100/100
|turn|8
|inactive|GROGOLIOS has 90 seconds left.
|-message|GROGOLIOS forfeited.
|
|win|Toxic Smite
|raw|GROGOLIOS's rating: 1258 &rarr; <strong>1231</strong><br />(-27 for losing)
|raw|Toxic Smite's rating: 1229 &rarr; <strong>1256</strong><br />(+27 for winning)
|l|‽GROGOLIOS
|player|p1|
|l|☆Toxic Smite
|player|p2|
