|j|☆magu1002
|j|☆it's t-tarack
|t:|1757934082
|gametype|singles
|player|p1|magu1002|cynthia|1223
|player|p2|it's t-tarack|boarder|1271
|gen|9
|tier|[Gen 9] OU
|rated|
|rule|HP Percentage Mod: HP is shown in percentages
|rule|Endless Battle Clause: Forcing endless battles is banned
|rule|Species Clause: Limit one of each Pokémon
|rule|OHKO Clause: OHKO moves are banned
|rule|Evasion Items Clause: Evasion items are banned
|rule|Evasion Moves Clause: Evasion moves are banned
|rule|Evasion Abilities Clause: Evasion abilities are banned
|rule|Sleep Moves Clause: Sleep-inducing moves are banned
|clearpoke
|poke|p1|Revavroom, F|
|poke|p1|Zoroark-Hisui, M|
|poke|p1|Blaziken, M|
|poke|p1|Thundurus-Therian, M|
|poke|p1|Ogerpon-Cornerstone, F|
|poke|p1|Gastrodon, M|
|poke|p2|Kingambit, M|
|poke|p2|Great Tusk|
|poke|p2|Dragonite, M|
|poke|p2|Slowking-Galar, F|
|poke|p2|Dragapult, M|
|poke|p2|Landorus-Therian, M|
|teampreview
|inactive|Battle timer is ON: inactive players will automatically lose when time's up. (requested by it's t-tarack)
|inactive|magu1002 also wants the timer to be on.
|
|t:|1757934097
|teamsize|p1|6
|teamsize|p2|6
|start
|switch|p1a: Gastrodon|Gastrodon, M, shiny|100/100
|switch|p2a: Landorus|Landorus-Therian, M|100/100
|-ability|p2a: Landorus|Intimidate|boost
|-unboost|p1a: Gastrodon|atk|1
|turn|1
|
|t:|1757934106
|move|p2a: Landorus|Stealth Rock|p1a: Gastrodon
|-sidestart|p1: magu1002|move: Stealth Rock
|move|p1a: Gastrodon|Stockpile|p1a: Gastrodon
|-start|p1a: Gastrodon|stockpile1
|-boost|p1a: Gastrodon|def|1
|-boost|p1a: Gastrodon|spd|1
|
|upkeep
|turn|2
|
|t:|1757934111
|switch|p2a: Slowking|Slowking-Galar, F|100/100
|move|p1a: Gastrodon|Stockpile|p1a: Gastrodon
|-start|p1a: Gastrodon|stockpile2
|-boost|p1a: Gastrodon|def|1
|-boost|p1a: Gastrodon|spd|1
|
|upkeep
|turn|3
|
|t:|1757934119
|move|p1a: Gastrodon|Stockpile|p1a: Gastrodon
|-start|p1a: Gastrodon|stockpile3
|-boost|p1a: Gastrodon|def|1
|-boost|p1a: Gastrodon|spd|1
|move|p2a: Slowking|Sludge Bomb|p1a: Gastrodon
|-resisted|p1a: Gastrodon
|-damage|p1a: Gastrodon|94/100
|
|-heal|p1a: Gastrodon|99/100|[from] item: Leftovers
|upkeep
|turn|4
|
|t:|1757934136
|switch|p2a: Landorus|Landorus-Therian, M|100/100
|-ability|p2a: Landorus|Intimidate|boost
|-unboost|p1a: Gastrodon|atk|1
|move|p1a: Gastrodon|Surf|p2a: Landorus
|-supereffective|p2a: Landorus
|-damage|p2a: Landorus|4/100
|
|-heal|p1a: Gastrodon|100/100|[from] item: Leftovers
|upkeep
|turn|5
|
|t:|1757934146
|move|p2a: Landorus|Taunt|p1a: Gastrodon
|-start|p1a: Gastrodon|move: Taunt
|move|p1a: Gastrodon|Surf|p2a: Landorus
|-supereffective|p2a: Landorus
|-damage|p2a: Landorus|0 fnt
|faint|p2a: Landorus
|
|upkeep
|
|t:|1757934153
|switch|p2a: Dragonite|Dragonite, M, shiny|100/100
|turn|6
|
|t:|1757934160
|move|p2a: Dragonite|Dragon Dance|p2a: Dragonite
|-boost|p2a: Dragonite|atk|1
|-boost|p2a: Dragonite|spe|1
|move|p1a: Gastrodon|Surf|p2a: Dragonite
|-resisted|p2a: Dragonite
|-damage|p2a: Dragonite|91/100
|
|-heal|p2a: Dragonite|97/100|[from] item: Leftovers
|upkeep
|turn|7
|
|t:|1757934165
|move|p2a: Dragonite|Dragon Dance|p2a: Dragonite
|-boost|p2a: Dragonite|atk|1
|-boost|p2a: Dragonite|spe|1
|move|p1a: Gastrodon|Spit Up|p2a: Dragonite
|-crit|p2a: Dragonite
|-damage|p2a: Dragonite|0 fnt
|faint|p2a: Dragonite
|-unboost|p1a: Gastrodon|def|3
|-unboost|p1a: Gastrodon|spd|3
|-end|p1a: Gastrodon|Stockpile
|
|-end|p1a: Gastrodon|move: Taunt
|upkeep
|-message|it's t-tarack forfeited.
|
|win|magu1002
|raw|magu1002's rating: 1223 &rarr; <strong>1251</strong><br />(+28 for winning)
|raw|it&apos;s t-tarack's rating: 1271 &rarr; <strong>1243</strong><br />(-28 for losing)
|l|☆it's t-tarack
|player|p2|
|l|☆magu1002
|player|p1|
