|j|☆kingCR0C
|j|☆hameed425
|t:|1757953975
|gametype|singles
|player|p1|kingCR0C|169|1398
|player|p2|hameed425|101|1368
|gen|9
|tier|[Gen 9] OU
|rated|
|rule|HP Percentage Mod: HP is shown in percentages
|rule|Endless Battle Clause: Forcing endless battles is banned
|rule|Species Clause: Limit one of each Pokémon
|rule|OHKO Clause: OHKO moves are banned
|rule|Evasion Items Clause: Evasion items are banned
|rule|Evasion Moves Clause: Evasion moves are banned
|rule|Evasion Abilities Clause: Evasion abilities are banned
|rule|Sleep Moves Clause: Sleep-inducing moves are banned
|clearpoke
|poke|p1|Iron Moth|
|poke|p1|Slither Wing|
|poke|p1|Grimmsnarl, M|
|poke|p1|Minior|
|poke|p1|Deoxys-Speed|
|poke|p1|Revavroom, M|
|poke|p2|Corviknight, F|
|poke|p2|Toxapex, F|
|poke|p2|Clodsire, F|
|poke|p2|Blissey, F|
|poke|p2|Gholdengo|
|poke|p2|Ting-Lu|
|teampreview
|
|t:|1757954014
|teamsize|p1|6
|teamsize|p2|6
|start
|switch|p1a: Grimmsnarl|Grimmsnarl, M|100/100
|switch|p2a: Ting-Lu|Ting-Lu|100/100
|-ability|p2a: Ting-Lu|Vessel of Ruin
|turn|1
|inactive|Battle timer is ON: inactive players will automatically lose when time's up. (requested by kingCR0C)
|
|t:|1757954022
|move|p1a: Grimmsnarl|Reflect|p1a: Grimmsnarl
|-sidestart|p1: kingCR0C|Reflect
|move|p2a: Ting-Lu|Stealth Rock|p1a: Grimmsnarl
|-sidestart|p1: kingCR0C|move: Stealth Rock
|
|upkeep
|turn|2
|
|t:|1757954025
|move|p1a: Grimmsnarl|Light Screen|p1a: Grimmsnarl
|-sidestart|p1: kingCR0C|move: Light Screen
|move|p2a: Ting-Lu|Ruination|p1a: Grimmsnarl
|-damage|p1a: Grimmsnarl|50/100
|
|upkeep
|turn|3
|
|t:|1757954029
|switch|p1a: Slither Wing|Slither Wing|100/100
|-damage|p1a: Slither Wing|88/100|[from] Stealth Rock
|-enditem|p1a: Slither Wing|Booster Energy
|-activate|p1a: Slither Wing|ability: Protosynthesis|[fromitem]
|-start|p1a: Slither Wing|protosynthesisatk
|move|p2a: Ting-Lu|Whirlwind|p1a: Slither Wing
|-end|p1a: Slither Wing|Protosynthesis|[silent]
|drag|p1a: Minior|Minior|100/100
|-damage|p1a: Minior|76/100|[from] Stealth Rock
|-formechange|p1a: Minior|Minior-Meteor||[from] ability: Shields Down
|
|upkeep
|turn|4
|
|t:|1757954034
|move|p1a: Minior|Shell Smash|p1a: Minior
|-unboost|p1a: Minior|def|1
|-unboost|p1a: Minior|spd|1
|-boost|p1a: Minior|atk|2
|-boost|p1a: Minior|spa|2
|-boost|p1a: Minior|spe|2
|-enditem|p1a: Minior|White Herb
|-clearnegativeboost|p1a: Minior|[silent]
|move|p2a: Ting-Lu|Body Press|p1a: Minior
|-damage|p1a: Minior|61/100
|
|upkeep
|turn|5
|
|t:|1757954037
|move|p1a: Minior|Acrobatics|p2a: Ting-Lu
|-damage|p2a: Ting-Lu|58/100
|move|p2a: Ting-Lu|Whirlwind|p1a: Minior
|drag|p1a: Grimmsnarl|Grimmsnarl, M|50/100
|-damage|p1a: Grimmsnarl|38/100|[from] Stealth Rock
|
|-heal|p2a: Ting-Lu|64/100|[from] item: Leftovers
|-sideend|p1: kingCR0C|Reflect
|upkeep
|turn|6
|
|t:|1757954046
|move|p1a: Grimmsnarl|Reflect|p1a: Grimmsnarl
|-sidestart|p1: kingCR0C|Reflect
|move|p2a: Ting-Lu|Body Press|p1a: Grimmsnarl
|-damage|p1a: Grimmsnarl|27/100
|
|-heal|p2a: Ting-Lu|70/100|[from] item: Leftovers
|-sideend|p1: kingCR0C|move: Light Screen
|upkeep
|turn|7
|
|t:|1757954051
|move|p1a: Grimmsnarl|Light Screen|p1a: Grimmsnarl
|-sidestart|p1: kingCR0C|move: Light Screen
|move|p2a: Ting-Lu|Body Press|p1a: Grimmsnarl
|-damage|p1a: Grimmsnarl|17/100
|
|-heal|p2a: Ting-Lu|77/100|[from] item: Leftovers
|upkeep
|turn|8
|
|t:|1757954058
|switch|p1a: Minior|Minior|61/100
|-damage|p1a: Minior|36/100|[from] Stealth Rock
|move|p2a: Ting-Lu|Whirlwind|p1a: Minior
|drag|p1a: Revavroom|Revavroom, M|100/100
|-damage|p1a: Revavroom|95/100|[from] Stealth Rock
|
|-heal|p1a: Revavroom|100/100|[from] item: Leftovers
|-heal|p2a: Ting-Lu|83/100|[from] item: Leftovers
|upkeep
|turn|9
|
|t:|1757954066
|-terastallize|p1a: Revavroom|Steel
|move|p1a: Revavroom|Shift Gear|p1a: Revavroom
|-boost|p1a: Revavroom|spe|2
|-boost|p1a: Revavroom|atk|1
|move|p2a: Ting-Lu|Ruination|p1a: Revavroom
|-damage|p1a: Revavroom|51/100
|
|-heal|p1a: Revavroom|57/100|[from] item: Leftovers
|-heal|p2a: Ting-Lu|89/100|[from] item: Leftovers
|upkeep
|turn|10
|
|t:|1757954071
|move|p1a: Revavroom|Iron Head|p2a: Ting-Lu
|-damage|p2a: Ting-Lu|39/100
|move|p2a: Ting-Lu|Whirlwind|p1a: Revavroom
|drag|p1a: Grimmsnarl|Grimmsnarl, M|17/100
|-damage|p1a: Grimmsnarl|5/100|[from] Stealth Rock
|
|-heal|p2a: Ting-Lu|45/100|[from] item: Leftovers
|-sideend|p1: kingCR0C|Reflect
|upkeep
|turn|11
|
|t:|1757954078
|move|p1a: Grimmsnarl|Reflect|p1a: Grimmsnarl
|-sidestart|p1: kingCR0C|Reflect
|move|p2a: Ting-Lu|Ruination|p1a: Grimmsnarl|[miss]
|-miss|p2a: Ting-Lu|p1a: Grimmsnarl
|
|-heal|p2a: Ting-Lu|52/100|[from] item: Leftovers
|-sideend|p1: kingCR0C|move: Light Screen
|upkeep
|turn|12
|
|t:|1757954088
|move|p1a: Grimmsnarl|Light Screen|p1a: Grimmsnarl
|-sidestart|p1: kingCR0C|move: Light Screen
|move|p2a: Ting-Lu|Ruination|p1a: Grimmsnarl|[miss]
|-miss|p2a: Ting-Lu|p1a: Grimmsnarl
|
|-heal|p2a: Ting-Lu|58/100|[from] item: Leftovers
|upkeep
|turn|13
|
|t:|1757954097
|switch|p1a: Minior|Minior|36/100
|-damage|p1a: Minior|11/100|[from] Stealth Rock
|move|p2a: Ting-Lu|Ruination|p1a: Minior
|-damage|p1a: Minior|6/100
|
|-heal|p2a: Ting-Lu|64/100|[from] item: Leftovers
|upkeep
|turn|14
|
|t:|1757954101
|move|p1a: Minior|Acrobatics|p2a: Ting-Lu
|-damage|p2a: Ting-Lu|37/100
|move|p2a: Ting-Lu|Whirlwind|p1a: Minior
|drag|p1a: Revavroom|Revavroom, M, tera:Steel|57/100
|-damage|p1a: Revavroom|51/100|[from] Stealth Rock
|
|-heal|p1a: Revavroom|57/100|[from] item: Leftovers
|-heal|p2a: Ting-Lu|43/100|[from] item: Leftovers
|upkeep
|turn|15
|
|t:|1757954106
|move|p1a: Revavroom|Iron Head|p2a: Ting-Lu
|-damage|p2a: Ting-Lu|9/100
|move|p2a: Ting-Lu|Body Press|p1a: Revavroom
|-supereffective|p1a: Revavroom
|-damage|p1a: Revavroom|27/100
|
|-heal|p1a: Revavroom|33/100|[from] item: Leftovers
|-heal|p2a: Ting-Lu|15/100|[from] item: Leftovers
|-sideend|p1: kingCR0C|Reflect
|upkeep
|turn|16
|
|t:|1757954112
|switch|p2a: Toxapex|Toxapex, F|100/100
|move|p1a: Revavroom|Iron Head|p2a: Toxapex
|-resisted|p2a: Toxapex
|-damage|p2a: Toxapex|83/100
|
|-heal|p1a: Revavroom|39/100|[from] item: Leftovers
|-heal|p2a: Toxapex|89/100|[from] item: Black Sludge
|-sideend|p1: kingCR0C|move: Light Screen
|upkeep
|turn|17
|
|t:|1757954122
|move|p1a: Revavroom|High Horsepower|p2a: Toxapex
|-supereffective|p2a: Toxapex
|-crit|p2a: Toxapex
|-damage|p2a: Toxapex|31/100
|move|p2a: Toxapex|Liquidation|p1a: Revavroom
|-damage|p1a: Revavroom|14/100
|-unboost|p1a: Revavroom|def|1
|
|-heal|p1a: Revavroom|20/100|[from] item: Leftovers
|-heal|p2a: Toxapex|37/100|[from] item: Black Sludge
|upkeep
|turn|18
|
|t:|1757954130
|switch|p2a: Corviknight|Corviknight, F|100/100
|-ability|p2a: Corviknight|Pressure
|move|p1a: Revavroom|Shift Gear|p1a: Revavroom
|-boost|p1a: Revavroom|spe|2
|-boost|p1a: Revavroom|atk|1
|
|-heal|p1a: Revavroom|26/100|[from] item: Leftovers
|upkeep
|turn|19
|
|t:|1757954140
|move|p1a: Revavroom|Iron Head|p2a: Corviknight
|-resisted|p2a: Corviknight
|-damage|p2a: Corviknight|75/100
|move|p2a: Corviknight|Brave Bird|p1a: Revavroom
|-resisted|p1a: Revavroom
|-damage|p1a: Revavroom|0 fnt
|faint|p1a: Revavroom
|-damage|p2a: Corviknight|68/100|[from] Recoil
|
|-heal|p2a: Corviknight|74/100|[from] item: Leftovers
|upkeep
|
|t:|1757954143
|switch|p1a: Minior|Minior|6/100
|-damage|p1a: Minior|0 fnt|[from] Stealth Rock
|faint|p1a: Minior
|
|t:|1757954149
|switch|p1a: Iron Moth|Iron Moth|100/100
|-damage|p1a: Iron Moth|76/100|[from] Stealth Rock
|turn|20
|
|t:|1757954155
|switch|p2a: Clodsire|Clodsire, F|100/100
|move|p1a: Iron Moth|Agility|p1a: Iron Moth
|-boost|p1a: Iron Moth|spe|2
|
|upkeep
|turn|21
|
|t:|1757954160
|move|p1a: Iron Moth|Fiery Dance|p2a: Clodsire
|-damage|p2a: Clodsire|65/100
|move|p2a: Clodsire|Earthquake|p1a: Iron Moth
|-supereffective|p1a: Iron Moth
|-damage|p1a: Iron Moth|0 fnt
|faint|p1a: Iron Moth
|-end|p1a: Iron Moth|Quark Drive|[silent]
|
|-heal|p2a: Clodsire|72/100|[from] item: Leftovers
|upkeep
|
|t:|1757954187
|switch|p1a: Deoxys|Deoxys-Speed|100/100
|-damage|p1a: Deoxys|88/100|[from] Stealth Rock
|-ability|p1a: Deoxys|Pressure
|turn|22
|-message|kingCR0C forfeited.
|
|win|hameed425
|raw|kingCR0C's rating: 1398 &rarr; <strong>1375</strong><br />(-23 for losing)
|raw|hameed425's rating: 1348 &rarr; <strong>1371</strong><br />(+23 for winning)
|l|☆kingCR0C
|player|p1|
|l|☆hameed425
|player|p2|
