|j|☆intelPearl
|j|☆TroubleFindsMe
|t:|1757900356
|gametype|singles
|player|p1|intelPearl|bellelba|1542
|player|p2|TroubleFindsMe|rika|1628
|gen|9
|tier|[Gen 9] OU
|rated|
|rule|HP Percentage Mod: HP is shown in percentages
|rule|Endless Battle Clause: Forcing endless battles is banned
|rule|Species Clause: Limit one of each Pokémon
|rule|OHKO Clause: OHKO moves are banned
|rule|Evasion Items Clause: Evasion items are banned
|rule|Evasion Moves Clause: Evasion moves are banned
|rule|Evasion Abilities Clause: Evasion abilities are banned
|rule|Sleep Moves Clause: Sleep-inducing moves are banned
|clearpoke
|poke|p1|Ting-Lu|
|poke|p1|Great Tusk|
|poke|p1|Zapdos|
|poke|p1|Raging Bolt|
|poke|p1|Iron Valiant|
|poke|p1|Garganacl, M|
|poke|p2|Cloyster, M|
|poke|p2|Iron Valiant|
|poke|p2|Moltres|
|poke|p2|Dragonite, F|
|poke|p2|Zamazenta-*|
|poke|p2|Ogerpon-Cornerstone, F|
|teampreview
|j| nesnot
|
|t:|1757900375
|teamsize|p1|6
|teamsize|p2|6
|start
|switch|p1a: Raging Bolt|Raging Bolt|100/100
|switch|p2a: o_o|Cloyster, M|100/100
|-enditem|p1a: Raging Bolt|Booster Energy
|-activate|p1a: Raging Bolt|ability: Protosynthesis|[fromitem]
|-start|p1a: Raging Bolt|protosynthesisspa
|turn|1
|inactive|Battle timer is ON: inactive players will automatically lose when time's up. (requested by TroubleFindsMe)
|j| huejack
|
|t:|1757900385
|-terastallize|p2a: o_o|Ground
|move|p1a: Raging Bolt|Thunderbolt|p2a: o_o
|-immune|p2a: o_o
|move|p2a: o_o|Shell Smash|p2a: o_o
|-unboost|p2a: o_o|def|1
|-unboost|p2a: o_o|spd|1
|-boost|p2a: o_o|atk|2
|-boost|p2a: o_o|spa|2
|-boost|p2a: o_o|spe|2
|
|upkeep
|turn|2
|
|t:|1757900406
|-end|p1a: Raging Bolt|Protosynthesis|[silent]
|switch|p1a: Ting-Lu|Ting-Lu|100/100
|-ability|p1a: Ting-Lu|Vessel of Ruin
|move|p2a: o_o|Icicle Spear|p1a: Ting-Lu
|-supereffective|p1a: Ting-Lu
|-damage|p1a: Ting-Lu|75/100
|-supereffective|p1a: Ting-Lu
|-damage|p1a: Ting-Lu|50/100
|-supereffective|p1a: Ting-Lu
|-damage|p1a: Ting-Lu|22/100
|-supereffective|p1a: Ting-Lu
|-damage|p1a: Ting-Lu|0 fnt
|faint|p1a: Ting-Lu
|-hitcount|p1: Ting-Lu|4
|
|upkeep
|
|t:|1757900416
|switch|p1a: Garganacl|Garganacl, M|100/100
|turn|3
|
|t:|1757900419
|move|p2a: o_o|Icicle Spear|p1a: Garganacl
|-damage|p1a: Garganacl|88/100
|-damage|p1a: Garganacl|75/100
|-damage|p1a: Garganacl|63/100
|-damage|p1a: Garganacl|50/100
|-damage|p1a: Garganacl|36/100
|-hitcount|p1a: Garganacl|5
|move|p1a: Garganacl|Salt Cure|p2a: o_o
|-resisted|p2a: o_o
|-damage|p2a: o_o|92/100
|-start|p2a: o_o|Salt Cure
|
|-heal|p1a: Garganacl|42/100|[from] item: Leftovers
|-damage|p2a: o_o|80/100|[from] Salt Cure
|upkeep
|turn|4
|
|t:|1757900425
|move|p1a: Garganacl|Protect|p1a: Garganacl
|-singleturn|p1a: Garganacl|Protect
|move|p2a: o_o|Icicle Spear|p1a: Garganacl
|-activate|p1a: Garganacl|move: Protect
|
|-heal|p1a: Garganacl|49/100|[from] item: Leftovers
|-damage|p2a: o_o|67/100|[from] Salt Cure
|upkeep
|turn|5
|
|t:|1757900429
|-terastallize|p1a: Garganacl|Water
|move|p2a: o_o|Icicle Spear|p1a: Garganacl
|-resisted|p1a: Garganacl
|-damage|p1a: Garganacl|42/100
|-resisted|p1a: Garganacl
|-damage|p1a: Garganacl|35/100
|-resisted|p1a: Garganacl
|-damage|p1a: Garganacl|29/100
|-resisted|p1a: Garganacl
|-damage|p1a: Garganacl|22/100
|-resisted|p1a: Garganacl
|-damage|p1a: Garganacl|16/100
|-hitcount|p1a: Garganacl|5
|move|p1a: Garganacl|Recover|p1a: Garganacl
|-heal|p1a: Garganacl|66/100
|
|-heal|p1a: Garganacl|72/100|[from] item: Leftovers
|-damage|p2a: o_o|55/100|[from] Salt Cure
|upkeep
|turn|6
|
|t:|1757900449
|move|p2a: o_o|Rock Blast|p1a: Garganacl
|-damage|p1a: Garganacl|64/100
|-damage|p1a: Garganacl|55/100
|-damage|p1a: Garganacl|46/100
|-damage|p1a: Garganacl|37/100
|-damage|p1a: Garganacl|29/100
|-hitcount|p1a: Garganacl|5
|move|p1a: Garganacl|Recover|p1a: Garganacl
|-heal|p1a: Garganacl|79/100
|
|-heal|p1a: Garganacl|85/100|[from] item: Leftovers
|-damage|p2a: o_o|43/100|[from] Salt Cure
|upkeep
|turn|7
|
|t:|1757900455
|move|p1a: Garganacl|Protect|p1a: Garganacl
|-singleturn|p1a: Garganacl|Protect
|move|p2a: o_o|Spikes|p1a: Garganacl
|-sidestart|p1: intelPearl|Spikes
|
|-heal|p1a: Garganacl|92/100|[from] item: Leftovers
|-damage|p2a: o_o|30/100|[from] Salt Cure
|upkeep
|turn|8
|
|t:|1757900458
|move|p2a: o_o|Spikes|p1a: Garganacl
|-sidestart|p1: intelPearl|Spikes
|move|p1a: Garganacl|Stealth Rock|p2a: o_o
|-sidestart|p2: TroubleFindsMe|move: Stealth Rock
|
|-heal|p1a: Garganacl|98/100|[from] item: Leftovers
|-damage|p2a: o_o|18/100|[from] Salt Cure
|upkeep
|turn|9
|
|t:|1757900461
|move|p2a: o_o|Spikes|p1a: Garganacl
|-sidestart|p1: intelPearl|Spikes
|move|p1a: Garganacl|Recover|p1a: Garganacl
|-heal|p1a: Garganacl|100/100
|
|-damage|p2a: o_o|5/100|[from] Salt Cure
|upkeep
|turn|10
|
|t:|1757900467
|move|p1a: Garganacl|Protect|p1a: Garganacl
|-singleturn|p1a: Garganacl|Protect
|move|p2a: o_o|Shell Smash|p2a: o_o
|-unboost|p2a: o_o|def|1
|-unboost|p2a: o_o|spd|1
|-boost|p2a: o_o|atk|2
|-boost|p2a: o_o|spa|2
|-boost|p2a: o_o|spe|2
|
|-damage|p2a: o_o|0 fnt|[from] Salt Cure
|faint|p2a: o_o
|upkeep
|
|t:|1757900470
|switch|p2a: #Girl|Ogerpon-Cornerstone, F|100/100
|-damage|p2a: #Girl|88/100|[from] Stealth Rock
|turn|11
|
|t:|1757900491
|move|p2a: #Girl|Swords Dance|p2a: #Girl
|-boost|p2a: #Girl|atk|2
|move|p1a: Garganacl|Salt Cure|p2a: #Girl
|-damage|p2a: #Girl|69/100
|-start|p2a: #Girl|Salt Cure
|
|-damage|p2a: #Girl|57/100|[from] Salt Cure
|upkeep
|turn|12
|
|t:|1757900496
|move|p1a: Garganacl|Protect|p1a: Garganacl
|-singleturn|p1a: Garganacl|Protect
|move|p2a: #Girl|Swords Dance|p2a: #Girl
|-boost|p2a: #Girl|atk|2
|
|-damage|p2a: #Girl|45/100|[from] Salt Cure
|upkeep
|turn|13
|
|t:|1757900505
|move|p1a: Garganacl|Protect||[still]
|-fail|p1a: Garganacl
|move|p2a: #Girl|Horn Leech|p1a: Garganacl
|-supereffective|p1a: Garganacl
|-damage|p1a: Garganacl|0 fnt
|-heal|p2a: #Girl|100/100|[from] drain|[of] p1a: Garganacl
|faint|p1a: Garganacl
|
|-damage|p2a: #Girl|88/100|[from] Salt Cure
|upkeep
|
|t:|1757900509
|switch|p1a: Iron Valiant|Iron Valiant|100/100
|-damage|p1a: Iron Valiant|76/100|[from] Spikes
|-enditem|p1a: Iron Valiant|Booster Energy
|-activate|p1a: Iron Valiant|ability: Quark Drive|[fromitem]
|-start|p1a: Iron Valiant|quarkdrivespe
|turn|14
|
|t:|1757900515
|move|p1a: Iron Valiant|Close Combat|p2a: #Girl
|-supereffective|p2a: #Girl
|-damage|p2a: #Girl|0 fnt
|-unboost|p1a: Iron Valiant|def|1
|-unboost|p1a: Iron Valiant|spd|1
|faint|p2a: #Girl
|
|upkeep
|
|t:|1757900519
|switch|p2a: AHHHH IM ON FIRE|Moltres|100/100
|turn|15
|j| Puyu Paz
|
|t:|1757900543
|move|p1a: Iron Valiant|Knock Off|p2a: AHHHH IM ON FIRE
|-damage|p2a: AHHHH IM ON FIRE|63/100
|-enditem|p2a: AHHHH IM ON FIRE|Heavy-Duty Boots|[from] move: Knock Off|[of] p1a: Iron Valiant
|move|p2a: AHHHH IM ON FIRE|Hurricane|p1a: Iron Valiant|[miss]
|-miss|p2a: AHHHH IM ON FIRE|p1a: Iron Valiant
|
|upkeep
|turn|16
|
|t:|1757900565
|-end|p1a: Iron Valiant|Quark Drive|[silent]
|switch|p1a: Zapdos|Zapdos|100/100
|move|p2a: AHHHH IM ON FIRE|Hurricane|p1a: Zapdos|[miss]
|-miss|p2a: AHHHH IM ON FIRE|p1a: Zapdos
|
|upkeep
|turn|17
|inactive|intelPearl has 120 seconds left.
|
|t:|1757900591
|switch|p2a: dogecoin !|Zamazenta|100/100
|-damage|p2a: dogecoin !|94/100|[from] Stealth Rock
|-ability|p2a: dogecoin !|Dauntless Shield|boost
|-boost|p2a: dogecoin !|def|1
|move|p1a: Zapdos|Discharge|p2a: dogecoin !
|-damage|p2a: dogecoin !|61/100
|
|upkeep
|turn|18
|l| nesnot
|
|t:|1757900602
|switch|p1a: Great Tusk|Great Tusk|100/100
|move|p2a: dogecoin !|Stone Edge|p1a: Great Tusk
|-resisted|p1a: Great Tusk
|-damage|p1a: Great Tusk|91/100
|
|upkeep
|turn|19
|
|t:|1757900610
|switch|p2a: AHHHH IM ON FIRE|Moltres|63/100
|-damage|p2a: AHHHH IM ON FIRE|14/100|[from] Stealth Rock
|move|p1a: Great Tusk|Rapid Spin|p2a: AHHHH IM ON FIRE
|-damage|p2a: AHHHH IM ON FIRE|0 fnt
|-boost|p1a: Great Tusk|spe|1
|-sideend|p1: intelPearl|Spikes|[from] move: Rapid Spin|[of] p1a: Great Tusk
|faint|p2a: AHHHH IM ON FIRE
|
|upkeep
|
|t:|1757900622
|switch|p2a: Wokeness Unleashed|Iron Valiant|100/100
|-damage|p2a: Wokeness Unleashed|94/100|[from] Stealth Rock
|-enditem|p2a: Wokeness Unleashed|Booster Energy
|-activate|p2a: Wokeness Unleashed|ability: Quark Drive|[fromitem]
|-start|p2a: Wokeness Unleashed|quarkdrivespe
|turn|20
|inactive|intelPearl has 120 seconds left.
|
|t:|1757900656
|-end|p1a: Great Tusk|Protosynthesis|[silent]
|switch|p1a: Iron Valiant|Iron Valiant|76/100
|move|p2a: Wokeness Unleashed|Moonblast|p1a: Iron Valiant
|-supereffective|p1a: Iron Valiant
|-damage|p1a: Iron Valiant|0 fnt
|faint|p1a: Iron Valiant
|-end|p1a: Iron Valiant|Quark Drive|[silent]
|
|upkeep
|j| nesnot
|
|t:|1757900660
|switch|p1a: Zapdos|Zapdos|100/100
|turn|21
|
|t:|1757900672
|-end|p2a: Wokeness Unleashed|Quark Drive|[silent]
|switch|p2a: dogecoin !|Zamazenta|61/100
|-damage|p2a: dogecoin !|55/100|[from] Stealth Rock
|move|p1a: Zapdos|Hurricane|p2a: dogecoin !
|-supereffective|p2a: dogecoin !
|-damage|p2a: dogecoin !|0 fnt
|faint|p2a: dogecoin !
|
|upkeep
|
|t:|1757900674
|switch|p2a: BarneyFromDinosaur|Dragonite, F|100/100
|turn|22
|l| nesnot
|
|t:|1757900682
|move|p1a: Zapdos|Discharge|p2a: BarneyFromDinosaur
|-crit|p2a: BarneyFromDinosaur
|-damage|p2a: BarneyFromDinosaur|76/100
|move|p2a: BarneyFromDinosaur|Dragon Dance|p2a: BarneyFromDinosaur
|-boost|p2a: BarneyFromDinosaur|atk|1
|-boost|p2a: BarneyFromDinosaur|spe|1
|
|upkeep
|turn|23
|
|t:|1757900684
|move|p2a: BarneyFromDinosaur|Dragon Dance|p2a: BarneyFromDinosaur
|-boost|p2a: BarneyFromDinosaur|atk|1
|-boost|p2a: BarneyFromDinosaur|spe|1
|move|p1a: Zapdos|Discharge|p2a: BarneyFromDinosaur
|-damage|p2a: BarneyFromDinosaur|42/100
|-status|p2a: BarneyFromDinosaur|par
|
|upkeep
|turn|24
|
|t:|1757900689
|cant|p2a: BarneyFromDinosaur|par
|move|p1a: Zapdos|Hurricane|p2a: BarneyFromDinosaur
|-damage|p2a: BarneyFromDinosaur|0 fnt
|faint|p2a: BarneyFromDinosaur
|
|upkeep
|
|t:|1757900692
|switch|p2a: Wokeness Unleashed|Iron Valiant|94/100
|-damage|p2a: Wokeness Unleashed|88/100|[from] Stealth Rock
|turn|25
|
|t:|1757900698
|move|p2a: Wokeness Unleashed|Moonblast|p1a: Zapdos
|-damage|p1a: Zapdos|51/100
|move|p1a: Zapdos|Discharge|p2a: Wokeness Unleashed
|-damage|p2a: Wokeness Unleashed|29/100
|
|upkeep
|turn|26
|
|t:|1757900702
|move|p2a: Wokeness Unleashed|Moonblast|p1a: Zapdos
|-damage|p1a: Zapdos|5/100
|move|p1a: Zapdos|Discharge|p2a: Wokeness Unleashed
|-damage|p2a: Wokeness Unleashed|0 fnt
|faint|p2a: Wokeness Unleashed
|-end|p2a: Wokeness Unleashed|Quark Drive|[silent]
|
|win|intelPearl
|raw|intelPearl's rating: 1542 &rarr; <strong>1567</strong><br />(+25 for winning)
|raw|TroubleFindsMe's rating: 1628 &rarr; <strong>1603</strong><br />(-25 for losing)
|l|☆TroubleFindsMe
|player|p2|
|l|☆intelPearl
|player|p1|
|l| Puyu Paz
|j| nesnot
|l| nesnot
|l| huejack
