|j|☆mimitina
|j|☆DrMira
|t:|1757898281
|gametype|singles
|player|p1|mimitina|dragontamer|1251
|player|p2|DrMira|1|1236
|gen|9
|tier|[Gen 9] OU
|rated|
|rule|HP Percentage Mod: HP is shown in percentages
|rule|Endless Battle Clause: Forcing endless battles is banned
|rule|Species Clause: Limit one of each Pokémon
|rule|OHKO Clause: OHKO moves are banned
|rule|Evasion Items Clause: Evasion items are banned
|rule|Evasion Moves Clause: Evasion moves are banned
|rule|Evasion Abilities Clause: Evasion abilities are banned
|rule|Sleep Moves Clause: Sleep-inducing moves are banned
|clearpoke
|poke|p1|Kyurem|
|poke|p1|Great Tusk|
|poke|p1|Iron Crown|
|poke|p1|Ceruledge, F|
|poke|p1|Raging Bolt|
|poke|p1|Araquanid, F|
|poke|p2|Chesnaught, M|
|poke|p2|Tyranitar, M|
|poke|p2|Pyroar, M|
|poke|p2|Articuno|
|poke|p2|Latios, M|
|poke|p2|Great Tusk|
|teampreview
|inactive|Battle timer is ON: inactive players will automatically lose when time's up. (requested by mimitina)
|
|t:|1757898310
|teamsize|p1|6
|teamsize|p2|6
|start
|switch|p1a: Araquanid|Araquanid, F, shiny|100/100
|switch|p2a: Great Tusk|Great Tusk|100/100
|-enditem|p2a: Great Tusk|Booster Energy
|-activate|p2a: Great Tusk|ability: Protosynthesis|[fromitem]
|-start|p2a: Great Tusk|protosynthesisdef
|turn|1
|
|t:|1757898318
|-end|p2a: Great Tusk|Protosynthesis|[silent]
|switch|p2a: Articuno|Articuno|100/100
|-ability|p2a: Articuno|Pressure
|move|p1a: Araquanid|Liquidation|p2a: Articuno
|-damage|p2a: Articuno|36/100
|
|-heal|p2a: Articuno|42/100|[from] item: Leftovers
|upkeep
|turn|2
|
|t:|1757898339
|move|p2a: Articuno|Freeze-Dry|p1a: Araquanid
|-supereffective|p1a: Araquanid
|-damage|p1a: Araquanid|63/100
|move|p1a: Araquanid|Liquidation|p2a: Articuno
|-damage|p2a: Articuno|0 fnt
|faint|p2a: Articuno
|
|upkeep
|inactive|DrMira has 120 seconds left.
|
|t:|1757898371
|switch|p2a: Pyroar|Pyroar, M|100/100
|-ability|p2a: Pyroar|Unnerve
|turn|3
|inactive|mimitina has 120 seconds left.
|
|t:|1757898402
|switch|p1a: Ceruledge|Ceruledge, F|100/100
|move|p2a: Pyroar|Sunny Day|p2a: Pyroar
|-weather|SunnyDay
|
|-weather|SunnyDay|[upkeep]
|upkeep
|turn|4
|inactive|DrMira has 120 seconds left.
|inactive|mimitina has 120 seconds left.
|
|t:|1757898413
|move|p2a: Pyroar|Dark Pulse|p1a: Ceruledge
|-supereffective|p1a: Ceruledge
|-damage|p1a: Ceruledge|27/100
|move|p1a: Ceruledge|Swords Dance|p1a: Ceruledge
|-boost|p1a: Ceruledge|atk|2
|
|-weather|SunnyDay|[upkeep]
|upkeep
|turn|5
|
|t:|1757898420
|move|p2a: Pyroar|Dark Pulse|p1a: Ceruledge
|-supereffective|p1a: Ceruledge
|-damage|p1a: Ceruledge|0 fnt
|faint|p1a: Ceruledge
|
|-weather|SunnyDay|[upkeep]
|upkeep
|inactive|mimitina has 120 seconds left.
|
|t:|1757898434
|switch|p1a: Kyurem|Kyurem, shiny|100/100
|-ability|p1a: Kyurem|Pressure
|turn|6
|
|t:|1757898443
|move|p2a: Pyroar|Fire Blast|p1a: Kyurem
|-damage|p1a: Kyurem|25/100
|move|p1a: Kyurem|Dragon Dance|p1a: Kyurem
|-boost|p1a: Kyurem|atk|1
|-boost|p1a: Kyurem|spe|1
|
|-weather|SunnyDay|[upkeep]
|upkeep
|turn|7
|
|t:|1757898451
|-terastallize|p2a: Pyroar|Fairy
|move|p1a: Kyurem|Scale Shot|p2a: Pyroar
|-immune|p2a: Pyroar
|move|p2a: Pyroar|Fire Blast|p1a: Kyurem
|-damage|p1a: Kyurem|0 fnt
|faint|p1a: Kyurem
|
|-weather|none
|upkeep
|
|t:|1757898460
|switch|p1a: Iron Crown|Iron Crown|100/100
|turn|8
|
|t:|1757898464
|move|p2a: Pyroar|Fire Blast|p1a: Iron Crown
|-supereffective|p1a: Iron Crown
|-damage|p1a: Iron Crown|0 fnt
|faint|p1a: Iron Crown
|-end|p1a: Iron Crown|Quark Drive|[silent]
|
|upkeep
|
|t:|1757898471
|switch|p1a: Araquanid|Araquanid, F, shiny|63/100
|turn|9
|inactive|DrMira has 120 seconds left.
|
|t:|1757898502
|move|p2a: Pyroar|Sunny Day|p2a: Pyroar
|-weather|SunnyDay
|move|p1a: Araquanid|Liquidation|p2a: Pyroar
|-damage|p2a: Pyroar|57/100
|-unboost|p2a: Pyroar|def|1
|
|-weather|SunnyDay|[upkeep]
|upkeep
|turn|10
|
|t:|1757898508
|move|p2a: Pyroar|Fire Blast|p1a: Araquanid
|-damage|p1a: Araquanid|35/100
|move|p1a: Araquanid|Liquidation|p2a: Pyroar
|-damage|p2a: Pyroar|0 fnt
|faint|p2a: Pyroar
|
|-weather|SunnyDay|[upkeep]
|upkeep
|
|t:|1757898517
|switch|p2a: Latios|Latios, M|100/100
|turn|11
|
|t:|1757898520
|move|p2a: Latios|Luster Purge|p1a: Araquanid
|-damage|p1a: Araquanid|0 fnt
|faint|p1a: Araquanid
|
|-weather|SunnyDay|[upkeep]
|upkeep
|
|t:|1757898526
|switch|p1a: Great Tusk|Great Tusk|100/100
|-activate|p1a: Great Tusk|ability: Protosynthesis
|-start|p1a: Great Tusk|protosynthesisatk
|turn|12
|
|t:|1757898537
|move|p2a: Latios|Luster Purge|p1a: Great Tusk
|-supereffective|p1a: Great Tusk
|-damage|p1a: Great Tusk|0 fnt
|faint|p1a: Great Tusk
|-end|p1a: Great Tusk|Protosynthesis|[silent]
|
|-weather|SunnyDay|[upkeep]
|upkeep
|
|t:|1757898542
|switch|p1a: Raging Bolt|Raging Bolt|100/100
|-activate|p1a: Raging Bolt|ability: Protosynthesis
|-start|p1a: Raging Bolt|protosynthesisspa
|turn|13
|
|t:|1757898548
|move|p1a: Raging Bolt|Dragon Pulse|p2a: Latios
|-supereffective|p2a: Latios
|-damage|p2a: Latios|0 fnt
|faint|p2a: Latios
|
|-weather|none
|-end|p1a: Raging Bolt|Protosynthesis
|upkeep
|
|t:|1757898553
|switch|p2a: Great Tusk|Great Tusk|100/100
|turn|14
|
|t:|1757898557
|move|p1a: Raging Bolt|Dragon Pulse|p2a: Great Tusk
|-damage|p2a: Great Tusk|43/100
|move|p2a: Great Tusk|Earthquake|p1a: Raging Bolt
|-supereffective|p1a: Raging Bolt
|-damage|p1a: Raging Bolt|20/100
|
|-heal|p1a: Raging Bolt|27/100|[from] item: Leftovers
|upkeep
|turn|15
|
|t:|1757898564
|move|p1a: Raging Bolt|Dragon Pulse|p2a: Great Tusk
|-damage|p2a: Great Tusk|0 fnt
|faint|p2a: Great Tusk
|-end|p2a: Great Tusk|Protosynthesis|[silent]
|
|-heal|p1a: Raging Bolt|33/100|[from] item: Leftovers
|upkeep
|
|t:|1757898570
|switch|p2a: Tyranitar|Tyranitar, M|100/100
|-weather|Sandstorm|[from] ability: Sand Stream|[of] p2a: Tyranitar
|turn|16
|
|t:|1757898576
|move|p1a: Raging Bolt|Thunderclap||[still]
|-fail|p1a: Raging Bolt
|move|p2a: Tyranitar|Dragon Dance|p2a: Tyranitar
|-boost|p2a: Tyranitar|atk|1
|-boost|p2a: Tyranitar|spe|1
|
|-weather|Sandstorm|[upkeep]
|-damage|p1a: Raging Bolt|27/100|[from] Sandstorm
|-heal|p1a: Raging Bolt|33/100|[from] item: Leftovers
|upkeep
|turn|17
|
|t:|1757898583
|move|p2a: Tyranitar|Earthquake|p1a: Raging Bolt
|-supereffective|p1a: Raging Bolt
|-damage|p1a: Raging Bolt|0 fnt
|faint|p1a: Raging Bolt
|-end|p1a: Raging Bolt|Protosynthesis|[silent]
|
|win|DrMira
|raw|mimitina's rating: 1251 &rarr; <strong>1225</strong><br />(-26 for losing)
|raw|DrMira's rating: 1236 &rarr; <strong>1262</strong><br />(+26 for winning)
|l|☆mimitina
|player|p1|
|l|☆DrMira
|player|p2|
