|j|☆KnotJack
|j|☆Ruler of the Sand
|t:|1757812401
|gametype|singles
|player|p1|KnotJack|shadowtriad|1110
|player|p2|Ruler of the Sand|marshal|1155
|gen|9
|tier|[Gen 9] OU
|rated|
|rule|HP Percentage Mod: HP is shown in percentages
|rule|Endless Battle Clause: Forcing endless battles is banned
|rule|Species Clause: Limit one of each Pokémon
|rule|OHKO Clause: OHKO moves are banned
|rule|Evasion Items Clause: Evasion items are banned
|rule|Evasion Moves Clause: Evasion moves are banned
|rule|Evasion Abilities Clause: Evasion abilities are banned
|rule|Sleep Moves Clause: Sleep-inducing moves are banned
|clearpoke
|poke|p1|Ambipom, M|
|poke|p1|Garganacl, F|
|poke|p1|Clefable, M|
|poke|p1|Garchomp, M|
|poke|p1|Lycanroc-Dusk, F|
|poke|p1|Crocalor, F|
|poke|p2|Hippowdon, F|
|poke|p2|Tyranitar, F|
|poke|p2|Excadrill, F|
|poke|p2|Quagsire, F|
|poke|p2|Garganacl, F|
|poke|p2|Landorus-Therian, M|
|teampreview
|j| Rinka—phosphorus
|inactive|Battle timer is ON: inactive players will automatically lose when time's up. (requested by Ruler of the Sand)
|c|☆Ruler of the Sand|Glhf
|
|t:|1757812428
|teamsize|p1|6
|teamsize|p2|6
|start
|switch|p1a: Clefable|Clefable, M|100/100
|switch|p2a: Landorus|Landorus-Therian, M|100/100
|-ability|p2a: Landorus|Intimidate|boost
|-unboost|p1a: Clefable|atk|1
|turn|1
|
|t:|1757812436
|move|p2a: Landorus|Taunt|p1a: Clefable
|-start|p1a: Clefable|move: Taunt
|cant|p1a: Clefable|move: Taunt|Calm Mind
|
|upkeep
|turn|2
|
|t:|1757812441
|move|p2a: Landorus|Stealth Rock|p1a: Clefable
|-sidestart|p1: KnotJack|move: Stealth Rock
|move|p1a: Clefable|Moonblast|p2a: Landorus
|-damage|p2a: Landorus|62/100
|
|upkeep
|turn|3
|
|t:|1757812447
|move|p2a: Landorus|Earthquake|p1a: Clefable
|-damage|p1a: Clefable|57/100
|move|p1a: Clefable|Flamethrower|p2a: Landorus
|-damage|p2a: Landorus|37/100
|
|-heal|p1a: Clefable|63/100|[from] item: Leftovers
|-end|p1a: Clefable|move: Taunt
|upkeep
|turn|4
|
|t:|1757812456
|move|p2a: Landorus|Earthquake|p1a: Clefable
|-damage|p1a: Clefable|20/100
|move|p1a: Clefable|Moonblast|p2a: Landorus
|-damage|p2a: Landorus|0 fnt
|faint|p2a: Landorus
|
|-heal|p1a: Clefable|26/100|[from] item: Leftovers
|upkeep
|
|t:|1757812480
|switch|p2a: Excadrill|Excadrill, F|100/100
|-item|p2a: Excadrill|Air Balloon
|turn|5
|
|t:|1757812485
|move|p2a: Excadrill|Iron Head|p1a: Clefable
|-supereffective|p1a: Clefable
|-damage|p1a: Clefable|0 fnt
|faint|p1a: Clefable
|
|upkeep
|
|t:|1757812511
|switch|p1a: Crocalor|Crocalor, F|100/100
|-damage|p1a: Crocalor|76/100|[from] Stealth Rock
|turn|6
|
|t:|1757812518
|switch|p2a: Garganacl|Garganacl, F|100/100
|-terastallize|p1a: Crocalor|Normal
|move|p1a: Crocalor|Will-O-Wisp|p2a: Garganacl|[miss]
|-miss|p1a: Crocalor|p2a: Garganacl
|
|upkeep
|turn|7
|inactive|KnotJack has 120 seconds left.
|
|t:|1757812555
|switch|p1a: Garchomp|Garchomp, M|100/100
|-damage|p1a: Garchomp|94/100|[from] Stealth Rock
|move|p2a: Garganacl|Iron Defense|p2a: Garganacl
|-boost|p2a: Garganacl|def|2
|
|upkeep
|turn|8
|
|t:|1757812563
|move|p1a: Garchomp|Earthquake|p2a: Garganacl
|-supereffective|p2a: Garganacl
|-damage|p2a: Garganacl|51/100
|move|p2a: Garganacl|Iron Defense|p2a: Garganacl
|-boost|p2a: Garganacl|def|2
|
|upkeep
|turn|9
|
|t:|1757812570
|move|p1a: Garchomp|Earthquake|p2a: Garganacl
|-supereffective|p2a: Garganacl
|-damage|p2a: Garganacl|17/100
|move|p2a: Garganacl|Recover|p2a: Garganacl
|-heal|p2a: Garganacl|67/100
|
|upkeep
|turn|10
|
|t:|1757812577
|move|p1a: Garchomp|Earthquake|p2a: Garganacl
|-supereffective|p2a: Garganacl
|-damage|p2a: Garganacl|33/100
|move|p2a: Garganacl|Salt Cure|p1a: Garchomp
|-resisted|p1a: Garchomp
|-damage|p1a: Garchomp|88/100
|-start|p1a: Garchomp|Salt Cure
|
|-damage|p1a: Garchomp|76/100|[from] Salt Cure
|upkeep
|turn|11
|
|t:|1757812587
|move|p1a: Garchomp|Earthquake|p2a: Garganacl
|-supereffective|p2a: Garganacl
|-damage|p2a: Garganacl|0 fnt
|faint|p2a: Garganacl
|
|-damage|p1a: Garchomp|63/100|[from] Salt Cure
|upkeep
|
|t:|1757812595
|switch|p2a: Excadrill|Excadrill, F|100/100
|-item|p2a: Excadrill|Air Balloon
|turn|12
|
|t:|1757812606
|switch|p1a: Crocalor|Crocalor, F, tera:Normal|76/100
|-damage|p1a: Crocalor|63/100|[from] Stealth Rock
|move|p2a: Excadrill|Swords Dance|p2a: Excadrill
|-boost|p2a: Excadrill|atk|2
|
|upkeep
|turn|13
|
|t:|1757812613
|move|p2a: Excadrill|Earthquake|p1a: Crocalor
|-damage|p1a: Crocalor|25/100
|move|p1a: Crocalor|Will-O-Wisp|p2a: Excadrill
|-status|p2a: Excadrill|brn
|
|-damage|p2a: Excadrill|94/100 brn|[from] brn
|upkeep
|turn|14
|
|t:|1757812634
|move|p2a: Excadrill|Swords Dance|p2a: Excadrill
|-boost|p2a: Excadrill|atk|2
|move|p1a: Crocalor|Slack Off|p1a: Crocalor
|-heal|p1a: Crocalor|75/100
|
|-damage|p2a: Excadrill|88/100 brn|[from] brn
|upkeep
|turn|15
|
|t:|1757812653
|move|p2a: Excadrill|Rapid Spin|p1a: Crocalor
|-damage|p1a: Crocalor|69/100
|-boost|p2a: Excadrill|spe|1
|move|p1a: Crocalor|Curse|p1a: Crocalor
|-unboost|p1a: Crocalor|spe|1
|-boost|p1a: Crocalor|atk|1
|-boost|p1a: Crocalor|def|1
|
|-damage|p2a: Excadrill|82/100 brn|[from] brn
|upkeep
|turn|16
|
|t:|1757812671
|switch|p2a: Hippowdon|Hippowdon, F|100/100
|-weather|Sandstorm|[from] ability: Sand Stream|[of] p2a: Hippowdon
|move|p1a: Crocalor|Snarl|p2a: Hippowdon
|-damage|p2a: Hippowdon|90/100
|-unboost|p2a: Hippowdon|spa|1
|
|-weather|Sandstorm|[upkeep]
|-damage|p1a: Crocalor|63/100|[from] Sandstorm
|upkeep
|turn|17
|
|t:|1757812689
|move|p1a: Crocalor|Slack Off|p1a: Crocalor
|-heal|p1a: Crocalor|100/100
|move|p2a: Hippowdon|Whirlwind|p1a: Crocalor
|drag|p1a: Ambipom|Ambipom, M|100/100
|-damage|p1a: Ambipom|88/100|[from] Stealth Rock
|
|-weather|Sandstorm|[upkeep]
|-damage|p1a: Ambipom|82/100|[from] Sandstorm
|upkeep
|turn|18
|
|t:|1757812699
|move|p1a: Ambipom|Fake Out|p2a: Hippowdon
|-damage|p2a: Hippowdon|72/100
|-damage|p1a: Ambipom|72/100|[from] item: Life Orb
|cant|p2a: Hippowdon|flinch
|
|-weather|Sandstorm|[upkeep]
|-damage|p1a: Ambipom|66/100|[from] Sandstorm
|upkeep
|turn|19
|
|t:|1757812708
|move|p1a: Ambipom|Last Resort|p2a: Hippowdon
|-damage|p2a: Hippowdon|27/100
|-damage|p1a: Ambipom|56/100|[from] item: Life Orb
|move|p2a: Hippowdon|Slack Off|p2a: Hippowdon
|-heal|p2a: Hippowdon|77/100
|
|-weather|Sandstorm|[upkeep]
|-damage|p1a: Ambipom|50/100|[from] Sandstorm
|upkeep
|turn|20
|
|t:|1757812738
|move|p1a: Ambipom|Last Resort|p2a: Hippowdon
|-damage|p2a: Hippowdon|32/100
|-damage|p1a: Ambipom|40/100|[from] item: Life Orb
|move|p2a: Hippowdon|Sand Tomb|p1a: Ambipom
|-damage|p1a: Ambipom|18/100
|-activate|p1a: Ambipom|move: Sand Tomb|[of] p2a: Hippowdon
|
|-weather|Sandstorm|[upkeep]
|-damage|p1a: Ambipom|12/100|[from] Sandstorm
|-damage|p1a: Ambipom|0 fnt|[from] move: Sand Tomb|[partiallytrapped]
|faint|p1a: Ambipom
|upkeep
|inactive|KnotJack has 120 seconds left.
|l|☆Ruler of the Sand
|inactive|Ruler of the Sand disconnected and has a minute to reconnect!
|player|p2|
|
|t:|1757812769
|switch|p1a: Lycanroc|Lycanroc-Dusk, F|100/100
|-damage|p1a: Lycanroc|88/100|[from] Stealth Rock
|turn|21
|j|☆Ruler of the Sand
|inactive|Ruler of the Sand reconnected and has 135 seconds left.
|player|p2|Ruler of the Sand|marshal|
|
|t:|1757812785
|move|p1a: Lycanroc|Crunch|p2a: Hippowdon
|-damage|p2a: Hippowdon|13/100
|move|p2a: Hippowdon|Slack Off|p2a: Hippowdon
|-heal|p2a: Hippowdon|63/100
|
|-weather|Sandstorm|[upkeep]
|upkeep
|turn|22
|
|t:|1757812793
|move|p1a: Lycanroc|Crunch|p2a: Hippowdon
|-damage|p2a: Hippowdon|43/100
|-unboost|p2a: Hippowdon|def|1
|move|p2a: Hippowdon|Sand Tomb|p1a: Lycanroc
|-supereffective|p1a: Lycanroc
|-damage|p1a: Lycanroc|44/100
|-activate|p1a: Lycanroc|move: Sand Tomb|[of] p2a: Hippowdon
|
|-weather|Sandstorm|[upkeep]
|-damage|p1a: Lycanroc|32/100|[from] move: Sand Tomb|[partiallytrapped]
|upkeep
|turn|23
|
|t:|1757812803
|move|p1a: Lycanroc|Crunch|p2a: Hippowdon
|-damage|p2a: Hippowdon|14/100
|move|p2a: Hippowdon|Slack Off|p2a: Hippowdon
|-heal|p2a: Hippowdon|64/100
|
|-weather|none
|-damage|p1a: Lycanroc|19/100|[from] move: Sand Tomb|[partiallytrapped]
|upkeep
|turn|24
|
|t:|1757812812
|move|p1a: Lycanroc|Crunch|p2a: Hippowdon
|-damage|p2a: Hippowdon|34/100
|move|p2a: Hippowdon|Slack Off|p2a: Hippowdon
|-heal|p2a: Hippowdon|84/100
|
|-damage|p1a: Lycanroc|7/100|[from] move: Sand Tomb|[partiallytrapped]
|upkeep
|turn|25
|
|t:|1757812820
|move|p1a: Lycanroc|Crunch|p2a: Hippowdon
|-damage|p2a: Hippowdon|55/100
|move|p2a: Hippowdon|Slack Off|p2a: Hippowdon
|-heal|p2a: Hippowdon|100/100
|
|-damage|p1a: Lycanroc|0 fnt|[from] move: Sand Tomb|[partiallytrapped]
|faint|p1a: Lycanroc
|upkeep
|
|t:|1757812837
|switch|p1a: Garchomp|Garchomp, M|63/100
|-damage|p1a: Garchomp|57/100|[from] Stealth Rock
|turn|26
|
|t:|1757812842
|move|p1a: Garchomp|Dragon Claw|p2a: Hippowdon
|-damage|p2a: Hippowdon|55/100
|move|p2a: Hippowdon|Scorching Sands|p1a: Garchomp
|-damage|p1a: Garchomp|47/100
|
|upkeep
|turn|27
|
|t:|1757812850
|move|p1a: Garchomp|Dragon Claw|p2a: Hippowdon
|-damage|p2a: Hippowdon|15/100
|move|p2a: Hippowdon|Scorching Sands|p1a: Garchomp
|-damage|p1a: Garchomp|36/100
|-status|p1a: Garchomp|brn
|
|-damage|p1a: Garchomp|30/100 brn|[from] brn
|upkeep
|turn|28
|
|t:|1757812861
|switch|p2a: Tyranitar|Tyranitar, F|100/100
|-weather|Sandstorm|[from] ability: Sand Stream|[of] p2a: Tyranitar
|move|p1a: Garchomp|Dragon Claw|p2a: Tyranitar
|-damage|p2a: Tyranitar|77/100
|
|-weather|Sandstorm|[upkeep]
|-damage|p1a: Garchomp|24/100 brn|[from] brn
|upkeep
|turn|29
|
|t:|1757812880
|switch|p2a: Excadrill|Excadrill, F|82/100 brn
|-item|p2a: Excadrill|Air Balloon
|move|p1a: Garchomp|Dragon Claw|p2a: Excadrill
|-resisted|p2a: Excadrill
|-damage|p2a: Excadrill|62/100 brn
|-enditem|p2a: Excadrill|Air Balloon
|
|-weather|Sandstorm|[upkeep]
|-damage|p2a: Excadrill|56/100 brn|[from] brn
|-damage|p1a: Garchomp|18/100 brn|[from] brn
|upkeep
|turn|30
|
|t:|1757812894
|move|p2a: Excadrill|Earthquake|p1a: Garchomp
|-damage|p1a: Garchomp|0 fnt
|faint|p1a: Garchomp
|
|-weather|Sandstorm|[upkeep]
|-damage|p2a: Excadrill|50/100 brn|[from] brn
|upkeep
|
|t:|1757812909
|switch|p1a: Crocalor|Crocalor, F, tera:Normal|100/100
|-damage|p1a: Crocalor|88/100|[from] Stealth Rock
|turn|31
|
|t:|1757812920
|switch|p2a: Quagsire|Quagsire, F|100/100
|move|p1a: Crocalor|Snarl|p2a: Quagsire|[miss]
|-miss|p1a: Crocalor|p2a: Quagsire
|
|-weather|Sandstorm|[upkeep]
|-damage|p1a: Crocalor|82/100|[from] Sandstorm
|upkeep
|turn|32
|
|t:|1757812932
|move|p1a: Crocalor|Will-O-Wisp|p2a: Quagsire
|-status|p2a: Quagsire|brn
|move|p2a: Quagsire|Whirlpool|p1a: Crocalor
|-damage|p1a: Crocalor|76/100
|-activate|p1a: Crocalor|move: Whirlpool|[of] p2a: Quagsire
|
|-weather|none
|-damage|p2a: Quagsire|94/100 brn|[from] brn
|-damage|p1a: Crocalor|63/100|[from] move: Whirlpool|[partiallytrapped]
|upkeep
|turn|33
|
|t:|1757812942
|move|p1a: Crocalor|Slack Off|p1a: Crocalor
|-heal|p1a: Crocalor|100/100
|move|p2a: Quagsire|Toxic|p1a: Crocalor
|-status|p1a: Crocalor|tox
|
|-heal|p2a: Quagsire|100/100 brn|[from] item: Leftovers
|-damage|p1a: Crocalor|94/100 tox|[from] psn
|-damage|p2a: Quagsire|94/100 brn|[from] brn
|-damage|p1a: Crocalor|82/100 tox|[from] move: Whirlpool|[partiallytrapped]
|upkeep
|turn|34
|
|t:|1757812959
|move|p1a: Crocalor|Snarl|p2a: Quagsire
|-damage|p2a: Quagsire|82/100 brn
|-unboost|p2a: Quagsire|spa|1
|move|p2a: Quagsire|Whirlpool|p1a: Crocalor
|-damage|p1a: Crocalor|76/100 tox
|
|-heal|p2a: Quagsire|88/100 brn|[from] item: Leftovers
|-damage|p1a: Crocalor|64/100 tox|[from] psn
|-damage|p2a: Quagsire|82/100 brn|[from] brn
|-damage|p1a: Crocalor|51/100 tox|[from] move: Whirlpool|[partiallytrapped]
|upkeep
|turn|35
|
|t:|1757812972
|move|p1a: Crocalor|Snarl|p2a: Quagsire
|-damage|p2a: Quagsire|69/100 brn
|-unboost|p2a: Quagsire|spa|1
|move|p2a: Quagsire|Dig||[still]
|-prepare|p2a: Quagsire|Dig
|
|-heal|p2a: Quagsire|75/100 brn|[from] item: Leftovers
|-damage|p1a: Crocalor|33/100 tox|[from] psn
|-damage|p2a: Quagsire|69/100 brn|[from] brn
|-damage|p1a: Crocalor|21/100 tox|[from] move: Whirlpool|[partiallytrapped]
|upkeep
|turn|36
|
|t:|1757812984
|move|p1a: Crocalor|Snarl|p2a: Quagsire|[miss]
|-miss|p1a: Crocalor|p2a: Quagsire
|move|p2a: Quagsire|Dig|p1a: Crocalor|[from] lockedmove
|-damage|p1a: Crocalor|13/100 tox
|
|-heal|p2a: Quagsire|75/100 brn|[from] item: Leftovers
|-damage|p1a: Crocalor|0 fnt|[from] psn
|faint|p1a: Crocalor
|-damage|p2a: Quagsire|69/100 brn|[from] brn
|upkeep
|
|t:|1757812988
|switch|p1a: Garganacl|Garganacl, F|100/100
|-damage|p1a: Garganacl|88/100|[from] Stealth Rock
|turn|37
|
|t:|1757813002
|switch|p2a: Hippowdon|Hippowdon, F|15/100
|-weather|Sandstorm|[from] ability: Sand Stream|[of] p2a: Hippowdon
|move|p1a: Garganacl|Iron Defense|p1a: Garganacl
|-boost|p1a: Garganacl|def|2
|
|-weather|Sandstorm|[upkeep]
|-heal|p1a: Garganacl|94/100|[from] item: Leftovers
|upkeep
|turn|38
|
|t:|1757813014
|move|p2a: Hippowdon|Scorching Sands|p1a: Garganacl
|-supereffective|p1a: Garganacl
|-damage|p1a: Garganacl|79/100
|move|p1a: Garganacl|Salt Cure|p2a: Hippowdon
|-resisted|p2a: Hippowdon
|-damage|p2a: Hippowdon|11/100
|-start|p2a: Hippowdon|Salt Cure
|
|-weather|Sandstorm|[upkeep]
|-heal|p1a: Garganacl|85/100|[from] item: Leftovers
|-damage|p2a: Hippowdon|0 fnt|[from] Salt Cure
|faint|p2a: Hippowdon
|upkeep
|inactive|Ruler of the Sand has 120 seconds left.
|
|t:|1757813047
|switch|p2a: Tyranitar|Tyranitar, F|77/100
|turn|39
|
|t:|1757813060
|move|p2a: Tyranitar|Knock Off|p1a: Garganacl
|-crit|p1a: Garganacl
|-damage|p1a: Garganacl|28/100
|-enditem|p1a: Garganacl|Leftovers|[from] move: Knock Off|[of] p2a: Tyranitar
|move|p1a: Garganacl|Salt Cure|p2a: Tyranitar
|-damage|p2a: Tyranitar|66/100
|-start|p2a: Tyranitar|Salt Cure
|
|-weather|Sandstorm|[upkeep]
|-damage|p2a: Tyranitar|54/100|[from] Salt Cure
|upkeep
|turn|40
|
|t:|1757813072
|move|p1a: Garganacl|Protect|p1a: Garganacl
|-singleturn|p1a: Garganacl|Protect
|move|p2a: Tyranitar|Earthquake|p1a: Garganacl
|-activate|p1a: Garganacl|move: Protect
|
|-weather|Sandstorm|[upkeep]
|-damage|p2a: Tyranitar|42/100|[from] Salt Cure
|upkeep
|turn|41
|
|t:|1757813080
|move|p2a: Tyranitar|Earthquake|p1a: Garganacl
|-supereffective|p1a: Garganacl
|-damage|p1a: Garganacl|5/100
|move|p1a: Garganacl|Recover|p1a: Garganacl
|-heal|p1a: Garganacl|55/100
|
|-weather|Sandstorm|[upkeep]
|-damage|p2a: Tyranitar|29/100|[from] Salt Cure
|upkeep
|turn|42
|
|t:|1757813091
|move|p2a: Tyranitar|Earthquake|p1a: Garganacl
|-supereffective|p1a: Garganacl
|-damage|p1a: Garganacl|29/100
|move|p1a: Garganacl|Recover|p1a: Garganacl
|-heal|p1a: Garganacl|79/100
|
|-weather|Sandstorm|[upkeep]
|-damage|p2a: Tyranitar|17/100|[from] Salt Cure
|upkeep
|turn|43
|
|t:|1757813103
|move|p2a: Tyranitar|Earthquake|p1a: Garganacl
|-supereffective|p1a: Garganacl
|-damage|p1a: Garganacl|54/100
|move|p1a: Garganacl|Iron Defense|p1a: Garganacl
|-boost|p1a: Garganacl|def|2
|
|-weather|Sandstorm|[upkeep]
|-damage|p2a: Tyranitar|4/100|[from] Salt Cure
|upkeep
|turn|44
|
|t:|1757813112
|move|p2a: Tyranitar|Earthquake|p1a: Garganacl
|-supereffective|p1a: Garganacl
|-damage|p1a: Garganacl|37/100
|move|p1a: Garganacl|Recover|p1a: Garganacl
|-heal|p1a: Garganacl|87/100
|
|-weather|none
|-damage|p2a: Tyranitar|0 fnt|[from] Salt Cure
|faint|p2a: Tyranitar
|upkeep
|
|t:|1757813125
|switch|p2a: Excadrill|Excadrill, F|50/100 brn
|turn|45
|
|t:|1757813132
|move|p2a: Excadrill|Iron Head|p1a: Garganacl
|-supereffective|p1a: Garganacl
|-damage|p1a: Garganacl|77/100
|move|p1a: Garganacl|Salt Cure|p2a: Excadrill
|-resisted|p2a: Excadrill
|-damage|p2a: Excadrill|45/100 brn
|-start|p2a: Excadrill|Salt Cure
|
|-damage|p2a: Excadrill|39/100 brn|[from] brn
|-damage|p2a: Excadrill|14/100 brn|[from] Salt Cure
|upkeep
|turn|46
|
|t:|1757813150
|move|p2a: Excadrill|Iron Head|p1a: Garganacl
|-supereffective|p1a: Garganacl
|-damage|p1a: Garganacl|67/100
|cant|p1a: Garganacl|flinch
|
|-damage|p2a: Excadrill|8/100 brn|[from] brn
|-damage|p2a: Excadrill|0 fnt|[from] Salt Cure
|faint|p2a: Excadrill
|upkeep
|
|t:|1757813159
|switch|p2a: Quagsire|Quagsire, F|69/100 brn
|turn|47
|
|t:|1757813163
|move|p1a: Garganacl|Salt Cure|p2a: Quagsire
|-resisted|p2a: Quagsire
|-damage|p2a: Quagsire|64/100 brn
|-start|p2a: Quagsire|Salt Cure
|move|p2a: Quagsire|Whirlpool|p1a: Garganacl|[miss]
|-miss|p2a: Quagsire|p1a: Garganacl
|
|-heal|p2a: Quagsire|70/100 brn|[from] item: Leftovers
|-damage|p2a: Quagsire|64/100 brn|[from] brn
|-damage|p2a: Quagsire|39/100 brn|[from] Salt Cure
|upkeep
|turn|48
|c|☆Ruler of the Sand|Gg
|c|☆KnotJack|gg
|-message|Ruler of the Sand forfeited.
|
|win|KnotJack
|raw|KnotJack's rating: 1110 &rarr; <strong>1138</strong><br />(+28 for winning)
|raw|Ruler of the Sand's rating: 1155 &rarr; <strong>1127</strong><br />(-28 for losing)
|l|☆Ruler of the Sand
|player|p2|
|l|☆KnotJack
|player|p1|
