|j|☆ntp69
|j|☆ace1234560
|t:|1757845029
|gametype|singles
|player|p1|ntp69|266|1172
|player|p2|ace1234560|101|1232
|gen|9
|tier|[Gen 9] OU
|rated|
|rule|HP Percentage Mod: HP is shown in percentages
|rule|Endless Battle Clause: Forcing endless battles is banned
|rule|Species Clause: Limit one of each Pokémon
|rule|OHKO Clause: OHKO moves are banned
|rule|Evasion Items Clause: Evasion items are banned
|rule|Evasion Moves Clause: Evasion moves are banned
|rule|Evasion Abilities Clause: Evasion abilities are banned
|rule|Sleep Moves Clause: Sleep-inducing moves are banned
|clearpoke
|poke|p1|Jolteon, F|
|poke|p1|Pelipper, M|
|poke|p1|Barraskewda, M|
|poke|p1|Sinistcha-Masterpiece|
|poke|p1|Kilowattrel, M|
|poke|p1|Great Tusk|
|poke|p2|Great Tusk|
|poke|p2|Kingambit, F|
|poke|p2|Dragapult, F|
|poke|p2|Tornadus-Therian, M|
|poke|p2|Heatran, F|
|poke|p2|Ting-Lu|
|teampreview
|inactive|Battle timer is ON: inactive players will automatically lose when time's up. (requested by ace1234560)
|
|t:|1757845042
|teamsize|p1|6
|teamsize|p2|6
|start
|switch|p1a: Pelipper|Pelipper, M|100/100
|switch|p2a: Tornadus|Tornadus-Therian, M|100/100
|-weather|RainDance|[from] ability: Drizzle|[of] p1a: Pelipper
|turn|1
|
|t:|1757845047
|move|p2a: Tornadus|Knock Off|p1a: Pelipper
|-damage|p1a: Pelipper|85/100
|-enditem|p1a: Pelipper|Damp Rock|[from] move: Knock Off|[of] p2a: Tornadus
|move|p1a: Pelipper|U-turn|p2a: Tornadus
|-resisted|p2a: Tornadus
|-damage|p2a: Tornadus|96/100
|
|t:|1757845053
|switch|p1a: Barraskewda|Barraskewda, M|100/100|[from] U-turn
|
|-weather|RainDance|[upkeep]
|upkeep
|turn|2
|
|t:|1757845064
|-terastallize|p1a: Barraskewda|Water
|move|p1a: Barraskewda|Liquidation|p2a: Tornadus
|-damage|p2a: Tornadus|0 fnt
|faint|p2a: Tornadus
|
|-weather|RainDance|[upkeep]
|upkeep
|
|t:|1757845077
|switch|p2a: Heatran|Heatran, F|100/100
|turn|3
|
|t:|1757845079
|move|p2a: Heatran|Protect|p2a: Heatran
|-singleturn|p2a: Heatran|Protect
|move|p1a: Barraskewda|Liquidation|p2a: Heatran
|-activate|p2a: Heatran|move: Protect
|
|-weather|RainDance|[upkeep]
|upkeep
|turn|4
|
|t:|1757845093
|-terastallize|p2a: Heatran|Grass
|move|p1a: Barraskewda|Liquidation|p2a: Heatran
|-resisted|p2a: Heatran
|-damage|p2a: Heatran|42/100
|-unboost|p2a: Heatran|def|1
|move|p2a: Heatran|Lava Plume|p1a: Barraskewda
|-resisted|p1a: Barraskewda
|-damage|p1a: Barraskewda|81/100
|-status|p1a: Barraskewda|brn
|
|-weather|RainDance|[upkeep]
|-heal|p2a: Heatran|49/100|[from] item: Leftovers
|-damage|p1a: Barraskewda|75/100 brn|[from] brn
|upkeep
|turn|5
|
|t:|1757845105
|move|p1a: Barraskewda|Liquidation|p2a: Heatran
|-resisted|p2a: Heatran
|-damage|p2a: Heatran|7/100
|move|p2a: Heatran|Stealth Rock|p1a: Barraskewda
|-sidestart|p1: ntp69|move: Stealth Rock
|
|-weather|RainDance|[upkeep]
|-heal|p2a: Heatran|13/100|[from] item: Leftovers
|-damage|p1a: Barraskewda|69/100 brn|[from] brn
|upkeep
|turn|6
|
|t:|1757845111
|move|p1a: Barraskewda|Liquidation|p2a: Heatran
|-resisted|p2a: Heatran
|-damage|p2a: Heatran|0 fnt
|faint|p2a: Heatran
|
|-weather|RainDance|[upkeep]
|-damage|p1a: Barraskewda|62/100 brn|[from] brn
|upkeep
|
|t:|1757845115
|switch|p2a: Kingambit|Kingambit, F|100/100
|-activate|p2a: Kingambit|ability: Supreme Overlord
|-start|p2a: Kingambit|fallen2|[silent]
|turn|7
|
|t:|1757845118
|move|p2a: Kingambit|Sucker Punch|p1a: Barraskewda
|-damage|p1a: Barraskewda|0 fnt
|faint|p1a: Barraskewda
|
|-weather|RainDance|[upkeep]
|upkeep
|
|t:|1757845120
|switch|p1a: Great Tusk|Great Tusk|100/100
|-damage|p1a: Great Tusk|98/100|[from] Stealth Rock
|turn|8
|
|t:|1757845125
|-end|p2a: Kingambit|fallen2|[silent]
|switch|p2a: Dragapult|Dragapult, F|100/100
|move|p1a: Great Tusk|Knock Off|p2a: Dragapult
|-supereffective|p2a: Dragapult
|-crit|p2a: Dragapult
|-damage|p2a: Dragapult|0 fnt
|-enditem|p2a: Dragapult|Choice Specs|[from] move: Knock Off|[of] p1a: Great Tusk
|faint|p2a: Dragapult
|
|-weather|none
|upkeep
|
|t:|1757845134
|switch|p2a: Ting-Lu|Ting-Lu|100/100
|-ability|p2a: Ting-Lu|Vessel of Ruin
|turn|9
|
|t:|1757845139
|-end|p1a: Great Tusk|Protosynthesis|[silent]
|switch|p1a: Sinistcha|Sinistcha-Masterpiece|100/100
|-damage|p1a: Sinistcha|88/100|[from] Stealth Rock
|move|p2a: Ting-Lu|Ruination|p1a: Sinistcha
|-damage|p1a: Sinistcha|44/100
|
|-heal|p1a: Sinistcha|50/100|[from] item: Leftovers
|upkeep
|turn|10
|
|t:|1757845147
|move|p1a: Sinistcha|Giga Drain|p2a: Ting-Lu
|-supereffective|p2a: Ting-Lu
|-damage|p2a: Ting-Lu|71/100
|-heal|p1a: Sinistcha|72/100|[from] drain|[of] p2a: Ting-Lu
|move|p2a: Ting-Lu|Spikes|p1a: Sinistcha
|-sidestart|p1: ntp69|Spikes
|
|-heal|p1a: Sinistcha|78/100|[from] item: Leftovers
|upkeep
|turn|11
|
|t:|1757845154
|move|p1a: Sinistcha|Calm Mind|p1a: Sinistcha
|-boost|p1a: Sinistcha|spa|1
|-boost|p1a: Sinistcha|spd|1
|move|p2a: Ting-Lu|Spikes|p1a: Sinistcha
|-sidestart|p1: ntp69|Spikes
|
|-heal|p1a: Sinistcha|84/100|[from] item: Leftovers
|upkeep
|turn|12
|
|t:|1757845158
|move|p1a: Sinistcha|Giga Drain|p2a: Ting-Lu
|-supereffective|p2a: Ting-Lu
|-damage|p2a: Ting-Lu|29/100
|-heal|p1a: Sinistcha|100/100|[from] drain|[of] p2a: Ting-Lu
|move|p2a: Ting-Lu|Whirlwind|p1a: Sinistcha
|drag|p1a: Kilowattrel|Kilowattrel, M|100/100
|
|upkeep
|turn|13
|
|t:|1757845164
|switch|p1a: Pelipper|Pelipper, M|85/100
|-damage|p1a: Pelipper|61/100|[from] Stealth Rock
|-weather|RainDance|[from] ability: Drizzle|[of] p1a: Pelipper
|move|p2a: Ting-Lu|Ruination|p1a: Pelipper|[miss]
|-miss|p2a: Ting-Lu|p1a: Pelipper
|
|-weather|RainDance|[upkeep]
|upkeep
|turn|14
|
|t:|1757845174
|move|p1a: Pelipper|U-turn|p2a: Ting-Lu
|-supereffective|p2a: Ting-Lu
|-damage|p2a: Ting-Lu|21/100
|-damage|p1a: Pelipper|44/100|[from] item: Rocky Helmet|[of] p2a: Ting-Lu
|
|t:|1757845176
|switch|p1a: Kilowattrel|Kilowattrel, M|100/100|[from] U-turn
|move|p2a: Ting-Lu|Spikes|p1a: Kilowattrel
|-sidestart|p1: ntp69|Spikes
|
|-weather|RainDance|[upkeep]
|upkeep
|turn|15
|
|t:|1757845182
|move|p1a: Kilowattrel|Weather Ball|p2a: Ting-Lu
|-supereffective|p2a: Ting-Lu
|-damage|p2a: Ting-Lu|0 fnt
|faint|p2a: Ting-Lu
|
|-weather|RainDance|[upkeep]
|upkeep
|
|t:|1757845190
|switch|p2a: Great Tusk|Great Tusk|100/100
|turn|16
|
|t:|1757845199
|move|p1a: Kilowattrel|Hurricane|p2a: Great Tusk
|-supereffective|p2a: Great Tusk
|-damage|p2a: Great Tusk|0 fnt
|faint|p2a: Great Tusk
|-end|p2a: Great Tusk|Protosynthesis|[silent]
|
|-weather|RainDance|[upkeep]
|upkeep
|
|t:|1757845203
|switch|p2a: Kingambit|Kingambit, F|100/100
|-activate|p2a: Kingambit|ability: Supreme Overlord
|-start|p2a: Kingambit|fallen5|[silent]
|turn|17
|
|t:|1757845206
|move|p2a: Kingambit|Sucker Punch|p1a: Kilowattrel
|-damage|p1a: Kilowattrel|0 fnt
|faint|p1a: Kilowattrel
|
|-weather|none
|upkeep
|
|t:|1757845213
|switch|p1a: Great Tusk|Great Tusk|98/100
|-damage|p1a: Great Tusk|95/100|[from] Stealth Rock
|-damage|p1a: Great Tusk|70/100|[from] Spikes
|turn|18
|
|t:|1757845218
|move|p1a: Great Tusk|Earthquake|p2a: Kingambit
|-supereffective|p2a: Kingambit
|-damage|p2a: Kingambit|30/100
|move|p2a: Kingambit|Kowtow Cleave|p1a: Great Tusk
|-resisted|p1a: Great Tusk
|-damage|p1a: Great Tusk|41/100
|
|upkeep
|turn|19
|
|t:|1757845227
|move|p2a: Kingambit|Sucker Punch|p1a: Great Tusk
|-resisted|p1a: Great Tusk
|-damage|p1a: Great Tusk|20/100
|move|p1a: Great Tusk|Earthquake|p2a: Kingambit
|-supereffective|p2a: Kingambit
|-damage|p2a: Kingambit|0 fnt
|faint|p2a: Kingambit
|-end|p2a: Kingambit|fallen5|[silent]
|
|win|ntp69
|raw|ntp69's rating: 1172 &rarr; <strong>1201</strong><br />(+29 for winning)
|raw|ace1234560's rating: 1232 &rarr; <strong>1203</strong><br />(-29 for losing)
|l|☆ntp69
|player|p1|
|l|☆ace1234560
|player|p2|
