|j|☆definitelydani
|j|☆RyceburnJR2
|t:|1757814498
|gametype|singles
|player|p1|definitelydani|hilda-wonderlauncher|1076
|player|p2|RyceburnJR2|red|1076
|gen|9
|tier|[Gen 9] OU
|rated|
|rule|HP Percentage Mod: HP is shown in percentages
|rule|Endless Battle Clause: Forcing endless battles is banned
|rule|Species Clause: Limit one of each Pokémon
|rule|OHKO Clause: OHKO moves are banned
|rule|Evasion Items Clause: Evasion items are banned
|rule|Evasion Moves Clause: Evasion moves are banned
|rule|Evasion Abilities Clause: Evasion abilities are banned
|rule|Sleep Moves Clause: Sleep-inducing moves are banned
|clearpoke
|poke|p1|Gholdengo|
|poke|p1|Glimmora, M|
|poke|p1|Hatterene, F|
|poke|p1|Corviknight, M|
|poke|p1|Scizor, F|
|poke|p1|Dragapult, F|
|poke|p2|Skeledirge, M|
|poke|p2|Pawmot, F|
|poke|p2|Kingambit, M|
|poke|p2|Tinkaton, F|
|poke|p2|Garchomp, M|
|poke|p2|Dondozo, M|
|teampreview
|
|t:|1757814578
|teamsize|p1|6
|teamsize|p2|6
|start
|switch|p1a: Glimmora|Glimmora, M|100/100
|switch|p2a: Pawmot|Pawmot, F|100/100
|turn|1
|
|t:|1757814602
|move|p2a: Pawmot|Close Combat|p1a: Glimmora
|-crit|p1a: Glimmora
|-damage|p1a: Glimmora|11/100
|-unboost|p2a: Pawmot|def|1
|-unboost|p2a: Pawmot|spd|1
|-activate|p1a: Glimmora|ability: Toxic Debris
|-sidestart|p2: RyceburnJR2|move: Toxic Spikes
|move|p1a: Glimmora|Stealth Rock|p2a: Pawmot
|-sidestart|p2: RyceburnJR2|move: Stealth Rock
|
|upkeep
|turn|2
|
|t:|1757814658
|move|p1a: Glimmora|Spiky Shield|p1a: Glimmora
|-singleturn|p1a: Glimmora|move: Protect
|move|p2a: Pawmot|Close Combat|p1a: Glimmora
|-activate|p1a: Glimmora|move: Protect
|-damage|p2a: Pawmot|88/100|[from] Spiky Shield|[of] p1a: Glimmora
|
|upkeep
|turn|3
|
|t:|1757814681
|switch|p1a: Dragapult|Dragapult, F|100/100
|move|p2a: Pawmot|Close Combat|p1a: Dragapult
|-immune|p1a: Dragapult
|
|upkeep
|turn|4
|
|t:|1757814704
|move|p1a: Dragapult|Dragon Darts|p2a: Pawmot
|-damage|p2a: Pawmot|0 fnt
|faint|p2a: Pawmot
|
|upkeep
|
|t:|1757814715
|switch|p2a: Tinkaton|Tinkaton, F|100/100
|-damage|p2a: Tinkaton|94/100|[from] Stealth Rock
|-ability|p2a: Tinkaton|Mold Breaker
|turn|5
|
|t:|1757814741
|switch|p1a: Glimmora|Glimmora, M|11/100
|move|p2a: Tinkaton|Play Rough|p1a: Glimmora
|-resisted|p1a: Glimmora
|-damage|p1a: Glimmora|0 fnt
|-activate|p1a: Glimmora|ability: Toxic Debris
|-sidestart|p2: RyceburnJR2|move: Toxic Spikes
|faint|p1a: Glimmora
|
|-heal|p2a: Tinkaton|100/100|[from] item: Leftovers
|upkeep
|
|t:|1757814780
|switch|p1a: Corviknight|Corviknight, M|100/100
|turn|6
|
|t:|1757814799
|move|p2a: Tinkaton|Thunder Wave|p1a: Corviknight
|-status|p1a: Corviknight|par
|move|p1a: Corviknight|Bulk Up|p1a: Corviknight
|-boost|p1a: Corviknight|atk|1
|-boost|p1a: Corviknight|def|1
|
|upkeep
|turn|7
|
|t:|1757814869
|move|p2a: Tinkaton|Swords Dance|p2a: Tinkaton
|-boost|p2a: Tinkaton|atk|2
|cant|p1a: Corviknight|par
|
|upkeep
|turn|8
|
|t:|1757814879
|move|p2a: Tinkaton|Swords Dance|p2a: Tinkaton
|-boost|p2a: Tinkaton|atk|2
|move|p1a: Corviknight|Bulk Up|p1a: Corviknight
|-boost|p1a: Corviknight|atk|1
|-boost|p1a: Corviknight|def|1
|
|upkeep
|turn|9
|
|t:|1757814882
|move|p2a: Tinkaton|Swords Dance|p2a: Tinkaton
|-boost|p2a: Tinkaton|atk|2
|move|p1a: Corviknight|Body Press|p2a: Tinkaton
|-damage|p2a: Tinkaton|49/100
|
|-heal|p2a: Tinkaton|55/100|[from] item: Leftovers
|upkeep
|turn|10
|
|t:|1757814888
|move|p2a: Tinkaton|Gigaton Hammer|p1a: Corviknight
|-resisted|p1a: Corviknight
|-damage|p1a: Corviknight|49/100 par
|cant|p1a: Corviknight|par
|
|-heal|p2a: Tinkaton|61/100|[from] item: Leftovers
|upkeep
|turn|11
|
|t:|1757814896
|move|p2a: Tinkaton|Play Rough|p1a: Corviknight|[miss]
|-miss|p2a: Tinkaton|p1a: Corviknight
|move|p1a: Corviknight|Roost|p1a: Corviknight
|-heal|p1a: Corviknight|99/100 par
|-singleturn|p1a: Corviknight|move: Roost
|
|-heal|p2a: Tinkaton|67/100|[from] item: Leftovers
|upkeep
|turn|12
|
|t:|1757814899
|move|p2a: Tinkaton|Gigaton Hammer|p1a: Corviknight
|-resisted|p1a: Corviknight
|-damage|p1a: Corviknight|43/100 par
|move|p1a: Corviknight|Bulk Up|p1a: Corviknight
|-boost|p1a: Corviknight|atk|1
|-boost|p1a: Corviknight|def|1
|
|-heal|p2a: Tinkaton|73/100|[from] item: Leftovers
|upkeep
|turn|13
|
|t:|1757814905
|move|p2a: Tinkaton|Play Rough|p1a: Corviknight
|-resisted|p1a: Corviknight
|-damage|p1a: Corviknight|19/100 par
|-damage|p2a: Tinkaton|57/100|[from] item: Rocky Helmet|[of] p1a: Corviknight
|cant|p1a: Corviknight|par
|
|-heal|p2a: Tinkaton|63/100|[from] item: Leftovers
|upkeep
|turn|14
|
|t:|1757814914
|move|p2a: Tinkaton|Gigaton Hammer|p1a: Corviknight
|-resisted|p1a: Corviknight
|-damage|p1a: Corviknight|0 fnt
|faint|p1a: Corviknight
|
|-heal|p2a: Tinkaton|69/100|[from] item: Leftovers
|upkeep
|
|t:|1757814918
|switch|p1a: Hatterene|Hatterene, F|100/100
|turn|15
|
|t:|1757814932
|move|p2a: Tinkaton|Thunder Wave|p1a: Hatterene
|-status|p1a: Hatterene|par
|cant|p1a: Hatterene|par
|
|-heal|p2a: Tinkaton|75/100|[from] item: Leftovers
|upkeep
|turn|16
|
|t:|1757814939
|-terastallize|p1a: Hatterene|Water
|move|p2a: Tinkaton|Gigaton Hammer|p1a: Hatterene
|-resisted|p1a: Hatterene
|-damage|p1a: Hatterene|0 fnt
|faint|p1a: Hatterene
|
|-heal|p2a: Tinkaton|81/100|[from] item: Leftovers
|upkeep
|
|t:|1757814949
|switch|p1a: Gholdengo|Gholdengo|100/100
|turn|17
|
|t:|1757814953
|move|p1a: Gholdengo|Shadow Ball|p2a: Tinkaton
|-damage|p2a: Tinkaton|37/100
|move|p2a: Tinkaton|Play Rough|p1a: Gholdengo
|-resisted|p1a: Gholdengo
|-damage|p1a: Gholdengo|25/100
|-unboost|p1a: Gholdengo|atk|1
|-enditem|p1a: Gholdengo|White Herb
|-clearnegativeboost|p1a: Gholdengo|[silent]
|
|-heal|p2a: Tinkaton|43/100|[from] item: Leftovers
|upkeep
|turn|18
|
|t:|1757814965
|move|p1a: Gholdengo|Shadow Ball|p2a: Tinkaton
|-damage|p2a: Tinkaton|0 fnt
|faint|p2a: Tinkaton
|
|upkeep
|
|t:|1757814969
|switch|p2a: Skeledirge|Skeledirge, M|100/100
|-status|p2a: Skeledirge|tox
|-damage|p2a: Skeledirge|76/100 tox|[from] Stealth Rock
|turn|19
|
|t:|1757814974
|-terastallize|p2a: Skeledirge|Fairy
|move|p1a: Gholdengo|Shadow Ball|p2a: Skeledirge
|-damage|p2a: Skeledirge|22/100 tox
|-unboost|p2a: Skeledirge|spd|1
|move|p2a: Skeledirge|Torch Song|p1a: Gholdengo
|-supereffective|p1a: Gholdengo
|-damage|p1a: Gholdengo|0 fnt
|-boost|p2a: Skeledirge|spa|1
|faint|p1a: Gholdengo
|-enditem|p2a: Skeledirge|Throat Spray
|-boost|p2a: Skeledirge|spa|1|[from] item: Throat Spray
|
|-damage|p2a: Skeledirge|16/100 tox|[from] psn
|upkeep
|
|t:|1757814980
|switch|p1a: Scizor|Scizor, F|100/100
|turn|20
|
|t:|1757814996
|switch|p2a: The biggest|Dondozo, M, shiny|100/100
|-status|p2a: The biggest|tox
|-damage|p2a: The biggest|88/100 tox|[from] Stealth Rock
|move|p1a: Scizor|U-turn|p2a: The biggest
|-damage|p2a: The biggest|61/100 tox
|
|t:|1757814998
|switch|p1a: Dragapult|Dragapult, F|100/100|[from] U-turn
|
|-heal|p2a: The biggest|67/100 tox|[from] item: Leftovers
|-damage|p2a: The biggest|61/100 tox|[from] psn
|upkeep
|turn|21
|
|t:|1757815007
|move|p1a: Dragapult|Dragon Darts|p2a: The biggest
|-damage|p2a: The biggest|44/100 tox
|-anim|p1a: Dragapult|Dragon Darts|p2a: The biggest
|-damage|p2a: The biggest|29/100 tox
|move|p2a: The biggest|Curse|p2a: The biggest
|-unboost|p2a: The biggest|spe|1
|-boost|p2a: The biggest|atk|1
|-boost|p2a: The biggest|def|1
|
|-heal|p2a: The biggest|35/100 tox|[from] item: Leftovers
|-damage|p2a: The biggest|23/100 tox|[from] psn
|upkeep
|turn|22
|
|t:|1757815018
|move|p1a: Dragapult|Dragon Darts|p2a: The biggest
|-damage|p2a: The biggest|12/100 tox
|-anim|p1a: Dragapult|Dragon Darts|p2a: The biggest
|-damage|p2a: The biggest|1/100 tox
|move|p2a: The biggest|Rest|p2a: The biggest
|-status|p2a: The biggest|slp|[from] move: Rest
|-heal|p2a: The biggest|100/100 slp|[silent]
|
|upkeep
|turn|23
|
|t:|1757815025
|switch|p1a: Scizor|Scizor, F|100/100
|cant|p2a: The biggest|slp
|move|p2a: The biggest|Sleep Talk|p2a: The biggest
|move|p2a: The biggest|Curse|p2a: The biggest|[from] move: Sleep Talk
|-unboost|p2a: The biggest|spe|1
|-boost|p2a: The biggest|atk|1
|-boost|p2a: The biggest|def|1
|
|upkeep
|turn|24
|
|t:|1757815039
|switch|p1a: Dragapult|Dragapult, F|100/100
|cant|p2a: The biggest|slp
|move|p2a: The biggest|Sleep Talk|p2a: The biggest
|move|p2a: The biggest|Rest||[from] move: Sleep Talk|[still]
|-fail|p2a: The biggest
|
|upkeep
|turn|25
|
|t:|1757815046
|move|p1a: Dragapult|Phantom Force||[still]
|-prepare|p1a: Dragapult|Phantom Force
|-curestatus|p2a: The biggest|slp|[msg]
|move|p2a: The biggest|Sleep Talk||[still]
|-fail|p2a: The biggest
|
|upkeep
|turn|26
|
|t:|1757815051
|move|p1a: Dragapult|Phantom Force|p2a: The biggest|[from] lockedmove
|-damage|p2a: The biggest|86/100
|move|p2a: The biggest|Curse|p2a: The biggest
|-unboost|p2a: The biggest|spe|1
|-boost|p2a: The biggest|atk|1
|-boost|p2a: The biggest|def|1
|
|-heal|p2a: The biggest|92/100|[from] item: Leftovers
|upkeep
|turn|27
|
|t:|1757815062
|move|p1a: Dragapult|Phantom Force||[still]
|-prepare|p1a: Dragapult|Phantom Force
|move|p2a: The biggest|Curse|p2a: The biggest
|-unboost|p2a: The biggest|spe|1
|-boost|p2a: The biggest|atk|1
|-boost|p2a: The biggest|def|1
|
|-heal|p2a: The biggest|99/100|[from] item: Leftovers
|upkeep
|turn|28
|
|t:|1757815068
|move|p1a: Dragapult|Phantom Force|p2a: The biggest|[from] lockedmove
|-damage|p2a: The biggest|88/100
|move|p2a: The biggest|Curse|p2a: The biggest
|-unboost|p2a: The biggest|spe|1
|-boost|p2a: The biggest|atk|1
|-boost|p2a: The biggest|def|1
|
|-heal|p2a: The biggest|94/100|[from] item: Leftovers
|upkeep
|turn|29
|
|t:|1757815076
|switch|p1a: Scizor|Scizor, F|100/100
|move|p2a: The biggest|Curse|p2a: The biggest
|-unboost|p2a: The biggest|spe|1
|-boost|p2a: The biggest|atk|1
|-boost|p2a: The biggest|def|1
|
|-heal|p2a: The biggest|99/100|[from] item: Leftovers
|upkeep
|turn|30
|c|☆RyceburnJR2|he will be INVINCIBLE
|
|t:|1757815086
|move|p1a: Scizor|Bullet Punch|p2a: The biggest
|-resisted|p2a: The biggest
|-damage|p2a: The biggest|97/100
|move|p2a: The biggest|Body Press|p1a: Scizor
|-damage|p1a: Scizor|0 fnt
|faint|p1a: Scizor
|
|-heal|p2a: The biggest|100/100|[from] item: Leftovers
|upkeep
|
|t:|1757815093
|switch|p1a: Dragapult|Dragapult, F|100/100
|turn|31
|
|t:|1757815097
|move|p1a: Dragapult|Dragon Darts|p2a: The biggest
|-damage|p2a: The biggest|96/100
|-anim|p1a: Dragapult|Dragon Darts|p2a: The biggest
|-damage|p2a: The biggest|92/100
|move|p2a: The biggest|Body Press|p1a: Dragapult
|-immune|p1a: Dragapult
|
|-heal|p2a: The biggest|98/100|[from] item: Leftovers
|upkeep
|turn|32
|-message|definitelydani forfeited.
|
|win|RyceburnJR2
|raw|definitelydani's rating: 1076 &rarr; <strong>1055</strong><br />(-21 for losing)
|raw|RyceburnJR2's rating: 1076 &rarr; <strong>1105</strong><br />(+29 for winning)
|l|☆definitelydani
|player|p1|
