|j|☆pifpof1896
|j|☆cloud29
|t:|1757868833
|gametype|singles
|player|p1|pifpof1896|266|1069
|player|p2|cloud29|169|1111
|gen|9
|tier|[Gen 9] OU
|rated|
|rule|HP Percentage Mod: HP is shown in percentages
|rule|Endless Battle Clause: Forcing endless battles is banned
|rule|Species Clause: Limit one of each Pokémon
|rule|OHKO Clause: OHKO moves are banned
|rule|Evasion Items Clause: Evasion items are banned
|rule|Evasion Moves Clause: Evasion moves are banned
|rule|Evasion Abilities Clause: Evasion abilities are banned
|rule|Sleep Moves Clause: Sleep-inducing moves are banned
|clearpoke
|poke|p1|Tyranitar, F|
|poke|p1|Latias, F|
|poke|p1|Excadrill, M|
|poke|p1|Ceruledge, F|
|poke|p1|Quagsire, F|
|poke|p1|Tornadus-Therian, M|
|poke|p2|Dragonite, M|
|poke|p2|Clefable, F|
|poke|p2|Araquanid, F|
|poke|p2|Polteageist-Antique|
|poke|p2|Goodra-Hisui, M|
|poke|p2|Magcargo, F|
|teampreview
|
|t:|1757868845
|teamsize|p1|6
|teamsize|p2|6
|start
|switch|p1a: Tyranitar|Tyranitar, F|100/100
|switch|p2a: Magcargo|Magcargo, F|100/100
|-item|p2a: Magcargo|Air Balloon
|-weather|Sandstorm|[from] ability: Sand Stream|[of] p1a: Tyranitar
|turn|1
|
|t:|1757868853
|move|p2a: Magcargo|Shell Smash|p2a: Magcargo
|-unboost|p2a: Magcargo|def|1
|-unboost|p2a: Magcargo|spd|1
|-boost|p2a: Magcargo|atk|2
|-boost|p2a: Magcargo|spa|2
|-boost|p2a: Magcargo|spe|2
|move|p1a: Tyranitar|Knock Off|p2a: Magcargo
|-damage|p2a: Magcargo|34/100
|-ability|p2a: Magcargo|Weak Armor|boost
|-unboost|p2a: Magcargo|def|1
|-boost|p2a: Magcargo|spe|2
|-enditem|p2a: Magcargo|Air Balloon
|
|-weather|Sandstorm|[upkeep]
|upkeep
|turn|2
|
|t:|1757868864
|switch|p1a: Quagsire|Quagsire, F|100/100
|move|p2a: Magcargo|Earth Power|p1a: Quagsire
|-damage|p1a: Quagsire|69/100
|
|-weather|Sandstorm|[upkeep]
|upkeep
|turn|3
|
|t:|1757868880
|switch|p2a: Polteageist|Polteageist-Antique|100/100
|move|p1a: Quagsire|Stealth Rock|p2a: Polteageist
|-sidestart|p2: cloud29|move: Stealth Rock
|
|-weather|Sandstorm|[upkeep]
|-damage|p2a: Polteageist|94/100|[from] Sandstorm
|upkeep
|turn|4
|
|t:|1757868895
|switch|p1a: Tyranitar|Tyranitar, F|100/100
|move|p2a: Polteageist|Shell Smash|p2a: Polteageist
|-unboost|p2a: Polteageist|def|1
|-unboost|p2a: Polteageist|spd|1
|-boost|p2a: Polteageist|atk|2
|-boost|p2a: Polteageist|spa|2
|-boost|p2a: Polteageist|spe|2
|-enditem|p2a: Polteageist|White Herb
|-clearnegativeboost|p2a: Polteageist|[silent]
|
|-weather|Sandstorm|[upkeep]
|-damage|p2a: Polteageist|88/100|[from] Sandstorm
|upkeep
|turn|5
|
|t:|1757868936
|move|p2a: Polteageist|Giga Drain|p1a: Tyranitar
|-supereffective|p1a: Tyranitar
|-crit|p1a: Tyranitar
|-damage|p1a: Tyranitar|33/100
|-heal|p2a: Polteageist|100/100|[from] drain|[of] p1a: Tyranitar
|move|p1a: Tyranitar|Knock Off|p2a: Polteageist
|-supereffective|p2a: Polteageist
|-damage|p2a: Polteageist|0 fnt
|faint|p2a: Polteageist
|
|-weather|Sandstorm|[upkeep]
|upkeep
|
|t:|1757868945
|switch|p2a: Araquanid|Araquanid, F|100/100
|turn|6
|
|t:|1757868959
|-terastallize|p2a: Araquanid|Water
|move|p1a: Tyranitar|Thunder Wave|p2a: Araquanid|[miss]
|-miss|p1a: Tyranitar|p2a: Araquanid
|move|p2a: Araquanid|Trailblaze|p1a: Tyranitar
|-supereffective|p1a: Tyranitar
|-damage|p1a: Tyranitar|15/100
|-boost|p2a: Araquanid|spe|1
|
|-weather|Sandstorm|[upkeep]
|-damage|p2a: Araquanid|94/100|[from] Sandstorm
|upkeep
|turn|7
|
|t:|1757868971
|move|p2a: Araquanid|Trailblaze|p1a: Tyranitar
|-supereffective|p1a: Tyranitar
|-damage|p1a: Tyranitar|0 fnt
|-boost|p2a: Araquanid|spe|1
|faint|p1a: Tyranitar
|
|-weather|Sandstorm|[upkeep]
|-damage|p2a: Araquanid|88/100|[from] Sandstorm
|upkeep
|
|t:|1757868979
|switch|p1a: Latias|Latias, F|100/100
|turn|8
|
|t:|1757868987
|move|p1a: Latias|Reflect|p1a: Latias
|-sidestart|p1: pifpof1896|Reflect
|move|p2a: Araquanid|Leech Life|p1a: Latias
|-supereffective|p1a: Latias
|-damage|p1a: Latias|75/100
|-heal|p2a: Araquanid|100/100|[from] drain|[of] p1a: Latias
|
|-weather|none
|upkeep
|turn|9
|
|t:|1757868994
|move|p1a: Latias|Mist Ball|p2a: Araquanid
|-damage|p2a: Araquanid|72/100
|-unboost|p2a: Araquanid|spa|1
|move|p2a: Araquanid|Leech Life|p1a: Latias
|-supereffective|p1a: Latias
|-damage|p1a: Latias|50/100
|-heal|p2a: Araquanid|85/100|[from] drain|[of] p1a: Latias
|
|upkeep
|turn|10
|
|t:|1757869002
|switch|p1a: Ceruledge|Ceruledge, F|100/100
|move|p2a: Araquanid|Leech Life|p1a: Ceruledge
|-resisted|p1a: Ceruledge
|-damage|p1a: Ceruledge|97/100
|-heal|p2a: Araquanid|87/100|[from] drain|[of] p1a: Ceruledge
|-ability|p1a: Ceruledge|Weak Armor|boost
|-unboost|p1a: Ceruledge|def|1
|-boost|p1a: Ceruledge|spe|2
|
|upkeep
|turn|11
|
|t:|1757869013
|move|p1a: Ceruledge|Will-O-Wisp|p2a: Araquanid
|-immune|p2a: Araquanid|[from] ability: Water Bubble
|move|p2a: Araquanid|Liquidation|p1a: Ceruledge
|-supereffective|p1a: Ceruledge
|-damage|p1a: Ceruledge|0 fnt
|faint|p1a: Ceruledge
|
|upkeep
|
|t:|1757869021
|switch|p1a: Tornadus|Tornadus-Therian, M|100/100
|turn|12
|
|t:|1757869025
|move|p1a: Tornadus|Bleakwind Storm|p2a: Araquanid
|-damage|p2a: Araquanid|35/100
|move|p2a: Araquanid|Liquidation|p1a: Tornadus
|-damage|p1a: Tornadus|42/100
|-unboost|p1a: Tornadus|def|1
|
|upkeep
|turn|13
|
|t:|1757869032
|move|p1a: Tornadus|Bleakwind Storm|p2a: Araquanid
|-damage|p2a: Araquanid|0 fnt
|faint|p2a: Araquanid
|
|upkeep
|
|t:|1757869037
|switch|p2a: Clefable|Clefable, F|100/100
|turn|14
|
|t:|1757869041
|switch|p1a: Excadrill|Excadrill, M|100/100
|move|p2a: Clefable|Calm Mind|p2a: Clefable
|-boost|p2a: Clefable|spa|1
|-boost|p2a: Clefable|spd|1
|
|upkeep
|turn|15
|
|t:|1757869050
|move|p1a: Excadrill|Iron Head|p2a: Clefable
|-supereffective|p2a: Clefable
|-damage|p2a: Clefable|0 fnt
|faint|p2a: Clefable
|-damage|p1a: Excadrill|91/100|[from] item: Life Orb
|
|-sideend|p1: pifpof1896|Reflect
|upkeep
|
|t:|1757869059
|switch|p2a: Goodra|Goodra-Hisui, M|100/100
|-damage|p2a: Goodra|94/100|[from] Stealth Rock
|turn|16
|
|t:|1757869066
|move|p1a: Excadrill|Swords Dance|p1a: Excadrill
|-boost|p1a: Excadrill|atk|2
|move|p2a: Goodra|Flamethrower|p1a: Excadrill
|-supereffective|p1a: Excadrill
|-damage|p1a: Excadrill|25/100
|
|upkeep
|turn|17
|
|t:|1757869072
|move|p1a: Excadrill|Earthquake|p2a: Goodra
|-supereffective|p2a: Goodra
|-damage|p2a: Goodra|0 fnt
|faint|p2a: Goodra
|-damage|p1a: Excadrill|15/100|[from] item: Life Orb
|
|upkeep
|
|t:|1757869078
|switch|p2a: Dragonite|Dragonite, M|100/100
|-damage|p2a: Dragonite|76/100|[from] Stealth Rock
|turn|18
|
|t:|1757869089
|-terastallize|p1a: Excadrill|Ice
|move|p2a: Dragonite|Dragon Dance|p2a: Dragonite
|-boost|p2a: Dragonite|atk|1
|-boost|p2a: Dragonite|spe|1
|move|p1a: Excadrill|Tera Blast|p2a: Dragonite|[anim] Tera Blast Ice
|-supereffective|p2a: Dragonite
|-damage|p2a: Dragonite|0 fnt
|faint|p2a: Dragonite
|-damage|p1a: Excadrill|5/100|[from] item: Life Orb
|
|upkeep
|-message|cloud29 forfeited.
|
|win|pifpof1896
|raw|pifpof1896's rating: 1069 &rarr; <strong>1102</strong><br />(+33 for winning)
|raw|cloud29's rating: 1111 &rarr; <strong>1083</strong><br />(-28 for losing)
|l|☆cloud29
|player|p2|
|l|☆pifpof1896
|player|p1|
