|j|☆fallen_gengar0
|j|☆solstic3
|t:|1757954755
|gametype|singles
|player|p1|fallen_gengar0|hiker|1588
|player|p2|solstic3|2|1610
|gen|9
|tier|[Gen 9] OU
|rated|
|rule|HP Percentage Mod: HP is shown in percentages
|rule|Endless Battle Clause: Forcing endless battles is banned
|rule|Species Clause: Limit one of each Pokémon
|rule|OHKO Clause: OHKO moves are banned
|rule|Evasion Items Clause: Evasion items are banned
|rule|Evasion Moves Clause: Evasion moves are banned
|rule|Evasion Abilities Clause: Evasion abilities are banned
|rule|Sleep Moves Clause: Sleep-inducing moves are banned
|clearpoke
|poke|p1|Mesprit|
|poke|p1|Hatterene, F|
|poke|p1|Kingambit, M|
|poke|p1|Ursaluna, M|
|poke|p1|Iron Hands|
|poke|p1|Hoopa-Unbound|
|poke|p2|Dragonite, F|
|poke|p2|Hatterene, F|
|poke|p2|Great Tusk|
|poke|p2|Ogerpon-Wellspring, F|
|poke|p2|Iron Moth|
|poke|p2|Heatran, M|
|teampreview
|inactive|Battle timer is ON: inactive players will automatically lose when time's up. (requested by solstic3)
|
|t:|1757954764
|teamsize|p1|6
|teamsize|p2|6
|start
|switch|p1a: Iron Hands|Iron Hands|100/100
|switch|p2a: Iron Moth|Iron Moth|100/100
|-enditem|p2a: Iron Moth|Booster Energy
|-activate|p2a: Iron Moth|ability: Quark Drive|[fromitem]
|-start|p2a: Iron Moth|quarkdrivespe
|-enditem|p1a: Iron Hands|Booster Energy
|-activate|p1a: Iron Hands|ability: Quark Drive|[fromitem]
|-start|p1a: Iron Hands|quarkdriveatk
|turn|1
|
|t:|1757954778
|move|p2a: Iron Moth|Toxic Spikes|p1a: Iron Hands
|-sidestart|p1: fallen_gengar0|move: Toxic Spikes
|move|p1a: Iron Hands|Swords Dance|p1a: Iron Hands
|-boost|p1a: Iron Hands|atk|2
|
|upkeep
|turn|2
|
|t:|1757954784
|move|p2a: Iron Moth|Sludge Wave|p1a: Iron Hands
|-damage|p1a: Iron Hands|56/100
|move|p1a: Iron Hands|Thunder Punch|p2a: Iron Moth
|-damage|p2a: Iron Moth|0 fnt
|faint|p2a: Iron Moth
|-end|p2a: Iron Moth|Quark Drive|[silent]
|
|upkeep
|
|t:|1757954793
|switch|p2a: Great Tusk|Great Tusk|100/100
|-enditem|p2a: Great Tusk|Booster Energy
|-activate|p2a: Great Tusk|ability: Protosynthesis|[fromitem]
|-start|p2a: Great Tusk|protosynthesisatk
|turn|3
|
|t:|1757954822
|-terastallize|p1a: Iron Hands|Flying
|move|p2a: Great Tusk|Bulk Up|p2a: Great Tusk
|-boost|p2a: Great Tusk|atk|1
|-boost|p2a: Great Tusk|def|1
|move|p1a: Iron Hands|Ice Punch|p2a: Great Tusk
|-supereffective|p2a: Great Tusk
|-damage|p2a: Great Tusk|20/100
|
|upkeep
|turn|4
|inactive|fallen_gengar0 has 120 seconds left.
|
|t:|1757954839
|-end|p1a: Iron Hands|Quark Drive|[silent]
|switch|p1a: Mesprit|Mesprit|100/100
|move|p2a: Great Tusk|Head Smash|p1a: Mesprit
|-damage|p1a: Mesprit|14/100
|-damage|p2a: Great Tusk|0 fnt|[from] Recoil
|faint|p2a: Great Tusk
|-end|p2a: Great Tusk|Protosynthesis|[silent]
|
|upkeep
|
|t:|1757954850
|switch|p2a: Ogerpon|Ogerpon-Wellspring, F|100/100
|turn|5
|
|t:|1757954858
|move|p2a: Ogerpon|Knock Off|p1a: Mesprit
|-supereffective|p1a: Mesprit
|-enditem|p1a: Mesprit|Colbur Berry|[eat]
|-enditem|p1a: Mesprit|Colbur Berry|[weaken]
|-damage|p1a: Mesprit|0 fnt
|faint|p1a: Mesprit
|
|upkeep
|
|t:|1757954872
|switch|p1a: Kingambit|Kingambit, M|100/100
|-activate|p1a: Kingambit|ability: Supreme Overlord
|-start|p1a: Kingambit|fallen1|[silent]
|turn|6
|
|t:|1757954877
|move|p2a: Ogerpon|Ivy Cudgel|p1a: Kingambit|[anim] Ivy Cudgel Water
|-damage|p1a: Kingambit|56/100
|move|p1a: Kingambit|Kowtow Cleave|p2a: Ogerpon
|-damage|p2a: Ogerpon|0 fnt
|faint|p2a: Ogerpon
|-damage|p1a: Kingambit|46/100|[from] item: Life Orb
|
|upkeep
|
|t:|1757954884
|switch|p2a: Heatran|Heatran, M|100/100
|-item|p2a: Heatran|Air Balloon
|turn|7
|
|t:|1757954895
|move|p2a: Heatran|Earth Power|p1a: Kingambit
|-supereffective|p1a: Kingambit
|-damage|p1a: Kingambit|0 fnt
|faint|p1a: Kingambit
|-end|p1a: Kingambit|fallen1|[silent]
|
|upkeep
|
|t:|1757954903
|switch|p1a: Hoopa|Hoopa-Unbound|100/100
|-status|p1a: Hoopa|psn
|turn|8
|
|t:|1757954913
|move|p2a: Heatran|Stealth Rock|p1a: Hoopa
|-sidestart|p1: fallen_gengar0|move: Stealth Rock
|move|p1a: Hoopa|Drain Punch|p2a: Heatran
|-supereffective|p2a: Heatran
|-damage|p2a: Heatran|31/100
|-enditem|p2a: Heatran|Air Balloon
|-damage|p1a: Hoopa|91/100 psn|[from] item: Life Orb
|
|-damage|p1a: Hoopa|78/100 psn|[from] psn
|upkeep
|turn|9
|
|t:|1757954919
|move|p2a: Heatran|Taunt|p1a: Hoopa
|-start|p1a: Hoopa|move: Taunt
|cant|p1a: Hoopa|move: Taunt|Trick Room
|
|-damage|p1a: Hoopa|66/100 psn|[from] psn
|upkeep
|turn|10
|
|t:|1757954926
|move|p2a: Heatran|Earth Power|p1a: Hoopa
|-damage|p1a: Hoopa|45/100 psn
|-unboost|p1a: Hoopa|spd|1
|move|p1a: Hoopa|Hyperspace Fury|p2a: Heatran
|-damage|p2a: Heatran|0 fnt
|-unboost|p1a: Hoopa|def|1
|faint|p2a: Heatran
|-damage|p1a: Hoopa|35/100 psn|[from] item: Life Orb
|
|-damage|p1a: Hoopa|23/100 psn|[from] psn
|upkeep
|
|t:|1757954929
|switch|p2a: Dragonite|Dragonite, F|100/100
|turn|11
|
|t:|1757954935
|move|p2a: Dragonite|Dragon Dance|p2a: Dragonite
|-boost|p2a: Dragonite|atk|1
|-boost|p2a: Dragonite|spe|1
|move|p1a: Hoopa|Hyperspace Fury|p2a: Dragonite
|-damage|p2a: Dragonite|56/100
|-unboost|p1a: Hoopa|def|1
|-damage|p1a: Hoopa|13/100 psn|[from] item: Life Orb
|
|-heal|p2a: Dragonite|62/100|[from] item: Leftovers
|-damage|p1a: Hoopa|0 fnt|[from] psn
|faint|p1a: Hoopa
|upkeep
|
|t:|1757954943
|switch|p1a: Hatterene|Hatterene, F|100/100
|-status|p1a: Hatterene|psn
|-damage|p1a: Hatterene|88/100 psn|[from] Stealth Rock
|turn|12
|
|t:|1757954955
|move|p2a: Dragonite|Roost|p2a: Dragonite
|-heal|p2a: Dragonite|100/100
|-singleturn|p2a: Dragonite|move: Roost
|move|p1a: Hatterene|Trick Room|p1a: Hatterene
|-fieldstart|move: Trick Room|[of] p1a: Hatterene
|
|-heal|p1a: Hatterene|94/100 psn|[from] item: Leftovers
|-damage|p1a: Hatterene|82/100 psn|[from] psn
|upkeep
|turn|13
|
|t:|1757954960
|move|p1a: Hatterene|Dazzling Gleam|p2a: Dragonite
|-supereffective|p2a: Dragonite
|-damage|p2a: Dragonite|68/100
|move|p2a: Dragonite|Roost|p2a: Dragonite
|-heal|p2a: Dragonite|100/100
|-singleturn|p2a: Dragonite|move: Roost
|
|-heal|p1a: Hatterene|88/100 psn|[from] item: Leftovers
|-damage|p1a: Hatterene|76/100 psn|[from] psn
|upkeep
|turn|14
|
|t:|1757954964
|move|p1a: Hatterene|Psychic Noise|p2a: Dragonite
|-damage|p2a: Dragonite|85/100
|-start|p2a: Dragonite|move: Heal Block
|cant|p2a: Dragonite|move: Heal Block|Roost
|
|-heal|p1a: Hatterene|82/100 psn|[from] item: Leftovers
|-damage|p1a: Hatterene|69/100 psn|[from] psn
|upkeep
|turn|15
|
|t:|1757954975
|move|p1a: Hatterene|Healing Wish|p1a: Hatterene
|faint|p1a: Hatterene
|move|p2a: Dragonite|Earthquake|p1: Hatterene|[notarget]
|-fail|p2a: Dragonite
|
|-end|p2a: Dragonite|move: Heal Block
|upkeep
|
|t:|1757954978
|switch|p1a: Iron Hands|Iron Hands, tera:Flying|56/100
|-heal|p1a: Iron Hands|100/100|[from] move: Healing Wish
|-damage|p1a: Iron Hands|75/100|[from] Stealth Rock
|turn|16
|
|t:|1757954984
|-terastallize|p2a: Dragonite|Fairy
|move|p1a: Iron Hands|Ice Punch|p2a: Dragonite
|-damage|p2a: Dragonite|55/100
|move|p2a: Dragonite|Tera Blast|p1a: Iron Hands|[anim] Tera Blast Fairy
|-damage|p1a: Iron Hands|33/100
|
|-heal|p2a: Dragonite|61/100|[from] item: Leftovers
|-fieldend|move: Trick Room
|upkeep
|turn|17
|
|t:|1757954993
|move|p2a: Dragonite|Tera Blast|p1a: Iron Hands|[anim] Tera Blast Fairy
|-damage|p1a: Iron Hands|0 fnt
|faint|p1a: Iron Hands
|-end|p1a: Iron Hands|Quark Drive|[silent]
|
|-heal|p2a: Dragonite|67/100|[from] item: Leftovers
|upkeep
|
|t:|1757954996
|switch|p1a: Ursaluna|Ursaluna, M|100/100
|-status|p1a: Ursaluna|psn
|-damage|p1a: Ursaluna|94/100 psn|[from] Stealth Rock
|turn|18
|
|t:|1757955000
|move|p2a: Dragonite|Roost|p2a: Dragonite
|-heal|p2a: Dragonite|100/100
|move|p1a: Ursaluna|Facade|p2a: Dragonite
|-damage|p2a: Dragonite|38/100
|
|-heal|p2a: Dragonite|44/100|[from] item: Leftovers
|-damage|p1a: Ursaluna|82/100 psn|[from] psn
|upkeep
|turn|19
|
|t:|1757955024
|switch|p2a: Hatterene|Hatterene, F|100/100
|move|p1a: Ursaluna|Facade|p2a: Hatterene
|-damage|p2a: Hatterene|0 fnt
|-damage|p1a: Ursaluna|65/100 psn|[from] item: Rocky Helmet|[of] p2a: Hatterene
|faint|p2a: Hatterene
|
|-damage|p1a: Ursaluna|53/100 psn|[from] psn
|upkeep
|
|t:|1757955026
|switch|p2a: Dragonite|Dragonite, F, tera:Fairy|44/100
|turn|20
|
|t:|1757955032
|move|p2a: Dragonite|Tera Blast|p1a: Ursaluna|[anim] Tera Blast Fairy
|-damage|p1a: Ursaluna|20/100 psn
|move|p1a: Ursaluna|Facade|p2a: Dragonite
|-damage|p2a: Dragonite|0 fnt
|faint|p2a: Dragonite
|
|win|fallen_gengar0
|raw|fallen_gengar0's rating: 1588 &rarr; <strong>1609</strong><br />(+21 for winning)
|raw|solstic3's rating: 1610 &rarr; <strong>1589</strong><br />(-21 for losing)
|l|☆solstic3
|player|p2|
|l|☆fallen_gengar0
|player|p1|
