|j|☆TREMBLEB4BAST
|j|☆aaWWa
|t:|1757833330
|gametype|singles
|player|p1|TREMBLEB4BAST|geeta|1174
|player|p2|aaWWa|bianca-masters|1269
|gen|9
|tier|[Gen 9] OU
|rated|
|rule|HP Percentage Mod: HP is shown in percentages
|rule|Endless Battle Clause: Forcing endless battles is banned
|rule|Species Clause: Limit one of each Pokémon
|rule|OHKO Clause: OHKO moves are banned
|rule|Evasion Items Clause: Evasion items are banned
|rule|Evasion Moves Clause: Evasion moves are banned
|rule|Evasion Abilities Clause: Evasion abilities are banned
|rule|Sleep Moves Clause: Sleep-inducing moves are banned
|clearpoke
|poke|p1|Scizor, F|
|poke|p1|Haxorus, M|
|poke|p1|Keldeo|
|poke|p1|Enamorus, F|
|poke|p1|Kingdra, M|
|poke|p1|Vikavolt, M|
|poke|p2|Weavile, F|
|poke|p2|Pecharunt|
|poke|p2|Ting-Lu|
|poke|p2|Tinkaton, F|
|poke|p2|Keldeo-Resolute|
|poke|p2|Dragonite, F|
|teampreview
|inactive|Battle timer is ON: inactive players will automatically lose when time's up. (requested by aaWWa)
|inactive|TREMBLEB4BAST has 120 seconds left.
|
|t:|1757833362
|teamsize|p1|6
|teamsize|p2|6
|start
|switch|p1a: Lesbian|Scizor, F|100/100
|switch|p2a: sillie|Tinkaton, F|100/100
|-item|p2a: sillie|Air Balloon
|turn|1
|
|t:|1757833369
|move|p2a: sillie|Stealth Rock|p1a: Lesbian
|-sidestart|p1: TREMBLEB4BAST|move: Stealth Rock
|move|p1a: Lesbian|U-turn|p2a: sillie
|-resisted|p2a: sillie
|-damage|p2a: sillie|84/100
|-enditem|p2a: sillie|Air Balloon
|-enditem|p1a: Lesbian|Choice Band|[silent]|[from] ability: Pickpocket|[of] p1a: Lesbian
|-item|p2a: sillie|Choice Band|[from] ability: Pickpocket|[of] p1a: Lesbian
|inactive|TREMBLEB4BAST has 120 seconds left.
|l|☆TREMBLEB4BAST
|inactive|TREMBLEB4BAST disconnected and has a minute to reconnect!
|player|p1|
|j|☆TREMBLEB4BAST
|inactive|TREMBLEB4BAST reconnected and has 85 seconds left.
|player|p1|TREMBLEB4BAST|geeta|
|
|t:|1757833436
|switch|p1a: Australian|Vikavolt, M|100/100|[from] U-turn
|
|upkeep
|turn|2
|
|t:|1757833445
|switch|p2a: horsie|Ting-Lu|100/100
|-ability|p2a: horsie|Vessel of Ruin
|move|p1a: Australian|Thunderbolt|p2a: horsie
|-immune|p2a: horsie
|
|upkeep
|turn|3
|
|t:|1757833453
|switch|p1a: Lesbian|Scizor, F|100/100
|-damage|p1a: Lesbian|88/100|[from] Stealth Rock
|move|p2a: horsie|Spikes|p1a: Lesbian
|-sidestart|p1: TREMBLEB4BAST|Spikes
|
|upkeep
|turn|4
|
|t:|1757833459
|switch|p2a: goomie|Pecharunt|100/100
|move|p1a: Lesbian|U-turn|p2a: goomie
|-resisted|p2a: goomie
|-damage|p2a: goomie|96/100
|inactive|TREMBLEB4BAST has 90 seconds left.
|
|t:|1757833491
|switch|p1a: Darth Blader|Haxorus, M, shiny|100/100|[from] U-turn
|-damage|p1a: Darth Blader|88/100|[from] Stealth Rock
|-damage|p1a: Darth Blader|76/100|[from] Spikes
|-ability|p1a: Darth Blader|Mold Breaker
|
|upkeep
|turn|5
|
|t:|1757833499
|move|p1a: Darth Blader|Earthquake|p2a: goomie
|-supereffective|p2a: goomie
|-damage|p2a: goomie|44/100
|move|p2a: goomie|Parting Shot|p1a: Darth Blader
|-unboost|p1a: Darth Blader|atk|1
|-unboost|p1a: Darth Blader|spa|1
|
|t:|1757833510
|switch|p2a: chewie|Weavile, F|100/100|[from] Parting Shot
|-ability|p2a: chewie|Pressure
|
|upkeep
|turn|6
|
|t:|1757833520
|switch|p1a: Bojack|Keldeo|100/100
|-damage|p1a: Bojack|94/100|[from] Stealth Rock
|-damage|p1a: Bojack|82/100|[from] Spikes
|move|p2a: chewie|Triple Axel|p1a: Bojack
|-resisted|p1a: Bojack
|-crit|p1a: Bojack
|-damage|p1a: Bojack|73/100
|-resisted|p1a: Bojack
|-damage|p1a: Bojack|61/100
|-resisted|p1a: Bojack
|-damage|p1a: Bojack|43/100
|-hitcount|p1a: Bojack|3
|
|upkeep
|turn|7
|
|t:|1757833541
|switch|p2a: horsie|Ting-Lu|100/100
|-ability|p2a: horsie|Vessel of Ruin
|move|p1a: Bojack|Vacuum Wave|p2a: horsie
|-supereffective|p2a: horsie
|-damage|p2a: horsie|78/100
|
|upkeep
|turn|8
|
|t:|1757833550
|move|p1a: Bojack|Surf|p2a: horsie
|-supereffective|p2a: horsie
|-damage|p2a: horsie|24/100
|move|p2a: horsie|Earthquake|p1a: Bojack
|-damage|p1a: Bojack|0 fnt
|faint|p1a: Bojack
|
|upkeep
|inactive|TREMBLEB4BAST has 120 seconds left.
|
|t:|1757833568
|switch|p1a: Lesbian|Scizor, F|88/100
|-damage|p1a: Lesbian|76/100|[from] Stealth Rock
|-damage|p1a: Lesbian|63/100|[from] Spikes
|turn|9
|
|t:|1757833581
|switch|p2a: goomie|Pecharunt|44/100
|move|p1a: Lesbian|U-turn|p2a: goomie
|-resisted|p2a: goomie
|-damage|p2a: goomie|39/100
|inactive|TREMBLEB4BAST has 120 seconds left.
|l|☆TREMBLEB4BAST
|inactive|TREMBLEB4BAST disconnected and has a minute to reconnect!
|player|p1|
|j|☆TREMBLEB4BAST
|inactive|TREMBLEB4BAST reconnected and has 80 seconds left.
|player|p1|TREMBLEB4BAST|geeta|
|
|t:|1757833644
|switch|p1a: Darth Blader|Haxorus, M, shiny|76/100|[from] U-turn
|-damage|p1a: Darth Blader|64/100|[from] Stealth Rock
|-damage|p1a: Darth Blader|52/100|[from] Spikes
|-ability|p1a: Darth Blader|Mold Breaker
|
|upkeep
|turn|10
|
|t:|1757833654
|switch|p2a: barnie|Dragonite, F|100/100
|move|p1a: Darth Blader|Dragon Claw|p2a: barnie
|-supereffective|p2a: barnie
|-damage|p2a: barnie|0 fnt
|faint|p2a: barnie
|
|upkeep
|
|t:|1757833662
|switch|p2a: chewie|Weavile, F|100/100
|-ability|p2a: chewie|Pressure
|turn|11
|
|t:|1757833670
|-terastallize|p1a: Darth Blader|Steel
|move|p2a: chewie|Triple Axel|p1a: Darth Blader
|-resisted|p1a: Darth Blader
|-damage|p1a: Darth Blader|45/100
|-resisted|p1a: Darth Blader
|-damage|p1a: Darth Blader|32/100
|-hitcount|p1a: Darth Blader|2
|move|p1a: Darth Blader|Dragon Claw|p2a: chewie
|-damage|p2a: chewie|0 fnt
|faint|p2a: chewie
|
|upkeep
|
|t:|1757833681
|switch|p2a: ponie|Keldeo-Resolute|100/100
|turn|12
|
|t:|1757833689
|switch|p1a: Yakuza|Kingdra, M, shiny|100/100
|-damage|p1a: Yakuza|88/100|[from] Stealth Rock
|-damage|p1a: Yakuza|76/100|[from] Spikes
|move|p2a: ponie|Hydro Pump|p1a: Yakuza
|-resisted|p1a: Yakuza
|-damage|p1a: Yakuza|59/100
|
|upkeep
|turn|13
|
|t:|1757833703
|switch|p2a: horsie|Ting-Lu|24/100
|-ability|p2a: horsie|Vessel of Ruin
|move|p1a: Yakuza|Draco Meteor|p2a: horsie
|-damage|p2a: horsie|0 fnt
|-unboost|p1a: Yakuza|spa|2
|faint|p2a: horsie
|
|upkeep
|
|t:|1757833713
|switch|p2a: ponie|Keldeo-Resolute|100/100
|turn|14
|
|t:|1757833717
|move|p1a: Yakuza|Draco Meteor|p2a: ponie
|-damage|p2a: ponie|68/100
|-unboost|p1a: Yakuza|spa|2
|move|p2a: ponie|Icy Wind|p1a: Yakuza|[miss]
|-miss|p2a: ponie|p1a: Yakuza
|
|upkeep
|turn|15
|
|t:|1757833727
|move|p1a: Yakuza|Draco Meteor|p2a: ponie
|-damage|p2a: ponie|46/100
|-unboost|p1a: Yakuza|spa|2
|move|p2a: ponie|Secret Sword|p1a: Yakuza
|-damage|p1a: Yakuza|10/100
|
|upkeep
|turn|16
|
|t:|1757833736
|move|p2a: ponie|Vacuum Wave|p1a: Yakuza
|-damage|p1a: Yakuza|0 fnt
|faint|p1a: Yakuza
|
|upkeep
|
|t:|1757833740
|switch|p1a: Australian|Vikavolt, M|100/100
|turn|17
|
|t:|1757833746
|switch|p2a: sillie|Tinkaton, F|84/100
|move|p1a: Australian|Volt Switch|p2a: sillie
|-damage|p2a: sillie|53/100
|
|t:|1757833766
|switch|p1a: Darth Blader|Haxorus, M, shiny, tera:Steel|32/100|[from] Volt Switch
|-damage|p1a: Darth Blader|26/100|[from] Stealth Rock
|-damage|p1a: Darth Blader|14/100|[from] Spikes
|-ability|p1a: Darth Blader|Mold Breaker
|
|upkeep
|turn|18
|
|t:|1757833780
|switch|p2a: goomie|Pecharunt|39/100
|move|p1a: Darth Blader|Earthquake|p2a: goomie
|-supereffective|p2a: goomie
|-damage|p2a: goomie|0 fnt
|faint|p2a: goomie
|
|upkeep
|
|t:|1757833785
|switch|p2a: ponie|Keldeo-Resolute|46/100
|turn|19
|
|t:|1757833788
|move|p2a: ponie|Vacuum Wave|p1a: Darth Blader
|-supereffective|p1a: Darth Blader
|-damage|p1a: Darth Blader|0 fnt
|faint|p1a: Darth Blader
|
|upkeep
|
|t:|1757833796
|switch|p1a: Australian|Vikavolt, M|100/100
|turn|20
|
|t:|1757833802
|move|p2a: ponie|Hydro Pump|p1a: Australian|[miss]
|-miss|p2a: ponie|p1a: Australian
|move|p1a: Australian|Thunderbolt|p2a: ponie
|-supereffective|p2a: ponie
|-damage|p2a: ponie|0 fnt
|faint|p2a: ponie
|
|upkeep
|c|☆aaWWa|gg
|-message|aaWWa forfeited.
|
|win|TREMBLEB4BAST
|raw|TREMBLEB4BAST's rating: 1174 &rarr; <strong>1206</strong><br />(+32 for winning)
|raw|aaWWa's rating: 1269 &rarr; <strong>1237</strong><br />(-32 for losing)
|l|☆aaWWa
|player|p2|
|l|☆TREMBLEB4BAST
|player|p1|
