|j|☆swumpy mumpus
|j|☆mathismathin
|t:|1757963590
|gametype|singles
|player|p1|swumpy mumpus|170|1485
|player|p2|mathismathin|hilbert|1561
|gen|9
|tier|[Gen 9] OU
|rated|
|rule|HP Percentage Mod: HP is shown in percentages
|rule|Endless Battle Clause: Forcing endless battles is banned
|rule|Species Clause: Limit one of each Pokémon
|rule|OHKO Clause: OHKO moves are banned
|rule|Evasion Items Clause: Evasion items are banned
|rule|Evasion Moves Clause: Evasion moves are banned
|rule|Evasion Abilities Clause: Evasion abilities are banned
|rule|Sleep Moves Clause: Sleep-inducing moves are banned
|clearpoke
|poke|p1|Great Tusk|
|poke|p1|Weezing-Galar, F|
|poke|p1|Slither Wing|
|poke|p1|Darkrai|
|poke|p1|Maushold|
|poke|p1|Ceruledge, M|
|poke|p2|Inteleon, F|
|poke|p2|Zapdos|
|poke|p2|Iron Crown|
|poke|p2|Iron Valiant|
|poke|p2|Glimmora, F|
|poke|p2|Arboliva, F|
|teampreview
|inactive|Battle timer is ON: inactive players will automatically lose when time's up. (requested by swumpy mumpus)
|
|t:|1757963657
|teamsize|p1|6
|teamsize|p2|6
|start
|switch|p1a: Weezing|Weezing-Galar, F|100/100
|switch|p2a: Glimmora|Glimmora, F, shiny|100/100
|-fieldstart|move: Misty Terrain|[from] ability: Misty Surge|[of] p1a: Weezing
|turn|1
|
|t:|1757963666
|switch|p1a: Great Tusk|Great Tusk|100/100
|move|p2a: Glimmora|Meteor Beam||[still]
|-prepare|p2a: Glimmora|Meteor Beam
|-boost|p2a: Glimmora|spa|1
|-enditem|p2a: Glimmora|Power Herb
|-anim|p2a: Glimmora|Meteor Beam|p1a: Great Tusk
|-resisted|p1a: Great Tusk
|-damage|p1a: Great Tusk|70/100
|
|upkeep
|turn|2
|
|t:|1757963685
|switch|p2a: Zapdos|Zapdos|100/100
|move|p1a: Great Tusk|Headlong Rush|p2a: Zapdos
|-immune|p2a: Zapdos
|
|upkeep
|turn|3
|
|t:|1757963692
|-end|p1a: Great Tusk|Protosynthesis|[silent]
|switch|p1a: Ceruledge|Ceruledge, M|100/100
|move|p2a: Zapdos|Hurricane|p1a: Ceruledge|[miss]
|-miss|p2a: Zapdos|p1a: Ceruledge
|
|upkeep
|turn|4
|
|t:|1757963701
|move|p2a: Zapdos|Metal Sound|p1a: Ceruledge|[miss]
|-miss|p2a: Zapdos|p1a: Ceruledge
|move|p1a: Ceruledge|Bulk Up|p1a: Ceruledge
|-boost|p1a: Ceruledge|atk|1
|-boost|p1a: Ceruledge|def|1
|
|upkeep
|turn|5
|
|t:|1757963712
|move|p2a: Zapdos|Metal Sound|p1a: Ceruledge
|-unboost|p1a: Ceruledge|spd|2
|-enditem|p2a: Zapdos|Throat Spray
|-boost|p2a: Zapdos|spa|1|[from] item: Throat Spray
|move|p1a: Ceruledge|Bitter Blade|p2a: Zapdos
|-damage|p2a: Zapdos|31/100
|
|upkeep
|turn|6
|
|t:|1757963725
|move|p1a: Ceruledge|Shadow Sneak|p2a: Zapdos
|-damage|p2a: Zapdos|0 fnt
|faint|p2a: Zapdos
|
|upkeep
|
|t:|1757963729
|switch|p2a: Inteleon|Inteleon, F|100/100
|turn|7
|
|t:|1757963744
|switch|p1a: Darkrai|Darkrai|100/100
|move|p2a: Inteleon|Snipe Shot|p1a: Darkrai
|-damage|p1a: Darkrai|43/100
|
|upkeep
|turn|8
|
|t:|1757963770
|move|p1a: Darkrai|Dark Pulse|p2a: Inteleon
|-damage|p2a: Inteleon|0 fnt
|faint|p2a: Inteleon
|
|-fieldend|Misty Terrain
|upkeep
|
|t:|1757963780
|switch|p2a: seek help|Iron Valiant|100/100
|-enditem|p2a: seek help|Booster Energy
|-activate|p2a: seek help|ability: Quark Drive|[fromitem]
|-start|p2a: seek help|quarkdrivespe
|turn|9
|
|t:|1757963787
|switch|p1a: Weezing|Weezing-Galar, F|100/100
|-fieldstart|move: Misty Terrain|[from] ability: Misty Surge|[of] p1a: Weezing
|move|p2a: seek help|Calm Mind|p2a: seek help
|-boost|p2a: seek help|spa|1
|-boost|p2a: seek help|spd|1
|
|upkeep
|turn|10
|
|t:|1757963790
|-terastallize|p2a: seek help|Ghost
|move|p2a: seek help|Calm Mind|p2a: seek help
|-boost|p2a: seek help|spa|1
|-boost|p2a: seek help|spd|1
|move|p1a: Weezing|Misty Explosion|p2a: seek help
|-damage|p2a: seek help|58/100
|faint|p1a: Weezing
|
|upkeep
|inactive|swumpy mumpus has 120 seconds left.
|
|t:|1757963835
|switch|p1a: Ceruledge|Ceruledge, M|100/100
|turn|11
|inactive|swumpy mumpus has 120 seconds left.
|
|t:|1757963848
|-terastallize|p1a: Ceruledge|Bug
|move|p2a: seek help|Shadow Ball|p1a: Ceruledge
|-damage|p1a: Ceruledge|39/100
|move|p1a: Ceruledge|Bitter Blade|p2a: seek help
|-damage|p2a: seek help|13/100
|-heal|p1a: Ceruledge|58/100|[from] drain|[of] p2a: seek help
|
|upkeep
|turn|12
|
|t:|1757963854
|-end|p2a: seek help|Quark Drive|[silent]
|switch|p2a: Glimmora|Glimmora, F, shiny|100/100
|move|p1a: Ceruledge|Shadow Sneak|p2a: Glimmora
|-damage|p2a: Glimmora|81/100
|-activate|p2a: Glimmora|ability: Toxic Debris
|-sidestart|p1: swumpy mumpus|move: Toxic Spikes
|
|upkeep
|turn|13
|
|t:|1757963860
|switch|p1a: Great Tusk|Great Tusk|70/100
|move|p2a: Glimmora|Dazzling Gleam|p1a: Great Tusk
|-supereffective|p1a: Great Tusk
|-damage|p1a: Great Tusk|0 fnt
|faint|p1a: Great Tusk
|-end|p1a: Great Tusk|Protosynthesis|[silent]
|
|upkeep
|
|t:|1757963864
|switch|p1a: Maushold|Maushold|100/100
|turn|14
|
|t:|1757963871
|move|p1a: Maushold|Tidy Up|p1a: Maushold
|-sideend|p1: swumpy mumpus|Toxic Spikes
|-activate|p1a: Maushold|move: Tidy Up
|-boost|p1a: Maushold|atk|1
|-boost|p1a: Maushold|spe|1
|move|p2a: Glimmora|Earth Power|p1a: Maushold
|-damage|p1a: Maushold|52/100
|
|upkeep
|turn|15
|
|t:|1757963874
|move|p1a: Maushold|Population Bomb|p2a: Glimmora
|-resisted|p2a: Glimmora
|-damage|p2a: Glimmora|71/100
|-activate|p2a: Glimmora|ability: Toxic Debris
|-sidestart|p1: swumpy mumpus|move: Toxic Spikes
|-resisted|p2a: Glimmora
|-damage|p2a: Glimmora|60/100
|-activate|p2a: Glimmora|ability: Toxic Debris
|-sidestart|p1: swumpy mumpus|move: Toxic Spikes
|-resisted|p2a: Glimmora
|-damage|p2a: Glimmora|51/100
|-resisted|p2a: Glimmora
|-crit|p2a: Glimmora
|-damage|p2a: Glimmora|37/100
|-resisted|p2a: Glimmora
|-crit|p2a: Glimmora
|-damage|p2a: Glimmora|23/100
|-resisted|p2a: Glimmora
|-damage|p2a: Glimmora|13/100
|-resisted|p2a: Glimmora
|-damage|p2a: Glimmora|2/100
|-resisted|p2a: Glimmora
|-damage|p2a: Glimmora|0 fnt
|faint|p2a: Glimmora
|-hitcount|p2: Glimmora|8
|
|upkeep
|
|t:|1757963876
|switch|p2a: Iron Crown|Iron Crown|100/100
|turn|16
|
|t:|1757963878
|move|p1a: Maushold|Population Bomb|p2a: Iron Crown
|-resisted|p2a: Iron Crown
|-damage|p2a: Iron Crown|93/100
|-resisted|p2a: Iron Crown
|-crit|p2a: Iron Crown
|-damage|p2a: Iron Crown|81/100
|-resisted|p2a: Iron Crown
|-damage|p2a: Iron Crown|73/100
|-resisted|p2a: Iron Crown
|-damage|p2a: Iron Crown|65/100
|-resisted|p2a: Iron Crown
|-damage|p2a: Iron Crown|57/100
|-resisted|p2a: Iron Crown
|-damage|p2a: Iron Crown|48/100
|-resisted|p2a: Iron Crown
|-damage|p2a: Iron Crown|41/100
|-resisted|p2a: Iron Crown
|-damage|p2a: Iron Crown|32/100
|-resisted|p2a: Iron Crown
|-damage|p2a: Iron Crown|25/100
|-resisted|p2a: Iron Crown
|-damage|p2a: Iron Crown|16/100
|-hitcount|p2a: Iron Crown|10
|move|p2a: Iron Crown|Tachyon Cutter|p1a: Maushold
|-damage|p1a: Maushold|15/100
|-damage|p1a: Maushold|0 fnt
|faint|p1a: Maushold
|-hitcount|p1: Maushold|2
|
|-fieldend|Misty Terrain
|upkeep
|
|t:|1757963886
|switch|p1a: Darkrai|Darkrai|43/100
|-status|p1a: Darkrai|tox
|turn|17
|
|t:|1757963891
|move|p2a: Iron Crown|Tachyon Cutter|p1a: Darkrai
|-damage|p1a: Darkrai|13/100 tox
|-damage|p1a: Darkrai|0 fnt
|faint|p1a: Darkrai
|-hitcount|p1: Darkrai|2
|
|upkeep
|
|t:|1757963901
|switch|p1a: Ceruledge|Ceruledge, M, tera:Bug|58/100
|-status|p1a: Ceruledge|tox
|turn|18
|
|t:|1757963909
|-end|p2a: Iron Crown|Quark Drive|[silent]
|switch|p2a: Arboliva|Arboliva, F|100/100
|move|p1a: Ceruledge|Shadow Sneak|p2a: Arboliva
|-immune|p2a: Arboliva
|
|-damage|p1a: Ceruledge|51/100 tox|[from] psn
|upkeep
|turn|19
|
|t:|1757963921
|move|p1a: Ceruledge|Bitter Blade|p2a: Arboliva
|-supereffective|p2a: Arboliva
|-damage|p2a: Arboliva|22/100
|-heal|p1a: Ceruledge|91/100 tox|[from] drain|[of] p2a: Arboliva
|-fieldstart|move: Grassy Terrain|[from] ability: Seed Sower|[of] p2a: Arboliva
|move|p2a: Arboliva|Strength Sap|p1a: Ceruledge
|-unboost|p1a: Ceruledge|atk|1
|-heal|p2a: Arboliva|100/100
|
|-heal|p1a: Ceruledge|97/100 tox|[from] Grassy Terrain
|-damage|p1a: Ceruledge|85/100 tox|[from] psn
|upkeep
|turn|20
|
|t:|1757963928
|move|p1a: Ceruledge|Bitter Blade|p2a: Arboliva
|-supereffective|p2a: Arboliva
|-damage|p2a: Arboliva|48/100
|-heal|p1a: Ceruledge|100/100 tox|[from] drain|[of] p2a: Arboliva
|move|p2a: Arboliva|Strength Sap|p1a: Ceruledge
|-unboost|p1a: Ceruledge|atk|1
|-heal|p2a: Arboliva|100/100
|
|-damage|p1a: Ceruledge|82/100 tox|[from] psn
|upkeep
|turn|21
|
|t:|1757963933
|move|p1a: Ceruledge|Taunt|p2a: Arboliva
|-start|p2a: Arboliva|move: Taunt
|move|p2a: Arboliva|Tera Blast|p1a: Ceruledge
|-damage|p1a: Ceruledge|50/100 tox
|
|-heal|p1a: Ceruledge|57/100 tox|[from] Grassy Terrain
|-damage|p1a: Ceruledge|32/100 tox|[from] psn
|upkeep
|turn|22
|
|t:|1757963936
|switch|p1a: Slither Wing|Slither Wing|100/100
|-status|p1a: Slither Wing|tox
|-enditem|p1a: Slither Wing|Booster Energy
|-activate|p1a: Slither Wing|ability: Protosynthesis|[fromitem]
|-start|p1a: Slither Wing|protosynthesisatk
|move|p2a: Arboliva|Tera Blast|p1a: Slither Wing
|-damage|p1a: Slither Wing|53/100 tox
|
|-heal|p1a: Slither Wing|58/100 tox|[from] Grassy Terrain
|-damage|p1a: Slither Wing|53/100 tox|[from] psn
|upkeep
|turn|23
|
|t:|1757963950
|switch|p2a: Iron Crown|Iron Crown|16/100
|move|p1a: Slither Wing|Leech Life|p2a: Iron Crown
|-damage|p2a: Iron Crown|0 fnt
|-heal|p1a: Slither Wing|61/100 tox|[from] drain|[of] p2a: Iron Crown
|faint|p2a: Iron Crown
|-end|p2a: Iron Crown|Quark Drive|[silent]
|
|-heal|p1a: Slither Wing|67/100 tox|[from] Grassy Terrain
|-damage|p1a: Slither Wing|55/100 tox|[from] psn
|-fieldend|move: Grassy Terrain
|upkeep
|
|t:|1757963955
|switch|p2a: seek help|Iron Valiant, tera:Ghost|13/100
|turn|24
|
|t:|1757963962
|move|p2a: seek help|Moonblast|p1a: Slither Wing
|-supereffective|p1a: Slither Wing
|-damage|p1a: Slither Wing|0 fnt
|faint|p1a: Slither Wing
|-end|p1a: Slither Wing|Protosynthesis|[silent]
|
|upkeep
|
|t:|1757963963
|switch|p1a: Ceruledge|Ceruledge, M, tera:Bug|32/100 tox
|turn|25
|
|t:|1757963967
|-end|p2a: seek help|Quark Drive|[silent]
|switch|p2a: Arboliva|Arboliva, F|100/100
|move|p1a: Ceruledge|Shadow Sneak|p2a: Arboliva
|-immune|p2a: Arboliva
|
|-damage|p1a: Ceruledge|26/100 tox|[from] psn
|upkeep
|turn|26
|
|t:|1757963982
|move|p1a: Ceruledge|Bitter Blade|p2a: Arboliva
|-supereffective|p2a: Arboliva
|-damage|p2a: Arboliva|27/100
|-heal|p1a: Ceruledge|63/100 tox|[from] drain|[of] p2a: Arboliva
|-fieldstart|move: Grassy Terrain|[from] ability: Seed Sower|[of] p2a: Arboliva
|move|p2a: Arboliva|Strength Sap|p1a: Ceruledge
|-unboost|p1a: Ceruledge|atk|1
|-heal|p2a: Arboliva|100/100
|
|-heal|p1a: Ceruledge|69/100 tox|[from] Grassy Terrain
|-damage|p1a: Ceruledge|57/100 tox|[from] psn
|upkeep
|turn|27
|
|t:|1757963988
|move|p1a: Ceruledge|Bulk Up|p1a: Ceruledge
|-boost|p1a: Ceruledge|atk|1
|-boost|p1a: Ceruledge|def|1
|move|p2a: Arboliva|Tera Blast|p1a: Ceruledge
|-damage|p1a: Ceruledge|23/100 tox
|
|-heal|p1a: Ceruledge|29/100 tox|[from] Grassy Terrain
|-damage|p1a: Ceruledge|11/100 tox|[from] psn
|upkeep
|turn|28
|
|t:|1757963996
|move|p1a: Ceruledge|Bitter Blade|p2a: Arboliva
|-supereffective|p2a: Arboliva
|-damage|p2a: Arboliva|17/100
|-heal|p1a: Ceruledge|53/100 tox|[from] drain|[of] p2a: Arboliva
|move|p2a: Arboliva|Strength Sap|p1a: Ceruledge
|-unboost|p1a: Ceruledge|atk|1
|-heal|p2a: Arboliva|97/100
|
|-heal|p1a: Ceruledge|59/100 tox|[from] Grassy Terrain
|-heal|p2a: Arboliva|100/100|[from] Grassy Terrain
|-damage|p1a: Ceruledge|34/100 tox|[from] psn
|upkeep
|turn|29
|
|t:|1757964003
|move|p1a: Ceruledge|Taunt|p2a: Arboliva
|-start|p2a: Arboliva|move: Taunt
|move|p2a: Arboliva|Tera Blast|p1a: Ceruledge
|-damage|p1a: Ceruledge|3/100 tox
|
|-heal|p1a: Ceruledge|9/100 tox|[from] Grassy Terrain
|-damage|p1a: Ceruledge|0 fnt|[from] psn
|faint|p1a: Ceruledge
|
|win|mathismathin
|raw|swumpy mumpus's rating: 1485 &rarr; <strong>1471</strong><br />(-14 for losing)
|raw|mathismathin's rating: 1587 &rarr; <strong>1601</strong><br />(+14 for winning)
