|j|☆glowingrobot
|j|☆Palafinnieon
|t:|1757947469
|gametype|singles
|player|p1|glowingrobot|burglar|1645
|player|p2|Palafinnieon|grimsley|1599
|gen|9
|tier|[Gen 9] OU
|rated|
|rule|HP Percentage Mod: HP is shown in percentages
|rule|Endless Battle Clause: Forcing endless battles is banned
|rule|Species Clause: Limit one of each Pokémon
|rule|OHKO Clause: OHKO moves are banned
|rule|Evasion Items Clause: Evasion items are banned
|rule|Evasion Moves Clause: Evasion moves are banned
|rule|Evasion Abilities Clause: Evasion abilities are banned
|rule|Sleep Moves Clause: Sleep-inducing moves are banned
|clearpoke
|poke|p1|Raging Bolt|
|poke|p1|Ogerpon-Wellspring, F|
|poke|p1|Hatterene, F|
|poke|p1|Landorus-Therian, M|
|poke|p1|Kingambit, F|
|poke|p1|Zamazenta-*|
|poke|p2|Pelipper, F|
|poke|p2|Dragonite, F|
|poke|p2|Deoxys-Speed|
|poke|p2|Iron Crown|
|poke|p2|Gholdengo|
|poke|p2|Zamazenta-*|
|teampreview
|inactive|Battle timer is ON: inactive players will automatically lose when time's up. (requested by glowingrobot)
|
|t:|1757947495
|teamsize|p1|6
|teamsize|p2|6
|start
|switch|p1a: Raging Bolt|Raging Bolt|100/100
|switch|p2a: Iron Crown|Iron Crown|100/100
|-enditem|p2a: Iron Crown|Booster Energy
|-activate|p2a: Iron Crown|ability: Quark Drive|[fromitem]
|-start|p2a: Iron Crown|quarkdrivespe
|turn|1
|
|t:|1757947508
|move|p2a: Iron Crown|Psychic Noise|p1a: Raging Bolt
|-damage|p1a: Raging Bolt|68/100
|-start|p1a: Raging Bolt|move: Heal Block
|move|p1a: Raging Bolt|Volt Switch|p2a: Iron Crown
|-damage|p2a: Iron Crown|40/100
|
|t:|1757947526
|-end|p1a: Raging Bolt|Protosynthesis|[silent]
|switch|p1a: Landorus|Landorus-Therian, M|100/100|[from] Volt Switch
|-ability|p1a: Landorus|Intimidate|boost
|-unboost|p2a: Iron Crown|atk|1
|
|upkeep
|turn|2
|
|t:|1757947530
|move|p2a: Iron Crown|Tachyon Cutter|p1a: Landorus
|-damage|p1a: Landorus|76/100
|-damage|p1a: Landorus|51/100
|-hitcount|p1a: Landorus|2
|move|p1a: Landorus|Stealth Rock|p2a: Iron Crown
|-sidestart|p2: Palafinnieon|move: Stealth Rock
|
|upkeep
|turn|3
|
|t:|1757947539
|move|p2a: Iron Crown|Tachyon Cutter|p1a: Landorus
|-damage|p1a: Landorus|26/100
|-damage|p1a: Landorus|2/100
|-hitcount|p1a: Landorus|2
|move|p1a: Landorus|Earth Power|p2a: Iron Crown
|-supereffective|p2a: Iron Crown
|-damage|p2a: Iron Crown|0 fnt
|faint|p2a: Iron Crown
|-end|p2a: Iron Crown|Quark Drive|[silent]
|
|upkeep
|
|t:|1757947544
|switch|p2a: Deoxys|Deoxys-Speed|100/100
|-damage|p2a: Deoxys|88/100|[from] Stealth Rock
|-ability|p2a: Deoxys|Pressure
|turn|4
|
|t:|1757947550
|move|p2a: Deoxys|Stealth Rock|p1a: Landorus
|-sidestart|p1: glowingrobot|move: Stealth Rock
|move|p1a: Landorus|Taunt|p2a: Deoxys
|-start|p2a: Deoxys|move: Taunt
|
|upkeep
|turn|5
|
|t:|1757947553
|move|p2a: Deoxys|Psycho Boost|p1a: Landorus
|-damage|p1a: Landorus|0 fnt
|-unboost|p2a: Deoxys|spa|2
|faint|p1a: Landorus
|
|upkeep
|
|t:|1757947562
|switch|p1a: Hatterene|Hatterene, F|100/100
|-damage|p1a: Hatterene|88/100|[from] Stealth Rock
|turn|6
|
|t:|1757947567
|move|p2a: Deoxys|Psycho Boost|p1a: Hatterene
|-resisted|p1a: Hatterene
|-damage|p1a: Hatterene|80/100
|-unboost|p2a: Deoxys|spa|2
|move|p1a: Hatterene|Mystical Fire|p2a: Deoxys
|-damage|p2a: Deoxys|54/100
|-unboost|p2a: Deoxys|spa|1
|
|upkeep
|turn|7
|
|t:|1757947576
|move|p2a: Deoxys|Psycho Boost|p1a: Hatterene
|-resisted|p1a: Hatterene
|-damage|p1a: Hatterene|76/100
|-unboost|p2a: Deoxys|spa|1
|move|p1a: Hatterene|Nuzzle|p2a: Deoxys
|-damage|p2a: Deoxys|49/100
|-status|p2a: Deoxys|par
|
|-end|p2a: Deoxys|move: Taunt
|upkeep
|turn|8
|
|t:|1757947580
|move|p2a: Deoxys|Psycho Boost|p1a: Hatterene
|-resisted|p1a: Hatterene
|-damage|p1a: Hatterene|73/100
|move|p1a: Hatterene|Draining Kiss|p2a: Deoxys
|-damage|p2a: Deoxys|14/100 par
|-heal|p1a: Hatterene|98/100|[from] drain|[of] p2a: Deoxys
|
|upkeep
|turn|9
|
|t:|1757947588
|move|p2a: Deoxys|Psycho Boost|p1a: Hatterene
|-resisted|p1a: Hatterene
|-damage|p1a: Hatterene|94/100
|move|p1a: Hatterene|Draining Kiss|p2a: Deoxys
|-damage|p2a: Deoxys|0 fnt
|-heal|p1a: Hatterene|100/100|[from] drain|[of] p2a: Deoxys
|faint|p2a: Deoxys
|
|upkeep
|
|t:|1757947598
|switch|p2a: Pelipper|Pelipper, F|100/100
|-damage|p2a: Pelipper|76/100|[from] Stealth Rock
|-weather|RainDance|[from] ability: Drizzle|[of] p2a: Pelipper
|turn|10
|
|t:|1757947601
|move|p2a: Pelipper|Weather Ball|p1a: Hatterene
|-damage|p1a: Hatterene|45/100
|-damage|p2a: Pelipper|66/100|[from] item: Life Orb
|move|p1a: Hatterene|Nuzzle|p2a: Pelipper
|-supereffective|p2a: Pelipper
|-damage|p2a: Pelipper|44/100
|-status|p2a: Pelipper|par
|
|-weather|RainDance|[upkeep]
|upkeep
|turn|11
|
|t:|1757947609
|switch|p1a: Ogerpon|Ogerpon-Wellspring, F|100/100
|-damage|p1a: Ogerpon|88/100|[from] Stealth Rock
|cant|p2a: Pelipper|par
|
|-weather|RainDance|[upkeep]
|upkeep
|turn|12
|
|t:|1757947617
|move|p1a: Ogerpon|Power Whip|p2a: Pelipper|[miss]
|-miss|p1a: Ogerpon|p2a: Pelipper
|move|p2a: Pelipper|Hurricane|p1a: Ogerpon
|-supereffective|p1a: Ogerpon
|-damage|p1a: Ogerpon|0 fnt
|faint|p1a: Ogerpon
|-damage|p2a: Pelipper|34/100 par|[from] item: Life Orb
|
|-weather|RainDance|[upkeep]
|upkeep
|
|t:|1757947622
|switch|p1a: Raging Bolt|Raging Bolt|68/100
|-damage|p1a: Raging Bolt|56/100|[from] Stealth Rock
|turn|13
|
|t:|1757947628
|move|p1a: Raging Bolt|Thunderbolt|p2a: Pelipper
|-supereffective|p2a: Pelipper
|-damage|p2a: Pelipper|0 fnt
|faint|p2a: Pelipper
|
|-weather|RainDance|[upkeep]
|upkeep
|
|t:|1757947631
|switch|p2a: Dragonite|Dragonite, F|100/100
|turn|14
|
|t:|1757947638
|-end|p1a: Raging Bolt|Protosynthesis|[silent]
|switch|p1a: Hatterene|Hatterene, F|45/100
|-damage|p1a: Hatterene|33/100|[from] Stealth Rock
|move|p2a: Dragonite|Earthquake|p1a: Hatterene
|-damage|p1a: Hatterene|0 fnt
|faint|p1a: Hatterene
|
|-weather|none
|upkeep
|
|t:|1757947652
|switch|p1a: Raging Bolt|Raging Bolt|56/100
|-damage|p1a: Raging Bolt|44/100|[from] Stealth Rock
|turn|15
|
|t:|1757947661
|-terastallize|p2a: Dragonite|Normal
|-terastallize|p1a: Raging Bolt|Dragon
|move|p2a: Dragonite|Extreme Speed|p1a: Raging Bolt
|-damage|p1a: Raging Bolt|0 fnt
|faint|p1a: Raging Bolt
|-end|p1a: Raging Bolt|Protosynthesis|[silent]
|
|upkeep
|
|t:|1757947667
|switch|p1a: Zamazenta|Zamazenta|100/100
|-damage|p1a: Zamazenta|94/100|[from] Stealth Rock
|-ability|p1a: Zamazenta|Dauntless Shield|boost
|-boost|p1a: Zamazenta|def|1
|turn|16
|
|t:|1757947671
|switch|p2a: Gholdengo|Gholdengo|100/100
|-damage|p2a: Gholdengo|94/100|[from] Stealth Rock
|-item|p2a: Gholdengo|Air Balloon
|move|p1a: Zamazenta|Iron Defense|p1a: Zamazenta
|-boost|p1a: Zamazenta|def|2
|
|-heal|p1a: Zamazenta|100/100|[from] item: Leftovers
|upkeep
|turn|17
|
|t:|1757947675
|move|p1a: Zamazenta|Crunch|p2a: Gholdengo
|-supereffective|p2a: Gholdengo
|-damage|p2a: Gholdengo|45/100
|-enditem|p2a: Gholdengo|Air Balloon
|move|p2a: Gholdengo|Shadow Ball|p1a: Zamazenta
|-damage|p1a: Zamazenta|63/100
|
|-heal|p1a: Zamazenta|69/100|[from] item: Leftovers
|upkeep
|turn|18
|
|t:|1757947680
|move|p1a: Zamazenta|Crunch|p2a: Gholdengo
|-supereffective|p2a: Gholdengo
|-damage|p2a: Gholdengo|0 fnt
|faint|p2a: Gholdengo
|
|-heal|p1a: Zamazenta|75/100|[from] item: Leftovers
|upkeep
|
|t:|1757947682
|switch|p2a: Zamazenta|Zamazenta|100/100
|-damage|p2a: Zamazenta|94/100|[from] Stealth Rock
|-ability|p2a: Zamazenta|Dauntless Shield|boost
|-boost|p2a: Zamazenta|def|1
|turn|19
|
|t:|1757947687
|move|p2a: Zamazenta|Iron Defense|p2a: Zamazenta
|-boost|p2a: Zamazenta|def|2
|move|p1a: Zamazenta|Iron Defense|p1a: Zamazenta
|-boost|p1a: Zamazenta|def|2
|
|-heal|p2a: Zamazenta|100/100|[from] item: Leftovers
|-heal|p1a: Zamazenta|82/100|[from] item: Leftovers
|upkeep
|turn|20
|
|t:|1757947690
|move|p2a: Zamazenta|Body Press|p1a: Zamazenta
|-damage|p1a: Zamazenta|63/100
|move|p1a: Zamazenta|Roar|p2a: Zamazenta
|drag|p2a: Dragonite|Dragonite, F, tera:Normal|100/100
|
|-heal|p1a: Zamazenta|69/100|[from] item: Leftovers
|upkeep
|turn|21
|
|t:|1757947694
|move|p1a: Zamazenta|Iron Defense|p1a: Zamazenta
|-boost|p1a: Zamazenta|def|1
|move|p2a: Dragonite|Earthquake|p1a: Zamazenta
|-damage|p1a: Zamazenta|62/100
|
|-heal|p1a: Zamazenta|68/100|[from] item: Leftovers
|upkeep
|turn|22
|-message|Palafinnieon forfeited.
|
|win|glowingrobot
|raw|glowingrobot's rating: 1645 &rarr; <strong>1662</strong><br />(+17 for winning)
|raw|Palafinnieon's rating: 1599 &rarr; <strong>1582</strong><br />(-17 for losing)
|j| epicpikachu12
|l|☆Palafinnieon
|player|p2|
|l|☆glowingrobot
|player|p1|
|j|☆glowingrobot
|player|p1|glowingrobot|burglar|
