|j|☆TestAccount619
|j|☆xw haha
|t:|1757917880
|gametype|singles
|player|p1|TestAccount619|170|1208
|player|p2|xw haha|volkner|1226
|gen|9
|tier|[Gen 9] OU
|rated|
|rule|HP Percentage Mod: HP is shown in percentages
|rule|Endless Battle Clause: Forcing endless battles is banned
|rule|Species Clause: Limit one of each Pokémon
|rule|OHKO Clause: OHKO moves are banned
|rule|Evasion Items Clause: Evasion items are banned
|rule|Evasion Moves Clause: Evasion moves are banned
|rule|Evasion Abilities Clause: Evasion abilities are banned
|rule|Sleep Moves Clause: Sleep-inducing moves are banned
|clearpoke
|poke|p1|Fezandipiti, M|
|poke|p1|Magnezone|
|poke|p1|Zapdos|
|poke|p1|Dragapult, M|
|poke|p1|Cinderace, M|
|poke|p1|Iron Valiant|
|poke|p2|Hatterene, F|
|poke|p2|Farigiraf, F|
|poke|p2|Meowscarada, M|
|poke|p2|Great Tusk|
|poke|p2|Clodsire, F|
|poke|p2|Raging Bolt|
|teampreview
|inactive|Battle timer is ON: inactive players will automatically lose when time's up. (requested by xw haha)
|
|t:|1757917897
|teamsize|p1|6
|teamsize|p2|6
|start
|switch|p1a: Fezandipiti|Fezandipiti, M|100/100
|switch|p2a: Meowscarada|Meowscarada, M|100/100
|turn|1
|
|t:|1757917904
|move|p2a: Meowscarada|U-turn|p1a: Fezandipiti
|-start|p2a: Meowscarada|typechange|Bug|[from] ability: Protean
|-resisted|p1a: Fezandipiti
|-crit|p1a: Fezandipiti
|-damage|p1a: Fezandipiti|89/100
|
|t:|1757917916
|switch|p2a: Clodsire|Clodsire, F|100/100|[from] U-turn
|move|p1a: Fezandipiti|U-turn|p2a: Clodsire
|-resisted|p2a: Clodsire
|-damage|p2a: Clodsire|92/100
|
|t:|1757917935
|switch|p1a: Dragapult|Dragapult, M|100/100|[from] U-turn
|
|-heal|p2a: Clodsire|98/100|[from] item: Black Sludge
|upkeep
|turn|2
|
|t:|1757917945
|move|p1a: Dragapult|Will-O-Wisp|p2a: Clodsire
|-status|p2a: Clodsire|brn
|move|p2a: Clodsire|Toxic|p1a: Dragapult
|-status|p1a: Dragapult|tox
|
|-heal|p2a: Clodsire|100/100 brn|[from] item: Black Sludge
|-damage|p1a: Dragapult|95/100 tox|[from] psn
|-damage|p2a: Clodsire|94/100 brn|[from] brn
|upkeep
|turn|3
|
|t:|1757917956
|move|p1a: Dragapult|Hex|p2a: Clodsire
|-damage|p2a: Clodsire|63/100 brn
|move|p2a: Clodsire|Stealth Rock|p1a: Dragapult
|-sidestart|p1: TestAccount619|move: Stealth Rock
|
|-heal|p2a: Clodsire|69/100 brn|[from] item: Black Sludge
|-damage|p1a: Dragapult|83/100 tox|[from] psn
|-damage|p2a: Clodsire|63/100 brn|[from] brn
|upkeep
|turn|4
|
|t:|1757917966
|move|p1a: Dragapult|Hex|p2a: Clodsire
|-damage|p2a: Clodsire|33/100 brn
|move|p2a: Clodsire|Recover|p2a: Clodsire
|-heal|p2a: Clodsire|83/100 brn
|
|-heal|p2a: Clodsire|90/100 brn|[from] item: Black Sludge
|-damage|p1a: Dragapult|65/100 tox|[from] psn
|-damage|p2a: Clodsire|83/100 brn|[from] brn
|upkeep
|turn|5
|
|t:|1757917978
|switch|p2a: Farigiraf|Farigiraf, F|100/100
|move|p1a: Dragapult|U-turn|p2a: Farigiraf
|-supereffective|p2a: Farigiraf
|-damage|p2a: Farigiraf|76/100
|-damage|p1a: Dragapult|48/100 tox|[from] item: Rocky Helmet|[of] p2a: Farigiraf
|
|t:|1757917984
|switch|p1a: Fezandipiti|Fezandipiti, M|89/100|[from] U-turn
|
|upkeep
|turn|6
|
|t:|1757917998
|-terastallize|p1a: Fezandipiti|Dark
|move|p1a: Fezandipiti|Beat Up|p2a: Farigiraf
|-supereffective|p2a: Farigiraf
|-damage|p2a: Farigiraf|69/100
|-supereffective|p2a: Farigiraf
|-damage|p2a: Farigiraf|63/100
|-supereffective|p2a: Farigiraf
|-damage|p2a: Farigiraf|56/100
|-status|p2a: Farigiraf|tox|[from] ability: Toxic Chain|[of] p1a: Fezandipiti
|-supereffective|p2a: Farigiraf
|-damage|p2a: Farigiraf|49/100 tox
|-supereffective|p2a: Farigiraf
|-damage|p2a: Farigiraf|41/100 tox
|-hitcount|p2a: Farigiraf|5
|move|p2a: Farigiraf|Trick Room|p2a: Farigiraf
|-fieldstart|move: Trick Room|[of] p2a: Farigiraf
|
|-damage|p2a: Farigiraf|35/100 tox|[from] psn
|upkeep
|turn|7
|
|t:|1757918015
|move|p2a: Farigiraf|Endeavor|p1a: Fezandipiti
|-damage|p1a: Fezandipiti|40/100
|move|p1a: Fezandipiti|U-turn|p2a: Farigiraf
|-supereffective|p2a: Farigiraf
|-damage|p2a: Farigiraf|16/100 tox
|-damage|p1a: Fezandipiti|24/100|[from] item: Rocky Helmet|[of] p2a: Farigiraf
|
|t:|1757918026
|switch|p1a: Cinderace|Cinderace, M|100/100|[from] U-turn
|
|-damage|p2a: Farigiraf|3/100 tox|[from] psn
|upkeep
|turn|8
|
|t:|1757918032
|move|p1a: Cinderace|Sucker Punch||[still]
|cant|p2a: Farigiraf|ability: Armor Tail|Sucker Punch|[of] p1a: Cinderace
|move|p2a: Farigiraf|Endeavor|p1a: Cinderace
|-damage|p1a: Cinderace|5/100
|
|-damage|p2a: Farigiraf|0 fnt|[from] psn
|faint|p2a: Farigiraf
|upkeep
|
|t:|1757918046
|switch|p2a: Meowscarada|Meowscarada, M|100/100
|turn|9
|
|t:|1757918054
|switch|p2a: Raging Bolt|Raging Bolt|100/100
|move|p1a: Cinderace|U-turn|p2a: Raging Bolt
|-start|p1a: Cinderace|typechange|Bug|[from] ability: Libero
|-damage|p2a: Raging Bolt|66/100
|
|t:|1757918063
|switch|p1a: Magnezone|Magnezone|100/100|[from] U-turn
|-damage|p1a: Magnezone|94/100|[from] Stealth Rock
|
|-heal|p2a: Raging Bolt|72/100|[from] item: Leftovers
|upkeep
|turn|10
|
|t:|1757918076
|-end|p2a: Raging Bolt|Protosynthesis|[silent]
|switch|p2a: Clodsire|Clodsire, F|83/100 brn
|move|p1a: Magnezone|Flash Cannon|p2a: Clodsire
|-damage|p2a: Clodsire|66/100 brn
|
|-heal|p2a: Clodsire|73/100 brn|[from] item: Black Sludge
|-damage|p2a: Clodsire|66/100 brn|[from] brn
|-fieldend|move: Trick Room
|upkeep
|turn|11
|
|t:|1757918089
|switch|p1a: Zapdos|Zapdos, shiny|100/100
|move|p2a: Clodsire|Recover|p2a: Clodsire
|-heal|p2a: Clodsire|100/100 brn
|
|-damage|p2a: Clodsire|94/100 brn|[from] brn
|upkeep
|turn|12
|
|t:|1757918098
|move|p1a: Zapdos|Heat Wave|p2a: Clodsire
|-damage|p2a: Clodsire|79/100 brn
|move|p2a: Clodsire|Toxic|p1a: Zapdos
|-status|p1a: Zapdos|tox
|
|-heal|p2a: Clodsire|85/100 brn|[from] item: Black Sludge
|-damage|p1a: Zapdos|94/100 tox|[from] psn
|-damage|p2a: Clodsire|79/100 brn|[from] brn
|upkeep
|turn|13
|
|t:|1757918115
|move|p1a: Zapdos|Heat Wave|p2a: Clodsire
|-damage|p2a: Clodsire|66/100 brn
|move|p2a: Clodsire|Earth Power|p1a: Zapdos
|-immune|p1a: Zapdos
|
|-heal|p2a: Clodsire|72/100 brn|[from] item: Black Sludge
|-damage|p1a: Zapdos|82/100 tox|[from] psn
|-damage|p2a: Clodsire|66/100 brn|[from] brn
|upkeep
|turn|14
|
|t:|1757918136
|switch|p1a: Dragapult|Dragapult, M|48/100 tox
|move|p2a: Clodsire|Recover|p2a: Clodsire
|-heal|p2a: Clodsire|100/100 brn
|
|-damage|p1a: Dragapult|42/100 tox|[from] psn
|-damage|p2a: Clodsire|94/100 brn|[from] brn
|upkeep
|turn|15
|
|t:|1757918146
|move|p1a: Dragapult|Hex|p2a: Clodsire
|-damage|p2a: Clodsire|67/100 brn
|move|p2a: Clodsire|Earth Power|p1a: Dragapult
|-damage|p1a: Dragapult|18/100 tox
|
|-heal|p2a: Clodsire|73/100 brn|[from] item: Black Sludge
|-damage|p1a: Dragapult|6/100 tox|[from] psn
|-damage|p2a: Clodsire|67/100 brn|[from] brn
|upkeep
|turn|16
|
|t:|1757918158
|move|p1a: Dragapult|Hex|p2a: Clodsire
|-damage|p2a: Clodsire|36/100 brn
|move|p2a: Clodsire|Recover|p2a: Clodsire
|-heal|p2a: Clodsire|86/100 brn
|
|-heal|p2a: Clodsire|93/100 brn|[from] item: Black Sludge
|-damage|p1a: Dragapult|0 fnt|[from] psn
|faint|p1a: Dragapult
|-damage|p2a: Clodsire|86/100 brn|[from] brn
|upkeep
|
|t:|1757918163
|switch|p1a: Iron Valiant|Iron Valiant|100/100
|-damage|p1a: Iron Valiant|94/100|[from] Stealth Rock
|-enditem|p1a: Iron Valiant|Booster Energy
|-activate|p1a: Iron Valiant|ability: Quark Drive|[fromitem]
|-start|p1a: Iron Valiant|quarkdrivespe
|turn|17
|
|t:|1757918184
|switch|p2a: Meowscarada|Meowscarada, M|100/100
|move|p1a: Iron Valiant|Swords Dance|p1a: Iron Valiant
|-boost|p1a: Iron Valiant|atk|2
|
|upkeep
|turn|18
|
|t:|1757918195
|move|p2a: Meowscarada|Flower Trick|p1a: Iron Valiant
|-start|p2a: Meowscarada|typechange|Grass|[from] ability: Protean
|-crit|p1a: Iron Valiant
|-damage|p1a: Iron Valiant|28/100
|move|p1a: Iron Valiant|Spirit Break|p2a: Meowscarada
|-damage|p2a: Meowscarada|0 fnt
|faint|p2a: Meowscarada
|
|upkeep
|inactive|xw haha has 120 seconds left.
|
|t:|1757918211
|switch|p2a: Raging Bolt|Raging Bolt|72/100
|turn|19
|
|t:|1757918215
|move|p2a: Raging Bolt|Thunderclap|p1a: Iron Valiant
|-damage|p1a: Iron Valiant|0 fnt
|faint|p1a: Iron Valiant
|-end|p1a: Iron Valiant|Quark Drive|[silent]
|
|-heal|p2a: Raging Bolt|78/100|[from] item: Leftovers
|upkeep
|
|t:|1757918226
|switch|p1a: Fezandipiti|Fezandipiti, M, tera:Dark|24/100
|turn|20
|
|t:|1757918230
|move|p2a: Raging Bolt|Thunderclap||[still]
|-fail|p2a: Raging Bolt
|move|p1a: Fezandipiti|Roost|p1a: Fezandipiti
|-heal|p1a: Fezandipiti|74/100
|
|-heal|p2a: Raging Bolt|84/100|[from] item: Leftovers
|upkeep
|turn|21
|
|t:|1757918243
|-end|p2a: Raging Bolt|Protosynthesis|[silent]
|switch|p2a: Hatterene|Hatterene, F|100/100
|move|p1a: Fezandipiti|Beat Up|p2a: Hatterene
|-damage|p2a: Hatterene|95/100
|-damage|p2a: Hatterene|90/100
|-damage|p2a: Hatterene|85/100
|-status|p2a: Hatterene|tox|[from] ability: Toxic Chain|[of] p1a: Fezandipiti
|-hitcount|p2a: Hatterene|3
|
|-damage|p2a: Hatterene|79/100 tox|[from] psn
|upkeep
|turn|22
|
|t:|1757918257
|switch|p1a: Magnezone|Magnezone|94/100
|-damage|p1a: Magnezone|88/100|[from] Stealth Rock
|move|p2a: Hatterene|Psychic|p1a: Magnezone
|-resisted|p1a: Magnezone
|-damage|p1a: Magnezone|68/100
|
|-damage|p2a: Hatterene|67/100 tox|[from] psn
|upkeep
|turn|23
|
|t:|1757918267
|switch|p2a: Clodsire|Clodsire, F|86/100 brn
|move|p1a: Magnezone|Flash Cannon|p2a: Clodsire
|-damage|p2a: Clodsire|69/100 brn
|
|-heal|p2a: Clodsire|75/100 brn|[from] item: Black Sludge
|-damage|p2a: Clodsire|69/100 brn|[from] brn
|upkeep
|turn|24
|
|t:|1757918281
|switch|p1a: Zapdos|Zapdos, shiny|82/100 tox
|move|p2a: Clodsire|Toxic|p1a: Zapdos
|-fail|p1a: Zapdos|tox
|
|-heal|p2a: Clodsire|75/100 brn|[from] item: Black Sludge
|-damage|p1a: Zapdos|75/100 tox|[from] psn
|-damage|p2a: Clodsire|69/100 brn|[from] brn
|upkeep
|turn|25
|
|t:|1757918292
|move|p1a: Zapdos|Heat Wave|p2a: Clodsire
|-damage|p2a: Clodsire|56/100 brn
|move|p2a: Clodsire|Earth Power|p1a: Zapdos
|-immune|p1a: Zapdos
|
|-heal|p2a: Clodsire|62/100 brn|[from] item: Black Sludge
|-damage|p1a: Zapdos|63/100 tox|[from] psn
|-damage|p2a: Clodsire|56/100 brn|[from] brn
|upkeep
|turn|26
|
|t:|1757918303
|move|p1a: Zapdos|Heat Wave|p2a: Clodsire
|-damage|p2a: Clodsire|43/100 brn
|move|p2a: Clodsire|Toxic|p1a: Zapdos
|-fail|p1a: Zapdos|tox
|
|-heal|p2a: Clodsire|49/100 brn|[from] item: Black Sludge
|-damage|p1a: Zapdos|44/100 tox|[from] psn
|-damage|p2a: Clodsire|43/100 brn|[from] brn
|upkeep
|turn|27
|
|t:|1757918313
|move|p1a: Zapdos|Roost|p1a: Zapdos
|-heal|p1a: Zapdos|94/100 tox
|-singleturn|p1a: Zapdos|move: Roost
|move|p2a: Clodsire|Recover|p2a: Clodsire
|-heal|p2a: Clodsire|93/100 brn
|
|-heal|p2a: Clodsire|99/100 brn|[from] item: Black Sludge
|-damage|p1a: Zapdos|69/100 tox|[from] psn
|-damage|p2a: Clodsire|93/100 brn|[from] brn
|upkeep
|turn|28
|
|t:|1757918330
|switch|p1a: Fezandipiti|Fezandipiti, M, tera:Dark|74/100
|move|p2a: Clodsire|Earth Power|p1a: Fezandipiti
|-damage|p1a: Fezandipiti|64/100
|
|-heal|p2a: Clodsire|99/100 brn|[from] item: Black Sludge
|-damage|p2a: Clodsire|93/100 brn|[from] brn
|upkeep
|turn|29
|
|t:|1757918344
|move|p1a: Fezandipiti|Beat Up|p2a: Clodsire
|-damage|p2a: Clodsire|88/100 brn
|-damage|p2a: Clodsire|82/100 brn
|-damage|p2a: Clodsire|77/100 brn
|-hitcount|p2a: Clodsire|3
|move|p2a: Clodsire|Toxic|p1a: Fezandipiti
|-status|p1a: Fezandipiti|tox
|
|-heal|p2a: Clodsire|83/100 brn|[from] item: Black Sludge
|-damage|p1a: Fezandipiti|58/100 tox|[from] psn
|-damage|p2a: Clodsire|77/100 brn|[from] brn
|upkeep
|turn|30
|
|t:|1757918358
|switch|p2a: Hatterene|Hatterene, F|67/100 tox
|move|p1a: Fezandipiti|Beat Up|p2a: Hatterene
|-damage|p2a: Hatterene|62/100 tox
|-damage|p2a: Hatterene|56/100 tox
|-damage|p2a: Hatterene|51/100 tox
|-hitcount|p2a: Hatterene|3
|
|-damage|p1a: Fezandipiti|46/100 tox|[from] psn
|-damage|p2a: Hatterene|45/100 tox|[from] psn
|upkeep
|-enditem|p2a: Hatterene|Sitrus Berry|[eat]
|-heal|p2a: Hatterene|70/100 tox|[from] item: Sitrus Berry
|turn|31
|
|t:|1757918374
|move|p1a: Fezandipiti|U-turn|p2a: Hatterene
|-damage|p2a: Hatterene|55/100 tox
|
|t:|1757918377
|switch|p1a: Magnezone|Magnezone|68/100|[from] U-turn
|-damage|p1a: Magnezone|62/100|[from] Stealth Rock
|move|p2a: Hatterene|Dazzling Gleam|p1a: Magnezone
|-resisted|p1a: Magnezone
|-damage|p1a: Magnezone|44/100
|
|-damage|p2a: Hatterene|43/100 tox|[from] psn
|upkeep
|turn|32
|
|t:|1757918388
|switch|p2a: Clodsire|Clodsire, F|77/100 brn
|move|p1a: Magnezone|Flash Cannon|p2a: Clodsire
|-damage|p2a: Clodsire|60/100 brn
|
|-heal|p2a: Clodsire|66/100 brn|[from] item: Black Sludge
|-damage|p2a: Clodsire|60/100 brn|[from] brn
|upkeep
|turn|33
|
|t:|1757918399
|switch|p1a: Cinderace|Cinderace, M|5/100
|move|p2a: Clodsire|Earth Power|p1a: Cinderace
|-supereffective|p1a: Cinderace
|-damage|p1a: Cinderace|0 fnt
|faint|p1a: Cinderace
|
|-heal|p2a: Clodsire|66/100 brn|[from] item: Black Sludge
|-damage|p2a: Clodsire|60/100 brn|[from] brn
|upkeep
|-message|TestAccount619 forfeited.
|
|win|xw haha
|raw|TestAccount619's rating: 1208 &rarr; <strong>1184</strong><br />(-24 for losing)
|raw|xw haha's rating: 1226 &rarr; <strong>1250</strong><br />(+24 for winning)
|l|☆TestAccount619
|player|p1|
|l|☆xw haha
|player|p2|
