|j|☆Danxsh17
|j|☆intelPearl
|t:|1757829586
|gametype|singles
|player|p1|Danxsh17|blue|1521
|player|p2|intelPearl|bellelba|1582
|gen|9
|tier|[Gen 9] OU
|rated|
|rule|HP Percentage Mod: HP is shown in percentages
|rule|Endless Battle Clause: Forcing endless battles is banned
|rule|Species Clause: Limit one of each Pokémon
|rule|OHKO Clause: OHKO moves are banned
|rule|Evasion Items Clause: Evasion items are banned
|rule|Evasion Moves Clause: Evasion moves are banned
|rule|Evasion Abilities Clause: Evasion abilities are banned
|rule|Sleep Moves Clause: Sleep-inducing moves are banned
|clearpoke
|poke|p1|Zapdos|
|poke|p1|Raging Bolt|
|poke|p1|Arcanine-Hisui, F|
|poke|p1|Hatterene, F|
|poke|p1|Ogerpon-Wellspring, F|
|poke|p1|Moltres|
|poke|p2|Enamorus, F|
|poke|p2|Samurott-Hisui, M|
|poke|p2|Alomomola, M|
|poke|p2|Primarina, F|
|poke|p2|Kyurem|
|poke|p2|Great Tusk|
|teampreview
|inactive|Battle timer is ON: inactive players will automatically lose when time's up. (requested by Danxsh17)
|
|t:|1757829598
|teamsize|p1|6
|teamsize|p2|6
|start
|switch|p1a: Ogerpon|Ogerpon-Wellspring, F|100/100
|switch|p2a: Samurott|Samurott-Hisui, M|100/100
|turn|1
|
|t:|1757829600
|move|p1a: Ogerpon|Trailblaze|p2a: Samurott
|-supereffective|p2a: Samurott
|-damage|p2a: Samurott|29/100
|-boost|p1a: Ogerpon|spe|1
|move|p2a: Samurott|Ceaseless Edge|p1a: Ogerpon
|-damage|p1a: Ogerpon|46/100
|-sidestart|p1: Danxsh17|Spikes
|
|upkeep
|turn|2
|
|t:|1757829619
|move|p2a: Samurott|Sucker Punch|p1a: Ogerpon
|-damage|p1a: Ogerpon|6/100
|move|p1a: Ogerpon|Trailblaze|p2a: Samurott
|-supereffective|p2a: Samurott
|-damage|p2a: Samurott|0 fnt
|-boost|p1a: Ogerpon|spe|1
|faint|p2a: Samurott
|
|upkeep
|
|t:|1757829629
|switch|p2a: Kyurem|Kyurem|100/100
|-ability|p2a: Kyurem|Pressure
|turn|3
|
|t:|1757829632
|move|p1a: Ogerpon|Ivy Cudgel|p2a: Kyurem|[anim] Ivy Cudgel Water
|-resisted|p2a: Kyurem
|-damage|p2a: Kyurem|68/100
|move|p2a: Kyurem|Icicle Spear|p1a: Ogerpon
|-damage|p1a: Ogerpon|0 fnt
|faint|p1a: Ogerpon
|-hitcount|p1: Ogerpon|1
|
|upkeep
|
|t:|1757829645
|switch|p1a: Arcanine|Arcanine-Hisui, F|100/100
|-damage|p1a: Arcanine|88/100|[from] Spikes
|turn|4
|
|t:|1757829650
|switch|p2a: Alomomola|Alomomola, M|100/100
|move|p1a: Arcanine|Stealth Rock|p2a: Alomomola
|-sidestart|p2: intelPearl|move: Stealth Rock
|
|upkeep
|turn|5
|
|t:|1757829658
|switch|p1a: Zapdos|Zapdos|100/100
|move|p2a: Alomomola|Flip Turn|p1a: Zapdos
|-damage|p1a: Zapdos|79/100
|
|t:|1757829671
|switch|p2a: Kyurem|Kyurem|68/100|[from] Flip Turn
|-damage|p2a: Kyurem|43/100|[from] Stealth Rock
|-ability|p2a: Kyurem|Pressure
|
|upkeep
|turn|6
|
|t:|1757829678
|switch|p1a: Moltres|Moltres|100/100
|move|p2a: Kyurem|Dragon Dance|p2a: Kyurem
|-boost|p2a: Kyurem|atk|1
|-boost|p2a: Kyurem|spe|1
|
|upkeep
|turn|7
|
|t:|1757829681
|move|p2a: Kyurem|Icicle Spear|p1a: Moltres
|-damage|p1a: Moltres|79/100
|-damage|p1a: Moltres|57/100
|-damage|p1a: Moltres|36/100
|-damage|p1a: Moltres|16/100
|-hitcount|p1a: Moltres|4
|move|p1a: Moltres|Will-O-Wisp|p2a: Kyurem
|-status|p2a: Kyurem|brn
|
|-damage|p2a: Kyurem|37/100 brn|[from] brn
|upkeep
|turn|8
|
|t:|1757829689
|move|p2a: Kyurem|Icicle Spear|p1a: Moltres
|-damage|p1a: Moltres|5/100
|-damage|p1a: Moltres|0 fnt
|faint|p1a: Moltres
|-hitcount|p1: Moltres|2
|
|-damage|p2a: Kyurem|31/100 brn|[from] brn
|upkeep
|
|t:|1757829695
|switch|p1a: Arcanine|Arcanine-Hisui, F|88/100
|-damage|p1a: Arcanine|76/100|[from] Spikes
|turn|9
|
|t:|1757829697
|move|p1a: Arcanine|Extreme Speed|p2a: Kyurem
|-damage|p2a: Kyurem|0 fnt
|faint|p2a: Kyurem
|
|upkeep
|
|t:|1757829699
|switch|p2a: Great Tusk|Great Tusk|100/100
|turn|10
|
|t:|1757829702
|switch|p1a: Zapdos|Zapdos|79/100
|move|p2a: Great Tusk|Rapid Spin|p1a: Zapdos
|-damage|p1a: Zapdos|57/100
|-boost|p2a: Great Tusk|spe|1
|-sideend|p2: intelPearl|Stealth Rock|[from] move: Rapid Spin|[of] p2a: Great Tusk
|
|upkeep
|turn|11
|
|t:|1757829710
|move|p2a: Great Tusk|Ice Spinner|p1a: Zapdos
|-supereffective|p1a: Zapdos
|-damage|p1a: Zapdos|0 fnt
|-status|p2a: Great Tusk|par|[from] ability: Static|[of] p1a: Zapdos
|faint|p1a: Zapdos
|
|upkeep
|
|t:|1757829715
|switch|p1a: Hatterene|Hatterene, F|100/100
|-damage|p1a: Hatterene|88/100|[from] Spikes
|turn|12
|
|t:|1757829720
|move|p2a: Great Tusk|Headlong Rush|p1a: Hatterene
|-damage|p1a: Hatterene|34/100
|-unboost|p2a: Great Tusk|def|1
|-unboost|p2a: Great Tusk|spd|1
|-damage|p2a: Great Tusk|84/100 par|[from] item: Rocky Helmet|[of] p1a: Hatterene
|move|p1a: Hatterene|Calm Mind|p1a: Hatterene
|-boost|p1a: Hatterene|spa|1
|-boost|p1a: Hatterene|spd|1
|
|upkeep
|turn|13
|
|t:|1757829723
|move|p2a: Great Tusk|Headlong Rush|p1a: Hatterene
|-damage|p1a: Hatterene|0 fnt
|-unboost|p2a: Great Tusk|def|1
|-unboost|p2a: Great Tusk|spd|1
|-damage|p2a: Great Tusk|68/100 par|[from] item: Rocky Helmet|[of] p1a: Hatterene
|faint|p1a: Hatterene
|
|upkeep
|
|t:|1757829729
|switch|p1a: Raging Bolt|Raging Bolt|100/100
|-damage|p1a: Raging Bolt|88/100|[from] Spikes
|-enditem|p1a: Raging Bolt|Booster Energy
|-activate|p1a: Raging Bolt|ability: Protosynthesis|[fromitem]
|-start|p1a: Raging Bolt|protosynthesisspa
|turn|14
|
|t:|1757829735
|-terastallize|p1a: Raging Bolt|Flying
|move|p2a: Great Tusk|Headlong Rush|p1a: Raging Bolt
|-immune|p1a: Raging Bolt
|move|p1a: Raging Bolt|Calm Mind|p1a: Raging Bolt
|-boost|p1a: Raging Bolt|spa|1
|-boost|p1a: Raging Bolt|spd|1
|
|upkeep
|turn|15
|
|t:|1757829739
|move|p2a: Great Tusk|Ice Spinner|p1a: Raging Bolt
|-supereffective|p1a: Raging Bolt
|-damage|p1a: Raging Bolt|41/100
|move|p1a: Raging Bolt|Dragon Pulse|p2a: Great Tusk
|-damage|p2a: Great Tusk|0 fnt
|faint|p2a: Great Tusk
|-end|p2a: Great Tusk|Protosynthesis|[silent]
|
|upkeep
|
|t:|1757829755
|switch|p2a: Primarina|Primarina, F|100/100
|turn|16
|
|t:|1757829761
|move|p1a: Raging Bolt|Thunderbolt|p2a: Primarina
|-supereffective|p2a: Primarina
|-damage|p2a: Primarina|0 fnt
|faint|p2a: Primarina
|
|upkeep
|
|t:|1757829763
|switch|p2a: Enamorus|Enamorus, F|100/100
|turn|17
|
|t:|1757829765
|-terastallize|p2a: Enamorus|Ground
|move|p1a: Raging Bolt|Thunderclap|p2a: Enamorus
|-immune|p2a: Enamorus
|move|p2a: Enamorus|Moonblast|p1a: Raging Bolt
|-damage|p1a: Raging Bolt|13/100
|-unboost|p1a: Raging Bolt|spa|1
|
|upkeep
|turn|18
|
|t:|1757829769
|move|p2a: Enamorus|Moonblast|p1a: Raging Bolt
|-damage|p1a: Raging Bolt|0 fnt
|faint|p1a: Raging Bolt
|-end|p1a: Raging Bolt|Protosynthesis|[silent]
|
|upkeep
|
|t:|1757829771
|switch|p1a: Arcanine|Arcanine-Hisui, F|76/100
|-damage|p1a: Arcanine|63/100|[from] Spikes
|turn|19
|
|t:|1757829775
|move|p2a: Enamorus|Moonblast|p1a: Arcanine
|-resisted|p1a: Arcanine
|-damage|p1a: Arcanine|29/100
|move|p1a: Arcanine|Head Smash|p2a: Enamorus
|-resisted|p2a: Enamorus
|-damage|p2a: Enamorus|13/100
|
|upkeep
|turn|20
|
|t:|1757829777
|move|p2a: Enamorus|Moonblast|p1a: Arcanine
|-resisted|p1a: Arcanine
|-damage|p1a: Arcanine|0 fnt
|faint|p1a: Arcanine
|
|win|intelPearl
|raw|Danxsh17's rating: 1521 &rarr; <strong>1504</strong><br />(-17 for losing)
|raw|intelPearl's rating: 1582 &rarr; <strong>1599</strong><br />(+17 for winning)
|l|☆intelPearl
|player|p2|
|l|☆Danxsh17
|player|p1|
