|j|☆ThatBrownBoy
|j|☆berioost
|t:|1757786819
|gametype|singles
|player|p1|ThatBrownBoy|2|1291
|player|p2|berioost|hugh|1253
|gen|9
|tier|[Gen 9] OU
|rated|
|rule|HP Percentage Mod: HP is shown in percentages
|rule|Endless Battle Clause: Forcing endless battles is banned
|rule|Species Clause: Limit one of each Pokémon
|rule|OHKO Clause: OHKO moves are banned
|rule|Evasion Items Clause: Evasion items are banned
|rule|Evasion Moves Clause: Evasion moves are banned
|rule|Evasion Abilities Clause: Evasion abilities are banned
|rule|Sleep Moves Clause: Sleep-inducing moves are banned
|clearpoke
|poke|p1|Ambipom, F|
|poke|p1|Grimmsnarl, M|
|poke|p1|Ursaluna, F|
|poke|p1|Dragonite, M|
|poke|p1|Zoroark-Hisui, M|
|poke|p1|Corviknight, M|
|poke|p2|Blaziken, M|
|poke|p2|Greninja-*, M|
|poke|p2|Flygon, M|
|poke|p2|Jolteon, F|
|poke|p2|Ceruledge, F|
|poke|p2|Scizor, M|
|teampreview
|inactive|Battle timer is ON: inactive players will automatically lose when time's up. (requested by ThatBrownBoy)
|inactive|ThatBrownBoy has 120 seconds left.
|inactive|ThatBrownBoy has 90 seconds left.
|inactive|ThatBrownBoy has 60 seconds left.
|c|☆berioost|Lets go bitch
|
|t:|1757786931
|teamsize|p1|6
|teamsize|p2|6
|start
|switch|p1a: Ursaluna|Ursaluna, F, shiny|100/100
|switch|p2a: Greninja|Greninja, M|100/100
|turn|1
|
|t:|1757786945
|switch|p1a: Corviknight|Corviknight, M|100/100
|-ability|p1a: Corviknight|Pressure
|move|p2a: Greninja|Ice Beam|p1a: Corviknight
|-damage|p1a: Corviknight|74/100
|
|upkeep
|turn|2
|
|t:|1757786955
|move|p2a: Greninja|Dark Pulse|p1a: Corviknight
|-damage|p1a: Corviknight|35/100
|move|p1a: Corviknight|U-turn|p2a: Greninja
|-supereffective|p2a: Greninja
|-damage|p2a: Greninja|51/100
|
|t:|1757786980
|switch|p1a: Ambipom|Ambipom, F, shiny|100/100|[from] U-turn
|
|upkeep
|turn|3
|
|t:|1757786987
|-terastallize|p1a: Ambipom|Normal
|move|p1a: Ambipom|Fake Out|p2a: Greninja
|-damage|p2a: Greninja|0 fnt
|faint|p2a: Greninja
|
|upkeep
|
|t:|1757786999
|switch|p2a: Blaziken|Blaziken, M|100/100
|turn|4
|inactive|ThatBrownBoy has 120 seconds left.
|
|t:|1757787004
|switch|p1a: Grimmsnarl|Grimmsnarl, M, shiny|100/100
|move|p2a: Blaziken|Swords Dance|p2a: Blaziken
|-boost|p2a: Blaziken|atk|2
|
|-ability|p2a: Blaziken|Speed Boost|boost
|-boost|p2a: Blaziken|spe|1
|upkeep
|turn|5
|
|t:|1757787015
|move|p1a: Grimmsnarl|Fake Out|p2a: Blaziken
|-damage|p2a: Blaziken|79/100
|cant|p2a: Blaziken|flinch
|
|-heal|p2a: Blaziken|85/100|[from] item: Leftovers
|-ability|p2a: Blaziken|Speed Boost|boost
|-boost|p2a: Blaziken|spe|1
|upkeep
|turn|6
|
|t:|1757787024
|move|p1a: Grimmsnarl|Thunder Wave|p2a: Blaziken|[miss]
|-miss|p1a: Grimmsnarl|p2a: Blaziken
|move|p2a: Blaziken|Close Combat|p1a: Grimmsnarl
|-damage|p1a: Grimmsnarl|0 fnt
|-unboost|p2a: Blaziken|def|1
|-unboost|p2a: Blaziken|spd|1
|faint|p1a: Grimmsnarl
|
|-heal|p2a: Blaziken|91/100|[from] item: Leftovers
|-ability|p2a: Blaziken|Speed Boost|boost
|-boost|p2a: Blaziken|spe|1
|upkeep
|
|t:|1757787031
|switch|p1a: Ambipom|Ambipom, F, shiny, tera:Normal|100/100
|turn|7
|
|t:|1757787040
|move|p1a: Ambipom|Fake Out|p2a: Blaziken
|-damage|p2a: Blaziken|0 fnt
|faint|p2a: Blaziken
|
|upkeep
|
|t:|1757787057
|switch|p2a: Jolteon|Jolteon, F|100/100
|turn|8
|
|t:|1757787063
|move|p1a: Ambipom|U-turn|p2a: Jolteon
|-damage|p2a: Jolteon|65/100
|
|t:|1757787065
|switch|p1a: Ursaluna|Ursaluna, F, shiny|100/100|[from] U-turn
|move|p2a: Jolteon|Discharge|p1a: Ursaluna
|-immune|p1a: Ursaluna
|
|-status|p1a: Ursaluna|brn|[from] item: Flame Orb
|upkeep
|turn|9
|
|t:|1757787081
|switch|p2a: Flygon|Flygon, M|100/100
|move|p1a: Ursaluna|Headlong Rush|p2a: Flygon
|-immune|p2a: Flygon|[from] ability: Levitate
|
|-damage|p1a: Ursaluna|94/100 brn|[from] brn
|upkeep
|turn|10
|
|t:|1757787092
|move|p2a: Flygon|Dragon Dance|p2a: Flygon
|-boost|p2a: Flygon|atk|1
|-boost|p2a: Flygon|spe|1
|move|p1a: Ursaluna|Facade|p2a: Flygon
|-damage|p2a: Flygon|0 fnt
|faint|p2a: Flygon
|
|-damage|p1a: Ursaluna|88/100 brn|[from] brn
|upkeep
|inactive|berioost has 120 seconds left.
|n|!berioost|berioost
|c|☆ThatBrownBoy|ceruledge got focus sash?
|
|t:|1757787134
|switch|p2a: Scizor|Scizor, M|100/100
|turn|11
|
|t:|1757787140
|move|p2a: Scizor|Swords Dance|p2a: Scizor
|-boost|p2a: Scizor|atk|2
|move|p1a: Ursaluna|Fire Punch|p2a: Scizor
|-supereffective|p2a: Scizor
|-enditem|p2a: Scizor|Occa Berry|[eat]
|-enditem|p2a: Scizor|Occa Berry|[weaken]
|-damage|p2a: Scizor|0 fnt
|faint|p2a: Scizor
|
|-damage|p1a: Ursaluna|82/100 brn|[from] brn
|upkeep
|
|t:|1757787151
|switch|p2a: Jolteon|Jolteon, F|65/100
|turn|12
|
|t:|1757787161
|-terastallize|p2a: Jolteon|Flying
|move|p2a: Jolteon|Alluring Voice|p1a: Ursaluna
|-damage|p1a: Ursaluna|59/100 brn
|move|p1a: Ursaluna|Facade|p2a: Jolteon
|-damage|p2a: Jolteon|0 fnt
|faint|p2a: Jolteon
|
|-damage|p1a: Ursaluna|53/100 brn|[from] brn
|upkeep
|
|t:|1757787178
|switch|p2a: Ceruledge|Ceruledge, F|100/100
|turn|13
|c|☆ThatBrownBoy|focus sash?
|inactive|ThatBrownBoy has 120 seconds left.
|inactive|ThatBrownBoy has 90 seconds left.
|c|☆ThatBrownBoy|you made the team yourself?
|inactive|ThatBrownBoy has 60 seconds left.
|
|t:|1757787270
|move|p2a: Ceruledge|Bitter Blade|p1a: Ursaluna
|-damage|p1a: Ursaluna|22/100 brn
|move|p1a: Ursaluna|Headlong Rush|p2a: Ceruledge
|-supereffective|p2a: Ceruledge
|-damage|p2a: Ceruledge|0 fnt
|-unboost|p1a: Ursaluna|def|1
|-unboost|p1a: Ursaluna|spd|1
|faint|p2a: Ceruledge
|
|win|ThatBrownBoy
|raw|ThatBrownBoy's rating: 1291 &rarr; <strong>1313</strong><br />(+22 for winning)
|raw|berioost's rating: 1253 &rarr; <strong>1231</strong><br />(-22 for losing)
|c|☆ThatBrownBoy|gg
|l|!berioost
|player|p2|
|j|!berioost
|player|p2|berioost|hugh|
|l|!berioost
|player|p2|
