|j|☆ilytrix
|j|☆JamieIsOver
|t:|1757829212
|gametype|singles
|player|p1|ilytrix|n-masters|1530
|player|p2|JamieIsOver|265|1487
|gen|9
|tier|[Gen 9] OU
|rated|
|rule|HP Percentage Mod: HP is shown in percentages
|rule|Endless Battle Clause: Forcing endless battles is banned
|rule|Species Clause: Limit one of each Pokémon
|rule|OHKO Clause: OHKO moves are banned
|rule|Evasion Items Clause: Evasion items are banned
|rule|Evasion Moves Clause: Evasion moves are banned
|rule|Evasion Abilities Clause: Evasion abilities are banned
|rule|Sleep Moves Clause: Sleep-inducing moves are banned
|clearpoke
|poke|p1|Ceruledge, F|
|poke|p1|Raging Bolt|
|poke|p1|Latias, F|
|poke|p1|Kyurem|
|poke|p1|Ninetales-Alola, F|
|poke|p1|Iron Moth|
|poke|p2|Slowking-Galar, F|
|poke|p2|Primarina, M|
|poke|p2|Great Tusk|
|poke|p2|Gholdengo|
|poke|p2|Cinderace, F|
|poke|p2|Hydrapple, F|
|teampreview
|
|t:|1757829222
|teamsize|p1|6
|teamsize|p2|6
|start
|switch|p1a: bury the light|Ceruledge, F|100/100
|switch|p2a: Cinderace|Cinderace, F|100/100
|turn|1
|
|t:|1757829230
|move|p2a: Cinderace|U-turn|p1a: bury the light
|-resisted|p1a: bury the light
|-damage|p1a: bury the light|94/100
|-ability|p1a: bury the light|Weak Armor|boost
|-unboost|p1a: bury the light|def|1
|-boost|p1a: bury the light|spe|2
|
|t:|1757829248
|switch|p2a: Hydrapple|Hydrapple, F|100/100|[from] U-turn
|move|p1a: bury the light|Swords Dance|p1a: bury the light
|-boost|p1a: bury the light|atk|2
|
|upkeep
|turn|2
|
|t:|1757829252
|move|p1a: bury the light|Bitter Blade|p2a: Hydrapple
|-damage|p2a: Hydrapple|51/100
|-heal|p1a: bury the light|100/100|[from] drain|[of] p2a: Hydrapple
|-damage|p1a: bury the light|84/100|[from] item: Rocky Helmet|[of] p2a: Hydrapple
|move|p2a: Hydrapple|Earth Power|p1a: bury the light
|-supereffective|p1a: bury the light
|-damage|p1a: bury the light|30/100
|
|upkeep
|turn|3
|
|t:|1757829264
|switch|p2a: Cinderace|Cinderace, F|100/100
|move|p1a: bury the light|Poltergeist|p2a: Cinderace
|-activate|p2a: Cinderace|move: Poltergeist|Heavy-Duty Boots
|-damage|p2a: Cinderace|0 fnt
|faint|p2a: Cinderace
|
|upkeep
|
|t:|1757829266
|switch|p2a: Hydrapple|Hydrapple, F|85/100
|turn|4
|
|t:|1757829287
|move|p1a: bury the light|Poltergeist|p2a: Hydrapple
|-activate|p2a: Hydrapple|move: Poltergeist|Rocky Helmet
|-damage|p2a: Hydrapple|23/100
|move|p2a: Hydrapple|Earth Power|p1a: bury the light
|-supereffective|p1a: bury the light
|-damage|p1a: bury the light|0 fnt
|faint|p1a: bury the light
|
|upkeep
|
|t:|1757829290
|switch|p1a: MoveMerchant|Iron Moth|100/100
|-enditem|p1a: MoveMerchant|Booster Energy
|-activate|p1a: MoveMerchant|ability: Quark Drive|[fromitem]
|-start|p1a: MoveMerchant|quarkdrivespe
|turn|5
|
|t:|1757829292
|move|p1a: MoveMerchant|Fiery Dance|p2a: Hydrapple
|-damage|p2a: Hydrapple|0 fnt
|faint|p2a: Hydrapple
|
|upkeep
|
|t:|1757829295
|switch|p2a: Primarina|Primarina, M|100/100
|turn|6
|
|t:|1757829300
|move|p1a: MoveMerchant|Sludge Wave|p2a: Primarina
|-supereffective|p2a: Primarina
|-damage|p2a: Primarina|7/100
|move|p2a: Primarina|Psychic Noise|p1a: MoveMerchant
|-supereffective|p1a: MoveMerchant
|-damage|p1a: MoveMerchant|0 fnt
|faint|p1a: MoveMerchant
|-end|p1a: MoveMerchant|Quark Drive|[silent]
|
|upkeep
|inactive|Battle timer is ON: inactive players will automatically lose when time's up. (requested by JamieIsOver)
|
|t:|1757829305
|switch|p1a: snow bunny|Ninetales-Alola, F|100/100
|-weather|Snowscape|[from] ability: Snow Warning|[of] p1a: snow bunny
|turn|7
|
|t:|1757829307
|move|p1a: snow bunny|Aurora Veil|p1a: snow bunny
|-sidestart|p1: ilytrix|move: Aurora Veil
|move|p2a: Primarina|Psychic Noise|p1a: snow bunny
|-damage|p1a: snow bunny|64/100
|-start|p1a: snow bunny|move: Heal Block
|
|-weather|Snowscape|[upkeep]
|upkeep
|turn|8
|
|t:|1757829311
|move|p1a: snow bunny|Freeze-Dry|p2a: Primarina
|-supereffective|p2a: Primarina
|-damage|p2a: Primarina|0 fnt
|faint|p2a: Primarina
|
|-weather|Snowscape|[upkeep]
|-end|p1a: snow bunny|move: Heal Block
|upkeep
|
|t:|1757829320
|switch|p2a: Slowking|Slowking-Galar, F|100/100
|turn|9
|
|t:|1757829323
|switch|p1a: rng my ahh|Kyurem|100/100
|-ability|p1a: rng my ahh|Pressure
|move|p2a: Slowking|Sludge Bomb|p1a: rng my ahh
|-damage|p1a: rng my ahh|84/100
|
|-weather|Snowscape|[upkeep]
|upkeep
|turn|10
|
|t:|1757829327
|move|p1a: rng my ahh|Dragon Dance|p1a: rng my ahh
|-boost|p1a: rng my ahh|atk|1
|-boost|p1a: rng my ahh|spe|1
|move|p2a: Slowking|Sludge Bomb|p1a: rng my ahh
|-damage|p1a: rng my ahh|69/100
|
|-weather|Snowscape|[upkeep]
|upkeep
|turn|11
|
|t:|1757829330
|move|p1a: rng my ahh|Icicle Spear|p2a: Slowking
|-damage|p2a: Slowking|78/100
|-damage|p2a: Slowking|54/100
|-damage|p2a: Slowking|32/100
|-damage|p2a: Slowking|11/100
|-damage|p2a: Slowking|0 fnt
|faint|p2a: Slowking
|-hitcount|p2: Slowking|5
|
|-weather|none
|upkeep
|
|t:|1757829333
|switch|p2a: Great Tusk|Great Tusk|100/100
|turn|12
|
|t:|1757829337
|move|p1a: rng my ahh|Icicle Spear|p2a: Great Tusk
|-supereffective|p2a: Great Tusk
|-damage|p2a: Great Tusk|68/100
|-supereffective|p2a: Great Tusk
|-damage|p2a: Great Tusk|38/100
|-supereffective|p2a: Great Tusk
|-damage|p2a: Great Tusk|8/100
|-supereffective|p2a: Great Tusk
|-damage|p2a: Great Tusk|0 fnt
|faint|p2a: Great Tusk
|-end|p2a: Great Tusk|Protosynthesis|[silent]
|-hitcount|p2: Great Tusk|4
|
|upkeep
|
|t:|1757829341
|switch|p2a: Gholdengo|Gholdengo|100/100
|turn|13
|
|t:|1757829344
|-terastallize|p1a: rng my ahh|Fire
|move|p2a: Gholdengo|Trick|p1a: rng my ahh
|-activate|p2a: Gholdengo|move: Trick|[of] p1a: rng my ahh
|-item|p1a: rng my ahh|Choice Scarf|[from] move: Trick
|-item|p2a: Gholdengo|Loaded Dice|[from] move: Trick
|move|p1a: rng my ahh|Tera Blast|p2a: Gholdengo|[anim] Tera Blast Fire
|-supereffective|p2a: Gholdengo
|-damage|p2a: Gholdengo|0 fnt
|faint|p2a: Gholdengo
|
|win|ilytrix
|raw|ilytrix's rating: 1530 &rarr; <strong>1548</strong><br />(+18 for winning)
|raw|JamieIsOver's rating: 1487 &rarr; <strong>1469</strong><br />(-18 for losing)
|l|☆ilytrix
|player|p1|
|l|☆JamieIsOver
|player|p2|
