|j|☆gatinou
|j|☆Vlazphemy
|t:|1757927161
|gametype|singles
|player|p1|gatinou|pokemonbreeder-gen4|1237
|player|p2|Vlazphemy|169|1254
|gen|9
|tier|[Gen 9] OU
|rated|
|rule|HP Percentage Mod: HP is shown in percentages
|rule|Endless Battle Clause: Forcing endless battles is banned
|rule|Species Clause: Limit one of each Pokémon
|rule|OHKO Clause: OHKO moves are banned
|rule|Evasion Items Clause: Evasion items are banned
|rule|Evasion Moves Clause: Evasion moves are banned
|rule|Evasion Abilities Clause: Evasion abilities are banned
|rule|Sleep Moves Clause: Sleep-inducing moves are banned
|clearpoke
|poke|p1|Ninetales, M|
|poke|p1|Shiftry, M|
|poke|p1|Torkoal, F|
|poke|p1|Venusaur, M|
|poke|p1|Iron Moth|
|poke|p1|Lilligant-Hisui, F|
|poke|p2|Scream Tail|
|poke|p2|Skeledirge, M|
|poke|p2|Corviknight, M|
|poke|p2|Meowscarada, M|
|poke|p2|Serperior, M|
|poke|p2|Pecharunt|
|teampreview
|inactive|Battle timer is ON: inactive players will automatically lose when time's up. (requested by gatinou)
|
|t:|1757927172
|teamsize|p1|6
|teamsize|p2|6
|start
|switch|p1a: Torkoal|Torkoal, F|100/100
|switch|p2a: Pecharunt|Pecharunt|100/100
|-item|p2a: Pecharunt|Air Balloon
|-weather|SunnyDay|[from] ability: Drought|[of] p1a: Torkoal
|turn|1
|
|t:|1757927177
|move|p2a: Pecharunt|Parting Shot|p1a: Torkoal
|-unboost|p1a: Torkoal|atk|1
|-unboost|p1a: Torkoal|spa|1
|
|t:|1757927180
|switch|p2a: Scream Tail|Scream Tail|100/100|[from] Parting Shot
|-activate|p2a: Scream Tail|ability: Protosynthesis
|-start|p2a: Scream Tail|protosynthesisspe
|move|p1a: Torkoal|Lava Plume|p2a: Scream Tail
|-damage|p2a: Scream Tail|82/100
|-status|p2a: Scream Tail|brn
|
|-weather|SunnyDay|[upkeep]
|-damage|p2a: Scream Tail|76/100 brn|[from] brn
|upkeep
|turn|2
|
|t:|1757927190
|switch|p1a: Shiftry|Shiftry, M|100/100
|move|p2a: Scream Tail|Calm Mind|p2a: Scream Tail
|-boost|p2a: Scream Tail|spa|1
|-boost|p2a: Scream Tail|spd|1
|
|-weather|SunnyDay|[upkeep]
|-damage|p2a: Scream Tail|70/100 brn|[from] brn
|upkeep
|turn|3
|
|t:|1757927202
|move|p2a: Scream Tail|Flamethrower|p1a: Shiftry
|-supereffective|p1a: Shiftry
|-damage|p1a: Shiftry|0 fnt
|faint|p1a: Shiftry
|
|-weather|SunnyDay|[upkeep]
|-damage|p2a: Scream Tail|64/100 brn|[from] brn
|upkeep
|
|t:|1757927210
|switch|p1a: Iron Moth|Iron Moth|100/100
|turn|4
|
|t:|1757927215
|move|p2a: Scream Tail|Boomburst|p1a: Iron Moth
|-damage|p1a: Iron Moth|54/100
|move|p1a: Iron Moth|Discharge|p2a: Scream Tail
|-damage|p2a: Scream Tail|48/100 brn
|
|-weather|SunnyDay|[upkeep]
|-damage|p2a: Scream Tail|42/100 brn|[from] brn
|upkeep
|turn|5
|-message|gatinou forfeited.
|
|win|Vlazphemy
|raw|gatinou's rating: 1237 &rarr; <strong>1213</strong><br />(-24 for losing)
|raw|Vlazphemy's rating: 1254 &rarr; <strong>1278</strong><br />(+24 for winning)
|l|☆gatinou
|player|p1|
|l|☆Vlazphemy
|player|p2|
