|j|☆JR1115
|j|☆meganub123
|t:|1757953671
|gametype|singles
|player|p1|JR1115|1|1116
|player|p2|meganub123|cynthia-gen4|1154
|gen|9
|tier|[Gen 9] OU
|rated|
|rule|HP Percentage Mod: HP is shown in percentages
|rule|Endless Battle Clause: Forcing endless battles is banned
|rule|Species Clause: Limit one of each Pokémon
|rule|OHKO Clause: OHKO moves are banned
|rule|Evasion Items Clause: Evasion items are banned
|rule|Evasion Moves Clause: Evasion moves are banned
|rule|Evasion Abilities Clause: Evasion abilities are banned
|rule|Sleep Moves Clause: Sleep-inducing moves are banned
|clearpoke
|poke|p1|Salazzle, F|
|poke|p1|Espeon, M|
|poke|p1|Blaziken, M|
|poke|p1|Deoxys-Speed|
|poke|p1|Dragonite, M|
|poke|p1|Gengar, F|
|poke|p2|Ting-Lu|
|poke|p2|Slowking-Galar, F|
|poke|p2|Raging Bolt|
|poke|p2|Gliscor, F|
|poke|p2|Primarina, M|
|poke|p2|Scizor, F|
|teampreview
|inactive|Battle timer is ON: inactive players will automatically lose when time's up. (requested by JR1115)
|c|☆JR1115|glhf
|c|☆meganub123|glhf
|
|t:|1757953683
|teamsize|p1|6
|teamsize|p2|6
|start
|switch|p1a: Salazzle|Salazzle, F|100/100
|switch|p2a: Raging Bolt|Raging Bolt|100/100
|turn|1
|
|t:|1757953688
|move|p1a: Salazzle|Fake Out|p2a: Raging Bolt
|-damage|p2a: Raging Bolt|95/100
|cant|p2a: Raging Bolt|flinch
|
|upkeep
|turn|2
|
|t:|1757953692
|move|p1a: Salazzle|Toxic|p2a: Raging Bolt
|-status|p2a: Raging Bolt|tox
|move|p2a: Raging Bolt|Volt Switch|p1a: Salazzle
|-enditem|p1a: Salazzle|Focus Sash
|-damage|p1a: Salazzle|1/100
|
|t:|1757953698
|-end|p2a: Raging Bolt|Protosynthesis|[silent]
|switch|p2a: Scizor|Scizor, F, shiny|100/100|[from] Volt Switch
|
|upkeep
|turn|3
|
|t:|1757953702
|switch|p1a: Gengar|Gengar, F|100/100
|move|p2a: Scizor|Bullet Punch|p1a: Gengar
|-damage|p1a: Gengar|14/100
|-damage|p2a: Scizor|91/100|[from] item: Life Orb
|
|upkeep
|turn|4
|
|t:|1757953709
|move|p2a: Scizor|Bullet Punch|p1a: Gengar
|-damage|p1a: Gengar|0 fnt
|faint|p1a: Gengar
|-damage|p2a: Scizor|81/100|[from] item: Life Orb
|
|upkeep
|
|t:|1757953714
|switch|p1a: Blaziken|Blaziken, M|100/100
|turn|5
|
|t:|1757953717
|switch|p2a: Ting-Lu|Ting-Lu|100/100
|-ability|p2a: Ting-Lu|Vessel of Ruin
|move|p1a: Blaziken|Swords Dance|p1a: Blaziken
|-boost|p1a: Blaziken|atk|2
|
|-ability|p1a: Blaziken|Speed Boost|boost
|-boost|p1a: Blaziken|spe|1
|upkeep
|turn|6
|
|t:|1757953729
|-terastallize|p1a: Blaziken|Flying
|move|p1a: Blaziken|Knock Off|p2a: Ting-Lu
|-resisted|p2a: Ting-Lu
|-damage|p2a: Ting-Lu|85/100
|-enditem|p2a: Ting-Lu|Leftovers|[from] move: Knock Off|[of] p1a: Blaziken
|move|p2a: Ting-Lu|Whirlwind|p1a: Blaziken
|drag|p1a: Deoxys|Deoxys-Speed|100/100
|-ability|p1a: Deoxys|Pressure
|
|upkeep
|turn|7
|
|t:|1757953742
|switch|p2a: Primarina|Primarina, M|100/100
|move|p1a: Deoxys|Ice Beam|p2a: Primarina
|-resisted|p2a: Primarina
|-damage|p2a: Primarina|90/100
|-status|p2a: Primarina|frz
|
|upkeep
|turn|8
|c|☆meganub123|oh hell nah
|
|t:|1757953752
|move|p1a: Deoxys|Stealth Rock|p2a: Primarina
|-sidestart|p2: meganub123|move: Stealth Rock
|cant|p2a: Primarina|frz
|
|upkeep
|turn|9
|
|t:|1757953757
|move|p1a: Deoxys|Thunderbolt|p2a: Primarina
|-supereffective|p2a: Primarina
|-damage|p2a: Primarina|48/100 frz
|cant|p2a: Primarina|frz
|
|upkeep
|turn|10
|
|t:|1757953762
|move|p1a: Deoxys|Thunderbolt|p2a: Primarina
|-supereffective|p2a: Primarina
|-damage|p2a: Primarina|7/100 frz
|cant|p2a: Primarina|frz
|
|upkeep
|turn|11
|c|☆meganub123|bro :(
|
|t:|1757953768
|move|p1a: Deoxys|Ice Beam|p2a: Primarina
|-resisted|p2a: Primarina
|-damage|p2a: Primarina|0 fnt
|faint|p2a: Primarina
|
|upkeep
|
|t:|1757953779
|switch|p2a: Gliscor|Gliscor, F|100/100
|-damage|p2a: Gliscor|88/100|[from] Stealth Rock
|turn|12
|c|☆JR1115|wow that sucks man ... def a gift
|
|t:|1757953784
|move|p2a: Gliscor|Protect|p2a: Gliscor
|-singleturn|p2a: Gliscor|Protect
|move|p1a: Deoxys|Ice Beam|p2a: Gliscor
|-activate|p2a: Gliscor|move: Protect
|
|-status|p2a: Gliscor|tox|[from] item: Toxic Orb
|upkeep
|turn|13
|
|t:|1757953794
|switch|p2a: Slowking|Slowking-Galar, F|100/100
|-damage|p2a: Slowking|88/100|[from] Stealth Rock
|move|p1a: Deoxys|Ice Beam|p2a: Slowking
|-damage|p2a: Slowking|72/100
|
|-heal|p2a: Slowking|78/100|[from] item: Black Sludge
|upkeep
|turn|14
|
|t:|1757953803
|switch|p1a: Blaziken|Blaziken, M, tera:Flying|100/100
|move|p2a: Slowking|Sludge Wave|p1a: Blaziken
|-damage|p1a: Blaziken|43/100
|
|-heal|p2a: Slowking|84/100|[from] item: Black Sludge
|upkeep
|turn|15
|
|t:|1757953815
|switch|p2a: Ting-Lu|Ting-Lu|85/100
|-damage|p2a: Ting-Lu|79/100|[from] Stealth Rock
|-ability|p2a: Ting-Lu|Vessel of Ruin
|move|p1a: Blaziken|Knock Off|p2a: Ting-Lu
|-resisted|p2a: Ting-Lu
|-damage|p2a: Ting-Lu|74/100
|
|-ability|p1a: Blaziken|Speed Boost|boost
|-boost|p1a: Blaziken|spe|1
|upkeep
|turn|16
|
|t:|1757953827
|switch|p1a: Salazzle|Salazzle, F|1/100
|move|p2a: Ting-Lu|Whirlwind|p1a: Salazzle
|drag|p1a: Blaziken|Blaziken, M, tera:Flying|43/100
|
|upkeep
|turn|17
|
|t:|1757953837
|move|p1a: Blaziken|Earthquake|p2a: Ting-Lu
|-damage|p2a: Ting-Lu|60/100
|move|p2a: Ting-Lu|Whirlwind|p1a: Blaziken
|drag|p1a: Salazzle|Salazzle, F|1/100
|
|upkeep
|turn|18
|
|t:|1757953846
|move|p1a: Salazzle|Fake Out|p2a: Ting-Lu
|-damage|p2a: Ting-Lu|57/100
|cant|p2a: Ting-Lu|flinch
|
|upkeep
|turn|19
|
|t:|1757953851
|move|p1a: Salazzle|Toxic|p2a: Ting-Lu
|-status|p2a: Ting-Lu|tox
|move|p2a: Ting-Lu|Ruination|p1a: Salazzle
|-damage|p1a: Salazzle|0 fnt
|faint|p1a: Salazzle
|
|-damage|p2a: Ting-Lu|51/100 tox|[from] psn
|upkeep
|
|t:|1757953859
|switch|p1a: Espeon|Espeon, M|100/100
|turn|20
|
|t:|1757953867
|move|p1a: Espeon|Dazzling Gleam|p2a: Ting-Lu
|-supereffective|p2a: Ting-Lu
|-damage|p2a: Ting-Lu|20/100 tox
|move|p2a: Ting-Lu|Whirlwind|p1a: Espeon
|move|p1a: Espeon|Whirlwind|p2a: Ting-Lu|[from] ability: Magic Bounce
|drag|p2a: Scizor|Scizor, F, shiny|81/100
|-damage|p2a: Scizor|68/100|[from] Stealth Rock
|
|upkeep
|turn|21
|
|t:|1757953878
|move|p1a: Espeon|Shadow Ball|p2a: Scizor
|-damage|p2a: Scizor|35/100
|move|p2a: Scizor|Swords Dance|p2a: Scizor
|-boost|p2a: Scizor|atk|2
|
|upkeep
|turn|22
|
|t:|1757953885
|move|p1a: Espeon|Shadow Ball|p2a: Scizor
|-damage|p2a: Scizor|3/100
|move|p2a: Scizor|Dual Wingbeat|p1a: Espeon
|-enditem|p1a: Espeon|Focus Sash
|-damage|p1a: Espeon|1/100
|-damage|p1a: Espeon|0 fnt
|faint|p1a: Espeon
|-hitcount|p1: Espeon|2
|-damage|p2a: Scizor|0 fnt|[from] item: Life Orb
|faint|p2a: Scizor
|
|upkeep
|
|t:|1757953902
|switch|p1a: Blaziken|Blaziken, M, tera:Flying|43/100
|switch|p2a: Gliscor|Gliscor, F|88/100 tox
|-damage|p2a: Gliscor|76/100 tox|[from] Stealth Rock
|turn|23
|
|t:|1757953909
|move|p2a: Gliscor|Protect|p2a: Gliscor
|-singleturn|p2a: Gliscor|Protect
|move|p1a: Blaziken|Flare Blitz|p2a: Gliscor
|-activate|p2a: Gliscor|move: Protect
|
|-heal|p2a: Gliscor|88/100 tox|[from] ability: Poison Heal
|-ability|p1a: Blaziken|Speed Boost|boost
|-boost|p1a: Blaziken|spe|1
|upkeep
|turn|24
|
|t:|1757953922
|move|p1a: Blaziken|Flare Blitz|p2a: Gliscor
|-damage|p2a: Gliscor|50/100 tox
|-damage|p1a: Blaziken|29/100|[from] Recoil
|move|p2a: Gliscor|Knock Off|p1a: Blaziken
|-damage|p1a: Blaziken|0 fnt
|-enditem|p1a: Blaziken|Focus Sash|[from] move: Knock Off|[of] p2a: Gliscor
|faint|p1a: Blaziken
|
|-heal|p2a: Gliscor|63/100 tox|[from] ability: Poison Heal
|upkeep
|
|t:|1757953932
|switch|p1a: Deoxys|Deoxys-Speed|100/100
|-ability|p1a: Deoxys|Pressure
|turn|25
|
|t:|1757953937
|move|p2a: Gliscor|Protect|p2a: Gliscor
|-singleturn|p2a: Gliscor|Protect
|move|p1a: Deoxys|Ice Beam|p2a: Gliscor
|-activate|p2a: Gliscor|move: Protect
|
|-heal|p2a: Gliscor|75/100 tox|[from] ability: Poison Heal
|upkeep
|turn|26
|
|t:|1757953944
|switch|p1a: Dragonite|Dragonite, M|100/100
|-terastallize|p2a: Gliscor|Steel
|move|p2a: Gliscor|Knock Off|p1a: Dragonite
|-damage|p1a: Dragonite|89/100
|-enditem|p1a: Dragonite|Lum Berry|[from] move: Knock Off|[of] p2a: Gliscor
|
|-heal|p2a: Gliscor|88/100 tox|[from] ability: Poison Heal
|upkeep
|turn|27
|
|t:|1757953956
|move|p1a: Dragonite|Earthquake|p2a: Gliscor
|-supereffective|p2a: Gliscor
|-crit|p2a: Gliscor
|-damage|p2a: Gliscor|14/100 tox
|move|p2a: Gliscor|Toxic|p1a: Dragonite
|-status|p1a: Dragonite|tox
|
|-damage|p1a: Dragonite|83/100 tox|[from] psn
|-heal|p2a: Gliscor|26/100 tox|[from] ability: Poison Heal
|upkeep
|turn|28
|
|t:|1757953965
|move|p2a: Gliscor|Protect|p2a: Gliscor
|-singleturn|p2a: Gliscor|Protect
|move|p1a: Dragonite|Earthquake|p2a: Gliscor
|-activate|p2a: Gliscor|move: Protect
|
|-damage|p1a: Dragonite|70/100 tox|[from] psn
|-heal|p2a: Gliscor|39/100 tox|[from] ability: Poison Heal
|upkeep
|turn|29
|
|t:|1757953973
|switch|p2a: Ting-Lu|Ting-Lu|20/100 tox
|-damage|p2a: Ting-Lu|14/100 tox|[from] Stealth Rock
|-ability|p2a: Ting-Lu|Vessel of Ruin
|move|p1a: Dragonite|Earthquake|p2a: Ting-Lu
|-damage|p2a: Ting-Lu|0 fnt
|faint|p2a: Ting-Lu
|
|-damage|p1a: Dragonite|52/100 tox|[from] psn
|upkeep
|
|t:|1757953983
|switch|p2a: Gliscor|Gliscor, F, tera:Steel|39/100 tox
|-damage|p2a: Gliscor|32/100 tox|[from] Stealth Rock
|turn|30
|
|t:|1757953986
|move|p2a: Gliscor|Protect|p2a: Gliscor
|-singleturn|p2a: Gliscor|Protect
|move|p1a: Dragonite|Earthquake|p2a: Gliscor
|-activate|p2a: Gliscor|move: Protect
|
|-damage|p1a: Dragonite|27/100 tox|[from] psn
|-heal|p2a: Gliscor|45/100 tox|[from] ability: Poison Heal
|upkeep
|turn|31
|
|t:|1757954007
|move|p1a: Dragonite|Earthquake|p2a: Gliscor
|-supereffective|p2a: Gliscor
|-crit|p2a: Gliscor
|-damage|p2a: Gliscor|0 fnt
|faint|p2a: Gliscor
|
|-damage|p1a: Dragonite|0 fnt|[from] psn
|faint|p1a: Dragonite
|upkeep
|c|☆meganub123|that crit mattered :(
|
|t:|1757954016
|switch|p1a: Deoxys|Deoxys-Speed|100/100
|switch|p2a: Raging Bolt|Raging Bolt|95/100 tox
|-ability|p1a: Deoxys|Pressure
|-damage|p2a: Raging Bolt|83/100 tox|[from] Stealth Rock
|turn|32
|
|t:|1757954023
|move|p1a: Deoxys|Ice Beam|p2a: Raging Bolt
|-supereffective|p2a: Raging Bolt
|-damage|p2a: Raging Bolt|43/100 tox
|move|p2a: Raging Bolt|Draco Meteor|p1a: Deoxys|[miss]
|-miss|p2a: Raging Bolt|p1a: Deoxys
|
|-damage|p2a: Raging Bolt|37/100 tox|[from] psn
|upkeep
|turn|33
|
|t:|1757954031
|move|p1a: Deoxys|Ice Beam|p2a: Raging Bolt
|-supereffective|p2a: Raging Bolt
|-damage|p2a: Raging Bolt|0 fnt
|faint|p2a: Raging Bolt
|-end|p2a: Raging Bolt|Protosynthesis|[silent]
|
|upkeep
|c|☆meganub123|DEVASTATING miss
|
|t:|1757954036
|switch|p2a: Slowking|Slowking-Galar, F|100/100
|-damage|p2a: Slowking|88/100|[from] Stealth Rock
|turn|34
|
|t:|1757954041
|move|p1a: Deoxys|Psychic|p2a: Slowking
|-damage|p2a: Slowking|66/100
|move|p2a: Slowking|Thunder Wave|p1a: Deoxys
|-status|p1a: Deoxys|par
|
|-heal|p2a: Slowking|72/100|[from] item: Black Sludge
|upkeep
|turn|35
|c|☆JR1115|yeah they're keeping me in it. This shldve been your match already
|
|t:|1757954056
|move|p1a: Deoxys|Psychic|p2a: Slowking
|-damage|p2a: Slowking|50/100
|move|p2a: Slowking|Sludge Wave|p1a: Deoxys
|-damage|p1a: Deoxys|44/100 par
|
|-heal|p2a: Slowking|57/100|[from] item: Black Sludge
|upkeep
|turn|36
|
|t:|1757954063
|cant|p1a: Deoxys|par
|move|p2a: Slowking|Sludge Wave|p1a: Deoxys
|-damage|p1a: Deoxys|0 fnt
|faint|p1a: Deoxys
|
|win|meganub123
|raw|JR1115's rating: 1116 &rarr; <strong>1094</strong><br />(-22 for losing)
|raw|meganub123's rating: 1154 &rarr; <strong>1176</strong><br />(+22 for winning)
|c|☆meganub123|ggs
|l|☆JR1115
|player|p1|
