|j|☆godlywalrus
|j|☆ABraviousTinkaton
|t:|1757926744
|gametype|singles
|player|p1|godlywalrus|acerola|1528
|player|p2|ABraviousTinkaton|miku-ice|1546
|gen|9
|tier|[Gen 9] OU
|rated|
|rule|HP Percentage Mod: HP is shown in percentages
|rule|Endless Battle Clause: Forcing endless battles is banned
|rule|Species Clause: Limit one of each Pokémon
|rule|OHKO Clause: OHKO moves are banned
|rule|Evasion Items Clause: Evasion items are banned
|rule|Evasion Moves Clause: Evasion moves are banned
|rule|Evasion Abilities Clause: Evasion abilities are banned
|rule|Sleep Moves Clause: Sleep-inducing moves are banned
|clearpoke
|poke|p1|Zamazenta-*|
|poke|p1|Slowking-Galar, M|
|poke|p1|Corviknight, M|
|poke|p1|Ting-Lu|
|poke|p1|Ogerpon-Wellspring, F|
|poke|p1|Dragapult, F|
|poke|p2|Great Tusk|
|poke|p2|Heatran, M|
|poke|p2|Weavile, M|
|poke|p2|Primarina, M|
|poke|p2|Ogerpon, F|
|poke|p2|Pecharunt|
|teampreview
|inactive|Battle timer is ON: inactive players will automatically lose when time's up. (requested by godlywalrus)
|
|t:|1757926750
|teamsize|p1|6
|teamsize|p2|6
|start
|switch|p1a: Ogerpon|Ogerpon-Wellspring, F|100/100
|switch|p2a: Bandit|Weavile, M, shiny|100/100
|-ability|p2a: Bandit|Pressure
|turn|1
|
|t:|1757926758
|switch|p1a: Corviknight|Corviknight, M|100/100
|-ability|p1a: Corviknight|Pressure
|move|p2a: Bandit|Triple Axel|p1a: Corviknight
|-damage|p1a: Corviknight|92/100
|-damage|p2a: Bandit|84/100|[from] item: Rocky Helmet|[of] p1a: Corviknight
|-damage|p1a: Corviknight|74/100
|-damage|p2a: Bandit|68/100|[from] item: Rocky Helmet|[of] p1a: Corviknight
|-damage|p1a: Corviknight|48/100
|-damage|p2a: Bandit|51/100|[from] item: Rocky Helmet|[of] p1a: Corviknight
|-hitcount|p1a: Corviknight|3
|
|upkeep
|turn|2
|
|t:|1757926767
|move|p2a: Bandit|Triple Axel|p1a: Corviknight
|-damage|p1a: Corviknight|39/100
|-damage|p2a: Bandit|35/100|[from] item: Rocky Helmet|[of] p1a: Corviknight
|-damage|p1a: Corviknight|19/100
|-damage|p2a: Bandit|19/100|[from] item: Rocky Helmet|[of] p1a: Corviknight
|-hitcount|p1a: Corviknight|2
|move|p1a: Corviknight|U-turn|p2a: Bandit
|-supereffective|p2a: Bandit
|-damage|p2a: Bandit|0 fnt
|faint|p2a: Bandit
|
|t:|1757926781
|switch|p1a: Dragapult|Dragapult, F|100/100|[from] U-turn
|
|upkeep
|
|t:|1757926784
|switch|p2a: Anonymous|Ogerpon, F|100/100
|turn|3
|
|t:|1757926788
|switch|p1a: Corviknight|Corviknight, M|19/100
|-ability|p1a: Corviknight|Pressure
|-terastallize|p2a: Anonymous|Grass
|detailschange|p2a: Anonymous|Ogerpon-Teal-Tera, F, tera:Grass
|-ability|p2a: Anonymous|Embody Aspect (Teal)|boost
|-boost|p2a: Anonymous|spe|1
|move|p2a: Anonymous|Knock Off|p1a: Corviknight
|-damage|p1a: Corviknight|0 fnt
|-damage|p2a: Anonymous|84/100|[from] item: Rocky Helmet|[of] p1a: Corviknight
|-enditem|p1a: Corviknight|Rocky Helmet|[from] move: Knock Off|[of] p2a: Anonymous
|faint|p1a: Corviknight
|
|upkeep
|
|t:|1757926809
|switch|p1a: Ting-Lu|Ting-Lu|100/100
|-ability|p1a: Ting-Lu|Vessel of Ruin
|turn|4
|
|t:|1757926814
|switch|p2a: Behemoth|Great Tusk, shiny|100/100
|move|p1a: Ting-Lu|Stealth Rock|p2a: Behemoth
|-sidestart|p2: ABraviousTinkaton|move: Stealth Rock
|
|upkeep
|turn|5
|
|t:|1757926819
|move|p2a: Behemoth|Ice Spinner|p1a: Ting-Lu
|-supereffective|p1a: Ting-Lu
|-damage|p1a: Ting-Lu|72/100
|move|p1a: Ting-Lu|Ruination|p2a: Behemoth
|-damage|p2a: Behemoth|51/100
|
|-heal|p1a: Ting-Lu|78/100|[from] item: Leftovers
|upkeep
|turn|6
|
|t:|1757926829
|move|p2a: Behemoth|Ice Spinner|p1a: Ting-Lu
|-supereffective|p1a: Ting-Lu
|-damage|p1a: Ting-Lu|46/100
|move|p1a: Ting-Lu|Earthquake|p2a: Behemoth
|-damage|p2a: Behemoth|24/100
|
|-heal|p1a: Ting-Lu|53/100|[from] item: Leftovers
|upkeep
|turn|7
|
|t:|1757926837
|move|p2a: Behemoth|Close Combat|p1a: Ting-Lu
|-supereffective|p1a: Ting-Lu
|-damage|p1a: Ting-Lu|0 fnt
|-unboost|p2a: Behemoth|def|1
|-unboost|p2a: Behemoth|spd|1
|faint|p1a: Ting-Lu
|
|upkeep
|j| nuzlockingpikachu
|
|t:|1757926841
|switch|p1a: Dragapult|Dragapult, F|100/100
|turn|8
|
|t:|1757926845
|move|p1a: Dragapult|Dragon Darts|p2a: Behemoth
|-damage|p2a: Behemoth|0 fnt
|faint|p2a: Behemoth
|-end|p2a: Behemoth|Protosynthesis|[silent]
|
|upkeep
|
|t:|1757926848
|switch|p2a: Celestine|Primarina, M, shiny|100/100
|-damage|p2a: Celestine|88/100|[from] Stealth Rock
|turn|9
|
|t:|1757926852
|switch|p2a: Chaos|Heatran, M, shiny|100/100
|-damage|p2a: Chaos|88/100|[from] Stealth Rock
|-item|p2a: Chaos|Air Balloon
|move|p1a: Dragapult|U-turn|p2a: Chaos
|-resisted|p2a: Chaos
|-damage|p2a: Chaos|83/100
|-enditem|p2a: Chaos|Air Balloon
|
|t:|1757926856
|switch|p1a: Ogerpon|Ogerpon-Wellspring, F|100/100|[from] U-turn
|
|upkeep
|turn|10
|
|t:|1757926860
|switch|p2a: Overseer|Pecharunt|100/100
|-damage|p2a: Overseer|88/100|[from] Stealth Rock
|move|p1a: Ogerpon|Ivy Cudgel|p2a: Overseer|[anim] Ivy Cudgel Water
|-damage|p2a: Overseer|62/100
|
|upkeep
|turn|11
|j| Puyu Paz
|
|t:|1757926867
|switch|p1a: Slowking|Slowking-Galar, M|100/100
|move|p2a: Overseer|Parting Shot|p1a: Slowking
|-unboost|p1a: Slowking|atk|1
|-unboost|p1a: Slowking|spa|1
|
|t:|1757926870
|switch|p2a: Chaos|Heatran, M, shiny|83/100|[from] Parting Shot
|-damage|p2a: Chaos|70/100|[from] Stealth Rock
|
|upkeep
|turn|12
|
|t:|1757926872
|move|p2a: Chaos|Stealth Rock|p1a: Slowking
|-sidestart|p1: godlywalrus|move: Stealth Rock
|-prepare|p1a: Slowking|Chilly Reception|[premajor]
|move|p1a: Slowking|Chilly Reception|p1a: Slowking
|-weather|Snowscape
|
|t:|1757926875
|switch|p1a: Ogerpon|Ogerpon-Wellspring, F|100/100|[from] Chilly Reception
|-damage|p1a: Ogerpon|88/100|[from] Stealth Rock
|
|-weather|Snowscape|[upkeep]
|upkeep
|turn|13
|
|t:|1757926881
|switch|p2a: Overseer|Pecharunt|62/100
|-damage|p2a: Overseer|50/100|[from] Stealth Rock
|move|p1a: Ogerpon|Ivy Cudgel|p2a: Overseer|[anim] Ivy Cudgel Water
|-damage|p2a: Overseer|20/100
|
|-weather|Snowscape|[upkeep]
|upkeep
|turn|14
|
|t:|1757926884
|move|p1a: Ogerpon|Knock Off|p2a: Overseer
|-supereffective|p2a: Overseer
|-damage|p2a: Overseer|0 fnt
|-damage|p1a: Ogerpon|72/100|[from] item: Rocky Helmet|[of] p2a: Overseer
|-enditem|p2a: Overseer|Rocky Helmet|[from] move: Knock Off|[of] p1a: Ogerpon
|faint|p2a: Overseer
|
|-weather|Snowscape|[upkeep]
|upkeep
|
|t:|1757926885
|switch|p2a: Anonymous|Ogerpon-Teal-Tera, F, tera:Grass|84/100
|-damage|p2a: Anonymous|72/100|[from] Stealth Rock
|-ability|p2a: Anonymous|Embody Aspect (Teal)|boost
|-boost|p2a: Anonymous|spe|1
|turn|15
|
|t:|1757926887
|move|p2a: Anonymous|Ivy Cudgel|p1a: Ogerpon
|-damage|p1a: Ogerpon|0 fnt
|faint|p1a: Ogerpon
|
|-weather|Snowscape|[upkeep]
|upkeep
|
|t:|1757926891
|switch|p1a: Dragapult|Dragapult, F|100/100
|turn|16
|
|t:|1757926900
|switch|p2a: Celestine|Primarina, M, shiny|88/100
|-damage|p2a: Celestine|76/100|[from] Stealth Rock
|move|p1a: Dragapult|U-turn|p2a: Celestine
|-resisted|p2a: Celestine
|-damage|p2a: Celestine|62/100
|
|t:|1757926902
|switch|p1a: Slowking|Slowking-Galar, M|100/100|[from] U-turn
|
|-weather|none
|upkeep
|turn|17
|
|t:|1757926905
|move|p2a: Celestine|Flip Turn|p1a: Slowking
|-damage|p1a: Slowking|85/100
|
|t:|1757926906
|switch|p2a: Chaos|Heatran, M, shiny|70/100|[from] Flip Turn
|-damage|p2a: Chaos|58/100|[from] Stealth Rock
|move|p1a: Slowking|Future Sight|p2a: Chaos
|-start|p1a: Slowking|move: Future Sight
|
|upkeep
|turn|18
|
|t:|1757926910
|move|p2a: Chaos|Taunt|p1a: Slowking
|-start|p1a: Slowking|move: Taunt
|-prepare|p1a: Slowking|Chilly Reception|[premajor]
|cant|p1a: Slowking|move: Taunt|Chilly Reception
|
|upkeep
|turn|19
|
|t:|1757926916
|switch|p1a: Dragapult|Dragapult, F|100/100
|move|p2a: Chaos|Magma Storm|p1a: Dragapult
|-resisted|p1a: Dragapult
|-damage|p1a: Dragapult|64/100
|-activate|p1a: Dragapult|move: Magma Storm|[of] p2a: Chaos
|
|-end|p2a: Chaos|move: Future Sight
|-resisted|p2a: Chaos
|-damage|p2a: Chaos|35/100
|-damage|p1a: Dragapult|51/100|[from] move: Magma Storm|[partiallytrapped]
|upkeep
|turn|20
|
|t:|1757926921
|move|p1a: Dragapult|U-turn|p2a: Chaos
|-resisted|p2a: Chaos
|-damage|p2a: Chaos|30/100
|
|t:|1757926922
|switch|p1a: Slowking|Slowking-Galar, M|100/100|[from] U-turn
|move|p2a: Chaos|Earth Power|p1a: Slowking
|-supereffective|p1a: Slowking
|-crit|p1a: Slowking
|-damage|p1a: Slowking|45/100
|
|upkeep
|turn|21
|
|t:|1757926929
|switch|p1a: Dragapult|Dragapult, F|51/100
|move|p2a: Chaos|Earth Power|p1a: Dragapult
|-damage|p1a: Dragapult|0 fnt
|faint|p1a: Dragapult
|
|upkeep
|
|t:|1757926937
|switch|p1a: Zamazenta|Zamazenta|100/100
|-damage|p1a: Zamazenta|95/100|[from] Stealth Rock
|-ability|p1a: Zamazenta|Dauntless Shield|boost
|-boost|p1a: Zamazenta|def|1
|turn|22
|
|t:|1757926940
|move|p1a: Zamazenta|Stone Edge|p2a: Chaos|[miss]
|-miss|p1a: Zamazenta|p2a: Chaos
|move|p2a: Chaos|Magma Storm|p1a: Zamazenta
|-damage|p1a: Zamazenta|48/100
|-activate|p1a: Zamazenta|move: Magma Storm|[of] p2a: Chaos
|
|-damage|p1a: Zamazenta|35/100|[from] move: Magma Storm|[partiallytrapped]
|upkeep
|turn|23
|-message|godlywalrus forfeited.
|
|win|ABraviousTinkaton
|raw|godlywalrus's rating: 1528 &rarr; <strong>1509</strong><br />(-19 for losing)
|raw|ABraviousTinkaton's rating: 1546 &rarr; <strong>1565</strong><br />(+19 for winning)
|l|☆godlywalrus
|player|p1|
|l|☆ABraviousTinkaton
|player|p2|
|l| nuzlockingpikachu
|l| Puyu Paz
