|j|☆oker1
|j|☆Holy Miasma
|t:|1757920268
|gametype|singles
|player|p1|oker1|bugcatcher-gen4dp|1249
|player|p2|Holy Miasma|policeman-gen4|1256
|gen|9
|tier|[Gen 9] OU
|rated|
|rule|HP Percentage Mod: HP is shown in percentages
|rule|Endless Battle Clause: Forcing endless battles is banned
|rule|Species Clause: Limit one of each Pokémon
|rule|OHKO Clause: OHKO moves are banned
|rule|Evasion Items Clause: Evasion items are banned
|rule|Evasion Moves Clause: Evasion moves are banned
|rule|Evasion Abilities Clause: Evasion abilities are banned
|rule|Sleep Moves Clause: Sleep-inducing moves are banned
|clearpoke
|poke|p1|Lokix, M|
|poke|p1|Yanmega, F|
|poke|p1|Araquanid, F|
|poke|p1|Forretress, F|
|poke|p1|Frosmoth, M|
|poke|p1|Ribombee, F|
|poke|p2|Bellibolt, F|
|poke|p2|Hatterene, F|
|poke|p2|Latias, F|
|poke|p2|Meowscarada, M|
|poke|p2|Grimmsnarl, M|
|poke|p2|Kingambit, M|
|teampreview
|inactive|Battle timer is ON: inactive players will automatically lose when time's up. (requested by Holy Miasma)
|inactive|Holy Miasma has 120 seconds left.
|
|t:|1757920304
|teamsize|p1|6
|teamsize|p2|6
|start
|switch|p1a: Yanmega|Yanmega, F|100/100
|switch|p2a: Grimmsnarl|Grimmsnarl, M|100/100
|turn|1
|
|t:|1757920311
|move|p2a: Grimmsnarl|Reflect|p2a: Grimmsnarl
|-sidestart|p2: Holy Miasma|Reflect
|move|p1a: Yanmega|Bug Buzz|p2a: Grimmsnarl
|-damage|p2a: Grimmsnarl|58/100
|-unboost|p2a: Grimmsnarl|spd|1
|
|-ability|p1a: Yanmega|Speed Boost|boost
|-boost|p1a: Yanmega|spe|1
|upkeep
|turn|2
|
|t:|1757920320
|move|p2a: Grimmsnarl|Light Screen|p2a: Grimmsnarl
|-sidestart|p2: Holy Miasma|move: Light Screen
|move|p1a: Yanmega|Bug Buzz|p2a: Grimmsnarl
|-damage|p2a: Grimmsnarl|24/100
|
|-ability|p1a: Yanmega|Speed Boost|boost
|-boost|p1a: Yanmega|spe|1
|upkeep
|turn|3
|
|t:|1757920327
|move|p2a: Grimmsnarl|Parting Shot|p1a: Yanmega
|-unboost|p1a: Yanmega|atk|1
|-unboost|p1a: Yanmega|spa|1
|
|t:|1757920331
|switch|p2a: Hatterene|Hatterene, F|100/100|[from] Parting Shot
|move|p1a: Yanmega|Bug Buzz|p2a: Hatterene
|-damage|p2a: Hatterene|84/100
|
|-ability|p1a: Yanmega|Speed Boost|boost
|-boost|p1a: Yanmega|spe|1
|upkeep
|turn|4
|
|t:|1757920343
|switch|p1a: Forretress|Forretress, F|100/100
|move|p2a: Hatterene|Trick Room|p2a: Hatterene
|-fieldstart|move: Trick Room|[of] p2a: Hatterene
|
|upkeep
|turn|5
|
|t:|1757920350
|-terastallize|p2a: Hatterene|Fire
|move|p2a: Hatterene|Mystical Fire|p1a: Forretress
|-supereffective|p1a: Forretress
|-ability|p1a: Forretress|Sturdy
|-damage|p1a: Forretress|1/100
|-unboost|p1a: Forretress|spa|1
|move|p1a: Forretress|Rapid Spin|p2a: Hatterene
|-damage|p2a: Hatterene|78/100
|-boost|p1a: Forretress|spe|1
|
|upkeep
|turn|6
|-enditem|p1a: Forretress|Custap Berry|[eat]
|-activate|p1a: Forretress|item: Custap Berry|[consumed]
|
|t:|1757920361
|move|p1a: Forretress|Explosion|p2a: Hatterene
|-damage|p2a: Hatterene|49/100
|faint|p1a: Forretress
|move|p2a: Hatterene|Mystical Fire|p1: Forretress|[notarget]
|-fail|p2a: Hatterene
|
|upkeep
|
|t:|1757920377
|switch|p1a: Frosmoth|Frosmoth, M|100/100
|turn|7
|
|t:|1757920390
|-terastallize|p1a: Frosmoth|Water
|move|p2a: Hatterene|Mystical Fire|p1a: Frosmoth
|-resisted|p1a: Frosmoth
|-damage|p1a: Frosmoth|88/100
|-unboost|p1a: Frosmoth|spa|1
|move|p1a: Frosmoth|Tera Blast|p2a: Hatterene|[anim] Tera Blast Water
|-supereffective|p2a: Hatterene
|-damage|p2a: Hatterene|26/100
|
|-heal|p1a: Frosmoth|94/100|[from] item: Leftovers
|upkeep
|turn|8
|
|t:|1757920404
|switch|p2a: Bellibolt|Bellibolt, F|100/100
|move|p1a: Frosmoth|Quiver Dance|p1a: Frosmoth
|-boost|p1a: Frosmoth|spa|1
|-boost|p1a: Frosmoth|spd|1
|-boost|p1a: Frosmoth|spe|1
|
|-heal|p1a: Frosmoth|99/100|[from] item: Leftovers
|-sideend|p2: Holy Miasma|Reflect
|-fieldend|move: Trick Room
|upkeep
|turn|9
|
|t:|1757920417
|move|p1a: Frosmoth|Quiver Dance|p1a: Frosmoth
|-boost|p1a: Frosmoth|spa|1
|-boost|p1a: Frosmoth|spd|1
|-boost|p1a: Frosmoth|spe|1
|move|p2a: Bellibolt|Toxic|p1a: Frosmoth
|-status|p1a: Frosmoth|tox
|
|-heal|p1a: Frosmoth|100/100 tox|[from] item: Leftovers
|-damage|p1a: Frosmoth|94/100 tox|[from] psn
|-sideend|p2: Holy Miasma|move: Light Screen
|upkeep
|turn|10
|
|t:|1757920430
|switch|p2a: Grimmsnarl|Grimmsnarl, M|24/100
|move|p1a: Frosmoth|Quiver Dance|p1a: Frosmoth
|-boost|p1a: Frosmoth|spa|1
|-boost|p1a: Frosmoth|spd|1
|-boost|p1a: Frosmoth|spe|1
|
|-heal|p1a: Frosmoth|100/100 tox|[from] item: Leftovers
|-damage|p1a: Frosmoth|88/100 tox|[from] psn
|upkeep
|turn|11
|
|t:|1757920439
|move|p2a: Grimmsnarl|Light Screen|p2a: Grimmsnarl
|-sidestart|p2: Holy Miasma|move: Light Screen
|move|p1a: Frosmoth|Tera Blast|p2a: Grimmsnarl|[anim] Tera Blast Water
|-damage|p2a: Grimmsnarl|0 fnt
|faint|p2a: Grimmsnarl
|
|-heal|p1a: Frosmoth|94/100 tox|[from] item: Leftovers
|-damage|p1a: Frosmoth|76/100 tox|[from] psn
|upkeep
|
|t:|1757920447
|switch|p2a: Meowscarada|Meowscarada, M|100/100
|turn|12
|
|t:|1757920453
|move|p1a: Frosmoth|Ice Beam|p2a: Meowscarada
|-supereffective|p2a: Meowscarada
|-damage|p2a: Meowscarada|0 fnt
|faint|p2a: Meowscarada
|
|-heal|p1a: Frosmoth|82/100 tox|[from] item: Leftovers
|-damage|p1a: Frosmoth|58/100 tox|[from] psn
|upkeep
|
|t:|1757920461
|switch|p2a: Kingambit|Kingambit, M|100/100
|turn|13
|
|t:|1757920490
|move|p1a: Frosmoth|Tera Blast|p2a: Kingambit|[anim] Tera Blast Water
|-damage|p2a: Kingambit|70/100
|move|p2a: Kingambit|Iron Head|p1a: Frosmoth
|-resisted|p1a: Frosmoth
|-damage|p1a: Frosmoth|35/100 tox
|
|-heal|p1a: Frosmoth|41/100 tox|[from] item: Leftovers
|-damage|p1a: Frosmoth|11/100 tox|[from] psn
|upkeep
|turn|14
|
|t:|1757920499
|move|p2a: Kingambit|Sucker Punch||[still]
|-fail|p2a: Kingambit
|move|p1a: Frosmoth|Quiver Dance|p1a: Frosmoth
|-boost|p1a: Frosmoth|spa|1
|-boost|p1a: Frosmoth|spd|1
|-boost|p1a: Frosmoth|spe|1
|
|-heal|p1a: Frosmoth|17/100 tox|[from] item: Leftovers
|-damage|p1a: Frosmoth|0 fnt|[from] psn
|faint|p1a: Frosmoth
|upkeep
|
|t:|1757920505
|switch|p1a: Lokix|Lokix, M|100/100
|turn|15
|
|t:|1757920515
|switch|p2a: Hatterene|Hatterene, F, tera:Fire|26/100
|move|p1a: Lokix|Low Kick|p2a: Hatterene
|-damage|p2a: Hatterene|19/100
|
|upkeep
|turn|16
|
|t:|1757920526
|move|p1a: Lokix|Swords Dance|p1a: Lokix
|-boost|p1a: Lokix|atk|2
|move|p2a: Hatterene|Trick Room|p2a: Hatterene
|-fieldstart|move: Trick Room|[of] p2a: Hatterene
|
|upkeep
|turn|17
|
|t:|1757920531
|move|p1a: Lokix|Sucker Punch|p2a: Hatterene
|-damage|p2a: Hatterene|0 fnt
|faint|p2a: Hatterene
|
|upkeep
|
|t:|1757920538
|switch|p2a: Kingambit|Kingambit, M|70/100
|turn|18
|
|t:|1757920542
|move|p2a: Kingambit|Low Kick|p1a: Lokix
|-damage|p1a: Lokix|76/100
|move|p1a: Lokix|Low Kick|p2a: Kingambit
|-supereffective|p2a: Kingambit
|-damage|p2a: Kingambit|0 fnt
|faint|p2a: Kingambit
|
|-sideend|p2: Holy Miasma|move: Light Screen
|upkeep
|
|t:|1757920549
|switch|p2a: Bellibolt|Bellibolt, F|100/100
|turn|19
|-activate|p2a: Bellibolt|item: Quick Claw
|
|t:|1757920556
|move|p2a: Bellibolt|Soak|p1a: Lokix
|-start|p1a: Lokix|typechange|Water
|move|p1a: Lokix|Leech Life|p2a: Bellibolt
|-damage|p2a: Bellibolt|61/100
|-heal|p1a: Lokix|100/100|[from] drain|[of] p2a: Bellibolt
|-start|p2a: Bellibolt|Charge|Leech Life|[from] ability: Electromorphosis
|
|upkeep
|turn|20
|
|t:|1757920571
|move|p2a: Bellibolt|Parabolic Charge|p1a: Lokix
|-supereffective|p1a: Lokix
|-enditem|p1a: Lokix|Focus Sash
|-damage|p1a: Lokix|1/100
|-heal|p2a: Bellibolt|96/100|[from] drain|[of] p1a: Lokix
|-end|p2a: Bellibolt|Charge|[silent]
|move|p1a: Lokix|Swords Dance|p1a: Lokix
|-boost|p1a: Lokix|atk|2
|
|-fieldend|move: Trick Room
|upkeep
|turn|21
|
|t:|1757920581
|move|p1a: Lokix|Leech Life|p2a: Bellibolt
|-damage|p2a: Bellibolt|34/100
|-heal|p1a: Lokix|45/100|[from] drain|[of] p2a: Bellibolt
|-start|p2a: Bellibolt|Charge|Leech Life|[from] ability: Electromorphosis
|move|p2a: Bellibolt|Volt Switch|p1a: Lokix
|-supereffective|p1a: Lokix
|-damage|p1a: Lokix|0 fnt
|faint|p1a: Lokix
|-end|p2a: Bellibolt|Charge|[silent]
|
|t:|1757920590
|switch|p2a: Latias|Latias, F|100/100|[from] Volt Switch
|
|upkeep
|
|t:|1757920598
|switch|p1a: Ribombee|Ribombee, F|100/100
|turn|22
|
|t:|1757920608
|move|p1a: Ribombee|Quiver Dance|p1a: Ribombee
|-boost|p1a: Ribombee|spa|1
|-boost|p1a: Ribombee|spd|1
|-boost|p1a: Ribombee|spe|1
|move|p2a: Latias|Calm Mind|p2a: Latias
|-boost|p2a: Latias|spa|1
|-boost|p2a: Latias|spd|1
|
|upkeep
|turn|23
|
|t:|1757920615
|move|p1a: Ribombee|Quiver Dance|p1a: Ribombee
|-boost|p1a: Ribombee|spa|1
|-boost|p1a: Ribombee|spd|1
|-boost|p1a: Ribombee|spe|1
|move|p2a: Latias|Agility|p2a: Latias
|-boost|p2a: Latias|spe|2
|
|upkeep
|turn|24
|
|t:|1757920626
|move|p1a: Ribombee|Quiver Dance|p1a: Ribombee
|-boost|p1a: Ribombee|spa|1
|-boost|p1a: Ribombee|spd|1
|-boost|p1a: Ribombee|spe|1
|move|p2a: Latias|Calm Mind|p2a: Latias
|-boost|p2a: Latias|spa|1
|-boost|p2a: Latias|spd|1
|
|upkeep
|turn|25
|
|t:|1757920633
|move|p1a: Ribombee|Quiver Dance|p1a: Ribombee
|-boost|p1a: Ribombee|spa|1
|-boost|p1a: Ribombee|spd|1
|-boost|p1a: Ribombee|spe|1
|move|p2a: Latias|Stored Power|p1a: Ribombee
|-damage|p1a: Ribombee|13/100
|
|upkeep
|turn|26
|
|t:|1757920641
|move|p1a: Ribombee|Moonblast|p2a: Latias
|-supereffective|p2a: Latias
|-damage|p2a: Latias|0 fnt
|faint|p2a: Latias
|
|upkeep
|
|t:|1757920645
|switch|p2a: Bellibolt|Bellibolt, F|34/100
|turn|27
|
|t:|1757920652
|move|p1a: Ribombee|Moonblast|p2a: Bellibolt
|-damage|p2a: Bellibolt|0 fnt
|faint|p2a: Bellibolt
|
|win|oker1
|raw|oker1's rating: 1249 &rarr; <strong>1275</strong><br />(+26 for winning)
|raw|Holy Miasma's rating: 1256 &rarr; <strong>1230</strong><br />(-26 for losing)
|l|☆oker1
|player|p1|
|l|☆Holy Miasma
|player|p2|
