|j|‽Axj5869
|j|☆LT91BB incelman
|t:|1757813310
|gametype|singles
|player|p1|Axj5869|170|1347
|player|p2|LT91BB incelman|miku-ice|1422
|gen|9
|tier|[Gen 9] OU
|rated|
|rule|HP Percentage Mod: HP is shown in percentages
|rule|Endless Battle Clause: Forcing endless battles is banned
|rule|Species Clause: Limit one of each Pokémon
|rule|OHKO Clause: OHKO moves are banned
|rule|Evasion Items Clause: Evasion items are banned
|rule|Evasion Moves Clause: Evasion moves are banned
|rule|Evasion Abilities Clause: Evasion abilities are banned
|rule|Sleep Moves Clause: Sleep-inducing moves are banned
|clearpoke
|poke|p1|Ogerpon-Wellspring, F|
|poke|p1|Brambleghast, F|
|poke|p1|Ninetales-Alola, F|
|poke|p1|Iron Boulder|
|poke|p1|Scizor, M|
|poke|p1|Darkrai|
|poke|p2|Raging Bolt|
|poke|p2|Walking Wake|
|poke|p2|Kingambit, M|
|poke|p2|Iron Moth|
|poke|p2|Landorus-Therian, M|
|poke|p2|Torkoal, M|
|teampreview
|inactive|Battle timer is ON: inactive players will automatically lose when time's up. (requested by LT91BB incelman)
|
|t:|1757813321
|teamsize|p1|6
|teamsize|p2|6
|start
|switch|p1a: Ogerpon|Ogerpon-Wellspring, F|100/100
|switch|p2a: Landorus|Landorus-Therian, M|100/100
|-ability|p2a: Landorus|Intimidate|boost
|-unboost|p1a: Ogerpon|atk|1
|turn|1
|
|t:|1757813326
|move|p1a: Ogerpon|Ivy Cudgel|p2a: Landorus|[anim] Ivy Cudgel Water
|-supereffective|p2a: Landorus
|-damage|p2a: Landorus|29/100
|move|p2a: Landorus|U-turn|p1a: Ogerpon
|-supereffective|p1a: Ogerpon
|-damage|p1a: Ogerpon|52/100
|
|t:|1757813346
|switch|p2a: Iron Moth|Iron Moth, shiny|100/100|[from] U-turn
|-enditem|p2a: Iron Moth|Booster Energy
|-activate|p2a: Iron Moth|ability: Quark Drive|[fromitem]
|-start|p2a: Iron Moth|quarkdrivespe
|
|upkeep
|turn|2
|c|☆LT91BB incelman|are u adamant
|c|☆LT91BB incelman|wtf is that damage
|
|t:|1757813369
|-terastallize|p1a: Ogerpon|Water
|detailschange|p1a: Ogerpon|Ogerpon-Wellspring-Tera, F, tera:Water
|-ability|p1a: Ogerpon|Embody Aspect (Wellspring)|boost
|-boost|p1a: Ogerpon|spd|1
|move|p2a: Iron Moth|Sludge Wave|p1a: Ogerpon
|-damage|p1a: Ogerpon|11/100
|move|p1a: Ogerpon|Ivy Cudgel|p2a: Iron Moth|[anim] Ivy Cudgel Water
|-supereffective|p2a: Iron Moth
|-damage|p2a: Iron Moth|0 fnt
|faint|p2a: Iron Moth
|-end|p2a: Iron Moth|Quark Drive|[silent]
|
|upkeep
|
|t:|1757813379
|switch|p2a: Kingambit|Kingambit, M, shiny|100/100
|-activate|p2a: Kingambit|ability: Supreme Overlord
|-start|p2a: Kingambit|fallen1|[silent]
|turn|3
|
|t:|1757813388
|switch|p1a: Ninetales|Ninetales-Alola, F|100/100
|-weather|Snowscape|[from] ability: Snow Warning|[of] p1a: Ninetales
|move|p2a: Kingambit|Sucker Punch||[still]
|-fail|p2a: Kingambit
|
|-weather|Snowscape|[upkeep]
|upkeep
|turn|4
|
|t:|1757813393
|-end|p2a: Kingambit|fallen1|[silent]
|switch|p2a: Torkoal|Torkoal, M, shiny|100/100
|-weather|SunnyDay|[from] ability: Drought|[of] p2a: Torkoal
|move|p1a: Ninetales|Encore||[still]
|-fail|p1a: Ninetales
|
|-weather|SunnyDay|[upkeep]
|upkeep
|turn|5
|
|t:|1757813401
|switch|p1a: Ogerpon|Ogerpon-Wellspring-Tera, F, tera:Water|11/100
|-ability|p1a: Ogerpon|Embody Aspect (Wellspring)|boost
|-boost|p1a: Ogerpon|spd|1
|move|p2a: Torkoal|Stealth Rock|p1a: Ogerpon
|-sidestart|p1: Axj5869|move: Stealth Rock
|
|-weather|SunnyDay|[upkeep]
|upkeep
|turn|6
|
|t:|1757813413
|switch|p2a: Landorus|Landorus-Therian, M|29/100
|-ability|p2a: Landorus|Intimidate|boost
|-unboost|p1a: Ogerpon|atk|1
|move|p1a: Ogerpon|Ivy Cudgel|p2a: Landorus|[anim] Ivy Cudgel Water
|-supereffective|p2a: Landorus
|-damage|p2a: Landorus|0 fnt
|faint|p2a: Landorus
|
|-weather|SunnyDay|[upkeep]
|upkeep
|
|t:|1757813422
|switch|p2a: Kingambit|Kingambit, M, shiny|100/100
|-activate|p2a: Kingambit|ability: Supreme Overlord
|-start|p2a: Kingambit|fallen2|[silent]
|turn|7
|
|t:|1757813427
|move|p1a: Ogerpon|Taunt|p2a: Kingambit
|-start|p2a: Kingambit|move: Taunt
|move|p2a: Kingambit|Iron Head|p1a: Ogerpon
|-resisted|p1a: Ogerpon
|-damage|p1a: Ogerpon|0 fnt
|faint|p1a: Ogerpon
|detailschange|p1: Ogerpon|Ogerpon-Wellspring, F|[silent]
|
|-weather|SunnyDay|[upkeep]
|upkeep
|
|t:|1757813437
|switch|p1a: Brambleghast|Brambleghast, F|100/100
|turn|8
|
|t:|1757813448
|move|p1a: Brambleghast|Rapid Spin|p2a: Kingambit
|-resisted|p2a: Kingambit
|-damage|p2a: Kingambit|95/100
|-boost|p1a: Brambleghast|spe|1
|-sideend|p1: Axj5869|Stealth Rock|[from] move: Rapid Spin|[of] p1a: Brambleghast
|move|p2a: Kingambit|Kowtow Cleave|p1a: Brambleghast
|-supereffective|p1a: Brambleghast
|-damage|p1a: Brambleghast|0 fnt
|faint|p1a: Brambleghast
|
|-weather|SunnyDay|[upkeep]
|-heal|p2a: Kingambit|100/100|[from] item: Leftovers
|upkeep
|
|t:|1757813457
|switch|p1a: Scizor|Scizor, M|100/100
|turn|9
|
|t:|1757813463
|-end|p2a: Kingambit|fallen2|[silent]
|switch|p2a: Torkoal|Torkoal, M, shiny|100/100
|move|p1a: Scizor|Close Combat|p2a: Torkoal
|-damage|p2a: Torkoal|74/100
|-unboost|p1a: Scizor|def|1
|-unboost|p1a: Scizor|spd|1
|
|-weather|SunnyDay|[upkeep]
|upkeep
|turn|10
|
|t:|1757813475
|switch|p1a: Ninetales|Ninetales-Alola, F|100/100
|-weather|Snowscape|[from] ability: Snow Warning|[of] p1a: Ninetales
|switch|p2a: Kingambit|Kingambit, M, shiny|100/100
|-activate|p2a: Kingambit|ability: Supreme Overlord
|-start|p2a: Kingambit|fallen2|[silent]
|
|-weather|Snowscape|[upkeep]
|upkeep
|turn|11
|
|t:|1757813489
|switch|p1a: Darkrai|Darkrai|100/100
|-end|p2a: Kingambit|fallen2|[silent]
|switch|p2a: Torkoal|Torkoal, M, shiny|74/100
|-weather|SunnyDay|[from] ability: Drought|[of] p2a: Torkoal
|
|-weather|SunnyDay|[upkeep]
|upkeep
|turn|12
|
|t:|1757813494
|switch|p2a: Kingambit|Kingambit, M, shiny|100/100
|-activate|p2a: Kingambit|ability: Supreme Overlord
|-start|p2a: Kingambit|fallen2|[silent]
|move|p1a: Darkrai|Dark Pulse|p2a: Kingambit
|-resisted|p2a: Kingambit
|-damage|p2a: Kingambit|77/100
|
|-weather|SunnyDay|[upkeep]
|-heal|p2a: Kingambit|83/100|[from] item: Leftovers
|upkeep
|turn|13
|
|t:|1757813514
|switch|p1a: Scizor|Scizor, M|100/100
|move|p2a: Kingambit|Iron Head|p1a: Scizor
|-resisted|p1a: Scizor
|-damage|p1a: Scizor|74/100
|
|-weather|SunnyDay|[upkeep]
|-heal|p2a: Kingambit|90/100|[from] item: Leftovers
|upkeep
|turn|14
|
|t:|1757813522
|-end|p2a: Kingambit|fallen2|[silent]
|switch|p2a: Walking Wake|Walking Wake|100/100
|-activate|p2a: Walking Wake|ability: Protosynthesis
|-start|p2a: Walking Wake|protosynthesisspe
|move|p1a: Scizor|Swords Dance|p1a: Scizor
|-boost|p1a: Scizor|atk|2
|
|-weather|SunnyDay|[upkeep]
|upkeep
|turn|15
|
|t:|1757813529
|move|p1a: Scizor|Bullet Punch|p2a: Walking Wake
|-resisted|p2a: Walking Wake
|-damage|p2a: Walking Wake|56/100
|move|p2a: Walking Wake|Hydro Steam|p1a: Scizor
|-damage|p1a: Scizor|0 fnt
|faint|p1a: Scizor
|
|-weather|SunnyDay|[upkeep]
|upkeep
|
|t:|1757813538
|switch|p1a: Darkrai|Darkrai|100/100
|turn|16
|
|t:|1757813544
|-end|p2a: Walking Wake|Protosynthesis|[silent]
|switch|p2a: Kingambit|Kingambit, M, shiny|90/100
|-activate|p2a: Kingambit|ability: Supreme Overlord
|-start|p2a: Kingambit|fallen2|[silent]
|move|p1a: Darkrai|Dark Pulse|p2a: Kingambit
|-resisted|p2a: Kingambit
|-damage|p2a: Kingambit|64/100
|
|-weather|SunnyDay|[upkeep]
|-heal|p2a: Kingambit|70/100|[from] item: Leftovers
|upkeep
|turn|17
|
|t:|1757813555
|-end|p2a: Kingambit|fallen2|[silent]
|switch|p2a: Raging Bolt|Raging Bolt|100/100
|-activate|p2a: Raging Bolt|ability: Protosynthesis
|-start|p2a: Raging Bolt|protosynthesisspa
|move|p1a: Darkrai|Dark Pulse|p2a: Raging Bolt
|-damage|p2a: Raging Bolt|57/100
|
|-weather|SunnyDay|[upkeep]
|upkeep
|turn|18
|
|t:|1757813561
|move|p2a: Raging Bolt|Thunderclap|p1a: Darkrai
|-damage|p1a: Darkrai|28/100
|move|p1a: Darkrai|Ice Beam|p2a: Raging Bolt
|-supereffective|p2a: Raging Bolt
|-damage|p2a: Raging Bolt|0 fnt
|faint|p2a: Raging Bolt
|-end|p2a: Raging Bolt|Protosynthesis|[silent]
|
|-weather|none
|upkeep
|
|t:|1757813568
|switch|p2a: Kingambit|Kingambit, M, shiny|70/100
|-activate|p2a: Kingambit|ability: Supreme Overlord
|-start|p2a: Kingambit|fallen3|[silent]
|turn|19
|
|t:|1757813576
|move|p1a: Darkrai|Dark Pulse|p2a: Kingambit
|-resisted|p2a: Kingambit
|-damage|p2a: Kingambit|44/100
|move|p2a: Kingambit|Iron Head|p1a: Darkrai
|-damage|p1a: Darkrai|0 fnt
|faint|p1a: Darkrai
|
|-heal|p2a: Kingambit|51/100|[from] item: Leftovers
|upkeep
|
|t:|1757813593
|switch|p1a: Ninetales|Ninetales-Alola, F|100/100
|-weather|Snowscape|[from] ability: Snow Warning|[of] p1a: Ninetales
|turn|20
|
|t:|1757813611
|switch|p1a: Iron Boulder|Iron Boulder|100/100
|-enditem|p1a: Iron Boulder|Booster Energy
|-activate|p1a: Iron Boulder|ability: Quark Drive|[fromitem]
|-start|p1a: Iron Boulder|quarkdrivespe
|-end|p2a: Kingambit|fallen3|[silent]
|switch|p2a: Torkoal|Torkoal, M, shiny|74/100
|-weather|SunnyDay|[from] ability: Drought|[of] p2a: Torkoal
|
|-weather|SunnyDay|[upkeep]
|upkeep
|turn|21
|
|t:|1757813619
|move|p1a: Iron Boulder|Swords Dance|p1a: Iron Boulder
|-boost|p1a: Iron Boulder|atk|2
|move|p2a: Torkoal|Will-O-Wisp|p1a: Iron Boulder
|-status|p1a: Iron Boulder|brn
|
|-weather|SunnyDay|[upkeep]
|-damage|p1a: Iron Boulder|94/100 brn|[from] brn
|upkeep
|turn|22
|
|t:|1757813626
|move|p1a: Iron Boulder|Mighty Cleave|p2a: Torkoal
|-supereffective|p2a: Torkoal
|-damage|p2a: Torkoal|23/100
|move|p2a: Torkoal|Lava Plume|p1a: Iron Boulder
|-resisted|p1a: Iron Boulder
|-damage|p1a: Iron Boulder|76/100 brn
|
|-weather|SunnyDay|[upkeep]
|-damage|p1a: Iron Boulder|69/100 brn|[from] brn
|upkeep
|turn|23
|
|t:|1757813631
|move|p1a: Iron Boulder|Swords Dance|p1a: Iron Boulder
|-boost|p1a: Iron Boulder|atk|2
|move|p2a: Torkoal|Lava Plume|p1a: Iron Boulder
|-resisted|p1a: Iron Boulder
|-damage|p1a: Iron Boulder|51/100 brn
|
|-weather|SunnyDay|[upkeep]
|-damage|p1a: Iron Boulder|45/100 brn|[from] brn
|upkeep
|turn|24
|
|t:|1757813633
|move|p1a: Iron Boulder|Mighty Cleave|p2a: Torkoal
|-supereffective|p2a: Torkoal
|-damage|p2a: Torkoal|0 fnt
|faint|p2a: Torkoal
|
|-weather|SunnyDay|[upkeep]
|-damage|p1a: Iron Boulder|39/100 brn|[from] brn
|upkeep
|
|t:|1757813641
|switch|p2a: Kingambit|Kingambit, M, shiny|51/100
|-activate|p2a: Kingambit|ability: Supreme Overlord
|-start|p2a: Kingambit|fallen4|[silent]
|turn|25
|
|t:|1757813645
|move|p2a: Kingambit|Sucker Punch|p1a: Iron Boulder
|-supereffective|p1a: Iron Boulder
|-damage|p1a: Iron Boulder|0 fnt
|faint|p1a: Iron Boulder
|-end|p1a: Iron Boulder|Quark Drive|[silent]
|
|-weather|SunnyDay|[upkeep]
|-heal|p2a: Kingambit|57/100|[from] item: Leftovers
|upkeep
|
|t:|1757813648
|switch|p1a: Ninetales|Ninetales-Alola, F|100/100
|-weather|Snowscape|[from] ability: Snow Warning|[of] p1a: Ninetales
|turn|26
|
|t:|1757813654
|move|p1a: Ninetales|Encore|p2a: Kingambit
|-start|p2a: Kingambit|Encore
|move|p2a: Kingambit|Sucker Punch||[still]
|-fail|p2a: Kingambit
|
|-weather|Snowscape|[upkeep]
|-heal|p2a: Kingambit|63/100|[from] item: Leftovers
|upkeep
|turn|27
|
|t:|1757813660
|-end|p2a: Kingambit|fallen4|[silent]
|switch|p2a: Walking Wake|Walking Wake|56/100
|move|p1a: Ninetales|Aurora Veil|p1a: Ninetales
|-sidestart|p1: Axj5869|move: Aurora Veil
|
|-weather|Snowscape|[upkeep]
|upkeep
|turn|28
|
|t:|1757813679
|move|p1a: Ninetales|Freeze-Dry|p2a: Walking Wake
|-supereffective|p2a: Walking Wake
|-damage|p2a: Walking Wake|0 fnt
|faint|p2a: Walking Wake
|-end|p2a: Walking Wake|Protosynthesis|[silent]
|
|-weather|Snowscape|[upkeep]
|upkeep
|
|t:|1757813682
|switch|p2a: Kingambit|Kingambit, M, shiny|63/100
|-activate|p2a: Kingambit|ability: Supreme Overlord
|-start|p2a: Kingambit|fallen5|[silent]
|turn|29
|
|t:|1757813689
|move|p1a: Ninetales|Moonblast|p2a: Kingambit
|-damage|p2a: Kingambit|24/100
|move|p2a: Kingambit|Iron Head|p1a: Ninetales
|-supereffective|p1a: Ninetales
|-damage|p1a: Ninetales|0 fnt
|faint|p1a: Ninetales
|
|win|LT91BB incelman
|raw|Axj5869's rating: 1347 &rarr; <strong>1331</strong><br />(-16 for losing)
|raw|LT91BB incelman's rating: 1422 &rarr; <strong>1438</strong><br />(+16 for winning)
