|j|☆jjss94
|j|☆kinsword
|t:|1757840107
|gametype|singles
|player|p1|jjss94|1|1193
|player|p2|kinsword|1|1250
|gen|9
|tier|[Gen 9] OU
|rated|
|rule|HP Percentage Mod: HP is shown in percentages
|rule|Endless Battle Clause: Forcing endless battles is banned
|rule|Species Clause: Limit one of each Pokémon
|rule|OHKO Clause: OHKO moves are banned
|rule|Evasion Items Clause: Evasion items are banned
|rule|Evasion Moves Clause: Evasion moves are banned
|rule|Evasion Abilities Clause: Evasion abilities are banned
|rule|Sleep Moves Clause: Sleep-inducing moves are banned
|clearpoke
|poke|p1|Hatterene, F|
|poke|p1|Slowking-Galar, F|
|poke|p1|Ursaluna, M|
|poke|p1|Hydrapple, M|
|poke|p1|Indeedee, M|
|poke|p1|Tinkaton, F|
|poke|p2|Tyranitar, F|
|poke|p2|Samurott, F|
|poke|p2|Zapdos-Galar|
|poke|p2|Excadrill, F|
|poke|p2|Enamorus-Therian, F|
|poke|p2|Overqwil, F|
|teampreview
|inactive|Battle timer is ON: inactive players will automatically lose when time's up. (requested by kinsword)
|
|t:|1757840123
|teamsize|p1|6
|teamsize|p2|6
|start
|switch|p1a: Tinkaton|Tinkaton, F|100/100
|switch|p2a: Excadrill|Excadrill, F|100/100
|-ability|p1a: Tinkaton|Mold Breaker
|-ability|p2a: Excadrill|Mold Breaker
|turn|1
|
|t:|1757840133
|switch|p1a: Hydrapple|Hydrapple, M|100/100
|move|p2a: Excadrill|Earthquake|p1a: Hydrapple
|-resisted|p1a: Hydrapple
|-damage|p1a: Hydrapple|81/100
|
|upkeep
|turn|2
|
|t:|1757840143
|switch|p2a: Enamorus|Enamorus-Therian, F|100/100
|move|p1a: Hydrapple|Fickle Beam|p2a: Enamorus
|-immune|p2a: Enamorus
|
|upkeep
|turn|3
|
|t:|1757840155
|switch|p2a: Tyranitar|Tyranitar, F|100/100
|-weather|Sandstorm|[from] ability: Sand Stream|[of] p2a: Tyranitar
|switch|p1a: Slowking|Slowking-Galar, F|100/100
|
|-weather|Sandstorm|[upkeep]
|-damage|p1a: Slowking|94/100|[from] Sandstorm
|-heal|p1a: Slowking|100/100|[from] item: Leftovers
|upkeep
|turn|4
|
|t:|1757840168
|switch|p1a: Hatterene|Hatterene, F|100/100
|move|p2a: Tyranitar|Crunch|p1a: Hatterene
|-damage|p1a: Hatterene|45/100
|
|-weather|Sandstorm|[upkeep]
|-damage|p1a: Hatterene|39/100|[from] Sandstorm
|upkeep
|turn|5
|
|t:|1757840177
|move|p2a: Tyranitar|Crunch|p1a: Hatterene
|-damage|p1a: Hatterene|0 fnt
|faint|p1a: Hatterene
|
|-weather|Sandstorm|[upkeep]
|upkeep
|
|t:|1757840183
|switch|p1a: Tinkaton|Tinkaton, F|100/100
|-ability|p1a: Tinkaton|Mold Breaker
|turn|6
|
|t:|1757840191
|switch|p2a: Excadrill|Excadrill, F|100/100
|-ability|p2a: Excadrill|Mold Breaker
|move|p1a: Tinkaton|Gigaton Hammer|p2a: Excadrill
|-resisted|p2a: Excadrill
|-damage|p2a: Excadrill|57/100
|
|-weather|Sandstorm|[upkeep]
|upkeep
|turn|7
|
|t:|1757840202
|switch|p1a: Hydrapple|Hydrapple, M|100/100
|move|p2a: Excadrill|Iron Head|p1a: Hydrapple
|-damage|p1a: Hydrapple|70/100
|
|-weather|none
|upkeep
|turn|8
|
|t:|1757840215
|move|p2a: Excadrill|Iron Head|p1a: Hydrapple
|-damage|p1a: Hydrapple|38/100
|move|p1a: Hydrapple|Leaf Storm|p2a: Excadrill|[miss]
|-miss|p1a: Hydrapple|p2a: Excadrill
|
|upkeep
|turn|9
|
|t:|1757840239
|move|p2a: Excadrill|Iron Head|p1a: Hydrapple
|-damage|p1a: Hydrapple|6/100
|move|p1a: Hydrapple|Leaf Storm|p2a: Excadrill
|-damage|p2a: Excadrill|0 fnt
|-unboost|p1a: Hydrapple|spa|2
|faint|p2a: Excadrill
|
|upkeep
|
|t:|1757840248
|switch|p2a: Zapdos|Zapdos-Galar|100/100
|turn|10
|
|t:|1757840254
|switch|p1a: Tinkaton|Tinkaton, F|100/100
|-ability|p1a: Tinkaton|Mold Breaker
|move|p2a: Zapdos|U-turn|p1a: Tinkaton
|-resisted|p1a: Tinkaton
|-damage|p1a: Tinkaton|93/100
|inactive|kinsword has 120 seconds left.
|
|t:|1757840293
|switch|p2a: Samurott|Samurott, F|100/100|[from] U-turn
|
|upkeep
|turn|11
|
|t:|1757840299
|move|p1a: Tinkaton|Knock Off|p2a: Samurott
|-damage|p2a: Samurott|75/100
|-enditem|p2a: Samurott|Assault Vest|[from] move: Knock Off|[of] p1a: Tinkaton
|move|p2a: Samurott|Surf|p1a: Tinkaton
|-damage|p1a: Tinkaton|49/100
|
|upkeep
|turn|12
|inactive|kinsword has 120 seconds left.
|
|t:|1757840306
|move|p1a: Tinkaton|Stealth Rock|p2a: Samurott
|-sidestart|p2: kinsword|move: Stealth Rock
|move|p2a: Samurott|Surf|p1a: Tinkaton
|-damage|p1a: Tinkaton|6/100
|
|upkeep
|turn|13
|
|t:|1757840312
|move|p2a: Samurott|Aqua Jet|p1a: Tinkaton
|-damage|p1a: Tinkaton|0 fnt
|faint|p1a: Tinkaton
|
|upkeep
|
|t:|1757840318
|switch|p1a: Slowking|Slowking-Galar, F|100/100
|turn|14
|
|t:|1757840321
|move|p2a: Samurott|Surf|p1a: Slowking
|-damage|p1a: Slowking|74/100
|move|p1a: Slowking|Trick Room|p1a: Slowking
|-fieldstart|move: Trick Room|[of] p1a: Slowking
|
|-heal|p1a: Slowking|80/100|[from] item: Leftovers
|upkeep
|turn|15
|
|t:|1757840329
|-prepare|p1a: Slowking|Chilly Reception|[premajor]
|move|p1a: Slowking|Chilly Reception|p1a: Slowking
|-weather|Snowscape
|
|t:|1757840335
|switch|p1a: Hydrapple|Hydrapple, M|39/100|[from] Chilly Reception
|move|p2a: Samurott|Surf|p1a: Hydrapple
|-resisted|p1a: Hydrapple
|-damage|p1a: Hydrapple|28/100
|
|-weather|Snowscape|[upkeep]
|upkeep
|turn|16
|
|t:|1757840345
|switch|p2a: Enamorus|Enamorus-Therian, F|100/100
|-damage|p2a: Enamorus|75/100|[from] Stealth Rock
|move|p1a: Hydrapple|Power Whip|p2a: Enamorus
|-resisted|p2a: Enamorus
|-damage|p2a: Enamorus|59/100
|
|-weather|Snowscape|[upkeep]
|upkeep
|turn|17
|
|t:|1757840360
|move|p1a: Hydrapple|Leaf Storm|p2a: Enamorus
|-resisted|p2a: Enamorus
|-damage|p2a: Enamorus|38/100
|-unboost|p1a: Hydrapple|spa|2
|move|p2a: Enamorus|Earth Power|p1a: Hydrapple
|-resisted|p1a: Hydrapple
|-crit|p1a: Hydrapple
|-damage|p1a: Hydrapple|0 fnt
|faint|p1a: Hydrapple
|
|-weather|Snowscape|[upkeep]
|upkeep
|
|t:|1757840363
|switch|p1a: Slowking|Slowking-Galar, F|100/100
|turn|18
|
|t:|1757840373
|move|p1a: Slowking|Blizzard|p2a: Enamorus
|-supereffective|p2a: Enamorus
|-damage|p2a: Enamorus|1/100
|move|p2a: Enamorus|Earth Power|p1a: Slowking
|-supereffective|p1a: Slowking
|-damage|p1a: Slowking|57/100
|
|-weather|Snowscape|[upkeep]
|-heal|p1a: Slowking|63/100|[from] item: Leftovers
|-fieldend|move: Trick Room
|upkeep
|turn|19
|
|t:|1757840384
|move|p2a: Enamorus|Earth Power|p1a: Slowking
|-supereffective|p1a: Slowking
|-damage|p1a: Slowking|19/100
|move|p1a: Slowking|Trick Room|p1a: Slowking
|-fieldstart|move: Trick Room|[of] p1a: Slowking
|
|-weather|none
|-heal|p1a: Slowking|25/100|[from] item: Leftovers
|upkeep
|turn|20
|
|t:|1757840392
|move|p1a: Slowking|Blizzard|p2a: Enamorus|[miss]
|-miss|p1a: Slowking|p2a: Enamorus
|move|p2a: Enamorus|Earth Power|p1a: Slowking
|-supereffective|p1a: Slowking
|-damage|p1a: Slowking|0 fnt
|faint|p1a: Slowking
|
|upkeep
|
|t:|1757840394
|switch|p1a: Ursaluna|Ursaluna, M|100/100
|turn|21
|
|t:|1757840404
|move|p2a: Enamorus|Moonblast|p1a: Ursaluna
|-damage|p1a: Ursaluna|50/100
|-unboost|p1a: Ursaluna|spa|1
|move|p1a: Ursaluna|Facade|p2a: Enamorus
|-damage|p2a: Enamorus|0 fnt
|faint|p2a: Enamorus
|
|-status|p1a: Ursaluna|brn|[from] item: Flame Orb
|upkeep
|
|t:|1757840416
|switch|p2a: Overqwil|Overqwil, F|100/100
|-damage|p2a: Overqwil|88/100|[from] Stealth Rock
|-ability|p2a: Overqwil|Intimidate|boost
|-unboost|p1a: Ursaluna|atk|1
|turn|22
|
|t:|1757840435
|move|p1a: Ursaluna|Headlong Rush|p2a: Overqwil
|-supereffective|p2a: Overqwil
|-damage|p2a: Overqwil|0 fnt
|-unboost|p1a: Ursaluna|def|1
|-unboost|p1a: Ursaluna|spd|1
|faint|p2a: Overqwil
|
|-damage|p1a: Ursaluna|44/100 brn|[from] brn
|upkeep
|
|t:|1757840444
|switch|p2a: Samurott|Samurott, F|75/100
|-damage|p2a: Samurott|63/100|[from] Stealth Rock
|turn|23
|
|t:|1757840448
|move|p2a: Samurott|Aqua Jet|p1a: Ursaluna
|-supereffective|p1a: Ursaluna
|-damage|p1a: Ursaluna|17/100 brn
|move|p1a: Ursaluna|Facade|p2a: Samurott
|-damage|p2a: Samurott|0 fnt
|faint|p2a: Samurott
|
|-damage|p1a: Ursaluna|11/100 brn|[from] brn
|-fieldend|move: Trick Room
|upkeep
|
|t:|1757840460
|switch|p2a: Zapdos|Zapdos-Galar|100/100
|-damage|p2a: Zapdos|88/100|[from] Stealth Rock
|turn|24
|
|t:|1757840466
|move|p2a: Zapdos|Brave Bird|p1a: Ursaluna
|-damage|p1a: Ursaluna|0 fnt
|faint|p1a: Ursaluna
|-damage|p2a: Zapdos|83/100|[from] Recoil
|
|upkeep
|
|t:|1757840469
|switch|p1a: Indeedee|Indeedee, M|100/100
|-fieldstart|move: Psychic Terrain|[from] ability: Psychic Surge|[of] p1a: Indeedee
|turn|25
|
|t:|1757840476
|-terastallize|p1a: Indeedee|Fairy
|move|p2a: Zapdos|Brave Bird|p1a: Indeedee
|-damage|p1a: Indeedee|0 fnt
|faint|p1a: Indeedee
|-damage|p2a: Zapdos|56/100|[from] Recoil
|
|win|kinsword
|raw|jjss94's rating: 1193 &rarr; <strong>1172</strong><br />(-21 for losing)
|raw|kinsword's rating: 1250 &rarr; <strong>1271</strong><br />(+21 for winning)
|l|☆jjss94
|player|p1|
|l|☆kinsword
|player|p2|
