|j|☆Haxs R Uss
|j|☆Brushmondents
|t:|1757931178
|gametype|singles
|player|p1|Haxs R Uss|n|1325
|player|p2|Brushmondents|iris-gen5bw2|1376
|gen|9
|tier|[Gen 9] OU
|rated|
|rule|HP Percentage Mod: HP is shown in percentages
|rule|Endless Battle Clause: Forcing endless battles is banned
|rule|Species Clause: Limit one of each Pokémon
|rule|OHKO Clause: OHKO moves are banned
|rule|Evasion Items Clause: Evasion items are banned
|rule|Evasion Moves Clause: Evasion moves are banned
|rule|Evasion Abilities Clause: Evasion abilities are banned
|rule|Sleep Moves Clause: Sleep-inducing moves are banned
|clearpoke
|poke|p1|Grimmsnarl, M|
|poke|p1|Darkrai|
|poke|p1|Great Tusk|
|poke|p1|Primarina, F|
|poke|p1|Scizor, F|
|poke|p1|Haxorus, M|
|poke|p2|Samurott-Hisui, F|
|poke|p2|Great Tusk|
|poke|p2|Volcanion|
|poke|p2|Hydrapple, M|
|poke|p2|Gholdengo|
|poke|p2|Landorus-Therian, M|
|teampreview
|inactive|Battle timer is ON: inactive players will automatically lose when time's up. (requested by Haxs R Uss)
|inactive|Haxs R Uss has 120 seconds left.
|
|t:|1757931242
|teamsize|p1|6
|teamsize|p2|6
|start
|switch|p1a: Grimmsnarl|Grimmsnarl, M|100/100
|switch|p2a: Gholdengo|Gholdengo|100/100
|-item|p2a: Gholdengo|Air Balloon
|turn|1
|
|t:|1757931254
|move|p1a: Grimmsnarl|Light Screen|p1a: Grimmsnarl
|-sidestart|p1: Haxs R Uss|move: Light Screen
|move|p2a: Gholdengo|Nasty Plot|p2a: Gholdengo
|-boost|p2a: Gholdengo|spa|2
|
|upkeep
|turn|2
|
|t:|1757931260
|move|p1a: Grimmsnarl|Reflect|p1a: Grimmsnarl
|-sidestart|p1: Haxs R Uss|Reflect
|move|p2a: Gholdengo|Make It Rain|p1a: Grimmsnarl
|-supereffective|p1a: Grimmsnarl
|-damage|p1a: Grimmsnarl|7/100
|-unboost|p2a: Gholdengo|spa|1
|
|upkeep
|turn|3
|
|t:|1757931274
|switch|p2a: Landorus|Landorus-Therian, M|100/100
|-ability|p2a: Landorus|Intimidate|boost
|-unboost|p1a: Grimmsnarl|atk|1
|move|p1a: Grimmsnarl|Parting Shot|p2a: Landorus
|-unboost|p2a: Landorus|atk|1
|-unboost|p2a: Landorus|spa|1
|
|t:|1757931290
|switch|p1a: Primarina|Primarina, F|100/100|[from] Parting Shot
|
|upkeep
|turn|4
|
|t:|1757931302
|move|p2a: Landorus|U-turn|p1a: Primarina
|-resisted|p1a: Primarina
|-damage|p1a: Primarina|97/100
|inactive|Brushmondents has 120 seconds left.
|
|t:|1757931327
|switch|p2a: Volcanion|Volcanion|100/100|[from] U-turn
|move|p1a: Primarina|Substitute|p1a: Primarina
|-start|p1a: Primarina|Substitute
|-damage|p1a: Primarina|72/100
|
|-heal|p1a: Primarina|78/100|[from] item: Leftovers
|upkeep
|turn|5
|inactive|Brushmondents has 120 seconds left.
|
|t:|1757931338
|move|p2a: Volcanion|Sludge Bomb|p1a: Primarina
|-supereffective|p1a: Primarina
|-activate|p1a: Primarina|move: Substitute|[damage]
|move|p1a: Primarina|Calm Mind|p1a: Primarina
|-boost|p1a: Primarina|spa|1
|-boost|p1a: Primarina|spd|1
|
|-heal|p1a: Primarina|84/100|[from] item: Leftovers
|upkeep
|turn|6
|inactive|Brushmondents has 120 seconds left.
|
|t:|1757931350
|move|p2a: Volcanion|Sludge Bomb|p1a: Primarina
|-supereffective|p1a: Primarina
|-end|p1a: Primarina|Substitute
|move|p1a: Primarina|Calm Mind|p1a: Primarina
|-boost|p1a: Primarina|spa|1
|-boost|p1a: Primarina|spd|1
|
|-heal|p1a: Primarina|90/100|[from] item: Leftovers
|upkeep
|turn|7
|
|t:|1757931358
|move|p2a: Volcanion|Sludge Bomb|p1a: Primarina
|-supereffective|p1a: Primarina
|-damage|p1a: Primarina|78/100
|move|p1a: Primarina|Calm Mind|p1a: Primarina
|-boost|p1a: Primarina|spa|1
|-boost|p1a: Primarina|spd|1
|
|-heal|p1a: Primarina|84/100|[from] item: Leftovers
|upkeep
|turn|8
|
|t:|1757931365
|move|p2a: Volcanion|Sludge Bomb|p1a: Primarina
|-supereffective|p1a: Primarina
|-damage|p1a: Primarina|74/100
|move|p1a: Primarina|Substitute|p1a: Primarina
|-start|p1a: Primarina|Substitute
|-damage|p1a: Primarina|49/100
|
|-heal|p1a: Primarina|55/100|[from] item: Leftovers
|-sideend|p1: Haxs R Uss|move: Light Screen
|upkeep
|turn|9
|inactive|Haxs R Uss has 120 seconds left.
|
|t:|1757931401
|move|p2a: Volcanion|Sludge Bomb|p1a: Primarina
|-supereffective|p1a: Primarina
|-activate|p1a: Primarina|move: Substitute|[damage]
|move|p1a: Primarina|Draining Kiss|p2a: Volcanion
|-resisted|p2a: Volcanion
|-damage|p2a: Volcanion|74/100
|-heal|p1a: Primarina|74/100|[from] drain|[of] p2a: Volcanion
|
|-heal|p1a: Primarina|80/100|[from] item: Leftovers
|-sideend|p1: Haxs R Uss|Reflect
|upkeep
|turn|10
|
|t:|1757931416
|move|p2a: Volcanion|Sludge Bomb|p1a: Primarina
|-supereffective|p1a: Primarina
|-end|p1a: Primarina|Substitute
|move|p1a: Primarina|Draining Kiss|p2a: Volcanion
|-resisted|p2a: Volcanion
|-damage|p2a: Volcanion|49/100
|-heal|p1a: Primarina|99/100|[from] drain|[of] p2a: Volcanion
|
|-heal|p1a: Primarina|100/100|[from] item: Leftovers
|upkeep
|turn|11
|
|t:|1757931425
|move|p2a: Volcanion|Sludge Bomb|p1a: Primarina
|-supereffective|p1a: Primarina
|-damage|p1a: Primarina|80/100
|-status|p1a: Primarina|psn
|move|p1a: Primarina|Draining Kiss|p2a: Volcanion
|-resisted|p2a: Volcanion
|-damage|p2a: Volcanion|24/100
|-heal|p1a: Primarina|99/100 psn|[from] drain|[of] p2a: Volcanion
|
|-heal|p1a: Primarina|100/100 psn|[from] item: Leftovers
|-damage|p1a: Primarina|88/100 psn|[from] psn
|upkeep
|turn|12
|
|t:|1757931439
|switch|p2a: Gholdengo|Gholdengo|100/100
|-item|p2a: Gholdengo|Air Balloon
|move|p1a: Primarina|Draining Kiss|p2a: Gholdengo
|-resisted|p2a: Gholdengo
|-damage|p2a: Gholdengo|74/100
|-heal|p1a: Primarina|100/100 psn|[from] drain|[of] p2a: Gholdengo
|-enditem|p2a: Gholdengo|Air Balloon
|
|-damage|p1a: Primarina|88/100 psn|[from] psn
|upkeep
|turn|13
|
|t:|1757931458
|-terastallize|p1a: Primarina|Steel
|move|p2a: Gholdengo|Make It Rain|p1a: Primarina
|-resisted|p1a: Primarina
|-damage|p1a: Primarina|78/100 psn
|-unboost|p2a: Gholdengo|spa|1
|move|p1a: Primarina|Psychic Noise|p2a: Gholdengo
|-damage|p2a: Gholdengo|0 fnt
|faint|p2a: Gholdengo
|
|-heal|p1a: Primarina|84/100 psn|[from] item: Leftovers
|-damage|p1a: Primarina|72/100 psn|[from] psn
|upkeep
|inactive|Brushmondents has 120 seconds left.
|
|t:|1757931474
|switch|p2a: Landorus|Landorus-Therian, M|100/100
|-ability|p2a: Landorus|Intimidate|boost
|-unboost|p1a: Primarina|atk|1
|turn|14
|inactive|Brushmondents has 120 seconds left.
|
|t:|1757931499
|move|p2a: Landorus|Earthquake|p1a: Primarina
|-supereffective|p1a: Primarina
|-damage|p1a: Primarina|0 fnt
|faint|p1a: Primarina
|
|upkeep
|
|t:|1757931503
|switch|p1a: Grimmsnarl|Grimmsnarl, M|7/100
|turn|15
|
|t:|1757931510
|move|p1a: Grimmsnarl|Reflect|p1a: Grimmsnarl
|-sidestart|p1: Haxs R Uss|Reflect
|move|p2a: Landorus|Earthquake|p1a: Grimmsnarl
|-damage|p1a: Grimmsnarl|0 fnt
|faint|p1a: Grimmsnarl
|
|upkeep
|inactive|Haxs R Uss has 120 seconds left.
|
|t:|1757931548
|switch|p1a: Hax "R" Us|Haxorus, M|100/100
|-ability|p1a: Hax "R" Us|Mold Breaker
|turn|16
|
|t:|1757931567
|move|p2a: Landorus|Earthquake|p1a: Hax "R" Us
|-damage|p1a: Hax "R" Us|65/100
|move|p1a: Hax "R" Us|Swords Dance|p1a: Hax "R" Us
|-boost|p1a: Hax "R" Us|atk|2
|
|upkeep
|turn|17
|
|t:|1757931575
|move|p2a: Landorus|Earthquake|p1a: Hax "R" Us
|-damage|p1a: Hax "R" Us|30/100
|move|p1a: Hax "R" Us|Scale Shot|p2a: Landorus
|-damage|p2a: Landorus|64/100
|-damage|p2a: Landorus|27/100
|-damage|p2a: Landorus|0 fnt
|faint|p2a: Landorus
|-hitcount|p2: Landorus|3
|-unboost|p1a: Hax "R" Us|def|1
|-boost|p1a: Hax "R" Us|spe|1
|
|upkeep
|inactive|Brushmondents has 120 seconds left.
|
|t:|1757931611
|switch|p2a: Hydrapple|Hydrapple, M|100/100
|turn|18
|
|t:|1757931620
|-terastallize|p2a: Hydrapple|Steel
|move|p1a: Hax "R" Us|Scale Shot|p2a: Hydrapple
|-resisted|p2a: Hydrapple
|-damage|p2a: Hydrapple|91/100
|-resisted|p2a: Hydrapple
|-damage|p2a: Hydrapple|83/100
|-resisted|p2a: Hydrapple
|-damage|p2a: Hydrapple|74/100
|-resisted|p2a: Hydrapple
|-damage|p2a: Hydrapple|65/100
|-resisted|p2a: Hydrapple
|-damage|p2a: Hydrapple|57/100
|-hitcount|p2a: Hydrapple|5
|-unboost|p1a: Hax "R" Us|def|1
|-boost|p1a: Hax "R" Us|spe|1
|move|p2a: Hydrapple|Fickle Beam|p1a: Hax "R" Us|[anim] Fickle Beam All Out
|-activate|p2a: Hydrapple|move: Fickle Beam
|-supereffective|p1a: Hax "R" Us
|-damage|p1a: Hax "R" Us|0 fnt
|faint|p1a: Hax "R" Us
|
|upkeep
|
|t:|1757931634
|switch|p1a: Great Tusk|Great Tusk|100/100
|turn|19
|inactive|Brushmondents has 120 seconds left.
|inactive|Brushmondents has 90 seconds left.
|
|t:|1757931681
|switch|p2a: Great Tusk|Great Tusk|100/100
|move|p1a: Great Tusk|Headlong Rush|p2a: Great Tusk
|-damage|p2a: Great Tusk|53/100
|-unboost|p1a: Great Tusk|def|1
|-unboost|p1a: Great Tusk|spd|1
|
|upkeep
|turn|20
|
|t:|1757931709
|move|p2a: Great Tusk|Headlong Rush|p1a: Great Tusk
|-damage|p1a: Great Tusk|65/100
|-unboost|p2a: Great Tusk|def|1
|-unboost|p2a: Great Tusk|spd|1
|move|p1a: Great Tusk|Ice Spinner|p2a: Great Tusk
|-supereffective|p2a: Great Tusk
|-damage|p2a: Great Tusk|0 fnt
|faint|p2a: Great Tusk
|-end|p2a: Great Tusk|Protosynthesis|[silent]
|
|upkeep
|inactive|Brushmondents has 60 seconds left.
|
|t:|1757931738
|switch|p2a: Samurott|Samurott-Hisui, F|100/100
|turn|21
|
|t:|1757931748
|-end|p1a: Great Tusk|Protosynthesis|[silent]
|switch|p1a: Scizor|Scizor, F|100/100
|move|p2a: Samurott|Razor Shell|p1a: Scizor|[miss]
|-miss|p2a: Samurott|p1a: Scizor
|
|upkeep
|turn|22
|c|☆Brushmondents|bro
|c|☆Brushmondents|1/20
|
|t:|1757931761
|move|p2a: Samurott|Razor Shell|p1a: Scizor
|-damage|p1a: Scizor|76/100
|move|p1a: Scizor|U-turn|p2a: Samurott
|-supereffective|p2a: Samurott
|-damage|p2a: Samurott|0 fnt
|faint|p2a: Samurott
|
|t:|1757931769
|switch|p1a: Great Tusk|Great Tusk|65/100|[from] U-turn
|
|-sideend|p1: Haxs R Uss|Reflect
|upkeep
|
|t:|1757931775
|switch|p2a: Hydrapple|Hydrapple, M, tera:Steel|90/100
|turn|23
|
|t:|1757931787
|-end|p1a: Great Tusk|Protosynthesis|[silent]
|switch|p1a: Scizor|Scizor, F|76/100
|move|p2a: Hydrapple|Giga Drain|p1a: Scizor
|-resisted|p1a: Scizor
|-damage|p1a: Scizor|66/100
|-heal|p2a: Hydrapple|94/100|[from] drain|[of] p1a: Scizor
|
|upkeep
|turn|24
|
|t:|1757931798
|move|p1a: Scizor|Close Combat|p2a: Hydrapple
|-supereffective|p2a: Hydrapple
|-damage|p2a: Hydrapple|18/100
|-unboost|p1a: Scizor|def|1
|-unboost|p1a: Scizor|spd|1
|-damage|p1a: Scizor|50/100|[from] item: Rocky Helmet|[of] p2a: Hydrapple
|move|p2a: Hydrapple|Earth Power|p1a: Scizor
|-damage|p1a: Scizor|6/100
|
|upkeep
|turn|25
|inactive|Brushmondents has 60 seconds left.
|-message|Brushmondents forfeited.
|
|win|Haxs R Uss
|raw|Haxs R Uss's rating: 1325 &rarr; <strong>1348</strong><br />(+23 for winning)
|raw|Brushmondents's rating: 1376 &rarr; <strong>1353</strong><br />(-23 for losing)
|l|☆Brushmondents
|player|p2|
|l|☆Haxs R Uss
|player|p1|
