|j|☆LousiV
|j|☆andrewm0n
|t:|1757833794
|gametype|singles
|player|p1|LousiV|102|1237
|player|p2|andrewm0n|101|1301
|gen|9
|tier|[Gen 9] OU
|rated|
|rule|HP Percentage Mod: HP is shown in percentages
|rule|Endless Battle Clause: Forcing endless battles is banned
|rule|Species Clause: Limit one of each Pokémon
|rule|OHKO Clause: OHKO moves are banned
|rule|Evasion Items Clause: Evasion items are banned
|rule|Evasion Moves Clause: Evasion moves are banned
|rule|Evasion Abilities Clause: Evasion abilities are banned
|rule|Sleep Moves Clause: Sleep-inducing moves are banned
|clearpoke
|poke|p1|Hariyama, F|
|poke|p1|Mandibuzz, F|
|poke|p1|Hippowdon, F|
|poke|p1|Reuniclus, M|
|poke|p1|Glalie, F|
|poke|p1|Magnezone|
|poke|p2|Rillaboom, M|
|poke|p2|Corviknight, M|
|poke|p2|Goodra-Hisui, M|
|poke|p2|Blaziken, M|
|poke|p2|Clodsire, F|
|poke|p2|Alomomola, F|
|teampreview
|inactive|Battle timer is ON: inactive players will automatically lose when time's up. (requested by LousiV)
|
|t:|1757833805
|teamsize|p1|6
|teamsize|p2|6
|start
|switch|p1a: Glalie|Glalie, F|100/100
|switch|p2a: Rillaboom|Rillaboom, M, shiny|100/100
|-fieldstart|move: Grassy Terrain|[from] ability: Grassy Surge|[of] p2a: Rillaboom
|turn|1
|
|t:|1757833815
|switch|p2a: Goodra|Goodra-Hisui, M, shiny|100/100
|move|p1a: Glalie|Spikes|p2a: Goodra
|-sidestart|p2: andrewm0n|Spikes
|
|upkeep
|turn|2
|
|t:|1757833818
|move|p2a: Goodra|Acid Spray|p1a: Glalie
|-damage|p1a: Glalie|85/100
|-unboost|p1a: Glalie|spd|2
|move|p1a: Glalie|Earthquake|p2a: Goodra
|-supereffective|p2a: Goodra
|-damage|p2a: Goodra|79/100
|
|-heal|p2a: Goodra|85/100|[from] Grassy Terrain
|-heal|p1a: Glalie|91/100|[from] Grassy Terrain
|-heal|p1a: Glalie|97/100|[from] item: Leftovers
|upkeep
|turn|3
|
|t:|1757833830
|switch|p1a: Hariyama|Hariyama, F|100/100
|move|p2a: Goodra|Flash Cannon|p1a: Hariyama
|-damage|p1a: Hariyama|56/100
|
|-heal|p2a: Goodra|91/100|[from] Grassy Terrain
|-heal|p1a: Hariyama|63/100|[from] Grassy Terrain
|-status|p1a: Hariyama|brn|[from] item: Flame Orb
|upkeep
|turn|4
|
|t:|1757833854
|switch|p2a: Corviknight|Corviknight, M, shiny|100/100
|-ability|p2a: Corviknight|Pressure
|move|p1a: Hariyama|Drain Punch|p2a: Corviknight
|-damage|p2a: Corviknight|49/100
|-heal|p1a: Hariyama|86/100 brn|[from] drain|[of] p2a: Corviknight
|
|-heal|p2a: Corviknight|56/100|[from] item: Leftovers
|-heal|p1a: Hariyama|92/100 brn|[from] Grassy Terrain
|-damage|p1a: Hariyama|86/100 brn|[from] brn
|upkeep
|turn|5
|
|t:|1757833867
|switch|p1a: Hippowdon|Hippowdon, F|100/100
|-weather|Sandstorm|[from] ability: Sand Stream|[of] p1a: Hippowdon
|move|p2a: Corviknight|Brave Bird|p1a: Hippowdon
|-damage|p1a: Hippowdon|80/100
|-damage|p2a: Corviknight|48/100|[from] Recoil
|
|-weather|Sandstorm|[upkeep]
|-heal|p2a: Corviknight|55/100|[from] item: Leftovers
|-heal|p1a: Hippowdon|86/100|[from] Grassy Terrain
|-heal|p1a: Hippowdon|92/100|[from] item: Leftovers
|upkeep
|turn|6
|
|t:|1757833871
|move|p2a: Corviknight|Roost|p2a: Corviknight
|-heal|p2a: Corviknight|100/100
|-singleturn|p2a: Corviknight|move: Roost
|move|p1a: Hippowdon|Stealth Rock|p2a: Corviknight
|-sidestart|p2: andrewm0n|move: Stealth Rock
|
|-weather|Sandstorm|[upkeep]
|-heal|p1a: Hippowdon|98/100|[from] Grassy Terrain
|-heal|p1a: Hippowdon|100/100|[from] item: Leftovers
|upkeep
|turn|7
|
|t:|1757833876
|move|p2a: Corviknight|Defog|p1a: Hippowdon
|-unboost|p1a: Hippowdon|evasion|1
|-sideend|p2: andrewm0n|Spikes|[from] move: Defog|[of] p2a: Corviknight
|-sideend|p2: andrewm0n|Stealth Rock|[from] move: Defog|[of] p2a: Corviknight
|-fieldend|move: Grassy Terrain
|move|p1a: Hippowdon|Ice Fang|p2a: Corviknight
|-damage|p2a: Corviknight|86/100
|
|-weather|Sandstorm|[upkeep]
|-heal|p2a: Corviknight|93/100|[from] item: Leftovers
|upkeep
|turn|8
|
|t:|1757833887
|switch|p2a: Rillaboom|Rillaboom, M, shiny|100/100
|-fieldstart|move: Grassy Terrain|[from] ability: Grassy Surge|[of] p2a: Rillaboom
|move|p1a: Hippowdon|Stealth Rock|p2a: Rillaboom
|-sidestart|p2: andrewm0n|move: Stealth Rock
|
|-weather|Sandstorm|[upkeep]
|-damage|p2a: Rillaboom|94/100|[from] Sandstorm
|-heal|p2a: Rillaboom|100/100|[from] Grassy Terrain
|upkeep
|turn|9
|
|t:|1757833897
|switch|p1a: Mandibuzz|Mandibuzz, F|100/100
|move|p2a: Rillaboom|Knock Off|p1a: Mandibuzz
|-resisted|p1a: Mandibuzz
|-damage|p1a: Mandibuzz|93/100
|-enditem|p1a: Mandibuzz|Leftovers|[from] move: Knock Off|[of] p2a: Rillaboom
|
|-weather|none
|upkeep
|turn|10
|
|t:|1757833902
|switch|p2a: Alomomola|Alomomola, F, shiny|100/100
|move|p1a: Mandibuzz|U-turn|p2a: Alomomola
|-damage|p2a: Alomomola|92/100
|
|t:|1757833905
|switch|p1a: Magnezone|Magnezone|100/100|[from] U-turn
|
|-heal|p2a: Alomomola|98/100|[from] Grassy Terrain
|upkeep
|turn|11
|
|t:|1757833907
|move|p1a: Magnezone|Volt Switch|p2a: Alomomola
|-supereffective|p2a: Alomomola
|-damage|p2a: Alomomola|4/100
|
|t:|1757833916
|switch|p1a: Hariyama|Hariyama, F|86/100 brn|[from] Volt Switch
|move|p2a: Alomomola|Mirror Coat|p1a: Hariyama
|-damage|p1a: Hariyama|0 fnt
|faint|p1a: Hariyama
|
|-heal|p2a: Alomomola|10/100|[from] Grassy Terrain
|upkeep
|
|t:|1757833922
|switch|p1a: Glalie|Glalie, F|97/100
|turn|12
|
|t:|1757833927
|move|p2a: Alomomola|Protect|p2a: Alomomola
|-singleturn|p2a: Alomomola|Protect
|move|p1a: Glalie|Freeze-Dry|p2a: Alomomola
|-activate|p2a: Alomomola|move: Protect
|
|-heal|p1a: Glalie|100/100|[from] Grassy Terrain
|-heal|p2a: Alomomola|16/100|[from] Grassy Terrain
|upkeep
|turn|13
|
|t:|1757833932
|switch|p2a: Corviknight|Corviknight, M, shiny|93/100
|-damage|p2a: Corviknight|80/100|[from] Stealth Rock
|-ability|p2a: Corviknight|Pressure
|move|p1a: Glalie|Freeze-Dry|p2a: Corviknight
|-damage|p2a: Corviknight|60/100
|-status|p2a: Corviknight|frz
|
|-heal|p2a: Corviknight|66/100 frz|[from] item: Leftovers
|upkeep
|turn|14
|
|t:|1757833941
|switch|p2a: Clodsire|Clodsire, F, shiny|100/100
|-damage|p2a: Clodsire|94/100|[from] Stealth Rock
|move|p1a: Glalie|Shadow Ball|p2a: Clodsire
|-damage|p2a: Clodsire|78/100
|
|-heal|p2a: Clodsire|85/100|[from] Grassy Terrain
|-heal|p2a: Clodsire|91/100|[from] item: Leftovers
|upkeep
|turn|15
|
|t:|1757833948
|switch|p1a: Hippowdon|Hippowdon, F|100/100
|-weather|Sandstorm|[from] ability: Sand Stream|[of] p1a: Hippowdon
|move|p2a: Clodsire|Stealth Rock|p1a: Hippowdon
|-sidestart|p1: LousiV|move: Stealth Rock
|
|-weather|Sandstorm|[upkeep]
|-heal|p2a: Clodsire|97/100|[from] Grassy Terrain
|-heal|p2a: Clodsire|100/100|[from] item: Leftovers
|-fieldend|move: Grassy Terrain
|upkeep
|turn|16
|
|t:|1757833956
|switch|p2a: Rillaboom|Rillaboom, M, shiny|100/100
|-damage|p2a: Rillaboom|88/100|[from] Stealth Rock
|-fieldstart|move: Grassy Terrain|[from] ability: Grassy Surge|[of] p2a: Rillaboom
|move|p1a: Hippowdon|Earthquake|p2a: Rillaboom
|-resisted|p2a: Rillaboom
|-damage|p2a: Rillaboom|80/100
|
|-weather|Sandstorm|[upkeep]
|-damage|p2a: Rillaboom|74/100|[from] Sandstorm
|-heal|p2a: Rillaboom|80/100|[from] Grassy Terrain
|upkeep
|turn|17
|
|t:|1757833961
|switch|p1a: Mandibuzz|Mandibuzz, F|93/100
|-damage|p1a: Mandibuzz|68/100|[from] Stealth Rock
|move|p2a: Rillaboom|U-turn|p1a: Mandibuzz
|-damage|p1a: Mandibuzz|57/100
|
|t:|1757833968
|switch|p2a: Alomomola|Alomomola, F, shiny|49/100|[from] U-turn
|
|-weather|Sandstorm|[upkeep]
|-damage|p2a: Alomomola|43/100|[from] Sandstorm
|-heal|p2a: Alomomola|49/100|[from] Grassy Terrain
|upkeep
|turn|18
|
|t:|1757833974
|move|p1a: Mandibuzz|Defog|p2a: Alomomola
|-unboost|p2a: Alomomola|evasion|1
|-sideend|p2: andrewm0n|Stealth Rock|[from] move: Defog|[of] p1a: Mandibuzz
|-sideend|p1: LousiV|Stealth Rock|[from] move: Defog|[of] p1a: Mandibuzz
|-fieldend|move: Grassy Terrain
|move|p2a: Alomomola|Wish|p2a: Alomomola
|
|-weather|Sandstorm|[upkeep]
|-damage|p2a: Alomomola|43/100|[from] Sandstorm
|upkeep
|turn|19
|
|t:|1757833979
|move|p2a: Alomomola|Protect|p2a: Alomomola
|-singleturn|p2a: Alomomola|Protect
|move|p1a: Mandibuzz|Roost|p1a: Mandibuzz
|-heal|p1a: Mandibuzz|100/100
|-singleturn|p1a: Mandibuzz|move: Roost
|
|-weather|none
|-heal|p2a: Alomomola|93/100|[from] move: Wish|[wisher] Alomomola
|upkeep
|turn|20
|
|t:|1757833983
|move|p1a: Mandibuzz|U-turn|p2a: Alomomola
|-damage|p2a: Alomomola|84/100
|
|t:|1757833985
|switch|p1a: Magnezone|Magnezone|100/100|[from] U-turn
|move|p2a: Alomomola|Wish|p2a: Alomomola
|
|upkeep
|turn|21
|
|t:|1757833995
|switch|p2a: Clodsire|Clodsire, F, shiny|100/100
|move|p1a: Magnezone|Flash Cannon|p2a: Clodsire
|-damage|p2a: Clodsire|40/100
|
|-heal|p2a: Clodsire|97/100|[from] move: Wish|[wisher] Alomomola
|-heal|p2a: Clodsire|100/100|[from] item: Leftovers
|upkeep
|turn|22
|
|t:|1757834004
|switch|p1a: Mandibuzz|Mandibuzz, F|100/100
|move|p2a: Clodsire|Sludge Bomb|p1a: Mandibuzz
|-damage|p1a: Mandibuzz|86/100
|
|upkeep
|turn|23
|
|t:|1757834008
|move|p1a: Mandibuzz|U-turn|p2a: Clodsire
|-resisted|p2a: Clodsire
|-damage|p2a: Clodsire|96/100
|
|t:|1757834010
|switch|p1a: Magnezone|Magnezone|100/100|[from] U-turn
|move|p2a: Clodsire|Stealth Rock|p1a: Magnezone
|-sidestart|p1: LousiV|move: Stealth Rock
|
|-heal|p2a: Clodsire|100/100|[from] item: Leftovers
|upkeep
|turn|24
|
|t:|1757834013
|move|p1a: Magnezone|Flash Cannon|p2a: Clodsire
|-damage|p2a: Clodsire|48/100
|move|p2a: Clodsire|Earth Power|p1a: Magnezone
|-supereffective|p1a: Magnezone
|-damage|p1a: Magnezone|13/100
|
|-heal|p2a: Clodsire|54/100|[from] item: Leftovers
|upkeep
|turn|25
|
|t:|1757834018
|switch|p1a: Mandibuzz|Mandibuzz, F|86/100
|-damage|p1a: Mandibuzz|61/100|[from] Stealth Rock
|switch|p2a: Alomomola|Alomomola, F, shiny|100/100
|
|upkeep
|turn|26
|
|t:|1757834022
|move|p1a: Mandibuzz|Defog|p2a: Alomomola
|-unboost|p2a: Alomomola|evasion|1
|-sideend|p1: LousiV|Stealth Rock|[from] move: Defog|[of] p1a: Mandibuzz
|move|p2a: Alomomola|Wish|p2a: Alomomola
|
|upkeep
|turn|27
|
|t:|1757834025
|move|p1a: Mandibuzz|Roost|p1a: Mandibuzz
|-heal|p1a: Mandibuzz|100/100
|-singleturn|p1a: Mandibuzz|move: Roost
|move|p2a: Alomomola|Flip Turn|p1a: Mandibuzz
|-damage|p1a: Mandibuzz|92/100
|
|t:|1757834037
|switch|p2a: Clodsire|Clodsire, F, shiny|54/100|[from] Flip Turn
|
|-heal|p2a: Clodsire|100/100|[from] move: Wish|[wisher] Alomomola
|upkeep
|turn|28
|
|t:|1757834040
|move|p1a: Mandibuzz|U-turn|p2a: Clodsire
|-resisted|p2a: Clodsire
|-damage|p2a: Clodsire|96/100
|
|t:|1757834042
|switch|p1a: Reuniclus|Reuniclus, M|100/100|[from] U-turn
|move|p2a: Clodsire|Stealth Rock|p1a: Reuniclus
|-sidestart|p1: LousiV|move: Stealth Rock
|
|-heal|p2a: Clodsire|100/100|[from] item: Leftovers
|upkeep
|turn|29
|
|t:|1757834046
|switch|p2a: Goodra|Goodra-Hisui, M, shiny|91/100
|move|p1a: Reuniclus|Psychic Noise|p2a: Goodra
|-resisted|p2a: Goodra
|-damage|p2a: Goodra|77/100
|-start|p2a: Goodra|move: Heal Block
|
|upkeep
|turn|30
|
|t:|1757834055
|move|p2a: Goodra|Acid Spray|p1a: Reuniclus
|-damage|p1a: Reuniclus|87/100
|-unboost|p1a: Reuniclus|spd|2
|move|p1a: Reuniclus|Focus Blast|p2a: Goodra|[miss]
|-miss|p1a: Reuniclus|p2a: Goodra
|
|-end|p2a: Goodra|move: Heal Block
|upkeep
|turn|31
|
|t:|1757834061
|switch|p1a: Magnezone|Magnezone|13/100
|-damage|p1a: Magnezone|7/100|[from] Stealth Rock
|move|p2a: Goodra|Flamethrower|p1a: Magnezone
|-supereffective|p1a: Magnezone
|-damage|p1a: Magnezone|0 fnt
|faint|p1a: Magnezone
|
|upkeep
|
|t:|1757834070
|switch|p1a: Hippowdon|Hippowdon, F|100/100
|-damage|p1a: Hippowdon|94/100|[from] Stealth Rock
|-weather|Sandstorm|[from] ability: Sand Stream|[of] p1a: Hippowdon
|turn|32
|
|t:|1757834078
|switch|p2a: Rillaboom|Rillaboom, M, shiny|80/100
|-fieldstart|move: Grassy Terrain|[from] ability: Grassy Surge|[of] p2a: Rillaboom
|move|p1a: Hippowdon|Stealth Rock|p2a: Rillaboom
|-sidestart|p2: andrewm0n|move: Stealth Rock
|
|-weather|Sandstorm|[upkeep]
|-damage|p2a: Rillaboom|74/100|[from] Sandstorm
|-heal|p2a: Rillaboom|80/100|[from] Grassy Terrain
|-heal|p1a: Hippowdon|100/100|[from] Grassy Terrain
|upkeep
|turn|33
|
|t:|1757834084
|move|p2a: Rillaboom|U-turn|p1a: Hippowdon
|-damage|p1a: Hippowdon|89/100
|
|t:|1757834090
|switch|p2a: Corviknight|Corviknight, M, shiny|66/100 frz|[from] U-turn
|-damage|p2a: Corviknight|54/100 frz|[from] Stealth Rock
|-ability|p2a: Corviknight|Pressure
|move|p1a: Hippowdon|Ice Fang|p2a: Corviknight
|-damage|p2a: Corviknight|41/100 frz
|
|-weather|Sandstorm|[upkeep]
|-heal|p2a: Corviknight|47/100 frz|[from] item: Leftovers
|-heal|p1a: Hippowdon|95/100|[from] Grassy Terrain
|-heal|p1a: Hippowdon|100/100|[from] item: Leftovers
|upkeep
|turn|34
|
|t:|1757834094
|cant|p2a: Corviknight|frz
|move|p1a: Hippowdon|Ice Fang|p2a: Corviknight|[miss]
|-miss|p1a: Hippowdon|p2a: Corviknight
|
|-weather|Sandstorm|[upkeep]
|-heal|p2a: Corviknight|53/100 frz|[from] item: Leftovers
|upkeep
|turn|35
|
|t:|1757834097
|-curestatus|p2a: Corviknight|frz|[msg]
|move|p2a: Corviknight|Roost|p2a: Corviknight
|-heal|p2a: Corviknight|100/100
|-singleturn|p2a: Corviknight|move: Roost
|move|p1a: Hippowdon|Ice Fang|p2a: Corviknight
|-resisted|p2a: Corviknight
|-damage|p2a: Corviknight|93/100
|
|-weather|Sandstorm|[upkeep]
|-heal|p2a: Corviknight|99/100|[from] Grassy Terrain
|-heal|p2a: Corviknight|100/100|[from] item: Leftovers
|upkeep
|turn|36
|
|t:|1757834100
|move|p2a: Corviknight|Defog|p1a: Hippowdon
|-unboost|p1a: Hippowdon|evasion|1
|-sideend|p1: LousiV|Stealth Rock|[from] move: Defog|[of] p2a: Corviknight
|-sideend|p2: andrewm0n|Stealth Rock|[from] move: Defog|[of] p2a: Corviknight
|-fieldend|move: Grassy Terrain
|move|p1a: Hippowdon|Ice Fang|p2a: Corviknight
|-damage|p2a: Corviknight|86/100
|-status|p2a: Corviknight|frz
|
|-weather|none
|-heal|p2a: Corviknight|92/100 frz|[from] item: Leftovers
|upkeep
|turn|37
|
|t:|1757834107
|cant|p2a: Corviknight|frz
|move|p1a: Hippowdon|Ice Fang|p2a: Corviknight
|-damage|p2a: Corviknight|80/100 frz
|
|-heal|p2a: Corviknight|86/100 frz|[from] item: Leftovers
|upkeep
|turn|38
|
|t:|1757834109
|cant|p2a: Corviknight|frz
|move|p1a: Hippowdon|Ice Fang|p2a: Corviknight
|-damage|p2a: Corviknight|72/100 frz
|
|-heal|p2a: Corviknight|78/100 frz|[from] item: Leftovers
|upkeep
|turn|39
|
|t:|1757834113
|cant|p2a: Corviknight|frz
|move|p1a: Hippowdon|Stealth Rock|p2a: Corviknight
|-sidestart|p2: andrewm0n|move: Stealth Rock
|
|-heal|p2a: Corviknight|84/100 frz|[from] item: Leftovers
|upkeep
|turn|40
|
|t:|1757834115
|cant|p2a: Corviknight|frz
|move|p1a: Hippowdon|Earthquake|p2a: Corviknight
|-immune|p2a: Corviknight
|
|-heal|p2a: Corviknight|90/100 frz|[from] item: Leftovers
|upkeep
|turn|41
|
|t:|1757834117
|cant|p2a: Corviknight|frz
|move|p1a: Hippowdon|Ice Fang|p2a: Corviknight
|-damage|p2a: Corviknight|76/100 frz
|
|-heal|p2a: Corviknight|83/100 frz|[from] item: Leftovers
|upkeep
|turn|42
|
|t:|1757834118
|cant|p2a: Corviknight|frz
|move|p1a: Hippowdon|Ice Fang|p2a: Corviknight
|-damage|p2a: Corviknight|69/100 frz
|
|-heal|p2a: Corviknight|76/100 frz|[from] item: Leftovers
|upkeep
|turn|43
|
|t:|1757834121
|switch|p1a: Reuniclus|Reuniclus, M|87/100
|-curestatus|p2a: Corviknight|frz|[msg]
|move|p2a: Corviknight|Defog|p1a: Reuniclus
|-unboost|p1a: Reuniclus|evasion|1
|-sideend|p2: andrewm0n|Stealth Rock|[from] move: Defog|[of] p2a: Corviknight
|
|-heal|p2a: Corviknight|82/100|[from] item: Leftovers
|upkeep
|turn|44
|
|t:|1757834126
|switch|p2a: Goodra|Goodra-Hisui, M, shiny|77/100
|move|p1a: Reuniclus|Psychic Noise|p2a: Goodra
|-resisted|p2a: Goodra
|-damage|p2a: Goodra|65/100
|-start|p2a: Goodra|move: Heal Block
|
|upkeep
|turn|45
|
|t:|1757834128
|move|p2a: Goodra|Ice Beam|p1a: Reuniclus
|-damage|p1a: Reuniclus|57/100
|move|p1a: Reuniclus|Focus Blast|p2a: Goodra|[miss]
|-miss|p1a: Reuniclus|p2a: Goodra
|
|-end|p2a: Goodra|move: Heal Block
|upkeep
|turn|46
|
|t:|1757834135
|move|p2a: Goodra|Acid Spray|p1a: Reuniclus
|-damage|p1a: Reuniclus|44/100
|-unboost|p1a: Reuniclus|spd|2
|move|p1a: Reuniclus|Focus Blast|p2a: Goodra
|-supereffective|p2a: Goodra
|-damage|p2a: Goodra|12/100
|-unboost|p2a: Goodra|spd|1
|
|upkeep
|turn|47
|
|t:|1757834141
|switch|p1a: Hippowdon|Hippowdon, F|100/100
|-weather|Sandstorm|[from] ability: Sand Stream|[of] p1a: Hippowdon
|move|p2a: Goodra|Flash Cannon|p1a: Hippowdon
|-damage|p1a: Hippowdon|62/100
|
|-weather|Sandstorm|[upkeep]
|-heal|p1a: Hippowdon|69/100|[from] item: Leftovers
|upkeep
|turn|48
|
|t:|1757834153
|switch|p2a: Rillaboom|Rillaboom, M, shiny|80/100
|-fieldstart|move: Grassy Terrain|[from] ability: Grassy Surge|[of] p2a: Rillaboom
|move|p1a: Hippowdon|Stealth Rock|p2a: Rillaboom
|-sidestart|p2: andrewm0n|move: Stealth Rock
|
|-weather|Sandstorm|[upkeep]
|-damage|p2a: Rillaboom|74/100|[from] Sandstorm
|-heal|p2a: Rillaboom|80/100|[from] Grassy Terrain
|-heal|p1a: Hippowdon|75/100|[from] Grassy Terrain
|-heal|p1a: Hippowdon|81/100|[from] item: Leftovers
|upkeep
|turn|49
|
|t:|1757834169
|move|p2a: Rillaboom|U-turn|p1a: Hippowdon
|-damage|p1a: Hippowdon|70/100
|
|t:|1757834173
|switch|p2a: Alomomola|Alomomola, F, shiny|100/100|[from] U-turn
|move|p1a: Hippowdon|Ice Fang|p2a: Alomomola
|-resisted|p2a: Alomomola
|-damage|p2a: Alomomola|95/100
|
|-weather|Sandstorm|[upkeep]
|-damage|p2a: Alomomola|88/100|[from] Sandstorm
|-heal|p1a: Hippowdon|77/100|[from] Grassy Terrain
|-heal|p1a: Hippowdon|83/100|[from] item: Leftovers
|-heal|p2a: Alomomola|95/100|[from] Grassy Terrain
|upkeep
|turn|50
|
|t:|1757834177
|move|p1a: Hippowdon|Earthquake|p2a: Alomomola
|-damage|p2a: Alomomola|81/100
|move|p2a: Alomomola|Wish|p2a: Alomomola
|
|-weather|Sandstorm|[upkeep]
|-damage|p2a: Alomomola|75/100|[from] Sandstorm
|-heal|p1a: Hippowdon|89/100|[from] Grassy Terrain
|-heal|p1a: Hippowdon|95/100|[from] item: Leftovers
|-heal|p2a: Alomomola|81/100|[from] Grassy Terrain
|upkeep
|turn|51
|
|t:|1757834183
|move|p1a: Hippowdon|Earthquake|p2a: Alomomola
|-damage|p2a: Alomomola|68/100
|move|p2a: Alomomola|Flip Turn|p1a: Hippowdon
|-supereffective|p1a: Hippowdon
|-damage|p1a: Hippowdon|74/100
|
|t:|1757834185
|switch|p2a: Goodra|Goodra-Hisui, M, shiny|12/100|[from] Flip Turn
|-damage|p2a: Goodra|5/100|[from] Stealth Rock
|
|-weather|none
|-heal|p2a: Goodra|89/100|[from] move: Wish|[wisher] Alomomola
|-heal|p2a: Goodra|95/100|[from] Grassy Terrain
|-heal|p1a: Hippowdon|80/100|[from] Grassy Terrain
|-heal|p1a: Hippowdon|86/100|[from] item: Leftovers
|upkeep
|turn|52
|
|t:|1757834189
|switch|p2a: Alomomola|Alomomola, F, shiny|100/100
|move|p1a: Hippowdon|Earthquake|p2a: Alomomola
|-damage|p2a: Alomomola|87/100
|
|-heal|p1a: Hippowdon|92/100|[from] Grassy Terrain
|-heal|p1a: Hippowdon|99/100|[from] item: Leftovers
|-heal|p2a: Alomomola|94/100|[from] Grassy Terrain
|upkeep
|turn|53
|
|t:|1757834193
|switch|p1a: Reuniclus|Reuniclus, M|44/100
|move|p2a: Alomomola|Wish|p2a: Alomomola
|
|-heal|p2a: Alomomola|99/100|[from] Grassy Terrain
|-heal|p1a: Reuniclus|50/100|[from] Grassy Terrain
|upkeep
|turn|54
|
|t:|1757834199
|move|p1a: Reuniclus|Recover|p1a: Reuniclus
|-heal|p1a: Reuniclus|100/100
|move|p2a: Alomomola|Mirror Coat||[still]
|-fail|p2a: Alomomola
|
|-heal|p2a: Alomomola|100/100|[from] move: Wish|[wisher] Alomomola
|upkeep
|turn|55
|
|t:|1757834202
|move|p2a: Alomomola|Wish|p2a: Alomomola
|move|p1a: Reuniclus|Psychic Noise|p2a: Alomomola
|-damage|p2a: Alomomola|57/100
|-start|p2a: Alomomola|move: Heal Block
|
|-fieldend|move: Grassy Terrain
|upkeep
|turn|56
|
|t:|1757834205
|move|p2a: Alomomola|Flip Turn|p1a: Reuniclus
|-damage|p1a: Reuniclus|83/100
|
|t:|1757834209
|switch|p2a: Goodra|Goodra-Hisui, M, shiny|95/100|[from] Flip Turn
|-damage|p2a: Goodra|89/100|[from] Stealth Rock
|move|p1a: Reuniclus|Psychic Noise|p2a: Goodra
|-resisted|p2a: Goodra
|-damage|p2a: Goodra|77/100
|-start|p2a: Goodra|move: Heal Block
|
|upkeep
|turn|57
|
|t:|1757834213
|move|p2a: Goodra|Acid Spray|p1a: Reuniclus
|-damage|p1a: Reuniclus|70/100
|-unboost|p1a: Reuniclus|spd|2
|move|p1a: Reuniclus|Focus Blast|p2a: Goodra
|-supereffective|p2a: Goodra
|-damage|p2a: Goodra|18/100
|
|-end|p2a: Goodra|move: Heal Block
|upkeep
|turn|58
|
|t:|1757834217
|switch|p1a: Mandibuzz|Mandibuzz, F|92/100
|move|p2a: Goodra|Flash Cannon|p1a: Mandibuzz
|-damage|p1a: Mandibuzz|59/100
|
|upkeep
|turn|59
|
|t:|1757834220
|switch|p2a: Alomomola|Alomomola, F, shiny|91/100
|move|p1a: Mandibuzz|U-turn|p2a: Alomomola
|-damage|p2a: Alomomola|83/100
|
|t:|1757834224
|switch|p1a: Glalie|Glalie, F|100/100|[from] U-turn
|
|upkeep
|turn|60
|
|t:|1757834229
|move|p1a: Glalie|Freeze-Dry|p2a: Alomomola
|-supereffective|p2a: Alomomola
|-damage|p2a: Alomomola|38/100
|move|p2a: Alomomola|Mirror Coat|p1a: Glalie
|-damage|p1a: Glalie|0 fnt
|faint|p1a: Glalie
|
|upkeep
|
|t:|1757834237
|switch|p1a: Reuniclus|Reuniclus, M|70/100
|turn|61
|
|t:|1757834241
|switch|p2a: Corviknight|Corviknight, M, shiny|82/100
|-damage|p2a: Corviknight|69/100|[from] Stealth Rock
|-ability|p2a: Corviknight|Pressure
|move|p1a: Reuniclus|Psychic Noise|p2a: Corviknight
|-resisted|p2a: Corviknight
|-damage|p2a: Corviknight|51/100
|-start|p2a: Corviknight|move: Heal Block
|
|upkeep
|turn|62
|
|t:|1757834246
|move|p2a: Corviknight|Brave Bird|p1a: Reuniclus
|-damage|p1a: Reuniclus|31/100
|-damage|p2a: Corviknight|37/100|[from] Recoil
|move|p1a: Reuniclus|Psychic Noise|p2a: Corviknight
|-resisted|p2a: Corviknight
|-damage|p2a: Corviknight|17/100
|
|-end|p2a: Corviknight|move: Heal Block
|upkeep
|turn|63
|
|t:|1757834251
|move|p2a: Corviknight|Roost|p2a: Corviknight
|-heal|p2a: Corviknight|67/100
|-singleturn|p2a: Corviknight|move: Roost
|move|p1a: Reuniclus|Recover|p1a: Reuniclus
|-heal|p1a: Reuniclus|81/100
|
|-heal|p2a: Corviknight|73/100|[from] item: Leftovers
|upkeep
|turn|64
|
|t:|1757834260
|move|p2a: Corviknight|Brave Bird|p1a: Reuniclus
|-damage|p1a: Reuniclus|43/100
|-damage|p2a: Corviknight|59/100|[from] Recoil
|move|p1a: Reuniclus|Psychic Noise|p2a: Corviknight
|-resisted|p2a: Corviknight
|-damage|p2a: Corviknight|39/100
|-start|p2a: Corviknight|move: Heal Block
|
|upkeep
|turn|65
|
|t:|1757834265
|move|p2a: Corviknight|Defog|p1a: Reuniclus
|-unboost|p1a: Reuniclus|evasion|1
|-sideend|p2: andrewm0n|Stealth Rock|[from] move: Defog|[of] p2a: Corviknight
|move|p1a: Reuniclus|Psychic Noise|p2a: Corviknight
|-resisted|p2a: Corviknight
|-damage|p2a: Corviknight|19/100
|
|-end|p2a: Corviknight|move: Heal Block
|upkeep
|turn|66
|
|t:|1757834269
|switch|p2a: Rillaboom|Rillaboom, M, shiny|80/100
|-fieldstart|move: Grassy Terrain|[from] ability: Grassy Surge|[of] p2a: Rillaboom
|move|p1a: Reuniclus|Focus Blast|p2a: Rillaboom
|-damage|p2a: Rillaboom|21/100
|
|-heal|p2a: Rillaboom|27/100|[from] Grassy Terrain
|-heal|p1a: Reuniclus|49/100|[from] Grassy Terrain
|upkeep
|turn|67
|
|t:|1757834274
|move|p2a: Rillaboom|U-turn|p1a: Reuniclus
|-supereffective|p1a: Reuniclus
|-damage|p1a: Reuniclus|12/100
|
|t:|1757834276
|switch|p2a: Alomomola|Alomomola, F, shiny|71/100|[from] U-turn
|move|p1a: Reuniclus|Recover|p1a: Reuniclus
|-heal|p1a: Reuniclus|62/100
|
|-heal|p2a: Alomomola|77/100|[from] Grassy Terrain
|-heal|p1a: Reuniclus|68/100|[from] Grassy Terrain
|upkeep
|turn|68
|
|t:|1757834280
|move|p2a: Alomomola|Wish|p2a: Alomomola
|move|p1a: Reuniclus|Psychic Noise|p2a: Alomomola
|-damage|p2a: Alomomola|36/100
|-start|p2a: Alomomola|move: Heal Block
|
|-heal|p1a: Reuniclus|74/100|[from] Grassy Terrain
|upkeep
|turn|69
|
|t:|1757834290
|move|p2a: Alomomola|Protect|p2a: Alomomola
|-singleturn|p2a: Alomomola|Protect
|move|p1a: Reuniclus|Psychic Noise|p2a: Alomomola
|-activate|p2a: Alomomola|move: Protect
|
|-heal|p1a: Reuniclus|80/100|[from] Grassy Terrain
|-end|p2a: Alomomola|move: Heal Block
|upkeep
|turn|70
|
|t:|1757834312
|switch|p2a: Clodsire|Clodsire, F, shiny|100/100
|move|p1a: Reuniclus|Psychic Noise|p2a: Clodsire
|-supereffective|p2a: Clodsire
|-damage|p2a: Clodsire|19/100
|-start|p2a: Clodsire|move: Heal Block
|
|-heal|p1a: Reuniclus|87/100|[from] Grassy Terrain
|upkeep
|turn|71
|
|t:|1757834316
|move|p1a: Reuniclus|Psychic Noise|p2a: Clodsire
|-supereffective|p2a: Clodsire
|-damage|p2a: Clodsire|0 fnt
|faint|p2a: Clodsire
|
|-heal|p1a: Reuniclus|93/100|[from] Grassy Terrain
|upkeep
|
|t:|1757834318
|switch|p2a: Alomomola|Alomomola, F, shiny|70/100
|turn|72
|
|t:|1757834322
|move|p1a: Reuniclus|Knock Off|p2a: Alomomola
|-damage|p2a: Alomomola|57/100
|-enditem|p2a: Alomomola|Heavy-Duty Boots|[from] move: Knock Off|[of] p1a: Reuniclus
|move|p2a: Alomomola|Mirror Coat||[still]
|-fail|p2a: Alomomola
|
|-heal|p2a: Alomomola|63/100|[from] Grassy Terrain
|-heal|p1a: Reuniclus|99/100|[from] Grassy Terrain
|upkeep
|turn|73
|
|t:|1757834328
|move|p1a: Reuniclus|Focus Blast|p2a: Alomomola|[miss]
|-miss|p1a: Reuniclus|p2a: Alomomola
|move|p2a: Alomomola|Mirror Coat||[still]
|-fail|p2a: Alomomola
|
|-heal|p2a: Alomomola|69/100|[from] Grassy Terrain
|-heal|p1a: Reuniclus|100/100|[from] Grassy Terrain
|-fieldend|move: Grassy Terrain
|upkeep
|turn|74
|
|t:|1757834330
|move|p1a: Reuniclus|Focus Blast|p2a: Alomomola
|-damage|p2a: Alomomola|28/100
|move|p2a: Alomomola|Mirror Coat|p1a: Reuniclus
|-damage|p1a: Reuniclus|0 fnt
|faint|p1a: Reuniclus
|
|upkeep
|
|t:|1757834336
|switch|p1a: Hippowdon|Hippowdon, F|99/100
|-weather|Sandstorm|[from] ability: Sand Stream|[of] p1a: Hippowdon
|turn|75
|
|t:|1757834338
|switch|p2a: Rillaboom|Rillaboom, M, shiny|27/100
|-fieldstart|move: Grassy Terrain|[from] ability: Grassy Surge|[of] p2a: Rillaboom
|move|p1a: Hippowdon|Earthquake|p2a: Rillaboom
|-resisted|p2a: Rillaboom
|-damage|p2a: Rillaboom|19/100
|
|-weather|Sandstorm|[upkeep]
|-damage|p2a: Rillaboom|12/100|[from] Sandstorm
|-heal|p2a: Rillaboom|19/100|[from] Grassy Terrain
|-heal|p1a: Hippowdon|100/100|[from] Grassy Terrain
|upkeep
|turn|76
|
|t:|1757834344
|move|p2a: Rillaboom|U-turn|p1a: Hippowdon
|-damage|p1a: Hippowdon|88/100
|
|t:|1757834345
|switch|p2a: Alomomola|Alomomola, F, shiny|62/100|[from] U-turn
|move|p1a: Hippowdon|Ice Fang|p2a: Alomomola
|-resisted|p2a: Alomomola
|-damage|p2a: Alomomola|55/100
|
|-weather|Sandstorm|[upkeep]
|-damage|p2a: Alomomola|49/100|[from] Sandstorm
|-heal|p1a: Hippowdon|95/100|[from] Grassy Terrain
|-heal|p1a: Hippowdon|100/100|[from] item: Leftovers
|-heal|p2a: Alomomola|55/100|[from] Grassy Terrain
|upkeep
|turn|77
|-message|LousiV forfeited.
|
|win|andrewm0n
|raw|LousiV's rating: 1237 &rarr; <strong>1217</strong><br />(-20 for losing)
|raw|andrewm0n's rating: 1301 &rarr; <strong>1317</strong><br />(+16 for winning)
|l|☆LousiV
|player|p1|
|l|☆andrewm0n
|player|p2|
