|j|☆masterjeyx
|j|☆Zxasdfqw
|t:|1757830816
|gametype|singles
|player|p1|masterjeyx|riley|1204
|player|p2|Zxasdfqw|rosa|1267
|gen|9
|tier|[Gen 9] OU
|rated|
|rule|HP Percentage Mod: HP is shown in percentages
|rule|Endless Battle Clause: Forcing endless battles is banned
|rule|Species Clause: Limit one of each Pokémon
|rule|OHKO Clause: OHKO moves are banned
|rule|Evasion Items Clause: Evasion items are banned
|rule|Evasion Moves Clause: Evasion moves are banned
|rule|Evasion Abilities Clause: Evasion abilities are banned
|rule|Sleep Moves Clause: Sleep-inducing moves are banned
|clearpoke
|poke|p1|Manaphy|
|poke|p1|Heatran, M|
|poke|p1|Frosmoth, M|
|poke|p1|Hitmonlee, M|
|poke|p1|Indeedee, M|
|poke|p1|Brambleghast, M|
|poke|p2|Rillaboom, M|
|poke|p2|Ogerpon, F|
|poke|p2|Moltres|
|poke|p2|Gholdengo|
|poke|p2|Samurott-Hisui, M|
|poke|p2|Great Tusk|
|teampreview
|inactive|Battle timer is ON: inactive players will automatically lose when time's up. (requested by masterjeyx)
|inactive|Zxasdfqw also wants the timer to be on.
|
|t:|1757830829
|teamsize|p1|6
|teamsize|p2|6
|start
|switch|p1a: Hitmonlee|Hitmonlee, M|100/100
|switch|p2a: Samurott|Samurott-Hisui, M, shiny|100/100
|-item|p1a: Hitmonlee|Air Balloon
|turn|1
|
|t:|1757830840
|switch|p2a: Moltres|Moltres, shiny|100/100
|move|p1a: Hitmonlee|Swords Dance|p1a: Hitmonlee
|-boost|p1a: Hitmonlee|atk|2
|
|upkeep
|turn|2
|
|t:|1757830852
|move|p1a: Hitmonlee|Rock Slide|p2a: Moltres|[miss]
|-miss|p1a: Hitmonlee|p2a: Moltres
|move|p2a: Moltres|Hurricane|p1a: Hitmonlee|[miss]
|-miss|p2a: Moltres|p1a: Hitmonlee
|
|upkeep
|turn|3
|c|☆masterjeyx|Tera
|inactive|Zxasdfqw has 120 seconds left.
|
|t:|1757830893
|-terastallize|p2a: Moltres|Grass
|move|p1a: Hitmonlee|Rock Slide|p2a: Moltres
|-damage|p2a: Moltres|63/100
|move|p2a: Moltres|Hurricane|p1a: Hitmonlee|[miss]
|-miss|p2a: Moltres|p1a: Hitmonlee
|
|upkeep
|turn|4
|
|t:|1757830911
|move|p1a: Hitmonlee|Endure|p1a: Hitmonlee
|-singleturn|p1a: Hitmonlee|move: Endure
|move|p2a: Moltres|Hurricane|p1a: Hitmonlee
|-supereffective|p1a: Hitmonlee
|-activate|p1a: Hitmonlee|move: Endure
|-damage|p1a: Hitmonlee|1/100
|-start|p1a: Hitmonlee|confusion
|-enditem|p1a: Hitmonlee|Air Balloon
|
|upkeep
|turn|5
|
|t:|1757830924
|-activate|p1a: Hitmonlee|confusion
|move|p1a: Hitmonlee|Reversal|p2a: Moltres
|-damage|p2a: Moltres|0 fnt
|-status|p1a: Hitmonlee|brn|[from] ability: Flame Body|[of] p2a: Moltres
|faint|p2a: Moltres
|
|-damage|p1a: Hitmonlee|0 fnt|[from] brn
|faint|p1a: Hitmonlee
|upkeep
|inactive|Zxasdfqw has 90 seconds left.
|
|t:|1757830952
|switch|p1a: Brambleghast|Brambleghast, M, shiny|100/100
|switch|p2a: Rillaboom|Rillaboom, M, shiny|100/100
|-fieldstart|move: Grassy Terrain|[from] ability: Grassy Surge|[of] p2a: Rillaboom
|turn|6
|inactive|Zxasdfqw has 90 seconds left.
|
|t:|1757830971
|switch|p2a: Samurott|Samurott-Hisui, M, shiny|100/100
|move|p1a: Brambleghast|Poltergeist|p2a: Samurott
|-activate|p2a: Samurott|move: Poltergeist|Heavy-Duty Boots
|-resisted|p2a: Samurott
|-damage|p2a: Samurott|78/100
|
|-heal|p2a: Samurott|84/100|[from] Grassy Terrain
|upkeep
|turn|7
|
|t:|1757830983
|move|p1a: Brambleghast|Strength Sap|p2a: Samurott
|-unboost|p2a: Samurott|atk|1
|move|p2a: Samurott|Ceaseless Edge|p1a: Brambleghast
|-supereffective|p1a: Brambleghast
|-crit|p1a: Brambleghast
|-damage|p1a: Brambleghast|0 fnt
|-sidestart|p1: masterjeyx|Spikes
|faint|p1a: Brambleghast
|
|-heal|p2a: Samurott|90/100|[from] Grassy Terrain
|upkeep
|
|t:|1757830994
|switch|p1a: Manaphy|Manaphy|100/100
|-damage|p1a: Manaphy|88/100|[from] Spikes
|turn|8
|inactive|Zxasdfqw has 90 seconds left.
|
|t:|1757831001
|switch|p2a: Rillaboom|Rillaboom, M, shiny|100/100
|move|p1a: Manaphy|Acid Armor|p1a: Manaphy
|-boost|p1a: Manaphy|def|2
|
|-heal|p1a: Manaphy|94/100|[from] Grassy Terrain
|-heal|p1a: Manaphy|100/100|[from] item: Leftovers
|upkeep
|turn|9
|
|t:|1757831007
|-terastallize|p1a: Manaphy|Grass
|move|p1a: Manaphy|Acid Armor|p1a: Manaphy
|-boost|p1a: Manaphy|def|2
|move|p2a: Rillaboom|Swords Dance|p2a: Rillaboom
|-boost|p2a: Rillaboom|atk|2
|
|upkeep
|turn|10
|
|t:|1757831018
|move|p1a: Manaphy|Take Heart|p1a: Manaphy
|-boost|p1a: Manaphy|spa|1
|-boost|p1a: Manaphy|spd|1
|move|p2a: Rillaboom|Swords Dance|p2a: Rillaboom
|-boost|p2a: Rillaboom|atk|2
|
|upkeep
|turn|11
|
|t:|1757831025
|move|p1a: Manaphy|Acid Armor|p1a: Manaphy
|-boost|p1a: Manaphy|def|2
|move|p2a: Rillaboom|U-turn|p1a: Manaphy
|-supereffective|p1a: Manaphy
|-damage|p1a: Manaphy|69/100
|inactive|Zxasdfqw has 90 seconds left.
|
|t:|1757831041
|switch|p2a: Gholdengo|Gholdengo|100/100|[from] U-turn
|-item|p2a: Gholdengo|Air Balloon
|
|-heal|p1a: Manaphy|75/100|[from] Grassy Terrain
|-heal|p1a: Manaphy|81/100|[from] item: Leftovers
|upkeep
|turn|12
|inactive|Zxasdfqw has 90 seconds left.
|
|t:|1757831051
|move|p1a: Manaphy|Take Heart|p1a: Manaphy
|-boost|p1a: Manaphy|spa|1
|-boost|p1a: Manaphy|spd|1
|move|p2a: Gholdengo|Thunder Wave|p1a: Manaphy
|-status|p1a: Manaphy|par
|
|-heal|p1a: Manaphy|87/100 par|[from] Grassy Terrain
|-heal|p1a: Manaphy|94/100 par|[from] item: Leftovers
|upkeep
|turn|13
|inactive|Zxasdfqw has 90 seconds left.
|
|t:|1757831066
|move|p2a: Gholdengo|Hex|p1a: Manaphy
|-damage|p1a: Manaphy|67/100 par
|move|p1a: Manaphy|Take Heart|p1a: Manaphy
|-boost|p1a: Manaphy|spa|1
|-boost|p1a: Manaphy|spd|1
|-curestatus|p1a: Manaphy|par|[msg]
|
|-heal|p1a: Manaphy|73/100|[from] Grassy Terrain
|-heal|p1a: Manaphy|79/100|[from] item: Leftovers
|-fieldend|move: Grassy Terrain
|upkeep
|turn|14
|inactive|Zxasdfqw has 90 seconds left.
|c|☆masterjeyx|GG
|
|t:|1757831101
|move|p1a: Manaphy|Scald|p2a: Gholdengo
|-damage|p2a: Gholdengo|30/100
|-status|p2a: Gholdengo|brn
|-enditem|p2a: Gholdengo|Air Balloon
|move|p2a: Gholdengo|Thunder Wave|p1a: Manaphy
|-status|p1a: Manaphy|par
|
|-heal|p1a: Manaphy|85/100 par|[from] item: Leftovers
|-damage|p2a: Gholdengo|24/100 brn|[from] brn
|upkeep
|turn|15
|
|t:|1757831117
|move|p2a: Gholdengo|Recover|p2a: Gholdengo
|-heal|p2a: Gholdengo|74/100 brn
|move|p1a: Manaphy|Take Heart|p1a: Manaphy
|-boost|p1a: Manaphy|spa|1
|-boost|p1a: Manaphy|spd|1
|-curestatus|p1a: Manaphy|par|[msg]
|
|-heal|p1a: Manaphy|91/100|[from] item: Leftovers
|-damage|p2a: Gholdengo|68/100 brn|[from] brn
|upkeep
|turn|16
|
|t:|1757831128
|move|p1a: Manaphy|Scald|p2a: Gholdengo
|-damage|p2a: Gholdengo|0 fnt
|faint|p2a: Gholdengo
|
|-heal|p1a: Manaphy|98/100|[from] item: Leftovers
|upkeep
|inactive|Zxasdfqw has 60 seconds left.
|c|☆masterjeyx|GG buddy
|
|t:|1757831155
|switch|p2a: Ogerpon|Ogerpon, F|100/100
|turn|17
|
|t:|1757831164
|move|p2a: Ogerpon|Knock Off|p1a: Manaphy
|-damage|p1a: Manaphy|87/100
|-enditem|p1a: Manaphy|Leftovers|[from] move: Knock Off|[of] p2a: Ogerpon
|move|p1a: Manaphy|Stored Power|p2a: Ogerpon
|-damage|p2a: Ogerpon|0 fnt
|faint|p2a: Ogerpon
|
|upkeep
|
|t:|1757831178
|switch|p2a: Rillaboom|Rillaboom, M, shiny|100/100
|-fieldstart|move: Grassy Terrain|[from] ability: Grassy Surge|[of] p2a: Rillaboom
|turn|18
|
|t:|1757831188
|move|p1a: Manaphy|Stored Power|p2a: Rillaboom
|-damage|p2a: Rillaboom|0 fnt
|faint|p2a: Rillaboom
|
|-heal|p1a: Manaphy|93/100|[from] Grassy Terrain
|upkeep
|-message|Zxasdfqw forfeited.
|
|win|masterjeyx
|raw|masterjeyx's rating: 1204 &rarr; <strong>1233</strong><br />(+29 for winning)
|raw|Zxasdfqw's rating: 1267 &rarr; <strong>1238</strong><br />(-29 for losing)
|l|☆Zxasdfqw
|player|p2|
|l|☆masterjeyx
|player|p1|
