|j|☆Gym Leader Bert
|j|☆guinhovisk
|t:|1757827930
|gametype|singles
|player|p1|Gym Leader Bert|gentleman-gen4|1127
|player|p2|guinhovisk|lady-gen4|1143
|gen|9
|tier|[Gen 9] OU
|rated|
|rule|HP Percentage Mod: HP is shown in percentages
|rule|Endless Battle Clause: Forcing endless battles is banned
|rule|Species Clause: Limit one of each Pokémon
|rule|OHKO Clause: OHKO moves are banned
|rule|Evasion Items Clause: Evasion items are banned
|rule|Evasion Moves Clause: Evasion moves are banned
|rule|Evasion Abilities Clause: Evasion abilities are banned
|rule|Sleep Moves Clause: Sleep-inducing moves are banned
|clearpoke
|poke|p1|Torkoal, F|
|poke|p1|Hatterene, F|
|poke|p1|Walking Wake|
|poke|p1|Dragapult, F|
|poke|p1|Cloyster, F|
|poke|p1|Corviknight, F|
|poke|p2|Serperior, F|
|poke|p2|Mimikyu, F|
|poke|p2|Landorus-Therian, M|
|poke|p2|Blaziken, F|
|poke|p2|Toxtricity, F|
|poke|p2|Pelipper, F|
|teampreview
|
|t:|1757827937
|teamsize|p1|6
|teamsize|p2|6
|start
|switch|p1a: Cloyster|Cloyster, F|100/100
|switch|p2a: Landorus|Landorus-Therian, M|100/100
|-ability|p2a: Landorus|Intimidate|boost
|-unboost|p1a: Cloyster|atk|1
|turn|1
|
|t:|1757827941
|move|p2a: Landorus|Taunt|p1a: Cloyster
|-start|p1a: Cloyster|move: Taunt
|cant|p1a: Cloyster|move: Taunt|Shell Smash
|
|upkeep
|turn|2
|
|t:|1757827946
|move|p2a: Landorus|Stealth Rock|p1a: Cloyster
|-sidestart|p1: Gym Leader Bert|move: Stealth Rock
|move|p1a: Cloyster|Icicle Spear|p2a: Landorus
|-supereffective|p2a: Landorus
|-damage|p2a: Landorus|74/100
|-supereffective|p2a: Landorus
|-damage|p2a: Landorus|45/100
|-supereffective|p2a: Landorus
|-damage|p2a: Landorus|19/100
|-supereffective|p2a: Landorus
|-damage|p2a: Landorus|0 fnt
|faint|p2a: Landorus
|-hitcount|p2: Landorus|4
|
|upkeep
|
|t:|1757827955
|switch|p2a: Serperior|Serperior, F|100/100
|turn|3
|
|t:|1757827960
|move|p2a: Serperior|Leaf Storm|p1a: Cloyster
|-supereffective|p1a: Cloyster
|-enditem|p1a: Cloyster|Focus Sash
|-damage|p1a: Cloyster|1/100
|-boost|p2a: Serperior|spa|2
|move|p1a: Cloyster|Icicle Spear|p2a: Serperior
|-supereffective|p2a: Serperior
|-damage|p2a: Serperior|82/100
|-supereffective|p2a: Serperior
|-damage|p2a: Serperior|65/100
|-supereffective|p2a: Serperior
|-damage|p2a: Serperior|46/100
|-supereffective|p2a: Serperior
|-damage|p2a: Serperior|28/100
|-supereffective|p2a: Serperior
|-damage|p2a: Serperior|9/100
|-hitcount|p2a: Serperior|5
|
|-end|p1a: Cloyster|move: Taunt
|upkeep
|turn|4
|
|t:|1757827977
|move|p2a: Serperior|Leaf Storm|p1a: Cloyster
|-supereffective|p1a: Cloyster
|-damage|p1a: Cloyster|0 fnt
|-boost|p2a: Serperior|spa|2
|faint|p1a: Cloyster
|
|upkeep
|
|t:|1757827981
|switch|p1a: Sun God Koal|Torkoal, F|100/100
|-damage|p1a: Sun God Koal|76/100|[from] Stealth Rock
|-weather|SunnyDay|[from] ability: Drought|[of] p1a: Sun God Koal
|turn|5
|
|t:|1757827985
|move|p2a: Serperior|Leaf Storm|p1a: Sun God Koal
|-resisted|p1a: Sun God Koal
|-damage|p1a: Sun God Koal|7/100
|-boost|p2a: Serperior|spa|2
|move|p1a: Sun God Koal|Stealth Rock|p2a: Serperior
|-sidestart|p2: guinhovisk|move: Stealth Rock
|
|-weather|SunnyDay|[upkeep]
|upkeep
|turn|6
|
|t:|1757827991
|move|p2a: Serperior|Leaf Storm|p1a: Sun God Koal
|-resisted|p1a: Sun God Koal
|-damage|p1a: Sun God Koal|0 fnt
|faint|p1a: Sun God Koal
|
|-weather|SunnyDay|[upkeep]
|upkeep
|
|t:|1757827993
|switch|p1a: Walking Wake|Walking Wake|100/100
|-damage|p1a: Walking Wake|88/100|[from] Stealth Rock
|-activate|p1a: Walking Wake|ability: Protosynthesis
|-start|p1a: Walking Wake|protosynthesisspe
|turn|7
|
|t:|1757827998
|move|p1a: Walking Wake|Hydro Steam|p2a: Serperior
|-resisted|p2a: Serperior
|-damage|p2a: Serperior|0 fnt
|faint|p2a: Serperior
|
|-weather|SunnyDay|[upkeep]
|upkeep
|
|t:|1757828004
|switch|p2a: Toxtricity|Toxtricity, F, shiny|100/100
|-damage|p2a: Toxtricity|88/100|[from] Stealth Rock
|-item|p2a: Toxtricity|Air Balloon
|turn|8
|
|t:|1757828007
|move|p1a: Walking Wake|Hydro Steam|p2a: Toxtricity
|-damage|p2a: Toxtricity|0 fnt
|-enditem|p2a: Toxtricity|Air Balloon
|faint|p2a: Toxtricity
|
|-weather|SunnyDay|[upkeep]
|upkeep
|
|t:|1757828011
|switch|p2a: Mimikyu|Mimikyu, F|100/100
|-damage|p2a: Mimikyu|88/100|[from] Stealth Rock
|turn|9
|
|t:|1757828015
|-terastallize|p1a: Walking Wake|Fire
|move|p1a: Walking Wake|Hydro Steam|p2a: Mimikyu
|-activate|p2a: Mimikyu|ability: Disguise
|-damage|p2a: Mimikyu|88/100
|detailschange|p2a: Mimikyu|Mimikyu-Busted, F
|-damage|p2a: Mimikyu|76/100|[from] pokemon: Mimikyu-Busted
|move|p2a: Mimikyu|Swords Dance|p2a: Mimikyu
|-boost|p2a: Mimikyu|atk|2
|
|-weather|none
|-end|p1a: Walking Wake|Protosynthesis
|-heal|p2a: Mimikyu|82/100|[from] item: Leftovers
|upkeep
|turn|10
|
|t:|1757828019
|move|p1a: Walking Wake|Hydro Steam|p2a: Mimikyu
|-damage|p2a: Mimikyu|4/100
|move|p2a: Mimikyu|Shadow Claw|p1a: Walking Wake
|-damage|p1a: Walking Wake|26/100
|
|-heal|p2a: Mimikyu|10/100|[from] item: Leftovers
|upkeep
|turn|11
|
|t:|1757828025
|move|p2a: Mimikyu|Shadow Sneak|p1a: Walking Wake
|-damage|p1a: Walking Wake|0 fnt
|faint|p1a: Walking Wake
|-end|p1a: Walking Wake|Protosynthesis|[silent]
|
|-heal|p2a: Mimikyu|16/100|[from] item: Leftovers
|upkeep
|
|t:|1757828029
|switch|p1a: Dragapult|Dragapult, F|100/100
|-damage|p1a: Dragapult|88/100|[from] Stealth Rock
|turn|12
|
|t:|1757828033
|move|p1a: Dragapult|Sucker Punch|p2a: Mimikyu
|-damage|p2a: Mimikyu|0 fnt
|faint|p2a: Mimikyu
|
|upkeep
|
|t:|1757828036
|switch|p2a: Blaziken|Blaziken, F|100/100
|-damage|p2a: Blaziken|88/100|[from] Stealth Rock
|turn|13
|
|t:|1757828039
|move|p1a: Dragapult|Dragon Dance|p1a: Dragapult
|-boost|p1a: Dragapult|atk|1
|-boost|p1a: Dragapult|spe|1
|move|p2a: Blaziken|Swords Dance|p2a: Blaziken
|-boost|p2a: Blaziken|atk|2
|
|-ability|p2a: Blaziken|Speed Boost|boost
|-boost|p2a: Blaziken|spe|1
|upkeep
|turn|14
|
|t:|1757828047
|-terastallize|p2a: Blaziken|Flying
|move|p1a: Dragapult|Substitute|p1a: Dragapult
|-start|p1a: Dragapult|Substitute
|-damage|p1a: Dragapult|63/100
|move|p2a: Blaziken|Acrobatics|p1a: Dragapult
|-crit|p1a: Dragapult
|-end|p1a: Dragapult|Substitute
|
|-ability|p2a: Blaziken|Speed Boost|boost
|-boost|p2a: Blaziken|spe|1
|upkeep
|turn|15
|
|t:|1757828057
|move|p1a: Dragapult|Phantom Force||[still]
|-prepare|p1a: Dragapult|Phantom Force
|move|p2a: Blaziken|Acrobatics|p1a: Dragapult|[miss]
|-miss|p2a: Blaziken|p1a: Dragapult
|
|-ability|p2a: Blaziken|Speed Boost|boost
|-boost|p2a: Blaziken|spe|1
|upkeep
|turn|16
|
|t:|1757828061
|move|p2a: Blaziken|Acrobatics|p1a: Dragapult|[miss]
|-miss|p2a: Blaziken|p1a: Dragapult
|move|p1a: Dragapult|Phantom Force|p2a: Blaziken|[from] lockedmove
|-damage|p2a: Blaziken|2/100
|
|-ability|p2a: Blaziken|Speed Boost|boost
|-boost|p2a: Blaziken|spe|1
|upkeep
|turn|17
|
|t:|1757828064
|move|p1a: Dragapult|Sucker Punch|p2a: Blaziken
|-damage|p2a: Blaziken|0 fnt
|faint|p2a: Blaziken
|
|upkeep
|
|t:|1757828066
|switch|p2a: Pelipper|Pelipper, F|100/100
|-damage|p2a: Pelipper|76/100|[from] Stealth Rock
|-weather|RainDance|[from] ability: Drizzle|[of] p2a: Pelipper
|turn|18
|
|t:|1757828069
|move|p1a: Dragapult|Phantom Force||[still]
|-prepare|p1a: Dragapult|Phantom Force
|move|p2a: Pelipper|Blizzard|p1a: Dragapult|[miss]
|-miss|p2a: Pelipper|p1a: Dragapult
|
|-weather|RainDance|[upkeep]
|upkeep
|turn|19
|
|t:|1757828073
|move|p1a: Dragapult|Phantom Force|p2a: Pelipper|[from] lockedmove
|-damage|p2a: Pelipper|7/100
|move|p2a: Pelipper|Roost|p2a: Pelipper
|-heal|p2a: Pelipper|58/100
|-singleturn|p2a: Pelipper|move: Roost
|
|-weather|RainDance|[upkeep]
|upkeep
|turn|20
|
|t:|1757828080
|move|p1a: Dragapult|Sucker Punch|p2a: Pelipper
|-damage|p2a: Pelipper|23/100
|move|p2a: Pelipper|Blizzard|p1a: Dragapult
|-supereffective|p1a: Dragapult
|-damage|p1a: Dragapult|0 fnt
|faint|p1a: Dragapult
|
|-weather|RainDance|[upkeep]
|upkeep
|
|t:|1757828082
|switch|p1a: Corviknight|Corviknight, F|100/100
|-damage|p1a: Corviknight|88/100|[from] Stealth Rock
|turn|21
|
|t:|1757828090
|move|p1a: Corviknight|Defog|p2a: Pelipper
|-unboost|p2a: Pelipper|evasion|1
|-sideend|p2: guinhovisk|Stealth Rock|[from] move: Defog|[of] p1a: Corviknight
|-sideend|p1: Gym Leader Bert|Stealth Rock|[from] move: Defog|[of] p1a: Corviknight
|move|p2a: Pelipper|Weather Ball|p1a: Corviknight
|-damage|p1a: Corviknight|28/100
|
|-weather|RainDance|[upkeep]
|-heal|p1a: Corviknight|35/100|[from] item: Leftovers
|upkeep
|turn|22
|
|t:|1757828096
|move|p1a: Corviknight|Brave Bird|p2a: Pelipper
|-damage|p2a: Pelipper|0 fnt
|faint|p2a: Pelipper
|-damage|p1a: Corviknight|29/100|[from] Recoil
|
|win|Gym Leader Bert
|raw|Gym Leader Bert's rating: 1127 &rarr; <strong>1153</strong><br />(+26 for winning)
|raw|guinhovisk's rating: 1143 &rarr; <strong>1117</strong><br />(-26 for losing)
|l|☆Gym Leader Bert
|player|p1|
