|j|☆benkent333
|j|☆drdonutt
|t:|1757872945
|gametype|singles
|player|p1|benkent333|101|1092
|player|p2|drdonutt|waitress-gen4|1115
|gen|9
|tier|[Gen 9] OU
|rated|
|rule|HP Percentage Mod: HP is shown in percentages
|rule|Endless Battle Clause: Forcing endless battles is banned
|rule|Species Clause: Limit one of each Pokémon
|rule|OHKO Clause: OHKO moves are banned
|rule|Evasion Items Clause: Evasion items are banned
|rule|Evasion Moves Clause: Evasion moves are banned
|rule|Evasion Abilities Clause: Evasion abilities are banned
|rule|Sleep Moves Clause: Sleep-inducing moves are banned
|clearpoke
|poke|p1|Dragapult, M|
|poke|p1|Grimmsnarl, M|
|poke|p1|Zamazenta-*|
|poke|p1|Exeggutor, F|
|poke|p1|Iron Moth|
|poke|p1|Maushold-Four|
|poke|p2|Eevee, F|
|poke|p2|Glaceon, F|
|poke|p2|Scizor, M|
|poke|p2|Mimikyu, M|
|poke|p2|Skarmory, M|
|poke|p2|Meloetta|
|teampreview
|c|☆drdonutt|Glhf!!!
|c|☆drdonutt|=3
|c|☆benkent333|you too buddy
|c|☆drdonutt|Ty!
|
|t:|1757872962
|teamsize|p1|6
|teamsize|p2|6
|start
|switch|p1a: Grimmsnarl|Grimmsnarl, M|100/100
|switch|p2a: My favorite <333|Eevee, F|100/100
|turn|1
|
|t:|1757872970
|move|p1a: Grimmsnarl|Reflect|p1a: Grimmsnarl
|-sidestart|p1: benkent333|Reflect
|move|p2a: My favorite <333|Calm Mind|p2a: My favorite <333
|-boost|p2a: My favorite <333|spa|1
|-boost|p2a: My favorite <333|spd|1
|
|upkeep
|turn|2
|c|☆benkent333|ofc
|
|t:|1757872979
|move|p1a: Grimmsnarl|Light Screen|p1a: Grimmsnarl
|-sidestart|p1: benkent333|move: Light Screen
|move|p2a: My favorite <333|Calm Mind|p2a: My favorite <333
|-boost|p2a: My favorite <333|spa|1
|-boost|p2a: My favorite <333|spd|1
|
|upkeep
|turn|3
|c|☆drdonutt|How's your day going?
|
|t:|1757872990
|move|p1a: Grimmsnarl|Spirit Break|p2a: My favorite <333
|-damage|p2a: My favorite <333|58/100
|-unboost|p2a: My favorite <333|spa|1
|move|p2a: My favorite <333|Hyper Voice|p1a: Grimmsnarl
|-damage|p1a: Grimmsnarl|72/100
|
|upkeep
|turn|4
|
|t:|1757872998
|move|p1a: Grimmsnarl|Spirit Break|p2a: My favorite <333
|-damage|p2a: My favorite <333|13/100
|-unboost|p2a: My favorite <333|spa|1
|move|p2a: My favorite <333|Hyper Voice|p1a: Grimmsnarl
|-damage|p1a: Grimmsnarl|55/100
|
|upkeep
|turn|5
|
|t:|1757873005
|switch|p2a: MY GOAT <333|Scizor, M|100/100
|move|p1a: Grimmsnarl|Spirit Break|p2a: MY GOAT <333
|-resisted|p2a: MY GOAT <333
|-damage|p2a: MY GOAT <333|84/100
|-unboost|p2a: MY GOAT <333|spa|1
|
|upkeep
|turn|6
|c|☆benkent333|cant complain
|c|☆benkent333|wbu?
|
|t:|1757873024
|switch|p1a: Zamazenta|Zamazenta|100/100
|-ability|p1a: Zamazenta|Dauntless Shield|boost
|-boost|p1a: Zamazenta|def|1
|move|p2a: MY GOAT <333|Bug Bite|p1a: Zamazenta
|-resisted|p1a: Zamazenta
|-damage|p1a: Zamazenta|91/100
|-damage|p2a: MY GOAT <333|74/100|[from] item: Life Orb
|
|-heal|p1a: Zamazenta|97/100|[from] item: Leftovers
|upkeep
|turn|7
|c|☆drdonutt|Good!
|
|t:|1757873036
|switch|p2a: OwO|Mimikyu, M|100/100
|move|p1a: Zamazenta|Iron Defense|p1a: Zamazenta
|-boost|p1a: Zamazenta|def|2
|
|-heal|p1a: Zamazenta|100/100|[from] item: Leftovers
|upkeep
|turn|8
|c|☆benkent333|Nice
|
|t:|1757873046
|move|p1a: Zamazenta|Iron Defense|p1a: Zamazenta
|-boost|p1a: Zamazenta|def|2
|move|p2a: OwO|Bulk Up|p2a: OwO
|-boost|p2a: OwO|atk|1
|-boost|p2a: OwO|def|1
|
|-sideend|p1: benkent333|Reflect
|upkeep
|turn|9
|c|☆drdonutt|I went out to go get ice cream
|c|☆benkent333|that's cool
|c|☆benkent333|what flavor
|c|☆drdonutt|Mint chocolate chip
|c|☆benkent333|nice
|c|☆drdonutt|What's your favorite?
|
|t:|1757873077
|move|p1a: Zamazenta|Crunch|p2a: OwO
|-activate|p2a: OwO|ability: Disguise
|-damage|p2a: OwO|100/100
|-unboost|p2a: OwO|def|1
|detailschange|p2a: OwO|Mimikyu-Busted, M
|-damage|p2a: OwO|88/100|[from] pokemon: Mimikyu-Busted
|move|p2a: OwO|Play Rough|p1a: Zamazenta
|-supereffective|p1a: Zamazenta
|-damage|p1a: Zamazenta|74/100
|
|-heal|p1a: Zamazenta|80/100|[from] item: Leftovers
|-heal|p2a: OwO|94/100|[from] item: Leftovers
|-sideend|p1: benkent333|move: Light Screen
|upkeep
|turn|10
|c|☆benkent333|prob chocolate or strawberry
|c|☆drdonutt|Good choices!
|
|t:|1757873090
|move|p1a: Zamazenta|Substitute|p1a: Zamazenta
|-start|p1a: Zamazenta|Substitute
|-damage|p1a: Zamazenta|55/100
|move|p2a: OwO|Play Rough|p1a: Zamazenta
|-supereffective|p1a: Zamazenta
|-activate|p1a: Zamazenta|move: Substitute|[damage]
|
|-heal|p1a: Zamazenta|61/100|[from] item: Leftovers
|-heal|p2a: OwO|99/100|[from] item: Leftovers
|upkeep
|turn|11
|
|t:|1757873098
|move|p1a: Zamazenta|Crunch|p2a: OwO
|-damage|p2a: OwO|65/100
|move|p2a: OwO|Bulk Up|p2a: OwO
|-boost|p2a: OwO|atk|1
|-boost|p2a: OwO|def|1
|
|-heal|p1a: Zamazenta|67/100|[from] item: Leftovers
|-heal|p2a: OwO|71/100|[from] item: Leftovers
|upkeep
|turn|12
|
|t:|1757873107
|move|p1a: Zamazenta|Crunch|p2a: OwO
|-damage|p2a: OwO|47/100
|move|p2a: OwO|Play Rough|p1a: Zamazenta
|-supereffective|p1a: Zamazenta
|-end|p1a: Zamazenta|Substitute
|
|-heal|p1a: Zamazenta|73/100|[from] item: Leftovers
|-heal|p2a: OwO|53/100|[from] item: Leftovers
|upkeep
|turn|13
|
|t:|1757873116
|move|p1a: Zamazenta|Crunch|p2a: OwO
|-damage|p2a: OwO|27/100
|move|p2a: OwO|Play Rough|p1a: Zamazenta
|-supereffective|p1a: Zamazenta
|-damage|p1a: Zamazenta|38/100
|
|-heal|p1a: Zamazenta|44/100|[from] item: Leftovers
|-heal|p2a: OwO|33/100|[from] item: Leftovers
|upkeep
|turn|14
|
|t:|1757873127
|move|p1a: Zamazenta|Crunch|p2a: OwO
|-damage|p2a: OwO|9/100
|move|p2a: OwO|Play Rough|p1a: Zamazenta|[miss]
|-miss|p2a: OwO|p1a: Zamazenta
|
|-heal|p1a: Zamazenta|50/100|[from] item: Leftovers
|-heal|p2a: OwO|15/100|[from] item: Leftovers
|upkeep
|turn|15
|
|t:|1757873138
|move|p2a: OwO|Shadow Sneak|p1a: Zamazenta
|-damage|p1a: Zamazenta|42/100
|move|p1a: Zamazenta|Crunch|p2a: OwO
|-damage|p2a: OwO|0 fnt
|faint|p2a: OwO
|
|-heal|p1a: Zamazenta|48/100|[from] item: Leftovers
|upkeep
|
|t:|1757873144
|switch|p2a: (^^ゞ|Skarmory, M|100/100
|turn|16
|
|t:|1757873152
|move|p1a: Zamazenta|Substitute|p1a: Zamazenta
|-start|p1a: Zamazenta|Substitute
|-damage|p1a: Zamazenta|23/100
|move|p2a: (^^ゞ|Iron Defense|p2a: (^^ゞ
|-boost|p2a: (^^ゞ|def|2
|
|-heal|p1a: Zamazenta|29/100|[from] item: Leftovers
|upkeep
|turn|17
|
|t:|1757873163
|-terastallize|p1a: Zamazenta|Fighting
|move|p1a: Zamazenta|Body Press|p2a: (^^ゞ
|-damage|p2a: (^^ゞ|46/100
|move|p2a: (^^ゞ|Brave Bird|p1a: Zamazenta
|-supereffective|p1a: Zamazenta
|-end|p1a: Zamazenta|Substitute
|-damage|p2a: (^^ゞ|37/100|[from] Recoil|[of] p1a: Zamazenta
|
|-heal|p1a: Zamazenta|35/100|[from] item: Leftovers
|upkeep
|turn|18
|
|t:|1757873178
|move|p1a: Zamazenta|Body Press|p2a: (^^ゞ
|-damage|p2a: (^^ゞ|0 fnt
|faint|p2a: (^^ゞ
|
|-heal|p1a: Zamazenta|42/100|[from] item: Leftovers
|upkeep
|
|t:|1757873182
|switch|p2a: Hatsune Miku|Meloetta, shiny|100/100
|turn|19
|
|t:|1757873188
|move|p1a: Zamazenta|Substitute|p1a: Zamazenta
|-start|p1a: Zamazenta|Substitute
|-damage|p1a: Zamazenta|17/100
|move|p2a: Hatsune Miku|Psychic|p1a: Zamazenta
|-supereffective|p1a: Zamazenta
|-crit|p1a: Zamazenta
|-end|p1a: Zamazenta|Substitute
|-damage|p2a: Hatsune Miku|91/100|[from] item: Life Orb
|
|-heal|p1a: Zamazenta|23/100|[from] item: Leftovers
|upkeep
|turn|20
|
|t:|1757873197
|move|p1a: Zamazenta|Body Press|p2a: Hatsune Miku
|-damage|p2a: Hatsune Miku|0 fnt
|faint|p2a: Hatsune Miku
|
|-heal|p1a: Zamazenta|29/100|[from] item: Leftovers
|upkeep
|c|☆drdonutt|ummmmm
|
|t:|1757873207
|switch|p2a: MY GOAT <333|Scizor, M|74/100
|turn|21
|
|t:|1757873215
|move|p1a: Zamazenta|Body Press|p2a: MY GOAT <333
|-damage|p2a: MY GOAT <333|0 fnt
|faint|p2a: MY GOAT <333
|
|-heal|p1a: Zamazenta|35/100|[from] item: Leftovers
|upkeep
|c|☆benkent333|hahaha
|c|☆drdonutt|uhhh
|c|☆drdonutt|I may be cooked :/
|
|t:|1757873233
|switch|p2a: My favorite <333|Eevee, F|13/100
|turn|22
|
|t:|1757873242
|-terastallize|p2a: My favorite <333|Fairy
|move|p1a: Zamazenta|Body Press|p2a: My favorite <333
|-resisted|p2a: My favorite <333
|-damage|p2a: My favorite <333|0 fnt
|faint|p2a: My favorite <333
|
|-heal|p1a: Zamazenta|41/100|[from] item: Leftovers
|upkeep
|c|☆benkent333|good game
|c|☆drdonutt|Yea ggs
|c|☆drdonutt|Ngl
|
|t:|1757873256
|switch|p2a: (>'-'<)|Glaceon, F|100/100
|turn|23
|c|☆drdonutt|It was nice talking to you!
|
|t:|1757873269
|move|p1a: Zamazenta|Body Press|p2a: (>'-'<)
|-supereffective|p2a: (>'-'<)
|-damage|p2a: (>'-'<)|0 fnt
|faint|p2a: (>'-'<)
|
|win|benkent333
|raw|benkent333's rating: 1092 &rarr; <strong>1120</strong><br />(+28 for winning)
|raw|drdonutt's rating: 1115 &rarr; <strong>1088</strong><br />(-27 for losing)
|c|☆benkent333|you too have a good one
|c|☆drdonutt|Have a good one to!
|c|☆drdonutt|<3
|l|☆drdonutt
|player|p2|
