|j|☆Astonished25
|j|☆SuperiorPangoro
|t:|1757902369
|gametype|singles
|player|p1|Astonished25|265|
|player|p2|SuperiorPangoro|ghetsis|
|gen|9
|tier|[Gen 9] OU
|rule|HP Percentage Mod: HP is shown in percentages
|rule|Endless Battle Clause: Forcing endless battles is banned
|rule|Species Clause: Limit one of each Pokémon
|rule|OHKO Clause: OHKO moves are banned
|rule|Evasion Items Clause: Evasion items are banned
|rule|Evasion Moves Clause: Evasion moves are banned
|rule|Evasion Abilities Clause: Evasion abilities are banned
|rule|Sleep Moves Clause: Sleep-inducing moves are banned
|clearpoke
|poke|p1|Ogerpon-Wellspring, F|
|poke|p1|Rillaboom, F|
|poke|p1|Iron Moth|
|poke|p1|Hawlucha, F|
|poke|p1|Raging Bolt|
|poke|p1|Iron Treads|
|poke|p2|Glimmora, F|
|poke|p2|Gholdengo|
|poke|p2|Dragonite, M|
|poke|p2|Great Tusk|
|poke|p2|Iron Valiant|
|poke|p2|Kingambit, M|
|teampreview
|inactive|Battle timer is ON: inactive players will automatically lose when time's up. (requested by Astonished25)
|inactive|SuperiorPangoro also wants the timer to be on.
|
|t:|1757902388
|teamsize|p1|6
|teamsize|p2|6
|start
|switch|p1a: Rillaboom|Rillaboom, F|100/100
|switch|p2a: Glimmora|Glimmora, F|100/100
|-fieldstart|move: Grassy Terrain|[from] ability: Grassy Surge|[of] p1a: Rillaboom
|turn|1
|
|t:|1757902398
|switch|p1a: Iron Treads|Iron Treads|100/100
|-enditem|p1a: Iron Treads|Booster Energy
|-activate|p1a: Iron Treads|ability: Quark Drive|[fromitem]
|-start|p1a: Iron Treads|quarkdrivespe
|move|p2a: Glimmora|Sludge Wave|p1a: Iron Treads
|-immune|p1a: Iron Treads
|
|upkeep
|turn|2
|
|t:|1757902418
|-terastallize|p2a: Glimmora|Grass
|move|p1a: Iron Treads|Earth Power|p2a: Glimmora
|-resisted|p2a: Glimmora
|-damage|p2a: Glimmora|86/100
|move|p2a: Glimmora|Energy Ball|p1a: Iron Treads
|-damage|p1a: Iron Treads|27/100
|
|-heal|p1a: Iron Treads|33/100|[from] Grassy Terrain
|-heal|p2a: Glimmora|92/100|[from] Grassy Terrain
|upkeep
|turn|3
|
|t:|1757902424
|move|p1a: Iron Treads|Stealth Rock|p2a: Glimmora
|-sidestart|p2: SuperiorPangoro|move: Stealth Rock
|move|p2a: Glimmora|Spikes|p1a: Iron Treads
|-sidestart|p1: Astonished25|Spikes
|
|-heal|p1a: Iron Treads|39/100|[from] Grassy Terrain
|-heal|p2a: Glimmora|98/100|[from] Grassy Terrain
|upkeep
|turn|4
|
|t:|1757902431
|move|p1a: Iron Treads|Steel Beam|p2a: Glimmora
|-damage|p2a: Glimmora|49/100
|-damage|p1a: Iron Treads|0 fnt|[from] steelbeam
|faint|p1a: Iron Treads
|-end|p1a: Iron Treads|Quark Drive|[silent]
|move|p2a: Glimmora|Energy Ball|p1: Iron Treads|[notarget]
|-fail|p2a: Glimmora
|
|-heal|p2a: Glimmora|55/100|[from] Grassy Terrain
|upkeep
|
|t:|1757902440
|switch|p1a: Iron Moth|Iron Moth|100/100
|-damage|p1a: Iron Moth|88/100|[from] Spikes
|-enditem|p1a: Iron Moth|Booster Energy
|-activate|p1a: Iron Moth|ability: Quark Drive|[fromitem]
|-start|p1a: Iron Moth|quarkdrivespe
|turn|5
|
|t:|1757902446
|move|p1a: Iron Moth|Fiery Dance|p2a: Glimmora
|-supereffective|p2a: Glimmora
|-damage|p2a: Glimmora|0 fnt
|faint|p2a: Glimmora
|
|-heal|p1a: Iron Moth|94/100|[from] Grassy Terrain
|upkeep
|inactive|SuperiorPangoro has 270 seconds left.
|
|t:|1757902487
|switch|p2a: Dragonite|Dragonite, M, shiny|100/100
|-damage|p2a: Dragonite|76/100|[from] Stealth Rock
|turn|6
|
|t:|1757902493
|move|p1a: Iron Moth|Sludge Wave|p2a: Dragonite
|-damage|p2a: Dragonite|25/100
|move|p2a: Dragonite|Outrage|p1a: Iron Moth
|-damage|p1a: Iron Moth|0 fnt
|faint|p1a: Iron Moth
|-end|p1a: Iron Moth|Quark Drive|[silent]
|
|upkeep
|
|t:|1757902519
|switch|p1a: Ogerpon|Ogerpon-Wellspring, F|100/100
|-damage|p1a: Ogerpon|88/100|[from] Spikes
|turn|7
|inactive|SuperiorPangoro has 270 seconds left.
|
|t:|1757902540
|move|p1a: Ogerpon|Knock Off|p2a: Dragonite
|-damage|p2a: Dragonite|0 fnt
|-enditem|p2a: Dragonite|Choice Band|[from] move: Knock Off|[of] p1a: Ogerpon
|faint|p2a: Dragonite
|
|-heal|p1a: Ogerpon|94/100|[from] Grassy Terrain
|upkeep
|inactive|SuperiorPangoro has 240 seconds left.
|inactive|SuperiorPangoro has 210 seconds left.
|
|t:|1757902610
|switch|p2a: Great Tusk|Great Tusk|100/100
|-damage|p2a: Great Tusk|98/100|[from] Stealth Rock
|-enditem|p2a: Great Tusk|Booster Energy
|-activate|p2a: Great Tusk|ability: Protosynthesis|[fromitem]
|-start|p2a: Great Tusk|protosynthesisspe
|turn|8
|
|t:|1757902619
|move|p2a: Great Tusk|Knock Off|p1a: Ogerpon
|-damage|p1a: Ogerpon|71/100
|move|p1a: Ogerpon|Ivy Cudgel|p2a: Great Tusk|[anim] Ivy Cudgel Water
|-supereffective|p2a: Great Tusk
|-damage|p2a: Great Tusk|24/100
|
|-heal|p2a: Great Tusk|30/100|[from] Grassy Terrain
|-heal|p1a: Ogerpon|77/100|[from] Grassy Terrain
|-fieldend|move: Grassy Terrain
|upkeep
|turn|9
|inactive|SuperiorPangoro has 210 seconds left.
|
|t:|1757902629
|move|p2a: Great Tusk|Rapid Spin|p1a: Ogerpon
|-damage|p1a: Ogerpon|56/100
|-boost|p2a: Great Tusk|spe|1
|-sideend|p2: SuperiorPangoro|Stealth Rock|[from] move: Rapid Spin|[of] p2a: Great Tusk
|move|p1a: Ogerpon|Ivy Cudgel|p2a: Great Tusk|[anim] Ivy Cudgel Water
|-supereffective|p2a: Great Tusk
|-damage|p2a: Great Tusk|0 fnt
|faint|p2a: Great Tusk
|-end|p2a: Great Tusk|Protosynthesis|[silent]
|
|upkeep
|inactive|SuperiorPangoro has 210 seconds left.
|
|t:|1757902661
|switch|p2a: Iron Valiant|Iron Valiant|100/100
|-enditem|p2a: Iron Valiant|Booster Energy
|-activate|p2a: Iron Valiant|ability: Quark Drive|[fromitem]
|-start|p2a: Iron Valiant|quarkdrivespe
|turn|10
|
|t:|1757902667
|move|p2a: Iron Valiant|Moonblast|p1a: Ogerpon
|-damage|p1a: Ogerpon|2/100
|-unboost|p1a: Ogerpon|spa|1
|move|p1a: Ogerpon|Ivy Cudgel|p2a: Iron Valiant|[anim] Ivy Cudgel Water
|-damage|p2a: Iron Valiant|13/100
|
|upkeep
|turn|11
|
|t:|1757902673
|move|p2a: Iron Valiant|Moonblast|p1a: Ogerpon
|-damage|p1a: Ogerpon|0 fnt
|faint|p1a: Ogerpon
|
|upkeep
|
|t:|1757902675
|switch|p1a: Rillaboom|Rillaboom, F|100/100
|-damage|p1a: Rillaboom|88/100|[from] Spikes
|-fieldstart|move: Grassy Terrain|[from] ability: Grassy Surge|[of] p1a: Rillaboom
|turn|12
|
|t:|1757902680
|move|p2a: Iron Valiant|Moonblast|p1a: Rillaboom
|-damage|p1a: Rillaboom|33/100
|move|p1a: Rillaboom|U-turn|p2a: Iron Valiant
|-resisted|p2a: Iron Valiant
|-damage|p2a: Iron Valiant|5/100
|
|t:|1757902682
|switch|p1a: Raging Bolt|Raging Bolt|100/100|[from] U-turn
|-damage|p1a: Raging Bolt|88/100|[from] Spikes
|-enditem|p1a: Raging Bolt|Booster Energy
|-activate|p1a: Raging Bolt|ability: Protosynthesis|[fromitem]
|-start|p1a: Raging Bolt|protosynthesisspa
|
|-heal|p2a: Iron Valiant|12/100|[from] Grassy Terrain
|-heal|p1a: Raging Bolt|94/100|[from] Grassy Terrain
|upkeep
|turn|13
|
|t:|1757902696
|-terastallize|p1a: Raging Bolt|Ghost
|move|p2a: Iron Valiant|Calm Mind|p2a: Iron Valiant
|-boost|p2a: Iron Valiant|spa|1
|-boost|p2a: Iron Valiant|spd|1
|move|p1a: Raging Bolt|Thunderbolt|p2a: Iron Valiant
|-damage|p2a: Iron Valiant|0 fnt
|faint|p2a: Iron Valiant
|-end|p2a: Iron Valiant|Quark Drive|[silent]
|
|-heal|p1a: Raging Bolt|100/100|[from] Grassy Terrain
|upkeep
|
|t:|1757902704
|switch|p2a: Kingambit|Kingambit, M|100/100
|-activate|p2a: Kingambit|ability: Supreme Overlord
|-start|p2a: Kingambit|fallen4|[silent]
|turn|14
|
|t:|1757902706
|move|p1a: Raging Bolt|Thunderclap||[still]
|-fail|p1a: Raging Bolt
|move|p2a: Kingambit|Swords Dance|p2a: Kingambit
|-boost|p2a: Kingambit|atk|2
|
|upkeep
|turn|15
|
|t:|1757902714
|move|p2a: Kingambit|Sucker Punch|p1a: Raging Bolt
|-supereffective|p1a: Raging Bolt
|-damage|p1a: Raging Bolt|0 fnt
|faint|p1a: Raging Bolt
|-end|p1a: Raging Bolt|Protosynthesis|[silent]
|
|upkeep
|
|t:|1757902716
|switch|p1a: Hawlucha|Hawlucha, F|100/100
|-enditem|p1a: Hawlucha|Grassy Seed
|-boost|p1a: Hawlucha|def|1|[from] item: Grassy Seed
|turn|16
|inactive|SuperiorPangoro has 240 seconds left.
|
|t:|1757902721
|-end|p2a: Kingambit|fallen4|[silent]
|switch|p2a: Gholdengo|Gholdengo|100/100
|move|p1a: Hawlucha|Encore|p2a: Gholdengo
|-immune|p2a: Gholdengo|[from] ability: Good as Gold
|
|upkeep
|turn|17
|
|t:|1757902729
|switch|p1a: Rillaboom|Rillaboom, F|33/100
|-damage|p1a: Rillaboom|20/100|[from] Spikes
|move|p2a: Gholdengo|Make It Rain|p1a: Rillaboom
|-damage|p1a: Rillaboom|0 fnt
|-unboost|p2a: Gholdengo|spa|1
|faint|p1a: Rillaboom
|-enditem|p2a: Gholdengo|Eject Pack
|
|t:|1757902732
|switch|p2a: Kingambit|Kingambit, M|100/100
|-activate|p2a: Kingambit|ability: Supreme Overlord
|-start|p2a: Kingambit|fallen4|[silent]
|
|upkeep
|
|t:|1757902735
|switch|p1a: Hawlucha|Hawlucha, F|100/100
|turn|18
|
|t:|1757902738
|move|p1a: Hawlucha|Swords Dance|p1a: Hawlucha
|-boost|p1a: Hawlucha|atk|2
|move|p2a: Kingambit|Kowtow Cleave|p1a: Hawlucha
|-resisted|p1a: Hawlucha
|-damage|p1a: Hawlucha|58/100
|
|upkeep
|turn|19
|
|t:|1757902744
|move|p2a: Kingambit|Sucker Punch||[still]
|-fail|p2a: Kingambit
|move|p1a: Hawlucha|Swords Dance|p1a: Hawlucha
|-boost|p1a: Hawlucha|atk|2
|
|-fieldend|move: Grassy Terrain
|upkeep
|turn|20
|
|t:|1757902749
|-end|p2a: Kingambit|fallen4|[silent]
|switch|p2a: Gholdengo|Gholdengo|100/100
|move|p1a: Hawlucha|Encore|p2a: Gholdengo
|-immune|p2a: Gholdengo|[from] ability: Good as Gold
|
|upkeep
|turn|21
|
|t:|1757902752
|move|p1a: Hawlucha|Acrobatics|p2a: Gholdengo
|-resisted|p2a: Gholdengo
|-damage|p2a: Gholdengo|35/100
|move|p2a: Gholdengo|Make It Rain|p1a: Hawlucha
|-damage|p1a: Hawlucha|0 fnt
|-unboost|p2a: Gholdengo|spa|1
|faint|p1a: Hawlucha
|
|win|SuperiorPangoro
|c|☆Astonished25|gg
|l|☆SuperiorPangoro
|player|p2|
