|j|☆Obosto
|j|☆The Poo Wrangler
|t:|1757912551
|gametype|singles
|player|p1|Obosto|101|1104
|player|p2|The Poo Wrangler|170|1157
|gen|9
|tier|[Gen 9] OU
|rated|
|rule|HP Percentage Mod: HP is shown in percentages
|rule|Endless Battle Clause: Forcing endless battles is banned
|rule|Species Clause: Limit one of each Pokémon
|rule|OHKO Clause: OHKO moves are banned
|rule|Evasion Items Clause: Evasion items are banned
|rule|Evasion Moves Clause: Evasion moves are banned
|rule|Evasion Abilities Clause: Evasion abilities are banned
|rule|Sleep Moves Clause: Sleep-inducing moves are banned
|clearpoke
|poke|p1|Primeape, M|
|poke|p1|Kingdra, M|
|poke|p1|Scream Tail|
|poke|p1|Samurott-Hisui, M|
|poke|p1|Arcanine-Hisui, F|
|poke|p1|Bastiodon, M|
|poke|p2|Indeedee, M|
|poke|p2|Quaquaval, F|
|poke|p2|Polteageist|
|poke|p2|Cloyster, M|
|poke|p2|Blaziken, F|
|poke|p2|Hatterene, F|
|teampreview
|inactive|Battle timer is ON: inactive players will automatically lose when time's up. (requested by The Poo Wrangler)
|
|t:|1757912557
|teamsize|p1|6
|teamsize|p2|6
|start
|switch|p1a: Arcanine|Arcanine-Hisui, F|100/100
|switch|p2a: Indeedee|Indeedee, M|100/100
|-fieldstart|move: Psychic Terrain|[from] ability: Psychic Surge|[of] p2a: Indeedee
|turn|1
|
|t:|1757912568
|switch|p2a: An OwO moment|Hatterene, F|100/100
|move|p1a: Arcanine|Agility|p1a: Arcanine
|-boost|p1a: Arcanine|spe|2
|
|upkeep
|turn|2
|c|☆The Poo Wrangler|Good luck! :)
|
|t:|1757912583
|move|p1a: Arcanine|Flare Blitz|p2a: An OwO moment
|-damage|p2a: An OwO moment|49/100
|move|p2a: An OwO moment|Psyshock|p1a: Arcanine
|-damage|p1a: Arcanine|45/100
|
|-heal|p2a: An OwO moment|55/100|[from] item: Leftovers
|upkeep
|turn|3
|
|t:|1757912593
|switch|p2a: The Crips|Quaquaval, F|100/100
|move|p1a: Arcanine|Flare Blitz|p2a: The Crips
|-resisted|p2a: The Crips
|-damage|p2a: The Crips|59/100
|
|upkeep
|turn|4
|
|t:|1757912604
|move|p1a: Arcanine|Head Smash|p2a: The Crips|[miss]
|-miss|p1a: Arcanine|p2a: The Crips
|move|p2a: The Crips|Aqua Step|p1a: Arcanine
|-supereffective|p1a: Arcanine
|-damage|p1a: Arcanine|0 fnt
|-boost|p2a: The Crips|spe|1
|faint|p1a: Arcanine
|-ability|p2a: The Crips|Moxie|boost
|-boost|p2a: The Crips|atk|1
|
|upkeep
|
|t:|1757912618
|switch|p1a: Scream Tail|Scream Tail|100/100
|-enditem|p1a: Scream Tail|Booster Energy
|-activate|p1a: Scream Tail|ability: Protosynthesis|[fromitem]
|-start|p1a: Scream Tail|protosynthesisspd
|turn|5
|inactive|The Poo Wrangler has 120 seconds left.
|
|t:|1757912664
|move|p2a: The Crips|Endure|p2a: The Crips
|-singleturn|p2a: The Crips|move: Endure
|move|p1a: Scream Tail|Psyshock|p2a: The Crips
|-supereffective|p2a: The Crips
|-activate|p2a: The Crips|move: Endure
|-damage|p2a: The Crips|1/100
|-enditem|p2a: The Crips|Weakness Policy
|-boost|p2a: The Crips|atk|2|[from] item: Weakness Policy
|-boost|p2a: The Crips|spa|2|[from] item: Weakness Policy
|
|upkeep
|turn|6
|
|t:|1757912677
|move|p2a: The Crips|Aqua Step|p1a: Scream Tail
|-crit|p1a: Scream Tail
|-damage|p1a: Scream Tail|0 fnt
|-boost|p2a: The Crips|spe|1
|faint|p1a: Scream Tail
|-end|p1a: Scream Tail|Protosynthesis|[silent]
|-ability|p2a: The Crips|Moxie|boost
|-boost|p2a: The Crips|atk|1
|
|upkeep
|
|t:|1757912685
|switch|p1a: Bastiodon|Bastiodon, M|100/100
|turn|7
|
|t:|1757912690
|move|p2a: The Crips|Triple Axel|p1a: Bastiodon
|-resisted|p1a: Bastiodon
|-damage|p1a: Bastiodon|95/100
|-resisted|p1a: Bastiodon
|-damage|p1a: Bastiodon|85/100
|-resisted|p1a: Bastiodon
|-damage|p1a: Bastiodon|68/100
|-hitcount|p1a: Bastiodon|3
|move|p1a: Bastiodon|Metal Burst|p2a: The Crips
|-damage|p2a: The Crips|0 fnt
|faint|p2a: The Crips
|
|upkeep
|inactive|The Poo Wrangler has 120 seconds left.
|
|t:|1757912698
|switch|p2a: Blaziken|Blaziken, F|100/100
|turn|8
|
|t:|1757912718
|-terastallize|p1a: Bastiodon|Flying
|move|p2a: Blaziken|Endure|p2a: Blaziken
|-singleturn|p2a: Blaziken|move: Endure
|move|p1a: Bastiodon|Metal Burst||[still]
|-fail|p1a: Bastiodon
|
|-fieldend|move: Psychic Terrain
|-ability|p2a: Blaziken|Speed Boost|boost
|-boost|p2a: Blaziken|spe|1
|upkeep
|turn|9
|
|t:|1757912729
|move|p2a: Blaziken|Swords Dance|p2a: Blaziken
|-boost|p2a: Blaziken|atk|2
|move|p1a: Bastiodon|Metal Burst||[still]
|-fail|p1a: Bastiodon
|
|-ability|p2a: Blaziken|Speed Boost|boost
|-boost|p2a: Blaziken|spe|1
|upkeep
|turn|10
|
|t:|1757912740
|move|p2a: Blaziken|Swords Dance|p2a: Blaziken
|-boost|p2a: Blaziken|atk|2
|move|p1a: Bastiodon|Metal Burst||[still]
|-fail|p1a: Bastiodon
|
|-ability|p2a: Blaziken|Speed Boost|boost
|-boost|p2a: Blaziken|spe|1
|upkeep
|turn|11
|
|t:|1757912750
|move|p2a: Blaziken|Swords Dance|p2a: Blaziken
|-boost|p2a: Blaziken|atk|2
|move|p1a: Bastiodon|Body Press|p2a: Blaziken
|-damage|p2a: Blaziken|40/100
|
|-ability|p2a: Blaziken|Speed Boost|boost
|-boost|p2a: Blaziken|spe|1
|upkeep
|turn|12
|
|t:|1757912759
|move|p2a: Blaziken|Acrobatics|p1a: Bastiodon
|-damage|p1a: Bastiodon|23/100
|move|p1a: Bastiodon|Metal Burst|p2a: Blaziken
|-damage|p2a: Blaziken|0 fnt
|faint|p2a: Blaziken
|
|upkeep
|
|t:|1757912769
|switch|p2a: Indeedee|Indeedee, M|100/100
|-fieldstart|move: Psychic Terrain|[from] ability: Psychic Surge|[of] p2a: Indeedee
|turn|13
|-enditem|p1a: Bastiodon|Custap Berry|[eat]
|-activate|p1a: Bastiodon|item: Custap Berry|[consumed]
|
|t:|1757912773
|move|p1a: Bastiodon|Body Press|p2a: Indeedee
|-damage|p2a: Indeedee|35/100
|move|p2a: Indeedee|Encore|p1a: Bastiodon
|-start|p1a: Bastiodon|Encore
|
|upkeep
|turn|14
|
|t:|1757912781
|switch|p2a: A Pot-Head|Polteageist|100/100
|move|p1a: Bastiodon|Body Press|p2a: A Pot-Head
|-immune|p2a: A Pot-Head
|
|upkeep
|turn|15
|
|t:|1757912790
|switch|p1a: Samurott|Samurott-Hisui, M|100/100
|move|p2a: A Pot-Head|Shell Smash|p2a: A Pot-Head
|-unboost|p2a: A Pot-Head|def|1
|-unboost|p2a: A Pot-Head|spd|1
|-boost|p2a: A Pot-Head|atk|2
|-boost|p2a: A Pot-Head|spa|2
|-boost|p2a: A Pot-Head|spe|2
|
|upkeep
|turn|16
|
|t:|1757912799
|move|p2a: A Pot-Head|Shell Smash|p2a: A Pot-Head
|-unboost|p2a: A Pot-Head|def|1
|-unboost|p2a: A Pot-Head|spd|1
|-boost|p2a: A Pot-Head|atk|2
|-boost|p2a: A Pot-Head|spa|2
|-boost|p2a: A Pot-Head|spe|2
|move|p1a: Samurott|Ceaseless Edge|p2a: A Pot-Head
|-supereffective|p2a: A Pot-Head
|-enditem|p2a: A Pot-Head|Focus Sash
|-damage|p2a: A Pot-Head|1/100
|-ability|p2a: A Pot-Head|Weak Armor|boost
|-unboost|p2a: A Pot-Head|def|1
|-boost|p2a: A Pot-Head|spe|2
|-sidestart|p2: The Poo Wrangler|Spikes
|
|upkeep
|turn|17
|
|t:|1757912813
|move|p2a: A Pot-Head|Shadow Ball|p1a: Samurott
|-resisted|p1a: Samurott
|-damage|p1a: Samurott|0 fnt
|faint|p1a: Samurott
|
|upkeep
|
|t:|1757912819
|switch|p1a: Kingdra|Kingdra, M|100/100
|turn|18
|
|t:|1757912824
|move|p2a: A Pot-Head|Stored Power|p1a: Kingdra
|-damage|p1a: Kingdra|0 fnt
|faint|p1a: Kingdra
|
|upkeep
|
|t:|1757912829
|switch|p1a: Primeape|Primeape, M|100/100
|turn|19
|
|t:|1757912834
|move|p2a: A Pot-Head|Stored Power|p1a: Primeape
|-supereffective|p1a: Primeape
|-damage|p1a: Primeape|0 fnt
|faint|p1a: Primeape
|
|upkeep
|-message|Obosto forfeited.
|
|win|The Poo Wrangler
|raw|Obosto's rating: 1104 &rarr; <strong>1083</strong><br />(-21 for losing)
|raw|The Poo Wrangler's rating: 1157 &rarr; <strong>1178</strong><br />(+21 for winning)
|l|☆Obosto
|player|p1|
|l|☆The Poo Wrangler
|player|p2|
