|j|☆tserola
|j|☆konomioda
|t:|1757902065
|gametype|singles
|player|p1|tserola|170|1174
|player|p2|konomioda|preschoolerf|1107
|gen|9
|tier|[Gen 9] OU
|rated|
|rule|HP Percentage Mod: HP is shown in percentages
|rule|Endless Battle Clause: Forcing endless battles is banned
|rule|Species Clause: Limit one of each Pokémon
|rule|OHKO Clause: OHKO moves are banned
|rule|Evasion Items Clause: Evasion items are banned
|rule|Evasion Moves Clause: Evasion moves are banned
|rule|Evasion Abilities Clause: Evasion abilities are banned
|rule|Sleep Moves Clause: Sleep-inducing moves are banned
|clearpoke
|poke|p1|Corviknight, F|
|poke|p1|Dragonite, M|
|poke|p1|Kingambit, M|
|poke|p1|Clefable, M|
|poke|p1|Pecharunt|
|poke|p1|Moltres|
|poke|p2|Clodsire, F|
|poke|p2|Corviknight, M|
|poke|p2|Toxapex, M|
|poke|p2|Salazzle, F|
|poke|p2|Alcremie, F|
|poke|p2|Ninetales-Alola, F|
|teampreview
|
|t:|1757902085
|teamsize|p1|6
|teamsize|p2|6
|start
|switch|p1a: Pecharunt|Pecharunt|100/100
|switch|p2a: Ninetales|Ninetales-Alola, F|100/100
|-weather|Snowscape|[from] ability: Snow Warning|[of] p2a: Ninetales
|-item|p1a: Pecharunt|Air Balloon
|turn|1
|
|t:|1757902095
|move|p2a: Ninetales|Aurora Veil|p2a: Ninetales
|-sidestart|p2: konomioda|move: Aurora Veil
|move|p1a: Pecharunt|Malignant Chain|p2a: Ninetales
|-supereffective|p2a: Ninetales
|-crit|p2a: Ninetales
|-damage|p2a: Ninetales|0 fnt
|faint|p2a: Ninetales
|
|-weather|Snowscape|[upkeep]
|upkeep
|
|t:|1757902106
|switch|p2a: Salazzle|Salazzle, F|100/100
|turn|2
|
|t:|1757902114
|move|p2a: Salazzle|Toxic|p1a: Pecharunt
|-status|p1a: Pecharunt|tox
|move|p1a: Pecharunt|Parting Shot|p2a: Salazzle
|-unboost|p2a: Salazzle|atk|1
|-unboost|p2a: Salazzle|spa|1
|
|t:|1757902125
|switch|p1a: Dragonite|Dragonite, M|100/100|[from] Parting Shot
|
|-weather|Snowscape|[upkeep]
|upkeep
|turn|3
|
|t:|1757902133
|switch|p2a: Alcremie|Alcremie, F|100/100
|move|p1a: Dragonite|Earthquake|p2a: Alcremie
|-damage|p2a: Alcremie|76/100
|
|-weather|Snowscape|[upkeep]
|upkeep
|turn|4
|
|t:|1757902144
|switch|p1a: Pecharunt|Pecharunt|100/100 tox
|-item|p1a: Pecharunt|Air Balloon
|move|p2a: Alcremie|Acid Armor|p2a: Alcremie
|-boost|p2a: Alcremie|def|2
|
|-weather|Snowscape|[upkeep]
|-damage|p1a: Pecharunt|94/100 tox|[from] psn
|upkeep
|turn|5
|
|t:|1757902155
|switch|p2a: Corviknight|Corviknight, M|100/100
|move|p1a: Pecharunt|Malignant Chain|p2a: Corviknight
|-immune|p2a: Corviknight
|
|-weather|none
|-damage|p1a: Pecharunt|82/100 tox|[from] psn
|upkeep
|turn|6
|
|t:|1757902166
|move|p1a: Pecharunt|Parting Shot|p2a: Corviknight
|-ability|p2a: Corviknight|Mirror Armor
|-unboost|p1a: Pecharunt|atk|1
|-ability|p2a: Corviknight|Mirror Armor
|-unboost|p1a: Pecharunt|spa|1
|
|t:|1757902187
|switch|p1a: Moltres|Moltres|100/100|[from] Parting Shot
|move|p2a: Corviknight|Body Press|p1a: Moltres
|-resisted|p1a: Moltres
|-damage|p1a: Moltres|86/100
|-status|p2a: Corviknight|brn|[from] ability: Flame Body|[of] p1a: Moltres
|
|-damage|p2a: Corviknight|94/100 brn|[from] brn
|upkeep
|turn|7
|
|t:|1757902204
|switch|p2a: Clodsire|Clodsire, F|100/100
|move|p1a: Moltres|U-turn|p2a: Clodsire
|-resisted|p2a: Clodsire
|-crit|p2a: Clodsire
|-damage|p2a: Clodsire|93/100
|
|t:|1757902247
|switch|p1a: Pecharunt|Pecharunt|82/100 tox|[from] U-turn
|-item|p1a: Pecharunt|Air Balloon
|
|-heal|p2a: Clodsire|99/100|[from] item: Leftovers
|-damage|p1a: Pecharunt|76/100 tox|[from] psn
|upkeep
|turn|8
|
|t:|1757902274
|switch|p2a: Salazzle|Salazzle, F|100/100
|move|p1a: Pecharunt|Shadow Ball|p2a: Salazzle
|-damage|p2a: Salazzle|70/100
|
|-damage|p1a: Pecharunt|64/100 tox|[from] psn
|-sideend|p2: konomioda|move: Aurora Veil
|upkeep
|turn|9
|
|t:|1757902284
|move|p2a: Salazzle|Toxic|p1a: Pecharunt
|-fail|p1a: Pecharunt|tox
|move|p1a: Pecharunt|Recover|p1a: Pecharunt
|-heal|p1a: Pecharunt|100/100 tox
|
|-damage|p1a: Pecharunt|82/100 tox|[from] psn
|upkeep
|turn|10
|
|t:|1757902294
|move|p2a: Salazzle|Disable|p1a: Pecharunt
|-start|p1a: Pecharunt|Disable|Recover
|move|p1a: Pecharunt|Parting Shot|p2a: Salazzle
|-unboost|p2a: Salazzle|atk|1
|-unboost|p2a: Salazzle|spa|1
|
|t:|1757902306
|switch|p1a: Moltres|Moltres|86/100|[from] Parting Shot
|
|upkeep
|turn|11
|-message|konomioda forfeited.
|
|win|tserola
|raw|tserola's rating: 1174 &rarr; <strong>1194</strong><br />(+20 for winning)
|raw|konomioda's rating: 1107 &rarr; <strong>1087</strong><br />(-20 for losing)
|l|☆konomioda
|player|p2|
|l|☆tserola
|player|p1|
