|j|‽Ak47fu2
|j|☆z_luxii
|t:|1757814517
|gametype|singles
|player|p1|Ak47fu2|265|1130
|player|p2|z_luxii|policeman-gen4|1165
|gen|9
|tier|[Gen 9] OU
|rated|
|rule|HP Percentage Mod: HP is shown in percentages
|rule|Endless Battle Clause: Forcing endless battles is banned
|rule|Species Clause: Limit one of each Pokémon
|rule|OHKO Clause: OHKO moves are banned
|rule|Evasion Items Clause: Evasion items are banned
|rule|Evasion Moves Clause: Evasion moves are banned
|rule|Evasion Abilities Clause: Evasion abilities are banned
|rule|Sleep Moves Clause: Sleep-inducing moves are banned
|clearpoke
|poke|p1|Dragonite, F|
|poke|p1|Moltres|
|poke|p1|Zapdos|
|poke|p1|Skarmory, M|
|poke|p1|Staraptor, M|
|poke|p1|Delibird, M|
|poke|p2|Dragonite, F|
|poke|p2|Ogerpon-Wellspring, F|
|poke|p2|Kyurem|
|poke|p2|Iron Valiant|
|poke|p2|Cinderace, M|
|poke|p2|Pecharunt|
|teampreview
|
|t:|1757814522
|teamsize|p1|6
|teamsize|p2|6
|start
|switch|p1a: Skarmory|Skarmory, M|100/100
|switch|p2a: the box|Iron Valiant|100/100
|-enditem|p2a: the box|Booster Energy
|-activate|p2a: the box|ability: Quark Drive|[fromitem]
|-start|p2a: the box|quarkdrivespe
|turn|1
|
|t:|1757814528
|move|p2a: the box|Calm Mind|p2a: the box
|-boost|p2a: the box|spa|1
|-boost|p2a: the box|spd|1
|move|p1a: Skarmory|Stealth Rock|p2a: the box
|-sidestart|p2: z_luxii|move: Stealth Rock
|
|upkeep
|turn|2
|
|t:|1757814532
|move|p2a: the box|Encore|p1a: Skarmory
|-start|p1a: Skarmory|Encore
|move|p1a: Skarmory|Stealth Rock||[still]
|-fail|p1a: Skarmory
|
|upkeep
|turn|3
|
|t:|1757814547
|switch|p1a: Delibird|Delibird, M|100/100
|move|p2a: the box|Calm Mind|p2a: the box
|-boost|p2a: the box|spa|1
|-boost|p2a: the box|spd|1
|
|upkeep
|turn|4
|
|t:|1757814554
|move|p2a: the box|Moonblast|p1a: Delibird
|-damage|p1a: Delibird|0 fnt
|faint|p1a: Delibird
|
|upkeep
|
|t:|1757814556
|switch|p1a: Skarmory|Skarmory, M|100/100
|turn|5
|
|t:|1757814577
|move|p2a: the box|Shadow Ball|p1a: Skarmory
|-damage|p1a: Skarmory|25/100
|move|p1a: Skarmory|Brave Bird|p2a: the box
|-supereffective|p2a: the box
|-damage|p2a: the box|19/100
|-damage|p1a: Skarmory|2/100|[from] Recoil
|
|-heal|p1a: Skarmory|8/100|[from] item: Leftovers
|upkeep
|turn|6
|
|t:|1757814585
|move|p2a: the box|Shadow Ball|p1a: Skarmory
|-damage|p1a: Skarmory|0 fnt
|faint|p1a: Skarmory
|
|upkeep
|
|t:|1757814588
|switch|p1a: Dragonite|Dragonite, F|100/100
|turn|7
|
|t:|1757814591
|move|p1a: Dragonite|Extreme Speed|p2a: the box
|-damage|p2a: the box|0 fnt
|faint|p2a: the box
|-end|p2a: the box|Quark Drive|[silent]
|
|upkeep
|
|t:|1757814599
|switch|p2a: Pecharunt|Pecharunt|100/100
|turn|8
|
|t:|1757814620
|switch|p1a: Moltres|Moltres|100/100
|move|p2a: Pecharunt|Malignant Chain|p1a: Moltres
|-damage|p1a: Moltres|65/100
|-status|p1a: Moltres|tox
|-start|p1a: Moltres|confusion|[from] ability: Poison Puppeteer|[of] p2a: Pecharunt
|
|-damage|p1a: Moltres|58/100 tox|[from] psn
|upkeep
|turn|9
|inactive|Battle timer is ON: inactive players will automatically lose when time's up. (requested by Ak47fu2)
|
|t:|1757814637
|-activate|p1a: Moltres|confusion
|move|p1a: Moltres|Will-O-Wisp|p2a: Pecharunt
|-status|p2a: Pecharunt|brn
|move|p2a: Pecharunt|Parting Shot|p1a: Moltres
|-unboost|p1a: Moltres|atk|1
|-unboost|p1a: Moltres|spa|1
|
|t:|1757814644
|switch|p2a: Kyurem|Kyurem|100/100|[from] Parting Shot
|-damage|p2a: Kyurem|76/100|[from] Stealth Rock
|-ability|p2a: Kyurem|Pressure
|
|-damage|p1a: Moltres|46/100 tox|[from] psn
|upkeep
|turn|10
|
|t:|1757814664
|move|p2a: Kyurem|Dragon Dance|p2a: Kyurem
|-boost|p2a: Kyurem|atk|1
|-boost|p2a: Kyurem|spe|1
|-end|p1a: Moltres|confusion
|move|p1a: Moltres|Will-O-Wisp|p2a: Kyurem|[miss]
|-miss|p1a: Moltres|p2a: Kyurem
|
|-damage|p1a: Moltres|27/100 tox|[from] psn
|upkeep
|turn|11
|
|t:|1757814672
|move|p2a: Kyurem|Scale Shot|p1a: Moltres
|-damage|p1a: Moltres|4/100 tox
|-damage|p1a: Moltres|0 fnt
|faint|p1a: Moltres
|-hitcount|p1: Moltres|2
|-unboost|p2a: Kyurem|def|1
|-boost|p2a: Kyurem|spe|1
|
|upkeep
|
|t:|1757814680
|switch|p1a: Zapdos|Zapdos|100/100
|turn|12
|
|t:|1757814694
|move|p2a: Kyurem|Icicle Spear|p1a: Zapdos
|-supereffective|p1a: Zapdos
|-damage|p1a: Zapdos|58/100
|-supereffective|p1a: Zapdos
|-damage|p1a: Zapdos|17/100
|-supereffective|p1a: Zapdos
|-damage|p1a: Zapdos|0 fnt
|faint|p1a: Zapdos
|-hitcount|p1: Zapdos|3
|
|upkeep
|
|t:|1757814706
|switch|p1a: Dragonite|Dragonite, F|100/100
|turn|13
|
|t:|1757814713
|-terastallize|p1a: Dragonite|Normal
|move|p1a: Dragonite|Extreme Speed|p2a: Kyurem
|-damage|p2a: Kyurem|0 fnt
|faint|p2a: Kyurem
|
|upkeep
|
|t:|1757814727
|switch|p2a: Pecharunt|Pecharunt|100/100 brn
|turn|14
|
|t:|1757814746
|switch|p1a: Staraptor|Staraptor, M|100/100
|move|p2a: Pecharunt|Malignant Chain|p1a: Staraptor
|-damage|p1a: Staraptor|48/100
|
|-damage|p2a: Pecharunt|94/100 brn|[from] brn
|upkeep
|turn|15
|
|t:|1757814766
|move|p1a: Staraptor|Brave Bird|p2a: Pecharunt
|-damage|p2a: Pecharunt|47/100 brn
|-damage|p1a: Staraptor|29/100|[from] Recoil
|-damage|p1a: Staraptor|19/100|[from] item: Life Orb
|move|p2a: Pecharunt|Malignant Chain|p1a: Staraptor
|-damage|p1a: Staraptor|0 fnt
|faint|p1a: Staraptor
|
|-damage|p2a: Pecharunt|41/100 brn|[from] brn
|upkeep
|
|t:|1757814775
|switch|p1a: Dragonite|Dragonite, F, tera:Normal|100/100
|turn|16
|
|t:|1757814781
|-terastallize|p2a: Pecharunt|Dark
|move|p1a: Dragonite|Dragon Dance|p1a: Dragonite
|-boost|p1a: Dragonite|atk|1
|-boost|p1a: Dragonite|spe|1
|move|p2a: Pecharunt|Recover|p2a: Pecharunt
|-heal|p2a: Pecharunt|91/100 brn
|
|-damage|p2a: Pecharunt|85/100 brn|[from] brn
|upkeep
|turn|17
|
|t:|1757814797
|move|p1a: Dragonite|Extreme Speed|p2a: Pecharunt
|-damage|p2a: Pecharunt|45/100 brn
|move|p2a: Pecharunt|Malignant Chain|p1a: Dragonite
|-damage|p1a: Dragonite|85/100
|
|-damage|p2a: Pecharunt|39/100 brn|[from] brn
|upkeep
|turn|18
|
|t:|1757814806
|move|p1a: Dragonite|Extreme Speed|p2a: Pecharunt
|-damage|p2a: Pecharunt|0 fnt
|faint|p2a: Pecharunt
|
|upkeep
|
|t:|1757814812
|switch|p2a: Cinderace|Cinderace, M|100/100
|turn|19
|
|t:|1757814816
|move|p1a: Dragonite|Extreme Speed|p2a: Cinderace
|-damage|p2a: Cinderace|0 fnt
|faint|p2a: Cinderace
|
|upkeep
|
|t:|1757814829
|switch|p2a: Ogerpon|Ogerpon-Wellspring, F|100/100
|-damage|p2a: Ogerpon|88/100|[from] Stealth Rock
|turn|20
|
|t:|1757814843
|move|p1a: Dragonite|Extreme Speed|p2a: Ogerpon
|-damage|p2a: Ogerpon|0 fnt
|faint|p2a: Ogerpon
|
|upkeep
|
|t:|1757814849
|switch|p2a: Dragonite|Dragonite, F|100/100
|turn|21
|
|t:|1757814854
|move|p1a: Dragonite|Extreme Speed|p2a: Dragonite
|-damage|p2a: Dragonite|55/100
|move|p2a: Dragonite|Extreme Speed|p1a: Dragonite
|-damage|p1a: Dragonite|49/100
|
|upkeep
|turn|22
|
|t:|1757814866
|move|p2a: Dragonite|Extreme Speed|p1a: Dragonite
|-damage|p1a: Dragonite|13/100
|move|p1a: Dragonite|Outrage|p2a: Dragonite
|-supereffective|p2a: Dragonite
|-damage|p2a: Dragonite|0 fnt
|faint|p2a: Dragonite
|
|win|Ak47fu2
|raw|Ak47fu2's rating: 1130 &rarr; <strong>1158</strong><br />(+28 for winning)
|raw|z_luxii's rating: 1165 &rarr; <strong>1137</strong><br />(-28 for losing)
|l|☆z_luxii
|player|p2|
|l|‽Ak47fu2
|player|p1|
