|j|☆cvgtf
|j|☆ThiefYT
|t:|1757868866
|gametype|singles
|player|p1|cvgtf|265|1313
|player|p2|ThiefYT|dawn|1378
|gen|9
|tier|[Gen 9] OU
|rated|
|rule|HP Percentage Mod: HP is shown in percentages
|rule|Endless Battle Clause: Forcing endless battles is banned
|rule|Species Clause: Limit one of each Pokémon
|rule|OHKO Clause: OHKO moves are banned
|rule|Evasion Items Clause: Evasion items are banned
|rule|Evasion Moves Clause: Evasion moves are banned
|rule|Evasion Abilities Clause: Evasion abilities are banned
|rule|Sleep Moves Clause: Sleep-inducing moves are banned
|clearpoke
|poke|p1|Scyther, F|
|poke|p1|Salamence, F|
|poke|p1|Armarouge, M|
|poke|p1|Mamoswine, M|
|poke|p1|Cyclizar, F|
|poke|p1|Empoleon, M|
|poke|p2|Hydreigon, M|
|poke|p2|Samurott-Hisui, M|
|poke|p2|Landorus-Therian, M|
|poke|p2|Tinkaton, F|
|poke|p2|Sinistcha|
|poke|p2|Moltres|
|teampreview
|
|t:|1757868877
|teamsize|p1|6
|teamsize|p2|6
|start
|switch|p1a: Salamence|Salamence, F|100/100
|switch|p2a: Hydreigon|Hydreigon, M|100/100
|-ability|p1a: Salamence|Intimidate|boost
|-unboost|p2a: Hydreigon|atk|1
|turn|1
|inactive|Battle timer is ON: inactive players will automatically lose when time's up. (requested by ThiefYT)
|
|t:|1757868892
|switch|p1a: Empoleon|Empoleon, M|100/100
|move|p2a: Hydreigon|Draco Meteor|p1a: Empoleon
|-resisted|p1a: Empoleon
|-damage|p1a: Empoleon|66/100
|-unboost|p2a: Hydreigon|spa|2
|
|-heal|p1a: Empoleon|72/100|[from] item: Leftovers
|upkeep
|turn|2
|
|t:|1757868903
|switch|p2a: Samurott|Samurott-Hisui, M|100/100
|move|p1a: Empoleon|Stealth Rock|p2a: Samurott
|-sidestart|p2: ThiefYT|move: Stealth Rock
|
|-heal|p1a: Empoleon|78/100|[from] item: Leftovers
|upkeep
|turn|3
|
|t:|1757868911
|move|p2a: Samurott|Ceaseless Edge|p1a: Empoleon
|-damage|p1a: Empoleon|30/100
|-sidestart|p1: cvgtf|Spikes
|move|p1a: Empoleon|Grass Knot|p2a: Samurott
|-supereffective|p2a: Samurott
|-damage|p2a: Samurott|44/100
|
|-heal|p1a: Empoleon|37/100|[from] item: Leftovers
|upkeep
|turn|4
|
|t:|1757868927
|move|p2a: Samurott|Ceaseless Edge|p1a: Empoleon
|-damage|p1a: Empoleon|0 fnt
|-sidestart|p1: cvgtf|Spikes
|faint|p1a: Empoleon
|
|upkeep
|
|t:|1757868933
|switch|p1a: Cyclizar|Cyclizar, F|100/100
|-damage|p1a: Cyclizar|84/100|[from] Spikes
|turn|5
|
|t:|1757868938
|move|p2a: Samurott|Sucker Punch|p1a: Cyclizar
|-damage|p1a: Cyclizar|25/100
|move|p1a: Cyclizar|Rapid Spin|p2a: Samurott
|-damage|p2a: Samurott|24/100
|-boost|p1a: Cyclizar|spe|1
|-sideend|p1: cvgtf|Spikes|[from] move: Rapid Spin|[of] p1a: Cyclizar
|
|upkeep
|turn|6
|
|t:|1757868948
|move|p1a: Cyclizar|U-turn|p2a: Samurott
|-supereffective|p2a: Samurott
|-damage|p2a: Samurott|0 fnt
|faint|p2a: Samurott
|
|t:|1757868956
|switch|p1a: Scyther|Scyther, F|100/100|[from] U-turn
|
|upkeep
|
|t:|1757868961
|switch|p2a: Landorus|Landorus-Therian, M|100/100
|-damage|p2a: Landorus|88/100|[from] Stealth Rock
|-ability|p2a: Landorus|Intimidate|boost
|-unboost|p1a: Scyther|atk|1
|turn|7
|
|t:|1757868967
|move|p2a: Landorus|Stone Edge|p1a: Scyther
|-supereffective|p1a: Scyther
|-crit|p1a: Scyther
|-damage|p1a: Scyther|0 fnt
|faint|p1a: Scyther
|
|upkeep
|
|t:|1757868981
|switch|p1a: Salamence|Salamence, F|100/100
|-ability|p1a: Salamence|Intimidate|boost
|-unboost|p2a: Landorus|atk|1
|turn|8
|
|t:|1757868989
|move|p2a: Landorus|Stone Edge|p1a: Salamence|[miss]
|-miss|p2a: Landorus|p1a: Salamence
|move|p1a: Salamence|Dragon Pulse|p2a: Landorus
|-damage|p2a: Landorus|44/100
|
|upkeep
|turn|9
|
|t:|1757868995
|move|p2a: Landorus|Stone Edge|p1a: Salamence
|-supereffective|p1a: Salamence
|-damage|p1a: Salamence|62/100
|move|p1a: Salamence|Dragon Pulse|p2a: Landorus
|-damage|p2a: Landorus|0 fnt
|faint|p2a: Landorus
|
|upkeep
|
|t:|1757869004
|switch|p2a: Tinkaton|Tinkaton, F|100/100
|-damage|p2a: Tinkaton|94/100|[from] Stealth Rock
|-item|p2a: Tinkaton|Air Balloon
|turn|10
|
|t:|1757869009
|move|p2a: Tinkaton|Stealth Rock|p1a: Salamence
|-sidestart|p1: cvgtf|move: Stealth Rock
|move|p1a: Salamence|Flamethrower|p2a: Tinkaton
|-supereffective|p2a: Tinkaton
|-damage|p2a: Tinkaton|51/100
|-enditem|p2a: Tinkaton|Air Balloon
|
|upkeep
|turn|11
|
|t:|1757869016
|move|p2a: Tinkaton|Ice Hammer|p1a: Salamence
|-supereffective|p1a: Salamence
|-damage|p1a: Salamence|0 fnt
|-unboost|p2a: Tinkaton|spe|1
|faint|p1a: Salamence
|
|upkeep
|
|t:|1757869023
|switch|p1a: Cyclizar|Cyclizar, F|58/100
|-damage|p1a: Cyclizar|46/100|[from] Stealth Rock
|turn|12
|
|t:|1757869028
|move|p1a: Cyclizar|Rapid Spin|p2a: Tinkaton
|-resisted|p2a: Tinkaton
|-damage|p2a: Tinkaton|39/100
|-boost|p1a: Cyclizar|spe|1
|-sideend|p1: cvgtf|Stealth Rock|[from] move: Rapid Spin|[of] p1a: Cyclizar
|-enditem|p1a: Cyclizar|Assault Vest|[silent]|[from] ability: Pickpocket|[of] p1a: Cyclizar
|-item|p2a: Tinkaton|Assault Vest|[from] ability: Pickpocket|[of] p1a: Cyclizar
|move|p2a: Tinkaton|Gigaton Hammer|p1a: Cyclizar
|-crit|p1a: Cyclizar
|-damage|p1a: Cyclizar|0 fnt
|faint|p1a: Cyclizar
|
|upkeep
|
|t:|1757869037
|switch|p1a: Armarouge|Armarouge, M|100/100
|turn|13
|
|t:|1757869043
|switch|p2a: Hydreigon|Hydreigon, M|100/100
|-damage|p2a: Hydreigon|88/100|[from] Stealth Rock
|move|p1a: Armarouge|Armor Cannon|p2a: Hydreigon
|-resisted|p2a: Hydreigon
|-damage|p2a: Hydreigon|56/100
|-unboost|p1a: Armarouge|def|1
|-unboost|p1a: Armarouge|spd|1
|
|upkeep
|turn|14
|
|t:|1757869056
|move|p2a: Hydreigon|Dark Pulse|p1a: Armarouge
|-supereffective|p1a: Armarouge
|-damage|p1a: Armarouge|0 fnt
|faint|p1a: Armarouge
|
|upkeep
|c|☆ThiefYT|Ggs
|
|t:|1757869063
|switch|p1a: Mamoswine|Mamoswine, M|100/100
|turn|15
|
|t:|1757869068
|switch|p2a: Moltres|Moltres|100/100
|-terastallize|p1a: Mamoswine|Ice
|move|p1a: Mamoswine|Ice Shard|p2a: Moltres
|-damage|p2a: Moltres|62/100
|
|upkeep
|turn|16
|
|t:|1757869076
|move|p1a: Mamoswine|Ice Shard|p2a: Moltres
|-damage|p2a: Moltres|23/100
|move|p2a: Moltres|Flamethrower|p1a: Mamoswine
|-supereffective|p1a: Mamoswine
|-damage|p1a: Mamoswine|49/100
|
|upkeep
|turn|17
|
|t:|1757869086
|move|p1a: Mamoswine|Ice Shard|p2a: Moltres
|-damage|p2a: Moltres|0 fnt
|faint|p2a: Moltres
|
|upkeep
|
|t:|1757869090
|switch|p2a: Hydreigon|Hydreigon, M|56/100
|-damage|p2a: Hydreigon|44/100|[from] Stealth Rock
|turn|18
|
|t:|1757869098
|-terastallize|p2a: Hydreigon|Steel
|move|p1a: Mamoswine|Ice Shard|p2a: Hydreigon
|-resisted|p2a: Hydreigon
|-damage|p2a: Hydreigon|17/100
|move|p2a: Hydreigon|Draco Meteor|p1a: Mamoswine
|-damage|p1a: Mamoswine|0 fnt
|-unboost|p2a: Hydreigon|spa|2
|faint|p1a: Mamoswine
|
|win|ThiefYT
|raw|cvgtf's rating: 1313 &rarr; <strong>1297</strong><br />(-16 for losing)
|raw|ThiefYT's rating: 1378 &rarr; <strong>1394</strong><br />(+16 for winning)
|l|☆cvgtf
|player|p1|
|c|☆ThiefYT|Ending it with my favorite member
|l|☆ThiefYT
|player|p2|
