|j|☆Nevada kun Girl A
|j|☆duggy09
|t:|1757903319
|gametype|singles
|player|p1|Nevada kun Girl A|unknownf|1147
|player|p2|duggy09|swimmerf-gen4dp|1177
|gen|9
|tier|[Gen 9] OU
|rated|
|rule|HP Percentage Mod: HP is shown in percentages
|rule|Endless Battle Clause: Forcing endless battles is banned
|rule|Species Clause: Limit one of each Pokémon
|rule|OHKO Clause: OHKO moves are banned
|rule|Evasion Items Clause: Evasion items are banned
|rule|Evasion Moves Clause: Evasion moves are banned
|rule|Evasion Abilities Clause: Evasion abilities are banned
|rule|Sleep Moves Clause: Sleep-inducing moves are banned
|clearpoke
|poke|p1|Primarina, M|
|poke|p1|Brambleghast, M|
|poke|p1|Dragonite, M|
|poke|p1|Volbeat, M|
|poke|p1|Meowscarada, F|
|poke|p1|Cinderace, F|
|poke|p2|Pecharunt|
|poke|p2|Darkrai|
|poke|p2|Samurott-Hisui, F|
|poke|p2|Landorus-Therian, M|
|poke|p2|Iron Valiant|
|poke|p2|Raging Bolt|
|teampreview
|inactive|Battle timer is ON: inactive players will automatically lose when time's up. (requested by Nevada kun Girl A)
|
|t:|1757903336
|teamsize|p1|6
|teamsize|p2|6
|start
|switch|p1a: Meowscarada|Meowscarada, F|100/100
|switch|p2a: perc|Pecharunt|100/100
|turn|1
|
|t:|1757903346
|move|p1a: Meowscarada|Knock Off|p2a: perc
|-start|p1a: Meowscarada|typechange|Dark|[from] ability: Protean
|-supereffective|p2a: perc
|-damage|p2a: perc|47/100
|-enditem|p2a: perc|Heavy-Duty Boots|[from] move: Knock Off|[of] p1a: Meowscarada
|-damage|p1a: Meowscarada|91/100|[from] item: Life Orb
|move|p2a: perc|Malignant Chain|p1a: Meowscarada
|-damage|p1a: Meowscarada|47/100
|-status|p1a: Meowscarada|tox
|-start|p1a: Meowscarada|confusion|[from] ability: Poison Puppeteer|[of] p2a: perc
|
|-damage|p1a: Meowscarada|40/100 tox|[from] psn
|upkeep
|turn|2
|
|t:|1757903365
|-activate|p1a: Meowscarada|confusion
|move|p1a: Meowscarada|U-turn|p2a: perc
|-resisted|p2a: perc
|-damage|p2a: perc|44/100
|-damage|p1a: Meowscarada|31/100 tox|[from] item: Life Orb
|
|t:|1757903371
|switch|p1a: Volbeat|Volbeat, M|100/100|[from] U-turn
|move|p2a: perc|Recover|p2a: perc
|-heal|p2a: perc|94/100
|
|upkeep
|turn|3
|
|t:|1757903392
|switch|p2a: lol|Samurott-Hisui, F|100/100
|move|p1a: Volbeat|Encore|p2a: lol
|-hint|Since gen 7, Dark is immune to Prankster moves.
|-immune|p2a: lol
|
|upkeep
|turn|4
|
|t:|1757903400
|switch|p1a: Meowscarada|Meowscarada, F|31/100 tox
|move|p2a: lol|Ceaseless Edge|p1a: Meowscarada|[miss]
|-miss|p2a: lol|p1a: Meowscarada
|
|-damage|p1a: Meowscarada|24/100 tox|[from] psn
|upkeep
|turn|5
|
|t:|1757903415
|switch|p2a: perc|Pecharunt|94/100
|move|p1a: Meowscarada|Flower Trick|p2a: perc
|-start|p1a: Meowscarada|typechange|Grass|[from] ability: Protean
|-resisted|p2a: perc
|-crit|p2a: perc
|-damage|p2a: perc|78/100
|-damage|p1a: Meowscarada|14/100 tox|[from] item: Life Orb
|
|-damage|p1a: Meowscarada|2/100 tox|[from] psn
|upkeep
|turn|6
|
|t:|1757903428
|move|p1a: Meowscarada|Knock Off|p2a: perc
|-supereffective|p2a: perc
|-damage|p2a: perc|51/100
|-damage|p1a: Meowscarada|0 fnt|[from] item: Life Orb
|faint|p1a: Meowscarada
|move|p2a: perc|Recover|p2a: perc
|-heal|p2a: perc|100/100
|
|upkeep
|
|t:|1757903432
|switch|p1a: Volbeat|Volbeat, M|100/100
|turn|7
|
|t:|1757903446
|switch|p2a: nameless|Darkrai|100/100
|switch|p1a: Brambleghast|Brambleghast, M|100/100
|
|upkeep
|turn|8
|
|t:|1757903467
|move|p2a: nameless|Dark Pulse|p1a: Brambleghast
|-supereffective|p1a: Brambleghast
|-damage|p1a: Brambleghast|0 fnt
|faint|p1a: Brambleghast
|
|upkeep
|
|t:|1757903487
|switch|p1a: Primarina|Primarina, M, shiny|100/100
|turn|9
|inactive|duggy09 has 120 seconds left.
|
|t:|1757903528
|-terastallize|p2a: nameless|Poison
|move|p2a: nameless|Nasty Plot|p2a: nameless
|-boost|p2a: nameless|spa|2
|move|p1a: Primarina|Hyper Voice|p2a: nameless
|-damage|p2a: nameless|0 fnt
|faint|p2a: nameless
|
|upkeep
|
|t:|1757903537
|switch|p2a: Raging Bone|Raging Bolt|100/100
|turn|10
|
|t:|1757903546
|switch|p1a: Volbeat|Volbeat, M|100/100
|move|p2a: Raging Bone|Volt Switch|p1a: Volbeat
|-damage|p1a: Volbeat|66/100
|
|t:|1757903553
|-end|p2a: Raging Bone|Protosynthesis|[silent]
|switch|p2a: lol|Samurott-Hisui, F|100/100|[from] Volt Switch
|
|upkeep
|turn|11
|
|t:|1757903556
|move|p1a: Volbeat|Roost|p1a: Volbeat
|-heal|p1a: Volbeat|100/100
|-singleturn|p1a: Volbeat|move: Roost
|move|p2a: lol|Ceaseless Edge|p1a: Volbeat
|-damage|p1a: Volbeat|39/100
|-sidestart|p1: Nevada kun Girl A|Spikes
|
|upkeep
|turn|12
|inactive|duggy09 has 120 seconds left.
|
|t:|1757903564
|switch|p1a: Primarina|Primarina, M, shiny|100/100
|-damage|p1a: Primarina|88/100|[from] Spikes
|move|p2a: lol|Ceaseless Edge|p1a: Primarina
|-resisted|p1a: Primarina
|-damage|p1a: Primarina|60/100
|-sidestart|p1: Nevada kun Girl A|Spikes
|
|upkeep
|turn|13
|inactive|duggy09 has 120 seconds left.
|
|t:|1757903577
|switch|p2a: kami|Iron Valiant|100/100
|-enditem|p2a: kami|Booster Energy
|-activate|p2a: kami|ability: Quark Drive|[fromitem]
|-start|p2a: kami|quarkdrivespe
|move|p1a: Primarina|Draining Kiss|p2a: kami
|-supereffective|p2a: kami
|-crit|p2a: kami
|-damage|p2a: kami|0 fnt
|-heal|p1a: Primarina|100/100|[from] drain|[of] p2a: kami
|faint|p2a: kami
|-end|p2a: kami|Quark Drive|[silent]
|
|upkeep
|inactive|duggy09 has 120 seconds left.
|
|t:|1757903587
|switch|p2a: perc|Pecharunt|100/100
|turn|14
|inactive|duggy09 has 120 seconds left.
|
|t:|1757903593
|switch|p1a: Volbeat|Volbeat, M|39/100
|-damage|p1a: Volbeat|23/100|[from] Spikes
|move|p2a: perc|Malignant Chain|p1a: Volbeat
|-damage|p1a: Volbeat|0 fnt
|faint|p1a: Volbeat
|
|upkeep
|
|t:|1757903599
|switch|p1a: Cinderace|Cinderace, F|100/100
|-damage|p1a: Cinderace|84/100|[from] Spikes
|turn|15
|
|t:|1757903603
|switch|p2a: trump|Landorus-Therian, M|100/100
|-ability|p2a: trump|Intimidate|boost
|-unboost|p1a: Cinderace|atk|1
|move|p1a: Cinderace|Court Change|p1a: Cinderace
|-start|p1a: Cinderace|typechange|Normal|[from] ability: Libero
|-swapsideconditions
|-activate|p1a: Cinderace|move: Court Change
|
|upkeep
|turn|16
|
|t:|1757903610
|move|p1a: Cinderace|Iron Head|p2a: trump
|-damage|p2a: trump|79/100
|-damage|p1a: Cinderace|67/100|[from] item: Rocky Helmet|[of] p2a: trump
|-damage|p1a: Cinderace|57/100|[from] item: Life Orb
|cant|p2a: trump|flinch
|
|upkeep
|turn|17
|
|t:|1757903626
|switch|p1a: Primarina|Primarina, M, shiny|100/100
|move|p2a: trump|Stealth Rock|p1a: Primarina
|-sidestart|p1: Nevada kun Girl A|move: Stealth Rock
|
|upkeep
|turn|18
|
|t:|1757903636
|switch|p2a: lol|Samurott-Hisui, F|100/100
|-damage|p2a: lol|84/100|[from] Spikes
|move|p1a: Primarina|Ice Beam|p2a: lol
|-resisted|p2a: lol
|-damage|p2a: lol|46/100
|
|upkeep
|turn|19
|
|t:|1757903648
|move|p2a: lol|Knock Off|p1a: Primarina
|-resisted|p1a: Primarina
|-crit|p1a: Primarina
|-damage|p1a: Primarina|64/100
|-enditem|p1a: Primarina|Choice Specs|[from] move: Knock Off|[of] p2a: lol
|move|p1a: Primarina|Ice Beam|p2a: lol
|-resisted|p2a: lol
|-damage|p2a: lol|22/100
|
|upkeep
|turn|20
|
|t:|1757903658
|move|p2a: lol|Ceaseless Edge|p1a: Primarina
|-resisted|p1a: Primarina
|-damage|p1a: Primarina|36/100
|-sidestart|p1: Nevada kun Girl A|Spikes
|move|p1a: Primarina|Draining Kiss|p2a: lol
|-supereffective|p2a: lol
|-damage|p2a: lol|0 fnt
|-heal|p1a: Primarina|50/100|[from] drain|[of] p2a: lol
|faint|p2a: lol
|
|upkeep
|
|t:|1757903671
|switch|p2a: Raging Bone|Raging Bolt|100/100
|turn|21
|
|t:|1757903687
|move|p2a: Raging Bone|Thunderbolt|p1a: Primarina
|-supereffective|p1a: Primarina
|-damage|p1a: Primarina|0 fnt
|faint|p1a: Primarina
|
|upkeep
|
|t:|1757903690
|switch|p1a: Cinderace|Cinderace, F|57/100
|-damage|p1a: Cinderace|32/100|[from] Stealth Rock
|-damage|p1a: Cinderace|20/100|[from] Spikes
|turn|22
|
|t:|1757903701
|move|p2a: Raging Bone|Thunderclap||[still]
|-fail|p2a: Raging Bone
|move|p1a: Cinderace|Court Change|p1a: Cinderace
|-start|p1a: Cinderace|typechange|Normal|[from] ability: Libero
|-swapsideconditions
|-activate|p1a: Cinderace|move: Court Change
|
|upkeep
|turn|23
|
|t:|1757903709
|move|p1a: Cinderace|Sucker Punch|p2a: Raging Bone
|-damage|p2a: Raging Bone|71/100
|-damage|p1a: Cinderace|10/100|[from] item: Life Orb
|move|p2a: Raging Bone|Thunderclap||[still]
|-fail|p2a: Raging Bone
|
|upkeep
|turn|24
|
|t:|1757903718
|move|p1a: Cinderace|Pyro Ball|p2a: Raging Bone
|-resisted|p2a: Raging Bone
|-damage|p2a: Raging Bone|46/100
|-damage|p1a: Cinderace|0 fnt|[from] item: Life Orb
|faint|p1a: Cinderace
|move|p2a: Raging Bone|Volt Switch|p1: Cinderace|[notarget]
|-fail|p2a: Raging Bone
|
|upkeep
|
|t:|1757903720
|switch|p1a: Dragonite|Dragonite, M|100/100
|turn|25
|
|t:|1757903729
|move|p1a: Dragonite|Dragon Dance|p1a: Dragonite
|-boost|p1a: Dragonite|atk|1
|-boost|p1a: Dragonite|spe|1
|move|p2a: Raging Bone|Volt Switch|p1a: Dragonite
|-damage|p1a: Dragonite|78/100
|
|t:|1757903736
|-end|p2a: Raging Bone|Protosynthesis|[silent]
|switch|p2a: trump|Landorus-Therian, M|79/100|[from] Volt Switch
|-damage|p2a: trump|66/100|[from] Stealth Rock
|-ability|p2a: trump|Intimidate|boost
|-unboost|p1a: Dragonite|atk|1
|
|-heal|p1a: Dragonite|84/100|[from] item: Leftovers
|upkeep
|turn|26
|
|t:|1757903750
|move|p1a: Dragonite|Dragon Dance|p1a: Dragonite
|-boost|p1a: Dragonite|atk|1
|-boost|p1a: Dragonite|spe|1
|move|p2a: trump|Taunt|p1a: Dragonite
|-start|p1a: Dragonite|move: Taunt
|
|-heal|p1a: Dragonite|91/100|[from] item: Leftovers
|upkeep
|turn|27
|
|t:|1757903758
|switch|p2a: Raging Bone|Raging Bolt|46/100
|move|p1a: Dragonite|Ice Spinner|p2a: Raging Bone
|-supereffective|p2a: Raging Bone
|-damage|p2a: Raging Bone|0 fnt
|faint|p2a: Raging Bone
|-end|p2a: Raging Bone|Protosynthesis|[silent]
|
|-heal|p1a: Dragonite|97/100|[from] item: Leftovers
|upkeep
|
|t:|1757903764
|switch|p2a: trump|Landorus-Therian, M|66/100
|-damage|p2a: trump|54/100|[from] Stealth Rock
|-ability|p2a: trump|Intimidate|boost
|-unboost|p1a: Dragonite|atk|1
|turn|28
|
|t:|1757903771
|move|p1a: Dragonite|Ice Spinner|p2a: trump
|-supereffective|p2a: trump
|-damage|p2a: trump|0 fnt
|-damage|p1a: Dragonite|80/100|[from] item: Rocky Helmet|[of] p2a: trump
|faint|p2a: trump
|
|-heal|p1a: Dragonite|87/100|[from] item: Leftovers
|upkeep
|
|t:|1757903774
|switch|p2a: perc|Pecharunt|100/100
|-damage|p2a: perc|88/100|[from] Stealth Rock
|-damage|p2a: perc|76/100|[from] Spikes
|turn|29
|
|t:|1757903784
|-terastallize|p1a: Dragonite|Normal
|move|p1a: Dragonite|Earthquake|p2a: perc
|-supereffective|p2a: perc
|-damage|p2a: perc|42/100
|move|p2a: perc|Malignant Chain|p1a: Dragonite
|-damage|p1a: Dragonite|51/100
|
|-heal|p1a: Dragonite|57/100|[from] item: Leftovers
|-end|p1a: Dragonite|move: Taunt
|upkeep
|turn|30
|
|t:|1757903798
|move|p1a: Dragonite|Dragon Dance|p1a: Dragonite
|-boost|p1a: Dragonite|atk|1
|-boost|p1a: Dragonite|spe|1
|move|p2a: perc|Recover|p2a: perc
|-heal|p2a: perc|92/100
|
|-heal|p1a: Dragonite|63/100|[from] item: Leftovers
|upkeep
|turn|31
|
|t:|1757903805
|move|p1a: Dragonite|Dragon Dance|p1a: Dragonite
|-boost|p1a: Dragonite|atk|1
|-boost|p1a: Dragonite|spe|1
|move|p2a: perc|Malignant Chain|p1a: Dragonite
|-damage|p1a: Dragonite|31/100
|
|-heal|p1a: Dragonite|37/100|[from] item: Leftovers
|upkeep
|turn|32
|
|t:|1757903813
|move|p1a: Dragonite|Earthquake|p2a: perc
|-supereffective|p2a: perc
|-damage|p2a: perc|20/100
|move|p2a: perc|Malignant Chain|p1a: Dragonite
|-damage|p1a: Dragonite|4/100
|
|-heal|p1a: Dragonite|10/100|[from] item: Leftovers
|upkeep
|turn|33
|
|t:|1757903820
|move|p1a: Dragonite|Earthquake|p2a: perc
|-supereffective|p2a: perc
|-damage|p2a: perc|0 fnt
|faint|p2a: perc
|
|win|Nevada kun Girl A
|raw|Nevada kun Girl A's rating: 1147 &rarr; <strong>1174</strong><br />(+27 for winning)
|raw|duggy09's rating: 1177 &rarr; <strong>1150</strong><br />(-27 for losing)
|l|☆duggy09
|player|p2|
|l|☆Nevada kun Girl A
|player|p1|
