|j|☆silverlol
|j|☆GatosLover
|t:|1757831620
|gametype|singles
|player|p1|silverlol|gambler|1337
|player|p2|GatosLover|marnie|1288
|gen|9
|tier|[Gen 9] OU
|rated|
|rule|HP Percentage Mod: HP is shown in percentages
|rule|Endless Battle Clause: Forcing endless battles is banned
|rule|Species Clause: Limit one of each Pokémon
|rule|OHKO Clause: OHKO moves are banned
|rule|Evasion Items Clause: Evasion items are banned
|rule|Evasion Moves Clause: Evasion moves are banned
|rule|Evasion Abilities Clause: Evasion abilities are banned
|rule|Sleep Moves Clause: Sleep-inducing moves are banned
|clearpoke
|poke|p1|Scizor, M|
|poke|p1|Greninja-*, M|
|poke|p1|Garchomp, M|
|poke|p1|Metagross|
|poke|p1|Zapdos|
|poke|p1|Excadrill, M|
|poke|p2|Malamar, F|
|poke|p2|Cresselia, F|
|poke|p2|Porygon2|
|poke|p2|Ursaluna, F|
|poke|p2|Hatterene, F|
|poke|p2|Torkoal, F|
|teampreview
|
|t:|1757831626
|teamsize|p1|6
|teamsize|p2|6
|start
|switch|p1a: Garchomp|Garchomp, M|100/100
|switch|p2a: G.U.Y.|Porygon2|100/100
|-ability|p2a: G.U.Y.|Download|boost
|-boost|p2a: G.U.Y.|spa|1
|turn|1
|inactive|Battle timer is ON: inactive players will automatically lose when time's up. (requested by silverlol)
|
|t:|1757831641
|move|p1a: Garchomp|Swords Dance|p1a: Garchomp
|-boost|p1a: Garchomp|atk|2
|move|p2a: G.U.Y.|Ice Beam|p1a: Garchomp
|-supereffective|p1a: Garchomp
|-damage|p1a: Garchomp|0 fnt
|faint|p1a: Garchomp
|
|upkeep
|
|t:|1757831650
|switch|p1a: Metagross|Metagross|100/100
|turn|2
|
|t:|1757831665
|move|p1a: Metagross|Psychic Fangs|p2a: G.U.Y.
|-damage|p2a: G.U.Y.|71/100
|move|p2a: G.U.Y.|Trick Room|p2a: G.U.Y.
|-fieldstart|move: Trick Room|[of] p2a: G.U.Y.
|
|upkeep
|turn|3
|inactive|silverlol has 120 seconds left.
|
|t:|1757831716
|switch|p2a: Artpop|Torkoal, F|100/100
|-weather|SunnyDay|[from] ability: Drought|[of] p2a: Artpop
|move|p1a: Metagross|Earthquake|p2a: Artpop
|-supereffective|p2a: Artpop
|-damage|p2a: Artpop|47/100
|
|-weather|SunnyDay|[upkeep]
|upkeep
|turn|4
|
|t:|1757831721
|move|p2a: Artpop|Fire Blast|p1a: Metagross
|-supereffective|p1a: Metagross
|-damage|p1a: Metagross|0 fnt
|faint|p1a: Metagross
|
|-weather|SunnyDay|[upkeep]
|upkeep
|
|t:|1757831740
|switch|p1a: Zapdos|Zapdos, shiny|100/100
|turn|5
|
|t:|1757831767
|move|p2a: Artpop|Fire Blast|p1a: Zapdos
|-damage|p1a: Zapdos|0 fnt
|faint|p1a: Zapdos
|
|-weather|SunnyDay|[upkeep]
|upkeep
|
|t:|1757831782
|switch|p1a: Excadrill|Excadrill, M|100/100
|-ability|p1a: Excadrill|Mold Breaker
|turn|6
|
|t:|1757831795
|-terastallize|p1a: Excadrill|Normal
|move|p2a: Artpop|Fire Blast|p1a: Excadrill
|-damage|p1a: Excadrill|0 fnt
|faint|p1a: Excadrill
|
|-weather|SunnyDay|[upkeep]
|-fieldend|move: Trick Room
|upkeep
|
|t:|1757831816
|switch|p1a: Greninja|Greninja, M|100/100
|turn|7
|
|t:|1757831824
|switch|p2a: G.U.Y.|Porygon2|71/100
|-ability|p2a: G.U.Y.|Download|boost
|-boost|p2a: G.U.Y.|spa|1
|move|p1a: Greninja|Surf|p2a: G.U.Y.
|-damage|p2a: G.U.Y.|60/100
|
|-weather|none
|upkeep
|turn|8
|
|t:|1757831830
|move|p1a: Greninja|Dark Pulse|p2a: G.U.Y.
|-damage|p2a: G.U.Y.|41/100
|move|p2a: G.U.Y.|Trick Room|p2a: G.U.Y.
|-fieldstart|move: Trick Room|[of] p2a: G.U.Y.
|
|upkeep
|turn|9
|
|t:|1757831840
|move|p2a: G.U.Y.|Recover|p2a: G.U.Y.
|-heal|p2a: G.U.Y.|91/100
|move|p1a: Greninja|Surf|p2a: G.U.Y.
|-damage|p2a: G.U.Y.|67/100
|
|upkeep
|turn|10
|
|t:|1757831845
|move|p2a: G.U.Y.|Tera Blast|p1a: Greninja
|-damage|p1a: Greninja|23/100
|move|p1a: Greninja|Ice Beam|p2a: G.U.Y.
|-damage|p2a: G.U.Y.|52/100
|
|upkeep
|turn|11
|
|t:|1757831848
|move|p2a: G.U.Y.|Tera Blast|p1a: Greninja
|-damage|p1a: Greninja|0 fnt
|faint|p1a: Greninja
|
|upkeep
|
|t:|1757831850
|switch|p1a: Scizor|Scizor, M|100/100
|turn|12
|
|t:|1757831854
|move|p2a: G.U.Y.|Recover|p2a: G.U.Y.
|-heal|p2a: G.U.Y.|100/100
|move|p1a: Scizor|Swords Dance|p1a: Scizor
|-boost|p1a: Scizor|atk|2
|
|-fieldend|move: Trick Room
|upkeep
|turn|13
|
|t:|1757831859
|switch|p2a: Aura|Ursaluna, F|100/100
|move|p1a: Scizor|Bug Bite|p2a: Aura
|-damage|p2a: Aura|29/100
|
|-status|p2a: Aura|brn|[from] item: Flame Orb
|upkeep
|turn|14
|
|t:|1757831864
|move|p1a: Scizor|Bullet Punch|p2a: Aura
|-damage|p2a: Aura|0 fnt
|faint|p2a: Aura
|
|upkeep
|
|t:|1757831870
|switch|p2a: Mary Jane Holland|Hatterene, F|100/100
|turn|15
|
|t:|1757831880
|-terastallize|p2a: Mary Jane Holland|Steel
|move|p1a: Scizor|Bullet Punch|p2a: Mary Jane Holland
|-resisted|p2a: Mary Jane Holland
|-damage|p2a: Mary Jane Holland|51/100
|move|p2a: Mary Jane Holland|Mystical Fire|p1a: Scizor
|-supereffective|p1a: Scizor
|-damage|p1a: Scizor|0 fnt
|faint|p1a: Scizor
|
|win|GatosLover
|raw|silverlol's rating: 1337 &rarr; <strong>1314</strong><br />(-23 for losing)
|raw|GatosLover's rating: 1288 &rarr; <strong>1317</strong><br />(+29 for winning)
|l|☆silverlol
|player|p1|
