|j|☆kikito2009
|j|☆20120414x
|t:|1757834913
|gametype|singles
|player|p1|kikito2009|pokemaniac|1154
|player|p2|20120414x|winona|1148
|gen|9
|tier|[Gen 9] OU
|rated|
|rule|HP Percentage Mod: HP is shown in percentages
|rule|Endless Battle Clause: Forcing endless battles is banned
|rule|Species Clause: Limit one of each Pokémon
|rule|OHKO Clause: OHKO moves are banned
|rule|Evasion Items Clause: Evasion items are banned
|rule|Evasion Moves Clause: Evasion moves are banned
|rule|Evasion Abilities Clause: Evasion abilities are banned
|rule|Sleep Moves Clause: Sleep-inducing moves are banned
|clearpoke
|poke|p1|Ogerpon-Wellspring, F|
|poke|p1|Goodra-Hisui, F|
|poke|p1|Coalossal, F|
|poke|p1|Thundurus-Therian, M|
|poke|p1|Orthworm, F|
|poke|p1|Zoroark-Hisui, M|
|poke|p2|Houndstone, F|
|poke|p2|Oricorio-Sensu, M|
|poke|p2|Polteageist|
|poke|p2|Basculegion-F, F|
|poke|p2|Ceruledge, M|
|poke|p2|Typhlosion-Hisui, F|
|teampreview
|inactive|Battle timer is ON: inactive players will automatically lose when time's up. (requested by kikito2009)
|
|t:|1757834920
|teamsize|p1|6
|teamsize|p2|6
|start
|switch|p1a: Orthworm|Orthworm, F|100/100
|switch|p2a: Oricorio|Oricorio-Sensu, M|100/100
|turn|1
|
|t:|1757834929
|move|p2a: Oricorio|Revelation Dance|p1a: Orthworm
|-crit|p1a: Orthworm
|-damage|p1a: Orthworm|3/100
|move|p1a: Orthworm|Stealth Rock|p2a: Oricorio
|-sidestart|p2: 20120414x|move: Stealth Rock
|
|-heal|p1a: Orthworm|9/100|[from] item: Leftovers
|upkeep
|turn|2
|inactive|kikito2009 has 120 seconds left.
|
|t:|1757834985
|switch|p1a: Goodra|Goodra-Hisui, F|100/100
|move|p2a: Oricorio|Alluring Voice|p1a: Goodra
|-damage|p1a: Goodra|91/100
|-enditem|p2a: Oricorio|Throat Spray
|-boost|p2a: Oricorio|spa|1|[from] item: Throat Spray
|
|upkeep
|turn|3
|
|t:|1757834996
|move|p2a: Oricorio|Quiver Dance|p2a: Oricorio
|-boost|p2a: Oricorio|spa|1
|-boost|p2a: Oricorio|spd|1
|-boost|p2a: Oricorio|spe|1
|move|p1a: Goodra|Ice Beam|p2a: Oricorio
|-supereffective|p2a: Oricorio
|-damage|p2a: Oricorio|51/100
|
|upkeep
|turn|4
|
|t:|1757835011
|move|p2a: Oricorio|Revelation Dance|p1a: Goodra
|-damage|p1a: Goodra|62/100
|move|p1a: Goodra|Ice Beam|p2a: Oricorio
|-supereffective|p2a: Oricorio
|-damage|p2a: Oricorio|0 fnt
|faint|p2a: Oricorio
|
|upkeep
|
|t:|1757835021
|switch|p2a: Houndstone|Houndstone, F|100/100
|-damage|p2a: Houndstone|88/100|[from] Stealth Rock
|turn|5
|
|t:|1757835032
|move|p2a: Houndstone|Poltergeist|p1a: Goodra
|-activate|p1a: Goodra|move: Poltergeist|Assault Vest
|-damage|p1a: Goodra|16/100
|move|p1a: Goodra|Flamethrower|p2a: Houndstone
|-crit|p2a: Houndstone
|-damage|p2a: Houndstone|25/100
|
|upkeep
|turn|6
|
|t:|1757835058
|move|p2a: Houndstone|Poltergeist|p1a: Goodra
|-activate|p1a: Goodra|move: Poltergeist|Assault Vest
|-damage|p1a: Goodra|0 fnt
|faint|p1a: Goodra
|
|upkeep
|
|t:|1757835063
|switch|p1a: Thundurus|Thundurus-Therian, M|100/100
|turn|7
|
|t:|1757835071
|move|p1a: Thundurus|Thunderbolt|p2a: Houndstone
|-damage|p2a: Houndstone|0 fnt
|faint|p2a: Houndstone
|
|upkeep
|
|t:|1757835077
|switch|p2a: Polteageist|Polteageist|100/100
|-damage|p2a: Polteageist|88/100|[from] Stealth Rock
|turn|8
|inactive|kikito2009 has 120 seconds left.
|
|t:|1757835083
|move|p1a: Thundurus|Thunderbolt|p2a: Polteageist
|-damage|p2a: Polteageist|23/100
|move|p2a: Polteageist|Shadow Ball|p1a: Thundurus
|-damage|p1a: Thundurus|32/100
|
|upkeep
|turn|9
|
|t:|1757835090
|move|p1a: Thundurus|Thunderbolt|p2a: Polteageist
|-damage|p2a: Polteageist|0 fnt
|faint|p2a: Polteageist
|
|upkeep
|
|t:|1757835101
|switch|p2a: Typhlosion|Typhlosion-Hisui, F|100/100
|-damage|p2a: Typhlosion|75/100|[from] Stealth Rock
|turn|10
|
|t:|1757835107
|move|p1a: Thundurus|Thunderbolt|p2a: Typhlosion
|-damage|p2a: Typhlosion|0 fnt
|faint|p2a: Typhlosion
|
|upkeep
|
|t:|1757835115
|switch|p2a: Ceruledge|Ceruledge, M|100/100
|-damage|p2a: Ceruledge|76/100|[from] Stealth Rock
|turn|11
|
|t:|1757835120
|move|p1a: Thundurus|Thunderbolt|p2a: Ceruledge
|-damage|p2a: Ceruledge|39/100
|move|p2a: Ceruledge|Bitter Blade|p1a: Thundurus
|-damage|p1a: Thundurus|0 fnt
|-heal|p2a: Ceruledge|53/100|[from] drain|[of] p1a: Thundurus
|faint|p1a: Thundurus
|
|upkeep
|
|t:|1757835123
|switch|p1a: Orthworm|Orthworm, F|100/100
|turn|12
|
|t:|1757835134
|move|p1a: Orthworm|Nasty Plot|p1a: Orthworm
|-boost|p1a: Orthworm|spa|2
|move|p2a: Ceruledge|Bitter Blade|p1a: Orthworm
|-damage|p1a: Orthworm|25/100
|-heal|p2a: Ceruledge|80/100|[from] drain|[of] p1a: Orthworm
|replace|p1a: Zoroark|Zoroark-Hisui, M
|-end|p1a: Zoroark|Illusion
|
|upkeep
|turn|13
|
|t:|1757835145
|-terastallize|p2a: Ceruledge|Grass
|move|p1a: Zoroark|Bitter Malice|p2a: Ceruledge
|-damage|p2a: Ceruledge|34/100
|-unboost|p2a: Ceruledge|atk|1
|move|p2a: Ceruledge|Bitter Blade|p1a: Zoroark
|-damage|p1a: Zoroark|0 fnt
|-heal|p2a: Ceruledge|43/100|[from] drain|[of] p1a: Zoroark
|faint|p1a: Zoroark
|
|upkeep
|
|t:|1757835153
|switch|p1a: Coalossal|Coalossal, F|100/100
|turn|14
|
|t:|1757835163
|move|p2a: Ceruledge|Close Combat|p1a: Coalossal
|-supereffective|p1a: Coalossal
|-damage|p1a: Coalossal|76/100
|-unboost|p2a: Ceruledge|def|1
|-unboost|p2a: Ceruledge|spd|1
|move|p1a: Coalossal|Will-O-Wisp|p2a: Ceruledge
|-start|p2a: Ceruledge|ability: Flash Fire
|
|upkeep
|turn|15
|
|t:|1757835174
|move|p2a: Ceruledge|Close Combat|p1a: Coalossal
|-supereffective|p1a: Coalossal
|-damage|p1a: Coalossal|51/100
|-unboost|p2a: Ceruledge|def|1
|-unboost|p2a: Ceruledge|spd|1
|move|p1a: Coalossal|Stone Edge|p2a: Ceruledge
|-damage|p2a: Ceruledge|0 fnt
|faint|p2a: Ceruledge
|
|upkeep
|
|t:|1757835184
|switch|p2a: Basculegion|Basculegion-F, F|100/100
|-damage|p2a: Basculegion|88/100|[from] Stealth Rock
|turn|16
|
|t:|1757835191
|move|p2a: Basculegion|Shadow Ball|p1a: Coalossal
|-damage|p1a: Coalossal|0 fnt
|faint|p1a: Coalossal
|
|upkeep
|
|t:|1757835195
|switch|p1a: Ogerpon|Ogerpon-Wellspring, F|100/100
|turn|17
|
|t:|1757835204
|switch|p1a: Orthworm|Orthworm, F|9/100
|move|p2a: Basculegion|Shadow Ball|p1a: Orthworm
|-damage|p1a: Orthworm|0 fnt
|faint|p1a: Orthworm
|
|upkeep
|
|t:|1757835208
|switch|p1a: Ogerpon|Ogerpon-Wellspring, F|100/100
|turn|18
|
|t:|1757835215
|move|p1a: Ogerpon|Horn Leech|p2a: Basculegion
|-supereffective|p2a: Basculegion
|-damage|p2a: Basculegion|7/100
|move|p2a: Basculegion|Shadow Ball|p1a: Ogerpon
|-damage|p1a: Ogerpon|7/100
|-unboost|p1a: Ogerpon|spd|1
|
|upkeep
|turn|19
|
|t:|1757835224
|move|p1a: Ogerpon|Horn Leech|p2a: Basculegion
|-supereffective|p2a: Basculegion
|-damage|p2a: Basculegion|0 fnt
|-heal|p1a: Ogerpon|11/100|[from] drain|[of] p2a: Basculegion
|faint|p2a: Basculegion
|
|win|kikito2009
|raw|kikito2009's rating: 1154 &rarr; <strong>1179</strong><br />(+25 for winning)
|raw|20120414x's rating: 1148 &rarr; <strong>1123</strong><br />(-25 for losing)
|l|☆kikito2009
|player|p1|
|l|☆20120414x
|player|p2|
|j|☆20120414x
|player|p2|20120414x|winona|
|l|☆20120414x
|player|p2|
