|inactive|Battle timer is ON: inactive players will automatically lose when time's up.
|t:|1757872889
|gametype|singles
|player|p1|Cow|#bwwcteamuk|
|player|p2|PLAGUE|#scl5shoguns2|
|gen|9
|tier|[Gen 9] OU
|rule|HP Percentage Mod: HP is shown in percentages
|rule|Endless Battle Clause: Forcing endless battles is banned
|rule|Species Clause: Limit one of each Pokémon
|rule|OHKO Clause: OHKO moves are banned
|rule|Evasion Items Clause: Evasion items are banned
|rule|Evasion Moves Clause: Evasion moves are banned
|rule|Evasion Abilities Clause: Evasion abilities are banned
|rule|Sleep Moves Clause: Sleep-inducing moves are banned
|clearpoke
|poke|p1|Ribombee, M|
|poke|p1|Gholdengo|
|poke|p1|Iron Moth|
|poke|p1|Kingambit, F|
|poke|p1|Manaphy|
|poke|p1|Great Tusk|
|poke|p2|Great Tusk|
|poke|p2|Deoxys-Speed|
|poke|p2|Rillaboom, F|
|poke|p2|Hawlucha, M|
|poke|p2|Samurott-Hisui, M|
|poke|p2|Gholdengo|
|teampreview
|c|☆PLAGUE|Hf
|c|☆Cow|hf boss
|inactive|Cow has 270 seconds left.
|inactive|PLAGUE has 270 seconds left.
|inactive|PLAGUE disconnected and has 300 seconds to reconnect!
|player|p2|
|inactive|PLAGUE reconnected and has 255 seconds left.
|player|p2|PLAGUE|#scl5shoguns2|
|inactive|Cow has 240 seconds left.
|inactive|PLAGUE has 240 seconds left.
|inactive|PLAGUE has 210 seconds left.
|
|t:|1757872995
|teamsize|p1|6
|teamsize|p2|6
|start
|switch|p1a: Ribombee|Ribombee, M|100/100
|switch|p2a: Disturbed Lines|Deoxys-Speed|100/100
|-ability|p2a: Disturbed Lines|Pressure
|turn|1
|
|t:|1757873004
|move|p2a: Disturbed Lines|Taunt|p1a: Ribombee
|-start|p1a: Ribombee|move: Taunt
|cant|p1a: Ribombee|move: Taunt|Sticky Web
|
|upkeep
|turn|2
|
|t:|1757873012
|move|p2a: Disturbed Lines|Stealth Rock|p1a: Ribombee
|-sidestart|p1: Cow|move: Stealth Rock
|move|p1a: Ribombee|Bug Buzz|p2a: Disturbed Lines
|-supereffective|p2a: Disturbed Lines
|-damage|p2a: Disturbed Lines|11/100
|
|upkeep
|turn|3
|inactive|PLAGUE has 270 seconds left.
|inactive|Cow has 270 seconds left.
|inactive|PLAGUE has 240 seconds left.
|inactive|PLAGUE has 210 seconds left.
|inactive|Cow has 240 seconds left.
|
|t:|1757873090
|move|p2a: Disturbed Lines|Light Screen|p2a: Disturbed Lines
|-sidestart|p2: PLAGUE|move: Light Screen
|move|p1a: Ribombee|Bug Buzz|p2a: Disturbed Lines
|-supereffective|p2a: Disturbed Lines
|-damage|p2a: Disturbed Lines|0 fnt
|faint|p2a: Disturbed Lines
|
|-end|p1a: Ribombee|move: Taunt
|upkeep
|inactive|PLAGUE has 180 seconds left.
|inactive|PLAGUE has 150 seconds left.
|inactive|PLAGUE has 120 seconds left.
|inactive|PLAGUE has 90 seconds left.
|
|t:|1757873224
|switch|p2a: Chinatown|Great Tusk|100/100
|-enditem|p2a: Chinatown|Booster Energy
|-activate|p2a: Chinatown|ability: Protosynthesis|[fromitem]
|-start|p2a: Chinatown|protosynthesisspe
|turn|4
|inactive|PLAGUE has 60 seconds left.
|
|t:|1757873275
|move|p2a: Chinatown|Bulk Up|p2a: Chinatown
|-boost|p2a: Chinatown|atk|1
|-boost|p2a: Chinatown|def|1
|move|p1a: Ribombee|Reflect|p1a: Ribombee
|-sidestart|p1: Cow|Reflect
|
|upkeep
|turn|5
|inactive|Cow has 240 seconds left.
|inactive|PLAGUE has 30 seconds left.
|
|t:|1757873299
|switch|p1a: Manaphy|Manaphy|100/100
|-damage|p1a: Manaphy|88/100|[from] Stealth Rock
|move|p2a: Chinatown|Rapid Spin|p1a: Manaphy
|-crit|p1a: Manaphy
|-damage|p1a: Manaphy|53/100
|-boost|p2a: Chinatown|spe|1
|
|-heal|p1a: Manaphy|59/100|[from] item: Leftovers
|upkeep
|turn|6
|inactive|PLAGUE has 30 seconds left.
|inactive|Cow has 240 seconds left.
|
|t:|1757873310
|move|p2a: Chinatown|Headlong Rush|p1a: Manaphy
|-damage|p1a: Manaphy|20/100
|-unboost|p2a: Chinatown|def|1
|-unboost|p2a: Chinatown|spd|1
|move|p1a: Manaphy|Surf|p2a: Chinatown
|-supereffective|p2a: Chinatown
|-damage|p2a: Chinatown|27/100
|
|-heal|p1a: Manaphy|26/100|[from] item: Leftovers
|upkeep
|turn|7
|inactive|Cow has 240 seconds left.
|
|t:|1757873327
|move|p2a: Chinatown|Headlong Rush|p1a: Manaphy
|-damage|p1a: Manaphy|0 fnt
|-unboost|p2a: Chinatown|def|1
|-unboost|p2a: Chinatown|spd|1
|faint|p1a: Manaphy
|
|upkeep
|
|t:|1757873329
|switch|p1a: Great Tusk|Great Tusk|100/100
|-damage|p1a: Great Tusk|97/100|[from] Stealth Rock
|-enditem|p1a: Great Tusk|Booster Energy
|-activate|p1a: Great Tusk|ability: Protosynthesis|[fromitem]
|-start|p1a: Great Tusk|protosynthesisatk
|turn|8
|inactive|Cow has 240 seconds left.
|
|t:|1757873349
|-end|p2a: Chinatown|Protosynthesis|[silent]
|switch|p2a: Sneaky Driver|Gholdengo|100/100
|move|p1a: Great Tusk|Ice Spinner|p2a: Sneaky Driver
|-resisted|p2a: Sneaky Driver
|-damage|p2a: Sneaky Driver|88/100
|
|-sideend|p1: Cow|Reflect
|upkeep
|turn|9
|inactive|PLAGUE has 30 seconds left.
|inactive|PLAGUE has 20 seconds left.
|
|t:|1757873376
|switch|p2a: Volition|Rillaboom, F|100/100
|-fieldstart|move: Grassy Terrain|[from] ability: Grassy Surge|[of] p2a: Volition
|move|p1a: Great Tusk|Headlong Rush|p2a: Volition
|-resisted|p2a: Volition
|-damage|p2a: Volition|52/100
|-unboost|p1a: Great Tusk|def|1
|-unboost|p1a: Great Tusk|spd|1
|
|-heal|p1a: Great Tusk|100/100|[from] Grassy Terrain
|-heal|p2a: Volition|58/100|[from] Grassy Terrain
|-heal|p2a: Volition|64/100|[from] item: Leftovers
|upkeep
|turn|10
|inactive|PLAGUE has 30 seconds left this turn.
|inactive|PLAGUE has 20 seconds left.
|
|t:|1757873391
|switch|p2a: Sneaky Driver|Gholdengo|88/100
|-enditem|p2a: Sneaky Driver|Grassy Seed
|-boost|p2a: Sneaky Driver|def|1|[from] item: Grassy Seed
|-terastallize|p1a: Great Tusk|Ghost
|move|p1a: Great Tusk|Ice Spinner|p2a: Sneaky Driver
|-resisted|p2a: Sneaky Driver
|-damage|p2a: Sneaky Driver|80/100
|-fieldend|move: Grassy Terrain
|
|-sideend|p2: PLAGUE|move: Light Screen
|upkeep
|turn|11
|inactive|PLAGUE has 30 seconds left this turn.
|inactive|Cow has 240 seconds left.
|
|t:|1757873403
|-end|p1a: Great Tusk|Protosynthesis|[silent]
|switch|p1a: Kingambit|Kingambit, F|100/100
|-damage|p1a: Kingambit|94/100|[from] Stealth Rock
|-activate|p1a: Kingambit|ability: Supreme Overlord
|-start|p1a: Kingambit|fallen1|[silent]
|-item|p1a: Kingambit|Air Balloon
|move|p2a: Sneaky Driver|Shadow Ball|p1a: Kingambit
|-resisted|p1a: Kingambit
|-damage|p1a: Kingambit|77/100
|-enditem|p1a: Kingambit|Air Balloon
|
|upkeep
|turn|12
|inactive|Cow has 240 seconds left.
|inactive|PLAGUE has 30 seconds left.
|inactive|PLAGUE has 20 seconds left.
|
|t:|1757873419
|move|p2a: Sneaky Driver|Focus Blast|p1a: Kingambit|[miss]
|-miss|p2a: Sneaky Driver|p1a: Kingambit
|move|p1a: Kingambit|Kowtow Cleave|p2a: Sneaky Driver
|-supereffective|p2a: Sneaky Driver
|-damage|p2a: Sneaky Driver|22/100
|
|upkeep
|turn|13
|inactive|PLAGUE has 30 seconds left this turn.
|inactive|Cow has 240 seconds left.
|
|t:|1757873436
|move|p2a: Sneaky Driver|Focus Blast|p1a: Kingambit
|-supereffective|p1a: Kingambit
|-crit|p1a: Kingambit
|-damage|p1a: Kingambit|0 fnt
|faint|p1a: Kingambit
|-end|p1a: Kingambit|fallen1|[silent]
|
|upkeep
|c|☆PLAGUE|t
|inactive|Cow has 210 seconds left.
|
|t:|1757873469
|switch|p1a: Iron Moth|Iron Moth|100/100
|-damage|p1a: Iron Moth|76/100|[from] Stealth Rock
|-enditem|p1a: Iron Moth|Booster Energy
|-activate|p1a: Iron Moth|ability: Quark Drive|[fromitem]
|-start|p1a: Iron Moth|quarkdrivespa
|turn|14
|
|t:|1757873473
|move|p1a: Iron Moth|Fiery Dance|p2a: Sneaky Driver
|-supereffective|p2a: Sneaky Driver
|-damage|p2a: Sneaky Driver|0 fnt
|-boost|p1a: Iron Moth|spa|1
|faint|p2a: Sneaky Driver
|
|upkeep
|inactive|PLAGUE has 30 seconds left.
|inactive|PLAGUE has 20 seconds left.
|inactive|PLAGUE has 15 seconds left.
|inactive|PLAGUE has 10 seconds left.
|inactive|PLAGUE has 5 seconds left.
|
|t:|1757873515
|switch|p2a: THIRD DISTRICT|Samurott-Hisui, M|100/100
|turn|15
|inactive|PLAGUE has 15 seconds left this turn.
|inactive|PLAGUE has 10 seconds left.
|
|t:|1757873524
|move|p2a: THIRD DISTRICT|Sucker Punch|p1a: Iron Moth
|-crit|p1a: Iron Moth
|-damage|p1a: Iron Moth|0 fnt
|faint|p1a: Iron Moth
|-end|p1a: Iron Moth|Quark Drive|[silent]
|
|upkeep
|
|t:|1757873541
|switch|p1a: Ribombee|Ribombee, M|100/100
|-damage|p1a: Ribombee|76/100|[from] Stealth Rock
|turn|16
|inactive|PLAGUE has 25 seconds left this turn.
|inactive|PLAGUE has 20 seconds left.
|inactive|PLAGUE has 15 seconds left.
|
|t:|1757873555
|switch|p2a: Volition|Rillaboom, F|64/100
|-fieldstart|move: Grassy Terrain|[from] ability: Grassy Surge|[of] p2a: Volition
|move|p1a: Ribombee|Reflect|p1a: Ribombee
|-sidestart|p1: Cow|Reflect
|
|-heal|p1a: Ribombee|82/100|[from] Grassy Terrain
|-heal|p2a: Volition|71/100|[from] Grassy Terrain
|-heal|p2a: Volition|77/100|[from] item: Leftovers
|upkeep
|turn|17
|inactive|PLAGUE has 25 seconds left this turn.
|inactive|PLAGUE has 20 seconds left.
|inactive|PLAGUE has 15 seconds left.
|inactive|PLAGUE has 10 seconds left.
|
|t:|1757873573
|move|p2a: Volition|Grassy Glide|p1a: Ribombee
|-resisted|p1a: Ribombee
|-damage|p1a: Ribombee|60/100
|move|p1a: Ribombee|Sticky Web|p2a: Volition
|-sidestart|p2: PLAGUE|move: Sticky Web
|
|-heal|p1a: Ribombee|66/100|[from] Grassy Terrain
|-heal|p2a: Volition|83/100|[from] Grassy Terrain
|-heal|p2a: Volition|89/100|[from] item: Leftovers
|upkeep
|turn|18
|inactive|PLAGUE has 20 seconds left this turn.
|inactive|PLAGUE has 15 seconds left.
|
|t:|1757873581
|move|p2a: Volition|Grassy Glide|p1a: Ribombee
|-resisted|p1a: Ribombee
|-damage|p1a: Ribombee|47/100
|move|p1a: Ribombee|Bug Buzz|p2a: Volition
|-supereffective|p2a: Volition
|-damage|p2a: Volition|0 fnt
|faint|p2a: Volition
|
|-heal|p1a: Ribombee|53/100|[from] Grassy Terrain
|upkeep
|inactive|PLAGUE has 20 seconds left this turn.
|
|t:|1757873584
|switch|p2a: Rain on Brick|Hawlucha, M|100/100
|-enditem|p2a: Rain on Brick|Grassy Seed
|-boost|p2a: Rain on Brick|def|1|[from] item: Grassy Seed
|turn|19
|inactive|PLAGUE has 30 seconds left this turn.
|
|t:|1757873592
|switch|p1a: Gholdengo|Gholdengo|100/100
|-damage|p1a: Gholdengo|94/100|[from] Stealth Rock
|move|p2a: Rain on Brick|Encore|p1a: Gholdengo
|-immune|p1a: Gholdengo|[from] ability: Good as Gold
|
|-heal|p1a: Gholdengo|100/100|[from] Grassy Terrain
|upkeep
|turn|20
|inactive|PLAGUE has 30 seconds left.
|inactive|Cow has 240 seconds left.
|
|t:|1757873614
|move|p2a: Rain on Brick|Swords Dance|p2a: Rain on Brick
|-boost|p2a: Rain on Brick|atk|2
|move|p1a: Gholdengo|Make It Rain|p2a: Rain on Brick
|-damage|p2a: Rain on Brick|0 fnt
|-unboost|p1a: Gholdengo|spa|1
|faint|p2a: Rain on Brick
|
|-sideend|p1: Cow|Reflect
|-fieldend|move: Grassy Terrain
|upkeep
|
|t:|1757873618
|switch|p2a: THIRD DISTRICT|Samurott-Hisui, M|100/100
|-activate|p2a: THIRD DISTRICT|move: Sticky Web
|-unboost|p2a: THIRD DISTRICT|spe|1
|turn|21
|inactive|Cow has 240 seconds left.
|inactive|PLAGUE has 30 seconds left.
|inactive|Cow has 210 seconds left.
|inactive|PLAGUE has 20 seconds left.
|inactive|PLAGUE has 15 seconds left.
|inactive|PLAGUE has 10 seconds left.
|
|t:|1757873665
|move|p1a: Gholdengo|Make It Rain|p2a: THIRD DISTRICT
|-resisted|p2a: THIRD DISTRICT
|-damage|p2a: THIRD DISTRICT|46/100
|-unboost|p1a: Gholdengo|spa|1
|move|p2a: THIRD DISTRICT|Swords Dance|p2a: THIRD DISTRICT
|-boost|p2a: THIRD DISTRICT|atk|2
|
|upkeep
|turn|22
|inactive|PLAGUE has 20 seconds left this turn.
|inactive|Cow has 210 seconds left.
|inactive|PLAGUE has 15 seconds left.
|inactive|PLAGUE has 10 seconds left.
|
|t:|1757873678
|move|p2a: THIRD DISTRICT|Sucker Punch|p1a: Gholdengo
|-supereffective|p1a: Gholdengo
|-damage|p1a: Gholdengo|0 fnt
|faint|p1a: Gholdengo
|
|upkeep
|
|t:|1757873680
|switch|p1a: Ribombee|Ribombee, M|53/100
|-damage|p1a: Ribombee|28/100|[from] Stealth Rock
|turn|23
|inactive|PLAGUE has 25 seconds left this turn.
|inactive|PLAGUE has 20 seconds left.
|inactive|Cow has 210 seconds left.
|inactive|PLAGUE has 15 seconds left.
|inactive|Cow has 180 seconds left.
|
|t:|1757873736
|move|p1a: Ribombee|Reflect|p1a: Ribombee
|-sidestart|p1: Cow|Reflect
|move|p2a: THIRD DISTRICT|Swords Dance|p2a: THIRD DISTRICT
|-boost|p2a: THIRD DISTRICT|atk|2
|
|upkeep
|turn|24
|inactive|PLAGUE has 25 seconds left this turn.
|inactive|PLAGUE has 20 seconds left.
|inactive|PLAGUE has 15 seconds left.
|inactive|Cow has 150 seconds left.
|
|t:|1757873770
|switch|p1a: Great Tusk|Great Tusk, tera:Ghost|100/100
|-damage|p1a: Great Tusk|88/100|[from] Stealth Rock
|move|p2a: THIRD DISTRICT|Sucker Punch||[still]
|-fail|p2a: THIRD DISTRICT
|
|upkeep
|turn|25
|inactive|PLAGUE has 25 seconds left this turn.
|inactive|PLAGUE has 20 seconds left.
|inactive|Cow has 150 seconds left.
|inactive|PLAGUE has 15 seconds left.
|inactive|PLAGUE has 10 seconds left.
|
|t:|1757873804
|-terastallize|p2a: THIRD DISTRICT|Dark
|move|p2a: THIRD DISTRICT|Sucker Punch||[still]
|-fail|p2a: THIRD DISTRICT
|move|p1a: Great Tusk|Bulk Up|p1a: Great Tusk
|-boost|p1a: Great Tusk|atk|1
|-boost|p1a: Great Tusk|def|1
|
|upkeep
|turn|26
|inactive|PLAGUE has 20 seconds left this turn.
|inactive|PLAGUE has 15 seconds left.
|
|t:|1757873815
|move|p2a: THIRD DISTRICT|Sucker Punch|p1a: Great Tusk
|-supereffective|p1a: Great Tusk
|-damage|p1a: Great Tusk|16/100
|move|p1a: Great Tusk|Ice Spinner|p2a: THIRD DISTRICT
|-damage|p2a: THIRD DISTRICT|0 fnt
|faint|p2a: THIRD DISTRICT
|
|upkeep
|inactive|PLAGUE has 20 seconds left this turn.
|c|☆PLAGUE|gg
|inactive|PLAGUE has 15 seconds left.
|c|☆Cow|gg
|-message|PLAGUE forfeited.
|
|win|Cow
