|j|☆dustyfungus
|j|☆TREMBLEB4BAST
|t:|1757909370
|gametype|singles
|player|p1|dustyfungus|cameraman|1168
|player|p2|TREMBLEB4BAST|geeta|1189
|gen|9
|tier|[Gen 9] OU
|rated|
|rule|HP Percentage Mod: HP is shown in percentages
|rule|Endless Battle Clause: Forcing endless battles is banned
|rule|Species Clause: Limit one of each Pokémon
|rule|OHKO Clause: OHKO moves are banned
|rule|Evasion Items Clause: Evasion items are banned
|rule|Evasion Moves Clause: Evasion moves are banned
|rule|Evasion Abilities Clause: Evasion abilities are banned
|rule|Sleep Moves Clause: Sleep-inducing moves are banned
|clearpoke
|poke|p1|Polteageist-Antique|
|poke|p1|Maushold-Four|
|poke|p1|Wo-Chien|
|poke|p1|Garganacl, M|
|poke|p1|Ditto|
|poke|p1|Bronzong|
|poke|p2|Tyranitar, M|
|poke|p2|Lucario, M|
|poke|p2|Gastrodon-East, F|
|poke|p2|Iron Moth|
|poke|p2|Vikavolt, M|
|poke|p2|Iron Leaves|
|teampreview
|inactive|Battle timer is ON: inactive players will automatically lose when time's up. (requested by dustyfungus)
|
|t:|1757909397
|teamsize|p1|6
|teamsize|p2|6
|start
|switch|p1a: Bronzong|Bronzong|100/100
|switch|p2a: Australian|Vikavolt, M|100/100
|turn|1
|
|t:|1757909407
|move|p2a: Australian|Thunderbolt|p1a: Bronzong
|-damage|p1a: Bronzong|63/100
|move|p1a: Bronzong|Iron Defense|p1a: Bronzong
|-boost|p1a: Bronzong|def|2
|
|upkeep
|turn|2
|
|t:|1757909413
|move|p2a: Australian|Thunderbolt|p1a: Bronzong
|-damage|p1a: Bronzong|25/100
|move|p1a: Bronzong|Body Press|p2a: Australian
|-resisted|p2a: Australian
|-damage|p2a: Australian|71/100
|
|upkeep
|turn|3
|
|t:|1757909431
|switch|p1a: Garganacl|Garganacl, M|100/100
|move|p2a: Australian|Volt Switch|p1a: Garganacl
|-damage|p1a: Garganacl|72/100
|
|t:|1757909447
|switch|p2a: Lich|Gastrodon-East, F|100/100|[from] Volt Switch
|
|-heal|p1a: Garganacl|79/100|[from] item: Leftovers
|upkeep
|turn|4
|
|t:|1757909455
|-terastallize|p1a: Garganacl|Flying
|move|p2a: Lich|Earth Power|p1a: Garganacl
|-immune|p1a: Garganacl
|move|p1a: Garganacl|Salt Cure|p2a: Lich
|-resisted|p2a: Lich
|-damage|p2a: Lich|92/100
|-start|p2a: Lich|Salt Cure
|
|-heal|p1a: Garganacl|85/100|[from] item: Leftovers
|-damage|p2a: Lich|67/100|[from] Salt Cure
|upkeep
|turn|5
|
|t:|1757909466
|switch|p2a: Australian|Vikavolt, M|71/100
|move|p1a: Garganacl|Curse|p1a: Garganacl
|-unboost|p1a: Garganacl|spe|1
|-boost|p1a: Garganacl|atk|1
|-boost|p1a: Garganacl|def|1
|
|-heal|p1a: Garganacl|91/100|[from] item: Leftovers
|upkeep
|turn|6
|
|t:|1757909473
|move|p2a: Australian|Thunderbolt|p1a: Garganacl
|-supereffective|p1a: Garganacl
|-damage|p1a: Garganacl|27/100
|move|p1a: Garganacl|Salt Cure|p2a: Australian
|-supereffective|p2a: Australian
|-damage|p2a: Australian|26/100
|-start|p2a: Australian|Salt Cure
|
|-heal|p1a: Garganacl|33/100|[from] item: Leftovers
|-damage|p2a: Australian|14/100|[from] Salt Cure
|upkeep
|turn|7
|inactive|TREMBLEB4BAST has 120 seconds left.
|
|t:|1757909508
|move|p2a: Australian|Thunderbolt|p1a: Garganacl
|-supereffective|p1a: Garganacl
|-damage|p1a: Garganacl|0 fnt
|faint|p1a: Garganacl
|
|-damage|p2a: Australian|2/100|[from] Salt Cure
|upkeep
|
|t:|1757909516
|switch|p1a: Polteageist|Polteageist-Antique, shiny|100/100
|turn|8
|
|t:|1757909520
|move|p1a: Polteageist|Shell Smash|p1a: Polteageist
|-unboost|p1a: Polteageist|def|1
|-unboost|p1a: Polteageist|spd|1
|-boost|p1a: Polteageist|atk|2
|-boost|p1a: Polteageist|spa|2
|-boost|p1a: Polteageist|spe|2
|move|p2a: Australian|Volt Switch|p1a: Polteageist
|-damage|p1a: Polteageist|33/100
|
|t:|1757909525
|switch|p2a: Reiner Braun|Tyranitar, M|100/100|[from] Volt Switch
|-weather|Sandstorm|[from] ability: Sand Stream|[of] p2a: Reiner Braun
|
|-weather|Sandstorm|[upkeep]
|-damage|p1a: Polteageist|27/100|[from] Sandstorm
|upkeep
|turn|9
|
|t:|1757909535
|move|p1a: Polteageist|Dark Pulse|p2a: Reiner Braun
|-resisted|p2a: Reiner Braun
|-damage|p2a: Reiner Braun|87/100
|move|p2a: Reiner Braun|Crunch|p1a: Polteageist
|-supereffective|p1a: Polteageist
|-damage|p1a: Polteageist|0 fnt
|faint|p1a: Polteageist
|
|-weather|Sandstorm|[upkeep]
|upkeep
|-message|dustyfungus forfeited.
|
|win|TREMBLEB4BAST
|raw|dustyfungus's rating: 1168 &rarr; <strong>1145</strong><br />(-23 for losing)
|raw|TREMBLEB4BAST's rating: 1189 &rarr; <strong>1212</strong><br />(+23 for winning)
|l|☆dustyfungus
|player|p1|
|l|☆TREMBLEB4BAST
|player|p2|
