|j|☆marr123
|j|☆567crazy
|t:|1757912727
|gametype|singles
|player|p1|marr123|265|1186
|player|p2|567crazy|101|1067
|gen|9
|tier|[Gen 9] OU
|rated|
|rule|HP Percentage Mod: HP is shown in percentages
|rule|Endless Battle Clause: Forcing endless battles is banned
|rule|Species Clause: Limit one of each Pokémon
|rule|OHKO Clause: OHKO moves are banned
|rule|Evasion Items Clause: Evasion items are banned
|rule|Evasion Moves Clause: Evasion moves are banned
|rule|Evasion Abilities Clause: Evasion abilities are banned
|rule|Sleep Moves Clause: Sleep-inducing moves are banned
|clearpoke
|poke|p1|Zamazenta-*|
|poke|p1|Ogerpon-Wellspring, F|
|poke|p1|Iron Treads|
|poke|p1|Garganacl, F|
|poke|p1|Moltres|
|poke|p1|Kingambit, F|
|poke|p2|Zoroark-Hisui, F|
|poke|p2|Blissey, F|
|poke|p2|Pineco, L1, F|
|poke|p2|Sudowoodo, L1, F|
|poke|p2|Gliscor, M|
|poke|p2|Excadrill, F|
|teampreview
|
|t:|1757912741
|teamsize|p1|6
|teamsize|p2|6
|start
|switch|p1a: Ogerpon|Ogerpon-Wellspring, F|100/100
|switch|p2a: Gliscor|Gliscor, M|100/100
|turn|1
|
|t:|1757912758
|move|p2a: Gliscor|Protect|p2a: Gliscor
|-singleturn|p2a: Gliscor|Protect
|move|p1a: Ogerpon|Spikes|p2a: Gliscor
|-sidestart|p2: 567crazy|Spikes
|
|-status|p2a: Gliscor|tox|[from] item: Toxic Orb
|upkeep
|turn|2
|
|t:|1757912764
|move|p1a: Ogerpon|U-turn|p2a: Gliscor
|-resisted|p2a: Gliscor
|-damage|p2a: Gliscor|91/100 tox
|
|t:|1757912767
|switch|p1a: Iron Treads|Iron Treads|100/100|[from] U-turn
|move|p2a: Gliscor|Toxic Spikes|p1a: Iron Treads
|-sidestart|p1: marr123|move: Toxic Spikes
|
|-heal|p2a: Gliscor|100/100 tox|[from] ability: Poison Heal
|upkeep
|turn|3
|
|t:|1757912783
|move|p1a: Iron Treads|Rapid Spin|p2a: Gliscor
|-damage|p2a: Gliscor|90/100 tox
|-boost|p1a: Iron Treads|spe|1
|-sideend|p1: marr123|Toxic Spikes|[from] move: Rapid Spin|[of] p1a: Iron Treads
|move|p2a: Gliscor|Toxic Spikes|p1a: Iron Treads
|-sidestart|p1: marr123|move: Toxic Spikes
|
|-heal|p2a: Gliscor|100/100 tox|[from] ability: Poison Heal
|upkeep
|turn|4
|
|t:|1757912793
|move|p1a: Iron Treads|Knock Off|p2a: Gliscor
|-damage|p2a: Gliscor|81/100 tox
|-enditem|p2a: Gliscor|Toxic Orb|[from] move: Knock Off|[of] p1a: Iron Treads
|move|p2a: Gliscor|Toxic Spikes|p1a: Iron Treads
|-sidestart|p1: marr123|move: Toxic Spikes
|
|-heal|p2a: Gliscor|93/100 tox|[from] ability: Poison Heal
|upkeep
|turn|5
|
|t:|1757912801
|move|p1a: Iron Treads|Rapid Spin|p2a: Gliscor
|-damage|p2a: Gliscor|83/100 tox
|-boost|p1a: Iron Treads|spe|1
|-sideend|p1: marr123|Toxic Spikes|[from] move: Rapid Spin|[of] p1a: Iron Treads
|move|p2a: Gliscor|Knock Off|p1a: Iron Treads
|-damage|p1a: Iron Treads|83/100
|-enditem|p1a: Iron Treads|Clear Amulet|[from] move: Knock Off|[of] p2a: Gliscor
|
|-heal|p2a: Gliscor|95/100 tox|[from] ability: Poison Heal
|upkeep
|turn|6
|
|t:|1757912816
|move|p2a: Gliscor|Protect|p2a: Gliscor
|-singleturn|p2a: Gliscor|Protect
|move|p1a: Iron Treads|Ice Spinner|p2a: Gliscor
|-activate|p2a: Gliscor|move: Protect
|
|-heal|p2a: Gliscor|100/100 tox|[from] ability: Poison Heal
|upkeep
|turn|7
|
|t:|1757912828
|move|p1a: Iron Treads|Ice Spinner|p2a: Gliscor
|-supereffective|p2a: Gliscor
|-damage|p2a: Gliscor|35/100 tox
|move|p2a: Gliscor|Toxic Spikes|p1a: Iron Treads
|-sidestart|p1: marr123|move: Toxic Spikes
|
|-heal|p2a: Gliscor|47/100 tox|[from] ability: Poison Heal
|upkeep
|turn|8
|
|t:|1757912836
|move|p2a: Gliscor|Protect|p2a: Gliscor
|-singleturn|p2a: Gliscor|Protect
|move|p1a: Iron Treads|Ice Spinner|p2a: Gliscor
|-activate|p2a: Gliscor|move: Protect
|
|-heal|p2a: Gliscor|60/100 tox|[from] ability: Poison Heal
|upkeep
|turn|9
|
|t:|1757912848
|move|p1a: Iron Treads|Ice Spinner|p2a: Gliscor
|-supereffective|p2a: Gliscor
|-damage|p2a: Gliscor|0 fnt
|faint|p2a: Gliscor
|
|upkeep
|
|t:|1757912868
|switch|p2a: Excadrill|Excadrill, F|100/100
|-ability|p2a: Excadrill|Mold Breaker
|-item|p2a: Excadrill|Air Balloon
|turn|10
|
|t:|1757912897
|-end|p1a: Iron Treads|Quark Drive|[silent]
|switch|p1a: Moltres|Moltres, shiny|100/100
|-ability|p1a: Moltres|Pressure
|move|p2a: Excadrill|Earthquake|p1a: Moltres
|-immune|p1a: Moltres
|
|upkeep
|turn|11
|
|t:|1757912920
|switch|p2a: Blissey|Blissey, F|100/100
|-damage|p2a: Blissey|88/100|[from] Spikes
|move|p1a: Moltres|Will-O-Wisp|p2a: Blissey
|-status|p2a: Blissey|brn
|
|-damage|p2a: Blissey|82/100 brn|[from] brn
|upkeep
|turn|12
|inactive|Battle timer is ON: inactive players will automatically lose when time's up. (requested by marr123)
|
|t:|1757912932
|switch|p1a: Garganacl|Garganacl, F, shiny|100/100
|move|p2a: Blissey|Light Screen|p2a: Blissey
|-sidestart|p2: 567crazy|move: Light Screen
|
|-damage|p2a: Blissey|76/100 brn|[from] brn
|upkeep
|turn|13
|
|t:|1757912943
|-curestatus|p2a: Blissey|brn|[from] ability: Natural Cure
|switch|p2a: Excadrill|Excadrill, F|100/100
|-ability|p2a: Excadrill|Mold Breaker
|-item|p2a: Excadrill|Air Balloon
|move|p1a: Garganacl|Stealth Rock|p2a: Excadrill
|-sidestart|p2: 567crazy|move: Stealth Rock
|
|upkeep
|turn|14
|
|t:|1757912958
|move|p1a: Garganacl|Protect|p1a: Garganacl
|-singleturn|p1a: Garganacl|Protect
|move|p2a: Excadrill|Rapid Spin|p1a: Garganacl
|-activate|p1a: Garganacl|move: Protect
|
|upkeep
|turn|15
|
|t:|1757912968
|move|p2a: Excadrill|Rapid Spin|p1a: Garganacl
|-resisted|p1a: Garganacl
|-damage|p1a: Garganacl|94/100
|-boost|p2a: Excadrill|spe|1
|-sideend|p2: 567crazy|Spikes|[from] move: Rapid Spin|[of] p2a: Excadrill
|-sideend|p2: 567crazy|Stealth Rock|[from] move: Rapid Spin|[of] p2a: Excadrill
|move|p1a: Garganacl|Salt Cure|p2a: Excadrill
|-resisted|p2a: Excadrill
|-damage|p2a: Excadrill|96/100
|-start|p2a: Excadrill|Salt Cure
|-enditem|p2a: Excadrill|Air Balloon
|
|-heal|p1a: Garganacl|99/100|[from] item: Leftovers
|-damage|p2a: Excadrill|71/100|[from] Salt Cure
|upkeep
|turn|16
|
|t:|1757912989
|move|p1a: Garganacl|Protect|p1a: Garganacl
|-singleturn|p1a: Garganacl|Protect
|move|p2a: Excadrill|Earthquake|p1a: Garganacl
|-activate|p1a: Garganacl|move: Protect
|
|-heal|p1a: Garganacl|100/100|[from] item: Leftovers
|-damage|p2a: Excadrill|46/100|[from] Salt Cure
|-sideend|p2: 567crazy|move: Light Screen
|upkeep
|turn|17
|
|t:|1757912999
|switch|p1a: Moltres|Moltres, shiny|100/100
|-ability|p1a: Moltres|Pressure
|move|p2a: Excadrill|Earthquake|p1a: Moltres
|-immune|p1a: Moltres
|
|-damage|p2a: Excadrill|21/100|[from] Salt Cure
|upkeep
|turn|18
|
|t:|1757913010
|move|p2a: Excadrill|Iron Head|p1a: Moltres
|-resisted|p1a: Moltres
|-damage|p1a: Moltres|82/100
|move|p1a: Moltres|Will-O-Wisp|p2a: Excadrill
|-status|p2a: Excadrill|brn
|
|-damage|p2a: Excadrill|15/100 brn|[from] brn
|-damage|p2a: Excadrill|0 fnt|[from] Salt Cure
|faint|p2a: Excadrill
|upkeep
|
|t:|1757913024
|switch|p2a: Pineco|Pineco, L1, F|100/100
|turn|19
|
|t:|1757913028
|move|p1a: Moltres|Flamethrower|p2a: Pineco
|-supereffective|p2a: Pineco
|-ability|p2a: Pineco|Sturdy
|-damage|p2a: Pineco|9/100
|move|p2a: Pineco|Pain Split|p1a: Moltres
|-sethp|p1a: Moltres|41/100|[from] move: Pain Split|[silent]
|-sethp|p2a: Pineco|100/100|[from] move: Pain Split
|
|upkeep
|turn|20
|
|t:|1757913039
|move|p1a: Moltres|Flamethrower|p2a: Pineco
|-supereffective|p2a: Pineco
|-ability|p2a: Pineco|Sturdy
|-damage|p2a: Pineco|9/100
|move|p2a: Pineco|Pain Split|p1a: Moltres
|-sethp|p1a: Moltres|21/100|[from] move: Pain Split|[silent]
|-sethp|p2a: Pineco|100/100|[from] move: Pain Split
|
|upkeep
|turn|21
|
|t:|1757913049
|move|p1a: Moltres|Roost|p1a: Moltres
|-heal|p1a: Moltres|71/100
|-singleturn|p1a: Moltres|move: Roost
|move|p2a: Pineco|Pain Split|p1a: Moltres
|-sethp|p1a: Moltres|37/100|[from] move: Pain Split|[silent]
|-sethp|p2a: Pineco|100/100|[from] move: Pain Split
|
|upkeep
|turn|22
|
|t:|1757913069
|switch|p1a: Ogerpon|Ogerpon-Wellspring, F|100/100
|-status|p1a: Ogerpon|psn
|move|p2a: Pineco|Pain Split|p1a: Ogerpon
|-sethp|p1a: Ogerpon|52/100 psn|[from] move: Pain Split|[silent]
|-sethp|p2a: Pineco|100/100|[from] move: Pain Split
|
|-damage|p1a: Ogerpon|40/100 psn|[from] psn
|upkeep
|turn|23
|
|t:|1757913091
|switch|p1a: Iron Treads|Iron Treads|83/100
|move|p2a: Pineco|Protect||[still]
|-fail|p2a: Pineco
|
|upkeep
|turn|24
|
|t:|1757913097
|move|p1a: Iron Treads|Rapid Spin|p2a: Pineco
|-ability|p2a: Pineco|Sturdy
|-damage|p2a: Pineco|9/100
|-boost|p1a: Iron Treads|spe|1
|-sideend|p1: marr123|Toxic Spikes|[from] move: Rapid Spin|[of] p1a: Iron Treads
|move|p2a: Pineco|Pain Split|p1a: Iron Treads
|-sethp|p1a: Iron Treads|42/100|[from] move: Pain Split|[silent]
|-sethp|p2a: Pineco|100/100|[from] move: Pain Split
|
|upkeep
|turn|25
|
|t:|1757913109
|move|p1a: Iron Treads|Knock Off|p2a: Pineco
|-ability|p2a: Pineco|Sturdy
|-damage|p2a: Pineco|9/100
|-enditem|p2a: Pineco|Shell Bell|[from] move: Knock Off|[of] p1a: Iron Treads
|move|p2a: Pineco|Pain Split|p1a: Iron Treads
|-sethp|p1a: Iron Treads|21/100|[from] move: Pain Split|[silent]
|-sethp|p2a: Pineco|100/100|[from] move: Pain Split
|
|upkeep
|turn|26
|
|t:|1757913130
|-terastallize|p2a: Pineco|Ghost
|move|p1a: Iron Treads|Rapid Spin|p2a: Pineco
|-immune|p2a: Pineco
|move|p2a: Pineco|Giga Drain|p1a: Iron Treads
|-damage|p1a: Iron Treads|21/100
|
|upkeep
|turn|27
|inactive|567crazy has 120 seconds left.
|
|t:|1757913155
|move|p1a: Iron Treads|Knock Off|p2a: Pineco
|-supereffective|p2a: Pineco
|-ability|p2a: Pineco|Sturdy
|-damage|p2a: Pineco|9/100
|move|p2a: Pineco|Pain Split|p1a: Iron Treads
|-sethp|p1a: Iron Treads|11/100|[from] move: Pain Split|[silent]
|-sethp|p2a: Pineco|100/100|[from] move: Pain Split
|
|upkeep
|turn|28
|
|t:|1757913168
|-end|p1a: Iron Treads|Quark Drive|[silent]
|switch|p1a: Garganacl|Garganacl, F, shiny|100/100
|move|p2a: Pineco|Pain Split|p1a: Garganacl
|-sethp|p1a: Garganacl|52/100|[from] move: Pain Split|[silent]
|-sethp|p2a: Pineco|100/100|[from] move: Pain Split
|
|-heal|p1a: Garganacl|58/100|[from] item: Leftovers
|upkeep
|turn|29
|inactive|567crazy has 120 seconds left.
|
|t:|1757913195
|move|p1a: Garganacl|Stealth Rock|p2a: Pineco
|-sidestart|p2: 567crazy|move: Stealth Rock
|move|p2a: Pineco|Pain Split|p1a: Garganacl
|-sethp|p1a: Garganacl|31/100|[from] move: Pain Split|[silent]
|-sethp|p2a: Pineco|100/100|[from] move: Pain Split
|
|-heal|p1a: Garganacl|37/100|[from] item: Leftovers
|upkeep
|turn|30
|
|t:|1757913210
|move|p1a: Garganacl|Salt Cure|p2a: Pineco
|-ability|p2a: Pineco|Sturdy
|-damage|p2a: Pineco|9/100
|-start|p2a: Pineco|Salt Cure
|move|p2a: Pineco|Pain Split|p1a: Garganacl
|-sethp|p1a: Garganacl|19/100|[from] move: Pain Split|[silent]
|-sethp|p2a: Pineco|100/100|[from] move: Pain Split
|
|-heal|p1a: Garganacl|25/100|[from] item: Leftovers
|-damage|p2a: Pineco|92/100|[from] Salt Cure
|upkeep
|turn|31
|
|t:|1757913221
|move|p1a: Garganacl|Recover|p1a: Garganacl
|-heal|p1a: Garganacl|75/100
|move|p2a: Pineco|Pain Split|p1a: Garganacl
|-sethp|p1a: Garganacl|39/100|[from] move: Pain Split|[silent]
|-sethp|p2a: Pineco|100/100|[from] move: Pain Split
|
|-heal|p1a: Garganacl|45/100|[from] item: Leftovers
|-damage|p2a: Pineco|92/100|[from] Salt Cure
|upkeep
|turn|32
|
|t:|1757913231
|move|p1a: Garganacl|Recover|p1a: Garganacl
|-heal|p1a: Garganacl|96/100
|move|p2a: Pineco|Pain Split|p1a: Garganacl
|-sethp|p1a: Garganacl|49/100|[from] move: Pain Split|[silent]
|-sethp|p2a: Pineco|100/100|[from] move: Pain Split
|
|-heal|p1a: Garganacl|56/100|[from] item: Leftovers
|-damage|p2a: Pineco|92/100|[from] Salt Cure
|upkeep
|turn|33
|-message|567crazy forfeited.
|
|win|marr123
|raw|marr123's rating: 1186 &rarr; <strong>1203</strong><br />(+17 for winning)
|raw|567crazy's rating: 1067 &rarr; <strong>1054</strong><br />(-13 for losing)
|l|☆567crazy
|player|p2|
|c|☆marr123|good job
|l|☆marr123
|player|p1|
