|j|☆SpectralStorm
|j|☆levi6969
|t:|1757829666
|gametype|singles
|player|p1|SpectralStorm|1|1317
|player|p2|levi6969|265|1310
|gen|9
|tier|[Gen 9] OU
|rated|
|rule|HP Percentage Mod: HP is shown in percentages
|rule|Endless Battle Clause: Forcing endless battles is banned
|rule|Species Clause: Limit one of each Pokémon
|rule|OHKO Clause: OHKO moves are banned
|rule|Evasion Items Clause: Evasion items are banned
|rule|Evasion Moves Clause: Evasion moves are banned
|rule|Evasion Abilities Clause: Evasion abilities are banned
|rule|Sleep Moves Clause: Sleep-inducing moves are banned
|clearpoke
|poke|p1|Bellibolt, F|
|poke|p1|Basculegion, M|
|poke|p1|Dragonite, F|
|poke|p1|Iron Treads|
|poke|p1|Barraskewda, F|
|poke|p1|Pelipper, F|
|poke|p2|Yanmega, M|
|poke|p2|Scream Tail|
|poke|p2|Zoroark-Hisui, M|
|poke|p2|Dondozo, M|
|poke|p2|Great Tusk|
|poke|p2|Heatran, M|
|teampreview
|inactive|Battle timer is ON: inactive players will automatically lose when time's up. (requested by SpectralStorm)
|
|t:|1757829682
|teamsize|p1|6
|teamsize|p2|6
|start
|switch|p1a: Pelipper|Pelipper, F|100/100
|switch|p2a: Yanmega|Yanmega, M|100/100
|-weather|RainDance|[from] ability: Drizzle|[of] p1a: Pelipper
|turn|1
|
|t:|1757829687
|switch|p1a: Iron Treads|Iron Treads|100/100
|-terastallize|p2a: Yanmega|Bug
|move|p2a: Yanmega|Bug Buzz|p1a: Iron Treads
|-resisted|p1a: Iron Treads
|-damage|p1a: Iron Treads|5/100
|-enditem|p1a: Iron Treads|Eject Button
|
|t:|1757829694
|-end|p1a: Iron Treads|Quark Drive|[silent]
|switch|p1a: Barraskewda|Barraskewda, F|100/100
|
|-weather|RainDance|[upkeep]
|upkeep
|turn|2
|
|t:|1757829703
|switch|p2a: Dondozo|Dondozo, M, shiny|100/100
|move|p1a: Barraskewda|Flip Turn|p2a: Dondozo
|-resisted|p2a: Dondozo
|-damage|p2a: Dondozo|83/100
|-damage|p1a: Barraskewda|84/100|[from] item: Rocky Helmet|[of] p2a: Dondozo
|
|t:|1757829705
|switch|p1a: Bellibolt|Bellibolt, F|100/100|[from] Flip Turn
|
|-weather|RainDance|[upkeep]
|upkeep
|turn|3
|
|t:|1757829724
|switch|p2a: Scream Tail|Scream Tail, shiny|100/100
|move|p1a: Bellibolt|Weather Ball|p2a: Scream Tail
|-damage|p2a: Scream Tail|61/100
|
|-weather|RainDance|[upkeep]
|-heal|p2a: Scream Tail|68/100|[from] item: Leftovers
|upkeep
|turn|4
|
|t:|1757829728
|move|p2a: Scream Tail|Protect|p2a: Scream Tail
|-singleturn|p2a: Scream Tail|Protect
|move|p1a: Bellibolt|Thunder|p2a: Scream Tail
|-activate|p2a: Scream Tail|move: Protect
|
|-weather|RainDance|[upkeep]
|-heal|p2a: Scream Tail|74/100|[from] item: Leftovers
|upkeep
|turn|5
|
|t:|1757829737
|move|p2a: Scream Tail|Wish|p2a: Scream Tail
|move|p1a: Bellibolt|Thunder|p2a: Scream Tail
|-damage|p2a: Scream Tail|30/100
|
|-weather|RainDance|[upkeep]
|-heal|p2a: Scream Tail|36/100|[from] item: Leftovers
|upkeep
|turn|6
|
|t:|1757829742
|move|p2a: Scream Tail|Protect|p2a: Scream Tail
|-singleturn|p2a: Scream Tail|Protect
|move|p1a: Bellibolt|Thunder|p2a: Scream Tail
|-activate|p2a: Scream Tail|move: Protect
|
|-weather|RainDance|[upkeep]
|-heal|p2a: Scream Tail|86/100|[from] move: Wish|[wisher] Scream Tail
|-heal|p2a: Scream Tail|92/100|[from] item: Leftovers
|upkeep
|turn|7
|
|t:|1757829753
|-end|p2a: Scream Tail|Protosynthesis|[silent]
|switch|p2a: Great Tusk|Great Tusk|100/100
|move|p1a: Bellibolt|Thunder|p2a: Great Tusk
|-immune|p2a: Great Tusk
|
|-weather|RainDance|[upkeep]
|upkeep
|turn|8
|
|t:|1757829758
|-terastallize|p1a: Bellibolt|Fairy
|move|p2a: Great Tusk|Headlong Rush|p1a: Bellibolt
|-damage|p1a: Bellibolt|42/100
|-unboost|p2a: Great Tusk|def|1
|-unboost|p2a: Great Tusk|spd|1
|-start|p1a: Bellibolt|Charge|Headlong Rush|[from] ability: Electromorphosis
|move|p1a: Bellibolt|Weather Ball|p2a: Great Tusk
|-supereffective|p2a: Great Tusk
|-damage|p2a: Great Tusk|0 fnt
|faint|p2a: Great Tusk
|-end|p2a: Great Tusk|Protosynthesis|[silent]
|
|-weather|none
|upkeep
|
|t:|1757829773
|switch|p2a: Yanmega|Yanmega, M, tera:Bug|100/100
|turn|9
|
|t:|1757829777
|switch|p1a: Iron Treads|Iron Treads|5/100
|move|p2a: Yanmega|Bug Buzz|p1a: Iron Treads
|-resisted|p1a: Iron Treads
|-damage|p1a: Iron Treads|0 fnt
|faint|p1a: Iron Treads
|-end|p1a: Iron Treads|Quark Drive|[silent]
|
|upkeep
|
|t:|1757829788
|switch|p1a: Dragonite|Dragonite, F|100/100
|turn|10
|
|t:|1757829802
|move|p2a: Yanmega|Bug Buzz|p1a: Dragonite
|-resisted|p1a: Dragonite
|-damage|p1a: Dragonite|54/100
|move|p1a: Dragonite|Hurricane|p2a: Yanmega|[miss]
|-miss|p1a: Dragonite|p2a: Yanmega
|
|upkeep
|turn|11
|
|t:|1757829810
|switch|p2a: Heatran|Heatran, M, shiny|100/100
|switch|p1a: Pelipper|Pelipper, F|100/100
|-weather|RainDance|[from] ability: Drizzle|[of] p1a: Pelipper
|
|-weather|RainDance|[upkeep]
|upkeep
|turn|12
|
|t:|1757829819
|move|p2a: Heatran|Stealth Rock|p1a: Pelipper
|-sidestart|p1: SpectralStorm|move: Stealth Rock
|move|p1a: Pelipper|U-turn|p2a: Heatran
|-resisted|p2a: Heatran
|-damage|p2a: Heatran|99/100
|
|t:|1757829829
|switch|p1a: Basculegion|Basculegion, M|100/100|[from] U-turn
|-damage|p1a: Basculegion|88/100|[from] Stealth Rock
|
|-weather|RainDance|[upkeep]
|-heal|p2a: Heatran|100/100|[from] item: Leftovers
|upkeep
|turn|13
|
|t:|1757829837
|move|p1a: Basculegion|Wave Crash|p2a: Heatran
|-supereffective|p2a: Heatran
|-damage|p2a: Heatran|0 fnt
|faint|p2a: Heatran
|-damage|p1a: Basculegion|55/100|[from] Recoil
|
|-weather|RainDance|[upkeep]
|upkeep
|
|t:|1757829848
|switch|p2a: Dondozo|Dondozo, M, shiny|83/100
|turn|14
|
|t:|1757829860
|switch|p2a: Scream Tail|Scream Tail, shiny|92/100
|move|p1a: Basculegion|Wave Crash|p2a: Scream Tail
|-damage|p2a: Scream Tail|0 fnt
|faint|p2a: Scream Tail
|-end|p2a: Scream Tail|Protosynthesis|[silent]
|-damage|p1a: Basculegion|23/100|[from] Recoil
|
|-weather|RainDance|[upkeep]
|upkeep
|
|t:|1757829865
|switch|p2a: Dondozo|Dondozo, M, shiny|83/100
|turn|15
|
|t:|1757829868
|move|p1a: Basculegion|Wave Crash|p2a: Dondozo
|-resisted|p2a: Dondozo
|-damage|p2a: Dondozo|44/100
|-damage|p1a: Basculegion|6/100|[from] item: Rocky Helmet|[of] p2a: Dondozo
|-damage|p1a: Basculegion|0 fnt|[from] Recoil
|faint|p1a: Basculegion
|move|p2a: Dondozo|Liquidation|p1: Basculegion|[notarget]
|-fail|p2a: Dondozo
|
|-weather|RainDance|[upkeep]
|upkeep
|
|t:|1757829873
|switch|p1a: Bellibolt|Bellibolt, F, tera:Fairy|42/100
|-damage|p1a: Bellibolt|30/100|[from] Stealth Rock
|turn|16
|
|t:|1757829878
|switch|p2a: Yanmega|Yanmega, M|100/100
|move|p1a: Bellibolt|Thunder|p2a: Yanmega
|-damage|p2a: Yanmega|0 fnt
|replace|p2a: Zoroark|Zoroark-Hisui, M
|-end|p2a: Zoroark|Illusion
|faint|p2a: Zoroark
|
|-weather|RainDance|[upkeep]
|upkeep
|
|t:|1757829882
|switch|p2a: Yanmega|Yanmega, M, tera:Bug|100/100
|turn|17
|
|t:|1757829887
|switch|p1a: Dragonite|Dragonite, F|54/100
|-damage|p1a: Dragonite|29/100|[from] Stealth Rock
|move|p2a: Yanmega|Bug Buzz|p1a: Dragonite
|-resisted|p1a: Dragonite
|-damage|p1a: Dragonite|0 fnt
|faint|p1a: Dragonite
|
|-weather|RainDance|[upkeep]
|upkeep
|
|t:|1757829889
|switch|p1a: Barraskewda|Barraskewda, F|84/100
|-damage|p1a: Barraskewda|72/100|[from] Stealth Rock
|turn|18
|
|t:|1757829891
|switch|p2a: Dondozo|Dondozo, M, shiny|44/100
|move|p1a: Barraskewda|Flip Turn|p2a: Dondozo
|-resisted|p2a: Dondozo
|-damage|p2a: Dondozo|27/100
|-damage|p1a: Barraskewda|56/100|[from] item: Rocky Helmet|[of] p2a: Dondozo
|
|t:|1757829895
|switch|p1a: Bellibolt|Bellibolt, F, tera:Fairy|30/100|[from] Flip Turn
|-damage|p1a: Bellibolt|17/100|[from] Stealth Rock
|
|-weather|none
|upkeep
|turn|19
|
|t:|1757829917
|move|p1a: Bellibolt|Volt Switch|p2a: Dondozo
|-supereffective|p2a: Dondozo
|-damage|p2a: Dondozo|0 fnt
|faint|p2a: Dondozo
|
|t:|1757829919
|switch|p1a: Pelipper|Pelipper, F|100/100|[from] Volt Switch
|-damage|p1a: Pelipper|76/100|[from] Stealth Rock
|-weather|RainDance|[from] ability: Drizzle|[of] p1a: Pelipper
|
|-weather|RainDance|[upkeep]
|upkeep
|-message|levi6969 forfeited.
|
|win|SpectralStorm
|raw|SpectralStorm's rating: 1317 &rarr; <strong>1337</strong><br />(+20 for winning)
|raw|levi6969's rating: 1310 &rarr; <strong>1290</strong><br />(-20 for losing)
|l|☆levi6969
|player|p2|
|l|☆SpectralStorm
|player|p1|
