|j|☆hungrymane
|j|☆sdgkjshdkf
|t:|1757847650
|gametype|singles
|player|p1|hungrymane|101|1675
|player|p2|sdgkjshdkf|101|1703
|gen|9
|tier|[Gen 9] OU
|rated|
|rule|HP Percentage Mod: HP is shown in percentages
|rule|Endless Battle Clause: Forcing endless battles is banned
|rule|Species Clause: Limit one of each Pokémon
|rule|OHKO Clause: OHKO moves are banned
|rule|Evasion Items Clause: Evasion items are banned
|rule|Evasion Moves Clause: Evasion moves are banned
|rule|Evasion Abilities Clause: Evasion abilities are banned
|rule|Sleep Moves Clause: Sleep-inducing moves are banned
|clearpoke
|poke|p1|Mesprit|
|poke|p1|Zoroark-Hisui, F|
|poke|p1|Thundurus, M|
|poke|p1|Okidogi, M|
|poke|p1|Goodra-Hisui, F|
|poke|p1|Alomomola, F|
|poke|p2|Ribombee, F|
|poke|p2|Gholdengo|
|poke|p2|Dragonite, M|
|poke|p2|Ceruledge, F|
|poke|p2|Great Tusk|
|poke|p2|Kingambit, F|
|teampreview
|
|t:|1757847668
|teamsize|p1|6
|teamsize|p2|6
|start
|switch|p1a: Big bad wolf?|Thundurus, M|100/100
|switch|p2a: Ribombee|Ribombee, F|100/100
|turn|1
|j| Jokke58
|j| Disscratch
|
|t:|1757847673
|move|p1a: Big bad wolf?|Thunder Wave|p2a: Ribombee
|-status|p2a: Ribombee|par
|cant|p2a: Ribombee|par
|
|upkeep
|turn|2
|
|t:|1757847679
|move|p1a: Big bad wolf?|Tera Blast|p2a: Ribombee
|-damage|p2a: Ribombee|67/100 par
|move|p2a: Ribombee|Sticky Web|p1a: Big bad wolf?
|-sidestart|p1: hungrymane|move: Sticky Web
|
|upkeep
|turn|3
|
|t:|1757847684
|move|p1a: Big bad wolf?|Tera Blast|p2a: Ribombee
|-damage|p2a: Ribombee|37/100 par
|cant|p2a: Ribombee|par
|
|upkeep
|turn|4
|
|t:|1757847688
|move|p1a: Big bad wolf?|Tera Blast|p2a: Ribombee
|-damage|p2a: Ribombee|5/100 par
|move|p2a: Ribombee|Psychic Noise|p1a: Big bad wolf?
|-crit|p1a: Big bad wolf?
|-damage|p1a: Big bad wolf?|74/100
|-start|p1a: Big bad wolf?|move: Heal Block
|
|upkeep
|turn|5
|
|t:|1757847693
|move|p1a: Big bad wolf?|Tera Blast|p2a: Ribombee
|-damage|p2a: Ribombee|0 fnt
|faint|p2a: Ribombee
|
|-end|p1a: Big bad wolf?|move: Heal Block
|upkeep
|
|t:|1757847697
|switch|p2a: Kingambit|Kingambit, F|100/100
|turn|6
|
|t:|1757847701
|move|p1a: Big bad wolf?|Volt Switch|p2a: Kingambit
|-damage|p2a: Kingambit|65/100
|
|t:|1757847702
|switch|p1a: Whos afraid of the|Mesprit|100/100|[from] Volt Switch
|move|p2a: Kingambit|Kowtow Cleave|p1a: Whos afraid of the
|-supereffective|p1a: Whos afraid of the
|-damage|p1a: Whos afraid of the|32/100
|
|-heal|p2a: Kingambit|71/100|[from] item: Leftovers
|upkeep
|turn|7
|
|t:|1757847707
|move|p1a: Whos afraid of the|Stealth Rock|p2a: Kingambit
|-sidestart|p2: sdgkjshdkf|move: Stealth Rock
|move|p2a: Kingambit|Kowtow Cleave|p1a: Whos afraid of the
|-supereffective|p1a: Whos afraid of the
|-damage|p1a: Whos afraid of the|0 fnt
|faint|p1a: Whos afraid of the
|
|-heal|p2a: Kingambit|77/100|[from] item: Leftovers
|upkeep
|
|t:|1757847710
|switch|p1a: I aint afraid of a|Okidogi, M|100/100
|turn|8
|
|t:|1757847715
|switch|p2a: Great Tusk|Great Tusk|100/100
|-damage|p2a: Great Tusk|98/100|[from] Stealth Rock
|-enditem|p2a: Great Tusk|Booster Energy
|-activate|p2a: Great Tusk|ability: Protosynthesis|[fromitem]
|-start|p2a: Great Tusk|protosynthesisspe
|move|p1a: I aint afraid of a|Poison Fang|p2a: Great Tusk
|-resisted|p2a: Great Tusk
|-damage|p2a: Great Tusk|90/100
|-status|p2a: Great Tusk|tox
|
|-damage|p2a: Great Tusk|84/100 tox|[from] psn
|upkeep
|turn|9
|
|t:|1757847725
|switch|p1a: Big bad wolf.|Goodra-Hisui, F|100/100
|move|p2a: Great Tusk|Rapid Spin|p1a: Big bad wolf.
|-immune|p1a: Big bad wolf.
|
|-damage|p2a: Great Tusk|71/100 tox|[from] psn
|upkeep
|turn|10
|
|t:|1757847733
|-terastallize|p1a: Big bad wolf.|Fighting
|move|p2a: Great Tusk|Headlong Rush|p1a: Big bad wolf.
|-damage|p1a: Big bad wolf.|0 fnt
|-unboost|p2a: Great Tusk|def|1
|-unboost|p2a: Great Tusk|spd|1
|replace|p1a: The big bad wolf?|Zoroark-Hisui, F
|-end|p1a: The big bad wolf?|Illusion
|faint|p1a: The big bad wolf?
|
|-damage|p2a: Great Tusk|53/100 tox|[from] psn
|upkeep
|
|t:|1757847739
|switch|p1a: Tuteetudleetutu|Alomomola, F|100/100
|turn|11
|
|t:|1757847744
|move|p1a: Tuteetudleetutu|Protect|p1a: Tuteetudleetutu
|-singleturn|p1a: Tuteetudleetutu|Protect
|move|p2a: Great Tusk|Rapid Spin|p1a: Tuteetudleetutu
|-activate|p1a: Tuteetudleetutu|move: Protect
|
|-damage|p2a: Great Tusk|28/100 tox|[from] psn
|upkeep
|turn|12
|
|t:|1757847746
|move|p1a: Tuteetudleetutu|Protect||[still]
|-fail|p1a: Tuteetudleetutu
|move|p2a: Great Tusk|Rapid Spin|p1a: Tuteetudleetutu
|-damage|p1a: Tuteetudleetutu|91/100
|-boost|p2a: Great Tusk|spe|1
|-sideend|p2: sdgkjshdkf|Stealth Rock|[from] move: Rapid Spin|[of] p2a: Great Tusk
|
|-damage|p2a: Great Tusk|0 fnt|[from] psn
|faint|p2a: Great Tusk
|-end|p2a: Great Tusk|Protosynthesis|[silent]
|upkeep
|
|t:|1757847751
|switch|p2a: Kingambit|Kingambit, F|77/100
|turn|13
|
|t:|1757847755
|move|p2a: Kingambit|Kowtow Cleave|p1a: Tuteetudleetutu
|-damage|p1a: Tuteetudleetutu|58/100
|move|p1a: Tuteetudleetutu|Flip Turn|p2a: Kingambit
|-damage|p2a: Kingambit|65/100
|
|t:|1757847759
|switch|p1a: I aint afraid of a|Okidogi, M|100/100|[from] Flip Turn
|
|-heal|p2a: Kingambit|71/100|[from] item: Leftovers
|upkeep
|turn|14
|
|t:|1757847771
|switch|p2a: Gholdengo|Gholdengo|100/100
|-item|p2a: Gholdengo|Air Balloon
|move|p1a: I aint afraid of a|Knock Off|p2a: Gholdengo
|-supereffective|p2a: Gholdengo
|-damage|p2a: Gholdengo|36/100
|-enditem|p2a: Gholdengo|Air Balloon
|
|upkeep
|turn|15
|
|t:|1757847775
|switch|p1a: Big bad wolf?|Thundurus, M|74/100
|move|p2a: Gholdengo|Dazzling Gleam|p1a: Big bad wolf?
|-damage|p1a: Big bad wolf?|39/100
|
|upkeep
|turn|16
|
|t:|1757847782
|switch|p2a: Kingambit|Kingambit, F|71/100
|move|p1a: Big bad wolf?|Volt Switch|p2a: Kingambit
|-damage|p2a: Kingambit|39/100
|
|t:|1757847784
|switch|p1a: I aint afraid of a|Okidogi, M|100/100|[from] Volt Switch
|
|-heal|p2a: Kingambit|45/100|[from] item: Leftovers
|upkeep
|turn|17
|
|t:|1757847788
|move|p2a: Kingambit|Sucker Punch|p1a: I aint afraid of a
|-resisted|p1a: I aint afraid of a
|-damage|p1a: I aint afraid of a|83/100
|move|p1a: I aint afraid of a|High Horsepower|p2a: Kingambit
|-supereffective|p2a: Kingambit
|-damage|p2a: Kingambit|0 fnt
|faint|p2a: Kingambit
|
|upkeep
|
|t:|1757847791
|switch|p2a: Gholdengo|Gholdengo|36/100
|turn|18
|
|t:|1757847795
|switch|p1a: Tuteetudleetutu|Alomomola, F|91/100
|move|p2a: Gholdengo|Shadow Ball|p1a: Tuteetudleetutu
|-damage|p1a: Tuteetudleetutu|56/100
|
|upkeep
|turn|19
|
|t:|1757847798
|move|p2a: Gholdengo|Nasty Plot|p2a: Gholdengo
|-boost|p2a: Gholdengo|spa|2
|move|p1a: Tuteetudleetutu|Flip Turn|p2a: Gholdengo
|-damage|p2a: Gholdengo|21/100
|
|t:|1757847800
|switch|p1a: Big bad wolf?|Thundurus, M|39/100|[from] Flip Turn
|
|upkeep
|turn|20
|
|t:|1757847803
|move|p1a: Big bad wolf?|Volt Switch|p2a: Gholdengo
|-damage|p2a: Gholdengo|0 fnt
|faint|p2a: Gholdengo
|
|t:|1757847817
|switch|p1a: Tuteetudleetutu|Alomomola, F|90/100|[from] Volt Switch
|
|upkeep
|
|t:|1757847821
|switch|p2a: Ceruledge|Ceruledge, F|100/100
|turn|21
|
|t:|1757847825
|move|p2a: Ceruledge|Swords Dance|p2a: Ceruledge
|-boost|p2a: Ceruledge|atk|2
|move|p1a: Tuteetudleetutu|Flip Turn|p2a: Ceruledge
|-supereffective|p2a: Ceruledge
|-damage|p2a: Ceruledge|61/100
|-ability|p2a: Ceruledge|Weak Armor|boost
|-unboost|p2a: Ceruledge|def|1
|-boost|p2a: Ceruledge|spe|2
|
|t:|1757847827
|switch|p1a: Big bad wolf?|Thundurus, M|39/100|[from] Flip Turn
|
|upkeep
|turn|22
|
|t:|1757847830
|move|p1a: Big bad wolf?|Thunder Wave|p2a: Ceruledge
|-status|p2a: Ceruledge|par
|move|p2a: Ceruledge|Bitter Blade|p1a: Big bad wolf?
|-damage|p1a: Big bad wolf?|0 fnt
|-heal|p2a: Ceruledge|86/100 par|[from] drain|[of] p1a: Big bad wolf?
|faint|p1a: Big bad wolf?
|
|upkeep
|
|t:|1757847834
|switch|p1a: Tuteetudleetutu|Alomomola, F|100/100
|turn|23
|
|t:|1757847837
|cant|p2a: Ceruledge|par
|move|p1a: Tuteetudleetutu|Flip Turn|p2a: Ceruledge
|-supereffective|p2a: Ceruledge
|-damage|p2a: Ceruledge|24/100 par
|-ability|p2a: Ceruledge|Weak Armor|boost
|-unboost|p2a: Ceruledge|def|1
|-boost|p2a: Ceruledge|spe|2
|
|t:|1757847842
|switch|p1a: I aint afraid of a|Okidogi, M|83/100|[from] Flip Turn
|
|upkeep
|turn|24
|
|t:|1757847846
|switch|p1a: Tuteetudleetutu|Alomomola, F|100/100
|move|p2a: Ceruledge|Poltergeist|p1a: Tuteetudleetutu
|-activate|p1a: Tuteetudleetutu|move: Poltergeist|Heavy-Duty Boots
|-damage|p1a: Tuteetudleetutu|21/100
|
|upkeep
|turn|25
|
|t:|1757847851
|switch|p1a: Big bad wolf.|Goodra-Hisui, F|100/100
|move|p2a: Ceruledge|Bitter Blade|p1a: Big bad wolf.
|-damage|p1a: Big bad wolf.|20/100
|-heal|p2a: Ceruledge|74/100 par|[from] drain|[of] p1a: Big bad wolf.
|
|upkeep
|turn|26
|
|t:|1757847857
|move|p2a: Ceruledge|Bitter Blade|p1a: Big bad wolf.
|-damage|p1a: Big bad wolf.|0 fnt
|-heal|p2a: Ceruledge|86/100 par|[from] drain|[of] p1a: Big bad wolf.
|faint|p1a: Big bad wolf.
|
|upkeep
|
|t:|1757847859
|switch|p1a: Tuteetudleetutu|Alomomola, F|55/100
|turn|27
|
|t:|1757847864
|move|p2a: Ceruledge|Poltergeist|p1a: Tuteetudleetutu
|-activate|p1a: Tuteetudleetutu|move: Poltergeist|Heavy-Duty Boots
|-damage|p1a: Tuteetudleetutu|0 fnt
|faint|p1a: Tuteetudleetutu
|
|upkeep
|
|t:|1757847866
|switch|p1a: I aint afraid of a|Okidogi, M|83/100
|turn|28
|
|t:|1757847874
|cant|p2a: Ceruledge|par
|move|p1a: I aint afraid of a|Knock Off|p2a: Ceruledge
|-supereffective|p2a: Ceruledge
|-damage|p2a: Ceruledge|0 fnt
|-enditem|p2a: Ceruledge|Focus Sash|[from] move: Knock Off|[of] p1a: I aint afraid of a
|faint|p2a: Ceruledge
|
|upkeep
|
|t:|1757847878
|switch|p2a: Dragonite|Dragonite, M|100/100
|turn|29
|
|t:|1757847883
|move|p1a: I aint afraid of a|Poison Fang|p2a: Dragonite
|-damage|p2a: Dragonite|91/100
|-status|p2a: Dragonite|tox|[from] ability: Toxic Chain|[of] p1a: I aint afraid of a
|move|p2a: Dragonite|Earthquake|p1a: I aint afraid of a
|-supereffective|p1a: I aint afraid of a
|-damage|p1a: I aint afraid of a|19/100
|
|-damage|p2a: Dragonite|85/100 tox|[from] psn
|upkeep
|turn|30
|
|t:|1757847889
|-terastallize|p2a: Dragonite|Normal
|move|p2a: Dragonite|Extreme Speed|p1a: I aint afraid of a
|-damage|p1a: I aint afraid of a|0 fnt
|faint|p1a: I aint afraid of a
|
|win|sdgkjshdkf
|raw|hungrymane's rating: 1675 &rarr; <strong>1657</strong><br />(-18 for losing)
|raw|sdgkjshdkf's rating: 1703 &rarr; <strong>1721</strong><br />(+18 for winning)
|l|☆hungrymane
|player|p1|
|l|☆sdgkjshdkf
|player|p2|
|l| Jokke58
