|j|☆KingKaido107
|j|☆e3720
|t:|1757897633
|gametype|singles
|player|p1|KingKaido107|dragontamer-gen6|1776
|player|p2|e3720|2|1756
|gen|9
|tier|[Gen 9] OU
|rated|
|rule|HP Percentage Mod: HP is shown in percentages
|rule|Endless Battle Clause: Forcing endless battles is banned
|rule|Species Clause: Limit one of each Pokémon
|rule|OHKO Clause: OHKO moves are banned
|rule|Evasion Items Clause: Evasion items are banned
|rule|Evasion Moves Clause: Evasion moves are banned
|rule|Evasion Abilities Clause: Evasion abilities are banned
|rule|Sleep Moves Clause: Sleep-inducing moves are banned
|clearpoke
|poke|p1|Slowking-Galar, F|
|poke|p1|Kyurem|
|poke|p1|Cinderace, M|
|poke|p1|Tornadus-Therian, M|
|poke|p1|Hydrapple, M|
|poke|p1|Kingambit, F|
|poke|p2|Pincurchin, M|
|poke|p2|Iron Valiant|
|poke|p2|Iron Treads|
|poke|p2|Raging Bolt|
|poke|p2|Hawlucha, M|
|poke|p2|Pecharunt|
|teampreview
|inactive|Battle timer is ON: inactive players will automatically lose when time's up. (requested by KingKaido107)
|j| desarmasangra
|inactive|e3720 has 120 seconds left.
|
|t:|1757897669
|teamsize|p1|6
|teamsize|p2|6
|start
|switch|p1a: Thieving Drunk|Tornadus-Therian, M|100/100
|switch|p2a: Iron Valiant|Iron Valiant|100/100
|turn|1
|j| Jey2
|inactive|KingKaido107 has 120 seconds left.
|inactive|KingKaido107 has 90 seconds left.
|l| desarmasangra
|inactive|KingKaido107 has 60 seconds left.
|inactive|KingKaido107 has 30 seconds left.
|
|t:|1757897794
|-end|p2a: Iron Valiant|Quark Drive|[silent]
|switch|p2a: Pincurchin|Pincurchin, M|100/100
|-fieldstart|move: Electric Terrain|[from] ability: Electric Surge|[of] p2a: Pincurchin
|move|p1a: Thieving Drunk|Bleakwind Storm|p2a: Pincurchin
|-resisted|p2a: Pincurchin
|-damage|p2a: Pincurchin|77/100
|
|upkeep
|turn|2
|
|t:|1757897818
|move|p1a: Thieving Drunk|Knock Off|p2a: Pincurchin
|-damage|p2a: Pincurchin|60/100
|-enditem|p2a: Pincurchin|Terrain Extender|[from] move: Knock Off|[of] p1a: Thieving Drunk
|move|p2a: Pincurchin|Spikes|p1a: Thieving Drunk
|-sidestart|p1: KingKaido107|Spikes
|
|upkeep
|turn|3
|
|t:|1757897822
|move|p1a: Thieving Drunk|Taunt|p2a: Pincurchin
|-start|p2a: Pincurchin|move: Taunt
|move|p2a: Pincurchin|Discharge|p1a: Thieving Drunk
|-supereffective|p1a: Thieving Drunk
|-damage|p1a: Thieving Drunk|36/100
|
|upkeep
|turn|4
|inactive|e3720 has 120 seconds left.
|
|t:|1757897861
|switch|p2a: Iron Valiant|Iron Valiant|100/100
|-activate|p2a: Iron Valiant|ability: Quark Drive
|-start|p2a: Iron Valiant|quarkdrivespe
|move|p1a: Thieving Drunk|U-turn|p2a: Iron Valiant
|-resisted|p2a: Iron Valiant
|-damage|p2a: Iron Valiant|96/100
|
|t:|1757897864
|switch|p1a: Depressed Drunk|Slowking-Galar, F|100/100|[from] U-turn
|-damage|p1a: Depressed Drunk|88/100|[from] Spikes
|
|upkeep
|turn|5
|inactive|e3720 has 120 seconds left.
|
|t:|1757897885
|-end|p2a: Iron Valiant|Quark Drive|[silent]
|switch|p2a: Iron Treads|Iron Treads|100/100
|-item|p2a: Iron Treads|Air Balloon
|-activate|p2a: Iron Treads|ability: Quark Drive
|-start|p2a: Iron Treads|quarkdrivespe
|move|p1a: Depressed Drunk|Sludge Bomb|p2a: Iron Treads
|-immune|p2a: Iron Treads
|
|upkeep
|turn|6
|
|t:|1757897902
|move|p2a: Iron Treads|Stealth Rock|p1a: Depressed Drunk
|-sidestart|p1: KingKaido107|move: Stealth Rock
|-prepare|p1a: Depressed Drunk|Chilly Reception|[premajor]
|move|p1a: Depressed Drunk|Chilly Reception|p1a: Depressed Drunk
|-weather|Snowscape
|
|t:|1757897907
|switch|p1a: Thieving Drunk|Tornadus-Therian, M|70/100|[from] Chilly Reception
|
|-weather|Snowscape|[upkeep]
|upkeep
|turn|7
|
|t:|1757897916
|switch|p1a: Laughing Drunk|Hydrapple, M|100/100
|-damage|p1a: Laughing Drunk|88/100|[from] Spikes
|-damage|p1a: Laughing Drunk|76/100|[from] Stealth Rock
|move|p2a: Iron Treads|Steel Beam|p1a: Laughing Drunk
|-damage|p1a: Laughing Drunk|20/100
|-damage|p2a: Iron Treads|50/100|[from] steelbeam
|
|-weather|Snowscape|[upkeep]
|upkeep
|turn|8
|inactive|e3720 has 120 seconds left.
|
|t:|1757897938
|-end|p2a: Iron Treads|Quark Drive|[silent]
|switch|p2a: Raging Bolt|Raging Bolt|100/100
|switch|p1a: Thieving Drunk|Tornadus-Therian, M|100/100
|
|-weather|Snowscape|[upkeep]
|-fieldend|move: Electric Terrain
|upkeep
|turn|9
|
|t:|1757897948
|move|p2a: Raging Bolt|Volt Switch|p1a: Thieving Drunk
|-supereffective|p1a: Thieving Drunk
|-damage|p1a: Thieving Drunk|29/100
|
|t:|1757897951
|-end|p2a: Raging Bolt|Protosynthesis|[silent]
|switch|p2a: Pincurchin|Pincurchin, M|60/100|[from] Volt Switch
|-fieldstart|move: Electric Terrain|[from] ability: Electric Surge|[of] p2a: Pincurchin
|move|p1a: Thieving Drunk|Knock Off|p2a: Pincurchin
|-damage|p2a: Pincurchin|47/100
|
|-weather|Snowscape|[upkeep]
|upkeep
|turn|10
|inactive|e3720 has 90 seconds left.
|
|t:|1757897995
|switch|p2a: Iron Treads|Iron Treads|50/100
|-item|p2a: Iron Treads|Air Balloon
|-activate|p2a: Iron Treads|ability: Quark Drive
|-start|p2a: Iron Treads|quarkdrivespe
|move|p1a: Thieving Drunk|Knock Off|p2a: Iron Treads
|-damage|p2a: Iron Treads|33/100
|-enditem|p2a: Iron Treads|Air Balloon
|
|-weather|none
|upkeep
|turn|11
|inactive|KingKaido107 has 120 seconds left.
|
|t:|1757898009
|move|p2a: Iron Treads|Earth Power|p1a: Thieving Drunk
|-immune|p1a: Thieving Drunk
|move|p1a: Thieving Drunk|U-turn|p2a: Iron Treads
|-resisted|p2a: Iron Treads
|-damage|p2a: Iron Treads|26/100
|
|t:|1757898011
|switch|p1a: Boro Breath|Cinderace, M|100/100|[from] U-turn
|
|upkeep
|turn|12
|
|t:|1757898015
|switch|p1a: Thieving Drunk|Tornadus-Therian, M|62/100
|move|p2a: Iron Treads|Steel Beam|p1a: Thieving Drunk|[miss]
|-miss|p2a: Iron Treads|p1a: Thieving Drunk
|-damage|p2a: Iron Treads|0 fnt|[from] steelbeam
|faint|p2a: Iron Treads
|-end|p2a: Iron Treads|Quark Drive|[silent]
|
|upkeep
|
|t:|1757898025
|switch|p2a: Raging Bolt|Raging Bolt|100/100
|turn|13
|
|t:|1757898029
|move|p2a: Raging Bolt|Rising Voltage|p1a: Thieving Drunk
|-supereffective|p1a: Thieving Drunk
|-damage|p1a: Thieving Drunk|0 fnt
|faint|p1a: Thieving Drunk
|
|-fieldend|move: Electric Terrain
|upkeep
|
|t:|1757898033
|switch|p1a: Boro Breath|Cinderace, M|100/100
|turn|14
|
|t:|1757898039
|move|p2a: Raging Bolt|Rising Voltage|p1a: Boro Breath
|-damage|p1a: Boro Breath|47/100
|move|p1a: Boro Breath|Court Change|p1a: Boro Breath
|-start|p1a: Boro Breath|typechange|Normal|[from] ability: Libero
|-swapsideconditions
|-activate|p1a: Boro Breath|move: Court Change
|
|upkeep
|turn|15
|inactive|e3720 has 120 seconds left.
|
|t:|1757898060
|-end|p2a: Raging Bolt|Protosynthesis|[silent]
|switch|p2a: Iron Valiant|Iron Valiant|96/100
|-damage|p2a: Iron Valiant|83/100|[from] Spikes
|-damage|p2a: Iron Valiant|77/100|[from] Stealth Rock
|switch|p1a: Laughing Drunk|Hydrapple, M|53/100
|
|upkeep
|turn|16
|
|t:|1757898064
|switch|p1a: Depressed Drunk|Slowking-Galar, F|100/100
|move|p2a: Iron Valiant|Swords Dance|p2a: Iron Valiant
|-boost|p2a: Iron Valiant|atk|2
|
|upkeep
|turn|17
|
|t:|1757898065
|move|p2a: Iron Valiant|Knock Off|p1a: Depressed Drunk
|-supereffective|p1a: Depressed Drunk
|-enditem|p1a: Depressed Drunk|Colbur Berry|[eat]
|-enditem|p1a: Depressed Drunk|Colbur Berry|[weaken]
|-damage|p1a: Depressed Drunk|52/100
|move|p1a: Depressed Drunk|Sludge Bomb|p2a: Iron Valiant
|-supereffective|p2a: Iron Valiant
|-damage|p2a: Iron Valiant|0 fnt
|faint|p2a: Iron Valiant
|-end|p2a: Iron Valiant|Quark Drive|[silent]
|
|upkeep
|inactive|e3720 has 120 seconds left.
|inactive|e3720 has 90 seconds left.
|
|t:|1757898105
|switch|p2a: Raging Bolt|Raging Bolt|100/100
|-damage|p2a: Raging Bolt|88/100|[from] Spikes
|-damage|p2a: Raging Bolt|75/100|[from] Stealth Rock
|turn|18
|
|t:|1757898112
|switch|p1a: Boro Breath|Cinderace, M|47/100
|move|p2a: Raging Bolt|Draco Meteor|p1a: Boro Breath
|-damage|p1a: Boro Breath|0 fnt
|-unboost|p2a: Raging Bolt|spa|2
|faint|p1a: Boro Breath
|
|upkeep
|
|t:|1757898115
|switch|p1a: Depressed Drunk|Slowking-Galar, F|86/100
|turn|19
|
|t:|1757898131
|-end|p2a: Raging Bolt|Protosynthesis|[silent]
|switch|p2a: Pecharunt|Pecharunt|100/100
|-damage|p2a: Pecharunt|88/100|[from] Stealth Rock
|-item|p2a: Pecharunt|Air Balloon
|-prepare|p1a: Depressed Drunk|Chilly Reception|[premajor]
|move|p1a: Depressed Drunk|Chilly Reception|p1a: Depressed Drunk
|-weather|Snowscape
|
|t:|1757898142
|switch|p1a: Ragnaraku|Kyurem|100/100|[from] Chilly Reception
|-ability|p1a: Ragnaraku|Pressure
|
|-weather|Snowscape|[upkeep]
|upkeep
|turn|20
|
|t:|1757898155
|move|p2a: Pecharunt|Malignant Chain|p1a: Ragnaraku
|-damage|p1a: Ragnaraku|63/100
|-status|p1a: Ragnaraku|tox
|-start|p1a: Ragnaraku|confusion|[from] ability: Poison Puppeteer|[of] p2a: Pecharunt
|-activate|p1a: Ragnaraku|confusion
|-damage|p1a: Ragnaraku|54/100 tox|[from] confusion
|
|-weather|Snowscape|[upkeep]
|-damage|p1a: Ragnaraku|48/100 tox|[from] psn
|upkeep
|turn|21
|
|t:|1757898171
|switch|p2a: Pincurchin|Pincurchin, M|47/100
|-damage|p2a: Pincurchin|35/100|[from] Spikes
|-damage|p2a: Pincurchin|23/100|[from] Stealth Rock
|-fieldstart|move: Electric Terrain|[from] ability: Electric Surge|[of] p2a: Pincurchin
|switch|p1a: Depressed Drunk|Slowking-Galar, F|100/100
|
|-weather|Snowscape|[upkeep]
|upkeep
|turn|22
|
|t:|1757898183
|move|p1a: Depressed Drunk|Sludge Bomb|p2a: Pincurchin
|-damage|p2a: Pincurchin|0 fnt
|faint|p2a: Pincurchin
|
|-weather|Snowscape|[upkeep]
|upkeep
|
|t:|1757898193
|switch|p2a: Raging Bolt|Raging Bolt|75/100
|-damage|p2a: Raging Bolt|63/100|[from] Spikes
|-damage|p2a: Raging Bolt|50/100|[from] Stealth Rock
|turn|23
|inactive|e3720 has 90 seconds left.
|
|t:|1757898223
|-terastallize|p2a: Raging Bolt|Electric
|move|p2a: Raging Bolt|Rising Voltage|p1a: Depressed Drunk
|-hint|Rising Voltage's BP doubled on grounded target.
|-damage|p1a: Depressed Drunk|3/100
|-prepare|p1a: Depressed Drunk|Chilly Reception|[premajor]
|move|p1a: Depressed Drunk|Chilly Reception|p1a: Depressed Drunk
|
|t:|1757898227
|switch|p1a: Laughing Drunk|Hydrapple, M|86/100|[from] Chilly Reception
|
|-weather|none
|upkeep
|turn|24
|inactive|e3720 has 90 seconds left.
|
|t:|1757898246
|move|p2a: Raging Bolt|Rising Voltage|p1a: Laughing Drunk
|-hint|Rising Voltage's BP doubled on grounded target.
|-resisted|p1a: Laughing Drunk
|-damage|p1a: Laughing Drunk|56/100
|move|p1a: Laughing Drunk|Fickle Beam|p2a: Raging Bolt
|-damage|p2a: Raging Bolt|19/100
|
|upkeep
|turn|25
|
|t:|1757898256
|-end|p2a: Raging Bolt|Protosynthesis|[silent]
|switch|p2a: Hawlucha|Hawlucha, M|100/100
|-damage|p2a: Hawlucha|88/100|[from] Stealth Rock
|-enditem|p2a: Hawlucha|Electric Seed
|-boost|p2a: Hawlucha|def|1|[from] item: Electric Seed
|move|p1a: Laughing Drunk|Fickle Beam|p2a: Hawlucha
|-damage|p2a: Hawlucha|39/100
|
|-fieldend|move: Electric Terrain
|upkeep
|turn|26
|
|t:|1757898272
|move|p2a: Hawlucha|Acrobatics|p1a: Laughing Drunk
|-supereffective|p1a: Laughing Drunk
|-damage|p1a: Laughing Drunk|0 fnt
|-damage|p2a: Hawlucha|23/100|[from] item: Rocky Helmet|[of] p1a: Laughing Drunk
|faint|p1a: Laughing Drunk
|
|upkeep
|
|t:|1757898278
|switch|p1a: Depressed Drunk|Slowking-Galar, F|36/100
|turn|27
|
|t:|1757898285
|move|p2a: Hawlucha|Swords Dance|p2a: Hawlucha
|-boost|p2a: Hawlucha|atk|2
|move|p1a: Depressed Drunk|Ice Beam|p2a: Hawlucha
|-supereffective|p2a: Hawlucha
|-damage|p2a: Hawlucha|0 fnt
|faint|p2a: Hawlucha
|
|upkeep
|
|t:|1757898292
|switch|p2a: Pecharunt|Pecharunt|88/100
|-damage|p2a: Pecharunt|76/100|[from] Stealth Rock
|-item|p2a: Pecharunt|Air Balloon
|turn|28
|
|t:|1757898296
|move|p2a: Pecharunt|Shadow Ball|p1a: Depressed Drunk
|-supereffective|p1a: Depressed Drunk
|-damage|p1a: Depressed Drunk|0 fnt
|faint|p1a: Depressed Drunk
|
|upkeep
|
|t:|1757898299
|switch|p1a: Ragnaraku|Kyurem|48/100 tox
|-ability|p1a: Ragnaraku|Pressure
|turn|29
|inactive|e3720 has 120 seconds left.
|
|t:|1757898318
|move|p2a: Pecharunt|Nasty Plot|p2a: Pecharunt
|-boost|p2a: Pecharunt|spa|2
|move|p1a: Ragnaraku|Draco Meteor|p2a: Pecharunt
|-damage|p2a: Pecharunt|0 fnt
|-unboost|p1a: Ragnaraku|spa|2
|-enditem|p2a: Pecharunt|Air Balloon
|faint|p2a: Pecharunt
|
|-damage|p1a: Ragnaraku|42/100 tox|[from] psn
|upkeep
|
|t:|1757898321
|switch|p2a: Raging Bolt|Raging Bolt, tera:Electric|19/100
|-damage|p2a: Raging Bolt|6/100|[from] Spikes
|-damage|p2a: Raging Bolt|0 fnt|[from] Stealth Rock
|faint|p2a: Raging Bolt
|-end|p2a: Raging Bolt|Protosynthesis|[silent]
|
|win|KingKaido107
|raw|KingKaido107's rating: 1776 &rarr; <strong>1795</strong><br />(+19 for winning)
|raw|e3720's rating: 1756 &rarr; <strong>1737</strong><br />(-19 for losing)
|l|☆KingKaido107
|player|p1|
|l| Jey2
