|j|☆Church of Booty
|j|☆hilopogoman
|t:|1757874397
|gametype|singles
|player|p1|Church of Booty|cynthia-gen4|1072
|player|p2|hilopogoman|2|1068
|gen|9
|tier|[Gen 9] OU
|rated|
|rule|HP Percentage Mod: HP is shown in percentages
|rule|Endless Battle Clause: Forcing endless battles is banned
|rule|Species Clause: Limit one of each Pokémon
|rule|OHKO Clause: OHKO moves are banned
|rule|Evasion Items Clause: Evasion items are banned
|rule|Evasion Moves Clause: Evasion moves are banned
|rule|Evasion Abilities Clause: Evasion abilities are banned
|rule|Sleep Moves Clause: Sleep-inducing moves are banned
|clearpoke
|poke|p1|Chesnaught, M|
|poke|p1|Rillaboom, M|
|poke|p1|Corviknight, M|
|poke|p1|Garchomp, M|
|poke|p1|Sylveon, F|
|poke|p1|Greninja-*, M|
|poke|p2|Walking Wake|
|poke|p2|Zapdos|
|poke|p2|Great Tusk|
|poke|p2|Diancie|
|poke|p2|Zarude-Dada|
|poke|p2|Heatran, F|
|teampreview
|inactive|Battle timer is ON: inactive players will automatically lose when time's up. (requested by Church of Booty)
|
|t:|1757874411
|teamsize|p1|6
|teamsize|p2|6
|start
|switch|p1a: Garchomp|Garchomp, M|100/100
|switch|p2a: Zapdos|Zapdos|100/100
|turn|1
|
|t:|1757874420
|move|p1a: Garchomp|Power Gem|p2a: Zapdos
|-supereffective|p2a: Zapdos
|-damage|p2a: Zapdos|51/100
|-damage|p1a: Garchomp|91/100|[from] item: Life Orb
|move|p2a: Zapdos|Hurricane|p1a: Garchomp
|-damage|p1a: Garchomp|44/100
|
|upkeep
|turn|2
|
|t:|1757874435
|switch|p2a: Great Tusk|Great Tusk|100/100
|move|p1a: Garchomp|Draco Meteor|p2a: Great Tusk
|-crit|p2a: Great Tusk
|-damage|p2a: Great Tusk|0 fnt
|-unboost|p1a: Garchomp|spa|2
|faint|p2a: Great Tusk
|-end|p2a: Great Tusk|Protosynthesis|[silent]
|-damage|p1a: Garchomp|34/100|[from] item: Life Orb
|
|upkeep
|
|t:|1757874442
|switch|p2a: Diancie|Diancie|100/100
|turn|3
|
|t:|1757874457
|move|p1a: Garchomp|Earth Power|p2a: Diancie
|-supereffective|p2a: Diancie
|-damage|p2a: Diancie|70/100
|-damage|p1a: Garchomp|24/100|[from] item: Life Orb
|move|p2a: Diancie|Diamond Storm|p1a: Garchomp|[miss]
|-miss|p2a: Diancie|p1a: Garchomp
|
|-heal|p2a: Diancie|76/100|[from] item: Leftovers
|upkeep
|turn|4
|
|t:|1757874468
|switch|p1a: Rillaboom|Rillaboom, M|100/100
|-fieldstart|move: Grassy Terrain|[from] ability: Grassy Surge|[of] p1a: Rillaboom
|move|p2a: Diancie|Diamond Storm|p1a: Rillaboom
|-damage|p1a: Rillaboom|60/100
|-boost|p2a: Diancie|def|2
|
|-heal|p1a: Rillaboom|66/100|[from] Grassy Terrain
|-heal|p2a: Diancie|82/100|[from] Grassy Terrain
|-heal|p2a: Diancie|88/100|[from] item: Leftovers
|upkeep
|turn|5
|
|t:|1757874481
|move|p1a: Rillaboom|Swords Dance|p1a: Rillaboom
|-boost|p1a: Rillaboom|atk|2
|move|p2a: Diancie|Diamond Storm|p1a: Rillaboom
|-damage|p1a: Rillaboom|24/100
|
|-heal|p1a: Rillaboom|30/100|[from] Grassy Terrain
|-heal|p2a: Diancie|95/100|[from] Grassy Terrain
|-heal|p2a: Diancie|100/100|[from] item: Leftovers
|upkeep
|turn|6
|
|t:|1757874491
|move|p1a: Rillaboom|Drum Beating|p2a: Diancie
|-supereffective|p2a: Diancie
|-damage|p2a: Diancie|24/100
|move|p2a: Diancie|Diamond Storm|p1a: Rillaboom
|-damage|p1a: Rillaboom|0 fnt
|faint|p1a: Rillaboom
|
|-heal|p2a: Diancie|30/100|[from] Grassy Terrain
|-heal|p2a: Diancie|36/100|[from] item: Leftovers
|upkeep
|
|t:|1757874502
|switch|p1a: Chesnaught|Chesnaught, M|100/100
|turn|7
|
|t:|1757874506
|-terastallize|p1a: Chesnaught|Grass
|move|p1a: Chesnaught|Belly Drum|p1a: Chesnaught
|-damage|p1a: Chesnaught|50/100
|-setboost|p1a: Chesnaught|atk|6|[from] move: Belly Drum
|-enditem|p1a: Chesnaught|Sitrus Berry|[eat]
|-heal|p1a: Chesnaught|75/100|[from] item: Sitrus Berry
|move|p2a: Diancie|Play Rough|p1a: Chesnaught
|-damage|p1a: Chesnaught|57/100
|
|-heal|p1a: Chesnaught|63/100|[from] Grassy Terrain
|-heal|p2a: Diancie|42/100|[from] Grassy Terrain
|-heal|p2a: Diancie|49/100|[from] item: Leftovers
|upkeep
|turn|8
|
|t:|1757874521
|-terastallize|p2a: Diancie|Grass
|move|p1a: Chesnaught|Grassy Glide|p2a: Diancie
|-resisted|p2a: Diancie
|-damage|p2a: Diancie|25/100
|move|p2a: Diancie|Body Press|p1a: Chesnaught
|-damage|p1a: Chesnaught|33/100
|
|-heal|p1a: Chesnaught|39/100|[from] Grassy Terrain
|-heal|p2a: Diancie|31/100|[from] Grassy Terrain
|-heal|p2a: Diancie|37/100|[from] item: Leftovers
|upkeep
|turn|9
|
|t:|1757874533
|move|p1a: Chesnaught|Drain Punch|p2a: Diancie
|-damage|p2a: Diancie|0 fnt
|-heal|p1a: Chesnaught|54/100|[from] drain|[of] p2a: Diancie
|faint|p2a: Diancie
|
|-heal|p1a: Chesnaught|60/100|[from] Grassy Terrain
|upkeep
|
|t:|1757874545
|switch|p2a: Heatran|Heatran, F|100/100
|turn|10
|
|t:|1757874553
|switch|p2a: Zapdos|Zapdos|51/100
|move|p1a: Chesnaught|Drain Punch|p2a: Zapdos
|-resisted|p2a: Zapdos
|-damage|p2a: Zapdos|12/100
|-heal|p1a: Chesnaught|80/100|[from] drain|[of] p2a: Zapdos
|-status|p1a: Chesnaught|par|[from] ability: Static|[of] p2a: Zapdos
|
|-heal|p1a: Chesnaught|86/100 par|[from] Grassy Terrain
|upkeep
|turn|11
|
|t:|1757874564
|move|p1a: Chesnaught|Grassy Glide|p2a: Zapdos
|-resisted|p2a: Zapdos
|-damage|p2a: Zapdos|0 fnt
|faint|p2a: Zapdos
|
|-heal|p1a: Chesnaught|92/100 par|[from] Grassy Terrain
|-fieldend|move: Grassy Terrain
|upkeep
|
|t:|1757874568
|switch|p2a: Heatran|Heatran, F|100/100
|turn|12
|
|t:|1757874575
|move|p2a: Heatran|Magma Storm|p1a: Chesnaught
|-supereffective|p1a: Chesnaught
|-damage|p1a: Chesnaught|0 fnt
|faint|p1a: Chesnaught
|
|upkeep
|
|t:|1757874582
|switch|p1a: Garchomp|Garchomp, M|24/100
|turn|13
|
|t:|1757874590
|switch|p2a: Zarude|Zarude-Dada|100/100
|move|p1a: Garchomp|Draco Meteor|p2a: Zarude
|-damage|p2a: Zarude|40/100
|-unboost|p1a: Garchomp|spa|2
|-damage|p1a: Garchomp|14/100|[from] item: Life Orb
|
|upkeep
|turn|14
|
|t:|1757874603
|move|p2a: Zarude|Knock Off|p1a: Garchomp
|-crit|p1a: Garchomp
|-damage|p1a: Garchomp|0 fnt
|-damage|p2a: Zarude|28/100|[from] ability: Rough Skin|[of] p1a: Garchomp
|-enditem|p1a: Garchomp|Life Orb|[from] move: Knock Off|[of] p2a: Zarude
|faint|p1a: Garchomp
|
|upkeep
|
|t:|1757874612
|switch|p1a: Greninja|Greninja, M|100/100
|turn|15
|
|t:|1757874624
|switch|p2a: Walking Wake|Walking Wake|100/100
|move|p1a: Greninja|Ice Beam|p2a: Walking Wake
|-damage|p2a: Walking Wake|67/100
|
|upkeep
|turn|16
|
|t:|1757874641
|move|p1a: Greninja|Dark Pulse|p2a: Walking Wake
|-damage|p2a: Walking Wake|22/100
|move|p2a: Walking Wake|Surf|p1a: Greninja
|-resisted|p1a: Greninja
|-damage|p1a: Greninja|47/100
|
|upkeep
|turn|17
|
|t:|1757874665
|move|p1a: Greninja|Dark Pulse|p2a: Walking Wake
|-damage|p2a: Walking Wake|0 fnt
|faint|p2a: Walking Wake
|-end|p2a: Walking Wake|Protosynthesis|[silent]
|-ability|p1a: Greninja|Battle Bond|boost
|-boost|p1a: Greninja|atk|1
|-boost|p1a: Greninja|spa|1
|-boost|p1a: Greninja|spe|1
|-activate|p1a: Greninja|ability: Battle Bond
|
|upkeep
|
|t:|1757874667
|switch|p2a: Zarude|Zarude-Dada|28/100
|turn|18
|
|t:|1757874680
|move|p1a: Greninja|Ice Beam|p2a: Zarude
|-supereffective|p2a: Zarude
|-crit|p2a: Zarude
|-damage|p2a: Zarude|0 fnt
|faint|p2a: Zarude
|
|upkeep
|-message|hilopogoman forfeited.
|
|win|Church of Booty
|raw|Church of Booty's rating: 1072 &rarr; <strong>1101</strong><br />(+29 for winning)
|raw|hilopogoman's rating: 1068 &rarr; <strong>1048</strong><br />(-20 for losing)
|l|☆hilopogoman
|player|p2|
