|j|☆ArceusSpammer2000
|j|☆YumeKasumi76
|t:|1757954901
|gametype|singles
|player|p1|ArceusSpammer2000|skyla|1387
|player|p2|YumeKasumi76|102|1457
|gen|9
|tier|[Gen 9] OU
|rated|
|rule|HP Percentage Mod: HP is shown in percentages
|rule|Endless Battle Clause: Forcing endless battles is banned
|rule|Species Clause: Limit one of each Pokémon
|rule|OHKO Clause: OHKO moves are banned
|rule|Evasion Items Clause: Evasion items are banned
|rule|Evasion Moves Clause: Evasion moves are banned
|rule|Evasion Abilities Clause: Evasion abilities are banned
|rule|Sleep Moves Clause: Sleep-inducing moves are banned
|clearpoke
|poke|p1|Ceruledge, F|
|poke|p1|Torkoal, M|
|poke|p1|Volcanion|
|poke|p1|Blaziken, F|
|poke|p1|Heatran, F|
|poke|p1|Arcanine-Hisui, M|
|poke|p2|Pincurchin, F|
|poke|p2|Drifblim, M|
|poke|p2|Iron Thorns|
|poke|p2|Iron Moth|
|poke|p2|Iron Leaves|
|poke|p2|Iron Valiant|
|teampreview
|inactive|Battle timer is ON: inactive players will automatically lose when time's up. (requested by ArceusSpammer2000)
|
|t:|1757954913
|teamsize|p1|6
|teamsize|p2|6
|start
|switch|p1a: Torkoal|Torkoal, M|100/100
|switch|p2a: Sparkpoop|Pincurchin, F|100/100
|-weather|SunnyDay|[from] ability: Drought|[of] p1a: Torkoal
|-fieldstart|move: Electric Terrain|[from] ability: Electric Surge|[of] p2a: Sparkpoop
|turn|1
|
|t:|1757954916
|move|p1a: Torkoal|Earth Power|p2a: Sparkpoop
|-supereffective|p2a: Sparkpoop
|-damage|p2a: Sparkpoop|27/100
|move|p2a: Sparkpoop|Spikes|p1a: Torkoal
|-sidestart|p1: ArceusSpammer2000|Spikes
|
|-weather|SunnyDay|[upkeep]
|upkeep
|turn|2
|
|t:|1757954923
|switch|p2a: Venator|Iron Valiant|100/100
|-activate|p2a: Venator|ability: Quark Drive
|-start|p2a: Venator|quarkdrivespe
|move|p1a: Torkoal|Rapid Spin|p2a: Venator
|-damage|p2a: Venator|88/100
|-boost|p1a: Torkoal|spe|1
|-sideend|p1: ArceusSpammer2000|Spikes|[from] move: Rapid Spin|[of] p1a: Torkoal
|
|-weather|SunnyDay|[upkeep]
|upkeep
|turn|3
|
|t:|1757954932
|move|p2a: Venator|Knock Off|p1a: Torkoal
|-damage|p1a: Torkoal|80/100
|-enditem|p1a: Torkoal|Heat Rock|[from] move: Knock Off|[of] p2a: Venator
|move|p1a: Torkoal|Clear Smog|p2a: Venator
|-supereffective|p2a: Venator
|-damage|p2a: Venator|28/100
|-clearboost|p2a: Venator
|
|-weather|SunnyDay|[upkeep]
|upkeep
|turn|4
|
|t:|1757954939
|move|p2a: Venator|Destiny Bond|p2a: Venator
|-singlemove|p2a: Venator|Destiny Bond
|move|p1a: Torkoal|Weather Ball|p2a: Venator
|-damage|p2a: Venator|0 fnt
|faint|p2a: Venator
|-activate|p2a: Venator|move: Destiny Bond
|-end|p2a: Venator|Quark Drive|[silent]
|faint|p1a: Torkoal
|
|-weather|SunnyDay|[upkeep]
|upkeep
|
|t:|1757954944
|switch|p2a: Togenashi|Iron Thorns|100/100
|switch|p1a: Fire gym 1|Ceruledge, F|100/100
|-activate|p2a: Togenashi|ability: Quark Drive
|-start|p2a: Togenashi|quarkdriveatk
|turn|5
|
|t:|1757954949
|move|p1a: Fire gym 1|Solar Blade||[still]
|-prepare|p1a: Fire gym 1|Solar Blade
|-anim|p1a: Fire gym 1|Solar Blade|p2a: Togenashi
|-supereffective|p2a: Togenashi
|-damage|p2a: Togenashi|29/100
|move|p2a: Togenashi|Rock Blast|p1a: Fire gym 1
|-supereffective|p1a: Fire gym 1
|-damage|p1a: Fire gym 1|48/100
|-ability|p1a: Fire gym 1|Weak Armor|boost
|-unboost|p1a: Fire gym 1|def|1
|-boost|p1a: Fire gym 1|spe|2
|-supereffective|p1a: Fire gym 1
|-damage|p1a: Fire gym 1|0 fnt
|faint|p1a: Fire gym 1
|-hitcount|p1: Fire gym 1|2
|
|-weather|SunnyDay|[upkeep]
|upkeep
|
|t:|1757954957
|switch|p1a: Fire gym 5|Blaziken, F|100/100
|turn|6
|
|t:|1757954961
|move|p1a: Fire gym 5|Brick Break|p2a: Togenashi
|-supereffective|p2a: Togenashi
|-damage|p2a: Togenashi|0 fnt
|faint|p2a: Togenashi
|-end|p2a: Togenashi|Quark Drive|[silent]
|
|-weather|SunnyDay|[upkeep]
|-ability|p1a: Fire gym 5|Speed Boost|boost
|-boost|p1a: Fire gym 5|spe|1
|upkeep
|
|t:|1757954965
|switch|p2a: Satelight|Iron Moth|100/100
|-activate|p2a: Satelight|ability: Quark Drive
|-start|p2a: Satelight|quarkdrivespe
|turn|7
|
|t:|1757954971
|move|p2a: Satelight|Toxic Spikes|p1a: Fire gym 5
|-sidestart|p1: ArceusSpammer2000|move: Toxic Spikes
|move|p1a: Fire gym 5|Swords Dance|p1a: Fire gym 5
|-boost|p1a: Fire gym 5|atk|2
|
|-weather|SunnyDay|[upkeep]
|-ability|p1a: Fire gym 5|Speed Boost|boost
|-boost|p1a: Fire gym 5|spe|1
|upkeep
|turn|8
|
|t:|1757954979
|move|p2a: Satelight|Sludge Wave|p1a: Fire gym 5
|-damage|p1a: Fire gym 5|28/100
|move|p1a: Fire gym 5|Blaze Kick|p2a: Satelight
|-resisted|p2a: Satelight
|-crit|p2a: Satelight
|-damage|p2a: Satelight|0 fnt
|faint|p2a: Satelight
|-end|p2a: Satelight|Quark Drive|[silent]
|
|-weather|none
|-fieldend|move: Electric Terrain
|-ability|p1a: Fire gym 5|Speed Boost|boost
|-boost|p1a: Fire gym 5|spe|1
|upkeep
|
|t:|1757954985
|switch|p2a: Sparkpoop|Pincurchin, F|27/100
|-fieldstart|move: Electric Terrain|[from] ability: Electric Surge|[of] p2a: Sparkpoop
|turn|9
|
|t:|1757954991
|move|p1a: Fire gym 5|Brick Break|p2a: Sparkpoop
|-damage|p2a: Sparkpoop|0 fnt
|faint|p2a: Sparkpoop
|
|-ability|p1a: Fire gym 5|Speed Boost|boost
|-boost|p1a: Fire gym 5|spe|1
|upkeep
|
|t:|1757954994
|switch|p2a: Balonelli|Drifblim, M|100/100
|-enditem|p2a: Balonelli|Electric Seed
|-boost|p2a: Balonelli|def|1|[from] item: Electric Seed
|turn|10
|
|t:|1757955003
|move|p1a: Fire gym 5|Blaze Kick|p2a: Balonelli
|-damage|p2a: Balonelli|37/100
|move|p2a: Balonelli|Hex|p1a: Fire gym 5
|-damage|p1a: Fire gym 5|0 fnt
|faint|p1a: Fire gym 5
|
|upkeep
|
|t:|1757955013
|switch|p1a: Fire gym 6|Arcanine-Hisui, M|100/100
|-status|p1a: Fire gym 6|psn
|turn|11
|
|t:|1757955023
|move|p1a: Fire gym 6|Flare Blitz|p2a: Balonelli
|-damage|p2a: Balonelli|0 fnt
|faint|p2a: Balonelli
|
|-damage|p1a: Fire gym 6|88/100 psn|[from] psn
|upkeep
|
|t:|1757955025
|switch|p2a: Hammerhead|Iron Leaves|100/100
|-activate|p2a: Hammerhead|ability: Quark Drive
|-start|p2a: Hammerhead|quarkdrivespe
|turn|12
|
|t:|1757955030
|move|p2a: Hammerhead|Swords Dance|p2a: Hammerhead
|-boost|p2a: Hammerhead|atk|2
|move|p1a: Fire gym 6|Flare Blitz|p2a: Hammerhead
|-supereffective|p2a: Hammerhead
|-damage|p2a: Hammerhead|0 fnt
|faint|p2a: Hammerhead
|-end|p2a: Hammerhead|Quark Drive|[silent]
|
|win|ArceusSpammer2000
|raw|ArceusSpammer2000's rating: 1387 &rarr; <strong>1411</strong><br />(+24 for winning)
|raw|YumeKasumi76's rating: 1457 &rarr; <strong>1433</strong><br />(-24 for losing)
|l|☆ArceusSpammer2000
|player|p1|
|l|☆YumeKasumi76
|player|p2|
