|j|☆Random_UserFr
|j|☆pepper f
|t:|1757911664
|gametype|singles
|player|p1|Random_UserFr|ltsurge|1141
|player|p2|pepper f|blackbelt-gen4dp|1161
|gen|9
|tier|[Gen 9] OU
|rated|
|rule|HP Percentage Mod: HP is shown in percentages
|rule|Endless Battle Clause: Forcing endless battles is banned
|rule|Species Clause: Limit one of each Pokémon
|rule|OHKO Clause: OHKO moves are banned
|rule|Evasion Items Clause: Evasion items are banned
|rule|Evasion Moves Clause: Evasion moves are banned
|rule|Evasion Abilities Clause: Evasion abilities are banned
|rule|Sleep Moves Clause: Sleep-inducing moves are banned
|clearpoke
|poke|p1|Dragonite, M|
|poke|p1|Dragapult, M|
|poke|p1|Corviknight, M|
|poke|p1|Slowking-Galar, F|
|poke|p1|Great Tusk|
|poke|p1|Manaphy|
|poke|p2|Primeape, M|
|poke|p2|Conkeldurr, M|
|poke|p2|Talonflame, F|
|poke|p2|Meowscarada, F|
|poke|p2|Corviknight, M|
|poke|p2|Gastrodon-East, M|
|teampreview
|
|t:|1757911675
|teamsize|p1|6
|teamsize|p2|6
|start
|switch|p1a: Great Tusk|Great Tusk|100/100
|switch|p2a: Primeape|Primeape, M|100/100
|turn|1
|inactive|Battle timer is ON: inactive players will automatically lose when time's up. (requested by pepper f)
|
|t:|1757911682
|move|p2a: Primeape|Bulk Up|p2a: Primeape
|-boost|p2a: Primeape|atk|1
|-boost|p2a: Primeape|def|1
|move|p1a: Great Tusk|Stealth Rock|p2a: Primeape
|-sidestart|p2: pepper f|move: Stealth Rock
|
|upkeep
|turn|2
|
|t:|1757911691
|move|p2a: Primeape|Bulk Up|p2a: Primeape
|-boost|p2a: Primeape|atk|1
|-boost|p2a: Primeape|def|1
|move|p1a: Great Tusk|Knock Off|p2a: Primeape
|-resisted|p2a: Primeape
|-damage|p2a: Primeape|93/100
|-enditem|p2a: Primeape|Eviolite|[from] move: Knock Off|[of] p1a: Great Tusk
|
|upkeep
|turn|3
|
|t:|1757911701
|-end|p1a: Great Tusk|Protosynthesis|[silent]
|switch|p1a: Corviknight|Corviknight, M, shiny|100/100
|-ability|p1a: Corviknight|Unnerve
|move|p2a: Primeape|Bulk Up|p2a: Primeape
|-boost|p2a: Primeape|atk|1
|-boost|p2a: Primeape|def|1
|
|upkeep
|turn|4
|
|t:|1757911709
|move|p2a: Primeape|Drain Punch|p1a: Corviknight
|-damage|p1a: Corviknight|62/100
|-heal|p2a: Primeape|100/100|[from] drain|[of] p1a: Corviknight
|move|p1a: Corviknight|Brave Bird|p2a: Primeape
|-supereffective|p2a: Primeape
|-damage|p2a: Primeape|50/100
|-damage|p1a: Corviknight|48/100|[from] Recoil
|
|-heal|p1a: Corviknight|55/100|[from] item: Leftovers
|upkeep
|turn|5
|
|t:|1757911719
|move|p2a: Primeape|Drain Punch|p1a: Corviknight
|-damage|p1a: Corviknight|13/100
|-heal|p2a: Primeape|75/100|[from] drain|[of] p1a: Corviknight
|move|p1a: Corviknight|Brave Bird|p2a: Primeape
|-supereffective|p2a: Primeape
|-damage|p2a: Primeape|26/100
|-damage|p1a: Corviknight|0 fnt|[from] Recoil
|faint|p1a: Corviknight
|
|upkeep
|
|t:|1757911729
|switch|p1a: Dragapult|Dragapult, M|100/100
|turn|6
|
|t:|1757911736
|move|p1a: Dragapult|Flamethrower|p2a: Primeape
|-damage|p2a: Primeape|0 fnt
|faint|p2a: Primeape
|
|upkeep
|
|t:|1757911746
|switch|p2a: Gastrodon|Gastrodon-East, M|100/100
|-damage|p2a: Gastrodon|94/100|[from] Stealth Rock
|turn|7
|
|t:|1757911755
|switch|p1a: Dragonite|Dragonite, M|100/100
|move|p2a: Gastrodon|Ice Beam|p1a: Dragonite
|-supereffective|p1a: Dragonite
|-damage|p1a: Dragonite|63/100
|
|-heal|p2a: Gastrodon|100/100|[from] item: Leftovers
|upkeep
|turn|8
|
|t:|1757911765
|switch|p1a: Manaphy|Manaphy, shiny|100/100
|move|p2a: Gastrodon|Ice Beam|p1a: Manaphy
|-resisted|p1a: Manaphy
|-damage|p1a: Manaphy|91/100
|
|-heal|p1a: Manaphy|98/100|[from] item: Leftovers
|upkeep
|turn|9
|
|t:|1757911773
|switch|p2a: Meowscarada|Meowscarada, F|100/100
|-damage|p2a: Meowscarada|88/100|[from] Stealth Rock
|move|p1a: Manaphy|Energy Ball|p2a: Meowscarada
|-resisted|p2a: Meowscarada
|-damage|p2a: Meowscarada|67/100
|
|-heal|p1a: Manaphy|100/100|[from] item: Leftovers
|upkeep
|turn|10
|
|t:|1757911784
|-terastallize|p1a: Manaphy|Grass
|move|p2a: Meowscarada|Flower Trick|p1a: Manaphy
|-start|p2a: Meowscarada|typechange|Grass|[from] ability: Protean
|-resisted|p1a: Manaphy
|-crit|p1a: Manaphy
|-damage|p1a: Manaphy|77/100
|move|p1a: Manaphy|Tail Glow|p1a: Manaphy
|-boost|p1a: Manaphy|spa|3
|
|-heal|p1a: Manaphy|83/100|[from] item: Leftovers
|upkeep
|turn|11
|
|t:|1757911796
|move|p2a: Meowscarada|U-turn|p1a: Manaphy
|-supereffective|p1a: Manaphy
|-damage|p1a: Manaphy|38/100
|
|t:|1757911804
|switch|p2a: Corviknight|Corviknight, M|100/100|[from] U-turn
|-damage|p2a: Corviknight|88/100|[from] Stealth Rock
|-ability|p2a: Corviknight|Pressure
|move|p1a: Manaphy|Ice Beam|p2a: Corviknight
|-damage|p2a: Corviknight|27/100
|
|-heal|p1a: Manaphy|44/100|[from] item: Leftovers
|-heal|p2a: Corviknight|33/100|[from] item: Leftovers
|upkeep
|turn|12
|
|t:|1757911815
|move|p1a: Manaphy|Surf|p2a: Corviknight
|-damage|p2a: Corviknight|0 fnt
|faint|p2a: Corviknight
|
|-heal|p1a: Manaphy|50/100|[from] item: Leftovers
|upkeep
|
|t:|1757911820
|switch|p2a: Meowscarada|Meowscarada, F|67/100
|-damage|p2a: Meowscarada|55/100|[from] Stealth Rock
|turn|13
|
|t:|1757911837
|move|p2a: Meowscarada|Knock Off|p1a: Manaphy
|-start|p2a: Meowscarada|typechange|Dark|[from] ability: Protean
|-damage|p1a: Manaphy|3/100
|-enditem|p1a: Manaphy|Leftovers|[from] move: Knock Off|[of] p2a: Meowscarada
|move|p1a: Manaphy|Ice Beam|p2a: Meowscarada
|-damage|p2a: Meowscarada|0 fnt
|faint|p2a: Meowscarada
|
|upkeep
|
|t:|1757911846
|switch|p2a: Conkeldurr|Conkeldurr, M|100/100
|-damage|p2a: Conkeldurr|94/100|[from] Stealth Rock
|turn|14
|
|t:|1757911852
|move|p2a: Conkeldurr|Mach Punch|p1a: Manaphy
|-damage|p1a: Manaphy|0 fnt
|faint|p1a: Manaphy
|
|-status|p2a: Conkeldurr|brn|[from] item: Flame Orb
|upkeep
|
|t:|1757911861
|switch|p1a: Dragapult|Dragapult, M|100/100
|turn|15
|
|t:|1757911864
|-terastallize|p2a: Conkeldurr|Steel
|move|p1a: Dragapult|Draco Meteor|p2a: Conkeldurr|[miss]
|-miss|p1a: Dragapult|p2a: Conkeldurr
|move|p2a: Conkeldurr|Ice Punch|p1a: Dragapult
|-supereffective|p1a: Dragapult
|-damage|p1a: Dragapult|0 fnt
|faint|p1a: Dragapult
|
|-damage|p2a: Conkeldurr|88/100 brn|[from] brn
|upkeep
|
|t:|1757911877
|switch|p1a: Great Tusk|Great Tusk|100/100
|turn|16
|
|t:|1757911881
|move|p1a: Great Tusk|Earthquake|p2a: Conkeldurr
|-supereffective|p2a: Conkeldurr
|-damage|p2a: Conkeldurr|17/100 brn
|move|p2a: Conkeldurr|Drain Punch|p1a: Great Tusk
|-damage|p1a: Great Tusk|68/100
|-heal|p2a: Conkeldurr|34/100 brn|[from] drain|[of] p1a: Great Tusk
|
|-heal|p1a: Great Tusk|74/100|[from] item: Leftovers
|-damage|p2a: Conkeldurr|28/100 brn|[from] brn
|upkeep
|turn|17
|
|t:|1757911890
|move|p1a: Great Tusk|Earthquake|p2a: Conkeldurr
|-supereffective|p2a: Conkeldurr
|-damage|p2a: Conkeldurr|0 fnt
|faint|p2a: Conkeldurr
|
|-heal|p1a: Great Tusk|80/100|[from] item: Leftovers
|upkeep
|
|t:|1757911896
|switch|p2a: Talonflame|Talonflame, F|100/100
|turn|18
|
|t:|1757911920
|move|p2a: Talonflame|Will-O-Wisp|p1a: Great Tusk
|-status|p1a: Great Tusk|brn
|move|p1a: Great Tusk|Knock Off|p2a: Talonflame
|-damage|p2a: Talonflame|86/100
|-enditem|p2a: Talonflame|Heavy-Duty Boots|[from] move: Knock Off|[of] p1a: Great Tusk
|
|-heal|p1a: Great Tusk|87/100 brn|[from] item: Leftovers
|-damage|p1a: Great Tusk|80/100 brn|[from] brn
|upkeep
|turn|19
|
|t:|1757911944
|-end|p1a: Great Tusk|Protosynthesis|[silent]
|switch|p1a: Slowking|Slowking-Galar, F, shiny|100/100
|move|p2a: Talonflame|Brave Bird|p1a: Slowking
|-crit|p1a: Slowking
|-damage|p1a: Slowking|45/100
|-damage|p2a: Talonflame|66/100|[from] Recoil
|
|upkeep
|turn|20
|
|t:|1757911952
|move|p2a: Talonflame|Brave Bird|p1a: Slowking
|-damage|p1a: Slowking|8/100
|-damage|p2a: Talonflame|53/100|[from] Recoil
|move|p1a: Slowking|Sludge Bomb|p2a: Talonflame
|-damage|p2a: Talonflame|7/100
|-status|p2a: Talonflame|psn
|
|-damage|p2a: Talonflame|0 fnt|[from] psn
|faint|p2a: Talonflame
|upkeep
|
|t:|1757911961
|switch|p2a: Gastrodon|Gastrodon-East, M|100/100
|-damage|p2a: Gastrodon|94/100|[from] Stealth Rock
|turn|21
|
|t:|1757911971
|move|p2a: Gastrodon|Ice Beam|p1a: Slowking
|-damage|p1a: Slowking|0 fnt
|faint|p1a: Slowking
|
|-heal|p2a: Gastrodon|100/100|[from] item: Leftovers
|upkeep
|
|t:|1757911977
|switch|p1a: Great Tusk|Great Tusk|80/100 brn
|turn|22
|inactive|pepper f has 120 seconds left.
|
|t:|1757912015
|move|p1a: Great Tusk|Knock Off|p2a: Gastrodon
|-damage|p2a: Gastrodon|84/100
|-activate|p2a: Gastrodon|ability: Sticky Hold
|move|p2a: Gastrodon|Ice Beam|p1a: Great Tusk
|-supereffective|p1a: Great Tusk
|-damage|p1a: Great Tusk|30/100 brn
|
|-heal|p1a: Great Tusk|36/100 brn|[from] item: Leftovers
|-heal|p2a: Gastrodon|90/100|[from] item: Leftovers
|-damage|p1a: Great Tusk|30/100 brn|[from] brn
|upkeep
|turn|23
|inactive|pepper f has 120 seconds left.
|
|t:|1757912027
|move|p1a: Great Tusk|Earthquake|p2a: Gastrodon
|-crit|p2a: Gastrodon
|-damage|p2a: Gastrodon|57/100
|move|p2a: Gastrodon|Ice Beam|p1a: Great Tusk
|-supereffective|p1a: Great Tusk
|-damage|p1a: Great Tusk|0 fnt
|faint|p1a: Great Tusk
|-end|p1a: Great Tusk|Protosynthesis|[silent]
|
|-heal|p2a: Gastrodon|63/100|[from] item: Leftovers
|upkeep
|
|t:|1757912036
|switch|p1a: Dragonite|Dragonite, M|63/100
|turn|24
|
|t:|1757912041
|move|p1a: Dragonite|Earthquake|p2a: Gastrodon
|-damage|p2a: Gastrodon|23/100
|move|p2a: Gastrodon|Ice Beam|p1a: Dragonite
|-supereffective|p1a: Dragonite
|-damage|p1a: Dragonite|0 fnt
|faint|p1a: Dragonite
|
|win|pepper f
|raw|Random_UserFr's rating: 1141 &rarr; <strong>1117</strong><br />(-24 for losing)
|raw|pepper f's rating: 1161 &rarr; <strong>1185</strong><br />(+24 for winning)
|l|☆Random_UserFr
|player|p1|
|l|☆pepper f
|player|p2|
