|j|☆Neggets
|j|☆MoncefTheW
|t:|1757795206
|gametype|singles
|player|p1|Neggets|ninjaboy|1105
|player|p2|MoncefTheW|dawn|1135
|gen|9
|tier|[Gen 9] OU
|rated|
|rule|HP Percentage Mod: HP is shown in percentages
|rule|Endless Battle Clause: Forcing endless battles is banned
|rule|Species Clause: Limit one of each Pokémon
|rule|OHKO Clause: OHKO moves are banned
|rule|Evasion Items Clause: Evasion items are banned
|rule|Evasion Moves Clause: Evasion moves are banned
|rule|Evasion Abilities Clause: Evasion abilities are banned
|rule|Sleep Moves Clause: Sleep-inducing moves are banned
|clearpoke
|poke|p1|Coalossal, F|
|poke|p1|Dragapult, M|
|poke|p1|Ting-Lu|
|poke|p1|Staraptor, M|
|poke|p1|Copperajah, F|
|poke|p1|Pecharunt|
|poke|p2|Kommo-o, M|
|poke|p2|Iron Hands|
|poke|p2|Gyarados, M|
|poke|p2|Meowscarada, M|
|poke|p2|Chandelure, M|
|poke|p2|Maushold-Four|
|teampreview
|inactive|Battle timer is ON: inactive players will automatically lose when time's up. (requested by MoncefTheW)
|
|t:|1757795225
|teamsize|p1|6
|teamsize|p2|6
|start
|switch|p1a: Fake corv|Staraptor, M|100/100
|switch|p2a: Best Tiger|Meowscarada, M, shiny|100/100
|turn|1
|
|t:|1757795241
|move|p2a: Best Tiger|Triple Axel|p1a: Fake corv
|-start|p2a: Best Tiger|typechange|Ice|[from] ability: Protean
|-supereffective|p1a: Fake corv
|-damage|p1a: Fake corv|72/100
|-supereffective|p1a: Fake corv
|-damage|p1a: Fake corv|14/100
|-supereffective|p1a: Fake corv
|-damage|p1a: Fake corv|0 fnt
|faint|p1a: Fake corv
|-hitcount|p1: Fake corv|3
|
|upkeep
|
|t:|1757795253
|switch|p1a: Richard|Coalossal, F|100/100
|turn|2
|
|t:|1757795259
|switch|p2a: Rexplode|Chandelure, M, shiny|100/100
|move|p1a: Richard|Stealth Rock|p2a: Rexplode
|-sidestart|p2: MoncefTheW|move: Stealth Rock
|
|upkeep
|turn|3
|
|t:|1757795265
|move|p2a: Rexplode|Substitute|p2a: Rexplode
|-start|p2a: Rexplode|Substitute
|-damage|p2a: Rexplode|76/100
|move|p1a: Richard|Spikes|p2a: Rexplode
|-sidestart|p2: MoncefTheW|Spikes
|
|-heal|p2a: Rexplode|82/100|[from] item: Leftovers
|upkeep
|turn|4
|
|t:|1757795295
|switch|p1a: Lu-Ting|Ting-Lu|100/100
|-ability|p1a: Lu-Ting|Vessel of Ruin
|move|p2a: Rexplode|Calm Mind|p2a: Rexplode
|-boost|p2a: Rexplode|spa|1
|-boost|p2a: Rexplode|spd|1
|
|-heal|p2a: Rexplode|88/100|[from] item: Leftovers
|upkeep
|turn|5
|inactive|MoncefTheW has 120 seconds left.
|
|t:|1757795343
|move|p2a: Rexplode|Flamethrower|p1a: Lu-Ting
|-damage|p1a: Lu-Ting|54/100
|move|p1a: Lu-Ting|Sand Tomb|p2a: Rexplode
|-supereffective|p2a: Rexplode
|-end|p2a: Rexplode|Substitute
|
|-heal|p2a: Rexplode|94/100|[from] item: Leftovers
|upkeep
|turn|6
|
|t:|1757795352
|move|p2a: Rexplode|Flamethrower|p1a: Lu-Ting
|-damage|p1a: Lu-Ting|11/100
|move|p1a: Lu-Ting|Payback|p2a: Rexplode
|-supereffective|p2a: Rexplode
|-damage|p2a: Rexplode|0 fnt
|faint|p2a: Rexplode
|
|upkeep
|
|t:|1757795362
|switch|p2a: Duplikate|Maushold-Four, shiny|100/100
|-damage|p2a: Duplikate|88/100|[from] Stealth Rock
|-damage|p2a: Duplikate|76/100|[from] Spikes
|turn|7
|
|t:|1757795375
|move|p2a: Duplikate|Tidy Up|p2a: Duplikate
|-sideend|p2: MoncefTheW|Spikes
|-sideend|p2: MoncefTheW|Stealth Rock
|-activate|p2a: Duplikate|move: Tidy Up
|-boost|p2a: Duplikate|atk|1
|-boost|p2a: Duplikate|spe|1
|move|p1a: Lu-Ting|Payback|p2a: Duplikate
|-damage|p2a: Duplikate|0 fnt
|faint|p2a: Duplikate
|
|upkeep
|
|t:|1757795379
|switch|p2a: Best Tiger|Meowscarada, M, shiny|100/100
|turn|8
|
|t:|1757795388
|move|p2a: Best Tiger|Triple Axel|p1a: Lu-Ting
|-start|p2a: Best Tiger|typechange|Ice|[from] ability: Protean
|-supereffective|p1a: Lu-Ting
|-damage|p1a: Lu-Ting|0 fnt
|faint|p1a: Lu-Ting
|-hitcount|p1: Lu-Ting|1
|
|upkeep
|
|t:|1757795395
|switch|p1a: Richard|Coalossal, F|100/100
|turn|9
|
|t:|1757795406
|move|p2a: Best Tiger|U-turn|p1a: Richard
|-resisted|p1a: Richard
|-damage|p1a: Richard|94/100
|
|t:|1757795412
|switch|p2a: Mister Liu|Gyarados, M, shiny|100/100|[from] U-turn
|move|p1a: Richard|Spikes|p2a: Mister Liu
|-sidestart|p2: MoncefTheW|Spikes
|
|upkeep
|turn|10
|inactive|Neggets has 120 seconds left.
|
|t:|1757795449
|switch|p1a: Chip|Dragapult, M|100/100
|move|p2a: Mister Liu|Dragon Dance|p2a: Mister Liu
|-boost|p2a: Mister Liu|atk|1
|-boost|p2a: Mister Liu|spe|1
|
|upkeep
|turn|11
|inactive|Neggets has 120 seconds left.
|
|t:|1757795458
|move|p2a: Mister Liu|Ice Fang|p1a: Chip
|-supereffective|p1a: Chip
|-damage|p1a: Chip|0 fnt
|faint|p1a: Chip
|-ability|p2a: Mister Liu|Moxie|boost
|-boost|p2a: Mister Liu|atk|1
|
|upkeep
|inactive|Neggets has 120 seconds left.
|
|t:|1757795464
|switch|p1a: Trant|Copperajah, F|100/100
|turn|12
|
|t:|1757795469
|-terastallize|p2a: Mister Liu|Ground
|move|p2a: Mister Liu|Earthquake|p1a: Trant
|-supereffective|p1a: Trant
|-damage|p1a: Trant|0 fnt
|faint|p1a: Trant
|-ability|p2a: Mister Liu|Moxie|boost
|-boost|p2a: Mister Liu|atk|1
|
|upkeep
|c|☆Neggets|idk what I could've done there
|
|t:|1757795478
|switch|p1a: Richard|Coalossal, F|94/100
|turn|13
|-message|Neggets forfeited.
|
|win|MoncefTheW
|raw|Neggets's rating: 1105 &rarr; <strong>1082</strong><br />(-23 for losing)
|raw|MoncefTheW's rating: 1135 &rarr; <strong>1158</strong><br />(+23 for winning)
|l|☆Neggets
|player|p1|
