|j|‽icefox
|j|☆kwsjjdjwjshshsjsja
|t:|1757944671
|gametype|singles
|player|p1|icefox|giovanni|1426
|player|p2|kwsjjdjwjshshsjsja|red|1404
|gen|9
|tier|[Gen 9] OU
|rated|
|rule|HP Percentage Mod: HP is shown in percentages
|rule|Endless Battle Clause: Forcing endless battles is banned
|rule|Species Clause: Limit one of each Pokémon
|rule|OHKO Clause: OHKO moves are banned
|rule|Evasion Items Clause: Evasion items are banned
|rule|Evasion Moves Clause: Evasion moves are banned
|rule|Evasion Abilities Clause: Evasion abilities are banned
|rule|Sleep Moves Clause: Sleep-inducing moves are banned
|clearpoke
|poke|p1|Meowscarada, F|
|poke|p1|Hydreigon, F|
|poke|p1|Bisharp, F|
|poke|p1|Samurott-Hisui, M|
|poke|p1|Sableye, F|
|poke|p1|Muk-Alola, M|
|poke|p2|Typhlosion-Hisui, M|
|poke|p2|Skarmory, M|
|poke|p2|Slither Wing|
|poke|p2|Torkoal, M|
|poke|p2|Crawdaunt, F|
|poke|p2|Iron Moth|
|teampreview
|inactive|Battle timer is ON: inactive players will automatically lose when time's up. (requested by kwsjjdjwjshshsjsja)
|
|t:|1757944688
|teamsize|p1|6
|teamsize|p2|6
|start
|switch|p1a: Hydreigon|Hydreigon, F|100/100
|switch|p2a: Skarmory|Skarmory, M|100/100
|turn|1
|
|t:|1757944695
|move|p1a: Hydreigon|Dark Pulse|p2a: Skarmory
|-damage|p2a: Skarmory|23/100
|move|p2a: Skarmory|Body Press|p1a: Hydreigon
|-supereffective|p1a: Hydreigon
|-damage|p1a: Hydreigon|31/100
|
|-heal|p2a: Skarmory|29/100|[from] item: Leftovers
|upkeep
|turn|2
|
|t:|1757944699
|move|p1a: Hydreigon|Dark Pulse|p2a: Skarmory
|-damage|p2a: Skarmory|0 fnt
|faint|p2a: Skarmory
|
|upkeep
|
|t:|1757944704
|switch|p2a: Typhlosion|Typhlosion-Hisui, M|100/100
|-item|p1a: Hydreigon|Choice Specs|[from] ability: Frisk|[of] p2a: Typhlosion
|turn|3
|
|t:|1757944710
|switch|p1a: Muk|Muk-Alola, M|100/100
|move|p2a: Typhlosion|Eruption|p1a: Muk
|-damage|p1a: Muk|68/100
|
|upkeep
|turn|4
|
|t:|1757944717
|switch|p2a: Torkoal|Torkoal, M|100/100
|-weather|SunnyDay|[from] ability: Drought|[of] p2a: Torkoal
|move|p1a: Muk|Knock Off|p2a: Torkoal
|-damage|p2a: Torkoal|74/100
|-enditem|p2a: Torkoal|Heat Rock|[from] move: Knock Off|[of] p1a: Muk
|
|-weather|SunnyDay|[upkeep]
|upkeep
|turn|5
|
|t:|1757944722
|switch|p1a: Samurott|Samurott-Hisui, M|100/100
|move|p2a: Torkoal|Earth Power|p1a: Samurott
|-damage|p1a: Samurott|65/100
|
|-weather|SunnyDay|[upkeep]
|upkeep
|turn|6
|
|t:|1757944726
|move|p1a: Samurott|Ceaseless Edge|p2a: Torkoal
|-damage|p2a: Torkoal|39/100
|-sidestart|p2: kwsjjdjwjshshsjsja|Spikes
|move|p2a: Torkoal|Earth Power|p1a: Samurott
|-damage|p1a: Samurott|31/100
|
|-weather|SunnyDay|[upkeep]
|upkeep
|turn|7
|
|t:|1757944732
|move|p1a: Samurott|Aqua Cutter|p2a: Torkoal
|-supereffective|p2a: Torkoal
|-damage|p2a: Torkoal|6/100
|move|p2a: Torkoal|Rapid Spin|p1a: Samurott
|-damage|p1a: Samurott|20/100
|-boost|p2a: Torkoal|spe|1
|-sideend|p2: kwsjjdjwjshshsjsja|Spikes|[from] move: Rapid Spin|[of] p2a: Torkoal
|
|-weather|SunnyDay|[upkeep]
|upkeep
|turn|8
|
|t:|1757944754
|move|p1a: Samurott|Ceaseless Edge|p2a: Torkoal
|-crit|p2a: Torkoal
|-damage|p2a: Torkoal|0 fnt
|-sidestart|p2: kwsjjdjwjshshsjsja|Spikes
|faint|p2a: Torkoal
|
|-weather|SunnyDay|[upkeep]
|upkeep
|
|t:|1757944761
|switch|p2a: Typhlosion|Typhlosion-Hisui, M|100/100
|-damage|p2a: Typhlosion|88/100|[from] Spikes
|-item|p1a: Samurott|Focus Sash|[from] ability: Frisk|[of] p2a: Typhlosion
|turn|9
|
|t:|1757944764
|move|p1a: Samurott|Sucker Punch|p2a: Typhlosion
|-supereffective|p2a: Typhlosion
|-damage|p2a: Typhlosion|0 fnt
|faint|p2a: Typhlosion
|
|-weather|SunnyDay|[upkeep]
|upkeep
|
|t:|1757944769
|switch|p2a: Iron Moth|Iron Moth|100/100
|-damage|p2a: Iron Moth|88/100|[from] Spikes
|-enditem|p2a: Iron Moth|Booster Energy
|-activate|p2a: Iron Moth|ability: Quark Drive|[fromitem]
|-start|p2a: Iron Moth|quarkdrivespa
|turn|10
|
|t:|1757944775
|move|p1a: Samurott|Sucker Punch|p2a: Iron Moth
|-damage|p2a: Iron Moth|27/100
|move|p2a: Iron Moth|Fiery Dance|p1a: Samurott
|-resisted|p1a: Samurott
|-crit|p1a: Samurott
|-damage|p1a: Samurott|0 fnt
|-boost|p2a: Iron Moth|spa|1
|faint|p1a: Samurott
|
|-weather|SunnyDay|[upkeep]
|upkeep
|
|t:|1757944782
|switch|p1a: Muk|Muk-Alola, M|68/100
|turn|11
|
|t:|1757944791
|move|p2a: Iron Moth|Fiery Dance|p1a: Muk
|-crit|p1a: Muk
|-damage|p1a: Muk|0 fnt
|-boost|p2a: Iron Moth|spa|1
|faint|p1a: Muk
|
|-weather|none
|upkeep
|
|t:|1757944796
|switch|p1a: Bisharp|Bisharp, F, shiny|100/100
|turn|12
|
|t:|1757944802
|-end|p2a: Iron Moth|Quark Drive|[silent]
|switch|p2a: Crawdaunt|Crawdaunt, F|100/100
|-damage|p2a: Crawdaunt|88/100|[from] Spikes
|move|p1a: Bisharp|Sucker Punch||[still]
|-fail|p1a: Bisharp
|
|upkeep
|turn|13
|
|t:|1757944806
|switch|p1a: Meowscarada|Meowscarada, F|100/100
|move|p2a: Crawdaunt|Dragon Dance|p2a: Crawdaunt
|-boost|p2a: Crawdaunt|atk|1
|-boost|p2a: Crawdaunt|spe|1
|
|upkeep
|turn|14
|
|t:|1757944813
|-terastallize|p2a: Crawdaunt|Ghost
|move|p1a: Meowscarada|U-turn|p2a: Crawdaunt
|-start|p1a: Meowscarada|typechange|Bug|[from] ability: Protean
|-resisted|p2a: Crawdaunt
|-damage|p2a: Crawdaunt|61/100
|inactive|icefox has 120 seconds left.
|
|t:|1757944849
|switch|p1a: Hydreigon|Hydreigon, F|31/100|[from] U-turn
|move|p2a: Crawdaunt|Dragon Dance|p2a: Crawdaunt
|-boost|p2a: Crawdaunt|atk|1
|-boost|p2a: Crawdaunt|spe|1
|
|upkeep
|turn|15
|
|t:|1757944858
|move|p2a: Crawdaunt|Knock Off|p1a: Hydreigon
|-resisted|p1a: Hydreigon
|-damage|p1a: Hydreigon|0 fnt
|-enditem|p1a: Hydreigon|Choice Specs|[from] move: Knock Off|[of] p2a: Crawdaunt
|faint|p1a: Hydreigon
|
|upkeep
|
|t:|1757944865
|switch|p1a: Sableye|Sableye, F|100/100
|turn|16
|
|t:|1757944869
|move|p1a: Sableye|Will-O-Wisp|p2a: Crawdaunt
|-status|p2a: Crawdaunt|brn
|move|p2a: Crawdaunt|Crabhammer|p1a: Sableye
|-damage|p1a: Sableye|23/100
|
|-heal|p1a: Sableye|29/100|[from] item: Leftovers
|-damage|p2a: Crawdaunt|55/100 brn|[from] brn
|upkeep
|turn|17
|
|t:|1757944878
|move|p1a: Sableye|Recover|p1a: Sableye
|-heal|p1a: Sableye|79/100
|move|p2a: Crawdaunt|Knock Off|p1a: Sableye
|-damage|p1a: Sableye|0 fnt
|-enditem|p1a: Sableye|Leftovers|[from] move: Knock Off|[of] p2a: Crawdaunt
|faint|p1a: Sableye
|
|-damage|p2a: Crawdaunt|49/100 brn|[from] brn
|upkeep
|
|t:|1757944885
|switch|p1a: Meowscarada|Meowscarada, F|100/100
|turn|18
|
|t:|1757944892
|move|p1a: Meowscarada|Play Rough|p2a: Crawdaunt
|-start|p1a: Meowscarada|typechange|Fairy|[from] ability: Protean
|-damage|p2a: Crawdaunt|0 fnt
|faint|p2a: Crawdaunt
|
|upkeep
|
|t:|1757944905
|switch|p2a: Iron Moth|Iron Moth|27/100
|-damage|p2a: Iron Moth|15/100|[from] Spikes
|turn|19
|
|t:|1757944909
|move|p1a: Meowscarada|Play Rough|p2a: Iron Moth
|-resisted|p2a: Iron Moth
|-crit|p2a: Iron Moth
|-damage|p2a: Iron Moth|0 fnt
|faint|p2a: Iron Moth
|-end|p2a: Iron Moth|Quark Drive|[silent]
|
|upkeep
|
|t:|1757944911
|switch|p2a: Slither Wing|Slither Wing|100/100
|-damage|p2a: Slither Wing|88/100|[from] Spikes
|turn|20
|
|t:|1757944914
|move|p1a: Meowscarada|Play Rough|p2a: Slither Wing
|-supereffective|p2a: Slither Wing
|-damage|p2a: Slither Wing|0 fnt
|faint|p2a: Slither Wing
|-end|p2a: Slither Wing|Protosynthesis|[silent]
|
|win|icefox
|raw|icefox's rating: 1426 &rarr; <strong>1446</strong><br />(+20 for winning)
|raw|kwsjjdjwjshshsjsja's rating: 1424 &rarr; <strong>1404</strong><br />(-20 for losing)
|l|☆kwsjjdjwjshshsjsja
|player|p2|
