|j|☆jhonss
|j|☆luvbunz
|t:|1757914188
|gametype|singles
|player|p1|jhonss|volkner|1248
|player|p2|luvbunz|elesa|1313
|gen|9
|tier|[Gen 9] OU
|rated|
|rule|HP Percentage Mod: HP is shown in percentages
|rule|Endless Battle Clause: Forcing endless battles is banned
|rule|Species Clause: Limit one of each Pokémon
|rule|OHKO Clause: OHKO moves are banned
|rule|Evasion Items Clause: Evasion items are banned
|rule|Evasion Moves Clause: Evasion moves are banned
|rule|Evasion Abilities Clause: Evasion abilities are banned
|rule|Sleep Moves Clause: Sleep-inducing moves are banned
|clearpoke
|poke|p1|Cinderace, F|
|poke|p1|Kingambit, F|
|poke|p1|Alomomola, M|
|poke|p1|Pecharunt|
|poke|p1|Dragonite, F|
|poke|p1|Zapdos|
|poke|p2|Garchomp, M|
|poke|p2|Gholdengo|
|poke|p2|Talonflame, M|
|poke|p2|Hoopa-Unbound|
|poke|p2|Alomomola, F|
|poke|p2|Shaymin|
|teampreview
|inactive|Battle timer is ON: inactive players will automatically lose when time's up. (requested by jhonss)
|
|t:|1757914210
|teamsize|p1|6
|teamsize|p2|6
|start
|switch|p1a: Zapdos|Zapdos, shiny|100/100
|switch|p2a: Talonflame|Talonflame, M, shiny|100/100
|turn|1
|
|t:|1757914219
|switch|p2a: Garchomp|Garchomp, M|100/100
|move|p1a: Zapdos|Volt Switch|p2a: Garchomp
|-immune|p2a: Garchomp
|
|upkeep
|turn|2
|
|t:|1757914223
|switch|p1a: Alomomola|Alomomola, M|100/100
|move|p2a: Garchomp|Stealth Rock|p1a: Alomomola
|-sidestart|p1: jhonss|move: Stealth Rock
|
|upkeep
|turn|3
|
|t:|1757914234
|move|p2a: Garchomp|Spikes|p1a: Alomomola
|-sidestart|p1: jhonss|Spikes
|move|p1a: Alomomola|Flip Turn|p2a: Garchomp
|-damage|p2a: Garchomp|91/100
|-damage|p1a: Alomomola|88/100|[from] ability: Rough Skin|[of] p2a: Garchomp
|-damage|p1a: Alomomola|72/100|[from] item: Rocky Helmet|[of] p2a: Garchomp
|
|t:|1757914243
|switch|p1a: Dragonite|Dragonite, F|100/100|[from] Flip Turn
|-damage|p1a: Dragonite|76/100|[from] Stealth Rock
|
|-heal|p1a: Dragonite|82/100|[from] item: Leftovers
|upkeep
|turn|4
|
|t:|1757914251
|-terastallize|p1a: Dragonite|Normal
|move|p1a: Dragonite|Dragon Dance|p1a: Dragonite
|-boost|p1a: Dragonite|atk|1
|-boost|p1a: Dragonite|spe|1
|move|p2a: Garchomp|Dragon Tail|p1a: Dragonite
|-damage|p1a: Dragonite|55/100
|drag|p1a: Alomomola|Alomomola, M|100/100
|-damage|p1a: Alomomola|88/100|[from] Stealth Rock
|-damage|p1a: Alomomola|76/100|[from] Spikes
|
|upkeep
|turn|5
|
|t:|1757914258
|move|p2a: Garchomp|Spikes|p1a: Alomomola
|-sidestart|p1: jhonss|Spikes
|move|p1a: Alomomola|Flip Turn|p2a: Garchomp
|-damage|p2a: Garchomp|80/100
|-damage|p1a: Alomomola|63/100|[from] ability: Rough Skin|[of] p2a: Garchomp
|-damage|p1a: Alomomola|47/100|[from] item: Rocky Helmet|[of] p2a: Garchomp
|
|t:|1757914261
|switch|p1a: Cinderace|Cinderace, F|100/100|[from] Flip Turn
|
|upkeep
|turn|6
|
|t:|1757914273
|move|p1a: Cinderace|Court Change|p1a: Cinderace
|-start|p1a: Cinderace|typechange|Normal|[from] ability: Libero
|-swapsideconditions
|-activate|p1a: Cinderace|move: Court Change
|move|p2a: Garchomp|Earthquake|p1a: Cinderace
|-damage|p1a: Cinderace|37/100
|
|upkeep
|turn|7
|
|t:|1757914281
|move|p1a: Cinderace|Will-O-Wisp|p2a: Garchomp
|-status|p2a: Garchomp|brn
|move|p2a: Garchomp|Earthquake|p1a: Cinderace
|-damage|p1a: Cinderace|8/100
|
|-damage|p2a: Garchomp|74/100 brn|[from] brn
|upkeep
|turn|8
|
|t:|1757914289
|move|p1a: Cinderace|U-turn|p2a: Garchomp
|-damage|p2a: Garchomp|60/100 brn
|-damage|p1a: Cinderace|0 fnt|[from] ability: Rough Skin|[of] p2a: Garchomp
|faint|p1a: Cinderace
|move|p2a: Garchomp|Stealth Rock|p1: Cinderace
|-sidestart|p1: jhonss|move: Stealth Rock
|
|-damage|p2a: Garchomp|53/100 brn|[from] brn
|upkeep
|
|t:|1757914295
|switch|p1a: Dragonite|Dragonite, F, tera:Normal|55/100
|-damage|p1a: Dragonite|43/100|[from] Stealth Rock
|turn|9
|
|t:|1757914304
|move|p1a: Dragonite|Ice Spinner|p2a: Garchomp
|-supereffective|p2a: Garchomp
|-damage|p2a: Garchomp|0 fnt
|-damage|p1a: Dragonite|30/100|[from] ability: Rough Skin|[of] p2a: Garchomp
|-damage|p1a: Dragonite|14/100|[from] item: Rocky Helmet|[of] p2a: Garchomp
|faint|p2a: Garchomp
|
|-heal|p1a: Dragonite|20/100|[from] item: Leftovers
|upkeep
|
|t:|1757914319
|switch|p2a: Shaymin|Shaymin, shiny|100/100
|-damage|p2a: Shaymin|88/100|[from] Stealth Rock
|-damage|p2a: Shaymin|72/100|[from] Spikes
|turn|10
|
|t:|1757914328
|move|p1a: Dragonite|Extreme Speed|p2a: Shaymin
|-damage|p2a: Shaymin|23/100
|move|p2a: Shaymin|Seed Flare|p1a: Dragonite
|-damage|p1a: Dragonite|0 fnt
|faint|p1a: Dragonite
|
|upkeep
|
|t:|1757914341
|switch|p1a: Kingambit|Kingambit, F|100/100
|-damage|p1a: Kingambit|94/100|[from] Stealth Rock
|-activate|p1a: Kingambit|ability: Supreme Overlord
|-start|p1a: Kingambit|fallen2|[silent]
|turn|11
|
|t:|1757914344
|move|p1a: Kingambit|Sucker Punch|p2a: Shaymin
|-damage|p2a: Shaymin|0 fnt
|faint|p2a: Shaymin
|
|-heal|p1a: Kingambit|100/100|[from] item: Leftovers
|upkeep
|
|t:|1757914348
|switch|p2a: Talonflame|Talonflame, M, shiny|100/100
|turn|12
|
|t:|1757914358
|-end|p1a: Kingambit|fallen2|[silent]
|switch|p1a: Pecharunt|Pecharunt|100/100
|-damage|p1a: Pecharunt|88/100|[from] Stealth Rock
|-item|p1a: Pecharunt|Air Balloon
|move|p2a: Talonflame|Defog|p1a: Pecharunt
|-unboost|p1a: Pecharunt|evasion|1
|-sideend|p1: jhonss|Stealth Rock|[from] move: Defog|[of] p2a: Talonflame
|-sideend|p2: luvbunz|Spikes|[from] move: Defog|[of] p2a: Talonflame
|-sideend|p2: luvbunz|Stealth Rock|[from] move: Defog|[of] p2a: Talonflame
|
|upkeep
|turn|13
|
|t:|1757914367
|move|p2a: Talonflame|U-turn|p1a: Pecharunt
|-resisted|p1a: Pecharunt
|-damage|p1a: Pecharunt|85/100
|-enditem|p1a: Pecharunt|Air Balloon
|
|t:|1757914369
|switch|p2a: Hoopa|Hoopa-Unbound|100/100|[from] U-turn
|move|p1a: Pecharunt|Malignant Chain|p2a: Hoopa
|-damage|p2a: Hoopa|86/100
|
|upkeep
|turn|14
|
|t:|1757914385
|switch|p1a: Alomomola|Alomomola, M|80/100
|move|p2a: Hoopa|Psychic Noise|p1a: Alomomola
|-damage|p1a: Alomomola|50/100
|-start|p1a: Alomomola|move: Heal Block
|
|upkeep
|turn|15
|
|t:|1757914392
|move|p2a: Hoopa|Thunderbolt|p1a: Alomomola
|-supereffective|p1a: Alomomola
|-damage|p1a: Alomomola|6/100
|move|p1a: Alomomola|Mirror Coat|p2a: Hoopa
|-immune|p2a: Hoopa
|
|-end|p1a: Alomomola|move: Heal Block
|upkeep
|turn|16
|
|t:|1757914409
|switch|p1a: Kingambit|Kingambit, F|100/100
|-activate|p1a: Kingambit|ability: Supreme Overlord
|-start|p1a: Kingambit|fallen2|[silent]
|move|p2a: Hoopa|Psychic Noise|p1a: Kingambit
|-immune|p1a: Kingambit
|
|upkeep
|turn|17
|
|t:|1757914417
|-terastallize|p2a: Hoopa|Steel
|move|p1a: Kingambit|Swords Dance|p1a: Kingambit
|-boost|p1a: Kingambit|atk|2
|move|p2a: Hoopa|Focus Blast|p1a: Kingambit
|-supereffective|p1a: Kingambit
|-damage|p1a: Kingambit|0 fnt
|faint|p1a: Kingambit
|-end|p1a: Kingambit|fallen2|[silent]
|
|upkeep
|
|t:|1757914424
|switch|p1a: Zapdos|Zapdos, shiny|100/100
|turn|18
|
|t:|1757914435
|move|p1a: Zapdos|Heat Wave|p2a: Hoopa
|-supereffective|p2a: Hoopa
|-damage|p2a: Hoopa|38/100
|move|p2a: Hoopa|Psychic Noise|p1a: Zapdos
|-damage|p1a: Zapdos|40/100
|-start|p1a: Zapdos|move: Heal Block
|
|upkeep
|turn|19
|
|t:|1757914448
|switch|p2a: Talonflame|Talonflame, M, shiny|100/100
|move|p1a: Zapdos|Heat Wave|p2a: Talonflame
|-resisted|p2a: Talonflame
|-damage|p2a: Talonflame|65/100
|
|-end|p1a: Zapdos|move: Heal Block
|upkeep
|turn|20
|
|t:|1757914458
|switch|p1a: Alomomola|Alomomola, M|39/100
|move|p2a: Talonflame|U-turn|p1a: Alomomola
|-damage|p1a: Alomomola|27/100
|
|t:|1757914465
|switch|p2a: Hoopa|Hoopa-Unbound, tera:Steel|38/100|[from] U-turn
|
|upkeep
|turn|21
|
|t:|1757914471
|switch|p1a: Zapdos|Zapdos, shiny|40/100
|move|p2a: Hoopa|Psychic Noise|p1a: Zapdos
|-damage|p1a: Zapdos|0 fnt
|faint|p1a: Zapdos
|
|upkeep
|
|t:|1757914477
|switch|p1a: Pecharunt|Pecharunt|85/100
|turn|22
|
|t:|1757914482
|move|p1a: Pecharunt|Hex|p2a: Hoopa
|-damage|p2a: Hoopa|29/100
|move|p2a: Hoopa|Psychic Noise|p1a: Pecharunt
|-supereffective|p1a: Pecharunt
|-damage|p1a: Pecharunt|0 fnt
|faint|p1a: Pecharunt
|
|upkeep
|
|t:|1757914485
|switch|p1a: Alomomola|Alomomola, M|61/100
|turn|23
|-message|jhonss forfeited.
|
|win|luvbunz
|raw|jhonss's rating: 1248 &rarr; <strong>1228</strong><br />(-20 for losing)
|raw|luvbunz's rating: 1313 &rarr; <strong>1329</strong><br />(+16 for winning)
|l|☆jhonss
|player|p1|
|l|☆luvbunz
|player|p2|
