|j|☆afdtv
|j|☆ntp69
|t:|1757946935
|gametype|singles
|player|p1|afdtv|hilbert|1357
|player|p2|ntp69|265|1305
|gen|9
|tier|[Gen 9] OU
|rated|
|rule|HP Percentage Mod: HP is shown in percentages
|rule|Endless Battle Clause: Forcing endless battles is banned
|rule|Species Clause: Limit one of each Pokémon
|rule|OHKO Clause: OHKO moves are banned
|rule|Evasion Items Clause: Evasion items are banned
|rule|Evasion Moves Clause: Evasion moves are banned
|rule|Evasion Abilities Clause: Evasion abilities are banned
|rule|Sleep Moves Clause: Sleep-inducing moves are banned
|clearpoke
|poke|p1|Great Tusk|
|poke|p1|Heatran, M|
|poke|p1|Weavile, M|
|poke|p1|Primarina, M|
|poke|p1|Ogerpon, F|
|poke|p1|Pecharunt|
|poke|p2|Jolteon, F|
|poke|p2|Pelipper, F|
|poke|p2|Barraskewda, F|
|poke|p2|Sinistcha-Masterpiece|
|poke|p2|Kilowattrel, F|
|poke|p2|Great Tusk|
|teampreview
|inactive|Battle timer is ON: inactive players will automatically lose when time's up. (requested by ntp69)
|
|t:|1757946968
|teamsize|p1|6
|teamsize|p2|6
|start
|switch|p1a: Celestine|Primarina, M, shiny|100/100
|switch|p2a: Pelipper|Pelipper, F|100/100
|-weather|RainDance|[from] ability: Drizzle|[of] p2a: Pelipper
|turn|1
|
|t:|1757946972
|move|p2a: Pelipper|U-turn|p1a: Celestine
|-resisted|p1a: Celestine
|-damage|p1a: Celestine|95/100
|
|t:|1757946979
|switch|p2a: Kilowattrel|Kilowattrel, F|100/100|[from] U-turn
|move|p1a: Celestine|Moonblast|p2a: Kilowattrel
|-damage|p2a: Kilowattrel|12/100
|-unboost|p2a: Kilowattrel|spa|1
|-ability|p2a: Kilowattrel|Competitive|boost
|-boost|p2a: Kilowattrel|spa|2
|
|-weather|RainDance|[upkeep]
|upkeep
|turn|2
|
|t:|1757947004
|move|p2a: Kilowattrel|Thunder|p1a: Celestine
|-supereffective|p1a: Celestine
|-damage|p1a: Celestine|19/100
|move|p1a: Celestine|Flip Turn|p2a: Kilowattrel
|-damage|p2a: Kilowattrel|0 fnt
|faint|p2a: Kilowattrel
|inactive|afdtv has 120 seconds left.
|
|t:|1757947018
|switch|p1a: Behemoth|Great Tusk, shiny|100/100|[from] Flip Turn
|
|-weather|RainDance|[upkeep]
|upkeep
|
|t:|1757947021
|switch|p2a: Jolteon|Jolteon, F|100/100
|turn|3
|
|t:|1757947026
|-end|p1a: Behemoth|Protosynthesis|[silent]
|switch|p1a: Celestine|Primarina, M, shiny|19/100
|move|p2a: Jolteon|Weather Ball|p1a: Celestine
|-resisted|p1a: Celestine
|-damage|p1a: Celestine|3/100
|-damage|p2a: Jolteon|91/100|[from] item: Life Orb
|
|-weather|RainDance|[upkeep]
|upkeep
|turn|4
|
|t:|1757947030
|move|p2a: Jolteon|Weather Ball|p1a: Celestine
|-resisted|p1a: Celestine
|-damage|p1a: Celestine|0 fnt
|faint|p1a: Celestine
|-damage|p2a: Jolteon|81/100|[from] item: Life Orb
|
|-weather|RainDance|[upkeep]
|upkeep
|
|t:|1757947043
|switch|p1a: Anonymous|Ogerpon, F|100/100
|turn|5
|
|t:|1757947046
|-terastallize|p1a: Anonymous|Grass
|detailschange|p1a: Anonymous|Ogerpon-Teal-Tera, F, tera:Grass
|-ability|p1a: Anonymous|Embody Aspect (Teal)|boost
|-boost|p1a: Anonymous|spe|1
|move|p1a: Anonymous|Ivy Cudgel|p2a: Jolteon
|-crit|p2a: Jolteon
|-damage|p2a: Jolteon|0 fnt
|faint|p2a: Jolteon
|
|-weather|RainDance|[upkeep]
|upkeep
|
|t:|1757947049
|switch|p2a: Barraskewda|Barraskewda, F|100/100
|turn|6
|inactive|afdtv has 120 seconds left.
|
|t:|1757947098
|move|p2a: Barraskewda|Poison Jab|p1a: Anonymous
|-supereffective|p1a: Anonymous
|-damage|p1a: Anonymous|0 fnt
|faint|p1a: Anonymous
|detailschange|p1: Anonymous|Ogerpon, F|[silent]
|
|-weather|RainDance|[upkeep]
|upkeep
|
|t:|1757947106
|switch|p1a: Overseer|Pecharunt|100/100
|turn|7
|
|t:|1757947111
|switch|p2a: Sinistcha|Sinistcha-Masterpiece|100/100
|move|p1a: Overseer|Malignant Chain|p2a: Sinistcha
|-damage|p2a: Sinistcha|66/100
|
|-weather|RainDance|[upkeep]
|-heal|p2a: Sinistcha|72/100|[from] item: Leftovers
|upkeep
|turn|8
|
|t:|1757947114
|-terastallize|p2a: Sinistcha|Steel
|move|p1a: Overseer|Malignant Chain|p2a: Sinistcha
|-immune|p2a: Sinistcha
|move|p2a: Sinistcha|Calm Mind|p2a: Sinistcha
|-boost|p2a: Sinistcha|spa|1
|-boost|p2a: Sinistcha|spd|1
|
|-weather|none
|-heal|p2a: Sinistcha|79/100|[from] item: Leftovers
|upkeep
|turn|9
|
|t:|1757947118
|switch|p1a: Chaos|Heatran, M, shiny|100/100
|-item|p1a: Chaos|Air Balloon
|move|p2a: Sinistcha|Strength Sap|p1a: Chaos
|-unboost|p1a: Chaos|atk|1
|-heal|p2a: Sinistcha|100/100
|
|upkeep
|turn|10
|
|t:|1757947122
|switch|p2a: Pelipper|Pelipper, F|100/100
|-weather|RainDance|[from] ability: Drizzle|[of] p2a: Pelipper
|move|p1a: Chaos|Magma Storm|p2a: Pelipper|[miss]
|-miss|p1a: Chaos|p2a: Pelipper
|
|-weather|RainDance|[upkeep]
|upkeep
|turn|11
|
|t:|1757947128
|switch|p1a: Overseer|Pecharunt|100/100
|move|p2a: Pelipper|U-turn|p1a: Overseer
|-resisted|p1a: Overseer
|-damage|p1a: Overseer|99/100
|-damage|p2a: Pelipper|84/100|[from] item: Rocky Helmet|[of] p1a: Overseer
|
|t:|1757947132
|switch|p2a: Great Tusk|Great Tusk|100/100|[from] U-turn
|
|-weather|RainDance|[upkeep]
|upkeep
|turn|12
|
|t:|1757947137
|move|p1a: Overseer|Recover|p1a: Overseer
|-heal|p1a: Overseer|100/100
|move|p2a: Great Tusk|Knock Off|p1a: Overseer
|-supereffective|p1a: Overseer
|-damage|p1a: Overseer|72/100
|-damage|p2a: Great Tusk|84/100|[from] item: Rocky Helmet|[of] p1a: Overseer
|-enditem|p1a: Overseer|Rocky Helmet|[from] move: Knock Off|[of] p2a: Great Tusk
|
|-weather|RainDance|[upkeep]
|upkeep
|turn|13
|
|t:|1757947141
|move|p1a: Overseer|Recover|p1a: Overseer
|-heal|p1a: Overseer|100/100
|move|p2a: Great Tusk|Earthquake|p1a: Overseer
|-supereffective|p1a: Overseer
|-damage|p1a: Overseer|54/100
|
|-weather|RainDance|[upkeep]
|upkeep
|turn|14
|
|t:|1757947142
|move|p1a: Overseer|Recover|p1a: Overseer
|-heal|p1a: Overseer|100/100
|move|p2a: Great Tusk|Earthquake|p1a: Overseer
|-supereffective|p1a: Overseer
|-damage|p1a: Overseer|56/100
|
|-weather|RainDance|[upkeep]
|upkeep
|turn|15
|
|t:|1757947149
|move|p1a: Overseer|Parting Shot|p2a: Great Tusk
|-unboost|p2a: Great Tusk|atk|1
|-unboost|p2a: Great Tusk|spa|1
|
|t:|1757947150
|switch|p1a: Behemoth|Great Tusk, shiny|100/100|[from] Parting Shot
|move|p2a: Great Tusk|Earthquake|p1a: Behemoth
|-damage|p1a: Behemoth|78/100
|
|-weather|RainDance|[upkeep]
|upkeep
|turn|16
|
|t:|1757947154
|-end|p2a: Great Tusk|Protosynthesis|[silent]
|switch|p2a: Sinistcha|Sinistcha-Masterpiece, tera:Steel|100/100
|move|p1a: Behemoth|Close Combat|p2a: Sinistcha
|-supereffective|p2a: Sinistcha
|-crit|p2a: Sinistcha
|-damage|p2a: Sinistcha|0 fnt
|-unboost|p1a: Behemoth|def|1
|-unboost|p1a: Behemoth|spd|1
|faint|p2a: Sinistcha
|
|-weather|RainDance|[upkeep]
|upkeep
|
|t:|1757947159
|switch|p2a: Barraskewda|Barraskewda, F|100/100
|turn|17
|
|t:|1757947167
|-end|p1a: Behemoth|Protosynthesis|[silent]
|switch|p1a: Chaos|Heatran, M, shiny|100/100
|-item|p1a: Chaos|Air Balloon
|move|p2a: Barraskewda|Liquidation|p1a: Chaos
|-supereffective|p1a: Chaos
|-crit|p1a: Chaos
|-damage|p1a: Chaos|0 fnt
|-enditem|p1a: Chaos|Air Balloon
|faint|p1a: Chaos
|
|-weather|none
|upkeep
|
|t:|1757947169
|switch|p1a: Overseer|Pecharunt|56/100
|turn|18
|
|t:|1757947180
|move|p2a: Barraskewda|Liquidation|p1a: Overseer
|-damage|p1a: Overseer|24/100
|move|p1a: Overseer|Parting Shot|p2a: Barraskewda
|-unboost|p2a: Barraskewda|atk|1
|-unboost|p2a: Barraskewda|spa|1
|
|t:|1757947183
|switch|p1a: Bandit|Weavile, M, shiny|100/100|[from] Parting Shot
|-ability|p1a: Bandit|Pressure
|
|upkeep
|turn|19
|
|t:|1757947189
|switch|p1a: Behemoth|Great Tusk, shiny|78/100
|switch|p2a: Pelipper|Pelipper, F|84/100
|-weather|RainDance|[from] ability: Drizzle|[of] p2a: Pelipper
|
|-weather|RainDance|[upkeep]
|upkeep
|turn|20
|
|t:|1757947196
|move|p1a: Behemoth|Ice Spinner|p2a: Pelipper
|-damage|p2a: Pelipper|62/100
|move|p2a: Pelipper|U-turn|p1a: Behemoth
|-resisted|p1a: Behemoth
|-damage|p1a: Behemoth|75/100
|
|t:|1757947199
|switch|p2a: Barraskewda|Barraskewda, F|100/100|[from] U-turn
|
|-weather|RainDance|[upkeep]
|upkeep
|turn|21
|c|☆afdtv|gg
|c|☆ntp69|i love u
|
|t:|1757947208
|move|p2a: Barraskewda|Liquidation|p1a: Behemoth
|-supereffective|p1a: Behemoth
|-damage|p1a: Behemoth|0 fnt
|faint|p1a: Behemoth
|-end|p1a: Behemoth|Protosynthesis|[silent]
|
|-weather|RainDance|[upkeep]
|upkeep
|
|t:|1757947211
|switch|p1a: Overseer|Pecharunt|24/100
|turn|22
|
|t:|1757947212
|move|p2a: Barraskewda|Liquidation|p1a: Overseer
|-damage|p1a: Overseer|0 fnt
|faint|p1a: Overseer
|
|-weather|RainDance|[upkeep]
|upkeep
|
|t:|1757947214
|switch|p1a: Bandit|Weavile, M, shiny|100/100
|-ability|p1a: Bandit|Pressure
|turn|23
|-message|afdtv forfeited.
|
|win|ntp69
|raw|afdtv's rating: 1357 &rarr; <strong>1334</strong><br />(-23 for losing)
|raw|ntp69's rating: 1305 &rarr; <strong>1328</strong><br />(+23 for winning)
|l|☆afdtv
|player|p1|
|l|☆ntp69
|player|p2|
