|j|☆drop a baby
|j|☆3idk
|t:|1757796528
|gametype|singles
|player|p1|drop a baby|chase|1769
|player|p2|3idk|lusamine-masters|1770
|gen|9
|tier|[Gen 9] OU
|rated|
|rule|HP Percentage Mod: HP is shown in percentages
|rule|Endless Battle Clause: Forcing endless battles is banned
|rule|Species Clause: Limit one of each Pokémon
|rule|OHKO Clause: OHKO moves are banned
|rule|Evasion Items Clause: Evasion items are banned
|rule|Evasion Moves Clause: Evasion moves are banned
|rule|Evasion Abilities Clause: Evasion abilities are banned
|rule|Sleep Moves Clause: Sleep-inducing moves are banned
|clearpoke
|poke|p1|Iron Moth|
|poke|p1|Kingambit, M|
|poke|p1|Dragonite, M|
|poke|p1|Ogerpon-Cornerstone, F|
|poke|p1|Iron Valiant|
|poke|p1|Raging Bolt|
|poke|p2|Tyranitar, M|
|poke|p2|Excadrill, F|
|poke|p2|Keldeo-Resolute|
|poke|p2|Tornadus-Therian, M|
|poke|p2|Heatran, M|
|poke|p2|Hydrapple, M|
|teampreview
|inactive|Battle timer is ON: inactive players will automatically lose when time's up. (requested by 3idk)
|j| Jey2
|
|t:|1757796541
|teamsize|p1|6
|teamsize|p2|6
|start
|switch|p1a: Iron Valiant|Iron Valiant|100/100
|switch|p2a: Tornadus|Tornadus-Therian, M|100/100
|-enditem|p1a: Iron Valiant|Booster Energy
|-activate|p1a: Iron Valiant|ability: Quark Drive|[fromitem]
|-start|p1a: Iron Valiant|quarkdrivespe
|turn|1
|
|t:|1757796544
|move|p1a: Iron Valiant|Destiny Bond|p1a: Iron Valiant
|-singlemove|p1a: Iron Valiant|Destiny Bond
|move|p2a: Tornadus|Bleakwind Storm|p1a: Iron Valiant
|-supereffective|p1a: Iron Valiant
|-damage|p1a: Iron Valiant|0 fnt
|faint|p1a: Iron Valiant
|-activate|p1a: Iron Valiant|move: Destiny Bond
|-end|p1a: Iron Valiant|Quark Drive|[silent]
|faint|p2a: Tornadus
|
|upkeep
|
|t:|1757796554
|switch|p2a: Tyranitar|Tyranitar, M|100/100
|switch|p1a: Ogerpon|Ogerpon-Cornerstone, F|100/100
|-weather|Sandstorm|[from] ability: Sand Stream|[of] p2a: Tyranitar
|turn|2
|
|t:|1757796558
|move|p1a: Ogerpon|Swords Dance|p1a: Ogerpon
|-boost|p1a: Ogerpon|atk|2
|move|p2a: Tyranitar|Low Kick|p1a: Ogerpon
|-supereffective|p1a: Ogerpon
|-damage|p1a: Ogerpon|8/100
|
|-weather|Sandstorm|[upkeep]
|upkeep
|turn|3
|
|t:|1757796562
|switch|p2a: Hydrapple|Hydrapple, M|100/100
|move|p1a: Ogerpon|Ivy Cudgel|p2a: Hydrapple|[anim] Ivy Cudgel Rock
|-damage|p2a: Hydrapple|37/100
|
|-weather|Sandstorm|[upkeep]
|-damage|p2a: Hydrapple|31/100|[from] Sandstorm
|upkeep
|turn|4
|
|t:|1757796570
|switch|p2a: Keldeo|Keldeo-Resolute|100/100
|move|p1a: Ogerpon|Ivy Cudgel|p2a: Keldeo|[anim] Ivy Cudgel Rock
|-resisted|p2a: Keldeo
|-damage|p2a: Keldeo|34/100
|
|-weather|Sandstorm|[upkeep]
|-damage|p2a: Keldeo|27/100|[from] Sandstorm
|upkeep
|turn|5
|
|t:|1757796575
|switch|p1a: Iron Moth|Iron Moth|100/100
|-enditem|p1a: Iron Moth|Booster Energy
|-activate|p1a: Iron Moth|ability: Quark Drive|[fromitem]
|-start|p1a: Iron Moth|quarkdrivespe
|move|p2a: Keldeo|Vacuum Wave|p1a: Iron Moth
|-resisted|p1a: Iron Moth
|-damage|p1a: Iron Moth|84/100
|
|-weather|Sandstorm|[upkeep]
|-damage|p1a: Iron Moth|78/100|[from] Sandstorm
|-damage|p2a: Keldeo|21/100|[from] Sandstorm
|upkeep
|turn|6
|j| Little Cuack
|
|t:|1757796580
|-end|p1a: Iron Moth|Quark Drive|[silent]
|switch|p1a: Ogerpon|Ogerpon-Cornerstone, F|8/100
|switch|p2a: Heatran|Heatran, M|100/100
|
|-weather|none
|upkeep
|turn|7
|
|t:|1757796585
|switch|p2a: Hydrapple|Hydrapple, M|65/100
|move|p1a: Ogerpon|Ivy Cudgel|p2a: Hydrapple|[anim] Ivy Cudgel Rock
|-damage|p2a: Hydrapple|34/100
|
|upkeep
|turn|8
|
|t:|1757796592
|move|p1a: Ogerpon|Ivy Cudgel|p2a: Hydrapple|[anim] Ivy Cudgel Rock
|-damage|p2a: Hydrapple|2/100
|move|p2a: Hydrapple|Giga Drain|p1a: Ogerpon
|-damage|p1a: Ogerpon|0 fnt
|-heal|p2a: Hydrapple|5/100|[from] drain|[of] p1a: Ogerpon
|faint|p1a: Ogerpon
|
|upkeep
|
|t:|1757796600
|switch|p1a: Kingambit|Kingambit, M|100/100
|-activate|p1a: Kingambit|ability: Supreme Overlord
|-start|p1a: Kingambit|fallen2|[silent]
|turn|9
|
|t:|1757796606
|move|p1a: Kingambit|Swords Dance|p1a: Kingambit
|-boost|p1a: Kingambit|atk|2
|move|p2a: Hydrapple|Earth Power|p1a: Kingambit
|-supereffective|p1a: Kingambit
|-damage|p1a: Kingambit|46/100
|
|upkeep
|turn|10
|
|t:|1757796613
|move|p1a: Kingambit|Kowtow Cleave|p2a: Hydrapple
|-damage|p2a: Hydrapple|0 fnt
|-damage|p1a: Kingambit|30/100|[from] item: Rocky Helmet|[of] p2a: Hydrapple
|faint|p2a: Hydrapple
|
|upkeep
|
|t:|1757796617
|switch|p2a: Keldeo|Keldeo-Resolute|21/100
|turn|11
|
|t:|1757796621
|switch|p2a: Tyranitar|Tyranitar, M|100/100
|-weather|Sandstorm|[from] ability: Sand Stream|[of] p2a: Tyranitar
|-end|p1a: Kingambit|fallen2|[silent]
|switch|p1a: Iron Moth|Iron Moth|78/100
|
|-weather|Sandstorm|[upkeep]
|-damage|p1a: Iron Moth|72/100|[from] Sandstorm
|upkeep
|turn|12
|
|t:|1757796625
|-end|p1a: Iron Moth|Quark Drive|[silent]
|switch|p1a: Kingambit|Kingambit, M|30/100
|-activate|p1a: Kingambit|ability: Supreme Overlord
|-start|p1a: Kingambit|fallen2|[silent]
|move|p2a: Tyranitar|Knock Off|p1a: Kingambit
|-resisted|p1a: Kingambit
|-damage|p1a: Kingambit|0 fnt
|-enditem|p1a: Kingambit|Lum Berry|[from] move: Knock Off|[of] p2a: Tyranitar
|faint|p1a: Kingambit
|-end|p1a: Kingambit|fallen2|[silent]
|
|-weather|Sandstorm|[upkeep]
|upkeep
|
|t:|1757796628
|switch|p1a: Dragonite|Dragonite, M|100/100
|turn|13
|
|t:|1757796631
|move|p1a: Dragonite|Earthquake|p2a: Tyranitar
|-supereffective|p2a: Tyranitar
|-damage|p2a: Tyranitar|37/100
|move|p2a: Tyranitar|Knock Off|p1a: Dragonite
|-damage|p1a: Dragonite|52/100
|-enditem|p1a: Dragonite|Heavy-Duty Boots|[from] move: Knock Off|[of] p2a: Tyranitar
|
|-weather|Sandstorm|[upkeep]
|-damage|p1a: Dragonite|46/100|[from] Sandstorm
|upkeep
|turn|14
|
|t:|1757796639
|switch|p2a: Keldeo|Keldeo-Resolute|21/100
|move|p1a: Dragonite|Dragon Dance|p1a: Dragonite
|-boost|p1a: Dragonite|atk|1
|-boost|p1a: Dragonite|spe|1
|
|-weather|Sandstorm|[upkeep]
|-damage|p1a: Dragonite|40/100|[from] Sandstorm
|-damage|p2a: Keldeo|15/100|[from] Sandstorm
|upkeep
|turn|15
|
|t:|1757796644
|move|p1a: Dragonite|Earthquake|p2a: Keldeo
|-damage|p2a: Keldeo|0 fnt
|faint|p2a: Keldeo
|
|-weather|none
|upkeep
|
|t:|1757796647
|switch|p2a: Excadrill|Excadrill, F|100/100
|-item|p2a: Excadrill|Air Balloon
|turn|16
|
|t:|1757796651
|move|p1a: Dragonite|Tera Blast|p2a: Excadrill
|-resisted|p2a: Excadrill
|-damage|p2a: Excadrill|90/100
|-enditem|p2a: Excadrill|Air Balloon
|move|p2a: Excadrill|Rapid Spin|p1a: Dragonite
|-damage|p1a: Dragonite|17/100
|-boost|p2a: Excadrill|spe|1
|
|upkeep
|turn|17
|
|t:|1757796657
|move|p1a: Dragonite|Earthquake|p2a: Excadrill
|-supereffective|p2a: Excadrill
|-damage|p2a: Excadrill|0 fnt
|faint|p2a: Excadrill
|
|upkeep
|
|t:|1757796666
|switch|p2a: Tyranitar|Tyranitar, M|37/100
|-weather|Sandstorm|[from] ability: Sand Stream|[of] p2a: Tyranitar
|turn|18
|
|t:|1757796670
|-terastallize|p2a: Tyranitar|Flying
|move|p1a: Dragonite|Earthquake|p2a: Tyranitar
|-immune|p2a: Tyranitar
|move|p2a: Tyranitar|Knock Off|p1a: Dragonite
|-damage|p1a: Dragonite|0 fnt
|faint|p1a: Dragonite
|
|-weather|Sandstorm|[upkeep]
|-damage|p2a: Tyranitar|30/100|[from] Sandstorm
|upkeep
|
|t:|1757796673
|switch|p1a: Raging Bolt|Raging Bolt|100/100
|-enditem|p1a: Raging Bolt|Booster Energy
|-activate|p1a: Raging Bolt|ability: Protosynthesis|[fromitem]
|-start|p1a: Raging Bolt|protosynthesisspa
|turn|19
|
|t:|1757796680
|move|p1a: Raging Bolt|Thunderbolt|p2a: Tyranitar
|-supereffective|p2a: Tyranitar
|-damage|p2a: Tyranitar|0 fnt
|faint|p2a: Tyranitar
|
|-weather|Sandstorm|[upkeep]
|-damage|p1a: Raging Bolt|94/100|[from] Sandstorm
|upkeep
|
|t:|1757796683
|switch|p2a: Heatran|Heatran, M|100/100
|turn|20
|
|t:|1757796685
|move|p1a: Raging Bolt|Thunderbolt|p2a: Heatran
|-damage|p2a: Heatran|62/100
|move|p2a: Heatran|Earth Power|p1a: Raging Bolt
|-supereffective|p1a: Raging Bolt
|-damage|p1a: Raging Bolt|43/100
|-unboost|p1a: Raging Bolt|spd|1
|
|-weather|Sandstorm|[upkeep]
|-damage|p1a: Raging Bolt|37/100|[from] Sandstorm
|-heal|p2a: Heatran|69/100|[from] item: Leftovers
|upkeep
|turn|21
|
|t:|1757796691
|-terastallize|p1a: Raging Bolt|Bug
|move|p1a: Raging Bolt|Thunderbolt|p2a: Heatran
|-damage|p2a: Heatran|25/100
|-status|p2a: Heatran|par
|move|p2a: Heatran|Earth Power|p1a: Raging Bolt
|-resisted|p1a: Raging Bolt
|-damage|p1a: Raging Bolt|18/100
|
|-weather|Sandstorm|[upkeep]
|-damage|p1a: Raging Bolt|11/100|[from] Sandstorm
|-heal|p2a: Heatran|31/100 par|[from] item: Leftovers
|upkeep
|turn|22
|-message|3idk forfeited.
|
|win|drop a baby
|raw|drop a baby's rating: 1769 &rarr; <strong>1789</strong><br />(+20 for winning)
|raw|3idk's rating: 1770 &rarr; <strong>1750</strong><br />(-20 for losing)
|l|☆3idk
|player|p2|
|l| Jey2
|l|☆drop a baby
|player|p1|
|l| Little Cuack
