|j|☆cxkbaochaozyc
|j|☆quixic4
|t:|1757833382
|gametype|singles
|player|p1|cxkbaochaozyc|170|1062
|player|p2|quixic4|2|1110
|gen|9
|tier|[Gen 9] OU
|rated|
|rule|HP Percentage Mod: HP is shown in percentages
|rule|Endless Battle Clause: Forcing endless battles is banned
|rule|Species Clause: Limit one of each Pokémon
|rule|OHKO Clause: OHKO moves are banned
|rule|Evasion Items Clause: Evasion items are banned
|rule|Evasion Moves Clause: Evasion moves are banned
|rule|Evasion Abilities Clause: Evasion abilities are banned
|rule|Sleep Moves Clause: Sleep-inducing moves are banned
|clearpoke
|poke|p1|Garchomp, F|
|poke|p1|Ting-Lu|
|poke|p1|Heatran, F|
|poke|p1|Chansey, F|
|poke|p1|Amoonguss, F|
|poke|p1|Meowscarada, F|
|poke|p2|Sinistcha|
|poke|p2|Polteageist|
|poke|p2|Hydrapple, M|
|poke|p2|Flapple, M|
|poke|p2|Appletun, F|
|poke|p2|Dipplin, F|
|teampreview
|inactive|Battle timer is ON: inactive players will automatically lose when time's up. (requested by quixic4)
|
|t:|1757833399
|teamsize|p1|6
|teamsize|p2|6
|start
|switch|p1a: 龙舞王|Garchomp, F|100/100
|switch|p2a: Polteageist|Polteageist|100/100
|turn|1
|c|☆quixic4|its time
|
|t:|1757833408
|move|p1a: 龙舞王|Stealth Rock|p2a: Polteageist
|-sidestart|p2: quixic4|move: Stealth Rock
|move|p2a: Polteageist|Shell Smash|p2a: Polteageist
|-unboost|p2a: Polteageist|def|1
|-unboost|p2a: Polteageist|spd|1
|-boost|p2a: Polteageist|atk|2
|-boost|p2a: Polteageist|spa|2
|-boost|p2a: Polteageist|spe|2
|
|upkeep
|turn|2
|c|☆quixic4|tea time
|
|t:|1757833421
|move|p2a: Polteageist|Shell Smash|p2a: Polteageist
|-unboost|p2a: Polteageist|def|1
|-unboost|p2a: Polteageist|spd|1
|-boost|p2a: Polteageist|atk|2
|-boost|p2a: Polteageist|spa|2
|-boost|p2a: Polteageist|spe|2
|move|p1a: 龙舞王|Dragon Claw|p2a: Polteageist
|-enditem|p2a: Polteageist|Focus Sash
|-damage|p2a: Polteageist|1/100
|-ability|p2a: Polteageist|Weak Armor|boost
|-unboost|p2a: Polteageist|def|1
|-boost|p2a: Polteageist|spe|2
|
|upkeep
|turn|3
|
|t:|1757833436
|move|p2a: Polteageist|Stored Power|p1a: 龙舞王
|-damage|p1a: 龙舞王|0 fnt
|faint|p1a: 龙舞王
|
|upkeep
|
|t:|1757833443
|switch|p1a: Chansey|Chansey, F|100/100
|turn|4
|
|t:|1757833449
|move|p2a: Polteageist|Stored Power|p1a: Chansey
|-damage|p1a: Chansey|20/100
|move|p1a: Chansey|Chilling Water|p2a: Polteageist
|-damage|p2a: Polteageist|0 fnt
|faint|p2a: Polteageist
|
|upkeep
|
|t:|1757833460
|switch|p2a: Flapple|Flapple, M|100/100
|-damage|p2a: Flapple|88/100|[from] Stealth Rock
|turn|5
|
|t:|1757833465
|switch|p1a: Heatran|Heatran, F|100/100
|move|p2a: Flapple|Dragon Dance|p2a: Flapple
|-boost|p2a: Flapple|atk|1
|-boost|p2a: Flapple|spe|1
|
|upkeep
|turn|6
|
|t:|1757833475
|move|p2a: Flapple|Grav Apple|p1a: Heatran
|-resisted|p1a: Heatran
|-damage|p1a: Heatran|86/100
|-unboost|p1a: Heatran|def|1
|move|p1a: Heatran|Will-O-Wisp|p2a: Flapple
|-status|p2a: Flapple|brn
|
|-damage|p2a: Flapple|82/100 brn|[from] brn
|upkeep
|turn|7
|
|t:|1757833486
|move|p2a: Flapple|Grav Apple|p1a: Heatran
|-resisted|p1a: Heatran
|-damage|p1a: Heatran|76/100
|-unboost|p1a: Heatran|def|1
|move|p1a: Heatran|Earth Power|p2a: Flapple
|-resisted|p2a: Flapple
|-damage|p2a: Flapple|57/100 brn
|
|-damage|p2a: Flapple|51/100 brn|[from] brn
|upkeep
|turn|8
|
|t:|1757833499
|switch|p1a: Amoonguss|Amoonguss, F|100/100
|move|p2a: Flapple|Sucker Punch||[still]
|-fail|p2a: Flapple
|
|-damage|p2a: Flapple|45/100 brn|[from] brn
|upkeep
|turn|9
|
|t:|1757833507
|move|p2a: Flapple|Dragon Dance|p2a: Flapple
|-boost|p2a: Flapple|atk|1
|-boost|p2a: Flapple|spe|1
|move|p1a: Amoonguss|Foul Play|p2a: Flapple
|-damage|p2a: Flapple|0 fnt
|faint|p2a: Flapple
|
|upkeep
|
|t:|1757833518
|switch|p2a: Sinistcha|Sinistcha|100/100
|-damage|p2a: Sinistcha|88/100|[from] Stealth Rock
|turn|10
|
|t:|1757833526
|move|p2a: Sinistcha|Iron Defense|p2a: Sinistcha
|-boost|p2a: Sinistcha|def|2
|move|p1a: Amoonguss|Rain Dance|p1a: Amoonguss
|-weather|RainDance
|
|-weather|RainDance|[upkeep]
|upkeep
|turn|11
|
|t:|1757833532
|switch|p1a: 爱鹿管|Ting-Lu|100/100
|-ability|p1a: 爱鹿管|Vessel of Ruin
|move|p2a: Sinistcha|Calm Mind|p2a: Sinistcha
|-boost|p2a: Sinistcha|spa|1
|-boost|p2a: Sinistcha|spd|1
|
|-weather|RainDance|[upkeep]
|upkeep
|turn|12
|
|t:|1757833544
|move|p2a: Sinistcha|Matcha Gotcha|p1a: 爱鹿管
|-supereffective|p1a: 爱鹿管
|-damage|p1a: 爱鹿管|36/100
|-heal|p2a: Sinistcha|100/100|[from] drain|[of] p1a: 爱鹿管
|-status|p1a: 爱鹿管|brn
|-enditem|p1a: 爱鹿管|Sitrus Berry|[eat]
|-heal|p1a: 爱鹿管|61/100 brn|[from] item: Sitrus Berry
|move|p1a: 爱鹿管|Whirlwind|p2a: Sinistcha
|drag|p2a: Dipplin|Dipplin, F|100/100
|-damage|p2a: Dipplin|88/100|[from] Stealth Rock
|-ability|p2a: Dipplin|Supersweet Syrup
|-unboost|p1a: 爱鹿管|evasion|1
|
|-weather|RainDance|[upkeep]
|-damage|p1a: 爱鹿管|55/100 brn|[from] brn
|upkeep
|turn|13
|
|t:|1757833563
|switch|p1a: Heatran|Heatran, F|76/100
|move|p2a: Dipplin|Leaf Storm|p1a: Heatran
|-resisted|p1a: Heatran
|-damage|p1a: Heatran|67/100
|-unboost|p2a: Dipplin|spa|2
|-enditem|p2a: Dipplin|White Herb
|-clearnegativeboost|p2a: Dipplin|[silent]
|
|-weather|RainDance|[upkeep]
|upkeep
|turn|14
|
|t:|1757833573
|move|p1a: Heatran|Earth Power|p2a: Dipplin
|-resisted|p2a: Dipplin
|-damage|p2a: Dipplin|75/100
|move|p2a: Dipplin|Recycle|p2a: Dipplin
|-item|p2a: Dipplin|White Herb|[from] move: Recycle
|
|-weather|none
|upkeep
|turn|15
|
|t:|1757833593
|move|p1a: Heatran|Will-O-Wisp|p2a: Dipplin
|-status|p2a: Dipplin|brn
|move|p2a: Dipplin|Draco Meteor|p1a: Heatran
|-resisted|p1a: Heatran
|-damage|p1a: Heatran|49/100
|-unboost|p2a: Dipplin|spa|2
|-enditem|p2a: Dipplin|White Herb
|-clearnegativeboost|p2a: Dipplin|[silent]
|
|-damage|p2a: Dipplin|69/100 brn|[from] brn
|upkeep
|turn|16
|
|t:|1757833604
|move|p1a: Heatran|Earth Power|p2a: Dipplin
|-resisted|p2a: Dipplin
|-damage|p2a: Dipplin|55/100 brn
|move|p2a: Dipplin|Recycle|p2a: Dipplin
|-item|p2a: Dipplin|White Herb|[from] move: Recycle
|
|-damage|p2a: Dipplin|49/100 brn|[from] brn
|upkeep
|turn|17
|
|t:|1757833612
|switch|p2a: Hydrapple|Hydrapple, M|100/100
|-damage|p2a: Hydrapple|88/100|[from] Stealth Rock
|move|p1a: Heatran|Protect||[still]
|-fail|p1a: Heatran
|
|-heal|p2a: Hydrapple|94/100|[from] item: Leftovers
|upkeep
|turn|18
|
|t:|1757833621
|move|p1a: Heatran|Will-O-Wisp|p2a: Hydrapple
|-status|p2a: Hydrapple|brn
|move|p2a: Hydrapple|Nasty Plot|p2a: Hydrapple
|-boost|p2a: Hydrapple|spa|2
|
|-heal|p2a: Hydrapple|99/100 brn|[from] item: Leftovers
|-damage|p2a: Hydrapple|94/100 brn|[from] brn
|upkeep
|turn|19
|
|t:|1757833642
|move|p1a: Heatran|Earth Power|p2a: Hydrapple
|-resisted|p2a: Hydrapple
|-damage|p2a: Hydrapple|81/100 brn
|move|p2a: Hydrapple|Substitute|p2a: Hydrapple
|-start|p2a: Hydrapple|Substitute
|-damage|p2a: Hydrapple|57/100 brn
|
|-heal|p2a: Hydrapple|63/100 brn|[from] item: Leftovers
|-damage|p2a: Hydrapple|57/100 brn|[from] brn
|upkeep
|turn|20
|
|t:|1757833659
|switch|p1a: Chansey|Chansey, F|20/100
|move|p2a: Hydrapple|Nasty Plot|p2a: Hydrapple
|-boost|p2a: Hydrapple|spa|2
|
|-heal|p2a: Hydrapple|63/100 brn|[from] item: Leftovers
|-damage|p2a: Hydrapple|57/100 brn|[from] brn
|upkeep
|turn|21
|
|t:|1757833668
|move|p1a: Chansey|Soft-Boiled|p1a: Chansey
|-heal|p1a: Chansey|70/100
|move|p2a: Hydrapple|Nasty Plot|p2a: Hydrapple
|-boost|p2a: Hydrapple|spa|2
|
|-heal|p2a: Hydrapple|63/100 brn|[from] item: Leftovers
|-damage|p2a: Hydrapple|57/100 brn|[from] brn
|upkeep
|turn|22
|
|t:|1757833678
|move|p1a: Chansey|Chilling Water|p2a: Hydrapple
|-resisted|p2a: Hydrapple
|-activate|p2a: Hydrapple|move: Substitute|[damage]
|move|p2a: Hydrapple|Fickle Beam|p1a: Chansey
|-damage|p1a: Chansey|31/100
|
|-heal|p2a: Hydrapple|63/100 brn|[from] item: Leftovers
|-damage|p2a: Hydrapple|57/100 brn|[from] brn
|upkeep
|turn|23
|
|t:|1757833687
|move|p1a: Chansey|Soft-Boiled|p1a: Chansey
|-heal|p1a: Chansey|81/100
|move|p2a: Hydrapple|Fickle Beam|p1a: Chansey
|-damage|p1a: Chansey|40/100
|
|-heal|p2a: Hydrapple|63/100 brn|[from] item: Leftovers
|-damage|p2a: Hydrapple|57/100 brn|[from] brn
|upkeep
|turn|24
|
|t:|1757833703
|switch|p1a: Heatran|Heatran, F|49/100
|move|p2a: Hydrapple|Fickle Beam|p1a: Heatran
|-resisted|p1a: Heatran
|-damage|p1a: Heatran|0 fnt
|faint|p1a: Heatran
|
|-heal|p2a: Hydrapple|63/100 brn|[from] item: Leftovers
|-damage|p2a: Hydrapple|57/100 brn|[from] brn
|upkeep
|
|t:|1757833716
|switch|p1a: 爱鹿管|Ting-Lu|55/100 brn
|-ability|p1a: 爱鹿管|Vessel of Ruin
|turn|25
|
|t:|1757833729
|move|p2a: Hydrapple|Fickle Beam|p1a: 爱鹿管|[anim] Fickle Beam All Out
|-activate|p2a: Hydrapple|move: Fickle Beam
|-damage|p1a: 爱鹿管|0 fnt
|faint|p1a: 爱鹿管
|
|-heal|p2a: Hydrapple|63/100 brn|[from] item: Leftovers
|-damage|p2a: Hydrapple|57/100 brn|[from] brn
|upkeep
|
|t:|1757833737
|switch|p1a: Chansey|Chansey, F|40/100
|turn|26
|
|t:|1757833740
|move|p1a: Chansey|Soft-Boiled|p1a: Chansey
|-heal|p1a: Chansey|90/100
|move|p2a: Hydrapple|Fickle Beam|p1a: Chansey|[anim] Fickle Beam All Out
|-activate|p2a: Hydrapple|move: Fickle Beam
|-damage|p1a: Chansey|14/100
|
|-heal|p2a: Hydrapple|63/100 brn|[from] item: Leftovers
|-damage|p2a: Hydrapple|57/100 brn|[from] brn
|upkeep
|turn|27
|
|t:|1757833750
|move|p1a: Chansey|Soft-Boiled|p1a: Chansey
|-heal|p1a: Chansey|64/100
|move|p2a: Hydrapple|Earth Power|p1a: Chansey
|-damage|p1a: Chansey|34/100
|
|-heal|p2a: Hydrapple|63/100 brn|[from] item: Leftovers
|-damage|p2a: Hydrapple|57/100 brn|[from] brn
|upkeep
|turn|28
|
|t:|1757833758
|move|p1a: Chansey|Soft-Boiled|p1a: Chansey
|-heal|p1a: Chansey|84/100
|move|p2a: Hydrapple|Fickle Beam|p1a: Chansey
|-crit|p1a: Chansey
|-damage|p1a: Chansey|28/100
|
|-heal|p2a: Hydrapple|63/100 brn|[from] item: Leftovers
|-damage|p2a: Hydrapple|57/100 brn|[from] brn
|upkeep
|turn|29
|
|t:|1757833771
|move|p1a: Chansey|Soft-Boiled|p1a: Chansey
|-heal|p1a: Chansey|78/100
|move|p2a: Hydrapple|Earth Power|p1a: Chansey
|-damage|p1a: Chansey|47/100
|
|-heal|p2a: Hydrapple|63/100 brn|[from] item: Leftovers
|-damage|p2a: Hydrapple|57/100 brn|[from] brn
|upkeep
|turn|30
|
|t:|1757833784
|move|p1a: Chansey|Seismic Toss|p2a: Hydrapple
|-end|p2a: Hydrapple|Substitute
|move|p2a: Hydrapple|Earth Power|p1a: Chansey
|-damage|p1a: Chansey|18/100
|
|-heal|p2a: Hydrapple|63/100 brn|[from] item: Leftovers
|-damage|p2a: Hydrapple|57/100 brn|[from] brn
|upkeep
|turn|31
|
|t:|1757833794
|move|p1a: Chansey|Seismic Toss|p2a: Hydrapple
|-damage|p2a: Hydrapple|33/100 brn
|move|p2a: Hydrapple|Earth Power|p1a: Chansey
|-damage|p1a: Chansey|0 fnt
|faint|p1a: Chansey
|
|-heal|p2a: Hydrapple|39/100 brn|[from] item: Leftovers
|-damage|p2a: Hydrapple|33/100 brn|[from] brn
|upkeep
|
|t:|1757833803
|switch|p1a: Meowscarada|Meowscarada, F|100/100
|turn|32
|
|t:|1757833812
|move|p1a: Meowscarada|U-turn|p2a: Hydrapple
|-start|p1a: Meowscarada|typechange|Bug|[from] ability: Protean
|-supereffective|p2a: Hydrapple
|-damage|p2a: Hydrapple|0 fnt
|faint|p2a: Hydrapple
|
|t:|1757833818
|switch|p1a: Amoonguss|Amoonguss, F|100/100|[from] U-turn
|
|upkeep
|
|t:|1757833829
|switch|p2a: Appletun|Appletun, F|100/100
|-damage|p2a: Appletun|88/100|[from] Stealth Rock
|turn|33
|
|t:|1757833838
|move|p2a: Appletun|Iron Defense|p2a: Appletun
|-boost|p2a: Appletun|def|2
|move|p1a: Amoonguss|Foul Play|p2a: Appletun
|-damage|p2a: Appletun|81/100
|
|-heal|p2a: Appletun|88/100|[from] item: Leftovers
|upkeep
|turn|34
|
|t:|1757833845
|switch|p1a: Meowscarada|Meowscarada, F|100/100
|move|p2a: Appletun|Iron Defense|p2a: Appletun
|-boost|p2a: Appletun|def|2
|
|-heal|p2a: Appletun|94/100|[from] item: Leftovers
|upkeep
|turn|35
|
|t:|1757833855
|move|p1a: Meowscarada|Night Slash|p2a: Appletun
|-start|p1a: Meowscarada|typechange|Dark|[from] ability: Protean
|-damage|p2a: Appletun|82/100
|move|p2a: Appletun|Grassy Terrain|p2a: Appletun
|-fieldstart|move: Grassy Terrain
|
|-heal|p2a: Appletun|88/100|[from] Grassy Terrain
|-heal|p2a: Appletun|95/100|[from] item: Leftovers
|upkeep
|turn|36
|
|t:|1757833867
|move|p1a: Meowscarada|Night Slash|p2a: Appletun
|-damage|p2a: Appletun|84/100
|move|p2a: Appletun|Iron Defense|p2a: Appletun
|-boost|p2a: Appletun|def|2
|
|-heal|p2a: Appletun|90/100|[from] Grassy Terrain
|-heal|p2a: Appletun|96/100|[from] item: Leftovers
|upkeep
|turn|37
|
|t:|1757833875
|move|p1a: Meowscarada|Night Slash|p2a: Appletun
|-damage|p2a: Appletun|88/100
|move|p2a: Appletun|Amnesia|p2a: Appletun
|-boost|p2a: Appletun|spd|2
|
|-heal|p2a: Appletun|94/100|[from] Grassy Terrain
|-heal|p2a: Appletun|99/100|[from] item: Leftovers
|upkeep
|turn|38
|
|t:|1757833884
|move|p1a: Meowscarada|Night Slash|p2a: Appletun
|-damage|p2a: Appletun|91/100
|move|p2a: Appletun|Apple Acid|p1a: Meowscarada
|-damage|p1a: Meowscarada|44/100
|-unboost|p1a: Meowscarada|spd|1
|
|-heal|p1a: Meowscarada|50/100|[from] Grassy Terrain
|-heal|p2a: Appletun|97/100|[from] Grassy Terrain
|-heal|p2a: Appletun|100/100|[from] item: Leftovers
|upkeep
|turn|39
|
|t:|1757833894
|switch|p1a: Amoonguss|Amoonguss, F|100/100
|move|p2a: Appletun|Apple Acid|p1a: Amoonguss
|-resisted|p1a: Amoonguss
|-damage|p1a: Amoonguss|93/100
|-unboost|p1a: Amoonguss|spd|1
|
|-heal|p1a: Amoonguss|99/100|[from] Grassy Terrain
|-heal|p1a: Amoonguss|100/100|[from] item: Leftovers
|-fieldend|move: Grassy Terrain
|upkeep
|turn|40
|inactive|cxkbaochaozyc has 120 seconds left.
|-message|cxkbaochaozyc forfeited.
|
|win|quixic4
|raw|cxkbaochaozyc's rating: 1062 &rarr; <strong>1045</strong><br />(-17 for losing)
|raw|quixic4's rating: 1110 &rarr; <strong>1132</strong><br />(+22 for winning)
|l|☆cxkbaochaozyc
|player|p1|
|l|☆quixic4
|player|p2|
