|j|☆hugh12248
|j|☆BluTurtle_
|t:|1757785410
|gametype|singles
|player|p1|hugh12248|swimmerf-gen4|1130
|player|p2|BluTurtle_|steven|1172
|gen|9
|tier|[Gen 9] OU
|rated|
|rule|HP Percentage Mod: HP is shown in percentages
|rule|Endless Battle Clause: Forcing endless battles is banned
|rule|Species Clause: Limit one of each Pokémon
|rule|OHKO Clause: OHKO moves are banned
|rule|Evasion Items Clause: Evasion items are banned
|rule|Evasion Moves Clause: Evasion moves are banned
|rule|Evasion Abilities Clause: Evasion abilities are banned
|rule|Sleep Moves Clause: Sleep-inducing moves are banned
|clearpoke
|poke|p1|Quaquaval, F|
|poke|p1|Hawlucha, M|
|poke|p1|Meowstic, M|
|poke|p1|Cinccino, F|
|poke|p1|Maushold-Four|
|poke|p1|Scizor, F|
|poke|p2|Gholdengo|
|poke|p2|Glimmora, F|
|poke|p2|Comfey, F|
|poke|p2|Kingambit, M|
|poke|p2|Ogerpon-Wellspring, F|
|poke|p2|Blaziken, F|
|teampreview
|
|t:|1757785418
|teamsize|p1|6
|teamsize|p2|6
|start
|switch|p1a: Meowstic|Meowstic, M|100/100
|switch|p2a: Glimmora|Glimmora, F, shiny|100/100
|turn|1
|
|t:|1757785441
|switch|p1a: Maushold|Maushold-Four|100/100
|switch|p2a: Kingambit|Kingambit, M, shiny|100/100
|
|upkeep
|turn|2
|
|t:|1757785452
|switch|p1a: Hawlucha|Hawlucha, M|100/100
|move|p2a: Kingambit|Swords Dance|p2a: Kingambit
|-boost|p2a: Kingambit|atk|2
|
|upkeep
|turn|3
|
|t:|1757785466
|-terastallize|p2a: Kingambit|Ghost
|move|p2a: Kingambit|Sucker Punch|p1a: Hawlucha
|-resisted|p1a: Hawlucha
|-damage|p1a: Hawlucha|38/100
|move|p1a: Hawlucha|Throat Chop|p2a: Kingambit
|-supereffective|p2a: Kingambit
|-damage|p2a: Kingambit|66/100
|-start|p2a: Kingambit|Throat Chop|[silent]
|
|-heal|p2a: Kingambit|72/100|[from] item: Leftovers
|upkeep
|turn|4
|
|t:|1757785473
|move|p2a: Kingambit|Sucker Punch|p1a: Hawlucha
|-resisted|p1a: Hawlucha
|-damage|p1a: Hawlucha|0 fnt
|faint|p1a: Hawlucha
|
|-heal|p2a: Kingambit|79/100|[from] item: Leftovers
|-end|p2a: Kingambit|Throat Chop|[silent]
|upkeep
|
|t:|1757785478
|switch|p1a: Meowstic|Meowstic, M|100/100
|turn|5
|
|t:|1757785483
|move|p1a: Meowstic|Reflect|p1a: Meowstic
|-sidestart|p1: hugh12248|Reflect
|move|p2a: Kingambit|Swords Dance|p2a: Kingambit
|-boost|p2a: Kingambit|atk|2
|
|-heal|p2a: Kingambit|85/100|[from] item: Leftovers
|upkeep
|turn|6
|
|t:|1757785485
|move|p1a: Meowstic|Alluring Voice|p2a: Kingambit
|-damage|p2a: Kingambit|71/100
|move|p2a: Kingambit|Swords Dance|p2a: Kingambit
|-boost|p2a: Kingambit|atk|2
|
|-heal|p2a: Kingambit|77/100|[from] item: Leftovers
|upkeep
|turn|7
|
|t:|1757785490
|move|p1a: Meowstic|Alluring Voice|p2a: Kingambit
|-damage|p2a: Kingambit|63/100
|move|p2a: Kingambit|Kowtow Cleave|p1a: Meowstic
|-supereffective|p1a: Meowstic
|-damage|p1a: Meowstic|0 fnt
|faint|p1a: Meowstic
|
|-heal|p2a: Kingambit|69/100|[from] item: Leftovers
|upkeep
|
|t:|1757785500
|switch|p1a: Scizor|Scizor, F|100/100
|turn|8
|
|t:|1757785505
|move|p1a: Scizor|Bullet Punch|p2a: Kingambit
|-crit|p2a: Kingambit
|-damage|p2a: Kingambit|12/100
|move|p2a: Kingambit|Sucker Punch||[still]
|-fail|p2a: Kingambit
|
|-heal|p2a: Kingambit|18/100|[from] item: Leftovers
|upkeep
|turn|9
|
|t:|1757785508
|move|p1a: Scizor|Bullet Punch|p2a: Kingambit
|-damage|p2a: Kingambit|0 fnt
|faint|p2a: Kingambit
|-end|p2a: Kingambit|fallenundefined|[silent]
|
|upkeep
|
|t:|1757785512
|switch|p2a: Gholdengo|Gholdengo, shiny|100/100
|-item|p2a: Gholdengo|Air Balloon
|turn|10
|
|t:|1757785528
|switch|p1a: Quaquaval|Quaquaval, F|100/100
|move|p2a: Gholdengo|Dazzling Gleam|p1a: Quaquaval
|-supereffective|p1a: Quaquaval
|-damage|p1a: Quaquaval|27/100
|
|upkeep
|turn|11
|
|t:|1757785534
|switch|p2a: Ogerpon|Ogerpon-Wellspring, F|100/100
|move|p1a: Quaquaval|Aqua Step|p2a: Ogerpon
|-immune|p2a: Ogerpon|[from] ability: Water Absorb
|
|upkeep
|turn|12
|
|t:|1757785542
|switch|p1a: Scizor|Scizor, F|100/100
|move|p2a: Ogerpon|U-turn|p1a: Scizor
|-resisted|p1a: Scizor
|-damage|p1a: Scizor|94/100
|
|t:|1757785546
|switch|p2a: Blaziken|Blaziken, F, shiny|100/100|[from] U-turn
|
|-sideend|p1: hugh12248|Reflect
|upkeep
|turn|13
|
|t:|1757785555
|move|p1a: Scizor|Quick Attack|p2a: Blaziken
|-damage|p2a: Blaziken|45/100
|move|p2a: Blaziken|Knock Off|p1a: Scizor
|-damage|p1a: Scizor|45/100
|-enditem|p1a: Scizor|Choice Band|[from] move: Knock Off|[of] p2a: Blaziken
|-damage|p2a: Blaziken|35/100|[from] item: Life Orb
|
|-ability|p2a: Blaziken|Speed Boost|boost
|-boost|p2a: Blaziken|spe|1
|upkeep
|turn|14
|
|t:|1757785560
|move|p2a: Blaziken|Protect|p2a: Blaziken
|-singleturn|p2a: Blaziken|Protect
|move|p1a: Scizor|Quick Attack|p2a: Blaziken
|-activate|p2a: Blaziken|move: Protect
|
|-ability|p2a: Blaziken|Speed Boost|boost
|-boost|p2a: Blaziken|spe|1
|upkeep
|turn|15
|
|t:|1757785572
|switch|p2a: Gholdengo|Gholdengo, shiny|100/100
|-item|p2a: Gholdengo|Air Balloon
|switch|p1a: Quaquaval|Quaquaval, F|27/100
|
|upkeep
|turn|16
|
|t:|1757785579
|move|p1a: Quaquaval|Aqua Step|p2a: Gholdengo
|-damage|p2a: Gholdengo|54/100
|-boost|p1a: Quaquaval|spe|1
|-enditem|p2a: Gholdengo|Air Balloon
|move|p2a: Gholdengo|Dazzling Gleam|p1a: Quaquaval
|-supereffective|p1a: Quaquaval
|-damage|p1a: Quaquaval|0 fnt
|faint|p1a: Quaquaval
|
|upkeep
|
|t:|1757785587
|switch|p1a: Maushold|Maushold-Four|100/100
|turn|17
|
|t:|1757785596
|move|p1a: Maushold|Crunch|p2a: Gholdengo
|-supereffective|p2a: Gholdengo
|-damage|p2a: Gholdengo|8/100
|move|p2a: Gholdengo|Nasty Plot|p2a: Gholdengo
|-boost|p2a: Gholdengo|spa|2
|
|upkeep
|turn|18
|
|t:|1757785599
|move|p1a: Maushold|Crunch|p2a: Gholdengo
|-supereffective|p2a: Gholdengo
|-damage|p2a: Gholdengo|0 fnt
|faint|p2a: Gholdengo
|
|upkeep
|
|t:|1757785603
|switch|p2a: Blaziken|Blaziken, F, shiny|35/100
|turn|19
|
|t:|1757785621
|-terastallize|p1a: Maushold|Ghost
|move|p2a: Blaziken|Protect|p2a: Blaziken
|-singleturn|p2a: Blaziken|Protect
|move|p1a: Maushold|Tidy Up|p1a: Maushold
|-boost|p1a: Maushold|atk|1
|-boost|p1a: Maushold|spe|1
|
|-ability|p2a: Blaziken|Speed Boost|boost
|-boost|p2a: Blaziken|spe|1
|upkeep
|turn|20
|
|t:|1757785628
|move|p2a: Blaziken|Protect||[still]
|-fail|p2a: Blaziken
|move|p1a: Maushold|Population Bomb|p2a: Blaziken
|-damage|p2a: Blaziken|12/100
|-damage|p2a: Blaziken|0 fnt
|faint|p2a: Blaziken
|-hitcount|p2: Blaziken|2
|
|upkeep
|
|t:|1757785631
|switch|p2a: Comfey|Comfey, F, shiny|100/100
|turn|21
|
|t:|1757785640
|move|p1a: Maushold|Population Bomb|p2a: Comfey
|-damage|p2a: Comfey|82/100
|-damage|p2a: Comfey|63/100
|-damage|p2a: Comfey|43/100
|-damage|p2a: Comfey|21/100
|-damage|p2a: Comfey|2/100
|-damage|p2a: Comfey|0 fnt
|faint|p2a: Comfey
|-hitcount|p2: Comfey|6
|
|upkeep
|
|t:|1757785651
|switch|p2a: Ogerpon|Ogerpon-Wellspring, F|100/100
|turn|22
|
|t:|1757785658
|move|p1a: Maushold|Population Bomb|p2a: Ogerpon
|-damage|p2a: Ogerpon|77/100
|-damage|p2a: Ogerpon|54/100
|-damage|p2a: Ogerpon|32/100
|-damage|p2a: Ogerpon|8/100
|-damage|p2a: Ogerpon|0 fnt
|faint|p2a: Ogerpon
|-hitcount|p2: Ogerpon|5
|
|upkeep
|
|t:|1757785661
|switch|p2a: Glimmora|Glimmora, F, shiny|100/100
|turn|23
|inactive|Battle timer is ON: inactive players will automatically lose when time's up. (requested by hugh12248)
|inactive|BluTurtle_ has 120 seconds left.
|inactive|BluTurtle_ has 90 seconds left.
|inactive|BluTurtle_ has 60 seconds left.
|inactive|BluTurtle_ has 30 seconds left.
|inactive|BluTurtle_ has 20 seconds left.
|inactive|BluTurtle_ has 15 seconds left.
|inactive|BluTurtle_ has 10 seconds left.
|inactive|BluTurtle_ has 5 seconds left.
|
|t:|1757785855
|move|p1a: Maushold|Population Bomb|p2a: Glimmora
|-resisted|p2a: Glimmora
|-damage|p2a: Glimmora|95/100
|-activate|p2a: Glimmora|ability: Toxic Debris
|-sidestart|p1: hugh12248|move: Toxic Spikes
|-resisted|p2a: Glimmora
|-damage|p2a: Glimmora|89/100
|-activate|p2a: Glimmora|ability: Toxic Debris
|-sidestart|p1: hugh12248|move: Toxic Spikes
|-resisted|p2a: Glimmora
|-crit|p2a: Glimmora
|-damage|p2a: Glimmora|81/100
|-resisted|p2a: Glimmora
|-damage|p2a: Glimmora|75/100
|-resisted|p2a: Glimmora
|-damage|p2a: Glimmora|69/100
|-resisted|p2a: Glimmora
|-damage|p2a: Glimmora|63/100
|-resisted|p2a: Glimmora
|-damage|p2a: Glimmora|57/100
|-resisted|p2a: Glimmora
|-damage|p2a: Glimmora|51/100
|-resisted|p2a: Glimmora
|-damage|p2a: Glimmora|46/100
|-resisted|p2a: Glimmora
|-damage|p2a: Glimmora|40/100
|-hitcount|p2a: Glimmora|10
|-enditem|p2a: Glimmora|Red Card|[of] p1a: Maushold
|drag|p1a: Scizor|Scizor, F|45/100
|move|p2a: Glimmora|Stealth Rock|p1a: Scizor
|-sidestart|p1: hugh12248|move: Stealth Rock
|
|upkeep
|turn|24
|inactive|BluTurtle_ has 60 seconds left.
|inactive|BluTurtle_ has 30 seconds left.
|inactive|BluTurtle_ has 20 seconds left.
|c|☆hugh12248|想拖时间？没用
|inactive|BluTurtle_ has 15 seconds left.
|inactive|BluTurtle_ has 10 seconds left.
|inactive|BluTurtle_ has 5 seconds left.
|-message|BluTurtle_ lost due to inactivity.
|
|win|hugh12248
|raw|hugh12248's rating: 1130 &rarr; <strong>1158</strong><br />(+28 for winning)
|raw|BluTurtle_'s rating: 1172 &rarr; <strong>1144</strong><br />(-28 for losing)
|l|☆BluTurtle_
|player|p2|
|l|☆hugh12248
|player|p1|
