|j|☆i have no id
|j|☆STONE CHAI
|t:|1757845185
|gametype|singles
|player|p1|i have no id|cynthia-gen4|1620
|player|p2|STONE CHAI|101|1568
|gen|9
|tier|[Gen 9] OU
|rated|
|rule|HP Percentage Mod: HP is shown in percentages
|rule|Endless Battle Clause: Forcing endless battles is banned
|rule|Species Clause: Limit one of each Pokémon
|rule|OHKO Clause: OHKO moves are banned
|rule|Evasion Items Clause: Evasion items are banned
|rule|Evasion Moves Clause: Evasion moves are banned
|rule|Evasion Abilities Clause: Evasion abilities are banned
|rule|Sleep Moves Clause: Sleep-inducing moves are banned
|clearpoke
|poke|p1|Primarina, M|
|poke|p1|Iron Treads|
|poke|p1|Dragapult, F|
|poke|p1|Corviknight, F|
|poke|p1|Raging Bolt|
|poke|p1|Meowscarada, M|
|poke|p2|Dragapult, M|
|poke|p2|Glimmora, M|
|poke|p2|Comfey, M|
|poke|p2|Kingambit, M|
|poke|p2|Ogerpon-Wellspring, F|
|poke|p2|Blaziken, M|
|teampreview
|j| heatraniac
|j| Ctannn
|l| heatraniac
|
|t:|1757845211
|teamsize|p1|6
|teamsize|p2|6
|start
|switch|p1a: Iron Treads|Iron Treads|100/100
|switch|p2a: Comfey|Comfey, M, shiny|100/100
|-item|p1a: Iron Treads|Air Balloon
|turn|1
|
|t:|1757845224
|switch|p2a: Ogerpon|Ogerpon-Wellspring, F|100/100
|move|p1a: Iron Treads|Stealth Rock|p2a: Ogerpon
|-sidestart|p2: STONE CHAI|move: Stealth Rock
|
|upkeep
|turn|2
|
|t:|1757845232
|-end|p1a: Iron Treads|Quark Drive|[silent]
|switch|p1a: Corviknight|Corviknight, F|100/100
|-ability|p1a: Corviknight|Pressure
|move|p2a: Ogerpon|Spikes|p1a: Corviknight
|-sidestart|p1: i have no id|Spikes
|
|upkeep
|turn|3
|
|t:|1757845241
|switch|p2a: Glimmora|Glimmora, M, shiny|100/100
|-damage|p2a: Glimmora|88/100|[from] Stealth Rock
|move|p1a: Corviknight|U-turn|p2a: Glimmora
|-resisted|p2a: Glimmora
|-damage|p2a: Glimmora|83/100
|-activate|p2a: Glimmora|ability: Toxic Debris
|-sidestart|p1: i have no id|move: Toxic Spikes
|-enditem|p2a: Glimmora|Red Card|[of] p1a: Corviknight
|drag|p1a: Meowscarada|Meowscarada, M|100/100
|-damage|p1a: Meowscarada|88/100|[from] Spikes
|-status|p1a: Meowscarada|psn
|
|-damage|p1a: Meowscarada|76/100 psn|[from] psn
|upkeep
|turn|4
|
|t:|1757845258
|move|p1a: Meowscarada|U-turn|p2a: Glimmora
|-start|p1a: Meowscarada|typechange|Bug|[from] ability: Protean
|-resisted|p2a: Glimmora
|-damage|p2a: Glimmora|70/100
|-activate|p2a: Glimmora|ability: Toxic Debris
|-sidestart|p1: i have no id|move: Toxic Spikes
|
|t:|1757845263
|switch|p1a: Iron Treads|Iron Treads|100/100|[from] U-turn
|-item|p1a: Iron Treads|Air Balloon
|move|p2a: Glimmora|Stealth Rock|p1a: Iron Treads
|-sidestart|p1: i have no id|move: Stealth Rock
|
|upkeep
|turn|5
|
|t:|1757845271
|-terastallize|p2a: Glimmora|Ghost
|move|p1a: Iron Treads|Earthquake|p2a: Glimmora
|-damage|p2a: Glimmora|36/100
|move|p2a: Glimmora|Power Gem|p1a: Iron Treads
|-resisted|p1a: Iron Treads
|-damage|p1a: Iron Treads|89/100
|-enditem|p1a: Iron Treads|Air Balloon
|
|upkeep
|turn|6
|
|t:|1757845278
|move|p1a: Iron Treads|Knock Off|p2a: Glimmora
|-supereffective|p2a: Glimmora
|-damage|p2a: Glimmora|5/100
|move|p2a: Glimmora|Earth Power|p1a: Iron Treads
|-supereffective|p1a: Iron Treads
|-damage|p1a: Iron Treads|12/100
|
|upkeep
|turn|7
|
|t:|1757845284
|move|p1a: Iron Treads|Knock Off|p2a: Glimmora
|-supereffective|p2a: Glimmora
|-damage|p2a: Glimmora|0 fnt
|faint|p2a: Glimmora
|
|upkeep
|
|t:|1757845297
|switch|p2a: Ogerpon|Ogerpon-Wellspring, F|100/100
|-damage|p2a: Ogerpon|88/100|[from] Stealth Rock
|turn|8
|
|t:|1757845308
|move|p2a: Ogerpon|Ivy Cudgel|p1a: Iron Treads|[anim] Ivy Cudgel Water
|-supereffective|p1a: Iron Treads
|-damage|p1a: Iron Treads|0 fnt
|faint|p1a: Iron Treads
|-end|p1a: Iron Treads|Quark Drive|[silent]
|
|upkeep
|
|t:|1757845311
|switch|p1a: Corviknight|Corviknight, F|100/100
|-damage|p1a: Corviknight|88/100|[from] Stealth Rock
|-ability|p1a: Corviknight|Pressure
|turn|9
|
|t:|1757845316
|move|p2a: Ogerpon|Taunt|p1a: Corviknight
|-start|p1a: Corviknight|move: Taunt
|cant|p1a: Corviknight|move: Taunt|Defog
|
|-heal|p1a: Corviknight|94/100|[from] item: Leftovers
|upkeep
|turn|10
|
|t:|1757845329
|move|p2a: Ogerpon|Ivy Cudgel|p1a: Corviknight|[anim] Ivy Cudgel Water
|-crit|p1a: Corviknight
|-damage|p1a: Corviknight|39/100
|move|p1a: Corviknight|U-turn|p2a: Ogerpon
|-supereffective|p2a: Ogerpon
|-damage|p2a: Ogerpon|47/100
|
|t:|1757845339
|switch|p1a: Meowscarada|Meowscarada, M|76/100 psn|[from] U-turn
|-damage|p1a: Meowscarada|64/100 psn|[from] Spikes
|-damage|p1a: Meowscarada|51/100 psn|[from] Stealth Rock
|
|-damage|p1a: Meowscarada|39/100 psn|[from] psn
|upkeep
|turn|11
|j| wgw2333
|
|t:|1757845354
|switch|p2a: Kingambit|Kingambit, M, shiny|100/100
|-damage|p2a: Kingambit|94/100|[from] Stealth Rock
|-activate|p2a: Kingambit|ability: Supreme Overlord
|-start|p2a: Kingambit|fallen1|[silent]
|move|p1a: Meowscarada|U-turn|p2a: Kingambit
|-start|p1a: Meowscarada|typechange|Bug|[from] ability: Protean
|-damage|p2a: Kingambit|71/100
|
|t:|1757845356
|switch|p1a: Corviknight|Corviknight, F|39/100|[from] U-turn
|-damage|p1a: Corviknight|27/100|[from] Stealth Rock
|-ability|p1a: Corviknight|Pressure
|
|-heal|p1a: Corviknight|33/100|[from] item: Leftovers
|-heal|p2a: Kingambit|77/100|[from] item: Leftovers
|upkeep
|turn|12
|inactive|Battle timer is ON: inactive players will automatically lose when time's up. (requested by i have no id)
|
|t:|1757845431
|move|p1a: Corviknight|Defog|p2a: Kingambit
|-unboost|p2a: Kingambit|evasion|1
|-sideend|p2: STONE CHAI|Stealth Rock|[from] move: Defog|[of] p1a: Corviknight
|-sideend|p1: i have no id|Spikes|[from] move: Defog|[of] p1a: Corviknight
|-sideend|p1: i have no id|Toxic Spikes|[from] move: Defog|[of] p1a: Corviknight
|-sideend|p1: i have no id|Stealth Rock|[from] move: Defog|[of] p1a: Corviknight
|move|p2a: Kingambit|Swords Dance|p2a: Kingambit
|-boost|p2a: Kingambit|atk|2
|
|-heal|p1a: Corviknight|39/100|[from] item: Leftovers
|-heal|p2a: Kingambit|84/100|[from] item: Leftovers
|upkeep
|turn|13
|
|t:|1757845439
|move|p1a: Corviknight|Roost|p1a: Corviknight
|-heal|p1a: Corviknight|89/100
|-singleturn|p1a: Corviknight|move: Roost
|move|p2a: Kingambit|Kowtow Cleave|p1a: Corviknight
|-damage|p1a: Corviknight|29/100
|
|-heal|p1a: Corviknight|35/100|[from] item: Leftovers
|-heal|p2a: Kingambit|90/100|[from] item: Leftovers
|upkeep
|turn|14
|
|t:|1757845452
|move|p1a: Corviknight|Body Press|p2a: Kingambit
|-supereffective|p2a: Kingambit
|-damage|p2a: Kingambit|17/100
|move|p2a: Kingambit|Kowtow Cleave|p1a: Corviknight
|-damage|p1a: Corviknight|0 fnt
|faint|p1a: Corviknight
|
|-heal|p2a: Kingambit|24/100|[from] item: Leftovers
|upkeep
|
|t:|1757845461
|switch|p1a: Raging Bolt|Raging Bolt|100/100
|-enditem|p1a: Raging Bolt|Booster Energy
|-activate|p1a: Raging Bolt|ability: Protosynthesis|[fromitem]
|-start|p1a: Raging Bolt|protosynthesisspa
|turn|15
|l| wgw2333
|
|t:|1757845474
|-end|p2a: Kingambit|fallen1|[silent]
|switch|p2a: Comfey|Comfey, M, shiny|100/100
|move|p1a: Raging Bolt|Thunderclap||[still]
|-fail|p1a: Raging Bolt
|
|upkeep
|turn|16
|
|t:|1757845480
|-terastallize|p1a: Raging Bolt|Fairy
|move|p1a: Raging Bolt|Thunderbolt|p2a: Comfey
|-damage|p2a: Comfey|31/100
|move|p2a: Comfey|Calm Mind|p2a: Comfey
|-boost|p2a: Comfey|spa|1
|-boost|p2a: Comfey|spd|1
|
|upkeep
|turn|17
|
|t:|1757845486
|move|p2a: Comfey|Draining Kiss|p1a: Raging Bolt
|-damage|p1a: Raging Bolt|64/100
|-heal|p2a: Comfey|66/100|[from] drain|[of] p1a: Raging Bolt
|-damage|p2a: Comfey|56/100|[from] item: Life Orb
|move|p1a: Raging Bolt|Thunderbolt|p2a: Comfey
|-damage|p2a: Comfey|4/100
|-status|p2a: Comfey|par
|
|upkeep
|turn|18
|
|t:|1757845493
|move|p2a: Comfey|Draining Kiss|p1a: Raging Bolt
|-damage|p1a: Raging Bolt|25/100
|-heal|p2a: Comfey|41/100 par|[from] drain|[of] p1a: Raging Bolt
|-damage|p2a: Comfey|32/100 par|[from] item: Life Orb
|move|p1a: Raging Bolt|Thunderbolt|p2a: Comfey
|-damage|p2a: Comfey|0 fnt
|faint|p2a: Comfey
|
|upkeep
|
|t:|1757845504
|switch|p2a: Dragapult|Dragapult, M, shiny|100/100
|turn|19
|
|t:|1757845508
|-end|p1a: Raging Bolt|Protosynthesis|[silent]
|switch|p1a: Primarina|Primarina, M|100/100
|move|p2a: Dragapult|Shadow Ball|p1a: Primarina
|-damage|p1a: Primarina|75/100
|-unboost|p1a: Primarina|spd|1
|-damage|p2a: Dragapult|91/100|[from] item: Life Orb
|
|upkeep
|turn|20
|inactive|STONE CHAI has 120 seconds left.
|
|t:|1757845555
|switch|p2a: Kingambit|Kingambit, M, shiny|24/100
|-activate|p2a: Kingambit|ability: Supreme Overlord
|-start|p2a: Kingambit|fallen2|[silent]
|move|p1a: Primarina|Moonblast|p2a: Kingambit
|-damage|p2a: Kingambit|0 fnt
|faint|p2a: Kingambit
|-end|p2a: Kingambit|fallen2|[silent]
|
|upkeep
|
|t:|1757845563
|switch|p2a: Ogerpon|Ogerpon-Wellspring, F|47/100
|turn|21
|
|t:|1757845574
|switch|p1a: Dragapult|Dragapult, F|100/100
|move|p2a: Ogerpon|Spikes|p1a: Dragapult
|-sidestart|p1: i have no id|Spikes
|
|upkeep
|turn|22
|inactive|STONE CHAI has 120 seconds left.
|
|t:|1757845579
|move|p1a: Dragapult|Shadow Ball|p2a: Ogerpon
|-damage|p2a: Ogerpon|0 fnt
|faint|p2a: Ogerpon
|
|upkeep
|inactive|STONE CHAI has 120 seconds left.
|inactive|STONE CHAI has 90 seconds left.
|
|t:|1757845629
|switch|p2a: Dragapult|Dragapult, M, shiny|91/100
|turn|23
|
|t:|1757845632
|switch|p1a: Meowscarada|Meowscarada, M|39/100 psn
|-damage|p1a: Meowscarada|27/100 psn|[from] Spikes
|move|p2a: Dragapult|Shadow Ball|p1a: Meowscarada
|-resisted|p1a: Meowscarada
|-crit|p1a: Meowscarada
|-damage|p1a: Meowscarada|0 fnt
|faint|p1a: Meowscarada
|-damage|p2a: Dragapult|81/100|[from] item: Life Orb
|
|upkeep
|
|t:|1757845638
|switch|p1a: Primarina|Primarina, M|75/100
|-damage|p1a: Primarina|62/100|[from] Spikes
|turn|24
|inactive|STONE CHAI has 90 seconds left.
|
|t:|1757845678
|switch|p2a: Blaziken|Blaziken, M, shiny|100/100
|move|p1a: Primarina|Moonblast|p2a: Blaziken
|-damage|p2a: Blaziken|20/100
|
|upkeep
|turn|25
|
|t:|1757845689
|switch|p1a: Dragapult|Dragapult, F|100/100
|-damage|p1a: Dragapult|88/100|[from] Spikes
|move|p2a: Blaziken|Knock Off|p1a: Dragapult
|-supereffective|p1a: Dragapult
|-damage|p1a: Dragapult|0 fnt
|-enditem|p1a: Dragapult|Choice Specs|[from] move: Knock Off|[of] p2a: Blaziken
|faint|p1a: Dragapult
|-damage|p2a: Blaziken|10/100|[from] item: Life Orb
|
|-ability|p2a: Blaziken|Speed Boost|boost
|-boost|p2a: Blaziken|spe|1
|upkeep
|
|t:|1757845696
|switch|p1a: Raging Bolt|Raging Bolt, tera:Fairy|25/100
|-damage|p1a: Raging Bolt|13/100|[from] Spikes
|turn|26
|
|t:|1757845702
|move|p2a: Blaziken|Protect|p2a: Blaziken
|-singleturn|p2a: Blaziken|Protect
|move|p1a: Raging Bolt|Thunderclap||[still]
|-fail|p1a: Raging Bolt
|
|-ability|p2a: Blaziken|Speed Boost|boost
|-boost|p2a: Blaziken|spe|1
|upkeep
|turn|27
|
|t:|1757845708
|move|p2a: Blaziken|Protect||[still]
|-fail|p2a: Blaziken
|move|p1a: Raging Bolt|Thunderclap||[still]
|-fail|p1a: Raging Bolt
|
|-ability|p2a: Blaziken|Speed Boost|boost
|-boost|p2a: Blaziken|spe|1
|upkeep
|turn|28
|inactive|STONE CHAI has 90 seconds left.
|inactive|STONE CHAI has 60 seconds left.
|
|t:|1757845746
|switch|p2a: Dragapult|Dragapult, M, shiny|81/100
|move|p1a: Raging Bolt|Thunderbolt|p2a: Dragapult
|-resisted|p2a: Dragapult
|-damage|p2a: Dragapult|37/100
|
|upkeep
|turn|29
|
|t:|1757845766
|move|p1a: Raging Bolt|Thunderclap|p2a: Dragapult
|-resisted|p2a: Dragapult
|-damage|p2a: Dragapult|4/100
|move|p2a: Dragapult|Shadow Ball|p1a: Raging Bolt
|-damage|p1a: Raging Bolt|0 fnt
|faint|p1a: Raging Bolt
|-end|p1a: Raging Bolt|Protosynthesis|[silent]
|-damage|p2a: Dragapult|0 fnt|[from] item: Life Orb
|faint|p2a: Dragapult
|
|upkeep
|
|t:|1757845773
|switch|p2a: Blaziken|Blaziken, M, shiny|10/100
|switch|p1a: Primarina|Primarina, M|62/100
|-damage|p1a: Primarina|50/100|[from] Spikes
|turn|30
|
|t:|1757845782
|move|p2a: Blaziken|Protect|p2a: Blaziken
|-singleturn|p2a: Blaziken|Protect
|move|p1a: Primarina|Moonblast|p2a: Blaziken
|-activate|p2a: Blaziken|move: Protect
|
|-ability|p2a: Blaziken|Speed Boost|boost
|-boost|p2a: Blaziken|spe|1
|upkeep
|turn|31
|
|t:|1757845790
|move|p2a: Blaziken|Flare Blitz|p1a: Primarina
|-resisted|p1a: Primarina
|-damage|p1a: Primarina|0 fnt
|faint|p1a: Primarina
|-damage|p2a: Blaziken|0 fnt|[from] Recoil
|faint|p2a: Blaziken
|
|win|STONE CHAI
|raw|i have no id's rating: 1620 &rarr; <strong>1597</strong><br />(-23 for losing)
|raw|STONE CHAI's rating: 1568 &rarr; <strong>1591</strong><br />(+23 for winning)
|l|☆i have no id
|player|p1|
|l|☆STONE CHAI
|player|p2|
|l| Ctannn
