|j|☆iyasih
|j|☆StylesTheTraveler
|t:|1757792922
|gametype|singles
|player|p1|iyasih|266|1266
|player|p2|StylesTheTraveler|ultraforestkartenvoy|1270
|gen|9
|tier|[Gen 9] OU
|rated|
|rule|HP Percentage Mod: HP is shown in percentages
|rule|Endless Battle Clause: Forcing endless battles is banned
|rule|Species Clause: Limit one of each Pokémon
|rule|OHKO Clause: OHKO moves are banned
|rule|Evasion Items Clause: Evasion items are banned
|rule|Evasion Moves Clause: Evasion moves are banned
|rule|Evasion Abilities Clause: Evasion abilities are banned
|rule|Sleep Moves Clause: Sleep-inducing moves are banned
|clearpoke
|poke|p1|Clefable, M|
|poke|p1|Jirachi|
|poke|p1|Deoxys-Defense|
|poke|p1|Ting-Lu|
|poke|p1|Kyurem|
|poke|p1|Braviary-Hisui, M|
|poke|p2|Skeledirge, M|
|poke|p2|Araquanid, M|
|poke|p2|Dragonite, M|
|poke|p2|Tentacruel, M|
|poke|p2|Gholdengo|
|poke|p2|Komala, M|
|teampreview
|inactive|Battle timer is ON: inactive players will automatically lose when time's up. (requested by StylesTheTraveler)
|
|t:|1757792941
|teamsize|p1|6
|teamsize|p2|6
|start
|switch|p1a: Braviary|Braviary-Hisui, M|100/100
|switch|p2a: Tentacular Circus|Araquanid, M, shiny|100/100
|turn|1
|
|t:|1757792946
|move|p1a: Braviary|Calm Mind|p1a: Braviary
|-boost|p1a: Braviary|spa|1
|-boost|p1a: Braviary|spd|1
|move|p2a: Tentacular Circus|Sticky Web|p1a: Braviary
|-sidestart|p1: iyasih|move: Sticky Web
|
|upkeep
|turn|2
|
|t:|1757792958
|move|p1a: Braviary|Esper Wing|p2a: Tentacular Circus
|-damage|p2a: Tentacular Circus|52/100
|-boost|p1a: Braviary|spe|1
|-damage|p1a: Braviary|91/100|[from] item: Life Orb
|move|p2a: Tentacular Circus|Hydro Pump|p1a: Braviary
|-damage|p1a: Braviary|51/100
|
|upkeep
|turn|3
|
|t:|1757792968
|move|p2a: Tentacular Circus|Endure|p2a: Tentacular Circus
|-singleturn|p2a: Tentacular Circus|move: Endure
|move|p1a: Braviary|Calm Mind|p1a: Braviary
|-boost|p1a: Braviary|spa|1
|-boost|p1a: Braviary|spd|1
|
|upkeep
|turn|4
|
|t:|1757792991
|switch|p2a: Bomb Rush Blush|Dragonite, M|100/100
|move|p1a: Braviary|Esper Wing|p2a: Bomb Rush Blush
|-damage|p2a: Bomb Rush Blush|58/100
|-boost|p1a: Braviary|spe|1
|-damage|p1a: Braviary|41/100|[from] item: Life Orb
|
|upkeep
|turn|5
|inactive|iyasih has 120 seconds left.
|
|t:|1757793038
|move|p2a: Bomb Rush Blush|Extreme Speed|p1a: Braviary
|-damage|p1a: Braviary|19/100
|move|p1a: Braviary|Esper Wing|p2a: Bomb Rush Blush
|-damage|p2a: Bomb Rush Blush|0 fnt
|-boost|p1a: Braviary|spe|1
|faint|p2a: Bomb Rush Blush
|-damage|p1a: Braviary|9/100|[from] item: Life Orb
|
|upkeep
|
|t:|1757793047
|switch|p2a: Tentacular Circus|Araquanid, M, shiny|52/100
|turn|6
|
|t:|1757793052
|move|p1a: Braviary|Esper Wing|p2a: Tentacular Circus
|-crit|p2a: Tentacular Circus
|-damage|p2a: Tentacular Circus|0 fnt
|-boost|p1a: Braviary|spe|1
|faint|p2a: Tentacular Circus
|-damage|p1a: Braviary|0 fnt|[from] item: Life Orb
|faint|p1a: Braviary
|
|upkeep
|inactive|iyasih has 90 seconds left.
|
|t:|1757793089
|switch|p1a: Ting-Lu|Ting-Lu|100/100
|switch|p2a: I Am Octavio|Tentacruel, M|100/100
|-item|p2a: I Am Octavio|Air Balloon
|-activate|p1a: Ting-Lu|move: Sticky Web
|-unboost|p1a: Ting-Lu|spe|1
|-ability|p1a: Ting-Lu|Vessel of Ruin
|turn|7
|inactive|iyasih has 90 seconds left.
|
|t:|1757793097
|move|p2a: I Am Octavio|Swords Dance|p2a: I Am Octavio
|-boost|p2a: I Am Octavio|atk|2
|move|p1a: Ting-Lu|Stomping Tantrum|p2a: I Am Octavio
|-immune|p2a: I Am Octavio
|
|upkeep
|turn|8
|
|t:|1757793101
|move|p2a: I Am Octavio|Swords Dance|p2a: I Am Octavio
|-boost|p2a: I Am Octavio|atk|2
|move|p1a: Ting-Lu|Body Press|p2a: I Am Octavio
|-resisted|p2a: I Am Octavio
|-damage|p2a: I Am Octavio|78/100
|-enditem|p2a: I Am Octavio|Air Balloon
|
|upkeep
|turn|9
|
|t:|1757793115
|switch|p1a: Clefable|Clefable, M|100/100
|-activate|p1a: Clefable|move: Sticky Web
|-unboost|p1a: Clefable|spe|1
|move|p2a: I Am Octavio|Liquidation|p1a: Clefable
|-damage|p1a: Clefable|70/100
|
|-heal|p1a: Clefable|76/100|[from] item: Leftovers
|upkeep
|turn|10
|
|t:|1757793119
|move|p2a: I Am Octavio|Gunk Shot|p1a: Clefable
|-supereffective|p1a: Clefable
|-damage|p1a: Clefable|0 fnt
|faint|p1a: Clefable
|
|upkeep
|
|t:|1757793127
|switch|p1a: Deoxys|Deoxys-Defense|100/100
|-activate|p1a: Deoxys|move: Sticky Web
|-unboost|p1a: Deoxys|spe|1
|-ability|p1a: Deoxys|Pressure
|turn|11
|
|t:|1757793133
|-terastallize|p2a: I Am Octavio|Dark
|move|p2a: I Am Octavio|Knock Off|p1a: Deoxys
|-supereffective|p1a: Deoxys
|-damage|p1a: Deoxys|0 fnt
|-enditem|p1a: Deoxys|Leftovers|[from] move: Knock Off|[of] p2a: I Am Octavio
|faint|p1a: Deoxys
|
|upkeep
|
|t:|1757793143
|switch|p1a: Jirachi|Jirachi|100/100
|-activate|p1a: Jirachi|move: Sticky Web
|-unboost|p1a: Jirachi|spe|1
|turn|12
|inactive|iyasih has 120 seconds left.
|
|t:|1757793148
|move|p2a: I Am Octavio|Knock Off|p1a: Jirachi
|-supereffective|p1a: Jirachi
|-damage|p1a: Jirachi|0 fnt
|-enditem|p1a: Jirachi|Leftovers|[from] move: Knock Off|[of] p2a: I Am Octavio
|faint|p1a: Jirachi
|
|upkeep
|-message|iyasih forfeited.
|
|win|StylesTheTraveler
|raw|iyasih's rating: 1266 &rarr; <strong>1241</strong><br />(-25 for losing)
|raw|StylesTheTraveler's rating: 1270 &rarr; <strong>1295</strong><br />(+25 for winning)
|l|☆iyasih
|player|p1|
