|j|☆HGalliumh
|j|☆NEZK025
|t:|1757839716
|gametype|singles
|player|p1|HGalliumh|dawn|1579
|player|p2|NEZK025|nate|1522
|gen|9
|tier|[Gen 9] OU
|rated|
|rule|HP Percentage Mod: HP is shown in percentages
|rule|Endless Battle Clause: Forcing endless battles is banned
|rule|Species Clause: Limit one of each Pokémon
|rule|OHKO Clause: OHKO moves are banned
|rule|Evasion Items Clause: Evasion items are banned
|rule|Evasion Moves Clause: Evasion moves are banned
|rule|Evasion Abilities Clause: Evasion abilities are banned
|rule|Sleep Moves Clause: Sleep-inducing moves are banned
|clearpoke
|poke|p1|Primarina, F|
|poke|p1|Alomomola, M|
|poke|p1|Hydrapple, F|
|poke|p1|Great Tusk|
|poke|p1|Gholdengo|
|poke|p1|Moltres|
|poke|p2|Rillaboom, M|
|poke|p2|Dragapult, M|
|poke|p2|Raging Bolt|
|poke|p2|Okidogi, M|
|poke|p2|Alomomola, F|
|poke|p2|Iron Treads|
|teampreview
|inactive|Battle timer is ON: inactive players will automatically lose when time's up. (requested by HGalliumh)
|
|t:|1757839724
|teamsize|p1|6
|teamsize|p2|6
|start
|switch|p1a: Primarina|Primarina, F|100/100
|switch|p2a: Dragapult|Dragapult, M|100/100
|turn|1
|
|t:|1757839729
|switch|p1a: Moltres|Moltres|100/100
|-terastallize|p2a: Dragapult|Ghost
|move|p2a: Dragapult|Tera Blast|p1a: Moltres|[anim] Tera Blast Ghost
|-damage|p1a: Moltres|19/100
|
|upkeep
|turn|2
|
|t:|1757839743
|move|p2a: Dragapult|Tera Blast|p1a: Moltres|[anim] Tera Blast Ghost
|-damage|p1a: Moltres|0 fnt
|faint|p1a: Moltres
|
|upkeep
|
|t:|1757839754
|switch|p1a: Gholdengo|Gholdengo|100/100
|turn|3
|
|t:|1757839758
|switch|p2a: Alomomola|Alomomola, F|100/100
|move|p1a: Gholdengo|Shadow Ball|p2a: Alomomola
|-damage|p2a: Alomomola|77/100
|
|upkeep
|turn|4
|
|t:|1757839764
|switch|p1a: Primarina|Primarina, F|100/100
|move|p2a: Alomomola|Flip Turn|p1a: Primarina
|-resisted|p1a: Primarina
|-damage|p1a: Primarina|90/100
|
|t:|1757839767
|switch|p2a: Rillaboom|Rillaboom, M|100/100|[from] Flip Turn
|-fieldstart|move: Grassy Terrain|[from] ability: Grassy Surge|[of] p2a: Rillaboom
|
|-heal|p1a: Primarina|96/100|[from] Grassy Terrain
|-heal|p1a: Primarina|100/100|[from] item: Leftovers
|upkeep
|turn|5
|
|t:|1757839771
|switch|p1a: Hydrapple|Hydrapple, F|100/100
|move|p2a: Rillaboom|Knock Off|p1a: Hydrapple
|-damage|p1a: Hydrapple|81/100
|-damage|p2a: Rillaboom|84/100|[from] item: Rocky Helmet|[of] p1a: Hydrapple
|-enditem|p1a: Hydrapple|Rocky Helmet|[from] move: Knock Off|[of] p2a: Rillaboom
|
|-heal|p2a: Rillaboom|90/100|[from] Grassy Terrain
|-heal|p1a: Hydrapple|87/100|[from] Grassy Terrain
|upkeep
|turn|6
|
|t:|1757839778
|move|p2a: Rillaboom|U-turn|p1a: Hydrapple
|-supereffective|p1a: Hydrapple
|-damage|p1a: Hydrapple|59/100
|
|t:|1757839781
|switch|p2a: Okidogi|Okidogi, M|100/100|[from] U-turn
|move|p1a: Hydrapple|Nasty Plot|p1a: Hydrapple
|-boost|p1a: Hydrapple|spa|2
|
|-heal|p1a: Hydrapple|65/100|[from] Grassy Terrain
|upkeep
|turn|7
|
|t:|1757839786
|move|p2a: Okidogi|Ice Punch|p1a: Hydrapple
|-supereffective|p1a: Hydrapple
|-damage|p1a: Hydrapple|18/100
|move|p1a: Hydrapple|Earth Power|p2a: Okidogi
|-supereffective|p2a: Okidogi
|-damage|p2a: Okidogi|8/100
|
|-heal|p2a: Okidogi|14/100|[from] Grassy Terrain
|-heal|p2a: Okidogi|20/100|[from] item: Leftovers
|-heal|p1a: Hydrapple|24/100|[from] Grassy Terrain
|upkeep
|turn|8
|
|t:|1757839794
|switch|p1a: Alomomola|Alomomola, M|100/100
|move|p2a: Okidogi|Drain Punch|p1a: Alomomola
|-damage|p1a: Alomomola|78/100
|-heal|p2a: Okidogi|35/100|[from] drain|[of] p1a: Alomomola
|
|-heal|p2a: Okidogi|41/100|[from] Grassy Terrain
|-heal|p2a: Okidogi|47/100|[from] item: Leftovers
|-heal|p1a: Alomomola|84/100|[from] Grassy Terrain
|-fieldend|move: Grassy Terrain
|upkeep
|turn|9
|
|t:|1757839800
|move|p2a: Okidogi|Toxic|p1a: Alomomola
|-status|p1a: Alomomola|tox
|move|p1a: Alomomola|Flip Turn|p2a: Okidogi
|-damage|p2a: Okidogi|36/100
|
|t:|1757839808
|switch|p1a: Great Tusk|Great Tusk|100/100|[from] Flip Turn
|
|-heal|p2a: Okidogi|42/100|[from] item: Leftovers
|upkeep
|turn|10
|
|t:|1757839813
|switch|p2a: Alomomola|Alomomola, F|100/100
|move|p1a: Great Tusk|Stealth Rock|p2a: Alomomola
|-sidestart|p2: NEZK025|move: Stealth Rock
|
|upkeep
|turn|11
|
|t:|1757839823
|-end|p1a: Great Tusk|Protosynthesis|[silent]
|switch|p1a: Hydrapple|Hydrapple, F|57/100
|move|p2a: Alomomola|Scald|p1a: Hydrapple
|-resisted|p1a: Hydrapple
|-damage|p1a: Hydrapple|54/100
|-status|p1a: Hydrapple|brn
|
|-damage|p1a: Hydrapple|48/100 brn|[from] brn
|upkeep
|turn|12
|
|t:|1757839835
|move|p2a: Alomomola|Flip Turn|p1a: Hydrapple
|-resisted|p1a: Hydrapple
|-damage|p1a: Hydrapple|46/100 brn
|
|t:|1757839837
|switch|p2a: Iron Treads|Iron Treads|100/100|[from] Flip Turn
|-damage|p2a: Iron Treads|98/100|[from] Stealth Rock
|move|p1a: Hydrapple|Giga Drain|p2a: Iron Treads
|-damage|p2a: Iron Treads|65/100
|-heal|p1a: Hydrapple|61/100 brn|[from] drain|[of] p2a: Iron Treads
|
|-heal|p2a: Iron Treads|71/100|[from] item: Leftovers
|-damage|p1a: Hydrapple|55/100 brn|[from] brn
|upkeep
|turn|13
|
|t:|1757839847
|switch|p1a: Gholdengo|Gholdengo|100/100
|move|p2a: Iron Treads|Rapid Spin|p1a: Gholdengo
|-immune|p1a: Gholdengo
|
|-heal|p2a: Iron Treads|77/100|[from] item: Leftovers
|upkeep
|turn|14
|
|t:|1757839866
|switch|p1a: Hydrapple|Hydrapple, F|88/100 brn
|move|p2a: Iron Treads|Knock Off|p1a: Hydrapple
|-crit|p1a: Hydrapple
|-damage|p1a: Hydrapple|74/100 brn
|
|-heal|p2a: Iron Treads|83/100|[from] item: Leftovers
|-damage|p1a: Hydrapple|68/100 brn|[from] brn
|upkeep
|turn|15
|
|t:|1757839869
|move|p2a: Iron Treads|Rapid Spin|p1a: Hydrapple
|-damage|p1a: Hydrapple|60/100 brn
|-boost|p2a: Iron Treads|spe|1
|-sideend|p2: NEZK025|Stealth Rock|[from] move: Rapid Spin|[of] p2a: Iron Treads
|move|p1a: Hydrapple|Nasty Plot|p1a: Hydrapple
|-boost|p1a: Hydrapple|spa|2
|
|-heal|p2a: Iron Treads|89/100|[from] item: Leftovers
|-damage|p1a: Hydrapple|54/100 brn|[from] brn
|upkeep
|turn|16
|
|t:|1757839878
|move|p2a: Iron Treads|Knock Off|p1a: Hydrapple
|-damage|p1a: Hydrapple|44/100 brn
|move|p1a: Hydrapple|Giga Drain|p2a: Iron Treads
|-damage|p2a: Iron Treads|30/100
|-heal|p1a: Hydrapple|72/100 brn|[from] drain|[of] p2a: Iron Treads
|
|-heal|p2a: Iron Treads|36/100|[from] item: Leftovers
|-damage|p1a: Hydrapple|65/100 brn|[from] brn
|upkeep
|turn|17
|
|t:|1757839885
|move|p2a: Iron Treads|Stealth Rock|p1a: Hydrapple
|-sidestart|p1: HGalliumh|move: Stealth Rock
|move|p1a: Hydrapple|Giga Drain|p2a: Iron Treads
|-damage|p2a: Iron Treads|0 fnt
|-heal|p1a: Hydrapple|82/100 brn|[from] drain|[of] p2a: Iron Treads
|faint|p2a: Iron Treads
|-end|p2a: Iron Treads|Quark Drive|[silent]
|
|-damage|p1a: Hydrapple|76/100 brn|[from] brn
|upkeep
|
|t:|1757839890
|switch|p2a: Dragapult|Dragapult, M, tera:Ghost|100/100
|turn|18
|
|t:|1757839893
|-terastallize|p1a: Hydrapple|Fairy
|move|p2a: Dragapult|U-turn|p1a: Hydrapple
|-resisted|p1a: Hydrapple
|-damage|p1a: Hydrapple|67/100 brn
|
|t:|1757839902
|switch|p2a: Okidogi|Okidogi, M|42/100|[from] U-turn
|move|p1a: Hydrapple|Fickle Beam|p2a: Okidogi
|-damage|p2a: Okidogi|0 fnt
|faint|p2a: Okidogi
|
|-damage|p1a: Hydrapple|61/100 brn|[from] brn
|upkeep
|
|t:|1757839907
|switch|p2a: Rillaboom|Rillaboom, M|90/100
|-fieldstart|move: Grassy Terrain|[from] ability: Grassy Surge|[of] p2a: Rillaboom
|turn|19
|
|t:|1757839915
|switch|p1a: Alomomola|Alomomola, M|100/100 tox
|-damage|p1a: Alomomola|88/100 tox|[from] Stealth Rock
|move|p2a: Rillaboom|Wood Hammer|p1a: Alomomola
|-supereffective|p1a: Alomomola
|-damage|p1a: Alomomola|0 fnt
|faint|p1a: Alomomola
|-damage|p2a: Rillaboom|53/100|[from] Recoil
|
|-heal|p2a: Rillaboom|59/100|[from] Grassy Terrain
|upkeep
|
|t:|1757839928
|switch|p1a: Gholdengo|Gholdengo|100/100
|-damage|p1a: Gholdengo|94/100|[from] Stealth Rock
|turn|20
|l|☆NEZK025
|inactive|NEZK025 disconnected and has a minute to reconnect!
|player|p2|
|inactive|NEZK025 has 30 seconds to reconnect!
|inactive|NEZK025 has 20 seconds to reconnect!
|inactive|NEZK025 has 15 seconds to reconnect!
|inactive|NEZK025 has 10 seconds to reconnect!
|inactive|NEZK025 has 5 seconds to reconnect!
|-message|NEZK025 lost due to inactivity.
|
|win|HGalliumh
|raw|HGalliumh's rating: 1579 &rarr; <strong>1596</strong><br />(+17 for winning)
|raw|NEZK025's rating: 1522 &rarr; <strong>1505</strong><br />(-17 for losing)
