|j|☆I hate my pokemon
|j|☆dr dumpster
|t:|1757868723
|gametype|singles
|player|p1|I hate my pokemon|101|1218
|player|p2|dr dumpster|170|1235
|gen|9
|tier|[Gen 9] OU
|rated|
|rule|HP Percentage Mod: HP is shown in percentages
|rule|Endless Battle Clause: Forcing endless battles is banned
|rule|Species Clause: Limit one of each Pokémon
|rule|OHKO Clause: OHKO moves are banned
|rule|Evasion Items Clause: Evasion items are banned
|rule|Evasion Moves Clause: Evasion moves are banned
|rule|Evasion Abilities Clause: Evasion abilities are banned
|rule|Sleep Moves Clause: Sleep-inducing moves are banned
|clearpoke
|poke|p1|Garganacl, M|
|poke|p1|Dragonite, M|
|poke|p1|Zamazenta-*|
|poke|p1|Iron Treads|
|poke|p1|Zapdos|
|poke|p1|Primarina, M|
|poke|p2|Skarmory, F|
|poke|p2|Avalugg, M|
|poke|p2|Passimian, M|
|poke|p2|Crawdaunt, M|
|poke|p2|Rotom-Heat|
|poke|p2|Flygon, F|
|teampreview
|
|t:|1757868750
|teamsize|p1|6
|teamsize|p2|6
|start
|switch|p1a: Enel|Zapdos|100/100
|switch|p2a: Skarmory|Skarmory, F|100/100
|turn|1
|inactive|Battle timer is ON: inactive players will automatically lose when time's up. (requested by dr dumpster)
|
|t:|1757868755
|move|p1a: Enel|Volt Switch|p2a: Skarmory
|-supereffective|p2a: Skarmory
|-damage|p2a: Skarmory|9/100
|
|t:|1757868760
|switch|p1a: Shirahoshi|Primarina, M|100/100|[from] Volt Switch
|move|p2a: Skarmory|Stealth Rock|p1a: Shirahoshi
|-sidestart|p1: I hate my pokemon|move: Stealth Rock
|
|upkeep
|turn|2
|
|t:|1757868765
|move|p2a: Skarmory|Brave Bird|p1a: Shirahoshi
|-damage|p1a: Shirahoshi|57/100
|-damage|p2a: Skarmory|0 fnt|[from] Recoil
|faint|p2a: Skarmory
|move|p1a: Shirahoshi|Flip Turn|p2: Skarmory|[notarget]
|-fail|p1a: Shirahoshi
|
|upkeep
|
|t:|1757868785
|switch|p2a: Rotom|Rotom-Heat|100/100
|turn|3
|
|t:|1757868792
|move|p2a: Rotom|Volt Switch|p1a: Shirahoshi
|-supereffective|p1a: Shirahoshi
|-damage|p1a: Shirahoshi|32/100
|
|t:|1757868797
|switch|p2a: Avalugg|Avalugg, M|100/100|[from] Volt Switch
|move|p1a: Shirahoshi|Psychic Noise|p2a: Avalugg
|-damage|p2a: Avalugg|30/100
|-start|p2a: Avalugg|move: Heal Block
|
|upkeep
|turn|4
|
|t:|1757868808
|move|p1a: Shirahoshi|Moonblast|p2a: Avalugg
|-damage|p2a: Avalugg|0 fnt
|faint|p2a: Avalugg
|
|upkeep
|
|t:|1757868815
|switch|p2a: Passimian|Passimian, M|100/100
|turn|5
|
|t:|1757868823
|switch|p1a: Spliff|Zamazenta|100/100
|-damage|p1a: Spliff|94/100|[from] Stealth Rock
|-ability|p1a: Spliff|Dauntless Shield|boost
|-boost|p1a: Spliff|def|1
|move|p2a: Passimian|Earthquake|p1a: Spliff
|-damage|p1a: Spliff|75/100
|
|upkeep
|turn|6
|
|t:|1757868838
|switch|p2a: Rotom|Rotom-Heat|100/100
|move|p1a: Spliff|Close Combat|p2a: Rotom
|-damage|p2a: Rotom|25/100
|-unboost|p1a: Spliff|def|1
|-unboost|p1a: Spliff|spd|1
|
|-heal|p2a: Rotom|31/100|[from] item: Leftovers
|upkeep
|turn|7
|
|t:|1757868862
|move|p1a: Spliff|Close Combat|p2a: Rotom
|-damage|p2a: Rotom|0 fnt
|-unboost|p1a: Spliff|def|1
|-unboost|p1a: Spliff|spd|1
|faint|p2a: Rotom
|
|upkeep
|
|t:|1757868866
|switch|p2a: Passimian|Passimian, M|100/100
|turn|8
|
|t:|1757868890
|switch|p1a: Shirahoshi|Primarina, M|32/100
|-damage|p1a: Shirahoshi|19/100|[from] Stealth Rock
|move|p2a: Passimian|Earthquake|p1a: Shirahoshi
|-damage|p1a: Shirahoshi|0 fnt
|faint|p1a: Shirahoshi
|
|upkeep
|
|t:|1757868893
|switch|p1a: Eustass Kid|Iron Treads|100/100
|-damage|p1a: Eustass Kid|98/100|[from] Stealth Rock
|-item|p1a: Eustass Kid|Air Balloon
|turn|9
|
|t:|1757868905
|move|p2a: Passimian|Earthquake|p1a: Eustass Kid
|-immune|p1a: Eustass Kid
|move|p1a: Eustass Kid|Rapid Spin|p2a: Passimian
|-damage|p2a: Passimian|83/100
|-boost|p1a: Eustass Kid|spe|1
|-sideend|p1: I hate my pokemon|Stealth Rock|[from] move: Rapid Spin|[of] p1a: Eustass Kid
|
|upkeep
|turn|10
|
|t:|1757868913
|switch|p2a: Flygon|Flygon, F|100/100
|move|p1a: Eustass Kid|Earthquake|p2a: Flygon
|-immune|p2a: Flygon|[from] ability: Levitate
|
|upkeep
|turn|11
|
|t:|1757868919
|move|p2a: Flygon|First Impression|p1a: Eustass Kid
|-resisted|p1a: Eustass Kid
|-damage|p1a: Eustass Kid|84/100
|-enditem|p1a: Eustass Kid|Air Balloon
|-damage|p2a: Flygon|91/100|[from] item: Life Orb
|move|p1a: Eustass Kid|Ice Spinner|p2a: Flygon
|-supereffective|p2a: Flygon
|-damage|p2a: Flygon|0 fnt
|faint|p2a: Flygon
|
|upkeep
|
|t:|1757868922
|switch|p2a: Passimian|Passimian, M|83/100
|turn|12
|
|t:|1757868929
|move|p1a: Eustass Kid|Earthquake|p2a: Passimian
|-damage|p2a: Passimian|31/100
|move|p2a: Passimian|Earthquake|p1a: Eustass Kid
|-supereffective|p1a: Eustass Kid
|-damage|p1a: Eustass Kid|30/100
|
|upkeep
|turn|13
|
|t:|1757868954
|move|p1a: Eustass Kid|Earthquake|p2a: Passimian
|-damage|p2a: Passimian|0 fnt
|faint|p2a: Passimian
|
|upkeep
|
|t:|1757868956
|switch|p2a: Crawdaunt|Crawdaunt, M|100/100
|turn|14
|
|t:|1757868969
|move|p1a: Eustass Kid|Knock Off|p2a: Crawdaunt
|-resisted|p2a: Crawdaunt
|-crit|p2a: Crawdaunt
|-damage|p2a: Crawdaunt|68/100
|-enditem|p2a: Crawdaunt|Focus Sash|[from] move: Knock Off|[of] p1a: Eustass Kid
|move|p2a: Crawdaunt|Dragon Dance|p2a: Crawdaunt
|-boost|p2a: Crawdaunt|atk|1
|-boost|p2a: Crawdaunt|spe|1
|
|upkeep
|turn|15
|
|t:|1757868979
|move|p1a: Eustass Kid|Earthquake|p2a: Crawdaunt
|-damage|p2a: Crawdaunt|8/100
|move|p2a: Crawdaunt|Dragon Dance|p2a: Crawdaunt
|-boost|p2a: Crawdaunt|atk|1
|-boost|p2a: Crawdaunt|spe|1
|
|upkeep
|turn|16
|
|t:|1757868984
|move|p2a: Crawdaunt|Aqua Jet|p1a: Eustass Kid
|-supereffective|p1a: Eustass Kid
|-damage|p1a: Eustass Kid|0 fnt
|faint|p1a: Eustass Kid
|-end|p1a: Eustass Kid|Quark Drive|[silent]
|
|upkeep
|
|t:|1757868986
|switch|p1a: Garganacl|Garganacl, M|100/100
|turn|17
|
|t:|1757868989
|move|p2a: Crawdaunt|Crabhammer|p1a: Garganacl
|-supereffective|p1a: Garganacl
|-damage|p1a: Garganacl|0 fnt
|faint|p1a: Garganacl
|
|upkeep
|
|t:|1757868992
|switch|p1a: Enel|Zapdos|100/100
|turn|18
|
|t:|1757868998
|move|p2a: Crawdaunt|Knock Off|p1a: Enel
|-damage|p1a: Enel|0 fnt
|-enditem|p1a: Enel|Choice Specs|[from] move: Knock Off|[of] p2a: Crawdaunt
|faint|p1a: Enel
|
|upkeep
|
|t:|1757869001
|switch|p1a: Spliff|Zamazenta|75/100
|turn|19
|
|t:|1757869008
|move|p2a: Crawdaunt|Crabhammer|p1a: Spliff
|-crit|p1a: Spliff
|-damage|p1a: Spliff|0 fnt
|faint|p1a: Spliff
|
|upkeep
|
|t:|1757869010
|switch|p1a: Cheap wins|Dragonite, M|100/100
|turn|20
|
|t:|1757869012
|move|p1a: Cheap wins|Extreme Speed|p2a: Crawdaunt
|-damage|p2a: Crawdaunt|0 fnt
|faint|p2a: Crawdaunt
|
|win|I hate my pokemon
|raw|I hate my pokemon's rating: 1218 &rarr; <strong>1244</strong><br />(+26 for winning)
|raw|dr dumpster's rating: 1235 &rarr; <strong>1209</strong><br />(-26 for losing)
|l|☆dr dumpster
|player|p2|
|l|☆I hate my pokemon
|player|p1|
