|j|☆lilaqueenofthe7k
|j|☆ClairLeChat
|t:|1757961108
|gametype|singles
|player|p1|lilaqueenofthe7k|elesa|1453
|player|p2|ClairLeChat|2|1406
|gen|9
|tier|[Gen 9] OU
|rated|
|rule|HP Percentage Mod: HP is shown in percentages
|rule|Endless Battle Clause: Forcing endless battles is banned
|rule|Species Clause: Limit one of each Pokémon
|rule|OHKO Clause: OHKO moves are banned
|rule|Evasion Items Clause: Evasion items are banned
|rule|Evasion Moves Clause: Evasion moves are banned
|rule|Evasion Abilities Clause: Evasion abilities are banned
|rule|Sleep Moves Clause: Sleep-inducing moves are banned
|clearpoke
|poke|p1|Torkoal, M|
|poke|p1|Walking Wake|
|poke|p1|Cinderace, M|
|poke|p1|Great Tusk|
|poke|p1|Hatterene, F|
|poke|p1|Rillaboom, M|
|poke|p2|Lycanroc-Dusk, M|
|poke|p2|Ting-Lu|
|poke|p2|Gholdengo|
|poke|p2|Tornadus-Therian, M|
|poke|p2|Weezing-Galar, M|
|poke|p2|Raging Bolt|
|teampreview
|inactive|Battle timer is ON: inactive players will automatically lose when time's up. (requested by ClairLeChat)
|
|t:|1757961114
|teamsize|p1|6
|teamsize|p2|6
|start
|switch|p1a: Torkoal|Torkoal, M|100/100
|switch|p2a: Raging Bolt|Raging Bolt|100/100
|-weather|SunnyDay|[from] ability: Drought|[of] p1a: Torkoal
|-activate|p2a: Raging Bolt|ability: Protosynthesis
|-start|p2a: Raging Bolt|protosynthesisspa
|turn|1
|
|t:|1757961129
|switch|p1a: Hatterene|Hatterene, F|100/100
|move|p2a: Raging Bolt|Volt Switch|p1a: Hatterene
|-damage|p1a: Hatterene|8/100
|-enditem|p1a: Hatterene|Eject Button
|
|t:|1757961135
|switch|p1a: Great Tusk|Great Tusk|100/100
|-activate|p1a: Great Tusk|ability: Protosynthesis
|-start|p1a: Great Tusk|protosynthesisatk
|
|-weather|SunnyDay|[upkeep]
|upkeep
|turn|2
|
|t:|1757961143
|-end|p2a: Raging Bolt|Protosynthesis|[silent]
|switch|p2a: Tornadus|Tornadus-Therian, M|100/100
|move|p1a: Great Tusk|Headlong Rush|p2a: Tornadus
|-immune|p2a: Tornadus
|
|-weather|SunnyDay|[upkeep]
|upkeep
|turn|3
|
|t:|1757961151
|-end|p1a: Great Tusk|Protosynthesis|[silent]
|switch|p1a: Cinderace|Cinderace, M|100/100
|move|p2a: Tornadus|Bleakwind Storm|p1a: Cinderace|[miss]
|-miss|p2a: Tornadus|p1a: Cinderace
|
|-weather|SunnyDay|[upkeep]
|upkeep
|turn|4
|
|t:|1757961156
|move|p1a: Cinderace|Pyro Ball|p2a: Tornadus
|-damage|p2a: Tornadus|9/100
|move|p2a: Tornadus|U-turn|p1a: Cinderace
|-resisted|p1a: Cinderace
|-damage|p1a: Cinderace|90/100
|
|t:|1757961163
|switch|p2a: Raging Bolt|Raging Bolt|100/100|[from] U-turn
|-activate|p2a: Raging Bolt|ability: Protosynthesis
|-start|p2a: Raging Bolt|protosynthesisspa
|
|-weather|SunnyDay|[upkeep]
|upkeep
|turn|5
|
|t:|1757961181
|switch|p1a: Hatterene|Hatterene, F|8/100
|move|p2a: Raging Bolt|Volt Switch|p1a: Hatterene
|-damage|p1a: Hatterene|0 fnt
|faint|p1a: Hatterene
|
|t:|1757961196
|-end|p2a: Raging Bolt|Protosynthesis|[silent]
|switch|p2a: Tornadus|Tornadus-Therian, M|42/100|[from] Volt Switch
|
|-weather|SunnyDay|[upkeep]
|upkeep
|
|t:|1757961205
|switch|p1a: Walking Wake|Walking Wake|100/100
|-activate|p1a: Walking Wake|ability: Protosynthesis
|-start|p1a: Walking Wake|protosynthesisspe
|turn|6
|
|t:|1757961216
|switch|p2a: Ting-Lu|Ting-Lu|100/100
|-ability|p2a: Ting-Lu|Vessel of Ruin
|move|p1a: Walking Wake|Hydro Steam|p2a: Ting-Lu
|-supereffective|p2a: Ting-Lu
|-damage|p2a: Ting-Lu|21/100
|
|-weather|SunnyDay|[upkeep]
|-heal|p2a: Ting-Lu|27/100|[from] item: Leftovers
|upkeep
|turn|7
|
|t:|1757961229
|switch|p2a: Raging Bolt|Raging Bolt|100/100
|-activate|p2a: Raging Bolt|ability: Protosynthesis
|-start|p2a: Raging Bolt|protosynthesisspa
|move|p1a: Walking Wake|Hydro Steam|p2a: Raging Bolt
|-resisted|p2a: Raging Bolt
|-damage|p2a: Raging Bolt|59/100
|
|-weather|SunnyDay|[upkeep]
|upkeep
|turn|8
|
|t:|1757961239
|-terastallize|p1a: Walking Wake|Water
|move|p1a: Walking Wake|Hydro Steam|p2a: Raging Bolt
|-resisted|p2a: Raging Bolt
|-damage|p2a: Raging Bolt|2/100
|move|p2a: Raging Bolt|Draco Meteor|p1a: Walking Wake
|-damage|p1a: Walking Wake|0 fnt
|-unboost|p2a: Raging Bolt|spa|2
|faint|p1a: Walking Wake
|-end|p1a: Walking Wake|Protosynthesis|[silent]
|
|-weather|none
|-end|p2a: Raging Bolt|Protosynthesis
|upkeep
|
|t:|1757961251
|switch|p1a: Cinderace|Cinderace, M|90/100
|turn|9
|
|t:|1757961254
|-end|p2a: Raging Bolt|Protosynthesis|[silent]
|switch|p2a: Ting-Lu|Ting-Lu|27/100
|-ability|p2a: Ting-Lu|Vessel of Ruin
|move|p1a: Cinderace|U-turn|p2a: Ting-Lu
|-start|p1a: Cinderace|typechange|Bug|[from] ability: Libero
|-supereffective|p2a: Ting-Lu
|-damage|p2a: Ting-Lu|0 fnt
|faint|p2a: Ting-Lu
|
|t:|1757961264
|switch|p1a: Torkoal|Torkoal, M|100/100|[from] U-turn
|-weather|SunnyDay|[from] ability: Drought|[of] p1a: Torkoal
|
|-weather|SunnyDay|[upkeep]
|upkeep
|
|t:|1757961276
|switch|p2a: Raging Bolt|Raging Bolt|2/100
|-activate|p2a: Raging Bolt|ability: Protosynthesis
|-start|p2a: Raging Bolt|protosynthesisspa
|turn|10
|
|t:|1757961283
|switch|p1a: Great Tusk|Great Tusk|100/100
|-activate|p1a: Great Tusk|ability: Protosynthesis
|-start|p1a: Great Tusk|protosynthesisatk
|move|p2a: Raging Bolt|Draco Meteor|p1a: Great Tusk|[miss]
|-miss|p2a: Raging Bolt|p1a: Great Tusk
|
|-weather|SunnyDay|[upkeep]
|upkeep
|turn|11
|
|t:|1757961291
|-end|p2a: Raging Bolt|Protosynthesis|[silent]
|switch|p2a: Weezing|Weezing-Galar, M|100/100
|move|p1a: Great Tusk|Headlong Rush|p2a: Weezing
|-immune|p2a: Weezing|[from] ability: Levitate
|
|-weather|SunnyDay|[upkeep]
|upkeep
|turn|12
|
|t:|1757961300
|-end|p1a: Great Tusk|Protosynthesis|[silent]
|switch|p1a: Cinderace|Cinderace, M|90/100
|move|p2a: Weezing|Will-O-Wisp|p1a: Cinderace
|-immune|p1a: Cinderace
|
|-weather|SunnyDay|[upkeep]
|upkeep
|turn|13
|
|t:|1757961303
|move|p1a: Cinderace|Pyro Ball|p2a: Weezing
|-damage|p2a: Weezing|40/100
|move|p2a: Weezing|Pain Split|p1a: Cinderace
|-sethp|p1a: Cinderace|67/100|[from] move: Pain Split|[silent]
|-sethp|p2a: Weezing|60/100|[from] move: Pain Split
|
|-weather|SunnyDay|[upkeep]
|upkeep
|turn|14
|
|t:|1757961312
|move|p1a: Cinderace|Pyro Ball|p2a: Weezing
|-damage|p2a: Weezing|8/100
|move|p2a: Weezing|Pain Split|p1a: Cinderace
|-sethp|p1a: Cinderace|38/100|[from] move: Pain Split|[silent]
|-sethp|p2a: Weezing|34/100|[from] move: Pain Split
|
|-weather|SunnyDay|[upkeep]
|upkeep
|turn|15
|
|t:|1757961320
|move|p1a: Cinderace|Pyro Ball|p2a: Weezing
|-damage|p2a: Weezing|0 fnt
|faint|p2a: Weezing
|
|-weather|SunnyDay|[upkeep]
|upkeep
|
|t:|1757961323
|switch|p2a: Raging Bolt|Raging Bolt|2/100
|-activate|p2a: Raging Bolt|ability: Protosynthesis
|-start|p2a: Raging Bolt|protosynthesisspa
|turn|16
|
|t:|1757961330
|move|p2a: Raging Bolt|Thunderclap|p1a: Cinderace
|-damage|p1a: Cinderace|0 fnt
|faint|p1a: Cinderace
|
|-weather|none
|-end|p2a: Raging Bolt|Protosynthesis
|upkeep
|
|t:|1757961335
|switch|p1a: Rillaboom|Rillaboom, M|100/100
|-fieldstart|move: Grassy Terrain|[from] ability: Grassy Surge|[of] p1a: Rillaboom
|turn|17
|
|t:|1757961341
|-end|p2a: Raging Bolt|Protosynthesis|[silent]
|switch|p2a: Gholdengo|Gholdengo|100/100
|-item|p2a: Gholdengo|Air Balloon
|move|p1a: Rillaboom|Wood Hammer|p2a: Gholdengo
|-resisted|p2a: Gholdengo
|-damage|p2a: Gholdengo|55/100
|-enditem|p2a: Gholdengo|Air Balloon
|-damage|p1a: Rillaboom|84/100|[from] Recoil
|
|-heal|p1a: Rillaboom|90/100|[from] Grassy Terrain
|-heal|p2a: Gholdengo|61/100|[from] Grassy Terrain
|upkeep
|turn|18
|
|t:|1757961352
|switch|p1a: Torkoal|Torkoal, M|100/100
|-weather|SunnyDay|[from] ability: Drought|[of] p1a: Torkoal
|move|p2a: Gholdengo|Thunder Wave|p1a: Torkoal
|-status|p1a: Torkoal|par
|
|-weather|SunnyDay|[upkeep]
|-heal|p2a: Gholdengo|67/100|[from] Grassy Terrain
|upkeep
|turn|19
|l|☆ClairLeChat
|inactive|ClairLeChat disconnected and has a minute to reconnect!
|player|p2|
|inactive|ClairLeChat has 30 seconds to reconnect!
|j|☆ClairLeChat
|inactive|ClairLeChat reconnected and has 100 seconds left.
|player|p2|ClairLeChat|2|
|
|t:|1757961409
|move|p2a: Gholdengo|Recover|p2a: Gholdengo
|-heal|p2a: Gholdengo|100/100
|move|p1a: Torkoal|Lava Plume|p2a: Gholdengo
|-supereffective|p2a: Gholdengo
|-damage|p2a: Gholdengo|24/100
|
|-weather|SunnyDay|[upkeep]
|-heal|p2a: Gholdengo|30/100|[from] Grassy Terrain
|upkeep
|turn|20
|
|t:|1757961418
|move|p2a: Gholdengo|Hex|p1a: Torkoal
|-damage|p1a: Torkoal|25/100 par
|move|p1a: Torkoal|Lava Plume|p2a: Gholdengo
|-supereffective|p2a: Gholdengo
|-damage|p2a: Gholdengo|0 fnt
|faint|p2a: Gholdengo
|
|-weather|SunnyDay|[upkeep]
|-heal|p1a: Torkoal|31/100 par|[from] Grassy Terrain
|upkeep
|
|t:|1757961425
|switch|p2a: Tornadus|Tornadus-Therian, M|75/100
|turn|21
|
|t:|1757961439
|move|p2a: Tornadus|Bleakwind Storm|p1a: Torkoal|[miss]
|-miss|p2a: Tornadus|p1a: Torkoal
|move|p1a: Torkoal|Lava Plume|p2a: Tornadus
|-damage|p2a: Tornadus|37/100
|-status|p2a: Tornadus|brn
|
|-weather|SunnyDay|[upkeep]
|-heal|p1a: Torkoal|37/100 par|[from] Grassy Terrain
|-damage|p2a: Tornadus|31/100 brn|[from] brn
|-fieldend|move: Grassy Terrain
|upkeep
|turn|22
|
|t:|1757961450
|move|p2a: Tornadus|Bleakwind Storm|p1a: Torkoal
|-damage|p1a: Torkoal|0 fnt
|faint|p1a: Torkoal
|
|-weather|SunnyDay|[upkeep]
|-damage|p2a: Tornadus|25/100 brn|[from] brn
|upkeep
|c|☆lilaqueenofthe7k|hax is hard
|
|t:|1757961455
|switch|p1a: Rillaboom|Rillaboom, M|90/100
|-fieldstart|move: Grassy Terrain|[from] ability: Grassy Surge|[of] p1a: Rillaboom
|turn|23
|inactive|ClairLeChat has 120 seconds left.
|
|t:|1757961461
|switch|p2a: Raging Bolt|Raging Bolt|2/100
|-activate|p2a: Raging Bolt|ability: Protosynthesis
|-start|p2a: Raging Bolt|protosynthesisspa
|move|p1a: Rillaboom|Grassy Glide|p2a: Raging Bolt
|-resisted|p2a: Raging Bolt
|-damage|p2a: Raging Bolt|0 fnt
|faint|p2a: Raging Bolt
|-end|p2a: Raging Bolt|Protosynthesis|[silent]
|
|-weather|SunnyDay|[upkeep]
|-heal|p1a: Rillaboom|96/100|[from] Grassy Terrain
|upkeep
|inactive|ClairLeChat has 120 seconds left.
|
|t:|1757961467
|switch|p2a: Tornadus|Tornadus-Therian, M|58/100 brn
|turn|24
|
|t:|1757961475
|switch|p2a: Lycanroc|Lycanroc-Dusk, M|100/100
|move|p1a: Rillaboom|Grassy Glide|p2a: Lycanroc
|-supereffective|p2a: Lycanroc
|-damage|p2a: Lycanroc|0 fnt
|faint|p2a: Lycanroc
|
|-weather|SunnyDay|[upkeep]
|-heal|p1a: Rillaboom|100/100|[from] Grassy Terrain
|upkeep
|
|t:|1757961480
|switch|p2a: Tornadus|Tornadus-Therian, M|91/100 brn
|turn|25
|
|t:|1757961484
|move|p1a: Rillaboom|Grassy Glide|p2a: Tornadus
|-resisted|p2a: Tornadus
|-damage|p2a: Tornadus|58/100 brn
|move|p2a: Tornadus|Bleakwind Storm|p1a: Rillaboom
|-supereffective|p1a: Rillaboom
|-damage|p1a: Rillaboom|7/100
|-unboost|p1a: Rillaboom|spe|1
|
|-weather|none
|-heal|p1a: Rillaboom|13/100|[from] Grassy Terrain
|-damage|p2a: Tornadus|52/100 brn|[from] brn
|upkeep
|turn|26
|
|t:|1757961491
|move|p1a: Rillaboom|Grassy Glide|p2a: Tornadus
|-resisted|p2a: Tornadus
|-damage|p2a: Tornadus|19/100 brn
|move|p2a: Tornadus|U-turn|p1a: Rillaboom
|-supereffective|p1a: Rillaboom
|-damage|p1a: Rillaboom|0 fnt
|faint|p1a: Rillaboom
|
|-damage|p2a: Tornadus|13/100 brn|[from] brn
|upkeep
|
|t:|1757961495
|switch|p1a: Great Tusk|Great Tusk|100/100
|turn|27
|
|t:|1757961500
|move|p2a: Tornadus|Bleakwind Storm|p1a: Great Tusk
|-supereffective|p1a: Great Tusk
|-damage|p1a: Great Tusk|0 fnt
|faint|p1a: Great Tusk
|-end|p1a: Great Tusk|Protosynthesis|[silent]
|
|win|ClairLeChat
|raw|lilaqueenofthe7k's rating: 1453 &rarr; <strong>1430</strong><br />(-23 for losing)
|raw|ClairLeChat's rating: 1406 &rarr; <strong>1429</strong><br />(+23 for winning)
|c|☆lilaqueenofthe7k|gg
|c|☆ClairLeChat|piou
|c|☆ClairLeChat|gg
|l|☆lilaqueenofthe7k
|player|p1|
