|j|☆Britzler
|j|☆cyberlynx07
|t:|1757882306
|gametype|singles
|player|p1|Britzler|101|
|player|p2|cyberlynx07|elesa|
|gen|9
|tier|[Gen 9] OU
|rule|HP Percentage Mod: HP is shown in percentages
|rule|Endless Battle Clause: Forcing endless battles is banned
|rule|Species Clause: Limit one of each Pokémon
|rule|OHKO Clause: OHKO moves are banned
|rule|Evasion Items Clause: Evasion items are banned
|rule|Evasion Moves Clause: Evasion moves are banned
|rule|Evasion Abilities Clause: Evasion abilities are banned
|rule|Sleep Moves Clause: Sleep-inducing moves are banned
|clearpoke
|poke|p1|Tyranitar, F|
|poke|p1|Excadrill, F|
|poke|p1|Houndstone, F|
|poke|p1|Serperior, M|
|poke|p1|Heatran, F|
|poke|p1|Altaria, M|
|poke|p2|Mandibuzz, F|
|poke|p2|Landorus-Therian, M|
|poke|p2|Corviknight, M|
|poke|p2|Meowscarada, F|
|poke|p2|Infernape, F|
|poke|p2|Manaphy|
|teampreview
|c|☆cyberlynx07|hf
|c|☆Britzler|Gl hf
|
|t:|1757882360
|teamsize|p1|6
|teamsize|p2|6
|start
|switch|p1a: Tyranitar|Tyranitar, F|100/100
|switch|p2a: Infernape|Infernape, F|100/100
|-item|p2a: Infernape|Air Balloon
|-weather|Sandstorm|[from] ability: Sand Stream|[of] p1a: Tyranitar
|turn|1
|
|t:|1757882374
|switch|p1a: Houndstone|Houndstone, F, shiny|100/100
|move|p2a: Infernape|Close Combat|p1a: Houndstone
|-immune|p1a: Houndstone
|
|-weather|Sandstorm|[upkeep]
|-damage|p2a: Infernape|94/100|[from] Sandstorm
|upkeep
|turn|2
|
|t:|1757882402
|switch|p2a: Mandibuzz|Mandibuzz, F, shiny|100/100
|move|p1a: Houndstone|Poltergeist|p2a: Mandibuzz
|-activate|p2a: Mandibuzz|move: Poltergeist|Heavy-Duty Boots
|-resisted|p2a: Mandibuzz
|-damage|p2a: Mandibuzz|76/100
|
|-weather|Sandstorm|[upkeep]
|upkeep
|turn|3
|
|t:|1757882440
|switch|p1a: Tyranitar|Tyranitar, F|100/100
|move|p2a: Mandibuzz|U-turn|p1a: Tyranitar
|-supereffective|p1a: Tyranitar
|-damage|p1a: Tyranitar|83/100
|
|t:|1757882473
|switch|p2a: Landorus|Landorus-Therian, M|100/100|[from] U-turn
|-ability|p2a: Landorus|Intimidate|boost
|-unboost|p1a: Tyranitar|atk|1
|
|-weather|Sandstorm|[upkeep]
|upkeep
|turn|4
|
|t:|1757882493
|switch|p1a: Altaria|Altaria, M|100/100
|-ability|p1a: Altaria|Cloud Nine
|move|p2a: Landorus|Earthquake|p1a: Altaria
|-immune|p1a: Altaria
|
|-weather|Sandstorm|[upkeep]
|upkeep
|turn|5
|
|t:|1757882502
|switch|p2a: Corviknight|Corviknight, M, shiny|100/100
|-ability|p2a: Corviknight|Pressure
|move|p1a: Altaria|Fire Spin|p2a: Corviknight
|-supereffective|p2a: Corviknight
|-damage|p2a: Corviknight|91/100
|-activate|p2a: Corviknight|move: Fire Spin|[of] p1a: Altaria
|
|-weather|Sandstorm|[upkeep]
|-damage|p2a: Corviknight|79/100|[from] move: Fire Spin|[partiallytrapped]
|upkeep
|turn|6
|
|t:|1757882534
|move|p1a: Altaria|Perish Song|p1a: Altaria
|-start|p1a: Altaria|perish3|[silent]
|-start|p2a: Corviknight|perish3|[silent]
|-fieldactivate|move: Perish Song
|move|p2a: Corviknight|Light Screen|p2a: Corviknight
|-sidestart|p2: cyberlynx07|move: Light Screen
|
|-weather|Sandstorm|[upkeep]
|-damage|p2a: Corviknight|66/100|[from] move: Fire Spin|[partiallytrapped]
|-start|p1a: Altaria|perish3
|-start|p2a: Corviknight|perish3
|upkeep
|turn|7
|
|t:|1757882554
|move|p1a: Altaria|Cotton Guard|p1a: Altaria
|-boost|p1a: Altaria|def|3
|move|p2a: Corviknight|Reflect|p2a: Corviknight
|-sidestart|p2: cyberlynx07|Reflect
|
|-weather|Sandstorm|[upkeep]
|-damage|p2a: Corviknight|54/100|[from] move: Fire Spin|[partiallytrapped]
|-start|p1a: Altaria|perish2
|-start|p2a: Corviknight|perish2
|upkeep
|turn|8
|
|t:|1757882577
|move|p1a: Altaria|Fire Spin|p2a: Corviknight
|-supereffective|p2a: Corviknight
|-damage|p2a: Corviknight|49/100
|move|p2a: Corviknight|Roost|p2a: Corviknight
|-heal|p2a: Corviknight|99/100
|-singleturn|p2a: Corviknight|move: Roost
|
|-weather|none
|-damage|p2a: Corviknight|86/100|[from] move: Fire Spin|[partiallytrapped]
|-start|p1a: Altaria|perish1
|-start|p2a: Corviknight|perish1
|upkeep
|turn|9
|
|t:|1757882595
|switch|p1a: Tyranitar|Tyranitar, F|83/100
|-weather|Sandstorm|[from] ability: Sand Stream|[of] p1a: Tyranitar
|move|p2a: Corviknight|U-turn|p1a: Tyranitar
|-supereffective|p1a: Tyranitar
|-damage|p1a: Tyranitar|61/100
|
|t:|1757882622
|switch|p2a: Landorus|Landorus-Therian, M|100/100|[from] U-turn
|-ability|p2a: Landorus|Intimidate|boost
|-unboost|p1a: Tyranitar|atk|1
|
|-weather|Sandstorm|[upkeep]
|upkeep
|turn|10
|
|t:|1757882628
|switch|p1a: Altaria|Altaria, M|100/100
|-ability|p1a: Altaria|Cloud Nine
|move|p2a: Landorus|U-turn|p1a: Altaria
|-resisted|p1a: Altaria
|-damage|p1a: Altaria|86/100
|
|t:|1757882643
|switch|p2a: Infernape|Infernape, F|94/100|[from] U-turn
|-item|p2a: Infernape|Air Balloon
|
|-weather|Sandstorm|[upkeep]
|-heal|p1a: Altaria|92/100|[from] item: Leftovers
|upkeep
|turn|11
|
|t:|1757882648
|move|p2a: Infernape|Stealth Rock|p1a: Altaria
|-sidestart|p1: Britzler|move: Stealth Rock
|move|p1a: Altaria|Cotton Guard|p1a: Altaria
|-boost|p1a: Altaria|def|3
|
|-weather|Sandstorm|[upkeep]
|-heal|p1a: Altaria|98/100|[from] item: Leftovers
|upkeep
|turn|12
|
|t:|1757882653
|move|p2a: Infernape|U-turn|p1a: Altaria
|-resisted|p1a: Altaria
|-damage|p1a: Altaria|94/100
|
|t:|1757882663
|switch|p2a: Landorus|Landorus-Therian, M|100/100|[from] U-turn
|-ability|p2a: Landorus|Intimidate|boost
|-unboost|p1a: Altaria|atk|1
|move|p1a: Altaria|Fire Spin|p2a: Landorus|[miss]
|-miss|p1a: Altaria|p2a: Landorus
|
|-weather|Sandstorm|[upkeep]
|-heal|p1a: Altaria|100/100|[from] item: Leftovers
|upkeep
|turn|13
|
|t:|1757882671
|move|p2a: Landorus|U-turn|p1a: Altaria
|-resisted|p1a: Altaria
|-damage|p1a: Altaria|94/100
|
|t:|1757882686
|switch|p2a: Corviknight|Corviknight, M, shiny|86/100|[from] U-turn
|-ability|p2a: Corviknight|Pressure
|move|p1a: Altaria|Cotton Guard|p1a: Altaria
|-boost|p1a: Altaria|def|3
|
|-weather|Sandstorm|[upkeep]
|-heal|p1a: Altaria|99/100|[from] item: Leftovers
|-sideend|p2: cyberlynx07|move: Light Screen
|upkeep
|turn|14
|
|t:|1757882697
|move|p1a: Altaria|Fire Spin|p2a: Corviknight
|-supereffective|p2a: Corviknight
|-damage|p2a: Corviknight|75/100
|-activate|p2a: Corviknight|move: Fire Spin|[of] p1a: Altaria
|move|p2a: Corviknight|Light Screen|p2a: Corviknight
|-sidestart|p2: cyberlynx07|move: Light Screen
|
|-weather|Sandstorm|[upkeep]
|-heal|p1a: Altaria|100/100|[from] item: Leftovers
|-damage|p2a: Corviknight|63/100|[from] move: Fire Spin|[partiallytrapped]
|-sideend|p2: cyberlynx07|Reflect
|upkeep
|turn|15
|
|t:|1757882705
|move|p1a: Altaria|Perish Song|p1a: Altaria
|-start|p1a: Altaria|perish3|[silent]
|-start|p2a: Corviknight|perish3|[silent]
|-fieldactivate|move: Perish Song
|move|p2a: Corviknight|Reflect|p2a: Corviknight
|-sidestart|p2: cyberlynx07|Reflect
|
|-weather|Sandstorm|[upkeep]
|-damage|p2a: Corviknight|51/100|[from] move: Fire Spin|[partiallytrapped]
|-start|p1a: Altaria|perish3
|-start|p2a: Corviknight|perish3
|upkeep
|turn|16
|
|t:|1757882714
|move|p1a: Altaria|Fire Spin|p2a: Corviknight|[miss]
|-miss|p1a: Altaria|p2a: Corviknight
|move|p2a: Corviknight|Roost|p2a: Corviknight
|-heal|p2a: Corviknight|100/100
|-singleturn|p2a: Corviknight|move: Roost
|
|-weather|none
|-damage|p2a: Corviknight|88/100|[from] move: Fire Spin|[partiallytrapped]
|-start|p1a: Altaria|perish2
|-start|p2a: Corviknight|perish2
|upkeep
|turn|17
|
|t:|1757882720
|move|p1a: Altaria|Fire Spin|p2a: Corviknight
|-supereffective|p2a: Corviknight
|-damage|p2a: Corviknight|83/100
|move|p2a: Corviknight|U-turn|p1a: Altaria
|-resisted|p1a: Altaria
|-damage|p1a: Altaria|99/100
|
|t:|1757882757
|switch|p2a: Manaphy|Manaphy, shiny|100/100|[from] U-turn
|
|-heal|p1a: Altaria|100/100|[from] item: Leftovers
|-start|p1a: Altaria|perish1
|upkeep
|turn|18
|
|t:|1757882762
|switch|p2a: Corviknight|Corviknight, M, shiny|83/100
|-ability|p2a: Corviknight|Pressure
|move|p1a: Altaria|Perish Song|p1a: Altaria
|-start|p2a: Corviknight|perish3|[silent]
|-fieldactivate|move: Perish Song
|
|-start|p1a: Altaria|perish0
|-start|p2a: Corviknight|perish3
|faint|p1a: Altaria
|upkeep
|
|t:|1757882766
|switch|p1a: Heatran|Heatran, F|100/100
|-damage|p1a: Heatran|88/100|[from] Stealth Rock
|turn|19
|
|t:|1757882777
|move|p1a: Heatran|Magma Storm|p2a: Corviknight
|-supereffective|p2a: Corviknight
|-damage|p2a: Corviknight|32/100
|-activate|p2a: Corviknight|move: Magma Storm|[of] p1a: Heatran
|move|p2a: Corviknight|U-turn|p1a: Heatran
|-resisted|p1a: Heatran
|-damage|p1a: Heatran|85/100
|
|t:|1757882816
|switch|p2a: Landorus|Landorus-Therian, M|100/100|[from] U-turn
|-ability|p2a: Landorus|Intimidate|boost
|-unboost|p1a: Heatran|atk|1
|
|-heal|p1a: Heatran|91/100|[from] item: Leftovers
|upkeep
|turn|20
|
|t:|1757882818
|move|p2a: Landorus|Earthquake|p1a: Heatran
|-supereffective|p1a: Heatran
|-damage|p1a: Heatran|0 fnt
|faint|p1a: Heatran
|
|upkeep
|
|t:|1757882821
|switch|p1a: Tyranitar|Tyranitar, F|61/100
|-damage|p1a: Tyranitar|49/100|[from] Stealth Rock
|-weather|Sandstorm|[from] ability: Sand Stream|[of] p1a: Tyranitar
|turn|21
|
|t:|1757882837
|move|p2a: Landorus|Earthquake|p1a: Tyranitar
|-supereffective|p1a: Tyranitar
|-damage|p1a: Tyranitar|0 fnt
|faint|p1a: Tyranitar
|
|-weather|Sandstorm|[upkeep]
|-sideend|p2: cyberlynx07|move: Light Screen
|upkeep
|
|t:|1757882839
|switch|p1a: Serperior|Serperior, M|100/100
|-damage|p1a: Serperior|88/100|[from] Stealth Rock
|turn|22
|
|t:|1757882890
|switch|p2a: Corviknight|Corviknight, M, shiny|32/100
|-ability|p2a: Corviknight|Pressure
|move|p1a: Serperior|Leaf Storm|p2a: Corviknight
|-resisted|p2a: Corviknight
|-damage|p2a: Corviknight|22/100
|-boost|p1a: Serperior|spa|2
|
|-weather|Sandstorm|[upkeep]
|-damage|p1a: Serperior|82/100|[from] Sandstorm
|-sideend|p2: cyberlynx07|Reflect
|upkeep
|turn|23
|
|t:|1757882904
|-terastallize|p1a: Serperior|Stellar
|move|p1a: Serperior|Tera Blast|p2a: Corviknight|[anim] Tera Blast Stellar
|-damage|p2a: Corviknight|0 fnt
|-boost|p1a: Serperior|atk|1
|-boost|p1a: Serperior|spa|1
|faint|p2a: Corviknight
|
|-weather|Sandstorm|[upkeep]
|-damage|p1a: Serperior|76/100|[from] Sandstorm
|upkeep
|
|t:|1757882935
|switch|p2a: Meowscarada|Meowscarada, F, shiny|100/100
|turn|24
|
|t:|1757882938
|move|p2a: Meowscarada|U-turn|p1a: Serperior
|-start|p2a: Meowscarada|typechange|Bug|[from] ability: Protean
|-supereffective|p1a: Serperior
|-damage|p1a: Serperior|0 fnt
|faint|p1a: Serperior
|
|t:|1757882961
|switch|p2a: Mandibuzz|Mandibuzz, F, shiny|76/100|[from] U-turn
|
|-weather|Sandstorm|[upkeep]
|upkeep
|
|t:|1757882967
|switch|p1a: Excadrill|Excadrill, F|100/100
|-damage|p1a: Excadrill|97/100|[from] Stealth Rock
|turn|25
|
|t:|1757882982
|move|p1a: Excadrill|Swords Dance|p1a: Excadrill
|-boost|p1a: Excadrill|atk|2
|move|p2a: Mandibuzz|Foul Play|p1a: Excadrill
|-damage|p1a: Excadrill|0 fnt
|faint|p1a: Excadrill
|
|-weather|Sandstorm|[upkeep]
|upkeep
|
|t:|1757882987
|switch|p1a: Houndstone|Houndstone, F, shiny|100/100
|-damage|p1a: Houndstone|88/100|[from] Stealth Rock
|turn|26
|
|t:|1757882989
|move|p1a: Houndstone|Play Rough|p2a: Mandibuzz
|-supereffective|p2a: Mandibuzz
|-damage|p2a: Mandibuzz|24/100
|move|p2a: Mandibuzz|Foul Play|p1a: Houndstone
|-supereffective|p1a: Houndstone
|-damage|p1a: Houndstone|0 fnt
|faint|p1a: Houndstone
|
|win|cyberlynx07
|c|☆cyberlynx07|gg
|l|☆Britzler
|player|p1|
