|j|☆Romain66
|j|☆Kr4ntz
|t:|1757952365
|gametype|singles
|player|p1|Romain66|shadowtriad|1336
|player|p2|Kr4ntz|265|1335
|gen|9
|tier|[Gen 9] OU
|rated|
|rule|HP Percentage Mod: HP is shown in percentages
|rule|Endless Battle Clause: Forcing endless battles is banned
|rule|Species Clause: Limit one of each Pokémon
|rule|OHKO Clause: OHKO moves are banned
|rule|Evasion Items Clause: Evasion items are banned
|rule|Evasion Moves Clause: Evasion moves are banned
|rule|Evasion Abilities Clause: Evasion abilities are banned
|rule|Sleep Moves Clause: Sleep-inducing moves are banned
|clearpoke
|poke|p1|Arcanine-Hisui, M|
|poke|p1|Ribombee, M|
|poke|p1|Iron Moth|
|poke|p1|Alomomola, F|
|poke|p1|Dragapult, M|
|poke|p1|Enamorus, F|
|poke|p2|Avalugg-Hisui, M|
|poke|p2|Dragonite, F|
|poke|p2|Scizor, F|
|poke|p2|Cinderace, F|
|poke|p2|Iron Valiant|
|poke|p2|Ogerpon-Wellspring, F|
|teampreview
|
|t:|1757952375
|teamsize|p1|6
|teamsize|p2|6
|start
|switch|p1a: Ribombee|Ribombee, M|100/100
|switch|p2a: Avalugg|Avalugg-Hisui, M|100/100
|turn|1
|
|t:|1757952380
|move|p1a: Ribombee|Sticky Web|p2a: Avalugg
|-sidestart|p2: Kr4ntz|move: Sticky Web
|move|p2a: Avalugg|Stealth Rock|p1a: Ribombee
|-sidestart|p1: Romain66|move: Stealth Rock
|
|upkeep
|turn|2
|
|t:|1757952388
|move|p1a: Ribombee|Stun Spore|p2a: Avalugg|[miss]
|-miss|p1a: Ribombee|p2a: Avalugg
|move|p2a: Avalugg|Rapid Spin|p1a: Ribombee
|-damage|p1a: Ribombee|62/100
|-boost|p2a: Avalugg|spe|1
|-sideend|p2: Kr4ntz|Sticky Web|[from] move: Rapid Spin|[of] p2a: Avalugg
|
|upkeep
|turn|3
|
|t:|1757952406
|switch|p1a: Dragapult|Dragapult, M|100/100
|move|p2a: Avalugg|Rapid Spin|p1a: Dragapult
|-immune|p1a: Dragapult
|
|upkeep
|turn|4
|
|t:|1757952411
|move|p1a: Dragapult|U-turn|p2a: Avalugg
|-damage|p2a: Avalugg|90/100
|
|t:|1757952415
|switch|p1a: Alomomola|Alomomola, F|100/100|[from] U-turn
|move|p2a: Avalugg|Mountain Gale|p1a: Alomomola
|-resisted|p1a: Alomomola
|-damage|p1a: Alomomola|83/100
|
|upkeep
|turn|5
|
|t:|1757952426
|move|p2a: Avalugg|Stone Edge|p1a: Alomomola
|-damage|p1a: Alomomola|51/100
|move|p1a: Alomomola|Scald|p2a: Avalugg
|-supereffective|p2a: Avalugg
|-damage|p2a: Avalugg|34/100
|
|upkeep
|turn|6
|
|t:|1757952434
|switch|p2a: Iron Valiant|Iron Valiant|100/100
|move|p1a: Alomomola|Wish|p1a: Alomomola
|
|upkeep
|turn|7
|
|t:|1757952440
|move|p2a: Iron Valiant|Moonblast|p1a: Alomomola
|-damage|p1a: Alomomola|0 fnt
|faint|p1a: Alomomola
|
|upkeep
|
|t:|1757952443
|switch|p1a: Ribombee|Ribombee, M|62/100
|-damage|p1a: Ribombee|37/100|[from] Stealth Rock
|turn|8
|
|t:|1757952449
|-end|p2a: Iron Valiant|Quark Drive|[silent]
|switch|p2a: Scizor|Scizor, F|100/100
|move|p1a: Ribombee|Sticky Web|p2a: Scizor
|-sidestart|p2: Kr4ntz|move: Sticky Web
|
|upkeep
|turn|9
|
|t:|1757952453
|move|p2a: Scizor|Bullet Punch|p1a: Ribombee
|-supereffective|p1a: Ribombee
|-damage|p1a: Ribombee|0 fnt
|faint|p1a: Ribombee
|
|upkeep
|
|t:|1757952456
|switch|p1a: Arcanine|Arcanine-Hisui, M|100/100
|-damage|p1a: Arcanine|76/100|[from] Stealth Rock
|turn|10
|
|t:|1757952461
|switch|p2a: Avalugg|Avalugg-Hisui, M|34/100
|-activate|p2a: Avalugg|move: Sticky Web
|-unboost|p2a: Avalugg|spe|1
|move|p1a: Arcanine|Flare Blitz|p2a: Avalugg
|-damage|p2a: Avalugg|0 fnt
|faint|p2a: Avalugg
|
|upkeep
|
|t:|1757952471
|switch|p2a: Cinderace|Cinderace, F|100/100
|turn|11
|inactive|Battle timer is ON: inactive players will automatically lose when time's up. (requested by Romain66)
|
|t:|1757952477
|switch|p1a: Iron Moth|Iron Moth|100/100
|-damage|p1a: Iron Moth|76/100|[from] Stealth Rock
|-enditem|p1a: Iron Moth|Booster Energy
|-activate|p1a: Iron Moth|ability: Quark Drive|[fromitem]
|-start|p1a: Iron Moth|quarkdrivespa
|move|p2a: Cinderace|U-turn|p1a: Iron Moth
|-start|p2a: Cinderace|typechange|Bug|[from] ability: Libero
|-resisted|p1a: Iron Moth
|-damage|p1a: Iron Moth|62/100
|
|t:|1757952486
|switch|p2a: Dragonite|Dragonite, F|100/100|[from] U-turn
|
|upkeep
|turn|12
|
|t:|1757952491
|move|p1a: Iron Moth|Dazzling Gleam|p2a: Dragonite
|-supereffective|p2a: Dragonite
|-damage|p2a: Dragonite|59/100
|move|p2a: Dragonite|Dragon Dance|p2a: Dragonite
|-boost|p2a: Dragonite|atk|1
|-boost|p2a: Dragonite|spe|1
|
|upkeep
|turn|13
|
|t:|1757952498
|move|p2a: Dragonite|Roost|p2a: Dragonite
|-heal|p2a: Dragonite|100/100
|-singleturn|p2a: Dragonite|move: Roost
|move|p1a: Iron Moth|Dazzling Gleam|p2a: Dragonite
|-supereffective|p2a: Dragonite
|-damage|p2a: Dragonite|63/100
|
|upkeep
|turn|14
|
|t:|1757952509
|move|p2a: Dragonite|Earthquake|p1a: Iron Moth
|-supereffective|p1a: Iron Moth
|-damage|p1a: Iron Moth|0 fnt
|faint|p1a: Iron Moth
|-end|p1a: Iron Moth|Quark Drive|[silent]
|
|upkeep
|
|t:|1757952512
|switch|p1a: Enamorus|Enamorus, F|100/100
|-damage|p1a: Enamorus|76/100|[from] Stealth Rock
|turn|15
|
|t:|1757952526
|move|p1a: Enamorus|Mystical Fire|p2a: Dragonite
|-resisted|p2a: Dragonite
|-damage|p2a: Dragonite|47/100
|-unboost|p2a: Dragonite|spa|1
|move|p2a: Dragonite|Roost|p2a: Dragonite
|-heal|p2a: Dragonite|97/100
|-singleturn|p2a: Dragonite|move: Roost
|
|upkeep
|turn|16
|
|t:|1757952533
|switch|p1a: Arcanine|Arcanine-Hisui, M|76/100
|-damage|p1a: Arcanine|51/100|[from] Stealth Rock
|move|p2a: Dragonite|Dragon Dance|p2a: Dragonite
|-boost|p2a: Dragonite|atk|1
|-boost|p2a: Dragonite|spe|1
|
|upkeep
|turn|17
|
|t:|1757952537
|move|p2a: Dragonite|Earthquake|p1a: Arcanine
|-supereffective|p1a: Arcanine
|-damage|p1a: Arcanine|0 fnt
|faint|p1a: Arcanine
|
|upkeep
|
|t:|1757952539
|switch|p1a: Enamorus|Enamorus, F|76/100
|-damage|p1a: Enamorus|51/100|[from] Stealth Rock
|turn|18
|
|t:|1757952545
|move|p2a: Dragonite|Roost|p2a: Dragonite
|-heal|p2a: Dragonite|100/100
|-singleturn|p2a: Dragonite|move: Roost
|move|p1a: Enamorus|Moonblast|p2a: Dragonite
|-supereffective|p2a: Dragonite
|-damage|p2a: Dragonite|37/100
|
|upkeep
|turn|19
|
|t:|1757952553
|-terastallize|p2a: Dragonite|Flying
|move|p2a: Dragonite|Tera Blast|p1a: Enamorus|[anim] Tera Blast Flying
|-damage|p1a: Enamorus|0 fnt
|faint|p1a: Enamorus
|
|upkeep
|
|t:|1757952556
|switch|p1a: Dragapult|Dragapult, M|100/100
|turn|20
|
|t:|1757952564
|-terastallize|p1a: Dragapult|Ghost
|move|p2a: Dragonite|Tera Blast|p1a: Dragapult|[anim] Tera Blast Flying
|-damage|p1a: Dragapult|0 fnt
|faint|p1a: Dragapult
|
|win|Kr4ntz
|raw|Romain66's rating: 1336 &rarr; <strong>1316</strong><br />(-20 for losing)
|raw|Kr4ntz's rating: 1335 &rarr; <strong>1355</strong><br />(+20 for winning)
|l|☆Romain66
|player|p1|
|l|☆Kr4ntz
|player|p2|
