|j|☆mach95a113
|j|☆sgasz
|t:|1757824496
|gametype|singles
|player|p1|mach95a113|gardenia|1076
|player|p2|sgasz|unknown|1033
|gen|9
|tier|[Gen 9] OU
|rated|
|rule|HP Percentage Mod: HP is shown in percentages
|rule|Endless Battle Clause: Forcing endless battles is banned
|rule|Species Clause: Limit one of each Pokémon
|rule|OHKO Clause: OHKO moves are banned
|rule|Evasion Items Clause: Evasion items are banned
|rule|Evasion Moves Clause: Evasion moves are banned
|rule|Evasion Abilities Clause: Evasion abilities are banned
|rule|Sleep Moves Clause: Sleep-inducing moves are banned
|clearpoke
|poke|p1|Cinderace, F|
|poke|p1|Dragapult, M|
|poke|p1|Zapdos|
|poke|p1|Landorus-Therian, M|
|poke|p1|Samurott-Hisui, M|
|poke|p1|Pecharunt|
|poke|p2|Ninetales, F|
|poke|p2|Great Tusk|
|poke|p2|Alomomola, F|
|poke|p2|Hatterene, F|
|poke|p2|Raging Bolt|
|poke|p2|Staraptor, F|
|teampreview
|inactive|Battle timer is ON: inactive players will automatically lose when time's up. (requested by sgasz)
|c|☆mach95a113|Good luck!
|
|t:|1757824512
|teamsize|p1|6
|teamsize|p2|6
|start
|switch|p1a: Weretiger|Landorus-Therian, M|100/100
|switch|p2a: Staraptor|Staraptor, F|100/100
|-ability|p1a: Weretiger|Intimidate|boost
|-unboost|p2a: Staraptor|atk|1
|turn|1
|
|t:|1757824516
|move|p2a: Staraptor|U-turn|p1a: Weretiger
|-resisted|p1a: Weretiger
|-damage|p1a: Weretiger|92/100
|-damage|p2a: Staraptor|84/100|[from] item: Rocky Helmet|[of] p1a: Weretiger
|
|t:|1757824518
|switch|p2a: Hatterene|Hatterene, F|100/100|[from] U-turn
|move|p1a: Weretiger|Stealth Rock|p2a: Hatterene
|move|p2a: Hatterene|Stealth Rock|p1a: Weretiger|[from] ability: Magic Bounce
|-sidestart|p1: mach95a113|move: Stealth Rock
|
|upkeep
|turn|2
|
|t:|1757824526
|move|p1a: Weretiger|U-turn|p2a: Hatterene
|-damage|p2a: Hatterene|69/100
|
|t:|1757824532
|switch|p1a: The Wingsmould|Pecharunt|100/100|[from] U-turn
|-damage|p1a: The Wingsmould|88/100|[from] Stealth Rock
|-item|p1a: The Wingsmould|Air Balloon
|move|p2a: Hatterene|Psyshock|p1a: The Wingsmould
|-supereffective|p1a: The Wingsmould
|-damage|p1a: The Wingsmould|39/100
|-enditem|p1a: The Wingsmould|Air Balloon
|
|upkeep
|turn|3
|
|t:|1757824541
|switch|p2a: Raging Bolt|Raging Bolt|100/100
|move|p1a: The Wingsmould|Recover|p1a: The Wingsmould
|-heal|p1a: The Wingsmould|89/100
|
|upkeep
|turn|4
|
|t:|1757824546
|move|p1a: The Wingsmould|Malignant Chain|p2a: Raging Bolt
|-damage|p2a: Raging Bolt|82/100
|move|p2a: Raging Bolt|Draco Meteor|p1a: The Wingsmould
|-damage|p1a: The Wingsmould|25/100
|-unboost|p2a: Raging Bolt|spa|2
|
|upkeep
|turn|5
|
|t:|1757824553
|move|p1a: The Wingsmould|Recover|p1a: The Wingsmould
|-heal|p1a: The Wingsmould|75/100
|move|p2a: Raging Bolt|Volt Switch|p1a: The Wingsmould
|-damage|p1a: The Wingsmould|58/100
|
|t:|1757824556
|-end|p2a: Raging Bolt|Protosynthesis|[silent]
|switch|p2a: Ninetales|Ninetales, F|100/100|[from] Volt Switch
|-weather|SunnyDay|[from] ability: Drought|[of] p2a: Ninetales
|
|-weather|SunnyDay|[upkeep]
|upkeep
|turn|6
|
|t:|1757824567
|switch|p1a: Soul of Cinder|Cinderace, F|100/100
|move|p2a: Ninetales|Overheat|p1a: Soul of Cinder|[miss]
|-miss|p2a: Ninetales|p1a: Soul of Cinder
|
|-weather|SunnyDay|[upkeep]
|upkeep
|turn|7
|
|t:|1757824581
|move|p1a: Soul of Cinder|Pyro Ball|p2a: Ninetales|[miss]
|-miss|p1a: Soul of Cinder|p2a: Ninetales
|move|p2a: Ninetales|Overheat|p1a: Soul of Cinder
|-resisted|p1a: Soul of Cinder
|-damage|p1a: Soul of Cinder|19/100
|-unboost|p2a: Ninetales|spa|2
|
|-weather|SunnyDay|[upkeep]
|upkeep
|turn|8
|
|t:|1757824590
|move|p1a: Soul of Cinder|U-turn|p2a: Ninetales
|-start|p1a: Soul of Cinder|typechange|Bug|[from] ability: Libero
|-resisted|p2a: Ninetales
|-damage|p2a: Ninetales|75/100
|
|t:|1757824595
|switch|p1a: Samiroth|Samurott-Hisui, M, shiny|100/100|[from] U-turn
|-damage|p1a: Samiroth|88/100|[from] Stealth Rock
|move|p2a: Ninetales|Overheat|p1a: Samiroth
|-resisted|p1a: Samiroth
|-damage|p1a: Samiroth|42/100
|-unboost|p2a: Ninetales|spa|2
|
|-weather|SunnyDay|[upkeep]
|upkeep
|turn|9
|
|t:|1757824604
|switch|p2a: Alomomola|Alomomola, F|100/100
|move|p1a: Samiroth|Ceaseless Edge|p2a: Alomomola
|-damage|p2a: Alomomola|78/100
|-damage|p1a: Samiroth|25/100|[from] item: Rocky Helmet|[of] p2a: Alomomola
|-sidestart|p2: sgasz|Spikes
|
|-weather|none
|upkeep
|turn|10
|
|t:|1757824612
|move|p1a: Samiroth|Knock Off|p2a: Alomomola
|-damage|p2a: Alomomola|56/100
|-damage|p1a: Samiroth|9/100|[from] item: Rocky Helmet|[of] p2a: Alomomola
|-enditem|p2a: Alomomola|Rocky Helmet|[from] move: Knock Off|[of] p1a: Samiroth
|move|p2a: Alomomola|Wish|p2a: Alomomola
|
|upkeep
|turn|11
|
|t:|1757824622
|move|p1a: Samiroth|Ceaseless Edge|p2a: Alomomola
|-damage|p2a: Alomomola|32/100
|-sidestart|p2: sgasz|Spikes
|move|p2a: Alomomola|Flip Turn|p1a: Samiroth
|-resisted|p1a: Samiroth
|-damage|p1a: Samiroth|0 fnt
|faint|p1a: Samiroth
|
|t:|1757824627
|switch|p2a: Staraptor|Staraptor, F|84/100|[from] Flip Turn
|
|-heal|p2a: Staraptor|100/100|[from] move: Wish|[wisher] Alomomola
|upkeep
|
|t:|1757824640
|switch|p1a: Weretiger|Landorus-Therian, M|92/100
|-damage|p1a: Weretiger|80/100|[from] Stealth Rock
|-ability|p1a: Weretiger|Intimidate|boost
|-unboost|p2a: Staraptor|atk|1
|turn|12
|
|t:|1757824650
|move|p2a: Staraptor|Final Gambit|p1a: Weretiger
|-damage|p1a: Weretiger|0 fnt
|faint|p2a: Staraptor
|faint|p1a: Weretiger
|
|upkeep
|inactive|mach95a113 has 120 seconds left.
|
|t:|1757824682
|switch|p1a: Omega|Dragapult, M|100/100
|switch|p2a: Raging Bolt|Raging Bolt|82/100
|-damage|p2a: Raging Bolt|65/100|[from] Spikes
|turn|13
|inactive|mach95a113 has 120 seconds left.
|
|t:|1757824695
|move|p1a: Omega|U-turn|p2a: Raging Bolt
|-damage|p2a: Raging Bolt|45/100
|
|t:|1757824698
|switch|p1a: Soul of Cinder|Cinderace, F|19/100|[from] U-turn
|move|p2a: Raging Bolt|Draco Meteor|p1a: Soul of Cinder
|-damage|p1a: Soul of Cinder|0 fnt
|-unboost|p2a: Raging Bolt|spa|2
|faint|p1a: Soul of Cinder
|
|upkeep
|
|t:|1757824702
|switch|p1a: Omega|Dragapult, M|100/100
|turn|14
|
|t:|1757824720
|-end|p2a: Raging Bolt|Protosynthesis|[silent]
|switch|p2a: Hatterene|Hatterene, F|69/100
|-damage|p2a: Hatterene|53/100|[from] Spikes
|move|p1a: Omega|Dragon Darts|p2a: Hatterene
|-immune|p2a: Hatterene
|
|upkeep
|turn|15
|
|t:|1757824726
|switch|p2a: Great Tusk|Great Tusk|100/100
|move|p1a: Omega|Phantom Force||[still]
|-prepare|p1a: Omega|Phantom Force
|
|upkeep
|turn|16
|
|t:|1757824730
|move|p1a: Omega|Phantom Force|p2a: Great Tusk|[from] lockedmove
|-damage|p2a: Great Tusk|78/100
|move|p2a: Great Tusk|Knock Off|p1a: Omega
|-supereffective|p1a: Omega
|-damage|p1a: Omega|24/100
|-enditem|p1a: Omega|Heavy-Duty Boots|[from] move: Knock Off|[of] p2a: Great Tusk
|
|upkeep
|turn|17
|inactive|mach95a113 has 120 seconds left.
|
|t:|1757824764
|switch|p1a: The Wingsmould|Pecharunt|58/100
|-damage|p1a: The Wingsmould|45/100|[from] Stealth Rock
|-end|p2a: Great Tusk|Protosynthesis|[silent]
|switch|p2a: Hatterene|Hatterene, F|53/100
|-damage|p2a: Hatterene|36/100|[from] Spikes
|
|upkeep
|turn|18
|inactive|mach95a113 has 120 seconds left.
|
|t:|1757824783
|switch|p2a: Alomomola|Alomomola, F|65/100
|-damage|p2a: Alomomola|48/100|[from] Spikes
|move|p1a: The Wingsmould|Parting Shot|p2a: Alomomola
|-unboost|p2a: Alomomola|atk|1
|-unboost|p2a: Alomomola|spa|1
|
|t:|1757824796
|switch|p1a: The Electric Duo|Zapdos, shiny|100/100|[from] Parting Shot
|-damage|p1a: The Electric Duo|76/100|[from] Stealth Rock
|
|upkeep
|turn|19
|
|t:|1757824802
|move|p1a: The Electric Duo|Hurricane|p2a: Alomomola
|-damage|p2a: Alomomola|0 fnt
|faint|p2a: Alomomola
|
|upkeep
|
|t:|1757824806
|switch|p2a: Ninetales|Ninetales, F|75/100
|-damage|p2a: Ninetales|59/100|[from] Spikes
|-weather|SunnyDay|[from] ability: Drought|[of] p2a: Ninetales
|turn|20
|
|t:|1757824816
|switch|p1a: The Wingsmould|Pecharunt|45/100
|-damage|p1a: The Wingsmould|33/100|[from] Stealth Rock
|move|p2a: Ninetales|Overheat|p1a: The Wingsmould
|-damage|p1a: The Wingsmould|0 fnt
|-unboost|p2a: Ninetales|spa|2
|faint|p1a: The Wingsmould
|
|-weather|SunnyDay|[upkeep]
|upkeep
|inactive|mach95a113 has 120 seconds left.
|
|t:|1757824846
|switch|p1a: Omega|Dragapult, M|24/100
|-damage|p1a: Omega|12/100|[from] Stealth Rock
|turn|21
|
|t:|1757824861
|switch|p2a: Hatterene|Hatterene, F|36/100
|-damage|p2a: Hatterene|20/100|[from] Spikes
|move|p1a: Omega|Dragon Darts|p2a: Hatterene
|-immune|p2a: Hatterene
|
|-weather|SunnyDay|[upkeep]
|upkeep
|turn|22
|
|t:|1757824875
|move|p1a: Omega|Phantom Force||[still]
|-prepare|p1a: Omega|Phantom Force
|move|p2a: Hatterene|Draining Kiss|p1a: Omega|[miss]
|-miss|p2a: Hatterene|p1a: Omega
|
|-weather|SunnyDay|[upkeep]
|upkeep
|turn|23
|
|t:|1757824883
|move|p1a: Omega|Phantom Force|p2a: Hatterene|[from] lockedmove
|-supereffective|p2a: Hatterene
|-damage|p2a: Hatterene|0 fnt
|faint|p2a: Hatterene
|
|-weather|SunnyDay|[upkeep]
|upkeep
|
|t:|1757824886
|switch|p2a: Raging Bolt|Raging Bolt|45/100
|-damage|p2a: Raging Bolt|29/100|[from] Spikes
|-activate|p2a: Raging Bolt|ability: Protosynthesis
|-start|p2a: Raging Bolt|protosynthesisspa
|turn|24
|inactive|mach95a113 has 120 seconds left.
|inactive|mach95a113 has 90 seconds left.
|
|t:|1757824930
|move|p2a: Raging Bolt|Thunderclap||[still]
|-fail|p2a: Raging Bolt
|move|p1a: Omega|Dragon Dance|p1a: Omega
|-boost|p1a: Omega|atk|1
|-boost|p1a: Omega|spe|1
|
|-weather|none
|-end|p2a: Raging Bolt|Protosynthesis
|upkeep
|turn|25
|
|t:|1757824938
|move|p2a: Raging Bolt|Thunderclap||[still]
|-fail|p2a: Raging Bolt
|move|p1a: Omega|Dragon Dance|p1a: Omega
|-boost|p1a: Omega|atk|1
|-boost|p1a: Omega|spe|1
|
|upkeep
|turn|26
|
|t:|1757824943
|-terastallize|p2a: Raging Bolt|Fairy
|move|p1a: Omega|Dragon Dance|p1a: Omega
|-boost|p1a: Omega|atk|1
|-boost|p1a: Omega|spe|1
|move|p2a: Raging Bolt|Discharge|p1a: Omega
|-resisted|p1a: Omega
|-damage|p1a: Omega|0 fnt
|faint|p1a: Omega
|
|upkeep
|
|t:|1757824947
|switch|p1a: The Electric Duo|Zapdos, shiny|76/100
|-damage|p1a: The Electric Duo|51/100|[from] Stealth Rock
|turn|27
|inactive|mach95a113 has 90 seconds left.
|
|t:|1757824980
|move|p1a: The Electric Duo|Hurricane|p2a: Raging Bolt
|-damage|p2a: Raging Bolt|0 fnt
|faint|p2a: Raging Bolt
|-end|p2a: Raging Bolt|Protosynthesis|[silent]
|
|upkeep
|
|t:|1757824983
|switch|p2a: Ninetales|Ninetales, F|59/100
|-damage|p2a: Ninetales|42/100|[from] Spikes
|-weather|SunnyDay|[from] ability: Drought|[of] p2a: Ninetales
|turn|28
|
|t:|1757824988
|move|p1a: The Electric Duo|Hurricane|p2a: Ninetales
|-damage|p2a: Ninetales|0 fnt
|faint|p2a: Ninetales
|
|-weather|SunnyDay|[upkeep]
|upkeep
|
|t:|1757824993
|switch|p2a: Great Tusk|Great Tusk|78/100
|-activate|p2a: Great Tusk|ability: Protosynthesis
|-start|p2a: Great Tusk|protosynthesisdef
|turn|29
|
|t:|1757824997
|move|p1a: The Electric Duo|Hurricane|p2a: Great Tusk|[miss]
|-miss|p1a: The Electric Duo|p2a: Great Tusk
|move|p2a: Great Tusk|Rapid Spin|p1a: The Electric Duo
|-damage|p1a: The Electric Duo|33/100
|-boost|p2a: Great Tusk|spe|1
|-status|p2a: Great Tusk|par|[from] ability: Static|[of] p1a: The Electric Duo
|-sideend|p2: sgasz|Spikes|[from] move: Rapid Spin|[of] p2a: Great Tusk
|
|-weather|SunnyDay|[upkeep]
|upkeep
|turn|30
|
|t:|1757825000
|move|p1a: The Electric Duo|Hurricane|p2a: Great Tusk|[miss]
|-miss|p1a: The Electric Duo|p2a: Great Tusk
|move|p2a: Great Tusk|Ice Spinner|p1a: The Electric Duo
|-supereffective|p1a: The Electric Duo
|-damage|p1a: The Electric Duo|0 fnt
|faint|p1a: The Electric Duo
|
|win|sgasz
|raw|mach95a113's rating: 1076 &rarr; <strong>1052</strong><br />(-24 for losing)
|raw|sgasz's rating: 1033 &rarr; <strong>1072</strong><br />(+39 for winning)
|c|☆mach95a113|Gg
|l|☆sgasz
|player|p2|
