|j|☆lzc123456
|j|‽secondstory
|t:|1757840723
|gametype|singles
|player|p1|lzc123456|cynthia-gen4|1586
|player|p2|secondstory|bruno|1543
|gen|9
|tier|[Gen 9] OU
|rated|
|rule|HP Percentage Mod: HP is shown in percentages
|rule|Endless Battle Clause: Forcing endless battles is banned
|rule|Species Clause: Limit one of each Pokémon
|rule|OHKO Clause: OHKO moves are banned
|rule|Evasion Items Clause: Evasion items are banned
|rule|Evasion Moves Clause: Evasion moves are banned
|rule|Evasion Abilities Clause: Evasion abilities are banned
|rule|Sleep Moves Clause: Sleep-inducing moves are banned
|clearpoke
|poke|p1|Alomomola, F|
|poke|p1|Serperior, F|
|poke|p1|Garchomp, M|
|poke|p1|Iron Treads|
|poke|p1|Pelipper, M|
|poke|p1|Zamazenta-*|
|poke|p2|Weavile, M|
|poke|p2|Dragapult, F|
|poke|p2|Great Tusk|
|poke|p2|Corviknight, M|
|poke|p2|Enamorus, F|
|poke|p2|Snorlax, F|
|teampreview
|inactive|Battle timer is ON: inactive players will automatically lose when time's up. (requested by lzc123456)
|
|t:|1757840739
|teamsize|p1|6
|teamsize|p2|6
|start
|switch|p1a: 盾盾小狗|Zamazenta|100/100
|switch|p2a: Dragapult|Dragapult, F|100/100
|-ability|p1a: 盾盾小狗|Dauntless Shield|boost
|-boost|p1a: 盾盾小狗|def|1
|turn|1
|
|t:|1757840747
|switch|p1a: 脏活累活|Alomomola, F|100/100
|move|p2a: Dragapult|Draco Meteor|p1a: 脏活累活|[miss]
|-miss|p2a: Dragapult|p1a: 脏活累活
|
|upkeep
|turn|2
|
|t:|1757840761
|switch|p2a: Weavile|Weavile, M|100/100
|-ability|p2a: Weavile|Pressure
|move|p1a: 脏活累活|Flip Turn|p2a: Weavile
|-damage|p2a: Weavile|75/100
|
|t:|1757840768
|switch|p1a: 盾盾小狗|Zamazenta|100/100|[from] Flip Turn
|
|upkeep
|turn|3
|
|t:|1757840780
|switch|p2a: Corviknight|Corviknight, M, shiny|100/100
|-ability|p2a: Corviknight|Pressure
|move|p1a: 盾盾小狗|Stone Edge|p2a: Corviknight
|-damage|p2a: Corviknight|69/100
|
|upkeep
|turn|4
|j| Ctannn
|
|t:|1757840790
|switch|p1a: 盖鸥卡|Pelipper, M, shiny|100/100
|-weather|RainDance|[from] ability: Drizzle|[of] p1a: 盖鸥卡
|move|p2a: Corviknight|U-turn|p1a: 盖鸥卡
|-resisted|p1a: 盖鸥卡
|-damage|p1a: 盖鸥卡|91/100
|
|t:|1757840794
|switch|p2a: Dragapult|Dragapult, F|100/100|[from] U-turn
|
|-weather|RainDance|[upkeep]
|upkeep
|turn|5
|
|t:|1757840802
|switch|p1a: 脏活累活|Alomomola, F|100/100
|move|p2a: Dragapult|Shadow Ball|p1a: 脏活累活
|-damage|p1a: 脏活累活|72/100
|
|-weather|RainDance|[upkeep]
|upkeep
|turn|6
|
|t:|1757840819
|switch|p2a: Corviknight|Corviknight, M, shiny|69/100
|-ability|p2a: Corviknight|Pressure
|move|p1a: 脏活累活|Flip Turn|p2a: Corviknight
|-damage|p2a: Corviknight|55/100
|-damage|p1a: 脏活累活|55/100|[from] item: Rocky Helmet|[of] p2a: Corviknight
|
|t:|1757840823
|switch|p1a: 盖鸥卡|Pelipper, M, shiny|91/100|[from] Flip Turn
|
|-weather|RainDance|[upkeep]
|upkeep
|turn|7
|
|t:|1757840830
|move|p1a: 盖鸥卡|Weather Ball|p2a: Corviknight
|-damage|p2a: Corviknight|0 fnt
|faint|p2a: Corviknight
|
|-weather|RainDance|[upkeep]
|upkeep
|
|t:|1757840835
|switch|p2a: Dragapult|Dragapult, F|100/100
|turn|8
|
|t:|1757840841
|switch|p1a: 脏活累活|Alomomola, F|88/100
|-terastallize|p2a: Dragapult|Ghost
|move|p2a: Dragapult|Shadow Ball|p1a: 脏活累活
|-damage|p1a: 脏活累活|44/100
|
|-weather|none
|upkeep
|turn|9
|inactive|lzc123456 has 120 seconds left.
|
|t:|1757840871
|switch|p1a: 小铁|Iron Treads|100/100
|move|p2a: Dragapult|Shadow Ball|p1a: 小铁
|-damage|p1a: 小铁|59/100
|
|upkeep
|turn|10
|
|t:|1757840880
|switch|p2a: Great Tusk|Great Tusk|100/100
|move|p1a: 小铁|Volt Switch|p2a: Great Tusk
|-immune|p2a: Great Tusk
|
|upkeep
|turn|11
|
|t:|1757840898
|-end|p1a: 小铁|Quark Drive|[silent]
|switch|p1a: 减10大王|Garchomp, M, shiny|100/100
|move|p2a: Great Tusk|Ice Spinner|p1a: 减10大王
|-supereffective|p1a: 减10大王
|-damage|p1a: 减10大王|35/100
|-damage|p2a: Great Tusk|88/100|[from] ability: Rough Skin|[of] p1a: 减10大王
|-damage|p2a: Great Tusk|72/100|[from] item: Rocky Helmet|[of] p1a: 减10大王
|
|upkeep
|turn|12
|
|t:|1757840907
|move|p2a: Great Tusk|Ice Spinner|p1a: 减10大王
|-supereffective|p1a: 减10大王
|-damage|p1a: 减10大王|0 fnt
|-damage|p2a: Great Tusk|59/100|[from] ability: Rough Skin|[of] p1a: 减10大王
|-damage|p2a: Great Tusk|43/100|[from] item: Rocky Helmet|[of] p1a: 减10大王
|faint|p1a: 减10大王
|
|upkeep
|
|t:|1757840919
|switch|p1a: 蛇姐|Serperior, F, shiny|100/100
|turn|13
|
|t:|1757840928
|-end|p2a: Great Tusk|Protosynthesis|[silent]
|switch|p2a: Snorlax|Snorlax, F|100/100
|move|p1a: 蛇姐|Glare|p2a: Snorlax
|-status|p2a: Snorlax|par
|
|upkeep
|turn|14
|
|t:|1757840933
|move|p1a: 蛇姐|Leech Seed|p2a: Snorlax
|-start|p2a: Snorlax|move: Leech Seed
|move|p2a: Snorlax|Ice Punch|p1a: 蛇姐
|-supereffective|p1a: 蛇姐
|-damage|p1a: 蛇姐|53/100
|
|-heal|p1a: 蛇姐|59/100|[from] item: Leftovers
|-damage|p2a: Snorlax|88/100 par|[from] Leech Seed|[of] p1a: 蛇姐
|-heal|p1a: 蛇姐|79/100|[silent]
|upkeep
|turn|15
|
|t:|1757840940
|switch|p2a: Weavile|Weavile, M|75/100
|-ability|p2a: Weavile|Pressure
|move|p1a: 蛇姐|Substitute|p1a: 蛇姐
|-start|p1a: 蛇姐|Substitute
|-damage|p1a: 蛇姐|54/100
|
|-heal|p1a: 蛇姐|60/100|[from] item: Leftovers
|upkeep
|turn|16
|
|t:|1757840948
|move|p2a: Weavile|Triple Axel|p1a: 蛇姐
|-supereffective|p1a: 蛇姐
|-activate|p1a: 蛇姐|move: Substitute|[damage]
|-hitcount|p1a: 蛇姐|1
|move|p1a: 蛇姐|Leaf Storm|p2a: Weavile
|-damage|p2a: Weavile|18/100
|-boost|p1a: 蛇姐|spa|2
|
|-heal|p1a: 蛇姐|67/100|[from] item: Leftovers
|upkeep
|turn|17
|inactive|lzc123456 has 120 seconds left.
|
|t:|1757840980
|switch|p1a: 脏活累活|Alomomola, F|77/100
|move|p2a: Weavile|Knock Off|p1a: 脏活累活
|-damage|p1a: 脏活累活|47/100
|-enditem|p1a: 脏活累活|Assault Vest|[from] move: Knock Off|[of] p2a: Weavile
|
|upkeep
|turn|18
|
|t:|1757840996
|move|p2a: Weavile|Knock Off|p1a: 脏活累活
|-damage|p1a: 脏活累活|27/100
|move|p1a: 脏活累活|Flip Turn|p2a: Weavile
|-damage|p2a: Weavile|0 fnt
|faint|p2a: Weavile
|inactive|lzc123456 has 120 seconds left.
|
|t:|1757841014
|switch|p1a: 小铁|Iron Treads|59/100|[from] Flip Turn
|
|upkeep
|
|t:|1757841020
|switch|p2a: Great Tusk|Great Tusk|43/100
|turn|19
|
|t:|1757841028
|move|p2a: Great Tusk|Ice Spinner|p1a: 小铁
|-damage|p1a: 小铁|38/100
|move|p1a: 小铁|Knock Off|p2a: Great Tusk
|-resisted|p2a: Great Tusk
|-damage|p2a: Great Tusk|33/100
|-enditem|p2a: Great Tusk|Heavy-Duty Boots|[from] move: Knock Off|[of] p1a: 小铁
|
|upkeep
|turn|20
|
|t:|1757841034
|move|p2a: Great Tusk|Ice Spinner|p1a: 小铁
|-damage|p1a: 小铁|17/100
|move|p1a: 小铁|Earthquake|p2a: Great Tusk
|-damage|p2a: Great Tusk|7/100
|
|upkeep
|turn|21
|
|t:|1757841039
|move|p2a: Great Tusk|Ice Spinner|p1a: 小铁
|-damage|p1a: 小铁|0 fnt
|faint|p1a: 小铁
|-end|p1a: 小铁|Quark Drive|[silent]
|
|upkeep
|
|t:|1757841042
|switch|p1a: 脏活累活|Alomomola, F|60/100
|turn|22
|
|t:|1757841046
|move|p2a: Great Tusk|Close Combat|p1a: 脏活累活
|-damage|p1a: 脏活累活|18/100
|-unboost|p2a: Great Tusk|def|1
|-unboost|p2a: Great Tusk|spd|1
|move|p1a: 脏活累活|Flip Turn|p2a: Great Tusk
|-supereffective|p2a: Great Tusk
|-damage|p2a: Great Tusk|0 fnt
|faint|p2a: Great Tusk
|-end|p2a: Great Tusk|Protosynthesis|[silent]
|
|t:|1757841054
|switch|p1a: 盖鸥卡|Pelipper, M, shiny|91/100|[from] Flip Turn
|-weather|RainDance|[from] ability: Drizzle|[of] p1a: 盖鸥卡
|
|-weather|RainDance|[upkeep]
|upkeep
|
|t:|1757841063
|switch|p2a: Dragapult|Dragapult, F, tera:Ghost|100/100
|turn|23
|
|t:|1757841072
|move|p2a: Dragapult|Shadow Ball|p1a: 盖鸥卡
|-damage|p1a: 盖鸥卡|0 fnt
|faint|p1a: 盖鸥卡
|
|-weather|RainDance|[upkeep]
|upkeep
|
|t:|1757841074
|switch|p1a: 盾盾小狗|Zamazenta|100/100
|turn|24
|
|t:|1757841082
|move|p1a: 盾盾小狗|Crunch|p2a: Dragapult
|-supereffective|p2a: Dragapult
|-damage|p2a: Dragapult|0 fnt
|faint|p2a: Dragapult
|
|-weather|RainDance|[upkeep]
|upkeep
|
|t:|1757841086
|switch|p2a: Enamorus|Enamorus, F|100/100
|turn|25
|
|t:|1757841092
|switch|p1a: 脏活累活|Alomomola, F|51/100
|move|p2a: Enamorus|Moonblast|p1a: 脏活累活
|-damage|p1a: 脏活累活|7/100
|-unboost|p1a: 脏活累活|spa|1
|
|-weather|RainDance|[upkeep]
|upkeep
|turn|26
|
|t:|1757841107
|move|p2a: Enamorus|Moonblast|p1a: 脏活累活
|-damage|p1a: 脏活累活|0 fnt
|faint|p1a: 脏活累活
|
|-weather|none
|upkeep
|
|t:|1757841109
|switch|p1a: 蛇姐|Serperior, F, shiny|67/100
|turn|27
|
|t:|1757841117
|-terastallize|p1a: 蛇姐|Steel
|move|p2a: Enamorus|Moonblast|p1a: 蛇姐
|-resisted|p1a: 蛇姐
|-damage|p1a: 蛇姐|37/100
|-boost|p1a: 蛇姐|spa|1
|move|p1a: 蛇姐|Glare|p2a: Enamorus
|-status|p2a: Enamorus|par
|
|-heal|p1a: 蛇姐|43/100|[from] item: Leftovers
|upkeep
|turn|28
|
|t:|1757841138
|switch|p2a: Snorlax|Snorlax, F|88/100 par
|move|p1a: 蛇姐|Leaf Storm|p2a: Snorlax
|-damage|p2a: Snorlax|66/100 par
|-boost|p1a: 蛇姐|spa|2
|
|-heal|p1a: 蛇姐|50/100|[from] item: Leftovers
|upkeep
|turn|29
|
|t:|1757841152
|move|p1a: 蛇姐|Substitute|p1a: 蛇姐
|-start|p1a: 蛇姐|Substitute
|-damage|p1a: 蛇姐|25/100
|move|p2a: Snorlax|Earthquake|p1a: 蛇姐
|-supereffective|p1a: 蛇姐
|-end|p1a: 蛇姐|Substitute
|
|-heal|p1a: 蛇姐|31/100|[from] item: Leftovers
|upkeep
|turn|30
|
|t:|1757841172
|move|p1a: 蛇姐|Leaf Storm|p2a: Snorlax
|-damage|p2a: Snorlax|32/100 par
|-boost|p1a: 蛇姐|spa|2
|move|p2a: Snorlax|Body Slam|p1a: 蛇姐
|-resisted|p1a: 蛇姐
|-damage|p1a: 蛇姐|10/100
|
|-heal|p1a: 蛇姐|16/100|[from] item: Leftovers
|upkeep
|turn|31
|
|t:|1757841178
|move|p1a: 蛇姐|Leaf Storm|p2a: Snorlax
|-damage|p2a: Snorlax|0 fnt
|-boost|p1a: 蛇姐|spa|1
|faint|p2a: Snorlax
|
|-heal|p1a: 蛇姐|22/100|[from] item: Leftovers
|upkeep
|
|t:|1757841181
|switch|p2a: Enamorus|Enamorus, F|100/100 par
|turn|32
|
|t:|1757841184
|move|p1a: 蛇姐|Leaf Storm|p2a: Enamorus
|-resisted|p2a: Enamorus
|-damage|p2a: Enamorus|0 fnt
|faint|p2a: Enamorus
|
|win|lzc123456
|raw|lzc123456's rating: 1586 &rarr; <strong>1604</strong><br />(+18 for winning)
|raw|secondstory's rating: 1543 &rarr; <strong>1525</strong><br />(-18 for losing)
|l|‽secondstory
|player|p2|
|l|☆lzc123456
|player|p1|
|l| Ctannn
