|j|☆Moistham
|j|☆Zu 2 The T0p
|t:|1757909109
|gametype|singles
|player|p1|Moistham|101|1511
|player|p2|Zu 2 The T0p|dancer|1550
|gen|9
|tier|[Gen 9] OU
|rated|
|rule|HP Percentage Mod: HP is shown in percentages
|rule|Endless Battle Clause: Forcing endless battles is banned
|rule|Species Clause: Limit one of each Pokémon
|rule|OHKO Clause: OHKO moves are banned
|rule|Evasion Items Clause: Evasion items are banned
|rule|Evasion Moves Clause: Evasion moves are banned
|rule|Evasion Abilities Clause: Evasion abilities are banned
|rule|Sleep Moves Clause: Sleep-inducing moves are banned
|clearpoke
|poke|p1|Slowking-Galar, M|
|poke|p1|Kyurem|
|poke|p1|Ting-Lu|
|poke|p1|Hawlucha, M|
|poke|p1|Dragapult, F|
|poke|p1|Dondozo, M|
|poke|p2|Regidrago|
|poke|p2|Alomomola, M|
|poke|p2|Zamazenta-*|
|poke|p2|Weezing-Galar, M|
|poke|p2|Goodra-Hisui, F|
|poke|p2|Hoopa-Unbound|
|teampreview
|c|☆Zu 2 The T0p|Glhf
|
|t:|1757909118
|teamsize|p1|6
|teamsize|p2|6
|start
|switch|p1a: Dragapult|Dragapult, F|100/100
|switch|p2a: Regidrago|Regidrago|100/100
|turn|1
|inactive|Battle timer is ON: inactive players will automatically lose when time's up. (requested by Moistham)
|
|t:|1757909131
|switch|p2a: Goodra|Goodra-Hisui, F|100/100
|switch|p1a: Slowking|Slowking-Galar, M|100/100
|
|upkeep
|turn|2
|
|t:|1757909147
|move|p2a: Goodra|Dragon Pulse|p1a: Slowking
|-damage|p1a: Slowking|66/100
|-prepare|p1a: Slowking|Chilly Reception|[premajor]
|move|p1a: Slowking|Chilly Reception|p1a: Slowking
|-weather|Snowscape
|
|t:|1757909151
|switch|p1a: Kyurem|Kyurem|100/100|[from] Chilly Reception
|-ability|p1a: Kyurem|Pressure
|
|-weather|Snowscape|[upkeep]
|upkeep
|turn|3
|
|t:|1757909154
|switch|p1a: Slowking|Slowking-Galar, M|99/100
|move|p2a: Goodra|Flash Cannon|p1a: Slowking
|-damage|p1a: Slowking|68/100
|
|-weather|Snowscape|[upkeep]
|upkeep
|turn|4
|
|t:|1757909161
|move|p2a: Goodra|Flash Cannon|p1a: Slowking
|-damage|p1a: Slowking|34/100
|-prepare|p1a: Slowking|Chilly Reception|[premajor]
|move|p1a: Slowking|Chilly Reception|p1a: Slowking
|
|t:|1757909163
|switch|p1a: Dragapult|Dragapult, F|100/100|[from] Chilly Reception
|
|-weather|Snowscape|[upkeep]
|upkeep
|turn|5
|
|t:|1757909166
|move|p1a: Dragapult|U-turn|p2a: Goodra
|-resisted|p2a: Goodra
|-damage|p2a: Goodra|82/100
|
|t:|1757909168
|switch|p1a: Ting-Lu|Ting-Lu|100/100|[from] U-turn
|-ability|p1a: Ting-Lu|Vessel of Ruin
|move|p2a: Goodra|Flash Cannon|p1a: Ting-Lu
|-crit|p1a: Ting-Lu
|-damage|p1a: Ting-Lu|73/100
|
|-weather|Snowscape|[upkeep]
|-heal|p1a: Ting-Lu|80/100|[from] item: Leftovers
|upkeep
|turn|6
|
|t:|1757909173
|move|p2a: Goodra|Ice Beam|p1a: Ting-Lu
|-supereffective|p1a: Ting-Lu
|-damage|p1a: Ting-Lu|54/100
|move|p1a: Ting-Lu|Earthquake|p2a: Goodra
|-supereffective|p2a: Goodra
|-damage|p2a: Goodra|7/100
|
|-weather|none
|-heal|p1a: Ting-Lu|61/100|[from] item: Leftovers
|upkeep
|turn|7
|
|t:|1757909179
|switch|p2a: Alomomola|Alomomola, M, shiny|100/100
|move|p1a: Ting-Lu|Earthquake|p2a: Alomomola
|-damage|p2a: Alomomola|80/100
|
|-heal|p1a: Ting-Lu|67/100|[from] item: Leftovers
|upkeep
|turn|8
|
|t:|1757909181
|switch|p1a: Slowking|Slowking-Galar, M|67/100
|move|p2a: Alomomola|Wish|p2a: Alomomola
|
|upkeep
|turn|9
|
|t:|1757909184
|move|p2a: Alomomola|Flip Turn|p1a: Slowking
|-crit|p1a: Slowking
|-damage|p1a: Slowking|44/100
|
|t:|1757909185
|switch|p2a: Goodra|Goodra-Hisui, F|7/100|[from] Flip Turn
|-prepare|p1a: Slowking|Chilly Reception|[premajor]
|move|p1a: Slowking|Chilly Reception|p1a: Slowking
|-weather|Snowscape
|
|t:|1757909187
|switch|p1a: Kyurem|Kyurem|100/100|[from] Chilly Reception
|-ability|p1a: Kyurem|Pressure
|
|-weather|Snowscape|[upkeep]
|-heal|p2a: Goodra|81/100|[from] move: Wish|[wisher] Alomomola
|upkeep
|turn|10
|
|t:|1757909190
|move|p1a: Kyurem|Blizzard|p2a: Goodra
|-damage|p2a: Goodra|39/100
|move|p2a: Goodra|Flash Cannon|p1a: Kyurem
|-supereffective|p1a: Kyurem
|-damage|p1a: Kyurem|28/100
|
|-weather|Snowscape|[upkeep]
|upkeep
|turn|11
|
|t:|1757909197
|move|p1a: Kyurem|Blizzard|p2a: Goodra
|-damage|p2a: Goodra|1/100
|-status|p2a: Goodra|frz
|cant|p2a: Goodra|frz
|
|-weather|Snowscape|[upkeep]
|upkeep
|turn|12
|
|t:|1757909201
|move|p1a: Kyurem|Blizzard|p2a: Goodra
|-damage|p2a: Goodra|0 fnt
|faint|p2a: Goodra
|
|-weather|Snowscape|[upkeep]
|upkeep
|
|t:|1757909212
|switch|p2a: Zamazenta|Zamazenta|100/100
|-ability|p2a: Zamazenta|Dauntless Shield|boost
|-boost|p2a: Zamazenta|def|1
|turn|13
|
|t:|1757909215
|switch|p1a: Hawlucha|Hawlucha, M|100/100
|-ability|p1a: Hawlucha|Mold Breaker
|move|p2a: Zamazenta|Heavy Slam|p1a: Hawlucha
|-damage|p1a: Hawlucha|71/100
|-damage|p2a: Zamazenta|84/100|[from] item: Rocky Helmet|[of] p1a: Hawlucha
|
|-weather|none
|upkeep
|turn|14
|
|t:|1757909221
|switch|p2a: Alomomola|Alomomola, M, shiny|100/100
|move|p1a: Hawlucha|U-turn|p2a: Alomomola
|-damage|p2a: Alomomola|92/100
|
|t:|1757909223
|switch|p1a: Kyurem|Kyurem|28/100|[from] U-turn
|-ability|p1a: Kyurem|Pressure
|
|upkeep
|turn|15
|
|t:|1757909225
|move|p2a: Alomomola|Protect|p2a: Alomomola
|-singleturn|p2a: Alomomola|Protect
|move|p1a: Kyurem|Freeze-Dry|p2a: Alomomola
|-activate|p2a: Alomomola|move: Protect
|
|upkeep
|turn|16
|
|t:|1757909230
|switch|p1a: Dragapult|Dragapult, F|100/100
|switch|p2a: Hoopa|Hoopa-Unbound|100/100
|
|upkeep
|turn|17
|
|t:|1757909235
|switch|p2a: Alomomola|Alomomola, M, shiny|100/100
|move|p1a: Dragapult|U-turn|p2a: Alomomola
|-damage|p2a: Alomomola|80/100
|
|t:|1757909242
|switch|p1a: Slowking|Slowking-Galar, M|77/100|[from] U-turn
|
|upkeep
|turn|18
|
|t:|1757909251
|move|p2a: Alomomola|Flip Turn|p1a: Slowking
|-damage|p1a: Slowking|61/100
|
|t:|1757909253
|switch|p2a: Hoopa|Hoopa-Unbound|100/100|[from] Flip Turn
|-prepare|p1a: Slowking|Chilly Reception|[premajor]
|move|p1a: Slowking|Chilly Reception|p1a: Slowking
|-weather|Snowscape
|
|t:|1757909258
|switch|p1a: Dragapult|Dragapult, F|100/100|[from] Chilly Reception
|
|-weather|Snowscape|[upkeep]
|upkeep
|turn|19
|
|t:|1757909263
|switch|p2a: Alomomola|Alomomola, M, shiny|100/100
|-terastallize|p1a: Dragapult|Ghost
|move|p1a: Dragapult|Tera Blast|p2a: Alomomola|[anim] Tera Blast Ghost
|-damage|p2a: Alomomola|56/100
|
|-weather|Snowscape|[upkeep]
|upkeep
|turn|20
|
|t:|1757909271
|move|p1a: Dragapult|Tera Blast|p2a: Alomomola|[anim] Tera Blast Ghost
|-damage|p2a: Alomomola|6/100
|move|p2a: Alomomola|Wish|p2a: Alomomola
|
|-weather|Snowscape|[upkeep]
|upkeep
|turn|21
|
|t:|1757909274
|move|p2a: Alomomola|Protect|p2a: Alomomola
|-singleturn|p2a: Alomomola|Protect
|move|p1a: Dragapult|Tera Blast|p2a: Alomomola|[anim] Tera Blast Ghost
|-activate|p2a: Alomomola|move: Protect
|
|-weather|Snowscape|[upkeep]
|-heal|p2a: Alomomola|56/100|[from] move: Wish|[wisher] Alomomola
|upkeep
|turn|22
|
|t:|1757909282
|move|p1a: Dragapult|Tera Blast|p2a: Alomomola|[anim] Tera Blast Ghost
|-damage|p2a: Alomomola|9/100
|move|p2a: Alomomola|Wish|p2a: Alomomola
|
|-weather|none
|upkeep
|turn|23
|
|t:|1757909285
|move|p2a: Alomomola|Protect|p2a: Alomomola
|-singleturn|p2a: Alomomola|Protect
|move|p1a: Dragapult|Tera Blast|p2a: Alomomola|[anim] Tera Blast Ghost
|-activate|p2a: Alomomola|move: Protect
|
|-heal|p2a: Alomomola|59/100|[from] move: Wish|[wisher] Alomomola
|upkeep
|turn|24
|
|t:|1757909287
|move|p1a: Dragapult|Tera Blast|p2a: Alomomola|[anim] Tera Blast Ghost
|-damage|p2a: Alomomola|12/100
|move|p2a: Alomomola|Wish|p2a: Alomomola
|
|upkeep
|turn|25
|
|t:|1757909289
|move|p2a: Alomomola|Protect|p2a: Alomomola
|-singleturn|p2a: Alomomola|Protect
|move|p1a: Dragapult|Tera Blast|p2a: Alomomola|[anim] Tera Blast Ghost
|-activate|p2a: Alomomola|move: Protect
|
|-heal|p2a: Alomomola|62/100|[from] move: Wish|[wisher] Alomomola
|upkeep
|turn|26
|
|t:|1757909291
|move|p1a: Dragapult|Tera Blast|p2a: Alomomola|[anim] Tera Blast Ghost
|-damage|p2a: Alomomola|13/100
|move|p2a: Alomomola|Wish|p2a: Alomomola
|
|upkeep
|turn|27
|
|t:|1757909293
|move|p2a: Alomomola|Protect|p2a: Alomomola
|-singleturn|p2a: Alomomola|Protect
|move|p1a: Dragapult|Tera Blast|p2a: Alomomola|[anim] Tera Blast Ghost
|-activate|p2a: Alomomola|move: Protect
|
|-heal|p2a: Alomomola|63/100|[from] move: Wish|[wisher] Alomomola
|upkeep
|turn|28
|
|t:|1757909295
|move|p1a: Dragapult|Tera Blast|p2a: Alomomola|[anim] Tera Blast Ghost
|-crit|p2a: Alomomola
|-damage|p2a: Alomomola|0 fnt
|faint|p2a: Alomomola
|
|upkeep
|
|t:|1757909318
|switch|p2a: Hoopa|Hoopa-Unbound|100/100
|turn|29
|j| heatraniac
|
|t:|1757909325
|switch|p1a: Hawlucha|Hawlucha, M|71/100
|-ability|p1a: Hawlucha|Mold Breaker
|move|p2a: Hoopa|Knock Off|p1a: Hawlucha
|-resisted|p1a: Hawlucha
|-damage|p1a: Hawlucha|52/100
|-damage|p2a: Hoopa|84/100|[from] item: Rocky Helmet|[of] p1a: Hawlucha
|-enditem|p1a: Hawlucha|Rocky Helmet|[from] move: Knock Off|[of] p2a: Hoopa
|
|upkeep
|turn|30
|
|t:|1757909330
|switch|p2a: Weezing|Weezing-Galar, M|100/100
|-ability|p2a: Weezing|Neutralizing Gas
|move|p1a: Hawlucha|U-turn|p2a: Weezing
|-resisted|p2a: Weezing
|-damage|p2a: Weezing|98/100
|
|t:|1757909333
|switch|p1a: Kyurem|Kyurem|28/100|[from] U-turn
|
|upkeep
|turn|31
|
|t:|1757909336
|-end|p2a: Weezing|ability: Neutralizing Gas
|-ability|p1a: Kyurem|Pressure
|switch|p2a: Hoopa|Hoopa-Unbound|84/100
|move|p1a: Kyurem|Blizzard|p2a: Hoopa
|-damage|p2a: Hoopa|41/100
|
|upkeep
|turn|32
|
|t:|1757909347
|move|p1a: Kyurem|Blizzard|p2a: Hoopa
|-damage|p2a: Hoopa|0 fnt
|faint|p2a: Hoopa
|
|upkeep
|
|t:|1757909350
|switch|p2a: Regidrago|Regidrago|100/100
|turn|33
|
|t:|1757909358
|move|p2a: Regidrago|Dragon Energy|p1a: Kyurem
|-supereffective|p1a: Kyurem
|-crit|p1a: Kyurem
|-damage|p1a: Kyurem|0 fnt
|faint|p1a: Kyurem
|
|upkeep
|
|t:|1757909360
|switch|p1a: Slowking|Slowking-Galar, M|94/100
|turn|34
|
|t:|1757909364
|-terastallize|p2a: Regidrago|Dragon
|move|p2a: Regidrago|Dragon Energy|p1a: Slowking
|-damage|p1a: Slowking|0 fnt
|faint|p1a: Slowking
|
|upkeep
|
|t:|1757909372
|switch|p1a: Ting-Lu|Ting-Lu|67/100
|-ability|p1a: Ting-Lu|Vessel of Ruin
|turn|35
|
|t:|1757909374
|move|p2a: Regidrago|Dragon Energy|p1a: Ting-Lu
|-damage|p1a: Ting-Lu|12/100
|move|p1a: Ting-Lu|Earthquake|p2a: Regidrago
|-damage|p2a: Regidrago|60/100
|
|-heal|p1a: Ting-Lu|18/100|[from] item: Leftovers
|upkeep
|turn|36
|
|t:|1757909377
|move|p2a: Regidrago|Dragon Energy|p1a: Ting-Lu
|-damage|p1a: Ting-Lu|0 fnt
|faint|p1a: Ting-Lu
|
|upkeep
|
|t:|1757909380
|switch|p1a: Dragapult|Dragapult, F, tera:Ghost|100/100
|turn|37
|
|t:|1757909387
|switch|p2a: Weezing|Weezing-Galar, M|98/100
|-ability|p2a: Weezing|Neutralizing Gas
|switch|p1a: Hawlucha|Hawlucha, M|52/100
|
|upkeep
|turn|38
|
|t:|1757909396
|move|p1a: Hawlucha|U-turn|p2a: Weezing
|-resisted|p2a: Weezing
|-damage|p2a: Weezing|96/100
|
|t:|1757909398
|switch|p1a: Dondozo|Dondozo, M|100/100|[from] U-turn
|move|p2a: Weezing|Will-O-Wisp|p1a: Dondozo
|-status|p1a: Dondozo|brn
|
|-damage|p1a: Dondozo|94/100 brn|[from] brn
|upkeep
|turn|39
|
|t:|1757909403
|-end|p2a: Weezing|ability: Neutralizing Gas
|switch|p2a: Regidrago|Regidrago, tera:Dragon|60/100
|move|p1a: Dondozo|Rest|p1a: Dondozo
|-status|p1a: Dondozo|slp|[from] move: Rest
|-heal|p1a: Dondozo|100/100 slp|[silent]
|
|upkeep
|turn|40
|
|t:|1757909409
|switch|p1a: Hawlucha|Hawlucha, M|52/100
|-ability|p1a: Hawlucha|Mold Breaker
|move|p2a: Regidrago|Dragon Pulse|p1a: Hawlucha
|-damage|p1a: Hawlucha|0 fnt
|faint|p1a: Hawlucha
|
|upkeep
|
|t:|1757909412
|switch|p1a: Dragapult|Dragapult, F, tera:Ghost|100/100
|turn|41
|
|t:|1757909415
|switch|p2a: Weezing|Weezing-Galar, M|96/100
|-ability|p2a: Weezing|Neutralizing Gas
|move|p1a: Dragapult|Tera Blast|p2a: Weezing|[anim] Tera Blast Ghost
|-damage|p2a: Weezing|41/100
|
|upkeep
|turn|42
|
|t:|1757909420
|move|p1a: Dragapult|Tera Blast|p2a: Weezing|[anim] Tera Blast Ghost
|-damage|p2a: Weezing|0 fnt
|faint|p2a: Weezing
|-end|p2a: Weezing|ability: Neutralizing Gas
|
|upkeep
|
|t:|1757909422
|switch|p2a: Zamazenta|Zamazenta|84/100
|turn|43
|
|t:|1757909428
|move|p2a: Zamazenta|Crunch|p1a: Dragapult
|-supereffective|p1a: Dragapult
|-damage|p1a: Dragapult|30/100
|move|p1a: Dragapult|Tera Blast|p2a: Zamazenta|[anim] Tera Blast Ghost
|-damage|p2a: Zamazenta|0 fnt
|faint|p2a: Zamazenta
|
|upkeep
|
|t:|1757909431
|switch|p2a: Regidrago|Regidrago, tera:Dragon|60/100
|turn|44
|
|t:|1757909433
|move|p2a: Regidrago|Dragon Pulse|p1a: Dragapult
|-damage|p1a: Dragapult|0 fnt
|faint|p1a: Dragapult
|
|upkeep
|
|t:|1757909443
|switch|p1a: Dondozo|Dondozo, M|100/100 slp
|turn|45
|
|t:|1757909446
|move|p2a: Regidrago|Dragon Pulse|p1a: Dondozo
|-damage|p1a: Dondozo|45/100 slp
|cant|p1a: Dondozo|slp
|move|p1a: Dondozo|Sleep Talk|p1a: Dondozo
|move|p1a: Dondozo|Curse|p1a: Dondozo|[from] move: Sleep Talk
|-unboost|p1a: Dondozo|spe|1
|-boost|p1a: Dondozo|atk|1
|-boost|p1a: Dondozo|def|1
|
|-heal|p1a: Dondozo|51/100 slp|[from] item: Leftovers
|upkeep
|turn|46
|
|t:|1757909450
|move|p2a: Regidrago|Dragon Pulse|p1a: Dondozo
|-damage|p1a: Dondozo|0 fnt
|faint|p1a: Dondozo
|
|win|Zu 2 The T0p
|raw|Moistham's rating: 1511 &rarr; <strong>1493</strong><br />(-18 for losing)
|raw|Zu 2 The T0p's rating: 1550 &rarr; <strong>1568</strong><br />(+18 for winning)
|l|☆Moistham
|player|p1|
|c|☆Zu 2 The T0p|Gg
|l| heatraniac
