|j|☆pseudosity
|j|☆pekashew64
|t:|1757844021
|gametype|singles
|player|p1|pseudosity|lady-gen4|1051
|player|p2|pekashew64|tuber|1094
|gen|9
|tier|[Gen 9] OU
|rated|
|rule|HP Percentage Mod: HP is shown in percentages
|rule|Endless Battle Clause: Forcing endless battles is banned
|rule|Species Clause: Limit one of each Pokémon
|rule|OHKO Clause: OHKO moves are banned
|rule|Evasion Items Clause: Evasion items are banned
|rule|Evasion Moves Clause: Evasion moves are banned
|rule|Evasion Abilities Clause: Evasion abilities are banned
|rule|Sleep Moves Clause: Sleep-inducing moves are banned
|clearpoke
|poke|p1|Kyurem|
|poke|p1|Scizor, F|
|poke|p1|Tornadus, M|
|poke|p1|Iron Valiant|
|poke|p1|Magnezone|
|poke|p1|Darkrai|
|poke|p2|Furret, F|
|poke|p2|Masquerain, M|
|poke|p2|Weezing, F|
|poke|p2|Bellossom, M|
|poke|p2|Jolteon, F|
|poke|p2|Torkoal, M|
|teampreview
|inactive|Battle timer is ON: inactive players will automatically lose when time's up. (requested by pseudosity)
|
|t:|1757844049
|teamsize|p1|6
|teamsize|p2|6
|start
|switch|p1a: Tornadus|Tornadus, M|100/100
|switch|p2a: Torkoal|Torkoal, M|100/100
|turn|1
|
|t:|1757844057
|move|p1a: Tornadus|Taunt|p2a: Torkoal
|-start|p2a: Torkoal|move: Taunt
|cant|p2a: Torkoal|move: Taunt|Stealth Rock
|
|upkeep
|turn|2
|
|t:|1757844065
|switch|p2a: Jolteon|Jolteon, F|100/100
|move|p1a: Tornadus|Tailwind|p1a: Tornadus
|-sidestart|p1: pseudosity|move: Tailwind
|
|upkeep
|turn|3
|
|t:|1757844071
|switch|p1a: Magnezone|Magnezone|100/100
|-item|p1a: Magnezone|Air Balloon
|move|p2a: Jolteon|Volt Switch|p1a: Magnezone
|-resisted|p1a: Magnezone
|-damage|p1a: Magnezone|68/100
|-enditem|p1a: Magnezone|Air Balloon
|
|t:|1757844079
|switch|p2a: Torkoal|Torkoal, M|100/100|[from] Volt Switch
|
|upkeep
|turn|4
|
|t:|1757844085
|move|p1a: Magnezone|Volt Switch|p2a: Torkoal
|-damage|p2a: Torkoal|66/100
|
|t:|1757844093
|switch|p1a: Darkrai|Darkrai|100/100|[from] Volt Switch
|move|p2a: Torkoal|Earth Power|p1a: Darkrai
|-damage|p1a: Darkrai|78/100
|
|-heal|p2a: Torkoal|73/100|[from] item: Leftovers
|upkeep
|turn|5
|
|t:|1757844101
|move|p1a: Darkrai|Calm Mind|p1a: Darkrai
|-boost|p1a: Darkrai|spa|1
|-boost|p1a: Darkrai|spd|1
|move|p2a: Torkoal|Stealth Rock|p1a: Darkrai
|-sidestart|p1: pseudosity|move: Stealth Rock
|
|-heal|p2a: Torkoal|79/100|[from] item: Leftovers
|-sideend|p1: pseudosity|move: Tailwind
|upkeep
|turn|6
|
|t:|1757844111
|switch|p2a: Furret|Furret, F|100/100
|-item|p1a: Darkrai|Life Orb|[from] ability: Frisk|[of] p2a: Furret
|move|p1a: Darkrai|Calm Mind|p1a: Darkrai
|-boost|p1a: Darkrai|spa|1
|-boost|p1a: Darkrai|spd|1
|
|upkeep
|turn|7
|
|t:|1757844117
|-terastallize|p1a: Darkrai|Dark
|move|p2a: Furret|Trick|p1a: Darkrai
|-activate|p2a: Furret|move: Trick|[of] p1a: Darkrai
|-item|p1a: Darkrai|Choice Scarf|[from] move: Trick
|-item|p2a: Furret|Life Orb|[from] move: Trick
|move|p1a: Darkrai|Dark Pulse|p2a: Furret
|-damage|p2a: Furret|0 fnt
|faint|p2a: Furret
|
|upkeep
|
|t:|1757844127
|switch|p2a: Weezing|Weezing, F|100/100
|-ability|p2a: Weezing|Neutralizing Gas
|turn|8
|
|t:|1757844129
|move|p1a: Darkrai|Dark Pulse|p2a: Weezing
|-damage|p2a: Weezing|0 fnt
|faint|p2a: Weezing
|-end|p2a: Weezing|ability: Neutralizing Gas
|
|upkeep
|
|t:|1757844134
|switch|p2a: Jolteon|Jolteon, F|100/100
|turn|9
|
|t:|1757844137
|move|p1a: Darkrai|Dark Pulse|p2a: Jolteon
|-damage|p2a: Jolteon|0 fnt
|faint|p2a: Jolteon
|
|upkeep
|-message|pekashew64 forfeited.
|
|win|pseudosity
|raw|pseudosity's rating: 1051 &rarr; <strong>1087</strong><br />(+36 for winning)
|raw|pekashew64's rating: 1094 &rarr; <strong>1067</strong><br />(-27 for losing)
|l|☆pekashew64
|player|p2|
|c|☆pseudosity|thanks for the scarf lol
