|j|☆Vineetnhm
|j|☆Mestregriffins
|t:|1757833919
|gametype|singles
|player|p1|Vineetnhm|101|1129
|player|p2|Mestregriffins|palmer|1122
|gen|9
|tier|[Gen 9] OU
|rated|
|rule|HP Percentage Mod: HP is shown in percentages
|rule|Endless Battle Clause: Forcing endless battles is banned
|rule|Species Clause: Limit one of each Pokémon
|rule|OHKO Clause: OHKO moves are banned
|rule|Evasion Items Clause: Evasion items are banned
|rule|Evasion Moves Clause: Evasion moves are banned
|rule|Evasion Abilities Clause: Evasion abilities are banned
|rule|Sleep Moves Clause: Sleep-inducing moves are banned
|clearpoke
|poke|p1|Decidueye-Hisui, M|
|poke|p1|Hydrapple, F|
|poke|p1|Gholdengo|
|poke|p1|Porygon2|
|poke|p1|Slowking-Galar, M|
|poke|p1|Banette, M|
|poke|p2|Masquerain, F|
|poke|p2|Mamoswine, M|
|poke|p2|Dragonite, M|
|poke|p2|Moltres|
|poke|p2|Tentacruel, M|
|poke|p2|Gengar, F|
|teampreview
|inactive|Battle timer is ON: inactive players will automatically lose when time's up. (requested by Vineetnhm)
|
|t:|1757833926
|teamsize|p1|6
|teamsize|p2|6
|start
|switch|p1a: Banette|Banette, M|100/100
|switch|p2a: Masquerain|Masquerain, F|100/100
|-ability|p2a: Masquerain|Intimidate|boost
|-unboost|p1a: Banette|atk|1
|-item|p2a: Masquerain|Focus Sash|[from] ability: Frisk|[of] p1a: Banette
|turn|1
|
|t:|1757833933
|switch|p1a: Porygon2|Porygon2|100/100
|-ability|p1a: Porygon2|Download|boost
|-boost|p1a: Porygon2|atk|1
|move|p2a: Masquerain|Sticky Web|p1a: Porygon2
|-sidestart|p1: Vineetnhm|move: Sticky Web
|
|upkeep
|turn|2
|
|t:|1757833940
|move|p2a: Masquerain|Bug Buzz|p1a: Porygon2
|-damage|p1a: Porygon2|71/100
|move|p1a: Porygon2|Trick Room|p1a: Porygon2
|-fieldstart|move: Trick Room|[of] p1a: Porygon2
|
|upkeep
|turn|3
|
|t:|1757833946
|switch|p1a: Slowking|Slowking-Galar, M|100/100
|-activate|p1a: Slowking|move: Sticky Web
|-unboost|p1a: Slowking|spe|1
|move|p2a: Masquerain|Bug Buzz|p1a: Slowking
|-damage|p1a: Slowking|61/100
|
|-heal|p1a: Slowking|67/100|[from] item: Leftovers
|upkeep
|turn|4
|
|t:|1757833955
|move|p1a: Slowking|Flamethrower|p2a: Masquerain
|-supereffective|p2a: Masquerain
|-damage|p2a: Masquerain|18/100
|move|p2a: Masquerain|Bug Buzz|p1a: Slowking
|-crit|p1a: Slowking
|-damage|p1a: Slowking|7/100
|
|-heal|p1a: Slowking|13/100|[from] item: Leftovers
|upkeep
|turn|5
|
|t:|1757833963
|move|p1a: Slowking|Sludge Bomb|p2a: Masquerain
|-damage|p2a: Masquerain|0 fnt
|faint|p2a: Masquerain
|
|-heal|p1a: Slowking|20/100|[from] item: Leftovers
|upkeep
|
|t:|1757833976
|switch|p2a: Mamoswine|Mamoswine, M|100/100
|turn|6
|
|t:|1757833992
|move|p2a: Mamoswine|Ice Shard|p1a: Slowking
|-damage|p1a: Slowking|0 fnt
|faint|p1a: Slowking
|-damage|p2a: Mamoswine|91/100|[from] item: Life Orb
|
|-fieldend|move: Trick Room
|upkeep
|
|t:|1757834004
|switch|p1a: Gholdengo|Gholdengo|100/100
|-item|p1a: Gholdengo|Air Balloon
|turn|7
|
|t:|1757834012
|switch|p2a: Tentacruel|Tentacruel, M|100/100
|move|p1a: Gholdengo|Make It Rain|p2a: Tentacruel
|-resisted|p2a: Tentacruel
|-damage|p2a: Tentacruel|71/100
|-unboost|p1a: Gholdengo|spa|1
|
|-heal|p2a: Tentacruel|77/100|[from] item: Leftovers
|upkeep
|turn|8
|
|t:|1757834021
|move|p2a: Tentacruel|Knock Off|p1a: Gholdengo
|-supereffective|p1a: Gholdengo
|-crit|p1a: Gholdengo
|-damage|p1a: Gholdengo|50/100
|-enditem|p1a: Gholdengo|Air Balloon
|move|p1a: Gholdengo|Nasty Plot|p1a: Gholdengo
|-boost|p1a: Gholdengo|spa|2
|
|-heal|p2a: Tentacruel|83/100|[from] item: Leftovers
|upkeep
|turn|9
|
|t:|1757834032
|move|p2a: Tentacruel|Knock Off|p1a: Gholdengo
|-supereffective|p1a: Gholdengo
|-damage|p1a: Gholdengo|25/100
|move|p1a: Gholdengo|Thunderbolt|p2a: Tentacruel
|-supereffective|p2a: Tentacruel
|-damage|p2a: Tentacruel|0 fnt
|faint|p2a: Tentacruel
|
|upkeep
|
|t:|1757834049
|switch|p2a: Gengar|Gengar, F|100/100
|turn|10
|
|t:|1757834058
|move|p2a: Gengar|Psychic|p1a: Gholdengo
|-resisted|p1a: Gholdengo
|-damage|p1a: Gholdengo|7/100
|move|p1a: Gholdengo|Shadow Ball|p2a: Gengar
|-supereffective|p2a: Gengar
|-damage|p2a: Gengar|0 fnt
|faint|p2a: Gengar
|
|upkeep
|
|t:|1757834065
|switch|p2a: Mamoswine|Mamoswine, M|91/100
|turn|11
|
|t:|1757834068
|move|p2a: Mamoswine|Ice Shard|p1a: Gholdengo
|-resisted|p1a: Gholdengo
|-damage|p1a: Gholdengo|0 fnt
|faint|p1a: Gholdengo
|-damage|p2a: Mamoswine|81/100|[from] item: Life Orb
|
|upkeep
|
|t:|1757834074
|switch|p1a: Porygon2|Porygon2|71/100
|-activate|p1a: Porygon2|move: Sticky Web
|-unboost|p1a: Porygon2|spe|1
|-ability|p1a: Porygon2|Download|boost
|-boost|p1a: Porygon2|spa|1
|turn|12
|
|t:|1757834080
|move|p2a: Mamoswine|Icicle Crash|p1a: Porygon2
|-damage|p1a: Porygon2|26/100
|-damage|p2a: Mamoswine|71/100|[from] item: Life Orb
|cant|p1a: Porygon2|flinch
|
|upkeep
|turn|13
|
|t:|1757834086
|move|p2a: Mamoswine|Earthquake|p1a: Porygon2
|-damage|p1a: Porygon2|0 fnt
|faint|p1a: Porygon2
|-damage|p2a: Mamoswine|61/100|[from] item: Life Orb
|
|upkeep
|
|t:|1757834091
|switch|p1a: Banette|Banette, M|100/100
|-activate|p1a: Banette|move: Sticky Web
|-unboost|p1a: Banette|spe|1
|-item|p2a: Mamoswine|Life Orb|[from] ability: Frisk|[of] p1a: Banette
|turn|14
|
|t:|1757834097
|move|p2a: Mamoswine|Earthquake|p1a: Banette
|-damage|p1a: Banette|0 fnt
|faint|p1a: Banette
|-damage|p2a: Mamoswine|51/100|[from] item: Life Orb
|
|upkeep
|
|t:|1757834101
|switch|p1a: Decidueye|Decidueye-Hisui, M|100/100
|-activate|p1a: Decidueye|move: Sticky Web
|-unboost|p1a: Decidueye|spe|1
|turn|15
|
|t:|1757834107
|-terastallize|p1a: Decidueye|Steel
|move|p2a: Mamoswine|Icicle Crash|p1a: Decidueye
|-resisted|p1a: Decidueye
|-damage|p1a: Decidueye|66/100
|-damage|p2a: Mamoswine|41/100|[from] item: Life Orb
|cant|p1a: Decidueye|flinch
|
|upkeep
|turn|16
|
|t:|1757834120
|switch|p1a: Hydrapple|Hydrapple, F|100/100
|-activate|p1a: Hydrapple|move: Sticky Web
|-unboost|p1a: Hydrapple|spe|1
|move|p2a: Mamoswine|Earthquake|p1a: Hydrapple
|-resisted|p1a: Hydrapple
|-damage|p1a: Hydrapple|72/100
|-damage|p2a: Mamoswine|31/100|[from] item: Life Orb
|
|upkeep
|turn|17
|
|t:|1757834129
|switch|p1a: Decidueye|Decidueye-Hisui, M, tera:Steel|66/100
|-activate|p1a: Decidueye|move: Sticky Web
|-unboost|p1a: Decidueye|spe|1
|move|p2a: Mamoswine|Icicle Crash|p1a: Decidueye
|-resisted|p1a: Decidueye
|-damage|p1a: Decidueye|33/100
|-damage|p2a: Mamoswine|21/100|[from] item: Life Orb
|
|upkeep
|turn|18
|
|t:|1757834138
|move|p2a: Mamoswine|Icicle Crash|p1a: Decidueye
|-resisted|p1a: Decidueye
|-damage|p1a: Decidueye|0 fnt
|faint|p1a: Decidueye
|-damage|p2a: Mamoswine|11/100|[from] item: Life Orb
|
|upkeep
|inactive|Vineetnhm has 120 seconds left.
|inactive|Vineetnhm has 90 seconds left.
|-message|Mestregriffins forfeited.
|
|win|Vineetnhm
|raw|Vineetnhm's rating: 1129 &rarr; <strong>1153</strong><br />(+24 for winning)
|raw|Mestregriffins's rating: 1122 &rarr; <strong>1098</strong><br />(-24 for losing)
|l|☆Mestregriffins
|player|p2|
