|j|☆Panthos
|j|☆will-i-am2
|t:|1757786610
|gametype|singles
|player|p1|Panthos|acetrainer-gen4dp|1339
|player|p2|will-i-am2|169|1400
|gen|9
|tier|[Gen 9] OU
|rated|
|rule|HP Percentage Mod: HP is shown in percentages
|rule|Endless Battle Clause: Forcing endless battles is banned
|rule|Species Clause: Limit one of each Pokémon
|rule|OHKO Clause: OHKO moves are banned
|rule|Evasion Items Clause: Evasion items are banned
|rule|Evasion Moves Clause: Evasion moves are banned
|rule|Evasion Abilities Clause: Evasion abilities are banned
|rule|Sleep Moves Clause: Sleep-inducing moves are banned
|clearpoke
|poke|p1|Venusaur, M|
|poke|p1|Walking Wake|
|poke|p1|Hatterene, F|
|poke|p1|Bisharp, M|
|poke|p1|Zamazenta-*|
|poke|p1|Snorlax, M|
|poke|p2|Registeel|
|poke|p2|Mamoswine, F|
|poke|p2|Eelektross, F|
|poke|p2|Hydreigon, M|
|poke|p2|Slowbro, M|
|poke|p2|Mandibuzz, F|
|teampreview
|inactive|Battle timer is ON: inactive players will automatically lose when time's up. (requested by Panthos)
|inactive|will-i-am2 has 120 seconds left.
|
|t:|1757786675
|teamsize|p1|6
|teamsize|p2|6
|start
|switch|p1a: Venusaur|Venusaur, M|100/100
|switch|p2a: Mamoswine|Mamoswine, F|100/100
|turn|1
|
|t:|1757786692
|switch|p1a: Snorlax|Snorlax, M|100/100
|move|p2a: Mamoswine|Icicle Crash|p1a: Snorlax
|-damage|p1a: Snorlax|74/100
|
|-heal|p1a: Snorlax|80/100|[from] item: Leftovers
|upkeep
|turn|2
|
|t:|1757786701
|switch|p2a: Eelektross|Eelektross, F|100/100
|move|p1a: Snorlax|Body Slam|p2a: Eelektross
|-damage|p2a: Eelektross|63/100
|
|-heal|p1a: Snorlax|86/100|[from] item: Leftovers
|upkeep
|turn|3
|
|t:|1757786720
|move|p2a: Eelektross|Coil|p2a: Eelektross
|-boost|p2a: Eelektross|atk|1
|-boost|p2a: Eelektross|def|1
|-boost|p2a: Eelektross|accuracy|1
|move|p1a: Snorlax|Body Slam|p2a: Eelektross
|-damage|p2a: Eelektross|37/100
|
|-heal|p1a: Snorlax|92/100|[from] item: Leftovers
|upkeep
|turn|4
|
|t:|1757786727
|switch|p1a: Walking Wake|Walking Wake|100/100
|-enditem|p1a: Walking Wake|Booster Energy
|-activate|p1a: Walking Wake|ability: Protosynthesis|[fromitem]
|-start|p1a: Walking Wake|protosynthesisspe
|move|p2a: Eelektross|Drain Punch|p1a: Walking Wake
|-damage|p1a: Walking Wake|49/100
|-heal|p2a: Eelektross|62/100|[from] drain|[of] p1a: Walking Wake
|-damage|p2a: Eelektross|53/100|[from] item: Life Orb
|
|upkeep
|turn|5
|
|t:|1757786738
|switch|p2a: Registeel|Registeel|100/100
|move|p1a: Walking Wake|Draco Meteor|p2a: Registeel
|-resisted|p2a: Registeel
|-damage|p2a: Registeel|82/100
|-unboost|p1a: Walking Wake|spa|2
|
|-heal|p2a: Registeel|88/100|[from] item: Leftovers
|upkeep
|turn|6
|
|t:|1757786744
|-end|p1a: Walking Wake|Protosynthesis|[silent]
|switch|p1a: Hatterene|Hatterene, F|100/100
|move|p2a: Registeel|Stealth Rock|p1a: Hatterene
|move|p1a: Hatterene|Stealth Rock|p2a: Registeel|[from] ability: Magic Bounce
|-sidestart|p2: will-i-am2|move: Stealth Rock
|
|-heal|p2a: Registeel|94/100|[from] item: Leftovers
|upkeep
|turn|7
|
|t:|1757786764
|move|p2a: Registeel|Iron Head|p1a: Hatterene
|-supereffective|p1a: Hatterene
|-damage|p1a: Hatterene|61/100
|cant|p1a: Hatterene|flinch
|
|-heal|p2a: Registeel|99/100|[from] item: Leftovers
|-heal|p1a: Hatterene|67/100|[from] item: Leftovers
|upkeep
|turn|8
|
|t:|1757786772
|move|p2a: Registeel|Stealth Rock|p1a: Hatterene
|move|p1a: Hatterene|Stealth Rock||[from] ability: Magic Bounce|[still]
|-fail|p1a: Hatterene
|move|p1a: Hatterene|Nuzzle|p2a: Registeel
|-damage|p2a: Registeel|97/100
|-status|p2a: Registeel|par
|
|-heal|p1a: Hatterene|73/100|[from] item: Leftovers
|-heal|p2a: Registeel|100/100 par|[from] item: Leftovers
|upkeep
|turn|9
|
|t:|1757786797
|switch|p1a: Bisharp|Bisharp, M|100/100
|move|p2a: Registeel|Stealth Rock|p1a: Bisharp
|-sidestart|p1: Panthos|move: Stealth Rock
|
|upkeep
|turn|10
|
|t:|1757786807
|switch|p2a: Mandibuzz|Mandibuzz, F|100/100
|-damage|p2a: Mandibuzz|76/100|[from] Stealth Rock
|move|p1a: Bisharp|Low Kick|p2a: Mandibuzz
|-damage|p2a: Mandibuzz|64/100
|-damage|p1a: Bisharp|84/100|[from] item: Rocky Helmet|[of] p2a: Mandibuzz
|
|upkeep
|turn|11
|
|t:|1757786814
|move|p2a: Mandibuzz|Roost|p2a: Mandibuzz
|-heal|p2a: Mandibuzz|100/100
|-singleturn|p2a: Mandibuzz|move: Roost
|move|p1a: Bisharp|Iron Head|p2a: Mandibuzz
|-damage|p2a: Mandibuzz|79/100
|-damage|p1a: Bisharp|68/100|[from] item: Rocky Helmet|[of] p2a: Mandibuzz
|
|upkeep
|turn|12
|
|t:|1757786826
|move|p2a: Mandibuzz|Foul Play|p1a: Bisharp
|-resisted|p1a: Bisharp
|-damage|p1a: Bisharp|51/100
|move|p1a: Bisharp|Metal Burst|p2a: Mandibuzz
|-damage|p2a: Mandibuzz|60/100
|
|upkeep
|turn|13
|
|t:|1757786836
|switch|p1a: Hatterene|Hatterene, F|73/100
|-damage|p1a: Hatterene|61/100|[from] Stealth Rock
|move|p2a: Mandibuzz|Roost|p2a: Mandibuzz
|-heal|p2a: Mandibuzz|100/100
|-singleturn|p2a: Mandibuzz|move: Roost
|
|-heal|p1a: Hatterene|67/100|[from] item: Leftovers
|upkeep
|turn|14
|
|t:|1757786842
|switch|p2a: Registeel|Registeel|100/100 par
|-damage|p2a: Registeel|94/100 par|[from] Stealth Rock
|switch|p1a: Zamazenta|Zamazenta|100/100
|-damage|p1a: Zamazenta|94/100|[from] Stealth Rock
|-ability|p1a: Zamazenta|Dauntless Shield|boost
|-boost|p1a: Zamazenta|def|1
|
|-heal|p2a: Registeel|100/100 par|[from] item: Leftovers
|upkeep
|turn|15
|
|t:|1757786848
|switch|p2a: Slowbro|Slowbro, M|100/100
|-damage|p2a: Slowbro|88/100|[from] Stealth Rock
|move|p1a: Zamazenta|Close Combat|p2a: Slowbro
|-resisted|p2a: Slowbro
|-damage|p2a: Slowbro|57/100
|-unboost|p1a: Zamazenta|def|1
|-unboost|p1a: Zamazenta|spd|1
|-damage|p1a: Zamazenta|85/100|[from] item: Life Orb
|
|-heal|p2a: Slowbro|63/100|[from] item: Leftovers
|upkeep
|turn|16
|
|t:|1757786853
|move|p1a: Zamazenta|Crunch|p2a: Slowbro
|-supereffective|p2a: Slowbro
|-damage|p2a: Slowbro|12/100
|-damage|p1a: Zamazenta|75/100|[from] item: Life Orb
|move|p2a: Slowbro|Psychic|p1a: Zamazenta
|-supereffective|p1a: Zamazenta
|-damage|p1a: Zamazenta|0 fnt
|faint|p1a: Zamazenta
|
|-heal|p2a: Slowbro|18/100|[from] item: Leftovers
|upkeep
|
|t:|1757786869
|switch|p1a: Walking Wake|Walking Wake|49/100
|-damage|p1a: Walking Wake|36/100|[from] Stealth Rock
|turn|17
|
|t:|1757786877
|switch|p2a: Registeel|Registeel|100/100 par
|-damage|p2a: Registeel|94/100 par|[from] Stealth Rock
|move|p1a: Walking Wake|Dragon Pulse|p2a: Registeel
|-resisted|p2a: Registeel
|-damage|p2a: Registeel|82/100 par
|
|-heal|p2a: Registeel|88/100 par|[from] item: Leftovers
|upkeep
|turn|18
|
|t:|1757786880
|move|p1a: Walking Wake|Flamethrower|p2a: Registeel
|-supereffective|p2a: Registeel
|-damage|p2a: Registeel|58/100 par
|cant|p2a: Registeel|par
|
|-heal|p2a: Registeel|64/100 par|[from] item: Leftovers
|upkeep
|turn|19
|
|t:|1757786885
|move|p1a: Walking Wake|Flamethrower|p2a: Registeel
|-supereffective|p2a: Registeel
|-damage|p2a: Registeel|33/100 par
|cant|p2a: Registeel|par
|
|-heal|p2a: Registeel|39/100 par|[from] item: Leftovers
|upkeep
|turn|20
|
|t:|1757786893
|switch|p2a: Hydreigon|Hydreigon, M|100/100
|-damage|p2a: Hydreigon|88/100|[from] Stealth Rock
|move|p1a: Walking Wake|Scald|p2a: Hydreigon
|-resisted|p2a: Hydreigon
|-damage|p2a: Hydreigon|66/100
|
|upkeep
|turn|21
|
|t:|1757786897
|switch|p2a: Registeel|Registeel|39/100 par
|-damage|p2a: Registeel|33/100 par|[from] Stealth Rock
|move|p1a: Walking Wake|Dragon Pulse|p2a: Registeel
|-resisted|p2a: Registeel
|-damage|p2a: Registeel|22/100 par
|
|-heal|p2a: Registeel|28/100 par|[from] item: Leftovers
|upkeep
|turn|22
|
|t:|1757786905
|move|p1a: Walking Wake|Flamethrower|p2a: Registeel
|-supereffective|p2a: Registeel
|-damage|p2a: Registeel|0 fnt
|faint|p2a: Registeel
|
|upkeep
|
|t:|1757786912
|switch|p2a: Mamoswine|Mamoswine, F|100/100
|-damage|p2a: Mamoswine|88/100|[from] Stealth Rock
|turn|23
|
|t:|1757786918
|-terastallize|p2a: Mamoswine|Ice
|move|p2a: Mamoswine|Ice Shard|p1a: Walking Wake
|-damage|p1a: Walking Wake|0 fnt
|faint|p1a: Walking Wake
|-end|p1a: Walking Wake|Protosynthesis|[silent]
|
|upkeep
|
|t:|1757786927
|switch|p1a: Snorlax|Snorlax, M|92/100
|-damage|p1a: Snorlax|80/100|[from] Stealth Rock
|turn|24
|
|t:|1757786936
|switch|p2a: Mandibuzz|Mandibuzz, F|100/100
|-damage|p2a: Mandibuzz|76/100|[from] Stealth Rock
|move|p1a: Snorlax|Body Slam|p2a: Mandibuzz
|-damage|p2a: Mandibuzz|53/100
|-damage|p1a: Snorlax|63/100|[from] item: Rocky Helmet|[of] p2a: Mandibuzz
|
|-heal|p1a: Snorlax|69/100|[from] item: Leftovers
|upkeep
|turn|25
|
|t:|1757786949
|switch|p1a: Hatterene|Hatterene, F|67/100
|-damage|p1a: Hatterene|55/100|[from] Stealth Rock
|move|p2a: Mandibuzz|Roost|p2a: Mandibuzz
|-heal|p2a: Mandibuzz|100/100
|-singleturn|p2a: Mandibuzz|move: Roost
|
|-heal|p1a: Hatterene|61/100|[from] item: Leftovers
|upkeep
|turn|26
|-message|Panthos forfeited.
|
|win|will-i-am2
|raw|Panthos's rating: 1339 &rarr; <strong>1323</strong><br />(-16 for losing)
|raw|will-i-am2's rating: 1416 &rarr; <strong>1432</strong><br />(+16 for winning)
|l|☆Panthos
|player|p1|
|l|☆will-i-am2
|player|p2|
