|j|☆M4 lema
|j|☆healorant
|t:|1757945598
|gametype|singles
|player|p1|M4 lema|bellepa|1662
|player|p2|healorant|alder|1692
|gen|9
|tier|[Gen 9] OU
|rated|
|rule|HP Percentage Mod: HP is shown in percentages
|rule|Endless Battle Clause: Forcing endless battles is banned
|rule|Species Clause: Limit one of each Pokémon
|rule|OHKO Clause: OHKO moves are banned
|rule|Evasion Items Clause: Evasion items are banned
|rule|Evasion Moves Clause: Evasion moves are banned
|rule|Evasion Abilities Clause: Evasion abilities are banned
|rule|Sleep Moves Clause: Sleep-inducing moves are banned
|clearpoke
|poke|p1|Pelipper, M|
|poke|p1|Barraskewda, F|
|poke|p1|Iron Treads|
|poke|p1|Thundurus-Therian, M|
|poke|p1|Iron Crown|
|poke|p1|Iron Hands|
|poke|p2|Darkrai|
|poke|p2|Great Tusk|
|poke|p2|Ogerpon-Wellspring, F|
|poke|p2|Dragonite, M|
|poke|p2|Gholdengo|
|poke|p2|Alomomola, F|
|teampreview
|j| Disscratch
|
|t:|1757945622
|teamsize|p1|6
|teamsize|p2|6
|start
|switch|p1a: Pelipper|Pelipper, M|100/100
|switch|p2a: Darkrai|Darkrai|100/100
|-weather|RainDance|[from] ability: Drizzle|[of] p1a: Pelipper
|turn|1
|inactive|Battle timer is ON: inactive players will automatically lose when time's up. (requested by healorant)
|
|t:|1757945639
|switch|p1a: Iron Treads|Iron Treads|100/100
|-enditem|p1a: Iron Treads|Booster Energy
|-activate|p1a: Iron Treads|ability: Quark Drive|[fromitem]
|-start|p1a: Iron Treads|quarkdrivespe
|move|p2a: Darkrai|Dark Pulse|p1a: Iron Treads
|-damage|p1a: Iron Treads|9/100
|
|-weather|RainDance|[upkeep]
|upkeep
|turn|2
|
|t:|1757945652
|move|p1a: Iron Treads|Stealth Rock|p2a: Darkrai
|-sidestart|p2: healorant|move: Stealth Rock
|move|p2a: Darkrai|Dark Pulse|p1a: Iron Treads
|-damage|p1a: Iron Treads|0 fnt
|faint|p1a: Iron Treads
|-end|p1a: Iron Treads|Quark Drive|[silent]
|
|-weather|RainDance|[upkeep]
|upkeep
|
|t:|1757945662
|switch|p1a: Iron Hands|Iron Hands|100/100
|turn|3
|
|t:|1757945674
|switch|p2a: Great Tusk|Great Tusk|100/100
|move|p1a: Iron Hands|Ice Punch|p2a: Great Tusk
|-supereffective|p2a: Great Tusk
|-damage|p2a: Great Tusk|55/100
|
|-weather|RainDance|[upkeep]
|upkeep
|turn|4
|
|t:|1757945685
|move|p2a: Great Tusk|Stealth Rock|p1a: Iron Hands
|-sidestart|p1: M4 lema|move: Stealth Rock
|move|p1a: Iron Hands|Ice Punch|p2a: Great Tusk
|-supereffective|p2a: Great Tusk
|-damage|p2a: Great Tusk|6/100
|
|-weather|RainDance|[upkeep]
|upkeep
|turn|5
|
|t:|1757945698
|-end|p1a: Iron Hands|Quark Drive|[silent]
|switch|p1a: Thundurus|Thundurus-Therian, M|100/100
|move|p2a: Great Tusk|Headlong Rush|p1a: Thundurus
|-immune|p1a: Thundurus
|
|-weather|RainDance|[upkeep]
|upkeep
|turn|6
|
|t:|1757945714
|move|p1a: Thundurus|Weather Ball|p2a: Great Tusk
|-supereffective|p2a: Great Tusk
|-damage|p2a: Great Tusk|0 fnt
|faint|p2a: Great Tusk
|-end|p2a: Great Tusk|Protosynthesis|[silent]
|
|-weather|RainDance|[upkeep]
|upkeep
|
|t:|1757945718
|switch|p2a: Ogerpon|Ogerpon-Wellspring, F|100/100
|-damage|p2a: Ogerpon|88/100|[from] Stealth Rock
|turn|7
|inactive|M4 lema has 120 seconds left.
|inactive|M4 lema has 90 seconds left.
|
|t:|1757945775
|move|p2a: Ogerpon|Ivy Cudgel|p1a: Thundurus|[anim] Ivy Cudgel Water
|-damage|p1a: Thundurus|0 fnt
|faint|p1a: Thundurus
|
|-weather|RainDance|[upkeep]
|upkeep
|inactive|M4 lema has 90 seconds left.
|
|t:|1757945788
|switch|p1a: Pelipper|Pelipper, M|100/100
|-damage|p1a: Pelipper|76/100|[from] Stealth Rock
|turn|8
|
|t:|1757945792
|switch|p2a: Alomomola|Alomomola, F|100/100
|move|p1a: Pelipper|U-turn|p2a: Alomomola
|-damage|p2a: Alomomola|96/100
|inactive|M4 lema has 90 seconds left.
|
|t:|1757945808
|switch|p1a: Iron Hands|Iron Hands|100/100|[from] U-turn
|-damage|p1a: Iron Hands|94/100|[from] Stealth Rock
|
|-weather|none
|upkeep
|turn|9
|
|t:|1757945811
|move|p1a: Iron Hands|Swords Dance|p1a: Iron Hands
|-boost|p1a: Iron Hands|atk|2
|move|p2a: Alomomola|Flip Turn|p1a: Iron Hands
|-damage|p1a: Iron Hands|85/100
|
|t:|1757945814
|switch|p2a: Ogerpon|Ogerpon-Wellspring, F|88/100|[from] Flip Turn
|-damage|p2a: Ogerpon|76/100|[from] Stealth Rock
|
|upkeep
|turn|10
|
|t:|1757945821
|-end|p1a: Iron Hands|Quark Drive|[silent]
|switch|p1a: Pelipper|Pelipper, M|76/100
|-damage|p1a: Pelipper|51/100|[from] Stealth Rock
|-weather|RainDance|[from] ability: Drizzle|[of] p1a: Pelipper
|move|p2a: Ogerpon|Encore||[still]
|-fail|p2a: Ogerpon
|
|-weather|RainDance|[upkeep]
|upkeep
|turn|11
|
|t:|1757945829
|switch|p2a: Alomomola|Alomomola, F|100/100
|move|p1a: Pelipper|Roost|p1a: Pelipper
|-heal|p1a: Pelipper|100/100
|-singleturn|p1a: Pelipper|move: Roost
|
|-weather|RainDance|[upkeep]
|upkeep
|turn|12
|
|t:|1757945832
|move|p1a: Pelipper|U-turn|p2a: Alomomola
|-damage|p2a: Alomomola|96/100
|inactive|M4 lema has 120 seconds left.
|
|t:|1757945840
|switch|p1a: Iron Hands|Iron Hands|85/100|[from] U-turn
|-damage|p1a: Iron Hands|79/100|[from] Stealth Rock
|move|p2a: Alomomola|Flip Turn|p1a: Iron Hands
|-damage|p1a: Iron Hands|62/100
|
|t:|1757945869
|switch|p2a: Ogerpon|Ogerpon-Wellspring, F|76/100|[from] Flip Turn
|-damage|p2a: Ogerpon|64/100|[from] Stealth Rock
|
|-weather|RainDance|[upkeep]
|upkeep
|turn|13
|
|t:|1757945875
|-terastallize|p2a: Ogerpon|Water
|detailschange|p2a: Ogerpon|Ogerpon-Wellspring-Tera, F, tera:Water
|-ability|p2a: Ogerpon|Embody Aspect (Wellspring)|boost
|-boost|p2a: Ogerpon|spd|1
|move|p2a: Ogerpon|Ivy Cudgel|p1a: Iron Hands|[anim] Ivy Cudgel Water
|-damage|p1a: Iron Hands|0 fnt
|faint|p1a: Iron Hands
|-end|p1a: Iron Hands|Quark Drive|[silent]
|
|-weather|RainDance|[upkeep]
|upkeep
|
|t:|1757945885
|switch|p1a: Barraskewda|Barraskewda, F|100/100
|-damage|p1a: Barraskewda|88/100|[from] Stealth Rock
|turn|14
|
|t:|1757945896
|switch|p2a: Alomomola|Alomomola, F|100/100
|move|p1a: Barraskewda|Flip Turn|p2a: Alomomola
|-resisted|p2a: Alomomola
|-damage|p2a: Alomomola|80/100
|
|t:|1757945900
|switch|p1a: Iron Crown|Iron Crown|100/100|[from] Flip Turn
|-damage|p1a: Iron Crown|94/100|[from] Stealth Rock
|-enditem|p1a: Iron Crown|Booster Energy
|-activate|p1a: Iron Crown|ability: Quark Drive|[fromitem]
|-start|p1a: Iron Crown|quarkdrivespe
|
|-weather|RainDance|[upkeep]
|upkeep
|turn|15
|
|t:|1757945906
|move|p1a: Iron Crown|Calm Mind|p1a: Iron Crown
|-boost|p1a: Iron Crown|spa|1
|-boost|p1a: Iron Crown|spd|1
|move|p2a: Alomomola|Wish|p2a: Alomomola
|
|-weather|RainDance|[upkeep]
|upkeep
|turn|16
|
|t:|1757945911
|switch|p2a: Ogerpon|Ogerpon-Wellspring-Tera, F, tera:Water|64/100
|-damage|p2a: Ogerpon|51/100|[from] Stealth Rock
|-ability|p2a: Ogerpon|Embody Aspect (Wellspring)|boost
|-boost|p2a: Ogerpon|spd|1
|move|p1a: Iron Crown|Calm Mind|p1a: Iron Crown
|-boost|p1a: Iron Crown|spa|1
|-boost|p1a: Iron Crown|spd|1
|
|-weather|RainDance|[upkeep]
|-heal|p2a: Ogerpon|100/100|[from] move: Wish|[wisher] Alomomola
|upkeep
|turn|17
|
|t:|1757945924
|-terastallize|p1a: Iron Crown|Fighting
|move|p1a: Iron Crown|Focus Blast|p2a: Ogerpon
|-damage|p2a: Ogerpon|19/100
|move|p2a: Ogerpon|Ivy Cudgel|p1a: Iron Crown|[anim] Ivy Cudgel Water
|-damage|p1a: Iron Crown|0 fnt
|faint|p1a: Iron Crown
|-end|p1a: Iron Crown|Quark Drive|[silent]
|
|-weather|none
|upkeep
|
|t:|1757945935
|switch|p1a: Pelipper|Pelipper, M|100/100
|-damage|p1a: Pelipper|76/100|[from] Stealth Rock
|-weather|RainDance|[from] ability: Drizzle|[of] p1a: Pelipper
|turn|18
|
|t:|1757945941
|move|p2a: Ogerpon|Ivy Cudgel|p1a: Pelipper|[anim] Ivy Cudgel Water
|-resisted|p1a: Pelipper
|-damage|p1a: Pelipper|27/100
|move|p1a: Pelipper|U-turn|p2a: Ogerpon
|-damage|p2a: Ogerpon|8/100
|
|t:|1757945944
|switch|p1a: Barraskewda|Barraskewda, F|88/100|[from] U-turn
|-damage|p1a: Barraskewda|76/100|[from] Stealth Rock
|
|-weather|RainDance|[upkeep]
|upkeep
|turn|19
|
|t:|1757945951
|move|p1a: Barraskewda|Liquidation|p2a: Ogerpon
|-resisted|p2a: Ogerpon
|-damage|p2a: Ogerpon|0 fnt
|faint|p2a: Ogerpon
|detailschange|p2: Ogerpon|Ogerpon-Wellspring, F|[silent]
|
|-weather|RainDance|[upkeep]
|upkeep
|
|t:|1757945953
|switch|p2a: Alomomola|Alomomola, F|100/100
|turn|20
|-message|M4 lema forfeited.
|
|win|healorant
|raw|M4 lema's rating: 1662 &rarr; <strong>1644</strong><br />(-18 for losing)
|raw|healorant's rating: 1692 &rarr; <strong>1710</strong><br />(+18 for winning)
|l|☆M4 lema
|player|p1|
|l| Disscratch
