|badge|p1|bronze|gen9monotype|100-6
|uhtml|medal-msg|<div class="broadcast-blue">Curious what those medals under the avatar are? PS now has Ladder Seasons! For more information, check out the <a href="https://www.smogon.com/forums/threads/3740067/">thread on Smogon.</a></div>
|j|☆Railu
|j|☆daxzz_
|t:|1757873496
|gametype|singles
|player|p1|Railu|janine|1517
|player|p2|daxzz_|shadowtriad|1474
|gen|9
|tier|[Gen 9] OU
|rated|
|rule|HP Percentage Mod: HP is shown in percentages
|rule|Endless Battle Clause: Forcing endless battles is banned
|rule|Species Clause: Limit one of each Pokémon
|rule|OHKO Clause: OHKO moves are banned
|rule|Evasion Items Clause: Evasion items are banned
|rule|Evasion Moves Clause: Evasion moves are banned
|rule|Evasion Abilities Clause: Evasion abilities are banned
|rule|Sleep Moves Clause: Sleep-inducing moves are banned
|clearpoke
|poke|p1|Zamazenta-*|
|poke|p1|Gholdengo|
|poke|p1|Hoopa-Unbound|
|poke|p1|Rotom-Wash|
|poke|p1|Landorus-Therian, M|
|poke|p1|Corviknight, M|
|poke|p2|Iron Valiant|
|poke|p2|Great Tusk|
|poke|p2|Raging Bolt|
|poke|p2|Meowscarada, M|
|poke|p2|Corviknight, M|
|poke|p2|Slowking-Galar, F|
|teampreview
|
|t:|1757873507
|teamsize|p1|6
|teamsize|p2|6
|start
|switch|p1a: Rotom|Rotom-Wash|100/100
|switch|p2a: Meowscarada|Meowscarada, M|100/100
|turn|1
|
|t:|1757873519
|switch|p1a: Corviknight|Corviknight, M|100/100
|-ability|p1a: Corviknight|Pressure
|move|p2a: Meowscarada|U-turn|p1a: Corviknight
|-start|p2a: Meowscarada|typechange|Bug|[from] ability: Protean
|-resisted|p1a: Corviknight
|-damage|p1a: Corviknight|95/100
|-damage|p2a: Meowscarada|84/100|[from] item: Rocky Helmet|[of] p1a: Corviknight
|
|t:|1757873522
|switch|p2a: Raging Bolt|Raging Bolt|100/100|[from] U-turn
|
|upkeep
|turn|2
|
|t:|1757873530
|move|p2a: Raging Bolt|Draco Meteor|p1a: Corviknight
|-resisted|p1a: Corviknight
|-damage|p1a: Corviknight|38/100
|-unboost|p2a: Raging Bolt|spa|2
|move|p1a: Corviknight|U-turn|p2a: Raging Bolt
|-damage|p2a: Raging Bolt|86/100
|
|t:|1757873538
|switch|p1a: Landorus|Landorus-Therian, M|100/100|[from] U-turn
|-ability|p1a: Landorus|Intimidate|boost
|-unboost|p2a: Raging Bolt|atk|1
|
|upkeep
|turn|3
|
|t:|1757873541
|-end|p2a: Raging Bolt|Protosynthesis|[silent]
|switch|p2a: Great Tusk|Great Tusk|100/100
|move|p1a: Landorus|Stealth Rock|p2a: Great Tusk
|-sidestart|p2: daxzz_|move: Stealth Rock
|
|upkeep
|turn|4
|
|t:|1757873548
|move|p1a: Landorus|U-turn|p2a: Great Tusk
|-resisted|p2a: Great Tusk
|-damage|p2a: Great Tusk|92/100
|
|t:|1757873552
|switch|p1a: Corviknight|Corviknight, M|38/100|[from] U-turn
|-ability|p1a: Corviknight|Pressure
|move|p2a: Great Tusk|Ice Spinner|p1a: Corviknight
|-damage|p1a: Corviknight|23/100
|-damage|p2a: Great Tusk|75/100|[from] item: Rocky Helmet|[of] p1a: Corviknight
|
|upkeep
|turn|5
|
|t:|1757873561
|switch|p1a: Landorus|Landorus-Therian, M|100/100
|-ability|p1a: Landorus|Intimidate|boost
|-unboost|p2a: Great Tusk|atk|1
|move|p2a: Great Tusk|Rapid Spin|p1a: Landorus
|-damage|p1a: Landorus|90/100
|-boost|p2a: Great Tusk|spe|1
|-damage|p2a: Great Tusk|59/100|[from] item: Rocky Helmet|[of] p1a: Landorus
|-sideend|p2: daxzz_|Stealth Rock|[from] move: Rapid Spin|[of] p2a: Great Tusk
|
|upkeep
|turn|6
|
|t:|1757873574
|switch|p1a: Rotom|Rotom-Wash|100/100
|move|p2a: Great Tusk|Ice Spinner|p1a: Rotom
|-resisted|p1a: Rotom
|-damage|p1a: Rotom|92/100
|
|-heal|p1a: Rotom|98/100|[from] item: Leftovers
|upkeep
|turn|7
|
|t:|1757873581
|-end|p2a: Great Tusk|Protosynthesis|[silent]
|switch|p2a: Slowking|Slowking-Galar, F|100/100
|move|p1a: Rotom|Thunder Wave|p2a: Slowking
|-status|p2a: Slowking|par
|
|-heal|p1a: Rotom|100/100|[from] item: Leftovers
|upkeep
|turn|8
|
|t:|1757873584
|move|p1a: Rotom|Volt Switch|p2a: Slowking
|-damage|p2a: Slowking|85/100 par
|
|t:|1757873586
|switch|p1a: Corviknight|Corviknight, M|23/100|[from] Volt Switch
|-ability|p1a: Corviknight|Pressure
|-prepare|p2a: Slowking|Chilly Reception|[premajor]
|move|p2a: Slowking|Chilly Reception|p2a: Slowking
|-weather|Snowscape
|
|t:|1757873591
|switch|p2a: Raging Bolt|Raging Bolt|86/100|[from] Chilly Reception
|
|-weather|Snowscape|[upkeep]
|upkeep
|turn|9
|
|t:|1757873599
|switch|p1a: Rotom|Rotom-Wash|100/100
|move|p2a: Raging Bolt|Draco Meteor|p1a: Rotom
|-damage|p1a: Rotom|13/100
|-unboost|p2a: Raging Bolt|spa|2
|
|-weather|Snowscape|[upkeep]
|-heal|p1a: Rotom|20/100|[from] item: Leftovers
|upkeep
|turn|10
|
|t:|1757873607
|switch|p1a: Landorus|Landorus-Therian, M|90/100
|-ability|p1a: Landorus|Intimidate|boost
|-unboost|p2a: Raging Bolt|atk|1
|move|p2a: Raging Bolt|Draco Meteor|p1a: Landorus
|-damage|p1a: Landorus|14/100
|-unboost|p2a: Raging Bolt|spa|2
|
|-weather|Snowscape|[upkeep]
|upkeep
|turn|11
|
|t:|1757873617
|-end|p2a: Raging Bolt|Protosynthesis|[silent]
|switch|p2a: Great Tusk|Great Tusk|59/100
|move|p1a: Landorus|Smack Down|p2a: Great Tusk
|-resisted|p2a: Great Tusk
|-damage|p2a: Great Tusk|56/100
|
|-weather|Snowscape|[upkeep]
|upkeep
|turn|12
|
|t:|1757873620
|move|p1a: Landorus|Earthquake|p2a: Great Tusk
|-damage|p2a: Great Tusk|23/100
|move|p2a: Great Tusk|Stealth Rock|p1a: Landorus
|-sidestart|p1: Railu|move: Stealth Rock
|
|-weather|none
|upkeep
|turn|13
|
|t:|1757873627
|move|p1a: Landorus|Earthquake|p2a: Great Tusk
|-damage|p2a: Great Tusk|0 fnt
|faint|p2a: Great Tusk
|-end|p2a: Great Tusk|Protosynthesis|[silent]
|
|upkeep
|inactive|Battle timer is ON: inactive players will automatically lose when time's up. (requested by Railu)
|
|t:|1757873657
|switch|p2a: Meowscarada|Meowscarada, M|84/100
|turn|14
|
|t:|1757873664
|move|p2a: Meowscarada|Knock Off|p1a: Landorus
|-start|p2a: Meowscarada|typechange|Dark|[from] ability: Protean
|-damage|p1a: Landorus|0 fnt
|-damage|p2a: Meowscarada|68/100|[from] item: Rocky Helmet|[of] p1a: Landorus
|-enditem|p1a: Landorus|Rocky Helmet|[from] move: Knock Off|[of] p2a: Meowscarada
|faint|p1a: Landorus
|
|upkeep
|
|t:|1757873674
|switch|p1a: Zamazenta|Zamazenta|100/100
|-damage|p1a: Zamazenta|94/100|[from] Stealth Rock
|-ability|p1a: Zamazenta|Dauntless Shield|boost
|-boost|p1a: Zamazenta|def|1
|turn|15
|
|t:|1757873680
|switch|p2a: Slowking|Slowking-Galar, F|100/100 par
|move|p1a: Zamazenta|Substitute|p1a: Zamazenta
|-start|p1a: Zamazenta|Substitute
|-damage|p1a: Zamazenta|69/100
|
|-heal|p1a: Zamazenta|76/100|[from] item: Leftovers
|upkeep
|turn|16
|
|t:|1757873688
|move|p1a: Zamazenta|Iron Defense|p1a: Zamazenta
|-boost|p1a: Zamazenta|def|2
|move|p2a: Slowking|Future Sight|p1a: Zamazenta
|-start|p2a: Slowking|move: Future Sight
|
|-heal|p1a: Zamazenta|82/100|[from] item: Leftovers
|upkeep
|turn|17
|
|t:|1757873696
|move|p1a: Zamazenta|Crunch|p2a: Slowking
|-supereffective|p2a: Slowking
|-damage|p2a: Slowking|54/100 par
|-unboost|p2a: Slowking|def|1
|cant|p2a: Slowking|par
|
|-heal|p1a: Zamazenta|88/100|[from] item: Leftovers
|upkeep
|turn|18
|
|t:|1757873715
|-terastallize|p1a: Zamazenta|Dark
|move|p1a: Zamazenta|Body Press|p2a: Slowking
|-resisted|p2a: Slowking
|-damage|p2a: Slowking|26/100 par
|cant|p2a: Slowking|par
|
|-end|p1a: Zamazenta|move: Future Sight
|-immune|p1a: Zamazenta
|-heal|p1a: Zamazenta|94/100|[from] item: Leftovers
|upkeep
|turn|19
|
|t:|1757873726
|move|p1a: Zamazenta|Body Press|p2a: Slowking
|-resisted|p2a: Slowking
|-damage|p2a: Slowking|0 fnt
|faint|p2a: Slowking
|
|-heal|p1a: Zamazenta|100/100|[from] item: Leftovers
|upkeep
|
|t:|1757873734
|switch|p2a: Corviknight|Corviknight, M|100/100
|-ability|p2a: Corviknight|Pressure
|turn|20
|
|t:|1757873740
|move|p1a: Zamazenta|Iron Defense|p1a: Zamazenta
|-boost|p1a: Zamazenta|def|2
|move|p2a: Corviknight|Iron Defense|p2a: Corviknight
|-boost|p2a: Corviknight|def|2
|
|upkeep
|turn|21
|
|t:|1757873745
|move|p1a: Zamazenta|Body Press|p2a: Corviknight
|-damage|p2a: Corviknight|67/100
|-damage|p1a: Zamazenta|84/100|[from] item: Rocky Helmet|[of] p2a: Corviknight
|move|p2a: Corviknight|Iron Defense|p2a: Corviknight
|-boost|p2a: Corviknight|def|2
|
|-heal|p1a: Zamazenta|90/100|[from] item: Leftovers
|upkeep
|turn|22
|
|t:|1757873756
|move|p1a: Zamazenta|Body Press|p2a: Corviknight
|-damage|p2a: Corviknight|45/100
|-damage|p1a: Zamazenta|74/100|[from] item: Rocky Helmet|[of] p2a: Corviknight
|move|p2a: Corviknight|Iron Defense|p2a: Corviknight
|-boost|p2a: Corviknight|def|2
|
|-heal|p1a: Zamazenta|80/100|[from] item: Leftovers
|upkeep
|turn|23
|
|t:|1757873765
|move|p1a: Zamazenta|Body Press|p2a: Corviknight
|-damage|p2a: Corviknight|27/100
|-damage|p1a: Zamazenta|63/100|[from] item: Rocky Helmet|[of] p2a: Corviknight
|move|p2a: Corviknight|Roost|p2a: Corviknight
|-heal|p2a: Corviknight|77/100
|-singleturn|p2a: Corviknight|move: Roost
|
|-heal|p1a: Zamazenta|69/100|[from] item: Leftovers
|upkeep
|turn|24
|
|t:|1757873776
|switch|p1a: Gholdengo|Gholdengo|100/100
|-damage|p1a: Gholdengo|94/100|[from] Stealth Rock
|move|p2a: Corviknight|Body Press|p1a: Gholdengo
|-immune|p1a: Gholdengo
|
|upkeep
|turn|25
|
|t:|1757873782
|move|p1a: Gholdengo|Trick|p2a: Corviknight
|-activate|p1a: Gholdengo|move: Trick|[of] p2a: Corviknight
|-item|p2a: Corviknight|Choice Scarf|[from] move: Trick
|-item|p1a: Gholdengo|Rocky Helmet|[from] move: Trick
|move|p2a: Corviknight|U-turn|p1a: Gholdengo
|-resisted|p1a: Gholdengo
|-damage|p1a: Gholdengo|91/100
|-damage|p2a: Corviknight|61/100|[from] item: Rocky Helmet|[of] p1a: Gholdengo
|inactive|daxzz_ has 120 seconds left.
|
|t:|1757873828
|switch|p2a: Meowscarada|Meowscarada, M|68/100|[from] U-turn
|
|upkeep
|turn|26
|
|t:|1757873851
|move|p2a: Meowscarada|Flower Trick|p1a: Gholdengo
|-start|p2a: Meowscarada|typechange|Grass|[from] ability: Protean
|-resisted|p1a: Gholdengo
|-crit|p1a: Gholdengo
|-damage|p1a: Gholdengo|63/100
|move|p1a: Gholdengo|Make It Rain|p2a: Meowscarada
|-damage|p2a: Meowscarada|0 fnt
|-unboost|p1a: Gholdengo|spa|1
|faint|p2a: Meowscarada
|
|upkeep
|inactive|daxzz_ has 90 seconds left.
|
|t:|1757873863
|switch|p2a: Iron Valiant|Iron Valiant|100/100
|-enditem|p2a: Iron Valiant|Booster Energy
|-activate|p2a: Iron Valiant|ability: Quark Drive|[fromitem]
|-start|p2a: Iron Valiant|quarkdrivespe
|turn|27
|c|☆Railu|?
|c|☆Railu|knock off?
|
|t:|1757873879
|-terastallize|p2a: Iron Valiant|Psychic
|move|p2a: Iron Valiant|Swords Dance|p2a: Iron Valiant
|-boost|p2a: Iron Valiant|atk|2
|move|p1a: Gholdengo|Make It Rain|p2a: Iron Valiant
|-damage|p2a: Iron Valiant|31/100
|-unboost|p1a: Gholdengo|spa|1
|
|upkeep
|turn|28
|c|☆daxzz_|needed chip
|
|t:|1757873894
|move|p2a: Iron Valiant|Knock Off|p1a: Gholdengo
|-supereffective|p1a: Gholdengo
|-damage|p1a: Gholdengo|0 fnt
|-damage|p2a: Iron Valiant|14/100|[from] item: Rocky Helmet|[of] p1a: Gholdengo
|-enditem|p1a: Gholdengo|Rocky Helmet|[from] move: Knock Off|[of] p2a: Iron Valiant
|faint|p1a: Gholdengo
|
|upkeep
|c|☆daxzz_|i meant make it rain to not kill
|
|t:|1757873901
|switch|p1a: Corviknight|Corviknight, M|23/100
|-damage|p1a: Corviknight|11/100|[from] Stealth Rock
|-ability|p1a: Corviknight|Pressure
|turn|29
|
|t:|1757873906
|move|p2a: Iron Valiant|Tera Blast|p1a: Corviknight|[anim] Tera Blast Psychic
|-resisted|p1a: Corviknight
|-damage|p1a: Corviknight|0 fnt
|faint|p1a: Corviknight
|
|upkeep
|
|t:|1757873914
|switch|p1a: Hoopa|Hoopa-Unbound|100/100
|-damage|p1a: Hoopa|88/100|[from] Stealth Rock
|turn|30
|
|t:|1757873918
|move|p2a: Iron Valiant|Close Combat|p1a: Hoopa
|-damage|p1a: Hoopa|0 fnt
|-unboost|p2a: Iron Valiant|def|1
|-unboost|p2a: Iron Valiant|spd|1
|faint|p1a: Hoopa
|
|upkeep
|
|t:|1757873922
|switch|p1a: Rotom|Rotom-Wash|20/100
|-damage|p1a: Rotom|7/100|[from] Stealth Rock
|turn|31
|
|t:|1757873927
|move|p2a: Iron Valiant|Tera Blast|p1a: Rotom|[anim] Tera Blast Psychic
|-damage|p1a: Rotom|0 fnt
|faint|p1a: Rotom
|
|upkeep
|c|☆daxzz_|gg
|
|t:|1757873934
|switch|p1a: Zamazenta|Zamazenta, tera:Dark|69/100
|-damage|p1a: Zamazenta|57/100|[from] Stealth Rock
|turn|32
|
|t:|1757873942
|move|p2a: Iron Valiant|Close Combat|p1a: Zamazenta
|-supereffective|p1a: Zamazenta
|-damage|p1a: Zamazenta|0 fnt
|-unboost|p2a: Iron Valiant|def|1
|-unboost|p2a: Iron Valiant|spd|1
|faint|p1a: Zamazenta
|
|win|daxzz_
|raw|Railu's rating: 1517 &rarr; <strong>1495</strong><br />(-22 for losing)
|raw|daxzz_'s rating: 1474 &rarr; <strong>1496</strong><br />(+22 for winning)
|l|☆Railu
|player|p1|
