|j|☆player jack
|j|☆MovingStone
|t:|1757834666
|gametype|singles
|player|p1|player jack|roxie|1293
|player|p2|MovingStone|265|1338
|gen|9
|tier|[Gen 9] OU
|rated|
|rule|HP Percentage Mod: HP is shown in percentages
|rule|Endless Battle Clause: Forcing endless battles is banned
|rule|Species Clause: Limit one of each Pokémon
|rule|OHKO Clause: OHKO moves are banned
|rule|Evasion Items Clause: Evasion items are banned
|rule|Evasion Moves Clause: Evasion moves are banned
|rule|Evasion Abilities Clause: Evasion abilities are banned
|rule|Sleep Moves Clause: Sleep-inducing moves are banned
|clearpoke
|poke|p1|Incineroar, F|
|poke|p1|Alomomola, F|
|poke|p1|Latios, M|
|poke|p1|Oricorio-Sensu, F|
|poke|p1|Garganacl, F|
|poke|p1|Hitmontop, M|
|poke|p2|Toxapex, F|
|poke|p2|Corviknight, M|
|poke|p2|Gliscor, M|
|poke|p2|Garganacl, F|
|poke|p2|Ting-Lu|
|poke|p2|Gholdengo|
|teampreview
|inactive|Battle timer is ON: inactive players will automatically lose when time's up. (requested by player jack)
|
|t:|1757834685
|teamsize|p1|6
|teamsize|p2|6
|start
|switch|p1a: Oricorio|Oricorio-Sensu, F, shiny|100/100
|switch|p2a: Gliscor|Gliscor, M|100/100
|turn|1
|
|t:|1757834689
|move|p1a: Oricorio|Substitute|p1a: Oricorio
|-start|p1a: Oricorio|Substitute
|-damage|p1a: Oricorio|75/100
|move|p2a: Gliscor|Knock Off|p1a: Oricorio
|-supereffective|p1a: Oricorio
|-end|p1a: Oricorio|Substitute
|
|-heal|p1a: Oricorio|82/100|[from] item: Leftovers
|-status|p2a: Gliscor|tox|[from] item: Toxic Orb
|upkeep
|turn|2
|
|t:|1757834697
|move|p1a: Oricorio|Substitute|p1a: Oricorio
|-start|p1a: Oricorio|Substitute
|-damage|p1a: Oricorio|57/100
|move|p2a: Gliscor|Knock Off|p1a: Oricorio
|-supereffective|p1a: Oricorio
|-end|p1a: Oricorio|Substitute
|
|-heal|p1a: Oricorio|63/100|[from] item: Leftovers
|upkeep
|turn|3
|
|t:|1757834714
|-terastallize|p1a: Oricorio|Fairy
|move|p1a: Oricorio|Substitute|p1a: Oricorio
|-start|p1a: Oricorio|Substitute
|-damage|p1a: Oricorio|38/100
|move|p2a: Gliscor|Knock Off|p1a: Oricorio
|-resisted|p1a: Oricorio
|-activate|p1a: Oricorio|move: Substitute|[damage]
|
|-heal|p1a: Oricorio|44/100|[from] item: Leftovers
|upkeep
|turn|4
|
|t:|1757834731
|move|p1a: Oricorio|Quiver Dance|p1a: Oricorio
|-boost|p1a: Oricorio|spa|1
|-boost|p1a: Oricorio|spd|1
|-boost|p1a: Oricorio|spe|1
|move|p2a: Gliscor|Earthquake|p1a: Oricorio
|-end|p1a: Oricorio|Substitute
|
|-heal|p1a: Oricorio|50/100|[from] item: Leftovers
|upkeep
|turn|5
|
|t:|1757834738
|move|p1a: Oricorio|Hurricane|p2a: Gliscor
|-damage|p2a: Gliscor|16/100 tox
|move|p2a: Gliscor|Earthquake|p1a: Oricorio
|-damage|p1a: Oricorio|2/100
|
|-heal|p1a: Oricorio|8/100|[from] item: Leftovers
|-heal|p2a: Gliscor|28/100 tox|[from] ability: Poison Heal
|upkeep
|turn|6
|
|t:|1757834744
|move|p1a: Oricorio|Revelation Dance|p2a: Gliscor
|-damage|p2a: Gliscor|0 fnt
|faint|p2a: Gliscor
|
|-heal|p1a: Oricorio|14/100|[from] item: Leftovers
|upkeep
|
|t:|1757834759
|switch|p2a: Gholdengo|Gholdengo, shiny|100/100
|turn|7
|
|t:|1757834765
|move|p1a: Oricorio|Hurricane|p2a: Gholdengo
|-resisted|p2a: Gholdengo
|-damage|p2a: Gholdengo|59/100
|-start|p2a: Gholdengo|confusion
|-activate|p2a: Gholdengo|confusion
|move|p2a: Gholdengo|Shadow Ball|p1a: Oricorio
|-damage|p1a: Oricorio|0 fnt
|faint|p1a: Oricorio
|-damage|p2a: Gholdengo|49/100|[from] item: Life Orb
|
|upkeep
|
|t:|1757834772
|switch|p1a: Incineroar|Incineroar, F, shiny|100/100
|-ability|p1a: Incineroar|Intimidate|boost
|-unboost|p2a: Gholdengo|atk|1
|turn|8
|
|t:|1757834777
|switch|p2a: Toxapex|Toxapex, F, shiny|100/100
|move|p1a: Incineroar|Knock Off|p2a: Toxapex
|-damage|p2a: Toxapex|71/100
|-enditem|p2a: Toxapex|Heavy-Duty Boots|[from] move: Knock Off|[of] p1a: Incineroar
|
|upkeep
|turn|9
|
|t:|1757834781
|move|p1a: Incineroar|Parting Shot|p2a: Toxapex
|-unboost|p2a: Toxapex|atk|1
|-unboost|p2a: Toxapex|spa|1
|
|t:|1757834787
|switch|p1a: Garganacl|Garganacl, F, shiny|100/100|[from] Parting Shot
|move|p2a: Toxapex|Toxic|p1a: Garganacl
|-immune|p1a: Garganacl|[from] ability: Purifying Salt
|
|upkeep
|turn|10
|
|t:|1757834792
|switch|p2a: Gholdengo|Gholdengo, shiny|49/100
|move|p1a: Garganacl|Curse|p1a: Garganacl
|-unboost|p1a: Garganacl|spe|1
|-boost|p1a: Garganacl|atk|1
|-boost|p1a: Garganacl|def|1
|
|upkeep
|turn|11
|
|t:|1757834796
|switch|p1a: Incineroar|Incineroar, F, shiny|100/100
|-ability|p1a: Incineroar|Intimidate|boost
|-unboost|p2a: Gholdengo|atk|1
|move|p2a: Gholdengo|Make It Rain|p1a: Incineroar
|-resisted|p1a: Incineroar
|-damage|p1a: Incineroar|75/100
|-unboost|p2a: Gholdengo|spa|1
|-damage|p2a: Gholdengo|39/100|[from] item: Life Orb
|
|upkeep
|turn|12
|
|t:|1757834801
|move|p2a: Gholdengo|Nasty Plot|p2a: Gholdengo
|-boost|p2a: Gholdengo|spa|2
|move|p1a: Incineroar|Knock Off|p2a: Gholdengo
|-supereffective|p2a: Gholdengo
|-damage|p2a: Gholdengo|0 fnt
|-enditem|p2a: Gholdengo|Life Orb|[from] move: Knock Off|[of] p1a: Incineroar
|faint|p2a: Gholdengo
|
|upkeep
|
|t:|1757834805
|switch|p2a: Garganacl|Garganacl, F|100/100
|turn|13
|
|t:|1757834808
|move|p1a: Incineroar|Parting Shot|p2a: Garganacl
|-unboost|p2a: Garganacl|atk|1
|-unboost|p2a: Garganacl|spa|1
|
|t:|1757834813
|switch|p1a: Hitmontop|Hitmontop, M, shiny|100/100|[from] Parting Shot
|move|p2a: Garganacl|Salt Cure|p1a: Hitmontop
|-resisted|p1a: Hitmontop
|-damage|p1a: Hitmontop|95/100
|-start|p1a: Hitmontop|Salt Cure
|
|-damage|p1a: Hitmontop|83/100|[from] Salt Cure
|upkeep
|turn|14
|
|t:|1757834822
|move|p1a: Hitmontop|Fake Out|p2a: Garganacl
|-resisted|p2a: Garganacl
|-damage|p2a: Garganacl|96/100
|cant|p2a: Garganacl|flinch
|
|-heal|p2a: Garganacl|100/100|[from] item: Leftovers
|-damage|p1a: Hitmontop|70/100|[from] Salt Cure
|upkeep
|turn|15
|
|t:|1757834828
|move|p1a: Hitmontop|Mach Punch|p2a: Garganacl
|-supereffective|p2a: Garganacl
|-damage|p2a: Garganacl|72/100
|move|p2a: Garganacl|Stealth Rock|p1a: Hitmontop
|-sidestart|p1: player jack|move: Stealth Rock
|
|-heal|p2a: Garganacl|78/100|[from] item: Leftovers
|-damage|p1a: Hitmontop|58/100|[from] Salt Cure
|upkeep
|turn|16
|
|t:|1757834833
|switch|p2a: Corviknight|Corviknight, M, shiny|100/100
|move|p1a: Hitmontop|Rapid Spin|p2a: Corviknight
|-resisted|p2a: Corviknight
|-damage|p2a: Corviknight|94/100
|-boost|p1a: Hitmontop|spe|1
|-sideend|p1: player jack|Stealth Rock|[from] move: Rapid Spin|[of] p1a: Hitmontop
|
|-heal|p2a: Corviknight|99/100|[from] item: Leftovers
|-damage|p1a: Hitmontop|45/100|[from] Salt Cure
|upkeep
|turn|17
|
|t:|1757834837
|switch|p1a: Alomomola|Alomomola, F, shiny|100/100
|move|p2a: Corviknight|Agility|p2a: Corviknight
|-boost|p2a: Corviknight|spe|2
|
|-heal|p2a: Corviknight|100/100|[from] item: Leftovers
|upkeep
|turn|18
|
|t:|1757834841
|move|p2a: Corviknight|Iron Defense|p2a: Corviknight
|-boost|p2a: Corviknight|def|2
|move|p1a: Alomomola|Flip Turn|p2a: Corviknight
|-damage|p2a: Corviknight|95/100
|
|t:|1757834843
|switch|p1a: Incineroar|Incineroar, F, shiny|75/100|[from] Flip Turn
|-ability|p1a: Incineroar|Intimidate|boost
|-ability|p2a: Corviknight|Mirror Armor
|-unboost|p1a: Incineroar|atk|1
|
|-heal|p2a: Corviknight|100/100|[from] item: Leftovers
|upkeep
|turn|19
|
|t:|1757834849
|move|p2a: Corviknight|Body Press|p1a: Incineroar
|-supereffective|p1a: Incineroar
|-damage|p1a: Incineroar|0 fnt
|faint|p1a: Incineroar
|
|upkeep
|
|t:|1757834855
|switch|p1a: Garganacl|Garganacl, F, shiny|100/100
|turn|20
|
|t:|1757834860
|move|p2a: Corviknight|Iron Defense|p2a: Corviknight
|-boost|p2a: Corviknight|def|2
|move|p1a: Garganacl|Salt Cure|p2a: Corviknight
|-damage|p2a: Corviknight|97/100
|-start|p2a: Corviknight|Salt Cure
|
|-heal|p2a: Corviknight|100/100|[from] item: Leftovers
|-damage|p2a: Corviknight|75/100|[from] Salt Cure
|upkeep
|turn|21
|
|t:|1757834866
|move|p1a: Garganacl|Protect|p1a: Garganacl
|-singleturn|p1a: Garganacl|Protect
|move|p2a: Corviknight|Iron Defense|p2a: Corviknight
|-boost|p2a: Corviknight|def|2
|
|-heal|p2a: Corviknight|82/100|[from] item: Leftovers
|-damage|p2a: Corviknight|57/100|[from] Salt Cure
|upkeep
|turn|22
|
|t:|1757834869
|move|p2a: Corviknight|Roost|p2a: Corviknight
|-heal|p2a: Corviknight|100/100
|-singleturn|p2a: Corviknight|move: Roost
|move|p1a: Garganacl|Curse|p1a: Garganacl
|-unboost|p1a: Garganacl|spe|1
|-boost|p1a: Garganacl|atk|1
|-boost|p1a: Garganacl|def|1
|
|-damage|p2a: Corviknight|75/100|[from] Salt Cure
|upkeep
|turn|23
|
|t:|1757834872
|-terastallize|p2a: Corviknight|Fighting
|move|p2a: Corviknight|Body Press|p1a: Garganacl
|-supereffective|p1a: Garganacl
|-damage|p1a: Garganacl|0 fnt
|faint|p1a: Garganacl
|
|-heal|p2a: Corviknight|82/100|[from] item: Leftovers
|-damage|p2a: Corviknight|69/100|[from] Salt Cure
|upkeep
|
|t:|1757834877
|switch|p1a: Latios|Latios, M, shiny|100/100
|turn|24
|c|☆MovingStone|damn
|c|☆MovingStone|if latios can't tank it it's gg
|
|t:|1757834887
|move|p2a: Corviknight|Body Press|p1a: Latios
|-resisted|p1a: Latios
|-damage|p1a: Latios|0 fnt
|faint|p1a: Latios
|
|-heal|p2a: Corviknight|75/100|[from] item: Leftovers
|-damage|p2a: Corviknight|63/100|[from] Salt Cure
|upkeep
|c|☆MovingStone|gg
|c|☆player jack|i was physical
|
|t:|1757834905
|switch|p1a: Alomomola|Alomomola, F, shiny|100/100
|turn|25
|c|☆MovingStone|physical?
|
|t:|1757834908
|move|p1a: Alomomola|Protect|p1a: Alomomola
|-singleturn|p1a: Alomomola|Protect
|move|p2a: Corviknight|Body Press|p1a: Alomomola
|-activate|p1a: Alomomola|move: Protect
|
|-heal|p2a: Corviknight|69/100|[from] item: Leftovers
|-damage|p2a: Corviknight|57/100|[from] Salt Cure
|upkeep
|turn|26
|c|☆player jack|dragon dance
|
|t:|1757834916
|move|p2a: Corviknight|Body Press|p1a: Alomomola
|-damage|p1a: Alomomola|0 fnt
|faint|p1a: Alomomola
|
|-heal|p2a: Corviknight|63/100|[from] item: Leftovers
|-damage|p2a: Corviknight|51/100|[from] Salt Cure
|upkeep
|c|☆MovingStone|oh
|
|t:|1757834920
|switch|p1a: Hitmontop|Hitmontop, M, shiny|45/100
|turn|27
|c|☆MovingStone|well atp the set wouldn't have matter
|
|t:|1757834925
|move|p1a: Hitmontop|Fake Out|p2a: Corviknight
|-damage|p2a: Corviknight|48/100
|cant|p2a: Corviknight|flinch
|
|-heal|p2a: Corviknight|54/100|[from] item: Leftovers
|-damage|p2a: Corviknight|42/100|[from] Salt Cure
|upkeep
|turn|28
|c|☆MovingStone|gg
|
|t:|1757834933
|move|p1a: Hitmontop|Sucker Punch|p2a: Corviknight
|-resisted|p2a: Corviknight
|-damage|p2a: Corviknight|40/100
|move|p2a: Corviknight|Body Press|p1a: Hitmontop
|-damage|p1a: Hitmontop|0 fnt
|faint|p1a: Hitmontop
|
|win|MovingStone
|raw|player jack's rating: 1293 &rarr; <strong>1271</strong><br />(-22 for losing)
|raw|MovingStone's rating: 1338 &rarr; <strong>1355</strong><br />(+17 for winning)
|c|☆player jack|gg
|l|☆player jack
|player|p1|
|l|☆MovingStone
|player|p2|
|j|☆MovingStone
|player|p2|MovingStone|265|
