|j|☆imgodslayer
|j|☆shoebat
|t:|1757862869
|gametype|singles
|player|p1|imgodslayer|benga|1468
|player|p2|shoebat|sage|1500
|gen|9
|tier|[Gen 9] OU
|rated|
|rule|HP Percentage Mod: HP is shown in percentages
|rule|Endless Battle Clause: Forcing endless battles is banned
|rule|Species Clause: Limit one of each Pokémon
|rule|OHKO Clause: OHKO moves are banned
|rule|Evasion Items Clause: Evasion items are banned
|rule|Evasion Moves Clause: Evasion moves are banned
|rule|Evasion Abilities Clause: Evasion abilities are banned
|rule|Sleep Moves Clause: Sleep-inducing moves are banned
|clearpoke
|poke|p1|Araquanid, F|
|poke|p1|Pelipper, F|
|poke|p1|Raging Bolt|
|poke|p1|Great Tusk|
|poke|p1|Poliwrath, F|
|poke|p1|Goodra-Hisui, F|
|poke|p2|Skarmory, M|
|poke|p2|Ting-Lu|
|poke|p2|Zamazenta-*|
|poke|p2|Pecharunt|
|poke|p2|Clefable, M|
|poke|p2|Walking Wake|
|teampreview
|inactive|Battle timer is ON: inactive players will automatically lose when time's up. (requested by shoebat)
|
|t:|1757862882
|teamsize|p1|6
|teamsize|p2|6
|start
|switch|p1a: Pelipper|Pelipper, F|100/100
|switch|p2a: Clefable|Clefable, M|100/100
|-weather|RainDance|[from] ability: Drizzle|[of] p1a: Pelipper
|turn|1
|
|t:|1757862892
|move|p1a: Pelipper|U-turn|p2a: Clefable
|-resisted|p2a: Clefable
|-damage|p2a: Clefable|97/100
|
|t:|1757862895
|switch|p1a: Araquanid|Araquanid, F|100/100|[from] U-turn
|move|p2a: Clefable|Knock Off|p1a: Araquanid
|-damage|p1a: Araquanid|85/100
|-enditem|p1a: Araquanid|Choice Band|[from] move: Knock Off|[of] p2a: Clefable
|
|-weather|RainDance|[upkeep]
|-heal|p2a: Clefable|100/100|[from] item: Leftovers
|upkeep
|turn|2
|
|t:|1757862901
|move|p2a: Clefable|Moonblast|p1a: Araquanid
|-damage|p1a: Araquanid|59/100
|-unboost|p1a: Araquanid|spa|1
|move|p1a: Araquanid|Sticky Web|p2a: Clefable
|-sidestart|p2: shoebat|move: Sticky Web
|
|-weather|RainDance|[upkeep]
|upkeep
|turn|3
|
|t:|1757862918
|move|p2a: Clefable|Moonblast|p1a: Araquanid
|-damage|p1a: Araquanid|32/100
|move|p1a: Araquanid|Liquidation|p2a: Clefable
|-damage|p2a: Clefable|27/100
|
|-weather|RainDance|[upkeep]
|-heal|p2a: Clefable|33/100|[from] item: Leftovers
|upkeep
|turn|4
|
|t:|1757862931
|switch|p2a: Pecharunt|Pecharunt|100/100
|move|p1a: Araquanid|Liquidation|p2a: Pecharunt
|-damage|p2a: Pecharunt|55/100
|
|-weather|RainDance|[upkeep]
|upkeep
|turn|5
|
|t:|1757862939
|switch|p1a: Goodra|Goodra-Hisui, F|100/100
|move|p2a: Pecharunt|Recover|p2a: Pecharunt
|-heal|p2a: Pecharunt|100/100
|
|-weather|RainDance|[upkeep]
|upkeep
|turn|6
|
|t:|1757862944
|move|p2a: Pecharunt|Parting Shot|p1a: Goodra
|-unboost|p1a: Goodra|atk|1
|-unboost|p1a: Goodra|spa|1
|
|t:|1757862951
|switch|p2a: Ting-Lu|Ting-Lu|100/100|[from] Parting Shot
|-activate|p2a: Ting-Lu|move: Sticky Web
|-unboost|p2a: Ting-Lu|spe|1
|-ability|p2a: Ting-Lu|Vessel of Ruin
|move|p1a: Goodra|Draco Meteor|p2a: Ting-Lu
|-damage|p2a: Ting-Lu|83/100
|-unboost|p1a: Goodra|spa|2
|
|-weather|RainDance|[upkeep]
|-heal|p2a: Ting-Lu|90/100|[from] item: Leftovers
|upkeep
|turn|7
|
|t:|1757862964
|switch|p1a: Araquanid|Araquanid, F|32/100
|move|p2a: Ting-Lu|Ruination|p1a: Araquanid
|-damage|p1a: Araquanid|16/100
|
|-weather|RainDance|[upkeep]
|-heal|p2a: Ting-Lu|96/100|[from] item: Leftovers
|upkeep
|turn|8
|
|t:|1757862972
|switch|p2a: Skarmory|Skarmory, M|100/100
|move|p1a: Araquanid|Endeavor|p2a: Skarmory
|-damage|p2a: Skarmory|17/100
|-damage|p1a: Araquanid|0 fnt|[from] item: Rocky Helmet|[of] p2a: Skarmory
|faint|p1a: Araquanid
|
|-weather|none
|upkeep
|
|t:|1757862979
|switch|p1a: Pelipper|Pelipper, F|100/100
|-weather|RainDance|[from] ability: Drizzle|[of] p1a: Pelipper
|turn|9
|
|t:|1757862987
|switch|p2a: Walking Wake|Walking Wake|100/100
|move|p1a: Pelipper|Weather Ball|p2a: Walking Wake
|-resisted|p2a: Walking Wake
|-damage|p2a: Walking Wake|80/100
|
|-weather|RainDance|[upkeep]
|upkeep
|turn|10
|
|t:|1757862993
|switch|p1a: Goodra|Goodra-Hisui, F|100/100
|move|p2a: Walking Wake|Draco Meteor|p1a: Goodra
|-damage|p1a: Goodra|73/100
|-unboost|p2a: Walking Wake|spa|2
|
|-weather|RainDance|[upkeep]
|upkeep
|turn|11
|
|t:|1757863000
|switch|p1a: Poliwrath|Poliwrath, F|100/100
|move|p2a: Walking Wake|Flip Turn|p1a: Poliwrath
|-resisted|p1a: Poliwrath
|-damage|p1a: Poliwrath|87/100
|
|t:|1757863009
|-end|p2a: Walking Wake|Protosynthesis|[silent]
|switch|p2a: Pecharunt|Pecharunt|100/100|[from] Flip Turn
|
|-weather|RainDance|[upkeep]
|upkeep
|turn|12
|
|t:|1757863015
|-terastallize|p1a: Poliwrath|Steel
|move|p1a: Poliwrath|Belly Drum|p1a: Poliwrath
|-damage|p1a: Poliwrath|37/100
|-setboost|p1a: Poliwrath|atk|6|[from] move: Belly Drum
|-enditem|p1a: Poliwrath|Sitrus Berry|[eat]
|-heal|p1a: Poliwrath|62/100|[from] item: Sitrus Berry
|move|p2a: Pecharunt|Malignant Chain|p1a: Poliwrath
|-immune|p1a: Poliwrath
|
|-weather|RainDance|[upkeep]
|upkeep
|turn|13
|
|t:|1757863023
|move|p1a: Poliwrath|Earthquake|p2a: Pecharunt
|-supereffective|p2a: Pecharunt
|-damage|p2a: Pecharunt|0 fnt
|faint|p2a: Pecharunt
|
|-weather|RainDance|[upkeep]
|upkeep
|
|t:|1757863029
|switch|p2a: Zamazenta|Zamazenta|100/100
|-ability|p2a: Zamazenta|Dauntless Shield|boost
|-boost|p2a: Zamazenta|def|1
|turn|14
|
|t:|1757863032
|move|p1a: Poliwrath|Liquidation|p2a: Zamazenta
|-damage|p2a: Zamazenta|0 fnt
|faint|p2a: Zamazenta
|
|-weather|RainDance|[upkeep]
|upkeep
|c|☆shoebat|i wonder if tera dark pech would have lived
|c|☆shoebat|it had foul play
|inactive|shoebat has 120 seconds left.
|
|t:|1757863069
|switch|p2a: Ting-Lu|Ting-Lu|96/100
|-activate|p2a: Ting-Lu|move: Sticky Web
|-unboost|p2a: Ting-Lu|spe|1
|-ability|p2a: Ting-Lu|Vessel of Ruin
|turn|15
|c|☆imgodslayer|no bro
|
|t:|1757863074
|-terastallize|p2a: Ting-Lu|Water
|move|p1a: Poliwrath|Drain Punch|p2a: Ting-Lu
|-damage|p2a: Ting-Lu|33/100
|-heal|p1a: Poliwrath|100/100|[from] drain|[of] p2a: Ting-Lu
|move|p2a: Ting-Lu|Earthquake|p1a: Poliwrath
|-supereffective|p1a: Poliwrath
|-damage|p1a: Poliwrath|18/100
|
|-weather|RainDance|[upkeep]
|-heal|p2a: Ting-Lu|39/100|[from] item: Leftovers
|upkeep
|turn|16
|inactive|shoebat has 120 seconds left.
|inactive|shoebat has 90 seconds left.
|inactive|shoebat has 60 seconds left.
|
|t:|1757863164
|switch|p2a: Skarmory|Skarmory, M|17/100
|move|p1a: Poliwrath|Drain Punch|p2a: Skarmory
|-damage|p2a: Skarmory|0 fnt
|-heal|p1a: Poliwrath|26/100|[from] drain|[of] p2a: Skarmory
|-damage|p1a: Poliwrath|10/100|[from] item: Rocky Helmet|[of] p2a: Skarmory
|faint|p2a: Skarmory
|
|-weather|none
|upkeep
|
|t:|1757863172
|switch|p2a: Walking Wake|Walking Wake|80/100
|turn|17
|
|t:|1757863181
|move|p2a: Walking Wake|Surf|p1a: Poliwrath
|-damage|p1a: Poliwrath|0 fnt
|faint|p1a: Poliwrath
|
|upkeep
|
|t:|1757863185
|switch|p1a: Pelipper|Pelipper, F|100/100
|-weather|RainDance|[from] ability: Drizzle|[of] p1a: Pelipper
|turn|18
|inactive|shoebat has 60 seconds left.
|
|t:|1757863210
|move|p2a: Walking Wake|Draco Meteor|p1a: Pelipper
|-damage|p1a: Pelipper|0 fnt
|-unboost|p2a: Walking Wake|spa|2
|faint|p1a: Pelipper
|
|-weather|RainDance|[upkeep]
|upkeep
|
|t:|1757863219
|switch|p1a: Goodra|Goodra-Hisui, F|73/100
|turn|19
|
|t:|1757863226
|move|p2a: Walking Wake|Flip Turn|p1a: Goodra
|-resisted|p1a: Goodra
|-damage|p1a: Goodra|62/100
|
|t:|1757863228
|-end|p2a: Walking Wake|Protosynthesis|[silent]
|switch|p2a: Ting-Lu|Ting-Lu, tera:Water|39/100|[from] Flip Turn
|-activate|p2a: Ting-Lu|move: Sticky Web
|-unboost|p2a: Ting-Lu|spe|1
|-ability|p2a: Ting-Lu|Vessel of Ruin
|move|p1a: Goodra|Flash Cannon|p2a: Ting-Lu
|-resisted|p2a: Ting-Lu
|-damage|p2a: Ting-Lu|31/100
|
|-weather|RainDance|[upkeep]
|-heal|p2a: Ting-Lu|37/100|[from] item: Leftovers
|upkeep
|turn|20
|
|t:|1757863242
|switch|p1a: Great Tusk|Great Tusk|100/100
|move|p2a: Ting-Lu|Ruination|p1a: Great Tusk
|-damage|p1a: Great Tusk|51/100
|
|-weather|RainDance|[upkeep]
|-heal|p2a: Ting-Lu|43/100|[from] item: Leftovers
|upkeep
|turn|21
|
|t:|1757863250
|switch|p2a: Clefable|Clefable, M|33/100
|-activate|p2a: Clefable|move: Sticky Web
|-unboost|p2a: Clefable|spe|1
|move|p1a: Great Tusk|Stealth Rock|p2a: Clefable
|-sidestart|p2: shoebat|move: Stealth Rock
|
|-weather|RainDance|[upkeep]
|-heal|p2a: Clefable|40/100|[from] item: Leftovers
|upkeep
|turn|22
|
|t:|1757863257
|move|p1a: Great Tusk|Headlong Rush|p2a: Clefable
|-damage|p2a: Clefable|0 fnt
|-unboost|p1a: Great Tusk|def|1
|-unboost|p1a: Great Tusk|spd|1
|faint|p2a: Clefable
|
|-weather|RainDance|[upkeep]
|upkeep
|
|t:|1757863260
|switch|p2a: Walking Wake|Walking Wake|80/100
|turn|23
|inactive|shoebat has 90 seconds left.
|
|t:|1757863266
|-end|p1a: Great Tusk|Protosynthesis|[silent]
|switch|p1a: Goodra|Goodra-Hisui, F|62/100
|move|p2a: Walking Wake|Knock Off|p1a: Goodra
|-damage|p1a: Goodra|46/100
|-enditem|p1a: Goodra|Assault Vest|[from] move: Knock Off|[of] p2a: Walking Wake
|
|-weather|RainDance|[upkeep]
|upkeep
|turn|24
|
|t:|1757863272
|move|p2a: Walking Wake|Draco Meteor|p1a: Goodra
|-damage|p1a: Goodra|0 fnt
|-unboost|p2a: Walking Wake|spa|2
|faint|p1a: Goodra
|
|-weather|RainDance|[upkeep]
|upkeep
|
|t:|1757863282
|switch|p1a: Raging Bolt|Raging Bolt|100/100
|-enditem|p1a: Raging Bolt|Booster Energy
|-activate|p1a: Raging Bolt|ability: Protosynthesis|[fromitem]
|-start|p1a: Raging Bolt|protosynthesisspa
|turn|25
|
|t:|1757863288
|-end|p2a: Walking Wake|Protosynthesis|[silent]
|switch|p2a: Ting-Lu|Ting-Lu, tera:Water|43/100
|-activate|p2a: Ting-Lu|move: Sticky Web
|-unboost|p2a: Ting-Lu|spe|1
|-damage|p2a: Ting-Lu|31/100|[from] Stealth Rock
|-ability|p2a: Ting-Lu|Vessel of Ruin
|move|p1a: Raging Bolt|Dragon Pulse|p2a: Ting-Lu
|-damage|p2a: Ting-Lu|4/100
|
|-weather|none
|-heal|p2a: Ting-Lu|10/100|[from] item: Leftovers
|upkeep
|turn|26
|
|t:|1757863298
|move|p1a: Raging Bolt|Dragon Pulse|p2a: Ting-Lu
|-damage|p2a: Ting-Lu|0 fnt
|faint|p2a: Ting-Lu
|
|upkeep
|
|t:|1757863300
|switch|p2a: Walking Wake|Walking Wake|80/100
|turn|27
|
|t:|1757863304
|-end|p1a: Raging Bolt|Protosynthesis|[silent]
|switch|p1a: Great Tusk|Great Tusk|51/100
|move|p2a: Walking Wake|Draco Meteor|p1a: Great Tusk
|-damage|p1a: Great Tusk|0 fnt
|-unboost|p2a: Walking Wake|spa|2
|faint|p1a: Great Tusk
|-end|p1a: Great Tusk|Protosynthesis|[silent]
|
|upkeep
|
|t:|1757863309
|switch|p1a: Raging Bolt|Raging Bolt|100/100
|turn|28
|
|t:|1757863311
|move|p2a: Walking Wake|Draco Meteor|p1a: Raging Bolt
|-supereffective|p1a: Raging Bolt
|-damage|p1a: Raging Bolt|50/100
|-unboost|p2a: Walking Wake|spa|2
|move|p1a: Raging Bolt|Dragon Pulse|p2a: Walking Wake
|-supereffective|p2a: Walking Wake
|-damage|p2a: Walking Wake|0 fnt
|faint|p2a: Walking Wake
|-end|p2a: Walking Wake|Protosynthesis|[silent]
|
|win|imgodslayer
|raw|imgodslayer's rating: 1468 &rarr; <strong>1490</strong><br />(+22 for winning)
|raw|shoebat's rating: 1500 &rarr; <strong>1478</strong><br />(-22 for losing)
|l|☆imgodslayer
|player|p1|
|l|☆shoebat
|player|p2|
