|j|☆tigerspace02
|j|☆White Boy SZN
|t:|1757911838
|gametype|singles
|player|p1|tigerspace02|lance-gen1rb|1460
|player|p2|White Boy SZN|blue-gen7|1414
|gen|9
|tier|[Gen 9] OU
|rated|
|rule|HP Percentage Mod: HP is shown in percentages
|rule|Endless Battle Clause: Forcing endless battles is banned
|rule|Species Clause: Limit one of each Pokémon
|rule|OHKO Clause: OHKO moves are banned
|rule|Evasion Items Clause: Evasion items are banned
|rule|Evasion Moves Clause: Evasion moves are banned
|rule|Evasion Abilities Clause: Evasion abilities are banned
|rule|Sleep Moves Clause: Sleep-inducing moves are banned
|clearpoke
|poke|p1|Kyurem|
|poke|p1|Darkrai|
|poke|p1|Gholdengo|
|poke|p1|Greninja-*, M|
|poke|p1|Iron Valiant|
|poke|p1|Cinderace, F|
|poke|p2|Dragapult, M|
|poke|p2|Zapdos|
|poke|p2|Great Tusk|
|poke|p2|Slowking-Galar, F|
|poke|p2|Ogerpon-Wellspring, F|
|poke|p2|Iron Crown|
|teampreview
|inactive|Battle timer is ON: inactive players will automatically lose when time's up. (requested by tigerspace02)
|
|t:|1757911869
|teamsize|p1|6
|teamsize|p2|6
|start
|switch|p1a: Cinderace|Cinderace, F|100/100
|switch|p2a: Zapdos|Zapdos|100/100
|turn|1
|inactive|White Boy SZN has 120 seconds left.
|
|t:|1757911905
|move|p1a: Cinderace|Pyro Ball|p2a: Zapdos
|-damage|p2a: Zapdos|62/100
|move|p2a: Zapdos|Volt Switch|p1a: Cinderace
|-damage|p1a: Cinderace|60/100
|
|t:|1757911912
|switch|p2a: Great Tusk|Great Tusk|100/100|[from] Volt Switch
|
|upkeep
|turn|2
|inactive|White Boy SZN has 120 seconds left.
|
|t:|1757911929
|switch|p1a: Iron Valiant|Iron Valiant|100/100
|-enditem|p1a: Iron Valiant|Booster Energy
|-activate|p1a: Iron Valiant|ability: Quark Drive|[fromitem]
|-start|p1a: Iron Valiant|quarkdrivespe
|move|p2a: Great Tusk|Stealth Rock|p1a: Iron Valiant
|-sidestart|p1: tigerspace02|move: Stealth Rock
|
|upkeep
|turn|3
|inactive|White Boy SZN has 120 seconds left.
|
|t:|1757911945
|-end|p2a: Great Tusk|Protosynthesis|[silent]
|switch|p2a: Slowking|Slowking-Galar, F|100/100
|move|p1a: Iron Valiant|Encore||[still]
|-fail|p1a: Iron Valiant
|
|upkeep
|turn|4
|inactive|White Boy SZN has 120 seconds left.
|
|t:|1757911959
|-terastallize|p1a: Iron Valiant|Ghost
|move|p1a: Iron Valiant|Calm Mind|p1a: Iron Valiant
|-boost|p1a: Iron Valiant|spa|1
|-boost|p1a: Iron Valiant|spd|1
|move|p2a: Slowking|Psychic Noise|p1a: Iron Valiant
|-damage|p1a: Iron Valiant|65/100
|-start|p1a: Iron Valiant|move: Heal Block
|
|upkeep
|turn|5
|inactive|White Boy SZN has 120 seconds left.
|
|t:|1757911969
|move|p1a: Iron Valiant|Shadow Ball|p2a: Slowking
|-supereffective|p2a: Slowking
|-damage|p2a: Slowking|31/100
|move|p2a: Slowking|Toxic|p1a: Iron Valiant
|-status|p1a: Iron Valiant|tox
|
|-damage|p1a: Iron Valiant|59/100 tox|[from] psn
|-end|p1a: Iron Valiant|move: Heal Block
|upkeep
|turn|6
|inactive|White Boy SZN has 120 seconds left.
|
|t:|1757911981
|switch|p2a: Iron Crown|Iron Crown|100/100
|move|p1a: Iron Valiant|Shadow Ball|p2a: Iron Crown
|-supereffective|p2a: Iron Crown
|-damage|p2a: Iron Crown|20/100
|
|-damage|p1a: Iron Valiant|47/100 tox|[from] psn
|upkeep
|turn|7
|inactive|White Boy SZN has 120 seconds left.
|inactive|White Boy SZN has 90 seconds left.
|
|t:|1757912034
|move|p1a: Iron Valiant|Shadow Ball|p2a: Iron Crown
|-supereffective|p2a: Iron Crown
|-damage|p2a: Iron Crown|0 fnt
|faint|p2a: Iron Crown
|-end|p2a: Iron Crown|Quark Drive|[silent]
|
|-damage|p1a: Iron Valiant|28/100 tox|[from] psn
|upkeep
|inactive|White Boy SZN has 60 seconds left.
|
|t:|1757912080
|switch|p2a: Ogerpon|Ogerpon-Wellspring, F|100/100
|turn|8
|
|t:|1757912086
|move|p1a: Iron Valiant|Moonblast|p2a: Ogerpon
|-damage|p2a: Ogerpon|13/100
|move|p2a: Ogerpon|Ivy Cudgel|p1a: Iron Valiant|[anim] Ivy Cudgel Water
|-damage|p1a: Iron Valiant|0 fnt
|faint|p1a: Iron Valiant
|-end|p1a: Iron Valiant|Quark Drive|[silent]
|
|upkeep
|
|t:|1757912097
|switch|p1a: Greninja|Greninja, M|100/100
|-damage|p1a: Greninja|88/100|[from] Stealth Rock
|turn|9
|
|t:|1757912102
|move|p1a: Greninja|Dark Pulse|p2a: Ogerpon
|-damage|p2a: Ogerpon|0 fnt
|faint|p2a: Ogerpon
|-ability|p1a: Greninja|Battle Bond|boost
|-boost|p1a: Greninja|atk|1
|-boost|p1a: Greninja|spa|1
|-boost|p1a: Greninja|spe|1
|-activate|p1a: Greninja|ability: Battle Bond
|-damage|p1a: Greninja|78/100|[from] item: Life Orb
|
|upkeep
|
|t:|1757912108
|switch|p2a: Slowking|Slowking-Galar, F|65/100
|turn|10
|inactive|White Boy SZN has 60 seconds left.
|
|t:|1757912123
|-terastallize|p2a: Slowking|Fairy
|move|p1a: Greninja|Dark Pulse|p2a: Slowking
|-resisted|p2a: Slowking
|-damage|p2a: Slowking|43/100
|-damage|p1a: Greninja|69/100|[from] item: Life Orb
|move|p2a: Slowking|Sludge Bomb|p1a: Greninja
|-damage|p1a: Greninja|15/100
|
|upkeep
|turn|11
|inactive|White Boy SZN has 60 seconds left.
|
|t:|1757912133
|move|p1a: Greninja|Surf|p2a: Slowking
|-damage|p2a: Slowking|0 fnt
|faint|p2a: Slowking
|-damage|p1a: Greninja|5/100|[from] item: Life Orb
|
|upkeep
|
|t:|1757912136
|switch|p2a: Zapdos|Zapdos|62/100
|turn|12
|inactive|White Boy SZN has 60 seconds left.
|
|t:|1757912147
|move|p1a: Greninja|Surf|p2a: Zapdos
|-damage|p2a: Zapdos|0 fnt
|faint|p2a: Zapdos
|-damage|p1a: Greninja|0 fnt|[from] item: Life Orb
|faint|p1a: Greninja
|
|upkeep
|inactive|White Boy SZN has 60 seconds left.
|
|t:|1757912177
|switch|p1a: Kyurem|Kyurem|100/100
|switch|p2a: Dragapult|Dragapult, M|100/100
|-damage|p1a: Kyurem|76/100|[from] Stealth Rock
|-ability|p1a: Kyurem|Pressure
|turn|13
|
|t:|1757912183
|switch|p1a: Gholdengo|Gholdengo|100/100
|-damage|p1a: Gholdengo|94/100|[from] Stealth Rock
|move|p2a: Dragapult|Dragon Darts|p1a: Gholdengo
|-resisted|p1a: Gholdengo
|-damage|p1a: Gholdengo|84/100
|-anim|p2a: Dragapult|Dragon Darts|p1a: Gholdengo
|-resisted|p1a: Gholdengo
|-damage|p1a: Gholdengo|72/100
|
|upkeep
|turn|14
|inactive|White Boy SZN has 60 seconds left.
|
|t:|1757912198
|move|p2a: Dragapult|U-turn|p1a: Gholdengo
|-resisted|p1a: Gholdengo
|-damage|p1a: Gholdengo|67/100
|
|t:|1757912200
|switch|p2a: Great Tusk|Great Tusk|100/100|[from] U-turn
|move|p1a: Gholdengo|Shadow Ball|p2a: Great Tusk
|-damage|p2a: Great Tusk|39/100
|
|upkeep
|turn|15
|
|t:|1757912208
|move|p2a: Great Tusk|Headlong Rush|p1a: Gholdengo
|-supereffective|p1a: Gholdengo
|-damage|p1a: Gholdengo|0 fnt
|-unboost|p2a: Great Tusk|def|1
|-unboost|p2a: Great Tusk|spd|1
|faint|p1a: Gholdengo
|
|upkeep
|
|t:|1757912214
|switch|p1a: Darkrai|Darkrai|100/100
|-damage|p1a: Darkrai|88/100|[from] Stealth Rock
|turn|16
|
|t:|1757912224
|move|p1a: Darkrai|Dark Pulse|p2a: Great Tusk
|-resisted|p2a: Great Tusk
|-damage|p2a: Great Tusk|0 fnt
|faint|p2a: Great Tusk
|-end|p2a: Great Tusk|Protosynthesis|[silent]
|-damage|p1a: Darkrai|78/100|[from] item: Life Orb
|
|upkeep
|
|t:|1757912229
|switch|p2a: Dragapult|Dragapult, M|100/100
|turn|17
|
|t:|1757912237
|move|p2a: Dragapult|Dragon Darts|p1a: Darkrai
|-damage|p1a: Darkrai|49/100
|-anim|p2a: Dragapult|Dragon Darts|p1a: Darkrai
|-damage|p1a: Darkrai|20/100
|move|p1a: Darkrai|Dark Pulse|p2a: Dragapult
|-supereffective|p2a: Dragapult
|-damage|p2a: Dragapult|0 fnt
|faint|p2a: Dragapult
|-damage|p1a: Darkrai|10/100|[from] item: Life Orb
|
|win|tigerspace02
|raw|tigerspace02's rating: 1460 &rarr; <strong>1477</strong><br />(+17 for winning)
|raw|White Boy SZN's rating: 1414 &rarr; <strong>1397</strong><br />(-17 for losing)
