|j|☆noahthebadplayer
|j|☆sumumon
|t:|1757916584
|gametype|singles
|player|p1|noahthebadplayer|101|1121
|player|p2|sumumon|101|1136
|gen|9
|tier|[Gen 9] OU
|rated|
|rule|HP Percentage Mod: HP is shown in percentages
|rule|Endless Battle Clause: Forcing endless battles is banned
|rule|Species Clause: Limit one of each Pokémon
|rule|OHKO Clause: OHKO moves are banned
|rule|Evasion Items Clause: Evasion items are banned
|rule|Evasion Moves Clause: Evasion moves are banned
|rule|Evasion Abilities Clause: Evasion abilities are banned
|rule|Sleep Moves Clause: Sleep-inducing moves are banned
|clearpoke
|poke|p1|Greninja-*, M|
|poke|p1|Zarude|
|poke|p1|Mamoswine, F|
|poke|p1|Conkeldurr, M|
|poke|p1|Delphox, F|
|poke|p1|Enamorus, F|
|poke|p2|Tyranitar, F|
|poke|p2|Gholdengo|
|poke|p2|Zamazenta-*|
|poke|p2|Rillaboom, M|
|poke|p2|Garchomp, M|
|poke|p2|Zapdos|
|teampreview
|c|☆noahthebadplayer|Glhf
|
|t:|1757916606
|teamsize|p1|6
|teamsize|p2|6
|start
|switch|p1a: Mamoswine|Mamoswine, F|100/100
|switch|p2a: Garchomp|Garchomp, M|100/100
|turn|1
|inactive|Battle timer is ON: inactive players will automatically lose when time's up. (requested by noahthebadplayer)
|
|t:|1757916612
|move|p1a: Mamoswine|Icicle Crash|p2a: Garchomp
|-supereffective|p2a: Garchomp
|-damage|p2a: Garchomp|0 fnt
|faint|p2a: Garchomp
|
|upkeep
|
|t:|1757916635
|switch|p2a: Zapdos|Zapdos|100/100
|turn|2
|
|t:|1757916641
|move|p2a: Zapdos|Heat Wave|p1a: Mamoswine
|-supereffective|p1a: Mamoswine
|-damage|p1a: Mamoswine|15/100
|move|p1a: Mamoswine|Icicle Crash|p2a: Zapdos
|-supereffective|p2a: Zapdos
|-damage|p2a: Zapdos|2/100
|
|upkeep
|turn|3
|
|t:|1757916648
|move|p1a: Mamoswine|Ice Shard|p2a: Zapdos
|-supereffective|p2a: Zapdos
|-damage|p2a: Zapdos|0 fnt
|faint|p2a: Zapdos
|
|upkeep
|
|t:|1757916658
|switch|p2a: Zamazenta|Zamazenta|100/100
|-ability|p2a: Zamazenta|Dauntless Shield|boost
|-boost|p2a: Zamazenta|def|1
|turn|4
|
|t:|1757916663
|move|p2a: Zamazenta|Close Combat|p1a: Mamoswine
|-supereffective|p1a: Mamoswine
|-damage|p1a: Mamoswine|0 fnt
|-unboost|p2a: Zamazenta|def|1
|-unboost|p2a: Zamazenta|spd|1
|faint|p1a: Mamoswine
|
|upkeep
|
|t:|1757916666
|switch|p1a: Enamorus|Enamorus, F|100/100
|turn|5
|
|t:|1757916674
|switch|p2a: Gholdengo|Gholdengo|100/100
|-item|p2a: Gholdengo|Air Balloon
|-terastallize|p1a: Enamorus|Stellar
|move|p1a: Enamorus|Tera Blast|p2a: Gholdengo|[anim] Tera Blast Stellar
|-damage|p2a: Gholdengo|56/100
|-boost|p1a: Enamorus|atk|1
|-boost|p1a: Enamorus|spa|1
|-enditem|p2a: Gholdengo|Air Balloon
|
|upkeep
|turn|6
|inactive|sumumon has 120 seconds left.
|
|t:|1757916710
|move|p1a: Enamorus|Tera Blast|p2a: Gholdengo|[anim] Tera Blast Stellar
|-damage|p2a: Gholdengo|8/100
|-boost|p1a: Enamorus|atk|1
|-boost|p1a: Enamorus|spa|1
|move|p2a: Gholdengo|Make It Rain|p1a: Enamorus
|-supereffective|p1a: Enamorus
|-damage|p1a: Enamorus|0 fnt
|-unboost|p2a: Gholdengo|spa|1
|faint|p1a: Enamorus
|
|upkeep
|
|t:|1757916720
|switch|p1a: Zarude|Zarude|100/100
|turn|7
|
|t:|1757916726
|move|p1a: Zarude|Knock Off|p2a: Gholdengo
|-supereffective|p2a: Gholdengo
|-damage|p2a: Gholdengo|0 fnt
|faint|p2a: Gholdengo
|
|upkeep
|
|t:|1757916731
|switch|p2a: Zamazenta|Zamazenta|100/100
|turn|8
|
|t:|1757916735
|move|p2a: Zamazenta|Close Combat|p1a: Zarude
|-supereffective|p1a: Zarude
|-damage|p1a: Zarude|0 fnt
|-unboost|p2a: Zamazenta|def|1
|-unboost|p2a: Zamazenta|spd|1
|faint|p1a: Zarude
|
|upkeep
|
|t:|1757916738
|switch|p1a: Greninja|Greninja, M|100/100
|turn|9
|
|t:|1757916744
|move|p1a: Greninja|Water Shuriken|p2a: Zamazenta
|-damage|p2a: Zamazenta|91/100
|-damage|p2a: Zamazenta|82/100
|-damage|p2a: Zamazenta|72/100
|-damage|p2a: Zamazenta|63/100
|-hitcount|p2a: Zamazenta|4
|move|p2a: Zamazenta|Close Combat|p1a: Greninja
|-supereffective|p1a: Greninja
|-damage|p1a: Greninja|0 fnt
|-unboost|p2a: Zamazenta|def|1
|-unboost|p2a: Zamazenta|spd|1
|faint|p1a: Greninja
|
|upkeep
|
|t:|1757916753
|switch|p1a: Delphox|Delphox, F|100/100
|turn|10
|
|t:|1757916762
|move|p2a: Zamazenta|Crunch|p1a: Delphox
|-supereffective|p1a: Delphox
|-damage|p1a: Delphox|23/100
|move|p1a: Delphox|Trick|p2a: Zamazenta
|-activate|p1a: Delphox|move: Trick|[of] p2a: Zamazenta
|-item|p2a: Zamazenta|Choice Specs|[from] move: Trick
|-item|p1a: Delphox|Heavy-Duty Boots|[from] move: Trick
|
|upkeep
|turn|11
|
|t:|1757916768
|switch|p2a: Tyranitar|Tyranitar, F|100/100
|-weather|Sandstorm|[from] ability: Sand Stream|[of] p2a: Tyranitar
|move|p1a: Delphox|Psychic|p2a: Tyranitar
|-immune|p2a: Tyranitar
|
|-weather|Sandstorm|[upkeep]
|-damage|p1a: Delphox|17/100|[from] Sandstorm
|upkeep
|turn|12
|
|t:|1757916780
|move|p1a: Delphox|Scorching Sands|p2a: Tyranitar
|-supereffective|p2a: Tyranitar
|-damage|p2a: Tyranitar|73/100
|move|p2a: Tyranitar|Knock Off|p1a: Delphox
|-supereffective|p1a: Delphox
|-damage|p1a: Delphox|0 fnt
|-enditem|p1a: Delphox|Heavy-Duty Boots|[from] move: Knock Off|[of] p2a: Tyranitar
|faint|p1a: Delphox
|
|-weather|Sandstorm|[upkeep]
|upkeep
|
|t:|1757916785
|switch|p1a: Conkeldurr|Conkeldurr, M|100/100
|turn|13
|
|t:|1757916794
|move|p2a: Tyranitar|Knock Off|p1a: Conkeldurr
|-resisted|p1a: Conkeldurr
|-damage|p1a: Conkeldurr|79/100
|-enditem|p1a: Conkeldurr|Flame Orb|[from] move: Knock Off|[of] p2a: Tyranitar
|move|p1a: Conkeldurr|Drain Punch|p2a: Tyranitar
|-supereffective|p2a: Tyranitar
|-damage|p2a: Tyranitar|0 fnt
|-heal|p1a: Conkeldurr|100/100|[from] drain|[of] p2a: Tyranitar
|faint|p2a: Tyranitar
|
|-weather|Sandstorm|[upkeep]
|-damage|p1a: Conkeldurr|94/100|[from] Sandstorm
|upkeep
|
|t:|1757916805
|switch|p2a: Rillaboom|Rillaboom, M|100/100
|-fieldstart|move: Grassy Terrain|[from] ability: Grassy Surge|[of] p2a: Rillaboom
|turn|14
|
|t:|1757916809
|move|p2a: Rillaboom|Wood Hammer|p1a: Conkeldurr
|-damage|p1a: Conkeldurr|22/100
|-damage|p2a: Rillaboom|72/100|[from] Recoil
|move|p1a: Conkeldurr|Poison Jab|p2a: Rillaboom
|-supereffective|p2a: Rillaboom
|-damage|p2a: Rillaboom|5/100
|-status|p2a: Rillaboom|psn
|
|-weather|Sandstorm|[upkeep]
|-damage|p2a: Rillaboom|0 fnt|[from] Sandstorm
|-damage|p1a: Conkeldurr|16/100|[from] Sandstorm
|faint|p2a: Rillaboom
|-heal|p1a: Conkeldurr|22/100|[from] Grassy Terrain
|upkeep
|
|t:|1757916821
|switch|p2a: Zamazenta|Zamazenta|63/100
|turn|15
|
|t:|1757916827
|move|p1a: Conkeldurr|Mach Punch|p2a: Zamazenta
|-damage|p2a: Zamazenta|41/100
|move|p2a: Zamazenta|Close Combat|p1a: Conkeldurr
|-damage|p1a: Conkeldurr|0 fnt
|-unboost|p2a: Zamazenta|def|1
|-unboost|p2a: Zamazenta|spd|1
|faint|p1a: Conkeldurr
|
|win|sumumon
|raw|noahthebadplayer's rating: 1121 &rarr; <strong>1097</strong><br />(-24 for losing)
|raw|sumumon's rating: 1136 &rarr; <strong>1160</strong><br />(+24 for winning)
|l|☆noahthebadplayer
|player|p1|
|l|☆sumumon
|player|p2|
