|j|☆KichyKamaru
|j|☆GCSFDATG
|t:|1757955837
|gametype|singles
|player|p1|KichyKamaru|roxie|1009
|player|p2|GCSFDATG|scientist-gen4dp|1000
|gen|9
|tier|[Gen 9] OU
|rated|
|rule|HP Percentage Mod: HP is shown in percentages
|rule|Endless Battle Clause: Forcing endless battles is banned
|rule|Species Clause: Limit one of each Pokémon
|rule|OHKO Clause: OHKO moves are banned
|rule|Evasion Items Clause: Evasion items are banned
|rule|Evasion Moves Clause: Evasion moves are banned
|rule|Evasion Abilities Clause: Evasion abilities are banned
|rule|Sleep Moves Clause: Sleep-inducing moves are banned
|clearpoke
|poke|p1|Great Tusk|
|poke|p1|Ogerpon-Cornerstone, F|
|poke|p1|Slowking-Galar, M|
|poke|p1|Moltres|
|poke|p1|Samurott-Hisui, F|
|poke|p1|Gholdengo|
|poke|p2|Zapdos-Galar|
|poke|p2|Landorus-Therian, M|
|poke|p2|Dragapult, F|
|poke|p2|Slowking-Galar, M|
|poke|p2|Great Tusk|
|poke|p2|Alomomola, F|
|teampreview
|
|t:|1757955844
|teamsize|p1|6
|teamsize|p2|6
|start
|switch|p1a: Moltres|Moltres|100/100
|switch|p2a: Alomomola|Alomomola, F|100/100
|turn|1
|inactive|Battle timer is ON: inactive players will automatically lose when time's up. (requested by KichyKamaru)
|
|t:|1757955855
|-terastallize|p1a: Moltres|Grass
|move|p1a: Moltres|Will-O-Wisp|p2a: Alomomola
|-status|p2a: Alomomola|brn
|move|p2a: Alomomola|Flip Turn|p1a: Moltres
|-resisted|p1a: Moltres
|-damage|p1a: Moltres|97/100
|
|t:|1757955869
|switch|p2a: Zapdos|Zapdos-Galar|100/100|[from] Flip Turn
|
|upkeep
|turn|2
|
|t:|1757955875
|move|p2a: Zapdos|Brave Bird|p1a: Moltres
|-supereffective|p1a: Moltres
|-damage|p1a: Moltres|0 fnt
|-status|p2a: Zapdos|brn|[from] ability: Flame Body|[of] p1a: Moltres
|faint|p1a: Moltres
|-damage|p2a: Zapdos|62/100 brn|[from] Recoil
|
|-damage|p2a: Zapdos|56/100 brn|[from] brn
|upkeep
|
|t:|1757955885
|switch|p1a: Slowking|Slowking-Galar, M|100/100
|turn|3
|
|t:|1757955896
|move|p2a: Zapdos|Brave Bird|p1a: Slowking
|-damage|p1a: Slowking|50/100
|-damage|p2a: Zapdos|36/100 brn|[from] Recoil
|move|p1a: Slowking|Sludge Bomb|p2a: Zapdos
|-damage|p2a: Zapdos|0 fnt
|faint|p2a: Zapdos
|
|upkeep
|
|t:|1757955905
|switch|p2a: Dragapult|Dragapult, F|100/100
|turn|4
|
|t:|1757955918
|move|p2a: Dragapult|Draco Meteor|p1a: Slowking
|-damage|p1a: Slowking|0 fnt
|-unboost|p2a: Dragapult|spa|2
|faint|p1a: Slowking
|
|upkeep
|
|t:|1757955926
|switch|p1a: Gholdengo|Gholdengo|100/100
|turn|5
|
|t:|1757955930
|switch|p2a: Slowking|Slowking-Galar, M|100/100
|move|p1a: Gholdengo|Shadow Ball|p2a: Slowking
|-supereffective|p2a: Slowking
|-damage|p2a: Slowking|54/100
|
|upkeep
|turn|6
|
|t:|1757955938
|move|p1a: Gholdengo|Shadow Ball|p2a: Slowking
|-supereffective|p2a: Slowking
|-damage|p2a: Slowking|1/100
|-prepare|p2a: Slowking|Chilly Reception|[premajor]
|move|p2a: Slowking|Chilly Reception|p2a: Slowking
|-weather|Snowscape
|
|t:|1757955945
|switch|p2a: Landorus|Landorus-Therian, M|100/100|[from] Chilly Reception
|-ability|p2a: Landorus|Intimidate|boost
|-unboost|p1a: Gholdengo|atk|1
|
|-weather|Snowscape|[upkeep]
|upkeep
|turn|7
|
|t:|1757955955
|switch|p1a: Faible-Ivoire|Great Tusk|100/100
|-enditem|p1a: Faible-Ivoire|Booster Energy
|-activate|p1a: Faible-Ivoire|ability: Protosynthesis|[fromitem]
|-start|p1a: Faible-Ivoire|protosynthesisatk
|move|p2a: Landorus|Earthquake|p1a: Faible-Ivoire
|-damage|p1a: Faible-Ivoire|65/100
|
|-weather|Snowscape|[upkeep]
|upkeep
|turn|8
|
|t:|1757955973
|switch|p2a: Alomomola|Alomomola, F|100/100 brn
|move|p1a: Faible-Ivoire|Rapid Spin|p2a: Alomomola
|-crit|p2a: Alomomola
|-damage|p2a: Alomomola|82/100 brn
|-boost|p1a: Faible-Ivoire|spe|1
|
|-weather|Snowscape|[upkeep]
|-damage|p2a: Alomomola|76/100 brn|[from] brn
|upkeep
|turn|9
|
|t:|1757955996
|move|p1a: Faible-Ivoire|Rapid Spin|p2a: Alomomola
|-damage|p2a: Alomomola|64/100 brn
|-boost|p1a: Faible-Ivoire|spe|1
|move|p2a: Alomomola|Scald|p1a: Faible-Ivoire
|-supereffective|p1a: Faible-Ivoire
|-damage|p1a: Faible-Ivoire|26/100
|
|-weather|Snowscape|[upkeep]
|-damage|p2a: Alomomola|58/100 brn|[from] brn
|upkeep
|turn|10
|inactive|KichyKamaru has 120 seconds left.
|inactive|GCSFDATG has 120 seconds left.
|c|☆GCSFDATG|I was gonna say smartest player at this elo but that second spin killed that
|
|t:|1757956032
|move|p1a: Faible-Ivoire|Temper Flare|p2a: Alomomola
|-resisted|p2a: Alomomola
|-damage|p2a: Alomomola|49/100 brn
|move|p2a: Alomomola|Scald|p1a: Faible-Ivoire
|-supereffective|p1a: Faible-Ivoire
|-damage|p1a: Faible-Ivoire|0 fnt
|faint|p1a: Faible-Ivoire
|-end|p1a: Faible-Ivoire|Protosynthesis|[silent]
|
|-weather|none
|-damage|p2a: Alomomola|43/100 brn|[from] brn
|upkeep
|inactive|KichyKamaru has 120 seconds left.
|
|t:|1757956044
|switch|p1a: Ogerpon|Ogerpon-Cornerstone, F|100/100
|turn|11
|inactive|KichyKamaru has 120 seconds left.
|
|t:|1757956058
|switch|p2a: Landorus|Landorus-Therian, M|100/100
|-ability|p2a: Landorus|Intimidate|boost
|-unboost|p1a: Ogerpon|atk|1
|move|p1a: Ogerpon|Ivy Cudgel|p2a: Landorus|[anim] Ivy Cudgel Rock
|-damage|p2a: Landorus|74/100
|
|upkeep
|turn|12
|inactive|KichyKamaru has 120 seconds left.
|
|t:|1757956066
|move|p1a: Ogerpon|Trailblaze|p2a: Landorus
|-damage|p2a: Landorus|60/100
|-boost|p1a: Ogerpon|spe|1
|-damage|p1a: Ogerpon|84/100|[from] item: Rocky Helmet|[of] p2a: Landorus
|move|p2a: Landorus|U-turn|p1a: Ogerpon
|-supereffective|p1a: Ogerpon
|-crit|p1a: Ogerpon
|-damage|p1a: Ogerpon|1/100
|
|t:|1757956075
|switch|p2a: Alomomola|Alomomola, F|77/100 brn|[from] U-turn
|
|-damage|p2a: Alomomola|70/100 brn|[from] brn
|upkeep
|turn|13
|
|t:|1757956082
|move|p1a: Ogerpon|Trailblaze|p2a: Alomomola
|-supereffective|p2a: Alomomola
|-damage|p2a: Alomomola|49/100 brn
|-boost|p1a: Ogerpon|spe|1
|move|p2a: Alomomola|Wish|p2a: Alomomola
|
|-damage|p2a: Alomomola|43/100 brn|[from] brn
|upkeep
|turn|14
|
|t:|1757956092
|move|p1a: Ogerpon|Play Rough|p2a: Alomomola
|-damage|p2a: Alomomola|31/100 brn
|move|p2a: Alomomola|Flip Turn|p1a: Ogerpon
|-damage|p1a: Ogerpon|0 fnt
|faint|p1a: Ogerpon
|
|t:|1757956102
|switch|p2a: Landorus|Landorus-Therian, M|60/100|[from] Flip Turn
|
|-heal|p2a: Landorus|100/100|[from] move: Wish|[wisher] Alomomola
|upkeep
|
|t:|1757956109
|switch|p1a: Samurott|Samurott-Hisui, F|100/100
|turn|15
|
|t:|1757956116
|switch|p2a: Slowking|Slowking-Galar, M|34/100
|move|p1a: Samurott|Knock Off|p2a: Slowking
|-supereffective|p2a: Slowking
|-damage|p2a: Slowking|0 fnt
|-enditem|p2a: Slowking|Heavy-Duty Boots|[from] move: Knock Off|[of] p1a: Samurott
|faint|p2a: Slowking
|
|upkeep
|
|t:|1757956134
|switch|p2a: Alomomola|Alomomola, F|64/100 brn
|turn|16
|
|t:|1757956138
|move|p1a: Samurott|Knock Off|p2a: Alomomola
|-damage|p2a: Alomomola|42/100 brn
|-enditem|p2a: Alomomola|Heavy-Duty Boots|[from] move: Knock Off|[of] p1a: Samurott
|move|p2a: Alomomola|Wish|p2a: Alomomola
|
|-damage|p2a: Alomomola|36/100 brn|[from] brn
|upkeep
|turn|17
|
|t:|1757956147
|move|p1a: Samurott|Ceaseless Edge|p2a: Alomomola
|-damage|p2a: Alomomola|12/100 brn
|-sidestart|p2: GCSFDATG|Spikes
|move|p2a: Alomomola|Flip Turn|p1a: Samurott
|-resisted|p1a: Samurott
|-damage|p1a: Samurott|96/100
|
|t:|1757956153
|switch|p2a: Great Tusk|Great Tusk|100/100|[from] Flip Turn
|
|upkeep
|turn|18
|
|t:|1757956159
|move|p2a: Great Tusk|Rapid Spin|p1a: Samurott
|-damage|p1a: Samurott|72/100
|-boost|p2a: Great Tusk|spe|1
|-sideend|p2: GCSFDATG|Spikes|[from] move: Rapid Spin|[of] p2a: Great Tusk
|move|p1a: Samurott|Aqua Cutter|p2a: Great Tusk
|-supereffective|p2a: Great Tusk
|-damage|p2a: Great Tusk|30/100
|
|upkeep
|turn|19
|
|t:|1757956168
|move|p2a: Great Tusk|Headlong Rush|p1a: Samurott
|-damage|p1a: Samurott|0 fnt
|-unboost|p2a: Great Tusk|def|1
|-unboost|p2a: Great Tusk|spd|1
|faint|p1a: Samurott
|
|upkeep
|c|☆GCSFDATG|Gg
|
|t:|1757956173
|switch|p1a: Gholdengo|Gholdengo|100/100
|turn|20
|inactive|GCSFDATG has 120 seconds left.
|inactive|GCSFDATG has 90 seconds left.
|inactive|GCSFDATG has 60 seconds left.
|inactive|GCSFDATG has 30 seconds left.
|inactive|GCSFDATG has 20 seconds left.
|inactive|GCSFDATG has 15 seconds left.
|inactive|GCSFDATG has 10 seconds left.
|inactive|GCSFDATG has 5 seconds left.
|
|t:|1757956322
|move|p2a: Great Tusk|Headlong Rush|p1a: Gholdengo
|-supereffective|p1a: Gholdengo
|-damage|p1a: Gholdengo|0 fnt
|-unboost|p2a: Great Tusk|def|1
|-unboost|p2a: Great Tusk|spd|1
|faint|p1a: Gholdengo
|
|win|GCSFDATG
|raw|KichyKamaru's rating: 1009 &rarr; <strong>1000</strong><br />(-9 for losing)
|raw|GCSFDATG's rating: 1000 &rarr; <strong>1041</strong><br />(+41 for winning)
