|j|☆imgodslayer
|j|☆bananacrazy
|t:|1757868341
|gametype|singles
|player|p1|imgodslayer|benga|1429
|player|p2|bananacrazy|1|1424
|gen|9
|tier|[Gen 9] OU
|rated|
|rule|HP Percentage Mod: HP is shown in percentages
|rule|Endless Battle Clause: Forcing endless battles is banned
|rule|Species Clause: Limit one of each Pokémon
|rule|OHKO Clause: OHKO moves are banned
|rule|Evasion Items Clause: Evasion items are banned
|rule|Evasion Moves Clause: Evasion moves are banned
|rule|Evasion Abilities Clause: Evasion abilities are banned
|rule|Sleep Moves Clause: Sleep-inducing moves are banned
|clearpoke
|poke|p1|Araquanid, F|
|poke|p1|Pelipper, F|
|poke|p1|Raging Bolt|
|poke|p1|Great Tusk|
|poke|p1|Poliwrath, M|
|poke|p1|Goodra-Hisui, M|
|poke|p2|Iron Moth|
|poke|p2|Umbreon, F|
|poke|p2|Garchomp, M|
|poke|p2|Glimmora, F|
|poke|p2|Gholdengo|
|poke|p2|Dragonite, M|
|teampreview
|
|t:|1757868357
|teamsize|p1|6
|teamsize|p2|6
|start
|switch|p1a: Pelipper|Pelipper, F|100/100
|switch|p2a: Julia Jacklin|Glimmora, F|100/100
|-weather|RainDance|[from] ability: Drizzle|[of] p1a: Pelipper
|turn|1
|
|t:|1757868372
|move|p2a: Julia Jacklin|Stealth Rock|p1a: Pelipper
|-sidestart|p1: imgodslayer|move: Stealth Rock
|move|p1a: Pelipper|Weather Ball|p2a: Julia Jacklin
|-supereffective|p2a: Julia Jacklin
|-enditem|p2a: Julia Jacklin|Focus Sash
|-damage|p2a: Julia Jacklin|1/100
|
|-weather|RainDance|[upkeep]
|upkeep
|turn|2
|inactive|Battle timer is ON: inactive players will automatically lose when time's up. (requested by imgodslayer)
|
|t:|1757868380
|move|p2a: Julia Jacklin|Sludge Wave|p1a: Pelipper
|-damage|p1a: Pelipper|14/100
|move|p1a: Pelipper|U-turn|p2a: Julia Jacklin
|-resisted|p2a: Julia Jacklin
|-damage|p2a: Julia Jacklin|0 fnt
|-activate|p2a: Julia Jacklin|ability: Toxic Debris
|-sidestart|p1: imgodslayer|move: Toxic Spikes
|faint|p2a: Julia Jacklin
|
|t:|1757868410
|switch|p1a: Araquanid|Araquanid, F|100/100|[from] U-turn
|-damage|p1a: Araquanid|76/100|[from] Stealth Rock
|-status|p1a: Araquanid|psn
|
|-weather|RainDance|[upkeep]
|-damage|p1a: Araquanid|63/100 psn|[from] psn
|upkeep
|inactive|bananacrazy has 120 seconds left.
|
|t:|1757868458
|switch|p2a: Carly Rae|Iron Moth|100/100
|-enditem|p2a: Carly Rae|Booster Energy
|-activate|p2a: Carly Rae|ability: Quark Drive|[fromitem]
|-start|p2a: Carly Rae|quarkdrivespe
|turn|3
|
|t:|1757868462
|move|p2a: Carly Rae|Discharge|p1a: Araquanid
|-supereffective|p1a: Araquanid
|-damage|p1a: Araquanid|23/100 psn
|move|p1a: Araquanid|Liquidation|p2a: Carly Rae
|-supereffective|p2a: Carly Rae
|-damage|p2a: Carly Rae|0 fnt
|faint|p2a: Carly Rae
|-end|p2a: Carly Rae|Quark Drive|[silent]
|
|-weather|RainDance|[upkeep]
|-damage|p1a: Araquanid|11/100 psn|[from] psn
|upkeep
|
|t:|1757868470
|switch|p2a: Rat Tally|Garchomp, M|100/100
|turn|4
|
|t:|1757868489
|move|p2a: Rat Tally|Scale Shot|p1a: Araquanid
|-damage|p1a: Araquanid|0 fnt
|faint|p1a: Araquanid
|-hitcount|p1: Araquanid|1
|-unboost|p2a: Rat Tally|def|1
|-boost|p2a: Rat Tally|spe|1
|
|-weather|RainDance|[upkeep]
|upkeep
|
|t:|1757868493
|switch|p1a: Raging Bolt|Raging Bolt|100/100
|-damage|p1a: Raging Bolt|88/100|[from] Stealth Rock
|-status|p1a: Raging Bolt|psn
|-enditem|p1a: Raging Bolt|Booster Energy
|-activate|p1a: Raging Bolt|ability: Protosynthesis|[fromitem]
|-start|p1a: Raging Bolt|protosynthesisspa
|turn|5
|
|t:|1757868498
|-terastallize|p2a: Rat Tally|Electric
|-terastallize|p1a: Raging Bolt|Fairy
|move|p2a: Rat Tally|Swords Dance|p2a: Rat Tally
|-boost|p2a: Rat Tally|atk|2
|move|p1a: Raging Bolt|Dragon Pulse|p2a: Rat Tally
|-damage|p2a: Rat Tally|27/100
|
|-weather|RainDance|[upkeep]
|-heal|p2a: Rat Tally|33/100|[from] item: Leftovers
|-damage|p1a: Raging Bolt|76/100 psn|[from] psn
|upkeep
|turn|6
|
|t:|1757868508
|move|p1a: Raging Bolt|Thunderclap|p2a: Rat Tally
|-resisted|p2a: Rat Tally
|-damage|p2a: Rat Tally|4/100
|move|p2a: Rat Tally|Earthquake|p1a: Raging Bolt
|-damage|p1a: Raging Bolt|0 fnt
|faint|p1a: Raging Bolt
|-end|p1a: Raging Bolt|Protosynthesis|[silent]
|
|-weather|RainDance|[upkeep]
|-heal|p2a: Rat Tally|10/100|[from] item: Leftovers
|upkeep
|
|t:|1757868512
|switch|p1a: Poliwrath|Poliwrath, M|100/100
|-damage|p1a: Poliwrath|94/100|[from] Stealth Rock
|-status|p1a: Poliwrath|psn
|turn|7
|
|t:|1757868516
|move|p1a: Poliwrath|Liquidation|p2a: Rat Tally
|-damage|p2a: Rat Tally|0 fnt
|-damage|p1a: Poliwrath|82/100 psn|[from] ability: Rough Skin|[of] p2a: Rat Tally
|faint|p2a: Rat Tally
|
|-weather|RainDance|[upkeep]
|-damage|p1a: Poliwrath|69/100 psn|[from] psn
|upkeep
|
|t:|1757868521
|switch|p2a: Alvvays|Umbreon, F|100/100
|turn|8
|
|t:|1757868527
|switch|p1a: Goodra|Goodra-Hisui, M|100/100
|-damage|p1a: Goodra|94/100|[from] Stealth Rock
|move|p2a: Alvvays|Protect||[still]
|-fail|p2a: Alvvays
|
|-weather|none
|upkeep
|turn|9
|
|t:|1757868533
|move|p2a: Alvvays|Thunder Wave|p1a: Goodra
|-status|p1a: Goodra|par
|cant|p1a: Goodra|par
|
|upkeep
|turn|10
|
|t:|1757868537
|move|p2a: Alvvays|Foul Play|p1a: Goodra
|-damage|p1a: Goodra|68/100 par
|move|p1a: Goodra|Flash Cannon|p2a: Alvvays
|-damage|p2a: Alvvays|79/100
|
|-heal|p2a: Alvvays|85/100|[from] item: Leftovers
|upkeep
|turn|11
|
|t:|1757868543
|move|p2a: Alvvays|Wish|p2a: Alvvays
|move|p1a: Goodra|Flash Cannon|p2a: Alvvays
|-damage|p2a: Alvvays|65/100
|-unboost|p2a: Alvvays|spd|1
|
|-heal|p2a: Alvvays|71/100|[from] item: Leftovers
|upkeep
|turn|12
|
|t:|1757868548
|switch|p2a: Smino|Gholdengo|100/100
|cant|p1a: Goodra|par
|
|upkeep
|turn|13
|
|t:|1757868552
|move|p2a: Smino|Trick|p1a: Goodra
|-activate|p2a: Smino|move: Trick|[of] p1a: Goodra
|-item|p1a: Goodra|Choice Scarf|[from] move: Trick
|-item|p2a: Smino|Assault Vest|[from] move: Trick
|move|p1a: Goodra|Thunderbolt|p2a: Smino
|-damage|p2a: Smino|78/100
|
|upkeep
|turn|14
|
|t:|1757868557
|switch|p2a: Alvvays|Umbreon, F|71/100
|move|p1a: Goodra|Thunderbolt|p2a: Alvvays
|-damage|p2a: Alvvays|54/100
|-status|p2a: Alvvays|par
|
|-heal|p2a: Alvvays|60/100 par|[from] item: Leftovers
|upkeep
|turn|15
|
|t:|1757868561
|switch|p1a: Great Tusk|Great Tusk|100/100
|-damage|p1a: Great Tusk|98/100|[from] Stealth Rock
|-status|p1a: Great Tusk|psn
|move|p2a: Alvvays|Wish|p2a: Alvvays
|
|-heal|p2a: Alvvays|66/100 par|[from] item: Leftovers
|-damage|p1a: Great Tusk|85/100 psn|[from] psn
|upkeep
|turn|16
|
|t:|1757868565
|switch|p2a: Elucid|Dragonite, M|100/100
|move|p1a: Great Tusk|Stealth Rock|p2a: Elucid
|-sidestart|p2: bananacrazy|move: Stealth Rock
|
|-damage|p1a: Great Tusk|73/100 psn|[from] psn
|upkeep
|turn|17
|
|t:|1757868569
|move|p2a: Elucid|Dragon Dance|p2a: Elucid
|-boost|p2a: Elucid|atk|1
|-boost|p2a: Elucid|spe|1
|move|p1a: Great Tusk|Rapid Spin|p2a: Elucid
|-damage|p2a: Elucid|91/100
|-boost|p1a: Great Tusk|spe|1
|-sideend|p1: imgodslayer|Toxic Spikes|[from] move: Rapid Spin|[of] p1a: Great Tusk
|-sideend|p1: imgodslayer|Stealth Rock|[from] move: Rapid Spin|[of] p1a: Great Tusk
|
|-damage|p1a: Great Tusk|60/100 psn|[from] psn
|upkeep
|turn|18
|
|t:|1757868578
|move|p2a: Elucid|Ice Spinner|p1a: Great Tusk
|-supereffective|p1a: Great Tusk
|-damage|p1a: Great Tusk|6/100 psn
|-damage|p2a: Elucid|74/100|[from] item: Rocky Helmet|[of] p1a: Great Tusk
|move|p1a: Great Tusk|Roar|p2a: Elucid
|drag|p2a: Alvvays|Umbreon, F|66/100 par
|-damage|p2a: Alvvays|54/100 par|[from] Stealth Rock
|
|-heal|p2a: Alvvays|60/100 par|[from] item: Leftovers
|-damage|p1a: Great Tusk|0 fnt|[from] psn
|faint|p1a: Great Tusk
|-end|p1a: Great Tusk|Protosynthesis|[silent]
|upkeep
|
|t:|1757868585
|switch|p1a: Pelipper|Pelipper, F|14/100
|-weather|RainDance|[from] ability: Drizzle|[of] p1a: Pelipper
|turn|19
|
|t:|1757868590
|move|p1a: Pelipper|Weather Ball|p2a: Alvvays
|-damage|p2a: Alvvays|24/100 par
|cant|p2a: Alvvays|par
|
|-weather|RainDance|[upkeep]
|-heal|p2a: Alvvays|30/100 par|[from] item: Leftovers
|upkeep
|turn|20
|
|t:|1757868594
|cant|p2a: Alvvays|par
|move|p1a: Pelipper|Weather Ball|p2a: Alvvays
|-damage|p2a: Alvvays|0 fnt
|faint|p2a: Alvvays
|
|-weather|RainDance|[upkeep]
|upkeep
|
|t:|1757868598
|switch|p2a: Elucid|Dragonite, M|74/100
|turn|21
|
|t:|1757868602
|move|p2a: Elucid|Dragon Dance|p2a: Elucid
|-boost|p2a: Elucid|atk|1
|-boost|p2a: Elucid|spe|1
|move|p1a: Pelipper|U-turn|p2a: Elucid
|-resisted|p2a: Elucid
|-damage|p2a: Elucid|70/100
|
|t:|1757868604
|switch|p1a: Goodra|Goodra-Hisui, M|68/100 par|[from] U-turn
|
|-weather|RainDance|[upkeep]
|upkeep
|turn|22
|
|t:|1757868611
|move|p2a: Elucid|Dragon Dance|p2a: Elucid
|-boost|p2a: Elucid|atk|1
|-boost|p2a: Elucid|spe|1
|move|p1a: Goodra|Ice Beam|p2a: Elucid
|-supereffective|p2a: Elucid
|-damage|p2a: Elucid|0 fnt
|faint|p2a: Elucid
|
|-weather|RainDance|[upkeep]
|upkeep
|-message|bananacrazy forfeited.
|
|win|imgodslayer
|raw|imgodslayer's rating: 1429 &rarr; <strong>1449</strong><br />(+20 for winning)
|raw|bananacrazy's rating: 1424 &rarr; <strong>1404</strong><br />(-20 for losing)
|l|☆bananacrazy
|player|p2|
|l|☆imgodslayer
|player|p1|
