|j|☆ay cheu
|j|☆refind
|t:|1757848413
|gametype|singles
|player|p1|ay cheu|riley|1484
|player|p2|refind|elesa|1491
|gen|9
|tier|[Gen 9] OU
|rated|
|rule|HP Percentage Mod: HP is shown in percentages
|rule|Endless Battle Clause: Forcing endless battles is banned
|rule|Species Clause: Limit one of each Pokémon
|rule|OHKO Clause: OHKO moves are banned
|rule|Evasion Items Clause: Evasion items are banned
|rule|Evasion Moves Clause: Evasion moves are banned
|rule|Evasion Abilities Clause: Evasion abilities are banned
|rule|Sleep Moves Clause: Sleep-inducing moves are banned
|clearpoke
|poke|p1|Gallade, M|
|poke|p1|Araquanid, M|
|poke|p1|Gholdengo|
|poke|p1|Muk-Alola, M|
|poke|p1|Talonflame, M|
|poke|p1|Garchomp, M|
|poke|p2|Dragapult, F|
|poke|p2|Hatterene, F|
|poke|p2|Great Tusk|
|poke|p2|Kyurem|
|poke|p2|Iron Valiant|
|poke|p2|Slowking-Galar, M|
|teampreview
|inactive|Battle timer is ON: inactive players will automatically lose when time's up. (requested by ay cheu)
|
|t:|1757848426
|teamsize|p1|6
|teamsize|p2|6
|start
|switch|p1a: Gholdengo|Gholdengo|100/100
|switch|p2a: Kyurem|Kyurem|100/100
|-ability|p2a: Kyurem|Pressure
|turn|1
|
|t:|1757848454
|move|p1a: Gholdengo|Make It Rain|p2a: Kyurem
|-supereffective|p2a: Kyurem
|-damage|p2a: Kyurem|0 fnt
|-unboost|p1a: Gholdengo|spa|1
|faint|p2a: Kyurem
|
|upkeep
|
|t:|1757848462
|switch|p2a: Dragapult|Dragapult, F, shiny|100/100
|turn|2
|
|t:|1757848468
|switch|p1a: Muk|Muk-Alola, M|100/100
|move|p2a: Dragapult|Shadow Ball|p1a: Muk
|-resisted|p1a: Muk
|-damage|p1a: Muk|86/100
|
|-heal|p1a: Muk|92/100|[from] item: Leftovers
|upkeep
|turn|3
|
|t:|1757848474
|switch|p2a: Slowking|Slowking-Galar, M|100/100
|move|p1a: Muk|Knock Off|p2a: Slowking
|-supereffective|p2a: Slowking
|-damage|p2a: Slowking|22/100
|-enditem|p2a: Slowking|Heavy-Duty Boots|[from] move: Knock Off|[of] p1a: Muk
|
|-heal|p1a: Muk|98/100|[from] item: Leftovers
|upkeep
|turn|4
|
|t:|1757848484
|move|p1a: Muk|Knock Off|p2a: Slowking
|-supereffective|p2a: Slowking
|-damage|p2a: Slowking|0 fnt
|faint|p2a: Slowking
|
|-heal|p1a: Muk|100/100|[from] item: Leftovers
|upkeep
|
|t:|1757848488
|switch|p2a: Great Tusk|Great Tusk|100/100
|turn|5
|
|t:|1757848494
|switch|p1a: Araquanid|Araquanid, M|100/100
|move|p2a: Great Tusk|Knock Off|p1a: Araquanid
|-damage|p1a: Araquanid|77/100
|-enditem|p1a: Araquanid|Mystic Water|[from] move: Knock Off|[of] p2a: Great Tusk
|
|upkeep
|turn|6
|
|t:|1757848498
|-end|p2a: Great Tusk|Protosynthesis|[silent]
|switch|p2a: Hatterene|Hatterene, F|100/100
|move|p1a: Araquanid|Surf|p2a: Hatterene
|-damage|p2a: Hatterene|78/100
|
|upkeep
|turn|7
|
|t:|1757848504
|move|p2a: Hatterene|Nuzzle|p1a: Araquanid
|-supereffective|p1a: Araquanid
|-damage|p1a: Araquanid|71/100
|-status|p1a: Araquanid|par
|cant|p1a: Araquanid|par
|
|upkeep
|turn|8
|
|t:|1757848509
|switch|p2a: Dragapult|Dragapult, F, shiny|100/100
|switch|p1a: Muk|Muk-Alola, M|100/100
|
|upkeep
|turn|9
|
|t:|1757848513
|move|p2a: Dragapult|U-turn|p1a: Muk
|-damage|p1a: Muk|84/100
|
|t:|1757848517
|switch|p2a: Great Tusk|Great Tusk|100/100|[from] U-turn
|move|p1a: Muk|Knock Off|p2a: Great Tusk
|-resisted|p2a: Great Tusk
|-damage|p2a: Great Tusk|91/100
|-enditem|p2a: Great Tusk|Leftovers|[from] move: Knock Off|[of] p1a: Muk
|
|-heal|p1a: Muk|90/100|[from] item: Leftovers
|upkeep
|turn|10
|
|t:|1757848526
|switch|p1a: Talonflame|Talonflame, M|100/100
|move|p2a: Great Tusk|Headlong Rush|p1a: Talonflame
|-immune|p1a: Talonflame
|
|upkeep
|turn|11
|
|t:|1757848534
|-end|p2a: Great Tusk|Protosynthesis|[silent]
|switch|p2a: Dragapult|Dragapult, F, shiny|100/100
|move|p1a: Talonflame|Flamethrower|p2a: Dragapult
|-resisted|p2a: Dragapult
|-damage|p2a: Dragapult|83/100
|
|upkeep
|turn|12
|
|t:|1757848539
|move|p2a: Dragapult|Draco Meteor|p1a: Talonflame
|-damage|p1a: Talonflame|0 fnt
|-unboost|p2a: Dragapult|spa|2
|faint|p1a: Talonflame
|
|upkeep
|
|t:|1757848542
|switch|p1a: Araquanid|Araquanid, M|71/100 par
|turn|13
|
|t:|1757848547
|switch|p2a: Hatterene|Hatterene, F|78/100
|switch|p1a: Garchomp|Garchomp, M|100/100
|
|upkeep
|turn|14
|
|t:|1757848550
|-terastallize|p1a: Garchomp|Ground
|move|p1a: Garchomp|Earthquake|p2a: Hatterene
|-damage|p2a: Hatterene|0 fnt
|faint|p2a: Hatterene
|
|upkeep
|
|t:|1757848556
|switch|p2a: Dragapult|Dragapult, F, shiny|83/100
|turn|15
|
|t:|1757848561
|switch|p1a: Muk|Muk-Alola, M|90/100
|move|p2a: Dragapult|Shadow Ball|p1a: Muk
|-resisted|p1a: Muk
|-damage|p1a: Muk|73/100
|
|-heal|p1a: Muk|79/100|[from] item: Leftovers
|upkeep
|turn|16
|
|t:|1757848564
|switch|p2a: Iron Valiant|Iron Valiant|100/100
|-enditem|p2a: Iron Valiant|Booster Energy
|-activate|p2a: Iron Valiant|ability: Quark Drive|[fromitem]
|-start|p2a: Iron Valiant|quarkdrivespe
|move|p1a: Muk|Knock Off|p2a: Iron Valiant
|-resisted|p2a: Iron Valiant
|-damage|p2a: Iron Valiant|93/100
|
|-heal|p1a: Muk|85/100|[from] item: Leftovers
|upkeep
|turn|17
|
|t:|1757848572
|move|p2a: Iron Valiant|Encore|p1a: Muk
|-start|p1a: Muk|Encore
|move|p1a: Muk|Knock Off|p2a: Iron Valiant
|-resisted|p2a: Iron Valiant
|-damage|p2a: Iron Valiant|85/100
|-status|p2a: Iron Valiant|psn|[from] ability: Poison Touch|[of] p1a: Muk
|
|-heal|p1a: Muk|91/100|[from] item: Leftovers
|-damage|p2a: Iron Valiant|73/100 psn|[from] psn
|upkeep
|turn|18
|
|t:|1757848580
|switch|p1a: Araquanid|Araquanid, M|71/100 par
|move|p2a: Iron Valiant|Knock Off|p1a: Araquanid
|-damage|p1a: Araquanid|56/100 par
|
|-damage|p2a: Iron Valiant|60/100 psn|[from] psn
|upkeep
|turn|19
|
|t:|1757848586
|move|p2a: Iron Valiant|Thunderbolt|p1a: Araquanid
|-supereffective|p1a: Araquanid
|-damage|p1a: Araquanid|11/100 par
|cant|p1a: Araquanid|par
|
|-damage|p2a: Iron Valiant|48/100 psn|[from] psn
|upkeep
|turn|20
|
|t:|1757848591
|move|p2a: Iron Valiant|Moonblast|p1a: Araquanid
|-damage|p1a: Araquanid|0 fnt
|faint|p1a: Araquanid
|
|-damage|p2a: Iron Valiant|35/100 psn|[from] psn
|upkeep
|
|t:|1757848593
|switch|p1a: Muk|Muk-Alola, M|91/100
|turn|21
|
|t:|1757848595
|move|p2a: Iron Valiant|Moonblast|p1a: Muk
|-damage|p1a: Muk|65/100
|move|p1a: Muk|Gunk Shot|p2a: Iron Valiant
|-supereffective|p2a: Iron Valiant
|-damage|p2a: Iron Valiant|0 fnt
|faint|p2a: Iron Valiant
|-end|p2a: Iron Valiant|Quark Drive|[silent]
|
|-heal|p1a: Muk|71/100|[from] item: Leftovers
|upkeep
|
|t:|1757848598
|switch|p2a: Great Tusk|Great Tusk|91/100
|turn|22
|
|t:|1757848601
|move|p1a: Muk|Protect|p1a: Muk
|-singleturn|p1a: Muk|Protect
|move|p2a: Great Tusk|Headlong Rush|p1a: Muk
|-activate|p1a: Muk|move: Protect
|
|-heal|p1a: Muk|77/100|[from] item: Leftovers
|upkeep
|turn|23
|
|t:|1757848606
|switch|p1a: Gholdengo|Gholdengo|100/100
|move|p2a: Great Tusk|Headlong Rush|p1a: Gholdengo
|-supereffective|p1a: Gholdengo
|-damage|p1a: Gholdengo|0 fnt
|-unboost|p2a: Great Tusk|def|1
|-unboost|p2a: Great Tusk|spd|1
|faint|p1a: Gholdengo
|
|upkeep
|
|t:|1757848610
|switch|p1a: Gallade|Gallade, M|100/100
|turn|24
|
|t:|1757848619
|move|p1a: Gallade|Psycho Cut|p2a: Great Tusk
|-supereffective|p2a: Great Tusk
|-damage|p2a: Great Tusk|0 fnt
|faint|p2a: Great Tusk
|-end|p2a: Great Tusk|Protosynthesis|[silent]
|-damage|p1a: Gallade|91/100|[from] item: Life Orb
|
|upkeep
|
|t:|1757848622
|switch|p2a: Dragapult|Dragapult, F, shiny|83/100
|turn|25
|-message|refind forfeited.
|
|win|ay cheu
|raw|ay cheu's rating: 1484 &rarr; <strong>1504</strong><br />(+20 for winning)
|raw|refind's rating: 1491 &rarr; <strong>1471</strong><br />(-20 for losing)
|l|☆refind
|player|p2|
