|inactive|Battle timer is ON: inactive players will automatically lose when time's up.
|t:|1757808277
|gametype|singles
|player|p1|JojoOui|hilbert|
|player|p2|DripLegend|#wcop2025usmidwest2|
|gen|9
|tier|[Gen 9] OU
|rule|HP Percentage Mod: HP is shown in percentages
|rule|Endless Battle Clause: Forcing endless battles is banned
|rule|Species Clause: Limit one of each Pokémon
|rule|OHKO Clause: OHKO moves are banned
|rule|Evasion Items Clause: Evasion items are banned
|rule|Evasion Moves Clause: Evasion moves are banned
|rule|Evasion Abilities Clause: Evasion abilities are banned
|rule|Sleep Moves Clause: Sleep-inducing moves are banned
|clearpoke
|poke|p1|Dragapult, F|
|poke|p1|Lokix, M|
|poke|p1|Corviknight, M|
|poke|p1|Clefable, M|
|poke|p1|Ting-Lu|
|poke|p1|Gliscor, M|
|poke|p2|Dragonite, M|
|poke|p2|Landorus-Therian, M|
|poke|p2|Hatterene, F|
|poke|p2|Volcanion|
|poke|p2|Kingambit, M|
|poke|p2|Zamazenta-*|
|teampreview
|c|☆DripLegend|hf
|c|☆JojoOui|hf
|inactive|JojoOui has 270 seconds left.
|inactive|DripLegend has 270 seconds left.
|inactive|JojoOui has 240 seconds left.
|inactive|DripLegend has 240 seconds left.
|
|t:|1757808348
|teamsize|p1|6
|teamsize|p2|6
|start
|switch|p1a: Dragapult|Dragapult, F|100/100
|switch|p2a: Hatterene|Hatterene, F|100/100
|turn|1
|c|+pousspouss|allez jojo 
|inactive|JojoOui has 270 seconds left.
|inactive|JojoOui has 240 seconds left.
|
|t:|1757808434
|move|p1a: Dragapult|U-turn|p2a: Hatterene
|-damage|p2a: Hatterene|86/100
|inactive|JojoOui has 210 seconds left.
|
|t:|1757808463
|switch|p1a: Gliscor|Gliscor, M|100/100|[from] U-turn
|move|p2a: Hatterene|Nuzzle|p1a: Gliscor
|-immune|p1a: Gliscor
|
|-heal|p2a: Hatterene|92/100|[from] item: Leftovers
|-status|p1a: Gliscor|tox|[from] item: Toxic Orb
|upkeep
|turn|2
|
|t:|1757808480
|switch|p2a: Landorus|Landorus-Therian, M|100/100
|-ability|p2a: Landorus|Intimidate|boost
|-unboost|p1a: Gliscor|atk|1
|move|p1a: Gliscor|Swords Dance|p1a: Gliscor
|-boost|p1a: Gliscor|atk|2
|
|upkeep
|turn|3
|
|t:|1757808486
|move|p1a: Gliscor|Facade|p2a: Landorus
|-damage|p2a: Landorus|55/100
|-damage|p1a: Gliscor|84/100 tox|[from] item: Rocky Helmet|[of] p2a: Landorus
|move|p2a: Landorus|Stealth Rock|p1a: Gliscor
|-sidestart|p1: JojoOui|move: Stealth Rock
|
|-heal|p1a: Gliscor|96/100 tox|[from] ability: Poison Heal
|upkeep
|turn|4
|inactive|JojoOui has 210 seconds left.
|
|t:|1757808492
|move|p1a: Gliscor|Facade|p2a: Landorus
|-damage|p2a: Landorus|7/100
|-damage|p1a: Gliscor|80/100 tox|[from] item: Rocky Helmet|[of] p2a: Landorus
|move|p2a: Landorus|U-turn|p1a: Gliscor
|-resisted|p1a: Gliscor
|-damage|p1a: Gliscor|72/100 tox
|inactive|DripLegend has 270 seconds left.
|
|t:|1757808550
|switch|p2a: Zamazenta|Zamazenta|100/100|[from] U-turn
|-ability|p2a: Zamazenta|Dauntless Shield|boost
|-boost|p2a: Zamazenta|def|1
|
|-heal|p1a: Gliscor|84/100 tox|[from] ability: Poison Heal
|upkeep
|turn|5
|
|t:|1757808556
|move|p1a: Gliscor|Protect|p1a: Gliscor
|-singleturn|p1a: Gliscor|Protect
|move|p2a: Zamazenta|Roar|p1a: Gliscor
|drag|p1a: Clefable|Clefable, M|100/100
|
|upkeep
|turn|6
|
|t:|1757808567
|switch|p2a: Volcanion|Volcanion|100/100
|switch|p1a: Dragapult|Dragapult, F|100/100
|
|upkeep
|turn|7
|inactive|DripLegend has 240 seconds left.
|inactive|JojoOui has 210 seconds left.
|
|t:|1757808622
|move|p1a: Dragapult|Shadow Ball|p2a: Volcanion
|-damage|p2a: Volcanion|63/100
|move|p2a: Volcanion|Earth Power|p1a: Dragapult
|-damage|p1a: Dragapult|50/100
|
|upkeep
|turn|8
|inactive|DripLegend has 210 seconds left.
|inactive|JojoOui has 180 seconds left.
|inactive|JojoOui has 150 seconds left.
|
|t:|1757808684
|switch|p2a: Landorus|Landorus-Therian, M|7/100
|-ability|p2a: Landorus|Intimidate|boost
|-unboost|p1a: Dragapult|atk|1
|move|p1a: Dragapult|Draco Meteor|p2a: Landorus|[miss]
|-miss|p1a: Dragapult|p2a: Landorus
|
|upkeep
|turn|9
|inactive|DripLegend has 180 seconds left.
|
|t:|1757808712
|move|p1a: Dragapult|Shadow Ball|p2a: Landorus
|-damage|p2a: Landorus|0 fnt
|faint|p2a: Landorus
|
|upkeep
|
|t:|1757808719
|switch|p2a: Hatterene|Hatterene, F|92/100
|turn|10
|inactive|JojoOui has 150 seconds left.
|
|t:|1757808768
|move|p1a: Dragapult|U-turn|p2a: Hatterene
|-damage|p2a: Hatterene|83/100
|inactive|JojoOui has 120 seconds left.
|
|t:|1757808792
|switch|p1a: Ting-Lu|Ting-Lu|100/100|[from] U-turn
|-damage|p1a: Ting-Lu|94/100|[from] Stealth Rock
|-ability|p1a: Ting-Lu|Vessel of Ruin
|move|p2a: Hatterene|Draining Kiss|p1a: Ting-Lu
|-supereffective|p1a: Ting-Lu
|-damage|p1a: Ting-Lu|74/100
|-heal|p2a: Hatterene|100/100|[from] drain|[of] p1a: Ting-Lu
|
|-heal|p1a: Ting-Lu|80/100|[from] item: Leftovers
|upkeep
|turn|11
|inactive|JojoOui has 120 seconds left.
|inactive|DripLegend has 180 seconds left.
|
|t:|1757808819
|switch|p2a: Volcanion|Volcanion|63/100
|move|p1a: Ting-Lu|Ruination|p2a: Volcanion|[miss]
|-miss|p1a: Ting-Lu|p2a: Volcanion
|
|-heal|p1a: Ting-Lu|86/100|[from] item: Leftovers
|upkeep
|turn|12
|inactive|JojoOui has 120 seconds left.
|
|t:|1757808832
|-terastallize|p1a: Ting-Lu|Water
|move|p2a: Volcanion|Steam Eruption|p1a: Ting-Lu
|-resisted|p1a: Ting-Lu
|-damage|p1a: Ting-Lu|75/100
|-status|p1a: Ting-Lu|brn
|move|p1a: Ting-Lu|Earthquake|p2a: Volcanion
|-supereffective|p2a: Volcanion
|-enditem|p2a: Volcanion|Shuca Berry|[eat]
|-enditem|p2a: Volcanion|Shuca Berry|[weaken]
|-damage|p2a: Volcanion|46/100
|
|-heal|p1a: Ting-Lu|81/100 brn|[from] item: Leftovers
|-damage|p1a: Ting-Lu|75/100 brn|[from] brn
|upkeep
|turn|13
|inactive|JojoOui has 120 seconds left.
|
|t:|1757808848
|switch|p2a: Hatterene|Hatterene, F|100/100
|move|p1a: Ting-Lu|Stealth Rock|p2a: Hatterene
|move|p2a: Hatterene|Stealth Rock||[from] ability: Magic Bounce|[still]
|-fail|p2a: Hatterene
|
|-heal|p1a: Ting-Lu|81/100 brn|[from] item: Leftovers
|-damage|p1a: Ting-Lu|75/100 brn|[from] brn
|upkeep
|turn|14
|
|t:|1757808854
|move|p1a: Ting-Lu|Ruination|p2a: Hatterene
|-damage|p2a: Hatterene|50/100
|move|p2a: Hatterene|Calm Mind|p2a: Hatterene
|-boost|p2a: Hatterene|spa|1
|-boost|p2a: Hatterene|spd|1
|
|-heal|p1a: Ting-Lu|81/100 brn|[from] item: Leftovers
|-heal|p2a: Hatterene|56/100|[from] item: Leftovers
|-damage|p1a: Ting-Lu|75/100 brn|[from] brn
|upkeep
|turn|15
|
|t:|1757808863
|move|p1a: Ting-Lu|Ruination|p2a: Hatterene
|-damage|p2a: Hatterene|28/100
|move|p2a: Hatterene|Draining Kiss|p1a: Ting-Lu
|-damage|p1a: Ting-Lu|60/100 brn
|-heal|p2a: Hatterene|46/100|[from] drain|[of] p1a: Ting-Lu
|
|-heal|p1a: Ting-Lu|66/100 brn|[from] item: Leftovers
|-heal|p2a: Hatterene|52/100|[from] item: Leftovers
|-damage|p1a: Ting-Lu|60/100 brn|[from] brn
|upkeep
|turn|16
|
|t:|1757808871
|move|p1a: Ting-Lu|Ruination|p2a: Hatterene
|-damage|p2a: Hatterene|26/100
|move|p2a: Hatterene|Draining Kiss|p1a: Ting-Lu
|-damage|p1a: Ting-Lu|47/100 brn
|-heal|p2a: Hatterene|42/100|[from] drain|[of] p1a: Ting-Lu
|
|-heal|p1a: Ting-Lu|53/100 brn|[from] item: Leftovers
|-heal|p2a: Hatterene|48/100|[from] item: Leftovers
|-damage|p1a: Ting-Lu|47/100 brn|[from] brn
|upkeep
|turn|17
|inactive|DripLegend has 210 seconds left.
|
|t:|1757808880
|move|p1a: Ting-Lu|Ruination|p2a: Hatterene
|-damage|p2a: Hatterene|24/100
|move|p2a: Hatterene|Draining Kiss|p1a: Ting-Lu
|-damage|p1a: Ting-Lu|32/100 brn
|-heal|p2a: Hatterene|42/100|[from] drain|[of] p1a: Ting-Lu
|
|-heal|p1a: Ting-Lu|38/100 brn|[from] item: Leftovers
|-heal|p2a: Hatterene|48/100|[from] item: Leftovers
|-damage|p1a: Ting-Lu|32/100 brn|[from] brn
|upkeep
|turn|18
|
|t:|1757808888
|move|p1a: Ting-Lu|Ruination|p2a: Hatterene
|-damage|p2a: Hatterene|24/100
|move|p2a: Hatterene|Draining Kiss|p1a: Ting-Lu
|-damage|p1a: Ting-Lu|18/100 brn
|-heal|p2a: Hatterene|41/100|[from] drain|[of] p1a: Ting-Lu
|
|-heal|p1a: Ting-Lu|24/100 brn|[from] item: Leftovers
|-heal|p2a: Hatterene|47/100|[from] item: Leftovers
|-damage|p1a: Ting-Lu|18/100 brn|[from] brn
|upkeep
|turn|19
|
|t:|1757808896
|move|p1a: Ting-Lu|Ruination|p2a: Hatterene|[miss]
|-miss|p1a: Ting-Lu|p2a: Hatterene
|move|p2a: Hatterene|Calm Mind|p2a: Hatterene
|-boost|p2a: Hatterene|spa|1
|-boost|p2a: Hatterene|spd|1
|
|-heal|p1a: Ting-Lu|24/100 brn|[from] item: Leftovers
|-heal|p2a: Hatterene|53/100|[from] item: Leftovers
|-damage|p1a: Ting-Lu|18/100 brn|[from] brn
|upkeep
|turn|20
|
|t:|1757808901
|move|p1a: Ting-Lu|Ruination|p2a: Hatterene
|-damage|p2a: Hatterene|27/100
|move|p2a: Hatterene|Draining Kiss|p1a: Ting-Lu
|-damage|p1a: Ting-Lu|0 fnt
|-heal|p2a: Hatterene|48/100|[from] drain|[of] p1a: Ting-Lu
|faint|p1a: Ting-Lu
|
|-heal|p2a: Hatterene|54/100|[from] item: Leftovers
|upkeep
|
|t:|1757808910
|switch|p1a: Lokix|Lokix, M|100/100
|turn|21
|inactive|JojoOui has 180 seconds left.
|inactive|DripLegend has 240 seconds left.
|
|t:|1757808922
|move|p1a: Lokix|U-turn|p2a: Hatterene
|-damage|p2a: Hatterene|27/100
|
|t:|1757808925
|switch|p1a: Corviknight|Corviknight, M|100/100|[from] U-turn
|-damage|p1a: Corviknight|88/100|[from] Stealth Rock
|-ability|p1a: Corviknight|Pressure
|move|p2a: Hatterene|Draining Kiss|p1a: Corviknight
|-resisted|p1a: Corviknight
|-damage|p1a: Corviknight|67/100
|-heal|p2a: Hatterene|47/100|[from] drain|[of] p1a: Corviknight
|
|-heal|p1a: Corviknight|73/100|[from] item: Leftovers
|-heal|p2a: Hatterene|53/100|[from] item: Leftovers
|upkeep
|turn|22
|inactive|JojoOui has 180 seconds left.
|inactive|DripLegend has 240 seconds left.
|
|t:|1757808964
|move|p1a: Corviknight|U-turn|p2a: Hatterene
|-damage|p2a: Hatterene|42/100
|
|t:|1757808971
|switch|p1a: Lokix|Lokix, M|100/100|[from] U-turn
|move|p2a: Hatterene|Nuzzle|p1a: Lokix
|-damage|p1a: Lokix|95/100
|-status|p1a: Lokix|par
|
|-heal|p2a: Hatterene|48/100|[from] item: Leftovers
|upkeep
|turn|23
|inactive|DripLegend has 240 seconds left.
|inactive|JojoOui has 150 seconds left.
|
|t:|1757809002
|move|p1a: Lokix|Knock Off|p2a: Hatterene
|-damage|p2a: Hatterene|13/100
|-enditem|p2a: Hatterene|Leftovers|[from] move: Knock Off|[of] p1a: Lokix
|move|p2a: Hatterene|Draining Kiss|p1a: Lokix
|-supereffective|p1a: Lokix
|-damage|p1a: Lokix|0 fnt
|-heal|p2a: Hatterene|76/100|[from] drain|[of] p1a: Lokix
|faint|p1a: Lokix
|
|upkeep
|
|t:|1757809006
|switch|p1a: Clefable|Clefable, M|100/100
|turn|24
|
|t:|1757809010
|move|p1a: Clefable|Calm Mind|p1a: Clefable
|-boost|p1a: Clefable|spa|1
|-boost|p1a: Clefable|spd|1
|move|p2a: Hatterene|Nuzzle|p1a: Clefable
|-damage|p1a: Clefable|97/100
|-status|p1a: Clefable|par
|
|-heal|p1a: Clefable|100/100 par|[from] item: Leftovers
|upkeep
|turn|25
|
|t:|1757809013
|move|p2a: Hatterene|Psychic Noise|p1a: Clefable
|-damage|p1a: Clefable|55/100 par
|-start|p1a: Clefable|move: Heal Block
|move|p1a: Clefable|Moonblast|p2a: Hatterene
|-damage|p2a: Hatterene|51/100
|
|upkeep
|turn|26
|
|t:|1757809022
|move|p2a: Hatterene|Draining Kiss|p1a: Clefable
|-damage|p1a: Clefable|25/100 par
|-heal|p2a: Hatterene|78/100|[from] drain|[of] p1a: Clefable
|move|p1a: Clefable|Moonblast|p2a: Hatterene
|-damage|p2a: Hatterene|52/100
|
|-end|p1a: Clefable|move: Heal Block
|upkeep
|turn|27
|
|t:|1757809025
|move|p2a: Hatterene|Draining Kiss|p1a: Clefable
|-damage|p1a: Clefable|0 fnt
|-heal|p2a: Hatterene|75/100|[from] drain|[of] p1a: Clefable
|faint|p1a: Clefable
|
|upkeep
|c|☆JojoOui|gg
|-message|JojoOui forfeited.
|
|win|DripLegend
|c|☆DripLegend|gg
