|j|☆appleuser3000
|j|☆zticma
|t:|1757893675
|gametype|singles
|player|p1|appleuser3000|marley|1162
|player|p2|zticma|102|1213
|gen|9
|tier|[Gen 9] OU
|rated|
|rule|HP Percentage Mod: HP is shown in percentages
|rule|Endless Battle Clause: Forcing endless battles is banned
|rule|Species Clause: Limit one of each Pokémon
|rule|OHKO Clause: OHKO moves are banned
|rule|Evasion Items Clause: Evasion items are banned
|rule|Evasion Moves Clause: Evasion moves are banned
|rule|Evasion Abilities Clause: Evasion abilities are banned
|rule|Sleep Moves Clause: Sleep-inducing moves are banned
|clearpoke
|poke|p1|Gliscor, M|
|poke|p1|Gholdengo|
|poke|p1|Garganacl, M|
|poke|p1|Great Tusk|
|poke|p1|Raging Bolt|
|poke|p1|Moltres|
|poke|p2|Slowking-Galar, F|
|poke|p2|Great Tusk|
|poke|p2|Dragapult, M|
|poke|p2|Rillaboom, M|
|poke|p2|Primarina, F|
|poke|p2|Corviknight, M|
|teampreview
|inactive|Battle timer is ON: inactive players will automatically lose when time's up. (requested by zticma)
|inactive|appleuser3000 also wants the timer to be on.
|inactive|appleuser3000 has 120 seconds left.
|
|t:|1757893718
|teamsize|p1|6
|teamsize|p2|6
|start
|switch|p1a: itsumaki|Gliscor, M, shiny|100/100
|switch|p2a: Primarina|Primarina, F|100/100
|turn|1
|
|t:|1757893732
|-terastallize|p1a: itsumaki|Water
|move|p1a: itsumaki|Knock Off|p2a: Primarina
|-resisted|p2a: Primarina
|-damage|p2a: Primarina|87/100
|-enditem|p2a: Primarina|Assault Vest|[from] move: Knock Off|[of] p1a: itsumaki
|move|p2a: Primarina|Moonblast|p1a: itsumaki
|-damage|p1a: itsumaki|60/100
|-unboost|p1a: itsumaki|spa|1
|
|-status|p1a: itsumaki|tox|[from] item: Toxic Orb
|upkeep
|turn|2
|
|t:|1757893741
|move|p1a: itsumaki|Stealth Rock|p2a: Primarina
|-sidestart|p2: zticma|move: Stealth Rock
|move|p2a: Primarina|Flip Turn|p1a: itsumaki
|-resisted|p1a: itsumaki
|-damage|p1a: itsumaki|55/100 tox
|
|t:|1757893744
|switch|p2a: Rillaboom|Rillaboom, M|100/100|[from] Flip Turn
|-damage|p2a: Rillaboom|88/100|[from] Stealth Rock
|-fieldstart|move: Grassy Terrain|[from] ability: Grassy Surge|[of] p2a: Rillaboom
|
|-heal|p2a: Rillaboom|94/100|[from] Grassy Terrain
|-heal|p1a: itsumaki|61/100 tox|[from] Grassy Terrain
|-heal|p1a: itsumaki|73/100 tox|[from] ability: Poison Heal
|upkeep
|turn|3
|
|t:|1757893749
|switch|p1a: ryomen sukuna|Moltres, shiny|100/100
|move|p2a: Rillaboom|Knock Off|p1a: ryomen sukuna
|-damage|p1a: ryomen sukuna|60/100
|-enditem|p1a: ryomen sukuna|Heavy-Duty Boots|[from] move: Knock Off|[of] p2a: Rillaboom
|
|-heal|p2a: Rillaboom|100/100|[from] Grassy Terrain
|upkeep
|turn|4
|
|t:|1757893757
|switch|p2a: Slowking|Slowking-Galar, F, shiny|100/100
|move|p1a: ryomen sukuna|Roost|p1a: ryomen sukuna
|-heal|p1a: ryomen sukuna|100/100
|-singleturn|p1a: ryomen sukuna|move: Roost
|
|upkeep
|turn|5
|
|t:|1757893764
|switch|p1a: satoru gojo|Garganacl, M, shiny|100/100
|move|p2a: Slowking|Future Sight|p1a: satoru gojo
|-start|p2a: Slowking|move: Future Sight
|
|upkeep
|turn|6
|
|t:|1757893769
|move|p1a: satoru gojo|Salt Cure|p2a: Slowking
|-damage|p2a: Slowking|86/100
|-start|p2a: Slowking|Salt Cure
|-prepare|p2a: Slowking|Chilly Reception|[premajor]
|move|p2a: Slowking|Chilly Reception|p2a: Slowking
|-weather|Snowscape
|
|t:|1757893780
|switch|p2a: Primarina|Primarina, F|87/100|[from] Chilly Reception
|-damage|p2a: Primarina|75/100|[from] Stealth Rock
|
|-weather|Snowscape|[upkeep]
|-heal|p2a: Primarina|81/100|[from] Grassy Terrain
|-fieldend|move: Grassy Terrain
|upkeep
|turn|7
|
|t:|1757893787
|move|p2a: Primarina|Surf|p1a: satoru gojo
|-supereffective|p1a: satoru gojo
|-damage|p1a: satoru gojo|7/100
|move|p1a: satoru gojo|Salt Cure|p2a: Primarina
|-damage|p2a: Primarina|65/100
|-start|p2a: Primarina|Salt Cure
|
|-weather|Snowscape|[upkeep]
|-end|p1a: satoru gojo|move: Future Sight
|-damage|p1a: satoru gojo|0 fnt
|faint|p1a: satoru gojo
|-damage|p2a: Primarina|40/100|[from] Salt Cure
|upkeep
|
|t:|1757893795
|switch|p1a: mr steal yo girl|Gholdengo, shiny|100/100
|turn|8
|
|t:|1757893800
|move|p1a: mr steal yo girl|Make It Rain|p2a: Primarina
|-damage|p2a: Primarina|0 fnt
|-unboost|p1a: mr steal yo girl|spa|1
|faint|p2a: Primarina
|
|-weather|Snowscape|[upkeep]
|upkeep
|
|t:|1757893803
|switch|p2a: Great Tusk|Great Tusk|100/100
|-damage|p2a: Great Tusk|98/100|[from] Stealth Rock
|turn|9
|
|t:|1757893807
|switch|p1a: yuji itadori|Great Tusk, shiny|100/100
|move|p2a: Great Tusk|Stealth Rock|p1a: yuji itadori
|-sidestart|p1: appleuser3000|move: Stealth Rock
|
|-weather|Snowscape|[upkeep]
|-heal|p2a: Great Tusk|100/100|[from] item: Leftovers
|upkeep
|turn|10
|
|t:|1757893819
|move|p2a: Great Tusk|Rapid Spin|p1a: yuji itadori
|-damage|p1a: yuji itadori|89/100
|-boost|p2a: Great Tusk|spe|1
|-sideend|p2: zticma|Stealth Rock|[from] move: Rapid Spin|[of] p2a: Great Tusk
|move|p1a: yuji itadori|Knock Off|p2a: Great Tusk
|-resisted|p2a: Great Tusk
|-damage|p2a: Great Tusk|91/100
|-enditem|p2a: Great Tusk|Leftovers|[from] move: Knock Off|[of] p1a: yuji itadori
|
|-weather|none
|upkeep
|turn|11
|
|t:|1757893823
|-end|p2a: Great Tusk|Protosynthesis|[silent]
|switch|p2a: Dragapult|Dragapult, M, shiny|100/100
|move|p1a: yuji itadori|Rapid Spin|p2a: Dragapult
|-immune|p2a: Dragapult
|
|upkeep
|turn|12
|
|t:|1757893828
|-end|p1a: yuji itadori|Protosynthesis|[silent]
|switch|p1a: itsumaki|Gliscor, M, shiny, tera:Water|73/100 tox
|-damage|p1a: itsumaki|61/100 tox|[from] Stealth Rock
|move|p2a: Dragapult|Draco Meteor|p1a: itsumaki
|-damage|p1a: itsumaki|0 fnt
|-unboost|p2a: Dragapult|spa|2
|faint|p1a: itsumaki
|
|upkeep
|
|t:|1757893832
|switch|p1a: yuji itadori|Great Tusk, shiny|89/100
|turn|13
|
|t:|1757893840
|switch|p2a: Rillaboom|Rillaboom, M|100/100
|-fieldstart|move: Grassy Terrain|[from] ability: Grassy Surge|[of] p2a: Rillaboom
|move|p1a: yuji itadori|Rapid Spin|p2a: Rillaboom
|-damage|p2a: Rillaboom|85/100
|-boost|p1a: yuji itadori|spe|1
|-sideend|p1: appleuser3000|Stealth Rock|[from] move: Rapid Spin|[of] p1a: yuji itadori
|
|-heal|p1a: yuji itadori|95/100|[from] Grassy Terrain
|-heal|p2a: Rillaboom|91/100|[from] Grassy Terrain
|upkeep
|turn|14
|
|t:|1757893849
|-end|p1a: yuji itadori|Protosynthesis|[silent]
|switch|p1a: ryomen sukuna|Moltres, shiny|100/100
|switch|p2a: Corviknight|Corviknight, M|100/100
|-ability|p2a: Corviknight|Pressure
|
|upkeep
|turn|15
|
|t:|1757893854
|switch|p2a: Slowking|Slowking-Galar, F, shiny|100/100
|move|p1a: ryomen sukuna|Will-O-Wisp|p2a: Slowking
|-status|p2a: Slowking|brn
|
|-damage|p2a: Slowking|94/100 brn|[from] brn
|upkeep
|turn|16
|
|t:|1757893857
|move|p1a: ryomen sukuna|U-turn|p2a: Slowking
|-damage|p2a: Slowking|79/100 brn
|
|t:|1757893860
|switch|p1a: mr steal yo girl|Gholdengo, shiny|100/100|[from] U-turn
|move|p2a: Slowking|Future Sight|p1a: mr steal yo girl
|-start|p2a: Slowking|move: Future Sight
|
|-heal|p2a: Slowking|86/100 brn|[from] Grassy Terrain
|-damage|p2a: Slowking|79/100 brn|[from] brn
|upkeep
|turn|17
|
|t:|1757893867
|move|p1a: mr steal yo girl|Shadow Ball|p2a: Slowking
|-supereffective|p2a: Slowking
|-damage|p2a: Slowking|29/100 brn
|-prepare|p2a: Slowking|Chilly Reception|[premajor]
|move|p2a: Slowking|Chilly Reception|p2a: Slowking
|-weather|Snowscape
|
|t:|1757893876
|switch|p2a: Great Tusk|Great Tusk|91/100|[from] Chilly Reception
|
|-weather|Snowscape|[upkeep]
|-heal|p2a: Great Tusk|97/100|[from] Grassy Terrain
|-fieldend|move: Grassy Terrain
|upkeep
|turn|18
|
|t:|1757893879
|switch|p1a: ryomen sukuna|Moltres, shiny|100/100
|move|p2a: Great Tusk|Stealth Rock|p1a: ryomen sukuna
|-sidestart|p1: appleuser3000|move: Stealth Rock
|
|-weather|Snowscape|[upkeep]
|-end|p1a: ryomen sukuna|move: Future Sight
|-damage|p1a: ryomen sukuna|63/100
|upkeep
|turn|19
|
|t:|1757893884
|-end|p2a: Great Tusk|Protosynthesis|[silent]
|switch|p2a: Slowking|Slowking-Galar, F, shiny|62/100 brn
|move|p1a: ryomen sukuna|Roost|p1a: ryomen sukuna
|-heal|p1a: ryomen sukuna|100/100
|-singleturn|p1a: ryomen sukuna|move: Roost
|
|-weather|Snowscape|[upkeep]
|-damage|p2a: Slowking|56/100 brn|[from] brn
|upkeep
|turn|20
|
|t:|1757893891
|move|p1a: ryomen sukuna|Flamethrower|p2a: Slowking
|-damage|p2a: Slowking|35/100 brn
|-prepare|p2a: Slowking|Chilly Reception|[premajor]
|move|p2a: Slowking|Chilly Reception|p2a: Slowking
|
|t:|1757893897
|switch|p2a: Dragapult|Dragapult, M, shiny|100/100|[from] Chilly Reception
|
|-weather|Snowscape|[upkeep]
|upkeep
|turn|21
|
|t:|1757893899
|move|p2a: Dragapult|Shadow Ball|p1a: ryomen sukuna
|-damage|p1a: ryomen sukuna|62/100
|move|p1a: ryomen sukuna|U-turn|p2a: Dragapult
|-resisted|p2a: Dragapult
|-damage|p2a: Dragapult|90/100
|
|t:|1757893903
|switch|p1a: yuji itadori|Great Tusk, shiny|95/100|[from] U-turn
|
|-weather|none
|upkeep
|turn|22
|
|t:|1757893908
|move|p2a: Dragapult|Shadow Ball|p1a: yuji itadori
|-damage|p1a: yuji itadori|26/100
|move|p1a: yuji itadori|Knock Off|p2a: Dragapult
|-supereffective|p2a: Dragapult
|-damage|p2a: Dragapult|9/100
|-enditem|p2a: Dragapult|Choice Specs|[from] move: Knock Off|[of] p1a: yuji itadori
|
|upkeep
|turn|23
|
|t:|1757893921
|move|p2a: Dragapult|Shadow Ball|p1a: yuji itadori
|-damage|p1a: yuji itadori|0 fnt
|faint|p1a: yuji itadori
|-end|p1a: yuji itadori|Protosynthesis|[silent]
|
|upkeep
|
|t:|1757893923
|switch|p1a: maharaga|Raging Bolt|100/100
|-damage|p1a: maharaga|88/100|[from] Stealth Rock
|-enditem|p1a: maharaga|Booster Energy
|-activate|p1a: maharaga|ability: Protosynthesis|[fromitem]
|-start|p1a: maharaga|protosynthesisspa
|turn|24
|
|t:|1757893927
|move|p2a: Dragapult|Draco Meteor|p1a: maharaga
|-supereffective|p1a: maharaga
|-damage|p1a: maharaga|0 fnt
|-unboost|p2a: Dragapult|spa|2
|faint|p1a: maharaga
|-end|p1a: maharaga|Protosynthesis|[silent]
|
|upkeep
|-message|appleuser3000 forfeited.
|
|win|zticma
|raw|appleuser3000's rating: 1162 &rarr; <strong>1141</strong><br />(-21 for losing)
|raw|zticma's rating: 1213 &rarr; <strong>1234</strong><br />(+21 for winning)
|l|☆appleuser3000
|player|p1|
