|j|☆SlushieXO
|j|☆aimhighrr
|t:|1757950533
|gametype|singles
|player|p1|SlushieXO|valerie|1086
|player|p2|aimhighrr|265|1094
|gen|9
|tier|[Gen 9] OU
|rated|
|rule|HP Percentage Mod: HP is shown in percentages
|rule|Endless Battle Clause: Forcing endless battles is banned
|rule|Species Clause: Limit one of each Pokémon
|rule|OHKO Clause: OHKO moves are banned
|rule|Evasion Items Clause: Evasion items are banned
|rule|Evasion Moves Clause: Evasion moves are banned
|rule|Evasion Abilities Clause: Evasion abilities are banned
|rule|Sleep Moves Clause: Sleep-inducing moves are banned
|clearpoke
|poke|p1|Porygon-Z|
|poke|p1|Gholdengo|
|poke|p1|Tsareena, F|
|poke|p1|Samurott-Hisui, F|
|poke|p1|Araquanid, M|
|poke|p1|Slither Wing|
|poke|p2|Torkoal, M|
|poke|p2|Walking Wake|
|poke|p2|Hatterene, F|
|poke|p2|Great Tusk|
|poke|p2|Corviknight, F|
|poke|p2|Gliscor, F|
|teampreview
|
|t:|1757950540
|teamsize|p1|6
|teamsize|p2|6
|start
|switch|p1a: Samurott|Samurott-Hisui, F|100/100
|switch|p2a: Torkoal|Torkoal, M|100/100
|-weather|SunnyDay|[from] ability: Drought|[of] p2a: Torkoal
|turn|1
|
|t:|1757950549
|switch|p2a: Hatterene|Hatterene, F|100/100
|move|p1a: Samurott|Flip Turn|p2a: Hatterene
|-damage|p2a: Hatterene|90/100
|-enditem|p2a: Hatterene|Eject Button
|
|t:|1757950562
|switch|p2a: Great Tusk|Great Tusk|100/100
|-activate|p2a: Great Tusk|ability: Protosynthesis
|-start|p2a: Great Tusk|protosynthesisatk
|
|-weather|SunnyDay|[upkeep]
|upkeep
|turn|2
|
|t:|1757950571
|move|p1a: Samurott|Flip Turn|p2a: Great Tusk
|-supereffective|p2a: Great Tusk
|-damage|p2a: Great Tusk|78/100
|
|t:|1757950574
|switch|p1a: Araquanid|Araquanid, M|100/100|[from] Flip Turn
|move|p2a: Great Tusk|Headlong Rush|p1a: Araquanid
|-resisted|p1a: Araquanid
|-damage|p1a: Araquanid|60/100
|-unboost|p2a: Great Tusk|def|1
|-unboost|p2a: Great Tusk|spd|1
|
|-weather|SunnyDay|[upkeep]
|-heal|p2a: Great Tusk|84/100|[from] item: Leftovers
|-heal|p1a: Araquanid|67/100|[from] item: Leftovers
|upkeep
|turn|3
|
|t:|1757950587
|-end|p2a: Great Tusk|Protosynthesis|[silent]
|switch|p2a: Hatterene|Hatterene, F|90/100
|move|p1a: Araquanid|Liquidation|p2a: Hatterene
|-damage|p2a: Hatterene|69/100
|
|-weather|SunnyDay|[upkeep]
|-heal|p1a: Araquanid|73/100|[from] item: Leftovers
|upkeep
|turn|4
|
|t:|1757950597
|move|p1a: Araquanid|Liquidation|p2a: Hatterene
|-damage|p2a: Hatterene|47/100
|move|p2a: Hatterene|Draining Kiss|p1a: Araquanid
|-damage|p1a: Araquanid|55/100
|-heal|p2a: Hatterene|60/100|[from] drain|[of] p1a: Araquanid
|
|-weather|SunnyDay|[upkeep]
|-heal|p1a: Araquanid|61/100|[from] item: Leftovers
|upkeep
|turn|5
|
|t:|1757950612
|move|p1a: Araquanid|Liquidation|p2a: Hatterene
|-damage|p2a: Hatterene|38/100
|move|p2a: Hatterene|Draining Kiss|p1a: Araquanid
|-damage|p1a: Araquanid|42/100
|-heal|p2a: Hatterene|53/100|[from] drain|[of] p1a: Araquanid
|
|-weather|SunnyDay|[upkeep]
|-heal|p1a: Araquanid|48/100|[from] item: Leftovers
|upkeep
|turn|6
|
|t:|1757950626
|switch|p1a: Tsareena|Tsareena, F|100/100
|switch|p2a: Gliscor|Gliscor, F|100/100
|
|-weather|SunnyDay|[upkeep]
|-status|p2a: Gliscor|tox|[from] item: Toxic Orb
|upkeep
|turn|7
|
|t:|1757950638
|move|p2a: Gliscor|Earthquake|p1a: Tsareena
|-resisted|p1a: Tsareena
|-damage|p1a: Tsareena|82/100
|move|p1a: Tsareena|Triple Axel|p2a: Gliscor
|-supereffective|p2a: Gliscor
|-damage|p2a: Gliscor|79/100 tox
|-supereffective|p2a: Gliscor
|-damage|p2a: Gliscor|38/100 tox
|-supereffective|p2a: Gliscor
|-damage|p2a: Gliscor|0 fnt
|faint|p2a: Gliscor
|-hitcount|p2: Gliscor|3
|
|-weather|SunnyDay|[upkeep]
|upkeep
|
|t:|1757950651
|switch|p2a: Walking Wake|Walking Wake|100/100
|-activate|p2a: Walking Wake|ability: Protosynthesis
|-start|p2a: Walking Wake|protosynthesisspe
|turn|8
|
|t:|1757950657
|-terastallize|p2a: Walking Wake|Water
|move|p2a: Walking Wake|Hydro Steam|p1a: Tsareena
|-resisted|p1a: Tsareena
|-damage|p1a: Tsareena|18/100
|move|p1a: Tsareena|Triple Axel|p2a: Walking Wake
|-resisted|p2a: Walking Wake
|-damage|p2a: Walking Wake|97/100
|-resisted|p2a: Walking Wake
|-damage|p2a: Walking Wake|89/100
|-hitcount|p2a: Walking Wake|2
|
|-weather|none
|-end|p2a: Walking Wake|Protosynthesis
|upkeep
|turn|9
|-enditem|p1a: Tsareena|Custap Berry|[eat]
|-activate|p1a: Tsareena|item: Custap Berry|[consumed]
|
|t:|1757950674
|move|p1a: Tsareena|High Jump Kick|p2a: Walking Wake
|-damage|p2a: Walking Wake|41/100
|move|p2a: Walking Wake|Hydro Steam|p1a: Tsareena
|-resisted|p1a: Tsareena
|-damage|p1a: Tsareena|0 fnt
|faint|p1a: Tsareena
|
|upkeep
|
|t:|1757950689
|switch|p1a: Porygon-Z|Porygon-Z|100/100
|turn|10
|
|t:|1757950695
|-end|p2a: Walking Wake|Protosynthesis|[silent]
|switch|p2a: Torkoal|Torkoal, M|100/100
|-weather|SunnyDay|[from] ability: Drought|[of] p2a: Torkoal
|move|p1a: Porygon-Z|Thunder|p2a: Torkoal|[miss]
|-miss|p1a: Porygon-Z|p2a: Torkoal
|-enditem|p1a: Porygon-Z|Blunder Policy
|-boost|p1a: Porygon-Z|spe|2
|
|-weather|SunnyDay|[upkeep]
|upkeep
|turn|11
|
|t:|1757950706
|move|p1a: Porygon-Z|Tri Attack|p2a: Torkoal
|-damage|p2a: Torkoal|21/100
|move|p2a: Torkoal|Stealth Rock|p1a: Porygon-Z
|-sidestart|p1: SlushieXO|move: Stealth Rock
|
|-weather|SunnyDay|[upkeep]
|upkeep
|turn|12
|
|t:|1757950715
|switch|p2a: Corviknight|Corviknight, F|100/100
|-ability|p2a: Corviknight|Pressure
|move|p1a: Porygon-Z|Tri Attack|p2a: Corviknight
|-resisted|p2a: Corviknight
|-damage|p2a: Corviknight|72/100
|
|-weather|SunnyDay|[upkeep]
|upkeep
|turn|13
|
|t:|1757950725
|move|p1a: Porygon-Z|Thunder|p2a: Corviknight|[miss]
|-miss|p1a: Porygon-Z|p2a: Corviknight
|move|p2a: Corviknight|Iron Defense|p2a: Corviknight
|-boost|p2a: Corviknight|def|2
|
|-weather|SunnyDay|[upkeep]
|upkeep
|turn|14
|
|t:|1757950735
|switch|p2a: Hatterene|Hatterene, F|53/100
|move|p1a: Porygon-Z|Thunder|p2a: Hatterene|[miss]
|-miss|p1a: Porygon-Z|p2a: Hatterene
|
|-weather|SunnyDay|[upkeep]
|upkeep
|turn|15
|
|t:|1757950744
|move|p1a: Porygon-Z|Tri Attack|p2a: Hatterene
|-damage|p2a: Hatterene|0 fnt
|faint|p2a: Hatterene
|
|-weather|SunnyDay|[upkeep]
|upkeep
|
|t:|1757950753
|switch|p2a: Walking Wake|Walking Wake, tera:Water|41/100
|-activate|p2a: Walking Wake|ability: Protosynthesis
|-start|p2a: Walking Wake|protosynthesisspe
|turn|16
|
|t:|1757950761
|move|p2a: Walking Wake|Draco Meteor|p1a: Porygon-Z
|-crit|p1a: Porygon-Z
|-damage|p1a: Porygon-Z|0 fnt
|-unboost|p2a: Walking Wake|spa|2
|faint|p1a: Porygon-Z
|
|-weather|SunnyDay|[upkeep]
|upkeep
|
|t:|1757950767
|switch|p1a: Araquanid|Araquanid, M|48/100
|-damage|p1a: Araquanid|24/100|[from] Stealth Rock
|turn|17
|
|t:|1757950775
|-end|p2a: Walking Wake|Protosynthesis|[silent]
|switch|p2a: Great Tusk|Great Tusk|84/100
|-activate|p2a: Great Tusk|ability: Protosynthesis
|-start|p2a: Great Tusk|protosynthesisatk
|move|p1a: Araquanid|Sticky Web|p2a: Great Tusk
|-sidestart|p2: aimhighrr|move: Sticky Web
|
|-weather|none
|-end|p2a: Great Tusk|Protosynthesis
|-heal|p2a: Great Tusk|90/100|[from] item: Leftovers
|-heal|p1a: Araquanid|30/100|[from] item: Leftovers
|upkeep
|turn|18
|
|t:|1757950786
|move|p2a: Great Tusk|Ice Spinner|p1a: Araquanid
|-resisted|p1a: Araquanid
|-damage|p1a: Araquanid|15/100
|move|p1a: Araquanid|Liquidation|p2a: Great Tusk
|-supereffective|p2a: Great Tusk
|-damage|p2a: Great Tusk|16/100
|
|-heal|p2a: Great Tusk|22/100|[from] item: Leftovers
|-heal|p1a: Araquanid|21/100|[from] item: Leftovers
|upkeep
|turn|19
|
|t:|1757950802
|move|p2a: Great Tusk|Bulk Up|p2a: Great Tusk
|-boost|p2a: Great Tusk|atk|1
|-boost|p2a: Great Tusk|def|1
|move|p1a: Araquanid|Liquidation|p2a: Great Tusk
|-supereffective|p2a: Great Tusk
|-damage|p2a: Great Tusk|0 fnt
|faint|p2a: Great Tusk
|-end|p2a: Great Tusk|Protosynthesis|[silent]
|
|-heal|p1a: Araquanid|27/100|[from] item: Leftovers
|upkeep
|-message|aimhighrr forfeited.
|
|win|SlushieXO
|raw|SlushieXO's rating: 1086 &rarr; <strong>1114</strong><br />(+28 for winning)
|raw|aimhighrr's rating: 1094 &rarr; <strong>1069</strong><br />(-25 for losing)
|l|☆aimhighrr
|player|p2|
