|j|☆Killme93
|j|☆yrg 0-5
|t:|1757794332
|gametype|singles
|player|p1|Killme93|veteranf|1199
|player|p2|yrg 0-5|unknown|1200
|gen|9
|tier|[Gen 9] OU
|rated|
|rule|HP Percentage Mod: HP is shown in percentages
|rule|Endless Battle Clause: Forcing endless battles is banned
|rule|Species Clause: Limit one of each Pokémon
|rule|OHKO Clause: OHKO moves are banned
|rule|Evasion Items Clause: Evasion items are banned
|rule|Evasion Moves Clause: Evasion moves are banned
|rule|Evasion Abilities Clause: Evasion abilities are banned
|rule|Sleep Moves Clause: Sleep-inducing moves are banned
|clearpoke
|poke|p1|Golem-Alola, M|
|poke|p1|Dragapult, M|
|poke|p1|Iron Moth|
|poke|p1|Great Tusk|
|poke|p1|Hydrapple, M|
|poke|p1|Zapdos|
|poke|p2|Zamazenta-*|
|poke|p2|Great Tusk|
|poke|p2|Landorus-Therian, M|
|poke|p2|Pecharunt|
|poke|p2|Raging Bolt|
|poke|p2|Slowking-Galar, F|
|teampreview
|inactive|Battle timer is ON: inactive players will automatically lose when time's up. (requested by yrg 0-5)
|inactive|Killme93 also wants the timer to be on.
|
|t:|1757794341
|teamsize|p1|6
|teamsize|p2|6
|start
|switch|p1a: Great Tusk|Great Tusk|100/100
|switch|p2a: Landorus|Landorus-Therian, M, shiny|100/100
|-ability|p2a: Landorus|Intimidate|boost
|-unboost|p1a: Great Tusk|atk|1
|turn|1
|
|t:|1757794351
|move|p2a: Landorus|U-turn|p1a: Great Tusk
|-resisted|p1a: Great Tusk
|-damage|p1a: Great Tusk|92/100
|
|t:|1757794357
|switch|p2a: Zamazenta|Zamazenta, shiny|100/100|[from] U-turn
|-ability|p2a: Zamazenta|Dauntless Shield|boost
|-boost|p2a: Zamazenta|def|1
|move|p1a: Great Tusk|Stealth Rock|p2a: Zamazenta
|-sidestart|p2: yrg 0-5|move: Stealth Rock
|
|upkeep
|turn|2
|
|t:|1757794364
|-end|p1a: Great Tusk|Protosynthesis|[silent]
|switch|p1a: Zapdos|Zapdos|100/100
|move|p2a: Zamazenta|Psychic Fangs|p1a: Zapdos
|-damage|p1a: Zapdos|68/100
|-status|p2a: Zamazenta|par|[from] ability: Static|[of] p1a: Zapdos
|
|upkeep
|turn|3
|
|t:|1757794377
|move|p1a: Zapdos|Volt Switch|p2a: Zamazenta
|-damage|p2a: Zamazenta|81/100 par
|
|t:|1757794382
|switch|p1a: Iron Moth|Iron Moth|100/100|[from] Volt Switch
|-enditem|p1a: Iron Moth|Booster Energy
|-activate|p1a: Iron Moth|ability: Quark Drive|[fromitem]
|-start|p1a: Iron Moth|quarkdrivespa
|move|p2a: Zamazenta|Psychic Fangs|p1a: Iron Moth
|-supereffective|p1a: Iron Moth
|-damage|p1a: Iron Moth|0 fnt
|faint|p1a: Iron Moth
|-end|p1a: Iron Moth|Quark Drive|[silent]
|
|upkeep
|inactive|Killme93 has 120 seconds left.
|
|t:|1757794412
|switch|p1a: Golem|Golem-Alola, M|100/100
|turn|4
|
|t:|1757794418
|move|p2a: Zamazenta|Iron Head|p1a: Golem
|-damage|p1a: Golem|80/100
|cant|p1a: Golem|flinch
|
|upkeep
|turn|5
|
|t:|1757794424
|-terastallize|p1a: Golem|Electric
|move|p2a: Zamazenta|Close Combat|p1a: Golem
|-damage|p1a: Golem|28/100
|-unboost|p2a: Zamazenta|def|1
|-unboost|p2a: Zamazenta|spd|1
|move|p1a: Golem|Explosion|p2a: Zamazenta
|-damage|p2a: Zamazenta|0 fnt
|faint|p1a: Golem
|faint|p2a: Zamazenta
|
|upkeep
|
|t:|1757794435
|switch|p2a: Great Tusk|Great Tusk, shiny|100/100
|switch|p1a: Dragapult|Dragapult, M|100/100
|-damage|p2a: Great Tusk|98/100|[from] Stealth Rock
|turn|6
|
|t:|1757794449
|move|p1a: Dragapult|Will-O-Wisp|p2a: Great Tusk
|-status|p2a: Great Tusk|brn
|move|p2a: Great Tusk|Ice Spinner|p1a: Dragapult
|-supereffective|p1a: Dragapult
|-crit|p1a: Dragapult
|-damage|p1a: Dragapult|38/100
|-start|p2a: Great Tusk|Disable|Ice Spinner|[from] ability: Cursed Body|[of] p1a: Dragapult
|
|-damage|p2a: Great Tusk|91/100 brn|[from] brn
|upkeep
|turn|7
|
|t:|1757794463
|switch|p1a: Great Tusk|Great Tusk|92/100
|-end|p2a: Great Tusk|Protosynthesis|[silent]
|switch|p2a: Landorus|Landorus-Therian, M, shiny|100/100
|-damage|p2a: Landorus|88/100|[from] Stealth Rock
|-ability|p2a: Landorus|Intimidate|boost
|-unboost|p1a: Great Tusk|atk|1
|
|upkeep
|turn|8
|
|t:|1757794477
|-end|p1a: Great Tusk|Protosynthesis|[silent]
|switch|p1a: Hydrapple|Hydrapple, M|100/100
|move|p2a: Landorus|U-turn|p1a: Hydrapple
|-supereffective|p1a: Hydrapple
|-damage|p1a: Hydrapple|52/100
|
|t:|1757794488
|switch|p2a: Slowking|Slowking-Galar, F|100/100|[from] U-turn
|-damage|p2a: Slowking|88/100|[from] Stealth Rock
|
|-heal|p1a: Hydrapple|59/100|[from] item: Leftovers
|upkeep
|turn|9
|
|t:|1757794500
|move|p1a: Hydrapple|Nasty Plot|p1a: Hydrapple
|-boost|p1a: Hydrapple|spa|2
|move|p2a: Slowking|Future Sight|p1a: Hydrapple
|-start|p2a: Slowking|move: Future Sight
|
|-heal|p1a: Hydrapple|65/100|[from] item: Leftovers
|upkeep
|turn|10
|
|t:|1757794508
|move|p1a: Hydrapple|Earth Power|p2a: Slowking
|-supereffective|p2a: Slowking
|-damage|p2a: Slowking|26/100
|move|p2a: Slowking|Sludge Wave|p1a: Hydrapple
|-supereffective|p1a: Hydrapple
|-damage|p1a: Hydrapple|0 fnt
|faint|p1a: Hydrapple
|
|upkeep
|
|t:|1757794519
|switch|p1a: Dragapult|Dragapult, M|38/100
|turn|11
|
|t:|1757794524
|switch|p2a: Great Tusk|Great Tusk, shiny|91/100 brn
|-damage|p2a: Great Tusk|88/100 brn|[from] Stealth Rock
|move|p1a: Dragapult|Phantom Force||[still]|[miss]
|-prepare|p1a: Dragapult|Phantom Force
|
|-end|p1a: Dragapult|move: Future Sight
|-miss|p2: Slowking|p1a: Dragapult
|-damage|p2a: Great Tusk|82/100 brn|[from] brn
|upkeep
|turn|12
|
|t:|1757794535
|move|p1a: Dragapult|Phantom Force|p2a: Great Tusk|[from] lockedmove
|-damage|p2a: Great Tusk|50/100 brn
|move|p2a: Great Tusk|Ice Spinner|p1a: Dragapult
|-supereffective|p1a: Dragapult
|-damage|p1a: Dragapult|0 fnt
|faint|p1a: Dragapult
|
|-damage|p2a: Great Tusk|43/100 brn|[from] brn
|upkeep
|
|t:|1757794545
|switch|p1a: Zapdos|Zapdos|68/100
|turn|13
|
|t:|1757794549
|move|p2a: Great Tusk|Ice Spinner|p1a: Zapdos
|-supereffective|p1a: Zapdos
|-damage|p1a: Zapdos|38/100
|move|p1a: Zapdos|Heat Wave|p2a: Great Tusk
|-damage|p2a: Great Tusk|0 fnt
|faint|p2a: Great Tusk
|-end|p2a: Great Tusk|Protosynthesis|[silent]
|
|upkeep
|
|t:|1757794563
|switch|p2a: Raging Bolt|Raging Bolt|100/100
|-damage|p2a: Raging Bolt|88/100|[from] Stealth Rock
|turn|14
|
|t:|1757794567
|move|p1a: Zapdos|Roost|p1a: Zapdos
|-heal|p1a: Zapdos|88/100
|-singleturn|p1a: Zapdos|move: Roost
|move|p2a: Raging Bolt|Dragon Pulse|p1a: Zapdos
|-damage|p1a: Zapdos|38/100
|
|upkeep
|turn|15
|
|t:|1757794576
|move|p1a: Zapdos|Roost|p1a: Zapdos
|-heal|p1a: Zapdos|88/100
|-singleturn|p1a: Zapdos|move: Roost
|move|p2a: Raging Bolt|Dragon Pulse|p1a: Zapdos
|-crit|p1a: Zapdos
|-damage|p1a: Zapdos|14/100
|
|upkeep
|turn|16
|
|t:|1757794583
|move|p1a: Zapdos|Heat Wave|p2a: Raging Bolt|[miss]
|-miss|p1a: Zapdos|p2a: Raging Bolt
|move|p2a: Raging Bolt|Dragon Pulse|p1a: Zapdos
|-damage|p1a: Zapdos|0 fnt
|faint|p1a: Zapdos
|
|upkeep
|
|t:|1757794585
|switch|p1a: Great Tusk|Great Tusk|92/100
|turn|17
|
|t:|1757794592
|-terastallize|p2a: Raging Bolt|Fairy
|move|p1a: Great Tusk|Rapid Spin|p2a: Raging Bolt
|-damage|p2a: Raging Bolt|73/100
|-boost|p1a: Great Tusk|spe|1
|move|p2a: Raging Bolt|Tera Blast|p1a: Great Tusk|[anim] Tera Blast Fairy
|-supereffective|p1a: Great Tusk
|-damage|p1a: Great Tusk|0 fnt
|faint|p1a: Great Tusk
|-end|p1a: Great Tusk|Protosynthesis|[silent]
|
|win|yrg 0-5
|raw|Killme93's rating: 1199 &rarr; <strong>1174</strong><br />(-25 for losing)
|raw|yrg 0-5's rating: 1200 &rarr; <strong>1225</strong><br />(+25 for winning)
|l|☆Killme93
|player|p1|
|l|☆yrg 0-5
|player|p2|
