|j|☆kfqqfj
|j|☆ayushfcb
|t:|1757935063
|gametype|singles
|player|p1|kfqqfj|li|1360
|player|p2|ayushfcb|red-masters|1323
|gen|9
|tier|[Gen 9] OU
|rated|
|rule|HP Percentage Mod: HP is shown in percentages
|rule|Endless Battle Clause: Forcing endless battles is banned
|rule|Species Clause: Limit one of each Pokémon
|rule|OHKO Clause: OHKO moves are banned
|rule|Evasion Items Clause: Evasion items are banned
|rule|Evasion Moves Clause: Evasion moves are banned
|rule|Evasion Abilities Clause: Evasion abilities are banned
|rule|Sleep Moves Clause: Sleep-inducing moves are banned
|clearpoke
|poke|p1|Darkrai|
|poke|p1|Gliscor, F|
|poke|p1|Slowking-Galar, F|
|poke|p1|Iron Valiant|
|poke|p1|Great Tusk|
|poke|p1|Kyurem|
|poke|p2|Hydrapple, M|
|poke|p2|Samurott-Hisui, F|
|poke|p2|Kyurem|
|poke|p2|Slowking-Galar, F|
|poke|p2|Iron Treads|
|poke|p2|Garganacl, F|
|teampreview
|inactive|Battle timer is ON: inactive players will automatically lose when time's up. (requested by kfqqfj)
|
|t:|1757935071
|teamsize|p1|6
|teamsize|p2|6
|start
|switch|p1a: Gliscor|Gliscor, F|100/100
|switch|p2a: Kyurem|Kyurem, shiny|100/100
|-ability|p2a: Kyurem|Pressure
|turn|1
|
|t:|1757935077
|switch|p1a: Slowking|Slowking-Galar, F|100/100
|move|p2a: Kyurem|Dragon Dance|p2a: Kyurem
|-boost|p2a: Kyurem|atk|1
|-boost|p2a: Kyurem|spe|1
|
|upkeep
|turn|2
|
|t:|1757935093
|move|p2a: Kyurem|Icicle Spear|p1a: Slowking
|-crit|p1a: Slowking
|-damage|p1a: Slowking|67/100
|-damage|p1a: Slowking|46/100
|-damage|p1a: Slowking|25/100
|-damage|p1a: Slowking|4/100
|-damage|p1a: Slowking|0 fnt
|faint|p1a: Slowking
|-hitcount|p1: Slowking|5
|
|upkeep
|
|t:|1757935100
|switch|p1a: Iron Valiant|Iron Valiant|100/100
|-enditem|p1a: Iron Valiant|Booster Energy
|-activate|p1a: Iron Valiant|ability: Quark Drive|[fromitem]
|-start|p1a: Iron Valiant|quarkdrivespe
|turn|3
|
|t:|1757935110
|-terastallize|p2a: Kyurem|Fire
|move|p1a: Iron Valiant|Moonblast|p2a: Kyurem
|-resisted|p2a: Kyurem
|-damage|p2a: Kyurem|79/100
|move|p2a: Kyurem|Dragon Dance|p2a: Kyurem
|-boost|p2a: Kyurem|atk|1
|-boost|p2a: Kyurem|spe|1
|
|upkeep
|turn|4
|
|t:|1757935118
|move|p2a: Kyurem|Tera Blast|p1a: Iron Valiant|[anim] Tera Blast Fire
|-damage|p1a: Iron Valiant|0 fnt
|faint|p1a: Iron Valiant
|-end|p1a: Iron Valiant|Quark Drive|[silent]
|
|upkeep
|
|t:|1757935127
|switch|p1a: Darkrai|Darkrai|100/100
|turn|5
|
|t:|1757935130
|move|p2a: Kyurem|Icicle Spear|p1a: Darkrai
|-damage|p1a: Darkrai|63/100
|-damage|p1a: Darkrai|25/100
|-damage|p1a: Darkrai|0 fnt
|faint|p1a: Darkrai
|-hitcount|p1: Darkrai|3
|
|upkeep
|
|t:|1757935135
|switch|p1a: Kyurem|Kyurem|100/100
|-ability|p1a: Kyurem|Pressure
|turn|6
|
|t:|1757935140
|move|p2a: Kyurem|Icicle Spear|p1a: Kyurem
|-damage|p1a: Kyurem|73/100
|-damage|p1a: Kyurem|44/100
|-damage|p1a: Kyurem|16/100
|-damage|p1a: Kyurem|0 fnt
|faint|p1a: Kyurem
|-hitcount|p1: Kyurem|4
|
|upkeep
|-message|kfqqfj forfeited.
|
|win|ayushfcb
|raw|kfqqfj's rating: 1360 &rarr; <strong>1338</strong><br />(-22 for losing)
|raw|ayushfcb's rating: 1323 &rarr; <strong>1345</strong><br />(+22 for winning)
|l|☆kfqqfj
|player|p1|
