|j|☆Nitro611
|j|☆Crocodile E
|t:|1757838943
|gametype|singles
|player|p1|Nitro611|peony|1440
|player|p2|Crocodile E|pokemaniac|1450
|gen|9
|tier|[Gen 9] OU
|rated|
|rule|HP Percentage Mod: HP is shown in percentages
|rule|Endless Battle Clause: Forcing endless battles is banned
|rule|Species Clause: Limit one of each Pokémon
|rule|OHKO Clause: OHKO moves are banned
|rule|Evasion Items Clause: Evasion items are banned
|rule|Evasion Moves Clause: Evasion moves are banned
|rule|Evasion Abilities Clause: Evasion abilities are banned
|rule|Sleep Moves Clause: Sleep-inducing moves are banned
|clearpoke
|poke|p1|Raging Bolt|
|poke|p1|Kingambit, F|
|poke|p1|Great Tusk|
|poke|p1|Iron Valiant|
|poke|p1|Ogerpon-Wellspring, F|
|poke|p1|Cinderace, F|
|poke|p2|Raging Bolt|
|poke|p2|Ninetales, F|
|poke|p2|Walking Wake|
|poke|p2|Hatterene, F|
|poke|p2|Landorus-Therian, M|
|poke|p2|Lokix, F|
|teampreview
|inactive|Battle timer is ON: inactive players will automatically lose when time's up. (requested by Crocodile E)
|
|t:|1757838951
|teamsize|p1|6
|teamsize|p2|6
|start
|switch|p1a: Zenitsu|Raging Bolt|100/100
|switch|p2a: Landorus|Landorus-Therian, M, shiny|100/100
|-ability|p2a: Landorus|Intimidate|boost
|-unboost|p1a: Zenitsu|atk|1
|turn|1
|
|t:|1757838959
|-terastallize|p1a: Zenitsu|Bug
|move|p1a: Zenitsu|Dragon Pulse|p2a: Landorus
|-damage|p2a: Landorus|45/100
|move|p2a: Landorus|Stealth Rock|p1a: Zenitsu
|-sidestart|p1: Nitro611|move: Stealth Rock
|
|upkeep
|turn|2
|
|t:|1757838966
|switch|p2a: Hatterene|Hatterene, F, shiny|100/100
|move|p1a: Zenitsu|Thunderbolt|p2a: Hatterene
|-damage|p2a: Hatterene|57/100
|
|-heal|p2a: Hatterene|63/100|[from] item: Leftovers
|upkeep
|turn|3
|
|t:|1757838973
|move|p1a: Zenitsu|Thunderbolt|p2a: Hatterene
|-damage|p2a: Hatterene|13/100
|move|p2a: Hatterene|Draining Kiss|p1a: Zenitsu
|-crit|p1a: Zenitsu
|-damage|p1a: Zenitsu|70/100
|-heal|p2a: Hatterene|41/100|[from] drain|[of] p1a: Zenitsu
|
|-heal|p1a: Zenitsu|76/100|[from] item: Leftovers
|-heal|p2a: Hatterene|47/100|[from] item: Leftovers
|upkeep
|turn|4
|
|t:|1757838977
|switch|p2a: Landorus|Landorus-Therian, M, shiny|45/100
|-ability|p2a: Landorus|Intimidate|boost
|-unboost|p1a: Zenitsu|atk|1
|move|p1a: Zenitsu|Thunderbolt|p2a: Landorus
|-immune|p2a: Landorus
|
|-heal|p1a: Zenitsu|82/100|[from] item: Leftovers
|upkeep
|turn|5
|
|t:|1757838982
|move|p1a: Zenitsu|Dragon Pulse|p2a: Landorus
|-damage|p2a: Landorus|0 fnt
|faint|p2a: Landorus
|
|-heal|p1a: Zenitsu|88/100|[from] item: Leftovers
|upkeep
|
|t:|1757838987
|switch|p2a: Walking Wake|Walking Wake|100/100
|turn|6
|
|t:|1757838993
|-end|p1a: Zenitsu|Protosynthesis|[silent]
|switch|p1a: 🎭|Ogerpon-Wellspring, F|100/100
|-damage|p1a: 🎭|88/100|[from] Stealth Rock
|move|p2a: Walking Wake|Flamethrower|p1a: 🎭
|-damage|p1a: 🎭|28/100
|
|upkeep
|turn|7
|
|t:|1757839001
|-end|p2a: Walking Wake|Protosynthesis|[silent]
|switch|p2a: Ninetales|Ninetales, F, shiny|100/100
|-weather|SunnyDay|[from] ability: Drought|[of] p2a: Ninetales
|move|p1a: 🎭|Knock Off|p2a: Ninetales
|-damage|p2a: Ninetales|45/100
|-enditem|p2a: Ninetales|Heat Rock|[from] move: Knock Off|[of] p1a: 🎭
|
|-weather|SunnyDay|[upkeep]
|upkeep
|turn|8
|
|t:|1757839008
|move|p2a: Ninetales|Weather Ball|p1a: 🎭
|-damage|p1a: 🎭|0 fnt
|faint|p1a: 🎭
|
|-weather|SunnyDay|[upkeep]
|upkeep
|
|t:|1757839015
|switch|p1a: Beast incarnate|Great Tusk|100/100
|-damage|p1a: Beast incarnate|98/100|[from] Stealth Rock
|-activate|p1a: Beast incarnate|ability: Protosynthesis
|-start|p1a: Beast incarnate|protosynthesisspe
|turn|9
|
|t:|1757839020
|move|p1a: Beast incarnate|Earthquake|p2a: Ninetales
|-supereffective|p2a: Ninetales
|-crit|p2a: Ninetales
|-damage|p2a: Ninetales|0 fnt
|faint|p2a: Ninetales
|
|-weather|SunnyDay|[upkeep]
|upkeep
|
|t:|1757839023
|switch|p2a: Walking Wake|Walking Wake|100/100
|-activate|p2a: Walking Wake|ability: Protosynthesis
|-start|p2a: Walking Wake|protosynthesisspa
|turn|10
|
|t:|1757839033
|move|p1a: Beast incarnate|Earthquake|p2a: Walking Wake
|-damage|p2a: Walking Wake|54/100
|move|p2a: Walking Wake|Hydro Steam|p1a: Beast incarnate
|-supereffective|p1a: Beast incarnate
|-damage|p1a: Beast incarnate|0 fnt
|faint|p1a: Beast incarnate
|-end|p1a: Beast incarnate|Protosynthesis|[silent]
|
|-weather|SunnyDay|[upkeep]
|upkeep
|
|t:|1757839036
|switch|p1a: Hero|Iron Valiant|100/100
|-damage|p1a: Hero|94/100|[from] Stealth Rock
|-enditem|p1a: Hero|Booster Energy
|-activate|p1a: Hero|ability: Quark Drive|[fromitem]
|-start|p1a: Hero|quarkdrivespe
|turn|11
|
|t:|1757839042
|move|p1a: Hero|Moonblast|p2a: Walking Wake
|-supereffective|p2a: Walking Wake
|-damage|p2a: Walking Wake|0 fnt
|faint|p2a: Walking Wake
|-end|p2a: Walking Wake|Protosynthesis|[silent]
|
|-weather|SunnyDay|[upkeep]
|upkeep
|
|t:|1757839046
|switch|p2a: Raging Bolt|Raging Bolt|100/100
|-activate|p2a: Raging Bolt|ability: Protosynthesis
|-start|p2a: Raging Bolt|protosynthesisspa
|turn|12
|
|t:|1757839049
|-terastallize|p2a: Raging Bolt|Fairy
|move|p1a: Hero|Calm Mind|p1a: Hero
|-boost|p1a: Hero|spa|1
|-boost|p1a: Hero|spd|1
|move|p2a: Raging Bolt|Thunderbolt|p1a: Hero
|-damage|p1a: Hero|22/100
|
|-weather|SunnyDay|[upkeep]
|upkeep
|turn|13
|
|t:|1757839058
|move|p1a: Hero|Encore|p2a: Raging Bolt
|-start|p2a: Raging Bolt|Encore
|move|p2a: Raging Bolt|Thunderbolt|p1a: Hero
|-damage|p1a: Hero|0 fnt
|faint|p1a: Hero
|-end|p1a: Hero|Quark Drive|[silent]
|
|-weather|SunnyDay|[upkeep]
|upkeep
|
|t:|1757839061
|switch|p1a: Aizen|Kingambit, F, shiny|100/100
|-damage|p1a: Aizen|94/100|[from] Stealth Rock
|-activate|p1a: Aizen|ability: Supreme Overlord
|-start|p1a: Aizen|fallen3|[silent]
|turn|14
|
|t:|1757839064
|move|p2a: Raging Bolt|Thunderbolt|p1a: Aizen
|-crit|p1a: Aizen
|-damage|p1a: Aizen|0 fnt
|faint|p1a: Aizen
|-end|p1a: Aizen|fallen3|[silent]
|
|-weather|none
|-end|p2a: Raging Bolt|Protosynthesis
|upkeep
|
|t:|1757839070
|switch|p1a: Zenitsu|Raging Bolt, tera:Bug|88/100
|-damage|p1a: Zenitsu|63/100|[from] Stealth Rock
|turn|15
|
|t:|1757839072
|move|p2a: Raging Bolt|Thunderbolt|p1a: Zenitsu
|-damage|p1a: Zenitsu|17/100
|move|p1a: Zenitsu|Thunderbolt|p2a: Raging Bolt
|-damage|p2a: Raging Bolt|48/100
|
|-heal|p1a: Zenitsu|23/100|[from] item: Leftovers
|-end|p2a: Raging Bolt|Encore
|upkeep
|turn|16
|
|t:|1757839077
|move|p1a: Zenitsu|Thunderclap|p2a: Raging Bolt
|-damage|p2a: Raging Bolt|11/100
|move|p2a: Raging Bolt|Thunderbolt|p1a: Zenitsu
|-damage|p1a: Zenitsu|0 fnt
|faint|p1a: Zenitsu
|-end|p1a: Zenitsu|Protosynthesis|[silent]
|
|upkeep
|
|t:|1757839079
|switch|p1a: BunnyGirlSenpai|Cinderace, F|100/100
|turn|17
|
|t:|1757839081
|move|p2a: Raging Bolt|Thunderbolt|p1a: BunnyGirlSenpai
|-damage|p1a: BunnyGirlSenpai|38/100
|move|p1a: BunnyGirlSenpai|Pyro Ball|p2a: Raging Bolt
|-damage|p2a: Raging Bolt|0 fnt
|faint|p2a: Raging Bolt
|-end|p2a: Raging Bolt|Protosynthesis|[silent]
|
|upkeep
|
|t:|1757839084
|switch|p2a: Lokix|Lokix, F, shiny|100/100
|turn|18
|
|t:|1757839086
|move|p2a: Lokix|First Impression|p1a: BunnyGirlSenpai
|-resisted|p1a: BunnyGirlSenpai
|-damage|p1a: BunnyGirlSenpai|0 fnt
|faint|p1a: BunnyGirlSenpai
|
|win|Crocodile E
|raw|Nitro611's rating: 1440 &rarr; <strong>1421</strong><br />(-19 for losing)
|raw|Crocodile E's rating: 1450 &rarr; <strong>1469</strong><br />(+19 for winning)
|l|☆Crocodile E
|player|p2|
|l|☆Nitro611
|player|p1|
