|j|☆Chanti39
|j|☆luisfontanez45
|t:|1757948745
|gametype|singles
|player|p1|Chanti39|harlequin|1045
|player|p2|luisfontanez45|170|1067
|gen|9
|tier|[Gen 9] OU
|rated|
|rule|HP Percentage Mod: HP is shown in percentages
|rule|Endless Battle Clause: Forcing endless battles is banned
|rule|Species Clause: Limit one of each Pokémon
|rule|OHKO Clause: OHKO moves are banned
|rule|Evasion Items Clause: Evasion items are banned
|rule|Evasion Moves Clause: Evasion moves are banned
|rule|Evasion Abilities Clause: Evasion abilities are banned
|rule|Sleep Moves Clause: Sleep-inducing moves are banned
|clearpoke
|poke|p1|Breloom, M|
|poke|p1|Feraligatr, M|
|poke|p1|Haxorus, F|
|poke|p1|Krookodile, F|
|poke|p1|Corviknight, F|
|poke|p1|Ampharos, F|
|poke|p2|Dragonite, M|
|poke|p2|Magnezone|
|poke|p2|Mamoswine, F|
|poke|p2|Infernape, F|
|poke|p2|Greninja-*, M|
|poke|p2|Gardevoir, F|
|teampreview
|c|☆Chanti39|my 6 favorite pokemon
|
|t:|1757948765
|teamsize|p1|6
|teamsize|p2|6
|start
|switch|p1a: Amphy|Ampharos, F|100/100
|switch|p2a: Greninja|Greninja, M|100/100
|turn|1
|c|☆Chanti39|arcanine is up there too
|
|t:|1757948773
|-terastallize|p2a: Greninja|Poison
|move|p2a: Greninja|Toxic Spikes|p1a: Amphy
|-sidestart|p1: Chanti39|move: Toxic Spikes
|move|p1a: Amphy|Thunder Wave|p2a: Greninja
|-status|p2a: Greninja|par
|
|upkeep
|turn|2
|
|t:|1757948782
|cant|p2a: Greninja|par
|move|p1a: Amphy|Agility|p1a: Amphy
|-boost|p1a: Amphy|spe|2
|
|upkeep
|turn|3
|
|t:|1757948788
|move|p1a: Amphy|Agility|p1a: Amphy
|-boost|p1a: Amphy|spe|2
|move|p2a: Greninja|Hydro Pump|p1a: Amphy|[miss]
|-miss|p2a: Greninja|p1a: Amphy
|
|upkeep
|turn|4
|
|t:|1757948797
|switch|p2a: Mamoswine|Mamoswine, F|100/100
|move|p1a: Amphy|Electro Ball|p2a: Mamoswine
|-immune|p2a: Mamoswine
|
|upkeep
|turn|5
|
|t:|1757948803
|move|p1a: Amphy|Dazzling Gleam|p2a: Mamoswine
|-damage|p2a: Mamoswine|74/100
|move|p2a: Mamoswine|Earthquake|p1a: Amphy
|-supereffective|p1a: Amphy
|-damage|p1a: Amphy|0 fnt
|faint|p1a: Amphy
|
|-heal|p2a: Mamoswine|80/100|[from] item: Leftovers
|upkeep
|
|t:|1757948809
|switch|p1a: Arthur|Corviknight, F|100/100
|turn|6
|
|t:|1757948817
|switch|p2a: Magnezone|Magnezone|100/100
|-item|p2a: Magnezone|Air Balloon
|move|p1a: Arthur|Bulk Up|p1a: Arthur
|-boost|p1a: Arthur|atk|1
|-boost|p1a: Arthur|def|1
|
|upkeep
|turn|7
|
|t:|1757948825
|move|p1a: Arthur|Body Press|p2a: Magnezone
|-supereffective|p2a: Magnezone
|-damage|p2a: Magnezone|35/100
|-enditem|p2a: Magnezone|Air Balloon
|move|p2a: Magnezone|Discharge|p1a: Arthur
|-supereffective|p1a: Arthur
|-damage|p1a: Arthur|0 fnt
|faint|p1a: Arthur
|
|upkeep
|
|t:|1757948835
|switch|p1a: Todo|Feraligatr, M|100/100
|-status|p1a: Todo|psn
|turn|8
|
|t:|1757948839
|move|p1a: Todo|Liquidation|p2a: Magnezone
|-crit|p2a: Magnezone
|-damage|p2a: Magnezone|0 fnt
|faint|p2a: Magnezone
|
|-damage|p1a: Todo|88/100 psn|[from] psn
|upkeep
|
|t:|1757948847
|switch|p2a: Dragonite|Dragonite, M|100/100
|turn|9
|
|t:|1757948851
|move|p1a: Todo|Dragon Dance|p1a: Todo
|-boost|p1a: Todo|atk|1
|-boost|p1a: Todo|spe|1
|move|p2a: Dragonite|Thunder|p1a: Todo
|-supereffective|p1a: Todo
|-damage|p1a: Todo|9/100 psn
|
|-damage|p1a: Todo|0 fnt|[from] psn
|faint|p1a: Todo
|upkeep
|
|t:|1757948857
|switch|p1a: Kanguva|Krookodile, F|100/100
|-status|p1a: Kanguva|psn
|turn|10
|
|t:|1757948865
|move|p1a: Kanguva|Rock Slide|p2a: Dragonite
|-supereffective|p2a: Dragonite
|-damage|p2a: Dragonite|75/100
|cant|p2a: Dragonite|flinch
|
|-heal|p2a: Dragonite|81/100|[from] item: Leftovers
|-damage|p1a: Kanguva|88/100 psn|[from] psn
|upkeep
|turn|11
|
|t:|1757948875
|move|p1a: Kanguva|Rock Slide|p2a: Dragonite
|-supereffective|p2a: Dragonite
|-damage|p2a: Dragonite|35/100
|cant|p2a: Dragonite|flinch
|
|-heal|p2a: Dragonite|41/100|[from] item: Leftovers
|-damage|p1a: Kanguva|76/100 psn|[from] psn
|upkeep
|turn|12
|
|t:|1757948914
|switch|p2a: Greninja|Greninja, M, tera:Poison|100/100 par
|move|p1a: Kanguva|Rock Slide|p2a: Greninja|[miss]
|-miss|p1a: Kanguva|p2a: Greninja
|
|-damage|p1a: Kanguva|63/100 psn|[from] psn
|upkeep
|turn|13
|
|t:|1757948924
|move|p1a: Kanguva|Rock Slide|p2a: Greninja|[miss]
|-miss|p1a: Kanguva|p2a: Greninja
|move|p2a: Greninja|Hydro Pump|p1a: Kanguva|[miss]
|-miss|p2a: Greninja|p1a: Kanguva
|
|-damage|p1a: Kanguva|51/100 psn|[from] psn
|upkeep
|turn|14
|
|t:|1757948932
|move|p1a: Kanguva|Rock Slide|p2a: Greninja
|-damage|p2a: Greninja|68/100 par
|move|p2a: Greninja|Ice Beam|p1a: Kanguva
|-supereffective|p1a: Kanguva
|-damage|p1a: Kanguva|0 fnt
|faint|p1a: Kanguva
|-ability|p2a: Greninja|Battle Bond|boost
|-boost|p2a: Greninja|atk|1
|-boost|p2a: Greninja|spa|1
|-boost|p2a: Greninja|spe|1
|-activate|p2a: Greninja|ability: Battle Bond
|
|-heal|p2a: Greninja|73/100 par|[from] item: Leftovers
|upkeep
|inactive|Battle timer is ON: inactive players will automatically lose when time's up. (requested by luisfontanez45)
|
|t:|1757948990
|switch|p1a: Naayak|Breloom, M|100/100
|-status|p1a: Naayak|psn
|turn|15
|
|t:|1757948997
|cant|p2a: Greninja|par
|move|p1a: Naayak|Rock Tomb|p2a: Greninja
|-damage|p2a: Greninja|29/100 par
|-unboost|p2a: Greninja|spe|1
|
|-heal|p2a: Greninja|35/100 par|[from] item: Leftovers
|-damage|p1a: Naayak|88/100 psn|[from] psn
|upkeep
|turn|16
|inactive|Chanti39 has 120 seconds left.
|
|t:|1757949042
|move|p1a: Naayak|Rock Tomb|p2a: Greninja
|-damage|p2a: Greninja|0 fnt
|faint|p2a: Greninja
|
|-damage|p1a: Naayak|76/100 psn|[from] psn
|upkeep
|
|t:|1757949051
|switch|p2a: Infernape|Infernape, F|100/100
|turn|17
|
|t:|1757949055
|move|p1a: Naayak|Mach Punch|p2a: Infernape
|-damage|p2a: Infernape|60/100
|move|p2a: Infernape|Swords Dance|p2a: Infernape
|-boost|p2a: Infernape|atk|2
|
|-heal|p2a: Infernape|66/100|[from] item: Leftovers
|-damage|p1a: Naayak|64/100 psn|[from] psn
|upkeep
|turn|18
|
|t:|1757949064
|move|p1a: Naayak|Mach Punch|p2a: Infernape
|-damage|p2a: Infernape|21/100
|move|p2a: Infernape|Fire Punch|p1a: Naayak
|-supereffective|p1a: Naayak
|-damage|p1a: Naayak|0 fnt
|faint|p1a: Naayak
|
|-heal|p2a: Infernape|27/100|[from] item: Leftovers
|upkeep
|
|t:|1757949066
|switch|p1a: Iris Buster|Haxorus, F|100/100
|-status|p1a: Iris Buster|psn
|-enditem|p1a: Iris Buster|Lum Berry|[eat]
|-curestatus|p1a: Iris Buster|psn|[msg]
|-ability|p1a: Iris Buster|Mold Breaker
|turn|19
|
|t:|1757949080
|-terastallize|p1a: Iris Buster|Dragon
|move|p2a: Infernape|Drain Punch|p1a: Iris Buster
|-damage|p1a: Iris Buster|18/100
|-heal|p2a: Infernape|67/100|[from] drain|[of] p1a: Iris Buster
|move|p1a: Iris Buster|Dragon Dance|p1a: Iris Buster
|-boost|p1a: Iris Buster|atk|1
|-boost|p1a: Iris Buster|spe|1
|
|-heal|p2a: Infernape|73/100|[from] item: Leftovers
|upkeep
|turn|20
|
|t:|1757949109
|move|p1a: Iris Buster|Earthquake|p2a: Infernape
|-supereffective|p2a: Infernape
|-damage|p2a: Infernape|0 fnt
|faint|p2a: Infernape
|
|upkeep
|
|t:|1757949115
|switch|p2a: Dragonite|Dragonite, M|41/100
|turn|21
|
|t:|1757949120
|move|p1a: Iris Buster|Iron Head|p2a: Dragonite
|-damage|p2a: Dragonite|0 fnt
|faint|p2a: Dragonite
|
|upkeep
|
|t:|1757949125
|switch|p2a: Mamoswine|Mamoswine, F|80/100
|turn|22
|
|t:|1757949129
|move|p1a: Iris Buster|Iron Head|p2a: Mamoswine
|-supereffective|p2a: Mamoswine
|-damage|p2a: Mamoswine|0 fnt
|faint|p2a: Mamoswine
|
|upkeep
|
|t:|1757949134
|switch|p2a: Gardevoir|Gardevoir, F|100/100
|turn|23
|
|t:|1757949138
|move|p1a: Iris Buster|Iron Head|p2a: Gardevoir
|-supereffective|p2a: Gardevoir
|-damage|p2a: Gardevoir|0 fnt
|faint|p2a: Gardevoir
|
|win|Chanti39
|raw|Chanti39's rating: 1045 &rarr; <strong>1080</strong><br />(+35 for winning)
|raw|luisfontanez45's rating: 1067 &rarr; <strong>1046</strong><br />(-21 for losing)
|c|☆Chanti39|gg's
