|j|☆St.Peewee
|j|☆Moxza
|t:|1757960447
|gametype|singles
|player|p1|St.Peewee|clair|1235
|player|p2|Moxza|willow|1181
|gen|9
|tier|[Gen 9] OU
|rated|
|rule|HP Percentage Mod: HP is shown in percentages
|rule|Endless Battle Clause: Forcing endless battles is banned
|rule|Species Clause: Limit one of each Pokémon
|rule|OHKO Clause: OHKO moves are banned
|rule|Evasion Items Clause: Evasion items are banned
|rule|Evasion Moves Clause: Evasion moves are banned
|rule|Evasion Abilities Clause: Evasion abilities are banned
|rule|Sleep Moves Clause: Sleep-inducing moves are banned
|clearpoke
|poke|p1|Grimmsnarl, M|
|poke|p1|Rillaboom, F|
|poke|p1|Hawlucha, M|
|poke|p1|Ursaluna, M|
|poke|p1|Rotom-Wash|
|poke|p1|Tornadus-Therian, M|
|poke|p2|Ogerpon-Wellspring, F|
|poke|p2|Gengar, M|
|poke|p2|Raging Bolt|
|poke|p2|Rillaboom, M|
|poke|p2|Heatran, F|
|poke|p2|Iron Valiant|
|teampreview
|inactive|Battle timer is ON: inactive players will automatically lose when time's up. (requested by Moxza)
|
|t:|1757960454
|teamsize|p1|6
|teamsize|p2|6
|start
|switch|p1a: Rotom|Rotom-Wash, shiny|100/100
|switch|p2a: Gengar|Gengar, M|100/100
|turn|1
|
|t:|1757960462
|move|p2a: Gengar|Sludge Wave|p1a: Rotom
|-damage|p1a: Rotom|64/100
|move|p1a: Rotom|Thunder Wave|p2a: Gengar
|-status|p2a: Gengar|par
|
|-heal|p1a: Rotom|70/100|[from] item: Leftovers
|upkeep
|turn|2
|
|t:|1757960470
|cant|p2a: Gengar|par
|move|p1a: Rotom|Volt Switch|p2a: Gengar
|-damage|p2a: Gengar|57/100 par
|-start|p1a: Rotom|Disable|Volt Switch|[from] ability: Cursed Body|[of] p2a: Gengar
|
|t:|1757960478
|switch|p1a: Grimmsnarl|Grimmsnarl, M, shiny|100/100|[from] Volt Switch
|
|upkeep
|turn|3
|
|t:|1757960480
|move|p1a: Grimmsnarl|Parting Shot|p2a: Gengar
|-unboost|p2a: Gengar|atk|1
|-unboost|p2a: Gengar|spa|1
|
|t:|1757960483
|switch|p1a: Rotom|Rotom-Wash, shiny|70/100|[from] Parting Shot
|move|p2a: Gengar|Sludge Wave|p1a: Rotom
|-crit|p1a: Rotom
|-damage|p1a: Rotom|13/100
|
|-heal|p1a: Rotom|19/100|[from] item: Leftovers
|upkeep
|turn|4
|
|t:|1757960485
|move|p2a: Gengar|Sludge Wave|p1a: Rotom
|-damage|p1a: Rotom|0 fnt
|faint|p1a: Rotom
|
|upkeep
|
|t:|1757960488
|switch|p1a: Grimmsnarl|Grimmsnarl, M, shiny|100/100
|turn|5
|
|t:|1757960490
|move|p1a: Grimmsnarl|Light Screen|p1a: Grimmsnarl
|-sidestart|p1: St.Peewee|move: Light Screen
|move|p2a: Gengar|Sludge Wave|p1a: Grimmsnarl
|-supereffective|p1a: Grimmsnarl
|-damage|p1a: Grimmsnarl|70/100
|
|upkeep
|turn|6
|
|t:|1757960493
|move|p1a: Grimmsnarl|Reflect|p1a: Grimmsnarl
|-sidestart|p1: St.Peewee|Reflect
|move|p2a: Gengar|Sludge Wave|p1a: Grimmsnarl
|-supereffective|p1a: Grimmsnarl
|-damage|p1a: Grimmsnarl|41/100
|
|upkeep
|turn|7
|
|t:|1757960495
|move|p1a: Grimmsnarl|Parting Shot|p2a: Gengar
|-unboost|p2a: Gengar|atk|1
|-unboost|p2a: Gengar|spa|1
|
|t:|1757960501
|switch|p1a: Rillaboom|Rillaboom, F, shiny|100/100|[from] Parting Shot
|-fieldstart|move: Grassy Terrain|[from] ability: Grassy Surge|[of] p1a: Rillaboom
|cant|p2a: Gengar|par
|
|-heal|p2a: Gengar|63/100 par|[from] Grassy Terrain
|upkeep
|turn|8
|
|t:|1757960504
|move|p2a: Gengar|Sludge Wave|p1a: Rillaboom
|-supereffective|p1a: Rillaboom
|-crit|p1a: Rillaboom
|-damage|p1a: Rillaboom|0 fnt
|faint|p1a: Rillaboom
|
|-heal|p2a: Gengar|69/100 par|[from] Grassy Terrain
|upkeep
|
|t:|1757960506
|switch|p1a: Hawlucha|Hawlucha, M, shiny|100/100
|-enditem|p1a: Hawlucha|Grassy Seed
|-boost|p1a: Hawlucha|def|1|[from] item: Grassy Seed
|turn|9
|
|t:|1757960508
|move|p1a: Hawlucha|Swords Dance|p1a: Hawlucha
|-boost|p1a: Hawlucha|atk|2
|move|p2a: Gengar|Sludge Wave|p1a: Hawlucha
|-damage|p1a: Hawlucha|83/100
|
|-heal|p2a: Gengar|75/100 par|[from] Grassy Terrain
|upkeep
|turn|10
|
|t:|1757960514
|-terastallize|p1a: Hawlucha|Flying
|move|p1a: Hawlucha|Acrobatics|p2a: Gengar
|-damage|p2a: Gengar|0 fnt
|-start|p1a: Hawlucha|Disable|Acrobatics|[from] ability: Cursed Body|[of] p2a: Gengar
|faint|p2a: Gengar
|
|upkeep
|
|t:|1757960531
|switch|p2a: Raging Bolt|Raging Bolt|100/100
|turn|11
|
|t:|1757960535
|switch|p1a: Ursaluna|Ursaluna, M, shiny|100/100
|move|p2a: Raging Bolt|Thunderbolt|p1a: Ursaluna
|-immune|p1a: Ursaluna
|
|-fieldend|move: Grassy Terrain
|-status|p1a: Ursaluna|brn|[from] item: Flame Orb
|upkeep
|turn|12
|
|t:|1757960547
|-terastallize|p2a: Raging Bolt|Ice
|move|p2a: Raging Bolt|Tera Blast|p1a: Ursaluna|[anim] Tera Blast Ice
|-supereffective|p1a: Ursaluna
|-crit|p1a: Ursaluna
|-damage|p1a: Ursaluna|0 fnt
|faint|p1a: Ursaluna
|
|-sideend|p1: St.Peewee|move: Light Screen
|upkeep
|c|☆Moxza|sry
|-message|St.Peewee forfeited.
|
|win|Moxza
|raw|St.Peewee's rating: 1235 &rarr; <strong>1206</strong><br />(-29 for losing)
|raw|Moxza's rating: 1181 &rarr; <strong>1210</strong><br />(+29 for winning)
|l|☆St.Peewee
|player|p1|
