|j|☆punhos64
|j|☆tigercloud
|t:|1757874843
|gametype|singles
|player|p1|punhos64|smasher|1083
|player|p2|tigercloud|steven|1111
|gen|9
|tier|[Gen 9] OU
|rated|
|rule|HP Percentage Mod: HP is shown in percentages
|rule|Endless Battle Clause: Forcing endless battles is banned
|rule|Species Clause: Limit one of each Pokémon
|rule|OHKO Clause: OHKO moves are banned
|rule|Evasion Items Clause: Evasion items are banned
|rule|Evasion Moves Clause: Evasion moves are banned
|rule|Evasion Abilities Clause: Evasion abilities are banned
|rule|Sleep Moves Clause: Sleep-inducing moves are banned
|clearpoke
|poke|p1|Gliscor, F|
|poke|p1|Cloyster, F|
|poke|p1|Iron Valiant|
|poke|p1|Whimsicott, F|
|poke|p1|Dragapult, M|
|poke|p1|Chandelure, F|
|poke|p2|Flapple, M|
|poke|p2|Appletun, M|
|poke|p2|Hydrapple, M|
|poke|p2|Dipplin, M|
|poke|p2|Exeggutor-Alola, M|
|teampreview
|inactive|Battle timer is ON: inactive players will automatically lose when time's up. (requested by tigercloud)
|
|t:|1757874855
|teamsize|p1|6
|teamsize|p2|5
|start
|switch|p1a: Gliscor|Gliscor, F|100/100
|switch|p2a: Exeggutor|Exeggutor-Alola, M, shiny|100/100
|-item|p1a: Gliscor|Toxic Orb|[from] ability: Frisk|[of] p2a: Exeggutor
|turn|1
|
|t:|1757874869
|move|p1a: Gliscor|Swords Dance|p1a: Gliscor
|-boost|p1a: Gliscor|atk|2
|move|p2a: Exeggutor|Leaf Storm|p1a: Gliscor
|-damage|p1a: Gliscor|10/100
|-unboost|p2a: Exeggutor|spa|2
|
|-status|p1a: Gliscor|tox|[from] item: Toxic Orb
|upkeep
|turn|2
|
|t:|1757874877
|move|p1a: Gliscor|Ice Fang|p2a: Exeggutor
|-supereffective|p2a: Exeggutor
|-damage|p2a: Exeggutor|0 fnt
|faint|p2a: Exeggutor
|
|-heal|p1a: Gliscor|23/100 tox|[from] ability: Poison Heal
|upkeep
|
|t:|1757874886
|switch|p2a: Dipplin|Dipplin, M, shiny|100/100
|turn|3
|
|t:|1757874889
|move|p1a: Gliscor|Ice Fang|p2a: Dipplin
|-supereffective|p2a: Dipplin
|-damage|p2a: Dipplin|48/100
|move|p2a: Dipplin|Giga Drain|p1a: Gliscor
|-damage|p1a: Gliscor|1/100 tox
|-heal|p2a: Dipplin|58/100|[from] drain|[of] p1a: Gliscor
|
|-heal|p1a: Gliscor|14/100 tox|[from] ability: Poison Heal
|upkeep
|turn|4
|
|t:|1757874897
|move|p1a: Gliscor|Ice Fang|p2a: Dipplin
|-supereffective|p2a: Dipplin
|-damage|p2a: Dipplin|11/100
|cant|p2a: Dipplin|flinch
|
|-heal|p1a: Gliscor|26/100 tox|[from] ability: Poison Heal
|upkeep
|turn|5
|
|t:|1757874904
|move|p1a: Gliscor|Ice Fang|p2a: Dipplin
|-supereffective|p2a: Dipplin
|-damage|p2a: Dipplin|0 fnt
|faint|p2a: Dipplin
|
|-heal|p1a: Gliscor|39/100 tox|[from] ability: Poison Heal
|upkeep
|
|t:|1757874918
|switch|p2a: Flapple|Flapple, M, shiny|100/100
|turn|6
|
|t:|1757874922
|-terastallize|p2a: Flapple|Fire
|move|p2a: Flapple|Grav Apple|p1a: Gliscor
|-damage|p1a: Gliscor|10/100 tox
|-unboost|p1a: Gliscor|def|1
|move|p1a: Gliscor|Ice Fang|p2a: Flapple
|-resisted|p2a: Flapple
|-damage|p2a: Flapple|79/100
|
|-heal|p1a: Gliscor|23/100 tox|[from] ability: Poison Heal
|upkeep
|turn|7
|
|t:|1757874935
|move|p2a: Flapple|Grav Apple|p1a: Gliscor
|-damage|p1a: Gliscor|0 fnt
|faint|p1a: Gliscor
|
|upkeep
|
|t:|1757874947
|switch|p1a: Cloyster|Cloyster, F|100/100
|turn|8
|
|t:|1757874953
|-terastallize|p1a: Cloyster|Electric
|move|p2a: Flapple|Grav Apple|p1a: Cloyster
|-damage|p1a: Cloyster|66/100
|-unboost|p1a: Cloyster|def|1
|-enditem|p1a: Cloyster|White Herb
|-clearnegativeboost|p1a: Cloyster|[silent]
|move|p1a: Cloyster|Shell Smash|p1a: Cloyster
|-unboost|p1a: Cloyster|def|1
|-unboost|p1a: Cloyster|spd|1
|-boost|p1a: Cloyster|atk|2
|-boost|p1a: Cloyster|spa|2
|-boost|p1a: Cloyster|spe|2
|
|upkeep
|turn|9
|
|t:|1757874965
|move|p1a: Cloyster|Rock Blast|p2a: Flapple
|-supereffective|p2a: Flapple
|-damage|p2a: Flapple|36/100
|-supereffective|p2a: Flapple
|-damage|p2a: Flapple|0 fnt
|faint|p2a: Flapple
|-hitcount|p2: Flapple|2
|
|upkeep
|
|t:|1757874968
|switch|p2a: Appletun|Appletun, M, shiny|100/100
|turn|10
|
|t:|1757874974
|move|p1a: Cloyster|Icicle Spear|p2a: Appletun
|-supereffective|p2a: Appletun
|-damage|p2a: Appletun|57/100
|-supereffective|p2a: Appletun
|-damage|p2a: Appletun|15/100
|-supereffective|p2a: Appletun
|-damage|p2a: Appletun|0 fnt
|faint|p2a: Appletun
|-hitcount|p2: Appletun|3
|
|upkeep
|-message|tigercloud forfeited.
|
|win|punhos64
|raw|punhos64's rating: 1083 &rarr; <strong>1113</strong><br />(+30 for winning)
|raw|tigercloud's rating: 1111 &rarr; <strong>1084</strong><br />(-27 for losing)
|l|☆tigercloud
|player|p2|
|l|☆punhos64
|player|p1|
