|j|☆bigfreakerjr
|j|☆FaithyUWU
|t:|1757886910
|gametype|singles
|player|p1|bigfreakerjr|170|
|player|p2|FaithyUWU|n|
|gen|9
|tier|[Gen 9] OU
|rule|HP Percentage Mod: HP is shown in percentages
|rule|Endless Battle Clause: Forcing endless battles is banned
|rule|Species Clause: Limit one of each Pokémon
|rule|OHKO Clause: OHKO moves are banned
|rule|Evasion Items Clause: Evasion items are banned
|rule|Evasion Moves Clause: Evasion moves are banned
|rule|Evasion Abilities Clause: Evasion abilities are banned
|rule|Sleep Moves Clause: Sleep-inducing moves are banned
|clearpoke
|poke|p1|Iron Hands|
|poke|p1|Grimmsnarl, M|
|poke|p1|Orthworm, F|
|poke|p1|Skeledirge, F|
|poke|p1|Barraskewda, F|
|poke|p1|Empoleon, F|
|poke|p2|Chandelure, M|
|poke|p2|Zoroark, F|
|poke|p2|Gyarados, F|
|poke|p2|Terrakion|
|poke|p2|Ting-Lu|
|poke|p2|Espeon, M|
|teampreview
|j| fiveStitches
|
|t:|1757886996
|teamsize|p1|6
|teamsize|p2|6
|start
|switch|p1a: BulletTrain|Barraskewda, F|100/100
|switch|p2a: Strawberry|Gyarados, F, shiny|100/100
|-ability|p2a: Strawberry|Intimidate|boost
|-unboost|p1a: BulletTrain|atk|1
|turn|1
|
|t:|1757887029
|move|p1a: BulletTrain|Flip Turn|p2a: Strawberry
|-resisted|p2a: Strawberry
|-damage|p2a: Strawberry|78/100
|
|t:|1757887038
|switch|p1a: Matt2026|Grimmsnarl, M|100/100|[from] Flip Turn
|move|p2a: Strawberry|Ice Beam|p1a: Matt2026
|-damage|p1a: Matt2026|86/100
|-status|p1a: Matt2026|frz
|
|-heal|p2a: Strawberry|84/100|[from] item: Leftovers
|upkeep
|turn|2
|c|☆bigfreakerjr|bro
|c|☆bigfreakerjr|special gyarados in the big 25 and I get froze
|
|t:|1757887136
|switch|p2a: Helmet|Ting-Lu|100/100
|-ability|p2a: Helmet|Vessel of Ruin
|switch|p1a: Hnads On|Iron Hands|100/100
|-item|p1a: Hnads On|Air Balloon
|
|upkeep
|turn|3
|
|t:|1757887163
|move|p1a: Hnads On|Substitute|p1a: Hnads On
|-start|p1a: Hnads On|Substitute
|-damage|p1a: Hnads On|76/100
|move|p2a: Helmet|Earthquake|p1a: Hnads On
|-immune|p1a: Hnads On
|
|upkeep
|turn|4
|c|☆bigfreakerjr|both of our non moving fellas
|
|t:|1757887218
|switch|p2a: Dank Bong Ripper|Chandelure, M, shiny|100/100
|-item|p2a: Dank Bong Ripper|Air Balloon
|move|p1a: Hnads On|Swords Dance|p1a: Hnads On
|-boost|p1a: Hnads On|atk|2
|
|upkeep
|turn|5
|
|t:|1757887230
|move|p2a: Dank Bong Ripper|Clear Smog|p1a: Hnads On
|-activate|p1a: Hnads On|move: Substitute|[damage]
|-enditem|p1a: Hnads On|Air Balloon
|move|p1a: Hnads On|Supercell Slam|p2a: Dank Bong Ripper
|-damage|p2a: Dank Bong Ripper|0 fnt
|-enditem|p2a: Dank Bong Ripper|Air Balloon
|faint|p2a: Dank Bong Ripper
|
|upkeep
|
|t:|1757887256
|switch|p2a: Ram Ranch|Terrakion, shiny|100/100
|turn|6
|
|t:|1757887276
|move|p2a: Ram Ranch|Iron Head|p1a: Hnads On
|-resisted|p1a: Hnads On
|-end|p1a: Hnads On|Substitute
|move|p1a: Hnads On|Drain Punch|p2a: Ram Ranch
|-supereffective|p2a: Ram Ranch
|-enditem|p2a: Ram Ranch|Focus Sash
|-damage|p2a: Ram Ranch|1/100
|-heal|p1a: Hnads On|100/100|[from] drain|[of] p2a: Ram Ranch
|
|upkeep
|turn|7
|c|☆FaithyUWU|stop being mean
|
|t:|1757887315
|-end|p1a: Hnads On|Quark Drive|[silent]
|switch|p1a: Matt2026|Grimmsnarl, M|86/100 frz
|move|p2a: Ram Ranch|Earthquake|p1a: Matt2026
|-damage|p1a: Matt2026|53/100 frz
|
|upkeep
|turn|8
|
|t:|1757887326
|cant|p1a: Matt2026|frz
|move|p2a: Ram Ranch|Iron Head|p1a: Matt2026
|-supereffective|p1a: Matt2026
|-damage|p1a: Matt2026|0 fnt
|faint|p1a: Matt2026
|
|upkeep
|
|t:|1757887333
|switch|p1a: BulletTrain|Barraskewda, F|100/100
|turn|9
|c|☆bigfreakerjr|nuh uh
|
|t:|1757887344
|move|p1a: BulletTrain|Flip Turn|p2a: Ram Ranch
|-supereffective|p2a: Ram Ranch
|-damage|p2a: Ram Ranch|0 fnt
|faint|p2a: Ram Ranch
|
|t:|1757887369
|switch|p1a: Who Up|Orthworm, F|100/100|[from] Flip Turn
|
|upkeep
|
|t:|1757887376
|switch|p2a: Gnarpy|Espeon, M, shiny|100/100
|turn|10
|
|t:|1757887384
|switch|p1a: Flightless|Empoleon, F|100/100
|move|p2a: Gnarpy|Flamethrower|p1a: Flightless
|-damage|p1a: Flightless|83/100
|
|upkeep
|turn|11
|c|☆bigfreakerjr|not today zoroark
|
|t:|1757887412
|switch|p2a: Strawberry|Gyarados, F, shiny|84/100
|-ability|p2a: Strawberry|Intimidate|boost
|-unboost|p1a: Flightless|atk|1
|-ability|p1a: Flightless|Competitive|boost
|-boost|p1a: Flightless|spa|2
|move|p1a: Flightless|Flip Turn|p2a: Strawberry
|-resisted|p2a: Strawberry
|-damage|p2a: Strawberry|76/100
|
|t:|1757887432
|switch|p1a: Hnads On|Iron Hands|100/100|[from] Flip Turn
|
|-heal|p2a: Strawberry|82/100|[from] item: Leftovers
|upkeep
|turn|12
|
|t:|1757887463
|move|p2a: Strawberry|Waterfall|p1a: Hnads On
|-damage|p1a: Hnads On|77/100
|move|p1a: Hnads On|Substitute|p1a: Hnads On
|-start|p1a: Hnads On|Substitute
|-damage|p1a: Hnads On|52/100
|
|-heal|p2a: Strawberry|88/100|[from] item: Leftovers
|upkeep
|turn|13
|
|t:|1757887474
|move|p2a: Strawberry|Ice Beam|p1a: Hnads On
|-activate|p1a: Hnads On|move: Substitute|[damage]
|move|p1a: Hnads On|Supercell Slam|p2a: Strawberry
|-supereffective|p2a: Strawberry
|-damage|p2a: Strawberry|0 fnt
|faint|p2a: Strawberry
|
|upkeep
|
|t:|1757887484
|switch|p2a: Gnarpy|Espeon, M, shiny|100/100
|turn|14
|
|t:|1757887497
|move|p2a: Gnarpy|Psychic|p1a: Hnads On
|-supereffective|p1a: Hnads On
|-end|p1a: Hnads On|Substitute
|move|p1a: Hnads On|Supercell Slam|p2a: Gnarpy
|-damage|p2a: Gnarpy|0 fnt
|faint|p2a: Gnarpy
|
|upkeep
|
|t:|1757887510
|switch|p2a: Helmet|Ting-Lu|100/100
|-ability|p2a: Helmet|Vessel of Ruin
|turn|15
|c|☆bigfreakerjr|watch how little i do
|
|t:|1757887539
|move|p1a: Hnads On|Drain Punch|p2a: Helmet
|-supereffective|p2a: Helmet
|-crit|p2a: Helmet
|-damage|p2a: Helmet|39/100
|-heal|p1a: Hnads On|83/100|[from] drain|[of] p2a: Helmet
|-damage|p1a: Hnads On|66/100|[from] item: Rocky Helmet|[of] p2a: Helmet
|move|p2a: Helmet|Earthquake|p1a: Hnads On
|-supereffective|p1a: Hnads On
|-damage|p1a: Hnads On|20/100
|
|upkeep
|turn|16
|c|☆bigfreakerjr|nvm
|c|☆FaithyUWU|shut up
|c|☆bigfreakerjr|remember you have tera
|
|t:|1757887583
|move|p1a: Hnads On|Drain Punch|p2a: Helmet
|-supereffective|p2a: Helmet
|-damage|p2a: Helmet|3/100
|-heal|p1a: Hnads On|38/100|[from] drain|[of] p2a: Helmet
|-damage|p1a: Hnads On|22/100|[from] item: Rocky Helmet|[of] p2a: Helmet
|move|p2a: Helmet|Earthquake|p1a: Hnads On
|-supereffective|p1a: Hnads On
|-damage|p1a: Hnads On|0 fnt
|faint|p1a: Hnads On
|-end|p1a: Hnads On|Quark Drive|[silent]
|
|upkeep
|c|☆FaithyUWU|ik
|
|t:|1757887605
|switch|p1a: Crocodile|Skeledirge, F|100/100
|turn|17
|
|t:|1757887618
|move|p1a: Crocodile|Torch Song|p2a: Helmet
|-damage|p2a: Helmet|0 fnt
|-boost|p1a: Crocodile|spa|1
|faint|p2a: Helmet
|-enditem|p1a: Crocodile|Throat Spray
|-boost|p1a: Crocodile|spa|1|[from] item: Throat Spray
|
|upkeep
|
|t:|1757887624
|switch|p2a: Loki|Zoroark, F, shiny|100/100
|turn|18
|c|☆bigfreakerjr|shiny
|
|t:|1757887636
|-terastallize|p2a: Loki|Poison
|-terastallize|p1a: Crocodile|Fairy
|move|p2a: Loki|Dark Pulse|p1a: Crocodile
|-resisted|p1a: Crocodile
|-damage|p1a: Crocodile|79/100
|move|p1a: Crocodile|Alluring Voice|p2a: Loki
|-resisted|p2a: Loki
|-damage|p2a: Loki|29/100
|
|upkeep
|turn|19
|
|t:|1757887646
|move|p2a: Loki|Sludge Bomb|p1a: Crocodile
|-supereffective|p1a: Crocodile
|-damage|p1a: Crocodile|0 fnt
|faint|p1a: Crocodile
|
|upkeep
|c|☆FaithyUWU|YAAY
|c|☆FaithyUWU|let me kill 1 more so i can be above kyle
|c|☆bigfreakerjr|I mightve lost if i didnt have barraskewda
|
|t:|1757887668
|switch|p1a: BulletTrain|Barraskewda, F|100/100
|turn|20
|
|t:|1757887680
|move|p1a: BulletTrain|Psychic Fangs|p2a: Loki
|-supereffective|p2a: Loki
|-damage|p2a: Loki|0 fnt
|faint|p2a: Loki
|
|win|bigfreakerjr
|c|☆bigfreakerjr|gg!
