|j|☆ultraaero
|j|☆chongtong
|t:|1757825621
|gametype|singles
|player|p1|ultraaero|skierf|1235
|player|p2|chongtong|170|1335
|gen|9
|tier|[Gen 9] OU
|rated|
|rule|HP Percentage Mod: HP is shown in percentages
|rule|Endless Battle Clause: Forcing endless battles is banned
|rule|Species Clause: Limit one of each Pokémon
|rule|OHKO Clause: OHKO moves are banned
|rule|Evasion Items Clause: Evasion items are banned
|rule|Evasion Moves Clause: Evasion moves are banned
|rule|Evasion Abilities Clause: Evasion abilities are banned
|rule|Sleep Moves Clause: Sleep-inducing moves are banned
|clearpoke
|poke|p1|Cinderace, M|
|poke|p1|Vaporeon, F|
|poke|p1|Gliscor, F|
|poke|p1|Corviknight, M|
|poke|p1|Serperior, F|
|poke|p1|Sylveon, F|
|poke|p2|Dragonite, M|
|poke|p2|Garchomp, F|
|poke|p2|Excadrill, M|
|poke|p2|Latios, M|
|poke|p2|Tyranitar, M|
|poke|p2|Salamence, M|
|teampreview
|inactive|Battle timer is ON: inactive players will automatically lose when time's up. (requested by ultraaero)
|
|t:|1757825641
|teamsize|p1|6
|teamsize|p2|6
|start
|switch|p1a: Cinderace|Cinderace, M|100/100
|switch|p2a: Salamence|Salamence, M|100/100
|turn|1
|
|t:|1757825649
|move|p1a: Cinderace|U-turn|p2a: Salamence
|-start|p1a: Cinderace|typechange|Bug|[from] ability: Libero
|-resisted|p2a: Salamence
|-crit|p2a: Salamence
|-damage|p2a: Salamence|63/100
|
|t:|1757825655
|switch|p1a: Serperior|Serperior, F|100/100|[from] U-turn
|move|p2a: Salamence|Hydro Pump|p1a: Serperior
|-resisted|p1a: Serperior
|-damage|p1a: Serperior|75/100
|-damage|p2a: Salamence|53/100|[from] item: Life Orb
|
|upkeep
|turn|2
|
|t:|1757825664
|move|p2a: Salamence|Fire Blast|p1a: Serperior
|-supereffective|p1a: Serperior
|-crit|p1a: Serperior
|-damage|p1a: Serperior|0 fnt
|faint|p1a: Serperior
|-ability|p2a: Salamence|Moxie|boost
|-boost|p2a: Salamence|atk|1
|-damage|p2a: Salamence|43/100|[from] item: Life Orb
|
|upkeep
|
|t:|1757825674
|switch|p1a: Sylveon|Sylveon, F|100/100
|turn|3
|
|t:|1757825688
|-terastallize|p2a: Salamence|Flying
|move|p2a: Salamence|Dual Wingbeat|p1a: Sylveon
|-damage|p1a: Sylveon|42/100
|-damage|p1a: Sylveon|0 fnt
|faint|p1a: Sylveon
|-ability|p2a: Salamence|Moxie|boost
|-boost|p2a: Salamence|atk|1
|-hitcount|p1: Sylveon|2
|-damage|p2a: Salamence|33/100|[from] item: Life Orb
|
|upkeep
|
|t:|1757825698
|switch|p1a: Corviknight|Corviknight, M|100/100
|-ability|p1a: Corviknight|Pressure
|turn|4
|
|t:|1757825705
|move|p2a: Salamence|Fire Blast|p1a: Corviknight|[miss]
|-miss|p2a: Salamence|p1a: Corviknight
|move|p1a: Corviknight|Iron Defense|p1a: Corviknight
|-boost|p1a: Corviknight|def|2
|
|upkeep
|turn|5
|
|t:|1757825718
|-terastallize|p1a: Corviknight|Ghost
|move|p2a: Salamence|Fire Blast|p1a: Corviknight
|-damage|p1a: Corviknight|69/100
|-status|p1a: Corviknight|brn
|-damage|p2a: Salamence|23/100|[from] item: Life Orb
|move|p1a: Corviknight|Iron Defense|p1a: Corviknight
|-boost|p1a: Corviknight|def|2
|
|-damage|p1a: Corviknight|63/100 brn|[from] brn
|upkeep
|turn|6
|
|t:|1757825730
|move|p2a: Salamence|Draco Meteor|p1a: Corviknight
|-damage|p1a: Corviknight|10/100 brn
|-unboost|p2a: Salamence|spa|2
|-damage|p2a: Salamence|13/100|[from] item: Life Orb
|move|p1a: Corviknight|Power Trip|p2a: Salamence
|-damage|p2a: Salamence|0 fnt
|faint|p2a: Salamence
|
|-damage|p1a: Corviknight|4/100 brn|[from] brn
|upkeep
|
|t:|1757825743
|switch|p2a: Dragonite|Dragonite, M|100/100
|turn|7
|
|t:|1757825748
|move|p2a: Dragonite|Extreme Speed|p1a: Corviknight
|-immune|p1a: Corviknight
|move|p1a: Corviknight|Power Trip|p2a: Dragonite
|-damage|p2a: Dragonite|97/100
|-damage|p1a: Corviknight|0 fnt|[from] item: Rocky Helmet|[of] p2a: Dragonite
|faint|p1a: Corviknight
|
|upkeep
|
|t:|1757825758
|switch|p1a: Vaporeon|Vaporeon, F|100/100
|turn|8
|
|t:|1757825761
|move|p2a: Dragonite|Thunder Wave|p1a: Vaporeon
|-status|p1a: Vaporeon|par
|cant|p1a: Vaporeon|par
|
|upkeep
|turn|9
|
|t:|1757825767
|move|p2a: Dragonite|Roost|p2a: Dragonite
|-heal|p2a: Dragonite|100/100
|-singleturn|p2a: Dragonite|move: Roost
|move|p1a: Vaporeon|Ice Beam|p2a: Dragonite
|-supereffective|p2a: Dragonite
|-damage|p2a: Dragonite|74/100
|
|upkeep
|turn|10
|
|t:|1757825775
|switch|p2a: Tyranitar|Tyranitar, M, shiny|100/100
|-weather|Sandstorm|[from] ability: Sand Stream|[of] p2a: Tyranitar
|cant|p1a: Vaporeon|par
|
|-weather|Sandstorm|[upkeep]
|-damage|p1a: Vaporeon|94/100 par|[from] Sandstorm
|-heal|p1a: Vaporeon|100/100 par|[from] item: Leftovers
|upkeep
|turn|11
|
|t:|1757825785
|move|p2a: Tyranitar|Knock Off|p1a: Vaporeon
|-damage|p1a: Vaporeon|14/100 par
|-enditem|p1a: Vaporeon|Leftovers|[from] move: Knock Off|[of] p2a: Tyranitar
|move|p1a: Vaporeon|Calm Mind|p1a: Vaporeon
|-boost|p1a: Vaporeon|spa|1
|-boost|p1a: Vaporeon|spd|1
|
|-weather|Sandstorm|[upkeep]
|-damage|p1a: Vaporeon|7/100 par|[from] Sandstorm
|upkeep
|turn|12
|
|t:|1757825795
|move|p2a: Tyranitar|Knock Off|p1a: Vaporeon
|-damage|p1a: Vaporeon|0 fnt
|faint|p1a: Vaporeon
|
|-weather|Sandstorm|[upkeep]
|upkeep
|
|t:|1757825800
|switch|p1a: Gliscor|Gliscor, F|100/100
|turn|13
|
|t:|1757825804
|move|p1a: Gliscor|Earthquake|p2a: Tyranitar
|-supereffective|p2a: Tyranitar
|-damage|p2a: Tyranitar|54/100
|move|p2a: Tyranitar|Knock Off|p1a: Gliscor
|-damage|p1a: Gliscor|51/100
|-enditem|p1a: Gliscor|Toxic Orb|[from] move: Knock Off|[of] p2a: Tyranitar
|
|-weather|Sandstorm|[upkeep]
|upkeep
|turn|14
|
|t:|1757825813
|switch|p2a: Dragonite|Dragonite, M|74/100
|move|p1a: Gliscor|Earthquake|p2a: Dragonite
|-immune|p2a: Dragonite
|
|-weather|none
|upkeep
|turn|15
|
|t:|1757825821
|move|p1a: Gliscor|Toxic Spikes|p2a: Dragonite
|-sidestart|p2: chongtong|move: Toxic Spikes
|move|p2a: Dragonite|Roost|p2a: Dragonite
|-heal|p2a: Dragonite|100/100
|-singleturn|p2a: Dragonite|move: Roost
|
|upkeep
|turn|16
|
|t:|1757825827
|move|p1a: Gliscor|Knock Off|p2a: Dragonite
|-damage|p2a: Dragonite|93/100
|-damage|p1a: Gliscor|35/100|[from] item: Rocky Helmet|[of] p2a: Dragonite
|-enditem|p2a: Dragonite|Rocky Helmet|[from] move: Knock Off|[of] p1a: Gliscor
|move|p2a: Dragonite|Fire Spin|p1a: Gliscor
|-damage|p1a: Gliscor|26/100
|-activate|p1a: Gliscor|move: Fire Spin|[of] p2a: Dragonite
|
|-damage|p1a: Gliscor|13/100|[from] move: Fire Spin|[partiallytrapped]
|upkeep
|turn|17
|
|t:|1757825841
|move|p1a: Gliscor|Knock Off|p2a: Dragonite
|-damage|p2a: Dragonite|83/100
|move|p2a: Dragonite|Roost|p2a: Dragonite
|-heal|p2a: Dragonite|100/100
|-singleturn|p2a: Dragonite|move: Roost
|
|-damage|p1a: Gliscor|1/100|[from] move: Fire Spin|[partiallytrapped]
|upkeep
|turn|18
|
|t:|1757825850
|move|p2a: Dragonite|Extreme Speed|p1a: Gliscor
|-damage|p1a: Gliscor|0 fnt
|faint|p1a: Gliscor
|
|upkeep
|
|t:|1757825855
|switch|p1a: Cinderace|Cinderace, M|100/100
|turn|19
|
|t:|1757825859
|move|p1a: Cinderace|Pyro Ball|p2a: Dragonite
|-resisted|p2a: Dragonite
|-damage|p2a: Dragonite|91/100
|move|p2a: Dragonite|Thunder Wave|p1a: Cinderace
|-status|p1a: Cinderace|par
|
|upkeep
|turn|20
|
|t:|1757825867
|switch|p2a: Garchomp|Garchomp, F, shiny|100/100
|-status|p2a: Garchomp|psn
|cant|p1a: Cinderace|par
|
|-damage|p2a: Garchomp|88/100 psn|[from] psn
|upkeep
|turn|21
|
|t:|1757825876
|move|p1a: Cinderace|Sucker Punch|p2a: Garchomp
|-start|p1a: Cinderace|typechange|Dark|[from] ability: Libero
|-damage|p2a: Garchomp|57/100 psn
|-damage|p1a: Cinderace|88/100 par|[from] ability: Rough Skin|[of] p2a: Garchomp
|move|p2a: Garchomp|Earthquake|p1a: Cinderace
|-damage|p1a: Cinderace|0 fnt
|faint|p1a: Cinderace
|-damage|p2a: Garchomp|47/100 psn|[from] item: Life Orb
|
|win|chongtong
|raw|ultraaero's rating: 1235 &rarr; <strong>1217</strong><br />(-18 for losing)
|raw|chongtong's rating: 1335 &rarr; <strong>1349</strong><br />(+14 for winning)
|l|☆ultraaero
|player|p1|
|l|☆chongtong
|player|p2|
