|j|☆alanfournumbers
|j|☆a19a19
|t:|1757944036
|gametype|singles
|player|p1|alanfournumbers|2|1697
|player|p2|a19a19|red|1723
|gen|9
|tier|[Gen 9] OU
|rated|
|rule|HP Percentage Mod: HP is shown in percentages
|rule|Endless Battle Clause: Forcing endless battles is banned
|rule|Species Clause: Limit one of each Pokémon
|rule|OHKO Clause: OHKO moves are banned
|rule|Evasion Items Clause: Evasion items are banned
|rule|Evasion Moves Clause: Evasion moves are banned
|rule|Evasion Abilities Clause: Evasion abilities are banned
|rule|Sleep Moves Clause: Sleep-inducing moves are banned
|clearpoke
|poke|p1|Pecharunt|
|poke|p1|Great Tusk|
|poke|p1|Ogerpon-Wellspring, F|
|poke|p1|Iron Crown|
|poke|p1|Landorus-Therian, M|
|poke|p1|Samurott-Hisui, F|
|poke|p2|Raging Bolt|
|poke|p2|Iron Treads|
|poke|p2|Ting-Lu|
|poke|p2|Gholdengo|
|poke|p2|Zamazenta-*|
|poke|p2|Tornadus-Therian, M|
|teampreview
|
|t:|1757944046
|teamsize|p1|6
|teamsize|p2|6
|start
|switch|p1a: Edging Ceaselessly|Samurott-Hisui, F|100/100
|switch|p2a: Tornadus|Tornadus-Therian, M|100/100
|turn|1
|inactive|Battle timer is ON: inactive players will automatically lose when time's up. (requested by a19a19)
|
|t:|1757944053
|switch|p1a: Tahm Pech|Pecharunt|100/100
|move|p2a: Tornadus|Focus Blast|p1a: Tahm Pech
|-immune|p1a: Tahm Pech
|
|upkeep
|turn|2
|
|t:|1757944064
|-terastallize|p2a: Tornadus|Dark
|move|p2a: Tornadus|Dark Pulse|p1a: Tahm Pech
|-supereffective|p1a: Tahm Pech
|-damage|p1a: Tahm Pech|7/100
|-damage|p2a: Tornadus|91/100|[from] item: Life Orb
|move|p1a: Tahm Pech|Malignant Chain|p2a: Tornadus
|-damage|p2a: Tornadus|52/100
|-status|p2a: Tornadus|tox
|-start|p2a: Tornadus|confusion|[from] ability: Poison Puppeteer|[of] p1a: Tahm Pech
|
|-damage|p2a: Tornadus|46/100 tox|[from] psn
|upkeep
|turn|3
|j| Specnier
|
|t:|1757944080
|switch|p2a: Iron Treads|Iron Treads|100/100
|-enditem|p2a: Iron Treads|Booster Energy
|-activate|p2a: Iron Treads|ability: Quark Drive|[fromitem]
|-start|p2a: Iron Treads|quarkdrivespe
|switch|p1a: Edging Ceaselessly|Samurott-Hisui, F|100/100
|
|upkeep
|turn|4
|
|t:|1757944096
|move|p2a: Iron Treads|Earthquake|p1a: Edging Ceaselessly
|-damage|p1a: Edging Ceaselessly|35/100
|move|p1a: Edging Ceaselessly|Razor Shell|p2a: Iron Treads
|-supereffective|p2a: Iron Treads
|-damage|p2a: Iron Treads|7/100
|
|upkeep
|turn|5
|j| ilytrix
|
|t:|1757944104
|move|p1a: Edging Ceaselessly|Aqua Jet|p2a: Iron Treads
|-supereffective|p2a: Iron Treads
|-damage|p2a: Iron Treads|0 fnt
|faint|p2a: Iron Treads
|-end|p2a: Iron Treads|Quark Drive|[silent]
|
|upkeep
|
|t:|1757944110
|switch|p2a: Tornadus|Tornadus-Therian, M, tera:Dark|79/100 tox
|turn|6
|
|t:|1757944126
|switch|p1a: Tahm Pech|Pecharunt|7/100
|move|p2a: Tornadus|Bleakwind Storm|p1a: Tahm Pech
|-damage|p1a: Tahm Pech|0 fnt
|faint|p1a: Tahm Pech
|-damage|p2a: Tornadus|70/100 tox|[from] item: Life Orb
|
|-damage|p2a: Tornadus|64/100 tox|[from] psn
|upkeep
|
|t:|1757944129
|switch|p1a: i be doin the most|Landorus-Therian, M|100/100
|-ability|p1a: i be doin the most|Intimidate|boost
|-unboost|p2a: Tornadus|atk|1
|turn|7
|
|t:|1757944146
|switch|p2a: Ting-Lu|Ting-Lu|100/100
|-ability|p2a: Ting-Lu|Vessel of Ruin
|move|p1a: i be doin the most|U-turn|p2a: Ting-Lu
|-supereffective|p2a: Ting-Lu
|-damage|p2a: Ting-Lu|69/100
|-enditem|p2a: Ting-Lu|Weakness Policy
|-boost|p2a: Ting-Lu|atk|2|[from] item: Weakness Policy
|-boost|p2a: Ting-Lu|spa|2|[from] item: Weakness Policy
|
|t:|1757944157
|switch|p1a: :pensive:|Ogerpon-Wellspring, F|100/100|[from] U-turn
|
|upkeep
|turn|8
|
|t:|1757944163
|move|p1a: :pensive:|Ivy Cudgel|p2a: Ting-Lu|[anim] Ivy Cudgel Water
|-supereffective|p2a: Ting-Lu
|-damage|p2a: Ting-Lu|10/100
|move|p2a: Ting-Lu|Payback|p1a: :pensive:
|-damage|p1a: :pensive:|24/100
|
|upkeep
|turn|9
|l| Specnier
|
|t:|1757944170
|move|p1a: :pensive:|Ivy Cudgel|p2a: Ting-Lu|[anim] Ivy Cudgel Water
|-supereffective|p2a: Ting-Lu
|-damage|p2a: Ting-Lu|0 fnt
|faint|p2a: Ting-Lu
|
|upkeep
|
|t:|1757944177
|switch|p2a: Tornadus|Tornadus-Therian, M, tera:Dark|97/100 tox
|turn|10
|
|t:|1757944183
|move|p2a: Tornadus|Dark Pulse|p1a: :pensive:
|-damage|p1a: :pensive:|0 fnt
|faint|p1a: :pensive:
|-damage|p2a: Tornadus|87/100 tox|[from] item: Life Orb
|
|-damage|p2a: Tornadus|81/100 tox|[from] psn
|upkeep
|
|t:|1757944186
|switch|p1a: i be doin the most|Landorus-Therian, M|100/100
|-ability|p1a: i be doin the most|Intimidate|boost
|-unboost|p2a: Tornadus|atk|1
|turn|11
|inactive|a19a19 has 120 seconds left.
|
|t:|1757944219
|move|p1a: i be doin the most|U-turn|p2a: Tornadus
|-supereffective|p2a: Tornadus
|-damage|p2a: Tornadus|2/100 tox
|
|t:|1757944228
|switch|p1a: Edging Ceaselessly|Samurott-Hisui, F|35/100|[from] U-turn
|move|p2a: Tornadus|Bleakwind Storm|p1a: Edging Ceaselessly
|-damage|p1a: Edging Ceaselessly|0 fnt
|faint|p1a: Edging Ceaselessly
|-damage|p2a: Tornadus|0 fnt|[from] item: Life Orb
|faint|p2a: Tornadus
|
|upkeep
|inactive|a19a19 has 120 seconds left.
|
|t:|1757944243
|switch|p2a: Zamazenta|Zamazenta|100/100
|switch|p1a: i be doin the most|Landorus-Therian, M|100/100
|-ability|p1a: i be doin the most|Intimidate|boost
|-unboost|p2a: Zamazenta|atk|1
|-ability|p2a: Zamazenta|Dauntless Shield|boost
|-boost|p2a: Zamazenta|def|1
|turn|12
|inactive|a19a19 has 120 seconds left.
|
|t:|1757944273
|-terastallize|p1a: i be doin the most|Flying
|move|p1a: i be doin the most|Tera Blast|p2a: Zamazenta|[anim] Tera Blast Flying
|-supereffective|p2a: Zamazenta
|-damage|p2a: Zamazenta|34/100
|move|p2a: Zamazenta|Body Press|p1a: i be doin the most
|-resisted|p1a: i be doin the most
|-damage|p1a: i be doin the most|67/100
|
|-heal|p2a: Zamazenta|40/100|[from] item: Leftovers
|upkeep
|turn|13
|inactive|a19a19 has 90 seconds left.
|
|t:|1757944295
|move|p1a: i be doin the most|Tera Blast|p2a: Zamazenta|[anim] Tera Blast Flying
|-supereffective|p2a: Zamazenta
|-damage|p2a: Zamazenta|0 fnt
|faint|p2a: Zamazenta
|
|upkeep
|inactive|a19a19 has 90 seconds left.
|
|t:|1757944301
|switch|p2a: Raging Bolt|Raging Bolt|100/100
|-enditem|p2a: Raging Bolt|Booster Energy
|-activate|p2a: Raging Bolt|ability: Protosynthesis|[fromitem]
|-start|p2a: Raging Bolt|protosynthesisspa
|turn|14
|
|t:|1757944315
|move|p1a: i be doin the most|Tera Blast|p2a: Raging Bolt|[anim] Tera Blast Flying
|-resisted|p2a: Raging Bolt
|-damage|p2a: Raging Bolt|75/100
|move|p2a: Raging Bolt|Dragon Pulse|p1a: i be doin the most
|-damage|p1a: i be doin the most|0 fnt
|faint|p1a: i be doin the most
|
|upkeep
|
|t:|1757944320
|switch|p1a: Basedlord CTE|Great Tusk|100/100
|-enditem|p1a: Basedlord CTE|Booster Energy
|-activate|p1a: Basedlord CTE|ability: Protosynthesis|[fromitem]
|-start|p1a: Basedlord CTE|protosynthesisspe
|turn|15
|
|t:|1757944337
|move|p1a: Basedlord CTE|Headlong Rush|p2a: Raging Bolt
|-supereffective|p2a: Raging Bolt
|-damage|p2a: Raging Bolt|0 fnt
|-unboost|p1a: Basedlord CTE|def|1
|-unboost|p1a: Basedlord CTE|spd|1
|faint|p2a: Raging Bolt
|-end|p2a: Raging Bolt|Protosynthesis|[silent]
|
|upkeep
|
|t:|1757944344
|switch|p2a: Gholdengo|Gholdengo|100/100
|-item|p2a: Gholdengo|Air Balloon
|turn|16
|inactive|a19a19 has 90 seconds left.
|
|t:|1757944368
|-end|p1a: Basedlord CTE|Protosynthesis|[silent]
|switch|p1a: Wokeballion|Iron Crown|100/100
|move|p2a: Gholdengo|Make It Rain|p1a: Wokeballion
|-resisted|p1a: Wokeballion
|-damage|p1a: Wokeballion|72/100
|-unboost|p2a: Gholdengo|spa|1
|
|upkeep
|turn|17
|inactive|a19a19 has 90 seconds left.
|
|t:|1757944384
|move|p1a: Wokeballion|Volt Switch|p2a: Gholdengo
|-damage|p2a: Gholdengo|65/100
|-enditem|p2a: Gholdengo|Air Balloon
|-message|a19a19 forfeited.
|
|win|alanfournumbers
|raw|alanfournumbers's rating: 1697 &rarr; <strong>1718</strong><br />(+21 for winning)
|raw|a19a19's rating: 1723 &rarr; <strong>1702</strong><br />(-21 for losing)
|l|☆a19a19
|player|p2|
|l|☆alanfournumbers
|player|p1|
|l| ilytrix
