|j|☆LonelySxNner
|j|☆quetzuma
|t:|1757860671
|gametype|singles
|player|p1|LonelySxNner|102|1379
|player|p2|quetzuma|drayden|1421
|gen|9
|tier|[Gen 9] OU
|rated|
|rule|HP Percentage Mod: HP is shown in percentages
|rule|Endless Battle Clause: Forcing endless battles is banned
|rule|Species Clause: Limit one of each Pokémon
|rule|OHKO Clause: OHKO moves are banned
|rule|Evasion Items Clause: Evasion items are banned
|rule|Evasion Moves Clause: Evasion moves are banned
|rule|Evasion Abilities Clause: Evasion abilities are banned
|rule|Sleep Moves Clause: Sleep-inducing moves are banned
|clearpoke
|poke|p1|Meloetta|
|poke|p1|Iron Crown|
|poke|p1|Ceruledge, F|
|poke|p1|Grimmsnarl, M|
|poke|p1|Greninja-*, M|
|poke|p1|Hoopa-Unbound|
|poke|p2|Moltres|
|poke|p2|Krookodile, F|
|poke|p2|Pelipper, F|
|poke|p2|Qwilfish, M|
|poke|p2|Iron Treads|
|poke|p2|Raging Bolt|
|teampreview
|inactive|Battle timer is ON: inactive players will automatically lose when time's up. (requested by quetzuma)
|
|t:|1757860700
|teamsize|p1|6
|teamsize|p2|6
|start
|switch|p1a: Hoopa|Hoopa-Unbound|100/100
|switch|p2a: Iron Treads|Iron Treads|100/100
|turn|1
|
|t:|1757860706
|move|p2a: Iron Treads|Stealth Rock|p1a: Hoopa
|-sidestart|p1: LonelySxNner|move: Stealth Rock
|move|p1a: Hoopa|Psychic|p2a: Iron Treads
|-resisted|p2a: Iron Treads
|-damage|p2a: Iron Treads|45/100
|
|-heal|p2a: Iron Treads|51/100|[from] item: Leftovers
|upkeep
|turn|2
|
|t:|1757860712
|-end|p2a: Iron Treads|Quark Drive|[silent]
|switch|p2a: Krookodile|Krookodile, F|100/100
|move|p1a: Hoopa|Psychic|p2a: Krookodile
|-immune|p2a: Krookodile
|
|upkeep
|turn|3
|
|t:|1757860717
|switch|p1a: Greninja|Greninja, M|100/100
|-damage|p1a: Greninja|88/100|[from] Stealth Rock
|move|p2a: Krookodile|Earthquake|p1a: Greninja
|-damage|p1a: Greninja|6/100
|
|upkeep
|turn|4
|
|t:|1757860727
|switch|p2a: Qwilfish|Qwilfish, M|100/100
|move|p1a: Greninja|Switcheroo|p2a: Qwilfish
|-activate|p1a: Greninja|move: Trick|[of] p2a: Qwilfish
|-item|p2a: Qwilfish|Choice Specs|[from] move: Switcheroo
|-item|p1a: Greninja|Loaded Dice|[from] move: Switcheroo
|
|upkeep
|turn|5
|
|t:|1757860737
|move|p1a: Greninja|Surf|p2a: Qwilfish
|-resisted|p2a: Qwilfish
|-damage|p2a: Qwilfish|55/100
|move|p2a: Qwilfish|Pin Missile|p1a: Greninja
|-supereffective|p1a: Greninja
|-damage|p1a: Greninja|0 fnt
|faint|p1a: Greninja
|-hitcount|p1: Greninja|1
|
|upkeep
|
|t:|1757860747
|switch|p1a: Grimmsnarl|Grimmsnarl, M|100/100
|-damage|p1a: Grimmsnarl|88/100|[from] Stealth Rock
|turn|6
|
|t:|1757860753
|switch|p2a: Iron Treads|Iron Treads|51/100
|move|p1a: Grimmsnarl|Light Screen|p1a: Grimmsnarl
|-sidestart|p1: LonelySxNner|move: Light Screen
|
|-heal|p2a: Iron Treads|58/100|[from] item: Leftovers
|upkeep
|turn|7
|
|t:|1757860756
|move|p1a: Grimmsnarl|Reflect|p1a: Grimmsnarl
|-sidestart|p1: LonelySxNner|Reflect
|move|p2a: Iron Treads|Earthquake|p1a: Grimmsnarl
|-crit|p1a: Grimmsnarl
|-damage|p1a: Grimmsnarl|25/100
|
|-heal|p2a: Iron Treads|64/100|[from] item: Leftovers
|upkeep
|turn|8
|
|t:|1757860759
|move|p1a: Grimmsnarl|Parting Shot|p2a: Iron Treads
|-unboost|p2a: Iron Treads|atk|1
|-unboost|p2a: Iron Treads|spa|1
|
|t:|1757860766
|switch|p1a: Ceruledge|Ceruledge, F|100/100|[from] Parting Shot
|-damage|p1a: Ceruledge|76/100|[from] Stealth Rock
|move|p2a: Iron Treads|Earthquake|p1a: Ceruledge
|-supereffective|p1a: Ceruledge
|-damage|p1a: Ceruledge|33/100
|-ability|p1a: Ceruledge|Weak Armor|boost
|-unboost|p1a: Ceruledge|def|1
|-boost|p1a: Ceruledge|spe|2
|-enditem|p1a: Ceruledge|Weakness Policy
|-boost|p1a: Ceruledge|atk|2|[from] item: Weakness Policy
|-boost|p1a: Ceruledge|spa|2|[from] item: Weakness Policy
|
|-heal|p2a: Iron Treads|70/100|[from] item: Leftovers
|upkeep
|turn|9
|
|t:|1757860774
|-end|p2a: Iron Treads|Quark Drive|[silent]
|switch|p2a: Qwilfish|Qwilfish, M|55/100
|move|p1a: Ceruledge|Bitter Blade|p2a: Qwilfish
|-resisted|p2a: Qwilfish
|-damage|p2a: Qwilfish|0 fnt
|-heal|p1a: Ceruledge|59/100|[from] drain|[of] p2a: Qwilfish
|faint|p2a: Qwilfish
|
|upkeep
|
|t:|1757860776
|switch|p2a: Krookodile|Krookodile, F|100/100
|turn|10
|
|t:|1757860783
|move|p1a: Ceruledge|Bitter Blade|p2a: Krookodile
|-enditem|p2a: Krookodile|Focus Sash
|-damage|p2a: Krookodile|1/100
|-heal|p1a: Ceruledge|100/100|[from] drain|[of] p2a: Krookodile
|move|p2a: Krookodile|Earthquake|p1a: Ceruledge
|-supereffective|p1a: Ceruledge
|-damage|p1a: Ceruledge|0 fnt
|faint|p1a: Ceruledge
|-ability|p2a: Krookodile|Moxie|boost
|-boost|p2a: Krookodile|atk|1
|
|upkeep
|
|t:|1757860793
|switch|p1a: Iron Crown|Iron Crown|100/100
|-damage|p1a: Iron Crown|94/100|[from] Stealth Rock
|turn|11
|
|t:|1757860797
|switch|p2a: Iron Treads|Iron Treads|70/100
|move|p1a: Iron Crown|Tachyon Cutter|p2a: Iron Treads
|-resisted|p2a: Iron Treads
|-damage|p2a: Iron Treads|46/100
|-resisted|p2a: Iron Treads
|-damage|p2a: Iron Treads|23/100
|-hitcount|p2a: Iron Treads|2
|
|-heal|p2a: Iron Treads|30/100|[from] item: Leftovers
|upkeep
|turn|12
|
|t:|1757860803
|-end|p2a: Iron Treads|Quark Drive|[silent]
|switch|p2a: Raging Bolt|Raging Bolt|100/100
|move|p1a: Iron Crown|Tachyon Cutter|p2a: Raging Bolt
|-resisted|p2a: Raging Bolt
|-damage|p2a: Raging Bolt|87/100
|-resisted|p2a: Raging Bolt
|-damage|p2a: Raging Bolt|71/100
|-hitcount|p2a: Raging Bolt|2
|
|-heal|p2a: Raging Bolt|78/100|[from] item: Leftovers
|upkeep
|turn|13
|
|t:|1757860810
|-end|p1a: Iron Crown|Quark Drive|[silent]
|switch|p1a: Hoopa|Hoopa-Unbound|100/100
|-damage|p1a: Hoopa|88/100|[from] Stealth Rock
|move|p2a: Raging Bolt|Thunder|p1a: Hoopa
|-damage|p1a: Hoopa|58/100
|
|-heal|p2a: Raging Bolt|84/100|[from] item: Leftovers
|-sideend|p1: LonelySxNner|move: Light Screen
|upkeep
|turn|14
|
|t:|1757860818
|move|p1a: Hoopa|Hyperspace Fury|p2a: Raging Bolt
|-damage|p2a: Raging Bolt|49/100
|-unboost|p1a: Hoopa|def|1
|move|p2a: Raging Bolt|Thunder|p1a: Hoopa
|-damage|p1a: Hoopa|4/100
|
|-heal|p2a: Raging Bolt|55/100|[from] item: Leftovers
|-sideend|p1: LonelySxNner|Reflect
|upkeep
|turn|15
|
|t:|1757860823
|-end|p2a: Raging Bolt|Protosynthesis|[silent]
|switch|p2a: Pelipper|Pelipper, F, shiny|100/100
|-weather|RainDance|[from] ability: Drizzle|[of] p2a: Pelipper
|move|p1a: Hoopa|Hyperspace Fury|p2a: Pelipper
|-damage|p2a: Pelipper|68/100
|-unboost|p1a: Hoopa|def|1
|
|-weather|RainDance|[upkeep]
|upkeep
|turn|16
|
|t:|1757860827
|move|p1a: Hoopa|Hyperspace Fury|p2a: Pelipper
|-damage|p2a: Pelipper|34/100
|-unboost|p1a: Hoopa|def|1
|move|p2a: Pelipper|U-turn|p1a: Hoopa
|-supereffective|p1a: Hoopa
|-damage|p1a: Hoopa|0 fnt
|faint|p1a: Hoopa
|
|t:|1757860839
|switch|p2a: Iron Treads|Iron Treads|30/100|[from] U-turn
|
|-weather|RainDance|[upkeep]
|-heal|p2a: Iron Treads|36/100|[from] item: Leftovers
|upkeep
|
|t:|1757860842
|switch|p1a: Grimmsnarl|Grimmsnarl, M|25/100
|-damage|p1a: Grimmsnarl|12/100|[from] Stealth Rock
|turn|17
|
|t:|1757860845
|move|p1a: Grimmsnarl|Reflect|p1a: Grimmsnarl
|-sidestart|p1: LonelySxNner|Reflect
|move|p2a: Iron Treads|Earthquake|p1a: Grimmsnarl
|-damage|p1a: Grimmsnarl|0 fnt
|faint|p1a: Grimmsnarl
|
|-weather|RainDance|[upkeep]
|-heal|p2a: Iron Treads|42/100|[from] item: Leftovers
|upkeep
|
|t:|1757860858
|switch|p1a: Meloetta|Meloetta|100/100
|-damage|p1a: Meloetta|88/100|[from] Stealth Rock
|turn|18
|
|t:|1757860866
|-end|p2a: Iron Treads|Quark Drive|[silent]
|switch|p2a: Krookodile|Krookodile, F|1/100
|move|p1a: Meloetta|Relic Song|p2a: Krookodile
|-damage|p2a: Krookodile|0 fnt
|faint|p2a: Krookodile
|-formechange|p1a: Meloetta|Meloetta-Pirouette|[msg]
|-enditem|p1a: Meloetta|Throat Spray
|-boost|p1a: Meloetta|spa|1|[from] item: Throat Spray
|
|-weather|RainDance|[upkeep]
|upkeep
|
|t:|1757860870
|switch|p2a: Moltres|Moltres|100/100
|turn|19
|
|t:|1757860878
|-terastallize|p1a: Meloetta|Normal
|move|p1a: Meloetta|Relic Song|p2a: Moltres
|-damage|p2a: Moltres|49/100
|-status|p2a: Moltres|slp|[from] move: Relic Song
|-formechange|p1a: Meloetta|Meloetta|[msg]
|cant|p2a: Moltres|slp
|
|-weather|RainDance|[upkeep]
|upkeep
|turn|20
|
|t:|1757860883
|move|p1a: Meloetta|Hyper Voice|p2a: Moltres
|-crit|p2a: Moltres
|-damage|p2a: Moltres|0 fnt
|faint|p2a: Moltres
|
|-weather|RainDance|[upkeep]
|upkeep
|
|t:|1757860891
|switch|p2a: Raging Bolt|Raging Bolt|55/100
|turn|21
|
|t:|1757860900
|move|p1a: Meloetta|Hyper Voice|p2a: Raging Bolt
|-damage|p2a: Raging Bolt|0 fnt
|faint|p2a: Raging Bolt
|-end|p2a: Raging Bolt|Protosynthesis|[silent]
|
|-weather|RainDance|[upkeep]
|upkeep
|
|t:|1757860903
|switch|p2a: Pelipper|Pelipper, F, shiny|34/100
|turn|22
|
|t:|1757860906
|move|p1a: Meloetta|Hyper Voice|p2a: Pelipper
|-damage|p2a: Pelipper|0 fnt
|faint|p2a: Pelipper
|
|-weather|none
|upkeep
|
|t:|1757860907
|switch|p2a: Iron Treads|Iron Treads|42/100
|turn|23
|
|t:|1757860911
|move|p2a: Iron Treads|Earthquake|p1a: Meloetta
|-damage|p1a: Meloetta|64/100
|move|p1a: Meloetta|Relic Song|p2a: Iron Treads
|-resisted|p2a: Iron Treads
|-damage|p2a: Iron Treads|0 fnt
|faint|p2a: Iron Treads
|-end|p2a: Iron Treads|Quark Drive|[silent]
|-formechange|p1a: Meloetta|Meloetta-Pirouette|[msg]
|
|win|LonelySxNner
|raw|LonelySxNner's rating: 1379 &rarr; <strong>1401</strong><br />(+22 for winning)
|raw|quetzuma's rating: 1421 &rarr; <strong>1399</strong><br />(-22 for losing)
|l|☆quetzuma
|player|p2|
|l|☆LonelySxNner
|player|p1|
