|j|☆Gym Leader Bert
|j|☆fqe52
|t:|1757826219
|gametype|singles
|player|p1|Gym Leader Bert|gentleman-gen4|1102
|player|p2|fqe52|ethan|1076
|gen|9
|tier|[Gen 9] OU
|rated|
|rule|HP Percentage Mod: HP is shown in percentages
|rule|Endless Battle Clause: Forcing endless battles is banned
|rule|Species Clause: Limit one of each Pokémon
|rule|OHKO Clause: OHKO moves are banned
|rule|Evasion Items Clause: Evasion items are banned
|rule|Evasion Moves Clause: Evasion moves are banned
|rule|Evasion Abilities Clause: Evasion abilities are banned
|rule|Sleep Moves Clause: Sleep-inducing moves are banned
|clearpoke
|poke|p1|Electrode-Hisui|
|poke|p1|Infernape, F|
|poke|p1|Ceruledge, M|
|poke|p1|Torterra, M|
|poke|p1|Jolteon, F|
|poke|p1|Porygon2|
|poke|p2|Iron Treads|
|poke|p2|Ogerpon-Wellspring, F|
|poke|p2|Zamazenta-*|
|poke|p2|Hatterene, F|
|poke|p2|Dragonite, F|
|poke|p2|Kyurem|
|teampreview
|inactive|Battle timer is ON: inactive players will automatically lose when time's up. (requested by fqe52)
|inactive|fqe52 has 120 seconds left.
|
|t:|1757826254
|teamsize|p1|6
|teamsize|p2|6
|start
|switch|p1a: Infernape|Infernape, F|100/100
|switch|p2a: Hatterene|Hatterene, F|100/100
|turn|1
|
|t:|1757826264
|move|p1a: Infernape|Fake Out|p2a: Hatterene
|-damage|p2a: Hatterene|88/100
|cant|p2a: Hatterene|flinch
|
|upkeep
|turn|2
|
|t:|1757826272
|move|p1a: Infernape|Overheat|p2a: Hatterene
|-damage|p2a: Hatterene|59/100
|-unboost|p1a: Infernape|spa|2
|move|p2a: Hatterene|Draining Kiss|p1a: Infernape
|-damage|p1a: Infernape|75/100
|-heal|p2a: Hatterene|78/100|[from] drain|[of] p1a: Infernape
|
|upkeep
|turn|3
|
|t:|1757826281
|move|p1a: Infernape|U-turn|p2a: Hatterene
|-damage|p2a: Hatterene|57/100
|
|t:|1757826284
|switch|p1a: Ceruledge|Ceruledge, M|100/100|[from] U-turn
|move|p2a: Hatterene|Nuzzle|p1a: Ceruledge
|-damage|p1a: Ceruledge|96/100
|
|upkeep
|turn|4
|
|t:|1757826296
|move|p1a: Ceruledge|Bulk Up|p1a: Ceruledge
|-boost|p1a: Ceruledge|atk|1
|-boost|p1a: Ceruledge|def|1
|move|p2a: Hatterene|Nuzzle|p1a: Ceruledge
|-damage|p1a: Ceruledge|93/100
|
|upkeep
|turn|5
|
|t:|1757826307
|move|p1a: Ceruledge|Bulk Up|p1a: Ceruledge
|-boost|p1a: Ceruledge|atk|1
|-boost|p1a: Ceruledge|def|1
|move|p2a: Hatterene|Draining Kiss|p1a: Ceruledge
|-resisted|p1a: Ceruledge
|-damage|p1a: Ceruledge|82/100
|-heal|p2a: Hatterene|66/100|[from] drain|[of] p1a: Ceruledge
|
|upkeep
|turn|6
|
|t:|1757826318
|switch|p2a: Ogerpon|Ogerpon-Wellspring, F|100/100
|move|p1a: Ceruledge|Bulk Up|p1a: Ceruledge
|-boost|p1a: Ceruledge|atk|1
|-boost|p1a: Ceruledge|def|1
|
|upkeep
|turn|7
|
|t:|1757826326
|move|p2a: Ogerpon|Ivy Cudgel|p1a: Ceruledge|[anim] Ivy Cudgel Water
|-supereffective|p1a: Ceruledge
|-damage|p1a: Ceruledge|21/100
|move|p1a: Ceruledge|Bitter Blade|p2a: Ogerpon
|-damage|p2a: Ogerpon|0 fnt
|-heal|p1a: Ceruledge|63/100|[from] drain|[of] p2a: Ogerpon
|faint|p2a: Ogerpon
|
|upkeep
|
|t:|1757826335
|switch|p2a: Dragonite|Dragonite, F|100/100
|turn|8
|
|t:|1757826341
|move|p2a: Dragonite|Scale Shot|p1a: Ceruledge
|-damage|p1a: Ceruledge|57/100
|-damage|p1a: Ceruledge|51/100
|-damage|p1a: Ceruledge|45/100
|-damage|p1a: Ceruledge|38/100
|-hitcount|p1a: Ceruledge|4
|-unboost|p2a: Dragonite|def|1
|-boost|p2a: Dragonite|spe|1
|move|p1a: Ceruledge|Bitter Blade|p2a: Dragonite
|-resisted|p2a: Dragonite
|-damage|p2a: Dragonite|59/100
|-heal|p1a: Ceruledge|57/100|[from] drain|[of] p2a: Dragonite
|
|upkeep
|turn|9
|
|t:|1757826357
|move|p2a: Dragonite|Earthquake|p1a: Ceruledge
|-supereffective|p1a: Ceruledge
|-damage|p1a: Ceruledge|26/100
|move|p1a: Ceruledge|Bitter Blade|p2a: Dragonite
|-resisted|p2a: Dragonite
|-damage|p2a: Dragonite|0 fnt
|-heal|p1a: Ceruledge|53/100|[from] drain|[of] p2a: Dragonite
|faint|p2a: Dragonite
|
|upkeep
|
|t:|1757826366
|switch|p2a: Kyurem|Kyurem|100/100
|-ability|p2a: Kyurem|Pressure
|turn|10
|
|t:|1757826371
|move|p2a: Kyurem|Earth Power|p1a: Ceruledge
|-supereffective|p1a: Ceruledge
|-damage|p1a: Ceruledge|10/100
|move|p1a: Ceruledge|Bitter Blade|p2a: Kyurem
|-damage|p2a: Kyurem|0 fnt
|-heal|p1a: Ceruledge|65/100|[from] drain|[of] p2a: Kyurem
|faint|p2a: Kyurem
|
|upkeep
|
|t:|1757826380
|switch|p2a: Zamazenta|Zamazenta|100/100
|-ability|p2a: Zamazenta|Dauntless Shield|boost
|-boost|p2a: Zamazenta|def|1
|turn|11
|
|t:|1757826384
|move|p2a: Zamazenta|Close Combat|p1a: Ceruledge
|-immune|p1a: Ceruledge
|move|p1a: Ceruledge|Bitter Blade|p2a: Zamazenta
|-damage|p2a: Zamazenta|45/100
|-heal|p1a: Ceruledge|91/100|[from] drain|[of] p2a: Zamazenta
|
|upkeep
|turn|12
|
|t:|1757826392
|move|p2a: Zamazenta|Stone Edge|p1a: Ceruledge
|-supereffective|p1a: Ceruledge
|-damage|p1a: Ceruledge|60/100
|move|p1a: Ceruledge|Bitter Blade|p2a: Zamazenta
|-damage|p2a: Zamazenta|0 fnt
|-heal|p1a: Ceruledge|80/100|[from] drain|[of] p2a: Zamazenta
|faint|p2a: Zamazenta
|
|upkeep
|
|t:|1757826401
|switch|p2a: Iron Treads|Iron Treads|100/100
|turn|13
|
|t:|1757826405
|move|p2a: Iron Treads|Knock Off|p1a: Ceruledge
|-supereffective|p1a: Ceruledge
|-damage|p1a: Ceruledge|53/100
|-enditem|p1a: Ceruledge|Covert Cloak|[from] move: Knock Off|[of] p2a: Iron Treads
|move|p1a: Ceruledge|Bitter Blade|p2a: Iron Treads
|-supereffective|p2a: Iron Treads
|-damage|p2a: Iron Treads|0 fnt
|-heal|p1a: Ceruledge|99/100|[from] drain|[of] p2a: Iron Treads
|faint|p2a: Iron Treads
|-end|p2a: Iron Treads|Quark Drive|[silent]
|
|upkeep
|
|t:|1757826415
|switch|p2a: Hatterene|Hatterene, F|66/100
|turn|14
|
|t:|1757826421
|-terastallize|p2a: Hatterene|Water
|move|p1a: Ceruledge|Bitter Blade|p2a: Hatterene
|-resisted|p2a: Hatterene
|-damage|p2a: Hatterene|14/100
|-heal|p1a: Ceruledge|100/100|[from] drain|[of] p2a: Hatterene
|move|p2a: Hatterene|Draining Kiss|p1a: Ceruledge
|-resisted|p1a: Ceruledge
|-damage|p1a: Ceruledge|90/100
|-heal|p2a: Hatterene|23/100|[from] drain|[of] p1a: Ceruledge
|
|upkeep
|turn|15
|
|t:|1757826432
|move|p1a: Ceruledge|Bitter Blade|p2a: Hatterene
|-resisted|p2a: Hatterene
|-damage|p2a: Hatterene|0 fnt
|-heal|p1a: Ceruledge|99/100|[from] drain|[of] p2a: Hatterene
|faint|p2a: Hatterene
|
|win|Gym Leader Bert
|raw|Gym Leader Bert's rating: 1102 &rarr; <strong>1125</strong><br />(+23 for winning)
|raw|fqe52's rating: 1076 &rarr; <strong>1056</strong><br />(-20 for losing)
|l|☆Gym Leader Bert
|player|p1|
|l|☆fqe52
|player|p2|
