|j|☆KnockOffx2
|j|☆L81D
|t:|1757905728
|gametype|singles
|player|p1|KnockOffx2|burglar|1628
|player|p2|L81D|266|1768
|gen|9
|tier|[Gen 9] OU
|rated|
|rule|HP Percentage Mod: HP is shown in percentages
|rule|Endless Battle Clause: Forcing endless battles is banned
|rule|Species Clause: Limit one of each Pokémon
|rule|OHKO Clause: OHKO moves are banned
|rule|Evasion Items Clause: Evasion items are banned
|rule|Evasion Moves Clause: Evasion moves are banned
|rule|Evasion Abilities Clause: Evasion abilities are banned
|rule|Sleep Moves Clause: Sleep-inducing moves are banned
|clearpoke
|poke|p1|Great Tusk|
|poke|p1|Slowking-Galar, F|
|poke|p1|Crawdaunt, F|
|poke|p1|Gholdengo|
|poke|p1|Zapdos|
|poke|p1|Cinderace, F|
|poke|p2|Darkrai|
|poke|p2|Weezing-Galar, M|
|poke|p2|Alomomola, F|
|poke|p2|Corviknight, F|
|poke|p2|Zamazenta-*|
|poke|p2|Gliscor, M|
|teampreview
|inactive|Battle timer is ON: inactive players will automatically lose when time's up. (requested by KnockOffx2)
|
|t:|1757905753
|teamsize|p1|6
|teamsize|p2|6
|start
|switch|p1a: Gholdengo|Gholdengo|100/100
|switch|p2a: Darkrai|Darkrai|100/100
|turn|1
|
|t:|1757905756
|move|p1a: Gholdengo|Focus Blast|p2a: Darkrai
|-supereffective|p2a: Darkrai
|-damage|p2a: Darkrai|0 fnt
|faint|p2a: Darkrai
|
|upkeep
|
|t:|1757905759
|switch|p2a: Gliscor|Gliscor, M|100/100
|turn|2
|
|t:|1757905764
|switch|p1a: Great Tusk|Great Tusk|100/100
|move|p2a: Gliscor|Swords Dance|p2a: Gliscor
|-boost|p2a: Gliscor|atk|2
|
|-status|p2a: Gliscor|tox|[from] item: Toxic Orb
|upkeep
|turn|3
|
|t:|1757905769
|move|p1a: Great Tusk|Ice Spinner|p2a: Gliscor
|-supereffective|p2a: Gliscor
|-damage|p2a: Gliscor|17/100 tox
|move|p2a: Gliscor|Earthquake|p1a: Great Tusk
|-damage|p1a: Great Tusk|52/100
|
|-heal|p2a: Gliscor|29/100 tox|[from] ability: Poison Heal
|upkeep
|turn|4
|
|t:|1757905776
|move|p2a: Gliscor|Protect|p2a: Gliscor
|-singleturn|p2a: Gliscor|Protect
|move|p1a: Great Tusk|Ice Spinner|p2a: Gliscor
|-activate|p2a: Gliscor|move: Protect
|
|-heal|p2a: Gliscor|42/100 tox|[from] ability: Poison Heal
|upkeep
|turn|5
|
|t:|1757905781
|switch|p2a: Alomomola|Alomomola, F|100/100
|move|p1a: Great Tusk|Stealth Rock|p2a: Alomomola
|-sidestart|p2: L81D|move: Stealth Rock
|
|upkeep
|turn|6
|
|t:|1757905783
|-end|p1a: Great Tusk|Protosynthesis|[silent]
|switch|p1a: Slowking|Slowking-Galar, F|100/100
|move|p2a: Alomomola|Wish|p2a: Alomomola
|
|upkeep
|turn|7
|
|t:|1757905788
|move|p2a: Alomomola|Flip Turn|p1a: Slowking
|-damage|p1a: Slowking|84/100
|
|t:|1757905790
|switch|p2a: Corviknight|Corviknight, F|100/100|[from] Flip Turn
|-damage|p2a: Corviknight|88/100|[from] Stealth Rock
|-ability|p2a: Corviknight|Pressure
|move|p1a: Slowking|Sludge Bomb|p2a: Corviknight
|-immune|p2a: Corviknight
|
|-heal|p2a: Corviknight|100/100|[from] move: Wish|[wisher] Alomomola
|upkeep
|turn|8
|
|t:|1757905794
|switch|p1a: Gholdengo|Gholdengo|100/100
|move|p2a: Corviknight|Defog|p1a: Gholdengo
|-immune|p1a: Gholdengo|[from] ability: Good as Gold
|
|upkeep
|turn|9
|
|t:|1757905802
|move|p1a: Gholdengo|Shadow Ball|p2a: Corviknight
|-damage|p2a: Corviknight|70/100
|move|p2a: Corviknight|U-turn|p1a: Gholdengo
|-resisted|p1a: Gholdengo
|-damage|p1a: Gholdengo|96/100
|
|t:|1757905804
|switch|p2a: Alomomola|Alomomola, F|100/100|[from] U-turn
|-damage|p2a: Alomomola|88/100|[from] Stealth Rock
|
|upkeep
|turn|10
|
|t:|1757905812
|move|p1a: Gholdengo|Shadow Ball|p2a: Alomomola
|-damage|p2a: Alomomola|46/100
|move|p2a: Alomomola|Flip Turn|p1a: Gholdengo
|-damage|p1a: Gholdengo|78/100
|
|t:|1757905816
|switch|p2a: Gliscor|Gliscor, M|42/100 tox|[from] Flip Turn
|-damage|p2a: Gliscor|29/100 tox|[from] Stealth Rock
|
|-heal|p2a: Gliscor|42/100 tox|[from] ability: Poison Heal
|upkeep
|turn|11
|
|t:|1757905819
|move|p2a: Gliscor|Protect|p2a: Gliscor
|-singleturn|p2a: Gliscor|Protect
|move|p1a: Gholdengo|Shadow Ball|p2a: Gliscor
|-activate|p2a: Gliscor|move: Protect
|
|-heal|p2a: Gliscor|54/100 tox|[from] ability: Poison Heal
|upkeep
|turn|12
|
|t:|1757905824
|switch|p2a: Corviknight|Corviknight, F|70/100
|-damage|p2a: Corviknight|57/100|[from] Stealth Rock
|-ability|p2a: Corviknight|Pressure
|move|p1a: Gholdengo|Shadow Ball|p2a: Corviknight
|-damage|p2a: Corviknight|29/100
|
|-heal|p2a: Corviknight|35/100|[from] item: Leftovers
|upkeep
|turn|13
|
|t:|1757905835
|move|p1a: Gholdengo|Shadow Ball|p2a: Corviknight
|-damage|p2a: Corviknight|6/100
|-unboost|p2a: Corviknight|spd|1
|move|p2a: Corviknight|Roost|p2a: Corviknight
|-heal|p2a: Corviknight|56/100
|-singleturn|p2a: Corviknight|move: Roost
|
|-heal|p2a: Corviknight|62/100|[from] item: Leftovers
|upkeep
|turn|14
|
|t:|1757905847
|move|p1a: Gholdengo|Shadow Ball|p2a: Corviknight
|-damage|p2a: Corviknight|16/100
|move|p2a: Corviknight|Roost|p2a: Corviknight
|-heal|p2a: Corviknight|66/100
|-singleturn|p2a: Corviknight|move: Roost
|
|-heal|p2a: Corviknight|72/100|[from] item: Leftovers
|upkeep
|turn|15
|
|t:|1757905853
|move|p1a: Gholdengo|Shadow Ball|p2a: Corviknight
|-damage|p2a: Corviknight|32/100
|-unboost|p2a: Corviknight|spd|1
|move|p2a: Corviknight|Roost|p2a: Corviknight
|-heal|p2a: Corviknight|82/100
|-singleturn|p2a: Corviknight|move: Roost
|
|-heal|p2a: Corviknight|88/100|[from] item: Leftovers
|upkeep
|turn|16
|
|t:|1757905859
|switch|p2a: Zamazenta|Zamazenta|100/100
|-damage|p2a: Zamazenta|94/100|[from] Stealth Rock
|-ability|p2a: Zamazenta|Dauntless Shield|boost
|-boost|p2a: Zamazenta|def|1
|move|p1a: Gholdengo|Shadow Ball|p2a: Zamazenta
|-damage|p2a: Zamazenta|57/100
|
|upkeep
|turn|17
|
|t:|1757905867
|move|p1a: Gholdengo|Shadow Ball|p2a: Zamazenta
|-damage|p2a: Zamazenta|21/100
|-unboost|p2a: Zamazenta|spd|1
|move|p2a: Zamazenta|Crunch|p1a: Gholdengo
|-supereffective|p1a: Gholdengo
|-damage|p1a: Gholdengo|22/100
|
|upkeep
|turn|18
|
|t:|1757905873
|move|p1a: Gholdengo|Shadow Ball|p2a: Zamazenta
|-damage|p2a: Zamazenta|0 fnt
|faint|p2a: Zamazenta
|
|upkeep
|
|t:|1757905874
|switch|p2a: Alomomola|Alomomola, F|79/100
|-damage|p2a: Alomomola|67/100|[from] Stealth Rock
|turn|19
|
|t:|1757905880
|move|p1a: Gholdengo|Shadow Ball|p2a: Alomomola
|-damage|p2a: Alomomola|28/100
|move|p2a: Alomomola|Wish|p2a: Alomomola
|
|upkeep
|turn|20
|
|t:|1757905885
|move|p2a: Alomomola|Protect|p2a: Alomomola
|-singleturn|p2a: Alomomola|Protect
|move|p1a: Gholdengo|Shadow Ball|p2a: Alomomola
|-activate|p2a: Alomomola|move: Protect
|
|-heal|p2a: Alomomola|78/100|[from] move: Wish|[wisher] Alomomola
|upkeep
|turn|21
|
|t:|1757905886
|move|p1a: Gholdengo|Shadow Ball|p2a: Alomomola
|-damage|p2a: Alomomola|37/100
|move|p2a: Alomomola|Wish|p2a: Alomomola
|
|upkeep
|turn|22
|
|t:|1757905891
|move|p2a: Alomomola|Protect|p2a: Alomomola
|-singleturn|p2a: Alomomola|Protect
|move|p1a: Gholdengo|Shadow Ball|p2a: Alomomola
|-activate|p2a: Alomomola|move: Protect
|
|-heal|p2a: Alomomola|87/100|[from] move: Wish|[wisher] Alomomola
|upkeep
|turn|23
|
|t:|1757905893
|move|p1a: Gholdengo|Shadow Ball|p2a: Alomomola
|-damage|p2a: Alomomola|46/100
|move|p2a: Alomomola|Wish|p2a: Alomomola
|
|upkeep
|turn|24
|
|t:|1757905896
|move|p2a: Alomomola|Protect|p2a: Alomomola
|-singleturn|p2a: Alomomola|Protect
|move|p1a: Gholdengo|Shadow Ball|p2a: Alomomola
|-activate|p2a: Alomomola|move: Protect
|
|-heal|p2a: Alomomola|96/100|[from] move: Wish|[wisher] Alomomola
|upkeep
|turn|25
|
|t:|1757905898
|move|p1a: Gholdengo|Shadow Ball|p2a: Alomomola
|-damage|p2a: Alomomola|56/100
|move|p2a: Alomomola|Wish|p2a: Alomomola
|
|upkeep
|turn|26
|
|t:|1757905902
|switch|p1a: Crawdaunt|Crawdaunt, F|100/100
|move|p2a: Alomomola|Flip Turn|p1a: Crawdaunt
|-resisted|p1a: Crawdaunt
|-damage|p1a: Crawdaunt|89/100
|
|t:|1757905905
|switch|p2a: Gliscor|Gliscor, M|54/100 tox|[from] Flip Turn
|-damage|p2a: Gliscor|42/100 tox|[from] Stealth Rock
|
|-heal|p2a: Gliscor|100/100 tox|[from] move: Wish|[wisher] Alomomola
|upkeep
|turn|27
|
|t:|1757905907
|switch|p2a: Weezing|Weezing-Galar, M|100/100
|-ability|p2a: Weezing|Neutralizing Gas
|-damage|p2a: Weezing|88/100|[from] Stealth Rock
|move|p1a: Crawdaunt|Crabhammer|p2a: Weezing|[miss]
|-miss|p1a: Crawdaunt|p2a: Weezing
|
|-heal|p2a: Weezing|94/100|[from] item: Leftovers
|upkeep
|turn|28
|
|t:|1757905913
|move|p1a: Crawdaunt|Crabhammer|p2a: Weezing
|-damage|p2a: Weezing|42/100
|move|p2a: Weezing|Will-O-Wisp|p1a: Crawdaunt
|-status|p1a: Crawdaunt|brn
|
|-heal|p2a: Weezing|48/100|[from] item: Leftovers
|-damage|p1a: Crawdaunt|83/100 brn|[from] brn
|upkeep
|turn|29
|
|t:|1757905916
|move|p2a: Weezing|Protect|p2a: Weezing
|-singleturn|p2a: Weezing|Protect
|move|p1a: Crawdaunt|Crabhammer|p2a: Weezing
|-activate|p2a: Weezing|move: Protect
|
|-heal|p2a: Weezing|54/100|[from] item: Leftovers
|-damage|p1a: Crawdaunt|77/100 brn|[from] brn
|upkeep
|turn|30
|
|t:|1757905920
|switch|p1a: Slowking|Slowking-Galar, F|100/100
|move|p2a: Weezing|Defog|p1a: Slowking
|-unboost|p1a: Slowking|evasion|1
|-sideend|p2: L81D|Stealth Rock|[from] move: Defog|[of] p2a: Weezing
|
|-heal|p2a: Weezing|60/100|[from] item: Leftovers
|upkeep
|turn|31
|
|t:|1757905922
|move|p2a: Weezing|Will-O-Wisp|p1a: Slowking
|-status|p1a: Slowking|brn
|move|p1a: Slowking|Psyshock|p2a: Weezing
|-supereffective|p2a: Weezing
|-damage|p2a: Weezing|8/100
|
|-heal|p2a: Weezing|14/100|[from] item: Leftovers
|-damage|p1a: Slowking|94/100 brn|[from] brn
|upkeep
|turn|32
|
|t:|1757905925
|move|p2a: Weezing|Protect|p2a: Weezing
|-singleturn|p2a: Weezing|Protect
|move|p1a: Slowking|Sludge Bomb|p2a: Weezing
|-activate|p2a: Weezing|move: Protect
|
|-heal|p2a: Weezing|20/100|[from] item: Leftovers
|-damage|p1a: Slowking|88/100 brn|[from] brn
|upkeep
|turn|33
|
|t:|1757905926
|-end|p2a: Weezing|ability: Neutralizing Gas
|switch|p2a: Corviknight|Corviknight, F|88/100
|-ability|p2a: Corviknight|Pressure
|move|p1a: Slowking|Psyshock|p2a: Corviknight
|-resisted|p2a: Corviknight
|-damage|p2a: Corviknight|73/100
|
|-heal|p2a: Corviknight|79/100|[from] item: Leftovers
|-damage|p1a: Slowking|82/100 brn|[from] brn
|upkeep
|turn|34
|
|t:|1757905929
|move|p2a: Corviknight|U-turn|p1a: Slowking
|-damage|p1a: Slowking|69/100 brn
|
|t:|1757905930
|switch|p2a: Alomomola|Alomomola, F|89/100|[from] U-turn
|move|p1a: Slowking|Flamethrower|p2a: Alomomola
|-resisted|p2a: Alomomola
|-damage|p2a: Alomomola|75/100
|
|-damage|p1a: Slowking|62/100 brn|[from] brn
|upkeep
|turn|35
|
|t:|1757905934
|switch|p1a: Gholdengo|Gholdengo|22/100
|move|p2a: Alomomola|Wish|p2a: Alomomola
|
|upkeep
|turn|36
|
|t:|1757905939
|move|p1a: Gholdengo|Trick|p2a: Alomomola
|-activate|p1a: Gholdengo|move: Trick|[of] p2a: Alomomola
|-item|p2a: Alomomola|Choice Scarf|[from] move: Trick
|-item|p1a: Gholdengo|Covert Cloak|[from] move: Trick
|move|p2a: Alomomola|Flip Turn|p1a: Gholdengo
|-damage|p1a: Gholdengo|4/100
|
|t:|1757905941
|switch|p2a: Weezing|Weezing-Galar, M|20/100|[from] Flip Turn
|-ability|p2a: Weezing|Neutralizing Gas
|
|-heal|p2a: Weezing|91/100|[from] move: Wish|[wisher] Alomomola
|-heal|p2a: Weezing|97/100|[from] item: Leftovers
|upkeep
|turn|37
|
|t:|1757905946
|-end|p2a: Weezing|ability: Neutralizing Gas
|switch|p2a: Alomomola|Alomomola, F|100/100
|move|p1a: Gholdengo|Make It Rain|p2a: Alomomola
|-resisted|p2a: Alomomola
|-damage|p2a: Alomomola|74/100
|-unboost|p1a: Gholdengo|spa|1
|
|upkeep
|turn|38
|
|t:|1757905951
|switch|p1a: Crawdaunt|Crawdaunt, F|77/100 brn
|move|p2a: Alomomola|Flip Turn|p1a: Crawdaunt
|-resisted|p1a: Crawdaunt
|-damage|p1a: Crawdaunt|65/100 brn
|
|t:|1757905955
|switch|p2a: Corviknight|Corviknight, F|79/100|[from] Flip Turn
|-ability|p2a: Corviknight|Pressure
|
|-heal|p2a: Corviknight|85/100|[from] item: Leftovers
|-damage|p1a: Crawdaunt|59/100 brn|[from] brn
|upkeep
|turn|39
|
|t:|1757905959
|switch|p2a: Alomomola|Alomomola, F|100/100
|move|p1a: Crawdaunt|Crabhammer|p2a: Alomomola
|-resisted|p2a: Alomomola
|-damage|p2a: Alomomola|85/100
|
|-damage|p1a: Crawdaunt|53/100 brn|[from] brn
|upkeep
|turn|40
|
|t:|1757905963
|switch|p1a: Great Tusk|Great Tusk|52/100
|move|p2a: Alomomola|Flip Turn|p1a: Great Tusk
|-supereffective|p1a: Great Tusk
|-damage|p1a: Great Tusk|26/100
|
|t:|1757905966
|switch|p2a: Corviknight|Corviknight, F|85/100|[from] Flip Turn
|-ability|p2a: Corviknight|Pressure
|
|-heal|p2a: Corviknight|91/100|[from] item: Leftovers
|upkeep
|turn|41
|
|t:|1757905969
|move|p1a: Great Tusk|Stealth Rock|p2a: Corviknight
|-sidestart|p2: L81D|move: Stealth Rock
|move|p2a: Corviknight|Brave Bird|p1a: Great Tusk
|-supereffective|p1a: Great Tusk
|-damage|p1a: Great Tusk|0 fnt
|faint|p1a: Great Tusk
|-end|p1a: Great Tusk|Protosynthesis|[silent]
|-damage|p2a: Corviknight|83/100|[from] Recoil
|
|-heal|p2a: Corviknight|89/100|[from] item: Leftovers
|upkeep
|
|t:|1757905974
|switch|p1a: Gholdengo|Gholdengo|4/100
|turn|42
|
|t:|1757905976
|move|p1a: Gholdengo|Shadow Ball|p2a: Corviknight
|-damage|p2a: Corviknight|60/100
|move|p2a: Corviknight|Roost|p2a: Corviknight
|-heal|p2a: Corviknight|100/100
|-singleturn|p2a: Corviknight|move: Roost
|
|upkeep
|turn|43
|
|t:|1757905981
|move|p1a: Gholdengo|Focus Blast|p2a: Corviknight
|-damage|p2a: Corviknight|69/100
|move|p2a: Corviknight|U-turn|p1a: Gholdengo
|-resisted|p1a: Gholdengo
|-damage|p1a: Gholdengo|0 fnt
|faint|p1a: Gholdengo
|
|t:|1757905984
|switch|p2a: Alomomola|Alomomola, F|100/100|[from] U-turn
|-damage|p2a: Alomomola|88/100|[from] Stealth Rock
|
|upkeep
|
|t:|1757905987
|switch|p1a: Zapdos|Zapdos|100/100
|turn|44
|
|t:|1757905989
|move|p1a: Zapdos|Hurricane|p2a: Alomomola
|-damage|p2a: Alomomola|47/100
|-start|p2a: Alomomola|confusion
|-activate|p2a: Alomomola|confusion
|move|p2a: Alomomola|Flip Turn|p1a: Zapdos
|-damage|p1a: Zapdos|89/100
|
|t:|1757905992
|switch|p2a: Gliscor|Gliscor, M|100/100 tox|[from] Flip Turn
|-damage|p2a: Gliscor|88/100 tox|[from] Stealth Rock
|
|-heal|p2a: Gliscor|100/100 tox|[from] ability: Poison Heal
|upkeep
|turn|45
|
|t:|1757905995
|move|p2a: Gliscor|Protect|p2a: Gliscor
|-singleturn|p2a: Gliscor|Protect
|move|p1a: Zapdos|Hurricane|p2a: Gliscor
|-activate|p2a: Gliscor|move: Protect
|
|upkeep
|turn|46
|
|t:|1757905997
|move|p2a: Gliscor|Swords Dance|p2a: Gliscor
|-boost|p2a: Gliscor|atk|2
|move|p1a: Zapdos|Hurricane|p2a: Gliscor|[miss]
|-miss|p1a: Zapdos|p2a: Gliscor
|
|upkeep
|turn|47
|
|t:|1757906001
|move|p2a: Gliscor|Protect|p2a: Gliscor
|-singleturn|p2a: Gliscor|Protect
|move|p1a: Zapdos|Hurricane|p2a: Gliscor
|-activate|p2a: Gliscor|move: Protect
|
|upkeep
|turn|48
|
|t:|1757906003
|move|p2a: Gliscor|Facade|p1a: Zapdos
|-damage|p1a: Zapdos|47/100
|move|p1a: Zapdos|Hurricane|p2a: Gliscor
|-damage|p2a: Gliscor|55/100 tox
|
|-heal|p2a: Gliscor|68/100 tox|[from] ability: Poison Heal
|upkeep
|turn|49
|
|t:|1757906009
|switch|p1a: Crawdaunt|Crawdaunt, F|53/100 brn
|-terastallize|p2a: Gliscor|Normal
|move|p2a: Gliscor|Facade|p1a: Crawdaunt
|-damage|p1a: Crawdaunt|0 fnt
|faint|p1a: Crawdaunt
|
|-heal|p2a: Gliscor|80/100 tox|[from] ability: Poison Heal
|upkeep
|
|t:|1757906014
|switch|p1a: Zapdos|Zapdos|47/100
|turn|50
|
|t:|1757906017
|move|p2a: Gliscor|Facade|p1a: Zapdos
|-damage|p1a: Zapdos|0 fnt
|faint|p1a: Zapdos
|
|-heal|p2a: Gliscor|93/100 tox|[from] ability: Poison Heal
|upkeep
|-message|KnockOffx2 forfeited.
|
|win|L81D
|raw|KnockOffx2's rating: 1628 &rarr; <strong>1616</strong><br />(-12 for losing)
|raw|L81D's rating: 1768 &rarr; <strong>1780</strong><br />(+12 for winning)
|l|☆KnockOffx2
|player|p1|
|l|☆L81D
|player|p2|
