|j|☆IHeartGalvantula
|j|☆rekka auto
|t:|1757798004
|gametype|singles
|player|p1|IHeartGalvantula|unknown|1549
|player|p2|rekka auto|1|1567
|gen|9
|tier|[Gen 9] OU
|rated|
|rule|HP Percentage Mod: HP is shown in percentages
|rule|Endless Battle Clause: Forcing endless battles is banned
|rule|Species Clause: Limit one of each Pokémon
|rule|OHKO Clause: OHKO moves are banned
|rule|Evasion Items Clause: Evasion items are banned
|rule|Evasion Moves Clause: Evasion moves are banned
|rule|Evasion Abilities Clause: Evasion abilities are banned
|rule|Sleep Moves Clause: Sleep-inducing moves are banned
|clearpoke
|poke|p1|Galvantula, M|
|poke|p1|Enamorus, F|
|poke|p1|Samurott-Hisui, F|
|poke|p1|Ceruledge, M|
|poke|p1|Kingambit, F|
|poke|p1|Raging Bolt|
|poke|p2|Grimmsnarl, M|
|poke|p2|Comfey, F|
|poke|p2|Okidogi, M|
|poke|p2|Dragonite, M|
|poke|p2|Great Tusk|
|poke|p2|Gholdengo|
|teampreview
|inactive|Battle timer is ON: inactive players will automatically lose when time's up. (requested by rekka auto)
|inactive|IHeartGalvantula also wants the timer to be on.
|inactive|rekka auto has 120 seconds left.
|
|t:|1757798054
|teamsize|p1|6
|teamsize|p2|6
|start
|switch|p1a: Galvantula|Galvantula, M|100/100
|switch|p2a: Grimmsnarl|Grimmsnarl, M|100/100
|turn|1
|
|t:|1757798060
|move|p2a: Grimmsnarl|Taunt|p1a: Galvantula
|-start|p1a: Galvantula|move: Taunt
|cant|p1a: Galvantula|move: Taunt|Sticky Web
|
|upkeep
|turn|2
|
|t:|1757798066
|switch|p1a: Enamorus|Enamorus, F|100/100
|move|p2a: Grimmsnarl|Light Screen|p2a: Grimmsnarl
|-sidestart|p2: rekka auto|move: Light Screen
|
|upkeep
|turn|3
|
|t:|1757798069
|move|p2a: Grimmsnarl|Reflect|p2a: Grimmsnarl
|-sidestart|p2: rekka auto|Reflect
|move|p1a: Enamorus|Moonblast|p2a: Grimmsnarl
|-supereffective|p2a: Grimmsnarl
|-crit|p2a: Grimmsnarl
|-damage|p2a: Grimmsnarl|0 fnt
|faint|p2a: Grimmsnarl
|
|upkeep
|
|t:|1757798082
|switch|p2a: Comfey|Comfey, F|100/100
|turn|4
|
|t:|1757798085
|move|p1a: Enamorus|Moonblast|p2a: Comfey
|-damage|p2a: Comfey|61/100
|-unboost|p2a: Comfey|spa|1
|move|p2a: Comfey|Calm Mind|p2a: Comfey
|-boost|p2a: Comfey|spa|1
|-boost|p2a: Comfey|spd|1
|
|upkeep
|turn|5
|
|t:|1757798091
|move|p1a: Enamorus|Moonblast|p2a: Comfey
|-damage|p2a: Comfey|31/100
|-unboost|p2a: Comfey|spa|1
|move|p2a: Comfey|Calm Mind|p2a: Comfey
|-boost|p2a: Comfey|spa|1
|-boost|p2a: Comfey|spd|1
|
|upkeep
|turn|6
|
|t:|1757798099
|-terastallize|p1a: Enamorus|Fairy
|move|p1a: Enamorus|Moonblast|p2a: Comfey
|-damage|p2a: Comfey|2/100
|move|p2a: Comfey|Calm Mind|p2a: Comfey
|-boost|p2a: Comfey|spa|1
|-boost|p2a: Comfey|spd|1
|
|upkeep
|turn|7
|
|t:|1757798106
|move|p2a: Comfey|Synthesis|p2a: Comfey
|-heal|p2a: Comfey|52/100
|move|p1a: Enamorus|Moonblast|p2a: Comfey
|-damage|p2a: Comfey|29/100
|
|upkeep
|turn|8
|
|t:|1757798113
|move|p1a: Enamorus|Moonblast|p2a: Comfey
|-damage|p2a: Comfey|7/100
|move|p2a: Comfey|Calm Mind|p2a: Comfey
|-boost|p2a: Comfey|spa|1
|-boost|p2a: Comfey|spd|1
|
|upkeep
|turn|9
|
|t:|1757798117
|move|p2a: Comfey|Draining Kiss|p1a: Enamorus
|-damage|p1a: Enamorus|18/100
|-heal|p2a: Comfey|66/100|[from] drain|[of] p1a: Enamorus
|-damage|p2a: Comfey|56/100|[from] item: Life Orb
|move|p1a: Enamorus|Moonblast|p2a: Comfey
|-damage|p2a: Comfey|38/100
|
|-sideend|p2: rekka auto|move: Light Screen
|upkeep
|turn|10
|
|t:|1757798123
|move|p1a: Enamorus|Moonblast|p2a: Comfey
|-damage|p2a: Comfey|0 fnt
|faint|p2a: Comfey
|
|-sideend|p2: rekka auto|Reflect
|upkeep
|-message|rekka auto forfeited.
|
|win|IHeartGalvantula
|raw|IHeartGalvantula's rating: 1549 &rarr; <strong>1570</strong><br />(+21 for winning)
|raw|rekka auto's rating: 1567 &rarr; <strong>1546</strong><br />(-21 for losing)
|l|☆rekka auto
|player|p2|
|l|☆IHeartGalvantula
|player|p1|
