|j|☆THESWIMMER974
|j|☆Caatomenta
|t:|1757912177
|gametype|singles
|player|p1|THESWIMMER974|swimmer|1217
|player|p2|Caatomenta|marley|1242
|gen|9
|tier|[Gen 9] OU
|rated|
|rule|HP Percentage Mod: HP is shown in percentages
|rule|Endless Battle Clause: Forcing endless battles is banned
|rule|Species Clause: Limit one of each Pokémon
|rule|OHKO Clause: OHKO moves are banned
|rule|Evasion Items Clause: Evasion items are banned
|rule|Evasion Moves Clause: Evasion moves are banned
|rule|Evasion Abilities Clause: Evasion abilities are banned
|rule|Sleep Moves Clause: Sleep-inducing moves are banned
|clearpoke
|poke|p1|Great Tusk|
|poke|p1|Gholdengo|
|poke|p1|Dragonite, M|
|poke|p1|Kyurem|
|poke|p1|Ogerpon-Wellspring, F|
|poke|p1|Kingambit, F|
|poke|p2|Dragonite, F|
|poke|p2|Primarina, F|
|poke|p2|Dragapult, M|
|poke|p2|Iron Treads|
|poke|p2|Zapdos|
|poke|p2|Volbeat, M|
|teampreview
|inactive|Battle timer is ON: inactive players will automatically lose when time's up. (requested by Caatomenta)
|inactive|THESWIMMER974 has 120 seconds left.
|
|t:|1757912220
|teamsize|p1|6
|teamsize|p2|6
|start
|switch|p1a: Ogerpon|Ogerpon-Wellspring, F|100/100
|switch|p2a: Primarina|Primarina, F, shiny|100/100
|turn|1
|
|t:|1757912230
|switch|p2a: Volbeat|Volbeat, M|100/100
|move|p1a: Ogerpon|Swords Dance|p1a: Ogerpon
|-boost|p1a: Ogerpon|atk|2
|
|upkeep
|turn|2
|
|t:|1757912237
|move|p2a: Volbeat|Thunder Wave|p1a: Ogerpon
|-status|p1a: Ogerpon|par
|move|p1a: Ogerpon|Ivy Cudgel|p2a: Volbeat|[anim] Ivy Cudgel Water
|-damage|p2a: Volbeat|0 fnt
|faint|p2a: Volbeat
|
|upkeep
|
|t:|1757912251
|switch|p2a: Zapdos|Zapdos|100/100
|turn|3
|
|t:|1757912257
|move|p2a: Zapdos|Hurricane|p1a: Ogerpon
|-supereffective|p1a: Ogerpon
|-damage|p1a: Ogerpon|0 fnt
|faint|p1a: Ogerpon
|
|upkeep
|
|t:|1757912281
|switch|p1a: Kyurem|Kyurem|100/100
|-ability|p1a: Kyurem|Pressure
|turn|4
|
|t:|1757912288
|move|p1a: Kyurem|Freeze-Dry|p2a: Zapdos
|-supereffective|p2a: Zapdos
|-damage|p2a: Zapdos|0 fnt
|faint|p2a: Zapdos
|
|upkeep
|
|t:|1757912295
|switch|p2a: Dragapult|Dragapult, M|100/100
|turn|5
|
|t:|1757912298
|move|p2a: Dragapult|U-turn|p1a: Kyurem
|-damage|p1a: Kyurem|70/100
|
|t:|1757912302
|switch|p2a: Iron Treads|Iron Treads|100/100|[from] U-turn
|-enditem|p2a: Iron Treads|Booster Energy
|-activate|p2a: Iron Treads|ability: Quark Drive|[fromitem]
|-start|p2a: Iron Treads|quarkdrivespe
|move|p1a: Kyurem|Freeze-Dry|p2a: Iron Treads
|-damage|p2a: Iron Treads|28/100
|
|upkeep
|turn|6
|
|t:|1757912314
|switch|p1a: Great Tusk|Great Tusk|100/100
|-enditem|p1a: Great Tusk|Booster Energy
|-activate|p1a: Great Tusk|ability: Protosynthesis|[fromitem]
|-start|p1a: Great Tusk|protosynthesisatk
|move|p2a: Iron Treads|Iron Head|p1a: Great Tusk
|-damage|p1a: Great Tusk|71/100
|
|upkeep
|turn|7
|
|t:|1757912323
|move|p2a: Iron Treads|Iron Head|p1a: Great Tusk
|-damage|p1a: Great Tusk|44/100
|move|p1a: Great Tusk|Rapid Spin|p2a: Iron Treads
|-resisted|p2a: Iron Treads
|-damage|p2a: Iron Treads|19/100
|-boost|p1a: Great Tusk|spe|1
|
|upkeep
|turn|8
|
|t:|1757912333
|move|p2a: Iron Treads|Earthquake|p1a: Great Tusk
|-damage|p1a: Great Tusk|8/100
|move|p1a: Great Tusk|Earthquake|p2a: Iron Treads
|-supereffective|p2a: Iron Treads
|-crit|p2a: Iron Treads
|-damage|p2a: Iron Treads|0 fnt
|faint|p2a: Iron Treads
|-end|p2a: Iron Treads|Quark Drive|[silent]
|
|upkeep
|
|t:|1757912342
|switch|p2a: Dragapult|Dragapult, M|100/100
|turn|9
|
|t:|1757912346
|move|p2a: Dragapult|Sucker Punch|p1a: Great Tusk
|-resisted|p1a: Great Tusk
|-damage|p1a: Great Tusk|0 fnt
|faint|p1a: Great Tusk
|-end|p1a: Great Tusk|Protosynthesis|[silent]
|
|upkeep
|inactive|THESWIMMER974 has 120 seconds left.
|
|t:|1757912388
|switch|p1a: Kingambit|Kingambit, F|100/100
|-activate|p1a: Kingambit|ability: Supreme Overlord
|-start|p1a: Kingambit|fallen2|[silent]
|turn|10
|
|t:|1757912395
|switch|p2a: Primarina|Primarina, F, shiny|100/100
|move|p1a: Kingambit|Kowtow Cleave|p2a: Primarina
|-resisted|p2a: Primarina
|-damage|p2a: Primarina|50/100
|
|upkeep
|turn|11
|
|t:|1757912406
|-terastallize|p2a: Primarina|Ground
|move|p2a: Primarina|Tera Blast|p1a: Kingambit|[anim] Tera Blast Ground
|-supereffective|p1a: Kingambit
|-damage|p1a: Kingambit|17/100
|move|p1a: Kingambit|Iron Head|p2a: Primarina
|-damage|p2a: Primarina|0 fnt
|faint|p2a: Primarina
|
|upkeep
|
|t:|1757912415
|switch|p2a: Dragonite|Dragonite, F, shiny|100/100
|turn|12
|
|t:|1757912427
|move|p2a: Dragonite|Dragon Dance|p2a: Dragonite
|-boost|p2a: Dragonite|atk|1
|-boost|p2a: Dragonite|spe|1
|move|p1a: Kingambit|Kowtow Cleave|p2a: Dragonite
|-damage|p2a: Dragonite|64/100
|
|upkeep
|turn|13
|
|t:|1757912438
|move|p2a: Dragonite|Outrage|p1a: Kingambit
|-resisted|p1a: Kingambit
|-crit|p1a: Kingambit
|-damage|p1a: Kingambit|0 fnt
|faint|p1a: Kingambit
|-end|p1a: Kingambit|fallen2|[silent]
|
|upkeep
|
|t:|1757912446
|switch|p1a: Kyurem|Kyurem|70/100
|-ability|p1a: Kyurem|Pressure
|turn|14
|
|t:|1757912452
|move|p2a: Dragonite|Outrage|p1a: Kyurem|[from] lockedmove
|-supereffective|p1a: Kyurem
|-damage|p1a: Kyurem|0 fnt
|faint|p1a: Kyurem
|
|upkeep
|
|t:|1757912470
|switch|p1a: Dragonite|Dragonite, M|100/100
|turn|15
|
|t:|1757912475
|move|p2a: Dragonite|Outrage|p1a: Dragonite|[from] lockedmove
|-supereffective|p1a: Dragonite
|-damage|p1a: Dragonite|0 fnt
|faint|p1a: Dragonite
|-start|p2a: Dragonite|confusion|[fatigue]
|
|upkeep
|-message|THESWIMMER974 forfeited.
|
|win|Caatomenta
|raw|THESWIMMER974's rating: 1217 &rarr; <strong>1194</strong><br />(-23 for losing)
|raw|Caatomenta's rating: 1242 &rarr; <strong>1265</strong><br />(+23 for winning)
|l|☆THESWIMMER974
|player|p1|
|l|☆Caatomenta
|player|p2|
