|j|☆FantasticBoxes123
|j|☆preppy dude
|t:|1757915340
|gametype|singles
|player|p1|FantasticBoxes123|265|1325
|player|p2|preppy dude|1|1272
|gen|9
|tier|[Gen 9] OU
|rated|
|rule|HP Percentage Mod: HP is shown in percentages
|rule|Endless Battle Clause: Forcing endless battles is banned
|rule|Species Clause: Limit one of each Pokémon
|rule|OHKO Clause: OHKO moves are banned
|rule|Evasion Items Clause: Evasion items are banned
|rule|Evasion Moves Clause: Evasion moves are banned
|rule|Evasion Abilities Clause: Evasion abilities are banned
|rule|Sleep Moves Clause: Sleep-inducing moves are banned
|clearpoke
|poke|p1|Ogerpon-Wellspring, F|
|poke|p1|Kingambit, M|
|poke|p1|Landorus-Therian, M|
|poke|p1|Glimmora, F|
|poke|p1|Dragapult, M|
|poke|p1|Iron Valiant|
|poke|p2|Zapdos|
|poke|p2|Golem, M|
|poke|p2|Arbok, M|
|poke|p2|Rhydon, F|
|poke|p2|Magneton|
|poke|p2|Dodrio, M|
|teampreview
|
|t:|1757915360
|teamsize|p1|6
|teamsize|p2|6
|start
|switch|p1a: Glimmora|Glimmora, F|100/100
|switch|p2a: Magneton|Magneton|100/100
|turn|1
|
|t:|1757915367
|move|p2a: Magneton|Steel Beam|p1a: Glimmora
|-supereffective|p1a: Glimmora
|-damage|p1a: Glimmora|0 fnt
|-damage|p2a: Magneton|50/100|[from] steelbeam
|faint|p1a: Glimmora
|
|upkeep
|
|t:|1757915380
|switch|p1a: Landorus|Landorus-Therian, M|100/100
|-ability|p1a: Landorus|Intimidate|boost
|-unboost|p2a: Magneton|atk|1
|turn|2
|
|t:|1757915390
|switch|p2a: Golem|Golem, M|100/100
|move|p1a: Landorus|Earthquake|p2a: Golem
|-supereffective|p2a: Golem
|-crit|p2a: Golem
|-ability|p2a: Golem|Sturdy
|-damage|p2a: Golem|1/100
|
|upkeep
|turn|3
|-enditem|p2a: Golem|Custap Berry|[eat]
|-activate|p2a: Golem|item: Custap Berry|[consumed]
|
|t:|1757915400
|move|p2a: Golem|Stealth Rock|p1a: Landorus
|-sidestart|p1: FantasticBoxes123|move: Stealth Rock
|move|p1a: Landorus|Earthquake|p2a: Golem
|-supereffective|p2a: Golem
|-damage|p2a: Golem|0 fnt
|faint|p2a: Golem
|
|upkeep
|
|t:|1757915409
|switch|p2a: Rhydon|Rhydon, F|100/100
|turn|4
|
|t:|1757915414
|move|p1a: Landorus|Taunt|p2a: Rhydon
|-start|p2a: Rhydon|move: Taunt
|move|p2a: Rhydon|Avalanche|p1a: Landorus
|-supereffective|p1a: Landorus
|-damage|p1a: Landorus|18/100
|-damage|p2a: Rhydon|84/100|[from] item: Rocky Helmet|[of] p1a: Landorus
|
|upkeep
|turn|5
|
|t:|1757915423
|-terastallize|p2a: Rhydon|Ghost
|move|p1a: Landorus|Earthquake|p2a: Rhydon
|-damage|p2a: Rhydon|63/100
|move|p2a: Rhydon|Avalanche|p1a: Landorus
|-supereffective|p1a: Landorus
|-damage|p1a: Landorus|0 fnt
|-damage|p2a: Rhydon|47/100|[from] item: Rocky Helmet|[of] p1a: Landorus
|faint|p1a: Landorus
|
|upkeep
|
|t:|1757915434
|switch|p1a: Kingambit|Kingambit, M|100/100
|-damage|p1a: Kingambit|94/100|[from] Stealth Rock
|-activate|p1a: Kingambit|ability: Supreme Overlord
|-start|p1a: Kingambit|fallen2|[silent]
|turn|6
|
|t:|1757915442
|switch|p2a: Arbok|Arbok, M|100/100
|-ability|p2a: Arbok|Intimidate|boost
|-unboost|p1a: Kingambit|atk|1
|move|p1a: Kingambit|Sucker Punch||[still]
|-fail|p1a: Kingambit
|
|-heal|p1a: Kingambit|100/100|[from] item: Leftovers
|upkeep
|turn|7
|
|t:|1757915451
|move|p2a: Arbok|Switcheroo|p1a: Kingambit
|-activate|p2a: Arbok|move: Trick|[of] p1a: Kingambit
|-item|p1a: Kingambit|Choice Scarf|[from] move: Switcheroo
|-item|p2a: Arbok|Leftovers|[from] move: Switcheroo
|move|p1a: Kingambit|Swords Dance|p1a: Kingambit
|-boost|p1a: Kingambit|atk|2
|
|upkeep
|turn|8
|
|t:|1757915462
|-end|p1a: Kingambit|fallen2|[silent]
|switch|p1a: Ogerpon|Ogerpon-Wellspring, F|100/100
|-damage|p1a: Ogerpon|88/100|[from] Stealth Rock
|move|p2a: Arbok|Poison Fang|p1a: Ogerpon
|-supereffective|p1a: Ogerpon
|-damage|p1a: Ogerpon|40/100
|-status|p1a: Ogerpon|tox
|
|-damage|p1a: Ogerpon|34/100 tox|[from] psn
|upkeep
|turn|9
|
|t:|1757915476
|move|p2a: Arbok|Protect|p2a: Arbok
|-singleturn|p2a: Arbok|Protect
|move|p1a: Ogerpon|Ivy Cudgel|p2a: Arbok|[anim] Ivy Cudgel Water
|-activate|p2a: Arbok|move: Protect
|
|-damage|p1a: Ogerpon|22/100 tox|[from] psn
|upkeep
|turn|10
|
|t:|1757915488
|switch|p1a: Iron Valiant|Iron Valiant|100/100
|-damage|p1a: Iron Valiant|94/100|[from] Stealth Rock
|-enditem|p1a: Iron Valiant|Booster Energy
|-activate|p1a: Iron Valiant|ability: Quark Drive|[fromitem]
|-start|p1a: Iron Valiant|quarkdrivespe
|switch|p2a: Rhydon|Rhydon, F, tera:Ghost|47/100
|
|upkeep
|turn|11
|
|t:|1757915497
|move|p1a: Iron Valiant|Knock Off|p2a: Rhydon
|-supereffective|p2a: Rhydon
|-damage|p2a: Rhydon|19/100
|-enditem|p2a: Rhydon|Eviolite|[from] move: Knock Off|[of] p1a: Iron Valiant
|move|p2a: Rhydon|Earthquake|p1a: Iron Valiant
|-damage|p1a: Iron Valiant|33/100
|
|upkeep
|turn|12
|
|t:|1757915506
|move|p1a: Iron Valiant|Knock Off|p2a: Rhydon
|-supereffective|p2a: Rhydon
|-damage|p2a: Rhydon|0 fnt
|faint|p2a: Rhydon
|
|upkeep
|
|t:|1757915515
|switch|p2a: Zapdos|Zapdos|100/100
|turn|13
|
|t:|1757915521
|move|p1a: Iron Valiant|Knock Off|p2a: Zapdos
|-damage|p2a: Zapdos|74/100
|-status|p1a: Iron Valiant|par|[from] ability: Static|[of] p2a: Zapdos
|-enditem|p2a: Zapdos|Leftovers|[from] move: Knock Off|[of] p1a: Iron Valiant
|move|p2a: Zapdos|Discharge|p1a: Iron Valiant
|-damage|p1a: Iron Valiant|0 fnt
|faint|p1a: Iron Valiant
|-end|p1a: Iron Valiant|Quark Drive|[silent]
|
|upkeep
|
|t:|1757915532
|switch|p1a: Dragapult|Dragapult, M|100/100
|-damage|p1a: Dragapult|88/100|[from] Stealth Rock
|turn|14
|inactive|Battle timer is ON: inactive players will automatically lose when time's up. (requested by preppy dude)
|
|t:|1757915557
|switch|p2a: Arbok|Arbok, M|100/100
|-ability|p2a: Arbok|Intimidate|boost
|-fail|p1a: Dragapult|unboost|[from] ability: Clear Body|[of] p1a: Dragapult
|move|p1a: Dragapult|Draco Meteor|p2a: Arbok
|-damage|p2a: Arbok|0 fnt
|-unboost|p1a: Dragapult|spa|2
|faint|p2a: Arbok
|
|upkeep
|
|t:|1757915567
|switch|p2a: Zapdos|Zapdos|74/100
|turn|15
|
|t:|1757915573
|switch|p1a: Kingambit|Kingambit, M|100/100
|-damage|p1a: Kingambit|94/100|[from] Stealth Rock
|-activate|p1a: Kingambit|ability: Supreme Overlord
|-start|p1a: Kingambit|fallen3|[silent]
|move|p2a: Zapdos|Discharge|p1a: Kingambit
|-damage|p1a: Kingambit|59/100
|-status|p1a: Kingambit|par
|
|upkeep
|turn|16
|
|t:|1757915585
|move|p2a: Zapdos|Protect|p2a: Zapdos
|-singleturn|p2a: Zapdos|Protect
|move|p1a: Kingambit|Kowtow Cleave|p2a: Zapdos
|-activate|p2a: Zapdos|move: Protect
|
|upkeep
|turn|17
|
|t:|1757915592
|move|p2a: Zapdos|Discharge|p1a: Kingambit
|-damage|p1a: Kingambit|27/100 par
|move|p1a: Kingambit|Kowtow Cleave|p2a: Zapdos
|-damage|p2a: Zapdos|19/100
|
|upkeep
|turn|18
|
|t:|1757915600
|move|p2a: Zapdos|Roost|p2a: Zapdos
|-heal|p2a: Zapdos|69/100
|-singleturn|p2a: Zapdos|move: Roost
|move|p1a: Kingambit|Kowtow Cleave|p2a: Zapdos
|-damage|p2a: Zapdos|9/100
|
|upkeep
|turn|19
|
|t:|1757915608
|move|p2a: Zapdos|Roost|p2a: Zapdos
|-heal|p2a: Zapdos|59/100
|-singleturn|p2a: Zapdos|move: Roost
|move|p1a: Kingambit|Kowtow Cleave|p2a: Zapdos
|-damage|p2a: Zapdos|8/100
|
|upkeep
|turn|20
|
|t:|1757915616
|move|p2a: Zapdos|Roost|p2a: Zapdos
|-heal|p2a: Zapdos|58/100
|-singleturn|p2a: Zapdos|move: Roost
|move|p1a: Kingambit|Kowtow Cleave|p2a: Zapdos
|-crit|p2a: Zapdos
|-damage|p2a: Zapdos|0 fnt
|faint|p2a: Zapdos
|
|upkeep
|
|t:|1757915625
|switch|p2a: Magneton|Magneton|50/100
|turn|21
|
|t:|1757915629
|move|p2a: Magneton|Discharge|p1a: Kingambit
|-damage|p1a: Kingambit|0 fnt
|faint|p1a: Kingambit
|-end|p1a: Kingambit|fallen3|[silent]
|
|upkeep
|
|t:|1757915634
|switch|p1a: Dragapult|Dragapult, M|88/100
|-damage|p1a: Dragapult|76/100|[from] Stealth Rock
|turn|22
|
|t:|1757915640
|move|p1a: Dragapult|Flamethrower|p2a: Magneton
|-supereffective|p2a: Magneton
|-damage|p2a: Magneton|0 fnt
|faint|p2a: Magneton
|
|upkeep
|
|t:|1757915645
|switch|p2a: Dodrio|Dodrio, M|100/100
|turn|23
|
|t:|1757915652
|switch|p1a: Ogerpon|Ogerpon-Wellspring, F|22/100 tox
|-damage|p1a: Ogerpon|10/100 tox|[from] Stealth Rock
|move|p2a: Dodrio|Brave Bird|p1a: Ogerpon
|-supereffective|p1a: Ogerpon
|-damage|p1a: Ogerpon|0 fnt
|faint|p1a: Ogerpon
|-damage|p2a: Dodrio|97/100|[from] Recoil
|
|upkeep
|
|t:|1757915661
|switch|p1a: Dragapult|Dragapult, M|76/100
|-damage|p1a: Dragapult|64/100|[from] Stealth Rock
|turn|24
|
|t:|1757915666
|move|p2a: Dodrio|Brave Bird|p1a: Dragapult
|-damage|p1a: Dragapult|0 fnt
|faint|p1a: Dragapult
|-damage|p2a: Dodrio|71/100|[from] Recoil
|
|win|preppy dude
|raw|FantasticBoxes123's rating: 1325 &rarr; <strong>1302</strong><br />(-23 for losing)
|raw|preppy dude's rating: 1272 &rarr; <strong>1301</strong><br />(+29 for winning)
|l|☆FantasticBoxes123
|player|p1|
|c|☆preppy dude|Gg
|l|☆preppy dude
|player|p2|
