|j|‽Albertsux2007
|j|☆fei2
|t:|1757856564
|gametype|singles
|player|p1|Albertsux2007|camper|1492
|player|p2|fei2|169|1492
|gen|9
|tier|[Gen 9] OU
|rated|
|rule|HP Percentage Mod: HP is shown in percentages
|rule|Endless Battle Clause: Forcing endless battles is banned
|rule|Species Clause: Limit one of each Pokémon
|rule|OHKO Clause: OHKO moves are banned
|rule|Evasion Items Clause: Evasion items are banned
|rule|Evasion Moves Clause: Evasion moves are banned
|rule|Evasion Abilities Clause: Evasion abilities are banned
|rule|Sleep Moves Clause: Sleep-inducing moves are banned
|clearpoke
|poke|p1|Garganacl, F|
|poke|p1|Toxapex, F|
|poke|p1|Great Tusk|
|poke|p1|Dragonite, F|
|poke|p1|Gholdengo|
|poke|p1|Iron Leaves|
|poke|p2|Great Tusk|
|poke|p2|Gholdengo|
|poke|p2|Iron Valiant|
|poke|p2|Cinderace, F|
|poke|p2|Kingambit, F|
|poke|p2|Dragonite, M|
|teampreview
|inactive|Battle timer is ON: inactive players will automatically lose when time's up. (requested by fei2)
|
|t:|1757856600
|teamsize|p1|6
|teamsize|p2|6
|start
|switch|p1a: Toxapex|Toxapex, F|100/100
|switch|p2a: Cinderace|Cinderace, F|100/100
|turn|1
|
|t:|1757856604
|move|p2a: Cinderace|U-turn|p1a: Toxapex
|-start|p2a: Cinderace|typechange|Bug|[from] ability: Libero
|-resisted|p1a: Toxapex
|-damage|p1a: Toxapex|86/100
|
|t:|1757856619
|switch|p2a: Gholdengo|Gholdengo|100/100|[from] U-turn
|-item|p2a: Gholdengo|Air Balloon
|move|p1a: Toxapex|Infestation|p2a: Gholdengo
|-resisted|p2a: Gholdengo
|-crit|p2a: Gholdengo
|-damage|p2a: Gholdengo|99/100
|-activate|p2a: Gholdengo|move: Infestation|[of] p1a: Toxapex
|-enditem|p2a: Gholdengo|Air Balloon
|
|-damage|p2a: Gholdengo|87/100|[from] move: Infestation|[partiallytrapped]
|upkeep
|turn|2
|
|t:|1757856624
|move|p2a: Gholdengo|Thunder Wave|p1a: Toxapex
|-status|p1a: Toxapex|par
|cant|p1a: Toxapex|par
|
|-damage|p2a: Gholdengo|75/100|[from] move: Infestation|[partiallytrapped]
|upkeep
|turn|3
|
|t:|1757856628
|move|p2a: Gholdengo|Shadow Ball|p1a: Toxapex
|-damage|p1a: Toxapex|61/100 par
|move|p1a: Toxapex|Surf|p2a: Gholdengo
|-damage|p2a: Gholdengo|56/100
|
|-damage|p2a: Gholdengo|44/100|[from] move: Infestation|[partiallytrapped]
|upkeep
|turn|4
|
|t:|1757856635
|move|p2a: Gholdengo|Recover|p2a: Gholdengo
|-heal|p2a: Gholdengo|94/100
|cant|p1a: Toxapex|par
|
|-damage|p2a: Gholdengo|81/100|[from] move: Infestation|[partiallytrapped]
|upkeep
|turn|5
|
|t:|1757856642
|switch|p2a: Great Tusk|Great Tusk|100/100
|cant|p1a: Toxapex|par
|
|upkeep
|turn|6
|
|t:|1757856646
|switch|p1a: Iron Leaves|Iron Leaves|100/100
|move|p2a: Great Tusk|Stealth Rock|p1a: Iron Leaves
|-sidestart|p1: Albertsux2007|move: Stealth Rock
|
|upkeep
|turn|7
|
|t:|1757856653
|-end|p2a: Great Tusk|Protosynthesis|[silent]
|switch|p2a: Gholdengo|Gholdengo|81/100
|move|p1a: Iron Leaves|Leaf Blade|p2a: Gholdengo
|-resisted|p2a: Gholdengo
|-damage|p2a: Gholdengo|59/100
|
|upkeep
|turn|8
|
|t:|1757856663
|move|p1a: Iron Leaves|Leaf Blade|p2a: Gholdengo
|-resisted|p2a: Gholdengo
|-damage|p2a: Gholdengo|35/100
|move|p2a: Gholdengo|Recover|p2a: Gholdengo
|-heal|p2a: Gholdengo|85/100
|
|upkeep
|turn|9
|
|t:|1757856675
|-end|p1a: Iron Leaves|Quark Drive|[silent]
|switch|p1a: Great Tusk|Great Tusk|100/100
|-damage|p1a: Great Tusk|98/100|[from] Stealth Rock
|move|p2a: Gholdengo|Shadow Ball|p1a: Great Tusk
|-damage|p1a: Great Tusk|50/100
|-unboost|p1a: Great Tusk|spd|1
|
|-heal|p1a: Great Tusk|56/100|[from] item: Leftovers
|upkeep
|turn|10
|
|t:|1757856683
|move|p1a: Great Tusk|Earthquake|p2a: Gholdengo
|-supereffective|p2a: Gholdengo
|-damage|p2a: Gholdengo|22/100
|move|p2a: Gholdengo|Make It Rain|p1a: Great Tusk
|-damage|p1a: Great Tusk|0 fnt
|-unboost|p2a: Gholdengo|spa|1
|faint|p1a: Great Tusk
|-end|p1a: Great Tusk|Protosynthesis|[silent]
|
|upkeep
|
|t:|1757856693
|switch|p1a: Iron Leaves|Iron Leaves|100/100
|-damage|p1a: Iron Leaves|88/100|[from] Stealth Rock
|turn|11
|
|t:|1757856702
|move|p1a: Iron Leaves|Leaf Blade|p2a: Gholdengo
|-resisted|p2a: Gholdengo
|-damage|p2a: Gholdengo|0 fnt
|faint|p2a: Gholdengo
|
|upkeep
|
|t:|1757856712
|switch|p2a: Cinderace|Cinderace, F|100/100
|turn|12
|
|t:|1757856723
|move|p2a: Cinderace|U-turn|p1a: Iron Leaves
|-start|p2a: Cinderace|typechange|Bug|[from] ability: Libero
|-supereffective|p1a: Iron Leaves
|-damage|p1a: Iron Leaves|0 fnt
|faint|p1a: Iron Leaves
|-end|p1a: Iron Leaves|Quark Drive|[silent]
|
|t:|1757856729
|switch|p2a: Great Tusk|Great Tusk|100/100|[from] U-turn
|
|upkeep
|
|t:|1757856734
|switch|p1a: Gholdengo|Gholdengo|100/100
|-damage|p1a: Gholdengo|94/100|[from] Stealth Rock
|turn|13
|
|t:|1757856738
|move|p1a: Gholdengo|Make It Rain|p2a: Great Tusk
|-damage|p2a: Great Tusk|24/100
|-unboost|p1a: Gholdengo|spa|1
|move|p2a: Great Tusk|Headlong Rush|p1a: Gholdengo
|-supereffective|p1a: Gholdengo
|-damage|p1a: Gholdengo|0 fnt
|-unboost|p2a: Great Tusk|def|1
|-unboost|p2a: Great Tusk|spd|1
|faint|p1a: Gholdengo
|
|upkeep
|
|t:|1757856745
|switch|p1a: Dragonite|Dragonite, F|100/100
|turn|14
|
|t:|1757856750
|-end|p2a: Great Tusk|Protosynthesis|[silent]
|switch|p2a: Iron Valiant|Iron Valiant|100/100
|-enditem|p2a: Iron Valiant|Booster Energy
|-activate|p2a: Iron Valiant|ability: Quark Drive|[fromitem]
|-start|p2a: Iron Valiant|quarkdrivespe
|move|p1a: Dragonite|Extreme Speed|p2a: Iron Valiant
|-damage|p2a: Iron Valiant|58/100
|
|upkeep
|turn|15
|
|t:|1757856760
|-terastallize|p1a: Dragonite|Normal
|move|p1a: Dragonite|Extreme Speed|p2a: Iron Valiant
|-damage|p2a: Iron Valiant|0 fnt
|faint|p2a: Iron Valiant
|-end|p2a: Iron Valiant|Quark Drive|[silent]
|
|upkeep
|
|t:|1757856772
|switch|p2a: Great Tusk|Great Tusk|24/100
|turn|16
|
|t:|1757856778
|move|p1a: Dragonite|Extreme Speed|p2a: Great Tusk
|-damage|p2a: Great Tusk|3/100
|-damage|p1a: Dragonite|84/100|[from] item: Rocky Helmet|[of] p2a: Great Tusk
|move|p2a: Great Tusk|Headlong Rush|p1a: Dragonite
|-crit|p1a: Dragonite
|-damage|p1a: Dragonite|1/100
|-unboost|p2a: Great Tusk|def|1
|-unboost|p2a: Great Tusk|spd|1
|
|upkeep
|turn|17
|
|t:|1757856783
|move|p1a: Dragonite|Extreme Speed|p2a: Great Tusk
|-damage|p2a: Great Tusk|0 fnt
|-damage|p1a: Dragonite|0 fnt|[from] item: Rocky Helmet|[of] p2a: Great Tusk
|faint|p2a: Great Tusk
|-end|p2a: Great Tusk|Protosynthesis|[silent]
|faint|p1a: Dragonite
|
|upkeep
|
|t:|1757856790
|switch|p1a: Toxapex|Toxapex, F|95/100 par
|switch|p2a: Dragonite|Dragonite, M|100/100
|-damage|p1a: Toxapex|82/100 par|[from] Stealth Rock
|turn|18
|
|t:|1757856792
|move|p2a: Dragonite|Dragon Dance|p2a: Dragonite
|-boost|p2a: Dragonite|atk|1
|-boost|p2a: Dragonite|spe|1
|move|p1a: Toxapex|Toxic|p2a: Dragonite
|-status|p2a: Dragonite|tox
|
|-damage|p2a: Dragonite|94/100 tox|[from] psn
|upkeep
|turn|19
|
|t:|1757856798
|move|p2a: Dragonite|Dragon Dance|p2a: Dragonite
|-boost|p2a: Dragonite|atk|1
|-boost|p2a: Dragonite|spe|1
|cant|p1a: Toxapex|par
|
|-damage|p2a: Dragonite|82/100 tox|[from] psn
|upkeep
|turn|20
|
|t:|1757856800
|move|p2a: Dragonite|Earthquake|p1a: Toxapex
|-supereffective|p1a: Toxapex
|-damage|p1a: Toxapex|0 fnt
|faint|p1a: Toxapex
|
|-damage|p2a: Dragonite|63/100 tox|[from] psn
|upkeep
|
|t:|1757856803
|switch|p1a: Garganacl|Garganacl, F|100/100
|-damage|p1a: Garganacl|88/100|[from] Stealth Rock
|turn|21
|
|t:|1757856805
|move|p2a: Dragonite|Earthquake|p1a: Garganacl
|-supereffective|p1a: Garganacl
|-damage|p1a: Garganacl|0 fnt
|faint|p1a: Garganacl
|
|win|fei2
|raw|Albertsux2007's rating: 1492 &rarr; <strong>1472</strong><br />(-20 for losing)
|raw|fei2's rating: 1492 &rarr; <strong>1512</strong><br />(+20 for winning)
|l|‽Albertsux2007
|player|p1|
|l|☆fei2
|player|p2|
