|j|☆DoctorOrion
|j|☆Alligatorgolden2
|t:|1757939028
|gametype|singles
|player|p1|DoctorOrion|fisherman-gen4|1369
|player|p2|Alligatorgolden2|lance|1333
|gen|9
|tier|[Gen 9] OU
|rated|
|rule|HP Percentage Mod: HP is shown in percentages
|rule|Endless Battle Clause: Forcing endless battles is banned
|rule|Species Clause: Limit one of each Pokémon
|rule|OHKO Clause: OHKO moves are banned
|rule|Evasion Items Clause: Evasion items are banned
|rule|Evasion Moves Clause: Evasion moves are banned
|rule|Evasion Abilities Clause: Evasion abilities are banned
|rule|Sleep Moves Clause: Sleep-inducing moves are banned
|clearpoke
|poke|p1|Kyurem|
|poke|p1|Ting-Lu|
|poke|p1|Corviknight, M|
|poke|p1|Weezing-Galar, M|
|poke|p1|Zamazenta-*|
|poke|p1|Toxapex, M|
|poke|p2|Feraligatr, M|
|poke|p2|Arcanine-Hisui, M|
|poke|p2|Haxorus, M|
|poke|p2|Zoroark-Hisui, F|
|poke|p2|Great Tusk|
|poke|p2|Skeledirge, M|
|teampreview
|
|t:|1757939038
|teamsize|p1|6
|teamsize|p2|6
|start
|switch|p1a: Weezing|Weezing-Galar, M, shiny|100/100
|switch|p2a: Bella|Zoroark-Hisui, F|100/100
|-ability|p1a: Weezing|Neutralizing Gas
|turn|1
|
|t:|1757939056
|switch|p2a: Skully|Skeledirge, M, shiny|100/100
|-end|p1a: Weezing|ability: Neutralizing Gas
|switch|p1a: Landopex|Toxapex, M, shiny|100/100
|
|upkeep
|turn|2
|
|t:|1757939067
|move|p2a: Skully|Will-O-Wisp|p1a: Landopex|[miss]
|-miss|p2a: Skully|p1a: Landopex
|move|p1a: Landopex|Acid Spray|p2a: Skully
|-resisted|p2a: Skully
|-crit|p2a: Skully
|-damage|p2a: Skully|93/100
|-unboost|p2a: Skully|spd|2
|
|-heal|p2a: Skully|99/100|[from] item: Leftovers
|upkeep
|turn|3
|
|t:|1757939077
|move|p2a: Skully|Will-O-Wisp|p1a: Landopex
|-status|p1a: Landopex|brn
|move|p1a: Landopex|Surf|p2a: Skully
|-supereffective|p2a: Skully
|-damage|p2a: Skully|22/100
|
|-heal|p2a: Skully|28/100|[from] item: Leftovers
|-damage|p1a: Landopex|95/100 brn|[from] brn
|upkeep
|turn|4
|
|t:|1757939092
|switch|p2a: Dexter Morgan|Haxorus, M|100/100
|-ability|p2a: Dexter Morgan|Mold Breaker
|move|p1a: Landopex|Acid Spray|p2a: Dexter Morgan
|-crit|p2a: Dexter Morgan
|-damage|p2a: Dexter Morgan|70/100
|-unboost|p2a: Dexter Morgan|spd|2
|
|-damage|p1a: Landopex|89/100 brn|[from] brn
|upkeep
|turn|5
|
|t:|1757939104
|switch|p1a: Corviknight|Corviknight, M, shiny|100/100
|-ability|p1a: Corviknight|Pressure
|move|p2a: Dexter Morgan|Dragon Dance|p2a: Dexter Morgan
|-boost|p2a: Dexter Morgan|atk|1
|-boost|p2a: Dexter Morgan|spe|1
|
|upkeep
|turn|6
|
|t:|1757939131
|move|p2a: Dexter Morgan|Iron Tail|p1a: Corviknight
|-resisted|p1a: Corviknight
|-damage|p1a: Corviknight|80/100
|-unboost|p1a: Corviknight|def|1
|-damage|p2a: Dexter Morgan|53/100|[from] item: Rocky Helmet|[of] p1a: Corviknight
|-damage|p2a: Dexter Morgan|43/100|[from] item: Life Orb
|move|p1a: Corviknight|Iron Defense|p1a: Corviknight
|-boost|p1a: Corviknight|def|2
|
|upkeep
|turn|7
|
|t:|1757939141
|switch|p2a: Skully|Skeledirge, M, shiny|28/100
|move|p1a: Corviknight|Brave Bird|p2a: Skully
|-damage|p2a: Skully|0 fnt
|faint|p2a: Skully
|-damage|p1a: Corviknight|71/100|[from] Recoil
|
|upkeep
|
|t:|1757939150
|switch|p2a: Helllcycle|Arcanine-Hisui, M|100/100
|turn|8
|
|t:|1757939155
|switch|p1a: Weezing|Weezing-Galar, M, shiny|100/100
|-ability|p1a: Weezing|Neutralizing Gas
|move|p2a: Helllcycle|Flare Blitz|p1a: Weezing
|-damage|p1a: Weezing|48/100
|-damage|p2a: Helllcycle|83/100|[from] Recoil
|-damage|p2a: Helllcycle|73/100|[from] item: Life Orb
|
|upkeep
|turn|9
|
|t:|1757939167
|move|p2a: Helllcycle|Flare Blitz|p1a: Weezing
|-damage|p1a: Weezing|0 fnt
|faint|p1a: Weezing
|-end|p1a: Weezing|ability: Neutralizing Gas
|-damage|p2a: Helllcycle|63/100|[from] item: Life Orb
|
|upkeep
|
|t:|1757939178
|switch|p1a: Zamazenta|Zamazenta|100/100
|-ability|p1a: Zamazenta|Dauntless Shield|boost
|-boost|p1a: Zamazenta|def|1
|turn|10
|
|t:|1757939185
|move|p2a: Helllcycle|Extreme Speed|p1a: Zamazenta
|-damage|p1a: Zamazenta|78/100
|-damage|p2a: Helllcycle|53/100|[from] item: Life Orb
|move|p1a: Zamazenta|Crunch|p2a: Helllcycle
|-damage|p2a: Helllcycle|0 fnt
|faint|p2a: Helllcycle
|
|upkeep
|
|t:|1757939197
|switch|p2a: Hannibal|Great Tusk|100/100
|-enditem|p2a: Hannibal|Booster Energy
|-activate|p2a: Hannibal|ability: Protosynthesis|[fromitem]
|-start|p2a: Hannibal|protosynthesisatk
|turn|11
|
|t:|1757939203
|switch|p1a: Corviknight|Corviknight, M, shiny|71/100
|-ability|p1a: Corviknight|Pressure
|move|p2a: Hannibal|Stealth Rock|p1a: Corviknight
|-sidestart|p1: DoctorOrion|move: Stealth Rock
|
|upkeep
|turn|12
|
|t:|1757939222
|-end|p2a: Hannibal|Protosynthesis|[silent]
|switch|p2a: Alligator|Feraligatr, M|100/100
|move|p1a: Corviknight|Iron Defense|p1a: Corviknight
|-boost|p1a: Corviknight|def|2
|
|upkeep
|turn|13
|
|t:|1757939232
|move|p2a: Alligator|Dragon Dance|p2a: Alligator
|-boost|p2a: Alligator|atk|1
|-boost|p2a: Alligator|spe|1
|move|p1a: Corviknight|Brave Bird|p2a: Alligator
|-damage|p2a: Alligator|67/100
|-damage|p1a: Corviknight|62/100|[from] Recoil
|
|upkeep
|turn|14
|
|t:|1757939245
|move|p2a: Alligator|Dragon Dance|p2a: Alligator
|-boost|p2a: Alligator|atk|1
|-boost|p2a: Alligator|spe|1
|move|p1a: Corviknight|Roost|p1a: Corviknight
|-heal|p1a: Corviknight|100/100
|-singleturn|p1a: Corviknight|move: Roost
|
|upkeep
|turn|15
|
|t:|1757939252
|move|p2a: Alligator|Dragon Dance|p2a: Alligator
|-boost|p2a: Alligator|atk|1
|-boost|p2a: Alligator|spe|1
|move|p1a: Corviknight|Brave Bird|p2a: Alligator
|-damage|p2a: Alligator|33/100
|-damage|p1a: Corviknight|91/100|[from] Recoil
|
|upkeep
|turn|16
|
|t:|1757939262
|move|p2a: Alligator|Liquidation|p1a: Corviknight
|-damage|p1a: Corviknight|39/100
|-damage|p2a: Alligator|16/100|[from] item: Rocky Helmet|[of] p1a: Corviknight
|move|p1a: Corviknight|Brave Bird|p2a: Alligator
|-damage|p2a: Alligator|0 fnt
|faint|p2a: Alligator
|-damage|p1a: Corviknight|35/100|[from] Recoil
|
|upkeep
|
|t:|1757939273
|switch|p2a: Hannibal|Great Tusk|100/100
|turn|17
|
|t:|1757939277
|move|p2a: Hannibal|Bitter Malice|p1a: Corviknight
|-damage|p1a: Corviknight|0 fnt
|faint|p1a: Corviknight
|
|upkeep
|
|t:|1757939292
|switch|p1a: Zamazenta|Zamazenta|78/100
|-damage|p1a: Zamazenta|72/100|[from] Stealth Rock
|turn|18
|c|☆DoctorOrion|nice name
|c|☆Alligatorgolden2|Ty
|
|t:|1757939319
|move|p1a: Zamazenta|Close Combat|p2a: Hannibal
|-immune|p2a: Hannibal
|move|p2a: Hannibal|Bitter Malice|p1a: Zamazenta
|-damage|p1a: Zamazenta|34/100
|-unboost|p1a: Zamazenta|atk|1
|
|upkeep
|turn|19
|
|t:|1757939329
|switch|p1a: Ting-Lu|Ting-Lu|100/100
|-damage|p1a: Ting-Lu|94/100|[from] Stealth Rock
|-ability|p1a: Ting-Lu|Vessel of Ruin
|move|p2a: Hannibal|Bitter Malice|p1a: Ting-Lu
|-resisted|p1a: Ting-Lu
|-crit|p1a: Ting-Lu
|-damage|p1a: Ting-Lu|83/100
|-unboost|p1a: Ting-Lu|atk|1
|
|-heal|p1a: Ting-Lu|89/100|[from] item: Leftovers
|upkeep
|turn|20
|
|t:|1757939343
|switch|p2a: Hannibal|Great Tusk|100/100
|move|p1a: Ting-Lu|Ruination|p2a: Hannibal
|-damage|p2a: Hannibal|50/100
|
|-heal|p1a: Ting-Lu|95/100|[from] item: Leftovers
|upkeep
|turn|21
|
|t:|1757939370
|switch|p1a: Zamazenta|Zamazenta|34/100
|-damage|p1a: Zamazenta|28/100|[from] Stealth Rock
|move|p2a: Hannibal|Ice Spinner|p1a: Zamazenta
|-damage|p1a: Zamazenta|0 fnt
|faint|p1a: Zamazenta
|
|upkeep
|
|t:|1757939377
|switch|p1a: Kyurem|Kyurem, shiny|100/100
|-damage|p1a: Kyurem|76/100|[from] Stealth Rock
|-ability|p1a: Kyurem|Pressure
|turn|22
|
|t:|1757939391
|move|p1a: Kyurem|Freeze-Dry|p2a: Hannibal
|-supereffective|p2a: Hannibal
|-damage|p2a: Hannibal|0 fnt
|faint|p2a: Hannibal
|-end|p2a: Hannibal|Protosynthesis|[silent]
|
|-heal|p1a: Kyurem|82/100|[from] item: Leftovers
|upkeep
|
|t:|1757939399
|switch|p2a: Dexter Morgan|Haxorus, M|43/100
|-ability|p2a: Dexter Morgan|Mold Breaker
|turn|23
|
|t:|1757939406
|-terastallize|p2a: Dexter Morgan|Steel
|move|p2a: Dexter Morgan|Dragon Claw|p1a: Kyurem
|-supereffective|p1a: Kyurem
|-damage|p1a: Kyurem|0 fnt
|faint|p1a: Kyurem
|-damage|p2a: Dexter Morgan|33/100|[from] item: Life Orb
|
|upkeep
|
|t:|1757939413
|switch|p1a: Ting-Lu|Ting-Lu|95/100
|-damage|p1a: Ting-Lu|89/100|[from] Stealth Rock
|-ability|p1a: Ting-Lu|Vessel of Ruin
|turn|24
|
|t:|1757939420
|move|p2a: Dexter Morgan|Earthquake|p1a: Ting-Lu
|-damage|p1a: Ting-Lu|63/100
|-damage|p2a: Dexter Morgan|23/100|[from] item: Life Orb
|move|p1a: Ting-Lu|Earthquake|p2a: Dexter Morgan
|-supereffective|p2a: Dexter Morgan
|-damage|p2a: Dexter Morgan|0 fnt
|faint|p2a: Dexter Morgan
|
|-heal|p1a: Ting-Lu|69/100|[from] item: Leftovers
|upkeep
|
|t:|1757939433
|switch|p2a: Bella|Zoroark-Hisui, F|100/100
|turn|25
|
|t:|1757939439
|move|p2a: Bella|Grass Knot|p1a: Ting-Lu
|-supereffective|p1a: Ting-Lu
|-damage|p1a: Ting-Lu|34/100
|move|p1a: Ting-Lu|Earthquake|p2a: Bella
|-damage|p2a: Bella|30/100
|
|-heal|p1a: Ting-Lu|41/100|[from] item: Leftovers
|upkeep
|turn|26
|
|t:|1757939453
|-terastallize|p1a: Ting-Lu|Fairy
|move|p2a: Bella|Hyper Voice|p1a: Ting-Lu
|-damage|p1a: Ting-Lu|21/100
|move|p1a: Ting-Lu|Earthquake|p2a: Bella
|-damage|p2a: Bella|0 fnt
|faint|p2a: Bella
|
|win|DoctorOrion
|raw|DoctorOrion's rating: 1369 &rarr; <strong>1387</strong><br />(+18 for winning)
|raw|Alligatorgolden2's rating: 1333 &rarr; <strong>1315</strong><br />(-18 for losing)
|l|☆DoctorOrion
|player|p1|
|l|☆Alligatorgolden2
|player|p2|
