|j|☆moron tester
|j|☆alfred_791
|t:|1757906364
|gametype|singles
|player|p1|moron tester|101|1398
|player|p2|alfred_791|cynthia-gen4|1428
|gen|9
|tier|[Gen 9] OU
|rated|
|rule|HP Percentage Mod: HP is shown in percentages
|rule|Endless Battle Clause: Forcing endless battles is banned
|rule|Species Clause: Limit one of each Pokémon
|rule|OHKO Clause: OHKO moves are banned
|rule|Evasion Items Clause: Evasion items are banned
|rule|Evasion Moves Clause: Evasion moves are banned
|rule|Evasion Abilities Clause: Evasion abilities are banned
|rule|Sleep Moves Clause: Sleep-inducing moves are banned
|clearpoke
|poke|p1|Quaquaval, M|
|poke|p1|Tornadus-Therian, M|
|poke|p1|Raging Bolt|
|poke|p1|Amoonguss, F|
|poke|p1|Iron Treads|
|poke|p1|Hatterene, F|
|poke|p2|Garchomp, M|
|poke|p2|Slowking-Galar, M|
|poke|p2|Corviknight, M|
|poke|p2|Dragonite, M|
|poke|p2|Gholdengo|
|poke|p2|Raging Bolt|
|teampreview
|
|t:|1757906371
|teamsize|p1|6
|teamsize|p2|6
|start
|switch|p1a: Tornadus|Tornadus-Therian, M|100/100
|switch|p2a: Slowking|Slowking-Galar, M|100/100
|turn|1
|
|t:|1757906376
|move|p1a: Tornadus|Taunt|p2a: Slowking
|-start|p2a: Slowking|move: Taunt
|move|p2a: Slowking|Future Sight|p1a: Tornadus
|-start|p2a: Slowking|move: Future Sight
|
|upkeep
|turn|2
|
|t:|1757906383
|switch|p1a: Quaquaval|Quaquaval, M|100/100
|switch|p2a: Corviknight|Corviknight, M, shiny|100/100
|-ability|p2a: Corviknight|Pressure
|
|upkeep
|turn|3
|
|t:|1757906389
|move|p1a: Quaquaval|Flip Turn|p2a: Corviknight
|-crit|p2a: Corviknight
|-damage|p2a: Corviknight|63/100
|-damage|p1a: Quaquaval|84/100|[from] item: Rocky Helmet|[of] p2a: Corviknight
|
|t:|1757906394
|switch|p1a: Iron Treads|Iron Treads|100/100|[from] Flip Turn
|move|p2a: Corviknight|U-turn|p1a: Iron Treads
|-resisted|p1a: Iron Treads
|-damage|p1a: Iron Treads|94/100
|
|t:|1757906401
|switch|p2a: Garchomp|Garchomp, M|100/100|[from] U-turn
|
|-end|p1a: Iron Treads|move: Future Sight
|-resisted|p1a: Iron Treads
|-damage|p1a: Iron Treads|63/100
|-heal|p1a: Iron Treads|70/100|[from] item: Leftovers
|upkeep
|turn|4
|
|t:|1757906413
|-end|p1a: Iron Treads|Quark Drive|[silent]
|switch|p1a: Hatterene|Hatterene, F|100/100
|move|p2a: Garchomp|Earthquake|p1a: Hatterene
|-damage|p1a: Hatterene|40/100
|
|upkeep
|turn|5
|
|t:|1757906419
|move|p2a: Garchomp|Earthquake|p1a: Hatterene
|-damage|p1a: Hatterene|0 fnt
|faint|p1a: Hatterene
|
|upkeep
|
|t:|1757906429
|switch|p1a: Tornadus|Tornadus-Therian, M|100/100
|turn|6
|
|t:|1757906444
|move|p1a: Tornadus|Bleakwind Storm|p2a: Garchomp
|-damage|p2a: Garchomp|32/100
|-unboost|p2a: Garchomp|spe|1
|-damage|p1a: Tornadus|91/100|[from] item: Life Orb
|move|p2a: Garchomp|Scale Shot|p1a: Tornadus
|-damage|p1a: Tornadus|71/100
|-damage|p1a: Tornadus|53/100
|-damage|p1a: Tornadus|33/100
|-damage|p1a: Tornadus|14/100
|-crit|p1a: Tornadus
|-damage|p1a: Tornadus|0 fnt
|faint|p1a: Tornadus
|-hitcount|p1: Tornadus|5
|-unboost|p2a: Garchomp|def|1
|-boost|p2a: Garchomp|spe|1
|
|upkeep
|
|t:|1757906459
|switch|p1a: Iron Treads|Iron Treads|70/100
|turn|7
|
|t:|1757906470
|switch|p2a: Corviknight|Corviknight, M, shiny|63/100
|-ability|p2a: Corviknight|Pressure
|move|p1a: Iron Treads|Earthquake|p2a: Corviknight
|-immune|p2a: Corviknight
|
|-heal|p1a: Iron Treads|76/100|[from] item: Leftovers
|upkeep
|turn|8
|
|t:|1757906478
|-end|p1a: Iron Treads|Quark Drive|[silent]
|switch|p1a: Raging Bolt|Raging Bolt|100/100
|-enditem|p1a: Raging Bolt|Booster Energy
|-activate|p1a: Raging Bolt|ability: Protosynthesis|[fromitem]
|-start|p1a: Raging Bolt|protosynthesisspa
|move|p2a: Corviknight|Roost|p2a: Corviknight
|-heal|p2a: Corviknight|100/100
|-singleturn|p2a: Corviknight|move: Roost
|
|upkeep
|turn|9
|
|t:|1757906491
|move|p1a: Raging Bolt|Calm Mind|p1a: Raging Bolt
|-boost|p1a: Raging Bolt|spa|1
|-boost|p1a: Raging Bolt|spd|1
|move|p2a: Corviknight|U-turn|p1a: Raging Bolt
|-damage|p1a: Raging Bolt|88/100
|
|t:|1757906503
|switch|p2a: Garchomp|Garchomp, M|32/100|[from] U-turn
|
|upkeep
|turn|10
|
|t:|1757906510
|-terastallize|p1a: Raging Bolt|Fairy
|move|p2a: Garchomp|Earthquake|p1a: Raging Bolt
|-damage|p1a: Raging Bolt|41/100
|move|p1a: Raging Bolt|Dragon Pulse|p2a: Garchomp
|-supereffective|p2a: Garchomp
|-damage|p2a: Garchomp|0 fnt
|faint|p2a: Garchomp
|
|upkeep
|
|t:|1757906527
|switch|p2a: Dragonite|Dragonite, M|100/100
|turn|11
|
|t:|1757906538
|-terastallize|p2a: Dragonite|Normal
|move|p2a: Dragonite|Extreme Speed|p1a: Raging Bolt
|-damage|p1a: Raging Bolt|0 fnt
|faint|p1a: Raging Bolt
|-end|p1a: Raging Bolt|Protosynthesis|[silent]
|
|upkeep
|
|t:|1757906543
|switch|p1a: Amoonguss|Amoonguss, F|100/100
|turn|12
|
|t:|1757906547
|switch|p2a: Slowking|Slowking-Galar, M|100/100
|move|p1a: Amoonguss|Toxic|p2a: Slowking
|-immune|p2a: Slowking
|
|upkeep
|turn|13
|
|t:|1757906552
|switch|p1a: Iron Treads|Iron Treads|76/100
|move|p2a: Slowking|Future Sight|p1a: Iron Treads
|-start|p2a: Slowking|move: Future Sight
|
|-heal|p1a: Iron Treads|82/100|[from] item: Leftovers
|upkeep
|turn|14
|
|t:|1757906559
|switch|p2a: Corviknight|Corviknight, M, shiny|100/100
|-ability|p2a: Corviknight|Pressure
|move|p1a: Iron Treads|Stealth Rock|p2a: Corviknight
|-sidestart|p2: alfred_791|move: Stealth Rock
|
|-heal|p1a: Iron Treads|88/100|[from] item: Leftovers
|upkeep
|turn|15
|
|t:|1757906566
|move|p1a: Iron Treads|Knock Off|p2a: Corviknight
|-damage|p2a: Corviknight|83/100
|-damage|p1a: Iron Treads|72/100|[from] item: Rocky Helmet|[of] p2a: Corviknight
|-enditem|p2a: Corviknight|Rocky Helmet|[from] move: Knock Off|[of] p1a: Iron Treads
|move|p2a: Corviknight|Defog|p1a: Iron Treads
|-unboost|p1a: Iron Treads|evasion|1
|-sideend|p2: alfred_791|Stealth Rock|[from] move: Defog|[of] p2a: Corviknight
|
|-end|p1a: Iron Treads|move: Future Sight
|-resisted|p1a: Iron Treads
|-damage|p1a: Iron Treads|42/100
|-heal|p1a: Iron Treads|48/100|[from] item: Leftovers
|upkeep
|turn|16
|
|t:|1757906577
|move|p1a: Iron Treads|Stealth Rock|p2a: Corviknight
|-sidestart|p2: alfred_791|move: Stealth Rock
|move|p2a: Corviknight|Body Press|p1a: Iron Treads
|-supereffective|p1a: Iron Treads
|-damage|p1a: Iron Treads|0 fnt
|faint|p1a: Iron Treads
|-end|p1a: Iron Treads|Quark Drive|[silent]
|
|upkeep
|
|t:|1757906582
|switch|p1a: Quaquaval|Quaquaval, M|84/100
|turn|17
|
|t:|1757906589
|move|p1a: Quaquaval|Aqua Step|p2a: Corviknight
|-damage|p2a: Corviknight|50/100
|-boost|p1a: Quaquaval|spe|1
|move|p2a: Corviknight|Roost|p2a: Corviknight
|-heal|p2a: Corviknight|99/100
|-singleturn|p2a: Corviknight|move: Roost
|
|upkeep
|turn|18
|-message|moron tester forfeited.
|
|win|alfred_791
|raw|moron tester's rating: 1398 &rarr; <strong>1380</strong><br />(-18 for losing)
|raw|alfred_791's rating: 1428 &rarr; <strong>1446</strong><br />(+18 for winning)
|l|☆moron tester
|player|p1|
|l|☆alfred_791
|player|p2|
