|j|☆rafapaia
|j|☆neymar X
|t:|1757895128
|gametype|singles
|player|p1|rafapaia|silver|
|player|p2|neymar X|morty-masters|
|gen|9
|tier|[Gen 9] OU
|rule|HP Percentage Mod: HP is shown in percentages
|rule|Endless Battle Clause: Forcing endless battles is banned
|rule|Species Clause: Limit one of each Pokémon
|rule|OHKO Clause: OHKO moves are banned
|rule|Evasion Items Clause: Evasion items are banned
|rule|Evasion Moves Clause: Evasion moves are banned
|rule|Evasion Abilities Clause: Evasion abilities are banned
|rule|Sleep Moves Clause: Sleep-inducing moves are banned
|clearpoke
|poke|p1|Lokix, F|
|poke|p1|Cinderace, M|
|poke|p1|Great Tusk|
|poke|p1|Alomomola, F|
|poke|p1|Enamorus, F|
|poke|p1|Slowking-Galar, F|
|poke|p2|Landorus-Therian, M|
|poke|p2|Samurott-Hisui, M|
|poke|p2|Pecharunt|
|poke|p2|Scizor, M|
|poke|p2|Latios, M|
|poke|p2|Zamazenta-*|
|teampreview
|
|t:|1757895160
|teamsize|p1|6
|teamsize|p2|6
|start
|switch|p1a: Slowking|Slowking-Galar, F|100/100
|switch|p2a: Landorus|Landorus-Therian, M|100/100
|-ability|p2a: Landorus|Intimidate|boost
|-unboost|p1a: Slowking|atk|1
|turn|1
|
|t:|1757895162
|move|p2a: Landorus|Earthquake|p1a: Slowking
|-supereffective|p1a: Slowking
|-enditem|p1a: Slowking|Shuca Berry|[eat]
|-enditem|p1a: Slowking|Shuca Berry|[weaken]
|-damage|p1a: Slowking|65/100
|move|p1a: Slowking|Ice Beam|p2a: Landorus
|-supereffective|p2a: Landorus
|-damage|p2a: Landorus|0 fnt
|faint|p2a: Landorus
|
|upkeep
|c|☆neymar X|e claro
|c|☆neymar X|pq nn seria
|c|☆rafapaia|KJKKKKKKKKKKKKKKKKKKKK
|
|t:|1757895174
|switch|p2a: Samurott|Samurott-Hisui, M|100/100
|turn|2
|
|t:|1757895189
|switch|p1a: Lokix|Lokix, F|100/100
|move|p2a: Samurott|Ceaseless Edge|p1a: Lokix
|-resisted|p1a: Lokix
|-damage|p1a: Lokix|68/100
|-sidestart|p1: rafapaia|Spikes
|
|upkeep
|turn|3
|
|t:|1757895198
|move|p1a: Lokix|Knock Off|p2a: Samurott
|-resisted|p2a: Samurott
|-damage|p2a: Samurott|14/100
|-enditem|p2a: Samurott|Assault Vest|[from] move: Knock Off|[of] p1a: Lokix
|move|p2a: Samurott|Ceaseless Edge|p1a: Lokix
|-resisted|p1a: Lokix
|-damage|p1a: Lokix|31/100
|-sidestart|p1: rafapaia|Spikes
|
|upkeep
|turn|4
|
|t:|1757895206
|move|p2a: Samurott|Aqua Jet|p1a: Lokix
|-damage|p1a: Lokix|0 fnt
|faint|p1a: Lokix
|
|upkeep
|
|t:|1757895217
|switch|p1a: Great Tusk|Great Tusk|100/100
|-damage|p1a: Great Tusk|84/100|[from] Spikes
|turn|5
|
|t:|1757895220
|switch|p2a: Pecharunt|Pecharunt|100/100
|move|p1a: Great Tusk|Rapid Spin|p2a: Pecharunt
|-immune|p2a: Pecharunt
|
|-heal|p1a: Great Tusk|90/100|[from] item: Leftovers
|upkeep
|turn|6
|
|t:|1757895236
|move|p2a: Pecharunt|Parting Shot|p1a: Great Tusk
|-unboost|p1a: Great Tusk|atk|1
|-unboost|p1a: Great Tusk|spa|1
|
|t:|1757895239
|switch|p2a: Latios|Latios, M|100/100|[from] Parting Shot
|move|p1a: Great Tusk|Knock Off|p2a: Latios
|-supereffective|p2a: Latios
|-damage|p2a: Latios|52/100
|-enditem|p2a: Latios|Soul Dew|[from] move: Knock Off|[of] p1a: Great Tusk
|
|-heal|p1a: Great Tusk|96/100|[from] item: Leftovers
|upkeep
|turn|7
|
|t:|1757895247
|-end|p1a: Great Tusk|Protosynthesis|[silent]
|switch|p1a: Alomomola|Alomomola, F|100/100
|-damage|p1a: Alomomola|84/100|[from] Spikes
|move|p2a: Latios|Psychic Noise|p1a: Alomomola
|-damage|p1a: Alomomola|64/100
|-start|p1a: Alomomola|move: Heal Block
|
|upkeep
|turn|8
|
|t:|1757895251
|move|p2a: Latios|Calm Mind|p2a: Latios
|-boost|p2a: Latios|spa|1
|-boost|p2a: Latios|spd|1
|move|p1a: Alomomola|Mirror Coat||[still]
|-fail|p1a: Alomomola
|
|-end|p1a: Alomomola|move: Heal Block
|upkeep
|turn|9
|
|t:|1757895257
|move|p2a: Latios|Recover|p2a: Latios
|-heal|p2a: Latios|100/100
|move|p1a: Alomomola|Flip Turn|p2a: Latios
|-resisted|p2a: Latios
|-damage|p2a: Latios|89/100
|
|t:|1757895277
|switch|p1a: Cinderace|Cinderace, M|100/100|[from] Flip Turn
|
|upkeep
|turn|10
|
|t:|1757895282
|-terastallize|p2a: Latios|Steel
|move|p1a: Cinderace|Sucker Punch|p2a: Latios
|-damage|p2a: Latios|62/100
|move|p2a: Latios|Draco Meteor|p1a: Cinderace|[miss]
|-miss|p2a: Latios|p1a: Cinderace
|
|upkeep
|turn|11
|c|☆neymar X|parabens
|c|☆neymar X|parabens rafa
|c|☆neymar X|vc realmente joga muito
|c|☆neymar X|uau como ele joga
|c|☆rafapaia|😪
|c|☆neymar X|uau
|c|☆neymar X|UAAAAAAAAU COMO ELE JOGAAAAAAAAAAAAAAAAAA
|c|☆neymar X|FILHO DA PUTA
|c|☆rafapaia|CARA
|c|☆rafapaia|É AURA DO CAÇADOR
|
|t:|1757895338
|switch|p2a: Samurott|Samurott-Hisui, M|14/100
|move|p1a: Cinderace|Pyro Ball|p2a: Samurott
|-resisted|p2a: Samurott
|-damage|p2a: Samurott|0 fnt
|faint|p2a: Samurott
|
|upkeep
|
|t:|1757895341
|switch|p2a: Zamazenta|Zamazenta|100/100
|-ability|p2a: Zamazenta|Dauntless Shield|boost
|-boost|p2a: Zamazenta|def|1
|turn|12
|
|t:|1757895347
|move|p2a: Zamazenta|Body Press|p1a: Cinderace
|-damage|p1a: Cinderace|34/100
|move|p1a: Cinderace|Will-O-Wisp|p2a: Zamazenta
|-status|p2a: Zamazenta|brn
|
|-damage|p2a: Zamazenta|94/100 brn|[from] brn
|upkeep
|turn|13
|
|t:|1757895366
|switch|p1a: Enamorus|Enamorus, F|100/100
|move|p2a: Zamazenta|Body Press|p1a: Enamorus
|-resisted|p1a: Enamorus
|-damage|p1a: Enamorus|89/100
|
|-heal|p2a: Zamazenta|100/100 brn|[from] item: Leftovers
|-damage|p2a: Zamazenta|94/100 brn|[from] brn
|upkeep
|turn|14
|
|t:|1757895371
|switch|p2a: Pecharunt|Pecharunt|100/100
|move|p1a: Enamorus|Moonblast|p2a: Pecharunt
|-resisted|p2a: Pecharunt
|-damage|p2a: Pecharunt|70/100
|
|upkeep
|turn|15
|
|t:|1757895378
|switch|p1a: Great Tusk|Great Tusk|96/100
|-damage|p1a: Great Tusk|80/100|[from] Spikes
|move|p2a: Pecharunt|Parting Shot|p1a: Great Tusk
|-unboost|p1a: Great Tusk|atk|1
|-unboost|p1a: Great Tusk|spa|1
|
|t:|1757895381
|switch|p2a: Latios|Latios, M, tera:Steel|62/100|[from] Parting Shot
|
|-heal|p1a: Great Tusk|86/100|[from] item: Leftovers
|upkeep
|turn|16
|
|t:|1757895386
|move|p2a: Latios|Psychic Noise|p1a: Great Tusk
|-supereffective|p1a: Great Tusk
|-damage|p1a: Great Tusk|0 fnt
|faint|p1a: Great Tusk
|-end|p1a: Great Tusk|Protosynthesis|[silent]
|
|upkeep
|
|t:|1757895391
|switch|p1a: Cinderace|Cinderace, M|34/100
|turn|17
|
|t:|1757895396
|switch|p2a: Zamazenta|Zamazenta|94/100 brn
|move|p1a: Cinderace|Pyro Ball|p2a: Zamazenta|[miss]
|-miss|p1a: Cinderace|p2a: Zamazenta
|
|-heal|p2a: Zamazenta|100/100 brn|[from] item: Leftovers
|-damage|p2a: Zamazenta|94/100 brn|[from] brn
|upkeep
|turn|18
|
|t:|1757895410
|switch|p1a: Slowking|Slowking-Galar, F|98/100
|-damage|p1a: Slowking|81/100|[from] Spikes
|move|p2a: Zamazenta|Body Press|p1a: Slowking
|-resisted|p1a: Slowking
|-damage|p1a: Slowking|78/100
|
|-heal|p2a: Zamazenta|100/100 brn|[from] item: Leftovers
|-damage|p2a: Zamazenta|94/100 brn|[from] brn
|upkeep
|turn|19
|
|t:|1757895414
|switch|p2a: Scizor|Scizor, M|100/100
|move|p1a: Slowking|Future Sight|p2a: Scizor
|-start|p1a: Slowking|move: Future Sight
|
|upkeep
|turn|20
|
|t:|1757895419
|move|p2a: Scizor|Knock Off|p1a: Slowking
|-supereffective|p1a: Slowking
|-damage|p1a: Slowking|44/100
|-prepare|p1a: Slowking|Chilly Reception|[premajor]
|move|p1a: Slowking|Chilly Reception|p1a: Slowking
|-weather|Snowscape
|
|t:|1757895432
|switch|p1a: Cinderace|Cinderace, M|34/100|[from] Chilly Reception
|
|-weather|Snowscape|[upkeep]
|upkeep
|turn|21
|
|t:|1757895443
|switch|p2a: Zamazenta|Zamazenta|94/100 brn
|move|p1a: Cinderace|Pyro Ball|p2a: Zamazenta
|-damage|p2a: Zamazenta|41/100 brn
|
|-weather|Snowscape|[upkeep]
|-end|p2a: Zamazenta|move: Future Sight
|-supereffective|p2a: Zamazenta
|-damage|p2a: Zamazenta|0 fnt
|faint|p2a: Zamazenta
|upkeep
|
|t:|1757895446
|switch|p2a: Pecharunt|Pecharunt|70/100
|turn|22
|
|t:|1757895460
|move|p1a: Cinderace|U-turn|p2a: Pecharunt
|-resisted|p2a: Pecharunt
|-damage|p2a: Pecharunt|68/100
|
|t:|1757895464
|switch|p1a: Slowking|Slowking-Galar, F|77/100|[from] U-turn
|-damage|p1a: Slowking|61/100|[from] Spikes
|move|p2a: Pecharunt|Malignant Chain|p1a: Slowking
|-resisted|p1a: Slowking
|-damage|p1a: Slowking|49/100
|
|-weather|Snowscape|[upkeep]
|upkeep
|turn|23
|
|t:|1757895468
|move|p2a: Pecharunt|Shadow Ball|p1a: Slowking
|-supereffective|p1a: Slowking
|-damage|p1a: Slowking|8/100
|move|p1a: Slowking|Future Sight|p2a: Pecharunt
|-start|p1a: Slowking|move: Future Sight
|
|-weather|Snowscape|[upkeep]
|upkeep
|turn|24
|
|t:|1757895477
|switch|p1a: Alomomola|Alomomola, F|97/100
|-damage|p1a: Alomomola|80/100|[from] Spikes
|move|p2a: Pecharunt|Shadow Ball|p1a: Alomomola
|-damage|p1a: Alomomola|67/100
|
|-weather|none
|upkeep
|turn|25
|
|t:|1757895486
|switch|p2a: Scizor|Scizor, M|100/100
|move|p1a: Alomomola|Mirror Coat||[still]
|-fail|p1a: Alomomola
|
|-end|p2a: Scizor|move: Future Sight
|-resisted|p2a: Scizor
|-damage|p2a: Scizor|67/100
|upkeep
|turn|26
|
|t:|1757895494
|move|p2a: Scizor|Swords Dance|p2a: Scizor
|-boost|p2a: Scizor|atk|2
|move|p1a: Alomomola|Flip Turn|p2a: Scizor
|-damage|p2a: Scizor|47/100
|
|t:|1757895503
|switch|p1a: Slowking|Slowking-Galar, F|42/100|[from] Flip Turn
|-damage|p1a: Slowking|25/100|[from] Spikes
|
|upkeep
|turn|27
|
|t:|1757895511
|switch|p1a: Alomomola|Alomomola, F|100/100
|-damage|p1a: Alomomola|84/100|[from] Spikes
|move|p2a: Scizor|Bullet Punch|p1a: Alomomola
|-resisted|p1a: Alomomola
|-damage|p1a: Alomomola|58/100
|
|upkeep
|turn|28
|
|t:|1757895527
|move|p2a: Scizor|Swords Dance|p2a: Scizor
|-boost|p2a: Scizor|atk|2
|move|p1a: Alomomola|Flip Turn|p2a: Scizor
|-damage|p2a: Scizor|26/100
|
|t:|1757895556
|switch|p1a: Slowking|Slowking-Galar, F|58/100|[from] Flip Turn
|-damage|p1a: Slowking|42/100|[from] Spikes
|
|upkeep
|turn|29
|
|t:|1757895564
|move|p2a: Scizor|Knock Off|p1a: Slowking
|-supereffective|p1a: Slowking
|-damage|p1a: Slowking|0 fnt
|faint|p1a: Slowking
|
|upkeep
|
|t:|1757895566
|switch|p1a: Alomomola|Alomomola, F|91/100
|-damage|p1a: Alomomola|74/100|[from] Spikes
|turn|30
|
|t:|1757895571
|move|p1a: Alomomola|Aqua Jet|p2a: Scizor
|-damage|p2a: Scizor|13/100
|move|p2a: Scizor|Knock Off|p1a: Alomomola
|-damage|p1a: Alomomola|0 fnt
|-enditem|p1a: Alomomola|Assault Vest|[from] move: Knock Off|[of] p2a: Scizor
|faint|p1a: Alomomola
|
|upkeep
|
|t:|1757895577
|switch|p1a: Cinderace|Cinderace, M|34/100
|turn|31
|c|☆neymar X|aqua jet alolomola
|c|☆neymar X|vc merece a morte que vc vai ter
|c|☆neymar X|seja ela qual for
|
|t:|1757895597
|move|p1a: Cinderace|Sucker Punch||[still]
|-fail|p1a: Cinderace
|move|p2a: Scizor|Swords Dance|p2a: Scizor
|-boost|p2a: Scizor|atk|2
|
|upkeep
|turn|32
|c|☆rafapaia|TO TOMANDO GALA
|
|t:|1757895606
|move|p1a: Cinderace|Sucker Punch|p2a: Scizor
|-damage|p2a: Scizor|0 fnt
|faint|p2a: Scizor
|
|upkeep
|
|t:|1757895608
|switch|p2a: Pecharunt|Pecharunt|68/100
|turn|33
|
|t:|1757895616
|switch|p1a: Enamorus|Enamorus, F|89/100
|move|p2a: Pecharunt|Malignant Chain|p1a: Enamorus
|-supereffective|p1a: Enamorus
|-damage|p1a: Enamorus|4/100
|
|upkeep
|turn|34
|
|t:|1757895623
|move|p1a: Enamorus|Earth Power|p2a: Pecharunt
|-supereffective|p2a: Pecharunt
|-damage|p2a: Pecharunt|0 fnt
|faint|p2a: Pecharunt
|
|upkeep
|
|t:|1757895626
|switch|p2a: Latios|Latios, M, tera:Steel|62/100
|turn|35
|
|t:|1757895630
|move|p1a: Enamorus|Earth Power|p2a: Latios
|-immune|p2a: Latios|[from] ability: Levitate
|move|p2a: Latios|Psychic Noise|p1a: Enamorus
|-damage|p1a: Enamorus|0 fnt
|faint|p1a: Enamorus
|
|upkeep
|
|t:|1757895633
|switch|p1a: Cinderace|Cinderace, M|34/100
|turn|36
|c|☆neymar X|ainda nn tanko o rng cara
|c|☆rafapaia|Imagina eu erro
|c|☆neymar X|vsf
|c|☆neymar X|SERIA MERECIDO ERRAR
|c|☆neymar X|MAS VC NN VAI
|
|t:|1757895651
|move|p1a: Cinderace|Pyro Ball|p2a: Latios
|-supereffective|p2a: Latios
|-damage|p2a: Latios|0 fnt
|faint|p2a: Latios
|
|win|rafapaia
|c|☆neymar X|SMT CARA
|c|☆rafapaia|AURA.
