|j|☆poulet 59
|j|☆Gimmicko
|t:|1757860547
|gametype|singles
|player|p1|poulet 59|collector|1171
|player|p2|Gimmicko|266|1157
|gen|9
|tier|[Gen 9] OU
|rated|
|rule|HP Percentage Mod: HP is shown in percentages
|rule|Endless Battle Clause: Forcing endless battles is banned
|rule|Species Clause: Limit one of each Pokémon
|rule|OHKO Clause: OHKO moves are banned
|rule|Evasion Items Clause: Evasion items are banned
|rule|Evasion Moves Clause: Evasion moves are banned
|rule|Evasion Abilities Clause: Evasion abilities are banned
|rule|Sleep Moves Clause: Sleep-inducing moves are banned
|clearpoke
|poke|p1|Gholdengo|
|poke|p1|Araquanid, M|
|poke|p1|Weavile, M|
|poke|p1|Garchomp, F|
|poke|p1|Enamorus, F|
|poke|p1|Deoxys-Speed|
|poke|p2|Magmar, M|
|poke|p2|Quagsire, F|
|poke|p2|Muk-Alola, F|
|poke|p2|Torterra, F|
|poke|p2|Cramorant, F|
|poke|p2|Dusclops, F|
|teampreview
|inactive|Battle timer is ON: inactive players will automatically lose when time's up. (requested by poulet 59)
|
|t:|1757860552
|teamsize|p1|6
|teamsize|p2|6
|start
|switch|p1a: Slowerman|Araquanid, M|100/100
|switch|p2a: Quagsire|Quagsire, F|100/100
|turn|1
|
|t:|1757860559
|move|p1a: Slowerman|Sticky Web|p2a: Quagsire
|-sidestart|p2: Gimmicko|move: Sticky Web
|move|p2a: Quagsire|Toxic|p1a: Slowerman
|-status|p1a: Slowerman|tox
|
|-damage|p1a: Slowerman|94/100 tox|[from] psn
|upkeep
|turn|2
|
|t:|1757860566
|move|p1a: Slowerman|Leech Life|p2a: Quagsire
|-damage|p2a: Quagsire|87/100
|-heal|p1a: Slowerman|100/100 tox|[from] drain|[of] p2a: Quagsire
|move|p2a: Quagsire|Earthquake|p1a: Slowerman
|-resisted|p1a: Slowerman
|-damage|p1a: Slowerman|83/100 tox
|
|-heal|p2a: Quagsire|93/100|[from] item: Leftovers
|-damage|p1a: Slowerman|70/100 tox|[from] psn
|upkeep
|turn|3
|
|t:|1757860578
|switch|p2a: Cramorant|Cramorant, F|100/100
|move|p1a: Slowerman|Liquidation|p2a: Cramorant
|-resisted|p2a: Cramorant
|-damage|p2a: Cramorant|67/100
|
|-damage|p1a: Slowerman|52/100 tox|[from] psn
|upkeep
|turn|4
|
|t:|1757860596
|move|p2a: Cramorant|Defog|p1a: Slowerman
|-unboost|p1a: Slowerman|evasion|1
|-sideend|p2: Gimmicko|Sticky Web|[from] move: Defog|[of] p2a: Cramorant
|move|p1a: Slowerman|Sticky Web|p2a: Cramorant
|-sidestart|p2: Gimmicko|move: Sticky Web
|
|-damage|p1a: Slowerman|27/100 tox|[from] psn
|upkeep
|turn|5
|
|t:|1757860605
|move|p2a: Cramorant|Surf|p1a: Slowerman
|-formechange|p2a: Cramorant|Cramorant-Gulping|
|-resisted|p1a: Slowerman
|-damage|p1a: Slowerman|19/100 tox
|move|p1a: Slowerman|Endeavor|p2a: Cramorant
|-damage|p2a: Cramorant|19/100
|-damage|p1a: Slowerman|0 fnt|[from] ability: Gulp Missile|[of] p2a: Cramorant
|-formechange|p2a: Cramorant|Cramorant|
|faint|p1a: Slowerman
|
|upkeep
|
|t:|1757860614
|switch|p1a: Speederman|Weavile, M|100/100
|-ability|p1a: Speederman|Pressure
|turn|6
|
|t:|1757860620
|move|p1a: Speederman|Knock Off|p2a: Cramorant
|-damage|p2a: Cramorant|0 fnt
|-enditem|p2a: Cramorant|Heavy-Duty Boots|[from] move: Knock Off|[of] p1a: Speederman
|faint|p2a: Cramorant
|
|upkeep
|
|t:|1757860628
|switch|p2a: Magmar|Magmar, M|100/100
|-activate|p2a: Magmar|move: Sticky Web
|-unboost|p2a: Magmar|spe|1
|turn|7
|
|t:|1757860631
|move|p1a: Speederman|Knock Off|p2a: Magmar
|-damage|p2a: Magmar|41/100
|-status|p1a: Speederman|brn|[from] ability: Flame Body|[of] p2a: Magmar
|-enditem|p2a: Magmar|Eviolite|[from] move: Knock Off|[of] p1a: Speederman
|move|p2a: Magmar|Will-O-Wisp|p1a: Speederman|[miss]
|-miss|p2a: Magmar|p1a: Speederman
|
|-damage|p1a: Speederman|94/100 brn|[from] brn
|upkeep
|turn|8
|
|t:|1757860638
|move|p1a: Speederman|Knock Off|p2a: Magmar
|-damage|p2a: Magmar|13/100
|move|p2a: Magmar|Flamethrower|p1a: Speederman
|-supereffective|p1a: Speederman
|-damage|p1a: Speederman|0 fnt
|faint|p1a: Speederman
|
|upkeep
|
|t:|1757860641
|switch|p1a: Imposteur|Garchomp, F|100/100
|turn|9
|
|t:|1757860644
|move|p1a: Imposteur|Scale Shot|p2a: Magmar
|-damage|p2a: Magmar|0 fnt
|faint|p2a: Magmar
|-hitcount|p2: Magmar|1
|-unboost|p1a: Imposteur|def|1
|-boost|p1a: Imposteur|spe|1
|
|upkeep
|
|t:|1757860650
|switch|p2a: Dusclops|Dusclops, F|100/100
|-activate|p2a: Dusclops|move: Sticky Web
|-unboost|p2a: Dusclops|spe|1
|-ability|p2a: Dusclops|Pressure
|turn|10
|
|t:|1757860654
|move|p1a: Imposteur|Swords Dance|p1a: Imposteur
|-boost|p1a: Imposteur|atk|2
|move|p2a: Dusclops|Will-O-Wisp|p1a: Imposteur
|-status|p1a: Imposteur|brn
|
|-damage|p1a: Imposteur|94/100 brn|[from] brn
|upkeep
|turn|11
|
|t:|1757860660
|move|p1a: Imposteur|Swords Dance|p1a: Imposteur
|-boost|p1a: Imposteur|atk|2
|move|p2a: Dusclops|Curse|p1a: Imposteur
|-start|p1a: Imposteur|Curse|[of] p2a: Dusclops
|-damage|p2a: Dusclops|50/100
|
|-damage|p1a: Imposteur|88/100 brn|[from] brn
|-damage|p1a: Imposteur|63/100 brn|[from] Curse
|upkeep
|turn|12
|
|t:|1757860670
|move|p1a: Imposteur|Swords Dance|p1a: Imposteur
|-boost|p1a: Imposteur|atk|2
|move|p2a: Dusclops|Leech Life|p1a: Imposteur
|-damage|p1a: Imposteur|42/100 brn
|-heal|p2a: Dusclops|64/100|[from] drain|[of] p1a: Imposteur
|-damage|p2a: Dusclops|52/100|[from] ability: Rough Skin|[of] p1a: Imposteur
|
|-damage|p1a: Imposteur|36/100 brn|[from] brn
|-damage|p1a: Imposteur|11/100 brn|[from] Curse
|upkeep
|turn|13
|
|t:|1757860683
|move|p1a: Imposteur|Earthquake|p2a: Dusclops
|-damage|p2a: Dusclops|0 fnt
|faint|p2a: Dusclops
|
|-damage|p1a: Imposteur|5/100 brn|[from] brn
|-damage|p1a: Imposteur|0 fnt|[from] Curse
|faint|p1a: Imposteur
|upkeep
|
|t:|1757860692
|switch|p1a: Speeeeeeeeeederman|Deoxys-Speed|100/100
|switch|p2a: Muk|Muk-Alola, F|100/100
|-ability|p1a: Speeeeeeeeeederman|Pressure
|-activate|p2a: Muk|move: Sticky Web
|-unboost|p2a: Muk|spe|1
|turn|14
|
|t:|1757860699
|move|p1a: Speeeeeeeeeederman|Ice Beam|p2a: Muk
|-damage|p2a: Muk|78/100
|-status|p2a: Muk|frz
|-curestatus|p2a: Muk|frz|[msg]
|move|p2a: Muk|Knock Off|p1a: Speeeeeeeeeederman
|-supereffective|p1a: Speeeeeeeeeederman
|-enditem|p1a: Speeeeeeeeeederman|Focus Sash
|-damage|p1a: Speeeeeeeeeederman|1/100
|
|-heal|p2a: Muk|84/100|[from] item: Black Sludge
|upkeep
|turn|15
|
|t:|1757860706
|move|p1a: Speeeeeeeeeederman|Ice Beam|p2a: Muk
|-damage|p2a: Muk|63/100
|move|p2a: Muk|Drain Punch|p1a: Speeeeeeeeeederman
|-resisted|p1a: Speeeeeeeeeederman
|-damage|p1a: Speeeeeeeeeederman|0 fnt
|-heal|p2a: Muk|63/100|[from] drain|[of] p1a: Speeeeeeeeeederman
|faint|p1a: Speeeeeeeeeederman
|
|-heal|p2a: Muk|69/100|[from] item: Black Sludge
|upkeep
|
|t:|1757860711
|switch|p1a: Spiderman|Enamorus, F|100/100
|turn|16
|
|t:|1757860714
|move|p1a: Spiderman|Moonblast|p2a: Muk
|-damage|p2a: Muk|27/100
|move|p2a: Muk|Gunk Shot|p1a: Spiderman
|-supereffective|p1a: Spiderman
|-damage|p1a: Spiderman|0 fnt
|faint|p1a: Spiderman
|
|-heal|p2a: Muk|33/100|[from] item: Black Sludge
|upkeep
|
|t:|1757860719
|switch|p1a: Take my money|Gholdengo|100/100
|turn|17
|
|t:|1757860725
|-terastallize|p1a: Take my money|Steel
|move|p1a: Take my money|Make It Rain|p2a: Muk
|-damage|p2a: Muk|0 fnt
|-unboost|p1a: Take my money|spa|1
|faint|p2a: Muk
|
|upkeep
|
|t:|1757860731
|switch|p2a: Quagsire|Quagsire, F|93/100
|-activate|p2a: Quagsire|move: Sticky Web
|-unboost|p2a: Quagsire|spe|1
|turn|18
|
|t:|1757860733
|move|p1a: Take my money|Make It Rain|p2a: Quagsire
|-resisted|p2a: Quagsire
|-damage|p2a: Quagsire|37/100
|-unboost|p1a: Take my money|spa|1
|move|p2a: Quagsire|Earthquake|p1a: Take my money
|-supereffective|p1a: Take my money
|-damage|p1a: Take my money|33/100
|
|-heal|p2a: Quagsire|43/100|[from] item: Leftovers
|upkeep
|turn|19
|
|t:|1757860743
|move|p1a: Take my money|Make It Rain|p2a: Quagsire
|-resisted|p2a: Quagsire
|-damage|p2a: Quagsire|2/100
|-unboost|p1a: Take my money|spa|1
|move|p2a: Quagsire|Recover|p2a: Quagsire
|-heal|p2a: Quagsire|52/100
|
|-heal|p2a: Quagsire|58/100|[from] item: Leftovers
|upkeep
|turn|20
|
|t:|1757860747
|move|p1a: Take my money|Make It Rain|p2a: Quagsire
|-resisted|p2a: Quagsire
|-damage|p2a: Quagsire|24/100
|-unboost|p1a: Take my money|spa|1
|move|p2a: Quagsire|Recover|p2a: Quagsire
|-heal|p2a: Quagsire|74/100
|
|-heal|p2a: Quagsire|80/100|[from] item: Leftovers
|upkeep
|turn|21
|
|t:|1757860752
|move|p1a: Take my money|Make It Rain|p2a: Quagsire
|-resisted|p2a: Quagsire
|-damage|p2a: Quagsire|55/100
|-unboost|p1a: Take my money|spa|1
|move|p2a: Quagsire|Earthquake|p1a: Take my money
|-supereffective|p1a: Take my money
|-damage|p1a: Take my money|0 fnt
|faint|p1a: Take my money
|
|win|Gimmicko
|raw|poulet 59's rating: 1171 &rarr; <strong>1145</strong><br />(-26 for losing)
|raw|Gimmicko's rating: 1157 &rarr; <strong>1183</strong><br />(+26 for winning)
|l|☆poulet 59
|player|p1|
|c|☆Gimmicko|Gg!
