|j|☆Sojitapersano
|j|☆Void29193
|t:|1757825616
|gametype|singles
|player|p1|Sojitapersano|102|1078
|player|p2|Void29193|guzma|1078
|gen|9
|tier|[Gen 9] OU
|rated|
|rule|HP Percentage Mod: HP is shown in percentages
|rule|Endless Battle Clause: Forcing endless battles is banned
|rule|Species Clause: Limit one of each Pokémon
|rule|OHKO Clause: OHKO moves are banned
|rule|Evasion Items Clause: Evasion items are banned
|rule|Evasion Moves Clause: Evasion moves are banned
|rule|Evasion Abilities Clause: Evasion abilities are banned
|rule|Sleep Moves Clause: Sleep-inducing moves are banned
|clearpoke
|poke|p1|Cloyster, M|
|poke|p1|Rhyperior, M|
|poke|p1|Aipom, F|
|poke|p1|Dragonite, F|
|poke|p1|Chansey, F|
|poke|p1|Zapdos|
|poke|p2|Garganacl, F|
|poke|p2|Maushold-Four|
|poke|p2|Hoopa-Unbound|
|poke|p2|Basculegion, M|
|poke|p2|Zarude-Dada|
|poke|p2|Slither Wing|
|teampreview
|
|t:|1757825640
|teamsize|p1|6
|teamsize|p2|6
|start
|switch|p1a: Cloyster|Cloyster, M|100/100
|switch|p2a: Garganacl|Garganacl, F|100/100
|turn|1
|l|☆Sojitapersano
|player|p1|
|j|☆Sojitapersano
|player|p1|Sojitapersano|102|
|inactive|Battle timer is ON: inactive players will automatically lose when time's up. (requested by Void29193)
|
|t:|1757825675
|-terastallize|p1a: Cloyster|Water
|move|p1a: Cloyster|Shell Smash|p1a: Cloyster
|-unboost|p1a: Cloyster|def|1
|-unboost|p1a: Cloyster|spd|1
|-boost|p1a: Cloyster|atk|2
|-boost|p1a: Cloyster|spa|2
|-boost|p1a: Cloyster|spe|2
|-enditem|p1a: Cloyster|White Herb
|-clearnegativeboost|p1a: Cloyster|[silent]
|move|p2a: Garganacl|Stealth Rock|p1a: Cloyster
|-sidestart|p1: Sojitapersano|move: Stealth Rock
|
|upkeep
|turn|2
|
|t:|1757825687
|move|p1a: Cloyster|Shell Smash|p1a: Cloyster
|-unboost|p1a: Cloyster|def|1
|-unboost|p1a: Cloyster|spd|1
|-boost|p1a: Cloyster|atk|2
|-boost|p1a: Cloyster|spa|2
|-boost|p1a: Cloyster|spe|2
|move|p2a: Garganacl|Salt Cure|p1a: Cloyster
|-damage|p1a: Cloyster|79/100
|-start|p1a: Cloyster|Salt Cure
|
|-damage|p1a: Cloyster|54/100|[from] Salt Cure
|upkeep
|turn|3
|
|t:|1757825699
|move|p1a: Cloyster|Icicle Spear|p2a: Garganacl
|-damage|p2a: Garganacl|79/100
|-damage|p2a: Garganacl|57/100
|-damage|p2a: Garganacl|35/100
|-damage|p2a: Garganacl|15/100
|-damage|p2a: Garganacl|0 fnt
|faint|p2a: Garganacl
|-hitcount|p2: Garganacl|5
|
|-damage|p1a: Cloyster|29/100|[from] Salt Cure
|upkeep
|
|t:|1757825719
|switch|p2a: Slither Wing|Slither Wing|100/100
|-enditem|p2a: Slither Wing|Booster Energy
|-activate|p2a: Slither Wing|ability: Protosynthesis|[fromitem]
|-start|p2a: Slither Wing|protosynthesisatk
|turn|4
|
|t:|1757825728
|move|p2a: Slither Wing|First Impression|p1a: Cloyster
|-damage|p1a: Cloyster|0 fnt
|faint|p1a: Cloyster
|
|upkeep
|
|t:|1757825737
|switch|p1a: Dragonite|Dragonite, F|100/100
|-damage|p1a: Dragonite|75/100|[from] Stealth Rock
|turn|5
|
|t:|1757825749
|-end|p2a: Slither Wing|Protosynthesis|[silent]
|switch|p2a: Basculegion|Basculegion, M|100/100
|move|p1a: Dragonite|Dragon Dance|p1a: Dragonite
|-boost|p1a: Dragonite|atk|1
|-boost|p1a: Dragonite|spe|1
|
|upkeep
|turn|6
|
|t:|1757825758
|move|p1a: Dragonite|Dragon Claw|p2a: Basculegion
|-damage|p2a: Basculegion|4/100
|move|p2a: Basculegion|Wave Crash|p1a: Dragonite
|-resisted|p1a: Dragonite
|-crit|p1a: Dragonite
|-damage|p1a: Dragonite|0 fnt
|faint|p1a: Dragonite
|-damage|p2a: Basculegion|0 fnt|[from] Recoil
|faint|p2a: Basculegion
|
|upkeep
|
|t:|1757825772
|switch|p1a: Rhyperior|Rhyperior, M|100/100
|switch|p2a: Maushold|Maushold-Four|100/100
|-damage|p1a: Rhyperior|94/100|[from] Stealth Rock
|turn|7
|
|t:|1757825790
|move|p2a: Maushold|Tidy Up|p2a: Maushold
|-sideend|p1: Sojitapersano|Stealth Rock
|-activate|p2a: Maushold|move: Tidy Up
|-boost|p2a: Maushold|atk|1
|-boost|p2a: Maushold|spe|1
|move|p1a: Rhyperior|Dragon Tail|p2a: Maushold
|-damage|p2a: Maushold|72/100
|drag|p2a: Slither Wing|Slither Wing|100/100
|
|upkeep
|turn|8
|
|t:|1757825803
|move|p2a: Slither Wing|Body Press|p1a: Rhyperior
|-supereffective|p1a: Rhyperior
|-damage|p1a: Rhyperior|66/100
|move|p1a: Rhyperior|Metal Burst|p2a: Slither Wing
|-damage|p2a: Slither Wing|42/100
|
|upkeep
|turn|9
|
|t:|1757825811
|move|p2a: Slither Wing|Bulk Up|p2a: Slither Wing
|-boost|p2a: Slither Wing|atk|1
|-boost|p2a: Slither Wing|def|1
|move|p1a: Rhyperior|Dragon Tail|p2a: Slither Wing|[miss]
|-miss|p1a: Rhyperior|p2a: Slither Wing
|
|upkeep
|turn|10
|
|t:|1757825823
|move|p2a: Slither Wing|Body Press|p1a: Rhyperior
|-supereffective|p1a: Rhyperior
|-damage|p1a: Rhyperior|24/100
|move|p1a: Rhyperior|Metal Burst|p2a: Slither Wing
|-damage|p2a: Slither Wing|0 fnt
|faint|p2a: Slither Wing
|-end|p2a: Slither Wing|Protosynthesis|[silent]
|
|upkeep
|
|t:|1757825841
|switch|p2a: Zarude|Zarude-Dada|100/100
|turn|11
|
|t:|1757825847
|move|p2a: Zarude|Power Whip|p1a: Rhyperior
|-supereffective|p1a: Rhyperior
|-damage|p1a: Rhyperior|0 fnt
|faint|p1a: Rhyperior
|
|upkeep
|
|t:|1757825852
|switch|p1a: Aipom|Aipom, F|100/100
|turn|12
|
|t:|1757825861
|switch|p2a: Hoopa|Hoopa-Unbound|100/100
|move|p1a: Aipom|Fake Out|p2a: Hoopa
|-damage|p2a: Hoopa|81/100
|
|-status|p2a: Hoopa|brn|[from] item: Flame Orb
|upkeep
|turn|13
|
|t:|1757825871
|move|p2a: Hoopa|Trick|p1a: Aipom
|-activate|p2a: Hoopa|move: Trick|[of] p1a: Aipom
|-item|p1a: Aipom|Flame Orb|[from] move: Trick
|-item|p2a: Hoopa|Focus Sash|[from] move: Trick
|move|p1a: Aipom|Counter||[still]
|-fail|p1a: Aipom
|
|-damage|p2a: Hoopa|75/100 brn|[from] brn
|-status|p1a: Aipom|brn|[from] item: Flame Orb
|upkeep
|turn|14
|
|t:|1757825889
|move|p1a: Aipom|Knock Off|p2a: Hoopa
|-damage|p2a: Hoopa|59/100 brn
|-enditem|p2a: Hoopa|Focus Sash|[from] move: Knock Off|[of] p1a: Aipom
|move|p2a: Hoopa|Psychic|p1a: Aipom
|-damage|p1a: Aipom|0 fnt
|faint|p1a: Aipom
|-item|p2a: Hoopa|Flame Orb|[from] ability: Magician|[of] p1: Aipom
|
|-damage|p2a: Hoopa|53/100 brn|[from] brn
|upkeep
|
|t:|1757825900
|switch|p1a: Chansey|Chansey, F|100/100
|turn|15
|
|t:|1757825905
|move|p2a: Hoopa|Trick|p1a: Chansey
|-activate|p2a: Hoopa|move: Trick|[of] p1a: Chansey
|-item|p1a: Chansey|Flame Orb|[from] move: Trick
|-item|p2a: Hoopa|Eviolite|[from] move: Trick
|move|p1a: Chansey|Thunder Wave||[still]
|-fail|p1a: Chansey
|
|-damage|p2a: Hoopa|47/100 brn|[from] brn
|-status|p1a: Chansey|brn|[from] item: Flame Orb
|upkeep
|turn|16
|
|t:|1757825918
|move|p2a: Hoopa|Psychic|p1a: Chansey
|-damage|p1a: Chansey|79/100 brn
|move|p1a: Chansey|Seismic Toss|p2a: Hoopa
|-damage|p2a: Hoopa|14/100 brn
|
|-damage|p2a: Hoopa|8/100 brn|[from] brn
|-damage|p1a: Chansey|73/100 brn|[from] brn
|upkeep
|turn|17
|
|t:|1757825925
|move|p2a: Hoopa|Destiny Bond|p2a: Hoopa
|-singlemove|p2a: Hoopa|Destiny Bond
|move|p1a: Chansey|Stealth Rock|p2a: Hoopa
|-sidestart|p2: Void29193|move: Stealth Rock
|
|-damage|p2a: Hoopa|2/100 brn|[from] brn
|-damage|p1a: Chansey|67/100 brn|[from] brn
|upkeep
|turn|18
|
|t:|1757825943
|move|p2a: Hoopa|Hyperspace Fury|p1a: Chansey
|-damage|p1a: Chansey|0 fnt
|-unboost|p2a: Hoopa|def|1
|faint|p1a: Chansey
|
|-damage|p2a: Hoopa|0 fnt|[from] brn
|faint|p2a: Hoopa
|upkeep
|
|t:|1757825950
|switch|p2a: Maushold|Maushold-Four|72/100
|switch|p1a: Zapdos|Zapdos|100/100
|-damage|p2a: Maushold|59/100|[from] Stealth Rock
|turn|19
|
|t:|1757825958
|-terastallize|p2a: Maushold|Normal
|move|p2a: Maushold|Population Bomb|p1a: Zapdos|[miss]
|-miss|p2a: Maushold|p1a: Zapdos
|move|p1a: Zapdos|Hurricane|p2a: Maushold
|-damage|p2a: Maushold|0 fnt
|faint|p2a: Maushold
|
|upkeep
|
|t:|1757825966
|switch|p2a: Zarude|Zarude-Dada|100/100
|-damage|p2a: Zarude|88/100|[from] Stealth Rock
|turn|20
|inactive|Sojitapersano has 120 seconds left.
|
|t:|1757825998
|move|p2a: Zarude|Rock Slide|p1a: Zapdos
|-supereffective|p1a: Zapdos
|-damage|p1a: Zapdos|45/100
|move|p1a: Zapdos|Heat Wave|p2a: Zarude
|-supereffective|p2a: Zarude
|-damage|p2a: Zarude|20/100
|
|upkeep
|turn|21
|
|t:|1757826006
|move|p2a: Zarude|Rock Slide|p1a: Zapdos
|-supereffective|p1a: Zapdos
|-damage|p1a: Zapdos|0 fnt
|faint|p1a: Zapdos
|
|win|Void29193
|raw|Sojitapersano's rating: 1078 &rarr; <strong>1056</strong><br />(-22 for losing)
|raw|Void29193's rating: 1078 &rarr; <strong>1106</strong><br />(+28 for winning)
|c|☆Void29193|gg
|l|☆Sojitapersano
|player|p1|
|l|☆Void29193
|player|p2|
