|j|☆Crocodile E
|j|☆DeathWindXxX
|t:|1757827035
|gametype|singles
|player|p1|Crocodile E|pokemaniac|1396
|player|p2|DeathWindXxX|bede|1438
|gen|9
|tier|[Gen 9] OU
|rated|
|rule|HP Percentage Mod: HP is shown in percentages
|rule|Endless Battle Clause: Forcing endless battles is banned
|rule|Species Clause: Limit one of each Pokémon
|rule|OHKO Clause: OHKO moves are banned
|rule|Evasion Items Clause: Evasion items are banned
|rule|Evasion Moves Clause: Evasion moves are banned
|rule|Evasion Abilities Clause: Evasion abilities are banned
|rule|Sleep Moves Clause: Sleep-inducing moves are banned
|clearpoke
|poke|p1|Raging Bolt|
|poke|p1|Ninetales, F|
|poke|p1|Walking Wake|
|poke|p1|Hatterene, F|
|poke|p1|Landorus-Therian, M|
|poke|p1|Lokix, F|
|poke|p2|Indeedee, M|
|poke|p2|Hatterene, F|
|poke|p2|Ursaluna, M|
|poke|p2|Iron Hands|
|poke|p2|Hoopa-Unbound|
|poke|p2|Mimikyu, F|
|teampreview
|inactive|Battle timer is ON: inactive players will automatically lose when time's up. (requested by DeathWindXxX)
|
|t:|1757827052
|teamsize|p1|6
|teamsize|p2|6
|start
|switch|p1a: Lokix|Lokix, F, shiny|100/100
|switch|p2a: Mimi 🎭|Mimikyu, F|100/100
|turn|1
|
|t:|1757827057
|switch|p1a: Hatterene|Hatterene, F, shiny|100/100
|move|p2a: Mimi 🎭|Trick Room|p2a: Mimi 🎭
|-fieldstart|move: Trick Room|[of] p2a: Mimi 🎭
|
|upkeep
|turn|2
|
|t:|1757827063
|switch|p2a: Blood & Honey 🍯|Ursaluna, M, shiny|100/100
|move|p1a: Hatterene|Draining Kiss|p2a: Blood & Honey 🍯
|-damage|p2a: Blood & Honey 🍯|79/100
|
|-status|p2a: Blood & Honey 🍯|brn|[from] item: Flame Orb
|upkeep
|turn|3
|
|t:|1757827072
|switch|p1a: Landorus|Landorus-Therian, M, shiny|100/100
|-ability|p1a: Landorus|Intimidate|boost
|-unboost|p2a: Blood & Honey 🍯|atk|1
|move|p2a: Blood & Honey 🍯|Ice Punch|p1a: Landorus
|-supereffective|p1a: Landorus
|-damage|p1a: Landorus|20/100
|-damage|p2a: Blood & Honey 🍯|62/100 brn|[from] item: Rocky Helmet|[of] p1a: Landorus
|
|-damage|p2a: Blood & Honey 🍯|56/100 brn|[from] brn
|upkeep
|turn|4
|
|t:|1757827081
|move|p2a: Blood & Honey 🍯|Facade|p1a: Landorus
|-damage|p1a: Landorus|0 fnt
|-damage|p2a: Blood & Honey 🍯|40/100 brn|[from] item: Rocky Helmet|[of] p1a: Landorus
|faint|p1a: Landorus
|
|-damage|p2a: Blood & Honey 🍯|34/100 brn|[from] brn
|upkeep
|
|t:|1757827085
|switch|p1a: Lokix|Lokix, F, shiny|100/100
|turn|5
|
|t:|1757827090
|switch|p2a: Alfred 🦇|Indeedee, M|100/100
|-fieldstart|move: Psychic Terrain|[from] ability: Psychic Surge|[of] p2a: Alfred 🦇
|move|p1a: Lokix|First Impression|p2a: Alfred 🦇
|-activate|p2a: Alfred 🦇|move: Psychic Terrain
|
|-fieldend|move: Trick Room
|upkeep
|turn|6
|
|t:|1757827098
|switch|p1a: Hatterene|Hatterene, F, shiny|100/100
|move|p2a: Alfred 🦇|Trick Room|p2a: Alfred 🦇
|-fieldstart|move: Trick Room|[of] p2a: Alfred 🦇
|
|upkeep
|turn|7
|
|t:|1757827106
|switch|p2a: Blood & Honey 🍯|Ursaluna, M, shiny|34/100 brn
|move|p1a: Hatterene|Calm Mind|p1a: Hatterene
|-boost|p1a: Hatterene|spa|1
|-boost|p1a: Hatterene|spd|1
|
|-damage|p2a: Blood & Honey 🍯|27/100 brn|[from] brn
|upkeep
|turn|8
|
|t:|1757827114
|move|p1a: Hatterene|Psyshock|p2a: Blood & Honey 🍯
|-damage|p2a: Blood & Honey 🍯|0 fnt
|faint|p2a: Blood & Honey 🍯
|
|upkeep
|
|t:|1757827123
|switch|p2a: Satella 👄|Hatterene, F, shiny|100/100
|turn|9
|
|t:|1757827133
|move|p2a: Satella 👄|Mystical Fire|p1a: Hatterene
|-damage|p1a: Hatterene|78/100
|-unboost|p1a: Hatterene|spa|1
|-damage|p2a: Satella 👄|91/100|[from] item: Life Orb
|move|p1a: Hatterene|Mystical Fire|p2a: Satella 👄
|-damage|p2a: Satella 👄|66/100
|-unboost|p2a: Satella 👄|spa|1
|
|-heal|p1a: Hatterene|84/100|[from] item: Leftovers
|upkeep
|turn|10
|
|t:|1757827141
|move|p2a: Satella 👄|Draining Kiss|p1a: Hatterene
|-damage|p1a: Hatterene|67/100
|-heal|p2a: Satella 👄|79/100|[from] drain|[of] p1a: Hatterene
|-damage|p2a: Satella 👄|69/100|[from] item: Life Orb
|move|p1a: Hatterene|Draining Kiss|p2a: Satella 👄
|-damage|p2a: Satella 👄|46/100
|-heal|p1a: Hatterene|84/100|[from] drain|[of] p2a: Satella 👄
|
|-heal|p1a: Hatterene|90/100|[from] item: Leftovers
|-fieldend|move: Trick Room
|upkeep
|turn|11
|
|t:|1757827145
|move|p1a: Hatterene|Psyshock|p2a: Satella 👄
|-resisted|p2a: Satella 👄
|-damage|p2a: Satella 👄|22/100
|move|p2a: Satella 👄|Expanding Force|p1a: Hatterene
|-resisted|p1a: Hatterene
|-damage|p1a: Hatterene|70/100
|-damage|p2a: Satella 👄|12/100|[from] item: Life Orb
|
|-heal|p1a: Hatterene|76/100|[from] item: Leftovers
|upkeep
|turn|12
|
|t:|1757827161
|move|p1a: Hatterene|Draining Kiss|p2a: Satella 👄
|-damage|p2a: Satella 👄|0 fnt
|-heal|p1a: Hatterene|84/100|[from] drain|[of] p2a: Satella 👄
|faint|p2a: Satella 👄
|
|-heal|p1a: Hatterene|90/100|[from] item: Leftovers
|-fieldend|move: Psychic Terrain
|upkeep
|
|t:|1757827164
|switch|p2a: LEBRON 🏀|Iron Hands, shiny|100/100
|-enditem|p2a: LEBRON 🏀|Booster Energy
|-activate|p2a: LEBRON 🏀|ability: Quark Drive|[fromitem]
|-start|p2a: LEBRON 🏀|quarkdriveatk
|turn|13
|
|t:|1757827168
|move|p2a: LEBRON 🏀|Supercell Slam|p1a: Hatterene
|-damage|p1a: Hatterene|10/100
|move|p1a: Hatterene|Draining Kiss|p2a: LEBRON 🏀
|-supereffective|p2a: LEBRON 🏀
|-damage|p2a: LEBRON 🏀|63/100
|-heal|p1a: Hatterene|50/100|[from] drain|[of] p2a: LEBRON 🏀
|
|-heal|p1a: Hatterene|56/100|[from] item: Leftovers
|upkeep
|turn|14
|
|t:|1757827176
|move|p2a: LEBRON 🏀|Supercell Slam|p1a: Hatterene
|-damage|p1a: Hatterene|0 fnt
|faint|p1a: Hatterene
|
|upkeep
|
|t:|1757827183
|switch|p1a: Lokix|Lokix, F, shiny|100/100
|turn|15
|
|t:|1757827188
|move|p1a: Lokix|U-turn|p2a: LEBRON 🏀
|-resisted|p2a: LEBRON 🏀
|-damage|p2a: LEBRON 🏀|24/100
|
|t:|1757827191
|switch|p1a: Ninetales|Ninetales, F, shiny|100/100|[from] U-turn
|-weather|SunnyDay|[from] ability: Drought|[of] p1a: Ninetales
|move|p2a: LEBRON 🏀|Close Combat|p1a: Ninetales
|-crit|p1a: Ninetales
|-damage|p1a: Ninetales|0 fnt
|-unboost|p2a: LEBRON 🏀|def|1
|-unboost|p2a: LEBRON 🏀|spd|1
|faint|p1a: Ninetales
|
|-weather|SunnyDay|[upkeep]
|upkeep
|
|t:|1757827193
|switch|p1a: Walking Wake|Walking Wake|100/100
|-activate|p1a: Walking Wake|ability: Protosynthesis
|-start|p1a: Walking Wake|protosynthesisspa
|turn|16
|
|t:|1757827196
|move|p1a: Walking Wake|Hydro Steam|p2a: LEBRON 🏀
|-damage|p2a: LEBRON 🏀|0 fnt
|faint|p2a: LEBRON 🏀
|-end|p2a: LEBRON 🏀|Quark Drive|[silent]
|
|-weather|SunnyDay|[upkeep]
|upkeep
|
|t:|1757827199
|switch|p2a: Mimi 🎭|Mimikyu, F|100/100
|turn|17
|
|t:|1757827203
|move|p1a: Walking Wake|Hydro Steam|p2a: Mimi 🎭
|-activate|p2a: Mimi 🎭|ability: Disguise
|-damage|p2a: Mimi 🎭|100/100
|detailschange|p2a: Mimi 🎭|Mimikyu-Busted, F
|-damage|p2a: Mimi 🎭|88/100|[from] pokemon: Mimikyu-Busted
|-enditem|p2a: Mimi 🎭|Red Card|[of] p1a: Walking Wake
|-end|p1a: Walking Wake|Protosynthesis|[silent]
|drag|p1a: Lokix|Lokix, F, shiny|100/100
|move|p2a: Mimi 🎭|Trick Room|p2a: Mimi 🎭
|-fieldstart|move: Trick Room|[of] p2a: Mimi 🎭
|
|-weather|SunnyDay|[upkeep]
|upkeep
|turn|18
|
|t:|1757827214
|switch|p2a: Alfred 🦇|Indeedee, M|100/100
|-fieldstart|move: Psychic Terrain|[from] ability: Psychic Surge|[of] p2a: Alfred 🦇
|move|p1a: Lokix|Knock Off|p2a: Alfred 🦇
|-supereffective|p2a: Alfred 🦇
|-damage|p2a: Alfred 🦇|0 fnt
|-enditem|p2a: Alfred 🦇|Terrain Extender|[from] move: Knock Off|[of] p1a: Lokix
|faint|p2a: Alfred 🦇
|
|-weather|SunnyDay|[upkeep]
|upkeep
|
|t:|1757827218
|switch|p2a: Dark Magician 🔮|Hoopa-Unbound|100/100
|-enditem|p2a: Dark Magician 🔮|Psychic Seed
|-boost|p2a: Dark Magician 🔮|spd|1|[from] item: Psychic Seed
|turn|19
|
|t:|1757827235
|move|p2a: Dark Magician 🔮|Brick Break|p1a: Lokix
|-damage|p1a: Lokix|62/100
|-item|p2a: Dark Magician 🔮|Choice Band|[from] ability: Magician|[of] p1a: Lokix
|move|p1a: Lokix|Knock Off|p2a: Dark Magician 🔮
|-damage|p2a: Dark Magician 🔮|45/100
|-enditem|p2a: Dark Magician 🔮|Choice Band|[from] move: Knock Off|[of] p1a: Lokix
|
|-weather|SunnyDay|[upkeep]
|upkeep
|turn|20
|-message|DeathWindXxX forfeited.
|
|win|Crocodile E
|raw|Crocodile E's rating: 1396 &rarr; <strong>1418</strong><br />(+22 for winning)
|raw|DeathWindXxX's rating: 1438 &rarr; <strong>1416</strong><br />(-22 for losing)
|l|☆DeathWindXxX
|player|p2|
|l|☆Crocodile E
|player|p1|
