|j|☆I am Patrat
|j|☆LooksGoodToMe
|t:|1757910446
|gametype|singles
|player|p1|I am Patrat|hilbert|1272
|player|p2|LooksGoodToMe|169|1288
|gen|9
|tier|[Gen 9] OU
|rated|
|rule|HP Percentage Mod: HP is shown in percentages
|rule|Endless Battle Clause: Forcing endless battles is banned
|rule|Species Clause: Limit one of each Pokémon
|rule|OHKO Clause: OHKO moves are banned
|rule|Evasion Items Clause: Evasion items are banned
|rule|Evasion Moves Clause: Evasion moves are banned
|rule|Evasion Abilities Clause: Evasion abilities are banned
|rule|Sleep Moves Clause: Sleep-inducing moves are banned
|clearpoke
|poke|p1|Arcanine-Hisui, M|
|poke|p1|Iron Valiant|
|poke|p1|Gholdengo|
|poke|p1|Avalugg, M|
|poke|p1|Sableye, M|
|poke|p1|Meowscarada, M|
|poke|p2|Gholdengo|
|poke|p2|Primarina, M|
|poke|p2|Moltres|
|poke|p2|Ursaluna, M|
|poke|p2|Hydreigon, M|
|poke|p2|Toxtricity, F|
|teampreview
|inactive|Battle timer is ON: inactive players will automatically lose when time's up. (requested by LooksGoodToMe)
|c|☆LooksGoodToMe|hf
|
|t:|1757910465
|teamsize|p1|6
|teamsize|p2|6
|start
|switch|p1a: Meowscarada|Meowscarada, M|100/100
|switch|p2a: Ursaluna|Ursaluna, M|100/100
|turn|1
|
|t:|1757910481
|switch|p2a: Moltres|Moltres|100/100
|move|p1a: Meowscarada|Flower Trick|p2a: Moltres
|-start|p1a: Meowscarada|typechange|Grass|[from] ability: Protean
|-resisted|p2a: Moltres
|-crit|p2a: Moltres
|-damage|p2a: Moltres|88/100
|
|upkeep
|turn|2
|
|t:|1757910491
|switch|p1a: Arcanine|Arcanine-Hisui, M|100/100
|move|p2a: Moltres|U-turn|p1a: Arcanine
|-resisted|p1a: Arcanine
|-damage|p1a: Arcanine|91/100
|
|t:|1757910502
|switch|p2a: Ursaluna|Ursaluna, M|100/100|[from] U-turn
|
|-status|p2a: Ursaluna|brn|[from] item: Flame Orb
|upkeep
|turn|3
|
|t:|1757910513
|switch|p1a: Avalugg|Avalugg, M|100/100
|move|p2a: Ursaluna|Earthquake|p1a: Avalugg
|-damage|p1a: Avalugg|61/100
|
|-damage|p2a: Ursaluna|94/100 brn|[from] brn
|upkeep
|turn|4
|
|t:|1757910524
|switch|p2a: Primarina|Primarina, M|100/100
|move|p1a: Avalugg|Body Press|p2a: Primarina
|-resisted|p2a: Primarina
|-crit|p2a: Primarina
|-damage|p2a: Primarina|77/100
|
|-heal|p2a: Primarina|83/100|[from] item: Leftovers
|upkeep
|turn|5
|
|t:|1757910534
|switch|p1a: Gholdengo|Gholdengo|100/100
|move|p2a: Primarina|Draining Kiss|p1a: Gholdengo
|-resisted|p1a: Gholdengo
|-damage|p1a: Gholdengo|87/100
|-heal|p2a: Primarina|91/100|[from] drain|[of] p1a: Gholdengo
|
|-heal|p2a: Primarina|97/100|[from] item: Leftovers
|upkeep
|turn|6
|
|t:|1757910548
|move|p1a: Gholdengo|Nasty Plot|p1a: Gholdengo
|-boost|p1a: Gholdengo|spa|2
|move|p2a: Primarina|Surf|p1a: Gholdengo
|-damage|p1a: Gholdengo|40/100
|
|-heal|p2a: Primarina|100/100|[from] item: Leftovers
|upkeep
|turn|7
|
|t:|1757910558
|move|p1a: Gholdengo|Make It Rain|p2a: Primarina
|-crit|p2a: Primarina
|-damage|p2a: Primarina|0 fnt
|-unboost|p1a: Gholdengo|spa|1
|faint|p2a: Primarina
|-damage|p1a: Gholdengo|30/100|[from] item: Life Orb
|
|upkeep
|
|t:|1757910567
|switch|p2a: Gholdengo|Gholdengo|100/100
|turn|8
|
|t:|1757910576
|move|p2a: Gholdengo|Shadow Ball|p1a: Gholdengo
|-supereffective|p1a: Gholdengo
|-damage|p1a: Gholdengo|0 fnt
|faint|p1a: Gholdengo
|
|upkeep
|
|t:|1757910581
|switch|p1a: Meowscarada|Meowscarada, M|100/100
|turn|9
|
|t:|1757910601
|move|p1a: Meowscarada|U-turn|p2a: Gholdengo
|-start|p1a: Meowscarada|typechange|Bug|[from] ability: Protean
|-resisted|p2a: Gholdengo
|-damage|p2a: Gholdengo|90/100
|
|t:|1757910608
|switch|p1a: Sableye|Sableye, M|100/100|[from] U-turn
|move|p2a: Gholdengo|Make It Rain|p1a: Sableye
|-damage|p1a: Sableye|27/100
|-unboost|p2a: Gholdengo|spa|1
|
|-heal|p2a: Gholdengo|96/100|[from] item: Leftovers
|upkeep
|turn|10
|
|t:|1757910623
|switch|p1a: Meowscarada|Meowscarada, M|100/100
|move|p2a: Gholdengo|Make It Rain|p1a: Meowscarada
|-damage|p1a: Meowscarada|50/100
|-unboost|p2a: Gholdengo|spa|1
|
|-heal|p2a: Gholdengo|100/100|[from] item: Leftovers
|upkeep
|turn|11
|
|t:|1757910633
|move|p1a: Meowscarada|Shadow Claw|p2a: Gholdengo
|-start|p1a: Meowscarada|typechange|Ghost|[from] ability: Protean
|-supereffective|p2a: Gholdengo
|-damage|p2a: Gholdengo|0 fnt
|faint|p2a: Gholdengo
|
|upkeep
|
|t:|1757910642
|switch|p2a: Hydreigon|Hydreigon, M|100/100
|turn|12
|
|t:|1757910651
|switch|p1a: Iron Valiant|Iron Valiant|100/100
|-enditem|p1a: Iron Valiant|Booster Energy
|-activate|p1a: Iron Valiant|ability: Quark Drive|[fromitem]
|-start|p1a: Iron Valiant|quarkdrivespe
|move|p2a: Hydreigon|Earth Power|p1a: Iron Valiant
|-damage|p1a: Iron Valiant|5/100
|
|upkeep
|turn|13
|
|t:|1757910663
|switch|p2a: Moltres|Moltres|88/100
|move|p1a: Iron Valiant|Swords Dance|p1a: Iron Valiant
|-boost|p1a: Iron Valiant|atk|2
|
|upkeep
|turn|14
|
|t:|1757910672
|move|p1a: Iron Valiant|Liquidation|p2a: Moltres
|-supereffective|p2a: Moltres
|-damage|p2a: Moltres|13/100
|-status|p1a: Iron Valiant|brn|[from] ability: Flame Body|[of] p2a: Moltres
|move|p2a: Moltres|Roost|p2a: Moltres
|-heal|p2a: Moltres|63/100
|-singleturn|p2a: Moltres|move: Roost
|
|-damage|p1a: Iron Valiant|0 fnt|[from] brn
|faint|p1a: Iron Valiant
|-end|p1a: Iron Valiant|Quark Drive|[silent]
|upkeep
|
|t:|1757910683
|switch|p1a: Arcanine|Arcanine-Hisui, M|91/100
|turn|15
|
|t:|1757910692
|move|p1a: Arcanine|Head Smash|p2a: Moltres
|-supereffective|p2a: Moltres
|-damage|p2a: Moltres|0 fnt
|faint|p2a: Moltres
|
|upkeep
|
|t:|1757910702
|switch|p2a: Ursaluna|Ursaluna, M|94/100 brn
|turn|16
|
|t:|1757910710
|switch|p1a: Meowscarada|Meowscarada, M|50/100
|move|p2a: Ursaluna|Trailblaze|p1a: Meowscarada
|-resisted|p1a: Meowscarada
|-damage|p1a: Meowscarada|28/100
|-boost|p2a: Ursaluna|spe|1
|
|-damage|p2a: Ursaluna|88/100 brn|[from] brn
|upkeep
|turn|17
|
|t:|1757910726
|switch|p2a: Toxtricity|Toxtricity, F|100/100
|move|p1a: Meowscarada|Triple Axel|p2a: Toxtricity
|-start|p1a: Meowscarada|typechange|Ice|[from] ability: Protean
|-damage|p2a: Toxtricity|82/100
|-damage|p2a: Toxtricity|48/100
|-damage|p2a: Toxtricity|0 fnt
|faint|p2a: Toxtricity
|-hitcount|p2: Toxtricity|3
|
|upkeep
|
|t:|1757910734
|switch|p2a: Ursaluna|Ursaluna, M|88/100 brn
|turn|18
|
|t:|1757910740
|move|p1a: Meowscarada|Triple Axel|p2a: Ursaluna
|-supereffective|p2a: Ursaluna
|-damage|p2a: Ursaluna|67/100 brn
|-supereffective|p2a: Ursaluna
|-damage|p2a: Ursaluna|24/100 brn
|-supereffective|p2a: Ursaluna
|-damage|p2a: Ursaluna|0 fnt
|faint|p2a: Ursaluna
|-hitcount|p2: Ursaluna|3
|
|upkeep
|
|t:|1757910744
|switch|p2a: Hydreigon|Hydreigon, M|100/100
|turn|19
|
|t:|1757910749
|move|p1a: Meowscarada|Triple Axel|p2a: Hydreigon
|-supereffective|p2a: Hydreigon
|-damage|p2a: Hydreigon|74/100
|-hitcount|p2a: Hydreigon|1
|move|p2a: Hydreigon|Earth Power|p1a: Meowscarada
|-damage|p1a: Meowscarada|0 fnt
|faint|p1a: Meowscarada
|
|upkeep
|
|t:|1757910772
|switch|p1a: Avalugg|Avalugg, M|61/100
|turn|20
|
|t:|1757910783
|move|p2a: Hydreigon|Earth Power|p1a: Avalugg
|-damage|p1a: Avalugg|0 fnt
|faint|p1a: Avalugg
|
|upkeep
|
|t:|1757910787
|switch|p1a: Arcanine|Arcanine-Hisui, M|91/100
|turn|21
|
|t:|1757910794
|-terastallize|p1a: Arcanine|Normal
|move|p1a: Arcanine|Head Smash|p2a: Hydreigon
|-damage|p2a: Hydreigon|0 fnt
|faint|p2a: Hydreigon
|
|win|I am Patrat
|raw|I am Patrat's rating: 1272 &rarr; <strong>1298</strong><br />(+26 for winning)
|raw|LooksGoodToMe's rating: 1288 &rarr; <strong>1262</strong><br />(-26 for losing)
|c|☆LooksGoodToMe|gg
|c|☆I am Patrat|gg
|l|☆I am Patrat
|player|p1|
