|j|☆Nameless Moron
|j|☆ilhan
|t:|1757848554
|gametype|singles
|player|p1|Nameless Moron|unknown|1063
|player|p2|ilhan|veteran-gen4|1082
|gen|9
|tier|[Gen 9] OU
|rated|
|rule|HP Percentage Mod: HP is shown in percentages
|rule|Endless Battle Clause: Forcing endless battles is banned
|rule|Species Clause: Limit one of each Pokémon
|rule|OHKO Clause: OHKO moves are banned
|rule|Evasion Items Clause: Evasion items are banned
|rule|Evasion Moves Clause: Evasion moves are banned
|rule|Evasion Abilities Clause: Evasion abilities are banned
|rule|Sleep Moves Clause: Sleep-inducing moves are banned
|clearpoke
|poke|p1|Scizor, F|
|poke|p1|Ceruledge, M|
|poke|p1|Greninja-*, M|
|poke|p1|Clodsire, M|
|poke|p1|Great Tusk|
|poke|p1|Dragapult, M|
|poke|p2|Glimmora, F|
|poke|p2|Serperior, M|
|poke|p2|Hatterene, F|
|poke|p2|Corviknight, M|
|poke|p2|Dragapult, M|
|poke|p2|Great Tusk|
|teampreview
|inactive|Battle timer is ON: inactive players will automatically lose when time's up. (requested by Nameless Moron)
|inactive|Nameless Moron has 120 seconds left.
|
|t:|1757848590
|teamsize|p1|6
|teamsize|p2|6
|start
|switch|p1a: Scizor|Scizor, F|100/100
|switch|p2a: Glimmora|Glimmora, F, shiny|100/100
|turn|1
|
|t:|1757848600
|move|p2a: Glimmora|Stealth Rock|p1a: Scizor
|-sidestart|p1: Nameless Moron|move: Stealth Rock
|move|p1a: Scizor|U-turn|p2a: Glimmora
|-resisted|p2a: Glimmora
|-damage|p2a: Glimmora|80/100
|-activate|p2a: Glimmora|ability: Toxic Debris
|-sidestart|p1: Nameless Moron|move: Toxic Spikes
|
|t:|1757848606
|switch|p1a: Clodsire|Clodsire, M|100/100|[from] U-turn
|-damage|p1a: Clodsire|94/100|[from] Stealth Rock
|-sideend|p1: Nameless Moron|move: Toxic Spikes|[of] p1a: Clodsire
|
|-heal|p2a: Glimmora|86/100|[from] item: Leftovers
|-heal|p1a: Clodsire|100/100|[from] item: Leftovers
|upkeep
|turn|2
|
|t:|1757848617
|move|p2a: Glimmora|Spikes|p1a: Clodsire
|-sidestart|p1: Nameless Moron|Spikes
|move|p1a: Clodsire|Toxic Spikes|p2a: Glimmora
|-sidestart|p2: ilhan|move: Toxic Spikes
|
|-heal|p2a: Glimmora|93/100|[from] item: Leftovers
|upkeep
|turn|3
|
|t:|1757848623
|move|p2a: Glimmora|Spikes|p1a: Clodsire
|-sidestart|p1: Nameless Moron|Spikes
|move|p1a: Clodsire|Earthquake|p2a: Glimmora
|-supereffective|p2a: Glimmora
|-damage|p2a: Glimmora|20/100
|-activate|p2a: Glimmora|ability: Toxic Debris
|-sidestart|p1: Nameless Moron|move: Toxic Spikes
|
|-heal|p2a: Glimmora|26/100|[from] item: Leftovers
|upkeep
|turn|4
|
|t:|1757848634
|move|p2a: Glimmora|Meteor Beam||[still]
|-prepare|p2a: Glimmora|Meteor Beam
|-boost|p2a: Glimmora|spa|1
|move|p1a: Clodsire|Toxic Spikes|p2a: Glimmora
|-sidestart|p2: ilhan|move: Toxic Spikes
|
|-heal|p2a: Glimmora|33/100|[from] item: Leftovers
|upkeep
|turn|5
|
|t:|1757848642
|move|p2a: Glimmora|Meteor Beam|p1a: Clodsire|[from] lockedmove
|-resisted|p1a: Clodsire
|-damage|p1a: Clodsire|83/100
|move|p1a: Clodsire|Earthquake|p2a: Glimmora
|-supereffective|p2a: Glimmora
|-damage|p2a: Glimmora|0 fnt
|-activate|p2a: Glimmora|ability: Toxic Debris
|-sidestart|p1: Nameless Moron|move: Toxic Spikes
|faint|p2a: Glimmora
|
|-heal|p1a: Clodsire|89/100|[from] item: Leftovers
|upkeep
|
|t:|1757848662
|switch|p2a: Great Tusk|Great Tusk|100/100
|-status|p2a: Great Tusk|tox
|-enditem|p2a: Great Tusk|Booster Energy
|-activate|p2a: Great Tusk|ability: Protosynthesis|[fromitem]
|-start|p2a: Great Tusk|protosynthesisatk
|turn|6
|
|t:|1757848681
|switch|p1a: Great Tusk|Great Tusk|100/100
|-damage|p1a: Great Tusk|98/100|[from] Stealth Rock
|-damage|p1a: Great Tusk|81/100|[from] Spikes
|-status|p1a: Great Tusk|tox
|move|p2a: Great Tusk|Bulk Up|p2a: Great Tusk
|-boost|p2a: Great Tusk|atk|1
|-boost|p2a: Great Tusk|def|1
|
|-heal|p1a: Great Tusk|87/100 tox|[from] item: Leftovers
|-damage|p1a: Great Tusk|81/100 tox|[from] psn
|-damage|p2a: Great Tusk|94/100 tox|[from] psn
|upkeep
|turn|7
|
|t:|1757848693
|move|p1a: Great Tusk|Rapid Spin|p2a: Great Tusk
|-damage|p2a: Great Tusk|88/100 tox
|-boost|p1a: Great Tusk|spe|1
|-sideend|p1: Nameless Moron|Spikes|[from] move: Rapid Spin|[of] p1a: Great Tusk
|-sideend|p1: Nameless Moron|Toxic Spikes|[from] move: Rapid Spin|[of] p1a: Great Tusk
|-sideend|p1: Nameless Moron|Stealth Rock|[from] move: Rapid Spin|[of] p1a: Great Tusk
|move|p2a: Great Tusk|Rapid Spin|p1a: Great Tusk
|-crit|p1a: Great Tusk
|-damage|p1a: Great Tusk|54/100 tox
|-boost|p2a: Great Tusk|spe|1
|-sideend|p2: ilhan|Toxic Spikes|[from] move: Rapid Spin|[of] p2a: Great Tusk
|
|-heal|p1a: Great Tusk|61/100 tox|[from] item: Leftovers
|-damage|p1a: Great Tusk|48/100 tox|[from] psn
|-damage|p2a: Great Tusk|75/100 tox|[from] psn
|upkeep
|turn|8
|
|t:|1757848706
|move|p1a: Great Tusk|Body Press|p2a: Great Tusk
|-damage|p2a: Great Tusk|55/100 tox
|move|p2a: Great Tusk|Earthquake|p1a: Great Tusk
|-damage|p1a: Great Tusk|0 fnt
|faint|p1a: Great Tusk
|-end|p1a: Great Tusk|Protosynthesis|[silent]
|
|-damage|p2a: Great Tusk|36/100 tox|[from] psn
|upkeep
|
|t:|1757848721
|switch|p1a: Greninja|Greninja, M|100/100
|turn|9
|
|t:|1757848744
|move|p1a: Greninja|Water Shuriken|p2a: Great Tusk
|-supereffective|p2a: Great Tusk
|-damage|p2a: Great Tusk|19/100 tox
|-supereffective|p2a: Great Tusk
|-damage|p2a: Great Tusk|1/100 tox
|-supereffective|p2a: Great Tusk
|-damage|p2a: Great Tusk|0 fnt
|faint|p2a: Great Tusk
|-end|p2a: Great Tusk|Protosynthesis|[silent]
|-ability|p1a: Greninja|Battle Bond|boost
|-boost|p1a: Greninja|atk|1
|-boost|p1a: Greninja|spa|1
|-boost|p1a: Greninja|spe|1
|-activate|p1a: Greninja|ability: Battle Bond
|-hitcount|p2: Great Tusk|3
|
|upkeep
|
|t:|1757848749
|switch|p2a: Corviknight|Corviknight, M, shiny|100/100
|turn|10
|c|☆ilhan|u thought that it will evolve?
|inactive|Nameless Moron has 120 seconds left.
|inactive|Nameless Moron has 90 seconds left.
|
|t:|1757848807
|move|p1a: Greninja|Hydro Pump|p2a: Corviknight
|-damage|p2a: Corviknight|26/100
|move|p2a: Corviknight|Bulk Up|p2a: Corviknight
|-boost|p2a: Corviknight|atk|1
|-boost|p2a: Corviknight|def|1
|
|upkeep
|turn|11
|
|t:|1757848821
|move|p1a: Greninja|Ice Beam|p2a: Corviknight
|-crit|p2a: Corviknight
|-damage|p2a: Corviknight|0 fnt
|faint|p2a: Corviknight
|
|upkeep
|
|t:|1757848825
|switch|p2a: Serperior|Serperior, M|100/100
|turn|12
|
|t:|1757848831
|move|p1a: Greninja|Ice Beam|p2a: Serperior
|-supereffective|p2a: Serperior
|-damage|p2a: Serperior|0 fnt
|faint|p2a: Serperior
|
|upkeep
|-message|ilhan forfeited.
|
|win|Nameless Moron
|raw|Nameless Moron's rating: 1063 &rarr; <strong>1095</strong><br />(+32 for winning)
|raw|ilhan's rating: 1082 &rarr; <strong>1058</strong><br />(-24 for losing)
|l|☆ilhan
|player|p2|
