|j|☆Cba_Frost
|j|☆Ieigh
|t:|1757952326
|gametype|singles
|player|p1|Cba_Frost|2|1114
|player|p2|Ieigh|101|1104
|gen|9
|tier|[Gen 9] OU
|rated|
|rule|HP Percentage Mod: HP is shown in percentages
|rule|Endless Battle Clause: Forcing endless battles is banned
|rule|Species Clause: Limit one of each Pokémon
|rule|OHKO Clause: OHKO moves are banned
|rule|Evasion Items Clause: Evasion items are banned
|rule|Evasion Moves Clause: Evasion moves are banned
|rule|Evasion Abilities Clause: Evasion abilities are banned
|rule|Sleep Moves Clause: Sleep-inducing moves are banned
|clearpoke
|poke|p1|Dragapult, F|
|poke|p1|Great Tusk|
|poke|p1|Gholdengo|
|poke|p1|Kingambit, F|
|poke|p1|Iron Valiant|
|poke|p1|Ting-Lu|
|poke|p2|Quaquaval, M|
|poke|p2|Dragonite, M|
|poke|p2|Meowstic-F, F|
|poke|p2|Salazzle, F|
|poke|p2|Talonflame, M|
|poke|p2|Whimsicott, F|
|teampreview
|
|t:|1757952346
|teamsize|p1|6
|teamsize|p2|6
|start
|switch|p1a: Gholdengo|Gholdengo|100/100
|switch|p2a: Meowstic|Meowstic-F, F|100/100
|-item|p1a: Gholdengo|Air Balloon
|turn|1
|
|t:|1757952367
|move|p2a: Meowstic|Dark Pulse|p1a: Gholdengo
|-supereffective|p1a: Gholdengo
|-damage|p1a: Gholdengo|54/100
|-enditem|p1a: Gholdengo|Air Balloon
|move|p1a: Gholdengo|Shadow Ball|p2a: Meowstic
|-supereffective|p2a: Meowstic
|-damage|p2a: Meowstic|0 fnt
|faint|p2a: Meowstic
|
|upkeep
|
|t:|1757952396
|switch|p2a: Salazzle|Salazzle, F|100/100
|turn|2
|
|t:|1757952405
|move|p2a: Salazzle|Fire Blast|p1a: Gholdengo|[miss]
|-miss|p2a: Salazzle|p1a: Gholdengo
|move|p1a: Gholdengo|Recover|p1a: Gholdengo
|-heal|p1a: Gholdengo|100/100
|
|upkeep
|turn|3
|
|t:|1757952415
|switch|p1a: Great Tusk|Great Tusk|100/100
|move|p2a: Salazzle|Fire Blast|p1a: Great Tusk
|-damage|p1a: Great Tusk|21/100
|
|-heal|p1a: Great Tusk|27/100|[from] item: Leftovers
|upkeep
|turn|4
|
|t:|1757952427
|-terastallize|p1a: Great Tusk|Water
|move|p2a: Salazzle|Sludge Bomb|p1a: Great Tusk
|-damage|p1a: Great Tusk|0 fnt
|faint|p1a: Great Tusk
|-end|p1a: Great Tusk|Protosynthesis|[silent]
|
|upkeep
|
|t:|1757952439
|switch|p1a: Dragapult|Dragapult, F, shiny|100/100
|turn|5
|
|t:|1757952444
|move|p1a: Dragapult|Draco Meteor|p2a: Salazzle
|-damage|p2a: Salazzle|0 fnt
|-unboost|p1a: Dragapult|spa|2
|faint|p2a: Salazzle
|
|upkeep
|
|t:|1757952471
|switch|p2a: Quaquaval|Quaquaval, M|100/100
|turn|6
|
|t:|1757952480
|move|p1a: Dragapult|Draco Meteor|p2a: Quaquaval
|-damage|p2a: Quaquaval|44/100
|-unboost|p1a: Dragapult|spa|2
|move|p2a: Quaquaval|Aqua Step|p1a: Dragapult
|-resisted|p1a: Dragapult
|-damage|p1a: Dragapult|65/100
|-boost|p2a: Quaquaval|spe|1
|-damage|p2a: Quaquaval|34/100|[from] item: Life Orb
|
|upkeep
|turn|7
|
|t:|1757952491
|move|p1a: Dragapult|Draco Meteor|p2a: Quaquaval
|-damage|p2a: Quaquaval|0 fnt
|-unboost|p1a: Dragapult|spa|2
|faint|p2a: Quaquaval
|
|upkeep
|
|t:|1757952496
|switch|p2a: Dragonite|Dragonite, M|100/100
|turn|8
|
|t:|1757952506
|switch|p1a: Ting-Lu|Ting-Lu, shiny|100/100
|-ability|p1a: Ting-Lu|Vessel of Ruin
|move|p2a: Dragonite|Dragon Dance|p2a: Dragonite
|-boost|p2a: Dragonite|atk|1
|-boost|p2a: Dragonite|spe|1
|
|upkeep
|turn|9
|
|t:|1757952515
|-terastallize|p2a: Dragonite|Steel
|move|p2a: Dragonite|Dragon Dance|p2a: Dragonite
|-boost|p2a: Dragonite|atk|1
|-boost|p2a: Dragonite|spe|1
|move|p1a: Ting-Lu|Spikes|p2a: Dragonite
|-sidestart|p2: Ieigh|Spikes
|
|upkeep
|turn|10
|
|t:|1757952525
|move|p2a: Dragonite|Ice Spinner|p1a: Ting-Lu
|-supereffective|p1a: Ting-Lu
|-damage|p1a: Ting-Lu|32/100
|move|p1a: Ting-Lu|Earthquake|p2a: Dragonite
|-supereffective|p2a: Dragonite
|-damage|p2a: Dragonite|59/100
|
|-heal|p2a: Dragonite|66/100|[from] item: Leftovers
|-heal|p1a: Ting-Lu|39/100|[from] item: Leftovers
|upkeep
|turn|11
|
|t:|1757952538
|move|p2a: Dragonite|Ice Spinner|p1a: Ting-Lu
|-supereffective|p1a: Ting-Lu
|-damage|p1a: Ting-Lu|0 fnt
|faint|p1a: Ting-Lu
|
|-heal|p2a: Dragonite|72/100|[from] item: Leftovers
|upkeep
|
|t:|1757952545
|switch|p1a: Gholdengo|Gholdengo|100/100
|turn|12
|
|t:|1757952555
|move|p2a: Dragonite|Earthquake|p1a: Gholdengo
|-supereffective|p1a: Gholdengo
|-damage|p1a: Gholdengo|0 fnt
|faint|p1a: Gholdengo
|
|-heal|p2a: Dragonite|78/100|[from] item: Leftovers
|upkeep
|
|t:|1757952561
|switch|p1a: Dragapult|Dragapult, F, shiny|65/100
|turn|13
|
|t:|1757952567
|move|p2a: Dragonite|Ice Spinner|p1a: Dragapult
|-supereffective|p1a: Dragapult
|-damage|p1a: Dragapult|0 fnt
|faint|p1a: Dragapult
|
|-heal|p2a: Dragonite|84/100|[from] item: Leftovers
|upkeep
|
|t:|1757952573
|switch|p1a: Iron Valiant|Iron Valiant, shiny|100/100
|-enditem|p1a: Iron Valiant|Booster Energy
|-activate|p1a: Iron Valiant|ability: Quark Drive|[fromitem]
|-start|p1a: Iron Valiant|quarkdrivespe
|turn|14
|
|t:|1757952583
|move|p1a: Iron Valiant|Focus Blast|p2a: Dragonite|[miss]
|-miss|p1a: Iron Valiant|p2a: Dragonite
|move|p2a: Dragonite|Earthquake|p1a: Iron Valiant
|-damage|p1a: Iron Valiant|4/100
|
|-heal|p2a: Dragonite|90/100|[from] item: Leftovers
|upkeep
|turn|15
|
|t:|1757952591
|move|p1a: Iron Valiant|Focus Blast|p2a: Dragonite|[miss]
|-miss|p1a: Iron Valiant|p2a: Dragonite
|move|p2a: Dragonite|Earthquake|p1a: Iron Valiant
|-damage|p1a: Iron Valiant|0 fnt
|faint|p1a: Iron Valiant
|-end|p1a: Iron Valiant|Quark Drive|[silent]
|
|-heal|p2a: Dragonite|96/100|[from] item: Leftovers
|upkeep
|
|t:|1757952601
|switch|p1a: Kingambit|Kingambit, F, shiny|100/100
|-activate|p1a: Kingambit|ability: Supreme Overlord
|-start|p1a: Kingambit|fallen5|[silent]
|turn|16
|
|t:|1757952605
|move|p1a: Kingambit|Sucker Punch|p2a: Dragonite
|-damage|p2a: Dragonite|15/100
|move|p2a: Dragonite|Earthquake|p1a: Kingambit
|-supereffective|p1a: Kingambit
|-damage|p1a: Kingambit|0 fnt
|faint|p1a: Kingambit
|-end|p1a: Kingambit|fallen5|[silent]
|
|win|Ieigh
|raw|Cba_Frost's rating: 1114 &rarr; <strong>1088</strong><br />(-26 for losing)
|raw|Ieigh's rating: 1104 &rarr; <strong>1130</strong><br />(+26 for winning)
|l|☆Cba_Frost
|player|p1|
|l|☆Ieigh
|player|p2|
