|j|☆0kapi-57
|j|☆ShrimpFood
|t:|1757868326
|gametype|singles
|player|p1|0kapi-57|170|1011
|player|p2|ShrimpFood|acetrainerf-gen4dp|1000
|gen|9
|tier|[Gen 9] OU
|rated|
|rule|HP Percentage Mod: HP is shown in percentages
|rule|Endless Battle Clause: Forcing endless battles is banned
|rule|Species Clause: Limit one of each Pokémon
|rule|OHKO Clause: OHKO moves are banned
|rule|Evasion Items Clause: Evasion items are banned
|rule|Evasion Moves Clause: Evasion moves are banned
|rule|Evasion Abilities Clause: Evasion abilities are banned
|rule|Sleep Moves Clause: Sleep-inducing moves are banned
|clearpoke
|poke|p1|Pikachu-Partner, M|
|poke|p1|Greninja-*, M|
|poke|p1|Gengar, F|
|poke|p1|Grovyle, F|
|poke|p1|Charizard, F|
|poke|p1|Lycanroc-Dusk, M|
|poke|p2|Kilowattrel, F|
|poke|p2|Brambleghast, F|
|poke|p2|Dragonite, F|
|poke|p2|Whimsicott, F|
|poke|p2|Excadrill, F|
|poke|p2|Blaziken, F|
|teampreview
|
|t:|1757868335
|teamsize|p1|6
|teamsize|p2|6
|start
|switch|p1a: Picachu|Pikachu-Partner, M|100/100
|switch|p2a: Kilowattrel|Kilowattrel, F|100/100
|turn|1
|
|t:|1757868343
|-terastallize|p1a: Picachu|Electric
|move|p2a: Kilowattrel|Tailwind|p2a: Kilowattrel
|-sidestart|p2: ShrimpFood|move: Tailwind
|-start|p2a: Kilowattrel|Charge|Tailwind|[from] ability: Wind Power
|move|p1a: Picachu|Thunderbolt|p2a: Kilowattrel
|-damage|p2a: Kilowattrel|18/100
|
|upkeep
|turn|2
|
|t:|1757868353
|move|p2a: Kilowattrel|Hurricane|p1a: Picachu
|-resisted|p1a: Picachu
|-damage|p1a: Picachu|47/100
|-start|p1a: Picachu|confusion
|-activate|p1a: Picachu|confusion
|-damage|p1a: Picachu|28/100|[from] confusion
|
|upkeep
|turn|3
|
|t:|1757868363
|move|p2a: Kilowattrel|Volt Switch|p1a: Picachu
|-resisted|p1a: Picachu
|-damage|p1a: Picachu|0 fnt
|faint|p1a: Picachu
|-end|p2a: Kilowattrel|Charge|[silent]
|
|t:|1757868373
|switch|p2a: Dragonite|Dragonite, F|100/100|[from] Volt Switch
|
|upkeep
|
|t:|1757868381
|switch|p1a: Charizard|Charizard, F|100/100
|turn|4
|
|t:|1757868387
|move|p2a: Dragonite|Ice Spinner|p1a: Charizard
|-damage|p1a: Charizard|70/100
|move|p1a: Charizard|Flame Charge|p2a: Dragonite
|-resisted|p2a: Dragonite
|-damage|p2a: Dragonite|96/100
|-boost|p1a: Charizard|spe|1
|
|-sideend|p2: ShrimpFood|move: Tailwind
|upkeep
|turn|5
|
|t:|1757868400
|move|p1a: Charizard|Dragon Claw|p2a: Dragonite
|-supereffective|p2a: Dragonite
|-damage|p2a: Dragonite|59/100
|move|p2a: Dragonite|Dragon Dance|p2a: Dragonite
|-boost|p2a: Dragonite|atk|1
|-boost|p2a: Dragonite|spe|1
|
|upkeep
|turn|6
|
|t:|1757868407
|move|p2a: Dragonite|Dragon Dance|p2a: Dragonite
|-boost|p2a: Dragonite|atk|1
|-boost|p2a: Dragonite|spe|1
|move|p1a: Charizard|Flame Charge|p2a: Dragonite
|-resisted|p2a: Dragonite
|-damage|p2a: Dragonite|50/100
|-boost|p1a: Charizard|spe|1
|
|upkeep
|turn|7
|
|t:|1757868416
|move|p2a: Dragonite|Extreme Speed|p1a: Charizard
|-damage|p1a: Charizard|4/100
|move|p1a: Charizard|Flame Charge|p2a: Dragonite
|-resisted|p2a: Dragonite
|-damage|p2a: Dragonite|37/100
|-boost|p1a: Charizard|spe|1
|
|upkeep
|turn|8
|
|t:|1757868426
|move|p2a: Dragonite|Extreme Speed|p1a: Charizard
|-damage|p1a: Charizard|0 fnt
|faint|p1a: Charizard
|
|upkeep
|
|t:|1757868433
|switch|p1a: Grovyle|Grovyle, F|100/100
|turn|9
|
|t:|1757868437
|move|p2a: Dragonite|Extreme Speed|p1a: Grovyle
|-damage|p1a: Grovyle|0 fnt
|faint|p1a: Grovyle
|
|upkeep
|
|t:|1757868442
|switch|p1a: Lycanroc|Lycanroc-Dusk, M|100/100
|turn|10
|
|t:|1757868446
|move|p2a: Dragonite|Extreme Speed|p1a: Lycanroc
|-resisted|p1a: Lycanroc
|-damage|p1a: Lycanroc|60/100
|move|p1a: Lycanroc|Counter|p2a: Dragonite
|-damage|p2a: Dragonite|0 fnt
|faint|p2a: Dragonite
|
|upkeep
|
|t:|1757868470
|switch|p2a: Excadrill|Excadrill, F, shiny|100/100
|-item|p2a: Excadrill|Air Balloon
|turn|11
|
|t:|1757868477
|move|p2a: Excadrill|Swords Dance|p2a: Excadrill
|-boost|p2a: Excadrill|atk|2
|move|p1a: Lycanroc|Counter||[still]
|-fail|p1a: Lycanroc
|
|upkeep
|turn|12
|
|t:|1757868483
|move|p2a: Excadrill|Iron Head|p1a: Lycanroc
|-supereffective|p1a: Lycanroc
|-crit|p1a: Lycanroc
|-damage|p1a: Lycanroc|0 fnt
|faint|p1a: Lycanroc
|
|upkeep
|
|t:|1757868488
|switch|p1a: Greninja|Greninja, M|100/100
|turn|13
|
|t:|1757868493
|move|p1a: Greninja|Night Slash|p2a: Excadrill
|-damage|p2a: Excadrill|64/100
|-enditem|p2a: Excadrill|Air Balloon
|move|p2a: Excadrill|Iron Head|p1a: Greninja
|-resisted|p1a: Greninja
|-damage|p1a: Greninja|37/100
|
|upkeep
|turn|14
|
|t:|1757868501
|move|p1a: Greninja|Water Pulse|p2a: Excadrill
|-supereffective|p2a: Excadrill
|-damage|p2a: Excadrill|4/100
|move|p2a: Excadrill|Iron Head|p1a: Greninja
|-resisted|p1a: Greninja
|-damage|p1a: Greninja|0 fnt
|faint|p1a: Greninja
|
|upkeep
|
|t:|1757868508
|switch|p1a: Gengar|Gengar, F|100/100
|turn|15
|
|t:|1757868512
|move|p2a: Excadrill|Iron Head|p1a: Gengar
|-damage|p1a: Gengar|0 fnt
|-start|p2a: Excadrill|Disable|Iron Head|[from] ability: Cursed Body|[of] p1a: Gengar
|faint|p1a: Gengar
|
|win|ShrimpFood
|raw|0kapi-57's rating: 1011 &rarr; <strong>1000</strong><br />(-11 for losing)
|raw|ShrimpFood's rating: 1000 &rarr; <strong>1041</strong><br />(+41 for winning)
|c|☆ShrimpFood|ggs
|l|☆0kapi-57
|player|p1|
