|j|☆jeet999
|j|☆ihategroundtypes
|t:|1757826311
|gametype|singles
|player|p1|jeet999|cynthia-masters|1573
|player|p2|ihategroundtypes|miku-flying|1550
|gen|9
|tier|[Gen 9] OU
|rated|
|rule|HP Percentage Mod: HP is shown in percentages
|rule|Endless Battle Clause: Forcing endless battles is banned
|rule|Species Clause: Limit one of each Pokémon
|rule|OHKO Clause: OHKO moves are banned
|rule|Evasion Items Clause: Evasion items are banned
|rule|Evasion Moves Clause: Evasion moves are banned
|rule|Evasion Abilities Clause: Evasion abilities are banned
|rule|Sleep Moves Clause: Sleep-inducing moves are banned
|clearpoke
|poke|p1|Indeedee, M|
|poke|p1|Hatterene, F|
|poke|p1|Ursaluna, F|
|poke|p1|Iron Hands|
|poke|p1|Hoopa-Unbound|
|poke|p1|Mimikyu, F|
|poke|p2|Araquanid, M|
|poke|p2|Kingambit, F|
|poke|p2|Enamorus, F|
|poke|p2|Ogerpon, F|
|poke|p2|Pecharunt|
|poke|p2|Great Tusk|
|teampreview
|inactive|Battle timer is ON: inactive players will automatically lose when time's up. (requested by jeet999)
|
|t:|1757826328
|teamsize|p1|6
|teamsize|p2|6
|start
|switch|p1a: Subaru|Indeedee, M, shiny|100/100
|switch|p2a: Pecharunt|Pecharunt|100/100
|-fieldstart|move: Psychic Terrain|[from] ability: Psychic Surge|[of] p1a: Subaru
|turn|1
|
|t:|1757826341
|move|p2a: Pecharunt|Malignant Chain|p1a: Subaru
|-damage|p1a: Subaru|63/100
|-status|p1a: Subaru|tox
|-start|p1a: Subaru|confusion|[from] ability: Poison Puppeteer|[of] p2a: Pecharunt
|-activate|p1a: Subaru|confusion
|-damage|p1a: Subaru|58/100 tox|[from] confusion
|
|-damage|p1a: Subaru|52/100 tox|[from] psn
|upkeep
|turn|2
|
|t:|1757826350
|move|p2a: Pecharunt|Nasty Plot|p2a: Pecharunt
|-boost|p2a: Pecharunt|spa|2
|-end|p1a: Subaru|confusion
|move|p1a: Subaru|Expanding Force|p2a: Pecharunt
|-supereffective|p2a: Pecharunt
|-damage|p2a: Pecharunt|0 fnt
|faint|p2a: Pecharunt
|
|-damage|p1a: Subaru|40/100 tox|[from] psn
|upkeep
|
|t:|1757826360
|switch|p2a: Enamorus|Enamorus, F|100/100
|turn|3
|
|t:|1757826369
|move|p2a: Enamorus|Mystical Fire|p1a: Subaru
|-damage|p1a: Subaru|0 fnt
|faint|p1a: Subaru
|-damage|p2a: Enamorus|91/100|[from] item: Life Orb
|
|upkeep
|
|t:|1757826378
|switch|p1a: Satella|Hatterene, F, shiny|100/100
|turn|4
|
|t:|1757826399
|move|p2a: Enamorus|Substitute|p2a: Enamorus
|-start|p2a: Enamorus|Substitute
|-damage|p2a: Enamorus|66/100
|move|p1a: Satella|Trick Room|p1a: Satella
|-fieldstart|move: Trick Room|[of] p1a: Satella
|
|upkeep
|turn|5
|
|t:|1757826408
|move|p1a: Satella|Mystical Fire|p2a: Enamorus
|-end|p2a: Enamorus|Substitute
|-damage|p1a: Satella|91/100|[from] item: Life Orb
|move|p2a: Enamorus|Substitute|p2a: Enamorus
|-start|p2a: Enamorus|Substitute
|-damage|p2a: Enamorus|41/100
|
|upkeep
|turn|6
|
|t:|1757826416
|move|p1a: Satella|Mystical Fire|p2a: Enamorus
|-end|p2a: Enamorus|Substitute
|-damage|p1a: Satella|81/100|[from] item: Life Orb
|move|p2a: Enamorus|Substitute|p2a: Enamorus
|-start|p2a: Enamorus|Substitute
|-damage|p2a: Enamorus|16/100
|
|upkeep
|turn|7
|
|t:|1757826422
|move|p1a: Satella|Mystical Fire|p2a: Enamorus
|-end|p2a: Enamorus|Substitute
|-damage|p1a: Satella|71/100|[from] item: Life Orb
|move|p2a: Enamorus|Moonblast|p1a: Satella
|-damage|p1a: Satella|4/100
|-damage|p2a: Enamorus|6/100|[from] item: Life Orb
|
|upkeep
|turn|8
|
|t:|1757826430
|move|p1a: Satella|Mystical Fire|p2a: Enamorus
|-damage|p2a: Enamorus|0 fnt
|faint|p2a: Enamorus
|-damage|p1a: Satella|0 fnt|[from] item: Life Orb
|faint|p1a: Satella
|
|-fieldend|move: Trick Room
|-fieldend|move: Psychic Terrain
|upkeep
|
|t:|1757826457
|switch|p2a: Great Tusk|Great Tusk|100/100
|switch|p1a: King Von|Hoopa-Unbound|100/100
|-enditem|p2a: Great Tusk|Booster Energy
|-activate|p2a: Great Tusk|ability: Protosynthesis|[fromitem]
|-start|p2a: Great Tusk|protosynthesisatk
|turn|9
|inactive|ihategroundtypes has 120 seconds left.
|
|t:|1757826497
|-terastallize|p2a: Great Tusk|Fighting
|move|p2a: Great Tusk|Close Combat|p1a: King Von
|-damage|p1a: King Von|0 fnt
|-unboost|p2a: Great Tusk|def|1
|-unboost|p2a: Great Tusk|spd|1
|faint|p1a: King Von
|
|upkeep
|
|t:|1757826504
|switch|p1a: Mimi|Mimikyu, F, shiny|100/100
|turn|10
|
|t:|1757826516
|move|p2a: Great Tusk|Headlong Rush|p1a: Mimi
|-activate|p1a: Mimi|ability: Disguise
|-damage|p1a: Mimi|100/100
|-unboost|p2a: Great Tusk|def|1
|-unboost|p2a: Great Tusk|spd|1
|detailschange|p1a: Mimi|Mimikyu-Busted, F, shiny
|-damage|p1a: Mimi|88/100|[from] pokemon: Mimikyu-Busted
|-enditem|p1a: Mimi|Red Card|[of] p2a: Great Tusk
|-end|p2a: Great Tusk|Protosynthesis|[silent]
|drag|p2a: Kingambit|Kingambit, F|100/100
|move|p1a: Mimi|Trick Room|p1a: Mimi
|-fieldstart|move: Trick Room|[of] p1a: Mimi
|
|upkeep
|turn|11
|
|t:|1757826526
|switch|p1a: Crashout YN|Ursaluna, F, shiny|100/100
|move|p2a: Kingambit|Iron Head|p1a: Crashout YN
|-damage|p1a: Crashout YN|65/100
|
|-status|p1a: Crashout YN|brn|[from] item: Flame Orb
|upkeep
|turn|12
|
|t:|1757826545
|switch|p2a: Araquanid|Araquanid, M|100/100
|move|p1a: Crashout YN|Headlong Rush|p2a: Araquanid
|-resisted|p2a: Araquanid
|-damage|p2a: Araquanid|44/100
|-unboost|p1a: Crashout YN|def|1
|-unboost|p1a: Crashout YN|spd|1
|
|-damage|p1a: Crashout YN|59/100 brn|[from] brn
|upkeep
|turn|13
|
|t:|1757826554
|move|p1a: Crashout YN|Headlong Rush|p2a: Araquanid
|-resisted|p2a: Araquanid
|-damage|p2a: Araquanid|0 fnt
|-unboost|p1a: Crashout YN|def|1
|-unboost|p1a: Crashout YN|spd|1
|faint|p2a: Araquanid
|
|-damage|p1a: Crashout YN|53/100 brn|[from] brn
|upkeep
|
|t:|1757826563
|switch|p2a: Kingambit|Kingambit, F|100/100
|turn|14
|
|t:|1757826567
|switch|p1a: Mimi|Mimikyu-Busted, F, shiny|88/100
|move|p2a: Kingambit|Sucker Punch||[still]
|-fail|p2a: Kingambit
|
|-fieldend|move: Trick Room
|upkeep
|turn|15
|
|t:|1757826581
|-terastallize|p1a: Mimi|Water
|move|p2a: Kingambit|Iron Head|p1a: Mimi
|-resisted|p1a: Mimi
|-damage|p1a: Mimi|68/100
|move|p1a: Mimi|Trick Room|p1a: Mimi
|-fieldstart|move: Trick Room|[of] p1a: Mimi
|
|upkeep
|turn|16
|
|t:|1757826594
|switch|p1a: LEBRON|Iron Hands, shiny|100/100
|-enditem|p1a: LEBRON|Booster Energy
|-activate|p1a: LEBRON|ability: Quark Drive|[fromitem]
|-start|p1a: LEBRON|quarkdriveatk
|move|p2a: Kingambit|Low Kick|p1a: LEBRON
|-damage|p1a: LEBRON|67/100
|
|upkeep
|turn|17
|
|t:|1757826603
|move|p2a: Kingambit|Sucker Punch|p1a: LEBRON
|-resisted|p1a: LEBRON
|-damage|p1a: LEBRON|54/100
|move|p1a: LEBRON|Close Combat|p2a: Kingambit
|-supereffective|p2a: Kingambit
|-damage|p2a: Kingambit|0 fnt
|-unboost|p1a: LEBRON|def|1
|-unboost|p1a: LEBRON|spd|1
|faint|p2a: Kingambit
|
|upkeep
|
|t:|1757826616
|switch|p2a: Great Tusk|Great Tusk, tera:Fighting|100/100
|turn|18
|
|t:|1757826621
|move|p1a: LEBRON|Close Combat|p2a: Great Tusk
|-damage|p2a: Great Tusk|33/100
|-unboost|p1a: LEBRON|def|1
|-unboost|p1a: LEBRON|spd|1
|move|p2a: Great Tusk|Close Combat|p1a: LEBRON
|-damage|p1a: LEBRON|0 fnt
|-unboost|p2a: Great Tusk|def|1
|-unboost|p2a: Great Tusk|spd|1
|faint|p1a: LEBRON
|-end|p1a: LEBRON|Quark Drive|[silent]
|
|upkeep
|
|t:|1757826633
|switch|p1a: Mimi|Mimikyu-Busted, F, shiny, tera:Water|68/100
|turn|19
|
|t:|1757826660
|move|p1a: Mimi|Play Rough|p2a: Great Tusk
|-supereffective|p2a: Great Tusk
|-damage|p2a: Great Tusk|0 fnt
|faint|p2a: Great Tusk
|-end|p2a: Great Tusk|Protosynthesis|[silent]
|
|-fieldend|move: Trick Room
|upkeep
|
|t:|1757826666
|switch|p2a: Ogerpon|Ogerpon, F|100/100
|turn|20
|
|t:|1757826670
|move|p2a: Ogerpon|Power Whip|p1a: Mimi
|-supereffective|p1a: Mimi
|-damage|p1a: Mimi|0 fnt
|faint|p1a: Mimi
|-damage|p2a: Ogerpon|91/100|[from] item: Life Orb
|
|upkeep
|-message|jeet999 forfeited.
|
|win|ihategroundtypes
|raw|jeet999's rating: 1573 &rarr; <strong>1552</strong><br />(-21 for losing)
|raw|ihategroundtypes's rating: 1550 &rarr; <strong>1571</strong><br />(+21 for winning)
|l|☆jeet999
|player|p1|
|l|☆ihategroundtypes
|player|p2|
