|j|☆Mahp860226
|j|☆child of night
|t:|1757922117
|gametype|singles
|player|p1|Mahp860226|1|1122
|player|p2|child of night|twins-gen4dp|1106
|gen|9
|tier|[Gen 9] OU
|rated|
|rule|HP Percentage Mod: HP is shown in percentages
|rule|Endless Battle Clause: Forcing endless battles is banned
|rule|Species Clause: Limit one of each Pokémon
|rule|OHKO Clause: OHKO moves are banned
|rule|Evasion Items Clause: Evasion items are banned
|rule|Evasion Moves Clause: Evasion moves are banned
|rule|Evasion Abilities Clause: Evasion abilities are banned
|rule|Sleep Moves Clause: Sleep-inducing moves are banned
|clearpoke
|poke|p1|Mimikyu, M|
|poke|p1|Corviknight, F|
|poke|p1|Lokix, F|
|poke|p1|Heatran, M|
|poke|p1|Clodsire, F|
|poke|p1|Gengar, F|
|poke|p2|Iron Moth|
|poke|p2|Ting-Lu|
|poke|p2|Torkoal, M|
|poke|p2|Walking Wake|
|poke|p2|Great Tusk|
|poke|p2|Slither Wing|
|teampreview
|inactive|Battle timer is ON: inactive players will automatically lose when time's up. (requested by child of night)
|
|t:|1757922130
|teamsize|p1|6
|teamsize|p2|6
|start
|switch|p1a: Clodsire|Clodsire, F|100/100
|switch|p2a: Torkoal|Torkoal, M|100/100
|-weather|SunnyDay|[from] ability: Drought|[of] p2a: Torkoal
|turn|1
|
|t:|1757922142
|move|p1a: Clodsire|Earthquake|p2a: Torkoal
|-supereffective|p2a: Torkoal
|-damage|p2a: Torkoal|69/100
|move|p2a: Torkoal|Stealth Rock|p1a: Clodsire
|-sidestart|p1: Mahp860226|move: Stealth Rock
|
|-weather|SunnyDay|[upkeep]
|upkeep
|turn|2
|
|t:|1757922150
|move|p2a: Torkoal|Will-O-Wisp|p1a: Clodsire
|-status|p1a: Clodsire|brn
|move|p1a: Clodsire|Toxic|p2a: Torkoal
|-status|p2a: Torkoal|tox
|
|-weather|SunnyDay|[upkeep]
|-damage|p2a: Torkoal|63/100 tox|[from] psn
|-damage|p1a: Clodsire|94/100 brn|[from] brn
|upkeep
|turn|3
|
|t:|1757922165
|switch|p2a: Slither Wing|Slither Wing|100/100
|-activate|p2a: Slither Wing|ability: Protosynthesis
|-start|p2a: Slither Wing|protosynthesisatk
|move|p1a: Clodsire|Earthquake|p2a: Slither Wing
|-resisted|p2a: Slither Wing
|-damage|p2a: Slither Wing|91/100
|
|-weather|SunnyDay|[upkeep]
|-heal|p1a: Clodsire|100/100 brn|[from] item: Black Sludge
|-damage|p1a: Clodsire|94/100 brn|[from] brn
|upkeep
|turn|4
|
|t:|1757922185
|switch|p1a: Heatran|Heatran, M|100/100
|-damage|p1a: Heatran|88/100|[from] Stealth Rock
|move|p2a: Slither Wing|U-turn|p1a: Heatran
|-resisted|p1a: Heatran
|-damage|p1a: Heatran|70/100
|
|t:|1757922198
|-end|p2a: Slither Wing|Protosynthesis|[silent]
|switch|p2a: Great Tusk|Great Tusk|100/100|[from] U-turn
|-activate|p2a: Great Tusk|ability: Protosynthesis
|-start|p2a: Great Tusk|protosynthesisspe
|
|-weather|SunnyDay|[upkeep]
|upkeep
|turn|5
|
|t:|1757922217
|switch|p1a: Corviknight|Corviknight, F|100/100
|-damage|p1a: Corviknight|88/100|[from] Stealth Rock
|move|p2a: Great Tusk|Headlong Rush|p1a: Corviknight
|-immune|p1a: Corviknight
|
|-weather|SunnyDay|[upkeep]
|upkeep
|turn|6
|
|t:|1757922229
|-end|p2a: Great Tusk|Protosynthesis|[silent]
|switch|p2a: Walking Wake|Walking Wake|100/100
|-activate|p2a: Walking Wake|ability: Protosynthesis
|-start|p2a: Walking Wake|protosynthesisspe
|move|p1a: Corviknight|Defog|p2a: Walking Wake
|-unboost|p2a: Walking Wake|evasion|1
|-sideend|p1: Mahp860226|Stealth Rock|[from] move: Defog|[of] p1a: Corviknight
|
|-weather|SunnyDay|[upkeep]
|upkeep
|turn|7
|
|t:|1757922248
|switch|p1a: Clodsire|Clodsire, F|94/100 brn
|move|p2a: Walking Wake|Flamethrower|p1a: Clodsire
|-damage|p1a: Clodsire|60/100 brn
|
|-weather|SunnyDay|[upkeep]
|-heal|p1a: Clodsire|67/100 brn|[from] item: Black Sludge
|-damage|p1a: Clodsire|60/100 brn|[from] brn
|upkeep
|turn|8
|
|t:|1757922274
|move|p2a: Walking Wake|Flamethrower|p1a: Clodsire
|-damage|p1a: Clodsire|26/100 brn
|move|p1a: Clodsire|Recover|p1a: Clodsire
|-heal|p1a: Clodsire|76/100 brn
|
|-weather|none
|-end|p2a: Walking Wake|Protosynthesis
|-heal|p1a: Clodsire|82/100 brn|[from] item: Black Sludge
|-damage|p1a: Clodsire|76/100 brn|[from] brn
|upkeep
|turn|9
|
|t:|1757922285
|-end|p2a: Walking Wake|Protosynthesis|[silent]
|switch|p2a: Torkoal|Torkoal, M|63/100 tox
|-weather|SunnyDay|[from] ability: Drought|[of] p2a: Torkoal
|move|p1a: Clodsire|Toxic|p2a: Torkoal
|-fail|p2a: Torkoal|tox
|
|-weather|SunnyDay|[upkeep]
|-heal|p1a: Clodsire|82/100 brn|[from] item: Black Sludge
|-damage|p2a: Torkoal|57/100 tox|[from] psn
|-damage|p1a: Clodsire|76/100 brn|[from] brn
|upkeep
|turn|10
|inactive|Mahp860226 has 120 seconds left.
|
|t:|1757922300
|switch|p1a: Gengar|Gengar, F|100/100
|switch|p2a: Slither Wing|Slither Wing|91/100
|-activate|p2a: Slither Wing|ability: Protosynthesis
|-start|p2a: Slither Wing|protosynthesisatk
|
|-weather|SunnyDay|[upkeep]
|upkeep
|turn|11
|inactive|Mahp860226 has 120 seconds left.
|
|t:|1757922313
|move|p1a: Gengar|Shadow Ball|p2a: Slither Wing
|-damage|p2a: Slither Wing|46/100
|move|p2a: Slither Wing|Flare Blitz|p1a: Gengar
|-damage|p1a: Gengar|0 fnt
|faint|p1a: Gengar
|-damage|p2a: Slither Wing|19/100|[from] Recoil
|
|-weather|SunnyDay|[upkeep]
|upkeep
|inactive|Mahp860226 has 120 seconds left.
|
|t:|1757922326
|switch|p1a: Lokix|Lokix, F|100/100
|turn|12
|
|t:|1757922331
|-end|p2a: Slither Wing|Protosynthesis|[silent]
|switch|p2a: Great Tusk|Great Tusk|100/100
|-activate|p2a: Great Tusk|ability: Protosynthesis
|-start|p2a: Great Tusk|protosynthesisspe
|move|p1a: Lokix|First Impression|p2a: Great Tusk
|-resisted|p2a: Great Tusk
|-damage|p2a: Great Tusk|76/100
|
|-weather|SunnyDay|[upkeep]
|upkeep
|turn|13
|
|t:|1757922344
|move|p2a: Great Tusk|Ice Spinner|p1a: Lokix
|-crit|p1a: Lokix
|-damage|p1a: Lokix|52/100
|move|p1a: Lokix|U-turn|p2a: Great Tusk
|-resisted|p2a: Great Tusk
|-damage|p2a: Great Tusk|57/100
|
|t:|1757922351
|switch|p1a: Mimikyu|Mimikyu, M|100/100|[from] U-turn
|
|-weather|SunnyDay|[upkeep]
|upkeep
|turn|14
|
|t:|1757922358
|move|p2a: Great Tusk|Ice Spinner|p1a: Mimikyu
|-activate|p1a: Mimikyu|ability: Disguise
|-damage|p1a: Mimikyu|100/100
|detailschange|p1a: Mimikyu|Mimikyu-Busted, M
|-damage|p1a: Mimikyu|88/100|[from] pokemon: Mimikyu-Busted
|move|p1a: Mimikyu|Swords Dance|p1a: Mimikyu
|-boost|p1a: Mimikyu|atk|2
|
|-weather|SunnyDay|[upkeep]
|upkeep
|turn|15
|
|t:|1757922370
|-end|p2a: Great Tusk|Protosynthesis|[silent]
|switch|p2a: Slither Wing|Slither Wing|19/100
|-activate|p2a: Slither Wing|ability: Protosynthesis
|-start|p2a: Slither Wing|protosynthesisatk
|move|p1a: Mimikyu|Play Rough|p2a: Slither Wing
|-supereffective|p2a: Slither Wing
|-damage|p2a: Slither Wing|0 fnt
|faint|p2a: Slither Wing
|-end|p2a: Slither Wing|Protosynthesis|[silent]
|-damage|p1a: Mimikyu|78/100|[from] item: Life Orb
|
|-weather|SunnyDay|[upkeep]
|upkeep
|
|t:|1757922378
|switch|p2a: Walking Wake|Walking Wake|100/100
|-activate|p2a: Walking Wake|ability: Protosynthesis
|-start|p2a: Walking Wake|protosynthesisspe
|turn|16
|
|t:|1757922386
|move|p2a: Walking Wake|Hydro Steam|p1a: Mimikyu
|-damage|p1a: Mimikyu|0 fnt
|faint|p1a: Mimikyu
|
|-weather|none
|-end|p2a: Walking Wake|Protosynthesis
|upkeep
|
|t:|1757922395
|switch|p1a: Heatran|Heatran, M|70/100
|turn|17
|
|t:|1757922399
|-end|p2a: Walking Wake|Protosynthesis|[silent]
|switch|p2a: Torkoal|Torkoal, M|57/100 tox
|-weather|SunnyDay|[from] ability: Drought|[of] p2a: Torkoal
|-terastallize|p1a: Heatran|Flying
|move|p1a: Heatran|Dragon Pulse|p2a: Torkoal
|-damage|p2a: Torkoal|17/100 tox
|
|-weather|SunnyDay|[upkeep]
|-damage|p2a: Torkoal|11/100 tox|[from] psn
|upkeep
|turn|18
|
|t:|1757922418
|move|p1a: Heatran|Lava Plume|p2a: Torkoal
|-resisted|p2a: Torkoal
|-damage|p2a: Torkoal|0 fnt
|faint|p2a: Torkoal
|
|-weather|SunnyDay|[upkeep]
|upkeep
|
|t:|1757922430
|switch|p2a: Walking Wake|Walking Wake|100/100
|-activate|p2a: Walking Wake|ability: Protosynthesis
|-start|p2a: Walking Wake|protosynthesisspe
|turn|19
|
|t:|1757922439
|move|p2a: Walking Wake|Flamethrower|p1a: Heatran
|-start|p1a: Heatran|ability: Flash Fire
|move|p1a: Heatran|Dragon Pulse|p2a: Walking Wake
|-supereffective|p2a: Walking Wake
|-damage|p2a: Walking Wake|31/100
|
|-weather|SunnyDay|[upkeep]
|upkeep
|turn|20
|
|t:|1757922450
|-end|p2a: Walking Wake|Protosynthesis|[silent]
|switch|p2a: Iron Moth|Iron Moth|100/100
|move|p1a: Heatran|Dragon Pulse|p2a: Iron Moth
|-damage|p2a: Iron Moth|68/100
|
|-weather|SunnyDay|[upkeep]
|upkeep
|turn|21
|
|t:|1757922459
|move|p2a: Iron Moth|Sludge Wave|p1a: Heatran
|-damage|p1a: Heatran|23/100
|move|p1a: Heatran|Earth Power|p2a: Iron Moth
|-supereffective|p2a: Iron Moth
|-damage|p2a: Iron Moth|0 fnt
|faint|p2a: Iron Moth
|-end|p2a: Iron Moth|Quark Drive|[silent]
|
|-weather|SunnyDay|[upkeep]
|upkeep
|
|t:|1757922462
|switch|p2a: Great Tusk|Great Tusk|57/100
|-activate|p2a: Great Tusk|ability: Protosynthesis
|-start|p2a: Great Tusk|protosynthesisspe
|turn|22
|
|t:|1757922474
|-end|p1a: Heatran|ability: Flash Fire|[silent]
|switch|p1a: Corviknight|Corviknight, F|88/100
|move|p2a: Great Tusk|Ice Spinner|p1a: Corviknight
|-damage|p1a: Corviknight|75/100
|-damage|p2a: Great Tusk|40/100|[from] item: Rocky Helmet|[of] p1a: Corviknight
|
|-weather|SunnyDay|[upkeep]
|upkeep
|turn|23
|
|t:|1757922483
|-end|p2a: Great Tusk|Protosynthesis|[silent]
|switch|p2a: Ting-Lu|Ting-Lu|100/100
|-ability|p2a: Ting-Lu|Vessel of Ruin
|move|p1a: Corviknight|Body Press|p2a: Ting-Lu
|-supereffective|p2a: Ting-Lu
|-damage|p2a: Ting-Lu|70/100
|-damage|p1a: Corviknight|58/100|[from] item: Rocky Helmet|[of] p2a: Ting-Lu
|
|-weather|SunnyDay|[upkeep]
|upkeep
|turn|24
|
|t:|1757922496
|move|p1a: Corviknight|Roost|p1a: Corviknight
|-heal|p1a: Corviknight|100/100
|-singleturn|p1a: Corviknight|move: Roost
|move|p2a: Ting-Lu|Ruination|p1a: Corviknight
|-damage|p1a: Corviknight|50/100
|
|-weather|none
|upkeep
|turn|25
|
|t:|1757922509
|move|p1a: Corviknight|Body Press|p2a: Ting-Lu
|-supereffective|p2a: Ting-Lu
|-damage|p2a: Ting-Lu|41/100
|-damage|p1a: Corviknight|34/100|[from] item: Rocky Helmet|[of] p2a: Ting-Lu
|move|p2a: Ting-Lu|Spikes|p1a: Corviknight
|-sidestart|p1: Mahp860226|Spikes
|
|upkeep
|turn|26
|
|t:|1757922517
|move|p1a: Corviknight|Roost|p1a: Corviknight
|-heal|p1a: Corviknight|84/100
|-singleturn|p1a: Corviknight|move: Roost
|move|p2a: Ting-Lu|Earthquake|p1a: Corviknight
|-supereffective|p1a: Corviknight
|-damage|p1a: Corviknight|38/100
|
|upkeep
|turn|27
|
|t:|1757922527
|move|p1a: Corviknight|Body Press|p2a: Ting-Lu
|-supereffective|p2a: Ting-Lu
|-damage|p2a: Ting-Lu|14/100
|-damage|p1a: Corviknight|22/100|[from] item: Rocky Helmet|[of] p2a: Ting-Lu
|move|p2a: Ting-Lu|Earthquake|p1a: Corviknight
|-immune|p1a: Corviknight
|
|upkeep
|turn|28
|
|t:|1757922537
|move|p1a: Corviknight|Roost|p1a: Corviknight
|-heal|p1a: Corviknight|72/100
|-singleturn|p1a: Corviknight|move: Roost
|move|p2a: Ting-Lu|Earthquake|p1a: Corviknight
|-supereffective|p1a: Corviknight
|-damage|p1a: Corviknight|30/100
|
|upkeep
|turn|29
|
|t:|1757922552
|move|p1a: Corviknight|Body Press|p2a: Ting-Lu
|-supereffective|p2a: Ting-Lu
|-damage|p2a: Ting-Lu|0 fnt
|-damage|p1a: Corviknight|13/100|[from] item: Rocky Helmet|[of] p2a: Ting-Lu
|faint|p2a: Ting-Lu
|
|upkeep
|
|t:|1757922556
|switch|p2a: Great Tusk|Great Tusk|40/100
|turn|30
|
|t:|1757922562
|move|p2a: Great Tusk|Ice Spinner|p1a: Corviknight
|-crit|p1a: Corviknight
|-damage|p1a: Corviknight|0 fnt
|-damage|p2a: Great Tusk|23/100|[from] item: Rocky Helmet|[of] p1a: Corviknight
|faint|p1a: Corviknight
|
|upkeep
|
|t:|1757922569
|switch|p1a: Lokix|Lokix, F|52/100
|-damage|p1a: Lokix|39/100|[from] Spikes
|turn|31
|
|t:|1757922578
|-end|p2a: Great Tusk|Protosynthesis|[silent]
|switch|p2a: Walking Wake|Walking Wake|31/100
|move|p1a: Lokix|First Impression|p2a: Walking Wake
|-damage|p2a: Walking Wake|0 fnt
|faint|p2a: Walking Wake
|-end|p2a: Walking Wake|Protosynthesis|[silent]
|
|upkeep
|
|t:|1757922580
|switch|p2a: Great Tusk|Great Tusk|23/100
|turn|32
|
|t:|1757922590
|switch|p1a: Heatran|Heatran, M, tera:Flying|23/100
|move|p2a: Great Tusk|Bulk Up|p2a: Great Tusk
|-boost|p2a: Great Tusk|atk|1
|-boost|p2a: Great Tusk|def|1
|
|upkeep
|turn|33
|
|t:|1757922603
|move|p2a: Great Tusk|Ice Spinner|p1a: Heatran
|-supereffective|p1a: Heatran
|-damage|p1a: Heatran|0 fnt
|faint|p1a: Heatran
|
|upkeep
|
|t:|1757922610
|switch|p1a: Lokix|Lokix, F|39/100
|-damage|p1a: Lokix|27/100|[from] Spikes
|turn|34
|
|t:|1757922615
|move|p1a: Lokix|First Impression|p2a: Great Tusk
|-resisted|p2a: Great Tusk
|-damage|p2a: Great Tusk|7/100
|move|p2a: Great Tusk|Ice Spinner|p1a: Lokix
|-damage|p1a: Lokix|0 fnt
|faint|p1a: Lokix
|
|upkeep
|c|☆child of night|Gg
|
|t:|1757922624
|switch|p1a: Clodsire|Clodsire, F|76/100 brn
|-damage|p1a: Clodsire|64/100 brn|[from] Spikes
|turn|35
|
|t:|1757922629
|-terastallize|p2a: Great Tusk|Ghost
|move|p2a: Great Tusk|Headlong Rush|p1a: Clodsire
|-supereffective|p1a: Clodsire
|-damage|p1a: Clodsire|0 fnt
|-unboost|p2a: Great Tusk|def|1
|-unboost|p2a: Great Tusk|spd|1
|faint|p1a: Clodsire
|
|win|child of night
|raw|Mahp860226's rating: 1122 &rarr; <strong>1096</strong><br />(-26 for losing)
|raw|child of night's rating: 1106 &rarr; <strong>1132</strong><br />(+26 for winning)
|l|☆Mahp860226
|player|p1|
