|j|☆jaykingbeatthem
|j|☆Nameless Moron
|t:|1757843879
|gametype|singles
|player|p1|jaykingbeatthem|102|1084
|player|p2|Nameless Moron|unknown|1062
|gen|9
|tier|[Gen 9] OU
|rated|
|rule|HP Percentage Mod: HP is shown in percentages
|rule|Endless Battle Clause: Forcing endless battles is banned
|rule|Species Clause: Limit one of each Pokémon
|rule|OHKO Clause: OHKO moves are banned
|rule|Evasion Items Clause: Evasion items are banned
|rule|Evasion Moves Clause: Evasion moves are banned
|rule|Evasion Abilities Clause: Evasion abilities are banned
|rule|Sleep Moves Clause: Sleep-inducing moves are banned
|clearpoke
|poke|p1|Meowscarada, F|
|poke|p1|Gliscor, F|
|poke|p1|Ting-Lu|
|poke|p1|Iron Treads|
|poke|p1|Kyurem|
|poke|p1|Kingambit, M|
|poke|p2|Rillaboom, M|
|poke|p2|Hatterene, F|
|poke|p2|Great Tusk|
|poke|p2|Ninetales, M|
|poke|p2|Venusaur, M|
|poke|p2|Raging Bolt|
|teampreview
|inactive|Battle timer is ON: inactive players will automatically lose when time's up. (requested by Nameless Moron)
|
|t:|1757843907
|teamsize|p1|6
|teamsize|p2|6
|start
|switch|p1a: Iron Treads|Iron Treads|100/100
|switch|p2a: Hatterene|Hatterene, F|100/100
|-enditem|p1a: Iron Treads|Booster Energy
|-activate|p1a: Iron Treads|ability: Quark Drive|[fromitem]
|-start|p1a: Iron Treads|quarkdrivespe
|turn|1
|
|t:|1757843929
|switch|p2a: Great Tusk|Great Tusk|100/100
|move|p1a: Iron Treads|Steel Beam|p2a: Great Tusk
|-damage|p2a: Great Tusk|30/100
|-damage|p1a: Iron Treads|50/100|[from] steelbeam
|
|upkeep
|turn|2
|inactive|Nameless Moron has 120 seconds left.
|
|t:|1757843952
|-end|p2a: Great Tusk|Protosynthesis|[silent]
|switch|p2a: Ninetales|Ninetales, M|100/100
|-weather|SunnyDay|[from] ability: Drought|[of] p2a: Ninetales
|move|p1a: Iron Treads|Earth Power|p2a: Ninetales
|-supereffective|p2a: Ninetales
|-damage|p2a: Ninetales|40/100
|
|-weather|SunnyDay|[upkeep]
|upkeep
|turn|3
|inactive|Nameless Moron has 120 seconds left.
|
|t:|1757843968
|switch|p2a: Venusaur|Venusaur, M|100/100
|move|p1a: Iron Treads|Earth Power|p2a: Venusaur
|-damage|p2a: Venusaur|66/100
|
|-weather|SunnyDay|[upkeep]
|upkeep
|turn|4
|inactive|Nameless Moron has 120 seconds left.
|
|t:|1757843981
|-end|p1a: Iron Treads|Quark Drive|[silent]
|switch|p1a: Kyurem|Kyurem|100/100
|-ability|p1a: Kyurem|Pressure
|move|p2a: Venusaur|Giga Drain|p1a: Kyurem
|-resisted|p1a: Kyurem
|-damage|p1a: Kyurem|82/100
|-heal|p2a: Venusaur|79/100|[from] drain|[of] p1a: Kyurem
|-damage|p2a: Venusaur|69/100|[from] item: Life Orb
|
|-weather|SunnyDay|[upkeep]
|upkeep
|turn|5
|inactive|Nameless Moron has 120 seconds left.
|inactive|jaykingbeatthem has 120 seconds left.
|
|t:|1757844025
|-terastallize|p2a: Venusaur|Fire
|move|p2a: Venusaur|Weather Ball|p1a: Kyurem
|-crit|p1a: Kyurem
|-damage|p1a: Kyurem|0 fnt
|faint|p1a: Kyurem
|-damage|p2a: Venusaur|59/100|[from] item: Life Orb
|
|-weather|SunnyDay|[upkeep]
|upkeep
|
|t:|1757844034
|switch|p1a: Gliscor|Gliscor, F|100/100
|turn|6
|
|t:|1757844041
|move|p2a: Venusaur|Giga Drain|p1a: Gliscor
|-damage|p1a: Gliscor|62/100
|-heal|p2a: Venusaur|81/100|[from] drain|[of] p1a: Gliscor
|-damage|p2a: Venusaur|71/100|[from] item: Life Orb
|move|p1a: Gliscor|Swords Dance|p1a: Gliscor
|-boost|p1a: Gliscor|atk|2
|
|-weather|SunnyDay|[upkeep]
|-status|p1a: Gliscor|tox|[from] item: Toxic Orb
|upkeep
|turn|7
|
|t:|1757844050
|move|p1a: Gliscor|Protect|p1a: Gliscor
|-singleturn|p1a: Gliscor|Protect
|move|p2a: Venusaur|Growth|p2a: Venusaur
|-boost|p2a: Venusaur|atk|2
|-boost|p2a: Venusaur|spa|2
|
|-weather|SunnyDay|[upkeep]
|-heal|p1a: Gliscor|75/100 tox|[from] ability: Poison Heal
|upkeep
|turn|8
|
|t:|1757844058
|move|p2a: Venusaur|Giga Drain|p1a: Gliscor
|-damage|p1a: Gliscor|0 fnt
|-heal|p2a: Venusaur|100/100|[from] drain|[of] p1a: Gliscor
|faint|p1a: Gliscor
|-damage|p2a: Venusaur|91/100|[from] item: Life Orb
|
|-weather|SunnyDay|[upkeep]
|upkeep
|-message|jaykingbeatthem forfeited.
|
|win|Nameless Moron
|raw|jaykingbeatthem's rating: 1084 &rarr; <strong>1060</strong><br />(-24 for losing)
|raw|Nameless Moron's rating: 1062 &rarr; <strong>1095</strong><br />(+33 for winning)
|l|☆jaykingbeatthem
|player|p1|
