|j|☆A1Randy
|j|☆sneedemnfeedem
|t:|1757918068
|gametype|singles
|player|p1|A1Randy|burglar|1561
|player|p2|sneedemnfeedem|169|1548
|gen|9
|tier|[Gen 9] OU
|rated|
|rule|HP Percentage Mod: HP is shown in percentages
|rule|Endless Battle Clause: Forcing endless battles is banned
|rule|Species Clause: Limit one of each Pokémon
|rule|OHKO Clause: OHKO moves are banned
|rule|Evasion Items Clause: Evasion items are banned
|rule|Evasion Moves Clause: Evasion moves are banned
|rule|Evasion Abilities Clause: Evasion abilities are banned
|rule|Sleep Moves Clause: Sleep-inducing moves are banned
|clearpoke
|poke|p1|Iron Crown|
|poke|p1|Kyurem|
|poke|p1|Dragonite, F|
|poke|p1|Kingambit, M|
|poke|p1|Iron Valiant|
|poke|p1|Hoopa-Unbound|
|poke|p2|Darkrai|
|poke|p2|Kyurem|
|poke|p2|Zamazenta-*|
|poke|p2|Raging Bolt|
|poke|p2|Iron Hands|
|poke|p2|Iron Valiant|
|teampreview
|
|t:|1757918087
|teamsize|p1|6
|teamsize|p2|6
|start
|switch|p1a: Hoopa|Hoopa-Unbound|100/100
|switch|p2a: ChuckEmNFuckEm|Iron Hands|100/100
|turn|1
|
|t:|1757918094
|move|p1a: Hoopa|Psychic|p2a: ChuckEmNFuckEm
|-supereffective|p2a: ChuckEmNFuckEm
|-damage|p2a: ChuckEmNFuckEm|45/100
|move|p2a: ChuckEmNFuckEm|Drain Punch|p1a: Hoopa
|-damage|p1a: Hoopa|16/100
|-heal|p2a: ChuckEmNFuckEm|74/100|[from] drain|[of] p1a: Hoopa
|
|upkeep
|turn|2
|
|t:|1757918099
|move|p1a: Hoopa|Psychic|p2a: ChuckEmNFuckEm
|-supereffective|p2a: ChuckEmNFuckEm
|-damage|p2a: ChuckEmNFuckEm|19/100
|move|p2a: ChuckEmNFuckEm|Drain Punch|p1a: Hoopa
|-damage|p1a: Hoopa|0 fnt
|-heal|p2a: ChuckEmNFuckEm|24/100|[from] drain|[of] p1a: Hoopa
|faint|p1a: Hoopa
|
|upkeep
|
|t:|1757918103
|switch|p1a: Iron Crown|Iron Crown|100/100
|turn|3
|
|t:|1757918107
|move|p1a: Iron Crown|Psychic|p2a: ChuckEmNFuckEm
|-supereffective|p2a: ChuckEmNFuckEm
|-crit|p2a: ChuckEmNFuckEm
|-damage|p2a: ChuckEmNFuckEm|0 fnt
|faint|p2a: ChuckEmNFuckEm
|-end|p2a: ChuckEmNFuckEm|Quark Drive|[silent]
|
|upkeep
|
|t:|1757918114
|switch|p2a: Chuddy J. Cobson|Darkrai|100/100
|turn|4
|
|t:|1757918117
|-end|p1a: Iron Crown|Quark Drive|[silent]
|switch|p1a: Iron Valiant|Iron Valiant, shiny|100/100
|move|p2a: Chuddy J. Cobson|Ice Beam|p1a: Iron Valiant
|-damage|p1a: Iron Valiant|17/100
|-damage|p2a: Chuddy J. Cobson|91/100|[from] item: Life Orb
|
|upkeep
|turn|5
|
|t:|1757918125
|move|p1a: Iron Valiant|Vacuum Wave|p2a: Chuddy J. Cobson
|-supereffective|p2a: Chuddy J. Cobson
|-damage|p2a: Chuddy J. Cobson|12/100
|-damage|p1a: Iron Valiant|7/100|[from] item: Life Orb
|move|p2a: Chuddy J. Cobson|Dark Pulse|p1a: Iron Valiant
|-resisted|p1a: Iron Valiant
|-damage|p1a: Iron Valiant|0 fnt
|faint|p1a: Iron Valiant
|-end|p1a: Iron Valiant|Quark Drive|[silent]
|-damage|p2a: Chuddy J. Cobson|2/100|[from] item: Life Orb
|
|upkeep
|
|t:|1757918127
|switch|p1a: Dragonite|Dragonite, F|100/100
|turn|6
|
|t:|1757918131
|switch|p2a: Zamangione|Zamazenta|100/100
|-ability|p2a: Zamangione|Dauntless Shield|boost
|-boost|p2a: Zamangione|def|1
|move|p1a: Dragonite|Extreme Speed|p2a: Zamangione
|-damage|p2a: Zamangione|82/100
|
|-heal|p2a: Zamangione|88/100|[from] item: Leftovers
|upkeep
|turn|7
|
|t:|1757918137
|move|p2a: Zamangione|Crunch|p1a: Dragonite
|-damage|p1a: Dragonite|88/100
|move|p1a: Dragonite|Air Slash|p2a: Zamangione
|-supereffective|p2a: Zamangione
|-damage|p2a: Zamangione|32/100
|
|-heal|p2a: Zamangione|38/100|[from] item: Leftovers
|upkeep
|turn|8
|
|t:|1757918142
|move|p2a: Zamangione|Body Press|p1a: Dragonite
|-resisted|p1a: Dragonite
|-damage|p1a: Dragonite|63/100
|move|p1a: Dragonite|Air Slash|p2a: Zamangione
|-supereffective|p2a: Zamangione
|-damage|p2a: Zamangione|0 fnt
|faint|p2a: Zamangione
|
|upkeep
|
|t:|1757918145
|switch|p2a: TRUMP 2025|Iron Valiant|100/100
|turn|9
|
|t:|1757918150
|-terastallize|p1a: Dragonite|Normal
|move|p1a: Dragonite|Extreme Speed|p2a: TRUMP 2025
|-damage|p2a: TRUMP 2025|38/100
|move|p2a: TRUMP 2025|Moonblast|p1a: Dragonite
|-damage|p1a: Dragonite|5/100
|
|upkeep
|turn|10
|
|t:|1757918161
|-end|p2a: TRUMP 2025|Quark Drive|[silent]
|switch|p2a: Chuddy J. Cobson|Darkrai|2/100
|move|p1a: Dragonite|Extreme Speed|p2a: Chuddy J. Cobson
|-damage|p2a: Chuddy J. Cobson|0 fnt
|faint|p2a: Chuddy J. Cobson
|
|upkeep
|
|t:|1757918164
|switch|p2a: Plekhanov|Raging Bolt|100/100
|-enditem|p2a: Plekhanov|Booster Energy
|-activate|p2a: Plekhanov|ability: Protosynthesis|[fromitem]
|-start|p2a: Plekhanov|protosynthesisspa
|turn|11
|
|t:|1757918171
|switch|p1a: Kyurem|Kyurem|100/100
|-ability|p1a: Kyurem|Pressure
|move|p2a: Plekhanov|Dragon Pulse|p1a: Kyurem
|-supereffective|p1a: Kyurem
|-damage|p1a: Kyurem|0 fnt
|faint|p1a: Kyurem
|
|upkeep
|
|t:|1757918175
|switch|p1a: Dragonite|Dragonite, F, tera:Normal|5/100
|turn|12
|
|t:|1757918182
|move|p1a: Dragonite|Scale Shot|p2a: Plekhanov
|-supereffective|p2a: Plekhanov
|-damage|p2a: Plekhanov|77/100
|-supereffective|p2a: Plekhanov
|-damage|p2a: Plekhanov|56/100
|-supereffective|p2a: Plekhanov
|-damage|p2a: Plekhanov|32/100
|-supereffective|p2a: Plekhanov
|-damage|p2a: Plekhanov|10/100
|-hitcount|p2a: Plekhanov|4
|-unboost|p1a: Dragonite|def|1
|-boost|p1a: Dragonite|spe|1
|move|p2a: Plekhanov|Dragon Pulse|p1a: Dragonite
|-damage|p1a: Dragonite|0 fnt
|faint|p1a: Dragonite
|
|upkeep
|
|t:|1757918192
|switch|p1a: Iron Crown|Iron Crown|100/100
|turn|13
|
|t:|1757918198
|move|p2a: Plekhanov|Thunderclap|p1a: Iron Crown
|-damage|p1a: Iron Crown|46/100
|move|p1a: Iron Crown|Tachyon Cutter|p2a: Plekhanov
|-resisted|p2a: Plekhanov
|-damage|p2a: Plekhanov|0 fnt
|faint|p2a: Plekhanov
|-end|p2a: Plekhanov|Protosynthesis|[silent]
|-hitcount|p2: Plekhanov|1
|
|upkeep
|inactive|Battle timer is ON: inactive players will automatically lose when time's up. (requested by A1Randy)
|
|t:|1757918206
|switch|p2a: TRUMP 2025|Iron Valiant|38/100
|turn|14
|
|t:|1757918209
|move|p1a: Iron Crown|Tachyon Cutter|p2a: TRUMP 2025
|-supereffective|p2a: TRUMP 2025
|-damage|p2a: TRUMP 2025|0 fnt
|faint|p2a: TRUMP 2025
|-end|p2a: TRUMP 2025|Quark Drive|[silent]
|-hitcount|p2: TRUMP 2025|1
|
|upkeep
|
|t:|1757918211
|switch|p2a: Ronald W. Reagan|Kyurem|100/100
|-ability|p2a: Ronald W. Reagan|Pressure
|turn|15
|
|t:|1757918215
|-terastallize|p2a: Ronald W. Reagan|Ground
|move|p1a: Iron Crown|Tachyon Cutter|p2a: Ronald W. Reagan
|-crit|p2a: Ronald W. Reagan
|-damage|p2a: Ronald W. Reagan|62/100
|-damage|p2a: Ronald W. Reagan|35/100
|-hitcount|p2a: Ronald W. Reagan|2
|move|p2a: Ronald W. Reagan|Dragon Dance|p2a: Ronald W. Reagan
|-boost|p2a: Ronald W. Reagan|atk|1
|-boost|p2a: Ronald W. Reagan|spe|1
|
|upkeep
|turn|16
|
|t:|1757918219
|move|p1a: Iron Crown|Tachyon Cutter|p2a: Ronald W. Reagan
|-damage|p2a: Ronald W. Reagan|8/100
|-damage|p2a: Ronald W. Reagan|0 fnt
|faint|p2a: Ronald W. Reagan
|-hitcount|p2: Ronald W. Reagan|2
|
|win|A1Randy
|raw|A1Randy's rating: 1561 &rarr; <strong>1580</strong><br />(+19 for winning)
|raw|sneedemnfeedem's rating: 1548 &rarr; <strong>1529</strong><br />(-19 for losing)
|l|☆sneedemnfeedem
|player|p2|
|l|☆A1Randy
|player|p1|
