|j|☆NastyMcAllisters
|j|‽Victornya
|t:|1757831934
|gametype|singles
|player|p1|NastyMcAllisters|bugsy|1227
|player|p2|Victornya|parasollady-gen4|1235
|gen|9
|tier|[Gen 9] OU
|rated|
|rule|HP Percentage Mod: HP is shown in percentages
|rule|Endless Battle Clause: Forcing endless battles is banned
|rule|Species Clause: Limit one of each Pokémon
|rule|OHKO Clause: OHKO moves are banned
|rule|Evasion Items Clause: Evasion items are banned
|rule|Evasion Moves Clause: Evasion moves are banned
|rule|Evasion Abilities Clause: Evasion abilities are banned
|rule|Sleep Moves Clause: Sleep-inducing moves are banned
|clearpoke
|poke|p1|Zapdos-Galar|
|poke|p1|Alomomola, F|
|poke|p1|Lokix, F|
|poke|p1|Cinderace, F|
|poke|p1|Enamorus, F|
|poke|p1|Slowking-Galar, M|
|poke|p2|Ogerpon-Cornerstone, F|
|poke|p2|Dragapult, F|
|poke|p2|Slither Wing|
|poke|p2|Moltres|
|poke|p2|Great Tusk|
|poke|p2|Rillaboom, F|
|teampreview
|inactive|Battle timer is ON: inactive players will automatically lose when time's up. (requested by Victornya)
|
|t:|1757831954
|teamsize|p1|6
|teamsize|p2|6
|start
|switch|p1a: Fish Pass|Alomomola, F|100/100
|switch|p2a: Slither Wing|Slither Wing|100/100
|turn|1
|
|t:|1757831962
|move|p2a: Slither Wing|U-turn|p1a: Fish Pass
|-damage|p1a: Fish Pass|67/100
|
|t:|1757831970
|-end|p2a: Slither Wing|Protosynthesis|[silent]
|switch|p2a: Rillaboom|Rillaboom, F|100/100|[from] U-turn
|-fieldstart|move: Grassy Terrain|[from] ability: Grassy Surge|[of] p2a: Rillaboom
|move|p1a: Fish Pass|Scald|p2a: Rillaboom
|-resisted|p2a: Rillaboom
|-damage|p2a: Rillaboom|93/100
|
|-heal|p2a: Rillaboom|99/100|[from] Grassy Terrain
|-heal|p1a: Fish Pass|74/100|[from] Grassy Terrain
|upkeep
|turn|2
|inactive|NastyMcAllisters has 120 seconds left.
|
|t:|1757832002
|switch|p1a: Zapdos-Kanto|Zapdos-Galar, shiny|100/100
|move|p2a: Rillaboom|Knock Off|p1a: Zapdos-Kanto
|-resisted|p1a: Zapdos-Kanto
|-damage|p1a: Zapdos-Kanto|80/100
|-enditem|p1a: Zapdos-Kanto|Leftovers|[from] move: Knock Off|[of] p2a: Rillaboom
|
|-heal|p2a: Rillaboom|100/100|[from] Grassy Terrain
|upkeep
|turn|3
|inactive|NastyMcAllisters has 120 seconds left.
|
|t:|1757832014
|move|p1a: Zapdos-Kanto|Agility|p1a: Zapdos-Kanto
|-boost|p1a: Zapdos-Kanto|spe|2
|move|p2a: Rillaboom|U-turn|p1a: Zapdos-Kanto
|-resisted|p1a: Zapdos-Kanto
|-damage|p1a: Zapdos-Kanto|73/100
|
|t:|1757832020
|switch|p2a: Moltres|Moltres|100/100|[from] U-turn
|
|upkeep
|turn|4
|
|t:|1757832032
|move|p1a: Zapdos-Kanto|Brave Bird|p2a: Moltres
|-damage|p2a: Moltres|51/100
|-status|p1a: Zapdos-Kanto|brn|[from] ability: Flame Body|[of] p2a: Moltres
|-damage|p1a: Zapdos-Kanto|55/100 brn|[from] Recoil
|move|p2a: Moltres|Roar|p1a: Zapdos-Kanto
|drag|p1a: Lupin|Cinderace, F|100/100
|
|upkeep
|turn|5
|
|t:|1757832042
|move|p1a: Lupin|U-turn|p2a: Moltres
|-start|p1a: Lupin|typechange|Bug|[from] ability: Libero
|-resisted|p2a: Moltres
|-damage|p2a: Moltres|47/100
|
|t:|1757832048
|switch|p1a: Fish Pass|Alomomola, F|100/100|[from] U-turn
|move|p2a: Moltres|Roost|p2a: Moltres
|-heal|p2a: Moltres|97/100
|-singleturn|p2a: Moltres|move: Roost
|
|-heal|p2a: Moltres|100/100|[from] Grassy Terrain
|upkeep
|turn|6
|
|t:|1757832056
|move|p2a: Moltres|U-turn|p1a: Fish Pass
|-damage|p1a: Fish Pass|88/100
|
|t:|1757832060
|switch|p2a: Rillaboom|Rillaboom, F|100/100|[from] U-turn
|move|p1a: Fish Pass|Scald|p2a: Rillaboom
|-resisted|p2a: Rillaboom
|-damage|p2a: Rillaboom|93/100
|-status|p2a: Rillaboom|brn
|
|-heal|p2a: Rillaboom|99/100 brn|[from] Grassy Terrain
|-heal|p1a: Fish Pass|95/100|[from] Grassy Terrain
|-damage|p2a: Rillaboom|93/100 brn|[from] brn
|upkeep
|turn|7
|
|t:|1757832070
|move|p2a: Rillaboom|Knock Off|p1a: Fish Pass
|-damage|p1a: Fish Pass|81/100
|-enditem|p1a: Fish Pass|Heavy-Duty Boots|[from] move: Knock Off|[of] p2a: Rillaboom
|move|p1a: Fish Pass|Flip Turn|p2a: Rillaboom
|-resisted|p2a: Rillaboom
|-damage|p2a: Rillaboom|85/100 brn
|
|t:|1757832079
|switch|p1a: Glowking|Slowking-Galar, M|100/100|[from] Flip Turn
|
|-heal|p2a: Rillaboom|91/100 brn|[from] Grassy Terrain
|-damage|p2a: Rillaboom|85/100 brn|[from] brn
|upkeep
|turn|8
|
|t:|1757832086
|move|p2a: Rillaboom|U-turn|p1a: Glowking
|-damage|p1a: Glowking|91/100
|
|t:|1757832088
|switch|p2a: Great Tusk|Great Tusk|100/100|[from] U-turn
|move|p1a: Glowking|Flamethrower|p2a: Great Tusk
|-damage|p2a: Great Tusk|68/100
|
|-heal|p2a: Great Tusk|74/100|[from] Grassy Terrain
|-heal|p1a: Glowking|97/100|[from] Grassy Terrain
|-fieldend|move: Grassy Terrain
|upkeep
|turn|9
|
|t:|1757832099
|move|p2a: Great Tusk|Stealth Rock|p1a: Glowking
|-sidestart|p1: NastyMcAllisters|move: Stealth Rock
|move|p1a: Glowking|Future Sight|p2a: Great Tusk
|-start|p1a: Glowking|move: Future Sight
|
|upkeep
|turn|10
|
|t:|1757832106
|move|p2a: Great Tusk|Headlong Rush|p1a: Glowking
|-supereffective|p1a: Glowking
|-enditem|p1a: Glowking|Shuca Berry|[eat]
|-enditem|p1a: Glowking|Shuca Berry|[weaken]
|-damage|p1a: Glowking|51/100
|-unboost|p2a: Great Tusk|def|1
|-unboost|p2a: Great Tusk|spd|1
|-prepare|p1a: Glowking|Chilly Reception|[premajor]
|move|p1a: Glowking|Chilly Reception|p1a: Glowking
|-weather|Snowscape
|
|t:|1757832118
|switch|p1a: Lupin|Cinderace, F|100/100|[from] Chilly Reception
|
|-weather|Snowscape|[upkeep]
|upkeep
|turn|11
|
|t:|1757832125
|-end|p2a: Great Tusk|Protosynthesis|[silent]
|switch|p2a: Moltres|Moltres|100/100
|move|p1a: Lupin|Will-O-Wisp|p2a: Moltres
|-immune|p2a: Moltres
|
|-weather|Snowscape|[upkeep]
|-end|p2a: Moltres|move: Future Sight
|-damage|p2a: Moltres|52/100
|upkeep
|turn|12
|
|t:|1757832134
|move|p1a: Lupin|Court Change|p1a: Lupin
|-start|p1a: Lupin|typechange|Normal|[from] ability: Libero
|-swapsideconditions
|-activate|p1a: Lupin|move: Court Change
|move|p2a: Moltres|Roost|p2a: Moltres
|-heal|p2a: Moltres|100/100
|-singleturn|p2a: Moltres|move: Roost
|
|-weather|Snowscape|[upkeep]
|upkeep
|turn|13
|
|t:|1757832141
|move|p1a: Lupin|U-turn|p2a: Moltres
|-resisted|p2a: Moltres
|-damage|p2a: Moltres|98/100
|-status|p1a: Lupin|brn|[from] ability: Flame Body|[of] p2a: Moltres
|
|t:|1757832150
|switch|p1a: Fish Pass|Alomomola, F|100/100|[from] U-turn
|move|p2a: Moltres|Flamethrower|p1a: Fish Pass
|-resisted|p1a: Fish Pass
|-damage|p1a: Fish Pass|87/100
|
|-weather|Snowscape|[upkeep]
|upkeep
|turn|14
|
|t:|1757832160
|move|p2a: Moltres|U-turn|p1a: Fish Pass
|-damage|p1a: Fish Pass|77/100
|
|t:|1757832163
|switch|p2a: Rillaboom|Rillaboom, F|85/100 brn|[from] U-turn
|-damage|p2a: Rillaboom|72/100 brn|[from] Stealth Rock
|-fieldstart|move: Grassy Terrain|[from] ability: Grassy Surge|[of] p2a: Rillaboom
|move|p1a: Fish Pass|Scald|p2a: Rillaboom
|-resisted|p2a: Rillaboom
|-damage|p2a: Rillaboom|64/100 brn
|
|-weather|none
|-heal|p2a: Rillaboom|70/100 brn|[from] Grassy Terrain
|-heal|p1a: Fish Pass|83/100|[from] Grassy Terrain
|-damage|p2a: Rillaboom|64/100 brn|[from] brn
|upkeep
|turn|15
|
|t:|1757832176
|move|p2a: Rillaboom|U-turn|p1a: Fish Pass
|-damage|p1a: Fish Pass|74/100
|
|t:|1757832179
|switch|p2a: Dragapult|Dragapult, F|100/100|[from] U-turn
|move|p1a: Fish Pass|Wish|p1a: Fish Pass
|
|-heal|p1a: Fish Pass|80/100|[from] Grassy Terrain
|upkeep
|turn|16
|
|t:|1757832185
|move|p2a: Dragapult|Will-O-Wisp|p1a: Fish Pass|[miss]
|-miss|p2a: Dragapult|p1a: Fish Pass
|move|p1a: Fish Pass|Flip Turn|p2a: Dragapult
|-resisted|p2a: Dragapult
|-damage|p2a: Dragapult|89/100
|
|t:|1757832194
|switch|p1a: Lando T|Enamorus, F|100/100|[from] Flip Turn
|
|-heal|p2a: Dragapult|95/100|[from] Grassy Terrain
|upkeep
|turn|17
|
|t:|1757832208
|move|p1a: Lando T|Moonblast|p2a: Dragapult
|-supereffective|p2a: Dragapult
|-crit|p2a: Dragapult
|-damage|p2a: Dragapult|0 fnt
|faint|p2a: Dragapult
|
|upkeep
|
|t:|1757832223
|switch|p2a: Moltres|Moltres|98/100
|turn|18
|
|t:|1757832236
|move|p1a: Lando T|Moonblast|p2a: Moltres
|-resisted|p2a: Moltres
|-damage|p2a: Moltres|70/100
|-unboost|p2a: Moltres|spa|1
|move|p2a: Moltres|Flamethrower|p1a: Lando T
|-damage|p1a: Lando T|65/100
|
|upkeep
|turn|19
|
|t:|1757832247
|move|p1a: Lando T|Moonblast|p2a: Moltres
|-resisted|p2a: Moltres
|-damage|p2a: Moltres|40/100
|move|p2a: Moltres|Flamethrower|p1a: Lando T
|-damage|p1a: Lando T|30/100
|
|upkeep
|turn|20
|
|t:|1757832256
|switch|p1a: Fish Pass|Alomomola, F|100/100
|move|p2a: Moltres|Roost|p2a: Moltres
|-heal|p2a: Moltres|90/100
|-singleturn|p2a: Moltres|move: Roost
|
|-heal|p2a: Moltres|96/100|[from] Grassy Terrain
|upkeep
|turn|21
|
|t:|1757832267
|move|p2a: Moltres|U-turn|p1a: Fish Pass
|-damage|p1a: Fish Pass|89/100
|
|t:|1757832272
|switch|p2a: Rillaboom|Rillaboom, F|64/100 brn|[from] U-turn
|-damage|p2a: Rillaboom|52/100 brn|[from] Stealth Rock
|move|p1a: Fish Pass|Wish|p1a: Fish Pass
|
|-heal|p2a: Rillaboom|58/100 brn|[from] Grassy Terrain
|-heal|p1a: Fish Pass|95/100|[from] Grassy Terrain
|-damage|p2a: Rillaboom|52/100 brn|[from] brn
|-fieldend|move: Grassy Terrain
|upkeep
|turn|22
|
|t:|1757832281
|move|p2a: Rillaboom|U-turn|p1a: Fish Pass
|-damage|p1a: Fish Pass|85/100
|
|t:|1757832286
|switch|p2a: Great Tusk|Great Tusk|74/100|[from] U-turn
|move|p1a: Fish Pass|Flip Turn|p2a: Great Tusk
|-supereffective|p2a: Great Tusk
|-damage|p2a: Great Tusk|51/100
|
|t:|1757832299
|switch|p1a: Glowkix|Lokix, F|100/100|[from] Flip Turn
|
|upkeep
|turn|23
|
|t:|1757832308
|move|p1a: Glowkix|First Impression|p2a: Great Tusk
|-resisted|p2a: Great Tusk
|-damage|p2a: Great Tusk|6/100
|move|p2a: Great Tusk|Rapid Spin|p1a: Glowkix
|-damage|p1a: Glowkix|74/100
|-boost|p2a: Great Tusk|spe|1
|-sideend|p2: Victornya|Stealth Rock|[from] move: Rapid Spin|[of] p2a: Great Tusk
|
|upkeep
|turn|24
|
|t:|1757832318
|switch|p1a: Fish Pass|Alomomola, F|100/100
|move|p2a: Great Tusk|Stealth Rock|p1a: Fish Pass
|-sidestart|p1: NastyMcAllisters|move: Stealth Rock
|
|upkeep
|turn|25
|
|t:|1757832330
|-end|p2a: Great Tusk|Protosynthesis|[silent]
|switch|p2a: Rillaboom|Rillaboom, F|52/100 brn
|-fieldstart|move: Grassy Terrain|[from] ability: Grassy Surge|[of] p2a: Rillaboom
|move|p1a: Fish Pass|Wish|p1a: Fish Pass
|
|-heal|p2a: Rillaboom|58/100 brn|[from] Grassy Terrain
|-damage|p2a: Rillaboom|52/100 brn|[from] brn
|upkeep
|turn|26
|
|t:|1757832339
|move|p2a: Rillaboom|U-turn|p1a: Fish Pass
|-damage|p1a: Fish Pass|91/100
|
|t:|1757832342
|switch|p2a: Ogerpon|Ogerpon-Cornerstone, F|100/100|[from] U-turn
|move|p1a: Fish Pass|Flip Turn|p2a: Ogerpon
|-damage|p2a: Ogerpon|78/100
|
|t:|1757832361
|switch|p1a: Glowkix|Lokix, F|74/100|[from] Flip Turn
|-damage|p1a: Glowkix|49/100|[from] Stealth Rock
|
|-heal|p1a: Glowkix|100/100|[from] move: Wish|[wisher] Fish Pass
|-heal|p2a: Ogerpon|84/100|[from] Grassy Terrain
|upkeep
|turn|27
|
|t:|1757832375
|-terastallize|p2a: Ogerpon|Rock
|detailschange|p2a: Ogerpon|Ogerpon-Cornerstone-Tera, F, tera:Rock
|-ability|p2a: Ogerpon|Embody Aspect (Cornerstone)|boost
|-boost|p2a: Ogerpon|def|1
|move|p1a: Glowkix|First Impression|p2a: Ogerpon
|-damage|p2a: Ogerpon|23/100
|move|p2a: Ogerpon|Ivy Cudgel|p1a: Glowkix|[anim] Ivy Cudgel Rock
|-supereffective|p1a: Glowkix
|-damage|p1a: Glowkix|0 fnt
|faint|p1a: Glowkix
|
|-heal|p2a: Ogerpon|29/100|[from] Grassy Terrain
|upkeep
|
|t:|1757832388
|switch|p1a: Fish Pass|Alomomola, F|100/100
|-damage|p1a: Fish Pass|88/100|[from] Stealth Rock
|turn|28
|
|t:|1757832396
|switch|p2a: Rillaboom|Rillaboom, F|52/100 brn
|move|p1a: Fish Pass|Wish|p1a: Fish Pass
|
|-heal|p2a: Rillaboom|58/100 brn|[from] Grassy Terrain
|-heal|p1a: Fish Pass|94/100|[from] Grassy Terrain
|-damage|p2a: Rillaboom|52/100 brn|[from] brn
|upkeep
|turn|29
|
|t:|1757832405
|move|p2a: Rillaboom|U-turn|p1a: Fish Pass
|-damage|p1a: Fish Pass|84/100
|
|t:|1757832408
|switch|p2a: Slither Wing|Slither Wing|100/100|[from] U-turn
|move|p1a: Fish Pass|Flip Turn|p2a: Slither Wing
|-damage|p2a: Slither Wing|79/100
|
|t:|1757832417
|switch|p1a: Lupin|Cinderace, F|100/100 brn|[from] Flip Turn
|
|-heal|p2a: Slither Wing|85/100|[from] Grassy Terrain
|-damage|p1a: Lupin|94/100 brn|[from] brn
|upkeep
|turn|30
|
|t:|1757832427
|move|p1a: Lupin|Will-O-Wisp|p2a: Slither Wing
|-status|p2a: Slither Wing|brn
|move|p2a: Slither Wing|Close Combat|p1a: Lupin
|-damage|p1a: Lupin|52/100 brn
|-unboost|p2a: Slither Wing|def|1
|-unboost|p2a: Slither Wing|spd|1
|
|-heal|p1a: Lupin|58/100 brn|[from] Grassy Terrain
|-heal|p2a: Slither Wing|91/100 brn|[from] Grassy Terrain
|-damage|p1a: Lupin|52/100 brn|[from] brn
|-damage|p2a: Slither Wing|85/100 brn|[from] brn
|upkeep
|turn|31
|
|t:|1757832438
|-end|p2a: Slither Wing|Protosynthesis|[silent]
|switch|p2a: Rillaboom|Rillaboom, F|52/100 brn
|move|p1a: Lupin|Pyro Ball|p2a: Rillaboom
|-supereffective|p2a: Rillaboom
|-damage|p2a: Rillaboom|7/100 brn
|
|-heal|p1a: Lupin|58/100 brn|[from] Grassy Terrain
|-heal|p2a: Rillaboom|13/100 brn|[from] Grassy Terrain
|-damage|p1a: Lupin|52/100 brn|[from] brn
|-damage|p2a: Rillaboom|7/100 brn|[from] brn
|upkeep
|turn|32
|
|t:|1757832448
|switch|p2a: Moltres|Moltres|96/100
|move|p1a: Lupin|U-turn|p2a: Moltres
|-start|p1a: Lupin|typechange|Bug|[from] ability: Libero
|-resisted|p2a: Moltres
|-damage|p2a: Moltres|93/100
|
|t:|1757832455
|switch|p1a: Fish Pass|Alomomola, F|100/100|[from] U-turn
|-damage|p1a: Fish Pass|88/100|[from] Stealth Rock
|
|-heal|p1a: Fish Pass|94/100|[from] Grassy Terrain
|-fieldend|move: Grassy Terrain
|upkeep
|turn|33
|
|t:|1757832463
|move|p2a: Moltres|Flamethrower|p1a: Fish Pass
|-resisted|p1a: Fish Pass
|-damage|p1a: Fish Pass|80/100
|move|p1a: Fish Pass|Wish|p1a: Fish Pass
|
|upkeep
|turn|34
|
|t:|1757832468
|move|p2a: Moltres|Flamethrower|p1a: Fish Pass
|-resisted|p1a: Fish Pass
|-damage|p1a: Fish Pass|67/100
|move|p1a: Fish Pass|Scald|p2a: Moltres
|-supereffective|p2a: Moltres
|-damage|p2a: Moltres|65/100
|
|-heal|p1a: Fish Pass|100/100|[from] move: Wish|[wisher] Fish Pass
|upkeep
|turn|35
|
|t:|1757832481
|move|p2a: Moltres|Flamethrower|p1a: Fish Pass
|-resisted|p1a: Fish Pass
|-damage|p1a: Fish Pass|86/100
|move|p1a: Fish Pass|Wish|p1a: Fish Pass
|
|upkeep
|turn|36
|
|t:|1757832486
|move|p2a: Moltres|Flamethrower|p1a: Fish Pass
|-resisted|p1a: Fish Pass
|-damage|p1a: Fish Pass|72/100
|move|p1a: Fish Pass|Scald|p2a: Moltres
|-supereffective|p2a: Moltres
|-crit|p2a: Moltres
|-damage|p2a: Moltres|22/100
|
|-heal|p1a: Fish Pass|100/100|[from] move: Wish|[wisher] Fish Pass
|upkeep
|turn|37
|
|t:|1757832495
|move|p2a: Moltres|Roost|p2a: Moltres
|-heal|p2a: Moltres|73/100
|-singleturn|p2a: Moltres|move: Roost
|move|p1a: Fish Pass|Scald|p2a: Moltres
|-supereffective|p2a: Moltres
|-damage|p2a: Moltres|42/100
|
|upkeep
|turn|38
|
|t:|1757832502
|move|p2a: Moltres|Flamethrower|p1a: Fish Pass
|-resisted|p1a: Fish Pass
|-crit|p1a: Fish Pass
|-damage|p1a: Fish Pass|81/100
|move|p1a: Fish Pass|Scald|p2a: Moltres
|-supereffective|p2a: Moltres
|-damage|p2a: Moltres|14/100
|
|upkeep
|turn|39
|
|t:|1757832510
|move|p2a: Moltres|Roost|p2a: Moltres
|-heal|p2a: Moltres|64/100
|-singleturn|p2a: Moltres|move: Roost
|move|p1a: Fish Pass|Scald|p2a: Moltres
|-supereffective|p2a: Moltres
|-damage|p2a: Moltres|34/100
|
|upkeep
|turn|40
|
|t:|1757832517
|move|p2a: Moltres|U-turn|p1a: Fish Pass
|-damage|p1a: Fish Pass|70/100
|
|t:|1757832521
|switch|p2a: Rillaboom|Rillaboom, F|7/100 brn|[from] U-turn
|-fieldstart|move: Grassy Terrain|[from] ability: Grassy Surge|[of] p2a: Rillaboom
|move|p1a: Fish Pass|Scald|p2a: Rillaboom
|-resisted|p2a: Rillaboom
|-damage|p2a: Rillaboom|0 fnt
|faint|p2a: Rillaboom
|
|-heal|p1a: Fish Pass|76/100|[from] Grassy Terrain
|upkeep
|
|t:|1757832528
|switch|p2a: Ogerpon|Ogerpon-Cornerstone-Tera, F, tera:Rock|29/100
|-ability|p2a: Ogerpon|Embody Aspect (Cornerstone)|boost
|-boost|p2a: Ogerpon|def|1
|turn|41
|
|t:|1757832534
|move|p2a: Ogerpon|Grassy Glide|p1a: Fish Pass
|-supereffective|p1a: Fish Pass
|-damage|p1a: Fish Pass|15/100
|move|p1a: Fish Pass|Scald|p2a: Ogerpon
|-supereffective|p2a: Ogerpon
|-damage|p2a: Ogerpon|0 fnt
|faint|p2a: Ogerpon
|detailschange|p2: Ogerpon|Ogerpon-Cornerstone, F|[silent]
|
|-heal|p1a: Fish Pass|21/100|[from] Grassy Terrain
|upkeep
|
|t:|1757832543
|switch|p2a: Slither Wing|Slither Wing|85/100 brn
|turn|42
|
|t:|1757832547
|move|p1a: Fish Pass|Protect|p1a: Fish Pass
|-singleturn|p1a: Fish Pass|Protect
|move|p2a: Slither Wing|First Impression|p1a: Fish Pass
|-activate|p1a: Fish Pass|move: Protect
|
|-heal|p2a: Slither Wing|91/100 brn|[from] Grassy Terrain
|-heal|p1a: Fish Pass|27/100|[from] Grassy Terrain
|-damage|p2a: Slither Wing|85/100 brn|[from] brn
|upkeep
|turn|43
|
|t:|1757832556
|move|p2a: Slither Wing|Close Combat|p1a: Fish Pass
|-damage|p1a: Fish Pass|1/100
|-unboost|p2a: Slither Wing|def|1
|-unboost|p2a: Slither Wing|spd|1
|move|p1a: Fish Pass|Wish|p1a: Fish Pass
|
|-heal|p2a: Slither Wing|91/100 brn|[from] Grassy Terrain
|-heal|p1a: Fish Pass|7/100|[from] Grassy Terrain
|-damage|p2a: Slither Wing|85/100 brn|[from] brn
|upkeep
|turn|44
|inactive|NastyMcAllisters has 120 seconds left.
|
|t:|1757832589
|move|p1a: Fish Pass|Protect|p1a: Fish Pass
|-singleturn|p1a: Fish Pass|Protect
|move|p2a: Slither Wing|U-turn|p1a: Fish Pass
|-activate|p1a: Fish Pass|move: Protect
|
|-heal|p1a: Fish Pass|57/100|[from] move: Wish|[wisher] Fish Pass
|-heal|p2a: Slither Wing|91/100 brn|[from] Grassy Terrain
|-heal|p1a: Fish Pass|63/100|[from] Grassy Terrain
|-damage|p2a: Slither Wing|85/100 brn|[from] brn
|upkeep
|turn|45
|inactive|NastyMcAllisters has 120 seconds left.
|
|t:|1757832604
|move|p2a: Slither Wing|U-turn|p1a: Fish Pass
|-damage|p1a: Fish Pass|47/100
|
|t:|1757832607
|-end|p2a: Slither Wing|Protosynthesis|[silent]
|switch|p2a: Moltres|Moltres|34/100|[from] U-turn
|move|p1a: Fish Pass|Wish|p1a: Fish Pass
|
|-heal|p1a: Fish Pass|53/100|[from] Grassy Terrain
|upkeep
|turn|46
|
|t:|1757832613
|move|p2a: Moltres|Roost|p2a: Moltres
|-heal|p2a: Moltres|84/100
|-singleturn|p2a: Moltres|move: Roost
|move|p1a: Fish Pass|Scald|p2a: Moltres
|-supereffective|p2a: Moltres
|-damage|p2a: Moltres|57/100
|
|-heal|p1a: Fish Pass|100/100|[from] move: Wish|[wisher] Fish Pass
|-heal|p2a: Moltres|63/100|[from] Grassy Terrain
|upkeep
|turn|47
|
|t:|1757832623
|move|p2a: Moltres|Flamethrower|p1a: Fish Pass
|-resisted|p1a: Fish Pass
|-damage|p1a: Fish Pass|88/100
|move|p1a: Fish Pass|Scald|p2a: Moltres
|-supereffective|p2a: Moltres
|-damage|p2a: Moltres|37/100
|
|-heal|p1a: Fish Pass|94/100|[from] Grassy Terrain
|-fieldend|move: Grassy Terrain
|upkeep
|turn|48
|
|t:|1757832631
|move|p2a: Moltres|U-turn|p1a: Fish Pass
|-damage|p1a: Fish Pass|83/100
|
|t:|1757832634
|switch|p2a: Slither Wing|Slither Wing|85/100 brn|[from] U-turn
|move|p1a: Fish Pass|Scald|p2a: Slither Wing
|-damage|p2a: Slither Wing|75/100 brn
|
|-damage|p2a: Slither Wing|69/100 brn|[from] brn
|upkeep
|turn|49
|
|t:|1757832642
|-end|p2a: Slither Wing|Protosynthesis|[silent]
|switch|p2a: Moltres|Moltres|37/100
|move|p1a: Fish Pass|Wish|p1a: Fish Pass
|
|upkeep
|turn|50
|-message|Victornya forfeited.
|
|win|NastyMcAllisters
|raw|NastyMcAllisters's rating: 1227 &rarr; <strong>1253</strong><br />(+26 for winning)
|raw|Victornya's rating: 1235 &rarr; <strong>1209</strong><br />(-26 for losing)
|l|‽Victornya
|player|p2|
|c|☆NastyMcAllisters|gg
