|j|☆navaja73
|j|☆hrheben
|t:|1757865358
|gametype|singles
|player|p1|navaja73|dancer|1000
|player|p2|hrheben|265|1000
|gen|9
|tier|[Gen 9] OU
|rated|
|rule|HP Percentage Mod: HP is shown in percentages
|rule|Endless Battle Clause: Forcing endless battles is banned
|rule|Species Clause: Limit one of each Pokémon
|rule|OHKO Clause: OHKO moves are banned
|rule|Evasion Items Clause: Evasion items are banned
|rule|Evasion Moves Clause: Evasion moves are banned
|rule|Evasion Abilities Clause: Evasion abilities are banned
|rule|Sleep Moves Clause: Sleep-inducing moves are banned
|clearpoke
|poke|p1|Greninja-*, M|
|poke|p1|Metagross|
|poke|p1|Venusaur, F|
|poke|p1|Conkeldurr, M|
|poke|p1|Zapdos|
|poke|p1|Ursaluna, M|
|poke|p2|Quaquaval, M|
|poke|p2|Meowscarada, M|
|poke|p2|Skeledirge, M|
|poke|p2|Raichu, F|
|poke|p2|Malamar, M|
|poke|p2|Enamorus, F|
|teampreview
|
|t:|1757865366
|teamsize|p1|6
|teamsize|p2|6
|start
|switch|p1a: Ursaluna|Ursaluna, M|100/100
|switch|p2a: Enamorus|Enamorus, F|100/100
|turn|1
|
|t:|1757865377
|switch|p2a: Skeledirge|Skeledirge, M|100/100
|move|p1a: Ursaluna|Bulk Up|p1a: Ursaluna
|-boost|p1a: Ursaluna|atk|1
|-boost|p1a: Ursaluna|def|1
|
|upkeep
|turn|2
|
|t:|1757865392
|switch|p2a: Enamorus|Enamorus, F|100/100
|move|p1a: Ursaluna|Bulk Up|p1a: Ursaluna
|-boost|p1a: Ursaluna|atk|1
|-boost|p1a: Ursaluna|def|1
|
|upkeep
|turn|3
|
|t:|1757865403
|move|p2a: Enamorus|Tailwind|p2a: Enamorus
|-sidestart|p2: hrheben|move: Tailwind
|move|p1a: Ursaluna|Earthquake|p2a: Enamorus
|-immune|p2a: Enamorus
|
|upkeep
|turn|4
|
|t:|1757865415
|move|p2a: Enamorus|Protect|p2a: Enamorus
|-singleturn|p2a: Enamorus|Protect
|move|p1a: Ursaluna|Facade|p2a: Enamorus
|-activate|p2a: Enamorus|move: Protect
|
|upkeep
|turn|5
|
|t:|1757865429
|switch|p2a: Skeledirge|Skeledirge, M|100/100
|move|p1a: Ursaluna|Facade|p2a: Skeledirge
|-immune|p2a: Skeledirge
|
|upkeep
|turn|6
|
|t:|1757865436
|switch|p2a: Enamorus|Enamorus, F|100/100
|move|p1a: Ursaluna|Earthquake|p2a: Enamorus
|-immune|p2a: Enamorus
|
|-sideend|p2: hrheben|move: Tailwind
|upkeep
|turn|7
|
|t:|1757865447
|move|p2a: Enamorus|Calm Mind|p2a: Enamorus
|-unboost|p2a: Enamorus|spa|1
|-unboost|p2a: Enamorus|spd|1
|move|p1a: Ursaluna|Facade|p2a: Enamorus
|-damage|p2a: Enamorus|0 fnt
|faint|p2a: Enamorus
|-damage|p1a: Ursaluna|91/100|[from] item: Life Orb
|
|upkeep
|
|t:|1757865460
|switch|p2a: Quaquaval|Quaquaval, M|100/100
|turn|8
|
|t:|1757865474
|switch|p1a: Metagross|Metagross|100/100
|-terastallize|p2a: Quaquaval|Water
|move|p2a: Quaquaval|Aqua Step|p1a: Metagross
|-damage|p1a: Metagross|30/100
|-boost|p2a: Quaquaval|spe|1
|
|-heal|p1a: Metagross|36/100|[from] item: Leftovers
|upkeep
|turn|9
|
|t:|1757865500
|move|p2a: Quaquaval|Aqua Step|p1a: Metagross
|-crit|p1a: Metagross
|-damage|p1a: Metagross|0 fnt
|-boost|p2a: Quaquaval|spe|1
|faint|p1a: Metagross
|-ability|p2a: Quaquaval|Moxie|boost
|-boost|p2a: Quaquaval|atk|1
|
|upkeep
|
|t:|1757865512
|switch|p1a: Zapdos|Zapdos|100/100
|turn|10
|
|t:|1757865520
|move|p2a: Quaquaval|Aqua Step|p1a: Zapdos
|-damage|p1a: Zapdos|0 fnt
|-boost|p2a: Quaquaval|spe|1
|-status|p2a: Quaquaval|par|[from] ability: Static|[of] p1a: Zapdos
|faint|p1a: Zapdos
|-ability|p2a: Quaquaval|Moxie|boost
|-boost|p2a: Quaquaval|atk|1
|
|upkeep
|
|t:|1757865529
|switch|p1a: Venusaur|Venusaur, F|100/100
|turn|11
|
|t:|1757865534
|move|p2a: Quaquaval|Aqua Step|p1a: Venusaur
|-resisted|p1a: Venusaur
|-damage|p1a: Venusaur|6/100
|-boost|p2a: Quaquaval|spe|1
|move|p1a: Venusaur|Power Whip|p2a: Quaquaval
|-supereffective|p2a: Quaquaval
|-damage|p2a: Quaquaval|0 fnt
|faint|p2a: Quaquaval
|
|-heal|p1a: Venusaur|12/100|[from] item: Black Sludge
|upkeep
|
|t:|1757865552
|switch|p2a: Raichu|Raichu, F|100/100
|turn|12
|
|t:|1757865562
|switch|p1a: Conkeldurr|Conkeldurr, M|100/100
|move|p2a: Raichu|Volt Switch|p1a: Conkeldurr
|-damage|p1a: Conkeldurr|69/100
|
|t:|1757865569
|switch|p2a: Meowscarada|Meowscarada, M|100/100|[from] Volt Switch
|
|upkeep
|turn|13
|
|t:|1757865576
|move|p1a: Conkeldurr|Mach Punch|p2a: Meowscarada
|-supereffective|p2a: Meowscarada
|-damage|p2a: Meowscarada|30/100
|move|p2a: Meowscarada|Trick|p1a: Conkeldurr
|-activate|p2a: Meowscarada|move: Trick|[of] p1a: Conkeldurr
|-item|p1a: Conkeldurr|Choice Scarf|[from] move: Trick
|-item|p2a: Meowscarada|Rocky Helmet|[from] move: Trick
|
|upkeep
|turn|14
|
|t:|1757865587
|move|p1a: Conkeldurr|Mach Punch|p2a: Meowscarada
|-supereffective|p2a: Meowscarada
|-damage|p2a: Meowscarada|0 fnt
|-damage|p1a: Conkeldurr|52/100|[from] item: Rocky Helmet|[of] p2a: Meowscarada
|faint|p2a: Meowscarada
|
|upkeep
|
|t:|1757865602
|switch|p2a: Raichu|Raichu, F|100/100
|turn|15
|
|t:|1757865611
|switch|p1a: Ursaluna|Ursaluna, M|91/100
|move|p2a: Raichu|Fake Out|p1a: Ursaluna
|-damage|p1a: Ursaluna|84/100
|
|upkeep
|turn|16
|
|t:|1757865620
|switch|p2a: Skeledirge|Skeledirge, M|100/100
|move|p1a: Ursaluna|Bulk Up|p1a: Ursaluna
|-boost|p1a: Ursaluna|atk|1
|-boost|p1a: Ursaluna|def|1
|
|upkeep
|turn|17
|
|t:|1757865637
|move|p2a: Skeledirge|Torch Song|p1a: Ursaluna
|-damage|p1a: Ursaluna|54/100
|-boost|p2a: Skeledirge|spa|1
|move|p1a: Ursaluna|Earthquake|p2a: Skeledirge
|-supereffective|p2a: Skeledirge
|-damage|p2a: Skeledirge|0 fnt
|faint|p2a: Skeledirge
|-damage|p1a: Ursaluna|44/100|[from] item: Life Orb
|
|upkeep
|
|t:|1757865647
|switch|p2a: Malamar|Malamar, M|100/100
|turn|18
|
|t:|1757865659
|move|p2a: Malamar|Topsy-Turvy|p1a: Ursaluna
|-invertboost|p1a: Ursaluna|[from] move: Topsy-Turvy
|move|p1a: Ursaluna|Earthquake|p2a: Malamar
|-damage|p2a: Malamar|58/100
|-damage|p1a: Ursaluna|34/100|[from] item: Life Orb
|
|upkeep
|turn|19
|
|t:|1757865674
|-terastallize|p1a: Ursaluna|Ground
|move|p2a: Malamar|Superpower|p1a: Ursaluna
|-damage|p1a: Ursaluna|7/100
|-boost|p2a: Malamar|atk|1
|-boost|p2a: Malamar|def|1
|move|p1a: Ursaluna|Earthquake|p2a: Malamar
|-damage|p2a: Malamar|23/100
|-damage|p1a: Ursaluna|0 fnt|[from] item: Life Orb
|faint|p1a: Ursaluna
|
|upkeep
|
|t:|1757865687
|switch|p1a: Conkeldurr|Conkeldurr, M|52/100
|turn|20
|
|t:|1757865693
|move|p1a: Conkeldurr|Mach Punch|p2a: Malamar
|-damage|p2a: Malamar|8/100
|-damage|p1a: Conkeldurr|36/100|[from] item: Rocky Helmet|[of] p2a: Malamar
|move|p2a: Malamar|Disable|p1a: Conkeldurr
|-start|p1a: Conkeldurr|Disable|Mach Punch
|
|upkeep
|turn|21
|
|t:|1757865703
|switch|p1a: Greninja|Greninja, M|100/100
|move|p2a: Malamar|Superpower|p1a: Greninja
|-supereffective|p1a: Greninja
|-damage|p1a: Greninja|0 fnt
|-boost|p2a: Malamar|atk|1
|-boost|p2a: Malamar|def|1
|faint|p1a: Greninja
|
|upkeep
|
|t:|1757865712
|switch|p1a: Conkeldurr|Conkeldurr, M|36/100
|turn|22
|
|t:|1757865716
|move|p1a: Conkeldurr|Mach Punch|p2a: Malamar
|-damage|p2a: Malamar|0 fnt
|-damage|p1a: Conkeldurr|19/100|[from] item: Rocky Helmet|[of] p2a: Malamar
|faint|p2a: Malamar
|
|upkeep
|
|t:|1757865722
|switch|p2a: Raichu|Raichu, F|100/100
|turn|23
|
|t:|1757865729
|move|p2a: Raichu|Fake Out|p1a: Conkeldurr
|-damage|p1a: Conkeldurr|11/100
|cant|p1a: Conkeldurr|flinch
|
|upkeep
|turn|24
|
|t:|1757865736
|move|p1a: Conkeldurr|Mach Punch|p2a: Raichu
|-damage|p2a: Raichu|48/100
|move|p2a: Raichu|Volt Switch|p1a: Conkeldurr
|-damage|p1a: Conkeldurr|0 fnt
|faint|p1a: Conkeldurr
|
|upkeep
|
|t:|1757865745
|switch|p1a: Venusaur|Venusaur, F|12/100
|turn|25
|
|t:|1757865752
|move|p2a: Raichu|Discharge|p1a: Venusaur
|-resisted|p1a: Venusaur
|-damage|p1a: Venusaur|0 fnt
|faint|p1a: Venusaur
|
|win|hrheben
|raw|navaja73's rating: 1000 &rarr; <strong>1000</strong><br />(+0 for losing)
|raw|hrheben's rating: 1000 &rarr; <strong>1040</strong><br />(+40 for winning)
|l|☆navaja73
|player|p1|
