|j|☆d7ywdyghua
|j|☆TREMBLEB4BAST
|t:|1757831071
|gametype|singles
|player|p1|d7ywdyghua|170|1207
|player|p2|TREMBLEB4BAST|geeta|1160
|gen|9
|tier|[Gen 9] OU
|rated|
|rule|HP Percentage Mod: HP is shown in percentages
|rule|Endless Battle Clause: Forcing endless battles is banned
|rule|Species Clause: Limit one of each Pokémon
|rule|OHKO Clause: OHKO moves are banned
|rule|Evasion Items Clause: Evasion items are banned
|rule|Evasion Moves Clause: Evasion moves are banned
|rule|Evasion Abilities Clause: Evasion abilities are banned
|rule|Sleep Moves Clause: Sleep-inducing moves are banned
|clearpoke
|poke|p1|Quaquaval, F|
|poke|p1|Landorus-Therian, M|
|poke|p1|Corviknight, F|
|poke|p1|Scizor, F|
|poke|p1|Dragonite, F|
|poke|p1|Clodsire, M|
|poke|p2|Scizor, F|
|poke|p2|Haxorus, M|
|poke|p2|Keldeo|
|poke|p2|Enamorus, F|
|poke|p2|Kingdra, M|
|poke|p2|Vikavolt, M|
|teampreview
|inactive|Battle timer is ON: inactive players will automatically lose when time's up. (requested by d7ywdyghua)
|inactive|TREMBLEB4BAST has 120 seconds left.
|
|t:|1757831107
|teamsize|p1|6
|teamsize|p2|6
|start
|switch|p1a: Landorus|Landorus-Therian, M|100/100
|switch|p2a: Yakuza|Kingdra, M, shiny|100/100
|-ability|p1a: Landorus|Intimidate|boost
|-unboost|p2a: Yakuza|atk|1
|turn|1
|
|t:|1757831115
|move|p2a: Yakuza|Ice Beam|p1a: Landorus
|-supereffective|p1a: Landorus
|-damage|p1a: Landorus|0 fnt
|faint|p1a: Landorus
|
|upkeep
|c|☆d7ywdyghua|how
|
|t:|1757831130
|switch|p1a: Quaquaval|Quaquaval, F, shiny|100/100
|turn|2
|c|☆d7ywdyghua|i mean
|
|t:|1757831141
|switch|p2a: Kingslayer|Enamorus, F|100/100
|move|p1a: Quaquaval|Aqua Step|p2a: Kingslayer
|-damage|p2a: Kingslayer|32/100
|-boost|p1a: Quaquaval|spe|1
|
|upkeep
|turn|3
|c|☆d7ywdyghua|no how
|
|t:|1757831151
|switch|p2a: Bojack|Keldeo|100/100
|move|p1a: Quaquaval|Aqua Step|p2a: Bojack
|-resisted|p2a: Bojack
|-damage|p2a: Bojack|76/100
|-boost|p1a: Quaquaval|spe|1
|
|upkeep
|turn|4
|
|t:|1757831157
|move|p1a: Quaquaval|Close Combat|p2a: Bojack
|-damage|p2a: Bojack|0 fnt
|-unboost|p1a: Quaquaval|def|1
|-unboost|p1a: Quaquaval|spd|1
|faint|p2a: Bojack
|-ability|p1a: Quaquaval|Moxie|boost
|-boost|p1a: Quaquaval|atk|1
|
|upkeep
|
|t:|1757831169
|switch|p2a: Australian|Vikavolt, M|100/100
|turn|5
|c|☆d7ywdyghua|choice scarf - dead
|
|t:|1757831180
|move|p1a: Quaquaval|Triple Axel|p2a: Australian
|-damage|p2a: Australian|88/100
|-hitcount|p2a: Australian|1
|move|p2a: Australian|Volt Switch|p1a: Quaquaval
|-supereffective|p1a: Quaquaval
|-damage|p1a: Quaquaval|15/100
|c|☆d7ywdyghua|lets go
|
|t:|1757831194
|switch|p2a: Lesbian|Scizor, F|100/100|[from] Volt Switch
|
|upkeep
|turn|6
|
|t:|1757831200
|-terastallize|p1a: Quaquaval|Water
|move|p2a: Lesbian|Bullet Punch|p1a: Quaquaval
|-resisted|p1a: Quaquaval
|-damage|p1a: Quaquaval|0 fnt
|faint|p1a: Quaquaval
|
|upkeep
|c|☆d7ywdyghua|nooooo
|
|t:|1757831209
|switch|p1a: Clodsire|Clodsire, M, shiny|100/100
|turn|7
|c|☆TREMBLEB4BAST|I’m scarf kingdra
|c|☆TREMBLEB4BAST|mb I didn’t see chat
|c|☆TREMBLEB4BAST|Throws off Landos and dpults
|inactive|TREMBLEB4BAST has 120 seconds left.
|
|t:|1757831240
|switch|p2a: Darth Blader|Haxorus, M, shiny|100/100
|-ability|p2a: Darth Blader|Mold Breaker
|move|p1a: Clodsire|Curse|p1a: Clodsire
|-unboost|p1a: Clodsire|spe|1
|-boost|p1a: Clodsire|atk|1
|-boost|p1a: Clodsire|def|1
|
|upkeep
|turn|8
|
|t:|1757831253
|move|p2a: Darth Blader|Earthquake|p1a: Clodsire
|-supereffective|p1a: Clodsire
|-damage|p1a: Clodsire|34/100
|move|p1a: Clodsire|Curse|p1a: Clodsire
|-unboost|p1a: Clodsire|spe|1
|-boost|p1a: Clodsire|atk|1
|-boost|p1a: Clodsire|def|1
|
|-heal|p1a: Clodsire|40/100|[from] item: Leftovers
|upkeep
|turn|9
|
|t:|1757831266
|move|p2a: Darth Blader|Earthquake|p1a: Clodsire
|-supereffective|p1a: Clodsire
|-damage|p1a: Clodsire|0 fnt
|faint|p1a: Clodsire
|
|upkeep
|c|☆TREMBLEB4BAST|This team is that one moon knight panel
|c|☆TREMBLEB4BAST|random bullshit go
|c|☆d7ywdyghua|no stab why it so strong
|
|t:|1757831283
|switch|p1a: Dragonite|Dragonite, F, shiny|100/100
|turn|10
|c|☆TREMBLEB4BAST|Choice band max attack
|c|☆TREMBLEB4BAST|Mb not max
|
|t:|1757831299
|switch|p2a: Kingslayer|Enamorus, F|32/100
|move|p1a: Dragonite|Outrage|p2a: Kingslayer
|-immune|p2a: Kingslayer
|
|upkeep
|turn|11
|
|t:|1757831304
|switch|p1a: Scizor|Scizor, F, shiny|100/100
|move|p2a: Kingslayer|Play Rough|p1a: Scizor
|-resisted|p1a: Scizor
|-damage|p1a: Scizor|76/100
|
|upkeep
|turn|12
|
|t:|1757831309
|-terastallize|p2a: Kingslayer|Fire
|move|p2a: Kingslayer|Tera Blast|p1a: Scizor|[anim] Tera Blast Fire
|-supereffective|p1a: Scizor
|-damage|p1a: Scizor|0 fnt
|faint|p1a: Scizor
|
|upkeep
|c|☆d7ywdyghua|bruh i think switch
|
|t:|1757831322
|switch|p1a: Dragonite|Dragonite, F, shiny|100/100
|turn|13
|
|t:|1757831325
|move|p1a: Dragonite|Extreme Speed|p2a: Kingslayer
|-damage|p2a: Kingslayer|0 fnt
|faint|p2a: Kingslayer
|
|upkeep
|c|☆TREMBLEB4BAST|No need ur pretty low on recourses
|c|☆TREMBLEB4BAST|Good play but sometimes u gotta play dmg
|c|☆TREMBLEB4BAST|learned that the hard way
|inactive|TREMBLEB4BAST has 120 seconds left.
|c|☆d7ywdyghua|im not good at single
|
|t:|1757831368
|switch|p2a: Lesbian|Scizor, F|100/100
|turn|14
|c|☆TREMBLEB4BAST|oh yeah?
|c|☆d7ywdyghua|im a Competitive double player
|
|t:|1757831379
|switch|p1a: Corviknight|Corviknight, F, shiny|100/100
|-ability|p1a: Corviknight|Pressure
|move|p2a: Lesbian|U-turn|p1a: Corviknight
|-resisted|p1a: Corviknight
|-damage|p1a: Corviknight|91/100
|c|☆TREMBLEB4BAST|You seem good tho
|
|t:|1757831386
|switch|p2a: Australian|Vikavolt, M|88/100|[from] U-turn
|
|-heal|p1a: Corviknight|97/100|[from] item: Leftovers
|upkeep
|turn|15
|c|☆TREMBLEB4BAST|Dangg
|
|t:|1757831398
|move|p1a: Corviknight|Body Press|p2a: Australian
|-resisted|p2a: Australian
|-damage|p2a: Australian|75/100
|move|p2a: Australian|Thunderbolt|p1a: Corviknight
|-supereffective|p1a: Corviknight
|-damage|p1a: Corviknight|17/100
|
|-heal|p1a: Corviknight|23/100|[from] item: Leftovers
|upkeep
|turn|16
|c|☆TREMBLEB4BAST|Yeah doubles is hell for me
|
|t:|1757831408
|switch|p1a: Dragonite|Dragonite, F, shiny|100/100
|move|p2a: Australian|Volt Switch|p1a: Dragonite
|-crit|p1a: Dragonite
|-damage|p1a: Dragonite|78/100
|
|t:|1757831410
|switch|p2a: Darth Blader|Haxorus, M, shiny|100/100|[from] Volt Switch
|-ability|p2a: Darth Blader|Mold Breaker
|
|upkeep
|turn|17
|
|t:|1757831414
|move|p1a: Dragonite|Extreme Speed|p2a: Darth Blader
|-damage|p2a: Darth Blader|44/100
|move|p2a: Darth Blader|Dragon Claw|p1a: Dragonite
|-supereffective|p1a: Dragonite
|-damage|p1a: Dragonite|0 fnt
|faint|p1a: Dragonite
|
|upkeep
|
|t:|1757831419
|switch|p1a: Corviknight|Corviknight, F, shiny|23/100
|-ability|p1a: Corviknight|Pressure
|turn|18
|
|t:|1757831420
|move|p2a: Darth Blader|Dragon Claw|p1a: Corviknight
|-resisted|p1a: Corviknight
|-damage|p1a: Corviknight|3/100
|move|p1a: Corviknight|Roost|p1a: Corviknight
|-heal|p1a: Corviknight|53/100
|-singleturn|p1a: Corviknight|move: Roost
|
|-heal|p1a: Corviknight|59/100|[from] item: Leftovers
|upkeep
|turn|19
|c|☆d7ywdyghua|gg
|
|t:|1757831426
|switch|p2a: Australian|Vikavolt, M|75/100
|move|p1a: Corviknight|Roost|p1a: Corviknight
|-heal|p1a: Corviknight|100/100
|-singleturn|p1a: Corviknight|move: Roost
|
|upkeep
|turn|20
|
|t:|1757831430
|move|p1a: Corviknight|Iron Defense|p1a: Corviknight
|-boost|p1a: Corviknight|def|2
|move|p2a: Australian|Thunderbolt|p1a: Corviknight
|-supereffective|p1a: Corviknight
|-damage|p1a: Corviknight|24/100
|
|-heal|p1a: Corviknight|30/100|[from] item: Leftovers
|upkeep
|turn|21
|c|☆TREMBLEB4BAST|Gg champ gl
|
|t:|1757831438
|move|p1a: Corviknight|Body Press|p2a: Australian
|-resisted|p2a: Australian
|-damage|p2a: Australian|49/100
|move|p2a: Australian|Thunderbolt|p1a: Corviknight
|-supereffective|p1a: Corviknight
|-crit|p1a: Corviknight
|-damage|p1a: Corviknight|0 fnt
|faint|p1a: Corviknight
|
|win|TREMBLEB4BAST
|raw|d7ywdyghua's rating: 1207 &rarr; <strong>1180</strong><br />(-27 for losing)
|raw|TREMBLEB4BAST's rating: 1183 &rarr; <strong>1210</strong><br />(+27 for winning)
|l|☆d7ywdyghua
|player|p1|
|l|☆TREMBLEB4BAST
|player|p2|
