|j|☆KnightKnaveSpy
|j|☆frozenmoon77
|t:|1757929233
|gametype|singles
|player|p1|KnightKnaveSpy|1|1421
|player|p2|frozenmoon77|1|1447
|gen|9
|tier|[Gen 9] OU
|rated|
|rule|HP Percentage Mod: HP is shown in percentages
|rule|Endless Battle Clause: Forcing endless battles is banned
|rule|Species Clause: Limit one of each Pokémon
|rule|OHKO Clause: OHKO moves are banned
|rule|Evasion Items Clause: Evasion items are banned
|rule|Evasion Moves Clause: Evasion moves are banned
|rule|Evasion Abilities Clause: Evasion abilities are banned
|rule|Sleep Moves Clause: Sleep-inducing moves are banned
|clearpoke
|poke|p1|Samurott-Hisui, F|
|poke|p1|Blaziken, M|
|poke|p1|Kingambit, M|
|poke|p1|Raging Bolt|
|poke|p1|Ogerpon-Wellspring, F|
|poke|p1|Greninja-*, M|
|poke|p2|Sandy Shocks|
|poke|p2|Pecharunt|
|poke|p2|Slowking-Galar, M|
|poke|p2|Comfey, M|
|poke|p2|Tornadus-Therian, M|
|poke|p2|Cinderace, M|
|teampreview
|inactive|Battle timer is ON: inactive players will automatically lose when time's up. (requested by frozenmoon77)
|
|t:|1757929237
|teamsize|p1|6
|teamsize|p2|6
|start
|switch|p1a: Samurott|Samurott-Hisui, F|100/100
|switch|p2a: Sandy Shocks|Sandy Shocks|100/100
|turn|1
|
|t:|1757929244
|move|p2a: Sandy Shocks|Volt Switch|p1a: Samurott
|-supereffective|p1a: Samurott
|-crit|p1a: Samurott
|-enditem|p1a: Samurott|Focus Sash
|-damage|p1a: Samurott|1/100
|
|t:|1757929250
|-end|p2a: Sandy Shocks|Protosynthesis|[silent]
|switch|p2a: Pecharunt|Pecharunt|100/100|[from] Volt Switch
|move|p1a: Samurott|Ceaseless Edge|p2a: Pecharunt
|-supereffective|p2a: Pecharunt
|-damage|p2a: Pecharunt|62/100
|-damage|p1a: Samurott|0 fnt|[from] item: Rocky Helmet|[of] p2a: Pecharunt
|faint|p1a: Samurott
|
|upkeep
|j| kakkarotxvj
|
|t:|1757929259
|switch|p1a: Greninja|Greninja, M|100/100
|turn|2
|
|t:|1757929264
|switch|p2a: Slowking|Slowking-Galar, M|100/100
|move|p1a: Greninja|Hydro Pump|p2a: Slowking
|-damage|p2a: Slowking|78/100
|
|upkeep
|turn|3
|
|t:|1757929270
|switch|p1a: Kingambit|Kingambit, M|100/100
|-activate|p1a: Kingambit|ability: Supreme Overlord
|-start|p1a: Kingambit|fallen1|[silent]
|move|p2a: Slowking|Future Sight|p1a: Kingambit
|-start|p2a: Slowking|move: Future Sight
|
|upkeep
|turn|4
|
|t:|1757929284
|switch|p2a: Cinderace|Cinderace, M|100/100
|move|p1a: Kingambit|Iron Head|p2a: Cinderace
|-resisted|p2a: Cinderace
|-damage|p2a: Cinderace|64/100
|
|upkeep
|turn|5
|
|t:|1757929297
|move|p1a: Kingambit|Sucker Punch|p2a: Cinderace
|-damage|p2a: Cinderace|0 fnt
|faint|p2a: Cinderace
|
|-end|p1a: Kingambit|move: Future Sight
|-immune|p1a: Kingambit
|upkeep
|
|t:|1757929305
|switch|p2a: Sandy Shocks|Sandy Shocks|100/100
|turn|6
|
|t:|1757929316
|-end|p1a: Kingambit|fallen1|[silent]
|switch|p1a: Ogerpon|Ogerpon-Wellspring, F|100/100
|move|p2a: Sandy Shocks|Earth Power|p1a: Ogerpon
|-resisted|p1a: Ogerpon
|-damage|p1a: Ogerpon|76/100
|
|upkeep
|turn|7
|
|t:|1757929323
|-end|p2a: Sandy Shocks|Protosynthesis|[silent]
|switch|p2a: Pecharunt|Pecharunt|62/100
|move|p1a: Ogerpon|Ivy Cudgel|p2a: Pecharunt|[anim] Ivy Cudgel Water
|-damage|p2a: Pecharunt|35/100
|
|upkeep
|turn|8
|
|t:|1757929332
|-terastallize|p1a: Ogerpon|Water
|detailschange|p1a: Ogerpon|Ogerpon-Wellspring-Tera, F, tera:Water
|-ability|p1a: Ogerpon|Embody Aspect (Wellspring)|boost
|-boost|p1a: Ogerpon|spd|1
|move|p1a: Ogerpon|Ivy Cudgel|p2a: Pecharunt|[anim] Ivy Cudgel Water
|-damage|p2a: Pecharunt|0 fnt
|faint|p2a: Pecharunt
|
|upkeep
|
|t:|1757929340
|switch|p2a: Sandy Shocks|Sandy Shocks|100/100
|turn|9
|
|t:|1757929343
|move|p2a: Sandy Shocks|Volt Switch|p1a: Ogerpon
|-supereffective|p1a: Ogerpon
|-damage|p1a: Ogerpon|18/100
|
|t:|1757929348
|-end|p2a: Sandy Shocks|Protosynthesis|[silent]
|switch|p2a: Tornadus|Tornadus-Therian, M|100/100|[from] Volt Switch
|move|p1a: Ogerpon|Ivy Cudgel|p2a: Tornadus|[anim] Ivy Cudgel Water
|-damage|p2a: Tornadus|0 fnt
|faint|p2a: Tornadus
|
|upkeep
|
|t:|1757929355
|switch|p2a: Sandy Shocks|Sandy Shocks|100/100
|turn|10
|
|t:|1757929363
|switch|p1a: Raging Bolt|Raging Bolt|100/100
|move|p2a: Sandy Shocks|Volt Switch|p1a: Raging Bolt
|-resisted|p1a: Raging Bolt
|-damage|p1a: Raging Bolt|93/100
|
|t:|1757929369
|-end|p2a: Sandy Shocks|Protosynthesis|[silent]
|switch|p2a: Slowking|Slowking-Galar, M|100/100|[from] Volt Switch
|
|-heal|p1a: Raging Bolt|99/100|[from] item: Leftovers
|upkeep
|turn|11
|
|t:|1757929374
|move|p1a: Raging Bolt|Volt Switch|p2a: Slowking
|-damage|p2a: Slowking|81/100
|
|t:|1757929377
|-end|p1a: Raging Bolt|Protosynthesis|[silent]
|switch|p1a: Kingambit|Kingambit, M|100/100|[from] Volt Switch
|-activate|p1a: Kingambit|ability: Supreme Overlord
|-start|p1a: Kingambit|fallen1|[silent]
|move|p2a: Slowking|Future Sight|p1a: Kingambit
|-start|p2a: Slowking|move: Future Sight
|
|upkeep
|turn|12
|
|t:|1757929383
|move|p1a: Kingambit|Iron Head|p2a: Slowking
|-damage|p2a: Slowking|25/100
|move|p2a: Slowking|Flamethrower|p1a: Kingambit
|-supereffective|p1a: Kingambit
|-damage|p1a: Kingambit|44/100
|
|-heal|p1a: Kingambit|50/100|[from] item: Leftovers
|upkeep
|turn|13
|
|t:|1757929391
|move|p1a: Kingambit|Iron Head|p2a: Slowking
|-damage|p2a: Slowking|0 fnt
|faint|p2a: Slowking
|
|-end|p1a: Kingambit|move: Future Sight
|-immune|p1a: Kingambit
|-heal|p1a: Kingambit|56/100|[from] item: Leftovers
|upkeep
|
|t:|1757929407
|switch|p2a: Sandy Shocks|Sandy Shocks|100/100
|turn|14
|
|t:|1757929413
|-end|p1a: Kingambit|fallen1|[silent]
|switch|p1a: Ogerpon|Ogerpon-Wellspring-Tera, F, tera:Water|18/100
|-ability|p1a: Ogerpon|Embody Aspect (Wellspring)|boost
|-boost|p1a: Ogerpon|spd|1
|move|p2a: Sandy Shocks|Earth Power|p1a: Ogerpon
|-damage|p1a: Ogerpon|0 fnt
|faint|p1a: Ogerpon
|detailschange|p1: Ogerpon|Ogerpon-Wellspring, F|[silent]
|
|upkeep
|
|t:|1757929417
|switch|p1a: Greninja|Greninja, M|100/100
|turn|15
|
|t:|1757929423
|move|p2a: Sandy Shocks|Earth Power|p1a: Greninja
|-damage|p1a: Greninja|35/100
|move|p1a: Greninja|Hydro Pump|p2a: Sandy Shocks
|-supereffective|p2a: Sandy Shocks
|-damage|p2a: Sandy Shocks|0 fnt
|faint|p2a: Sandy Shocks
|-end|p2a: Sandy Shocks|Protosynthesis|[silent]
|-ability|p1a: Greninja|Battle Bond|boost
|-boost|p1a: Greninja|atk|1
|-boost|p1a: Greninja|spa|1
|-boost|p1a: Greninja|spe|1
|-activate|p1a: Greninja|ability: Battle Bond
|
|-heal|p1a: Greninja|41/100|[from] item: Leftovers
|upkeep
|
|t:|1757929434
|switch|p2a: Comfey|Comfey, M|100/100
|turn|16
|
|t:|1757929439
|-terastallize|p2a: Comfey|Fairy
|move|p2a: Comfey|Draining Kiss|p1a: Greninja
|-supereffective|p1a: Greninja
|-damage|p1a: Greninja|0 fnt
|faint|p1a: Greninja
|-damage|p2a: Comfey|91/100|[from] item: Life Orb
|
|upkeep
|
|t:|1757929446
|switch|p1a: Raging Bolt|Raging Bolt|99/100
|turn|17
|
|t:|1757929451
|move|p2a: Comfey|Calm Mind|p2a: Comfey
|-boost|p2a: Comfey|spa|1
|-boost|p2a: Comfey|spd|1
|move|p1a: Raging Bolt|Thunderbolt|p2a: Comfey
|-damage|p2a: Comfey|56/100
|
|-heal|p1a: Raging Bolt|100/100|[from] item: Leftovers
|upkeep
|turn|18
|
|t:|1757929459
|move|p2a: Comfey|Draining Kiss|p1a: Raging Bolt
|-supereffective|p1a: Raging Bolt
|-damage|p1a: Raging Bolt|0 fnt
|-heal|p2a: Comfey|100/100|[from] drain|[of] p1a: Raging Bolt
|faint|p1a: Raging Bolt
|-end|p1a: Raging Bolt|Protosynthesis|[silent]
|-damage|p2a: Comfey|91/100|[from] item: Life Orb
|
|upkeep
|
|t:|1757929462
|switch|p1a: Kingambit|Kingambit, M|56/100
|-activate|p1a: Kingambit|ability: Supreme Overlord
|-start|p1a: Kingambit|fallen4|[silent]
|turn|19
|
|t:|1757929475
|move|p2a: Comfey|Draining Kiss|p1a: Kingambit
|-damage|p1a: Kingambit|0 fnt
|-heal|p2a: Comfey|100/100|[from] drain|[of] p1a: Kingambit
|faint|p1a: Kingambit
|-end|p1a: Kingambit|fallen4|[silent]
|-damage|p2a: Comfey|91/100|[from] item: Life Orb
|
|upkeep
|-message|KnightKnaveSpy forfeited.
|
|win|frozenmoon77
|raw|KnightKnaveSpy's rating: 1421 &rarr; <strong>1402</strong><br />(-19 for losing)
|raw|frozenmoon77's rating: 1447 &rarr; <strong>1466</strong><br />(+19 for winning)
|l|☆KnightKnaveSpy
|player|p1|
|l|☆frozenmoon77
|player|p2|
|l| kakkarotxvj
