|j|☆IDWTLA
|j|☆ggcvbt
|t:|1757868863
|gametype|singles
|player|p1|IDWTLA|scientist-gen4dp|1130
|player|p2|ggcvbt|170|1084
|gen|9
|tier|[Gen 9] OU
|rated|
|rule|HP Percentage Mod: HP is shown in percentages
|rule|Endless Battle Clause: Forcing endless battles is banned
|rule|Species Clause: Limit one of each Pokémon
|rule|OHKO Clause: OHKO moves are banned
|rule|Evasion Items Clause: Evasion items are banned
|rule|Evasion Moves Clause: Evasion moves are banned
|rule|Evasion Abilities Clause: Evasion abilities are banned
|rule|Sleep Moves Clause: Sleep-inducing moves are banned
|clearpoke
|poke|p1|Zapdos-Galar|
|poke|p1|Landorus-Therian, M|
|poke|p1|Dragapult, M|
|poke|p1|Slowking-Galar, M|
|poke|p1|Great Tusk|
|poke|p1|Alomomola, F|
|poke|p2|Cloyster, M|
|poke|p2|Mandibuzz, F|
|poke|p2|Dragonite, M|
|poke|p2|Magnezone|
|poke|p2|Serperior, F|
|poke|p2|Skeledirge, M|
|teampreview
|
|t:|1757868892
|teamsize|p1|6
|teamsize|p2|6
|start
|switch|p1a: Dragapult|Dragapult, M|100/100
|switch|p2a: Serperior|Serperior, F|100/100
|turn|1
|
|t:|1757868902
|-terastallize|p1a: Dragapult|Dragon
|move|p1a: Dragapult|Draco Meteor|p2a: Serperior
|-damage|p2a: Serperior|0 fnt
|-unboost|p1a: Dragapult|spa|2
|faint|p2a: Serperior
|
|upkeep
|inactive|Battle timer is ON: inactive players will automatically lose when time's up. (requested by IDWTLA)
|
|t:|1757868923
|switch|p2a: Dragonite|Dragonite, M|100/100
|turn|2
|
|t:|1757868928
|switch|p1a: Landorus|Landorus-Therian, M|100/100
|-ability|p1a: Landorus|Intimidate|boost
|-unboost|p2a: Dragonite|atk|1
|move|p2a: Dragonite|Dragon Dance|p2a: Dragonite
|-boost|p2a: Dragonite|atk|1
|-boost|p2a: Dragonite|spe|1
|
|upkeep
|turn|3
|
|t:|1757868937
|move|p2a: Dragonite|Ice Spinner|p1a: Landorus
|-supereffective|p1a: Landorus
|-damage|p1a: Landorus|31/100
|-damage|p2a: Dragonite|84/100|[from] item: Rocky Helmet|[of] p1a: Landorus
|move|p1a: Landorus|Taunt|p2a: Dragonite
|-start|p2a: Dragonite|move: Taunt
|
|upkeep
|turn|4
|
|t:|1757868945
|switch|p1a: Alomomola|Alomomola, F|100/100
|move|p2a: Dragonite|Ice Spinner|p1a: Alomomola
|-resisted|p1a: Alomomola
|-damage|p1a: Alomomola|94/100
|
|upkeep
|turn|5
|
|t:|1757868956
|switch|p2a: Magnezone|Magnezone|100/100
|move|p1a: Alomomola|Body Slam|p2a: Magnezone
|-resisted|p2a: Magnezone
|-damage|p2a: Magnezone|92/100
|
|upkeep
|turn|6
|
|t:|1757868964
|switch|p1a: Slowking|Slowking-Galar, M|100/100
|move|p2a: Magnezone|Volt Switch|p1a: Slowking
|-damage|p1a: Slowking|78/100
|
|t:|1757868974
|switch|p2a: Skeledirge|Skeledirge, M|100/100|[from] Volt Switch
|
|upkeep
|turn|7
|
|t:|1757868979
|move|p2a: Skeledirge|Shadow Ball|p1a: Slowking
|-supereffective|p1a: Slowking
|-damage|p1a: Slowking|39/100
|move|p1a: Slowking|Toxic|p2a: Skeledirge
|-status|p2a: Skeledirge|tox
|
|-damage|p2a: Skeledirge|94/100 tox|[from] psn
|upkeep
|turn|8
|
|t:|1757868990
|switch|p1a: Alomomola|Alomomola, F|100/100
|move|p2a: Skeledirge|Shadow Ball|p1a: Alomomola
|-damage|p1a: Alomomola|55/100
|
|-heal|p2a: Skeledirge|100/100 tox|[from] item: Leftovers
|-damage|p2a: Skeledirge|88/100 tox|[from] psn
|upkeep
|turn|9
|
|t:|1757868999
|move|p2a: Skeledirge|Shadow Ball|p1a: Alomomola
|-damage|p1a: Alomomola|14/100
|move|p1a: Alomomola|Flip Turn|p2a: Skeledirge
|-supereffective|p2a: Skeledirge
|-damage|p2a: Skeledirge|62/100 tox
|
|t:|1757869010
|switch|p1a: Dragapult|Dragapult, M, tera:Dragon|100/100|[from] Flip Turn
|
|-heal|p2a: Skeledirge|68/100 tox|[from] item: Leftovers
|-damage|p2a: Skeledirge|50/100 tox|[from] psn
|upkeep
|turn|10
|
|t:|1757869018
|move|p1a: Dragapult|Shadow Ball|p2a: Skeledirge
|-supereffective|p2a: Skeledirge
|-damage|p2a: Skeledirge|0 fnt
|faint|p2a: Skeledirge
|
|upkeep
|
|t:|1757869022
|switch|p2a: Mandibuzz|Mandibuzz, F|100/100
|turn|11
|
|t:|1757869029
|switch|p1a: Slowking|Slowking-Galar, M|72/100
|move|p2a: Mandibuzz|Toxic|p1a: Slowking|[miss]
|-miss|p2a: Mandibuzz|p1a: Slowking
|
|upkeep
|turn|12
|
|t:|1757869037
|switch|p2a: Magnezone|Magnezone|92/100
|-prepare|p1a: Slowking|Chilly Reception|[premajor]
|move|p1a: Slowking|Chilly Reception|p1a: Slowking
|-weather|Snowscape
|
|t:|1757869042
|switch|p1a: Alomomola|Alomomola, F|48/100|[from] Chilly Reception
|
|-weather|Snowscape|[upkeep]
|upkeep
|turn|13
|
|t:|1757869055
|switch|p1a: Landorus|Landorus-Therian, M|31/100
|-ability|p1a: Landorus|Intimidate|boost
|-unboost|p2a: Magnezone|atk|1
|move|p2a: Magnezone|Thunderbolt|p1a: Landorus
|-immune|p1a: Landorus
|
|-weather|Snowscape|[upkeep]
|upkeep
|turn|14
|
|t:|1757869065
|switch|p2a: Dragonite|Dragonite, M|84/100
|move|p1a: Landorus|Taunt|p2a: Dragonite
|-start|p2a: Dragonite|move: Taunt
|
|-weather|Snowscape|[upkeep]
|upkeep
|turn|15
|
|t:|1757869073
|switch|p1a: Alomomola|Alomomola, F|81/100
|move|p2a: Dragonite|Ice Spinner|p1a: Alomomola
|-resisted|p1a: Alomomola
|-damage|p1a: Alomomola|74/100
|
|-weather|Snowscape|[upkeep]
|upkeep
|turn|16
|
|t:|1757869081
|move|p2a: Dragonite|Extreme Speed|p1a: Alomomola
|-damage|p1a: Alomomola|60/100
|move|p1a: Alomomola|Flip Turn|p2a: Dragonite
|-resisted|p2a: Dragonite
|-damage|p2a: Dragonite|78/100
|
|t:|1757869088
|switch|p1a: Landorus|Landorus-Therian, M|31/100|[from] Flip Turn
|-ability|p1a: Landorus|Intimidate|boost
|-unboost|p2a: Dragonite|atk|1
|
|-weather|none
|-end|p2a: Dragonite|move: Taunt
|upkeep
|turn|17
|
|t:|1757869098
|switch|p1a: Alomomola|Alomomola, F|93/100
|move|p2a: Dragonite|Dragon Dance|p2a: Dragonite
|-boost|p2a: Dragonite|atk|1
|-boost|p2a: Dragonite|spe|1
|
|upkeep
|turn|18
|
|t:|1757869105
|move|p2a: Dragonite|Dragon Dance|p2a: Dragonite
|-boost|p2a: Dragonite|atk|1
|-boost|p2a: Dragonite|spe|1
|move|p1a: Alomomola|Body Slam|p2a: Dragonite
|-damage|p2a: Dragonite|65/100
|-status|p2a: Dragonite|par
|
|upkeep
|turn|19
|
|t:|1757869113
|move|p2a: Dragonite|Dragon Dance|p2a: Dragonite
|-boost|p2a: Dragonite|atk|1
|-boost|p2a: Dragonite|spe|1
|move|p1a: Alomomola|Flip Turn|p2a: Dragonite
|-resisted|p2a: Dragonite
|-damage|p2a: Dragonite|59/100 par
|
|t:|1757869120
|switch|p1a: Landorus|Landorus-Therian, M|31/100|[from] Flip Turn
|-ability|p1a: Landorus|Intimidate|boost
|-unboost|p2a: Dragonite|atk|1
|
|upkeep
|turn|20
|
|t:|1757869127
|switch|p1a: Alomomola|Alomomola, F|100/100
|move|p2a: Dragonite|Ice Spinner|p1a: Alomomola
|-resisted|p1a: Alomomola
|-damage|p1a: Alomomola|90/100
|
|upkeep
|turn|21
|
|t:|1757869134
|move|p2a: Dragonite|Extreme Speed|p1a: Alomomola
|-damage|p1a: Alomomola|70/100
|move|p1a: Alomomola|Flip Turn|p2a: Dragonite
|-resisted|p2a: Dragonite
|-damage|p2a: Dragonite|52/100 par
|
|t:|1757869141
|switch|p1a: Landorus|Landorus-Therian, M|31/100|[from] Flip Turn
|-ability|p1a: Landorus|Intimidate|boost
|-unboost|p2a: Dragonite|atk|1
|
|upkeep
|turn|22
|
|t:|1757869158
|switch|p1a: Alomomola|Alomomola, F|100/100
|move|p2a: Dragonite|Ice Spinner|p1a: Alomomola
|-resisted|p1a: Alomomola
|-damage|p1a: Alomomola|93/100
|
|upkeep
|turn|23
|
|t:|1757869165
|move|p2a: Dragonite|Dragon Dance|p2a: Dragonite
|-boost|p2a: Dragonite|atk|1
|-boost|p2a: Dragonite|spe|1
|move|p1a: Alomomola|Flip Turn|p2a: Dragonite
|-resisted|p2a: Dragonite
|-damage|p2a: Dragonite|45/100 par
|
|t:|1757869171
|switch|p1a: Landorus|Landorus-Therian, M|31/100|[from] Flip Turn
|-ability|p1a: Landorus|Intimidate|boost
|-unboost|p2a: Dragonite|atk|1
|
|upkeep
|turn|24
|
|t:|1757869179
|move|p2a: Dragonite|Dragon Dance|p2a: Dragonite
|-boost|p2a: Dragonite|atk|1
|-boost|p2a: Dragonite|spe|1
|move|p1a: Landorus|Stealth Rock|p2a: Dragonite
|-sidestart|p2: ggcvbt|move: Stealth Rock
|
|upkeep
|turn|25
|
|t:|1757869188
|switch|p1a: Zapdos|Zapdos-Galar|100/100
|move|p2a: Dragonite|Dragon Dance|p2a: Dragonite
|-boost|p2a: Dragonite|atk|1
|-boost|p2a: Dragonite|spe|1
|
|upkeep
|turn|26
|
|t:|1757869195
|switch|p1a: Alomomola|Alomomola, F|100/100
|move|p2a: Dragonite|Extreme Speed|p1a: Alomomola
|-damage|p1a: Alomomola|74/100
|
|upkeep
|turn|27
|
|t:|1757869201
|move|p2a: Dragonite|Dragon Dance|p2a: Dragonite
|-boost|p2a: Dragonite|atk|1
|-boost|p2a: Dragonite|spe|0
|move|p1a: Alomomola|Flip Turn|p2a: Dragonite
|-resisted|p2a: Dragonite
|-damage|p2a: Dragonite|39/100 par
|
|t:|1757869207
|switch|p1a: Landorus|Landorus-Therian, M|31/100|[from] Flip Turn
|-ability|p1a: Landorus|Intimidate|boost
|-unboost|p2a: Dragonite|atk|1
|
|upkeep
|turn|28
|
|t:|1757869216
|move|p2a: Dragonite|Dragon Dance|p2a: Dragonite
|-boost|p2a: Dragonite|atk|1
|-boost|p2a: Dragonite|spe|0
|move|p1a: Landorus|U-turn|p2a: Dragonite
|-resisted|p2a: Dragonite
|-damage|p2a: Dragonite|30/100 par
|
|t:|1757869222
|switch|p1a: Alomomola|Alomomola, F|100/100|[from] U-turn
|
|upkeep
|turn|29
|
|t:|1757869227
|move|p2a: Dragonite|Dragon Dance|p2a: Dragonite
|-boost|p2a: Dragonite|atk|1
|-boost|p2a: Dragonite|spe|0
|move|p1a: Alomomola|Flip Turn|p2a: Dragonite
|-resisted|p2a: Dragonite
|-damage|p2a: Dragonite|23/100 par
|
|t:|1757869233
|switch|p1a: Landorus|Landorus-Therian, M|31/100|[from] Flip Turn
|-ability|p1a: Landorus|Intimidate|boost
|-unboost|p2a: Dragonite|atk|1
|
|upkeep
|turn|30
|
|t:|1757869239
|move|p2a: Dragonite|Ice Spinner|p1a: Landorus
|-supereffective|p1a: Landorus
|-damage|p1a: Landorus|0 fnt
|-damage|p2a: Dragonite|6/100 par|[from] item: Rocky Helmet|[of] p1a: Landorus
|faint|p1a: Landorus
|
|upkeep
|
|t:|1757869245
|switch|p1a: Alomomola|Alomomola, F|100/100
|turn|31
|
|t:|1757869250
|move|p2a: Dragonite|Extreme Speed|p1a: Alomomola
|-damage|p1a: Alomomola|64/100
|move|p1a: Alomomola|Body Slam|p2a: Dragonite
|-damage|p2a: Dragonite|0 fnt
|faint|p2a: Dragonite
|
|upkeep
|
|t:|1757869255
|switch|p2a: Mandibuzz|Mandibuzz, F|100/100
|-damage|p2a: Mandibuzz|75/100|[from] Stealth Rock
|turn|32
|
|t:|1757869265
|switch|p1a: Slowking|Slowking-Galar, M|100/100
|move|p2a: Mandibuzz|Toxic|p1a: Slowking
|-immune|p1a: Slowking
|
|-heal|p2a: Mandibuzz|82/100|[from] item: Leftovers
|upkeep
|turn|33
|
|t:|1757869275
|switch|p2a: Magnezone|Magnezone|92/100
|-damage|p2a: Magnezone|86/100|[from] Stealth Rock
|move|p1a: Slowking|Toxic|p2a: Magnezone
|-immune|p2a: Magnezone
|
|upkeep
|turn|34
|
|t:|1757869288
|move|p2a: Magnezone|Volt Switch|p1a: Slowking
|-damage|p1a: Slowking|80/100
|
|t:|1757869294
|switch|p2a: Cloyster|Cloyster, M|100/100|[from] Volt Switch
|-damage|p2a: Cloyster|76/100|[from] Stealth Rock
|-prepare|p1a: Slowking|Chilly Reception|[premajor]
|move|p1a: Slowking|Chilly Reception|p1a: Slowking
|-weather|Snowscape
|
|t:|1757869302
|switch|p1a: Dragapult|Dragapult, M, tera:Dragon|100/100|[from] Chilly Reception
|
|-weather|Snowscape|[upkeep]
|upkeep
|turn|35
|
|t:|1757869308
|move|p2a: Cloyster|Ice Shard|p1a: Dragapult
|-supereffective|p1a: Dragapult
|-damage|p1a: Dragapult|53/100
|move|p1a: Dragapult|Shadow Ball|p2a: Cloyster
|-damage|p2a: Cloyster|0 fnt
|faint|p2a: Cloyster
|
|-weather|Snowscape|[upkeep]
|upkeep
|
|t:|1757869316
|switch|p2a: Mandibuzz|Mandibuzz, F|82/100
|-damage|p2a: Mandibuzz|57/100|[from] Stealth Rock
|turn|36
|
|t:|1757869327
|switch|p1a: Slowking|Slowking-Galar, M|100/100
|move|p2a: Mandibuzz|Foul Play|p1a: Slowking
|-supereffective|p1a: Slowking
|-damage|p1a: Slowking|68/100
|
|-weather|Snowscape|[upkeep]
|-heal|p2a: Mandibuzz|63/100|[from] item: Leftovers
|upkeep
|turn|37
|
|t:|1757869342
|move|p2a: Mandibuzz|Foul Play|p1a: Slowking
|-supereffective|p1a: Slowking
|-damage|p1a: Slowking|31/100
|move|p1a: Slowking|Toxic|p2a: Mandibuzz
|-status|p2a: Mandibuzz|tox
|
|-weather|Snowscape|[upkeep]
|-heal|p2a: Mandibuzz|69/100 tox|[from] item: Leftovers
|-damage|p2a: Mandibuzz|63/100 tox|[from] psn
|upkeep
|turn|38
|
|t:|1757869352
|switch|p1a: Alomomola|Alomomola, F|98/100
|move|p2a: Mandibuzz|Foul Play|p1a: Alomomola
|-damage|p1a: Alomomola|84/100
|
|-weather|none
|-heal|p2a: Mandibuzz|69/100 tox|[from] item: Leftovers
|-damage|p2a: Mandibuzz|57/100 tox|[from] psn
|upkeep
|turn|39
|
|t:|1757869363
|switch|p1a: Slowking|Slowking-Galar, M|65/100
|move|p2a: Mandibuzz|Toxic|p1a: Slowking
|-immune|p1a: Slowking
|
|-heal|p2a: Mandibuzz|63/100 tox|[from] item: Leftovers
|-damage|p2a: Mandibuzz|44/100 tox|[from] psn
|upkeep
|turn|40
|-message|ggcvbt forfeited.
|
|win|IDWTLA
|raw|IDWTLA's rating: 1130 &rarr; <strong>1152</strong><br />(+22 for winning)
|raw|ggcvbt's rating: 1084 &rarr; <strong>1064</strong><br />(-20 for losing)
|l|☆ggcvbt
|player|p2|
