|j|☆nuonuozi
|j|☆upover
|t:|1757911327
|gametype|singles
|player|p1|nuonuozi|lass-gen4dp|1184
|player|p2|upover|cowgirl|1141
|gen|9
|tier|[Gen 9] OU
|rated|
|rule|HP Percentage Mod: HP is shown in percentages
|rule|Endless Battle Clause: Forcing endless battles is banned
|rule|Species Clause: Limit one of each Pokémon
|rule|OHKO Clause: OHKO moves are banned
|rule|Evasion Items Clause: Evasion items are banned
|rule|Evasion Moves Clause: Evasion moves are banned
|rule|Evasion Abilities Clause: Evasion abilities are banned
|rule|Sleep Moves Clause: Sleep-inducing moves are banned
|clearpoke
|poke|p1|Greninja-*, M|
|poke|p1|Gliscor, F|
|poke|p1|Gholdengo|
|poke|p1|Kyurem|
|poke|p1|Iron Valiant|
|poke|p1|Blaziken, M|
|poke|p2|Lokix, F|
|poke|p2|Great Tusk|
|poke|p2|Samurott-Hisui, M|
|poke|p2|Slowbro, F|
|poke|p2|Mismagius, M|
|poke|p2|Goodra-Hisui, F|
|teampreview
|
|t:|1757911352
|teamsize|p1|6
|teamsize|p2|6
|start
|switch|p1a: 坤哥|Blaziken, M, shiny|100/100
|switch|p2a: Samurott|Samurott-Hisui, M|100/100
|turn|1
|
|t:|1757911358
|move|p1a: 坤哥|Protect|p1a: 坤哥
|-singleturn|p1a: 坤哥|Protect
|move|p2a: Samurott|Aqua Cutter|p1a: 坤哥
|-activate|p1a: 坤哥|move: Protect
|
|-ability|p1a: 坤哥|Speed Boost|boost
|-boost|p1a: 坤哥|spe|1
|upkeep
|turn|2
|
|t:|1757911367
|move|p1a: 坤哥|Close Combat|p2a: Samurott
|-supereffective|p2a: Samurott
|-enditem|p2a: Samurott|Focus Sash
|-damage|p2a: Samurott|1/100
|-unboost|p1a: 坤哥|def|1
|-unboost|p1a: 坤哥|spd|1
|move|p2a: Samurott|Aqua Cutter|p1a: 坤哥
|-supereffective|p1a: 坤哥
|-enditem|p1a: 坤哥|Focus Sash
|-damage|p1a: 坤哥|1/100
|
|-ability|p1a: 坤哥|Speed Boost|boost
|-boost|p1a: 坤哥|spe|1
|upkeep
|turn|3
|
|t:|1757911380
|move|p2a: Samurott|Aqua Jet|p1a: 坤哥
|-supereffective|p1a: 坤哥
|-damage|p1a: 坤哥|0 fnt
|faint|p1a: 坤哥
|
|upkeep
|
|t:|1757911392
|switch|p1a: 蕾姆|Kyurem, shiny|100/100
|-ability|p1a: 蕾姆|Pressure
|turn|4
|
|t:|1757911399
|move|p2a: Samurott|Taunt|p1a: 蕾姆
|-start|p1a: 蕾姆|move: Taunt
|cant|p1a: 蕾姆|move: Taunt|Dragon Dance
|
|upkeep
|turn|5
|
|t:|1757911408
|switch|p2a: Goodra|Goodra-Hisui, F|100/100
|move|p1a: 蕾姆|Scale Shot|p2a: Goodra
|-damage|p2a: Goodra|86/100
|-damage|p2a: Goodra|72/100
|-damage|p2a: Goodra|57/100
|-damage|p2a: Goodra|43/100
|-damage|p2a: Goodra|30/100
|-hitcount|p2a: Goodra|5
|-unboost|p1a: 蕾姆|def|1
|-boost|p1a: 蕾姆|spe|1
|
|upkeep
|turn|6
|
|t:|1757911429
|-terastallize|p2a: Goodra|Fairy
|move|p1a: 蕾姆|Scale Shot|p2a: Goodra
|-immune|p2a: Goodra
|move|p2a: Goodra|Dragon Tail|p1a: 蕾姆|[miss]
|-miss|p2a: Goodra|p1a: 蕾姆
|
|-end|p1a: 蕾姆|move: Taunt
|upkeep
|turn|7
|
|t:|1757911441
|switch|p2a: Slowbro|Slowbro, F|100/100
|move|p1a: 蕾姆|Icicle Spear|p2a: Slowbro
|-resisted|p2a: Slowbro
|-damage|p2a: Slowbro|97/100
|-resisted|p2a: Slowbro
|-damage|p2a: Slowbro|93/100
|-resisted|p2a: Slowbro
|-damage|p2a: Slowbro|89/100
|-resisted|p2a: Slowbro
|-damage|p2a: Slowbro|85/100
|-resisted|p2a: Slowbro
|-damage|p2a: Slowbro|81/100
|-hitcount|p2a: Slowbro|5
|
|upkeep
|turn|8
|
|t:|1757911455
|move|p1a: 蕾姆|Dragon Dance|p1a: 蕾姆
|-boost|p1a: 蕾姆|atk|1
|-boost|p1a: 蕾姆|spe|1
|move|p2a: Slowbro|Scald|p1a: 蕾姆
|-resisted|p1a: 蕾姆
|-damage|p1a: 蕾姆|88/100
|
|upkeep
|turn|9
|
|t:|1757911474
|switch|p2a: Lokix|Lokix, F|100/100
|move|p1a: 蕾姆|Dragon Dance|p1a: 蕾姆
|-boost|p1a: 蕾姆|atk|1
|-boost|p1a: 蕾姆|spe|1
|
|upkeep
|turn|10
|
|t:|1757911481
|move|p2a: Lokix|First Impression|p1a: 蕾姆
|-damage|p1a: 蕾姆|0 fnt
|faint|p1a: 蕾姆
|
|upkeep
|
|t:|1757911489
|switch|p1a: 土地蝎|Gliscor, F|100/100
|turn|11
|
|t:|1757911495
|switch|p2a: Slowbro|Slowbro, F|100/100
|move|p1a: 土地蝎|Stealth Rock|p2a: Slowbro
|-sidestart|p2: upover|move: Stealth Rock
|
|-status|p1a: 土地蝎|tox|[from] item: Toxic Orb
|upkeep
|turn|12
|
|t:|1757911506
|move|p1a: 土地蝎|Protect|p1a: 土地蝎
|-singleturn|p1a: 土地蝎|Protect
|move|p2a: Slowbro|Calm Mind|p2a: Slowbro
|-boost|p2a: Slowbro|spa|1
|-boost|p2a: Slowbro|spd|1
|
|upkeep
|turn|13
|
|t:|1757911513
|move|p1a: 土地蝎|Toxic|p2a: Slowbro
|-status|p2a: Slowbro|tox
|move|p2a: Slowbro|Scald|p1a: 土地蝎
|-supereffective|p1a: 土地蝎
|-damage|p1a: 土地蝎|0 fnt
|faint|p1a: 土地蝎
|
|-damage|p2a: Slowbro|94/100 tox|[from] psn
|upkeep
|
|t:|1757911541
|switch|p1a: 我释放忍术！|Greninja, M|100/100
|turn|14
|
|t:|1757911547
|move|p1a: 我释放忍术！|Dark Pulse|p2a: Slowbro
|-start|p1a: 我释放忍术！|typechange|Dark|[from] ability: Protean
|-supereffective|p2a: Slowbro
|-damage|p2a: Slowbro|6/100 tox
|move|p2a: Slowbro|Scald|p1a: 我释放忍术！
|-damage|p1a: 我释放忍术！|31/100
|
|-damage|p2a: Slowbro|0 fnt|[from] psn
|faint|p2a: Slowbro
|upkeep
|
|t:|1757911567
|switch|p2a: Great Tusk|Great Tusk|100/100
|turn|15
|
|t:|1757911572
|switch|p1a: 金色圆柱体|Gholdengo, shiny|100/100
|move|p2a: Great Tusk|Rapid Spin|p1a: 金色圆柱体
|-immune|p1a: 金色圆柱体
|
|upkeep
|turn|16
|
|t:|1757911581
|-terastallize|p1a: 金色圆柱体|Flying
|move|p2a: Great Tusk|Headlong Rush|p1a: 金色圆柱体
|-immune|p1a: 金色圆柱体
|move|p1a: 金色圆柱体|Dazzling Gleam|p2a: Great Tusk
|-supereffective|p2a: Great Tusk
|-damage|p2a: Great Tusk|9/100
|
|upkeep
|turn|17
|
|t:|1757911590
|move|p2a: Great Tusk|Rapid Spin|p1a: 金色圆柱体
|-damage|p1a: 金色圆柱体|79/100
|-boost|p2a: Great Tusk|spe|1
|-sideend|p2: upover|Stealth Rock|[from] move: Rapid Spin|[of] p2a: Great Tusk
|move|p1a: 金色圆柱体|Dazzling Gleam|p2a: Great Tusk
|-supereffective|p2a: Great Tusk
|-damage|p2a: Great Tusk|0 fnt
|faint|p2a: Great Tusk
|-end|p2a: Great Tusk|Protosynthesis|[silent]
|
|-heal|p1a: 金色圆柱体|85/100|[from] item: Leftovers
|upkeep
|
|t:|1757911599
|switch|p2a: Goodra|Goodra-Hisui, F, tera:Fairy|30/100
|turn|18
|
|t:|1757911606
|move|p1a: 金色圆柱体|Nasty Plot|p1a: 金色圆柱体
|-boost|p1a: 金色圆柱体|spa|2
|move|p2a: Goodra|Ice Beam|p1a: 金色圆柱体
|-supereffective|p1a: 金色圆柱体
|-damage|p1a: 金色圆柱体|19/100
|
|-heal|p1a: 金色圆柱体|25/100|[from] item: Leftovers
|upkeep
|turn|19
|
|t:|1757911615
|switch|p2a: Samurott|Samurott-Hisui, M|1/100
|move|p1a: 金色圆柱体|Make It Rain|p2a: Samurott
|-resisted|p2a: Samurott
|-damage|p2a: Samurott|0 fnt
|-unboost|p1a: 金色圆柱体|spa|1
|faint|p2a: Samurott
|
|-heal|p1a: 金色圆柱体|31/100|[from] item: Leftovers
|upkeep
|
|t:|1757911619
|switch|p2a: Lokix|Lokix, F|100/100
|turn|20
|
|t:|1757911638
|move|p2a: Lokix|First Impression|p1a: 金色圆柱体
|-resisted|p1a: 金色圆柱体
|-damage|p1a: 金色圆柱体|0 fnt
|faint|p1a: 金色圆柱体
|
|upkeep
|
|t:|1757911645
|switch|p1a: 沙奈朵|Iron Valiant|100/100
|-enditem|p1a: 沙奈朵|Booster Energy
|-activate|p1a: 沙奈朵|ability: Quark Drive|[fromitem]
|-start|p1a: 沙奈朵|quarkdrivespe
|turn|21
|
|t:|1757911650
|switch|p2a: Goodra|Goodra-Hisui, F, tera:Fairy|30/100
|move|p1a: 沙奈朵|Moonblast|p2a: Goodra
|-damage|p2a: Goodra|9/100
|-unboost|p2a: Goodra|spa|1
|
|upkeep
|turn|22
|
|t:|1757911660
|move|p1a: 沙奈朵|Moonblast|p2a: Goodra
|-damage|p2a: Goodra|0 fnt
|faint|p2a: Goodra
|
|upkeep
|
|t:|1757911663
|switch|p2a: Mismagius|Mismagius, M|100/100
|turn|23
|
|t:|1757911670
|move|p1a: 沙奈朵|Shadow Ball|p2a: Mismagius
|-supereffective|p2a: Mismagius
|-damage|p2a: Mismagius|30/100
|move|p2a: Mismagius|Destiny Bond|p2a: Mismagius
|-singlemove|p2a: Mismagius|Destiny Bond
|
|upkeep
|turn|24
|
|t:|1757911680
|-end|p1a: 沙奈朵|Quark Drive|[silent]
|switch|p1a: 我释放忍术！|Greninja, M|31/100
|move|p2a: Mismagius|Destiny Bond||[still]
|-fail|p2a: Mismagius
|
|upkeep
|turn|25
|
|t:|1757911691
|move|p2a: Mismagius|Destiny Bond|p2a: Mismagius
|-singlemove|p2a: Mismagius|Destiny Bond
|move|p1a: 我释放忍术！|Surf|p2a: Mismagius
|-start|p1a: 我释放忍术！|typechange|Water|[from] ability: Protean
|-damage|p2a: Mismagius|0 fnt
|faint|p2a: Mismagius
|-activate|p2a: Mismagius|move: Destiny Bond
|faint|p1a: 我释放忍术！
|
|upkeep
|
|t:|1757911702
|switch|p1a: 沙奈朵|Iron Valiant|100/100
|switch|p2a: Lokix|Lokix, F|100/100
|turn|26
|
|t:|1757911708
|move|p2a: Lokix|First Impression|p1a: 沙奈朵
|-resisted|p1a: 沙奈朵
|-damage|p1a: 沙奈朵|60/100
|move|p1a: 沙奈朵|Moonblast|p2a: Lokix
|-supereffective|p2a: Lokix
|-damage|p2a: Lokix|0 fnt
|faint|p2a: Lokix
|
|win|nuonuozi
|raw|nuonuozi's rating: 1184 &rarr; <strong>1206</strong><br />(+22 for winning)
|raw|upover's rating: 1141 &rarr; <strong>1119</strong><br />(-22 for losing)
|l|☆upover
|player|p2|
|l|☆nuonuozi
|player|p1|
