|j|☆avitross
|j|☆chenyu1998
|t:|1757851394
|gametype|singles
|player|p1|avitross|265|1423
|player|p2|chenyu1998|102|1363
|gen|9
|tier|[Gen 9] OU
|rated|
|rule|HP Percentage Mod: HP is shown in percentages
|rule|Endless Battle Clause: Forcing endless battles is banned
|rule|Species Clause: Limit one of each Pokémon
|rule|OHKO Clause: OHKO moves are banned
|rule|Evasion Items Clause: Evasion items are banned
|rule|Evasion Moves Clause: Evasion moves are banned
|rule|Evasion Abilities Clause: Evasion abilities are banned
|rule|Sleep Moves Clause: Sleep-inducing moves are banned
|clearpoke
|poke|p1|Salazzle, F|
|poke|p1|Weezing-Galar, F|
|poke|p1|Gholdengo|
|poke|p1|Ambipom, M|
|poke|p1|Corviknight, M|
|poke|p1|Gliscor, M|
|poke|p2|Ogerpon-Cornerstone, F|
|poke|p2|Hatterene, F|
|poke|p2|Pecharunt|
|poke|p2|Landorus-Therian, M|
|poke|p2|Kingambit, F|
|poke|p2|Enamorus, F|
|teampreview
|inactive|Battle timer is ON: inactive players will automatically lose when time's up. (requested by chenyu1998)
|inactiveoff|Battle timer is now OFF.
|
|t:|1757851437
|teamsize|p1|6
|teamsize|p2|6
|start
|switch|p1a: Ambipom|Ambipom, M|100/100
|switch|p2a: Ogerpon|Ogerpon-Cornerstone, F|100/100
|turn|1
|
|t:|1757851455
|-terastallize|p2a: Ogerpon|Rock
|detailschange|p2a: Ogerpon|Ogerpon-Cornerstone-Tera, F, tera:Rock
|-ability|p2a: Ogerpon|Embody Aspect (Cornerstone)|boost
|-boost|p2a: Ogerpon|def|1
|move|p1a: Ambipom|U-turn|p2a: Ogerpon
|-damage|p2a: Ogerpon|83/100
|
|t:|1757851467
|switch|p1a: Gholdengo|Gholdengo|100/100|[from] U-turn
|move|p2a: Ogerpon|Ivy Cudgel|p1a: Gholdengo|[anim] Ivy Cudgel Rock
|-resisted|p1a: Gholdengo
|-damage|p1a: Gholdengo|59/100
|
|upkeep
|turn|2
|
|t:|1757851478
|switch|p2a: Kingambit|Kingambit, F, shiny|100/100
|move|p1a: Gholdengo|Focus Blast|p2a: Kingambit
|-supereffective|p2a: Kingambit
|-damage|p2a: Kingambit|0 fnt
|faint|p2a: Kingambit
|-end|p2a: Kingambit|fallenundefined|[silent]
|
|upkeep
|
|t:|1757851485
|switch|p2a: Landorus|Landorus-Therian, M, shiny|100/100
|-ability|p2a: Landorus|Intimidate|boost
|-unboost|p1a: Gholdengo|atk|1
|turn|3
|
|t:|1757851491
|switch|p1a: Gliscor|Gliscor, M|100/100
|move|p2a: Landorus|Stealth Rock|p1a: Gliscor
|-sidestart|p1: avitross|move: Stealth Rock
|
|-status|p1a: Gliscor|tox|[from] item: Toxic Orb
|upkeep
|turn|4
|
|t:|1757851500
|move|p2a: Landorus|Taunt|p1a: Gliscor
|-start|p1a: Gliscor|move: Taunt
|move|p1a: Gliscor|U-turn|p2a: Landorus
|-resisted|p2a: Landorus
|-damage|p2a: Landorus|94/100
|-damage|p1a: Gliscor|84/100 tox|[from] item: Rocky Helmet|[of] p2a: Landorus
|inactive|Battle timer is ON: inactive players will automatically lose when time's up. (requested by chenyu1998)
|
|t:|1757851542
|switch|p1a: Ambipom|Ambipom, M|100/100|[from] U-turn
|-damage|p1a: Ambipom|88/100|[from] Stealth Rock
|
|upkeep
|turn|5
|
|t:|1757851547
|switch|p2a: Pecharunt|Pecharunt|100/100
|move|p1a: Ambipom|Triple Axel|p2a: Pecharunt
|-crit|p2a: Pecharunt
|-damage|p2a: Pecharunt|93/100
|-damage|p2a: Pecharunt|84/100
|-hitcount|p2a: Pecharunt|2
|
|upkeep
|turn|6
|
|t:|1757851555
|switch|p1a: Gholdengo|Gholdengo|59/100
|-damage|p1a: Gholdengo|53/100|[from] Stealth Rock
|move|p2a: Pecharunt|Parting Shot|p1a: Gholdengo
|-immune|p1a: Gholdengo|[from] ability: Good as Gold
|
|upkeep
|turn|7
|
|t:|1757851566
|move|p1a: Gholdengo|Hex|p2a: Pecharunt
|-supereffective|p2a: Pecharunt
|-damage|p2a: Pecharunt|20/100
|move|p2a: Pecharunt|Shadow Ball|p1a: Gholdengo
|-supereffective|p1a: Gholdengo
|-damage|p1a: Gholdengo|0 fnt
|faint|p1a: Gholdengo
|
|upkeep
|
|t:|1757851573
|switch|p1a: Ambipom|Ambipom, M|88/100
|-damage|p1a: Ambipom|76/100|[from] Stealth Rock
|turn|8
|
|t:|1757851578
|move|p1a: Ambipom|Knock Off|p2a: Pecharunt
|-supereffective|p2a: Pecharunt
|-damage|p2a: Pecharunt|0 fnt
|-enditem|p2a: Pecharunt|Heavy-Duty Boots|[from] move: Knock Off|[of] p1a: Ambipom
|faint|p2a: Pecharunt
|
|upkeep
|
|t:|1757851591
|switch|p2a: Ogerpon|Ogerpon-Cornerstone-Tera, F, tera:Rock|83/100
|-ability|p2a: Ogerpon|Embody Aspect (Cornerstone)|boost
|-boost|p2a: Ogerpon|def|1
|turn|9
|inactive|avitross has 120 seconds left.
|
|t:|1757851639
|move|p1a: Ambipom|Knock Off|p2a: Ogerpon
|-damage|p2a: Ogerpon|67/100
|move|p2a: Ogerpon|Ivy Cudgel|p1a: Ambipom|[anim] Ivy Cudgel Rock
|-damage|p1a: Ambipom|0 fnt
|faint|p1a: Ambipom
|
|upkeep
|inactive|avitross has 90 seconds left.
|
|t:|1757851669
|switch|p1a: Corviknight|Corviknight, M|100/100
|-damage|p1a: Corviknight|88/100|[from] Stealth Rock
|-ability|p1a: Corviknight|Pressure
|turn|10
|
|t:|1757851678
|switch|p2a: Landorus|Landorus-Therian, M, shiny|94/100
|-ability|p2a: Landorus|Intimidate|boost
|-unboost|p1a: Corviknight|atk|1
|move|p1a: Corviknight|Body Press|p2a: Landorus
|-resisted|p2a: Landorus
|-damage|p2a: Landorus|84/100
|-damage|p1a: Corviknight|72/100|[from] item: Rocky Helmet|[of] p2a: Landorus
|
|upkeep
|turn|11
|
|t:|1757851687
|switch|p1a: Weezing|Weezing-Galar, F|100/100
|-ability|p1a: Weezing|Neutralizing Gas
|move|p2a: Landorus|Taunt|p1a: Weezing
|-start|p1a: Weezing|move: Taunt
|
|upkeep
|turn|12
|
|t:|1757851696
|-end|p1a: Weezing|ability: Neutralizing Gas
|-ability|p2a: Landorus|Intimidate|boost
|-unboost|p1a: Weezing|atk|1
|switch|p1a: Gliscor|Gliscor, M|84/100 tox
|-damage|p1a: Gliscor|72/100 tox|[from] Stealth Rock
|move|p2a: Landorus|Earthquake|p1a: Gliscor
|-immune|p1a: Gliscor
|
|-heal|p1a: Gliscor|84/100 tox|[from] ability: Poison Heal
|upkeep
|turn|13
|
|t:|1757851706
|move|p1a: Gliscor|Protect|p1a: Gliscor
|-singleturn|p1a: Gliscor|Protect
|move|p2a: Landorus|Taunt|p1a: Gliscor
|-activate|p1a: Gliscor|move: Protect
|
|-heal|p1a: Gliscor|97/100 tox|[from] ability: Poison Heal
|upkeep
|turn|14
|
|t:|1757851725
|switch|p1a: Weezing|Weezing-Galar, F|100/100
|-ability|p1a: Weezing|Neutralizing Gas
|move|p2a: Landorus|U-turn|p1a: Weezing
|-resisted|p1a: Weezing
|-damage|p1a: Weezing|97/100
|
|t:|1757851735
|switch|p2a: Enamorus|Enamorus, F|100/100|[from] U-turn
|
|upkeep
|turn|15
|inactive|avitross has 120 seconds left.
|
|t:|1757851744
|-end|p1a: Weezing|ability: Neutralizing Gas
|switch|p1a: Gliscor|Gliscor, M|97/100 tox
|-damage|p1a: Gliscor|84/100 tox|[from] Stealth Rock
|move|p2a: Enamorus|Psychic|p1a: Gliscor
|-damage|p1a: Gliscor|52/100 tox
|
|-heal|p1a: Gliscor|65/100 tox|[from] ability: Poison Heal
|upkeep
|turn|16
|
|t:|1757851755
|switch|p2a: Hatterene|Hatterene, F, shiny|100/100
|move|p1a: Gliscor|Toxic|p2a: Hatterene
|move|p2a: Hatterene|Toxic|p1a: Gliscor|[from] ability: Magic Bounce
|-fail|p1a: Gliscor|tox
|
|-heal|p1a: Gliscor|77/100 tox|[from] ability: Poison Heal
|upkeep
|turn|17
|
|t:|1757851766
|switch|p2a: Landorus|Landorus-Therian, M, shiny|84/100
|-ability|p2a: Landorus|Intimidate|boost
|-unboost|p1a: Gliscor|atk|1
|move|p1a: Gliscor|U-turn|p2a: Landorus
|-resisted|p2a: Landorus
|-damage|p2a: Landorus|79/100
|-damage|p1a: Gliscor|61/100 tox|[from] item: Rocky Helmet|[of] p2a: Landorus
|inactive|avitross has 120 seconds left.
|
|t:|1757851777
|switch|p1a: Weezing|Weezing-Galar, F|97/100|[from] U-turn
|-ability|p1a: Weezing|Neutralizing Gas
|
|upkeep
|turn|18
|
|t:|1757851787
|-terastallize|p1a: Weezing|Grass
|move|p2a: Landorus|Earthquake|p1a: Weezing
|-resisted|p1a: Weezing
|-damage|p1a: Weezing|83/100
|move|p1a: Weezing|Toxic Spikes|p2a: Landorus
|-sidestart|p2: chenyu1998|move: Toxic Spikes
|
|upkeep
|turn|19
|
|t:|1757851798
|-end|p1a: Weezing|ability: Neutralizing Gas
|-ability|p2a: Landorus|Intimidate|boost
|-unboost|p1a: Weezing|atk|1
|switch|p1a: Corviknight|Corviknight, M|72/100
|-damage|p1a: Corviknight|59/100|[from] Stealth Rock
|-ability|p1a: Corviknight|Pressure
|move|p2a: Landorus|U-turn|p1a: Corviknight
|-resisted|p1a: Corviknight
|-damage|p1a: Corviknight|56/100
|-damage|p2a: Landorus|63/100|[from] item: Rocky Helmet|[of] p1a: Corviknight
|
|t:|1757851815
|switch|p2a: Enamorus|Enamorus, F|100/100|[from] U-turn
|
|upkeep
|turn|20
|
|t:|1757851833
|switch|p1a: Salazzle|Salazzle, F|100/100
|-damage|p1a: Salazzle|76/100|[from] Stealth Rock
|move|p2a: Enamorus|Moonblast|p1a: Salazzle
|-resisted|p1a: Salazzle
|-damage|p1a: Salazzle|54/100
|-unboost|p1a: Salazzle|spa|1
|
|-heal|p1a: Salazzle|61/100|[from] item: Leftovers
|upkeep
|turn|21
|inactive|avitross has 120 seconds left.
|
|t:|1757851854
|switch|p2a: Landorus|Landorus-Therian, M, shiny|63/100
|-ability|p2a: Landorus|Intimidate|boost
|-unboost|p1a: Salazzle|atk|1
|move|p1a: Salazzle|Substitute|p1a: Salazzle
|-start|p1a: Salazzle|Substitute
|-damage|p1a: Salazzle|36/100
|
|-heal|p1a: Salazzle|42/100|[from] item: Leftovers
|upkeep
|turn|22
|
|t:|1757851862
|move|p1a: Salazzle|Protect|p1a: Salazzle
|-singleturn|p1a: Salazzle|Protect
|move|p2a: Landorus|Earthquake|p1a: Salazzle
|-activate|p1a: Salazzle|move: Protect
|
|-heal|p1a: Salazzle|48/100|[from] item: Leftovers
|upkeep
|turn|23
|
|t:|1757851871
|move|p1a: Salazzle|Toxic|p2a: Landorus
|-status|p2a: Landorus|tox
|move|p2a: Landorus|Earthquake|p1a: Salazzle
|-supereffective|p1a: Salazzle
|-end|p1a: Salazzle|Substitute
|
|-heal|p1a: Salazzle|54/100|[from] item: Leftovers
|-damage|p2a: Landorus|57/100 tox|[from] psn
|upkeep
|turn|24
|
|t:|1757851881
|move|p1a: Salazzle|Protect|p1a: Salazzle
|-singleturn|p1a: Salazzle|Protect
|move|p2a: Landorus|U-turn|p1a: Salazzle
|-activate|p1a: Salazzle|move: Protect
|
|-heal|p1a: Salazzle|61/100|[from] item: Leftovers
|-damage|p2a: Landorus|45/100 tox|[from] psn
|upkeep
|turn|25
|
|t:|1757851890
|move|p1a: Salazzle|Substitute|p1a: Salazzle
|-start|p1a: Salazzle|Substitute
|-damage|p1a: Salazzle|36/100
|move|p2a: Landorus|U-turn|p1a: Salazzle
|-resisted|p1a: Salazzle
|-activate|p1a: Salazzle|move: Substitute|[damage]
|
|t:|1757851896
|switch|p2a: Enamorus|Enamorus, F|100/100|[from] U-turn
|
|-heal|p1a: Salazzle|42/100|[from] item: Leftovers
|upkeep
|turn|26
|
|t:|1757851905
|move|p1a: Salazzle|Protect|p1a: Salazzle
|-singleturn|p1a: Salazzle|Protect
|move|p2a: Enamorus|Psychic|p1a: Salazzle
|-activate|p1a: Salazzle|move: Protect
|
|-heal|p1a: Salazzle|48/100|[from] item: Leftovers
|upkeep
|turn|27
|
|t:|1757851929
|switch|p2a: Landorus|Landorus-Therian, M, shiny|45/100 tox
|-ability|p2a: Landorus|Intimidate|boost
|-immune|p1a: Salazzle
|move|p1a: Salazzle|Toxic|p2a: Landorus
|-fail|p2a: Landorus|tox
|
|-heal|p1a: Salazzle|54/100|[from] item: Leftovers
|-damage|p2a: Landorus|39/100 tox|[from] psn
|upkeep
|turn|28
|
|t:|1757851941
|move|p1a: Salazzle|Protect|p1a: Salazzle
|-singleturn|p1a: Salazzle|Protect
|move|p2a: Landorus|Earthquake|p1a: Salazzle
|-activate|p1a: Salazzle|move: Protect
|
|-heal|p1a: Salazzle|61/100|[from] item: Leftovers
|-damage|p2a: Landorus|27/100 tox|[from] psn
|upkeep
|turn|29
|
|t:|1757851950
|move|p1a: Salazzle|Flamethrower|p2a: Landorus
|-damage|p2a: Landorus|4/100 tox
|move|p2a: Landorus|U-turn|p1a: Salazzle
|-resisted|p1a: Salazzle
|-activate|p1a: Salazzle|move: Substitute|[damage]
|
|t:|1757851957
|switch|p2a: Enamorus|Enamorus, F|100/100|[from] U-turn
|
|-heal|p1a: Salazzle|67/100|[from] item: Leftovers
|upkeep
|turn|30
|
|t:|1757851966
|move|p1a: Salazzle|Protect|p1a: Salazzle
|-singleturn|p1a: Salazzle|Protect
|move|p2a: Enamorus|Earth Power|p1a: Salazzle
|-activate|p1a: Salazzle|move: Protect
|
|-heal|p1a: Salazzle|73/100|[from] item: Leftovers
|upkeep
|turn|31
|
|t:|1757851974
|move|p2a: Enamorus|Earth Power|p1a: Salazzle
|-supereffective|p1a: Salazzle
|-end|p1a: Salazzle|Substitute
|move|p1a: Salazzle|Toxic|p2a: Enamorus
|-status|p2a: Enamorus|tox
|
|-heal|p1a: Salazzle|79/100|[from] item: Leftovers
|-damage|p2a: Enamorus|94/100 tox|[from] psn
|upkeep
|turn|32
|
|t:|1757851987
|switch|p2a: Landorus|Landorus-Therian, M, shiny|4/100 tox
|-ability|p2a: Landorus|Intimidate|boost
|-unboost|p1a: Salazzle|atk|1
|move|p1a: Salazzle|Protect||[still]
|-fail|p1a: Salazzle
|
|-heal|p1a: Salazzle|85/100|[from] item: Leftovers
|-damage|p2a: Landorus|0 fnt|[from] psn
|faint|p2a: Landorus
|upkeep
|
|t:|1757852006
|switch|p2a: Ogerpon|Ogerpon-Cornerstone-Tera, F, tera:Rock|67/100
|-status|p2a: Ogerpon|psn
|-ability|p2a: Ogerpon|Embody Aspect (Cornerstone)|boost
|-boost|p2a: Ogerpon|def|1
|turn|33
|
|t:|1757852017
|move|p1a: Salazzle|Protect|p1a: Salazzle
|-singleturn|p1a: Salazzle|Protect
|move|p2a: Ogerpon|Ivy Cudgel|p1a: Salazzle|[anim] Ivy Cudgel Rock
|-activate|p1a: Salazzle|move: Protect
|
|-heal|p1a: Salazzle|92/100|[from] item: Leftovers
|-damage|p2a: Ogerpon|55/100 psn|[from] psn
|upkeep
|turn|34
|
|t:|1757852029
|move|p1a: Salazzle|Substitute|p1a: Salazzle
|-start|p1a: Salazzle|Substitute
|-damage|p1a: Salazzle|67/100
|move|p2a: Ogerpon|Ivy Cudgel|p1a: Salazzle|[anim] Ivy Cudgel Rock
|-supereffective|p1a: Salazzle
|-end|p1a: Salazzle|Substitute
|
|-heal|p1a: Salazzle|73/100|[from] item: Leftovers
|-damage|p2a: Ogerpon|42/100 psn|[from] psn
|upkeep
|turn|35
|
|t:|1757852038
|move|p1a: Salazzle|Protect|p1a: Salazzle
|-singleturn|p1a: Salazzle|Protect
|move|p2a: Ogerpon|Ivy Cudgel|p1a: Salazzle|[anim] Ivy Cudgel Rock
|-activate|p1a: Salazzle|move: Protect
|
|-heal|p1a: Salazzle|79/100|[from] item: Leftovers
|-damage|p2a: Ogerpon|30/100 psn|[from] psn
|upkeep
|turn|36
|
|t:|1757852046
|move|p1a: Salazzle|Substitute|p1a: Salazzle
|-start|p1a: Salazzle|Substitute
|-damage|p1a: Salazzle|54/100
|move|p2a: Ogerpon|Ivy Cudgel|p1a: Salazzle|[anim] Ivy Cudgel Rock
|-supereffective|p1a: Salazzle
|-end|p1a: Salazzle|Substitute
|
|-heal|p1a: Salazzle|61/100|[from] item: Leftovers
|-damage|p2a: Ogerpon|18/100 psn|[from] psn
|upkeep
|turn|37
|
|t:|1757852055
|move|p1a: Salazzle|Protect|p1a: Salazzle
|-singleturn|p1a: Salazzle|Protect
|move|p2a: Ogerpon|Ivy Cudgel|p1a: Salazzle|[anim] Ivy Cudgel Rock
|-activate|p1a: Salazzle|move: Protect
|
|-heal|p1a: Salazzle|67/100|[from] item: Leftovers
|-damage|p2a: Ogerpon|5/100 psn|[from] psn
|upkeep
|turn|38
|
|t:|1757852063
|move|p1a: Salazzle|Flamethrower|p2a: Ogerpon
|-resisted|p2a: Ogerpon
|-damage|p2a: Ogerpon|0 fnt
|faint|p2a: Ogerpon
|detailschange|p2: Ogerpon|Ogerpon-Cornerstone, F|[silent]
|
|-heal|p1a: Salazzle|73/100|[from] item: Leftovers
|upkeep
|
|t:|1757852069
|switch|p2a: Enamorus|Enamorus, F|94/100 tox
|turn|39
|
|t:|1757852075
|move|p1a: Salazzle|Protect|p1a: Salazzle
|-singleturn|p1a: Salazzle|Protect
|move|p2a: Enamorus|Psychic|p1a: Salazzle
|-activate|p1a: Salazzle|move: Protect
|
|-heal|p1a: Salazzle|79/100|[from] item: Leftovers
|-damage|p2a: Enamorus|88/100 tox|[from] psn
|upkeep
|turn|40
|
|t:|1757852083
|switch|p1a: Corviknight|Corviknight, M|56/100
|-damage|p1a: Corviknight|44/100|[from] Stealth Rock
|-ability|p1a: Corviknight|Pressure
|move|p2a: Enamorus|Psychic|p1a: Corviknight
|-resisted|p1a: Corviknight
|-damage|p1a: Corviknight|26/100
|
|-damage|p2a: Enamorus|76/100 tox|[from] psn
|upkeep
|turn|41
|
|t:|1757852093
|switch|p2a: Hatterene|Hatterene, F, shiny|100/100
|-status|p2a: Hatterene|psn
|move|p1a: Corviknight|Roost|p1a: Corviknight
|-heal|p1a: Corviknight|76/100
|-singleturn|p1a: Corviknight|move: Roost
|
|-damage|p2a: Hatterene|88/100 psn|[from] psn
|upkeep
|turn|42
|
|t:|1757852102
|move|p1a: Corviknight|Defog|p2a: Hatterene
|move|p2a: Hatterene|Defog|p1a: Corviknight|[from] ability: Magic Bounce
|-unboost|p1a: Corviknight|evasion|1
|-sideend|p1: avitross|Stealth Rock|[from] move: Defog|[of] p2a: Hatterene
|-sideend|p2: chenyu1998|Toxic Spikes|[from] move: Defog|[of] p2a: Hatterene
|move|p2a: Hatterene|Psychic Noise|p1a: Corviknight
|-resisted|p1a: Corviknight
|-damage|p1a: Corviknight|57/100
|-start|p1a: Corviknight|move: Heal Block
|
|-damage|p2a: Hatterene|76/100 psn|[from] psn
|upkeep
|turn|43
|
|t:|1757852115
|move|p1a: Corviknight|U-turn|p2a: Hatterene
|-damage|p2a: Hatterene|59/100 psn
|
|t:|1757852120
|switch|p1a: Gliscor|Gliscor, M|61/100 tox|[from] U-turn
|move|p2a: Hatterene|Psychic Noise|p1a: Gliscor
|-damage|p1a: Gliscor|25/100 tox
|-start|p1a: Gliscor|move: Heal Block
|
|-damage|p2a: Hatterene|47/100 psn|[from] psn
|upkeep
|turn|44
|
|t:|1757852129
|switch|p2a: Enamorus|Enamorus, F|76/100 tox
|move|p1a: Gliscor|Protect||[still]
|-fail|p1a: Gliscor
|
|-damage|p2a: Enamorus|69/100 tox|[from] psn
|-end|p1a: Gliscor|move: Heal Block
|upkeep
|turn|45
|inactive|avitross has 120 seconds left.
|inactive|chenyu1998 has 120 seconds left.
|
|t:|1757852169
|switch|p1a: Weezing|Weezing-Galar, F, tera:Grass|83/100
|-ability|p1a: Weezing|Neutralizing Gas
|move|p2a: Enamorus|Psychic|p1a: Weezing
|-damage|p1a: Weezing|36/100
|
|-damage|p2a: Enamorus|57/100 tox|[from] psn
|upkeep
|turn|46
|inactive|avitross has 120 seconds left.
|
|t:|1757852177
|-end|p1a: Weezing|ability: Neutralizing Gas
|switch|p1a: Corviknight|Corviknight, M|57/100
|-ability|p1a: Corviknight|Pressure
|move|p2a: Enamorus|Psychic|p1a: Corviknight
|-resisted|p1a: Corviknight
|-damage|p1a: Corviknight|39/100
|
|-damage|p2a: Enamorus|38/100 tox|[from] psn
|upkeep
|turn|47
|
|t:|1757852186
|switch|p2a: Hatterene|Hatterene, F, shiny|47/100 psn
|move|p1a: Corviknight|Roost|p1a: Corviknight
|-heal|p1a: Corviknight|89/100
|-singleturn|p1a: Corviknight|move: Roost
|
|-damage|p2a: Hatterene|35/100 psn|[from] psn
|upkeep
|turn|48
|
|t:|1757852197
|move|p1a: Corviknight|U-turn|p2a: Hatterene
|-damage|p2a: Hatterene|20/100 psn
|
|t:|1757852205
|switch|p1a: Weezing|Weezing-Galar, F, tera:Grass|36/100|[from] U-turn
|-ability|p1a: Weezing|Neutralizing Gas
|move|p2a: Hatterene|Nuzzle|p1a: Weezing
|-resisted|p1a: Weezing
|-damage|p1a: Weezing|35/100
|-status|p1a: Weezing|par
|
|-damage|p2a: Hatterene|7/100 psn|[from] psn
|upkeep
|turn|49
|
|t:|1757852216
|switch|p2a: Enamorus|Enamorus, F|38/100 tox
|move|p1a: Weezing|Sludge Bomb|p2a: Enamorus
|-supereffective|p2a: Enamorus
|-damage|p2a: Enamorus|0 fnt
|faint|p2a: Enamorus
|
|upkeep
|-message|chenyu1998 forfeited.
|
|win|avitross
|raw|avitross's rating: 1423 &rarr; <strong>1440</strong><br />(+17 for winning)
|raw|chenyu1998's rating: 1363 &rarr; <strong>1346</strong><br />(-17 for losing)
|l|☆chenyu1998
|player|p2|
|l|☆avitross
|player|p1|
