|j|☆thegoomygod
|j|☆rbonjalemes
|t:|1757793393
|gametype|singles
|player|p1|thegoomygod|266|1367
|player|p2|rbonjalemes|dawn|1371
|gen|9
|tier|[Gen 9] OU
|rated|
|rule|HP Percentage Mod: HP is shown in percentages
|rule|Endless Battle Clause: Forcing endless battles is banned
|rule|Species Clause: Limit one of each Pokémon
|rule|OHKO Clause: OHKO moves are banned
|rule|Evasion Items Clause: Evasion items are banned
|rule|Evasion Moves Clause: Evasion moves are banned
|rule|Evasion Abilities Clause: Evasion abilities are banned
|rule|Sleep Moves Clause: Sleep-inducing moves are banned
|clearpoke
|poke|p1|Latios, M|
|poke|p1|Slowking-Galar, M|
|poke|p1|Kingambit, F|
|poke|p1|Moltres|
|poke|p1|Clefable, F|
|poke|p1|Great Tusk|
|poke|p2|Necrozma|
|poke|p2|Raging Bolt|
|poke|p2|Dragapult, M|
|poke|p2|Ninetales-Alola, F|
|poke|p2|Quaquaval, M|
|poke|p2|Iron Treads|
|teampreview
|
|t:|1757793411
|teamsize|p1|6
|teamsize|p2|6
|start
|switch|p1a: Moltres|Moltres|100/100
|switch|p2a: Raging Bolt|Raging Bolt|100/100
|turn|1
|
|t:|1757793419
|switch|p1a: Slowking|Slowking-Galar, M|100/100
|move|p2a: Raging Bolt|Thunderbolt|p1a: Slowking
|-damage|p1a: Slowking|65/100
|
|upkeep
|turn|2
|
|t:|1757793425
|move|p2a: Raging Bolt|Thunderbolt|p1a: Slowking
|-damage|p1a: Slowking|28/100
|-prepare|p1a: Slowking|Chilly Reception|[premajor]
|move|p1a: Slowking|Chilly Reception|p1a: Slowking
|-weather|Snowscape
|
|t:|1757793429
|switch|p1a: Latios|Latios, M|100/100|[from] Chilly Reception
|
|-weather|Snowscape|[upkeep]
|upkeep
|turn|3
|
|t:|1757793435
|-end|p2a: Raging Bolt|Protosynthesis|[silent]
|switch|p2a: Ninetales|Ninetales-Alola, F|100/100
|move|p1a: Latios|Draco Meteor|p2a: Ninetales
|-immune|p2a: Ninetales
|
|-weather|Snowscape|[upkeep]
|upkeep
|turn|4
|
|t:|1757793440
|switch|p1a: Moltres|Moltres|100/100
|move|p2a: Ninetales|Aurora Veil|p2a: Ninetales
|-sidestart|p2: rbonjalemes|move: Aurora Veil
|
|-weather|Snowscape|[upkeep]
|upkeep
|turn|5
|
|t:|1757793450
|switch|p2a: Necrozma|Necrozma|100/100
|move|p1a: Moltres|Will-O-Wisp|p2a: Necrozma
|-status|p2a: Necrozma|brn
|
|-weather|Snowscape|[upkeep]
|-damage|p2a: Necrozma|94/100 brn|[from] brn
|upkeep
|turn|6
|
|t:|1757793460
|switch|p1a: Slowking|Slowking-Galar, M|61/100
|move|p2a: Necrozma|Calm Mind|p2a: Necrozma
|-boost|p2a: Necrozma|spa|1
|-boost|p2a: Necrozma|spd|1
|
|-weather|none
|-heal|p2a: Necrozma|100/100 brn|[from] item: Leftovers
|-damage|p2a: Necrozma|94/100 brn|[from] brn
|upkeep
|turn|7
|
|t:|1757793465
|move|p2a: Necrozma|Earth Power|p1a: Slowking
|-supereffective|p1a: Slowking
|-crit|p1a: Slowking
|-damage|p1a: Slowking|0 fnt
|faint|p1a: Slowking
|
|-heal|p2a: Necrozma|100/100 brn|[from] item: Leftovers
|-damage|p2a: Necrozma|94/100 brn|[from] brn
|upkeep
|
|t:|1757793472
|switch|p1a: Latios|Latios, M|100/100
|turn|8
|
|t:|1757793475
|move|p1a: Latios|Calm Mind|p1a: Latios
|-boost|p1a: Latios|spa|1
|-boost|p1a: Latios|spd|1
|move|p2a: Necrozma|Photon Geyser|p1a: Latios
|-resisted|p1a: Latios
|-damage|p1a: Latios|70/100
|
|-heal|p2a: Necrozma|100/100 brn|[from] item: Leftovers
|-damage|p2a: Necrozma|94/100 brn|[from] brn
|upkeep
|turn|9
|
|t:|1757793484
|switch|p2a: Dragapult|Dragapult, M|100/100
|move|p1a: Latios|Calm Mind|p1a: Latios
|-boost|p1a: Latios|spa|1
|-boost|p1a: Latios|spd|1
|
|upkeep
|turn|10
|
|t:|1757793488
|-terastallize|p2a: Dragapult|Ghost
|-terastallize|p1a: Latios|Steel
|move|p2a: Dragapult|Tera Blast|p1a: Latios|[anim] Tera Blast Ghost
|-damage|p1a: Latios|0 fnt
|faint|p1a: Latios
|
|upkeep
|
|t:|1757793496
|switch|p1a: Great Tusk|Great Tusk|100/100
|-enditem|p1a: Great Tusk|Booster Energy
|-activate|p1a: Great Tusk|ability: Protosynthesis|[fromitem]
|-start|p1a: Great Tusk|protosynthesisspe
|turn|11
|
|t:|1757793501
|move|p1a: Great Tusk|Bulk Up|p1a: Great Tusk
|-boost|p1a: Great Tusk|atk|1
|-boost|p1a: Great Tusk|def|1
|move|p2a: Dragapult|Tera Blast|p1a: Great Tusk|[anim] Tera Blast Ghost
|-damage|p1a: Great Tusk|67/100
|
|-sideend|p2: rbonjalemes|move: Aurora Veil
|upkeep
|turn|12
|
|t:|1757793508
|switch|p2a: Ninetales|Ninetales-Alola, F|100/100
|-weather|Snowscape|[from] ability: Snow Warning|[of] p2a: Ninetales
|move|p1a: Great Tusk|Headlong Rush|p2a: Ninetales
|-damage|p2a: Ninetales|37/100
|-unboost|p1a: Great Tusk|def|1
|-unboost|p1a: Great Tusk|spd|1
|
|-weather|Snowscape|[upkeep]
|upkeep
|turn|13
|
|t:|1757793524
|move|p1a: Great Tusk|Headlong Rush|p2a: Ninetales
|-crit|p2a: Ninetales
|-damage|p2a: Ninetales|0 fnt
|-unboost|p1a: Great Tusk|def|1
|-unboost|p1a: Great Tusk|spd|1
|faint|p2a: Ninetales
|
|-weather|Snowscape|[upkeep]
|upkeep
|
|t:|1757793525
|switch|p2a: Quaquaval|Quaquaval, M|100/100
|turn|14
|
|t:|1757793535
|-end|p1a: Great Tusk|Protosynthesis|[silent]
|switch|p1a: Clefable|Clefable, F|100/100
|move|p2a: Quaquaval|Aqua Step|p1a: Clefable
|-damage|p1a: Clefable|75/100
|-boost|p2a: Quaquaval|spe|1
|-damage|p2a: Quaquaval|84/100|[from] item: Rocky Helmet|[of] p1a: Clefable
|
|-weather|Snowscape|[upkeep]
|upkeep
|turn|15
|
|t:|1757793547
|switch|p2a: Necrozma|Necrozma|94/100 brn
|move|p1a: Clefable|Stealth Rock|p2a: Necrozma
|-sidestart|p2: rbonjalemes|move: Stealth Rock
|
|-weather|Snowscape|[upkeep]
|-heal|p2a: Necrozma|100/100 brn|[from] item: Leftovers
|-damage|p2a: Necrozma|94/100 brn|[from] brn
|upkeep
|turn|16
|
|t:|1757793551
|move|p2a: Necrozma|Calm Mind|p2a: Necrozma
|-boost|p2a: Necrozma|spa|1
|-boost|p2a: Necrozma|spd|1
|move|p1a: Clefable|Knock Off|p2a: Necrozma
|-supereffective|p2a: Necrozma
|-crit|p2a: Necrozma
|-damage|p2a: Necrozma|66/100 brn
|-enditem|p2a: Necrozma|Leftovers|[from] move: Knock Off|[of] p1a: Clefable
|
|-weather|none
|-damage|p2a: Necrozma|60/100 brn|[from] brn
|upkeep
|turn|17
|
|t:|1757793558
|switch|p1a: Moltres|Moltres|100/100
|move|p2a: Necrozma|Morning Sun|p2a: Necrozma
|-heal|p2a: Necrozma|100/100 brn
|
|-damage|p2a: Necrozma|94/100 brn|[from] brn
|upkeep
|turn|18
|
|t:|1757793564
|move|p1a: Moltres|U-turn|p2a: Necrozma
|-supereffective|p2a: Necrozma
|-damage|p2a: Necrozma|76/100 brn
|
|t:|1757793570
|switch|p1a: Kingambit|Kingambit, F|100/100|[from] U-turn
|-activate|p1a: Kingambit|ability: Supreme Overlord
|-start|p1a: Kingambit|fallen2|[silent]
|move|p2a: Necrozma|Photon Geyser|p1a: Kingambit
|-immune|p1a: Kingambit
|
|-damage|p2a: Necrozma|70/100 brn|[from] brn
|upkeep
|turn|19
|
|t:|1757793580
|move|p1a: Kingambit|Sucker Punch|p2a: Necrozma
|-supereffective|p2a: Necrozma
|-damage|p2a: Necrozma|0 fnt
|faint|p2a: Necrozma
|
|upkeep
|
|t:|1757793587
|switch|p2a: Raging Bolt|Raging Bolt|100/100
|-damage|p2a: Raging Bolt|88/100|[from] Stealth Rock
|turn|20
|
|t:|1757793594
|-end|p1a: Kingambit|fallen2|[silent]
|switch|p1a: Clefable|Clefable, F|75/100
|move|p2a: Raging Bolt|Dragon Pulse|p1a: Clefable
|-immune|p1a: Clefable
|
|upkeep
|turn|21
|
|t:|1757793602
|move|p2a: Raging Bolt|Thunderbolt|p1a: Clefable
|-damage|p1a: Clefable|20/100
|move|p1a: Clefable|Knock Off|p2a: Raging Bolt
|-damage|p2a: Raging Bolt|76/100
|-enditem|p2a: Raging Bolt|Zap Plate|[from] move: Knock Off|[of] p1a: Clefable
|
|upkeep
|turn|22
|
|t:|1757793609
|move|p2a: Raging Bolt|Dragon Pulse|p1a: Clefable
|-immune|p1a: Clefable
|move|p1a: Clefable|Moonblast|p2a: Raging Bolt
|-supereffective|p2a: Raging Bolt
|-damage|p2a: Raging Bolt|24/100
|
|upkeep
|turn|23
|
|t:|1757793621
|move|p2a: Raging Bolt|Dragon Pulse|p1a: Clefable
|-immune|p1a: Clefable
|move|p1a: Clefable|Moonblast|p2a: Raging Bolt
|-supereffective|p2a: Raging Bolt
|-damage|p2a: Raging Bolt|0 fnt
|faint|p2a: Raging Bolt
|-end|p2a: Raging Bolt|Protosynthesis|[silent]
|
|upkeep
|
|t:|1757793626
|switch|p2a: Dragapult|Dragapult, M, tera:Ghost|100/100
|-damage|p2a: Dragapult|88/100|[from] Stealth Rock
|turn|24
|
|t:|1757793634
|move|p2a: Dragapult|U-turn|p1a: Clefable
|-resisted|p1a: Clefable
|-damage|p1a: Clefable|6/100
|-damage|p2a: Dragapult|72/100|[from] item: Rocky Helmet|[of] p1a: Clefable
|
|t:|1757793636
|switch|p2a: Iron Treads|Iron Treads|100/100|[from] U-turn
|-damage|p2a: Iron Treads|97/100|[from] Stealth Rock
|-enditem|p2a: Iron Treads|Booster Energy
|-activate|p2a: Iron Treads|ability: Quark Drive|[fromitem]
|-start|p2a: Iron Treads|quarkdriveatk
|move|p1a: Clefable|Knock Off|p2a: Iron Treads
|-damage|p2a: Iron Treads|88/100
|
|upkeep
|turn|25
|
|t:|1757793645
|switch|p1a: Moltres|Moltres|100/100
|move|p2a: Iron Treads|Rapid Spin|p1a: Moltres
|-damage|p1a: Moltres|84/100
|-boost|p2a: Iron Treads|spe|1
|-sideend|p2: rbonjalemes|Stealth Rock|[from] move: Rapid Spin|[of] p2a: Iron Treads
|
|upkeep
|turn|26
|
|t:|1757793650
|move|p2a: Iron Treads|Ice Spinner|p1a: Moltres
|-damage|p1a: Moltres|60/100
|move|p1a: Moltres|Will-O-Wisp|p2a: Iron Treads
|-status|p2a: Iron Treads|brn
|
|-damage|p2a: Iron Treads|81/100 brn|[from] brn
|upkeep
|turn|27
|
|t:|1757793654
|move|p2a: Iron Treads|Ice Spinner|p1a: Moltres
|-damage|p1a: Moltres|47/100
|move|p1a: Moltres|Flamethrower|p2a: Iron Treads
|-supereffective|p2a: Iron Treads
|-crit|p2a: Iron Treads
|-damage|p2a: Iron Treads|0 fnt
|faint|p2a: Iron Treads
|-end|p2a: Iron Treads|Quark Drive|[silent]
|
|upkeep
|
|t:|1757793656
|switch|p2a: Quaquaval|Quaquaval, M|84/100
|turn|28
|
|t:|1757793658
|move|p2a: Quaquaval|Aqua Step|p1a: Moltres
|-supereffective|p1a: Moltres
|-damage|p1a: Moltres|0 fnt
|-boost|p2a: Quaquaval|spe|1
|faint|p1a: Moltres
|-ability|p2a: Quaquaval|Moxie|boost
|-boost|p2a: Quaquaval|atk|1
|
|upkeep
|
|t:|1757793670
|switch|p1a: Kingambit|Kingambit, F|100/100
|-activate|p1a: Kingambit|ability: Supreme Overlord
|-start|p1a: Kingambit|fallen3|[silent]
|turn|29
|
|t:|1757793676
|move|p2a: Quaquaval|Close Combat|p1a: Kingambit
|-supereffective|p1a: Kingambit
|-damage|p1a: Kingambit|0 fnt
|-unboost|p2a: Quaquaval|def|1
|-unboost|p2a: Quaquaval|spd|1
|faint|p1a: Kingambit
|-end|p1a: Kingambit|fallen3|[silent]
|-ability|p2a: Quaquaval|Moxie|boost
|-boost|p2a: Quaquaval|atk|1
|
|upkeep
|
|t:|1757793680
|switch|p1a: Great Tusk|Great Tusk|67/100
|turn|30
|
|t:|1757793684
|move|p2a: Quaquaval|Aqua Step|p1a: Great Tusk
|-supereffective|p1a: Great Tusk
|-damage|p1a: Great Tusk|0 fnt
|-boost|p2a: Quaquaval|spe|1
|faint|p1a: Great Tusk
|-end|p1a: Great Tusk|Protosynthesis|[silent]
|-ability|p2a: Quaquaval|Moxie|boost
|-boost|p2a: Quaquaval|atk|1
|
|upkeep
|
|t:|1757793686
|switch|p1a: Clefable|Clefable, F|6/100
|turn|31
|
|t:|1757793689
|move|p2a: Quaquaval|Aqua Step|p1a: Clefable
|-damage|p1a: Clefable|0 fnt
|-boost|p2a: Quaquaval|spe|1
|-damage|p2a: Quaquaval|68/100|[from] item: Rocky Helmet|[of] p1a: Clefable
|faint|p1a: Clefable
|
|win|rbonjalemes
|raw|thegoomygod's rating: 1367 &rarr; <strong>1347</strong><br />(-20 for losing)
|raw|rbonjalemes's rating: 1371 &rarr; <strong>1391</strong><br />(+20 for winning)
|c|☆rbonjalemes|gg
|l|☆thegoomygod
|player|p1|
