|badge|p2|bronze|gen9monotype|100-6
|uhtml|medal-msg|<div class="broadcast-blue">Curious what those medals under the avatar are? PS now has Ladder Seasons! For more information, check out the <a href="https://www.smogon.com/forums/threads/3740067/">thread on Smogon.</a></div>
|j|☆KingWhacka
|j|☆Ineedaonetype
|t:|1757823640
|gametype|singles
|player|p1|KingWhacka|parasollady|1445
|player|p2|Ineedaonetype|102|1446
|gen|9
|tier|[Gen 9] OU
|rated|
|rule|HP Percentage Mod: HP is shown in percentages
|rule|Endless Battle Clause: Forcing endless battles is banned
|rule|Species Clause: Limit one of each Pokémon
|rule|OHKO Clause: OHKO moves are banned
|rule|Evasion Items Clause: Evasion items are banned
|rule|Evasion Moves Clause: Evasion moves are banned
|rule|Evasion Abilities Clause: Evasion abilities are banned
|rule|Sleep Moves Clause: Sleep-inducing moves are banned
|clearpoke
|poke|p1|Garchomp, M|
|poke|p1|Dragonite, F|
|poke|p1|Kingambit, F|
|poke|p1|Primarina, M|
|poke|p1|Cinderace, M|
|poke|p1|Darkrai|
|poke|p2|Indeedee, M|
|poke|p2|Hatterene, F|
|poke|p2|Ursaluna, F|
|poke|p2|Iron Hands|
|poke|p2|Hoopa-Unbound|
|poke|p2|Mimikyu, M|
|teampreview
|
|t:|1757823652
|teamsize|p1|6
|teamsize|p2|6
|start
|switch|p1a: Cinderace|Cinderace, M|100/100
|switch|p2a: Indeedee|Indeedee, M, shiny|100/100
|-fieldstart|move: Psychic Terrain|[from] ability: Psychic Surge|[of] p2a: Indeedee
|turn|1
|
|t:|1757823655
|move|p1a: Cinderace|U-turn|p2a: Indeedee
|-start|p1a: Cinderace|typechange|Bug|[from] ability: Libero
|-supereffective|p2a: Indeedee
|-damage|p2a: Indeedee|24/100
|
|t:|1757823660
|switch|p1a: Kingambit|Kingambit, F|100/100|[from] U-turn
|move|p2a: Indeedee|Trick Room|p2a: Indeedee
|-fieldstart|move: Trick Room|[of] p2a: Indeedee
|
|upkeep
|turn|2
|
|t:|1757823670
|switch|p2a: Iron Hands|Iron Hands|100/100
|-enditem|p2a: Iron Hands|Booster Energy
|-activate|p2a: Iron Hands|ability: Quark Drive|[fromitem]
|-start|p2a: Iron Hands|quarkdriveatk
|move|p1a: Kingambit|Swords Dance|p1a: Kingambit
|-boost|p1a: Kingambit|atk|2
|
|upkeep
|turn|3
|
|t:|1757823679
|-end|p1a: Kingambit|fallenundefined|[silent]
|switch|p1a: Garchomp|Garchomp, M|100/100
|move|p2a: Iron Hands|Supercell Slam|p1a: Garchomp
|-immune|p1a: Garchomp
|-damage|p2a: Iron Hands|50/100|[from] supercellslam
|
|upkeep
|turn|4
|
|t:|1757823688
|move|p2a: Iron Hands|Close Combat|p1a: Garchomp
|-damage|p1a: Garchomp|45/100
|-unboost|p2a: Iron Hands|def|1
|-unboost|p2a: Iron Hands|spd|1
|-damage|p2a: Iron Hands|38/100|[from] ability: Rough Skin|[of] p1a: Garchomp
|-damage|p2a: Iron Hands|21/100|[from] item: Rocky Helmet|[of] p1a: Garchomp
|move|p1a: Garchomp|Stealth Rock|p2a: Iron Hands
|-sidestart|p2: Ineedaonetype|move: Stealth Rock
|
|upkeep
|turn|5
|
|t:|1757823693
|move|p2a: Iron Hands|Ice Punch|p1a: Garchomp
|-supereffective|p1a: Garchomp
|-damage|p1a: Garchomp|0 fnt
|-damage|p2a: Iron Hands|9/100|[from] ability: Rough Skin|[of] p1a: Garchomp
|-damage|p2a: Iron Hands|0 fnt|[from] item: Rocky Helmet|[of] p1a: Garchomp
|faint|p1a: Garchomp
|faint|p2a: Iron Hands
|-end|p2a: Iron Hands|Quark Drive|[silent]
|
|-fieldend|move: Trick Room
|upkeep
|
|t:|1757823700
|switch|p1a: Cinderace|Cinderace, M|100/100
|switch|p2a: Ursaluna|Ursaluna, F, shiny|100/100
|-damage|p2a: Ursaluna|94/100|[from] Stealth Rock
|turn|6
|
|t:|1757823711
|move|p1a: Cinderace|U-turn|p2a: Ursaluna
|-start|p1a: Cinderace|typechange|Bug|[from] ability: Libero
|-damage|p2a: Ursaluna|69/100
|
|t:|1757823714
|switch|p1a: Primarina|Primarina, M|100/100|[from] U-turn
|move|p2a: Ursaluna|Supercell Slam|p1a: Primarina
|-supereffective|p1a: Primarina
|-damage|p1a: Primarina|0 fnt
|faint|p1a: Primarina
|
|-status|p2a: Ursaluna|brn|[from] item: Flame Orb
|upkeep
|inactive|Battle timer is ON: inactive players will automatically lose when time's up. (requested by Ineedaonetype)
|
|t:|1757823727
|switch|p1a: Darkrai|Darkrai|100/100
|turn|7
|
|t:|1757823735
|move|p1a: Darkrai|Ice Beam|p2a: Ursaluna
|-supereffective|p2a: Ursaluna
|-damage|p2a: Ursaluna|9/100 brn
|move|p2a: Ursaluna|Facade|p1a: Darkrai
|-damage|p1a: Darkrai|0 fnt
|faint|p1a: Darkrai
|
|-damage|p2a: Ursaluna|3/100 brn|[from] brn
|upkeep
|
|t:|1757823745
|switch|p1a: Kingambit|Kingambit, F|100/100
|-activate|p1a: Kingambit|ability: Supreme Overlord
|-start|p1a: Kingambit|fallen3|[silent]
|turn|8
|
|t:|1757823749
|move|p1a: Kingambit|Kowtow Cleave|p2a: Ursaluna
|-damage|p2a: Ursaluna|0 fnt
|faint|p2a: Ursaluna
|
|-fieldend|move: Psychic Terrain
|upkeep
|
|t:|1757823758
|switch|p2a: Indeedee|Indeedee, M, shiny|24/100
|-damage|p2a: Indeedee|12/100|[from] Stealth Rock
|-fieldstart|move: Psychic Terrain|[from] ability: Psychic Surge|[of] p2a: Indeedee
|turn|9
|
|t:|1757823764
|move|p2a: Indeedee|Healing Wish|p2a: Indeedee
|faint|p2a: Indeedee
|move|p1a: Kingambit|Swords Dance|p1a: Kingambit
|-boost|p1a: Kingambit|atk|2
|
|upkeep
|
|t:|1757823766
|switch|p2a: Hoopa|Hoopa-Unbound|100/100
|-damage|p2a: Hoopa|88/100|[from] Stealth Rock
|-enditem|p2a: Hoopa|Psychic Seed
|-boost|p2a: Hoopa|spd|1|[from] item: Psychic Seed
|turn|10
|
|t:|1757823774
|-terastallize|p1a: Kingambit|Dark
|move|p1a: Kingambit|Kowtow Cleave|p2a: Hoopa
|-damage|p2a: Hoopa|0 fnt
|faint|p2a: Hoopa
|
|upkeep
|
|t:|1757823780
|switch|p2a: Mimikyu|Mimikyu, M, shiny|100/100
|-damage|p2a: Mimikyu|88/100|[from] Stealth Rock
|turn|11
|
|t:|1757823786
|move|p1a: Kingambit|Kowtow Cleave|p2a: Mimikyu
|-activate|p2a: Mimikyu|ability: Disguise
|-damage|p2a: Mimikyu|88/100
|detailschange|p2a: Mimikyu|Mimikyu-Busted, M, shiny
|-damage|p2a: Mimikyu|76/100|[from] pokemon: Mimikyu-Busted
|-enditem|p2a: Mimikyu|Red Card|[of] p1a: Kingambit
|-end|p1a: Kingambit|fallen3|[silent]
|drag|p1a: Dragonite|Dragonite, F|100/100
|move|p2a: Mimikyu|Trick Room|p2a: Mimikyu
|-fieldstart|move: Trick Room|[of] p2a: Mimikyu
|
|upkeep
|turn|12
|
|t:|1757823794
|move|p2a: Mimikyu|Curse|p1a: Dragonite
|-start|p1a: Dragonite|Curse|[of] p2a: Mimikyu
|-damage|p2a: Mimikyu|26/100
|move|p1a: Dragonite|Encore|p2a: Mimikyu
|-start|p2a: Mimikyu|Encore
|
|-damage|p1a: Dragonite|76/100|[from] Curse
|upkeep
|turn|13
|
|t:|1757823799
|move|p2a: Mimikyu|Curse||[still]
|-fail|p2a: Mimikyu
|move|p1a: Dragonite|Dragon Dance|p1a: Dragonite
|-boost|p1a: Dragonite|atk|1
|-boost|p1a: Dragonite|spe|1
|
|-damage|p1a: Dragonite|51/100|[from] Curse
|upkeep
|turn|14
|
|t:|1757823804
|move|p2a: Mimikyu|Curse||[still]
|-fail|p2a: Mimikyu
|move|p1a: Dragonite|Earthquake|p2a: Mimikyu
|-damage|p2a: Mimikyu|0 fnt
|faint|p2a: Mimikyu
|
|-damage|p1a: Dragonite|26/100|[from] Curse
|upkeep
|
|t:|1757823806
|switch|p2a: Hatterene|Hatterene, F, shiny|100/100
|-damage|p2a: Hatterene|88/100|[from] Stealth Rock
|turn|15
|
|t:|1757823817
|move|p2a: Hatterene|Expanding Force|p1a: Dragonite
|-damage|p1a: Dragonite|0 fnt
|faint|p1a: Dragonite
|-damage|p2a: Hatterene|78/100|[from] item: Life Orb
|
|-fieldend|move: Trick Room
|upkeep
|
|t:|1757823820
|switch|p1a: Kingambit|Kingambit, F, tera:Dark|100/100
|-activate|p1a: Kingambit|ability: Supreme Overlord
|-start|p1a: Kingambit|fallen4|[silent]
|turn|16
|
|t:|1757823825
|move|p1a: Kingambit|Kowtow Cleave|p2a: Hatterene
|-damage|p2a: Hatterene|0 fnt
|faint|p2a: Hatterene
|
|win|KingWhacka
|raw|KingWhacka's rating: 1445 &rarr; <strong>1465</strong><br />(+20 for winning)
|raw|Ineedaonetype's rating: 1446 &rarr; <strong>1426</strong><br />(-20 for losing)
|l|☆KingWhacka
|player|p1|
|l|☆Ineedaonetype
|player|p2|
