|j|☆Firebreathe
|j|☆mastoon
|t:|1757798472
|gametype|singles
|player|p1|Firebreathe|gambler|1146
|player|p2|mastoon|hilda-wonderlauncher|1098
|gen|9
|tier|[Gen 9] OU
|rated|
|rule|HP Percentage Mod: HP is shown in percentages
|rule|Endless Battle Clause: Forcing endless battles is banned
|rule|Species Clause: Limit one of each Pokémon
|rule|OHKO Clause: OHKO moves are banned
|rule|Evasion Items Clause: Evasion items are banned
|rule|Evasion Moves Clause: Evasion moves are banned
|rule|Evasion Abilities Clause: Evasion abilities are banned
|rule|Sleep Moves Clause: Sleep-inducing moves are banned
|clearpoke
|poke|p1|Sawsbuck-Winter, F|
|poke|p1|Torkoal, F|
|poke|p1|Lilligant-Hisui, F|
|poke|p1|Cinderace, F|
|poke|p1|Zamazenta-*|
|poke|p1|Walking Wake|
|poke|p2|Chandelure, M|
|poke|p2|Ceruledge, M|
|poke|p2|Ninetales, M|
|poke|p2|Arcanine-Hisui, M|
|poke|p2|Blaziken, F|
|poke|p2|Torkoal, M|
|teampreview
|inactive|Battle timer is ON: inactive players will automatically lose when time's up. (requested by Firebreathe)
|c|☆mastoon|Gl hf
|
|t:|1757798480
|teamsize|p1|6
|teamsize|p2|6
|start
|switch|p1a: Torkoal|Torkoal, F|100/100
|switch|p2a: Torkoal|Torkoal, M|100/100
|-weather|SunnyDay|[from] ability: Drought|[of] p1a: Torkoal
|turn|1
|c|☆Firebreathe|Wow
|c|☆Firebreathe|ur so nonchalant for that
|
|t:|1757798491
|move|p1a: Torkoal|Stealth Rock|p2a: Torkoal
|-sidestart|p2: mastoon|move: Stealth Rock
|move|p2a: Torkoal|Stealth Rock|p1a: Torkoal
|-sidestart|p1: Firebreathe|move: Stealth Rock
|
|-weather|SunnyDay|[upkeep]
|upkeep
|turn|2
|
|t:|1757798493
|move|p1a: Torkoal|Rapid Spin|p2a: Torkoal
|-damage|p2a: Torkoal|94/100
|-boost|p1a: Torkoal|spe|1
|-sideend|p1: Firebreathe|Stealth Rock|[from] move: Rapid Spin|[of] p1a: Torkoal
|move|p2a: Torkoal|Rapid Spin|p1a: Torkoal
|-damage|p1a: Torkoal|94/100
|-boost|p2a: Torkoal|spe|1
|-sideend|p2: mastoon|Stealth Rock|[from] move: Rapid Spin|[of] p2a: Torkoal
|
|-weather|SunnyDay|[upkeep]
|upkeep
|turn|3
|c|☆Firebreathe|Wow
|
|t:|1757798505
|switch|p2a: Ceruledge|Ceruledge, M|100/100
|move|p1a: Torkoal|Earth Power|p2a: Ceruledge
|-supereffective|p2a: Ceruledge
|-damage|p2a: Ceruledge|61/100
|
|-weather|SunnyDay|[upkeep]
|upkeep
|turn|4
|
|t:|1757798510
|move|p2a: Ceruledge|Bitter Blade|p1a: Torkoal
|-resisted|p1a: Torkoal
|-damage|p1a: Torkoal|71/100
|-heal|p2a: Ceruledge|75/100|[from] drain|[of] p1a: Torkoal
|move|p1a: Torkoal|Stealth Rock|p2a: Ceruledge
|-sidestart|p2: mastoon|move: Stealth Rock
|
|-weather|SunnyDay|[upkeep]
|upkeep
|turn|5
|
|t:|1757798534
|switch|p1a: Walking Wake|Walking Wake|100/100
|-activate|p1a: Walking Wake|ability: Protosynthesis
|-start|p1a: Walking Wake|protosynthesisspe
|move|p2a: Ceruledge|Bitter Blade|p1a: Walking Wake
|-resisted|p1a: Walking Wake
|-damage|p1a: Walking Wake|83/100
|-heal|p2a: Ceruledge|85/100|[from] drain|[of] p1a: Walking Wake
|
|-weather|SunnyDay|[upkeep]
|upkeep
|turn|6
|
|t:|1757798543
|move|p2a: Ceruledge|Shadow Sneak|p1a: Walking Wake
|-damage|p1a: Walking Wake|63/100
|move|p1a: Walking Wake|Hydro Steam|p2a: Ceruledge
|-supereffective|p2a: Ceruledge
|-damage|p2a: Ceruledge|0 fnt
|faint|p2a: Ceruledge
|
|-weather|SunnyDay|[upkeep]
|upkeep
|c|☆Firebreathe|Whole team lowk gets swept
|
|t:|1757798559
|switch|p2a: Arcanine|Arcanine-Hisui, M|100/100
|-damage|p2a: Arcanine|76/100|[from] Stealth Rock
|turn|7
|
|t:|1757798561
|move|p2a: Arcanine|Extreme Speed|p1a: Walking Wake
|-damage|p1a: Walking Wake|33/100
|move|p1a: Walking Wake|Hydro Steam|p2a: Arcanine
|-supereffective|p2a: Arcanine
|-damage|p2a: Arcanine|0 fnt
|faint|p2a: Arcanine
|
|-weather|SunnyDay|[upkeep]
|upkeep
|
|t:|1757798569
|switch|p2a: Ninetales|Ninetales, M|100/100
|-damage|p2a: Ninetales|76/100|[from] Stealth Rock
|turn|8
|c|☆Firebreathe|Lwk futile
|
|t:|1757798573
|move|p1a: Walking Wake|Hydro Steam|p2a: Ninetales
|-supereffective|p2a: Ninetales
|-damage|p2a: Ninetales|0 fnt
|faint|p2a: Ninetales
|
|-weather|none
|-end|p1a: Walking Wake|Protosynthesis
|upkeep
|
|t:|1757798583
|switch|p2a: Chandelure|Chandelure, M|100/100
|turn|9
|
|t:|1757798589
|-end|p1a: Walking Wake|Protosynthesis|[silent]
|switch|p1a: Torkoal|Torkoal, F|71/100
|-weather|SunnyDay|[from] ability: Drought|[of] p1a: Torkoal
|move|p2a: Chandelure|Shadow Ball|p1a: Torkoal
|-damage|p1a: Torkoal|23/100
|-unboost|p1a: Torkoal|spd|1
|
|-weather|SunnyDay|[upkeep]
|upkeep
|turn|10
|
|t:|1757798600
|switch|p1a: Sawsbuck|Sawsbuck-Winter, F|100/100
|move|p2a: Chandelure|Shadow Ball|p1a: Sawsbuck
|-immune|p1a: Sawsbuck
|
|-weather|SunnyDay|[upkeep]
|upkeep
|turn|11
|
|t:|1757798603
|move|p1a: Sawsbuck|High Horsepower|p2a: Chandelure
|-supereffective|p2a: Chandelure
|-damage|p2a: Chandelure|0 fnt
|faint|p2a: Chandelure
|-damage|p1a: Sawsbuck|91/100|[from] item: Life Orb
|
|-weather|SunnyDay|[upkeep]
|upkeep
|
|t:|1757798606
|switch|p2a: Torkoal|Torkoal, M|94/100
|-damage|p2a: Torkoal|69/100|[from] Stealth Rock
|turn|12
|
|t:|1757798611
|move|p1a: Sawsbuck|High Horsepower|p2a: Torkoal
|-supereffective|p2a: Torkoal
|-damage|p2a: Torkoal|14/100
|-damage|p1a: Sawsbuck|81/100|[from] item: Life Orb
|move|p2a: Torkoal|Rapid Spin|p1a: Sawsbuck
|-damage|p1a: Sawsbuck|66/100
|-boost|p2a: Torkoal|spe|1
|-sideend|p2: mastoon|Stealth Rock|[from] move: Rapid Spin|[of] p2a: Torkoal
|
|-weather|SunnyDay|[upkeep]
|upkeep
|turn|13
|
|t:|1757798618
|move|p1a: Sawsbuck|Double-Edge|p2a: Torkoal
|-damage|p2a: Torkoal|0 fnt
|faint|p2a: Torkoal
|-damage|p1a: Sawsbuck|61/100|[from] Recoil
|-damage|p1a: Sawsbuck|51/100|[from] item: Life Orb
|
|-weather|SunnyDay|[upkeep]
|upkeep
|
|t:|1757798620
|switch|p2a: Blaziken|Blaziken, F|100/100
|turn|14
|
|t:|1757798624
|move|p1a: Sawsbuck|High Horsepower|p2a: Blaziken
|-supereffective|p2a: Blaziken
|-damage|p2a: Blaziken|0 fnt
|faint|p2a: Blaziken
|-damage|p1a: Sawsbuck|41/100|[from] item: Life Orb
|
|win|Firebreathe
|raw|Firebreathe's rating: 1146 &rarr; <strong>1168</strong><br />(+22 for winning)
|raw|mastoon's rating: 1098 &rarr; <strong>1077</strong><br />(-21 for losing)
|c|☆mastoon|Gg
|c|☆mastoon|Wp
|c|☆Firebreathe|Gg
|l|☆mastoon
|player|p2|
|l|☆Firebreathe
|player|p1|
