|uhtml|medal-msg|<div class="broadcast-blue">Curious what those medals under the avatar are? PS now has Ladder Seasons! For more information, check out the <a href="https://www.smogon.com/forums/threads/3740067/">thread on Smogon.</a></div>
|uhtml|medal-msg|<div class="broadcast-blue">Curious what those medals under the avatar are? PS now has Ladder Seasons! For more information, check out the <a href="https://www.smogon.com/forums/threads/3740067/">thread on Smogon.</a></div>
|j|☆vivek12345s
|j|☆Domstarr3000
|t:|1757860295
|gametype|singles
|player|p1|vivek12345s|266|
|player|p2|Domstarr3000|rr-fuecoco|
|teamsize|p1|6
|teamsize|p2|6
|gen|9
|tier|[Gen 9] OU
|rule|Sleep Clause Mod: Limit one foe put to sleep
|rule|Species Clause: Limit one of each Pokémon
|rule|OHKO Clause: OHKO moves are banned
|rule|Evasion Abilities Clause: Evasion abilities are banned
|rule|Evasion Items Clause: Evasion items are banned
|rule|Evasion Moves Clause: Evasion moves are banned
|rule|Endless Battle Clause: Forcing endless battles is banned
|rule|HP Percentage Mod: HP is shown in percentages
|rule|Dynamax Clause: You cannot dynamax
|clearpoke
|poke|p1|Charizard, M|
|poke|p1|Roaring Moon|
|poke|p1|Alomomola, F|
|poke|p1|Great Tusk|
|poke|p1|Hatterene, F|
|poke|p1|Ceruledge, F|
|poke|p2|Chillet, M|
|poke|p2|Ogerpon-Hearthflame, F|
|poke|p2|Gliscor, M|
|poke|p2|Audino, F|
|poke|p2|Araquanid, F|
|poke|p2|Iron Valiant|
|teampreview
|c|☆vivek12345s|glhf
|c|☆Domstarr3000|U2
|
|t:|1757860324
|start
|switch|p1a: Roaring Moon|Roaring Moon|100/100
|switch|p2a: Gliscor|Gliscor, M, shiny|100/100
|turn|1
|
|t:|1757860329
|move|p1a: Roaring Moon|Knock Off|p2a: Gliscor
|-damage|p2a: Gliscor|50/100
|-enditem|p2a: Gliscor|Toxic Orb|[from] move: Knock Off|[of] p1a: Roaring Moon
|move|p2a: Gliscor|Substitute|p2a: Gliscor
|-start|p2a: Gliscor|Substitute
|-damage|p2a: Gliscor|25/100
|
|upkeep
|turn|2
|
|t:|1757860335
|-end|p1a: Roaring Moon|Protosynthesis|[silent]
|switch|p1a: Hatterene|Hatterene, F|100/100
|move|p2a: Gliscor|Roost|p2a: Gliscor
|-heal|p2a: Gliscor|76/100
|-singleturn|p2a: Gliscor|move: Roost
|
|upkeep
|turn|3
|
|t:|1757860339
|move|p2a: Gliscor|Earthquake|p1a: Hatterene
|-damage|p1a: Hatterene|72/100
|-enditem|p1a: Hatterene|Eject Button
|
|t:|1757860341
|switch|p1a: Charizard|Charizard, M|100/100
|
|upkeep
|turn|4
|
|t:|1757860344
|detailschange|p1a: Charizard|Charizard-Mega-Y, M
|-mega|p1a: Charizard|Charizard|Charizardite Y
|-weather|SunnyDay|[from] ability: Drought|[of] p1a: Charizard
|move|p1a: Charizard|Weather Ball|p2a: Gliscor
|-end|p2a: Gliscor|Substitute
|move|p2a: Gliscor|Stealth Rock|p1a: Charizard
|-sidestart|p1: vivek12345s|move: Stealth Rock
|
|-weather|SunnyDay|[upkeep]
|upkeep
|turn|5
|
|t:|1757860354
|switch|p2a: Audino|Audino, F|100/100
|move|p1a: Charizard|Weather Ball|p2a: Audino
|-damage|p2a: Audino|42/100
|
|-weather|SunnyDay|[upkeep]
|upkeep
|turn|6
|
|t:|1757860359
|detailschange|p2a: Audino|Audino-Mega, F
|-mega|p2a: Audino|Audino|Audinite
|move|p1a: Charizard|Weather Ball|p2a: Audino
|-damage|p2a: Audino|0 fnt
|faint|p2a: Audino
|
|-weather|SunnyDay|[upkeep]
|upkeep
|
|t:|1757860368
|switch|p2a: Araquanid|Araquanid, F, shiny|100/100
|turn|7
|
|t:|1757860372
|switch|p1a: Hatterene|Hatterene, F|72/100
|-damage|p1a: Hatterene|59/100|[from] Stealth Rock
|move|p2a: Araquanid|Liquidation|p1a: Hatterene
|-damage|p1a: Hatterene|41/100
|
|-weather|SunnyDay|[upkeep]
|upkeep
|turn|8
|
|t:|1757860379
|move|p2a: Araquanid|Liquidation|p1a: Hatterene
|-damage|p1a: Hatterene|24/100
|move|p1a: Hatterene|Nuzzle|p2a: Araquanid
|-supereffective|p2a: Araquanid
|-damage|p2a: Araquanid|93/100
|-status|p2a: Araquanid|par
|
|-weather|none
|upkeep
|turn|9
|
|t:|1757860385
|move|p1a: Hatterene|Moonblast|p2a: Araquanid
|-damage|p2a: Araquanid|69/100 par
|move|p2a: Araquanid|Liquidation|p1a: Hatterene
|-crit|p1a: Hatterene
|-damage|p1a: Hatterene|0 fnt
|faint|p1a: Hatterene
|
|upkeep
|
|t:|1757860388
|switch|p1a: Roaring Moon|Roaring Moon|100/100
|-damage|p1a: Roaring Moon|88/100|[from] Stealth Rock
|turn|10
|
|t:|1757860396
|move|p1a: Roaring Moon|Knock Off|p2a: Araquanid
|-damage|p2a: Araquanid|0 fnt
|-enditem|p2a: Araquanid|Heavy-Duty Boots|[from] move: Knock Off|[of] p1a: Roaring Moon
|faint|p2a: Araquanid
|
|upkeep
|
|t:|1757860406
|switch|p2a: Iron Valiant|Iron Valiant, shiny|100/100
|turn|11
|
|t:|1757860410
|-end|p1a: Roaring Moon|Protosynthesis|[silent]
|switch|p1a: Alomomola|Alomomola, F|100/100
|-damage|p1a: Alomomola|88/100|[from] Stealth Rock
|move|p2a: Iron Valiant|Moonblast|p1a: Alomomola
|-damage|p1a: Alomomola|61/100
|-unboost|p1a: Alomomola|spa|1
|
|upkeep
|turn|12
|
|t:|1757860438
|move|p2a: Iron Valiant|Calm Mind|p2a: Iron Valiant
|-boost|p2a: Iron Valiant|spa|1
|-boost|p2a: Iron Valiant|spd|1
|move|p1a: Alomomola|Flip Turn|p2a: Iron Valiant
|-damage|p2a: Iron Valiant|79/100
|
|t:|1757860448
|switch|p1a: Ceruledge|Ceruledge, F|100/100|[from] Flip Turn
|-damage|p1a: Ceruledge|76/100|[from] Stealth Rock
|
|-heal|p2a: Iron Valiant|85/100|[from] item: Leftovers
|upkeep
|turn|13
|
|t:|1757860451
|move|p2a: Iron Valiant|Psyshock|p1a: Ceruledge
|-damage|p1a: Ceruledge|24/100
|move|p1a: Ceruledge|Bitter Blade|p2a: Iron Valiant
|-damage|p2a: Iron Valiant|17/100
|-heal|p1a: Ceruledge|58/100|[from] drain|[of] p2a: Iron Valiant
|
|-heal|p2a: Iron Valiant|24/100|[from] item: Leftovers
|upkeep
|turn|14
|
|t:|1757860454
|move|p1a: Ceruledge|Shadow Sneak|p2a: Iron Valiant
|-damage|p2a: Iron Valiant|0 fnt
|faint|p2a: Iron Valiant
|-end|p2a: Iron Valiant|Quark Drive|[silent]
|
|upkeep
|
|t:|1757860459
|switch|p2a: Ogerpon|Ogerpon-Hearthflame, F|100/100
|-ability|p2a: Ogerpon|Mold Breaker
|turn|15
|
|t:|1757860462
|move|p2a: Ogerpon|Swords Dance|p2a: Ogerpon
|-boost|p2a: Ogerpon|atk|2
|move|p1a: Ceruledge|Bitter Blade|p2a: Ogerpon
|-damage|p2a: Ogerpon|36/100
|-heal|p1a: Ceruledge|91/100|[from] drain|[of] p2a: Ogerpon
|
|upkeep
|turn|16
|
|t:|1757860465
|move|p1a: Ceruledge|Shadow Sneak|p2a: Ogerpon
|-damage|p2a: Ogerpon|5/100
|move|p2a: Ogerpon|Stomping Tantrum|p1a: Ceruledge
|-supereffective|p1a: Ceruledge
|-damage|p1a: Ceruledge|0 fnt
|faint|p1a: Ceruledge
|
|upkeep
|
|t:|1757860468
|switch|p1a: Roaring Moon|Roaring Moon|88/100
|-damage|p1a: Roaring Moon|75/100|[from] Stealth Rock
|turn|17
|
|t:|1757860473
|move|p1a: Roaring Moon|U-turn|p2a: Ogerpon
|-crit|p2a: Ogerpon
|-damage|p2a: Ogerpon|0 fnt
|faint|p2a: Ogerpon
|
|t:|1757860474
|-end|p1a: Roaring Moon|Protosynthesis|[silent]
|switch|p1a: Charizard|Charizard-Mega-Y, M|100/100|[from] U-turn
|-damage|p1a: Charizard|51/100|[from] Stealth Rock
|-weather|SunnyDay|[from] ability: Drought|[of] p1a: Charizard
|
|-weather|SunnyDay|[upkeep]
|upkeep
|
|t:|1757860481
|switch|p2a: Chillet|Chillet, M|100/100
|turn|18
|
|t:|1757860483
|move|p2a: Chillet|Extreme Speed|p1a: Charizard
|-damage|p1a: Charizard|0 fnt
|faint|p1a: Charizard
|
|-weather|SunnyDay|[upkeep]
|upkeep
|
|t:|1757860488
|switch|p1a: Great Tusk|Great Tusk|100/100
|-damage|p1a: Great Tusk|97/100|[from] Stealth Rock
|-activate|p1a: Great Tusk|ability: Protosynthesis
|-start|p1a: Great Tusk|protosynthesisdef
|turn|19
|
|t:|1757860491
|move|p2a: Chillet|Extreme Speed|p1a: Great Tusk
|-supereffective|p1a: Great Tusk
|-damage|p1a: Great Tusk|48/100
|move|p1a: Great Tusk|Body Press|p2a: Chillet
|-supereffective|p2a: Chillet
|-damage|p2a: Chillet|0 fnt
|faint|p2a: Chillet
|
|-weather|SunnyDay|[upkeep]
|-heal|p1a: Great Tusk|54/100|[from] item: Leftovers
|upkeep
|
|t:|1757860496
|switch|p2a: Gliscor|Gliscor, M, shiny|76/100
|turn|20
|
|t:|1757860499
|move|p2a: Gliscor|Earthquake|p1a: Great Tusk
|-damage|p1a: Great Tusk|43/100
|move|p1a: Great Tusk|Ice Spinner|p2a: Gliscor
|-supereffective|p2a: Gliscor
|-damage|p2a: Gliscor|17/100
|
|-weather|SunnyDay|[upkeep]
|-heal|p1a: Great Tusk|49/100|[from] item: Leftovers
|upkeep
|turn|21
|
|t:|1757860502
|move|p2a: Gliscor|Earthquake|p1a: Great Tusk
|-damage|p1a: Great Tusk|37/100
|move|p1a: Great Tusk|Ice Spinner|p2a: Gliscor
|-supereffective|p2a: Gliscor
|-damage|p2a: Gliscor|0 fnt
|faint|p2a: Gliscor
|
|win|vivek12345s
|c|☆vivek12345s|ggs
|c|☆Domstarr3000|Gg
