|j|☆ayayaphone
|j|☆Stalphyr
|t:|1757866648
|gametype|singles
|player|p1|ayayaphone|102|1364
|player|p2|Stalphyr|emmet|1388
|gen|9
|tier|[Gen 9] OU
|rated|
|rule|HP Percentage Mod: HP is shown in percentages
|rule|Endless Battle Clause: Forcing endless battles is banned
|rule|Species Clause: Limit one of each Pokémon
|rule|OHKO Clause: OHKO moves are banned
|rule|Evasion Items Clause: Evasion items are banned
|rule|Evasion Moves Clause: Evasion moves are banned
|rule|Evasion Abilities Clause: Evasion abilities are banned
|rule|Sleep Moves Clause: Sleep-inducing moves are banned
|clearpoke
|poke|p1|Pelipper, M|
|poke|p1|Raging Bolt|
|poke|p1|Landorus-Therian, M|
|poke|p1|Tentacruel, F|
|poke|p1|Overqwil, F|
|poke|p1|Scizor, M|
|poke|p2|Golurk|
|poke|p2|Ursaluna, M|
|poke|p2|Iron Valiant|
|poke|p2|Pecharunt|
|poke|p2|Iron Crown|
|poke|p2|Meowscarada, F|
|teampreview
|inactive|Battle timer is ON: inactive players will automatically lose when time's up. (requested by Stalphyr)
|inactive|ayayaphone also wants the timer to be on.
|
|t:|1757866662
|teamsize|p1|6
|teamsize|p2|6
|start
|switch|p1a: Pelipper|Pelipper, M|100/100
|switch|p2a: Golurk|Golurk, shiny|100/100
|-weather|RainDance|[from] ability: Drizzle|[of] p1a: Pelipper
|turn|1
|inactive|Stalphyr has 120 seconds left.
|
|t:|1757866711
|move|p1a: Pelipper|U-turn|p2a: Golurk
|-resisted|p2a: Golurk
|-damage|p2a: Golurk|96/100
|inactive|ayayaphone has 120 seconds left.
|
|t:|1757866731
|switch|p1a: Overqwil|Overqwil, F|100/100|[from] U-turn
|move|p2a: Golurk|Poltergeist|p1a: Overqwil
|-activate|p1a: Overqwil|move: Poltergeist|Life Orb
|-resisted|p1a: Overqwil
|-damage|p1a: Overqwil|69/100
|
|-weather|RainDance|[upkeep]
|upkeep
|turn|2
|inactive|ayayaphone has 120 seconds left.
|
|t:|1757866748
|move|p1a: Overqwil|Swords Dance|p1a: Overqwil
|-boost|p1a: Overqwil|atk|2
|move|p2a: Golurk|Earthquake|p1a: Overqwil
|-supereffective|p1a: Overqwil
|-damage|p1a: Overqwil|0 fnt
|faint|p1a: Overqwil
|
|-weather|RainDance|[upkeep]
|upkeep
|
|t:|1757866752
|switch|p1a: Landorus|Landorus-Therian, M|100/100
|-ability|p1a: Landorus|Intimidate|boost
|-unboost|p2a: Golurk|atk|1
|turn|3
|
|t:|1757866778
|move|p1a: Landorus|Weather Ball|p2a: Golurk
|-supereffective|p2a: Golurk
|-damage|p2a: Golurk|0 fnt
|faint|p2a: Golurk
|
|-weather|RainDance|[upkeep]
|upkeep
|
|t:|1757866788
|switch|p2a: Meowscarada|Meowscarada, F|100/100
|turn|4
|
|t:|1757866803
|switch|p1a: Scizor|Scizor, M|100/100
|move|p2a: Meowscarada|Flower Trick|p1a: Scizor
|-start|p2a: Meowscarada|typechange|Grass|[from] ability: Protean
|-resisted|p1a: Scizor
|-crit|p1a: Scizor
|-damage|p1a: Scizor|82/100
|
|-weather|RainDance|[upkeep]
|-heal|p1a: Scizor|88/100|[from] item: Leftovers
|upkeep
|turn|5
|
|t:|1757866815
|switch|p2a: Iron Crown|Iron Crown|100/100
|move|p1a: Scizor|U-turn|p2a: Iron Crown
|-damage|p2a: Iron Crown|55/100
|
|t:|1757866824
|switch|p1a: Raging Bolt|Raging Bolt|100/100|[from] U-turn
|
|-weather|RainDance|[upkeep]
|upkeep
|turn|6
|
|t:|1757866844
|-end|p2a: Iron Crown|Quark Drive|[silent]
|switch|p2a: Pecharunt|Pecharunt|100/100
|move|p1a: Raging Bolt|Zap Cannon|p2a: Pecharunt|[miss]
|-miss|p1a: Raging Bolt|p2a: Pecharunt
|-enditem|p1a: Raging Bolt|Blunder Policy
|-boost|p1a: Raging Bolt|spe|2
|
|-weather|RainDance|[upkeep]
|upkeep
|turn|7
|
|t:|1757866850
|move|p1a: Raging Bolt|Thunder|p2a: Pecharunt
|-damage|p2a: Pecharunt|37/100
|move|p2a: Pecharunt|Malignant Chain|p1a: Raging Bolt
|-damage|p1a: Raging Bolt|75/100
|
|-weather|RainDance|[upkeep]
|-heal|p2a: Pecharunt|43/100|[from] item: Black Sludge
|upkeep
|turn|8
|
|t:|1757866864
|move|p1a: Raging Bolt|Thunder|p2a: Pecharunt
|-damage|p2a: Pecharunt|0 fnt
|faint|p2a: Pecharunt
|
|-weather|none
|upkeep
|
|t:|1757866867
|switch|p2a: Ursaluna|Ursaluna, M|100/100
|turn|9
|
|t:|1757866878
|move|p1a: Raging Bolt|Draco Meteor|p2a: Ursaluna
|-damage|p2a: Ursaluna|33/100
|-unboost|p1a: Raging Bolt|spa|2
|move|p2a: Ursaluna|Headlong Rush|p1a: Raging Bolt
|-supereffective|p1a: Raging Bolt
|-damage|p1a: Raging Bolt|0 fnt
|-unboost|p2a: Ursaluna|def|1
|-unboost|p2a: Ursaluna|spd|1
|faint|p1a: Raging Bolt
|-end|p1a: Raging Bolt|Protosynthesis|[silent]
|
|-status|p2a: Ursaluna|brn|[from] item: Flame Orb
|upkeep
|
|t:|1757866887
|switch|p1a: Pelipper|Pelipper, M|100/100
|-weather|RainDance|[from] ability: Drizzle|[of] p1a: Pelipper
|turn|10
|
|t:|1757866895
|move|p1a: Pelipper|Hurricane|p2a: Ursaluna
|-damage|p2a: Ursaluna|0 fnt
|faint|p2a: Ursaluna
|
|-weather|RainDance|[upkeep]
|upkeep
|
|t:|1757866900
|switch|p2a: Iron Valiant|Iron Valiant|100/100
|turn|11
|
|t:|1757866906
|switch|p1a: Tentacruel|Tentacruel, F|100/100
|move|p2a: Iron Valiant|Thunderbolt|p1a: Tentacruel
|-supereffective|p1a: Tentacruel
|-damage|p1a: Tentacruel|42/100
|-status|p1a: Tentacruel|par
|
|-weather|RainDance|[upkeep]
|-heal|p1a: Tentacruel|48/100 par|[from] ability: Rain Dish
|-heal|p1a: Tentacruel|54/100 par|[from] item: Black Sludge
|upkeep
|turn|12
|
|t:|1757866910
|cant|p1a: Tentacruel|par
|move|p2a: Iron Valiant|Thunderbolt|p1a: Tentacruel
|-supereffective|p1a: Tentacruel
|-damage|p1a: Tentacruel|4/100 par
|
|-weather|RainDance|[upkeep]
|-heal|p1a: Tentacruel|10/100 par|[from] ability: Rain Dish
|-heal|p1a: Tentacruel|16/100 par|[from] item: Black Sludge
|upkeep
|turn|13
|
|t:|1757866915
|move|p1a: Tentacruel|Protect|p1a: Tentacruel
|-singleturn|p1a: Tentacruel|Protect
|move|p2a: Iron Valiant|Thunderbolt|p1a: Tentacruel
|-activate|p1a: Tentacruel|move: Protect
|
|-weather|RainDance|[upkeep]
|-heal|p1a: Tentacruel|22/100 par|[from] ability: Rain Dish
|-heal|p1a: Tentacruel|28/100 par|[from] item: Black Sludge
|upkeep
|turn|14
|
|t:|1757866917
|move|p2a: Iron Valiant|Thunderbolt|p1a: Tentacruel
|-supereffective|p1a: Tentacruel
|-damage|p1a: Tentacruel|0 fnt
|faint|p1a: Tentacruel
|
|-weather|RainDance|[upkeep]
|upkeep
|
|t:|1757866922
|switch|p1a: Landorus|Landorus-Therian, M|100/100
|-ability|p1a: Landorus|Intimidate|boost
|-unboost|p2a: Iron Valiant|atk|1
|turn|15
|
|t:|1757866931
|-end|p2a: Iron Valiant|Quark Drive|[silent]
|switch|p2a: Iron Crown|Iron Crown|55/100
|move|p1a: Landorus|Sandsear Storm|p2a: Iron Crown
|-supereffective|p2a: Iron Crown
|-damage|p2a: Iron Crown|0 fnt
|faint|p2a: Iron Crown
|-end|p2a: Iron Crown|Quark Drive|[silent]
|
|-weather|RainDance|[upkeep]
|upkeep
|
|t:|1757866933
|switch|p2a: Meowscarada|Meowscarada, F|100/100
|turn|16
|
|t:|1757866940
|switch|p1a: Scizor|Scizor, M|88/100
|move|p2a: Meowscarada|Throat Chop|p1a: Scizor
|-start|p2a: Meowscarada|typechange|Dark|[from] ability: Protean
|-crit|p1a: Scizor
|-damage|p1a: Scizor|0 fnt
|faint|p1a: Scizor
|
|-weather|RainDance|[upkeep]
|upkeep
|
|t:|1757866943
|switch|p1a: Landorus|Landorus-Therian, M|100/100
|-ability|p1a: Landorus|Intimidate|boost
|-unboost|p2a: Meowscarada|atk|1
|turn|17
|
|t:|1757866949
|move|p2a: Meowscarada|Throat Chop|p1a: Landorus
|-damage|p1a: Landorus|56/100
|-start|p1a: Landorus|Throat Chop|[silent]
|move|p1a: Landorus|Sandsear Storm|p2a: Meowscarada
|-damage|p2a: Meowscarada|0 fnt
|faint|p2a: Meowscarada
|
|-weather|none
|upkeep
|
|t:|1757866953
|switch|p2a: Iron Valiant|Iron Valiant|100/100
|turn|18
|
|t:|1757866956
|switch|p1a: Pelipper|Pelipper, M|100/100
|-weather|RainDance|[from] ability: Drizzle|[of] p1a: Pelipper
|move|p2a: Iron Valiant|Moonblast|p1a: Pelipper
|-damage|p1a: Pelipper|0 fnt
|faint|p1a: Pelipper
|
|-weather|RainDance|[upkeep]
|upkeep
|
|t:|1757866959
|switch|p1a: Landorus|Landorus-Therian, M|56/100
|-ability|p1a: Landorus|Intimidate|boost
|-unboost|p2a: Iron Valiant|atk|1
|turn|19
|
|t:|1757866969
|-terastallize|p1a: Landorus|Flying
|move|p2a: Iron Valiant|Moonblast|p1a: Landorus
|-damage|p1a: Landorus|0 fnt
|faint|p1a: Landorus
|
|win|Stalphyr
|raw|ayayaphone's rating: 1364 &rarr; <strong>1345</strong><br />(-19 for losing)
|raw|Stalphyr's rating: 1388 &rarr; <strong>1407</strong><br />(+19 for winning)
|l|☆ayayaphone
|player|p1|
|l|☆Stalphyr
|player|p2|
