|j|☆monotyrant
|j|☆safi7519
|t:|1757944499
|gametype|singles
|player|p1|monotyrant|1|1145
|player|p2|safi7519|blue|1174
|gen|9
|tier|[Gen 9] OU
|rated|
|rule|HP Percentage Mod: HP is shown in percentages
|rule|Endless Battle Clause: Forcing endless battles is banned
|rule|Species Clause: Limit one of each Pokémon
|rule|OHKO Clause: OHKO moves are banned
|rule|Evasion Items Clause: Evasion items are banned
|rule|Evasion Moves Clause: Evasion moves are banned
|rule|Evasion Abilities Clause: Evasion abilities are banned
|rule|Sleep Moves Clause: Sleep-inducing moves are banned
|clearpoke
|poke|p1|Grimmsnarl, M|
|poke|p1|Lokix, M|
|poke|p1|Farigiraf, F|
|poke|p1|Medicham, F|
|poke|p1|Weezing, F|
|poke|p1|Venomoth, F|
|poke|p2|Gliscor, M|
|poke|p2|Breloom, F|
|poke|p2|Scizor, F|
|poke|p2|Iron Moth|
|poke|p2|Dragonite, M|
|poke|p2|Primarina, M|
|teampreview
|
|t:|1757944519
|teamsize|p1|6
|teamsize|p2|6
|start
|switch|p1a: Medicham|Medicham, F, shiny|100/100
|switch|p2a: Gliscor|Gliscor, M|100/100
|turn|1
|
|t:|1757944524
|move|p1a: Medicham|Ice Punch|p2a: Gliscor
|-supereffective|p2a: Gliscor
|-damage|p2a: Gliscor|0 fnt
|faint|p2a: Gliscor
|
|upkeep
|
|t:|1757944535
|switch|p2a: Scizor|Scizor, F|100/100
|turn|2
|
|t:|1757944540
|switch|p1a: Weezing|Weezing, F, shiny|100/100
|move|p2a: Scizor|Swords Dance|p2a: Scizor
|-boost|p2a: Scizor|atk|2
|
|upkeep
|turn|3
|
|t:|1757944548
|move|p2a: Scizor|Swords Dance|p2a: Scizor
|-boost|p2a: Scizor|atk|2
|move|p1a: Weezing|Heat Wave|p2a: Scizor
|-supereffective|p2a: Scizor
|-enditem|p2a: Scizor|Focus Sash
|-damage|p2a: Scizor|1/100
|
|upkeep
|turn|4
|
|t:|1757944556
|move|p2a: Scizor|Bullet Punch|p1a: Weezing
|-damage|p1a: Weezing|39/100
|-damage|p2a: Scizor|0 fnt|[from] item: Rocky Helmet|[of] p1a: Weezing
|faint|p2a: Scizor
|move|p1a: Weezing|Will-O-Wisp|p2: Scizor|[notarget]
|-fail|p1a: Weezing
|
|upkeep
|
|t:|1757944567
|switch|p2a: Dragonite|Dragonite, M, shiny|100/100
|turn|5
|
|t:|1757944571
|move|p2a: Dragonite|Extreme Speed|p1a: Weezing
|-damage|p1a: Weezing|20/100
|-damage|p2a: Dragonite|84/100|[from] item: Rocky Helmet|[of] p1a: Weezing
|move|p1a: Weezing|Pain Split|p2a: Dragonite
|-sethp|p2a: Dragonite|52/100|[from] move: Pain Split|[silent]
|-sethp|p1a: Weezing|52/100|[from] move: Pain Split
|
|-heal|p2a: Dragonite|58/100|[from] item: Leftovers
|upkeep
|turn|6
|
|t:|1757944582
|move|p2a: Dragonite|Dragon Dance|p2a: Dragonite
|-boost|p2a: Dragonite|atk|1
|-boost|p2a: Dragonite|spe|1
|move|p1a: Weezing|Will-O-Wisp|p2a: Dragonite
|-status|p2a: Dragonite|brn
|
|-heal|p2a: Dragonite|64/100 brn|[from] item: Leftovers
|-damage|p2a: Dragonite|58/100 brn|[from] brn
|upkeep
|turn|7
|
|t:|1757944595
|move|p2a: Dragonite|Dragon Dance|p2a: Dragonite
|-boost|p2a: Dragonite|atk|1
|-boost|p2a: Dragonite|spe|1
|move|p1a: Weezing|Sludge Bomb|p2a: Dragonite
|-damage|p2a: Dragonite|31/100 brn
|
|-heal|p2a: Dragonite|37/100 brn|[from] item: Leftovers
|-damage|p2a: Dragonite|31/100 brn|[from] brn
|upkeep
|turn|8
|
|t:|1757944615
|move|p2a: Dragonite|Extreme Speed|p1a: Weezing
|-damage|p1a: Weezing|33/100
|-damage|p2a: Dragonite|14/100 brn|[from] item: Rocky Helmet|[of] p1a: Weezing
|move|p1a: Weezing|Sludge Bomb|p2a: Dragonite
|-damage|p2a: Dragonite|0 fnt
|faint|p2a: Dragonite
|
|upkeep
|
|t:|1757944630
|switch|p2a: Iron Moth|Iron Moth, shiny|100/100
|turn|9
|
|t:|1757944638
|switch|p1a: Grimmsnarl|Grimmsnarl, M, shiny|100/100
|move|p2a: Iron Moth|Flamethrower|p1a: Grimmsnarl
|-damage|p1a: Grimmsnarl|55/100
|
|upkeep
|turn|10
|
|t:|1757944645
|move|p1a: Grimmsnarl|Parting Shot|p2a: Iron Moth
|-unboost|p2a: Iron Moth|atk|1
|-unboost|p2a: Iron Moth|spa|1
|
|t:|1757944657
|switch|p1a: Farigiraf|Farigiraf, F, shiny|100/100|[from] Parting Shot
|move|p2a: Iron Moth|Sludge Wave|p1a: Farigiraf
|-damage|p1a: Farigiraf|58/100
|
|upkeep
|turn|11
|
|t:|1757944665
|move|p2a: Iron Moth|Sludge Wave|p1a: Farigiraf
|-crit|p1a: Farigiraf
|-damage|p1a: Farigiraf|0 fnt
|faint|p1a: Farigiraf
|
|upkeep
|
|t:|1757944668
|switch|p1a: Grimmsnarl|Grimmsnarl, M, shiny|55/100
|turn|12
|
|t:|1757944674
|move|p1a: Grimmsnarl|Parting Shot|p2a: Iron Moth
|-unboost|p2a: Iron Moth|atk|1
|-unboost|p2a: Iron Moth|spa|1
|
|t:|1757944677
|switch|p1a: Venomoth|Venomoth, F, shiny|100/100|[from] Parting Shot
|move|p2a: Iron Moth|Sludge Wave|p1a: Venomoth
|-resisted|p1a: Venomoth
|-damage|p1a: Venomoth|80/100
|
|-heal|p1a: Venomoth|86/100|[from] item: Leftovers
|upkeep
|turn|13
|
|t:|1757944685
|-terastallize|p1a: Venomoth|Dark
|move|p2a: Iron Moth|Flamethrower|p1a: Venomoth
|-damage|p1a: Venomoth|50/100
|move|p1a: Venomoth|Quiver Dance|p1a: Venomoth
|-boost|p1a: Venomoth|spa|1
|-boost|p1a: Venomoth|spd|1
|-boost|p1a: Venomoth|spe|1
|
|-heal|p1a: Venomoth|56/100|[from] item: Leftovers
|upkeep
|turn|14
|
|t:|1757944695
|move|p1a: Venomoth|Quiver Dance|p1a: Venomoth
|-boost|p1a: Venomoth|spa|1
|-boost|p1a: Venomoth|spd|1
|-boost|p1a: Venomoth|spe|1
|move|p2a: Iron Moth|Sludge Wave|p1a: Venomoth
|-crit|p1a: Venomoth
|-damage|p1a: Venomoth|0 fnt
|faint|p1a: Venomoth
|
|upkeep
|
|t:|1757944704
|switch|p1a: Grimmsnarl|Grimmsnarl, M, shiny|55/100
|turn|15
|
|t:|1757944708
|move|p1a: Grimmsnarl|Light Screen|p1a: Grimmsnarl
|-sidestart|p1: monotyrant|move: Light Screen
|move|p2a: Iron Moth|Sludge Wave|p1a: Grimmsnarl
|-supereffective|p1a: Grimmsnarl
|-damage|p1a: Grimmsnarl|30/100
|
|upkeep
|turn|16
|
|t:|1757944713
|move|p1a: Grimmsnarl|Parting Shot|p2a: Iron Moth
|-unboost|p2a: Iron Moth|atk|1
|-unboost|p2a: Iron Moth|spa|1
|
|t:|1757944717
|switch|p1a: Lokix|Lokix, M, shiny|100/100|[from] Parting Shot
|move|p2a: Iron Moth|Sludge Wave|p1a: Lokix
|-damage|p1a: Lokix|79/100
|-status|p1a: Lokix|psn
|
|-damage|p1a: Lokix|67/100 psn|[from] psn
|upkeep
|turn|17
|
|t:|1757944728
|-end|p2a: Iron Moth|Quark Drive|[silent]
|switch|p2a: Primarina|Primarina, M|100/100
|move|p1a: Lokix|Swords Dance|p1a: Lokix
|-boost|p1a: Lokix|atk|2
|
|-damage|p1a: Lokix|54/100 psn|[from] psn
|upkeep
|turn|18
|
|t:|1757944742
|move|p1a: Lokix|Leech Life|p2a: Primarina
|-resisted|p2a: Primarina
|-damage|p2a: Primarina|1/100
|-heal|p1a: Lokix|100/100 psn|[from] drain|[of] p2a: Primarina
|move|p2a: Primarina|Moonblast|p1a: Lokix
|-supereffective|p1a: Lokix
|-damage|p1a: Lokix|0 fnt
|faint|p1a: Lokix
|
|-heal|p2a: Primarina|7/100|[from] item: Leftovers
|upkeep
|
|t:|1757944751
|switch|p1a: Medicham|Medicham, F, shiny|100/100
|turn|19
|
|t:|1757944757
|move|p1a: Medicham|Zen Headbutt|p2a: Primarina
|-damage|p2a: Primarina|0 fnt
|faint|p2a: Primarina
|
|upkeep
|
|t:|1757944762
|switch|p2a: Breloom|Breloom, F, shiny|100/100
|turn|20
|
|t:|1757944770
|-terastallize|p2a: Breloom|Electric
|move|p1a: Medicham|Zen Headbutt|p2a: Breloom
|-damage|p2a: Breloom|0 fnt
|faint|p2a: Breloom
|
|upkeep
|
|t:|1757944775
|switch|p2a: Iron Moth|Iron Moth, shiny|100/100
|turn|21
|
|t:|1757944782
|move|p2a: Iron Moth|Sludge Wave|p1a: Medicham
|-damage|p1a: Medicham|58/100
|-status|p1a: Medicham|psn
|move|p1a: Medicham|Zen Headbutt|p2a: Iron Moth
|-supereffective|p2a: Iron Moth
|-enditem|p2a: Iron Moth|Focus Sash
|-damage|p2a: Iron Moth|1/100
|
|-damage|p1a: Medicham|46/100 psn|[from] psn
|upkeep
|turn|22
|
|t:|1757944795
|move|p2a: Iron Moth|Sludge Wave|p1a: Medicham
|-damage|p1a: Medicham|3/100 psn
|move|p1a: Medicham|Zen Headbutt|p2a: Iron Moth
|-supereffective|p2a: Iron Moth
|-damage|p2a: Iron Moth|0 fnt
|faint|p2a: Iron Moth
|-end|p2a: Iron Moth|Quark Drive|[silent]
|
|win|monotyrant
|raw|monotyrant's rating: 1145 &rarr; <strong>1172</strong><br />(+27 for winning)
|raw|safi7519's rating: 1174 &rarr; <strong>1147</strong><br />(-27 for losing)
|l|☆safi7519
|player|p2|
