|j|☆xen769
|j|☆BabyPandaXY
|t:|1757892763
|gametype|singles
|player|p1|xen769|byron|1317
|player|p2|BabyPandaXY|ethan|1390
|gen|9
|tier|[Gen 9] OU
|rated|
|rule|HP Percentage Mod: HP is shown in percentages
|rule|Endless Battle Clause: Forcing endless battles is banned
|rule|Species Clause: Limit one of each Pokémon
|rule|OHKO Clause: OHKO moves are banned
|rule|Evasion Items Clause: Evasion items are banned
|rule|Evasion Moves Clause: Evasion moves are banned
|rule|Evasion Abilities Clause: Evasion abilities are banned
|rule|Sleep Moves Clause: Sleep-inducing moves are banned
|clearpoke
|poke|p1|Ninetales-Alola, M|
|poke|p1|Kyurem|
|poke|p1|Cinderace, M|
|poke|p1|Great Tusk|
|poke|p1|Rillaboom, F|
|poke|p1|Clodsire, M|
|poke|p2|Rillaboom, F|
|poke|p2|Hawlucha, F|
|poke|p2|Alomomola, F|
|poke|p2|Moltres-Galar|
|poke|p2|Hoopa-Unbound|
|poke|p2|Gliscor, M|
|teampreview
|
|t:|1757892777
|teamsize|p1|6
|teamsize|p2|6
|start
|switch|p1a: Rillaboom|Rillaboom, F|100/100
|switch|p2a: Hoopa|Hoopa-Unbound|100/100
|-fieldstart|move: Grassy Terrain|[from] ability: Grassy Surge|[of] p1a: Rillaboom
|turn|1
|
|t:|1757892784
|switch|p2a: Hawlucha|Hawlucha, F|100/100
|-enditem|p2a: Hawlucha|Grassy Seed
|-boost|p2a: Hawlucha|def|1|[from] item: Grassy Seed
|move|p1a: Rillaboom|U-turn|p2a: Hawlucha
|-resisted|p2a: Hawlucha
|-damage|p2a: Hawlucha|94/100
|
|t:|1757892797
|switch|p1a: Ninetales|Ninetales-Alola, M, shiny|100/100|[from] U-turn
|-weather|Snowscape|[from] ability: Snow Warning|[of] p1a: Ninetales
|
|-weather|Snowscape|[upkeep]
|upkeep
|turn|2
|
|t:|1757892807
|-terastallize|p2a: Hawlucha|Steel
|move|p2a: Hawlucha|Iron Head|p1a: Ninetales
|-supereffective|p1a: Ninetales
|-damage|p1a: Ninetales|0 fnt
|faint|p1a: Ninetales
|
|-weather|Snowscape|[upkeep]
|-heal|p2a: Hawlucha|100/100|[from] Grassy Terrain
|upkeep
|
|t:|1757892821
|switch|p1a: Cinderace|Cinderace, M|100/100
|turn|3
|
|t:|1757892826
|move|p2a: Hawlucha|Swords Dance|p2a: Hawlucha
|-boost|p2a: Hawlucha|atk|2
|move|p1a: Cinderace|Pyro Ball|p2a: Hawlucha
|-supereffective|p2a: Hawlucha
|-damage|p2a: Hawlucha|0 fnt
|faint|p2a: Hawlucha
|
|-weather|Snowscape|[upkeep]
|upkeep
|
|t:|1757892843
|switch|p2a: Alomomola|Alomomola, F|100/100
|turn|4
|
|t:|1757892848
|move|p1a: Cinderace|U-turn|p2a: Alomomola
|-start|p1a: Cinderace|typechange|Bug|[from] ability: Libero
|-damage|p2a: Alomomola|81/100
|
|t:|1757892850
|switch|p1a: Rillaboom|Rillaboom, F|100/100|[from] U-turn
|move|p2a: Alomomola|Rain Dance|p2a: Alomomola
|-weather|RainDance
|
|-weather|RainDance|[upkeep]
|-heal|p2a: Alomomola|87/100|[from] Grassy Terrain
|upkeep
|turn|5
|
|t:|1757892878
|switch|p2a: Moltres|Moltres-Galar|100/100
|move|p1a: Rillaboom|Knock Off|p2a: Moltres
|-resisted|p2a: Moltres
|-damage|p2a: Moltres|78/100
|-enditem|p2a: Moltres|Heavy-Duty Boots|[from] move: Knock Off|[of] p1a: Rillaboom
|
|-weather|RainDance|[upkeep]
|-fieldend|move: Grassy Terrain
|upkeep
|turn|6
|
|t:|1757892910
|switch|p1a: Kyurem|Kyurem|100/100
|-ability|p1a: Kyurem|Pressure
|move|p2a: Moltres|Agility|p2a: Moltres
|-boost|p2a: Moltres|spe|2
|
|-weather|RainDance|[upkeep]
|upkeep
|turn|7
|
|t:|1757892937
|move|p2a: Moltres|Hurricane|p1a: Kyurem
|-damage|p1a: Kyurem|46/100
|-start|p1a: Kyurem|confusion
|-activate|p1a: Kyurem|confusion
|-damage|p1a: Kyurem|32/100|[from] confusion
|
|-weather|RainDance|[upkeep]
|upkeep
|turn|8
|
|t:|1757892945
|move|p2a: Moltres|Hurricane|p1a: Kyurem
|-damage|p1a: Kyurem|0 fnt
|faint|p1a: Kyurem
|
|-weather|none
|upkeep
|
|t:|1757892952
|switch|p1a: Cinderace|Cinderace, M|100/100
|turn|9
|
|t:|1757892959
|move|p2a: Moltres|Nasty Plot|p2a: Moltres
|-boost|p2a: Moltres|spa|2
|move|p1a: Cinderace|Pyro Ball|p2a: Moltres
|-damage|p2a: Moltres|11/100
|-ability|p2a: Moltres|Berserk|boost
|-boost|p2a: Moltres|spa|1
|
|upkeep
|turn|10
|
|t:|1757892966
|move|p1a: Cinderace|Sucker Punch|p2a: Moltres
|-start|p1a: Cinderace|typechange|Dark|[from] ability: Libero
|-resisted|p2a: Moltres
|-damage|p2a: Moltres|0 fnt
|faint|p2a: Moltres
|
|upkeep
|
|t:|1757892977
|switch|p2a: Hoopa|Hoopa-Unbound|100/100
|turn|11
|
|t:|1757892980
|move|p1a: Cinderace|U-turn|p2a: Hoopa
|-supereffective|p2a: Hoopa
|-damage|p2a: Hoopa|0 fnt
|faint|p2a: Hoopa
|
|t:|1757892982
|switch|p1a: Rillaboom|Rillaboom, F|100/100|[from] U-turn
|-fieldstart|move: Grassy Terrain|[from] ability: Grassy Surge|[of] p1a: Rillaboom
|
|upkeep
|
|t:|1757893000
|switch|p2a: Gliscor|Gliscor, M|100/100
|turn|12
|
|t:|1757893022
|switch|p1a: Great Tusk|Great Tusk|100/100
|move|p2a: Gliscor|U-turn|p1a: Great Tusk
|-resisted|p1a: Great Tusk
|-damage|p1a: Great Tusk|95/100
|
|t:|1757893031
|switch|p2a: Alomomola|Alomomola, F|100/100|[from] U-turn
|
|-heal|p1a: Great Tusk|100/100|[from] Grassy Terrain
|upkeep
|turn|13
|
|t:|1757893049
|-end|p1a: Great Tusk|Protosynthesis|[silent]
|switch|p1a: Rillaboom|Rillaboom, F|100/100
|move|p2a: Alomomola|Scald|p1a: Rillaboom
|-resisted|p1a: Rillaboom
|-damage|p1a: Rillaboom|91/100
|
|-heal|p1a: Rillaboom|97/100|[from] Grassy Terrain
|upkeep
|turn|14
|
|t:|1757893061
|move|p1a: Rillaboom|Knock Off|p2a: Alomomola
|-damage|p2a: Alomomola|81/100
|-enditem|p2a: Alomomola|Heavy-Duty Boots|[from] move: Knock Off|[of] p1a: Rillaboom
|move|p2a: Alomomola|Scald|p1a: Rillaboom
|-resisted|p1a: Rillaboom
|-damage|p1a: Rillaboom|88/100
|
|-heal|p1a: Rillaboom|94/100|[from] Grassy Terrain
|-heal|p2a: Alomomola|87/100|[from] Grassy Terrain
|upkeep
|turn|15
|
|t:|1757893070
|switch|p1a: Clodsire|Clodsire, M|100/100
|-enditem|p1a: Clodsire|Grassy Seed
|-boost|p1a: Clodsire|def|1|[from] item: Grassy Seed
|move|p2a: Alomomola|Scald|p1a: Clodsire
|-supereffective|p1a: Clodsire
|-damage|p1a: Clodsire|81/100
|-status|p1a: Clodsire|brn
|
|-heal|p2a: Alomomola|93/100|[from] Grassy Terrain
|-heal|p1a: Clodsire|87/100 brn|[from] Grassy Terrain
|-damage|p1a: Clodsire|81/100 brn|[from] brn
|-fieldend|move: Grassy Terrain
|upkeep
|turn|16
|
|t:|1757893083
|switch|p1a: Rillaboom|Rillaboom, F|94/100
|-fieldstart|move: Grassy Terrain|[from] ability: Grassy Surge|[of] p1a: Rillaboom
|move|p2a: Alomomola|Flip Turn|p1a: Rillaboom
|-resisted|p1a: Rillaboom
|-crit|p1a: Rillaboom
|-damage|p1a: Rillaboom|82/100
|
|t:|1757893090
|switch|p2a: Gliscor|Gliscor, M|100/100|[from] Flip Turn
|
|-heal|p1a: Rillaboom|88/100|[from] Grassy Terrain
|-status|p2a: Gliscor|tox|[from] item: Toxic Orb
|upkeep
|turn|17
|
|t:|1757893096
|move|p1a: Rillaboom|Wood Hammer|p2a: Gliscor
|-damage|p2a: Gliscor|28/100 tox
|-damage|p1a: Rillaboom|68/100|[from] Recoil
|move|p2a: Gliscor|U-turn|p1a: Rillaboom
|-supereffective|p1a: Rillaboom
|-damage|p1a: Rillaboom|35/100
|
|t:|1757893108
|switch|p2a: Rillaboom|Rillaboom, F|100/100|[from] U-turn
|
|-heal|p1a: Rillaboom|42/100|[from] Grassy Terrain
|upkeep
|turn|18
|
|t:|1757893117
|switch|p1a: Clodsire|Clodsire, M|81/100 brn
|move|p2a: Rillaboom|U-turn|p1a: Clodsire
|-resisted|p1a: Clodsire
|-damage|p1a: Clodsire|72/100 brn
|
|t:|1757893122
|switch|p2a: Gliscor|Gliscor, M|28/100 tox|[from] U-turn
|
|-heal|p1a: Clodsire|78/100 brn|[from] Grassy Terrain
|-heal|p2a: Gliscor|41/100 tox|[from] ability: Poison Heal
|-damage|p1a: Clodsire|72/100 brn|[from] brn
|upkeep
|turn|19
|
|t:|1757893130
|switch|p1a: Great Tusk|Great Tusk|100/100
|move|p2a: Gliscor|U-turn|p1a: Great Tusk
|-resisted|p1a: Great Tusk
|-damage|p1a: Great Tusk|95/100
|
|t:|1757893135
|switch|p2a: Alomomola|Alomomola, F|100/100|[from] U-turn
|
|-heal|p1a: Great Tusk|100/100|[from] Grassy Terrain
|upkeep
|turn|20
|
|t:|1757893144
|-end|p1a: Great Tusk|Protosynthesis|[silent]
|switch|p1a: Rillaboom|Rillaboom, F|42/100
|move|p2a: Alomomola|Scald|p1a: Rillaboom
|-resisted|p1a: Rillaboom
|-crit|p1a: Rillaboom
|-damage|p1a: Rillaboom|27/100
|-status|p1a: Rillaboom|brn
|
|-heal|p1a: Rillaboom|33/100 brn|[from] Grassy Terrain
|-damage|p1a: Rillaboom|27/100 brn|[from] brn
|-fieldend|move: Grassy Terrain
|upkeep
|turn|21
|
|t:|1757893157
|move|p1a: Rillaboom|U-turn|p2a: Alomomola
|-damage|p2a: Alomomola|94/100
|
|t:|1757893164
|switch|p1a: Cinderace|Cinderace, M|100/100|[from] U-turn
|move|p2a: Alomomola|Rain Dance|p2a: Alomomola
|-weather|RainDance
|
|-weather|RainDance|[upkeep]
|upkeep
|turn|22
|
|t:|1757893169
|move|p1a: Cinderace|U-turn|p2a: Alomomola
|-start|p1a: Cinderace|typechange|Bug|[from] ability: Libero
|-damage|p2a: Alomomola|75/100
|
|t:|1757893172
|switch|p1a: Clodsire|Clodsire, M|72/100 brn|[from] U-turn
|move|p2a: Alomomola|Scald|p1a: Clodsire
|-supereffective|p1a: Clodsire
|-damage|p1a: Clodsire|41/100 brn
|
|-weather|RainDance|[upkeep]
|-damage|p1a: Clodsire|35/100 brn|[from] brn
|upkeep
|turn|23
|
|t:|1757893180
|move|p2a: Alomomola|Scald|p1a: Clodsire
|-supereffective|p1a: Clodsire
|-damage|p1a: Clodsire|4/100 brn
|move|p1a: Clodsire|Recover|p1a: Clodsire
|-heal|p1a: Clodsire|55/100 brn
|
|-weather|RainDance|[upkeep]
|-damage|p1a: Clodsire|48/100 brn|[from] brn
|upkeep
|turn|24
|
|t:|1757893187
|move|p2a: Alomomola|Flip Turn|p1a: Clodsire
|-supereffective|p1a: Clodsire
|-damage|p1a: Clodsire|9/100 brn
|
|t:|1757893194
|switch|p2a: Gliscor|Gliscor, M|41/100 tox|[from] Flip Turn
|move|p1a: Clodsire|Toxic|p2a: Gliscor
|-fail|p2a: Gliscor|tox
|
|-weather|RainDance|[upkeep]
|-heal|p2a: Gliscor|53/100 tox|[from] ability: Poison Heal
|-damage|p1a: Clodsire|3/100 brn|[from] brn
|upkeep
|turn|25
|
|t:|1757893202
|move|p2a: Gliscor|U-turn|p1a: Clodsire
|-resisted|p1a: Clodsire
|-damage|p1a: Clodsire|0 fnt
|faint|p1a: Clodsire
|
|t:|1757893206
|switch|p2a: Alomomola|Alomomola, F|100/100|[from] U-turn
|
|-weather|none
|upkeep
|
|t:|1757893209
|switch|p1a: Rillaboom|Rillaboom, F|27/100 brn
|-fieldstart|move: Grassy Terrain|[from] ability: Grassy Surge|[of] p1a: Rillaboom
|turn|26
|
|t:|1757893213
|move|p1a: Rillaboom|Wood Hammer|p2a: Alomomola
|-supereffective|p2a: Alomomola
|-damage|p2a: Alomomola|56/100
|-damage|p1a: Rillaboom|4/100 brn|[from] Recoil
|move|p2a: Alomomola|Rain Dance|p2a: Alomomola
|-weather|RainDance
|
|-weather|RainDance|[upkeep]
|-heal|p1a: Rillaboom|10/100 brn|[from] Grassy Terrain
|-heal|p2a: Alomomola|62/100|[from] Grassy Terrain
|-damage|p1a: Rillaboom|4/100 brn|[from] brn
|upkeep
|turn|27
|
|t:|1757893225
|switch|p2a: Gliscor|Gliscor, M|53/100 tox
|move|p1a: Rillaboom|Wood Hammer|p2a: Gliscor
|-damage|p2a: Gliscor|17/100 tox
|-damage|p1a: Rillaboom|0 fnt|[from] Recoil
|faint|p1a: Rillaboom
|
|-weather|RainDance|[upkeep]
|-heal|p2a: Gliscor|29/100 tox|[from] ability: Poison Heal
|upkeep
|
|t:|1757893229
|switch|p1a: Great Tusk|Great Tusk|100/100
|turn|28
|
|t:|1757893237
|switch|p2a: Alomomola|Alomomola, F|95/100
|move|p1a: Great Tusk|Bulk Up|p1a: Great Tusk
|-boost|p1a: Great Tusk|atk|1
|-boost|p1a: Great Tusk|def|1
|
|-weather|RainDance|[upkeep]
|-heal|p2a: Alomomola|100/100|[from] Grassy Terrain
|upkeep
|turn|29
|
|t:|1757893245
|-terastallize|p1a: Great Tusk|Ice
|move|p1a: Great Tusk|Bulk Up|p1a: Great Tusk
|-boost|p1a: Great Tusk|atk|1
|-boost|p1a: Great Tusk|def|1
|move|p2a: Alomomola|Scald|p1a: Great Tusk
|-damage|p1a: Great Tusk|71/100
|-status|p1a: Great Tusk|brn
|
|-weather|RainDance|[upkeep]
|-heal|p1a: Great Tusk|77/100 brn|[from] Grassy Terrain
|-damage|p1a: Great Tusk|71/100 brn|[from] brn
|upkeep
|turn|30
|
|t:|1757893256
|move|p1a: Great Tusk|Bulk Up|p1a: Great Tusk
|-boost|p1a: Great Tusk|atk|1
|-boost|p1a: Great Tusk|def|1
|move|p2a: Alomomola|Calm Mind|p2a: Alomomola
|-boost|p2a: Alomomola|spa|1
|-boost|p2a: Alomomola|spd|1
|
|-weather|none
|-heal|p1a: Great Tusk|77/100 brn|[from] Grassy Terrain
|-damage|p1a: Great Tusk|71/100 brn|[from] brn
|-fieldend|move: Grassy Terrain
|upkeep
|turn|31
|
|t:|1757893265
|move|p1a: Great Tusk|Headlong Rush|p2a: Alomomola
|-damage|p2a: Alomomola|61/100
|-unboost|p1a: Great Tusk|def|1
|-unboost|p1a: Great Tusk|spd|1
|move|p2a: Alomomola|Scald|p1a: Great Tusk
|-damage|p1a: Great Tusk|25/100 brn
|
|-damage|p1a: Great Tusk|19/100 brn|[from] brn
|upkeep
|turn|32
|c|☆xen769|Fucking burns wow
|
|t:|1757893275
|switch|p2a: Gliscor|Gliscor, M|29/100 tox
|move|p1a: Great Tusk|Headlong Rush|p2a: Gliscor
|-immune|p2a: Gliscor
|
|-heal|p2a: Gliscor|41/100 tox|[from] ability: Poison Heal
|-damage|p1a: Great Tusk|13/100 brn|[from] brn
|upkeep
|turn|33
|
|t:|1757893283
|switch|p2a: Alomomola|Alomomola, F|95/100
|move|p1a: Great Tusk|Bulk Up|p1a: Great Tusk
|-boost|p1a: Great Tusk|atk|1
|-boost|p1a: Great Tusk|def|1
|
|-damage|p1a: Great Tusk|6/100 brn|[from] brn
|upkeep
|turn|34
|
|t:|1757893290
|move|p1a: Great Tusk|Headlong Rush|p2a: Alomomola
|-damage|p2a: Alomomola|48/100
|-unboost|p1a: Great Tusk|def|1
|-unboost|p1a: Great Tusk|spd|1
|move|p2a: Alomomola|Rain Dance|p2a: Alomomola
|-weather|RainDance
|
|-weather|RainDance|[upkeep]
|-damage|p1a: Great Tusk|0 fnt|[from] brn
|faint|p1a: Great Tusk
|-end|p1a: Great Tusk|Protosynthesis|[silent]
|upkeep
|
|t:|1757893293
|switch|p1a: Cinderace|Cinderace, M|100/100
|turn|35
|
|t:|1757893301
|switch|p2a: Gliscor|Gliscor, M|41/100 tox
|move|p1a: Cinderace|U-turn|p2a: Gliscor
|-start|p1a: Cinderace|typechange|Bug|[from] ability: Libero
|-resisted|p2a: Gliscor
|-damage|p2a: Gliscor|27/100 tox
|
|-weather|RainDance|[upkeep]
|-heal|p2a: Gliscor|40/100 tox|[from] ability: Poison Heal
|upkeep
|turn|36
|-message|xen769 forfeited.
|
|win|BabyPandaXY
|raw|xen769's rating: 1317 &rarr; <strong>1301</strong><br />(-16 for losing)
|raw|BabyPandaXY's rating: 1390 &rarr; <strong>1406</strong><br />(+16 for winning)
|l|☆xen769
|player|p1|
