|j|☆chenfanyqw
|j|☆findmyhair
|t:|1757950157
|gametype|singles
|player|p1|chenfanyqw|red|1167
|player|p2|findmyhair|acetrainercouple|1196
|gen|9
|tier|[Gen 9] OU
|rated|
|rule|HP Percentage Mod: HP is shown in percentages
|rule|Endless Battle Clause: Forcing endless battles is banned
|rule|Species Clause: Limit one of each Pokémon
|rule|OHKO Clause: OHKO moves are banned
|rule|Evasion Items Clause: Evasion items are banned
|rule|Evasion Moves Clause: Evasion moves are banned
|rule|Evasion Abilities Clause: Evasion abilities are banned
|rule|Sleep Moves Clause: Sleep-inducing moves are banned
|clearpoke
|poke|p1|Dragonite, F|
|poke|p1|Hatterene, F|
|poke|p1|Great Tusk|
|poke|p1|Ceruledge, M|
|poke|p1|Ting-Lu|
|poke|p1|Kyurem|
|poke|p2|Reuniclus, M|
|poke|p2|Coalossal, M|
|poke|p2|Toxicroak, M|
|poke|p2|Flygon, M|
|poke|p2|Shaymin|
|poke|p2|Froslass, F|
|teampreview
|inactive|Battle timer is ON: inactive players will automatically lose when time's up. (requested by findmyhair)
|inactive|findmyhair has 120 seconds left.
|inactive|findmyhair has 90 seconds left.
|
|t:|1757950241
|teamsize|p1|6
|teamsize|p2|6
|start
|switch|p1a: Ceruledge|Ceruledge, M|100/100
|switch|p2a: Froslass|Froslass, F|100/100
|turn|1
|
|t:|1757950252
|move|p2a: Froslass|Taunt|p1a: Ceruledge
|-start|p1a: Ceruledge|move: Taunt
|cant|p1a: Ceruledge|move: Taunt|Swords Dance
|
|upkeep
|turn|2
|
|t:|1757950258
|move|p2a: Froslass|Spikes|p1a: Ceruledge
|-sidestart|p1: chenfanyqw|Spikes
|move|p1a: Ceruledge|Bitter Blade|p2a: Froslass
|-supereffective|p2a: Froslass
|-enditem|p2a: Froslass|Focus Sash
|-damage|p2a: Froslass|1/100
|
|upkeep
|turn|3
|
|t:|1757950266
|move|p1a: Ceruledge|Shadow Sneak|p2a: Froslass
|-supereffective|p2a: Froslass
|-damage|p2a: Froslass|0 fnt
|faint|p2a: Froslass
|
|-end|p1a: Ceruledge|move: Taunt
|upkeep
|
|t:|1757950280
|switch|p2a: Toxicroak|Toxicroak, M|100/100
|turn|4
|
|t:|1757950287
|-terastallize|p1a: Ceruledge|Fairy
|move|p1a: Ceruledge|Swords Dance|p1a: Ceruledge
|-boost|p1a: Ceruledge|atk|2
|move|p2a: Toxicroak|Swords Dance|p2a: Toxicroak
|-boost|p2a: Toxicroak|atk|2
|
|upkeep
|turn|5
|
|t:|1757950299
|move|p2a: Toxicroak|Gunk Shot|p1a: Ceruledge
|-supereffective|p1a: Ceruledge
|-enditem|p1a: Ceruledge|Focus Sash
|-damage|p1a: Ceruledge|1/100
|-ability|p1a: Ceruledge|Weak Armor|boost
|-unboost|p1a: Ceruledge|def|1
|-boost|p1a: Ceruledge|spe|2
|move|p1a: Ceruledge|Bitter Blade|p2a: Toxicroak
|-damage|p2a: Toxicroak|0 fnt
|-heal|p1a: Ceruledge|54/100|[from] drain|[of] p2a: Toxicroak
|faint|p2a: Toxicroak
|
|upkeep
|
|t:|1757950323
|switch|p2a: Flygon|Flygon, M|100/100
|turn|6
|
|t:|1757950327
|move|p1a: Ceruledge|Close Combat|p2a: Flygon
|-damage|p2a: Flygon|0 fnt
|-unboost|p1a: Ceruledge|def|1
|-unboost|p1a: Ceruledge|spd|1
|faint|p2a: Flygon
|
|upkeep
|
|t:|1757950340
|switch|p2a: Shaymin|Shaymin|100/100
|turn|7
|
|t:|1757950349
|-terastallize|p2a: Shaymin|Fire
|move|p1a: Ceruledge|Bitter Blade|p2a: Shaymin
|-resisted|p2a: Shaymin
|-crit|p2a: Shaymin
|-damage|p2a: Shaymin|40/100
|-heal|p1a: Ceruledge|96/100|[from] drain|[of] p2a: Shaymin
|move|p2a: Shaymin|Seed Flare|p1a: Ceruledge
|-damage|p1a: Ceruledge|0 fnt
|faint|p1a: Ceruledge
|
|-heal|p2a: Shaymin|46/100|[from] item: Leftovers
|upkeep
|
|t:|1757950365
|switch|p1a: Dragonite|Dragonite, F|100/100
|turn|8
|
|t:|1757950377
|move|p1a: Dragonite|Dragon Dance|p1a: Dragonite
|-boost|p1a: Dragonite|atk|1
|-boost|p1a: Dragonite|spe|1
|move|p2a: Shaymin|Rest|p2a: Shaymin
|-status|p2a: Shaymin|slp|[from] move: Rest
|-heal|p2a: Shaymin|100/100 slp|[silent]
|
|upkeep
|turn|9
|
|t:|1757950388
|-curestatus|p2a: Shaymin|slp|[from] ability: Natural Cure
|switch|p2a: Coalossal|Coalossal, M|100/100
|move|p1a: Dragonite|Dragon Dance|p1a: Dragonite
|-boost|p1a: Dragonite|atk|1
|-boost|p1a: Dragonite|spe|1
|
|upkeep
|turn|10
|
|t:|1757950397
|move|p1a: Dragonite|Earthquake|p2a: Coalossal
|-supereffective|p2a: Coalossal
|-damage|p2a: Coalossal|0 fnt
|faint|p2a: Coalossal
|
|upkeep
|
|t:|1757950403
|switch|p2a: Reuniclus|Reuniclus, M|100/100
|turn|11
|
|t:|1757950416
|move|p1a: Dragonite|Earthquake|p2a: Reuniclus
|-damage|p2a: Reuniclus|55/100
|move|p2a: Reuniclus|Calm Mind|p2a: Reuniclus
|-boost|p2a: Reuniclus|spa|1
|-boost|p2a: Reuniclus|spd|1
|
|-heal|p2a: Reuniclus|61/100|[from] item: Leftovers
|upkeep
|turn|12
|
|t:|1757950425
|move|p1a: Dragonite|Earthquake|p2a: Reuniclus
|-damage|p2a: Reuniclus|11/100
|move|p2a: Reuniclus|Recover|p2a: Reuniclus
|-heal|p2a: Reuniclus|61/100
|
|-heal|p2a: Reuniclus|67/100|[from] item: Leftovers
|upkeep
|turn|13
|
|t:|1757950434
|move|p1a: Dragonite|Dragon Dance|p1a: Dragonite
|-boost|p1a: Dragonite|atk|1
|-boost|p1a: Dragonite|spe|1
|move|p2a: Reuniclus|Psychic|p1a: Dragonite
|-damage|p1a: Dragonite|76/100
|
|-heal|p1a: Dragonite|82/100|[from] item: Leftovers
|-heal|p2a: Reuniclus|73/100|[from] item: Leftovers
|upkeep
|turn|14
|
|t:|1757950443
|move|p1a: Dragonite|Earthquake|p2a: Reuniclus
|-damage|p2a: Reuniclus|13/100
|move|p2a: Reuniclus|Recover|p2a: Reuniclus
|-heal|p2a: Reuniclus|63/100
|
|-heal|p1a: Dragonite|88/100|[from] item: Leftovers
|-heal|p2a: Reuniclus|69/100|[from] item: Leftovers
|upkeep
|turn|15
|
|t:|1757950452
|move|p1a: Dragonite|Earthquake|p2a: Reuniclus
|-damage|p2a: Reuniclus|5/100
|move|p2a: Reuniclus|Calm Mind|p2a: Reuniclus
|-boost|p2a: Reuniclus|spa|1
|-boost|p2a: Reuniclus|spd|1
|
|-heal|p1a: Dragonite|94/100|[from] item: Leftovers
|-heal|p2a: Reuniclus|11/100|[from] item: Leftovers
|upkeep
|turn|16
|
|t:|1757950461
|move|p1a: Dragonite|Earthquake|p2a: Reuniclus
|-damage|p2a: Reuniclus|0 fnt
|faint|p2a: Reuniclus
|
|-heal|p1a: Dragonite|99/100|[from] item: Leftovers
|upkeep
|c|☆findmyhair|gg
|
|t:|1757950466
|switch|p2a: Shaymin|Shaymin, tera:Fire|100/100
|turn|17
|
|t:|1757950472
|move|p1a: Dragonite|Earthquake|p2a: Shaymin
|-supereffective|p2a: Shaymin
|-damage|p2a: Shaymin|0 fnt
|faint|p2a: Shaymin
|
|win|chenfanyqw
|raw|chenfanyqw's rating: 1167 &rarr; <strong>1194</strong><br />(+27 for winning)
|raw|findmyhair's rating: 1196 &rarr; <strong>1169</strong><br />(-27 for losing)
|l|☆findmyhair
|player|p2|
|l|☆chenfanyqw
|player|p1|
