|j|☆Redemfion
|j|☆aria4games
|t:|1757952911
|gametype|singles
|player|p1|Redemfion|169|1360
|player|p2|aria4games|janine|1424
|gen|9
|tier|[Gen 9] OU
|rated|
|rule|HP Percentage Mod: HP is shown in percentages
|rule|Endless Battle Clause: Forcing endless battles is banned
|rule|Species Clause: Limit one of each Pokémon
|rule|OHKO Clause: OHKO moves are banned
|rule|Evasion Items Clause: Evasion items are banned
|rule|Evasion Moves Clause: Evasion moves are banned
|rule|Evasion Abilities Clause: Evasion abilities are banned
|rule|Sleep Moves Clause: Sleep-inducing moves are banned
|clearpoke
|poke|p1|Deoxys-Speed|
|poke|p1|Araquanid, M|
|poke|p1|Great Tusk|
|poke|p1|Gholdengo|
|poke|p1|Enamorus, F|
|poke|p1|Iron Moth|
|poke|p2|Primarina, F|
|poke|p2|Weavile, M|
|poke|p2|Emboar, M|
|poke|p2|Iron Treads|
|poke|p2|Dragonite, M|
|poke|p2|Spiritomb, F|
|teampreview
|c|☆aria4games|nooo i used my wrong team :((
|
|t:|1757952928
|teamsize|p1|6
|teamsize|p2|6
|start
|switch|p1a: Chemin d'or|Araquanid, M|100/100
|switch|p2a: baddest piggie|Emboar, M, shiny|100/100
|turn|1
|
|t:|1757952937
|move|p2a: baddest piggie|Wild Charge|p1a: Chemin d'or
|-supereffective|p1a: Chemin d'or
|-damage|p1a: Chemin d'or|2/100
|-damage|p2a: baddest piggie|77/100|[from] Recoil
|-enditem|p1a: Chemin d'or|Red Card|[of] p2a: baddest piggie
|drag|p2a: maggie thatcher|Spiritomb, F, shiny|100/100
|move|p1a: Chemin d'or|Surf|p2a: maggie thatcher
|-damage|p2a: maggie thatcher|48/100
|
|-heal|p2a: maggie thatcher|54/100|[from] item: Leftovers
|upkeep
|turn|2
|
|t:|1757952947
|move|p1a: Chemin d'or|Sticky Web|p2a: maggie thatcher
|-sidestart|p2: aria4games|move: Sticky Web
|move|p2a: maggie thatcher|Foul Play|p1a: Chemin d'or
|-damage|p1a: Chemin d'or|0 fnt
|faint|p1a: Chemin d'or
|
|-heal|p2a: maggie thatcher|61/100|[from] item: Leftovers
|upkeep
|
|t:|1757952957
|switch|p1a: Escorte|Enamorus, F|100/100
|turn|3
|
|t:|1757952960
|move|p1a: Escorte|Moonblast|p2a: maggie thatcher
|-supereffective|p2a: maggie thatcher
|-damage|p2a: maggie thatcher|0 fnt
|faint|p2a: maggie thatcher
|-damage|p1a: Escorte|91/100|[from] item: Life Orb
|
|upkeep
|
|t:|1757952965
|switch|p2a: gimme that guap|Iron Treads|100/100
|-activate|p2a: gimme that guap|move: Sticky Web
|-unboost|p2a: gimme that guap|spe|1
|turn|4
|
|t:|1757952973
|switch|p1a: Millionaire|Gholdengo|100/100
|-item|p1a: Millionaire|Air Balloon
|move|p2a: gimme that guap|Knock Off|p1a: Millionaire
|-supereffective|p1a: Millionaire
|-damage|p1a: Millionaire|48/100
|-enditem|p1a: Millionaire|Air Balloon
|
|upkeep
|turn|5
|
|t:|1757952982
|move|p1a: Millionaire|Focus Blast|p2a: gimme that guap
|-supereffective|p2a: gimme that guap
|-damage|p2a: gimme that guap|38/100
|move|p2a: gimme that guap|Earthquake|p1a: Millionaire
|-supereffective|p1a: Millionaire
|-damage|p1a: Millionaire|0 fnt
|faint|p1a: Millionaire
|
|-heal|p2a: gimme that guap|44/100|[from] item: Leftovers
|upkeep
|
|t:|1757952989
|switch|p1a: Ciao|Iron Moth|100/100
|-enditem|p1a: Ciao|Booster Energy
|-activate|p1a: Ciao|ability: Quark Drive|[fromitem]
|-start|p1a: Ciao|quarkdrivespa
|turn|6
|
|t:|1757952992
|move|p1a: Ciao|Fiery Dance|p2a: gimme that guap
|-supereffective|p2a: gimme that guap
|-damage|p2a: gimme that guap|0 fnt
|-boost|p1a: Ciao|spa|1
|faint|p2a: gimme that guap
|-end|p2a: gimme that guap|Quark Drive|[silent]
|
|upkeep
|
|t:|1757952999
|switch|p2a: kittyseal dolls|Primarina, F|100/100
|-activate|p2a: kittyseal dolls|move: Sticky Web
|-unboost|p2a: kittyseal dolls|spe|1
|turn|7
|
|t:|1757953004
|move|p1a: Ciao|Sludge Wave|p2a: kittyseal dolls
|-supereffective|p2a: kittyseal dolls
|-damage|p2a: kittyseal dolls|0 fnt
|faint|p2a: kittyseal dolls
|
|upkeep
|
|t:|1757953009
|switch|p2a: baddest piggie|Emboar, M, shiny|77/100
|-activate|p2a: baddest piggie|move: Sticky Web
|-unboost|p2a: baddest piggie|spe|1
|turn|8
|
|t:|1757953022
|-terastallize|p2a: baddest piggie|Dark
|move|p2a: baddest piggie|Sucker Punch|p1a: Ciao
|-damage|p1a: Ciao|16/100
|-damage|p2a: baddest piggie|67/100|[from] item: Life Orb
|move|p1a: Ciao|Sludge Wave|p2a: baddest piggie
|-damage|p2a: baddest piggie|0 fnt
|faint|p2a: baddest piggie
|
|upkeep
|
|t:|1757953029
|switch|p2a: miami vile|Weavile, M, shiny|100/100
|-activate|p2a: miami vile|move: Sticky Web
|-unboost|p2a: miami vile|spe|1
|-ability|p2a: miami vile|Pressure
|turn|9
|
|t:|1757953034
|move|p2a: miami vile|Ice Shard|p1a: Ciao
|-resisted|p1a: Ciao
|-damage|p1a: Ciao|0 fnt
|faint|p1a: Ciao
|-end|p1a: Ciao|Quark Drive|[silent]
|
|upkeep
|
|t:|1757953041
|switch|p1a: Escorte|Enamorus, F|91/100
|turn|10
|
|t:|1757953045
|move|p1a: Escorte|Moonblast|p2a: miami vile
|-supereffective|p2a: miami vile
|-damage|p2a: miami vile|0 fnt
|faint|p2a: miami vile
|-damage|p1a: Escorte|81/100|[from] item: Life Orb
|
|upkeep
|
|t:|1757953048
|switch|p2a: james harden|Dragonite, M|100/100
|turn|11
|
|t:|1757953052
|move|p1a: Escorte|Moonblast|p2a: james harden
|-supereffective|p2a: james harden
|-damage|p2a: james harden|29/100
|-damage|p1a: Escorte|71/100|[from] item: Life Orb
|move|p2a: james harden|Dragon Dance|p2a: james harden
|-boost|p2a: james harden|atk|1
|-boost|p2a: james harden|spe|1
|
|upkeep
|turn|12
|
|t:|1757953059
|move|p2a: james harden|Ice Spinner|p1a: Escorte
|-supereffective|p1a: Escorte
|-damage|p1a: Escorte|0 fnt
|faint|p1a: Escorte
|
|upkeep
|
|t:|1757953064
|switch|p1a: Rude Boy|Great Tusk|100/100
|-enditem|p1a: Rude Boy|Booster Energy
|-activate|p1a: Rude Boy|ability: Protosynthesis|[fromitem]
|-start|p1a: Rude Boy|protosynthesisatk
|turn|13
|
|t:|1757953070
|-terastallize|p1a: Rude Boy|Ghost
|move|p2a: james harden|Ice Spinner|p1a: Rude Boy
|-damage|p1a: Rude Boy|68/100
|move|p1a: Rude Boy|Ice Spinner|p2a: james harden
|-supereffective|p2a: james harden
|-damage|p2a: james harden|0 fnt
|faint|p2a: james harden
|
|win|Redemfion
|raw|Redemfion's rating: 1360 &rarr; <strong>1384</strong><br />(+24 for winning)
|raw|aria4games's rating: 1424 &rarr; <strong>1400</strong><br />(-24 for losing)
|c|☆Redemfion|sad
|c|☆Redemfion|gg
|c|☆aria4games|gg
|l|☆Redemfion
|player|p1|
|l|☆aria4games
|player|p2|
