|j|☆scuffed gamer
|j|☆SittinGamer
|t:|1757793848
|gametype|singles
|player|p1|scuffed gamer|2|1450
|player|p2|SittinGamer|dawn-gen4pt|1475
|gen|9
|tier|[Gen 9] OU
|rated|
|rule|HP Percentage Mod: HP is shown in percentages
|rule|Endless Battle Clause: Forcing endless battles is banned
|rule|Species Clause: Limit one of each Pokémon
|rule|OHKO Clause: OHKO moves are banned
|rule|Evasion Items Clause: Evasion items are banned
|rule|Evasion Moves Clause: Evasion moves are banned
|rule|Evasion Abilities Clause: Evasion abilities are banned
|rule|Sleep Moves Clause: Sleep-inducing moves are banned
|clearpoke
|poke|p1|Muk, M|
|poke|p1|Ting-Lu|
|poke|p1|Alomomola, F|
|poke|p1|Blissey, F|
|poke|p1|Skeledirge, F|
|poke|p1|Corviknight, F|
|poke|p2|Tyranitar, F|
|poke|p2|Empoleon, M|
|poke|p2|Skarmory, F|
|poke|p2|Excadrill, M|
|poke|p2|Dragapult, F|
|poke|p2|Scizor, M|
|teampreview
|
|t:|1757793863
|teamsize|p1|6
|teamsize|p2|6
|start
|switch|p1a: Muk|Muk, M, shiny|100/100
|switch|p2a: Tyranitar|Tyranitar, F|100/100
|-weather|Sandstorm|[from] ability: Sand Stream|[of] p2a: Tyranitar
|turn|1
|
|t:|1757793871
|move|p2a: Tyranitar|Knock Off|p1a: Muk
|-damage|p1a: Muk|33/100
|-activate|p1a: Muk|ability: Sticky Hold
|move|p1a: Muk|Mean Look|p2a: Tyranitar
|-activate|p2a: Tyranitar|trapped
|
|-weather|Sandstorm|[upkeep]
|-damage|p1a: Muk|27/100|[from] Sandstorm
|-heal|p1a: Muk|33/100|[from] item: Leftovers
|upkeep
|turn|2
|
|t:|1757793878
|switch|p1a: Alomomola|Alomomola, F, shiny|100/100
|move|p2a: Tyranitar|Knock Off|p1a: Alomomola
|-damage|p1a: Alomomola|55/100
|-enditem|p1a: Alomomola|Covert Cloak|[from] move: Knock Off|[of] p2a: Tyranitar
|
|-weather|Sandstorm|[upkeep]
|-damage|p1a: Alomomola|49/100|[from] Sandstorm
|upkeep
|turn|3
|
|t:|1757793886
|move|p2a: Tyranitar|Knock Off|p1a: Alomomola
|-crit|p1a: Alomomola
|-damage|p1a: Alomomola|2/100
|move|p1a: Alomomola|Wish|p1a: Alomomola
|
|-weather|Sandstorm|[upkeep]
|-damage|p1a: Alomomola|0 fnt|[from] Sandstorm
|faint|p1a: Alomomola
|upkeep
|
|t:|1757793890
|switch|p1a: Corviknight|Corviknight, F, shiny|100/100
|-ability|p1a: Corviknight|Pressure
|turn|4
|
|t:|1757793899
|switch|p2a: Dragapult|Dragapult, F|100/100
|move|p1a: Corviknight|Body Press|p2a: Dragapult
|-immune|p2a: Dragapult
|
|-weather|Sandstorm|[upkeep]
|-damage|p2a: Dragapult|95/100|[from] Sandstorm
|upkeep
|turn|5
|
|t:|1757793910
|switch|p1a: Ting-Lu|Ting-Lu|100/100
|-ability|p1a: Ting-Lu|Vessel of Ruin
|move|p2a: Dragapult|Will-O-Wisp|p1a: Ting-Lu
|-status|p1a: Ting-Lu|brn
|
|-weather|none
|-damage|p1a: Ting-Lu|94/100 brn|[from] brn
|upkeep
|turn|6
|
|t:|1757793914
|move|p2a: Dragapult|U-turn|p1a: Ting-Lu
|-supereffective|p1a: Ting-Lu
|-damage|p1a: Ting-Lu|70/100 brn
|-message|scuffed gamer forfeited.
|
|win|SittinGamer
|raw|scuffed gamer's rating: 1450 &rarr; <strong>1431</strong><br />(-19 for losing)
|raw|SittinGamer's rating: 1475 &rarr; <strong>1494</strong><br />(+19 for winning)
|l|☆scuffed gamer
|player|p1|
|l|☆SittinGamer
|player|p2|
