|j|☆karrumi
|j|☆ozzy_manson
|t:|1757867983
|gametype|singles
|player|p1|karrumi|janitor|1222
|player|p2|ozzy_manson|clerk|1243
|gen|9
|tier|[Gen 9] OU
|rated|
|rule|HP Percentage Mod: HP is shown in percentages
|rule|Endless Battle Clause: Forcing endless battles is banned
|rule|Species Clause: Limit one of each Pokémon
|rule|OHKO Clause: OHKO moves are banned
|rule|Evasion Items Clause: Evasion items are banned
|rule|Evasion Moves Clause: Evasion moves are banned
|rule|Evasion Abilities Clause: Evasion abilities are banned
|rule|Sleep Moves Clause: Sleep-inducing moves are banned
|clearpoke
|poke|p1|Araquanid, F|
|poke|p1|Maushold|
|poke|p1|Gliscor, F|
|poke|p1|Pecharunt|
|poke|p1|Corviknight, F|
|poke|p1|Raging Bolt|
|poke|p2|Hoopa|
|poke|p2|Garchomp, M|
|poke|p2|Politoed, M|
|poke|p2|Corviknight, M|
|poke|p2|Lucario, M|
|poke|p2|Meganium, F|
|teampreview
|inactive|Battle timer is ON: inactive players will automatically lose when time's up. (requested by ozzy_manson)
|inactive|karrumi also wants the timer to be on.
|
|t:|1757867986
|teamsize|p1|6
|teamsize|p2|6
|start
|switch|p1a: Araquanid|Araquanid, F, shiny|100/100
|switch|p2a: Hoopa|Hoopa|100/100
|turn|1
|
|t:|1757867991
|move|p2a: Hoopa|Trick|p1a: Araquanid
|-activate|p2a: Hoopa|move: Trick|[of] p1a: Araquanid
|-item|p1a: Araquanid|Choice Scarf|[from] move: Trick
|-item|p2a: Hoopa|Assault Vest|[from] move: Trick
|move|p1a: Araquanid|Liquidation|p2a: Hoopa
|-damage|p2a: Hoopa|0 fnt
|faint|p2a: Hoopa
|
|upkeep
|
|t:|1757868005
|switch|p2a: Corviknight|Corviknight, M, shiny|100/100
|-ability|p2a: Corviknight|Pressure
|turn|2
|
|t:|1757868009
|move|p1a: Araquanid|Liquidation|p2a: Corviknight
|-damage|p2a: Corviknight|65/100
|-damage|p1a: Araquanid|84/100|[from] item: Rocky Helmet|[of] p2a: Corviknight
|move|p2a: Corviknight|Brave Bird|p1a: Araquanid
|-supereffective|p1a: Araquanid
|-damage|p1a: Araquanid|0 fnt
|faint|p1a: Araquanid
|-damage|p2a: Corviknight|44/100|[from] Recoil
|
|upkeep
|
|t:|1757868018
|switch|p1a: Pecharunt|Pecharunt|100/100
|turn|3
|
|t:|1757868021
|move|p1a: Pecharunt|Curse|p2a: Corviknight
|-start|p2a: Corviknight|Curse|[of] p1a: Pecharunt
|-damage|p1a: Pecharunt|50/100
|move|p2a: Corviknight|Roost|p2a: Corviknight
|-heal|p2a: Corviknight|94/100
|-singleturn|p2a: Corviknight|move: Roost
|
|-heal|p1a: Pecharunt|57/100|[from] item: Leftovers
|-damage|p2a: Corviknight|69/100|[from] Curse
|upkeep
|turn|4
|
|t:|1757868036
|switch|p2a: Politoed|Politoed, M, shiny|100/100
|-weather|RainDance|[from] ability: Drizzle|[of] p2a: Politoed
|move|p1a: Pecharunt|Recover|p1a: Pecharunt
|-heal|p1a: Pecharunt|100/100
|
|-weather|RainDance|[upkeep]
|upkeep
|turn|5
|
|t:|1757868043
|-terastallize|p2a: Politoed|Water
|move|p2a: Politoed|Weather Ball|p1a: Pecharunt
|-damage|p1a: Pecharunt|0 fnt
|faint|p1a: Pecharunt
|
|-weather|RainDance|[upkeep]
|upkeep
|
|t:|1757868051
|switch|p1a: Raging Bolt|Raging Bolt|100/100
|-enditem|p1a: Raging Bolt|Booster Energy
|-activate|p1a: Raging Bolt|ability: Protosynthesis|[fromitem]
|-start|p1a: Raging Bolt|protosynthesisspa
|turn|6
|
|t:|1757868060
|switch|p2a: Meganium|Meganium, F, shiny|100/100
|move|p1a: Raging Bolt|Thunderbolt|p2a: Meganium
|-resisted|p2a: Meganium
|-damage|p2a: Meganium|81/100
|
|-weather|RainDance|[upkeep]
|-heal|p2a: Meganium|87/100|[from] item: Leftovers
|upkeep
|turn|7
|
|t:|1757868072
|move|p1a: Raging Bolt|Calm Mind|p1a: Raging Bolt
|-boost|p1a: Raging Bolt|spa|1
|-boost|p1a: Raging Bolt|spd|1
|move|p2a: Meganium|Dragon Tail|p1a: Raging Bolt
|-supereffective|p1a: Raging Bolt
|-damage|p1a: Raging Bolt|81/100
|-end|p1a: Raging Bolt|Protosynthesis|[silent]
|drag|p1a: Maushold|Maushold|100/100
|
|-weather|RainDance|[upkeep]
|-heal|p2a: Meganium|93/100|[from] item: Leftovers
|upkeep
|turn|8
|
|t:|1757868081
|move|p1a: Maushold|Population Bomb|p2a: Meganium
|-damage|p2a: Meganium|83/100
|-damage|p2a: Meganium|72/100
|-damage|p2a: Meganium|62/100
|-damage|p2a: Meganium|51/100
|-hitcount|p2a: Meganium|4
|move|p2a: Meganium|Knock Off|p1a: Maushold
|-damage|p1a: Maushold|74/100
|-enditem|p1a: Maushold|Wide Lens|[from] move: Knock Off|[of] p2a: Meganium
|
|-weather|none
|-heal|p2a: Meganium|57/100|[from] item: Leftovers
|upkeep
|turn|9
|c|☆karrumi|that was the 1% miss chance lol
|
|t:|1757868110
|switch|p2a: Corviknight|Corviknight, M, shiny|69/100
|-ability|p2a: Corviknight|Pressure
|move|p1a: Maushold|Tidy Up|p1a: Maushold
|-boost|p1a: Maushold|atk|1
|-boost|p1a: Maushold|spe|1
|
|upkeep
|turn|10
|
|t:|1757868119
|move|p1a: Maushold|Population Bomb|p2a: Corviknight
|-resisted|p2a: Corviknight
|-damage|p2a: Corviknight|65/100
|-damage|p1a: Maushold|58/100|[from] item: Rocky Helmet|[of] p2a: Corviknight
|-resisted|p2a: Corviknight
|-damage|p2a: Corviknight|60/100
|-damage|p1a: Maushold|41/100|[from] item: Rocky Helmet|[of] p2a: Corviknight
|-resisted|p2a: Corviknight
|-crit|p2a: Corviknight
|-damage|p2a: Corviknight|52/100
|-damage|p1a: Maushold|24/100|[from] item: Rocky Helmet|[of] p2a: Corviknight
|-resisted|p2a: Corviknight
|-damage|p2a: Corviknight|47/100
|-damage|p1a: Maushold|8/100|[from] item: Rocky Helmet|[of] p2a: Corviknight
|-resisted|p2a: Corviknight
|-damage|p2a: Corviknight|42/100
|-damage|p1a: Maushold|0 fnt|[from] item: Rocky Helmet|[of] p2a: Corviknight
|faint|p1a: Maushold
|-hitcount|p2a: Corviknight|5
|move|p2a: Corviknight|Body Press|p1: Maushold|[notarget]
|-fail|p2a: Corviknight
|
|upkeep
|
|t:|1757868127
|switch|p1a: Corviknight|Corviknight, F|100/100
|turn|11
|
|t:|1757868135
|move|p2a: Corviknight|Roost|p2a: Corviknight
|-heal|p2a: Corviknight|92/100
|-singleturn|p2a: Corviknight|move: Roost
|move|p1a: Corviknight|Bulk Up|p1a: Corviknight
|-boost|p1a: Corviknight|atk|1
|-boost|p1a: Corviknight|def|1
|
|upkeep
|turn|12
|
|t:|1757868146
|switch|p2a: Meganium|Meganium, F, shiny|57/100
|move|p1a: Corviknight|Bulk Up|p1a: Corviknight
|-boost|p1a: Corviknight|atk|1
|-boost|p1a: Corviknight|def|1
|
|-heal|p2a: Meganium|63/100|[from] item: Leftovers
|upkeep
|turn|13
|
|t:|1757868153
|move|p1a: Corviknight|Drill Peck|p2a: Meganium
|-supereffective|p2a: Meganium
|-damage|p2a: Meganium|0 fnt
|faint|p2a: Meganium
|
|upkeep
|
|t:|1757868156
|switch|p2a: Politoed|Politoed, M, shiny, tera:Water|100/100
|-weather|RainDance|[from] ability: Drizzle|[of] p2a: Politoed
|turn|14
|
|t:|1757868162
|move|p2a: Politoed|Weather Ball|p1a: Corviknight
|-damage|p1a: Corviknight|16/100
|move|p1a: Corviknight|Drill Peck|p2a: Politoed
|-damage|p2a: Politoed|32/100
|
|-weather|RainDance|[upkeep]
|upkeep
|turn|15
|
|t:|1757868170
|move|p2a: Politoed|Weather Ball|p1a: Corviknight
|-damage|p1a: Corviknight|0 fnt
|faint|p1a: Corviknight
|
|-weather|RainDance|[upkeep]
|upkeep
|
|t:|1757868175
|switch|p1a: Raging Bolt|Raging Bolt|81/100
|turn|16
|
|t:|1757868182
|switch|p2a: Lucario|Lucario, M|100/100
|move|p1a: Raging Bolt|Calm Mind|p1a: Raging Bolt
|-boost|p1a: Raging Bolt|spa|1
|-boost|p1a: Raging Bolt|spd|1
|
|-weather|RainDance|[upkeep]
|upkeep
|turn|17
|
|t:|1757868194
|move|p2a: Lucario|Drain Punch|p1a: Raging Bolt
|-damage|p1a: Raging Bolt|44/100
|move|p1a: Raging Bolt|Calm Mind|p1a: Raging Bolt
|-boost|p1a: Raging Bolt|spa|1
|-boost|p1a: Raging Bolt|spd|1
|
|-weather|RainDance|[upkeep]
|upkeep
|turn|18
|
|t:|1757868200
|move|p2a: Lucario|Drain Punch|p1a: Raging Bolt
|-damage|p1a: Raging Bolt|5/100
|move|p1a: Raging Bolt|Thunderbolt|p2a: Lucario
|-damage|p2a: Lucario|0 fnt
|faint|p2a: Lucario
|
|-weather|none
|upkeep
|
|t:|1757868205
|switch|p2a: Garchomp|Garchomp, M|100/100
|turn|19
|
|t:|1757868213
|move|p2a: Garchomp|Scale Shot|p1a: Raging Bolt
|-supereffective|p1a: Raging Bolt
|-damage|p1a: Raging Bolt|0 fnt
|faint|p1a: Raging Bolt
|-end|p1a: Raging Bolt|Protosynthesis|[silent]
|-hitcount|p1: Raging Bolt|1
|-unboost|p2a: Garchomp|def|1
|-boost|p2a: Garchomp|spe|1
|
|upkeep
|
|t:|1757868220
|switch|p1a: Gliscor|Gliscor, F, shiny|100/100
|turn|20
|
|t:|1757868223
|move|p2a: Garchomp|Swords Dance|p2a: Garchomp
|-boost|p2a: Garchomp|atk|2
|move|p1a: Gliscor|Stealth Rock|p2a: Garchomp
|-sidestart|p2: ozzy_manson|move: Stealth Rock
|
|-status|p1a: Gliscor|tox|[from] item: Toxic Orb
|upkeep
|turn|21
|
|t:|1757868229
|move|p2a: Garchomp|Scale Shot|p1a: Gliscor|[miss]
|-miss|p2a: Garchomp|p1a: Gliscor
|move|p1a: Gliscor|Crabhammer|p2a: Garchomp
|-damage|p2a: Garchomp|61/100
|-damage|p1a: Gliscor|88/100 tox|[from] ability: Rough Skin|[of] p2a: Garchomp
|
|-heal|p1a: Gliscor|100/100 tox|[from] ability: Poison Heal
|upkeep
|turn|22
|
|t:|1757868246
|move|p2a: Garchomp|Scale Shot|p1a: Gliscor
|-damage|p1a: Gliscor|75/100 tox
|-damage|p1a: Gliscor|47/100 tox
|-damage|p1a: Gliscor|19/100 tox
|-damage|p1a: Gliscor|0 fnt
|faint|p1a: Gliscor
|-hitcount|p1: Gliscor|4
|
|win|ozzy_manson
|raw|karrumi's rating: 1222 &rarr; <strong>1199</strong><br />(-23 for losing)
|raw|ozzy_manson's rating: 1243 &rarr; <strong>1266</strong><br />(+23 for winning)
|l|☆ozzy_manson
|player|p2|
|l|☆karrumi
|player|p1|
