|j|☆moodrandom
|j|☆dj.tomato!
|t:|1757790194
|gametype|singles
|player|p1|moodrandom|pokemonbreeder-gen4|1499
|player|p2|dj.tomato!|drake-gen3|1526
|gen|9
|tier|[Gen 9] OU
|rated|
|rule|HP Percentage Mod: HP is shown in percentages
|rule|Endless Battle Clause: Forcing endless battles is banned
|rule|Species Clause: Limit one of each Pokémon
|rule|OHKO Clause: OHKO moves are banned
|rule|Evasion Items Clause: Evasion items are banned
|rule|Evasion Moves Clause: Evasion moves are banned
|rule|Evasion Abilities Clause: Evasion abilities are banned
|rule|Sleep Moves Clause: Sleep-inducing moves are banned
|clearpoke
|poke|p1|Toxapex, M|
|poke|p1|Hydrapple, M|
|poke|p1|Kingambit, M|
|poke|p1|Great Tusk|
|poke|p1|Tinkaton, F|
|poke|p1|Tornadus-Therian, M|
|poke|p2|Slowking-Galar, M|
|poke|p2|Gholdengo|
|poke|p2|Samurott-Hisui, M|
|poke|p2|Iron Valiant|
|poke|p2|Great Tusk|
|poke|p2|Arcanine-Hisui, M|
|teampreview
|
|t:|1757790212
|teamsize|p1|6
|teamsize|p2|6
|start
|switch|p1a: Tornadus|Tornadus-Therian, M|100/100
|switch|p2a: Arcanine|Arcanine-Hisui, M|100/100
|turn|1
|
|t:|1757790221
|move|p1a: Tornadus|U-turn|p2a: Arcanine
|-resisted|p2a: Arcanine
|-damage|p2a: Arcanine|91/100
|
|t:|1757790228
|switch|p1a: Great Tusk|Great Tusk|100/100|[from] U-turn
|move|p2a: Arcanine|Head Smash|p1a: Great Tusk
|-resisted|p1a: Great Tusk
|-damage|p1a: Great Tusk|82/100
|
|upkeep
|turn|2
|
|t:|1757790235
|switch|p2a: Great Tusk|Great Tusk|100/100
|move|p1a: Great Tusk|Knock Off|p2a: Great Tusk
|-resisted|p2a: Great Tusk
|-damage|p2a: Great Tusk|89/100
|-enditem|p2a: Great Tusk|Heavy-Duty Boots|[from] move: Knock Off|[of] p1a: Great Tusk
|
|upkeep
|turn|3
|
|t:|1757790246
|-end|p1a: Great Tusk|Protosynthesis|[silent]
|switch|p1a: Tornadus|Tornadus-Therian, M|100/100
|move|p2a: Great Tusk|Stealth Rock|p1a: Tornadus
|-sidestart|p1: moodrandom|move: Stealth Rock
|
|upkeep
|turn|4
|
|t:|1757790249
|-end|p2a: Great Tusk|Protosynthesis|[silent]
|switch|p2a: Slowking|Slowking-Galar, M|100/100
|move|p1a: Tornadus|Bleakwind Storm|p2a: Slowking|[miss]
|-miss|p1a: Tornadus|p2a: Slowking
|
|upkeep
|turn|5
|
|t:|1757790254
|move|p1a: Tornadus|Knock Off|p2a: Slowking
|-supereffective|p2a: Slowking
|-damage|p2a: Slowking|61/100
|-enditem|p2a: Slowking|Heavy-Duty Boots|[from] move: Knock Off|[of] p1a: Tornadus
|move|p2a: Slowking|Future Sight|p1a: Tornadus
|-start|p2a: Slowking|move: Future Sight
|
|upkeep
|turn|6
|
|t:|1757790258
|move|p1a: Tornadus|Knock Off|p2a: Slowking
|-supereffective|p2a: Slowking
|-damage|p2a: Slowking|35/100
|-prepare|p2a: Slowking|Chilly Reception|[premajor]
|move|p2a: Slowking|Chilly Reception|p2a: Slowking
|-weather|Snowscape
|
|t:|1757790263
|switch|p2a: Arcanine|Arcanine-Hisui, M|91/100|[from] Chilly Reception
|
|-weather|Snowscape|[upkeep]
|upkeep
|turn|7
|
|t:|1757790270
|move|p1a: Tornadus|Knock Off|p2a: Arcanine
|-damage|p2a: Arcanine|65/100
|-enditem|p2a: Arcanine|Choice Band|[from] move: Knock Off|[of] p1a: Tornadus
|move|p2a: Arcanine|Flare Blitz|p1a: Tornadus
|-damage|p1a: Tornadus|40/100
|
|-weather|Snowscape|[upkeep]
|-end|p1a: Tornadus|move: Future Sight
|-damage|p1a: Tornadus|0 fnt
|faint|p1a: Tornadus
|upkeep
|
|t:|1757790281
|switch|p1a: Hydrapple|Hydrapple, M|100/100
|-damage|p1a: Hydrapple|88/100|[from] Stealth Rock
|turn|8
|
|t:|1757790284
|move|p2a: Arcanine|Flare Blitz|p1a: Hydrapple
|-damage|p1a: Hydrapple|55/100
|-damage|p2a: Arcanine|48/100|[from] item: Rocky Helmet|[of] p1a: Hydrapple
|move|p1a: Hydrapple|Earth Power|p2a: Arcanine
|-supereffective|p2a: Arcanine
|-damage|p2a: Arcanine|0 fnt
|faint|p2a: Arcanine
|
|-weather|Snowscape|[upkeep]
|upkeep
|
|t:|1757790296
|switch|p2a: Iron Valiant|Iron Valiant|100/100
|-enditem|p2a: Iron Valiant|Booster Energy
|-activate|p2a: Iron Valiant|ability: Quark Drive|[fromitem]
|-start|p2a: Iron Valiant|quarkdrivespe
|turn|9
|
|t:|1757790300
|switch|p1a: Tinkaton|Tinkaton, F|100/100
|-damage|p1a: Tinkaton|94/100|[from] Stealth Rock
|-ability|p1a: Tinkaton|Mold Breaker
|move|p2a: Iron Valiant|Knock Off|p1a: Tinkaton
|-resisted|p1a: Tinkaton
|-damage|p1a: Tinkaton|78/100
|-enditem|p1a: Tinkaton|Leftovers|[from] move: Knock Off|[of] p2a: Iron Valiant
|
|-weather|Snowscape|[upkeep]
|upkeep
|turn|10
|
|t:|1757790311
|-end|p2a: Iron Valiant|Quark Drive|[silent]
|switch|p2a: Gholdengo|Gholdengo|100/100
|-item|p2a: Gholdengo|Air Balloon
|move|p1a: Tinkaton|Gigaton Hammer|p2a: Gholdengo
|-resisted|p2a: Gholdengo
|-damage|p2a: Gholdengo|86/100
|-enditem|p2a: Gholdengo|Air Balloon
|
|-weather|none
|upkeep
|turn|11
|
|t:|1757790315
|move|p1a: Tinkaton|Thunder Wave|p2a: Gholdengo|[miss]
|-miss|p1a: Tinkaton|p2a: Gholdengo
|move|p2a: Gholdengo|Nasty Plot|p2a: Gholdengo
|-boost|p2a: Gholdengo|spa|2
|
|upkeep
|turn|12
|
|t:|1757790320
|move|p1a: Tinkaton|Encore|p2a: Gholdengo
|-start|p2a: Gholdengo|Encore
|move|p2a: Gholdengo|Nasty Plot|p2a: Gholdengo
|-boost|p2a: Gholdengo|spa|2
|
|upkeep
|turn|13
|
|t:|1757790323
|switch|p2a: Great Tusk|Great Tusk|89/100
|move|p1a: Tinkaton|Thunder Wave|p2a: Great Tusk
|-immune|p2a: Great Tusk
|
|upkeep
|turn|14
|
|t:|1757790328
|switch|p1a: Hydrapple|Hydrapple, M|88/100
|-damage|p1a: Hydrapple|76/100|[from] Stealth Rock
|move|p2a: Great Tusk|Headlong Rush|p1a: Hydrapple
|-resisted|p1a: Hydrapple
|-damage|p1a: Hydrapple|60/100
|-unboost|p2a: Great Tusk|def|1
|-unboost|p2a: Great Tusk|spd|1
|-damage|p2a: Great Tusk|72/100|[from] item: Rocky Helmet|[of] p1a: Hydrapple
|
|upkeep
|turn|15
|
|t:|1757790331
|move|p2a: Great Tusk|Ice Spinner|p1a: Hydrapple
|-supereffective|p1a: Hydrapple
|-crit|p1a: Hydrapple
|-damage|p1a: Hydrapple|0 fnt
|-damage|p2a: Great Tusk|56/100|[from] item: Rocky Helmet|[of] p1a: Hydrapple
|faint|p1a: Hydrapple
|
|upkeep
|
|t:|1757790340
|switch|p1a: Great Tusk|Great Tusk|82/100
|turn|16
|
|t:|1757790343
|-end|p2a: Great Tusk|Protosynthesis|[silent]
|switch|p2a: Gholdengo|Gholdengo|86/100
|move|p1a: Great Tusk|Ice Spinner|p2a: Gholdengo
|-resisted|p2a: Gholdengo
|-damage|p2a: Gholdengo|76/100
|
|upkeep
|turn|17
|
|t:|1757790352
|-terastallize|p2a: Gholdengo|Ghost
|move|p1a: Great Tusk|Headlong Rush|p2a: Gholdengo
|-damage|p2a: Gholdengo|38/100
|-unboost|p1a: Great Tusk|def|1
|-unboost|p1a: Great Tusk|spd|1
|move|p2a: Gholdengo|Recover|p2a: Gholdengo
|-heal|p2a: Gholdengo|88/100
|
|upkeep
|turn|18
|
|t:|1757790356
|-end|p1a: Great Tusk|Protosynthesis|[silent]
|switch|p1a: Tinkaton|Tinkaton, F|78/100
|-damage|p1a: Tinkaton|72/100|[from] Stealth Rock
|-ability|p1a: Tinkaton|Mold Breaker
|move|p2a: Gholdengo|Shadow Ball|p1a: Tinkaton
|-damage|p1a: Tinkaton|31/100
|
|upkeep
|turn|19
|
|t:|1757790361
|switch|p2a: Great Tusk|Great Tusk|56/100
|move|p1a: Tinkaton|Thunder Wave|p2a: Great Tusk
|-immune|p2a: Great Tusk
|
|upkeep
|turn|20
|
|t:|1757790364
|move|p1a: Tinkaton|Stealth Rock|p2a: Great Tusk
|-sidestart|p2: dj.tomato!|move: Stealth Rock
|move|p2a: Great Tusk|Headlong Rush|p1a: Tinkaton
|-supereffective|p1a: Tinkaton
|-damage|p1a: Tinkaton|0 fnt
|-unboost|p2a: Great Tusk|def|1
|-unboost|p2a: Great Tusk|spd|1
|faint|p1a: Tinkaton
|
|upkeep
|
|t:|1757790368
|switch|p1a: Great Tusk|Great Tusk|82/100
|turn|21
|
|t:|1757790374
|move|p1a: Great Tusk|Knock Off|p2a: Great Tusk
|-resisted|p2a: Great Tusk
|-damage|p2a: Great Tusk|45/100
|move|p2a: Great Tusk|Rapid Spin|p1a: Great Tusk
|-damage|p1a: Great Tusk|69/100
|-boost|p2a: Great Tusk|spe|1
|-sideend|p2: dj.tomato!|Stealth Rock|[from] move: Rapid Spin|[of] p2a: Great Tusk
|
|upkeep
|turn|22
|
|t:|1757790379
|-end|p2a: Great Tusk|Protosynthesis|[silent]
|switch|p2a: Gholdengo|Gholdengo, tera:Ghost|88/100
|move|p1a: Great Tusk|Headlong Rush|p2a: Gholdengo
|-damage|p2a: Gholdengo|49/100
|-unboost|p1a: Great Tusk|def|1
|-unboost|p1a: Great Tusk|spd|1
|
|upkeep
|turn|23
|
|t:|1757790383
|-end|p1a: Great Tusk|Protosynthesis|[silent]
|switch|p1a: Kingambit|Kingambit, M|100/100
|-damage|p1a: Kingambit|94/100|[from] Stealth Rock
|-activate|p1a: Kingambit|ability: Supreme Overlord
|-start|p1a: Kingambit|fallen3|[silent]
|move|p2a: Gholdengo|Recover|p2a: Gholdengo
|-heal|p2a: Gholdengo|99/100
|
|-heal|p1a: Kingambit|100/100|[from] item: Leftovers
|upkeep
|turn|24
|
|t:|1757790387
|switch|p2a: Iron Valiant|Iron Valiant|100/100
|move|p1a: Kingambit|Kowtow Cleave|p2a: Iron Valiant
|-resisted|p2a: Iron Valiant
|-damage|p2a: Iron Valiant|80/100
|
|upkeep
|turn|25
|
|t:|1757790391
|-end|p1a: Kingambit|fallen3|[silent]
|switch|p1a: Toxapex|Toxapex, M|100/100
|-damage|p1a: Toxapex|88/100|[from] Stealth Rock
|move|p2a: Iron Valiant|Encore||[still]
|-fail|p2a: Iron Valiant
|
|upkeep
|turn|26
|
|t:|1757790397
|move|p2a: Iron Valiant|Knock Off|p1a: Toxapex
|-crit|p1a: Toxapex
|-damage|p1a: Toxapex|54/100
|-enditem|p1a: Toxapex|Assault Vest|[from] move: Knock Off|[of] p2a: Iron Valiant
|move|p1a: Toxapex|Surf|p2a: Iron Valiant
|-damage|p2a: Iron Valiant|24/100
|
|upkeep
|turn|27
|
|t:|1757790401
|move|p2a: Iron Valiant|Destiny Bond|p2a: Iron Valiant
|-singlemove|p2a: Iron Valiant|Destiny Bond
|move|p1a: Toxapex|Surf|p2a: Iron Valiant
|-damage|p2a: Iron Valiant|0 fnt
|faint|p2a: Iron Valiant
|-activate|p2a: Iron Valiant|move: Destiny Bond
|-end|p2a: Iron Valiant|Quark Drive|[silent]
|faint|p1a: Toxapex
|
|upkeep
|
|t:|1757790407
|switch|p2a: Samurott|Samurott-Hisui, M|100/100
|switch|p1a: Great Tusk|Great Tusk|69/100
|turn|28
|
|t:|1757790411
|switch|p2a: Gholdengo|Gholdengo, tera:Ghost|99/100
|move|p1a: Great Tusk|Rapid Spin|p2a: Gholdengo
|-immune|p2a: Gholdengo
|
|upkeep
|turn|29
|
|t:|1757790413
|move|p1a: Great Tusk|Knock Off|p2a: Gholdengo
|-supereffective|p2a: Gholdengo
|-damage|p2a: Gholdengo|67/100
|move|p2a: Gholdengo|Shadow Ball|p1a: Great Tusk
|-crit|p1a: Great Tusk
|-damage|p1a: Great Tusk|0 fnt
|faint|p1a: Great Tusk
|-end|p1a: Great Tusk|Protosynthesis|[silent]
|
|upkeep
|
|t:|1757790415
|switch|p1a: Kingambit|Kingambit, M|100/100
|-damage|p1a: Kingambit|94/100|[from] Stealth Rock
|-activate|p1a: Kingambit|ability: Supreme Overlord
|-start|p1a: Kingambit|fallen5|[silent]
|turn|30
|
|t:|1757790419
|switch|p2a: Samurott|Samurott-Hisui, M|100/100
|move|p1a: Kingambit|Swords Dance|p1a: Kingambit
|-boost|p1a: Kingambit|atk|2
|
|-heal|p1a: Kingambit|100/100|[from] item: Leftovers
|upkeep
|turn|31
|
|t:|1757790422
|move|p2a: Samurott|Razor Shell|p1a: Kingambit
|-damage|p1a: Kingambit|58/100
|move|p1a: Kingambit|Low Kick|p2a: Samurott
|-supereffective|p2a: Samurott
|-damage|p2a: Samurott|0 fnt
|faint|p2a: Samurott
|
|-heal|p1a: Kingambit|64/100|[from] item: Leftovers
|upkeep
|
|t:|1757790427
|switch|p2a: Great Tusk|Great Tusk|45/100
|turn|32
|
|t:|1757790433
|-terastallize|p1a: Kingambit|Fairy
|move|p1a: Kingambit|Sucker Punch|p2a: Great Tusk
|-resisted|p2a: Great Tusk
|-damage|p2a: Great Tusk|1/100
|move|p2a: Great Tusk|Headlong Rush|p1a: Kingambit
|-damage|p1a: Kingambit|11/100
|-unboost|p2a: Great Tusk|def|1
|-unboost|p2a: Great Tusk|spd|1
|
|-heal|p1a: Kingambit|17/100|[from] item: Leftovers
|upkeep
|turn|33
|
|t:|1757790441
|move|p1a: Kingambit|Sucker Punch||[still]
|-fail|p1a: Kingambit
|move|p2a: Great Tusk|Stealth Rock||[still]
|-fail|p2a: Great Tusk
|
|-heal|p1a: Kingambit|23/100|[from] item: Leftovers
|upkeep
|turn|34
|
|t:|1757790445
|move|p1a: Kingambit|Sucker Punch|p2a: Great Tusk
|-resisted|p2a: Great Tusk
|-damage|p2a: Great Tusk|0 fnt
|faint|p2a: Great Tusk
|-end|p2a: Great Tusk|Protosynthesis|[silent]
|
|-heal|p1a: Kingambit|30/100|[from] item: Leftovers
|upkeep
|
|t:|1757790447
|switch|p2a: Slowking|Slowking-Galar, M|68/100
|turn|35
|
|t:|1757790451
|move|p1a: Kingambit|Kowtow Cleave|p2a: Slowking
|-supereffective|p2a: Slowking
|-damage|p2a: Slowking|0 fnt
|faint|p2a: Slowking
|
|-heal|p1a: Kingambit|36/100|[from] item: Leftovers
|upkeep
|
|t:|1757790452
|switch|p2a: Gholdengo|Gholdengo, tera:Ghost|67/100
|turn|36
|
|t:|1757790455
|move|p1a: Kingambit|Sucker Punch|p2a: Gholdengo
|-supereffective|p2a: Gholdengo
|-damage|p2a: Gholdengo|0 fnt
|faint|p2a: Gholdengo
|
|win|moodrandom
|raw|moodrandom's rating: 1499 &rarr; <strong>1521</strong><br />(+22 for winning)
|raw|dj.tomato!'s rating: 1526 &rarr; <strong>1504</strong><br />(-22 for losing)
|l|☆dj.tomato!
|player|p2|
|l|☆moodrandom
|player|p1|
