|j|☆pastagirl !!
|j|☆3idk
|t:|1757911307
|gametype|singles
|player|p1|pastagirl !!|elesa|1646
|player|p2|3idk|lusamine-masters|1638
|gen|9
|tier|[Gen 9] OU
|rated|
|rule|HP Percentage Mod: HP is shown in percentages
|rule|Endless Battle Clause: Forcing endless battles is banned
|rule|Species Clause: Limit one of each Pokémon
|rule|OHKO Clause: OHKO moves are banned
|rule|Evasion Items Clause: Evasion items are banned
|rule|Evasion Moves Clause: Evasion moves are banned
|rule|Evasion Abilities Clause: Evasion abilities are banned
|rule|Sleep Moves Clause: Sleep-inducing moves are banned
|clearpoke
|poke|p1|Cresselia, F|
|poke|p1|Hatterene, F|
|poke|p1|Porygon2|
|poke|p1|Ursaluna, F|
|poke|p1|Iron Hands|
|poke|p1|Torkoal, M|
|poke|p2|Tyranitar, M|
|poke|p2|Excadrill, M|
|poke|p2|Keldeo-Resolute|
|poke|p2|Tornadus-Therian, M|
|poke|p2|Heatran, M|
|poke|p2|Hydrapple, F|
|teampreview
|inactive|Battle timer is ON: inactive players will automatically lose when time's up. (requested by 3idk)
|
|t:|1757911335
|teamsize|p1|6
|teamsize|p2|6
|start
|switch|p1a: LOST HIGHWAY|Ursaluna, F|100/100
|switch|p2a: Tornadus|Tornadus-Therian, M|100/100
|turn|1
|j| t_yeu
|
|t:|1757911348
|switch|p1a: BLUE VELVET|Hatterene, F|100/100
|move|p2a: Tornadus|Bleakwind Storm|p1a: BLUE VELVET|[miss]
|-miss|p2a: Tornadus|p1a: BLUE VELVET
|
|upkeep
|turn|2
|
|t:|1757911353
|move|p2a: Tornadus|Bleakwind Storm|p1a: BLUE VELVET
|-damage|p1a: BLUE VELVET|60/100
|move|p1a: BLUE VELVET|Trick Room|p1a: BLUE VELVET
|-fieldstart|move: Trick Room|[of] p1a: BLUE VELVET
|
|upkeep
|turn|3
|
|t:|1757911359
|move|p1a: BLUE VELVET|Healing Wish|p1a: BLUE VELVET
|faint|p1a: BLUE VELVET
|move|p2a: Tornadus|U-turn|p1: BLUE VELVET|[notarget]
|-fail|p2a: Tornadus
|
|upkeep
|
|t:|1757911363
|switch|p1a: THE ELEPHANT MAN|Iron Hands|100/100
|turn|4
|
|t:|1757911374
|switch|p2a: Hydrapple|Hydrapple, F|100/100
|move|p1a: THE ELEPHANT MAN|Ice Punch|p2a: Hydrapple
|-supereffective|p2a: Hydrapple
|-damage|p2a: Hydrapple|10/100
|-damage|p1a: THE ELEPHANT MAN|84/100|[from] item: Rocky Helmet|[of] p2a: Hydrapple
|-damage|p1a: THE ELEPHANT MAN|74/100|[from] item: Life Orb
|
|upkeep
|turn|5
|
|t:|1757911395
|switch|p2a: Tornadus|Tornadus-Therian, M|100/100
|move|p1a: THE ELEPHANT MAN|Supercell Slam|p2a: Tornadus
|-supereffective|p2a: Tornadus
|-damage|p2a: Tornadus|0 fnt
|faint|p2a: Tornadus
|-damage|p1a: THE ELEPHANT MAN|64/100|[from] item: Life Orb
|
|upkeep
|
|t:|1757911422
|switch|p2a: Excadrill|Excadrill, M|100/100
|-item|p2a: Excadrill|Air Balloon
|turn|6
|inactive|pastagirl !! has 120 seconds left.
|
|t:|1757911450
|-terastallize|p2a: Excadrill|Ghost
|move|p1a: THE ELEPHANT MAN|Supercell Slam|p2a: Excadrill
|-crit|p2a: Excadrill
|-damage|p2a: Excadrill|0 fnt
|-enditem|p2a: Excadrill|Air Balloon
|faint|p2a: Excadrill
|-damage|p1a: THE ELEPHANT MAN|54/100|[from] item: Life Orb
|
|-fieldend|move: Trick Room
|upkeep
|
|t:|1757911455
|switch|p2a: Keldeo|Keldeo-Resolute|100/100
|turn|7
|
|t:|1757911470
|-end|p1a: THE ELEPHANT MAN|Quark Drive|[silent]
|switch|p1a: FIRE WALK WITH ME|Torkoal, M|100/100
|-weather|SunnyDay|[from] ability: Drought|[of] p1a: FIRE WALK WITH ME
|move|p2a: Keldeo|Surf|p1a: FIRE WALK WITH ME
|-supereffective|p1a: FIRE WALK WITH ME
|-damage|p1a: FIRE WALK WITH ME|8/100
|
|-weather|SunnyDay|[upkeep]
|upkeep
|turn|8
|
|t:|1757911484
|switch|p2a: Hydrapple|Hydrapple, F|43/100
|move|p1a: FIRE WALK WITH ME|Earth Power|p2a: Hydrapple
|-resisted|p2a: Hydrapple
|-damage|p2a: Hydrapple|23/100
|
|-weather|SunnyDay|[upkeep]
|upkeep
|turn|9
|
|t:|1757911497
|switch|p2a: Tyranitar|Tyranitar, M|100/100
|-weather|Sandstorm|[from] ability: Sand Stream|[of] p2a: Tyranitar
|move|p1a: FIRE WALK WITH ME|Earth Power|p2a: Tyranitar
|-supereffective|p2a: Tyranitar
|-damage|p2a: Tyranitar|54/100
|
|-weather|Sandstorm|[upkeep]
|-damage|p1a: FIRE WALK WITH ME|2/100|[from] Sandstorm
|upkeep
|turn|10
|inactive|pastagirl !! has 120 seconds left.
|
|t:|1757911528
|switch|p2a: Hydrapple|Hydrapple, F|56/100
|move|p1a: FIRE WALK WITH ME|Earth Power|p2a: Hydrapple
|-resisted|p2a: Hydrapple
|-crit|p2a: Hydrapple
|-damage|p2a: Hydrapple|28/100
|
|-weather|Sandstorm|[upkeep]
|-damage|p2a: Hydrapple|22/100|[from] Sandstorm
|-damage|p1a: FIRE WALK WITH ME|0 fnt|[from] Sandstorm
|faint|p1a: FIRE WALK WITH ME
|upkeep
|
|t:|1757911532
|switch|p1a: ERASERHEAD|Porygon2|100/100
|-ability|p1a: ERASERHEAD|Download|boost
|-boost|p1a: ERASERHEAD|spa|1
|turn|11
|
|t:|1757911538
|switch|p2a: Heatran|Heatran, M|100/100
|move|p1a: ERASERHEAD|Trick Room|p1a: ERASERHEAD
|-fieldstart|move: Trick Room|[of] p1a: ERASERHEAD
|
|-weather|Sandstorm|[upkeep]
|-damage|p1a: ERASERHEAD|94/100|[from] Sandstorm
|upkeep
|turn|12
|
|t:|1757911545
|switch|p2a: Hydrapple|Hydrapple, F|55/100
|-terastallize|p1a: ERASERHEAD|Ground
|move|p1a: ERASERHEAD|Tera Blast|p2a: Hydrapple|[anim] Tera Blast Ground
|-resisted|p2a: Hydrapple
|-damage|p2a: Hydrapple|24/100
|
|-weather|Sandstorm|[upkeep]
|-damage|p2a: Hydrapple|18/100|[from] Sandstorm
|upkeep
|turn|13
|
|t:|1757911553
|switch|p2a: Heatran|Heatran, M|100/100
|move|p1a: ERASERHEAD|Ice Beam|p2a: Heatran
|-resisted|p2a: Heatran
|-damage|p2a: Heatran|93/100
|
|-weather|none
|-heal|p2a: Heatran|99/100|[from] item: Leftovers
|upkeep
|turn|14
|
|t:|1757911560
|move|p1a: ERASERHEAD|Tera Blast|p2a: Heatran|[anim] Tera Blast Ground
|-supereffective|p2a: Heatran
|-damage|p2a: Heatran|0 fnt
|faint|p2a: Heatran
|
|upkeep
|
|t:|1757911566
|switch|p2a: Hydrapple|Hydrapple, F|51/100
|turn|15
|
|t:|1757911571
|switch|p2a: Keldeo|Keldeo-Resolute|100/100
|move|p1a: ERASERHEAD|Ice Beam|p2a: Keldeo
|-resisted|p2a: Keldeo
|-damage|p2a: Keldeo|74/100
|
|-fieldend|move: Trick Room
|upkeep
|turn|16
|
|t:|1757911583
|move|p2a: Keldeo|Surf|p1a: ERASERHEAD
|-supereffective|p1a: ERASERHEAD
|-damage|p1a: ERASERHEAD|9/100
|move|p1a: ERASERHEAD|Trick Room|p1a: ERASERHEAD
|-fieldstart|move: Trick Room|[of] p1a: ERASERHEAD
|
|upkeep
|turn|17
|
|t:|1757911593
|switch|p2a: Hydrapple|Hydrapple, F|85/100
|move|p1a: ERASERHEAD|Thunderbolt|p2a: Hydrapple
|-resisted|p2a: Hydrapple
|-crit|p2a: Hydrapple
|-damage|p2a: Hydrapple|69/100
|
|upkeep
|turn|18
|
|t:|1757911598
|move|p1a: ERASERHEAD|Ice Beam|p2a: Hydrapple
|-supereffective|p2a: Hydrapple
|-damage|p2a: Hydrapple|0 fnt
|faint|p2a: Hydrapple
|
|upkeep
|
|t:|1757911605
|switch|p2a: Keldeo|Keldeo-Resolute|74/100
|turn|19
|
|t:|1757911615
|move|p2a: Keldeo|Vacuum Wave|p1a: ERASERHEAD
|-damage|p1a: ERASERHEAD|0 fnt
|faint|p1a: ERASERHEAD
|
|upkeep
|
|t:|1757911630
|switch|p1a: LOST HIGHWAY|Ursaluna, F|100/100
|turn|20
|
|t:|1757911639
|switch|p2a: Tyranitar|Tyranitar, M|54/100
|-weather|Sandstorm|[from] ability: Sand Stream|[of] p2a: Tyranitar
|move|p1a: LOST HIGHWAY|Headlong Rush|p2a: Tyranitar
|-supereffective|p2a: Tyranitar
|-damage|p2a: Tyranitar|0 fnt
|-unboost|p1a: LOST HIGHWAY|def|1
|-unboost|p1a: LOST HIGHWAY|spd|1
|faint|p2a: Tyranitar
|
|-weather|Sandstorm|[upkeep]
|-fieldend|move: Trick Room
|-status|p1a: LOST HIGHWAY|brn|[from] item: Flame Orb
|upkeep
|
|t:|1757911644
|switch|p2a: Keldeo|Keldeo-Resolute|74/100
|turn|21
|
|t:|1757911647
|move|p2a: Keldeo|Surf|p1a: LOST HIGHWAY
|-supereffective|p1a: LOST HIGHWAY
|-damage|p1a: LOST HIGHWAY|0 fnt
|faint|p1a: LOST HIGHWAY
|
|-weather|Sandstorm|[upkeep]
|-damage|p2a: Keldeo|67/100|[from] Sandstorm
|upkeep
|
|t:|1757911649
|switch|p1a: WILD AT HEART|Cresselia, F|100/100
|turn|22
|
|t:|1757911652
|move|p2a: Keldeo|Surf|p1a: WILD AT HEART
|-damage|p1a: WILD AT HEART|58/100
|move|p1a: WILD AT HEART|Trick Room|p1a: WILD AT HEART
|-fieldstart|move: Trick Room|[of] p1a: WILD AT HEART
|
|-weather|Sandstorm|[upkeep]
|-damage|p1a: WILD AT HEART|52/100|[from] Sandstorm
|-damage|p2a: Keldeo|61/100|[from] Sandstorm
|-heal|p1a: WILD AT HEART|58/100|[from] item: Leftovers
|upkeep
|turn|23
|-message|3idk forfeited.
|
|win|pastagirl !!
|raw|pastagirl !!'s rating: 1646 &rarr; <strong>1666</strong><br />(+20 for winning)
|raw|3idk's rating: 1638 &rarr; <strong>1618</strong><br />(-20 for losing)
|l|☆3idk
|player|p2|
