|j|☆CrimsonBrass
|j|☆bugcatcherweevil
|t:|1757943329
|gametype|singles
|player|p1|CrimsonBrass|101|1589
|player|p2|bugcatcherweevil|169|1693
|gen|9
|tier|[Gen 9] OU
|rated|
|rule|HP Percentage Mod: HP is shown in percentages
|rule|Endless Battle Clause: Forcing endless battles is banned
|rule|Species Clause: Limit one of each Pokémon
|rule|OHKO Clause: OHKO moves are banned
|rule|Evasion Items Clause: Evasion items are banned
|rule|Evasion Moves Clause: Evasion moves are banned
|rule|Evasion Abilities Clause: Evasion abilities are banned
|rule|Sleep Moves Clause: Sleep-inducing moves are banned
|clearpoke
|poke|p1|Gholdengo|
|poke|p1|Dragapult, M|
|poke|p1|Kingambit, F|
|poke|p1|Garchomp, F|
|poke|p1|Iron Crown|
|poke|p1|Zapdos|
|poke|p2|Iron Moth|
|poke|p2|Ting-Lu|
|poke|p2|Torkoal, M|
|poke|p2|Walking Wake|
|poke|p2|Great Tusk|
|poke|p2|Slither Wing|
|teampreview
|inactive|Battle timer is ON: inactive players will automatically lose when time's up. (requested by CrimsonBrass)
|
|t:|1757943353
|teamsize|p1|6
|teamsize|p2|6
|start
|switch|p1a: Iron Crown|Iron Crown|100/100
|switch|p2a: Walking Wake|Walking Wake|100/100
|turn|1
|
|t:|1757943363
|move|p1a: Iron Crown|Volt Switch|p2a: Walking Wake
|-damage|p2a: Walking Wake|73/100
|
|t:|1757943372
|-end|p1a: Iron Crown|Quark Drive|[silent]
|switch|p1a: Zapdos|Zapdos|100/100|[from] Volt Switch
|move|p2a: Walking Wake|Flamethrower|p1a: Zapdos
|-damage|p1a: Zapdos|62/100
|
|upkeep
|turn|2
|
|t:|1757943382
|-end|p2a: Walking Wake|Protosynthesis|[silent]
|switch|p2a: Ting-Lu|Ting-Lu|100/100
|-ability|p2a: Ting-Lu|Vessel of Ruin
|move|p1a: Zapdos|Hurricane|p2a: Ting-Lu
|-damage|p2a: Ting-Lu|78/100
|
|upkeep
|turn|3
|
|t:|1757943392
|switch|p1a: Garchomp|Garchomp, F|100/100
|move|p2a: Ting-Lu|Spikes|p1a: Garchomp
|-sidestart|p1: CrimsonBrass|Spikes
|
|upkeep
|turn|4
|
|t:|1757943398
|move|p1a: Garchomp|Stealth Rock|p2a: Ting-Lu
|-sidestart|p2: bugcatcherweevil|move: Stealth Rock
|move|p2a: Ting-Lu|Spikes|p1a: Garchomp
|-sidestart|p1: CrimsonBrass|Spikes
|
|upkeep
|turn|5
|
|t:|1757943401
|move|p1a: Garchomp|Spikes|p2a: Ting-Lu
|-sidestart|p2: bugcatcherweevil|Spikes
|move|p2a: Ting-Lu|Ruination|p1a: Garchomp
|-damage|p1a: Garchomp|50/100
|
|upkeep
|turn|6
|
|t:|1757943407
|move|p1a: Garchomp|Spikes|p2a: Ting-Lu
|-sidestart|p2: bugcatcherweevil|Spikes
|move|p2a: Ting-Lu|Whirlwind|p1a: Garchomp
|drag|p1a: Zapdos|Zapdos|62/100
|
|upkeep
|turn|7
|
|t:|1757943414
|move|p1a: Zapdos|Hurricane|p2a: Ting-Lu
|-damage|p2a: Ting-Lu|58/100
|move|p2a: Ting-Lu|Spikes|p1a: Zapdos
|-sidestart|p1: CrimsonBrass|Spikes
|
|upkeep
|turn|8
|
|t:|1757943419
|move|p1a: Zapdos|Hurricane|p2a: Ting-Lu|[miss]
|-miss|p1a: Zapdos|p2a: Ting-Lu
|move|p2a: Ting-Lu|Whirlwind|p1a: Zapdos
|drag|p1a: Iron Crown|Iron Crown|100/100
|-damage|p1a: Iron Crown|76/100|[from] Spikes
|
|upkeep
|turn|9
|
|t:|1757943430
|-end|p1a: Iron Crown|Quark Drive|[silent]
|switch|p1a: Gholdengo|Gholdengo|100/100
|-damage|p1a: Gholdengo|76/100|[from] Spikes
|move|p2a: Ting-Lu|Whirlwind|p1a: Gholdengo
|-immune|p1a: Gholdengo|[from] ability: Good as Gold
|
|-heal|p1a: Gholdengo|82/100|[from] item: Leftovers
|upkeep
|turn|10
|
|t:|1757943439
|-terastallize|p1a: Gholdengo|Flying
|move|p1a: Gholdengo|Recover|p1a: Gholdengo
|-heal|p1a: Gholdengo|100/100
|move|p2a: Ting-Lu|Earthquake|p1a: Gholdengo
|-immune|p1a: Gholdengo
|
|upkeep
|turn|11
|
|t:|1757943442
|move|p1a: Gholdengo|Nasty Plot|p1a: Gholdengo
|-boost|p1a: Gholdengo|spa|2
|move|p2a: Ting-Lu|Ruination|p1a: Gholdengo|[miss]
|-miss|p2a: Ting-Lu|p1a: Gholdengo
|
|upkeep
|turn|12
|
|t:|1757943447
|move|p1a: Gholdengo|Nasty Plot|p1a: Gholdengo
|-boost|p1a: Gholdengo|spa|2
|move|p2a: Ting-Lu|Ruination|p1a: Gholdengo
|-damage|p1a: Gholdengo|50/100
|
|-heal|p1a: Gholdengo|57/100|[from] item: Leftovers
|upkeep
|turn|13
|
|t:|1757943456
|move|p1a: Gholdengo|Nasty Plot|p1a: Gholdengo
|-boost|p1a: Gholdengo|spa|2
|move|p2a: Ting-Lu|Ruination|p1a: Gholdengo
|-damage|p1a: Gholdengo|29/100
|
|-heal|p1a: Gholdengo|35/100|[from] item: Leftovers
|upkeep
|turn|14
|
|t:|1757943465
|switch|p2a: Iron Moth|Iron Moth|100/100
|-damage|p2a: Iron Moth|76/100|[from] Stealth Rock
|-damage|p2a: Iron Moth|59/100|[from] Spikes
|move|p1a: Gholdengo|Shadow Ball|p2a: Iron Moth
|-damage|p2a: Iron Moth|0 fnt
|faint|p2a: Iron Moth
|-end|p2a: Iron Moth|Quark Drive|[silent]
|
|-heal|p1a: Gholdengo|41/100|[from] item: Leftovers
|upkeep
|
|t:|1757943478
|switch|p2a: Walking Wake|Walking Wake|73/100
|-damage|p2a: Walking Wake|61/100|[from] Stealth Rock
|-damage|p2a: Walking Wake|44/100|[from] Spikes
|turn|15
|
|t:|1757943491
|switch|p1a: Garchomp|Garchomp, F|50/100
|-damage|p1a: Garchomp|25/100|[from] Spikes
|move|p2a: Walking Wake|Hydro Steam|p1a: Garchomp
|-damage|p1a: Garchomp|0 fnt
|faint|p1a: Garchomp
|
|upkeep
|
|t:|1757943495
|switch|p1a: Dragapult|Dragapult, M|100/100
|turn|16
|
|t:|1757943503
|-end|p2a: Walking Wake|Protosynthesis|[silent]
|switch|p2a: Ting-Lu|Ting-Lu|58/100
|-damage|p2a: Ting-Lu|52/100|[from] Stealth Rock
|-damage|p2a: Ting-Lu|35/100|[from] Spikes
|-ability|p2a: Ting-Lu|Vessel of Ruin
|move|p1a: Dragapult|Dragon Darts|p2a: Ting-Lu
|-damage|p2a: Ting-Lu|23/100
|-anim|p1a: Dragapult|Dragon Darts|p2a: Ting-Lu
|-damage|p2a: Ting-Lu|9/100
|
|upkeep
|turn|17
|
|t:|1757943514
|move|p1a: Dragapult|Dragon Darts|p2a: Ting-Lu
|-damage|p2a: Ting-Lu|0 fnt
|faint|p2a: Ting-Lu
|
|upkeep
|
|t:|1757943517
|switch|p2a: Great Tusk|Great Tusk|100/100
|turn|18
|
|t:|1757943524
|move|p1a: Dragapult|Will-O-Wisp|p2a: Great Tusk
|-status|p2a: Great Tusk|brn
|move|p2a: Great Tusk|Bulk Up|p2a: Great Tusk
|-boost|p2a: Great Tusk|atk|1
|-boost|p2a: Great Tusk|def|1
|
|-damage|p2a: Great Tusk|94/100 brn|[from] brn
|upkeep
|turn|19
|
|t:|1757943530
|move|p1a: Dragapult|Hex|p2a: Great Tusk
|-damage|p2a: Great Tusk|29/100 brn
|move|p2a: Great Tusk|Ice Spinner|p1a: Dragapult
|-supereffective|p1a: Dragapult
|-damage|p1a: Dragapult|50/100
|
|-damage|p2a: Great Tusk|23/100 brn|[from] brn
|upkeep
|turn|20
|
|t:|1757943537
|-end|p2a: Great Tusk|Protosynthesis|[silent]
|switch|p2a: Torkoal|Torkoal, M|100/100
|-damage|p2a: Torkoal|76/100|[from] Stealth Rock
|-damage|p2a: Torkoal|59/100|[from] Spikes
|-weather|SunnyDay|[from] ability: Drought|[of] p2a: Torkoal
|move|p1a: Dragapult|Hex|p2a: Torkoal
|-damage|p2a: Torkoal|28/100
|
|-weather|SunnyDay|[upkeep]
|upkeep
|turn|21
|
|t:|1757943544
|move|p1a: Dragapult|Hex|p2a: Torkoal
|-damage|p2a: Torkoal|0 fnt
|faint|p2a: Torkoal
|
|-weather|SunnyDay|[upkeep]
|upkeep
|
|t:|1757943545
|switch|p2a: Walking Wake|Walking Wake|44/100
|-damage|p2a: Walking Wake|32/100|[from] Stealth Rock
|-damage|p2a: Walking Wake|16/100|[from] Spikes
|-activate|p2a: Walking Wake|ability: Protosynthesis
|-start|p2a: Walking Wake|protosynthesisspe
|turn|22
|
|t:|1757943553
|switch|p1a: Zapdos|Zapdos|62/100
|move|p2a: Walking Wake|Hydro Steam|p1a: Zapdos
|-damage|p1a: Zapdos|0 fnt
|faint|p1a: Zapdos
|
|-weather|SunnyDay|[upkeep]
|upkeep
|
|t:|1757943556
|switch|p1a: Kingambit|Kingambit, F|100/100
|-damage|p1a: Kingambit|75/100|[from] Spikes
|-activate|p1a: Kingambit|ability: Supreme Overlord
|-start|p1a: Kingambit|fallen2|[silent]
|turn|23
|
|t:|1757943564
|move|p1a: Kingambit|Sucker Punch|p2a: Walking Wake
|-damage|p2a: Walking Wake|0 fnt
|faint|p2a: Walking Wake
|-end|p2a: Walking Wake|Protosynthesis|[silent]
|
|-weather|SunnyDay|[upkeep]
|-heal|p1a: Kingambit|82/100|[from] item: Leftovers
|upkeep
|
|t:|1757943566
|switch|p2a: Slither Wing|Slither Wing|100/100
|-damage|p2a: Slither Wing|88/100|[from] Stealth Rock
|-damage|p2a: Slither Wing|72/100|[from] Spikes
|-activate|p2a: Slither Wing|ability: Protosynthesis
|-start|p2a: Slither Wing|protosynthesisatk
|turn|24
|
|t:|1757943578
|move|p2a: Slither Wing|Flare Blitz|p1a: Kingambit
|-supereffective|p1a: Kingambit
|-damage|p1a: Kingambit|0 fnt
|faint|p1a: Kingambit
|-end|p1a: Kingambit|fallen2|[silent]
|-damage|p2a: Slither Wing|38/100|[from] Recoil
|
|-weather|SunnyDay|[upkeep]
|upkeep
|
|t:|1757943582
|switch|p1a: Dragapult|Dragapult, M|50/100
|turn|25
|
|t:|1757943587
|move|p1a: Dragapult|Dragon Darts|p2a: Slither Wing
|-damage|p2a: Slither Wing|7/100
|-anim|p1a: Dragapult|Dragon Darts|p2a: Slither Wing
|-damage|p2a: Slither Wing|0 fnt
|faint|p2a: Slither Wing
|-end|p2a: Slither Wing|Protosynthesis|[silent]
|
|-weather|SunnyDay|[upkeep]
|upkeep
|-message|bugcatcherweevil forfeited.
|
|win|CrimsonBrass
|raw|CrimsonBrass's rating: 1589 &rarr; <strong>1615</strong><br />(+26 for winning)
|raw|bugcatcherweevil's rating: 1693 &rarr; <strong>1667</strong><br />(-26 for losing)
|l|☆bugcatcherweevil
|player|p2|
|l|☆CrimsonBrass
|player|p1|
