|j|☆caeluskasai
|j|☆Atlayan
|t:|1757827753
|gametype|singles
|player|p1|caeluskasai|burglar|1191
|player|p2|Atlayan|cheren-gen5bw2|1131
|gen|9
|tier|[Gen 9] OU
|rated|
|rule|HP Percentage Mod: HP is shown in percentages
|rule|Endless Battle Clause: Forcing endless battles is banned
|rule|Species Clause: Limit one of each Pokémon
|rule|OHKO Clause: OHKO moves are banned
|rule|Evasion Items Clause: Evasion items are banned
|rule|Evasion Moves Clause: Evasion moves are banned
|rule|Evasion Abilities Clause: Evasion abilities are banned
|rule|Sleep Moves Clause: Sleep-inducing moves are banned
|clearpoke
|poke|p1|Blastoise, M|
|poke|p1|Golurk|
|poke|p1|Hatterene, F|
|poke|p1|Malamar, M|
|poke|p1|Hawlucha, M|
|poke|p1|Tauros, M|
|poke|p2|Typhlosion-Hisui, M|
|poke|p2|Mismagius, F|
|poke|p2|Clodsire, M|
|poke|p2|Great Tusk|
|poke|p2|Skeledirge, M|
|poke|p2|Gliscor, M|
|teampreview
|inactive|Battle timer is ON: inactive players will automatically lose when time's up. (requested by Atlayan)
|
|t:|1757827759
|teamsize|p1|6
|teamsize|p2|6
|start
|switch|p1a: Tauros|Tauros, M|100/100
|switch|p2a: Typhlosion|Typhlosion-Hisui, M|100/100
|-item|p1a: Tauros|Life Orb|[from] ability: Frisk|[of] p2a: Typhlosion
|turn|1
|
|t:|1757827766
|move|p2a: Typhlosion|Focus Blast|p1a: Tauros
|-supereffective|p1a: Tauros
|-damage|p1a: Tauros|0 fnt
|faint|p1a: Tauros
|
|upkeep
|
|t:|1757827779
|switch|p1a: Hawlucha|Hawlucha, M|100/100
|turn|2
|
|t:|1757827788
|switch|p2a: Gliscor|Gliscor, M|100/100
|move|p1a: Hawlucha|Bulk Up|p1a: Hawlucha
|-boost|p1a: Hawlucha|atk|1
|-boost|p1a: Hawlucha|def|1
|
|-status|p2a: Gliscor|tox|[from] item: Toxic Orb
|upkeep
|turn|3
|
|t:|1757827797
|move|p1a: Hawlucha|Bulk Up|p1a: Hawlucha
|-boost|p1a: Hawlucha|atk|1
|-boost|p1a: Hawlucha|def|1
|move|p2a: Gliscor|Fling|p1a: Hawlucha
|-resisted|p1a: Hawlucha
|-damage|p1a: Hawlucha|98/100
|-status|p1a: Hawlucha|tox
|-enditem|p2a: Gliscor|Toxic Orb|[from] move: Fling
|
|-damage|p1a: Hawlucha|92/100 tox|[from] psn
|upkeep
|turn|4
|
|t:|1757827810
|move|p1a: Hawlucha|Bulk Up|p1a: Hawlucha
|-boost|p1a: Hawlucha|atk|1
|-boost|p1a: Hawlucha|def|1
|move|p2a: Gliscor|Swords Dance|p2a: Gliscor
|-boost|p2a: Gliscor|atk|2
|
|-damage|p1a: Hawlucha|80/100 tox|[from] psn
|upkeep
|turn|5
|
|t:|1757827819
|move|p1a: Hawlucha|Bulk Up|p1a: Hawlucha
|-boost|p1a: Hawlucha|atk|1
|-boost|p1a: Hawlucha|def|1
|move|p2a: Gliscor|Acrobatics|p1a: Hawlucha
|-supereffective|p1a: Hawlucha
|-damage|p1a: Hawlucha|11/100 tox
|-enditem|p1a: Hawlucha|Sitrus Berry|[eat]
|-heal|p1a: Hawlucha|35/100 tox|[from] item: Sitrus Berry
|
|-damage|p1a: Hawlucha|17/100 tox|[from] psn
|upkeep
|turn|6
|
|t:|1757827827
|move|p1a: Hawlucha|Acrobatics|p2a: Gliscor
|-damage|p2a: Gliscor|0 fnt
|faint|p2a: Gliscor
|
|-damage|p1a: Hawlucha|0 fnt|[from] psn
|faint|p1a: Hawlucha
|upkeep
|
|t:|1757827838
|switch|p1a: Golurk|Golurk|100/100
|switch|p2a: Typhlosion|Typhlosion-Hisui, M|100/100
|-item|p1a: Golurk|Assault Vest|[from] ability: Frisk|[of] p2a: Typhlosion
|turn|7
|
|t:|1757827843
|move|p2a: Typhlosion|Shadow Ball|p1a: Golurk
|-supereffective|p1a: Golurk
|-damage|p1a: Golurk|33/100
|move|p1a: Golurk|Earthquake|p2a: Typhlosion
|-supereffective|p2a: Typhlosion
|-damage|p2a: Typhlosion|0 fnt
|faint|p2a: Typhlosion
|
|upkeep
|
|t:|1757827853
|switch|p2a: Axolotl|Clodsire, M|100/100
|-item|p2a: Axolotl|Air Balloon
|turn|8
|
|t:|1757827859
|move|p1a: Golurk|Dynamic Punch|p2a: Axolotl
|-resisted|p2a: Axolotl
|-damage|p2a: Axolotl|82/100
|-start|p2a: Axolotl|confusion
|-enditem|p2a: Axolotl|Air Balloon
|-activate|p2a: Axolotl|confusion
|move|p2a: Axolotl|Curse|p2a: Axolotl
|-unboost|p2a: Axolotl|spe|1
|-boost|p2a: Axolotl|atk|1
|-boost|p2a: Axolotl|def|1
|
|upkeep
|turn|9
|
|t:|1757827868
|move|p1a: Golurk|Earthquake|p2a: Axolotl
|-supereffective|p2a: Axolotl
|-damage|p2a: Axolotl|0 fnt
|faint|p2a: Axolotl
|
|upkeep
|
|t:|1757827871
|switch|p2a: Mismagius|Mismagius, F|100/100
|turn|10
|
|t:|1757827875
|move|p2a: Mismagius|Calm Mind|p2a: Mismagius
|-boost|p2a: Mismagius|spa|1
|-boost|p2a: Mismagius|spd|1
|move|p1a: Golurk|Poltergeist|p2a: Mismagius
|-activate|p2a: Mismagius|move: Poltergeist|Salac Berry
|-supereffective|p2a: Mismagius
|-damage|p2a: Mismagius|0 fnt
|faint|p2a: Mismagius
|
|upkeep
|
|t:|1757827883
|switch|p2a: Skeledirge|Skeledirge, M|100/100
|turn|11
|
|t:|1757827888
|-terastallize|p2a: Skeledirge|Ground
|move|p2a: Skeledirge|Will-O-Wisp|p1a: Golurk
|-status|p1a: Golurk|brn
|move|p1a: Golurk|Poltergeist|p2a: Skeledirge
|-activate|p2a: Skeledirge|move: Poltergeist|Leftovers
|-damage|p2a: Skeledirge|82/100
|
|-heal|p2a: Skeledirge|88/100|[from] item: Leftovers
|-damage|p1a: Golurk|27/100 brn|[from] brn
|upkeep
|turn|12
|
|t:|1757827897
|move|p2a: Skeledirge|Torch Song|p1a: Golurk
|-damage|p1a: Golurk|5/100 brn
|-boost|p2a: Skeledirge|spa|1
|move|p1a: Golurk|Dynamic Punch|p2a: Skeledirge
|-damage|p2a: Skeledirge|77/100
|-start|p2a: Skeledirge|confusion
|
|-heal|p2a: Skeledirge|83/100|[from] item: Leftovers
|-damage|p1a: Golurk|0 fnt|[from] brn
|faint|p1a: Golurk
|upkeep
|
|t:|1757827904
|switch|p1a: Blastoise|Blastoise, M|100/100
|turn|13
|
|t:|1757827909
|move|p1a: Blastoise|Shell Smash|p1a: Blastoise
|-unboost|p1a: Blastoise|def|1
|-unboost|p1a: Blastoise|spd|1
|-boost|p1a: Blastoise|atk|2
|-boost|p1a: Blastoise|spa|2
|-boost|p1a: Blastoise|spe|2
|-enditem|p1a: Blastoise|White Herb
|-clearnegativeboost|p1a: Blastoise|[silent]
|-activate|p2a: Skeledirge|confusion
|-damage|p2a: Skeledirge|80/100|[from] confusion
|
|-heal|p2a: Skeledirge|86/100|[from] item: Leftovers
|upkeep
|turn|14
|
|t:|1757827917
|move|p1a: Blastoise|Surf|p2a: Skeledirge
|-supereffective|p2a: Skeledirge
|-damage|p2a: Skeledirge|17/100
|-activate|p2a: Skeledirge|confusion
|move|p2a: Skeledirge|Earth Power|p1a: Blastoise
|-damage|p1a: Blastoise|54/100
|
|-heal|p2a: Skeledirge|23/100|[from] item: Leftovers
|upkeep
|turn|15
|
|t:|1757827924
|move|p1a: Blastoise|Surf|p2a: Skeledirge
|-supereffective|p2a: Skeledirge
|-damage|p2a: Skeledirge|0 fnt
|faint|p2a: Skeledirge
|
|upkeep
|
|t:|1757827926
|switch|p2a: Great Tusk|Great Tusk|100/100
|turn|16
|-message|Atlayan forfeited.
|
|win|caeluskasai
|raw|caeluskasai's rating: 1191 &rarr; <strong>1212</strong><br />(+21 for winning)
|raw|Atlayan's rating: 1131 &rarr; <strong>1110</strong><br />(-21 for losing)
|l|☆Atlayan
|player|p2|
|l|☆caeluskasai
|player|p1|
|j|☆caeluskasai
|player|p1|caeluskasai|burglar|
|l|☆caeluskasai
|player|p1|
