|j|☆ddreun
|j|☆frankjob
|t:|1757843866
|gametype|singles
|player|p1|ddreun|101|1391
|player|p2|frankjob|cheren|1373
|gen|9
|tier|[Gen 9] OU
|rated|
|rule|HP Percentage Mod: HP is shown in percentages
|rule|Endless Battle Clause: Forcing endless battles is banned
|rule|Species Clause: Limit one of each Pokémon
|rule|OHKO Clause: OHKO moves are banned
|rule|Evasion Items Clause: Evasion items are banned
|rule|Evasion Moves Clause: Evasion moves are banned
|rule|Evasion Abilities Clause: Evasion abilities are banned
|rule|Sleep Moves Clause: Sleep-inducing moves are banned
|clearpoke
|poke|p1|Dondozo, F|
|poke|p1|Iron Treads|
|poke|p1|Darkrai|
|poke|p1|Gliscor, M|
|poke|p1|Clefable, M|
|poke|p1|Weezing-Galar, F|
|poke|p2|Ursaluna, F|
|poke|p2|Carbink|
|poke|p2|Cresselia, F|
|poke|p2|Kingambit, M|
|poke|p2|Hatterene, F|
|poke|p2|Raging Bolt|
|teampreview
|inactive|Battle timer is ON: inactive players will automatically lose when time's up. (requested by frankjob)
|
|t:|1757843901
|teamsize|p1|6
|teamsize|p2|6
|start
|switch|p1a: Iron Treads|Iron Treads|100/100
|switch|p2a: Carbink|Carbink|100/100
|turn|1
|
|t:|1757843907
|move|p1a: Iron Treads|Stealth Rock|p2a: Carbink
|-sidestart|p2: frankjob|move: Stealth Rock
|move|p2a: Carbink|Trick Room|p2a: Carbink
|-fieldstart|move: Trick Room|[of] p2a: Carbink
|
|upkeep
|turn|2
|
|t:|1757843912
|move|p2a: Carbink|Stealth Rock|p1a: Iron Treads
|-sidestart|p1: ddreun|move: Stealth Rock
|move|p1a: Iron Treads|Earthquake|p2a: Carbink
|-supereffective|p2a: Carbink
|-damage|p2a: Carbink|41/100
|
|upkeep
|turn|3
|
|t:|1757843918
|move|p2a: Carbink|Spikes|p1a: Iron Treads
|-sidestart|p1: ddreun|Spikes
|move|p1a: Iron Treads|Rapid Spin|p2a: Carbink
|-resisted|p2a: Carbink
|-damage|p2a: Carbink|36/100
|-boost|p1a: Iron Treads|spe|1
|-damage|p1a: Iron Treads|84/100|[from] item: Rocky Helmet|[of] p2a: Carbink
|-sideend|p1: ddreun|Spikes|[from] move: Rapid Spin|[of] p1a: Iron Treads
|-sideend|p1: ddreun|Stealth Rock|[from] move: Rapid Spin|[of] p1a: Iron Treads
|
|-heal|p1a: Iron Treads|90/100|[from] item: Leftovers
|upkeep
|turn|4
|
|t:|1757843927
|move|p2a: Carbink|Stealth Rock|p1a: Iron Treads
|-sidestart|p1: ddreun|move: Stealth Rock
|move|p1a: Iron Treads|Rapid Spin|p2a: Carbink
|-resisted|p2a: Carbink
|-damage|p2a: Carbink|30/100
|-boost|p1a: Iron Treads|spe|1
|-damage|p1a: Iron Treads|74/100|[from] item: Rocky Helmet|[of] p2a: Carbink
|-sideend|p1: ddreun|Stealth Rock|[from] move: Rapid Spin|[of] p1a: Iron Treads
|
|-heal|p1a: Iron Treads|80/100|[from] item: Leftovers
|upkeep
|turn|5
|
|t:|1757843937
|move|p2a: Carbink|Stealth Rock|p1a: Iron Treads
|-sidestart|p1: ddreun|move: Stealth Rock
|move|p1a: Iron Treads|Earthquake|p2a: Carbink
|-supereffective|p2a: Carbink
|-damage|p2a: Carbink|0 fnt
|faint|p2a: Carbink
|
|-heal|p1a: Iron Treads|86/100|[from] item: Leftovers
|-fieldend|move: Trick Room
|upkeep
|inactive|frankjob has 120 seconds left.
|
|t:|1757843967
|switch|p2a: Ursaluna|Ursaluna, F|100/100
|-damage|p2a: Ursaluna|94/100|[from] Stealth Rock
|turn|6
|
|t:|1757843972
|move|p1a: Iron Treads|Rapid Spin|p2a: Ursaluna
|-damage|p2a: Ursaluna|83/100
|-boost|p1a: Iron Treads|spe|1
|-sideend|p1: ddreun|Stealth Rock|[from] move: Rapid Spin|[of] p1a: Iron Treads
|move|p2a: Ursaluna|Headlong Rush|p1a: Iron Treads
|-supereffective|p1a: Iron Treads
|-damage|p1a: Iron Treads|0 fnt
|-unboost|p2a: Ursaluna|def|1
|-unboost|p2a: Ursaluna|spd|1
|faint|p1a: Iron Treads
|-end|p1a: Iron Treads|Quark Drive|[silent]
|
|-status|p2a: Ursaluna|brn|[from] item: Flame Orb
|upkeep
|
|t:|1757843980
|switch|p1a: Darkrai|Darkrai|100/100
|turn|7
|
|t:|1757843989
|switch|p2a: Kingambit|Kingambit, M|100/100
|-damage|p2a: Kingambit|94/100|[from] Stealth Rock
|-activate|p2a: Kingambit|ability: Supreme Overlord
|-start|p2a: Kingambit|fallen1|[silent]
|move|p1a: Darkrai|Ice Beam|p2a: Kingambit
|-resisted|p2a: Kingambit
|-damage|p2a: Kingambit|80/100
|
|upkeep
|turn|8
|
|t:|1757844001
|move|p1a: Darkrai|Will-O-Wisp|p2a: Kingambit|[miss]
|-miss|p1a: Darkrai|p2a: Kingambit
|move|p2a: Kingambit|Kowtow Cleave|p1a: Darkrai
|-resisted|p1a: Darkrai
|-damage|p1a: Darkrai|58/100
|
|upkeep
|turn|9
|
|t:|1757844012
|-end|p2a: Kingambit|fallen1|[silent]
|switch|p2a: Raging Bolt|Raging Bolt|100/100
|-damage|p2a: Raging Bolt|88/100|[from] Stealth Rock
|-enditem|p2a: Raging Bolt|Booster Energy
|-activate|p2a: Raging Bolt|ability: Protosynthesis|[fromitem]
|-start|p2a: Raging Bolt|protosynthesisspa
|move|p1a: Darkrai|Ice Beam|p2a: Raging Bolt
|-supereffective|p2a: Raging Bolt
|-damage|p2a: Raging Bolt|31/100
|
|upkeep
|turn|10
|
|t:|1757844028
|move|p2a: Raging Bolt|Thunderclap|p1a: Darkrai
|-damage|p1a: Darkrai|0 fnt
|faint|p1a: Darkrai
|
|upkeep
|l|☆ddreun
|inactive|ddreun disconnected and has a minute to reconnect!
|player|p1|
|inactive|ddreun has 30 seconds to reconnect!
|j|☆ddreun
|inactive|ddreun reconnected and has 95 seconds left.
|player|p1|ddreun|101|
|inactive|ddreun has 90 seconds left.
|
|t:|1757844084
|switch|p1a: Gliscor|Gliscor, M|100/100
|turn|11
|
|t:|1757844092
|-end|p2a: Raging Bolt|Protosynthesis|[silent]
|switch|p2a: Cresselia|Cresselia, F|100/100
|-damage|p2a: Cresselia|88/100|[from] Stealth Rock
|move|p1a: Gliscor|Toxic|p2a: Cresselia
|-status|p2a: Cresselia|tox
|
|-damage|p2a: Cresselia|82/100 tox|[from] psn
|-status|p1a: Gliscor|tox|[from] item: Toxic Orb
|upkeep
|turn|12
|
|t:|1757844103
|move|p1a: Gliscor|Knock Off|p2a: Cresselia
|-supereffective|p2a: Cresselia
|-damage|p2a: Cresselia|61/100 tox
|-enditem|p2a: Cresselia|Mental Herb|[from] move: Knock Off|[of] p1a: Gliscor
|move|p2a: Cresselia|Ice Beam|p1a: Gliscor
|-supereffective|p1a: Gliscor
|-damage|p1a: Gliscor|49/100 tox
|
|-heal|p1a: Gliscor|62/100 tox|[from] ability: Poison Heal
|-damage|p2a: Cresselia|49/100 tox|[from] psn
|upkeep
|turn|13
|
|t:|1757844113
|move|p1a: Gliscor|Spikes|p2a: Cresselia
|-sidestart|p2: frankjob|Spikes
|move|p2a: Cresselia|Trick Room|p2a: Cresselia
|-fieldstart|move: Trick Room|[of] p2a: Cresselia
|
|-damage|p2a: Cresselia|31/100 tox|[from] psn
|-heal|p1a: Gliscor|74/100 tox|[from] ability: Poison Heal
|upkeep
|turn|14
|
|t:|1757844120
|switch|p2a: Ursaluna|Ursaluna, F|83/100 brn
|-damage|p2a: Ursaluna|77/100 brn|[from] Stealth Rock
|-damage|p2a: Ursaluna|65/100 brn|[from] Spikes
|move|p1a: Gliscor|Spikes|p2a: Ursaluna
|-sidestart|p2: frankjob|Spikes
|
|-heal|p1a: Gliscor|87/100 tox|[from] ability: Poison Heal
|-damage|p2a: Ursaluna|58/100 brn|[from] brn
|upkeep
|turn|15
|
|t:|1757844135
|-terastallize|p2a: Ursaluna|Normal
|move|p1a: Gliscor|Protect|p1a: Gliscor
|-singleturn|p1a: Gliscor|Protect
|move|p2a: Ursaluna|Facade|p1a: Gliscor
|-activate|p1a: Gliscor|move: Protect
|
|-heal|p1a: Gliscor|99/100 tox|[from] ability: Poison Heal
|-damage|p2a: Ursaluna|52/100 brn|[from] brn
|upkeep
|turn|16
|
|t:|1757844144
|move|p1a: Gliscor|Protect||[still]
|-fail|p1a: Gliscor
|move|p2a: Ursaluna|Facade|p1a: Gliscor
|-damage|p1a: Gliscor|0 fnt
|faint|p1a: Gliscor
|
|-damage|p2a: Ursaluna|46/100 brn|[from] brn
|upkeep
|
|t:|1757844149
|switch|p1a: Weezing|Weezing-Galar, F|100/100
|turn|17
|
|t:|1757844170
|move|p2a: Ursaluna|Facade|p1a: Weezing
|-damage|p1a: Weezing|0 fnt
|faint|p1a: Weezing
|
|-damage|p2a: Ursaluna|40/100 brn|[from] brn
|-fieldend|move: Trick Room
|upkeep
|
|t:|1757844174
|switch|p1a: Dondozo|Dondozo, F|100/100
|turn|18
|
|t:|1757844181
|switch|p2a: Cresselia|Cresselia, F|31/100 tox
|-damage|p2a: Cresselia|19/100 tox|[from] Stealth Rock
|move|p1a: Dondozo|Curse|p1a: Dondozo
|-unboost|p1a: Dondozo|spe|1
|-boost|p1a: Dondozo|atk|1
|-boost|p1a: Dondozo|def|1
|
|-damage|p2a: Cresselia|12/100 tox|[from] psn
|upkeep
|turn|19
|
|t:|1757844190
|move|p2a: Cresselia|Lunar Dance|p2a: Cresselia
|faint|p2a: Cresselia
|move|p1a: Dondozo|Curse|p1a: Dondozo
|-unboost|p1a: Dondozo|spe|1
|-boost|p1a: Dondozo|atk|1
|-boost|p1a: Dondozo|def|1
|
|upkeep
|
|t:|1757844197
|switch|p2a: Raging Bolt|Raging Bolt|31/100
|-heal|p2a: Raging Bolt|100/100|[from] move: Lunar Dance
|-damage|p2a: Raging Bolt|88/100|[from] Stealth Rock
|-damage|p2a: Raging Bolt|72/100|[from] Spikes
|turn|20
|
|t:|1757844204
|-terastallize|p1a: Dondozo|Dark
|move|p2a: Raging Bolt|Thunderbolt|p1a: Dondozo
|-damage|p1a: Dondozo|48/100
|move|p1a: Dondozo|Waterfall|p2a: Raging Bolt
|-resisted|p2a: Raging Bolt
|-damage|p2a: Raging Bolt|48/100
|
|-heal|p1a: Dondozo|54/100|[from] item: Leftovers
|upkeep
|turn|21
|
|t:|1757844213
|move|p2a: Raging Bolt|Thunderbolt|p1a: Dondozo
|-damage|p1a: Dondozo|5/100
|move|p1a: Dondozo|Rest|p1a: Dondozo
|-status|p1a: Dondozo|slp|[from] move: Rest
|-heal|p1a: Dondozo|100/100 slp|[silent]
|
|upkeep
|turn|22
|
|t:|1757844219
|switch|p1a: Clefable|Clefable, M|100/100
|move|p2a: Raging Bolt|Thunderbolt|p1a: Clefable
|-damage|p1a: Clefable|53/100
|
|-heal|p1a: Clefable|59/100|[from] item: Leftovers
|upkeep
|turn|23
|
|t:|1757844229
|move|p2a: Raging Bolt|Volt Switch|p1a: Clefable
|-damage|p1a: Clefable|16/100
|c|☆ddreun|t
|
|t:|1757844248
|-end|p2a: Raging Bolt|Protosynthesis|[silent]
|switch|p2a: Kingambit|Kingambit, M|80/100|[from] Volt Switch
|-damage|p2a: Kingambit|74/100|[from] Stealth Rock
|-damage|p2a: Kingambit|57/100|[from] Spikes
|-activate|p2a: Kingambit|ability: Supreme Overlord
|-start|p2a: Kingambit|fallen2|[silent]
|move|p1a: Clefable|Moonlight|p1a: Clefable
|-heal|p1a: Clefable|66/100
|
|-heal|p1a: Clefable|72/100|[from] item: Leftovers
|upkeep
|turn|24
|
|t:|1757844263
|switch|p1a: Dondozo|Dondozo, F, tera:Dark|100/100 slp
|move|p2a: Kingambit|Iron Head|p1a: Dondozo
|-damage|p1a: Dondozo|77/100 slp
|
|-heal|p1a: Dondozo|83/100 slp|[from] item: Leftovers
|upkeep
|turn|25
|
|t:|1757844271
|-end|p2a: Kingambit|fallen2|[silent]
|switch|p2a: Raging Bolt|Raging Bolt|48/100
|-damage|p2a: Raging Bolt|36/100|[from] Stealth Rock
|-damage|p2a: Raging Bolt|19/100|[from] Spikes
|cant|p1a: Dondozo|slp
|move|p1a: Dondozo|Sleep Talk|p1a: Dondozo
|move|p1a: Dondozo|Curse|p1a: Dondozo|[from] move: Sleep Talk
|-unboost|p1a: Dondozo|spe|1
|-boost|p1a: Dondozo|atk|1
|-boost|p1a: Dondozo|def|1
|
|-heal|p1a: Dondozo|89/100 slp|[from] item: Leftovers
|upkeep
|turn|26
|
|t:|1757844283
|move|p2a: Raging Bolt|Thunderbolt|p1a: Dondozo
|-damage|p1a: Dondozo|35/100 slp
|cant|p1a: Dondozo|slp
|move|p1a: Dondozo|Sleep Talk|p1a: Dondozo
|move|p1a: Dondozo|Curse|p1a: Dondozo|[from] move: Sleep Talk
|-unboost|p1a: Dondozo|spe|1
|-boost|p1a: Dondozo|atk|1
|-boost|p1a: Dondozo|def|1
|
|-heal|p1a: Dondozo|41/100 slp|[from] item: Leftovers
|upkeep
|turn|27
|
|t:|1757844293
|move|p2a: Raging Bolt|Thunderbolt|p1a: Dondozo
|-damage|p1a: Dondozo|0 fnt
|faint|p1a: Dondozo
|
|upkeep
|
|t:|1757844295
|switch|p1a: Clefable|Clefable, M|72/100
|turn|28
|
|t:|1757844299
|move|p2a: Raging Bolt|Thunderbolt|p1a: Clefable
|-damage|p1a: Clefable|25/100
|move|p1a: Clefable|Moonlight|p1a: Clefable
|-heal|p1a: Clefable|75/100
|
|-heal|p1a: Clefable|81/100|[from] item: Leftovers
|upkeep
|turn|29
|
|t:|1757844305
|move|p2a: Raging Bolt|Thunderbolt|p1a: Clefable
|-damage|p1a: Clefable|26/100
|move|p1a: Clefable|Calm Mind|p1a: Clefable
|-boost|p1a: Clefable|spa|1
|-boost|p1a: Clefable|spd|1
|
|-heal|p1a: Clefable|32/100|[from] item: Leftovers
|upkeep
|turn|30
|
|t:|1757844312
|move|p2a: Raging Bolt|Thunderbolt|p1a: Clefable
|-damage|p1a: Clefable|0 fnt
|faint|p1a: Clefable
|
|win|frankjob
|raw|ddreun's rating: 1391 &rarr; <strong>1370</strong><br />(-21 for losing)
|raw|frankjob's rating: 1373 &rarr; <strong>1394</strong><br />(+21 for winning)
|c|☆frankjob|looser
|l|☆frankjob
|player|p2|
|l|☆ddreun
|player|p1|
