|j|☆SittinGamer
|j|☆darretyle2
|t:|1757909077
|gametype|singles
|player|p1|SittinGamer|dawn-gen4pt|1402
|player|p2|darretyle2|169|1450
|gen|9
|tier|[Gen 9] OU
|rated|
|rule|HP Percentage Mod: HP is shown in percentages
|rule|Endless Battle Clause: Forcing endless battles is banned
|rule|Species Clause: Limit one of each Pokémon
|rule|OHKO Clause: OHKO moves are banned
|rule|Evasion Items Clause: Evasion items are banned
|rule|Evasion Moves Clause: Evasion moves are banned
|rule|Evasion Abilities Clause: Evasion abilities are banned
|rule|Sleep Moves Clause: Sleep-inducing moves are banned
|clearpoke
|poke|p1|Infernape, F|
|poke|p1|Samurott-Hisui, M|
|poke|p1|Gholdengo|
|poke|p1|Hatterene, F|
|poke|p1|Great Tusk|
|poke|p1|Zamazenta-*|
|poke|p2|Ninetales-Alola, M|
|poke|p2|Maushold|
|poke|p2|Mew|
|poke|p2|Rhyperior, F|
|poke|p2|Slither Wing|
|poke|p2|Gyarados, M|
|teampreview
|
|t:|1757909091
|teamsize|p1|6
|teamsize|p2|6
|start
|switch|p1a: Gholdengo|Gholdengo|100/100
|switch|p2a: Ninetales|Ninetales-Alola, M|100/100
|-weather|Snowscape|[from] ability: Snow Warning|[of] p2a: Ninetales
|turn|1
|
|t:|1757909097
|move|p1a: Gholdengo|Make It Rain|p2a: Ninetales
|-supereffective|p2a: Ninetales
|-damage|p2a: Ninetales|0 fnt
|-unboost|p1a: Gholdengo|spa|1
|faint|p2a: Ninetales
|
|-weather|Snowscape|[upkeep]
|upkeep
|
|t:|1757909099
|switch|p2a: Rhyperior|Rhyperior, F|100/100
|turn|2
|
|t:|1757909108
|switch|p1a: Great Tusk|Great Tusk|100/100
|-enditem|p1a: Great Tusk|Booster Energy
|-activate|p1a: Great Tusk|ability: Protosynthesis|[fromitem]
|-start|p1a: Great Tusk|protosynthesisatk
|move|p2a: Rhyperior|Rock Polish|p2a: Rhyperior
|-boost|p2a: Rhyperior|spe|2
|
|-weather|Snowscape|[upkeep]
|upkeep
|turn|3
|
|t:|1757909114
|move|p2a: Rhyperior|Rock Polish|p2a: Rhyperior
|-boost|p2a: Rhyperior|spe|2
|move|p1a: Great Tusk|Knock Off|p2a: Rhyperior
|-damage|p2a: Rhyperior|69/100
|-enditem|p2a: Rhyperior|Weakness Policy|[from] move: Knock Off|[of] p1a: Great Tusk
|
|-weather|Snowscape|[upkeep]
|upkeep
|turn|4
|
|t:|1757909120
|move|p2a: Rhyperior|Swords Dance|p2a: Rhyperior
|-boost|p2a: Rhyperior|atk|2
|move|p1a: Great Tusk|Headlong Rush|p2a: Rhyperior
|-supereffective|p2a: Rhyperior
|-damage|p2a: Rhyperior|0 fnt
|-unboost|p1a: Great Tusk|def|1
|-unboost|p1a: Great Tusk|spd|1
|faint|p2a: Rhyperior
|
|-weather|Snowscape|[upkeep]
|upkeep
|
|t:|1757909129
|switch|p2a: Maushold|Maushold|100/100
|turn|5
|
|t:|1757909135
|move|p2a: Maushold|Tidy Up|p2a: Maushold
|-boost|p2a: Maushold|atk|1
|-boost|p2a: Maushold|spe|1
|move|p1a: Great Tusk|Rapid Spin|p2a: Maushold
|-damage|p2a: Maushold|66/100
|-boost|p1a: Great Tusk|spe|1
|
|-weather|none
|upkeep
|turn|6
|
|t:|1757909145
|-terastallize|p1a: Great Tusk|Steel
|move|p2a: Maushold|Population Bomb|p1a: Great Tusk
|-resisted|p1a: Great Tusk
|-damage|p1a: Great Tusk|92/100
|-resisted|p1a: Great Tusk
|-damage|p1a: Great Tusk|84/100
|-resisted|p1a: Great Tusk
|-damage|p1a: Great Tusk|76/100
|-resisted|p1a: Great Tusk
|-crit|p1a: Great Tusk
|-damage|p1a: Great Tusk|64/100
|-resisted|p1a: Great Tusk
|-damage|p1a: Great Tusk|57/100
|-resisted|p1a: Great Tusk
|-damage|p1a: Great Tusk|48/100
|-resisted|p1a: Great Tusk
|-damage|p1a: Great Tusk|40/100
|-resisted|p1a: Great Tusk
|-damage|p1a: Great Tusk|32/100
|-resisted|p1a: Great Tusk
|-damage|p1a: Great Tusk|23/100
|-resisted|p1a: Great Tusk
|-damage|p1a: Great Tusk|15/100
|-hitcount|p1a: Great Tusk|10
|move|p1a: Great Tusk|Headlong Rush|p2a: Maushold
|-damage|p2a: Maushold|0 fnt
|-unboost|p1a: Great Tusk|def|1
|-unboost|p1a: Great Tusk|spd|1
|faint|p2a: Maushold
|
|upkeep
|
|t:|1757909161
|switch|p2a: Slither Wing|Slither Wing|100/100
|-enditem|p2a: Slither Wing|Booster Energy
|-activate|p2a: Slither Wing|ability: Protosynthesis|[fromitem]
|-start|p2a: Slither Wing|protosynthesisatk
|turn|7
|
|t:|1757909166
|move|p1a: Great Tusk|Ice Spinner|p2a: Slither Wing
|-damage|p2a: Slither Wing|60/100
|move|p2a: Slither Wing|Flame Charge|p1a: Great Tusk
|-supereffective|p1a: Great Tusk
|-damage|p1a: Great Tusk|0 fnt
|-boost|p2a: Slither Wing|spe|1
|faint|p1a: Great Tusk
|-end|p1a: Great Tusk|Protosynthesis|[silent]
|
|upkeep
|
|t:|1757909172
|switch|p1a: Hatterene|Hatterene, F|100/100
|turn|8
|
|t:|1757909176
|move|p2a: Slither Wing|Acrobatics|p1a: Hatterene
|-damage|p1a: Hatterene|38/100
|move|p1a: Hatterene|Psychic Noise|p2a: Slither Wing
|-supereffective|p2a: Slither Wing
|-damage|p2a: Slither Wing|0 fnt
|faint|p2a: Slither Wing
|-end|p2a: Slither Wing|Protosynthesis|[silent]
|
|upkeep
|
|t:|1757909184
|switch|p2a: Gyarados|Gyarados, M|100/100
|turn|9
|
|t:|1757909188
|switch|p1a: Gholdengo|Gholdengo|100/100
|move|p2a: Gyarados|Waterfall|p1a: Gholdengo
|-crit|p1a: Gholdengo
|-damage|p1a: Gholdengo|27/100
|
|upkeep
|turn|10
|
|t:|1757909192
|move|p1a: Gholdengo|Trick|p2a: Gyarados
|-activate|p1a: Gholdengo|move: Trick|[of] p2a: Gyarados
|-item|p2a: Gyarados|Choice Scarf|[from] move: Trick
|-item|p1a: Gholdengo|Chesto Berry|[from] move: Trick
|move|p2a: Gyarados|Dragon Dance|p2a: Gyarados
|-boost|p2a: Gyarados|atk|1
|-boost|p2a: Gyarados|spe|1
|
|upkeep
|turn|11
|-message|darretyle2 forfeited.
|
|win|SittinGamer
|raw|SittinGamer's rating: 1402 &rarr; <strong>1425</strong><br />(+23 for winning)
|raw|darretyle2's rating: 1450 &rarr; <strong>1427</strong><br />(-23 for losing)
|l|☆darretyle2
|player|p2|
|l|☆SittinGamer
|player|p1|
