|j|☆llr6236
|j|☆yrfjfdhgjhdgj
|t:|1757832204
|gametype|singles
|player|p1|llr6236|allister|1111
|player|p2|yrfjfdhgjhdgj|169|1081
|gen|9
|tier|[Gen 9] OU
|rated|
|rule|HP Percentage Mod: HP is shown in percentages
|rule|Endless Battle Clause: Forcing endless battles is banned
|rule|Species Clause: Limit one of each Pokémon
|rule|OHKO Clause: OHKO moves are banned
|rule|Evasion Items Clause: Evasion items are banned
|rule|Evasion Moves Clause: Evasion moves are banned
|rule|Evasion Abilities Clause: Evasion abilities are banned
|rule|Sleep Moves Clause: Sleep-inducing moves are banned
|clearpoke
|poke|p1|Ribombee, M|
|poke|p1|Garganacl, M|
|poke|p1|Iron Treads|
|poke|p1|Quaquaval, F|
|poke|p1|Umbreon, M|
|poke|p1|Wyrdeer, M|
|poke|p2|Kyurem|
|poke|p2|Alomomola, F|
|poke|p2|Landorus-Therian, M|
|poke|p2|Kingambit, M|
|poke|p2|Ursaluna, M|
|poke|p2|Corviknight, M|
|teampreview
|inactive|Battle timer is ON: inactive players will automatically lose when time's up. (requested by llr6236)
|
|t:|1757832223
|teamsize|p1|6
|teamsize|p2|6
|start
|switch|p1a: Ribombee|Ribombee, M, shiny|100/100
|switch|p2a: Corviknight|Corviknight, M|100/100
|-ability|p2a: Corviknight|Pressure
|turn|1
|
|t:|1757832234
|switch|p1a: Umbreon|Umbreon, M, shiny|100/100
|move|p2a: Corviknight|Brave Bird|p1a: Umbreon
|-damage|p1a: Umbreon|71/100
|-damage|p2a: Corviknight|91/100|[from] Recoil
|
|-heal|p2a: Corviknight|97/100|[from] item: Leftovers
|-heal|p1a: Umbreon|77/100|[from] item: Leftovers
|upkeep
|turn|2
|
|t:|1757832243
|move|p2a: Corviknight|U-turn|p1a: Umbreon
|-supereffective|p1a: Umbreon
|-damage|p1a: Umbreon|54/100
|
|t:|1757832248
|switch|p2a: Ursaluna|Ursaluna, M|100/100|[from] U-turn
|move|p1a: Umbreon|Foul Play|p2a: Ursaluna
|-damage|p2a: Ursaluna|63/100
|
|-heal|p1a: Umbreon|60/100|[from] item: Leftovers
|-status|p2a: Ursaluna|brn|[from] item: Flame Orb
|upkeep
|turn|3
|
|t:|1757832257
|move|p1a: Umbreon|Foul Play|p2a: Ursaluna
|-damage|p2a: Ursaluna|23/100 brn
|move|p2a: Ursaluna|Facade|p1a: Umbreon
|-damage|p1a: Umbreon|0 fnt
|faint|p1a: Umbreon
|
|-damage|p2a: Ursaluna|16/100 brn|[from] brn
|upkeep
|
|t:|1757832266
|switch|p1a: Quaquaval|Quaquaval, F, shiny|100/100
|turn|4
|
|t:|1757832269
|switch|p2a: Alomomola|Alomomola, F|100/100
|move|p1a: Quaquaval|Aqua Step|p2a: Alomomola
|-resisted|p2a: Alomomola
|-damage|p2a: Alomomola|90/100
|-boost|p1a: Quaquaval|spe|1
|-damage|p1a: Quaquaval|84/100|[from] item: Rocky Helmet|[of] p2a: Alomomola
|
|upkeep
|turn|5
|
|t:|1757832277
|move|p1a: Quaquaval|Brave Bird|p2a: Alomomola
|-damage|p2a: Alomomola|70/100
|-damage|p1a: Quaquaval|68/100|[from] item: Rocky Helmet|[of] p2a: Alomomola
|-damage|p1a: Quaquaval|56/100|[from] Recoil
|move|p2a: Alomomola|Wish|p2a: Alomomola
|
|upkeep
|turn|6
|
|t:|1757832289
|switch|p1a: Wyrdeer|Wyrdeer, M|100/100
|move|p2a: Alomomola|Flip Turn|p1a: Wyrdeer
|-damage|p1a: Wyrdeer|77/100
|
|t:|1757832294
|switch|p2a: Ursaluna|Ursaluna, M|16/100 brn|[from] Flip Turn
|
|-heal|p2a: Ursaluna|74/100 brn|[from] move: Wish|[wisher] Alomomola
|-damage|p2a: Ursaluna|68/100 brn|[from] brn
|upkeep
|turn|7
|
|t:|1757832306
|switch|p2a: Corviknight|Corviknight, M|97/100
|-ability|p2a: Corviknight|Pressure
|move|p1a: Wyrdeer|Megahorn|p2a: Corviknight
|-resisted|p2a: Corviknight
|-damage|p2a: Corviknight|93/100
|
|-heal|p2a: Corviknight|99/100|[from] item: Leftovers
|upkeep
|turn|8
|
|t:|1757832315
|switch|p1a: Quaquaval|Quaquaval, F, shiny|56/100
|move|p2a: Corviknight|U-turn|p1a: Quaquaval
|-resisted|p1a: Quaquaval
|-damage|p1a: Quaquaval|46/100
|
|t:|1757832320
|switch|p2a: Alomomola|Alomomola, F|100/100|[from] U-turn
|
|upkeep
|turn|9
|
|t:|1757832326
|switch|p1a: Wyrdeer|Wyrdeer, M|77/100
|move|p2a: Alomomola|Wish|p2a: Alomomola
|
|upkeep
|turn|10
|
|t:|1757832333
|move|p1a: Wyrdeer|Psychic|p2a: Alomomola
|-damage|p2a: Alomomola|50/100
|move|p2a: Alomomola|Flip Turn|p1a: Wyrdeer
|-damage|p1a: Wyrdeer|54/100
|
|t:|1757832340
|switch|p2a: Ursaluna|Ursaluna, M|68/100 brn|[from] Flip Turn
|
|-heal|p2a: Ursaluna|100/100 brn|[from] move: Wish|[wisher] Alomomola
|-damage|p2a: Ursaluna|94/100 brn|[from] brn
|upkeep
|turn|11
|
|t:|1757832346
|move|p1a: Wyrdeer|Psychic|p2a: Ursaluna
|-damage|p2a: Ursaluna|56/100 brn
|move|p2a: Ursaluna|Facade|p1a: Wyrdeer
|-damage|p1a: Wyrdeer|0 fnt
|faint|p1a: Wyrdeer
|
|-damage|p2a: Ursaluna|50/100 brn|[from] brn
|upkeep
|
|t:|1757832353
|switch|p1a: Quaquaval|Quaquaval, F, shiny|46/100
|turn|12
|
|t:|1757832355
|switch|p2a: Alomomola|Alomomola, F|84/100
|move|p1a: Quaquaval|Aqua Step|p2a: Alomomola
|-resisted|p2a: Alomomola
|-damage|p2a: Alomomola|73/100
|-boost|p1a: Quaquaval|spe|1
|-damage|p1a: Quaquaval|30/100|[from] item: Rocky Helmet|[of] p2a: Alomomola
|
|upkeep
|turn|13
|
|t:|1757832363
|move|p1a: Quaquaval|Low Sweep|p2a: Alomomola
|-damage|p2a: Alomomola|57/100
|-unboost|p2a: Alomomola|spe|1
|-damage|p1a: Quaquaval|14/100|[from] item: Rocky Helmet|[of] p2a: Alomomola
|move|p2a: Alomomola|Wish|p2a: Alomomola
|
|upkeep
|turn|14
|
|t:|1757832372
|move|p1a: Quaquaval|Brave Bird|p2a: Alomomola
|-damage|p2a: Alomomola|36/100
|-damage|p1a: Quaquaval|0 fnt|[from] item: Rocky Helmet|[of] p2a: Alomomola
|faint|p1a: Quaquaval
|move|p2a: Alomomola|Flip Turn|p1: Quaquaval|[notarget]
|-fail|p2a: Alomomola
|
|-heal|p2a: Alomomola|86/100|[from] move: Wish|[wisher] Alomomola
|upkeep
|
|t:|1757832386
|switch|p1a: Iron Treads|Iron Treads|100/100
|-enditem|p1a: Iron Treads|Booster Energy
|-activate|p1a: Iron Treads|ability: Quark Drive|[fromitem]
|-start|p1a: Iron Treads|quarkdrivespe
|turn|15
|
|t:|1757832391
|move|p1a: Iron Treads|Stealth Rock|p2a: Alomomola
|-sidestart|p2: yrfjfdhgjhdgj|move: Stealth Rock
|move|p2a: Alomomola|Wish|p2a: Alomomola
|
|upkeep
|turn|16
|
|t:|1757832397
|move|p1a: Iron Treads|Rapid Spin|p2a: Alomomola
|-damage|p2a: Alomomola|80/100
|-boost|p1a: Iron Treads|spe|1
|-damage|p1a: Iron Treads|84/100|[from] item: Rocky Helmet|[of] p2a: Alomomola
|move|p2a: Alomomola|Flip Turn|p1a: Iron Treads
|-supereffective|p1a: Iron Treads
|-damage|p1a: Iron Treads|52/100
|
|t:|1757832404
|switch|p2a: Ursaluna|Ursaluna, M|50/100 brn|[from] Flip Turn
|-damage|p2a: Ursaluna|44/100 brn|[from] Stealth Rock
|
|-heal|p2a: Ursaluna|100/100 brn|[from] move: Wish|[wisher] Alomomola
|-damage|p2a: Ursaluna|94/100 brn|[from] brn
|upkeep
|turn|17
|
|t:|1757832413
|move|p1a: Iron Treads|Steel Beam|p2a: Ursaluna
|-damage|p2a: Ursaluna|50/100 brn
|-damage|p1a: Iron Treads|2/100|[from] steelbeam
|move|p2a: Ursaluna|Fire Punch|p1a: Iron Treads
|-supereffective|p1a: Iron Treads
|-damage|p1a: Iron Treads|0 fnt
|faint|p1a: Iron Treads
|-end|p1a: Iron Treads|Quark Drive|[silent]
|
|-damage|p2a: Ursaluna|44/100 brn|[from] brn
|upkeep
|
|t:|1757832419
|switch|p1a: Ribombee|Ribombee, M, shiny|100/100
|turn|18
|
|t:|1757832425
|switch|p2a: Corviknight|Corviknight, M|99/100
|-damage|p2a: Corviknight|87/100|[from] Stealth Rock
|-ability|p2a: Corviknight|Pressure
|move|p1a: Ribombee|Quiver Dance|p1a: Ribombee
|-boost|p1a: Ribombee|spa|1
|-boost|p1a: Ribombee|spd|1
|-boost|p1a: Ribombee|spe|1
|
|-heal|p2a: Corviknight|93/100|[from] item: Leftovers
|upkeep
|turn|19
|
|t:|1757832436
|move|p1a: Ribombee|Quiver Dance|p1a: Ribombee
|-boost|p1a: Ribombee|spa|1
|-boost|p1a: Ribombee|spd|1
|-boost|p1a: Ribombee|spe|1
|move|p2a: Corviknight|Brave Bird|p1a: Ribombee
|-supereffective|p1a: Ribombee
|-enditem|p1a: Ribombee|Focus Sash
|-damage|p1a: Ribombee|1/100
|-damage|p2a: Corviknight|72/100|[from] Recoil
|
|-heal|p2a: Corviknight|78/100|[from] item: Leftovers
|upkeep
|turn|20
|c|☆llr6236|!weakness corviknight
|c| llr6236|/raw <div class="infobox">Corviknight (ignoring abilities):<br /><span class="message-effect-weak">Weaknesses</span>: Electric, Fire<br /><span class="message-effect-resist">Resistances</span>: <b>Bug</b>, Dragon, Fairy, Flying, <b>Grass</b>, Normal, Psychic, Steel<br /><span class="message-effect-immune">Immunities</span>: Ground, Poison, Sandstorm damage, Toxic</div>
|
|t:|1757832466
|move|p1a: Ribombee|Moonblast|p2a: Corviknight
|-resisted|p2a: Corviknight
|-damage|p2a: Corviknight|36/100
|move|p2a: Corviknight|U-turn|p1a: Ribombee
|-resisted|p1a: Ribombee
|-damage|p1a: Ribombee|0 fnt
|faint|p1a: Ribombee
|
|t:|1757832474
|switch|p2a: Alomomola|Alomomola, F|100/100|[from] U-turn
|-damage|p2a: Alomomola|88/100|[from] Stealth Rock
|
|upkeep
|
|t:|1757832477
|switch|p1a: Garganacl|Garganacl, M, shiny|100/100
|turn|21
|
|t:|1757832480
|-terastallize|p1a: Garganacl|Ghost
|move|p2a: Alomomola|Wish|p2a: Alomomola
|move|p1a: Garganacl|Iron Defense|p1a: Garganacl
|-boost|p1a: Garganacl|def|2
|
|upkeep
|turn|22
|
|t:|1757832488
|move|p2a: Alomomola|Flip Turn|p1a: Garganacl
|-damage|p1a: Garganacl|94/100
|
|t:|1757832501
|switch|p2a: Ursaluna|Ursaluna, M|44/100 brn|[from] Flip Turn
|-damage|p2a: Ursaluna|38/100 brn|[from] Stealth Rock
|move|p1a: Garganacl|Iron Defense|p1a: Garganacl
|-boost|p1a: Garganacl|def|2
|
|-heal|p2a: Ursaluna|96/100 brn|[from] move: Wish|[wisher] Alomomola
|-damage|p2a: Ursaluna|90/100 brn|[from] brn
|upkeep
|turn|23
|
|t:|1757832511
|move|p2a: Ursaluna|Headlong Rush|p1a: Garganacl
|-damage|p1a: Garganacl|70/100
|-unboost|p2a: Ursaluna|def|1
|-unboost|p2a: Ursaluna|spd|1
|move|p1a: Garganacl|Body Press|p2a: Ursaluna
|-supereffective|p2a: Ursaluna
|-damage|p2a: Ursaluna|0 fnt
|faint|p2a: Ursaluna
|
|upkeep
|
|t:|1757832521
|switch|p2a: Kyurem|Kyurem|100/100
|-damage|p2a: Kyurem|76/100|[from] Stealth Rock
|-ability|p2a: Kyurem|Pressure
|turn|24
|
|t:|1757832527
|move|p2a: Kyurem|Ice Beam|p1a: Garganacl
|-damage|p1a: Garganacl|22/100
|move|p1a: Garganacl|Body Press|p2a: Kyurem
|-supereffective|p2a: Kyurem
|-damage|p2a: Kyurem|0 fnt
|faint|p2a: Kyurem
|
|upkeep
|
|t:|1757832534
|switch|p2a: Kingambit|Kingambit, M|100/100
|-damage|p2a: Kingambit|94/100|[from] Stealth Rock
|-activate|p2a: Kingambit|ability: Supreme Overlord
|-start|p2a: Kingambit|fallen2|[silent]
|turn|25
|
|t:|1757832542
|-terastallize|p2a: Kingambit|Dark
|move|p2a: Kingambit|Kowtow Cleave|p1a: Garganacl
|-supereffective|p1a: Garganacl
|-damage|p1a: Garganacl|0 fnt
|faint|p1a: Garganacl
|
|win|yrfjfdhgjhdgj
|raw|llr6236's rating: 1111 &rarr; <strong>1084</strong><br />(-27 for losing)
|raw|yrfjfdhgjhdgj's rating: 1081 &rarr; <strong>1111</strong><br />(+30 for winning)
|l|☆llr6236
|player|p1|
|l|☆yrfjfdhgjhdgj
|player|p2|
