|j|☆Roulettiana
|j|☆ihategroundtypes
|t:|1757825875
|gametype|singles
|player|p1|Roulettiana|swimmerf-gen6|1500
|player|p2|ihategroundtypes|miku-flying|1555
|gen|9
|tier|[Gen 9] OU
|rated|
|rule|HP Percentage Mod: HP is shown in percentages
|rule|Endless Battle Clause: Forcing endless battles is banned
|rule|Species Clause: Limit one of each Pokémon
|rule|OHKO Clause: OHKO moves are banned
|rule|Evasion Items Clause: Evasion items are banned
|rule|Evasion Moves Clause: Evasion moves are banned
|rule|Evasion Abilities Clause: Evasion abilities are banned
|rule|Sleep Moves Clause: Sleep-inducing moves are banned
|clearpoke
|poke|p1|Entei|
|poke|p1|Gliscor, M|
|poke|p1|Great Tusk|
|poke|p1|Sinistcha|
|poke|p1|Tinkaton, F|
|poke|p1|Garganacl, M|
|poke|p2|Heatran, M|
|poke|p2|Weezing-Galar, F|
|poke|p2|Landorus-Therian, M|
|poke|p2|Goodra-Hisui, M|
|poke|p2|Rillaboom, M|
|poke|p2|Lapras, F|
|teampreview
|inactive|Battle timer is ON: inactive players will automatically lose when time's up. (requested by Roulettiana)
|
|t:|1757825902
|teamsize|p1|6
|teamsize|p2|6
|start
|switch|p1a: Tinkaton|Tinkaton, F|100/100
|switch|p2a: Lapras|Lapras, F|100/100
|-ability|p1a: Tinkaton|Mold Breaker
|-item|p1a: Tinkaton|Air Balloon
|turn|1
|
|t:|1757825924
|switch|p2a: Heatran|Heatran, M|100/100
|move|p1a: Tinkaton|Stealth Rock|p2a: Heatran
|-sidestart|p2: ihategroundtypes|move: Stealth Rock
|
|upkeep
|turn|2
|
|t:|1757825928
|move|p1a: Tinkaton|Thunder Wave|p2a: Heatran
|-status|p2a: Heatran|par
|move|p2a: Heatran|Magma Storm|p1a: Tinkaton
|-supereffective|p1a: Tinkaton
|-damage|p1a: Tinkaton|25/100
|-activate|p1a: Tinkaton|move: Magma Storm|[of] p2a: Heatran
|-enditem|p1a: Tinkaton|Air Balloon
|
|-damage|p1a: Tinkaton|12/100|[from] move: Magma Storm|[partiallytrapped]
|upkeep
|turn|3
|
|t:|1757825944
|move|p2a: Heatran|Protect|p2a: Heatran
|-singleturn|p2a: Heatran|Protect
|move|p1a: Tinkaton|Encore|p2a: Heatran
|-activate|p2a: Heatran|move: Protect
|
|-damage|p1a: Tinkaton|0 fnt|[from] move: Magma Storm|[partiallytrapped]
|faint|p1a: Tinkaton
|upkeep
|
|t:|1757825947
|switch|p1a: Garganacl|Garganacl, M|100/100
|turn|4
|
|t:|1757825954
|switch|p2a: Rillaboom|Rillaboom, M|100/100
|-damage|p2a: Rillaboom|88/100|[from] Stealth Rock
|-fieldstart|move: Grassy Terrain|[from] ability: Grassy Surge|[of] p2a: Rillaboom
|move|p1a: Garganacl|Salt Cure|p2a: Rillaboom
|-damage|p2a: Rillaboom|74/100
|-start|p2a: Rillaboom|Salt Cure
|
|-heal|p2a: Rillaboom|80/100|[from] Grassy Terrain
|-damage|p2a: Rillaboom|68/100|[from] Salt Cure
|upkeep
|turn|5
|
|t:|1757825963
|move|p1a: Garganacl|Protect|p1a: Garganacl
|-singleturn|p1a: Garganacl|Protect
|move|p2a: Rillaboom|U-turn|p1a: Garganacl
|-activate|p1a: Garganacl|move: Protect
|
|-heal|p2a: Rillaboom|74/100|[from] Grassy Terrain
|-damage|p2a: Rillaboom|61/100|[from] Salt Cure
|upkeep
|turn|6
|
|t:|1757825966
|move|p2a: Rillaboom|U-turn|p1a: Garganacl
|-damage|p1a: Garganacl|75/100
|
|t:|1757825976
|switch|p2a: Weezing|Weezing-Galar, F|100/100|[from] U-turn
|-damage|p2a: Weezing|88/100|[from] Stealth Rock
|move|p1a: Garganacl|Salt Cure|p2a: Weezing
|-damage|p2a: Weezing|78/100
|-start|p2a: Weezing|Salt Cure
|
|-heal|p1a: Garganacl|81/100|[from] Grassy Terrain
|-heal|p1a: Garganacl|87/100|[from] item: Leftovers
|-damage|p2a: Weezing|66/100|[from] Salt Cure
|upkeep
|turn|7
|
|t:|1757825981
|move|p2a: Weezing|Defog|p1a: Garganacl
|-unboost|p1a: Garganacl|evasion|1
|-sideend|p2: ihategroundtypes|Stealth Rock|[from] move: Defog|[of] p2a: Weezing
|-fieldend|move: Grassy Terrain
|move|p1a: Garganacl|Curse|p1a: Garganacl
|-unboost|p1a: Garganacl|spe|1
|-boost|p1a: Garganacl|atk|1
|-boost|p1a: Garganacl|def|1
|
|-heal|p1a: Garganacl|93/100|[from] item: Leftovers
|-damage|p2a: Weezing|53/100|[from] Salt Cure
|upkeep
|turn|8
|
|t:|1757825988
|move|p2a: Weezing|Strange Steam|p1a: Garganacl
|-damage|p1a: Garganacl|73/100
|-start|p1a: Garganacl|confusion
|-activate|p1a: Garganacl|confusion
|move|p1a: Garganacl|Curse|p1a: Garganacl
|-unboost|p1a: Garganacl|spe|1
|-boost|p1a: Garganacl|atk|1
|-boost|p1a: Garganacl|def|1
|
|-heal|p1a: Garganacl|79/100|[from] item: Leftovers
|-damage|p2a: Weezing|41/100|[from] Salt Cure
|upkeep
|turn|9
|
|t:|1757825994
|move|p2a: Weezing|Pain Split|p1a: Garganacl
|-sethp|p1a: Garganacl|56/100|[from] move: Pain Split|[silent]
|-sethp|p2a: Weezing|68/100|[from] move: Pain Split
|-activate|p1a: Garganacl|confusion
|move|p1a: Garganacl|Recover|p1a: Garganacl
|-heal|p1a: Garganacl|100/100
|
|-damage|p2a: Weezing|56/100|[from] Salt Cure
|upkeep
|turn|10
|
|t:|1757825997
|move|p2a: Weezing|Pain Split|p1a: Garganacl
|-sethp|p1a: Garganacl|73/100|[from] move: Pain Split|[silent]
|-sethp|p2a: Weezing|89/100|[from] move: Pain Split
|-activate|p1a: Garganacl|confusion
|move|p1a: Garganacl|Salt Cure|p2a: Weezing
|-damage|p2a: Weezing|68/100
|
|-heal|p1a: Garganacl|79/100|[from] item: Leftovers
|-damage|p2a: Weezing|55/100|[from] Salt Cure
|upkeep
|turn|11
|
|t:|1757826018
|-activate|p1a: Garganacl|confusion
|-damage|p1a: Garganacl|73/100|[from] confusion
|move|p2a: Weezing|Strange Steam|p1a: Garganacl
|-damage|p1a: Garganacl|55/100
|
|-heal|p1a: Garganacl|61/100|[from] item: Leftovers
|-damage|p2a: Weezing|43/100|[from] Salt Cure
|upkeep
|turn|12
|
|t:|1757826026
|move|p2a: Weezing|Strange Steam|p1a: Garganacl
|-damage|p1a: Garganacl|43/100
|-end|p1a: Garganacl|confusion
|move|p1a: Garganacl|Recover|p1a: Garganacl
|-heal|p1a: Garganacl|93/100
|
|-heal|p1a: Garganacl|99/100|[from] item: Leftovers
|-damage|p2a: Weezing|31/100|[from] Salt Cure
|upkeep
|turn|13
|
|t:|1757826034
|move|p2a: Weezing|Pain Split|p1a: Garganacl
|-sethp|p1a: Garganacl|62/100|[from] move: Pain Split|[silent]
|-sethp|p2a: Weezing|76/100|[from] move: Pain Split
|move|p1a: Garganacl|Salt Cure|p2a: Weezing
|-damage|p2a: Weezing|55/100
|
|-heal|p1a: Garganacl|69/100|[from] item: Leftovers
|-damage|p2a: Weezing|42/100|[from] Salt Cure
|upkeep
|turn|14
|
|t:|1757826041
|move|p2a: Weezing|Pain Split|p1a: Garganacl
|-sethp|p1a: Garganacl|52/100|[from] move: Pain Split|[silent]
|-sethp|p2a: Weezing|63/100|[from] move: Pain Split
|move|p1a: Garganacl|Curse|p1a: Garganacl
|-unboost|p1a: Garganacl|spe|1
|-boost|p1a: Garganacl|atk|1
|-boost|p1a: Garganacl|def|1
|
|-heal|p1a: Garganacl|58/100|[from] item: Leftovers
|-damage|p2a: Weezing|50/100|[from] Salt Cure
|upkeep
|turn|15
|
|t:|1757826044
|move|p1a: Garganacl|Protect|p1a: Garganacl
|-singleturn|p1a: Garganacl|Protect
|move|p2a: Weezing|Strange Steam|p1a: Garganacl
|-activate|p1a: Garganacl|move: Protect
|
|-heal|p1a: Garganacl|64/100|[from] item: Leftovers
|-damage|p2a: Weezing|38/100|[from] Salt Cure
|upkeep
|turn|16
|
|t:|1757826047
|move|p2a: Weezing|Strange Steam|p1a: Garganacl
|-damage|p1a: Garganacl|46/100
|move|p1a: Garganacl|Curse|p1a: Garganacl
|-unboost|p1a: Garganacl|spe|1
|-boost|p1a: Garganacl|atk|1
|-boost|p1a: Garganacl|def|1
|
|-heal|p1a: Garganacl|52/100|[from] item: Leftovers
|-damage|p2a: Weezing|26/100|[from] Salt Cure
|upkeep
|turn|17
|
|t:|1757826050
|move|p1a: Garganacl|Protect|p1a: Garganacl
|-singleturn|p1a: Garganacl|Protect
|move|p2a: Weezing|Pain Split|p1a: Garganacl
|-activate|p1a: Garganacl|move: Protect
|
|-heal|p1a: Garganacl|58/100|[from] item: Leftovers
|-damage|p2a: Weezing|13/100|[from] Salt Cure
|upkeep
|turn|18
|
|t:|1757826053
|move|p2a: Weezing|Pain Split|p1a: Garganacl
|-sethp|p1a: Garganacl|35/100|[from] move: Pain Split|[silent]
|-sethp|p2a: Weezing|42/100|[from] move: Pain Split
|move|p1a: Garganacl|Recover|p1a: Garganacl
|-heal|p1a: Garganacl|85/100
|
|-heal|p1a: Garganacl|91/100|[from] item: Leftovers
|-damage|p2a: Weezing|30/100|[from] Salt Cure
|upkeep
|turn|19
|
|t:|1757826055
|move|p1a: Garganacl|Protect|p1a: Garganacl
|-singleturn|p1a: Garganacl|Protect
|move|p2a: Weezing|Pain Split|p1a: Garganacl
|-activate|p1a: Garganacl|move: Protect
|
|-heal|p1a: Garganacl|97/100|[from] item: Leftovers
|-damage|p2a: Weezing|17/100|[from] Salt Cure
|upkeep
|turn|20
|
|t:|1757826058
|move|p2a: Weezing|Pain Split|p1a: Garganacl
|-sethp|p1a: Garganacl|56/100|[from] move: Pain Split|[silent]
|-sethp|p2a: Weezing|67/100|[from] move: Pain Split
|move|p1a: Garganacl|Curse|p1a: Garganacl
|-unboost|p1a: Garganacl|spe|1
|-boost|p1a: Garganacl|atk|1
|-boost|p1a: Garganacl|def|1
|
|-heal|p1a: Garganacl|62/100|[from] item: Leftovers
|-damage|p2a: Weezing|55/100|[from] Salt Cure
|upkeep
|turn|21
|
|t:|1757826062
|move|p1a: Garganacl|Protect|p1a: Garganacl
|-singleturn|p1a: Garganacl|Protect
|move|p2a: Weezing|Defog|p1a: Garganacl
|-activate|p1a: Garganacl|move: Protect
|
|-heal|p1a: Garganacl|68/100|[from] item: Leftovers
|-damage|p2a: Weezing|43/100|[from] Salt Cure
|upkeep
|turn|22
|
|t:|1757826065
|move|p2a: Weezing|Pain Split|p1a: Garganacl
|-sethp|p1a: Garganacl|52/100|[from] move: Pain Split|[silent]
|-sethp|p2a: Weezing|63/100|[from] move: Pain Split
|move|p1a: Garganacl|Curse|p1a: Garganacl
|-unboost|p1a: Garganacl|spe|1
|-boost|p1a: Garganacl|atk|1
|-boost|p1a: Garganacl|def|1
|
|-heal|p1a: Garganacl|58/100|[from] item: Leftovers
|-damage|p2a: Weezing|50/100|[from] Salt Cure
|upkeep
|turn|23
|
|t:|1757826071
|move|p1a: Garganacl|Protect|p1a: Garganacl
|-singleturn|p1a: Garganacl|Protect
|move|p2a: Weezing|Pain Split|p1a: Garganacl
|-activate|p1a: Garganacl|move: Protect
|
|-heal|p1a: Garganacl|64/100|[from] item: Leftovers
|-damage|p2a: Weezing|38/100|[from] Salt Cure
|upkeep
|turn|24
|
|t:|1757826073
|move|p2a: Weezing|Pain Split|p1a: Garganacl
|-sethp|p1a: Garganacl|48/100|[from] move: Pain Split|[silent]
|-sethp|p2a: Weezing|58/100|[from] move: Pain Split
|move|p1a: Garganacl|Salt Cure|p2a: Weezing
|-damage|p2a: Weezing|16/100
|
|-heal|p1a: Garganacl|54/100|[from] item: Leftovers
|-damage|p2a: Weezing|3/100|[from] Salt Cure
|upkeep
|turn|25
|
|t:|1757826076
|move|p1a: Garganacl|Protect|p1a: Garganacl
|-singleturn|p1a: Garganacl|Protect
|move|p2a: Weezing|Pain Split|p1a: Garganacl
|-activate|p1a: Garganacl|move: Protect
|
|-heal|p1a: Garganacl|60/100|[from] item: Leftovers
|-damage|p2a: Weezing|0 fnt|[from] Salt Cure
|faint|p2a: Weezing
|upkeep
|-message|ihategroundtypes forfeited.
|
|win|Roulettiana
|raw|Roulettiana's rating: 1500 &rarr; <strong>1523</strong><br />(+23 for winning)
|raw|ihategroundtypes's rating: 1555 &rarr; <strong>1532</strong><br />(-23 for losing)
|l|☆ihategroundtypes
|player|p2|
|l|☆Roulettiana
|player|p1|
