|j|☆i_love_lulu
|j|☆LX1987
|t:|1757926570
|gametype|singles
|player|p1|i_love_lulu|hoopster|1303
|player|p2|LX1987|2|1253
|gen|9
|tier|[Gen 9] OU
|rated|
|rule|HP Percentage Mod: HP is shown in percentages
|rule|Endless Battle Clause: Forcing endless battles is banned
|rule|Species Clause: Limit one of each Pokémon
|rule|OHKO Clause: OHKO moves are banned
|rule|Evasion Items Clause: Evasion items are banned
|rule|Evasion Moves Clause: Evasion moves are banned
|rule|Evasion Abilities Clause: Evasion abilities are banned
|rule|Sleep Moves Clause: Sleep-inducing moves are banned
|clearpoke
|poke|p1|Rillaboom, F|
|poke|p1|Dragapult, F|
|poke|p1|Skeledirge, F|
|poke|p1|Great Tusk|
|poke|p1|Kingambit, F|
|poke|p1|Clodsire, M|
|poke|p2|Dragonite, F|
|poke|p2|Gholdengo|
|poke|p2|Weezing-Galar, F|
|poke|p2|Kleavor, F|
|poke|p2|Primarina, M|
|poke|p2|Toedscruel, F|
|teampreview
|inactive|Battle timer is ON: inactive players will automatically lose when time's up. (requested by i_love_lulu)
|inactive|i_love_lulu has 120 seconds left.
|
|t:|1757926614
|teamsize|p1|6
|teamsize|p2|6
|start
|switch|p1a: Yeet Kids|Dragapult, F|100/100
|switch|p2a: Kleavor|Kleavor, F|100/100
|turn|1
|
|t:|1757926624
|move|p1a: Yeet Kids|Will-O-Wisp|p2a: Kleavor
|-status|p2a: Kleavor|brn
|move|p2a: Kleavor|Stone Axe|p1a: Yeet Kids
|-crit|p1a: Yeet Kids
|-damage|p1a: Yeet Kids|36/100
|-sidestart|p1: i_love_lulu|move: Stealth Rock
|
|-damage|p2a: Kleavor|94/100 brn|[from] brn
|upkeep
|turn|2
|inactive|i_love_lulu has 120 seconds left.
|
|t:|1757926660
|move|p1a: Yeet Kids|U-turn|p2a: Kleavor
|-damage|p2a: Kleavor|70/100 brn
|
|t:|1757926662
|switch|p1a: rolli polli|Great Tusk|100/100|[from] U-turn
|-damage|p1a: rolli polli|98/100|[from] Stealth Rock
|move|p2a: Kleavor|U-turn|p1a: rolli polli
|-resisted|p1a: rolli polli
|-damage|p1a: rolli polli|91/100
|-damage|p2a: Kleavor|53/100 brn|[from] item: Rocky Helmet|[of] p1a: rolli polli
|
|t:|1757926676
|switch|p2a: Weezing|Weezing-Galar, F|100/100|[from] U-turn
|
|upkeep
|turn|3
|inactive|i_love_lulu has 120 seconds left.
|
|t:|1757926707
|-end|p1a: rolli polli|Protosynthesis|[silent]
|switch|p1a: Clodsire|Clodsire, M|100/100
|-damage|p1a: Clodsire|94/100|[from] Stealth Rock
|move|p2a: Weezing|Toxic|p1a: Clodsire
|-immune|p1a: Clodsire
|
|-heal|p1a: Clodsire|100/100|[from] item: Leftovers
|upkeep
|turn|4
|
|t:|1757926726
|switch|p2a: Toedscruel|Toedscruel, F|100/100
|move|p1a: Clodsire|Stealth Rock|p2a: Toedscruel
|-sidestart|p2: LX1987|move: Stealth Rock
|
|upkeep
|turn|5
|inactive|i_love_lulu has 120 seconds left.
|
|t:|1757926752
|move|p2a: Toedscruel|Knock Off|p1a: Clodsire
|-damage|p1a: Clodsire|85/100
|-enditem|p1a: Clodsire|Leftovers|[from] move: Knock Off|[of] p2a: Toedscruel
|move|p1a: Clodsire|Spikes|p2a: Toedscruel
|-sidestart|p2: LX1987|Spikes
|
|upkeep
|turn|6
|
|t:|1757926760
|move|p2a: Toedscruel|Rapid Spin|p1a: Clodsire
|-damage|p1a: Clodsire|77/100
|-boost|p2a: Toedscruel|spe|1
|-sideend|p2: LX1987|Spikes|[from] move: Rapid Spin|[of] p2a: Toedscruel
|-sideend|p2: LX1987|Stealth Rock|[from] move: Rapid Spin|[of] p2a: Toedscruel
|move|p1a: Clodsire|Toxic|p2a: Toedscruel
|-status|p2a: Toedscruel|tox
|
|-damage|p2a: Toedscruel|94/100 tox|[from] psn
|upkeep
|turn|7
|inactive|i_love_lulu has 90 seconds left.
|
|t:|1757926809
|move|p1a: Clodsire|Stealth Rock|p2a: Toedscruel
|-sidestart|p2: LX1987|move: Stealth Rock
|move|p2a: Toedscruel|Spikes|p1a: Clodsire
|-sidestart|p1: i_love_lulu|Spikes
|
|-damage|p2a: Toedscruel|82/100 tox|[from] psn
|upkeep
|turn|8
|
|t:|1757926822
|move|p1a: Clodsire|Spikes|p2a: Toedscruel
|-sidestart|p2: LX1987|Spikes
|move|p2a: Toedscruel|Spikes|p1a: Clodsire
|-sidestart|p1: i_love_lulu|Spikes
|
|-damage|p2a: Toedscruel|64/100 tox|[from] psn
|upkeep
|turn|9
|
|t:|1757926832
|switch|p1a: Yeet Kids|Dragapult, F|36/100
|move|p2a: Toedscruel|Rapid Spin|p1a: Yeet Kids
|-immune|p1a: Yeet Kids
|
|-damage|p2a: Toedscruel|40/100 tox|[from] psn
|upkeep
|turn|10
|inactive|i_love_lulu has 90 seconds left.
|
|t:|1757926847
|move|p1a: Yeet Kids|Dragon Darts|p2a: Toedscruel
|-damage|p2a: Toedscruel|14/100 tox
|-enditem|p2a: Toedscruel|Aguav Berry|[eat]
|-heal|p2a: Toedscruel|47/100 tox|[from] item: Aguav Berry
|-anim|p1a: Yeet Kids|Dragon Darts|p2a: Toedscruel
|-damage|p2a: Toedscruel|19/100 tox
|move|p2a: Toedscruel|Knock Off|p1a: Yeet Kids
|-supereffective|p1a: Yeet Kids
|-damage|p1a: Yeet Kids|0 fnt
|-enditem|p1a: Yeet Kids|Heavy-Duty Boots|[from] move: Knock Off|[of] p2a: Toedscruel
|faint|p1a: Yeet Kids
|
|-damage|p2a: Toedscruel|0 fnt|[from] psn
|faint|p2a: Toedscruel
|upkeep
|
|t:|1757926867
|switch|p1a: rolli polli|Great Tusk|91/100
|switch|p2a: Gholdengo|Gholdengo|100/100
|-damage|p1a: rolli polli|88/100|[from] Stealth Rock
|-damage|p1a: rolli polli|71/100|[from] Spikes
|-damage|p2a: Gholdengo|95/100|[from] Stealth Rock
|-item|p2a: Gholdengo|Air Balloon
|turn|11
|
|t:|1757926882
|move|p1a: rolli polli|Knock Off|p2a: Gholdengo
|-supereffective|p2a: Gholdengo
|-damage|p2a: Gholdengo|38/100
|-enditem|p2a: Gholdengo|Air Balloon
|move|p2a: Gholdengo|Make It Rain|p1a: rolli polli
|-damage|p1a: rolli polli|0 fnt
|-unboost|p2a: Gholdengo|spa|1
|faint|p1a: rolli polli
|-end|p1a: rolli polli|Protosynthesis|[silent]
|
|upkeep
|
|t:|1757926889
|switch|p1a: Boom Boom|Rillaboom, F|100/100
|-damage|p1a: Boom Boom|88/100|[from] Stealth Rock
|-damage|p1a: Boom Boom|72/100|[from] Spikes
|-fieldstart|move: Grassy Terrain|[from] ability: Grassy Surge|[of] p1a: Boom Boom
|turn|12
|-message|i_love_lulu forfeited.
|
|win|LX1987
|raw|i_love_lulu's rating: 1303 &rarr; <strong>1280</strong><br />(-23 for losing)
|raw|LX1987's rating: 1253 &rarr; <strong>1282</strong><br />(+29 for winning)
|l|☆i_love_lulu
|player|p1|
|l|☆LX1987
|player|p2|
