|j|☆oni_az
|j|☆jakob poeltl fan
|t:|1757955486
|gametype|singles
|player|p1|oni_az|swimmerf-gen4|1237
|player|p2|jakob poeltl fan|veteran|1217
|gen|9
|tier|[Gen 9] OU
|rated|
|rule|HP Percentage Mod: HP is shown in percentages
|rule|Endless Battle Clause: Forcing endless battles is banned
|rule|Species Clause: Limit one of each Pokémon
|rule|OHKO Clause: OHKO moves are banned
|rule|Evasion Items Clause: Evasion items are banned
|rule|Evasion Moves Clause: Evasion moves are banned
|rule|Evasion Abilities Clause: Evasion abilities are banned
|rule|Sleep Moves Clause: Sleep-inducing moves are banned
|clearpoke
|poke|p1|Slowking-Galar, F|
|poke|p1|Zapdos|
|poke|p1|Ting-Lu|
|poke|p1|Kommo-o, F|
|poke|p1|Corviknight, F|
|poke|p1|Meowscarada, M|
|poke|p2|Iron Moth|
|poke|p2|Ting-Lu|
|poke|p2|Torkoal, F|
|poke|p2|Walking Wake|
|poke|p2|Great Tusk|
|poke|p2|Slither Wing|
|teampreview
|inactive|Battle timer is ON: inactive players will automatically lose when time's up. (requested by oni_az)
|
|t:|1757955512
|teamsize|p1|6
|teamsize|p2|6
|start
|switch|p1a: Mi Amorcito|Kommo-o, F|100/100
|switch|p2a: Torkoal|Torkoal, F|100/100
|-weather|SunnyDay|[from] ability: Drought|[of] p2a: Torkoal
|turn|1
|c|☆oni_az|glhf
|
|t:|1757955539
|switch|p2a: Iron Moth|Iron Moth|100/100
|move|p1a: Mi Amorcito|Clangorous Soul|p1a: Mi Amorcito
|-boost|p1a: Mi Amorcito|atk|1
|-boost|p1a: Mi Amorcito|def|1
|-boost|p1a: Mi Amorcito|spa|1
|-boost|p1a: Mi Amorcito|spd|1
|-boost|p1a: Mi Amorcito|spe|1
|-damage|p1a: Mi Amorcito|68/100
|-enditem|p1a: Mi Amorcito|Throat Spray
|-boost|p1a: Mi Amorcito|spa|1|[from] item: Throat Spray
|
|-weather|SunnyDay|[upkeep]
|upkeep
|turn|2
|
|t:|1757955553
|-terastallize|p1a: Mi Amorcito|Normal
|move|p1a: Mi Amorcito|Boomburst|p2a: Iron Moth
|-damage|p2a: Iron Moth|0 fnt
|faint|p2a: Iron Moth
|-end|p2a: Iron Moth|Quark Drive|[silent]
|
|-weather|SunnyDay|[upkeep]
|upkeep
|
|t:|1757955559
|switch|p2a: Slither Wing|Slither Wing|100/100
|-activate|p2a: Slither Wing|ability: Protosynthesis
|-start|p2a: Slither Wing|protosynthesisatk
|turn|3
|
|t:|1757955568
|move|p2a: Slither Wing|First Impression|p1a: Mi Amorcito
|-crit|p1a: Mi Amorcito
|-damage|p1a: Mi Amorcito|0 fnt
|faint|p1a: Mi Amorcito
|
|-weather|SunnyDay|[upkeep]
|upkeep
|c|☆oni_az|wow
|c|☆oni_az|a crit
|c|☆jakob poeltl fan|i mean it was a roll anyways
|
|t:|1757955579
|switch|p1a: Corviknight|Corviknight, F|100/100
|turn|4
|c|☆oni_az|nahh
|c|☆oni_az|cuz i had my defense up
|
|t:|1757955602
|-end|p2a: Slither Wing|Protosynthesis|[silent]
|switch|p2a: Ting-Lu|Ting-Lu|100/100
|-ability|p2a: Ting-Lu|Vessel of Ruin
|move|p1a: Corviknight|Brave Bird|p2a: Ting-Lu
|-damage|p2a: Ting-Lu|80/100
|-damage|p1a: Corviknight|84/100|[from] item: Rocky Helmet|[of] p2a: Ting-Lu
|-damage|p1a: Corviknight|75/100|[from] Recoil
|
|-weather|SunnyDay|[upkeep]
|-heal|p1a: Corviknight|81/100|[from] item: Leftovers
|upkeep
|turn|5
|inactive|jakob poeltl fan has 120 seconds left.
|
|t:|1757955639
|move|p1a: Corviknight|U-turn|p2a: Ting-Lu
|-supereffective|p2a: Ting-Lu
|-damage|p2a: Ting-Lu|65/100
|-damage|p1a: Corviknight|65/100|[from] item: Rocky Helmet|[of] p2a: Ting-Lu
|
|t:|1757955654
|switch|p1a: Meowscarada|Meowscarada, M|100/100|[from] U-turn
|move|p2a: Ting-Lu|Spikes|p1a: Meowscarada
|-sidestart|p1: oni_az|Spikes
|
|-weather|SunnyDay|[upkeep]
|upkeep
|turn|6
|inactive|jakob poeltl fan has 120 seconds left.
|
|t:|1757955669
|move|p1a: Meowscarada|U-turn|p2a: Ting-Lu
|-start|p1a: Meowscarada|typechange|Bug|[from] ability: Protean
|-supereffective|p2a: Ting-Lu
|-damage|p2a: Ting-Lu|31/100
|-damage|p1a: Meowscarada|84/100|[from] item: Rocky Helmet|[of] p2a: Ting-Lu
|
|t:|1757955673
|switch|p1a: Ting-Lu|Ting-Lu|100/100|[from] U-turn
|-damage|p1a: Ting-Lu|88/100|[from] Spikes
|-ability|p1a: Ting-Lu|Vessel of Ruin
|move|p2a: Ting-Lu|Whirlwind|p1a: Ting-Lu
|drag|p1a: Meowscarada|Meowscarada, M|84/100
|-damage|p1a: Meowscarada|72/100|[from] Spikes
|
|-weather|SunnyDay|[upkeep]
|upkeep
|turn|7
|c|☆oni_az|damn
|
|t:|1757955685
|switch|p2a: Great Tusk|Great Tusk|100/100
|-activate|p2a: Great Tusk|ability: Protosynthesis
|-start|p2a: Great Tusk|protosynthesisspe
|move|p1a: Meowscarada|U-turn|p2a: Great Tusk
|-start|p1a: Meowscarada|typechange|Bug|[from] ability: Protean
|-resisted|p2a: Great Tusk
|-damage|p2a: Great Tusk|91/100
|
|t:|1757955690
|switch|p1a: Corviknight|Corviknight, F|65/100|[from] U-turn
|
|-weather|SunnyDay|[upkeep]
|-heal|p1a: Corviknight|71/100|[from] item: Leftovers
|upkeep
|turn|8
|
|t:|1757955700
|-end|p2a: Great Tusk|Protosynthesis|[silent]
|switch|p2a: Ting-Lu|Ting-Lu|31/100
|-ability|p2a: Ting-Lu|Vessel of Ruin
|move|p1a: Corviknight|Defog|p2a: Ting-Lu
|-unboost|p2a: Ting-Lu|evasion|1
|-sideend|p1: oni_az|Spikes|[from] move: Defog|[of] p1a: Corviknight
|
|-weather|none
|-heal|p1a: Corviknight|77/100|[from] item: Leftovers
|upkeep
|turn|9
|
|t:|1757955708
|switch|p2a: Torkoal|Torkoal, F|100/100
|-weather|SunnyDay|[from] ability: Drought|[of] p2a: Torkoal
|move|p1a: Corviknight|Brave Bird|p2a: Torkoal
|-damage|p2a: Torkoal|80/100
|-damage|p1a: Corviknight|72/100|[from] Recoil
|
|-weather|SunnyDay|[upkeep]
|-heal|p1a: Corviknight|78/100|[from] item: Leftovers
|upkeep
|turn|10
|
|t:|1757955721
|switch|p2a: Ting-Lu|Ting-Lu|31/100
|-ability|p2a: Ting-Lu|Vessel of Ruin
|move|p1a: Corviknight|U-turn|p2a: Ting-Lu
|-supereffective|p2a: Ting-Lu
|-damage|p2a: Ting-Lu|14/100
|-damage|p1a: Corviknight|61/100|[from] item: Rocky Helmet|[of] p2a: Ting-Lu
|
|t:|1757955732
|switch|p1a: Meowscarada|Meowscarada, M|72/100|[from] U-turn
|
|-weather|SunnyDay|[upkeep]
|upkeep
|turn|11
|
|t:|1757955740
|move|p1a: Meowscarada|U-turn|p2a: Ting-Lu
|-start|p1a: Meowscarada|typechange|Bug|[from] ability: Protean
|-supereffective|p2a: Ting-Lu
|-damage|p2a: Ting-Lu|0 fnt
|-damage|p1a: Meowscarada|55/100|[from] item: Rocky Helmet|[of] p2a: Ting-Lu
|faint|p2a: Ting-Lu
|
|t:|1757955755
|switch|p1a: Slowking|Slowking-Galar, F|100/100|[from] U-turn
|
|-weather|SunnyDay|[upkeep]
|upkeep
|
|t:|1757955763
|switch|p2a: Walking Wake|Walking Wake|100/100
|-activate|p2a: Walking Wake|ability: Protosynthesis
|-start|p2a: Walking Wake|protosynthesisspe
|turn|12
|
|t:|1757955775
|-terastallize|p2a: Walking Wake|Dragon
|move|p2a: Walking Wake|Draco Meteor|p1a: Slowking
|-damage|p1a: Slowking|53/100
|-unboost|p2a: Walking Wake|spa|2
|move|p1a: Slowking|Sludge Bomb|p2a: Walking Wake
|-damage|p2a: Walking Wake|63/100
|
|-weather|SunnyDay|[upkeep]
|upkeep
|turn|13
|
|t:|1757955784
|-end|p2a: Walking Wake|Protosynthesis|[silent]
|switch|p2a: Slither Wing|Slither Wing|100/100
|-activate|p2a: Slither Wing|ability: Protosynthesis
|-start|p2a: Slither Wing|protosynthesisatk
|move|p1a: Slowking|Sludge Bomb|p2a: Slither Wing
|-damage|p2a: Slither Wing|65/100
|
|-weather|SunnyDay|[upkeep]
|upkeep
|turn|14
|inactive|oni_az has 120 seconds left.
|
|t:|1757955820
|move|p2a: Slither Wing|U-turn|p1a: Slowking
|-damage|p1a: Slowking|0 fnt
|faint|p1a: Slowking
|
|t:|1757955824
|-end|p2a: Slither Wing|Protosynthesis|[silent]
|switch|p2a: Walking Wake|Walking Wake, tera:Dragon|63/100|[from] U-turn
|-activate|p2a: Walking Wake|ability: Protosynthesis
|-start|p2a: Walking Wake|protosynthesisspe
|
|-weather|SunnyDay|[upkeep]
|upkeep
|c|☆oni_az|damn
|inactive|oni_az has 120 seconds left.
|
|t:|1757955839
|switch|p1a: Meowscarada|Meowscarada, M|55/100
|turn|15
|c|☆oni_az|please don't tell me ur scarfed
|c|☆oni_az|if u are i lose
|inactive|jakob poeltl fan has 120 seconds left.
|
|t:|1757955873
|-end|p2a: Walking Wake|Protosynthesis|[silent]
|switch|p2a: Slither Wing|Slither Wing|65/100
|-activate|p2a: Slither Wing|ability: Protosynthesis
|-start|p2a: Slither Wing|protosynthesisatk
|move|p1a: Meowscarada|Play Rough|p2a: Slither Wing|[miss]
|-start|p1a: Meowscarada|typechange|Fairy|[from] ability: Protean
|-miss|p1a: Meowscarada|p2a: Slither Wing
|
|-weather|SunnyDay|[upkeep]
|upkeep
|turn|16
|c|☆oni_az|wow
|
|t:|1757955887
|switch|p1a: Corviknight|Corviknight, F|61/100
|move|p2a: Slither Wing|First Impression|p1a: Corviknight
|-resisted|p1a: Corviknight
|-damage|p1a: Corviknight|39/100
|
|-weather|none
|-end|p2a: Slither Wing|Protosynthesis
|-heal|p1a: Corviknight|45/100|[from] item: Leftovers
|upkeep
|turn|17
|
|t:|1757955895
|-end|p2a: Slither Wing|Protosynthesis|[silent]
|switch|p2a: Torkoal|Torkoal, F|80/100
|-weather|SunnyDay|[from] ability: Drought|[of] p2a: Torkoal
|move|p1a: Corviknight|U-turn|p2a: Torkoal
|-resisted|p2a: Torkoal
|-damage|p2a: Torkoal|76/100
|
|t:|1757955906
|switch|p1a: Ting-Lu|Ting-Lu|88/100|[from] U-turn
|-ability|p1a: Ting-Lu|Vessel of Ruin
|
|-weather|SunnyDay|[upkeep]
|-heal|p1a: Ting-Lu|94/100|[from] item: Leftovers
|upkeep
|turn|18
|
|t:|1757955910
|switch|p2a: Slither Wing|Slither Wing|65/100
|-activate|p2a: Slither Wing|ability: Protosynthesis
|-start|p2a: Slither Wing|protosynthesisatk
|move|p1a: Ting-Lu|Stealth Rock|p2a: Slither Wing
|-sidestart|p2: jakob poeltl fan|move: Stealth Rock
|
|-weather|SunnyDay|[upkeep]
|-heal|p1a: Ting-Lu|99/100|[from] item: Leftovers
|upkeep
|turn|19
|
|t:|1757955913
|switch|p1a: Corviknight|Corviknight, F|45/100
|move|p2a: Slither Wing|Close Combat|p1a: Corviknight
|-damage|p1a: Corviknight|0 fnt
|-unboost|p2a: Slither Wing|def|1
|-unboost|p2a: Slither Wing|spd|1
|faint|p1a: Corviknight
|
|-weather|SunnyDay|[upkeep]
|upkeep
|inactive|oni_az has 120 seconds left.
|
|t:|1757955925
|switch|p1a: Zapdos|Zapdos|100/100
|turn|20
|
|t:|1757955930
|-end|p2a: Slither Wing|Protosynthesis|[silent]
|switch|p2a: Great Tusk|Great Tusk|91/100
|-activate|p2a: Great Tusk|ability: Protosynthesis
|-start|p2a: Great Tusk|protosynthesisspe
|move|p1a: Zapdos|Heat Wave|p2a: Great Tusk
|-damage|p2a: Great Tusk|0 fnt
|faint|p2a: Great Tusk
|-end|p2a: Great Tusk|Protosynthesis|[silent]
|
|-weather|SunnyDay|[upkeep]
|upkeep
|
|t:|1757955940
|switch|p2a: Walking Wake|Walking Wake, tera:Dragon|63/100
|-damage|p2a: Walking Wake|50/100|[from] Stealth Rock
|-activate|p2a: Walking Wake|ability: Protosynthesis
|-start|p2a: Walking Wake|protosynthesisspe
|turn|21
|
|t:|1757955954
|switch|p1a: Ting-Lu|Ting-Lu|99/100
|-ability|p1a: Ting-Lu|Vessel of Ruin
|move|p2a: Walking Wake|Draco Meteor|p1a: Ting-Lu
|-damage|p1a: Ting-Lu|29/100
|-unboost|p2a: Walking Wake|spa|2
|
|-weather|SunnyDay|[upkeep]
|-heal|p1a: Ting-Lu|35/100|[from] item: Leftovers
|upkeep
|turn|22
|
|t:|1757955967
|-end|p2a: Walking Wake|Protosynthesis|[silent]
|switch|p2a: Slither Wing|Slither Wing|65/100
|-damage|p2a: Slither Wing|53/100|[from] Stealth Rock
|-activate|p2a: Slither Wing|ability: Protosynthesis
|-start|p2a: Slither Wing|protosynthesisatk
|move|p1a: Ting-Lu|Stone Edge|p2a: Slither Wing|[miss]
|-miss|p1a: Ting-Lu|p2a: Slither Wing
|
|-weather|SunnyDay|[upkeep]
|-heal|p1a: Ting-Lu|41/100|[from] item: Leftovers
|upkeep
|turn|23
|c|☆oni_az|WOW
|c|☆oni_az|that's 2 time I could've killed that bitch
|inactive|oni_az has 120 seconds left.
|
|t:|1757955999
|move|p2a: Slither Wing|Flare Blitz|p1a: Ting-Lu
|-damage|p1a: Ting-Lu|0 fnt
|faint|p1a: Ting-Lu
|-damage|p2a: Slither Wing|31/100|[from] Recoil
|
|-weather|SunnyDay|[upkeep]
|upkeep
|inactive|oni_az has 120 seconds left.
|
|t:|1757956005
|switch|p1a: Meowscarada|Meowscarada, M|55/100
|turn|24
|
|t:|1757956009
|move|p1a: Meowscarada|Play Rough|p2a: Slither Wing
|-start|p1a: Meowscarada|typechange|Fairy|[from] ability: Protean
|-supereffective|p2a: Slither Wing
|-damage|p2a: Slither Wing|0 fnt
|faint|p2a: Slither Wing
|-end|p2a: Slither Wing|Protosynthesis|[silent]
|
|-weather|none
|upkeep
|
|t:|1757956013
|switch|p2a: Torkoal|Torkoal, F|76/100
|-damage|p2a: Torkoal|51/100|[from] Stealth Rock
|-weather|SunnyDay|[from] ability: Drought|[of] p2a: Torkoal
|turn|25
|c|☆oni_az|finally
|
|t:|1757956018
|move|p1a: Meowscarada|Play Rough|p2a: Torkoal
|-resisted|p2a: Torkoal
|-damage|p2a: Torkoal|40/100
|move|p2a: Torkoal|Rapid Spin|p1a: Meowscarada
|-damage|p1a: Meowscarada|42/100
|-boost|p2a: Torkoal|spe|1
|-sideend|p2: jakob poeltl fan|Stealth Rock|[from] move: Rapid Spin|[of] p2a: Torkoal
|
|-weather|SunnyDay|[upkeep]
|upkeep
|turn|26
|
|t:|1757956024
|switch|p1a: Zapdos|Zapdos|100/100
|move|p2a: Torkoal|Lava Plume|p1a: Zapdos
|-damage|p1a: Zapdos|60/100
|
|-weather|SunnyDay|[upkeep]
|upkeep
|turn|27
|
|t:|1757956029
|move|p1a: Zapdos|Hurricane|p2a: Torkoal
|-damage|p2a: Torkoal|0 fnt
|faint|p2a: Torkoal
|
|-weather|SunnyDay|[upkeep]
|upkeep
|
|t:|1757956033
|switch|p2a: Walking Wake|Walking Wake, tera:Dragon|50/100
|-activate|p2a: Walking Wake|ability: Protosynthesis
|-start|p2a: Walking Wake|protosynthesisspe
|turn|28
|
|t:|1757956051
|move|p2a: Walking Wake|Flamethrower|p1a: Zapdos
|-damage|p1a: Zapdos|0 fnt
|faint|p1a: Zapdos
|
|-weather|SunnyDay|[upkeep]
|upkeep
|
|t:|1757956056
|switch|p1a: Meowscarada|Meowscarada, M|42/100
|turn|29
|c|☆oni_az|if i miss this i lose
|
|t:|1757956065
|move|p1a: Meowscarada|Play Rough|p2a: Walking Wake|[miss]
|-start|p1a: Meowscarada|typechange|Fairy|[from] ability: Protean
|-miss|p1a: Meowscarada|p2a: Walking Wake
|move|p2a: Walking Wake|Flamethrower|p1a: Meowscarada
|-damage|p1a: Meowscarada|0 fnt
|faint|p1a: Meowscarada
|
|win|jakob poeltl fan
|raw|oni_az's rating: 1237 &rarr; <strong>1211</strong><br />(-26 for losing)
|raw|jakob poeltl fan's rating: 1217 &rarr; <strong>1243</strong><br />(+26 for winning)
|c|☆oni_az|wow
|l|☆oni_az
|player|p1|
