|j|☆Scarifier
|j|☆poppylikecats
|t:|1757921295
|gametype|singles
|player|p1|Scarifier|1|1542
|player|p2|poppylikecats|iris|1481
|gen|9
|tier|[Gen 9] OU
|rated|
|rule|HP Percentage Mod: HP is shown in percentages
|rule|Endless Battle Clause: Forcing endless battles is banned
|rule|Species Clause: Limit one of each Pokémon
|rule|OHKO Clause: OHKO moves are banned
|rule|Evasion Items Clause: Evasion items are banned
|rule|Evasion Moves Clause: Evasion moves are banned
|rule|Evasion Abilities Clause: Evasion abilities are banned
|rule|Sleep Moves Clause: Sleep-inducing moves are banned
|clearpoke
|poke|p1|Toxapex, M|
|poke|p1|Gliscor, F|
|poke|p1|Blissey, F|
|poke|p1|Dondozo, F|
|poke|p1|Moltres|
|poke|p1|Cresselia, F|
|poke|p2|Pecharunt|
|poke|p2|Great Tusk|
|poke|p2|Ogerpon-Wellspring, F|
|poke|p2|Iron Crown|
|poke|p2|Landorus-Therian, M|
|poke|p2|Samurott-Hisui, M|
|teampreview
|inactive|Battle timer is ON: inactive players will automatically lose when time's up. (requested by poppylikecats)
|inactive|Scarifier also wants the timer to be on.
|
|t:|1757921305
|teamsize|p1|6
|teamsize|p2|6
|start
|switch|p1a: Gliscor|Gliscor, F|100/100
|switch|p2a: Great Tusk|Great Tusk|100/100
|-enditem|p2a: Great Tusk|Booster Energy
|-activate|p2a: Great Tusk|ability: Protosynthesis|[fromitem]
|-start|p2a: Great Tusk|protosynthesisspe
|turn|1
|
|t:|1757921309
|move|p2a: Great Tusk|Knock Off|p1a: Gliscor
|-damage|p1a: Gliscor|85/100
|-enditem|p1a: Gliscor|Toxic Orb|[from] move: Knock Off|[of] p2a: Great Tusk
|move|p1a: Gliscor|Spikes|p2a: Great Tusk
|-sidestart|p2: poppylikecats|Spikes
|
|upkeep
|turn|2
|
|t:|1757921316
|move|p1a: Gliscor|Protect|p1a: Gliscor
|-singleturn|p1a: Gliscor|Protect
|move|p2a: Great Tusk|Stealth Rock|p1a: Gliscor
|-sidestart|p1: Scarifier|move: Stealth Rock
|
|upkeep
|turn|3
|
|t:|1757921321
|switch|p1a: Moltres|Moltres|100/100
|move|p2a: Great Tusk|Rapid Spin|p1a: Moltres
|-damage|p1a: Moltres|89/100
|-boost|p2a: Great Tusk|spe|1
|-status|p2a: Great Tusk|brn|[from] ability: Flame Body|[of] p1a: Moltres
|-sideend|p2: poppylikecats|Spikes|[from] move: Rapid Spin|[of] p2a: Great Tusk
|
|-damage|p2a: Great Tusk|94/100 brn|[from] brn
|upkeep
|turn|4
|
|t:|1757921350
|-end|p2a: Great Tusk|Protosynthesis|[silent]
|switch|p2a: Landorus|Landorus-Therian, M|100/100
|-ability|p2a: Landorus|Intimidate|boost
|-unboost|p1a: Moltres|atk|1
|move|p1a: Moltres|Will-O-Wisp|p2a: Landorus
|-status|p2a: Landorus|brn
|
|-damage|p2a: Landorus|95/100 brn|[from] brn
|upkeep
|turn|5
|
|t:|1757921356
|switch|p1a: Gliscor|Gliscor, F|85/100
|-damage|p1a: Gliscor|72/100|[from] Stealth Rock
|move|p2a: Landorus|Stone Edge|p1a: Gliscor
|-damage|p1a: Gliscor|59/100
|
|-damage|p2a: Landorus|89/100 brn|[from] brn
|upkeep
|turn|6
|
|t:|1757921369
|switch|p2a: Great Tusk|Great Tusk|94/100 brn
|move|p1a: Gliscor|Spikes|p2a: Great Tusk
|-sidestart|p2: poppylikecats|Spikes
|
|-damage|p2a: Great Tusk|88/100 brn|[from] brn
|upkeep
|turn|7
|
|t:|1757921376
|-terastallize|p1a: Gliscor|Ghost
|move|p2a: Great Tusk|Rapid Spin|p1a: Gliscor
|-immune|p1a: Gliscor
|move|p1a: Gliscor|Spikes|p2a: Great Tusk
|-sidestart|p2: poppylikecats|Spikes
|
|-damage|p2a: Great Tusk|82/100 brn|[from] brn
|upkeep
|turn|8
|
|t:|1757921388
|move|p1a: Gliscor|Protect|p1a: Gliscor
|-singleturn|p1a: Gliscor|Protect
|move|p2a: Great Tusk|Headlong Rush|p1a: Gliscor
|-activate|p1a: Gliscor|move: Protect
|
|-damage|p2a: Great Tusk|76/100 brn|[from] brn
|upkeep
|turn|9
|
|t:|1757921390
|move|p2a: Great Tusk|Headlong Rush|p1a: Gliscor
|-damage|p1a: Gliscor|44/100
|-unboost|p2a: Great Tusk|def|1
|-unboost|p2a: Great Tusk|spd|1
|move|p1a: Gliscor|Spikes|p2a: Great Tusk
|-sidestart|p2: poppylikecats|Spikes
|
|-damage|p2a: Great Tusk|69/100 brn|[from] brn
|upkeep
|turn|10
|
|t:|1757921396
|-end|p2a: Great Tusk|Protosynthesis|[silent]
|switch|p2a: Pecharunt|Pecharunt|100/100
|-damage|p2a: Pecharunt|75/100|[from] Spikes
|move|p1a: Gliscor|Earthquake|p2a: Pecharunt
|-supereffective|p2a: Pecharunt
|-damage|p2a: Pecharunt|45/100
|
|upkeep
|turn|11
|
|t:|1757921400
|move|p1a: Gliscor|Earthquake|p2a: Pecharunt
|-supereffective|p2a: Pecharunt
|-damage|p2a: Pecharunt|12/100
|move|p2a: Pecharunt|Recover|p2a: Pecharunt
|-heal|p2a: Pecharunt|62/100
|
|upkeep
|turn|12
|
|t:|1757921405
|move|p1a: Gliscor|Earthquake|p2a: Pecharunt
|-supereffective|p2a: Pecharunt
|-damage|p2a: Pecharunt|31/100
|move|p2a: Pecharunt|Recover|p2a: Pecharunt
|-heal|p2a: Pecharunt|81/100
|
|upkeep
|turn|13
|
|t:|1757921407
|move|p1a: Gliscor|Earthquake|p2a: Pecharunt
|-supereffective|p2a: Pecharunt
|-damage|p2a: Pecharunt|51/100
|move|p2a: Pecharunt|Foul Play|p1a: Gliscor
|-supereffective|p1a: Gliscor
|-damage|p1a: Gliscor|18/100
|
|upkeep
|turn|14
|
|t:|1757921410
|move|p1a: Gliscor|Earthquake|p2a: Pecharunt
|-supereffective|p2a: Pecharunt
|-damage|p2a: Pecharunt|19/100
|move|p2a: Pecharunt|Recover|p2a: Pecharunt
|-heal|p2a: Pecharunt|69/100
|
|upkeep
|turn|15
|
|t:|1757921413
|move|p1a: Gliscor|Earthquake|p2a: Pecharunt
|-supereffective|p2a: Pecharunt
|-crit|p2a: Pecharunt
|-damage|p2a: Pecharunt|23/100
|move|p2a: Pecharunt|Recover|p2a: Pecharunt
|-heal|p2a: Pecharunt|73/100
|
|upkeep
|turn|16
|
|t:|1757921416
|move|p1a: Gliscor|Earthquake|p2a: Pecharunt
|-supereffective|p2a: Pecharunt
|-damage|p2a: Pecharunt|41/100
|move|p2a: Pecharunt|Foul Play|p1a: Gliscor
|-supereffective|p1a: Gliscor
|-damage|p1a: Gliscor|0 fnt
|faint|p1a: Gliscor
|
|upkeep
|
|t:|1757921420
|switch|p1a: Moltres|Moltres|89/100
|turn|17
|
|t:|1757921425
|move|p1a: Moltres|Flamethrower|p2a: Pecharunt
|-damage|p2a: Pecharunt|2/100
|move|p2a: Pecharunt|Recover|p2a: Pecharunt
|-heal|p2a: Pecharunt|52/100
|
|upkeep
|turn|18
|
|t:|1757921437
|move|p1a: Moltres|Scorching Sands|p2a: Pecharunt
|-supereffective|p2a: Pecharunt
|-damage|p2a: Pecharunt|13/100
|move|p2a: Pecharunt|Parting Shot|p1a: Moltres
|-unboost|p1a: Moltres|atk|1
|-unboost|p1a: Moltres|spa|1
|
|t:|1757921441
|switch|p2a: Great Tusk|Great Tusk|69/100 brn|[from] Parting Shot
|-damage|p2a: Great Tusk|45/100 brn|[from] Spikes
|
|-damage|p2a: Great Tusk|38/100 brn|[from] brn
|upkeep
|turn|19
|
|t:|1757921456
|move|p2a: Great Tusk|Rapid Spin|p1a: Moltres
|-damage|p1a: Moltres|84/100
|-boost|p2a: Great Tusk|spe|1
|-sideend|p2: poppylikecats|Spikes|[from] move: Rapid Spin|[of] p2a: Great Tusk
|move|p1a: Moltres|Flamethrower|p2a: Great Tusk
|-damage|p2a: Great Tusk|6/100 brn
|
|-damage|p2a: Great Tusk|0 fnt|[from] brn
|faint|p2a: Great Tusk
|-end|p2a: Great Tusk|Protosynthesis|[silent]
|upkeep
|
|t:|1757921475
|switch|p2a: Iron Crown|Iron Crown|100/100
|turn|20
|
|t:|1757921484
|switch|p1a: Blissey|Blissey, F|100/100
|move|p2a: Iron Crown|Volt Switch|p1a: Blissey
|-damage|p1a: Blissey|90/100
|
|t:|1757921486
|-end|p2a: Iron Crown|Quark Drive|[silent]
|switch|p2a: Samurott|Samurott-Hisui, M|100/100|[from] Volt Switch
|
|upkeep
|turn|21
|
|t:|1757921492
|switch|p1a: Toxapex|Toxapex, M|100/100
|move|p2a: Samurott|Ceaseless Edge|p1a: Toxapex
|-damage|p1a: Toxapex|69/100
|-sidestart|p1: Scarifier|Spikes
|
|upkeep
|turn|22
|
|t:|1757921496
|move|p2a: Samurott|Ceaseless Edge|p1a: Toxapex
|-damage|p1a: Toxapex|42/100
|-sidestart|p1: Scarifier|Spikes
|move|p1a: Toxapex|Toxic|p2a: Samurott
|-status|p2a: Samurott|tox
|
|-damage|p2a: Samurott|94/100 tox|[from] psn
|upkeep
|turn|23
|
|t:|1757921500
|move|p1a: Toxapex|Baneful Bunker|p1a: Toxapex
|-singleturn|p1a: Toxapex|move: Protect
|move|p2a: Samurott|Ceaseless Edge|p1a: Toxapex
|-activate|p1a: Toxapex|move: Protect
|
|-damage|p2a: Samurott|82/100 tox|[from] psn
|upkeep
|turn|24
|
|t:|1757921508
|switch|p1a: Dondozo|Dondozo, F|100/100
|move|p2a: Samurott|Ceaseless Edge|p1a: Dondozo
|-damage|p1a: Dondozo|80/100
|-sidestart|p1: Scarifier|Spikes
|
|-damage|p2a: Samurott|63/100 tox|[from] psn
|upkeep
|turn|25
|
|t:|1757921513
|move|p2a: Samurott|Flip Turn|p1a: Dondozo
|-resisted|p1a: Dondozo
|-damage|p1a: Dondozo|73/100
|
|t:|1757921515
|switch|p2a: Pecharunt|Pecharunt|13/100|[from] Flip Turn
|move|p1a: Dondozo|Waterfall|p2a: Pecharunt
|-damage|p2a: Pecharunt|0 fnt
|-damage|p1a: Dondozo|56/100|[from] item: Rocky Helmet|[of] p2a: Pecharunt
|faint|p2a: Pecharunt
|
|upkeep
|
|t:|1757921524
|switch|p2a: Iron Crown|Iron Crown|100/100
|turn|26
|
|t:|1757921528
|move|p2a: Iron Crown|Volt Switch|p1a: Dondozo
|-supereffective|p1a: Dondozo
|-damage|p1a: Dondozo|0 fnt
|faint|p1a: Dondozo
|
|t:|1757921534
|-end|p2a: Iron Crown|Quark Drive|[silent]
|switch|p2a: Samurott|Samurott-Hisui, M|63/100 tox|[from] Volt Switch
|
|-damage|p2a: Samurott|57/100 tox|[from] psn
|upkeep
|
|t:|1757921540
|switch|p1a: Toxapex|Toxapex, M|75/100
|turn|27
|
|t:|1757921552
|move|p1a: Toxapex|Baneful Bunker|p1a: Toxapex
|-singleturn|p1a: Toxapex|move: Protect
|move|p2a: Samurott|Aqua Jet|p1a: Toxapex
|-activate|p1a: Toxapex|move: Protect
|
|-damage|p2a: Samurott|44/100 tox|[from] psn
|upkeep
|turn|28
|
|t:|1757921555
|move|p2a: Samurott|Aqua Jet|p1a: Toxapex
|-resisted|p1a: Toxapex
|-damage|p1a: Toxapex|68/100
|move|p1a: Toxapex|Toxic Spikes|p2a: Samurott
|-sidestart|p2: poppylikecats|move: Toxic Spikes
|
|-damage|p2a: Samurott|26/100 tox|[from] psn
|upkeep
|turn|29
|
|t:|1757921561
|switch|p2a: Iron Crown|Iron Crown|100/100
|move|p1a: Toxapex|Toxic Spikes|p2a: Iron Crown
|-sidestart|p2: poppylikecats|move: Toxic Spikes
|
|upkeep
|turn|30
|
|t:|1757921570
|move|p1a: Toxapex|Baneful Bunker|p1a: Toxapex
|-singleturn|p1a: Toxapex|move: Protect
|move|p2a: Iron Crown|Psyshock|p1a: Toxapex
|-activate|p1a: Toxapex|move: Protect
|
|upkeep
|turn|31
|
|t:|1757921576
|switch|p1a: Cresselia|Cresselia, F|100/100
|-damage|p1a: Cresselia|88/100|[from] Stealth Rock
|move|p2a: Iron Crown|Psyshock|p1a: Cresselia
|-resisted|p1a: Cresselia
|-damage|p1a: Cresselia|69/100
|
|upkeep
|turn|32
|
|t:|1757921585
|-end|p2a: Iron Crown|Quark Drive|[silent]
|switch|p2a: Ogerpon|Ogerpon-Wellspring, F|100/100
|-status|p2a: Ogerpon|tox
|move|p1a: Cresselia|Moonlight|p1a: Cresselia
|-heal|p1a: Cresselia|100/100
|
|-damage|p2a: Ogerpon|94/100 tox|[from] psn
|upkeep
|turn|33
|
|t:|1757921590
|switch|p1a: Toxapex|Toxapex, M|100/100
|move|p2a: Ogerpon|Swords Dance|p2a: Ogerpon
|-boost|p2a: Ogerpon|atk|2
|
|-damage|p2a: Ogerpon|82/100 tox|[from] psn
|upkeep
|turn|34
|
|t:|1757921595
|move|p2a: Ogerpon|Swords Dance|p2a: Ogerpon
|-boost|p2a: Ogerpon|atk|2
|move|p1a: Toxapex|Poison Jab|p2a: Ogerpon
|-supereffective|p2a: Ogerpon
|-damage|p2a: Ogerpon|44/100 tox
|
|-damage|p2a: Ogerpon|26/100 tox|[from] psn
|upkeep
|turn|35
|
|t:|1757921610
|move|p1a: Toxapex|Baneful Bunker|p1a: Toxapex
|-singleturn|p1a: Toxapex|move: Protect
|move|p2a: Ogerpon|Swords Dance|p2a: Ogerpon
|-boost|p2a: Ogerpon|atk|2
|
|-damage|p2a: Ogerpon|2/100 tox|[from] psn
|upkeep
|turn|36
|
|t:|1757921616
|switch|p1a: Moltres|Moltres|84/100
|move|p2a: Ogerpon|Trailblaze|p1a: Moltres
|-resisted|p1a: Moltres
|-crit|p1a: Moltres
|-damage|p1a: Moltres|58/100
|-boost|p2a: Ogerpon|spe|1
|
|-damage|p2a: Ogerpon|0 fnt|[from] psn
|faint|p2a: Ogerpon
|upkeep
|
|t:|1757921622
|switch|p2a: Iron Crown|Iron Crown|100/100
|turn|37
|
|t:|1757921632
|switch|p1a: Blissey|Blissey, F|90/100
|move|p2a: Iron Crown|Volt Switch|p1a: Blissey
|-damage|p1a: Blissey|80/100
|
|t:|1757921635
|-end|p2a: Iron Crown|Quark Drive|[silent]
|switch|p2a: Samurott|Samurott-Hisui, M|26/100 tox|[from] Volt Switch
|
|-damage|p2a: Samurott|20/100 tox|[from] psn
|upkeep
|turn|38
|
|t:|1757921647
|switch|p1a: Toxapex|Toxapex, M|100/100
|move|p2a: Samurott|Ceaseless Edge|p1a: Toxapex
|-damage|p1a: Toxapex|72/100
|
|-damage|p2a: Samurott|7/100 tox|[from] psn
|upkeep
|turn|39
|
|t:|1757921655
|switch|p2a: Iron Crown|Iron Crown|100/100
|move|p1a: Toxapex|Poison Jab|p2a: Iron Crown
|-immune|p2a: Iron Crown
|
|upkeep
|turn|40
|
|t:|1757921667
|-end|p2a: Iron Crown|Quark Drive|[silent]
|switch|p2a: Landorus|Landorus-Therian, M|89/100 brn
|-ability|p2a: Landorus|Intimidate|boost
|-unboost|p1a: Toxapex|atk|1
|move|p1a: Toxapex|Baneful Bunker||[still]
|-fail|p1a: Toxapex
|
|-damage|p2a: Landorus|83/100 brn|[from] brn
|upkeep
|turn|41
|
|t:|1757921684
|switch|p1a: Cresselia|Cresselia, F|100/100
|-damage|p1a: Cresselia|88/100|[from] Stealth Rock
|move|p2a: Landorus|U-turn|p1a: Cresselia
|-supereffective|p1a: Cresselia
|-damage|p1a: Cresselia|69/100
|
|t:|1757921690
|switch|p2a: Samurott|Samurott-Hisui, M|7/100 tox|[from] U-turn
|
|-damage|p2a: Samurott|1/100 tox|[from] psn
|upkeep
|turn|42
|
|t:|1757921705
|switch|p1a: Toxapex|Toxapex, M|100/100
|move|p2a: Samurott|Ceaseless Edge|p1a: Toxapex
|-damage|p1a: Toxapex|71/100
|
|-damage|p2a: Samurott|0 fnt|[from] psn
|faint|p2a: Samurott
|upkeep
|
|t:|1757921708
|switch|p2a: Landorus|Landorus-Therian, M|83/100 brn
|-ability|p2a: Landorus|Intimidate|boost
|-unboost|p1a: Toxapex|atk|1
|turn|43
|
|t:|1757921712
|move|p1a: Toxapex|Baneful Bunker|p1a: Toxapex
|-singleturn|p1a: Toxapex|move: Protect
|move|p2a: Landorus|Earthquake|p1a: Toxapex
|-activate|p1a: Toxapex|move: Protect
|
|-damage|p2a: Landorus|77/100 brn|[from] brn
|upkeep
|turn|44
|
|t:|1757921717
|switch|p1a: Moltres|Moltres|58/100
|move|p2a: Landorus|Earthquake|p1a: Moltres
|-immune|p1a: Moltres
|
|-damage|p2a: Landorus|71/100 brn|[from] brn
|upkeep
|turn|45
|
|t:|1757921726
|switch|p2a: Iron Crown|Iron Crown|100/100
|move|p1a: Moltres|Flamethrower|p2a: Iron Crown
|-supereffective|p2a: Iron Crown
|-damage|p2a: Iron Crown|25/100
|
|upkeep
|turn|46
|
|t:|1757921730
|switch|p1a: Cresselia|Cresselia, F|69/100
|-damage|p1a: Cresselia|57/100|[from] Stealth Rock
|move|p2a: Iron Crown|Volt Switch|p1a: Cresselia
|-damage|p1a: Cresselia|36/100
|
|t:|1757921734
|-end|p2a: Iron Crown|Quark Drive|[silent]
|switch|p2a: Landorus|Landorus-Therian, M|71/100 brn|[from] Volt Switch
|-ability|p2a: Landorus|Intimidate|boost
|-unboost|p1a: Cresselia|atk|1
|
|-damage|p2a: Landorus|65/100 brn|[from] brn
|upkeep
|turn|47
|
|t:|1757921755
|move|p2a: Landorus|U-turn|p1a: Cresselia
|-supereffective|p1a: Cresselia
|-damage|p1a: Cresselia|18/100
|
|t:|1757921758
|switch|p2a: Iron Crown|Iron Crown|25/100|[from] U-turn
|move|p1a: Cresselia|Moonlight|p1a: Cresselia
|-heal|p1a: Cresselia|68/100
|
|upkeep
|turn|48
|
|t:|1757921775
|-terastallize|p2a: Iron Crown|Steel
|move|p2a: Iron Crown|Tachyon Cutter|p1a: Cresselia
|-damage|p1a: Cresselia|39/100
|-damage|p1a: Cresselia|9/100
|-hitcount|p1a: Cresselia|2
|move|p1a: Cresselia|Moonlight|p1a: Cresselia
|-heal|p1a: Cresselia|59/100
|
|upkeep
|turn|49
|
|t:|1757921784
|switch|p1a: Toxapex|Toxapex, M|100/100
|move|p2a: Iron Crown|Tachyon Cutter|p1a: Toxapex
|-resisted|p1a: Toxapex
|-damage|p1a: Toxapex|80/100
|-resisted|p1a: Toxapex
|-damage|p1a: Toxapex|57/100
|-hitcount|p1a: Toxapex|2
|
|upkeep
|turn|50
|
|t:|1757921788
|-end|p2a: Iron Crown|Quark Drive|[silent]
|switch|p2a: Landorus|Landorus-Therian, M|65/100 brn
|-ability|p2a: Landorus|Intimidate|boost
|-unboost|p1a: Toxapex|atk|1
|move|p1a: Toxapex|Baneful Bunker||[still]
|-fail|p1a: Toxapex
|
|-damage|p2a: Landorus|59/100 brn|[from] brn
|upkeep
|turn|51
|
|t:|1757921793
|move|p1a: Toxapex|Baneful Bunker|p1a: Toxapex
|-singleturn|p1a: Toxapex|move: Protect
|move|p2a: Landorus|Stone Edge|p1a: Toxapex
|-activate|p1a: Toxapex|move: Protect
|
|-damage|p2a: Landorus|53/100 brn|[from] brn
|upkeep
|turn|52
|
|t:|1757921800
|switch|p2a: Iron Crown|Iron Crown, tera:Steel|25/100
|switch|p1a: Cresselia|Cresselia, F|59/100
|-damage|p1a: Cresselia|47/100|[from] Stealth Rock
|
|upkeep
|turn|53
|
|t:|1757921821
|move|p2a: Iron Crown|Tachyon Cutter|p1a: Cresselia
|-damage|p1a: Cresselia|19/100
|-damage|p1a: Cresselia|0 fnt
|faint|p1a: Cresselia
|-hitcount|p1: Cresselia|2
|
|upkeep
|
|t:|1757921825
|switch|p1a: Blissey|Blissey, F|80/100
|turn|54
|
|t:|1757921830
|-end|p2a: Iron Crown|Quark Drive|[silent]
|switch|p2a: Landorus|Landorus-Therian, M|53/100 brn
|-ability|p2a: Landorus|Intimidate|boost
|-unboost|p1a: Blissey|atk|1
|move|p1a: Blissey|Seismic Toss|p2a: Landorus
|-damage|p2a: Landorus|22/100 brn
|
|-damage|p2a: Landorus|16/100 brn|[from] brn
|upkeep
|turn|55
|inactive|poppylikecats has 120 seconds left.
|
|t:|1757921871
|switch|p1a: Toxapex|Toxapex, M|91/100
|move|p2a: Landorus|U-turn|p1a: Toxapex
|-resisted|p1a: Toxapex
|-damage|p1a: Toxapex|86/100
|
|t:|1757921873
|switch|p2a: Iron Crown|Iron Crown, tera:Steel|25/100|[from] U-turn
|
|upkeep
|turn|56
|
|t:|1757921891
|move|p1a: Toxapex|Baneful Bunker|p1a: Toxapex
|-singleturn|p1a: Toxapex|move: Protect
|move|p2a: Iron Crown|Psyshock|p1a: Toxapex
|-activate|p1a: Toxapex|move: Protect
|
|upkeep
|turn|57
|
|t:|1757921903
|move|p2a: Iron Crown|Psyshock|p1a: Toxapex
|-supereffective|p1a: Toxapex
|-damage|p1a: Toxapex|12/100
|move|p1a: Toxapex|Poison Jab|p2a: Iron Crown
|-immune|p2a: Iron Crown
|
|upkeep
|turn|58
|
|t:|1757921905
|move|p2a: Iron Crown|Psyshock|p1a: Toxapex
|-supereffective|p1a: Toxapex
|-damage|p1a: Toxapex|0 fnt
|faint|p1a: Toxapex
|
|upkeep
|
|t:|1757921907
|switch|p1a: Moltres|Moltres|58/100
|turn|59
|inactive|poppylikecats has 120 seconds left.
|
|t:|1757921938
|-end|p2a: Iron Crown|Quark Drive|[silent]
|switch|p2a: Landorus|Landorus-Therian, M|16/100 brn
|-ability|p2a: Landorus|Intimidate|boost
|-unboost|p1a: Moltres|atk|1
|move|p1a: Moltres|Flamethrower|p2a: Landorus
|-damage|p2a: Landorus|0 fnt
|faint|p2a: Landorus
|
|upkeep
|
|t:|1757921940
|switch|p2a: Iron Crown|Iron Crown, tera:Steel|25/100
|turn|60
|
|t:|1757921961
|move|p2a: Iron Crown|Tachyon Cutter|p1a: Moltres
|-resisted|p1a: Moltres
|-crit|p1a: Moltres
|-damage|p1a: Moltres|22/100
|-resisted|p1a: Moltres
|-damage|p1a: Moltres|0 fnt
|faint|p1a: Moltres
|-hitcount|p1: Moltres|2
|
|upkeep
|
|t:|1757921968
|switch|p1a: Blissey|Blissey, F|80/100
|turn|61
|
|t:|1757921971
|move|p2a: Iron Crown|Tachyon Cutter|p1a: Blissey
|-crit|p1a: Blissey
|-damage|p1a: Blissey|58/100
|-damage|p1a: Blissey|44/100
|-hitcount|p1a: Blissey|2
|move|p1a: Blissey|Seismic Toss|p2a: Iron Crown
|-damage|p2a: Iron Crown|0 fnt
|faint|p2a: Iron Crown
|-end|p2a: Iron Crown|Quark Drive|[silent]
|
|win|Scarifier
|raw|Scarifier's rating: 1542 &rarr; <strong>1559</strong><br />(+17 for winning)
|raw|poppylikecats's rating: 1481 &rarr; <strong>1464</strong><br />(-17 for losing)
