|j|☆mascana
|j|☆acrenb
|t:|1757811582
|gametype|singles
|player|p1|mascana|policeman-gen4|1081
|player|p2|acrenb|roughneck|1118
|gen|9
|tier|[Gen 9] OU
|rated|
|rule|HP Percentage Mod: HP is shown in percentages
|rule|Endless Battle Clause: Forcing endless battles is banned
|rule|Species Clause: Limit one of each Pokémon
|rule|OHKO Clause: OHKO moves are banned
|rule|Evasion Items Clause: Evasion items are banned
|rule|Evasion Moves Clause: Evasion moves are banned
|rule|Evasion Abilities Clause: Evasion abilities are banned
|rule|Sleep Moves Clause: Sleep-inducing moves are banned
|clearpoke
|poke|p1|Pyroar, M|
|poke|p1|Lilligant-Hisui, F|
|poke|p1|Ninetales, F|
|poke|p1|Dedenne, M|
|poke|p1|Porygon2|
|poke|p1|Lycanroc, M|
|poke|p2|Kyurem|
|poke|p2|Ogerpon-Wellspring, F|
|poke|p2|Slowking-Galar, F|
|poke|p2|Cinderace, M|
|poke|p2|Gliscor, F|
|poke|p2|Kingambit, F|
|teampreview
|inactive|Battle timer is ON: inactive players will automatically lose when time's up. (requested by acrenb)
|
|t:|1757811592
|teamsize|p1|6
|teamsize|p2|6
|start
|switch|p1a: Rockweiler|Lycanroc, M|100/100
|switch|p2a: Ogerpon|Ogerpon-Wellspring, F|100/100
|turn|1
|c|☆mascana|gl have fun :D
|
|t:|1757811600
|move|p1a: Rockweiler|Stealth Rock|p2a: Ogerpon
|-sidestart|p2: acrenb|move: Stealth Rock
|move|p2a: Ogerpon|Ivy Cudgel|p1a: Rockweiler|[anim] Ivy Cudgel Water
|-supereffective|p1a: Rockweiler
|-enditem|p1a: Rockweiler|Focus Sash
|-damage|p1a: Rockweiler|1/100
|
|upkeep
|turn|2
|
|t:|1757811608
|move|p1a: Rockweiler|Endeavor|p2a: Ogerpon
|-damage|p2a: Ogerpon|1/100
|move|p2a: Ogerpon|U-turn|p1a: Rockweiler
|-damage|p1a: Rockweiler|0 fnt
|faint|p1a: Rockweiler
|
|t:|1757811614
|switch|p2a: Cinderace|Cinderace, M|100/100|[from] U-turn
|
|upkeep
|
|t:|1757811627
|switch|p1a: Malva|Pyroar, M|100/100
|turn|3
|
|t:|1757811635
|move|p2a: Cinderace|Court Change|p2a: Cinderace
|-start|p2a: Cinderace|typechange|Normal|[from] ability: Libero
|-swapsideconditions
|-activate|p2a: Cinderace|move: Court Change
|move|p1a: Malva|Tera Blast|p2a: Cinderace
|-damage|p2a: Cinderace|57/100
|
|upkeep
|turn|4
|
|t:|1757811642
|move|p2a: Cinderace|U-turn|p1a: Malva
|-resisted|p1a: Malva
|-damage|p1a: Malva|84/100
|
|t:|1757811647
|switch|p2a: Gliscor|Gliscor, F|100/100|[from] U-turn
|move|p1a: Malva|Trailblaze|p2a: Gliscor
|-damage|p2a: Gliscor|94/100
|-boost|p1a: Malva|spe|1
|
|-heal|p1a: Malva|90/100|[from] item: Leftovers
|-status|p2a: Gliscor|tox|[from] item: Toxic Orb
|upkeep
|turn|5
|
|t:|1757811664
|move|p1a: Malva|Work Up|p1a: Malva
|-boost|p1a: Malva|atk|1
|-boost|p1a: Malva|spa|1
|move|p2a: Gliscor|Swords Dance|p2a: Gliscor
|-boost|p2a: Gliscor|atk|2
|
|-heal|p1a: Malva|96/100|[from] item: Leftovers
|-heal|p2a: Gliscor|100/100 tox|[from] ability: Poison Heal
|upkeep
|turn|6
|
|t:|1757811674
|move|p1a: Malva|Trailblaze|p2a: Gliscor
|-damage|p2a: Gliscor|91/100 tox
|-boost|p1a: Malva|spe|1
|move|p2a: Gliscor|Facade|p1a: Malva
|-damage|p1a: Malva|15/100
|
|-heal|p1a: Malva|21/100|[from] item: Leftovers
|-heal|p2a: Gliscor|100/100 tox|[from] ability: Poison Heal
|upkeep
|turn|7
|
|t:|1757811686
|move|p1a: Malva|Trailblaze|p2a: Gliscor
|-damage|p2a: Gliscor|90/100 tox
|-boost|p1a: Malva|spe|1
|move|p2a: Gliscor|Facade|p1a: Malva
|-damage|p1a: Malva|0 fnt
|faint|p1a: Malva
|
|-heal|p2a: Gliscor|100/100 tox|[from] ability: Poison Heal
|upkeep
|
|t:|1757811698
|switch|p1a: Sei2ure|Porygon2|100/100
|-damage|p1a: Sei2ure|88/100|[from] Stealth Rock
|-ability|p1a: Sei2ure|Download|boost
|-boost|p1a: Sei2ure|spa|1
|turn|8
|
|t:|1757811709
|switch|p2a: Slowking|Slowking-Galar, F|100/100
|move|p1a: Sei2ure|Ice Beam|p2a: Slowking
|-crit|p2a: Slowking
|-damage|p2a: Slowking|45/100
|-status|p2a: Slowking|frz
|
|upkeep
|turn|9
|
|t:|1757811720
|move|p1a: Sei2ure|Shadow Ball|p2a: Slowking
|-supereffective|p2a: Slowking
|-damage|p2a: Slowking|0 fnt
|faint|p2a: Slowking
|
|upkeep
|
|t:|1757811737
|switch|p2a: Ogerpon|Ogerpon-Wellspring, F|1/100
|turn|10
|
|t:|1757811742
|move|p2a: Ogerpon|Ivy Cudgel|p1a: Sei2ure|[anim] Ivy Cudgel Water
|-damage|p1a: Sei2ure|48/100
|move|p1a: Sei2ure|Thunderbolt|p2a: Ogerpon
|-damage|p2a: Ogerpon|0 fnt
|faint|p2a: Ogerpon
|
|upkeep
|
|t:|1757811750
|switch|p2a: Kyurem|Kyurem|100/100
|-ability|p2a: Kyurem|Pressure
|turn|11
|
|t:|1757811756
|move|p2a: Kyurem|Ice Beam|p1a: Sei2ure
|-damage|p1a: Sei2ure|0 fnt
|faint|p1a: Sei2ure
|
|upkeep
|
|t:|1757811761
|switch|p1a: Sammy|Dedenne, M, shiny|100/100
|-damage|p1a: Sammy|88/100|[from] Stealth Rock
|turn|12
|
|t:|1757811767
|-terastallize|p2a: Kyurem|Ice
|move|p1a: Sammy|Endure|p1a: Sammy
|-singleturn|p1a: Sammy|move: Endure
|move|p2a: Kyurem|Ice Beam|p1a: Sammy
|-activate|p1a: Sammy|move: Endure
|-damage|p1a: Sammy|1/100
|-enditem|p1a: Sammy|Petaya Berry|[eat]
|-boost|p1a: Sammy|spa|1|[from] item: Petaya Berry
|-heal|p1a: Sammy|34/100|[from] ability: Cheek Pouch
|
|upkeep
|turn|13
|
|t:|1757811778
|move|p1a: Sammy|Dazzling Gleam|p2a: Kyurem
|-damage|p2a: Kyurem|60/100
|move|p2a: Kyurem|Ice Beam|p1a: Sammy
|-damage|p1a: Sammy|0 fnt
|faint|p1a: Sammy
|
|upkeep
|
|t:|1757811784
|switch|p1a: Mozilla|Ninetales, F, shiny|100/100
|-damage|p1a: Mozilla|76/100|[from] Stealth Rock
|-weather|SunnyDay|[from] ability: Drought|[of] p1a: Mozilla
|turn|14
|
|t:|1757811791
|switch|p2a: Cinderace|Cinderace, M|57/100
|move|p1a: Mozilla|Weather Ball|p2a: Cinderace
|-resisted|p2a: Cinderace
|-damage|p2a: Cinderace|16/100
|
|-weather|SunnyDay|[upkeep]
|upkeep
|turn|15
|
|t:|1757811804
|move|p2a: Cinderace|Pyro Ball|p1a: Mozilla
|-resisted|p1a: Mozilla
|-damage|p1a: Mozilla|16/100
|move|p1a: Mozilla|Healing Wish|p1a: Mozilla
|faint|p1a: Mozilla
|
|-weather|SunnyDay|[upkeep]
|upkeep
|
|t:|1757811809
|switch|p1a: Clarisse|Lilligant-Hisui, F, shiny|100/100
|-damage|p1a: Clarisse|95/100|[from] Stealth Rock
|turn|16
|
|t:|1757811817
|-terastallize|p1a: Clarisse|Fire
|move|p1a: Clarisse|Close Combat|p2a: Cinderace
|-damage|p2a: Cinderace|0 fnt
|-unboost|p1a: Clarisse|def|1
|-unboost|p1a: Clarisse|spd|1
|faint|p2a: Cinderace
|-damage|p1a: Clarisse|85/100|[from] item: Life Orb
|
|-weather|SunnyDay|[upkeep]
|upkeep
|
|t:|1757811828
|switch|p2a: Gliscor|Gliscor, F|100/100 tox
|turn|17
|
|t:|1757811832
|move|p1a: Clarisse|Triple Axel|p2a: Gliscor
|-supereffective|p2a: Gliscor
|-damage|p2a: Gliscor|78/100 tox
|-supereffective|p2a: Gliscor
|-damage|p2a: Gliscor|34/100 tox
|-hitcount|p2a: Gliscor|2
|-damage|p1a: Clarisse|75/100|[from] item: Life Orb
|move|p2a: Gliscor|Facade|p1a: Clarisse
|-damage|p1a: Clarisse|10/100
|
|-weather|SunnyDay|[upkeep]
|-heal|p2a: Gliscor|47/100 tox|[from] ability: Poison Heal
|upkeep
|turn|18
|c|☆mascana|nooooooo
|
|t:|1757811847
|switch|p2a: Kyurem|Kyurem, tera:Ice|60/100
|-ability|p2a: Kyurem|Pressure
|move|p1a: Clarisse|Triple Axel|p2a: Kyurem
|-resisted|p2a: Kyurem
|-damage|p2a: Kyurem|55/100
|-resisted|p2a: Kyurem
|-damage|p2a: Kyurem|47/100
|-resisted|p2a: Kyurem
|-damage|p2a: Kyurem|35/100
|-hitcount|p2a: Kyurem|3
|-damage|p1a: Clarisse|0 fnt|[from] item: Life Orb
|faint|p1a: Clarisse
|
|win|acrenb
|raw|mascana's rating: 1081 &rarr; <strong>1061</strong><br />(-20 for losing)
|raw|acrenb's rating: 1118 &rarr; <strong>1140</strong><br />(+22 for winning)
|l|☆acrenb
|player|p2|
|l|☆mascana
|player|p1|
|j|☆mascana
|player|p1|mascana|policeman-gen4|
|l|☆mascana
|player|p1|
