|j|☆Vitoran
|j|☆alanfournumbers
|t:|1757947010
|gametype|singles
|player|p1|Vitoran|#rbyplvmightymagmars|1689
|player|p2|alanfournumbers|2|1740
|gen|9
|tier|[Gen 9] OU
|rated|
|rule|HP Percentage Mod: HP is shown in percentages
|rule|Endless Battle Clause: Forcing endless battles is banned
|rule|Species Clause: Limit one of each Pokémon
|rule|OHKO Clause: OHKO moves are banned
|rule|Evasion Items Clause: Evasion items are banned
|rule|Evasion Moves Clause: Evasion moves are banned
|rule|Evasion Abilities Clause: Evasion abilities are banned
|rule|Sleep Moves Clause: Sleep-inducing moves are banned
|clearpoke
|poke|p1|Weavile, M|
|poke|p1|Samurott-Hisui, F|
|poke|p1|Gholdengo|
|poke|p1|Great Tusk|
|poke|p1|Pecharunt|
|poke|p1|Kingambit, F|
|poke|p2|Pecharunt|
|poke|p2|Great Tusk|
|poke|p2|Ogerpon-Wellspring, F|
|poke|p2|Iron Crown|
|poke|p2|Landorus-Therian, M|
|poke|p2|Samurott-Hisui, F|
|teampreview
|inactive|Battle timer is ON: inactive players will automatically lose when time's up. (requested by Vitoran)
|c|☆Vitoran|glhf
|c|☆alanfournumbers|glgl
|inactive|alanfournumbers has 120 seconds left.
|
|t:|1757947044
|teamsize|p1|6
|teamsize|p2|6
|start
|switch|p1a: Weavile|Weavile, M|100/100
|switch|p2a: i be doin the most|Landorus-Therian, M|100/100
|-ability|p2a: i be doin the most|Intimidate|boost
|-unboost|p1a: Weavile|atk|1
|-ability|p1a: Weavile|Pressure
|turn|1
|
|t:|1757947064
|switch|p2a: Tahm Pech|Pecharunt|100/100
|move|p1a: Weavile|Triple Axel|p2a: Tahm Pech
|-damage|p2a: Tahm Pech|96/100
|-damage|p1a: Weavile|84/100|[from] item: Rocky Helmet|[of] p2a: Tahm Pech
|-damage|p2a: Tahm Pech|86/100
|-damage|p1a: Weavile|68/100|[from] item: Rocky Helmet|[of] p2a: Tahm Pech
|-damage|p2a: Tahm Pech|73/100
|-damage|p1a: Weavile|51/100|[from] item: Rocky Helmet|[of] p2a: Tahm Pech
|-hitcount|p2a: Tahm Pech|3
|
|upkeep
|turn|2
|
|t:|1757947074
|switch|p1a: Samurott|Samurott-Hisui, F|100/100
|move|p2a: Tahm Pech|Malignant Chain|p1a: Samurott
|-damage|p1a: Samurott|54/100
|-status|p1a: Samurott|tox
|-start|p1a: Samurott|confusion|[from] ability: Poison Puppeteer|[of] p2a: Tahm Pech
|
|-damage|p1a: Samurott|48/100 tox|[from] psn
|upkeep
|turn|3
|
|t:|1757947084
|-activate|p1a: Samurott|confusion
|move|p1a: Samurott|Ceaseless Edge|p2a: Tahm Pech
|-supereffective|p2a: Tahm Pech
|-damage|p2a: Tahm Pech|28/100
|-damage|p1a: Samurott|31/100 tox|[from] item: Rocky Helmet|[of] p2a: Tahm Pech
|-sidestart|p2: alanfournumbers|Spikes
|move|p2a: Tahm Pech|Malignant Chain|p1a: Samurott
|-damage|p1a: Samurott|0 fnt
|faint|p1a: Samurott
|
|upkeep
|
|t:|1757947095
|switch|p1a: Great Tusk|Great Tusk|100/100
|-enditem|p1a: Great Tusk|Booster Energy
|-activate|p1a: Great Tusk|ability: Protosynthesis|[fromitem]
|-start|p1a: Great Tusk|protosynthesisspe
|turn|4
|
|t:|1757947104
|move|p1a: Great Tusk|Stealth Rock|p2a: Tahm Pech
|-sidestart|p2: alanfournumbers|move: Stealth Rock
|move|p2a: Tahm Pech|Recover|p2a: Tahm Pech
|-heal|p2a: Tahm Pech|78/100
|
|upkeep
|turn|5
|
|t:|1757947111
|move|p1a: Great Tusk|Headlong Rush|p2a: Tahm Pech
|-supereffective|p2a: Tahm Pech
|-damage|p2a: Tahm Pech|29/100
|-unboost|p1a: Great Tusk|def|1
|-unboost|p1a: Great Tusk|spd|1
|-damage|p1a: Great Tusk|84/100|[from] item: Rocky Helmet|[of] p2a: Tahm Pech
|move|p2a: Tahm Pech|Recover|p2a: Tahm Pech
|-heal|p2a: Tahm Pech|79/100
|
|upkeep
|turn|6
|
|t:|1757947117
|switch|p2a: i be doin the most|Landorus-Therian, M|100/100
|-damage|p2a: i be doin the most|88/100|[from] Stealth Rock
|-ability|p2a: i be doin the most|Intimidate|boost
|-unboost|p1a: Great Tusk|atk|1
|move|p1a: Great Tusk|Headlong Rush|p2a: i be doin the most
|-immune|p2a: i be doin the most
|
|upkeep
|turn|7
|
|t:|1757947123
|switch|p2a: Basedlord CTE|Great Tusk|100/100
|-damage|p2a: Basedlord CTE|88/100|[from] Spikes
|-damage|p2a: Basedlord CTE|85/100|[from] Stealth Rock
|-enditem|p2a: Basedlord CTE|Booster Energy
|-activate|p2a: Basedlord CTE|ability: Protosynthesis|[fromitem]
|-start|p2a: Basedlord CTE|protosynthesisspe
|move|p1a: Great Tusk|Ice Spinner|p2a: Basedlord CTE
|-supereffective|p2a: Basedlord CTE
|-damage|p2a: Basedlord CTE|65/100
|
|upkeep
|turn|8
|
|t:|1757947129
|-end|p1a: Great Tusk|Protosynthesis|[silent]
|switch|p1a: Pecharunt|Pecharunt|100/100
|-item|p1a: Pecharunt|Air Balloon
|move|p2a: Basedlord CTE|Knock Off|p1a: Pecharunt
|-supereffective|p1a: Pecharunt
|-damage|p1a: Pecharunt|75/100
|-enditem|p1a: Pecharunt|Air Balloon
|
|upkeep
|turn|9
|
|t:|1757947135
|move|p2a: Basedlord CTE|Headlong Rush|p1a: Pecharunt
|-supereffective|p1a: Pecharunt
|-damage|p1a: Pecharunt|26/100
|-unboost|p2a: Basedlord CTE|def|1
|-unboost|p2a: Basedlord CTE|spd|1
|move|p1a: Pecharunt|Recover|p1a: Pecharunt
|-heal|p1a: Pecharunt|76/100
|
|upkeep
|turn|10
|
|t:|1757947141
|move|p2a: Basedlord CTE|Stealth Rock|p1a: Pecharunt
|-sidestart|p1: Vitoran|move: Stealth Rock
|move|p1a: Pecharunt|Recover|p1a: Pecharunt
|-heal|p1a: Pecharunt|100/100
|
|upkeep
|turn|11
|
|t:|1757947150
|-end|p2a: Basedlord CTE|Protosynthesis|[silent]
|switch|p2a: Tahm Pech|Pecharunt|79/100
|-damage|p2a: Tahm Pech|67/100|[from] Spikes
|-damage|p2a: Tahm Pech|54/100|[from] Stealth Rock
|move|p1a: Pecharunt|Malignant Chain|p2a: Tahm Pech
|-resisted|p2a: Tahm Pech
|-damage|p2a: Tahm Pech|47/100
|
|upkeep
|turn|12
|
|t:|1757947157
|move|p1a: Pecharunt|Parting Shot|p2a: Tahm Pech
|-unboost|p2a: Tahm Pech|atk|1
|-unboost|p2a: Tahm Pech|spa|1
|
|t:|1757947173
|switch|p1a: Kingambit|Kingambit, F|100/100|[from] Parting Shot
|-damage|p1a: Kingambit|94/100|[from] Stealth Rock
|-activate|p1a: Kingambit|ability: Supreme Overlord
|-start|p1a: Kingambit|fallen1|[silent]
|move|p2a: Tahm Pech|Recover|p2a: Tahm Pech
|-heal|p2a: Tahm Pech|97/100
|
|upkeep
|turn|13
|
|t:|1757947184
|switch|p2a: Basedlord CTE|Great Tusk|65/100
|-damage|p2a: Basedlord CTE|53/100|[from] Spikes
|-damage|p2a: Basedlord CTE|50/100|[from] Stealth Rock
|move|p1a: Kingambit|Swords Dance|p1a: Kingambit
|-boost|p1a: Kingambit|atk|2
|
|upkeep
|turn|14
|inactive|Vitoran has 120 seconds left.
|
|t:|1757947219
|-end|p1a: Kingambit|fallen1|[silent]
|switch|p1a: Pecharunt|Pecharunt|100/100
|-damage|p1a: Pecharunt|88/100|[from] Stealth Rock
|move|p2a: Basedlord CTE|Headlong Rush|p1a: Pecharunt
|-supereffective|p1a: Pecharunt
|-damage|p1a: Pecharunt|35/100
|-unboost|p2a: Basedlord CTE|def|1
|-unboost|p2a: Basedlord CTE|spd|1
|
|upkeep
|turn|15
|
|t:|1757947225
|move|p2a: Basedlord CTE|Headlong Rush|p1a: Pecharunt
|-supereffective|p1a: Pecharunt
|-damage|p1a: Pecharunt|0 fnt
|-unboost|p2a: Basedlord CTE|def|1
|-unboost|p2a: Basedlord CTE|spd|1
|faint|p1a: Pecharunt
|
|upkeep
|
|t:|1757947231
|switch|p1a: Gholdengo|Gholdengo|100/100
|-damage|p1a: Gholdengo|94/100|[from] Stealth Rock
|turn|16
|
|t:|1757947237
|move|p1a: Gholdengo|Shadow Ball|p2a: Basedlord CTE
|-damage|p2a: Basedlord CTE|0 fnt
|faint|p2a: Basedlord CTE
|-end|p2a: Basedlord CTE|Protosynthesis|[silent]
|
|upkeep
|
|t:|1757947239
|switch|p2a: Edging Ceaselessly|Samurott-Hisui, F|100/100
|-damage|p2a: Edging Ceaselessly|88/100|[from] Spikes
|-damage|p2a: Edging Ceaselessly|76/100|[from] Stealth Rock
|turn|17
|
|t:|1757947244
|switch|p1a: Great Tusk|Great Tusk|84/100
|-damage|p1a: Great Tusk|81/100|[from] Stealth Rock
|move|p2a: Edging Ceaselessly|Razor Shell|p1a: Great Tusk|[miss]
|-miss|p2a: Edging Ceaselessly|p1a: Great Tusk
|
|upkeep
|turn|18
|
|t:|1757947251
|move|p1a: Great Tusk|Headlong Rush|p2a: Edging Ceaselessly
|-crit|p2a: Edging Ceaselessly
|-damage|p2a: Edging Ceaselessly|0 fnt
|-unboost|p1a: Great Tusk|def|1
|-unboost|p1a: Great Tusk|spd|1
|faint|p2a: Edging Ceaselessly
|
|upkeep
|c|☆alanfournumbers|unfortunate does not begin to describe
|
|t:|1757947275
|switch|p2a: Wokeballion|Iron Crown|100/100
|-damage|p2a: Wokeballion|88/100|[from] Spikes
|-damage|p2a: Wokeballion|82/100|[from] Stealth Rock
|turn|19
|
|t:|1757947304
|move|p2a: Wokeballion|Tachyon Cutter|p1a: Great Tusk
|-damage|p1a: Great Tusk|3/100
|-damage|p1a: Great Tusk|0 fnt
|faint|p1a: Great Tusk
|-end|p1a: Great Tusk|Protosynthesis|[silent]
|-hitcount|p1: Great Tusk|2
|
|upkeep
|inactive|Vitoran has 120 seconds left.
|
|t:|1757947336
|switch|p1a: Gholdengo|Gholdengo|94/100
|-damage|p1a: Gholdengo|88/100|[from] Stealth Rock
|turn|20
|j| nwlansjdkd
|c|☆Vitoran|yeah that crit was huge
|inactive|alanfournumbers has 120 seconds left.
|c|☆Vitoran|feeling #blessed
|j| epicpikachu12
|inactive|alanfournumbers has 90 seconds left.
|c|☆alanfournumbers|ceaseless edger missing every move #AsPer
|c|☆Vitoran|bro
|c|☆alanfournumbers|bro need to hit aiming practice
|c|☆Vitoran|let me show you the tech
|c|☆Vitoran|!showset samurott
|c| Vitoran|/raw <div class="infobox">Samurott (Samurott-Hisui) (F) @ Wide Lens  <br />Ability: Sharpness  <br />Tera Type: Water  <br />EVs: 252 Atk &#x2f; 4 Def &#x2f; 252 Spe  <br />Adamant Nature  <br />- Knock Off  <br />- Ceaseless Edge  <br />- Razor Shell  <br />- Aqua Jet  <br /><br /></div>
|c|☆Vitoran|never miss
|inactive|alanfournumbers has 60 seconds left.
|c|☆alanfournumbers|wide lens is crazy
|c|☆alanfournumbers|- still misses Edge
|c|☆Vitoran|the consistency is addicting
|c|☆Vitoran|i have missed once LOL
|
|t:|1757947451
|-end|p2a: Wokeballion|Quark Drive|[silent]
|switch|p2a: Tahm Pech|Pecharunt|97/100
|-damage|p2a: Tahm Pech|85/100|[from] Spikes
|-damage|p2a: Tahm Pech|72/100|[from] Stealth Rock
|move|p1a: Gholdengo|Shadow Ball|p2a: Tahm Pech
|-supereffective|p2a: Tahm Pech
|-damage|p2a: Tahm Pech|0 fnt
|faint|p2a: Tahm Pech
|
|upkeep
|c|☆Vitoran|but thats 10x less times missing
|inactive|alanfournumbers has 30 seconds left.
|
|t:|1757947464
|switch|p2a: :pensive:|Ogerpon-Wellspring, F|100/100
|-damage|p2a: :pensive:|88/100|[from] Spikes
|-damage|p2a: :pensive:|76/100|[from] Stealth Rock
|turn|21
|inactive|Vitoran has 120 seconds left.
|inactive|Vitoran has 90 seconds left.
|
|t:|1757947505
|-terastallize|p2a: :pensive:|Water
|detailschange|p2a: :pensive:|Ogerpon-Wellspring-Tera, F, tera:Water
|-ability|p2a: :pensive:|Embody Aspect (Wellspring)|boost
|-boost|p2a: :pensive:|spd|1
|move|p1a: Gholdengo|Shadow Ball|p2a: :pensive:
|-damage|p2a: :pensive:|49/100
|move|p2a: :pensive:|Trailblaze|p1a: Gholdengo
|-resisted|p1a: Gholdengo
|-damage|p1a: Gholdengo|73/100
|-boost|p2a: :pensive:|spe|1
|
|upkeep
|turn|22
|inactive|Vitoran has 90 seconds left.
|
|t:|1757947511
|move|p1a: Gholdengo|Shadow Ball|p2a: :pensive:
|-damage|p2a: :pensive:|19/100
|-unboost|p2a: :pensive:|spd|1
|move|p2a: :pensive:|Synthesis|p2a: :pensive:
|-heal|p2a: :pensive:|69/100
|
|upkeep
|turn|23
|
|t:|1757947517
|move|p1a: Gholdengo|Shadow Ball|p2a: :pensive:
|-damage|p2a: :pensive:|27/100
|move|p2a: :pensive:|Trailblaze|p1a: Gholdengo
|-resisted|p1a: Gholdengo
|-damage|p1a: Gholdengo|59/100
|-boost|p2a: :pensive:|spe|1
|
|upkeep
|turn|24
|
|t:|1757947522
|move|p2a: :pensive:|Synthesis|p2a: :pensive:
|-heal|p2a: :pensive:|77/100
|move|p1a: Gholdengo|Shadow Ball|p2a: :pensive:
|-damage|p2a: :pensive:|35/100
|
|upkeep
|turn|25
|
|t:|1757947526
|move|p2a: :pensive:|Synthesis|p2a: :pensive:
|-heal|p2a: :pensive:|85/100
|move|p1a: Gholdengo|Shadow Ball|p2a: :pensive:
|-damage|p2a: :pensive:|47/100
|
|upkeep
|turn|26
|
|t:|1757947529
|move|p2a: :pensive:|Synthesis|p2a: :pensive:
|-heal|p2a: :pensive:|97/100
|move|p1a: Gholdengo|Shadow Ball|p2a: :pensive:
|-damage|p2a: :pensive:|56/100
|
|upkeep
|turn|27
|inactive|Vitoran has 120 seconds left.
|
|t:|1757947552
|move|p2a: :pensive:|Ivy Cudgel|p1a: Gholdengo|[anim] Ivy Cudgel Water
|-crit|p1a: Gholdengo
|-damage|p1a: Gholdengo|0 fnt
|faint|p1a: Gholdengo
|
|upkeep
|inactive|Vitoran has 120 seconds left.
|inactive|Vitoran has 90 seconds left.
|
|t:|1757947598
|switch|p1a: Weavile|Weavile, M|51/100
|-damage|p1a: Weavile|26/100|[from] Stealth Rock
|-ability|p1a: Weavile|Pressure
|turn|28
|inactive|alanfournumbers has 90 seconds left.
|
|t:|1757947625
|move|p2a: :pensive:|Synthesis|p2a: :pensive:
|-heal|p2a: :pensive:|100/100
|move|p1a: Weavile|Knock Off|p2a: :pensive:
|-damage|p2a: :pensive:|59/100
|
|upkeep
|turn|29
|
|t:|1757947632
|move|p2a: :pensive:|Ivy Cudgel|p1a: Weavile|[anim] Ivy Cudgel Water
|-damage|p1a: Weavile|0 fnt
|faint|p1a: Weavile
|
|upkeep
|
|t:|1757947635
|switch|p1a: Kingambit|Kingambit, F|94/100
|-damage|p1a: Kingambit|88/100|[from] Stealth Rock
|-activate|p1a: Kingambit|ability: Supreme Overlord
|-start|p1a: Kingambit|fallen5|[silent]
|turn|30
|
|t:|1757947640
|move|p2a: :pensive:|Ivy Cudgel|p1a: Kingambit|[anim] Ivy Cudgel Water
|-damage|p1a: Kingambit|26/100
|move|p1a: Kingambit|Swords Dance|p1a: Kingambit
|-boost|p1a: Kingambit|atk|2
|
|upkeep
|turn|31
|
|t:|1757947647
|move|p1a: Kingambit|Sucker Punch|p2a: :pensive:
|-damage|p2a: :pensive:|0 fnt
|faint|p2a: :pensive:
|detailschange|p2: :pensive:|Ogerpon-Wellspring, F|[silent]
|
|upkeep
|
|t:|1757947652
|switch|p2a: i be doin the most|Landorus-Therian, M|88/100
|-damage|p2a: i be doin the most|76/100|[from] Stealth Rock
|-ability|p2a: i be doin the most|Intimidate|boost
|-unboost|p1a: Kingambit|atk|1
|turn|32
|inactive|Vitoran has 120 seconds left.
|
|t:|1757947664
|switch|p2a: Wokeballion|Iron Crown|82/100
|-damage|p2a: Wokeballion|69/100|[from] Spikes
|-damage|p2a: Wokeballion|63/100|[from] Stealth Rock
|move|p1a: Kingambit|Sucker Punch||[still]
|-fail|p1a: Kingambit
|
|upkeep
|turn|33
|inactive|alanfournumbers has 120 seconds left.
|
|t:|1757947670
|move|p1a: Kingambit|Sucker Punch|p2a: Wokeballion
|-supereffective|p2a: Wokeballion
|-damage|p2a: Wokeballion|0 fnt
|faint|p2a: Wokeballion
|-end|p2a: Wokeballion|Quark Drive|[silent]
|
|upkeep
|
|t:|1757947672
|switch|p2a: i be doin the most|Landorus-Therian, M|76/100
|-damage|p2a: i be doin the most|64/100|[from] Stealth Rock
|-ability|p2a: i be doin the most|Intimidate|boost
|-unboost|p1a: Kingambit|atk|1
|turn|34
|
|t:|1757947678
|-terastallize|p1a: Kingambit|Fighting
|move|p1a: Kingambit|Sucker Punch|p2a: i be doin the most
|-damage|p2a: i be doin the most|0 fnt
|faint|p2a: i be doin the most
|
|win|Vitoran
|raw|Vitoran's rating: 1689 &rarr; <strong>1712</strong><br />(+23 for winning)
|raw|alanfournumbers's rating: 1740 &rarr; <strong>1717</strong><br />(-23 for losing)
|c|☆Vitoran|gg
|c|☆alanfournumbers|fawkkk
|c|☆alanfournumbers|ggs
