|j|☆ay cheu
|j|☆bluebrine
|t:|1757838608
|gametype|singles
|player|p1|ay cheu|riley|1508
|player|p2|bluebrine|tuber|1487
|gen|9
|tier|[Gen 9] OU
|rated|
|rule|HP Percentage Mod: HP is shown in percentages
|rule|Endless Battle Clause: Forcing endless battles is banned
|rule|Species Clause: Limit one of each Pokémon
|rule|OHKO Clause: OHKO moves are banned
|rule|Evasion Items Clause: Evasion items are banned
|rule|Evasion Moves Clause: Evasion moves are banned
|rule|Evasion Abilities Clause: Evasion abilities are banned
|rule|Sleep Moves Clause: Sleep-inducing moves are banned
|clearpoke
|poke|p1|Gallade, M|
|poke|p1|Araquanid, M|
|poke|p1|Gholdengo|
|poke|p1|Muk-Alola, M|
|poke|p1|Talonflame, M|
|poke|p1|Garchomp, M|
|poke|p2|Dragonite, F|
|poke|p2|Zamazenta-*|
|poke|p2|Landorus-Therian, M|
|poke|p2|Gholdengo|
|poke|p2|Darkrai|
|poke|p2|Quaquaval, M|
|teampreview
|inactive|Battle timer is ON: inactive players will automatically lose when time's up. (requested by ay cheu)
|
|t:|1757838625
|teamsize|p1|6
|teamsize|p2|6
|start
|switch|p1a: Gholdengo|Gholdengo|100/100
|switch|p2a: Landorus|Landorus-Therian, M|100/100
|-ability|p2a: Landorus|Intimidate|boost
|-unboost|p1a: Gholdengo|atk|1
|turn|1
|
|t:|1757838633
|switch|p1a: Talonflame|Talonflame, M|100/100
|move|p2a: Landorus|Stealth Rock|p1a: Talonflame
|-sidestart|p1: ay cheu|move: Stealth Rock
|
|upkeep
|turn|2
|
|t:|1757838639
|move|p1a: Talonflame|Will-O-Wisp|p2a: Landorus
|-status|p2a: Landorus|brn
|move|p2a: Landorus|U-turn|p1a: Talonflame
|-resisted|p1a: Talonflame
|-damage|p1a: Talonflame|97/100
|
|t:|1757838645
|switch|p2a: Darkrai|Darkrai|100/100|[from] U-turn
|
|upkeep
|turn|3
|
|t:|1757838652
|switch|p1a: Muk|Muk-Alola, M|100/100
|-damage|p1a: Muk|88/100|[from] Stealth Rock
|move|p2a: Darkrai|Knock Off|p1a: Muk
|-resisted|p1a: Muk
|-damage|p1a: Muk|75/100
|-enditem|p1a: Muk|Leftovers|[from] move: Knock Off|[of] p2a: Darkrai
|
|upkeep
|turn|4
|
|t:|1757838658
|switch|p2a: Landorus|Landorus-Therian, M|100/100 brn
|-ability|p2a: Landorus|Intimidate|boost
|-unboost|p1a: Muk|atk|1
|move|p1a: Muk|Knock Off|p2a: Landorus
|-damage|p2a: Landorus|85/100 brn
|-damage|p1a: Muk|58/100|[from] item: Rocky Helmet|[of] p2a: Landorus
|-enditem|p2a: Landorus|Rocky Helmet|[from] move: Knock Off|[of] p1a: Muk
|
|-damage|p2a: Landorus|79/100 brn|[from] brn
|upkeep
|turn|5
|
|t:|1757838671
|move|p2a: Landorus|Taunt|p1a: Muk
|-start|p1a: Muk|move: Taunt
|cant|p1a: Muk|move: Taunt|Pain Split
|
|-damage|p2a: Landorus|73/100 brn|[from] brn
|upkeep
|turn|6
|
|t:|1757838678
|switch|p1a: Talonflame|Talonflame, M|97/100
|move|p2a: Landorus|U-turn|p1a: Talonflame
|-resisted|p1a: Talonflame
|-damage|p1a: Talonflame|94/100
|
|t:|1757838684
|switch|p2a: Darkrai|Darkrai|100/100|[from] U-turn
|
|upkeep
|turn|7
|
|t:|1757838687
|move|p1a: Talonflame|U-turn|p2a: Darkrai
|-supereffective|p2a: Darkrai
|-damage|p2a: Darkrai|71/100
|
|t:|1757838694
|switch|p1a: Muk|Muk-Alola, M|58/100|[from] U-turn
|-damage|p1a: Muk|46/100|[from] Stealth Rock
|move|p2a: Darkrai|Knock Off|p1a: Muk
|-resisted|p1a: Muk
|-damage|p1a: Muk|36/100
|
|upkeep
|turn|8
|
|t:|1757838701
|switch|p2a: Gholdengo|Gholdengo|100/100
|move|p1a: Muk|Pain Split|p2a: Gholdengo
|-immune|p2a: Gholdengo|[from] ability: Good as Gold
|
|upkeep
|turn|9
|
|t:|1757838706
|move|p2a: Gholdengo|Make It Rain|p1a: Muk
|-damage|p1a: Muk|0 fnt
|-unboost|p2a: Gholdengo|spa|1
|faint|p1a: Muk
|
|upkeep
|
|t:|1757838715
|switch|p1a: Araquanid|Araquanid, M|100/100
|-damage|p1a: Araquanid|76/100|[from] Stealth Rock
|turn|10
|
|t:|1757838719
|switch|p2a: Quaquaval|Quaquaval, M|100/100
|move|p1a: Araquanid|Sticky Web|p2a: Quaquaval
|-sidestart|p2: bluebrine|move: Sticky Web
|
|upkeep
|turn|11
|
|t:|1757838723
|switch|p1a: Gholdengo|Gholdengo|100/100
|-damage|p1a: Gholdengo|94/100|[from] Stealth Rock
|move|p2a: Quaquaval|Rapid Spin|p1a: Gholdengo
|-immune|p1a: Gholdengo
|
|upkeep
|turn|12
|
|t:|1757838726
|move|p1a: Gholdengo|Shadow Ball|p2a: Quaquaval
|-damage|p2a: Quaquaval|70/100
|move|p2a: Quaquaval|Aqua Step|p1a: Gholdengo
|-damage|p1a: Gholdengo|48/100
|-boost|p2a: Quaquaval|spe|1
|
|upkeep
|turn|13
|
|t:|1757838733
|move|p1a: Gholdengo|Shadow Ball|p2a: Quaquaval
|-damage|p2a: Quaquaval|37/100
|-unboost|p2a: Quaquaval|spd|1
|move|p2a: Quaquaval|Aqua Step|p1a: Gholdengo
|-damage|p1a: Gholdengo|6/100
|-boost|p2a: Quaquaval|spe|1
|
|upkeep
|turn|14
|
|t:|1757838738
|move|p2a: Quaquaval|Aqua Step|p1a: Gholdengo
|-damage|p1a: Gholdengo|0 fnt
|-boost|p2a: Quaquaval|spe|1
|faint|p1a: Gholdengo
|-ability|p2a: Quaquaval|Moxie|boost
|-boost|p2a: Quaquaval|atk|1
|
|upkeep
|
|t:|1757838743
|switch|p1a: Garchomp|Garchomp, M|100/100
|-damage|p1a: Garchomp|94/100|[from] Stealth Rock
|turn|15
|
|t:|1757838750
|move|p2a: Quaquaval|Close Combat|p1a: Garchomp
|-damage|p1a: Garchomp|8/100
|-unboost|p2a: Quaquaval|def|1
|-unboost|p2a: Quaquaval|spd|1
|-damage|p2a: Quaquaval|25/100|[from] ability: Rough Skin|[of] p1a: Garchomp
|move|p1a: Garchomp|Outrage|p2a: Quaquaval
|-damage|p2a: Quaquaval|0 fnt
|faint|p2a: Quaquaval
|
|upkeep
|
|t:|1757838775
|switch|p2a: Dragonite|Dragonite, F|100/100
|turn|16
|
|t:|1757838778
|move|p1a: Garchomp|Outrage|p2a: Dragonite|[from] lockedmove
|-supereffective|p2a: Dragonite
|-damage|p2a: Dragonite|0 fnt
|faint|p2a: Dragonite
|-start|p1a: Garchomp|confusion|[fatigue]
|
|upkeep
|
|t:|1757838783
|switch|p2a: Darkrai|Darkrai|71/100
|turn|17
|
|t:|1757838786
|move|p2a: Darkrai|Dark Pulse|p1a: Garchomp
|-damage|p1a: Garchomp|0 fnt
|faint|p1a: Garchomp
|
|upkeep
|
|t:|1757838789
|switch|p1a: Talonflame|Talonflame, M|94/100
|turn|18
|
|t:|1757838799
|move|p1a: Talonflame|Will-O-Wisp|p2a: Darkrai
|-status|p2a: Darkrai|brn
|move|p2a: Darkrai|Knock Off|p1a: Talonflame
|-damage|p1a: Talonflame|78/100
|-enditem|p1a: Talonflame|Heavy-Duty Boots|[from] move: Knock Off|[of] p2a: Darkrai
|
|-damage|p2a: Darkrai|65/100 brn|[from] brn
|upkeep
|turn|19
|
|t:|1757838804
|switch|p2a: Landorus|Landorus-Therian, M|73/100 brn
|-ability|p2a: Landorus|Intimidate|boost
|-unboost|p1a: Talonflame|atk|1
|move|p1a: Talonflame|Roost|p1a: Talonflame
|-heal|p1a: Talonflame|100/100
|-singleturn|p1a: Talonflame|move: Roost
|
|-damage|p2a: Landorus|66/100 brn|[from] brn
|upkeep
|turn|20
|
|t:|1757838812
|move|p1a: Talonflame|U-turn|p2a: Landorus
|-resisted|p2a: Landorus
|-damage|p2a: Landorus|64/100 brn
|
|t:|1757838814
|switch|p1a: Araquanid|Araquanid, M|76/100|[from] U-turn
|-damage|p1a: Araquanid|51/100|[from] Stealth Rock
|move|p2a: Landorus|U-turn|p1a: Araquanid
|-damage|p1a: Araquanid|43/100
|
|t:|1757838822
|switch|p2a: Gholdengo|Gholdengo|100/100|[from] U-turn
|-activate|p2a: Gholdengo|move: Sticky Web
|-unboost|p2a: Gholdengo|spe|1
|
|upkeep
|turn|21
|
|t:|1757838826
|move|p2a: Gholdengo|Thunderbolt|p1a: Araquanid
|-supereffective|p1a: Araquanid
|-damage|p1a: Araquanid|0 fnt
|faint|p1a: Araquanid
|
|upkeep
|
|t:|1757838829
|switch|p1a: Gallade|Gallade, M|100/100
|-damage|p1a: Gallade|94/100|[from] Stealth Rock
|turn|22
|
|t:|1757838835
|move|p1a: Gallade|Swords Dance|p1a: Gallade
|-boost|p1a: Gallade|atk|2
|move|p2a: Gholdengo|Nasty Plot|p2a: Gholdengo
|-boost|p2a: Gholdengo|spa|2
|
|upkeep
|turn|23
|
|t:|1757838841
|-terastallize|p1a: Gallade|Psychic
|-terastallize|p2a: Gholdengo|Steel
|move|p1a: Gallade|Psycho Cut|p2a: Gholdengo
|-resisted|p2a: Gholdengo
|-damage|p2a: Gholdengo|4/100
|-damage|p1a: Gallade|85/100|[from] item: Life Orb
|move|p2a: Gholdengo|Make It Rain|p1a: Gallade
|-damage|p1a: Gallade|0 fnt
|-unboost|p2a: Gholdengo|spa|1
|faint|p1a: Gallade
|
|upkeep
|-message|ay cheu forfeited.
|
|win|bluebrine
|raw|ay cheu's rating: 1508 &rarr; <strong>1487</strong><br />(-21 for losing)
|raw|bluebrine's rating: 1487 &rarr; <strong>1508</strong><br />(+21 for winning)
|l|☆ay cheu
|player|p1|
|l|☆bluebrine
|player|p2|
