|j|☆gus2007
|j|☆Straitblanchin
|t:|1757802538
|gametype|singles
|player|p1|gus2007|266|1338
|player|p2|Straitblanchin|n|1342
|gen|9
|tier|[Gen 9] OU
|rated|
|rule|HP Percentage Mod: HP is shown in percentages
|rule|Endless Battle Clause: Forcing endless battles is banned
|rule|Species Clause: Limit one of each Pokémon
|rule|OHKO Clause: OHKO moves are banned
|rule|Evasion Items Clause: Evasion items are banned
|rule|Evasion Moves Clause: Evasion moves are banned
|rule|Evasion Abilities Clause: Evasion abilities are banned
|rule|Sleep Moves Clause: Sleep-inducing moves are banned
|clearpoke
|poke|p1|Greninja-*, M|
|poke|p1|Gliscor, F|
|poke|p1|Gholdengo|
|poke|p1|Kyurem|
|poke|p1|Iron Valiant|
|poke|p1|Blaziken, F|
|poke|p2|Ninetales, F|
|poke|p2|Walking Wake|
|poke|p2|Venusaur, M|
|poke|p2|Lilligant-Hisui, F|
|poke|p2|Great Tusk|
|poke|p2|Hatterene, F|
|teampreview
|inactive|Battle timer is ON: inactive players will automatically lose when time's up. (requested by gus2007)
|
|t:|1757802544
|teamsize|p1|6
|teamsize|p2|6
|start
|switch|p1a: Gliscor|Gliscor, F|100/100
|switch|p2a: Ninetales|Ninetales, F, shiny|100/100
|-weather|SunnyDay|[from] ability: Drought|[of] p2a: Ninetales
|turn|1
|
|t:|1757802549
|move|p2a: Ninetales|Will-O-Wisp|p1a: Gliscor
|-status|p1a: Gliscor|brn
|move|p1a: Gliscor|Toxic|p2a: Ninetales
|-status|p2a: Ninetales|tox
|
|-weather|SunnyDay|[upkeep]
|-damage|p2a: Ninetales|94/100 tox|[from] psn
|-damage|p1a: Gliscor|94/100 brn|[from] brn
|upkeep
|turn|2
|
|t:|1757802557
|switch|p2a: Hatterene|Hatterene, F|100/100
|move|p1a: Gliscor|Stealth Rock|p2a: Hatterene
|move|p2a: Hatterene|Stealth Rock|p1a: Gliscor|[from] ability: Magic Bounce
|-sidestart|p1: gus2007|move: Stealth Rock
|
|-weather|SunnyDay|[upkeep]
|-damage|p1a: Gliscor|88/100 brn|[from] brn
|upkeep
|turn|3
|c|☆Straitblanchin|fuck ass
|
|t:|1757802569
|switch|p1a: Greninja|Greninja, M|100/100
|-damage|p1a: Greninja|88/100|[from] Stealth Rock
|move|p2a: Hatterene|Nuzzle|p1a: Greninja
|-supereffective|p1a: Greninja
|-damage|p1a: Greninja|74/100
|-status|p1a: Greninja|par
|
|-weather|SunnyDay|[upkeep]
|upkeep
|turn|4
|c|☆Straitblanchin|you should just forfeit
|
|t:|1757802580
|move|p1a: Greninja|Sludge Wave|p2a: Hatterene
|-start|p1a: Greninja|typechange|Poison|[from] ability: Protean
|-supereffective|p2a: Hatterene
|-damage|p2a: Hatterene|21/100
|move|p2a: Hatterene|Draining Kiss|p1a: Greninja
|-resisted|p1a: Greninja
|-damage|p1a: Greninja|53/100 par
|-heal|p2a: Hatterene|35/100|[from] drain|[of] p1a: Greninja
|
|-weather|SunnyDay|[upkeep]
|upkeep
|turn|5
|
|t:|1757802584
|switch|p2a: Great Tusk|Great Tusk|100/100
|-activate|p2a: Great Tusk|ability: Protosynthesis
|-start|p2a: Great Tusk|protosynthesisspe
|cant|p1a: Greninja|par
|
|-weather|SunnyDay|[upkeep]
|upkeep
|turn|6
|
|t:|1757802588
|switch|p1a: Gliscor|Gliscor, F|88/100 brn
|-damage|p1a: Gliscor|76/100 brn|[from] Stealth Rock
|move|p2a: Great Tusk|Headlong Rush|p1a: Gliscor
|-immune|p1a: Gliscor
|
|-weather|SunnyDay|[upkeep]
|-damage|p1a: Gliscor|69/100 brn|[from] brn
|upkeep
|turn|7
|
|t:|1757802590
|move|p2a: Great Tusk|Temper Flare|p1a: Gliscor
|-damage|p1a: Gliscor|20/100 brn
|move|p1a: Gliscor|Toxic|p2a: Great Tusk
|-status|p2a: Great Tusk|tox
|
|-weather|SunnyDay|[upkeep]
|-damage|p2a: Great Tusk|94/100 tox|[from] psn
|-damage|p1a: Gliscor|14/100 brn|[from] brn
|upkeep
|turn|8
|
|t:|1757802597
|move|p1a: Gliscor|Protect|p1a: Gliscor
|-singleturn|p1a: Gliscor|Protect
|move|p2a: Great Tusk|Temper Flare|p1a: Gliscor
|-activate|p1a: Gliscor|move: Protect
|
|-weather|none
|-end|p2a: Great Tusk|Protosynthesis
|-damage|p2a: Great Tusk|82/100 tox|[from] psn
|-damage|p1a: Gliscor|8/100 brn|[from] brn
|upkeep
|turn|9
|
|t:|1757802609
|move|p1a: Gliscor|Protect|p1a: Gliscor
|-singleturn|p1a: Gliscor|Protect
|move|p2a: Great Tusk|Rapid Spin|p1a: Gliscor
|-activate|p1a: Gliscor|move: Protect
|
|-damage|p2a: Great Tusk|63/100 tox|[from] psn
|-damage|p1a: Gliscor|2/100 brn|[from] brn
|upkeep
|turn|10
|
|t:|1757802615
|-end|p2a: Great Tusk|Protosynthesis|[silent]
|switch|p2a: Hatterene|Hatterene, F|35/100
|move|p1a: Gliscor|Stealth Rock|p2a: Hatterene
|move|p2a: Hatterene|Stealth Rock||[from] ability: Magic Bounce|[still]
|-fail|p2a: Hatterene
|
|-damage|p1a: Gliscor|0 fnt|[from] brn
|faint|p1a: Gliscor
|upkeep
|
|t:|1757802621
|switch|p1a: Iron Valiant|Iron Valiant|100/100
|-damage|p1a: Iron Valiant|94/100|[from] Stealth Rock
|-enditem|p1a: Iron Valiant|Booster Energy
|-activate|p1a: Iron Valiant|ability: Quark Drive|[fromitem]
|-start|p1a: Iron Valiant|quarkdrivespe
|turn|11
|c|☆Straitblanchin|no
|
|t:|1757802628
|move|p1a: Iron Valiant|Shadow Ball|p2a: Hatterene
|-supereffective|p2a: Hatterene
|-damage|p2a: Hatterene|0 fnt
|faint|p2a: Hatterene
|
|upkeep
|
|t:|1757802640
|switch|p2a: Ninetales|Ninetales, F, shiny|94/100 tox
|-weather|SunnyDay|[from] ability: Drought|[of] p2a: Ninetales
|turn|12
|
|t:|1757802661
|switch|p2a: Great Tusk|Great Tusk|63/100 tox
|-activate|p2a: Great Tusk|ability: Protosynthesis
|-start|p2a: Great Tusk|protosynthesisspe
|move|p1a: Iron Valiant|Shadow Ball|p2a: Great Tusk
|-damage|p2a: Great Tusk|26/100 tox
|
|-weather|SunnyDay|[upkeep]
|-damage|p2a: Great Tusk|20/100 tox|[from] psn
|upkeep
|turn|13
|
|t:|1757802672
|move|p1a: Iron Valiant|Shadow Ball|p2a: Great Tusk
|-damage|p2a: Great Tusk|0 fnt
|faint|p2a: Great Tusk
|-end|p2a: Great Tusk|Protosynthesis|[silent]
|
|-weather|SunnyDay|[upkeep]
|upkeep
|
|t:|1757802679
|switch|p2a: Venusaur|Venusaur, M|100/100
|turn|14
|
|t:|1757802683
|move|p2a: Venusaur|Weather Ball|p1a: Iron Valiant
|-damage|p1a: Iron Valiant|0 fnt
|faint|p1a: Iron Valiant
|-end|p1a: Iron Valiant|Quark Drive|[silent]
|-damage|p2a: Venusaur|91/100|[from] item: Life Orb
|
|-weather|SunnyDay|[upkeep]
|upkeep
|
|t:|1757802689
|switch|p1a: Blaziken|Blaziken, F, shiny|100/100
|-damage|p1a: Blaziken|88/100|[from] Stealth Rock
|turn|15
|
|t:|1757802709
|-terastallize|p2a: Venusaur|Fire
|move|p2a: Venusaur|Growth|p2a: Venusaur
|-boost|p2a: Venusaur|atk|2
|-boost|p2a: Venusaur|spa|2
|move|p1a: Blaziken|Swords Dance|p1a: Blaziken
|-boost|p1a: Blaziken|atk|2
|
|-weather|SunnyDay|[upkeep]
|-ability|p1a: Blaziken|Speed Boost|boost
|-boost|p1a: Blaziken|spe|1
|upkeep
|turn|16
|
|t:|1757802720
|move|p1a: Blaziken|Protect|p1a: Blaziken
|-singleturn|p1a: Blaziken|Protect
|move|p2a: Venusaur|Sludge Bomb|p1a: Blaziken
|-activate|p1a: Blaziken|move: Protect
|
|-weather|SunnyDay|[upkeep]
|-ability|p1a: Blaziken|Speed Boost|boost
|-boost|p1a: Blaziken|spe|1
|upkeep
|turn|17
|
|t:|1757802724
|move|p2a: Venusaur|Sludge Bomb|p1a: Blaziken
|-damage|p1a: Blaziken|0 fnt
|faint|p1a: Blaziken
|-damage|p2a: Venusaur|81/100|[from] item: Life Orb
|
|-weather|SunnyDay|[upkeep]
|upkeep
|c|☆Straitblanchin|L
|-message|gus2007 forfeited.
|
|win|Straitblanchin
|raw|gus2007's rating: 1338 &rarr; <strong>1318</strong><br />(-20 for losing)
|raw|Straitblanchin's rating: 1342 &rarr; <strong>1362</strong><br />(+20 for winning)
|l|☆gus2007
|player|p1|
