|j|☆AI Builds
|j|☆alanfournumbers
|t:|1757946193
|gametype|singles
|player|p1|AI Builds|265|1623
|player|p2|alanfournumbers|2|1719
|gen|9
|tier|[Gen 9] OU
|rated|
|rule|HP Percentage Mod: HP is shown in percentages
|rule|Endless Battle Clause: Forcing endless battles is banned
|rule|Species Clause: Limit one of each Pokémon
|rule|OHKO Clause: OHKO moves are banned
|rule|Evasion Items Clause: Evasion items are banned
|rule|Evasion Moves Clause: Evasion moves are banned
|rule|Evasion Abilities Clause: Evasion abilities are banned
|rule|Sleep Moves Clause: Sleep-inducing moves are banned
|clearpoke
|poke|p1|Kommo-o, F|
|poke|p1|Landorus-Therian, M|
|poke|p1|Kingambit, F|
|poke|p1|Hatterene, F|
|poke|p1|Ogerpon-Wellspring, F|
|poke|p1|Gholdengo|
|poke|p2|Pecharunt|
|poke|p2|Great Tusk|
|poke|p2|Ogerpon-Wellspring, F|
|poke|p2|Iron Crown|
|poke|p2|Landorus-Therian, M|
|poke|p2|Samurott-Hisui, F|
|teampreview
|inactive|Battle timer is ON: inactive players will automatically lose when time's up. (requested by AI Builds)
|j| Prof dankness
|
|t:|1757946222
|teamsize|p1|6
|teamsize|p2|6
|start
|switch|p1a: Landorus|Landorus-Therian, M|100/100
|switch|p2a: i be doin the most|Landorus-Therian, M|100/100
|-ability|p2a: i be doin the most|Intimidate|boost
|-unboost|p1a: Landorus|atk|1
|-ability|p1a: Landorus|Intimidate|boost
|-unboost|p2a: i be doin the most|atk|1
|turn|1
|
|t:|1757946231
|switch|p2a: Tahm Pech|Pecharunt|100/100
|move|p1a: Landorus|Taunt|p2a: Tahm Pech
|-start|p2a: Tahm Pech|move: Taunt
|
|upkeep
|turn|2
|
|t:|1757946238
|move|p1a: Landorus|Earth Power|p2a: Tahm Pech
|-supereffective|p2a: Tahm Pech
|-damage|p2a: Tahm Pech|37/100
|move|p2a: Tahm Pech|Malignant Chain|p1a: Landorus
|-resisted|p1a: Landorus
|-damage|p1a: Landorus|83/100
|
|upkeep
|turn|3
|
|t:|1757946242
|switch|p2a: Edging Ceaselessly|Samurott-Hisui, F|100/100
|move|p1a: Landorus|Stealth Rock|p2a: Edging Ceaselessly
|-sidestart|p2: alanfournumbers|move: Stealth Rock
|
|upkeep
|turn|4
|
|t:|1757946246
|move|p1a: Landorus|U-turn|p2a: Edging Ceaselessly
|-supereffective|p2a: Edging Ceaselessly
|-damage|p2a: Edging Ceaselessly|65/100
|
|t:|1757946249
|switch|p1a: Ogerpon|Ogerpon-Wellspring, F|100/100|[from] U-turn
|move|p2a: Edging Ceaselessly|Ceaseless Edge|p1a: Ogerpon
|-damage|p1a: Ogerpon|33/100
|-sidestart|p1: AI Builds|Spikes
|
|upkeep
|turn|5
|j| Iruga
|
|t:|1757946255
|switch|p1a: Landorus|Landorus-Therian, M|83/100
|-ability|p1a: Landorus|Intimidate|boost
|-unboost|p2a: Edging Ceaselessly|atk|1
|move|p2a: Edging Ceaselessly|Sucker Punch||[still]
|-fail|p2a: Edging Ceaselessly
|
|upkeep
|turn|6
|
|t:|1757946263
|switch|p2a: Tahm Pech|Pecharunt|37/100
|-damage|p2a: Tahm Pech|25/100|[from] Stealth Rock
|move|p1a: Landorus|Earth Power|p2a: Tahm Pech
|-supereffective|p2a: Tahm Pech
|-damage|p2a: Tahm Pech|0 fnt
|faint|p2a: Tahm Pech
|
|upkeep
|
|t:|1757946269
|switch|p2a: :pensive:|Ogerpon-Wellspring, F|100/100
|-damage|p2a: :pensive:|88/100|[from] Stealth Rock
|turn|7
|
|t:|1757946274
|switch|p1a: Ogerpon|Ogerpon-Wellspring, F|33/100
|-damage|p1a: Ogerpon|20/100|[from] Spikes
|move|p2a: :pensive:|Trailblaze|p1a: Ogerpon
|-damage|p1a: Ogerpon|0 fnt
|-boost|p2a: :pensive:|spe|1
|faint|p1a: Ogerpon
|
|upkeep
|
|t:|1757946278
|switch|p1a: Kommo-o|Kommo-o, F|100/100
|-damage|p1a: Kommo-o|88/100|[from] Spikes
|turn|8
|
|t:|1757946284
|switch|p2a: i be doin the most|Landorus-Therian, M|100/100
|-damage|p2a: i be doin the most|88/100|[from] Stealth Rock
|-ability|p2a: i be doin the most|Intimidate|boost
|-unboost|p1a: Kommo-o|atk|1
|move|p1a: Kommo-o|Clangorous Soul|p1a: Kommo-o
|-boost|p1a: Kommo-o|atk|1
|-boost|p1a: Kommo-o|def|1
|-boost|p1a: Kommo-o|spa|1
|-boost|p1a: Kommo-o|spd|1
|-boost|p1a: Kommo-o|spe|1
|-damage|p1a: Kommo-o|55/100
|-enditem|p1a: Kommo-o|Throat Spray
|-boost|p1a: Kommo-o|spa|1|[from] item: Throat Spray
|
|upkeep
|turn|9
|l| Iruga
|
|t:|1757946298
|-terastallize|p1a: Kommo-o|Normal
|move|p1a: Kommo-o|Boomburst|p2a: i be doin the most
|-damage|p2a: i be doin the most|0 fnt
|faint|p2a: i be doin the most
|
|upkeep
|
|t:|1757946307
|switch|p2a: Wokeballion|Iron Crown|100/100
|-damage|p2a: Wokeballion|94/100|[from] Stealth Rock
|turn|10
|
|t:|1757946312
|move|p1a: Kommo-o|Drain Punch|p2a: Wokeballion
|-damage|p2a: Wokeballion|62/100
|-heal|p1a: Kommo-o|73/100|[from] drain|[of] p2a: Wokeballion
|move|p2a: Wokeballion|Tachyon Cutter|p1a: Kommo-o
|-damage|p1a: Kommo-o|41/100
|-damage|p1a: Kommo-o|7/100
|-hitcount|p1a: Kommo-o|2
|
|upkeep
|turn|11
|
|t:|1757946318
|move|p1a: Kommo-o|Flamethrower|p2a: Wokeballion
|-supereffective|p2a: Wokeballion
|-damage|p2a: Wokeballion|0 fnt
|faint|p2a: Wokeballion
|-end|p2a: Wokeballion|Quark Drive|[silent]
|
|upkeep
|
|t:|1757946320
|switch|p2a: Edging Ceaselessly|Samurott-Hisui, F|65/100
|-damage|p2a: Edging Ceaselessly|53/100|[from] Stealth Rock
|turn|12
|
|t:|1757946326
|move|p2a: Edging Ceaselessly|Aqua Jet|p1a: Kommo-o
|-damage|p1a: Kommo-o|0 fnt
|faint|p1a: Kommo-o
|
|upkeep
|
|t:|1757946329
|switch|p1a: Landorus|Landorus-Therian, M|83/100
|-ability|p1a: Landorus|Intimidate|boost
|-unboost|p2a: Edging Ceaselessly|atk|1
|turn|13
|
|t:|1757946336
|switch|p2a: Basedlord CTE|Great Tusk|100/100
|-damage|p2a: Basedlord CTE|98/100|[from] Stealth Rock
|-enditem|p2a: Basedlord CTE|Booster Energy
|-activate|p2a: Basedlord CTE|ability: Protosynthesis|[fromitem]
|-start|p2a: Basedlord CTE|protosynthesisspe
|move|p1a: Landorus|U-turn|p2a: Basedlord CTE
|-resisted|p2a: Basedlord CTE
|-damage|p2a: Basedlord CTE|91/100
|
|t:|1757946340
|switch|p1a: Hatterene|Hatterene, F|100/100|[from] U-turn
|-damage|p1a: Hatterene|88/100|[from] Spikes
|
|upkeep
|turn|14
|
|t:|1757946360
|move|p2a: Basedlord CTE|Rapid Spin|p1a: Hatterene
|-damage|p1a: Hatterene|73/100
|-boost|p2a: Basedlord CTE|spe|1
|-sideend|p2: alanfournumbers|Stealth Rock|[from] move: Rapid Spin|[of] p2a: Basedlord CTE
|move|p1a: Hatterene|Draining Kiss|p2a: Basedlord CTE
|-supereffective|p2a: Basedlord CTE
|-damage|p2a: Basedlord CTE|16/100
|-heal|p1a: Hatterene|100/100|[from] drain|[of] p2a: Basedlord CTE
|
|upkeep
|turn|15
|
|t:|1757946373
|move|p2a: Basedlord CTE|Headlong Rush|p1a: Hatterene
|-damage|p1a: Hatterene|41/100
|-unboost|p2a: Basedlord CTE|def|1
|-unboost|p2a: Basedlord CTE|spd|1
|move|p1a: Hatterene|Draining Kiss|p2a: Basedlord CTE
|-supereffective|p2a: Basedlord CTE
|-damage|p2a: Basedlord CTE|0 fnt
|-heal|p1a: Hatterene|57/100|[from] drain|[of] p2a: Basedlord CTE
|faint|p2a: Basedlord CTE
|-end|p2a: Basedlord CTE|Protosynthesis|[silent]
|
|upkeep
|
|t:|1757946377
|switch|p2a: :pensive:|Ogerpon-Wellspring, F|88/100
|turn|16
|
|t:|1757946384
|-terastallize|p2a: :pensive:|Water
|detailschange|p2a: :pensive:|Ogerpon-Wellspring-Tera, F, tera:Water
|-ability|p2a: :pensive:|Embody Aspect (Wellspring)|boost
|-boost|p2a: :pensive:|spd|1
|move|p2a: :pensive:|Swords Dance|p2a: :pensive:
|-boost|p2a: :pensive:|atk|2
|move|p1a: Hatterene|Nuzzle|p2a: :pensive:
|-supereffective|p2a: :pensive:
|-crit|p2a: :pensive:
|-damage|p2a: :pensive:|78/100
|-status|p2a: :pensive:|par
|
|upkeep
|turn|17
|
|t:|1757946389
|move|p2a: :pensive:|Trailblaze|p1a: Hatterene
|-damage|p1a: Hatterene|2/100
|-boost|p2a: :pensive:|spe|1
|move|p1a: Hatterene|Draining Kiss|p2a: :pensive:
|-damage|p2a: :pensive:|61/100 par
|-heal|p1a: Hatterene|16/100|[from] drain|[of] p2a: :pensive:
|
|upkeep
|turn|18
|
|t:|1757946394
|move|p2a: :pensive:|Synthesis|p2a: :pensive:
|-heal|p2a: :pensive:|100/100 par
|move|p1a: Hatterene|Draining Kiss|p2a: :pensive:
|-damage|p2a: :pensive:|82/100 par
|-heal|p1a: Hatterene|32/100|[from] drain|[of] p2a: :pensive:
|
|upkeep
|turn|19
|
|t:|1757946400
|move|p2a: :pensive:|Swords Dance|p2a: :pensive:
|-boost|p2a: :pensive:|atk|2
|move|p1a: Hatterene|Psyshock|p2a: :pensive:
|-damage|p2a: :pensive:|43/100 par
|
|upkeep
|turn|20
|j| 40 crip
|
|t:|1757946405
|move|p2a: :pensive:|Synthesis|p2a: :pensive:
|-heal|p2a: :pensive:|93/100 par
|move|p1a: Hatterene|Psyshock|p2a: :pensive:
|-damage|p2a: :pensive:|54/100 par
|
|upkeep
|turn|21
|
|t:|1757946413
|cant|p2a: :pensive:|par
|move|p1a: Hatterene|Draining Kiss|p2a: :pensive:
|-damage|p2a: :pensive:|36/100 par
|-heal|p1a: Hatterene|48/100|[from] drain|[of] p2a: :pensive:
|
|upkeep
|turn|22
|
|t:|1757946418
|move|p2a: :pensive:|Synthesis|p2a: :pensive:
|-heal|p2a: :pensive:|86/100 par
|move|p1a: Hatterene|Psyshock|p2a: :pensive:
|-damage|p2a: :pensive:|50/100 par
|
|upkeep
|turn|23
|
|t:|1757946423
|move|p2a: :pensive:|Synthesis|p2a: :pensive:
|-heal|p2a: :pensive:|99/100 par
|move|p1a: Hatterene|Draining Kiss|p2a: :pensive:
|-damage|p2a: :pensive:|83/100 par
|-heal|p1a: Hatterene|62/100|[from] drain|[of] p2a: :pensive:
|
|upkeep
|turn|24
|
|t:|1757946427
|cant|p2a: :pensive:|par
|move|p1a: Hatterene|Psyshock|p2a: :pensive:
|-damage|p2a: :pensive:|44/100 par
|
|upkeep
|turn|25
|
|t:|1757946439
|cant|p2a: :pensive:|par
|move|p1a: Hatterene|Psyshock|p2a: :pensive:
|-damage|p2a: :pensive:|7/100 par
|
|upkeep
|turn|26
|
|t:|1757946442
|move|p2a: :pensive:|Synthesis|p2a: :pensive:
|-heal|p2a: :pensive:|57/100 par
|move|p1a: Hatterene|Draining Kiss|p2a: :pensive:
|-damage|p2a: :pensive:|40/100 par
|-heal|p1a: Hatterene|76/100|[from] drain|[of] p2a: :pensive:
|
|upkeep
|turn|27
|
|t:|1757946446
|move|p2a: :pensive:|Synthesis|p2a: :pensive:
|-heal|p2a: :pensive:|90/100 par
|move|p1a: Hatterene|Psyshock|p2a: :pensive:
|-damage|p2a: :pensive:|54/100 par
|
|upkeep
|turn|28
|
|t:|1757946450
|move|p2a: :pensive:|Trailblaze|p1a: Hatterene
|-damage|p1a: Hatterene|0 fnt
|-boost|p2a: :pensive:|spe|1
|faint|p1a: Hatterene
|
|upkeep
|
|t:|1757946454
|switch|p1a: Kingambit|Kingambit, F|100/100
|-damage|p1a: Kingambit|88/100|[from] Spikes
|-activate|p1a: Kingambit|ability: Supreme Overlord
|-start|p1a: Kingambit|fallen3|[silent]
|turn|29
|
|t:|1757946459
|move|p2a: :pensive:|Ivy Cudgel|p1a: Kingambit|[anim] Ivy Cudgel Water
|-damage|p1a: Kingambit|0 fnt
|faint|p1a: Kingambit
|-end|p1a: Kingambit|fallen3|[silent]
|
|upkeep
|
|t:|1757946467
|switch|p1a: Gholdengo|Gholdengo|100/100
|-damage|p1a: Gholdengo|88/100|[from] Spikes
|turn|30
|
|t:|1757946472
|move|p1a: Gholdengo|Shadow Ball|p2a: :pensive:
|-damage|p2a: :pensive:|26/100 par
|move|p2a: :pensive:|Ivy Cudgel|p1a: Gholdengo|[anim] Ivy Cudgel Water
|-damage|p1a: Gholdengo|0 fnt
|faint|p1a: Gholdengo
|
|upkeep
|c| 40 crip|aint no way
|
|t:|1757946476
|switch|p1a: Landorus|Landorus-Therian, M|83/100
|-ability|p1a: Landorus|Intimidate|boost
|-unboost|p2a: :pensive:|atk|1
|turn|31
|
|t:|1757946481
|move|p1a: Landorus|Earth Power|p2a: :pensive:
|-damage|p2a: :pensive:|7/100 par
|-unboost|p2a: :pensive:|spd|1
|move|p2a: :pensive:|Ivy Cudgel|p1a: Landorus|[anim] Ivy Cudgel Water
|-supereffective|p1a: Landorus
|-crit|p1a: Landorus
|-damage|p1a: Landorus|0 fnt
|faint|p1a: Landorus
|
|win|alanfournumbers
|raw|AI Builds's rating: 1623 &rarr; <strong>1608</strong><br />(-15 for losing)
|raw|alanfournumbers's rating: 1719 &rarr; <strong>1734</strong><br />(+15 for winning)
|l|☆AI Builds
|player|p1|
|c|☆alanfournumbers|ggs
|l| 40 crip
|l| Prof dankness
|l|☆alanfournumbers
|player|p2|
