|j|☆shrek5baby
|j|☆pray2arceus
|t:|1757908461
|gametype|singles
|player|p1|shrek5baby|265|1316
|player|p2|pray2arceus|2|1315
|gen|9
|tier|[Gen 9] OU
|rated|
|rule|HP Percentage Mod: HP is shown in percentages
|rule|Endless Battle Clause: Forcing endless battles is banned
|rule|Species Clause: Limit one of each Pokémon
|rule|OHKO Clause: OHKO moves are banned
|rule|Evasion Items Clause: Evasion items are banned
|rule|Evasion Moves Clause: Evasion moves are banned
|rule|Evasion Abilities Clause: Evasion abilities are banned
|rule|Sleep Moves Clause: Sleep-inducing moves are banned
|clearpoke
|poke|p1|Heatran, F|
|poke|p1|Rillaboom, M|
|poke|p1|Landorus-Therian, M|
|poke|p1|Iron Valiant|
|poke|p1|Clefable, M|
|poke|p1|Ursaluna, F|
|poke|p2|Quagsire, M|
|poke|p2|Blissey, F|
|poke|p2|Toxapex, F|
|poke|p2|Sinistcha|
|poke|p2|Gliscor, F|
|poke|p2|Corviknight, M|
|teampreview
|
|t:|1757908472
|teamsize|p1|6
|teamsize|p2|6
|start
|switch|p1a: Clefable|Clefable, M|100/100
|switch|p2a: Toxapex|Toxapex, F|100/100
|turn|1
|
|t:|1757908483
|switch|p1a: Ursaluna|Ursaluna, F|100/100
|move|p2a: Toxapex|Toxic Spikes|p1a: Ursaluna
|-sidestart|p1: shrek5baby|move: Toxic Spikes
|
|-status|p1a: Ursaluna|brn|[from] item: Flame Orb
|upkeep
|turn|2
|
|t:|1757908492
|switch|p2a: Sinistcha|Sinistcha|100/100
|move|p1a: Ursaluna|Facade|p2a: Sinistcha
|-immune|p2a: Sinistcha
|
|-damage|p1a: Ursaluna|94/100 brn|[from] brn
|upkeep
|turn|3
|
|t:|1757908505
|switch|p2a: Toxapex|Toxapex, F|100/100
|switch|p1a: Heatran|Heatran, F|100/100
|
|upkeep
|turn|4
|
|t:|1757908519
|switch|p2a: Quagsire|Quagsire, M|100/100
|move|p1a: Heatran|Earth Power|p2a: Quagsire
|-damage|p2a: Quagsire|59/100
|
|upkeep
|turn|5
|
|t:|1757908525
|switch|p1a: Rillaboom|Rillaboom, M|100/100
|-status|p1a: Rillaboom|psn
|-fieldstart|move: Grassy Terrain|[from] ability: Grassy Surge|[of] p1a: Rillaboom
|move|p2a: Quagsire|Stealth Rock|p1a: Rillaboom
|-sidestart|p1: shrek5baby|move: Stealth Rock
|
|-heal|p2a: Quagsire|65/100|[from] Grassy Terrain
|-damage|p1a: Rillaboom|88/100 psn|[from] psn
|upkeep
|turn|6
|
|t:|1757908545
|switch|p2a: Toxapex|Toxapex, F|100/100
|move|p1a: Rillaboom|U-turn|p2a: Toxapex
|-resisted|p2a: Toxapex
|-damage|p2a: Toxapex|86/100
|
|t:|1757908555
|switch|p1a: Landorus|Landorus-Therian, M|100/100|[from] U-turn
|-damage|p1a: Landorus|88/100|[from] Stealth Rock
|-ability|p1a: Landorus|Intimidate|boost
|-unboost|p2a: Toxapex|atk|1
|
|-heal|p1a: Landorus|94/100|[from] item: Leftovers
|-heal|p2a: Toxapex|92/100|[from] Grassy Terrain
|upkeep
|turn|7
|
|t:|1757908564
|move|p1a: Landorus|Stealth Rock|p2a: Toxapex
|-sidestart|p2: pray2arceus|move: Stealth Rock
|move|p2a: Toxapex|Toxic Spikes|p1a: Landorus
|-sidestart|p1: shrek5baby|move: Toxic Spikes
|
|-heal|p1a: Landorus|99/100|[from] item: Leftovers
|-heal|p2a: Toxapex|98/100|[from] Grassy Terrain
|upkeep
|turn|8
|
|t:|1757908569
|move|p1a: Landorus|Earthquake|p2a: Toxapex
|-supereffective|p2a: Toxapex
|-damage|p2a: Toxapex|50/100
|move|p2a: Toxapex|Toxic|p1a: Landorus
|-status|p1a: Landorus|tox
|
|-heal|p1a: Landorus|100/100 tox|[from] item: Leftovers
|-heal|p2a: Toxapex|56/100|[from] Grassy Terrain
|-damage|p1a: Landorus|94/100 tox|[from] psn
|upkeep
|turn|9
|
|t:|1757908581
|switch|p2a: Gliscor|Gliscor, F|100/100
|-damage|p2a: Gliscor|88/100|[from] Stealth Rock
|move|p1a: Landorus|Crunch|p2a: Gliscor
|-damage|p2a: Gliscor|60/100
|
|-heal|p1a: Landorus|100/100 tox|[from] item: Leftovers
|-damage|p1a: Landorus|88/100 tox|[from] psn
|-fieldend|move: Grassy Terrain
|-status|p2a: Gliscor|tox|[from] item: Toxic Orb
|upkeep
|turn|10
|
|t:|1757908592
|move|p2a: Gliscor|Knock Off|p1a: Landorus
|-damage|p1a: Landorus|66/100 tox
|-enditem|p1a: Landorus|Leftovers|[from] move: Knock Off|[of] p2a: Gliscor
|move|p1a: Landorus|U-turn|p2a: Gliscor
|-resisted|p2a: Gliscor
|-damage|p2a: Gliscor|49/100 tox
|
|t:|1757908600
|switch|p1a: Ursaluna|Ursaluna, F|94/100 brn|[from] U-turn
|-damage|p1a: Ursaluna|88/100 brn|[from] Stealth Rock
|
|-heal|p2a: Gliscor|61/100 tox|[from] ability: Poison Heal
|-damage|p1a: Ursaluna|82/100 brn|[from] brn
|upkeep
|turn|11
|
|t:|1757908607
|switch|p2a: Sinistcha|Sinistcha|100/100
|switch|p1a: Heatran|Heatran, F|100/100
|-damage|p1a: Heatran|88/100|[from] Stealth Rock
|
|upkeep
|turn|12
|
|t:|1757908618
|switch|p2a: Blissey|Blissey, F|100/100
|move|p1a: Heatran|Dark Pulse|p2a: Blissey
|-damage|p2a: Blissey|93/100
|
|upkeep
|turn|13
|
|t:|1757908632
|switch|p1a: Clefable|Clefable, M|100/100
|-status|p1a: Clefable|tox
|move|p2a: Blissey|Seismic Toss|p1a: Clefable
|-damage|p1a: Clefable|75/100 tox
|
|upkeep
|turn|14
|
|t:|1757908651
|move|p1a: Clefable|Wish|p1a: Clefable
|move|p2a: Blissey|Calm Mind|p2a: Blissey
|-boost|p2a: Blissey|spa|1
|-boost|p2a: Blissey|spd|1
|
|upkeep
|turn|15
|
|t:|1757908660
|move|p1a: Clefable|Calm Mind|p1a: Clefable
|-boost|p1a: Clefable|spa|1
|-boost|p1a: Clefable|spd|1
|move|p2a: Blissey|Calm Mind|p2a: Blissey
|-boost|p2a: Blissey|spa|1
|-boost|p2a: Blissey|spd|1
|
|-heal|p1a: Clefable|100/100 tox|[from] move: Wish|[wisher] Clefable
|upkeep
|turn|16
|
|t:|1757908669
|move|p1a: Clefable|Calm Mind|p1a: Clefable
|-boost|p1a: Clefable|spa|1
|-boost|p1a: Clefable|spd|1
|move|p2a: Blissey|Calm Mind|p2a: Blissey
|-boost|p2a: Blissey|spa|1
|-boost|p2a: Blissey|spd|1
|
|upkeep
|turn|17
|
|t:|1757908675
|move|p1a: Clefable|Calm Mind|p1a: Clefable
|-boost|p1a: Clefable|spa|1
|-boost|p1a: Clefable|spd|1
|move|p2a: Blissey|Calm Mind|p2a: Blissey
|-boost|p2a: Blissey|spa|1
|-boost|p2a: Blissey|spd|1
|
|upkeep
|turn|18
|
|t:|1757908680
|move|p1a: Clefable|Calm Mind|p1a: Clefable
|-boost|p1a: Clefable|spa|1
|-boost|p1a: Clefable|spd|1
|move|p2a: Blissey|Calm Mind|p2a: Blissey
|-boost|p2a: Blissey|spa|1
|-boost|p2a: Blissey|spd|1
|
|upkeep
|turn|19
|
|t:|1757908686
|move|p1a: Clefable|Calm Mind|p1a: Clefable
|-boost|p1a: Clefable|spa|1
|-boost|p1a: Clefable|spd|1
|move|p2a: Blissey|Calm Mind|p2a: Blissey
|-boost|p2a: Blissey|spa|1
|-boost|p2a: Blissey|spd|1
|
|upkeep
|turn|20
|
|t:|1757908691
|move|p1a: Clefable|Draining Kiss|p2a: Blissey
|-damage|p2a: Blissey|84/100
|move|p2a: Blissey|Seismic Toss|p1a: Clefable
|-damage|p1a: Clefable|75/100 tox
|
|upkeep
|turn|21
|
|t:|1757908697
|move|p1a: Clefable|Draining Kiss|p2a: Blissey
|-damage|p2a: Blissey|76/100
|-heal|p1a: Clefable|86/100 tox|[from] drain|[of] p2a: Blissey
|move|p2a: Blissey|Seismic Toss|p1a: Clefable
|-damage|p1a: Clefable|60/100 tox
|
|upkeep
|turn|22
|
|t:|1757908704
|move|p1a: Clefable|Wish|p1a: Clefable
|move|p2a: Blissey|Seismic Toss|p1a: Clefable
|-damage|p1a: Clefable|35/100 tox
|
|upkeep
|turn|23
|
|t:|1757908708
|move|p1a: Clefable|Draining Kiss|p2a: Blissey
|-damage|p2a: Blissey|68/100
|-heal|p1a: Clefable|44/100 tox|[from] drain|[of] p2a: Blissey
|move|p2a: Blissey|Seismic Toss|p1a: Clefable
|-damage|p1a: Clefable|19/100 tox
|
|-heal|p1a: Clefable|69/100 tox|[from] move: Wish|[wisher] Clefable
|upkeep
|turn|24
|
|t:|1757908719
|move|p1a: Clefable|Wish|p1a: Clefable
|move|p2a: Blissey|Seismic Toss|p1a: Clefable
|-damage|p1a: Clefable|44/100 tox
|
|upkeep
|turn|25
|
|t:|1757908724
|move|p1a: Clefable|Calm Mind|p1a: Clefable
|-boost|p1a: Clefable|spa|1
|-boost|p1a: Clefable|spd|1
|move|p2a: Blissey|Flamethrower|p1a: Clefable
|-damage|p1a: Clefable|28/100 tox
|
|-heal|p1a: Clefable|78/100 tox|[from] move: Wish|[wisher] Clefable
|upkeep
|turn|26
|
|t:|1757908738
|move|p1a: Clefable|Draining Kiss|p2a: Blissey
|-damage|p2a: Blissey|59/100
|-heal|p1a: Clefable|88/100 tox|[from] drain|[of] p2a: Blissey
|move|p2a: Blissey|Seismic Toss|p1a: Clefable
|-damage|p1a: Clefable|63/100 tox
|
|upkeep
|turn|27
|
|t:|1757908744
|move|p1a: Clefable|Draining Kiss|p2a: Blissey
|-damage|p2a: Blissey|50/100
|-heal|p1a: Clefable|74/100 tox|[from] drain|[of] p2a: Blissey
|move|p2a: Blissey|Soft-Boiled|p2a: Blissey
|-heal|p2a: Blissey|100/100
|
|upkeep
|turn|28
|
|t:|1757908754
|move|p1a: Clefable|Ice Beam|p2a: Blissey
|-damage|p2a: Blissey|89/100
|-status|p2a: Blissey|frz
|-curestatus|p2a: Blissey|frz|[msg]
|move|p2a: Blissey|Seismic Toss|p1a: Clefable
|-damage|p1a: Clefable|49/100 tox
|
|upkeep
|turn|29
|
|t:|1757908763
|switch|p2a: Quagsire|Quagsire, M|65/100
|move|p1a: Clefable|Wish|p1a: Clefable
|
|upkeep
|turn|30
|
|t:|1757908768
|move|p1a: Clefable|Draining Kiss|p2a: Quagsire
|-damage|p2a: Quagsire|28/100
|-heal|p1a: Clefable|77/100 tox|[from] drain|[of] p2a: Quagsire
|move|p2a: Quagsire|Earthquake|p1a: Clefable
|-damage|p1a: Clefable|43/100 tox
|
|-heal|p1a: Clefable|93/100 tox|[from] move: Wish|[wisher] Clefable
|upkeep
|turn|31
|
|t:|1757908780
|move|p1a: Clefable|Draining Kiss|p2a: Quagsire
|-damage|p2a: Quagsire|0 fnt
|-heal|p1a: Clefable|100/100 tox|[from] drain|[of] p2a: Quagsire
|faint|p2a: Quagsire
|
|upkeep
|
|t:|1757908788
|switch|p2a: Blissey|Blissey, F|89/100
|turn|32
|
|t:|1757908792
|move|p1a: Clefable|Draining Kiss|p2a: Blissey
|-damage|p2a: Blissey|50/100
|move|p2a: Blissey|Calm Mind|p2a: Blissey
|-boost|p2a: Blissey|spa|1
|-boost|p2a: Blissey|spd|1
|
|upkeep
|turn|33
|
|t:|1757908798
|move|p1a: Clefable|Draining Kiss|p2a: Blissey
|-damage|p2a: Blissey|27/100
|move|p2a: Blissey|Soft-Boiled|p2a: Blissey
|-heal|p2a: Blissey|77/100
|
|upkeep
|turn|34
|
|t:|1757908803
|move|p1a: Clefable|Draining Kiss|p2a: Blissey
|-damage|p2a: Blissey|52/100
|move|p2a: Blissey|Calm Mind|p2a: Blissey
|-boost|p2a: Blissey|spa|1
|-boost|p2a: Blissey|spd|1
|
|upkeep
|turn|35
|
|t:|1757908810
|move|p1a: Clefable|Draining Kiss|p2a: Blissey
|-damage|p2a: Blissey|35/100
|move|p2a: Blissey|Calm Mind|p2a: Blissey
|-boost|p2a: Blissey|spa|1
|-boost|p2a: Blissey|spd|1
|
|upkeep
|turn|36
|
|t:|1757908819
|move|p1a: Clefable|Draining Kiss|p2a: Blissey
|-damage|p2a: Blissey|19/100
|move|p2a: Blissey|Soft-Boiled|p2a: Blissey
|-heal|p2a: Blissey|69/100
|
|upkeep
|turn|37
|
|t:|1757908824
|move|p1a: Clefable|Draining Kiss|p2a: Blissey
|-damage|p2a: Blissey|55/100
|move|p2a: Blissey|Calm Mind|p2a: Blissey
|-boost|p2a: Blissey|spa|1
|-boost|p2a: Blissey|spd|1
|
|upkeep
|turn|38
|
|t:|1757908830
|move|p1a: Clefable|Draining Kiss|p2a: Blissey
|-damage|p2a: Blissey|43/100
|move|p2a: Blissey|Soft-Boiled|p2a: Blissey
|-heal|p2a: Blissey|93/100
|
|upkeep
|turn|39
|
|t:|1757908835
|move|p1a: Clefable|Draining Kiss|p2a: Blissey
|-damage|p2a: Blissey|81/100
|move|p2a: Blissey|Seismic Toss|p1a: Clefable
|-damage|p1a: Clefable|75/100 tox
|
|upkeep
|turn|40
|
|t:|1757908840
|move|p1a: Clefable|Ice Beam|p2a: Blissey
|-damage|p2a: Blissey|65/100
|move|p2a: Blissey|Seismic Toss|p1a: Clefable
|-damage|p1a: Clefable|50/100 tox
|
|upkeep
|turn|41
|
|t:|1757908850
|move|p1a: Clefable|Wish|p1a: Clefable
|move|p2a: Blissey|Calm Mind|p2a: Blissey
|-boost|p2a: Blissey|spa|1
|-boost|p2a: Blissey|spd|1
|
|upkeep
|turn|42
|
|t:|1757908855
|move|p1a: Clefable|Ice Beam|p2a: Blissey
|-damage|p2a: Blissey|53/100
|move|p2a: Blissey|Calm Mind|p2a: Blissey
|-boost|p2a: Blissey|spa|1
|-boost|p2a: Blissey|spd|1
|
|-heal|p1a: Clefable|99/100 tox|[from] move: Wish|[wisher] Clefable
|upkeep
|turn|43
|
|t:|1757908862
|move|p1a: Clefable|Ice Beam|p2a: Blissey
|-damage|p2a: Blissey|41/100
|move|p2a: Blissey|Soft-Boiled|p2a: Blissey
|-heal|p2a: Blissey|91/100
|
|upkeep
|turn|44
|
|t:|1757908868
|move|p1a: Clefable|Ice Beam|p2a: Blissey
|-damage|p2a: Blissey|81/100
|-status|p2a: Blissey|frz
|cant|p2a: Blissey|frz
|
|upkeep
|turn|45
|
|t:|1757908876
|switch|p1a: Iron Valiant|Iron Valiant|100/100
|-status|p1a: Iron Valiant|tox
|-damage|p1a: Iron Valiant|94/100 tox|[from] Stealth Rock
|-enditem|p1a: Iron Valiant|Booster Energy
|-activate|p1a: Iron Valiant|ability: Quark Drive|[fromitem]
|-start|p1a: Iron Valiant|quarkdrivespe
|-curestatus|p2a: Blissey|frz|[msg]
|move|p2a: Blissey|Seismic Toss|p1a: Iron Valiant
|-damage|p1a: Iron Valiant|60/100 tox
|
|-damage|p1a: Iron Valiant|53/100 tox|[from] psn
|upkeep
|turn|46
|c|☆shrek5baby|dang
|
|t:|1757908893
|switch|p2a: Sinistcha|Sinistcha|100/100
|move|p1a: Iron Valiant|Close Combat|p2a: Sinistcha
|-immune|p2a: Sinistcha
|
|-damage|p1a: Iron Valiant|41/100 tox|[from] psn
|upkeep
|turn|47
|
|t:|1757908910
|-end|p1a: Iron Valiant|Quark Drive|[silent]
|switch|p1a: Heatran|Heatran, F|88/100
|-damage|p1a: Heatran|76/100|[from] Stealth Rock
|move|p2a: Sinistcha|Hex|p1a: Heatran
|-crit|p1a: Heatran
|-damage|p1a: Heatran|35/100
|
|upkeep
|turn|48
|
|t:|1757908924
|switch|p1a: Rillaboom|Rillaboom, M|88/100 psn
|-damage|p1a: Rillaboom|76/100 psn|[from] Stealth Rock
|-fieldstart|move: Grassy Terrain|[from] ability: Grassy Surge|[of] p1a: Rillaboom
|switch|p2a: Blissey|Blissey, F|81/100
|
|-heal|p1a: Rillaboom|82/100 psn|[from] Grassy Terrain
|-heal|p2a: Blissey|87/100|[from] Grassy Terrain
|-damage|p1a: Rillaboom|70/100 psn|[from] psn
|upkeep
|turn|49
|
|t:|1757908942
|switch|p2a: Corviknight|Corviknight, M|100/100
|-ability|p2a: Corviknight|Pressure
|move|p1a: Rillaboom|U-turn|p2a: Corviknight
|-resisted|p2a: Corviknight
|-damage|p2a: Corviknight|95/100
|
|t:|1757908946
|switch|p1a: Heatran|Heatran, F|35/100|[from] U-turn
|-damage|p1a: Heatran|22/100|[from] Stealth Rock
|
|-heal|p1a: Heatran|29/100|[from] Grassy Terrain
|upkeep
|turn|50
|
|t:|1757908955
|switch|p2a: Blissey|Blissey, F|87/100
|move|p1a: Heatran|Overheat|p2a: Blissey
|-crit|p2a: Blissey
|-damage|p2a: Blissey|57/100
|-unboost|p1a: Heatran|spa|2
|
|-heal|p1a: Heatran|35/100|[from] Grassy Terrain
|-heal|p2a: Blissey|63/100|[from] Grassy Terrain
|upkeep
|turn|51
|
|t:|1757908970
|switch|p1a: Rillaboom|Rillaboom, M|70/100 psn
|-damage|p1a: Rillaboom|57/100 psn|[from] Stealth Rock
|move|p2a: Blissey|Seismic Toss|p1a: Rillaboom
|-damage|p1a: Rillaboom|28/100 psn
|
|-heal|p1a: Rillaboom|34/100 psn|[from] Grassy Terrain
|-heal|p2a: Blissey|69/100|[from] Grassy Terrain
|-damage|p1a: Rillaboom|22/100 psn|[from] psn
|upkeep
|turn|52
|
|t:|1757908983
|switch|p2a: Corviknight|Corviknight, M|95/100
|-ability|p2a: Corviknight|Pressure
|move|p1a: Rillaboom|Wood Hammer|p2a: Corviknight
|-resisted|p2a: Corviknight
|-damage|p2a: Corviknight|72/100
|-damage|p1a: Rillaboom|14/100 psn|[from] Recoil
|
|-heal|p1a: Rillaboom|20/100 psn|[from] Grassy Terrain
|-damage|p1a: Rillaboom|8/100 psn|[from] psn
|-fieldend|move: Grassy Terrain
|upkeep
|turn|53
|
|t:|1757908993
|move|p1a: Rillaboom|Wood Hammer|p2a: Corviknight
|-resisted|p2a: Corviknight
|-damage|p2a: Corviknight|54/100
|-damage|p1a: Rillaboom|2/100 psn|[from] Recoil
|move|p2a: Corviknight|Body Press|p1a: Rillaboom
|-damage|p1a: Rillaboom|0 fnt
|faint|p1a: Rillaboom
|
|upkeep
|l|☆shrek5baby
|player|p1|
|inactive|Battle timer is ON: inactive players will automatically lose when time's up. (requested by pray2arceus)
|inactive|shrek5baby has 30 seconds to reconnect!
|inactive|shrek5baby has 20 seconds to reconnect!
|inactive|shrek5baby has 15 seconds to reconnect!
|inactive|shrek5baby has 10 seconds to reconnect!
|inactive|shrek5baby has 5 seconds to reconnect!
|-message|shrek5baby lost due to inactivity.
|
|win|pray2arceus
|raw|shrek5baby's rating: 1316 &rarr; <strong>1296</strong><br />(-20 for losing)
|raw|pray2arceus's rating: 1315 &rarr; <strong>1335</strong><br />(+20 for winning)
|l|☆pray2arceus
|player|p2|
