|j|☆LeSalve
|j|☆Whatsapp Liligant
|t:|1757845211
|gametype|singles
|player|p1|LeSalve|2|1234
|player|p2|Whatsapp Liligant|cheryl|1153
|gen|9
|tier|[Gen 9] OU
|rated|
|rule|HP Percentage Mod: HP is shown in percentages
|rule|Endless Battle Clause: Forcing endless battles is banned
|rule|Species Clause: Limit one of each Pokémon
|rule|OHKO Clause: OHKO moves are banned
|rule|Evasion Items Clause: Evasion items are banned
|rule|Evasion Moves Clause: Evasion moves are banned
|rule|Evasion Abilities Clause: Evasion abilities are banned
|rule|Sleep Moves Clause: Sleep-inducing moves are banned
|clearpoke
|poke|p1|Zamazenta-*|
|poke|p1|Pecharunt|
|poke|p1|Mandibuzz, F|
|poke|p1|Primarina, M|
|poke|p1|Dragonite, F|
|poke|p1|Volcanion|
|poke|p2|Gumshoos, M|
|poke|p2|Probopass, M|
|poke|p2|Scrafty, M|
|poke|p2|Dragapult, F|
|poke|p2|Iron Hands|
|poke|p2|Inteleon, M|
|teampreview
|inactive|Battle timer is ON: inactive players will automatically lose when time's up. (requested by LeSalve)
|inactive|Whatsapp Liligant has 120 seconds left.
|
|t:|1757845246
|teamsize|p1|6
|teamsize|p2|6
|start
|switch|p1a: Mandibuzz|Mandibuzz, F|100/100
|switch|p2a: B-2 Stealth Bomber|Dragapult, F|100/100
|turn|1
|
|t:|1757845259
|move|p2a: B-2 Stealth Bomber|Reflect|p2a: B-2 Stealth Bomber
|-sidestart|p2: Whatsapp Liligant|Reflect
|move|p1a: Mandibuzz|Knock Off|p2a: B-2 Stealth Bomber
|-supereffective|p2a: B-2 Stealth Bomber
|-damage|p2a: B-2 Stealth Bomber|66/100
|-enditem|p2a: B-2 Stealth Bomber|Light Clay|[from] move: Knock Off|[of] p1a: Mandibuzz
|
|upkeep
|turn|2
|
|t:|1757845266
|move|p2a: B-2 Stealth Bomber|Light Screen|p2a: B-2 Stealth Bomber
|-sidestart|p2: Whatsapp Liligant|move: Light Screen
|move|p1a: Mandibuzz|Toxic|p2a: B-2 Stealth Bomber
|-status|p2a: B-2 Stealth Bomber|tox
|
|-damage|p2a: B-2 Stealth Bomber|60/100 tox|[from] psn
|upkeep
|turn|3
|
|t:|1757845274
|move|p2a: B-2 Stealth Bomber|Thunder Wave|p1a: Mandibuzz
|-status|p1a: Mandibuzz|par
|move|p1a: Mandibuzz|Defog|p2a: B-2 Stealth Bomber
|-unboost|p2a: B-2 Stealth Bomber|evasion|1
|-sideend|p2: Whatsapp Liligant|Reflect
|-sideend|p2: Whatsapp Liligant|move: Light Screen
|
|-damage|p2a: B-2 Stealth Bomber|48/100 tox|[from] psn
|upkeep
|turn|4
|
|t:|1757845286
|move|p2a: B-2 Stealth Bomber|Light Screen|p2a: B-2 Stealth Bomber
|-sidestart|p2: Whatsapp Liligant|move: Light Screen
|cant|p1a: Mandibuzz|par
|
|-damage|p2a: B-2 Stealth Bomber|30/100 tox|[from] psn
|upkeep
|turn|5
|
|t:|1757845292
|move|p2a: B-2 Stealth Bomber|Reflect|p2a: B-2 Stealth Bomber
|-sidestart|p2: Whatsapp Liligant|Reflect
|move|p1a: Mandibuzz|Defog|p2a: B-2 Stealth Bomber
|-unboost|p2a: B-2 Stealth Bomber|evasion|1
|-sideend|p2: Whatsapp Liligant|Reflect
|-sideend|p2: Whatsapp Liligant|move: Light Screen
|
|-damage|p2a: B-2 Stealth Bomber|6/100 tox|[from] psn
|upkeep
|turn|6
|
|t:|1757845305
|move|p2a: B-2 Stealth Bomber|Reflect|p2a: B-2 Stealth Bomber
|-sidestart|p2: Whatsapp Liligant|Reflect
|move|p1a: Mandibuzz|Defog|p2a: B-2 Stealth Bomber
|-unboost|p2a: B-2 Stealth Bomber|evasion|1
|-sideend|p2: Whatsapp Liligant|Reflect
|
|-damage|p2a: B-2 Stealth Bomber|0 fnt|[from] psn
|faint|p2a: B-2 Stealth Bomber
|upkeep
|
|t:|1757845319
|switch|p2a: Charlie Kirk|Inteleon, M|100/100
|turn|7
|
|t:|1757845326
|move|p2a: Charlie Kirk|Snipe Shot|p1a: Mandibuzz
|-crit|p1a: Mandibuzz
|-damage|p1a: Mandibuzz|42/100 par
|cant|p1a: Mandibuzz|par
|
|upkeep
|turn|8
|
|t:|1757845335
|move|p2a: Charlie Kirk|Air Cutter|p1a: Mandibuzz
|-crit|p1a: Mandibuzz
|-damage|p1a: Mandibuzz|14/100 par
|move|p1a: Mandibuzz|Defog|p2a: Charlie Kirk
|-unboost|p2a: Charlie Kirk|evasion|1
|
|upkeep
|turn|9
|
|t:|1757845342
|move|p2a: Charlie Kirk|Air Cutter|p1a: Mandibuzz
|-damage|p1a: Mandibuzz|0 fnt
|faint|p1a: Mandibuzz
|
|upkeep
|
|t:|1757845348
|switch|p1a: Volcanion|Volcanion|100/100
|turn|10
|
|t:|1757845353
|move|p2a: Charlie Kirk|Air Cutter|p1a: Volcanion
|-damage|p1a: Volcanion|85/100
|move|p1a: Volcanion|Sludge Wave|p2a: Charlie Kirk
|-crit|p2a: Charlie Kirk
|-damage|p2a: Charlie Kirk|14/100
|
|upkeep
|turn|11
|
|t:|1757845359
|move|p2a: Charlie Kirk|Air Cutter|p1a: Volcanion
|-damage|p1a: Volcanion|70/100
|move|p1a: Volcanion|Sludge Wave|p2a: Charlie Kirk
|-damage|p2a: Charlie Kirk|0 fnt
|faint|p2a: Charlie Kirk
|
|upkeep
|
|t:|1757845367
|switch|p2a: Hoodlum|Scrafty, M|100/100
|turn|12
|
|t:|1757845372
|move|p1a: Volcanion|Steam Eruption|p2a: Hoodlum
|-damage|p2a: Hoodlum|57/100
|move|p2a: Hoodlum|Bulk Up|p2a: Hoodlum
|-boost|p2a: Hoodlum|atk|1
|-boost|p2a: Hoodlum|def|1
|
|-heal|p2a: Hoodlum|63/100|[from] item: Leftovers
|upkeep
|turn|13
|
|t:|1757845381
|move|p1a: Volcanion|Steam Eruption|p2a: Hoodlum
|-damage|p2a: Hoodlum|19/100
|move|p2a: Hoodlum|Rest|p2a: Hoodlum
|-status|p2a: Hoodlum|slp|[from] move: Rest
|-heal|p2a: Hoodlum|100/100 slp|[silent]
|
|-activate|p2a: Hoodlum|ability: Shed Skin
|-curestatus|p2a: Hoodlum|slp|[msg]
|upkeep
|turn|14
|
|t:|1757845392
|switch|p1a: Primarina|Primarina, M|100/100
|move|p2a: Hoodlum|Drain Punch|p1a: Primarina
|-resisted|p1a: Primarina
|-damage|p1a: Primarina|78/100
|
|-heal|p1a: Primarina|84/100|[from] item: Leftovers
|upkeep
|turn|15
|
|t:|1757845403
|-terastallize|p2a: Hoodlum|Poison
|move|p2a: Hoodlum|Bulk Up|p2a: Hoodlum
|-boost|p2a: Hoodlum|atk|1
|-boost|p2a: Hoodlum|def|1
|move|p1a: Primarina|Draining Kiss|p2a: Hoodlum
|-resisted|p2a: Hoodlum
|-damage|p2a: Hoodlum|92/100
|-heal|p1a: Primarina|90/100|[from] drain|[of] p2a: Hoodlum
|
|-heal|p2a: Hoodlum|98/100|[from] item: Leftovers
|-heal|p1a: Primarina|96/100|[from] item: Leftovers
|upkeep
|turn|16
|
|t:|1757845419
|switch|p1a: Volcanion|Volcanion|70/100
|move|p2a: Hoodlum|Bulk Up|p2a: Hoodlum
|-boost|p2a: Hoodlum|atk|1
|-boost|p2a: Hoodlum|def|1
|
|-heal|p2a: Hoodlum|100/100|[from] item: Leftovers
|upkeep
|turn|17
|
|t:|1757845431
|move|p1a: Volcanion|Earth Power|p2a: Hoodlum
|-supereffective|p2a: Hoodlum
|-damage|p2a: Hoodlum|51/100
|move|p2a: Hoodlum|Knock Off|p1a: Volcanion
|-damage|p1a: Volcanion|0 fnt
|-enditem|p1a: Volcanion|Assault Vest|[from] move: Knock Off|[of] p2a: Hoodlum
|faint|p1a: Volcanion
|
|-heal|p2a: Hoodlum|57/100|[from] item: Leftovers
|upkeep
|
|t:|1757845448
|switch|p1a: Zamazenta|Zamazenta|100/100
|-ability|p1a: Zamazenta|Dauntless Shield|boost
|-boost|p1a: Zamazenta|def|1
|turn|18
|
|t:|1757845454
|move|p1a: Zamazenta|Substitute|p1a: Zamazenta
|-start|p1a: Zamazenta|Substitute
|-damage|p1a: Zamazenta|76/100
|move|p2a: Hoodlum|Drain Punch|p1a: Zamazenta
|-end|p1a: Zamazenta|Substitute
|-heal|p2a: Hoodlum|69/100|[from] drain|[of] p1a: Zamazenta
|
|-heal|p1a: Zamazenta|82/100|[from] item: Leftovers
|-heal|p2a: Hoodlum|75/100|[from] item: Leftovers
|upkeep
|turn|19
|
|t:|1757845464
|move|p1a: Zamazenta|Iron Defense|p1a: Zamazenta
|-boost|p1a: Zamazenta|def|2
|move|p2a: Hoodlum|Drain Punch|p1a: Zamazenta
|-damage|p1a: Zamazenta|66/100
|-heal|p2a: Hoodlum|83/100|[from] drain|[of] p1a: Zamazenta
|
|-heal|p1a: Zamazenta|72/100|[from] item: Leftovers
|-heal|p2a: Hoodlum|89/100|[from] item: Leftovers
|upkeep
|turn|20
|
|t:|1757845474
|move|p1a: Zamazenta|Substitute|p1a: Zamazenta
|-start|p1a: Zamazenta|Substitute
|-damage|p1a: Zamazenta|47/100
|move|p2a: Hoodlum|Bulk Up|p2a: Hoodlum
|-boost|p2a: Hoodlum|atk|1
|-boost|p2a: Hoodlum|def|1
|
|-heal|p1a: Zamazenta|53/100|[from] item: Leftovers
|-heal|p2a: Hoodlum|95/100|[from] item: Leftovers
|upkeep
|turn|21
|
|t:|1757845483
|move|p1a: Zamazenta|Iron Defense|p1a: Zamazenta
|-boost|p1a: Zamazenta|def|2
|move|p2a: Hoodlum|Bulk Up|p2a: Hoodlum
|-boost|p2a: Hoodlum|atk|1
|-boost|p2a: Hoodlum|def|1
|
|-heal|p1a: Zamazenta|59/100|[from] item: Leftovers
|-heal|p2a: Hoodlum|100/100|[from] item: Leftovers
|upkeep
|turn|22
|
|t:|1757845492
|move|p1a: Zamazenta|Iron Defense|p1a: Zamazenta
|-boost|p1a: Zamazenta|def|1
|move|p2a: Hoodlum|Bulk Up|p2a: Hoodlum
|-boost|p2a: Hoodlum|atk|1
|-boost|p2a: Hoodlum|def|1
|
|-heal|p1a: Zamazenta|66/100|[from] item: Leftovers
|upkeep
|turn|23
|
|t:|1757845503
|move|p1a: Zamazenta|Body Press|p2a: Hoodlum
|-resisted|p2a: Hoodlum
|-damage|p2a: Hoodlum|82/100
|move|p2a: Hoodlum|Bulk Up|p2a: Hoodlum
|-boost|p2a: Hoodlum|atk|0
|-boost|p2a: Hoodlum|def|0
|
|-heal|p1a: Zamazenta|72/100|[from] item: Leftovers
|-heal|p2a: Hoodlum|88/100|[from] item: Leftovers
|upkeep
|turn|24
|
|t:|1757845513
|move|p1a: Zamazenta|Crunch|p2a: Hoodlum
|-damage|p2a: Hoodlum|83/100
|-unboost|p2a: Hoodlum|def|1
|move|p2a: Hoodlum|Bulk Up|p2a: Hoodlum
|-boost|p2a: Hoodlum|atk|0
|-boost|p2a: Hoodlum|def|1
|
|-heal|p1a: Zamazenta|78/100|[from] item: Leftovers
|-heal|p2a: Hoodlum|89/100|[from] item: Leftovers
|upkeep
|turn|25
|
|t:|1757845524
|move|p1a: Zamazenta|Body Press|p2a: Hoodlum
|-resisted|p2a: Hoodlum
|-damage|p2a: Hoodlum|70/100
|move|p2a: Hoodlum|Drain Punch|p1a: Zamazenta
|-activate|p1a: Zamazenta|move: Substitute|[damage]
|-heal|p2a: Hoodlum|78/100|[from] drain|[of] p1a: Zamazenta
|
|-heal|p1a: Zamazenta|84/100|[from] item: Leftovers
|-heal|p2a: Hoodlum|84/100|[from] item: Leftovers
|upkeep
|turn|26
|
|t:|1757845535
|move|p1a: Zamazenta|Body Press|p2a: Hoodlum
|-resisted|p2a: Hoodlum
|-damage|p2a: Hoodlum|63/100
|move|p2a: Hoodlum|Drain Punch|p1a: Zamazenta
|-end|p1a: Zamazenta|Substitute
|-heal|p2a: Hoodlum|68/100|[from] drain|[of] p1a: Zamazenta
|
|-heal|p1a: Zamazenta|90/100|[from] item: Leftovers
|-heal|p2a: Hoodlum|74/100|[from] item: Leftovers
|upkeep
|turn|27
|inactive|Whatsapp Liligant has 120 seconds left.
|
|t:|1757845579
|move|p1a: Zamazenta|Body Press|p2a: Hoodlum
|-resisted|p2a: Hoodlum
|-damage|p2a: Hoodlum|55/100
|move|p2a: Hoodlum|Knock Off|p1a: Zamazenta
|-resisted|p1a: Zamazenta
|-damage|p1a: Zamazenta|80/100
|-enditem|p1a: Zamazenta|Leftovers|[from] move: Knock Off|[of] p2a: Hoodlum
|
|-heal|p2a: Hoodlum|61/100|[from] item: Leftovers
|upkeep
|turn|28
|
|t:|1757845590
|move|p1a: Zamazenta|Body Press|p2a: Hoodlum
|-resisted|p2a: Hoodlum
|-damage|p2a: Hoodlum|41/100
|move|p2a: Hoodlum|Drain Punch|p1a: Zamazenta
|-damage|p1a: Zamazenta|63/100
|-heal|p2a: Hoodlum|49/100|[from] drain|[of] p1a: Zamazenta
|
|-heal|p2a: Hoodlum|55/100|[from] item: Leftovers
|upkeep
|turn|29
|
|t:|1757845600
|move|p1a: Zamazenta|Body Press|p2a: Hoodlum
|-resisted|p2a: Hoodlum
|-damage|p2a: Hoodlum|36/100
|move|p2a: Hoodlum|Drain Punch|p1a: Zamazenta
|-damage|p1a: Zamazenta|47/100
|-heal|p2a: Hoodlum|44/100|[from] drain|[of] p1a: Zamazenta
|
|-heal|p2a: Hoodlum|50/100|[from] item: Leftovers
|upkeep
|turn|30
|
|t:|1757845610
|move|p1a: Zamazenta|Body Press|p2a: Hoodlum
|-resisted|p2a: Hoodlum
|-damage|p2a: Hoodlum|30/100
|move|p2a: Hoodlum|Rest|p2a: Hoodlum
|-status|p2a: Hoodlum|slp|[from] move: Rest
|-heal|p2a: Hoodlum|100/100 slp|[silent]
|
|-activate|p2a: Hoodlum|ability: Shed Skin
|-curestatus|p2a: Hoodlum|slp|[msg]
|upkeep
|turn|31
|-message|LeSalve forfeited.
|
|win|Whatsapp Liligant
|raw|LeSalve's rating: 1234 &rarr; <strong>1203</strong><br />(-31 for losing)
|raw|Whatsapp Liligant's rating: 1153 &rarr; <strong>1184</strong><br />(+31 for winning)
|l|☆LeSalve
|player|p1|
