|j|☆Kidday
|j|☆Stoneamaker20
|t:|1757945494
|gametype|singles
|player|p1|Kidday|1|1262
|player|p2|Stoneamaker20|lucas|1236
|gen|9
|tier|[Gen 9] OU
|rated|
|rule|HP Percentage Mod: HP is shown in percentages
|rule|Endless Battle Clause: Forcing endless battles is banned
|rule|Species Clause: Limit one of each Pokémon
|rule|OHKO Clause: OHKO moves are banned
|rule|Evasion Items Clause: Evasion items are banned
|rule|Evasion Moves Clause: Evasion moves are banned
|rule|Evasion Abilities Clause: Evasion abilities are banned
|rule|Sleep Moves Clause: Sleep-inducing moves are banned
|clearpoke
|poke|p1|Blastoise, M|
|poke|p1|Toxtricity-Low-Key, M|
|poke|p1|Golurk|
|poke|p1|Kingambit, M|
|poke|p1|Magmortar, M|
|poke|p1|Grimmsnarl, M|
|poke|p2|Gliscor, M|
|poke|p2|Samurott-Hisui, M|
|poke|p2|Tinkaton, F|
|poke|p2|Great Tusk|
|poke|p2|Dragapult, M|
|poke|p2|Garganacl, M|
|teampreview
|
|t:|1757945501
|teamsize|p1|6
|teamsize|p2|6
|start
|switch|p1a: Grimmi|Grimmsnarl, M, shiny|100/100
|switch|p2a: Gliscor|Gliscor, M|100/100
|turn|1
|inactive|Battle timer is ON: inactive players will automatically lose when time's up. (requested by Stoneamaker20)
|
|t:|1757945509
|move|p1a: Grimmi|Reflect|p1a: Grimmi
|-sidestart|p1: Kidday|Reflect
|move|p2a: Gliscor|Stealth Rock|p1a: Grimmi
|-sidestart|p1: Kidday|move: Stealth Rock
|
|-status|p2a: Gliscor|tox|[from] item: Toxic Orb
|upkeep
|turn|2
|
|t:|1757945534
|move|p1a: Grimmi|Light Screen|p1a: Grimmi
|-sidestart|p1: Kidday|move: Light Screen
|move|p2a: Gliscor|Toxic|p1a: Grimmi|[miss]
|-miss|p2a: Gliscor|p1a: Grimmi
|
|upkeep
|turn|3
|
|t:|1757945539
|move|p1a: Grimmi|Parting Shot|p2a: Gliscor
|-unboost|p2a: Gliscor|atk|1
|-unboost|p2a: Gliscor|spa|1
|
|t:|1757945544
|switch|p1a: DisBiSharp|Kingambit, M, shiny|100/100|[from] Parting Shot
|-damage|p1a: DisBiSharp|94/100|[from] Stealth Rock
|move|p2a: Gliscor|Toxic|p1a: DisBiSharp
|-immune|p1a: DisBiSharp
|
|upkeep
|turn|4
|
|t:|1757945555
|move|p2a: Gliscor|Earthquake|p1a: DisBiSharp
|-supereffective|p1a: DisBiSharp
|-damage|p1a: DisBiSharp|79/100
|-enditem|p1a: DisBiSharp|Weakness Policy
|-boost|p1a: DisBiSharp|atk|2|[from] item: Weakness Policy
|-boost|p1a: DisBiSharp|spa|2|[from] item: Weakness Policy
|move|p1a: DisBiSharp|Kowtow Cleave|p2a: Gliscor
|-damage|p2a: Gliscor|29/100 tox
|
|-heal|p2a: Gliscor|41/100 tox|[from] ability: Poison Heal
|upkeep
|turn|5
|
|t:|1757945566
|move|p2a: Gliscor|Protect|p2a: Gliscor
|-singleturn|p2a: Gliscor|Protect
|move|p1a: DisBiSharp|Iron Head|p2a: Gliscor
|-activate|p2a: Gliscor|move: Protect
|
|-heal|p2a: Gliscor|54/100 tox|[from] ability: Poison Heal
|upkeep
|turn|6
|
|t:|1757945575
|switch|p2a: Tinkaton|Tinkaton, F|100/100
|-item|p2a: Tinkaton|Air Balloon
|move|p1a: DisBiSharp|Iron Head|p2a: Tinkaton
|-damage|p2a: Tinkaton|1/100
|-enditem|p2a: Tinkaton|Air Balloon
|
|upkeep
|turn|7
|
|t:|1757945585
|move|p2a: Tinkaton|Fake Out|p1a: DisBiSharp
|-resisted|p1a: DisBiSharp
|-damage|p1a: DisBiSharp|78/100
|cant|p1a: DisBiSharp|flinch
|
|upkeep
|turn|8
|
|t:|1757945596
|move|p1a: DisBiSharp|Sucker Punch|p2a: Tinkaton
|-resisted|p2a: Tinkaton
|-crit|p2a: Tinkaton
|-damage|p2a: Tinkaton|0 fnt
|faint|p2a: Tinkaton
|
|-sideend|p1: Kidday|Reflect
|upkeep
|
|t:|1757945601
|switch|p2a: Garganacl|Garganacl, M|100/100
|turn|9
|
|t:|1757945605
|-terastallize|p2a: Garganacl|Water
|move|p1a: DisBiSharp|Iron Head|p2a: Garganacl
|-resisted|p2a: Garganacl
|-damage|p2a: Garganacl|68/100
|move|p2a: Garganacl|Salt Cure|p1a: DisBiSharp
|-resisted|p1a: DisBiSharp
|-damage|p1a: DisBiSharp|73/100
|-start|p1a: DisBiSharp|Salt Cure
|
|-heal|p2a: Garganacl|74/100|[from] item: Leftovers
|-damage|p1a: DisBiSharp|48/100|[from] Salt Cure
|-sideend|p1: Kidday|move: Light Screen
|upkeep
|turn|10
|
|t:|1757945623
|-end|p1a: DisBiSharp|fallenundefined|[silent]
|switch|p1a: Grimmi|Grimmsnarl, M, shiny|100/100
|-damage|p1a: Grimmi|88/100|[from] Stealth Rock
|move|p2a: Garganacl|Earthquake|p1a: Grimmi
|-damage|p1a: Grimmi|67/100
|
|-heal|p2a: Garganacl|80/100|[from] item: Leftovers
|upkeep
|turn|11
|
|t:|1757945631
|move|p1a: Grimmi|Reflect|p1a: Grimmi
|-sidestart|p1: Kidday|Reflect
|move|p2a: Garganacl|Salt Cure|p1a: Grimmi
|-damage|p1a: Grimmi|61/100
|-start|p1a: Grimmi|Salt Cure
|
|-heal|p2a: Garganacl|86/100|[from] item: Leftovers
|-damage|p1a: Grimmi|48/100|[from] Salt Cure
|upkeep
|turn|12
|
|t:|1757945650
|switch|p2a: Gliscor|Gliscor, M|54/100 tox
|move|p1a: Grimmi|Parting Shot|p2a: Gliscor
|-unboost|p2a: Gliscor|atk|1
|-unboost|p2a: Gliscor|spa|1
|
|t:|1757945665
|switch|p1a: DisBiSharp|Kingambit, M, shiny|48/100|[from] Parting Shot
|-damage|p1a: DisBiSharp|42/100|[from] Stealth Rock
|
|-heal|p2a: Gliscor|66/100 tox|[from] ability: Poison Heal
|upkeep
|turn|13
|
|t:|1757945672
|move|p2a: Gliscor|Earthquake|p1a: DisBiSharp
|-supereffective|p1a: DisBiSharp
|-damage|p1a: DisBiSharp|25/100
|move|p1a: DisBiSharp|Kowtow Cleave|p2a: Gliscor
|-damage|p2a: Gliscor|24/100 tox
|
|-heal|p2a: Gliscor|36/100 tox|[from] ability: Poison Heal
|upkeep
|turn|14
|
|t:|1757945681
|move|p2a: Gliscor|Protect|p2a: Gliscor
|-singleturn|p2a: Gliscor|Protect
|move|p1a: DisBiSharp|Kowtow Cleave|p2a: Gliscor
|-activate|p2a: Gliscor|move: Protect
|
|-heal|p2a: Gliscor|49/100 tox|[from] ability: Poison Heal
|upkeep
|turn|15
|
|t:|1757945688
|move|p2a: Gliscor|Earthquake|p1a: DisBiSharp
|-supereffective|p1a: DisBiSharp
|-crit|p1a: DisBiSharp
|-damage|p1a: DisBiSharp|0 fnt
|faint|p1a: DisBiSharp
|-end|p1a: DisBiSharp|fallenundefined|[silent]
|
|-heal|p2a: Gliscor|61/100 tox|[from] ability: Poison Heal
|upkeep
|
|t:|1757945702
|switch|p1a: Grimmi|Grimmsnarl, M, shiny|48/100
|-damage|p1a: Grimmi|36/100|[from] Stealth Rock
|turn|16
|
|t:|1757945707
|move|p1a: Grimmi|Light Screen|p1a: Grimmi
|-sidestart|p1: Kidday|move: Light Screen
|move|p2a: Gliscor|Toxic|p1a: Grimmi
|-status|p1a: Grimmi|tox
|
|-heal|p2a: Gliscor|74/100 tox|[from] ability: Poison Heal
|-damage|p1a: Grimmi|30/100 tox|[from] psn
|upkeep
|turn|17
|
|t:|1757945714
|move|p2a: Gliscor|Protect|p2a: Gliscor
|-singleturn|p2a: Gliscor|Protect
|move|p1a: Grimmi|Spirit Break|p2a: Gliscor
|-activate|p2a: Gliscor|move: Protect
|
|-heal|p2a: Gliscor|86/100 tox|[from] ability: Poison Heal
|-damage|p1a: Grimmi|18/100 tox|[from] psn
|upkeep
|turn|18
|
|t:|1757945724
|move|p1a: Grimmi|Parting Shot|p2a: Gliscor
|-unboost|p2a: Gliscor|atk|1
|-unboost|p2a: Gliscor|spa|1
|
|t:|1757945751
|switch|p1a: Saitama|Golurk, shiny|100/100|[from] Parting Shot
|-damage|p1a: Saitama|94/100|[from] Stealth Rock
|move|p2a: Gliscor|Earthquake|p1a: Saitama
|-damage|p1a: Saitama|85/100
|
|-heal|p2a: Gliscor|99/100 tox|[from] ability: Poison Heal
|-sideend|p1: Kidday|Reflect
|upkeep
|turn|19
|
|t:|1757945759
|move|p2a: Gliscor|Toxic|p1a: Saitama
|-status|p1a: Saitama|tox
|move|p1a: Saitama|Poltergeist|p2a: Gliscor
|-activate|p2a: Gliscor|move: Poltergeist|Toxic Orb
|-damage|p2a: Gliscor|24/100 tox
|
|-heal|p2a: Gliscor|36/100 tox|[from] ability: Poison Heal
|-damage|p1a: Saitama|79/100 tox|[from] psn
|upkeep
|turn|20
|
|t:|1757945769
|move|p2a: Gliscor|Protect|p2a: Gliscor
|-singleturn|p2a: Gliscor|Protect
|move|p1a: Saitama|Poltergeist|p2a: Gliscor
|-activate|p2a: Gliscor|move: Protect
|
|-heal|p2a: Gliscor|49/100 tox|[from] ability: Poison Heal
|-damage|p1a: Saitama|67/100 tox|[from] psn
|upkeep
|turn|21
|
|t:|1757945778
|switch|p2a: Garganacl|Garganacl, M, tera:Water|86/100
|move|p1a: Saitama|Poltergeist|p2a: Garganacl
|-activate|p2a: Garganacl|move: Poltergeist|Leftovers
|-damage|p2a: Garganacl|54/100
|
|-heal|p2a: Garganacl|60/100|[from] item: Leftovers
|-damage|p1a: Saitama|49/100 tox|[from] psn
|upkeep
|turn|22
|
|t:|1757945788
|move|p1a: Saitama|Poltergeist|p2a: Garganacl
|-activate|p2a: Garganacl|move: Poltergeist|Leftovers
|-damage|p2a: Garganacl|30/100
|move|p2a: Garganacl|Salt Cure|p1a: Saitama
|-resisted|p1a: Saitama
|-damage|p1a: Saitama|42/100 tox
|-start|p1a: Saitama|Salt Cure
|
|-heal|p2a: Garganacl|36/100|[from] item: Leftovers
|-damage|p1a: Saitama|18/100 tox|[from] psn
|-damage|p1a: Saitama|6/100 tox|[from] Salt Cure
|upkeep
|turn|23
|
|t:|1757945799
|move|p1a: Saitama|Poltergeist|p2a: Garganacl
|-activate|p2a: Garganacl|move: Poltergeist|Leftovers
|-damage|p2a: Garganacl|7/100
|move|p2a: Garganacl|Recover|p2a: Garganacl
|-heal|p2a: Garganacl|57/100
|
|-heal|p2a: Garganacl|64/100|[from] item: Leftovers
|-damage|p1a: Saitama|0 fnt|[from] psn
|faint|p1a: Saitama
|-sideend|p1: Kidday|move: Light Screen
|upkeep
|
|t:|1757945810
|switch|p1a: Grimmi|Grimmsnarl, M, shiny|18/100 tox
|-damage|p1a: Grimmi|5/100 tox|[from] Stealth Rock
|turn|24
|
|t:|1757945817
|move|p1a: Grimmi|Reflect|p1a: Grimmi
|-sidestart|p1: Kidday|Reflect
|move|p2a: Garganacl|Salt Cure|p1a: Grimmi
|-damage|p1a: Grimmi|0 fnt
|faint|p1a: Grimmi
|
|-heal|p2a: Garganacl|70/100|[from] item: Leftovers
|upkeep
|
|t:|1757945843
|switch|p1a: Toxic💜|Toxtricity-Low-Key, M|100/100
|-damage|p1a: Toxic💜|88/100|[from] Stealth Rock
|turn|25
|
|t:|1757945852
|switch|p2a: Gliscor|Gliscor, M|49/100 tox
|move|p1a: Toxic💜|Boomburst|p2a: Gliscor
|-damage|p2a: Gliscor|0 fnt
|faint|p2a: Gliscor
|-enditem|p1a: Toxic💜|Throat Spray
|-boost|p1a: Toxic💜|spa|1|[from] item: Throat Spray
|
|upkeep
|
|t:|1757945860
|switch|p2a: Great Tusk|Great Tusk|100/100
|turn|26
|
|t:|1757945869
|-terastallize|p1a: Toxic💜|Normal
|move|p2a: Great Tusk|Headlong Rush|p1a: Toxic💜
|-damage|p1a: Toxic💜|52/100
|-unboost|p2a: Great Tusk|def|1
|-unboost|p2a: Great Tusk|spd|1
|move|p1a: Toxic💜|Boomburst|p2a: Great Tusk
|-damage|p2a: Great Tusk|0 fnt
|faint|p2a: Great Tusk
|-end|p2a: Great Tusk|Protosynthesis|[silent]
|
|upkeep
|
|t:|1757945887
|switch|p2a: Dragapult|Dragapult, M|100/100
|turn|27
|
|t:|1757945902
|move|p2a: Dragapult|Will-O-Wisp|p1a: Toxic💜
|-status|p1a: Toxic💜|brn
|move|p1a: Toxic💜|Sludge Bomb|p2a: Dragapult
|-resisted|p2a: Dragapult
|-damage|p2a: Dragapult|49/100
|-status|p2a: Dragapult|psn
|
|-damage|p2a: Dragapult|37/100 psn|[from] psn
|-damage|p1a: Toxic💜|45/100 brn|[from] brn
|upkeep
|turn|28
|
|t:|1757945912
|move|p2a: Dragapult|Draco Meteor|p1a: Toxic💜
|-damage|p1a: Toxic💜|0 fnt
|-unboost|p2a: Dragapult|spa|2
|faint|p1a: Toxic💜
|
|-damage|p2a: Dragapult|25/100 psn|[from] psn
|upkeep
|inactive|Kidday has 120 seconds left.
|
|t:|1757945952
|switch|p1a: Ruby|Magmortar, M, shiny|100/100
|-damage|p1a: Ruby|76/100|[from] Stealth Rock
|turn|29
|
|t:|1757945960
|move|p2a: Dragapult|U-turn|p1a: Ruby
|-resisted|p1a: Ruby
|-damage|p1a: Ruby|64/100
|
|t:|1757945963
|switch|p2a: Garganacl|Garganacl, M, tera:Water|70/100|[from] U-turn
|move|p1a: Ruby|Thunderbolt|p2a: Garganacl
|-supereffective|p2a: Garganacl
|-damage|p2a: Garganacl|25/100
|
|-heal|p2a: Garganacl|31/100|[from] item: Leftovers
|upkeep
|turn|30
|inactive|Kidday has 120 seconds left.
|
|t:|1757945970
|move|p1a: Ruby|Thunderbolt|p2a: Garganacl
|-supereffective|p2a: Garganacl
|-damage|p2a: Garganacl|0 fnt
|faint|p2a: Garganacl
|
|upkeep
|
|t:|1757945975
|switch|p2a: Dragapult|Dragapult, M|25/100 psn
|turn|31
|
|t:|1757945981
|move|p2a: Dragapult|Draco Meteor|p1a: Ruby
|-damage|p1a: Ruby|26/100
|-unboost|p2a: Dragapult|spa|2
|move|p1a: Ruby|Psychic|p2a: Dragapult
|-damage|p2a: Dragapult|0 fnt
|faint|p2a: Dragapult
|
|-sideend|p1: Kidday|Reflect
|upkeep
|
|t:|1757945989
|switch|p2a: Samurott|Samurott-Hisui, M|100/100
|turn|32
|
|t:|1757945992
|move|p2a: Samurott|Sucker Punch|p1a: Ruby
|-damage|p1a: Ruby|0 fnt
|faint|p1a: Ruby
|
|upkeep
|
|t:|1757945997
|switch|p1a: BigBlue 💙|Blastoise, M, shiny|100/100
|-damage|p1a: BigBlue 💙|88/100|[from] Stealth Rock
|turn|33
|
|t:|1757946000
|move|p2a: Samurott|Knock Off|p1a: BigBlue 💙
|-damage|p1a: BigBlue 💙|43/100
|-enditem|p1a: BigBlue 💙|White Herb|[from] move: Knock Off|[of] p2a: Samurott
|move|p1a: BigBlue 💙|Shell Smash|p1a: BigBlue 💙
|-unboost|p1a: BigBlue 💙|def|1
|-unboost|p1a: BigBlue 💙|spd|1
|-boost|p1a: BigBlue 💙|atk|2
|-boost|p1a: BigBlue 💙|spa|2
|-boost|p1a: BigBlue 💙|spe|2
|
|upkeep
|turn|34
|
|t:|1757946014
|move|p2a: Samurott|Sucker Punch||[still]
|-fail|p2a: Samurott
|move|p1a: BigBlue 💙|Shell Smash|p1a: BigBlue 💙
|-unboost|p1a: BigBlue 💙|def|1
|-unboost|p1a: BigBlue 💙|spd|1
|-boost|p1a: BigBlue 💙|atk|2
|-boost|p1a: BigBlue 💙|spa|2
|-boost|p1a: BigBlue 💙|spe|2
|
|upkeep
|turn|35
|
|t:|1757946023
|move|p2a: Samurott|Sucker Punch|p1a: BigBlue 💙
|-damage|p1a: BigBlue 💙|0 fnt
|faint|p1a: BigBlue 💙
|
|win|Stoneamaker20
|raw|Kidday's rating: 1262 &rarr; <strong>1235</strong><br />(-27 for losing)
|raw|Stoneamaker20's rating: 1236 &rarr; <strong>1263</strong><br />(+27 for winning)
|l|☆Stoneamaker20
|player|p2|
|l|☆Kidday
|player|p1|
