|j|‽secondstory
|j|☆lzc123456
|t:|1757856004
|gametype|singles
|player|p1|secondstory|bruno|1573
|player|p2|lzc123456|cynthia-gen4|1660
|gen|9
|tier|[Gen 9] OU
|rated|
|rule|HP Percentage Mod: HP is shown in percentages
|rule|Endless Battle Clause: Forcing endless battles is banned
|rule|Species Clause: Limit one of each Pokémon
|rule|OHKO Clause: OHKO moves are banned
|rule|Evasion Items Clause: Evasion items are banned
|rule|Evasion Moves Clause: Evasion moves are banned
|rule|Evasion Abilities Clause: Evasion abilities are banned
|rule|Sleep Moves Clause: Sleep-inducing moves are banned
|clearpoke
|poke|p1|Weavile, M|
|poke|p1|Dragapult, F|
|poke|p1|Great Tusk|
|poke|p1|Corviknight, F|
|poke|p1|Enamorus, F|
|poke|p1|Snorlax, F|
|poke|p2|Alomomola, F|
|poke|p2|Serperior, F|
|poke|p2|Garchomp, M|
|poke|p2|Iron Treads|
|poke|p2|Pelipper, M|
|poke|p2|Zamazenta-*|
|teampreview
|inactive|Battle timer is ON: inactive players will automatically lose when time's up. (requested by lzc123456)
|
|t:|1757856030
|teamsize|p1|6
|teamsize|p2|6
|start
|switch|p1a: Dragapult|Dragapult, F|100/100
|switch|p2a: 盾盾小狗|Zamazenta|100/100
|-ability|p2a: 盾盾小狗|Dauntless Shield|boost
|-boost|p2a: 盾盾小狗|def|1
|turn|1
|
|t:|1757856036
|switch|p2a: 脏活累活|Alomomola, F|100/100
|switch|p1a: Corviknight|Corviknight, F, shiny|100/100
|-ability|p1a: Corviknight|Pressure
|
|upkeep
|turn|2
|
|t:|1757856039
|move|p1a: Corviknight|Body Press|p2a: 脏活累活
|-damage|p2a: 脏活累活|82/100
|move|p2a: 脏活累活|Flip Turn|p1a: Corviknight
|-damage|p1a: Corviknight|91/100
|-damage|p2a: 脏活累活|65/100|[from] item: Rocky Helmet|[of] p1a: Corviknight
|
|t:|1757856042
|switch|p2a: 盖鸥卡|Pelipper, M, shiny|100/100|[from] Flip Turn
|-weather|RainDance|[from] ability: Drizzle|[of] p2a: 盖鸥卡
|
|-weather|RainDance|[upkeep]
|upkeep
|turn|3
|
|t:|1757856048
|switch|p1a: Snorlax|Snorlax, F|100/100
|move|p2a: 盖鸥卡|Weather Ball|p1a: Snorlax
|-damage|p1a: Snorlax|62/100
|
|-weather|RainDance|[upkeep]
|upkeep
|turn|4
|
|t:|1757856054
|switch|p2a: 减10大王|Garchomp, M, shiny|100/100
|move|p1a: Snorlax|Thunder Punch|p2a: 减10大王
|-immune|p2a: 减10大王
|
|-weather|RainDance|[upkeep]
|upkeep
|turn|5
|
|t:|1757856057
|move|p2a: 减10大王|Stealth Rock|p1a: Snorlax
|-sidestart|p1: secondstory|move: Stealth Rock
|move|p1a: Snorlax|Ice Punch|p2a: 减10大王
|-supereffective|p2a: 减10大王
|-damage|p2a: 减10大王|44/100
|-damage|p1a: Snorlax|50/100|[from] ability: Rough Skin|[of] p2a: 减10大王
|-damage|p1a: Snorlax|33/100|[from] item: Rocky Helmet|[of] p2a: 减10大王
|
|-weather|RainDance|[upkeep]
|upkeep
|turn|6
|inactive|lzc123456 has 120 seconds left.
|
|t:|1757856091
|switch|p2a: 脏活累活|Alomomola, F|98/100
|switch|p1a: Corviknight|Corviknight, F, shiny|91/100
|-damage|p1a: Corviknight|79/100|[from] Stealth Rock
|-ability|p1a: Corviknight|Pressure
|
|-weather|none
|upkeep
|turn|7
|
|t:|1757856114
|switch|p2a: 盖鸥卡|Pelipper, M, shiny|100/100
|-weather|RainDance|[from] ability: Drizzle|[of] p2a: 盖鸥卡
|move|p1a: Corviknight|Defog|p2a: 盖鸥卡
|-unboost|p2a: 盖鸥卡|evasion|1
|-sideend|p1: secondstory|Stealth Rock|[from] move: Defog|[of] p1a: Corviknight
|
|-weather|RainDance|[upkeep]
|upkeep
|turn|8
|
|t:|1757856121
|switch|p1a: Snorlax|Snorlax, F|33/100
|move|p2a: 盖鸥卡|Weather Ball|p1a: Snorlax
|-damage|p1a: Snorlax|0 fnt
|faint|p1a: Snorlax
|
|-weather|RainDance|[upkeep]
|upkeep
|
|t:|1757856123
|switch|p1a: Dragapult|Dragapult, F|100/100
|turn|9
|
|t:|1757856131
|switch|p2a: 脏活累活|Alomomola, F|100/100
|-terastallize|p1a: Dragapult|Ghost
|move|p1a: Dragapult|Shadow Ball|p2a: 脏活累活
|-damage|p2a: 脏活累活|61/100
|
|-weather|RainDance|[upkeep]
|upkeep
|turn|10
|
|t:|1757856137
|move|p1a: Dragapult|Shadow Ball|p2a: 脏活累活
|-damage|p2a: 脏活累活|15/100
|move|p2a: 脏活累活|Mirror Coat|p1a: Dragapult
|-damage|p1a: Dragapult|0 fnt
|faint|p1a: Dragapult
|
|-weather|RainDance|[upkeep]
|upkeep
|
|t:|1757856141
|switch|p1a: Weavile|Weavile, M|100/100
|-ability|p1a: Weavile|Pressure
|turn|11
|
|t:|1757856144
|switch|p2a: 减10大王|Garchomp, M, shiny|44/100
|move|p1a: Weavile|Swords Dance|p1a: Weavile
|-boost|p1a: Weavile|atk|2
|
|-weather|none
|upkeep
|turn|12
|
|t:|1757856156
|-terastallize|p2a: 减10大王|Ghost
|move|p1a: Weavile|Ice Shard|p2a: 减10大王
|-damage|p2a: 减10大王|18/100
|move|p2a: 减10大王|Dragon Tail|p1a: Weavile
|-damage|p1a: Weavile|60/100
|drag|p1a: Great Tusk|Great Tusk|100/100
|
|upkeep
|turn|13
|
|t:|1757856165
|-end|p1a: Great Tusk|Protosynthesis|[silent]
|switch|p1a: Corviknight|Corviknight, F, shiny|79/100
|-ability|p1a: Corviknight|Pressure
|move|p2a: 减10大王|Stealth Rock|p1a: Corviknight
|-sidestart|p1: secondstory|move: Stealth Rock
|
|upkeep
|turn|14
|
|t:|1757856169
|switch|p2a: 盖鸥卡|Pelipper, M, shiny|100/100
|-weather|RainDance|[from] ability: Drizzle|[of] p2a: 盖鸥卡
|move|p1a: Corviknight|Defog|p2a: 盖鸥卡
|-unboost|p2a: 盖鸥卡|evasion|1
|-sideend|p1: secondstory|Stealth Rock|[from] move: Defog|[of] p1a: Corviknight
|
|-weather|RainDance|[upkeep]
|upkeep
|turn|15
|
|t:|1757856175
|move|p2a: 盖鸥卡|Weather Ball|p1a: Corviknight
|-damage|p1a: Corviknight|0 fnt
|faint|p1a: Corviknight
|
|-weather|RainDance|[upkeep]
|upkeep
|
|t:|1757856179
|switch|p1a: Weavile|Weavile, M|60/100
|-ability|p1a: Weavile|Pressure
|turn|16
|-message|secondstory forfeited.
|
|win|lzc123456
|raw|secondstory's rating: 1573 &rarr; <strong>1558</strong><br />(-15 for losing)
|raw|lzc123456's rating: 1660 &rarr; <strong>1675</strong><br />(+15 for winning)
|l|‽secondstory
|player|p1|
|l|☆lzc123456
|player|p2|
