|j|☆sminey
|j|☆mathismathin
|t:|1757823082
|gametype|singles
|player|p1|sminey|170|1577
|player|p2|mathismathin|hilbert|1682
|gen|9
|tier|[Gen 9] OU
|rated|
|rule|HP Percentage Mod: HP is shown in percentages
|rule|Endless Battle Clause: Forcing endless battles is banned
|rule|Species Clause: Limit one of each Pokémon
|rule|OHKO Clause: OHKO moves are banned
|rule|Evasion Items Clause: Evasion items are banned
|rule|Evasion Moves Clause: Evasion moves are banned
|rule|Evasion Abilities Clause: Evasion abilities are banned
|rule|Sleep Moves Clause: Sleep-inducing moves are banned
|clearpoke
|poke|p1|Latios, M|
|poke|p1|Cinderace, M|
|poke|p1|Weavile, M|
|poke|p1|Zapdos|
|poke|p1|Clefable, F|
|poke|p1|Slowking-Galar, M|
|poke|p2|Gyarados, F|
|poke|p2|Thundurus, M|
|poke|p2|Corviknight, F|
|poke|p2|Enamorus, F|
|poke|p2|Landorus-Therian, M|
|poke|p2|Articuno|
|teampreview
|inactive|Battle timer is ON: inactive players will automatically lose when time's up. (requested by sminey)
|
|t:|1757823115
|teamsize|p1|6
|teamsize|p2|6
|start
|switch|p1a: Zapdos|Zapdos|100/100
|switch|p2a: Landorus|Landorus-Therian, M|100/100
|-ability|p2a: Landorus|Intimidate|boost
|-unboost|p1a: Zapdos|atk|1
|turn|1
|
|t:|1757823120
|move|p2a: Landorus|Stone Edge|p1a: Zapdos
|-supereffective|p1a: Zapdos
|-damage|p1a: Zapdos|12/100
|move|p1a: Zapdos|Hurricane|p2a: Landorus
|-damage|p2a: Landorus|43/100
|-start|p2a: Landorus|confusion
|
|upkeep
|turn|2
|
|t:|1757823137
|switch|p1a: Clefable|Clefable, F|100/100
|-activate|p2a: Landorus|confusion
|move|p2a: Landorus|Stone Edge|p1a: Clefable|[miss]
|-miss|p2a: Landorus|p1a: Clefable
|
|upkeep
|turn|3
|
|t:|1757823147
|switch|p2a: Thundurus|Thundurus, M|100/100
|move|p1a: Clefable|Calm Mind|p1a: Clefable
|-boost|p1a: Clefable|spa|1
|-boost|p1a: Clefable|spd|1
|
|upkeep
|turn|4
|
|t:|1757823156
|move|p2a: Thundurus|Thunder Wave|p1a: Clefable
|-status|p1a: Clefable|par
|move|p1a: Clefable|Moonblast|p2a: Thundurus
|-damage|p2a: Thundurus|39/100
|
|upkeep
|turn|5
|
|t:|1757823165
|move|p2a: Thundurus|Thunderbolt|p1a: Clefable
|-damage|p1a: Clefable|73/100 par
|move|p1a: Clefable|Calm Mind|p1a: Clefable
|-boost|p1a: Clefable|spa|1
|-boost|p1a: Clefable|spd|1
|
|upkeep
|turn|6
|
|t:|1757823168
|move|p2a: Thundurus|Nasty Plot|p2a: Thundurus
|-boost|p2a: Thundurus|spa|2
|cant|p1a: Clefable|par
|
|upkeep
|turn|7
|
|t:|1757823171
|move|p2a: Thundurus|Thunderbolt|p1a: Clefable
|-damage|p1a: Clefable|51/100 par
|move|p1a: Clefable|Calm Mind|p1a: Clefable
|-boost|p1a: Clefable|spa|1
|-boost|p1a: Clefable|spd|1
|
|upkeep
|turn|8
|
|t:|1757823178
|switch|p2a: Landorus|Landorus-Therian, M|43/100
|-ability|p2a: Landorus|Intimidate|boost
|-unboost|p1a: Clefable|atk|1
|move|p1a: Clefable|Moonlight|p1a: Clefable
|-heal|p1a: Clefable|100/100 par
|
|upkeep
|turn|9
|
|t:|1757823181
|move|p2a: Landorus|Earthquake|p1a: Clefable
|-damage|p1a: Clefable|33/100 par
|cant|p1a: Clefable|par
|
|upkeep
|turn|10
|
|t:|1757823185
|switch|p1a: Latios|Latios, M|100/100
|move|p2a: Landorus|Earthquake|p1a: Latios
|-immune|p1a: Latios|[from] ability: Levitate
|
|upkeep
|turn|11
|
|t:|1757823192
|switch|p2a: Articuno|Articuno|100/100
|-ability|p2a: Articuno|Pressure
|move|p1a: Latios|Flip Turn|p2a: Articuno
|-damage|p2a: Articuno|91/100
|
|t:|1757823195
|switch|p1a: Cinderace|Cinderace, M|100/100|[from] Flip Turn
|
|upkeep
|turn|12
|
|t:|1757823207
|switch|p2a: Thundurus|Thundurus, M|39/100
|move|p1a: Cinderace|U-turn|p2a: Thundurus
|-start|p1a: Cinderace|typechange|Bug|[from] ability: Libero
|-resisted|p2a: Thundurus
|-damage|p2a: Thundurus|12/100
|
|t:|1757823224
|switch|p1a: Weavile|Weavile, M|100/100|[from] U-turn
|-ability|p1a: Weavile|Pressure
|
|upkeep
|turn|13
|
|t:|1757823248
|move|p1a: Weavile|Ice Shard|p2a: Thundurus
|-supereffective|p2a: Thundurus
|-damage|p2a: Thundurus|0 fnt
|faint|p2a: Thundurus
|
|upkeep
|j| arandomenglishname
|
|t:|1757823261
|switch|p2a: Articuno|Articuno|91/100
|-ability|p2a: Articuno|Pressure
|turn|14
|
|t:|1757823265
|switch|p1a: Cinderace|Cinderace, M|100/100
|move|p2a: Articuno|U-turn|p1a: Cinderace
|-resisted|p1a: Cinderace
|-damage|p1a: Cinderace|91/100
|
|t:|1757823273
|switch|p2a: Gyarados|Gyarados, F|100/100|[from] U-turn
|
|upkeep
|turn|15
|
|t:|1757823277
|move|p1a: Cinderace|U-turn|p2a: Gyarados
|-start|p1a: Cinderace|typechange|Bug|[from] ability: Libero
|-resisted|p2a: Gyarados
|-damage|p2a: Gyarados|79/100
|
|t:|1757823283
|switch|p1a: Latios|Latios, M|100/100|[from] U-turn
|move|p2a: Gyarados|Dragon Dance|p2a: Gyarados
|-boost|p2a: Gyarados|atk|1
|-boost|p2a: Gyarados|spe|1
|
|-heal|p2a: Gyarados|85/100|[from] item: Leftovers
|upkeep
|turn|16
|
|t:|1757823293
|-terastallize|p2a: Gyarados|Flying
|move|p1a: Latios|Draco Meteor|p2a: Gyarados
|-damage|p2a: Gyarados|15/100
|-unboost|p1a: Latios|spa|2
|move|p2a: Gyarados|Tera Blast|p1a: Latios|[anim] Tera Blast Flying
|-damage|p1a: Latios|0 fnt
|faint|p1a: Latios
|-ability|p2a: Gyarados|Moxie|boost
|-boost|p2a: Gyarados|atk|1
|
|-heal|p2a: Gyarados|21/100|[from] item: Leftovers
|upkeep
|inactive|sminey has 120 seconds left.
|
|t:|1757823324
|switch|p1a: Weavile|Weavile, M|100/100
|-ability|p1a: Weavile|Pressure
|turn|17
|
|t:|1757823329
|switch|p2a: Articuno|Articuno|91/100
|-ability|p2a: Articuno|Pressure
|move|p1a: Weavile|Ice Shard|p2a: Articuno
|-damage|p2a: Articuno|74/100
|
|upkeep
|turn|18
|
|t:|1757823339
|switch|p1a: Cinderace|Cinderace, M|91/100
|move|p2a: Articuno|Reflect|p2a: Articuno
|-sidestart|p2: mathismathin|Reflect
|
|upkeep
|turn|19
|
|t:|1757823349
|move|p1a: Cinderace|Court Change|p1a: Cinderace
|-start|p1a: Cinderace|typechange|Normal|[from] ability: Libero
|-swapsideconditions
|-activate|p1a: Cinderace|move: Court Change
|move|p2a: Articuno|Roost|p2a: Articuno
|-heal|p2a: Articuno|100/100
|-singleturn|p2a: Articuno|move: Roost
|
|upkeep
|turn|20
|
|t:|1757823356
|-terastallize|p1a: Cinderace|Fire
|move|p1a: Cinderace|Pyro Ball|p2a: Articuno|[miss]
|-miss|p1a: Cinderace|p2a: Articuno
|move|p2a: Articuno|Reflect|p2a: Articuno
|-sidestart|p2: mathismathin|Reflect
|
|upkeep
|turn|21
|
|t:|1757823362
|move|p1a: Cinderace|Pyro Ball|p2a: Articuno|[miss]
|-miss|p1a: Cinderace|p2a: Articuno
|move|p2a: Articuno|Roost||[still]
|-fail|p2a: Articuno|heal
|
|upkeep
|turn|22
|
|t:|1757823367
|move|p1a: Cinderace|Pyro Ball|p2a: Articuno
|-supereffective|p2a: Articuno
|-damage|p2a: Articuno|49/100
|move|p2a: Articuno|Roost|p2a: Articuno
|-heal|p2a: Articuno|99/100
|-singleturn|p2a: Articuno|move: Roost
|
|-sideend|p1: sminey|Reflect
|upkeep
|turn|23
|
|t:|1757823381
|move|p1a: Cinderace|Court Change|p1a: Cinderace
|-swapsideconditions
|-activate|p1a: Cinderace|move: Court Change
|move|p2a: Articuno|Reflect|p2a: Articuno
|-sidestart|p2: mathismathin|Reflect
|
|upkeep
|turn|24
|
|t:|1757823392
|move|p1a: Cinderace|U-turn|p2a: Articuno
|-resisted|p2a: Articuno
|-crit|p2a: Articuno
|-damage|p2a: Articuno|83/100
|
|t:|1757823394
|switch|p1a: Slowking|Slowking-Galar, M|100/100|[from] U-turn
|move|p2a: Articuno|U-turn|p1a: Slowking
|-damage|p1a: Slowking|94/100
|
|t:|1757823402
|switch|p2a: Landorus|Landorus-Therian, M|43/100|[from] U-turn
|-ability|p2a: Landorus|Intimidate|boost
|-unboost|p1a: Slowking|atk|1
|
|-sideend|p1: sminey|Reflect
|upkeep
|turn|25
|
|t:|1757823405
|move|p2a: Landorus|Earthquake|p1a: Slowking
|-supereffective|p1a: Slowking
|-damage|p1a: Slowking|0 fnt
|faint|p1a: Slowking
|
|upkeep
|
|t:|1757823409
|switch|p1a: Zapdos|Zapdos|12/100
|turn|26
|
|t:|1757823413
|switch|p2a: Enamorus|Enamorus, F|100/100
|move|p1a: Zapdos|Roost|p1a: Zapdos
|-heal|p1a: Zapdos|62/100
|-singleturn|p1a: Zapdos|move: Roost
|
|upkeep
|turn|27
|
|t:|1757823421
|move|p2a: Enamorus|Moonblast|p1a: Zapdos
|-damage|p1a: Zapdos|13/100
|move|p1a: Zapdos|Thunder Wave|p2a: Enamorus
|-status|p2a: Enamorus|par
|
|-sideend|p2: mathismathin|Reflect
|upkeep
|turn|28
|
|t:|1757823424
|move|p2a: Enamorus|Moonblast|p1a: Zapdos
|-damage|p1a: Zapdos|0 fnt
|faint|p1a: Zapdos
|
|upkeep
|
|t:|1757823428
|switch|p1a: Cinderace|Cinderace, M, tera:Fire|91/100
|turn|29
|
|t:|1757823456
|switch|p2a: Articuno|Articuno|83/100
|-ability|p2a: Articuno|Pressure
|move|p1a: Cinderace|Pyro Ball|p2a: Articuno|[miss]
|-miss|p1a: Cinderace|p2a: Articuno
|
|upkeep
|turn|30
|c|☆sminey|Genuinely don't think I've ever missed 3 pyro balls in one game before
|c|☆mathismathin|yea its wack
|c|☆sminey|gg
|c|☆mathismathin|gg
|-message|sminey forfeited.
|
|win|mathismathin
|raw|sminey's rating: 1577 &rarr; <strong>1563</strong><br />(-14 for losing)
|raw|mathismathin's rating: 1682 &rarr; <strong>1696</strong><br />(+14 for winning)
|l|☆sminey
|player|p1|
|l|☆mathismathin
|player|p2|
|l| arandomenglishname
