|j|☆William will
|j|☆jusjakob
|t:|1757826297
|gametype|singles
|player|p1|William will|101|1143
|player|p2|jusjakob|266|1088
|gen|9
|tier|[Gen 9] OU
|rated|
|rule|HP Percentage Mod: HP is shown in percentages
|rule|Endless Battle Clause: Forcing endless battles is banned
|rule|Species Clause: Limit one of each Pokémon
|rule|OHKO Clause: OHKO moves are banned
|rule|Evasion Items Clause: Evasion items are banned
|rule|Evasion Moves Clause: Evasion moves are banned
|rule|Evasion Abilities Clause: Evasion abilities are banned
|rule|Sleep Moves Clause: Sleep-inducing moves are banned
|clearpoke
|poke|p1|Cinderace, M|
|poke|p1|Malamar, F|
|poke|p1|Corviknight, M|
|poke|p1|Gengar, M|
|poke|p1|Ogerpon-Wellspring, F|
|poke|p1|Sylveon, F|
|poke|p2|Toxapex, F|
|poke|p2|Landorus-Therian, M|
|poke|p2|Talonflame, F|
|poke|p2|Abomasnow, F|
|poke|p2|Galvantula, F|
|poke|p2|Espeon, F|
|teampreview
|inactive|Battle timer is ON: inactive players will automatically lose when time's up. (requested by William will)
|
|t:|1757826341
|teamsize|p1|6
|teamsize|p2|6
|start
|switch|p1a: Gengar|Gengar, M|100/100
|switch|p2a: Espeon|Espeon, F|100/100
|turn|1
|
|t:|1757826361
|move|p1a: Gengar|Trick|p2a: Espeon
|-activate|p1a: Gengar|move: Trick|[of] p2a: Espeon
|-item|p2a: Espeon|Choice Scarf|[from] move: Trick
|-item|p1a: Gengar|Life Orb|[from] move: Trick
|move|p2a: Espeon|Shadow Ball|p1a: Gengar
|-supereffective|p1a: Gengar
|-damage|p1a: Gengar|32/100
|
|upkeep
|turn|2
|
|t:|1757826374
|move|p2a: Espeon|Shadow Ball|p1a: Gengar
|-supereffective|p1a: Gengar
|-damage|p1a: Gengar|0 fnt
|faint|p1a: Gengar
|
|upkeep
|
|t:|1757826378
|switch|p1a: Malamar|Malamar, F|100/100
|turn|3
|
|t:|1757826386
|move|p2a: Espeon|Shadow Ball|p1a: Malamar
|-damage|p1a: Malamar|64/100
|move|p1a: Malamar|Superpower|p2a: Espeon
|-resisted|p2a: Espeon
|-damage|p2a: Espeon|70/100
|-boost|p1a: Malamar|atk|1
|-boost|p1a: Malamar|def|1
|
|-heal|p1a: Malamar|70/100|[from] item: Leftovers
|upkeep
|turn|4
|
|t:|1757826402
|switch|p2a: Landorus|Landorus-Therian, M|100/100
|-ability|p2a: Landorus|Intimidate|boost
|-boost|p1a: Malamar|atk|1
|move|p1a: Malamar|Knock Off|p2a: Landorus
|-damage|p2a: Landorus|41/100
|-damage|p1a: Malamar|54/100|[from] item: Rocky Helmet|[of] p2a: Landorus
|-enditem|p2a: Landorus|Rocky Helmet|[from] move: Knock Off|[of] p1a: Malamar
|
|-heal|p1a: Malamar|60/100|[from] item: Leftovers
|upkeep
|turn|5
|
|t:|1757826419
|move|p2a: Landorus|U-turn|p1a: Malamar
|-supereffective|p1a: Malamar
|-damage|p1a: Malamar|1/100
|
|t:|1757826427
|switch|p2a: Galvantula|Galvantula, F|100/100|[from] U-turn
|move|p1a: Malamar|Superpower|p2a: Galvantula
|-resisted|p2a: Galvantula
|-damage|p2a: Galvantula|42/100
|-boost|p1a: Malamar|atk|1
|-boost|p1a: Malamar|def|1
|
|-heal|p1a: Malamar|7/100|[from] item: Leftovers
|upkeep
|turn|6
|
|t:|1757826434
|move|p2a: Galvantula|Sticky Web|p1a: Malamar
|-sidestart|p1: William will|move: Sticky Web
|move|p1a: Malamar|Knock Off|p2a: Galvantula
|-damage|p2a: Galvantula|0 fnt
|-enditem|p2a: Galvantula|Focus Sash|[from] move: Knock Off|[of] p1a: Malamar
|faint|p2a: Galvantula
|
|-heal|p1a: Malamar|13/100|[from] item: Leftovers
|upkeep
|
|t:|1757826445
|switch|p2a: Espeon|Espeon, F|70/100
|turn|7
|
|t:|1757826457
|move|p2a: Espeon|Shadow Ball|p1a: Malamar
|-damage|p1a: Malamar|0 fnt
|faint|p1a: Malamar
|
|upkeep
|
|t:|1757826465
|switch|p1a: Sylveon|Sylveon, F|100/100
|-activate|p1a: Sylveon|move: Sticky Web
|-unboost|p1a: Sylveon|spe|1
|turn|8
|inactive|jusjakob has 120 seconds left.
|
|t:|1757826504
|switch|p2a: Toxapex|Toxapex, F|100/100
|move|p1a: Sylveon|Wish|p1a: Sylveon
|
|upkeep
|turn|9
|
|t:|1757826513
|switch|p1a: Corviknight|Corviknight, M|100/100
|move|p2a: Toxapex|Toxic|p1a: Corviknight
|-immune|p1a: Corviknight
|
|upkeep
|turn|10
|
|t:|1757826522
|switch|p2a: Espeon|Espeon, F|70/100
|move|p1a: Corviknight|Bulk Up|p1a: Corviknight
|-boost|p1a: Corviknight|atk|1
|-boost|p1a: Corviknight|def|1
|
|upkeep
|turn|11
|inactive|jusjakob has 120 seconds left.
|
|t:|1757826548
|move|p2a: Espeon|Calm Mind|p2a: Espeon
|-boost|p2a: Espeon|spa|1
|-boost|p2a: Espeon|spd|1
|move|p1a: Corviknight|Roost||[still]
|-fail|p1a: Corviknight|heal
|
|upkeep
|turn|12
|
|t:|1757826553
|switch|p2a: Talonflame|Talonflame, F|100/100
|move|p1a: Corviknight|Bulk Up|p1a: Corviknight
|-boost|p1a: Corviknight|atk|1
|-boost|p1a: Corviknight|def|1
|
|upkeep
|turn|13
|
|t:|1757826568
|switch|p2a: Toxapex|Toxapex, F|100/100
|switch|p1a: Ogerpon|Ogerpon-Wellspring, F|100/100
|-activate|p1a: Ogerpon|move: Sticky Web
|-unboost|p1a: Ogerpon|spe|1
|
|upkeep
|turn|14
|
|t:|1757826577
|move|p1a: Ogerpon|Protect|p1a: Ogerpon
|-singleturn|p1a: Ogerpon|Protect
|move|p2a: Toxapex|Toxic|p1a: Ogerpon
|-activate|p1a: Ogerpon|move: Protect
|
|upkeep
|turn|15
|
|t:|1757826583
|switch|p1a: Corviknight|Corviknight, M|100/100
|move|p2a: Toxapex|Toxic|p1a: Corviknight
|-immune|p1a: Corviknight
|
|upkeep
|turn|16
|
|t:|1757826592
|move|p1a: Corviknight|Body Press|p2a: Toxapex
|-resisted|p2a: Toxapex
|-damage|p2a: Toxapex|91/100
|move|p2a: Toxapex|Haze|p2a: Toxapex
|-clearallboost
|
|-heal|p2a: Toxapex|98/100|[from] item: Black Sludge
|upkeep
|turn|17
|
|t:|1757826601
|move|p1a: Corviknight|Iron Head|p2a: Toxapex
|-resisted|p2a: Toxapex
|-damage|p2a: Toxapex|88/100
|move|p2a: Toxapex|Haze|p2a: Toxapex
|-clearallboost
|
|-heal|p2a: Toxapex|95/100|[from] item: Black Sludge
|upkeep
|turn|18
|
|t:|1757826612
|move|p1a: Corviknight|Iron Head|p2a: Toxapex
|-resisted|p2a: Toxapex
|-damage|p2a: Toxapex|86/100
|move|p2a: Toxapex|Haze|p2a: Toxapex
|-clearallboost
|
|-heal|p2a: Toxapex|92/100|[from] item: Black Sludge
|upkeep
|turn|19
|
|t:|1757826624
|move|p1a: Corviknight|Iron Head|p2a: Toxapex
|-resisted|p2a: Toxapex
|-damage|p2a: Toxapex|82/100
|cant|p2a: Toxapex|flinch
|
|-heal|p2a: Toxapex|88/100|[from] item: Black Sludge
|upkeep
|turn|20
|
|t:|1757826644
|switch|p2a: Talonflame|Talonflame, F|100/100
|move|p1a: Corviknight|Iron Head|p2a: Talonflame
|-resisted|p2a: Talonflame
|-damage|p2a: Talonflame|82/100
|
|upkeep
|turn|21
|
|t:|1757826651
|switch|p1a: Cinderace|Cinderace, M|100/100
|move|p2a: Talonflame|Flame Charge|p1a: Cinderace
|-resisted|p1a: Cinderace
|-damage|p1a: Cinderace|88/100
|-boost|p2a: Talonflame|spe|1
|
|upkeep
|turn|22
|
|t:|1757826660
|switch|p2a: Toxapex|Toxapex, F|100/100
|move|p1a: Cinderace|Court Change|p1a: Cinderace
|-start|p1a: Cinderace|typechange|Normal|[from] ability: Libero
|-swapsideconditions
|-activate|p1a: Cinderace|move: Court Change
|
|upkeep
|turn|23
|
|t:|1757826668
|switch|p1a: Corviknight|Corviknight, M|100/100
|move|p2a: Toxapex|Toxic|p1a: Corviknight
|-immune|p1a: Corviknight
|
|upkeep
|turn|24
|
|t:|1757826684
|move|p1a: Corviknight|Iron Head|p2a: Toxapex
|-resisted|p2a: Toxapex
|-damage|p2a: Toxapex|91/100
|cant|p2a: Toxapex|flinch
|
|-heal|p2a: Toxapex|97/100|[from] item: Black Sludge
|upkeep
|turn|25
|
|t:|1757826693
|move|p1a: Corviknight|Bulk Up|p1a: Corviknight
|-boost|p1a: Corviknight|atk|1
|-boost|p1a: Corviknight|def|1
|move|p2a: Toxapex|Haze|p2a: Toxapex
|-clearallboost
|
|-heal|p2a: Toxapex|100/100|[from] item: Black Sludge
|upkeep
|turn|26
|inactive|jusjakob has 120 seconds left.
|
|t:|1757826751
|move|p1a: Corviknight|Bulk Up|p1a: Corviknight
|-boost|p1a: Corviknight|atk|1
|-boost|p1a: Corviknight|def|1
|move|p2a: Toxapex|Haze|p2a: Toxapex
|-clearallboost
|
|upkeep
|turn|27
|
|t:|1757826767
|switch|p2a: Landorus|Landorus-Therian, M|41/100
|-ability|p2a: Landorus|Intimidate|boost
|-ability|p1a: Corviknight|Mirror Armor
|-unboost|p2a: Landorus|atk|1
|move|p1a: Corviknight|Iron Head|p2a: Landorus
|-crit|p2a: Landorus
|-damage|p2a: Landorus|12/100
|
|upkeep
|turn|28
|
|t:|1757826783
|move|p2a: Landorus|Stealth Rock|p1a: Corviknight
|-sidestart|p1: William will|move: Stealth Rock
|move|p1a: Corviknight|Iron Head|p2a: Landorus
|-damage|p2a: Landorus|0 fnt
|faint|p2a: Landorus
|
|upkeep
|inactive|jusjakob has 90 seconds left.
|
|t:|1757826823
|switch|p2a: Talonflame|Talonflame, F|82/100
|turn|29
|
|t:|1757826832
|switch|p1a: Ogerpon|Ogerpon-Wellspring, F|100/100
|-damage|p1a: Ogerpon|88/100|[from] Stealth Rock
|move|p2a: Talonflame|Swords Dance|p2a: Talonflame
|-boost|p2a: Talonflame|atk|2
|
|upkeep
|turn|30
|
|t:|1757826843
|move|p2a: Talonflame|Brave Bird|p1a: Ogerpon
|-supereffective|p1a: Ogerpon
|-damage|p1a: Ogerpon|0 fnt
|faint|p1a: Ogerpon
|-damage|p2a: Talonflame|52/100|[from] Recoil
|
|upkeep
|
|t:|1757826852
|switch|p1a: Cinderace|Cinderace, M|88/100
|turn|31
|
|t:|1757826858
|move|p2a: Talonflame|Roost|p2a: Talonflame
|-heal|p2a: Talonflame|100/100
|-singleturn|p2a: Talonflame|move: Roost
|move|p1a: Cinderace|Zen Headbutt|p2a: Talonflame
|-start|p1a: Cinderace|typechange|Psychic|[from] ability: Libero
|-damage|p2a: Talonflame|43/100
|
|upkeep
|turn|32
|
|t:|1757826864
|-terastallize|p2a: Talonflame|Fire
|move|p2a: Talonflame|Flame Charge|p1a: Cinderace
|-damage|p1a: Cinderace|13/100
|-boost|p2a: Talonflame|spe|1
|move|p1a: Cinderace|Zen Headbutt|p2a: Talonflame
|-damage|p2a: Talonflame|0 fnt
|faint|p2a: Talonflame
|
|upkeep
|
|t:|1757826871
|switch|p2a: Abomasnow|Abomasnow, F|100/100
|-activate|p2a: Abomasnow|move: Sticky Web
|-unboost|p2a: Abomasnow|spe|1
|-weather|Snowscape|[from] ability: Snow Warning|[of] p2a: Abomasnow
|turn|33
|
|t:|1757826876
|move|p1a: Cinderace|Pyro Ball|p2a: Abomasnow
|-supereffective|p2a: Abomasnow
|-damage|p2a: Abomasnow|0 fnt
|faint|p2a: Abomasnow
|
|-weather|Snowscape|[upkeep]
|upkeep
|
|t:|1757826878
|switch|p2a: Espeon|Espeon, F|70/100
|-activate|p2a: Espeon|move: Sticky Web
|-unboost|p2a: Espeon|spe|1
|turn|34
|inactive|jusjakob has 120 seconds left.
|
|t:|1757826900
|move|p2a: Espeon|Psyshock|p1a: Cinderace
|-resisted|p1a: Cinderace
|-damage|p1a: Cinderace|0 fnt
|faint|p1a: Cinderace
|
|-weather|Snowscape|[upkeep]
|upkeep
|
|t:|1757826910
|switch|p1a: Sylveon|Sylveon, F|100/100
|-damage|p1a: Sylveon|88/100|[from] Stealth Rock
|turn|35
|
|t:|1757826925
|move|p2a: Espeon|Psyshock|p1a: Sylveon
|-damage|p1a: Sylveon|49/100
|move|p1a: Sylveon|Calm Mind|p1a: Sylveon
|-boost|p1a: Sylveon|spa|1
|-boost|p1a: Sylveon|spd|1
|
|-weather|Snowscape|[upkeep]
|-heal|p1a: Sylveon|55/100|[from] item: Leftovers
|upkeep
|turn|36
|
|t:|1757826929
|move|p2a: Espeon|Psyshock|p1a: Sylveon
|-damage|p1a: Sylveon|15/100
|move|p1a: Sylveon|Wish|p1a: Sylveon
|
|-weather|Snowscape|[upkeep]
|-heal|p1a: Sylveon|21/100|[from] item: Leftovers
|upkeep
|turn|37
|
|t:|1757826945
|switch|p1a: Corviknight|Corviknight, M|100/100
|-damage|p1a: Corviknight|88/100|[from] Stealth Rock
|move|p2a: Espeon|Psyshock|p1a: Corviknight
|-resisted|p1a: Corviknight
|-crit|p1a: Corviknight
|-damage|p1a: Corviknight|63/100
|
|-weather|none
|-heal|p1a: Corviknight|100/100|[from] move: Wish|[wisher] Sylveon
|upkeep
|turn|38
|
|t:|1757826955
|move|p2a: Espeon|Psyshock|p1a: Corviknight
|-resisted|p1a: Corviknight
|-damage|p1a: Corviknight|84/100
|move|p1a: Corviknight|Bulk Up|p1a: Corviknight
|-boost|p1a: Corviknight|atk|1
|-boost|p1a: Corviknight|def|1
|
|upkeep
|turn|39
|
|t:|1757826958
|switch|p2a: Toxapex|Toxapex, F|100/100
|-activate|p2a: Toxapex|move: Sticky Web
|-unboost|p2a: Toxapex|spe|1
|move|p1a: Corviknight|Bulk Up|p1a: Corviknight
|-boost|p1a: Corviknight|atk|1
|-boost|p1a: Corviknight|def|1
|
|upkeep
|turn|40
|
|t:|1757826965
|move|p1a: Corviknight|Body Press|p2a: Toxapex
|-resisted|p2a: Toxapex
|-damage|p2a: Toxapex|81/100
|move|p2a: Toxapex|Haze|p2a: Toxapex
|-clearallboost
|
|-heal|p2a: Toxapex|88/100|[from] item: Black Sludge
|upkeep
|turn|41
|inactive|jusjakob has 120 seconds left.
|
|t:|1757826997
|move|p1a: Corviknight|Iron Head|p2a: Toxapex
|-resisted|p2a: Toxapex
|-damage|p2a: Toxapex|79/100
|cant|p2a: Toxapex|flinch
|
|-heal|p2a: Toxapex|85/100|[from] item: Black Sludge
|upkeep
|turn|42
|inactive|jusjakob has 120 seconds left.
|
|t:|1757827031
|move|p1a: Corviknight|Iron Head|p2a: Toxapex
|-resisted|p2a: Toxapex
|-damage|p2a: Toxapex|76/100
|move|p2a: Toxapex|Haze|p2a: Toxapex
|-clearallboost
|
|-heal|p2a: Toxapex|82/100|[from] item: Black Sludge
|upkeep
|turn|43
|
|t:|1757827041
|switch|p1a: Sylveon|Sylveon, F|21/100
|-damage|p1a: Sylveon|9/100|[from] Stealth Rock
|move|p2a: Toxapex|Haze|p2a: Toxapex
|-clearallboost
|
|-heal|p1a: Sylveon|15/100|[from] item: Leftovers
|-heal|p2a: Toxapex|89/100|[from] item: Black Sludge
|upkeep
|turn|44
|inactive|jusjakob has 90 seconds left.
|
|t:|1757827078
|switch|p1a: Corviknight|Corviknight, M|84/100
|-damage|p1a: Corviknight|71/100|[from] Stealth Rock
|move|p2a: Toxapex|Toxic|p1a: Corviknight
|-immune|p1a: Corviknight
|
|-heal|p2a: Toxapex|95/100|[from] item: Black Sludge
|upkeep
|turn|45
|
|t:|1757827099
|move|p1a: Corviknight|Iron Head|p2a: Toxapex
|-resisted|p2a: Toxapex
|-damage|p2a: Toxapex|86/100
|move|p2a: Toxapex|Toxic|p1a: Corviknight
|-immune|p1a: Corviknight
|
|-heal|p2a: Toxapex|92/100|[from] item: Black Sludge
|upkeep
|turn|46
|
|t:|1757827109
|move|p1a: Corviknight|Body Press|p2a: Toxapex
|-resisted|p2a: Toxapex
|-damage|p2a: Toxapex|84/100
|move|p2a: Toxapex|Toxic|p1a: Corviknight
|-immune|p1a: Corviknight
|
|-heal|p2a: Toxapex|90/100|[from] item: Black Sludge
|upkeep
|turn|47
|
|t:|1757827117
|move|p1a: Corviknight|Bulk Up|p1a: Corviknight
|-boost|p1a: Corviknight|atk|1
|-boost|p1a: Corviknight|def|1
|move|p2a: Toxapex|Toxic|p1a: Corviknight
|-immune|p1a: Corviknight
|
|-heal|p2a: Toxapex|96/100|[from] item: Black Sludge
|upkeep
|turn|48
|
|t:|1757827127
|move|p1a: Corviknight|Bulk Up|p1a: Corviknight
|-boost|p1a: Corviknight|atk|1
|-boost|p1a: Corviknight|def|1
|move|p2a: Toxapex|Haze|p2a: Toxapex
|-clearallboost
|
|-heal|p2a: Toxapex|100/100|[from] item: Black Sludge
|upkeep
|turn|49
|
|t:|1757827140
|move|p1a: Corviknight|Iron Head|p2a: Toxapex
|-resisted|p2a: Toxapex
|-damage|p2a: Toxapex|92/100
|move|p2a: Toxapex|Toxic|p1a: Corviknight
|-immune|p1a: Corviknight
|
|-heal|p2a: Toxapex|98/100|[from] item: Black Sludge
|upkeep
|turn|50
|inactive|jusjakob has 90 seconds left.
|
|t:|1757827182
|move|p1a: Corviknight|Bulk Up|p1a: Corviknight
|-boost|p1a: Corviknight|atk|1
|-boost|p1a: Corviknight|def|1
|move|p2a: Toxapex|Haze|p2a: Toxapex
|-clearallboost
|
|-heal|p2a: Toxapex|100/100|[from] item: Black Sludge
|upkeep
|turn|51
|
|t:|1757827193
|move|p1a: Corviknight|Bulk Up|p1a: Corviknight
|-boost|p1a: Corviknight|atk|1
|-boost|p1a: Corviknight|def|1
|move|p2a: Toxapex|Toxic|p1a: Corviknight
|-immune|p1a: Corviknight
|
|upkeep
|turn|52
|
|t:|1757827203
|move|p1a: Corviknight|Body Press|p2a: Toxapex
|-resisted|p2a: Toxapex
|-damage|p2a: Toxapex|87/100
|move|p2a: Toxapex|Haze|p2a: Toxapex
|-clearallboost
|
|-heal|p2a: Toxapex|93/100|[from] item: Black Sludge
|upkeep
|turn|53
|inactive|jusjakob has 90 seconds left.
|
|t:|1757827242
|move|p1a: Corviknight|Bulk Up|p1a: Corviknight
|-boost|p1a: Corviknight|atk|1
|-boost|p1a: Corviknight|def|1
|move|p2a: Toxapex|Haze|p2a: Toxapex
|-clearallboost
|
|-heal|p2a: Toxapex|99/100|[from] item: Black Sludge
|upkeep
|turn|54
|
|t:|1757827259
|move|p1a: Corviknight|Bulk Up|p1a: Corviknight
|-boost|p1a: Corviknight|atk|1
|-boost|p1a: Corviknight|def|1
|move|p2a: Toxapex|Haze|p2a: Toxapex
|-clearallboost
|
|-heal|p2a: Toxapex|100/100|[from] item: Black Sludge
|upkeep
|turn|55
|
|t:|1757827273
|move|p1a: Corviknight|Iron Head|p2a: Toxapex
|-resisted|p2a: Toxapex
|-damage|p2a: Toxapex|91/100
|move|p2a: Toxapex|Haze|p2a: Toxapex
|-clearallboost
|
|-heal|p2a: Toxapex|97/100|[from] item: Black Sludge
|upkeep
|turn|56
|
|t:|1757827292
|move|p1a: Corviknight|Bulk Up|p1a: Corviknight
|-boost|p1a: Corviknight|atk|1
|-boost|p1a: Corviknight|def|1
|move|p2a: Toxapex|Haze|p2a: Toxapex
|-clearallboost
|
|-heal|p2a: Toxapex|100/100|[from] item: Black Sludge
|upkeep
|turn|57
|inactive|William will has 120 seconds left.
|
|t:|1757827315
|move|p1a: Corviknight|Bulk Up|p1a: Corviknight
|-boost|p1a: Corviknight|atk|1
|-boost|p1a: Corviknight|def|1
|move|p2a: Toxapex|Haze|p2a: Toxapex
|-clearallboost
|
|upkeep
|turn|58
|inactive|William will has 120 seconds left.
|
|t:|1757827330
|move|p1a: Corviknight|Iron Head|p2a: Toxapex
|-resisted|p2a: Toxapex
|-damage|p2a: Toxapex|91/100
|move|p2a: Toxapex|Haze|p2a: Toxapex
|-clearallboost
|
|-heal|p2a: Toxapex|98/100|[from] item: Black Sludge
|upkeep
|turn|59
|inactive|William will has 120 seconds left.
|inactive|jusjakob has 60 seconds left.
|
|t:|1757827360
|move|p1a: Corviknight|Body Press|p2a: Toxapex
|-resisted|p2a: Toxapex
|-damage|p2a: Toxapex|88/100
|move|p2a: Toxapex|Haze|p2a: Toxapex
|-clearallboost
|
|-heal|p2a: Toxapex|94/100|[from] item: Black Sludge
|upkeep
|turn|60
|inactive|William will has 120 seconds left.
|
|t:|1757827388
|move|p1a: Corviknight|Bulk Up|p1a: Corviknight
|-boost|p1a: Corviknight|atk|1
|-boost|p1a: Corviknight|def|1
|move|p2a: Toxapex|Toxic|p1a: Corviknight
|-immune|p1a: Corviknight
|
|-heal|p2a: Toxapex|100/100|[from] item: Black Sludge
|upkeep
|turn|61
|
|t:|1757827398
|move|p1a: Corviknight|Bulk Up|p1a: Corviknight
|-boost|p1a: Corviknight|atk|1
|-boost|p1a: Corviknight|def|1
|move|p2a: Toxapex|Haze|p2a: Toxapex
|-clearallboost
|
|upkeep
|turn|62
|
|t:|1757827419
|move|p1a: Corviknight|Iron Head|p2a: Toxapex
|-resisted|p2a: Toxapex
|-damage|p2a: Toxapex|91/100
|move|p2a: Toxapex|Toxic|p1a: Corviknight
|-immune|p1a: Corviknight
|
|-heal|p2a: Toxapex|97/100|[from] item: Black Sludge
|upkeep
|turn|63
|
|t:|1757827437
|move|p1a: Corviknight|Bulk Up|p1a: Corviknight
|-boost|p1a: Corviknight|atk|1
|-boost|p1a: Corviknight|def|1
|move|p2a: Toxapex|Toxic|p1a: Corviknight
|-immune|p1a: Corviknight
|
|-heal|p2a: Toxapex|100/100|[from] item: Black Sludge
|upkeep
|turn|64
|inactive|jusjakob has 60 seconds left.
|
|t:|1757827472
|move|p1a: Corviknight|Body Press|p2a: Toxapex
|-resisted|p2a: Toxapex
|-damage|p2a: Toxapex|87/100
|move|p2a: Toxapex|Haze|p2a: Toxapex
|-clearallboost
|
|-heal|p2a: Toxapex|93/100|[from] item: Black Sludge
|upkeep
|turn|65
|inactive|jusjakob has 30 seconds left.
|inactive|jusjakob has 20 seconds left.
|inactive|jusjakob has 15 seconds left.
|inactive|jusjakob has 10 seconds left.
|c|☆William will|Yooo
|inactive|jusjakob has 5 seconds left.
|c|☆William will|Ggs?
|-message|jusjakob lost due to inactivity.
|
|win|William will
|raw|William will's rating: 1143 &rarr; <strong>1164</strong><br />(+21 for winning)
|raw|jusjakob's rating: 1088 &rarr; <strong>1068</strong><br />(-20 for losing)
|c|☆William will|Ggs
|c|☆jusjakob|gg
|c|☆jusjakob|my bad I fell asleepe lmao
|c|☆William will|That was fun
|c|☆jusjakob|yeah it was
|c|☆William will|See ya
|c|☆jusjakob|like that squad
|c|☆William will|Thank you
|c|☆jusjakob|I made this one for my coblemon tournament lmao
|c|☆William will|Oh lmao
|c|☆jusjakob|catch ya
|c|☆William will|You to
|l|☆William will
|player|p1|
