|j|☆yfoyflxitgcxkucjn
|j|☆v1rtuegam1ng
|t:|1757829909
|gametype|singles
|player|p1|yfoyflxitgcxkucjn|elesa|1148
|player|p2|v1rtuegam1ng|veteran|1143
|gen|9
|tier|[Gen 9] OU
|rated|
|rule|HP Percentage Mod: HP is shown in percentages
|rule|Endless Battle Clause: Forcing endless battles is banned
|rule|Species Clause: Limit one of each Pokémon
|rule|OHKO Clause: OHKO moves are banned
|rule|Evasion Items Clause: Evasion items are banned
|rule|Evasion Moves Clause: Evasion moves are banned
|rule|Evasion Abilities Clause: Evasion abilities are banned
|rule|Sleep Moves Clause: Sleep-inducing moves are banned
|clearpoke
|poke|p1|Cloyster, M|
|poke|p1|Tornadus-Therian, M|
|poke|p1|Hatterene, F|
|poke|p1|Clodsire, M|
|poke|p1|Skeledirge, F|
|poke|p1|Great Tusk|
|poke|p2|Leavanny, F|
|poke|p2|Ninetales, M|
|poke|p2|Torkoal, F|
|poke|p2|Walking Wake|
|poke|p2|Araquanid, M|
|poke|p2|Gliscor, F|
|teampreview
|
|t:|1757829920
|teamsize|p1|6
|teamsize|p2|6
|start
|switch|p1a: Clodsire|Clodsire, M|100/100
|switch|p2a: Araquanid|Araquanid, M|100/100
|turn|1
|
|t:|1757829927
|move|p2a: Araquanid|Sticky Web|p1a: Clodsire
|-sidestart|p1: yfoyflxitgcxkucjn|move: Sticky Web
|move|p1a: Clodsire|Toxic|p2a: Araquanid
|-status|p2a: Araquanid|tox
|
|-damage|p2a: Araquanid|94/100 tox|[from] psn
|upkeep
|turn|2
|
|t:|1757829933
|switch|p2a: Gliscor|Gliscor, F|100/100
|move|p1a: Clodsire|Stealth Rock|p2a: Gliscor
|-sidestart|p2: v1rtuegam1ng|move: Stealth Rock
|
|-status|p2a: Gliscor|tox|[from] item: Toxic Orb
|upkeep
|turn|3
|
|t:|1757829938
|switch|p1a: Great Tusk|Great Tusk|100/100
|-activate|p1a: Great Tusk|move: Sticky Web
|-unboost|p1a: Great Tusk|spe|1
|-enditem|p1a: Great Tusk|Booster Energy
|-activate|p1a: Great Tusk|ability: Protosynthesis|[fromitem]
|-start|p1a: Great Tusk|protosynthesisatk
|move|p2a: Gliscor|Substitute|p2a: Gliscor
|-start|p2a: Gliscor|Substitute
|-damage|p2a: Gliscor|76/100 tox
|
|-heal|p2a: Gliscor|88/100 tox|[from] ability: Poison Heal
|upkeep
|turn|4
|
|t:|1757829950
|move|p2a: Gliscor|Swords Dance|p2a: Gliscor
|-boost|p2a: Gliscor|atk|2
|move|p1a: Great Tusk|Rapid Spin|p2a: Gliscor
|-activate|p2a: Gliscor|move: Substitute|[damage]
|-sideend|p1: yfoyflxitgcxkucjn|Sticky Web|[from] move: Rapid Spin|[of] p1a: Great Tusk
|-boost|p1a: Great Tusk|spe|1
|
|-heal|p2a: Gliscor|100/100 tox|[from] ability: Poison Heal
|upkeep
|turn|5
|
|t:|1757829958
|move|p2a: Gliscor|Facade|p1a: Great Tusk
|-damage|p1a: Great Tusk|39/100
|move|p1a: Great Tusk|Rapid Spin|p2a: Gliscor
|-end|p2a: Gliscor|Substitute
|-boost|p1a: Great Tusk|spe|1
|
|upkeep
|turn|6
|
|t:|1757829967
|move|p1a: Great Tusk|Ice Spinner|p2a: Gliscor
|-supereffective|p2a: Gliscor
|-damage|p2a: Gliscor|0 fnt
|faint|p2a: Gliscor
|
|upkeep
|
|t:|1757829973
|switch|p2a: Ninetales|Ninetales, M|100/100
|-damage|p2a: Ninetales|76/100|[from] Stealth Rock
|-weather|SunnyDay|[from] ability: Drought|[of] p2a: Ninetales
|turn|7
|
|t:|1757829984
|move|p1a: Great Tusk|Earthquake|p2a: Ninetales
|-supereffective|p2a: Ninetales
|-damage|p2a: Ninetales|0 fnt
|faint|p2a: Ninetales
|
|-weather|SunnyDay|[upkeep]
|upkeep
|
|t:|1757829989
|switch|p2a: Walking Wake|Walking Wake|100/100
|-damage|p2a: Walking Wake|88/100|[from] Stealth Rock
|-activate|p2a: Walking Wake|ability: Protosynthesis
|-start|p2a: Walking Wake|protosynthesisspe
|turn|8
|
|t:|1757829995
|move|p2a: Walking Wake|Weather Ball|p1a: Great Tusk
|-damage|p1a: Great Tusk|0 fnt
|faint|p1a: Great Tusk
|-end|p1a: Great Tusk|Protosynthesis|[silent]
|
|-weather|SunnyDay|[upkeep]
|upkeep
|
|t:|1757830002
|switch|p1a: Clodsire|Clodsire, M|100/100
|turn|9
|
|t:|1757830008
|move|p2a: Walking Wake|Weather Ball|p1a: Clodsire
|-damage|p1a: Clodsire|59/100
|move|p1a: Clodsire|Toxic|p2a: Walking Wake
|-status|p2a: Walking Wake|tox
|
|-weather|SunnyDay|[upkeep]
|-heal|p1a: Clodsire|65/100|[from] item: Black Sludge
|-damage|p2a: Walking Wake|82/100 tox|[from] psn
|upkeep
|turn|10
|
|t:|1757830015
|-terastallize|p2a: Walking Wake|Steel
|move|p2a: Walking Wake|Weather Ball|p1a: Clodsire
|-damage|p1a: Clodsire|27/100
|move|p1a: Clodsire|Recover|p1a: Clodsire
|-heal|p1a: Clodsire|77/100
|
|-weather|SunnyDay|[upkeep]
|-heal|p1a: Clodsire|83/100|[from] item: Black Sludge
|-damage|p2a: Walking Wake|70/100 tox|[from] psn
|upkeep
|turn|11
|
|t:|1757830028
|-end|p2a: Walking Wake|Protosynthesis|[silent]
|switch|p2a: Araquanid|Araquanid, M|94/100 tox
|-damage|p2a: Araquanid|69/100 tox|[from] Stealth Rock
|move|p1a: Clodsire|Earthquake|p2a: Araquanid
|-resisted|p2a: Araquanid
|-damage|p2a: Araquanid|55/100 tox
|
|-weather|SunnyDay|[upkeep]
|-heal|p2a: Araquanid|61/100 tox|[from] item: Leftovers
|-heal|p1a: Clodsire|89/100|[from] item: Black Sludge
|-damage|p2a: Araquanid|55/100 tox|[from] psn
|upkeep
|turn|12
|
|t:|1757830059
|switch|p1a: Hatterene|Hatterene, F|100/100
|move|p2a: Araquanid|Lunge|p1a: Hatterene
|-damage|p1a: Hatterene|77/100
|-unboost|p1a: Hatterene|atk|1
|
|-weather|SunnyDay|[upkeep]
|-heal|p2a: Araquanid|61/100 tox|[from] item: Leftovers
|-heal|p1a: Hatterene|83/100|[from] item: Leftovers
|-damage|p2a: Araquanid|49/100 tox|[from] psn
|upkeep
|turn|13
|
|t:|1757830069
|move|p1a: Hatterene|Calm Mind|p1a: Hatterene
|-boost|p1a: Hatterene|spa|1
|-boost|p1a: Hatterene|spd|1
|move|p2a: Araquanid|Mirror Coat||[still]
|-fail|p2a: Araquanid
|
|-weather|SunnyDay|[upkeep]
|-heal|p2a: Araquanid|55/100 tox|[from] item: Leftovers
|-heal|p1a: Hatterene|89/100|[from] item: Leftovers
|-damage|p2a: Araquanid|37/100 tox|[from] psn
|upkeep
|turn|14
|
|t:|1757830074
|move|p2a: Araquanid|Lunge|p1a: Hatterene
|-damage|p1a: Hatterene|67/100
|-unboost|p1a: Hatterene|atk|1
|move|p1a: Hatterene|Calm Mind|p1a: Hatterene
|-boost|p1a: Hatterene|spa|1
|-boost|p1a: Hatterene|spd|1
|
|-weather|none
|-heal|p2a: Araquanid|43/100 tox|[from] item: Leftovers
|-heal|p1a: Hatterene|73/100|[from] item: Leftovers
|-damage|p2a: Araquanid|18/100 tox|[from] psn
|upkeep
|turn|15
|
|t:|1757830090
|move|p2a: Araquanid|Lunge|p1a: Hatterene
|-damage|p1a: Hatterene|49/100
|-unboost|p1a: Hatterene|atk|1
|move|p1a: Hatterene|Calm Mind|p1a: Hatterene
|-boost|p1a: Hatterene|spa|1
|-boost|p1a: Hatterene|spd|1
|
|-heal|p2a: Araquanid|24/100 tox|[from] item: Leftovers
|-heal|p1a: Hatterene|55/100|[from] item: Leftovers
|-damage|p2a: Araquanid|0 fnt|[from] psn
|faint|p2a: Araquanid
|upkeep
|
|t:|1757830098
|switch|p2a: Torkoal|Torkoal, F|100/100
|-damage|p2a: Torkoal|75/100|[from] Stealth Rock
|-weather|SunnyDay|[from] ability: Drought|[of] p2a: Torkoal
|turn|16
|
|t:|1757830106
|-terastallize|p1a: Hatterene|Water
|move|p1a: Hatterene|Psychic|p2a: Torkoal
|-damage|p2a: Torkoal|0 fnt
|faint|p2a: Torkoal
|
|-weather|SunnyDay|[upkeep]
|-heal|p1a: Hatterene|61/100|[from] item: Leftovers
|upkeep
|
|t:|1757830116
|switch|p2a: Leavanny|Leavanny, F|100/100
|-damage|p2a: Leavanny|76/100|[from] Stealth Rock
|turn|17
|
|t:|1757830122
|move|p2a: Leavanny|Leaf Blade|p1a: Hatterene
|-supereffective|p1a: Hatterene
|-damage|p1a: Hatterene|0 fnt
|faint|p1a: Hatterene
|-damage|p2a: Leavanny|66/100|[from] item: Life Orb
|
|-weather|SunnyDay|[upkeep]
|upkeep
|
|t:|1757830130
|switch|p1a: Cloyster|Cloyster, M|100/100
|turn|18
|
|t:|1757830138
|move|p1a: Cloyster|Protect|p1a: Cloyster
|-singleturn|p1a: Cloyster|Protect
|move|p2a: Leavanny|Leaf Blade|p1a: Cloyster
|-activate|p1a: Cloyster|move: Protect
|
|-weather|SunnyDay|[upkeep]
|upkeep
|turn|19
|
|t:|1757830146
|switch|p1a: Tornadus|Tornadus-Therian, M|100/100
|move|p2a: Leavanny|Knock Off|p1a: Tornadus
|-damage|p1a: Tornadus|49/100
|-enditem|p1a: Tornadus|Heavy-Duty Boots|[from] move: Knock Off|[of] p2a: Leavanny
|-damage|p2a: Leavanny|56/100|[from] item: Life Orb
|
|-weather|SunnyDay|[upkeep]
|upkeep
|turn|20
|
|t:|1757830153
|move|p2a: Leavanny|Triple Axel|p1a: Tornadus
|-supereffective|p1a: Tornadus
|-damage|p1a: Tornadus|25/100
|-supereffective|p1a: Tornadus
|-damage|p1a: Tornadus|0 fnt
|faint|p1a: Tornadus
|-hitcount|p1: Tornadus|2
|-damage|p2a: Leavanny|46/100|[from] item: Life Orb
|
|-weather|none
|upkeep
|
|t:|1757830155
|switch|p1a: Skeledirge|Skeledirge, F|100/100
|turn|21
|
|t:|1757830165
|move|p2a: Leavanny|Knock Off|p1a: Skeledirge
|-supereffective|p1a: Skeledirge
|-damage|p1a: Skeledirge|44/100
|-enditem|p1a: Skeledirge|Heavy-Duty Boots|[from] move: Knock Off|[of] p2a: Leavanny
|-damage|p2a: Leavanny|36/100|[from] item: Life Orb
|move|p1a: Skeledirge|Will-O-Wisp|p2a: Leavanny
|-status|p2a: Leavanny|brn
|
|-damage|p2a: Leavanny|30/100 brn|[from] brn
|upkeep
|turn|22
|
|t:|1757830180
|switch|p1a: Clodsire|Clodsire, M|89/100
|move|p2a: Leavanny|Knock Off|p1a: Clodsire
|-damage|p1a: Clodsire|68/100
|-enditem|p1a: Clodsire|Black Sludge|[from] move: Knock Off|[of] p2a: Leavanny
|-damage|p2a: Leavanny|20/100 brn|[from] item: Life Orb
|
|-damage|p2a: Leavanny|14/100 brn|[from] brn
|upkeep
|turn|23
|
|t:|1757830190
|move|p2a: Leavanny|Triple Axel|p1a: Clodsire
|-supereffective|p1a: Clodsire
|-damage|p1a: Clodsire|58/100
|-hitcount|p1a: Clodsire|1
|-damage|p2a: Leavanny|4/100 brn|[from] item: Life Orb
|move|p1a: Clodsire|Recover|p1a: Clodsire
|-heal|p1a: Clodsire|100/100
|
|-damage|p2a: Leavanny|0 fnt|[from] brn
|faint|p2a: Leavanny
|upkeep
|
|t:|1757830203
|switch|p2a: Walking Wake|Walking Wake, tera:Steel|70/100 tox
|-damage|p2a: Walking Wake|64/100 tox|[from] Stealth Rock
|turn|24
|
|t:|1757830216
|move|p2a: Walking Wake|Tera Blast|p1a: Clodsire|[anim] Tera Blast Steel
|-damage|p1a: Clodsire|71/100
|move|p1a: Clodsire|Earthquake|p2a: Walking Wake
|-supereffective|p2a: Walking Wake
|-damage|p2a: Walking Wake|5/100 tox
|
|-damage|p2a: Walking Wake|0 fnt|[from] psn
|faint|p2a: Walking Wake
|-end|p2a: Walking Wake|Protosynthesis|[silent]
|
|win|yfoyflxitgcxkucjn
|raw|yfoyflxitgcxkucjn's rating: 1148 &rarr; <strong>1173</strong><br />(+25 for winning)
|raw|v1rtuegam1ng's rating: 1143 &rarr; <strong>1118</strong><br />(-25 for losing)
|l|☆v1rtuegam1ng
|player|p2|
|l|☆yfoyflxitgcxkucjn
|player|p1|
