|j|☆kenxniper
|j|‽drywalled wins
|t:|1757900868
|gametype|singles
|player|p1|kenxniper|gladion-masters|1328
|player|p2|drywalled wins|barry|1315
|gen|9
|tier|[Gen 9] OU
|rated|
|rule|HP Percentage Mod: HP is shown in percentages
|rule|Endless Battle Clause: Forcing endless battles is banned
|rule|Species Clause: Limit one of each Pokémon
|rule|OHKO Clause: OHKO moves are banned
|rule|Evasion Items Clause: Evasion items are banned
|rule|Evasion Moves Clause: Evasion moves are banned
|rule|Evasion Abilities Clause: Evasion abilities are banned
|rule|Sleep Moves Clause: Sleep-inducing moves are banned
|clearpoke
|poke|p1|Primarina, M|
|poke|p1|Raging Bolt|
|poke|p1|Scizor, M|
|poke|p1|Gholdengo|
|poke|p1|Great Tusk|
|poke|p1|Rillaboom, F|
|poke|p2|Grimmsnarl, M|
|poke|p2|Slowking-Galar, F|
|poke|p2|Rillaboom, F|
|poke|p2|Coalossal, M|
|poke|p2|Cloyster, F|
|poke|p2|Latias, F|
|teampreview
|inactive|Battle timer is ON: inactive players will automatically lose when time's up. (requested by drywalled wins)
|
|t:|1757900884
|teamsize|p1|6
|teamsize|p2|6
|start
|switch|p1a: Gholdengo|Gholdengo|100/100
|switch|p2a: Rillaboom|Rillaboom, F|100/100
|-fieldstart|move: Grassy Terrain|[from] ability: Grassy Surge|[of] p2a: Rillaboom
|turn|1
|
|t:|1757900894
|switch|p2a: Coalossal|Coalossal, M|100/100
|move|p1a: Gholdengo|Thunder Wave|p2a: Coalossal
|-status|p2a: Coalossal|par
|
|upkeep
|turn|2
|
|t:|1757900903
|switch|p1a: Primarina|Primarina, M|100/100
|switch|p2a: Rillaboom|Rillaboom, F|100/100
|
|upkeep
|turn|3
|
|t:|1757900925
|-terastallize|p1a: Primarina|Grass
|move|p2a: Rillaboom|U-turn|p1a: Primarina
|-supereffective|p1a: Primarina
|-damage|p1a: Primarina|5/100
|
|t:|1757900938
|switch|p2a: Slowking|Slowking-Galar, F|100/100|[from] U-turn
|move|p1a: Primarina|Ice Beam|p2a: Slowking
|-damage|p2a: Slowking|82/100
|
|-heal|p1a: Primarina|11/100|[from] Grassy Terrain
|-heal|p2a: Slowking|88/100|[from] Grassy Terrain
|upkeep
|turn|4
|inactive|kenxniper has 120 seconds left.
|
|t:|1757900969
|move|p1a: Primarina|Hydro Pump|p2a: Slowking
|-damage|p2a: Slowking|31/100
|-prepare|p2a: Slowking|Chilly Reception|[premajor]
|move|p2a: Slowking|Chilly Reception|p2a: Slowking
|-weather|Snowscape
|
|t:|1757900984
|switch|p2a: Rillaboom|Rillaboom, F|100/100|[from] Chilly Reception
|
|-weather|Snowscape|[upkeep]
|-heal|p1a: Primarina|18/100|[from] Grassy Terrain
|upkeep
|turn|5
|
|t:|1757900986
|move|p2a: Rillaboom|U-turn|p1a: Primarina
|-supereffective|p1a: Primarina
|-damage|p1a: Primarina|0 fnt
|faint|p1a: Primarina
|
|t:|1757900991
|switch|p2a: Slowking|Slowking-Galar, F|64/100|[from] U-turn
|
|-weather|Snowscape|[upkeep]
|-heal|p2a: Slowking|71/100|[from] Grassy Terrain
|-fieldend|move: Grassy Terrain
|upkeep
|
|t:|1757900998
|switch|p1a: Gholdengo|Gholdengo|100/100
|turn|6
|
|t:|1757901019
|switch|p2a: Coalossal|Coalossal, M|100/100 par
|move|p1a: Gholdengo|Hex|p2a: Coalossal
|-damage|p2a: Coalossal|30/100 par
|
|-weather|Snowscape|[upkeep]
|upkeep
|turn|7
|
|t:|1757901025
|move|p1a: Gholdengo|Hex|p2a: Coalossal
|-damage|p2a: Coalossal|0 fnt
|faint|p2a: Coalossal
|
|-weather|Snowscape|[upkeep]
|upkeep
|
|t:|1757901033
|switch|p2a: Grimmsnarl|Grimmsnarl, M|100/100
|turn|8
|
|t:|1757901052
|move|p2a: Grimmsnarl|Light Screen|p2a: Grimmsnarl
|-sidestart|p2: drywalled wins|move: Light Screen
|move|p1a: Gholdengo|Make It Rain|p2a: Grimmsnarl
|-supereffective|p2a: Grimmsnarl
|-damage|p2a: Grimmsnarl|24/100
|-unboost|p1a: Gholdengo|spa|1
|
|-weather|none
|upkeep
|turn|9
|
|t:|1757901063
|move|p2a: Grimmsnarl|Reflect|p2a: Grimmsnarl
|-sidestart|p2: drywalled wins|Reflect
|move|p1a: Gholdengo|Thunder Wave|p2a: Grimmsnarl
|-status|p2a: Grimmsnarl|par
|
|upkeep
|turn|10
|
|t:|1757901087
|switch|p2a: Rillaboom|Rillaboom, F|100/100
|-fieldstart|move: Grassy Terrain|[from] ability: Grassy Surge|[of] p2a: Rillaboom
|move|p1a: Gholdengo|Make It Rain|p2a: Rillaboom
|-damage|p2a: Rillaboom|71/100
|-unboost|p1a: Gholdengo|spa|1
|
|-heal|p2a: Rillaboom|77/100|[from] Grassy Terrain
|upkeep
|turn|11
|
|t:|1757901095
|move|p2a: Rillaboom|Knock Off|p1a: Gholdengo
|-supereffective|p1a: Gholdengo
|-damage|p1a: Gholdengo|4/100
|-enditem|p1a: Gholdengo|Leftovers|[from] move: Knock Off|[of] p2a: Rillaboom
|move|p1a: Gholdengo|Thunder Wave|p2a: Rillaboom
|-status|p2a: Rillaboom|par
|
|-heal|p1a: Gholdengo|10/100|[from] Grassy Terrain
|-heal|p2a: Rillaboom|83/100 par|[from] Grassy Terrain
|upkeep
|turn|12
|
|t:|1757901103
|switch|p1a: Rillaboom|Rillaboom, F|100/100
|switch|p2a: Cloyster|Cloyster, F|100/100
|
|upkeep
|turn|13
|
|t:|1757901110
|move|p1a: Rillaboom|Wood Hammer|p2a: Cloyster
|-supereffective|p2a: Cloyster
|-damage|p2a: Cloyster|39/100
|-damage|p1a: Rillaboom|85/100|[from] Recoil
|move|p2a: Cloyster|Icicle Spear|p1a: Rillaboom
|-supereffective|p1a: Rillaboom
|-damage|p1a: Rillaboom|57/100
|-supereffective|p1a: Rillaboom
|-damage|p1a: Rillaboom|25/100
|-supereffective|p1a: Rillaboom
|-damage|p1a: Rillaboom|0 fnt
|faint|p1a: Rillaboom
|-hitcount|p1: Rillaboom|3
|
|-heal|p2a: Cloyster|45/100|[from] Grassy Terrain
|upkeep
|
|t:|1757901115
|switch|p1a: Scizor|Scizor, M|100/100
|turn|14
|
|t:|1757901139
|move|p2a: Cloyster|Rock Blast|p1a: Scizor
|-damage|p1a: Scizor|93/100
|-damage|p1a: Scizor|85/100
|-damage|p1a: Scizor|77/100
|-damage|p1a: Scizor|70/100
|-damage|p1a: Scizor|62/100
|-hitcount|p1a: Scizor|5
|move|p1a: Scizor|Swords Dance|p1a: Scizor
|-boost|p1a: Scizor|atk|2
|
|-heal|p2a: Cloyster|51/100|[from] Grassy Terrain
|-heal|p1a: Scizor|68/100|[from] Grassy Terrain
|-heal|p1a: Scizor|74/100|[from] item: Leftovers
|-fieldend|move: Grassy Terrain
|upkeep
|turn|15
|
|t:|1757901160
|move|p1a: Scizor|Bullet Punch|p2a: Cloyster
|-damage|p2a: Cloyster|25/100
|move|p2a: Cloyster|Rock Blast|p1a: Scizor
|-damage|p1a: Scizor|66/100
|-damage|p1a: Scizor|58/100
|-damage|p1a: Scizor|50/100
|-damage|p1a: Scizor|41/100
|-damage|p1a: Scizor|33/100
|-hitcount|p1a: Scizor|5
|
|-heal|p1a: Scizor|39/100|[from] item: Leftovers
|-sideend|p2: drywalled wins|move: Light Screen
|upkeep
|turn|16
|
|t:|1757901167
|move|p1a: Scizor|Bullet Punch|p2a: Cloyster
|-damage|p2a: Cloyster|0 fnt
|faint|p2a: Cloyster
|
|-heal|p1a: Scizor|45/100|[from] item: Leftovers
|-sideend|p2: drywalled wins|Reflect
|upkeep
|
|t:|1757901171
|switch|p2a: Grimmsnarl|Grimmsnarl, M|24/100 par
|turn|17
|
|t:|1757901175
|move|p1a: Scizor|Bullet Punch|p2a: Grimmsnarl
|-supereffective|p2a: Grimmsnarl
|-damage|p2a: Grimmsnarl|0 fnt
|faint|p2a: Grimmsnarl
|
|-heal|p1a: Scizor|51/100|[from] item: Leftovers
|upkeep
|
|t:|1757901187
|switch|p2a: Latias|Latias, F|100/100
|turn|18
|
|t:|1757901212
|switch|p2a: Slowking|Slowking-Galar, F|100/100
|move|p1a: Scizor|Bug Bite|p2a: Slowking
|-damage|p2a: Slowking|2/100
|
|-heal|p1a: Scizor|57/100|[from] item: Leftovers
|upkeep
|turn|19
|-message|drywalled wins forfeited.
|
|win|kenxniper
|raw|kenxniper's rating: 1328 &rarr; <strong>1347</strong><br />(+19 for winning)
|raw|drywalled wins's rating: 1315 &rarr; <strong>1296</strong><br />(-19 for losing)
|l|‽drywalled wins
|player|p2|
|l|☆kenxniper
|player|p1|
