|j|☆ilikefries
|j|☆sly_sunflower
|t:|1757932366
|gametype|singles
|player|p1|ilikefries|266|1134
|player|p2|sly_sunflower|cilan|1098
|gen|9
|tier|[Gen 9] OU
|rated|
|rule|HP Percentage Mod: HP is shown in percentages
|rule|Endless Battle Clause: Forcing endless battles is banned
|rule|Species Clause: Limit one of each Pokémon
|rule|OHKO Clause: OHKO moves are banned
|rule|Evasion Items Clause: Evasion items are banned
|rule|Evasion Moves Clause: Evasion moves are banned
|rule|Evasion Abilities Clause: Evasion abilities are banned
|rule|Sleep Moves Clause: Sleep-inducing moves are banned
|clearpoke
|poke|p1|Landorus-Therian, M|
|poke|p1|Samurott-Hisui, M|
|poke|p1|Pecharunt|
|poke|p1|Scizor, F|
|poke|p1|Latios, M|
|poke|p1|Zamazenta-*|
|poke|p2|Magneton|
|poke|p2|Luvdisc, F|
|poke|p2|Gogoat, F|
|poke|p2|Houndoom, F|
|poke|p2|Medicham, M|
|poke|p2|Drifblim, M|
|teampreview
|inactive|Battle timer is ON: inactive players will automatically lose when time's up. (requested by sly_sunflower)
|
|t:|1757932380
|teamsize|p1|6
|teamsize|p2|6
|start
|switch|p1a: Samurott|Samurott-Hisui, M|100/100
|switch|p2a: Medicham|Medicham, M|100/100
|turn|1
|
|t:|1757932390
|switch|p1a: Landorus|Landorus-Therian, M|100/100
|-ability|p1a: Landorus|Intimidate|boost
|-unboost|p2a: Medicham|atk|1
|move|p2a: Medicham|Close Combat|p1a: Landorus
|-resisted|p1a: Landorus
|-damage|p1a: Landorus|78/100
|-unboost|p2a: Medicham|def|1
|-unboost|p2a: Medicham|spd|1
|-damage|p2a: Medicham|84/100|[from] item: Rocky Helmet|[of] p1a: Landorus
|
|upkeep
|turn|2
|
|t:|1757932396
|switch|p2a: Gogoat|Gogoat, F|100/100
|move|p1a: Landorus|Stealth Rock|p2a: Gogoat
|-sidestart|p2: sly_sunflower|move: Stealth Rock
|
|upkeep
|turn|3
|
|t:|1757932400
|move|p1a: Landorus|U-turn|p2a: Gogoat
|-supereffective|p2a: Gogoat
|-damage|p2a: Gogoat|58/100
|-damage|p1a: Landorus|61/100|[from] item: Rocky Helmet|[of] p2a: Gogoat
|
|t:|1757932403
|switch|p1a: Pecharunt|Pecharunt|100/100|[from] U-turn
|move|p2a: Gogoat|Bulk Up|p2a: Gogoat
|-boost|p2a: Gogoat|atk|1
|-boost|p2a: Gogoat|def|1
|
|upkeep
|turn|4
|
|t:|1757932411
|move|p1a: Pecharunt|Malignant Chain|p2a: Gogoat
|-supereffective|p2a: Gogoat
|-damage|p2a: Gogoat|9/100
|move|p2a: Gogoat|High Horsepower|p1a: Pecharunt
|-supereffective|p1a: Pecharunt
|-damage|p1a: Pecharunt|56/100
|
|upkeep
|turn|5
|
|t:|1757932424
|switch|p2a: Magneton|Magneton|100/100
|-damage|p2a: Magneton|95/100|[from] Stealth Rock
|move|p1a: Pecharunt|Malignant Chain|p2a: Magneton
|-immune|p2a: Magneton
|
|upkeep
|turn|6
|
|t:|1757932432
|move|p1a: Pecharunt|Recover|p1a: Pecharunt
|-heal|p1a: Pecharunt|100/100
|move|p2a: Magneton|Discharge|p1a: Pecharunt
|-damage|p1a: Pecharunt|41/100
|
|upkeep
|turn|7
|
|t:|1757932444
|switch|p1a: Landorus|Landorus-Therian, M|61/100
|-ability|p1a: Landorus|Intimidate|boost
|-unboost|p2a: Magneton|atk|1
|move|p2a: Magneton|Tri Attack|p1a: Landorus
|-damage|p1a: Landorus|21/100
|
|upkeep
|turn|8
|
|t:|1757932460
|switch|p1a: Latios|Latios, M|100/100
|move|p2a: Magneton|Tri Attack|p1a: Latios
|-damage|p1a: Latios|62/100
|
|upkeep
|turn|9
|
|t:|1757932466
|move|p1a: Latios|Calm Mind|p1a: Latios
|-boost|p1a: Latios|spa|1
|-boost|p1a: Latios|spd|1
|move|p2a: Magneton|Flash Cannon|p1a: Latios
|-damage|p1a: Latios|21/100
|
|upkeep
|turn|10
|
|t:|1757932472
|move|p1a: Latios|Recover|p1a: Latios
|-heal|p1a: Latios|72/100
|move|p2a: Magneton|Flash Cannon|p1a: Latios
|-damage|p1a: Latios|30/100
|-unboost|p1a: Latios|spd|1
|
|upkeep
|turn|11
|
|t:|1757932477
|-terastallize|p1a: Latios|Steel
|move|p1a: Latios|Recover|p1a: Latios
|-heal|p1a: Latios|80/100
|move|p2a: Magneton|Flash Cannon|p1a: Latios
|-resisted|p1a: Latios
|-damage|p1a: Latios|53/100
|
|upkeep
|turn|12
|
|t:|1757932481
|move|p1a: Latios|Calm Mind|p1a: Latios
|-boost|p1a: Latios|spa|1
|-boost|p1a: Latios|spd|1
|move|p2a: Magneton|Discharge|p1a: Latios
|-damage|p1a: Latios|11/100
|-status|p1a: Latios|par
|
|upkeep
|turn|13
|
|t:|1757932487
|move|p1a: Latios|Draco Meteor|p2a: Magneton
|-resisted|p2a: Magneton
|-damage|p2a: Magneton|19/100
|-unboost|p1a: Latios|spa|2
|move|p2a: Magneton|Discharge|p1a: Latios
|-damage|p1a: Latios|0 fnt
|faint|p1a: Latios
|
|upkeep
|
|t:|1757932493
|switch|p1a: Samurott|Samurott-Hisui, M|100/100
|turn|14
|
|t:|1757932501
|move|p1a: Samurott|Aqua Jet|p2a: Magneton
|-damage|p2a: Magneton|4/100
|move|p2a: Magneton|Discharge|p1a: Samurott
|-supereffective|p1a: Samurott
|-crit|p1a: Samurott
|-damage|p1a: Samurott|0 fnt
|faint|p1a: Samurott
|
|upkeep
|
|t:|1757932505
|switch|p1a: Scizor|Scizor, F|100/100
|turn|15
|
|t:|1757932513
|move|p1a: Scizor|Bullet Punch|p2a: Magneton
|-resisted|p2a: Magneton
|-damage|p2a: Magneton|0 fnt
|faint|p2a: Magneton
|
|upkeep
|
|t:|1757932528
|switch|p2a: Drifblim|Drifblim, M|100/100
|-damage|p2a: Drifblim|76/100|[from] Stealth Rock
|turn|16
|
|t:|1757932532
|move|p2a: Drifblim|Strength Sap|p1a: Scizor
|-unboost|p1a: Scizor|atk|1
|-heal|p2a: Drifblim|100/100
|move|p1a: Scizor|Knock Off|p2a: Drifblim
|-supereffective|p2a: Drifblim
|-damage|p2a: Drifblim|22/100
|-enditem|p2a: Drifblim|Weakness Policy
|-boost|p2a: Drifblim|atk|2|[from] item: Weakness Policy
|-boost|p2a: Drifblim|spa|2|[from] item: Weakness Policy
|
|upkeep
|turn|17
|
|t:|1757932543
|move|p1a: Scizor|Bullet Punch|p2a: Drifblim
|-damage|p2a: Drifblim|0 fnt
|faint|p2a: Drifblim
|
|upkeep
|
|t:|1757932552
|switch|p2a: Houndoom|Houndoom, F|100/100
|-damage|p2a: Houndoom|76/100|[from] Stealth Rock
|turn|18
|
|t:|1757932565
|switch|p1a: Pecharunt|Pecharunt|41/100
|move|p2a: Houndoom|Trailblaze|p1a: Pecharunt
|-resisted|p1a: Pecharunt
|-damage|p1a: Pecharunt|37/100
|-boost|p2a: Houndoom|spe|1
|-damage|p2a: Houndoom|66/100|[from] item: Life Orb
|
|upkeep
|turn|19
|
|t:|1757932573
|move|p2a: Houndoom|Dark Pulse|p1a: Pecharunt
|-supereffective|p1a: Pecharunt
|-damage|p1a: Pecharunt|0 fnt
|faint|p1a: Pecharunt
|-damage|p2a: Houndoom|56/100|[from] item: Life Orb
|
|upkeep
|
|t:|1757932579
|switch|p1a: Zamazenta|Zamazenta|100/100
|-ability|p1a: Zamazenta|Dauntless Shield|boost
|-boost|p1a: Zamazenta|def|1
|turn|20
|
|t:|1757932585
|move|p2a: Houndoom|Flamethrower|p1a: Zamazenta
|-damage|p1a: Zamazenta|50/100
|-damage|p2a: Houndoom|46/100|[from] item: Life Orb
|move|p1a: Zamazenta|Body Press|p2a: Houndoom
|-supereffective|p2a: Houndoom
|-crit|p2a: Houndoom
|-damage|p2a: Houndoom|0 fnt
|faint|p2a: Houndoom
|
|-heal|p1a: Zamazenta|56/100|[from] item: Leftovers
|upkeep
|
|t:|1757932601
|switch|p2a: Medicham|Medicham, M|84/100
|-damage|p2a: Medicham|78/100|[from] Stealth Rock
|turn|21
|
|t:|1757932606
|switch|p1a: Landorus|Landorus-Therian, M|21/100
|-ability|p1a: Landorus|Intimidate|boost
|-unboost|p2a: Medicham|atk|1
|move|p2a: Medicham|Zen Headbutt|p1a: Landorus
|-damage|p1a: Landorus|0 fnt
|-damage|p2a: Medicham|61/100|[from] item: Rocky Helmet|[of] p1a: Landorus
|faint|p1a: Landorus
|
|upkeep
|
|t:|1757932608
|switch|p1a: Scizor|Scizor, F|100/100
|turn|22
|
|t:|1757932612
|switch|p2a: Gogoat|Gogoat, F|9/100
|-damage|p2a: Gogoat|0 fnt|[from] Stealth Rock
|faint|p2a: Gogoat
|move|p1a: Scizor|Swords Dance|p1a: Scizor
|-boost|p1a: Scizor|atk|2
|
|upkeep
|
|t:|1757932619
|switch|p2a: Medicham|Medicham, M|61/100
|-damage|p2a: Medicham|55/100|[from] Stealth Rock
|turn|23
|
|t:|1757932621
|move|p1a: Scizor|Bullet Punch|p2a: Medicham
|-damage|p2a: Medicham|0 fnt
|faint|p2a: Medicham
|
|upkeep
|-message|sly_sunflower forfeited.
|
|win|ilikefries
|raw|ilikefries's rating: 1134 &rarr; <strong>1156</strong><br />(+22 for winning)
|raw|sly_sunflower's rating: 1098 &rarr; <strong>1076</strong><br />(-22 for losing)
|l|☆ilikefries
|player|p1|
|l|☆sly_sunflower
|player|p2|
