|j|☆Sirpumpkinalot
|j|☆monstermixmuffin
|t:|1757832168
|gametype|singles
|player|p1|Sirpumpkinalot|guitarist-gen4|1364
|player|p2|monstermixmuffin|hanbei-conquest|1375
|gen|9
|tier|[Gen 9] OU
|rated|
|rule|HP Percentage Mod: HP is shown in percentages
|rule|Endless Battle Clause: Forcing endless battles is banned
|rule|Species Clause: Limit one of each Pokémon
|rule|OHKO Clause: OHKO moves are banned
|rule|Evasion Items Clause: Evasion items are banned
|rule|Evasion Moves Clause: Evasion moves are banned
|rule|Evasion Abilities Clause: Evasion abilities are banned
|rule|Sleep Moves Clause: Sleep-inducing moves are banned
|clearpoke
|poke|p1|Alomomola, M|
|poke|p1|Dragalge, M|
|poke|p1|Lokix, F|
|poke|p1|Great Tusk|
|poke|p1|Gholdengo|
|poke|p1|Moltres|
|poke|p2|Kleavor, M|
|poke|p2|Weezing-Galar, F|
|poke|p2|Pecharunt|
|poke|p2|Enamorus, F|
|poke|p2|Meowscarada, F|
|poke|p2|Ceruledge, M|
|teampreview
|
|t:|1757832202
|teamsize|p1|6
|teamsize|p2|6
|start
|switch|p1a: Gholdengo|Gholdengo|100/100
|switch|p2a: Enamorus|Enamorus, F|100/100
|turn|1
|
|t:|1757832214
|move|p2a: Enamorus|Mystical Fire|p1a: Gholdengo
|-supereffective|p1a: Gholdengo
|-damage|p1a: Gholdengo|29/100
|-unboost|p1a: Gholdengo|spa|1
|move|p1a: Gholdengo|Make It Rain|p2a: Enamorus
|-supereffective|p2a: Enamorus
|-damage|p2a: Enamorus|0 fnt
|-unboost|p1a: Gholdengo|spa|1
|faint|p2a: Enamorus
|
|upkeep
|
|t:|1757832221
|switch|p2a: Kleavor|Kleavor, M|100/100
|turn|2
|
|t:|1757832232
|switch|p1a: Great Tusk|Great Tusk|100/100
|move|p2a: Kleavor|Agility|p2a: Kleavor
|-boost|p2a: Kleavor|spe|2
|
|upkeep
|turn|3
|
|t:|1757832245
|-terastallize|p2a: Kleavor|Bug
|move|p2a: Kleavor|Fury Cutter|p1a: Great Tusk
|-resisted|p1a: Great Tusk
|-damage|p1a: Great Tusk|82/100
|move|p1a: Great Tusk|Headlong Rush|p2a: Kleavor
|-resisted|p2a: Kleavor
|-damage|p2a: Kleavor|62/100
|-unboost|p1a: Great Tusk|def|1
|-unboost|p1a: Great Tusk|spd|1
|
|upkeep
|turn|4
|
|t:|1757832273
|-end|p1a: Great Tusk|Protosynthesis|[silent]
|switch|p1a: Moltres|Moltres|100/100
|move|p2a: Kleavor|Fury Cutter|p1a: Moltres
|-resisted|p1a: Moltres
|-damage|p1a: Moltres|74/100
|
|upkeep
|turn|5
|
|t:|1757832280
|switch|p1a: Great Tusk|Great Tusk|82/100
|move|p2a: Kleavor|Stone Axe|p1a: Great Tusk
|-resisted|p1a: Great Tusk
|-damage|p1a: Great Tusk|71/100
|-sidestart|p1: Sirpumpkinalot|move: Stealth Rock
|
|upkeep
|turn|6
|
|t:|1757832311
|move|p2a: Kleavor|Fury Cutter|p1a: Great Tusk
|-resisted|p1a: Great Tusk
|-damage|p1a: Great Tusk|53/100
|move|p1a: Great Tusk|Rapid Spin|p2a: Kleavor
|-damage|p2a: Kleavor|42/100
|-boost|p1a: Great Tusk|spe|1
|-sideend|p1: Sirpumpkinalot|Stealth Rock|[from] move: Rapid Spin|[of] p1a: Great Tusk
|
|upkeep
|turn|7
|
|t:|1757832389
|move|p2a: Kleavor|Fury Cutter|p1a: Great Tusk
|-resisted|p1a: Great Tusk
|-damage|p1a: Great Tusk|13/100
|move|p1a: Great Tusk|Headlong Rush|p2a: Kleavor
|-resisted|p2a: Kleavor
|-damage|p2a: Kleavor|0 fnt
|-unboost|p1a: Great Tusk|def|1
|-unboost|p1a: Great Tusk|spd|1
|faint|p2a: Kleavor
|
|upkeep
|
|t:|1757832417
|switch|p2a: Ceruledge|Ceruledge, M|100/100
|turn|8
|
|t:|1757832427
|move|p2a: Ceruledge|Shadow Sneak|p1a: Great Tusk
|-damage|p1a: Great Tusk|0 fnt
|faint|p1a: Great Tusk
|-end|p1a: Great Tusk|Protosynthesis|[silent]
|
|upkeep
|
|t:|1757832439
|switch|p1a: Alomomola|Alomomola, M|100/100
|turn|9
|
|t:|1757832448
|switch|p2a: Meowscarada|Meowscarada, F|100/100
|move|p1a: Alomomola|Scald|p2a: Meowscarada
|-resisted|p2a: Meowscarada
|-damage|p2a: Meowscarada|90/100
|
|upkeep
|turn|10
|
|t:|1757832460
|switch|p1a: Moltres|Moltres|74/100
|move|p2a: Meowscarada|U-turn|p1a: Moltres
|-start|p2a: Meowscarada|typechange|Bug|[from] ability: Protean
|-resisted|p1a: Moltres
|-damage|p1a: Moltres|63/100
|-status|p2a: Meowscarada|brn|[from] ability: Flame Body|[of] p1a: Moltres
|
|t:|1757832464
|switch|p2a: Ceruledge|Ceruledge, M|100/100|[from] U-turn
|
|upkeep
|turn|11
|
|t:|1757832477
|move|p2a: Ceruledge|Swords Dance|p2a: Ceruledge
|-boost|p2a: Ceruledge|atk|2
|move|p1a: Moltres|Roar|p2a: Ceruledge
|drag|p2a: Pecharunt|Pecharunt|100/100
|
|upkeep
|turn|12
|
|t:|1757832489
|switch|p1a: Dragalge|Dragalge, M|100/100
|move|p2a: Pecharunt|Parting Shot|p1a: Dragalge
|-unboost|p1a: Dragalge|atk|1
|-unboost|p1a: Dragalge|spa|1
|
|t:|1757832495
|switch|p2a: Meowscarada|Meowscarada, F|90/100 brn|[from] Parting Shot
|
|-damage|p2a: Meowscarada|84/100 brn|[from] brn
|upkeep
|turn|13
|
|t:|1757832509
|move|p2a: Meowscarada|Knock Off|p1a: Dragalge
|-start|p2a: Meowscarada|typechange|Dark|[from] ability: Protean
|-damage|p1a: Dragalge|64/100
|-enditem|p1a: Dragalge|Choice Specs|[from] move: Knock Off|[of] p2a: Meowscarada
|move|p1a: Dragalge|Toxic Spikes|p2a: Meowscarada
|-sidestart|p2: monstermixmuffin|move: Toxic Spikes
|
|-damage|p2a: Meowscarada|78/100 brn|[from] brn
|upkeep
|turn|14
|
|t:|1757832531
|switch|p2a: Weezing|Weezing-Galar, F|100/100
|-ability|p2a: Weezing|Neutralizing Gas
|-sideend|p2: monstermixmuffin|move: Toxic Spikes|[of] p2a: Weezing
|move|p1a: Dragalge|Flip Turn|p2a: Weezing
|-damage|p2a: Weezing|96/100
|
|t:|1757832543
|switch|p1a: Gholdengo|Gholdengo|29/100|[from] Flip Turn
|
|upkeep
|turn|15
|
|t:|1757832546
|-end|p2a: Weezing|ability: Neutralizing Gas
|switch|p2a: Meowscarada|Meowscarada, F|78/100 brn
|move|p1a: Gholdengo|Make It Rain|p2a: Meowscarada
|-damage|p2a: Meowscarada|0 fnt
|-unboost|p1a: Gholdengo|spa|1
|faint|p2a: Meowscarada
|
|upkeep
|
|t:|1757832549
|switch|p2a: Ceruledge|Ceruledge, M|100/100
|turn|16
|
|t:|1757832559
|switch|p1a: Moltres|Moltres|63/100
|move|p2a: Ceruledge|Shadow Sneak|p1a: Moltres
|-damage|p1a: Moltres|42/100
|
|upkeep
|turn|17
|
|t:|1757832567
|move|p2a: Ceruledge|Poltergeist|p1a: Moltres
|-activate|p1a: Moltres|move: Poltergeist|Heavy-Duty Boots
|-damage|p1a: Moltres|0 fnt
|faint|p1a: Moltres
|
|upkeep
|
|t:|1757832571
|switch|p1a: Alomomola|Alomomola, M|100/100
|turn|18
|
|t:|1757832579
|switch|p2a: Weezing|Weezing-Galar, F|96/100
|-ability|p2a: Weezing|Neutralizing Gas
|move|p1a: Alomomola|Flip Turn|p2a: Weezing
|-damage|p2a: Weezing|85/100
|
|t:|1757832585
|switch|p1a: Gholdengo|Gholdengo|29/100|[from] Flip Turn
|
|upkeep
|turn|19
|
|t:|1757832599
|move|p1a: Gholdengo|Make It Rain|p2a: Weezing
|-supereffective|p2a: Weezing
|-damage|p2a: Weezing|0 fnt
|-unboost|p1a: Gholdengo|spa|1
|faint|p2a: Weezing
|-end|p2a: Weezing|ability: Neutralizing Gas
|
|upkeep
|
|t:|1757832601
|switch|p2a: Ceruledge|Ceruledge, M|100/100
|turn|20
|
|t:|1757832616
|switch|p1a: Dragalge|Dragalge, M|64/100
|move|p2a: Ceruledge|Swords Dance|p2a: Ceruledge
|-boost|p2a: Ceruledge|atk|2
|
|upkeep
|turn|21
|
|t:|1757832624
|move|p2a: Ceruledge|Poltergeist||[still]
|-fail|p2a: Ceruledge
|move|p1a: Dragalge|Draco Meteor|p2a: Ceruledge
|-damage|p2a: Ceruledge|1/100
|-unboost|p1a: Dragalge|spa|2
|
|upkeep
|turn|22
|c|☆Sirpumpkinalot|damn that wasn't even focus sash
|
|t:|1757832648
|move|p2a: Ceruledge|Shadow Sneak|p1a: Dragalge
|-crit|p1a: Dragalge
|-damage|p1a: Dragalge|0 fnt
|faint|p1a: Dragalge
|
|upkeep
|
|t:|1757832650
|switch|p1a: Lokix|Lokix, F|100/100
|turn|23
|
|t:|1757832667
|move|p1a: Lokix|First Impression|p2a: Ceruledge
|-resisted|p2a: Ceruledge
|-crit|p2a: Ceruledge
|-damage|p2a: Ceruledge|0 fnt
|faint|p2a: Ceruledge
|
|upkeep
|
|t:|1757832669
|switch|p2a: Pecharunt|Pecharunt|100/100
|turn|24
|
|t:|1757832681
|switch|p1a: Alomomola|Alomomola, M|100/100
|move|p2a: Pecharunt|Shadow Ball|p1a: Alomomola
|-damage|p1a: Alomomola|87/100
|-unboost|p1a: Alomomola|spd|1
|
|upkeep
|turn|25
|
|t:|1757832693
|move|p2a: Pecharunt|Malignant Chain|p1a: Alomomola
|-damage|p1a: Alomomola|59/100
|move|p1a: Alomomola|Mirror Coat|p2a: Pecharunt
|-damage|p2a: Pecharunt|31/100
|
|-heal|p2a: Pecharunt|37/100|[from] item: Leftovers
|upkeep
|turn|26
|
|t:|1757832712
|move|p2a: Pecharunt|Recover|p2a: Pecharunt
|-heal|p2a: Pecharunt|87/100
|move|p1a: Alomomola|Flip Turn|p2a: Pecharunt
|-damage|p2a: Pecharunt|79/100
|
|t:|1757832717
|switch|p1a: Lokix|Lokix, F|100/100|[from] Flip Turn
|
|-heal|p2a: Pecharunt|85/100|[from] item: Leftovers
|upkeep
|turn|27
|
|t:|1757832722
|move|p1a: Lokix|Knock Off|p2a: Pecharunt
|-supereffective|p2a: Pecharunt
|-damage|p2a: Pecharunt|14/100
|-enditem|p2a: Pecharunt|Leftovers|[from] move: Knock Off|[of] p1a: Lokix
|move|p2a: Pecharunt|Recover|p2a: Pecharunt
|-heal|p2a: Pecharunt|64/100
|
|upkeep
|turn|28
|
|t:|1757832728
|move|p1a: Lokix|Knock Off|p2a: Pecharunt
|-supereffective|p2a: Pecharunt
|-damage|p2a: Pecharunt|21/100
|move|p2a: Pecharunt|Recover|p2a: Pecharunt
|-heal|p2a: Pecharunt|71/100
|
|upkeep
|turn|29
|
|t:|1757832736
|move|p1a: Lokix|Knock Off|p2a: Pecharunt
|-supereffective|p2a: Pecharunt
|-damage|p2a: Pecharunt|26/100
|move|p2a: Pecharunt|Recover|p2a: Pecharunt
|-heal|p2a: Pecharunt|76/100
|
|upkeep
|turn|30
|
|t:|1757832743
|move|p1a: Lokix|Knock Off|p2a: Pecharunt
|-supereffective|p2a: Pecharunt
|-damage|p2a: Pecharunt|33/100
|move|p2a: Pecharunt|Malignant Chain|p1a: Lokix
|-damage|p1a: Lokix|44/100
|
|upkeep
|turn|31
|
|t:|1757832749
|move|p1a: Lokix|Knock Off|p2a: Pecharunt
|-supereffective|p2a: Pecharunt
|-damage|p2a: Pecharunt|0 fnt
|faint|p2a: Pecharunt
|
|win|Sirpumpkinalot
|raw|Sirpumpkinalot's rating: 1364 &rarr; <strong>1385</strong><br />(+21 for winning)
|raw|monstermixmuffin's rating: 1375 &rarr; <strong>1354</strong><br />(-21 for losing)
|c|☆monstermixmuffin|gg
|c|☆Sirpumpkinalot|gg
|l|☆monstermixmuffin
|player|p2|
|l|☆Sirpumpkinalot
|player|p1|
