|j|☆aneerie
|j|☆Nultiprise
|t:|1757859519
|gametype|singles
|player|p1|aneerie|169|1408
|player|p2|Nultiprise|preschooler|1484
|gen|9
|tier|[Gen 9] OU
|rated|
|rule|HP Percentage Mod: HP is shown in percentages
|rule|Endless Battle Clause: Forcing endless battles is banned
|rule|Species Clause: Limit one of each Pokémon
|rule|OHKO Clause: OHKO moves are banned
|rule|Evasion Items Clause: Evasion items are banned
|rule|Evasion Moves Clause: Evasion moves are banned
|rule|Evasion Abilities Clause: Evasion abilities are banned
|rule|Sleep Moves Clause: Sleep-inducing moves are banned
|clearpoke
|poke|p1|Ogerpon-Wellspring, F|
|poke|p1|Kingambit, F|
|poke|p1|Landorus-Therian, M|
|poke|p1|Cinderace, F|
|poke|p1|Dragapult, F|
|poke|p1|Iron Valiant|
|poke|p2|Greninja-*, M|
|poke|p2|Zoroark-Hisui, F|
|poke|p2|Great Tusk|
|poke|p2|Deoxys-Speed|
|poke|p2|Yanmega, M|
|poke|p2|Mimikyu, F|
|teampreview
|inactive|Battle timer is ON: inactive players will automatically lose when time's up. (requested by aneerie)
|
|t:|1757859534
|teamsize|p1|6
|teamsize|p2|6
|start
|switch|p1a: Cinderace|Cinderace, F|100/100
|switch|p2a: Quoi ?|Greninja, M|100/100
|turn|1
|
|t:|1757859538
|switch|p1a: Ogerpon|Ogerpon-Wellspring, F|100/100
|move|p2a: Quoi ?|Hydro Pump|p1a: Ogerpon
|-immune|p1a: Ogerpon|[from] ability: Water Absorb
|
|upkeep
|turn|2
|
|t:|1757859546
|move|p1a: Ogerpon|Power Whip|p2a: Quoi ?
|-supereffective|p2a: Quoi ?
|-enditem|p2a: Quoi ?|Focus Sash
|-damage|p2a: Quoi ?|1/100
|move|p2a: Quoi ?|Counter|p1a: Ogerpon
|-damage|p1a: Ogerpon|0 fnt
|faint|p1a: Ogerpon
|-ability|p2a: Quoi ?|Battle Bond|boost
|-boost|p2a: Quoi ?|atk|1
|-boost|p2a: Quoi ?|spa|1
|-boost|p2a: Quoi ?|spe|1
|-activate|p2a: Quoi ?|ability: Battle Bond
|
|upkeep
|
|t:|1757859559
|switch|p1a: Iron Valiant|Iron Valiant|100/100
|-enditem|p1a: Iron Valiant|Booster Energy
|-activate|p1a: Iron Valiant|ability: Quark Drive|[fromitem]
|-start|p1a: Iron Valiant|quarkdrivespe
|turn|3
|
|t:|1757859565
|move|p2a: Quoi ?|Hydro Pump|p1a: Iron Valiant
|-damage|p1a: Iron Valiant|0 fnt
|faint|p1a: Iron Valiant
|-end|p1a: Iron Valiant|Quark Drive|[silent]
|
|upkeep
|
|t:|1757859576
|switch|p1a: Kingambit|Kingambit, F|100/100
|-activate|p1a: Kingambit|ability: Supreme Overlord
|-start|p1a: Kingambit|fallen2|[silent]
|turn|4
|
|t:|1757859584
|switch|p2a: Yanmega|Yanmega, M|100/100
|move|p1a: Kingambit|Sucker Punch||[still]
|-fail|p1a: Kingambit
|
|upkeep
|turn|5
|
|t:|1757859597
|-end|p1a: Kingambit|fallen2|[silent]
|switch|p1a: Landorus|Landorus-Therian, M|100/100
|-ability|p1a: Landorus|Intimidate|boost
|-unboost|p2a: Yanmega|atk|1
|move|p2a: Yanmega|Low Kick|p1a: Landorus
|-resisted|p1a: Landorus
|-damage|p1a: Landorus|92/100
|-damage|p2a: Yanmega|84/100|[from] item: Rocky Helmet|[of] p1a: Landorus
|-damage|p2a: Yanmega|74/100|[from] item: Life Orb
|
|upkeep
|turn|6
|
|t:|1757859602
|move|p2a: Yanmega|Shadow Ball|p1a: Landorus
|-crit|p1a: Landorus
|-damage|p1a: Landorus|11/100
|-damage|p2a: Yanmega|64/100|[from] item: Life Orb
|move|p1a: Landorus|Stealth Rock|p2a: Yanmega
|-sidestart|p2: Nultiprise|move: Stealth Rock
|
|upkeep
|turn|7
|
|t:|1757859611
|switch|p1a: Cinderace|Cinderace, F|100/100
|move|p2a: Yanmega|Shadow Ball|p1a: Cinderace
|-damage|p1a: Cinderace|30/100
|-unboost|p1a: Cinderace|spd|1
|-damage|p2a: Yanmega|54/100|[from] item: Life Orb
|
|upkeep
|turn|8
|
|t:|1757859619
|move|p1a: Cinderace|Pyro Ball|p2a: Yanmega|[miss]
|-miss|p1a: Cinderace|p2a: Yanmega
|move|p2a: Yanmega|Shadow Ball|p1a: Cinderace
|-damage|p1a: Cinderace|0 fnt
|faint|p1a: Cinderace
|-damage|p2a: Yanmega|44/100|[from] item: Life Orb
|
|upkeep
|
|t:|1757859622
|switch|p1a: Dragapult|Dragapult, F|100/100
|turn|9
|
|t:|1757859624
|move|p1a: Dragapult|Shadow Ball|p2a: Yanmega
|-immune|p2a: Yanmega
|move|p2a: Yanmega|Shadow Ball|p1a: Dragapult
|-supereffective|p1a: Dragapult
|-damage|p1a: Dragapult|0 fnt
|faint|p1a: Dragapult
|-damage|p2a: Yanmega|34/100|[from] item: Life Orb
|
|upkeep
|-message|aneerie forfeited.
|
|win|Nultiprise
|raw|aneerie's rating: 1408 &rarr; <strong>1392</strong><br />(-16 for losing)
|raw|Nultiprise's rating: 1484 &rarr; <strong>1500</strong><br />(+16 for winning)
|l|☆aneerie
|player|p1|
|l|☆Nultiprise
|player|p2|
