|j|☆Mouu'd
|j|☆fvck me if u win
|t:|1757853629
|gametype|singles
|player|p1|Mouu'd|buck|1189
|player|p2|fvck me if u win|cynthia-gen4|1183
|gen|9
|tier|[Gen 9] OU
|rated|
|rule|HP Percentage Mod: HP is shown in percentages
|rule|Endless Battle Clause: Forcing endless battles is banned
|rule|Species Clause: Limit one of each Pokémon
|rule|OHKO Clause: OHKO moves are banned
|rule|Evasion Items Clause: Evasion items are banned
|rule|Evasion Moves Clause: Evasion moves are banned
|rule|Evasion Abilities Clause: Evasion abilities are banned
|rule|Sleep Moves Clause: Sleep-inducing moves are banned
|clearpoke
|poke|p1|Slowbro, F|
|poke|p1|Diancie|
|poke|p1|Oranguru, F|
|poke|p1|Ursaluna, M|
|poke|p1|Incineroar, M|
|poke|p1|Conkeldurr, F|
|poke|p2|Tyranitar, M|
|poke|p2|Great Tusk|
|poke|p2|Kingambit, F|
|poke|p2|Iron Valiant|
|poke|p2|Gholdengo|
|poke|p2|Dragapult, F|
|teampreview
|inactive|Battle timer is ON: inactive players will automatically lose when time's up. (requested by fvck me if u win)
|
|t:|1757853641
|teamsize|p1|6
|teamsize|p2|6
|start
|switch|p1a: Jinbei|Slowbro, F, shiny|100/100
|switch|p2a: Tyranitar|Tyranitar, M|100/100
|-weather|Sandstorm|[from] ability: Sand Stream|[of] p2a: Tyranitar
|turn|1
|
|t:|1757853650
|move|p2a: Tyranitar|Dragon Dance|p2a: Tyranitar
|-boost|p2a: Tyranitar|atk|1
|-boost|p2a: Tyranitar|spe|1
|move|p1a: Jinbei|Scald|p2a: Tyranitar
|-supereffective|p2a: Tyranitar
|-damage|p2a: Tyranitar|73/100
|-status|p2a: Tyranitar|brn
|
|-weather|Sandstorm|[upkeep]
|-damage|p1a: Jinbei|94/100|[from] Sandstorm
|-heal|p2a: Tyranitar|79/100 brn|[from] item: Leftovers
|-damage|p2a: Tyranitar|73/100 brn|[from] brn
|upkeep
|turn|2
|
|t:|1757853659
|move|p2a: Tyranitar|Dragon Dance|p2a: Tyranitar
|-boost|p2a: Tyranitar|atk|1
|-boost|p2a: Tyranitar|spe|1
|move|p1a: Jinbei|Trick Room|p1a: Jinbei
|-fieldstart|move: Trick Room|[of] p1a: Jinbei
|
|-weather|Sandstorm|[upkeep]
|-damage|p1a: Jinbei|88/100|[from] Sandstorm
|-heal|p2a: Tyranitar|79/100 brn|[from] item: Leftovers
|-damage|p2a: Tyranitar|73/100 brn|[from] brn
|upkeep
|turn|3
|
|t:|1757853672
|switch|p1a: Luffy gear 4th|Conkeldurr, F|100/100
|move|p2a: Tyranitar|Dragon Dance|p2a: Tyranitar
|-boost|p2a: Tyranitar|atk|1
|-boost|p2a: Tyranitar|spe|1
|
|-weather|Sandstorm|[upkeep]
|-damage|p1a: Luffy gear 4th|94/100|[from] Sandstorm
|-heal|p2a: Tyranitar|79/100 brn|[from] item: Leftovers
|-damage|p2a: Tyranitar|73/100 brn|[from] brn
|-status|p1a: Luffy gear 4th|brn|[from] item: Flame Orb
|upkeep
|turn|4
|
|t:|1757853697
|-terastallize|p1a: Luffy gear 4th|Fighting
|-terastallize|p2a: Tyranitar|Flying
|move|p1a: Luffy gear 4th|Drain Punch|p2a: Tyranitar
|-resisted|p2a: Tyranitar
|-damage|p2a: Tyranitar|37/100 brn
|-heal|p1a: Luffy gear 4th|100/100 brn|[from] drain|[of] p2a: Tyranitar
|move|p2a: Tyranitar|Earthquake|p1a: Luffy gear 4th
|-damage|p1a: Luffy gear 4th|65/100 brn
|
|-weather|Sandstorm|[upkeep]
|-damage|p1a: Luffy gear 4th|59/100 brn|[from] Sandstorm
|-damage|p2a: Tyranitar|31/100 brn|[from] Sandstorm
|-heal|p2a: Tyranitar|37/100 brn|[from] item: Leftovers
|-damage|p1a: Luffy gear 4th|53/100 brn|[from] brn
|-damage|p2a: Tyranitar|31/100 brn|[from] brn
|upkeep
|turn|5
|inactive|Mouu'd has 120 seconds left.
|
|t:|1757853722
|move|p1a: Luffy gear 4th|Drain Punch|p2a: Tyranitar
|-resisted|p2a: Tyranitar
|-damage|p2a: Tyranitar|0 fnt
|-heal|p1a: Luffy gear 4th|67/100 brn|[from] drain|[of] p2a: Tyranitar
|faint|p2a: Tyranitar
|
|-weather|none
|-damage|p1a: Luffy gear 4th|61/100 brn|[from] brn
|upkeep
|
|t:|1757853730
|switch|p2a: Dragapult|Dragapult, F|100/100
|turn|6
|
|t:|1757853734
|move|p1a: Luffy gear 4th|Knock Off|p2a: Dragapult
|-supereffective|p2a: Dragapult
|-damage|p2a: Dragapult|0 fnt
|-enditem|p2a: Dragapult|Leftovers|[from] move: Knock Off|[of] p1a: Luffy gear 4th
|faint|p2a: Dragapult
|
|-damage|p1a: Luffy gear 4th|55/100 brn|[from] brn
|-fieldend|move: Trick Room
|upkeep
|
|t:|1757853740
|switch|p2a: Iron Valiant|Iron Valiant|100/100
|-enditem|p2a: Iron Valiant|Booster Energy
|-activate|p2a: Iron Valiant|ability: Quark Drive|[fromitem]
|-start|p2a: Iron Valiant|quarkdrivespe
|turn|7
|
|t:|1757853756
|switch|p1a: Jinbei|Slowbro, F, shiny|88/100
|move|p2a: Iron Valiant|Spirit Break|p1a: Jinbei
|-damage|p1a: Jinbei|66/100
|-unboost|p1a: Jinbei|spa|1
|
|upkeep
|turn|8
|inactive|fvck me if u win has 120 seconds left.
|
|t:|1757853794
|move|p2a: Iron Valiant|Close Combat|p1a: Jinbei
|-resisted|p1a: Jinbei
|-damage|p1a: Jinbei|46/100
|-unboost|p2a: Iron Valiant|def|1
|-unboost|p2a: Iron Valiant|spd|1
|move|p1a: Jinbei|Trick Room|p1a: Jinbei
|-fieldstart|move: Trick Room|[of] p1a: Jinbei
|
|upkeep
|turn|9
|
|t:|1757853802
|move|p1a: Jinbei|Slack Off|p1a: Jinbei
|-heal|p1a: Jinbei|96/100
|move|p2a: Iron Valiant|Encore|p1a: Jinbei
|-start|p1a: Jinbei|Encore
|
|upkeep
|turn|10
|inactive|Mouu'd has 120 seconds left.
|
|t:|1757853832
|switch|p1a: Crocus|Oranguru, F|100/100
|-end|p2a: Iron Valiant|Quark Drive|[silent]
|switch|p2a: Kingambit|Kingambit, F|100/100
|-activate|p2a: Kingambit|ability: Supreme Overlord
|-start|p2a: Kingambit|fallen2|[silent]
|
|upkeep
|turn|11
|inactive|Mouu'd has 120 seconds left.
|
|t:|1757853848
|move|p1a: Crocus|Focus Blast|p2a: Kingambit|[miss]
|-miss|p1a: Crocus|p2a: Kingambit
|move|p2a: Kingambit|Swords Dance|p2a: Kingambit
|-boost|p2a: Kingambit|atk|2
|
|upkeep
|turn|12
|
|t:|1757853854
|move|p1a: Crocus|Focus Blast|p2a: Kingambit
|-supereffective|p2a: Kingambit
|-damage|p2a: Kingambit|2/100
|move|p2a: Kingambit|Kowtow Cleave|p1a: Crocus
|-supereffective|p1a: Crocus
|-damage|p1a: Crocus|0 fnt
|faint|p1a: Crocus
|
|-fieldend|move: Trick Room
|upkeep
|inactive|Mouu'd has 120 seconds left.
|
|t:|1757853867
|switch|p1a: Luffy gear 4th|Conkeldurr, F, tera:Fighting|55/100 brn
|turn|13
|
|t:|1757853871
|move|p2a: Kingambit|Sucker Punch|p1a: Luffy gear 4th
|-resisted|p1a: Luffy gear 4th
|-damage|p1a: Luffy gear 4th|7/100 brn
|move|p1a: Luffy gear 4th|Mach Punch|p2a: Kingambit
|-supereffective|p2a: Kingambit
|-damage|p2a: Kingambit|0 fnt
|faint|p2a: Kingambit
|-end|p2a: Kingambit|fallen2|[silent]
|
|-damage|p1a: Luffy gear 4th|0 fnt|[from] brn
|faint|p1a: Luffy gear 4th
|upkeep
|inactive|Mouu'd has 120 seconds left.
|
|t:|1757853899
|switch|p2a: Gholdengo|Gholdengo|100/100
|switch|p1a: Robin|Diancie|100/100
|turn|14
|
|t:|1757853906
|move|p2a: Gholdengo|Make It Rain|p1a: Robin
|-supereffective|p1a: Robin
|-enditem|p1a: Robin|Focus Sash
|-damage|p1a: Robin|1/100
|-unboost|p2a: Gholdengo|spa|1
|move|p1a: Robin|Trick Room|p1a: Robin
|-fieldstart|move: Trick Room|[of] p1a: Robin
|
|upkeep
|turn|15
|inactive|Mouu'd has 120 seconds left.
|
|t:|1757853930
|move|p1a: Robin|Earth Power|p2a: Gholdengo
|-supereffective|p2a: Gholdengo
|-damage|p2a: Gholdengo|27/100
|move|p2a: Gholdengo|Make It Rain|p1a: Robin
|-supereffective|p1a: Robin
|-damage|p1a: Robin|0 fnt
|-unboost|p2a: Gholdengo|spa|1
|faint|p1a: Robin
|
|upkeep
|
|t:|1757853939
|switch|p1a: Chopper|Ursaluna, M|100/100
|turn|16
|
|t:|1757853947
|switch|p2a: Great Tusk|Great Tusk|100/100
|move|p1a: Chopper|Earthquake|p2a: Great Tusk
|-damage|p2a: Great Tusk|74/100
|
|-status|p1a: Chopper|brn|[from] item: Flame Orb
|upkeep
|turn|17
|
|t:|1757853956
|move|p1a: Chopper|Facade|p2a: Great Tusk
|-crit|p2a: Great Tusk
|-damage|p2a: Great Tusk|0 fnt
|-damage|p1a: Chopper|84/100 brn|[from] item: Rocky Helmet|[of] p2a: Great Tusk
|faint|p2a: Great Tusk
|-end|p2a: Great Tusk|Protosynthesis|[silent]
|
|-damage|p1a: Chopper|78/100 brn|[from] brn
|upkeep
|
|t:|1757853969
|switch|p2a: Gholdengo|Gholdengo|27/100
|turn|18
|inactive|Mouu'd has 120 seconds left.
|
|t:|1757853984
|move|p1a: Chopper|Earthquake|p2a: Gholdengo
|-supereffective|p2a: Gholdengo
|-damage|p2a: Gholdengo|0 fnt
|faint|p2a: Gholdengo
|
|-damage|p1a: Chopper|71/100 brn|[from] brn
|-fieldend|move: Trick Room
|upkeep
|
|t:|1757853998
|switch|p2a: Iron Valiant|Iron Valiant|100/100
|turn|19
|inactive|Mouu'd has 120 seconds left.
|
|t:|1757854025
|move|p2a: Iron Valiant|Close Combat|p1a: Chopper
|-supereffective|p1a: Chopper
|-damage|p1a: Chopper|0 fnt
|-unboost|p2a: Iron Valiant|def|1
|-unboost|p2a: Iron Valiant|spd|1
|faint|p1a: Chopper
|
|upkeep
|
|t:|1757854030
|switch|p1a: Jinbei|Slowbro, F, shiny|96/100
|turn|20
|
|t:|1757854039
|move|p2a: Iron Valiant|Close Combat|p1a: Jinbei
|-resisted|p1a: Jinbei
|-damage|p1a: Jinbei|79/100
|-unboost|p2a: Iron Valiant|def|1
|-unboost|p2a: Iron Valiant|spd|1
|move|p1a: Jinbei|Trick Room|p1a: Jinbei
|-fieldstart|move: Trick Room|[of] p1a: Jinbei
|
|upkeep
|turn|21
|
|t:|1757854052
|move|p1a: Jinbei|Scald|p2a: Iron Valiant
|-damage|p2a: Iron Valiant|0 fnt
|faint|p2a: Iron Valiant
|-end|p2a: Iron Valiant|Quark Drive|[silent]
|
|win|Mouu'd
|raw|Mouu&apos;d's rating: 1189 &rarr; <strong>1214</strong><br />(+25 for winning)
|raw|fvck me if u win's rating: 1183 &rarr; <strong>1158</strong><br />(-25 for losing)
|l|☆fvck me if u win
|player|p2|
|l|☆Mouu'd
|player|p1|
