|j|☆TTanner0034
|j|☆victini0921
|t:|1757950291
|gametype|singles
|player|p1|TTanner0034|169|1028
|player|p2|victini0921|dawn|1000
|gen|9
|tier|[Gen 9] OU
|rated|
|rule|HP Percentage Mod: HP is shown in percentages
|rule|Endless Battle Clause: Forcing endless battles is banned
|rule|Species Clause: Limit one of each Pokémon
|rule|OHKO Clause: OHKO moves are banned
|rule|Evasion Items Clause: Evasion items are banned
|rule|Evasion Moves Clause: Evasion moves are banned
|rule|Evasion Abilities Clause: Evasion abilities are banned
|rule|Sleep Moves Clause: Sleep-inducing moves are banned
|clearpoke
|poke|p1|Sinistcha|
|poke|p1|Polteageist|
|poke|p1|Rillaboom, F|
|poke|p1|Cacturne, M|
|poke|p1|Sceptile, F|
|poke|p1|Hydrapple, F|
|poke|p2|Scizor, F|
|poke|p2|Raging Bolt|
|poke|p2|Venusaur, M|
|poke|p2|Great Tusk|
|poke|p2|Walking Wake|
|poke|p2|Ninetales, M|
|teampreview
|inactive|Battle timer is ON: inactive players will automatically lose when time's up. (requested by TTanner0034)
|
|t:|1757950301
|teamsize|p1|6
|teamsize|p2|6
|start
|switch|p1a: Cacturne|Cacturne, M|100/100
|switch|p2a: Ninetales|Ninetales, M|100/100
|-weather|SunnyDay|[from] ability: Drought|[of] p2a: Ninetales
|turn|1
|
|t:|1757950328
|switch|p2a: Raging Bolt|Raging Bolt|100/100
|-activate|p2a: Raging Bolt|ability: Protosynthesis
|-start|p2a: Raging Bolt|protosynthesisspa
|move|p1a: Cacturne|Switcheroo|p2a: Raging Bolt
|-activate|p1a: Cacturne|move: Trick|[of] p2a: Raging Bolt
|-item|p2a: Raging Bolt|Choice Scarf|[from] move: Switcheroo
|-item|p1a: Cacturne|Life Orb|[from] move: Switcheroo
|
|-weather|SunnyDay|[upkeep]
|upkeep
|turn|2
|
|t:|1757950340
|move|p2a: Raging Bolt|Weather Ball|p1a: Cacturne
|-supereffective|p1a: Cacturne
|-damage|p1a: Cacturne|0 fnt
|faint|p1a: Cacturne
|
|-weather|SunnyDay|[upkeep]
|upkeep
|
|t:|1757950345
|switch|p1a: Hydrapple|Hydrapple, F|100/100
|turn|3
|
|t:|1757950353
|move|p2a: Raging Bolt|Weather Ball|p1a: Hydrapple
|-damage|p1a: Hydrapple|21/100
|move|p1a: Hydrapple|Earth Power|p2a: Raging Bolt
|-supereffective|p2a: Raging Bolt
|-damage|p2a: Raging Bolt|38/100
|
|-weather|SunnyDay|[upkeep]
|-heal|p1a: Hydrapple|27/100|[from] item: Leftovers
|upkeep
|turn|4
|
|t:|1757950364
|move|p2a: Raging Bolt|Weather Ball|p1a: Hydrapple
|-damage|p1a: Hydrapple|0 fnt
|faint|p1a: Hydrapple
|
|-weather|SunnyDay|[upkeep]
|upkeep
|
|t:|1757950366
|switch|p1a: Polteageist|Polteageist|100/100
|turn|5
|
|t:|1757950373
|move|p2a: Raging Bolt|Weather Ball|p1a: Polteageist
|-damage|p1a: Polteageist|16/100
|move|p1a: Polteageist|Shell Smash|p1a: Polteageist
|-unboost|p1a: Polteageist|def|1
|-unboost|p1a: Polteageist|spd|1
|-boost|p1a: Polteageist|atk|2
|-boost|p1a: Polteageist|spa|2
|-boost|p1a: Polteageist|spe|2
|
|-weather|SunnyDay|[upkeep]
|upkeep
|turn|6
|
|t:|1757950389
|-end|p2a: Raging Bolt|Protosynthesis|[silent]
|switch|p2a: Great Tusk|Great Tusk|100/100
|-activate|p2a: Great Tusk|ability: Protosynthesis
|-start|p2a: Great Tusk|protosynthesisspe
|move|p1a: Polteageist|Stored Power|p2a: Great Tusk
|-supereffective|p2a: Great Tusk
|-damage|p2a: Great Tusk|0 fnt
|faint|p2a: Great Tusk
|-end|p2a: Great Tusk|Protosynthesis|[silent]
|
|-weather|SunnyDay|[upkeep]
|upkeep
|
|t:|1757950400
|switch|p2a: Scizor|Scizor, F|100/100
|turn|7
|
|t:|1757950404
|move|p2a: Scizor|Bullet Punch|p1a: Polteageist
|-damage|p1a: Polteageist|0 fnt
|faint|p1a: Polteageist
|
|-weather|SunnyDay|[upkeep]
|upkeep
|
|t:|1757950412
|switch|p1a: Sceptile|Sceptile, F|100/100
|turn|8
|
|t:|1757950420
|move|p2a: Scizor|Bullet Punch|p1a: Sceptile
|-damage|p1a: Sceptile|18/100
|move|p1a: Sceptile|Acrobatics|p2a: Scizor
|-crit|p2a: Scizor
|-damage|p2a: Scizor|77/100
|
|-weather|none
|upkeep
|turn|9
|
|t:|1757950428
|move|p2a: Scizor|Bullet Punch|p1a: Sceptile
|-damage|p1a: Sceptile|0 fnt
|faint|p1a: Sceptile
|
|upkeep
|
|t:|1757950430
|switch|p1a: Sinistcha|Sinistcha|100/100
|turn|10
|
|t:|1757950437
|switch|p2a: Ninetales|Ninetales, M|100/100
|-weather|SunnyDay|[from] ability: Drought|[of] p2a: Ninetales
|move|p1a: Sinistcha|Iron Defense|p1a: Sinistcha
|-boost|p1a: Sinistcha|def|2
|
|-weather|SunnyDay|[upkeep]
|upkeep
|turn|11
|
|t:|1757950447
|-terastallize|p1a: Sinistcha|Steel
|move|p2a: Ninetales|Encore|p1a: Sinistcha
|-start|p1a: Sinistcha|Encore
|move|p1a: Sinistcha|Iron Defense|p1a: Sinistcha
|-boost|p1a: Sinistcha|def|2
|
|-weather|SunnyDay|[upkeep]
|upkeep
|turn|12
|
|t:|1757950456
|switch|p1a: Rillaboom|Rillaboom, F|100/100
|-fieldstart|move: Grassy Terrain|[from] ability: Grassy Surge|[of] p1a: Rillaboom
|move|p2a: Ninetales|Weather Ball|p1a: Rillaboom
|-supereffective|p1a: Rillaboom
|-damage|p1a: Rillaboom|2/100
|
|-weather|SunnyDay|[upkeep]
|-heal|p1a: Rillaboom|8/100|[from] Grassy Terrain
|upkeep
|turn|13
|
|t:|1757950470
|move|p2a: Ninetales|Weather Ball|p1a: Rillaboom
|-supereffective|p1a: Rillaboom
|-damage|p1a: Rillaboom|0 fnt
|faint|p1a: Rillaboom
|
|-weather|SunnyDay|[upkeep]
|upkeep
|
|t:|1757950474
|switch|p1a: Sinistcha|Sinistcha, tera:Steel|100/100
|turn|14
|
|t:|1757950483
|move|p2a: Ninetales|Weather Ball|p1a: Sinistcha
|-supereffective|p1a: Sinistcha
|-damage|p1a: Sinistcha|45/100
|move|p1a: Sinistcha|Calm Mind|p1a: Sinistcha
|-boost|p1a: Sinistcha|spa|1
|-boost|p1a: Sinistcha|spd|1
|
|-weather|SunnyDay|[upkeep]
|-heal|p1a: Sinistcha|51/100|[from] Grassy Terrain
|upkeep
|turn|15
|
|t:|1757950493
|move|p2a: Ninetales|Encore|p1a: Sinistcha
|-start|p1a: Sinistcha|Encore
|move|p1a: Sinistcha|Calm Mind|p1a: Sinistcha
|-boost|p1a: Sinistcha|spa|1
|-boost|p1a: Sinistcha|spd|1
|
|-weather|SunnyDay|[upkeep]
|-heal|p1a: Sinistcha|57/100|[from] Grassy Terrain
|upkeep
|turn|16
|
|t:|1757950502
|move|p2a: Ninetales|Weather Ball|p1a: Sinistcha
|-supereffective|p1a: Sinistcha
|-damage|p1a: Sinistcha|29/100
|move|p1a: Sinistcha|Calm Mind|p1a: Sinistcha
|-boost|p1a: Sinistcha|spa|1
|-boost|p1a: Sinistcha|spd|1
|
|-weather|SunnyDay|[upkeep]
|-heal|p1a: Sinistcha|35/100|[from] Grassy Terrain
|-fieldend|move: Grassy Terrain
|upkeep
|turn|17
|
|t:|1757950513
|move|p2a: Ninetales|Weather Ball|p1a: Sinistcha
|-supereffective|p1a: Sinistcha
|-damage|p1a: Sinistcha|12/100
|move|p1a: Sinistcha|Calm Mind|p1a: Sinistcha
|-boost|p1a: Sinistcha|spa|1
|-boost|p1a: Sinistcha|spd|1
|
|-weather|none
|-end|p1a: Sinistcha|Encore
|upkeep
|turn|18
|
|t:|1757950523
|move|p2a: Ninetales|Encore|p1a: Sinistcha
|-start|p1a: Sinistcha|Encore
|move|p1a: Sinistcha|Calm Mind|p1a: Sinistcha
|-boost|p1a: Sinistcha|spa|1
|-boost|p1a: Sinistcha|spd|1
|
|upkeep
|turn|19
|
|t:|1757950532
|switch|p2a: Scizor|Scizor, F|77/100
|move|p1a: Sinistcha|Calm Mind|p1a: Sinistcha
|-boost|p1a: Sinistcha|spa|1
|-boost|p1a: Sinistcha|spd|1
|
|upkeep
|turn|20
|
|t:|1757950540
|move|p2a: Scizor|Close Combat|p1a: Sinistcha
|-supereffective|p1a: Sinistcha
|-damage|p1a: Sinistcha|0 fnt
|-unboost|p2a: Scizor|def|1
|-unboost|p2a: Scizor|spd|1
|-damage|p2a: Scizor|61/100|[from] item: Rocky Helmet|[of] p1a: Sinistcha
|faint|p1a: Sinistcha
|
|win|victini0921
|raw|TTanner0034's rating: 1028 &rarr; <strong>1013</strong><br />(-15 for losing)
|raw|victini0921's rating: 1000 &rarr; <strong>1043</strong><br />(+43 for winning)
|l|☆TTanner0034
|player|p1|
