|j|☆Asmongoon
|j|☆PV_09
|t:|1757798146
|gametype|singles
|player|p1|Asmongoon|roark|1477
|player|p2|PV_09|hexmaniac-gen3jp|1508
|gen|9
|tier|[Gen 9] OU
|rated|
|rule|HP Percentage Mod: HP is shown in percentages
|rule|Endless Battle Clause: Forcing endless battles is banned
|rule|Species Clause: Limit one of each Pokémon
|rule|OHKO Clause: OHKO moves are banned
|rule|Evasion Items Clause: Evasion items are banned
|rule|Evasion Moves Clause: Evasion moves are banned
|rule|Evasion Abilities Clause: Evasion abilities are banned
|rule|Sleep Moves Clause: Sleep-inducing moves are banned
|clearpoke
|poke|p1|Pecharunt|
|poke|p1|Garganacl, M|
|poke|p1|Iron Crown|
|poke|p1|Lokix, M|
|poke|p1|Cinderace, M|
|poke|p1|Gliscor, M|
|poke|p2|Hatterene, F|
|poke|p2|Bronzong|
|poke|p2|Primarina, F|
|poke|p2|Iron Hands|
|poke|p2|Ursaluna, M|
|poke|p2|Gholdengo|
|teampreview
|
|t:|1757798164
|teamsize|p1|6
|teamsize|p2|6
|start
|switch|p1a: Megan Inky|Lokix, M, shiny|100/100
|switch|p2a: Primarina|Primarina, F|100/100
|turn|1
|
|t:|1757798185
|move|p1a: Megan Inky|U-turn|p2a: Primarina
|-resisted|p2a: Primarina
|-damage|p2a: Primarina|52/100
|
|t:|1757798191
|switch|p1a: Alexxa Vice|Pecharunt|100/100|[from] U-turn
|move|p2a: Primarina|Sparkling Aria|p1a: Alexxa Vice
|-damage|p1a: Alexxa Vice|29/100
|-damage|p2a: Primarina|42/100|[from] item: Life Orb
|
|upkeep
|turn|2
|
|t:|1757798203
|switch|p2a: Raingurl|Gholdengo|100/100
|move|p1a: Alexxa Vice|Recover|p1a: Alexxa Vice
|-heal|p1a: Alexxa Vice|79/100
|
|upkeep
|turn|3
|
|t:|1757798213
|switch|p1a: Barbie Sins|Cinderace, M, shiny|100/100
|move|p2a: Raingurl|Shadow Ball|p1a: Barbie Sins
|-damage|p1a: Barbie Sins|3/100
|
|upkeep
|turn|4
|
|t:|1757798266
|-terastallize|p2a: Raingurl|Water
|move|p1a: Barbie Sins|Pyro Ball|p2a: Raingurl|[miss]
|-miss|p1a: Barbie Sins|p2a: Raingurl
|move|p2a: Raingurl|Shadow Ball|p1a: Barbie Sins
|-damage|p1a: Barbie Sins|0 fnt
|faint|p1a: Barbie Sins
|
|upkeep
|
|t:|1757798281
|switch|p1a: Megan Inky|Lokix, M, shiny|100/100
|turn|5
|
|t:|1757798288
|move|p1a: Megan Inky|Knock Off|p2a: Raingurl
|-damage|p2a: Raingurl|59/100
|-enditem|p2a: Raingurl|Choice Specs|[from] move: Knock Off|[of] p1a: Megan Inky
|move|p2a: Raingurl|Shadow Ball|p1a: Megan Inky
|-resisted|p1a: Megan Inky
|-damage|p1a: Megan Inky|56/100
|
|upkeep
|turn|6
|
|t:|1757798306
|move|p1a: Megan Inky|U-turn|p2a: Raingurl
|-damage|p2a: Raingurl|20/100
|
|t:|1757798308
|switch|p1a: Rebel Rhyder|Iron Crown|100/100|[from] U-turn
|move|p2a: Raingurl|Make It Rain|p1a: Rebel Rhyder
|-resisted|p1a: Rebel Rhyder
|-damage|p1a: Rebel Rhyder|63/100
|-unboost|p2a: Raingurl|spa|1
|
|upkeep
|turn|7
|
|t:|1757798322
|switch|p2a: Bronzong|Bronzong|100/100
|move|p1a: Rebel Rhyder|Tachyon Cutter|p2a: Bronzong
|-resisted|p2a: Bronzong
|-damage|p2a: Bronzong|86/100
|-resisted|p2a: Bronzong
|-damage|p2a: Bronzong|71/100
|-hitcount|p2a: Bronzong|2
|
|-heal|p2a: Bronzong|77/100|[from] item: Leftovers
|upkeep
|turn|8
|
|t:|1757798342
|-end|p1a: Rebel Rhyder|Quark Drive|[silent]
|switch|p1a: Megan Inky|Lokix, M, shiny|56/100
|move|p2a: Bronzong|Trick Room|p2a: Bronzong
|-fieldstart|move: Trick Room|[of] p2a: Bronzong
|
|-heal|p2a: Bronzong|84/100|[from] item: Leftovers
|upkeep
|turn|9
|
|t:|1757798359
|move|p1a: Megan Inky|First Impression|p2a: Bronzong
|-damage|p2a: Bronzong|45/100
|move|p2a: Bronzong|Body Press|p1a: Megan Inky
|-damage|p1a: Megan Inky|22/100
|
|-heal|p2a: Bronzong|51/100|[from] item: Leftovers
|upkeep
|turn|10
|
|t:|1757798375
|switch|p2a: Ursaluna|Ursaluna, M|100/100
|switch|p1a: Alexxa Vice|Pecharunt|79/100
|
|-status|p2a: Ursaluna|brn|[from] item: Flame Orb
|upkeep
|turn|11
|
|t:|1757798394
|switch|p1a: Dee Williams|Gliscor, M, shiny|100/100
|move|p2a: Ursaluna|Facade|p1a: Dee Williams
|-damage|p1a: Dee Williams|0 fnt
|faint|p1a: Dee Williams
|
|-damage|p2a: Ursaluna|94/100 brn|[from] brn
|upkeep
|
|t:|1757798401
|switch|p1a: Megan Inky|Lokix, M, shiny|22/100
|turn|12
|
|t:|1757798411
|move|p1a: Megan Inky|First Impression|p2a: Ursaluna
|-damage|p2a: Ursaluna|57/100 brn
|move|p2a: Ursaluna|Earthquake|p1a: Megan Inky
|-resisted|p1a: Megan Inky
|-damage|p1a: Megan Inky|0 fnt
|faint|p1a: Megan Inky
|
|-damage|p2a: Ursaluna|51/100 brn|[from] brn
|-fieldend|move: Trick Room
|upkeep
|
|t:|1757798417
|switch|p1a: Rebel Rhyder|Iron Crown|63/100
|turn|13
|
|t:|1757798427
|switch|p2a: Bronzong|Bronzong|51/100
|move|p1a: Rebel Rhyder|Focus Blast|p2a: Bronzong
|-damage|p2a: Bronzong|8/100
|
|-heal|p2a: Bronzong|15/100|[from] item: Leftovers
|upkeep
|turn|14
|
|t:|1757798439
|move|p1a: Rebel Rhyder|Focus Blast|p2a: Bronzong
|-damage|p2a: Bronzong|0 fnt
|faint|p2a: Bronzong
|
|upkeep
|
|t:|1757798458
|switch|p2a: cereza|Hatterene, F|100/100
|turn|15
|
|t:|1757798465
|-end|p1a: Rebel Rhyder|Quark Drive|[silent]
|switch|p1a: Alexxa Vice|Pecharunt|79/100
|move|p2a: cereza|Trick Room|p2a: cereza
|-fieldstart|move: Trick Room|[of] p2a: cereza
|
|upkeep
|turn|16
|
|t:|1757798474
|switch|p2a: Ursaluna|Ursaluna, M|51/100 brn
|move|p1a: Alexxa Vice|Malignant Chain|p2a: Ursaluna
|-resisted|p2a: Ursaluna
|-damage|p2a: Ursaluna|37/100 brn
|
|-damage|p2a: Ursaluna|30/100 brn|[from] brn
|upkeep
|turn|17
|
|t:|1757798509
|-terastallize|p1a: Alexxa Vice|Dark
|move|p2a: Ursaluna|Earthquake|p1a: Alexxa Vice
|-damage|p1a: Alexxa Vice|40/100
|move|p1a: Alexxa Vice|Foul Play|p2a: Ursaluna
|-damage|p2a: Ursaluna|0 fnt
|faint|p2a: Ursaluna
|
|upkeep
|
|t:|1757798523
|switch|p2a: Primarina|Primarina, F|42/100
|turn|18
|
|t:|1757798529
|move|p2a: Primarina|Sparkling Aria|p1a: Alexxa Vice
|-damage|p1a: Alexxa Vice|0 fnt
|faint|p1a: Alexxa Vice
|-damage|p2a: Primarina|32/100|[from] item: Life Orb
|
|upkeep
|
|t:|1757798534
|switch|p1a: Isabella Clark|Garganacl, M|100/100
|turn|19
|
|t:|1757798541
|move|p1a: Isabella Clark|Salt Cure|p2a: Primarina
|-damage|p2a: Primarina|15/100
|-start|p2a: Primarina|Salt Cure
|move|p2a: Primarina|Sparkling Aria|p1a: Isabella Clark
|-supereffective|p1a: Isabella Clark
|-damage|p1a: Isabella Clark|0 fnt
|faint|p1a: Isabella Clark
|-damage|p2a: Primarina|5/100|[from] item: Life Orb
|
|-damage|p2a: Primarina|0 fnt|[from] Salt Cure
|faint|p2a: Primarina
|-fieldend|move: Trick Room
|upkeep
|
|t:|1757798557
|switch|p2a: cereza|Hatterene, F|100/100
|switch|p1a: Rebel Rhyder|Iron Crown|63/100
|turn|20
|
|t:|1757798562
|move|p1a: Rebel Rhyder|Tachyon Cutter|p2a: cereza
|-supereffective|p2a: cereza
|-damage|p2a: cereza|25/100
|-supereffective|p2a: cereza
|-damage|p2a: cereza|0 fnt
|faint|p2a: cereza
|-hitcount|p2: cereza|2
|
|upkeep
|
|t:|1757798566
|switch|p2a: Iron Hands|Iron Hands|100/100
|turn|21
|
|t:|1757798580
|move|p1a: Rebel Rhyder|Tachyon Cutter|p2a: Iron Hands
|-resisted|p2a: Iron Hands
|-damage|p2a: Iron Hands|82/100
|-resisted|p2a: Iron Hands
|-damage|p2a: Iron Hands|65/100
|-hitcount|p2a: Iron Hands|2
|move|p2a: Iron Hands|Wild Charge|p1a: Rebel Rhyder
|-damage|p1a: Rebel Rhyder|0 fnt
|faint|p1a: Rebel Rhyder
|-end|p1a: Rebel Rhyder|Quark Drive|[silent]
|-damage|p2a: Iron Hands|56/100|[from] Recoil
|
|win|PV_09
|raw|Asmongoon's rating: 1477 &rarr; <strong>1459</strong><br />(-18 for losing)
|raw|PV_09's rating: 1508 &rarr; <strong>1526</strong><br />(+18 for winning)
|l|☆Asmongoon
|player|p1|
|l|☆PV_09
|player|p2|
