|j|☆TREMBLEB4BAST
|j|☆LiedGhostFox
|t:|1757830375
|gametype|singles
|player|p1|TREMBLEB4BAST|geeta|1184
|player|p2|LiedGhostFox|ethan|1198
|gen|9
|tier|[Gen 9] OU
|rated|
|rule|HP Percentage Mod: HP is shown in percentages
|rule|Endless Battle Clause: Forcing endless battles is banned
|rule|Species Clause: Limit one of each Pokémon
|rule|OHKO Clause: OHKO moves are banned
|rule|Evasion Items Clause: Evasion items are banned
|rule|Evasion Moves Clause: Evasion moves are banned
|rule|Evasion Abilities Clause: Evasion abilities are banned
|rule|Sleep Moves Clause: Sleep-inducing moves are banned
|clearpoke
|poke|p1|Scizor, F|
|poke|p1|Haxorus, M|
|poke|p1|Keldeo|
|poke|p1|Enamorus, F|
|poke|p1|Kingdra, M|
|poke|p1|Vikavolt, M|
|poke|p2|Raging Bolt|
|poke|p2|Corviknight, F|
|poke|p2|Dragapult, M|
|poke|p2|Meowscarada, M|
|poke|p2|Latios, M|
|poke|p2|Iron Moth|
|teampreview
|inactive|Battle timer is ON: inactive players will automatically lose when time's up. (requested by LiedGhostFox)
|
|t:|1757830383
|teamsize|p1|6
|teamsize|p2|6
|start
|switch|p1a: Lesbian|Scizor, F|100/100
|switch|p2a: Meowscarada|Meowscarada, M, shiny|100/100
|turn|1
|
|t:|1757830388
|switch|p2a: Corviknight|Corviknight, F, shiny|100/100
|move|p1a: Lesbian|U-turn|p2a: Corviknight
|-resisted|p2a: Corviknight
|-damage|p2a: Corviknight|90/100
|-damage|p1a: Lesbian|84/100|[from] item: Rocky Helmet|[of] p2a: Corviknight
|inactive|TREMBLEB4BAST has 120 seconds left.
|inactive|TREMBLEB4BAST has 90 seconds left.
|
|t:|1757830473
|switch|p1a: Australian|Vikavolt, M|100/100|[from] U-turn
|
|upkeep
|turn|2
|
|t:|1757830480
|switch|p2a: Raging Bolt|Raging Bolt|100/100
|-enditem|p2a: Raging Bolt|Booster Energy
|-activate|p2a: Raging Bolt|ability: Protosynthesis|[fromitem]
|-start|p2a: Raging Bolt|protosynthesisspa
|move|p1a: Australian|Volt Switch|p2a: Raging Bolt
|-resisted|p2a: Raging Bolt
|-damage|p2a: Raging Bolt|94/100
|
|t:|1757830485
|switch|p1a: Darth Blader|Haxorus, M, shiny|100/100|[from] Volt Switch
|-ability|p1a: Darth Blader|Mold Breaker
|
|upkeep
|turn|3
|
|t:|1757830510
|-end|p2a: Raging Bolt|Protosynthesis|[silent]
|switch|p2a: Corviknight|Corviknight, F, shiny|90/100
|move|p1a: Darth Blader|Dragon Claw|p2a: Corviknight
|-resisted|p2a: Corviknight
|-damage|p2a: Corviknight|68/100
|-damage|p1a: Darth Blader|84/100|[from] item: Rocky Helmet|[of] p2a: Corviknight
|
|upkeep
|turn|4
|
|t:|1757830518
|switch|p1a: Australian|Vikavolt, M|100/100
|move|p2a: Corviknight|Roost|p2a: Corviknight
|-heal|p2a: Corviknight|100/100
|-singleturn|p2a: Corviknight|move: Roost
|
|upkeep
|turn|5
|
|t:|1757830527
|switch|p2a: Raging Bolt|Raging Bolt|94/100
|move|p1a: Australian|Volt Switch|p2a: Raging Bolt
|-resisted|p2a: Raging Bolt
|-damage|p2a: Raging Bolt|87/100
|
|t:|1757830534
|switch|p1a: Darth Blader|Haxorus, M, shiny|84/100|[from] Volt Switch
|-ability|p1a: Darth Blader|Mold Breaker
|
|upkeep
|turn|6
|
|t:|1757830557
|switch|p1a: Australian|Vikavolt, M|100/100
|move|p2a: Raging Bolt|Dragon Pulse|p1a: Australian
|-damage|p1a: Australian|59/100
|
|upkeep
|turn|7
|inactive|LiedGhostFox has 120 seconds left.
|
|t:|1757830589
|-end|p2a: Raging Bolt|Protosynthesis|[silent]
|switch|p2a: Iron Moth|Iron Moth|100/100
|switch|p1a: Kingslayer|Enamorus, F|100/100
|
|upkeep
|turn|8
|
|t:|1757830601
|switch|p1a: Lesbian|Scizor, F|84/100
|move|p2a: Iron Moth|Sludge Wave|p1a: Lesbian
|-immune|p1a: Lesbian
|
|upkeep
|turn|9
|inactive|LiedGhostFox has 120 seconds left.
|
|t:|1757830612
|switch|p1a: Yakuza|Kingdra, M, shiny|100/100
|move|p2a: Iron Moth|Fiery Dance|p1a: Yakuza
|-resisted|p1a: Yakuza
|-crit|p1a: Yakuza
|-damage|p1a: Yakuza|78/100
|-boost|p2a: Iron Moth|spa|1
|
|upkeep
|turn|10
|inactive|TREMBLEB4BAST has 120 seconds left.
|inactive|LiedGhostFox has 120 seconds left.
|
|t:|1757830635
|-end|p2a: Iron Moth|Quark Drive|[silent]
|switch|p2a: Latios|Latios, M, shiny|100/100
|move|p1a: Yakuza|Draco Meteor|p2a: Latios
|-supereffective|p2a: Latios
|-damage|p2a: Latios|0 fnt
|-unboost|p1a: Yakuza|spa|2
|faint|p2a: Latios
|
|upkeep
|inactive|LiedGhostFox has 90 seconds left.
|
|t:|1757830680
|switch|p2a: Meowscarada|Meowscarada, M, shiny|100/100
|turn|11
|
|t:|1757830691
|switch|p1a: Kingslayer|Enamorus, F|100/100
|move|p2a: Meowscarada|Knock Off|p1a: Kingslayer
|-start|p2a: Meowscarada|typechange|Dark|[from] ability: Protean
|-resisted|p1a: Kingslayer
|-damage|p1a: Kingslayer|65/100
|-enditem|p1a: Kingslayer|Heavy-Duty Boots|[from] move: Knock Off|[of] p2a: Meowscarada
|
|upkeep
|turn|12
|
|t:|1757830706
|move|p2a: Meowscarada|Triple Axel|p1a: Kingslayer
|-supereffective|p1a: Kingslayer
|-damage|p1a: Kingslayer|41/100
|-supereffective|p1a: Kingslayer
|-damage|p1a: Kingslayer|0 fnt
|faint|p1a: Kingslayer
|-hitcount|p1: Kingslayer|2
|
|upkeep
|
|t:|1757830714
|switch|p1a: Lesbian|Scizor, F|84/100
|turn|13
|
|t:|1757830717
|switch|p2a: Corviknight|Corviknight, F, shiny|100/100
|move|p1a: Lesbian|U-turn|p2a: Corviknight
|-resisted|p2a: Corviknight
|-damage|p2a: Corviknight|90/100
|-damage|p1a: Lesbian|67/100|[from] item: Rocky Helmet|[of] p2a: Corviknight
|
|t:|1757830722
|switch|p1a: Australian|Vikavolt, M|59/100|[from] U-turn
|
|upkeep
|turn|14
|
|t:|1757830726
|switch|p2a: Iron Moth|Iron Moth|100/100
|move|p1a: Australian|Volt Switch|p2a: Iron Moth
|-damage|p2a: Iron Moth|81/100
|
|t:|1757830729
|switch|p1a: Darth Blader|Haxorus, M, shiny|84/100|[from] Volt Switch
|-ability|p1a: Darth Blader|Mold Breaker
|
|upkeep
|turn|15
|inactive|LiedGhostFox has 120 seconds left.
|
|t:|1757830758
|move|p1a: Darth Blader|Earthquake|p2a: Iron Moth
|-supereffective|p2a: Iron Moth
|-crit|p2a: Iron Moth
|-damage|p2a: Iron Moth|0 fnt
|faint|p2a: Iron Moth
|-end|p2a: Iron Moth|Quark Drive|[silent]
|
|upkeep
|
|t:|1757830766
|switch|p2a: Meowscarada|Meowscarada, M, shiny|100/100
|turn|16
|
|t:|1757830772
|switch|p1a: Lesbian|Scizor, F|67/100
|move|p2a: Meowscarada|Knock Off|p1a: Lesbian
|-start|p2a: Meowscarada|typechange|Dark|[from] ability: Protean
|-damage|p1a: Lesbian|19/100
|-enditem|p1a: Lesbian|Choice Band|[from] move: Knock Off|[of] p2a: Meowscarada
|
|upkeep
|turn|17
|
|t:|1757830782
|move|p1a: Lesbian|Bullet Punch|p2a: Meowscarada
|-damage|p2a: Meowscarada|50/100
|move|p2a: Meowscarada|Knock Off|p1a: Lesbian
|-damage|p1a: Lesbian|0 fnt
|faint|p1a: Lesbian
|
|upkeep
|
|t:|1757830791
|switch|p1a: Bojack|Keldeo|100/100
|turn|18
|
|t:|1757830796
|switch|p2a: Dragapult|Dragapult, M|100/100
|move|p1a: Bojack|Vacuum Wave|p2a: Dragapult
|-immune|p2a: Dragapult
|
|upkeep
|turn|19
|
|t:|1757830802
|move|p2a: Dragapult|Dragon Darts|p1a: Bojack
|-damage|p1a: Bojack|64/100
|-anim|p2a: Dragapult|Dragon Darts|p1a: Bojack
|-damage|p1a: Bojack|25/100
|-damage|p2a: Dragapult|91/100|[from] item: Life Orb
|move|p1a: Bojack|Icy Wind|p2a: Dragapult
|-supereffective|p2a: Dragapult
|-damage|p2a: Dragapult|23/100
|-unboost|p2a: Dragapult|spe|1
|
|upkeep
|turn|20
|
|t:|1757830814
|switch|p2a: Raging Bolt|Raging Bolt|87/100
|move|p1a: Bojack|Air Slash|p2a: Raging Bolt
|-resisted|p2a: Raging Bolt
|-damage|p2a: Raging Bolt|76/100
|
|upkeep
|turn|21
|
|t:|1757830822
|move|p1a: Bojack|Vacuum Wave|p2a: Raging Bolt
|-damage|p2a: Raging Bolt|59/100
|move|p2a: Raging Bolt|Discharge|p1a: Bojack
|-supereffective|p1a: Bojack
|-damage|p1a: Bojack|0 fnt
|faint|p1a: Bojack
|
|upkeep
|
|t:|1757830835
|switch|p1a: Australian|Vikavolt, M|59/100
|turn|22
|
|t:|1757830840
|-terastallize|p1a: Australian|Ice
|move|p2a: Raging Bolt|Dragon Pulse|p1a: Australian
|-damage|p1a: Australian|17/100
|move|p1a: Australian|Tera Blast|p2a: Raging Bolt|[anim] Tera Blast Ice
|-supereffective|p2a: Raging Bolt
|-damage|p2a: Raging Bolt|0 fnt
|faint|p2a: Raging Bolt
|-end|p2a: Raging Bolt|Protosynthesis|[silent]
|
|upkeep
|
|t:|1757830849
|switch|p2a: Meowscarada|Meowscarada, M, shiny|50/100
|turn|23
|
|t:|1757830852
|move|p2a: Meowscarada|Knock Off|p1a: Australian
|-start|p2a: Meowscarada|typechange|Dark|[from] ability: Protean
|-damage|p1a: Australian|0 fnt
|-enditem|p1a: Australian|Heavy-Duty Boots|[from] move: Knock Off|[of] p2a: Meowscarada
|faint|p1a: Australian
|
|upkeep
|
|t:|1757830853
|switch|p1a: Darth Blader|Haxorus, M, shiny|84/100
|-ability|p1a: Darth Blader|Mold Breaker
|turn|24
|
|t:|1757830866
|switch|p2a: Corviknight|Corviknight, F, shiny|90/100
|move|p1a: Darth Blader|First Impression|p2a: Corviknight
|-resisted|p2a: Corviknight
|-damage|p2a: Corviknight|82/100
|-damage|p1a: Darth Blader|67/100|[from] item: Rocky Helmet|[of] p2a: Corviknight
|
|upkeep
|turn|25
|
|t:|1757830873
|switch|p1a: Yakuza|Kingdra, M, shiny|78/100
|switch|p2a: Meowscarada|Meowscarada, M, shiny|50/100
|
|upkeep
|turn|26
|
|t:|1757830878
|move|p1a: Yakuza|Ice Beam|p2a: Meowscarada
|-supereffective|p2a: Meowscarada
|-damage|p2a: Meowscarada|0 fnt
|faint|p2a: Meowscarada
|
|upkeep
|
|t:|1757830887
|switch|p2a: Corviknight|Corviknight, F, shiny|82/100
|turn|27
|
|t:|1757830893
|switch|p1a: Darth Blader|Haxorus, M, shiny|67/100
|-ability|p1a: Darth Blader|Mold Breaker
|move|p2a: Corviknight|Iron Defense|p2a: Corviknight
|-boost|p2a: Corviknight|def|2
|
|upkeep
|turn|28
|
|t:|1757830899
|move|p1a: Darth Blader|Dragon Claw|p2a: Corviknight
|-resisted|p2a: Corviknight
|-damage|p2a: Corviknight|70/100
|-damage|p1a: Darth Blader|50/100|[from] item: Rocky Helmet|[of] p2a: Corviknight
|move|p2a: Corviknight|Iron Defense|p2a: Corviknight
|-boost|p2a: Corviknight|def|2
|
|upkeep
|turn|29
|
|t:|1757830906
|move|p1a: Darth Blader|Dragon Claw|p2a: Corviknight
|-resisted|p2a: Corviknight
|-damage|p2a: Corviknight|63/100
|-damage|p1a: Darth Blader|34/100|[from] item: Rocky Helmet|[of] p2a: Corviknight
|move|p2a: Corviknight|Body Press|p1a: Darth Blader
|-damage|p1a: Darth Blader|0 fnt
|faint|p1a: Darth Blader
|
|upkeep
|
|t:|1757830908
|switch|p1a: Yakuza|Kingdra, M, shiny|78/100
|turn|30
|
|t:|1757830915
|move|p1a: Yakuza|Surf|p2a: Corviknight
|-damage|p2a: Corviknight|19/100
|move|p2a: Corviknight|Body Press|p1a: Yakuza
|-damage|p1a: Yakuza|0 fnt
|faint|p1a: Yakuza
|
|win|LiedGhostFox
|raw|TREMBLEB4BAST's rating: 1184 &rarr; <strong>1160</strong><br />(-24 for losing)
|raw|LiedGhostFox's rating: 1198 &rarr; <strong>1222</strong><br />(+24 for winning)
|l|☆TREMBLEB4BAST
|player|p1|
