|j|☆amacklai
|j|☆Pochama393
|t:|1757789378
|gametype|singles
|player|p1|amacklai|266|1106
|player|p2|Pochama393|1|1118
|gen|9
|tier|[Gen 9] OU
|rated|
|rule|HP Percentage Mod: HP is shown in percentages
|rule|Endless Battle Clause: Forcing endless battles is banned
|rule|Species Clause: Limit one of each Pokémon
|rule|OHKO Clause: OHKO moves are banned
|rule|Evasion Items Clause: Evasion items are banned
|rule|Evasion Moves Clause: Evasion moves are banned
|rule|Evasion Abilities Clause: Evasion abilities are banned
|rule|Sleep Moves Clause: Sleep-inducing moves are banned
|clearpoke
|poke|p1|Comfey, F|
|poke|p1|Skeledirge, M|
|poke|p1|Kilowattrel, M|
|poke|p1|Shiftry, M|
|poke|p1|Mabosstiff, M|
|poke|p1|Copperajah, F|
|poke|p2|Kingambit, M|
|poke|p2|Gliscor, M|
|poke|p2|Primarina, F|
|poke|p2|Great Tusk|
|poke|p2|Dragapult, F|
|poke|p2|Deoxys-Speed|
|teampreview
|c|☆Pochama393|Hi
|
|t:|1757789398
|teamsize|p1|6
|teamsize|p2|6
|start
|switch|p1a: Copperajah|Copperajah, F|100/100
|switch|p2a: Primarina|Primarina, F|100/100
|turn|1
|
|t:|1757789406
|move|p2a: Primarina|Sparkling Aria|p1a: Copperajah
|-damage|p1a: Copperajah|19/100
|move|p1a: Copperajah|Stealth Rock|p2a: Primarina
|-sidestart|p2: Pochama393|move: Stealth Rock
|
|upkeep
|turn|2
|-enditem|p1a: Copperajah|Custap Berry|[eat]
|-activate|p1a: Copperajah|item: Custap Berry|[consumed]
|
|t:|1757789415
|move|p1a: Copperajah|Heavy Slam|p2a: Primarina
|-damage|p2a: Primarina|12/100
|move|p2a: Primarina|Sparkling Aria|p1a: Copperajah
|-damage|p1a: Copperajah|0 fnt
|faint|p1a: Copperajah
|
|upkeep
|
|t:|1757789439
|switch|p1a: Mabosstiff|Mabosstiff, M|100/100
|turn|3
|
|t:|1757789458
|switch|p2a: Gliscor|Gliscor, M|100/100
|-damage|p2a: Gliscor|88/100|[from] Stealth Rock
|move|p1a: Mabosstiff|Trailblaze|p2a: Gliscor
|-damage|p2a: Gliscor|77/100
|-boost|p1a: Mabosstiff|spe|1
|
|-status|p2a: Gliscor|tox|[from] item: Toxic Orb
|upkeep
|turn|4
|
|t:|1757789471
|move|p1a: Mabosstiff|Swagger|p2a: Gliscor
|-boost|p2a: Gliscor|atk|2
|-start|p2a: Gliscor|confusion
|-enditem|p1a: Mabosstiff|Mirror Herb
|-boost|p1a: Mabosstiff|atk|2|[from] item: Mirror Herb
|-activate|p2a: Gliscor|confusion
|move|p2a: Gliscor|Stealth Rock|p1a: Mabosstiff
|-sidestart|p1: amacklai|move: Stealth Rock
|
|-heal|p2a: Gliscor|90/100 tox|[from] ability: Poison Heal
|upkeep
|turn|5
|
|t:|1757789489
|move|p1a: Mabosstiff|Crunch|p2a: Gliscor
|-damage|p2a: Gliscor|40/100 tox
|-activate|p2a: Gliscor|confusion
|-damage|p2a: Gliscor|27/100 tox|[from] confusion
|
|-heal|p2a: Gliscor|39/100 tox|[from] ability: Poison Heal
|upkeep
|turn|6
|
|t:|1757789517
|switch|p2a: Great Tusk|Great Tusk|100/100
|-damage|p2a: Great Tusk|98/100|[from] Stealth Rock
|move|p1a: Mabosstiff|Crunch|p2a: Great Tusk
|-resisted|p2a: Great Tusk
|-damage|p2a: Great Tusk|73/100
|
|-heal|p2a: Great Tusk|79/100|[from] item: Leftovers
|upkeep
|turn|7
|
|t:|1757789533
|-terastallize|p1a: Mabosstiff|Fairy
|move|p1a: Mabosstiff|Play Rough|p2a: Great Tusk
|-supereffective|p2a: Great Tusk
|-damage|p2a: Great Tusk|0 fnt
|faint|p2a: Great Tusk
|-end|p2a: Great Tusk|Protosynthesis|[silent]
|
|upkeep
|
|t:|1757789546
|switch|p2a: Kingambit|Kingambit, M|100/100
|-damage|p2a: Kingambit|94/100|[from] Stealth Rock
|-activate|p2a: Kingambit|ability: Supreme Overlord
|-start|p2a: Kingambit|fallen1|[silent]
|turn|8
|
|t:|1757789563
|move|p1a: Mabosstiff|Play Rough|p2a: Kingambit
|-damage|p2a: Kingambit|29/100
|move|p2a: Kingambit|Iron Head|p1a: Mabosstiff
|-supereffective|p1a: Mabosstiff
|-damage|p1a: Mabosstiff|0 fnt
|faint|p1a: Mabosstiff
|
|-heal|p2a: Kingambit|35/100|[from] item: Leftovers
|upkeep
|
|t:|1757789575
|switch|p1a: Kilowattrel|Kilowattrel, M|100/100
|-damage|p1a: Kilowattrel|76/100|[from] Stealth Rock
|turn|9
|c|☆Pochama393|Cool strat:)
|
|t:|1757789589
|move|p2a: Kingambit|Sucker Punch||[still]
|-fail|p2a: Kingambit
|move|p1a: Kilowattrel|Tailwind|p1a: Kilowattrel
|-sidestart|p1: amacklai|move: Tailwind
|-start|p1a: Kilowattrel|Charge|Tailwind|[from] ability: Wind Power
|
|-heal|p2a: Kingambit|41/100|[from] item: Leftovers
|upkeep
|turn|10
|
|t:|1757789598
|move|p2a: Kingambit|Sucker Punch|p1a: Kilowattrel
|-damage|p1a: Kilowattrel|0 fnt
|faint|p1a: Kilowattrel
|
|-heal|p2a: Kingambit|47/100|[from] item: Leftovers
|upkeep
|
|t:|1757789605
|switch|p1a: Shiftry|Shiftry, M|100/100
|-damage|p1a: Shiftry|88/100|[from] Stealth Rock
|-ability|p1a: Shiftry|Wind Rider|boost
|-boost|p1a: Shiftry|atk|1
|turn|11
|
|t:|1757789615
|move|p1a: Shiftry|Trailblaze|p2a: Kingambit
|-resisted|p2a: Kingambit
|-damage|p2a: Kingambit|32/100
|-boost|p1a: Shiftry|spe|1
|-damage|p1a: Shiftry|78/100|[from] item: Life Orb
|move|p2a: Kingambit|Iron Head|p1a: Shiftry
|-damage|p1a: Shiftry|0 fnt
|faint|p1a: Shiftry
|
|-heal|p2a: Kingambit|38/100|[from] item: Leftovers
|upkeep
|-message|amacklai forfeited.
|
|win|Pochama393
|raw|amacklai's rating: 1106 &rarr; <strong>1082</strong><br />(-24 for losing)
|raw|Pochama393's rating: 1118 &rarr; <strong>1142</strong><br />(+24 for winning)
|l|☆amacklai
|player|p1|
|l|☆Pochama393
|player|p2|
