|j|☆Ieigh
|j|☆Fachemaispasfacho
|t:|1757875074
|gametype|singles
|player|p1|Ieigh|101|1122
|player|p2|Fachemaispasfacho|backpacker|1115
|gen|9
|tier|[Gen 9] OU
|rated|
|rule|HP Percentage Mod: HP is shown in percentages
|rule|Endless Battle Clause: Forcing endless battles is banned
|rule|Species Clause: Limit one of each Pokémon
|rule|OHKO Clause: OHKO moves are banned
|rule|Evasion Items Clause: Evasion items are banned
|rule|Evasion Moves Clause: Evasion moves are banned
|rule|Evasion Abilities Clause: Evasion abilities are banned
|rule|Sleep Moves Clause: Sleep-inducing moves are banned
|clearpoke
|poke|p1|Quaquaval, M|
|poke|p1|Dragonite, M|
|poke|p1|Meowstic-F, F|
|poke|p1|Salazzle, F|
|poke|p1|Talonflame, M|
|poke|p1|Whimsicott, F|
|poke|p2|Dragonite, F|
|poke|p2|Landorus-Therian, M|
|poke|p2|Iron Crown|
|poke|p2|Lokix, F|
|poke|p2|Primarina, M|
|poke|p2|Cinderace, M|
|teampreview
|
|t:|1757875084
|teamsize|p1|6
|teamsize|p2|6
|start
|switch|p1a: Meowstic|Meowstic-F, F|100/100
|switch|p2a: Af1s|Cinderace, M|100/100
|turn|1
|
|t:|1757875100
|move|p2a: Af1s|U-turn|p1a: Meowstic
|-supereffective|p1a: Meowstic
|-damage|p1a: Meowstic|47/100
|
|t:|1757875107
|switch|p2a: Fantasy|Primarina, M|100/100|[from] U-turn
|move|p1a: Meowstic|Dark Pulse|p2a: Fantasy
|-resisted|p2a: Fantasy
|-damage|p2a: Fantasy|95/100
|
|upkeep
|turn|2
|
|t:|1757875119
|switch|p1a: Whimsicott|Whimsicott, F|100/100
|move|p2a: Fantasy|Surf|p1a: Whimsicott
|-resisted|p1a: Whimsicott
|-damage|p1a: Whimsicott|65/100
|
|-heal|p1a: Whimsicott|71/100|[from] item: Leftovers
|upkeep
|turn|3
|
|t:|1757875128
|switch|p2a: Highway Patrol|Lokix, F|100/100
|move|p1a: Whimsicott|Giga Drain|p2a: Highway Patrol
|-resisted|p2a: Highway Patrol
|-damage|p2a: Highway Patrol|72/100
|-heal|p1a: Whimsicott|87/100|[from] drain|[of] p2a: Highway Patrol
|
|-heal|p1a: Whimsicott|93/100|[from] item: Leftovers
|upkeep
|turn|4
|
|t:|1757875144
|-terastallize|p1a: Whimsicott|Fairy
|move|p1a: Whimsicott|Dazzling Gleam|p2a: Highway Patrol
|-supereffective|p2a: Highway Patrol
|-damage|p2a: Highway Patrol|0 fnt
|faint|p2a: Highway Patrol
|
|-heal|p1a: Whimsicott|99/100|[from] item: Leftovers
|upkeep
|
|t:|1757875149
|switch|p2a: Hoover|Iron Crown|100/100
|turn|5
|
|t:|1757875160
|switch|p1a: Talonflame|Talonflame, M|100/100
|move|p2a: Hoover|Volt Switch|p1a: Talonflame
|-supereffective|p1a: Talonflame
|-damage|p1a: Talonflame|0 fnt
|faint|p1a: Talonflame
|
|t:|1757875167
|-end|p2a: Hoover|Quark Drive|[silent]
|switch|p2a: Fantasy|Primarina, M|95/100|[from] Volt Switch
|
|upkeep
|
|t:|1757875177
|switch|p1a: Whimsicott|Whimsicott, F, tera:Fairy|99/100
|turn|6
|
|t:|1757875185
|move|p1a: Whimsicott|Tailwind|p1a: Whimsicott
|-sidestart|p1: Ieigh|move: Tailwind
|move|p2a: Fantasy|Moonblast|p1a: Whimsicott
|-damage|p1a: Whimsicott|28/100
|
|-heal|p1a: Whimsicott|35/100|[from] item: Leftovers
|upkeep
|turn|7
|
|t:|1757875193
|move|p1a: Whimsicott|Giga Drain|p2a: Fantasy
|-supereffective|p2a: Fantasy
|-damage|p2a: Fantasy|65/100
|-heal|p1a: Whimsicott|56/100|[from] drain|[of] p2a: Fantasy
|move|p2a: Fantasy|Surf|p1a: Whimsicott
|-crit|p1a: Whimsicott
|-damage|p1a: Whimsicott|0 fnt
|faint|p1a: Whimsicott
|
|upkeep
|
|t:|1757875207
|switch|p1a: Salazzle|Salazzle, F|100/100
|turn|8
|
|t:|1757875210
|move|p1a: Salazzle|Sludge Bomb|p2a: Fantasy
|-supereffective|p2a: Fantasy
|-damage|p2a: Fantasy|11/100
|move|p2a: Fantasy|Surf|p1a: Salazzle
|-supereffective|p1a: Salazzle
|-damage|p1a: Salazzle|0 fnt
|faint|p1a: Salazzle
|
|upkeep
|
|t:|1757875218
|switch|p1a: Quaquaval|Quaquaval, M|100/100
|turn|9
|
|t:|1757875224
|switch|p2a: Afghanistan|Landorus-Therian, M|100/100
|-ability|p2a: Afghanistan|Intimidate|boost
|-unboost|p1a: Quaquaval|atk|1
|move|p1a: Quaquaval|Aqua Step|p2a: Afghanistan
|-supereffective|p2a: Afghanistan
|-damage|p2a: Afghanistan|33/100
|-boost|p1a: Quaquaval|spe|1
|-damage|p1a: Quaquaval|84/100|[from] item: Rocky Helmet|[of] p2a: Afghanistan
|-damage|p1a: Quaquaval|74/100|[from] item: Life Orb
|
|-sideend|p1: Ieigh|move: Tailwind
|upkeep
|turn|10
|
|t:|1757875234
|move|p1a: Quaquaval|Aqua Step|p2a: Afghanistan
|-supereffective|p2a: Afghanistan
|-damage|p2a: Afghanistan|0 fnt
|-boost|p1a: Quaquaval|spe|1
|-damage|p1a: Quaquaval|57/100|[from] item: Rocky Helmet|[of] p2a: Afghanistan
|faint|p2a: Afghanistan
|-ability|p1a: Quaquaval|Moxie|boost
|-boost|p1a: Quaquaval|atk|1
|-damage|p1a: Quaquaval|47/100|[from] item: Life Orb
|
|upkeep
|
|t:|1757875247
|switch|p2a: Miami Ultras|Dragonite, F|100/100
|turn|11
|
|t:|1757875251
|move|p1a: Quaquaval|Ice Spinner|p2a: Miami Ultras
|-supereffective|p2a: Miami Ultras
|-damage|p2a: Miami Ultras|21/100
|-damage|p1a: Quaquaval|37/100|[from] item: Life Orb
|move|p2a: Miami Ultras|Earthquake|p1a: Quaquaval
|-damage|p1a: Quaquaval|0 fnt
|faint|p1a: Quaquaval
|
|-heal|p2a: Miami Ultras|27/100|[from] item: Leftovers
|upkeep
|
|t:|1757875278
|switch|p1a: Meowstic|Meowstic-F, F|47/100
|turn|12
|
|t:|1757875287
|move|p1a: Meowstic|Thunderbolt|p2a: Miami Ultras
|-damage|p2a: Miami Ultras|1/100
|move|p2a: Miami Ultras|Dragon Tail|p1a: Meowstic
|-damage|p1a: Meowstic|0 fnt
|faint|p1a: Meowstic
|
|-heal|p2a: Miami Ultras|8/100|[from] item: Leftovers
|upkeep
|
|t:|1757875294
|switch|p1a: Dragonite|Dragonite, M|100/100
|turn|13
|
|t:|1757875304
|move|p2a: Miami Ultras|Dragon Dance|p2a: Miami Ultras
|-boost|p2a: Miami Ultras|atk|1
|-boost|p2a: Miami Ultras|spe|1
|move|p1a: Dragonite|Dragon Dance|p1a: Dragonite
|-boost|p1a: Dragonite|atk|1
|-boost|p1a: Dragonite|spe|1
|
|-heal|p2a: Miami Ultras|14/100|[from] item: Leftovers
|upkeep
|turn|14
|
|t:|1757875316
|move|p2a: Miami Ultras|Ice Spinner|p1a: Dragonite
|-supereffective|p1a: Dragonite
|-damage|p1a: Dragonite|0 fnt
|faint|p1a: Dragonite
|
|win|Fachemaispasfacho
|raw|Ieigh's rating: 1122 &rarr; <strong>1096</strong><br />(-26 for losing)
|raw|Fachemaispasfacho's rating: 1115 &rarr; <strong>1141</strong><br />(+26 for winning)
|l|☆Ieigh
|player|p1|
|l|☆Fachemaispasfacho
|player|p2|
