|j|☆Josema05
|j|☆PistachoNuclear
|t:|1757786533
|gametype|singles
|player|p1|Josema05|n|1197
|player|p2|PistachoNuclear|gambler|1234
|gen|9
|tier|[Gen 9] OU
|rated|
|rule|HP Percentage Mod: HP is shown in percentages
|rule|Endless Battle Clause: Forcing endless battles is banned
|rule|Species Clause: Limit one of each Pokémon
|rule|OHKO Clause: OHKO moves are banned
|rule|Evasion Items Clause: Evasion items are banned
|rule|Evasion Moves Clause: Evasion moves are banned
|rule|Evasion Abilities Clause: Evasion abilities are banned
|rule|Sleep Moves Clause: Sleep-inducing moves are banned
|clearpoke
|poke|p1|Serperior, M|
|poke|p1|Greninja-*, M|
|poke|p1|Dragapult, M|
|poke|p1|Incineroar, M|
|poke|p1|Toxapex, F|
|poke|p1|Alomomola, M|
|poke|p2|Slowbro, M|
|poke|p2|Corviknight, F|
|poke|p2|Persian-Alola, M|
|poke|p2|Jolteon, M|
|poke|p2|Crabominable, F|
|poke|p2|Dugtrio, F|
|teampreview
|
|t:|1757786550
|teamsize|p1|6
|teamsize|p2|6
|start
|switch|p1a: Incineroar|Incineroar, M|100/100
|switch|p2a: Jolteon|Jolteon, M|100/100
|-ability|p1a: Incineroar|Intimidate|boost
|-unboost|p2a: Jolteon|atk|1
|turn|1
|
|t:|1757786567
|move|p2a: Jolteon|Volt Switch|p1a: Incineroar
|-damage|p1a: Incineroar|53/100
|
|t:|1757786575
|switch|p2a: Corviknight|Corviknight, F|100/100|[from] Volt Switch
|move|p1a: Incineroar|Parting Shot|p2a: Corviknight
|-ability|p2a: Corviknight|Mirror Armor
|-unboost|p1a: Incineroar|atk|1
|-ability|p2a: Corviknight|Mirror Armor
|-unboost|p1a: Incineroar|spa|1
|
|t:|1757786596
|switch|p1a: Greninja|Greninja, M|100/100|[from] Parting Shot
|
|upkeep
|turn|2
|
|t:|1757786604
|move|p1a: Greninja|Dark Pulse|p2a: Corviknight
|-start|p1a: Greninja|typechange|Dark|[from] ability: Protean
|-damage|p2a: Corviknight|45/100
|move|p2a: Corviknight|U-turn|p1a: Greninja
|-supereffective|p1a: Greninja
|-damage|p1a: Greninja|56/100
|
|t:|1757786621
|switch|p2a: Jolteon|Jolteon, M|100/100|[from] U-turn
|
|upkeep
|turn|3
|
|t:|1757786631
|switch|p1a: Dragapult|Dragapult, M|100/100
|move|p2a: Jolteon|Volt Switch|p1a: Dragapult
|-resisted|p1a: Dragapult
|-damage|p1a: Dragapult|68/100
|
|t:|1757786645
|switch|p2a: Slowbro|Slowbro, M, shiny|100/100|[from] Volt Switch
|
|upkeep
|turn|4
|
|t:|1757786655
|move|p1a: Dragapult|U-turn|p2a: Slowbro
|-supereffective|p2a: Slowbro
|-damage|p2a: Slowbro|49/100
|
|t:|1757786657
|switch|p1a: Serperior|Serperior, M|100/100|[from] U-turn
|move|p2a: Slowbro|Ice Beam|p1a: Serperior
|-supereffective|p1a: Serperior
|-damage|p1a: Serperior|51/100
|
|upkeep
|turn|5
|
|t:|1757786673
|switch|p2a: Corviknight|Corviknight, F|45/100
|move|p1a: Serperior|Leaf Storm|p2a: Corviknight
|-resisted|p2a: Corviknight
|-damage|p2a: Corviknight|34/100
|-boost|p1a: Serperior|spa|2
|
|upkeep
|turn|6
|
|t:|1757786691
|switch|p1a: Toxapex|Toxapex, F|100/100
|-item|p1a: Toxapex|Air Balloon
|move|p2a: Corviknight|Roost|p2a: Corviknight
|-heal|p2a: Corviknight|84/100
|-singleturn|p2a: Corviknight|move: Roost
|
|upkeep
|turn|7
|
|t:|1757786700
|move|p2a: Corviknight|U-turn|p1a: Toxapex
|-resisted|p1a: Toxapex
|-damage|p1a: Toxapex|95/100
|-enditem|p1a: Toxapex|Air Balloon
|
|t:|1757786710
|switch|p2a: Jolteon|Jolteon, M|100/100|[from] U-turn
|move|p1a: Toxapex|Chilling Water|p2a: Jolteon
|-damage|p2a: Jolteon|88/100
|-unboost|p2a: Jolteon|atk|1
|
|upkeep
|turn|8
|
|t:|1757786722
|switch|p1a: Dragapult|Dragapult, M|68/100
|move|p2a: Jolteon|Volt Switch|p1a: Dragapult
|-resisted|p1a: Dragapult
|-damage|p1a: Dragapult|35/100
|
|t:|1757786729
|switch|p2a: Corviknight|Corviknight, F|84/100|[from] Volt Switch
|
|upkeep
|turn|9
|
|t:|1757786735
|move|p1a: Dragapult|U-turn|p2a: Corviknight
|-resisted|p2a: Corviknight
|-damage|p2a: Corviknight|79/100
|-damage|p1a: Dragapult|18/100|[from] item: Rocky Helmet|[of] p2a: Corviknight
|
|t:|1757786740
|switch|p1a: Incineroar|Incineroar, M|53/100|[from] U-turn
|-ability|p1a: Incineroar|Intimidate|boost
|-ability|p2a: Corviknight|Mirror Armor
|-unboost|p1a: Incineroar|atk|1
|move|p2a: Corviknight|Brave Bird|p1a: Incineroar
|-damage|p1a: Incineroar|16/100
|-damage|p2a: Corviknight|67/100|[from] Recoil
|
|upkeep
|turn|10
|
|t:|1757786753
|move|p1a: Incineroar|Will-O-Wisp|p2a: Corviknight
|-status|p2a: Corviknight|brn
|move|p2a: Corviknight|Roost|p2a: Corviknight
|-heal|p2a: Corviknight|100/100 brn
|-singleturn|p2a: Corviknight|move: Roost
|
|-damage|p2a: Corviknight|94/100 brn|[from] brn
|upkeep
|turn|11
|
|t:|1757786765
|switch|p1a: Alomomola|Alomomola, M|100/100
|move|p2a: Corviknight|Brave Bird|p1a: Alomomola
|-damage|p1a: Alomomola|91/100
|-damage|p2a: Corviknight|78/100 brn|[from] item: Rocky Helmet|[of] p1a: Alomomola
|-damage|p2a: Corviknight|74/100 brn|[from] Recoil
|
|-damage|p2a: Corviknight|68/100 brn|[from] brn
|upkeep
|turn|12
|
|t:|1757786775
|move|p2a: Corviknight|U-turn|p1a: Alomomola
|-damage|p1a: Alomomola|88/100
|-damage|p2a: Corviknight|51/100 brn|[from] item: Rocky Helmet|[of] p1a: Alomomola
|
|t:|1757786781
|switch|p2a: Jolteon|Jolteon, M|88/100|[from] U-turn
|move|p1a: Alomomola|Wish|p1a: Alomomola
|
|upkeep
|turn|13
|
|t:|1757786788
|switch|p1a: Serperior|Serperior, M|51/100
|move|p2a: Jolteon|Volt Switch|p1a: Serperior
|-resisted|p1a: Serperior
|-damage|p1a: Serperior|32/100
|
|t:|1757786805
|switch|p2a: Crabominable|Crabominable, F|100/100|[from] Volt Switch
|
|-heal|p1a: Serperior|100/100|[from] move: Wish|[wisher] Alomomola
|upkeep
|turn|14
|
|t:|1757786814
|switch|p1a: Alomomola|Alomomola, M|100/100
|move|p2a: Crabominable|Ice Hammer|p1a: Alomomola
|-resisted|p1a: Alomomola
|-damage|p1a: Alomomola|73/100
|-unboost|p2a: Crabominable|spe|1
|-damage|p2a: Crabominable|84/100|[from] item: Rocky Helmet|[of] p1a: Alomomola
|
|upkeep
|turn|15
|inactive|Battle timer is ON: inactive players will automatically lose when time's up. (requested by PistachoNuclear)
|
|t:|1757786828
|switch|p2a: Persian|Persian-Alola, M, shiny|100/100
|move|p1a: Alomomola|Flip Turn|p2a: Persian
|-damage|p2a: Persian|88/100
|
|t:|1757786843
|switch|p1a: Dragapult|Dragapult, M|18/100|[from] Flip Turn
|
|upkeep
|turn|16
|
|t:|1757786848
|move|p2a: Persian|Foul Play|p1a: Dragapult
|-supereffective|p1a: Dragapult
|-damage|p1a: Dragapult|0 fnt
|faint|p1a: Dragapult
|
|upkeep
|
|t:|1757786853
|switch|p1a: Serperior|Serperior, M|100/100
|turn|17
|
|t:|1757786858
|switch|p2a: Corviknight|Corviknight, F|51/100 brn
|move|p1a: Serperior|Leaf Storm|p2a: Corviknight
|-resisted|p2a: Corviknight
|-damage|p2a: Corviknight|40/100 brn
|-boost|p1a: Serperior|spa|2
|
|-damage|p2a: Corviknight|34/100 brn|[from] brn
|upkeep
|turn|18
|
|t:|1757786869
|move|p1a: Serperior|Leaf Storm|p2a: Corviknight
|-resisted|p2a: Corviknight
|-damage|p2a: Corviknight|10/100 brn
|-boost|p1a: Serperior|spa|2
|move|p2a: Corviknight|Roost|p2a: Corviknight
|-heal|p2a: Corviknight|60/100 brn
|-singleturn|p2a: Corviknight|move: Roost
|
|-damage|p2a: Corviknight|54/100 brn|[from] brn
|upkeep
|turn|19
|
|t:|1757786881
|move|p1a: Serperior|Leaf Storm|p2a: Corviknight|[miss]
|-miss|p1a: Serperior|p2a: Corviknight
|move|p2a: Corviknight|Brave Bird|p1a: Serperior
|-supereffective|p1a: Serperior
|-damage|p1a: Serperior|57/100
|-damage|p2a: Corviknight|43/100 brn|[from] Recoil
|
|-damage|p2a: Corviknight|37/100 brn|[from] brn
|upkeep
|turn|20
|
|t:|1757786891
|move|p1a: Serperior|Leaf Storm|p2a: Corviknight
|-resisted|p2a: Corviknight
|-damage|p2a: Corviknight|3/100 brn
|-boost|p1a: Serperior|spa|2
|move|p2a: Corviknight|Brave Bird|p1a: Serperior
|-supereffective|p1a: Serperior
|-damage|p1a: Serperior|15/100
|-damage|p2a: Corviknight|0 fnt|[from] Recoil
|faint|p2a: Corviknight
|
|upkeep
|
|t:|1757786905
|switch|p2a: Jolteon|Jolteon, M|88/100
|turn|21
|
|t:|1757786927
|move|p2a: Jolteon|Volt Switch|p1a: Serperior
|-resisted|p1a: Serperior
|-damage|p1a: Serperior|0 fnt
|faint|p1a: Serperior
|
|t:|1757786933
|switch|p2a: Persian|Persian-Alola, M, shiny|88/100|[from] Volt Switch
|
|upkeep
|
|t:|1757786939
|switch|p1a: Alomomola|Alomomola, M|100/100
|turn|22
|
|t:|1757786942
|move|p2a: Persian|Switcheroo|p1a: Alomomola
|-activate|p2a: Persian|move: Trick|[of] p1a: Alomomola
|-item|p1a: Alomomola|Choice Scarf|[from] move: Switcheroo
|-item|p2a: Persian|Rocky Helmet|[from] move: Switcheroo
|move|p1a: Alomomola|Wish|p1a: Alomomola
|
|upkeep
|turn|23
|
|t:|1757786950
|switch|p1a: Incineroar|Incineroar, M|16/100
|-ability|p1a: Incineroar|Intimidate|boost
|-unboost|p2a: Persian|atk|1
|move|p2a: Persian|Thunder Wave|p1a: Incineroar
|-status|p1a: Incineroar|par
|
|-heal|p1a: Incineroar|83/100 par|[from] move: Wish|[wisher] Alomomola
|upkeep
|turn|24
|
|t:|1757786962
|move|p2a: Persian|Parting Shot|p1a: Incineroar
|-unboost|p1a: Incineroar|atk|1
|-unboost|p1a: Incineroar|spa|1
|
|t:|1757786968
|switch|p2a: Slowbro|Slowbro, M, shiny|82/100|[from] Parting Shot
|move|p1a: Incineroar|Will-O-Wisp|p2a: Slowbro
|-status|p2a: Slowbro|brn
|
|-damage|p2a: Slowbro|76/100 brn|[from] brn
|upkeep
|turn|25
|
|t:|1757786978
|switch|p1a: Greninja|Greninja, M|56/100
|move|p2a: Slowbro|Surf|p1a: Greninja
|-resisted|p1a: Greninja
|-damage|p1a: Greninja|22/100
|
|-damage|p2a: Slowbro|70/100 brn|[from] brn
|upkeep
|turn|26
|
|t:|1757786989
|switch|p2a: Persian|Persian-Alola, M, shiny|88/100
|move|p1a: Greninja|Dark Pulse|p2a: Persian
|-start|p1a: Greninja|typechange|Dark|[from] ability: Protean
|-resisted|p2a: Persian
|-damage|p2a: Persian|48/100
|
|upkeep
|turn|27
|
|t:|1757787000
|switch|p1a: Incineroar|Incineroar, M|83/100 par
|-ability|p1a: Incineroar|Intimidate|boost
|-unboost|p2a: Persian|atk|1
|move|p2a: Persian|Thunder Wave|p1a: Incineroar
|-fail|p1a: Incineroar|par
|
|upkeep
|turn|28
|inactive|PistachoNuclear has 120 seconds left.
|
|t:|1757787030
|move|p2a: Persian|Parting Shot|p1a: Incineroar
|-unboost|p1a: Incineroar|atk|1
|-unboost|p1a: Incineroar|spa|1
|inactive|PistachoNuclear has 120 seconds left.
|
|t:|1757787043
|switch|p2a: Slowbro|Slowbro, M, shiny|100/100 brn|[from] Parting Shot
|move|p1a: Incineroar|Knock Off|p2a: Slowbro
|-supereffective|p2a: Slowbro
|-damage|p2a: Slowbro|63/100 brn
|-enditem|p2a: Slowbro|Assault Vest|[from] move: Knock Off|[of] p1a: Incineroar
|
|-damage|p2a: Slowbro|57/100 brn|[from] brn
|upkeep
|turn|29
|inactive|PistachoNuclear has 120 seconds left.
|
|t:|1757787055
|switch|p1a: Alomomola|Alomomola, M|100/100
|move|p2a: Slowbro|Surf|p1a: Alomomola
|-resisted|p1a: Alomomola
|-damage|p1a: Alomomola|75/100
|
|-damage|p2a: Slowbro|51/100 brn|[from] brn
|upkeep
|turn|30
|inactive|PistachoNuclear has 120 seconds left.
|
|t:|1757787064
|switch|p2a: Jolteon|Jolteon, M|88/100
|move|p1a: Alomomola|Wish|p1a: Alomomola
|
|upkeep
|turn|31
|
|t:|1757787071
|switch|p1a: Incineroar|Incineroar, M|83/100 par
|-ability|p1a: Incineroar|Intimidate|boost
|-unboost|p2a: Jolteon|atk|1
|move|p2a: Jolteon|Thunderbolt|p1a: Incineroar
|-damage|p1a: Incineroar|23/100 par
|
|-heal|p1a: Incineroar|90/100 par|[from] move: Wish|[wisher] Alomomola
|upkeep
|turn|32
|
|t:|1757787086
|switch|p2a: Slowbro|Slowbro, M, shiny|85/100 brn
|cant|p1a: Incineroar|par
|
|-damage|p2a: Slowbro|78/100 brn|[from] brn
|upkeep
|turn|33
|
|t:|1757787095
|cant|p1a: Incineroar|par
|move|p2a: Slowbro|Psychic|p1a: Incineroar
|-immune|p1a: Incineroar
|
|-damage|p2a: Slowbro|72/100 brn|[from] brn
|upkeep
|turn|34
|
|t:|1757787103
|move|p1a: Incineroar|Parting Shot|p2a: Slowbro
|-unboost|p2a: Slowbro|atk|1
|-unboost|p2a: Slowbro|spa|1
|
|t:|1757787107
|switch|p1a: Greninja|Greninja, M|22/100|[from] Parting Shot
|move|p2a: Slowbro|Surf|p1a: Greninja
|-resisted|p1a: Greninja
|-crit|p1a: Greninja
|-damage|p1a: Greninja|0 fnt
|faint|p1a: Greninja
|
|-damage|p2a: Slowbro|66/100 brn|[from] brn
|upkeep
|
|t:|1757787116
|switch|p1a: Incineroar|Incineroar, M|90/100 par
|-ability|p1a: Incineroar|Intimidate|boost
|-unboost|p2a: Slowbro|atk|1
|turn|35
|
|t:|1757787123
|switch|p2a: Dugtrio|Dugtrio, F, shiny|100/100
|cant|p1a: Incineroar|par
|
|upkeep
|turn|36
|-message|Josema05 forfeited.
|
|win|PistachoNuclear
|raw|Josema05's rating: 1197 &rarr; <strong>1175</strong><br />(-22 for losing)
|raw|PistachoNuclear's rating: 1234 &rarr; <strong>1256</strong><br />(+22 for winning)
|l|☆Josema05
|player|p1|
|l|☆PistachoNuclear
|player|p2|
