|j|☆smpark22
|j|☆summmm
|t:|1757848726
|gametype|singles
|player|p1|smpark22|169|1395
|player|p2|summmm|101|1335
|gen|9
|tier|[Gen 9] OU
|rated|
|rule|HP Percentage Mod: HP is shown in percentages
|rule|Endless Battle Clause: Forcing endless battles is banned
|rule|Species Clause: Limit one of each Pokémon
|rule|OHKO Clause: OHKO moves are banned
|rule|Evasion Items Clause: Evasion items are banned
|rule|Evasion Moves Clause: Evasion moves are banned
|rule|Evasion Abilities Clause: Evasion abilities are banned
|rule|Sleep Moves Clause: Sleep-inducing moves are banned
|clearpoke
|poke|p1|Garchomp, F|
|poke|p1|Azumarill, M|
|poke|p1|Blaziken, F|
|poke|p1|Conkeldurr, F|
|poke|p1|Iron Crown|
|poke|p1|Darkrai|
|poke|p2|Cinderace, M|
|poke|p2|Landorus-Therian, M|
|poke|p2|Alomomola, M|
|poke|p2|Weavile, M|
|poke|p2|Hydrapple, F|
|poke|p2|Iron Valiant|
|teampreview
|inactive|Battle timer is ON: inactive players will automatically lose when time's up. (requested by summmm)
|c|☆smpark22|glhf
|
|t:|1757848748
|teamsize|p1|6
|teamsize|p2|6
|start
|switch|p1a: Darkrai|Darkrai|100/100
|switch|p2a: Alomomola|Alomomola, M|100/100
|turn|1
|
|t:|1757848755
|move|p1a: Darkrai|Dark Pulse|p2a: Alomomola
|-damage|p2a: Alomomola|80/100
|move|p2a: Alomomola|Flip Turn|p1a: Darkrai
|-damage|p1a: Darkrai|76/100
|
|t:|1757848774
|switch|p2a: Cinderace|Cinderace, M|100/100|[from] Flip Turn
|
|upkeep
|turn|2
|
|t:|1757848787
|switch|p1a: Garchomp|Garchomp, F|100/100
|move|p2a: Cinderace|U-turn|p1a: Garchomp
|-start|p2a: Cinderace|typechange|Bug|[from] ability: Libero
|-damage|p1a: Garchomp|70/100
|-damage|p2a: Cinderace|88/100|[from] ability: Rough Skin|[of] p1a: Garchomp
|
|t:|1757848797
|switch|p2a: Weavile|Weavile, M|100/100|[from] U-turn
|-ability|p2a: Weavile|Pressure
|
|upkeep
|turn|3
|
|t:|1757848816
|move|p2a: Weavile|Knock Off|p1a: Garchomp
|-damage|p1a: Garchomp|21/100
|-damage|p2a: Weavile|88/100|[from] ability: Rough Skin|[of] p1a: Garchomp
|-enditem|p1a: Garchomp|Life Orb|[from] move: Knock Off|[of] p2a: Weavile
|move|p1a: Garchomp|Outrage|p2a: Weavile
|-damage|p2a: Weavile|0 fnt
|faint|p2a: Weavile
|
|upkeep
|
|t:|1757848825
|switch|p2a: Iron Valiant|Iron Valiant|100/100
|turn|4
|
|t:|1757848837
|move|p2a: Iron Valiant|Moonblast|p1a: Garchomp
|-supereffective|p1a: Garchomp
|-damage|p1a: Garchomp|0 fnt
|faint|p1a: Garchomp
|
|upkeep
|
|t:|1757848843
|switch|p1a: Iron Crown|Iron Crown|100/100
|turn|5
|
|t:|1757848851
|-end|p2a: Iron Valiant|Quark Drive|[silent]
|switch|p2a: Landorus|Landorus-Therian, M|100/100
|-ability|p2a: Landorus|Intimidate|boost
|-unboost|p1a: Iron Crown|atk|1
|move|p1a: Iron Crown|Volt Switch|p2a: Landorus
|-immune|p2a: Landorus
|
|upkeep
|turn|6
|inactive|summmm has 120 seconds left.
|
|t:|1757848884
|-end|p1a: Iron Crown|Quark Drive|[silent]
|switch|p1a: Conkeldurr|Conkeldurr, F|100/100
|move|p2a: Landorus|Substitute|p2a: Landorus
|-start|p2a: Landorus|Substitute
|-damage|p2a: Landorus|75/100
|
|-heal|p2a: Landorus|82/100|[from] item: Leftovers
|-status|p1a: Conkeldurr|brn|[from] item: Flame Orb
|upkeep
|turn|7
|
|t:|1757848893
|move|p2a: Landorus|Earthquake|p1a: Conkeldurr
|-damage|p1a: Conkeldurr|46/100 brn
|move|p1a: Conkeldurr|Ice Punch|p2a: Landorus
|-supereffective|p2a: Landorus
|-end|p2a: Landorus|Substitute
|
|-heal|p2a: Landorus|88/100|[from] item: Leftovers
|-damage|p1a: Conkeldurr|40/100 brn|[from] brn
|upkeep
|turn|8
|
|t:|1757848912
|move|p2a: Landorus|Earthquake|p1a: Conkeldurr
|-damage|p1a: Conkeldurr|0 fnt
|faint|p1a: Conkeldurr
|
|-heal|p2a: Landorus|94/100|[from] item: Leftovers
|upkeep
|
|t:|1757848918
|switch|p1a: Azumarill|Azumarill, M|100/100
|turn|9
|
|t:|1757848931
|switch|p2a: Alomomola|Alomomola, M|100/100
|move|p1a: Azumarill|Belly Drum|p1a: Azumarill
|-damage|p1a: Azumarill|50/100
|-setboost|p1a: Azumarill|atk|6|[from] move: Belly Drum
|-enditem|p1a: Azumarill|Sitrus Berry|[eat]
|-heal|p1a: Azumarill|75/100|[from] item: Sitrus Berry
|
|upkeep
|turn|10
|
|t:|1757848941
|move|p1a: Azumarill|Play Rough|p2a: Alomomola
|-damage|p2a: Alomomola|0 fnt
|faint|p2a: Alomomola
|
|upkeep
|
|t:|1757848952
|switch|p2a: Landorus|Landorus-Therian, M|94/100
|-ability|p2a: Landorus|Intimidate|boost
|-unboost|p1a: Azumarill|atk|1
|turn|11
|inactive|summmm has 120 seconds left.
|
|t:|1757848972
|switch|p2a: Hydrapple|Hydrapple, F|100/100
|move|p1a: Azumarill|Aqua Jet|p2a: Hydrapple
|-resisted|p2a: Hydrapple
|-damage|p2a: Hydrapple|84/100
|
|upkeep
|turn|12
|
|t:|1757848982
|move|p1a: Azumarill|Play Rough|p2a: Hydrapple
|-supereffective|p2a: Hydrapple
|-damage|p2a: Hydrapple|0 fnt
|faint|p2a: Hydrapple
|
|upkeep
|
|t:|1757848987
|switch|p2a: Iron Valiant|Iron Valiant|100/100
|turn|13
|
|t:|1757848996
|move|p1a: Azumarill|Aqua Jet|p2a: Iron Valiant
|-damage|p2a: Iron Valiant|0 fnt
|faint|p2a: Iron Valiant
|-end|p2a: Iron Valiant|Quark Drive|[silent]
|
|upkeep
|-message|summmm forfeited.
|
|win|smpark22
|raw|smpark22's rating: 1395 &rarr; <strong>1412</strong><br />(+17 for winning)
|raw|summmm's rating: 1335 &rarr; <strong>1318</strong><br />(-17 for losing)
|l|☆summmm
|player|p2|
|c|☆smpark22|gg
|l|☆smpark22
|player|p1|
