|j|☆sneedemnfeedem
|j|☆kuroehanako0927
|t:|1757915268
|gametype|singles
|player|p1|sneedemnfeedem|169|1568
|player|p2|kuroehanako0927|cynthia|1496
|gen|9
|tier|[Gen 9] OU
|rated|
|rule|HP Percentage Mod: HP is shown in percentages
|rule|Endless Battle Clause: Forcing endless battles is banned
|rule|Species Clause: Limit one of each Pokémon
|rule|OHKO Clause: OHKO moves are banned
|rule|Evasion Items Clause: Evasion items are banned
|rule|Evasion Moves Clause: Evasion moves are banned
|rule|Evasion Abilities Clause: Evasion abilities are banned
|rule|Sleep Moves Clause: Sleep-inducing moves are banned
|clearpoke
|poke|p1|Darkrai|
|poke|p1|Kyurem|
|poke|p1|Zamazenta-*|
|poke|p1|Raging Bolt|
|poke|p1|Iron Hands|
|poke|p1|Gholdengo|
|poke|p2|Great Tusk|
|poke|p2|Heatran, M|
|poke|p2|Weavile, M|
|poke|p2|Primarina, M|
|poke|p2|Ogerpon, F|
|poke|p2|Pecharunt|
|teampreview
|
|t:|1757915309
|teamsize|p1|6
|teamsize|p2|6
|start
|switch|p1a: Iron Hands|Iron Hands|100/100
|switch|p2a: Primarina|Primarina, M, shiny|100/100
|turn|1
|inactive|Battle timer is ON: inactive players will automatically lose when time's up. (requested by kuroehanako0927)
|
|t:|1757915333
|switch|p2a: Pecharunt|Pecharunt|100/100
|move|p1a: Iron Hands|Ice Punch|p2a: Pecharunt
|-damage|p2a: Pecharunt|85/100
|-damage|p1a: Iron Hands|84/100|[from] item: Rocky Helmet|[of] p2a: Pecharunt
|
|upkeep
|turn|2
|
|t:|1757915343
|move|p2a: Pecharunt|Parting Shot|p1a: Iron Hands
|-unboost|p1a: Iron Hands|atk|1
|-unboost|p1a: Iron Hands|spa|1
|
|t:|1757915348
|switch|p2a: Great Tusk|Great Tusk, shiny|100/100|[from] Parting Shot
|move|p1a: Iron Hands|Earthquake|p2a: Great Tusk
|-damage|p2a: Great Tusk|80/100
|
|upkeep
|turn|3
|
|t:|1757915362
|move|p2a: Great Tusk|Headlong Rush|p1a: Iron Hands
|-supereffective|p1a: Iron Hands
|-damage|p1a: Iron Hands|0 fnt
|-unboost|p2a: Great Tusk|def|1
|-unboost|p2a: Great Tusk|spd|1
|faint|p1a: Iron Hands
|-end|p1a: Iron Hands|Quark Drive|[silent]
|
|upkeep
|
|t:|1757915373
|switch|p1a: Darkrai|Darkrai|100/100
|turn|4
|
|t:|1757915388
|-end|p2a: Great Tusk|Protosynthesis|[silent]
|switch|p2a: Primarina|Primarina, M, shiny|100/100
|move|p1a: Darkrai|Ice Beam|p2a: Primarina
|-resisted|p2a: Primarina
|-damage|p2a: Primarina|89/100
|-damage|p1a: Darkrai|91/100|[from] item: Life Orb
|
|upkeep
|turn|5
|
|t:|1757915393
|switch|p1a: Gholdengo|Gholdengo|100/100
|switch|p2a: Heatran|Heatran, M, shiny|100/100
|-item|p2a: Heatran|Air Balloon
|
|upkeep
|turn|6
|
|t:|1757915407
|switch|p1a: Raging Bolt|Raging Bolt|100/100
|-enditem|p1a: Raging Bolt|Booster Energy
|-activate|p1a: Raging Bolt|ability: Protosynthesis|[fromitem]
|-start|p1a: Raging Bolt|protosynthesisspa
|move|p2a: Heatran|Magma Storm|p1a: Raging Bolt|[miss]
|-miss|p2a: Heatran|p1a: Raging Bolt
|
|upkeep
|turn|7
|
|t:|1757915427
|switch|p2a: Great Tusk|Great Tusk, shiny|80/100
|move|p1a: Raging Bolt|Calm Mind|p1a: Raging Bolt
|-boost|p1a: Raging Bolt|spa|1
|-boost|p1a: Raging Bolt|spd|1
|
|upkeep
|turn|8
|inactive|sneedemnfeedem has 120 seconds left.
|
|t:|1757915459
|move|p2a: Great Tusk|Headlong Rush|p1a: Raging Bolt
|-supereffective|p1a: Raging Bolt
|-damage|p1a: Raging Bolt|8/100
|-unboost|p2a: Great Tusk|def|1
|-unboost|p2a: Great Tusk|spd|1
|move|p1a: Raging Bolt|Dragon Pulse|p2a: Great Tusk
|-damage|p2a: Great Tusk|0 fnt
|faint|p2a: Great Tusk
|-end|p2a: Great Tusk|Protosynthesis|[silent]
|
|upkeep
|inactive|kuroehanako0927 has 120 seconds left.
|
|t:|1757915499
|switch|p2a: Weavile|Weavile, M, shiny|100/100
|-ability|p2a: Weavile|Pressure
|turn|9
|
|t:|1757915503
|move|p2a: Weavile|Ice Shard|p1a: Raging Bolt
|-supereffective|p1a: Raging Bolt
|-damage|p1a: Raging Bolt|0 fnt
|faint|p1a: Raging Bolt
|-end|p1a: Raging Bolt|Protosynthesis|[silent]
|
|upkeep
|
|t:|1757915515
|switch|p1a: Zamazenta|Zamazenta|100/100
|-ability|p1a: Zamazenta|Dauntless Shield|boost
|-boost|p1a: Zamazenta|def|1
|turn|10
|
|t:|1757915518
|switch|p2a: Pecharunt|Pecharunt|85/100
|move|p1a: Zamazenta|Crunch|p2a: Pecharunt
|-supereffective|p2a: Pecharunt
|-damage|p2a: Pecharunt|63/100
|-damage|p1a: Zamazenta|84/100|[from] item: Rocky Helmet|[of] p2a: Pecharunt
|
|-heal|p1a: Zamazenta|90/100|[from] item: Leftovers
|upkeep
|turn|11
|
|t:|1757915526
|switch|p1a: Gholdengo|Gholdengo|100/100
|move|p2a: Pecharunt|Parting Shot|p1a: Gholdengo
|-immune|p1a: Gholdengo|[from] ability: Good as Gold
|
|upkeep
|turn|12
|
|t:|1757915531
|switch|p2a: Heatran|Heatran, M, shiny|100/100
|-item|p2a: Heatran|Air Balloon
|move|p1a: Gholdengo|Trick|p2a: Heatran
|-activate|p1a: Gholdengo|move: Trick|[of] p2a: Heatran
|-item|p2a: Heatran|Choice Scarf|[from] move: Trick
|-item|p1a: Gholdengo|Air Balloon
|-item|p1a: Gholdengo|Air Balloon|[from] move: Trick
|
|upkeep
|turn|13
|
|t:|1757915561
|switch|p1a: Zamazenta|Zamazenta|90/100
|move|p2a: Heatran|Magma Storm|p1a: Zamazenta
|-damage|p1a: Zamazenta|43/100
|-activate|p1a: Zamazenta|move: Magma Storm|[of] p2a: Heatran
|
|-heal|p1a: Zamazenta|49/100|[from] item: Leftovers
|-damage|p1a: Zamazenta|36/100|[from] move: Magma Storm|[partiallytrapped]
|upkeep
|turn|14
|
|t:|1757915571
|switch|p2a: Pecharunt|Pecharunt|63/100
|move|p1a: Zamazenta|Crunch|p2a: Pecharunt
|-supereffective|p2a: Pecharunt
|-damage|p2a: Pecharunt|38/100
|-unboost|p2a: Pecharunt|def|1
|-damage|p1a: Zamazenta|20/100|[from] item: Rocky Helmet|[of] p2a: Pecharunt
|
|-heal|p1a: Zamazenta|26/100|[from] item: Leftovers
|-end|p1a: Zamazenta|Magma Storm|[partiallytrapped]|[silent]
|upkeep
|turn|15
|inactive|kuroehanako0927 has 120 seconds left.
|
|t:|1757915615
|move|p1a: Zamazenta|Crunch|p2a: Pecharunt
|-supereffective|p2a: Pecharunt
|-damage|p2a: Pecharunt|3/100
|-damage|p1a: Zamazenta|9/100|[from] item: Rocky Helmet|[of] p2a: Pecharunt
|move|p2a: Pecharunt|Recover|p2a: Pecharunt
|-heal|p2a: Pecharunt|53/100
|
|-heal|p1a: Zamazenta|16/100|[from] item: Leftovers
|upkeep
|turn|16
|
|t:|1757915622
|move|p1a: Zamazenta|Crunch|p2a: Pecharunt
|-supereffective|p2a: Pecharunt
|-damage|p2a: Pecharunt|16/100
|-damage|p1a: Zamazenta|0 fnt|[from] item: Rocky Helmet|[of] p2a: Pecharunt
|faint|p1a: Zamazenta
|move|p2a: Pecharunt|Shadow Ball|p1: Zamazenta|[notarget]
|-fail|p2a: Pecharunt
|
|upkeep
|
|t:|1757915625
|switch|p1a: Gholdengo|Gholdengo|100/100
|-item|p1a: Gholdengo|Air Balloon
|turn|17
|
|t:|1757915628
|move|p1a: Gholdengo|Shadow Ball|p2a: Pecharunt
|-supereffective|p2a: Pecharunt
|-damage|p2a: Pecharunt|0 fnt
|faint|p2a: Pecharunt
|
|upkeep
|
|t:|1757915632
|switch|p2a: Heatran|Heatran, M, shiny|100/100
|turn|18
|
|t:|1757915638
|move|p2a: Heatran|Magma Storm|p1a: Gholdengo
|-supereffective|p1a: Gholdengo
|-crit|p1a: Gholdengo
|-damage|p1a: Gholdengo|0 fnt
|-enditem|p1a: Gholdengo|Air Balloon
|faint|p1a: Gholdengo
|
|upkeep
|
|t:|1757915642
|switch|p1a: Kyurem|Kyurem|100/100
|-ability|p1a: Kyurem|Pressure
|turn|19
|
|t:|1757915658
|switch|p2a: Weavile|Weavile, M, shiny|100/100
|-ability|p2a: Weavile|Pressure
|move|p1a: Kyurem|Dragon Dance|p1a: Kyurem
|-boost|p1a: Kyurem|atk|1
|-boost|p1a: Kyurem|spe|1
|
|upkeep
|turn|20
|
|t:|1757915675
|move|p1a: Kyurem|Scale Shot|p2a: Weavile
|-damage|p2a: Weavile|66/100
|-damage|p2a: Weavile|28/100
|-crit|p2a: Weavile
|-damage|p2a: Weavile|0 fnt
|faint|p2a: Weavile
|-hitcount|p2: Weavile|3
|-unboost|p1a: Kyurem|def|1
|-boost|p1a: Kyurem|spe|1
|
|upkeep
|inactive|kuroehanako0927 has 120 seconds left.
|
|t:|1757915705
|switch|p2a: Primarina|Primarina, M, shiny|89/100
|turn|21
|
|t:|1757915711
|-terastallize|p1a: Kyurem|Ground
|move|p1a: Kyurem|Icicle Spear|p2a: Primarina
|-resisted|p2a: Primarina
|-damage|p2a: Primarina|76/100
|-resisted|p2a: Primarina
|-damage|p2a: Primarina|63/100
|-resisted|p2a: Primarina
|-damage|p2a: Primarina|49/100
|-resisted|p2a: Primarina
|-damage|p2a: Primarina|37/100
|-hitcount|p2a: Primarina|4
|move|p2a: Primarina|Moonblast|p1a: Kyurem
|-damage|p1a: Kyurem|55/100
|
|upkeep
|turn|22
|inactive|kuroehanako0927 has 120 seconds left.
|
|t:|1757915744
|move|p1a: Kyurem|Icicle Spear|p2a: Primarina
|-resisted|p2a: Primarina
|-damage|p2a: Primarina|24/100
|-resisted|p2a: Primarina
|-damage|p2a: Primarina|10/100
|-resisted|p2a: Primarina
|-damage|p2a: Primarina|0 fnt
|faint|p2a: Primarina
|-hitcount|p2: Primarina|3
|
|upkeep
|
|t:|1757915758
|switch|p2a: Heatran|Heatran, M, shiny|100/100
|turn|23
|
|t:|1757915763
|-terastallize|p2a: Heatran|Fairy
|move|p1a: Kyurem|Tera Blast|p2a: Heatran|[anim] Tera Blast Ground
|-crit|p2a: Heatran
|-damage|p2a: Heatran|5/100
|move|p2a: Heatran|Magma Storm|p1a: Kyurem
|-damage|p1a: Kyurem|3/100
|-activate|p1a: Kyurem|move: Magma Storm|[of] p2a: Heatran
|
|-damage|p1a: Kyurem|0 fnt|[from] move: Magma Storm|[partiallytrapped]
|faint|p1a: Kyurem
|upkeep
|
|t:|1757915767
|switch|p1a: Darkrai|Darkrai|91/100
|turn|24
|
|t:|1757915772
|move|p2a: Heatran|Magma Storm|p1a: Darkrai
|-damage|p1a: Darkrai|23/100
|-activate|p1a: Darkrai|move: Magma Storm|[of] p2a: Heatran
|move|p1a: Darkrai|Sludge Bomb|p2a: Heatran
|-supereffective|p2a: Heatran
|-damage|p2a: Heatran|0 fnt
|faint|p2a: Heatran
|-damage|p1a: Darkrai|13/100|[from] item: Life Orb
|
|-end|p1a: Darkrai|Magma Storm|[partiallytrapped]|[silent]
|upkeep
|
|t:|1757915775
|switch|p2a: Ogerpon|Ogerpon, F|100/100
|turn|25
|
|t:|1757915780
|move|p1a: Darkrai|Sludge Bomb|p2a: Ogerpon
|-supereffective|p2a: Ogerpon
|-damage|p2a: Ogerpon|0 fnt
|faint|p2a: Ogerpon
|-damage|p1a: Darkrai|3/100|[from] item: Life Orb
|
|win|sneedemnfeedem
|raw|sneedemnfeedem's rating: 1568 &rarr; <strong>1584</strong><br />(+16 for winning)
|raw|kuroehanako0927's rating: 1496 &rarr; <strong>1480</strong><br />(-16 for losing)
|c|☆sneedemnfeedem|gg
|c|☆kuroehanako0927|gg
|l|☆kuroehanako0927
|player|p2|
|l|☆sneedemnfeedem
|player|p1|
