|j|☆Alethino
|j|☆henry151th
|t:|1757824755
|gametype|singles
|player|p1|Alethino|1|1482
|player|p2|henry151th|wallace|1473
|gen|9
|tier|[Gen 9] OU
|rated|
|rule|HP Percentage Mod: HP is shown in percentages
|rule|Endless Battle Clause: Forcing endless battles is banned
|rule|Species Clause: Limit one of each Pokémon
|rule|OHKO Clause: OHKO moves are banned
|rule|Evasion Items Clause: Evasion items are banned
|rule|Evasion Moves Clause: Evasion moves are banned
|rule|Evasion Abilities Clause: Evasion abilities are banned
|rule|Sleep Moves Clause: Sleep-inducing moves are banned
|clearpoke
|poke|p1|Serperior, F|
|poke|p1|Iron Treads|
|poke|p1|Primarina, F|
|poke|p1|Zamazenta-*|
|poke|p1|Scizor, M|
|poke|p1|Tornadus-Therian, M|
|poke|p2|Dragapult, M|
|poke|p2|Glimmora, M|
|poke|p2|Comfey, M|
|poke|p2|Kingambit, M|
|poke|p2|Ogerpon-Wellspring, F|
|poke|p2|Blaziken, M|
|teampreview
|inactive|Battle timer is ON: inactive players will automatically lose when time's up. (requested by Alethino)
|inactive|Alethino has 120 seconds left.
|
|t:|1757824815
|teamsize|p1|6
|teamsize|p2|6
|start
|switch|p1a: Serperior|Serperior, F|100/100
|switch|p2a: Blaziken|Blaziken, M, shiny|100/100
|turn|1
|
|t:|1757824827
|move|p1a: Serperior|Glare|p2a: Blaziken
|-status|p2a: Blaziken|par
|cant|p2a: Blaziken|par
|
|-ability|p2a: Blaziken|Speed Boost|boost
|-boost|p2a: Blaziken|spe|1
|upkeep
|turn|2
|
|t:|1757824834
|switch|p1a: Tornadus|Tornadus-Therian, M|100/100
|move|p2a: Blaziken|Flare Blitz|p1a: Tornadus
|-damage|p1a: Tornadus|0 fnt
|faint|p1a: Tornadus
|-damage|p2a: Blaziken|68/100 par|[from] Recoil
|-damage|p2a: Blaziken|58/100 par|[from] item: Life Orb
|
|-ability|p2a: Blaziken|Speed Boost|boost
|-boost|p2a: Blaziken|spe|1
|upkeep
|
|t:|1757824846
|switch|p1a: Primarina|Primarina, F|100/100
|turn|3
|
|t:|1757824849
|move|p2a: Blaziken|Protect|p2a: Blaziken
|-singleturn|p2a: Blaziken|Protect
|move|p1a: Primarina|Moonblast|p2a: Blaziken
|-activate|p2a: Blaziken|move: Protect
|
|-ability|p2a: Blaziken|Speed Boost|boost
|-boost|p2a: Blaziken|spe|1
|upkeep
|turn|4
|
|t:|1757824853
|move|p2a: Blaziken|Knock Off|p1a: Primarina
|-resisted|p1a: Primarina
|-damage|p1a: Primarina|74/100
|-enditem|p1a: Primarina|Assault Vest|[from] move: Knock Off|[of] p2a: Blaziken
|-damage|p2a: Blaziken|48/100 par|[from] item: Life Orb
|move|p1a: Primarina|Moonblast|p2a: Blaziken
|-damage|p2a: Blaziken|0 fnt
|faint|p2a: Blaziken
|
|upkeep
|
|t:|1757824859
|switch|p2a: Ogerpon|Ogerpon-Wellspring, F|100/100
|turn|5
|
|t:|1757824864
|switch|p1a: Serperior|Serperior, F|100/100
|move|p2a: Ogerpon|Ivy Cudgel|p1a: Serperior|[anim] Ivy Cudgel Water
|-resisted|p1a: Serperior
|-damage|p1a: Serperior|62/100
|
|upkeep
|turn|6
|
|t:|1757824872
|move|p1a: Serperior|Leaf Storm|p2a: Ogerpon
|-damage|p2a: Ogerpon|24/100
|-boost|p1a: Serperior|spa|2
|move|p2a: Ogerpon|U-turn|p1a: Serperior
|-supereffective|p1a: Serperior
|-damage|p1a: Serperior|0 fnt
|faint|p1a: Serperior
|
|t:|1757824875
|switch|p2a: Glimmora|Glimmora, M, shiny|100/100|[from] U-turn
|
|upkeep
|
|t:|1757824884
|switch|p1a: Iron Treads|Iron Treads|100/100
|turn|7
|
|t:|1757824891
|-terastallize|p2a: Glimmora|Ghost
|move|p1a: Iron Treads|Rapid Spin|p2a: Glimmora
|-immune|p2a: Glimmora
|move|p2a: Glimmora|Stealth Rock|p1a: Iron Treads
|-sidestart|p1: Alethino|move: Stealth Rock
|
|upkeep
|turn|8
|inactive|Alethino has 120 seconds left.
|
|t:|1757824924
|-end|p1a: Iron Treads|Quark Drive|[silent]
|switch|p1a: Zamazenta|Zamazenta|100/100
|-damage|p1a: Zamazenta|94/100|[from] Stealth Rock
|-ability|p1a: Zamazenta|Dauntless Shield|boost
|-boost|p1a: Zamazenta|def|1
|move|p2a: Glimmora|Mortal Spin|p1a: Zamazenta
|-damage|p1a: Zamazenta|91/100
|-status|p1a: Zamazenta|psn
|
|-heal|p1a: Zamazenta|97/100 psn|[from] item: Leftovers
|-damage|p1a: Zamazenta|85/100 psn|[from] psn
|upkeep
|turn|9
|inactive|Alethino has 120 seconds left.
|
|t:|1757824938
|move|p2a: Glimmora|Earth Power|p1a: Zamazenta
|-damage|p1a: Zamazenta|63/100 psn
|-unboost|p1a: Zamazenta|spd|1
|move|p1a: Zamazenta|Roar|p2a: Glimmora
|drag|p2a: Dragapult|Dragapult, M, shiny|100/100
|
|-heal|p1a: Zamazenta|69/100 psn|[from] item: Leftovers
|-damage|p1a: Zamazenta|57/100 psn|[from] psn
|upkeep
|turn|10
|
|t:|1757824947
|move|p2a: Dragapult|Shadow Ball|p1a: Zamazenta
|-damage|p1a: Zamazenta|5/100 psn
|-unboost|p1a: Zamazenta|spd|1
|-damage|p2a: Dragapult|91/100|[from] item: Life Orb
|move|p1a: Zamazenta|Crunch|p2a: Dragapult
|-supereffective|p2a: Dragapult
|-damage|p2a: Dragapult|35/100
|
|-heal|p1a: Zamazenta|12/100 psn|[from] item: Leftovers
|-damage|p1a: Zamazenta|0 fnt|[from] psn
|faint|p1a: Zamazenta
|upkeep
|
|t:|1757824953
|switch|p1a: Scizor|Scizor, M|100/100
|-damage|p1a: Scizor|88/100|[from] Stealth Rock
|turn|11
|
|t:|1757824959
|move|p1a: Scizor|Bullet Punch|p2a: Dragapult
|-damage|p2a: Dragapult|0 fnt
|faint|p2a: Dragapult
|
|upkeep
|
|t:|1757824964
|switch|p2a: Kingambit|Kingambit, M, shiny|100/100
|-activate|p2a: Kingambit|ability: Supreme Overlord
|-start|p2a: Kingambit|fallen2|[silent]
|turn|12
|
|t:|1757824969
|switch|p1a: Iron Treads|Iron Treads|100/100
|-damage|p1a: Iron Treads|97/100|[from] Stealth Rock
|move|p2a: Kingambit|Swords Dance|p2a: Kingambit
|-boost|p2a: Kingambit|atk|2
|
|upkeep
|turn|13
|
|t:|1757824975
|move|p1a: Iron Treads|Earthquake|p2a: Kingambit
|-supereffective|p2a: Kingambit
|-damage|p2a: Kingambit|42/100
|move|p2a: Kingambit|Kowtow Cleave|p1a: Iron Treads
|-damage|p1a: Iron Treads|4/100
|
|-heal|p2a: Kingambit|49/100|[from] item: Leftovers
|upkeep
|turn|14
|
|t:|1757824982
|move|p1a: Iron Treads|Rapid Spin|p2a: Kingambit
|-resisted|p2a: Kingambit
|-damage|p2a: Kingambit|44/100
|-boost|p1a: Iron Treads|spe|1
|-sideend|p1: Alethino|Stealth Rock|[from] move: Rapid Spin|[of] p1a: Iron Treads
|move|p2a: Kingambit|Kowtow Cleave|p1a: Iron Treads
|-damage|p1a: Iron Treads|0 fnt
|faint|p1a: Iron Treads
|-end|p1a: Iron Treads|Quark Drive|[silent]
|
|-heal|p2a: Kingambit|50/100|[from] item: Leftovers
|upkeep
|
|t:|1757824992
|switch|p1a: Scizor|Scizor, M|88/100
|turn|15
|
|t:|1757824998
|-terastallize|p1a: Scizor|Fighting
|move|p2a: Kingambit|Sucker Punch|p1a: Scizor
|-resisted|p1a: Scizor
|-damage|p1a: Scizor|36/100
|move|p1a: Scizor|Close Combat|p2a: Kingambit
|-supereffective|p2a: Kingambit
|-damage|p2a: Kingambit|0 fnt
|-unboost|p1a: Scizor|def|1
|-unboost|p1a: Scizor|spd|1
|faint|p2a: Kingambit
|-end|p2a: Kingambit|fallen2|[silent]
|
|upkeep
|
|t:|1757825002
|switch|p2a: Ogerpon|Ogerpon-Wellspring, F|24/100
|turn|16
|
|t:|1757825012
|switch|p1a: Primarina|Primarina, F|74/100
|move|p2a: Ogerpon|Ivy Cudgel|p1a: Primarina|[anim] Ivy Cudgel Water
|-resisted|p1a: Primarina
|-damage|p1a: Primarina|38/100
|
|upkeep
|turn|17
|
|t:|1757825016
|move|p2a: Ogerpon|Taunt|p1a: Primarina
|-start|p1a: Primarina|move: Taunt
|move|p1a: Primarina|Moonblast|p2a: Ogerpon
|-damage|p2a: Ogerpon|0 fnt
|faint|p2a: Ogerpon
|
|upkeep
|
|t:|1757825021
|switch|p2a: Glimmora|Glimmora, M, shiny, tera:Ghost|100/100
|turn|18
|
|t:|1757825026
|move|p2a: Glimmora|Stealth Rock|p1a: Primarina
|-sidestart|p1: Alethino|move: Stealth Rock
|move|p1a: Primarina|Surf|p2a: Glimmora
|-damage|p2a: Glimmora|49/100
|-enditem|p2a: Glimmora|Red Card|[of] p1a: Primarina
|drag|p1a: Scizor|Scizor, M, tera:Fighting|36/100
|-damage|p1a: Scizor|29/100|[from] Stealth Rock
|
|upkeep
|turn|19
|
|t:|1757825034
|move|p1a: Scizor|Bullet Punch|p2a: Glimmora
|-crit|p2a: Glimmora
|-damage|p2a: Glimmora|0 fnt
|-activate|p2a: Glimmora|ability: Toxic Debris
|-sidestart|p1: Alethino|move: Toxic Spikes
|faint|p2a: Glimmora
|
|upkeep
|
|t:|1757825038
|switch|p2a: Comfey|Comfey, M, shiny|100/100
|turn|20
|
|t:|1757825040
|move|p2a: Comfey|Draining Kiss|p1a: Scizor
|-supereffective|p1a: Scizor
|-damage|p1a: Scizor|0 fnt
|faint|p1a: Scizor
|-damage|p2a: Comfey|91/100|[from] item: Life Orb
|
|upkeep
|
|t:|1757825044
|switch|p1a: Primarina|Primarina, F|38/100
|-damage|p1a: Primarina|25/100|[from] Stealth Rock
|-status|p1a: Primarina|psn
|turn|21
|
|t:|1757825050
|move|p2a: Comfey|Substitute|p2a: Comfey
|-start|p2a: Comfey|Substitute
|-damage|p2a: Comfey|66/100
|move|p1a: Primarina|Surf|p2a: Comfey
|-end|p2a: Comfey|Substitute
|
|-damage|p1a: Primarina|13/100 psn|[from] psn
|upkeep
|turn|22
|
|t:|1757825053
|move|p2a: Comfey|Substitute|p2a: Comfey
|-start|p2a: Comfey|Substitute
|-damage|p2a: Comfey|41/100
|move|p1a: Primarina|Surf|p2a: Comfey
|-end|p2a: Comfey|Substitute
|
|-damage|p1a: Primarina|1/100 psn|[from] psn
|upkeep
|turn|23
|
|t:|1757825055
|move|p2a: Comfey|Draining Kiss|p1a: Primarina
|-crit|p1a: Primarina
|-damage|p1a: Primarina|0 fnt
|-heal|p2a: Comfey|41/100|[from] drain|[of] p1a: Primarina
|faint|p1a: Primarina
|-damage|p2a: Comfey|31/100|[from] item: Life Orb
|
|win|henry151th
|raw|Alethino's rating: 1482 &rarr; <strong>1461</strong><br />(-21 for losing)
|raw|henry151th's rating: 1473 &rarr; <strong>1494</strong><br />(+21 for winning)
|c|☆Alethino|gg
|l|☆henry151th
|player|p2|
|l|☆Alethino
|player|p1|
