|j|☆chenyu1998
|j|☆Devrai
|t:|1757824828
|gametype|singles
|player|p1|chenyu1998|102|1379
|player|p2|Devrai|zinnia|1340
|gen|9
|tier|[Gen 9] OU
|rated|
|rule|HP Percentage Mod: HP is shown in percentages
|rule|Endless Battle Clause: Forcing endless battles is banned
|rule|Species Clause: Limit one of each Pokémon
|rule|OHKO Clause: OHKO moves are banned
|rule|Evasion Items Clause: Evasion items are banned
|rule|Evasion Moves Clause: Evasion moves are banned
|rule|Evasion Abilities Clause: Evasion abilities are banned
|rule|Sleep Moves Clause: Sleep-inducing moves are banned
|clearpoke
|poke|p1|Ogerpon-Cornerstone, F|
|poke|p1|Hatterene, F|
|poke|p1|Pecharunt|
|poke|p1|Landorus-Therian, M|
|poke|p1|Kingambit, M|
|poke|p1|Latios, M|
|poke|p2|Araquanid, M|
|poke|p2|Iron Treads|
|poke|p2|Skeledirge, M|
|poke|p2|Serperior, F|
|poke|p2|Gardevoir, F|
|poke|p2|Raichu, F|
|teampreview
|inactive|Battle timer is ON: inactive players will automatically lose when time's up. (requested by Devrai)
|
|t:|1757824840
|teamsize|p1|6
|teamsize|p2|6
|start
|switch|p1a: Landorus|Landorus-Therian, M, shiny|100/100
|switch|p2a: Bubble Buddy|Araquanid, M, shiny|100/100
|-ability|p1a: Landorus|Intimidate|boost
|-unboost|p2a: Bubble Buddy|atk|1
|turn|1
|
|t:|1757824847
|switch|p1a: Hatterene|Hatterene, F, shiny|100/100
|move|p2a: Bubble Buddy|Liquidation|p1a: Hatterene
|-damage|p1a: Hatterene|68/100
|
|upkeep
|turn|2
|
|t:|1757824854
|switch|p2a: Ampere|Raichu, F|100/100
|move|p1a: Hatterene|Nuzzle|p2a: Ampere
|-ability|p2a: Ampere|Lightning Rod|boost
|-boost|p2a: Ampere|spa|1
|
|upkeep
|turn|3
|
|t:|1757824860
|switch|p1a: Landorus|Landorus-Therian, M, shiny|100/100
|-ability|p1a: Landorus|Intimidate|boost
|-unboost|p2a: Ampere|atk|1
|move|p2a: Ampere|Surf|p1a: Landorus
|-supereffective|p1a: Landorus
|-damage|p1a: Landorus|0 fnt
|faint|p1a: Landorus
|-damage|p2a: Ampere|91/100|[from] item: Life Orb
|
|upkeep
|
|t:|1757824872
|switch|p1a: Latios|Latios, M, shiny|100/100
|turn|4
|
|t:|1757824876
|switch|p2a: Treadmill|Iron Treads, shiny|100/100
|move|p1a: Latios|Draco Meteor|p2a: Treadmill
|-resisted|p2a: Treadmill
|-damage|p2a: Treadmill|62/100
|-unboost|p1a: Latios|spa|2
|
|upkeep
|turn|5
|
|t:|1757824886
|switch|p1a: Pecharunt|Pecharunt|100/100
|move|p2a: Treadmill|Stealth Rock|p1a: Pecharunt
|-sidestart|p1: chenyu1998|move: Stealth Rock
|
|upkeep
|turn|6
|
|t:|1757824894
|move|p2a: Treadmill|Knock Off|p1a: Pecharunt
|-supereffective|p1a: Pecharunt
|-damage|p1a: Pecharunt|74/100
|-enditem|p1a: Pecharunt|Heavy-Duty Boots|[from] move: Knock Off|[of] p2a: Treadmill
|move|p1a: Pecharunt|Parting Shot|p2a: Treadmill
|-unboost|p2a: Treadmill|atk|1
|-unboost|p2a: Treadmill|spa|1
|
|t:|1757824902
|switch|p1a: Hatterene|Hatterene, F, shiny|68/100|[from] Parting Shot
|-damage|p1a: Hatterene|56/100|[from] Stealth Rock
|
|upkeep
|turn|7
|
|t:|1757824908
|move|p2a: Treadmill|Knock Off|p1a: Hatterene
|-damage|p1a: Hatterene|36/100
|-enditem|p1a: Hatterene|Assault Vest|[from] move: Knock Off|[of] p2a: Treadmill
|move|p1a: Hatterene|Mystical Fire|p2a: Treadmill
|-supereffective|p2a: Treadmill
|-crit|p2a: Treadmill
|-damage|p2a: Treadmill|0 fnt
|faint|p2a: Treadmill
|-end|p2a: Treadmill|Quark Drive|[silent]
|
|upkeep
|
|t:|1757824915
|switch|p2a: Nagini|Serperior, F, shiny|100/100
|turn|8
|
|t:|1757824918
|move|p2a: Nagini|Leaf Storm|p1a: Hatterene|[miss]
|-miss|p2a: Nagini|p1a: Hatterene
|move|p1a: Hatterene|Nuzzle|p2a: Nagini
|-resisted|p2a: Nagini
|-damage|p2a: Nagini|98/100
|-status|p2a: Nagini|par
|
|-heal|p2a: Nagini|100/100 par|[from] item: Leftovers
|upkeep
|turn|9
|
|t:|1757824928
|move|p2a: Nagini|Leaf Storm|p1a: Hatterene
|-damage|p1a: Hatterene|0 fnt
|-boost|p2a: Nagini|spa|2
|faint|p1a: Hatterene
|
|upkeep
|
|t:|1757824940
|switch|p1a: Pecharunt|Pecharunt|74/100
|-damage|p1a: Pecharunt|62/100|[from] Stealth Rock
|turn|10
|
|t:|1757824946
|move|p1a: Pecharunt|Malignant Chain|p2a: Nagini
|-supereffective|p2a: Nagini
|-damage|p2a: Nagini|18/100 par
|move|p2a: Nagini|Glare|p1a: Pecharunt
|-status|p1a: Pecharunt|par
|
|-heal|p2a: Nagini|24/100 par|[from] item: Leftovers
|upkeep
|turn|11
|
|t:|1757824955
|cant|p2a: Nagini|par
|move|p1a: Pecharunt|Shadow Ball|p2a: Nagini
|-damage|p2a: Nagini|0 fnt
|faint|p2a: Nagini
|
|upkeep
|
|t:|1757824958
|switch|p2a: Bubble Buddy|Araquanid, M, shiny|100/100
|turn|12
|
|t:|1757824973
|move|p1a: Pecharunt|Malignant Chain|p2a: Bubble Buddy
|-damage|p2a: Bubble Buddy|74/100
|move|p2a: Bubble Buddy|Sticky Web|p1a: Pecharunt
|-sidestart|p1: chenyu1998|move: Sticky Web
|
|-heal|p2a: Bubble Buddy|80/100|[from] item: Leftovers
|upkeep
|turn|13
|
|t:|1757824979
|move|p1a: Pecharunt|Malignant Chain|p2a: Bubble Buddy
|-damage|p2a: Bubble Buddy|55/100
|move|p2a: Bubble Buddy|Liquidation|p1a: Pecharunt
|-damage|p1a: Pecharunt|41/100 par
|
|-heal|p2a: Bubble Buddy|61/100|[from] item: Leftovers
|upkeep
|turn|14
|
|t:|1757824987
|move|p1a: Pecharunt|Recover|p1a: Pecharunt
|-heal|p1a: Pecharunt|91/100 par
|move|p2a: Bubble Buddy|Liquidation|p1a: Pecharunt
|-damage|p1a: Pecharunt|70/100 par
|
|-heal|p2a: Bubble Buddy|67/100|[from] item: Leftovers
|upkeep
|turn|15
|
|t:|1757824997
|move|p1a: Pecharunt|Parting Shot|p2a: Bubble Buddy
|-unboost|p2a: Bubble Buddy|atk|1
|-unboost|p2a: Bubble Buddy|spa|1
|l|☆Devrai
|inactive|Devrai disconnected and has a minute to reconnect!
|player|p2|
|
|t:|1757825001
|switch|p1a: Latios|Latios, M, shiny|100/100|[from] Parting Shot
|-damage|p1a: Latios|88/100|[from] Stealth Rock
|move|p2a: Bubble Buddy|Liquidation|p1a: Latios
|-resisted|p1a: Latios
|-damage|p1a: Latios|68/100
|
|-heal|p2a: Bubble Buddy|73/100|[from] item: Leftovers
|upkeep
|turn|16
|j|☆Devrai
|inactive|Devrai reconnected and has 150 seconds left.
|player|p2|Devrai|zinnia|
|
|t:|1757825015
|switch|p1a: Pecharunt|Pecharunt|70/100 par
|-damage|p1a: Pecharunt|57/100 par|[from] Stealth Rock
|-activate|p1a: Pecharunt|move: Sticky Web
|-unboost|p1a: Pecharunt|spe|1
|move|p2a: Bubble Buddy|Leech Life|p1a: Pecharunt
|-resisted|p1a: Pecharunt
|-damage|p1a: Pecharunt|56/100 par
|-heal|p2a: Bubble Buddy|74/100|[from] drain|[of] p1a: Pecharunt
|
|-heal|p2a: Bubble Buddy|80/100|[from] item: Leftovers
|upkeep
|turn|17
|
|t:|1757825026
|move|p2a: Bubble Buddy|Liquidation|p1a: Pecharunt
|-damage|p1a: Pecharunt|41/100 par
|move|p1a: Pecharunt|Recover|p1a: Pecharunt
|-heal|p1a: Pecharunt|91/100 par
|
|-heal|p2a: Bubble Buddy|87/100|[from] item: Leftovers
|upkeep
|turn|18
|
|t:|1757825033
|move|p2a: Bubble Buddy|Liquidation|p1a: Pecharunt
|-damage|p1a: Pecharunt|77/100 par
|-unboost|p1a: Pecharunt|def|1
|move|p1a: Pecharunt|Malignant Chain|p2a: Bubble Buddy
|-damage|p2a: Bubble Buddy|64/100
|
|-heal|p2a: Bubble Buddy|70/100|[from] item: Leftovers
|upkeep
|turn|19
|
|t:|1757825042
|move|p2a: Bubble Buddy|Liquidation|p1a: Pecharunt
|-damage|p1a: Pecharunt|57/100 par
|move|p1a: Pecharunt|Malignant Chain|p2a: Bubble Buddy
|-damage|p2a: Bubble Buddy|45/100
|
|-heal|p2a: Bubble Buddy|51/100|[from] item: Leftovers
|upkeep
|turn|20
|
|t:|1757825050
|move|p2a: Bubble Buddy|Liquidation|p1a: Pecharunt
|-damage|p1a: Pecharunt|34/100 par
|cant|p1a: Pecharunt|par
|
|-heal|p2a: Bubble Buddy|57/100|[from] item: Leftovers
|upkeep
|turn|21
|
|t:|1757825056
|switch|p2a: Ampere|Raichu, F|91/100
|move|p1a: Pecharunt|Recover|p1a: Pecharunt
|-heal|p1a: Pecharunt|84/100 par
|
|upkeep
|turn|22
|
|t:|1757825072
|switch|p1a: Kingambit|Kingambit, M, shiny|100/100
|-damage|p1a: Kingambit|94/100|[from] Stealth Rock
|-activate|p1a: Kingambit|move: Sticky Web
|-unboost|p1a: Kingambit|spe|1
|-activate|p1a: Kingambit|ability: Supreme Overlord
|-start|p1a: Kingambit|fallen2|[silent]
|move|p2a: Ampere|Encore||[still]
|-fail|p2a: Ampere
|
|-heal|p1a: Kingambit|100/100|[from] item: Leftovers
|upkeep
|turn|23
|
|t:|1757825085
|move|p2a: Ampere|Thunderbolt|p1a: Kingambit
|-damage|p1a: Kingambit|47/100
|-damage|p2a: Ampere|81/100|[from] item: Life Orb
|move|p1a: Kingambit|Kowtow Cleave|p2a: Ampere
|-damage|p2a: Ampere|0 fnt
|faint|p2a: Ampere
|
|-heal|p1a: Kingambit|53/100|[from] item: Leftovers
|upkeep
|
|t:|1757825089
|switch|p2a: King Gator|Skeledirge, M, shiny|100/100
|turn|24
|
|t:|1757825098
|-end|p1a: Kingambit|fallen2|[silent]
|switch|p1a: Pecharunt|Pecharunt|84/100 par
|-damage|p1a: Pecharunt|72/100 par|[from] Stealth Rock
|-activate|p1a: Pecharunt|move: Sticky Web
|-unboost|p1a: Pecharunt|spe|1
|move|p2a: King Gator|Will-O-Wisp|p1a: Pecharunt|[miss]
|-miss|p2a: King Gator|p1a: Pecharunt
|
|upkeep
|turn|25
|
|t:|1757825112
|move|p2a: King Gator|Hex|p1a: Pecharunt
|-supereffective|p1a: Pecharunt
|-damage|p1a: Pecharunt|0 fnt
|faint|p1a: Pecharunt
|
|upkeep
|
|t:|1757825117
|switch|p1a: Latios|Latios, M, shiny|68/100
|-damage|p1a: Latios|56/100|[from] Stealth Rock
|turn|26
|
|t:|1757825122
|switch|p2a: Astra|Gardevoir, F, shiny|100/100
|-ability|p2a: Astra|Levitate|Trace|[from] ability: Trace|[of] p1a: Latios
|move|p1a: Latios|Trick|p2a: Astra
|-activate|p1a: Latios|move: Trick|[of] p2a: Astra
|-item|p2a: Astra|Choice Scarf|[from] move: Trick
|-item|p1a: Latios|Leftovers|[from] move: Trick
|
|-heal|p1a: Latios|62/100|[from] item: Leftovers
|upkeep
|turn|27
|inactive|chenyu1998 has 120 seconds left.
|
|t:|1757825159
|move|p1a: Latios|Luster Purge|p2a: Astra
|-resisted|p2a: Astra
|-damage|p2a: Astra|78/100
|-unboost|p2a: Astra|spd|1
|move|p2a: Astra|Draining Kiss|p1a: Latios
|-supereffective|p1a: Latios
|-damage|p1a: Latios|10/100
|-heal|p2a: Astra|100/100|[from] drain|[of] p1a: Latios
|
|-heal|p1a: Latios|16/100|[from] item: Leftovers
|upkeep
|turn|28
|inactive|chenyu1998 has 120 seconds left.
|
|t:|1757825172
|switch|p2a: Bubble Buddy|Araquanid, M, shiny|57/100
|move|p1a: Latios|Luster Purge|p2a: Bubble Buddy
|-damage|p2a: Bubble Buddy|18/100
|-unboost|p2a: Bubble Buddy|spd|1
|
|-heal|p1a: Latios|22/100|[from] item: Leftovers
|-heal|p2a: Bubble Buddy|24/100|[from] item: Leftovers
|upkeep
|turn|29
|inactive|chenyu1998 has 120 seconds left.
|
|t:|1757825183
|move|p1a: Latios|Luster Purge|p2a: Bubble Buddy
|-damage|p2a: Bubble Buddy|0 fnt
|faint|p2a: Bubble Buddy
|
|-heal|p1a: Latios|28/100|[from] item: Leftovers
|upkeep
|
|t:|1757825187
|switch|p2a: King Gator|Skeledirge, M, shiny|100/100
|turn|30
|
|t:|1757825193
|switch|p2a: Astra|Gardevoir, F, shiny|100/100
|-ability|p2a: Astra|Levitate|Trace|[from] ability: Trace|[of] p1a: Latios
|move|p1a: Latios|Draco Meteor|p2a: Astra
|-immune|p2a: Astra
|
|-heal|p1a: Latios|34/100|[from] item: Leftovers
|upkeep
|turn|31
|
|t:|1757825206
|move|p1a: Latios|Luster Purge|p2a: Astra
|-resisted|p2a: Astra
|-damage|p2a: Astra|78/100
|move|p2a: Astra|Draining Kiss|p1a: Latios
|-supereffective|p1a: Latios
|-damage|p1a: Latios|0 fnt
|-heal|p2a: Astra|99/100|[from] drain|[of] p1a: Latios
|faint|p1a: Latios
|
|upkeep
|
|t:|1757825216
|switch|p1a: Ogerpon|Ogerpon-Cornerstone, F|100/100
|-damage|p1a: Ogerpon|88/100|[from] Stealth Rock
|-activate|p1a: Ogerpon|move: Sticky Web
|-unboost|p1a: Ogerpon|spe|1
|turn|32
|inactive|chenyu1998 has 120 seconds left.
|
|t:|1757825233
|-terastallize|p1a: Ogerpon|Rock
|detailschange|p1a: Ogerpon|Ogerpon-Cornerstone-Tera, F, tera:Rock
|-ability|p1a: Ogerpon|Embody Aspect (Cornerstone)|boost
|-boost|p1a: Ogerpon|def|1
|move|p2a: Astra|Draining Kiss|p1a: Ogerpon
|-damage|p1a: Ogerpon|61/100
|-heal|p2a: Astra|100/100|[from] drain|[of] p1a: Ogerpon
|move|p1a: Ogerpon|Ivy Cudgel|p2a: Astra|[anim] Ivy Cudgel Rock
|-damage|p2a: Astra|16/100
|
|upkeep
|turn|33
|inactive|chenyu1998 has 120 seconds left.
|
|t:|1757825248
|move|p2a: Astra|Draining Kiss|p1a: Ogerpon
|-damage|p1a: Ogerpon|32/100
|-heal|p2a: Astra|35/100|[from] drain|[of] p1a: Ogerpon
|move|p1a: Ogerpon|Knock Off|p2a: Astra
|-damage|p2a: Astra|0 fnt
|-enditem|p2a: Astra|Choice Scarf|[from] move: Knock Off|[of] p1a: Ogerpon
|faint|p2a: Astra
|
|upkeep
|
|t:|1757825250
|switch|p2a: King Gator|Skeledirge, M, shiny|100/100
|turn|34
|inactive|chenyu1998 has 120 seconds left.
|
|t:|1757825261
|-terastallize|p2a: King Gator|Fairy
|move|p1a: Ogerpon|Ivy Cudgel|p2a: King Gator|[anim] Ivy Cudgel Rock
|-damage|p2a: King Gator|40/100
|move|p2a: King Gator|Will-O-Wisp|p1a: Ogerpon
|-status|p1a: Ogerpon|brn
|
|-heal|p2a: King Gator|46/100|[from] item: Leftovers
|-damage|p1a: Ogerpon|26/100 brn|[from] brn
|upkeep
|turn|35
|inactive|chenyu1998 has 120 seconds left.
|
|t:|1757825273
|move|p1a: Ogerpon|Swords Dance|p1a: Ogerpon
|-boost|p1a: Ogerpon|atk|2
|move|p2a: King Gator|Slack Off|p2a: King Gator
|-heal|p2a: King Gator|96/100
|
|-heal|p2a: King Gator|100/100|[from] item: Leftovers
|-damage|p1a: Ogerpon|20/100 brn|[from] brn
|upkeep
|turn|36
|c|☆Devrai|Unaware btw
|
|t:|1757825281
|move|p1a: Ogerpon|Ivy Cudgel|p2a: King Gator|[anim] Ivy Cudgel Rock
|-damage|p2a: King Gator|68/100
|move|p2a: King Gator|Torch Song|p1a: Ogerpon
|-resisted|p1a: Ogerpon
|-damage|p1a: Ogerpon|0 fnt
|-boost|p2a: King Gator|spa|1
|faint|p1a: Ogerpon
|detailschange|p1: Ogerpon|Ogerpon-Cornerstone, F|[silent]
|
|-heal|p2a: King Gator|74/100|[from] item: Leftovers
|upkeep
|
|t:|1757825290
|switch|p1a: Kingambit|Kingambit, M, shiny|53/100
|-damage|p1a: Kingambit|47/100|[from] Stealth Rock
|-activate|p1a: Kingambit|move: Sticky Web
|-unboost|p1a: Kingambit|spe|1
|-activate|p1a: Kingambit|ability: Supreme Overlord
|-start|p1a: Kingambit|fallen5|[silent]
|turn|37
|-message|chenyu1998 forfeited.
|
|win|Devrai
|raw|chenyu1998's rating: 1379 &rarr; <strong>1357</strong><br />(-22 for losing)
|raw|Devrai's rating: 1340 &rarr; <strong>1362</strong><br />(+22 for winning)
|l|☆chenyu1998
|player|p1|
|l|☆Devrai
|player|p2|
