|j|☆Crogenius2
|j|☆Vitoran
|t:|1757871946
|gametype|singles
|player|p1|Crogenius2|wattson|1714
|player|p2|Vitoran|#rbyplvmightymagmars|1701
|gen|9
|tier|[Gen 9] OU
|rated|
|rule|HP Percentage Mod: HP is shown in percentages
|rule|Endless Battle Clause: Forcing endless battles is banned
|rule|Species Clause: Limit one of each Pokémon
|rule|OHKO Clause: OHKO moves are banned
|rule|Evasion Items Clause: Evasion items are banned
|rule|Evasion Moves Clause: Evasion moves are banned
|rule|Evasion Abilities Clause: Evasion abilities are banned
|rule|Sleep Moves Clause: Sleep-inducing moves are banned
|clearpoke
|poke|p1|Vaporeon, M|
|poke|p1|Garchomp, M|
|poke|p1|Gholdengo|
|poke|p1|Darkrai|
|poke|p1|Scizor, F|
|poke|p1|Great Tusk|
|poke|p2|Weavile, M|
|poke|p2|Samurott-Hisui, M|
|poke|p2|Gholdengo|
|poke|p2|Great Tusk|
|poke|p2|Pecharunt|
|poke|p2|Kingambit, F|
|teampreview
|inactive|Battle timer is ON: inactive players will automatically lose when time's up. (requested by Vitoran)
|inactive|Crogenius2 also wants the timer to be on.
|c|☆Vitoran|glhf
|inactive|Vitoran has 120 seconds left.
|
|t:|1757871978
|teamsize|p1|6
|teamsize|p2|6
|start
|switch|p1a: Scizor|Scizor, F|100/100
|switch|p2a: Great Tusk|Great Tusk|100/100
|-enditem|p2a: Great Tusk|Booster Energy
|-activate|p2a: Great Tusk|ability: Protosynthesis|[fromitem]
|-start|p2a: Great Tusk|protosynthesisspe
|turn|1
|
|t:|1757871982
|move|p2a: Great Tusk|Stealth Rock|p1a: Scizor
|-sidestart|p1: Crogenius2|move: Stealth Rock
|move|p1a: Scizor|U-turn|p2a: Great Tusk
|-resisted|p2a: Great Tusk
|-damage|p2a: Great Tusk|81/100
|
|t:|1757871986
|switch|p1a: Great Tusk|Great Tusk|100/100|[from] U-turn
|
|upkeep
|turn|2
|
|t:|1757871992
|move|p2a: Great Tusk|Ice Spinner|p1a: Great Tusk
|-supereffective|p1a: Great Tusk
|-damage|p1a: Great Tusk|67/100
|move|p1a: Great Tusk|Rapid Spin|p2a: Great Tusk
|-damage|p2a: Great Tusk|70/100
|-boost|p1a: Great Tusk|spe|1
|-sideend|p1: Crogenius2|Stealth Rock|[from] move: Rapid Spin|[of] p1a: Great Tusk
|
|upkeep
|turn|3
|
|t:|1757871999
|move|p2a: Great Tusk|Ice Spinner|p1a: Great Tusk
|-supereffective|p1a: Great Tusk
|-damage|p1a: Great Tusk|35/100
|move|p1a: Great Tusk|Ice Spinner|p2a: Great Tusk
|-supereffective|p2a: Great Tusk
|-damage|p2a: Great Tusk|34/100
|
|upkeep
|turn|4
|
|t:|1757872006
|move|p2a: Great Tusk|Stealth Rock|p1a: Great Tusk
|-sidestart|p1: Crogenius2|move: Stealth Rock
|move|p1a: Great Tusk|Close Combat|p2a: Great Tusk
|-damage|p2a: Great Tusk|0 fnt
|-unboost|p1a: Great Tusk|def|1
|-unboost|p1a: Great Tusk|spd|1
|faint|p2a: Great Tusk
|-end|p2a: Great Tusk|Protosynthesis|[silent]
|
|upkeep
|
|t:|1757872019
|switch|p2a: Samurott|Samurott-Hisui, M|100/100
|turn|5
|
|t:|1757872023
|move|p2a: Samurott|Aqua Jet|p1a: Great Tusk
|-supereffective|p1a: Great Tusk
|-damage|p1a: Great Tusk|0 fnt
|faint|p1a: Great Tusk
|-end|p1a: Great Tusk|Protosynthesis|[silent]
|
|upkeep
|
|t:|1757872027
|switch|p1a: Scizor|Scizor, F|100/100
|-damage|p1a: Scizor|88/100|[from] Stealth Rock
|turn|6
|
|t:|1757872044
|move|p2a: Samurott|Ceaseless Edge|p1a: Scizor
|-damage|p1a: Scizor|38/100
|-sidestart|p1: Crogenius2|Spikes
|move|p1a: Scizor|U-turn|p2a: Samurott
|-supereffective|p2a: Samurott
|-damage|p2a: Samurott|0 fnt
|faint|p2a: Samurott
|
|t:|1757872067
|switch|p1a: Gholdengo|Gholdengo|100/100|[from] U-turn
|-damage|p1a: Gholdengo|94/100|[from] Stealth Rock
|-damage|p1a: Gholdengo|82/100|[from] Spikes
|
|upkeep
|inactive|Vitoran has 120 seconds left.
|
|t:|1757872098
|switch|p2a: Gholdengo|Gholdengo|100/100
|turn|7
|
|t:|1757872101
|switch|p1a: Vaporeon|Vaporeon, M|100/100
|-damage|p1a: Vaporeon|88/100|[from] Stealth Rock
|-damage|p1a: Vaporeon|75/100|[from] Spikes
|move|p2a: Gholdengo|Shadow Ball|p1a: Vaporeon
|-damage|p1a: Vaporeon|52/100
|
|-heal|p1a: Vaporeon|58/100|[from] item: Leftovers
|upkeep
|turn|8
|inactive|Vitoran has 120 seconds left.
|
|t:|1757872118
|switch|p2a: Weavile|Weavile, M|100/100
|-ability|p2a: Weavile|Pressure
|move|p1a: Vaporeon|Wish|p1a: Vaporeon
|
|-heal|p1a: Vaporeon|65/100|[from] item: Leftovers
|upkeep
|turn|9
|
|t:|1757872123
|move|p2a: Weavile|Knock Off|p1a: Vaporeon
|-damage|p1a: Vaporeon|0 fnt
|-enditem|p1a: Vaporeon|Leftovers|[from] move: Knock Off|[of] p2a: Weavile
|faint|p1a: Vaporeon
|
|upkeep
|
|t:|1757872131
|switch|p1a: Gholdengo|Gholdengo|82/100
|-damage|p1a: Gholdengo|76/100|[from] Stealth Rock
|-damage|p1a: Gholdengo|64/100|[from] Spikes
|turn|10
|
|t:|1757872143
|switch|p2a: Pecharunt|Pecharunt|100/100
|-item|p2a: Pecharunt|Air Balloon
|move|p1a: Gholdengo|Trick|p2a: Pecharunt
|-activate|p1a: Gholdengo|move: Trick|[of] p2a: Pecharunt
|-item|p2a: Pecharunt|Choice Scarf|[from] move: Trick
|-item|p1a: Gholdengo|Air Balloon
|-item|p1a: Gholdengo|Air Balloon|[from] move: Trick
|
|upkeep
|turn|11
|
|t:|1757872153
|move|p2a: Pecharunt|Shadow Ball|p1a: Gholdengo
|-supereffective|p1a: Gholdengo
|-damage|p1a: Gholdengo|6/100
|-unboost|p1a: Gholdengo|spd|1
|-enditem|p1a: Gholdengo|Air Balloon
|move|p1a: Gholdengo|Shadow Ball|p2a: Pecharunt
|-supereffective|p2a: Pecharunt
|-damage|p2a: Pecharunt|20/100
|
|upkeep
|turn|12
|
|t:|1757872161
|move|p2a: Pecharunt|Shadow Ball|p1a: Gholdengo
|-supereffective|p1a: Gholdengo
|-damage|p1a: Gholdengo|0 fnt
|faint|p1a: Gholdengo
|
|upkeep
|
|t:|1757872165
|switch|p1a: Darkrai|Darkrai|100/100
|-damage|p1a: Darkrai|88/100|[from] Stealth Rock
|-damage|p1a: Darkrai|76/100|[from] Spikes
|turn|13
|
|t:|1757872171
|move|p1a: Darkrai|Dark Pulse|p2a: Pecharunt
|-supereffective|p2a: Pecharunt
|-damage|p2a: Pecharunt|0 fnt
|faint|p2a: Pecharunt
|
|upkeep
|
|t:|1757872179
|switch|p2a: Gholdengo|Gholdengo|100/100
|turn|14
|
|t:|1757872183
|move|p2a: Gholdengo|Make It Rain|p1a: Darkrai
|-damage|p1a: Darkrai|0 fnt
|-unboost|p2a: Gholdengo|spa|1
|faint|p1a: Darkrai
|
|upkeep
|
|t:|1757872187
|switch|p1a: Garchomp|Garchomp, M|100/100
|-damage|p1a: Garchomp|94/100|[from] Stealth Rock
|-damage|p1a: Garchomp|82/100|[from] Spikes
|turn|15
|
|t:|1757872195
|switch|p2a: Weavile|Weavile, M|100/100
|-ability|p2a: Weavile|Pressure
|move|p1a: Garchomp|Earthquake|p2a: Weavile
|-damage|p2a: Weavile|29/100
|
|upkeep
|turn|16
|
|t:|1757872209
|-terastallize|p1a: Garchomp|Steel
|move|p2a: Weavile|Knock Off|p1a: Garchomp
|-damage|p1a: Garchomp|35/100
|-damage|p2a: Weavile|16/100|[from] ability: Rough Skin|[of] p1a: Garchomp
|-damage|p2a: Weavile|0 fnt|[from] item: Rocky Helmet|[of] p1a: Garchomp
|faint|p2a: Weavile
|move|p1a: Garchomp|Earthquake|p2: Weavile|[notarget]
|-fail|p1a: Garchomp
|
|upkeep
|
|t:|1757872221
|switch|p2a: Gholdengo|Gholdengo|100/100
|turn|17
|
|t:|1757872224
|move|p2a: Gholdengo|Shadow Ball|p1a: Garchomp
|-crit|p1a: Garchomp
|-damage|p1a: Garchomp|0 fnt
|faint|p1a: Garchomp
|
|upkeep
|
|t:|1757872225
|switch|p1a: Scizor|Scizor, F|38/100
|-damage|p1a: Scizor|26/100|[from] Stealth Rock
|-damage|p1a: Scizor|14/100|[from] Spikes
|turn|18
|
|t:|1757872228
|move|p2a: Gholdengo|Shadow Ball|p1a: Scizor
|-damage|p1a: Scizor|0 fnt
|faint|p1a: Scizor
|
|win|Vitoran
|raw|Crogenius2's rating: 1714 &rarr; <strong>1693</strong><br />(-21 for losing)
|raw|Vitoran's rating: 1701 &rarr; <strong>1722</strong><br />(+21 for winning)
|c|☆Vitoran|gg
|c|☆Crogenius2|G
|c|☆Crogenius2|G
|l|☆Vitoran
|player|p2|
|l|☆Crogenius2
|player|p1|
