|j|☆McQueenloko
|j|☆Dragoniteand
|t:|1757854442
|gametype|singles
|player|p1|McQueenloko|hugh|1104
|player|p2|Dragoniteand|unknown|1054
|gen|9
|tier|[Gen 9] OU
|rated|
|rule|HP Percentage Mod: HP is shown in percentages
|rule|Endless Battle Clause: Forcing endless battles is banned
|rule|Species Clause: Limit one of each Pokémon
|rule|OHKO Clause: OHKO moves are banned
|rule|Evasion Items Clause: Evasion items are banned
|rule|Evasion Moves Clause: Evasion moves are banned
|rule|Evasion Abilities Clause: Evasion abilities are banned
|rule|Sleep Moves Clause: Sleep-inducing moves are banned
|clearpoke
|poke|p1|Ogerpon-Wellspring, F|
|poke|p1|Pecharunt|
|poke|p1|Corviknight, M|
|poke|p1|Hydreigon, M|
|poke|p1|Cinderace, M|
|poke|p1|Hydrapple, F|
|poke|p2|Malamar, M|
|poke|p2|Iron Valiant|
|poke|p2|Gliscor, M|
|poke|p2|Hatterene, F|
|poke|p2|Deoxys-Defense|
|poke|p2|Garganacl, M|
|teampreview
|inactive|Battle timer is ON: inactive players will automatically lose when time's up. (requested by McQueenloko)
|
|t:|1757854461
|teamsize|p1|6
|teamsize|p2|6
|start
|switch|p1a: Hydreigon|Hydreigon, M|100/100
|switch|p2a: Glider Guy|Gliscor, M, shiny|100/100
|turn|1
|
|t:|1757854471
|move|p1a: Hydreigon|Dark Pulse|p2a: Glider Guy
|-damage|p2a: Glider Guy|9/100
|move|p2a: Glider Guy|Stealth Rock|p1a: Hydreigon
|-sidestart|p1: McQueenloko|move: Stealth Rock
|
|-status|p2a: Glider Guy|tox|[from] item: Toxic Orb
|upkeep
|turn|2
|
|t:|1757854483
|move|p1a: Hydreigon|Dark Pulse|p2a: Glider Guy
|-damage|p2a: Glider Guy|0 fnt
|faint|p2a: Glider Guy
|
|upkeep
|
|t:|1757854488
|switch|p2a: Fashion Designer|Hatterene, F, shiny|100/100
|turn|3
|
|t:|1757854501
|switch|p1a: Pecharunt|Pecharunt|100/100
|move|p2a: Fashion Designer|Dazzling Gleam|p1a: Pecharunt
|-resisted|p1a: Pecharunt
|-damage|p1a: Pecharunt|69/100
|
|upkeep
|turn|4
|
|t:|1757854507
|move|p1a: Pecharunt|Malignant Chain|p2a: Fashion Designer
|-supereffective|p2a: Fashion Designer
|-damage|p2a: Fashion Designer|10/100
|move|p2a: Fashion Designer|Dazzling Gleam|p1a: Pecharunt
|-resisted|p1a: Pecharunt
|-damage|p1a: Pecharunt|38/100
|
|upkeep
|turn|5
|
|t:|1757854523
|move|p1a: Pecharunt|Recover|p1a: Pecharunt
|-heal|p1a: Pecharunt|88/100
|move|p2a: Fashion Designer|Dazzling Gleam|p1a: Pecharunt
|-resisted|p1a: Pecharunt
|-damage|p1a: Pecharunt|56/100
|
|upkeep
|turn|6
|
|t:|1757854533
|move|p1a: Pecharunt|Hex|p2a: Fashion Designer
|-supereffective|p2a: Fashion Designer
|-damage|p2a: Fashion Designer|0 fnt
|faint|p2a: Fashion Designer
|
|upkeep
|
|t:|1757854542
|switch|p2a: The Heavy|Deoxys-Defense|100/100
|-ability|p2a: The Heavy|Pressure
|turn|7
|
|t:|1757854548
|move|p2a: The Heavy|Extreme Speed|p1a: Pecharunt
|-immune|p1a: Pecharunt
|move|p1a: Pecharunt|Parting Shot|p2a: The Heavy
|-unboost|p2a: The Heavy|atk|1
|-unboost|p2a: The Heavy|spa|1
|c|☆Dragoniteand|What
|c|☆McQueenloko|normal atk lol
|inactive|McQueenloko has 120 seconds left.
|
|t:|1757854582
|switch|p1a: Hydreigon|Hydreigon, M|100/100|[from] Parting Shot
|-damage|p1a: Hydreigon|88/100|[from] Stealth Rock
|
|upkeep
|turn|8
|c|☆Dragoniteand|Wait that things ghost type?
|inactive|McQueenloko has 120 seconds left.
|c|☆McQueenloko|poison and ghost
|c|☆Dragoniteand|Head empty no thoughts
|
|t:|1757854615
|move|p1a: Hydreigon|Dark Pulse|p2a: The Heavy
|-supereffective|p2a: The Heavy
|-damage|p2a: The Heavy|3/100
|move|p2a: The Heavy|Drain Punch|p1a: Hydreigon
|-supereffective|p1a: Hydreigon
|-damage|p1a: Hydreigon|68/100
|-heal|p2a: The Heavy|17/100|[from] drain|[of] p1a: Hydreigon
|
|-heal|p2a: The Heavy|23/100|[from] item: Leftovers
|upkeep
|turn|9
|
|t:|1757854624
|move|p1a: Hydreigon|Dark Pulse|p2a: The Heavy
|-supereffective|p2a: The Heavy
|-damage|p2a: The Heavy|0 fnt
|faint|p2a: The Heavy
|
|upkeep
|
|t:|1757854628
|switch|p2a: Steel Savior|Iron Valiant, shiny|100/100
|turn|10
|
|t:|1757854635
|switch|p1a: Cinderace|Cinderace, M|100/100
|-damage|p1a: Cinderace|76/100|[from] Stealth Rock
|move|p2a: Steel Savior|Spirit Break|p1a: Cinderace
|-resisted|p1a: Cinderace
|-damage|p1a: Cinderace|45/100
|-unboost|p1a: Cinderace|spa|1
|
|upkeep
|turn|11
|
|t:|1757854646
|move|p1a: Cinderace|Gunk Shot|p2a: Steel Savior
|-start|p1a: Cinderace|typechange|Poison|[from] ability: Libero
|-supereffective|p2a: Steel Savior
|-damage|p2a: Steel Savior|0 fnt
|faint|p2a: Steel Savior
|-end|p2a: Steel Savior|Quark Drive|[silent]
|
|upkeep
|
|t:|1757854652
|switch|p2a: Malamar of Murder|Malamar, M|100/100
|turn|12
|
|t:|1757854657
|move|p1a: Cinderace|U-turn|p2a: Malamar of Murder
|-supereffective|p2a: Malamar of Murder
|-damage|p2a: Malamar of Murder|5/100
|
|t:|1757854663
|switch|p1a: Hydrapple|Hydrapple, F|100/100|[from] U-turn
|-damage|p1a: Hydrapple|88/100|[from] Stealth Rock
|move|p2a: Malamar of Murder|Psycho Cut|p1a: Hydrapple
|-damage|p1a: Hydrapple|71/100
|
|-heal|p2a: Malamar of Murder|11/100|[from] item: Leftovers
|upkeep
|turn|13
|
|t:|1757854671
|move|p2a: Malamar of Murder|Superpower|p1a: Hydrapple
|-damage|p1a: Hydrapple|51/100
|-boost|p2a: Malamar of Murder|atk|1
|-boost|p2a: Malamar of Murder|def|1
|move|p1a: Hydrapple|Giga Drain|p2a: Malamar of Murder
|-damage|p2a: Malamar of Murder|0 fnt
|-heal|p1a: Hydrapple|56/100|[from] drain|[of] p2a: Malamar of Murder
|faint|p2a: Malamar of Murder
|
|upkeep
|
|t:|1757854675
|switch|p2a: Sir Salt|Garganacl, M|100/100
|turn|14
|
|t:|1757854680
|-terastallize|p2a: Sir Salt|Rock
|move|p1a: Hydrapple|Giga Drain|p2a: Sir Salt
|-supereffective|p2a: Sir Salt
|-crit|p2a: Sir Salt
|-damage|p2a: Sir Salt|5/100
|-heal|p1a: Hydrapple|97/100|[from] drain|[of] p2a: Sir Salt
|move|p2a: Sir Salt|Salt Cure|p1a: Hydrapple
|-damage|p1a: Hydrapple|79/100
|-start|p1a: Hydrapple|Salt Cure
|
|-damage|p1a: Hydrapple|66/100|[from] Salt Cure
|upkeep
|turn|15
|c|☆McQueenloko|ggs
|
|t:|1757854689
|move|p1a: Hydrapple|Giga Drain|p2a: Sir Salt
|-supereffective|p2a: Sir Salt
|-damage|p2a: Sir Salt|0 fnt
|-heal|p1a: Hydrapple|69/100|[from] drain|[of] p2a: Sir Salt
|faint|p2a: Sir Salt
|
|win|McQueenloko
|raw|McQueenloko's rating: 1104 &rarr; <strong>1125</strong><br />(+21 for winning)
|raw|Dragoniteand's rating: 1054 &rarr; <strong>1038</strong><br />(-16 for losing)
|c|☆Dragoniteand|Ggs
|l|☆Dragoniteand
|player|p2|
