|j|☆Oowaza
|j|☆IN Champion
|t:|1757912187
|gametype|singles
|player|p1|Oowaza|2|1164
|player|p2|IN Champion|1|1074
|gen|9
|tier|[Gen 9] OU
|rated|
|rule|HP Percentage Mod: HP is shown in percentages
|rule|Endless Battle Clause: Forcing endless battles is banned
|rule|Species Clause: Limit one of each Pokémon
|rule|OHKO Clause: OHKO moves are banned
|rule|Evasion Items Clause: Evasion items are banned
|rule|Evasion Moves Clause: Evasion moves are banned
|rule|Evasion Abilities Clause: Evasion abilities are banned
|rule|Sleep Moves Clause: Sleep-inducing moves are banned
|clearpoke
|poke|p1|Quaquaval, F|
|poke|p1|Cetitan, F|
|poke|p1|Ceruledge, M|
|poke|p1|Hydrapple, F|
|poke|p1|Revavroom, M|
|poke|p1|Maushold|
|poke|p2|Zoroark-Hisui, M|
|poke|p2|Gengar, M|
|poke|p2|Gliscor, M|
|poke|p2|Decidueye, M|
|poke|p2|Inteleon, M|
|poke|p2|Umbreon, M|
|teampreview
|inactive|Battle timer is ON: inactive players will automatically lose when time's up. (requested by Oowaza)
|
|t:|1757912202
|teamsize|p1|6
|teamsize|p2|6
|start
|switch|p1a: Maushold|Maushold|100/100
|switch|p2a: Gliscor|Gliscor, M|100/100
|turn|1
|
|t:|1757912210
|move|p1a: Maushold|Tidy Up|p1a: Maushold
|-boost|p1a: Maushold|atk|1
|-boost|p1a: Maushold|spe|1
|move|p2a: Gliscor|Stealth Rock|p1a: Maushold
|-sidestart|p1: Oowaza|move: Stealth Rock
|
|-status|p2a: Gliscor|tox|[from] item: Toxic Orb
|upkeep
|turn|2
|
|t:|1757912222
|move|p2a: Gliscor|Protect|p2a: Gliscor
|-singleturn|p2a: Gliscor|Protect
|move|p1a: Maushold|Tidy Up|p1a: Maushold
|-sideend|p1: Oowaza|Stealth Rock
|-activate|p1a: Maushold|move: Tidy Up
|-boost|p1a: Maushold|atk|1
|-boost|p1a: Maushold|spe|1
|
|upkeep
|turn|3
|
|t:|1757912233
|-terastallize|p2a: Gliscor|Steel
|move|p1a: Maushold|Population Bomb|p2a: Gliscor
|-resisted|p2a: Gliscor
|-damage|p2a: Gliscor|92/100 tox
|-resisted|p2a: Gliscor
|-damage|p2a: Gliscor|83/100 tox
|-resisted|p2a: Gliscor
|-damage|p2a: Gliscor|75/100 tox
|-resisted|p2a: Gliscor
|-damage|p2a: Gliscor|67/100 tox
|-resisted|p2a: Gliscor
|-damage|p2a: Gliscor|59/100 tox
|-resisted|p2a: Gliscor
|-damage|p2a: Gliscor|51/100 tox
|-resisted|p2a: Gliscor
|-damage|p2a: Gliscor|41/100 tox
|-resisted|p2a: Gliscor
|-damage|p2a: Gliscor|33/100 tox
|-resisted|p2a: Gliscor
|-damage|p2a: Gliscor|25/100 tox
|-resisted|p2a: Gliscor
|-damage|p2a: Gliscor|16/100 tox
|-hitcount|p2a: Gliscor|10
|move|p2a: Gliscor|Earthquake|p1a: Maushold
|-damage|p1a: Maushold|56/100
|
|-heal|p2a: Gliscor|28/100 tox|[from] ability: Poison Heal
|upkeep
|turn|4
|
|t:|1757912259
|move|p2a: Gliscor|Protect|p2a: Gliscor
|-singleturn|p2a: Gliscor|Protect
|move|p1a: Maushold|Tidy Up|p1a: Maushold
|-boost|p1a: Maushold|atk|1
|-boost|p1a: Maushold|spe|1
|
|-heal|p2a: Gliscor|41/100 tox|[from] ability: Poison Heal
|upkeep
|turn|5
|
|t:|1757912269
|switch|p2a: Gengar|Gengar, M|100/100
|move|p1a: Maushold|Population Bomb|p2a: Gengar
|-immune|p2a: Gengar
|
|upkeep
|turn|6
|inactive|IN Champion has 120 seconds left.
|
|t:|1757912285
|move|p1a: Maushold|Bite|p2a: Gengar
|-supereffective|p2a: Gengar
|-damage|p2a: Gengar|0 fnt
|replace|p2a: Zoroark|Zoroark-Hisui, M
|-end|p2a: Zoroark|Illusion
|faint|p2a: Zoroark
|
|upkeep
|inactive|IN Champion has 120 seconds left.
|
|t:|1757912294
|switch|p2a: Inteleon|Inteleon, M|100/100
|turn|7
|
|t:|1757912303
|move|p1a: Maushold|Population Bomb|p2a: Inteleon
|-damage|p2a: Inteleon|54/100
|-damage|p2a: Inteleon|5/100
|-damage|p2a: Inteleon|0 fnt
|faint|p2a: Inteleon
|-hitcount|p2: Inteleon|3
|
|upkeep
|
|t:|1757912311
|switch|p2a: Gengar|Gengar, M|100/100
|-item|p2a: Gengar|Air Balloon
|turn|8
|
|t:|1757912320
|move|p1a: Maushold|Bite|p2a: Gengar
|-supereffective|p2a: Gengar
|-damage|p2a: Gengar|0 fnt
|-start|p1a: Maushold|Disable|Bite|[from] ability: Cursed Body|[of] p2a: Gengar
|-enditem|p2a: Gengar|Air Balloon
|faint|p2a: Gengar
|
|upkeep
|
|t:|1757912329
|switch|p2a: Gliscor|Gliscor, M, tera:Steel|41/100 tox
|turn|9
|
|t:|1757912333
|move|p2a: Gliscor|Protect|p2a: Gliscor
|-singleturn|p2a: Gliscor|Protect
|move|p1a: Maushold|Tidy Up|p1a: Maushold
|-boost|p1a: Maushold|atk|1
|-boost|p1a: Maushold|spe|1
|
|-heal|p2a: Gliscor|53/100 tox|[from] ability: Poison Heal
|upkeep
|turn|10
|
|t:|1757912344
|move|p1a: Maushold|Population Bomb|p2a: Gliscor
|-resisted|p2a: Gliscor
|-damage|p2a: Gliscor|41/100 tox
|-resisted|p2a: Gliscor
|-damage|p2a: Gliscor|29/100 tox
|-resisted|p2a: Gliscor
|-damage|p2a: Gliscor|16/100 tox
|-resisted|p2a: Gliscor
|-damage|p2a: Gliscor|4/100 tox
|-resisted|p2a: Gliscor
|-damage|p2a: Gliscor|0 fnt
|faint|p2a: Gliscor
|-hitcount|p2: Gliscor|5
|
|upkeep
|
|t:|1757912356
|switch|p2a: Umbreon|Umbreon, M|100/100
|turn|11
|
|t:|1757912360
|move|p1a: Maushold|Population Bomb|p2a: Umbreon
|-damage|p2a: Umbreon|82/100
|-damage|p2a: Umbreon|62/100
|-damage|p2a: Umbreon|42/100
|-damage|p2a: Umbreon|23/100
|-damage|p2a: Umbreon|4/100
|-damage|p2a: Umbreon|0 fnt
|faint|p2a: Umbreon
|-hitcount|p2: Umbreon|6
|
|-end|p1a: Maushold|Disable
|upkeep
|
|t:|1757912374
|switch|p2a: Decidueye|Decidueye, M|100/100
|turn|12
|
|t:|1757912378
|move|p2a: Decidueye|Sucker Punch|p1a: Maushold
|-damage|p1a: Maushold|16/100
|move|p1a: Maushold|Bite|p2a: Decidueye
|-supereffective|p2a: Decidueye
|-damage|p2a: Decidueye|0 fnt
|-damage|p1a: Maushold|0 fnt|[from] item: Rocky Helmet|[of] p2a: Decidueye
|faint|p2a: Decidueye
|faint|p1a: Maushold
|
|win|Oowaza
|raw|Oowaza's rating: 1164 &rarr; <strong>1183</strong><br />(+19 for winning)
|raw|IN Champion's rating: 1074 &rarr; <strong>1058</strong><br />(-16 for losing)
|l|☆Oowaza
|player|p1|
|l|☆IN Champion
|player|p2|
