|j|☆IFHMLSFM
|j|☆Gunfa
|t:|1757799287
|gametype|singles
|player|p1|IFHMLSFM|scientist-gen4dp|1059
|player|p2|Gunfa|steven|1047
|gen|9
|tier|[Gen 9] OU
|rated|
|rule|HP Percentage Mod: HP is shown in percentages
|rule|Endless Battle Clause: Forcing endless battles is banned
|rule|Species Clause: Limit one of each Pokémon
|rule|OHKO Clause: OHKO moves are banned
|rule|Evasion Items Clause: Evasion items are banned
|rule|Evasion Moves Clause: Evasion moves are banned
|rule|Evasion Abilities Clause: Evasion abilities are banned
|rule|Sleep Moves Clause: Sleep-inducing moves are banned
|clearpoke
|poke|p1|Zapdos-Galar|
|poke|p1|Landorus-Therian, M|
|poke|p1|Dragapult, M|
|poke|p1|Slowking-Galar, F|
|poke|p1|Great Tusk|
|poke|p1|Alomomola, M|
|poke|p2|Decidueye, F|
|poke|p2|Darkrai|
|poke|p2|Garganacl, F|
|poke|p2|Cyclizar, F|
|poke|p2|Metagross|
|poke|p2|Landorus-Therian, M|
|teampreview
|l|☆IFHMLSFM
|player|p1|
|inactive|Battle timer is ON: inactive players will automatically lose when time's up. (requested by Gunfa)
|j| ifhtbssm
|inactive|IFHMLSFM has 30 seconds to reconnect!
|j|☆IFHMLSFM
|inactive|IFHMLSFM reconnected and has 120 seconds left.
|player|p1|IFHMLSFM|scientist-gen4dp|
|
|t:|1757799346
|teamsize|p1|6
|teamsize|p2|6
|start
|switch|p1a: Dragapult|Dragapult, M|100/100
|switch|p2a: Decidueye|Decidueye, F|100/100
|turn|1
|
|t:|1757799353
|-terastallize|p1a: Dragapult|Dragon
|move|p1a: Dragapult|Draco Meteor|p2a: Decidueye
|-damage|p2a: Decidueye|0 fnt
|-unboost|p1a: Dragapult|spa|2
|faint|p2a: Decidueye
|
|upkeep
|
|t:|1757799364
|switch|p2a: Metagross|Metagross|100/100
|turn|2
|
|t:|1757799370
|switch|p1a: Alomomola|Alomomola, M|100/100
|move|p2a: Metagross|Bullet Punch|p1a: Alomomola
|-resisted|p1a: Alomomola
|-damage|p1a: Alomomola|94/100
|
|upkeep
|turn|3
|
|t:|1757799380
|switch|p2a: Cyclizar|Cyclizar, F|100/100
|move|p1a: Alomomola|Flip Turn|p2a: Cyclizar
|-resisted|p2a: Cyclizar
|-damage|p2a: Cyclizar|88/100
|
|t:|1757799387
|switch|p1a: Dragapult|Dragapult, M, tera:Dragon|100/100|[from] Flip Turn
|
|upkeep
|turn|4
|
|t:|1757799393
|switch|p2a: Metagross|Metagross|100/100
|move|p1a: Dragapult|U-turn|p2a: Metagross
|-damage|p2a: Metagross|86/100
|
|t:|1757799398
|switch|p1a: Zapdos|Zapdos-Galar|100/100|[from] U-turn
|
|upkeep
|turn|5
|
|t:|1757799404
|move|p1a: Zapdos|Knock Off|p2a: Metagross
|-supereffective|p2a: Metagross
|-damage|p2a: Metagross|17/100
|-enditem|p2a: Metagross|Assault Vest|[from] move: Knock Off|[of] p1a: Zapdos
|move|p2a: Metagross|Psychic Fangs|p1a: Zapdos
|-supereffective|p1a: Zapdos
|-damage|p1a: Zapdos|0 fnt
|faint|p1a: Zapdos
|
|upkeep
|
|t:|1757799413
|switch|p1a: Alomomola|Alomomola, M|100/100
|turn|6
|
|t:|1757799417
|switch|p2a: Darkrai|Darkrai|100/100
|move|p1a: Alomomola|Wish|p1a: Alomomola
|
|upkeep
|turn|7
|
|t:|1757799422
|move|p2a: Darkrai|Dark Pulse|p1a: Alomomola
|-damage|p1a: Alomomola|50/100
|move|p1a: Alomomola|Flip Turn|p2a: Darkrai
|-damage|p2a: Darkrai|79/100
|
|t:|1757799429
|switch|p1a: Dragapult|Dragapult, M, tera:Dragon|100/100|[from] Flip Turn
|
|upkeep
|turn|8
|
|t:|1757799435
|move|p1a: Dragapult|U-turn|p2a: Darkrai
|-supereffective|p2a: Darkrai
|-damage|p2a: Darkrai|33/100
|
|t:|1757799439
|switch|p1a: Great Tusk|Great Tusk|100/100|[from] U-turn
|move|p2a: Darkrai|Ice Beam|p1a: Great Tusk
|-supereffective|p1a: Great Tusk
|-damage|p1a: Great Tusk|6/100
|
|upkeep
|turn|9
|
|t:|1757799447
|move|p2a: Darkrai|Ice Beam|p1a: Great Tusk
|-supereffective|p1a: Great Tusk
|-damage|p1a: Great Tusk|0 fnt
|faint|p1a: Great Tusk
|-end|p1a: Great Tusk|Protosynthesis|[silent]
|
|upkeep
|
|t:|1757799453
|switch|p1a: Dragapult|Dragapult, M, tera:Dragon|100/100
|turn|10
|
|t:|1757799456
|move|p1a: Dragapult|U-turn|p2a: Darkrai
|-supereffective|p2a: Darkrai
|-damage|p2a: Darkrai|0 fnt
|faint|p2a: Darkrai
|
|t:|1757799460
|switch|p1a: Landorus|Landorus-Therian, M|100/100|[from] U-turn
|
|upkeep
|
|t:|1757799465
|switch|p2a: Cyclizar|Cyclizar, F|100/100
|turn|11
|
|t:|1757799470
|move|p2a: Cyclizar|Rapid Spin|p1a: Landorus
|-damage|p1a: Landorus|84/100
|-boost|p2a: Cyclizar|spe|1
|-damage|p2a: Cyclizar|84/100|[from] item: Rocky Helmet|[of] p1a: Landorus
|move|p1a: Landorus|Taunt|p2a: Cyclizar
|-start|p2a: Cyclizar|move: Taunt
|
|upkeep
|turn|12
|
|t:|1757799481
|move|p2a: Cyclizar|Rapid Spin|p1a: Landorus
|-crit|p1a: Landorus
|-damage|p1a: Landorus|60/100
|-boost|p2a: Cyclizar|spe|1
|-damage|p2a: Cyclizar|68/100|[from] item: Rocky Helmet|[of] p1a: Landorus
|move|p1a: Landorus|U-turn|p2a: Cyclizar
|-damage|p2a: Cyclizar|32/100
|
|t:|1757799488
|switch|p1a: Alomomola|Alomomola, M|83/100|[from] U-turn
|
|upkeep
|turn|13
|
|t:|1757799493
|-terastallize|p2a: Cyclizar|Dragon
|move|p2a: Cyclizar|Outrage|p1a: Alomomola
|-damage|p1a: Alomomola|45/100
|move|p1a: Alomomola|Wish|p1a: Alomomola
|
|upkeep
|turn|14
|
|t:|1757799500
|switch|p1a: Landorus|Landorus-Therian, M|60/100
|-ability|p1a: Landorus|Intimidate|boost
|-unboost|p2a: Cyclizar|atk|1
|move|p2a: Cyclizar|Outrage|p1a: Landorus|[from] lockedmove
|-damage|p1a: Landorus|26/100
|-damage|p2a: Cyclizar|16/100|[from] item: Rocky Helmet|[of] p1a: Landorus
|
|-heal|p1a: Landorus|98/100|[from] move: Wish|[wisher] Alomomola
|-end|p2a: Cyclizar|move: Taunt
|upkeep
|turn|15
|
|t:|1757799513
|move|p2a: Cyclizar|Outrage|p1a: Landorus|[from] lockedmove
|-damage|p1a: Landorus|62/100
|-damage|p2a: Cyclizar|0 fnt|[from] item: Rocky Helmet|[of] p1a: Landorus
|faint|p2a: Cyclizar
|move|p1a: Landorus|U-turn|p2: Cyclizar|[notarget]
|-fail|p1a: Landorus
|
|upkeep
|-message|Gunfa forfeited.
|
|win|IFHMLSFM
|raw|IFHMLSFM's rating: 1059 &rarr; <strong>1089</strong><br />(+30 for winning)
|raw|Gunfa's rating: 1047 &rarr; <strong>1031</strong><br />(-16 for losing)
|l|☆Gunfa
|player|p2|
