|j|☆sado14
|j|☆darkmoonllll
|t:|1757872189
|gametype|singles
|player|p1|sado14|1|1119
|player|p2|darkmoonllll|101|1179
|gen|9
|tier|[Gen 9] OU
|rated|
|rule|HP Percentage Mod: HP is shown in percentages
|rule|Endless Battle Clause: Forcing endless battles is banned
|rule|Species Clause: Limit one of each Pokémon
|rule|OHKO Clause: OHKO moves are banned
|rule|Evasion Items Clause: Evasion items are banned
|rule|Evasion Moves Clause: Evasion moves are banned
|rule|Evasion Abilities Clause: Evasion abilities are banned
|rule|Sleep Moves Clause: Sleep-inducing moves are banned
|clearpoke
|poke|p1|Tornadus, M|
|poke|p1|Toxtricity, M|
|poke|p1|Iron Valiant|
|poke|p1|Arcanine-Hisui, M|
|poke|p1|Brambleghast, M|
|poke|p1|Hydreigon, M|
|poke|p2|Darkrai|
|poke|p2|Landorus-Therian, M|
|poke|p2|Araquanid, M|
|poke|p2|Ninetales, F|
|poke|p2|Great Tusk|
|poke|p2|Venusaur, M|
|teampreview
|inactive|Battle timer is ON: inactive players will automatically lose when time's up. (requested by sado14)
|
|t:|1757872195
|teamsize|p1|6
|teamsize|p2|6
|start
|switch|p1a: Tornadus|Tornadus, M, shiny|100/100
|switch|p2a: Darkrai|Darkrai|100/100
|turn|1
|
|t:|1757872201
|move|p1a: Tornadus|Tailwind|p1a: Tornadus
|-sidestart|p1: sado14|move: Tailwind
|move|p2a: Darkrai|Ice Beam|p1a: Tornadus
|-supereffective|p1a: Tornadus
|-damage|p1a: Tornadus|0 fnt
|faint|p1a: Tornadus
|
|upkeep
|
|t:|1757872206
|switch|p1a: Iron Valiant|Iron Valiant, shiny|100/100
|turn|2
|
|t:|1757872229
|switch|p2a: Araquanid|Araquanid, M|100/100
|move|p1a: Iron Valiant|Moonblast|p2a: Araquanid
|-damage|p2a: Araquanid|53/100
|
|upkeep
|turn|3
|
|t:|1757872237
|move|p1a: Iron Valiant|Moonblast|p2a: Araquanid
|-damage|p2a: Araquanid|7/100
|-unboost|p2a: Araquanid|spa|1
|move|p2a: Araquanid|Endeavor|p1a: Iron Valiant
|-damage|p1a: Iron Valiant|8/100
|
|upkeep
|turn|4
|-enditem|p2a: Araquanid|Custap Berry|[eat]
|-activate|p2a: Araquanid|item: Custap Berry|[consumed]
|
|t:|1757872245
|move|p2a: Araquanid|Surf|p1a: Iron Valiant
|-damage|p1a: Iron Valiant|0 fnt
|faint|p1a: Iron Valiant
|-end|p1a: Iron Valiant|Quark Drive|[silent]
|
|-sideend|p1: sado14|move: Tailwind
|upkeep
|
|t:|1757872249
|switch|p1a: Toxtricity|Toxtricity, M, shiny|100/100
|turn|5
|
|t:|1757872255
|move|p1a: Toxtricity|Boomburst|p2a: Araquanid
|-damage|p2a: Araquanid|0 fnt
|faint|p2a: Araquanid
|
|upkeep
|
|t:|1757872266
|switch|p2a: Landorus|Landorus-Therian, M|100/100
|-ability|p2a: Landorus|Intimidate|boost
|-unboost|p1a: Toxtricity|atk|1
|turn|6
|
|t:|1757872273
|switch|p1a: Hydreigon|Hydreigon, M, shiny|100/100
|move|p2a: Landorus|Earthquake|p1a: Hydreigon
|-immune|p1a: Hydreigon|[from] ability: Levitate
|
|upkeep
|turn|7
|
|t:|1757872277
|move|p1a: Hydreigon|Stealth Rock|p2a: Landorus
|-sidestart|p2: darkmoonllll|move: Stealth Rock
|move|p2a: Landorus|U-turn|p1a: Hydreigon
|-supereffective|p1a: Hydreigon
|-damage|p1a: Hydreigon|45/100
|
|t:|1757872287
|switch|p2a: Ninetales|Ninetales, F|100/100|[from] U-turn
|-damage|p2a: Ninetales|76/100|[from] Stealth Rock
|-weather|SunnyDay|[from] ability: Drought|[of] p2a: Ninetales
|
|-weather|SunnyDay|[upkeep]
|upkeep
|turn|8
|
|t:|1757872293
|move|p2a: Ninetales|Overheat|p1a: Hydreigon
|-resisted|p1a: Hydreigon
|-damage|p1a: Hydreigon|11/100
|-unboost|p2a: Ninetales|spa|2
|move|p1a: Hydreigon|Tailwind|p1a: Hydreigon
|-sidestart|p1: sado14|move: Tailwind
|
|-weather|SunnyDay|[upkeep]
|upkeep
|turn|9
|
|t:|1757872303
|move|p1a: Hydreigon|Draco Meteor|p2a: Ninetales
|-damage|p2a: Ninetales|12/100
|-unboost|p1a: Hydreigon|spa|2
|-enditem|p1a: Hydreigon|Eject Pack
|
|t:|1757872309
|switch|p1a: Arcanine|Arcanine-Hisui, M, shiny|100/100
|move|p2a: Ninetales|Overheat|p1a: Arcanine
|-resisted|p1a: Arcanine
|-damage|p1a: Arcanine|91/100
|-unboost|p2a: Ninetales|spa|2
|
|-weather|SunnyDay|[upkeep]
|upkeep
|turn|10
|
|t:|1757872321
|switch|p2a: Landorus|Landorus-Therian, M|100/100
|-damage|p2a: Landorus|88/100|[from] Stealth Rock
|-ability|p2a: Landorus|Intimidate|boost
|-unboost|p1a: Arcanine|atk|1
|move|p1a: Arcanine|Head Smash|p2a: Landorus
|-damage|p2a: Landorus|23/100
|-damage|p1a: Arcanine|75/100|[from] item: Rocky Helmet|[of] p2a: Landorus
|
|-weather|SunnyDay|[upkeep]
|upkeep
|turn|11
|
|t:|1757872331
|switch|p1a: Hydreigon|Hydreigon, M, shiny|11/100
|move|p2a: Landorus|Earthquake|p1a: Hydreigon
|-immune|p1a: Hydreigon|[from] ability: Levitate
|
|-weather|SunnyDay|[upkeep]
|-sideend|p1: sado14|move: Tailwind
|upkeep
|turn|12
|
|t:|1757872336
|move|p1a: Hydreigon|Tailwind|p1a: Hydreigon
|-sidestart|p1: sado14|move: Tailwind
|move|p2a: Landorus|Smack Down|p1a: Hydreigon
|-damage|p1a: Hydreigon|0 fnt
|faint|p1a: Hydreigon
|
|-weather|SunnyDay|[upkeep]
|upkeep
|
|t:|1757872340
|switch|p1a: Brambleghast|Brambleghast, M, shiny|100/100
|-ability|p1a: Brambleghast|Wind Rider|boost
|-boost|p1a: Brambleghast|atk|1
|turn|13
|
|t:|1757872350
|switch|p2a: Darkrai|Darkrai|100/100
|-damage|p2a: Darkrai|88/100|[from] Stealth Rock
|move|p1a: Brambleghast|Power Whip|p2a: Darkrai
|-damage|p2a: Darkrai|0 fnt
|faint|p2a: Darkrai
|-damage|p1a: Brambleghast|91/100|[from] item: Life Orb
|
|-weather|SunnyDay|[upkeep]
|upkeep
|
|t:|1757872357
|switch|p2a: Landorus|Landorus-Therian, M|23/100
|-damage|p2a: Landorus|11/100|[from] Stealth Rock
|-ability|p2a: Landorus|Intimidate|boost
|-unboost|p1a: Brambleghast|atk|1
|turn|14
|
|t:|1757872371
|move|p1a: Brambleghast|Shadow Sneak|p2a: Landorus
|-damage|p2a: Landorus|0 fnt
|-damage|p1a: Brambleghast|74/100|[from] item: Rocky Helmet|[of] p2a: Landorus
|faint|p2a: Landorus
|-damage|p1a: Brambleghast|64/100|[from] item: Life Orb
|
|-weather|none
|upkeep
|
|t:|1757872375
|switch|p2a: Ninetales|Ninetales, F|12/100
|-damage|p2a: Ninetales|0 fnt|[from] Stealth Rock
|faint|p2a: Ninetales
|-message|darkmoonllll forfeited.
|
|win|sado14
|raw|sado14's rating: 1119 &rarr; <strong>1148</strong><br />(+29 for winning)
|raw|darkmoonllll's rating: 1179 &rarr; <strong>1150</strong><br />(-29 for losing)
|l|☆darkmoonllll
|player|p2|
|l|☆sado14
|player|p1|
