|badge|p1|bronze|gen9ou|100-6
|uhtml|medal-msg|<div class="broadcast-blue">Curious what those medals under the avatar are? PS now has Ladder Seasons! For more information, check out the <a href="https://www.smogon.com/forums/threads/3740067/">thread on Smogon.</a></div>
|j|☆54 insane rats
|j|☆Beelzebub235
|inactive|Battle timer is ON: inactive players will automatically lose when time's up.
|t:|1757794360
|gametype|singles
|player|p1|54 insane rats|supernerd|
|player|p2|Beelzebub235|170|
|gen|9
|tier|[Gen 9] OU
|rated|Tournament battle
|rule|HP Percentage Mod: HP is shown in percentages
|rule|Endless Battle Clause: Forcing endless battles is banned
|rule|Species Clause: Limit one of each Pokémon
|rule|OHKO Clause: OHKO moves are banned
|rule|Evasion Items Clause: Evasion items are banned
|rule|Evasion Moves Clause: Evasion moves are banned
|rule|Evasion Abilities Clause: Evasion abilities are banned
|rule|Sleep Moves Clause: Sleep-inducing moves are banned
|clearpoke
|poke|p1|Tyranitar, F|
|poke|p1|Excadrill, M|
|poke|p1|Kingambit, M|
|poke|p1|Garchomp, M|
|poke|p1|Pecharunt|
|poke|p1|Rotom-Wash|
|poke|p2|Chesnaught, F|
|poke|p2|Mandibuzz, F|
|poke|p2|Zapdos|
|poke|p2|Raging Bolt|
|poke|p2|Slowking-Galar, M|
|poke|p2|Tyranitar, M|
|teampreview
|inactive|54 insane rats also wants the timer to be on.
|j| Giragono
|j| Clodsireenjoyer999
|j| qxfn142
|j| Joeshh
|j| rectilinears
|
|t:|1757794374
|teamsize|p1|6
|teamsize|p2|6
|start
|switch|p1a: Rotom|Rotom-Wash|100/100
|switch|p2a: Chesnaught|Chesnaught, F|100/100
|turn|1
|l| rectilinears
|
|t:|1757794379
|move|p1a: Rotom|Will-O-Wisp|p2a: Chesnaught
|-status|p2a: Chesnaught|brn
|move|p2a: Chesnaught|Spikes|p1a: Rotom
|-sidestart|p1: 54 insane rats|Spikes
|
|-damage|p2a: Chesnaught|94/100 brn|[from] brn
|upkeep
|turn|2
|
|t:|1757794385
|move|p1a: Rotom|Volt Switch|p2a: Chesnaught
|-resisted|p2a: Chesnaught
|-damage|p2a: Chesnaught|79/100 brn
|
|t:|1757794387
|switch|p1a: Pecharunt|Pecharunt|100/100|[from] Volt Switch
|-item|p1a: Pecharunt|Air Balloon
|move|p2a: Chesnaught|Knock Off|p1a: Pecharunt
|-supereffective|p1a: Pecharunt
|-damage|p1a: Pecharunt|88/100
|-enditem|p1a: Pecharunt|Air Balloon
|
|-damage|p2a: Chesnaught|73/100 brn|[from] brn
|upkeep
|turn|3
|j| Evelye
|
|t:|1757794397
|switch|p2a: Slowking|Slowking-Galar, M|100/100
|move|p1a: Pecharunt|Malignant Chain|p2a: Slowking
|-resisted|p2a: Slowking
|-damage|p2a: Slowking|91/100
|
|upkeep
|turn|4
|
|t:|1757794402
|move|p1a: Pecharunt|Shadow Ball|p2a: Slowking
|-supereffective|p2a: Slowking
|-damage|p2a: Slowking|66/100
|-unboost|p2a: Slowking|spd|1
|move|p2a: Slowking|Future Sight|p1a: Pecharunt
|-start|p2a: Slowking|move: Future Sight
|
|upkeep
|turn|5
|
|t:|1757794407
|switch|p2a: Mandibuzz|Mandibuzz, F|100/100
|move|p1a: Pecharunt|Parting Shot|p2a: Mandibuzz
|-unboost|p2a: Mandibuzz|atk|1
|-unboost|p2a: Mandibuzz|spa|1
|j| rectilinears
|
|t:|1757794412
|switch|p1a: Tyranitar|Tyranitar, F|100/100|[from] Parting Shot
|-damage|p1a: Tyranitar|88/100|[from] Spikes
|-weather|Sandstorm|[from] ability: Sand Stream|[of] p1a: Tyranitar
|
|-weather|Sandstorm|[upkeep]
|upkeep
|turn|6
|j|@paternozzo
|
|t:|1757794417
|switch|p2a: Chesnaught|Chesnaught, F|73/100 brn
|move|p1a: Tyranitar|Stealth Rock|p2a: Chesnaught
|-sidestart|p2: Beelzebub235|move: Stealth Rock
|
|-weather|Sandstorm|[upkeep]
|-damage|p2a: Chesnaught|67/100 brn|[from] Sandstorm
|-end|p1a: Tyranitar|move: Future Sight
|-immune|p1a: Tyranitar
|-damage|p2a: Chesnaught|61/100 brn|[from] brn
|upkeep
|turn|7
|
|t:|1757794424
|switch|p1a: Pecharunt|Pecharunt|88/100
|-damage|p1a: Pecharunt|76/100|[from] Spikes
|move|p2a: Chesnaught|Body Press|p1a: Pecharunt
|-immune|p1a: Pecharunt
|
|-weather|Sandstorm|[upkeep]
|-damage|p1a: Pecharunt|70/100|[from] Sandstorm
|-damage|p2a: Chesnaught|55/100 brn|[from] Sandstorm
|-damage|p2a: Chesnaught|49/100 brn|[from] brn
|upkeep
|turn|8
|l| Evelye
|
|t:|1757794433
|switch|p2a: Slowking|Slowking-Galar, M|99/100
|-damage|p2a: Slowking|87/100|[from] Stealth Rock
|move|p1a: Pecharunt|Parting Shot|p2a: Slowking
|-unboost|p2a: Slowking|atk|1
|-unboost|p2a: Slowking|spa|1
|
|t:|1757794438
|switch|p1a: Tyranitar|Tyranitar, F|88/100|[from] Parting Shot
|-damage|p1a: Tyranitar|76/100|[from] Spikes
|
|-weather|Sandstorm|[upkeep]
|-damage|p2a: Slowking|81/100|[from] Sandstorm
|upkeep
|turn|9
|
|t:|1757794448
|switch|p2a: Mandibuzz|Mandibuzz, F|100/100
|move|p1a: Tyranitar|Knock Off|p2a: Mandibuzz
|-resisted|p2a: Mandibuzz
|-damage|p2a: Mandibuzz|89/100
|-enditem|p2a: Mandibuzz|Heavy-Duty Boots|[from] move: Knock Off|[of] p1a: Tyranitar
|
|-weather|Sandstorm|[upkeep]
|upkeep
|turn|10
|j|+Mada
|j| fthyjtyk
|l| fthyjtyk
|l|+Mada
|inactive|Beelzebub235 has 120 seconds left.
|j| toxichain
|j|@Stads
|
|t:|1757794497
|switch|p2a: Chesnaught|Chesnaught, F|49/100 brn
|-damage|p2a: Chesnaught|43/100 brn|[from] Stealth Rock
|move|p1a: Tyranitar|Thunder Wave||[still]
|-fail|p1a: Tyranitar
|
|-weather|Sandstorm|[upkeep]
|-damage|p2a: Chesnaught|37/100 brn|[from] Sandstorm
|-damage|p2a: Chesnaught|31/100 brn|[from] brn
|upkeep
|turn|11
|
|t:|1757794506
|switch|p1a: Pecharunt|Pecharunt|70/100
|-damage|p1a: Pecharunt|58/100|[from] Spikes
|move|p2a: Chesnaught|Synthesis|p2a: Chesnaught
|-heal|p2a: Chesnaught|56/100 brn
|
|-weather|Sandstorm|[upkeep]
|-damage|p1a: Pecharunt|52/100|[from] Sandstorm
|-damage|p2a: Chesnaught|50/100 brn|[from] Sandstorm
|-damage|p2a: Chesnaught|44/100 brn|[from] brn
|upkeep
|turn|12
|
|t:|1757794523
|switch|p2a: Mandibuzz|Mandibuzz, F|89/100
|-damage|p2a: Mandibuzz|64/100|[from] Stealth Rock
|move|p1a: Pecharunt|Parting Shot|p2a: Mandibuzz
|-unboost|p2a: Mandibuzz|atk|1
|-unboost|p2a: Mandibuzz|spa|1
|
|t:|1757794528
|switch|p1a: Rotom|Rotom-Wash|100/100|[from] Parting Shot
|
|-weather|none
|upkeep
|turn|13
|
|t:|1757794534
|move|p1a: Rotom|Volt Switch|p2a: Mandibuzz
|-supereffective|p2a: Mandibuzz
|-damage|p2a: Mandibuzz|24/100
|l| qxfn142
|
|t:|1757794538
|switch|p1a: Tyranitar|Tyranitar, F|76/100|[from] Volt Switch
|-damage|p1a: Tyranitar|63/100|[from] Spikes
|-weather|Sandstorm|[from] ability: Sand Stream|[of] p1a: Tyranitar
|move|p2a: Mandibuzz|Defog|p1a: Tyranitar
|-unboost|p1a: Tyranitar|evasion|1
|-sideend|p1: 54 insane rats|Spikes|[from] move: Defog|[of] p2a: Mandibuzz
|-sideend|p2: Beelzebub235|Stealth Rock|[from] move: Defog|[of] p2a: Mandibuzz
|
|-weather|Sandstorm|[upkeep]
|upkeep
|turn|14
|inactive|Beelzebub235 has 120 seconds left.
|
|t:|1757794560
|move|p2a: Mandibuzz|Roost|p2a: Mandibuzz
|-heal|p2a: Mandibuzz|74/100
|-singleturn|p2a: Mandibuzz|move: Roost
|move|p1a: Tyranitar|Stealth Rock|p2a: Mandibuzz
|-sidestart|p2: Beelzebub235|move: Stealth Rock
|
|-weather|Sandstorm|[upkeep]
|upkeep
|turn|15
|
|t:|1757794566
|switch|p2a: Chesnaught|Chesnaught, F|44/100 brn
|-damage|p2a: Chesnaught|38/100 brn|[from] Stealth Rock
|switch|p1a: Garchomp|Garchomp, M|100/100
|
|-weather|Sandstorm|[upkeep]
|-damage|p2a: Chesnaught|32/100 brn|[from] Sandstorm
|-damage|p2a: Chesnaught|26/100 brn|[from] brn
|upkeep
|turn|16
|inactive|Beelzebub235 has 120 seconds left.
|
|t:|1757794575
|move|p1a: Garchomp|Swords Dance|p1a: Garchomp
|-boost|p1a: Garchomp|atk|2
|move|p2a: Chesnaught|Knock Off|p1a: Garchomp
|-damage|p1a: Garchomp|88/100
|-damage|p2a: Chesnaught|13/100 brn|[from] ability: Rough Skin|[of] p1a: Garchomp
|-enditem|p1a: Garchomp|Loaded Dice|[from] move: Knock Off|[of] p2a: Chesnaught
|
|-weather|Sandstorm|[upkeep]
|-damage|p2a: Chesnaught|7/100 brn|[from] Sandstorm
|-damage|p2a: Chesnaught|1/100 brn|[from] brn
|upkeep
|turn|17
|l| rectilinears
|
|t:|1757794584
|move|p1a: Garchomp|Swords Dance|p1a: Garchomp
|-boost|p1a: Garchomp|atk|2
|move|p2a: Chesnaught|Body Press|p1a: Garchomp
|-damage|p1a: Garchomp|66/100
|-damage|p2a: Chesnaught|0 fnt|[from] ability: Rough Skin|[of] p1a: Garchomp
|faint|p2a: Chesnaught
|
|-weather|Sandstorm|[upkeep]
|upkeep
|l| toxichain
|inactive|Beelzebub235 has 120 seconds left.
|
|t:|1757794603
|switch|p2a: Mandibuzz|Mandibuzz, F|74/100
|-damage|p2a: Mandibuzz|50/100|[from] Stealth Rock
|turn|18
|
|t:|1757794606
|move|p1a: Garchomp|Scale Shot|p2a: Mandibuzz
|-damage|p2a: Mandibuzz|28/100
|-damage|p2a: Mandibuzz|7/100
|-damage|p2a: Mandibuzz|0 fnt
|faint|p2a: Mandibuzz
|-hitcount|p2: Mandibuzz|3
|-unboost|p1a: Garchomp|def|1
|-boost|p1a: Garchomp|spe|1
|
|-weather|Sandstorm|[upkeep]
|upkeep
|
|t:|1757794614
|switch|p2a: Zapdos|Zapdos|100/100
|turn|19
|
|t:|1757794617
|move|p1a: Garchomp|Scale Shot|p2a: Zapdos
|-damage|p2a: Zapdos|63/100
|-damage|p2a: Zapdos|21/100
|-damage|p2a: Zapdos|0 fnt
|faint|p2a: Zapdos
|-hitcount|p2: Zapdos|3
|-unboost|p1a: Garchomp|def|1
|-boost|p1a: Garchomp|spe|1
|
|-weather|Sandstorm|[upkeep]
|upkeep
|
|t:|1757794626
|switch|p2a: Slowking|Slowking-Galar, M|100/100
|-damage|p2a: Slowking|88/100|[from] Stealth Rock
|turn|20
|
|t:|1757794629
|move|p1a: Garchomp|Scale Shot|p2a: Slowking
|-damage|p2a: Slowking|46/100
|-damage|p2a: Slowking|8/100
|-damage|p2a: Slowking|0 fnt
|faint|p2a: Slowking
|-hitcount|p2: Slowking|3
|-unboost|p1a: Garchomp|def|1
|-boost|p1a: Garchomp|spe|1
|
|-weather|none
|upkeep
|
|t:|1757794631
|switch|p2a: Tyranitar|Tyranitar, M|100/100
|-damage|p2a: Tyranitar|88/100|[from] Stealth Rock
|-weather|Sandstorm|[from] ability: Sand Stream|[of] p2a: Tyranitar
|turn|21
|
|t:|1757794633
|move|p1a: Garchomp|Earthquake|p2a: Tyranitar
|-supereffective|p2a: Tyranitar
|-damage|p2a: Tyranitar|0 fnt
|faint|p2a: Tyranitar
|
|-weather|Sandstorm|[upkeep]
|upkeep
|
|t:|1757794634
|switch|p2a: Raging Bolt|Raging Bolt|100/100
|-damage|p2a: Raging Bolt|88/100|[from] Stealth Rock
|turn|22
|
|t:|1757794636
|move|p1a: Garchomp|Earthquake|p2a: Raging Bolt
|-supereffective|p2a: Raging Bolt
|-damage|p2a: Raging Bolt|0 fnt
|faint|p2a: Raging Bolt
|-end|p2a: Raging Bolt|Protosynthesis|[silent]
|
|win|54 insane rats
|n|☆54 insane rats|54insanerats
|n|☆Beelzebub235|beelzebub235
|n| Giragono|giragono
|n| Clodsireenjoyer999|clodsireenjoyer999
|n| Joeshh|joeshh
|n| paternozzo|paternozzo
|n|+Stads|stads
|l|☆Beelzebub235
|player|p2|
|l| Joeshh
|l|+Stads
