|j|☆breadstickckck
|j|☆S11xSummarized
|t:|1757940903
|gametype|singles
|player|p1|breadstickckck|101|1117
|player|p2|S11xSummarized|rosa|1130
|gen|9
|tier|[Gen 9] OU
|rated|
|rule|HP Percentage Mod: HP is shown in percentages
|rule|Endless Battle Clause: Forcing endless battles is banned
|rule|Species Clause: Limit one of each Pokémon
|rule|OHKO Clause: OHKO moves are banned
|rule|Evasion Items Clause: Evasion items are banned
|rule|Evasion Moves Clause: Evasion moves are banned
|rule|Evasion Abilities Clause: Evasion abilities are banned
|rule|Sleep Moves Clause: Sleep-inducing moves are banned
|clearpoke
|poke|p1|Darkrai|
|poke|p1|Ogerpon-Wellspring, F|
|poke|p1|Dragonite, M|
|poke|p1|Ting-Lu|
|poke|p1|Gholdengo|
|poke|p1|Great Tusk|
|poke|p2|Indeedee-F, F|
|poke|p2|Armarouge, M|
|poke|p2|Polteageist-Antique|
|poke|p2|Hatterene, F|
|poke|p2|Great Tusk|
|poke|p2|Serperior, M|
|teampreview
|inactive|Battle timer is ON: inactive players will automatically lose when time's up. (requested by breadstickckck)
|
|t:|1757940928
|teamsize|p1|6
|teamsize|p2|6
|start
|switch|p1a: Great Tusk|Great Tusk|100/100
|switch|p2a: Indeedee|Indeedee-F, F|100/100
|-fieldstart|move: Psychic Terrain|[from] ability: Psychic Surge|[of] p2a: Indeedee
|turn|1
|
|t:|1757940936
|switch|p2a: Hatterene|Hatterene, F|100/100
|move|p1a: Great Tusk|Stealth Rock|p2a: Hatterene
|move|p2a: Hatterene|Stealth Rock|p1a: Great Tusk|[from] ability: Magic Bounce
|-sidestart|p1: breadstickckck|move: Stealth Rock
|
|upkeep
|turn|2
|
|t:|1757940952
|move|p1a: Great Tusk|Rapid Spin|p2a: Hatterene
|-damage|p2a: Hatterene|87/100
|-boost|p1a: Great Tusk|spe|1
|-sideend|p1: breadstickckck|Stealth Rock|[from] move: Rapid Spin|[of] p1a: Great Tusk
|move|p2a: Hatterene|Psyshock|p1a: Great Tusk
|-supereffective|p1a: Great Tusk
|-damage|p1a: Great Tusk|31/100
|
|-heal|p2a: Hatterene|93/100|[from] item: Leftovers
|upkeep
|turn|3
|
|t:|1757940963
|-end|p1a: Great Tusk|Protosynthesis|[silent]
|switch|p1a: Ting-Lu|Ting-Lu|100/100
|-ability|p1a: Ting-Lu|Vessel of Ruin
|move|p2a: Hatterene|Psyshock|p1a: Ting-Lu
|-immune|p1a: Ting-Lu
|
|-heal|p2a: Hatterene|99/100|[from] item: Leftovers
|upkeep
|turn|4
|
|t:|1757940976
|move|p1a: Ting-Lu|Ruination|p2a: Hatterene
|-damage|p2a: Hatterene|50/100
|move|p2a: Hatterene|Draining Kiss|p1a: Ting-Lu
|-supereffective|p1a: Ting-Lu
|-damage|p1a: Ting-Lu|81/100
|-heal|p2a: Hatterene|73/100|[from] drain|[of] p1a: Ting-Lu
|
|-heal|p1a: Ting-Lu|88/100|[from] item: Leftovers
|-heal|p2a: Hatterene|79/100|[from] item: Leftovers
|upkeep
|turn|5
|
|t:|1757940991
|move|p1a: Ting-Lu|Earthquake|p2a: Hatterene
|-damage|p2a: Hatterene|50/100
|move|p2a: Hatterene|Draining Kiss|p1a: Ting-Lu
|-supereffective|p1a: Ting-Lu
|-damage|p1a: Ting-Lu|67/100
|-heal|p2a: Hatterene|75/100|[from] drain|[of] p1a: Ting-Lu
|
|-heal|p1a: Ting-Lu|73/100|[from] item: Leftovers
|-heal|p2a: Hatterene|81/100|[from] item: Leftovers
|upkeep
|turn|6
|
|t:|1757941015
|switch|p1a: Gholdengo|Gholdengo|100/100
|-item|p1a: Gholdengo|Air Balloon
|switch|p2a: Armarouge|Armarouge, M|100/100
|
|upkeep
|turn|7
|
|t:|1757941028
|move|p1a: Gholdengo|Shadow Ball|p2a: Armarouge
|-supereffective|p2a: Armarouge
|-damage|p2a: Armarouge|18/100
|-unboost|p2a: Armarouge|spd|1
|move|p2a: Armarouge|Expanding Force|p1a: Gholdengo
|-resisted|p1a: Gholdengo
|-damage|p1a: Gholdengo|58/100
|-enditem|p1a: Gholdengo|Air Balloon
|
|upkeep
|turn|8
|inactive|S11xSummarized has 120 seconds left.
|
|t:|1757941058
|move|p1a: Gholdengo|Shadow Ball|p2a: Armarouge
|-supereffective|p2a: Armarouge
|-damage|p2a: Armarouge|0 fnt
|faint|p2a: Armarouge
|
|-fieldend|move: Psychic Terrain
|upkeep
|
|t:|1757941062
|switch|p2a: Indeedee|Indeedee-F, F|100/100
|-fieldstart|move: Psychic Terrain|[from] ability: Psychic Surge|[of] p2a: Indeedee
|turn|9
|inactive|S11xSummarized has 120 seconds left.
|
|t:|1757941072
|switch|p2a: Great Tusk|Great Tusk|100/100
|move|p1a: Gholdengo|Nasty Plot|p1a: Gholdengo
|-boost|p1a: Gholdengo|spa|2
|
|upkeep
|turn|10
|
|t:|1757941081
|move|p2a: Great Tusk|Headlong Rush|p1a: Gholdengo
|-supereffective|p1a: Gholdengo
|-damage|p1a: Gholdengo|0 fnt
|-unboost|p2a: Great Tusk|def|1
|-unboost|p2a: Great Tusk|spd|1
|faint|p1a: Gholdengo
|
|upkeep
|
|t:|1757941094
|switch|p1a: Great Tusk|Great Tusk|31/100
|turn|11
|
|t:|1757941103
|move|p2a: Great Tusk|Close Combat|p1a: Great Tusk
|-damage|p1a: Great Tusk|0 fnt
|-unboost|p2a: Great Tusk|def|1
|-unboost|p2a: Great Tusk|spd|1
|faint|p1a: Great Tusk
|-end|p1a: Great Tusk|Protosynthesis|[silent]
|
|upkeep
|-message|breadstickckck forfeited.
|
|win|S11xSummarized
|raw|breadstickckck's rating: 1117 &rarr; <strong>1093</strong><br />(-24 for losing)
|raw|S11xSummarized's rating: 1130 &rarr; <strong>1154</strong><br />(+24 for winning)
|l|☆breadstickckck
|player|p1|
|l|☆S11xSummarized
|player|p2|
