|j|☆miscellandorus
|j|☆mcdab
|t:|1757913007
|gametype|singles
|player|p1|miscellandorus|265|1365
|player|p2|mcdab|101|1424
|gen|9
|tier|[Gen 9] OU
|rated|
|rule|HP Percentage Mod: HP is shown in percentages
|rule|Endless Battle Clause: Forcing endless battles is banned
|rule|Species Clause: Limit one of each Pokémon
|rule|OHKO Clause: OHKO moves are banned
|rule|Evasion Items Clause: Evasion items are banned
|rule|Evasion Moves Clause: Evasion moves are banned
|rule|Evasion Abilities Clause: Evasion abilities are banned
|rule|Sleep Moves Clause: Sleep-inducing moves are banned
|clearpoke
|poke|p1|Orthworm, M|
|poke|p1|Sinistcha|
|poke|p1|Alomomola, F|
|poke|p1|Tinkaton, F|
|poke|p1|Cyclizar, M|
|poke|p1|Gliscor, F|
|poke|p2|Heatran, M|
|poke|p2|Zamazenta-*|
|poke|p2|Serperior, M|
|poke|p2|Landorus-Therian, M|
|poke|p2|Mamoswine, M|
|poke|p2|Greninja-*, M|
|teampreview
|
|t:|1757913029
|teamsize|p1|6
|teamsize|p2|6
|start
|switch|p1a: Tinkaton|Tinkaton, F|100/100
|switch|p2a: Mamoswine|Mamoswine, M|100/100
|-ability|p1a: Tinkaton|Mold Breaker
|turn|1
|
|t:|1757913041
|switch|p1a: Orthworm|Orthworm, M|100/100
|move|p2a: Mamoswine|Earthquake|p1a: Orthworm
|-immune|p1a: Orthworm|[from] ability: Earth Eater
|
|upkeep
|turn|2
|
|t:|1757913075
|switch|p2a: Zamazenta|Zamazenta|100/100
|-ability|p2a: Zamazenta|Dauntless Shield|boost
|-boost|p2a: Zamazenta|def|1
|move|p1a: Orthworm|Body Press|p2a: Zamazenta
|-damage|p2a: Zamazenta|88/100
|-damage|p1a: Orthworm|84/100|[from] item: Rocky Helmet|[of] p2a: Zamazenta
|
|upkeep
|turn|3
|
|t:|1757913101
|switch|p2a: Heatran|Heatran, M|100/100
|switch|p1a: Sinistcha|Sinistcha|100/100
|
|upkeep
|turn|4
|
|t:|1757913106
|switch|p1a: Alomomola|Alomomola, F|100/100
|move|p2a: Heatran|Fire Blast|p1a: Alomomola
|-resisted|p1a: Alomomola
|-damage|p1a: Alomomola|60/100
|
|upkeep
|turn|5
|
|t:|1757913110
|move|p2a: Heatran|Fire Blast|p1a: Alomomola
|-resisted|p1a: Alomomola
|-damage|p1a: Alomomola|24/100
|move|p1a: Alomomola|Flip Turn|p2a: Heatran
|-supereffective|p2a: Heatran
|-damage|p2a: Heatran|69/100
|
|t:|1757913117
|switch|p1a: Gliscor|Gliscor, F|100/100|[from] Flip Turn
|
|-status|p1a: Gliscor|tox|[from] item: Toxic Orb
|upkeep
|turn|6
|
|t:|1757913132
|switch|p2a: Greninja|Greninja, M|100/100
|move|p1a: Gliscor|Substitute|p1a: Gliscor
|-start|p1a: Gliscor|Substitute
|-damage|p1a: Gliscor|75/100 tox
|
|-heal|p1a: Gliscor|88/100 tox|[from] ability: Poison Heal
|upkeep
|turn|7
|
|t:|1757913148
|switch|p1a: Alomomola|Alomomola, F|58/100
|move|p2a: Greninja|Ice Beam|p1a: Alomomola
|-start|p2a: Greninja|typechange|Ice|[from] ability: Protean
|-resisted|p1a: Alomomola
|-damage|p1a: Alomomola|31/100
|
|upkeep
|turn|8
|
|t:|1757913156
|switch|p1a: Tinkaton|Tinkaton, F|100/100
|-ability|p1a: Tinkaton|Mold Breaker
|move|p2a: Greninja|Ice Beam|p1a: Tinkaton
|-resisted|p1a: Tinkaton
|-damage|p1a: Tinkaton|75/100
|
|upkeep
|turn|9
|
|t:|1757913163
|switch|p2a: Landorus|Landorus-Therian, M|100/100
|-ability|p2a: Landorus|Intimidate|boost
|-unboost|p1a: Tinkaton|atk|1
|move|p1a: Tinkaton|Gigaton Hammer|p2a: Landorus
|-damage|p2a: Landorus|65/100
|
|upkeep
|turn|10
|
|t:|1757913168
|switch|p1a: Gliscor|Gliscor, F|88/100 tox
|move|p2a: Landorus|Earthquake|p1a: Gliscor
|-immune|p1a: Gliscor
|
|-heal|p1a: Gliscor|100/100 tox|[from] ability: Poison Heal
|upkeep
|turn|11
|
|t:|1757913178
|switch|p2a: Greninja|Greninja, M|100/100
|move|p1a: Gliscor|Toxic|p2a: Greninja|[miss]
|-miss|p1a: Gliscor|p2a: Greninja
|
|upkeep
|turn|12
|
|t:|1757913184
|move|p1a: Gliscor|Protect|p1a: Gliscor
|-singleturn|p1a: Gliscor|Protect
|move|p2a: Greninja|U-turn|p1a: Gliscor
|-start|p2a: Greninja|typechange|Bug|[from] ability: Protean
|-activate|p1a: Gliscor|move: Protect
|
|upkeep
|turn|13
|
|t:|1757913191
|switch|p1a: Orthworm|Orthworm, M|84/100
|move|p2a: Greninja|U-turn|p1a: Orthworm
|-resisted|p1a: Orthworm
|-damage|p1a: Orthworm|77/100
|-damage|p2a: Greninja|84/100|[from] item: Rocky Helmet|[of] p1a: Orthworm
|
|t:|1757913196
|switch|p2a: Heatran|Heatran, M|69/100|[from] U-turn
|
|upkeep
|turn|14
|
|t:|1757913204
|switch|p1a: Alomomola|Alomomola, F|65/100
|move|p2a: Heatran|Fire Blast|p1a: Alomomola|[miss]
|-miss|p2a: Heatran|p1a: Alomomola
|
|upkeep
|turn|15
|
|t:|1757913207
|move|p2a: Heatran|Fire Blast|p1a: Alomomola
|-resisted|p1a: Alomomola
|-damage|p1a: Alomomola|29/100
|-status|p1a: Alomomola|brn
|move|p1a: Alomomola|Flip Turn|p2a: Heatran
|-supereffective|p2a: Heatran
|-damage|p2a: Heatran|53/100
|
|t:|1757913215
|switch|p1a: Gliscor|Gliscor, F|100/100 tox|[from] Flip Turn
|
|upkeep
|turn|16
|
|t:|1757913228
|switch|p2a: Mamoswine|Mamoswine, M|100/100
|move|p1a: Gliscor|Substitute|p1a: Gliscor
|-start|p1a: Gliscor|Substitute
|-damage|p1a: Gliscor|75/100 tox
|
|-heal|p1a: Gliscor|88/100 tox|[from] ability: Poison Heal
|upkeep
|turn|17
|
|t:|1757913245
|move|p1a: Gliscor|Toxic|p2a: Mamoswine
|-status|p2a: Mamoswine|tox
|move|p2a: Mamoswine|Stealth Rock|p1a: Gliscor
|-sidestart|p1: miscellandorus|move: Stealth Rock
|
|-heal|p1a: Gliscor|100/100 tox|[from] ability: Poison Heal
|-damage|p2a: Mamoswine|94/100 tox|[from] psn
|upkeep
|turn|18
|
|t:|1757913249
|move|p1a: Gliscor|Protect|p1a: Gliscor
|-singleturn|p1a: Gliscor|Protect
|move|p2a: Mamoswine|Ice Shard|p1a: Gliscor
|-activate|p1a: Gliscor|move: Protect
|
|-damage|p2a: Mamoswine|82/100 tox|[from] psn
|upkeep
|turn|19
|
|t:|1757913255
|move|p2a: Mamoswine|Ice Shard|p1a: Gliscor
|-supereffective|p1a: Gliscor
|-end|p1a: Gliscor|Substitute
|move|p1a: Gliscor|Substitute|p1a: Gliscor
|-start|p1a: Gliscor|Substitute
|-damage|p1a: Gliscor|75/100 tox
|
|-heal|p1a: Gliscor|88/100 tox|[from] ability: Poison Heal
|-damage|p2a: Mamoswine|64/100 tox|[from] psn
|upkeep
|turn|20
|
|t:|1757913259
|move|p1a: Gliscor|Protect|p1a: Gliscor
|-singleturn|p1a: Gliscor|Protect
|move|p2a: Mamoswine|Ice Shard|p1a: Gliscor
|-activate|p1a: Gliscor|move: Protect
|
|-heal|p1a: Gliscor|100/100 tox|[from] ability: Poison Heal
|-damage|p2a: Mamoswine|40/100 tox|[from] psn
|upkeep
|turn|21
|
|t:|1757913262
|move|p2a: Mamoswine|Ice Shard|p1a: Gliscor
|-supereffective|p1a: Gliscor
|-end|p1a: Gliscor|Substitute
|move|p1a: Gliscor|Substitute|p1a: Gliscor
|-start|p1a: Gliscor|Substitute
|-damage|p1a: Gliscor|75/100 tox
|
|-heal|p1a: Gliscor|88/100 tox|[from] ability: Poison Heal
|-damage|p2a: Mamoswine|9/100 tox|[from] psn
|upkeep
|turn|22
|
|t:|1757913270
|switch|p2a: Heatran|Heatran, M|53/100
|move|p1a: Gliscor|Protect||[still]
|-fail|p1a: Gliscor
|
|-heal|p1a: Gliscor|100/100 tox|[from] ability: Poison Heal
|upkeep
|turn|23
|
|t:|1757913275
|-terastallize|p2a: Heatran|Flying
|move|p1a: Gliscor|Earthquake|p2a: Heatran
|-immune|p2a: Heatran
|move|p2a: Heatran|Flash Cannon|p1a: Gliscor
|-end|p1a: Gliscor|Substitute
|
|upkeep
|turn|24
|
|t:|1757913282
|switch|p2a: Mamoswine|Mamoswine, M|9/100 tox
|move|p1a: Gliscor|Protect||[still]
|-fail|p1a: Gliscor
|
|-damage|p2a: Mamoswine|3/100 tox|[from] psn
|upkeep
|turn|25
|
|t:|1757913287
|move|p1a: Gliscor|Protect|p1a: Gliscor
|-singleturn|p1a: Gliscor|Protect
|move|p2a: Mamoswine|Icicle Crash|p1a: Gliscor
|-activate|p1a: Gliscor|move: Protect
|
|-damage|p2a: Mamoswine|0 fnt|[from] psn
|faint|p2a: Mamoswine
|upkeep
|
|t:|1757913298
|switch|p2a: Greninja|Greninja, M|84/100
|turn|26
|
|t:|1757913304
|switch|p1a: Alomomola|Alomomola, F|62/100 brn
|move|p2a: Greninja|Hydro Pump|p1a: Alomomola
|-start|p2a: Greninja|typechange|Water|[from] ability: Protean
|-resisted|p1a: Alomomola
|-damage|p1a: Alomomola|30/100 brn
|
|-damage|p1a: Alomomola|24/100 brn|[from] brn
|upkeep
|turn|27
|
|t:|1757913314
|switch|p1a: Cyclizar|Cyclizar, M|100/100
|move|p2a: Greninja|Hydro Pump|p1a: Cyclizar
|-resisted|p1a: Cyclizar
|-damage|p1a: Cyclizar|43/100
|
|upkeep
|turn|28
|
|t:|1757913320
|switch|p1a: Alomomola|Alomomola, F|57/100 brn
|move|p2a: Greninja|Hydro Pump|p1a: Alomomola
|-resisted|p1a: Alomomola
|-damage|p1a: Alomomola|29/100 brn
|
|-damage|p1a: Alomomola|23/100 brn|[from] brn
|upkeep
|turn|29
|
|t:|1757913324
|switch|p1a: Cyclizar|Cyclizar, M|76/100
|move|p2a: Greninja|Hydro Pump|p1a: Cyclizar|[miss]
|-miss|p2a: Greninja|p1a: Cyclizar
|
|upkeep
|turn|30
|
|t:|1757913333
|switch|p2a: Heatran|Heatran, M, tera:Flying|53/100
|move|p1a: Cyclizar|U-turn|p2a: Heatran
|-resisted|p2a: Heatran
|-damage|p2a: Heatran|46/100
|
|t:|1757913336
|switch|p1a: Alomomola|Alomomola, F|56/100 brn|[from] U-turn
|
|-damage|p1a: Alomomola|50/100 brn|[from] brn
|upkeep
|turn|31
|
|t:|1757913342
|move|p1a: Alomomola|Protect|p1a: Alomomola
|-singleturn|p1a: Alomomola|Protect
|move|p2a: Heatran|Fire Blast|p1a: Alomomola
|-activate|p1a: Alomomola|move: Protect
|
|-damage|p1a: Alomomola|44/100 brn|[from] brn
|upkeep
|turn|32
|
|t:|1757913353
|move|p2a: Heatran|Fire Blast|p1a: Alomomola
|-resisted|p1a: Alomomola
|-damage|p1a: Alomomola|2/100 brn
|move|p1a: Alomomola|Wish|p1a: Alomomola
|
|-damage|p1a: Alomomola|0 fnt|[from] brn
|faint|p1a: Alomomola
|upkeep
|
|t:|1757913359
|switch|p1a: Gliscor|Gliscor, F|100/100 tox
|-damage|p1a: Gliscor|88/100 tox|[from] Stealth Rock
|turn|33
|
|t:|1757913367
|switch|p2a: Greninja|Greninja, M|84/100
|move|p1a: Gliscor|Toxic|p2a: Greninja|[miss]
|-miss|p1a: Gliscor|p2a: Greninja
|
|-heal|p1a: Gliscor|100/100 tox|[from] move: Wish|[wisher] Alomomola
|upkeep
|turn|34
|
|t:|1757913392
|switch|p1a: Tinkaton|Tinkaton, F|75/100
|-ability|p1a: Tinkaton|Mold Breaker
|move|p2a: Greninja|Ice Beam|p1a: Tinkaton
|-start|p2a: Greninja|typechange|Ice|[from] ability: Protean
|-resisted|p1a: Tinkaton
|-damage|p1a: Tinkaton|52/100
|
|upkeep
|turn|35
|
|t:|1757913407
|switch|p2a: Zamazenta|Zamazenta|88/100
|move|p1a: Tinkaton|Stealth Rock|p2a: Zamazenta
|-sidestart|p2: mcdab|move: Stealth Rock
|
|upkeep
|turn|36
|
|t:|1757913415
|switch|p1a: Sinistcha|Sinistcha|100/100
|move|p2a: Zamazenta|Body Press|p1a: Sinistcha
|-immune|p1a: Sinistcha
|
|upkeep
|turn|37
|
|t:|1757913420
|switch|p2a: Heatran|Heatran, M, tera:Flying|46/100
|-damage|p2a: Heatran|21/100|[from] Stealth Rock
|move|p1a: Sinistcha|Calm Mind|p1a: Sinistcha
|-boost|p1a: Sinistcha|spa|1
|-boost|p1a: Sinistcha|spd|1
|
|upkeep
|turn|38
|
|t:|1757913433
|-terastallize|p1a: Sinistcha|Poison
|move|p2a: Heatran|Fire Blast|p1a: Sinistcha|[miss]
|-miss|p2a: Heatran|p1a: Sinistcha
|move|p1a: Sinistcha|Calm Mind|p1a: Sinistcha
|-boost|p1a: Sinistcha|spa|1
|-boost|p1a: Sinistcha|spd|1
|
|upkeep
|turn|39
|
|t:|1757913438
|move|p2a: Heatran|Fire Blast|p1a: Sinistcha
|-damage|p1a: Sinistcha|68/100
|move|p1a: Sinistcha|Shadow Ball|p2a: Heatran
|-damage|p2a: Heatran|0 fnt
|faint|p2a: Heatran
|
|upkeep
|
|t:|1757913443
|switch|p2a: Landorus|Landorus-Therian, M|65/100
|-damage|p2a: Landorus|53/100|[from] Stealth Rock
|-ability|p2a: Landorus|Intimidate|boost
|-unboost|p1a: Sinistcha|atk|1
|turn|40
|
|t:|1757913446
|move|p2a: Landorus|Earthquake|p1a: Sinistcha
|-supereffective|p1a: Sinistcha
|-damage|p1a: Sinistcha|0 fnt
|faint|p1a: Sinistcha
|
|upkeep
|
|t:|1757913449
|switch|p1a: Gliscor|Gliscor, F|100/100 tox
|-damage|p1a: Gliscor|88/100 tox|[from] Stealth Rock
|turn|41
|
|t:|1757913458
|switch|p2a: Greninja|Greninja, M|84/100
|-damage|p2a: Greninja|72/100|[from] Stealth Rock
|move|p1a: Gliscor|Toxic|p2a: Greninja|[miss]
|-miss|p1a: Gliscor|p2a: Greninja
|
|-heal|p1a: Gliscor|100/100 tox|[from] ability: Poison Heal
|upkeep
|turn|42
|c|☆miscellandorus|he's immune to toxic xd
|
|t:|1757913488
|move|p1a: Gliscor|Protect|p1a: Gliscor
|-singleturn|p1a: Gliscor|Protect
|move|p2a: Greninja|Hydro Pump|p1a: Gliscor
|-start|p2a: Greninja|typechange|Water|[from] ability: Protean
|-activate|p1a: Gliscor|move: Protect
|
|upkeep
|turn|43
|
|t:|1757913497
|switch|p1a: Cyclizar|Cyclizar, M|100/100
|move|p2a: Greninja|Hydro Pump|p1a: Cyclizar|[miss]
|-miss|p2a: Greninja|p1a: Cyclizar
|
|upkeep
|turn|44
|
|t:|1757913505
|switch|p2a: Zamazenta|Zamazenta|88/100
|-damage|p2a: Zamazenta|82/100|[from] Stealth Rock
|move|p1a: Cyclizar|Rapid Spin|p2a: Zamazenta
|-damage|p2a: Zamazenta|73/100
|-boost|p1a: Cyclizar|spe|1
|-damage|p1a: Cyclizar|84/100|[from] item: Rocky Helmet|[of] p2a: Zamazenta
|-sideend|p1: miscellandorus|Stealth Rock|[from] move: Rapid Spin|[of] p1a: Cyclizar
|
|upkeep
|turn|45
|
|t:|1757913512
|switch|p1a: Gliscor|Gliscor, F|100/100 tox
|move|p2a: Zamazenta|Body Press|p1a: Gliscor
|-resisted|p1a: Gliscor
|-damage|p1a: Gliscor|85/100 tox
|
|-heal|p1a: Gliscor|98/100 tox|[from] ability: Poison Heal
|upkeep
|turn|46
|
|t:|1757913516
|switch|p2a: Greninja|Greninja, M|72/100
|-damage|p2a: Greninja|59/100|[from] Stealth Rock
|move|p1a: Gliscor|Toxic|p2a: Greninja|[miss]
|-miss|p1a: Gliscor|p2a: Greninja
|
|-heal|p1a: Gliscor|100/100 tox|[from] ability: Poison Heal
|upkeep
|turn|47
|c|☆mcdab|lol wtf
|c|☆miscellandorus|im dying
|
|t:|1757913546
|move|p1a: Gliscor|Protect|p1a: Gliscor
|-singleturn|p1a: Gliscor|Protect
|move|p2a: Greninja|Ice Beam|p1a: Gliscor
|-start|p2a: Greninja|typechange|Ice|[from] ability: Protean
|-activate|p1a: Gliscor|move: Protect
|
|upkeep
|turn|48
|
|t:|1757913565
|move|p2a: Greninja|Ice Beam|p1a: Gliscor
|-supereffective|p1a: Gliscor
|-damage|p1a: Gliscor|0 fnt
|faint|p1a: Gliscor
|
|upkeep
|-message|miscellandorus forfeited.
|
|win|mcdab
|raw|miscellandorus's rating: 1365 &rarr; <strong>1348</strong><br />(-17 for losing)
|raw|mcdab's rating: 1424 &rarr; <strong>1441</strong><br />(+17 for winning)
|l|☆miscellandorus
|player|p1|
|l|☆mcdab
|player|p2|
