|j|☆regitron 21
|j|☆Pyrax69
|t:|1757912657
|gametype|singles
|player|p1|regitron 21|shauntal|1338
|player|p2|Pyrax69|cynthia-gen4|1346
|gen|9
|tier|[Gen 9] OU
|rated|
|rule|HP Percentage Mod: HP is shown in percentages
|rule|Endless Battle Clause: Forcing endless battles is banned
|rule|Species Clause: Limit one of each Pokémon
|rule|OHKO Clause: OHKO moves are banned
|rule|Evasion Items Clause: Evasion items are banned
|rule|Evasion Moves Clause: Evasion moves are banned
|rule|Evasion Abilities Clause: Evasion abilities are banned
|rule|Sleep Moves Clause: Sleep-inducing moves are banned
|clearpoke
|poke|p1|Iron Crown|
|poke|p1|Primarina, F|
|poke|p1|Glimmora, M|
|poke|p1|Kingambit, M|
|poke|p1|Great Tusk|
|poke|p1|Dragapult, F|
|poke|p2|Iron Valiant|
|poke|p2|Iron Boulder|
|poke|p2|Great Tusk|
|poke|p2|Raging Bolt|
|poke|p2|Volcanion|
|poke|p2|Weavile, F|
|teampreview
|c|☆regitron 21|hey good luck bro
|inactive|Battle timer is ON: inactive players will automatically lose when time's up. (requested by Pyrax69)
|c|☆regitron 21|nice team
|
|t:|1757912668
|teamsize|p1|6
|teamsize|p2|6
|start
|switch|p1a: Lexa|Dragapult, F|100/100
|switch|p2a: Great Tusk|Great Tusk|100/100
|turn|1
|
|t:|1757912675
|move|p1a: Lexa|Surf|p2a: Great Tusk
|-supereffective|p2a: Great Tusk
|-damage|p2a: Great Tusk|5/100
|-damage|p1a: Lexa|91/100|[from] item: Life Orb
|move|p2a: Great Tusk|Stealth Rock|p1a: Lexa
|-sidestart|p1: regitron 21|move: Stealth Rock
|
|upkeep
|turn|2
|
|t:|1757912683
|move|p1a: Lexa|Shadow Ball|p2a: Great Tusk
|-damage|p2a: Great Tusk|0 fnt
|faint|p2a: Great Tusk
|-end|p2a: Great Tusk|Protosynthesis|[silent]
|-damage|p1a: Lexa|81/100|[from] item: Life Orb
|
|upkeep
|
|t:|1757912690
|switch|p2a: Iron Valiant|Iron Valiant|100/100
|-enditem|p2a: Iron Valiant|Booster Energy
|-activate|p2a: Iron Valiant|ability: Quark Drive|[fromitem]
|-start|p2a: Iron Valiant|quarkdrivespe
|turn|3
|
|t:|1757912697
|switch|p1a: Estawebada|Glimmora, M|100/100
|-damage|p1a: Estawebada|88/100|[from] Stealth Rock
|move|p2a: Iron Valiant|Swords Dance|p2a: Iron Valiant
|-boost|p2a: Iron Valiant|atk|2
|
|upkeep
|turn|4
|
|t:|1757912707
|move|p2a: Iron Valiant|Close Combat|p1a: Estawebada
|-damage|p1a: Estawebada|0 fnt
|-unboost|p2a: Iron Valiant|def|1
|-unboost|p2a: Iron Valiant|spd|1
|-activate|p1a: Estawebada|ability: Toxic Debris
|-sidestart|p2: Pyrax69|move: Toxic Spikes
|faint|p1a: Estawebada
|
|upkeep
|
|t:|1757912711
|switch|p1a: Humongosaurio|Great Tusk|100/100
|turn|5
|
|t:|1757912718
|-terastallize|p1a: Humongosaurio|Fire
|move|p2a: Iron Valiant|Moonblast|p1a: Humongosaurio
|-resisted|p1a: Humongosaurio
|-damage|p1a: Humongosaurio|70/100
|move|p1a: Humongosaurio|Rapid Spin|p2a: Iron Valiant
|-damage|p2a: Iron Valiant|66/100
|-boost|p1a: Humongosaurio|spe|1
|-sideend|p1: regitron 21|Stealth Rock|[from] move: Rapid Spin|[of] p1a: Humongosaurio
|
|upkeep
|turn|6
|
|t:|1757912728
|move|p2a: Iron Valiant|Close Combat|p1a: Humongosaurio
|-damage|p1a: Humongosaurio|0 fnt
|-unboost|p2a: Iron Valiant|def|1
|-unboost|p2a: Iron Valiant|spd|1
|faint|p1a: Humongosaurio
|-end|p1a: Humongosaurio|Protosynthesis|[silent]
|
|upkeep
|
|t:|1757912733
|switch|p1a: Teslax|Iron Crown|100/100
|-enditem|p1a: Teslax|Booster Energy
|-activate|p1a: Teslax|ability: Quark Drive|[fromitem]
|-start|p1a: Teslax|quarkdrivespe
|turn|7
|
|t:|1757912752
|move|p2a: Iron Valiant|Close Combat|p1a: Teslax
|-damage|p1a: Teslax|0 fnt
|-unboost|p2a: Iron Valiant|def|1
|-unboost|p2a: Iron Valiant|spd|1
|faint|p1a: Teslax
|-end|p1a: Teslax|Quark Drive|[silent]
|
|upkeep
|
|t:|1757912756
|switch|p1a: Dona|Primarina, F|100/100
|turn|8
|
|t:|1757912761
|move|p2a: Iron Valiant|Knock Off|p1a: Dona
|-resisted|p1a: Dona
|-damage|p1a: Dona|72/100
|-enditem|p1a: Dona|Leftovers|[from] move: Knock Off|[of] p2a: Iron Valiant
|move|p1a: Dona|Substitute|p1a: Dona
|-start|p1a: Dona|Substitute
|-damage|p1a: Dona|47/100
|
|upkeep
|turn|9
|
|t:|1757912771
|move|p2a: Iron Valiant|Moonblast|p1a: Dona
|-end|p1a: Dona|Substitute
|move|p1a: Dona|Draining Kiss|p2a: Iron Valiant
|-supereffective|p2a: Iron Valiant
|-damage|p2a: Iron Valiant|0 fnt
|-heal|p1a: Dona|86/100|[from] drain|[of] p2a: Iron Valiant
|faint|p2a: Iron Valiant
|-end|p2a: Iron Valiant|Quark Drive|[silent]
|
|upkeep
|
|t:|1757912782
|switch|p2a: Raging Bolt|Raging Bolt|100/100
|-status|p2a: Raging Bolt|psn
|-enditem|p2a: Raging Bolt|Booster Energy
|-activate|p2a: Raging Bolt|ability: Protosynthesis|[fromitem]
|-start|p2a: Raging Bolt|protosynthesisspa
|turn|10
|
|t:|1757912789
|switch|p1a: Lexa|Dragapult, F|81/100
|move|p2a: Raging Bolt|Thunderbolt|p1a: Lexa
|-resisted|p1a: Lexa
|-damage|p1a: Lexa|30/100
|
|-damage|p2a: Raging Bolt|88/100 psn|[from] psn
|upkeep
|turn|11
|
|t:|1757912797
|move|p1a: Lexa|Draco Meteor|p2a: Raging Bolt
|-supereffective|p2a: Raging Bolt
|-damage|p2a: Raging Bolt|0 fnt
|-unboost|p1a: Lexa|spa|2
|faint|p2a: Raging Bolt
|-end|p2a: Raging Bolt|Protosynthesis|[silent]
|-damage|p1a: Lexa|21/100|[from] item: Life Orb
|
|upkeep
|
|t:|1757912806
|switch|p2a: Weavile|Weavile, F|100/100
|-ability|p2a: Weavile|Pressure
|turn|12
|
|t:|1757912811
|move|p2a: Weavile|Ice Shard|p1a: Lexa
|-supereffective|p1a: Lexa
|-damage|p1a: Lexa|0 fnt
|faint|p1a: Lexa
|
|upkeep
|
|t:|1757912814
|switch|p1a: Dona|Primarina, F|86/100
|turn|13
|
|t:|1757912835
|switch|p2a: Volcanion|Volcanion|100/100
|-status|p2a: Volcanion|psn
|move|p1a: Dona|Substitute|p1a: Dona
|-start|p1a: Dona|Substitute
|-damage|p1a: Dona|61/100
|
|-damage|p2a: Volcanion|88/100 psn|[from] psn
|upkeep
|turn|14
|
|t:|1757912845
|-terastallize|p2a: Volcanion|Ground
|move|p2a: Volcanion|Earth Power|p1a: Dona
|-end|p1a: Dona|Substitute
|move|p1a: Dona|Calm Mind|p1a: Dona
|-boost|p1a: Dona|spa|1
|-boost|p1a: Dona|spd|1
|
|-damage|p2a: Volcanion|76/100 psn|[from] psn
|upkeep
|turn|15
|
|t:|1757912855
|move|p2a: Volcanion|Earth Power|p1a: Dona
|-damage|p1a: Dona|22/100
|move|p1a: Dona|Draining Kiss|p2a: Volcanion
|-damage|p2a: Volcanion|40/100 psn
|-heal|p1a: Dona|44/100|[from] drain|[of] p2a: Volcanion
|
|-damage|p2a: Volcanion|28/100 psn|[from] psn
|upkeep
|turn|16
|
|t:|1757912865
|move|p2a: Volcanion|Earth Power|p1a: Dona
|-damage|p1a: Dona|5/100
|move|p1a: Dona|Draining Kiss|p2a: Volcanion
|-damage|p2a: Volcanion|0 fnt
|-heal|p1a: Dona|22/100|[from] drain|[of] p2a: Volcanion
|faint|p2a: Volcanion
|
|upkeep
|
|t:|1757912873
|switch|p2a: Iron Boulder|Iron Boulder|100/100
|-status|p2a: Iron Boulder|psn
|-enditem|p2a: Iron Boulder|Booster Energy
|-activate|p2a: Iron Boulder|ability: Quark Drive|[fromitem]
|-start|p2a: Iron Boulder|quarkdrivespe
|turn|17
|
|t:|1757912880
|move|p2a: Iron Boulder|Mighty Cleave|p1a: Dona
|-crit|p1a: Dona
|-damage|p1a: Dona|0 fnt
|faint|p1a: Dona
|
|-damage|p2a: Iron Boulder|88/100 psn|[from] psn
|upkeep
|
|t:|1757912882
|switch|p1a: The guy|Kingambit, M|100/100
|-activate|p1a: The guy|ability: Supreme Overlord
|-start|p1a: The guy|fallen5|[silent]
|-item|p1a: The guy|Air Balloon
|turn|18
|
|t:|1757912891
|move|p2a: Iron Boulder|Close Combat|p1a: The guy
|-supereffective|p1a: The guy
|-damage|p1a: The guy|0 fnt
|-unboost|p2a: Iron Boulder|def|1
|-unboost|p2a: Iron Boulder|spd|1
|-enditem|p1a: The guy|Air Balloon
|faint|p1a: The guy
|-end|p1a: The guy|fallen5|[silent]
|
|win|Pyrax69
|raw|regitron 21's rating: 1338 &rarr; <strong>1318</strong><br />(-20 for losing)
|raw|Pyrax69's rating: 1346 &rarr; <strong>1366</strong><br />(+20 for winning)
|c|☆regitron 21|gg
