|j|☆vartholomeus
|j|☆StylesTheTraveler
|t:|1757793196
|gametype|singles
|player|p1|vartholomeus|ruinmaniac|1261
|player|p2|StylesTheTraveler|ultraforestkartenvoy|1295
|gen|9
|tier|[Gen 9] OU
|rated|
|rule|HP Percentage Mod: HP is shown in percentages
|rule|Endless Battle Clause: Forcing endless battles is banned
|rule|Species Clause: Limit one of each Pokémon
|rule|OHKO Clause: OHKO moves are banned
|rule|Evasion Items Clause: Evasion items are banned
|rule|Evasion Moves Clause: Evasion moves are banned
|rule|Evasion Abilities Clause: Evasion abilities are banned
|rule|Sleep Moves Clause: Sleep-inducing moves are banned
|clearpoke
|poke|p1|Moltres|
|poke|p1|Iron Crown|
|poke|p1|Rillaboom, M|
|poke|p1|Great Tusk|
|poke|p1|Zamazenta-*|
|poke|p1|Samurott-Hisui, M|
|poke|p2|Skeledirge, M|
|poke|p2|Araquanid, M|
|poke|p2|Dragonite, M|
|poke|p2|Tentacruel, M|
|poke|p2|Gholdengo|
|poke|p2|Komala, M|
|teampreview
|inactive|Battle timer is ON: inactive players will automatically lose when time's up. (requested by vartholomeus)
|inactive|StylesTheTraveler also wants the timer to be on.
|
|t:|1757793205
|teamsize|p1|6
|teamsize|p2|6
|start
|switch|p1a: Seiya|Samurott-Hisui, M, shiny|100/100
|switch|p2a: Tentacular Circus|Araquanid, M, shiny|100/100
|turn|1
|
|t:|1757793209
|move|p1a: Seiya|Ceaseless Edge|p2a: Tentacular Circus
|-damage|p2a: Tentacular Circus|50/100
|-sidestart|p2: StylesTheTraveler|Spikes
|move|p2a: Tentacular Circus|Sticky Web|p1a: Seiya
|-sidestart|p1: vartholomeus|move: Sticky Web
|
|upkeep
|turn|2
|
|t:|1757793212
|move|p2a: Tentacular Circus|Endure|p2a: Tentacular Circus
|-singleturn|p2a: Tentacular Circus|move: Endure
|move|p1a: Seiya|Ceaseless Edge|p2a: Tentacular Circus
|-damage|p2a: Tentacular Circus|5/100
|-sidestart|p2: StylesTheTraveler|Spikes
|
|upkeep
|turn|3
|-enditem|p2a: Tentacular Circus|Custap Berry|[eat]
|-activate|p2a: Tentacular Circus|item: Custap Berry|[consumed]
|
|t:|1757793215
|move|p2a: Tentacular Circus|Endeavor|p1a: Seiya
|-damage|p1a: Seiya|5/100
|move|p1a: Seiya|Ceaseless Edge|p2a: Tentacular Circus
|-damage|p2a: Tentacular Circus|0 fnt
|-sidestart|p2: StylesTheTraveler|Spikes
|faint|p2a: Tentacular Circus
|
|upkeep
|
|t:|1757793222
|switch|p2a: Octoarmaments|Komala, M|100/100
|-damage|p2a: Octoarmaments|76/100|[from] Spikes
|-ability|p2a: Octoarmaments|Comatose
|turn|4
|
|t:|1757793225
|move|p1a: Seiya|Ceaseless Edge|p2a: Octoarmaments|[miss]
|-miss|p1a: Seiya|p2a: Octoarmaments
|move|p2a: Octoarmaments|Rapid Spin|p1a: Seiya
|-damage|p1a: Seiya|0 fnt
|-boost|p2a: Octoarmaments|spe|1
|-sideend|p2: StylesTheTraveler|Spikes|[from] move: Rapid Spin|[of] p2a: Octoarmaments
|faint|p1a: Seiya
|
|upkeep
|
|t:|1757793232
|switch|p1a: Zamas|Zamazenta|100/100
|-activate|p1a: Zamas|move: Sticky Web
|-unboost|p1a: Zamas|spe|1
|-ability|p1a: Zamas|Dauntless Shield|boost
|-boost|p1a: Zamas|def|1
|turn|5
|
|t:|1757793238
|move|p1a: Zamas|Stone Edge|p2a: Octoarmaments
|-damage|p2a: Octoarmaments|33/100
|-damage|p1a: Zamas|91/100|[from] item: Life Orb
|move|p2a: Octoarmaments|Knock Off|p1a: Zamas
|-resisted|p1a: Zamas
|-damage|p1a: Zamas|82/100
|-enditem|p1a: Zamas|Life Orb|[from] move: Knock Off|[of] p2a: Octoarmaments
|
|upkeep
|turn|6
|
|t:|1757793242
|move|p1a: Zamas|Close Combat|p2a: Octoarmaments
|-supereffective|p2a: Octoarmaments
|-damage|p2a: Octoarmaments|0 fnt
|-unboost|p1a: Zamas|def|1
|-unboost|p1a: Zamas|spd|1
|faint|p2a: Octoarmaments
|
|upkeep
|
|t:|1757793249
|switch|p2a: Bomb Rush Blush|Dragonite, M|100/100
|turn|7
|
|t:|1757793252
|move|p1a: Zamas|Stone Edge|p2a: Bomb Rush Blush
|-supereffective|p2a: Bomb Rush Blush
|-damage|p2a: Bomb Rush Blush|65/100
|move|p2a: Bomb Rush Blush|Draco Meteor|p1a: Zamas
|-damage|p1a: Zamas|0 fnt
|-unboost|p2a: Bomb Rush Blush|spa|2
|faint|p1a: Zamas
|
|upkeep
|
|t:|1757793265
|switch|p1a: Rollo|Rillaboom, M|100/100
|-activate|p1a: Rollo|move: Sticky Web
|-unboost|p1a: Rollo|spe|1
|-fieldstart|move: Grassy Terrain|[from] ability: Grassy Surge|[of] p1a: Rollo
|turn|8
|
|t:|1757793271
|move|p2a: Bomb Rush Blush|Ice Spinner|p1a: Rollo
|-supereffective|p1a: Rollo
|-damage|p1a: Rollo|50/100
|-fieldend|move: Grassy Terrain
|move|p1a: Rollo|Knock Off|p2a: Bomb Rush Blush
|-damage|p2a: Bomb Rush Blush|25/100
|-enditem|p2a: Bomb Rush Blush|Assault Vest|[from] move: Knock Off|[of] p1a: Rollo
|
|upkeep
|turn|9
|
|t:|1757793278
|switch|p1a: Pepe|Moltres|100/100
|move|p2a: Bomb Rush Blush|Ice Spinner|p1a: Pepe
|-damage|p1a: Pepe|83/100
|
|upkeep
|turn|10
|
|t:|1757793285
|move|p2a: Bomb Rush Blush|Extreme Speed|p1a: Pepe
|-damage|p1a: Pepe|67/100
|move|p1a: Pepe|Flamethrower|p2a: Bomb Rush Blush
|-resisted|p2a: Bomb Rush Blush
|-damage|p2a: Bomb Rush Blush|4/100
|
|upkeep
|turn|11
|
|t:|1757793289
|move|p2a: Bomb Rush Blush|Extreme Speed|p1a: Pepe
|-damage|p1a: Pepe|51/100
|move|p1a: Pepe|Roost|p1a: Pepe
|-heal|p1a: Pepe|100/100
|-singleturn|p1a: Pepe|move: Roost
|
|upkeep
|turn|12
|
|t:|1757793292
|move|p2a: Bomb Rush Blush|Extreme Speed|p1a: Pepe
|-damage|p1a: Pepe|84/100
|-status|p2a: Bomb Rush Blush|brn|[from] ability: Flame Body|[of] p1a: Pepe
|move|p1a: Pepe|Roar|p2a: Bomb Rush Blush
|drag|p2a: Tidal Rush|Gholdengo|100/100
|-item|p2a: Tidal Rush|Air Balloon
|
|upkeep
|turn|13
|
|t:|1757793299
|switch|p2a: Bomb Rush Blush|Dragonite, M|4/100 brn
|move|p1a: Pepe|Flamethrower|p2a: Bomb Rush Blush
|-resisted|p2a: Bomb Rush Blush
|-damage|p2a: Bomb Rush Blush|0 fnt
|faint|p2a: Bomb Rush Blush
|
|upkeep
|
|t:|1757793307
|switch|p2a: Deluge Dirge|Skeledirge, M|100/100
|turn|14
|
|t:|1757793309
|move|p2a: Deluge Dirge|Shadow Ball|p1a: Pepe
|-damage|p1a: Pepe|42/100
|move|p1a: Pepe|Scorching Sands|p2a: Deluge Dirge
|-supereffective|p2a: Deluge Dirge
|-damage|p2a: Deluge Dirge|53/100
|
|upkeep
|turn|15
|
|t:|1757793314
|move|p2a: Deluge Dirge|Shadow Ball|p1a: Pepe
|-damage|p1a: Pepe|0 fnt
|faint|p1a: Pepe
|
|upkeep
|
|t:|1757793319
|switch|p1a: Greatto|Great Tusk|100/100
|-activate|p1a: Greatto|move: Sticky Web
|-unboost|p1a: Greatto|spe|1
|turn|16
|
|t:|1757793328
|switch|p2a: I Am Octavio|Tentacruel, M|100/100
|-item|p2a: I Am Octavio|Air Balloon
|move|p1a: Greatto|Headlong Rush|p2a: I Am Octavio
|-immune|p2a: I Am Octavio
|
|upkeep
|turn|17
|
|t:|1757793335
|-end|p1a: Greatto|Protosynthesis|[silent]
|switch|p1a: Irok|Iron Crown|100/100
|-activate|p1a: Irok|move: Sticky Web
|-unboost|p1a: Irok|spe|1
|move|p2a: I Am Octavio|Swords Dance|p2a: I Am Octavio
|-boost|p2a: I Am Octavio|atk|2
|
|upkeep
|turn|18
|
|t:|1757793340
|-terastallize|p2a: I Am Octavio|Dark
|move|p2a: I Am Octavio|Knock Off|p1a: Irok
|-supereffective|p1a: Irok
|-damage|p1a: Irok|0 fnt
|-enditem|p1a: Irok|Choice Specs|[from] move: Knock Off|[of] p2a: I Am Octavio
|faint|p1a: Irok
|-end|p1a: Irok|Quark Drive|[silent]
|
|upkeep
|
|t:|1757793343
|switch|p1a: Rollo|Rillaboom, M|50/100
|-activate|p1a: Rollo|move: Sticky Web
|-unboost|p1a: Rollo|spe|1
|-fieldstart|move: Grassy Terrain|[from] ability: Grassy Surge|[of] p1a: Rollo
|turn|19
|
|t:|1757793347
|move|p1a: Rollo|Grassy Glide|p2a: I Am Octavio
|-crit|p2a: I Am Octavio
|-damage|p2a: I Am Octavio|7/100
|-enditem|p2a: I Am Octavio|Air Balloon
|move|p2a: I Am Octavio|Knock Off|p1a: Rollo
|-damage|p1a: Rollo|0 fnt
|-enditem|p1a: Rollo|Terrain Extender|[from] move: Knock Off|[of] p2a: I Am Octavio
|faint|p1a: Rollo
|
|-heal|p2a: I Am Octavio|13/100|[from] Grassy Terrain
|upkeep
|
|t:|1757793351
|switch|p1a: Greatto|Great Tusk|100/100
|-activate|p1a: Greatto|move: Sticky Web
|-unboost|p1a: Greatto|spe|1
|turn|20
|
|t:|1757793356
|move|p2a: I Am Octavio|Liquidation|p1a: Greatto
|-supereffective|p1a: Greatto
|-damage|p1a: Greatto|16/100
|move|p1a: Greatto|Ice Spinner|p2a: I Am Octavio
|-damage|p2a: I Am Octavio|0 fnt
|-fieldend|move: Grassy Terrain
|faint|p2a: I Am Octavio
|
|upkeep
|
|t:|1757793360
|switch|p2a: Deluge Dirge|Skeledirge, M|53/100
|turn|21
|
|t:|1757793362
|move|p2a: Deluge Dirge|Torch Song|p1a: Greatto
|-damage|p1a: Greatto|0 fnt
|-boost|p2a: Deluge Dirge|spa|1
|faint|p1a: Greatto
|-end|p1a: Greatto|Protosynthesis|[silent]
|
|win|StylesTheTraveler
|raw|vartholomeus's rating: 1261 &rarr; <strong>1238</strong><br />(-23 for losing)
|raw|StylesTheTraveler's rating: 1295 &rarr; <strong>1318</strong><br />(+23 for winning)
|l|☆vartholomeus
|player|p1|
|c|☆StylesTheTraveler|gg
