|j|☆BozoticMeister
|j|☆ThatBrownBoy
|t:|1757946230
|gametype|singles
|player|p1|BozoticMeister|hiker-gen4|1299
|player|p2|ThatBrownBoy|266|1259
|gen|9
|tier|[Gen 9] OU
|rated|
|rule|HP Percentage Mod: HP is shown in percentages
|rule|Endless Battle Clause: Forcing endless battles is banned
|rule|Species Clause: Limit one of each Pokémon
|rule|OHKO Clause: OHKO moves are banned
|rule|Evasion Items Clause: Evasion items are banned
|rule|Evasion Moves Clause: Evasion moves are banned
|rule|Evasion Abilities Clause: Evasion abilities are banned
|rule|Sleep Moves Clause: Sleep-inducing moves are banned
|clearpoke
|poke|p1|Iron Valiant|
|poke|p1|Scizor, M|
|poke|p1|Corviknight, F|
|poke|p1|Ceruledge, M|
|poke|p1|Great Tusk|
|poke|p1|Dragapult, M|
|poke|p2|Ambipom, F|
|poke|p2|Grimmsnarl, M|
|poke|p2|Ursaluna, F|
|poke|p2|Dragonite, M|
|poke|p2|Zoroark-Hisui, M|
|poke|p2|Corviknight, F|
|teampreview
|inactive|Battle timer is ON: inactive players will automatically lose when time's up. (requested by ThatBrownBoy)
|
|t:|1757946244
|teamsize|p1|6
|teamsize|p2|6
|start
|switch|p1a: Zero (Hair)|Scizor, M|100/100
|switch|p2a: Ursaluna|Ursaluna, F, shiny|100/100
|turn|1
|
|t:|1757946253
|switch|p2a: Corviknight|Corviknight, F|100/100
|-ability|p2a: Corviknight|Pressure
|move|p1a: Zero (Hair)|Swords Dance|p1a: Zero (Hair)
|-boost|p1a: Zero (Hair)|atk|2
|
|upkeep
|turn|2
|
|t:|1757946259
|move|p1a: Zero (Hair)|Swords Dance|p1a: Zero (Hair)
|-boost|p1a: Zero (Hair)|atk|2
|move|p2a: Corviknight|U-turn|p1a: Zero (Hair)
|-resisted|p1a: Zero (Hair)
|-damage|p1a: Zero (Hair)|93/100
|
|t:|1757946265
|switch|p2a: Ambipom|Ambipom, F, shiny|100/100|[from] U-turn
|
|-heal|p1a: Zero (Hair)|99/100|[from] item: Leftovers
|upkeep
|turn|3
|
|t:|1757946269
|move|p1a: Zero (Hair)|Bullet Punch|p2a: Ambipom
|-enditem|p2a: Ambipom|Focus Sash
|-damage|p2a: Ambipom|1/100
|replace|p2a: Zoroark|Zoroark-Hisui, M, shiny
|-end|p2a: Zoroark|Illusion
|move|p2a: Zoroark|Flamethrower|p1a: Zero (Hair)
|-supereffective|p1a: Zero (Hair)
|-damage|p1a: Zero (Hair)|0 fnt
|faint|p1a: Zero (Hair)
|
|upkeep
|
|t:|1757946292
|switch|p1a: Strange isn't it|Iron Valiant|100/100
|-enditem|p1a: Strange isn't it|Booster Energy
|-activate|p1a: Strange isn't it|ability: Quark Drive|[fromitem]
|-start|p1a: Strange isn't it|quarkdrivespe
|turn|4
|
|t:|1757946296
|switch|p2a: Corviknight|Corviknight, F|100/100
|-ability|p2a: Corviknight|Pressure
|move|p1a: Strange isn't it|Ice Punch|p2a: Corviknight
|-damage|p2a: Corviknight|87/100
|-damage|p1a: Strange isn't it|84/100|[from] item: Rocky Helmet|[of] p2a: Corviknight
|
|upkeep
|turn|5
|
|t:|1757946300
|move|p1a: Strange isn't it|Thunderbolt|p2a: Corviknight
|-supereffective|p2a: Corviknight
|-damage|p2a: Corviknight|28/100
|move|p2a: Corviknight|U-turn|p1a: Strange isn't it
|-resisted|p1a: Strange isn't it
|-damage|p1a: Strange isn't it|79/100
|
|t:|1757946310
|switch|p2a: Ambipom|Ambipom, F, shiny|100/100|[from] U-turn
|
|upkeep
|turn|6
|
|t:|1757946314
|move|p2a: Ambipom|Fake Out|p1a: Strange isn't it
|-damage|p1a: Strange isn't it|41/100
|cant|p1a: Strange isn't it|flinch
|
|upkeep
|turn|7
|
|t:|1757946321
|switch|p2a: Corviknight|Corviknight, F|28/100
|-ability|p2a: Corviknight|Pressure
|move|p1a: Strange isn't it|Encore||[still]
|-fail|p1a: Strange isn't it
|
|upkeep
|turn|8
|
|t:|1757946326
|switch|p2a: Ursaluna|Ursaluna, F, shiny|100/100
|move|p1a: Strange isn't it|Thunderbolt|p2a: Ursaluna
|-immune|p2a: Ursaluna
|
|-status|p2a: Ursaluna|brn|[from] item: Flame Orb
|upkeep
|turn|9
|
|t:|1757946333
|switch|p2a: Corviknight|Corviknight, F|28/100
|-ability|p2a: Corviknight|Pressure
|move|p1a: Strange isn't it|Encore||[still]
|-fail|p1a: Strange isn't it
|
|upkeep
|turn|10
|
|t:|1757946339
|move|p1a: Strange isn't it|Ice Punch|p2a: Corviknight
|-damage|p2a: Corviknight|15/100
|-damage|p1a: Strange isn't it|25/100|[from] item: Rocky Helmet|[of] p2a: Corviknight
|move|p2a: Corviknight|Roost|p2a: Corviknight
|-heal|p2a: Corviknight|65/100
|-singleturn|p2a: Corviknight|move: Roost
|
|upkeep
|turn|11
|
|t:|1757946342
|move|p1a: Strange isn't it|Thunderbolt|p2a: Corviknight
|-supereffective|p2a: Corviknight
|-damage|p2a: Corviknight|4/100
|move|p2a: Corviknight|Roost|p2a: Corviknight
|-heal|p2a: Corviknight|54/100
|-singleturn|p2a: Corviknight|move: Roost
|
|upkeep
|turn|12
|
|t:|1757946345
|switch|p2a: Ursaluna|Ursaluna, F, shiny|100/100 brn
|move|p1a: Strange isn't it|Thunderbolt|p2a: Ursaluna
|-immune|p2a: Ursaluna
|
|-damage|p2a: Ursaluna|94/100 brn|[from] brn
|upkeep
|turn|13
|
|t:|1757946348
|-end|p1a: Strange isn't it|Quark Drive|[silent]
|switch|p1a: Batman|Corviknight, F|100/100
|switch|p2a: Corviknight|Corviknight, F|54/100
|-ability|p2a: Corviknight|Pressure
|
|upkeep
|turn|14
|
|t:|1757946353
|move|p1a: Batman|Iron Defense|p1a: Batman
|-boost|p1a: Batman|def|2
|move|p2a: Corviknight|Roost|p2a: Corviknight
|-heal|p2a: Corviknight|100/100
|-singleturn|p2a: Corviknight|move: Roost
|
|upkeep
|turn|15
|
|t:|1757946359
|move|p1a: Batman|Iron Defense|p1a: Batman
|-boost|p1a: Batman|def|2
|move|p2a: Corviknight|U-turn|p1a: Batman
|-resisted|p1a: Batman
|-damage|p1a: Batman|99/100
|-damage|p2a: Corviknight|84/100|[from] item: Rocky Helmet|[of] p1a: Batman
|
|t:|1757946365
|switch|p2a: Ambipom|Ambipom, F, shiny|1/100|[from] U-turn
|
|upkeep
|turn|16
|
|t:|1757946369
|move|p2a: Ambipom|Flamethrower|p1a: Batman
|-supereffective|p1a: Batman
|-crit|p1a: Batman
|-damage|p1a: Batman|1/100
|move|p1a: Batman|Body Press|p2a: Ambipom
|-immune|p2a: Ambipom
|
|upkeep
|turn|17
|
|t:|1757946378
|move|p2a: Ambipom|Shadow Ball|p1a: Batman
|-damage|p1a: Batman|0 fnt
|faint|p1a: Batman
|
|upkeep
|
|t:|1757946380
|switch|p1a: Getter Hawk|Dragapult, M|100/100
|turn|18
|
|t:|1757946383
|switch|p2a: Grimmsnarl|Grimmsnarl, M, shiny|100/100
|move|p1a: Getter Hawk|U-turn|p2a: Grimmsnarl
|-damage|p2a: Grimmsnarl|80/100
|
|t:|1757946387
|switch|p1a: Princess Trunks|Ceruledge, M, shiny|100/100|[from] U-turn
|
|upkeep
|turn|19
|
|t:|1757946390
|move|p2a: Grimmsnarl|Thunder Wave|p1a: Princess Trunks
|-status|p1a: Princess Trunks|par
|move|p1a: Princess Trunks|Flame Charge|p2a: Grimmsnarl
|-damage|p2a: Grimmsnarl|48/100
|-boost|p1a: Princess Trunks|spe|1
|
|upkeep
|turn|20
|
|t:|1757946393
|move|p2a: Grimmsnarl|Parting Shot|p1a: Princess Trunks
|-unboost|p1a: Princess Trunks|atk|1
|-unboost|p1a: Princess Trunks|spa|1
|
|t:|1757946406
|switch|p2a: Ursaluna|Ursaluna, F, shiny|94/100 brn|[from] Parting Shot
|cant|p1a: Princess Trunks|par
|
|-damage|p2a: Ursaluna|88/100 brn|[from] brn
|upkeep
|turn|21
|
|t:|1757946423
|switch|p1a: Strange isn't it|Iron Valiant|25/100
|move|p2a: Ursaluna|Headlong Rush|p1a: Strange isn't it
|-damage|p1a: Strange isn't it|0 fnt
|-unboost|p2a: Ursaluna|def|1
|-unboost|p2a: Ursaluna|spd|1
|faint|p1a: Strange isn't it
|-end|p1a: Strange isn't it|Quark Drive|[silent]
|
|-damage|p2a: Ursaluna|82/100 brn|[from] brn
|upkeep
|
|t:|1757946427
|switch|p1a: Getter Hawk|Dragapult, M|100/100
|turn|22
|
|t:|1757946430
|switch|p2a: Corviknight|Corviknight, F|84/100
|-ability|p2a: Corviknight|Pressure
|move|p1a: Getter Hawk|Draco Meteor|p2a: Corviknight
|-resisted|p2a: Corviknight
|-damage|p2a: Corviknight|41/100
|-unboost|p1a: Getter Hawk|spa|2
|
|upkeep
|turn|23
|
|t:|1757946435
|switch|p1a: Princess Trunks|Ceruledge, M, shiny|100/100 par
|move|p2a: Corviknight|Roost|p2a: Corviknight
|-heal|p2a: Corviknight|91/100
|-singleturn|p2a: Corviknight|move: Roost
|
|upkeep
|turn|24
|
|t:|1757946452
|switch|p2a: Ursaluna|Ursaluna, F, shiny|82/100 brn
|cant|p1a: Princess Trunks|par
|
|-damage|p2a: Ursaluna|76/100 brn|[from] brn
|upkeep
|turn|25
|
|t:|1757946456
|move|p2a: Ursaluna|Headlong Rush|p1a: Princess Trunks
|-supereffective|p1a: Princess Trunks
|-damage|p1a: Princess Trunks|0 fnt
|-unboost|p2a: Ursaluna|def|1
|-unboost|p2a: Ursaluna|spd|1
|faint|p1a: Princess Trunks
|
|-damage|p2a: Ursaluna|70/100 brn|[from] brn
|upkeep
|
|t:|1757946468
|switch|p1a: Wreck-It Ralph|Great Tusk|100/100
|-enditem|p1a: Wreck-It Ralph|Booster Energy
|-activate|p1a: Wreck-It Ralph|ability: Protosynthesis|[fromitem]
|-start|p1a: Wreck-It Ralph|protosynthesisatk
|turn|26
|
|t:|1757946472
|switch|p2a: Corviknight|Corviknight, F|91/100
|-ability|p2a: Corviknight|Pressure
|move|p1a: Wreck-It Ralph|Close Combat|p2a: Corviknight
|-damage|p2a: Corviknight|42/100
|-unboost|p1a: Wreck-It Ralph|def|1
|-unboost|p1a: Wreck-It Ralph|spd|1
|-damage|p1a: Wreck-It Ralph|84/100|[from] item: Rocky Helmet|[of] p2a: Corviknight
|
|upkeep
|turn|27
|
|t:|1757946477
|move|p1a: Wreck-It Ralph|Close Combat|p2a: Corviknight
|-damage|p2a: Corviknight|0 fnt
|-unboost|p1a: Wreck-It Ralph|def|1
|-unboost|p1a: Wreck-It Ralph|spd|1
|-damage|p1a: Wreck-It Ralph|68/100|[from] item: Rocky Helmet|[of] p2a: Corviknight
|faint|p2a: Corviknight
|
|upkeep
|
|t:|1757946480
|switch|p2a: Ambipom|Ambipom, F, shiny|100/100
|turn|28
|
|t:|1757946485
|-terastallize|p1a: Wreck-It Ralph|Dark
|move|p2a: Ambipom|Fake Out|p1a: Wreck-It Ralph
|-damage|p1a: Wreck-It Ralph|26/100
|cant|p1a: Wreck-It Ralph|flinch
|
|upkeep
|turn|29
|
|t:|1757946489
|move|p2a: Ambipom|U-turn|p1a: Wreck-It Ralph
|-supereffective|p1a: Wreck-It Ralph
|-damage|p1a: Wreck-It Ralph|0 fnt
|faint|p1a: Wreck-It Ralph
|-end|p1a: Wreck-It Ralph|Protosynthesis|[silent]
|
|t:|1757946493
|switch|p2a: Grimmsnarl|Grimmsnarl, M, shiny|48/100|[from] U-turn
|
|upkeep
|
|t:|1757946495
|switch|p1a: Getter Hawk|Dragapult, M|100/100
|turn|30
|
|t:|1757946497
|move|p2a: Grimmsnarl|Thunder Wave|p1a: Getter Hawk
|-status|p1a: Getter Hawk|par
|move|p1a: Getter Hawk|Shadow Ball|p2a: Grimmsnarl
|-resisted|p2a: Grimmsnarl
|-damage|p2a: Grimmsnarl|20/100
|
|upkeep
|turn|31
|
|t:|1757946503
|move|p2a: Grimmsnarl|Parting Shot|p1a: Getter Hawk
|-unboost|p1a: Getter Hawk|atk|1
|-unboost|p1a: Getter Hawk|spa|1
|
|t:|1757946510
|switch|p2a: Ambipom|Ambipom, F, shiny|100/100|[from] Parting Shot
|move|p1a: Getter Hawk|Shadow Ball|p2a: Ambipom
|-immune|p2a: Ambipom
|
|upkeep
|turn|32
|
|t:|1757946515
|move|p2a: Ambipom|Knock Off|p1a: Getter Hawk
|-supereffective|p1a: Getter Hawk
|-damage|p1a: Getter Hawk|19/100 par
|-enditem|p1a: Getter Hawk|Choice Specs|[from] move: Knock Off|[of] p2a: Ambipom
|move|p1a: Getter Hawk|Shadow Ball|p2a: Ambipom
|-immune|p2a: Ambipom
|
|upkeep
|turn|33
|
|t:|1757946521
|move|p2a: Ambipom|Knock Off|p1a: Getter Hawk
|-supereffective|p1a: Getter Hawk
|-damage|p1a: Getter Hawk|0 fnt
|faint|p1a: Getter Hawk
|
|win|ThatBrownBoy
|raw|BozoticMeister's rating: 1299 &rarr; <strong>1271</strong><br />(-28 for losing)
|raw|ThatBrownBoy's rating: 1259 &rarr; <strong>1287</strong><br />(+28 for winning)
|l|☆BozoticMeister
|player|p1|
