|j|☆pouill
|j|☆darretyle2
|t:|1757920135
|gametype|singles
|player|p1|pouill|265|1520
|player|p2|darretyle2|1|1471
|gen|9
|tier|[Gen 9] OU
|rated|
|rule|HP Percentage Mod: HP is shown in percentages
|rule|Endless Battle Clause: Forcing endless battles is banned
|rule|Species Clause: Limit one of each Pokémon
|rule|OHKO Clause: OHKO moves are banned
|rule|Evasion Items Clause: Evasion items are banned
|rule|Evasion Moves Clause: Evasion moves are banned
|rule|Evasion Abilities Clause: Evasion abilities are banned
|rule|Sleep Moves Clause: Sleep-inducing moves are banned
|clearpoke
|poke|p1|Iron Crown|
|poke|p1|Samurott-Hisui, M|
|poke|p1|Zapdos|
|poke|p1|Dragapult, M|
|poke|p1|Great Tusk|
|poke|p1|Iron Boulder|
|poke|p2|Ninetales-Alola, F|
|poke|p2|Maushold|
|poke|p2|Mew|
|poke|p2|Rhyperior, F|
|poke|p2|Slither Wing|
|poke|p2|Gyarados, F|
|teampreview
|
|t:|1757920149
|teamsize|p1|6
|teamsize|p2|6
|start
|switch|p1a: Mindreader|Iron Crown|100/100
|switch|p2a: Mew|Mew|100/100
|turn|1
|
|t:|1757920152
|move|p2a: Mew|Nasty Plot|p2a: Mew
|-boost|p2a: Mew|spa|2
|move|p1a: Mindreader|Volt Switch|p2a: Mew
|-damage|p2a: Mew|65/100
|
|t:|1757920158
|-end|p1a: Mindreader|Quark Drive|[silent]
|switch|p1a: Everytime We Touch|Samurott-Hisui, M|100/100|[from] Volt Switch
|
|upkeep
|turn|2
|
|t:|1757920161
|move|p1a: Everytime We Touch|Ceaseless Edge|p2a: Mew
|-supereffective|p2a: Mew
|-enditem|p2a: Mew|Colbur Berry|[eat]
|-enditem|p2a: Mew|Colbur Berry|[weaken]
|-damage|p2a: Mew|21/100
|-sidestart|p2: darretyle2|Spikes
|move|p2a: Mew|Draining Kiss|p1a: Everytime We Touch
|-supereffective|p1a: Everytime We Touch
|-damage|p1a: Everytime We Touch|15/100
|-heal|p2a: Mew|82/100|[from] drain|[of] p1a: Everytime We Touch
|
|upkeep
|turn|3
|
|t:|1757920171
|move|p1a: Everytime We Touch|Ceaseless Edge|p2a: Mew
|-supereffective|p2a: Mew
|-damage|p2a: Mew|0 fnt
|-sidestart|p2: darretyle2|Spikes
|faint|p2a: Mew
|
|upkeep
|
|t:|1757920176
|switch|p2a: Maushold|Maushold|100/100
|-damage|p2a: Maushold|84/100|[from] Spikes
|turn|4
|
|t:|1757920180
|move|p1a: Everytime We Touch|Ceaseless Edge|p2a: Maushold
|-damage|p2a: Maushold|20/100
|-sidestart|p2: darretyle2|Spikes
|move|p2a: Maushold|Tidy Up|p2a: Maushold
|-sideend|p2: darretyle2|Spikes
|-activate|p2a: Maushold|move: Tidy Up
|-boost|p2a: Maushold|atk|1
|-boost|p2a: Maushold|spe|1
|
|upkeep
|turn|5
|
|t:|1757920189
|switch|p1a: Parasite|Dragapult, M|100/100
|move|p2a: Maushold|Population Bomb|p1a: Parasite
|-immune|p1a: Parasite
|
|upkeep
|turn|6
|
|t:|1757920197
|move|p1a: Parasite|Sucker Punch|p2a: Maushold
|-damage|p2a: Maushold|0 fnt
|faint|p2a: Maushold
|
|upkeep
|
|t:|1757920218
|switch|p2a: Ninetales|Ninetales-Alola, F|100/100
|-weather|Snowscape|[from] ability: Snow Warning|[of] p2a: Ninetales
|turn|7
|
|t:|1757920224
|switch|p1a: Mindreader|Iron Crown|100/100
|move|p2a: Ninetales|Aurora Veil|p2a: Ninetales
|-sidestart|p2: darretyle2|move: Aurora Veil
|
|-weather|Snowscape|[upkeep]
|upkeep
|turn|8
|
|t:|1757920230
|switch|p2a: Rhyperior|Rhyperior, F|100/100
|move|p1a: Mindreader|Tachyon Cutter|p2a: Rhyperior
|-supereffective|p2a: Rhyperior
|-damage|p2a: Rhyperior|62/100
|-enditem|p2a: Rhyperior|Weakness Policy
|-boost|p2a: Rhyperior|atk|2|[from] item: Weakness Policy
|-boost|p2a: Rhyperior|spa|2|[from] item: Weakness Policy
|-supereffective|p2a: Rhyperior
|-damage|p2a: Rhyperior|19/100
|-hitcount|p2a: Rhyperior|2
|
|-weather|Snowscape|[upkeep]
|upkeep
|turn|9
|
|t:|1757920236
|move|p1a: Mindreader|Tachyon Cutter|p2a: Rhyperior
|-supereffective|p2a: Rhyperior
|-damage|p2a: Rhyperior|0 fnt
|faint|p2a: Rhyperior
|-hitcount|p2: Rhyperior|1
|
|-weather|Snowscape|[upkeep]
|upkeep
|
|t:|1757920239
|switch|p2a: Gyarados|Gyarados, F|100/100
|turn|10
|
|t:|1757920250
|-end|p1a: Mindreader|Quark Drive|[silent]
|switch|p1a: Hurikan|Zapdos|100/100
|move|p2a: Gyarados|Dragon Dance|p2a: Gyarados
|-boost|p2a: Gyarados|atk|1
|-boost|p2a: Gyarados|spe|1
|
|-weather|Snowscape|[upkeep]
|upkeep
|turn|11
|
|t:|1757920259
|-terastallize|p2a: Gyarados|Dark
|move|p2a: Gyarados|Dragon Dance|p2a: Gyarados
|-boost|p2a: Gyarados|atk|1
|-boost|p2a: Gyarados|spe|1
|move|p1a: Hurikan|Discharge|p2a: Gyarados
|-damage|p2a: Gyarados|83/100
|
|-weather|none
|upkeep
|turn|12
|
|t:|1757920265
|move|p2a: Gyarados|Dragon Dance|p2a: Gyarados
|-boost|p2a: Gyarados|atk|1
|-boost|p2a: Gyarados|spe|1
|move|p1a: Hurikan|Hurricane|p2a: Gyarados
|-damage|p2a: Gyarados|59/100
|
|upkeep
|turn|13
|
|t:|1757920277
|move|p2a: Gyarados|Dragon Dance|p2a: Gyarados
|-boost|p2a: Gyarados|atk|1
|-boost|p2a: Gyarados|spe|1
|move|p1a: Hurikan|Discharge|p2a: Gyarados
|-damage|p2a: Gyarados|43/100
|
|upkeep
|turn|14
|
|t:|1757920280
|move|p2a: Gyarados|Crunch|p1a: Hurikan
|-damage|p1a: Hurikan|1/100
|move|p1a: Hurikan|Discharge|p2a: Gyarados
|-damage|p2a: Gyarados|25/100
|-status|p2a: Gyarados|par
|
|-sideend|p2: darretyle2|move: Aurora Veil
|upkeep
|turn|15
|
|t:|1757920288
|move|p2a: Gyarados|Rest|p2a: Gyarados
|-status|p2a: Gyarados|slp|[from] move: Rest
|-heal|p2a: Gyarados|100/100 slp|[silent]
|-enditem|p2a: Gyarados|Chesto Berry|[eat]
|-curestatus|p2a: Gyarados|slp|[msg]
|move|p1a: Hurikan|Discharge|p2a: Gyarados
|-crit|p2a: Gyarados
|-damage|p2a: Gyarados|52/100
|
|upkeep
|turn|16
|
|t:|1757920294
|move|p2a: Gyarados|Crunch|p1a: Hurikan
|-damage|p1a: Hurikan|0 fnt
|faint|p1a: Hurikan
|-ability|p2a: Gyarados|Moxie|boost
|-boost|p2a: Gyarados|atk|1
|
|upkeep
|
|t:|1757920303
|switch|p1a: Pump It|Great Tusk|100/100
|turn|17
|
|t:|1757920307
|-terastallize|p1a: Pump It|Poison
|move|p2a: Gyarados|Waterfall|p1a: Pump It
|-damage|p1a: Pump It|0 fnt
|faint|p1a: Pump It
|-end|p1a: Pump It|Protosynthesis|[silent]
|-ability|p2a: Gyarados|Moxie|boost
|-boost|p2a: Gyarados|atk|1
|
|upkeep
|-message|pouill forfeited.
|
|win|darretyle2
|raw|pouill's rating: 1520 &rarr; <strong>1497</strong><br />(-23 for losing)
|raw|darretyle2's rating: 1471 &rarr; <strong>1494</strong><br />(+23 for winning)
|l|☆pouill
|player|p1|
|l|☆darretyle2
|player|p2|
