|j|☆Acauci
|j|☆hennyhardaway1
|t:|1757826990
|gametype|singles
|player|p1|Acauci|265|1314
|player|p2|hennyhardaway1|lucian|1293
|gen|9
|tier|[Gen 9] OU
|rated|
|rule|HP Percentage Mod: HP is shown in percentages
|rule|Endless Battle Clause: Forcing endless battles is banned
|rule|Species Clause: Limit one of each Pokémon
|rule|OHKO Clause: OHKO moves are banned
|rule|Evasion Items Clause: Evasion items are banned
|rule|Evasion Moves Clause: Evasion moves are banned
|rule|Evasion Abilities Clause: Evasion abilities are banned
|rule|Sleep Moves Clause: Sleep-inducing moves are banned
|clearpoke
|poke|p1|Kingambit, M|
|poke|p1|Zamazenta-*|
|poke|p1|Dragapult, M|
|poke|p1|Clefable, F|
|poke|p1|Great Tusk|
|poke|p1|Slowking-Galar, F|
|poke|p2|Darkrai|
|poke|p2|Garganacl, M|
|poke|p2|Corviknight, F|
|poke|p2|Zamazenta-*|
|poke|p2|Dragapult, F|
|poke|p2|Ting-Lu|
|teampreview
|
|t:|1757827004
|teamsize|p1|6
|teamsize|p2|6
|start
|switch|p1a: Slowking|Slowking-Galar, F|100/100
|switch|p2a: Darkrai|Darkrai|100/100
|turn|1
|
|t:|1757827018
|move|p2a: Darkrai|Substitute|p2a: Darkrai
|-start|p2a: Darkrai|Substitute
|-damage|p2a: Darkrai|76/100
|move|p1a: Slowking|Sludge Bomb|p2a: Darkrai
|-end|p2a: Darkrai|Substitute
|
|-heal|p2a: Darkrai|82/100|[from] item: Leftovers
|upkeep
|turn|2
|
|t:|1757827026
|move|p2a: Darkrai|Substitute|p2a: Darkrai
|-start|p2a: Darkrai|Substitute
|-damage|p2a: Darkrai|57/100
|move|p1a: Slowking|Sludge Bomb|p2a: Darkrai
|-end|p2a: Darkrai|Substitute
|
|-heal|p2a: Darkrai|63/100|[from] item: Leftovers
|upkeep
|turn|3
|
|t:|1757827035
|switch|p2a: Corviknight|Corviknight, F, shiny|100/100
|-ability|p2a: Corviknight|Pressure
|move|p1a: Slowking|Sludge Bomb|p2a: Corviknight
|-immune|p2a: Corviknight
|
|upkeep
|turn|4
|
|t:|1757827058
|switch|p2a: Darkrai|Darkrai|63/100
|switch|p1a: Great Tusk|Great Tusk|100/100
|-enditem|p1a: Great Tusk|Booster Energy
|-activate|p1a: Great Tusk|ability: Protosynthesis|[fromitem]
|-start|p1a: Great Tusk|protosynthesisatk
|
|-heal|p2a: Darkrai|69/100|[from] item: Leftovers
|upkeep
|turn|5
|
|t:|1757827077
|switch|p2a: Dragapult|Dragapult, F, shiny|100/100
|move|p1a: Great Tusk|Close Combat|p2a: Dragapult
|-immune|p2a: Dragapult
|
|upkeep
|turn|6
|
|t:|1757827094
|-end|p1a: Great Tusk|Protosynthesis|[silent]
|switch|p1a: Clefable|Clefable, F|100/100
|move|p2a: Dragapult|Draco Meteor|p1a: Clefable
|-immune|p1a: Clefable
|
|upkeep
|turn|7
|
|t:|1757827102
|switch|p2a: Ting-Lu|Ting-Lu|100/100
|-ability|p2a: Ting-Lu|Vessel of Ruin
|move|p1a: Clefable|Calm Mind|p1a: Clefable
|-boost|p1a: Clefable|spa|1
|-boost|p1a: Clefable|spd|1
|
|upkeep
|turn|8
|
|t:|1757827113
|move|p1a: Clefable|Moonblast|p2a: Ting-Lu
|-supereffective|p2a: Ting-Lu
|-damage|p2a: Ting-Lu|48/100
|move|p2a: Ting-Lu|Whirlwind|p1a: Clefable
|drag|p1a: Slowking|Slowking-Galar, F|100/100
|
|-heal|p2a: Ting-Lu|54/100|[from] item: Leftovers
|upkeep
|turn|9
|
|t:|1757827127
|move|p2a: Ting-Lu|Stealth Rock|p1a: Slowking
|-sidestart|p1: Acauci|move: Stealth Rock
|move|p1a: Slowking|Ice Beam|p2a: Ting-Lu
|-supereffective|p2a: Ting-Lu
|-damage|p2a: Ting-Lu|20/100
|
|-heal|p2a: Ting-Lu|26/100|[from] item: Leftovers
|upkeep
|turn|10
|
|t:|1757827139
|switch|p2a: Garganacl|Garganacl, M|100/100
|move|p1a: Slowking|Ice Beam|p2a: Garganacl
|-crit|p2a: Garganacl
|-damage|p2a: Garganacl|74/100
|
|-heal|p2a: Garganacl|80/100|[from] item: Leftovers
|upkeep
|turn|11
|
|t:|1757827151
|switch|p1a: Great Tusk|Great Tusk|100/100
|-damage|p1a: Great Tusk|98/100|[from] Stealth Rock
|move|p2a: Garganacl|Iron Defense|p2a: Garganacl
|-boost|p2a: Garganacl|def|2
|
|-heal|p2a: Garganacl|87/100|[from] item: Leftovers
|upkeep
|turn|12
|
|t:|1757827160
|switch|p2a: Dragapult|Dragapult, F, shiny|100/100
|move|p1a: Great Tusk|Rapid Spin|p2a: Dragapult
|-immune|p2a: Dragapult
|
|upkeep
|turn|13
|
|t:|1757827168
|-end|p1a: Great Tusk|Protosynthesis|[silent]
|switch|p1a: Clefable|Clefable, F|100/100
|-damage|p1a: Clefable|88/100|[from] Stealth Rock
|move|p2a: Dragapult|Shadow Ball|p1a: Clefable
|-damage|p1a: Clefable|43/100
|
|-heal|p1a: Clefable|49/100|[from] item: Leftovers
|upkeep
|turn|14
|
|t:|1757827177
|move|p2a: Dragapult|Shadow Ball|p1a: Clefable
|-damage|p1a: Clefable|2/100
|move|p1a: Clefable|Moonlight|p1a: Clefable
|-heal|p1a: Clefable|52/100
|
|-heal|p1a: Clefable|58/100|[from] item: Leftovers
|upkeep
|turn|15
|
|t:|1757827186
|switch|p2a: Corviknight|Corviknight, F, shiny|100/100
|-ability|p2a: Corviknight|Pressure
|move|p1a: Clefable|Moonblast|p2a: Corviknight
|-resisted|p2a: Corviknight
|-damage|p2a: Corviknight|85/100
|-unboost|p2a: Corviknight|spa|1
|
|-heal|p1a: Clefable|64/100|[from] item: Leftovers
|upkeep
|turn|16
|
|t:|1757827200
|switch|p1a: Great Tusk|Great Tusk|98/100
|-damage|p1a: Great Tusk|95/100|[from] Stealth Rock
|move|p2a: Corviknight|U-turn|p1a: Great Tusk
|-resisted|p1a: Great Tusk
|-damage|p1a: Great Tusk|89/100
|
|t:|1757827208
|switch|p2a: Darkrai|Darkrai|69/100|[from] U-turn
|
|-heal|p2a: Darkrai|75/100|[from] item: Leftovers
|upkeep
|turn|17
|
|t:|1757827215
|-terastallize|p2a: Darkrai|Ghost
|move|p2a: Darkrai|Substitute|p2a: Darkrai
|-start|p2a: Darkrai|Substitute
|-damage|p2a: Darkrai|50/100
|move|p1a: Great Tusk|Rapid Spin|p2a: Darkrai
|-immune|p2a: Darkrai
|
|-heal|p2a: Darkrai|56/100|[from] item: Leftovers
|upkeep
|turn|18
|
|t:|1757827226
|move|p2a: Darkrai|Nasty Plot|p2a: Darkrai
|-boost|p2a: Darkrai|spa|2
|move|p1a: Great Tusk|Earthquake|p2a: Darkrai
|-end|p2a: Darkrai|Substitute
|
|-heal|p2a: Darkrai|62/100|[from] item: Leftovers
|upkeep
|turn|19
|
|t:|1757827238
|move|p2a: Darkrai|Focus Blast|p1a: Great Tusk
|-damage|p1a: Great Tusk|0 fnt
|faint|p1a: Great Tusk
|-end|p1a: Great Tusk|Protosynthesis|[silent]
|
|-heal|p2a: Darkrai|68/100|[from] item: Leftovers
|upkeep
|
|t:|1757827246
|switch|p1a: Dragapult|Dragapult, M|100/100
|-damage|p1a: Dragapult|88/100|[from] Stealth Rock
|turn|20
|
|t:|1757827251
|switch|p2a: Garganacl|Garganacl, M|87/100
|move|p1a: Dragapult|Sucker Punch||[still]
|-fail|p1a: Dragapult
|
|-heal|p2a: Garganacl|93/100|[from] item: Leftovers
|upkeep
|turn|21
|
|t:|1757827258
|move|p1a: Dragapult|Sucker Punch|p2a: Garganacl
|-damage|p2a: Garganacl|71/100
|move|p2a: Garganacl|Salt Cure|p1a: Dragapult
|-damage|p1a: Dragapult|69/100
|-start|p1a: Dragapult|Salt Cure
|
|-heal|p2a: Garganacl|77/100|[from] item: Leftovers
|-damage|p1a: Dragapult|57/100|[from] Salt Cure
|upkeep
|turn|22
|
|t:|1757827274
|switch|p1a: Slowking|Slowking-Galar, F|100/100
|-damage|p1a: Slowking|88/100|[from] Stealth Rock
|move|p2a: Garganacl|Iron Defense|p2a: Garganacl
|-boost|p2a: Garganacl|def|2
|
|-heal|p2a: Garganacl|83/100|[from] item: Leftovers
|upkeep
|turn|23
|
|t:|1757827284
|move|p2a: Garganacl|Salt Cure|p1a: Slowking
|-damage|p1a: Slowking|73/100
|-start|p1a: Slowking|Salt Cure
|move|p1a: Slowking|Ice Beam|p2a: Garganacl
|-damage|p2a: Garganacl|65/100
|
|-heal|p2a: Garganacl|72/100|[from] item: Leftovers
|-damage|p1a: Slowking|60/100|[from] Salt Cure
|upkeep
|turn|24
|
|t:|1757827296
|switch|p1a: Clefable|Clefable, F|64/100
|-damage|p1a: Clefable|52/100|[from] Stealth Rock
|move|p2a: Garganacl|Iron Defense|p2a: Garganacl
|-boost|p2a: Garganacl|def|2
|
|-heal|p1a: Clefable|58/100|[from] item: Leftovers
|-heal|p2a: Garganacl|78/100|[from] item: Leftovers
|upkeep
|turn|25
|
|t:|1757827307
|move|p1a: Clefable|Calm Mind|p1a: Clefable
|-boost|p1a: Clefable|spa|1
|-boost|p1a: Clefable|spd|1
|move|p2a: Garganacl|Salt Cure|p1a: Clefable
|-damage|p1a: Clefable|46/100
|-start|p1a: Clefable|Salt Cure
|
|-heal|p1a: Clefable|52/100|[from] item: Leftovers
|-heal|p2a: Garganacl|84/100|[from] item: Leftovers
|-damage|p1a: Clefable|40/100|[from] Salt Cure
|upkeep
|turn|26
|
|t:|1757827317
|move|p1a: Clefable|Moonlight|p1a: Clefable
|-heal|p1a: Clefable|90/100
|move|p2a: Garganacl|Body Press|p1a: Clefable
|-resisted|p1a: Clefable
|-damage|p1a: Clefable|81/100
|
|-heal|p1a: Clefable|87/100|[from] item: Leftovers
|-heal|p2a: Garganacl|90/100|[from] item: Leftovers
|-damage|p1a: Clefable|74/100|[from] Salt Cure
|upkeep
|turn|27
|
|t:|1757827329
|switch|p2a: Ting-Lu|Ting-Lu|26/100
|-ability|p2a: Ting-Lu|Vessel of Ruin
|move|p1a: Clefable|Calm Mind|p1a: Clefable
|-boost|p1a: Clefable|spa|1
|-boost|p1a: Clefable|spd|1
|
|-heal|p1a: Clefable|80/100|[from] item: Leftovers
|-heal|p2a: Ting-Lu|32/100|[from] item: Leftovers
|-damage|p1a: Clefable|68/100|[from] Salt Cure
|upkeep
|turn|28
|
|t:|1757827339
|move|p1a: Clefable|Chilling Water|p2a: Ting-Lu
|-supereffective|p2a: Ting-Lu
|-damage|p2a: Ting-Lu|5/100
|-unboost|p2a: Ting-Lu|atk|1
|move|p2a: Ting-Lu|Whirlwind|p1a: Clefable
|drag|p1a: Kingambit|Kingambit, M|100/100
|-damage|p1a: Kingambit|94/100|[from] Stealth Rock
|-activate|p1a: Kingambit|ability: Supreme Overlord
|-start|p1a: Kingambit|fallen1|[silent]
|
|-heal|p1a: Kingambit|100/100|[from] item: Leftovers
|-heal|p2a: Ting-Lu|11/100|[from] item: Leftovers
|upkeep
|turn|29
|
|t:|1757827357
|move|p1a: Kingambit|Kowtow Cleave|p2a: Ting-Lu
|-resisted|p2a: Ting-Lu
|-damage|p2a: Ting-Lu|0 fnt
|faint|p2a: Ting-Lu
|
|upkeep
|
|t:|1757827361
|switch|p2a: Zamazenta|Zamazenta|100/100
|-ability|p2a: Zamazenta|Dauntless Shield|boost
|-boost|p2a: Zamazenta|def|1
|turn|30
|
|t:|1757827368
|switch|p2a: Darkrai|Darkrai, tera:Ghost|68/100
|-end|p1a: Kingambit|fallen1|[silent]
|switch|p1a: Dragapult|Dragapult, M|57/100
|-damage|p1a: Dragapult|45/100|[from] Stealth Rock
|
|-heal|p2a: Darkrai|74/100|[from] item: Leftovers
|upkeep
|turn|31
|
|t:|1757827378
|switch|p2a: Garganacl|Garganacl, M|90/100
|move|p1a: Dragapult|Dragon Darts|p2a: Garganacl
|-damage|p2a: Garganacl|66/100
|-anim|p1a: Dragapult|Dragon Darts|p2a: Garganacl
|-damage|p2a: Garganacl|42/100
|
|-heal|p2a: Garganacl|49/100|[from] item: Leftovers
|upkeep
|turn|32
|
|t:|1757827387
|move|p1a: Dragapult|Dragon Darts|p2a: Garganacl
|-damage|p2a: Garganacl|25/100
|-anim|p1a: Dragapult|Dragon Darts|p2a: Garganacl
|-damage|p2a: Garganacl|0 fnt
|faint|p2a: Garganacl
|
|upkeep
|
|t:|1757827394
|switch|p2a: Corviknight|Corviknight, F, shiny|85/100
|-ability|p2a: Corviknight|Pressure
|turn|33
|
|t:|1757827413
|switch|p1a: Zamazenta|Zamazenta|100/100
|-damage|p1a: Zamazenta|94/100|[from] Stealth Rock
|-ability|p1a: Zamazenta|Dauntless Shield|boost
|-boost|p1a: Zamazenta|def|1
|move|p2a: Corviknight|U-turn|p1a: Zamazenta
|-resisted|p1a: Zamazenta
|-damage|p1a: Zamazenta|91/100
|
|t:|1757827421
|switch|p2a: Dragapult|Dragapult, F, shiny|100/100|[from] U-turn
|
|upkeep
|turn|34
|
|t:|1757827429
|switch|p1a: Clefable|Clefable, F|68/100
|-damage|p1a: Clefable|56/100|[from] Stealth Rock
|move|p2a: Dragapult|Shadow Ball|p1a: Clefable
|-damage|p1a: Clefable|5/100
|
|-heal|p1a: Clefable|11/100|[from] item: Leftovers
|upkeep
|turn|35
|
|t:|1757827446
|switch|p1a: Slowking|Slowking-Galar, F|94/100
|-damage|p1a: Slowking|81/100|[from] Stealth Rock
|move|p2a: Dragapult|Shadow Ball|p1a: Slowking
|-supereffective|p1a: Slowking
|-damage|p1a: Slowking|29/100
|
|upkeep
|turn|36
|
|t:|1757827457
|move|p2a: Dragapult|Shadow Ball|p1a: Slowking
|-supereffective|p1a: Slowking
|-damage|p1a: Slowking|0 fnt
|faint|p1a: Slowking
|
|upkeep
|
|t:|1757827465
|switch|p1a: Dragapult|Dragapult, M|45/100
|-damage|p1a: Dragapult|32/100|[from] Stealth Rock
|turn|37
|
|t:|1757827475
|switch|p2a: Corviknight|Corviknight, F, shiny|85/100
|-ability|p2a: Corviknight|Pressure
|-terastallize|p1a: Dragapult|Normal
|move|p1a: Dragapult|Dragon Darts|p2a: Corviknight
|-resisted|p2a: Corviknight
|-damage|p2a: Corviknight|74/100
|-anim|p1a: Dragapult|Dragon Darts|p2a: Corviknight
|-resisted|p2a: Corviknight
|-damage|p2a: Corviknight|62/100
|
|upkeep
|turn|38
|
|t:|1757827489
|switch|p1a: Zamazenta|Zamazenta|91/100
|-damage|p1a: Zamazenta|85/100|[from] Stealth Rock
|move|p2a: Corviknight|U-turn|p1a: Zamazenta
|-resisted|p1a: Zamazenta
|-damage|p1a: Zamazenta|80/100
|
|t:|1757827492
|switch|p2a: Dragapult|Dragapult, F, shiny|100/100|[from] U-turn
|
|upkeep
|turn|39
|
|t:|1757827504
|move|p2a: Dragapult|Shadow Ball|p1a: Zamazenta
|-damage|p1a: Zamazenta|49/100
|move|p1a: Zamazenta|Ice Fang|p2a: Dragapult
|-supereffective|p2a: Dragapult
|-damage|p2a: Dragapult|39/100
|
|upkeep
|turn|40
|
|t:|1757827510
|switch|p2a: Corviknight|Corviknight, F, shiny|62/100
|-ability|p2a: Corviknight|Pressure
|move|p1a: Zamazenta|Ice Fang|p2a: Corviknight
|-damage|p2a: Corviknight|50/100
|-damage|p1a: Zamazenta|32/100|[from] item: Rocky Helmet|[of] p2a: Corviknight
|
|upkeep
|turn|41
|
|t:|1757827519
|move|p1a: Zamazenta|Fire Fang|p2a: Corviknight
|-supereffective|p2a: Corviknight
|-damage|p2a: Corviknight|22/100
|-damage|p1a: Zamazenta|16/100|[from] item: Rocky Helmet|[of] p2a: Corviknight
|move|p2a: Corviknight|Roost|p2a: Corviknight
|-heal|p2a: Corviknight|72/100
|-singleturn|p2a: Corviknight|move: Roost
|
|upkeep
|turn|42
|
|t:|1757827531
|switch|p1a: Clefable|Clefable, F|11/100
|-damage|p1a: Clefable|0 fnt|[from] Stealth Rock
|faint|p1a: Clefable
|move|p2a: Corviknight|Roost|p2a: Corviknight
|-heal|p2a: Corviknight|100/100
|-singleturn|p2a: Corviknight|move: Roost
|
|upkeep
|
|t:|1757827541
|switch|p1a: Zamazenta|Zamazenta|16/100
|-damage|p1a: Zamazenta|9/100|[from] Stealth Rock
|turn|43
|
|t:|1757827550
|move|p1a: Zamazenta|Fire Fang|p2a: Corviknight
|-supereffective|p2a: Corviknight
|-damage|p2a: Corviknight|73/100
|-damage|p1a: Zamazenta|0 fnt|[from] item: Rocky Helmet|[of] p2a: Corviknight
|faint|p1a: Zamazenta
|move|p2a: Corviknight|Roost|p2a: Corviknight
|-heal|p2a: Corviknight|100/100
|-singleturn|p2a: Corviknight|move: Roost
|
|upkeep
|
|t:|1757827563
|switch|p1a: Dragapult|Dragapult, M, tera:Normal|32/100
|-damage|p1a: Dragapult|20/100|[from] Stealth Rock
|turn|44
|
|t:|1757827568
|move|p1a: Dragapult|Dragon Darts|p2a: Corviknight
|-resisted|p2a: Corviknight
|-damage|p2a: Corviknight|90/100
|-anim|p1a: Dragapult|Dragon Darts|p2a: Corviknight
|-resisted|p2a: Corviknight
|-damage|p2a: Corviknight|80/100
|move|p2a: Corviknight|U-turn|p1a: Dragapult
|-damage|p1a: Dragapult|1/100
|
|t:|1757827577
|switch|p2a: Dragapult|Dragapult, F, shiny|39/100|[from] U-turn
|
|upkeep
|turn|45
|
|t:|1757827584
|move|p1a: Dragapult|Dragon Darts|p2a: Dragapult
|-supereffective|p2a: Dragapult
|-damage|p2a: Dragapult|0 fnt
|faint|p2a: Dragapult
|
|upkeep
|
|t:|1757827590
|switch|p2a: Corviknight|Corviknight, F, shiny|80/100
|-ability|p2a: Corviknight|Pressure
|turn|46
|
|t:|1757827610
|move|p1a: Dragapult|Dragon Darts|p2a: Corviknight
|-resisted|p2a: Corviknight
|-damage|p2a: Corviknight|70/100
|-anim|p1a: Dragapult|Dragon Darts|p2a: Corviknight
|-resisted|p2a: Corviknight
|-damage|p2a: Corviknight|59/100
|move|p2a: Corviknight|U-turn|p1a: Dragapult
|-damage|p1a: Dragapult|0 fnt
|faint|p1a: Dragapult
|
|t:|1757827618
|switch|p2a: Darkrai|Darkrai, tera:Ghost|74/100|[from] U-turn
|
|-heal|p2a: Darkrai|80/100|[from] item: Leftovers
|upkeep
|
|t:|1757827623
|switch|p1a: Kingambit|Kingambit, M|100/100
|-damage|p1a: Kingambit|94/100|[from] Stealth Rock
|-activate|p1a: Kingambit|ability: Supreme Overlord
|-start|p1a: Kingambit|fallen5|[silent]
|turn|47
|
|t:|1757827633
|move|p2a: Darkrai|Substitute|p2a: Darkrai
|-start|p2a: Darkrai|Substitute
|-damage|p2a: Darkrai|55/100
|move|p1a: Kingambit|Swords Dance|p1a: Kingambit
|-boost|p1a: Kingambit|atk|2
|
|-heal|p2a: Darkrai|61/100|[from] item: Leftovers
|-heal|p1a: Kingambit|100/100|[from] item: Leftovers
|upkeep
|turn|48
|
|t:|1757827641
|move|p2a: Darkrai|Focus Blast|p1a: Kingambit
|-supereffective|p1a: Kingambit
|-damage|p1a: Kingambit|0 fnt
|faint|p1a: Kingambit
|-end|p1a: Kingambit|fallen5|[silent]
|
|win|hennyhardaway1
|raw|Acauci's rating: 1314 &rarr; <strong>1293</strong><br />(-21 for losing)
|raw|hennyhardaway1's rating: 1293 &rarr; <strong>1320</strong><br />(+27 for winning)
|l|☆Acauci
|player|p1|
