|j|☆gamebattle$
|j|☆solobeans
|t:|1757826645
|gametype|singles
|player|p1|gamebattle$|shadowtriad|1673
|player|p2|solobeans|scientist-gen4|1547
|gen|9
|tier|[Gen 9] OU
|rated|
|rule|HP Percentage Mod: HP is shown in percentages
|rule|Endless Battle Clause: Forcing endless battles is banned
|rule|Species Clause: Limit one of each Pokémon
|rule|OHKO Clause: OHKO moves are banned
|rule|Evasion Items Clause: Evasion items are banned
|rule|Evasion Moves Clause: Evasion moves are banned
|rule|Evasion Abilities Clause: Evasion abilities are banned
|rule|Sleep Moves Clause: Sleep-inducing moves are banned
|clearpoke
|poke|p1|Clefable, F|
|poke|p1|Heatran, M|
|poke|p1|Rillaboom, M|
|poke|p1|Ogerpon-Wellspring, F|
|poke|p1|Zapdos|
|poke|p1|Great Tusk|
|poke|p2|Hatterene, F|
|poke|p2|Kyurem|
|poke|p2|Iron Moth|
|poke|p2|Garchomp, M|
|poke|p2|Iron Crown|
|poke|p2|Ogerpon-Wellspring, F|
|teampreview
|inactive|Battle timer is ON: inactive players will automatically lose when time's up. (requested by gamebattle$)
|
|t:|1757826702
|teamsize|p1|6
|teamsize|p2|6
|start
|switch|p1a: Rillaboom|Rillaboom, M|100/100
|switch|p2a: Garchomp|Garchomp, M|100/100
|-fieldstart|move: Grassy Terrain|[from] ability: Grassy Surge|[of] p1a: Rillaboom
|turn|1
|
|t:|1757826719
|move|p1a: Rillaboom|Wood Hammer|p2a: Garchomp
|-damage|p2a: Garchomp|15/100
|-damage|p1a: Rillaboom|88/100|[from] ability: Rough Skin|[of] p2a: Garchomp
|-damage|p1a: Rillaboom|72/100|[from] item: Rocky Helmet|[of] p2a: Garchomp
|-damage|p1a: Rillaboom|40/100|[from] Recoil
|move|p2a: Garchomp|Dragon Tail|p1a: Rillaboom
|-damage|p1a: Rillaboom|14/100
|drag|p1a: Zapdos|Zapdos, shiny|100/100
|
|-heal|p2a: Garchomp|21/100|[from] Grassy Terrain
|upkeep
|turn|2
|
|t:|1757826741
|move|p1a: Zapdos|Hurricane|p2a: Garchomp|[miss]
|-miss|p1a: Zapdos|p2a: Garchomp
|move|p2a: Garchomp|Stealth Rock|p1a: Zapdos
|-sidestart|p1: gamebattle$|move: Stealth Rock
|
|-heal|p2a: Garchomp|27/100|[from] Grassy Terrain
|upkeep
|turn|3
|
|t:|1757826755
|move|p1a: Zapdos|Hurricane|p2a: Garchomp
|-damage|p2a: Garchomp|0 fnt
|faint|p2a: Garchomp
|
|upkeep
|
|t:|1757826762
|switch|p2a: Kyurem|Kyurem|100/100
|-ability|p2a: Kyurem|Pressure
|turn|4
|
|t:|1757826770
|move|p1a: Zapdos|U-turn|p2a: Kyurem
|-damage|p2a: Kyurem|87/100
|
|t:|1757826772
|switch|p1a: Heatran|Heatran, M, shiny|100/100|[from] U-turn
|-damage|p1a: Heatran|88/100|[from] Stealth Rock
|move|p2a: Kyurem|Icicle Spear|p1a: Heatran
|-resisted|p1a: Heatran
|-damage|p1a: Heatran|85/100
|-resisted|p1a: Heatran
|-damage|p1a: Heatran|83/100
|-resisted|p1a: Heatran
|-damage|p1a: Heatran|80/100
|-resisted|p1a: Heatran
|-damage|p1a: Heatran|78/100
|-hitcount|p1a: Heatran|4
|
|-heal|p2a: Kyurem|93/100|[from] Grassy Terrain
|-heal|p1a: Heatran|84/100|[from] Grassy Terrain
|-heal|p1a: Heatran|90/100|[from] item: Leftovers
|upkeep
|turn|5
|
|t:|1757826784
|switch|p2a: Hatterene|Hatterene, F|100/100
|move|p1a: Heatran|Magma Storm|p2a: Hatterene
|-damage|p2a: Hatterene|52/100
|-activate|p2a: Hatterene|move: Magma Storm|[of] p1a: Heatran
|-enditem|p2a: Hatterene|Eject Button
|
|t:|1757826786
|switch|p2a: Ogerpon|Ogerpon-Wellspring, F|100/100
|
|-heal|p1a: Heatran|97/100|[from] Grassy Terrain
|-heal|p1a: Heatran|100/100|[from] item: Leftovers
|-fieldend|move: Grassy Terrain
|upkeep
|turn|6
|
|t:|1757826799
|switch|p2a: Iron Moth|Iron Moth|100/100
|-enditem|p2a: Iron Moth|Booster Energy
|-activate|p2a: Iron Moth|ability: Quark Drive|[fromitem]
|-start|p2a: Iron Moth|quarkdrivespe
|-terastallize|p1a: Heatran|Ghost
|move|p1a: Heatran|Will-O-Wisp|p2a: Iron Moth
|-immune|p2a: Iron Moth
|
|upkeep
|turn|7
|
|t:|1757826820
|move|p2a: Iron Moth|Substitute|p2a: Iron Moth
|-start|p2a: Iron Moth|Substitute
|-damage|p2a: Iron Moth|76/100
|move|p1a: Heatran|Earth Power|p2a: Iron Moth
|-supereffective|p2a: Iron Moth
|-end|p2a: Iron Moth|Substitute
|
|upkeep
|turn|8
|
|t:|1757826835
|move|p2a: Iron Moth|Sludge Wave|p1a: Heatran
|-resisted|p1a: Heatran
|-damage|p1a: Heatran|86/100
|move|p1a: Heatran|Earth Power|p2a: Iron Moth
|-supereffective|p2a: Iron Moth
|-damage|p2a: Iron Moth|0 fnt
|faint|p2a: Iron Moth
|-end|p2a: Iron Moth|Quark Drive|[silent]
|
|-heal|p1a: Heatran|92/100|[from] item: Leftovers
|upkeep
|
|t:|1757826845
|switch|p2a: Kyurem|Kyurem|93/100
|-ability|p2a: Kyurem|Pressure
|turn|9
|
|t:|1757826858
|-terastallize|p2a: Kyurem|Fire
|move|p2a: Kyurem|Dragon Dance|p2a: Kyurem
|-boost|p2a: Kyurem|atk|1
|-boost|p2a: Kyurem|spe|1
|move|p1a: Heatran|Will-O-Wisp|p2a: Kyurem
|-immune|p2a: Kyurem
|
|-heal|p1a: Heatran|98/100|[from] item: Leftovers
|upkeep
|turn|10
|
|t:|1757826868
|move|p2a: Kyurem|Dragon Dance|p2a: Kyurem
|-boost|p2a: Kyurem|atk|1
|-boost|p2a: Kyurem|spe|1
|move|p1a: Heatran|Earth Power|p2a: Kyurem
|-supereffective|p2a: Kyurem
|-damage|p2a: Kyurem|45/100
|
|-heal|p1a: Heatran|100/100|[from] item: Leftovers
|upkeep
|turn|11
|
|t:|1757826872
|move|p2a: Kyurem|Icicle Spear|p1a: Heatran
|-damage|p1a: Heatran|78/100
|-damage|p1a: Heatran|58/100
|-damage|p1a: Heatran|37/100
|-damage|p1a: Heatran|17/100
|-hitcount|p1a: Heatran|4
|move|p1a: Heatran|Earth Power|p2a: Kyurem
|-supereffective|p2a: Kyurem
|-damage|p2a: Kyurem|0 fnt
|faint|p2a: Kyurem
|
|-heal|p1a: Heatran|23/100|[from] item: Leftovers
|upkeep
|-message|solobeans forfeited.
|
|win|gamebattle$
|raw|gamebattle$'s rating: 1673 &rarr; <strong>1686</strong><br />(+13 for winning)
|raw|solobeans's rating: 1547 &rarr; <strong>1534</strong><br />(-13 for losing)
|l|☆solobeans
|player|p2|
|l|☆gamebattle$
|player|p1|
