|j|☆ybg mihan
|j|☆ollybomb
|t:|1757826135
|gametype|singles
|player|p1|ybg mihan|265|1681
|player|p2|ollybomb|cress|1625
|gen|9
|tier|[Gen 9] OU
|rated|
|rule|HP Percentage Mod: HP is shown in percentages
|rule|Endless Battle Clause: Forcing endless battles is banned
|rule|Species Clause: Limit one of each Pokémon
|rule|OHKO Clause: OHKO moves are banned
|rule|Evasion Items Clause: Evasion items are banned
|rule|Evasion Moves Clause: Evasion moves are banned
|rule|Evasion Abilities Clause: Evasion abilities are banned
|rule|Sleep Moves Clause: Sleep-inducing moves are banned
|clearpoke
|poke|p1|Samurott-Hisui, M|
|poke|p1|Landorus-Therian, M|
|poke|p1|Dragonite, M|
|poke|p1|Zamazenta-*|
|poke|p1|Iron Valiant|
|poke|p1|Raging Bolt|
|poke|p2|Ribombee, F|
|poke|p2|Gholdengo|
|poke|p2|Landorus-Therian, M|
|poke|p2|Manaphy|
|poke|p2|Iron Valiant|
|poke|p2|Iron Moth|
|teampreview
|
|t:|1757826141
|teamsize|p1|6
|teamsize|p2|6
|start
|switch|p1a: Samurott|Samurott-Hisui, M|100/100
|switch|p2a: Ribombee|Ribombee, F|100/100
|turn|1
|inactive|Battle timer is ON: inactive players will automatically lose when time's up. (requested by ybg mihan)
|
|t:|1757826147
|move|p2a: Ribombee|Moonblast|p1a: Samurott
|-supereffective|p1a: Samurott
|-enditem|p1a: Samurott|Focus Sash
|-damage|p1a: Samurott|1/100
|move|p1a: Samurott|Razor Shell|p2a: Ribombee
|-damage|p2a: Ribombee|2/100
|
|upkeep
|turn|2
|
|t:|1757826154
|switch|p2a: Iron Valiant|Iron Valiant|100/100
|-enditem|p2a: Iron Valiant|Booster Energy
|-activate|p2a: Iron Valiant|ability: Quark Drive|[fromitem]
|-start|p2a: Iron Valiant|quarkdrivespa
|move|p1a: Samurott|Aqua Jet|p2a: Iron Valiant
|-damage|p2a: Iron Valiant|78/100
|
|upkeep
|turn|3
|
|t:|1757826163
|move|p2a: Iron Valiant|Vacuum Wave|p1a: Samurott
|-supereffective|p1a: Samurott
|-damage|p1a: Samurott|0 fnt
|faint|p1a: Samurott
|
|upkeep
|
|t:|1757826191
|switch|p1a: Iron Valiant|Iron Valiant|100/100
|-enditem|p1a: Iron Valiant|Booster Energy
|-activate|p1a: Iron Valiant|ability: Quark Drive|[fromitem]
|-start|p1a: Iron Valiant|quarkdrivespe
|turn|4
|inactive|ollybomb has 120 seconds left.
|
|t:|1757826233
|-end|p2a: Iron Valiant|Quark Drive|[silent]
|switch|p2a: Gholdengo|Gholdengo|100/100
|-item|p2a: Gholdengo|Air Balloon
|move|p1a: Iron Valiant|Moonblast|p2a: Gholdengo
|-resisted|p2a: Gholdengo
|-damage|p2a: Gholdengo|75/100
|-enditem|p2a: Gholdengo|Air Balloon
|
|upkeep
|turn|5
|
|t:|1757826251
|move|p1a: Iron Valiant|Calm Mind|p1a: Iron Valiant
|-boost|p1a: Iron Valiant|spa|1
|-boost|p1a: Iron Valiant|spd|1
|move|p2a: Gholdengo|Make It Rain|p1a: Iron Valiant
|-supereffective|p1a: Iron Valiant
|-damage|p1a: Iron Valiant|0 fnt
|-unboost|p2a: Gholdengo|spa|1
|faint|p1a: Iron Valiant
|-end|p1a: Iron Valiant|Quark Drive|[silent]
|
|upkeep
|
|t:|1757826255
|switch|p1a: Landorus|Landorus-Therian, M|100/100
|-ability|p1a: Landorus|Intimidate|boost
|-unboost|p2a: Gholdengo|atk|1
|turn|6
|
|t:|1757826263
|switch|p2a: Ribombee|Ribombee, F|2/100
|move|p1a: Landorus|Stealth Rock|p2a: Ribombee
|-sidestart|p2: ollybomb|move: Stealth Rock
|
|upkeep
|turn|7
|
|t:|1757826273
|move|p2a: Ribombee|Sticky Web|p1a: Landorus
|-sidestart|p1: ybg mihan|move: Sticky Web
|move|p1a: Landorus|Earthquake|p2a: Ribombee
|-resisted|p2a: Ribombee
|-damage|p2a: Ribombee|0 fnt
|faint|p2a: Ribombee
|
|upkeep
|
|t:|1757826284
|switch|p2a: Manaphy|Manaphy|100/100
|-damage|p2a: Manaphy|88/100|[from] Stealth Rock
|turn|8
|
|t:|1757826312
|move|p2a: Manaphy|Ice Beam|p1a: Landorus
|-supereffective|p1a: Landorus
|-enditem|p1a: Landorus|Focus Sash
|-damage|p1a: Landorus|1/100
|move|p1a: Landorus|Earthquake|p2a: Manaphy
|-damage|p2a: Manaphy|27/100
|
|-heal|p2a: Manaphy|34/100|[from] item: Leftovers
|upkeep
|turn|9
|
|t:|1757826317
|move|p2a: Manaphy|Ice Beam|p1a: Landorus
|-supereffective|p1a: Landorus
|-damage|p1a: Landorus|0 fnt
|faint|p1a: Landorus
|
|-heal|p2a: Manaphy|40/100|[from] item: Leftovers
|upkeep
|
|t:|1757826321
|switch|p1a: Raging Bolt|Raging Bolt|100/100
|-activate|p1a: Raging Bolt|move: Sticky Web
|-unboost|p1a: Raging Bolt|spe|1
|-enditem|p1a: Raging Bolt|Booster Energy
|-activate|p1a: Raging Bolt|ability: Protosynthesis|[fromitem]
|-start|p1a: Raging Bolt|protosynthesisspa
|turn|10
|
|t:|1757826329
|move|p2a: Manaphy|Ice Beam|p1a: Raging Bolt
|-supereffective|p1a: Raging Bolt
|-damage|p1a: Raging Bolt|51/100
|move|p1a: Raging Bolt|Thunderbolt|p2a: Manaphy
|-supereffective|p2a: Manaphy
|-damage|p2a: Manaphy|0 fnt
|faint|p2a: Manaphy
|
|upkeep
|
|t:|1757826337
|switch|p2a: Landorus|Landorus-Therian, M|100/100
|-damage|p2a: Landorus|88/100|[from] Stealth Rock
|-ability|p2a: Landorus|Intimidate|boost
|-unboost|p1a: Raging Bolt|atk|1
|turn|11
|
|t:|1757826342
|-end|p1a: Raging Bolt|Protosynthesis|[silent]
|switch|p1a: Zamazenta|Zamazenta|100/100
|-activate|p1a: Zamazenta|move: Sticky Web
|-unboost|p1a: Zamazenta|spe|1
|-ability|p1a: Zamazenta|Dauntless Shield|boost
|-boost|p1a: Zamazenta|def|1
|move|p2a: Landorus|Earthquake|p1a: Zamazenta
|-damage|p1a: Zamazenta|59/100
|
|upkeep
|turn|12
|inactive|ollybomb has 120 seconds left.
|
|t:|1757826382
|switch|p2a: Gholdengo|Gholdengo|75/100
|-damage|p2a: Gholdengo|69/100|[from] Stealth Rock
|move|p1a: Zamazenta|Ice Fang|p2a: Gholdengo
|-resisted|p2a: Gholdengo
|-damage|p2a: Gholdengo|52/100
|-damage|p1a: Zamazenta|49/100|[from] item: Life Orb
|
|upkeep
|turn|13
|
|t:|1757826385
|move|p2a: Gholdengo|Make It Rain|p1a: Zamazenta
|-damage|p1a: Zamazenta|0 fnt
|-unboost|p2a: Gholdengo|spa|1
|faint|p1a: Zamazenta
|
|upkeep
|
|t:|1757826394
|switch|p1a: Raging Bolt|Raging Bolt|51/100
|-activate|p1a: Raging Bolt|move: Sticky Web
|-unboost|p1a: Raging Bolt|spe|1
|turn|14
|inactive|ollybomb has 120 seconds left.
|
|t:|1757826417
|move|p2a: Gholdengo|Recover|p2a: Gholdengo
|-heal|p2a: Gholdengo|100/100
|move|p1a: Raging Bolt|Dragon Pulse|p2a: Gholdengo
|-resisted|p2a: Gholdengo
|-damage|p2a: Gholdengo|69/100
|
|upkeep
|turn|15
|
|t:|1757826422
|move|p2a: Gholdengo|Nasty Plot|p2a: Gholdengo
|-boost|p2a: Gholdengo|spa|2
|move|p1a: Raging Bolt|Dragon Pulse|p2a: Gholdengo
|-resisted|p2a: Gholdengo
|-damage|p2a: Gholdengo|42/100
|
|upkeep
|turn|16
|
|t:|1757826426
|move|p2a: Gholdengo|Recover|p2a: Gholdengo
|-heal|p2a: Gholdengo|92/100
|move|p1a: Raging Bolt|Thunderbolt|p2a: Gholdengo
|-damage|p2a: Gholdengo|34/100
|
|upkeep
|turn|17
|
|t:|1757826441
|switch|p2a: Landorus|Landorus-Therian, M|88/100
|-damage|p2a: Landorus|76/100|[from] Stealth Rock
|-ability|p2a: Landorus|Intimidate|boost
|-unboost|p1a: Raging Bolt|atk|1
|move|p1a: Raging Bolt|Thunderclap||[still]
|-fail|p1a: Raging Bolt
|
|upkeep
|turn|18
|
|t:|1757826444
|move|p2a: Landorus|Earthquake|p1a: Raging Bolt
|-supereffective|p1a: Raging Bolt
|-damage|p1a: Raging Bolt|0 fnt
|faint|p1a: Raging Bolt
|-end|p1a: Raging Bolt|Protosynthesis|[silent]
|
|upkeep
|
|t:|1757826447
|switch|p1a: Dragonite|Dragonite, M|100/100
|turn|19
|
|t:|1757826449
|move|p2a: Landorus|Smack Down|p1a: Dragonite
|-supereffective|p1a: Dragonite
|-damage|p1a: Dragonite|81/100
|-start|p1a: Dragonite|Smack Down
|move|p1a: Dragonite|Dragon Dance|p1a: Dragonite
|-boost|p1a: Dragonite|atk|1
|-boost|p1a: Dragonite|spe|1
|
|upkeep
|turn|20
|
|t:|1757826459
|-terastallize|p1a: Dragonite|Normal
|move|p1a: Dragonite|Encore|p2a: Landorus
|-start|p2a: Landorus|Encore
|move|p2a: Landorus|Smack Down|p1a: Dragonite
|-damage|p1a: Dragonite|59/100
|
|upkeep
|turn|21
|
|t:|1757826464
|switch|p2a: Gholdengo|Gholdengo|34/100
|-damage|p2a: Gholdengo|28/100|[from] Stealth Rock
|move|p1a: Dragonite|Dragon Dance|p1a: Dragonite
|-boost|p1a: Dragonite|atk|1
|-boost|p1a: Dragonite|spe|1
|
|upkeep
|turn|22
|
|t:|1757826467
|move|p1a: Dragonite|Earthquake|p2a: Gholdengo
|-supereffective|p2a: Gholdengo
|-damage|p2a: Gholdengo|0 fnt
|faint|p2a: Gholdengo
|
|upkeep
|
|t:|1757826475
|switch|p2a: Landorus|Landorus-Therian, M|76/100
|-damage|p2a: Landorus|64/100|[from] Stealth Rock
|-ability|p2a: Landorus|Intimidate|boost
|-unboost|p1a: Dragonite|atk|1
|turn|23
|
|t:|1757826478
|move|p1a: Dragonite|Extreme Speed|p2a: Landorus
|-damage|p2a: Landorus|0 fnt
|faint|p2a: Landorus
|
|upkeep
|inactive|ollybomb has 120 seconds left.
|
|t:|1757826529
|switch|p2a: Iron Valiant|Iron Valiant|78/100
|-damage|p2a: Iron Valiant|72/100|[from] Stealth Rock
|turn|24
|
|t:|1757826531
|-terastallize|p2a: Iron Valiant|Ghost
|move|p1a: Dragonite|Extreme Speed|p2a: Iron Valiant
|-immune|p2a: Iron Valiant
|move|p2a: Iron Valiant|Vacuum Wave|p1a: Dragonite
|-supereffective|p1a: Dragonite
|-damage|p1a: Dragonite|12/100
|
|upkeep
|turn|25
|
|t:|1757826536
|move|p2a: Iron Valiant|Vacuum Wave|p1a: Dragonite
|-supereffective|p1a: Dragonite
|-damage|p1a: Dragonite|0 fnt
|faint|p1a: Dragonite
|
|win|ollybomb
|raw|ybg mihan's rating: 1681 &rarr; <strong>1658</strong><br />(-23 for losing)
|raw|ollybomb's rating: 1625 &rarr; <strong>1648</strong><br />(+23 for winning)
|l|☆ollybomb
|player|p2|
|l|☆ybg mihan
|player|p1|
