|j|☆hungrymane
|j|☆Obito 2001
|t:|1757842172
|gametype|singles
|player|p1|hungrymane|101|1648
|player|p2|Obito 2001|blue-gen3two|1725
|gen|9
|tier|[Gen 9] OU
|rated|
|rule|HP Percentage Mod: HP is shown in percentages
|rule|Endless Battle Clause: Forcing endless battles is banned
|rule|Species Clause: Limit one of each Pokémon
|rule|OHKO Clause: OHKO moves are banned
|rule|Evasion Items Clause: Evasion items are banned
|rule|Evasion Moves Clause: Evasion moves are banned
|rule|Evasion Abilities Clause: Evasion abilities are banned
|rule|Sleep Moves Clause: Sleep-inducing moves are banned
|clearpoke
|poke|p1|Serperior, F|
|poke|p1|Gholdengo|
|poke|p1|Tentacruel, M|
|poke|p1|Landorus-Therian, M|
|poke|p1|Tinkaton, F|
|poke|p1|Zapdos|
|poke|p2|Forretress, F|
|poke|p2|Garchomp, M|
|poke|p2|Cinderace, F|
|poke|p2|Kyurem|
|poke|p2|Slowking-Galar, M|
|poke|p2|Tornadus-Therian, M|
|teampreview
|inactive|Battle timer is ON: inactive players will automatically lose when time's up. (requested by Obito 2001)
|
|t:|1757842192
|teamsize|p1|6
|teamsize|p2|6
|start
|switch|p1a: Tentacruel|Tentacruel, M|100/100
|switch|p2a: BunnyGirlSenpai|Cinderace, F|100/100
|turn|1
|
|t:|1757842201
|move|p2a: BunnyGirlSenpai|U-turn|p1a: Tentacruel
|-start|p2a: BunnyGirlSenpai|typechange|Bug|[from] ability: Libero
|-resisted|p1a: Tentacruel
|-damage|p1a: Tentacruel|66/100
|
|t:|1757842205
|switch|p2a: Slowking|Slowking-Galar, M|100/100|[from] U-turn
|move|p1a: Tentacruel|Knock Off|p2a: Slowking
|-supereffective|p2a: Slowking
|-damage|p2a: Slowking|69/100
|-enditem|p2a: Slowking|Heavy-Duty Boots|[from] move: Knock Off|[of] p1a: Tentacruel
|
|upkeep
|turn|2
|
|t:|1757842209
|move|p1a: Tentacruel|Toxic Spikes|p2a: Slowking
|-sidestart|p2: Obito 2001|move: Toxic Spikes
|-prepare|p2a: Slowking|Chilly Reception|[premajor]
|move|p2a: Slowking|Chilly Reception|p2a: Slowking
|-weather|Snowscape
|
|t:|1757842213
|switch|p2a: Forretress|Forretress, F, shiny|100/100|[from] Chilly Reception
|
|-weather|Snowscape|[upkeep]
|upkeep
|turn|3
|
|t:|1757842219
|switch|p2a: Slowking|Slowking-Galar, M|100/100
|-sideend|p2: Obito 2001|move: Toxic Spikes|[of] p2a: Slowking
|move|p1a: Tentacruel|Knock Off|p2a: Slowking
|-supereffective|p2a: Slowking
|-damage|p2a: Slowking|80/100
|
|-weather|Snowscape|[upkeep]
|upkeep
|turn|4
|
|t:|1757842223
|move|p1a: Tentacruel|Toxic Spikes|p2a: Slowking
|-sidestart|p2: Obito 2001|move: Toxic Spikes
|move|p2a: Slowking|Future Sight|p1a: Tentacruel
|-start|p2a: Slowking|move: Future Sight
|
|-weather|Snowscape|[upkeep]
|upkeep
|turn|5
|
|t:|1757842231
|move|p1a: Tentacruel|Rapid Spin|p2a: Slowking
|-damage|p2a: Slowking|72/100
|-boost|p1a: Tentacruel|spe|1
|-prepare|p2a: Slowking|Chilly Reception|[premajor]
|move|p2a: Slowking|Chilly Reception|p2a: Slowking
|
|t:|1757842235
|switch|p2a: Tornadus|Tornadus-Therian, M|100/100|[from] Chilly Reception
|
|-weather|Snowscape|[upkeep]
|upkeep
|turn|6
|j| Ctannn
|
|t:|1757842242
|switch|p1a: Tinkaton|Tinkaton, F|100/100
|-ability|p1a: Tinkaton|Mold Breaker
|switch|p2a: Slowking|Slowking-Galar, M|100/100
|-sideend|p2: Obito 2001|move: Toxic Spikes|[of] p2a: Slowking
|
|-weather|none
|-end|p1a: Tinkaton|move: Future Sight
|-resisted|p1a: Tinkaton
|-damage|p1a: Tinkaton|86/100
|-heal|p1a: Tinkaton|92/100|[from] item: Leftovers
|upkeep
|turn|7
|
|t:|1757842250
|move|p1a: Tinkaton|Thunder Wave|p2a: Slowking
|-status|p2a: Slowking|par
|move|p2a: Slowking|Thunder Wave|p1a: Tinkaton|[miss]
|-miss|p2a: Slowking|p1a: Tinkaton
|
|-heal|p1a: Tinkaton|98/100|[from] item: Leftovers
|upkeep
|turn|8
|
|t:|1757842256
|move|p1a: Tinkaton|Stealth Rock|p2a: Slowking
|-sidestart|p2: Obito 2001|move: Stealth Rock
|-prepare|p2a: Slowking|Chilly Reception|[premajor]
|move|p2a: Slowking|Chilly Reception|p2a: Slowking
|-weather|Snowscape
|
|t:|1757842263
|switch|p2a: Garchomp|Garchomp, M, shiny|100/100|[from] Chilly Reception
|-damage|p2a: Garchomp|94/100|[from] Stealth Rock
|
|-weather|Snowscape|[upkeep]
|-heal|p1a: Tinkaton|100/100|[from] item: Leftovers
|upkeep
|turn|9
|
|t:|1757842266
|switch|p1a: Landorus|Landorus-Therian, M|100/100
|-ability|p1a: Landorus|Intimidate|boost
|-unboost|p2a: Garchomp|atk|1
|move|p2a: Garchomp|Swords Dance|p2a: Garchomp
|-boost|p2a: Garchomp|atk|2
|
|-weather|Snowscape|[upkeep]
|upkeep
|turn|10
|
|t:|1757842275
|move|p2a: Garchomp|Scale Shot|p1a: Landorus
|-damage|p1a: Landorus|76/100
|-crit|p1a: Landorus
|-damage|p1a: Landorus|44/100
|-damage|p1a: Landorus|20/100
|-damage|p1a: Landorus|0 fnt
|faint|p1a: Landorus
|-hitcount|p1: Landorus|4
|-unboost|p2a: Garchomp|def|1
|-boost|p2a: Garchomp|spe|1
|
|-weather|Snowscape|[upkeep]
|upkeep
|
|t:|1757842282
|switch|p1a: Serperior|Serperior, F|100/100
|turn|11
|
|t:|1757842287
|move|p2a: Garchomp|Scale Shot|p1a: Serperior|[miss]
|-miss|p2a: Garchomp|p1a: Serperior
|move|p1a: Serperior|Glare|p2a: Garchomp
|-status|p2a: Garchomp|par
|
|-weather|Snowscape|[upkeep]
|upkeep
|turn|12
|
|t:|1757842292
|move|p1a: Serperior|Leech Seed|p2a: Garchomp
|-start|p2a: Garchomp|move: Leech Seed
|move|p2a: Garchomp|Scale Shot|p1a: Serperior
|-damage|p1a: Serperior|80/100
|-damage|p1a: Serperior|59/100
|-damage|p1a: Serperior|40/100
|-damage|p1a: Serperior|19/100
|-damage|p1a: Serperior|0 fnt
|faint|p1a: Serperior
|-hitcount|p1: Serperior|5
|-unboost|p2a: Garchomp|def|1
|-boost|p2a: Garchomp|spe|1
|
|-weather|none
|upkeep
|
|t:|1757842301
|switch|p1a: Zapdos|Zapdos|100/100
|-ability|p1a: Zapdos|Pressure
|turn|13
|
|t:|1757842303
|move|p1a: Zapdos|Protect|p1a: Zapdos
|-singleturn|p1a: Zapdos|Protect
|move|p2a: Garchomp|Scale Shot|p1a: Zapdos
|-activate|p1a: Zapdos|move: Protect
|
|-damage|p2a: Garchomp|82/100 par|[from] Leech Seed|[of] p1a: Zapdos
|upkeep
|turn|14
|
|t:|1757842307
|switch|p1a: Tinkaton|Tinkaton, F|100/100
|-ability|p1a: Tinkaton|Mold Breaker
|move|p2a: Garchomp|Scale Shot|p1a: Tinkaton
|-immune|p1a: Tinkaton
|
|-damage|p2a: Garchomp|70/100 par|[from] Leech Seed|[of] p1a: Tinkaton
|upkeep
|turn|15
|
|t:|1757842313
|switch|p1a: Zapdos|Zapdos|100/100
|-ability|p1a: Zapdos|Pressure
|cant|p2a: Garchomp|par
|
|-damage|p2a: Garchomp|57/100 par|[from] Leech Seed|[of] p1a: Zapdos
|upkeep
|turn|16
|
|t:|1757842322
|move|p1a: Zapdos|Protect|p1a: Zapdos
|-singleturn|p1a: Zapdos|Protect
|move|p2a: Garchomp|Swords Dance|p2a: Garchomp
|-boost|p2a: Garchomp|atk|2
|
|-damage|p2a: Garchomp|45/100 par|[from] Leech Seed|[of] p1a: Zapdos
|upkeep
|turn|17
|
|t:|1757842327
|switch|p1a: Tinkaton|Tinkaton, F|100/100
|-ability|p1a: Tinkaton|Mold Breaker
|move|p2a: Garchomp|Scale Shot|p1a: Tinkaton
|-immune|p1a: Tinkaton
|
|-damage|p2a: Garchomp|33/100 par|[from] Leech Seed|[of] p1a: Tinkaton
|upkeep
|turn|18
|j| Golem Rising
|
|t:|1757842330
|move|p2a: Garchomp|Earthquake|p1a: Tinkaton
|-supereffective|p1a: Tinkaton
|-damage|p1a: Tinkaton|0 fnt
|faint|p1a: Tinkaton
|
|upkeep
|
|t:|1757842333
|switch|p1a: Zapdos|Zapdos|100/100
|-ability|p1a: Zapdos|Pressure
|turn|19
|
|t:|1757842335
|move|p2a: Garchomp|Scale Shot|p1a: Zapdos
|-damage|p1a: Zapdos|66/100
|-damage|p1a: Zapdos|31/100
|-damage|p1a: Zapdos|0 fnt
|faint|p1a: Zapdos
|-hitcount|p1: Zapdos|3
|-unboost|p2a: Garchomp|def|1
|-boost|p2a: Garchomp|spe|1
|
|upkeep
|
|t:|1757842341
|switch|p1a: Tentacruel|Tentacruel, M|66/100
|turn|20
|
|t:|1757842346
|cant|p2a: Garchomp|par
|move|p1a: Tentacruel|Surf|p2a: Garchomp
|-damage|p2a: Garchomp|0 fnt
|faint|p2a: Garchomp
|
|upkeep
|j| wgw2333
|
|t:|1757842352
|switch|p2a: Forretress|Forretress, F, shiny|100/100
|-damage|p2a: Forretress|88/100|[from] Stealth Rock
|turn|21
|
|t:|1757842355
|switch|p1a: Gholdengo|Gholdengo|100/100
|move|p2a: Forretress|Rapid Spin|p1a: Gholdengo
|-immune|p1a: Gholdengo
|
|upkeep
|turn|22
|
|t:|1757842360
|move|p1a: Gholdengo|Thunder Wave|p2a: Forretress
|-status|p2a: Forretress|par
|cant|p2a: Forretress|par
|
|upkeep
|turn|23
|
|t:|1757842363
|move|p1a: Gholdengo|Hex|p2a: Forretress
|-damage|p2a: Forretress|10/100 par
|-enditem|p2a: Forretress|Red Card|[of] p1a: Gholdengo
|drag|p1a: Tentacruel|Tentacruel, M|66/100
|move|p2a: Forretress|Rapid Spin|p1a: Tentacruel
|-damage|p1a: Tentacruel|54/100
|-boost|p2a: Forretress|spe|1
|-sideend|p2: Obito 2001|Stealth Rock|[from] move: Rapid Spin|[of] p2a: Forretress
|
|upkeep
|turn|24
|
|t:|1757842370
|move|p1a: Tentacruel|Rapid Spin|p2a: Forretress
|-resisted|p2a: Forretress
|-damage|p2a: Forretress|8/100 par
|-boost|p1a: Tentacruel|spe|1
|move|p2a: Forretress|Volt Switch|p1a: Tentacruel
|-supereffective|p1a: Tentacruel
|-damage|p1a: Tentacruel|35/100
|
|t:|1757842377
|switch|p2a: Slowking|Slowking-Galar, M|100/100 par|[from] Volt Switch
|
|upkeep
|turn|25
|
|t:|1757842381
|move|p1a: Tentacruel|Toxic Spikes|p2a: Slowking
|-sidestart|p2: Obito 2001|move: Toxic Spikes
|cant|p2a: Slowking|par
|
|upkeep
|turn|26
|
|t:|1757842384
|switch|p1a: Gholdengo|Gholdengo|100/100
|move|p2a: Slowking|Future Sight|p1a: Gholdengo
|-start|p2a: Slowking|move: Future Sight
|
|upkeep
|turn|27
|
|t:|1757842387
|switch|p2a: Forretress|Forretress, F, shiny|8/100 par
|move|p1a: Gholdengo|Hex|p2a: Forretress
|-damage|p2a: Forretress|0 fnt
|faint|p2a: Forretress
|
|upkeep
|
|t:|1757842389
|switch|p2a: Slowking|Slowking-Galar, M|100/100 par
|-sideend|p2: Obito 2001|move: Toxic Spikes|[of] p2a: Slowking
|turn|28
|
|t:|1757842392
|switch|p1a: Tentacruel|Tentacruel, M|35/100
|switch|p2a: BunnyGirlSenpai|Cinderace, F|100/100
|
|-end|p1a: Tentacruel|move: Future Sight
|-supereffective|p1a: Tentacruel
|-damage|p1a: Tentacruel|0 fnt
|faint|p1a: Tentacruel
|upkeep
|
|t:|1757842395
|switch|p1a: Gholdengo|Gholdengo|100/100
|turn|29
|
|t:|1757842397
|-terastallize|p1a: Gholdengo|Fairy
|move|p2a: BunnyGirlSenpai|Pyro Ball|p1a: Gholdengo
|-damage|p1a: Gholdengo|24/100
|move|p1a: Gholdengo|Thunder Wave|p2a: BunnyGirlSenpai
|-status|p2a: BunnyGirlSenpai|par
|
|-heal|p1a: Gholdengo|30/100|[from] item: Leftovers
|upkeep
|turn|30
|
|t:|1757842402
|move|p1a: Gholdengo|Hex|p2a: BunnyGirlSenpai
|-damage|p2a: BunnyGirlSenpai|20/100 par
|move|p2a: BunnyGirlSenpai|Pyro Ball|p1a: Gholdengo
|-damage|p1a: Gholdengo|0 fnt
|faint|p1a: Gholdengo
|
|win|Obito 2001
|raw|hungrymane's rating: 1648 &rarr; <strong>1632</strong><br />(-16 for losing)
|raw|Obito 2001's rating: 1725 &rarr; <strong>1741</strong><br />(+16 for winning)
|l|☆hungrymane
|player|p1|
|l|☆Obito 2001
|player|p2|
|l| Golem Rising
