|j|☆myout
|j|☆ace1234560
|t:|1757923800
|gametype|singles
|player|p1|myout|hexmaniac-gen6|1260
|player|p2|ace1234560|2|1274
|gen|9
|tier|[Gen 9] OU
|rated|
|rule|HP Percentage Mod: HP is shown in percentages
|rule|Endless Battle Clause: Forcing endless battles is banned
|rule|Species Clause: Limit one of each Pokémon
|rule|OHKO Clause: OHKO moves are banned
|rule|Evasion Items Clause: Evasion items are banned
|rule|Evasion Moves Clause: Evasion moves are banned
|rule|Evasion Abilities Clause: Evasion abilities are banned
|rule|Sleep Moves Clause: Sleep-inducing moves are banned
|clearpoke
|poke|p1|Delphox, F|
|poke|p1|Indeedee, M|
|poke|p1|Slowking-Galar, F|
|poke|p1|Kleavor, M|
|poke|p1|Iron Valiant|
|poke|p1|Great Tusk|
|poke|p2|Conkeldurr, F|
|poke|p2|Ninetales-Alola, F|
|poke|p2|Hydrapple, F|
|poke|p2|Donphan, M|
|poke|p2|Ambipom, M|
|poke|p2|Rotom-Wash|
|teampreview
|inactive|Battle timer is ON: inactive players will automatically lose when time's up. (requested by myout)
|inactive|ace1234560 also wants the timer to be on.
|inactive|myout has 120 seconds left.
|
|t:|1757923837
|teamsize|p1|6
|teamsize|p2|6
|start
|switch|p1a: Delphox|Delphox, F, shiny|100/100
|switch|p2a: Ninetales|Ninetales-Alola, F|100/100
|-weather|Snowscape|[from] ability: Snow Warning|[of] p2a: Ninetales
|turn|1
|
|t:|1757923842
|move|p2a: Ninetales|Aurora Veil|p2a: Ninetales
|-sidestart|p2: ace1234560|move: Aurora Veil
|move|p1a: Delphox|Overheat|p2a: Ninetales
|-supereffective|p2a: Ninetales
|-damage|p2a: Ninetales|32/100
|-unboost|p1a: Delphox|spa|2
|-enditem|p1a: Delphox|Eject Pack
|
|t:|1757923847
|switch|p1a: Kleavor|Kleavor, M|100/100
|
|-weather|Snowscape|[upkeep]
|upkeep
|turn|2
|
|t:|1757923864
|move|p1a: Kleavor|Stone Axe|p2a: Ninetales
|-supereffective|p2a: Ninetales
|-damage|p2a: Ninetales|0 fnt
|-sidestart|p2: ace1234560|move: Stealth Rock
|faint|p2a: Ninetales
|
|-weather|Snowscape|[upkeep]
|upkeep
|
|t:|1757923869
|switch|p2a: Conkeldurr|Conkeldurr, F|100/100
|-damage|p2a: Conkeldurr|94/100|[from] Stealth Rock
|turn|3
|
|t:|1757923877
|switch|p1a: Indeedee|Indeedee, M|100/100
|-fieldstart|move: Psychic Terrain|[from] ability: Psychic Surge|[of] p1a: Indeedee
|move|p2a: Conkeldurr|Bulk Up|p2a: Conkeldurr
|-boost|p2a: Conkeldurr|atk|1
|-boost|p2a: Conkeldurr|def|1
|
|-weather|Snowscape|[upkeep]
|upkeep
|turn|4
|
|t:|1757923885
|-terastallize|p2a: Conkeldurr|Steel
|move|p1a: Indeedee|Expanding Force|p2a: Conkeldurr
|-resisted|p2a: Conkeldurr
|-damage|p2a: Conkeldurr|72/100
|move|p2a: Conkeldurr|Dynamic Punch|p1a: Indeedee|[miss]
|-miss|p2a: Conkeldurr|p1a: Indeedee
|-enditem|p2a: Conkeldurr|Blunder Policy
|-boost|p2a: Conkeldurr|spe|2
|
|-weather|Snowscape|[upkeep]
|upkeep
|turn|5
|
|t:|1757923900
|switch|p1a: Great Tusk|Great Tusk|100/100
|move|p2a: Conkeldurr|Stomping Tantrum|p1a: Great Tusk
|-damage|p1a: Great Tusk|48/100
|-damage|p2a: Conkeldurr|56/100|[from] item: Rocky Helmet|[of] p1a: Great Tusk
|
|-weather|none
|upkeep
|turn|6
|
|t:|1757923910
|move|p2a: Conkeldurr|Dynamic Punch|p1a: Great Tusk
|-damage|p1a: Great Tusk|0 fnt
|-damage|p2a: Conkeldurr|39/100|[from] item: Rocky Helmet|[of] p1a: Great Tusk
|faint|p1a: Great Tusk
|-end|p1a: Great Tusk|Protosynthesis|[silent]
|
|upkeep
|
|t:|1757923928
|switch|p1a: Iron Valiant|Iron Valiant|100/100
|-enditem|p1a: Iron Valiant|Booster Energy
|-activate|p1a: Iron Valiant|ability: Quark Drive|[fromitem]
|-start|p1a: Iron Valiant|quarkdrivespe
|turn|7
|
|t:|1757923937
|move|p1a: Iron Valiant|Encore|p2a: Conkeldurr
|-start|p2a: Conkeldurr|Encore
|move|p2a: Conkeldurr|Dynamic Punch|p1a: Iron Valiant|[miss]
|-miss|p2a: Conkeldurr|p1a: Iron Valiant
|
|upkeep
|turn|8
|
|t:|1757923943
|move|p1a: Iron Valiant|Shadow Ball|p2a: Conkeldurr
|-damage|p2a: Conkeldurr|20/100
|move|p2a: Conkeldurr|Dynamic Punch|p1a: Iron Valiant
|-resisted|p1a: Iron Valiant
|-damage|p1a: Iron Valiant|35/100
|-start|p1a: Iron Valiant|confusion
|
|-sideend|p2: ace1234560|move: Aurora Veil
|upkeep
|turn|9
|
|t:|1757923953
|-activate|p1a: Iron Valiant|confusion
|move|p1a: Iron Valiant|Shadow Ball|p2a: Conkeldurr
|-damage|p2a: Conkeldurr|0 fnt
|faint|p2a: Conkeldurr
|
|upkeep
|
|t:|1757923959
|switch|p2a: Ambipom|Ambipom, M|100/100
|-damage|p2a: Ambipom|88/100|[from] Stealth Rock
|turn|10
|
|t:|1757923964
|-activate|p1a: Iron Valiant|confusion
|move|p1a: Iron Valiant|Moonblast|p2a: Ambipom
|-damage|p2a: Ambipom|13/100
|move|p2a: Ambipom|Double Hit|p1a: Iron Valiant
|-damage|p1a: Iron Valiant|0 fnt
|faint|p1a: Iron Valiant
|-end|p1a: Iron Valiant|Quark Drive|[silent]
|-hitcount|p1: Iron Valiant|1
|
|-fieldend|move: Psychic Terrain
|upkeep
|
|t:|1757923972
|switch|p1a: Kleavor|Kleavor, M|100/100
|turn|11
|
|t:|1757923978
|move|p1a: Kleavor|U-turn|p2a: Ambipom
|-damage|p2a: Ambipom|0 fnt
|faint|p2a: Ambipom
|
|t:|1757923981
|switch|p1a: Indeedee|Indeedee, M|100/100|[from] U-turn
|-fieldstart|move: Psychic Terrain|[from] ability: Psychic Surge|[of] p1a: Indeedee
|
|upkeep
|
|t:|1757923986
|switch|p2a: Hydrapple|Hydrapple, F, shiny|100/100
|-damage|p2a: Hydrapple|88/100|[from] Stealth Rock
|turn|12
|
|t:|1757923995
|move|p1a: Indeedee|Expanding Force|p2a: Hydrapple
|-damage|p2a: Hydrapple|50/100
|move|p2a: Hydrapple|Leaf Storm|p1a: Indeedee
|-damage|p1a: Indeedee|21/100
|-unboost|p2a: Hydrapple|spa|2
|
|upkeep
|turn|13
|
|t:|1757924002
|switch|p2a: Donphan|Donphan, M|100/100
|-damage|p2a: Donphan|94/100|[from] Stealth Rock
|move|p1a: Indeedee|Expanding Force|p2a: Donphan
|-damage|p2a: Donphan|0 fnt
|faint|p2a: Donphan
|
|upkeep
|
|t:|1757924010
|switch|p2a: Hydrapple|Hydrapple, F, shiny|83/100
|-damage|p2a: Hydrapple|70/100|[from] Stealth Rock
|turn|14
|
|t:|1757924014
|switch|p1a: Slowking|Slowking-Galar, F|100/100
|move|p2a: Hydrapple|Fickle Beam|p1a: Slowking
|-damage|p1a: Slowking|79/100
|
|upkeep
|turn|15
|
|t:|1757924022
|move|p2a: Hydrapple|Fickle Beam|p1a: Slowking
|-damage|p1a: Slowking|58/100
|move|p1a: Slowking|Sludge Bomb|p2a: Hydrapple
|-supereffective|p2a: Hydrapple
|-damage|p2a: Hydrapple|26/100
|
|upkeep
|turn|16
|
|t:|1757924028
|switch|p2a: Rotom|Rotom-Wash|100/100
|-damage|p2a: Rotom|88/100|[from] Stealth Rock
|move|p1a: Slowking|Future Sight|p2a: Rotom
|-start|p1a: Slowking|move: Future Sight
|
|-heal|p2a: Rotom|94/100|[from] item: Leftovers
|upkeep
|turn|17
|
|t:|1757924039
|move|p2a: Rotom|Hydro Pump|p1a: Slowking
|-damage|p1a: Slowking|37/100
|-prepare|p1a: Slowking|Chilly Reception|[premajor]
|move|p1a: Slowking|Chilly Reception|p1a: Slowking
|-weather|Snowscape
|
|t:|1757924050
|switch|p1a: Kleavor|Kleavor, M|100/100|[from] Chilly Reception
|
|-weather|Snowscape|[upkeep]
|-heal|p2a: Rotom|100/100|[from] item: Leftovers
|upkeep
|turn|18
|
|t:|1757924058
|move|p1a: Kleavor|X-Scissor|p2a: Rotom
|-damage|p2a: Rotom|42/100
|move|p2a: Rotom|Will-O-Wisp|p1a: Kleavor
|-status|p1a: Kleavor|brn
|
|-weather|Snowscape|[upkeep]
|-end|p2a: Rotom|move: Future Sight
|-damage|p2a: Rotom|0 fnt
|faint|p2a: Rotom
|-damage|p1a: Kleavor|94/100 brn|[from] brn
|-fieldend|move: Psychic Terrain
|upkeep
|
|t:|1757924067
|switch|p2a: Hydrapple|Hydrapple, F, shiny|60/100
|-damage|p2a: Hydrapple|47/100|[from] Stealth Rock
|turn|19
|
|t:|1757924071
|move|p1a: Kleavor|X-Scissor|p2a: Hydrapple
|-supereffective|p2a: Hydrapple
|-damage|p2a: Hydrapple|0 fnt
|faint|p2a: Hydrapple
|
|win|myout
|raw|myout's rating: 1260 &rarr; <strong>1285</strong><br />(+25 for winning)
|raw|ace1234560's rating: 1254 &rarr; <strong>1229</strong><br />(-25 for losing)
|l|☆myout
|player|p1|
