|j|☆pedrinho77778
|j|☆ZeonNynja
|t:|1757901154
|gametype|singles
|player|p1|pedrinho77778|red|1402
|player|p2|ZeonNynja|volkner|1397
|gen|9
|tier|[Gen 9] OU
|rated|
|rule|HP Percentage Mod: HP is shown in percentages
|rule|Endless Battle Clause: Forcing endless battles is banned
|rule|Species Clause: Limit one of each Pokémon
|rule|OHKO Clause: OHKO moves are banned
|rule|Evasion Items Clause: Evasion items are banned
|rule|Evasion Moves Clause: Evasion moves are banned
|rule|Evasion Abilities Clause: Evasion abilities are banned
|rule|Sleep Moves Clause: Sleep-inducing moves are banned
|clearpoke
|poke|p1|Moltres|
|poke|p1|Iron Moth|
|poke|p1|Great Tusk|
|poke|p1|Murkrow, F|
|poke|p1|Garganacl, F|
|poke|p1|Meowscarada, M|
|poke|p2|Salamence, M|
|poke|p2|Ting-Lu|
|poke|p2|Ogerpon-Wellspring, F|
|poke|p2|Iron Treads|
|poke|p2|Iron Moth|
|poke|p2|Scizor, M|
|teampreview
|
|t:|1757901160
|teamsize|p1|6
|teamsize|p2|6
|start
|switch|p1a: Garganacl|Garganacl, F|100/100
|switch|p2a: Ting-Lu|Ting-Lu, shiny|100/100
|-ability|p2a: Ting-Lu|Vessel of Ruin
|turn|1
|
|t:|1757901166
|move|p2a: Ting-Lu|Stealth Rock|p1a: Garganacl
|-sidestart|p1: pedrinho77778|move: Stealth Rock
|move|p1a: Garganacl|Stealth Rock|p2a: Ting-Lu
|-sidestart|p2: ZeonNynja|move: Stealth Rock
|
|upkeep
|turn|2
|
|t:|1757901171
|switch|p1a: Great Tusk|Great Tusk|100/100
|move|p2a: Ting-Lu|Ruination|p1a: Great Tusk
|-damage|p1a: Great Tusk|50/100
|
|upkeep
|turn|3
|
|t:|1757901182
|-terastallize|p2a: Ting-Lu|Ghost
|move|p1a: Great Tusk|Rapid Spin|p2a: Ting-Lu
|-immune|p2a: Ting-Lu
|move|p2a: Ting-Lu|Spikes|p1a: Great Tusk
|-sidestart|p1: pedrinho77778|Spikes
|
|upkeep
|turn|4
|
|t:|1757901194
|-end|p1a: Great Tusk|Protosynthesis|[silent]
|switch|p1a: Murkrow|Murkrow, F|100/100
|-damage|p1a: Murkrow|75/100|[from] Stealth Rock
|move|p2a: Ting-Lu|Earthquake|p1a: Murkrow
|-immune|p1a: Murkrow
|
|upkeep
|turn|5
|
|t:|1757901202
|switch|p2a: Scizor|Scizor, M, shiny|100/100
|-damage|p2a: Scizor|88/100|[from] Stealth Rock
|move|p1a: Murkrow|Taunt|p2a: Scizor
|-start|p2a: Scizor|move: Taunt
|
|-heal|p2a: Scizor|94/100|[from] item: Leftovers
|upkeep
|turn|6
|
|t:|1757901205
|move|p1a: Murkrow|Thunder Wave|p2a: Scizor
|-status|p2a: Scizor|par
|move|p2a: Scizor|Bullet Punch|p1a: Murkrow
|-damage|p1a: Murkrow|38/100
|
|-heal|p2a: Scizor|100/100 par|[from] item: Leftovers
|upkeep
|turn|7
|
|t:|1757901215
|move|p2a: Scizor|Bullet Punch|p1a: Murkrow
|-damage|p1a: Murkrow|1/100
|move|p1a: Murkrow|Foul Play|p2a: Scizor
|-damage|p2a: Scizor|43/100 par
|
|-heal|p2a: Scizor|49/100 par|[from] item: Leftovers
|-end|p2a: Scizor|move: Taunt
|upkeep
|turn|8
|
|t:|1757901223
|move|p2a: Scizor|Bullet Punch|p1a: Murkrow
|-damage|p1a: Murkrow|0 fnt
|faint|p1a: Murkrow
|
|-heal|p2a: Scizor|55/100 par|[from] item: Leftovers
|upkeep
|
|t:|1757901231
|switch|p1a: Iron Moth|Iron Moth|100/100
|-damage|p1a: Iron Moth|76/100|[from] Stealth Rock
|-damage|p1a: Iron Moth|63/100|[from] Spikes
|-enditem|p1a: Iron Moth|Booster Energy
|-activate|p1a: Iron Moth|ability: Quark Drive|[fromitem]
|-start|p1a: Iron Moth|quarkdrivespe
|turn|9
|
|t:|1757901240
|switch|p2a: Ting-Lu|Ting-Lu, shiny, tera:Ghost|100/100
|-damage|p2a: Ting-Lu|88/100|[from] Stealth Rock
|-ability|p2a: Ting-Lu|Vessel of Ruin
|move|p1a: Iron Moth|Substitute|p1a: Iron Moth
|-start|p1a: Iron Moth|Substitute
|-damage|p1a: Iron Moth|38/100
|
|-heal|p2a: Ting-Lu|94/100|[from] item: Leftovers
|upkeep
|turn|10
|
|t:|1757901244
|move|p1a: Iron Moth|Fiery Dance|p2a: Ting-Lu
|-damage|p2a: Ting-Lu|78/100
|-boost|p1a: Iron Moth|spa|1
|move|p2a: Ting-Lu|Earthquake|p1a: Iron Moth
|-supereffective|p1a: Iron Moth
|-end|p1a: Iron Moth|Substitute
|
|-heal|p2a: Ting-Lu|84/100|[from] item: Leftovers
|upkeep
|turn|11
|
|t:|1757901261
|-terastallize|p1a: Iron Moth|Ground
|move|p1a: Iron Moth|Tera Blast|p2a: Ting-Lu|[anim] Tera Blast Ground
|-damage|p2a: Ting-Lu|58/100
|move|p2a: Ting-Lu|Earthquake|p1a: Iron Moth
|-damage|p1a: Iron Moth|0 fnt
|faint|p1a: Iron Moth
|-end|p1a: Iron Moth|Quark Drive|[silent]
|
|-heal|p2a: Ting-Lu|64/100|[from] item: Leftovers
|upkeep
|c|☆pedrinho77778|gg
|-message|pedrinho77778 forfeited.
|
|win|ZeonNynja
|raw|pedrinho77778's rating: 1402 &rarr; <strong>1382</strong><br />(-20 for losing)
|raw|ZeonNynja's rating: 1397 &rarr; <strong>1417</strong><br />(+20 for winning)
|l|☆pedrinho77778
|player|p1|
|l|☆ZeonNynja
|player|p2|
