|j|‽tasty sardine 408
|j|☆Elsquidwardo
|t:|1757876119
|gametype|singles
|player|p1|tasty sardine 408|harlequin|1571
|player|p2|Elsquidwardo|plasmagrunt|1542
|gen|9
|tier|[Gen 9] OU
|rated|
|rule|HP Percentage Mod: HP is shown in percentages
|rule|Endless Battle Clause: Forcing endless battles is banned
|rule|Species Clause: Limit one of each Pokémon
|rule|OHKO Clause: OHKO moves are banned
|rule|Evasion Items Clause: Evasion items are banned
|rule|Evasion Moves Clause: Evasion moves are banned
|rule|Evasion Abilities Clause: Evasion abilities are banned
|rule|Sleep Moves Clause: Sleep-inducing moves are banned
|clearpoke
|poke|p1|Umbreon, F|
|poke|p1|Serperior, F|
|poke|p1|Cresselia, F|
|poke|p1|Revavroom, F|
|poke|p1|Skeledirge, F|
|poke|p1|Manaphy|
|poke|p2|Heatran, M|
|poke|p2|Landorus-Therian, M|
|poke|p2|Gholdengo|
|poke|p2|Garganacl, F|
|poke|p2|Ogerpon-Wellspring, F|
|poke|p2|Corviknight, M|
|teampreview
|
|t:|1757876129
|teamsize|p1|6
|teamsize|p2|6
|start
|switch|p1a: Serperior|Serperior, F, shiny|100/100
|switch|p2a: Landorus|Landorus-Therian, M|100/100
|-ability|p2a: Landorus|Intimidate|boost
|-boost|p1a: Serperior|atk|1
|turn|1
|inactive|Battle timer is ON: inactive players will automatically lose when time's up. (requested by tasty sardine 408)
|
|t:|1757876135
|move|p1a: Serperior|Leaf Storm|p2a: Landorus
|-damage|p2a: Landorus|59/100
|-boost|p1a: Serperior|spa|2
|move|p2a: Landorus|U-turn|p1a: Serperior
|-supereffective|p1a: Serperior
|-damage|p1a: Serperior|56/100
|
|t:|1757876140
|switch|p2a: Corviknight|Corviknight, M|100/100|[from] U-turn
|-ability|p2a: Corviknight|Pressure
|
|-heal|p1a: Serperior|63/100|[from] item: Leftovers
|upkeep
|turn|2
|
|t:|1757876146
|-terastallize|p1a: Serperior|Electric
|move|p1a: Serperior|Glare|p2a: Corviknight
|-status|p2a: Corviknight|par
|move|p2a: Corviknight|Brave Bird|p1a: Serperior
|-resisted|p1a: Serperior
|-damage|p1a: Serperior|44/100
|-damage|p2a: Corviknight|95/100 par|[from] Recoil
|
|-heal|p1a: Serperior|50/100|[from] item: Leftovers
|upkeep
|turn|3
|
|t:|1757876150
|switch|p2a: Landorus|Landorus-Therian, M|59/100
|-ability|p2a: Landorus|Intimidate|boost
|-boost|p1a: Serperior|atk|1
|move|p1a: Serperior|Synthesis|p1a: Serperior
|-heal|p1a: Serperior|99/100
|
|-heal|p1a: Serperior|100/100|[from] item: Leftovers
|upkeep
|turn|4
|
|t:|1757876158
|move|p1a: Serperior|Leaf Storm|p2a: Landorus|[miss]
|-miss|p1a: Serperior|p2a: Landorus
|move|p2a: Landorus|Earth Power|p1a: Serperior
|-supereffective|p1a: Serperior
|-damage|p1a: Serperior|34/100
|
|-heal|p1a: Serperior|41/100|[from] item: Leftovers
|upkeep
|turn|5
|
|t:|1757876165
|move|p1a: Serperior|Leaf Storm|p2a: Landorus|[miss]
|-miss|p1a: Serperior|p2a: Landorus
|move|p2a: Landorus|Earth Power|p1a: Serperior
|-supereffective|p1a: Serperior
|-crit|p1a: Serperior
|-damage|p1a: Serperior|0 fnt
|faint|p1a: Serperior
|
|upkeep
|c|☆Elsquidwardo|sorry
|
|t:|1757876176
|switch|p1a: Manaphy|Manaphy, shiny|100/100
|turn|6
|
|t:|1757876184
|switch|p2a: Ogerpon|Ogerpon-Wellspring, F|100/100
|move|p1a: Manaphy|Acid Armor|p1a: Manaphy
|-boost|p1a: Manaphy|def|2
|
|upkeep
|turn|7
|
|t:|1757876187
|move|p2a: Ogerpon|Swords Dance|p2a: Ogerpon
|-boost|p2a: Ogerpon|atk|2
|move|p1a: Manaphy|Acid Armor|p1a: Manaphy
|-boost|p1a: Manaphy|def|2
|
|upkeep
|turn|8
|
|t:|1757876192
|move|p2a: Ogerpon|Power Whip|p1a: Manaphy
|-supereffective|p1a: Manaphy
|-damage|p1a: Manaphy|23/100
|move|p1a: Manaphy|Take Heart|p1a: Manaphy
|-boost|p1a: Manaphy|spa|1
|-boost|p1a: Manaphy|spd|1
|
|-heal|p1a: Manaphy|29/100|[from] item: Leftovers
|upkeep
|turn|9
|
|t:|1757876197
|move|p2a: Ogerpon|Power Whip|p1a: Manaphy
|-supereffective|p1a: Manaphy
|-damage|p1a: Manaphy|0 fnt
|faint|p1a: Manaphy
|
|upkeep
|
|t:|1757876200
|switch|p1a: Revavroom|Revavroom, F, shiny|100/100
|-item|p1a: Revavroom|Air Balloon
|turn|10
|
|t:|1757876203
|move|p2a: Ogerpon|Ivy Cudgel|p1a: Revavroom|[anim] Ivy Cudgel Water
|-damage|p1a: Revavroom|0 fnt
|-enditem|p1a: Revavroom|Air Balloon
|faint|p1a: Revavroom
|
|upkeep
|
|t:|1757876206
|switch|p1a: Umbreon|Umbreon, F, shiny|100/100
|turn|11
|
|t:|1757876211
|move|p2a: Ogerpon|Ivy Cudgel|p1a: Umbreon|[anim] Ivy Cudgel Water
|-damage|p1a: Umbreon|19/100
|move|p1a: Umbreon|Foul Play|p2a: Ogerpon
|-damage|p2a: Ogerpon|0 fnt
|faint|p2a: Ogerpon
|
|-heal|p1a: Umbreon|25/100|[from] item: Leftovers
|upkeep
|
|t:|1757876216
|switch|p2a: Landorus|Landorus-Therian, M|59/100
|-ability|p2a: Landorus|Intimidate|boost
|-unboost|p1a: Umbreon|atk|1
|turn|12
|
|t:|1757876218
|move|p2a: Landorus|U-turn|p1a: Umbreon
|-supereffective|p1a: Umbreon
|-damage|p1a: Umbreon|0 fnt
|faint|p1a: Umbreon
|
|t:|1757876222
|switch|p2a: Heatran|Heatran, M|100/100|[from] U-turn
|
|upkeep
|
|t:|1757876226
|switch|p1a: Skeledirge|Skeledirge, F, shiny|100/100
|turn|13
|
|t:|1757876228
|move|p2a: Heatran|Taunt|p1a: Skeledirge
|-start|p1a: Skeledirge|move: Taunt
|move|p1a: Skeledirge|Hex|p2a: Heatran
|-damage|p2a: Heatran|84/100
|
|-heal|p2a: Heatran|90/100|[from] item: Leftovers
|upkeep
|turn|14
|
|t:|1757876231
|move|p2a: Heatran|Earth Power|p1a: Skeledirge
|-supereffective|p1a: Skeledirge
|-damage|p1a: Skeledirge|57/100
|move|p1a: Skeledirge|Hex|p2a: Heatran
|-damage|p2a: Heatran|75/100
|
|-heal|p2a: Heatran|81/100|[from] item: Leftovers
|upkeep
|turn|15
|
|t:|1757876233
|move|p2a: Heatran|Earth Power|p1a: Skeledirge
|-supereffective|p1a: Skeledirge
|-damage|p1a: Skeledirge|19/100
|-unboost|p1a: Skeledirge|spd|1
|move|p1a: Skeledirge|Hex|p2a: Heatran
|-damage|p2a: Heatran|65/100
|
|-heal|p2a: Heatran|71/100|[from] item: Leftovers
|-end|p1a: Skeledirge|move: Taunt
|upkeep
|turn|16
|
|t:|1757876235
|move|p2a: Heatran|Earth Power|p1a: Skeledirge
|-supereffective|p1a: Skeledirge
|-damage|p1a: Skeledirge|0 fnt
|faint|p1a: Skeledirge
|
|-heal|p2a: Heatran|78/100|[from] item: Leftovers
|upkeep
|
|t:|1757876237
|switch|p1a: Cresselia|Cresselia, F, shiny|100/100
|turn|17
|
|t:|1757876240
|move|p1a: Cresselia|Moonblast|p2a: Heatran
|-resisted|p2a: Heatran
|-damage|p2a: Heatran|75/100
|-unboost|p2a: Heatran|spa|1
|move|p2a: Heatran|Taunt|p1a: Cresselia
|-start|p1a: Cresselia|move: Taunt
|
|-heal|p2a: Heatran|82/100|[from] item: Leftovers
|upkeep
|turn|18
|
|t:|1757876244
|move|p1a: Cresselia|Moonblast|p2a: Heatran
|-resisted|p2a: Heatran
|-damage|p2a: Heatran|79/100
|move|p2a: Heatran|Magma Storm|p1a: Cresselia|[miss]
|-miss|p2a: Heatran|p1a: Cresselia
|
|-heal|p2a: Heatran|85/100|[from] item: Leftovers
|upkeep
|turn|19
|
|t:|1757876249
|switch|p2a: Garganacl|Garganacl, F|100/100
|move|p1a: Cresselia|Moonblast|p2a: Garganacl
|-damage|p2a: Garganacl|89/100
|-unboost|p2a: Garganacl|spa|1
|
|-heal|p2a: Garganacl|95/100|[from] item: Leftovers
|upkeep
|turn|20
|
|t:|1757876251
|move|p1a: Cresselia|Moonblast|p2a: Garganacl
|-damage|p2a: Garganacl|83/100
|move|p2a: Garganacl|Salt Cure|p1a: Cresselia
|-damage|p1a: Cresselia|93/100
|-start|p1a: Cresselia|Salt Cure
|
|-heal|p1a: Cresselia|99/100|[from] item: Leftovers
|-heal|p2a: Garganacl|89/100|[from] item: Leftovers
|-damage|p1a: Cresselia|87/100|[from] Salt Cure
|-end|p1a: Cresselia|move: Taunt
|upkeep
|turn|21
|
|t:|1757876254
|switch|p2a: Heatran|Heatran, M|85/100
|move|p1a: Cresselia|Calm Mind|p1a: Cresselia
|-boost|p1a: Cresselia|spa|1
|-boost|p1a: Cresselia|spd|1
|
|-heal|p1a: Cresselia|93/100|[from] item: Leftovers
|-heal|p2a: Heatran|91/100|[from] item: Leftovers
|-damage|p1a: Cresselia|80/100|[from] Salt Cure
|upkeep
|turn|22
|
|t:|1757876257
|move|p1a: Cresselia|Calm Mind|p1a: Cresselia
|-boost|p1a: Cresselia|spa|1
|-boost|p1a: Cresselia|spd|1
|move|p2a: Heatran|Taunt|p1a: Cresselia
|-start|p1a: Cresselia|move: Taunt
|
|-heal|p1a: Cresselia|86/100|[from] item: Leftovers
|-heal|p2a: Heatran|98/100|[from] item: Leftovers
|-damage|p1a: Cresselia|74/100|[from] Salt Cure
|upkeep
|turn|23
|
|t:|1757876260
|move|p1a: Cresselia|Moonblast|p2a: Heatran
|-resisted|p2a: Heatran
|-damage|p2a: Heatran|92/100
|move|p2a: Heatran|Will-O-Wisp|p1a: Cresselia
|-status|p1a: Cresselia|brn
|
|-heal|p1a: Cresselia|80/100 brn|[from] item: Leftovers
|-heal|p2a: Heatran|98/100|[from] item: Leftovers
|-damage|p1a: Cresselia|74/100 brn|[from] brn
|-damage|p1a: Cresselia|62/100 brn|[from] Salt Cure
|upkeep
|turn|24
|
|t:|1757876265
|move|p1a: Cresselia|Moonblast|p2a: Heatran
|-resisted|p2a: Heatran
|-damage|p2a: Heatran|92/100
|move|p2a: Heatran|Magma Storm|p1a: Cresselia
|-damage|p1a: Cresselia|47/100 brn
|-activate|p1a: Cresselia|move: Magma Storm|[of] p2a: Heatran
|
|-heal|p1a: Cresselia|53/100 brn|[from] item: Leftovers
|-heal|p2a: Heatran|99/100|[from] item: Leftovers
|-damage|p1a: Cresselia|47/100 brn|[from] brn
|-damage|p1a: Cresselia|35/100 brn|[from] move: Magma Storm|[partiallytrapped]
|-damage|p1a: Cresselia|23/100 brn|[from] Salt Cure
|upkeep
|turn|25
|
|t:|1757876276
|move|p1a: Cresselia|Moonblast|p2a: Heatran
|-resisted|p2a: Heatran
|-damage|p2a: Heatran|93/100
|move|p2a: Heatran|Magma Storm|p1a: Cresselia
|-damage|p1a: Cresselia|7/100 brn
|
|-heal|p1a: Cresselia|13/100 brn|[from] item: Leftovers
|-heal|p2a: Heatran|99/100|[from] item: Leftovers
|-damage|p1a: Cresselia|7/100 brn|[from] brn
|-damage|p1a: Cresselia|0 fnt|[from] Salt Cure
|faint|p1a: Cresselia
|
|win|Elsquidwardo
|raw|tasty sardine 408's rating: 1571 &rarr; <strong>1549</strong><br />(-22 for losing)
|raw|Elsquidwardo's rating: 1542 &rarr; <strong>1564</strong><br />(+22 for winning)
|l|‽tasty sardine 408
|player|p1|
|l|☆Elsquidwardo
|player|p2|
