|j|☆ggg1000
|j|☆ghostgirlrawr
|t:|1757789694
|gametype|singles
|player|p1|ggg1000|eusine|1054
|player|p2|ghostgirlrawr|roxie|1108
|gen|9
|tier|[Gen 9] OU
|rated|
|rule|HP Percentage Mod: HP is shown in percentages
|rule|Endless Battle Clause: Forcing endless battles is banned
|rule|Species Clause: Limit one of each Pokémon
|rule|OHKO Clause: OHKO moves are banned
|rule|Evasion Items Clause: Evasion items are banned
|rule|Evasion Moves Clause: Evasion moves are banned
|rule|Evasion Abilities Clause: Evasion abilities are banned
|rule|Sleep Moves Clause: Sleep-inducing moves are banned
|clearpoke
|poke|p1|Politoed, M|
|poke|p1|Rotom-Wash|
|poke|p1|Meowstic, M|
|poke|p1|Samurott-Hisui, F|
|poke|p1|Feraligatr, F|
|poke|p1|Suicune|
|poke|p2|Clawitzer, M|
|poke|p2|Ogerpon, F|
|poke|p2|Kingambit, F|
|poke|p2|Slowking-Galar, F|
|poke|p2|Great Tusk|
|poke|p2|Dragapult, F|
|teampreview
|
|t:|1757789710
|teamsize|p1|6
|teamsize|p2|6
|start
|switch|p1a: Rotom|Rotom-Wash|100/100
|switch|p2a: Ogerpon|Ogerpon, F|100/100
|turn|1
|
|t:|1757789722
|switch|p1a: Meowstic|Meowstic, M, shiny|100/100
|move|p2a: Ogerpon|U-turn|p1a: Meowstic
|-supereffective|p1a: Meowstic
|-damage|p1a: Meowstic|9/100
|
|t:|1757789731
|switch|p2a: Clawitzer|Clawitzer, M|100/100|[from] U-turn
|
|upkeep
|turn|2
|
|t:|1757789736
|move|p1a: Meowstic|Light Screen|p1a: Meowstic
|-sidestart|p1: ggg1000|move: Light Screen
|move|p2a: Clawitzer|U-turn|p1a: Meowstic
|-supereffective|p1a: Meowstic
|-damage|p1a: Meowstic|0 fnt
|faint|p1a: Meowstic
|
|t:|1757789743
|switch|p2a: Slowking|Slowking-Galar, F|100/100|[from] U-turn
|
|upkeep
|
|t:|1757789746
|switch|p1a: Politoed|Politoed, M, shiny|100/100
|-weather|RainDance|[from] ability: Drizzle|[of] p1a: Politoed
|turn|3
|
|t:|1757789751
|move|p1a: Politoed|Protect|p1a: Politoed
|-singleturn|p1a: Politoed|Protect
|move|p2a: Slowking|Thunder Wave|p1a: Politoed
|-activate|p1a: Politoed|move: Protect
|
|-weather|RainDance|[upkeep]
|upkeep
|turn|4
|
|t:|1757789758
|move|p1a: Politoed|Earth Power|p2a: Slowking
|-supereffective|p2a: Slowking
|-damage|p2a: Slowking|68/100
|move|p2a: Slowking|Thunder Wave|p1a: Politoed
|-status|p1a: Politoed|par
|
|-weather|RainDance|[upkeep]
|upkeep
|turn|5
|
|t:|1757789766
|-prepare|p2a: Slowking|Chilly Reception|[premajor]
|move|p2a: Slowking|Chilly Reception|p2a: Slowking
|-weather|Snowscape
|
|t:|1757789773
|switch|p2a: Ogerpon|Ogerpon, F|100/100|[from] Chilly Reception
|cant|p1a: Politoed|par
|
|-weather|Snowscape|[upkeep]
|upkeep
|turn|6
|-message|ggg1000 forfeited.
|
|win|ghostgirlrawr
|raw|ggg1000's rating: 1054 &rarr; <strong>1039</strong><br />(-15 for losing)
|raw|ghostgirlrawr's rating: 1108 &rarr; <strong>1129</strong><br />(+21 for winning)
|l|☆ggg1000
|player|p1|
|l|☆ghostgirlrawr
|player|p2|
