|j|☆reachinsideofme
|j|☆ALEXXX100407
|t:|1757916425
|gametype|singles
|player|p1|reachinsideofme|102|1089
|player|p2|ALEXXX100407|hugh|1118
|gen|9
|tier|[Gen 9] OU
|rated|
|rule|HP Percentage Mod: HP is shown in percentages
|rule|Endless Battle Clause: Forcing endless battles is banned
|rule|Species Clause: Limit one of each Pokémon
|rule|OHKO Clause: OHKO moves are banned
|rule|Evasion Items Clause: Evasion items are banned
|rule|Evasion Moves Clause: Evasion moves are banned
|rule|Evasion Abilities Clause: Evasion abilities are banned
|rule|Sleep Moves Clause: Sleep-inducing moves are banned
|clearpoke
|poke|p1|Zamazenta-*|
|poke|p1|Cinderace, M|
|poke|p1|Clodsire, F|
|poke|p1|Deoxys-Speed|
|poke|p1|Ogerpon-Wellspring, F|
|poke|p1|Zoroark-Hisui, F|
|poke|p2|Ambipom, F|
|poke|p2|Comfey, F|
|poke|p2|Kingambit, M|
|poke|p2|Gliscor, M|
|poke|p2|Eelektross, M|
|poke|p2|Dragonite, F|
|teampreview
|inactive|Battle timer is ON: inactive players will automatically lose when time's up. (requested by reachinsideofme)
|
|t:|1757916457
|teamsize|p1|6
|teamsize|p2|6
|start
|switch|p1a: Ogerpon|Ogerpon-Wellspring, F|100/100
|switch|p2a: Ambipom|Ambipom, F, shiny|100/100
|turn|1
|
|t:|1757916461
|switch|p1a: Clodsire|Clodsire, F|100/100
|-item|p1a: Clodsire|Air Balloon
|move|p2a: Ambipom|Knock Off|p1a: Clodsire
|-supereffective|p1a: Clodsire
|-damage|p1a: Clodsire|0 fnt
|replace|p1a: Zoroark|Zoroark-Hisui, F
|-end|p1a: Zoroark|Illusion
|-enditem|p1a: Zoroark|Air Balloon
|faint|p1a: Zoroark
|-damage|p2a: Ambipom|91/100|[from] item: Life Orb
|
|upkeep
|
|t:|1757916467
|switch|p1a: Ogerpon|Ogerpon-Wellspring, F|100/100
|turn|2
|
|t:|1757916473
|-terastallize|p1a: Ogerpon|Water
|detailschange|p1a: Ogerpon|Ogerpon-Wellspring-Tera, F, tera:Water
|-ability|p1a: Ogerpon|Embody Aspect (Wellspring)|boost
|-boost|p1a: Ogerpon|spd|1
|move|p1a: Ogerpon|Ivy Cudgel|p2a: Ambipom|[anim] Ivy Cudgel Water
|-damage|p2a: Ambipom|0 fnt
|faint|p2a: Ambipom
|
|upkeep
|
|t:|1757916485
|switch|p2a: Eelektross|Eelektross, M|100/100
|turn|3
|
|t:|1757916488
|switch|p1a: Clodsire|Clodsire, F|100/100
|-item|p1a: Clodsire|Air Balloon
|move|p2a: Eelektross|Coil|p2a: Eelektross
|-boost|p2a: Eelektross|atk|1
|-boost|p2a: Eelektross|def|1
|-boost|p2a: Eelektross|accuracy|1
|
|upkeep
|turn|4
|
|t:|1757916494
|move|p1a: Clodsire|Toxic|p2a: Eelektross
|-status|p2a: Eelektross|tox
|move|p2a: Eelektross|Dragon Tail|p1a: Clodsire
|-damage|p1a: Clodsire|76/100
|-enditem|p1a: Clodsire|Air Balloon
|drag|p1a: Zamazenta|Zamazenta|100/100
|-ability|p1a: Zamazenta|Dauntless Shield|boost
|-boost|p1a: Zamazenta|def|1
|
|-damage|p2a: Eelektross|94/100 tox|[from] psn
|upkeep
|turn|5
|
|t:|1757916499
|switch|p1a: Clodsire|Clodsire, F|76/100
|move|p2a: Eelektross|Drain Punch|p1a: Clodsire
|-resisted|p1a: Clodsire
|-damage|p1a: Clodsire|62/100
|-heal|p2a: Eelektross|100/100 tox|[from] drain|[of] p1a: Clodsire
|
|-damage|p2a: Eelektross|88/100 tox|[from] psn
|upkeep
|turn|6
|
|t:|1757916504
|move|p1a: Clodsire|Recover|p1a: Clodsire
|-heal|p1a: Clodsire|100/100
|move|p2a: Eelektross|Dragon Tail|p1a: Clodsire
|-damage|p1a: Clodsire|77/100
|drag|p1a: Zamazenta|Zamazenta|100/100
|
|-heal|p2a: Eelektross|94/100 tox|[from] item: Leftovers
|-damage|p2a: Eelektross|76/100 tox|[from] psn
|upkeep
|turn|7
|
|t:|1757916510
|switch|p1a: Clodsire|Clodsire, F|77/100
|move|p2a: Eelektross|Dragon Tail|p1a: Clodsire
|-damage|p1a: Clodsire|54/100
|drag|p1a: Ogerpon|Ogerpon-Wellspring-Tera, F, tera:Water|100/100
|-ability|p1a: Ogerpon|Embody Aspect (Wellspring)|boost
|-boost|p1a: Ogerpon|spd|1
|
|-heal|p2a: Eelektross|82/100 tox|[from] item: Leftovers
|-damage|p2a: Eelektross|58/100 tox|[from] psn
|upkeep
|turn|8
|
|t:|1757916517
|switch|p1a: Clodsire|Clodsire, F|54/100
|move|p2a: Eelektross|Dragon Tail|p1a: Clodsire
|-damage|p1a: Clodsire|33/100
|drag|p1a: Deoxys|Deoxys-Speed|100/100
|-ability|p1a: Deoxys|Pressure
|
|-heal|p2a: Eelektross|64/100 tox|[from] item: Leftovers
|-damage|p2a: Eelektross|33/100 tox|[from] psn
|upkeep
|turn|9
|
|t:|1757916527
|move|p1a: Deoxys|Psycho Boost|p2a: Eelektross
|-crit|p2a: Eelektross
|-damage|p2a: Eelektross|0 fnt
|-unboost|p1a: Deoxys|spa|2
|faint|p2a: Eelektross
|
|upkeep
|
|t:|1757916532
|switch|p2a: Dragonite|Dragonite, F|100/100
|turn|10
|
|t:|1757916536
|switch|p1a: Clodsire|Clodsire, F|33/100
|move|p2a: Dragonite|Dragon Dance|p2a: Dragonite
|-boost|p2a: Dragonite|atk|1
|-boost|p2a: Dragonite|spe|1
|
|upkeep
|turn|11
|
|t:|1757916543
|move|p2a: Dragonite|Earthquake|p1a: Clodsire
|-supereffective|p1a: Clodsire
|-damage|p1a: Clodsire|0 fnt
|faint|p1a: Clodsire
|
|upkeep
|
|t:|1757916545
|switch|p1a: Deoxys|Deoxys-Speed|100/100
|-ability|p1a: Deoxys|Pressure
|turn|12
|
|t:|1757916550
|move|p1a: Deoxys|Ice Beam|p2a: Dragonite
|-supereffective|p2a: Dragonite
|-damage|p2a: Dragonite|10/100
|-status|p2a: Dragonite|frz
|-enditem|p2a: Dragonite|Weakness Policy
|-boost|p2a: Dragonite|atk|2|[from] item: Weakness Policy
|-boost|p2a: Dragonite|spa|2|[from] item: Weakness Policy
|cant|p2a: Dragonite|frz
|
|upkeep
|turn|13
|
|t:|1757916557
|move|p1a: Deoxys|Ice Beam|p2a: Dragonite
|-supereffective|p2a: Dragonite
|-damage|p2a: Dragonite|0 fnt
|faint|p2a: Dragonite
|
|upkeep
|
|t:|1757916561
|switch|p2a: Comfey|Comfey, F, shiny|100/100
|turn|14
|
|t:|1757916564
|switch|p1a: Cinderace|Cinderace, M|100/100
|move|p2a: Comfey|Calm Mind|p2a: Comfey
|-boost|p2a: Comfey|spa|1
|-boost|p2a: Comfey|spd|1
|
|upkeep
|turn|15
|
|t:|1757916572
|move|p2a: Comfey|Draining Kiss|p1a: Cinderace
|-resisted|p1a: Cinderace
|-damage|p1a: Cinderace|77/100
|move|p1a: Cinderace|Gunk Shot|p2a: Comfey
|-start|p1a: Cinderace|typechange|Poison|[from] ability: Libero
|-supereffective|p2a: Comfey
|-damage|p2a: Comfey|0 fnt
|faint|p2a: Comfey
|
|upkeep
|
|t:|1757916578
|switch|p2a: Gliscor|Gliscor, M|100/100
|turn|16
|
|t:|1757916582
|move|p1a: Cinderace|Gunk Shot|p2a: Gliscor
|-resisted|p2a: Gliscor
|-damage|p2a: Gliscor|76/100
|move|p2a: Gliscor|Earthquake|p1a: Cinderace
|-supereffective|p1a: Cinderace
|-damage|p1a: Cinderace|0 fnt
|faint|p1a: Cinderace
|
|-status|p2a: Gliscor|tox|[from] item: Toxic Orb
|upkeep
|
|t:|1757916585
|switch|p1a: Deoxys|Deoxys-Speed|100/100
|-ability|p1a: Deoxys|Pressure
|turn|17
|
|t:|1757916595
|move|p1a: Deoxys|Ice Beam|p2a: Gliscor
|-supereffective|p2a: Gliscor
|-damage|p2a: Gliscor|0 fnt
|faint|p2a: Gliscor
|
|upkeep
|
|t:|1757916599
|switch|p2a: Kingambit|Kingambit, M|100/100
|-activate|p2a: Kingambit|ability: Supreme Overlord
|-start|p2a: Kingambit|fallen5|[silent]
|turn|18
|
|t:|1757916602
|switch|p1a: Ogerpon|Ogerpon-Wellspring-Tera, F, tera:Water|100/100
|-ability|p1a: Ogerpon|Embody Aspect (Wellspring)|boost
|-boost|p1a: Ogerpon|spd|1
|move|p2a: Kingambit|Swords Dance|p2a: Kingambit
|-boost|p2a: Kingambit|atk|2
|
|upkeep
|turn|19
|
|t:|1757916607
|move|p2a: Kingambit|Sucker Punch||[still]
|-fail|p2a: Kingambit
|move|p1a: Ogerpon|Encore|p2a: Kingambit
|-start|p2a: Kingambit|Encore
|
|upkeep
|turn|20
|
|t:|1757916613
|switch|p1a: Zamazenta|Zamazenta|100/100
|move|p2a: Kingambit|Sucker Punch||[still]
|-fail|p2a: Kingambit
|
|upkeep
|turn|21
|
|t:|1757916617
|move|p2a: Kingambit|Sucker Punch|p1a: Zamazenta
|-resisted|p1a: Zamazenta
|-damage|p1a: Zamazenta|48/100
|move|p1a: Zamazenta|Close Combat|p2a: Kingambit
|-supereffective|p2a: Kingambit
|-enditem|p2a: Kingambit|Focus Sash
|-damage|p2a: Kingambit|1/100
|-unboost|p1a: Zamazenta|def|1
|-unboost|p1a: Zamazenta|spd|1
|
|-heal|p1a: Zamazenta|54/100|[from] item: Leftovers
|upkeep
|turn|22
|
|t:|1757916621
|move|p2a: Kingambit|Sucker Punch|p1a: Zamazenta
|-resisted|p1a: Zamazenta
|-damage|p1a: Zamazenta|0 fnt
|faint|p1a: Zamazenta
|
|-end|p2a: Kingambit|Encore
|upkeep
|
|t:|1757916622
|switch|p1a: Deoxys|Deoxys-Speed|100/100
|-ability|p1a: Deoxys|Pressure
|turn|23
|
|t:|1757916626
|move|p2a: Kingambit|Sucker Punch|p1a: Deoxys
|-supereffective|p1a: Deoxys
|-damage|p1a: Deoxys|0 fnt
|faint|p1a: Deoxys
|
|upkeep
|
|t:|1757916627
|switch|p1a: Ogerpon|Ogerpon-Wellspring-Tera, F, tera:Water|100/100
|-ability|p1a: Ogerpon|Embody Aspect (Wellspring)|boost
|-boost|p1a: Ogerpon|spd|1
|turn|24
|
|t:|1757916630
|move|p2a: Kingambit|Sucker Punch||[still]
|-fail|p2a: Kingambit
|move|p1a: Ogerpon|Encore|p2a: Kingambit
|-start|p2a: Kingambit|Encore
|
|upkeep
|turn|25
|
|t:|1757916634
|move|p2a: Kingambit|Sucker Punch|p1a: Ogerpon
|-damage|p1a: Ogerpon|0 fnt
|faint|p1a: Ogerpon
|detailschange|p1: Ogerpon|Ogerpon-Wellspring, F|[silent]
|
|win|ALEXXX100407
|raw|reachinsideofme's rating: 1089 &rarr; <strong>1068</strong><br />(-21 for losing)
|raw|ALEXXX100407's rating: 1118 &rarr; <strong>1141</strong><br />(+23 for winning)
|l|☆reachinsideofme
|player|p1|
|c|☆ALEXXX100407|xd
|l|☆ALEXXX100407
|player|p2|
