|j|☆blazingshadow46
|j|☆ccncn123
|t:|1757824283
|gametype|singles
|player|p1|blazingshadow46|ghetsis|1292
|player|p2|ccncn123|swimmerf-gen4|1322
|gen|9
|tier|[Gen 9] OU
|rated|
|rule|HP Percentage Mod: HP is shown in percentages
|rule|Endless Battle Clause: Forcing endless battles is banned
|rule|Species Clause: Limit one of each Pokémon
|rule|OHKO Clause: OHKO moves are banned
|rule|Evasion Items Clause: Evasion items are banned
|rule|Evasion Moves Clause: Evasion moves are banned
|rule|Evasion Abilities Clause: Evasion abilities are banned
|rule|Sleep Moves Clause: Sleep-inducing moves are banned
|clearpoke
|poke|p1|Noivern, F|
|poke|p1|Chandelure, M|
|poke|p1|Krookodile, F|
|poke|p1|Frosmoth, F|
|poke|p1|Scizor, M|
|poke|p1|Great Tusk|
|poke|p2|Dragapult, F|
|poke|p2|Dragonite, F|
|poke|p2|Corviknight, F|
|poke|p2|Deoxys-Speed|
|poke|p2|Gholdengo|
|poke|p2|Kingambit, M|
|teampreview
|inactive|Battle timer is ON: inactive players will automatically lose when time's up. (requested by blazingshadow46)
|inactive|ccncn123 has 120 seconds left.
|inactive|ccncn123 has 90 seconds left.
|inactive|ccncn123 has 60 seconds left.
|
|t:|1757824391
|teamsize|p1|6
|teamsize|p2|6
|start
|switch|p1a: Safety Scizors|Scizor, M|100/100
|switch|p2a: Kingambit|Kingambit, M|100/100
|turn|1
|inactive|blazingshadow46 has 120 seconds left.
|
|t:|1757824436
|switch|p1a: Knee Surgery|Great Tusk|100/100
|-end|p2a: Kingambit|fallenundefined|[silent]
|switch|p2a: Gholdengo|Gholdengo|100/100
|
|upkeep
|turn|2
|inactive|blazingshadow46 has 120 seconds left.
|
|t:|1757824446
|move|p2a: Gholdengo|Trick|p1a: Knee Surgery
|-activate|p2a: Gholdengo|move: Trick|[of] p1a: Knee Surgery
|-item|p1a: Knee Surgery|Choice Scarf|[from] move: Trick
|-item|p2a: Gholdengo|Rocky Helmet|[from] move: Trick
|move|p1a: Knee Surgery|Stealth Rock|p2a: Gholdengo
|-sidestart|p2: ccncn123|move: Stealth Rock
|
|upkeep
|turn|3
|
|t:|1757824457
|-end|p1a: Knee Surgery|Protosynthesis|[silent]
|switch|p1a: Frosmoth|Frosmoth, F|100/100
|move|p2a: Gholdengo|Shadow Ball|p1a: Frosmoth
|-damage|p1a: Frosmoth|80/100
|-unboost|p1a: Frosmoth|spd|1
|
|upkeep
|turn|4
|
|t:|1757824466
|switch|p1a: Krooked Nose|Krookodile, F|100/100
|move|p2a: Gholdengo|Make It Rain|p1a: Krooked Nose
|-damage|p1a: Krooked Nose|18/100
|-unboost|p2a: Gholdengo|spa|1
|
|upkeep
|turn|5
|
|t:|1757824477
|switch|p2a: Corviknight|Corviknight, F|100/100
|-damage|p2a: Corviknight|88/100|[from] Stealth Rock
|move|p1a: Krooked Nose|Knock Off|p2a: Corviknight
|-damage|p2a: Corviknight|58/100
|-enditem|p2a: Corviknight|Leftovers|[from] move: Knock Off|[of] p1a: Krooked Nose
|
|upkeep
|turn|6
|
|t:|1757824486
|switch|p1a: Frosmoth|Frosmoth, F|80/100
|move|p2a: Corviknight|Defog|p1a: Frosmoth
|-unboost|p1a: Frosmoth|evasion|1
|-sideend|p2: ccncn123|Stealth Rock|[from] move: Defog|[of] p2a: Corviknight
|
|upkeep
|turn|7
|
|t:|1757824502
|move|p2a: Corviknight|U-turn|p1a: Frosmoth
|-damage|p1a: Frosmoth|59/100
|
|t:|1757824508
|switch|p2a: Kingambit|Kingambit, M|100/100|[from] U-turn
|move|p1a: Frosmoth|Ice Beam|p2a: Kingambit
|-resisted|p2a: Kingambit
|-damage|p2a: Kingambit|80/100
|
|-heal|p2a: Kingambit|86/100|[from] item: Leftovers
|upkeep
|turn|8
|
|t:|1757824517
|switch|p1a: Knee Surgery|Great Tusk|100/100
|move|p2a: Kingambit|Iron Head|p1a: Knee Surgery
|-damage|p1a: Knee Surgery|79/100
|
|-heal|p2a: Kingambit|93/100|[from] item: Leftovers
|upkeep
|turn|9
|inactive|ccncn123 has 120 seconds left.
|
|t:|1757824526
|-end|p2a: Kingambit|fallenundefined|[silent]
|switch|p2a: Corviknight|Corviknight, F|58/100
|move|p1a: Knee Surgery|Stealth Rock|p2a: Corviknight
|-sidestart|p2: ccncn123|move: Stealth Rock
|
|upkeep
|turn|10
|
|t:|1757824538
|-end|p1a: Knee Surgery|Protosynthesis|[silent]
|switch|p1a: Frosmoth|Frosmoth, F|59/100
|move|p2a: Corviknight|Defog|p1a: Frosmoth
|-unboost|p1a: Frosmoth|evasion|1
|-sideend|p2: ccncn123|Stealth Rock|[from] move: Defog|[of] p2a: Corviknight
|
|upkeep
|turn|11
|
|t:|1757824542
|move|p2a: Corviknight|Body Press|p1a: Frosmoth
|-crit|p1a: Frosmoth
|-damage|p1a: Frosmoth|0 fnt
|faint|p1a: Frosmoth
|
|upkeep
|
|t:|1757824552
|switch|p1a: SS Stall trooper|Chandelure, M|100/100
|turn|12
|
|t:|1757824569
|switch|p2a: Dragonite|Dragonite, F|100/100
|move|p1a: SS Stall trooper|Overheat|p2a: Dragonite
|-resisted|p2a: Dragonite
|-damage|p2a: Dragonite|71/100
|-unboost|p1a: SS Stall trooper|spa|2
|
|upkeep
|turn|13
|
|t:|1757824590
|switch|p1a: Knee Surgery|Great Tusk|79/100
|move|p2a: Dragonite|Earthquake|p1a: Knee Surgery
|-damage|p1a: Knee Surgery|60/100
|
|upkeep
|turn|14
|
|t:|1757824598
|switch|p2a: Gholdengo|Gholdengo|100/100
|move|p1a: Knee Surgery|Ice Spinner|p2a: Gholdengo
|-resisted|p2a: Gholdengo
|-damage|p2a: Gholdengo|87/100
|-damage|p1a: Knee Surgery|43/100|[from] item: Rocky Helmet|[of] p2a: Gholdengo
|
|upkeep
|turn|15
|
|t:|1757824605
|-end|p1a: Knee Surgery|Protosynthesis|[silent]
|switch|p1a: Krooked Nose|Krookodile, F|18/100
|move|p2a: Gholdengo|Make It Rain|p1a: Krooked Nose
|-damage|p1a: Krooked Nose|0 fnt
|-unboost|p2a: Gholdengo|spa|1
|faint|p1a: Krooked Nose
|
|upkeep
|
|t:|1757824609
|switch|p1a: Safety Scizors|Scizor, M|100/100
|turn|16
|
|t:|1757824618
|switch|p2a: Corviknight|Corviknight, F|58/100
|move|p1a: Safety Scizors|Swords Dance|p1a: Safety Scizors
|-boost|p1a: Safety Scizors|atk|2
|
|upkeep
|turn|17
|
|t:|1757824624
|move|p2a: Corviknight|U-turn|p1a: Safety Scizors
|-resisted|p1a: Safety Scizors
|-damage|p1a: Safety Scizors|93/100
|
|t:|1757824628
|switch|p2a: Dragonite|Dragonite, F|71/100|[from] U-turn
|move|p1a: Safety Scizors|Swords Dance|p1a: Safety Scizors
|-boost|p1a: Safety Scizors|atk|2
|
|-heal|p1a: Safety Scizors|99/100|[from] item: Leftovers
|upkeep
|turn|18
|
|t:|1757824649
|-terastallize|p1a: Safety Scizors|Flying
|move|p1a: Safety Scizors|Bullet Punch|p2a: Dragonite
|-damage|p2a: Dragonite|0 fnt
|faint|p2a: Dragonite
|
|-heal|p1a: Safety Scizors|100/100|[from] item: Leftovers
|upkeep
|
|t:|1757824660
|switch|p2a: Gholdengo|Gholdengo|87/100
|turn|19
|
|t:|1757824662
|move|p2a: Gholdengo|Make It Rain|p1a: Safety Scizors
|-damage|p1a: Safety Scizors|31/100
|-unboost|p2a: Gholdengo|spa|1
|move|p1a: Safety Scizors|Knock Off|p2a: Gholdengo
|-supereffective|p2a: Gholdengo
|-damage|p2a: Gholdengo|0 fnt
|-damage|p1a: Safety Scizors|14/100|[from] item: Rocky Helmet|[of] p2a: Gholdengo
|-enditem|p2a: Gholdengo|Rocky Helmet|[from] move: Knock Off|[of] p1a: Safety Scizors
|faint|p2a: Gholdengo
|
|-heal|p1a: Safety Scizors|20/100|[from] item: Leftovers
|upkeep
|
|t:|1757824672
|switch|p2a: Kingambit|Kingambit, M|93/100
|-activate|p2a: Kingambit|ability: Supreme Overlord
|-start|p2a: Kingambit|fallen2|[silent]
|turn|20
|
|t:|1757824685
|switch|p1a: Wombat|Noivern, F|100/100
|move|p2a: Kingambit|Sucker Punch||[still]
|-fail|p2a: Kingambit
|
|-heal|p2a: Kingambit|99/100|[from] item: Leftovers
|upkeep
|turn|21
|
|t:|1757824693
|-end|p2a: Kingambit|fallen2|[silent]
|switch|p2a: Dragapult|Dragapult, F|100/100
|move|p1a: Wombat|Hurricane|p2a: Dragapult
|-damage|p2a: Dragapult|31/100
|-start|p2a: Dragapult|confusion
|
|upkeep
|turn|22
|
|t:|1757824719
|-activate|p2a: Dragapult|confusion
|move|p2a: Dragapult|Dragon Darts|p1a: Wombat
|-supereffective|p1a: Wombat
|-damage|p1a: Wombat|27/100
|-anim|p2a: Dragapult|Dragon Darts|p1a: Wombat
|-supereffective|p1a: Wombat
|-damage|p1a: Wombat|0 fnt
|faint|p1a: Wombat
|-damage|p2a: Dragapult|21/100|[from] item: Life Orb
|
|upkeep
|
|t:|1757824724
|switch|p1a: Safety Scizors|Scizor, M, tera:Flying|20/100
|turn|23
|
|t:|1757824731
|-end|p2a: Dragapult|confusion
|move|p2a: Dragapult|Sucker Punch|p1a: Safety Scizors
|-damage|p1a: Safety Scizors|0 fnt
|faint|p1a: Safety Scizors
|-damage|p2a: Dragapult|12/100|[from] item: Life Orb
|
|upkeep
|
|t:|1757824739
|switch|p1a: Knee Surgery|Great Tusk|43/100
|turn|24
|
|t:|1757824743
|move|p2a: Dragapult|Shadow Ball|p1a: Knee Surgery
|-damage|p1a: Knee Surgery|0 fnt
|faint|p1a: Knee Surgery
|-end|p1a: Knee Surgery|Protosynthesis|[silent]
|-damage|p2a: Dragapult|2/100|[from] item: Life Orb
|
|upkeep
|
|t:|1757824747
|switch|p1a: SS Stall trooper|Chandelure, M|100/100
|turn|25
|
|t:|1757824750
|move|p2a: Dragapult|Shadow Ball|p1a: SS Stall trooper
|-supereffective|p1a: SS Stall trooper
|-damage|p1a: SS Stall trooper|0 fnt
|faint|p1a: SS Stall trooper
|-damage|p2a: Dragapult|0 fnt|[from] item: Life Orb
|faint|p2a: Dragapult
|
|win|ccncn123
|raw|blazingshadow46's rating: 1292 &rarr; <strong>1269</strong><br />(-23 for losing)
|raw|ccncn123's rating: 1322 &rarr; <strong>1340</strong><br />(+18 for winning)
|l|☆blazingshadow46
|player|p1|
|l|☆ccncn123
|player|p2|
