|j|☆guesyo
|j|☆Mky27
|t:|1757839180
|gametype|singles
|player|p1|guesyo|unknownf|1528
|player|p2|Mky27|ltsurge|1541
|gen|9
|tier|[Gen 9] OU
|rated|
|rule|HP Percentage Mod: HP is shown in percentages
|rule|Endless Battle Clause: Forcing endless battles is banned
|rule|Species Clause: Limit one of each Pokémon
|rule|OHKO Clause: OHKO moves are banned
|rule|Evasion Items Clause: Evasion items are banned
|rule|Evasion Moves Clause: Evasion moves are banned
|rule|Evasion Abilities Clause: Evasion abilities are banned
|rule|Sleep Moves Clause: Sleep-inducing moves are banned
|clearpoke
|poke|p1|Dragapult, F|
|poke|p1|Ogerpon-Wellspring, F|
|poke|p1|Hatterene, F|
|poke|p1|Landorus-Therian, M|
|poke|p1|Kingambit, F|
|poke|p1|Zamazenta-*|
|poke|p2|Walking Wake|
|poke|p2|Great Tusk|
|poke|p2|Torkoal, F|
|poke|p2|Indeedee, M|
|poke|p2|Exeggutor, M|
|poke|p2|Kingambit, M|
|teampreview
|inactive|Battle timer is ON: inactive players will automatically lose when time's up. (requested by Mky27)
|l|☆Mky27
|inactive|Mky27 disconnected and has a minute to reconnect!
|player|p2|
|j|☆Mky27
|inactive|Mky27 reconnected and has 130 seconds left.
|player|p2|Mky27|ltsurge|
|
|t:|1757839206
|teamsize|p1|6
|teamsize|p2|6
|start
|switch|p1a: Dragapult|Dragapult, F|100/100
|switch|p2a: Indimacho|Indeedee, M|100/100
|-fieldstart|move: Psychic Terrain|[from] ability: Psychic Surge|[of] p2a: Indimacho
|turn|1
|
|t:|1757839213
|move|p2a: Indimacho|Expanding Force|p1a: Dragapult
|-damage|p1a: Dragapult|0 fnt
|faint|p1a: Dragapult
|
|upkeep
|
|t:|1757839218
|switch|p1a: Ogerpon|Ogerpon-Wellspring, F|100/100
|turn|2
|
|t:|1757839227
|switch|p2a: Trollkoal|Torkoal, F, shiny|100/100
|-weather|SunnyDay|[from] ability: Drought|[of] p2a: Trollkoal
|move|p1a: Ogerpon|U-turn|p2a: Trollkoal
|-resisted|p2a: Trollkoal
|-damage|p2a: Trollkoal|93/100
|
|t:|1757839231
|switch|p1a: Landorus|Landorus-Therian, M|100/100|[from] U-turn
|-ability|p1a: Landorus|Intimidate|boost
|-unboost|p2a: Trollkoal|atk|1
|
|-weather|SunnyDay|[upkeep]
|upkeep
|turn|3
|
|t:|1757839242
|move|p1a: Landorus|Stealth Rock|p2a: Trollkoal
|-sidestart|p2: Mky27|move: Stealth Rock
|move|p2a: Trollkoal|Stealth Rock|p1a: Landorus
|-sidestart|p1: guesyo|move: Stealth Rock
|
|-weather|SunnyDay|[upkeep]
|upkeep
|turn|4
|
|t:|1757839250
|switch|p2a: Paleomut|Great Tusk, shiny|100/100
|-damage|p2a: Paleomut|97/100|[from] Stealth Rock
|-activate|p2a: Paleomut|ability: Protosynthesis
|-start|p2a: Paleomut|protosynthesisspe
|move|p1a: Landorus|U-turn|p2a: Paleomut
|-resisted|p2a: Paleomut
|-damage|p2a: Paleomut|91/100
|
|t:|1757839253
|switch|p1a: Hatterene|Hatterene, F|100/100|[from] U-turn
|-damage|p1a: Hatterene|88/100|[from] Stealth Rock
|
|-weather|SunnyDay|[upkeep]
|-heal|p2a: Paleomut|97/100|[from] item: Leftovers
|upkeep
|turn|5
|
|t:|1757839267
|-end|p2a: Paleomut|Protosynthesis|[silent]
|switch|p2a: Kingsharp|Kingambit, M|100/100
|-damage|p2a: Kingsharp|94/100|[from] Stealth Rock
|move|p1a: Hatterene|Draining Kiss|p2a: Kingsharp
|-damage|p2a: Kingsharp|81/100
|-heal|p1a: Hatterene|100/100|[from] drain|[of] p2a: Kingsharp
|
|-weather|SunnyDay|[upkeep]
|-fieldend|move: Psychic Terrain
|upkeep
|turn|6
|
|t:|1757839279
|switch|p2a: Paleomut|Great Tusk, shiny|97/100
|-damage|p2a: Paleomut|94/100|[from] Stealth Rock
|-activate|p2a: Paleomut|ability: Protosynthesis
|-start|p2a: Paleomut|protosynthesisspe
|switch|p1a: Zamazenta|Zamazenta|100/100
|-damage|p1a: Zamazenta|94/100|[from] Stealth Rock
|-ability|p1a: Zamazenta|Dauntless Shield|boost
|-boost|p1a: Zamazenta|def|1
|
|-weather|SunnyDay|[upkeep]
|-heal|p2a: Paleomut|100/100|[from] item: Leftovers
|-heal|p1a: Zamazenta|100/100|[from] item: Leftovers
|upkeep
|turn|7
|
|t:|1757839293
|move|p2a: Paleomut|Rapid Spin|p1a: Zamazenta
|-damage|p1a: Zamazenta|94/100
|-boost|p2a: Paleomut|spe|1
|-sideend|p2: Mky27|Stealth Rock|[from] move: Rapid Spin|[of] p2a: Paleomut
|move|p1a: Zamazenta|Body Press|p2a: Paleomut
|-damage|p2a: Paleomut|70/100
|
|-weather|SunnyDay|[upkeep]
|-heal|p2a: Paleomut|77/100|[from] item: Leftovers
|-heal|p1a: Zamazenta|99/100|[from] item: Leftovers
|upkeep
|turn|8
|
|t:|1757839312
|-end|p2a: Paleomut|Protosynthesis|[silent]
|switch|p2a: Exxegcutor|Exeggutor, M, shiny|100/100
|move|p1a: Zamazenta|Iron Defense|p1a: Zamazenta
|-boost|p1a: Zamazenta|def|2
|
|-weather|SunnyDay|[upkeep]
|-heal|p1a: Zamazenta|100/100|[from] item: Leftovers
|upkeep
|turn|9
|
|t:|1757839321
|switch|p1a: Ogerpon|Ogerpon-Wellspring, F|100/100
|-damage|p1a: Ogerpon|88/100|[from] Stealth Rock
|move|p2a: Exxegcutor|Expanding Force|p1a: Ogerpon
|-damage|p1a: Ogerpon|31/100
|
|-weather|none
|upkeep
|turn|10
|
|t:|1757839332
|switch|p2a: Trollkoal|Torkoal, F, shiny|93/100
|-weather|SunnyDay|[from] ability: Drought|[of] p2a: Trollkoal
|move|p1a: Ogerpon|Ivy Cudgel|p2a: Trollkoal|[anim] Ivy Cudgel Water
|-supereffective|p2a: Trollkoal
|-damage|p2a: Trollkoal|61/100
|
|-weather|SunnyDay|[upkeep]
|upkeep
|turn|11
|
|t:|1757839342
|switch|p2a: PaleoRaptor|Walking Wake|100/100
|-activate|p2a: PaleoRaptor|ability: Protosynthesis
|-start|p2a: PaleoRaptor|protosynthesisspe
|move|p1a: Ogerpon|Ivy Cudgel|p2a: PaleoRaptor|[anim] Ivy Cudgel Water
|-resisted|p2a: PaleoRaptor
|-damage|p2a: PaleoRaptor|92/100
|
|-weather|SunnyDay|[upkeep]
|upkeep
|turn|12
|
|t:|1757839352
|move|p2a: PaleoRaptor|Flamethrower|p1a: Ogerpon
|-damage|p1a: Ogerpon|0 fnt
|faint|p1a: Ogerpon
|
|-weather|SunnyDay|[upkeep]
|upkeep
|
|t:|1757839360
|switch|p1a: Hatterene|Hatterene, F|100/100
|-damage|p1a: Hatterene|88/100|[from] Stealth Rock
|turn|13
|
|t:|1757839364
|move|p2a: PaleoRaptor|Flip Turn|p1a: Hatterene
|-damage|p1a: Hatterene|78/100
|
|t:|1757839368
|-end|p2a: PaleoRaptor|Protosynthesis|[silent]
|switch|p2a: Kingsharp|Kingambit, M|81/100|[from] Flip Turn
|move|p1a: Hatterene|Mystical Fire|p2a: Kingsharp
|-supereffective|p2a: Kingsharp
|-damage|p2a: Kingsharp|46/100
|-unboost|p2a: Kingsharp|spa|1
|-ability|p2a: Kingsharp|Defiant|boost
|-boost|p2a: Kingsharp|atk|2
|
|-weather|SunnyDay|[upkeep]
|upkeep
|turn|14
|
|t:|1757839380
|move|p2a: Kingsharp|Iron Head|p1a: Hatterene
|-supereffective|p1a: Hatterene
|-damage|p1a: Hatterene|0 fnt
|faint|p1a: Hatterene
|
|-weather|SunnyDay|[upkeep]
|upkeep
|-message|guesyo forfeited.
|
|win|Mky27
|raw|guesyo's rating: 1528 &rarr; <strong>1509</strong><br />(-19 for losing)
|raw|Mky27's rating: 1541 &rarr; <strong>1560</strong><br />(+19 for winning)
|l|☆guesyo
|player|p1|
|l|☆Mky27
|player|p2|
