|j|☆PkScept
|j|☆spoon91
|t:|1757840008
|gametype|singles
|player|p1|PkScept|169|1360
|player|p2|spoon91|elesa|1401
|gen|9
|tier|[Gen 9] OU
|rated|
|rule|HP Percentage Mod: HP is shown in percentages
|rule|Endless Battle Clause: Forcing endless battles is banned
|rule|Species Clause: Limit one of each Pokémon
|rule|OHKO Clause: OHKO moves are banned
|rule|Evasion Items Clause: Evasion items are banned
|rule|Evasion Moves Clause: Evasion moves are banned
|rule|Evasion Abilities Clause: Evasion abilities are banned
|rule|Sleep Moves Clause: Sleep-inducing moves are banned
|clearpoke
|poke|p1|Venomoth, F|
|poke|p1|Alomomola, M|
|poke|p1|Corviknight, F|
|poke|p1|Rillaboom, M|
|poke|p1|Slowking-Galar, F|
|poke|p1|Hawlucha, M|
|poke|p2|Dragapult, M|
|poke|p2|Glimmora, M|
|poke|p2|Iron Crown|
|poke|p2|Dragonite, M|
|poke|p2|Great Tusk|
|poke|p2|Ogerpon-Wellspring, F|
|teampreview
|inactive|Battle timer is ON: inactive players will automatically lose when time's up. (requested by spoon91)
|
|t:|1757840030
|teamsize|p1|6
|teamsize|p2|6
|start
|switch|p1a: Mephistus|Slowking-Galar, F|100/100
|switch|p2a: Glimmora|Glimmora, M, shiny|100/100
|turn|1
|
|t:|1757840033
|move|p2a: Glimmora|Stealth Rock|p1a: Mephistus
|-sidestart|p1: PkScept|move: Stealth Rock
|move|p1a: Mephistus|Future Sight|p2a: Glimmora
|-start|p1a: Mephistus|move: Future Sight
|
|upkeep
|turn|2
|
|t:|1757840036
|move|p2a: Glimmora|Earth Power|p1a: Mephistus
|-supereffective|p1a: Mephistus
|-damage|p1a: Mephistus|60/100
|move|p1a: Mephistus|Sludge Bomb|p2a: Glimmora
|-resisted|p2a: Glimmora
|-crit|p2a: Glimmora
|-damage|p2a: Glimmora|85/100
|
|upkeep
|turn|3
|
|t:|1757840040
|move|p2a: Glimmora|Earth Power|p1a: Mephistus
|-supereffective|p1a: Mephistus
|-damage|p1a: Mephistus|18/100
|-unboost|p1a: Mephistus|spd|1
|-prepare|p1a: Mephistus|Chilly Reception|[premajor]
|move|p1a: Mephistus|Chilly Reception|p1a: Mephistus
|-weather|Snowscape
|
|t:|1757840044
|switch|p1a: Raven|Corviknight, F|100/100|[from] Chilly Reception
|-damage|p1a: Raven|88/100|[from] Stealth Rock
|-ability|p1a: Raven|Pressure
|
|-weather|Snowscape|[upkeep]
|-end|p2a: Glimmora|move: Future Sight
|-supereffective|p2a: Glimmora
|-damage|p2a: Glimmora|0 fnt
|faint|p2a: Glimmora
|upkeep
|
|t:|1757840057
|switch|p2a: Ogerpon|Ogerpon-Wellspring, F|100/100
|turn|4
|
|t:|1757840060
|move|p2a: Ogerpon|Swords Dance|p2a: Ogerpon
|-boost|p2a: Ogerpon|atk|2
|move|p1a: Raven|U-turn|p2a: Ogerpon
|-supereffective|p2a: Ogerpon
|-damage|p2a: Ogerpon|65/100
|
|t:|1757840063
|switch|p1a: Rillaboom|Rillaboom, M|100/100|[from] U-turn
|-damage|p1a: Rillaboom|88/100|[from] Stealth Rock
|-fieldstart|move: Grassy Terrain|[from] ability: Grassy Surge|[of] p1a: Rillaboom
|
|-weather|Snowscape|[upkeep]
|-heal|p2a: Ogerpon|71/100|[from] Grassy Terrain
|-heal|p1a: Rillaboom|94/100|[from] Grassy Terrain
|upkeep
|turn|5
|
|t:|1757840068
|move|p2a: Ogerpon|U-turn|p1a: Rillaboom
|-supereffective|p1a: Rillaboom
|-damage|p1a: Rillaboom|0 fnt
|faint|p1a: Rillaboom
|
|t:|1757840072
|switch|p2a: Dragapult|Dragapult, M, shiny|100/100|[from] U-turn
|
|-weather|Snowscape|[upkeep]
|upkeep
|
|t:|1757840077
|switch|p1a: Raven|Corviknight, F|88/100
|-damage|p1a: Raven|76/100|[from] Stealth Rock
|-ability|p1a: Raven|Pressure
|turn|6
|
|t:|1757840082
|move|p2a: Dragapult|Will-O-Wisp|p1a: Raven
|-status|p1a: Raven|brn
|move|p1a: Raven|U-turn|p2a: Dragapult
|-resisted|p2a: Dragapult
|-damage|p2a: Dragapult|95/100
|
|t:|1757840089
|switch|p1a: Venomoth|Venomoth, F, shiny|100/100|[from] U-turn
|
|-weather|Snowscape|[upkeep]
|-heal|p2a: Dragapult|100/100|[from] Grassy Terrain
|upkeep
|turn|7
|
|t:|1757840094
|move|p2a: Dragapult|Dragon Darts|p1a: Venomoth
|-damage|p1a: Venomoth|48/100
|-anim|p2a: Dragapult|Dragon Darts|p1a: Venomoth
|-damage|p1a: Venomoth|0 fnt
|faint|p1a: Venomoth
|
|-weather|none
|upkeep
|
|t:|1757840097
|switch|p1a: Hawlucha|Hawlucha, M|100/100
|-damage|p1a: Hawlucha|88/100|[from] Stealth Rock
|-enditem|p1a: Hawlucha|Grassy Seed
|-boost|p1a: Hawlucha|def|1|[from] item: Grassy Seed
|turn|8
|
|t:|1757840101
|move|p1a: Hawlucha|Substitute|p1a: Hawlucha
|-start|p1a: Hawlucha|Substitute
|-damage|p1a: Hawlucha|63/100
|move|p2a: Dragapult|Will-O-Wisp||[still]
|-fail|p2a: Dragapult
|
|-fieldend|move: Grassy Terrain
|upkeep
|turn|9
|
|t:|1757840105
|move|p1a: Hawlucha|Bulk Up|p1a: Hawlucha
|-boost|p1a: Hawlucha|atk|1
|-boost|p1a: Hawlucha|def|1
|move|p2a: Dragapult|Dragon Darts|p1a: Hawlucha
|-activate|p1a: Hawlucha|move: Substitute|[damage]
|-anim|p2a: Dragapult|Dragon Darts|p1a: Hawlucha
|-end|p1a: Hawlucha|Substitute
|
|upkeep
|turn|10
|
|t:|1757840112
|move|p1a: Hawlucha|Acrobatics|p2a: Dragapult
|-damage|p2a: Dragapult|0 fnt
|faint|p2a: Dragapult
|
|upkeep
|
|t:|1757840120
|switch|p2a: Iron Crown|Iron Crown|100/100
|-enditem|p2a: Iron Crown|Booster Energy
|-activate|p2a: Iron Crown|ability: Quark Drive|[fromitem]
|-start|p2a: Iron Crown|quarkdrivespe
|turn|11
|
|t:|1757840126
|-terastallize|p1a: Hawlucha|Grass
|move|p1a: Hawlucha|Close Combat|p2a: Iron Crown
|-damage|p2a: Iron Crown|13/100
|-unboost|p1a: Hawlucha|def|1
|-unboost|p1a: Hawlucha|spd|1
|move|p2a: Iron Crown|Psychic|p1a: Hawlucha
|-damage|p1a: Hawlucha|0 fnt
|faint|p1a: Hawlucha
|
|upkeep
|
|t:|1757840140
|switch|p1a: Maho|Alomomola, M|100/100
|turn|12
|
|t:|1757840147
|move|p2a: Iron Crown|Psychic|p1a: Maho
|-damage|p1a: Maho|51/100
|move|p1a: Maho|Wish|p1a: Maho
|
|upkeep
|turn|13
|
|t:|1757840154
|switch|p1a: Mephistus|Slowking-Galar, F|52/100
|move|p2a: Iron Crown|Calm Mind|p2a: Iron Crown
|-boost|p2a: Iron Crown|spa|1
|-boost|p2a: Iron Crown|spd|1
|
|-heal|p1a: Mephistus|100/100|[from] move: Wish|[wisher] Maho
|upkeep
|turn|14
|
|t:|1757840159
|move|p2a: Iron Crown|Psychic|p1a: Mephistus
|-damage|p1a: Mephistus|62/100
|-prepare|p1a: Mephistus|Chilly Reception|[premajor]
|move|p1a: Mephistus|Chilly Reception|p1a: Mephistus
|-weather|Snowscape
|
|t:|1757840161
|switch|p1a: Raven|Corviknight, F|76/100 brn|[from] Chilly Reception
|-damage|p1a: Raven|64/100 brn|[from] Stealth Rock
|-ability|p1a: Raven|Pressure
|
|-weather|Snowscape|[upkeep]
|-damage|p1a: Raven|58/100 brn|[from] brn
|upkeep
|turn|15
|
|t:|1757840166
|move|p2a: Iron Crown|Focus Blast|p1a: Raven
|-damage|p1a: Raven|0 fnt
|faint|p1a: Raven
|
|-weather|Snowscape|[upkeep]
|upkeep
|
|t:|1757840169
|switch|p1a: Maho|Alomomola, M|84/100
|turn|16
|
|t:|1757840172
|move|p2a: Iron Crown|Psychic|p1a: Maho
|-damage|p1a: Maho|6/100
|move|p1a: Maho|Flip Turn|p2a: Iron Crown
|-damage|p2a: Iron Crown|0 fnt
|faint|p2a: Iron Crown
|-end|p2a: Iron Crown|Quark Drive|[silent]
|
|t:|1757840174
|switch|p1a: Mephistus|Slowking-Galar, F|96/100|[from] Flip Turn
|
|-weather|Snowscape|[upkeep]
|upkeep
|
|t:|1757840177
|switch|p2a: Great Tusk|Great Tusk, shiny|100/100
|turn|17
|
|t:|1757840181
|move|p2a: Great Tusk|Headlong Rush|p1a: Mephistus
|-supereffective|p1a: Mephistus
|-damage|p1a: Mephistus|0 fnt
|-unboost|p2a: Great Tusk|def|1
|-unboost|p2a: Great Tusk|spd|1
|faint|p1a: Mephistus
|
|-weather|Snowscape|[upkeep]
|upkeep
|-message|PkScept forfeited.
|
|win|spoon91
|raw|PkScept's rating: 1360 &rarr; <strong>1342</strong><br />(-18 for losing)
|raw|spoon91's rating: 1401 &rarr; <strong>1419</strong><br />(+18 for winning)
|l|☆PkScept
|player|p1|
|l|☆spoon91
|player|p2|
