|j|☆Braised Leeks
|j|☆Voldemort8
|t:|1757909194
|gametype|singles
|player|p1|Braised Leeks|169|1283
|player|p2|Voldemort8|102|1313
|gen|9
|tier|[Gen 9] OU
|rated|
|rule|HP Percentage Mod: HP is shown in percentages
|rule|Endless Battle Clause: Forcing endless battles is banned
|rule|Species Clause: Limit one of each Pokémon
|rule|OHKO Clause: OHKO moves are banned
|rule|Evasion Items Clause: Evasion items are banned
|rule|Evasion Moves Clause: Evasion moves are banned
|rule|Evasion Abilities Clause: Evasion abilities are banned
|rule|Sleep Moves Clause: Sleep-inducing moves are banned
|clearpoke
|poke|p1|Ribombee, M|
|poke|p1|Dragonite, M|
|poke|p1|Gholdengo|
|poke|p1|Great Tusk|
|poke|p1|Iron Valiant|
|poke|p1|Ting-Lu|
|poke|p2|Goodra-Hisui, M|
|poke|p2|Corviknight, F|
|poke|p2|Zapdos|
|poke|p2|Landorus-Therian, M|
|poke|p2|Ogerpon-Wellspring, F|
|poke|p2|Weavile, M|
|teampreview
|inactive|Battle timer is ON: inactive players will automatically lose when time's up. (requested by Braised Leeks)
|inactive|Voldemort8 has 120 seconds left.
|
|t:|1757909232
|teamsize|p1|6
|teamsize|p2|6
|start
|switch|p1a: Ribombee|Ribombee, M|100/100
|switch|p2a: Weavile|Weavile, M, shiny|100/100
|-ability|p2a: Weavile|Pressure
|turn|1
|
|t:|1757909242
|switch|p1a: Ting-Lu|Ting-Lu|100/100
|-ability|p1a: Ting-Lu|Vessel of Ruin
|-terastallize|p2a: Weavile|Ice
|move|p2a: Weavile|Triple Axel|p1a: Ting-Lu
|-supereffective|p1a: Ting-Lu
|-damage|p1a: Ting-Lu|78/100
|-damage|p2a: Weavile|84/100|[from] item: Rocky Helmet|[of] p1a: Ting-Lu
|-supereffective|p1a: Ting-Lu
|-damage|p1a: Ting-Lu|36/100
|-damage|p2a: Weavile|68/100|[from] item: Rocky Helmet|[of] p1a: Ting-Lu
|-supereffective|p1a: Ting-Lu
|-damage|p1a: Ting-Lu|0 fnt
|-damage|p2a: Weavile|51/100|[from] item: Rocky Helmet|[of] p1a: Ting-Lu
|faint|p1a: Ting-Lu
|-hitcount|p1: Ting-Lu|3
|
|upkeep
|
|t:|1757909259
|switch|p1a: Dragonite|Dragonite, M|100/100
|turn|2
|
|t:|1757909263
|move|p1a: Dragonite|Extreme Speed|p2a: Weavile
|-damage|p2a: Weavile|0 fnt
|faint|p2a: Weavile
|
|upkeep
|
|t:|1757909267
|switch|p2a: Zapdos|Zapdos, shiny|100/100
|turn|3
|
|t:|1757909274
|switch|p1a: Great Tusk|Great Tusk|100/100
|-enditem|p1a: Great Tusk|Booster Energy
|-activate|p1a: Great Tusk|ability: Protosynthesis|[fromitem]
|-start|p1a: Great Tusk|protosynthesisatk
|move|p2a: Zapdos|Thunder Wave|p1a: Great Tusk
|-immune|p1a: Great Tusk
|
|upkeep
|turn|4
|
|t:|1757909287
|switch|p2a: Corviknight|Corviknight, F, shiny|100/100
|move|p1a: Great Tusk|Rock Tomb|p2a: Corviknight
|-damage|p2a: Corviknight|83/100
|-ability|p2a: Corviknight|Mirror Armor
|-unboost|p1a: Great Tusk|spe|1
|
|upkeep
|turn|5
|
|t:|1757909301
|-end|p1a: Great Tusk|Protosynthesis|[silent]
|switch|p1a: Iron Valiant|Iron Valiant|100/100
|-enditem|p1a: Iron Valiant|Booster Energy
|-activate|p1a: Iron Valiant|ability: Quark Drive|[fromitem]
|-start|p1a: Iron Valiant|quarkdrivespe
|move|p2a: Corviknight|Brave Bird|p1a: Iron Valiant
|-supereffective|p1a: Iron Valiant
|-damage|p1a: Iron Valiant|11/100
|-damage|p2a: Corviknight|62/100|[from] Recoil
|
|upkeep
|turn|6
|
|t:|1757909310
|switch|p2a: Zapdos|Zapdos, shiny|100/100
|move|p1a: Iron Valiant|Knock Off|p2a: Zapdos
|-damage|p2a: Zapdos|73/100
|-enditem|p2a: Zapdos|Heavy-Duty Boots|[from] move: Knock Off|[of] p1a: Iron Valiant
|
|upkeep
|turn|7
|
|t:|1757909318
|move|p1a: Iron Valiant|Moonblast|p2a: Zapdos
|-damage|p2a: Zapdos|38/100
|move|p2a: Zapdos|Volt Switch|p1a: Iron Valiant
|-damage|p1a: Iron Valiant|0 fnt
|faint|p1a: Iron Valiant
|-end|p1a: Iron Valiant|Quark Drive|[silent]
|
|t:|1757909329
|switch|p2a: Corviknight|Corviknight, F, shiny|62/100|[from] Volt Switch
|
|upkeep
|
|t:|1757909336
|switch|p1a: Ribombee|Ribombee, M|100/100
|turn|8
|
|t:|1757909357
|switch|p2a: Goodra|Goodra-Hisui, M, shiny|100/100
|move|p1a: Ribombee|Sticky Web|p2a: Goodra
|-sidestart|p2: Voldemort8|move: Sticky Web
|
|upkeep
|turn|9
|
|t:|1757909364
|move|p1a: Ribombee|Stun Spore|p2a: Goodra
|-ability|p2a: Goodra|Sap Sipper|boost
|-boost|p2a: Goodra|atk|1
|move|p2a: Goodra|Knock Off|p1a: Ribombee
|-resisted|p1a: Ribombee
|-damage|p1a: Ribombee|67/100
|-enditem|p1a: Ribombee|Focus Sash|[from] move: Knock Off|[of] p2a: Goodra
|
|upkeep
|turn|10
|
|t:|1757909374
|switch|p1a: Great Tusk|Great Tusk|100/100
|move|p2a: Goodra|Flash Cannon|p1a: Great Tusk
|-damage|p1a: Great Tusk|37/100
|
|upkeep
|turn|11
|
|t:|1757909380
|switch|p2a: Landorus|Landorus-Therian, M, shiny|100/100
|-ability|p2a: Landorus|Intimidate|boost
|-unboost|p1a: Great Tusk|atk|1
|move|p1a: Great Tusk|Headlong Rush|p2a: Landorus
|-immune|p2a: Landorus
|
|upkeep
|turn|12
|
|t:|1757909387
|move|p2a: Landorus|Earthquake|p1a: Great Tusk
|-damage|p1a: Great Tusk|0 fnt
|faint|p1a: Great Tusk
|-end|p1a: Great Tusk|Protosynthesis|[silent]
|
|upkeep
|
|t:|1757909392
|switch|p1a: Dragonite|Dragonite, M|100/100
|turn|13
|
|t:|1757909396
|switch|p2a: Zapdos|Zapdos, shiny|38/100
|move|p1a: Dragonite|Ice Spinner|p2a: Zapdos
|-supereffective|p2a: Zapdos
|-damage|p2a: Zapdos|0 fnt
|-status|p1a: Dragonite|par|[from] ability: Static|[of] p2a: Zapdos
|faint|p2a: Zapdos
|
|upkeep
|
|t:|1757909404
|switch|p2a: Goodra|Goodra-Hisui, M, shiny|100/100
|-activate|p2a: Goodra|move: Sticky Web
|-unboost|p2a: Goodra|spe|1
|turn|14
|
|t:|1757909428
|switch|p1a: Gholdengo|Gholdengo|100/100
|-item|p1a: Gholdengo|Air Balloon
|move|p2a: Goodra|Dragon Tail|p1a: Gholdengo
|-resisted|p1a: Gholdengo
|-damage|p1a: Gholdengo|93/100
|-enditem|p1a: Gholdengo|Air Balloon
|drag|p1a: Dragonite|Dragonite, M|100/100 par
|
|upkeep
|turn|15
|inactive|Braised Leeks has 120 seconds left.
|
|t:|1757909457
|-terastallize|p1a: Dragonite|Flying
|move|p1a: Dragonite|Tera Blast|p2a: Goodra|[anim] Tera Blast Flying
|-resisted|p2a: Goodra
|-damage|p2a: Goodra|61/100
|move|p2a: Goodra|Dragon Tail|p1a: Dragonite
|-damage|p1a: Dragonite|88/100 par
|drag|p1a: Ribombee|Ribombee, M|67/100
|
|-heal|p2a: Goodra|67/100|[from] item: Leftovers
|upkeep
|turn|16
|inactive|Braised Leeks has 120 seconds left.
|-message|Braised Leeks forfeited.
|
|win|Voldemort8
|raw|Braised Leeks's rating: 1283 &rarr; <strong>1260</strong><br />(-23 for losing)
|raw|Voldemort8's rating: 1313 &rarr; <strong>1331</strong><br />(+18 for winning)
|l|☆Braised Leeks
|player|p1|
|l|☆Voldemort8
|player|p2|
