|j|☆IDWTLA
|j|☆Silvermoon95
|t:|1757904320
|gametype|singles
|player|p1|IDWTLA|scientist-gen4dp|1425
|player|p2|Silvermoon95|265|1470
|gen|9
|tier|[Gen 9] OU
|rated|
|rule|HP Percentage Mod: HP is shown in percentages
|rule|Endless Battle Clause: Forcing endless battles is banned
|rule|Species Clause: Limit one of each Pokémon
|rule|OHKO Clause: OHKO moves are banned
|rule|Evasion Items Clause: Evasion items are banned
|rule|Evasion Moves Clause: Evasion moves are banned
|rule|Evasion Abilities Clause: Evasion abilities are banned
|rule|Sleep Moves Clause: Sleep-inducing moves are banned
|clearpoke
|poke|p1|Zapdos-Galar|
|poke|p1|Landorus-Therian, M|
|poke|p1|Dragapult, F|
|poke|p1|Slowking-Galar, M|
|poke|p1|Great Tusk|
|poke|p1|Alomomola, F|
|poke|p2|Hoopa-Unbound|
|poke|p2|Alomomola, F|
|poke|p2|Slowking-Galar, M|
|poke|p2|Cinderace, F|
|poke|p2|Primarina, F|
|poke|p2|Forretress, M|
|teampreview
|inactive|Battle timer is ON: inactive players will automatically lose when time's up. (requested by IDWTLA)
|
|t:|1757904333
|teamsize|p1|6
|teamsize|p2|6
|start
|switch|p1a: Dragapult|Dragapult, F|100/100
|switch|p2a: Alo No Mola|Alomomola, F|100/100
|turn|1
|
|t:|1757904342
|move|p2a: Alo No Mola|Protect|p2a: Alo No Mola
|-singleturn|p2a: Alo No Mola|Protect
|move|p1a: Dragapult|U-turn|p2a: Alo No Mola
|-activate|p2a: Alo No Mola|move: Protect
|
|upkeep
|turn|2
|
|t:|1757904348
|move|p1a: Dragapult|U-turn|p2a: Alo No Mola
|-damage|p2a: Alo No Mola|91/100
|-damage|p1a: Dragapult|84/100|[from] item: Rocky Helmet|[of] p2a: Alo No Mola
|
|t:|1757904351
|switch|p1a: Landorus|Landorus-Therian, M|100/100|[from] U-turn
|-ability|p1a: Landorus|Intimidate|boost
|-unboost|p2a: Alo No Mola|atk|1
|move|p2a: Alo No Mola|Flip Turn|p1a: Landorus
|-supereffective|p1a: Landorus
|-damage|p1a: Landorus|83/100
|-damage|p2a: Alo No Mola|75/100|[from] item: Rocky Helmet|[of] p1a: Landorus
|
|t:|1757904380
|switch|p2a: Forretress|Forretress, M|100/100|[from] Flip Turn
|
|upkeep
|turn|3
|
|t:|1757904385
|move|p1a: Landorus|Taunt|p2a: Forretress
|-start|p2a: Forretress|move: Taunt
|move|p2a: Forretress|Rapid Spin|p1a: Landorus
|-damage|p1a: Landorus|75/100
|-boost|p2a: Forretress|spe|1
|-damage|p2a: Forretress|84/100|[from] item: Rocky Helmet|[of] p1a: Landorus
|
|upkeep
|turn|4
|
|t:|1757904398
|switch|p1a: Dragapult|Dragapult, F|84/100
|switch|p2a: Primarina|Primarina, F|100/100
|
|upkeep
|turn|5
|
|t:|1757904409
|move|p1a: Dragapult|U-turn|p2a: Primarina
|-resisted|p2a: Primarina
|-damage|p2a: Primarina|90/100
|
|t:|1757904412
|switch|p1a: Slowking|Slowking-Galar, M|100/100|[from] U-turn
|move|p2a: Primarina|Flip Turn|p1a: Slowking
|-damage|p1a: Slowking|85/100
|
|t:|1757904419
|switch|p2a: A 8 Patas|Hoopa-Unbound|100/100|[from] Flip Turn
|
|upkeep
|turn|6
|
|t:|1757904431
|switch|p1a: Great Tusk|Great Tusk|100/100
|move|p2a: A 8 Patas|Hyperspace Fury|p1a: Great Tusk
|-resisted|p1a: Great Tusk
|-damage|p1a: Great Tusk|79/100
|-unboost|p2a: A 8 Patas|def|1
|
|upkeep
|turn|7
|
|t:|1757904440
|-end|p1a: Great Tusk|Protosynthesis|[silent]
|switch|p1a: Landorus|Landorus-Therian, M|75/100
|-ability|p1a: Landorus|Intimidate|boost
|-unboost|p2a: A 8 Patas|atk|1
|switch|p2a: Alo No Mola|Alomomola, F|100/100
|
|upkeep
|turn|8
|
|t:|1757904448
|move|p1a: Landorus|Stealth Rock|p2a: Alo No Mola
|-sidestart|p2: Silvermoon95|move: Stealth Rock
|move|p2a: Alo No Mola|Flip Turn|p1a: Landorus
|-supereffective|p1a: Landorus
|-damage|p1a: Landorus|52/100
|-damage|p2a: Alo No Mola|84/100|[from] item: Rocky Helmet|[of] p1a: Landorus
|
|t:|1757904455
|switch|p2a: Cinderace|Cinderace, F|100/100|[from] Flip Turn
|
|upkeep
|turn|9
|
|t:|1757904463
|move|p2a: Cinderace|Pyro Ball|p1a: Landorus
|-damage|p1a: Landorus|14/100
|move|p1a: Landorus|Earthquake|p2a: Cinderace
|-supereffective|p2a: Cinderace
|-damage|p2a: Cinderace|0 fnt
|faint|p2a: Cinderace
|
|upkeep
|
|t:|1757904474
|switch|p2a: Alo No Mola|Alomomola, F|100/100
|-damage|p2a: Alo No Mola|88/100|[from] Stealth Rock
|turn|10
|
|t:|1757904482
|switch|p1a: Alomomola|Alomomola, F|100/100
|move|p2a: Alo No Mola|Flip Turn|p1a: Alomomola
|-resisted|p1a: Alomomola
|-crit|p1a: Alomomola
|-damage|p1a: Alomomola|94/100
|
|t:|1757904497
|switch|p2a: A 8 Patas|Hoopa-Unbound|100/100|[from] Flip Turn
|-damage|p2a: A 8 Patas|88/100|[from] Stealth Rock
|
|upkeep
|turn|11
|
|t:|1757904508
|move|p2a: A 8 Patas|Thunderbolt|p1a: Alomomola
|-supereffective|p1a: Alomomola
|-damage|p1a: Alomomola|16/100
|move|p1a: Alomomola|Flip Turn|p2a: A 8 Patas
|-damage|p2a: A 8 Patas|58/100
|
|t:|1757904514
|switch|p1a: Zapdos|Zapdos-Galar|100/100|[from] Flip Turn
|
|upkeep
|turn|12
|
|t:|1757904527
|switch|p2a: Forretress|Forretress, M|84/100
|move|p1a: Zapdos|Brave Bird|p2a: Forretress
|-damage|p2a: Forretress|37/100
|-damage|p1a: Zapdos|84/100|[from] Recoil
|
|upkeep
|turn|13
|
|t:|1757904535
|move|p1a: Zapdos|Brave Bird|p2a: Forretress
|-damage|p2a: Forretress|0 fnt
|faint|p2a: Forretress
|-damage|p1a: Zapdos|70/100|[from] Recoil
|
|upkeep
|
|t:|1757904541
|switch|p2a: Alo No Mola|Alomomola, F|100/100
|-damage|p2a: Alo No Mola|88/100|[from] Stealth Rock
|turn|14
|
|t:|1757904546
|switch|p1a: Alomomola|Alomomola, F|50/100
|move|p2a: Alo No Mola|Wish|p2a: Alo No Mola
|
|upkeep
|turn|15
|
|t:|1757904558
|move|p2a: Alo No Mola|Flip Turn|p1a: Alomomola
|-resisted|p1a: Alomomola
|-damage|p1a: Alomomola|45/100
|
|t:|1757904562
|switch|p2a: A 8 Patas|Hoopa-Unbound|58/100|[from] Flip Turn
|-damage|p2a: A 8 Patas|46/100|[from] Stealth Rock
|move|p1a: Alomomola|Wish|p1a: Alomomola
|
|-heal|p2a: A 8 Patas|100/100|[from] move: Wish|[wisher] Alo No Mola
|upkeep
|turn|16
|
|t:|1757904577
|switch|p1a: Slowking|Slowking-Galar, M|100/100
|move|p2a: A 8 Patas|Psychic|p1a: Slowking
|-damage|p1a: Slowking|69/100
|
|-heal|p1a: Slowking|100/100|[from] move: Wish|[wisher] Alomomola
|upkeep
|turn|17
|
|t:|1757904591
|switch|p1a: Great Tusk|Great Tusk|79/100
|move|p2a: A 8 Patas|Hyperspace Fury|p1a: Great Tusk
|-resisted|p1a: Great Tusk
|-damage|p1a: Great Tusk|55/100
|-unboost|p2a: A 8 Patas|def|1
|
|upkeep
|turn|18
|
|t:|1757904605
|-end|p1a: Great Tusk|Protosynthesis|[silent]
|switch|p1a: Alomomola|Alomomola, F|79/100
|switch|p2a: Alo No Mola|Alomomola, F|100/100
|-damage|p2a: Alo No Mola|88/100|[from] Stealth Rock
|
|upkeep
|turn|19
|
|t:|1757904612
|move|p2a: Alo No Mola|Wish|p2a: Alo No Mola
|move|p1a: Alomomola|Wish|p1a: Alomomola
|
|upkeep
|turn|20
|
|t:|1757904618
|move|p2a: Alo No Mola|Flip Turn|p1a: Alomomola
|-resisted|p1a: Alomomola
|-damage|p1a: Alomomola|74/100
|
|t:|1757904625
|switch|p2a: A 8 Patas|Hoopa-Unbound|100/100|[from] Flip Turn
|-damage|p2a: A 8 Patas|88/100|[from] Stealth Rock
|move|p1a: Alomomola|Flip Turn|p2a: A 8 Patas
|-damage|p2a: A 8 Patas|55/100
|
|t:|1757904633
|switch|p1a: Landorus|Landorus-Therian, M|14/100|[from] Flip Turn
|-ability|p1a: Landorus|Intimidate|boost
|-unboost|p2a: A 8 Patas|atk|1
|
|-heal|p2a: A 8 Patas|100/100|[from] move: Wish|[wisher] Alo No Mola
|-heal|p1a: Landorus|86/100|[from] move: Wish|[wisher] Alomomola
|upkeep
|turn|21
|
|t:|1757904642
|switch|p2a: Alo No Mola|Alomomola, F|100/100
|-damage|p2a: Alo No Mola|88/100|[from] Stealth Rock
|move|p1a: Landorus|U-turn|p2a: Alo No Mola
|-damage|p2a: Alo No Mola|76/100
|-damage|p1a: Landorus|70/100|[from] item: Rocky Helmet|[of] p2a: Alo No Mola
|
|t:|1757904649
|switch|p1a: Alomomola|Alomomola, F|100/100|[from] U-turn
|
|upkeep
|turn|22
|
|t:|1757904658
|move|p2a: Alo No Mola|Wish|p2a: Alo No Mola
|move|p1a: Alomomola|Wish|p1a: Alomomola
|
|upkeep
|turn|23
|
|t:|1757904663
|move|p2a: Alo No Mola|Flip Turn|p1a: Alomomola
|-resisted|p1a: Alomomola
|-damage|p1a: Alomomola|96/100
|
|t:|1757904668
|switch|p2a: Primarina|Primarina, F|90/100|[from] Flip Turn
|-damage|p2a: Primarina|78/100|[from] Stealth Rock
|move|p1a: Alomomola|Flip Turn|p2a: Primarina
|-resisted|p2a: Primarina
|-damage|p2a: Primarina|68/100
|
|t:|1757904681
|switch|p1a: Zapdos|Zapdos-Galar|70/100|[from] Flip Turn
|
|-heal|p1a: Zapdos|100/100|[from] move: Wish|[wisher] Alomomola
|-heal|p2a: Primarina|100/100|[from] move: Wish|[wisher] Alo No Mola
|upkeep
|turn|24
|
|t:|1757904689
|move|p1a: Zapdos|U-turn|p2a: Primarina
|-resisted|p2a: Primarina
|-damage|p2a: Primarina|81/100
|
|t:|1757904693
|switch|p1a: Slowking|Slowking-Galar, M|100/100|[from] U-turn
|move|p2a: Primarina|Draining Kiss|p1a: Slowking
|-resisted|p1a: Slowking
|-damage|p1a: Slowking|93/100
|-heal|p2a: Primarina|87/100|[from] drain|[of] p1a: Slowking
|
|upkeep
|turn|25
|
|t:|1757904701
|move|p2a: Primarina|Psychic Noise|p1a: Slowking
|-damage|p1a: Slowking|67/100
|-start|p1a: Slowking|move: Heal Block
|-prepare|p1a: Slowking|Chilly Reception|[premajor]
|move|p1a: Slowking|Chilly Reception|p1a: Slowking
|-weather|Snowscape
|
|t:|1757904709
|switch|p1a: Zapdos|Zapdos-Galar|100/100|[from] Chilly Reception
|
|-weather|Snowscape|[upkeep]
|upkeep
|turn|26
|
|t:|1757904715
|switch|p2a: Alo No Mola|Alomomola, F|100/100
|-damage|p2a: Alo No Mola|88/100|[from] Stealth Rock
|move|p1a: Zapdos|U-turn|p2a: Alo No Mola
|-damage|p2a: Alo No Mola|68/100
|-damage|p1a: Zapdos|84/100|[from] item: Rocky Helmet|[of] p2a: Alo No Mola
|
|t:|1757904724
|switch|p1a: Dragapult|Dragapult, F|84/100|[from] U-turn
|
|-weather|Snowscape|[upkeep]
|upkeep
|turn|27
|
|t:|1757904730
|move|p1a: Dragapult|Shadow Ball|p2a: Alo No Mola
|-damage|p2a: Alo No Mola|14/100
|-unboost|p2a: Alo No Mola|spd|1
|move|p2a: Alo No Mola|Flip Turn|p1a: Dragapult
|-resisted|p1a: Dragapult
|-damage|p1a: Dragapult|73/100
|
|t:|1757904737
|switch|p2a: A 8 Patas|Hoopa-Unbound|100/100|[from] Flip Turn
|-damage|p2a: A 8 Patas|88/100|[from] Stealth Rock
|
|-weather|Snowscape|[upkeep]
|upkeep
|turn|28
|
|t:|1757904758
|switch|p1a: Great Tusk|Great Tusk|55/100
|move|p2a: A 8 Patas|Psychic|p1a: Great Tusk
|-supereffective|p1a: Great Tusk
|-damage|p1a: Great Tusk|0 fnt
|faint|p1a: Great Tusk
|-end|p1a: Great Tusk|Protosynthesis|[silent]
|
|-weather|Snowscape|[upkeep]
|upkeep
|
|t:|1757904767
|switch|p1a: Zapdos|Zapdos-Galar|84/100
|turn|29
|
|t:|1757904784
|switch|p2a: Primarina|Primarina, F|87/100
|-damage|p2a: Primarina|74/100|[from] Stealth Rock
|move|p1a: Zapdos|Brave Bird|p2a: Primarina
|-damage|p2a: Primarina|0 fnt
|faint|p2a: Primarina
|-damage|p1a: Zapdos|57/100|[from] Recoil
|
|-weather|none
|upkeep
|
|t:|1757904793
|switch|p2a: Alo No Mola|Alomomola, F|47/100
|-damage|p2a: Alo No Mola|34/100|[from] Stealth Rock
|turn|30
|
|t:|1757904798
|move|p1a: Zapdos|Brave Bird|p2a: Alo No Mola
|-damage|p2a: Alo No Mola|0 fnt
|-damage|p1a: Zapdos|40/100|[from] item: Rocky Helmet|[of] p2a: Alo No Mola
|faint|p2a: Alo No Mola
|-damage|p1a: Zapdos|21/100|[from] Recoil
|
|upkeep
|
|t:|1757904802
|switch|p2a: Slow Prince|Slowking-Galar, M|100/100
|turn|31
|
|t:|1757904815
|switch|p1a: Alomomola|Alomomola, F|100/100
|move|p2a: Slow Prince|Future Sight|p1a: Alomomola
|-start|p2a: Slow Prince|move: Future Sight
|
|upkeep
|turn|32
|
|t:|1757904823
|move|p1a: Alomomola|Wish|p1a: Alomomola
|move|p2a: Slow Prince|Thunder Wave|p1a: Alomomola
|-status|p1a: Alomomola|par
|
|upkeep
|turn|33
|
|t:|1757904834
|move|p2a: Slow Prince|Sludge Wave|p1a: Alomomola
|-damage|p1a: Alomomola|58/100 par
|move|p1a: Alomomola|Flip Turn|p2a: Slow Prince
|-damage|p2a: Slow Prince|84/100
|
|t:|1757904845
|switch|p1a: Dragapult|Dragapult, F|73/100|[from] Flip Turn
|
|-end|p1a: Dragapult|move: Future Sight
|-damage|p1a: Dragapult|17/100
|-heal|p1a: Dragapult|100/100|[from] move: Wish|[wisher] Alomomola
|upkeep
|turn|34
|
|t:|1757904854
|move|p1a: Dragapult|U-turn|p2a: Slow Prince
|-damage|p2a: Slow Prince|66/100
|
|t:|1757904857
|switch|p1a: Landorus|Landorus-Therian, M|70/100|[from] U-turn
|-ability|p1a: Landorus|Intimidate|boost
|-unboost|p2a: Slow Prince|atk|1
|move|p2a: Slow Prince|Thunder Wave|p1a: Landorus
|-immune|p1a: Landorus
|
|upkeep
|turn|35
|c|☆IDWTLA|Gg
|
|t:|1757904869
|move|p1a: Landorus|Earthquake|p2a: Slow Prince
|-supereffective|p2a: Slow Prince
|-damage|p2a: Slow Prince|0 fnt
|faint|p2a: Slow Prince
|
|upkeep
|-message|Silvermoon95 forfeited.
|
|win|IDWTLA
|raw|IDWTLA's rating: 1425 &rarr; <strong>1448</strong><br />(+23 for winning)
|raw|Silvermoon95's rating: 1470 &rarr; <strong>1447</strong><br />(-23 for losing)
|l|☆Silvermoon95
|player|p2|
|l|☆IDWTLA
|player|p1|
|j|☆IDWTLA
|player|p1|IDWTLA|scientist-gen4dp|
