|j|☆pedrinho77778
|j|☆wanderinglost
|t:|1757860948
|gametype|singles
|player|p1|pedrinho77778|red|1383
|player|p2|wanderinglost|170|1355
|gen|9
|tier|[Gen 9] OU
|rated|
|rule|HP Percentage Mod: HP is shown in percentages
|rule|Endless Battle Clause: Forcing endless battles is banned
|rule|Species Clause: Limit one of each Pokémon
|rule|OHKO Clause: OHKO moves are banned
|rule|Evasion Items Clause: Evasion items are banned
|rule|Evasion Moves Clause: Evasion moves are banned
|rule|Evasion Abilities Clause: Evasion abilities are banned
|rule|Sleep Moves Clause: Sleep-inducing moves are banned
|clearpoke
|poke|p1|Moltres|
|poke|p1|Iron Moth|
|poke|p1|Great Tusk|
|poke|p1|Murkrow, M|
|poke|p1|Garganacl, M|
|poke|p1|Meowscarada, M|
|poke|p2|Darkrai|
|poke|p2|Great Tusk|
|poke|p2|Cinderace, F|
|poke|p2|Garganacl, F|
|poke|p2|Kyurem|
|poke|p2|Iron Moth|
|teampreview
|inactive|Battle timer is ON: inactive players will automatically lose when time's up. (requested by wanderinglost)
|
|t:|1757860969
|teamsize|p1|6
|teamsize|p2|6
|start
|switch|p1a: Garganacl|Garganacl, M|100/100
|switch|p2a: Cinderace|Cinderace, F|100/100
|turn|1
|
|t:|1757860982
|move|p2a: Cinderace|U-turn|p1a: Garganacl
|-start|p2a: Cinderace|typechange|Bug|[from] ability: Libero
|-damage|p1a: Garganacl|77/100
|
|t:|1757860985
|switch|p2a: Great Tusk|Great Tusk|100/100|[from] U-turn
|move|p1a: Garganacl|Salt Cure|p2a: Great Tusk
|-resisted|p2a: Great Tusk
|-damage|p2a: Great Tusk|98/100
|-start|p2a: Great Tusk|Salt Cure
|
|-heal|p1a: Garganacl|83/100|[from] item: Leftovers
|-damage|p2a: Great Tusk|86/100|[from] Salt Cure
|upkeep
|turn|2
|
|t:|1757860994
|-end|p2a: Great Tusk|Protosynthesis|[silent]
|switch|p2a: Darkrai|Darkrai|100/100
|move|p1a: Garganacl|Protect||[still]
|-fail|p1a: Garganacl
|
|-heal|p1a: Garganacl|89/100|[from] item: Leftovers
|upkeep
|turn|3
|
|t:|1757861012
|move|p2a: Darkrai|Dark Pulse|p1a: Garganacl
|-damage|p1a: Garganacl|51/100
|-damage|p2a: Darkrai|91/100|[from] item: Life Orb
|move|p1a: Garganacl|Stealth Rock|p2a: Darkrai
|-sidestart|p2: wanderinglost|move: Stealth Rock
|
|-heal|p1a: Garganacl|58/100|[from] item: Leftovers
|upkeep
|turn|4
|
|t:|1757861026
|switch|p2a: Cinderace|Cinderace, F|100/100
|move|p1a: Garganacl|Recover|p1a: Garganacl
|-heal|p1a: Garganacl|100/100
|
|upkeep
|turn|5
|
|t:|1757861033
|switch|p1a: Great Tusk|Great Tusk|100/100
|move|p2a: Cinderace|Court Change|p2a: Cinderace
|-start|p2a: Cinderace|typechange|Normal|[from] ability: Libero
|-swapsideconditions
|-activate|p2a: Cinderace|move: Court Change
|
|upkeep
|turn|6
|
|t:|1757861040
|move|p2a: Cinderace|U-turn|p1a: Great Tusk
|-resisted|p1a: Great Tusk
|-damage|p1a: Great Tusk|93/100
|
|t:|1757861047
|switch|p2a: Great Tusk|Great Tusk|86/100|[from] U-turn
|move|p1a: Great Tusk|Rapid Spin|p2a: Great Tusk
|-damage|p2a: Great Tusk|75/100
|-boost|p1a: Great Tusk|spe|1
|-sideend|p1: pedrinho77778|Stealth Rock|[from] move: Rapid Spin|[of] p1a: Great Tusk
|
|upkeep
|turn|7
|
|t:|1757861059
|move|p1a: Great Tusk|Ice Spinner|p2a: Great Tusk
|-supereffective|p2a: Great Tusk
|-damage|p2a: Great Tusk|41/100
|move|p2a: Great Tusk|Knock Off|p1a: Great Tusk
|-resisted|p1a: Great Tusk
|-damage|p1a: Great Tusk|83/100
|-enditem|p1a: Great Tusk|Heavy-Duty Boots|[from] move: Knock Off|[of] p2a: Great Tusk
|
|upkeep
|turn|8
|
|t:|1757861070
|move|p1a: Great Tusk|Headlong Rush|p2a: Great Tusk
|-damage|p2a: Great Tusk|6/100
|-unboost|p1a: Great Tusk|def|1
|-unboost|p1a: Great Tusk|spd|1
|move|p2a: Great Tusk|Ice Spinner|p1a: Great Tusk
|-supereffective|p1a: Great Tusk
|-damage|p1a: Great Tusk|37/100
|
|upkeep
|turn|9
|
|t:|1757861081
|move|p1a: Great Tusk|Headlong Rush|p2a: Great Tusk
|-damage|p2a: Great Tusk|0 fnt
|-unboost|p1a: Great Tusk|def|1
|-unboost|p1a: Great Tusk|spd|1
|faint|p2a: Great Tusk
|-end|p2a: Great Tusk|Protosynthesis|[silent]
|
|upkeep
|
|t:|1757861084
|switch|p2a: Cinderace|Cinderace, F|100/100
|turn|10
|
|t:|1757861091
|-end|p1a: Great Tusk|Protosynthesis|[silent]
|switch|p1a: Moltres|Moltres|100/100
|move|p2a: Cinderace|Sucker Punch||[still]
|-fail|p2a: Cinderace
|
|upkeep
|turn|11
|
|t:|1757861113
|switch|p2a: Garganacl|Garganacl, F|100/100
|move|p1a: Moltres|Roar|p2a: Garganacl
|drag|p2a: Iron Moth|Iron Moth|100/100
|-enditem|p2a: Iron Moth|Booster Energy
|-activate|p2a: Iron Moth|ability: Quark Drive|[fromitem]
|-start|p2a: Iron Moth|quarkdrivespe
|
|upkeep
|turn|12
|
|t:|1757861124
|move|p2a: Iron Moth|Sludge Wave|p1a: Moltres
|-damage|p1a: Moltres|48/100
|move|p1a: Moltres|Roar|p2a: Iron Moth
|-end|p2a: Iron Moth|Quark Drive|[silent]
|drag|p2a: Kyurem|Kyurem|100/100
|-ability|p2a: Kyurem|Pressure
|
|upkeep
|turn|13
|
|t:|1757861141
|move|p2a: Kyurem|Icicle Spear|p1a: Moltres
|-damage|p1a: Moltres|39/100
|-damage|p1a: Moltres|30/100
|-damage|p1a: Moltres|21/100
|-damage|p1a: Moltres|12/100
|-hitcount|p1a: Moltres|4
|move|p1a: Moltres|Roost|p1a: Moltres
|-heal|p1a: Moltres|62/100
|-singleturn|p1a: Moltres|move: Roost
|
|upkeep
|turn|14
|inactive|wanderinglost has 120 seconds left.
|
|t:|1757861167
|switch|p2a: Garganacl|Garganacl, F|100/100
|move|p1a: Moltres|Will-O-Wisp|p2a: Garganacl|[miss]
|-miss|p1a: Moltres|p2a: Garganacl
|
|upkeep
|turn|15
|
|t:|1757861177
|switch|p1a: Meowscarada|Meowscarada, M|100/100
|move|p2a: Garganacl|Salt Cure|p1a: Meowscarada
|-damage|p1a: Meowscarada|81/100
|-start|p1a: Meowscarada|Salt Cure
|
|-damage|p1a: Meowscarada|69/100|[from] Salt Cure
|upkeep
|turn|16
|inactive|wanderinglost has 120 seconds left.
|
|t:|1757861196
|move|p1a: Meowscarada|U-turn|p2a: Garganacl
|-start|p1a: Meowscarada|typechange|Bug|[from] ability: Protean
|-damage|p2a: Garganacl|85/100
|
|t:|1757861202
|switch|p1a: Great Tusk|Great Tusk|37/100|[from] U-turn
|move|p2a: Garganacl|Stealth Rock|p1a: Great Tusk
|-sidestart|p1: pedrinho77778|move: Stealth Rock
|
|-heal|p2a: Garganacl|91/100|[from] item: Leftovers
|upkeep
|turn|17
|
|t:|1757861210
|-terastallize|p2a: Garganacl|Ghost
|move|p1a: Great Tusk|Rapid Spin|p2a: Garganacl
|-immune|p2a: Garganacl
|move|p2a: Garganacl|Salt Cure|p1a: Great Tusk
|-resisted|p1a: Great Tusk
|-damage|p1a: Great Tusk|34/100
|-start|p1a: Great Tusk|Salt Cure
|
|-heal|p2a: Garganacl|97/100|[from] item: Leftovers
|-damage|p1a: Great Tusk|22/100|[from] Salt Cure
|upkeep
|turn|18
|
|t:|1757861219
|move|p1a: Great Tusk|Headlong Rush|p2a: Garganacl
|-damage|p2a: Garganacl|66/100
|-unboost|p1a: Great Tusk|def|1
|-unboost|p1a: Great Tusk|spd|1
|move|p2a: Garganacl|Salt Cure|p1a: Great Tusk
|-resisted|p1a: Great Tusk
|-crit|p1a: Great Tusk
|-damage|p1a: Great Tusk|17/100
|
|-heal|p2a: Garganacl|72/100|[from] item: Leftovers
|-damage|p1a: Great Tusk|5/100|[from] Salt Cure
|upkeep
|turn|19
|
|t:|1757861223
|move|p1a: Great Tusk|Headlong Rush|p2a: Garganacl
|-damage|p2a: Garganacl|40/100
|-unboost|p1a: Great Tusk|def|1
|-unboost|p1a: Great Tusk|spd|1
|move|p2a: Garganacl|Recover|p2a: Garganacl
|-heal|p2a: Garganacl|90/100
|
|-heal|p2a: Garganacl|96/100|[from] item: Leftovers
|-damage|p1a: Great Tusk|0 fnt|[from] Salt Cure
|faint|p1a: Great Tusk
|-end|p1a: Great Tusk|Protosynthesis|[silent]
|upkeep
|
|t:|1757861228
|switch|p1a: Meowscarada|Meowscarada, M|69/100
|-damage|p1a: Meowscarada|57/100|[from] Stealth Rock
|turn|20
|
|t:|1757861236
|move|p1a: Meowscarada|Knock Off|p2a: Garganacl
|-start|p1a: Meowscarada|typechange|Dark|[from] ability: Protean
|-supereffective|p2a: Garganacl
|-crit|p2a: Garganacl
|-damage|p2a: Garganacl|32/100
|-enditem|p2a: Garganacl|Leftovers|[from] move: Knock Off|[of] p1a: Meowscarada
|move|p2a: Garganacl|Body Press|p1a: Meowscarada
|-supereffective|p1a: Meowscarada
|-damage|p1a: Meowscarada|0 fnt
|faint|p1a: Meowscarada
|
|upkeep
|
|t:|1757861251
|switch|p1a: Iron Moth|Iron Moth|100/100
|-damage|p1a: Iron Moth|76/100|[from] Stealth Rock
|-enditem|p1a: Iron Moth|Booster Energy
|-activate|p1a: Iron Moth|ability: Quark Drive|[fromitem]
|-start|p1a: Iron Moth|quarkdrivespe
|turn|21
|
|t:|1757861261
|switch|p2a: Cinderace|Cinderace, F|100/100
|-terastallize|p1a: Iron Moth|Ground
|move|p1a: Iron Moth|Substitute|p1a: Iron Moth
|-start|p1a: Iron Moth|Substitute
|-damage|p1a: Iron Moth|51/100
|
|upkeep
|turn|22
|
|t:|1757861270
|move|p1a: Iron Moth|Tera Blast|p2a: Cinderace|[anim] Tera Blast Ground
|-supereffective|p2a: Cinderace
|-damage|p2a: Cinderace|0 fnt
|faint|p2a: Cinderace
|
|upkeep
|
|t:|1757861285
|switch|p2a: Kyurem|Kyurem|100/100
|-ability|p2a: Kyurem|Pressure
|turn|23
|
|t:|1757861300
|-end|p1a: Iron Moth|Quark Drive|[silent]
|switch|p1a: Murkrow|Murkrow, M|100/100
|-damage|p1a: Murkrow|75/100|[from] Stealth Rock
|move|p2a: Kyurem|Icicle Spear|p1a: Murkrow
|-supereffective|p1a: Murkrow
|-damage|p1a: Murkrow|48/100
|-supereffective|p1a: Murkrow
|-damage|p1a: Murkrow|21/100
|-supereffective|p1a: Murkrow
|-damage|p1a: Murkrow|0 fnt
|faint|p1a: Murkrow
|-hitcount|p1: Murkrow|3
|
|upkeep
|
|t:|1757861303
|switch|p1a: Moltres|Moltres|62/100
|turn|24
|
|t:|1757861311
|switch|p2a: Darkrai|Darkrai|91/100
|move|p1a: Moltres|Roost|p1a: Moltres
|-heal|p1a: Moltres|100/100
|-singleturn|p1a: Moltres|move: Roost
|
|upkeep
|turn|25
|
|t:|1757861320
|move|p2a: Darkrai|Dark Pulse|p1a: Moltres
|-damage|p1a: Moltres|41/100
|-damage|p2a: Darkrai|81/100|[from] item: Life Orb
|move|p1a: Moltres|Flamethrower|p2a: Darkrai
|-damage|p2a: Darkrai|34/100
|
|upkeep
|turn|26
|
|t:|1757861330
|move|p2a: Darkrai|Taunt|p1a: Moltres
|-start|p1a: Moltres|move: Taunt
|move|p1a: Moltres|Flamethrower|p2a: Darkrai
|-damage|p2a: Darkrai|0 fnt
|faint|p2a: Darkrai
|
|upkeep
|
|t:|1757861339
|switch|p2a: Kyurem|Kyurem|100/100
|-ability|p2a: Kyurem|Pressure
|turn|27
|
|t:|1757861345
|move|p2a: Kyurem|Icicle Spear|p1a: Moltres
|-damage|p1a: Moltres|32/100
|-damage|p1a: Moltres|22/100
|-damage|p1a: Moltres|13/100
|-damage|p1a: Moltres|4/100
|-damage|p1a: Moltres|0 fnt
|faint|p1a: Moltres
|-hitcount|p1: Moltres|5
|
|upkeep
|
|t:|1757861349
|switch|p1a: Garganacl|Garganacl, M|100/100
|-damage|p1a: Garganacl|88/100|[from] Stealth Rock
|turn|28
|
|t:|1757861360
|switch|p2a: Garganacl|Garganacl, F, tera:Ghost|32/100
|move|p1a: Garganacl|Salt Cure|p2a: Garganacl
|-damage|p2a: Garganacl|24/100
|-start|p2a: Garganacl|Salt Cure
|
|-heal|p1a: Garganacl|94/100|[from] item: Leftovers
|-damage|p2a: Garganacl|12/100|[from] Salt Cure
|upkeep
|turn|29
|
|t:|1757861367
|move|p1a: Garganacl|Protect|p1a: Garganacl
|-singleturn|p1a: Garganacl|Protect
|move|p2a: Garganacl|Salt Cure|p1a: Garganacl
|-activate|p1a: Garganacl|move: Protect
|
|-heal|p1a: Garganacl|100/100|[from] item: Leftovers
|-damage|p2a: Garganacl|0 fnt|[from] Salt Cure
|faint|p2a: Garganacl
|upkeep
|
|t:|1757861370
|switch|p2a: Iron Moth|Iron Moth|100/100
|turn|30
|
|t:|1757861374
|move|p2a: Iron Moth|Energy Ball|p1a: Garganacl
|-supereffective|p1a: Garganacl
|-damage|p1a: Garganacl|63/100
|move|p1a: Garganacl|Salt Cure|p2a: Iron Moth
|-supereffective|p2a: Iron Moth
|-damage|p2a: Iron Moth|55/100
|-start|p2a: Iron Moth|Salt Cure
|
|-heal|p1a: Garganacl|69/100|[from] item: Leftovers
|-damage|p2a: Iron Moth|43/100|[from] Salt Cure
|upkeep
|turn|31
|
|t:|1757861382
|move|p2a: Iron Moth|Energy Ball|p1a: Garganacl
|-supereffective|p1a: Garganacl
|-damage|p1a: Garganacl|31/100
|move|p1a: Garganacl|Recover|p1a: Garganacl
|-heal|p1a: Garganacl|81/100
|
|-heal|p1a: Garganacl|87/100|[from] item: Leftovers
|-damage|p2a: Iron Moth|30/100|[from] Salt Cure
|upkeep
|turn|32
|
|t:|1757861388
|-end|p2a: Iron Moth|Quark Drive|[silent]
|switch|p2a: Kyurem|Kyurem|100/100
|-ability|p2a: Kyurem|Pressure
|move|p1a: Garganacl|Salt Cure|p2a: Kyurem
|-supereffective|p2a: Kyurem
|-damage|p2a: Kyurem|73/100
|-start|p2a: Kyurem|Salt Cure
|
|-heal|p1a: Garganacl|93/100|[from] item: Leftovers
|-damage|p2a: Kyurem|61/100|[from] Salt Cure
|upkeep
|turn|33
|
|t:|1757861394
|switch|p2a: Iron Moth|Iron Moth|30/100
|move|p1a: Garganacl|Stealth Rock|p2a: Iron Moth
|-sidestart|p2: wanderinglost|move: Stealth Rock
|
|-heal|p1a: Garganacl|99/100|[from] item: Leftovers
|upkeep
|turn|34
|
|t:|1757861399
|move|p2a: Iron Moth|Energy Ball|p1a: Garganacl
|-supereffective|p1a: Garganacl
|-damage|p1a: Garganacl|60/100
|move|p1a: Garganacl|Salt Cure|p2a: Iron Moth
|-supereffective|p2a: Iron Moth
|-damage|p2a: Iron Moth|0 fnt
|faint|p2a: Iron Moth
|-end|p2a: Iron Moth|Quark Drive|[silent]
|
|-heal|p1a: Garganacl|66/100|[from] item: Leftovers
|upkeep
|
|t:|1757861402
|switch|p2a: Kyurem|Kyurem|61/100
|-damage|p2a: Kyurem|36/100|[from] Stealth Rock
|-ability|p2a: Kyurem|Pressure
|turn|35
|c|☆pedrinho77778|gg
|c|☆wanderinglost|gg
|
|t:|1757861413
|move|p2a: Kyurem|Earth Power|p1a: Garganacl
|-supereffective|p1a: Garganacl
|-damage|p1a: Garganacl|30/100
|move|p1a: Garganacl|Salt Cure|p2a: Kyurem
|-supereffective|p2a: Kyurem
|-damage|p2a: Kyurem|11/100
|-start|p2a: Kyurem|Salt Cure
|
|-heal|p1a: Garganacl|37/100|[from] item: Leftovers
|-damage|p2a: Kyurem|0 fnt|[from] Salt Cure
|faint|p2a: Kyurem
|
|win|pedrinho77778
|raw|pedrinho77778's rating: 1383 &rarr; <strong>1401</strong><br />(+18 for winning)
|raw|wanderinglost's rating: 1355 &rarr; <strong>1337</strong><br />(-18 for losing)
|l|☆wanderinglost
|player|p2|
|l|☆pedrinho77778
|player|p1|
