|badge|p2|silver|gen9ou|30-6
|uhtml|medal-msg|<div class="broadcast-blue">Curious what those medals under the avatar are? PS now has Ladder Seasons! For more information, check out the <a href="https://www.smogon.com/forums/threads/3740067/">thread on Smogon.</a></div>
|j|☆KingKaido107
|j|☆Ctannn
|t:|1757899042
|gametype|singles
|player|p1|KingKaido107|dragontamer-gen6|1742
|player|p2|Ctannn|1|1813
|gen|9
|tier|[Gen 9] OU
|rated|
|rule|HP Percentage Mod: HP is shown in percentages
|rule|Endless Battle Clause: Forcing endless battles is banned
|rule|Species Clause: Limit one of each Pokémon
|rule|OHKO Clause: OHKO moves are banned
|rule|Evasion Items Clause: Evasion items are banned
|rule|Evasion Moves Clause: Evasion moves are banned
|rule|Evasion Abilities Clause: Evasion abilities are banned
|rule|Sleep Moves Clause: Sleep-inducing moves are banned
|clearpoke
|poke|p1|Slowking-Galar, F|
|poke|p1|Kyurem|
|poke|p1|Cinderace, F|
|poke|p1|Tornadus-Therian, M|
|poke|p1|Hydrapple, F|
|poke|p1|Kingambit, M|
|poke|p2|Torkoal, M|
|poke|p2|Raging Bolt|
|poke|p2|Cinderace, F|
|poke|p2|Alomomola, F|
|poke|p2|Lilligant-Hisui, F|
|poke|p2|Kingambit, M|
|teampreview
|inactive|Battle timer is ON: inactive players will automatically lose when time's up. (requested by KingKaido107)
|
|t:|1757899053
|teamsize|p1|6
|teamsize|p2|6
|start
|switch|p1a: Thieving Drunk|Tornadus-Therian, M|100/100
|switch|p2a: Alomomola|Alomomola, F|100/100
|turn|1
|
|t:|1757899056
|move|p1a: Thieving Drunk|Knock Off|p2a: Alomomola
|-damage|p2a: Alomomola|87/100
|-enditem|p2a: Alomomola|Heavy-Duty Boots|[from] move: Knock Off|[of] p1a: Thieving Drunk
|move|p2a: Alomomola|Flip Turn|p1a: Thieving Drunk
|-damage|p1a: Thieving Drunk|81/100
|
|t:|1757899061
|switch|p2a: Raging Bolt|Raging Bolt|100/100|[from] Flip Turn
|
|upkeep
|turn|2
|
|t:|1757899065
|move|p1a: Thieving Drunk|Knock Off|p2a: Raging Bolt
|-crit|p2a: Raging Bolt
|-damage|p2a: Raging Bolt|71/100
|-enditem|p2a: Raging Bolt|Choice Specs|[from] move: Knock Off|[of] p1a: Thieving Drunk
|move|p2a: Raging Bolt|Volt Switch|p1a: Thieving Drunk
|-supereffective|p1a: Thieving Drunk
|-damage|p1a: Thieving Drunk|8/100
|
|t:|1757899068
|-end|p2a: Raging Bolt|Protosynthesis|[silent]
|switch|p2a: Torkoal|Torkoal, M|100/100|[from] Volt Switch
|-weather|SunnyDay|[from] ability: Drought|[of] p2a: Torkoal
|
|-weather|SunnyDay|[upkeep]
|upkeep
|turn|3
|
|t:|1757899071
|move|p1a: Thieving Drunk|U-turn|p2a: Torkoal
|-resisted|p2a: Torkoal
|-damage|p2a: Torkoal|95/100
|
|t:|1757899072
|switch|p1a: Depressed Drunk|Slowking-Galar, F|100/100|[from] U-turn
|move|p2a: Torkoal|Lava Plume|p1a: Depressed Drunk
|-damage|p1a: Depressed Drunk|72/100
|-status|p1a: Depressed Drunk|brn
|
|-weather|SunnyDay|[upkeep]
|-damage|p1a: Depressed Drunk|66/100 brn|[from] brn
|upkeep
|turn|4
|
|t:|1757899076
|move|p2a: Torkoal|Stealth Rock|p1a: Depressed Drunk
|-sidestart|p1: KingKaido107|move: Stealth Rock
|-prepare|p1a: Depressed Drunk|Chilly Reception|[premajor]
|move|p1a: Depressed Drunk|Chilly Reception|p1a: Depressed Drunk
|-weather|Snowscape
|
|t:|1757899079
|switch|p1a: Thieving Drunk|Tornadus-Therian, M|41/100|[from] Chilly Reception
|
|-weather|Snowscape|[upkeep]
|upkeep
|turn|5
|
|t:|1757899082
|move|p1a: Thieving Drunk|U-turn|p2a: Torkoal
|-resisted|p2a: Torkoal
|-damage|p2a: Torkoal|89/100
|
|t:|1757899084
|switch|p1a: Depressed Drunk|Slowking-Galar, F|99/100 brn|[from] U-turn
|-damage|p1a: Depressed Drunk|87/100 brn|[from] Stealth Rock
|move|p2a: Torkoal|Lava Plume|p1a: Depressed Drunk
|-damage|p1a: Depressed Drunk|68/100 brn
|
|-weather|Snowscape|[upkeep]
|-damage|p1a: Depressed Drunk|62/100 brn|[from] brn
|upkeep
|turn|6
|
|t:|1757899089
|switch|p2a: Raging Bolt|Raging Bolt|71/100
|move|p1a: Depressed Drunk|Sludge Bomb|p2a: Raging Bolt
|-damage|p2a: Raging Bolt|38/100
|
|-weather|Snowscape|[upkeep]
|-damage|p1a: Depressed Drunk|56/100 brn|[from] brn
|upkeep
|turn|7
|
|t:|1757899094
|switch|p1a: Laughing Drunk|Hydrapple, F|100/100
|-damage|p1a: Laughing Drunk|88/100|[from] Stealth Rock
|move|p2a: Raging Bolt|Draco Meteor|p1a: Laughing Drunk
|-supereffective|p1a: Laughing Drunk
|-damage|p1a: Laughing Drunk|0 fnt
|-unboost|p2a: Raging Bolt|spa|2
|faint|p1a: Laughing Drunk
|
|-weather|Snowscape|[upkeep]
|upkeep
|
|t:|1757899096
|switch|p1a: Boro Breath|Cinderace, F|100/100
|turn|8
|
|t:|1757899099
|move|p1a: Boro Breath|Court Change|p1a: Boro Breath
|-start|p1a: Boro Breath|typechange|Normal|[from] ability: Libero
|-swapsideconditions
|-activate|p1a: Boro Breath|move: Court Change
|move|p2a: Raging Bolt|Volt Switch|p1a: Boro Breath
|-damage|p1a: Boro Breath|74/100
|
|t:|1757899102
|-end|p2a: Raging Bolt|Protosynthesis|[silent]
|switch|p2a: Cinderace|Cinderace, F|100/100|[from] Volt Switch
|
|-weather|none
|upkeep
|turn|9
|
|t:|1757899106
|switch|p1a: Depressed Drunk|Slowking-Galar, F|89/100 brn
|move|p2a: Cinderace|Pyro Ball|p1a: Depressed Drunk
|-damage|p1a: Depressed Drunk|48/100 brn
|
|-damage|p1a: Depressed Drunk|42/100 brn|[from] brn
|upkeep
|turn|10
|
|t:|1757899113
|move|p2a: Cinderace|Pyro Ball|p1a: Depressed Drunk
|-damage|p1a: Depressed Drunk|2/100 brn
|move|p1a: Depressed Drunk|Sludge Bomb|p2a: Cinderace
|-damage|p2a: Cinderace|52/100
|
|-damage|p1a: Depressed Drunk|0 fnt|[from] brn
|faint|p1a: Depressed Drunk
|upkeep
|
|t:|1757899116
|switch|p1a: Thieving Drunk|Tornadus-Therian, M|74/100
|turn|11
|
|t:|1757899123
|switch|p2a: Alomomola|Alomomola, F|100/100
|-damage|p2a: Alomomola|88/100|[from] Stealth Rock
|move|p1a: Thieving Drunk|Bleakwind Storm|p2a: Alomomola
|-damage|p2a: Alomomola|59/100
|
|upkeep
|turn|12
|
|t:|1757899132
|move|p1a: Thieving Drunk|U-turn|p2a: Alomomola
|-damage|p2a: Alomomola|49/100
|
|t:|1757899134
|switch|p1a: Ragnaraku|Kyurem|100/100|[from] U-turn
|-ability|p1a: Ragnaraku|Pressure
|move|p2a: Alomomola|Flip Turn|p1a: Ragnaraku
|-resisted|p1a: Ragnaraku
|-damage|p1a: Ragnaraku|93/100
|l|☆Ctannn
|inactive|Ctannn disconnected and has a minute to reconnect!
|player|p2|
|
|t:|1757899152
|switch|p2a: Cinderace|Cinderace, F|52/100|[from] Flip Turn
|
|upkeep
|turn|13
|j|☆Ctannn
|inactive|Ctannn reconnected and has 150 seconds left.
|player|p2|Ctannn|1|
|
|t:|1757899158
|move|p2a: Cinderace|High Jump Kick|p1a: Ragnaraku
|-start|p2a: Cinderace|typechange|Fighting|[from] ability: Libero
|-supereffective|p1a: Ragnaraku
|-crit|p1a: Ragnaraku
|-damage|p1a: Ragnaraku|0 fnt
|faint|p1a: Ragnaraku
|
|upkeep
|
|t:|1757899163
|switch|p1a: Thieving Drunk|Tornadus-Therian, M|100/100
|turn|14
|
|t:|1757899170
|switch|p2a: Torkoal|Torkoal, M|89/100
|-weather|SunnyDay|[from] ability: Drought|[of] p2a: Torkoal
|move|p1a: Thieving Drunk|Bleakwind Storm|p2a: Torkoal
|-damage|p2a: Torkoal|55/100
|-unboost|p2a: Torkoal|spe|1
|
|-weather|SunnyDay|[upkeep]
|upkeep
|turn|15
|
|t:|1757899177
|move|p1a: Thieving Drunk|Knock Off|p2a: Torkoal
|-damage|p2a: Torkoal|39/100
|-enditem|p2a: Torkoal|Heavy-Duty Boots|[from] move: Knock Off|[of] p1a: Thieving Drunk
|move|p2a: Torkoal|Rapid Spin|p1a: Thieving Drunk
|-damage|p1a: Thieving Drunk|89/100
|-boost|p2a: Torkoal|spe|1
|-sideend|p2: Ctannn|Stealth Rock|[from] move: Rapid Spin|[of] p2a: Torkoal
|
|-weather|SunnyDay|[upkeep]
|upkeep
|turn|16
|
|t:|1757899180
|switch|p2a: Alomomola|Alomomola, F|82/100
|move|p1a: Thieving Drunk|Taunt|p2a: Alomomola
|-start|p2a: Alomomola|move: Taunt
|
|-weather|SunnyDay|[upkeep]
|upkeep
|turn|17
|
|t:|1757899183
|move|p1a: Thieving Drunk|Bleakwind Storm|p2a: Alomomola
|-damage|p2a: Alomomola|51/100
|-unboost|p2a: Alomomola|spe|1
|move|p2a: Alomomola|Flip Turn|p1a: Thieving Drunk
|-damage|p1a: Thieving Drunk|80/100
|
|t:|1757899186
|switch|p2a: Raging Bolt|Raging Bolt|38/100|[from] Flip Turn
|-activate|p2a: Raging Bolt|ability: Protosynthesis
|-start|p2a: Raging Bolt|protosynthesisspa
|
|-weather|SunnyDay|[upkeep]
|upkeep
|turn|18
|
|t:|1757899191
|move|p1a: Thieving Drunk|Bleakwind Storm|p2a: Raging Bolt
|-resisted|p2a: Raging Bolt
|-damage|p2a: Raging Bolt|19/100
|move|p2a: Raging Bolt|Volt Switch|p1a: Thieving Drunk
|-supereffective|p1a: Thieving Drunk
|-damage|p1a: Thieving Drunk|0 fnt
|faint|p1a: Thieving Drunk
|
|t:|1757899198
|-end|p2a: Raging Bolt|Protosynthesis|[silent]
|switch|p2a: Lilligant|Lilligant-Hisui, F|100/100|[from] Volt Switch
|
|-weather|none
|upkeep
|
|t:|1757899201
|switch|p1a: Boro Breath|Cinderace, F|74/100
|turn|19
|
|t:|1757899203
|switch|p2a: Torkoal|Torkoal, M|39/100
|-weather|SunnyDay|[from] ability: Drought|[of] p2a: Torkoal
|move|p1a: Boro Breath|U-turn|p2a: Torkoal
|-start|p1a: Boro Breath|typechange|Bug|[from] ability: Libero
|-resisted|p2a: Torkoal
|-damage|p2a: Torkoal|27/100
|
|t:|1757899204
|switch|p1a: Raging Drunk|Kingambit, M|100/100|[from] U-turn
|-activate|p1a: Raging Drunk|ability: Supreme Overlord
|-start|p1a: Raging Drunk|fallen4|[silent]
|
|-weather|SunnyDay|[upkeep]
|upkeep
|turn|20
|
|t:|1757899208
|move|p1a: Raging Drunk|Kowtow Cleave|p2a: Torkoal
|-damage|p2a: Torkoal|0 fnt
|faint|p2a: Torkoal
|
|-weather|SunnyDay|[upkeep]
|upkeep
|
|t:|1757899216
|switch|p2a: Lilligant|Lilligant-Hisui, F|100/100
|turn|21
|
|t:|1757899226
|move|p2a: Lilligant|Victory Dance|p2a: Lilligant
|-boost|p2a: Lilligant|atk|1
|-boost|p2a: Lilligant|def|1
|-boost|p2a: Lilligant|spe|1
|move|p1a: Raging Drunk|Swords Dance|p1a: Raging Drunk
|-boost|p1a: Raging Drunk|atk|2
|
|-weather|SunnyDay|[upkeep]
|upkeep
|turn|22
|
|t:|1757899234
|-terastallize|p1a: Raging Drunk|Dark
|move|p2a: Lilligant|Victory Dance|p2a: Lilligant
|-boost|p2a: Lilligant|atk|1
|-boost|p2a: Lilligant|def|1
|-boost|p2a: Lilligant|spe|1
|move|p1a: Raging Drunk|Kowtow Cleave|p2a: Lilligant
|-resisted|p2a: Lilligant
|-damage|p2a: Lilligant|18/100
|
|-weather|SunnyDay|[upkeep]
|upkeep
|turn|23
|
|t:|1757899240
|move|p2a: Lilligant|Victory Dance|p2a: Lilligant
|-boost|p2a: Lilligant|atk|1
|-boost|p2a: Lilligant|def|1
|-boost|p2a: Lilligant|spe|1
|move|p1a: Raging Drunk|Kowtow Cleave|p2a: Lilligant
|-resisted|p2a: Lilligant
|-crit|p2a: Lilligant
|-damage|p2a: Lilligant|0 fnt
|faint|p2a: Lilligant
|
|-weather|none
|upkeep
|
|t:|1757899248
|switch|p2a: Alomomola|Alomomola, F|84/100
|turn|24
|
|t:|1757899253
|move|p1a: Raging Drunk|Kowtow Cleave|p2a: Alomomola
|-damage|p2a: Alomomola|0 fnt
|faint|p2a: Alomomola
|
|upkeep
|
|t:|1757899259
|switch|p2a: Raging Bolt|Raging Bolt|19/100
|turn|25
|
|t:|1757899262
|move|p1a: Raging Drunk|Sucker Punch|p2a: Raging Bolt
|-damage|p2a: Raging Bolt|0 fnt
|faint|p2a: Raging Bolt
|-end|p2a: Raging Bolt|Protosynthesis|[silent]
|
|upkeep
|
|t:|1757899265
|switch|p2a: Cinderace|Cinderace, F|52/100
|turn|26
|
|t:|1757899269
|move|p2a: Cinderace|High Jump Kick|p1a: Raging Drunk
|-start|p2a: Cinderace|typechange|Fighting|[from] ability: Libero
|-supereffective|p1a: Raging Drunk
|-damage|p1a: Raging Drunk|9/100
|move|p1a: Raging Drunk|Kowtow Cleave|p2a: Cinderace
|-resisted|p2a: Cinderace
|-damage|p2a: Cinderace|0 fnt
|faint|p2a: Cinderace
|
|upkeep
|
|t:|1757899276
|switch|p2a: Kingambit|Kingambit, M|100/100
|-activate|p2a: Kingambit|ability: Supreme Overlord
|-start|p2a: Kingambit|fallen5|[silent]
|turn|27
|
|t:|1757899283
|move|p2a: Kingambit|Kowtow Cleave|p1a: Raging Drunk
|-resisted|p1a: Raging Drunk
|-damage|p1a: Raging Drunk|0 fnt
|faint|p1a: Raging Drunk
|-end|p1a: Raging Drunk|fallen4|[silent]
|
|upkeep
|
|t:|1757899285
|switch|p1a: Boro Breath|Cinderace, F|74/100
|turn|28
|
|t:|1757899288
|-terastallize|p2a: Kingambit|Dark
|move|p2a: Kingambit|Sucker Punch|p1a: Boro Breath
|-damage|p1a: Boro Breath|0 fnt
|faint|p1a: Boro Breath
|
|win|Ctannn
|raw|KingKaido107's rating: 1742 &rarr; <strong>1726</strong><br />(-16 for losing)
|raw|Ctannn's rating: 1813 &rarr; <strong>1829</strong><br />(+16 for winning)
|l|☆KingKaido107
|player|p1|
|l|☆Ctannn
|player|p2|
