|j|☆alter
|j|☆lolproplayer
|t:|1757920531
|gametype|singles
|player|p1|alter|#labyrinthine|1525
|player|p2|lolproplayer|pokekid|1592
|gen|9
|tier|[Gen 9] OU
|rated|
|rule|HP Percentage Mod: HP is shown in percentages
|rule|Endless Battle Clause: Forcing endless battles is banned
|rule|Species Clause: Limit one of each Pokémon
|rule|OHKO Clause: OHKO moves are banned
|rule|Evasion Items Clause: Evasion items are banned
|rule|Evasion Moves Clause: Evasion moves are banned
|rule|Evasion Abilities Clause: Evasion abilities are banned
|rule|Sleep Moves Clause: Sleep-inducing moves are banned
|clearpoke
|poke|p1|Dusknoir, M|
|poke|p1|Iron Hands|
|poke|p1|Kingambit, F|
|poke|p1|Ursaluna, M|
|poke|p1|Cresselia, F|
|poke|p1|Hatterene, F|
|poke|p2|Ursaluna, M|
|poke|p2|Cresselia, F|
|poke|p2|Iron Hands|
|poke|p2|Volcanion|
|poke|p2|Hatterene, F|
|poke|p2|Porygon2|
|teampreview
|inactive|Battle timer is ON: inactive players will automatically lose when time's up. (requested by lolproplayer)
|inactive|alter also wants the timer to be on.
|
|t:|1757920543
|teamsize|p1|6
|teamsize|p2|6
|start
|switch|p1a: wallbreak #1|Iron Hands|100/100
|switch|p2a: Molester|Volcanion|100/100
|-enditem|p1a: wallbreak #1|Booster Energy
|-activate|p1a: wallbreak #1|ability: Quark Drive|[fromitem]
|-start|p1a: wallbreak #1|quarkdriveatk
|turn|1
|
|t:|1757920552
|-terastallize|p2a: Molester|Water
|move|p2a: Molester|Steam Eruption|p1a: wallbreak #1
|-damage|p1a: wallbreak #1|0 fnt
|faint|p1a: wallbreak #1
|-end|p1a: wallbreak #1|Quark Drive|[silent]
|
|upkeep
|
|t:|1757920569
|switch|p1a: personality quiz|Dusknoir, M|100/100
|-item|p2a: Molester|Choice Specs|[from] ability: Frisk|[of] p1a: personality quiz
|turn|2
|
|t:|1757920574
|move|p2a: Molester|Steam Eruption|p1a: personality quiz
|-damage|p1a: personality quiz|0 fnt
|faint|p1a: personality quiz
|
|upkeep
|
|t:|1757920580
|switch|p1a: wall|Cresselia, F|100/100
|turn|3
|
|t:|1757920582
|move|p2a: Molester|Steam Eruption|p1a: wall
|-damage|p1a: wall|14/100
|move|p1a: wall|Trick Room|p1a: wall
|-fieldstart|move: Trick Room|[of] p1a: wall
|
|upkeep
|turn|4
|
|t:|1757920592
|switch|p2a: AssFrasser|Ursaluna, M|100/100
|move|p1a: wall|Lunar Dance|p1a: wall
|faint|p1a: wall
|
|-status|p2a: AssFrasser|brn|[from] item: Flame Orb
|upkeep
|
|t:|1757920601
|switch|p1a: better bronz|Hatterene, F|100/100
|turn|5
|
|t:|1757920605
|move|p1a: better bronz|Psychic Noise|p2a: AssFrasser
|-damage|p2a: AssFrasser|58/100 brn
|-start|p2a: AssFrasser|move: Heal Block
|move|p2a: AssFrasser|Facade|p1a: better bronz
|-enditem|p1a: better bronz|Focus Sash
|-damage|p1a: better bronz|1/100
|
|-damage|p2a: AssFrasser|51/100 brn|[from] brn
|upkeep
|turn|6
|c|☆alter|Damn that shit rocked me
|
|t:|1757920627
|switch|p2a: Moonboy|Cresselia, F, shiny|100/100
|move|p1a: better bronz|Misty Explosion|p2a: Moonboy
|-damage|p2a: Moonboy|68/100
|faint|p1a: better bronz
|
|upkeep
|c|☆lolproplayer|xd
|c|☆alter|Can't believe it ohkod
|c|☆lolproplayer|its kidna strong
|c|☆alter|Cbf calving because on phone
|c|☆alter|Calc
|n|!lolproplayer|lolproplayer
|
|t:|1757920648
|switch|p1a: no skill|Ursaluna, M|100/100
|turn|7
|
|t:|1757920659
|move|p1a: no skill|Swords Dance|p1a: no skill
|-boost|p1a: no skill|atk|2
|move|p2a: Moonboy|Lunar Dance|p2a: Moonboy
|faint|p2a: Moonboy
|
|-fieldend|move: Trick Room
|-status|p1a: no skill|brn|[from] item: Flame Orb
|upkeep
|
|t:|1757920674
|switch|p2a: Molester|Volcanion, tera:Water|100/100
|-heal|p2a: Molester|100/100|[from] move: Lunar Dance
|turn|8
|
|t:|1757920679
|-terastallize|p1a: no skill|Normal
|move|p2a: Molester|Steam Eruption|p1a: no skill
|-damage|p1a: no skill|0 fnt
|faint|p1a: no skill
|
|upkeep
|-message|alter forfeited.
|
|win|lolproplayer
|raw|alter's rating: 1525 &rarr; <strong>1509</strong><br />(-16 for losing)
|raw|lolproplayer's rating: 1592 &rarr; <strong>1608</strong><br />(+16 for winning)
|l|☆alter
|player|p1|
|l|!lolproplayer
|player|p2|
