|j|☆douadyrabbit
|j|☆SSStyl1sh
|t:|1757911877
|gametype|singles
|player|p1|douadyrabbit|pokefanf-gen2|1201
|player|p2|SSStyl1sh|giovanni|1215
|gen|9
|tier|[Gen 9] OU
|rated|
|rule|HP Percentage Mod: HP is shown in percentages
|rule|Endless Battle Clause: Forcing endless battles is banned
|rule|Species Clause: Limit one of each Pokémon
|rule|OHKO Clause: OHKO moves are banned
|rule|Evasion Items Clause: Evasion items are banned
|rule|Evasion Moves Clause: Evasion moves are banned
|rule|Evasion Abilities Clause: Evasion abilities are banned
|rule|Sleep Moves Clause: Sleep-inducing moves are banned
|clearpoke
|poke|p1|Slowking, F|
|poke|p1|Blissey, F|
|poke|p1|Alomomola, M|
|poke|p1|Clefable, F|
|poke|p1|Hatterene, F|
|poke|p1|Slowbro, F|
|poke|p2|Araquanid, M|
|poke|p2|Crawdaunt, M|
|poke|p2|Tornadus-Therian, M|
|poke|p2|Ting-Lu|
|poke|p2|Gholdengo|
|poke|p2|Great Tusk|
|teampreview
|
|t:|1757911885
|teamsize|p1|6
|teamsize|p2|6
|start
|switch|p1a: Slowbro|Slowbro, F|100/100
|switch|p2a: Araquanid|Araquanid, M|100/100
|turn|1
|
|t:|1757911905
|switch|p1a: Clefable|Clefable, F|100/100
|move|p2a: Araquanid|Surf|p1a: Clefable
|-damage|p1a: Clefable|47/100
|
|-heal|p1a: Clefable|53/100|[from] item: Leftovers
|upkeep
|turn|2
|
|t:|1757911912
|move|p1a: Clefable|Wish|p1a: Clefable
|move|p2a: Araquanid|Surf|p1a: Clefable
|-damage|p1a: Clefable|6/100
|
|-heal|p1a: Clefable|12/100|[from] item: Leftovers
|upkeep
|turn|3
|
|t:|1757911923
|switch|p1a: Hatterene|Hatterene, F|100/100
|move|p2a: Araquanid|Surf|p1a: Hatterene
|-damage|p1a: Hatterene|46/100
|
|-heal|p1a: Hatterene|100/100|[from] move: Wish|[wisher] Clefable
|upkeep
|turn|4
|
|t:|1757911934
|move|p2a: Araquanid|Surf|p1a: Hatterene
|-damage|p1a: Hatterene|38/100
|move|p1a: Hatterene|Mystical Fire|p2a: Araquanid
|-damage|p2a: Araquanid|89/100
|-unboost|p2a: Araquanid|spa|1
|
|-heal|p1a: Hatterene|44/100|[from] item: Leftovers
|upkeep
|turn|5
|
|t:|1757911943
|switch|p1a: Blissey|Blissey, F|100/100
|move|p2a: Araquanid|Surf|p1a: Blissey
|-damage|p1a: Blissey|88/100
|
|upkeep
|turn|6
|
|t:|1757911958
|switch|p2a: Tornadus|Tornadus-Therian, M|100/100
|move|p1a: Blissey|Seismic Toss|p2a: Tornadus
|-damage|p2a: Tornadus|69/100
|
|upkeep
|turn|7
|
|t:|1757911966
|move|p2a: Tornadus|U-turn|p1a: Blissey
|-damage|p1a: Blissey|75/100
|
|t:|1757911969
|switch|p2a: Great Tusk|Great Tusk|100/100|[from] U-turn
|move|p1a: Blissey|Seismic Toss|p2a: Great Tusk
|-damage|p2a: Great Tusk|77/100
|-damage|p1a: Blissey|58/100|[from] item: Rocky Helmet|[of] p2a: Great Tusk
|
|upkeep
|turn|8
|
|t:|1757911978
|switch|p1a: Alomomola|Alomomola, M|100/100
|move|p2a: Great Tusk|Knock Off|p1a: Alomomola
|-damage|p1a: Alomomola|84/100
|-enditem|p1a: Alomomola|Heavy-Duty Boots|[from] move: Knock Off|[of] p2a: Great Tusk
|
|upkeep
|turn|9
|
|t:|1757911987
|-end|p2a: Great Tusk|Protosynthesis|[silent]
|switch|p2a: Araquanid|Araquanid, M|89/100
|move|p1a: Alomomola|Wish|p1a: Alomomola
|
|upkeep
|turn|10
|
|t:|1757911993
|move|p1a: Alomomola|Flip Turn|p2a: Araquanid
|-resisted|p2a: Araquanid
|-damage|p2a: Araquanid|82/100
|
|t:|1757911996
|switch|p1a: Clefable|Clefable, F|12/100|[from] Flip Turn
|move|p2a: Araquanid|Surf|p1a: Clefable
|-damage|p1a: Clefable|0 fnt
|faint|p1a: Clefable
|
|upkeep
|
|t:|1757912002
|switch|p1a: Blissey|Blissey, F|58/100
|turn|11
|
|t:|1757912007
|move|p1a: Blissey|Soft-Boiled|p1a: Blissey
|-heal|p1a: Blissey|100/100
|move|p2a: Araquanid|Sticky Web|p1a: Blissey
|-sidestart|p1: douadyrabbit|move: Sticky Web
|
|upkeep
|turn|12
|
|t:|1757912013
|move|p1a: Blissey|Seismic Toss|p2a: Araquanid
|-damage|p2a: Araquanid|52/100
|move|p2a: Araquanid|Surf|p1a: Blissey
|-damage|p1a: Blissey|80/100
|
|upkeep
|turn|13
|
|t:|1757912018
|move|p1a: Blissey|Seismic Toss|p2a: Araquanid
|-damage|p2a: Araquanid|23/100
|move|p2a: Araquanid|Surf|p1a: Blissey
|-damage|p1a: Blissey|61/100
|
|upkeep
|turn|14
|-enditem|p2a: Araquanid|Custap Berry|[eat]
|-activate|p2a: Araquanid|item: Custap Berry|[consumed]
|
|t:|1757912024
|move|p2a: Araquanid|Surf|p1a: Blissey
|-damage|p1a: Blissey|39/100
|move|p1a: Blissey|Shadow Ball|p2a: Araquanid
|-damage|p2a: Araquanid|12/100
|
|upkeep
|turn|15
|
|t:|1757912031
|move|p1a: Blissey|Soft-Boiled|p1a: Blissey
|-heal|p1a: Blissey|89/100
|move|p2a: Araquanid|Surf|p1a: Blissey
|-damage|p1a: Blissey|68/100
|
|upkeep
|turn|16
|
|t:|1757912036
|move|p1a: Blissey|Seismic Toss|p2a: Araquanid
|-damage|p2a: Araquanid|0 fnt
|faint|p2a: Araquanid
|
|upkeep
|
|t:|1757912043
|switch|p2a: Crawdaunt|Crawdaunt, M|100/100
|turn|17
|
|t:|1757912047
|switch|p1a: Alomomola|Alomomola, M|100/100
|-activate|p1a: Alomomola|move: Sticky Web
|-unboost|p1a: Alomomola|spe|1
|move|p2a: Crawdaunt|Knock Off|p1a: Alomomola
|-damage|p1a: Alomomola|64/100
|
|upkeep
|turn|18
|
|t:|1757912056
|switch|p2a: Tornadus|Tornadus-Therian, M|100/100
|move|p1a: Alomomola|Wish|p1a: Alomomola
|
|upkeep
|turn|19
|
|t:|1757912063
|switch|p1a: Hatterene|Hatterene, F|44/100
|-activate|p1a: Hatterene|move: Sticky Web
|-unboost|p1a: Hatterene|spe|1
|move|p2a: Tornadus|Nasty Plot|p2a: Tornadus
|-boost|p2a: Tornadus|spa|2
|
|-heal|p1a: Hatterene|100/100|[from] move: Wish|[wisher] Alomomola
|upkeep
|turn|20
|
|t:|1757912073
|move|p2a: Tornadus|Bleakwind Storm|p1a: Hatterene|[miss]
|-miss|p2a: Tornadus|p1a: Hatterene
|move|p1a: Hatterene|Mystical Fire|p2a: Tornadus
|-damage|p2a: Tornadus|65/100
|-unboost|p2a: Tornadus|spa|1
|
|upkeep
|turn|21
|
|t:|1757912080
|move|p2a: Tornadus|Bleakwind Storm|p1a: Hatterene
|-crit|p1a: Hatterene
|-damage|p1a: Hatterene|0 fnt
|faint|p1a: Hatterene
|
|upkeep
|
|t:|1757912086
|switch|p1a: Slowking|Slowking, F|100/100
|turn|22
|
|t:|1757912093
|move|p2a: Tornadus|U-turn|p1a: Slowking
|-supereffective|p1a: Slowking
|-damage|p1a: Slowking|71/100
|
|t:|1757912104
|switch|p2a: Great Tusk|Great Tusk|77/100|[from] U-turn
|move|p1a: Slowking|Psyshock|p2a: Great Tusk
|-supereffective|p2a: Great Tusk
|-damage|p2a: Great Tusk|32/100
|
|upkeep
|turn|23
|
|t:|1757912122
|-end|p2a: Great Tusk|Protosynthesis|[silent]
|switch|p2a: Tornadus|Tornadus-Therian, M|98/100
|switch|p1a: Alomomola|Alomomola, M|98/100
|-activate|p1a: Alomomola|move: Sticky Web
|-unboost|p1a: Alomomola|spe|1
|
|upkeep
|turn|24
|
|t:|1757912129
|move|p2a: Tornadus|Bleakwind Storm|p1a: Alomomola|[miss]
|-miss|p2a: Tornadus|p1a: Alomomola
|move|p1a: Alomomola|Flip Turn|p2a: Tornadus
|-damage|p2a: Tornadus|79/100
|
|t:|1757912135
|switch|p1a: Slowking|Slowking, F|100/100|[from] Flip Turn
|
|upkeep
|turn|25
|
|t:|1757912142
|move|p2a: Tornadus|U-turn|p1a: Slowking
|-supereffective|p1a: Slowking
|-damage|p1a: Slowking|71/100
|
|t:|1757912146
|switch|p2a: Ting-Lu|Ting-Lu|100/100|[from] U-turn
|-ability|p2a: Ting-Lu|Vessel of Ruin
|move|p1a: Slowking|Future Sight|p2a: Ting-Lu
|-start|p1a: Slowking|move: Future Sight
|
|upkeep
|turn|26
|
|t:|1757912152
|move|p2a: Ting-Lu|Stealth Rock|p1a: Slowking
|-sidestart|p1: douadyrabbit|move: Stealth Rock
|move|p1a: Slowking|Scald|p2a: Ting-Lu
|-supereffective|p2a: Ting-Lu
|-damage|p2a: Ting-Lu|69/100
|-status|p2a: Ting-Lu|brn
|
|-heal|p2a: Ting-Lu|75/100 brn|[from] item: Leftovers
|-damage|p2a: Ting-Lu|69/100 brn|[from] brn
|upkeep
|turn|27
|
|t:|1757912161
|move|p2a: Ting-Lu|Spikes|p1a: Slowking
|-sidestart|p1: douadyrabbit|Spikes
|-prepare|p1a: Slowking|Chilly Reception|[premajor]
|move|p1a: Slowking|Chilly Reception|p1a: Slowking
|-weather|Snowscape
|
|t:|1757912168
|switch|p1a: Slowbro|Slowbro, F|100/100|[from] Chilly Reception
|-activate|p1a: Slowbro|move: Sticky Web
|-unboost|p1a: Slowbro|spe|1
|-damage|p1a: Slowbro|88/100|[from] Stealth Rock
|-damage|p1a: Slowbro|76/100|[from] Spikes
|
|-weather|Snowscape|[upkeep]
|-end|p2a: Ting-Lu|move: Future Sight
|-immune|p2a: Ting-Lu
|-heal|p2a: Ting-Lu|75/100 brn|[from] item: Leftovers
|-damage|p2a: Ting-Lu|69/100 brn|[from] brn
|upkeep
|turn|28
|
|t:|1757912180
|move|p2a: Ting-Lu|Spikes|p1a: Slowbro
|-sidestart|p1: douadyrabbit|Spikes
|move|p1a: Slowbro|Trick|p2a: Ting-Lu
|-activate|p1a: Slowbro|move: Trick|[of] p2a: Ting-Lu
|-item|p2a: Ting-Lu|Choice Specs|[from] move: Trick
|-item|p1a: Slowbro|Leftovers|[from] move: Trick
|
|-weather|Snowscape|[upkeep]
|-heal|p1a: Slowbro|82/100|[from] item: Leftovers
|-damage|p2a: Ting-Lu|63/100 brn|[from] brn
|upkeep
|turn|29
|
|t:|1757912190
|switch|p2a: Gholdengo|Gholdengo|100/100
|-item|p2a: Gholdengo|Air Balloon
|move|p1a: Slowbro|Scald|p2a: Gholdengo
|-damage|p2a: Gholdengo|67/100
|-status|p2a: Gholdengo|brn
|-enditem|p2a: Gholdengo|Air Balloon
|
|-weather|Snowscape|[upkeep]
|-heal|p1a: Slowbro|88/100|[from] item: Leftovers
|-damage|p2a: Gholdengo|61/100 brn|[from] brn
|upkeep
|turn|30
|
|t:|1757912203
|switch|p1a: Blissey|Blissey, F|68/100
|move|p2a: Gholdengo|Nasty Plot|p2a: Gholdengo
|-boost|p2a: Gholdengo|spa|2
|
|-weather|Snowscape|[upkeep]
|-damage|p2a: Gholdengo|55/100 brn|[from] brn
|upkeep
|turn|31
|
|t:|1757912210
|move|p2a: Gholdengo|Focus Blast|p1a: Blissey|[miss]
|-miss|p2a: Gholdengo|p1a: Blissey
|move|p1a: Blissey|Shadow Ball|p2a: Gholdengo
|-supereffective|p2a: Gholdengo
|-damage|p2a: Gholdengo|19/100 brn
|
|-weather|none
|-damage|p2a: Gholdengo|13/100 brn|[from] brn
|upkeep
|turn|32
|
|t:|1757912218
|move|p2a: Gholdengo|Focus Blast|p1a: Blissey
|-supereffective|p1a: Blissey
|-damage|p1a: Blissey|2/100
|move|p1a: Blissey|Soft-Boiled|p1a: Blissey
|-heal|p1a: Blissey|52/100
|
|-damage|p2a: Gholdengo|7/100 brn|[from] brn
|upkeep
|turn|33
|
|t:|1757912226
|move|p2a: Gholdengo|Focus Blast|p1a: Blissey|[miss]
|-miss|p2a: Gholdengo|p1a: Blissey
|move|p1a: Blissey|Soft-Boiled|p1a: Blissey
|-heal|p1a: Blissey|100/100
|
|-damage|p2a: Gholdengo|0 fnt|[from] brn
|faint|p2a: Gholdengo
|upkeep
|
|t:|1757912239
|switch|p2a: Ting-Lu|Ting-Lu|63/100 brn
|-ability|p2a: Ting-Lu|Vessel of Ruin
|turn|34
|
|t:|1757912246
|move|p1a: Blissey|Seismic Toss|p2a: Ting-Lu
|-damage|p2a: Ting-Lu|43/100 brn
|move|p2a: Ting-Lu|Ruination|p1a: Blissey
|-damage|p1a: Blissey|50/100
|
|-damage|p2a: Ting-Lu|37/100 brn|[from] brn
|upkeep
|turn|35
|
|t:|1757912253
|move|p1a: Blissey|Seismic Toss|p2a: Ting-Lu
|-damage|p2a: Ting-Lu|18/100 brn
|move|p2a: Ting-Lu|Ruination|p1a: Blissey
|-damage|p1a: Blissey|26/100
|
|-damage|p2a: Ting-Lu|11/100 brn|[from] brn
|upkeep
|turn|36
|
|t:|1757912260
|move|p1a: Blissey|Soft-Boiled|p1a: Blissey
|-heal|p1a: Blissey|76/100
|move|p2a: Ting-Lu|Ruination|p1a: Blissey
|-damage|p1a: Blissey|38/100
|
|-damage|p2a: Ting-Lu|5/100 brn|[from] brn
|upkeep
|turn|37
|
|t:|1757912267
|move|p1a: Blissey|Soft-Boiled|p1a: Blissey
|-heal|p1a: Blissey|88/100
|move|p2a: Ting-Lu|Ruination|p1a: Blissey
|-damage|p1a: Blissey|44/100
|
|-damage|p2a: Ting-Lu|0 fnt|[from] brn
|faint|p2a: Ting-Lu
|upkeep
|
|t:|1757912279
|switch|p2a: Crawdaunt|Crawdaunt, M|100/100
|turn|38
|
|t:|1757912290
|switch|p1a: Alomomola|Alomomola, M|100/100
|-activate|p1a: Alomomola|move: Sticky Web
|-unboost|p1a: Alomomola|spe|1
|-damage|p1a: Alomomola|88/100|[from] Stealth Rock
|-damage|p1a: Alomomola|71/100|[from] Spikes
|move|p2a: Crawdaunt|Close Combat|p1a: Alomomola
|-damage|p1a: Alomomola|36/100
|-unboost|p2a: Crawdaunt|def|1
|-unboost|p2a: Crawdaunt|spd|1
|
|upkeep
|turn|39
|
|t:|1757912306
|switch|p2a: Tornadus|Tornadus-Therian, M|100/100
|-terastallize|p1a: Alomomola|Fairy
|move|p1a: Alomomola|Wish|p1a: Alomomola
|
|upkeep
|turn|40
|
|t:|1757912320
|move|p1a: Alomomola|Protect|p1a: Alomomola
|-singleturn|p1a: Alomomola|Protect
|move|p2a: Tornadus|Nasty Plot|p2a: Tornadus
|-boost|p2a: Tornadus|spa|2
|
|-heal|p1a: Alomomola|86/100|[from] move: Wish|[wisher] Alomomola
|upkeep
|turn|41
|
|t:|1757912329
|move|p2a: Tornadus|Nasty Plot|p2a: Tornadus
|-boost|p2a: Tornadus|spa|2
|move|p1a: Alomomola|Flip Turn|p2a: Tornadus
|-damage|p2a: Tornadus|81/100
|
|t:|1757912335
|switch|p1a: Blissey|Blissey, F|44/100|[from] Flip Turn
|
|upkeep
|turn|42
|
|t:|1757912341
|move|p2a: Tornadus|Focus Blast|p1a: Blissey|[miss]
|-miss|p2a: Tornadus|p1a: Blissey
|move|p1a: Blissey|Soft-Boiled|p1a: Blissey
|-heal|p1a: Blissey|94/100
|
|upkeep
|turn|43
|
|t:|1757912346
|move|p2a: Tornadus|Focus Blast|p1a: Blissey|[miss]
|-miss|p2a: Tornadus|p1a: Blissey
|move|p1a: Blissey|Seismic Toss|p2a: Tornadus
|-damage|p2a: Tornadus|50/100
|
|upkeep
|turn|44
|
|t:|1757912352
|move|p2a: Tornadus|Focus Blast|p1a: Blissey
|-supereffective|p1a: Blissey
|-damage|p1a: Blissey|15/100
|move|p1a: Blissey|Seismic Toss|p2a: Tornadus
|-damage|p2a: Tornadus|18/100
|
|upkeep
|turn|45
|
|t:|1757912359
|move|p2a: Tornadus|Bleakwind Storm|p1a: Blissey
|-damage|p1a: Blissey|0 fnt
|faint|p1a: Blissey
|
|upkeep
|
|t:|1757912363
|switch|p1a: Slowking|Slowking, F|100/100
|turn|46
|
|t:|1757912374
|move|p2a: Tornadus|U-turn|p1a: Slowking
|-supereffective|p1a: Slowking
|-damage|p1a: Slowking|71/100
|
|t:|1757912377
|switch|p2a: Great Tusk|Great Tusk|32/100|[from] U-turn
|move|p1a: Slowking|Psyshock|p2a: Great Tusk
|-supereffective|p2a: Great Tusk
|-damage|p2a: Great Tusk|0 fnt
|faint|p2a: Great Tusk
|-end|p2a: Great Tusk|Protosynthesis|[silent]
|
|upkeep
|
|t:|1757912386
|switch|p2a: Crawdaunt|Crawdaunt, M|100/100
|turn|47
|
|t:|1757912393
|switch|p1a: Alomomola|Alomomola, M, tera:Fairy|100/100
|-activate|p1a: Alomomola|move: Sticky Web
|-unboost|p1a: Alomomola|spe|1
|-damage|p1a: Alomomola|88/100|[from] Stealth Rock
|-damage|p1a: Alomomola|71/100|[from] Spikes
|move|p2a: Crawdaunt|Knock Off|p1a: Alomomola
|-resisted|p1a: Alomomola
|-damage|p1a: Alomomola|52/100
|
|upkeep
|turn|48
|
|t:|1757912404
|switch|p2a: Tornadus|Tornadus-Therian, M|51/100
|move|p1a: Alomomola|Wish|p1a: Alomomola
|
|upkeep
|turn|49
|
|t:|1757912410
|move|p2a: Tornadus|U-turn|p1a: Alomomola
|-resisted|p1a: Alomomola
|-damage|p1a: Alomomola|48/100
|
|t:|1757912412
|switch|p2a: Crawdaunt|Crawdaunt, M|100/100|[from] U-turn
|move|p1a: Alomomola|Flip Turn|p2a: Crawdaunt
|-resisted|p2a: Crawdaunt
|-damage|p2a: Crawdaunt|90/100
|
|t:|1757912420
|switch|p1a: Slowbro|Slowbro, F|100/100|[from] Flip Turn
|-activate|p1a: Slowbro|move: Sticky Web
|-unboost|p1a: Slowbro|spe|1
|-damage|p1a: Slowbro|88/100|[from] Stealth Rock
|-damage|p1a: Slowbro|72/100|[from] Spikes
|
|-heal|p1a: Slowbro|100/100|[from] move: Wish|[wisher] Alomomola
|upkeep
|turn|50
|
|t:|1757912432
|move|p2a: Crawdaunt|Crabhammer|p1a: Slowbro
|-resisted|p1a: Slowbro
|-damage|p1a: Slowbro|70/100
|move|p1a: Slowbro|Scald|p2a: Crawdaunt
|-resisted|p2a: Crawdaunt
|-damage|p2a: Crawdaunt|60/100
|-status|p2a: Crawdaunt|brn
|
|-heal|p1a: Slowbro|76/100|[from] item: Leftovers
|-damage|p2a: Crawdaunt|54/100 brn|[from] brn
|upkeep
|turn|51
|
|t:|1757912443
|move|p2a: Crawdaunt|Crabhammer|p1a: Slowbro
|-resisted|p1a: Slowbro
|-crit|p1a: Slowbro
|-damage|p1a: Slowbro|50/100
|move|p1a: Slowbro|Scald|p2a: Crawdaunt
|-resisted|p2a: Crawdaunt
|-damage|p2a: Crawdaunt|25/100 brn
|
|-heal|p1a: Slowbro|57/100|[from] item: Leftovers
|-damage|p2a: Crawdaunt|19/100 brn|[from] brn
|upkeep
|turn|52
|
|t:|1757912452
|move|p2a: Crawdaunt|Crabhammer|p1a: Slowbro
|-resisted|p1a: Slowbro
|-damage|p1a: Slowbro|42/100
|move|p1a: Slowbro|Scald|p2a: Crawdaunt
|-resisted|p2a: Crawdaunt
|-damage|p2a: Crawdaunt|0 fnt
|faint|p2a: Crawdaunt
|
|-heal|p1a: Slowbro|48/100|[from] item: Leftovers
|upkeep
|
|t:|1757912455
|switch|p2a: Tornadus|Tornadus-Therian, M|84/100
|turn|53
|
|t:|1757912470
|move|p2a: Tornadus|Nasty Plot|p2a: Tornadus
|-boost|p2a: Tornadus|spa|2
|move|p1a: Slowbro|Psychic Noise|p2a: Tornadus
|-damage|p2a: Tornadus|54/100
|-start|p2a: Tornadus|move: Heal Block
|
|-heal|p1a: Slowbro|54/100|[from] item: Leftovers
|upkeep
|turn|54
|
|t:|1757912478
|move|p2a: Tornadus|Nasty Plot|p2a: Tornadus
|-boost|p2a: Tornadus|spa|2
|move|p1a: Slowbro|Scald|p2a: Tornadus
|-damage|p2a: Tornadus|24/100
|-status|p2a: Tornadus|brn
|
|-heal|p1a: Slowbro|60/100|[from] item: Leftovers
|-damage|p2a: Tornadus|18/100 brn|[from] brn
|-end|p2a: Tornadus|move: Heal Block
|upkeep
|turn|55
|
|t:|1757912489
|move|p2a: Tornadus|Bleakwind Storm|p1a: Slowbro
|-damage|p1a: Slowbro|0 fnt
|faint|p1a: Slowbro
|
|-damage|p2a: Tornadus|12/100 brn|[from] brn
|upkeep
|
|t:|1757912495
|switch|p1a: Slowking|Slowking, F|100/100
|turn|56
|
|t:|1757912499
|move|p2a: Tornadus|Bleakwind Storm|p1a: Slowking|[miss]
|-miss|p2a: Tornadus|p1a: Slowking
|move|p1a: Slowking|Psyshock|p2a: Tornadus
|-damage|p2a: Tornadus|0 fnt
|faint|p2a: Tornadus
|
|win|douadyrabbit
|raw|douadyrabbit's rating: 1201 &rarr; <strong>1227</strong><br />(+26 for winning)
|raw|SSStyl1sh's rating: 1215 &rarr; <strong>1189</strong><br />(-26 for losing)
|l|☆SSStyl1sh
|player|p2|
|l|☆douadyrabbit
|player|p1|
