|j|‽v1n001
|j|☆longyutaihou
|t:|1757853918
|gametype|singles
|player|p1|v1n001|2|1701
|player|p2|longyutaihou|bellelba|1683
|gen|9
|tier|[Gen 9] OU
|rated|
|rule|HP Percentage Mod: HP is shown in percentages
|rule|Endless Battle Clause: Forcing endless battles is banned
|rule|Species Clause: Limit one of each Pokémon
|rule|OHKO Clause: OHKO moves are banned
|rule|Evasion Items Clause: Evasion items are banned
|rule|Evasion Moves Clause: Evasion moves are banned
|rule|Evasion Abilities Clause: Evasion abilities are banned
|rule|Sleep Moves Clause: Sleep-inducing moves are banned
|clearpoke
|poke|p1|Raging Bolt|
|poke|p1|Alomomola, F|
|poke|p1|Ting-Lu|
|poke|p1|Weezing-Galar, F|
|poke|p1|Landorus-Therian, M|
|poke|p1|Ogerpon-Wellspring, F|
|poke|p2|Ursaluna, F|
|poke|p2|Torkoal, F|
|poke|p2|Hoopa-Unbound|
|poke|p2|Cresselia, F|
|poke|p2|Hatterene, F|
|poke|p2|Enamorus-Therian, F|
|teampreview
|inactive|Battle timer is ON: inactive players will automatically lose when time's up. (requested by v1n001)
|
|t:|1757853941
|teamsize|p1|6
|teamsize|p2|6
|start
|switch|p1a: Raging Bolt|Raging Bolt|100/100
|switch|p2a: Enamorus|Enamorus-Therian, F|100/100
|turn|1
|
|t:|1757853951
|-terastallize|p2a: Enamorus|Fairy
|move|p1a: Raging Bolt|Volt Switch|p2a: Enamorus
|-damage|p2a: Enamorus|36/100
|
|t:|1757853955
|-end|p1a: Raging Bolt|Protosynthesis|[silent]
|switch|p1a: Weezing|Weezing-Galar, F, shiny|100/100|[from] Volt Switch
|-ability|p1a: Weezing|Neutralizing Gas
|move|p2a: Enamorus|Moonblast|p1a: Weezing
|-resisted|p1a: Weezing
|-damage|p1a: Weezing|20/100
|-unboost|p1a: Weezing|spa|1
|
|upkeep
|turn|2
|
|t:|1757853965
|switch|p2a: Hoopa|Hoopa-Unbound|100/100
|move|p1a: Weezing|Pain Split|p2a: Hoopa
|-sethp|p2a: Hoopa|60/100|[from] move: Pain Split|[silent]
|-sethp|p1a: Weezing|61/100|[from] move: Pain Split
|
|upkeep
|turn|3
|
|t:|1757853982
|-end|p1a: Weezing|ability: Neutralizing Gas
|switch|p1a: Ting-Lu|Ting-Lu|100/100
|-ability|p1a: Ting-Lu|Vessel of Ruin
|move|p2a: Hoopa|Trick Room|p2a: Hoopa
|-fieldstart|move: Trick Room|[of] p2a: Hoopa
|
|upkeep
|turn|4
|
|t:|1757853991
|switch|p2a: Enamorus|Enamorus-Therian, F, tera:Fairy|36/100
|move|p1a: Ting-Lu|Earthquake|p2a: Enamorus
|-damage|p2a: Enamorus|6/100
|
|upkeep
|turn|5
|
|t:|1757854000
|switch|p1a: Weezing|Weezing-Galar, F, shiny|61/100
|-ability|p1a: Weezing|Neutralizing Gas
|move|p2a: Enamorus|Draining Kiss|p1a: Weezing
|-resisted|p1a: Weezing
|-damage|p1a: Weezing|11/100
|-heal|p2a: Enamorus|42/100|[from] drain|[of] p1a: Weezing
|
|upkeep
|turn|6
|
|t:|1757854009
|move|p2a: Enamorus|Draining Kiss|p1a: Weezing
|-resisted|p1a: Weezing
|-damage|p1a: Weezing|0 fnt
|-heal|p2a: Enamorus|49/100|[from] drain|[of] p1a: Weezing
|faint|p1a: Weezing
|-end|p1a: Weezing|ability: Neutralizing Gas
|
|upkeep
|
|t:|1757854012
|switch|p1a: Raging Bolt|Raging Bolt|100/100
|turn|7
|j| xmagic_247
|
|t:|1757854020
|switch|p2a: Ursaluna|Ursaluna, F|100/100
|move|p1a: Raging Bolt|Draco Meteor|p2a: Ursaluna
|-damage|p2a: Ursaluna|0 fnt
|-unboost|p1a: Raging Bolt|spa|2
|faint|p2a: Ursaluna
|
|-fieldend|move: Trick Room
|upkeep
|j| hongyi233
|
|t:|1757854031
|switch|p2a: Enamorus|Enamorus-Therian, F, tera:Fairy|49/100
|turn|8
|
|t:|1757854037
|-end|p1a: Raging Bolt|Protosynthesis|[silent]
|switch|p1a: Alomomola|Alomomola, F, shiny|100/100
|move|p2a: Enamorus|Moonblast|p1a: Alomomola
|-damage|p1a: Alomomola|0 fnt
|faint|p1a: Alomomola
|
|upkeep
|
|t:|1757854039
|switch|p1a: Ogerpon|Ogerpon-Wellspring, F|100/100
|turn|9
|
|t:|1757854047
|switch|p2a: Cresselia|Cresselia, F|100/100
|move|p1a: Ogerpon|Ivy Cudgel|p2a: Cresselia|[anim] Ivy Cudgel Water
|-damage|p2a: Cresselia|68/100
|
|-heal|p2a: Cresselia|74/100|[from] item: Leftovers
|upkeep
|turn|10
|
|t:|1757854056
|move|p1a: Ogerpon|Spikes|p2a: Cresselia
|-sidestart|p2: longyutaihou|Spikes
|move|p2a: Cresselia|Trick Room|p2a: Cresselia
|-fieldstart|move: Trick Room|[of] p2a: Cresselia
|
|-heal|p2a: Cresselia|80/100|[from] item: Leftovers
|upkeep
|turn|11
|
|t:|1757854065
|move|p2a: Cresselia|Lunar Dance|p2a: Cresselia
|faint|p2a: Cresselia
|move|p1a: Ogerpon|Ivy Cudgel|p2: Cresselia|[notarget]
|-fail|p1a: Ogerpon
|
|upkeep
|
|t:|1757854071
|switch|p2a: Enamorus|Enamorus-Therian, F, tera:Fairy|49/100
|-heal|p2a: Enamorus|100/100|[from] move: Lunar Dance
|-damage|p2a: Enamorus|88/100|[from] Spikes
|turn|12
|
|t:|1757854077
|switch|p1a: Landorus|Landorus-Therian, M, shiny|100/100
|-ability|p1a: Landorus|Intimidate|boost
|-unboost|p2a: Enamorus|atk|1
|move|p2a: Enamorus|Draining Kiss|p1a: Landorus
|-damage|p1a: Landorus|0 fnt
|-heal|p2a: Enamorus|100/100|[from] drain|[of] p1a: Landorus
|faint|p1a: Landorus
|
|upkeep
|
|t:|1757854083
|switch|p1a: Ting-Lu|Ting-Lu|100/100
|-ability|p1a: Ting-Lu|Vessel of Ruin
|turn|13
|
|t:|1757854090
|-terastallize|p1a: Ting-Lu|Poison
|move|p2a: Enamorus|Draining Kiss|p1a: Ting-Lu
|-resisted|p1a: Ting-Lu
|-damage|p1a: Ting-Lu|86/100
|move|p1a: Ting-Lu|Stealth Rock|p2a: Enamorus
|-sidestart|p2: longyutaihou|move: Stealth Rock
|
|-heal|p1a: Ting-Lu|92/100|[from] item: Leftovers
|upkeep
|turn|14
|j| wgw2333
|
|t:|1757854109
|switch|p2a: Torkoal|Torkoal, F, shiny|100/100
|-damage|p2a: Torkoal|88/100|[from] Spikes
|-damage|p2a: Torkoal|63/100|[from] Stealth Rock
|-weather|SunnyDay|[from] ability: Drought|[of] p2a: Torkoal
|move|p1a: Ting-Lu|Whirlwind|p2a: Torkoal
|drag|p2a: Enamorus|Enamorus-Therian, F, tera:Fairy|100/100
|-damage|p2a: Enamorus|88/100|[from] Spikes
|-damage|p2a: Enamorus|76/100|[from] Stealth Rock
|
|-weather|SunnyDay|[upkeep]
|-heal|p1a: Ting-Lu|98/100|[from] item: Leftovers
|-fieldend|move: Trick Room
|upkeep
|turn|15
|
|t:|1757854125
|switch|p1a: Ogerpon|Ogerpon-Wellspring, F|100/100
|move|p2a: Enamorus|Earth Power|p1a: Ogerpon
|-resisted|p1a: Ogerpon
|-damage|p1a: Ogerpon|69/100
|
|-weather|SunnyDay|[upkeep]
|upkeep
|turn|16
|
|t:|1757854135
|move|p1a: Ogerpon|U-turn|p2a: Enamorus
|-resisted|p2a: Enamorus
|-damage|p2a: Enamorus|65/100
|
|t:|1757854137
|switch|p1a: Ting-Lu|Ting-Lu, tera:Poison|98/100|[from] U-turn
|-ability|p1a: Ting-Lu|Vessel of Ruin
|move|p2a: Enamorus|Earth Power|p1a: Ting-Lu
|-supereffective|p1a: Ting-Lu
|-damage|p1a: Ting-Lu|51/100
|
|-weather|SunnyDay|[upkeep]
|-heal|p1a: Ting-Lu|58/100|[from] item: Leftovers
|upkeep
|turn|17
|
|t:|1757854149
|move|p2a: Enamorus|Earth Power|p1a: Ting-Lu
|-supereffective|p1a: Ting-Lu
|-damage|p1a: Ting-Lu|13/100
|move|p1a: Ting-Lu|Whirlwind|p2a: Enamorus
|drag|p2a: Hatterene|Hatterene, F|100/100
|-damage|p2a: Hatterene|88/100|[from] Spikes
|-damage|p2a: Hatterene|76/100|[from] Stealth Rock
|
|-weather|SunnyDay|[upkeep]
|-heal|p1a: Ting-Lu|19/100|[from] item: Leftovers
|upkeep
|turn|18
|
|t:|1757854161
|move|p1a: Ting-Lu|Ruination|p2a: Hatterene
|-damage|p2a: Hatterene|38/100
|move|p2a: Hatterene|Trick Room|p2a: Hatterene
|-fieldstart|move: Trick Room|[of] p2a: Hatterene
|
|-weather|none
|-heal|p1a: Ting-Lu|25/100|[from] item: Leftovers
|upkeep
|turn|19
|
|t:|1757854169
|move|p2a: Hatterene|Psychic|p1a: Ting-Lu
|-supereffective|p1a: Ting-Lu
|-damage|p1a: Ting-Lu|0 fnt
|faint|p1a: Ting-Lu
|
|upkeep
|
|t:|1757854174
|switch|p1a: Raging Bolt|Raging Bolt|100/100
|turn|20
|
|t:|1757854177
|move|p1a: Raging Bolt|Thunderclap||[still]
|-fail|p1a: Raging Bolt
|move|p2a: Hatterene|Healing Wish|p2a: Hatterene
|faint|p2a: Hatterene
|
|upkeep
|
|t:|1757854184
|switch|p2a: Enamorus|Enamorus-Therian, F, tera:Fairy|65/100
|-heal|p2a: Enamorus|100/100|[from] move: Healing Wish
|-damage|p2a: Enamorus|88/100|[from] Spikes
|-damage|p2a: Enamorus|76/100|[from] Stealth Rock
|turn|21
|
|t:|1757854192
|-end|p1a: Raging Bolt|Protosynthesis|[silent]
|switch|p1a: Ogerpon|Ogerpon-Wellspring, F|69/100
|move|p2a: Enamorus|Moonblast|p1a: Ogerpon
|-damage|p1a: Ogerpon|0 fnt
|faint|p1a: Ogerpon
|
|upkeep
|
|t:|1757854194
|switch|p1a: Raging Bolt|Raging Bolt|100/100
|turn|22
|
|t:|1757854202
|move|p2a: Enamorus|Moonblast|p1a: Raging Bolt
|-supereffective|p1a: Raging Bolt
|-damage|p1a: Raging Bolt|0 fnt
|faint|p1a: Raging Bolt
|-end|p1a: Raging Bolt|Protosynthesis|[silent]
|
|win|longyutaihou
|raw|v1n001's rating: 1701 &rarr; <strong>1680</strong><br />(-21 for losing)
|raw|longyutaihou's rating: 1683 &rarr; <strong>1704</strong><br />(+21 for winning)
|l|‽v1n001
|player|p1|
|l| xmagic_247
|l| hongyi233
|l|☆longyutaihou
|player|p2|
