|j|☆FlippinThePidgey
|j|☆Djorz01
|t:|1757852811
|gametype|singles
|player|p1|FlippinThePidgey|102|1211
|player|p2|Djorz01|gambler|1292
|gen|9
|tier|[Gen 9] OU
|rated|
|rule|HP Percentage Mod: HP is shown in percentages
|rule|Endless Battle Clause: Forcing endless battles is banned
|rule|Species Clause: Limit one of each Pokémon
|rule|OHKO Clause: OHKO moves are banned
|rule|Evasion Items Clause: Evasion items are banned
|rule|Evasion Moves Clause: Evasion moves are banned
|rule|Evasion Abilities Clause: Evasion abilities are banned
|rule|Sleep Moves Clause: Sleep-inducing moves are banned
|clearpoke
|poke|p1|Galvantula, F|
|poke|p1|Gholdengo|
|poke|p1|Great Tusk|
|poke|p1|Scizor, F|
|poke|p1|Salamence, F|
|poke|p1|Serperior, M|
|poke|p2|Slaking, F|
|poke|p2|Slowking-Galar, M|
|poke|p2|Hoopa-Unbound|
|poke|p2|Great Tusk|
|poke|p2|Kingambit, F|
|poke|p2|Latios, M|
|teampreview
|inactive|Battle timer is ON: inactive players will automatically lose when time's up. (requested by FlippinThePidgey)
|
|t:|1757852831
|teamsize|p1|6
|teamsize|p2|6
|start
|switch|p1a: Galvantula|Galvantula, F|100/100
|switch|p2a: Great Tusk|Great Tusk|100/100
|-ability|p1a: Galvantula|Unnerve
|turn|1
|
|t:|1757852838
|switch|p1a: Gholdengo|Gholdengo|100/100
|-item|p1a: Gholdengo|Air Balloon
|move|p2a: Great Tusk|Rapid Spin|p1a: Gholdengo
|-immune|p1a: Gholdengo
|
|upkeep
|turn|2
|l|☆FlippinThePidgey
|inactive|FlippinThePidgey disconnected and has a minute to reconnect!
|player|p1|
|j|☆FlippinThePidgey
|inactive|FlippinThePidgey reconnected and has 130 seconds left.
|player|p1|FlippinThePidgey|102|
|inactive|FlippinThePidgey has 120 seconds left.
|
|t:|1757852868
|switch|p1a: Galvantula|Galvantula, F|100/100
|-ability|p1a: Galvantula|Unnerve
|move|p2a: Great Tusk|Knock Off|p1a: Galvantula
|-damage|p1a: Galvantula|37/100
|-enditem|p1a: Galvantula|Focus Sash|[from] move: Knock Off|[of] p2a: Great Tusk
|
|upkeep
|turn|3
|l|☆Djorz01
|inactive|Djorz01 disconnected and has a minute to reconnect!
|player|p2|
|j|☆Djorz01
|inactive|Djorz01 reconnected and has 145 seconds left.
|player|p2|Djorz01|gambler|
|
|t:|1757852877
|move|p1a: Galvantula|Sticky Web|p2a: Great Tusk
|-sidestart|p2: Djorz01|move: Sticky Web
|move|p2a: Great Tusk|Rapid Spin|p1a: Galvantula
|-damage|p1a: Galvantula|4/100
|-boost|p2a: Great Tusk|spe|1
|-sideend|p2: Djorz01|Sticky Web|[from] move: Rapid Spin|[of] p2a: Great Tusk
|
|upkeep
|turn|4
|
|t:|1757852882
|move|p2a: Great Tusk|Knock Off|p1a: Galvantula
|-damage|p1a: Galvantula|0 fnt
|faint|p1a: Galvantula
|
|upkeep
|
|t:|1757852893
|switch|p1a: Serperior|Serperior, M|100/100
|turn|5
|
|t:|1757852908
|-end|p2a: Great Tusk|Protosynthesis|[silent]
|switch|p2a: Slowking|Slowking-Galar, M|100/100
|move|p1a: Serperior|Substitute|p1a: Serperior
|-start|p1a: Serperior|Substitute
|-damage|p1a: Serperior|76/100
|
|-heal|p1a: Serperior|82/100|[from] item: Leftovers
|upkeep
|turn|6
|
|t:|1757852915
|move|p1a: Serperior|Leech Seed|p2a: Slowking
|-start|p2a: Slowking|move: Leech Seed
|move|p2a: Slowking|Future Sight|p1a: Serperior
|-start|p2a: Slowking|move: Future Sight
|
|-heal|p1a: Serperior|88/100|[from] item: Leftovers
|-damage|p2a: Slowking|88/100|[from] Leech Seed|[of] p1a: Serperior
|-heal|p1a: Serperior|100/100|[silent]
|upkeep
|turn|7
|
|t:|1757852927
|move|p1a: Serperior|Dragon Pulse|p2a: Slowking
|-damage|p2a: Slowking|75/100
|move|p2a: Slowking|Sludge Bomb|p1a: Serperior
|-supereffective|p1a: Serperior
|-end|p1a: Serperior|Substitute
|
|-damage|p2a: Slowking|63/100|[from] Leech Seed|[of] p1a: Serperior
|upkeep
|turn|8
|
|t:|1757852934
|move|p1a: Serperior|Substitute|p1a: Serperior
|-start|p1a: Serperior|Substitute
|-damage|p1a: Serperior|76/100
|move|p2a: Slowking|Sludge Bomb|p1a: Serperior
|-supereffective|p1a: Serperior
|-end|p1a: Serperior|Substitute
|
|-end|p1a: Serperior|move: Future Sight
|-damage|p1a: Serperior|22/100
|-heal|p1a: Serperior|28/100|[from] item: Leftovers
|-damage|p2a: Slowking|50/100|[from] Leech Seed|[of] p1a: Serperior
|-heal|p1a: Serperior|45/100|[silent]
|upkeep
|turn|9
|
|t:|1757852945
|switch|p1a: Scizor|Scizor, F|100/100
|move|p2a: Slowking|Future Sight|p1a: Scizor
|-start|p2a: Slowking|move: Future Sight
|
|-damage|p2a: Slowking|38/100|[from] Leech Seed|[of] p1a: Scizor
|upkeep
|turn|10
|
|t:|1757852955
|switch|p2a: Slaking|Slaking, F|100/100
|move|p1a: Scizor|U-turn|p2a: Slaking
|-damage|p2a: Slaking|82/100
|-damage|p1a: Scizor|84/100|[from] item: Rocky Helmet|[of] p2a: Slaking
|
|t:|1757852969
|switch|p1a: Serperior|Serperior, M|45/100|[from] U-turn
|
|-heal|p1a: Serperior|51/100|[from] item: Leftovers
|upkeep
|turn|11
|
|t:|1757852978
|move|p1a: Serperior|Substitute|p1a: Serperior
|-start|p1a: Serperior|Substitute
|-damage|p1a: Serperior|27/100
|move|p2a: Slaking|Roar|p1a: Serperior
|drag|p1a: Scizor|Scizor, F|84/100
|
|-end|p1a: Scizor|move: Future Sight
|-resisted|p1a: Scizor
|-damage|p1a: Scizor|59/100
|upkeep
|turn|12
|
|t:|1757852988
|cant|p2a: Slaking|ability: Truant
|move|p1a: Scizor|Knock Off|p2a: Slaking
|-damage|p2a: Slaking|63/100
|-damage|p1a: Scizor|43/100|[from] item: Rocky Helmet|[of] p2a: Slaking
|-enditem|p2a: Slaking|Rocky Helmet|[from] move: Knock Off|[of] p1a: Scizor
|
|upkeep
|turn|13
|
|t:|1757852996
|move|p2a: Slaking|Slack Off|p2a: Slaking
|-heal|p2a: Slaking|100/100
|move|p1a: Scizor|Close Combat|p2a: Slaking
|-supereffective|p2a: Slaking
|-damage|p2a: Slaking|59/100
|-unboost|p1a: Scizor|def|1
|-unboost|p1a: Scizor|spd|1
|
|upkeep
|turn|14
|
|t:|1757853009
|switch|p2a: Latios|Latios, M|100/100
|switch|p1a: Gholdengo|Gholdengo|100/100
|-item|p1a: Gholdengo|Air Balloon
|
|upkeep
|turn|15
|inactive|Djorz01 has 120 seconds left.
|
|t:|1757853044
|move|p2a: Latios|Flip Turn|p1a: Gholdengo
|-damage|p1a: Gholdengo|88/100
|-enditem|p1a: Gholdengo|Air Balloon
|inactive|Djorz01 has 120 seconds left.
|
|t:|1757853049
|switch|p2a: Slowking|Slowking-Galar, M|71/100|[from] Flip Turn
|move|p1a: Gholdengo|Shadow Ball|p2a: Slowking
|-supereffective|p2a: Slowking
|-damage|p2a: Slowking|24/100
|
|upkeep
|turn|16
|
|t:|1757853063
|switch|p1a: Great Tusk|Great Tusk|100/100
|switch|p2a: Great Tusk|Great Tusk|100/100
|
|upkeep
|turn|17
|
|t:|1757853071
|move|p1a: Great Tusk|Stealth Rock|p2a: Great Tusk
|-sidestart|p2: Djorz01|move: Stealth Rock
|move|p2a: Great Tusk|Stealth Rock|p1a: Great Tusk
|-sidestart|p1: FlippinThePidgey|move: Stealth Rock
|
|upkeep
|turn|18
|
|t:|1757853076
|move|p2a: Great Tusk|Rapid Spin|p1a: Great Tusk
|-damage|p1a: Great Tusk|87/100
|-boost|p2a: Great Tusk|spe|1
|-sideend|p2: Djorz01|Stealth Rock|[from] move: Rapid Spin|[of] p2a: Great Tusk
|move|p1a: Great Tusk|Rapid Spin|p2a: Great Tusk
|-damage|p2a: Great Tusk|86/100
|-boost|p1a: Great Tusk|spe|1
|-sideend|p1: FlippinThePidgey|Stealth Rock|[from] move: Rapid Spin|[of] p1a: Great Tusk
|
|upkeep
|turn|19
|
|t:|1757853085
|move|p2a: Great Tusk|Knock Off|p1a: Great Tusk
|-resisted|p1a: Great Tusk
|-damage|p1a: Great Tusk|75/100
|-enditem|p1a: Great Tusk|Heavy-Duty Boots|[from] move: Knock Off|[of] p2a: Great Tusk
|move|p1a: Great Tusk|Close Combat|p2a: Great Tusk
|-crit|p2a: Great Tusk
|-damage|p2a: Great Tusk|14/100
|-unboost|p1a: Great Tusk|def|1
|-unboost|p1a: Great Tusk|spd|1
|
|upkeep
|turn|20
|
|t:|1757853097
|move|p1a: Great Tusk|Rapid Spin|p2a: Great Tusk
|-damage|p2a: Great Tusk|2/100
|-boost|p1a: Great Tusk|spe|1
|move|p2a: Great Tusk|Headlong Rush|p1a: Great Tusk
|-damage|p1a: Great Tusk|8/100
|-unboost|p2a: Great Tusk|def|1
|-unboost|p2a: Great Tusk|spd|1
|
|upkeep
|turn|21
|
|t:|1757853111
|move|p1a: Great Tusk|Rapid Spin|p2a: Great Tusk
|-damage|p2a: Great Tusk|0 fnt
|-boost|p1a: Great Tusk|spe|1
|faint|p2a: Great Tusk
|-end|p2a: Great Tusk|Protosynthesis|[silent]
|
|upkeep
|
|t:|1757853115
|switch|p2a: Kingambit|Kingambit, F|100/100
|-activate|p2a: Kingambit|ability: Supreme Overlord
|-start|p2a: Kingambit|fallen1|[silent]
|turn|22
|
|t:|1757853121
|move|p2a: Kingambit|Sucker Punch||[still]
|-fail|p2a: Kingambit
|move|p1a: Great Tusk|Stealth Rock|p2a: Kingambit
|-sidestart|p2: Djorz01|move: Stealth Rock
|
|upkeep
|turn|23
|
|t:|1757853125
|move|p2a: Kingambit|Sucker Punch||[still]
|-fail|p2a: Kingambit
|move|p1a: Great Tusk|Stealth Rock||[still]
|-fail|p1a: Great Tusk
|
|upkeep
|turn|24
|
|t:|1757853130
|move|p1a: Great Tusk|Close Combat|p2a: Kingambit
|-supereffective|p2a: Kingambit
|-damage|p2a: Kingambit|0 fnt
|-unboost|p1a: Great Tusk|def|1
|-unboost|p1a: Great Tusk|spd|1
|faint|p2a: Kingambit
|-end|p2a: Kingambit|fallen1|[silent]
|
|upkeep
|
|t:|1757853132
|switch|p2a: Latios|Latios, M|100/100
|-damage|p2a: Latios|88/100|[from] Stealth Rock
|turn|25
|
|t:|1757853139
|move|p1a: Great Tusk|Rapid Spin|p2a: Latios
|-damage|p2a: Latios|63/100
|-boost|p1a: Great Tusk|spe|1
|move|p2a: Latios|Luster Purge|p1a: Great Tusk
|-supereffective|p1a: Great Tusk
|-damage|p1a: Great Tusk|0 fnt
|faint|p1a: Great Tusk
|-end|p1a: Great Tusk|Protosynthesis|[silent]
|
|upkeep
|
|t:|1757853150
|switch|p1a: Gholdengo|Gholdengo|88/100
|turn|26
|
|t:|1757853159
|switch|p2a: Slaking|Slaking, F|59/100
|-damage|p2a: Slaking|46/100|[from] Stealth Rock
|move|p1a: Gholdengo|Shadow Ball|p2a: Slaking
|-immune|p2a: Slaking
|
|upkeep
|turn|27
|
|t:|1757853165
|move|p1a: Gholdengo|Recover|p1a: Gholdengo
|-heal|p1a: Gholdengo|100/100
|move|p2a: Slaking|Slack Off|p2a: Slaking
|-heal|p2a: Slaking|97/100
|
|upkeep
|turn|28
|
|t:|1757853170
|move|p1a: Gholdengo|Nasty Plot|p1a: Gholdengo
|-boost|p1a: Gholdengo|spa|2
|cant|p2a: Slaking|ability: Truant
|
|upkeep
|turn|29
|
|t:|1757853173
|move|p1a: Gholdengo|Make It Rain|p2a: Slaking
|-damage|p2a: Slaking|0 fnt
|-unboost|p1a: Gholdengo|spa|1
|faint|p2a: Slaking
|
|upkeep
|
|t:|1757853194
|switch|p2a: Hoopa|Hoopa-Unbound|100/100
|-damage|p2a: Hoopa|88/100|[from] Stealth Rock
|turn|30
|
|t:|1757853212
|-terastallize|p1a: Gholdengo|Fairy
|-terastallize|p2a: Hoopa|Dark
|move|p1a: Gholdengo|Make It Rain|p2a: Hoopa
|-damage|p2a: Hoopa|0 fnt
|-unboost|p1a: Gholdengo|spa|1
|faint|p2a: Hoopa
|
|upkeep
|-message|Djorz01 forfeited.
|
|win|FlippinThePidgey
|raw|FlippinThePidgey's rating: 1211 &rarr; <strong>1242</strong><br />(+31 for winning)
|raw|Djorz01's rating: 1292 &rarr; <strong>1261</strong><br />(-31 for losing)
|l|☆Djorz01
|player|p2|
|l|☆FlippinThePidgey
|player|p1|
