|j|☆pr1nceameer
|j|☆cchang21
|t:|1757837926
|gametype|singles
|player|p1|pr1nceameer|n|1202
|player|p2|cchang21|emmet|1277
|gen|9
|tier|[Gen 9] OU
|rated|
|rule|HP Percentage Mod: HP is shown in percentages
|rule|Endless Battle Clause: Forcing endless battles is banned
|rule|Species Clause: Limit one of each Pokémon
|rule|OHKO Clause: OHKO moves are banned
|rule|Evasion Items Clause: Evasion items are banned
|rule|Evasion Moves Clause: Evasion moves are banned
|rule|Evasion Abilities Clause: Evasion abilities are banned
|rule|Sleep Moves Clause: Sleep-inducing moves are banned
|clearpoke
|poke|p1|Ogerpon, F|
|poke|p1|Dragapult, F|
|poke|p1|Sylveon, F|
|poke|p1|Meowscarada, F|
|poke|p1|Garchomp, M|
|poke|p1|Greninja-*, M|
|poke|p2|Ribombee, M|
|poke|p2|Kingambit, M|
|poke|p2|Weavile, M|
|poke|p2|Manaphy|
|poke|p2|Gholdengo|
|poke|p2|Dragapult, F|
|teampreview
|inactive|Battle timer is ON: inactive players will automatically lose when time's up. (requested by cchang21)
|
|t:|1757837945
|teamsize|p1|6
|teamsize|p2|6
|start
|switch|p1a: Nahida|Meowscarada, F, shiny|100/100
|switch|p2a: Ribombee|Ribombee, M|100/100
|turn|1
|
|t:|1757837974
|move|p1a: Nahida|U-turn|p2a: Ribombee
|-start|p1a: Nahida|typechange|Bug|[from] ability: Protean
|-resisted|p2a: Ribombee
|-damage|p2a: Ribombee|68/100
|
|t:|1757837979
|switch|p1a: VeVe|Sylveon, F, shiny|100/100|[from] U-turn
|move|p2a: Ribombee|Sticky Web|p1a: VeVe
|-sidestart|p1: pr1nceameer|move: Sticky Web
|
|upkeep
|turn|2
|
|t:|1757837997
|move|p2a: Ribombee|Stun Spore|p1a: VeVe|[miss]
|-miss|p2a: Ribombee|p1a: VeVe
|move|p1a: VeVe|Hyper Voice|p2a: Ribombee
|-damage|p2a: Ribombee|0 fnt
|faint|p2a: Ribombee
|
|upkeep
|
|t:|1757838006
|switch|p2a: Gholdengo|Gholdengo|100/100
|-item|p2a: Gholdengo|Air Balloon
|turn|3
|
|t:|1757838015
|-terastallize|p1a: VeVe|Steel
|move|p2a: Gholdengo|Nasty Plot|p2a: Gholdengo
|-boost|p2a: Gholdengo|spa|2
|move|p1a: VeVe|Shadow Ball|p2a: Gholdengo
|-supereffective|p2a: Gholdengo
|-damage|p2a: Gholdengo|38/100
|-unboost|p2a: Gholdengo|spd|1
|-enditem|p2a: Gholdengo|Air Balloon
|
|upkeep
|turn|4
|
|t:|1757838027
|move|p2a: Gholdengo|Focus Blast|p1a: VeVe|[miss]
|-miss|p2a: Gholdengo|p1a: VeVe
|move|p1a: VeVe|Shadow Ball|p2a: Gholdengo
|-supereffective|p2a: Gholdengo
|-damage|p2a: Gholdengo|0 fnt
|faint|p2a: Gholdengo
|
|upkeep
|
|t:|1757838031
|switch|p2a: Dragapult|Dragapult, F|100/100
|turn|5
|
|t:|1757838038
|move|p2a: Dragapult|Fire Blast|p1a: VeVe|[miss]
|-miss|p2a: Dragapult|p1a: VeVe
|move|p1a: VeVe|Hyper Voice|p2a: Dragapult
|-supereffective|p2a: Dragapult
|-damage|p2a: Dragapult|0 fnt
|faint|p2a: Dragapult
|
|upkeep
|
|t:|1757838048
|switch|p2a: Manaphy|Manaphy|100/100
|turn|6
|c|☆pr1nceameer|Nah that's too many misses...
|
|t:|1757838052
|move|p2a: Manaphy|Tail Glow|p2a: Manaphy
|-boost|p2a: Manaphy|spa|3
|move|p1a: VeVe|Hyper Voice|p2a: Manaphy
|-damage|p2a: Manaphy|51/100
|
|-heal|p2a: Manaphy|58/100|[from] item: Leftovers
|upkeep
|turn|7
|
|t:|1757838062
|move|p2a: Manaphy|Surf|p1a: VeVe
|-damage|p1a: VeVe|58/100
|move|p1a: VeVe|Hyper Voice|p2a: Manaphy
|-damage|p2a: Manaphy|6/100
|
|-heal|p2a: Manaphy|12/100|[from] item: Leftovers
|upkeep
|turn|8
|
|t:|1757838071
|move|p2a: Manaphy|Surf|p1a: VeVe
|-damage|p1a: VeVe|13/100
|move|p1a: VeVe|Hyper Voice|p2a: Manaphy
|-damage|p2a: Manaphy|0 fnt
|faint|p2a: Manaphy
|
|upkeep
|
|t:|1757838074
|switch|p2a: Weavile|Weavile, M|100/100
|-ability|p2a: Weavile|Pressure
|turn|9
|
|t:|1757838084
|move|p2a: Weavile|Swords Dance|p2a: Weavile
|-boost|p2a: Weavile|atk|2
|move|p1a: VeVe|Hyper Voice|p2a: Weavile
|-supereffective|p2a: Weavile
|-damage|p2a: Weavile|0 fnt
|faint|p2a: Weavile
|
|upkeep
|
|t:|1757838090
|switch|p2a: Kingambit|Kingambit, M|100/100
|-activate|p2a: Kingambit|ability: Supreme Overlord
|-start|p2a: Kingambit|fallen5|[silent]
|turn|10
|
|t:|1757838101
|move|p2a: Kingambit|Swords Dance|p2a: Kingambit
|-boost|p2a: Kingambit|atk|2
|move|p1a: VeVe|Hyper Voice|p2a: Kingambit
|-damage|p2a: Kingambit|35/100
|
|upkeep
|turn|11
|
|t:|1757838108
|move|p2a: Kingambit|Sucker Punch|p1a: VeVe
|-damage|p1a: VeVe|0 fnt
|faint|p1a: VeVe
|
|upkeep
|
|t:|1757838114
|switch|p1a: Tiara|Dragapult, F, shiny|100/100
|-activate|p1a: Tiara|move: Sticky Web
|-fail|p1a: Tiara|unboost|[from] ability: Clear Body|[of] p1a: Tiara
|turn|12
|
|t:|1757838122
|move|p1a: Tiara|Flamethrower|p2a: Kingambit
|-supereffective|p2a: Kingambit
|-damage|p2a: Kingambit|0 fnt
|faint|p2a: Kingambit
|-end|p2a: Kingambit|fallen5|[silent]
|
|win|pr1nceameer
|raw|pr1nceameer's rating: 1202 &rarr; <strong>1232</strong><br />(+30 for winning)
|raw|cchang21's rating: 1277 &rarr; <strong>1247</strong><br />(-30 for losing)
|l|☆cchang21
|player|p2|
