|j|☆jolteon2626
|j|☆EV1SU
|t:|1757853074
|gametype|singles
|player|p1|jolteon2626|265|1170
|player|p2|EV1SU|unknown|1197
|gen|9
|tier|[Gen 9] OU
|rated|
|rule|HP Percentage Mod: HP is shown in percentages
|rule|Endless Battle Clause: Forcing endless battles is banned
|rule|Species Clause: Limit one of each Pokémon
|rule|OHKO Clause: OHKO moves are banned
|rule|Evasion Items Clause: Evasion items are banned
|rule|Evasion Moves Clause: Evasion moves are banned
|rule|Evasion Abilities Clause: Evasion abilities are banned
|rule|Sleep Moves Clause: Sleep-inducing moves are banned
|clearpoke
|poke|p1|Raging Bolt|
|poke|p1|Ninetales, F|
|poke|p1|Walking Wake|
|poke|p1|Hatterene, F|
|poke|p1|Landorus-Therian, M|
|poke|p1|Lokix, F|
|poke|p2|Ninetales-Alola, M|
|poke|p2|Cetitan, F|
|poke|p2|Kyurem|
|poke|p2|Sandslash-Alola, M|
|poke|p2|Moltres|
|poke|p2|Zamazenta-*|
|teampreview
|inactive|Battle timer is ON: inactive players will automatically lose when time's up. (requested by EV1SU)
|
|t:|1757853094
|teamsize|p1|6
|teamsize|p2|6
|start
|switch|p1a: Lokix|Lokix, F, shiny|100/100
|switch|p2a: 霜の呼吸|Ninetales-Alola, M|100/100
|-weather|Snowscape|[from] ability: Snow Warning|[of] p2a: 霜の呼吸
|turn|1
|
|t:|1757853100
|move|p1a: Lokix|First Impression|p2a: 霜の呼吸
|-resisted|p2a: 霜の呼吸
|-damage|p2a: 霜の呼吸|40/100
|move|p2a: 霜の呼吸|Aurora Veil|p2a: 霜の呼吸
|-sidestart|p2: EV1SU|move: Aurora Veil
|
|-weather|Snowscape|[upkeep]
|upkeep
|turn|2
|
|t:|1757853111
|switch|p2a: GOTTA GO FAST|Sandslash-Alola, M|100/100
|switch|p1a: Ninetales|Ninetales, F, shiny|100/100
|-weather|SunnyDay|[from] ability: Drought|[of] p1a: Ninetales
|
|-weather|SunnyDay|[upkeep]
|upkeep
|turn|3
|
|t:|1757853124
|switch|p1a: Hatterene|Hatterene, F, shiny|100/100
|switch|p2a: KANTOFRIEDCHICKEN|Moltres|100/100
|
|-weather|SunnyDay|[upkeep]
|upkeep
|turn|4
|
|t:|1757853134
|move|p2a: KANTOFRIEDCHICKEN|Flamethrower|p1a: Hatterene
|-damage|p1a: Hatterene|34/100
|move|p1a: Hatterene|Draining Kiss|p2a: KANTOFRIEDCHICKEN
|-resisted|p2a: KANTOFRIEDCHICKEN
|-damage|p2a: KANTOFRIEDCHICKEN|94/100
|-heal|p1a: Hatterene|39/100|[from] drain|[of] p2a: KANTOFRIEDCHICKEN
|
|-weather|SunnyDay|[upkeep]
|-heal|p1a: Hatterene|45/100|[from] item: Leftovers
|upkeep
|turn|5
|
|t:|1757853152
|switch|p1a: Walking Wake|Walking Wake|100/100
|-activate|p1a: Walking Wake|ability: Protosynthesis
|-start|p1a: Walking Wake|protosynthesisspa
|move|p2a: KANTOFRIEDCHICKEN|Flamethrower|p1a: Walking Wake
|-resisted|p1a: Walking Wake
|-damage|p1a: Walking Wake|78/100
|-status|p1a: Walking Wake|brn
|
|-weather|SunnyDay|[upkeep]
|-damage|p1a: Walking Wake|72/100 brn|[from] brn
|-sideend|p2: EV1SU|move: Aurora Veil
|upkeep
|turn|6
|
|t:|1757853169
|move|p1a: Walking Wake|Hydro Steam|p2a: KANTOFRIEDCHICKEN
|-supereffective|p2a: KANTOFRIEDCHICKEN
|-damage|p2a: KANTOFRIEDCHICKEN|0 fnt
|faint|p2a: KANTOFRIEDCHICKEN
|
|-weather|SunnyDay|[upkeep]
|-damage|p1a: Walking Wake|66/100 brn|[from] brn
|upkeep
|
|t:|1757853192
|switch|p2a: 霜の呼吸|Ninetales-Alola, M|40/100
|-weather|Snowscape|[from] ability: Snow Warning|[of] p2a: 霜の呼吸
|-end|p1a: Walking Wake|Protosynthesis
|turn|7
|
|t:|1757853200
|-terastallize|p1a: Walking Wake|Water
|move|p2a: 霜の呼吸|Aurora Veil|p2a: 霜の呼吸
|-sidestart|p2: EV1SU|move: Aurora Veil
|move|p1a: Walking Wake|Hydro Steam|p2a: 霜の呼吸
|-damage|p2a: 霜の呼吸|0 fnt
|faint|p2a: 霜の呼吸
|
|-weather|Snowscape|[upkeep]
|-damage|p1a: Walking Wake|60/100 brn|[from] brn
|upkeep
|
|t:|1757853208
|switch|p2a: BARK FOR ME BOY|Zamazenta|100/100
|-ability|p2a: BARK FOR ME BOY|Dauntless Shield|boost
|-boost|p2a: BARK FOR ME BOY|def|1
|turn|8
|
|t:|1757853222
|-end|p1a: Walking Wake|Protosynthesis|[silent]
|switch|p1a: Hatterene|Hatterene, F, shiny|45/100
|move|p2a: BARK FOR ME BOY|Body Press|p1a: Hatterene
|-resisted|p1a: Hatterene
|-damage|p1a: Hatterene|34/100
|
|-weather|Snowscape|[upkeep]
|-heal|p1a: Hatterene|40/100|[from] item: Leftovers
|upkeep
|turn|9
|
|t:|1757853231
|move|p2a: BARK FOR ME BOY|Heavy Slam|p1a: Hatterene
|-supereffective|p1a: Hatterene
|-damage|p1a: Hatterene|0 fnt
|faint|p1a: Hatterene
|
|-weather|Snowscape|[upkeep]
|upkeep
|
|t:|1757853239
|switch|p1a: Lokix|Lokix, F, shiny|100/100
|turn|10
|
|t:|1757853244
|move|p1a: Lokix|First Impression|p2a: BARK FOR ME BOY
|-resisted|p2a: BARK FOR ME BOY
|-damage|p2a: BARK FOR ME BOY|85/100
|move|p2a: BARK FOR ME BOY|Body Press|p1a: Lokix
|-damage|p1a: Lokix|27/100
|
|-weather|Snowscape|[upkeep]
|-heal|p2a: BARK FOR ME BOY|91/100|[from] item: Leftovers
|upkeep
|turn|11
|
|t:|1757853255
|switch|p1a: Ninetales|Ninetales, F, shiny|100/100
|-weather|SunnyDay|[from] ability: Drought|[of] p1a: Ninetales
|move|p2a: BARK FOR ME BOY|Body Press|p1a: Ninetales
|-damage|p1a: Ninetales|47/100
|
|-weather|SunnyDay|[upkeep]
|-heal|p2a: BARK FOR ME BOY|97/100|[from] item: Leftovers
|-sideend|p2: EV1SU|move: Aurora Veil
|upkeep
|turn|12
|
|t:|1757853265
|move|p2a: BARK FOR ME BOY|Body Press|p1a: Ninetales
|-damage|p1a: Ninetales|0 fnt
|faint|p1a: Ninetales
|
|-weather|SunnyDay|[upkeep]
|-heal|p2a: BARK FOR ME BOY|100/100|[from] item: Leftovers
|upkeep
|
|t:|1757853271
|switch|p1a: Raging Bolt|Raging Bolt|100/100
|-activate|p1a: Raging Bolt|ability: Protosynthesis
|-start|p1a: Raging Bolt|protosynthesisspa
|turn|13
|
|t:|1757853280
|move|p1a: Raging Bolt|Draco Meteor|p2a: BARK FOR ME BOY|[miss]
|-miss|p1a: Raging Bolt|p2a: BARK FOR ME BOY
|move|p2a: BARK FOR ME BOY|Body Press|p1a: Raging Bolt
|-damage|p1a: Raging Bolt|60/100
|
|-weather|SunnyDay|[upkeep]
|upkeep
|turn|14
|-message|jolteon2626 forfeited.
|
|win|EV1SU
|raw|jolteon2626's rating: 1170 &rarr; <strong>1147</strong><br />(-23 for losing)
|raw|EV1SU's rating: 1197 &rarr; <strong>1220</strong><br />(+23 for winning)
|l|☆jolteon2626
|player|p1|
|l|☆EV1SU
|player|p2|
