|j|☆Carno00
|j|☆crisp08
|t:|1757813702
|gametype|singles
|player|p1|Carno00|lyra|1111
|player|p2|crisp08|169|1164
|gen|9
|tier|[Gen 9] OU
|rated|
|rule|HP Percentage Mod: HP is shown in percentages
|rule|Endless Battle Clause: Forcing endless battles is banned
|rule|Species Clause: Limit one of each Pokémon
|rule|OHKO Clause: OHKO moves are banned
|rule|Evasion Items Clause: Evasion items are banned
|rule|Evasion Moves Clause: Evasion moves are banned
|rule|Evasion Abilities Clause: Evasion abilities are banned
|rule|Sleep Moves Clause: Sleep-inducing moves are banned
|clearpoke
|poke|p1|Gliscor, M|
|poke|p1|Haxorus, M|
|poke|p1|Comfey, M|
|poke|p1|Forretress, M|
|poke|p1|Infernape, M|
|poke|p1|Galvantula, M|
|poke|p2|Primarina, F|
|poke|p2|Arboliva, F|
|poke|p2|Toxtricity-Low-Key, F|
|poke|p2|Skeledirge, F|
|poke|p2|Dugtrio-Alola, F|
|poke|p2|Mandibuzz, F|
|teampreview
|
|t:|1757813712
|teamsize|p1|6
|teamsize|p2|6
|start
|switch|p1a: Infernape|Infernape, M, shiny|100/100
|switch|p2a: Mandibuzz|Mandibuzz, F, shiny|100/100
|turn|1
|
|t:|1757813731
|move|p1a: Infernape|U-turn|p2a: Mandibuzz
|-damage|p2a: Mandibuzz|79/100
|
|t:|1757813741
|switch|p1a: Comfey|Comfey, M|100/100|[from] U-turn
|move|p2a: Mandibuzz|Iron Defense|p2a: Mandibuzz
|-boost|p2a: Mandibuzz|def|2
|
|upkeep
|turn|2
|
|t:|1757813757
|switch|p2a: Dugtrio|Dugtrio-Alola, F, shiny|100/100
|move|p1a: Comfey|Calm Mind|p1a: Comfey
|-boost|p1a: Comfey|spa|1
|-boost|p1a: Comfey|spd|1
|
|upkeep
|turn|3
|
|t:|1757813771
|move|p1a: Comfey|Giga Drain|p2a: Dugtrio
|-damage|p2a: Dugtrio|10/100
|-damage|p1a: Comfey|91/100|[from] item: Life Orb
|move|p2a: Dugtrio|Iron Head|p1a: Comfey
|-supereffective|p1a: Comfey
|-damage|p1a: Comfey|0 fnt
|faint|p1a: Comfey
|
|upkeep
|
|t:|1757813788
|switch|p1a: Haxorus|Haxorus, M, shiny|100/100
|-ability|p1a: Haxorus|Mold Breaker
|turn|4
|
|t:|1757813793
|move|p2a: Dugtrio|Endeavor|p1a: Haxorus
|-damage|p1a: Haxorus|8/100
|-damage|p2a: Dugtrio|0 fnt|[from] item: Rocky Helmet|[of] p1a: Haxorus
|faint|p2a: Dugtrio
|move|p1a: Haxorus|Dragon Dance|p1a: Haxorus
|-boost|p1a: Haxorus|atk|1
|-boost|p1a: Haxorus|spe|1
|
|upkeep
|
|t:|1757813801
|switch|p2a: Mandibuzz|Mandibuzz, F, shiny|79/100
|turn|5
|
|t:|1757813808
|move|p1a: Haxorus|Dragon Claw|p2a: Mandibuzz
|-damage|p2a: Mandibuzz|16/100
|move|p2a: Mandibuzz|Iron Defense|p2a: Mandibuzz
|-boost|p2a: Mandibuzz|def|2
|
|upkeep
|turn|6
|
|t:|1757813814
|move|p1a: Haxorus|Dragon Claw|p2a: Mandibuzz
|-damage|p2a: Mandibuzz|0 fnt
|faint|p2a: Mandibuzz
|
|upkeep
|
|t:|1757813833
|switch|p2a: Primarina|Primarina, F|100/100
|turn|7
|
|t:|1757813842
|-terastallize|p1a: Haxorus|Steel
|move|p1a: Haxorus|Iron Head|p2a: Primarina
|-damage|p2a: Primarina|12/100
|cant|p2a: Primarina|flinch
|
|upkeep
|turn|8
|
|t:|1757813849
|move|p1a: Haxorus|Iron Head|p2a: Primarina
|-damage|p2a: Primarina|0 fnt
|faint|p2a: Primarina
|
|upkeep
|
|t:|1757813854
|switch|p2a: Skeledirge|Skeledirge, F, shiny|100/100
|turn|9
|
|t:|1757813858
|move|p1a: Haxorus|Earthquake|p2a: Skeledirge
|-supereffective|p2a: Skeledirge
|-damage|p2a: Skeledirge|0 fnt
|faint|p2a: Skeledirge
|
|upkeep
|
|t:|1757813864
|switch|p2a: Arboliva|Arboliva, F, shiny|100/100
|turn|10
|
|t:|1757813870
|move|p1a: Haxorus|Iron Head|p2a: Arboliva
|-damage|p2a: Arboliva|22/100
|-enditem|p2a: Arboliva|Sitrus Berry|[eat]
|-heal|p2a: Arboliva|47/100|[from] item: Sitrus Berry
|cant|p2a: Arboliva|flinch
|
|-item|p2a: Arboliva|Sitrus Berry|[from] ability: Harvest
|upkeep
|-enditem|p2a: Arboliva|Sitrus Berry|[eat]
|-heal|p2a: Arboliva|72/100|[from] item: Sitrus Berry
|turn|11
|
|t:|1757813881
|move|p2a: Arboliva|Protect|p2a: Arboliva
|-singleturn|p2a: Arboliva|Protect
|move|p1a: Haxorus|Iron Head|p2a: Arboliva
|-activate|p2a: Arboliva|move: Protect
|
|-item|p2a: Arboliva|Sitrus Berry|[from] ability: Harvest
|upkeep
|turn|12
|
|t:|1757813892
|move|p1a: Haxorus|Iron Head|p2a: Arboliva
|-damage|p2a: Arboliva|0 fnt
|faint|p2a: Arboliva
|
|upkeep
|
|t:|1757813896
|switch|p2a: Toxtricity|Toxtricity-Low-Key, F|100/100
|turn|13
|
|t:|1757813905
|-terastallize|p2a: Toxtricity|Flying
|move|p1a: Haxorus|Earthquake|p2a: Toxtricity
|-immune|p2a: Toxtricity
|move|p2a: Toxtricity|Overdrive|p1a: Haxorus
|-damage|p1a: Haxorus|0 fnt
|faint|p1a: Haxorus
|-enditem|p2a: Toxtricity|Throat Spray
|-boost|p2a: Toxtricity|spa|1|[from] item: Throat Spray
|
|upkeep
|
|t:|1757813909
|switch|p1a: Galvantula|Galvantula, M|100/100
|turn|14
|
|t:|1757813920
|move|p1a: Galvantula|Thunder|p2a: Toxtricity
|-supereffective|p2a: Toxtricity
|-damage|p2a: Toxtricity|0 fnt
|faint|p2a: Toxtricity
|
|win|Carno00
|raw|Carno00's rating: 1111 &rarr; <strong>1140</strong><br />(+29 for winning)
|raw|crisp08's rating: 1164 &rarr; <strong>1135</strong><br />(-29 for losing)
|l|☆crisp08
|player|p2|
|l|☆Carno00
|player|p1|
