|j|☆kattenkg
|j|☆ake 475
|t:|1757858874
|gametype|singles
|player|p1|kattenkg|dawn|1100
|player|p2|ake 475|cynthia|1139
|gen|9
|tier|[Gen 9] OU
|rated|
|rule|HP Percentage Mod: HP is shown in percentages
|rule|Endless Battle Clause: Forcing endless battles is banned
|rule|Species Clause: Limit one of each Pokémon
|rule|OHKO Clause: OHKO moves are banned
|rule|Evasion Items Clause: Evasion items are banned
|rule|Evasion Moves Clause: Evasion moves are banned
|rule|Evasion Abilities Clause: Evasion abilities are banned
|rule|Sleep Moves Clause: Sleep-inducing moves are banned
|clearpoke
|poke|p1|Furret, M|
|poke|p1|Vivillon-Pokeball, M|
|poke|p1|Iron Moth|
|poke|p1|Dragonite, M|
|poke|p1|Gholdengo|
|poke|p1|Ursaluna, M|
|poke|p2|Weavile, F|
|poke|p2|Gallade, M|
|poke|p2|Staraptor, M|
|poke|p2|Excadrill, F|
|poke|p2|Garchomp, F|
|poke|p2|Gyarados, F|
|teampreview
|
|t:|1757858897
|teamsize|p1|6
|teamsize|p2|6
|start
|switch|p1a: Vivillon|Vivillon-Pokeball, M|100/100
|switch|p2a: Excadrill|Excadrill, F|100/100
|-ability|p2a: Excadrill|Mold Breaker
|turn|1
|
|t:|1757858905
|move|p2a: Excadrill|Stealth Rock|p1a: Vivillon
|-sidestart|p1: kattenkg|move: Stealth Rock
|move|p1a: Vivillon|Quiver Dance|p1a: Vivillon
|-boost|p1a: Vivillon|spa|1
|-boost|p1a: Vivillon|spd|1
|-boost|p1a: Vivillon|spe|1
|
|upkeep
|turn|2
|
|t:|1757858919
|move|p1a: Vivillon|Quiver Dance|p1a: Vivillon
|-boost|p1a: Vivillon|spa|1
|-boost|p1a: Vivillon|spd|1
|-boost|p1a: Vivillon|spe|1
|move|p2a: Excadrill|Rapid Spin|p1a: Vivillon
|-damage|p1a: Vivillon|65/100
|-boost|p2a: Excadrill|spe|1
|
|upkeep
|turn|3
|
|t:|1757858927
|move|p1a: Vivillon|Energy Ball|p2a: Excadrill
|-damage|p2a: Excadrill|30/100
|move|p2a: Excadrill|Rapid Spin|p1a: Vivillon
|-damage|p1a: Vivillon|31/100
|-boost|p2a: Excadrill|spe|1
|
|upkeep
|turn|4
|
|t:|1757858935
|move|p2a: Excadrill|Brick Break|p1a: Vivillon
|-resisted|p1a: Vivillon
|-damage|p1a: Vivillon|18/100
|move|p1a: Vivillon|Energy Ball|p2a: Excadrill
|-damage|p2a: Excadrill|0 fnt
|faint|p2a: Excadrill
|
|upkeep
|
|t:|1757858945
|switch|p2a: Gyarados|Gyarados, F|100/100
|turn|5
|
|t:|1757858950
|-terastallize|p2a: Gyarados|Ground
|move|p1a: Vivillon|Hurricane|p2a: Gyarados
|-damage|p2a: Gyarados|0 fnt
|faint|p2a: Gyarados
|
|upkeep
|
|t:|1757858959
|switch|p2a: Staraptor|Staraptor, M|100/100
|-ability|p2a: Staraptor|Intimidate|boost
|-unboost|p1a: Vivillon|atk|1
|turn|6
|
|t:|1757858978
|move|p2a: Staraptor|Quick Attack|p1a: Vivillon
|-damage|p1a: Vivillon|0 fnt
|faint|p1a: Vivillon
|
|upkeep
|
|t:|1757858981
|switch|p1a: Furret|Furret, M|100/100
|-damage|p1a: Furret|88/100|[from] Stealth Rock
|-item|p2a: Staraptor|Choice Scarf|[from] ability: Frisk|[of] p1a: Furret
|turn|7
|
|t:|1757858991
|switch|p2a: Gallade|Gallade, M|100/100
|move|p1a: Furret|Tidy Up|p1a: Furret
|-sideend|p1: kattenkg|Stealth Rock
|-activate|p1a: Furret|move: Tidy Up
|-boost|p1a: Furret|atk|1
|-boost|p1a: Furret|spe|1
|
|upkeep
|turn|8
|
|t:|1757858999
|-terastallize|p1a: Furret|Normal
|move|p1a: Furret|Last Resort|p2a: Gallade
|-damage|p2a: Gallade|0 fnt
|faint|p2a: Gallade
|
|upkeep
|
|t:|1757859006
|switch|p2a: Staraptor|Staraptor, M|100/100
|-ability|p2a: Staraptor|Intimidate|boost
|-unboost|p1a: Furret|atk|1
|turn|9
|
|t:|1757859011
|move|p2a: Staraptor|Close Combat|p1a: Furret
|-supereffective|p1a: Furret
|-damage|p1a: Furret|0 fnt
|-unboost|p2a: Staraptor|def|1
|-unboost|p2a: Staraptor|spd|1
|faint|p1a: Furret
|
|upkeep
|
|t:|1757859015
|switch|p1a: Dragonite|Dragonite, M|100/100
|turn|10
|
|t:|1757859022
|switch|p2a: Garchomp|Garchomp, F|100/100
|move|p1a: Dragonite|Dragon Dance|p1a: Dragonite
|-boost|p1a: Dragonite|atk|1
|-boost|p1a: Dragonite|spe|1
|
|upkeep
|turn|11
|
|t:|1757859028
|move|p1a: Dragonite|Ice Spinner|p2a: Garchomp
|-supereffective|p2a: Garchomp
|-damage|p2a: Garchomp|0 fnt
|-damage|p1a: Dragonite|88/100|[from] ability: Rough Skin|[of] p2a: Garchomp
|faint|p2a: Garchomp
|
|upkeep
|-message|ake 475 forfeited.
|
|win|kattenkg
|raw|kattenkg's rating: 1100 &rarr; <strong>1128</strong><br />(+28 for winning)
|raw|ake 475's rating: 1139 &rarr; <strong>1111</strong><br />(-28 for losing)
|l|☆ake 475
|player|p2|
