|j|☆CoffinSquad
|j|☆Dhdydhdbdhdhdbd
|t:|1757917214
|gametype|singles
|player|p1|CoffinSquad|byron|1090
|player|p2|Dhdydhdbdhdhdbd|265|1032
|gen|9
|tier|[Gen 9] OU
|rated|
|rule|HP Percentage Mod: HP is shown in percentages
|rule|Endless Battle Clause: Forcing endless battles is banned
|rule|Species Clause: Limit one of each Pokémon
|rule|OHKO Clause: OHKO moves are banned
|rule|Evasion Items Clause: Evasion items are banned
|rule|Evasion Moves Clause: Evasion moves are banned
|rule|Evasion Abilities Clause: Evasion abilities are banned
|rule|Sleep Moves Clause: Sleep-inducing moves are banned
|clearpoke
|poke|p1|Dragapult, M|
|poke|p1|Darkrai|
|poke|p1|Zapdos|
|poke|p1|Great Tusk|
|poke|p1|Araquanid, M|
|poke|p1|Gliscor, M|
|poke|p2|Chandelure, M|
|poke|p2|Vaporeon, F|
|poke|p2|Hitmontop, M|
|poke|p2|Whimsicott, M|
|poke|p2|Samurott-Hisui, M|
|poke|p2|Scizor, F|
|teampreview
|inactive|Battle timer is ON: inactive players will automatically lose when time's up. (requested by CoffinSquad)
|
|t:|1757917223
|teamsize|p1|6
|teamsize|p2|6
|start
|switch|p1a: Araquanid|Araquanid, M, shiny|100/100
|switch|p2a: Samurott|Samurott-Hisui, M|100/100
|turn|1
|
|t:|1757917232
|move|p2a: Samurott|Ceaseless Edge|p1a: Araquanid|[miss]
|-miss|p2a: Samurott|p1a: Araquanid
|move|p1a: Araquanid|Sticky Web|p2a: Samurott
|-sidestart|p2: Dhdydhdbdhdhdbd|move: Sticky Web
|
|upkeep
|turn|2
|
|t:|1757917251
|move|p1a: Araquanid|Endure|p1a: Araquanid
|-singleturn|p1a: Araquanid|move: Endure
|move|p2a: Samurott|Ceaseless Edge|p1a: Araquanid
|-damage|p1a: Araquanid|53/100
|-sidestart|p1: CoffinSquad|Spikes
|
|upkeep
|turn|3
|
|t:|1757917259
|move|p2a: Samurott|Ceaseless Edge|p1a: Araquanid
|-damage|p1a: Araquanid|9/100
|-sidestart|p1: CoffinSquad|Spikes
|move|p1a: Araquanid|Endeavor|p2a: Samurott
|-damage|p2a: Samurott|10/100
|
|upkeep
|turn|4
|
|t:|1757917287
|switch|p1a: Great Tusk|Great Tusk, shiny|100/100
|move|p2a: Samurott|Aqua Jet|p1a: Great Tusk
|-supereffective|p1a: Great Tusk
|-damage|p1a: Great Tusk|72/100
|
|upkeep
|turn|5
|
|t:|1757917299
|switch|p2a: Chandelure|Chandelure, M|100/100
|-activate|p2a: Chandelure|move: Sticky Web
|-unboost|p2a: Chandelure|spe|1
|move|p1a: Great Tusk|Rapid Spin|p2a: Chandelure
|-immune|p2a: Chandelure
|
|upkeep
|turn|6
|
|t:|1757917309
|switch|p2a: Whimsicott|Whimsicott, M, shiny|100/100
|-activate|p2a: Whimsicott|move: Sticky Web
|-unboost|p2a: Whimsicott|spe|1
|move|p1a: Great Tusk|Headlong Rush|p2a: Whimsicott
|-resisted|p2a: Whimsicott
|-damage|p2a: Whimsicott|67/100
|-unboost|p1a: Great Tusk|def|1
|-unboost|p1a: Great Tusk|spd|1
|
|-heal|p2a: Whimsicott|73/100|[from] item: Leftovers
|upkeep
|turn|7
|
|t:|1757917323
|-end|p1a: Great Tusk|Protosynthesis|[silent]
|switch|p1a: Gliscor|Gliscor, M, shiny|100/100
|move|p2a: Whimsicott|Leech Seed|p1a: Gliscor
|-start|p1a: Gliscor|move: Leech Seed
|
|-heal|p2a: Whimsicott|80/100|[from] item: Leftovers
|-damage|p1a: Gliscor|88/100|[from] Leech Seed|[of] p2a: Whimsicott
|-heal|p2a: Whimsicott|93/100|[silent]
|-status|p1a: Gliscor|tox|[from] item: Toxic Orb
|upkeep
|turn|8
|
|t:|1757917335
|switch|p2a: Hitmontop|Hitmontop, M|100/100
|-activate|p2a: Hitmontop|move: Sticky Web
|-unboost|p2a: Hitmontop|spe|1
|move|p1a: Gliscor|Toxic|p2a: Hitmontop
|-status|p2a: Hitmontop|tox
|
|-damage|p1a: Gliscor|75/100 tox|[from] Leech Seed|[of] p2a: Hitmontop
|-heal|p1a: Gliscor|88/100 tox|[from] ability: Poison Heal
|-damage|p2a: Hitmontop|94/100 tox|[from] psn
|upkeep
|turn|9
|
|t:|1757917346
|switch|p1a: Dragapult|Dragapult, M, shiny|100/100
|-damage|p1a: Dragapult|84/100|[from] Spikes
|move|p2a: Hitmontop|Triple Axel|p1a: Dragapult
|-supereffective|p1a: Dragapult
|-damage|p1a: Dragapult|60/100
|-supereffective|p1a: Dragapult
|-damage|p1a: Dragapult|12/100
|-supereffective|p1a: Dragapult
|-damage|p1a: Dragapult|0 fnt
|faint|p1a: Dragapult
|-hitcount|p1: Dragapult|3
|
|-damage|p2a: Hitmontop|82/100 tox|[from] psn
|upkeep
|
|t:|1757917361
|switch|p1a: Great Tusk|Great Tusk, shiny|72/100
|turn|10
|
|t:|1757917368
|move|p1a: Great Tusk|Headlong Rush|p2a: Hitmontop
|-damage|p2a: Hitmontop|5/100 tox
|-unboost|p1a: Great Tusk|def|1
|-unboost|p1a: Great Tusk|spd|1
|move|p2a: Hitmontop|Rapid Spin|p1a: Great Tusk
|-damage|p1a: Great Tusk|51/100
|-boost|p2a: Hitmontop|spe|1
|-sideend|p2: Dhdydhdbdhdhdbd|Sticky Web|[from] move: Rapid Spin|[of] p2a: Hitmontop
|
|-damage|p2a: Hitmontop|0 fnt|[from] psn
|faint|p2a: Hitmontop
|upkeep
|
|t:|1757917381
|switch|p2a: Chandelure|Chandelure, M|100/100
|turn|11
|
|t:|1757917388
|move|p2a: Chandelure|Energy Ball|p1a: Great Tusk
|-supereffective|p1a: Great Tusk
|-crit|p1a: Great Tusk
|-damage|p1a: Great Tusk|0 fnt
|faint|p1a: Great Tusk
|-end|p1a: Great Tusk|Protosynthesis|[silent]
|
|upkeep
|
|t:|1757917397
|switch|p1a: Gliscor|Gliscor, M, shiny|88/100 tox
|turn|12
|
|t:|1757917401
|switch|p2a: Scizor|Scizor, F|100/100
|move|p1a: Gliscor|Knock Off|p2a: Scizor
|-damage|p2a: Scizor|79/100
|-enditem|p2a: Scizor|Choice Band|[from] move: Knock Off|[of] p1a: Gliscor
|
|-heal|p1a: Gliscor|100/100 tox|[from] ability: Poison Heal
|upkeep
|turn|13
|
|t:|1757917415
|switch|p1a: Zapdos|Zapdos|100/100
|move|p2a: Scizor|U-turn|p1a: Zapdos
|-resisted|p1a: Zapdos
|-damage|p1a: Zapdos|86/100
|
|t:|1757917422
|switch|p2a: Chandelure|Chandelure, M|100/100|[from] U-turn
|
|upkeep
|turn|14
|
|t:|1757917432
|move|p2a: Chandelure|Shadow Ball|p1a: Zapdos
|-damage|p1a: Zapdos|41/100
|move|p1a: Zapdos|Thunder Wave|p2a: Chandelure
|-status|p2a: Chandelure|par
|
|upkeep
|turn|15
|
|t:|1757917442
|switch|p1a: Gliscor|Gliscor, M, shiny|100/100 tox
|move|p2a: Chandelure|Shadow Ball|p1a: Gliscor
|-damage|p1a: Gliscor|64/100 tox
|
|-heal|p1a: Gliscor|76/100 tox|[from] ability: Poison Heal
|upkeep
|turn|16
|
|t:|1757917455
|switch|p2a: Vaporeon|Vaporeon, F, shiny|100/100
|move|p1a: Gliscor|Spikes|p2a: Vaporeon
|-sidestart|p2: Dhdydhdbdhdhdbd|Spikes
|
|-heal|p1a: Gliscor|89/100 tox|[from] ability: Poison Heal
|upkeep
|turn|17
|
|t:|1757917463
|switch|p1a: Zapdos|Zapdos|41/100
|move|p2a: Vaporeon|Wish|p2a: Vaporeon
|
|upkeep
|turn|18
|
|t:|1757917470
|move|p1a: Zapdos|Roost|p1a: Zapdos
|-heal|p1a: Zapdos|92/100
|-singleturn|p1a: Zapdos|move: Roost
|move|p2a: Vaporeon|Flip Turn|p1a: Zapdos
|-damage|p1a: Zapdos|82/100
|
|t:|1757917474
|switch|p2a: Scizor|Scizor, F|79/100|[from] Flip Turn
|-damage|p2a: Scizor|66/100|[from] Spikes
|
|-heal|p2a: Scizor|100/100|[from] move: Wish|[wisher] Vaporeon
|upkeep
|turn|19
|
|t:|1757917484
|move|p1a: Zapdos|Thunder Wave|p2a: Scizor
|-status|p2a: Scizor|par
|cant|p2a: Scizor|par
|
|upkeep
|turn|20
|
|t:|1757917492
|move|p1a: Zapdos|Hurricane|p2a: Scizor
|-damage|p2a: Scizor|47/100 par
|-start|p2a: Scizor|confusion
|-activate|p2a: Scizor|confusion
|move|p2a: Scizor|Knock Off|p1a: Zapdos
|-damage|p1a: Zapdos|58/100
|-enditem|p1a: Zapdos|Heavy-Duty Boots|[from] move: Knock Off|[of] p2a: Scizor
|
|upkeep
|turn|21
|
|t:|1757917501
|-activate|p2a: Scizor|confusion
|-damage|p2a: Scizor|30/100 par|[from] confusion
|move|p1a: Zapdos|Hurricane|p2a: Scizor
|-damage|p2a: Scizor|0 fnt
|faint|p2a: Scizor
|
|upkeep
|
|t:|1757917514
|switch|p2a: Whimsicott|Whimsicott, M, shiny|93/100
|-damage|p2a: Whimsicott|81/100|[from] Spikes
|turn|22
|
|t:|1757917519
|move|p2a: Whimsicott|Protect|p2a: Whimsicott
|-singleturn|p2a: Whimsicott|Protect
|move|p1a: Zapdos|Hurricane|p2a: Whimsicott
|-activate|p2a: Whimsicott|move: Protect
|
|-heal|p2a: Whimsicott|87/100|[from] item: Leftovers
|upkeep
|turn|23
|
|t:|1757917526
|switch|p2a: Samurott|Samurott-Hisui, M|10/100
|-damage|p2a: Samurott|0 fnt|[from] Spikes
|faint|p2a: Samurott
|move|p1a: Zapdos|Hurricane|p2: Samurott|[notarget]
|-fail|p1a: Zapdos
|
|upkeep
|
|t:|1757917534
|switch|p2a: Chandelure|Chandelure, M|100/100 par
|-damage|p2a: Chandelure|88/100 par|[from] Spikes
|turn|24
|
|t:|1757917543
|move|p1a: Zapdos|Roost|p1a: Zapdos
|-heal|p1a: Zapdos|100/100
|-singleturn|p1a: Zapdos|move: Roost
|move|p2a: Chandelure|Trick|p1a: Zapdos
|-activate|p2a: Chandelure|move: Trick|[of] p1a: Zapdos
|-item|p1a: Zapdos|Choice Scarf|[from] move: Trick
|-enditem|p2a: Chandelure|Choice Scarf|[silent]|[from] move: Trick
|
|upkeep
|turn|25
|
|t:|1757917557
|move|p1a: Zapdos|Hurricane|p2a: Chandelure
|-damage|p2a: Chandelure|22/100 par
|move|p2a: Chandelure|Shadow Ball|p1a: Zapdos
|-damage|p1a: Zapdos|56/100
|
|upkeep
|turn|26
|
|t:|1757917564
|switch|p2a: Vaporeon|Vaporeon, F, shiny|100/100
|-damage|p2a: Vaporeon|88/100|[from] Spikes
|move|p1a: Zapdos|Hurricane|p2a: Vaporeon|[miss]
|-miss|p1a: Zapdos|p2a: Vaporeon
|
|-heal|p2a: Vaporeon|94/100|[from] item: Leftovers
|upkeep
|turn|27
|
|t:|1757917572
|move|p1a: Zapdos|Hurricane|p2a: Vaporeon
|-damage|p2a: Vaporeon|60/100
|move|p2a: Vaporeon|Wish|p2a: Vaporeon
|
|-heal|p2a: Vaporeon|67/100|[from] item: Leftovers
|upkeep
|turn|28
|
|t:|1757917581
|switch|p1a: Darkrai|Darkrai, shiny|100/100
|-damage|p1a: Darkrai|84/100|[from] Spikes
|move|p2a: Vaporeon|Flip Turn|p1a: Darkrai
|-damage|p1a: Darkrai|66/100
|
|t:|1757917589
|switch|p2a: Chandelure|Chandelure, M|22/100 par|[from] Flip Turn
|-damage|p2a: Chandelure|10/100 par|[from] Spikes
|
|-heal|p2a: Chandelure|86/100 par|[from] move: Wish|[wisher] Vaporeon
|upkeep
|turn|29
|
|t:|1757917597
|switch|p2a: Whimsicott|Whimsicott, M, shiny|87/100
|-damage|p2a: Whimsicott|75/100|[from] Spikes
|move|p1a: Darkrai|Dark Pulse|p2a: Whimsicott
|-resisted|p2a: Whimsicott
|-damage|p2a: Whimsicott|45/100
|-damage|p1a: Darkrai|56/100|[from] item: Life Orb
|
|-heal|p2a: Whimsicott|51/100|[from] item: Leftovers
|upkeep
|turn|30
|
|t:|1757917607
|-terastallize|p1a: Darkrai|Poison
|move|p2a: Whimsicott|Protect|p2a: Whimsicott
|-singleturn|p2a: Whimsicott|Protect
|move|p1a: Darkrai|Sludge Bomb|p2a: Whimsicott
|-activate|p2a: Whimsicott|move: Protect
|
|-heal|p2a: Whimsicott|58/100|[from] item: Leftovers
|upkeep
|turn|31
|
|t:|1757917621
|switch|p2a: Vaporeon|Vaporeon, F, shiny|67/100
|-damage|p2a: Vaporeon|54/100|[from] Spikes
|move|p1a: Darkrai|Sludge Bomb|p2a: Vaporeon
|-damage|p2a: Vaporeon|9/100
|-status|p2a: Vaporeon|psn
|-damage|p1a: Darkrai|46/100|[from] item: Life Orb
|
|-heal|p2a: Vaporeon|15/100 psn|[from] item: Leftovers
|-damage|p2a: Vaporeon|3/100 psn|[from] psn
|upkeep
|turn|32
|
|t:|1757917633
|-terastallize|p2a: Vaporeon|Steel
|move|p1a: Darkrai|Sludge Bomb|p2a: Vaporeon
|-immune|p2a: Vaporeon
|move|p2a: Vaporeon|Wish|p2a: Vaporeon
|
|-heal|p2a: Vaporeon|9/100 psn|[from] item: Leftovers
|-damage|p2a: Vaporeon|0 fnt|[from] psn
|faint|p2a: Vaporeon
|upkeep
|
|t:|1757917645
|switch|p2a: Whimsicott|Whimsicott, M, shiny|58/100
|-damage|p2a: Whimsicott|45/100|[from] Spikes
|turn|33
|
|t:|1757917649
|move|p2a: Whimsicott|Protect|p2a: Whimsicott
|-singleturn|p2a: Whimsicott|Protect
|move|p1a: Darkrai|Sludge Bomb|p2a: Whimsicott
|-activate|p2a: Whimsicott|move: Protect
|
|-heal|p2a: Whimsicott|100/100|[from] move: Wish|[wisher] Vaporeon
|upkeep
|turn|34
|-message|Dhdydhdbdhdhdbd forfeited.
|
|win|CoffinSquad
|raw|CoffinSquad's rating: 1090 &rarr; <strong>1112</strong><br />(+22 for winning)
|raw|Dhdydhdbdhdhdbd's rating: 1032 &rarr; <strong>1020</strong><br />(-12 for losing)
|l|☆Dhdydhdbdhdhdbd
|player|p2|
|c|☆CoffinSquad|gg
