|j|☆fulkttd
|j|☆YumeKasumi76
|t:|1757955682
|gametype|singles
|player|p1|fulkttd|zinzolin|1474
|player|p2|YumeKasumi76|102|1453
|gen|9
|tier|[Gen 9] OU
|rated|
|rule|HP Percentage Mod: HP is shown in percentages
|rule|Endless Battle Clause: Forcing endless battles is banned
|rule|Species Clause: Limit one of each Pokémon
|rule|OHKO Clause: OHKO moves are banned
|rule|Evasion Items Clause: Evasion items are banned
|rule|Evasion Moves Clause: Evasion moves are banned
|rule|Evasion Abilities Clause: Evasion abilities are banned
|rule|Sleep Moves Clause: Sleep-inducing moves are banned
|clearpoke
|poke|p1|Raging Bolt|
|poke|p1|Walking Wake|
|poke|p1|Iron Valiant|
|poke|p1|Meowscarada, F|
|poke|p1|Scizor, M|
|poke|p1|Okidogi, M|
|poke|p2|Cobalion|
|poke|p2|Weezing-Galar, M|
|poke|p2|Lokix, F|
|poke|p2|Arboliva, M|
|poke|p2|Ceruledge, F|
|poke|p2|Latios, M|
|teampreview
|inactive|Battle timer is ON: inactive players will automatically lose when time's up. (requested by fulkttd)
|
|t:|1757955689
|teamsize|p1|6
|teamsize|p2|6
|start
|switch|p1a: Meowscarada|Meowscarada, F|100/100
|switch|p2a: Satsuki|Lokix, F, shiny|100/100
|turn|1
|
|t:|1757955691
|switch|p1a: Okidogi|Okidogi, M|100/100
|move|p2a: Satsuki|U-turn|p1a: Okidogi
|-resisted|p1a: Okidogi
|-damage|p1a: Okidogi|78/100
|
|t:|1757955696
|switch|p2a: M'affald|Weezing-Galar, M|100/100|[from] U-turn
|-ability|p2a: M'affald|Neutralizing Gas
|
|-heal|p1a: Okidogi|84/100|[from] item: Leftovers
|upkeep
|turn|2
|
|t:|1757955700
|switch|p1a: Raging Bolt|Raging Bolt|100/100
|move|p2a: M'affald|Will-O-Wisp|p1a: Raging Bolt
|-status|p1a: Raging Bolt|brn
|
|-damage|p1a: Raging Bolt|94/100 brn|[from] brn
|upkeep
|turn|3
|
|t:|1757955705
|-end|p2a: M'affald|ability: Neutralizing Gas
|switch|p2a: Pantheon|Arboliva, M|100/100
|move|p1a: Raging Bolt|Thunderbolt|p2a: Pantheon
|-resisted|p2a: Pantheon
|-damage|p2a: Pantheon|87/100
|-status|p2a: Pantheon|par
|-fieldstart|move: Grassy Terrain|[from] ability: Seed Sower|[of] p2a: Pantheon
|
|-heal|p1a: Raging Bolt|100/100 brn|[from] Grassy Terrain
|-heal|p2a: Pantheon|93/100 par|[from] Grassy Terrain
|-damage|p1a: Raging Bolt|94/100 brn|[from] brn
|upkeep
|turn|4
|j| whatllyoudo
|
|t:|1757955713
|move|p1a: Raging Bolt|Volt Switch|p2a: Pantheon
|-resisted|p2a: Pantheon
|-damage|p2a: Pantheon|82/100 par
|
|t:|1757955717
|-end|p1a: Raging Bolt|Protosynthesis|[silent]
|switch|p1a: Scizor|Scizor, M|100/100|[from] Volt Switch
|cant|p2a: Pantheon|par
|
|-heal|p2a: Pantheon|88/100 par|[from] Grassy Terrain
|upkeep
|turn|5
|
|t:|1757955724
|switch|p2a: Ironhyde|Cobalion|100/100
|move|p1a: Scizor|Knock Off|p2a: Ironhyde
|-resisted|p2a: Ironhyde
|-damage|p2a: Ironhyde|89/100
|-damage|p1a: Scizor|84/100|[from] item: Rocky Helmet|[of] p2a: Ironhyde
|-ability|p2a: Ironhyde|Justified|boost
|-boost|p2a: Ironhyde|atk|1
|-enditem|p2a: Ironhyde|Rocky Helmet|[from] move: Knock Off|[of] p1a: Scizor
|
|-heal|p2a: Ironhyde|95/100|[from] Grassy Terrain
|-heal|p1a: Scizor|90/100|[from] Grassy Terrain
|upkeep
|turn|6
|
|t:|1757955732
|move|p2a: Ironhyde|Stealth Rock|p1a: Scizor
|-sidestart|p1: fulkttd|move: Stealth Rock
|move|p1a: Scizor|U-turn|p2a: Ironhyde
|-resisted|p2a: Ironhyde
|-damage|p2a: Ironhyde|88/100
|
|t:|1757955742
|switch|p1a: Raging Bolt|Raging Bolt|94/100 brn|[from] U-turn
|-damage|p1a: Raging Bolt|82/100 brn|[from] Stealth Rock
|
|-heal|p2a: Ironhyde|94/100|[from] Grassy Terrain
|-heal|p1a: Raging Bolt|88/100 brn|[from] Grassy Terrain
|-damage|p1a: Raging Bolt|82/100 brn|[from] brn
|upkeep
|turn|7
|
|t:|1757955748
|move|p2a: Ironhyde|Volt Switch|p1a: Raging Bolt
|-resisted|p1a: Raging Bolt
|-damage|p1a: Raging Bolt|79/100 brn
|
|t:|1757955750
|switch|p2a: Pantheon|Arboliva, M|88/100 par|[from] Volt Switch
|move|p1a: Raging Bolt|Thunderbolt|p2a: Pantheon
|-resisted|p2a: Pantheon
|-damage|p2a: Pantheon|74/100 par
|
|-heal|p1a: Raging Bolt|85/100 brn|[from] Grassy Terrain
|-heal|p2a: Pantheon|80/100 par|[from] Grassy Terrain
|-damage|p1a: Raging Bolt|79/100 brn|[from] brn
|-fieldend|move: Grassy Terrain
|upkeep
|turn|8
|
|t:|1757955760
|move|p1a: Raging Bolt|Draco Meteor|p2a: Pantheon
|-damage|p2a: Pantheon|38/100 par
|-unboost|p1a: Raging Bolt|spa|2
|-fieldstart|move: Grassy Terrain|[from] ability: Seed Sower|[of] p2a: Pantheon
|-enditem|p1a: Raging Bolt|Eject Pack
|
|t:|1757955767
|-end|p1a: Raging Bolt|Protosynthesis|[silent]
|switch|p1a: Meowscarada|Meowscarada, F|100/100
|-damage|p1a: Meowscarada|88/100|[from] Stealth Rock
|cant|p2a: Pantheon|par
|
|-heal|p1a: Meowscarada|94/100|[from] Grassy Terrain
|-heal|p2a: Pantheon|44/100 par|[from] Grassy Terrain
|upkeep
|turn|9
|
|t:|1757955772
|switch|p2a: Ironhyde|Cobalion|94/100
|move|p1a: Meowscarada|Knock Off|p2a: Ironhyde
|-start|p1a: Meowscarada|typechange|Dark|[from] ability: Protean
|-resisted|p2a: Ironhyde
|-damage|p2a: Ironhyde|84/100
|-ability|p2a: Ironhyde|Justified|boost
|-boost|p2a: Ironhyde|atk|1
|
|-heal|p1a: Meowscarada|100/100|[from] Grassy Terrain
|-heal|p2a: Ironhyde|90/100|[from] Grassy Terrain
|upkeep
|turn|10
|
|t:|1757955779
|switch|p1a: Scizor|Scizor, M|90/100
|move|p2a: Ironhyde|Body Press|p1a: Scizor
|-damage|p1a: Scizor|47/100
|
|-heal|p2a: Ironhyde|96/100|[from] Grassy Terrain
|-heal|p1a: Scizor|53/100|[from] Grassy Terrain
|upkeep
|turn|11
|
|t:|1757955785
|move|p2a: Ironhyde|Body Press|p1a: Scizor
|-damage|p1a: Scizor|14/100
|move|p1a: Scizor|Defog|p2a: Ironhyde
|-unboost|p2a: Ironhyde|evasion|1
|-sideend|p1: fulkttd|Stealth Rock|[from] move: Defog|[of] p1a: Scizor
|-fieldend|move: Grassy Terrain
|
|upkeep
|turn|12
|
|t:|1757955789
|switch|p1a: Okidogi|Okidogi, M|84/100
|move|p2a: Ironhyde|Stealth Rock|p1a: Okidogi
|-sidestart|p1: fulkttd|move: Stealth Rock
|
|-heal|p1a: Okidogi|90/100|[from] item: Leftovers
|upkeep
|turn|13
|l| whatllyoudo
|
|t:|1757955797
|move|p2a: Ironhyde|Volt Switch|p1a: Okidogi
|-damage|p1a: Okidogi|76/100
|
|t:|1757955799
|switch|p2a: M'affald|Weezing-Galar, M|100/100|[from] Volt Switch
|-ability|p2a: M'affald|Neutralizing Gas
|move|p1a: Okidogi|Drain Punch|p2a: M'affald
|-resisted|p2a: M'affald
|-damage|p2a: M'affald|94/100
|-heal|p1a: Okidogi|79/100|[from] drain|[of] p2a: M'affald
|
|-heal|p1a: Okidogi|85/100|[from] item: Leftovers
|upkeep
|turn|14
|
|t:|1757955808
|switch|p1a: Raging Bolt|Raging Bolt|79/100 brn
|-damage|p1a: Raging Bolt|67/100 brn|[from] Stealth Rock
|-end|p2a: M'affald|ability: Neutralizing Gas
|switch|p2a: Iverson|Latios, M|100/100
|
|-damage|p1a: Raging Bolt|61/100 brn|[from] brn
|upkeep
|turn|15
|
|t:|1757955811
|-terastallize|p1a: Raging Bolt|Bug
|move|p2a: Iverson|Flip Turn|p1a: Raging Bolt
|-damage|p1a: Raging Bolt|50/100 brn
|
|t:|1757955816
|switch|p2a: M'affald|Weezing-Galar, M|94/100|[from] Flip Turn
|-ability|p2a: M'affald|Neutralizing Gas
|move|p1a: Raging Bolt|Draco Meteor|p2a: M'affald
|-immune|p2a: M'affald
|
|-damage|p1a: Raging Bolt|44/100 brn|[from] brn
|upkeep
|turn|16
|-message|fulkttd forfeited.
|
|win|YumeKasumi76
|raw|fulkttd's rating: 1474 &rarr; <strong>1453</strong><br />(-21 for losing)
|raw|YumeKasumi76's rating: 1453 &rarr; <strong>1474</strong><br />(+21 for winning)
|l|☆fulkttd
|player|p1|
|l|☆YumeKasumi76
|player|p2|
