|j|☆Liker of Mudkips
|j|☆thatoneguy1337
|t:|1757918463
|gametype|singles
|player|p1|Liker of Mudkips|acetrainerf|1612
|player|p2|thatoneguy1337|caitlin|1819
|gen|9
|tier|[Gen 9] OU
|rated|
|rule|HP Percentage Mod: HP is shown in percentages
|rule|Endless Battle Clause: Forcing endless battles is banned
|rule|Species Clause: Limit one of each Pokémon
|rule|OHKO Clause: OHKO moves are banned
|rule|Evasion Items Clause: Evasion items are banned
|rule|Evasion Moves Clause: Evasion moves are banned
|rule|Evasion Abilities Clause: Evasion abilities are banned
|rule|Sleep Moves Clause: Sleep-inducing moves are banned
|clearpoke
|poke|p1|Dragapult, F|
|poke|p1|Ogerpon-Wellspring, F|
|poke|p1|Slowking-Galar, M|
|poke|p1|Great Tusk|
|poke|p1|Zapdos|
|poke|p1|Kingambit, M|
|poke|p2|Iron Moth|
|poke|p2|Ting-Lu|
|poke|p2|Torkoal, M|
|poke|p2|Walking Wake|
|poke|p2|Great Tusk|
|poke|p2|Slither Wing|
|teampreview
|inactive|Battle timer is ON: inactive players will automatically lose when time's up. (requested by Liker of Mudkips)
|
|t:|1757918478
|teamsize|p1|6
|teamsize|p2|6
|start
|switch|p1a: Pants|Slowking-Galar, M|100/100
|switch|p2a: Torkoal|Torkoal, M|100/100
|-weather|SunnyDay|[from] ability: Drought|[of] p2a: Torkoal
|turn|1
|
|t:|1757918493
|move|p1a: Pants|Sludge Bomb|p2a: Torkoal
|-damage|p2a: Torkoal|59/100
|move|p2a: Torkoal|Stealth Rock|p1a: Pants
|-sidestart|p1: Liker of Mudkips|move: Stealth Rock
|
|-weather|SunnyDay|[upkeep]
|upkeep
|turn|2
|
|t:|1757918501
|switch|p2a: Ting-Lu|Ting-Lu|100/100
|-ability|p2a: Ting-Lu|Vessel of Ruin
|move|p1a: Pants|Sludge Bomb|p2a: Ting-Lu
|-resisted|p2a: Ting-Lu
|-damage|p2a: Ting-Lu|93/100
|-status|p2a: Ting-Lu|psn
|
|-weather|SunnyDay|[upkeep]
|-damage|p2a: Ting-Lu|81/100 psn|[from] psn
|upkeep
|turn|3
|
|t:|1757918530
|switch|p1a: Baku|Great Tusk|100/100
|-damage|p1a: Baku|98/100|[from] Stealth Rock
|-activate|p1a: Baku|ability: Protosynthesis
|-start|p1a: Baku|protosynthesisatk
|move|p2a: Ting-Lu|Earthquake|p1a: Baku
|-damage|p1a: Baku|72/100
|
|-weather|SunnyDay|[upkeep]
|-damage|p2a: Ting-Lu|68/100 psn|[from] psn
|upkeep
|turn|4
|inactive|thatoneguy1337 has 120 seconds left.
|l|☆thatoneguy1337
|inactive|thatoneguy1337 disconnected and has a minute to reconnect!
|player|p2|
|inactive|thatoneguy1337 has 30 seconds to reconnect!
|inactive|thatoneguy1337 has 20 seconds to reconnect!
|j|☆thatoneguy1337
|inactive|thatoneguy1337 reconnected and has 70 seconds left.
|player|p2|thatoneguy1337|caitlin|
|
|t:|1757918598
|switch|p2a: Walking Wake|Walking Wake|100/100
|-activate|p2a: Walking Wake|ability: Protosynthesis
|-start|p2a: Walking Wake|protosynthesisspe
|move|p1a: Baku|Stealth Rock|p2a: Walking Wake
|-sidestart|p2: thatoneguy1337|move: Stealth Rock
|
|-weather|SunnyDay|[upkeep]
|upkeep
|turn|5
|inactive|thatoneguy1337 has 60 seconds left.
|
|t:|1757918624
|-end|p1a: Baku|Protosynthesis|[silent]
|switch|p1a: Pants|Slowking-Galar, M|100/100
|-damage|p1a: Pants|88/100|[from] Stealth Rock
|-terastallize|p2a: Walking Wake|Dragon
|move|p2a: Walking Wake|Draco Meteor|p1a: Pants
|-damage|p1a: Pants|35/100
|-unboost|p2a: Walking Wake|spa|2
|
|-weather|SunnyDay|[upkeep]
|upkeep
|turn|6
|inactive|thatoneguy1337 has 60 seconds left.
|
|t:|1757918647
|-end|p2a: Walking Wake|Protosynthesis|[silent]
|switch|p2a: Slither Wing|Slither Wing|100/100
|-damage|p2a: Slither Wing|88/100|[from] Stealth Rock
|-activate|p2a: Slither Wing|ability: Protosynthesis
|-start|p2a: Slither Wing|protosynthesisatk
|move|p1a: Pants|Ice Beam|p2a: Slither Wing
|-damage|p2a: Slither Wing|64/100
|
|-weather|SunnyDay|[upkeep]
|upkeep
|turn|7
|
|t:|1757918662
|switch|p1a: Larxene|Zapdos|100/100
|move|p2a: Slither Wing|U-turn|p1a: Larxene
|-resisted|p1a: Larxene
|-damage|p1a: Larxene|52/100
|
|t:|1757918665
|-end|p2a: Slither Wing|Protosynthesis|[silent]
|switch|p2a: Walking Wake|Walking Wake, tera:Dragon|100/100|[from] U-turn
|-damage|p2a: Walking Wake|88/100|[from] Stealth Rock
|-activate|p2a: Walking Wake|ability: Protosynthesis
|-start|p2a: Walking Wake|protosynthesisspe
|
|-weather|SunnyDay|[upkeep]
|upkeep
|turn|8
|
|t:|1757918678
|switch|p1a: Nobunaga|Kingambit, M|100/100
|-damage|p1a: Nobunaga|94/100|[from] Stealth Rock
|-item|p1a: Nobunaga|Air Balloon
|move|p2a: Walking Wake|Draco Meteor|p1a: Nobunaga
|-resisted|p1a: Nobunaga
|-damage|p1a: Nobunaga|29/100
|-unboost|p2a: Walking Wake|spa|2
|-enditem|p1a: Nobunaga|Air Balloon
|
|-weather|none
|-end|p2a: Walking Wake|Protosynthesis
|upkeep
|turn|9
|
|t:|1757918695
|-end|p2a: Walking Wake|Protosynthesis|[silent]
|switch|p2a: Slither Wing|Slither Wing|64/100
|-damage|p2a: Slither Wing|51/100|[from] Stealth Rock
|-terastallize|p1a: Nobunaga|Fairy
|move|p1a: Nobunaga|Sucker Punch||[still]
|-fail|p1a: Nobunaga
|
|upkeep
|turn|10
|
|t:|1757918705
|-end|p1a: Nobunaga|fallenundefined|[silent]
|switch|p1a: Baku|Great Tusk|72/100
|-damage|p1a: Baku|69/100|[from] Stealth Rock
|move|p2a: Slither Wing|Flare Blitz|p1a: Baku
|-damage|p1a: Baku|17/100
|-damage|p2a: Slither Wing|35/100|[from] item: Rocky Helmet|[of] p1a: Baku
|-damage|p2a: Slither Wing|15/100|[from] Recoil
|
|upkeep
|turn|11
|
|t:|1757918714
|move|p1a: Baku|Rapid Spin|p2a: Slither Wing
|-damage|p2a: Slither Wing|0 fnt
|-boost|p1a: Baku|spe|1
|-sideend|p1: Liker of Mudkips|Stealth Rock|[from] move: Rapid Spin|[of] p1a: Baku
|faint|p2a: Slither Wing
|-end|p2a: Slither Wing|Protosynthesis|[silent]
|
|upkeep
|
|t:|1757918718
|switch|p2a: Great Tusk|Great Tusk|100/100
|turn|12
|
|t:|1757918723
|-end|p1a: Baku|Protosynthesis|[silent]
|switch|p1a: Kos|Dragapult, F|100/100
|move|p2a: Great Tusk|Rapid Spin|p1a: Kos
|-immune|p1a: Kos
|
|upkeep
|turn|13
|
|t:|1757918729
|move|p1a: Kos|U-turn|p2a: Great Tusk
|-resisted|p2a: Great Tusk
|-damage|p2a: Great Tusk|95/100
|
|t:|1757918733
|switch|p1a: Larxene|Zapdos|52/100|[from] U-turn
|move|p2a: Great Tusk|Ice Spinner|p1a: Larxene
|-supereffective|p1a: Larxene
|-damage|p1a: Larxene|0 fnt
|faint|p1a: Larxene
|
|upkeep
|
|t:|1757918743
|switch|p1a: Kos|Dragapult, F|100/100
|turn|14
|
|t:|1757918748
|-end|p2a: Great Tusk|Protosynthesis|[silent]
|switch|p2a: Ting-Lu|Ting-Lu|68/100 psn
|-damage|p2a: Ting-Lu|62/100 psn|[from] Stealth Rock
|-ability|p2a: Ting-Lu|Vessel of Ruin
|move|p1a: Kos|Shadow Ball|p2a: Ting-Lu
|-resisted|p2a: Ting-Lu
|-damage|p2a: Ting-Lu|50/100 psn
|-unboost|p2a: Ting-Lu|spd|1
|
|-damage|p2a: Ting-Lu|38/100 psn|[from] psn
|upkeep
|turn|15
|
|t:|1757918762
|switch|p1a: Suika|Ogerpon-Wellspring, F|100/100
|move|p2a: Ting-Lu|Spikes|p1a: Suika
|-sidestart|p1: Liker of Mudkips|Spikes
|
|-damage|p2a: Ting-Lu|25/100 psn|[from] psn
|upkeep
|turn|16
|inactive|thatoneguy1337 has 120 seconds left.
|
|t:|1757918780
|switch|p2a: Torkoal|Torkoal, M|59/100
|-damage|p2a: Torkoal|35/100|[from] Stealth Rock
|-weather|SunnyDay|[from] ability: Drought|[of] p2a: Torkoal
|move|p1a: Suika|U-turn|p2a: Torkoal
|-resisted|p2a: Torkoal
|-damage|p2a: Torkoal|26/100
|
|t:|1757918793
|switch|p1a: Baku|Great Tusk|17/100|[from] U-turn
|-damage|p1a: Baku|5/100|[from] Spikes
|-activate|p1a: Baku|ability: Protosynthesis
|-start|p1a: Baku|protosynthesisatk
|
|-weather|SunnyDay|[upkeep]
|upkeep
|turn|17
|
|t:|1757918803
|switch|p2a: Ting-Lu|Ting-Lu|25/100 psn
|-damage|p2a: Ting-Lu|19/100 psn|[from] Stealth Rock
|-ability|p2a: Ting-Lu|Vessel of Ruin
|move|p1a: Baku|Headlong Rush|p2a: Ting-Lu
|-damage|p2a: Ting-Lu|0 fnt
|-unboost|p1a: Baku|def|1
|-unboost|p1a: Baku|spd|1
|-damage|p1a: Baku|0 fnt|[from] item: Rocky Helmet|[of] p2a: Ting-Lu
|faint|p2a: Ting-Lu
|faint|p1a: Baku
|-end|p1a: Baku|Protosynthesis|[silent]
|
|-weather|SunnyDay|[upkeep]
|upkeep
|
|t:|1757918822
|switch|p1a: Nobunaga|Kingambit, M, tera:Fairy|29/100
|switch|p2a: Iron Moth|Iron Moth|100/100
|-damage|p2a: Iron Moth|76/100|[from] Stealth Rock
|-damage|p1a: Nobunaga|17/100|[from] Spikes
|-activate|p1a: Nobunaga|ability: Supreme Overlord
|-start|p1a: Nobunaga|fallen2|[silent]
|turn|18
|
|t:|1757918829
|move|p1a: Nobunaga|Sucker Punch|p2a: Iron Moth
|-damage|p2a: Iron Moth|2/100
|move|p2a: Iron Moth|Fiery Dance|p1a: Nobunaga
|-damage|p1a: Nobunaga|0 fnt
|faint|p1a: Nobunaga
|-end|p1a: Nobunaga|fallen2|[silent]
|
|-weather|SunnyDay|[upkeep]
|upkeep
|
|t:|1757918841
|switch|p1a: Pants|Slowking-Galar, M|68/100
|-damage|p1a: Pants|56/100|[from] Spikes
|turn|19
|
|t:|1757918849
|move|p2a: Iron Moth|Fiery Dance|p1a: Pants
|-damage|p1a: Pants|14/100
|move|p1a: Pants|Ice Beam|p2a: Iron Moth
|-resisted|p2a: Iron Moth
|-damage|p2a: Iron Moth|0 fnt
|faint|p2a: Iron Moth
|-end|p2a: Iron Moth|Quark Drive|[silent]
|
|-weather|SunnyDay|[upkeep]
|upkeep
|inactive|thatoneguy1337 has 120 seconds left.
|
|t:|1757918882
|switch|p2a: Walking Wake|Walking Wake, tera:Dragon|88/100
|-damage|p2a: Walking Wake|76/100|[from] Stealth Rock
|-activate|p2a: Walking Wake|ability: Protosynthesis
|-start|p2a: Walking Wake|protosynthesisspe
|turn|20
|
|t:|1757918890
|move|p2a: Walking Wake|Dragon Pulse|p1a: Pants
|-damage|p1a: Pants|0 fnt
|faint|p1a: Pants
|
|-weather|SunnyDay|[upkeep]
|upkeep
|
|t:|1757918896
|switch|p1a: Suika|Ogerpon-Wellspring, F|100/100
|-damage|p1a: Suika|88/100|[from] Spikes
|turn|21
|
|t:|1757918904
|move|p2a: Walking Wake|Dragon Pulse|p1a: Suika
|-damage|p1a: Suika|0 fnt
|faint|p1a: Suika
|
|-weather|SunnyDay|[upkeep]
|upkeep
|
|t:|1757918909
|switch|p1a: Kos|Dragapult, F|100/100
|-damage|p1a: Kos|88/100|[from] Spikes
|turn|22
|
|t:|1757918913
|move|p2a: Walking Wake|Dragon Pulse|p1a: Kos
|-supereffective|p1a: Kos
|-damage|p1a: Kos|0 fnt
|faint|p1a: Kos
|
|win|thatoneguy1337
|raw|Liker of Mudkips's rating: 1612 &rarr; <strong>1603</strong><br />(-9 for losing)
|raw|thatoneguy1337's rating: 1819 &rarr; <strong>1828</strong><br />(+9 for winning)
|l|☆Liker of Mudkips
|player|p1|
|l|☆thatoneguy1337
|player|p2|
