|j|☆go b3yond
|j|☆SamiFawad
|t:|1757848434
|gametype|singles
|player|p1|go b3yond|bruno|1479
|player|p2|SamiFawad|265|1483
|gen|9
|tier|[Gen 9] OU
|rated|
|rule|HP Percentage Mod: HP is shown in percentages
|rule|Endless Battle Clause: Forcing endless battles is banned
|rule|Species Clause: Limit one of each Pokémon
|rule|OHKO Clause: OHKO moves are banned
|rule|Evasion Items Clause: Evasion items are banned
|rule|Evasion Moves Clause: Evasion moves are banned
|rule|Evasion Abilities Clause: Evasion abilities are banned
|rule|Sleep Moves Clause: Sleep-inducing moves are banned
|clearpoke
|poke|p1|Torkoal, M|
|poke|p1|Brute Bonnet|
|poke|p1|Hatterene, F|
|poke|p1|Walking Wake|
|poke|p1|Thundurus-Therian, M|
|poke|p1|Ceruledge, M|
|poke|p2|Slowking-Galar, M|
|poke|p2|Pecharunt|
|poke|p2|Ogerpon-Cornerstone, F|
|poke|p2|Samurott-Hisui, M|
|poke|p2|Lycanroc-Dusk, M|
|poke|p2|Great Tusk|
|teampreview
|inactive|Battle timer is ON: inactive players will automatically lose when time's up. (requested by go b3yond)
|
|t:|1757848440
|teamsize|p1|6
|teamsize|p2|6
|start
|switch|p1a: Brute Bonnet|Brute Bonnet|100/100
|switch|p2a: Lycanroc|Lycanroc-Dusk, M|100/100
|turn|1
|
|t:|1757848444
|move|p2a: Lycanroc|Swords Dance|p2a: Lycanroc
|-boost|p2a: Lycanroc|atk|2
|move|p1a: Brute Bonnet|Bullet Seed|p2a: Lycanroc
|-supereffective|p2a: Lycanroc
|-damage|p2a: Lycanroc|57/100
|-supereffective|p2a: Lycanroc
|-damage|p2a: Lycanroc|10/100
|-supereffective|p2a: Lycanroc
|-damage|p2a: Lycanroc|0 fnt
|faint|p2a: Lycanroc
|-hitcount|p2: Lycanroc|3
|
|upkeep
|
|t:|1757848452
|switch|p2a: Pecharunt|Pecharunt|100/100
|turn|2
|
|t:|1757848456
|-end|p1a: Brute Bonnet|Protosynthesis|[silent]
|switch|p1a: Hatterene|Hatterene, F|100/100
|move|p2a: Pecharunt|Malignant Chain|p1a: Hatterene
|-supereffective|p1a: Hatterene
|-damage|p1a: Hatterene|15/100
|-status|p1a: Hatterene|tox
|-start|p1a: Hatterene|confusion|[from] ability: Poison Puppeteer|[of] p2a: Pecharunt
|-enditem|p1a: Hatterene|Eject Button
|
|t:|1757848458
|switch|p1a: GREAT Bait|Torkoal, M, shiny|100/100
|-weather|SunnyDay|[from] ability: Drought|[of] p1a: GREAT Bait
|
|-weather|SunnyDay|[upkeep]
|upkeep
|turn|3
|
|t:|1757848461
|move|p2a: Pecharunt|Malignant Chain|p1a: GREAT Bait
|-damage|p1a: GREAT Bait|42/100
|-status|p1a: GREAT Bait|tox
|-start|p1a: GREAT Bait|confusion|[from] ability: Poison Puppeteer|[of] p2a: Pecharunt
|-activate|p1a: GREAT Bait|confusion
|move|p1a: GREAT Bait|Overheat|p2a: Pecharunt
|-damage|p2a: Pecharunt|21/100
|-unboost|p1a: GREAT Bait|spa|2
|
|-weather|SunnyDay|[upkeep]
|-damage|p1a: GREAT Bait|36/100 tox|[from] psn
|upkeep
|turn|4
|
|t:|1757848467
|move|p2a: Pecharunt|Recover|p2a: Pecharunt
|-heal|p2a: Pecharunt|71/100
|-activate|p1a: GREAT Bait|confusion
|-damage|p1a: GREAT Bait|29/100 tox|[from] confusion
|
|-weather|SunnyDay|[upkeep]
|-damage|p1a: GREAT Bait|16/100 tox|[from] psn
|upkeep
|turn|5
|
|t:|1757848475
|switch|p1a: Thundurus|Thundurus-Therian, M|100/100
|move|p2a: Pecharunt|Malignant Chain|p1a: Thundurus
|-damage|p1a: Thundurus|38/100
|-status|p1a: Thundurus|tox
|-start|p1a: Thundurus|confusion|[from] ability: Poison Puppeteer|[of] p2a: Pecharunt
|
|-weather|SunnyDay|[upkeep]
|-damage|p1a: Thundurus|32/100 tox|[from] psn
|upkeep
|turn|6
|
|t:|1757848478
|-activate|p1a: Thundurus|confusion
|-damage|p1a: Thundurus|21/100 tox|[from] confusion
|move|p2a: Pecharunt|Recover|p2a: Pecharunt
|-heal|p2a: Pecharunt|100/100
|
|-weather|SunnyDay|[upkeep]
|-damage|p1a: Thundurus|9/100 tox|[from] psn
|upkeep
|turn|7
|
|t:|1757848484
|-end|p1a: Thundurus|confusion
|move|p1a: Thundurus|Weather Ball|p2a: Pecharunt
|-damage|p2a: Pecharunt|13/100
|move|p2a: Pecharunt|Recover|p2a: Pecharunt
|-heal|p2a: Pecharunt|63/100
|
|-weather|SunnyDay|[upkeep]
|-damage|p1a: Thundurus|0 fnt|[from] psn
|faint|p1a: Thundurus
|upkeep
|
|t:|1757848493
|switch|p1a: Walking Wake|Walking Wake|100/100
|-activate|p1a: Walking Wake|ability: Protosynthesis
|-start|p1a: Walking Wake|protosynthesisspe
|turn|8
|
|t:|1757848502
|move|p1a: Walking Wake|Flip Turn|p2a: Pecharunt
|-damage|p2a: Pecharunt|59/100
|-damage|p1a: Walking Wake|84/100|[from] item: Rocky Helmet|[of] p2a: Pecharunt
|
|t:|1757848505
|-end|p1a: Walking Wake|Protosynthesis|[silent]
|switch|p1a: Hatterene|Hatterene, F|15/100 tox|[from] Flip Turn
|move|p2a: Pecharunt|Malignant Chain|p1a: Hatterene
|-supereffective|p1a: Hatterene
|-damage|p1a: Hatterene|0 fnt
|faint|p1a: Hatterene
|
|-weather|SunnyDay|[upkeep]
|upkeep
|
|t:|1757848507
|switch|p1a: Ceruledge|Ceruledge, M|100/100
|turn|9
|
|t:|1757848511
|move|p1a: Ceruledge|Swords Dance|p1a: Ceruledge
|-boost|p1a: Ceruledge|atk|2
|move|p2a: Pecharunt|Malignant Chain|p1a: Ceruledge
|-resisted|p1a: Ceruledge
|-damage|p1a: Ceruledge|73/100
|-status|p1a: Ceruledge|tox
|-start|p1a: Ceruledge|confusion|[from] ability: Poison Puppeteer|[of] p2a: Pecharunt
|
|-weather|none
|-damage|p1a: Ceruledge|67/100 tox|[from] psn
|upkeep
|turn|10
|
|t:|1757848514
|-activate|p1a: Ceruledge|confusion
|move|p1a: Ceruledge|Poltergeist|p2a: Pecharunt
|-activate|p2a: Pecharunt|move: Poltergeist|Rocky Helmet
|-supereffective|p2a: Pecharunt
|-damage|p2a: Pecharunt|0 fnt
|faint|p2a: Pecharunt
|
|-damage|p1a: Ceruledge|55/100 tox|[from] psn
|upkeep
|
|t:|1757848520
|switch|p2a: Samurott|Samurott-Hisui, M|100/100
|turn|11
|
|t:|1757848523
|move|p2a: Samurott|Ceaseless Edge|p1a: Ceruledge
|-supereffective|p1a: Ceruledge
|-damage|p1a: Ceruledge|0 fnt
|-sidestart|p1: go b3yond|Spikes
|faint|p1a: Ceruledge
|
|upkeep
|
|t:|1757848526
|switch|p1a: Brute Bonnet|Brute Bonnet|100/100
|-damage|p1a: Brute Bonnet|88/100|[from] Spikes
|turn|12
|
|t:|1757848530
|move|p2a: Samurott|Ceaseless Edge|p1a: Brute Bonnet
|-resisted|p1a: Brute Bonnet
|-damage|p1a: Brute Bonnet|68/100
|-sidestart|p1: go b3yond|Spikes
|move|p1a: Brute Bonnet|Bullet Seed|p2a: Samurott
|-supereffective|p2a: Samurott
|-damage|p2a: Samurott|64/100
|-supereffective|p2a: Samurott
|-damage|p2a: Samurott|28/100
|-supereffective|p2a: Samurott
|-crit|p2a: Samurott
|-damage|p2a: Samurott|0 fnt
|faint|p2a: Samurott
|-hitcount|p2: Samurott|3
|
|upkeep
|
|t:|1757848547
|switch|p2a: Great Tusk|Great Tusk|100/100
|turn|13
|
|t:|1757848551
|-end|p1a: Brute Bonnet|Protosynthesis|[silent]
|switch|p1a: GREAT Bait|Torkoal, M, shiny|16/100 tox
|-damage|p1a: GREAT Bait|0 fnt|[from] Spikes
|faint|p1a: GREAT Bait
|move|p2a: Great Tusk|Stealth Rock|p1: GREAT Bait
|-sidestart|p1: go b3yond|move: Stealth Rock
|
|upkeep
|
|t:|1757848557
|switch|p1a: Walking Wake|Walking Wake|84/100
|-damage|p1a: Walking Wake|67/100|[from] Spikes
|-damage|p1a: Walking Wake|55/100|[from] Stealth Rock
|turn|14
|
|t:|1757848560
|-end|p2a: Great Tusk|Protosynthesis|[silent]
|switch|p2a: Slowking|Slowking-Galar, M|100/100
|move|p1a: Walking Wake|Hydro Steam|p2a: Slowking
|-damage|p2a: Slowking|78/100
|
|upkeep
|turn|15
|-message|go b3yond forfeited.
|
|win|SamiFawad
|raw|go b3yond's rating: 1479 &rarr; <strong>1459</strong><br />(-20 for losing)
|raw|SamiFawad's rating: 1483 &rarr; <strong>1503</strong><br />(+20 for winning)
|l|☆go b3yond
|player|p1|
|l|☆SamiFawad
|player|p2|
