|j|☆yesterdaymister
|j|☆Yibril
|t:|1757809513
|gametype|singles
|player|p1|yesterdaymister|striker|1656
|player|p2|Yibril|ghetsis|1691
|gen|9
|tier|[Gen 9] OU
|rated|
|rule|HP Percentage Mod: HP is shown in percentages
|rule|Endless Battle Clause: Forcing endless battles is banned
|rule|Species Clause: Limit one of each Pokémon
|rule|OHKO Clause: OHKO moves are banned
|rule|Evasion Items Clause: Evasion items are banned
|rule|Evasion Moves Clause: Evasion moves are banned
|rule|Evasion Abilities Clause: Evasion abilities are banned
|rule|Sleep Moves Clause: Sleep-inducing moves are banned
|clearpoke
|poke|p1|Ninetales, F|
|poke|p1|Ceruledge, M|
|poke|p1|Venusaur, M|
|poke|p1|Hatterene, F|
|poke|p1|Great Tusk|
|poke|p1|Walking Wake|
|poke|p2|Dragapult, F|
|poke|p2|Great Tusk|
|poke|p2|Kingambit, F|
|poke|p2|Garganacl, F|
|poke|p2|Gholdengo|
|poke|p2|Dragonite, F|
|teampreview
|inactive|Battle timer is ON: inactive players will automatically lose when time's up. (requested by yesterdaymister)
|
|t:|1757809519
|teamsize|p1|6
|teamsize|p2|6
|start
|switch|p1a: arda guler|Ninetales, F|100/100
|switch|p2a: Garganacl|Garganacl, F|100/100
|-weather|SunnyDay|[from] ability: Drought|[of] p1a: arda guler
|turn|1
|
|t:|1757809527
|switch|p1a: maccabi|Hatterene, F|100/100
|move|p2a: Garganacl|Salt Cure|p1a: maccabi
|-damage|p1a: maccabi|89/100
|-start|p1a: maccabi|Salt Cure
|-enditem|p1a: maccabi|Eject Button
|
|t:|1757809546
|switch|p1a: hans vanaken|Venusaur, M|100/100
|
|-weather|SunnyDay|[upkeep]
|upkeep
|turn|2
|
|t:|1757809558
|move|p1a: hans vanaken|Growth|p1a: hans vanaken
|-boost|p1a: hans vanaken|atk|2
|-boost|p1a: hans vanaken|spa|2
|move|p2a: Garganacl|Salt Cure|p1a: hans vanaken
|-damage|p1a: hans vanaken|83/100
|-start|p1a: hans vanaken|Salt Cure
|
|-weather|SunnyDay|[upkeep]
|-damage|p1a: hans vanaken|70/100|[from] Salt Cure
|upkeep
|turn|3
|
|t:|1757809562
|switch|p2a: Dragonite|Dragonite, F|100/100
|move|p1a: hans vanaken|Giga Drain|p2a: Dragonite
|-resisted|p2a: Dragonite
|-damage|p2a: Dragonite|89/100
|-heal|p1a: hans vanaken|77/100|[from] drain|[of] p2a: Dragonite
|-damage|p1a: hans vanaken|67/100|[from] item: Life Orb
|
|-weather|SunnyDay|[upkeep]
|-damage|p1a: hans vanaken|54/100|[from] Salt Cure
|upkeep
|turn|4
|
|t:|1757809582
|switch|p2a: Kingambit|Kingambit, F|100/100
|move|p1a: hans vanaken|Sludge Bomb|p2a: Kingambit
|-immune|p2a: Kingambit
|
|-weather|SunnyDay|[upkeep]
|-damage|p1a: hans vanaken|42/100|[from] Salt Cure
|upkeep
|turn|5
|
|t:|1757809588
|switch|p1a: mignolet|Great Tusk|100/100
|-activate|p1a: mignolet|ability: Protosynthesis
|-start|p1a: mignolet|protosynthesisspe
|move|p2a: Kingambit|Sucker Punch||[still]
|-fail|p2a: Kingambit
|
|-weather|SunnyDay|[upkeep]
|upkeep
|turn|6
|
|t:|1757809592
|-end|p2a: Kingambit|fallenundefined|[silent]
|switch|p2a: Great Tusk|Great Tusk|100/100
|-activate|p2a: Great Tusk|ability: Protosynthesis
|-start|p2a: Great Tusk|protosynthesisdef
|move|p1a: mignolet|Stealth Rock|p2a: Great Tusk
|-sidestart|p2: Yibril|move: Stealth Rock
|
|-weather|SunnyDay|[upkeep]
|upkeep
|turn|7
|
|t:|1757809601
|move|p1a: mignolet|Ice Spinner|p2a: Great Tusk
|-supereffective|p2a: Great Tusk
|-damage|p2a: Great Tusk|81/100
|move|p2a: Great Tusk|Ice Spinner|p1a: mignolet
|-supereffective|p1a: mignolet
|-damage|p1a: mignolet|65/100
|-damage|p2a: Great Tusk|64/100|[from] item: Rocky Helmet|[of] p1a: mignolet
|
|-weather|SunnyDay|[upkeep]
|-heal|p2a: Great Tusk|70/100|[from] item: Leftovers
|upkeep
|turn|8
|
|t:|1757809611
|move|p1a: mignolet|Ice Spinner|p2a: Great Tusk
|-supereffective|p2a: Great Tusk
|-damage|p2a: Great Tusk|52/100
|move|p2a: Great Tusk|Stealth Rock|p1a: mignolet
|-sidestart|p1: yesterdaymister|move: Stealth Rock
|
|-weather|none
|-end|p1a: mignolet|Protosynthesis
|-end|p2a: Great Tusk|Protosynthesis
|-heal|p2a: Great Tusk|58/100|[from] item: Leftovers
|upkeep
|turn|9
|
|t:|1757809618
|move|p1a: mignolet|Rapid Spin|p2a: Great Tusk
|-damage|p2a: Great Tusk|50/100
|-boost|p1a: mignolet|spe|1
|-sideend|p1: yesterdaymister|Stealth Rock|[from] move: Rapid Spin|[of] p1a: mignolet
|move|p2a: Great Tusk|Ice Spinner|p1a: mignolet
|-supereffective|p1a: mignolet
|-damage|p1a: mignolet|30/100
|-damage|p2a: Great Tusk|33/100|[from] item: Rocky Helmet|[of] p1a: mignolet
|
|-heal|p2a: Great Tusk|39/100|[from] item: Leftovers
|upkeep
|turn|10
|
|t:|1757809627
|move|p1a: mignolet|Rapid Spin|p2a: Great Tusk
|-damage|p2a: Great Tusk|32/100
|-boost|p1a: mignolet|spe|1
|move|p2a: Great Tusk|Ice Spinner|p1a: mignolet
|-supereffective|p1a: mignolet
|-damage|p1a: mignolet|0 fnt
|-damage|p2a: Great Tusk|15/100|[from] item: Rocky Helmet|[of] p1a: mignolet
|faint|p1a: mignolet
|-end|p1a: mignolet|Protosynthesis|[silent]
|
|-heal|p2a: Great Tusk|21/100|[from] item: Leftovers
|upkeep
|
|t:|1757809636
|switch|p1a: chama|Walking Wake|100/100
|turn|11
|
|t:|1757809645
|move|p1a: chama|Hydro Steam|p2a: Great Tusk
|-supereffective|p2a: Great Tusk
|-damage|p2a: Great Tusk|0 fnt
|faint|p2a: Great Tusk
|-end|p2a: Great Tusk|Protosynthesis|[silent]
|
|upkeep
|
|t:|1757809658
|switch|p2a: Gholdengo|Gholdengo|100/100
|-damage|p2a: Gholdengo|94/100|[from] Stealth Rock
|turn|12
|
|t:|1757809663
|-end|p1a: chama|Protosynthesis|[silent]
|switch|p1a: arda guler|Ninetales, F|100/100
|-weather|SunnyDay|[from] ability: Drought|[of] p1a: arda guler
|move|p2a: Gholdengo|Shadow Ball|p1a: arda guler
|-damage|p1a: arda guler|53/100
|
|-weather|SunnyDay|[upkeep]
|-heal|p2a: Gholdengo|100/100|[from] item: Leftovers
|upkeep
|turn|13
|
|t:|1757809690
|switch|p1a: maccabi|Hatterene, F|89/100
|switch|p2a: Dragapult|Dragapult, F|100/100
|-damage|p2a: Dragapult|88/100|[from] Stealth Rock
|
|-weather|SunnyDay|[upkeep]
|upkeep
|turn|14
|
|t:|1757809693
|switch|p2a: Garganacl|Garganacl, F|100/100
|-damage|p2a: Garganacl|88/100|[from] Stealth Rock
|move|p1a: maccabi|Dazzling Gleam|p2a: Garganacl
|-damage|p2a: Garganacl|62/100
|
|-weather|SunnyDay|[upkeep]
|-heal|p2a: Garganacl|68/100|[from] item: Leftovers
|upkeep
|turn|15
|
|t:|1757809698
|move|p2a: Garganacl|Salt Cure|p1a: maccabi
|-damage|p1a: maccabi|78/100
|-start|p1a: maccabi|Salt Cure
|move|p1a: maccabi|Dazzling Gleam|p2a: Garganacl
|-damage|p2a: Garganacl|41/100
|
|-weather|SunnyDay|[upkeep]
|-heal|p2a: Garganacl|47/100|[from] item: Leftovers
|-damage|p1a: maccabi|65/100|[from] Salt Cure
|upkeep
|turn|16
|
|t:|1757809708
|move|p2a: Garganacl|Salt Cure|p1a: maccabi
|-damage|p1a: maccabi|53/100
|move|p1a: maccabi|Dazzling Gleam|p2a: Garganacl
|-damage|p2a: Garganacl|22/100
|
|-weather|SunnyDay|[upkeep]
|-heal|p2a: Garganacl|29/100|[from] item: Leftovers
|-damage|p1a: maccabi|40/100|[from] Salt Cure
|upkeep
|turn|17
|
|t:|1757809711
|move|p2a: Garganacl|Recover|p2a: Garganacl
|-heal|p2a: Garganacl|79/100
|move|p1a: maccabi|Dazzling Gleam|p2a: Garganacl
|-damage|p2a: Garganacl|52/100
|
|-weather|SunnyDay|[upkeep]
|-heal|p2a: Garganacl|59/100|[from] item: Leftovers
|-damage|p1a: maccabi|28/100|[from] Salt Cure
|upkeep
|turn|18
|
|t:|1757809717
|move|p2a: Garganacl|Recover|p2a: Garganacl
|-heal|p2a: Garganacl|100/100
|move|p1a: maccabi|Healing Wish|p1a: maccabi
|faint|p1a: maccabi
|
|-weather|SunnyDay|[upkeep]
|upkeep
|
|t:|1757809721
|switch|p1a: hans vanaken|Venusaur, M|42/100
|-heal|p1a: hans vanaken|100/100|[from] move: Healing Wish
|turn|19
|
|t:|1757809735
|switch|p2a: Dragapult|Dragapult, F|88/100
|-damage|p2a: Dragapult|76/100|[from] Stealth Rock
|move|p1a: hans vanaken|Growth|p1a: hans vanaken
|-boost|p1a: hans vanaken|atk|2
|-boost|p1a: hans vanaken|spa|2
|
|-weather|none
|upkeep
|turn|20
|
|t:|1757809747
|move|p2a: Dragapult|Draco Meteor|p1a: hans vanaken
|-damage|p1a: hans vanaken|34/100
|-unboost|p2a: Dragapult|spa|2
|move|p1a: hans vanaken|Sludge Bomb|p2a: Dragapult
|-resisted|p2a: Dragapult
|-damage|p2a: Dragapult|5/100
|-damage|p1a: hans vanaken|24/100|[from] item: Life Orb
|
|upkeep
|turn|21
|
|t:|1757809764
|switch|p1a: arda guler|Ninetales, F|53/100
|-weather|SunnyDay|[from] ability: Drought|[of] p1a: arda guler
|move|p2a: Dragapult|Draco Meteor|p1a: arda guler
|-damage|p1a: arda guler|23/100
|-unboost|p2a: Dragapult|spa|2
|
|-weather|SunnyDay|[upkeep]
|upkeep
|turn|22
|
|t:|1757809782
|move|p2a: Dragapult|Draco Meteor|p1a: arda guler
|-damage|p1a: arda guler|2/100
|-unboost|p2a: Dragapult|spa|2
|move|p1a: arda guler|Healing Wish|p1a: arda guler
|faint|p1a: arda guler
|
|-weather|SunnyDay|[upkeep]
|upkeep
|
|t:|1757809789
|switch|p1a: hans vanaken|Venusaur, M|24/100
|-heal|p1a: hans vanaken|100/100|[from] move: Healing Wish
|turn|23
|
|t:|1757809794
|move|p1a: hans vanaken|Growth|p1a: hans vanaken
|-boost|p1a: hans vanaken|atk|2
|-boost|p1a: hans vanaken|spa|2
|move|p2a: Dragapult|Will-O-Wisp|p1a: hans vanaken
|-status|p1a: hans vanaken|brn
|
|-weather|SunnyDay|[upkeep]
|-damage|p1a: hans vanaken|95/100 brn|[from] brn
|upkeep
|turn|24
|
|t:|1757809801
|move|p1a: hans vanaken|Weather Ball|p2a: Dragapult
|-resisted|p2a: Dragapult
|-damage|p2a: Dragapult|0 fnt
|faint|p2a: Dragapult
|-damage|p1a: hans vanaken|85/100 brn|[from] item: Life Orb
|
|-weather|SunnyDay|[upkeep]
|-damage|p1a: hans vanaken|79/100 brn|[from] brn
|upkeep
|inactive|Yibril has 120 seconds left.
|inactive|Yibril has 90 seconds left.
|
|t:|1757809862
|switch|p2a: Kingambit|Kingambit, F|100/100
|-damage|p2a: Kingambit|94/100|[from] Stealth Rock
|-activate|p2a: Kingambit|ability: Supreme Overlord
|-start|p2a: Kingambit|fallen2|[silent]
|turn|25
|
|t:|1757809865
|move|p2a: Kingambit|Sucker Punch|p1a: hans vanaken
|-damage|p1a: hans vanaken|13/100 brn
|move|p1a: hans vanaken|Weather Ball|p2a: Kingambit
|-supereffective|p2a: Kingambit
|-damage|p2a: Kingambit|0 fnt
|faint|p2a: Kingambit
|-end|p2a: Kingambit|fallen2|[silent]
|-damage|p1a: hans vanaken|3/100 brn|[from] item: Life Orb
|
|-weather|SunnyDay|[upkeep]
|-damage|p1a: hans vanaken|0 fnt|[from] brn
|faint|p1a: hans vanaken
|upkeep
|inactive|Yibril has 90 seconds left.
|
|t:|1757809890
|switch|p1a: chama|Walking Wake|100/100
|switch|p2a: Dragonite|Dragonite, F|89/100
|-activate|p1a: chama|ability: Protosynthesis
|-start|p1a: chama|protosynthesisspa
|turn|26
|
|t:|1757809900
|move|p2a: Dragonite|Extreme Speed|p1a: chama
|-damage|p1a: chama|64/100
|move|p1a: chama|Draco Meteor|p2a: Dragonite
|-supereffective|p2a: Dragonite
|-damage|p2a: Dragonite|0 fnt
|-unboost|p1a: chama|spa|2
|faint|p2a: Dragonite
|
|-weather|SunnyDay|[upkeep]
|upkeep
|
|t:|1757809904
|switch|p2a: Garganacl|Garganacl, F|100/100
|-damage|p2a: Garganacl|88/100|[from] Stealth Rock
|turn|27
|
|t:|1757809911
|-end|p1a: chama|Protosynthesis|[silent]
|switch|p1a: lebron|Ceruledge, M|100/100
|-terastallize|p2a: Garganacl|Water
|move|p2a: Garganacl|Iron Defense|p2a: Garganacl
|-boost|p2a: Garganacl|def|2
|
|-weather|SunnyDay|[upkeep]
|-heal|p2a: Garganacl|94/100|[from] item: Leftovers
|upkeep
|turn|28
|
|t:|1757809915
|move|p1a: lebron|Swords Dance|p1a: lebron
|-boost|p1a: lebron|atk|2
|move|p2a: Garganacl|Salt Cure|p1a: lebron
|-supereffective|p1a: lebron
|-damage|p1a: lebron|61/100
|-start|p1a: lebron|Salt Cure
|-ability|p1a: lebron|Weak Armor|boost
|-unboost|p1a: lebron|def|1
|-boost|p1a: lebron|spe|2
|
|-weather|none
|-heal|p2a: Garganacl|100/100|[from] item: Leftovers
|-damage|p1a: lebron|49/100|[from] Salt Cure
|upkeep
|turn|29
|
|t:|1757809920
|move|p1a: lebron|Solar Blade||[still]
|-prepare|p1a: lebron|Solar Blade
|move|p2a: Garganacl|Salt Cure|p1a: lebron
|-supereffective|p1a: lebron
|-damage|p1a: lebron|0 fnt
|faint|p1a: lebron
|
|upkeep
|
|t:|1757809925
|switch|p1a: chama|Walking Wake|64/100
|turn|30
|
|t:|1757809931
|move|p1a: chama|Draco Meteor|p2a: Garganacl
|-damage|p2a: Garganacl|28/100
|-unboost|p1a: chama|spa|2
|move|p2a: Garganacl|Salt Cure|p1a: chama
|-damage|p1a: chama|47/100
|-start|p1a: chama|Salt Cure
|
|-heal|p2a: Garganacl|34/100|[from] item: Leftovers
|-damage|p1a: chama|23/100|[from] Salt Cure
|upkeep
|turn|31
|-message|yesterdaymister forfeited.
|
|win|Yibril
|raw|yesterdaymister's rating: 1656 &rarr; <strong>1638</strong><br />(-18 for losing)
|raw|Yibril's rating: 1691 &rarr; <strong>1709</strong><br />(+18 for winning)
|l|☆yesterdaymister
|player|p1|
|l|☆Yibril
|player|p2|
