|j|☆TheJobApplication
|j|‽Wellez
|t:|1757931155
|gametype|singles
|player|p1|TheJobApplication|1|1492
|player|p2|Wellez|1|1492
|gen|9
|tier|[Gen 9] OU
|rated|
|rule|HP Percentage Mod: HP is shown in percentages
|rule|Endless Battle Clause: Forcing endless battles is banned
|rule|Species Clause: Limit one of each Pokémon
|rule|OHKO Clause: OHKO moves are banned
|rule|Evasion Items Clause: Evasion items are banned
|rule|Evasion Moves Clause: Evasion moves are banned
|rule|Evasion Abilities Clause: Evasion abilities are banned
|rule|Sleep Moves Clause: Sleep-inducing moves are banned
|clearpoke
|poke|p1|Chandelure, F|
|poke|p1|Great Tusk|
|poke|p1|Kingambit, M|
|poke|p1|Dragapult, M|
|poke|p1|Rillaboom, M|
|poke|p1|Corviknight, F|
|poke|p2|Cinderace, M|
|poke|p2|Zapdos|
|poke|p2|Great Tusk|
|poke|p2|Darkrai|
|poke|p2|Alomomola, F|
|poke|p2|Raging Bolt|
|teampreview
|inactive|Battle timer is ON: inactive players will automatically lose when time's up. (requested by TheJobApplication)
|
|t:|1757931164
|teamsize|p1|6
|teamsize|p2|6
|start
|switch|p1a: HasFireBlast|Dragapult, M|100/100
|switch|p2a: Cinderace|Cinderace, M, shiny|100/100
|turn|1
|
|t:|1757931169
|move|p2a: Cinderace|Sucker Punch|p1a: HasFireBlast
|-start|p2a: Cinderace|typechange|Dark|[from] ability: Libero
|-supereffective|p1a: HasFireBlast
|-damage|p1a: HasFireBlast|0 fnt
|faint|p1a: HasFireBlast
|
|upkeep
|
|t:|1757931172
|switch|p1a: Aura|Corviknight, F|100/100
|-ability|p1a: Aura|Pressure
|turn|2
|
|t:|1757931177
|switch|p2a: Zapdos|Zapdos, shiny|100/100
|move|p1a: Aura|U-turn|p2a: Zapdos
|-resisted|p2a: Zapdos
|-damage|p2a: Zapdos|95/100
|
|t:|1757931184
|switch|p1a: ChanDeezy|Chandelure, F|100/100|[from] U-turn
|
|upkeep
|turn|3
|
|t:|1757931194
|move|p1a: ChanDeezy|Fire Blast|p2a: Zapdos|[miss]
|-miss|p1a: ChanDeezy|p2a: Zapdos
|move|p2a: Zapdos|Volt Switch|p1a: ChanDeezy
|-damage|p1a: ChanDeezy|61/100
|
|t:|1757931213
|switch|p2a: Cinderace|Cinderace, M, shiny|100/100|[from] Volt Switch
|
|upkeep
|turn|4
|
|t:|1757931221
|switch|p1a: Aura|Corviknight, F|100/100
|-ability|p1a: Aura|Pressure
|move|p2a: Cinderace|Gunk Shot|p1a: Aura
|-start|p2a: Cinderace|typechange|Poison|[from] ability: Libero
|-immune|p1a: Aura
|
|upkeep
|turn|5
|
|t:|1757931227
|switch|p2a: Zapdos|Zapdos, shiny|95/100
|move|p1a: Aura|Brave Bird|p2a: Zapdos
|-resisted|p2a: Zapdos
|-damage|p2a: Zapdos|83/100
|-status|p1a: Aura|par|[from] ability: Static|[of] p2a: Zapdos
|-damage|p1a: Aura|96/100 par|[from] Recoil
|
|upkeep
|turn|6
|
|t:|1757931241
|switch|p1a: Massive Tusk|Great Tusk|100/100
|-enditem|p1a: Massive Tusk|Booster Energy
|-activate|p1a: Massive Tusk|ability: Protosynthesis|[fromitem]
|-start|p1a: Massive Tusk|protosynthesisatk
|move|p2a: Zapdos|Hurricane|p1a: Massive Tusk
|-supereffective|p1a: Massive Tusk
|-damage|p1a: Massive Tusk|0 fnt
|faint|p1a: Massive Tusk
|-end|p1a: Massive Tusk|Protosynthesis|[silent]
|
|upkeep
|
|t:|1757931246
|switch|p1a: ChanDeezy|Chandelure, F|61/100
|turn|7
|
|t:|1757931250
|switch|p2a: Alomomola|Alomomola, F|100/100
|move|p1a: ChanDeezy|Fire Blast|p2a: Alomomola|[miss]
|-miss|p1a: ChanDeezy|p2a: Alomomola
|
|upkeep
|turn|8
|
|t:|1757931256
|switch|p1a: BoogaBooga|Rillaboom, M|100/100
|-fieldstart|move: Grassy Terrain|[from] ability: Grassy Surge|[of] p1a: BoogaBooga
|move|p2a: Alomomola|Flip Turn|p1a: BoogaBooga
|-resisted|p1a: BoogaBooga
|-damage|p1a: BoogaBooga|92/100
|
|t:|1757931262
|switch|p2a: Raging Bolt|Raging Bolt|100/100|[from] Flip Turn
|
|-heal|p1a: BoogaBooga|98/100|[from] Grassy Terrain
|upkeep
|turn|9
|
|t:|1757931270
|move|p1a: BoogaBooga|U-turn|p2a: Raging Bolt
|-damage|p2a: Raging Bolt|70/100
|
|t:|1757931275
|switch|p1a: ChanDeezy|Chandelure, F|61/100|[from] U-turn
|move|p2a: Raging Bolt|Draco Meteor|p1a: ChanDeezy
|-crit|p1a: ChanDeezy
|-damage|p1a: ChanDeezy|0 fnt
|-unboost|p2a: Raging Bolt|spa|2
|faint|p1a: ChanDeezy
|
|-heal|p2a: Raging Bolt|76/100|[from] Grassy Terrain
|upkeep
|
|t:|1757931277
|switch|p1a: Bail Out|Kingambit, M|100/100
|-activate|p1a: Bail Out|ability: Supreme Overlord
|-start|p1a: Bail Out|fallen3|[silent]
|turn|10
|
|t:|1757931283
|-end|p2a: Raging Bolt|Protosynthesis|[silent]
|switch|p2a: Great Tusk|Great Tusk|100/100
|move|p1a: Bail Out|Swords Dance|p1a: Bail Out
|-boost|p1a: Bail Out|atk|2
|
|upkeep
|turn|11
|
|t:|1757931288
|-terastallize|p1a: Bail Out|Flying
|move|p2a: Great Tusk|Body Press|p1a: Bail Out
|-resisted|p1a: Bail Out
|-damage|p1a: Bail Out|85/100
|move|p1a: Bail Out|Kowtow Cleave|p2a: Great Tusk
|-resisted|p2a: Great Tusk
|-damage|p2a: Great Tusk|65/100
|
|-heal|p2a: Great Tusk|71/100|[from] Grassy Terrain
|-heal|p2a: Great Tusk|77/100|[from] item: Leftovers
|upkeep
|turn|12
|
|t:|1757931297
|-end|p2a: Great Tusk|Protosynthesis|[silent]
|switch|p2a: Zapdos|Zapdos, shiny|83/100
|move|p1a: Bail Out|Swords Dance|p1a: Bail Out
|-boost|p1a: Bail Out|atk|2
|
|-fieldend|move: Grassy Terrain
|upkeep
|turn|13
|
|t:|1757931302
|move|p1a: Bail Out|Sucker Punch||[still]
|-fail|p1a: Bail Out
|move|p2a: Zapdos|Roost|p2a: Zapdos
|-heal|p2a: Zapdos|100/100
|-singleturn|p2a: Zapdos|move: Roost
|
|upkeep
|turn|14
|
|t:|1757931305
|move|p1a: Bail Out|Sucker Punch|p2a: Zapdos
|-damage|p2a: Zapdos|0 fnt
|-status|p1a: Bail Out|par|[from] ability: Static|[of] p2a: Zapdos
|faint|p2a: Zapdos
|
|upkeep
|
|t:|1757931309
|switch|p2a: Raging Bolt|Raging Bolt|76/100
|turn|15
|
|t:|1757931322
|move|p2a: Raging Bolt|Thunderclap|p1a: Bail Out
|-supereffective|p1a: Bail Out
|-damage|p1a: Bail Out|0 fnt
|faint|p1a: Bail Out
|-end|p1a: Bail Out|fallen3|[silent]
|
|upkeep
|
|t:|1757931325
|switch|p1a: BoogaBooga|Rillaboom, M|98/100
|-fieldstart|move: Grassy Terrain|[from] ability: Grassy Surge|[of] p1a: BoogaBooga
|turn|16
|
|t:|1757931340
|-end|p2a: Raging Bolt|Protosynthesis|[silent]
|switch|p2a: Great Tusk|Great Tusk|77/100
|move|p1a: BoogaBooga|Grassy Glide|p2a: Great Tusk
|-supereffective|p2a: Great Tusk
|-damage|p2a: Great Tusk|22/100
|
|-heal|p1a: BoogaBooga|100/100|[from] Grassy Terrain
|-heal|p2a: Great Tusk|28/100|[from] Grassy Terrain
|-heal|p2a: Great Tusk|34/100|[from] item: Leftovers
|upkeep
|turn|17
|
|t:|1757931345
|move|p1a: BoogaBooga|Grassy Glide|p2a: Great Tusk
|-supereffective|p2a: Great Tusk
|-damage|p2a: Great Tusk|0 fnt
|faint|p2a: Great Tusk
|-end|p2a: Great Tusk|Protosynthesis|[silent]
|
|upkeep
|
|t:|1757931349
|switch|p2a: Raging Bolt|Raging Bolt|76/100
|turn|18
|
|t:|1757931355
|switch|p1a: Aura|Corviknight, F|96/100 par
|-ability|p1a: Aura|Pressure
|move|p2a: Raging Bolt|Volt Switch|p1a: Aura
|-supereffective|p1a: Aura
|-damage|p1a: Aura|0 fnt
|faint|p1a: Aura
|l|☆TheJobApplication
|inactive|TheJobApplication disconnected and has a minute to reconnect!
|player|p1|
|
|t:|1757931359
|-end|p2a: Raging Bolt|Protosynthesis|[silent]
|switch|p2a: Cinderace|Cinderace, M, shiny|100/100|[from] Volt Switch
|
|upkeep
|inactive|TheJobApplication has 30 seconds to reconnect!
|inactive|TheJobApplication has 20 seconds to reconnect!
|inactive|TheJobApplication has 15 seconds to reconnect!
|inactive|TheJobApplication has 10 seconds to reconnect!
|inactive|TheJobApplication has 5 seconds to reconnect!
|-message|TheJobApplication lost due to inactivity.
|
|win|Wellez
|raw|TheJobApplication's rating: 1492 &rarr; <strong>1472</strong><br />(-20 for losing)
|raw|Wellez's rating: 1492 &rarr; <strong>1512</strong><br />(+20 for winning)
|l|‽Wellez
|player|p2|
