|j|☆isaac_lmaoo
|j|☆galaaxyz25
|t:|1757844196
|gametype|singles
|player|p1|isaac_lmaoo|lucas|1240
|player|p2|galaaxyz25|cynthia-gen4|1184
|gen|9
|tier|[Gen 9] OU
|rated|
|rule|HP Percentage Mod: HP is shown in percentages
|rule|Endless Battle Clause: Forcing endless battles is banned
|rule|Species Clause: Limit one of each Pokémon
|rule|OHKO Clause: OHKO moves are banned
|rule|Evasion Items Clause: Evasion items are banned
|rule|Evasion Moves Clause: Evasion moves are banned
|rule|Evasion Abilities Clause: Evasion abilities are banned
|rule|Sleep Moves Clause: Sleep-inducing moves are banned
|clearpoke
|poke|p1|Yanmega, F|
|poke|p1|Ogerpon, F|
|poke|p1|Hydreigon, M|
|poke|p1|Magnezone|
|poke|p1|Conkeldurr, M|
|poke|p1|Minior|
|poke|p2|Alomomola, F|
|poke|p2|Dragalge, M|
|poke|p2|Lokix, F|
|poke|p2|Great Tusk|
|poke|p2|Gholdengo|
|poke|p2|Moltres|
|teampreview
|inactive|Battle timer is ON: inactive players will automatically lose when time's up. (requested by isaac_lmaoo)
|
|t:|1757844212
|teamsize|p1|6
|teamsize|p2|6
|start
|switch|p1a: Spectacles|Yanmega, F, shiny|100/100
|switch|p2a: Lokix|Lokix, F|100/100
|turn|1
|
|t:|1757844221
|switch|p2a: Alomomola|Alomomola, F|100/100
|move|p1a: Spectacles|Air Slash|p2a: Alomomola
|-damage|p2a: Alomomola|73/100
|
|upkeep
|turn|2
|c|☆isaac_lmaoo|is that assault vest or am i overestimating yanmega
|
|t:|1757844250
|move|p1a: Spectacles|Air Slash|p2a: Alomomola
|-damage|p2a: Alomomola|42/100
|cant|p2a: Alomomola|flinch
|
|upkeep
|turn|3
|
|t:|1757844252
|switch|p2a: Gholdengo|Gholdengo|100/100
|move|p1a: Spectacles|Air Slash|p2a: Gholdengo|[miss]
|-miss|p1a: Spectacles|p2a: Gholdengo
|
|upkeep
|turn|4
|
|t:|1757844263
|switch|p1a: DefHydreigon|Hydreigon, M, shiny|100/100
|move|p2a: Gholdengo|Shadow Ball|p1a: DefHydreigon
|-resisted|p1a: DefHydreigon
|-damage|p1a: DefHydreigon|77/100
|
|upkeep
|turn|5
|
|t:|1757844278
|switch|p2a: Moltres|Moltres|100/100
|move|p1a: DefHydreigon|Scale Shot|p2a: Moltres
|-damage|p2a: Moltres|89/100
|-damage|p2a: Moltres|78/100
|-damage|p2a: Moltres|65/100
|-damage|p2a: Moltres|52/100
|-hitcount|p2a: Moltres|4
|-unboost|p1a: DefHydreigon|def|1
|-boost|p1a: DefHydreigon|spe|1
|
|upkeep
|turn|6
|
|t:|1757844284
|move|p1a: DefHydreigon|Scale Shot|p2a: Moltres
|-damage|p2a: Moltres|40/100
|-damage|p2a: Moltres|27/100
|-damage|p2a: Moltres|16/100
|-damage|p2a: Moltres|5/100
|-damage|p2a: Moltres|0 fnt
|faint|p2a: Moltres
|-hitcount|p2: Moltres|5
|-unboost|p1a: DefHydreigon|def|1
|-boost|p1a: DefHydreigon|spe|1
|
|upkeep
|
|t:|1757844290
|switch|p2a: Great Tusk|Great Tusk|100/100
|turn|7
|
|t:|1757844294
|move|p1a: DefHydreigon|Zen Headbutt|p2a: Great Tusk
|-supereffective|p2a: Great Tusk
|-damage|p2a: Great Tusk|62/100
|cant|p2a: Great Tusk|flinch
|
|upkeep
|turn|8
|
|t:|1757844298
|move|p1a: DefHydreigon|Zen Headbutt|p2a: Great Tusk
|-supereffective|p2a: Great Tusk
|-damage|p2a: Great Tusk|26/100
|move|p2a: Great Tusk|Ice Spinner|p1a: DefHydreigon
|-supereffective|p1a: DefHydreigon
|-damage|p1a: DefHydreigon|0 fnt
|faint|p1a: DefHydreigon
|
|upkeep
|
|t:|1757844305
|switch|p1a: Spectacles|Yanmega, F, shiny|100/100
|turn|9
|
|t:|1757844312
|-end|p2a: Great Tusk|Protosynthesis|[silent]
|switch|p2a: Gholdengo|Gholdengo|100/100
|move|p1a: Spectacles|Air Slash|p2a: Gholdengo
|-resisted|p2a: Gholdengo
|-damage|p2a: Gholdengo|41/100
|
|upkeep
|turn|10
|c|☆galaaxyz25|Wtf
|c|☆isaac_lmaoo|!dt tinted lens
|raw|<ul class="utilichart"><li class="result"><span class="col namecol"><a href="https://dex.pokemonshowdown.com/abilities/tintedlens">Tinted Lens</a></span> <span class="col abilitydesccol">This Pokemon's attacks that are not very effective on a target deal double damage.</span> </li><li style="clear:both"></li></ul>
|raw|<font size="1"><font color="#686868">Gen:</font> 4</font>

|
|t:|1757844331
|switch|p2a: Alomomola|Alomomola, F|75/100
|move|p1a: Spectacles|Air Slash|p2a: Alomomola
|-damage|p2a: Alomomola|43/100
|
|upkeep
|turn|11
|
|t:|1757844337
|move|p1a: Spectacles|Air Slash|p2a: Alomomola
|-damage|p2a: Alomomola|15/100
|move|p2a: Alomomola|Mirror Coat|p1a: Spectacles
|-damage|p1a: Spectacles|16/100
|
|upkeep
|turn|12
|
|t:|1757844341
|switch|p2a: Gholdengo|Gholdengo|41/100
|move|p1a: Spectacles|Air Slash|p2a: Gholdengo
|-resisted|p2a: Gholdengo
|-damage|p2a: Gholdengo|0 fnt
|faint|p2a: Gholdengo
|
|upkeep
|
|t:|1757844344
|switch|p2a: Lokix|Lokix, F|100/100
|turn|13
|
|t:|1757844349
|switch|p1a: crying baby|Magnezone|100/100
|move|p2a: Lokix|First Impression|p1a: crying baby
|-resisted|p1a: crying baby
|-damage|p1a: crying baby|41/100
|
|upkeep
|turn|14
|
|t:|1757844366
|switch|p2a: Dragalge|Dragalge, M|100/100
|move|p1a: crying baby|Flash Cannon|p2a: Dragalge
|-damage|p2a: Dragalge|26/100
|
|upkeep
|turn|15
|
|t:|1757844374
|switch|p2a: Alomomola|Alomomola, F|49/100
|move|p1a: crying baby|Flash Cannon|p2a: Alomomola
|-resisted|p2a: Alomomola
|-damage|p2a: Alomomola|23/100
|
|upkeep
|turn|16
|
|t:|1757844381
|switch|p2a: Dragalge|Dragalge, M|26/100
|move|p1a: crying baby|Flash Cannon|p2a: Dragalge
|-damage|p2a: Dragalge|0 fnt
|faint|p2a: Dragalge
|
|upkeep
|
|t:|1757844383
|switch|p2a: Lokix|Lokix, F|100/100
|turn|17
|
|t:|1757844390
|switch|p1a: Conkeldurr|Conkeldurr, M|100/100
|move|p2a: Lokix|First Impression|p1a: Conkeldurr
|-resisted|p1a: Conkeldurr
|-damage|p1a: Conkeldurr|54/100
|
|-status|p1a: Conkeldurr|brn|[from] item: Flame Orb
|upkeep
|turn|18
|
|t:|1757844394
|switch|p2a: Alomomola|Alomomola, F|56/100
|move|p1a: Conkeldurr|Drain Punch|p2a: Alomomola
|-damage|p2a: Alomomola|17/100
|-heal|p1a: Conkeldurr|80/100 brn|[from] drain|[of] p2a: Alomomola
|
|-damage|p1a: Conkeldurr|74/100 brn|[from] brn
|upkeep
|turn|19
|
|t:|1757844402
|move|p1a: Conkeldurr|Mach Punch|p2a: Alomomola
|-damage|p2a: Alomomola|0 fnt
|faint|p2a: Alomomola
|
|-damage|p1a: Conkeldurr|68/100 brn|[from] brn
|upkeep
|
|t:|1757844406
|switch|p2a: Lokix|Lokix, F|100/100
|turn|20
|
|t:|1757844409
|move|p2a: Lokix|Lunge|p1a: Conkeldurr
|-resisted|p1a: Conkeldurr
|-damage|p1a: Conkeldurr|27/100 brn
|-unboost|p1a: Conkeldurr|atk|1
|move|p1a: Conkeldurr|Drain Punch|p2a: Lokix
|-damage|p2a: Lokix|42/100
|-heal|p1a: Conkeldurr|51/100 brn|[from] drain|[of] p2a: Lokix
|
|-damage|p1a: Conkeldurr|45/100 brn|[from] brn
|upkeep
|turn|21
|
|t:|1757844414
|move|p2a: Lokix|Lunge|p1a: Conkeldurr
|-resisted|p1a: Conkeldurr
|-crit|p1a: Conkeldurr
|-damage|p1a: Conkeldurr|0 fnt
|faint|p1a: Conkeldurr
|
|upkeep
|
|t:|1757844419
|switch|p1a: Spectacles|Yanmega, F, shiny|16/100
|turn|22
|
|t:|1757844426
|move|p1a: Spectacles|Bug Buzz|p2a: Lokix
|-supereffective|p2a: Lokix
|-damage|p2a: Lokix|0 fnt
|faint|p2a: Lokix
|
|upkeep
|
|t:|1757844428
|switch|p2a: Great Tusk|Great Tusk|26/100
|turn|23
|
|t:|1757844432
|move|p1a: Spectacles|Bug Buzz|p2a: Great Tusk
|-resisted|p2a: Great Tusk
|-damage|p2a: Great Tusk|0 fnt
|faint|p2a: Great Tusk
|-end|p2a: Great Tusk|Protosynthesis|[silent]
|
|win|isaac_lmaoo
|raw|isaac_lmaoo's rating: 1240 &rarr; <strong>1261</strong><br />(+21 for winning)
|raw|galaaxyz25's rating: 1184 &rarr; <strong>1163</strong><br />(-21 for losing)
|l|☆galaaxyz25
|player|p2|
|l|☆isaac_lmaoo
|player|p1|
