|j|☆TAT_Yangyu
|j|☆wash23
|t:|1757937080
|gametype|singles
|player|p1|TAT_Yangyu|grimsley-gen7|1176
|player|p2|wash23|maxie-gen6|1134
|gen|9
|tier|[Gen 9] OU
|rated|
|rule|HP Percentage Mod: HP is shown in percentages
|rule|Endless Battle Clause: Forcing endless battles is banned
|rule|Species Clause: Limit one of each Pokémon
|rule|OHKO Clause: OHKO moves are banned
|rule|Evasion Items Clause: Evasion items are banned
|rule|Evasion Moves Clause: Evasion moves are banned
|rule|Evasion Abilities Clause: Evasion abilities are banned
|rule|Sleep Moves Clause: Sleep-inducing moves are banned
|clearpoke
|poke|p1|Samurott-Hisui, M|
|poke|p1|Kingambit, M|
|poke|p1|Mimikyu, M|
|poke|p1|Dragapult, F|
|poke|p1|Gliscor, M|
|poke|p1|Incineroar, M|
|poke|p2|Dragonite, F|
|poke|p2|Greninja-*, M|
|poke|p2|Hawlucha, M|
|poke|p2|Malamar, F|
|poke|p2|Delphox, F|
|poke|p2|Chesnaught, F|
|teampreview
|inactive|Battle timer is ON: inactive players will automatically lose when time's up. (requested by wash23)
|inactive|TAT_Yangyu also wants the timer to be on.
|inactive|TAT_Yangyu has 120 seconds left.
|
|t:|1757937120
|teamsize|p1|6
|teamsize|p2|6
|start
|switch|p1a: Samurott|Samurott-Hisui, M|100/100
|switch|p2a: Greninja|Greninja, M|100/100
|turn|1
|
|t:|1757937139
|switch|p2a: Hawlucha|Hawlucha, M|100/100
|move|p1a: Samurott|Sacred Sword|p2a: Hawlucha
|-resisted|p2a: Hawlucha
|-damage|p2a: Hawlucha|66/100
|-enditem|p2a: Hawlucha|Red Card|[of] p1a: Samurott
|drag|p1a: Incineroar|Incineroar, M|100/100
|-ability|p1a: Incineroar|Intimidate|boost
|-unboost|p2a: Hawlucha|atk|1
|
|upkeep
|turn|2
|inactive|TAT_Yangyu has 120 seconds left.
|
|t:|1757937173
|switch|p1a: Gliscor|Gliscor, M|100/100
|move|p2a: Hawlucha|Swords Dance|p2a: Hawlucha
|-boost|p2a: Hawlucha|atk|2
|
|-status|p1a: Gliscor|tox|[from] item: Toxic Orb
|upkeep
|turn|3
|
|t:|1757937189
|move|p2a: Hawlucha|Swords Dance|p2a: Hawlucha
|-boost|p2a: Hawlucha|atk|2
|move|p1a: Gliscor|Toxic|p2a: Hawlucha
|-status|p2a: Hawlucha|tox
|
|-damage|p2a: Hawlucha|60/100 tox|[from] psn
|upkeep
|turn|4
|inactive|TAT_Yangyu has 120 seconds left.
|l|☆TAT_Yangyu
|inactive|TAT_Yangyu disconnected and has a minute to reconnect!
|player|p1|
|inactive|TAT_Yangyu has 30 seconds to reconnect!
|inactive|TAT_Yangyu has 20 seconds to reconnect!
|inactive|TAT_Yangyu has 15 seconds to reconnect!
|j|☆TAT_Yangyu
|inactive|TAT_Yangyu reconnected and has 70 seconds left.
|player|p1|TAT_Yangyu|grimsley-gen7|
|inactive|TAT_Yangyu has 60 seconds left.
|
|t:|1757937265
|-terastallize|p2a: Hawlucha|Flying
|move|p1a: Gliscor|Protect|p1a: Gliscor
|-singleturn|p1a: Gliscor|Protect
|move|p2a: Hawlucha|Acrobatics|p1a: Gliscor
|-activate|p1a: Gliscor|move: Protect
|
|-damage|p2a: Hawlucha|48/100 tox|[from] psn
|upkeep
|turn|5
|inactive|TAT_Yangyu has 60 seconds left.
|
|t:|1757937280
|move|p2a: Hawlucha|Acrobatics|p1a: Gliscor
|-damage|p1a: Gliscor|0 fnt
|faint|p1a: Gliscor
|
|-damage|p2a: Hawlucha|30/100 tox|[from] psn
|upkeep
|inactive|TAT_Yangyu has 60 seconds left.
|
|t:|1757937287
|switch|p1a: Kingambit|Kingambit, M|100/100
|-activate|p1a: Kingambit|ability: Supreme Overlord
|-start|p1a: Kingambit|fallen1|[silent]
|turn|6
|
|t:|1757937290
|move|p1a: Kingambit|Sucker Punch||[still]
|-fail|p1a: Kingambit
|move|p2a: Hawlucha|Encore|p1a: Kingambit
|-start|p1a: Kingambit|Encore
|
|-damage|p2a: Hawlucha|6/100 tox|[from] psn
|upkeep
|turn|7
|
|t:|1757937296
|switch|p2a: Chesnaught|Chesnaught, F|100/100
|move|p1a: Kingambit|Sucker Punch||[still]
|-fail|p1a: Kingambit
|
|upkeep
|turn|8
|
|t:|1757937304
|-end|p1a: Kingambit|fallen1|[silent]
|switch|p1a: Incineroar|Incineroar, M|100/100
|-ability|p1a: Incineroar|Intimidate|boost
|-unboost|p2a: Chesnaught|atk|1
|move|p2a: Chesnaught|Body Press|p1a: Incineroar
|-supereffective|p1a: Incineroar
|-damage|p1a: Incineroar|12/100
|
|upkeep
|turn|9
|inactive|TAT_Yangyu has 90 seconds left.
|
|t:|1757937321
|switch|p2a: Greninja|Greninja, M|100/100
|switch|p1a: Dragapult|Dragapult, F|100/100
|
|upkeep
|turn|10
|inactive|TAT_Yangyu has 90 seconds left.
|l|☆TAT_Yangyu
|inactive|TAT_Yangyu disconnected and has a minute to reconnect!
|player|p1|
|j|☆TAT_Yangyu
|inactive|TAT_Yangyu reconnected and has 55 seconds left.
|player|p1|TAT_Yangyu|grimsley-gen7|
|
|t:|1757937366
|switch|p1a: Incineroar|Incineroar, M|12/100
|-ability|p1a: Incineroar|Intimidate|boost
|-unboost|p2a: Greninja|atk|1
|move|p2a: Greninja|Dark Pulse|p1a: Incineroar
|-resisted|p1a: Incineroar
|-damage|p1a: Incineroar|0 fnt
|faint|p1a: Incineroar
|-ability|p2a: Greninja|Battle Bond|boost
|-boost|p2a: Greninja|atk|1
|-boost|p2a: Greninja|spa|1
|-boost|p2a: Greninja|spe|1
|-activate|p2a: Greninja|ability: Battle Bond
|-damage|p2a: Greninja|91/100|[from] item: Life Orb
|
|upkeep
|
|t:|1757937388
|switch|p1a: Dragapult|Dragapult, F|100/100
|turn|11
|
|t:|1757937395
|move|p1a: Dragapult|Thunderbolt|p2a: Greninja
|-supereffective|p2a: Greninja
|-damage|p2a: Greninja|9/100
|move|p2a: Greninja|Dark Pulse|p1a: Dragapult
|-supereffective|p1a: Dragapult
|-damage|p1a: Dragapult|0 fnt
|faint|p1a: Dragapult
|-damage|p2a: Greninja|0 fnt|[from] item: Life Orb
|faint|p2a: Greninja
|
|upkeep
|
|t:|1757937408
|switch|p1a: Samurott|Samurott-Hisui, M|100/100
|switch|p2a: Malamar|Malamar, F|100/100
|turn|12
|
|t:|1757937417
|move|p1a: Samurott|Ceaseless Edge|p2a: Malamar
|-damage|p2a: Malamar|36/100
|-sidestart|p2: wash23|Spikes
|-damage|p1a: Samurott|91/100|[from] item: Life Orb
|move|p2a: Malamar|Superpower|p1a: Samurott
|-supereffective|p1a: Samurott
|-damage|p1a: Samurott|0 fnt
|-boost|p2a: Malamar|atk|1
|-boost|p2a: Malamar|def|1
|faint|p1a: Samurott
|
|upkeep
|
|t:|1757937426
|switch|p1a: Kingambit|Kingambit, M|100/100
|-activate|p1a: Kingambit|ability: Supreme Overlord
|-start|p1a: Kingambit|fallen4|[silent]
|turn|13
|
|t:|1757937438
|switch|p2a: Chesnaught|Chesnaught, F|100/100
|-damage|p2a: Chesnaught|88/100|[from] Spikes
|move|p1a: Kingambit|Sucker Punch||[still]
|-fail|p1a: Kingambit
|
|upkeep
|turn|14
|
|t:|1757937450
|-end|p1a: Kingambit|fallen4|[silent]
|switch|p1a: Mimikyu|Mimikyu, M|100/100
|move|p2a: Chesnaught|Knock Off|p1a: Mimikyu
|-activate|p1a: Mimikyu|ability: Disguise
|-damage|p1a: Mimikyu|100/100
|-enditem|p1a: Mimikyu|Leftovers|[from] move: Knock Off|[of] p2a: Chesnaught
|detailschange|p1a: Mimikyu|Mimikyu-Busted, M
|-damage|p1a: Mimikyu|88/100|[from] pokemon: Mimikyu-Busted
|
|upkeep
|turn|15
|
|t:|1757937469
|switch|p2a: Malamar|Malamar, F|36/100
|-damage|p2a: Malamar|23/100|[from] Spikes
|move|p1a: Mimikyu|Curse|p2a: Malamar
|-start|p2a: Malamar|Curse|[of] p1a: Mimikyu
|-damage|p1a: Mimikyu|38/100
|
|-damage|p2a: Malamar|0 fnt|[from] Curse
|faint|p2a: Malamar
|upkeep
|
|t:|1757937473
|switch|p2a: Delphox|Delphox, F|100/100
|-damage|p2a: Delphox|88/100|[from] Spikes
|turn|16
|inactive|TAT_Yangyu has 60 seconds left.
|
|t:|1757937484
|move|p2a: Delphox|Fire Blast|p1a: Mimikyu
|-damage|p1a: Mimikyu|0 fnt
|faint|p1a: Mimikyu
|
|upkeep
|
|t:|1757937488
|switch|p1a: Kingambit|Kingambit, M|100/100
|-activate|p1a: Kingambit|ability: Supreme Overlord
|-start|p1a: Kingambit|fallen5|[silent]
|turn|17
|inactive|TAT_Yangyu has 60 seconds left.
|
|t:|1757937498
|-terastallize|p1a: Kingambit|Dark
|move|p1a: Kingambit|Sucker Punch|p2a: Delphox
|-supereffective|p2a: Delphox
|-damage|p2a: Delphox|0 fnt
|faint|p2a: Delphox
|
|upkeep
|
|t:|1757937503
|switch|p2a: Chesnaught|Chesnaught, F|88/100
|-damage|p2a: Chesnaught|76/100|[from] Spikes
|turn|18
|
|t:|1757937508
|move|p1a: Kingambit|Sucker Punch|p2a: Chesnaught
|-resisted|p2a: Chesnaught
|-damage|p2a: Chesnaught|49/100
|-damage|p1a: Kingambit|84/100|[from] item: Rocky Helmet|[of] p2a: Chesnaught
|move|p2a: Chesnaught|Body Press|p1a: Kingambit
|-supereffective|p1a: Kingambit
|-damage|p1a: Kingambit|25/100
|
|upkeep
|turn|19
|
|t:|1757937516
|move|p1a: Kingambit|Sucker Punch|p2a: Chesnaught
|-resisted|p2a: Chesnaught
|-damage|p2a: Chesnaught|24/100
|-damage|p1a: Kingambit|9/100|[from] item: Rocky Helmet|[of] p2a: Chesnaught
|move|p2a: Chesnaught|Body Press|p1a: Kingambit
|-supereffective|p1a: Kingambit
|-damage|p1a: Kingambit|0 fnt
|faint|p1a: Kingambit
|-end|p1a: Kingambit|fallen5|[silent]
|
|win|wash23
|raw|TAT_Yangyu's rating: 1176 &rarr; <strong>1148</strong><br />(-28 for losing)
|raw|wash23's rating: 1134 &rarr; <strong>1162</strong><br />(+28 for winning)
|l|☆TAT_Yangyu
|player|p1|
