|j|☆ripwal11
|j|☆bxjjne c
|t:|1757886675
|gametype|singles
|player|p1|ripwal11|265|1216
|player|p2|bxjjne c|102|1249
|gen|9
|tier|[Gen 9] OU
|rated|
|rule|HP Percentage Mod: HP is shown in percentages
|rule|Endless Battle Clause: Forcing endless battles is banned
|rule|Species Clause: Limit one of each Pokémon
|rule|OHKO Clause: OHKO moves are banned
|rule|Evasion Items Clause: Evasion items are banned
|rule|Evasion Moves Clause: Evasion moves are banned
|rule|Evasion Abilities Clause: Evasion abilities are banned
|rule|Sleep Moves Clause: Sleep-inducing moves are banned
|clearpoke
|poke|p1|Indeedee, M|
|poke|p1|Hatterene, F|
|poke|p1|Ursaluna, F|
|poke|p1|Iron Hands|
|poke|p1|Hoopa-Unbound|
|poke|p1|Mimikyu, F|
|poke|p2|Kyurem|
|poke|p2|Corviknight, M|
|poke|p2|Heatran, M|
|poke|p2|Ninetales-Alola, F|
|poke|p2|Great Tusk|
|poke|p2|Ursaluna, F|
|teampreview
|inactive|Battle timer is ON: inactive players will automatically lose when time's up. (requested by bxjjne c)
|
|t:|1757886683
|teamsize|p1|6
|teamsize|p2|6
|start
|switch|p1a: LEBRON|Iron Hands, shiny|100/100
|switch|p2a: Ninetales|Ninetales-Alola, F|100/100
|-weather|Snowscape|[from] ability: Snow Warning|[of] p2a: Ninetales
|-enditem|p1a: LEBRON|Booster Energy
|-activate|p1a: LEBRON|ability: Quark Drive|[fromitem]
|-start|p1a: LEBRON|quarkdriveatk
|turn|1
|c|☆ripwal11|don't aurora veil
|c|☆bxjjne c|Why
|
|t:|1757886699
|move|p2a: Ninetales|Aurora Veil|p2a: Ninetales
|-sidestart|p2: bxjjne c|move: Aurora Veil
|move|p1a: LEBRON|Heavy Slam|p2a: Ninetales
|-supereffective|p2a: Ninetales
|-damage|p2a: Ninetales|0 fnt
|faint|p2a: Ninetales
|
|-weather|Snowscape|[upkeep]
|upkeep
|c|☆ripwal11|that's why
|
|t:|1757886705
|switch|p2a: Heatran|Heatran, M|100/100
|turn|2
|
|t:|1757886712
|-terastallize|p2a: Heatran|Ghost
|move|p2a: Heatran|Scorching Sands|p1a: LEBRON
|-supereffective|p1a: LEBRON
|-damage|p1a: LEBRON|60/100
|move|p1a: LEBRON|Close Combat|p2a: Heatran
|-immune|p2a: Heatran
|
|-weather|Snowscape|[upkeep]
|upkeep
|turn|3
|
|t:|1757886732
|-end|p1a: LEBRON|Quark Drive|[silent]
|switch|p1a: Crashout YN|Ursaluna, F, shiny|100/100
|move|p2a: Heatran|Scorching Sands|p1a: Crashout YN
|-damage|p1a: Crashout YN|78/100
|-status|p1a: Crashout YN|brn
|
|-weather|Snowscape|[upkeep]
|-damage|p1a: Crashout YN|72/100 brn|[from] brn
|upkeep
|turn|4
|
|t:|1757886746
|move|p2a: Heatran|Flash Cannon|p1a: Crashout YN
|-damage|p1a: Crashout YN|34/100 brn
|move|p1a: Crashout YN|Headlong Rush|p2a: Heatran
|-damage|p2a: Heatran|55/100
|-unboost|p1a: Crashout YN|def|1
|-unboost|p1a: Crashout YN|spd|1
|
|-weather|Snowscape|[upkeep]
|-damage|p1a: Crashout YN|28/100 brn|[from] brn
|upkeep
|turn|5
|
|t:|1757886762
|switch|p1a: Subaru|Indeedee, M, shiny|100/100
|-fieldstart|move: Psychic Terrain|[from] ability: Psychic Surge|[of] p1a: Subaru
|move|p2a: Heatran|Flash Cannon|p1a: Subaru
|-damage|p1a: Subaru|47/100
|
|-weather|none
|upkeep
|turn|6
|
|t:|1757886771
|switch|p1a: King Von|Hoopa-Unbound|100/100
|-enditem|p1a: King Von|Psychic Seed
|-boost|p1a: King Von|spd|1|[from] item: Psychic Seed
|move|p2a: Heatran|Flash Cannon|p1a: King Von
|-damage|p1a: King Von|77/100
|
|upkeep
|turn|7
|
|t:|1757886780
|move|p2a: Heatran|Lava Plume|p1a: King Von
|-damage|p1a: King Von|53/100
|move|p1a: King Von|Trick Room|p1a: King Von
|-fieldstart|move: Trick Room|[of] p1a: King Von
|
|upkeep
|turn|8
|
|t:|1757886788
|move|p1a: King Von|Hyperspace Fury|p2a: Heatran
|-supereffective|p2a: Heatran
|-damage|p2a: Heatran|11/100
|-unboost|p1a: King Von|def|1
|-item|p1a: King Von|Assault Vest|[from] ability: Magician|[of] p2a: Heatran
|move|p2a: Heatran|Lava Plume|p1a: King Von
|-damage|p1a: King Von|37/100
|-status|p1a: King Von|brn
|
|-damage|p1a: King Von|31/100 brn|[from] brn
|-sideend|p2: bxjjne c|move: Aurora Veil
|upkeep
|turn|9
|
|t:|1757886802
|switch|p2a: Corviknight|Corviknight, M|100/100
|move|p1a: King Von|Expanding Force|p2a: Corviknight
|-resisted|p2a: Corviknight
|-damage|p2a: Corviknight|55/100
|
|-damage|p1a: King Von|25/100 brn|[from] brn
|upkeep
|turn|10
|
|t:|1757886811
|-terastallize|p1a: King Von|Psychic
|move|p1a: King Von|Expanding Force|p2a: Corviknight
|-resisted|p2a: Corviknight
|-damage|p2a: Corviknight|0 fnt
|faint|p2a: Corviknight
|
|-damage|p1a: King Von|19/100 brn|[from] brn
|upkeep
|
|t:|1757886828
|switch|p2a: Great Tusk|Great Tusk|100/100
|turn|11
|
|t:|1757886833
|move|p1a: King Von|Expanding Force|p2a: Great Tusk
|-supereffective|p2a: Great Tusk
|-damage|p2a: Great Tusk|0 fnt
|faint|p2a: Great Tusk
|-end|p2a: Great Tusk|Protosynthesis|[silent]
|
|-damage|p1a: King Von|13/100 brn|[from] brn
|-fieldend|move: Trick Room
|upkeep
|
|t:|1757886835
|switch|p2a: Ursaluna|Ursaluna, F|100/100
|turn|12
|
|t:|1757886841
|move|p1a: King Von|Expanding Force|p2a: Ursaluna
|-damage|p2a: Ursaluna|0 fnt
|faint|p2a: Ursaluna
|
|-damage|p1a: King Von|7/100 brn|[from] brn
|-fieldend|move: Psychic Terrain
|upkeep
|
|t:|1757886844
|switch|p2a: Kyurem|Kyurem|100/100
|-ability|p2a: Kyurem|Pressure
|turn|13
|
|t:|1757886848
|move|p2a: Kyurem|Ice Beam|p1a: King Von
|-damage|p1a: King Von|0 fnt
|faint|p1a: King Von
|
|upkeep
|
|t:|1757886856
|switch|p1a: Satella|Hatterene, F, shiny|100/100
|turn|14
|
|t:|1757886860
|switch|p2a: Heatran|Heatran, M, tera:Ghost|11/100
|move|p1a: Satella|Trick Room|p1a: Satella
|-fieldstart|move: Trick Room|[of] p1a: Satella
|
|upkeep
|turn|15
|c|☆ripwal11|gg
|
|t:|1757886866
|move|p1a: Satella|Draining Kiss|p2a: Heatran
|-damage|p2a: Heatran|0 fnt
|faint|p2a: Heatran
|-damage|p1a: Satella|91/100|[from] item: Life Orb
|
|upkeep
|
|t:|1757886869
|switch|p2a: Kyurem|Kyurem|100/100
|-ability|p2a: Kyurem|Pressure
|turn|16
|
|t:|1757886875
|move|p1a: Satella|Draining Kiss|p2a: Kyurem
|-supereffective|p2a: Kyurem
|-damage|p2a: Kyurem|28/100
|-heal|p1a: Satella|100/100|[from] drain|[of] p2a: Kyurem
|-damage|p1a: Satella|91/100|[from] item: Life Orb
|move|p2a: Kyurem|Ice Beam|p1a: Satella
|-damage|p1a: Satella|16/100
|
|upkeep
|turn|17
|
|t:|1757886884
|move|p1a: Satella|Draining Kiss|p2a: Kyurem
|-supereffective|p2a: Kyurem
|-damage|p2a: Kyurem|0 fnt
|-heal|p1a: Satella|42/100|[from] drain|[of] p2a: Kyurem
|faint|p2a: Kyurem
|-damage|p1a: Satella|32/100|[from] item: Life Orb
|
|win|ripwal11
|raw|ripwal11's rating: 1216 &rarr; <strong>1243</strong><br />(+27 for winning)
|raw|bxjjne c's rating: 1249 &rarr; <strong>1222</strong><br />(-27 for losing)
|l|☆bxjjne c
|player|p2|
