|j|☆lfmachado2
|j|☆Elyschie
|t:|1757908789
|gametype|singles
|player|p1|lfmachado2|hugh|1024
|player|p2|Elyschie|veteran|1006
|gen|9
|tier|[Gen 9] OU
|rated|
|rule|HP Percentage Mod: HP is shown in percentages
|rule|Endless Battle Clause: Forcing endless battles is banned
|rule|Species Clause: Limit one of each Pokémon
|rule|OHKO Clause: OHKO moves are banned
|rule|Evasion Items Clause: Evasion items are banned
|rule|Evasion Moves Clause: Evasion moves are banned
|rule|Evasion Abilities Clause: Evasion abilities are banned
|rule|Sleep Moves Clause: Sleep-inducing moves are banned
|clearpoke
|poke|p1|Lokix, M|
|poke|p1|Porygon-Z|
|poke|p1|Hydrapple, F|
|poke|p1|Sylveon, M|
|poke|p1|Ceruledge, M|
|poke|p1|Glimmora, M|
|poke|p2|Iron Treads|
|poke|p2|Ogerpon-Wellspring, F|
|poke|p2|Zapdos|
|poke|p2|Dragonite, M|
|poke|p2|Blaziken, F|
|poke|p2|Weezing-Galar, M|
|teampreview
|
|t:|1757908815
|teamsize|p1|6
|teamsize|p2|6
|start
|switch|p1a: Glimmora|Glimmora, M|100/100
|switch|p2a: Zapdos|Zapdos|100/100
|turn|1
|
|t:|1757908826
|move|p1a: Glimmora|Power Gem|p2a: Zapdos
|-supereffective|p2a: Zapdos
|-damage|p2a: Zapdos|52/100
|move|p2a: Zapdos|Thunder Wave|p1a: Glimmora
|-status|p1a: Glimmora|par
|
|upkeep
|turn|2
|
|t:|1757908838
|switch|p2a: Dragonite|Dragonite, M|100/100
|move|p1a: Glimmora|Power Gem|p2a: Dragonite
|-supereffective|p2a: Dragonite
|-damage|p2a: Dragonite|61/100
|
|upkeep
|turn|3
|
|t:|1757908849
|switch|p1a: Sylveon|Sylveon, M|100/100
|move|p2a: Dragonite|Dragon Dance|p2a: Dragonite
|-boost|p2a: Dragonite|atk|1
|-boost|p2a: Dragonite|spe|1
|
|upkeep
|turn|4
|
|t:|1757908855
|-terastallize|p2a: Dragonite|Fire
|move|p2a: Dragonite|Dragon Dance|p2a: Dragonite
|-boost|p2a: Dragonite|atk|1
|-boost|p2a: Dragonite|spe|1
|move|p1a: Sylveon|Hyper Voice|p2a: Dragonite
|-resisted|p2a: Dragonite
|-damage|p2a: Dragonite|20/100
|
|upkeep
|turn|5
|
|t:|1757908873
|switch|p1a: Glimmora|Glimmora, M|100/100 par
|move|p2a: Dragonite|Fire Punch|p1a: Glimmora
|-resisted|p1a: Glimmora
|-damage|p1a: Glimmora|56/100 par
|-activate|p1a: Glimmora|ability: Toxic Debris
|-sidestart|p2: Elyschie|move: Toxic Spikes
|-enditem|p1a: Glimmora|Red Card|[of] p2a: Dragonite
|drag|p2a: Zapdos|Zapdos|52/100
|
|upkeep
|turn|6
|
|t:|1757908881
|move|p2a: Zapdos|Hurricane|p1a: Glimmora
|-resisted|p1a: Glimmora
|-damage|p1a: Glimmora|30/100 par
|move|p1a: Glimmora|Power Gem|p2a: Zapdos
|-supereffective|p2a: Zapdos
|-damage|p2a: Zapdos|8/100
|
|upkeep
|turn|7
|
|t:|1757908887
|move|p2a: Zapdos|Roost|p2a: Zapdos
|-heal|p2a: Zapdos|58/100
|-singleturn|p2a: Zapdos|move: Roost
|move|p1a: Glimmora|Stealth Rock|p2a: Zapdos
|-sidestart|p2: Elyschie|move: Stealth Rock
|
|upkeep
|turn|8
|
|t:|1757908893
|move|p2a: Zapdos|Hurricane|p1a: Glimmora|[miss]
|-miss|p2a: Zapdos|p1a: Glimmora
|move|p1a: Glimmora|Power Gem|p2a: Zapdos
|-supereffective|p2a: Zapdos
|-damage|p2a: Zapdos|11/100
|
|upkeep
|turn|9
|
|t:|1757908899
|move|p2a: Zapdos|Roost|p2a: Zapdos
|-heal|p2a: Zapdos|61/100
|-singleturn|p2a: Zapdos|move: Roost
|move|p1a: Glimmora|Power Gem|p2a: Zapdos
|-damage|p2a: Zapdos|38/100
|
|upkeep
|turn|10
|
|t:|1757908908
|move|p2a: Zapdos|Hurricane|p1a: Glimmora
|-resisted|p1a: Glimmora
|-damage|p1a: Glimmora|0 fnt
|faint|p1a: Glimmora
|
|upkeep
|
|t:|1757908919
|switch|p1a: Porygon-Z|Porygon-Z|100/100
|-ability|p1a: Porygon-Z|Download|boost
|-boost|p1a: Porygon-Z|atk|1
|turn|11
|
|t:|1757908930
|-terastallize|p1a: Porygon-Z|Ground
|move|p1a: Porygon-Z|Tera Blast|p2a: Zapdos|[anim] Tera Blast Ground
|-immune|p2a: Zapdos
|move|p2a: Zapdos|Thunder Wave|p1a: Porygon-Z
|-immune|p1a: Porygon-Z
|
|upkeep
|turn|12
|
|t:|1757908944
|move|p1a: Porygon-Z|Ice Beam|p2a: Zapdos
|-supereffective|p2a: Zapdos
|-damage|p2a: Zapdos|0 fnt
|faint|p2a: Zapdos
|
|upkeep
|
|t:|1757908947
|switch|p2a: Weezing|Weezing-Galar, M|100/100
|-ability|p2a: Weezing|Neutralizing Gas
|-sideend|p2: Elyschie|move: Toxic Spikes|[of] p2a: Weezing
|turn|13
|
|t:|1757908954
|move|p1a: Porygon-Z|Thunderbolt|p2a: Weezing
|-damage|p2a: Weezing|54/100
|move|p2a: Weezing|Defog|p1a: Porygon-Z
|-unboost|p1a: Porygon-Z|evasion|1
|-sideend|p2: Elyschie|Stealth Rock|[from] move: Defog|[of] p2a: Weezing
|
|upkeep
|turn|14
|
|t:|1757908960
|move|p1a: Porygon-Z|Ice Beam|p2a: Weezing
|-damage|p2a: Weezing|8/100
|move|p2a: Weezing|Pain Split|p1a: Porygon-Z
|-sethp|p1a: Porygon-Z|54/100|[from] move: Pain Split|[silent]
|-sethp|p2a: Weezing|50/100|[from] move: Pain Split
|
|upkeep
|turn|15
|
|t:|1757908969
|move|p1a: Porygon-Z|Ice Beam|p2a: Weezing
|-damage|p2a: Weezing|5/100
|move|p2a: Weezing|Sludge Bomb|p1a: Porygon-Z
|-resisted|p1a: Porygon-Z
|-damage|p1a: Porygon-Z|37/100
|
|upkeep
|turn|16
|
|t:|1757908982
|move|p1a: Porygon-Z|Ice Beam|p2a: Weezing
|-damage|p2a: Weezing|0 fnt
|faint|p2a: Weezing
|-end|p2a: Weezing|ability: Neutralizing Gas
|
|upkeep
|
|t:|1757908995
|switch|p2a: Blaziken|Blaziken, F, shiny|100/100
|turn|17
|
|t:|1757909009
|switch|p1a: Ceruledge|Ceruledge, M|100/100
|move|p2a: Blaziken|Protect||[still]
|-fail|p2a: Blaziken
|
|-ability|p2a: Blaziken|Speed Boost|boost
|-boost|p2a: Blaziken|spe|1
|upkeep
|turn|18
|
|t:|1757909020
|move|p2a: Blaziken|Swords Dance|p2a: Blaziken
|-boost|p2a: Blaziken|atk|2
|move|p1a: Ceruledge|Swords Dance|p1a: Ceruledge
|-boost|p1a: Ceruledge|atk|2
|
|-ability|p2a: Blaziken|Speed Boost|boost
|-boost|p2a: Blaziken|spe|1
|upkeep
|turn|19
|
|t:|1757909028
|move|p2a: Blaziken|Swords Dance|p2a: Blaziken
|-boost|p2a: Blaziken|atk|2
|move|p1a: Ceruledge|Swords Dance|p1a: Ceruledge
|-boost|p1a: Ceruledge|atk|2
|
|-ability|p2a: Blaziken|Speed Boost|boost
|-boost|p2a: Blaziken|spe|1
|upkeep
|turn|20
|
|t:|1757909033
|move|p2a: Blaziken|Acrobatics|p1a: Ceruledge
|-damage|p1a: Ceruledge|12/100
|-ability|p1a: Ceruledge|Weak Armor|boost
|-unboost|p1a: Ceruledge|def|1
|-boost|p1a: Ceruledge|spe|2
|move|p1a: Ceruledge|Swords Dance|p1a: Ceruledge
|-boost|p1a: Ceruledge|atk|2
|
|-ability|p2a: Blaziken|Speed Boost|boost
|-boost|p2a: Blaziken|spe|1
|upkeep
|turn|21
|
|t:|1757909038
|move|p1a: Ceruledge|Shadow Sneak|p2a: Blaziken
|-enditem|p2a: Blaziken|Focus Sash
|-damage|p2a: Blaziken|1/100
|move|p2a: Blaziken|Acrobatics|p1a: Ceruledge
|-damage|p1a: Ceruledge|0 fnt
|faint|p1a: Ceruledge
|
|-ability|p2a: Blaziken|Speed Boost|boost
|-boost|p2a: Blaziken|spe|1
|upkeep
|
|t:|1757909053
|switch|p1a: Sylveon|Sylveon, M|100/100
|turn|22
|
|t:|1757909059
|move|p2a: Blaziken|Acrobatics|p1a: Sylveon
|-damage|p1a: Sylveon|0 fnt
|faint|p1a: Sylveon
|
|-ability|p2a: Blaziken|Speed Boost|boost
|-boost|p2a: Blaziken|spe|1
|upkeep
|
|t:|1757909063
|switch|p1a: Porygon-Z|Porygon-Z, tera:Ground|37/100
|-ability|p1a: Porygon-Z|Download|boost
|-boost|p1a: Porygon-Z|atk|1
|turn|23
|
|t:|1757909067
|move|p2a: Blaziken|Acrobatics|p1a: Porygon-Z
|-damage|p1a: Porygon-Z|0 fnt
|faint|p1a: Porygon-Z
|
|upkeep
|
|t:|1757909071
|switch|p1a: Hydrapple|Hydrapple, F|100/100
|turn|24
|
|t:|1757909075
|move|p2a: Blaziken|Acrobatics|p1a: Hydrapple
|-supereffective|p1a: Hydrapple
|-damage|p1a: Hydrapple|0 fnt
|faint|p1a: Hydrapple
|
|upkeep
|
|t:|1757909078
|switch|p1a: Lokix|Lokix, M|100/100
|turn|25
|
|t:|1757909083
|move|p2a: Blaziken|Upper Hand|p1a: Lokix
|-damage|p1a: Lokix|0 fnt
|faint|p1a: Lokix
|
|win|Elyschie
|raw|lfmachado2's rating: 1024 &rarr; <strong>1010</strong><br />(-14 for losing)
|raw|Elyschie's rating: 1006 &rarr; <strong>1047</strong><br />(+41 for winning)
|l|☆lfmachado2
|player|p1|
