|j|☆cynthiafan#6769
|j|☆Gym Leader Bert
|t:|1757826070
|gametype|singles
|player|p1|cynthiafan#6769|2|1164
|player|p2|Gym Leader Bert|gentleman-gen4|1124
|gen|9
|tier|[Gen 9] OU
|rated|
|rule|HP Percentage Mod: HP is shown in percentages
|rule|Endless Battle Clause: Forcing endless battles is banned
|rule|Species Clause: Limit one of each Pokémon
|rule|OHKO Clause: OHKO moves are banned
|rule|Evasion Items Clause: Evasion items are banned
|rule|Evasion Moves Clause: Evasion moves are banned
|rule|Evasion Abilities Clause: Evasion abilities are banned
|rule|Sleep Moves Clause: Sleep-inducing moves are banned
|clearpoke
|poke|p1|Kingambit, M|
|poke|p1|Ogerpon-Wellspring, F|
|poke|p1|Scizor, F|
|poke|p1|Great Tusk|
|poke|p1|Garganacl, M|
|poke|p1|Raging Bolt|
|poke|p2|Electrode-Hisui|
|poke|p2|Infernape, M|
|poke|p2|Ceruledge, F|
|poke|p2|Torterra, F|
|poke|p2|Jolteon, F|
|poke|p2|Porygon2|
|teampreview
|
|t:|1757826081
|teamsize|p1|6
|teamsize|p2|6
|start
|switch|p1a: Great Tusk|Great Tusk|100/100
|switch|p2a: Infernape|Infernape, M|100/100
|turn|1
|
|t:|1757826090
|move|p2a: Infernape|Fake Out|p1a: Great Tusk
|-damage|p1a: Great Tusk|92/100
|cant|p1a: Great Tusk|flinch
|
|upkeep
|turn|2
|
|t:|1757826096
|switch|p2a: Torterra|Torterra, F|100/100
|move|p1a: Great Tusk|Headlong Rush|p2a: Torterra
|-resisted|p2a: Torterra
|-damage|p2a: Torterra|71/100
|-unboost|p1a: Great Tusk|def|1
|-unboost|p1a: Great Tusk|spd|1
|
|upkeep
|turn|3
|
|t:|1757826107
|move|p1a: Great Tusk|Ice Spinner|p2a: Torterra
|-supereffective|p2a: Torterra
|-damage|p2a: Torterra|0 fnt
|faint|p2a: Torterra
|
|upkeep
|
|t:|1757826121
|switch|p2a: Electrode|Electrode-Hisui|100/100
|turn|4
|
|t:|1757826124
|-terastallize|p1a: Great Tusk|Steel
|move|p2a: Electrode|Leaf Storm|p1a: Great Tusk
|-resisted|p1a: Great Tusk
|-damage|p1a: Great Tusk|36/100
|-unboost|p2a: Electrode|spa|2
|move|p1a: Great Tusk|Ice Spinner|p2a: Electrode
|-supereffective|p2a: Electrode
|-damage|p2a: Electrode|9/100
|
|upkeep
|turn|5
|
|t:|1757826139
|-end|p1a: Great Tusk|Protosynthesis|[silent]
|switch|p1a: Scizor|Scizor, F|100/100
|move|p2a: Electrode|Thunderbolt|p1a: Scizor
|-damage|p1a: Scizor|79/100
|
|upkeep
|turn|6
|
|t:|1757826150
|switch|p2a: Infernape|Infernape, M|100/100
|move|p1a: Scizor|U-turn|p2a: Infernape
|-resisted|p2a: Infernape
|-damage|p2a: Infernape|86/100
|
|t:|1757826155
|switch|p1a: Ogerpon|Ogerpon-Wellspring, F|100/100|[from] U-turn
|
|upkeep
|turn|7
|
|t:|1757826163
|move|p1a: Ogerpon|Ivy Cudgel|p2a: Infernape|[anim] Ivy Cudgel Water
|-supereffective|p2a: Infernape
|-crit|p2a: Infernape
|-damage|p2a: Infernape|0 fnt
|faint|p2a: Infernape
|
|upkeep
|
|t:|1757826167
|switch|p2a: Electrode|Electrode-Hisui|9/100
|turn|8
|
|t:|1757826174
|switch|p1a: Raging Bolt|Raging Bolt|100/100
|-enditem|p1a: Raging Bolt|Booster Energy
|-activate|p1a: Raging Bolt|ability: Protosynthesis|[fromitem]
|-start|p1a: Raging Bolt|protosynthesisspa
|move|p2a: Electrode|Thunderbolt|p1a: Raging Bolt
|-resisted|p1a: Raging Bolt
|-damage|p1a: Raging Bolt|94/100
|
|upkeep
|turn|9
|
|t:|1757826183
|move|p2a: Electrode|Taunt|p1a: Raging Bolt
|-start|p1a: Raging Bolt|move: Taunt
|cant|p1a: Raging Bolt|move: Taunt|Calm Mind
|
|upkeep
|turn|10
|
|t:|1757826190
|move|p2a: Electrode|Leaf Storm|p1a: Raging Bolt|[miss]
|-miss|p2a: Electrode|p1a: Raging Bolt
|move|p1a: Raging Bolt|Dragon Pulse|p2a: Electrode
|-damage|p2a: Electrode|0 fnt
|faint|p2a: Electrode
|
|upkeep
|
|t:|1757826193
|switch|p2a: Jolteon|Jolteon, F|100/100
|turn|11
|
|t:|1757826196
|move|p2a: Jolteon|Calm Mind|p2a: Jolteon
|-boost|p2a: Jolteon|spa|1
|-boost|p2a: Jolteon|spd|1
|move|p1a: Raging Bolt|Dragon Pulse|p2a: Jolteon
|-damage|p2a: Jolteon|45/100
|
|-end|p1a: Raging Bolt|move: Taunt
|upkeep
|turn|12
|
|t:|1757826207
|move|p2a: Jolteon|Calm Mind|p2a: Jolteon
|-boost|p2a: Jolteon|spa|1
|-boost|p2a: Jolteon|spd|1
|move|p1a: Raging Bolt|Dragon Pulse|p2a: Jolteon
|-damage|p2a: Jolteon|0 fnt
|faint|p2a: Jolteon
|
|upkeep
|-message|Gym Leader Bert forfeited.
|
|win|cynthiafan#6769
|raw|cynthiafan#6769's rating: 1164 &rarr; <strong>1186</strong><br />(+22 for winning)
|raw|Gym Leader Bert's rating: 1124 &rarr; <strong>1102</strong><br />(-22 for losing)
|l|☆Gym Leader Bert
|player|p2|
|l|☆cynthiafan#6769
|player|p1|
