|j|☆gugch
|j|☆aditya_cho
|t:|1757818535
|gametype|singles
|player|p1|gugch|misty|1102
|player|p2|aditya_cho|2|1156
|gen|9
|tier|[Gen 9] OU
|rated|
|rule|HP Percentage Mod: HP is shown in percentages
|rule|Endless Battle Clause: Forcing endless battles is banned
|rule|Species Clause: Limit one of each Pokémon
|rule|OHKO Clause: OHKO moves are banned
|rule|Evasion Items Clause: Evasion items are banned
|rule|Evasion Moves Clause: Evasion moves are banned
|rule|Evasion Abilities Clause: Evasion abilities are banned
|rule|Sleep Moves Clause: Sleep-inducing moves are banned
|clearpoke
|poke|p1|Samurott-Hisui, M|
|poke|p1|Pelipper, M|
|poke|p1|Ogerpon-Wellspring, F|
|poke|p1|Gastrodon, M|
|poke|p1|Toxapex, F|
|poke|p1|Cloyster, M|
|poke|p2|Ting-Lu|
|poke|p2|Toxapex, F|
|poke|p2|Blissey, F|
|poke|p2|Corviknight, M|
|poke|p2|Kingambit, M|
|poke|p2|Great Tusk|
|teampreview
|inactive|Battle timer is ON: inactive players will automatically lose when time's up. (requested by gugch)
|
|t:|1757818565
|teamsize|p1|6
|teamsize|p2|6
|start
|switch|p1a: Cloyster|Cloyster, M, shiny|100/100
|switch|p2a: whorse-ahh|Ting-Lu|100/100
|-ability|p2a: whorse-ahh|Vessel of Ruin
|turn|1
|
|t:|1757818577
|move|p1a: Cloyster|Shell Smash|p1a: Cloyster
|-unboost|p1a: Cloyster|def|1
|-unboost|p1a: Cloyster|spd|1
|-boost|p1a: Cloyster|atk|2
|-boost|p1a: Cloyster|spa|2
|-boost|p1a: Cloyster|spe|2
|move|p2a: whorse-ahh|Stealth Rock|p1a: Cloyster
|-sidestart|p1: gugch|move: Stealth Rock
|
|upkeep
|turn|2
|
|t:|1757818587
|move|p1a: Cloyster|Icicle Spear|p2a: whorse-ahh
|-supereffective|p2a: whorse-ahh
|-damage|p2a: whorse-ahh|70/100
|-supereffective|p2a: whorse-ahh
|-damage|p2a: whorse-ahh|39/100
|-supereffective|p2a: whorse-ahh
|-damage|p2a: whorse-ahh|10/100
|-supereffective|p2a: whorse-ahh
|-damage|p2a: whorse-ahh|0 fnt
|faint|p2a: whorse-ahh
|-hitcount|p2: whorse-ahh|4
|
|upkeep
|
|t:|1757818609
|switch|p2a: mammoth-ahh|Great Tusk|100/100
|turn|3
|inactive|aditya_cho has 120 seconds left.
|
|t:|1757818645
|-terastallize|p2a: mammoth-ahh|Water
|move|p1a: Cloyster|Icicle Spear|p2a: mammoth-ahh
|-resisted|p2a: mammoth-ahh
|-damage|p2a: mammoth-ahh|95/100
|-resisted|p2a: mammoth-ahh
|-damage|p2a: mammoth-ahh|90/100
|-resisted|p2a: mammoth-ahh
|-damage|p2a: mammoth-ahh|84/100
|-resisted|p2a: mammoth-ahh
|-damage|p2a: mammoth-ahh|79/100
|-resisted|p2a: mammoth-ahh
|-damage|p2a: mammoth-ahh|74/100
|-hitcount|p2a: mammoth-ahh|5
|move|p2a: mammoth-ahh|Earthquake|p1a: Cloyster
|-damage|p1a: Cloyster|47/100
|
|upkeep
|turn|4
|
|t:|1757818673
|move|p1a: Cloyster|Icicle Spear|p2a: mammoth-ahh
|-resisted|p2a: mammoth-ahh
|-damage|p2a: mammoth-ahh|68/100
|-resisted|p2a: mammoth-ahh
|-damage|p2a: mammoth-ahh|62/100
|-resisted|p2a: mammoth-ahh
|-damage|p2a: mammoth-ahh|57/100
|-resisted|p2a: mammoth-ahh
|-damage|p2a: mammoth-ahh|52/100
|-resisted|p2a: mammoth-ahh
|-damage|p2a: mammoth-ahh|46/100
|-hitcount|p2a: mammoth-ahh|5
|move|p2a: mammoth-ahh|Earthquake|p1a: Cloyster
|-damage|p1a: Cloyster|0 fnt
|faint|p1a: Cloyster
|
|upkeep
|inactive|gugch has 120 seconds left.
|
|t:|1757818692
|switch|p1a: Ogerpon|Ogerpon-Wellspring, F|100/100
|-damage|p1a: Ogerpon|88/100|[from] Stealth Rock
|turn|5
|
|t:|1757818709
|move|p1a: Ogerpon|Swords Dance|p1a: Ogerpon
|-boost|p1a: Ogerpon|atk|2
|move|p2a: mammoth-ahh|Knock Off|p1a: Ogerpon
|-damage|p1a: Ogerpon|65/100
|
|upkeep
|turn|6
|
|t:|1757818716
|-end|p2a: mammoth-ahh|Protosynthesis|[silent]
|switch|p2a: clam-ahh|Toxapex, F|100/100
|move|p1a: Ogerpon|Horn Leech|p2a: clam-ahh
|-damage|p2a: clam-ahh|48/100
|-heal|p1a: Ogerpon|92/100|[from] drain|[of] p2a: clam-ahh
|
|-heal|p2a: clam-ahh|54/100|[from] item: Black Sludge
|upkeep
|turn|7
|
|t:|1757818733
|move|p1a: Ogerpon|Swords Dance|p1a: Ogerpon
|-boost|p1a: Ogerpon|atk|2
|move|p2a: clam-ahh|Haze|p2a: clam-ahh
|-clearallboost
|
|-heal|p2a: clam-ahh|60/100|[from] item: Black Sludge
|upkeep
|turn|8
|
|t:|1757818743
|move|p1a: Ogerpon|Swords Dance|p1a: Ogerpon
|-boost|p1a: Ogerpon|atk|2
|move|p2a: clam-ahh|Toxic Spikes|p1a: Ogerpon
|-sidestart|p1: gugch|move: Toxic Spikes
|
|-heal|p2a: clam-ahh|67/100|[from] item: Black Sludge
|upkeep
|turn|9
|
|t:|1757818749
|move|p1a: Ogerpon|Horn Leech|p2a: clam-ahh
|-damage|p2a: clam-ahh|14/100
|-heal|p1a: Ogerpon|100/100|[from] drain|[of] p2a: clam-ahh
|move|p2a: clam-ahh|Recover|p2a: clam-ahh
|-heal|p2a: clam-ahh|64/100
|
|-heal|p2a: clam-ahh|70/100|[from] item: Black Sludge
|upkeep
|turn|10
|inactive|aditya_cho has 120 seconds left.
|
|t:|1757818757
|move|p1a: Ogerpon|Horn Leech|p2a: clam-ahh
|-damage|p2a: clam-ahh|14/100
|move|p2a: clam-ahh|Haze|p2a: clam-ahh
|-clearallboost
|
|-heal|p2a: clam-ahh|20/100|[from] item: Black Sludge
|upkeep
|turn|11
|inactive|aditya_cho has 120 seconds left.
|
|t:|1757818768
|switch|p2a: egg-ahh|Blissey, F|100/100
|move|p1a: Ogerpon|Horn Leech|p2a: egg-ahh
|-damage|p2a: egg-ahh|60/100
|
|upkeep
|turn|12
|inactive|aditya_cho has 120 seconds left.
|
|t:|1757818782
|move|p1a: Ogerpon|Ivy Cudgel|p2a: egg-ahh|[anim] Ivy Cudgel Water
|-damage|p2a: egg-ahh|6/100
|move|p2a: egg-ahh|Thunder Wave|p1a: Ogerpon
|-status|p1a: Ogerpon|par
|
|upkeep
|turn|13
|
|t:|1757818789
|cant|p1a: Ogerpon|par
|move|p2a: egg-ahh|Soft-Boiled|p2a: egg-ahh
|-heal|p2a: egg-ahh|56/100
|
|upkeep
|turn|14
|
|t:|1757818794
|cant|p1a: Ogerpon|par
|move|p2a: egg-ahh|Soft-Boiled|p2a: egg-ahh
|-heal|p2a: egg-ahh|100/100
|
|upkeep
|turn|15
|
|t:|1757818799
|cant|p1a: Ogerpon|par
|move|p2a: egg-ahh|Seismic Toss|p1a: Ogerpon
|-damage|p1a: Ogerpon|67/100 par
|
|upkeep
|turn|16
|
|t:|1757818804
|move|p1a: Ogerpon|Swords Dance|p1a: Ogerpon
|-boost|p1a: Ogerpon|atk|2
|move|p2a: egg-ahh|Seismic Toss|p1a: Ogerpon
|-damage|p1a: Ogerpon|34/100 par
|
|upkeep
|turn|17
|
|t:|1757818810
|cant|p1a: Ogerpon|par
|move|p2a: egg-ahh|Seismic Toss|p1a: Ogerpon
|-damage|p1a: Ogerpon|1/100 par
|
|upkeep
|turn|18
|
|t:|1757818815
|move|p1a: Ogerpon|Horn Leech|p2a: egg-ahh
|-damage|p2a: egg-ahh|28/100
|-heal|p1a: Ogerpon|87/100 par|[from] drain|[of] p2a: egg-ahh
|move|p2a: egg-ahh|Seismic Toss|p1a: Ogerpon
|-damage|p1a: Ogerpon|53/100 par
|
|upkeep
|turn|19
|
|t:|1757818822
|move|p1a: Ogerpon|Horn Leech|p2a: egg-ahh
|-damage|p2a: egg-ahh|0 fnt
|-heal|p1a: Ogerpon|86/100 par|[from] drain|[of] p2a: egg-ahh
|faint|p2a: egg-ahh
|
|upkeep
|
|t:|1757818828
|switch|p2a: clam-ahh|Toxapex, F|53/100
|turn|20
|
|t:|1757818833
|move|p1a: Ogerpon|Horn Leech|p2a: clam-ahh
|-damage|p2a: clam-ahh|3/100
|-heal|p1a: Ogerpon|100/100 par|[from] drain|[of] p2a: clam-ahh
|move|p2a: clam-ahh|Haze|p2a: clam-ahh
|-clearallboost
|
|-heal|p2a: clam-ahh|9/100|[from] item: Black Sludge
|upkeep
|turn|21
|
|t:|1757818843
|switch|p2a: raven-ahh|Corviknight, M|100/100
|-ability|p2a: raven-ahh|Pressure
|move|p1a: Ogerpon|Swords Dance|p1a: Ogerpon
|-boost|p1a: Ogerpon|atk|2
|
|upkeep
|turn|22
|
|t:|1757818851
|-terastallize|p1a: Ogerpon|Water
|detailschange|p1a: Ogerpon|Ogerpon-Wellspring-Tera, F, tera:Water
|-ability|p1a: Ogerpon|Embody Aspect (Wellspring)|boost
|-boost|p1a: Ogerpon|spd|1
|move|p1a: Ogerpon|Ivy Cudgel|p2a: raven-ahh|[anim] Ivy Cudgel Water
|-crit|p2a: raven-ahh
|-damage|p2a: raven-ahh|0 fnt
|faint|p2a: raven-ahh
|
|upkeep
|
|t:|1757818871
|switch|p2a: beetle-ahh|Kingambit, M|100/100
|-activate|p2a: beetle-ahh|ability: Supreme Overlord
|-start|p2a: beetle-ahh|fallen3|[silent]
|turn|23
|
|t:|1757818878
|move|p1a: Ogerpon|Ivy Cudgel|p2a: beetle-ahh|[anim] Ivy Cudgel Water
|-damage|p2a: beetle-ahh|0 fnt
|faint|p2a: beetle-ahh
|-end|p2a: beetle-ahh|fallen3|[silent]
|
|upkeep
|
|t:|1757818883
|switch|p2a: clam-ahh|Toxapex, F|42/100
|turn|24
|
|t:|1757818888
|move|p1a: Ogerpon|Horn Leech|p2a: clam-ahh
|-damage|p2a: clam-ahh|0 fnt
|faint|p2a: clam-ahh
|
|upkeep
|
|t:|1757818893
|switch|p2a: mammoth-ahh|Great Tusk, tera:Water|46/100
|turn|25
|
|t:|1757818897
|move|p2a: mammoth-ahh|Earthquake|p1a: Ogerpon
|-damage|p1a: Ogerpon|38/100 par
|cant|p1a: Ogerpon|par
|
|upkeep
|turn|26
|
|t:|1757818903
|move|p2a: mammoth-ahh|Earthquake|p1a: Ogerpon
|-damage|p1a: Ogerpon|0 fnt
|faint|p1a: Ogerpon
|detailschange|p1: Ogerpon|Ogerpon-Wellspring, F|[silent]
|
|upkeep
|
|t:|1757818907
|switch|p1a: Toxapex|Toxapex, F, shiny|100/100
|-damage|p1a: Toxapex|88/100|[from] Stealth Rock
|-sideend|p1: gugch|move: Toxic Spikes|[of] p1a: Toxapex
|turn|27
|
|t:|1757818911
|switch|p1a: Pelipper|Pelipper, M, shiny|100/100
|-damage|p1a: Pelipper|75/100|[from] Stealth Rock
|-weather|RainDance|[from] ability: Drizzle|[of] p1a: Pelipper
|move|p2a: mammoth-ahh|Earthquake|p1a: Pelipper
|-immune|p1a: Pelipper
|
|-weather|RainDance|[upkeep]
|-heal|p1a: Pelipper|82/100|[from] item: Leftovers
|upkeep
|turn|28
|
|t:|1757818922
|move|p2a: mammoth-ahh|Knock Off|p1a: Pelipper
|-damage|p1a: Pelipper|59/100
|-enditem|p1a: Pelipper|Leftovers|[from] move: Knock Off|[of] p2a: mammoth-ahh
|move|p1a: Pelipper|Tailwind|p1a: Pelipper
|-sidestart|p1: gugch|move: Tailwind
|
|-weather|RainDance|[upkeep]
|upkeep
|turn|29
|
|t:|1757818933
|move|p1a: Pelipper|Hurricane|p2a: mammoth-ahh
|-damage|p2a: mammoth-ahh|2/100
|move|p2a: mammoth-ahh|Knock Off|p1a: Pelipper
|-damage|p1a: Pelipper|45/100
|
|-weather|RainDance|[upkeep]
|upkeep
|turn|30
|l|☆aditya_cho
|inactive|aditya_cho disconnected and has a minute to reconnect!
|player|p2|
|inactive|aditya_cho has 30 seconds to reconnect!
|inactive|aditya_cho has 20 seconds to reconnect!
|inactive|aditya_cho has 15 seconds to reconnect!
|inactive|aditya_cho has 10 seconds to reconnect!
|inactive|aditya_cho has 5 seconds to reconnect!
|-message|aditya_cho lost due to inactivity.
|
|win|gugch
|raw|gugch's rating: 1102 &rarr; <strong>1131</strong><br />(+29 for winning)
|raw|aditya_cho's rating: 1156 &rarr; <strong>1127</strong><br />(-29 for losing)
