|j|‽Axj5869
|j|☆flygonisdragon
|t:|1757830336
|gametype|singles
|player|p1|Axj5869|170|1434
|player|p2|flygonisdragon|serena-masters|1454
|gen|9
|tier|[Gen 9] OU
|rated|
|rule|HP Percentage Mod: HP is shown in percentages
|rule|Endless Battle Clause: Forcing endless battles is banned
|rule|Species Clause: Limit one of each Pokémon
|rule|OHKO Clause: OHKO moves are banned
|rule|Evasion Items Clause: Evasion items are banned
|rule|Evasion Moves Clause: Evasion moves are banned
|rule|Evasion Abilities Clause: Evasion abilities are banned
|rule|Sleep Moves Clause: Sleep-inducing moves are banned
|clearpoke
|poke|p1|Glimmora, M|
|poke|p1|Hatterene, F|
|poke|p1|Ursaluna, F|
|poke|p1|Sinistcha|
|poke|p1|Kingambit, M|
|poke|p1|Great Tusk|
|poke|p2|Volcanion|
|poke|p2|Metagross|
|poke|p2|Zamazenta-*|
|poke|p2|Rillaboom, F|
|poke|p2|Fezandipiti, M|
|poke|p2|Regidrago|
|teampreview
|
|t:|1757830345
|teamsize|p1|6
|teamsize|p2|6
|start
|switch|p1a: Hatterene|Hatterene, F|100/100
|switch|p2a: Metagross|Metagross|100/100
|turn|1
|
|t:|1757830351
|move|p2a: Metagross|Meteor Mash|p1a: Hatterene
|-supereffective|p1a: Hatterene
|-damage|p1a: Hatterene|0 fnt
|faint|p1a: Hatterene
|-damage|p2a: Metagross|91/100|[from] item: Life Orb
|
|upkeep
|
|t:|1757830368
|switch|p1a: Ursaluna|Ursaluna, F|100/100
|turn|2
|
|t:|1757830372
|switch|p2a: Rillaboom|Rillaboom, F|100/100
|-fieldstart|move: Grassy Terrain|[from] ability: Grassy Surge|[of] p2a: Rillaboom
|move|p1a: Ursaluna|Facade|p2a: Rillaboom
|-damage|p2a: Rillaboom|53/100
|
|-heal|p2a: Rillaboom|59/100|[from] Grassy Terrain
|-status|p1a: Ursaluna|brn|[from] item: Flame Orb
|upkeep
|turn|3
|
|t:|1757830378
|switch|p1a: Sinistcha|Sinistcha|100/100
|move|p2a: Rillaboom|Wood Hammer|p1a: Sinistcha
|-resisted|p1a: Sinistcha
|-damage|p1a: Sinistcha|43/100
|-damage|p2a: Rillaboom|40/100|[from] Recoil
|
|-heal|p2a: Rillaboom|46/100|[from] Grassy Terrain
|-heal|p1a: Sinistcha|49/100|[from] Grassy Terrain
|upkeep
|turn|4
|
|t:|1757830385
|move|p2a: Rillaboom|Wood Hammer|p1a: Sinistcha
|-resisted|p1a: Sinistcha
|-damage|p1a: Sinistcha|0 fnt
|faint|p1a: Sinistcha
|-damage|p2a: Rillaboom|30/100|[from] Recoil
|
|-heal|p2a: Rillaboom|36/100|[from] Grassy Terrain
|upkeep
|
|t:|1757830398
|switch|p1a: Kingambit|Kingambit, M|100/100
|-activate|p1a: Kingambit|ability: Supreme Overlord
|-start|p1a: Kingambit|fallen2|[silent]
|turn|5
|
|t:|1757830403
|switch|p2a: Zamazenta|Zamazenta|100/100
|-ability|p2a: Zamazenta|Dauntless Shield|boost
|-boost|p2a: Zamazenta|def|1
|move|p1a: Kingambit|Kowtow Cleave|p2a: Zamazenta
|-resisted|p2a: Zamazenta
|-damage|p2a: Zamazenta|84/100
|
|-heal|p2a: Zamazenta|90/100|[from] Grassy Terrain
|-heal|p2a: Zamazenta|97/100|[from] item: Leftovers
|upkeep
|turn|6
|
|t:|1757830411
|-end|p1a: Kingambit|fallen2|[silent]
|switch|p1a: Ursaluna|Ursaluna, F|100/100 brn
|move|p2a: Zamazenta|Substitute|p2a: Zamazenta
|-start|p2a: Zamazenta|Substitute
|-damage|p2a: Zamazenta|72/100
|
|-heal|p2a: Zamazenta|78/100|[from] Grassy Terrain
|-heal|p2a: Zamazenta|84/100|[from] item: Leftovers
|-damage|p1a: Ursaluna|94/100 brn|[from] brn
|-fieldend|move: Grassy Terrain
|upkeep
|turn|7
|
|t:|1757830414
|-terastallize|p1a: Ursaluna|Ghost
|move|p2a: Zamazenta|Iron Defense|p2a: Zamazenta
|-boost|p2a: Zamazenta|def|2
|move|p1a: Ursaluna|Facade|p2a: Zamazenta
|-end|p2a: Zamazenta|Substitute
|
|-heal|p2a: Zamazenta|90/100|[from] item: Leftovers
|-damage|p1a: Ursaluna|88/100 brn|[from] brn
|upkeep
|turn|8
|
|t:|1757830421
|move|p2a: Zamazenta|Iron Defense|p2a: Zamazenta
|-boost|p2a: Zamazenta|def|2
|move|p1a: Ursaluna|Facade|p2a: Zamazenta
|-damage|p2a: Zamazenta|65/100
|
|-heal|p2a: Zamazenta|71/100|[from] item: Leftovers
|-damage|p1a: Ursaluna|82/100 brn|[from] brn
|upkeep
|turn|9
|
|t:|1757830424
|move|p2a: Zamazenta|Iron Defense|p2a: Zamazenta
|-boost|p2a: Zamazenta|def|1
|move|p1a: Ursaluna|Facade|p2a: Zamazenta
|-damage|p2a: Zamazenta|48/100
|
|-heal|p2a: Zamazenta|54/100|[from] item: Leftovers
|-damage|p1a: Ursaluna|76/100 brn|[from] brn
|upkeep
|turn|10
|
|t:|1757830426
|move|p2a: Zamazenta|Crunch|p1a: Ursaluna
|-supereffective|p1a: Ursaluna
|-damage|p1a: Ursaluna|47/100 brn
|move|p1a: Ursaluna|Facade|p2a: Zamazenta
|-damage|p2a: Zamazenta|33/100
|
|-heal|p2a: Zamazenta|39/100|[from] item: Leftovers
|-damage|p1a: Ursaluna|41/100 brn|[from] brn
|upkeep
|turn|11
|
|t:|1757830430
|move|p2a: Zamazenta|Substitute|p2a: Zamazenta
|-start|p2a: Zamazenta|Substitute
|-damage|p2a: Zamazenta|14/100
|move|p1a: Ursaluna|Facade|p2a: Zamazenta
|-activate|p2a: Zamazenta|move: Substitute|[damage]
|
|-heal|p2a: Zamazenta|21/100|[from] item: Leftovers
|-damage|p1a: Ursaluna|35/100 brn|[from] brn
|upkeep
|turn|12
|
|t:|1757830433
|move|p2a: Zamazenta|Crunch|p1a: Ursaluna
|-supereffective|p1a: Ursaluna
|-damage|p1a: Ursaluna|7/100 brn
|move|p1a: Ursaluna|Facade|p2a: Zamazenta
|-end|p2a: Zamazenta|Substitute
|
|-heal|p2a: Zamazenta|27/100|[from] item: Leftovers
|-damage|p1a: Ursaluna|1/100 brn|[from] brn
|upkeep
|turn|13
|
|t:|1757830437
|move|p2a: Zamazenta|Substitute|p2a: Zamazenta
|-start|p2a: Zamazenta|Substitute
|-damage|p2a: Zamazenta|2/100
|move|p1a: Ursaluna|Facade|p2a: Zamazenta
|-activate|p2a: Zamazenta|move: Substitute|[damage]
|
|-heal|p2a: Zamazenta|8/100|[from] item: Leftovers
|-damage|p1a: Ursaluna|0 fnt|[from] brn
|faint|p1a: Ursaluna
|upkeep
|-message|Axj5869 forfeited.
|
|win|flygonisdragon
|raw|Axj5869's rating: 1434 &rarr; <strong>1415</strong><br />(-19 for losing)
|raw|flygonisdragon's rating: 1454 &rarr; <strong>1473</strong><br />(+19 for winning)
|l|‽Axj5869
|player|p1|
|l|☆flygonisdragon
|player|p2|
