|j|☆Crocodile E
|j|☆Gulptubus
|t:|1757863677
|gametype|singles
|player|p1|Crocodile E|pokemaniac|1408
|player|p2|Gulptubus|pokemonranger-gen4|1434
|gen|9
|tier|[Gen 9] OU
|rated|
|rule|HP Percentage Mod: HP is shown in percentages
|rule|Endless Battle Clause: Forcing endless battles is banned
|rule|Species Clause: Limit one of each Pokémon
|rule|OHKO Clause: OHKO moves are banned
|rule|Evasion Items Clause: Evasion items are banned
|rule|Evasion Moves Clause: Evasion moves are banned
|rule|Evasion Abilities Clause: Evasion abilities are banned
|rule|Sleep Moves Clause: Sleep-inducing moves are banned
|clearpoke
|poke|p1|Great Tusk|
|poke|p1|Raging Bolt|
|poke|p1|Dragapult, M|
|poke|p1|Slowking-Galar, M|
|poke|p1|Kingambit, F|
|poke|p1|Ogerpon-Wellspring, F|
|poke|p2|Lokix, M|
|poke|p2|Garganacl, M|
|poke|p2|Iron Crown|
|poke|p2|Alomomola, M|
|poke|p2|Weezing-Galar, M|
|poke|p2|Landorus-Therian, M|
|teampreview
|inactive|Battle timer is ON: inactive players will automatically lose when time's up. (requested by Crocodile E)
|
|t:|1757863689
|teamsize|p1|6
|teamsize|p2|6
|start
|switch|p1a: Dragapult|Dragapult, M|100/100
|switch|p2a: Lokix|Lokix, M, shiny|100/100
|turn|1
|
|t:|1757863693
|switch|p1a: Great Tusk|Great Tusk|100/100
|move|p2a: Lokix|First Impression|p1a: Great Tusk
|-resisted|p1a: Great Tusk
|-damage|p1a: Great Tusk|53/100
|-damage|p2a: Lokix|84/100|[from] item: Rocky Helmet|[of] p1a: Great Tusk
|
|upkeep
|turn|2
|
|t:|1757863706
|switch|p2a: Alomomola|Alomomola, M|100/100
|move|p1a: Great Tusk|Stealth Rock|p2a: Alomomola
|-sidestart|p2: Gulptubus|move: Stealth Rock
|
|upkeep
|turn|3
|
|t:|1757863711
|-end|p1a: Great Tusk|Protosynthesis|[silent]
|switch|p1a: Slowking|Slowking-Galar, M|100/100
|move|p2a: Alomomola|Flip Turn|p1a: Slowking
|-damage|p1a: Slowking|90/100
|
|t:|1757863721
|switch|p2a: Lokix|Lokix, M, shiny|84/100|[from] Flip Turn
|-damage|p2a: Lokix|59/100|[from] Stealth Rock
|
|upkeep
|turn|4
|
|t:|1757863726
|switch|p1a: Great Tusk|Great Tusk|53/100
|move|p2a: Lokix|Knock Off|p1a: Great Tusk
|-resisted|p1a: Great Tusk
|-damage|p1a: Great Tusk|1/100
|-damage|p2a: Lokix|43/100|[from] item: Rocky Helmet|[of] p1a: Great Tusk
|-enditem|p1a: Great Tusk|Rocky Helmet|[from] move: Knock Off|[of] p2a: Lokix
|
|upkeep
|turn|5
|
|t:|1757863734
|switch|p2a: Landorus|Landorus-Therian, M|100/100
|-damage|p2a: Landorus|88/100|[from] Stealth Rock
|-ability|p2a: Landorus|Intimidate|boost
|-unboost|p1a: Great Tusk|atk|1
|move|p1a: Great Tusk|Rapid Spin|p2a: Landorus
|-damage|p2a: Landorus|75/100
|-boost|p1a: Great Tusk|spe|1
|
|upkeep
|turn|6
|
|t:|1757863738
|move|p2a: Landorus|U-turn|p1a: Great Tusk
|-resisted|p1a: Great Tusk
|-damage|p1a: Great Tusk|0 fnt
|faint|p1a: Great Tusk
|-end|p1a: Great Tusk|Protosynthesis|[silent]
|
|t:|1757863740
|switch|p2a: Weezing|Weezing-Galar, M|100/100|[from] U-turn
|-ability|p2a: Weezing|Neutralizing Gas
|
|upkeep
|
|t:|1757863745
|switch|p1a: Kingambit|Kingambit, F|100/100
|turn|7
|
|t:|1757863749
|-terastallize|p1a: Kingambit|Fire
|move|p2a: Weezing|Will-O-Wisp|p1a: Kingambit
|-immune|p1a: Kingambit
|move|p1a: Kingambit|Swords Dance|p1a: Kingambit
|-boost|p1a: Kingambit|atk|2
|
|upkeep
|turn|8
|
|t:|1757863754
|move|p2a: Weezing|Defog|p1a: Kingambit
|-unboost|p1a: Kingambit|evasion|1
|-sideend|p2: Gulptubus|Stealth Rock|[from] move: Defog|[of] p2a: Weezing
|move|p1a: Kingambit|Iron Head|p2a: Weezing
|-supereffective|p2a: Weezing
|-damage|p2a: Weezing|0 fnt
|faint|p2a: Weezing
|-end|p2a: Weezing|ability: Neutralizing Gas
|-activate|p1a: Kingambit|ability: Supreme Overlord
|-start|p1a: Kingambit|fallen1|[silent]
|
|upkeep
|
|t:|1757863772
|switch|p2a: Alomomola|Alomomola, M|100/100
|turn|9
|
|t:|1757863776
|-end|p1a: Kingambit|fallen1|[silent]
|switch|p1a: Slowking|Slowking-Galar, M|100/100
|move|p2a: Alomomola|Flip Turn|p1a: Slowking
|-damage|p1a: Slowking|89/100
|
|t:|1757863782
|switch|p2a: Lokix|Lokix, M, shiny|43/100|[from] Flip Turn
|
|upkeep
|turn|10
|
|t:|1757863785
|move|p2a: Lokix|Knock Off|p1a: Slowking
|-supereffective|p1a: Slowking
|-damage|p1a: Slowking|0 fnt
|-enditem|p1a: Slowking|Assault Vest|[from] move: Knock Off|[of] p2a: Lokix
|faint|p1a: Slowking
|
|upkeep
|
|t:|1757863790
|switch|p1a: Kingambit|Kingambit, F, tera:Fire|100/100
|-activate|p1a: Kingambit|ability: Supreme Overlord
|-start|p1a: Kingambit|fallen2|[silent]
|turn|11
|
|t:|1757863807
|move|p1a: Kingambit|Sucker Punch|p2a: Lokix
|-resisted|p2a: Lokix
|-damage|p2a: Lokix|4/100
|move|p2a: Lokix|Knock Off|p1a: Kingambit
|-damage|p1a: Kingambit|49/100
|-enditem|p1a: Kingambit|Leftovers|[from] move: Knock Off|[of] p2a: Lokix
|
|upkeep
|turn|12
|
|t:|1757863813
|switch|p2a: Alomomola|Alomomola, M|100/100
|move|p1a: Kingambit|Swords Dance|p1a: Kingambit
|-boost|p1a: Kingambit|atk|2
|
|upkeep
|turn|13
|
|t:|1757863817
|move|p1a: Kingambit|Kowtow Cleave|p2a: Alomomola
|-damage|p2a: Alomomola|23/100
|move|p2a: Alomomola|Flip Turn|p1a: Kingambit
|-supereffective|p1a: Kingambit
|-damage|p1a: Kingambit|23/100
|
|t:|1757863820
|switch|p2a: Lokix|Lokix, M, shiny|4/100|[from] Flip Turn
|
|upkeep
|turn|14
|
|t:|1757863823
|move|p2a: Lokix|First Impression|p1a: Kingambit
|-resisted|p1a: Kingambit
|-damage|p1a: Kingambit|0 fnt
|faint|p1a: Kingambit
|-end|p1a: Kingambit|fallen2|[silent]
|
|upkeep
|
|t:|1757863827
|switch|p1a: Dragapult|Dragapult, M|100/100
|turn|15
|
|t:|1757863836
|switch|p2a: Iron Crown|Iron Crown|100/100
|move|p1a: Dragapult|Will-O-Wisp|p2a: Iron Crown
|-status|p2a: Iron Crown|brn
|
|-damage|p2a: Iron Crown|94/100 brn|[from] brn
|upkeep
|turn|16
|
|t:|1757863841
|-end|p2a: Iron Crown|Quark Drive|[silent]
|switch|p2a: Garganacl|Garganacl, M, shiny|100/100
|move|p1a: Dragapult|Hex|p2a: Garganacl
|-damage|p2a: Garganacl|91/100
|
|-heal|p2a: Garganacl|97/100|[from] item: Leftovers
|upkeep
|turn|17
|
|t:|1757863844
|move|p1a: Dragapult|U-turn|p2a: Garganacl
|-damage|p2a: Garganacl|83/100
|
|t:|1757863846
|switch|p1a: Ogerpon|Ogerpon-Wellspring, F|100/100|[from] U-turn
|move|p2a: Garganacl|Salt Cure|p1a: Ogerpon
|-damage|p1a: Ogerpon|84/100
|-start|p1a: Ogerpon|Salt Cure
|
|-heal|p2a: Garganacl|89/100|[from] item: Leftovers
|-damage|p1a: Ogerpon|59/100|[from] Salt Cure
|upkeep
|turn|18
|
|t:|1757863850
|move|p2a: Garganacl|Protect|p2a: Garganacl
|-singleturn|p2a: Garganacl|Protect
|move|p1a: Ogerpon|Synthesis|p1a: Ogerpon
|-heal|p1a: Ogerpon|100/100
|
|-heal|p2a: Garganacl|96/100|[from] item: Leftovers
|-damage|p1a: Ogerpon|76/100|[from] Salt Cure
|upkeep
|turn|19
|
|t:|1757863853
|move|p1a: Ogerpon|Knock Off|p2a: Garganacl
|-damage|p2a: Garganacl|73/100
|-enditem|p2a: Garganacl|Leftovers|[from] move: Knock Off|[of] p1a: Ogerpon
|move|p2a: Garganacl|Stealth Rock|p1a: Ogerpon
|-sidestart|p1: Crocodile E|move: Stealth Rock
|
|-damage|p1a: Ogerpon|51/100|[from] Salt Cure
|upkeep
|turn|20
|
|t:|1757863860
|switch|p2a: Alomomola|Alomomola, M|57/100
|move|p1a: Ogerpon|Synthesis|p1a: Ogerpon
|-heal|p1a: Ogerpon|100/100
|
|-damage|p1a: Ogerpon|76/100|[from] Salt Cure
|upkeep
|turn|21
|
|t:|1757863870
|switch|p2a: Garganacl|Garganacl, M, shiny|73/100
|move|p1a: Ogerpon|Knock Off|p2a: Garganacl
|-damage|p2a: Garganacl|57/100
|
|-damage|p1a: Ogerpon|51/100|[from] Salt Cure
|upkeep
|turn|22
|
|t:|1757863874
|move|p1a: Ogerpon|Synthesis|p1a: Ogerpon
|-heal|p1a: Ogerpon|100/100
|move|p2a: Garganacl|Salt Cure|p1a: Ogerpon
|-damage|p1a: Ogerpon|84/100
|
|-damage|p1a: Ogerpon|59/100|[from] Salt Cure
|upkeep
|turn|23
|
|t:|1757863879
|move|p1a: Ogerpon|Ivy Cudgel|p2a: Garganacl|[anim] Ivy Cudgel Water
|-supereffective|p2a: Garganacl
|-damage|p2a: Garganacl|0 fnt
|faint|p2a: Garganacl
|
|-damage|p1a: Ogerpon|34/100|[from] Salt Cure
|upkeep
|
|t:|1757863882
|switch|p2a: Lokix|Lokix, M, shiny|4/100
|turn|24
|
|t:|1757863886
|move|p2a: Lokix|First Impression|p1a: Ogerpon
|-supereffective|p1a: Ogerpon
|-damage|p1a: Ogerpon|0 fnt
|faint|p1a: Ogerpon
|
|upkeep
|
|t:|1757863888
|switch|p1a: Dragapult|Dragapult, M|100/100
|turn|25
|
|t:|1757863891
|switch|p2a: Alomomola|Alomomola, M|90/100
|move|p1a: Dragapult|Hex|p2a: Alomomola
|-damage|p2a: Alomomola|76/100
|
|upkeep
|turn|26
|
|t:|1757863895
|move|p1a: Dragapult|Will-O-Wisp|p2a: Alomomola
|-status|p2a: Alomomola|brn
|move|p2a: Alomomola|Flip Turn|p1a: Dragapult
|-resisted|p1a: Dragapult
|-damage|p1a: Dragapult|95/100
|
|t:|1757863900
|switch|p2a: Landorus|Landorus-Therian, M|75/100|[from] Flip Turn
|-ability|p2a: Landorus|Intimidate|boost
|-unboost|p1a: Dragapult|atk|1
|
|upkeep
|turn|27
|
|t:|1757863905
|move|p2a: Landorus|U-turn|p1a: Dragapult
|-resisted|p1a: Dragapult
|-damage|p1a: Dragapult|76/100
|
|t:|1757863907
|switch|p2a: Alomomola|Alomomola, M|100/100 brn|[from] U-turn
|move|p1a: Dragapult|Will-O-Wisp|p2a: Alomomola
|-fail|p2a: Alomomola|brn
|
|-damage|p2a: Alomomola|94/100 brn|[from] brn
|upkeep
|turn|28
|
|t:|1757863910
|move|p1a: Dragapult|Hex|p2a: Alomomola
|-damage|p2a: Alomomola|63/100 brn
|move|p2a: Alomomola|Flip Turn|p1a: Dragapult
|-resisted|p1a: Dragapult
|-damage|p1a: Dragapult|70/100
|
|t:|1757863913
|switch|p2a: Lokix|Lokix, M, shiny|4/100|[from] Flip Turn
|
|upkeep
|turn|29
|
|t:|1757863916
|move|p2a: Lokix|First Impression|p1a: Dragapult
|-resisted|p1a: Dragapult
|-damage|p1a: Dragapult|0 fnt
|faint|p1a: Dragapult
|
|upkeep
|
|t:|1757863918
|switch|p1a: Raging Bolt|Raging Bolt|100/100
|-damage|p1a: Raging Bolt|88/100|[from] Stealth Rock
|-enditem|p1a: Raging Bolt|Booster Energy
|-activate|p1a: Raging Bolt|ability: Protosynthesis|[fromitem]
|-start|p1a: Raging Bolt|protosynthesisspa
|turn|30
|
|t:|1757863926
|switch|p2a: Alomomola|Alomomola, M|96/100 brn
|move|p1a: Raging Bolt|Dragon Pulse|p2a: Alomomola
|-damage|p2a: Alomomola|58/100 brn
|
|-damage|p2a: Alomomola|52/100 brn|[from] brn
|upkeep
|turn|31
|
|t:|1757863930
|move|p1a: Raging Bolt|Thunderbolt|p2a: Alomomola
|-supereffective|p2a: Alomomola
|-damage|p2a: Alomomola|0 fnt
|faint|p2a: Alomomola
|
|upkeep
|
|t:|1757863934
|switch|p2a: Landorus|Landorus-Therian, M|75/100
|-ability|p2a: Landorus|Intimidate|boost
|-unboost|p1a: Raging Bolt|atk|1
|turn|32
|
|t:|1757863936
|move|p2a: Landorus|Earthquake|p1a: Raging Bolt
|-supereffective|p1a: Raging Bolt
|-damage|p1a: Raging Bolt|0 fnt
|faint|p1a: Raging Bolt
|-end|p1a: Raging Bolt|Protosynthesis|[silent]
|
|win|Gulptubus
|raw|Crocodile E's rating: 1408 &rarr; <strong>1389</strong><br />(-19 for losing)
|raw|Gulptubus's rating: 1434 &rarr; <strong>1453</strong><br />(+19 for winning)
|l|☆Crocodile E
|player|p1|
