|j|☆flygonisdragon
|j|☆TotallySkilled
|t:|1757831096
|gametype|singles
|player|p1|flygonisdragon|serena-masters|1527
|player|p2|TotallySkilled|guzma|1542
|gen|9
|tier|[Gen 9] OU
|rated|
|rule|HP Percentage Mod: HP is shown in percentages
|rule|Endless Battle Clause: Forcing endless battles is banned
|rule|Species Clause: Limit one of each Pokémon
|rule|OHKO Clause: OHKO moves are banned
|rule|Evasion Items Clause: Evasion items are banned
|rule|Evasion Moves Clause: Evasion moves are banned
|rule|Evasion Abilities Clause: Evasion abilities are banned
|rule|Sleep Moves Clause: Sleep-inducing moves are banned
|clearpoke
|poke|p1|Volcanion|
|poke|p1|Metagross|
|poke|p1|Zamazenta-*|
|poke|p1|Rillaboom, M|
|poke|p1|Fezandipiti, M|
|poke|p1|Regidrago|
|poke|p2|Moltres-Galar|
|poke|p2|Araquanid, M|
|poke|p2|Garchomp, M|
|poke|p2|Great Tusk|
|poke|p2|Sinistcha|
|poke|p2|Raging Bolt|
|teampreview
|inactive|Battle timer is ON: inactive players will automatically lose when time's up. (requested by TotallySkilled)
|
|t:|1757831116
|teamsize|p1|6
|teamsize|p2|6
|start
|switch|p1a: Regidrago|Regidrago|100/100
|switch|p2a: Araquanid|Araquanid, M|100/100
|turn|1
|
|t:|1757831127
|move|p2a: Araquanid|Endure|p2a: Araquanid
|-singleturn|p2a: Araquanid|move: Endure
|move|p1a: Regidrago|Dragon Energy|p2a: Araquanid
|-activate|p2a: Araquanid|move: Endure
|-damage|p2a: Araquanid|1/100
|
|upkeep
|turn|2
|-enditem|p2a: Araquanid|Custap Berry|[eat]
|-activate|p2a: Araquanid|item: Custap Berry|[consumed]
|
|t:|1757831135
|move|p2a: Araquanid|Sticky Web|p1a: Regidrago
|-sidestart|p1: flygonisdragon|move: Sticky Web
|move|p1a: Regidrago|Dragon Energy|p2a: Araquanid
|-damage|p2a: Araquanid|0 fnt
|faint|p2a: Araquanid
|
|upkeep
|
|t:|1757831151
|switch|p2a: Moltres|Moltres-Galar|100/100
|turn|3
|
|t:|1757831165
|-terastallize|p2a: Moltres|Fairy
|move|p2a: Moltres|Nasty Plot|p2a: Moltres
|-boost|p2a: Moltres|spa|2
|move|p1a: Regidrago|Dragon Energy|p2a: Moltres
|-immune|p2a: Moltres
|
|upkeep
|turn|4
|
|t:|1757831174
|switch|p1a: Fezandipiti|Fezandipiti, M|100/100
|move|p2a: Moltres|Nasty Plot|p2a: Moltres
|-boost|p2a: Moltres|spa|2
|
|upkeep
|turn|5
|
|t:|1757831179
|move|p2a: Moltres|Fiery Wrath|p1a: Fezandipiti
|-resisted|p1a: Fezandipiti
|-damage|p1a: Fezandipiti|67/100
|cant|p1a: Fezandipiti|flinch
|
|upkeep
|turn|6
|
|t:|1757831184
|move|p2a: Moltres|Fiery Wrath|p1a: Fezandipiti
|-resisted|p1a: Fezandipiti
|-damage|p1a: Fezandipiti|35/100
|move|p1a: Fezandipiti|Roost|p1a: Fezandipiti
|-heal|p1a: Fezandipiti|85/100
|-singleturn|p1a: Fezandipiti|move: Roost
|
|upkeep
|turn|7
|
|t:|1757831189
|move|p2a: Moltres|Taunt|p1a: Fezandipiti
|-start|p1a: Fezandipiti|move: Taunt
|move|p1a: Fezandipiti|Moonblast|p2a: Moltres
|-damage|p2a: Moltres|78/100
|-unboost|p2a: Moltres|spa|1
|
|-heal|p2a: Moltres|84/100|[from] item: Leftovers
|upkeep
|turn|8
|
|t:|1757831194
|move|p2a: Moltres|Fiery Wrath|p1a: Fezandipiti
|-resisted|p1a: Fezandipiti
|-damage|p1a: Fezandipiti|59/100
|move|p1a: Fezandipiti|Moonblast|p2a: Moltres
|-damage|p2a: Moltres|63/100
|
|-heal|p2a: Moltres|69/100|[from] item: Leftovers
|upkeep
|turn|9
|
|t:|1757831200
|move|p2a: Moltres|Nasty Plot|p2a: Moltres
|-boost|p2a: Moltres|spa|2
|move|p1a: Fezandipiti|Moonblast|p2a: Moltres
|-damage|p2a: Moltres|48/100
|-status|p2a: Moltres|tox|[from] ability: Toxic Chain|[of] p1a: Fezandipiti
|-ability|p2a: Moltres|Berserk|boost
|-boost|p2a: Moltres|spa|1
|
|-heal|p2a: Moltres|54/100 tox|[from] item: Leftovers
|-damage|p2a: Moltres|48/100 tox|[from] psn
|-end|p1a: Fezandipiti|move: Taunt
|upkeep
|turn|10
|
|t:|1757831210
|switch|p1a: Rillaboom|Rillaboom, M|100/100
|-activate|p1a: Rillaboom|move: Sticky Web
|-unboost|p1a: Rillaboom|spe|1
|-fieldstart|move: Grassy Terrain|[from] ability: Grassy Surge|[of] p1a: Rillaboom
|move|p2a: Moltres|Taunt|p1a: Rillaboom
|-start|p1a: Rillaboom|move: Taunt
|
|-heal|p2a: Moltres|54/100 tox|[from] Grassy Terrain
|-heal|p2a: Moltres|60/100 tox|[from] item: Leftovers
|-damage|p2a: Moltres|48/100 tox|[from] psn
|upkeep
|turn|11
|
|t:|1757831223
|switch|p2a: Garchomp|Garchomp, M|100/100
|move|p1a: Rillaboom|Grassy Glide|p2a: Garchomp
|-damage|p2a: Garchomp|64/100
|-damage|p1a: Rillaboom|88/100|[from] ability: Rough Skin|[of] p2a: Garchomp
|-damage|p1a: Rillaboom|72/100|[from] item: Rocky Helmet|[of] p2a: Garchomp
|
|-heal|p2a: Garchomp|70/100|[from] Grassy Terrain
|-heal|p1a: Rillaboom|78/100|[from] Grassy Terrain
|upkeep
|turn|12
|
|t:|1757831237
|switch|p1a: Regidrago|Regidrago|100/100
|-activate|p1a: Regidrago|move: Sticky Web
|-unboost|p1a: Regidrago|spe|1
|move|p2a: Garchomp|Stealth Rock|p1a: Regidrago
|-sidestart|p1: flygonisdragon|move: Stealth Rock
|
|-heal|p2a: Garchomp|76/100|[from] Grassy Terrain
|upkeep
|turn|13
|
|t:|1757831244
|switch|p2a: Moltres|Moltres-Galar, tera:Fairy|48/100 tox
|move|p1a: Regidrago|Draco Meteor|p2a: Moltres
|-immune|p2a: Moltres
|
|-heal|p2a: Moltres|54/100 tox|[from] Grassy Terrain
|-heal|p2a: Moltres|60/100 tox|[from] item: Leftovers
|-damage|p2a: Moltres|54/100 tox|[from] psn
|upkeep
|turn|14
|
|t:|1757831251
|switch|p2a: Garchomp|Garchomp, M|76/100
|switch|p1a: Fezandipiti|Fezandipiti, M|59/100
|
|-heal|p2a: Garchomp|82/100|[from] Grassy Terrain
|-heal|p1a: Fezandipiti|65/100|[from] Grassy Terrain
|-fieldend|move: Grassy Terrain
|upkeep
|turn|15
|
|t:|1757831255
|switch|p1a: Rillaboom|Rillaboom, M|78/100
|-activate|p1a: Rillaboom|move: Sticky Web
|-unboost|p1a: Rillaboom|spe|1
|-damage|p1a: Rillaboom|66/100|[from] Stealth Rock
|-fieldstart|move: Grassy Terrain|[from] ability: Grassy Surge|[of] p1a: Rillaboom
|move|p2a: Garchomp|Earthquake|p1a: Rillaboom
|-resisted|p1a: Rillaboom
|-damage|p1a: Rillaboom|55/100
|
|-heal|p2a: Garchomp|89/100|[from] Grassy Terrain
|-heal|p1a: Rillaboom|61/100|[from] Grassy Terrain
|upkeep
|turn|16
|
|t:|1757831258
|move|p2a: Garchomp|Spikes|p1a: Rillaboom
|-sidestart|p1: flygonisdragon|Spikes
|move|p1a: Rillaboom|Wood Hammer|p2a: Garchomp
|-damage|p2a: Garchomp|13/100
|-damage|p1a: Rillaboom|49/100|[from] ability: Rough Skin|[of] p2a: Garchomp
|-damage|p1a: Rillaboom|32/100|[from] item: Rocky Helmet|[of] p2a: Garchomp
|-damage|p1a: Rillaboom|2/100|[from] Recoil
|
|-heal|p2a: Garchomp|20/100|[from] Grassy Terrain
|-heal|p1a: Rillaboom|8/100|[from] Grassy Terrain
|upkeep
|turn|17
|
|t:|1757831261
|move|p2a: Garchomp|Spikes|p1a: Rillaboom
|-sidestart|p1: flygonisdragon|Spikes
|move|p1a: Rillaboom|Wood Hammer|p2a: Garchomp
|-damage|p2a: Garchomp|0 fnt
|-damage|p1a: Rillaboom|0 fnt|[from] ability: Rough Skin|[of] p2a: Garchomp
|faint|p2a: Garchomp
|faint|p1a: Rillaboom
|
|upkeep
|
|t:|1757831276
|switch|p1a: Volcanion|Volcanion|100/100
|switch|p2a: Great Tusk|Great Tusk|100/100
|-activate|p1a: Volcanion|move: Sticky Web
|-unboost|p1a: Volcanion|spe|1
|-damage|p1a: Volcanion|76/100|[from] Stealth Rock
|-damage|p1a: Volcanion|59/100|[from] Spikes
|-enditem|p2a: Great Tusk|Booster Energy
|-activate|p2a: Great Tusk|ability: Protosynthesis|[fromitem]
|-start|p2a: Great Tusk|protosynthesisatk
|turn|18
|
|t:|1757831284
|move|p2a: Great Tusk|Headlong Rush|p1a: Volcanion
|-supereffective|p1a: Volcanion
|-damage|p1a: Volcanion|0 fnt
|-unboost|p2a: Great Tusk|def|1
|-unboost|p2a: Great Tusk|spd|1
|faint|p1a: Volcanion
|
|upkeep
|
|t:|1757831292
|switch|p1a: Zamazenta|Zamazenta|100/100
|-activate|p1a: Zamazenta|move: Sticky Web
|-unboost|p1a: Zamazenta|spe|1
|-damage|p1a: Zamazenta|94/100|[from] Stealth Rock
|-damage|p1a: Zamazenta|78/100|[from] Spikes
|-ability|p1a: Zamazenta|Dauntless Shield|boost
|-boost|p1a: Zamazenta|def|1
|turn|19
|
|t:|1757831297
|-end|p2a: Great Tusk|Protosynthesis|[silent]
|switch|p2a: Sinistcha|Sinistcha|100/100
|move|p1a: Zamazenta|Body Press|p2a: Sinistcha
|-immune|p2a: Sinistcha
|
|-heal|p1a: Zamazenta|84/100|[from] Grassy Terrain
|-heal|p1a: Zamazenta|90/100|[from] item: Leftovers
|-fieldend|move: Grassy Terrain
|upkeep
|turn|20
|
|t:|1757831311
|switch|p1a: Regidrago|Regidrago|100/100
|-activate|p1a: Regidrago|move: Sticky Web
|-unboost|p1a: Regidrago|spe|1
|-damage|p1a: Regidrago|88/100|[from] Stealth Rock
|-damage|p1a: Regidrago|71/100|[from] Spikes
|switch|p2a: Great Tusk|Great Tusk|100/100
|
|upkeep
|turn|21
|
|t:|1757831314
|-end|p2a: Great Tusk|Protosynthesis|[silent]
|switch|p2a: Moltres|Moltres-Galar, tera:Fairy|54/100 tox
|move|p1a: Regidrago|Draco Meteor|p2a: Moltres
|-immune|p2a: Moltres
|
|-heal|p2a: Moltres|60/100 tox|[from] item: Leftovers
|-damage|p2a: Moltres|54/100 tox|[from] psn
|upkeep
|turn|22
|
|t:|1757831319
|move|p2a: Moltres|Taunt|p1a: Regidrago
|-start|p1a: Regidrago|move: Taunt
|move|p1a: Regidrago|Draco Meteor|p2a: Moltres
|-immune|p2a: Moltres
|
|-heal|p2a: Moltres|60/100 tox|[from] item: Leftovers
|-damage|p2a: Moltres|48/100 tox|[from] psn
|upkeep
|turn|23
|
|t:|1757831325
|switch|p1a: Fezandipiti|Fezandipiti, M|65/100
|move|p2a: Moltres|Fiery Wrath|p1a: Fezandipiti
|-resisted|p1a: Fezandipiti
|-damage|p1a: Fezandipiti|54/100
|
|-heal|p2a: Moltres|54/100 tox|[from] item: Leftovers
|-damage|p2a: Moltres|35/100 tox|[from] psn
|upkeep
|turn|24
|
|t:|1757831328
|switch|p2a: Great Tusk|Great Tusk|100/100
|move|p1a: Fezandipiti|Moonblast|p2a: Great Tusk
|-supereffective|p2a: Great Tusk
|-damage|p2a: Great Tusk|28/100
|
|upkeep
|turn|25
|
|t:|1757831334
|switch|p1a: Zamazenta|Zamazenta|90/100
|-activate|p1a: Zamazenta|move: Sticky Web
|-unboost|p1a: Zamazenta|spe|1
|-damage|p1a: Zamazenta|84/100|[from] Stealth Rock
|-damage|p1a: Zamazenta|68/100|[from] Spikes
|move|p2a: Great Tusk|Headlong Rush|p1a: Zamazenta
|-damage|p1a: Zamazenta|22/100
|-unboost|p2a: Great Tusk|def|1
|-unboost|p2a: Great Tusk|spd|1
|
|-heal|p1a: Zamazenta|28/100|[from] item: Leftovers
|upkeep
|turn|26
|
|t:|1757831351
|move|p2a: Great Tusk|Headlong Rush|p1a: Zamazenta
|-damage|p1a: Zamazenta|0 fnt
|-unboost|p2a: Great Tusk|def|1
|-unboost|p2a: Great Tusk|spd|1
|faint|p1a: Zamazenta
|
|upkeep
|
|t:|1757831363
|switch|p1a: Metagross|Metagross|100/100
|-activate|p1a: Metagross|move: Sticky Web
|-fail|p1a: Metagross|unboost|[from] ability: Clear Body|[of] p1a: Metagross
|-damage|p1a: Metagross|95/100|[from] Stealth Rock
|-damage|p1a: Metagross|78/100|[from] Spikes
|turn|27
|
|t:|1757831370
|-end|p2a: Great Tusk|Protosynthesis|[silent]
|switch|p2a: Sinistcha|Sinistcha|100/100
|-terastallize|p1a: Metagross|Grass
|move|p1a: Metagross|Meteor Mash|p2a: Sinistcha
|-damage|p2a: Sinistcha|52/100
|-damage|p1a: Metagross|68/100|[from] item: Life Orb
|
|upkeep
|turn|28
|
|t:|1757831381
|move|p1a: Metagross|Meteor Mash|p2a: Sinistcha
|-damage|p2a: Sinistcha|2/100
|-boost|p1a: Metagross|atk|1
|-damage|p1a: Metagross|58/100|[from] item: Life Orb
|move|p2a: Sinistcha|Shadow Ball|p1a: Metagross
|-damage|p1a: Metagross|17/100
|
|upkeep
|turn|29
|
|t:|1757831390
|move|p1a: Metagross|Psychic Fangs|p2a: Sinistcha
|-damage|p2a: Sinistcha|0 fnt
|faint|p2a: Sinistcha
|-damage|p1a: Metagross|7/100|[from] item: Life Orb
|
|upkeep
|
|t:|1757831394
|switch|p2a: Raging Bolt|Raging Bolt|100/100
|-enditem|p2a: Raging Bolt|Booster Energy
|-activate|p2a: Raging Bolt|ability: Protosynthesis|[fromitem]
|-start|p2a: Raging Bolt|protosynthesisspa
|turn|30
|
|t:|1757831396
|move|p2a: Raging Bolt|Thunderclap||[still]
|-fail|p2a: Raging Bolt
|move|p1a: Metagross|Stealth Rock|p2a: Raging Bolt
|-sidestart|p2: TotallySkilled|move: Stealth Rock
|
|upkeep
|turn|31
|
|t:|1757831399
|move|p2a: Raging Bolt|Thunderclap|p1a: Metagross
|-resisted|p1a: Metagross
|-damage|p1a: Metagross|0 fnt
|faint|p1a: Metagross
|
|upkeep
|
|t:|1757831403
|switch|p1a: Fezandipiti|Fezandipiti, M|54/100
|turn|32
|
|t:|1757831406
|move|p2a: Raging Bolt|Thunderbolt|p1a: Fezandipiti
|-damage|p1a: Fezandipiti|16/100
|move|p1a: Fezandipiti|Roost|p1a: Fezandipiti
|-heal|p1a: Fezandipiti|66/100
|-singleturn|p1a: Fezandipiti|move: Roost
|
|upkeep
|turn|33
|
|t:|1757831409
|move|p2a: Raging Bolt|Calm Mind|p2a: Raging Bolt
|-boost|p2a: Raging Bolt|spa|1
|-boost|p2a: Raging Bolt|spd|1
|move|p1a: Fezandipiti|Roost|p1a: Fezandipiti
|-heal|p1a: Fezandipiti|100/100
|-singleturn|p1a: Fezandipiti|move: Roost
|
|upkeep
|turn|34
|
|t:|1757831412
|move|p2a: Raging Bolt|Thunderbolt|p1a: Fezandipiti
|-damage|p1a: Fezandipiti|44/100
|move|p1a: Fezandipiti|Moonblast|p2a: Raging Bolt
|-supereffective|p2a: Raging Bolt
|-damage|p2a: Raging Bolt|70/100
|-unboost|p2a: Raging Bolt|spa|1
|
|upkeep
|turn|35
|
|t:|1757831417
|move|p2a: Raging Bolt|Calm Mind|p2a: Raging Bolt
|-boost|p2a: Raging Bolt|spa|1
|-boost|p2a: Raging Bolt|spd|1
|move|p1a: Fezandipiti|Roost|p1a: Fezandipiti
|-heal|p1a: Fezandipiti|94/100
|-singleturn|p1a: Fezandipiti|move: Roost
|
|upkeep
|turn|36
|
|t:|1757831419
|move|p2a: Raging Bolt|Thunderbolt|p1a: Fezandipiti
|-damage|p1a: Fezandipiti|40/100
|move|p1a: Fezandipiti|Moonblast|p2a: Raging Bolt
|-supereffective|p2a: Raging Bolt
|-damage|p2a: Raging Bolt|47/100
|-unboost|p2a: Raging Bolt|spa|1
|-status|p2a: Raging Bolt|tox|[from] ability: Toxic Chain|[of] p1a: Fezandipiti
|
|-damage|p2a: Raging Bolt|41/100 tox|[from] psn
|upkeep
|turn|37
|
|t:|1757831421
|move|p2a: Raging Bolt|Thunderbolt|p1a: Fezandipiti
|-damage|p1a: Fezandipiti|0 fnt
|faint|p1a: Fezandipiti
|
|-damage|p2a: Raging Bolt|29/100 tox|[from] psn
|upkeep
|
|t:|1757831423
|switch|p1a: Regidrago|Regidrago|71/100
|-activate|p1a: Regidrago|move: Sticky Web
|-unboost|p1a: Regidrago|spe|1
|-damage|p1a: Regidrago|59/100|[from] Stealth Rock
|-damage|p1a: Regidrago|42/100|[from] Spikes
|turn|38
|
|t:|1757831429
|move|p2a: Raging Bolt|Thunderclap|p1a: Regidrago
|-resisted|p1a: Regidrago
|-damage|p1a: Regidrago|15/100
|move|p1a: Regidrago|Earth Power|p2a: Raging Bolt
|-supereffective|p2a: Raging Bolt
|-damage|p2a: Raging Bolt|0 fnt
|faint|p2a: Raging Bolt
|-end|p2a: Raging Bolt|Protosynthesis|[silent]
|
|upkeep
|
|t:|1757831432
|switch|p2a: Great Tusk|Great Tusk|28/100
|-damage|p2a: Great Tusk|25/100|[from] Stealth Rock
|turn|39
|
|t:|1757831435
|move|p2a: Great Tusk|Headlong Rush|p1a: Regidrago
|-damage|p1a: Regidrago|0 fnt
|-unboost|p2a: Great Tusk|def|1
|-unboost|p2a: Great Tusk|spd|1
|faint|p1a: Regidrago
|
|win|TotallySkilled
|raw|flygonisdragon's rating: 1527 &rarr; <strong>1508</strong><br />(-19 for losing)
|raw|TotallySkilled's rating: 1542 &rarr; <strong>1561</strong><br />(+19 for winning)
|l|☆flygonisdragon
|player|p1|
|l|☆TotallySkilled
|player|p2|
