|j|☆Origamies
|j|☆Floop Noopulus
|t:|1757900211
|gametype|singles
|player|p1|Origamies|maylene|1531
|player|p2|Floop Noopulus|veteran|1446
|gen|9
|tier|[Gen 9] OU
|rated|
|rule|HP Percentage Mod: HP is shown in percentages
|rule|Endless Battle Clause: Forcing endless battles is banned
|rule|Species Clause: Limit one of each Pokémon
|rule|OHKO Clause: OHKO moves are banned
|rule|Evasion Items Clause: Evasion items are banned
|rule|Evasion Moves Clause: Evasion moves are banned
|rule|Evasion Abilities Clause: Evasion abilities are banned
|rule|Sleep Moves Clause: Sleep-inducing moves are banned
|clearpoke
|poke|p1|Lokix, M|
|poke|p1|Enamorus, F|
|poke|p1|Great Tusk|
|poke|p1|Alomomola, M|
|poke|p1|Pecharunt|
|poke|p1|Iron Crown|
|poke|p2|Sandy Shocks|
|poke|p2|Torkoal, F|
|poke|p2|Primarina, M|
|poke|p2|Great Tusk|
|poke|p2|Slither Wing|
|poke|p2|Hatterene, F|
|teampreview
|inactive|Battle timer is ON: inactive players will automatically lose when time's up. (requested by Floop Noopulus)
|
|t:|1757900227
|teamsize|p1|6
|teamsize|p2|6
|start
|switch|p1a: Great Tusk|Great Tusk|100/100
|switch|p2a: Torkoal|Torkoal, F|100/100
|-weather|SunnyDay|[from] ability: Drought|[of] p2a: Torkoal
|-activate|p1a: Great Tusk|ability: Protosynthesis
|-start|p1a: Great Tusk|protosynthesisatk
|turn|1
|
|t:|1757900235
|switch|p2a: Hatterene|Hatterene, F|100/100
|move|p1a: Great Tusk|Headlong Rush|p2a: Hatterene
|-damage|p2a: Hatterene|34/100
|-unboost|p1a: Great Tusk|def|1
|-unboost|p1a: Great Tusk|spd|1
|-enditem|p2a: Hatterene|Eject Button
|
|t:|1757900244
|switch|p2a: Sandy Shocks|Sandy Shocks|100/100
|-activate|p2a: Sandy Shocks|ability: Protosynthesis
|-start|p2a: Sandy Shocks|protosynthesisspa
|
|-weather|SunnyDay|[upkeep]
|upkeep
|turn|2
|
|t:|1757900248
|-end|p1a: Great Tusk|Protosynthesis|[silent]
|switch|p1a: Alomomola|Alomomola, M|100/100
|-terastallize|p2a: Sandy Shocks|Ice
|move|p2a: Sandy Shocks|Tera Blast|p1a: Alomomola|[anim] Tera Blast Ice
|-resisted|p1a: Alomomola
|-damage|p1a: Alomomola|84/100
|
|-weather|SunnyDay|[upkeep]
|upkeep
|turn|3
|
|t:|1757900256
|-end|p2a: Sandy Shocks|Protosynthesis|[silent]
|switch|p2a: Primarina|Primarina, M|100/100
|-terastallize|p1a: Alomomola|Fairy
|move|p1a: Alomomola|Mirror Coat||[still]
|-fail|p1a: Alomomola
|
|-weather|SunnyDay|[upkeep]
|upkeep
|turn|4
|
|t:|1757900260
|move|p2a: Primarina|Flip Turn|p1a: Alomomola
|-damage|p1a: Alomomola|79/100
|
|t:|1757900264
|switch|p2a: Slither Wing|Slither Wing|100/100|[from] Flip Turn
|-activate|p2a: Slither Wing|ability: Protosynthesis
|-start|p2a: Slither Wing|protosynthesisatk
|move|p1a: Alomomola|Mirror Coat||[still]
|-fail|p1a: Alomomola
|
|-weather|SunnyDay|[upkeep]
|upkeep
|turn|5
|
|t:|1757900266
|switch|p1a: Pecharunt|Pecharunt|100/100
|move|p2a: Slither Wing|Flare Blitz|p1a: Pecharunt
|-damage|p1a: Pecharunt|39/100
|-damage|p2a: Slither Wing|79/100|[from] Recoil
|
|-weather|SunnyDay|[upkeep]
|upkeep
|turn|6
|
|t:|1757900276
|switch|p1a: Alomomola|Alomomola, M, tera:Fairy|100/100
|move|p2a: Slither Wing|Flare Blitz|p1a: Alomomola
|-damage|p1a: Alomomola|15/100
|-damage|p2a: Slither Wing|40/100|[from] Recoil
|
|-weather|SunnyDay|[upkeep]
|upkeep
|turn|7
|
|t:|1757900298
|-end|p2a: Slither Wing|Protosynthesis|[silent]
|switch|p2a: Sandy Shocks|Sandy Shocks, tera:Ice|100/100
|-activate|p2a: Sandy Shocks|ability: Protosynthesis
|-start|p2a: Sandy Shocks|protosynthesisspa
|switch|p1a: Pecharunt|Pecharunt|39/100
|
|-weather|SunnyDay|[upkeep]
|upkeep
|turn|8
|
|t:|1757900304
|move|p2a: Sandy Shocks|Volt Switch|p1a: Pecharunt
|-damage|p1a: Pecharunt|0 fnt
|faint|p1a: Pecharunt
|
|t:|1757900310
|-end|p2a: Sandy Shocks|Protosynthesis|[silent]
|switch|p2a: Primarina|Primarina, M|100/100|[from] Volt Switch
|
|-weather|none
|upkeep
|
|t:|1757900314
|switch|p1a: Alomomola|Alomomola, M, tera:Fairy|48/100
|turn|9
|
|t:|1757900318
|move|p2a: Primarina|Moonblast|p1a: Alomomola
|-crit|p1a: Alomomola
|-damage|p1a: Alomomola|5/100
|move|p1a: Alomomola|Flip Turn|p2a: Primarina
|-resisted|p2a: Primarina
|-damage|p2a: Primarina|91/100
|
|t:|1757900323
|switch|p1a: Lokix|Lokix, M|100/100|[from] Flip Turn
|
|upkeep
|turn|10
|
|t:|1757900326
|move|p1a: Lokix|U-turn|p2a: Primarina
|-resisted|p2a: Primarina
|-damage|p2a: Primarina|52/100
|
|t:|1757900329
|switch|p1a: Alomomola|Alomomola, M, tera:Fairy|39/100|[from] U-turn
|move|p2a: Primarina|Flip Turn|p1a: Alomomola
|-damage|p1a: Alomomola|28/100
|
|t:|1757900338
|switch|p2a: Sandy Shocks|Sandy Shocks, tera:Ice|100/100|[from] Flip Turn
|
|upkeep
|turn|11
|
|t:|1757900346
|switch|p1a: Iron Crown|Iron Crown|100/100
|move|p2a: Sandy Shocks|Tera Blast|p1a: Iron Crown|[anim] Tera Blast Ice
|-resisted|p1a: Iron Crown
|-damage|p1a: Iron Crown|80/100
|
|upkeep
|turn|12
|
|t:|1757900351
|-end|p2a: Sandy Shocks|Protosynthesis|[silent]
|switch|p2a: Torkoal|Torkoal, F|100/100
|-weather|SunnyDay|[from] ability: Drought|[of] p2a: Torkoal
|move|p1a: Iron Crown|Volt Switch|p2a: Torkoal
|-damage|p2a: Torkoal|56/100
|
|t:|1757900353
|-end|p1a: Iron Crown|Quark Drive|[silent]
|switch|p1a: Great Tusk|Great Tusk|100/100|[from] Volt Switch
|-activate|p1a: Great Tusk|ability: Protosynthesis
|-start|p1a: Great Tusk|protosynthesisatk
|
|-weather|SunnyDay|[upkeep]
|upkeep
|turn|13
|
|t:|1757900366
|switch|p2a: Hatterene|Hatterene, F|34/100
|move|p1a: Great Tusk|Headlong Rush|p2a: Hatterene
|-damage|p2a: Hatterene|0 fnt
|-unboost|p1a: Great Tusk|def|1
|-unboost|p1a: Great Tusk|spd|1
|faint|p2a: Hatterene
|
|-weather|SunnyDay|[upkeep]
|upkeep
|
|t:|1757900371
|switch|p2a: Sandy Shocks|Sandy Shocks, tera:Ice|100/100
|-activate|p2a: Sandy Shocks|ability: Protosynthesis
|-start|p2a: Sandy Shocks|protosynthesisspa
|turn|14
|
|t:|1757900373
|-end|p1a: Great Tusk|Protosynthesis|[silent]
|switch|p1a: Alomomola|Alomomola, M, tera:Fairy|61/100
|move|p2a: Sandy Shocks|Volt Switch|p1a: Alomomola
|-damage|p1a: Alomomola|37/100
|
|t:|1757900377
|-end|p2a: Sandy Shocks|Protosynthesis|[silent]
|switch|p2a: Slither Wing|Slither Wing|40/100|[from] Volt Switch
|-activate|p2a: Slither Wing|ability: Protosynthesis
|-start|p2a: Slither Wing|protosynthesisatk
|
|-weather|SunnyDay|[upkeep]
|upkeep
|turn|15
|
|t:|1757900381
|switch|p1a: Great Tusk|Great Tusk|100/100
|-activate|p1a: Great Tusk|ability: Protosynthesis
|-start|p1a: Great Tusk|protosynthesisatk
|move|p2a: Slither Wing|Flare Blitz|p1a: Great Tusk
|-damage|p1a: Great Tusk|0 fnt
|faint|p1a: Great Tusk
|-end|p1a: Great Tusk|Protosynthesis|[silent]
|-damage|p2a: Slither Wing|6/100|[from] Recoil
|
|-weather|SunnyDay|[upkeep]
|upkeep
|
|t:|1757900383
|switch|p1a: Lokix|Lokix, M|100/100
|turn|16
|
|t:|1757900386
|-end|p2a: Slither Wing|Protosynthesis|[silent]
|switch|p2a: Great Tusk|Great Tusk|100/100
|-activate|p2a: Great Tusk|ability: Protosynthesis
|-start|p2a: Great Tusk|protosynthesisatk
|move|p1a: Lokix|First Impression|p2a: Great Tusk
|-resisted|p2a: Great Tusk
|-damage|p2a: Great Tusk|70/100
|
|-weather|SunnyDay|[upkeep]
|upkeep
|turn|17
|
|t:|1757900391
|switch|p1a: Enamorus|Enamorus, F|100/100
|move|p2a: Great Tusk|Rapid Spin|p1a: Enamorus
|-damage|p1a: Enamorus|62/100
|-boost|p2a: Great Tusk|spe|1
|
|-weather|SunnyDay|[upkeep]
|upkeep
|turn|18
|
|t:|1757900396
|move|p1a: Enamorus|Moonblast|p2a: Great Tusk
|-supereffective|p2a: Great Tusk
|-damage|p2a: Great Tusk|0 fnt
|faint|p2a: Great Tusk
|-end|p2a: Great Tusk|Protosynthesis|[silent]
|
|-weather|SunnyDay|[upkeep]
|upkeep
|
|t:|1757900399
|switch|p2a: Primarina|Primarina, M|52/100
|turn|19
|
|t:|1757900407
|switch|p1a: Alomomola|Alomomola, M, tera:Fairy|70/100
|move|p2a: Primarina|Weather Ball|p1a: Alomomola
|-damage|p1a: Alomomola|39/100
|
|-weather|none
|upkeep
|turn|20
|
|t:|1757900417
|move|p2a: Primarina|Flip Turn|p1a: Alomomola
|-damage|p1a: Alomomola|28/100
|
|t:|1757900419
|switch|p2a: Torkoal|Torkoal, F|56/100|[from] Flip Turn
|-weather|SunnyDay|[from] ability: Drought|[of] p2a: Torkoal
|move|p1a: Alomomola|Flip Turn|p2a: Torkoal
|-supereffective|p2a: Torkoal
|-damage|p2a: Torkoal|47/100
|
|t:|1757900432
|switch|p1a: Enamorus|Enamorus, F|62/100|[from] Flip Turn
|
|-weather|SunnyDay|[upkeep]
|upkeep
|turn|21
|
|t:|1757900438
|move|p1a: Enamorus|Earth Power|p2a: Torkoal
|-supereffective|p2a: Torkoal
|-damage|p2a: Torkoal|0 fnt
|faint|p2a: Torkoal
|
|-weather|SunnyDay|[upkeep]
|upkeep
|
|t:|1757900441
|switch|p2a: Primarina|Primarina, M|52/100
|turn|22
|
|t:|1757900445
|switch|p1a: Alomomola|Alomomola, M, tera:Fairy|62/100
|move|p2a: Primarina|Moonblast|p1a: Alomomola
|-damage|p1a: Alomomola|34/100
|
|-weather|SunnyDay|[upkeep]
|upkeep
|turn|23
|
|t:|1757900449
|move|p2a: Primarina|Moonblast|p1a: Alomomola
|-damage|p1a: Alomomola|3/100
|move|p1a: Alomomola|Flip Turn|p2a: Primarina
|-resisted|p2a: Primarina
|-crit|p2a: Primarina
|-damage|p2a: Primarina|46/100
|
|t:|1757900455
|switch|p1a: Iron Crown|Iron Crown|80/100|[from] Flip Turn
|
|-weather|SunnyDay|[upkeep]
|upkeep
|turn|24
|
|t:|1757900464
|switch|p2a: Sandy Shocks|Sandy Shocks, tera:Ice|100/100
|-activate|p2a: Sandy Shocks|ability: Protosynthesis
|-start|p2a: Sandy Shocks|protosynthesisspa
|move|p1a: Iron Crown|Volt Switch|p2a: Sandy Shocks
|-damage|p2a: Sandy Shocks|54/100
|
|t:|1757900470
|-end|p1a: Iron Crown|Quark Drive|[silent]
|switch|p1a: Alomomola|Alomomola, M, tera:Fairy|37/100|[from] Volt Switch
|
|-weather|SunnyDay|[upkeep]
|upkeep
|turn|25
|
|t:|1757900474
|move|p2a: Sandy Shocks|Thunderbolt|p1a: Alomomola
|-damage|p1a: Alomomola|0 fnt
|faint|p1a: Alomomola
|
|-weather|SunnyDay|[upkeep]
|upkeep
|
|t:|1757900478
|switch|p1a: Lokix|Lokix, M|100/100
|turn|26
|
|t:|1757900490
|move|p1a: Lokix|First Impression|p2a: Sandy Shocks
|-damage|p2a: Sandy Shocks|5/100
|move|p2a: Sandy Shocks|Thunderbolt|p1a: Lokix
|-damage|p1a: Lokix|0 fnt
|faint|p1a: Lokix
|
|-weather|SunnyDay|[upkeep]
|upkeep
|
|t:|1757900498
|switch|p1a: Enamorus|Enamorus, F|62/100
|turn|27
|
|t:|1757900501
|move|p1a: Enamorus|Moonblast|p2a: Sandy Shocks
|-damage|p2a: Sandy Shocks|0 fnt
|faint|p2a: Sandy Shocks
|-end|p2a: Sandy Shocks|Protosynthesis|[silent]
|
|-weather|none
|upkeep
|
|t:|1757900502
|switch|p2a: Primarina|Primarina, M|46/100
|turn|28
|
|t:|1757900504
|move|p1a: Enamorus|Moonblast|p2a: Primarina
|-damage|p2a: Primarina|15/100
|move|p2a: Primarina|Flip Turn|p1a: Enamorus
|-crit|p1a: Enamorus
|-damage|p1a: Enamorus|6/100
|
|t:|1757900507
|switch|p2a: Slither Wing|Slither Wing|6/100|[from] Flip Turn
|
|upkeep
|turn|29
|
|t:|1757900510
|move|p2a: Slither Wing|First Impression|p1a: Enamorus
|-resisted|p1a: Enamorus
|-damage|p1a: Enamorus|0 fnt
|faint|p1a: Enamorus
|
|upkeep
|
|t:|1757900512
|switch|p1a: Iron Crown|Iron Crown|80/100
|turn|30
|
|t:|1757900517
|-end|p2a: Slither Wing|Protosynthesis|[silent]
|switch|p2a: Primarina|Primarina, M|15/100
|move|p1a: Iron Crown|Tachyon Cutter|p2a: Primarina
|-damage|p2a: Primarina|0 fnt
|faint|p2a: Primarina
|-hitcount|p2: Primarina|1
|
|upkeep
|
|t:|1757900519
|switch|p2a: Slither Wing|Slither Wing|6/100
|turn|31
|
|t:|1757900521
|move|p2a: Slither Wing|First Impression|p1a: Iron Crown
|-damage|p1a: Iron Crown|0 fnt
|faint|p1a: Iron Crown
|-end|p1a: Iron Crown|Quark Drive|[silent]
|
|win|Floop Noopulus
|raw|Origamies's rating: 1531 &rarr; <strong>1506</strong><br />(-25 for losing)
|raw|Floop Noopulus's rating: 1446 &rarr; <strong>1471</strong><br />(+25 for winning)
|c|☆Floop Noopulus|Gg
|c|☆Origamies|gg
