|j|☆FirstlyMe
|j|☆Dreadblaze
|t:|1757839349
|gametype|singles
|player|p1|FirstlyMe|turo-ai|1450
|player|p2|Dreadblaze|dancer|1417
|gen|9
|tier|[Gen 9] OU
|rated|
|rule|HP Percentage Mod: HP is shown in percentages
|rule|Endless Battle Clause: Forcing endless battles is banned
|rule|Species Clause: Limit one of each Pokémon
|rule|OHKO Clause: OHKO moves are banned
|rule|Evasion Items Clause: Evasion items are banned
|rule|Evasion Moves Clause: Evasion moves are banned
|rule|Evasion Abilities Clause: Evasion abilities are banned
|rule|Sleep Moves Clause: Sleep-inducing moves are banned
|clearpoke
|poke|p1|Kingambit, F|
|poke|p1|Deoxys-Speed|
|poke|p1|Great Tusk|
|poke|p1|Dragonite, M|
|poke|p1|Iron Moth|
|poke|p1|Primarina, F|
|poke|p2|Zamazenta-*|
|poke|p2|Darkrai|
|poke|p2|Skeledirge, M|
|poke|p2|Tentacruel, M|
|poke|p2|Mamoswine, M|
|poke|p2|Rillaboom, M|
|teampreview
|
|t:|1757839362
|teamsize|p1|6
|teamsize|p2|6
|start
|switch|p1a: Siren|Primarina, F|100/100
|switch|p2a: Skeledirge|Skeledirge, M|100/100
|turn|1
|
|t:|1757839373
|switch|p2a: Tentacruel|Tentacruel, M|100/100
|move|p1a: Siren|Whirlpool|p2a: Tentacruel
|-resisted|p2a: Tentacruel
|-damage|p2a: Tentacruel|93/100
|-activate|p2a: Tentacruel|move: Whirlpool|[of] p1a: Siren
|
|-damage|p2a: Tentacruel|80/100|[from] move: Whirlpool|[partiallytrapped]
|upkeep
|turn|2
|
|t:|1757839378
|move|p2a: Tentacruel|Rapid Spin|p1a: Siren
|-damage|p1a: Siren|90/100
|-boost|p2a: Tentacruel|spe|1
|-end|p2a: Tentacruel|Whirlpool|[partiallytrapped]
|move|p1a: Siren|Psychic Noise|p2a: Tentacruel
|-supereffective|p2a: Tentacruel
|-damage|p2a: Tentacruel|35/100
|-start|p2a: Tentacruel|move: Heal Block
|
|upkeep
|turn|3
|
|t:|1757839386
|move|p2a: Tentacruel|Flip Turn|p1a: Siren
|-resisted|p1a: Siren
|-damage|p1a: Siren|80/100
|
|t:|1757839392
|switch|p2a: Rillaboom|Rillaboom, M|100/100|[from] Flip Turn
|-fieldstart|move: Grassy Terrain|[from] ability: Grassy Surge|[of] p2a: Rillaboom
|move|p1a: Siren|Moonblast|p2a: Rillaboom
|-damage|p2a: Rillaboom|30/100
|-unboost|p2a: Rillaboom|spa|1
|
|-heal|p2a: Rillaboom|36/100|[from] Grassy Terrain
|-heal|p1a: Siren|86/100|[from] Grassy Terrain
|upkeep
|turn|4
|
|t:|1757839400
|switch|p1a: Anomаly|Iron Moth|100/100
|-enditem|p1a: Anomаly|Booster Energy
|-activate|p1a: Anomаly|ability: Quark Drive|[fromitem]
|-start|p1a: Anomаly|quarkdrivespe
|move|p2a: Rillaboom|Drum Beating|p1a: Anomаly
|-resisted|p1a: Anomаly
|-damage|p1a: Anomаly|74/100
|-unboost|p1a: Anomаly|spe|1
|
|-heal|p1a: Anomаly|80/100|[from] Grassy Terrain
|-heal|p2a: Rillaboom|42/100|[from] Grassy Terrain
|upkeep
|turn|5
|
|t:|1757839411
|switch|p2a: Tentacruel|Tentacruel, M|35/100
|move|p1a: Anomаly|Toxic Spikes|p2a: Tentacruel
|-sidestart|p2: Dreadblaze|move: Toxic Spikes
|
|-heal|p1a: Anomаly|86/100|[from] Grassy Terrain
|-heal|p2a: Tentacruel|41/100|[from] Grassy Terrain
|upkeep
|turn|6
|
|t:|1757839421
|move|p1a: Anomаly|Fiery Dance|p2a: Tentacruel
|-resisted|p2a: Tentacruel
|-damage|p2a: Tentacruel|26/100
|move|p2a: Tentacruel|Flip Turn|p1a: Anomаly
|-supereffective|p1a: Anomаly
|-damage|p1a: Anomаly|44/100
|
|t:|1757839454
|switch|p2a: Darkrai|Darkrai|100/100|[from] Flip Turn
|-status|p2a: Darkrai|psn
|
|-heal|p1a: Anomаly|50/100|[from] Grassy Terrain
|-damage|p2a: Darkrai|88/100 psn|[from] psn
|upkeep
|turn|7
|
|t:|1757839457
|move|p2a: Darkrai|Psychic|p1a: Anomаly
|-supereffective|p1a: Anomаly
|-damage|p1a: Anomаly|0 fnt
|faint|p1a: Anomаly
|-end|p1a: Anomаly|Quark Drive|[silent]
|
|-heal|p2a: Darkrai|94/100 psn|[from] Grassy Terrain
|-damage|p2a: Darkrai|82/100 psn|[from] psn
|-fieldend|move: Grassy Terrain
|upkeep
|
|t:|1757839464
|switch|p1a: Moebius|Deoxys-Speed|100/100
|-ability|p1a: Moebius|Pressure
|turn|8
|
|t:|1757839470
|switch|p2a: Tentacruel|Tentacruel, M|26/100
|-sideend|p2: Dreadblaze|move: Toxic Spikes|[of] p2a: Tentacruel
|move|p1a: Moebius|Focus Blast|p2a: Tentacruel
|-resisted|p2a: Tentacruel
|-damage|p2a: Tentacruel|6/100
|-damage|p1a: Moebius|91/100|[from] item: Life Orb
|
|upkeep
|turn|9
|
|t:|1757839485
|switch|p2a: Mamoswine|Mamoswine, M|100/100
|move|p1a: Moebius|Shadow Ball|p2a: Mamoswine
|-damage|p2a: Mamoswine|80/100
|-unboost|p2a: Mamoswine|spd|1
|-damage|p1a: Moebius|81/100|[from] item: Life Orb
|
|upkeep
|turn|10
|
|t:|1757839490
|move|p1a: Moebius|Focus Blast|p2a: Mamoswine
|-supereffective|p2a: Mamoswine
|-damage|p2a: Mamoswine|0 fnt
|faint|p2a: Mamoswine
|-damage|p1a: Moebius|71/100|[from] item: Life Orb
|
|upkeep
|
|t:|1757839495
|switch|p2a: Rillaboom|Rillaboom, M|42/100
|-fieldstart|move: Grassy Terrain|[from] ability: Grassy Surge|[of] p2a: Rillaboom
|turn|11
|
|t:|1757839498
|switch|p1a: Meruem|Kingambit, F|100/100
|-activate|p1a: Meruem|ability: Supreme Overlord
|-start|p1a: Meruem|fallen1|[silent]
|move|p2a: Rillaboom|Grassy Glide|p1a: Meruem
|-resisted|p1a: Meruem
|-damage|p1a: Meruem|78/100
|
|-heal|p2a: Rillaboom|49/100|[from] Grassy Terrain
|-heal|p1a: Meruem|84/100|[from] Grassy Terrain
|-heal|p1a: Meruem|90/100|[from] item: Leftovers
|upkeep
|turn|12
|
|t:|1757839503
|switch|p2a: Zamazenta|Zamazenta|100/100
|-ability|p2a: Zamazenta|Dauntless Shield|boost
|-boost|p2a: Zamazenta|def|1
|move|p1a: Meruem|Iron Head|p2a: Zamazenta
|-damage|p2a: Zamazenta|67/100
|
|-heal|p2a: Zamazenta|73/100|[from] Grassy Terrain
|-heal|p1a: Meruem|96/100|[from] Grassy Terrain
|-heal|p1a: Meruem|100/100|[from] item: Leftovers
|upkeep
|turn|13
|
|t:|1757839512
|-terastallize|p1a: Meruem|Ghost
|move|p2a: Zamazenta|Close Combat|p1a: Meruem
|-immune|p1a: Meruem
|move|p1a: Meruem|Swords Dance|p1a: Meruem
|-boost|p1a: Meruem|atk|2
|
|-heal|p2a: Zamazenta|80/100|[from] Grassy Terrain
|upkeep
|turn|14
|
|t:|1757839516
|-terastallize|p2a: Zamazenta|Dark
|move|p2a: Zamazenta|Crunch|p1a: Meruem
|-supereffective|p1a: Meruem
|-damage|p1a: Meruem|11/100
|-damage|p2a: Zamazenta|70/100|[from] item: Life Orb
|move|p1a: Meruem|Iron Head|p2a: Zamazenta
|-damage|p2a: Zamazenta|6/100
|
|-heal|p2a: Zamazenta|12/100|[from] Grassy Terrain
|-heal|p1a: Meruem|17/100|[from] Grassy Terrain
|-heal|p1a: Meruem|23/100|[from] item: Leftovers
|upkeep
|turn|15
|
|t:|1757839534
|switch|p2a: Rillaboom|Rillaboom, M|49/100
|move|p1a: Meruem|Sucker Punch||[still]
|-fail|p1a: Meruem
|
|-heal|p2a: Rillaboom|55/100|[from] Grassy Terrain
|-heal|p1a: Meruem|29/100|[from] Grassy Terrain
|-heal|p1a: Meruem|35/100|[from] item: Leftovers
|-fieldend|move: Grassy Terrain
|upkeep
|turn|16
|
|t:|1757839543
|move|p1a: Meruem|Sucker Punch|p2a: Rillaboom
|-damage|p2a: Rillaboom|0 fnt
|faint|p2a: Rillaboom
|
|-heal|p1a: Meruem|41/100|[from] item: Leftovers
|upkeep
|
|t:|1757839546
|switch|p2a: Skeledirge|Skeledirge, M|100/100
|turn|17
|
|t:|1757839548
|move|p2a: Skeledirge|Will-O-Wisp|p1a: Meruem|[miss]
|-miss|p2a: Skeledirge|p1a: Meruem
|move|p1a: Meruem|Kowtow Cleave|p2a: Skeledirge
|-supereffective|p2a: Skeledirge
|-damage|p2a: Skeledirge|28/100
|
|-heal|p1a: Meruem|47/100|[from] item: Leftovers
|upkeep
|turn|18
|
|t:|1757839551
|move|p2a: Skeledirge|Will-O-Wisp|p1a: Meruem
|-status|p1a: Meruem|brn
|move|p1a: Meruem|Kowtow Cleave|p2a: Skeledirge
|-supereffective|p2a: Skeledirge
|-damage|p2a: Skeledirge|0 fnt
|faint|p2a: Skeledirge
|
|-heal|p1a: Meruem|53/100 brn|[from] item: Leftovers
|-damage|p1a: Meruem|47/100 brn|[from] brn
|upkeep
|
|t:|1757839556
|switch|p2a: Darkrai|Darkrai|82/100 psn
|turn|19
|
|t:|1757839566
|move|p1a: Meruem|Sucker Punch|p2a: Darkrai
|-resisted|p2a: Darkrai
|-damage|p2a: Darkrai|51/100 psn
|move|p2a: Darkrai|Dark Pulse|p1a: Meruem
|-supereffective|p1a: Meruem
|-damage|p1a: Meruem|0 fnt
|faint|p1a: Meruem
|-end|p1a: Meruem|fallen1|[silent]
|
|-damage|p2a: Darkrai|38/100 psn|[from] psn
|upkeep
|
|t:|1757839573
|switch|p1a: Yoshi|Dragonite, M, shiny|100/100
|turn|20
|
|t:|1757839577
|move|p1a: Yoshi|Extreme Speed|p2a: Darkrai
|-damage|p2a: Darkrai|0 fnt
|faint|p2a: Darkrai
|
|upkeep
|-message|Dreadblaze forfeited.
|
|win|FirstlyMe
|raw|FirstlyMe's rating: 1450 &rarr; <strong>1468</strong><br />(+18 for winning)
|raw|Dreadblaze's rating: 1417 &rarr; <strong>1399</strong><br />(-18 for losing)
|l|☆Dreadblaze
|player|p2|
|l|☆FirstlyMe
|player|p1|
