|j|☆LordXenIII
|j|☆UltraB0I66
|t:|1757957419
|gametype|singles
|player|p1|LordXenIII|265|1220
|player|p2|UltraB0I66|plasmagrunt-gen5bw|1178
|gen|9
|tier|[Gen 9] OU
|rated|
|rule|HP Percentage Mod: HP is shown in percentages
|rule|Endless Battle Clause: Forcing endless battles is banned
|rule|Species Clause: Limit one of each Pokémon
|rule|OHKO Clause: OHKO moves are banned
|rule|Evasion Items Clause: Evasion items are banned
|rule|Evasion Moves Clause: Evasion moves are banned
|rule|Evasion Abilities Clause: Evasion abilities are banned
|rule|Sleep Moves Clause: Sleep-inducing moves are banned
|clearpoke
|poke|p1|Great Tusk|
|poke|p1|Heatran, M|
|poke|p1|Weavile, M|
|poke|p1|Primarina, M|
|poke|p1|Ogerpon, F|
|poke|p1|Pecharunt|
|poke|p2|Samurott-Hisui, M|
|poke|p2|Serperior, M|
|poke|p2|Iron Jugulis|
|poke|p2|Hydreigon, M|
|poke|p2|Cinccino, F|
|poke|p2|Skeledirge, M|
|teampreview
|inactive|Battle timer is ON: inactive players will automatically lose when time's up. (requested by UltraB0I66)
|inactive|LordXenIII has 120 seconds left.
|
|t:|1757957538
|teamsize|p1|6
|teamsize|p2|6
|start
|switch|p1a: Celestine|Primarina, M, shiny|100/100
|switch|p2a: Samurott|Samurott-Hisui, M|100/100
|turn|1
|
|t:|1757957556
|move|p2a: Samurott|Megahorn|p1a: Celestine
|-resisted|p1a: Celestine
|-damage|p1a: Celestine|67/100
|move|p1a: Celestine|Flip Turn|p2a: Samurott
|-resisted|p2a: Samurott
|-damage|p2a: Samurott|91/100
|
|t:|1757957562
|switch|p1a: Anonymous|Ogerpon, F|100/100|[from] Flip Turn
|
|upkeep
|turn|2
|
|t:|1757957567
|move|p1a: Anonymous|Ivy Cudgel|p2a: Samurott
|-supereffective|p2a: Samurott
|-damage|p2a: Samurott|0 fnt
|faint|p2a: Samurott
|
|upkeep
|
|t:|1757957572
|switch|p2a: Skeledirge|Skeledirge, M, shiny|100/100
|turn|3
|
|t:|1757957581
|switch|p1a: Chaos|Heatran, M, shiny|100/100
|-item|p1a: Chaos|Air Balloon
|move|p2a: Skeledirge|Torch Song|p1a: Chaos
|-start|p1a: Chaos|ability: Flash Fire
|
|upkeep
|turn|4
|
|t:|1757957598
|switch|p2a: Iron Jugulis|Iron Jugulis|100/100
|-enditem|p2a: Iron Jugulis|Booster Energy
|-activate|p2a: Iron Jugulis|ability: Quark Drive|[fromitem]
|-start|p2a: Iron Jugulis|quarkdrivespa
|move|p1a: Chaos|Stealth Rock|p2a: Iron Jugulis
|-sidestart|p2: UltraB0I66|move: Stealth Rock
|
|upkeep
|turn|5
|
|t:|1757957621
|move|p2a: Iron Jugulis|Air Slash|p1a: Chaos
|-resisted|p1a: Chaos
|-crit|p1a: Chaos
|-damage|p1a: Chaos|60/100
|-enditem|p1a: Chaos|Air Balloon
|cant|p1a: Chaos|flinch
|
|upkeep
|turn|6
|
|t:|1757957633
|move|p2a: Iron Jugulis|Dark Pulse|p1a: Chaos
|-damage|p1a: Chaos|4/100
|cant|p1a: Chaos|flinch
|
|upkeep
|turn|7
|inactive|LordXenIII has 120 seconds left.
|
|t:|1757957657
|move|p2a: Iron Jugulis|Air Slash|p1a: Chaos
|-resisted|p1a: Chaos
|-damage|p1a: Chaos|0 fnt
|faint|p1a: Chaos
|
|upkeep
|inactive|LordXenIII has 120 seconds left.
|
|t:|1757957666
|switch|p1a: Bandit|Weavile, M, shiny|100/100
|-ability|p1a: Bandit|Pressure
|turn|8
|
|t:|1757957672
|-end|p2a: Iron Jugulis|Quark Drive|[silent]
|switch|p2a: Skeledirge|Skeledirge, M, shiny|100/100
|-damage|p2a: Skeledirge|75/100|[from] Stealth Rock
|move|p1a: Bandit|Triple Axel|p2a: Skeledirge
|-resisted|p2a: Skeledirge
|-damage|p2a: Skeledirge|69/100
|-resisted|p2a: Skeledirge
|-damage|p2a: Skeledirge|58/100
|-resisted|p2a: Skeledirge
|-damage|p2a: Skeledirge|38/100
|-hitcount|p2a: Skeledirge|3
|
|-heal|p2a: Skeledirge|44/100|[from] item: Leftovers
|upkeep
|turn|9
|inactive|LordXenIII has 120 seconds left.
|
|t:|1757957697
|move|p1a: Bandit|Triple Axel|p2a: Skeledirge
|-resisted|p2a: Skeledirge
|-damage|p2a: Skeledirge|38/100
|-resisted|p2a: Skeledirge
|-damage|p2a: Skeledirge|26/100
|-resisted|p2a: Skeledirge
|-damage|p2a: Skeledirge|9/100
|-hitcount|p2a: Skeledirge|3
|move|p2a: Skeledirge|Slack Off|p2a: Skeledirge
|-heal|p2a: Skeledirge|59/100
|
|-heal|p2a: Skeledirge|65/100|[from] item: Leftovers
|upkeep
|turn|10
|inactive|LordXenIII has 120 seconds left.
|
|t:|1757957708
|switch|p1a: Behemoth|Great Tusk, shiny|100/100
|move|p2a: Skeledirge|Slack Off|p2a: Skeledirge
|-heal|p2a: Skeledirge|100/100
|
|upkeep
|turn|11
|inactive|LordXenIII has 120 seconds left.
|
|t:|1757957720
|-terastallize|p2a: Skeledirge|Fairy
|move|p1a: Behemoth|Rapid Spin|p2a: Skeledirge
|-damage|p2a: Skeledirge|86/100
|-boost|p1a: Behemoth|spe|1
|move|p2a: Skeledirge|Tera Blast|p1a: Behemoth|[anim] Tera Blast Fairy
|-supereffective|p1a: Behemoth
|-damage|p1a: Behemoth|0 fnt
|faint|p1a: Behemoth
|-end|p1a: Behemoth|Protosynthesis|[silent]
|
|-heal|p2a: Skeledirge|92/100|[from] item: Leftovers
|upkeep
|inactive|LordXenIII has 120 seconds left.
|
|t:|1757957736
|switch|p1a: Anonymous|Ogerpon, F|100/100
|turn|12
|
|t:|1757957759
|move|p1a: Anonymous|Ivy Cudgel|p2a: Skeledirge
|-damage|p2a: Skeledirge|26/100
|move|p2a: Skeledirge|Slack Off|p2a: Skeledirge
|-heal|p2a: Skeledirge|76/100
|
|-heal|p2a: Skeledirge|82/100|[from] item: Leftovers
|upkeep
|turn|13
|
|t:|1757957766
|move|p1a: Anonymous|Ivy Cudgel|p2a: Skeledirge
|-damage|p2a: Skeledirge|21/100
|move|p2a: Skeledirge|Torch Song|p1a: Anonymous
|-supereffective|p1a: Anonymous
|-crit|p1a: Anonymous
|-damage|p1a: Anonymous|0 fnt
|-boost|p2a: Skeledirge|spa|1
|faint|p1a: Anonymous
|
|-heal|p2a: Skeledirge|27/100|[from] item: Leftovers
|upkeep
|
|t:|1757957784
|switch|p1a: Bandit|Weavile, M, shiny|100/100
|-ability|p1a: Bandit|Pressure
|turn|14
|
|t:|1757957791
|move|p1a: Bandit|Triple Axel|p2a: Skeledirge
|-damage|p2a: Skeledirge|15/100
|-damage|p2a: Skeledirge|0 fnt
|faint|p2a: Skeledirge
|-hitcount|p2: Skeledirge|2
|
|upkeep
|
|t:|1757957797
|switch|p2a: Cinccino|Cinccino, F|100/100
|-damage|p2a: Cinccino|88/100|[from] Stealth Rock
|turn|15
|inactive|LordXenIII has 120 seconds left.
|
|t:|1757957803
|switch|p1a: Overseer|Pecharunt|100/100
|move|p2a: Cinccino|Tidy Up|p2a: Cinccino
|-sideend|p2: UltraB0I66|Stealth Rock
|-activate|p2a: Cinccino|move: Tidy Up
|-boost|p2a: Cinccino|atk|1
|-boost|p2a: Cinccino|spe|1
|
|upkeep
|turn|16
|
|t:|1757957810
|move|p2a: Cinccino|Triple Axel|p1a: Overseer
|-damage|p1a: Overseer|94/100
|-damage|p2a: Cinccino|72/100|[from] item: Rocky Helmet|[of] p1a: Overseer
|-damage|p1a: Overseer|80/100
|-damage|p2a: Cinccino|55/100|[from] item: Rocky Helmet|[of] p1a: Overseer
|-damage|p1a: Overseer|61/100
|-damage|p2a: Cinccino|39/100|[from] item: Rocky Helmet|[of] p1a: Overseer
|-hitcount|p1a: Overseer|3
|move|p1a: Overseer|Malignant Chain|p2a: Cinccino
|-damage|p2a: Cinccino|0 fnt
|faint|p2a: Cinccino
|
|upkeep
|
|t:|1757957829
|switch|p2a: Hydreigon|Hydreigon, M|100/100
|turn|17
|inactive|LordXenIII has 120 seconds left.
|inactive|LordXenIII has 90 seconds left.
|inactive|LordXenIII has 60 seconds left.
|
|t:|1757957914
|switch|p1a: Celestine|Primarina, M, shiny|67/100
|move|p2a: Hydreigon|Thunder Wave|p1a: Celestine
|-status|p1a: Celestine|par
|
|upkeep
|turn|18
|
|t:|1757957920
|switch|p2a: Serperior|Serperior, M, shiny|100/100
|cant|p1a: Celestine|par
|
|upkeep
|turn|19
|
|t:|1757957926
|switch|p1a: Overseer|Pecharunt|61/100
|move|p2a: Serperior|Substitute|p2a: Serperior
|-start|p2a: Serperior|Substitute
|-damage|p2a: Serperior|75/100
|
|upkeep
|turn|20
|
|t:|1757957931
|move|p2a: Serperior|Leaf Storm|p1a: Overseer
|-resisted|p1a: Overseer
|-damage|p1a: Overseer|28/100
|-boost|p2a: Serperior|spa|2
|-damage|p2a: Serperior|66/100|[from] item: Life Orb
|move|p1a: Overseer|Malignant Chain|p2a: Serperior
|-supereffective|p2a: Serperior
|-end|p2a: Serperior|Substitute
|
|upkeep
|turn|21
|inactive|LordXenIII has 60 seconds left.
|
|t:|1757957982
|move|p2a: Serperior|Leaf Storm|p1a: Overseer
|-resisted|p1a: Overseer
|-damage|p1a: Overseer|0 fnt
|-boost|p2a: Serperior|spa|2
|faint|p1a: Overseer
|-damage|p2a: Serperior|56/100|[from] item: Life Orb
|
|upkeep
|
|t:|1757957988
|switch|p1a: Bandit|Weavile, M, shiny|100/100
|-ability|p1a: Bandit|Pressure
|turn|22
|
|t:|1757957998
|move|p1a: Bandit|Triple Axel|p2a: Serperior
|-supereffective|p2a: Serperior
|-damage|p2a: Serperior|18/100
|-supereffective|p2a: Serperior
|-damage|p2a: Serperior|0 fnt
|faint|p2a: Serperior
|-hitcount|p2: Serperior|2
|
|upkeep
|
|t:|1757958006
|switch|p2a: Iron Jugulis|Iron Jugulis|100/100
|turn|23
|
|t:|1757958013
|move|p1a: Bandit|Triple Axel|p2a: Iron Jugulis
|-supereffective|p2a: Iron Jugulis
|-damage|p2a: Iron Jugulis|66/100
|-supereffective|p2a: Iron Jugulis
|-damage|p2a: Iron Jugulis|2/100
|-supereffective|p2a: Iron Jugulis
|-damage|p2a: Iron Jugulis|0 fnt
|faint|p2a: Iron Jugulis
|-end|p2a: Iron Jugulis|Quark Drive|[silent]
|-hitcount|p2: Iron Jugulis|3
|
|upkeep
|
|t:|1757958020
|switch|p2a: Hydreigon|Hydreigon, M|100/100
|turn|24
|
|t:|1757958028
|move|p1a: Bandit|Triple Axel|p2a: Hydreigon
|-supereffective|p2a: Hydreigon
|-damage|p2a: Hydreigon|66/100
|-supereffective|p2a: Hydreigon
|-damage|p2a: Hydreigon|0 fnt
|faint|p2a: Hydreigon
|-hitcount|p2: Hydreigon|2
|
|win|LordXenIII
|raw|LordXenIII's rating: 1220 &rarr; <strong>1242</strong><br />(+22 for winning)
|raw|UltraB0I66's rating: 1178 &rarr; <strong>1156</strong><br />(-22 for losing)
|l|☆UltraB0I66
|player|p2|
