|j|☆happyorunhappy春和景明
|j|☆ojjohi
|t:|1757939028
|gametype|singles
|player|p1|happyorunhappy春和景明|iono|1479
|player|p2|ojjohi|lucas-gen4pt|1457
|gen|9
|tier|[Gen 9] OU
|rated|
|rule|HP Percentage Mod: HP is shown in percentages
|rule|Endless Battle Clause: Forcing endless battles is banned
|rule|Species Clause: Limit one of each Pokémon
|rule|OHKO Clause: OHKO moves are banned
|rule|Evasion Items Clause: Evasion items are banned
|rule|Evasion Moves Clause: Evasion moves are banned
|rule|Evasion Abilities Clause: Evasion abilities are banned
|rule|Sleep Moves Clause: Sleep-inducing moves are banned
|clearpoke
|poke|p1|Tyranitar, M|
|poke|p1|Excadrill, M|
|poke|p1|Espeon, F|
|poke|p1|Tornadus-Therian, M|
|poke|p1|Hydrapple, M|
|poke|p1|Heatran, M|
|poke|p2|Torkoal, F|
|poke|p2|Hatterene, F|
|poke|p2|Raging Bolt|
|poke|p2|Slither Wing|
|poke|p2|Venusaur, F|
|poke|p2|Walking Wake|
|teampreview
|
|t:|1757939035
|teamsize|p1|6
|teamsize|p2|6
|start
|switch|p1a: Tyranitar|Tyranitar, M, shiny|100/100
|switch|p2a: Slither Wing|Slither Wing|100/100
|-weather|Sandstorm|[from] ability: Sand Stream|[of] p1a: Tyranitar
|turn|1
|
|t:|1757939041
|switch|p1a: Heatran|Heatran, M, shiny|100/100
|move|p2a: Slither Wing|U-turn|p1a: Heatran
|-resisted|p1a: Heatran
|-damage|p1a: Heatran|92/100
|
|t:|1757939045
|-end|p2a: Slither Wing|Protosynthesis|[silent]
|switch|p2a: Torkoal|Torkoal, F|100/100|[from] U-turn
|-weather|SunnyDay|[from] ability: Drought|[of] p2a: Torkoal
|
|-weather|SunnyDay|[upkeep]
|-heal|p1a: Heatran|98/100|[from] item: Leftovers
|upkeep
|turn|2
|
|t:|1757939049
|move|p1a: Heatran|Magma Storm|p2a: Torkoal
|-resisted|p2a: Torkoal
|-damage|p2a: Torkoal|63/100
|-activate|p2a: Torkoal|move: Magma Storm|[of] p1a: Heatran
|move|p2a: Torkoal|Earthquake|p1a: Heatran
|-supereffective|p1a: Heatran
|-damage|p1a: Heatran|35/100
|
|-weather|SunnyDay|[upkeep]
|-heal|p1a: Heatran|41/100|[from] item: Leftovers
|-damage|p2a: Torkoal|50/100|[from] move: Magma Storm|[partiallytrapped]
|upkeep
|turn|3
|inactive|Battle timer is ON: inactive players will automatically lose when time's up. (requested by ojjohi)
|
|t:|1757939062
|switch|p1a: Tornadus|Tornadus-Therian, M|100/100
|move|p2a: Torkoal|Earthquake|p1a: Tornadus
|-immune|p1a: Tornadus
|
|-weather|SunnyDay|[upkeep]
|-end|p2a: Torkoal|Magma Storm|[partiallytrapped]|[silent]
|upkeep
|turn|4
|
|t:|1757939067
|switch|p2a: Raging Bolt|Raging Bolt|100/100
|-activate|p2a: Raging Bolt|ability: Protosynthesis
|-start|p2a: Raging Bolt|protosynthesisspa
|move|p1a: Tornadus|U-turn|p2a: Raging Bolt
|-damage|p2a: Raging Bolt|88/100
|
|t:|1757939070
|switch|p1a: Tyranitar|Tyranitar, M, shiny|100/100|[from] U-turn
|-weather|Sandstorm|[from] ability: Sand Stream|[of] p1a: Tyranitar
|-end|p2a: Raging Bolt|Protosynthesis
|
|-weather|Sandstorm|[upkeep]
|-damage|p2a: Raging Bolt|82/100|[from] Sandstorm
|upkeep
|turn|5
|
|t:|1757939077
|-end|p2a: Raging Bolt|Protosynthesis|[silent]
|switch|p2a: Hatterene|Hatterene, F, shiny|100/100
|-item|p2a: Hatterene|Air Balloon
|move|p1a: Tyranitar|Stone Edge|p2a: Hatterene
|-damage|p2a: Hatterene|28/100
|-enditem|p2a: Hatterene|Air Balloon
|
|-weather|Sandstorm|[upkeep]
|-damage|p2a: Hatterene|22/100|[from] Sandstorm
|upkeep
|turn|6
|
|t:|1757939081
|move|p1a: Tyranitar|Stone Edge|p2a: Hatterene
|-damage|p2a: Hatterene|0 fnt
|faint|p2a: Hatterene
|
|-weather|Sandstorm|[upkeep]
|upkeep
|
|t:|1757939083
|switch|p2a: Slither Wing|Slither Wing|100/100
|turn|7
|
|t:|1757939091
|switch|p1a: Tornadus|Tornadus-Therian, M|100/100
|move|p2a: Slither Wing|Earthquake|p1a: Tornadus
|-immune|p1a: Tornadus
|
|-weather|Sandstorm|[upkeep]
|-damage|p1a: Tornadus|94/100|[from] Sandstorm
|-damage|p2a: Slither Wing|94/100|[from] Sandstorm
|upkeep
|turn|8
|
|t:|1757939097
|move|p1a: Tornadus|U-turn|p2a: Slither Wing
|-resisted|p2a: Slither Wing
|-damage|p2a: Slither Wing|85/100
|
|t:|1757939102
|switch|p1a: Hydrapple|Hydrapple, M, shiny|100/100|[from] U-turn
|move|p2a: Slither Wing|U-turn|p1a: Hydrapple
|-supereffective|p1a: Hydrapple
|-damage|p1a: Hydrapple|57/100
|-damage|p2a: Slither Wing|68/100|[from] item: Rocky Helmet|[of] p1a: Hydrapple
|
|t:|1757939112
|-end|p2a: Slither Wing|Protosynthesis|[silent]
|switch|p2a: Walking Wake|Walking Wake|100/100|[from] U-turn
|
|-weather|none
|upkeep
|turn|9
|
|t:|1757939116
|switch|p1a: Tornadus|Tornadus-Therian, M|100/100
|move|p2a: Walking Wake|Draco Meteor|p1a: Tornadus
|-damage|p1a: Tornadus|49/100
|-unboost|p2a: Walking Wake|spa|2
|
|upkeep
|turn|10
|j| amefurikoneko
|
|t:|1757939122
|move|p1a: Tornadus|U-turn|p2a: Walking Wake
|-damage|p2a: Walking Wake|84/100
|
|t:|1757939124
|switch|p1a: Hydrapple|Hydrapple, M, shiny|90/100|[from] U-turn
|move|p2a: Walking Wake|Flip Turn|p1a: Hydrapple
|-resisted|p1a: Hydrapple
|-damage|p1a: Hydrapple|88/100
|-damage|p2a: Walking Wake|68/100|[from] item: Rocky Helmet|[of] p1a: Hydrapple
|
|t:|1757939129
|-end|p2a: Walking Wake|Protosynthesis|[silent]
|switch|p2a: Torkoal|Torkoal, F|50/100|[from] Flip Turn
|-weather|SunnyDay|[from] ability: Drought|[of] p2a: Torkoal
|
|-weather|SunnyDay|[upkeep]
|upkeep
|turn|11
|
|t:|1757939136
|switch|p2a: Slither Wing|Slither Wing|68/100
|-activate|p2a: Slither Wing|ability: Protosynthesis
|-start|p2a: Slither Wing|protosynthesisatk
|move|p1a: Hydrapple|Earth Power|p2a: Slither Wing
|-resisted|p2a: Slither Wing
|-damage|p2a: Slither Wing|60/100
|
|-weather|SunnyDay|[upkeep]
|upkeep
|turn|12
|
|t:|1757939142
|switch|p1a: Tornadus|Tornadus-Therian, M|82/100
|move|p2a: Slither Wing|U-turn|p1a: Tornadus
|-resisted|p1a: Tornadus
|-crit|p1a: Tornadus
|-damage|p1a: Tornadus|42/100
|
|t:|1757939147
|-end|p2a: Slither Wing|Protosynthesis|[silent]
|switch|p2a: Walking Wake|Walking Wake|68/100|[from] U-turn
|-activate|p2a: Walking Wake|ability: Protosynthesis
|-start|p2a: Walking Wake|protosynthesisspe
|
|-weather|SunnyDay|[upkeep]
|upkeep
|turn|13
|
|t:|1757939164
|switch|p1a: Heatran|Heatran, M, shiny|41/100
|move|p2a: Walking Wake|Hydro Steam|p1a: Heatran
|-supereffective|p1a: Heatran
|-damage|p1a: Heatran|0 fnt
|faint|p1a: Heatran
|
|-weather|SunnyDay|[upkeep]
|upkeep
|
|t:|1757939168
|switch|p1a: Tyranitar|Tyranitar, M, shiny|100/100
|-weather|Sandstorm|[from] ability: Sand Stream|[of] p1a: Tyranitar
|-end|p2a: Walking Wake|Protosynthesis
|turn|14
|
|t:|1757939174
|move|p2a: Walking Wake|Flip Turn|p1a: Tyranitar
|-supereffective|p1a: Tyranitar
|-damage|p1a: Tyranitar|68/100
|
|t:|1757939176
|-end|p2a: Walking Wake|Protosynthesis|[silent]
|switch|p2a: Venusaur|Venusaur, F|100/100|[from] Flip Turn
|move|p1a: Tyranitar|Knock Off|p2a: Venusaur
|-damage|p2a: Venusaur|0 fnt
|-enditem|p2a: Venusaur|Life Orb|[from] move: Knock Off|[of] p1a: Tyranitar
|faint|p2a: Venusaur
|
|-weather|Sandstorm|[upkeep]
|upkeep
|
|t:|1757939180
|switch|p2a: Slither Wing|Slither Wing|60/100
|turn|15
|
|t:|1757939208
|switch|p1a: Excadrill|Excadrill, M, shiny|100/100
|-item|p1a: Excadrill|Air Balloon
|move|p2a: Slither Wing|U-turn|p1a: Excadrill
|-resisted|p1a: Excadrill
|-damage|p1a: Excadrill|72/100
|-enditem|p1a: Excadrill|Air Balloon
|
|t:|1757939216
|-end|p2a: Slither Wing|Protosynthesis|[silent]
|switch|p2a: Torkoal|Torkoal, F|50/100|[from] U-turn
|-weather|SunnyDay|[from] ability: Drought|[of] p2a: Torkoal
|
|-weather|SunnyDay|[upkeep]
|upkeep
|turn|16
|
|t:|1757939222
|switch|p2a: Slither Wing|Slither Wing|60/100
|-activate|p2a: Slither Wing|ability: Protosynthesis
|-start|p2a: Slither Wing|protosynthesisatk
|move|p1a: Excadrill|Earthquake|p2a: Slither Wing
|-resisted|p2a: Slither Wing
|-crit|p2a: Slither Wing
|-damage|p2a: Slither Wing|8/100
|
|-weather|SunnyDay|[upkeep]
|upkeep
|turn|17
|
|t:|1757939229
|-terastallize|p1a: Excadrill|Ghost
|move|p2a: Slither Wing|First Impression|p1a: Excadrill
|-resisted|p1a: Excadrill
|-damage|p1a: Excadrill|27/100
|move|p1a: Excadrill|Rapid Spin|p2a: Slither Wing
|-damage|p2a: Slither Wing|0 fnt
|-boost|p1a: Excadrill|spe|1
|faint|p2a: Slither Wing
|-end|p2a: Slither Wing|Protosynthesis|[silent]
|
|-weather|SunnyDay|[upkeep]
|upkeep
|
|t:|1757939234
|switch|p2a: Walking Wake|Walking Wake|68/100
|-activate|p2a: Walking Wake|ability: Protosynthesis
|-start|p2a: Walking Wake|protosynthesisspe
|turn|18
|
|t:|1757939241
|switch|p1a: Hydrapple|Hydrapple, M, shiny|100/100
|move|p2a: Walking Wake|Hydro Steam|p1a: Hydrapple
|-resisted|p1a: Hydrapple
|-damage|p1a: Hydrapple|83/100
|
|-weather|SunnyDay|[upkeep]
|upkeep
|turn|19
|
|t:|1757939247
|move|p2a: Walking Wake|Draco Meteor|p1a: Hydrapple
|-supereffective|p1a: Hydrapple
|-damage|p1a: Hydrapple|0 fnt
|-unboost|p2a: Walking Wake|spa|2
|faint|p1a: Hydrapple
|
|-weather|SunnyDay|[upkeep]
|upkeep
|
|t:|1757939250
|switch|p1a: Espeon|Espeon, F|100/100
|turn|20
|
|t:|1757939255
|move|p1a: Espeon|Psyshock|p2a: Walking Wake
|-damage|p2a: Walking Wake|20/100
|move|p2a: Walking Wake|Flip Turn|p1a: Espeon
|-damage|p1a: Espeon|86/100
|
|t:|1757939259
|-end|p2a: Walking Wake|Protosynthesis|[silent]
|switch|p2a: Raging Bolt|Raging Bolt|82/100|[from] Flip Turn
|-activate|p2a: Raging Bolt|ability: Protosynthesis
|-start|p2a: Raging Bolt|protosynthesisspa
|
|-weather|SunnyDay|[upkeep]
|upkeep
|turn|21
|
|t:|1757939263
|move|p1a: Espeon|Psyshock|p2a: Raging Bolt
|-damage|p2a: Raging Bolt|42/100
|move|p2a: Raging Bolt|Solar Beam||[still]
|-prepare|p2a: Raging Bolt|Solar Beam
|-anim|p2a: Raging Bolt|Solar Beam|p1a: Espeon
|-damage|p1a: Espeon|0 fnt
|faint|p1a: Espeon
|-damage|p2a: Raging Bolt|32/100|[from] item: Life Orb
|
|-weather|SunnyDay|[upkeep]
|upkeep
|
|t:|1757939270
|switch|p1a: Tyranitar|Tyranitar, M, shiny|68/100
|-weather|Sandstorm|[from] ability: Sand Stream|[of] p1a: Tyranitar
|-end|p2a: Raging Bolt|Protosynthesis
|turn|22
|
|t:|1757939277
|move|p2a: Raging Bolt|Thunderclap|p1a: Tyranitar
|-damage|p1a: Tyranitar|33/100
|-damage|p2a: Raging Bolt|22/100|[from] item: Life Orb
|move|p1a: Tyranitar|Knock Off|p2a: Raging Bolt
|-damage|p2a: Raging Bolt|0 fnt
|-enditem|p2a: Raging Bolt|Life Orb|[from] move: Knock Off|[of] p1a: Tyranitar
|faint|p2a: Raging Bolt
|-end|p2a: Raging Bolt|Protosynthesis|[silent]
|
|-weather|Sandstorm|[upkeep]
|upkeep
|
|t:|1757939281
|switch|p2a: Walking Wake|Walking Wake|20/100
|turn|23
|
|t:|1757939291
|switch|p1a: Tornadus|Tornadus-Therian, M|75/100
|move|p2a: Walking Wake|Weather Ball|p1a: Tornadus
|-supereffective|p1a: Tornadus
|-damage|p1a: Tornadus|23/100
|
|-weather|Sandstorm|[upkeep]
|-damage|p1a: Tornadus|17/100|[from] Sandstorm
|-damage|p2a: Walking Wake|14/100|[from] Sandstorm
|upkeep
|turn|24
|
|t:|1757939303
|-end|p2a: Walking Wake|Protosynthesis|[silent]
|switch|p2a: Torkoal|Torkoal, F|50/100
|-weather|SunnyDay|[from] ability: Drought|[of] p2a: Torkoal
|move|p1a: Tornadus|U-turn|p2a: Torkoal
|-resisted|p2a: Torkoal
|-damage|p2a: Torkoal|44/100
|
|t:|1757939306
|switch|p1a: Excadrill|Excadrill, M, shiny, tera:Ghost|27/100|[from] U-turn
|
|-weather|SunnyDay|[upkeep]
|upkeep
|turn|25
|
|t:|1757939317
|-terastallize|p2a: Torkoal|Ground
|move|p1a: Excadrill|Earthquake|p2a: Torkoal
|-damage|p2a: Torkoal|0 fnt
|faint|p2a: Torkoal
|
|-weather|SunnyDay|[upkeep]
|upkeep
|
|t:|1757939320
|switch|p2a: Walking Wake|Walking Wake|14/100
|-activate|p2a: Walking Wake|ability: Protosynthesis
|-start|p2a: Walking Wake|protosynthesisspe
|turn|26
|
|t:|1757939325
|switch|p1a: Tyranitar|Tyranitar, M, shiny|33/100
|-weather|Sandstorm|[from] ability: Sand Stream|[of] p1a: Tyranitar
|-end|p2a: Walking Wake|Protosynthesis
|move|p2a: Walking Wake|Hydro Steam|p1a: Tyranitar
|-supereffective|p1a: Tyranitar
|-damage|p1a: Tyranitar|0 fnt
|faint|p1a: Tyranitar
|
|-weather|Sandstorm|[upkeep]
|-damage|p2a: Walking Wake|8/100|[from] Sandstorm
|upkeep
|
|t:|1757939327
|switch|p1a: Excadrill|Excadrill, M, shiny, tera:Ghost|27/100
|turn|27
|c|☆happyorunhappy春和景明|gg
|
|t:|1757939332
|move|p1a: Excadrill|Earthquake|p2a: Walking Wake
|-damage|p2a: Walking Wake|0 fnt
|faint|p2a: Walking Wake
|-end|p2a: Walking Wake|Protosynthesis|[silent]
|
|win|happyorunhappy春和景明
|raw|happyorunhappy春和景明's rating: 1479 &rarr; <strong>1498</strong><br />(+19 for winning)
|raw|ojjohi's rating: 1457 &rarr; <strong>1438</strong><br />(-19 for losing)
|l| amefurikoneko
|c|☆ojjohi|gg
|l|☆ojjohi
|player|p2|
|l|☆happyorunhappy春和景明
|player|p1|
