|j|☆Tesdasb
|j|‽Young Hui
|t:|1757946728
|gametype|singles
|player|p1|Tesdasb|169|1040
|player|p2|Young Hui|265|1000
|gen|9
|tier|[Gen 9] OU
|rated|
|rule|HP Percentage Mod: HP is shown in percentages
|rule|Endless Battle Clause: Forcing endless battles is banned
|rule|Species Clause: Limit one of each Pokémon
|rule|OHKO Clause: OHKO moves are banned
|rule|Evasion Items Clause: Evasion items are banned
|rule|Evasion Moves Clause: Evasion moves are banned
|rule|Evasion Abilities Clause: Evasion abilities are banned
|rule|Sleep Moves Clause: Sleep-inducing moves are banned
|clearpoke
|poke|p1|Quagsire, M|
|poke|p1|Toxapex, M|
|poke|p1|Weezing-Galar, M|
|poke|p1|Blissey, F|
|poke|p1|Sinistcha|
|poke|p1|Gliscor, F|
|poke|p2|Alomomola, F|
|poke|p2|Dondozo, F|
|poke|p2|Clodsire, M|
|poke|p2|Garganacl, F|
|poke|p2|Blissey, F|
|poke|p2|Corviknight, M|
|teampreview
|
|t:|1757946755
|teamsize|p1|6
|teamsize|p2|6
|start
|switch|p1a: Gliscor|Gliscor, F|100/100
|switch|p2a: Garganacl|Garganacl, F|100/100
|turn|1
|
|t:|1757946763
|move|p1a: Gliscor|Knock Off|p2a: Garganacl
|-damage|p2a: Garganacl|89/100
|-enditem|p2a: Garganacl|Leftovers|[from] move: Knock Off|[of] p1a: Gliscor
|move|p2a: Garganacl|Salt Cure|p1a: Gliscor
|-damage|p1a: Gliscor|89/100
|-start|p1a: Gliscor|Salt Cure
|
|-damage|p1a: Gliscor|77/100|[from] Salt Cure
|-status|p1a: Gliscor|tox|[from] item: Toxic Orb
|upkeep
|turn|2
|
|t:|1757946781
|move|p1a: Gliscor|Stealth Rock|p2a: Garganacl
|-sidestart|p2: Young Hui|move: Stealth Rock
|move|p2a: Garganacl|Stealth Rock|p1a: Gliscor
|-sidestart|p1: Tesdasb|move: Stealth Rock
|
|-heal|p1a: Gliscor|89/100 tox|[from] ability: Poison Heal
|-damage|p1a: Gliscor|77/100 tox|[from] Salt Cure
|upkeep
|turn|3
|
|t:|1757946794
|-terastallize|p2a: Garganacl|Ghost
|move|p1a: Gliscor|Earthquake|p2a: Garganacl
|-damage|p2a: Garganacl|71/100
|move|p2a: Garganacl|Curse|p1a: Gliscor
|-start|p1a: Gliscor|Curse|[of] p2a: Garganacl
|-damage|p2a: Garganacl|21/100
|
|-heal|p1a: Gliscor|89/100 tox|[from] ability: Poison Heal
|-damage|p1a: Gliscor|65/100 tox|[from] Curse
|-damage|p1a: Gliscor|52/100 tox|[from] Salt Cure
|upkeep
|turn|4
|
|t:|1757946823
|switch|p1a: Sinistcha|Sinistcha|100/100
|move|p2a: Garganacl|Recover|p2a: Garganacl
|-heal|p2a: Garganacl|71/100
|
|upkeep
|turn|5
|
|t:|1757946837
|move|p1a: Sinistcha|Calm Mind|p1a: Sinistcha
|-boost|p1a: Sinistcha|spa|1
|-boost|p1a: Sinistcha|spd|1
|move|p2a: Garganacl|Salt Cure|p1a: Sinistcha
|-damage|p1a: Sinistcha|90/100
|-start|p1a: Sinistcha|Salt Cure
|
|-damage|p1a: Sinistcha|78/100|[from] Salt Cure
|upkeep
|turn|6
|
|t:|1757946849
|switch|p2a: Clodsire|Clodsire, M, shiny|100/100
|-damage|p2a: Clodsire|94/100|[from] Stealth Rock
|move|p1a: Sinistcha|Matcha Gotcha|p2a: Clodsire
|-damage|p2a: Clodsire|78/100
|-heal|p1a: Sinistcha|89/100|[from] drain|[of] p2a: Clodsire
|
|-heal|p2a: Clodsire|84/100|[from] item: Leftovers
|-damage|p1a: Sinistcha|76/100|[from] Salt Cure
|upkeep
|turn|7
|
|t:|1757946865
|switch|p1a: Gliscor|Gliscor, F|52/100 tox
|-damage|p1a: Gliscor|40/100 tox|[from] Stealth Rock
|move|p2a: Clodsire|Toxic|p1a: Gliscor
|-fail|p1a: Gliscor|tox
|
|-heal|p2a: Clodsire|91/100|[from] item: Leftovers
|-heal|p1a: Gliscor|52/100 tox|[from] ability: Poison Heal
|upkeep
|turn|8
|
|t:|1757946875
|switch|p2a: Garganacl|Garganacl, F, tera:Ghost|71/100
|-damage|p2a: Garganacl|58/100|[from] Stealth Rock
|move|p1a: Gliscor|Knock Off|p2a: Garganacl
|-supereffective|p2a: Garganacl
|-damage|p2a: Garganacl|42/100
|
|-heal|p1a: Gliscor|65/100 tox|[from] ability: Poison Heal
|upkeep
|turn|9
|
|t:|1757946908
|switch|p1a: Sinistcha|Sinistcha|76/100
|move|p2a: Garganacl|Recover|p2a: Garganacl
|-heal|p2a: Garganacl|92/100
|
|upkeep
|turn|10
|
|t:|1757946917
|move|p1a: Sinistcha|Calm Mind|p1a: Sinistcha
|-boost|p1a: Sinistcha|spa|1
|-boost|p1a: Sinistcha|spd|1
|move|p2a: Garganacl|Salt Cure|p1a: Sinistcha
|-damage|p1a: Sinistcha|66/100
|-start|p1a: Sinistcha|Salt Cure
|
|-damage|p1a: Sinistcha|54/100|[from] Salt Cure
|upkeep
|turn|11
|
|t:|1757946928
|switch|p2a: Clodsire|Clodsire, M, shiny|91/100
|-damage|p2a: Clodsire|84/100|[from] Stealth Rock
|move|p1a: Sinistcha|Strength Sap|p2a: Clodsire
|-unboost|p2a: Clodsire|atk|1
|-heal|p1a: Sinistcha|100/100
|
|-heal|p2a: Clodsire|91/100|[from] item: Leftovers
|-damage|p1a: Sinistcha|88/100|[from] Salt Cure
|upkeep
|turn|12
|
|t:|1757946940
|switch|p1a: Gliscor|Gliscor, F|65/100 tox
|-damage|p1a: Gliscor|52/100 tox|[from] Stealth Rock
|move|p2a: Clodsire|Spikes|p1a: Gliscor
|-sidestart|p1: Tesdasb|Spikes
|
|-heal|p2a: Clodsire|97/100|[from] item: Leftovers
|-heal|p1a: Gliscor|65/100 tox|[from] ability: Poison Heal
|upkeep
|turn|13
|
|t:|1757946955
|switch|p2a: Garganacl|Garganacl, F, tera:Ghost|92/100
|-damage|p2a: Garganacl|79/100|[from] Stealth Rock
|move|p1a: Gliscor|Earthquake|p2a: Garganacl
|-damage|p2a: Garganacl|64/100
|
|-heal|p1a: Gliscor|77/100 tox|[from] ability: Poison Heal
|upkeep
|turn|14
|
|t:|1757946972
|switch|p1a: Weezing|Weezing-Galar, M|100/100
|-ability|p1a: Weezing|Neutralizing Gas
|move|p2a: Garganacl|Salt Cure|p1a: Weezing
|-damage|p1a: Weezing|91/100
|-start|p1a: Weezing|Salt Cure
|
|-damage|p1a: Weezing|79/100|[from] Salt Cure
|upkeep
|turn|15
|
|t:|1757946983
|move|p1a: Weezing|Defog|p2a: Garganacl
|-unboost|p2a: Garganacl|evasion|1
|-sideend|p2: Young Hui|Stealth Rock|[from] move: Defog|[of] p1a: Weezing
|-sideend|p1: Tesdasb|Spikes|[from] move: Defog|[of] p1a: Weezing
|-sideend|p1: Tesdasb|Stealth Rock|[from] move: Defog|[of] p1a: Weezing
|move|p2a: Garganacl|Recover|p2a: Garganacl
|-heal|p2a: Garganacl|100/100
|
|-damage|p1a: Weezing|67/100|[from] Salt Cure
|upkeep
|turn|16
|
|t:|1757946994
|switch|p2a: Clodsire|Clodsire, M, shiny|97/100
|move|p1a: Weezing|Will-O-Wisp|p2a: Clodsire
|-status|p2a: Clodsire|brn
|
|-heal|p2a: Clodsire|100/100 brn|[from] item: Leftovers
|-damage|p2a: Clodsire|94/100 brn|[from] brn
|-damage|p1a: Weezing|54/100|[from] Salt Cure
|upkeep
|turn|17
|
|t:|1757947018
|-end|p1a: Weezing|ability: Neutralizing Gas
|switch|p1a: Toxapex|Toxapex, M|100/100
|move|p2a: Clodsire|Spikes|p1a: Toxapex
|-sidestart|p1: Tesdasb|Spikes
|
|-heal|p2a: Clodsire|100/100 brn|[from] item: Leftovers
|-damage|p2a: Clodsire|94/100 brn|[from] brn
|upkeep
|turn|18
|
|t:|1757947028
|move|p1a: Toxapex|Infestation|p2a: Clodsire
|-resisted|p2a: Clodsire
|-damage|p2a: Clodsire|94/100 brn
|-activate|p2a: Clodsire|move: Infestation|[of] p1a: Toxapex
|move|p2a: Clodsire|Spikes|p1a: Toxapex
|-sidestart|p1: Tesdasb|Spikes
|
|-heal|p2a: Clodsire|99/100 brn|[from] item: Leftovers
|-damage|p2a: Clodsire|94/100 brn|[from] brn
|-damage|p2a: Clodsire|81/100 brn|[from] move: Infestation|[partiallytrapped]
|upkeep
|turn|19
|
|t:|1757947039
|move|p1a: Toxapex|Infestation|p2a: Clodsire
|-resisted|p2a: Clodsire
|-damage|p2a: Clodsire|80/100 brn
|move|p2a: Clodsire|Spikes|p1a: Toxapex
|-sidestart|p1: Tesdasb|Spikes
|
|-heal|p2a: Clodsire|87/100 brn|[from] item: Leftovers
|-damage|p2a: Clodsire|80/100 brn|[from] brn
|-damage|p2a: Clodsire|68/100 brn|[from] move: Infestation|[partiallytrapped]
|upkeep
|turn|20
|
|t:|1757947049
|move|p1a: Toxapex|Infestation|p2a: Clodsire
|-resisted|p2a: Clodsire
|-damage|p2a: Clodsire|67/100 brn
|move|p2a: Clodsire|Recover|p2a: Clodsire
|-heal|p2a: Clodsire|100/100 brn
|
|-damage|p2a: Clodsire|94/100 brn|[from] brn
|-damage|p2a: Clodsire|82/100 brn|[from] move: Infestation|[partiallytrapped]
|upkeep
|turn|21
|
|t:|1757947062
|switch|p1a: Weezing|Weezing-Galar, M|54/100
|-ability|p1a: Weezing|Neutralizing Gas
|move|p2a: Clodsire|Earthquake|p1a: Weezing
|-supereffective|p1a: Weezing
|-damage|p1a: Weezing|37/100
|
|-heal|p2a: Clodsire|88/100 brn|[from] item: Leftovers
|-damage|p2a: Clodsire|82/100 brn|[from] brn
|-end|p2a: Clodsire|Infestation|[partiallytrapped]|[silent]
|upkeep
|turn|22
|
|t:|1757947074
|move|p1a: Weezing|Pain Split|p2a: Clodsire
|-sethp|p2a: Clodsire|54/100 brn|[from] move: Pain Split|[silent]
|-sethp|p1a: Weezing|75/100|[from] move: Pain Split
|move|p2a: Clodsire|Earthquake|p1a: Weezing
|-supereffective|p1a: Weezing
|-damage|p1a: Weezing|57/100
|
|-heal|p2a: Clodsire|61/100 brn|[from] item: Leftovers
|-damage|p2a: Clodsire|54/100 brn|[from] brn
|upkeep
|turn|23
|
|t:|1757947085
|move|p1a: Weezing|Defog|p2a: Clodsire
|-unboost|p2a: Clodsire|evasion|1
|-sideend|p1: Tesdasb|Spikes|[from] move: Defog|[of] p1a: Weezing
|move|p2a: Clodsire|Recover|p2a: Clodsire
|-heal|p2a: Clodsire|100/100 brn
|
|-damage|p2a: Clodsire|94/100 brn|[from] brn
|upkeep
|turn|24
|
|t:|1757947095
|switch|p2a: Blissey|Blissey, F|100/100
|move|p1a: Weezing|Pain Split|p2a: Blissey
|-sethp|p2a: Blissey|64/100|[from] move: Pain Split|[silent]
|-sethp|p1a: Weezing|100/100|[from] move: Pain Split
|
|-heal|p2a: Blissey|70/100|[from] item: Leftovers
|upkeep
|turn|25
|
|t:|1757947111
|-end|p1a: Weezing|ability: Neutralizing Gas
|switch|p1a: Quagsire|Quagsire, M|100/100
|move|p2a: Blissey|Heal Bell|p2a: Blissey
|-activate|p2a: Blissey|move: Heal Bell
|-curestatus|p2: Clodsire|brn|[msg]
|
|-heal|p2a: Blissey|76/100|[from] item: Leftovers
|upkeep
|turn|26
|
|t:|1757947122
|switch|p2a: Garganacl|Garganacl, F, tera:Ghost|100/100
|move|p1a: Quagsire|Spikes|p2a: Garganacl
|-sidestart|p2: Young Hui|Spikes
|
|upkeep
|turn|27
|
|t:|1757947133
|switch|p1a: Weezing|Weezing-Galar, M|100/100
|-ability|p1a: Weezing|Neutralizing Gas
|move|p2a: Garganacl|Salt Cure|p1a: Weezing
|-damage|p1a: Weezing|91/100
|-start|p1a: Weezing|Salt Cure
|
|-damage|p1a: Weezing|78/100|[from] Salt Cure
|upkeep
|turn|28
|
|t:|1757947144
|move|p1a: Weezing|Will-O-Wisp|p2a: Garganacl
|-status|p2a: Garganacl|brn
|move|p2a: Garganacl|Curse|p1a: Weezing
|-start|p1a: Weezing|Curse|[of] p2a: Garganacl
|-damage|p2a: Garganacl|50/100 brn
|
|-damage|p2a: Garganacl|44/100 brn|[from] brn
|-damage|p1a: Weezing|53/100|[from] Curse
|-damage|p1a: Weezing|41/100|[from] Salt Cure
|upkeep
|turn|29
|
|t:|1757947160
|-end|p1a: Weezing|ability: Neutralizing Gas
|switch|p1a: Gliscor|Gliscor, F|77/100 tox
|move|p2a: Garganacl|Recover|p2a: Garganacl
|-heal|p2a: Garganacl|94/100 brn
|
|-heal|p1a: Gliscor|89/100 tox|[from] ability: Poison Heal
|-damage|p2a: Garganacl|88/100 brn|[from] brn
|upkeep
|turn|30
|
|t:|1757947175
|move|p1a: Gliscor|Stealth Rock|p2a: Garganacl
|-sidestart|p2: Young Hui|move: Stealth Rock
|move|p2a: Garganacl|Salt Cure|p1a: Gliscor
|-crit|p1a: Gliscor
|-damage|p1a: Gliscor|81/100 tox
|-start|p1a: Gliscor|Salt Cure
|
|-heal|p1a: Gliscor|93/100 tox|[from] ability: Poison Heal
|-damage|p2a: Garganacl|82/100 brn|[from] brn
|-damage|p1a: Gliscor|81/100 tox|[from] Salt Cure
|upkeep
|turn|31
|
|t:|1757947186
|switch|p1a: Weezing|Weezing-Galar, M|41/100
|-ability|p1a: Weezing|Neutralizing Gas
|switch|p2a: Corviknight|Corviknight, M|100/100
|-damage|p2a: Corviknight|88/100|[from] Stealth Rock
|
|upkeep
|turn|32
|
|t:|1757947199
|move|p2a: Corviknight|Defog|p1a: Weezing
|-unboost|p1a: Weezing|evasion|1
|-sideend|p2: Young Hui|Spikes|[from] move: Defog|[of] p2a: Corviknight
|-sideend|p2: Young Hui|Stealth Rock|[from] move: Defog|[of] p2a: Corviknight
|move|p1a: Weezing|Will-O-Wisp|p2a: Corviknight
|-status|p2a: Corviknight|brn
|
|-damage|p2a: Corviknight|82/100 brn|[from] brn
|upkeep
|turn|33
|
|t:|1757947218
|switch|p2a: Blissey|Blissey, F|76/100
|move|p1a: Weezing|Pain Split|p2a: Blissey
|-sethp|p2a: Blissey|48/100|[from] move: Pain Split|[silent]
|-sethp|p1a: Weezing|100/100|[from] move: Pain Split
|
|-heal|p2a: Blissey|54/100|[from] item: Leftovers
|upkeep
|turn|34
|
|t:|1757947235
|move|p1a: Weezing|Sludge Bomb|p2a: Blissey
|-damage|p2a: Blissey|46/100
|move|p2a: Blissey|Heal Bell|p2a: Blissey
|-activate|p2a: Blissey|move: Heal Bell
|-curestatus|p2: Corviknight|brn|[msg]
|-curestatus|p2: Garganacl|brn|[msg]
|
|-heal|p2a: Blissey|52/100|[from] item: Leftovers
|upkeep
|turn|35
|
|t:|1757947246
|move|p1a: Weezing|Will-O-Wisp|p2a: Blissey
|-status|p2a: Blissey|brn
|move|p2a: Blissey|Soft-Boiled|p2a: Blissey
|-heal|p2a: Blissey|100/100 brn
|
|-damage|p2a: Blissey|94/100 brn|[from] brn
|upkeep
|turn|36
|
|t:|1757947256
|switch|p2a: Garganacl|Garganacl, F, tera:Ghost|82/100
|move|p1a: Weezing|Will-O-Wisp|p2a: Garganacl
|-status|p2a: Garganacl|brn
|
|-damage|p2a: Garganacl|76/100 brn|[from] brn
|upkeep
|turn|37
|
|t:|1757947271
|-end|p1a: Weezing|ability: Neutralizing Gas
|switch|p1a: Gliscor|Gliscor, F|81/100 tox
|move|p2a: Garganacl|Salt Cure|p1a: Gliscor
|-damage|p1a: Gliscor|76/100 tox
|-start|p1a: Gliscor|Salt Cure
|
|-heal|p1a: Gliscor|88/100 tox|[from] ability: Poison Heal
|-damage|p2a: Garganacl|70/100 brn|[from] brn
|-damage|p1a: Gliscor|76/100 tox|[from] Salt Cure
|upkeep
|turn|38
|
|t:|1757947284
|switch|p2a: Corviknight|Corviknight, M|82/100
|-ability|p2a: Corviknight|Pressure
|move|p1a: Gliscor|Stealth Rock|p2a: Corviknight
|-sidestart|p2: Young Hui|move: Stealth Rock
|
|-heal|p1a: Gliscor|88/100 tox|[from] ability: Poison Heal
|-damage|p1a: Gliscor|76/100 tox|[from] Salt Cure
|upkeep
|turn|39
|
|t:|1757947295
|move|p1a: Gliscor|Knock Off|p2a: Corviknight
|-damage|p2a: Corviknight|69/100
|-damage|p1a: Gliscor|59/100 tox|[from] item: Rocky Helmet|[of] p2a: Corviknight
|-enditem|p2a: Corviknight|Rocky Helmet|[from] move: Knock Off|[of] p1a: Gliscor
|move|p2a: Corviknight|Iron Head|p1a: Gliscor
|-damage|p1a: Gliscor|38/100 tox
|
|-heal|p1a: Gliscor|51/100 tox|[from] ability: Poison Heal
|-damage|p1a: Gliscor|38/100 tox|[from] Salt Cure
|upkeep
|turn|40
|
|t:|1757947311
|switch|p1a: Quagsire|Quagsire, M|100/100
|move|p2a: Corviknight|Brave Bird|p1a: Quagsire
|-damage|p1a: Quagsire|76/100
|-damage|p2a: Corviknight|61/100|[from] Recoil
|
|-heal|p1a: Quagsire|82/100|[from] item: Leftovers
|upkeep
|turn|41
|
|t:|1757947325
|switch|p1a: Weezing|Weezing-Galar, M|100/100
|-ability|p1a: Weezing|Neutralizing Gas
|move|p2a: Corviknight|Defog|p1a: Weezing
|-unboost|p1a: Weezing|evasion|1
|-sideend|p2: Young Hui|Stealth Rock|[from] move: Defog|[of] p2a: Corviknight
|
|upkeep
|turn|42
|
|t:|1757947334
|move|p2a: Corviknight|Iron Head|p1a: Weezing
|-supereffective|p1a: Weezing
|-damage|p1a: Weezing|69/100
|cant|p1a: Weezing|flinch
|
|upkeep
|turn|43
|
|t:|1757947340
|move|p2a: Corviknight|Iron Head|p1a: Weezing
|-supereffective|p1a: Weezing
|-damage|p1a: Weezing|40/100
|cant|p1a: Weezing|flinch
|
|upkeep
|turn|44
|
|t:|1757947347
|move|p2a: Corviknight|Iron Head|p1a: Weezing
|-supereffective|p1a: Weezing
|-damage|p1a: Weezing|6/100
|move|p1a: Weezing|Pain Split|p2a: Corviknight
|-sethp|p2a: Corviknight|33/100|[from] move: Pain Split|[silent]
|-sethp|p1a: Weezing|39/100|[from] move: Pain Split
|
|upkeep
|turn|45
|
|t:|1757947359
|move|p2a: Corviknight|Iron Head|p1a: Weezing
|-supereffective|p1a: Weezing
|-damage|p1a: Weezing|10/100
|cant|p1a: Weezing|flinch
|
|upkeep
|turn|46
|
|t:|1757947367
|-end|p1a: Weezing|ability: Neutralizing Gas
|-ability|p2a: Corviknight|Pressure
|switch|p1a: Quagsire|Quagsire, M|82/100
|move|p2a: Corviknight|Iron Head|p1a: Quagsire
|-resisted|p1a: Quagsire
|-damage|p1a: Quagsire|74/100
|
|-heal|p1a: Quagsire|80/100|[from] item: Leftovers
|upkeep
|turn|47
|
|t:|1757947379
|move|p2a: Corviknight|Roost|p2a: Corviknight
|-heal|p2a: Corviknight|83/100
|-singleturn|p2a: Corviknight|move: Roost
|move|p1a: Quagsire|Spikes|p2a: Corviknight
|-sidestart|p2: Young Hui|Spikes
|
|-heal|p1a: Quagsire|86/100|[from] item: Leftovers
|upkeep
|turn|48
|
|t:|1757947389
|switch|p1a: Gliscor|Gliscor, F|38/100 tox
|move|p2a: Corviknight|Defog|p1a: Gliscor
|-unboost|p1a: Gliscor|evasion|1
|-sideend|p2: Young Hui|Spikes|[from] move: Defog|[of] p2a: Corviknight
|
|-heal|p1a: Gliscor|51/100 tox|[from] ability: Poison Heal
|upkeep
|turn|49
|
|t:|1757947399
|switch|p2a: Garganacl|Garganacl, F, tera:Ghost|70/100 brn
|move|p1a: Gliscor|Stealth Rock|p2a: Garganacl
|-sidestart|p2: Young Hui|move: Stealth Rock
|
|-heal|p1a: Gliscor|63/100 tox|[from] ability: Poison Heal
|-damage|p2a: Garganacl|63/100 brn|[from] brn
|upkeep
|turn|50
|
|t:|1757947416
|switch|p1a: Sinistcha|Sinistcha|88/100
|switch|p2a: Corviknight|Corviknight, M|83/100
|-damage|p2a: Corviknight|71/100|[from] Stealth Rock
|-ability|p2a: Corviknight|Pressure
|
|upkeep
|turn|51
|
|t:|1757947425
|move|p1a: Sinistcha|Calm Mind|p1a: Sinistcha
|-boost|p1a: Sinistcha|spa|1
|-boost|p1a: Sinistcha|spd|1
|move|p2a: Corviknight|Roost|p2a: Corviknight
|-heal|p2a: Corviknight|100/100
|-singleturn|p2a: Corviknight|move: Roost
|
|upkeep
|turn|52
|
|t:|1757947433
|switch|p2a: Clodsire|Clodsire, M, shiny|94/100
|-damage|p2a: Clodsire|88/100|[from] Stealth Rock
|move|p1a: Sinistcha|Calm Mind|p1a: Sinistcha
|-boost|p1a: Sinistcha|spa|1
|-boost|p1a: Sinistcha|spd|1
|
|-heal|p2a: Clodsire|94/100|[from] item: Leftovers
|upkeep
|turn|53
|
|t:|1757947444
|switch|p1a: Gliscor|Gliscor, F|63/100 tox
|move|p2a: Clodsire|Earthquake|p1a: Gliscor
|-immune|p1a: Gliscor
|
|-heal|p2a: Clodsire|100/100|[from] item: Leftovers
|-heal|p1a: Gliscor|76/100 tox|[from] ability: Poison Heal
|upkeep
|turn|54
|
|t:|1757947454
|switch|p2a: Corviknight|Corviknight, M|100/100
|-damage|p2a: Corviknight|88/100|[from] Stealth Rock
|-ability|p2a: Corviknight|Pressure
|move|p1a: Gliscor|Knock Off|p2a: Corviknight
|-damage|p2a: Corviknight|79/100
|
|-heal|p1a: Gliscor|88/100 tox|[from] ability: Poison Heal
|upkeep
|turn|55
|
|t:|1757947493
|switch|p1a: Toxapex|Toxapex, M|100/100
|move|p2a: Corviknight|Defog|p1a: Toxapex
|-unboost|p1a: Toxapex|evasion|1
|-sideend|p2: Young Hui|Stealth Rock|[from] move: Defog|[of] p2a: Corviknight
|
|upkeep
|turn|56
|
|t:|1757947501
|switch|p2a: Blissey|Blissey, F|94/100 brn
|move|p1a: Toxapex|Infestation|p2a: Blissey
|-damage|p2a: Blissey|94/100 brn
|-activate|p2a: Blissey|move: Infestation|[of] p1a: Toxapex
|
|-heal|p2a: Blissey|99/100 brn|[from] item: Leftovers
|-damage|p2a: Blissey|94/100 brn|[from] brn
|-damage|p2a: Blissey|81/100 brn|[from] move: Infestation|[partiallytrapped]
|upkeep
|turn|57
|
|t:|1757947512
|switch|p1a: Weezing|Weezing-Galar, M|10/100
|-ability|p1a: Weezing|Neutralizing Gas
|move|p2a: Blissey|Heal Bell|p2a: Blissey
|-activate|p2a: Blissey|move: Heal Bell
|-curestatus|p2a: Blissey|brn|[msg]
|-curestatus|p2: Garganacl|brn|[msg]
|
|-heal|p2a: Blissey|87/100|[from] item: Leftovers
|-end|p2a: Blissey|Infestation|[partiallytrapped]|[silent]
|upkeep
|turn|58
|
|t:|1757947524
|move|p1a: Weezing|Pain Split|p2a: Blissey
|-sethp|p2a: Blissey|46/100|[from] move: Pain Split|[silent]
|-sethp|p1a: Weezing|98/100|[from] move: Pain Split
|move|p2a: Blissey|Seismic Toss|p1a: Weezing
|-damage|p1a: Weezing|68/100
|
|-heal|p2a: Blissey|52/100|[from] item: Leftovers
|upkeep
|turn|59
|
|t:|1757947534
|switch|p2a: Corviknight|Corviknight, M|79/100
|move|p1a: Weezing|Will-O-Wisp|p2a: Corviknight
|-status|p2a: Corviknight|brn
|
|-damage|p2a: Corviknight|73/100 brn|[from] brn
|upkeep
|turn|60
|
|t:|1757947550
|-end|p1a: Weezing|ability: Neutralizing Gas
|-ability|p2a: Corviknight|Pressure
|switch|p1a: Sinistcha|Sinistcha|88/100
|move|p2a: Corviknight|Roost|p2a: Corviknight
|-heal|p2a: Corviknight|100/100 brn
|-singleturn|p2a: Corviknight|move: Roost
|
|-damage|p2a: Corviknight|94/100 brn|[from] brn
|upkeep
|turn|61
|
|t:|1757947573
|switch|p1a: Gliscor|Gliscor, F|88/100 tox
|switch|p2a: Blissey|Blissey, F|52/100
|
|-heal|p2a: Blissey|58/100|[from] item: Leftovers
|-heal|p1a: Gliscor|100/100 tox|[from] ability: Poison Heal
|upkeep
|turn|62
|
|t:|1757947593
|switch|p2a: Corviknight|Corviknight, M|94/100 brn
|-ability|p2a: Corviknight|Pressure
|move|p1a: Gliscor|Knock Off|p2a: Corviknight
|-damage|p2a: Corviknight|85/100 brn
|
|-damage|p2a: Corviknight|79/100 brn|[from] brn
|upkeep
|turn|63
|
|t:|1757947602
|switch|p2a: Garganacl|Garganacl, F, tera:Ghost|63/100
|move|p1a: Gliscor|Stealth Rock|p2a: Garganacl
|-sidestart|p2: Young Hui|move: Stealth Rock
|
|upkeep
|turn|64
|
|t:|1757947624
|switch|p1a: Weezing|Weezing-Galar, M|68/100
|-ability|p1a: Weezing|Neutralizing Gas
|move|p2a: Garganacl|Stealth Rock|p1a: Weezing
|-sidestart|p1: Tesdasb|move: Stealth Rock
|
|upkeep
|turn|65
|
|t:|1757947632
|move|p1a: Weezing|Will-O-Wisp|p2a: Garganacl
|-status|p2a: Garganacl|brn
|move|p2a: Garganacl|Salt Cure|p1a: Weezing
|-damage|p1a: Weezing|63/100
|-start|p1a: Weezing|Salt Cure
|
|-damage|p2a: Garganacl|57/100 brn|[from] brn
|-damage|p1a: Weezing|51/100|[from] Salt Cure
|upkeep
|turn|66
|
|t:|1757947642
|move|p1a: Weezing|Pain Split|p2a: Garganacl
|-sethp|p2a: Garganacl|50/100 brn|[from] move: Pain Split|[silent]
|-sethp|p1a: Weezing|60/100|[from] move: Pain Split
|move|p2a: Garganacl|Salt Cure|p1a: Weezing
|-damage|p1a: Weezing|56/100
|
|-damage|p2a: Garganacl|44/100 brn|[from] brn
|-damage|p1a: Weezing|43/100|[from] Salt Cure
|upkeep
|turn|67
|
|t:|1757947657
|move|p1a: Weezing|Pain Split|p2a: Garganacl
|-sethp|p2a: Garganacl|40/100 brn|[from] move: Pain Split|[silent]
|-sethp|p1a: Weezing|48/100|[from] move: Pain Split
|move|p2a: Garganacl|Recover|p2a: Garganacl
|-heal|p2a: Garganacl|90/100 brn
|
|-damage|p2a: Garganacl|83/100 brn|[from] brn
|-damage|p1a: Weezing|36/100|[from] Salt Cure
|upkeep
|turn|68
|
|t:|1757947670
|move|p1a: Weezing|Pain Split|p2a: Garganacl
|-sethp|p2a: Garganacl|56/100 brn|[from] move: Pain Split|[silent]
|-sethp|p1a: Weezing|68/100|[from] move: Pain Split
|move|p2a: Garganacl|Salt Cure|p1a: Weezing
|-damage|p1a: Weezing|64/100
|
|-damage|p2a: Garganacl|50/100 brn|[from] brn
|-damage|p1a: Weezing|52/100|[from] Salt Cure
|upkeep
|turn|69
|
|t:|1757947682
|switch|p2a: Blissey|Blissey, F|58/100
|-damage|p2a: Blissey|46/100|[from] Stealth Rock
|move|p1a: Weezing|Sludge Bomb|p2a: Blissey
|-damage|p2a: Blissey|38/100
|
|-heal|p2a: Blissey|44/100|[from] item: Leftovers
|-damage|p1a: Weezing|39/100|[from] Salt Cure
|upkeep
|turn|70
|
|t:|1757947693
|move|p1a: Weezing|Pain Split|p2a: Blissey
|-sethp|p2a: Blissey|31/100|[from] move: Pain Split|[silent]
|-sethp|p1a: Weezing|67/100|[from] move: Pain Split
|move|p2a: Blissey|Heal Bell|p2a: Blissey
|-activate|p2a: Blissey|move: Heal Bell
|-curestatus|p2: Corviknight|brn|[msg]
|-curestatus|p2: Garganacl|brn|[msg]
|
|-heal|p2a: Blissey|38/100|[from] item: Leftovers
|-damage|p1a: Weezing|54/100|[from] Salt Cure
|upkeep
|turn|71
|
|t:|1757947706
|move|p1a: Weezing|Will-O-Wisp|p2a: Blissey|[miss]
|-miss|p1a: Weezing|p2a: Blissey
|move|p2a: Blissey|Seismic Toss|p1a: Weezing
|-damage|p1a: Weezing|24/100
|
|-heal|p2a: Blissey|44/100|[from] item: Leftovers
|-damage|p1a: Weezing|12/100|[from] Salt Cure
|upkeep
|turn|72
|
|t:|1757947717
|move|p1a: Weezing|Pain Split|p2a: Blissey
|-sethp|p2a: Blissey|25/100|[from] move: Pain Split|[silent]
|-sethp|p1a: Weezing|53/100|[from] move: Pain Split
|move|p2a: Blissey|Seismic Toss|p1a: Weezing
|-damage|p1a: Weezing|23/100
|
|-heal|p2a: Blissey|31/100|[from] item: Leftovers
|-damage|p1a: Weezing|10/100|[from] Salt Cure
|upkeep
|turn|73
|
|t:|1757947729
|move|p1a: Weezing|Pain Split|p2a: Blissey
|-sethp|p2a: Blissey|18/100|[from] move: Pain Split|[silent]
|-sethp|p1a: Weezing|38/100|[from] move: Pain Split
|move|p2a: Blissey|Seismic Toss|p1a: Weezing
|-damage|p1a: Weezing|8/100
|
|-heal|p2a: Blissey|24/100|[from] item: Leftovers
|-damage|p1a: Weezing|0 fnt|[from] Salt Cure
|faint|p1a: Weezing
|-end|p1a: Weezing|ability: Neutralizing Gas
|upkeep
|-message|Tesdasb forfeited.
|
|win|Young Hui
|raw|Tesdasb's rating: 1040 &rarr; <strong>1022</strong><br />(-18 for losing)
|raw|Young Hui's rating: 1000 &rarr; <strong>1045</strong><br />(+45 for winning)
|l|☆Tesdasb
|player|p1|
