|j|☆doomfletch
|j|☆loulsaiyan
|t:|1757956111
|gametype|singles
|player|p1|doomfletch|101|1438
|player|p2|loulsaiyan|hiker-gen4|1446
|gen|9
|tier|[Gen 9] OU
|rated|
|rule|HP Percentage Mod: HP is shown in percentages
|rule|Endless Battle Clause: Forcing endless battles is banned
|rule|Species Clause: Limit one of each Pokémon
|rule|OHKO Clause: OHKO moves are banned
|rule|Evasion Items Clause: Evasion items are banned
|rule|Evasion Moves Clause: Evasion moves are banned
|rule|Evasion Abilities Clause: Evasion abilities are banned
|rule|Sleep Moves Clause: Sleep-inducing moves are banned
|clearpoke
|poke|p1|Hydreigon, M|
|poke|p1|Slowking-Galar, M|
|poke|p1|Great Tusk|
|poke|p1|Corviknight, M|
|poke|p1|Crawdaunt, F|
|poke|p1|Raikou|
|poke|p2|Great Tusk|
|poke|p2|Ribombee, M|
|poke|p2|Iron Valiant|
|poke|p2|Ogerpon-Wellspring, F|
|poke|p2|Kingambit, M|
|poke|p2|Raging Bolt|
|teampreview
|inactive|Battle timer is ON: inactive players will automatically lose when time's up. (requested by loulsaiyan)
|c|☆loulsaiyan|glhf
|
|t:|1757956120
|teamsize|p1|6
|teamsize|p2|6
|start
|switch|p1a: Raikou|Raikou|100/100
|switch|p2a: Caca Paillettes|Ribombee, M, shiny|100/100
|turn|1
|
|t:|1757956142
|move|p2a: Caca Paillettes|Light Screen|p2a: Caca Paillettes
|-sidestart|p2: loulsaiyan|move: Light Screen
|move|p1a: Raikou|Thunderbolt|p2a: Caca Paillettes
|-damage|p2a: Caca Paillettes|68/100
|
|upkeep
|turn|2
|
|t:|1757956158
|move|p2a: Caca Paillettes|Sticky Web|p1a: Raikou
|-sidestart|p1: doomfletch|move: Sticky Web
|move|p1a: Raikou|Thunderbolt|p2a: Caca Paillettes
|-damage|p2a: Caca Paillettes|37/100
|
|upkeep
|turn|3
|
|t:|1757956187
|move|p2a: Caca Paillettes|Reflect|p2a: Caca Paillettes
|-sidestart|p2: loulsaiyan|Reflect
|move|p1a: Raikou|Thunderbolt|p2a: Caca Paillettes
|-crit|p2a: Caca Paillettes
|-damage|p2a: Caca Paillettes|0 fnt
|faint|p2a: Caca Paillettes
|
|upkeep
|
|t:|1757956206
|switch|p2a: Sauce Blanche|Great Tusk, shiny|100/100
|turn|4
|
|t:|1757956210
|move|p2a: Sauce Blanche|Close Combat|p1a: Raikou
|-damage|p1a: Raikou|16/100
|-unboost|p2a: Sauce Blanche|def|1
|-unboost|p2a: Sauce Blanche|spd|1
|move|p1a: Raikou|Scald|p2a: Sauce Blanche
|-supereffective|p2a: Sauce Blanche
|-damage|p2a: Sauce Blanche|46/100
|
|upkeep
|turn|5
|
|t:|1757956235
|switch|p1a: Slowking|Slowking-Galar, M|100/100
|-activate|p1a: Slowking|move: Sticky Web
|-unboost|p1a: Slowking|spe|1
|move|p2a: Sauce Blanche|Close Combat|p1a: Slowking
|-resisted|p1a: Slowking
|-damage|p1a: Slowking|85/100
|-unboost|p2a: Sauce Blanche|def|1
|-unboost|p2a: Sauce Blanche|spd|1
|
|upkeep
|turn|6
|
|t:|1757956247
|-end|p2a: Sauce Blanche|Protosynthesis|[silent]
|switch|p2a: Choi|Kingambit, M, shiny|100/100
|move|p1a: Slowking|Flamethrower|p2a: Choi
|-supereffective|p2a: Choi
|-damage|p2a: Choi|75/100
|
|upkeep
|turn|7
|
|t:|1757956257
|switch|p1a: Corviknight|Corviknight, M|100/100
|-ability|p1a: Corviknight|Pressure
|move|p2a: Choi|Kowtow Cleave|p1a: Corviknight
|-damage|p1a: Corviknight|65/100
|-damage|p2a: Choi|58/100|[from] item: Rocky Helmet|[of] p1a: Corviknight
|
|upkeep
|turn|8
|
|t:|1757956268
|move|p1a: Corviknight|Roost|p1a: Corviknight
|-heal|p1a: Corviknight|100/100
|-singleturn|p1a: Corviknight|move: Roost
|move|p2a: Choi|Swords Dance|p2a: Choi
|-boost|p2a: Choi|atk|2
|
|-sideend|p2: loulsaiyan|move: Light Screen
|upkeep
|turn|9
|
|t:|1757956287
|move|p1a: Corviknight|Body Press|p2a: Choi
|-supereffective|p2a: Choi
|-damage|p2a: Choi|19/100
|move|p2a: Choi|Swords Dance|p2a: Choi
|-boost|p2a: Choi|atk|2
|
|upkeep
|turn|10
|
|t:|1757956298
|switch|p1a: Raikou|Raikou|16/100
|move|p2a: Choi|Sucker Punch||[still]
|-fail|p2a: Choi
|
|-sideend|p2: loulsaiyan|Reflect
|upkeep
|turn|11
|
|t:|1757956305
|move|p2a: Choi|Sucker Punch||[still]
|-fail|p2a: Choi
|move|p1a: Raikou|Calm Mind|p1a: Raikou
|-boost|p1a: Raikou|spa|1
|-boost|p1a: Raikou|spd|1
|
|upkeep
|turn|12
|
|t:|1757956310
|move|p2a: Choi|Sucker Punch|p1a: Raikou
|-damage|p1a: Raikou|0 fnt
|faint|p1a: Raikou
|
|upkeep
|
|t:|1757956313
|switch|p1a: Crawdaunt|Crawdaunt, F|100/100
|-activate|p1a: Crawdaunt|move: Sticky Web
|-unboost|p1a: Crawdaunt|spe|1
|turn|13
|
|t:|1757956330
|move|p1a: Crawdaunt|Aqua Jet|p2a: Choi
|-damage|p2a: Choi|0 fnt
|faint|p2a: Choi
|
|upkeep
|
|t:|1757956336
|switch|p2a: Sauce Algérienne|Raging Bolt|100/100
|-enditem|p2a: Sauce Algérienne|Booster Energy
|-activate|p2a: Sauce Algérienne|ability: Protosynthesis|[fromitem]
|-start|p2a: Sauce Algérienne|protosynthesisspa
|turn|14
|
|t:|1757956341
|switch|p1a: Slowking|Slowking-Galar, M|100/100
|-activate|p1a: Slowking|move: Sticky Web
|-unboost|p1a: Slowking|spe|1
|move|p2a: Sauce Algérienne|Calm Mind|p2a: Sauce Algérienne
|-boost|p2a: Sauce Algérienne|spa|1
|-boost|p2a: Sauce Algérienne|spd|1
|
|upkeep
|turn|15
|inactive|loulsaiyan has 120 seconds left.
|
|t:|1757956373
|move|p2a: Sauce Algérienne|Dragon Pulse|p1a: Slowking
|-damage|p1a: Slowking|55/100
|move|p1a: Slowking|Sludge Bomb|p2a: Sauce Algérienne
|-damage|p2a: Sauce Algérienne|77/100
|
|upkeep
|turn|16
|
|t:|1757956382
|move|p2a: Sauce Algérienne|Thunderbolt|p1a: Slowking
|-damage|p1a: Slowking|5/100
|move|p1a: Slowking|Sludge Bomb|p2a: Sauce Algérienne
|-damage|p2a: Sauce Algérienne|56/100
|
|upkeep
|turn|17
|
|t:|1757956390
|move|p2a: Sauce Algérienne|Dragon Pulse|p1a: Slowking
|-damage|p1a: Slowking|0 fnt
|faint|p1a: Slowking
|
|upkeep
|
|t:|1757956399
|switch|p1a: Hydreigon|Hydreigon, M|100/100
|turn|18
|
|t:|1757956406
|move|p2a: Sauce Algérienne|Thunderclap||[still]
|-fail|p2a: Sauce Algérienne
|move|p1a: Hydreigon|Substitute|p1a: Hydreigon
|-start|p1a: Hydreigon|Substitute
|-damage|p1a: Hydreigon|76/100
|
|-heal|p1a: Hydreigon|82/100|[from] item: Leftovers
|upkeep
|turn|19
|
|t:|1757956412
|move|p1a: Hydreigon|Dark Pulse|p2a: Sauce Algérienne
|-damage|p2a: Sauce Algérienne|31/100
|cant|p2a: Sauce Algérienne|flinch
|
|-heal|p1a: Hydreigon|88/100|[from] item: Leftovers
|upkeep
|turn|20
|
|t:|1757956419
|move|p1a: Hydreigon|Dark Pulse|p2a: Sauce Algérienne
|-damage|p2a: Sauce Algérienne|4/100
|move|p2a: Sauce Algérienne|Dragon Pulse|p1a: Hydreigon
|-supereffective|p1a: Hydreigon
|-end|p1a: Hydreigon|Substitute
|
|-heal|p1a: Hydreigon|94/100|[from] item: Leftovers
|upkeep
|turn|21
|
|t:|1757956427
|move|p1a: Hydreigon|Dark Pulse|p2a: Sauce Algérienne
|-damage|p2a: Sauce Algérienne|0 fnt
|faint|p2a: Sauce Algérienne
|-end|p2a: Sauce Algérienne|Protosynthesis|[silent]
|
|-heal|p1a: Hydreigon|99/100|[from] item: Leftovers
|upkeep
|
|t:|1757956442
|switch|p2a: Sauce Blanche|Great Tusk, shiny|46/100
|turn|22
|
|t:|1757956450
|move|p2a: Sauce Blanche|Close Combat|p1a: Hydreigon
|-supereffective|p1a: Hydreigon
|-damage|p1a: Hydreigon|0 fnt
|-unboost|p2a: Sauce Blanche|def|1
|-unboost|p2a: Sauce Blanche|spd|1
|faint|p1a: Hydreigon
|
|upkeep
|
|t:|1757956460
|switch|p1a: Corviknight|Corviknight, M|100/100
|-ability|p1a: Corviknight|Pressure
|turn|23
|
|t:|1757956467
|move|p2a: Sauce Blanche|Close Combat|p1a: Corviknight
|-damage|p1a: Corviknight|66/100
|-unboost|p2a: Sauce Blanche|def|1
|-unboost|p2a: Sauce Blanche|spd|1
|-damage|p2a: Sauce Blanche|30/100|[from] item: Rocky Helmet|[of] p1a: Corviknight
|move|p1a: Corviknight|Iron Defense|p1a: Corviknight
|-boost|p1a: Corviknight|def|2
|
|upkeep
|turn|24
|
|t:|1757956483
|-end|p2a: Sauce Blanche|Protosynthesis|[silent]
|switch|p2a: Wazo|Ogerpon-Wellspring, F|100/100
|move|p1a: Corviknight|Roost|p1a: Corviknight
|-heal|p1a: Corviknight|100/100
|-singleturn|p1a: Corviknight|move: Roost
|
|upkeep
|turn|25
|inactive|doomfletch has 120 seconds left.
|
|t:|1757956519
|switch|p1a: Crawdaunt|Crawdaunt, F|100/100
|-activate|p1a: Crawdaunt|move: Sticky Web
|-unboost|p1a: Crawdaunt|spe|1
|move|p2a: Wazo|Encore||[still]
|-fail|p2a: Wazo
|
|upkeep
|turn|26
|inactive|doomfletch has 120 seconds left.
|
|t:|1757956539
|switch|p1a: Corviknight|Corviknight, M|100/100
|-ability|p1a: Corviknight|Pressure
|move|p2a: Wazo|Swords Dance|p2a: Wazo
|-boost|p2a: Wazo|atk|2
|
|upkeep
|turn|27
|inactive|doomfletch has 120 seconds left.
|
|t:|1757956551
|-terastallize|p2a: Wazo|Water
|detailschange|p2a: Wazo|Ogerpon-Wellspring-Tera, F, tera:Water
|-ability|p2a: Wazo|Embody Aspect (Wellspring)|boost
|-boost|p2a: Wazo|spd|1
|move|p2a: Wazo|Knock Off|p1a: Corviknight
|-damage|p1a: Corviknight|55/100
|-damage|p2a: Wazo|84/100|[from] item: Rocky Helmet|[of] p1a: Corviknight
|-enditem|p1a: Corviknight|Rocky Helmet|[from] move: Knock Off|[of] p2a: Wazo
|move|p1a: Corviknight|Body Press|p2a: Wazo
|-damage|p2a: Wazo|51/100
|
|upkeep
|turn|28
|inactive|doomfletch has 120 seconds left.
|
|t:|1757956567
|move|p2a: Wazo|Ivy Cudgel|p1a: Corviknight|[anim] Ivy Cudgel Water
|-damage|p1a: Corviknight|0 fnt
|faint|p1a: Corviknight
|
|upkeep
|
|t:|1757956571
|switch|p1a: Great Tusk|Great Tusk|100/100
|-activate|p1a: Great Tusk|move: Sticky Web
|-unboost|p1a: Great Tusk|spe|1
|turn|29
|
|t:|1757956579
|move|p2a: Wazo|Ivy Cudgel|p1a: Great Tusk|[anim] Ivy Cudgel Water
|-supereffective|p1a: Great Tusk
|-damage|p1a: Great Tusk|0 fnt
|faint|p1a: Great Tusk
|-end|p1a: Great Tusk|Protosynthesis|[silent]
|
|upkeep
|-message|doomfletch forfeited.
|
|win|loulsaiyan
|raw|doomfletch's rating: 1438 &rarr; <strong>1418</strong><br />(-20 for losing)
|raw|loulsaiyan's rating: 1446 &rarr; <strong>1466</strong><br />(+20 for winning)
|l|☆doomfletch
|player|p1|
|c|☆loulsaiyan|gg
