|j|☆the.ramen.gang
|j|☆cchang21
|t:|1757873957
|gametype|singles
|player|p1|the.ramen.gang|101|1179
|player|p2|cchang21|emmet|1227
|gen|9
|tier|[Gen 9] OU
|rated|
|rule|HP Percentage Mod: HP is shown in percentages
|rule|Endless Battle Clause: Forcing endless battles is banned
|rule|Species Clause: Limit one of each Pokémon
|rule|OHKO Clause: OHKO moves are banned
|rule|Evasion Items Clause: Evasion items are banned
|rule|Evasion Moves Clause: Evasion moves are banned
|rule|Evasion Abilities Clause: Evasion abilities are banned
|rule|Sleep Moves Clause: Sleep-inducing moves are banned
|clearpoke
|poke|p1|Avalugg, F|
|poke|p1|Lanturn, F|
|poke|p1|Umbreon, M|
|poke|p1|Corviknight, M|
|poke|p1|Vikavolt, F|
|poke|p1|Florges, F|
|poke|p2|Ogerpon-Wellspring, F|
|poke|p2|Gholdengo|
|poke|p2|Ninetales-Alola, M|
|poke|p2|Great Tusk|
|poke|p2|Kingambit, M|
|poke|p2|Raging Bolt|
|teampreview
|inactive|Battle timer is ON: inactive players will automatically lose when time's up. (requested by cchang21)
|
|t:|1757873963
|teamsize|p1|6
|teamsize|p2|6
|start
|switch|p1a: Avalugg|Avalugg, F|100/100
|switch|p2a: Ninetales|Ninetales-Alola, M|100/100
|-weather|Snowscape|[from] ability: Snow Warning|[of] p2a: Ninetales
|turn|1
|
|t:|1757873968
|move|p2a: Ninetales|Aurora Veil|p2a: Ninetales
|-sidestart|p2: cchang21|move: Aurora Veil
|move|p1a: Avalugg|Body Press|p2a: Ninetales
|-damage|p2a: Ninetales|83/100
|
|-weather|Snowscape|[upkeep]
|upkeep
|turn|2
|
|t:|1757873975
|switch|p2a: Gholdengo|Gholdengo|100/100
|move|p1a: Avalugg|Iron Defense|p1a: Avalugg
|-boost|p1a: Avalugg|def|2
|
|-weather|Snowscape|[upkeep]
|upkeep
|turn|3
|
|t:|1757873981
|switch|p1a: Vikavolt|Vikavolt, F|100/100
|move|p2a: Gholdengo|Nasty Plot|p2a: Gholdengo
|-boost|p2a: Gholdengo|spa|2
|
|-weather|Snowscape|[upkeep]
|upkeep
|turn|4
|
|t:|1757873985
|move|p2a: Gholdengo|Make It Rain|p1a: Vikavolt
|-resisted|p1a: Vikavolt
|-damage|p1a: Vikavolt|66/100
|-unboost|p2a: Gholdengo|spa|1
|move|p1a: Vikavolt|Charge Beam|p2a: Gholdengo
|-damage|p2a: Gholdengo|89/100
|-boost|p1a: Vikavolt|spa|1
|
|-weather|Snowscape|[upkeep]
|upkeep
|turn|5
|
|t:|1757873993
|move|p2a: Gholdengo|Shadow Ball|p1a: Vikavolt
|-damage|p1a: Vikavolt|35/100
|move|p1a: Vikavolt|Charge Beam|p2a: Gholdengo
|-damage|p2a: Gholdengo|73/100
|-boost|p1a: Vikavolt|spa|1
|
|-weather|none
|upkeep
|turn|6
|
|t:|1757874003
|move|p2a: Gholdengo|Nasty Plot|p2a: Gholdengo
|-boost|p2a: Gholdengo|spa|2
|move|p1a: Vikavolt|Thunderbolt|p2a: Gholdengo
|-damage|p2a: Gholdengo|31/100
|-status|p2a: Gholdengo|par
|
|upkeep
|turn|7
|
|t:|1757874006
|move|p2a: Gholdengo|Shadow Ball|p1a: Vikavolt
|-damage|p1a: Vikavolt|0 fnt
|faint|p1a: Vikavolt
|
|upkeep
|inactive|the.ramen.gang has 120 seconds left.
|
|t:|1757874040
|switch|p1a: Lanturn|Lanturn, F|100/100
|turn|8
|
|t:|1757874046
|move|p1a: Lanturn|Thunderbolt|p2a: Gholdengo
|-damage|p2a: Gholdengo|10/100 par
|-damage|p1a: Lanturn|91/100|[from] item: Life Orb
|move|p2a: Gholdengo|Shadow Ball|p1a: Lanturn
|-damage|p1a: Lanturn|19/100
|
|-sideend|p2: cchang21|move: Aurora Veil
|upkeep
|turn|9
|
|t:|1757874055
|move|p1a: Lanturn|Thunderbolt|p2a: Gholdengo
|-damage|p2a: Gholdengo|0 fnt
|faint|p2a: Gholdengo
|-damage|p1a: Lanturn|9/100|[from] item: Life Orb
|
|upkeep
|
|t:|1757874060
|switch|p2a: Ninetales|Ninetales-Alola, M|83/100
|-weather|Snowscape|[from] ability: Snow Warning|[of] p2a: Ninetales
|turn|10
|
|t:|1757874064
|move|p2a: Ninetales|Aurora Veil|p2a: Ninetales
|-sidestart|p2: cchang21|move: Aurora Veil
|move|p1a: Lanturn|Thunderbolt|p2a: Ninetales
|-damage|p2a: Ninetales|60/100
|-damage|p1a: Lanturn|0 fnt|[from] item: Life Orb
|faint|p1a: Lanturn
|
|-weather|Snowscape|[upkeep]
|upkeep
|
|t:|1757874075
|switch|p1a: Florges|Florges, F|100/100
|turn|11
|
|t:|1757874084
|switch|p2a: Ogerpon|Ogerpon-Wellspring, F|100/100
|move|p1a: Florges|Calm Mind|p1a: Florges
|-boost|p1a: Florges|spa|1
|-boost|p1a: Florges|spd|1
|
|-weather|Snowscape|[upkeep]
|upkeep
|turn|12
|
|t:|1757874095
|move|p2a: Ogerpon|Substitute|p2a: Ogerpon
|-start|p2a: Ogerpon|Substitute
|-damage|p2a: Ogerpon|76/100
|move|p1a: Florges|Calm Mind|p1a: Florges
|-boost|p1a: Florges|spa|1
|-boost|p1a: Florges|spd|1
|
|-weather|Snowscape|[upkeep]
|upkeep
|turn|13
|
|t:|1757874099
|move|p2a: Ogerpon|Swords Dance|p2a: Ogerpon
|-boost|p2a: Ogerpon|atk|2
|move|p1a: Florges|Moonblast|p2a: Ogerpon
|-end|p2a: Ogerpon|Substitute
|
|-weather|Snowscape|[upkeep]
|upkeep
|turn|14
|
|t:|1757874102
|move|p2a: Ogerpon|Ivy Cudgel|p1a: Florges|[anim] Ivy Cudgel Water
|-damage|p1a: Florges|0 fnt
|faint|p1a: Florges
|
|-weather|none
|upkeep
|
|t:|1757874107
|switch|p1a: Avalugg|Avalugg, F|100/100
|turn|15
|
|t:|1757874113
|move|p2a: Ogerpon|Ivy Cudgel|p1a: Avalugg|[anim] Ivy Cudgel Water
|-damage|p1a: Avalugg|51/100
|move|p1a: Avalugg|Iron Defense|p1a: Avalugg
|-boost|p1a: Avalugg|def|2
|
|upkeep
|turn|16
|
|t:|1757874118
|move|p2a: Ogerpon|Substitute|p2a: Ogerpon
|-start|p2a: Ogerpon|Substitute
|-damage|p2a: Ogerpon|51/100
|move|p1a: Avalugg|Recover|p1a: Avalugg
|-heal|p1a: Avalugg|100/100
|
|upkeep
|turn|17
|
|t:|1757874121
|move|p2a: Ogerpon|Swords Dance|p2a: Ogerpon
|-boost|p2a: Ogerpon|atk|2
|move|p1a: Avalugg|Iron Defense|p1a: Avalugg
|-boost|p1a: Avalugg|def|2
|
|-sideend|p2: cchang21|move: Aurora Veil
|upkeep
|turn|18
|
|t:|1757874125
|move|p2a: Ogerpon|Swords Dance|p2a: Ogerpon
|-boost|p2a: Ogerpon|atk|2
|move|p1a: Avalugg|Iron Defense|p1a: Avalugg
|-boost|p1a: Avalugg|def|2
|
|upkeep
|turn|19
|
|t:|1757874127
|move|p2a: Ogerpon|Power Whip|p1a: Avalugg
|-damage|p1a: Avalugg|73/100
|move|p1a: Avalugg|Body Press|p2a: Ogerpon
|-end|p2a: Ogerpon|Substitute
|
|upkeep
|turn|20
|
|t:|1757874140
|switch|p2a: Raging Bolt|Raging Bolt|100/100
|move|p1a: Avalugg|Body Press|p2a: Raging Bolt
|-damage|p2a: Raging Bolt|0 fnt
|faint|p2a: Raging Bolt
|-end|p2a: Raging Bolt|Protosynthesis|[silent]
|
|upkeep
|
|t:|1757874146
|switch|p2a: Ninetales|Ninetales-Alola, M|60/100
|-weather|Snowscape|[from] ability: Snow Warning|[of] p2a: Ninetales
|turn|21
|
|t:|1757874149
|move|p2a: Ninetales|Aurora Veil|p2a: Ninetales
|-sidestart|p2: cchang21|move: Aurora Veil
|move|p1a: Avalugg|Body Press|p2a: Ninetales
|-damage|p2a: Ninetales|0 fnt
|faint|p2a: Ninetales
|
|-weather|Snowscape|[upkeep]
|upkeep
|
|t:|1757874153
|switch|p2a: Kingambit|Kingambit, M|100/100
|-activate|p2a: Kingambit|ability: Supreme Overlord
|-start|p2a: Kingambit|fallen3|[silent]
|turn|22
|
|t:|1757874158
|-terastallize|p2a: Kingambit|Ghost
|-terastallize|p1a: Avalugg|Fighting
|move|p2a: Kingambit|Swords Dance|p2a: Kingambit
|-boost|p2a: Kingambit|atk|2
|move|p1a: Avalugg|Body Press|p2a: Kingambit
|-immune|p2a: Kingambit
|
|-weather|Snowscape|[upkeep]
|upkeep
|turn|23
|
|t:|1757874175
|move|p2a: Kingambit|Swords Dance|p2a: Kingambit
|-boost|p2a: Kingambit|atk|2
|move|p1a: Avalugg|Recover|p1a: Avalugg
|-heal|p1a: Avalugg|100/100
|
|-weather|Snowscape|[upkeep]
|upkeep
|turn|24
|
|t:|1757874180
|move|p2a: Kingambit|Swords Dance|p2a: Kingambit
|-boost|p2a: Kingambit|atk|2
|move|p1a: Avalugg|Avalanche|p2a: Kingambit
|-damage|p2a: Kingambit|91/100
|
|-weather|Snowscape|[upkeep]
|-heal|p2a: Kingambit|97/100|[from] item: Leftovers
|upkeep
|turn|25
|
|t:|1757874186
|move|p2a: Kingambit|Kowtow Cleave|p1a: Avalugg
|-resisted|p1a: Avalugg
|-damage|p1a: Avalugg|87/100
|move|p1a: Avalugg|Avalanche|p2a: Kingambit
|-damage|p2a: Kingambit|78/100
|
|-weather|none
|-heal|p2a: Kingambit|84/100|[from] item: Leftovers
|upkeep
|turn|26
|
|t:|1757874195
|move|p2a: Kingambit|Iron Head|p1a: Avalugg
|-damage|p1a: Avalugg|62/100
|move|p1a: Avalugg|Avalanche|p2a: Kingambit
|-damage|p2a: Kingambit|64/100
|
|-heal|p2a: Kingambit|70/100|[from] item: Leftovers
|upkeep
|turn|27
|
|t:|1757874199
|move|p2a: Kingambit|Iron Head|p1a: Avalugg
|-damage|p1a: Avalugg|36/100
|move|p1a: Avalugg|Avalanche|p2a: Kingambit
|-damage|p2a: Kingambit|48/100
|
|-heal|p2a: Kingambit|54/100|[from] item: Leftovers
|upkeep
|turn|28
|
|t:|1757874204
|move|p2a: Kingambit|Iron Head|p1a: Avalugg
|-damage|p1a: Avalugg|12/100
|move|p1a: Avalugg|Recover|p1a: Avalugg
|-heal|p1a: Avalugg|62/100
|
|-heal|p2a: Kingambit|60/100|[from] item: Leftovers
|-sideend|p2: cchang21|move: Aurora Veil
|upkeep
|turn|29
|
|t:|1757874208
|move|p2a: Kingambit|Iron Head|p1a: Avalugg
|-damage|p1a: Avalugg|37/100
|cant|p1a: Avalugg|flinch
|
|-heal|p2a: Kingambit|66/100|[from] item: Leftovers
|upkeep
|turn|30
|
|t:|1757874212
|move|p2a: Kingambit|Iron Head|p1a: Avalugg
|-damage|p1a: Avalugg|14/100
|move|p1a: Avalugg|Recover|p1a: Avalugg
|-heal|p1a: Avalugg|64/100
|
|-heal|p2a: Kingambit|73/100|[from] item: Leftovers
|upkeep
|turn|31
|
|t:|1757874219
|move|p2a: Kingambit|Iron Head|p1a: Avalugg
|-damage|p1a: Avalugg|39/100
|move|p1a: Avalugg|Avalanche|p2a: Kingambit
|-damage|p2a: Kingambit|33/100
|
|-heal|p2a: Kingambit|39/100|[from] item: Leftovers
|upkeep
|turn|32
|
|t:|1757874224
|move|p2a: Kingambit|Iron Head|p1a: Avalugg
|-damage|p1a: Avalugg|13/100
|move|p1a: Avalugg|Recover|p1a: Avalugg
|-heal|p1a: Avalugg|63/100
|
|-heal|p2a: Kingambit|45/100|[from] item: Leftovers
|upkeep
|turn|33
|
|t:|1757874228
|move|p2a: Kingambit|Iron Head|p1a: Avalugg
|-damage|p1a: Avalugg|36/100
|move|p1a: Avalugg|Recover|p1a: Avalugg
|-heal|p1a: Avalugg|86/100
|
|-heal|p2a: Kingambit|52/100|[from] item: Leftovers
|upkeep
|turn|34
|
|t:|1757874231
|move|p2a: Kingambit|Iron Head|p1a: Avalugg
|-damage|p1a: Avalugg|62/100
|move|p1a: Avalugg|Avalanche|p2a: Kingambit
|-damage|p2a: Kingambit|11/100
|
|-heal|p2a: Kingambit|17/100|[from] item: Leftovers
|upkeep
|turn|35
|
|t:|1757874234
|move|p2a: Kingambit|Iron Head|p1a: Avalugg
|-damage|p1a: Avalugg|39/100
|move|p1a: Avalugg|Avalanche|p2a: Kingambit
|-damage|p2a: Kingambit|0 fnt
|faint|p2a: Kingambit
|-end|p2a: Kingambit|fallen3|[silent]
|
|upkeep
|
|t:|1757874239
|switch|p2a: Great Tusk|Great Tusk|100/100
|turn|36
|
|t:|1757874242
|move|p2a: Great Tusk|Headlong Rush|p1a: Avalugg
|-damage|p1a: Avalugg|33/100
|-unboost|p2a: Great Tusk|def|1
|-unboost|p2a: Great Tusk|spd|1
|move|p1a: Avalugg|Recover|p1a: Avalugg
|-heal|p1a: Avalugg|83/100
|
|upkeep
|turn|37
|
|t:|1757874249
|-end|p2a: Great Tusk|Protosynthesis|[silent]
|switch|p2a: Ogerpon|Ogerpon-Wellspring, F|51/100
|move|p1a: Avalugg|Body Press|p2a: Ogerpon
|-damage|p2a: Ogerpon|0 fnt
|faint|p2a: Ogerpon
|
|upkeep
|-message|cchang21 forfeited.
|
|win|the.ramen.gang
|raw|the.ramen.gang's rating: 1179 &rarr; <strong>1207</strong><br />(+28 for winning)
|raw|cchang21's rating: 1227 &rarr; <strong>1199</strong><br />(-28 for losing)
|l|☆cchang21
|player|p2|
