|j|‽oehtwashere
|j|☆sahsingh
|t:|1757955344
|gametype|singles
|player|p1|oehtwashere|supernerd|1719
|player|p2|sahsingh|101|1720
|gen|9
|tier|[Gen 9] OU
|rated|
|rule|HP Percentage Mod: HP is shown in percentages
|rule|Endless Battle Clause: Forcing endless battles is banned
|rule|Species Clause: Limit one of each Pokémon
|rule|OHKO Clause: OHKO moves are banned
|rule|Evasion Items Clause: Evasion items are banned
|rule|Evasion Moves Clause: Evasion moves are banned
|rule|Evasion Abilities Clause: Evasion abilities are banned
|rule|Sleep Moves Clause: Sleep-inducing moves are banned
|clearpoke
|poke|p1|Raikou|
|poke|p1|Scizor, M|
|poke|p1|Clefable, F|
|poke|p1|Zamazenta-*|
|poke|p1|Sinistcha|
|poke|p1|Ting-Lu|
|poke|p2|Tyranitar, F|
|poke|p2|Excadrill, F|
|poke|p2|Keldeo-Resolute|
|poke|p2|Tornadus-Therian, M|
|poke|p2|Heatran, F|
|poke|p2|Hydrapple, M|
|teampreview
|inactive|Battle timer is ON: inactive players will automatically lose when time's up. (requested by oehtwashere)
|inactive|sahsingh has 120 seconds left.
|
|t:|1757955393
|teamsize|p1|6
|teamsize|p2|6
|start
|switch|p1a: Raikou|Raikou|100/100
|switch|p2a: Keldeo|Keldeo-Resolute|100/100
|-ability|p1a: Raikou|Pressure
|turn|1
|
|t:|1757955405
|switch|p2a: Heatran|Heatran, F|100/100
|move|p1a: Raikou|Scald|p2a: Heatran
|-supereffective|p2a: Heatran
|-damage|p2a: Heatran|68/100
|
|-heal|p2a: Heatran|74/100|[from] item: Leftovers
|upkeep
|turn|2
|
|t:|1757955413
|move|p1a: Raikou|Volt Switch|p2a: Heatran
|-damage|p2a: Heatran|53/100
|
|t:|1757955416
|switch|p1a: Ting-Lu|Ting-Lu|100/100|[from] Volt Switch
|-ability|p1a: Ting-Lu|Vessel of Ruin
|move|p2a: Heatran|Stealth Rock|p1a: Ting-Lu
|-sidestart|p1: oehtwashere|move: Stealth Rock
|
|-heal|p2a: Heatran|59/100|[from] item: Leftovers
|upkeep
|turn|3
|
|t:|1757955425
|switch|p2a: Keldeo|Keldeo-Resolute|100/100
|move|p1a: Ting-Lu|Spikes|p2a: Keldeo
|-sidestart|p2: sahsingh|Spikes
|
|upkeep
|turn|4
|inactive|sahsingh has 120 seconds left.
|
|t:|1757955463
|move|p2a: Keldeo|Flip Turn|p1a: Ting-Lu
|-supereffective|p1a: Ting-Lu
|-damage|p1a: Ting-Lu|84/100
|
|t:|1757955467
|switch|p2a: Excadrill|Excadrill, F|100/100|[from] Flip Turn
|-item|p2a: Excadrill|Air Balloon
|move|p1a: Ting-Lu|Earthquake|p2a: Excadrill
|-immune|p2a: Excadrill
|
|-heal|p1a: Ting-Lu|90/100|[from] item: Leftovers
|upkeep
|turn|5
|
|t:|1757955476
|switch|p2a: Tornadus|Tornadus-Therian, M|100/100
|move|p1a: Ting-Lu|Ruination|p2a: Tornadus|[miss]
|-miss|p1a: Ting-Lu|p2a: Tornadus
|
|-heal|p1a: Ting-Lu|96/100|[from] item: Leftovers
|upkeep
|turn|6
|
|t:|1757955484
|move|p2a: Tornadus|Taunt|p1a: Ting-Lu
|-start|p1a: Ting-Lu|move: Taunt
|move|p1a: Ting-Lu|Ruination|p2a: Tornadus|[miss]
|-miss|p1a: Ting-Lu|p2a: Tornadus
|
|-heal|p1a: Ting-Lu|100/100|[from] item: Leftovers
|upkeep
|turn|7
|
|t:|1757955490
|move|p2a: Tornadus|U-turn|p1a: Ting-Lu
|-supereffective|p1a: Ting-Lu
|-damage|p1a: Ting-Lu|83/100
|
|t:|1757955494
|switch|p2a: Hydrapple|Hydrapple, M|100/100|[from] U-turn
|-damage|p2a: Hydrapple|88/100|[from] Spikes
|move|p1a: Ting-Lu|Ruination|p2a: Hydrapple
|-damage|p2a: Hydrapple|44/100
|
|-heal|p1a: Ting-Lu|89/100|[from] item: Leftovers
|upkeep
|turn|8
|
|t:|1757955501
|switch|p1a: Scizor|Scizor, M|100/100
|move|p2a: Hydrapple|Giga Drain|p1a: Scizor
|-resisted|p1a: Scizor
|-damage|p1a: Scizor|91/100
|-heal|p2a: Hydrapple|48/100|[from] drain|[of] p1a: Scizor
|
|upkeep
|turn|9
|
|t:|1757955511
|switch|p2a: Tornadus|Tornadus-Therian, M|100/100
|move|p1a: Scizor|Knock Off|p2a: Tornadus
|-damage|p2a: Tornadus|57/100
|-enditem|p2a: Tornadus|Heavy-Duty Boots|[from] move: Knock Off|[of] p1a: Scizor
|
|upkeep
|turn|10
|
|t:|1757955521
|switch|p1a: Ting-Lu|Ting-Lu|89/100
|-damage|p1a: Ting-Lu|83/100|[from] Stealth Rock
|-ability|p1a: Ting-Lu|Vessel of Ruin
|move|p2a: Tornadus|Heat Wave|p1a: Ting-Lu
|-damage|p1a: Ting-Lu|73/100
|
|-heal|p1a: Ting-Lu|80/100|[from] item: Leftovers
|upkeep
|turn|11
|
|t:|1757955530
|move|p2a: Tornadus|Taunt|p1a: Ting-Lu
|-start|p1a: Ting-Lu|move: Taunt
|move|p1a: Ting-Lu|Ruination|p2a: Tornadus
|-damage|p2a: Tornadus|29/100
|
|-heal|p1a: Ting-Lu|86/100|[from] item: Leftovers
|upkeep
|turn|12
|
|t:|1757955533
|move|p2a: Tornadus|U-turn|p1a: Ting-Lu
|-supereffective|p1a: Ting-Lu
|-damage|p1a: Ting-Lu|71/100
|j| Le Bouquetin
|
|t:|1757955536
|switch|p2a: Hydrapple|Hydrapple, M|81/100|[from] U-turn
|-damage|p2a: Hydrapple|69/100|[from] Spikes
|move|p1a: Ting-Lu|Ruination|p2a: Hydrapple
|-damage|p2a: Hydrapple|35/100
|
|-heal|p1a: Ting-Lu|77/100|[from] item: Leftovers
|upkeep
|turn|13
|
|t:|1757955542
|switch|p1a: Scizor|Scizor, M|91/100
|move|p2a: Hydrapple|Giga Drain|p1a: Scizor
|-resisted|p1a: Scizor
|-damage|p1a: Scizor|81/100
|-heal|p2a: Hydrapple|38/100|[from] drain|[of] p1a: Scizor
|
|upkeep
|turn|14
|
|t:|1757955548
|switch|p2a: Tornadus|Tornadus-Therian, M|62/100
|move|p1a: Scizor|U-turn|p2a: Tornadus
|-resisted|p2a: Tornadus
|-damage|p2a: Tornadus|38/100
|
|t:|1757955552
|switch|p1a: Raikou|Raikou|100/100|[from] U-turn
|-ability|p1a: Raikou|Pressure
|
|upkeep
|turn|15
|
|t:|1757955561
|move|p2a: Tornadus|U-turn|p1a: Raikou
|-damage|p1a: Raikou|81/100
|
|t:|1757955570
|switch|p2a: Excadrill|Excadrill, F|100/100|[from] U-turn
|-item|p2a: Excadrill|Air Balloon
|move|p1a: Raikou|Volt Switch|p2a: Excadrill
|-immune|p2a: Excadrill
|
|upkeep
|turn|16
|
|t:|1757955581
|switch|p1a: Sinistcha|Sinistcha|100/100
|switch|p2a: Tornadus|Tornadus-Therian, M|71/100
|
|upkeep
|turn|17
|
|t:|1757955592
|switch|p1a: Ting-Lu|Ting-Lu|77/100
|-damage|p1a: Ting-Lu|71/100|[from] Stealth Rock
|-ability|p1a: Ting-Lu|Vessel of Ruin
|move|p2a: Tornadus|U-turn|p1a: Ting-Lu
|-supereffective|p1a: Ting-Lu
|-damage|p1a: Ting-Lu|55/100
|
|t:|1757955599
|switch|p2a: Keldeo|Keldeo-Resolute|100/100|[from] U-turn
|-damage|p2a: Keldeo|88/100|[from] Spikes
|
|-heal|p1a: Ting-Lu|62/100|[from] item: Leftovers
|upkeep
|turn|18
|
|t:|1757955603
|switch|p1a: Sinistcha|Sinistcha|100/100
|move|p2a: Keldeo|Surf|p1a: Sinistcha
|-resisted|p1a: Sinistcha
|-damage|p1a: Sinistcha|57/100
|
|upkeep
|turn|19
|
|t:|1757955610
|switch|p2a: Tornadus|Tornadus-Therian, M|100/100
|move|p1a: Sinistcha|Matcha Gotcha|p2a: Tornadus
|-resisted|p2a: Tornadus
|-damage|p2a: Tornadus|84/100
|-heal|p1a: Sinistcha|66/100|[from] drain|[of] p2a: Tornadus
|
|upkeep
|turn|20
|
|t:|1757955617
|switch|p1a: Raikou|Raikou|81/100
|-ability|p1a: Raikou|Pressure
|move|p2a: Tornadus|Bleakwind Storm|p1a: Raikou
|-resisted|p1a: Raikou
|-crit|p1a: Raikou
|-damage|p1a: Raikou|52/100
|
|upkeep
|turn|21
|
|t:|1757955628
|move|p2a: Tornadus|U-turn|p1a: Raikou
|-damage|p1a: Raikou|31/100
|
|t:|1757955637
|switch|p2a: Tyranitar|Tyranitar, F|100/100|[from] U-turn
|-damage|p2a: Tyranitar|88/100|[from] Spikes
|-weather|Sandstorm|[from] ability: Sand Stream|[of] p2a: Tyranitar
|move|p1a: Raikou|Scald|p2a: Tyranitar
|-supereffective|p2a: Tyranitar
|-damage|p2a: Tyranitar|55/100
|-status|p2a: Tyranitar|brn
|
|-weather|Sandstorm|[upkeep]
|-damage|p1a: Raikou|25/100|[from] Sandstorm
|-damage|p2a: Tyranitar|49/100 brn|[from] brn
|upkeep
|turn|22
|
|t:|1757955643
|move|p1a: Raikou|Aura Sphere|p2a: Tyranitar
|-supereffective|p2a: Tyranitar
|-damage|p2a: Tyranitar|0 fnt
|faint|p2a: Tyranitar
|
|-weather|Sandstorm|[upkeep]
|-damage|p1a: Raikou|19/100|[from] Sandstorm
|upkeep
|
|t:|1757955651
|switch|p2a: Excadrill|Excadrill, F|100/100
|-item|p2a: Excadrill|Air Balloon
|turn|23
|
|t:|1757955659
|move|p2a: Excadrill|Iron Head|p1a: Raikou
|-resisted|p1a: Raikou
|-damage|p1a: Raikou|0 fnt
|faint|p1a: Raikou
|
|-weather|Sandstorm|[upkeep]
|upkeep
|
|t:|1757955661
|switch|p1a: Sinistcha|Sinistcha|66/100
|turn|24
|
|t:|1757955676
|switch|p2a: Tornadus|Tornadus-Therian, M|100/100
|move|p1a: Sinistcha|Strength Sap|p2a: Tornadus
|-unboost|p2a: Tornadus|atk|1
|-heal|p1a: Sinistcha|100/100
|
|-weather|Sandstorm|[upkeep]
|-damage|p2a: Tornadus|94/100|[from] Sandstorm
|-damage|p1a: Sinistcha|94/100|[from] Sandstorm
|upkeep
|turn|25
|
|t:|1757955682
|switch|p1a: Ting-Lu|Ting-Lu|62/100
|-damage|p1a: Ting-Lu|55/100|[from] Stealth Rock
|-ability|p1a: Ting-Lu|Vessel of Ruin
|move|p2a: Tornadus|Bleakwind Storm|p1a: Ting-Lu
|-damage|p1a: Ting-Lu|39/100
|-unboost|p1a: Ting-Lu|spe|1
|
|-weather|none
|-heal|p1a: Ting-Lu|46/100|[from] item: Leftovers
|upkeep
|turn|26
|
|t:|1757955690
|move|p2a: Tornadus|Taunt|p1a: Ting-Lu
|-start|p1a: Ting-Lu|move: Taunt
|move|p1a: Ting-Lu|Ruination|p2a: Tornadus
|-damage|p2a: Tornadus|48/100
|
|-heal|p1a: Ting-Lu|52/100|[from] item: Leftovers
|upkeep
|turn|27
|
|t:|1757955694
|move|p2a: Tornadus|U-turn|p1a: Ting-Lu
|-supereffective|p1a: Ting-Lu
|-damage|p1a: Ting-Lu|42/100
|
|t:|1757955697
|switch|p2a: Hydrapple|Hydrapple, M|72/100|[from] U-turn
|-damage|p2a: Hydrapple|59/100|[from] Spikes
|move|p1a: Ting-Lu|Ruination|p2a: Hydrapple
|-damage|p2a: Hydrapple|30/100
|
|-heal|p1a: Ting-Lu|48/100|[from] item: Leftovers
|upkeep
|turn|28
|
|t:|1757955713
|switch|p2a: Keldeo|Keldeo-Resolute|88/100
|-damage|p2a: Keldeo|76/100|[from] Spikes
|switch|p1a: Scizor|Scizor, M|81/100
|
|upkeep
|turn|29
|
|t:|1757955717
|switch|p1a: Sinistcha|Sinistcha|94/100
|-terastallize|p2a: Keldeo|Water
|move|p2a: Keldeo|Surf|p1a: Sinistcha
|-resisted|p1a: Sinistcha
|-damage|p1a: Sinistcha|38/100
|
|upkeep
|turn|30
|
|t:|1757955723
|move|p2a: Keldeo|Surf|p1a: Sinistcha
|-resisted|p1a: Sinistcha
|-damage|p1a: Sinistcha|0 fnt
|faint|p1a: Sinistcha
|
|upkeep
|
|t:|1757955732
|switch|p1a: Clefable|Clefable, F|100/100
|turn|31
|
|t:|1757955742
|switch|p2a: Tornadus|Tornadus-Therian, M|81/100
|move|p1a: Clefable|Moonblast|p2a: Tornadus
|-damage|p2a: Tornadus|48/100
|
|upkeep
|turn|32
|
|t:|1757955752
|move|p2a: Tornadus|Taunt|p1a: Clefable
|-start|p1a: Clefable|move: Taunt
|cant|p1a: Clefable|move: Taunt|Stealth Rock
|
|upkeep
|turn|33
|
|t:|1757955758
|move|p2a: Tornadus|U-turn|p1a: Clefable
|-resisted|p1a: Clefable
|-damage|p1a: Clefable|95/100
|
|t:|1757955761
|switch|p2a: Excadrill|Excadrill, F|100/100|[from] U-turn
|-item|p2a: Excadrill|Air Balloon
|move|p1a: Clefable|Moonblast|p2a: Excadrill
|-resisted|p2a: Excadrill
|-damage|p2a: Excadrill|79/100
|-enditem|p2a: Excadrill|Air Balloon
|
|-heal|p1a: Clefable|100/100|[from] item: Leftovers
|upkeep
|turn|34
|
|t:|1757955796
|switch|p1a: Ting-Lu|Ting-Lu|48/100
|-damage|p1a: Ting-Lu|42/100|[from] Stealth Rock
|-ability|p1a: Ting-Lu|Vessel of Ruin
|move|p2a: Excadrill|Iron Head|p1a: Ting-Lu
|-damage|p1a: Ting-Lu|15/100
|
|-heal|p1a: Ting-Lu|22/100|[from] item: Leftovers
|upkeep
|turn|35
|l| Le Bouquetin
|
|t:|1757955809
|move|p2a: Excadrill|Earthquake|p1a: Ting-Lu
|-damage|p1a: Ting-Lu|0 fnt
|faint|p1a: Ting-Lu
|
|upkeep
|
|t:|1757955812
|switch|p1a: Clefable|Clefable, F|100/100
|turn|36
|
|t:|1757955822
|move|p2a: Excadrill|Iron Head|p1a: Clefable
|-supereffective|p1a: Clefable
|-damage|p1a: Clefable|22/100
|move|p1a: Clefable|Stealth Rock|p2a: Excadrill
|-sidestart|p2: sahsingh|move: Stealth Rock
|
|-heal|p1a: Clefable|28/100|[from] item: Leftovers
|upkeep
|turn|37
|
|t:|1757955827
|move|p1a: Clefable|Protect|p1a: Clefable
|-singleturn|p1a: Clefable|Protect
|move|p2a: Excadrill|Rapid Spin|p1a: Clefable
|-activate|p1a: Clefable|move: Protect
|
|-heal|p1a: Clefable|34/100|[from] item: Leftovers
|upkeep
|turn|38
|
|t:|1757955835
|switch|p1a: Zamazenta|Zamazenta|100/100
|-damage|p1a: Zamazenta|94/100|[from] Stealth Rock
|-ability|p1a: Zamazenta|Dauntless Shield|boost
|-boost|p1a: Zamazenta|def|1
|move|p2a: Excadrill|Rapid Spin|p1a: Zamazenta
|-damage|p1a: Zamazenta|84/100
|-boost|p2a: Excadrill|spe|1
|-sideend|p2: sahsingh|Spikes|[from] move: Rapid Spin|[of] p2a: Excadrill
|-sideend|p2: sahsingh|Stealth Rock|[from] move: Rapid Spin|[of] p2a: Excadrill
|
|-heal|p1a: Zamazenta|90/100|[from] item: Leftovers
|upkeep
|turn|39
|
|t:|1757955853
|switch|p2a: Hydrapple|Hydrapple, M|63/100
|move|p1a: Zamazenta|Iron Defense|p1a: Zamazenta
|-boost|p1a: Zamazenta|def|2
|
|-heal|p1a: Zamazenta|96/100|[from] item: Leftovers
|upkeep
|turn|40
|
|t:|1757955859
|move|p1a: Zamazenta|Iron Defense|p1a: Zamazenta
|-boost|p1a: Zamazenta|def|2
|move|p2a: Hydrapple|Giga Drain|p1a: Zamazenta
|-damage|p1a: Zamazenta|74/100
|-heal|p2a: Hydrapple|74/100|[from] drain|[of] p1a: Zamazenta
|
|-heal|p1a: Zamazenta|80/100|[from] item: Leftovers
|upkeep
|turn|41
|
|t:|1757955870
|move|p1a: Zamazenta|Body Press|p2a: Hydrapple
|-damage|p2a: Hydrapple|14/100
|-damage|p1a: Zamazenta|63/100|[from] item: Rocky Helmet|[of] p2a: Hydrapple
|move|p2a: Hydrapple|Giga Drain|p1a: Zamazenta
|-damage|p1a: Zamazenta|39/100
|-heal|p2a: Hydrapple|25/100|[from] drain|[of] p1a: Zamazenta
|
|-heal|p1a: Zamazenta|45/100|[from] item: Leftovers
|upkeep
|turn|42
|
|t:|1757955885
|move|p1a: Zamazenta|Body Press|p2a: Hydrapple
|-damage|p2a: Hydrapple|0 fnt
|-damage|p1a: Zamazenta|29/100|[from] item: Rocky Helmet|[of] p2a: Hydrapple
|faint|p2a: Hydrapple
|
|-heal|p1a: Zamazenta|35/100|[from] item: Leftovers
|upkeep
|inactive|sahsingh has 120 seconds left.
|
|t:|1757955923
|switch|p2a: Tornadus|Tornadus-Therian, M|81/100
|turn|43
|j| poawh
|inactive|oehtwashere has 120 seconds left.
|
|t:|1757955958
|move|p1a: Zamazenta|Body Press|p2a: Tornadus
|-resisted|p2a: Tornadus
|-damage|p2a: Tornadus|17/100
|move|p2a: Tornadus|Bleakwind Storm|p1a: Zamazenta
|-supereffective|p1a: Zamazenta
|-damage|p1a: Zamazenta|0 fnt
|faint|p1a: Zamazenta
|
|upkeep
|
|t:|1757955961
|switch|p1a: Scizor|Scizor, M|81/100
|turn|44
|
|t:|1757955968
|move|p1a: Scizor|Bullet Punch|p2a: Tornadus
|-damage|p2a: Tornadus|0 fnt
|faint|p2a: Tornadus
|
|upkeep
|
|t:|1757955972
|switch|p2a: Keldeo|Keldeo-Resolute, tera:Water|76/100
|turn|45
|
|t:|1757955979
|move|p2a: Keldeo|Surf|p1a: Scizor
|-damage|p1a: Scizor|0 fnt
|faint|p1a: Scizor
|
|upkeep
|-message|oehtwashere forfeited.
|
|win|sahsingh
|raw|oehtwashere's rating: 1719 &rarr; <strong>1699</strong><br />(-20 for losing)
|raw|sahsingh's rating: 1720 &rarr; <strong>1740</strong><br />(+20 for winning)
|l|‽oehtwashere
|player|p1|
|l|☆sahsingh
|player|p2|
