|j|☆Natorito
|j|☆Spider Thekla
|t:|1757869349
|gametype|singles
|player|p1|Natorito|170|1174
|player|p2|Spider Thekla|roxie|1237
|gen|9
|tier|[Gen 9] OU
|rated|
|rule|HP Percentage Mod: HP is shown in percentages
|rule|Endless Battle Clause: Forcing endless battles is banned
|rule|Species Clause: Limit one of each Pokémon
|rule|OHKO Clause: OHKO moves are banned
|rule|Evasion Items Clause: Evasion items are banned
|rule|Evasion Moves Clause: Evasion moves are banned
|rule|Evasion Abilities Clause: Evasion abilities are banned
|rule|Sleep Moves Clause: Sleep-inducing moves are banned
|clearpoke
|poke|p1|Slowbro-Galar, F|
|poke|p1|Mudsdale, M|
|poke|p1|Minior|
|poke|p1|Hitmonchan, M|
|poke|p1|Rotom-Heat|
|poke|p1|Milotic, M|
|poke|p2|Tyranitar, M|
|poke|p2|Tinkaton, F|
|poke|p2|Sinistcha|
|poke|p2|Tornadus-Therian, M|
|poke|p2|Excadrill, M|
|poke|p2|Toxapex, M|
|teampreview
|
|t:|1757869354
|teamsize|p1|6
|teamsize|p2|6
|start
|switch|p1a: Rotom|Rotom-Heat, shiny|100/100
|switch|p2a: French Dispatch|Tyranitar, M, shiny|100/100
|-weather|Sandstorm|[from] ability: Sand Stream|[of] p2a: French Dispatch
|turn|1
|inactive|Battle timer is ON: inactive players will automatically lose when time's up. (requested by Spider Thekla)
|
|t:|1757869364
|move|p1a: Rotom|Volt Switch|p2a: French Dispatch
|-damage|p2a: French Dispatch|77/100
|
|t:|1757869368
|switch|p1a: Mudsdale|Mudsdale, M|100/100|[from] Volt Switch
|move|p2a: French Dispatch|Knock Off|p1a: Mudsdale
|-damage|p1a: Mudsdale|47/100
|-ability|p1a: Mudsdale|Stamina|boost
|-boost|p1a: Mudsdale|def|1
|-enditem|p1a: Mudsdale|Leftovers|[from] move: Knock Off|[of] p2a: French Dispatch
|
|-weather|Sandstorm|[upkeep]
|upkeep
|turn|2
|
|t:|1757869385
|switch|p2a: Grand Budapest|Sinistcha|100/100
|move|p1a: Mudsdale|Stealth Rock|p2a: Grand Budapest
|-sidestart|p2: Spider Thekla|move: Stealth Rock
|
|-weather|Sandstorm|[upkeep]
|-damage|p2a: Grand Budapest|94/100|[from] Sandstorm
|-heal|p2a: Grand Budapest|100/100|[from] item: Leftovers
|upkeep
|turn|3
|
|t:|1757869396
|switch|p1a: Rotom|Rotom-Heat, shiny|100/100
|move|p2a: Grand Budapest|Shadow Ball|p1a: Rotom
|-damage|p1a: Rotom|58/100
|
|-weather|Sandstorm|[upkeep]
|-damage|p1a: Rotom|52/100|[from] Sandstorm
|-damage|p2a: Grand Budapest|94/100|[from] Sandstorm
|-heal|p2a: Grand Budapest|100/100|[from] item: Leftovers
|upkeep
|turn|4
|
|t:|1757869410
|switch|p2a: Asteroid City|Toxapex, M|100/100
|-damage|p2a: Asteroid City|88/100|[from] Stealth Rock
|move|p1a: Rotom|Trick|p2a: Asteroid City
|-activate|p1a: Rotom|move: Trick|[of] p2a: Asteroid City
|-item|p2a: Asteroid City|Choice Scarf|[from] move: Trick
|-item|p1a: Rotom|Eject Button|[from] move: Trick
|
|-weather|Sandstorm|[upkeep]
|-damage|p1a: Rotom|46/100|[from] Sandstorm
|-damage|p2a: Asteroid City|82/100|[from] Sandstorm
|upkeep
|turn|5
|
|t:|1757869432
|move|p1a: Rotom|Volt Switch|p2a: Asteroid City
|-supereffective|p2a: Asteroid City
|-damage|p2a: Asteroid City|34/100
|
|t:|1757869440
|switch|p1a: Slowbro|Slowbro-Galar, F|100/100|[from] Volt Switch
|move|p2a: Asteroid City|Toxic|p1a: Slowbro
|-immune|p1a: Slowbro
|
|-weather|none
|upkeep
|turn|6
|
|t:|1757869449
|switch|p2a: French Dispatch|Tyranitar, M, shiny|77/100
|-damage|p2a: French Dispatch|65/100|[from] Stealth Rock
|-weather|Sandstorm|[from] ability: Sand Stream|[of] p2a: French Dispatch
|move|p1a: Slowbro|Belly Drum|p1a: Slowbro
|-damage|p1a: Slowbro|50/100
|-setboost|p1a: Slowbro|atk|6|[from] move: Belly Drum
|
|-weather|Sandstorm|[upkeep]
|-damage|p1a: Slowbro|44/100|[from] Sandstorm
|upkeep
|turn|7
|-activate|p1a: Slowbro|item: Quick Claw
|
|t:|1757869460
|move|p1a: Slowbro|Drain Punch|p2a: French Dispatch
|-supereffective|p2a: French Dispatch
|-damage|p2a: French Dispatch|0 fnt
|-heal|p1a: Slowbro|72/100|[from] drain|[of] p2a: French Dispatch
|faint|p2a: French Dispatch
|
|-weather|Sandstorm|[upkeep]
|-damage|p1a: Slowbro|66/100|[from] Sandstorm
|upkeep
|
|t:|1757869466
|switch|p2a: Bottle Rocket|Excadrill, M|100/100
|-damage|p2a: Bottle Rocket|97/100|[from] Stealth Rock
|turn|8
|
|t:|1757869474
|move|p2a: Bottle Rocket|Substitute|p2a: Bottle Rocket
|-start|p2a: Bottle Rocket|Substitute
|-damage|p2a: Bottle Rocket|73/100
|move|p1a: Slowbro|Drain Punch|p2a: Bottle Rocket
|-supereffective|p2a: Bottle Rocket
|-end|p2a: Bottle Rocket|Substitute
|-heal|p1a: Slowbro|78/100|[from] drain|[of] p2a: Bottle Rocket
|
|-weather|Sandstorm|[upkeep]
|-damage|p1a: Slowbro|72/100|[from] Sandstorm
|-heal|p2a: Bottle Rocket|79/100|[from] item: Leftovers
|upkeep
|turn|9
|-activate|p1a: Slowbro|ability: Quick Draw
|
|t:|1757869486
|move|p1a: Slowbro|Drain Punch|p2a: Bottle Rocket
|-supereffective|p2a: Bottle Rocket
|-damage|p2a: Bottle Rocket|0 fnt
|-heal|p1a: Slowbro|100/100|[from] drain|[of] p2a: Bottle Rocket
|faint|p2a: Bottle Rocket
|
|-weather|Sandstorm|[upkeep]
|-damage|p1a: Slowbro|94/100|[from] Sandstorm
|upkeep
|-message|Spider Thekla forfeited.
|
|win|Natorito
|raw|Natorito's rating: 1174 &rarr; <strong>1203</strong><br />(+29 for winning)
|raw|Spider Thekla's rating: 1237 &rarr; <strong>1208</strong><br />(-29 for losing)
|l|☆Spider Thekla
|player|p2|
|l|☆Natorito
|player|p1|
