|j|☆Yajityyy
|j|☆rulou
|t:|1757959805
|gametype|singles
|player|p1|Yajityyy|burglar|1316
|player|p2|rulou|hilbert-wonderlauncher|1331
|gen|9
|tier|[Gen 9] OU
|rated|
|rule|HP Percentage Mod: HP is shown in percentages
|rule|Endless Battle Clause: Forcing endless battles is banned
|rule|Species Clause: Limit one of each Pokémon
|rule|OHKO Clause: OHKO moves are banned
|rule|Evasion Items Clause: Evasion items are banned
|rule|Evasion Moves Clause: Evasion moves are banned
|rule|Evasion Abilities Clause: Evasion abilities are banned
|rule|Sleep Moves Clause: Sleep-inducing moves are banned
|clearpoke
|poke|p1|Glimmora, F|
|poke|p1|Ogerpon-Wellspring, F|
|poke|p1|Hatterene, F|
|poke|p1|Iron Moth|
|poke|p1|Dragonite, F|
|poke|p1|Kingambit, F|
|poke|p2|Great Tusk|
|poke|p2|Heatran, M|
|poke|p2|Weavile, M|
|poke|p2|Primarina, M|
|poke|p2|Ogerpon, F|
|poke|p2|Pecharunt|
|teampreview
|inactive|Battle timer is ON: inactive players will automatically lose when time's up. (requested by rulou)
|inactive|Yajityyy also wants the timer to be on.
|c|☆rulou|hf
|
|t:|1757959828
|teamsize|p1|6
|teamsize|p2|6
|start
|switch|p1a: The Advocate|Glimmora, F|100/100
|switch|p2a: if its not 100%|Heatran, M|100/100
|-item|p2a: if its not 100%|Air Balloon
|turn|1
|inactive|Yajityyy has 120 seconds left.
|c|☆Yajityyy|Is that a mandjtv reference by any chance?
|inactive|Yajityyy has 90 seconds left.
|c|☆rulou|the hf?
|c|☆rulou|or what?
|c|☆Yajityyy|No the name of the heatran
|
|t:|1757959909
|move|p2a: if its not 100%|Earth Power|p1a: The Advocate
|-supereffective|p1a: The Advocate
|-enditem|p1a: The Advocate|Focus Sash
|-damage|p1a: The Advocate|1/100
|move|p1a: The Advocate|Stealth Rock|p2a: if its not 100%
|-sidestart|p2: rulou|move: Stealth Rock
|
|upkeep
|turn|2
|c|☆rulou|its js the typical saying lol
|c|☆Yajityyy|Oh ok
|inactive|rulou has 120 seconds left.
|c|☆rulou|i probably know mandjtv tho, if it is a poketubuer
|
|t:|1757959954
|switch|p1a: Satan|Dragonite, F|100/100
|move|p2a: if its not 100%|Earth Power|p1a: Satan
|-immune|p1a: Satan
|
|upkeep
|turn|3
|
|t:|1757959962
|move|p2a: if its not 100%|Stealth Rock|p1a: Satan
|-sidestart|p1: Yajityyy|move: Stealth Rock
|move|p1a: Satan|Encore|p2a: if its not 100%
|-start|p2a: if its not 100%|Encore
|
|upkeep
|turn|4
|c|☆Yajityyy|Yeah he is
|
|t:|1757959981
|switch|p2a: Pecharunt|Pecharunt|100/100
|-damage|p2a: Pecharunt|88/100|[from] Stealth Rock
|move|p1a: Satan|Dragon Dance|p1a: Satan
|-boost|p1a: Satan|atk|1
|-boost|p1a: Satan|spe|1
|
|upkeep
|turn|5
|
|t:|1757959994
|move|p1a: Satan|Earthquake|p2a: Pecharunt
|-supereffective|p2a: Pecharunt
|-damage|p2a: Pecharunt|30/100
|move|p2a: Pecharunt|Malignant Chain|p1a: Satan
|-damage|p1a: Satan|86/100
|-status|p1a: Satan|tox
|-start|p1a: Satan|confusion|[from] ability: Poison Puppeteer|[of] p2a: Pecharunt
|-enditem|p1a: Satan|Lum Berry|[eat]
|-curestatus|p1a: Satan|tox|[msg]
|-end|p1a: Satan|confusion
|
|upkeep
|turn|6
|inactive|rulou has 120 seconds left.
|c|☆rulou|oh
|
|t:|1757960025
|move|p1a: Satan|Earthquake|p2a: Pecharunt
|-supereffective|p2a: Pecharunt
|-damage|p2a: Pecharunt|0 fnt
|faint|p2a: Pecharunt
|
|upkeep
|
|t:|1757960028
|switch|p2a: blue guy|Weavile, M|100/100
|-damage|p2a: blue guy|76/100|[from] Stealth Rock
|-ability|p2a: blue guy|Pressure
|turn|7
|
|t:|1757960042
|switch|p2a: if its not 100%|Heatran, M|100/100
|-damage|p2a: if its not 100%|88/100|[from] Stealth Rock
|-item|p2a: if its not 100%|Air Balloon
|-terastallize|p1a: Satan|Ghost
|move|p1a: Satan|Earthquake|p2a: if its not 100%
|-immune|p2a: if its not 100%
|
|upkeep
|turn|8
|
|t:|1757960054
|switch|p1a: The Advocate|Glimmora, F|1/100
|-damage|p1a: The Advocate|0 fnt|[from] Stealth Rock
|faint|p1a: The Advocate
|move|p2a: if its not 100%|Magma Storm|p1: The Advocate|[notarget]
|-fail|p2a: if its not 100%
|
|upkeep
|
|t:|1757960064
|switch|p1a: The Ogerponzi|Ogerpon-Wellspring, F|100/100
|-damage|p1a: The Ogerponzi|88/100|[from] Stealth Rock
|turn|9
|
|t:|1757960070
|switch|p2a: Ogerpon|Ogerpon, F|100/100
|-damage|p2a: Ogerpon|88/100|[from] Stealth Rock
|move|p1a: The Ogerponzi|Ivy Cudgel|p2a: Ogerpon|[anim] Ivy Cudgel Water
|-resisted|p2a: Ogerpon
|-damage|p2a: Ogerpon|53/100
|
|upkeep
|turn|10
|
|t:|1757960079
|move|p2a: Ogerpon|U-turn|p1a: The Ogerponzi
|-supereffective|p1a: The Ogerponzi
|-damage|p1a: The Ogerponzi|0 fnt
|faint|p1a: The Ogerponzi
|
|t:|1757960089
|switch|p2a: if its not 100%|Heatran, M|88/100|[from] U-turn
|-damage|p2a: if its not 100%|76/100|[from] Stealth Rock
|-item|p2a: if its not 100%|Air Balloon
|
|upkeep
|inactive|Yajityyy has 90 seconds left.
|
|t:|1757960116
|switch|p1a: The Witch|Hatterene, F|100/100
|-damage|p1a: The Witch|88/100|[from] Stealth Rock
|turn|11
|
|t:|1757960130
|switch|p2a: Primarina|Primarina, M|100/100
|-damage|p2a: Primarina|88/100|[from] Stealth Rock
|move|p1a: The Witch|Psychic Noise|p2a: Primarina
|-damage|p2a: Primarina|71/100
|-start|p2a: Primarina|move: Heal Block
|
|-heal|p1a: The Witch|94/100|[from] item: Leftovers
|upkeep
|turn|12
|
|t:|1757960141
|move|p2a: Primarina|Moonblast|p1a: The Witch
|-damage|p1a: The Witch|42/100
|move|p1a: The Witch|Mystical Fire|p2a: Primarina
|-resisted|p2a: Primarina
|-damage|p2a: Primarina|66/100
|-unboost|p2a: Primarina|spa|1
|
|-heal|p1a: The Witch|48/100|[from] item: Leftovers
|-end|p2a: Primarina|move: Heal Block
|upkeep
|turn|13
|
|t:|1757960149
|move|p2a: Primarina|Flip Turn|p1a: The Witch
|-damage|p1a: The Witch|37/100
|
|t:|1757960154
|switch|p2a: if its not 100%|Heatran, M|76/100|[from] Flip Turn
|-damage|p2a: if its not 100%|63/100|[from] Stealth Rock
|-item|p2a: if its not 100%|Air Balloon
|move|p1a: The Witch|Calm Mind|p1a: The Witch
|-boost|p1a: The Witch|spa|1
|-boost|p1a: The Witch|spd|1
|
|-heal|p1a: The Witch|43/100|[from] item: Leftovers
|upkeep
|turn|14
|
|t:|1757960172
|switch|p2a: blue guy|Weavile, M|76/100
|-damage|p2a: blue guy|51/100|[from] Stealth Rock
|-ability|p2a: blue guy|Pressure
|move|p1a: The Witch|Psychic Noise|p2a: blue guy
|-immune|p2a: blue guy
|
|-heal|p1a: The Witch|49/100|[from] item: Leftovers
|upkeep
|turn|15
|inactive|Yajityyy has 90 seconds left.
|
|t:|1757960186
|move|p2a: blue guy|Triple Axel|p1a: The Witch|[miss]
|-miss|p2a: blue guy|p1a: The Witch
|move|p1a: The Witch|Draining Kiss|p2a: blue guy
|-supereffective|p2a: blue guy
|-crit|p2a: blue guy
|-damage|p2a: blue guy|0 fnt
|-heal|p1a: The Witch|82/100|[from] drain|[of] p2a: blue guy
|faint|p2a: blue guy
|
|-heal|p1a: The Witch|88/100|[from] item: Leftovers
|upkeep
|c|☆rulou|i js needed two :´(
|
|t:|1757960216
|switch|p2a: Ogerpon|Ogerpon, F|53/100
|-damage|p2a: Ogerpon|40/100|[from] Stealth Rock
|turn|16
|inactive|Yajityyy has 90 seconds left.
|
|t:|1757960249
|-terastallize|p2a: Ogerpon|Grass
|detailschange|p2a: Ogerpon|Ogerpon-Teal-Tera, F, tera:Grass
|-ability|p2a: Ogerpon|Embody Aspect (Teal)|boost
|-boost|p2a: Ogerpon|spe|1
|move|p2a: Ogerpon|Ivy Cudgel|p1a: The Witch
|-damage|p1a: The Witch|6/100
|move|p1a: The Witch|Draining Kiss|p2a: Ogerpon
|-damage|p2a: Ogerpon|3/100
|-heal|p1a: The Witch|32/100|[from] drain|[of] p2a: Ogerpon
|
|-heal|p1a: The Witch|38/100|[from] item: Leftovers
|upkeep
|turn|17
|
|t:|1757960263
|move|p2a: Ogerpon|Ivy Cudgel|p1a: The Witch
|-damage|p1a: The Witch|0 fnt
|faint|p1a: The Witch
|
|upkeep
|
|t:|1757960268
|switch|p1a: The Leader|Kingambit, F|100/100
|-damage|p1a: The Leader|94/100|[from] Stealth Rock
|-activate|p1a: The Leader|ability: Supreme Overlord
|-start|p1a: The Leader|fallen3|[silent]
|turn|18
|
|t:|1757960281
|switch|p2a: Fat|Great Tusk|100/100
|move|p1a: The Leader|Kowtow Cleave|p2a: Fat
|-resisted|p2a: Fat
|-crit|p2a: Fat
|-damage|p2a: Fat|61/100
|
|upkeep
|turn|19
|
|t:|1757960306
|move|p2a: Fat|Rapid Spin|p1a: The Leader
|-resisted|p1a: The Leader
|-damage|p1a: The Leader|87/100
|-boost|p2a: Fat|spe|1
|-sideend|p2: rulou|Stealth Rock|[from] move: Rapid Spin|[of] p2a: Fat
|move|p1a: The Leader|Iron Head|p2a: Fat
|-damage|p2a: Fat|17/100
|
|upkeep
|turn|20
|
|t:|1757960314
|move|p1a: The Leader|Sucker Punch|p2a: Fat
|-resisted|p2a: Fat
|-damage|p2a: Fat|0 fnt
|faint|p2a: Fat
|-end|p2a: Fat|Protosynthesis|[silent]
|
|upkeep
|
|t:|1757960332
|switch|p2a: if its not 100%|Heatran, M|63/100
|-item|p2a: if its not 100%|Air Balloon
|turn|21
|inactive|Yajityyy has 60 seconds left.
|c|☆Yajityyy|I think i have never won a 1 vs 1 against a tusk with kingambit
|c|☆Yajityyy|Lol
|c|☆rulou|tbh i kinda threw
|inactive|Yajityyy has 30 seconds left.
|c|☆rulou|but the crit murdered me lol
|inactive|Yajityyy has 20 seconds left.
|
|t:|1757960399
|-end|p1a: The Leader|fallen3|[silent]
|switch|p1a: Satan|Dragonite, F, tera:Ghost|86/100
|-damage|p1a: Satan|73/100|[from] Stealth Rock
|move|p2a: if its not 100%|Magma Storm|p1a: Satan
|-damage|p1a: Satan|17/100
|-activate|p1a: Satan|move: Magma Storm|[of] p2a: if its not 100%
|
|-damage|p1a: Satan|4/100|[from] move: Magma Storm|[partiallytrapped]
|upkeep
|turn|22
|inactive|Yajityyy has 30 seconds left this turn.
|inactive|Yajityyy has 20 seconds left.
|inactive|Yajityyy has 15 seconds left.
|inactive|Yajityyy has 10 seconds left.
|
|t:|1757960421
|move|p2a: if its not 100%|Earth Power|p1a: Satan
|-damage|p1a: Satan|0 fnt
|faint|p1a: Satan
|
|upkeep
|inactive|Yajityyy has 15 seconds left this turn.
|inactive|Yajityyy has 10 seconds left.
|
|t:|1757960429
|switch|p1a: The Leader|Kingambit, F|87/100
|-damage|p1a: The Leader|81/100|[from] Stealth Rock
|-activate|p1a: The Leader|ability: Supreme Overlord
|-start|p1a: The Leader|fallen4|[silent]
|turn|23
|inactive|Yajityyy has 20 seconds left this turn.
|
|t:|1757960438
|move|p1a: The Leader|Sucker Punch|p2a: if its not 100%
|-crit|p2a: if its not 100%
|-damage|p2a: if its not 100%|0 fnt
|-enditem|p2a: if its not 100%|Air Balloon
|faint|p2a: if its not 100%
|
|upkeep
|c|☆rulou|alr
|c|☆rulou|thats crazy
|
|t:|1757960453
|switch|p2a: Primarina|Primarina, M|66/100
|turn|24
|inactive|Yajityyy has 30 seconds left.
|inactive|Yajityyy has 20 seconds left.
|c|☆Yajityyy|I have no clue how im still alive neither
|inactive|Yajityyy has 15 seconds left.
|inactive|Yajityyy has 10 seconds left.
|
|t:|1757960480
|move|p1a: The Leader|Kowtow Cleave|p2a: Primarina
|-resisted|p2a: Primarina
|-damage|p2a: Primarina|12/100
|move|p2a: Primarina|Moonblast|p1a: The Leader
|-damage|p1a: The Leader|23/100
|
|upkeep
|turn|25
|inactive|Yajityyy has 20 seconds left this turn.
|inactive|Yajityyy has 15 seconds left.
|
|t:|1757960493
|move|p1a: The Leader|Kowtow Cleave|p2a: Primarina
|-resisted|p2a: Primarina
|-damage|p2a: Primarina|0 fnt
|faint|p2a: Primarina
|
|upkeep
|
|t:|1757960495
|switch|p2a: Ogerpon|Ogerpon-Teal-Tera, F, tera:Grass|3/100
|-ability|p2a: Ogerpon|Embody Aspect (Teal)|boost
|-boost|p2a: Ogerpon|spe|1
|turn|26
|inactive|Yajityyy has 30 seconds left this turn.
|c|☆Yajityyy|Damn
|c|☆Yajityyy|Ggs
|
|t:|1757960504
|move|p1a: The Leader|Sucker Punch|p2a: Ogerpon
|-damage|p2a: Ogerpon|0 fnt
|faint|p2a: Ogerpon
|detailschange|p2: Ogerpon|Ogerpon, F|[silent]
|
|win|Yajityyy
|raw|Yajityyy's rating: 1316 &rarr; <strong>1337</strong><br />(+21 for winning)
|raw|rulou's rating: 1331 &rarr; <strong>1310</strong><br />(-21 for losing)
|c|☆rulou|honestly
|c|☆rulou|gg
|c|☆rulou|but the game hates me
|c|☆rulou|lmfao
|c|☆Yajityyy|That triple axle miss killed you
|c|☆Yajityyy|Ngl
|c|☆rulou|it was a sum of everything
|c|☆rulou|wp tho
|l|☆rulou
|player|p2|
