|j|☆ChessDennis
|j|☆Luisao
|t:|1757786969
|gametype|singles
|player|p1|ChessDennis|266|1333
|player|p2|Luisao|169|1369
|gen|9
|tier|[Gen 9] OU
|rated|
|rule|HP Percentage Mod: HP is shown in percentages
|rule|Endless Battle Clause: Forcing endless battles is banned
|rule|Species Clause: Limit one of each Pokémon
|rule|OHKO Clause: OHKO moves are banned
|rule|Evasion Items Clause: Evasion items are banned
|rule|Evasion Moves Clause: Evasion moves are banned
|rule|Evasion Abilities Clause: Evasion abilities are banned
|rule|Sleep Moves Clause: Sleep-inducing moves are banned
|clearpoke
|poke|p1|Moltres|
|poke|p1|Clodsire, F|
|poke|p1|Hatterene, F|
|poke|p1|Politoed, F|
|poke|p1|Tornadus, M|
|poke|p1|Keldeo-Resolute|
|poke|p2|Dragonite, M|
|poke|p2|Serperior, F|
|poke|p2|Donphan, M|
|poke|p2|Medicham, M|
|poke|p2|Scizor, M|
|poke|p2|Gengar, M|
|teampreview
|inactive|Battle timer is ON: inactive players will automatically lose when time's up. (requested by Luisao)
|inactive|ChessDennis has 120 seconds left.
|
|t:|1757787007
|teamsize|p1|6
|teamsize|p2|6
|start
|switch|p1a: Tornadus|Tornadus, M|100/100
|switch|p2a: Medicham|Medicham, M, shiny|100/100
|turn|1
|
|t:|1757787013
|move|p2a: Medicham|Fake Out|p1a: Tornadus
|-damage|p1a: Tornadus|64/100
|-damage|p2a: Medicham|91/100|[from] item: Life Orb
|cant|p1a: Tornadus|flinch
|
|upkeep
|turn|2
|
|t:|1757787021
|move|p1a: Tornadus|Rain Dance|p1a: Tornadus
|-weather|RainDance
|move|p2a: Medicham|Ice Punch|p1a: Tornadus
|-supereffective|p1a: Tornadus
|-damage|p1a: Tornadus|0 fnt
|faint|p1a: Tornadus
|-damage|p2a: Medicham|81/100|[from] item: Life Orb
|
|-weather|RainDance|[upkeep]
|upkeep
|
|t:|1757787032
|switch|p1a: Keldeo|Keldeo-Resolute|100/100
|turn|3
|
|t:|1757787037
|move|p1a: Keldeo|Surf|p2a: Medicham
|-damage|p2a: Medicham|0 fnt
|faint|p2a: Medicham
|
|-weather|RainDance|[upkeep]
|upkeep
|
|t:|1757787043
|switch|p2a: Dragonite|Dragonite, M|100/100
|turn|4
|
|t:|1757787053
|move|p1a: Keldeo|Surf|p2a: Dragonite
|-resisted|p2a: Dragonite
|-damage|p2a: Dragonite|82/100
|move|p2a: Dragonite|Dragon Dance|p2a: Dragonite
|-boost|p2a: Dragonite|atk|1
|-boost|p2a: Dragonite|spe|1
|
|-weather|RainDance|[upkeep]
|-heal|p2a: Dragonite|88/100|[from] item: Leftovers
|upkeep
|turn|5
|
|t:|1757787065
|move|p2a: Dragonite|Extreme Speed|p1a: Keldeo
|-damage|p1a: Keldeo|46/100
|move|p1a: Keldeo|Surf|p2a: Dragonite
|-resisted|p2a: Dragonite
|-damage|p2a: Dragonite|49/100
|
|-weather|RainDance|[upkeep]
|-heal|p2a: Dragonite|55/100|[from] item: Leftovers
|upkeep
|turn|6
|
|t:|1757787077
|switch|p1a: Moltres|Moltres|100/100
|move|p2a: Dragonite|Extreme Speed|p1a: Moltres
|-damage|p1a: Moltres|43/100
|
|-weather|RainDance|[upkeep]
|-heal|p2a: Dragonite|61/100|[from] item: Leftovers
|upkeep
|turn|7
|
|t:|1757787086
|move|p2a: Dragonite|Extreme Speed|p1a: Moltres
|-damage|p1a: Moltres|0 fnt
|faint|p1a: Moltres
|
|-weather|RainDance|[upkeep]
|-heal|p2a: Dragonite|67/100|[from] item: Leftovers
|upkeep
|
|t:|1757787091
|switch|p1a: Hatterene|Hatterene, F|100/100
|turn|8
|
|t:|1757787096
|-terastallize|p2a: Dragonite|Normal
|move|p2a: Dragonite|Extreme Speed|p1a: Hatterene
|-damage|p1a: Hatterene|22/100
|-enditem|p1a: Hatterene|Sitrus Berry|[eat]
|-heal|p1a: Hatterene|47/100|[from] item: Sitrus Berry
|move|p1a: Hatterene|Draining Kiss|p2a: Dragonite
|-damage|p2a: Dragonite|35/100
|-heal|p1a: Hatterene|73/100|[from] drain|[of] p2a: Dragonite
|
|-weather|RainDance|[upkeep]
|-heal|p2a: Dragonite|41/100|[from] item: Leftovers
|upkeep
|turn|9
|
|t:|1757787115
|move|p2a: Dragonite|Extreme Speed|p1a: Hatterene
|-damage|p1a: Hatterene|0 fnt
|faint|p1a: Hatterene
|
|-weather|none
|-heal|p2a: Dragonite|47/100|[from] item: Leftovers
|upkeep
|
|t:|1757787121
|switch|p1a: Politoed|Politoed, F|100/100
|-weather|RainDance|[from] ability: Drizzle|[of] p1a: Politoed
|turn|10
|
|t:|1757787131
|move|p2a: Dragonite|Outrage|p1a: Politoed
|-damage|p1a: Politoed|0 fnt
|faint|p1a: Politoed
|
|-weather|RainDance|[upkeep]
|-heal|p2a: Dragonite|54/100|[from] item: Leftovers
|upkeep
|
|t:|1757787136
|switch|p1a: Keldeo|Keldeo-Resolute|46/100
|turn|11
|
|t:|1757787161
|-terastallize|p1a: Keldeo|Fighting
|move|p1a: Keldeo|Vacuum Wave|p2a: Dragonite
|-supereffective|p2a: Dragonite
|-damage|p2a: Dragonite|0 fnt
|faint|p2a: Dragonite
|
|-weather|RainDance|[upkeep]
|upkeep
|
|t:|1757787170
|switch|p2a: Gengar|Gengar, M, shiny|100/100
|turn|12
|
|t:|1757787174
|switch|p1a: Clodsire|Clodsire, F|100/100
|move|p2a: Gengar|Sludge Wave|p1a: Clodsire
|-resisted|p1a: Clodsire
|-damage|p1a: Clodsire|92/100
|
|-weather|RainDance|[upkeep]
|upkeep
|turn|13
|
|t:|1757787184
|switch|p1a: Keldeo|Keldeo-Resolute, tera:Fighting|46/100
|move|p2a: Gengar|Shadow Ball|p1a: Keldeo
|-damage|p1a: Keldeo|0 fnt
|faint|p1a: Keldeo
|
|-weather|RainDance|[upkeep]
|upkeep
|
|t:|1757787187
|switch|p1a: Clodsire|Clodsire, F|92/100
|turn|14
|
|t:|1757787197
|move|p2a: Gengar|Shadow Ball|p1a: Clodsire
|-damage|p1a: Clodsire|63/100
|move|p1a: Clodsire|Stealth Rock|p2a: Gengar
|-sidestart|p2: Luisao|move: Stealth Rock
|
|-weather|none
|upkeep
|turn|15
|
|t:|1757787206
|move|p2a: Gengar|Shadow Ball|p1a: Clodsire
|-damage|p1a: Clodsire|36/100
|move|p1a: Clodsire|Earthquake|p2a: Gengar
|-supereffective|p2a: Gengar
|-enditem|p2a: Gengar|Focus Sash
|-damage|p2a: Gengar|1/100
|-start|p1a: Clodsire|Disable|Earthquake|[from] ability: Cursed Body|[of] p2a: Gengar
|
|upkeep
|turn|16
|
|t:|1757787216
|move|p2a: Gengar|Shadow Ball|p1a: Clodsire
|-damage|p1a: Clodsire|6/100
|move|p1a: Clodsire|Recover|p1a: Clodsire
|-heal|p1a: Clodsire|57/100
|
|upkeep
|turn|17
|
|t:|1757787223
|move|p2a: Gengar|Destiny Bond|p2a: Gengar
|-singlemove|p2a: Gengar|Destiny Bond
|move|p1a: Clodsire|Recover|p1a: Clodsire
|-heal|p1a: Clodsire|100/100
|
|upkeep
|turn|18
|
|t:|1757787232
|move|p2a: Gengar|Nasty Plot|p2a: Gengar
|-boost|p2a: Gengar|spa|2
|move|p1a: Clodsire|Recover||[still]
|-fail|p1a: Clodsire|heal
|
|-end|p1a: Clodsire|Disable
|upkeep
|turn|19
|
|t:|1757787242
|move|p2a: Gengar|Destiny Bond|p2a: Gengar
|-singlemove|p2a: Gengar|Destiny Bond
|move|p1a: Clodsire|Recover||[still]
|-fail|p1a: Clodsire|heal
|
|upkeep
|turn|20
|
|t:|1757787249
|move|p2a: Gengar|Shadow Ball|p1a: Clodsire
|-damage|p1a: Clodsire|43/100
|move|p1a: Clodsire|Recover|p1a: Clodsire
|-heal|p1a: Clodsire|94/100
|
|upkeep
|turn|21
|
|t:|1757787257
|move|p2a: Gengar|Shadow Ball|p1a: Clodsire
|-damage|p1a: Clodsire|33/100
|move|p1a: Clodsire|Recover|p1a: Clodsire
|-heal|p1a: Clodsire|84/100
|
|upkeep
|turn|22
|
|t:|1757787264
|move|p2a: Gengar|Shadow Ball|p1a: Clodsire
|-damage|p1a: Clodsire|26/100
|move|p1a: Clodsire|Recover|p1a: Clodsire
|-heal|p1a: Clodsire|77/100
|
|upkeep
|turn|23
|
|t:|1757787272
|move|p2a: Gengar|Shadow Ball|p1a: Clodsire
|-damage|p1a: Clodsire|21/100
|move|p1a: Clodsire|Earthquake|p2a: Gengar
|-supereffective|p2a: Gengar
|-damage|p2a: Gengar|0 fnt
|-start|p1a: Clodsire|Disable|Earthquake|[from] ability: Cursed Body|[of] p2a: Gengar
|faint|p2a: Gengar
|
|upkeep
|
|t:|1757787283
|switch|p2a: Serperior|Serperior, F, shiny|100/100
|-damage|p2a: Serperior|88/100|[from] Stealth Rock
|turn|24
|
|t:|1757787288
|move|p2a: Serperior|Leaf Storm|p1a: Clodsire
|-damage|p1a: Clodsire|0 fnt
|-boost|p2a: Serperior|spa|2
|faint|p1a: Clodsire
|
|win|Luisao
|raw|ChessDennis's rating: 1333 &rarr; <strong>1315</strong><br />(-18 for losing)
|raw|Luisao's rating: 1369 &rarr; <strong>1387</strong><br />(+18 for winning)
|l|☆ChessDennis
|player|p1|
|l|☆Luisao
|player|p2|
