|j|☆quetzuma
|j|☆darkslayersora
|t:|1757857268
|gametype|singles
|player|p1|quetzuma|drayden|1437
|player|p2|darkslayersora|2|1384
|gen|9
|tier|[Gen 9] OU
|rated|
|rule|HP Percentage Mod: HP is shown in percentages
|rule|Endless Battle Clause: Forcing endless battles is banned
|rule|Species Clause: Limit one of each Pokémon
|rule|OHKO Clause: OHKO moves are banned
|rule|Evasion Items Clause: Evasion items are banned
|rule|Evasion Moves Clause: Evasion moves are banned
|rule|Evasion Abilities Clause: Evasion abilities are banned
|rule|Sleep Moves Clause: Sleep-inducing moves are banned
|clearpoke
|poke|p1|Chandelure, F|
|poke|p1|Iron Hands|
|poke|p1|Landorus-Therian, M|
|poke|p1|Meowscarada, F|
|poke|p1|Clefable, F|
|poke|p1|Araquanid, M|
|poke|p2|Dragapult, F|
|poke|p2|Iron Valiant|
|poke|p2|Landorus-Therian, M|
|poke|p2|Ogerpon-Wellspring, F|
|poke|p2|Glimmora, M|
|poke|p2|Iron Treads|
|teampreview
|inactive|Battle timer is ON: inactive players will automatically lose when time's up. (requested by darkslayersora)
|
|t:|1757857284
|teamsize|p1|6
|teamsize|p2|6
|start
|switch|p1a: Iron Hands|Iron Hands|100/100
|switch|p2a: Landorus|Landorus-Therian, M|100/100
|-ability|p2a: Landorus|Intimidate|boost
|-unboost|p1a: Iron Hands|atk|1
|turn|1
|
|t:|1757857289
|-end|p1a: Iron Hands|Quark Drive|[silent]
|switch|p1a: Landorus|Landorus-Therian, M|100/100
|-ability|p1a: Landorus|Intimidate|boost
|-unboost|p2a: Landorus|atk|1
|move|p2a: Landorus|Taunt|p1a: Landorus
|-start|p1a: Landorus|move: Taunt
|
|upkeep
|turn|2
|
|t:|1757857294
|switch|p1a: Araquanid|Araquanid, M|100/100
|move|p2a: Landorus|Stealth Rock|p1a: Araquanid
|-sidestart|p1: quetzuma|move: Stealth Rock
|
|upkeep
|turn|3
|
|t:|1757857300
|switch|p2a: Glimmora|Glimmora, M|100/100
|move|p1a: Araquanid|Liquidation|p2a: Glimmora
|-supereffective|p2a: Glimmora
|-enditem|p2a: Glimmora|Focus Sash
|-damage|p2a: Glimmora|1/100
|-activate|p2a: Glimmora|ability: Toxic Debris
|-sidestart|p1: quetzuma|move: Toxic Spikes
|
|upkeep
|turn|4
|
|t:|1757857303
|move|p2a: Glimmora|Spikes|p1a: Araquanid
|-sidestart|p1: quetzuma|Spikes
|move|p1a: Araquanid|Liquidation|p2a: Glimmora
|-supereffective|p2a: Glimmora
|-damage|p2a: Glimmora|0 fnt
|-activate|p2a: Glimmora|ability: Toxic Debris
|-sidestart|p1: quetzuma|move: Toxic Spikes
|faint|p2a: Glimmora
|
|upkeep
|
|t:|1757857319
|switch|p2a: Ogerpon|Ogerpon-Wellspring, F|100/100
|turn|5
|
|t:|1757857323
|move|p2a: Ogerpon|Power Whip|p1a: Araquanid
|-damage|p1a: Araquanid|24/100
|move|p1a: Araquanid|Sticky Web|p2a: Ogerpon
|-sidestart|p2: darkslayersora|move: Sticky Web
|
|-heal|p1a: Araquanid|30/100|[from] item: Leftovers
|upkeep
|turn|6
|
|t:|1757857330
|move|p2a: Ogerpon|Power Whip|p1a: Araquanid
|-damage|p1a: Araquanid|0 fnt
|faint|p1a: Araquanid
|
|upkeep
|
|t:|1757857336
|switch|p1a: Meowscarada|Meowscarada, F|100/100
|-damage|p1a: Meowscarada|88/100|[from] Stealth Rock
|-status|p1a: Meowscarada|tox
|-damage|p1a: Meowscarada|76/100 tox|[from] Spikes
|turn|7
|
|t:|1757857342
|switch|p2a: Landorus|Landorus-Therian, M|100/100
|-ability|p2a: Landorus|Intimidate|boost
|-unboost|p1a: Meowscarada|atk|1
|move|p1a: Meowscarada|U-turn|p2a: Landorus
|-start|p1a: Meowscarada|typechange|Bug|[from] ability: Protean
|-resisted|p2a: Landorus
|-damage|p2a: Landorus|90/100
|-damage|p1a: Meowscarada|60/100 tox|[from] item: Rocky Helmet|[of] p2a: Landorus
|
|t:|1757857358
|switch|p1a: Iron Hands|Iron Hands|100/100|[from] U-turn
|-damage|p1a: Iron Hands|94/100|[from] Stealth Rock
|-status|p1a: Iron Hands|tox
|-damage|p1a: Iron Hands|82/100 tox|[from] Spikes
|
|-heal|p1a: Iron Hands|88/100 tox|[from] item: Leftovers
|-damage|p1a: Iron Hands|82/100 tox|[from] psn
|upkeep
|turn|8
|
|t:|1757857365
|move|p2a: Landorus|Earth Power|p1a: Iron Hands
|-supereffective|p1a: Iron Hands
|-damage|p1a: Iron Hands|20/100 tox
|move|p1a: Iron Hands|Ice Punch|p2a: Landorus
|-supereffective|p2a: Landorus
|-damage|p2a: Landorus|0 fnt
|-damage|p1a: Iron Hands|4/100 tox|[from] item: Rocky Helmet|[of] p2a: Landorus
|faint|p2a: Landorus
|
|-heal|p1a: Iron Hands|10/100 tox|[from] item: Leftovers
|-damage|p1a: Iron Hands|0 fnt|[from] psn
|faint|p1a: Iron Hands
|-end|p1a: Iron Hands|Quark Drive|[silent]
|upkeep
|
|t:|1757857385
|switch|p2a: Iron Valiant|Iron Valiant|100/100
|switch|p1a: Chandelure|Chandelure, F|100/100
|-activate|p2a: Iron Valiant|move: Sticky Web
|-unboost|p2a: Iron Valiant|spe|1
|-damage|p1a: Chandelure|76/100|[from] Stealth Rock
|-status|p1a: Chandelure|tox
|-damage|p1a: Chandelure|63/100 tox|[from] Spikes
|-enditem|p2a: Iron Valiant|Booster Energy
|-activate|p2a: Iron Valiant|ability: Quark Drive|[fromitem]
|-start|p2a: Iron Valiant|quarkdrivespa
|turn|9
|
|t:|1757857388
|move|p1a: Chandelure|Fire Blast|p2a: Iron Valiant|[miss]
|-miss|p1a: Chandelure|p2a: Iron Valiant
|move|p2a: Iron Valiant|Knock Off|p1a: Chandelure
|-supereffective|p1a: Chandelure
|-damage|p1a: Chandelure|0 fnt
|-enditem|p1a: Chandelure|Choice Specs|[from] move: Knock Off|[of] p2a: Iron Valiant
|faint|p1a: Chandelure
|
|upkeep
|
|t:|1757857393
|switch|p1a: Clefable|Clefable, F|100/100
|-damage|p1a: Clefable|88/100|[from] Stealth Rock
|-status|p1a: Clefable|tox
|-damage|p1a: Clefable|76/100 tox|[from] Spikes
|turn|10
|
|t:|1757857397
|-end|p2a: Iron Valiant|Quark Drive|[silent]
|switch|p2a: Iron Treads|Iron Treads|100/100
|-activate|p2a: Iron Treads|move: Sticky Web
|-unboost|p2a: Iron Treads|spe|1
|move|p1a: Clefable|Moonblast|p2a: Iron Treads
|-resisted|p2a: Iron Treads
|-damage|p2a: Iron Treads|78/100
|
|-heal|p2a: Iron Treads|84/100|[from] item: Leftovers
|-heal|p1a: Clefable|82/100 tox|[from] item: Leftovers
|-damage|p1a: Clefable|76/100 tox|[from] psn
|upkeep
|turn|11
|-message|quetzuma forfeited.
|
|win|darkslayersora
|raw|quetzuma's rating: 1437 &rarr; <strong>1414</strong><br />(-23 for losing)
|raw|darkslayersora's rating: 1384 &rarr; <strong>1407</strong><br />(+23 for winning)
|l|☆quetzuma
|player|p1|
|l|☆darkslayersora
|player|p2|
