|j|☆poppylikecats
|j|☆fadingstrawberry
|t:|1757909023
|gametype|singles
|player|p1|poppylikecats|iris|1377
|player|p2|fadingstrawberry|swimmerf-gen4|1454
|gen|9
|tier|[Gen 9] OU
|rated|
|rule|HP Percentage Mod: HP is shown in percentages
|rule|Endless Battle Clause: Forcing endless battles is banned
|rule|Species Clause: Limit one of each Pokémon
|rule|OHKO Clause: OHKO moves are banned
|rule|Evasion Items Clause: Evasion items are banned
|rule|Evasion Moves Clause: Evasion moves are banned
|rule|Evasion Abilities Clause: Evasion abilities are banned
|rule|Sleep Moves Clause: Sleep-inducing moves are banned
|clearpoke
|poke|p1|Iron Crown|
|poke|p1|Meowscarada, F|
|poke|p1|Great Tusk|
|poke|p1|Pecharunt|
|poke|p1|Ting-Lu|
|poke|p1|Iron Valiant|
|poke|p2|Ogerpon-Cornerstone, F|
|poke|p2|Hatterene, F|
|poke|p2|Pecharunt|
|poke|p2|Landorus-Therian, M|
|poke|p2|Kingambit, M|
|poke|p2|Latios, M|
|teampreview
|inactive|Battle timer is ON: inactive players will automatically lose when time's up. (requested by poppylikecats)
|
|t:|1757909049
|teamsize|p1|6
|teamsize|p2|6
|start
|switch|p1a: Meowscarada|Meowscarada, F|100/100
|switch|p2a: Latios|Latios, M|100/100
|turn|1
|
|t:|1757909068
|switch|p1a: Ting-Lu|Ting-Lu|100/100
|-ability|p1a: Ting-Lu|Vessel of Ruin
|move|p2a: Latios|Draco Meteor|p1a: Ting-Lu
|-damage|p1a: Ting-Lu|72/100
|-unboost|p2a: Latios|spa|2
|
|-heal|p1a: Ting-Lu|78/100|[from] item: Leftovers
|upkeep
|turn|2
|
|t:|1757909075
|switch|p2a: Landorus|Landorus-Therian, M|100/100
|-ability|p2a: Landorus|Intimidate|boost
|-unboost|p1a: Ting-Lu|atk|1
|move|p1a: Ting-Lu|Ruination|p2a: Landorus
|-damage|p2a: Landorus|50/100
|
|-heal|p1a: Ting-Lu|84/100|[from] item: Leftovers
|upkeep
|turn|3
|
|t:|1757909083
|move|p2a: Landorus|Taunt|p1a: Ting-Lu
|-start|p1a: Ting-Lu|move: Taunt
|cant|p1a: Ting-Lu|move: Taunt|Stealth Rock
|
|-heal|p1a: Ting-Lu|90/100|[from] item: Leftovers
|upkeep
|turn|4
|
|t:|1757909100
|switch|p1a: Iron Crown|Iron Crown|100/100
|move|p2a: Landorus|Stealth Rock|p1a: Iron Crown
|-sidestart|p1: poppylikecats|move: Stealth Rock
|
|upkeep
|turn|5
|
|t:|1757909121
|switch|p2a: Kingambit|Kingambit, M|100/100
|move|p1a: Iron Crown|Tachyon Cutter|p2a: Kingambit
|-resisted|p2a: Kingambit
|-damage|p2a: Kingambit|81/100
|-resisted|p2a: Kingambit
|-damage|p2a: Kingambit|59/100
|-hitcount|p2a: Kingambit|2
|
|-heal|p2a: Kingambit|65/100|[from] item: Leftovers
|upkeep
|turn|6
|
|t:|1757909141
|-end|p1a: Iron Crown|Quark Drive|[silent]
|switch|p1a: Great Tusk|Great Tusk|100/100
|-damage|p1a: Great Tusk|98/100|[from] Stealth Rock
|-end|p2a: Kingambit|fallenundefined|[silent]
|switch|p2a: Pecharunt|Pecharunt|100/100
|
|-heal|p1a: Great Tusk|100/100|[from] item: Leftovers
|upkeep
|turn|7
|
|t:|1757909161
|-end|p1a: Great Tusk|Protosynthesis|[silent]
|switch|p1a: Iron Crown|Iron Crown|100/100
|-damage|p1a: Iron Crown|94/100|[from] Stealth Rock
|move|p2a: Pecharunt|Malignant Chain|p1a: Iron Crown
|-immune|p1a: Iron Crown
|
|upkeep
|turn|8
|
|t:|1757909179
|move|p1a: Iron Crown|Volt Switch|p2a: Pecharunt
|-damage|p2a: Pecharunt|70/100
|
|t:|1757909187
|-end|p1a: Iron Crown|Quark Drive|[silent]
|switch|p1a: Ting-Lu|Ting-Lu|90/100|[from] Volt Switch
|-damage|p1a: Ting-Lu|84/100|[from] Stealth Rock
|-ability|p1a: Ting-Lu|Vessel of Ruin
|move|p2a: Pecharunt|Shadow Ball|p1a: Ting-Lu
|-resisted|p1a: Ting-Lu
|-damage|p1a: Ting-Lu|79/100
|
|-heal|p1a: Ting-Lu|85/100|[from] item: Leftovers
|upkeep
|turn|9
|
|t:|1757909196
|move|p2a: Pecharunt|Parting Shot|p1a: Ting-Lu
|-unboost|p1a: Ting-Lu|atk|1
|-unboost|p1a: Ting-Lu|spa|1
|
|t:|1757909200
|switch|p2a: Ogerpon|Ogerpon-Cornerstone, F|100/100|[from] Parting Shot
|move|p1a: Ting-Lu|Ruination|p2a: Ogerpon
|-damage|p2a: Ogerpon|51/100
|
|-heal|p1a: Ting-Lu|92/100|[from] item: Leftovers
|upkeep
|turn|10
|
|t:|1757909213
|move|p2a: Ogerpon|Swords Dance|p2a: Ogerpon
|-boost|p2a: Ogerpon|atk|2
|move|p1a: Ting-Lu|Whirlwind|p2a: Ogerpon
|drag|p2a: Pecharunt|Pecharunt|70/100
|
|-heal|p1a: Ting-Lu|98/100|[from] item: Leftovers
|upkeep
|turn|11
|
|t:|1757909219
|move|p2a: Pecharunt|Parting Shot|p1a: Ting-Lu
|-unboost|p1a: Ting-Lu|atk|1
|-unboost|p1a: Ting-Lu|spa|1
|
|t:|1757909220
|switch|p2a: Landorus|Landorus-Therian, M|50/100|[from] Parting Shot
|-ability|p2a: Landorus|Intimidate|boost
|-unboost|p1a: Ting-Lu|atk|1
|move|p1a: Ting-Lu|Ruination|p2a: Landorus
|-damage|p2a: Landorus|26/100
|
|-heal|p1a: Ting-Lu|100/100|[from] item: Leftovers
|upkeep
|turn|12
|
|t:|1757909228
|move|p2a: Landorus|U-turn|p1a: Ting-Lu
|-supereffective|p1a: Ting-Lu
|-damage|p1a: Ting-Lu|74/100
|
|t:|1757909233
|switch|p2a: Hatterene|Hatterene, F|100/100|[from] U-turn
|move|p1a: Ting-Lu|Stealth Rock|p2a: Hatterene
|move|p2a: Hatterene|Stealth Rock||[from] ability: Magic Bounce|[still]
|-fail|p2a: Hatterene
|
|-heal|p1a: Ting-Lu|81/100|[from] item: Leftovers
|upkeep
|turn|13
|
|t:|1757909255
|move|p1a: Ting-Lu|Ruination|p2a: Hatterene
|-damage|p2a: Hatterene|50/100
|move|p2a: Hatterene|Mystical Fire|p1a: Ting-Lu
|-damage|p1a: Ting-Lu|71/100
|-unboost|p1a: Ting-Lu|spa|1
|
|-heal|p1a: Ting-Lu|77/100|[from] item: Leftovers
|upkeep
|turn|14
|
|t:|1757909264
|move|p2a: Hatterene|Draining Kiss|p1a: Ting-Lu
|-supereffective|p1a: Ting-Lu
|-damage|p1a: Ting-Lu|53/100
|-heal|p2a: Hatterene|79/100|[from] drain|[of] p1a: Ting-Lu
|move|p1a: Ting-Lu|Whirlwind|p2a: Hatterene
|move|p2a: Hatterene|Whirlwind|p1a: Ting-Lu|[from] ability: Magic Bounce
|drag|p1a: Iron Valiant|Iron Valiant|100/100
|-damage|p1a: Iron Valiant|94/100|[from] Stealth Rock
|-enditem|p1a: Iron Valiant|Booster Energy
|-activate|p1a: Iron Valiant|ability: Quark Drive|[fromitem]
|-start|p1a: Iron Valiant|quarkdrivespe
|
|upkeep
|turn|15
|inactive|poppylikecats has 120 seconds left.
|
|t:|1757909306
|-end|p1a: Iron Valiant|Quark Drive|[silent]
|switch|p1a: Iron Crown|Iron Crown|94/100
|-damage|p1a: Iron Crown|88/100|[from] Stealth Rock
|move|p2a: Hatterene|Psychic Noise|p1a: Iron Crown
|-resisted|p1a: Iron Crown
|-damage|p1a: Iron Crown|79/100
|-start|p1a: Iron Crown|move: Heal Block
|
|upkeep
|turn|16
|
|t:|1757909327
|-terastallize|p2a: Hatterene|Water
|move|p1a: Iron Crown|Tachyon Cutter|p2a: Hatterene
|-resisted|p2a: Hatterene
|-damage|p2a: Hatterene|67/100
|-resisted|p2a: Hatterene
|-damage|p2a: Hatterene|57/100
|-hitcount|p2a: Hatterene|2
|move|p2a: Hatterene|Mystical Fire|p1a: Iron Crown
|-supereffective|p1a: Iron Crown
|-damage|p1a: Iron Crown|29/100
|-unboost|p1a: Iron Crown|spa|1
|
|-end|p1a: Iron Crown|move: Heal Block
|upkeep
|turn|17
|inactive|poppylikecats has 90 seconds left.
|
|t:|1757909343
|-end|p1a: Iron Crown|Quark Drive|[silent]
|switch|p1a: Meowscarada|Meowscarada, F|100/100
|-damage|p1a: Meowscarada|88/100|[from] Stealth Rock
|switch|p2a: Landorus|Landorus-Therian, M|26/100
|-ability|p2a: Landorus|Intimidate|boost
|-unboost|p1a: Meowscarada|atk|1
|
|upkeep
|turn|18
|
|t:|1757909349
|move|p1a: Meowscarada|Flower Trick|p2a: Landorus
|-start|p1a: Meowscarada|typechange|Grass|[from] ability: Protean
|-crit|p2a: Landorus
|-damage|p2a: Landorus|0 fnt
|faint|p2a: Landorus
|
|upkeep
|
|t:|1757909358
|switch|p2a: Latios|Latios, M|100/100
|turn|19
|
|t:|1757909375
|switch|p1a: Ting-Lu|Ting-Lu|53/100
|-damage|p1a: Ting-Lu|47/100|[from] Stealth Rock
|-ability|p1a: Ting-Lu|Vessel of Ruin
|move|p2a: Latios|Luster Purge|p1a: Ting-Lu
|-immune|p1a: Ting-Lu
|
|-heal|p1a: Ting-Lu|53/100|[from] item: Leftovers
|upkeep
|turn|20
|
|t:|1757909390
|switch|p2a: Ogerpon|Ogerpon-Cornerstone, F|51/100
|move|p1a: Ting-Lu|Earthquake|p2a: Ogerpon
|-damage|p2a: Ogerpon|6/100
|
|-heal|p1a: Ting-Lu|60/100|[from] item: Leftovers
|upkeep
|turn|21
|
|t:|1757909402
|switch|p1a: Pecharunt|Pecharunt|100/100
|move|p2a: Ogerpon|Power Whip|p1a: Pecharunt|[miss]
|-miss|p2a: Ogerpon|p1a: Pecharunt
|
|upkeep
|turn|22
|
|t:|1757909406
|move|p2a: Ogerpon|Knock Off|p1a: Pecharunt
|-supereffective|p1a: Pecharunt
|-damage|p1a: Pecharunt|64/100
|-enditem|p1a: Pecharunt|Heavy-Duty Boots|[from] move: Knock Off|[of] p2a: Ogerpon
|move|p1a: Pecharunt|Hex|p2a: Ogerpon
|-damage|p2a: Ogerpon|0 fnt
|faint|p2a: Ogerpon
|
|upkeep
|
|t:|1757909433
|switch|p2a: Latios|Latios, M|100/100
|turn|23
|
|t:|1757909439
|move|p2a: Latios|Trick|p1a: Pecharunt
|-activate|p2a: Latios|move: Trick|[of] p1a: Pecharunt
|-item|p1a: Pecharunt|Choice Scarf|[from] move: Trick
|-enditem|p2a: Latios|Choice Scarf|[silent]|[from] move: Trick
|move|p1a: Pecharunt|Malignant Chain|p2a: Latios
|-damage|p2a: Latios|69/100
|-status|p2a: Latios|tox
|-start|p2a: Latios|confusion|[from] ability: Poison Puppeteer|[of] p1a: Pecharunt
|
|-damage|p2a: Latios|63/100 tox|[from] psn
|upkeep
|turn|24
|inactive|poppylikecats has 120 seconds left.
|
|t:|1757909447
|-activate|p2a: Latios|confusion
|move|p2a: Latios|Luster Purge|p1a: Pecharunt
|-supereffective|p1a: Pecharunt
|-damage|p1a: Pecharunt|0 fnt
|faint|p1a: Pecharunt
|
|-damage|p2a: Latios|51/100 tox|[from] psn
|upkeep
|inactive|poppylikecats has 120 seconds left.
|
|t:|1757909457
|switch|p1a: Meowscarada|Meowscarada, F|88/100
|-damage|p1a: Meowscarada|76/100|[from] Stealth Rock
|turn|25
|
|t:|1757909461
|switch|p2a: Pecharunt|Pecharunt|70/100
|move|p1a: Meowscarada|Knock Off|p2a: Pecharunt
|-start|p1a: Meowscarada|typechange|Dark|[from] ability: Protean
|-supereffective|p2a: Pecharunt
|-damage|p2a: Pecharunt|4/100
|-enditem|p2a: Pecharunt|Heavy-Duty Boots|[from] move: Knock Off|[of] p1a: Meowscarada
|
|upkeep
|turn|26
|
|t:|1757909465
|switch|p2a: Kingambit|Kingambit, M|65/100
|-activate|p2a: Kingambit|ability: Supreme Overlord
|-start|p2a: Kingambit|fallen2|[silent]
|move|p1a: Meowscarada|Knock Off|p2a: Kingambit
|-resisted|p2a: Kingambit
|-damage|p2a: Kingambit|36/100
|-enditem|p2a: Kingambit|Leftovers|[from] move: Knock Off|[of] p1a: Meowscarada
|
|upkeep
|turn|27
|
|t:|1757909487
|switch|p1a: Great Tusk|Great Tusk|100/100
|-damage|p1a: Great Tusk|98/100|[from] Stealth Rock
|move|p2a: Kingambit|Swords Dance|p2a: Kingambit
|-boost|p2a: Kingambit|atk|2
|
|-heal|p1a: Great Tusk|100/100|[from] item: Leftovers
|upkeep
|turn|28
|
|t:|1757909494
|-end|p2a: Kingambit|fallen2|[silent]
|switch|p2a: Latios|Latios, M|51/100 tox
|move|p1a: Great Tusk|Headlong Rush|p2a: Latios
|-immune|p2a: Latios|[from] ability: Levitate
|
|-damage|p2a: Latios|45/100 tox|[from] psn
|upkeep
|turn|29
|
|t:|1757909504
|-end|p1a: Great Tusk|Protosynthesis|[silent]
|switch|p1a: Meowscarada|Meowscarada, F|76/100
|-damage|p1a: Meowscarada|64/100|[from] Stealth Rock
|move|p2a: Latios|Aura Sphere|p1a: Meowscarada
|-supereffective|p1a: Meowscarada
|-damage|p1a: Meowscarada|0 fnt
|faint|p1a: Meowscarada
|
|-damage|p2a: Latios|33/100 tox|[from] psn
|upkeep
|
|t:|1757909516
|switch|p1a: Iron Crown|Iron Crown|29/100
|-damage|p1a: Iron Crown|23/100|[from] Stealth Rock
|turn|30
|
|t:|1757909522
|-end|p1a: Iron Crown|Quark Drive|[silent]
|switch|p1a: Ting-Lu|Ting-Lu|60/100
|-damage|p1a: Ting-Lu|53/100|[from] Stealth Rock
|-ability|p1a: Ting-Lu|Vessel of Ruin
|move|p2a: Latios|Aura Sphere|p1a: Ting-Lu
|-supereffective|p1a: Ting-Lu
|-damage|p1a: Ting-Lu|31/100
|
|-heal|p1a: Ting-Lu|37/100|[from] item: Leftovers
|-damage|p2a: Latios|15/100 tox|[from] psn
|upkeep
|turn|31
|
|t:|1757909532
|switch|p2a: Pecharunt|Pecharunt|4/100
|move|p1a: Ting-Lu|Stealth Rock|p2a: Pecharunt
|-sidestart|p2: fadingstrawberry|move: Stealth Rock
|
|-heal|p1a: Ting-Lu|44/100|[from] item: Leftovers
|upkeep
|turn|32
|
|t:|1757909539
|move|p2a: Pecharunt|Recover|p2a: Pecharunt
|-heal|p2a: Pecharunt|54/100
|move|p1a: Ting-Lu|Earthquake|p2a: Pecharunt
|-supereffective|p2a: Pecharunt
|-damage|p2a: Pecharunt|21/100
|
|-heal|p1a: Ting-Lu|50/100|[from] item: Leftovers
|upkeep
|turn|33
|
|t:|1757909544
|move|p2a: Pecharunt|Recover|p2a: Pecharunt
|-heal|p2a: Pecharunt|71/100
|move|p1a: Ting-Lu|Earthquake|p2a: Pecharunt
|-supereffective|p2a: Pecharunt
|-damage|p2a: Pecharunt|36/100
|
|-heal|p1a: Ting-Lu|56/100|[from] item: Leftovers
|upkeep
|turn|34
|
|t:|1757909548
|move|p2a: Pecharunt|Recover|p2a: Pecharunt
|-heal|p2a: Pecharunt|86/100
|move|p1a: Ting-Lu|Earthquake|p2a: Pecharunt
|-supereffective|p2a: Pecharunt
|-damage|p2a: Pecharunt|48/100
|
|-heal|p1a: Ting-Lu|62/100|[from] item: Leftovers
|upkeep
|turn|35
|
|t:|1757909551
|move|p2a: Pecharunt|Recover|p2a: Pecharunt
|-heal|p2a: Pecharunt|98/100
|move|p1a: Ting-Lu|Ruination|p2a: Pecharunt
|-damage|p2a: Pecharunt|49/100
|
|-heal|p1a: Ting-Lu|69/100|[from] item: Leftovers
|upkeep
|turn|36
|
|t:|1757909554
|move|p2a: Pecharunt|Malignant Chain|p1a: Ting-Lu
|-resisted|p1a: Ting-Lu
|-damage|p1a: Ting-Lu|62/100
|-status|p1a: Ting-Lu|tox
|-start|p1a: Ting-Lu|confusion|[from] ability: Poison Puppeteer|[of] p2a: Pecharunt
|-activate|p1a: Ting-Lu|confusion
|move|p1a: Ting-Lu|Whirlwind|p2a: Pecharunt
|drag|p2a: Hatterene|Hatterene, F, tera:Water|57/100
|-damage|p2a: Hatterene|45/100|[from] Stealth Rock
|
|-heal|p1a: Ting-Lu|68/100 tox|[from] item: Leftovers
|-damage|p1a: Ting-Lu|62/100 tox|[from] psn
|upkeep
|turn|37
|
|t:|1757909582
|-terastallize|p1a: Ting-Lu|Water
|-activate|p1a: Ting-Lu|confusion
|move|p1a: Ting-Lu|Earthquake|p2a: Hatterene
|-damage|p2a: Hatterene|0 fnt
|faint|p2a: Hatterene
|
|-heal|p1a: Ting-Lu|68/100 tox|[from] item: Leftovers
|-damage|p1a: Ting-Lu|56/100 tox|[from] psn
|upkeep
|
|t:|1757909589
|switch|p2a: Pecharunt|Pecharunt|49/100
|-damage|p2a: Pecharunt|37/100|[from] Stealth Rock
|turn|38
|
|t:|1757909598
|move|p2a: Pecharunt|Recover|p2a: Pecharunt
|-heal|p2a: Pecharunt|87/100
|-activate|p1a: Ting-Lu|confusion
|move|p1a: Ting-Lu|Earthquake|p2a: Pecharunt
|-supereffective|p2a: Pecharunt
|-damage|p2a: Pecharunt|49/100
|
|-heal|p1a: Ting-Lu|62/100 tox|[from] item: Leftovers
|-damage|p1a: Ting-Lu|43/100 tox|[from] psn
|upkeep
|turn|39
|
|t:|1757909603
|move|p2a: Pecharunt|Recover|p2a: Pecharunt
|-heal|p2a: Pecharunt|99/100
|-end|p1a: Ting-Lu|confusion
|move|p1a: Ting-Lu|Whirlwind|p2a: Pecharunt
|drag|p2a: Latios|Latios, M|15/100 tox
|-damage|p2a: Latios|3/100 tox|[from] Stealth Rock
|
|-heal|p1a: Ting-Lu|50/100 tox|[from] item: Leftovers
|-damage|p2a: Latios|0 fnt|[from] psn
|faint|p2a: Latios
|-damage|p1a: Ting-Lu|25/100 tox|[from] psn
|upkeep
|
|t:|1757909612
|switch|p2a: Pecharunt|Pecharunt|99/100
|-damage|p2a: Pecharunt|87/100|[from] Stealth Rock
|turn|40
|
|t:|1757909629
|move|p2a: Pecharunt|Shadow Ball|p1a: Ting-Lu
|-damage|p1a: Ting-Lu|15/100 tox
|move|p1a: Ting-Lu|Whirlwind|p2a: Pecharunt
|drag|p2a: Kingambit|Kingambit, M|36/100
|-damage|p2a: Kingambit|30/100|[from] Stealth Rock
|-activate|p2a: Kingambit|ability: Supreme Overlord
|-start|p2a: Kingambit|fallen4|[silent]
|
|-heal|p1a: Ting-Lu|21/100 tox|[from] item: Leftovers
|-damage|p1a: Ting-Lu|0 fnt|[from] psn
|faint|p1a: Ting-Lu
|upkeep
|
|t:|1757909635
|switch|p1a: Great Tusk|Great Tusk|100/100
|-damage|p1a: Great Tusk|98/100|[from] Stealth Rock
|turn|41
|
|t:|1757909643
|move|p1a: Great Tusk|Headlong Rush|p2a: Kingambit
|-supereffective|p2a: Kingambit
|-damage|p2a: Kingambit|0 fnt
|-unboost|p1a: Great Tusk|def|1
|-unboost|p1a: Great Tusk|spd|1
|faint|p2a: Kingambit
|-end|p2a: Kingambit|fallen4|[silent]
|
|-heal|p1a: Great Tusk|100/100|[from] item: Leftovers
|upkeep
|
|t:|1757909645
|switch|p2a: Pecharunt|Pecharunt|87/100
|-damage|p2a: Pecharunt|74/100|[from] Stealth Rock
|turn|42
|
|t:|1757909651
|move|p1a: Great Tusk|Headlong Rush|p2a: Pecharunt
|-supereffective|p2a: Pecharunt
|-damage|p2a: Pecharunt|25/100
|-unboost|p1a: Great Tusk|def|1
|-unboost|p1a: Great Tusk|spd|1
|move|p2a: Pecharunt|Recover|p2a: Pecharunt
|-heal|p2a: Pecharunt|75/100
|
|upkeep
|turn|43
|
|t:|1757909659
|move|p1a: Great Tusk|Headlong Rush|p2a: Pecharunt
|-supereffective|p2a: Pecharunt
|-damage|p2a: Pecharunt|24/100
|-unboost|p1a: Great Tusk|def|1
|-unboost|p1a: Great Tusk|spd|1
|move|p2a: Pecharunt|Recover|p2a: Pecharunt
|-heal|p2a: Pecharunt|74/100
|
|upkeep
|turn|44
|
|t:|1757909662
|move|p1a: Great Tusk|Headlong Rush|p2a: Pecharunt
|-supereffective|p2a: Pecharunt
|-damage|p2a: Pecharunt|25/100
|-unboost|p1a: Great Tusk|def|1
|-unboost|p1a: Great Tusk|spd|1
|move|p2a: Pecharunt|Shadow Ball|p1a: Great Tusk
|-damage|p1a: Great Tusk|5/100
|-unboost|p1a: Great Tusk|spd|1
|
|-heal|p1a: Great Tusk|11/100|[from] item: Leftovers
|upkeep
|turn|45
|
|t:|1757909668
|move|p1a: Great Tusk|Headlong Rush|p2a: Pecharunt
|-supereffective|p2a: Pecharunt
|-damage|p2a: Pecharunt|0 fnt
|-unboost|p1a: Great Tusk|def|1
|-unboost|p1a: Great Tusk|spd|1
|faint|p2a: Pecharunt
|
|win|poppylikecats
|raw|poppylikecats's rating: 1377 &rarr; <strong>1401</strong><br />(+24 for winning)
|raw|fadingstrawberry's rating: 1454 &rarr; <strong>1430</strong><br />(-24 for losing)
|c|☆poppylikecats|gg
