|j|☆Shattersong
|j|☆quetzuma
|t:|1757861863
|gametype|singles
|player|p1|Shattersong|101|1340
|player|p2|quetzuma|drayden|1361
|gen|9
|tier|[Gen 9] OU
|rated|
|rule|HP Percentage Mod: HP is shown in percentages
|rule|Endless Battle Clause: Forcing endless battles is banned
|rule|Species Clause: Limit one of each Pokémon
|rule|OHKO Clause: OHKO moves are banned
|rule|Evasion Items Clause: Evasion items are banned
|rule|Evasion Moves Clause: Evasion moves are banned
|rule|Evasion Abilities Clause: Evasion abilities are banned
|rule|Sleep Moves Clause: Sleep-inducing moves are banned
|clearpoke
|poke|p1|Garganacl, M|
|poke|p1|Iron Crown|
|poke|p1|Cinderace, F|
|poke|p1|Glimmora, F|
|poke|p1|Ogerpon-Wellspring, F|
|poke|p1|Maushold-Four|
|poke|p2|Moltres|
|poke|p2|Krookodile, M|
|poke|p2|Pelipper, M|
|poke|p2|Qwilfish, M|
|poke|p2|Iron Treads|
|poke|p2|Raging Bolt|
|teampreview
|inactive|Battle timer is ON: inactive players will automatically lose when time's up. (requested by quetzuma)
|
|t:|1757861878
|teamsize|p1|6
|teamsize|p2|6
|start
|switch|p1a: Family|Maushold-Four|100/100
|switch|p2a: Pelipper|Pelipper, M, shiny|100/100
|-weather|RainDance|[from] ability: Drizzle|[of] p2a: Pelipper
|turn|1
|
|t:|1757861884
|move|p1a: Family|Tidy Up|p1a: Family
|-boost|p1a: Family|atk|1
|-boost|p1a: Family|spe|1
|move|p2a: Pelipper|U-turn|p1a: Family
|-damage|p1a: Family|87/100
|
|t:|1757861887
|switch|p2a: Iron Treads|Iron Treads|100/100|[from] U-turn
|
|-weather|RainDance|[upkeep]
|upkeep
|turn|2
|
|t:|1757861893
|move|p1a: Family|Bite|p2a: Iron Treads
|-damage|p2a: Iron Treads|72/100
|move|p2a: Iron Treads|Earthquake|p1a: Family
|-damage|p1a: Family|20/100
|
|-weather|RainDance|[upkeep]
|-heal|p2a: Iron Treads|79/100|[from] item: Leftovers
|upkeep
|turn|3
|
|t:|1757861902
|move|p1a: Family|Bite|p2a: Iron Treads
|-damage|p2a: Iron Treads|51/100
|move|p2a: Iron Treads|Earthquake|p1a: Family
|-damage|p1a: Family|0 fnt
|faint|p1a: Family
|
|-weather|RainDance|[upkeep]
|-heal|p2a: Iron Treads|57/100|[from] item: Leftovers
|upkeep
|
|t:|1757861910
|switch|p1a: Ogerpon|Ogerpon-Wellspring, F|100/100
|turn|4
|
|t:|1757861918
|-end|p2a: Iron Treads|Quark Drive|[silent]
|switch|p2a: Raging Bolt|Raging Bolt|100/100
|move|p1a: Ogerpon|Ivy Cudgel|p2a: Raging Bolt|[anim] Ivy Cudgel Water
|-resisted|p2a: Raging Bolt
|-damage|p2a: Raging Bolt|67/100
|
|-weather|RainDance|[upkeep]
|-heal|p2a: Raging Bolt|73/100|[from] item: Leftovers
|upkeep
|turn|5
|
|t:|1757861925
|move|p1a: Ogerpon|Knock Off|p2a: Raging Bolt
|-damage|p2a: Raging Bolt|41/100
|-enditem|p2a: Raging Bolt|Leftovers|[from] move: Knock Off|[of] p1a: Ogerpon
|move|p2a: Raging Bolt|Thunder|p1a: Ogerpon
|-damage|p1a: Ogerpon|33/100
|
|-weather|RainDance|[upkeep]
|upkeep
|turn|6
|
|t:|1757861933
|-end|p2a: Raging Bolt|Protosynthesis|[silent]
|switch|p2a: Iron Treads|Iron Treads|57/100
|move|p1a: Ogerpon|Ivy Cudgel|p2a: Iron Treads|[anim] Ivy Cudgel Water
|-supereffective|p2a: Iron Treads
|-damage|p2a: Iron Treads|0 fnt
|faint|p2a: Iron Treads
|-end|p2a: Iron Treads|Quark Drive|[silent]
|
|-weather|RainDance|[upkeep]
|upkeep
|
|t:|1757861937
|switch|p2a: Qwilfish|Qwilfish, M|100/100
|turn|7
|
|t:|1757861944
|move|p2a: Qwilfish|Swords Dance|p2a: Qwilfish
|-boost|p2a: Qwilfish|atk|2
|move|p1a: Ogerpon|Knock Off|p2a: Qwilfish
|-damage|p2a: Qwilfish|47/100
|-enditem|p2a: Qwilfish|Loaded Dice|[from] move: Knock Off|[of] p1a: Ogerpon
|
|-weather|RainDance|[upkeep]
|upkeep
|turn|8
|
|t:|1757861951
|move|p1a: Ogerpon|Spiky Shield|p1a: Ogerpon
|-singleturn|p1a: Ogerpon|move: Protect
|move|p2a: Qwilfish|Scale Shot|p1a: Ogerpon
|-activate|p1a: Ogerpon|move: Protect
|
|-weather|none
|upkeep
|turn|9
|
|t:|1757861957
|switch|p2a: Moltres|Moltres|100/100
|move|p1a: Ogerpon|Horn Leech|p2a: Moltres
|-resisted|p2a: Moltres
|-damage|p2a: Moltres|90/100
|-heal|p1a: Ogerpon|40/100|[from] drain|[of] p2a: Moltres
|-status|p1a: Ogerpon|brn|[from] ability: Flame Body|[of] p2a: Moltres
|
|-damage|p1a: Ogerpon|34/100 brn|[from] brn
|upkeep
|turn|10
|
|t:|1757861967
|switch|p2a: Raging Bolt|Raging Bolt|41/100
|move|p1a: Ogerpon|Ivy Cudgel|p2a: Raging Bolt|[anim] Ivy Cudgel Water
|-resisted|p2a: Raging Bolt
|-damage|p2a: Raging Bolt|29/100
|
|-damage|p1a: Ogerpon|28/100 brn|[from] brn
|upkeep
|turn|11
|
|t:|1757861974
|move|p2a: Raging Bolt|Thunderclap|p1a: Ogerpon
|-damage|p1a: Ogerpon|0 fnt
|faint|p1a: Ogerpon
|
|upkeep
|
|t:|1757861986
|switch|p1a: Arcane|Iron Crown|100/100
|-enditem|p1a: Arcane|Booster Energy
|-activate|p1a: Arcane|ability: Quark Drive|[fromitem]
|-start|p1a: Arcane|quarkdrivespa
|turn|12
|
|t:|1757861991
|move|p2a: Raging Bolt|Thunderclap||[still]
|-fail|p2a: Raging Bolt
|move|p1a: Arcane|Calm Mind|p1a: Arcane
|-boost|p1a: Arcane|spa|1
|-boost|p1a: Arcane|spd|1
|
|upkeep
|turn|13
|
|t:|1757861996
|move|p1a: Arcane|Psychic Noise|p2a: Raging Bolt
|-damage|p2a: Raging Bolt|0 fnt
|faint|p2a: Raging Bolt
|-end|p2a: Raging Bolt|Protosynthesis|[silent]
|
|upkeep
|
|t:|1757861998
|switch|p2a: Krookodile|Krookodile, M|100/100
|turn|14
|
|t:|1757862012
|-terastallize|p1a: Arcane|Water
|-terastallize|p2a: Krookodile|Electric
|move|p1a: Arcane|Air Slash|p2a: Krookodile
|-resisted|p2a: Krookodile
|-damage|p2a: Krookodile|66/100
|move|p2a: Krookodile|Earthquake|p1a: Arcane
|-damage|p1a: Arcane|48/100
|
|upkeep
|turn|15
|
|t:|1757862024
|move|p1a: Arcane|Air Slash|p2a: Krookodile
|-resisted|p2a: Krookodile
|-damage|p2a: Krookodile|32/100
|move|p2a: Krookodile|Scale Shot|p1a: Arcane
|-damage|p1a: Arcane|39/100
|-damage|p1a: Arcane|31/100
|-damage|p1a: Arcane|23/100
|-hitcount|p1a: Arcane|3
|-unboost|p2a: Krookodile|def|1
|-boost|p2a: Krookodile|spe|1
|
|upkeep
|turn|16
|
|t:|1757862037
|move|p2a: Krookodile|Earthquake|p1a: Arcane
|-damage|p1a: Arcane|0 fnt
|faint|p1a: Arcane
|-end|p1a: Arcane|Quark Drive|[silent]
|-ability|p2a: Krookodile|Moxie|boost
|-boost|p2a: Krookodile|atk|1
|
|upkeep
|
|t:|1757862052
|switch|p1a: Bouldergeist|Garganacl, M|100/100
|turn|17
|
|t:|1757862060
|move|p2a: Krookodile|Earthquake|p1a: Bouldergeist
|-supereffective|p1a: Bouldergeist
|-crit|p1a: Bouldergeist
|-damage|p1a: Bouldergeist|0 fnt
|faint|p1a: Bouldergeist
|-ability|p2a: Krookodile|Moxie|boost
|-boost|p2a: Krookodile|atk|1
|
|upkeep
|
|t:|1757862066
|switch|p1a: Pepper|Cinderace, F|100/100
|turn|18
|
|t:|1757862073
|move|p2a: Krookodile|Earthquake|p1a: Pepper
|-supereffective|p1a: Pepper
|-damage|p1a: Pepper|0 fnt
|faint|p1a: Pepper
|-ability|p2a: Krookodile|Moxie|boost
|-boost|p2a: Krookodile|atk|1
|
|upkeep
|
|t:|1757862079
|switch|p1a: Lunar|Glimmora, F|100/100
|turn|19
|
|t:|1757862085
|move|p2a: Krookodile|Earthquake|p1a: Lunar
|-supereffective|p1a: Lunar
|-damage|p1a: Lunar|0 fnt
|-activate|p1a: Lunar|ability: Toxic Debris
|-sidestart|p2: quetzuma|move: Toxic Spikes
|faint|p1a: Lunar
|
|win|quetzuma
|raw|Shattersong's rating: 1340 &rarr; <strong>1321</strong><br />(-19 for losing)
|raw|quetzuma's rating: 1361 &rarr; <strong>1380</strong><br />(+19 for winning)
|l|☆Shattersong
|player|p1|
|l|☆quetzuma
|player|p2|
