|j|☆mathismathin
|j|☆jpkeeks
|t:|1757897823
|gametype|singles
|player|p1|mathismathin|hilbert|1609
|player|p2|jpkeeks|101|1549
|gen|9
|tier|[Gen 9] OU
|rated|
|rule|HP Percentage Mod: HP is shown in percentages
|rule|Endless Battle Clause: Forcing endless battles is banned
|rule|Species Clause: Limit one of each Pokémon
|rule|OHKO Clause: OHKO moves are banned
|rule|Evasion Items Clause: Evasion items are banned
|rule|Evasion Moves Clause: Evasion moves are banned
|rule|Evasion Abilities Clause: Evasion abilities are banned
|rule|Sleep Moves Clause: Sleep-inducing moves are banned
|clearpoke
|poke|p1|Dusclops, F|
|poke|p1|Blissey, F|
|poke|p1|Infernape, F|
|poke|p1|Tornadus-Therian, M|
|poke|p1|Slowbro, F|
|poke|p1|Lilligant-Hisui, F|
|poke|p2|Meowscarada, F|
|poke|p2|Cinderace, M|
|poke|p2|Great Tusk|
|poke|p2|Ting-Lu|
|poke|p2|Latios, M|
|poke|p2|Pecharunt|
|teampreview
|inactive|Battle timer is ON: inactive players will automatically lose when time's up. (requested by jpkeeks)
|
|t:|1757897842
|teamsize|p1|6
|teamsize|p2|6
|start
|switch|p1a: Tornadus|Tornadus-Therian, M|100/100
|switch|p2a: Meowscarada|Meowscarada, F|100/100
|turn|1
|
|t:|1757897845
|switch|p1a: Infernape|Infernape, F|100/100
|move|p2a: Meowscarada|Triple Axel|p1a: Infernape
|-start|p2a: Meowscarada|typechange|Ice|[from] ability: Protean
|-resisted|p1a: Infernape
|-damage|p1a: Infernape|97/100
|-damage|p2a: Meowscarada|84/100|[from] item: Rocky Helmet|[of] p1a: Infernape
|-resisted|p1a: Infernape
|-damage|p1a: Infernape|88/100
|-damage|p2a: Meowscarada|68/100|[from] item: Rocky Helmet|[of] p1a: Infernape
|-resisted|p1a: Infernape
|-damage|p1a: Infernape|77/100
|-damage|p2a: Meowscarada|51/100|[from] item: Rocky Helmet|[of] p1a: Infernape
|-hitcount|p1a: Infernape|3
|
|upkeep
|turn|2
|
|t:|1757897852
|switch|p2a: Great Tusk|Great Tusk|100/100
|move|p1a: Infernape|Metronome|p1a: Infernape
|move|p1a: Infernape|Expanding Force|p2a: Great Tusk|[from] move: Metronome
|-supereffective|p2a: Great Tusk
|-damage|p2a: Great Tusk|43/100
|
|upkeep
|turn|3
|c|☆jpkeeks|its peak
|
|t:|1757897864
|switch|p1a: Slowbro|Slowbro, F|100/100
|move|p2a: Great Tusk|Ice Spinner|p1a: Slowbro
|-resisted|p1a: Slowbro
|-damage|p1a: Slowbro|93/100
|-damage|p2a: Great Tusk|27/100|[from] item: Rocky Helmet|[of] p1a: Slowbro
|
|upkeep
|turn|4
|
|t:|1757897868
|-end|p2a: Great Tusk|Protosynthesis|[silent]
|switch|p2a: Ting-Lu|Ting-Lu|100/100
|-ability|p2a: Ting-Lu|Vessel of Ruin
|move|p1a: Slowbro|Scald|p2a: Ting-Lu
|-supereffective|p2a: Ting-Lu
|-damage|p2a: Ting-Lu|77/100
|
|-heal|p2a: Ting-Lu|83/100|[from] item: Leftovers
|upkeep
|turn|5
|c|☆mathismathin|thanks bro
|
|t:|1757897876
|move|p2a: Ting-Lu|Stealth Rock|p1a: Slowbro
|-sidestart|p1: mathismathin|move: Stealth Rock
|move|p1a: Slowbro|Scald|p2a: Ting-Lu
|-supereffective|p2a: Ting-Lu
|-damage|p2a: Ting-Lu|61/100
|
|-heal|p2a: Ting-Lu|67/100|[from] item: Leftovers
|upkeep
|turn|6
|
|t:|1757897878
|move|p2a: Ting-Lu|Spikes|p1a: Slowbro
|-sidestart|p1: mathismathin|Spikes
|move|p1a: Slowbro|Scald|p2a: Ting-Lu
|-supereffective|p2a: Ting-Lu
|-damage|p2a: Ting-Lu|45/100
|-status|p2a: Ting-Lu|brn
|
|-heal|p2a: Ting-Lu|51/100 brn|[from] item: Leftovers
|-damage|p2a: Ting-Lu|45/100 brn|[from] brn
|upkeep
|turn|7
|
|t:|1757897881
|switch|p1a: Lilligant|Lilligant-Hisui, F|100/100
|move|p2a: Ting-Lu|Spikes|p1a: Lilligant
|-sidestart|p1: mathismathin|Spikes
|
|-heal|p2a: Ting-Lu|51/100 brn|[from] item: Leftovers
|-damage|p2a: Ting-Lu|45/100 brn|[from] brn
|upkeep
|turn|8
|
|t:|1757897883
|switch|p2a: Pecharunt|Pecharunt|100/100
|-item|p2a: Pecharunt|Air Balloon
|move|p1a: Lilligant|Defog|p2a: Pecharunt
|-unboost|p2a: Pecharunt|evasion|1
|-sideend|p1: mathismathin|Spikes|[from] move: Defog|[of] p1a: Lilligant
|-sideend|p1: mathismathin|Stealth Rock|[from] move: Defog|[of] p1a: Lilligant
|
|upkeep
|turn|9
|
|t:|1757897889
|switch|p1a: Blissey|Blissey, F|100/100
|move|p2a: Pecharunt|Malignant Chain|p1a: Blissey
|-damage|p1a: Blissey|91/100
|-status|p1a: Blissey|tox
|-start|p1a: Blissey|confusion|[from] ability: Poison Puppeteer|[of] p2a: Pecharunt
|
|-damage|p1a: Blissey|85/100 tox|[from] psn
|upkeep
|turn|10
|
|t:|1757897890
|-curestatus|p1a: Blissey|tox|[from] ability: Natural Cure
|switch|p1a: Physical Trapper|Dusclops, F, shiny|100/100
|-ability|p1a: Physical Trapper|Pressure
|move|p2a: Pecharunt|Parting Shot|p1a: Physical Trapper
|-unboost|p1a: Physical Trapper|atk|1
|-unboost|p1a: Physical Trapper|spa|1
|
|t:|1757897895
|switch|p2a: Meowscarada|Meowscarada, F|51/100|[from] Parting Shot
|
|upkeep
|turn|11
|inactive|mathismathin has 120 seconds left.
|
|t:|1757897943
|switch|p1a: Infernape|Infernape, F|77/100
|move|p2a: Meowscarada|Knock Off|p1a: Infernape
|-start|p2a: Meowscarada|typechange|Dark|[from] ability: Protean
|-resisted|p1a: Infernape
|-damage|p1a: Infernape|59/100
|-damage|p2a: Meowscarada|35/100|[from] item: Rocky Helmet|[of] p1a: Infernape
|-enditem|p1a: Infernape|Rocky Helmet|[from] move: Knock Off|[of] p2a: Meowscarada
|
|upkeep
|turn|12
|
|t:|1757897952
|switch|p2a: Ting-Lu|Ting-Lu|45/100 brn
|-ability|p2a: Ting-Lu|Vessel of Ruin
|move|p1a: Infernape|Slack Off|p1a: Infernape
|-heal|p1a: Infernape|100/100
|
|-heal|p2a: Ting-Lu|51/100 brn|[from] item: Leftovers
|-damage|p2a: Ting-Lu|45/100 brn|[from] brn
|upkeep
|turn|13
|inactive|mathismathin has 120 seconds left.
|
|t:|1757897973
|switch|p1a: Lilligant|Lilligant-Hisui, F|100/100
|move|p2a: Ting-Lu|Spikes|p1a: Lilligant
|-sidestart|p1: mathismathin|Spikes
|
|-heal|p2a: Ting-Lu|51/100 brn|[from] item: Leftovers
|-damage|p2a: Ting-Lu|45/100 brn|[from] brn
|upkeep
|turn|14
|
|t:|1757897976
|move|p1a: Lilligant|Defog|p2a: Ting-Lu
|-unboost|p2a: Ting-Lu|evasion|1
|-sideend|p1: mathismathin|Spikes|[from] move: Defog|[of] p1a: Lilligant
|move|p2a: Ting-Lu|Ruination|p1a: Lilligant
|-damage|p1a: Lilligant|51/100
|
|-heal|p2a: Ting-Lu|51/100 brn|[from] item: Leftovers
|-damage|p2a: Ting-Lu|45/100 brn|[from] brn
|upkeep
|turn|15
|
|t:|1757897978
|switch|p2a: Pecharunt|Pecharunt|100/100
|-item|p2a: Pecharunt|Air Balloon
|move|p1a: Lilligant|Low Kick|p2a: Pecharunt
|-immune|p2a: Pecharunt
|
|upkeep
|turn|16
|
|t:|1757897981
|switch|p1a: Blissey|Blissey, F|85/100
|move|p2a: Pecharunt|Parting Shot|p1a: Blissey
|-unboost|p1a: Blissey|atk|1
|-unboost|p1a: Blissey|spa|1
|
|t:|1757897984
|switch|p2a: Cinderace|Cinderace, M|100/100|[from] Parting Shot
|
|upkeep
|turn|17
|
|t:|1757898002
|switch|p1a: Slowbro|Slowbro, F|100/100
|move|p2a: Cinderace|U-turn|p1a: Slowbro
|-start|p2a: Cinderace|typechange|Bug|[from] ability: Libero
|-supereffective|p1a: Slowbro
|-damage|p1a: Slowbro|41/100
|-damage|p2a: Cinderace|84/100|[from] item: Rocky Helmet|[of] p1a: Slowbro
|
|t:|1757898028
|switch|p2a: Meowscarada|Meowscarada, F|35/100|[from] U-turn
|
|upkeep
|turn|18
|inactive|mathismathin has 120 seconds left.
|
|t:|1757898059
|switch|p1a: Infernape|Infernape, F|100/100
|move|p2a: Meowscarada|U-turn|p1a: Infernape
|-start|p2a: Meowscarada|typechange|Bug|[from] ability: Protean
|-resisted|p1a: Infernape
|-damage|p1a: Infernape|93/100
|inactive|jpkeeks has 120 seconds left.
|
|t:|1757898081
|switch|p2a: Latios|Latios, M|100/100|[from] U-turn
|
|upkeep
|turn|19
|inactive|mathismathin has 120 seconds left.
|
|t:|1757898101
|switch|p1a: Physical Trapper|Dusclops, F, shiny|100/100
|-ability|p1a: Physical Trapper|Pressure
|move|p2a: Latios|Flip Turn|p1a: Physical Trapper
|-damage|p1a: Physical Trapper|95/100
|
|t:|1757898108
|switch|p2a: Ting-Lu|Ting-Lu|45/100 brn|[from] Flip Turn
|-ability|p2a: Ting-Lu|Vessel of Ruin
|
|-heal|p2a: Ting-Lu|51/100 brn|[from] item: Leftovers
|-damage|p2a: Ting-Lu|45/100 brn|[from] brn
|upkeep
|turn|20
|
|t:|1757898115
|switch|p1a: Lilligant|Lilligant-Hisui, F|51/100
|move|p2a: Ting-Lu|Spikes|p1a: Lilligant
|-sidestart|p1: mathismathin|Spikes
|
|-heal|p2a: Ting-Lu|51/100 brn|[from] item: Leftovers
|-damage|p2a: Ting-Lu|45/100 brn|[from] brn
|upkeep
|turn|21
|
|t:|1757898124
|switch|p2a: Cinderace|Cinderace, M|84/100
|move|p1a: Lilligant|Defog|p2a: Cinderace
|-unboost|p2a: Cinderace|evasion|1
|-sideend|p1: mathismathin|Spikes|[from] move: Defog|[of] p1a: Lilligant
|
|upkeep
|turn|22
|
|t:|1757898136
|switch|p1a: Infernape|Infernape, F|93/100
|move|p2a: Cinderace|Gunk Shot|p1a: Infernape|[miss]
|-start|p2a: Cinderace|typechange|Poison|[from] ability: Libero
|-miss|p2a: Cinderace|p1a: Infernape
|
|upkeep
|turn|23
|-message|jpkeeks forfeited.
|
|win|mathismathin
|raw|mathismathin's rating: 1586 &rarr; <strong>1604</strong><br />(+18 for winning)
|raw|jpkeeks's rating: 1549 &rarr; <strong>1531</strong><br />(-18 for losing)
|l|☆jpkeeks
|player|p2|
|l|☆mathismathin
|player|p1|
