|j|☆Loxxx777
|j|☆JJJKD
|t:|1757921312
|gametype|singles
|player|p1|Loxxx777|266|1110
|player|p2|JJJKD|170|1121
|gen|9
|tier|[Gen 9] OU
|rated|
|rule|HP Percentage Mod: HP is shown in percentages
|rule|Endless Battle Clause: Forcing endless battles is banned
|rule|Species Clause: Limit one of each Pokémon
|rule|OHKO Clause: OHKO moves are banned
|rule|Evasion Items Clause: Evasion items are banned
|rule|Evasion Moves Clause: Evasion moves are banned
|rule|Evasion Abilities Clause: Evasion abilities are banned
|rule|Sleep Moves Clause: Sleep-inducing moves are banned
|clearpoke
|poke|p1|Arcanine-Hisui, F|
|poke|p1|Gengar, M|
|poke|p1|Feraligatr, F|
|poke|p1|Hitmontop, M|
|poke|p1|Weavile, F|
|poke|p1|Landorus-Therian, M|
|poke|p2|Scizor, F|
|poke|p2|Garchomp, F|
|poke|p2|Tyranitar, F|
|poke|p2|Excadrill, M|
|poke|p2|Toxapex, F|
|poke|p2|Araquanid, M|
|teampreview
|
|t:|1757921340
|teamsize|p1|6
|teamsize|p2|6
|start
|switch|p1a: Landorus|Landorus-Therian, M, shiny|100/100
|switch|p2a: Tyranitar|Tyranitar, F|100/100
|-ability|p1a: Landorus|Intimidate|boost
|-unboost|p2a: Tyranitar|atk|1
|-weather|Sandstorm|[from] ability: Sand Stream|[of] p2a: Tyranitar
|turn|1
|
|t:|1757921366
|switch|p2a: Araquanid|Araquanid, M|100/100
|move|p1a: Landorus|Stealth Rock|p2a: Araquanid
|-sidestart|p2: JJJKD|move: Stealth Rock
|
|-weather|Sandstorm|[upkeep]
|-damage|p2a: Araquanid|94/100|[from] Sandstorm
|upkeep
|turn|2
|
|t:|1757921384
|move|p1a: Landorus|U-turn|p2a: Araquanid
|-damage|p2a: Araquanid|65/100
|
|t:|1757921411
|switch|p1a: Feraligatr|Feraligatr, F|100/100|[from] U-turn
|move|p2a: Araquanid|Reflect|p2a: Araquanid
|-sidestart|p2: JJJKD|Reflect
|
|-weather|Sandstorm|[upkeep]
|-damage|p1a: Feraligatr|94/100|[from] Sandstorm
|-damage|p2a: Araquanid|59/100|[from] Sandstorm
|upkeep
|turn|3
|
|t:|1757921420
|move|p1a: Feraligatr|Dragon Dance|p1a: Feraligatr
|-boost|p1a: Feraligatr|atk|1
|-boost|p1a: Feraligatr|spe|1
|move|p2a: Araquanid|Sticky Web|p1a: Feraligatr
|-sidestart|p1: Loxxx777|move: Sticky Web
|
|-weather|Sandstorm|[upkeep]
|-damage|p1a: Feraligatr|88/100|[from] Sandstorm
|-damage|p2a: Araquanid|53/100|[from] Sandstorm
|upkeep
|turn|4
|
|t:|1757921433
|move|p1a: Feraligatr|Dragon Dance|p1a: Feraligatr
|-boost|p1a: Feraligatr|atk|1
|-boost|p1a: Feraligatr|spe|1
|move|p2a: Araquanid|Body Slam|p1a: Feraligatr
|-damage|p1a: Feraligatr|71/100
|
|-weather|Sandstorm|[upkeep]
|-damage|p1a: Feraligatr|64/100|[from] Sandstorm
|-damage|p2a: Araquanid|47/100|[from] Sandstorm
|upkeep
|turn|5
|
|t:|1757921446
|move|p1a: Feraligatr|Ice Punch|p2a: Araquanid
|-resisted|p2a: Araquanid
|-damage|p2a: Araquanid|23/100
|move|p2a: Araquanid|Body Slam|p1a: Feraligatr
|-damage|p1a: Feraligatr|48/100
|
|-weather|Sandstorm|[upkeep]
|-damage|p1a: Feraligatr|42/100|[from] Sandstorm
|-damage|p2a: Araquanid|16/100|[from] Sandstorm
|upkeep
|turn|6
|
|t:|1757921454
|move|p1a: Feraligatr|Ice Punch|p2a: Araquanid
|-resisted|p2a: Araquanid
|-damage|p2a: Araquanid|0 fnt
|faint|p2a: Araquanid
|
|-weather|Sandstorm|[upkeep]
|-damage|p1a: Feraligatr|36/100|[from] Sandstorm
|upkeep
|
|t:|1757921463
|switch|p2a: Toxapex|Toxapex, F|100/100
|-damage|p2a: Toxapex|88/100|[from] Stealth Rock
|turn|7
|
|t:|1757921471
|move|p1a: Feraligatr|Crunch|p2a: Toxapex
|-damage|p2a: Toxapex|61/100
|move|p2a: Toxapex|Toxic Spikes|p1a: Feraligatr
|-sidestart|p1: Loxxx777|move: Toxic Spikes
|
|-weather|Sandstorm|[upkeep]
|-damage|p1a: Feraligatr|29/100|[from] Sandstorm
|-damage|p2a: Toxapex|55/100|[from] Sandstorm
|-heal|p2a: Toxapex|61/100|[from] item: Leftovers
|upkeep
|turn|8
|
|t:|1757921479
|move|p2a: Toxapex|Baneful Bunker|p2a: Toxapex
|-singleturn|p2a: Toxapex|move: Protect
|move|p1a: Feraligatr|Crunch|p2a: Toxapex
|-activate|p2a: Toxapex|move: Protect
|-status|p1a: Feraligatr|psn
|
|-weather|none
|-heal|p2a: Toxapex|68/100|[from] item: Leftovers
|-damage|p1a: Feraligatr|17/100 psn|[from] psn
|upkeep
|turn|9
|
|t:|1757921490
|move|p1a: Feraligatr|Crunch|p2a: Toxapex
|-damage|p2a: Toxapex|42/100
|move|p2a: Toxapex|Toxic Spikes|p1a: Feraligatr
|-sidestart|p1: Loxxx777|move: Toxic Spikes
|
|-heal|p2a: Toxapex|48/100|[from] item: Leftovers
|-damage|p1a: Feraligatr|5/100 psn|[from] psn
|-sideend|p2: JJJKD|Reflect
|upkeep
|turn|10
|
|t:|1757921498
|move|p1a: Feraligatr|Crunch|p2a: Toxapex
|-damage|p2a: Toxapex|0 fnt
|faint|p2a: Toxapex
|
|-damage|p1a: Feraligatr|0 fnt|[from] psn
|faint|p1a: Feraligatr
|upkeep
|
|t:|1757921505
|switch|p1a: Gengar|Gengar, M|100/100
|switch|p2a: Tyranitar|Tyranitar, F|100/100
|-activate|p1a: Gengar|move: Sticky Web
|-unboost|p1a: Gengar|spe|1
|-sideend|p1: Loxxx777|move: Toxic Spikes|[of] p1a: Gengar
|-damage|p2a: Tyranitar|88/100|[from] Stealth Rock
|-weather|Sandstorm|[from] ability: Sand Stream|[of] p2a: Tyranitar
|turn|11
|
|t:|1757921518
|switch|p1a: Hitmontop|Hitmontop, M|100/100
|-activate|p1a: Hitmontop|move: Sticky Web
|-unboost|p1a: Hitmontop|spe|1
|-ability|p1a: Hitmontop|Intimidate|boost
|-unboost|p2a: Tyranitar|atk|1
|move|p2a: Tyranitar|Dragon Dance|p2a: Tyranitar
|-boost|p2a: Tyranitar|atk|1
|-boost|p2a: Tyranitar|spe|1
|
|-weather|Sandstorm|[upkeep]
|-damage|p1a: Hitmontop|94/100|[from] Sandstorm
|-heal|p1a: Hitmontop|100/100|[from] item: Leftovers
|upkeep
|turn|12
|
|t:|1757921532
|move|p2a: Tyranitar|Earthquake|p1a: Hitmontop
|-damage|p1a: Hitmontop|56/100
|move|p1a: Hitmontop|Rapid Spin|p2a: Tyranitar
|-resisted|p2a: Tyranitar
|-damage|p2a: Tyranitar|81/100
|-boost|p1a: Hitmontop|spe|1
|-sideend|p1: Loxxx777|Sticky Web|[from] move: Rapid Spin|[of] p1a: Hitmontop
|
|-weather|Sandstorm|[upkeep]
|-damage|p1a: Hitmontop|50/100|[from] Sandstorm
|-heal|p1a: Hitmontop|56/100|[from] item: Leftovers
|upkeep
|turn|13
|
|t:|1757921545
|switch|p1a: Landorus|Landorus-Therian, M, shiny|100/100
|-ability|p1a: Landorus|Intimidate|boost
|-unboost|p2a: Tyranitar|atk|1
|move|p2a: Tyranitar|Dragon Dance|p2a: Tyranitar
|-boost|p2a: Tyranitar|atk|1
|-boost|p2a: Tyranitar|spe|1
|
|-weather|Sandstorm|[upkeep]
|upkeep
|turn|14
|
|t:|1757921556
|move|p2a: Tyranitar|Stealth Rock|p1a: Landorus
|-sidestart|p1: Loxxx777|move: Stealth Rock
|move|p1a: Landorus|Earthquake|p2a: Tyranitar
|-supereffective|p2a: Tyranitar
|-damage|p2a: Tyranitar|0 fnt
|faint|p2a: Tyranitar
|
|-weather|Sandstorm|[upkeep]
|upkeep
|
|t:|1757921563
|switch|p2a: Excadrill|Excadrill, M|100/100
|-damage|p2a: Excadrill|97/100|[from] Stealth Rock
|turn|15
|
|t:|1757921569
|move|p2a: Excadrill|Iron Head|p1a: Landorus
|-damage|p1a: Landorus|41/100
|move|p1a: Landorus|Earthquake|p2a: Excadrill
|-supereffective|p2a: Excadrill
|-damage|p2a: Excadrill|0 fnt
|faint|p2a: Excadrill
|
|-weather|Sandstorm|[upkeep]
|-heal|p1a: Landorus|47/100|[from] item: Leftovers
|upkeep
|
|t:|1757921580
|switch|p2a: Scizor|Scizor, F|100/100
|-damage|p2a: Scizor|88/100|[from] Stealth Rock
|turn|16
|
|t:|1757921584
|-terastallize|p2a: Scizor|Flying
|move|p1a: Landorus|U-turn|p2a: Scizor
|-resisted|p2a: Scizor
|-damage|p2a: Scizor|75/100
|
|t:|1757921597
|switch|p1a: Hitmontop|Hitmontop, M|56/100|[from] U-turn
|-damage|p1a: Hitmontop|50/100|[from] Stealth Rock
|-ability|p1a: Hitmontop|Intimidate|boost
|-unboost|p2a: Scizor|atk|1
|move|p2a: Scizor|Swords Dance|p2a: Scizor
|-boost|p2a: Scizor|atk|2
|
|-weather|Sandstorm|[upkeep]
|-damage|p1a: Hitmontop|44/100|[from] Sandstorm
|-damage|p2a: Scizor|69/100|[from] Sandstorm
|-heal|p1a: Hitmontop|50/100|[from] item: Leftovers
|-heal|p2a: Scizor|75/100|[from] item: Leftovers
|upkeep
|turn|17
|
|t:|1757921610
|move|p1a: Hitmontop|Rapid Spin|p2a: Scizor
|-crit|p2a: Scizor
|-damage|p2a: Scizor|50/100
|-boost|p1a: Hitmontop|spe|1
|-sideend|p1: Loxxx777|Stealth Rock|[from] move: Rapid Spin|[of] p1a: Hitmontop
|move|p2a: Scizor|Dual Wingbeat|p1a: Hitmontop
|-supereffective|p1a: Hitmontop
|-damage|p1a: Hitmontop|0 fnt
|faint|p1a: Hitmontop
|-hitcount|p1: Hitmontop|1
|
|-weather|Sandstorm|[upkeep]
|-damage|p2a: Scizor|44/100|[from] Sandstorm
|-heal|p2a: Scizor|50/100|[from] item: Leftovers
|upkeep
|
|t:|1757921623
|switch|p1a: Weavile|Weavile, F|100/100
|-ability|p1a: Weavile|Pressure
|turn|18
|
|t:|1757921634
|move|p2a: Scizor|Protect|p2a: Scizor
|-singleturn|p2a: Scizor|Protect
|move|p1a: Weavile|Triple Axel|p2a: Scizor
|-activate|p2a: Scizor|move: Protect
|
|-weather|none
|-heal|p2a: Scizor|57/100|[from] item: Leftovers
|upkeep
|turn|19
|
|t:|1757921642
|move|p2a: Scizor|Bullet Punch|p1a: Weavile
|-supereffective|p1a: Weavile
|-damage|p1a: Weavile|0 fnt
|faint|p1a: Weavile
|
|-heal|p2a: Scizor|63/100|[from] item: Leftovers
|upkeep
|
|t:|1757921651
|switch|p1a: Landorus|Landorus-Therian, M, shiny|47/100
|-ability|p1a: Landorus|Intimidate|boost
|-unboost|p2a: Scizor|atk|1
|turn|20
|
|t:|1757921658
|move|p2a: Scizor|Protect|p2a: Scizor
|-singleturn|p2a: Scizor|Protect
|move|p1a: Landorus|Stone Edge|p2a: Scizor
|-activate|p2a: Scizor|move: Protect
|
|-heal|p1a: Landorus|53/100|[from] item: Leftovers
|-heal|p2a: Scizor|69/100|[from] item: Leftovers
|upkeep
|turn|21
|
|t:|1757921668
|move|p2a: Scizor|Bullet Punch|p1a: Landorus
|-damage|p1a: Landorus|16/100
|move|p1a: Landorus|Stone Edge|p2a: Scizor|[miss]
|-miss|p1a: Landorus|p2a: Scizor
|
|-heal|p1a: Landorus|22/100|[from] item: Leftovers
|-heal|p2a: Scizor|75/100|[from] item: Leftovers
|upkeep
|turn|22
|
|t:|1757921675
|move|p2a: Scizor|Bullet Punch|p1a: Landorus
|-damage|p1a: Landorus|0 fnt
|faint|p1a: Landorus
|
|-heal|p2a: Scizor|81/100|[from] item: Leftovers
|upkeep
|
|t:|1757921683
|switch|p1a: Gengar|Gengar, M|100/100
|turn|23
|
|t:|1757921700
|move|p1a: Gengar|Trick|p2a: Scizor
|-activate|p1a: Gengar|move: Trick|[of] p2a: Scizor
|-item|p2a: Scizor|Choice Scarf|[from] move: Trick
|-item|p1a: Gengar|Leftovers|[from] move: Trick
|move|p2a: Scizor|Swords Dance|p2a: Scizor
|-boost|p2a: Scizor|atk|2
|
|upkeep
|turn|24
|
|t:|1757921709
|switch|p2a: Garchomp|Garchomp, F|100/100
|-damage|p2a: Garchomp|94/100|[from] Stealth Rock
|move|p1a: Gengar|Shadow Ball|p2a: Garchomp
|-damage|p2a: Garchomp|50/100
|
|upkeep
|turn|25
|
|t:|1757921722
|move|p1a: Gengar|Shadow Ball|p2a: Garchomp
|-damage|p2a: Garchomp|8/100
|-unboost|p2a: Garchomp|spd|1
|move|p2a: Garchomp|Earthquake|p1a: Gengar
|-supereffective|p1a: Gengar
|-damage|p1a: Gengar|0 fnt
|faint|p1a: Gengar
|
|upkeep
|
|t:|1757921730
|switch|p1a: Arcanine|Arcanine-Hisui, F, shiny|100/100
|-ability|p1a: Arcanine|Intimidate|boost
|-unboost|p2a: Garchomp|atk|1
|turn|26
|
|t:|1757921740
|move|p1a: Arcanine|Extreme Speed|p2a: Garchomp
|-damage|p2a: Garchomp|0 fnt
|-damage|p1a: Arcanine|88/100|[from] ability: Rough Skin|[of] p2a: Garchomp
|-damage|p1a: Arcanine|71/100|[from] item: Rocky Helmet|[of] p2a: Garchomp
|faint|p2a: Garchomp
|
|upkeep
|
|t:|1757921746
|switch|p2a: Scizor|Scizor, F, tera:Flying|81/100
|-damage|p2a: Scizor|56/100|[from] Stealth Rock
|turn|27
|
|t:|1757921755
|move|p2a: Scizor|Protect|p2a: Scizor
|-singleturn|p2a: Scizor|Protect
|move|p1a: Arcanine|Extreme Speed|p2a: Scizor
|-activate|p2a: Scizor|move: Protect
|
|upkeep
|turn|28
|-message|JJJKD forfeited.
|
|win|Loxxx777
|raw|Loxxx777's rating: 1110 &rarr; <strong>1136</strong><br />(+26 for winning)
|raw|JJJKD's rating: 1121 &rarr; <strong>1095</strong><br />(-26 for losing)
|l|☆JJJKD
|player|p2|
|l|☆Loxxx777
|player|p1|
