|j|☆akijuen
|j|☆PESCIOLINO
|t:|1757849281
|gametype|singles
|player|p1|akijuen|102|1584
|player|p2|PESCIOLINO|265|1619
|gen|9
|tier|[Gen 9] OU
|rated|
|rule|HP Percentage Mod: HP is shown in percentages
|rule|Endless Battle Clause: Forcing endless battles is banned
|rule|Species Clause: Limit one of each Pokémon
|rule|OHKO Clause: OHKO moves are banned
|rule|Evasion Items Clause: Evasion items are banned
|rule|Evasion Moves Clause: Evasion moves are banned
|rule|Evasion Abilities Clause: Evasion abilities are banned
|rule|Sleep Moves Clause: Sleep-inducing moves are banned
|clearpoke
|poke|p1|Dragonite, F|
|poke|p1|Grimmsnarl, M|
|poke|p1|Enamorus, F|
|poke|p1|Great Tusk|
|poke|p1|Scizor, F|
|poke|p1|Raging Bolt|
|poke|p2|Okidogi, M|
|poke|p2|Dondozo, M|
|poke|p2|Kyurem|
|poke|p2|Iron Valiant|
|poke|p2|Dragonite, F|
|poke|p2|Raging Bolt|
|teampreview
|inactive|Battle timer is ON: inactive players will automatically lose when time's up. (requested by akijuen)
|inactive|PESCIOLINO also wants the timer to be on.
|
|t:|1757849291
|teamsize|p1|6
|teamsize|p2|6
|start
|switch|p1a: Scizor|Scizor, F|100/100
|switch|p2a: Kyurem|Kyurem|100/100
|-ability|p2a: Kyurem|Pressure
|turn|1
|
|t:|1757849312
|switch|p2a: Dondozo|Dondozo, M|100/100
|move|p1a: Scizor|Knock Off|p2a: Dondozo
|-damage|p2a: Dondozo|78/100
|-enditem|p2a: Dondozo|Assault Vest|[from] move: Knock Off|[of] p1a: Scizor
|
|upkeep
|turn|2
|
|t:|1757849320
|switch|p1a: Grimmsnarl|Grimmsnarl, M|100/100
|move|p2a: Dondozo|Earthquake|p1a: Grimmsnarl
|-damage|p1a: Grimmsnarl|64/100
|
|upkeep
|turn|3
|
|t:|1757849323
|move|p1a: Grimmsnarl|Reflect|p1a: Grimmsnarl
|-sidestart|p1: akijuen|Reflect
|move|p2a: Dondozo|Wave Crash|p1a: Grimmsnarl
|-damage|p1a: Grimmsnarl|26/100
|-damage|p2a: Dondozo|68/100|[from] Recoil
|
|upkeep
|turn|4
|
|t:|1757849334
|move|p1a: Grimmsnarl|Parting Shot|p2a: Dondozo
|-unboost|p2a: Dondozo|atk|1
|-unboost|p2a: Dondozo|spa|1
|
|t:|1757849337
|switch|p1a: Raging Bolt|Raging Bolt|100/100|[from] Parting Shot
|-enditem|p1a: Raging Bolt|Booster Energy
|-activate|p1a: Raging Bolt|ability: Protosynthesis|[fromitem]
|-start|p1a: Raging Bolt|protosynthesisspa
|move|p2a: Dondozo|Wave Crash|p1a: Raging Bolt
|-resisted|p1a: Raging Bolt
|-damage|p1a: Raging Bolt|92/100
|-damage|p2a: Dondozo|66/100|[from] Recoil
|
|upkeep
|turn|5
|
|t:|1757849342
|move|p1a: Raging Bolt|Thunderbolt|p2a: Dondozo
|-supereffective|p2a: Dondozo
|-damage|p2a: Dondozo|0 fnt
|faint|p2a: Dondozo
|
|upkeep
|
|t:|1757849346
|switch|p2a: Okidogi|Okidogi, M|100/100
|turn|6
|
|t:|1757849348
|move|p1a: Raging Bolt|Thunderbolt|p2a: Okidogi
|-damage|p2a: Okidogi|52/100
|move|p2a: Okidogi|Ice Punch|p1a: Raging Bolt
|-supereffective|p1a: Raging Bolt
|-damage|p1a: Raging Bolt|63/100
|
|upkeep
|turn|7
|
|t:|1757849352
|move|p1a: Raging Bolt|Thunderbolt|p2a: Okidogi
|-damage|p2a: Okidogi|1/100
|move|p2a: Okidogi|Ice Punch|p1a: Raging Bolt
|-supereffective|p1a: Raging Bolt
|-damage|p1a: Raging Bolt|35/100
|
|upkeep
|turn|8
|
|t:|1757849356
|move|p1a: Raging Bolt|Thunderbolt|p2a: Okidogi
|-damage|p2a: Okidogi|0 fnt
|faint|p2a: Okidogi
|
|upkeep
|
|t:|1757849359
|switch|p2a: Kyurem|Kyurem|100/100
|-ability|p2a: Kyurem|Pressure
|turn|9
|
|t:|1757849362
|move|p1a: Raging Bolt|Thunderclap|p2a: Kyurem
|-resisted|p2a: Kyurem
|-damage|p2a: Kyurem|83/100
|move|p2a: Kyurem|Ice Beam|p1a: Raging Bolt
|-supereffective|p1a: Raging Bolt
|-damage|p1a: Raging Bolt|0 fnt
|faint|p1a: Raging Bolt
|-end|p1a: Raging Bolt|Protosynthesis|[silent]
|
|upkeep
|
|t:|1757849366
|switch|p1a: Scizor|Scizor, F|100/100
|turn|10
|
|t:|1757849369
|move|p2a: Kyurem|Earth Power|p1a: Scizor
|-damage|p1a: Scizor|53/100
|move|p1a: Scizor|Close Combat|p2a: Kyurem
|-supereffective|p2a: Kyurem
|-damage|p2a: Kyurem|0 fnt
|-unboost|p1a: Scizor|def|1
|-unboost|p1a: Scizor|spd|1
|faint|p2a: Kyurem
|
|-sideend|p1: akijuen|Reflect
|upkeep
|
|t:|1757849375
|switch|p2a: Raging Bolt|Raging Bolt|100/100
|turn|11
|
|t:|1757849379
|switch|p1a: Great Tusk|Great Tusk|100/100
|-enditem|p1a: Great Tusk|Booster Energy
|-activate|p1a: Great Tusk|ability: Protosynthesis|[fromitem]
|-start|p1a: Great Tusk|protosynthesisspe
|move|p2a: Raging Bolt|Thunderbolt|p1a: Great Tusk
|-immune|p1a: Great Tusk
|
|upkeep
|turn|12
|
|t:|1757849382
|move|p1a: Great Tusk|Headlong Rush|p2a: Raging Bolt
|-supereffective|p2a: Raging Bolt
|-enditem|p2a: Raging Bolt|Shuca Berry|[eat]
|-enditem|p2a: Raging Bolt|Shuca Berry|[weaken]
|-damage|p2a: Raging Bolt|56/100
|-unboost|p1a: Great Tusk|def|1
|-unboost|p1a: Great Tusk|spd|1
|move|p2a: Raging Bolt|Draco Meteor|p1a: Great Tusk
|-damage|p1a: Great Tusk|0 fnt
|-unboost|p2a: Raging Bolt|spa|2
|faint|p1a: Great Tusk
|-end|p1a: Great Tusk|Protosynthesis|[silent]
|
|upkeep
|j| jiangsan1
|
|t:|1757849388
|switch|p1a: Grimmsnarl|Grimmsnarl, M|26/100
|turn|13
|
|t:|1757849397
|move|p1a: Grimmsnarl|Light Screen|p1a: Grimmsnarl
|-sidestart|p1: akijuen|move: Light Screen
|move|p2a: Raging Bolt|Thunderbolt|p1a: Grimmsnarl
|-damage|p1a: Grimmsnarl|16/100
|
|upkeep
|turn|14
|
|t:|1757849402
|move|p1a: Grimmsnarl|Reflect|p1a: Grimmsnarl
|-sidestart|p1: akijuen|Reflect
|move|p2a: Raging Bolt|Calm Mind|p2a: Raging Bolt
|-boost|p2a: Raging Bolt|spa|1
|-boost|p2a: Raging Bolt|spd|1
|
|upkeep
|turn|15
|
|t:|1757849407
|move|p2a: Raging Bolt|Calm Mind|p2a: Raging Bolt
|-boost|p2a: Raging Bolt|spa|1
|-boost|p2a: Raging Bolt|spd|1
|move|p1a: Grimmsnarl|Spirit Break|p2a: Raging Bolt
|-supereffective|p2a: Raging Bolt
|-damage|p2a: Raging Bolt|1/100
|-unboost|p2a: Raging Bolt|spa|1
|
|upkeep
|turn|16
|
|t:|1757849413
|move|p2a: Raging Bolt|Thunderbolt|p1a: Grimmsnarl
|-damage|p1a: Grimmsnarl|3/100
|move|p1a: Grimmsnarl|Spirit Break|p2a: Raging Bolt
|-supereffective|p2a: Raging Bolt
|-damage|p2a: Raging Bolt|0 fnt
|faint|p2a: Raging Bolt
|-end|p2a: Raging Bolt|Protosynthesis|[silent]
|
|upkeep
|
|t:|1757849417
|switch|p2a: Iron Valiant|Iron Valiant|100/100
|-enditem|p2a: Iron Valiant|Booster Energy
|-activate|p2a: Iron Valiant|ability: Quark Drive|[fromitem]
|-start|p2a: Iron Valiant|quarkdrivespe
|turn|17
|
|t:|1757849419
|move|p1a: Grimmsnarl|Parting Shot|p2a: Iron Valiant
|-unboost|p2a: Iron Valiant|atk|1
|-unboost|p2a: Iron Valiant|spa|1
|
|t:|1757849424
|switch|p1a: Enamorus|Enamorus, F|100/100|[from] Parting Shot
|move|p2a: Iron Valiant|Moonblast|p1a: Enamorus
|-damage|p1a: Enamorus|80/100
|
|upkeep
|turn|18
|
|t:|1757849432
|move|p2a: Iron Valiant|Destiny Bond|p2a: Iron Valiant
|-singlemove|p2a: Iron Valiant|Destiny Bond
|move|p1a: Enamorus|Moonblast|p2a: Iron Valiant
|-supereffective|p2a: Iron Valiant
|-damage|p2a: Iron Valiant|0 fnt
|faint|p2a: Iron Valiant
|-activate|p2a: Iron Valiant|move: Destiny Bond
|-end|p2a: Iron Valiant|Quark Drive|[silent]
|faint|p1a: Enamorus
|
|upkeep
|
|t:|1757849450
|switch|p2a: Dragonite|Dragonite, F|100/100
|switch|p1a: Dragonite|Dragonite, F|100/100
|turn|19
|
|t:|1757849455
|-terastallize|p2a: Dragonite|Flying
|move|p2a: Dragonite|Dragon Dance|p2a: Dragonite
|-boost|p2a: Dragonite|atk|1
|-boost|p2a: Dragonite|spe|1
|move|p1a: Dragonite|Dragon Dance|p1a: Dragonite
|-boost|p1a: Dragonite|atk|1
|-boost|p1a: Dragonite|spe|1
|
|upkeep
|turn|20
|
|t:|1757849459
|move|p2a: Dragonite|Dragon Dance|p2a: Dragonite
|-boost|p2a: Dragonite|atk|1
|-boost|p2a: Dragonite|spe|1
|move|p1a: Dragonite|Encore|p2a: Dragonite
|-start|p2a: Dragonite|Encore
|
|-sideend|p1: akijuen|move: Light Screen
|upkeep
|turn|21
|c|☆PESCIOLINO|gg
|c|☆akijuen|GG
|-message|PESCIOLINO forfeited.
|
|win|akijuen
|raw|akijuen's rating: 1584 &rarr; <strong>1606</strong><br />(+22 for winning)
|raw|PESCIOLINO's rating: 1619 &rarr; <strong>1597</strong><br />(-22 for losing)
|l|☆PESCIOLINO
|player|p2|
|l|☆akijuen
|player|p1|
