|j|☆U_Quokka
|j|☆DARIEL-PROTOTYPE
|t:|1757791088
|gametype|singles
|player|p1|U_Quokka|101|1347
|player|p2|DARIEL-PROTOTYPE|ghetsis|1305
|gen|9
|tier|[Gen 9] OU
|rated|
|rule|HP Percentage Mod: HP is shown in percentages
|rule|Endless Battle Clause: Forcing endless battles is banned
|rule|Species Clause: Limit one of each Pokémon
|rule|OHKO Clause: OHKO moves are banned
|rule|Evasion Items Clause: Evasion items are banned
|rule|Evasion Moves Clause: Evasion moves are banned
|rule|Evasion Abilities Clause: Evasion abilities are banned
|rule|Sleep Moves Clause: Sleep-inducing moves are banned
|clearpoke
|poke|p1|Thundurus-Therian, M|
|poke|p1|Samurott-Hisui, M|
|poke|p1|Great Tusk|
|poke|p1|Gholdengo|
|poke|p1|Scizor, F|
|poke|p1|Enamorus, F|
|poke|p2|Great Tusk|
|poke|p2|Samurott-Hisui, F|
|poke|p2|Slowking-Galar, M|
|poke|p2|Terrakion|
|poke|p2|Iron Valiant|
|poke|p2|Ogerpon-Cornerstone, F|
|teampreview
|
|t:|1757791111
|teamsize|p1|6
|teamsize|p2|6
|start
|switch|p1a: Scizor|Scizor, F|100/100
|switch|p2a: Iron Valiant|Iron Valiant|100/100
|turn|1
|
|t:|1757791127
|-end|p2a: Iron Valiant|Quark Drive|[silent]
|switch|p2a: Great Tusk|Great Tusk|100/100
|-enditem|p2a: Great Tusk|Booster Energy
|-activate|p2a: Great Tusk|ability: Protosynthesis|[fromitem]
|-start|p2a: Great Tusk|protosynthesisatk
|switch|p1a: Enamorus|Enamorus, F|100/100
|
|upkeep
|turn|2
|
|t:|1757791147
|switch|p1a: Samurott|Samurott-Hisui, M|100/100
|move|p2a: Great Tusk|Temper Flare|p1a: Samurott
|-resisted|p1a: Samurott
|-damage|p1a: Samurott|77/100
|
|upkeep
|turn|3
|inactive|Battle timer is ON: inactive players will automatically lose when time's up. (requested by DARIEL-PROTOTYPE)
|
|t:|1757791179
|switch|p1a: Enamorus|Enamorus, F|100/100
|move|p2a: Great Tusk|Stealth Rock|p1a: Enamorus
|-sidestart|p1: U_Quokka|move: Stealth Rock
|
|upkeep
|turn|4
|
|t:|1757791191
|-end|p2a: Great Tusk|Protosynthesis|[silent]
|switch|p2a: Slowking|Slowking-Galar, M|100/100
|move|p1a: Enamorus|Moonblast|p2a: Slowking
|-resisted|p2a: Slowking
|-damage|p2a: Slowking|82/100
|
|-heal|p2a: Slowking|88/100|[from] item: Leftovers
|upkeep
|turn|5
|
|t:|1757791200
|move|p1a: Enamorus|Moonblast|p2a: Slowking
|-resisted|p2a: Slowking
|-damage|p2a: Slowking|69/100
|-unboost|p2a: Slowking|spa|1
|move|p2a: Slowking|Future Sight|p1a: Enamorus
|-start|p2a: Slowking|move: Future Sight
|
|-heal|p2a: Slowking|75/100|[from] item: Leftovers
|upkeep
|turn|6
|
|t:|1757791213
|switch|p1a: Great Tusk|Great Tusk|100/100
|-prepare|p2a: Slowking|Chilly Reception|[premajor]
|move|p2a: Slowking|Chilly Reception|p2a: Slowking
|-weather|Snowscape
|
|t:|1757791229
|switch|p2a: Samurott|Samurott-Hisui, F|100/100|[from] Chilly Reception
|
|-weather|Snowscape|[upkeep]
|upkeep
|turn|7
|
|t:|1757791240
|move|p1a: Great Tusk|Rapid Spin|p2a: Samurott
|-damage|p2a: Samurott|77/100
|-boost|p1a: Great Tusk|spe|1
|-sideend|p1: U_Quokka|Stealth Rock|[from] move: Rapid Spin|[of] p1a: Great Tusk
|move|p2a: Samurott|Knock Off|p1a: Great Tusk
|-resisted|p1a: Great Tusk
|-damage|p1a: Great Tusk|72/100
|-enditem|p1a: Great Tusk|Heavy-Duty Boots|[from] move: Knock Off|[of] p2a: Samurott
|
|-weather|Snowscape|[upkeep]
|-end|p1a: Great Tusk|move: Future Sight
|-supereffective|p1a: Great Tusk
|-damage|p1a: Great Tusk|0 fnt
|faint|p1a: Great Tusk
|-end|p1a: Great Tusk|Protosynthesis|[silent]
|upkeep
|
|t:|1757791243
|switch|p1a: Thundurus|Thundurus-Therian, M|100/100
|turn|8
|
|t:|1757791246
|move|p1a: Thundurus|Thunderbolt|p2a: Samurott
|-supereffective|p2a: Samurott
|-crit|p2a: Samurott
|-damage|p2a: Samurott|0 fnt
|faint|p2a: Samurott
|
|-weather|Snowscape|[upkeep]
|upkeep
|
|t:|1757791253
|switch|p2a: Ogerpon|Ogerpon-Cornerstone, F|100/100
|turn|9
|
|t:|1757791263
|switch|p1a: Gholdengo|Gholdengo|100/100
|move|p2a: Ogerpon|Ivy Cudgel|p1a: Gholdengo|[anim] Ivy Cudgel Rock
|-resisted|p1a: Gholdengo
|-damage|p1a: Gholdengo|78/100
|
|-weather|Snowscape|[upkeep]
|-heal|p1a: Gholdengo|84/100|[from] item: Leftovers
|upkeep
|turn|10
|
|t:|1757791270
|switch|p2a: Slowking|Slowking-Galar, M|100/100
|move|p1a: Gholdengo|Recover|p1a: Gholdengo
|-heal|p1a: Gholdengo|100/100
|
|-weather|none
|upkeep
|turn|11
|
|t:|1757791279
|move|p1a: Gholdengo|Nasty Plot|p1a: Gholdengo
|-boost|p1a: Gholdengo|spa|2
|-prepare|p2a: Slowking|Chilly Reception|[premajor]
|move|p2a: Slowking|Chilly Reception|p2a: Slowking
|-weather|Snowscape
|
|t:|1757791285
|switch|p2a: Great Tusk|Great Tusk|100/100|[from] Chilly Reception
|
|-weather|Snowscape|[upkeep]
|upkeep
|turn|12
|
|t:|1757791294
|move|p2a: Great Tusk|Temper Flare|p1a: Gholdengo
|-supereffective|p1a: Gholdengo
|-damage|p1a: Gholdengo|66/100
|move|p1a: Gholdengo|Shadow Ball|p2a: Great Tusk
|-damage|p2a: Great Tusk|1/100
|
|-weather|Snowscape|[upkeep]
|-heal|p1a: Gholdengo|72/100|[from] item: Leftovers
|upkeep
|turn|13
|
|t:|1757791309
|switch|p1a: Enamorus|Enamorus, F|100/100
|move|p2a: Great Tusk|Headlong Rush|p1a: Enamorus
|-immune|p1a: Enamorus
|
|-weather|Snowscape|[upkeep]
|upkeep
|turn|14
|
|t:|1757791315
|move|p1a: Enamorus|Earth Power|p2a: Great Tusk
|-damage|p2a: Great Tusk|0 fnt
|faint|p2a: Great Tusk
|-end|p2a: Great Tusk|Protosynthesis|[silent]
|
|-weather|Snowscape|[upkeep]
|upkeep
|
|t:|1757791324
|switch|p2a: Iron Valiant|Iron Valiant|100/100
|turn|15
|
|t:|1757791335
|switch|p1a: Gholdengo|Gholdengo|72/100
|move|p2a: Iron Valiant|Moonblast|p1a: Gholdengo
|-resisted|p1a: Gholdengo
|-damage|p1a: Gholdengo|36/100
|-unboost|p1a: Gholdengo|spa|1
|
|-weather|none
|-heal|p1a: Gholdengo|43/100|[from] item: Leftovers
|upkeep
|turn|16
|
|t:|1757791343
|move|p2a: Iron Valiant|Moonblast|p1a: Gholdengo
|-resisted|p1a: Gholdengo
|-damage|p1a: Gholdengo|11/100
|-unboost|p1a: Gholdengo|spa|1
|move|p1a: Gholdengo|Recover|p1a: Gholdengo
|-heal|p1a: Gholdengo|61/100
|
|-heal|p1a: Gholdengo|67/100|[from] item: Leftovers
|upkeep
|turn|17
|
|t:|1757791352
|-end|p2a: Iron Valiant|Quark Drive|[silent]
|switch|p2a: Terrakion|Terrakion|100/100
|move|p1a: Gholdengo|Recover|p1a: Gholdengo
|-heal|p1a: Gholdengo|100/100
|
|upkeep
|turn|18
|
|t:|1757791364
|switch|p1a: Samurott|Samurott-Hisui, M|77/100
|move|p2a: Terrakion|Rock Slide|p1a: Samurott
|-damage|p1a: Samurott|22/100
|
|upkeep
|turn|19
|
|t:|1757791370
|move|p2a: Terrakion|Rock Slide|p1a: Samurott
|-damage|p1a: Samurott|0 fnt
|faint|p1a: Samurott
|
|upkeep
|
|t:|1757791373
|switch|p1a: Enamorus|Enamorus, F|100/100
|turn|20
|
|t:|1757791378
|move|p2a: Terrakion|Rock Slide|p1a: Enamorus
|-supereffective|p1a: Enamorus
|-damage|p1a: Enamorus|0 fnt
|faint|p1a: Enamorus
|
|upkeep
|
|t:|1757791382
|switch|p1a: Scizor|Scizor, F|100/100
|turn|21
|
|t:|1757791386
|switch|p2a: Slowking|Slowking-Galar, M|100/100
|move|p1a: Scizor|Swords Dance|p1a: Scizor
|-boost|p1a: Scizor|atk|2
|
|upkeep
|turn|22
|
|t:|1757791393
|move|p1a: Scizor|Swords Dance|p1a: Scizor
|-boost|p1a: Scizor|atk|2
|move|p2a: Slowking|Future Sight|p1a: Scizor
|-start|p2a: Slowking|move: Future Sight
|
|upkeep
|turn|23
|
|t:|1757791395
|move|p1a: Scizor|Knock Off|p2a: Slowking
|-supereffective|p2a: Slowking
|-damage|p2a: Slowking|0 fnt
|-enditem|p2a: Slowking|Leftovers|[from] move: Knock Off|[of] p1a: Scizor
|faint|p2a: Slowking
|
|upkeep
|
|t:|1757791419
|switch|p2a: Iron Valiant|Iron Valiant|100/100
|turn|24
|
|t:|1757791424
|move|p2a: Iron Valiant|Vacuum Wave|p1a: Scizor
|-damage|p1a: Scizor|63/100
|move|p1a: Scizor|Bullet Punch|p2a: Iron Valiant
|-supereffective|p2a: Iron Valiant
|-damage|p2a: Iron Valiant|0 fnt
|faint|p2a: Iron Valiant
|-end|p2a: Iron Valiant|Quark Drive|[silent]
|
|-end|p1a: Scizor|move: Future Sight
|-resisted|p1a: Scizor
|-damage|p1a: Scizor|29/100
|upkeep
|
|t:|1757791445
|switch|p2a: Ogerpon|Ogerpon-Cornerstone, F|100/100
|turn|25
|
|t:|1757791449
|move|p1a: Scizor|Bullet Punch|p2a: Ogerpon
|-supereffective|p2a: Ogerpon
|-ability|p2a: Ogerpon|Sturdy
|-damage|p2a: Ogerpon|1/100
|move|p2a: Ogerpon|Ivy Cudgel|p1a: Scizor|[anim] Ivy Cudgel Rock
|-damage|p1a: Scizor|0 fnt
|faint|p1a: Scizor
|
|upkeep
|
|t:|1757791452
|switch|p1a: Gholdengo|Gholdengo|100/100
|turn|26
|
|t:|1757791457
|move|p2a: Ogerpon|Swords Dance|p2a: Ogerpon
|-boost|p2a: Ogerpon|atk|2
|move|p1a: Gholdengo|Shadow Ball|p2a: Ogerpon
|-damage|p2a: Ogerpon|0 fnt
|faint|p2a: Ogerpon
|
|upkeep
|
|t:|1757791460
|switch|p2a: Terrakion|Terrakion|100/100
|turn|27
|
|t:|1757791469
|-terastallize|p1a: Gholdengo|Fairy
|move|p2a: Terrakion|Earthquake|p1a: Gholdengo
|-damage|p1a: Gholdengo|73/100
|move|p1a: Gholdengo|Make It Rain|p2a: Terrakion
|-supereffective|p2a: Terrakion
|-damage|p2a: Terrakion|0 fnt
|-unboost|p1a: Gholdengo|spa|1
|faint|p2a: Terrakion
|
|win|U_Quokka
|raw|U_Quokka's rating: 1347 &rarr; <strong>1365</strong><br />(+18 for winning)
|raw|DARIEL-PROTOTYPE's rating: 1305 &rarr; <strong>1287</strong><br />(-18 for losing)
|l|☆DARIEL-PROTOTYPE
|player|p2|
|l|☆U_Quokka
|player|p1|
