|j|☆FlmPain
|j|☆Bushswagger
|inactive|Battle timer is ON: inactive players will automatically lose when time's up.
|t:|1757829491
|gametype|singles
|player|p1|FlmPain|elesa|
|player|p2|Bushswagger|170|
|gen|9
|tier|[Gen 9] OU
|rated|Tournament battle
|rule|HP Percentage Mod: HP is shown in percentages
|rule|Endless Battle Clause: Forcing endless battles is banned
|rule|Species Clause: Limit one of each Pokémon
|rule|OHKO Clause: OHKO moves are banned
|rule|Evasion Items Clause: Evasion items are banned
|rule|Evasion Moves Clause: Evasion moves are banned
|rule|Evasion Abilities Clause: Evasion abilities are banned
|rule|Sleep Moves Clause: Sleep-inducing moves are banned
|raw|<div class="infobox"><details class="readmore" open><summary><strong>1 custom rule:</strong></summary> -wobbuffet</details></div>
|clearpoke
|poke|p1|Braixen, M|
|poke|p1|Toedscruel, M|
|poke|p2|Milcery, F|
|poke|p2|Sudowoodo, M|
|teampreview
|j|*Lady Monita ☀
|
|t:|1757829520
|teamsize|p1|2
|teamsize|p2|2
|start
|switch|p1a: Braixen|Braixen, M|100/100
|switch|p2a: Sudowoodo|Sudowoodo, M|100/100
|turn|1
|
|t:|1757829532
|move|p1a: Braixen|Will-O-Wisp|p2a: Sudowoodo
|-status|p2a: Sudowoodo|brn
|move|p2a: Sudowoodo|Ice Punch|p1a: Braixen
|-resisted|p1a: Braixen
|-damage|p1a: Braixen|92/100
|-status|p1a: Braixen|frz
|-damage|p2a: Sudowoodo|91/100 brn|[from] item: Life Orb
|
|-damage|p2a: Sudowoodo|84/100 brn|[from] brn
|upkeep
|turn|2
|
|t:|1757829539
|cant|p1a: Braixen|frz
|move|p2a: Sudowoodo|Earthquake|p1a: Braixen
|-supereffective|p1a: Braixen
|-damage|p1a: Braixen|47/100 frz
|-damage|p2a: Sudowoodo|75/100 brn|[from] item: Life Orb
|
|-damage|p2a: Sudowoodo|68/100 brn|[from] brn
|upkeep
|turn|3
|
|t:|1757829543
|cant|p1a: Braixen|frz
|move|p2a: Sudowoodo|Earthquake|p1a: Braixen
|-supereffective|p1a: Braixen
|-damage|p1a: Braixen|0 fnt
|faint|p1a: Braixen
|-damage|p2a: Sudowoodo|59/100 brn|[from] item: Life Orb
|
|-damage|p2a: Sudowoodo|52/100 brn|[from] brn
|upkeep
|
|t:|1757829545
|switch|p1a: Toedscruel|Toedscruel, M|100/100
|turn|4
|
|t:|1757829547
|move|p1a: Toedscruel|Earth Power|p2a: Sudowoodo
|-supereffective|p2a: Sudowoodo
|-damage|p2a: Sudowoodo|0 fnt
|faint|p2a: Sudowoodo
|
|upkeep
|
|t:|1757829550
|switch|p2a: Milcery|Milcery, F, shiny|100/100
|turn|5
|
|t:|1757829558
|-terastallize|p2a: Milcery|Fairy
|move|p2a: Milcery|Protect|p2a: Milcery
|-singleturn|p2a: Milcery|Protect
|move|p1a: Toedscruel|Sludge Bomb|p2a: Milcery
|-activate|p2a: Milcery|move: Protect
|
|upkeep
|turn|6
|
|t:|1757829564
|move|p1a: Toedscruel|Sludge Bomb|p2a: Milcery
|-supereffective|p2a: Milcery
|-damage|p2a: Milcery|50/100
|move|p2a: Milcery|Dazzling Gleam|p1a: Toedscruel
|-damage|p1a: Toedscruel|87/100
|
|upkeep
|turn|7
|c|☆FlmPain|gg
|c|☆Bushswagger|ggg
|
|t:|1757829575
|move|p1a: Toedscruel|Sludge Bomb|p2a: Milcery
|-supereffective|p2a: Milcery
|-damage|p2a: Milcery|0 fnt
|faint|p2a: Milcery
|
|win|FlmPain
|n|☆FlmPain|flmpain
|n|☆Bushswagger|bushswagger
|n|*Lady Monita ☀|ladymonita
