|j|☆kournikovax
|j|☆BeachLeak
|t:|1757895852
|gametype|singles
|player|p1|kournikovax|skierf-gen4dp|1597
|player|p2|BeachLeak|archer|1557
|gen|9
|tier|[Gen 9] OU
|rated|
|rule|HP Percentage Mod: HP is shown in percentages
|rule|Endless Battle Clause: Forcing endless battles is banned
|rule|Species Clause: Limit one of each Pokémon
|rule|OHKO Clause: OHKO moves are banned
|rule|Evasion Items Clause: Evasion items are banned
|rule|Evasion Moves Clause: Evasion moves are banned
|rule|Evasion Abilities Clause: Evasion abilities are banned
|rule|Sleep Moves Clause: Sleep-inducing moves are banned
|clearpoke
|poke|p1|Dragapult, F|
|poke|p1|Iron Crown|
|poke|p1|Great Tusk|
|poke|p1|Garganacl, F|
|poke|p1|Dragonite, M|
|poke|p1|Hoopa-Unbound|
|poke|p2|Rillaboom, M|
|poke|p2|Hydreigon, M|
|poke|p2|Jirachi|
|poke|p2|Alomomola, F|
|poke|p2|Cinderace, F|
|poke|p2|Great Tusk|
|teampreview
|inactive|Battle timer is ON: inactive players will automatically lose when time's up. (requested by kournikovax)
|
|t:|1757895878
|teamsize|p1|6
|teamsize|p2|6
|start
|switch|p1a: Dragapult|Dragapult, F|100/100
|switch|p2a: Alomomola|Alomomola, F|100/100
|turn|1
|
|t:|1757895882
|move|p1a: Dragapult|Will-O-Wisp|p2a: Alomomola
|-status|p2a: Alomomola|brn
|move|p2a: Alomomola|Flip Turn|p1a: Dragapult
|-resisted|p1a: Dragapult
|-damage|p1a: Dragapult|95/100
|
|t:|1757895896
|switch|p2a: Cinderace|Cinderace, F|100/100|[from] Flip Turn
|
|upkeep
|turn|2
|inactive|kournikovax has 120 seconds left.
|
|t:|1757895934
|switch|p1a: Great Tusk|Great Tusk|100/100
|move|p2a: Cinderace|U-turn|p1a: Great Tusk
|-resisted|p1a: Great Tusk
|-damage|p1a: Great Tusk|95/100
|-damage|p2a: Cinderace|84/100|[from] item: Rocky Helmet|[of] p1a: Great Tusk
|
|t:|1757895945
|switch|p2a: Alomomola|Alomomola, F|100/100 brn|[from] U-turn
|
|-damage|p2a: Alomomola|94/100 brn|[from] brn
|upkeep
|turn|3
|
|t:|1757895953
|-end|p1a: Great Tusk|Protosynthesis|[silent]
|switch|p1a: Hoopa|Hoopa-Unbound|100/100
|move|p2a: Alomomola|Scald|p1a: Hoopa
|-damage|p1a: Hoopa|94/100
|-status|p1a: Hoopa|brn
|
|-damage|p1a: Hoopa|88/100 brn|[from] brn
|-damage|p2a: Alomomola|88/100 brn|[from] brn
|upkeep
|turn|4
|
|t:|1757895960
|move|p1a: Hoopa|Knock Off|p2a: Alomomola
|-damage|p2a: Alomomola|70/100 brn
|-enditem|p2a: Alomomola|Assault Vest|[from] move: Knock Off|[of] p1a: Hoopa
|move|p2a: Alomomola|Mirror Coat||[still]
|-fail|p2a: Alomomola
|
|-damage|p1a: Hoopa|82/100 brn|[from] brn
|-damage|p2a: Alomomola|64/100 brn|[from] brn
|upkeep
|turn|5
|
|t:|1757895968
|move|p1a: Hoopa|Thunderbolt|p2a: Alomomola
|-supereffective|p2a: Alomomola
|-damage|p2a: Alomomola|11/100 brn
|move|p2a: Alomomola|Flip Turn|p1a: Hoopa
|-damage|p1a: Hoopa|69/100 brn
|
|t:|1757895981
|switch|p2a: Rillaboom|Rillaboom, M, shiny|100/100|[from] Flip Turn
|-fieldstart|move: Grassy Terrain|[from] ability: Grassy Surge|[of] p2a: Rillaboom
|
|-heal|p1a: Hoopa|75/100 brn|[from] Grassy Terrain
|-damage|p1a: Hoopa|69/100 brn|[from] brn
|upkeep
|turn|6
|
|t:|1757895991
|move|p2a: Rillaboom|U-turn|p1a: Hoopa
|-supereffective|p1a: Hoopa
|-damage|p1a: Hoopa|0 fnt
|faint|p1a: Hoopa
|
|t:|1757895996
|switch|p2a: Alomomola|Alomomola, F|44/100 brn|[from] U-turn
|
|-heal|p2a: Alomomola|50/100 brn|[from] Grassy Terrain
|-damage|p2a: Alomomola|44/100 brn|[from] brn
|upkeep
|
|t:|1757896000
|switch|p1a: Dragapult|Dragapult, F|95/100
|turn|7
|
|t:|1757896006
|move|p1a: Dragapult|Hex|p2a: Alomomola
|-damage|p2a: Alomomola|0 fnt
|faint|p2a: Alomomola
|
|-heal|p1a: Dragapult|100/100|[from] Grassy Terrain
|upkeep
|
|t:|1757896011
|switch|p2a: Hydreigon|Hydreigon, M|100/100
|turn|8
|
|t:|1757896022
|switch|p1a: Garganacl|Garganacl, F|100/100
|-terastallize|p2a: Hydreigon|Ghost
|move|p2a: Hydreigon|Dark Pulse|p1a: Garganacl
|-damage|p1a: Garganacl|57/100
|
|-heal|p1a: Garganacl|63/100|[from] Grassy Terrain
|-heal|p1a: Garganacl|69/100|[from] item: Leftovers
|upkeep
|turn|9
|
|t:|1757896034
|move|p2a: Hydreigon|Dark Pulse|p1a: Garganacl
|-damage|p1a: Garganacl|30/100
|cant|p1a: Garganacl|flinch
|
|-heal|p1a: Garganacl|36/100|[from] Grassy Terrain
|-heal|p1a: Garganacl|42/100|[from] item: Leftovers
|-fieldend|move: Grassy Terrain
|upkeep
|turn|10
|
|t:|1757896039
|move|p2a: Hydreigon|Dark Pulse|p1a: Garganacl
|-damage|p1a: Garganacl|1/100
|move|p1a: Garganacl|Recover|p1a: Garganacl
|-heal|p1a: Garganacl|51/100
|
|-heal|p1a: Garganacl|57/100|[from] item: Leftovers
|upkeep
|turn|11
|
|t:|1757896042
|move|p2a: Hydreigon|Dark Pulse|p1a: Garganacl
|-damage|p1a: Garganacl|19/100
|move|p1a: Garganacl|Recover|p1a: Garganacl
|-heal|p1a: Garganacl|69/100
|
|-heal|p1a: Garganacl|75/100|[from] item: Leftovers
|upkeep
|turn|12
|
|t:|1757896046
|move|p2a: Hydreigon|Dark Pulse|p1a: Garganacl
|-damage|p1a: Garganacl|36/100
|move|p1a: Garganacl|Salt Cure|p2a: Hydreigon
|-damage|p2a: Hydreigon|84/100
|-start|p2a: Hydreigon|Salt Cure
|
|-heal|p1a: Garganacl|42/100|[from] item: Leftovers
|-damage|p2a: Hydreigon|72/100|[from] Salt Cure
|upkeep
|turn|13
|
|t:|1757896067
|move|p2a: Hydreigon|Dark Pulse|p1a: Garganacl
|-damage|p1a: Garganacl|0 fnt
|faint|p1a: Garganacl
|
|-damage|p2a: Hydreigon|59/100|[from] Salt Cure
|upkeep
|inactive|kournikovax has 120 seconds left.
|
|t:|1757896090
|switch|p1a: Dragapult|Dragapult, F|100/100
|turn|14
|
|t:|1757896097
|move|p1a: Dragapult|Hex|p2a: Hydreigon
|-supereffective|p2a: Hydreigon
|-damage|p2a: Hydreigon|0 fnt
|faint|p2a: Hydreigon
|
|upkeep
|
|t:|1757896106
|switch|p2a: Rillaboom|Rillaboom, M, shiny|100/100
|-fieldstart|move: Grassy Terrain|[from] ability: Grassy Surge|[of] p2a: Rillaboom
|turn|15
|
|t:|1757896110
|move|p1a: Dragapult|U-turn|p2a: Rillaboom
|-supereffective|p2a: Rillaboom
|-damage|p2a: Rillaboom|65/100
|
|t:|1757896112
|switch|p1a: Great Tusk|Great Tusk|95/100|[from] U-turn
|move|p2a: Rillaboom|Knock Off|p1a: Great Tusk
|-resisted|p1a: Great Tusk
|-damage|p1a: Great Tusk|77/100
|-damage|p2a: Rillaboom|48/100|[from] item: Rocky Helmet|[of] p1a: Great Tusk
|-enditem|p1a: Great Tusk|Rocky Helmet|[from] move: Knock Off|[of] p2a: Rillaboom
|
|-heal|p1a: Great Tusk|83/100|[from] Grassy Terrain
|-heal|p2a: Rillaboom|54/100|[from] Grassy Terrain
|upkeep
|turn|16
|
|t:|1757896119
|switch|p2a: Great Tusk|Great Tusk|100/100
|move|p1a: Great Tusk|Ice Spinner|p2a: Great Tusk
|-supereffective|p2a: Great Tusk
|-damage|p2a: Great Tusk|70/100
|-fieldend|move: Grassy Terrain
|
|-heal|p2a: Great Tusk|76/100|[from] item: Leftovers
|upkeep
|turn|17
|
|t:|1757896126
|-end|p1a: Great Tusk|Protosynthesis|[silent]
|switch|p1a: Dragapult|Dragapult, F|100/100
|move|p2a: Great Tusk|Bulk Up|p2a: Great Tusk
|-boost|p2a: Great Tusk|atk|1
|-boost|p2a: Great Tusk|def|1
|
|-heal|p2a: Great Tusk|83/100|[from] item: Leftovers
|upkeep
|turn|18
|
|t:|1757896132
|-end|p2a: Great Tusk|Protosynthesis|[silent]
|switch|p2a: Cinderace|Cinderace, F|84/100
|move|p1a: Dragapult|Will-O-Wisp|p2a: Cinderace|[miss]
|-miss|p1a: Dragapult|p2a: Cinderace
|
|upkeep
|turn|19
|j| BearFirst1
|
|t:|1757896135
|move|p1a: Dragapult|U-turn|p2a: Cinderace
|-resisted|p2a: Cinderace
|-crit|p2a: Cinderace
|-damage|p2a: Cinderace|69/100
|
|t:|1757896137
|switch|p1a: Great Tusk|Great Tusk|83/100|[from] U-turn
|move|p2a: Cinderace|U-turn|p1a: Great Tusk
|-resisted|p1a: Great Tusk
|-damage|p1a: Great Tusk|77/100
|
|t:|1757896140
|switch|p2a: Jirachi|Jirachi|100/100|[from] U-turn
|
|upkeep
|turn|20
|
|t:|1757896146
|move|p2a: Jirachi|Psychic Noise|p1a: Great Tusk
|-supereffective|p1a: Great Tusk
|-damage|p1a: Great Tusk|0 fnt
|faint|p1a: Great Tusk
|-end|p1a: Great Tusk|Protosynthesis|[silent]
|
|upkeep
|
|t:|1757896157
|switch|p1a: Dragapult|Dragapult, F|100/100
|turn|21
|
|t:|1757896162
|move|p1a: Dragapult|Will-O-Wisp|p2a: Jirachi
|-status|p2a: Jirachi|brn
|move|p2a: Jirachi|Thunder Wave|p1a: Dragapult
|-status|p1a: Dragapult|par
|
|-damage|p2a: Jirachi|94/100 brn|[from] brn
|upkeep
|turn|22
|
|t:|1757896167
|move|p2a: Jirachi|Doom Desire|p1a: Dragapult
|-start|p2a: Jirachi|Doom Desire
|move|p1a: Dragapult|Hex|p2a: Jirachi
|-supereffective|p2a: Jirachi
|-damage|p2a: Jirachi|0 fnt
|faint|p2a: Jirachi
|
|upkeep
|
|t:|1757896173
|switch|p2a: Rillaboom|Rillaboom, M, shiny|54/100
|-fieldstart|move: Grassy Terrain|[from] ability: Grassy Surge|[of] p2a: Rillaboom
|turn|23
|
|t:|1757896178
|move|p2a: Rillaboom|Knock Off|p1a: Dragapult
|-supereffective|p1a: Dragapult
|-damage|p1a: Dragapult|0 fnt
|-enditem|p1a: Dragapult|Heavy-Duty Boots|[from] move: Knock Off|[of] p2a: Rillaboom
|faint|p1a: Dragapult
|
|-heal|p2a: Rillaboom|61/100|[from] Grassy Terrain
|upkeep
|
|t:|1757896182
|switch|p1a: Dragonite|Dragonite, M|100/100
|turn|24
|
|t:|1757896185
|-terastallize|p1a: Dragonite|Normal
|move|p1a: Dragonite|Extreme Speed|p2a: Rillaboom
|-damage|p2a: Rillaboom|0 fnt
|faint|p2a: Rillaboom
|
|-end|p1a: Dragonite|move: Doom Desire
|-damage|p1a: Dragonite|70/100
|-heal|p1a: Dragonite|76/100|[from] Grassy Terrain
|upkeep
|
|t:|1757896190
|switch|p2a: Great Tusk|Great Tusk|83/100
|turn|25
|
|t:|1757896205
|switch|p1a: Iron Crown|Iron Crown|100/100
|move|p2a: Great Tusk|Rapid Spin|p1a: Iron Crown
|-resisted|p1a: Iron Crown
|-damage|p1a: Iron Crown|94/100
|-boost|p2a: Great Tusk|spe|1
|
|-heal|p2a: Great Tusk|89/100|[from] Grassy Terrain
|-heal|p2a: Great Tusk|95/100|[from] item: Leftovers
|-heal|p1a: Iron Crown|99/100|[from] Grassy Terrain
|upkeep
|turn|26
|
|t:|1757896213
|move|p2a: Great Tusk|Headlong Rush|p1a: Iron Crown
|-supereffective|p1a: Iron Crown
|-damage|p1a: Iron Crown|0 fnt
|-unboost|p2a: Great Tusk|def|1
|-unboost|p2a: Great Tusk|spd|1
|faint|p1a: Iron Crown
|-end|p1a: Iron Crown|Quark Drive|[silent]
|
|-heal|p2a: Great Tusk|100/100|[from] Grassy Terrain
|upkeep
|
|t:|1757896215
|switch|p1a: Dragonite|Dragonite, M, tera:Normal|76/100
|turn|27
|
|t:|1757896219
|-end|p2a: Great Tusk|Protosynthesis|[silent]
|switch|p2a: Cinderace|Cinderace, F|69/100
|move|p1a: Dragonite|Extreme Speed|p2a: Cinderace
|-damage|p2a: Cinderace|0 fnt
|faint|p2a: Cinderace
|
|-heal|p1a: Dragonite|82/100|[from] Grassy Terrain
|-fieldend|move: Grassy Terrain
|upkeep
|
|t:|1757896221
|switch|p2a: Great Tusk|Great Tusk|100/100
|turn|28
|
|t:|1757896224
|move|p1a: Dragonite|Extreme Speed|p2a: Great Tusk
|-damage|p2a: Great Tusk|59/100
|move|p2a: Great Tusk|Bulk Up|p2a: Great Tusk
|-boost|p2a: Great Tusk|atk|1
|-boost|p2a: Great Tusk|def|1
|
|-heal|p2a: Great Tusk|65/100|[from] item: Leftovers
|upkeep
|turn|29
|
|t:|1757896231
|move|p1a: Dragonite|Extreme Speed|p2a: Great Tusk
|-damage|p2a: Great Tusk|33/100
|move|p2a: Great Tusk|Headlong Rush|p1a: Dragonite
|-damage|p1a: Dragonite|0 fnt
|-unboost|p2a: Great Tusk|def|1
|-unboost|p2a: Great Tusk|spd|1
|faint|p1a: Dragonite
|
|win|BeachLeak
|raw|kournikovax's rating: 1597 &rarr; <strong>1575</strong><br />(-22 for losing)
|raw|BeachLeak's rating: 1557 &rarr; <strong>1579</strong><br />(+22 for winning)
|l|☆BeachLeak
|player|p2|
|l|☆kournikovax
|player|p1|
|l| BearFirst1
