|j|☆mask104
|j|☆accmail
|t:|1757943125
|gametype|singles
|player|p1|mask104|hooligans|1192
|player|p2|accmail|swimmerf-gen4|1173
|gen|9
|tier|[Gen 9] OU
|rated|
|rule|HP Percentage Mod: HP is shown in percentages
|rule|Endless Battle Clause: Forcing endless battles is banned
|rule|Species Clause: Limit one of each Pokémon
|rule|OHKO Clause: OHKO moves are banned
|rule|Evasion Items Clause: Evasion items are banned
|rule|Evasion Moves Clause: Evasion moves are banned
|rule|Evasion Abilities Clause: Evasion abilities are banned
|rule|Sleep Moves Clause: Sleep-inducing moves are banned
|clearpoke
|poke|p1|Azelf|
|poke|p1|Gardevoir, M|
|poke|p1|Frosmoth, M|
|poke|p1|Cinccino, M|
|poke|p1|Ninetales, F|
|poke|p1|Tinkaton, F|
|poke|p2|Deoxys-Speed|
|poke|p2|Araquanid, M|
|poke|p2|Heatran, M|
|poke|p2|Gholdengo|
|poke|p2|Landorus-Therian, M|
|poke|p2|Raging Bolt|
|teampreview
|inactive|Battle timer is ON: inactive players will automatically lose when time's up. (requested by mask104)
|
|t:|1757943133
|teamsize|p1|6
|teamsize|p2|6
|start
|switch|p1a: i am atomic|Azelf|100/100
|switch|p2a: Araquanid|Araquanid, M|100/100
|turn|1
|
|t:|1757943143
|move|p1a: i am atomic|Taunt|p2a: Araquanid
|-start|p2a: Araquanid|move: Taunt
|cant|p2a: Araquanid|move: Taunt|Sticky Web
|
|upkeep
|turn|2
|
|t:|1757943147
|move|p1a: i am atomic|Stealth Rock|p2a: Araquanid
|-sidestart|p2: accmail|move: Stealth Rock
|move|p2a: Araquanid|Liquidation|p1a: i am atomic
|-damage|p1a: i am atomic|30/100
|
|upkeep
|turn|3
|
|t:|1757943155
|move|p1a: i am atomic|Explosion|p2a: Araquanid
|-enditem|p1a: i am atomic|Normal Gem|[from] gem
|-damage|p2a: Araquanid|6/100
|faint|p1a: i am atomic
|move|p2a: Araquanid|Liquidation|p1: i am atomic|[notarget]
|-fail|p2a: Araquanid
|
|-end|p2a: Araquanid|move: Taunt
|upkeep
|
|t:|1757943169
|switch|p1a: would|Gardevoir, M|100/100
|turn|4
|-enditem|p2a: Araquanid|Custap Berry|[eat]
|-activate|p2a: Araquanid|item: Custap Berry|[consumed]
|
|t:|1757943173
|move|p2a: Araquanid|Endeavor|p1a: would
|-damage|p1a: would|6/100
|move|p1a: would|Moonblast|p2a: Araquanid
|-damage|p2a: Araquanid|0 fnt
|faint|p2a: Araquanid
|
|upkeep
|
|t:|1757943183
|switch|p2a: Deoxys|Deoxys-Speed, shiny|100/100
|-ability|p2a: Deoxys|Pressure
|turn|5
|
|t:|1757943192
|move|p2a: Deoxys|Ice Beam|p1a: would
|-damage|p1a: would|0 fnt
|faint|p1a: would
|
|upkeep
|
|t:|1757943204
|switch|p1a: salute the sun|Ninetales, F|100/100
|turn|6
|
|t:|1757943228
|-terastallize|p2a: Deoxys|Fighting
|move|p2a: Deoxys|Superpower|p1a: salute the sun
|-damage|p1a: salute the sun|37/100
|-unboost|p2a: Deoxys|atk|1
|-unboost|p2a: Deoxys|def|1
|move|p1a: salute the sun|Memento|p2a: Deoxys
|-unboost|p2a: Deoxys|atk|2
|-unboost|p2a: Deoxys|spa|2
|faint|p1a: salute the sun
|
|upkeep
|
|t:|1757943237
|switch|p1a: oberon|Frosmoth, M|100/100
|turn|7
|
|t:|1757943260
|move|p2a: Deoxys|Superpower|p1a: oberon
|-damage|p1a: oberon|63/100
|-unboost|p2a: Deoxys|atk|1
|-unboost|p2a: Deoxys|def|1
|move|p1a: oberon|Quiver Dance|p1a: oberon
|-boost|p1a: oberon|spa|1
|-boost|p1a: oberon|spd|1
|-boost|p1a: oberon|spe|1
|
|-heal|p1a: oberon|69/100|[from] item: Leftovers
|upkeep
|turn|8
|
|t:|1757943271
|move|p2a: Deoxys|Psycho Boost|p1a: oberon
|-damage|p1a: oberon|57/100
|-unboost|p2a: Deoxys|spa|2
|move|p1a: oberon|Quiver Dance|p1a: oberon
|-boost|p1a: oberon|spa|1
|-boost|p1a: oberon|spd|1
|-boost|p1a: oberon|spe|1
|
|-heal|p1a: oberon|63/100|[from] item: Leftovers
|upkeep
|turn|9
|
|t:|1757943281
|move|p1a: oberon|Quiver Dance|p1a: oberon
|-boost|p1a: oberon|spa|1
|-boost|p1a: oberon|spd|1
|-boost|p1a: oberon|spe|1
|move|p2a: Deoxys|Psycho Boost|p1a: oberon
|-damage|p1a: oberon|57/100
|-unboost|p2a: Deoxys|spa|2
|
|-heal|p1a: oberon|63/100|[from] item: Leftovers
|upkeep
|turn|10
|
|t:|1757943292
|move|p1a: oberon|Quiver Dance|p1a: oberon
|-boost|p1a: oberon|spa|1
|-boost|p1a: oberon|spd|1
|-boost|p1a: oberon|spe|1
|move|p2a: Deoxys|Grass Knot|p1a: oberon
|-resisted|p1a: oberon
|-damage|p1a: oberon|63/100
|
|-heal|p1a: oberon|69/100|[from] item: Leftovers
|upkeep
|turn|11
|
|t:|1757943302
|switch|p2a: Heatran|Heatran, M|100/100
|-damage|p2a: Heatran|88/100|[from] Stealth Rock
|move|p1a: oberon|Quiver Dance|p1a: oberon
|-boost|p1a: oberon|spa|1
|-boost|p1a: oberon|spd|1
|-boost|p1a: oberon|spe|1
|
|-heal|p1a: oberon|75/100|[from] item: Leftovers
|-heal|p2a: Heatran|94/100|[from] item: Leftovers
|upkeep
|turn|12
|
|t:|1757943311
|-terastallize|p1a: oberon|Ground
|move|p1a: oberon|Tera Blast|p2a: Heatran|[anim] Tera Blast Ground
|-supereffective|p2a: Heatran
|-damage|p2a: Heatran|0 fnt
|faint|p2a: Heatran
|
|-heal|p1a: oberon|81/100|[from] item: Leftovers
|upkeep
|
|t:|1757943320
|switch|p2a: Deoxys|Deoxys-Speed, shiny, tera:Fighting|100/100
|-ability|p2a: Deoxys|Pressure
|turn|13
|
|t:|1757943325
|move|p1a: oberon|Ice Beam|p2a: Deoxys
|-damage|p2a: Deoxys|0 fnt
|faint|p2a: Deoxys
|
|-heal|p1a: oberon|87/100|[from] item: Leftovers
|upkeep
|
|t:|1757943334
|switch|p2a: Gholdengo|Gholdengo, shiny|100/100
|-damage|p2a: Gholdengo|94/100|[from] Stealth Rock
|-item|p2a: Gholdengo|Air Balloon
|turn|14
|
|t:|1757943341
|move|p1a: oberon|Ice Beam|p2a: Gholdengo
|-resisted|p2a: Gholdengo
|-damage|p2a: Gholdengo|6/100
|-enditem|p2a: Gholdengo|Air Balloon
|move|p2a: Gholdengo|Shadow Ball|p1a: oberon
|-damage|p1a: oberon|79/100
|
|-heal|p1a: oberon|85/100|[from] item: Leftovers
|upkeep
|turn|15
|-message|accmail forfeited.
|
|win|mask104
|raw|mask104's rating: 1192 &rarr; <strong>1216</strong><br />(+24 for winning)
|raw|accmail's rating: 1173 &rarr; <strong>1149</strong><br />(-24 for losing)
|l|☆accmail
|player|p2|
|c|☆mask104|gg
