|j|☆YaBoiDon
|j|☆Defnotacat
|t:|1757830034
|gametype|singles
|player|p1|YaBoiDon|2|1404
|player|p2|Defnotacat|clair|1355
|gen|9
|tier|[Gen 9] OU
|rated|
|rule|HP Percentage Mod: HP is shown in percentages
|rule|Endless Battle Clause: Forcing endless battles is banned
|rule|Species Clause: Limit one of each Pokémon
|rule|OHKO Clause: OHKO moves are banned
|rule|Evasion Items Clause: Evasion items are banned
|rule|Evasion Moves Clause: Evasion moves are banned
|rule|Evasion Abilities Clause: Evasion abilities are banned
|rule|Sleep Moves Clause: Sleep-inducing moves are banned
|clearpoke
|poke|p1|Chesnaught, M|
|poke|p1|Goodra, M|
|poke|p1|Greninja-*, M|
|poke|p1|Avalugg, M|
|poke|p1|Malamar, M|
|poke|p1|Clawitzer, M|
|poke|p2|Samurott-Hisui, F|
|poke|p2|Moltres|
|poke|p2|Raging Bolt|
|poke|p2|Primarina, F|
|poke|p2|Great Tusk|
|poke|p2|Scizor, F|
|teampreview
|inactive|Battle timer is ON: inactive players will automatically lose when time's up. (requested by Defnotacat)
|
|t:|1757830047
|teamsize|p1|6
|teamsize|p2|6
|start
|switch|p1a: Chesnaught|Chesnaught, M, shiny|100/100
|switch|p2a: Samurott|Samurott-Hisui, F, shiny|100/100
|turn|1
|
|t:|1757830054
|move|p2a: Samurott|Ceaseless Edge|p1a: Chesnaught
|-resisted|p1a: Chesnaught
|-damage|p1a: Chesnaught|88/100
|-sidestart|p1: YaBoiDon|Spikes
|move|p1a: Chesnaught|Leech Seed|p2a: Samurott
|-start|p2a: Samurott|move: Leech Seed
|
|-heal|p1a: Chesnaught|94/100|[from] item: Leftovers
|-damage|p2a: Samurott|88/100|[from] Leech Seed|[of] p1a: Chesnaught
|-heal|p1a: Chesnaught|100/100|[silent]
|upkeep
|turn|2
|
|t:|1757830062
|move|p2a: Samurott|Knock Off|p1a: Chesnaught
|-resisted|p1a: Chesnaught
|-damage|p1a: Chesnaught|87/100
|-enditem|p1a: Chesnaught|Leftovers|[from] move: Knock Off|[of] p2a: Samurott
|move|p1a: Chesnaught|Drain Punch|p2a: Samurott
|-supereffective|p2a: Samurott
|-damage|p2a: Samurott|16/100
|-heal|p1a: Chesnaught|100/100|[from] drain|[of] p2a: Samurott
|
|-damage|p2a: Samurott|4/100|[from] Leech Seed|[of] p1a: Chesnaught
|upkeep
|turn|3
|
|t:|1757830071
|move|p1a: Chesnaught|Spiky Shield|p1a: Chesnaught
|-singleturn|p1a: Chesnaught|move: Protect
|move|p2a: Samurott|Flip Turn|p1a: Chesnaught
|-activate|p1a: Chesnaught|move: Protect
|-damage|p2a: Samurott|0 fnt|[from] Spiky Shield|[of] p1a: Chesnaught
|faint|p2a: Samurott
|
|upkeep
|
|t:|1757830076
|switch|p2a: Primarina|Primarina, F, shiny|100/100
|turn|4
|
|t:|1757830102
|move|p2a: Primarina|Psychic Noise|p1a: Chesnaught
|-supereffective|p1a: Chesnaught
|-damage|p1a: Chesnaught|41/100
|-start|p1a: Chesnaught|move: Heal Block
|move|p1a: Chesnaught|Leech Seed|p2a: Primarina
|-start|p2a: Primarina|move: Leech Seed
|
|-damage|p2a: Primarina|88/100|[from] Leech Seed|[of] p1a: Chesnaught
|upkeep
|turn|5
|
|t:|1757830111
|switch|p1a: Goodra|Goodra, M|100/100
|-damage|p1a: Goodra|88/100|[from] Spikes
|move|p2a: Primarina|Moonblast|p1a: Goodra
|-supereffective|p1a: Goodra
|-damage|p1a: Goodra|45/100
|-unboost|p1a: Goodra|spa|1
|
|-damage|p2a: Primarina|76/100|[from] Leech Seed|[of] p1a: Goodra
|-heal|p1a: Goodra|56/100|[silent]
|upkeep
|turn|6
|
|t:|1757830118
|move|p2a: Primarina|Flip Turn|p1a: Goodra
|-resisted|p1a: Goodra
|-damage|p1a: Goodra|47/100
|
|t:|1757830125
|switch|p2a: Moltres|Moltres|100/100|[from] Flip Turn
|move|p1a: Goodra|Sludge Wave|p2a: Moltres
|-damage|p2a: Moltres|80/100
|
|upkeep
|turn|7
|
|t:|1757830133
|move|p2a: Moltres|U-turn|p1a: Goodra
|-damage|p1a: Goodra|31/100
|
|t:|1757830136
|switch|p2a: Primarina|Primarina, F, shiny|76/100|[from] U-turn
|move|p1a: Goodra|Surf|p2a: Primarina
|-resisted|p2a: Primarina
|-damage|p2a: Primarina|69/100
|
|upkeep
|turn|8
|
|t:|1757830143
|move|p2a: Primarina|Moonblast|p1a: Goodra
|-supereffective|p1a: Goodra
|-damage|p1a: Goodra|0 fnt
|faint|p1a: Goodra
|
|upkeep
|
|t:|1757830156
|switch|p1a: Avalugg|Avalugg, M|100/100
|turn|9
|
|t:|1757830165
|move|p2a: Primarina|Moonblast|p1a: Avalugg
|-damage|p1a: Avalugg|15/100
|-unboost|p1a: Avalugg|spa|1
|move|p1a: Avalugg|Mirror Coat|p2a: Primarina
|-damage|p2a: Primarina|0 fnt
|faint|p2a: Primarina
|
|upkeep
|
|t:|1757830173
|switch|p2a: Scizor|Scizor, F|100/100
|turn|10
|
|t:|1757830179
|move|p2a: Scizor|Bullet Punch|p1a: Avalugg
|-supereffective|p1a: Avalugg
|-damage|p1a: Avalugg|0 fnt
|faint|p1a: Avalugg
|
|upkeep
|
|t:|1757830183
|switch|p1a: Chesnaught|Chesnaught, M, shiny|41/100
|-damage|p1a: Chesnaught|29/100|[from] Spikes
|turn|11
|
|t:|1757830198
|switch|p2a: Moltres|Moltres|80/100
|move|p1a: Chesnaught|Leech Seed|p2a: Moltres
|-start|p2a: Moltres|move: Leech Seed
|
|-damage|p2a: Moltres|68/100|[from] Leech Seed|[of] p1a: Chesnaught
|-heal|p1a: Chesnaught|41/100|[silent]
|upkeep
|turn|12
|
|t:|1757830204
|switch|p2a: Great Tusk|Great Tusk|100/100
|move|p1a: Chesnaught|Spiky Shield||[still]
|-fail|p1a: Chesnaught
|
|upkeep
|turn|13
|
|t:|1757830217
|move|p1a: Chesnaught|Spiky Shield|p1a: Chesnaught
|-singleturn|p1a: Chesnaught|move: Protect
|move|p2a: Great Tusk|Stealth Rock|p1a: Chesnaught
|-sidestart|p1: YaBoiDon|move: Stealth Rock
|
|upkeep
|turn|14
|
|t:|1757830223
|move|p2a: Great Tusk|Ice Spinner|p1a: Chesnaught
|-supereffective|p1a: Chesnaught
|-damage|p1a: Chesnaught|7/100
|move|p1a: Chesnaught|Leech Seed|p2a: Great Tusk
|-start|p2a: Great Tusk|move: Leech Seed
|
|-damage|p2a: Great Tusk|88/100|[from] Leech Seed|[of] p1a: Chesnaught
|-heal|p1a: Chesnaught|19/100|[silent]
|upkeep
|turn|15
|
|t:|1757830229
|move|p1a: Chesnaught|Spiky Shield|p1a: Chesnaught
|-singleturn|p1a: Chesnaught|move: Protect
|move|p2a: Great Tusk|Ice Spinner|p1a: Chesnaught
|-activate|p1a: Chesnaught|move: Protect
|-damage|p2a: Great Tusk|76/100|[from] Spiky Shield|[of] p1a: Chesnaught
|
|-damage|p2a: Great Tusk|63/100|[from] Leech Seed|[of] p1a: Chesnaught
|-heal|p1a: Chesnaught|31/100|[silent]
|upkeep
|turn|16
|
|t:|1757830256
|move|p2a: Great Tusk|Ice Spinner|p1a: Chesnaught
|-supereffective|p1a: Chesnaught
|-damage|p1a: Chesnaught|0 fnt
|faint|p1a: Chesnaught
|
|upkeep
|inactive|YaBoiDon has 120 seconds left.
|
|t:|1757830276
|switch|p1a: Clawitzer|Clawitzer, M|100/100
|-damage|p1a: Clawitzer|88/100|[from] Spikes
|-damage|p1a: Clawitzer|76/100|[from] Stealth Rock
|turn|17
|
|t:|1757830283
|-end|p2a: Great Tusk|Protosynthesis|[silent]
|switch|p2a: Raging Bolt|Raging Bolt|100/100
|-enditem|p2a: Raging Bolt|Booster Energy
|-activate|p2a: Raging Bolt|ability: Protosynthesis|[fromitem]
|-start|p2a: Raging Bolt|protosynthesisspa
|move|p1a: Clawitzer|Water Pulse|p2a: Raging Bolt
|-resisted|p2a: Raging Bolt
|-damage|p2a: Raging Bolt|80/100
|
|upkeep
|turn|18
|
|t:|1757830294
|move|p2a: Raging Bolt|Thunderbolt|p1a: Clawitzer
|-supereffective|p1a: Clawitzer
|-damage|p1a: Clawitzer|0 fnt
|faint|p1a: Clawitzer
|
|upkeep
|
|t:|1757830298
|switch|p1a: Malamar|Malamar, M|100/100
|-damage|p1a: Malamar|88/100|[from] Spikes
|-damage|p1a: Malamar|75/100|[from] Stealth Rock
|turn|19
|
|t:|1757830301
|move|p2a: Raging Bolt|Thunderclap|p1a: Malamar
|-damage|p1a: Malamar|34/100
|move|p1a: Malamar|Superpower|p2a: Raging Bolt
|-crit|p2a: Raging Bolt
|-damage|p2a: Raging Bolt|50/100
|-boost|p1a: Malamar|atk|1
|-boost|p1a: Malamar|def|1
|
|upkeep
|turn|20
|
|t:|1757830305
|move|p2a: Raging Bolt|Thunderclap||[still]
|-fail|p2a: Raging Bolt
|move|p1a: Malamar|Rest|p1a: Malamar
|-status|p1a: Malamar|slp|[from] move: Rest
|-heal|p1a: Malamar|100/100 slp|[silent]
|-enditem|p1a: Malamar|Chesto Berry|[eat]
|-curestatus|p1a: Malamar|slp|[msg]
|
|upkeep
|turn|21
|
|t:|1757830321
|-terastallize|p2a: Raging Bolt|Fairy
|move|p2a: Raging Bolt|Thunderbolt|p1a: Malamar
|-damage|p1a: Malamar|42/100
|move|p1a: Malamar|Superpower|p2a: Raging Bolt
|-resisted|p2a: Raging Bolt
|-damage|p2a: Raging Bolt|34/100
|-boost|p1a: Malamar|atk|1
|-boost|p1a: Malamar|def|1
|
|upkeep
|turn|22
|
|t:|1757830328
|move|p2a: Raging Bolt|Thunderbolt|p1a: Malamar
|-damage|p1a: Malamar|0 fnt
|faint|p1a: Malamar
|
|upkeep
|
|t:|1757830331
|switch|p1a: Greninja|Greninja, M|100/100
|-damage|p1a: Greninja|88/100|[from] Spikes
|-damage|p1a: Greninja|76/100|[from] Stealth Rock
|turn|23
|
|t:|1757830337
|move|p1a: Greninja|Water Shuriken|p2a: Raging Bolt
|-damage|p2a: Raging Bolt|25/100
|-damage|p2a: Raging Bolt|18/100
|-damage|p2a: Raging Bolt|10/100
|-hitcount|p2a: Raging Bolt|3
|-damage|p1a: Greninja|66/100|[from] item: Life Orb
|move|p2a: Raging Bolt|Thunderclap||[still]
|-fail|p2a: Raging Bolt
|
|upkeep
|turn|24
|
|t:|1757830346
|move|p1a: Greninja|Water Shuriken|p2a: Raging Bolt
|-damage|p2a: Raging Bolt|1/100
|-damage|p2a: Raging Bolt|0 fnt
|faint|p2a: Raging Bolt
|-end|p2a: Raging Bolt|Protosynthesis|[silent]
|-ability|p1a: Greninja|Battle Bond|boost
|-boost|p1a: Greninja|atk|1
|-boost|p1a: Greninja|spa|1
|-boost|p1a: Greninja|spe|1
|-activate|p1a: Greninja|ability: Battle Bond
|-hitcount|p2: Raging Bolt|2
|-damage|p1a: Greninja|56/100|[from] item: Life Orb
|
|upkeep
|
|t:|1757830350
|switch|p2a: Scizor|Scizor, F|100/100
|turn|25
|
|t:|1757830354
|move|p2a: Scizor|Bullet Punch|p1a: Greninja
|-resisted|p1a: Greninja
|-damage|p1a: Greninja|12/100
|move|p1a: Greninja|Surf|p2a: Scizor
|-damage|p2a: Scizor|5/100
|-damage|p1a: Greninja|2/100|[from] item: Life Orb
|
|upkeep
|turn|26
|
|t:|1757830356
|move|p1a: Greninja|Water Shuriken|p2a: Scizor
|-damage|p2a: Scizor|0 fnt
|faint|p2a: Scizor
|-hitcount|p2: Scizor|1
|-damage|p1a: Greninja|0 fnt|[from] item: Life Orb
|faint|p1a: Greninja
|
|win|Defnotacat
|raw|YaBoiDon's rating: 1404 &rarr; <strong>1381</strong><br />(-23 for losing)
|raw|Defnotacat's rating: 1355 &rarr; <strong>1378</strong><br />(+23 for winning)
|l|☆Defnotacat
|player|p2|
|l|☆YaBoiDon
|player|p1|
