|j|☆shoebat
|j|☆Argiovanni
|t:|1757863558
|gametype|singles
|player|p1|shoebat|sage|1478
|player|p2|Argiovanni|1|1423
|gen|9
|tier|[Gen 9] OU
|rated|
|rule|HP Percentage Mod: HP is shown in percentages
|rule|Endless Battle Clause: Forcing endless battles is banned
|rule|Species Clause: Limit one of each Pokémon
|rule|OHKO Clause: OHKO moves are banned
|rule|Evasion Items Clause: Evasion items are banned
|rule|Evasion Moves Clause: Evasion moves are banned
|rule|Evasion Abilities Clause: Evasion abilities are banned
|rule|Sleep Moves Clause: Sleep-inducing moves are banned
|clearpoke
|poke|p1|Skarmory, M|
|poke|p1|Ting-Lu|
|poke|p1|Zamazenta-*|
|poke|p1|Pecharunt|
|poke|p1|Clefable, F|
|poke|p1|Walking Wake|
|poke|p2|Comfey, F|
|poke|p2|Whimsicott, F|
|poke|p2|Iron Moth|
|poke|p2|Walking Wake|
|poke|p2|Great Tusk|
|poke|p2|Ninetales, M|
|teampreview
|inactive|Battle timer is ON: inactive players will automatically lose when time's up. (requested by shoebat)
|inactive|Argiovanni has 120 seconds left.
|
|t:|1757863592
|teamsize|p1|6
|teamsize|p2|6
|start
|switch|p1a: Clefable|Clefable, F|100/100
|switch|p2a: Ninetales|Ninetales, M|100/100
|-weather|SunnyDay|[from] ability: Drought|[of] p2a: Ninetales
|turn|1
|
|t:|1757863609
|switch|p2a: Comfey|Comfey, F|100/100
|move|p1a: Clefable|Knock Off|p2a: Comfey
|-resisted|p2a: Comfey
|-damage|p2a: Comfey|92/100
|-enditem|p2a: Comfey|Life Orb|[from] move: Knock Off|[of] p1a: Clefable
|
|-weather|SunnyDay|[upkeep]
|upkeep
|turn|2
|
|t:|1757863616
|move|p2a: Comfey|Growth|p2a: Comfey
|-boost|p2a: Comfey|atk|2
|-boost|p2a: Comfey|spa|2
|move|p1a: Clefable|Calm Mind|p1a: Clefable
|-boost|p1a: Clefable|spa|1
|-boost|p1a: Clefable|spd|1
|
|-weather|SunnyDay|[upkeep]
|upkeep
|turn|3
|
|t:|1757863621
|move|p2a: Comfey|Growth|p2a: Comfey
|-boost|p2a: Comfey|atk|2
|-boost|p2a: Comfey|spa|2
|move|p1a: Clefable|Moonblast|p2a: Comfey
|-damage|p2a: Comfey|40/100
|
|-weather|SunnyDay|[upkeep]
|upkeep
|turn|4
|
|t:|1757863625
|move|p2a: Comfey|Draining Kiss|p1a: Clefable
|-damage|p1a: Clefable|61/100
|-heal|p2a: Comfey|79/100|[from] drain|[of] p1a: Clefable
|move|p1a: Clefable|Moonblast|p2a: Comfey
|-damage|p2a: Comfey|36/100
|
|-weather|SunnyDay|[upkeep]
|-heal|p1a: Clefable|67/100|[from] item: Leftovers
|upkeep
|turn|5
|
|t:|1757863637
|move|p2a: Comfey|Draining Kiss|p1a: Clefable
|-damage|p1a: Clefable|24/100
|-heal|p2a: Comfey|77/100|[from] drain|[of] p1a: Clefable
|move|p1a: Clefable|Moonblast|p2a: Comfey
|-damage|p2a: Comfey|27/100
|
|-weather|SunnyDay|[upkeep]
|-heal|p1a: Clefable|30/100|[from] item: Leftovers
|upkeep
|turn|6
|
|t:|1757863646
|switch|p1a: Skarmory|Skarmory, M|100/100
|move|p2a: Comfey|Draining Kiss|p1a: Skarmory
|-resisted|p1a: Skarmory
|-crit|p1a: Skarmory
|-damage|p1a: Skarmory|33/100
|-heal|p2a: Comfey|82/100|[from] drain|[of] p1a: Skarmory
|-damage|p2a: Comfey|65/100|[from] item: Rocky Helmet|[of] p1a: Skarmory
|
|-weather|SunnyDay|[upkeep]
|upkeep
|turn|7
|
|t:|1757863656
|move|p2a: Comfey|Draining Kiss|p1a: Skarmory
|-resisted|p1a: Skarmory
|-damage|p1a: Skarmory|0 fnt
|-heal|p2a: Comfey|92/100|[from] drain|[of] p1a: Skarmory
|-damage|p2a: Comfey|76/100|[from] item: Rocky Helmet|[of] p1a: Skarmory
|faint|p1a: Skarmory
|
|-weather|SunnyDay|[upkeep]
|upkeep
|
|t:|1757863665
|switch|p1a: Pecharunt|Pecharunt|100/100
|turn|8
|
|t:|1757863681
|-terastallize|p2a: Comfey|Water
|-terastallize|p1a: Pecharunt|Dark
|move|p2a: Comfey|Stored Power|p1a: Pecharunt
|-immune|p1a: Pecharunt
|move|p1a: Pecharunt|Malignant Chain|p2a: Comfey
|-damage|p2a: Comfey|43/100
|-status|p2a: Comfey|tox
|-start|p2a: Comfey|confusion|[from] ability: Poison Puppeteer|[of] p1a: Pecharunt
|
|-weather|none
|-damage|p2a: Comfey|37/100 tox|[from] psn
|upkeep
|turn|9
|
|t:|1757863695
|-activate|p2a: Comfey|confusion
|-damage|p2a: Comfey|23/100 tox|[from] confusion
|move|p1a: Pecharunt|Foul Play|p2a: Comfey
|-damage|p2a: Comfey|0 fnt
|faint|p2a: Comfey
|
|upkeep
|
|t:|1757863705
|switch|p2a: Great Tusk|Great Tusk|100/100
|turn|10
|
|t:|1757863710
|move|p2a: Great Tusk|Stealth Rock|p1a: Pecharunt
|-sidestart|p1: shoebat|move: Stealth Rock
|move|p1a: Pecharunt|Malignant Chain|p2a: Great Tusk
|-resisted|p2a: Great Tusk
|-damage|p2a: Great Tusk|81/100
|
|upkeep
|turn|11
|
|t:|1757863721
|move|p2a: Great Tusk|Headlong Rush|p1a: Pecharunt
|-damage|p1a: Pecharunt|74/100
|-unboost|p2a: Great Tusk|def|1
|-unboost|p2a: Great Tusk|spd|1
|move|p1a: Pecharunt|Malignant Chain|p2a: Great Tusk
|-resisted|p2a: Great Tusk
|-damage|p2a: Great Tusk|52/100
|-status|p2a: Great Tusk|tox
|-start|p2a: Great Tusk|confusion|[from] ability: Poison Puppeteer|[of] p1a: Pecharunt
|
|-damage|p2a: Great Tusk|45/100 tox|[from] psn
|upkeep
|turn|12
|
|t:|1757863727
|-activate|p2a: Great Tusk|confusion
|-damage|p2a: Great Tusk|35/100 tox|[from] confusion
|move|p1a: Pecharunt|Recover|p1a: Pecharunt
|-heal|p1a: Pecharunt|100/100
|
|-damage|p2a: Great Tusk|23/100 tox|[from] psn
|upkeep
|turn|13
|
|t:|1757863733
|-activate|p2a: Great Tusk|confusion
|move|p2a: Great Tusk|Headlong Rush|p1a: Pecharunt
|-damage|p1a: Pecharunt|77/100
|-unboost|p2a: Great Tusk|def|1
|-unboost|p2a: Great Tusk|spd|1
|move|p1a: Pecharunt|Foul Play|p2a: Great Tusk
|-resisted|p2a: Great Tusk
|-damage|p2a: Great Tusk|0 fnt
|-damage|p1a: Pecharunt|61/100|[from] item: Rocky Helmet|[of] p2a: Great Tusk
|faint|p2a: Great Tusk
|-end|p2a: Great Tusk|Protosynthesis|[silent]
|
|upkeep
|
|t:|1757863748
|switch|p2a: Ninetales|Ninetales, M|100/100
|-weather|SunnyDay|[from] ability: Drought|[of] p2a: Ninetales
|turn|14
|
|t:|1757863754
|move|p2a: Ninetales|Encore|p1a: Pecharunt
|-start|p1a: Pecharunt|Encore
|move|p1a: Pecharunt|Foul Play|p2a: Ninetales
|-damage|p2a: Ninetales|79/100
|
|-weather|SunnyDay|[upkeep]
|upkeep
|turn|15
|
|t:|1757863761
|switch|p1a: Walking Wake|Walking Wake|100/100
|-activate|p1a: Walking Wake|ability: Protosynthesis
|-start|p1a: Walking Wake|protosynthesisspe
|move|p2a: Ninetales|Will-O-Wisp|p1a: Walking Wake
|-status|p1a: Walking Wake|brn
|
|-weather|SunnyDay|[upkeep]
|-damage|p1a: Walking Wake|94/100 brn|[from] brn
|upkeep
|turn|16
|
|t:|1757863773
|switch|p2a: Walking Wake|Walking Wake|100/100
|-activate|p2a: Walking Wake|ability: Protosynthesis
|-start|p2a: Walking Wake|protosynthesisspe
|move|p1a: Walking Wake|Flip Turn|p2a: Walking Wake
|-resisted|p2a: Walking Wake
|-damage|p2a: Walking Wake|99/100
|
|t:|1757863781
|-end|p1a: Walking Wake|Protosynthesis|[silent]
|switch|p1a: Clefable|Clefable, F|30/100|[from] Flip Turn
|
|-weather|SunnyDay|[upkeep]
|-heal|p1a: Clefable|36/100|[from] item: Leftovers
|upkeep
|turn|17
|
|t:|1757863788
|move|p2a: Walking Wake|Hydro Steam|p1a: Clefable
|-damage|p1a: Clefable|0 fnt
|faint|p1a: Clefable
|
|-weather|SunnyDay|[upkeep]
|upkeep
|
|t:|1757863791
|switch|p1a: Walking Wake|Walking Wake|94/100 brn
|-activate|p1a: Walking Wake|ability: Protosynthesis
|-start|p1a: Walking Wake|protosynthesisspe
|turn|18
|
|t:|1757863798
|move|p1a: Walking Wake|Flip Turn|p2a: Walking Wake
|-resisted|p2a: Walking Wake
|-damage|p2a: Walking Wake|99/100
|
|t:|1757863802
|-end|p1a: Walking Wake|Protosynthesis|[silent]
|switch|p1a: Ting-Lu|Ting-Lu|100/100|[from] Flip Turn
|-damage|p1a: Ting-Lu|94/100|[from] Stealth Rock
|-ability|p1a: Ting-Lu|Vessel of Ruin
|move|p2a: Walking Wake|Draco Meteor|p1a: Ting-Lu
|-damage|p1a: Ting-Lu|68/100
|-unboost|p2a: Walking Wake|spa|2
|
|-weather|SunnyDay|[upkeep]
|-heal|p1a: Ting-Lu|75/100|[from] item: Leftovers
|upkeep
|turn|19
|
|t:|1757863813
|move|p2a: Walking Wake|Flip Turn|p1a: Ting-Lu
|-supereffective|p1a: Ting-Lu
|-damage|p1a: Ting-Lu|66/100
|
|t:|1757863822
|-end|p2a: Walking Wake|Protosynthesis|[silent]
|switch|p2a: Iron Moth|Iron Moth|100/100|[from] Flip Turn
|-enditem|p2a: Iron Moth|Booster Energy
|-activate|p2a: Iron Moth|ability: Quark Drive|[fromitem]
|-start|p2a: Iron Moth|quarkdrivespa
|move|p1a: Ting-Lu|Whirlwind|p2a: Iron Moth
|-end|p2a: Iron Moth|Quark Drive|[silent]
|drag|p2a: Whimsicott|Whimsicott, F|100/100
|
|-weather|SunnyDay|[upkeep]
|-heal|p1a: Ting-Lu|72/100|[from] item: Leftovers
|upkeep
|turn|20
|
|t:|1757863829
|move|p2a: Whimsicott|Growth|p2a: Whimsicott
|-boost|p2a: Whimsicott|atk|2
|-boost|p2a: Whimsicott|spa|2
|move|p1a: Ting-Lu|Stealth Rock|p2a: Whimsicott
|-sidestart|p2: Argiovanni|move: Stealth Rock
|
|-weather|SunnyDay|[upkeep]
|-heal|p1a: Ting-Lu|79/100|[from] item: Leftovers
|upkeep
|turn|21
|
|t:|1757863838
|move|p2a: Whimsicott|Moonblast|p1a: Ting-Lu
|-supereffective|p1a: Ting-Lu
|-damage|p1a: Ting-Lu|0 fnt
|faint|p1a: Ting-Lu
|-damage|p2a: Whimsicott|91/100|[from] item: Life Orb
|
|-weather|none
|upkeep
|
|t:|1757863843
|switch|p1a: Zamazenta|Zamazenta|100/100
|-ability|p1a: Zamazenta|Dauntless Shield|boost
|-boost|p1a: Zamazenta|def|1
|turn|22
|
|t:|1757863851
|move|p1a: Zamazenta|Heavy Slam|p2a: Whimsicott
|-supereffective|p2a: Whimsicott
|-damage|p2a: Whimsicott|0 fnt
|faint|p2a: Whimsicott
|
|upkeep
|
|t:|1757863858
|switch|p2a: Ninetales|Ninetales, M|79/100
|-damage|p2a: Ninetales|54/100|[from] Stealth Rock
|-weather|SunnyDay|[from] ability: Drought|[of] p2a: Ninetales
|turn|23
|
|t:|1757863862
|move|p1a: Zamazenta|Stone Edge|p2a: Ninetales
|-supereffective|p2a: Ninetales
|-damage|p2a: Ninetales|0 fnt
|faint|p2a: Ninetales
|
|-weather|SunnyDay|[upkeep]
|upkeep
|
|t:|1757863868
|switch|p2a: Walking Wake|Walking Wake|99/100
|-damage|p2a: Walking Wake|87/100|[from] Stealth Rock
|-activate|p2a: Walking Wake|ability: Protosynthesis
|-start|p2a: Walking Wake|protosynthesisspe
|turn|24
|
|t:|1757863881
|move|p2a: Walking Wake|Hydro Steam|p1a: Zamazenta
|-damage|p1a: Zamazenta|53/100
|move|p1a: Zamazenta|Close Combat|p2a: Walking Wake
|-damage|p2a: Walking Wake|29/100
|-unboost|p1a: Zamazenta|def|1
|-unboost|p1a: Zamazenta|spd|1
|
|-weather|SunnyDay|[upkeep]
|upkeep
|turn|25
|
|t:|1757863890
|switch|p1a: Pecharunt|Pecharunt, tera:Dark|61/100
|move|p2a: Walking Wake|Hydro Steam|p1a: Pecharunt
|-damage|p1a: Pecharunt|6/100
|
|-weather|SunnyDay|[upkeep]
|upkeep
|turn|26
|
|t:|1757863897
|move|p2a: Walking Wake|Hydro Steam|p1a: Pecharunt
|-damage|p1a: Pecharunt|0 fnt
|faint|p1a: Pecharunt
|
|-weather|SunnyDay|[upkeep]
|upkeep
|
|t:|1757863901
|switch|p1a: Zamazenta|Zamazenta|53/100
|turn|27
|
|t:|1757863904
|move|p2a: Walking Wake|Hydro Steam|p1a: Zamazenta
|-damage|p1a: Zamazenta|4/100
|move|p1a: Zamazenta|Stone Edge|p2a: Walking Wake
|-damage|p2a: Walking Wake|0 fnt
|faint|p2a: Walking Wake
|-end|p2a: Walking Wake|Protosynthesis|[silent]
|
|-weather|SunnyDay|[upkeep]
|upkeep
|
|t:|1757863908
|switch|p2a: Iron Moth|Iron Moth|100/100
|-damage|p2a: Iron Moth|76/100|[from] Stealth Rock
|turn|28
|c|☆Argiovanni|gg
|
|t:|1757863915
|move|p1a: Zamazenta|Stone Edge|p2a: Iron Moth|[miss]
|-miss|p1a: Zamazenta|p2a: Iron Moth
|move|p2a: Iron Moth|Fiery Dance|p1a: Zamazenta
|-damage|p1a: Zamazenta|0 fnt
|-boost|p2a: Iron Moth|spa|1
|faint|p1a: Zamazenta
|
|-weather|SunnyDay|[upkeep]
|upkeep
|c|☆shoebat|gg
|
|t:|1757863923
|switch|p1a: Walking Wake|Walking Wake|94/100 brn
|-activate|p1a: Walking Wake|ability: Protosynthesis
|-start|p1a: Walking Wake|protosynthesisspe
|turn|29
|
|t:|1757863941
|move|p1a: Walking Wake|Surf|p2a: Iron Moth
|-supereffective|p2a: Iron Moth
|-damage|p2a: Iron Moth|24/100
|move|p2a: Iron Moth|Sludge Wave|p1a: Walking Wake
|-damage|p1a: Walking Wake|6/100 brn
|
|-weather|SunnyDay|[upkeep]
|-damage|p1a: Walking Wake|0 fnt|[from] brn
|faint|p1a: Walking Wake
|-end|p1a: Walking Wake|Protosynthesis|[silent]
|
|win|Argiovanni
|raw|shoebat's rating: 1478 &rarr; <strong>1455</strong><br />(-23 for losing)
|raw|Argiovanni's rating: 1423 &rarr; <strong>1446</strong><br />(+23 for winning)
|l|☆Argiovanni
|player|p2|
|c|☆shoebat|i guess draco would have been better
|l|☆shoebat
|player|p1|
