|j|☆Arucaneii
|j|☆findmyhair
|t:|1757817335
|gametype|singles
|player|p1|Arucaneii|lady-gen4|1175
|player|p2|findmyhair|acetrainercouple|1194
|gen|9
|tier|[Gen 9] OU
|rated|
|rule|HP Percentage Mod: HP is shown in percentages
|rule|Endless Battle Clause: Forcing endless battles is banned
|rule|Species Clause: Limit one of each Pokémon
|rule|OHKO Clause: OHKO moves are banned
|rule|Evasion Items Clause: Evasion items are banned
|rule|Evasion Moves Clause: Evasion moves are banned
|rule|Evasion Abilities Clause: Evasion abilities are banned
|rule|Sleep Moves Clause: Sleep-inducing moves are banned
|clearpoke
|poke|p1|Ceruledge, F|
|poke|p1|Meowscarada, M|
|poke|p1|Kyurem|
|poke|p1|Primarina, F|
|poke|p1|Incineroar, M|
|poke|p1|Dragapult, M|
|poke|p2|Cresselia, F|
|poke|p2|Slowking-Galar, M|
|poke|p2|Iron Hands|
|poke|p2|Ursaluna, M|
|poke|p2|Crawdaunt, M|
|poke|p2|Klefki, F|
|teampreview
|inactive|Battle timer is ON: inactive players will automatically lose when time's up. (requested by findmyhair)
|
|t:|1757817363
|teamsize|p1|6
|teamsize|p2|6
|start
|switch|p1a: Ceruledge|Ceruledge, F|100/100
|switch|p2a: Klefki|Klefki, F|100/100
|turn|1
|
|t:|1757817376
|move|p2a: Klefki|Reflect|p2a: Klefki
|-sidestart|p2: findmyhair|Reflect
|move|p1a: Ceruledge|Bitter Blade|p2a: Klefki
|-supereffective|p2a: Klefki
|-damage|p2a: Klefki|58/100
|
|upkeep
|turn|2
|
|t:|1757817380
|move|p2a: Klefki|Light Screen|p2a: Klefki
|-sidestart|p2: findmyhair|move: Light Screen
|move|p1a: Ceruledge|Swords Dance|p1a: Ceruledge
|-boost|p1a: Ceruledge|atk|2
|
|upkeep
|turn|3
|
|t:|1757817386
|move|p2a: Klefki|Spikes|p1a: Ceruledge
|-sidestart|p1: Arucaneii|Spikes
|move|p1a: Ceruledge|Swords Dance|p1a: Ceruledge
|-boost|p1a: Ceruledge|atk|2
|
|upkeep
|turn|4
|
|t:|1757817397
|move|p2a: Klefki|Thunder Wave|p1a: Ceruledge
|-status|p1a: Ceruledge|par
|move|p1a: Ceruledge|Swords Dance|p1a: Ceruledge
|-boost|p1a: Ceruledge|atk|2
|
|upkeep
|turn|5
|
|t:|1757817402
|move|p2a: Klefki|Spikes|p1a: Ceruledge
|-sidestart|p1: Arucaneii|Spikes
|move|p1a: Ceruledge|Bitter Blade|p2a: Klefki
|-supereffective|p2a: Klefki
|-damage|p2a: Klefki|0 fnt
|faint|p2a: Klefki
|
|upkeep
|
|t:|1757817425
|switch|p2a: Crawdaunt|Crawdaunt, M|100/100
|turn|6
|
|t:|1757817434
|move|p1a: Ceruledge|Shadow Sneak|p2a: Crawdaunt
|-resisted|p2a: Crawdaunt
|-damage|p2a: Crawdaunt|74/100
|move|p2a: Crawdaunt|Aqua Jet|p1a: Ceruledge
|-supereffective|p1a: Ceruledge
|-damage|p1a: Ceruledge|2/100 par
|-ability|p1a: Ceruledge|Weak Armor|boost
|-unboost|p1a: Ceruledge|def|1
|-boost|p1a: Ceruledge|spe|2
|-damage|p2a: Crawdaunt|64/100|[from] item: Life Orb
|
|upkeep
|turn|7
|
|t:|1757817444
|move|p2a: Crawdaunt|Aqua Jet|p1a: Ceruledge
|-supereffective|p1a: Ceruledge
|-damage|p1a: Ceruledge|0 fnt
|faint|p1a: Ceruledge
|-damage|p2a: Crawdaunt|54/100|[from] item: Life Orb
|
|upkeep
|
|t:|1757817452
|switch|p1a: Meowscarada|Meowscarada, M|100/100
|-damage|p1a: Meowscarada|84/100|[from] Spikes
|turn|8
|
|t:|1757817457
|switch|p2a: Slowking|Slowking-Galar, M|100/100
|move|p1a: Meowscarada|Flower Trick|p2a: Slowking
|-start|p1a: Meowscarada|typechange|Grass|[from] ability: Protean
|-resisted|p2a: Slowking
|-crit|p2a: Slowking
|-damage|p2a: Slowking|74/100
|
|-heal|p2a: Slowking|80/100|[from] item: Black Sludge
|-sideend|p2: findmyhair|Reflect
|upkeep
|turn|9
|
|t:|1757817471
|switch|p1a: Incineroar|Incineroar, M|100/100
|-damage|p1a: Incineroar|84/100|[from] Spikes
|-ability|p1a: Incineroar|Intimidate|boost
|-unboost|p2a: Slowking|atk|1
|move|p2a: Slowking|Trick Room|p2a: Slowking
|-fieldstart|move: Trick Room|[of] p2a: Slowking
|
|-heal|p2a: Slowking|86/100|[from] item: Black Sludge
|-sideend|p2: findmyhair|move: Light Screen
|upkeep
|turn|10
|
|t:|1757817489
|switch|p2a: Ursaluna|Ursaluna, M|100/100
|move|p1a: Incineroar|Fake Out|p2a: Ursaluna
|-damage|p2a: Ursaluna|90/100
|
|-status|p2a: Ursaluna|brn|[from] item: Flame Orb
|upkeep
|turn|11
|
|t:|1757817500
|move|p2a: Ursaluna|Earthquake|p1a: Incineroar
|-supereffective|p1a: Incineroar
|-damage|p1a: Incineroar|0 fnt
|faint|p1a: Incineroar
|
|-damage|p2a: Ursaluna|83/100 brn|[from] brn
|upkeep
|
|t:|1757817512
|switch|p1a: Dragapult|Dragapult, M|100/100
|-damage|p1a: Dragapult|84/100|[from] Spikes
|turn|12
|
|t:|1757817526
|move|p2a: Ursaluna|Earthquake|p1a: Dragapult
|-damage|p1a: Dragapult|0 fnt
|faint|p1a: Dragapult
|
|-damage|p2a: Ursaluna|77/100 brn|[from] brn
|upkeep
|
|t:|1757817535
|switch|p1a: Kyurem|Kyurem|100/100
|-damage|p1a: Kyurem|84/100|[from] Spikes
|-ability|p1a: Kyurem|Pressure
|turn|13
|inactive|findmyhair has 120 seconds left.
|
|t:|1757817566
|move|p2a: Ursaluna|Facade|p1a: Kyurem
|-damage|p1a: Kyurem|0 fnt
|faint|p1a: Kyurem
|
|-damage|p2a: Ursaluna|71/100 brn|[from] brn
|-fieldend|move: Trick Room
|upkeep
|
|t:|1757817572
|switch|p1a: Meowscarada|Meowscarada, M|84/100
|-damage|p1a: Meowscarada|67/100|[from] Spikes
|turn|14
|
|t:|1757817576
|-terastallize|p2a: Ursaluna|Ghost
|move|p1a: Meowscarada|Flower Trick|p2a: Ursaluna
|-start|p1a: Meowscarada|typechange|Grass|[from] ability: Protean
|-crit|p2a: Ursaluna
|-damage|p2a: Ursaluna|38/100 brn
|move|p2a: Ursaluna|Earthquake|p1a: Meowscarada
|-resisted|p1a: Meowscarada
|-damage|p1a: Meowscarada|0 fnt
|faint|p1a: Meowscarada
|
|-damage|p2a: Ursaluna|32/100 brn|[from] brn
|upkeep
|
|t:|1757817587
|switch|p1a: Primarina|Primarina, F|100/100
|-damage|p1a: Primarina|84/100|[from] Spikes
|turn|15
|
|t:|1757817600
|move|p1a: Primarina|Draining Kiss|p2a: Ursaluna
|-damage|p2a: Ursaluna|7/100 brn
|-heal|p1a: Primarina|100/100|[from] drain|[of] p2a: Ursaluna
|move|p2a: Ursaluna|Facade|p1a: Primarina
|-damage|p1a: Primarina|0 fnt
|faint|p1a: Primarina
|
|win|findmyhair
|raw|Arucaneii's rating: 1175 &rarr; <strong>1151</strong><br />(-24 for losing)
|raw|findmyhair's rating: 1194 &rarr; <strong>1218</strong><br />(+24 for winning)
|l|☆Arucaneii
|player|p1|
|c|☆findmyhair|gg
