|j|☆bootywarrior360
|j|☆LowEloChamp
|t:|1757830154
|gametype|singles
|player|p1|bootywarrior360|101|1305
|player|p2|LowEloChamp|aromalady|1276
|gen|9
|tier|[Gen 9] OU
|rated|
|rule|HP Percentage Mod: HP is shown in percentages
|rule|Endless Battle Clause: Forcing endless battles is banned
|rule|Species Clause: Limit one of each Pokémon
|rule|OHKO Clause: OHKO moves are banned
|rule|Evasion Items Clause: Evasion items are banned
|rule|Evasion Moves Clause: Evasion moves are banned
|rule|Evasion Abilities Clause: Evasion abilities are banned
|rule|Sleep Moves Clause: Sleep-inducing moves are banned
|clearpoke
|poke|p1|Scizor, M|
|poke|p1|Rillaboom, F|
|poke|p1|Blaziken, F|
|poke|p1|Great Tusk|
|poke|p1|Rotom-Wash|
|poke|p1|Jirachi|
|poke|p2|Ting-Lu|
|poke|p2|Darkrai|
|poke|p2|Corviknight, M|
|poke|p2|Fezandipiti, M|
|poke|p2|Pecharunt|
|poke|p2|Latios, M|
|teampreview
|inactive|Battle timer is ON: inactive players will automatically lose when time's up. (requested by LowEloChamp)
|
|t:|1757830164
|teamsize|p1|6
|teamsize|p2|6
|start
|switch|p1a: Rotom|Rotom-Wash|100/100
|switch|p2a: Ting-Lu|Ting-Lu|100/100
|-ability|p2a: Ting-Lu|Vessel of Ruin
|turn|1
|
|t:|1757830170
|move|p1a: Rotom|Hydro Pump|p2a: Ting-Lu
|-supereffective|p2a: Ting-Lu
|-damage|p2a: Ting-Lu|58/100
|move|p2a: Ting-Lu|Stealth Rock|p1a: Rotom
|-sidestart|p1: bootywarrior360|move: Stealth Rock
|
|-heal|p2a: Ting-Lu|64/100|[from] item: Leftovers
|upkeep
|turn|2
|
|t:|1757830173
|move|p1a: Rotom|Hydro Pump|p2a: Ting-Lu
|-supereffective|p2a: Ting-Lu
|-damage|p2a: Ting-Lu|18/100
|move|p2a: Ting-Lu|Spikes|p1a: Rotom
|-sidestart|p1: bootywarrior360|Spikes
|
|-heal|p2a: Ting-Lu|24/100|[from] item: Leftovers
|upkeep
|turn|3
|
|t:|1757830180
|move|p1a: Rotom|Hydro Pump|p2a: Ting-Lu|[miss]
|-miss|p1a: Rotom|p2a: Ting-Lu
|move|p2a: Ting-Lu|Spikes|p1a: Rotom
|-sidestart|p1: bootywarrior360|Spikes
|
|-heal|p2a: Ting-Lu|31/100|[from] item: Leftovers
|upkeep
|turn|4
|
|t:|1757830190
|switch|p2a: Fezandipiti|Fezandipiti, M|100/100
|move|p1a: Rotom|Hydro Pump|p2a: Fezandipiti|[miss]
|-miss|p1a: Rotom|p2a: Fezandipiti
|
|upkeep
|turn|5
|
|t:|1757830195
|move|p2a: Fezandipiti|Calm Mind|p2a: Fezandipiti
|-boost|p2a: Fezandipiti|spa|1
|-boost|p2a: Fezandipiti|spd|1
|move|p1a: Rotom|Thunder Wave|p2a: Fezandipiti
|-status|p2a: Fezandipiti|par
|
|upkeep
|turn|6
|
|t:|1757830204
|move|p1a: Rotom|Volt Switch|p2a: Fezandipiti
|-damage|p2a: Fezandipiti|87/100 par
|
|t:|1757830206
|switch|p1a: Jirachi|Jirachi|100/100|[from] Volt Switch
|-damage|p1a: Jirachi|94/100|[from] Stealth Rock
|-item|p1a: Jirachi|Air Balloon
|cant|p2a: Fezandipiti|par
|
|upkeep
|turn|7
|
|t:|1757830223
|switch|p2a: Darkrai|Darkrai, shiny|100/100
|move|p1a: Jirachi|Doom Desire|p2a: Darkrai
|-start|p1a: Jirachi|Doom Desire
|
|upkeep
|turn|8
|
|t:|1757830233
|-terastallize|p1a: Jirachi|Fairy
|move|p2a: Darkrai|Dark Pulse|p1a: Jirachi
|-resisted|p1a: Jirachi
|-damage|p1a: Jirachi|71/100
|-enditem|p1a: Jirachi|Air Balloon
|move|p1a: Jirachi|Thunder Wave|p2a: Darkrai
|-status|p2a: Darkrai|par
|
|upkeep
|turn|9
|
|t:|1757830242
|move|p1a: Jirachi|U-turn|p2a: Darkrai
|-supereffective|p2a: Darkrai
|-damage|p2a: Darkrai|61/100 par
|
|t:|1757830246
|switch|p1a: Scizor|Scizor, M|100/100|[from] U-turn
|move|p2a: Darkrai|Sludge Bomb|p1a: Scizor
|-immune|p1a: Scizor
|
|-end|p2a: Darkrai|move: Doom Desire
|-damage|p2a: Darkrai|0 fnt
|faint|p2a: Darkrai
|upkeep
|
|t:|1757830251
|switch|p2a: Corviknight|Corviknight, M, shiny|100/100
|-ability|p2a: Corviknight|Pressure
|turn|10
|
|t:|1757830257
|move|p2a: Corviknight|Iron Defense|p2a: Corviknight
|-boost|p2a: Corviknight|def|2
|move|p1a: Scizor|Knock Off|p2a: Corviknight
|-damage|p2a: Corviknight|89/100
|-damage|p1a: Scizor|84/100|[from] item: Rocky Helmet|[of] p2a: Corviknight
|-enditem|p2a: Corviknight|Rocky Helmet|[from] move: Knock Off|[of] p1a: Scizor
|
|upkeep
|turn|11
|
|t:|1757830268
|move|p2a: Corviknight|Iron Defense|p2a: Corviknight
|-boost|p2a: Corviknight|def|2
|move|p1a: Scizor|U-turn|p2a: Corviknight
|-resisted|p2a: Corviknight
|-damage|p2a: Corviknight|87/100
|
|t:|1757830279
|switch|p1a: Great Tusk|Great Tusk|100/100|[from] U-turn
|-damage|p1a: Great Tusk|98/100|[from] Stealth Rock
|-damage|p1a: Great Tusk|81/100|[from] Spikes
|
|upkeep
|turn|12
|
|t:|1757830284
|move|p1a: Great Tusk|Rapid Spin|p2a: Corviknight
|-resisted|p2a: Corviknight
|-damage|p2a: Corviknight|85/100
|-boost|p1a: Great Tusk|spe|1
|-sideend|p1: bootywarrior360|Spikes|[from] move: Rapid Spin|[of] p1a: Great Tusk
|-sideend|p1: bootywarrior360|Stealth Rock|[from] move: Rapid Spin|[of] p1a: Great Tusk
|move|p2a: Corviknight|Body Press|p1a: Great Tusk
|-damage|p1a: Great Tusk|45/100
|-damage|p2a: Corviknight|69/100|[from] item: Rocky Helmet|[of] p1a: Great Tusk
|
|upkeep
|turn|13
|
|t:|1757830287
|move|p1a: Great Tusk|Stealth Rock|p2a: Corviknight
|-sidestart|p2: LowEloChamp|move: Stealth Rock
|move|p2a: Corviknight|Body Press|p1a: Great Tusk
|-damage|p1a: Great Tusk|8/100
|-damage|p2a: Corviknight|52/100|[from] item: Rocky Helmet|[of] p1a: Great Tusk
|
|upkeep
|turn|14
|
|t:|1757830299
|move|p1a: Great Tusk|Stealth Rock||[still]
|-fail|p1a: Great Tusk
|move|p2a: Corviknight|Roost|p2a: Corviknight
|-heal|p2a: Corviknight|100/100
|-singleturn|p2a: Corviknight|move: Roost
|
|upkeep
|turn|15
|
|t:|1757830303
|move|p1a: Great Tusk|Stealth Rock||[still]
|-fail|p1a: Great Tusk
|move|p2a: Corviknight|Iron Defense|p2a: Corviknight
|-boost|p2a: Corviknight|def|2
|
|upkeep
|turn|16
|
|t:|1757830315
|move|p1a: Great Tusk|Stealth Rock||[still]
|-fail|p1a: Great Tusk
|move|p2a: Corviknight|Body Press|p1a: Great Tusk
|-damage|p1a: Great Tusk|0 fnt
|-damage|p2a: Corviknight|84/100|[from] item: Rocky Helmet|[of] p1a: Great Tusk
|faint|p1a: Great Tusk
|-end|p1a: Great Tusk|Protosynthesis|[silent]
|
|upkeep
|
|t:|1757830316
|switch|p1a: Blaziken|Blaziken, F|100/100
|turn|17
|
|t:|1757830321
|move|p1a: Blaziken|Fire Blast|p2a: Corviknight
|-supereffective|p2a: Corviknight
|-damage|p2a: Corviknight|0 fnt
|faint|p2a: Corviknight
|-damage|p1a: Blaziken|91/100|[from] item: Life Orb
|
|-ability|p1a: Blaziken|Speed Boost|boost
|-boost|p1a: Blaziken|spe|1
|upkeep
|
|t:|1757830330
|switch|p2a: Pecharunt|Pecharunt|100/100
|turn|18
|
|t:|1757830340
|move|p1a: Blaziken|Knock Off|p2a: Pecharunt
|-supereffective|p2a: Pecharunt
|-damage|p2a: Pecharunt|61/100
|-enditem|p2a: Pecharunt|Heavy-Duty Boots|[from] move: Knock Off|[of] p1a: Blaziken
|-damage|p1a: Blaziken|81/100|[from] item: Life Orb
|move|p2a: Pecharunt|Malignant Chain|p1a: Blaziken
|-damage|p1a: Blaziken|36/100
|
|-ability|p1a: Blaziken|Speed Boost|boost
|-boost|p1a: Blaziken|spe|1
|upkeep
|turn|19
|
|t:|1757830369
|move|p1a: Blaziken|Fire Blast|p2a: Pecharunt|[miss]
|-miss|p1a: Blaziken|p2a: Pecharunt
|move|p2a: Pecharunt|Malignant Chain|p1a: Blaziken
|-damage|p1a: Blaziken|0 fnt
|faint|p1a: Blaziken
|
|upkeep
|
|t:|1757830382
|switch|p1a: Jirachi|Jirachi, tera:Fairy|71/100
|turn|20
|
|t:|1757830386
|move|p1a: Jirachi|Psychic Noise|p2a: Pecharunt
|-supereffective|p2a: Pecharunt
|-damage|p2a: Pecharunt|0 fnt
|faint|p2a: Pecharunt
|
|upkeep
|
|t:|1757830390
|switch|p2a: Fezandipiti|Fezandipiti, M|87/100 par
|turn|21
|
|t:|1757830401
|move|p1a: Jirachi|Psychic Noise|p2a: Fezandipiti
|-supereffective|p2a: Fezandipiti
|-damage|p2a: Fezandipiti|50/100 par
|-start|p2a: Fezandipiti|move: Heal Block
|move|p2a: Fezandipiti|Moonblast|p1a: Jirachi
|-damage|p1a: Jirachi|45/100
|-status|p1a: Jirachi|tox|[from] ability: Toxic Chain|[of] p2a: Fezandipiti
|
|-damage|p1a: Jirachi|39/100 tox|[from] psn
|upkeep
|turn|22
|
|t:|1757830406
|switch|p2a: Ting-Lu|Ting-Lu|31/100
|-damage|p2a: Ting-Lu|24/100|[from] Stealth Rock
|-ability|p2a: Ting-Lu|Vessel of Ruin
|move|p1a: Jirachi|Psychic Noise|p2a: Ting-Lu
|-immune|p2a: Ting-Lu
|
|-heal|p2a: Ting-Lu|31/100|[from] item: Leftovers
|-damage|p1a: Jirachi|27/100 tox|[from] psn
|upkeep
|turn|23
|
|t:|1757830411
|move|p1a: Jirachi|U-turn|p2a: Ting-Lu
|-supereffective|p2a: Ting-Lu
|-damage|p2a: Ting-Lu|14/100
|inactive|bootywarrior360 has 120 seconds left.
|
|t:|1757830446
|switch|p1a: Scizor|Scizor, M|84/100|[from] U-turn
|move|p2a: Ting-Lu|Stealth Rock|p1a: Scizor
|-sidestart|p1: bootywarrior360|move: Stealth Rock
|
|-heal|p2a: Ting-Lu|20/100|[from] item: Leftovers
|upkeep
|turn|24
|
|t:|1757830464
|move|p1a: Scizor|Swords Dance|p1a: Scizor
|-boost|p1a: Scizor|atk|2
|move|p2a: Ting-Lu|Whirlwind|p1a: Scizor
|drag|p1a: Rotom|Rotom-Wash|100/100
|-damage|p1a: Rotom|88/100|[from] Stealth Rock
|
|-heal|p1a: Rotom|94/100|[from] item: Leftovers
|-heal|p2a: Ting-Lu|26/100|[from] item: Leftovers
|upkeep
|turn|25
|
|t:|1757830472
|move|p1a: Rotom|Hydro Pump|p2a: Ting-Lu
|-supereffective|p2a: Ting-Lu
|-damage|p2a: Ting-Lu|0 fnt
|faint|p2a: Ting-Lu
|
|-heal|p1a: Rotom|100/100|[from] item: Leftovers
|upkeep
|
|t:|1757830475
|switch|p2a: Latios|Latios, M|100/100
|-damage|p2a: Latios|88/100|[from] Stealth Rock
|turn|26
|
|t:|1757830479
|move|p2a: Latios|Psychic Noise|p1a: Rotom
|-damage|p1a: Rotom|58/100
|-start|p1a: Rotom|move: Heal Block
|move|p1a: Rotom|Thunder Wave|p2a: Latios
|-status|p2a: Latios|par
|
|upkeep
|turn|27
|
|t:|1757830482
|move|p1a: Rotom|Discharge|p2a: Latios
|-resisted|p2a: Latios
|-damage|p2a: Latios|66/100 par
|move|p2a: Latios|Dragon Pulse|p1a: Rotom
|-crit|p1a: Rotom
|-damage|p1a: Rotom|0 fnt
|faint|p1a: Rotom
|
|upkeep
|
|t:|1757830490
|switch|p1a: Scizor|Scizor, M|84/100
|turn|28
|
|t:|1757830496
|-terastallize|p2a: Latios|Steel
|move|p2a: Latios|Aura Sphere|p1a: Scizor
|-damage|p1a: Scizor|52/100
|move|p1a: Scizor|Knock Off|p2a: Latios
|-damage|p2a: Latios|11/100 par
|-enditem|p2a: Latios|Covert Cloak|[from] move: Knock Off|[of] p1a: Scizor
|
|upkeep
|turn|29
|
|t:|1757830501
|move|p1a: Scizor|Bullet Punch|p2a: Latios
|-resisted|p2a: Latios
|-damage|p2a: Latios|0 fnt
|faint|p2a: Latios
|
|upkeep
|-message|LowEloChamp forfeited.
|
|win|bootywarrior360
|raw|bootywarrior360's rating: 1288 &rarr; <strong>1312</strong><br />(+24 for winning)
|raw|LowEloChamp's rating: 1276 &rarr; <strong>1252</strong><br />(-24 for losing)
|l|☆LowEloChamp
|player|p2|
|l|☆bootywarrior360
|player|p1|
