|j|☆ahonghhh
|j|☆ClogSir
|t:|1757920369
|gametype|singles
|player|p1|ahonghhh|170|1045
|player|p2|ClogSir|170|1096
|gen|9
|tier|[Gen 9] OU
|rated|
|rule|HP Percentage Mod: HP is shown in percentages
|rule|Endless Battle Clause: Forcing endless battles is banned
|rule|Species Clause: Limit one of each Pokémon
|rule|OHKO Clause: OHKO moves are banned
|rule|Evasion Items Clause: Evasion items are banned
|rule|Evasion Moves Clause: Evasion moves are banned
|rule|Evasion Abilities Clause: Evasion abilities are banned
|rule|Sleep Moves Clause: Sleep-inducing moves are banned
|clearpoke
|poke|p1|Ogerpon, F|
|poke|p1|Rillaboom, M|
|poke|p1|Great Tusk|
|poke|p1|Gholdengo|
|poke|p1|Moltres|
|poke|p1|Samurott-Hisui, M|
|poke|p2|Corviknight, M|
|poke|p2|Cinderace, F|
|poke|p2|Slowking-Galar, M|
|poke|p2|Dragonite, F|
|poke|p2|Iron Valiant|
|poke|p2|Greninja-*, F|
|teampreview
|inactive|Battle timer is ON: inactive players will automatically lose when time's up. (requested by ClogSir)
|
|t:|1757920390
|teamsize|p1|6
|teamsize|p2|6
|start
|switch|p1a: Samurott|Samurott-Hisui, M|100/100
|switch|p2a: Greninja|Greninja, F|100/100
|turn|1
|
|t:|1757920400
|move|p2a: Greninja|U-turn|p1a: Samurott
|-start|p2a: Greninja|typechange|Bug|[from] ability: Protean
|-supereffective|p1a: Samurott
|-damage|p1a: Samurott|59/100
|
|t:|1757920405
|switch|p2a: Corviknight|Corviknight, M|100/100|[from] U-turn
|-ability|p2a: Corviknight|Pressure
|move|p1a: Samurott|Sacred Sword|p2a: Corviknight
|-damage|p2a: Corviknight|78/100
|-damage|p1a: Samurott|43/100|[from] item: Rocky Helmet|[of] p2a: Corviknight
|
|upkeep
|turn|2
|
|t:|1757920416
|switch|p1a: Moltres|Moltres|100/100
|move|p2a: Corviknight|U-turn|p1a: Moltres
|-resisted|p1a: Moltres
|-damage|p1a: Moltres|98/100
|
|t:|1757920431
|switch|p2a: Greninja|Greninja, F|100/100|[from] U-turn
|
|upkeep
|turn|3
|
|t:|1757920449
|switch|p1a: Rillaboom|Rillaboom, M|100/100
|-fieldstart|move: Grassy Terrain|[from] ability: Grassy Surge|[of] p1a: Rillaboom
|move|p2a: Greninja|Surf|p1a: Rillaboom
|-start|p2a: Greninja|typechange|Water|[from] ability: Protean
|-resisted|p1a: Rillaboom
|-damage|p1a: Rillaboom|65/100
|
|-heal|p1a: Rillaboom|71/100|[from] Grassy Terrain
|upkeep
|turn|4
|
|t:|1757920469
|switch|p2a: Corviknight|Corviknight, M|78/100
|-ability|p2a: Corviknight|Pressure
|move|p1a: Rillaboom|Swords Dance|p1a: Rillaboom
|-boost|p1a: Rillaboom|atk|2
|
|-heal|p1a: Rillaboom|77/100|[from] Grassy Terrain
|upkeep
|turn|5
|
|t:|1757920481
|move|p1a: Rillaboom|Knock Off|p2a: Corviknight
|-damage|p2a: Corviknight|36/100
|-damage|p1a: Rillaboom|60/100|[from] item: Rocky Helmet|[of] p2a: Corviknight
|-enditem|p2a: Corviknight|Rocky Helmet|[from] move: Knock Off|[of] p1a: Rillaboom
|move|p2a: Corviknight|Iron Defense|p2a: Corviknight
|-boost|p2a: Corviknight|def|2
|
|-heal|p1a: Rillaboom|66/100|[from] Grassy Terrain
|upkeep
|turn|6
|
|t:|1757920491
|switch|p1a: Moltres|Moltres|98/100
|move|p2a: Corviknight|Roost|p2a: Corviknight
|-heal|p2a: Corviknight|86/100
|-singleturn|p2a: Corviknight|move: Roost
|
|-heal|p2a: Corviknight|92/100|[from] Grassy Terrain
|upkeep
|turn|7
|
|t:|1757920501
|switch|p2a: Slowking|Slowking-Galar, M|100/100
|move|p1a: Moltres|Will-O-Wisp|p2a: Slowking
|-status|p2a: Slowking|brn
|
|-damage|p2a: Slowking|94/100 brn|[from] brn
|upkeep
|turn|8
|
|t:|1757920512
|switch|p1a: Gholdengo|Gholdengo|100/100
|-item|p1a: Gholdengo|Air Balloon
|move|p2a: Slowking|Toxic|p1a: Gholdengo
|-immune|p1a: Gholdengo|[from] ability: Good as Gold
|
|-heal|p2a: Slowking|100/100 brn|[from] Grassy Terrain
|-damage|p2a: Slowking|94/100 brn|[from] brn
|upkeep
|turn|9
|
|t:|1757920537
|move|p1a: Gholdengo|Shadow Ball|p2a: Slowking
|-supereffective|p2a: Slowking
|-damage|p2a: Slowking|48/100 brn
|-prepare|p2a: Slowking|Chilly Reception|[premajor]
|move|p2a: Slowking|Chilly Reception|p2a: Slowking
|-weather|Snowscape
|
|t:|1757920543
|switch|p2a: Greninja|Greninja, F|100/100|[from] Chilly Reception
|
|-weather|Snowscape|[upkeep]
|upkeep
|turn|10
|inactive|ahonghhh has 120 seconds left.
|
|t:|1757920563
|switch|p1a: Samurott|Samurott-Hisui, M|43/100
|move|p2a: Greninja|Dark Pulse|p1a: Samurott
|-start|p2a: Greninja|typechange|Dark|[from] ability: Protean
|-resisted|p1a: Samurott
|-damage|p1a: Samurott|26/100
|
|-weather|Snowscape|[upkeep]
|-heal|p1a: Samurott|32/100|[from] Grassy Terrain
|-fieldend|move: Grassy Terrain
|upkeep
|turn|11
|
|t:|1757920573
|switch|p2a: Corviknight|Corviknight, M|92/100
|-ability|p2a: Corviknight|Pressure
|move|p1a: Samurott|Ceaseless Edge|p2a: Corviknight
|-damage|p2a: Corviknight|68/100
|-sidestart|p2: ClogSir|Spikes
|
|-weather|Snowscape|[upkeep]
|upkeep
|turn|12
|
|t:|1757920581
|switch|p1a: Moltres|Moltres|98/100
|move|p2a: Corviknight|U-turn|p1a: Moltres
|-resisted|p1a: Moltres
|-damage|p1a: Moltres|96/100
|
|t:|1757920585
|switch|p2a: Greninja|Greninja, F|100/100|[from] U-turn
|-damage|p2a: Greninja|88/100|[from] Spikes
|
|-weather|Snowscape|[upkeep]
|upkeep
|turn|13
|
|t:|1757920594
|switch|p1a: Rillaboom|Rillaboom, M|66/100
|-fieldstart|move: Grassy Terrain|[from] ability: Grassy Surge|[of] p1a: Rillaboom
|move|p2a: Greninja|Surf|p1a: Rillaboom
|-start|p2a: Greninja|typechange|Water|[from] ability: Protean
|-resisted|p1a: Rillaboom
|-damage|p1a: Rillaboom|30/100
|
|-weather|none
|-heal|p2a: Greninja|94/100|[from] Grassy Terrain
|-heal|p1a: Rillaboom|36/100|[from] Grassy Terrain
|upkeep
|turn|14
|
|t:|1757920605
|switch|p2a: Corviknight|Corviknight, M|68/100
|-ability|p2a: Corviknight|Pressure
|move|p1a: Rillaboom|Grassy Glide|p2a: Corviknight
|-resisted|p2a: Corviknight
|-damage|p2a: Corviknight|63/100
|
|-heal|p1a: Rillaboom|42/100|[from] Grassy Terrain
|upkeep
|turn|15
|
|t:|1757920621
|switch|p1a: Moltres|Moltres|96/100
|move|p2a: Corviknight|U-turn|p1a: Moltres
|-resisted|p1a: Moltres
|-damage|p1a: Moltres|93/100
|-status|p2a: Corviknight|brn|[from] ability: Flame Body|[of] p1a: Moltres
|
|t:|1757920625
|switch|p2a: Greninja|Greninja, F|94/100|[from] U-turn
|-damage|p2a: Greninja|82/100|[from] Spikes
|
|-heal|p2a: Greninja|88/100|[from] Grassy Terrain
|upkeep
|turn|16
|inactive|ahonghhh has 120 seconds left.
|
|t:|1757920660
|switch|p1a: Rillaboom|Rillaboom, M|42/100
|move|p2a: Greninja|Surf|p1a: Rillaboom
|-start|p2a: Greninja|typechange|Water|[from] ability: Protean
|-resisted|p1a: Rillaboom
|-damage|p1a: Rillaboom|3/100
|
|-heal|p2a: Greninja|94/100|[from] Grassy Terrain
|-heal|p1a: Rillaboom|9/100|[from] Grassy Terrain
|upkeep
|turn|17
|inactive|ahonghhh has 120 seconds left.
|
|t:|1757920674
|switch|p2a: Corviknight|Corviknight, M|63/100 brn
|-ability|p2a: Corviknight|Pressure
|switch|p1a: Moltres|Moltres|93/100
|
|-damage|p2a: Corviknight|57/100 brn|[from] brn
|upkeep
|turn|18
|
|t:|1757920684
|switch|p2a: Slowking|Slowking-Galar, M|81/100 brn
|move|p1a: Moltres|Flamethrower|p2a: Slowking
|-damage|p2a: Slowking|61/100 brn
|
|-heal|p2a: Slowking|67/100 brn|[from] Grassy Terrain
|-damage|p2a: Slowking|61/100 brn|[from] brn
|upkeep
|turn|19
|
|t:|1757920696
|move|p1a: Moltres|Hurricane|p2a: Slowking
|-damage|p2a: Slowking|35/100 brn
|-start|p2a: Slowking|confusion
|-prepare|p2a: Slowking|Chilly Reception|[premajor]
|-activate|p2a: Slowking|confusion
|move|p2a: Slowking|Chilly Reception|p2a: Slowking
|-weather|Snowscape
|
|t:|1757920701
|switch|p2a: Greninja|Greninja, F|94/100|[from] Chilly Reception
|-damage|p2a: Greninja|82/100|[from] Spikes
|
|-weather|Snowscape|[upkeep]
|-heal|p2a: Greninja|88/100|[from] Grassy Terrain
|upkeep
|turn|20
|inactive|ahonghhh has 120 seconds left.
|
|t:|1757920730
|switch|p1a: Samurott|Samurott-Hisui, M|32/100
|move|p2a: Greninja|Surf|p1a: Samurott
|-start|p2a: Greninja|typechange|Water|[from] ability: Protean
|-resisted|p1a: Samurott
|-damage|p1a: Samurott|10/100
|
|-weather|Snowscape|[upkeep]
|-heal|p2a: Greninja|93/100|[from] Grassy Terrain
|-heal|p1a: Samurott|16/100|[from] Grassy Terrain
|-fieldend|move: Grassy Terrain
|upkeep
|turn|21
|inactive|ahonghhh has 120 seconds left.
|
|t:|1757920739
|move|p1a: Samurott|Sucker Punch|p2a: Greninja
|-damage|p2a: Greninja|46/100
|move|p2a: Greninja|Surf|p1a: Samurott
|-resisted|p1a: Samurott
|-damage|p1a: Samurott|0 fnt
|faint|p1a: Samurott
|
|-weather|Snowscape|[upkeep]
|upkeep
|inactive|ahonghhh has 120 seconds left.
|
|t:|1757920746
|switch|p1a: Ogerpon|Ogerpon, F|100/100
|turn|22
|
|t:|1757920756
|switch|p2a: Corviknight|Corviknight, M|57/100 brn
|-ability|p2a: Corviknight|Pressure
|move|p1a: Ogerpon|U-turn|p2a: Corviknight
|-resisted|p2a: Corviknight
|-damage|p2a: Corviknight|52/100 brn
|
|t:|1757920763
|switch|p1a: Moltres|Moltres|93/100|[from] U-turn
|
|-weather|Snowscape|[upkeep]
|-damage|p2a: Corviknight|45/100 brn|[from] brn
|upkeep
|turn|23
|
|t:|1757920772
|move|p1a: Moltres|Flamethrower|p2a: Corviknight
|-supereffective|p2a: Corviknight
|-damage|p2a: Corviknight|0 fnt
|faint|p2a: Corviknight
|
|-weather|none
|upkeep
|
|t:|1757920775
|switch|p2a: Greninja|Greninja, F|46/100
|-damage|p2a: Greninja|34/100|[from] Spikes
|turn|24
|
|t:|1757920784
|switch|p1a: Rillaboom|Rillaboom, M|9/100
|-fieldstart|move: Grassy Terrain|[from] ability: Grassy Surge|[of] p1a: Rillaboom
|move|p2a: Greninja|U-turn|p1a: Rillaboom
|-start|p2a: Greninja|typechange|Bug|[from] ability: Protean
|-supereffective|p1a: Rillaboom
|-damage|p1a: Rillaboom|0 fnt
|faint|p1a: Rillaboom
|
|t:|1757920788
|switch|p2a: Cinderace|Cinderace, F|100/100|[from] U-turn
|
|upkeep
|
|t:|1757920797
|switch|p1a: Great Tusk|Great Tusk|100/100
|turn|25
|
|t:|1757920804
|move|p2a: Cinderace|U-turn|p1a: Great Tusk
|-resisted|p1a: Great Tusk
|-damage|p1a: Great Tusk|92/100
|
|t:|1757920808
|switch|p2a: Dragonite|Dragonite, F|100/100|[from] U-turn
|move|p1a: Great Tusk|Headlong Rush|p2a: Dragonite
|-immune|p2a: Dragonite
|
|-heal|p1a: Great Tusk|98/100|[from] Grassy Terrain
|upkeep
|turn|26
|
|t:|1757920818
|-terastallize|p1a: Great Tusk|Ice
|move|p1a: Great Tusk|Ice Spinner|p2a: Dragonite
|-supereffective|p2a: Dragonite
|-damage|p2a: Dragonite|6/100
|-fieldend|move: Grassy Terrain
|move|p2a: Dragonite|Ice Spinner|p1a: Great Tusk
|-resisted|p1a: Great Tusk
|-damage|p1a: Great Tusk|86/100
|
|upkeep
|turn|27
|
|t:|1757920829
|move|p1a: Great Tusk|Rapid Spin|p2a: Dragonite
|-damage|p2a: Dragonite|0 fnt
|-boost|p1a: Great Tusk|spe|1
|faint|p2a: Dragonite
|
|upkeep
|
|t:|1757920834
|switch|p2a: Iron Valiant|Iron Valiant|100/100
|-damage|p2a: Iron Valiant|88/100|[from] Spikes
|-enditem|p2a: Iron Valiant|Booster Energy
|-activate|p2a: Iron Valiant|ability: Quark Drive|[fromitem]
|-start|p2a: Iron Valiant|quarkdrivespe
|turn|28
|
|t:|1757920849
|move|p2a: Iron Valiant|Aura Sphere|p1a: Great Tusk
|-supereffective|p1a: Great Tusk
|-damage|p1a: Great Tusk|0 fnt
|faint|p1a: Great Tusk
|-end|p1a: Great Tusk|Protosynthesis|[silent]
|
|upkeep
|
|t:|1757920860
|switch|p1a: Moltres|Moltres|93/100
|turn|29
|
|t:|1757920867
|-end|p2a: Iron Valiant|Quark Drive|[silent]
|switch|p2a: Slowking|Slowking-Galar, M|68/100 brn
|move|p1a: Moltres|Hurricane|p2a: Slowking|[miss]
|-miss|p1a: Moltres|p2a: Slowking
|
|-damage|p2a: Slowking|62/100 brn|[from] brn
|upkeep
|turn|30
|
|t:|1757920875
|move|p1a: Moltres|Hurricane|p2a: Slowking
|-damage|p2a: Slowking|34/100 brn
|-prepare|p2a: Slowking|Chilly Reception|[premajor]
|move|p2a: Slowking|Chilly Reception|p2a: Slowking
|-weather|Snowscape
|
|t:|1757920879
|switch|p2a: Greninja|Greninja, F|34/100|[from] Chilly Reception
|-damage|p2a: Greninja|22/100|[from] Spikes
|
|-weather|Snowscape|[upkeep]
|upkeep
|turn|31
|
|t:|1757920886
|switch|p1a: Ogerpon|Ogerpon, F|100/100
|move|p2a: Greninja|Surf|p1a: Ogerpon
|-start|p2a: Greninja|typechange|Water|[from] ability: Protean
|-resisted|p1a: Ogerpon
|-damage|p1a: Ogerpon|63/100
|
|-weather|Snowscape|[upkeep]
|upkeep
|turn|32
|
|t:|1757920898
|switch|p2a: Slowking|Slowking-Galar, M|68/100 brn
|move|p1a: Ogerpon|Knock Off|p2a: Slowking
|-supereffective|p2a: Slowking
|-damage|p2a: Slowking|0 fnt
|-enditem|p2a: Slowking|Heavy-Duty Boots|[from] move: Knock Off|[of] p1a: Ogerpon
|faint|p2a: Slowking
|
|-weather|Snowscape|[upkeep]
|upkeep
|
|t:|1757920904
|switch|p2a: Cinderace|Cinderace, F|100/100
|turn|33
|
|t:|1757920914
|switch|p2a: Greninja|Greninja, F|22/100
|-damage|p2a: Greninja|9/100|[from] Spikes
|switch|p1a: Moltres|Moltres|93/100
|
|-weather|Snowscape|[upkeep]
|upkeep
|turn|34
|
|t:|1757920937
|move|p2a: Greninja|U-turn|p1a: Moltres
|-start|p2a: Greninja|typechange|Bug|[from] ability: Protean
|-resisted|p1a: Moltres
|-crit|p1a: Moltres
|-damage|p1a: Moltres|88/100
|
|t:|1757920943
|switch|p2a: Iron Valiant|Iron Valiant|88/100|[from] U-turn
|-damage|p2a: Iron Valiant|76/100|[from] Spikes
|move|p1a: Moltres|Flamethrower|p2a: Iron Valiant
|-damage|p2a: Iron Valiant|6/100
|
|-weather|none
|upkeep
|turn|35
|
|t:|1757920953
|move|p2a: Iron Valiant|Moonblast|p1a: Moltres
|-resisted|p1a: Moltres
|-damage|p1a: Moltres|67/100
|-unboost|p1a: Moltres|spa|1
|move|p1a: Moltres|Flamethrower|p2a: Iron Valiant
|-damage|p2a: Iron Valiant|0 fnt
|faint|p2a: Iron Valiant
|-end|p2a: Iron Valiant|Quark Drive|[silent]
|
|upkeep
|
|t:|1757920957
|switch|p2a: Greninja|Greninja, F|9/100
|-damage|p2a: Greninja|0 fnt|[from] Spikes
|faint|p2a: Greninja
|
|t:|1757920958
|switch|p2a: Cinderace|Cinderace, F|100/100
|turn|36
|
|t:|1757920968
|move|p2a: Cinderace|Gunk Shot|p1a: Moltres|[miss]
|-miss|p2a: Cinderace|p1a: Moltres
|move|p1a: Moltres|Hurricane|p2a: Cinderace
|-damage|p2a: Cinderace|58/100
|
|upkeep
|turn|37
|
|t:|1757920975
|move|p2a: Cinderace|Gunk Shot|p1a: Moltres
|-damage|p1a: Moltres|41/100
|move|p1a: Moltres|Hurricane|p2a: Cinderace
|-damage|p2a: Cinderace|17/100
|
|upkeep
|turn|38
|
|t:|1757920982
|move|p2a: Cinderace|Gunk Shot|p1a: Moltres|[miss]
|-miss|p2a: Cinderace|p1a: Moltres
|move|p1a: Moltres|Hurricane|p2a: Cinderace
|-damage|p2a: Cinderace|0 fnt
|faint|p2a: Cinderace
|
|win|ahonghhh
|raw|ahonghhh's rating: 1045 &rarr; <strong>1083</strong><br />(+38 for winning)
|raw|ClogSir's rating: 1096 &rarr; <strong>1068</strong><br />(-28 for losing)
