|j|☆LVL62Monoco
|j|☆UltraGodGreninja
|t:|1757794847
|gametype|singles
|player|p1|LVL62Monoco|265|1482
|player|p2|UltraGodGreninja|skyla|1478
|gen|9
|tier|[Gen 9] OU
|rated|
|rule|HP Percentage Mod: HP is shown in percentages
|rule|Endless Battle Clause: Forcing endless battles is banned
|rule|Species Clause: Limit one of each Pokémon
|rule|OHKO Clause: OHKO moves are banned
|rule|Evasion Items Clause: Evasion items are banned
|rule|Evasion Moves Clause: Evasion moves are banned
|rule|Evasion Abilities Clause: Evasion abilities are banned
|rule|Sleep Moves Clause: Sleep-inducing moves are banned
|clearpoke
|poke|p1|Grimmsnarl, M|
|poke|p1|Ursaluna, F|
|poke|p1|Slowbro-Galar, M|
|poke|p1|Iron Hands|
|poke|p1|Kingambit, M|
|poke|p1|Enamorus-Therian, F|
|poke|p2|Darkrai|
|poke|p2|Ogerpon-Wellspring, F|
|poke|p2|Kingambit, M|
|poke|p2|Garchomp, F|
|poke|p2|Primarina, M|
|poke|p2|Corviknight, F|
|teampreview
|
|t:|1757794869
|teamsize|p1|6
|teamsize|p2|6
|start
|switch|p1a: Grimmsnarl|Grimmsnarl, M|100/100
|switch|p2a: Garchomp|Garchomp, F|100/100
|turn|1
|
|t:|1757794901
|move|p1a: Grimmsnarl|Reflect|p1a: Grimmsnarl
|-sidestart|p1: LVL62Monoco|Reflect
|move|p2a: Garchomp|Stealth Rock|p1a: Grimmsnarl
|-sidestart|p1: LVL62Monoco|move: Stealth Rock
|
|upkeep
|turn|2
|
|t:|1757794907
|move|p1a: Grimmsnarl|Light Screen|p1a: Grimmsnarl
|-sidestart|p1: LVL62Monoco|move: Light Screen
|move|p2a: Garchomp|Spikes|p1a: Grimmsnarl
|-sidestart|p1: LVL62Monoco|Spikes
|
|upkeep
|turn|3
|
|t:|1757794914
|move|p1a: Grimmsnarl|Parting Shot|p2a: Garchomp
|-unboost|p2a: Garchomp|atk|1
|-unboost|p2a: Garchomp|spa|1
|
|t:|1757794918
|switch|p1a: Slowbro|Slowbro-Galar, M|100/100|[from] Parting Shot
|-damage|p1a: Slowbro|88/100|[from] Stealth Rock
|-damage|p1a: Slowbro|76/100|[from] Spikes
|move|p2a: Garchomp|Spikes|p1a: Slowbro
|-sidestart|p1: LVL62Monoco|Spikes
|
|upkeep
|turn|4
|inactive|Battle timer is ON: inactive players will automatically lose when time's up. (requested by LVL62Monoco)
|-activate|p1a: Slowbro|ability: Quick Draw
|
|t:|1757794945
|switch|p2a: Darkrai|Darkrai|100/100
|move|p1a: Slowbro|Ice Beam|p2a: Darkrai
|-damage|p2a: Darkrai|59/100
|
|upkeep
|turn|5
|-activate|p1a: Slowbro|ability: Quick Draw
|
|t:|1757794955
|move|p1a: Slowbro|Sludge Bomb|p2a: Darkrai
|-damage|p2a: Darkrai|5/100
|-status|p2a: Darkrai|psn
|move|p2a: Darkrai|Dark Pulse|p1a: Slowbro
|-supereffective|p1a: Slowbro
|-damage|p1a: Slowbro|1/100
|
|-damage|p2a: Darkrai|0 fnt|[from] psn
|faint|p2a: Darkrai
|upkeep
|
|t:|1757794962
|switch|p2a: Corviknight|Corviknight, F|100/100
|-ability|p2a: Corviknight|Pressure
|turn|6
|
|t:|1757794970
|move|p2a: Corviknight|U-turn|p1a: Slowbro
|-damage|p1a: Slowbro|0 fnt
|faint|p1a: Slowbro
|
|t:|1757794976
|switch|p2a: Ogerpon|Ogerpon-Wellspring, F|100/100|[from] U-turn
|
|upkeep
|
|t:|1757794991
|switch|p1a: Iron Hands|Iron Hands|100/100
|-damage|p1a: Iron Hands|94/100|[from] Stealth Rock
|-damage|p1a: Iron Hands|78/100|[from] Spikes
|turn|7
|
|t:|1757794998
|switch|p2a: Garchomp|Garchomp, F|100/100
|move|p1a: Iron Hands|Swords Dance|p1a: Iron Hands
|-boost|p1a: Iron Hands|atk|2
|
|upkeep
|turn|8
|
|t:|1757795010
|move|p2a: Garchomp|Earthquake|p1a: Iron Hands
|-supereffective|p1a: Iron Hands
|-damage|p1a: Iron Hands|49/100
|move|p1a: Iron Hands|Ice Punch|p2a: Garchomp
|-supereffective|p2a: Garchomp
|-damage|p2a: Garchomp|0 fnt
|-damage|p1a: Iron Hands|37/100|[from] ability: Rough Skin|[of] p2a: Garchomp
|-damage|p1a: Iron Hands|20/100|[from] item: Rocky Helmet|[of] p2a: Garchomp
|faint|p2a: Garchomp
|
|-sideend|p1: LVL62Monoco|Reflect
|upkeep
|
|t:|1757795016
|switch|p2a: Ogerpon|Ogerpon-Wellspring, F|100/100
|turn|9
|-activate|p1a: Iron Hands|item: Quick Claw
|
|t:|1757795024
|move|p1a: Iron Hands|Wild Charge|p2a: Ogerpon
|-damage|p2a: Ogerpon|0 fnt
|faint|p2a: Ogerpon
|-damage|p1a: Iron Hands|5/100|[from] Recoil
|
|-sideend|p1: LVL62Monoco|move: Light Screen
|upkeep
|
|t:|1757795031
|switch|p2a: Corviknight|Corviknight, F|100/100
|-ability|p2a: Corviknight|Pressure
|turn|10
|
|t:|1757795035
|move|p2a: Corviknight|U-turn|p1a: Iron Hands
|-resisted|p1a: Iron Hands
|-damage|p1a: Iron Hands|1/100
|
|t:|1757795038
|switch|p2a: Kingambit|Kingambit, M|100/100|[from] U-turn
|-activate|p2a: Kingambit|ability: Supreme Overlord
|-start|p2a: Kingambit|fallen3|[silent]
|move|p1a: Iron Hands|Wild Charge|p2a: Kingambit
|-damage|p2a: Kingambit|9/100
|-damage|p1a: Iron Hands|0 fnt|[from] Recoil
|faint|p1a: Iron Hands
|-end|p1a: Iron Hands|Quark Drive|[silent]
|
|-heal|p2a: Kingambit|15/100|[from] item: Leftovers
|upkeep
|
|t:|1757795060
|switch|p1a: Kingambit|Kingambit, M|100/100
|-damage|p1a: Kingambit|94/100|[from] Stealth Rock
|-damage|p1a: Kingambit|78/100|[from] Spikes
|-activate|p1a: Kingambit|ability: Supreme Overlord
|-start|p1a: Kingambit|fallen2|[silent]
|turn|11
|-activate|p1a: Kingambit|item: Quick Claw
|
|t:|1757795069
|-end|p2a: Kingambit|fallen3|[silent]
|switch|p2a: Primarina|Primarina, M|100/100
|move|p1a: Kingambit|Kowtow Cleave|p2a: Primarina
|-resisted|p2a: Primarina
|-damage|p2a: Primarina|57/100
|
|upkeep
|turn|12
|
|t:|1757795079
|move|p2a: Primarina|Moonblast|p1a: Kingambit
|-damage|p1a: Kingambit|30/100
|-unboost|p1a: Kingambit|spa|1
|move|p1a: Kingambit|Iron Head|p2a: Primarina
|-damage|p2a: Primarina|0 fnt
|faint|p2a: Primarina
|
|upkeep
|-message|UltraGodGreninja forfeited.
|
|win|LVL62Monoco
|raw|LVL62Monoco's rating: 1482 &rarr; <strong>1503</strong><br />(+21 for winning)
|raw|UltraGodGreninja's rating: 1493 &rarr; <strong>1472</strong><br />(-21 for losing)
|l|☆UltraGodGreninja
|player|p2|
|l|☆LVL62Monoco
|player|p1|
