|j|☆KnotJack
|j|☆Twinkanitar
|t:|1757813190
|gametype|singles
|player|p1|KnotJack|shadowtriad|1138
|player|p2|Twinkanitar|bellelba|1129
|gen|9
|tier|[Gen 9] OU
|rated|
|rule|HP Percentage Mod: HP is shown in percentages
|rule|Endless Battle Clause: Forcing endless battles is banned
|rule|Species Clause: Limit one of each Pokémon
|rule|OHKO Clause: OHKO moves are banned
|rule|Evasion Items Clause: Evasion items are banned
|rule|Evasion Moves Clause: Evasion moves are banned
|rule|Evasion Abilities Clause: Evasion abilities are banned
|rule|Sleep Moves Clause: Sleep-inducing moves are banned
|clearpoke
|poke|p1|Ambipom, F|
|poke|p1|Garganacl, M|
|poke|p1|Clefable, F|
|poke|p1|Garchomp, M|
|poke|p1|Lycanroc-Dusk, F|
|poke|p1|Crocalor, M|
|poke|p2|Hoopa-Unbound|
|poke|p2|Moltres|
|poke|p2|Hitmonchan, M|
|poke|p2|Primarina, F|
|poke|p2|Whimsicott, F|
|poke|p2|Mamoswine, M|
|teampreview
|
|t:|1757813203
|teamsize|p1|6
|teamsize|p2|6
|start
|switch|p1a: Ambipom|Ambipom, F|100/100
|switch|p2a: Mamoswine|Mamoswine, M|100/100
|turn|1
|
|t:|1757813208
|switch|p2a: Moltres|Moltres|100/100
|move|p1a: Ambipom|Fake Out|p2a: Moltres
|-damage|p2a: Moltres|76/100
|-damage|p1a: Ambipom|91/100|[from] item: Life Orb
|
|upkeep
|turn|2
|
|t:|1757813216
|move|p1a: Ambipom|Last Resort|p2a: Moltres
|-damage|p2a: Moltres|26/100
|-damage|p1a: Ambipom|81/100|[from] item: Life Orb
|move|p2a: Moltres|U-turn|p1a: Ambipom
|-damage|p1a: Ambipom|57/100
|
|t:|1757813223
|switch|p2a: Hitmonchan|Hitmonchan, M|100/100|[from] U-turn
|
|upkeep
|turn|3
|
|t:|1757813227
|move|p2a: Hitmonchan|Mach Punch|p1a: Ambipom
|-supereffective|p1a: Ambipom
|-damage|p1a: Ambipom|0 fnt
|faint|p1a: Ambipom
|-damage|p2a: Hitmonchan|91/100|[from] item: Life Orb
|
|upkeep
|
|t:|1757813244
|switch|p1a: Clefable|Clefable, F|100/100
|turn|4
|
|t:|1757813255
|switch|p2a: Whimsicott|Whimsicott, F|100/100
|move|p1a: Clefable|Calm Mind|p1a: Clefable
|-boost|p1a: Clefable|spa|1
|-boost|p1a: Clefable|spd|1
|
|upkeep
|turn|5
|
|t:|1757813263
|switch|p1a: Garchomp|Garchomp, M|100/100
|move|p2a: Whimsicott|Taunt|p1a: Garchomp
|-start|p1a: Garchomp|move: Taunt
|
|upkeep
|turn|6
|
|t:|1757813267
|move|p2a: Whimsicott|Moonblast|p1a: Garchomp
|-supereffective|p1a: Garchomp
|-damage|p1a: Garchomp|59/100
|-unboost|p1a: Garchomp|spa|1
|move|p1a: Garchomp|Iron Head|p2a: Whimsicott
|-supereffective|p2a: Whimsicott
|-damage|p2a: Whimsicott|31/100
|
|-heal|p2a: Whimsicott|38/100|[from] item: Leftovers
|upkeep
|turn|7
|
|t:|1757813271
|switch|p1a: Clefable|Clefable, F|100/100
|move|p2a: Whimsicott|Memento|p1a: Clefable
|-unboost|p1a: Clefable|atk|2
|-unboost|p1a: Clefable|spa|2
|faint|p2a: Whimsicott
|
|upkeep
|
|t:|1757813273
|switch|p2a: Primarina|Primarina, F|100/100
|turn|8
|
|t:|1757813284
|move|p2a: Primarina|Substitute|p2a: Primarina
|-start|p2a: Primarina|Substitute
|-damage|p2a: Primarina|76/100
|move|p1a: Clefable|Calm Mind|p1a: Clefable
|-boost|p1a: Clefable|spa|1
|-boost|p1a: Clefable|spd|1
|
|-heal|p2a: Primarina|82/100|[from] item: Leftovers
|upkeep
|turn|9
|
|t:|1757813292
|move|p2a: Primarina|Calm Mind|p2a: Primarina
|-boost|p2a: Primarina|spa|1
|-boost|p2a: Primarina|spd|1
|move|p1a: Clefable|Calm Mind|p1a: Clefable
|-boost|p1a: Clefable|spa|1
|-boost|p1a: Clefable|spd|1
|
|-heal|p2a: Primarina|88/100|[from] item: Leftovers
|upkeep
|turn|10
|
|t:|1757813306
|move|p2a: Primarina|Calm Mind|p2a: Primarina
|-boost|p2a: Primarina|spa|1
|-boost|p2a: Primarina|spd|1
|move|p1a: Clefable|Moonblast|p2a: Primarina
|-activate|p2a: Primarina|move: Substitute|[damage]
|
|-heal|p2a: Primarina|94/100|[from] item: Leftovers
|upkeep
|turn|11
|
|t:|1757813315
|move|p2a: Primarina|Calm Mind|p2a: Primarina
|-boost|p2a: Primarina|spa|1
|-boost|p2a: Primarina|spd|1
|move|p1a: Clefable|Calm Mind|p1a: Clefable
|-boost|p1a: Clefable|spa|1
|-boost|p1a: Clefable|spd|1
|
|-heal|p2a: Primarina|100/100|[from] item: Leftovers
|upkeep
|turn|12
|
|t:|1757813320
|move|p2a: Primarina|Calm Mind|p2a: Primarina
|-boost|p2a: Primarina|spa|1
|-boost|p2a: Primarina|spd|1
|move|p1a: Clefable|Calm Mind|p1a: Clefable
|-boost|p1a: Clefable|spa|1
|-boost|p1a: Clefable|spd|1
|
|upkeep
|turn|13
|
|t:|1757813322
|move|p2a: Primarina|Calm Mind|p2a: Primarina
|-boost|p2a: Primarina|spa|1
|-boost|p2a: Primarina|spd|1
|move|p1a: Clefable|Calm Mind|p1a: Clefable
|-boost|p1a: Clefable|spa|1
|-boost|p1a: Clefable|spd|1
|
|upkeep
|turn|14
|
|t:|1757813323
|move|p2a: Primarina|Calm Mind|p2a: Primarina
|-boost|p2a: Primarina|spa|1
|-boost|p2a: Primarina|spd|1
|move|p1a: Clefable|Calm Mind|p1a: Clefable
|-boost|p1a: Clefable|spa|1
|-boost|p1a: Clefable|spd|1
|
|upkeep
|turn|15
|
|t:|1757813327
|move|p2a: Primarina|Moonblast|p1a: Clefable
|-crit|p1a: Clefable
|-damage|p1a: Clefable|0 fnt
|faint|p1a: Clefable
|
|upkeep
|
|t:|1757813351
|switch|p1a: Lycanroc|Lycanroc-Dusk, F|100/100
|turn|16
|
|t:|1757813372
|move|p1a: Lycanroc|Iron Head|p2a: Primarina
|-end|p2a: Primarina|Substitute
|move|p2a: Primarina|Surf|p1a: Lycanroc
|-supereffective|p1a: Lycanroc
|-damage|p1a: Lycanroc|0 fnt
|faint|p1a: Lycanroc
|
|upkeep
|
|t:|1757813392
|switch|p1a: Garchomp|Garchomp, M|59/100
|turn|17
|
|t:|1757813396
|move|p1a: Garchomp|Earthquake|p2a: Primarina
|-damage|p2a: Primarina|2/100
|move|p2a: Primarina|Moonblast|p1a: Garchomp
|-supereffective|p1a: Garchomp
|-damage|p1a: Garchomp|0 fnt
|faint|p1a: Garchomp
|
|-heal|p2a: Primarina|9/100|[from] item: Leftovers
|upkeep
|
|t:|1757813403
|switch|p1a: Crocalor|Crocalor, M|100/100
|turn|18
|
|t:|1757813409
|move|p2a: Primarina|Surf|p1a: Crocalor
|-supereffective|p1a: Crocalor
|-damage|p1a: Crocalor|4/100
|move|p1a: Crocalor|Snarl|p2a: Primarina
|-resisted|p2a: Primarina
|-damage|p2a: Primarina|4/100
|-unboost|p2a: Primarina|spa|1
|
|-heal|p2a: Primarina|10/100|[from] item: Leftovers
|upkeep
|turn|19
|
|t:|1757813416
|move|p2a: Primarina|Surf|p1a: Crocalor
|-supereffective|p1a: Crocalor
|-damage|p1a: Crocalor|0 fnt
|faint|p1a: Crocalor
|
|-heal|p2a: Primarina|16/100|[from] item: Leftovers
|upkeep
|
|t:|1757813417
|switch|p1a: Garganacl|Garganacl, M|100/100
|turn|20
|
|t:|1757813421
|-terastallize|p1a: Garganacl|Fairy
|move|p2a: Primarina|Surf|p1a: Garganacl
|-damage|p1a: Garganacl|0 fnt
|faint|p1a: Garganacl
|
|win|Twinkanitar
|raw|KnotJack's rating: 1138 &rarr; <strong>1112</strong><br />(-26 for losing)
|raw|Twinkanitar's rating: 1129 &rarr; <strong>1155</strong><br />(+26 for winning)
|l|☆Twinkanitar
|player|p2|
|l|☆KnotJack
|player|p1|
