|j|☆RAND0M TEAM GENS
|j|☆SlayerArceus25
|t:|1757898060
|gametype|singles
|player|p1|RAND0M TEAM GENS|giovanni-gen3|1356
|player|p2|SlayerArceus25|lusamine-nihilego|1460
|gen|9
|tier|[Gen 9] OU
|rated|
|rule|HP Percentage Mod: HP is shown in percentages
|rule|Endless Battle Clause: Forcing endless battles is banned
|rule|Species Clause: Limit one of each Pokémon
|rule|OHKO Clause: OHKO moves are banned
|rule|Evasion Items Clause: Evasion items are banned
|rule|Evasion Moves Clause: Evasion moves are banned
|rule|Evasion Abilities Clause: Evasion abilities are banned
|rule|Sleep Moves Clause: Sleep-inducing moves are banned
|clearpoke
|poke|p1|Porygon-Z|
|poke|p1|Iron Moth|
|poke|p1|Darkrai|
|poke|p1|Iron Valiant|
|poke|p1|Munkidori, M|
|poke|p1|Deoxys-Speed|
|poke|p2|Samurott-Hisui, M|
|poke|p2|Hydrapple, M|
|poke|p2|Gholdengo|
|poke|p2|Iron Moth|
|poke|p2|Rillaboom, M|
|poke|p2|Hawlucha, M|
|teampreview
|inactive|Battle timer is ON: inactive players will automatically lose when time's up. (requested by SlayerArceus25)
|
|t:|1757898073
|teamsize|p1|6
|teamsize|p2|6
|start
|switch|p1a: Iron Valiant|Iron Valiant|100/100
|switch|p2a: Samurott|Samurott-Hisui, M|100/100
|-enditem|p1a: Iron Valiant|Booster Energy
|-activate|p1a: Iron Valiant|ability: Quark Drive|[fromitem]
|-start|p1a: Iron Valiant|quarkdrivespe
|turn|1
|
|t:|1757898079
|move|p1a: Iron Valiant|Moonblast|p2a: Samurott
|-supereffective|p2a: Samurott
|-damage|p2a: Samurott|47/100
|-unboost|p2a: Samurott|spa|1
|move|p2a: Samurott|Ceaseless Edge|p1a: Iron Valiant
|-resisted|p1a: Iron Valiant
|-damage|p1a: Iron Valiant|90/100
|-sidestart|p1: RAND0M TEAM GENS|Spikes
|
|upkeep
|turn|2
|
|t:|1757898083
|move|p2a: Samurott|Sucker Punch|p1a: Iron Valiant
|-resisted|p1a: Iron Valiant
|-damage|p1a: Iron Valiant|81/100
|move|p1a: Iron Valiant|Moonblast|p2a: Samurott
|-supereffective|p2a: Samurott
|-damage|p2a: Samurott|0 fnt
|faint|p2a: Samurott
|
|upkeep
|
|t:|1757898091
|switch|p2a: Gholdengo|Gholdengo|100/100
|-item|p2a: Gholdengo|Air Balloon
|turn|3
|
|t:|1757898093
|move|p1a: Iron Valiant|Knock Off|p2a: Gholdengo
|-supereffective|p2a: Gholdengo
|-damage|p2a: Gholdengo|56/100
|-enditem|p2a: Gholdengo|Air Balloon
|move|p2a: Gholdengo|Make It Rain|p1a: Iron Valiant
|-supereffective|p1a: Iron Valiant
|-damage|p1a: Iron Valiant|0 fnt
|-unboost|p2a: Gholdengo|spa|1
|faint|p1a: Iron Valiant
|-end|p1a: Iron Valiant|Quark Drive|[silent]
|
|upkeep
|
|t:|1757898108
|switch|p1a: Darkrai|Darkrai|100/100
|-damage|p1a: Darkrai|88/100|[from] Spikes
|turn|4
|
|t:|1757898112
|move|p1a: Darkrai|Thunder|p2a: Gholdengo
|-crit|p2a: Gholdengo
|-damage|p2a: Gholdengo|0 fnt
|faint|p2a: Gholdengo
|
|upkeep
|
|t:|1757898116
|switch|p2a: Rillaboom|Rillaboom, M|100/100
|-fieldstart|move: Grassy Terrain|[from] ability: Grassy Surge|[of] p2a: Rillaboom
|turn|5
|
|t:|1757898120
|switch|p1a: Iron Moth|Iron Moth|100/100
|-damage|p1a: Iron Moth|88/100|[from] Spikes
|move|p2a: Rillaboom|U-turn|p1a: Iron Moth
|-resisted|p1a: Iron Moth
|-damage|p1a: Iron Moth|71/100
|
|t:|1757898133
|switch|p2a: Hawlucha|Hawlucha, M|100/100|[from] U-turn
|-enditem|p2a: Hawlucha|Grassy Seed
|-boost|p2a: Hawlucha|def|1|[from] item: Grassy Seed
|
|-heal|p1a: Iron Moth|77/100|[from] Grassy Terrain
|upkeep
|turn|6
|
|t:|1757898137
|move|p2a: Hawlucha|Swords Dance|p2a: Hawlucha
|-boost|p2a: Hawlucha|atk|2
|move|p1a: Iron Moth|Discharge|p2a: Hawlucha
|-supereffective|p2a: Hawlucha
|-damage|p2a: Hawlucha|22/100
|
|-heal|p1a: Iron Moth|83/100|[from] Grassy Terrain
|upkeep
|turn|7
|
|t:|1757898146
|move|p2a: Hawlucha|Acrobatics|p1a: Iron Moth
|-damage|p1a: Iron Moth|0 fnt
|faint|p1a: Iron Moth
|-end|p1a: Iron Moth|Quark Drive|[silent]
|
|upkeep
|
|t:|1757898154
|switch|p1a: Darkrai|Darkrai|88/100
|-damage|p1a: Darkrai|76/100|[from] Spikes
|turn|8
|
|t:|1757898158
|-terastallize|p2a: Hawlucha|Flying
|-terastallize|p1a: Darkrai|Steel
|move|p2a: Hawlucha|Acrobatics|p1a: Darkrai
|-resisted|p1a: Darkrai
|-damage|p1a: Darkrai|0 fnt
|faint|p1a: Darkrai
|
|upkeep
|
|t:|1757898163
|switch|p1a: Porygon-Z|Porygon-Z|100/100
|-damage|p1a: Porygon-Z|88/100|[from] Spikes
|turn|9
|
|t:|1757898166
|move|p2a: Hawlucha|Close Combat|p1a: Porygon-Z
|-supereffective|p1a: Porygon-Z
|-damage|p1a: Porygon-Z|0 fnt
|-unboost|p2a: Hawlucha|def|1
|-unboost|p2a: Hawlucha|spd|1
|faint|p1a: Porygon-Z
|
|-fieldend|move: Grassy Terrain
|upkeep
|
|t:|1757898168
|switch|p1a: Deoxys|Deoxys-Speed|100/100
|-damage|p1a: Deoxys|88/100|[from] Spikes
|-ability|p1a: Deoxys|Pressure
|turn|10
|
|t:|1757898171
|move|p2a: Hawlucha|Acrobatics|p1a: Deoxys
|-damage|p1a: Deoxys|0 fnt
|faint|p1a: Deoxys
|
|upkeep
|
|t:|1757898173
|switch|p1a: Munkidori|Munkidori, M|100/100
|-damage|p1a: Munkidori|88/100|[from] Spikes
|turn|11
|
|t:|1757898175
|move|p2a: Hawlucha|Acrobatics|p1a: Munkidori
|-crit|p1a: Munkidori
|-damage|p1a: Munkidori|0 fnt
|faint|p1a: Munkidori
|
|win|SlayerArceus25
|raw|RAND0M TEAM GENS's rating: 1356 &rarr; <strong>1342</strong><br />(-14 for losing)
|raw|SlayerArceus25's rating: 1460 &rarr; <strong>1474</strong><br />(+14 for winning)
|c|☆SlayerArceus25|gg
|l|☆SlayerArceus25
|player|p2|
|l|☆RAND0M TEAM GENS
|player|p1|
