|j|☆preppy dude
|j|☆mewcrr
|t:|1757837736
|gametype|singles
|player|p1|preppy dude|102|1184
|player|p2|mewcrr|rood|1134
|gen|9
|tier|[Gen 9] OU
|rated|
|rule|HP Percentage Mod: HP is shown in percentages
|rule|Endless Battle Clause: Forcing endless battles is banned
|rule|Species Clause: Limit one of each Pokémon
|rule|OHKO Clause: OHKO moves are banned
|rule|Evasion Items Clause: Evasion items are banned
|rule|Evasion Moves Clause: Evasion moves are banned
|rule|Evasion Abilities Clause: Evasion abilities are banned
|rule|Sleep Moves Clause: Sleep-inducing moves are banned
|clearpoke
|poke|p1|Zapdos|
|poke|p1|Golem, M|
|poke|p1|Arbok, M|
|poke|p1|Rhydon, M|
|poke|p1|Magneton|
|poke|p1|Dodrio, M|
|poke|p2|Dragapult, F|
|poke|p2|Weezing, F|
|poke|p2|Umbreon, M|
|poke|p2|Maushold|
|poke|p2|Talonflame, F|
|poke|p2|Rotom-Heat|
|teampreview
|
|t:|1757837745
|teamsize|p1|6
|teamsize|p2|6
|start
|switch|p1a: Golem|Golem, M|100/100
|switch|p2a: Dragapult|Dragapult, F|100/100
|turn|1
|inactive|Battle timer is ON: inactive players will automatically lose when time's up. (requested by preppy dude)
|
|t:|1757837751
|move|p2a: Dragapult|Shadow Ball|p1a: Golem
|-damage|p1a: Golem|16/100
|move|p1a: Golem|Rock Blast|p2a: Dragapult
|-damage|p2a: Dragapult|82/100
|-damage|p2a: Dragapult|63/100
|-damage|p2a: Dragapult|44/100
|-hitcount|p2a: Dragapult|3
|
|upkeep
|turn|2
|
|t:|1757837761
|switch|p1a: Dodrio|Dodrio, M|100/100
|move|p2a: Dragapult|Shadow Ball|p1a: Dodrio
|-immune|p1a: Dodrio
|
|upkeep
|turn|3
|
|t:|1757837768
|switch|p2a: Weezing|Weezing, F|100/100
|move|p1a: Dodrio|Knock Off|p2a: Weezing
|-damage|p2a: Weezing|73/100
|-enditem|p2a: Weezing|Leftovers|[from] move: Knock Off|[of] p1a: Dodrio
|
|upkeep
|turn|4
|
|t:|1757837779
|switch|p1a: Golem|Golem, M|16/100
|move|p2a: Weezing|Will-O-Wisp|p1a: Golem
|-status|p1a: Golem|brn
|
|-damage|p1a: Golem|10/100 brn|[from] brn
|upkeep
|turn|5
|-enditem|p1a: Golem|Custap Berry|[eat]
|-activate|p1a: Golem|item: Custap Berry|[consumed]
|
|t:|1757837788
|move|p1a: Golem|Stealth Rock|p2a: Weezing
|-sidestart|p2: mewcrr|move: Stealth Rock
|move|p2a: Weezing|Sludge Bomb|p1a: Golem
|-resisted|p1a: Golem
|-damage|p1a: Golem|0 fnt
|faint|p1a: Golem
|
|upkeep
|
|t:|1757837801
|switch|p1a: Arbok|Arbok, M|100/100
|-ability|p1a: Arbok|Intimidate|boost
|-unboost|p2a: Weezing|atk|1
|turn|6
|
|t:|1757837810
|move|p1a: Arbok|Protect|p1a: Arbok
|-singleturn|p1a: Arbok|Protect
|move|p2a: Weezing|Will-O-Wisp|p1a: Arbok
|-activate|p1a: Arbok|move: Protect
|
|upkeep
|turn|7
|
|t:|1757837834
|switch|p1a: Magneton|Magneton|100/100
|move|p2a: Weezing|Will-O-Wisp|p1a: Magneton|[miss]
|-miss|p2a: Weezing|p1a: Magneton
|
|upkeep
|turn|8
|
|t:|1757837841
|move|p1a: Magneton|Discharge|p2a: Weezing
|-damage|p2a: Weezing|36/100
|move|p2a: Weezing|Will-O-Wisp|p1a: Magneton|[miss]
|-miss|p2a: Weezing|p1a: Magneton
|
|upkeep
|turn|9
|
|t:|1757837850
|move|p1a: Magneton|Discharge|p2a: Weezing
|-damage|p2a: Weezing|0 fnt
|faint|p2a: Weezing
|
|upkeep
|
|t:|1757837855
|switch|p2a: Maushold|Maushold|100/100
|-damage|p2a: Maushold|88/100|[from] Stealth Rock
|turn|10
|
|t:|1757837859
|move|p1a: Magneton|Discharge|p2a: Maushold
|-damage|p2a: Maushold|25/100
|-status|p2a: Maushold|par
|cant|p2a: Maushold|par
|
|upkeep
|turn|11
|
|t:|1757837866
|move|p1a: Magneton|Discharge|p2a: Maushold
|-damage|p2a: Maushold|0 fnt
|faint|p2a: Maushold
|
|upkeep
|-message|mewcrr forfeited.
|
|win|preppy dude
|raw|preppy dude's rating: 1184 &rarr; <strong>1205</strong><br />(+21 for winning)
|raw|mewcrr's rating: 1134 &rarr; <strong>1113</strong><br />(-21 for losing)
|l|☆mewcrr
|player|p2|
|l|☆preppy dude
|player|p1|
