|j|☆NEZK025
|j|☆malamarkus
|t:|1757950211
|gametype|singles
|player|p1|NEZK025|nate|1505
|player|p2|malamarkus|carmine-festival|1550
|gen|9
|tier|[Gen 9] OU
|rated|
|rule|HP Percentage Mod: HP is shown in percentages
|rule|Endless Battle Clause: Forcing endless battles is banned
|rule|Species Clause: Limit one of each Pokémon
|rule|OHKO Clause: OHKO moves are banned
|rule|Evasion Items Clause: Evasion items are banned
|rule|Evasion Moves Clause: Evasion moves are banned
|rule|Evasion Abilities Clause: Evasion abilities are banned
|rule|Sleep Moves Clause: Sleep-inducing moves are banned
|clearpoke
|poke|p1|Landorus-Therian, M|
|poke|p1|Samurott-Hisui, M|
|poke|p1|Pecharunt|
|poke|p1|Scizor, M|
|poke|p1|Latios, M|
|poke|p1|Zamazenta-*|
|poke|p2|Kingambit, M|
|poke|p2|Deoxys-Speed|
|poke|p2|Great Tusk|
|poke|p2|Dragonite, F|
|poke|p2|Iron Moth|
|poke|p2|Malamar, M|
|teampreview
|
|t:|1757950226
|teamsize|p1|6
|teamsize|p2|6
|start
|switch|p1a: Samurott|Samurott-Hisui, M|100/100
|switch|p2a: Calamari|Malamar, M|100/100
|turn|1
|c|☆NEZK025|My friend malamar
|
|t:|1757950247
|switch|p1a: Pecharunt|Pecharunt|100/100
|move|p2a: Calamari|Superpower|p1a: Pecharunt
|-immune|p1a: Pecharunt
|
|upkeep
|turn|2
|
|t:|1757950255
|switch|p2a: Helios|Iron Moth|100/100
|-enditem|p2a: Helios|Booster Energy
|-activate|p2a: Helios|ability: Quark Drive|[fromitem]
|-start|p2a: Helios|quarkdrivespe
|move|p1a: Pecharunt|Malignant Chain|p2a: Helios
|-resisted|p2a: Helios
|-damage|p2a: Helios|84/100
|
|upkeep
|turn|3
|
|t:|1757950279
|move|p2a: Helios|Fiery Dance|p1a: Pecharunt
|-damage|p1a: Pecharunt|62/100
|move|p1a: Pecharunt|Parting Shot|p2a: Helios
|-unboost|p2a: Helios|atk|1
|-unboost|p2a: Helios|spa|1
|
|t:|1757950286
|switch|p1a: Samurott|Samurott-Hisui, M|100/100|[from] Parting Shot
|
|upkeep
|turn|4
|inactive|Battle timer is ON: inactive players will automatically lose when time's up. (requested by NEZK025)
|
|t:|1757950329
|-end|p2a: Helios|Quark Drive|[silent]
|switch|p2a: Calamari|Malamar, M|100/100
|move|p1a: Samurott|Ceaseless Edge|p2a: Calamari
|-damage|p2a: Calamari|39/100
|-sidestart|p2: malamarkus|Spikes
|
|upkeep
|turn|5
|
|t:|1757950345
|move|p2a: Calamari|Destiny Bond|p2a: Calamari
|-singlemove|p2a: Calamari|Destiny Bond
|move|p1a: Samurott|Knock Off|p2a: Calamari
|-damage|p2a: Calamari|0 fnt
|-enditem|p2a: Calamari|Choice Scarf|[from] move: Knock Off|[of] p1a: Samurott
|faint|p2a: Calamari
|-activate|p2a: Calamari|move: Destiny Bond
|faint|p1a: Samurott
|
|upkeep
|
|t:|1757950359
|switch|p2a: Helios|Iron Moth|84/100
|switch|p1a: Latios|Latios, M|100/100
|-damage|p2a: Helios|71/100|[from] Spikes
|turn|6
|
|t:|1757950371
|move|p2a: Helios|Sludge Wave|p1a: Latios
|-damage|p1a: Latios|50/100
|move|p1a: Latios|Calm Mind|p1a: Latios
|-boost|p1a: Latios|spa|1
|-boost|p1a: Latios|spd|1
|
|upkeep
|turn|7
|
|t:|1757950377
|move|p2a: Helios|Sludge Wave|p1a: Latios
|-damage|p1a: Latios|17/100
|move|p1a: Latios|Recover|p1a: Latios
|-heal|p1a: Latios|67/100
|
|upkeep
|turn|8
|inactive|malamarkus has 120 seconds left.
|
|t:|1757950408
|-end|p2a: Helios|Quark Drive|[silent]
|switch|p2a: Vienna|Kingambit, M|100/100
|-damage|p2a: Vienna|88/100|[from] Spikes
|-activate|p2a: Vienna|ability: Supreme Overlord
|-start|p2a: Vienna|fallen1|[silent]
|move|p1a: Latios|Psychic Noise|p2a: Vienna
|-immune|p2a: Vienna
|
|-heal|p2a: Vienna|94/100|[from] item: Leftovers
|upkeep
|turn|9
|inactive|malamarkus has 120 seconds left.
|
|t:|1757950419
|switch|p1a: Landorus|Landorus-Therian, M|100/100
|-ability|p1a: Landorus|Intimidate|boost
|-unboost|p2a: Vienna|atk|1
|move|p2a: Vienna|Kowtow Cleave|p1a: Landorus
|-damage|p1a: Landorus|67/100
|-damage|p2a: Vienna|78/100|[from] item: Rocky Helmet|[of] p1a: Landorus
|
|-heal|p2a: Vienna|84/100|[from] item: Leftovers
|upkeep
|turn|10
|inactive|malamarkus has 120 seconds left.
|
|t:|1757950457
|-end|p2a: Vienna|fallen1|[silent]
|switch|p2a: Helios|Iron Moth|71/100
|-damage|p2a: Helios|59/100|[from] Spikes
|move|p1a: Landorus|Stealth Rock|p2a: Helios
|-sidestart|p2: malamarkus|move: Stealth Rock
|
|upkeep
|turn|11
|
|t:|1757950466
|move|p2a: Helios|Fiery Dance|p1a: Landorus
|-damage|p1a: Landorus|21/100
|move|p1a: Landorus|Earthquake|p2a: Helios
|-supereffective|p2a: Helios
|-damage|p2a: Helios|0 fnt
|faint|p2a: Helios
|-end|p2a: Helios|Quark Drive|[silent]
|
|upkeep
|
|t:|1757950479
|switch|p2a: Great Thighs|Great Tusk|100/100
|-damage|p2a: Great Thighs|88/100|[from] Spikes
|-damage|p2a: Great Thighs|85/100|[from] Stealth Rock
|-enditem|p2a: Great Thighs|Booster Energy
|-activate|p2a: Great Thighs|ability: Protosynthesis|[fromitem]
|-start|p2a: Great Thighs|protosynthesisatk
|turn|12
|
|t:|1757950487
|switch|p1a: Pecharunt|Pecharunt|62/100
|move|p2a: Great Thighs|Rapid Spin|p1a: Pecharunt
|-immune|p1a: Pecharunt
|
|upkeep
|turn|13
|
|t:|1757950494
|move|p1a: Pecharunt|Parting Shot|p2a: Great Thighs
|-unboost|p2a: Great Thighs|atk|1
|-unboost|p2a: Great Thighs|spa|1
|
|t:|1757950500
|switch|p1a: Latios|Latios, M|67/100|[from] Parting Shot
|move|p2a: Great Thighs|Headlong Rush|p1a: Latios
|-immune|p1a: Latios|[from] ability: Levitate
|
|upkeep
|turn|14
|inactive|malamarkus has 120 seconds left.
|
|t:|1757950513
|move|p1a: Latios|Draco Meteor|p2a: Great Thighs
|-damage|p2a: Great Thighs|0 fnt
|-unboost|p1a: Latios|spa|2
|faint|p2a: Great Thighs
|-end|p2a: Great Thighs|Protosynthesis|[silent]
|
|upkeep
|inactive|malamarkus has 120 seconds left.
|
|t:|1757950520
|switch|p2a: Trick Room Support|Deoxys-Speed|100/100
|-damage|p2a: Trick Room Support|88/100|[from] Spikes
|-damage|p2a: Trick Room Support|75/100|[from] Stealth Rock
|-ability|p2a: Trick Room Support|Pressure
|turn|15
|
|t:|1757950526
|switch|p1a: Landorus|Landorus-Therian, M|21/100
|-ability|p1a: Landorus|Intimidate|boost
|-unboost|p2a: Trick Room Support|atk|1
|move|p2a: Trick Room Support|Shadow Ball|p1a: Landorus
|-damage|p1a: Landorus|0 fnt
|faint|p1a: Landorus
|-damage|p2a: Trick Room Support|66/100|[from] item: Life Orb
|
|upkeep
|
|t:|1757950533
|switch|p1a: Scizor|Scizor, M|100/100
|turn|16
|inactive|malamarkus has 120 seconds left.
|
|t:|1757950577
|move|p2a: Trick Room Support|Focus Blast|p1a: Scizor
|-damage|p1a: Scizor|25/100
|-damage|p2a: Trick Room Support|56/100|[from] item: Life Orb
|move|p1a: Scizor|Swords Dance|p1a: Scizor
|-boost|p1a: Scizor|atk|2
|
|upkeep
|turn|17
|
|t:|1757950585
|move|p1a: Scizor|Bullet Punch|p2a: Trick Room Support
|-damage|p2a: Trick Room Support|0 fnt
|faint|p2a: Trick Room Support
|
|upkeep
|
|t:|1757950589
|switch|p2a: Niteinshiningarmor|Dragonite, F, shiny|100/100
|-damage|p2a: Niteinshiningarmor|76/100|[from] Stealth Rock
|turn|18
|inactive|malamarkus has 120 seconds left.
|
|t:|1757950598
|move|p2a: Niteinshiningarmor|Extreme Speed|p1a: Scizor
|-resisted|p1a: Scizor
|-damage|p1a: Scizor|0 fnt
|faint|p1a: Scizor
|
|upkeep
|
|t:|1757950602
|switch|p1a: Zamazenta|Zamazenta|100/100
|-ability|p1a: Zamazenta|Dauntless Shield|boost
|-boost|p1a: Zamazenta|def|1
|turn|19
|
|t:|1757950604
|move|p2a: Niteinshiningarmor|Extreme Speed|p1a: Zamazenta
|-damage|p1a: Zamazenta|79/100
|move|p1a: Zamazenta|Iron Defense|p1a: Zamazenta
|-boost|p1a: Zamazenta|def|2
|
|-heal|p1a: Zamazenta|85/100|[from] item: Leftovers
|upkeep
|turn|20
|
|t:|1757950609
|move|p2a: Niteinshiningarmor|Extreme Speed|p1a: Zamazenta
|-damage|p1a: Zamazenta|71/100
|move|p1a: Zamazenta|Iron Defense|p1a: Zamazenta
|-boost|p1a: Zamazenta|def|2
|
|-heal|p1a: Zamazenta|77/100|[from] item: Leftovers
|upkeep
|turn|21
|
|t:|1757950617
|move|p2a: Niteinshiningarmor|Extreme Speed|p1a: Zamazenta
|-damage|p1a: Zamazenta|67/100
|move|p1a: Zamazenta|Iron Defense|p1a: Zamazenta
|-boost|p1a: Zamazenta|def|1
|
|-heal|p1a: Zamazenta|73/100|[from] item: Leftovers
|upkeep
|turn|22
|
|t:|1757950622
|move|p2a: Niteinshiningarmor|Extreme Speed|p1a: Zamazenta
|-damage|p1a: Zamazenta|65/100
|move|p1a: Zamazenta|Body Press|p2a: Niteinshiningarmor
|-resisted|p2a: Niteinshiningarmor
|-damage|p2a: Niteinshiningarmor|0 fnt
|faint|p2a: Niteinshiningarmor
|
|-heal|p1a: Zamazenta|71/100|[from] item: Leftovers
|upkeep
|
|t:|1757950626
|switch|p2a: Vienna|Kingambit, M|84/100
|-damage|p2a: Vienna|71/100|[from] Spikes
|-damage|p2a: Vienna|65/100|[from] Stealth Rock
|-activate|p2a: Vienna|ability: Supreme Overlord
|-start|p2a: Vienna|fallen5|[silent]
|turn|23
|
|t:|1757950633
|-terastallize|p2a: Vienna|Ghost
|move|p1a: Zamazenta|Body Press|p2a: Vienna
|-immune|p2a: Vienna
|move|p2a: Vienna|Swords Dance|p2a: Vienna
|-boost|p2a: Vienna|atk|2
|
|-heal|p1a: Zamazenta|77/100|[from] item: Leftovers
|-heal|p2a: Vienna|71/100|[from] item: Leftovers
|upkeep
|turn|24
|
|t:|1757950640
|move|p1a: Zamazenta|Crunch|p2a: Vienna
|-supereffective|p2a: Vienna
|-damage|p2a: Vienna|38/100
|-unboost|p2a: Vienna|def|1
|move|p2a: Vienna|Swords Dance|p2a: Vienna
|-boost|p2a: Vienna|atk|2
|
|-heal|p1a: Zamazenta|83/100|[from] item: Leftovers
|-heal|p2a: Vienna|44/100|[from] item: Leftovers
|upkeep
|turn|25
|
|t:|1757950647
|move|p2a: Vienna|Sucker Punch|p1a: Zamazenta
|-resisted|p1a: Zamazenta
|-damage|p1a: Zamazenta|67/100
|move|p1a: Zamazenta|Crunch|p2a: Vienna
|-supereffective|p2a: Vienna
|-damage|p2a: Vienna|0 fnt
|faint|p2a: Vienna
|-end|p2a: Vienna|fallen5|[silent]
|
|win|NEZK025
|raw|NEZK025's rating: 1505 &rarr; <strong>1528</strong><br />(+23 for winning)
|raw|malamarkus's rating: 1550 &rarr; <strong>1527</strong><br />(-23 for losing)
|l|☆malamarkus
|player|p2|
|l|☆NEZK025
|player|p1|
