|j|☆starrrboy
|j|☆Kasey D
|t:|1757789557
|gametype|singles
|player|p1|starrrboy|marlon|1123
|player|p2|Kasey D|102|1115
|gen|9
|tier|[Gen 9] OU
|rated|
|rule|HP Percentage Mod: HP is shown in percentages
|rule|Endless Battle Clause: Forcing endless battles is banned
|rule|Species Clause: Limit one of each Pokémon
|rule|OHKO Clause: OHKO moves are banned
|rule|Evasion Items Clause: Evasion items are banned
|rule|Evasion Moves Clause: Evasion moves are banned
|rule|Evasion Abilities Clause: Evasion abilities are banned
|rule|Sleep Moves Clause: Sleep-inducing moves are banned
|clearpoke
|poke|p1|Raging Bolt|
|poke|p1|Ninetales, F|
|poke|p1|Rillaboom, F|
|poke|p1|Hatterene, F|
|poke|p1|Great Tusk|
|poke|p1|Walking Wake|
|poke|p2|Wigglytuff, M|
|poke|p2|Hatterene, F|
|poke|p2|Malamar, M|
|poke|p2|Farigiraf, M|
|poke|p2|Kingambit, M|
|poke|p2|Oricorio-Sensu, M|
|teampreview
|inactive|Battle timer is ON: inactive players will automatically lose when time's up. (requested by starrrboy)
|
|t:|1757789570
|teamsize|p1|6
|teamsize|p2|6
|start
|switch|p1a: Ninetales|Ninetales, F|100/100
|switch|p2a: Hatterene|Hatterene, F|100/100
|-weather|SunnyDay|[from] ability: Drought|[of] p1a: Ninetales
|turn|1
|
|t:|1757789579
|move|p1a: Ninetales|Flamethrower|p2a: Hatterene
|-damage|p2a: Hatterene|59/100
|move|p2a: Hatterene|Trick Room|p2a: Hatterene
|-fieldstart|move: Trick Room|[of] p2a: Hatterene
|
|-weather|SunnyDay|[upkeep]
|upkeep
|turn|2
|
|t:|1757789591
|move|p2a: Hatterene|Psychic Noise|p1a: Ninetales
|-damage|p1a: Ninetales|57/100
|-start|p1a: Ninetales|move: Heal Block
|move|p1a: Ninetales|Flamethrower|p2a: Hatterene
|-damage|p2a: Hatterene|20/100
|
|-weather|SunnyDay|[upkeep]
|upkeep
|turn|3
|
|t:|1757789605
|move|p2a: Hatterene|Psychic Noise|p1a: Ninetales
|-damage|p1a: Ninetales|12/100
|move|p1a: Ninetales|Flamethrower|p2a: Hatterene
|-damage|p2a: Hatterene|0 fnt
|faint|p2a: Hatterene
|
|-weather|SunnyDay|[upkeep]
|-end|p1a: Ninetales|move: Heal Block
|upkeep
|
|t:|1757789623
|switch|p2a: Wigglytuff|Wigglytuff, M|100/100
|turn|4
|
|t:|1757789631
|switch|p1a: Great Tusk|Great Tusk|100/100
|-activate|p1a: Great Tusk|ability: Protosynthesis
|-start|p1a: Great Tusk|protosynthesisatk
|move|p2a: Wigglytuff|Hyper Voice|p1a: Great Tusk
|-crit|p1a: Great Tusk
|-damage|p1a: Great Tusk|8/100
|-enditem|p2a: Wigglytuff|Throat Spray
|-boost|p2a: Wigglytuff|spa|1|[from] item: Throat Spray
|
|-weather|SunnyDay|[upkeep]
|upkeep
|turn|5
|
|t:|1757789644
|-end|p1a: Great Tusk|Protosynthesis|[silent]
|switch|p1a: Rillaboom|Rillaboom, F|100/100
|-fieldstart|move: Grassy Terrain|[from] ability: Grassy Surge|[of] p1a: Rillaboom
|move|p2a: Wigglytuff|Hyper Voice|p1a: Rillaboom
|-damage|p1a: Rillaboom|58/100
|
|-weather|SunnyDay|[upkeep]
|-heal|p1a: Rillaboom|64/100|[from] Grassy Terrain
|-fieldend|move: Trick Room
|upkeep
|turn|6
|
|t:|1757789656
|move|p1a: Rillaboom|Wood Hammer|p2a: Wigglytuff
|-damage|p2a: Wigglytuff|0 fnt
|faint|p2a: Wigglytuff
|-damage|p1a: Rillaboom|24/100|[from] Recoil
|
|-weather|SunnyDay|[upkeep]
|-heal|p1a: Rillaboom|30/100|[from] Grassy Terrain
|upkeep
|
|t:|1757789674
|switch|p2a: Oricorio|Oricorio-Sensu, M|100/100
|turn|7
|
|t:|1757789682
|move|p2a: Oricorio|Air Slash|p1a: Rillaboom
|-supereffective|p1a: Rillaboom
|-damage|p1a: Rillaboom|0 fnt
|faint|p1a: Rillaboom
|
|-weather|SunnyDay|[upkeep]
|upkeep
|
|t:|1757789686
|switch|p1a: Hatterene|Hatterene, F|100/100
|-enditem|p1a: Hatterene|Grassy Seed
|-boost|p1a: Hatterene|def|1|[from] item: Grassy Seed
|turn|8
|
|t:|1757789696
|-terastallize|p1a: Hatterene|Water
|move|p2a: Oricorio|Quiver Dance|p2a: Oricorio
|-boost|p2a: Oricorio|spa|1
|-boost|p2a: Oricorio|spd|1
|-boost|p2a: Oricorio|spe|1
|move|p1a: Hatterene|Calm Mind|p1a: Hatterene
|-boost|p1a: Hatterene|spa|1
|-boost|p1a: Hatterene|spd|1
|
|-weather|none
|upkeep
|turn|9
|
|t:|1757789716
|move|p2a: Oricorio|Air Slash|p1a: Hatterene
|-damage|p1a: Hatterene|62/100
|cant|p1a: Hatterene|flinch
|
|-heal|p1a: Hatterene|67/100|[from] Grassy Terrain
|-fieldend|move: Grassy Terrain
|upkeep
|turn|10
|
|t:|1757789745
|move|p2a: Oricorio|Air Slash|p1a: Hatterene
|-damage|p1a: Hatterene|33/100
|move|p1a: Hatterene|Calm Mind|p1a: Hatterene
|-boost|p1a: Hatterene|spa|1
|-boost|p1a: Hatterene|spd|1
|
|upkeep
|turn|11
|
|t:|1757789756
|move|p2a: Oricorio|Revelation Dance|p1a: Hatterene
|-damage|p1a: Hatterene|0 fnt
|faint|p1a: Hatterene
|
|upkeep
|
|t:|1757789775
|switch|p1a: Raging Bolt|Raging Bolt|100/100
|turn|12
|
|t:|1757789804
|-terastallize|p2a: Oricorio|Fighting
|move|p2a: Oricorio|Quiver Dance|p2a: Oricorio
|-boost|p2a: Oricorio|spa|1
|-boost|p2a: Oricorio|spd|1
|-boost|p2a: Oricorio|spe|1
|move|p1a: Raging Bolt|Supercell Slam|p2a: Oricorio
|-damage|p2a: Oricorio|23/100
|-damage|p1a: Raging Bolt|91/100|[from] item: Life Orb
|
|upkeep
|turn|13
|
|t:|1757789821
|move|p2a: Oricorio|Revelation Dance|p1a: Raging Bolt
|-damage|p1a: Raging Bolt|14/100
|move|p1a: Raging Bolt|Dragon Hammer|p2a: Oricorio
|-crit|p2a: Oricorio
|-damage|p2a: Oricorio|0 fnt
|faint|p2a: Oricorio
|-damage|p1a: Raging Bolt|4/100|[from] item: Life Orb
|
|upkeep
|inactive|Kasey D has 120 seconds left.
|
|t:|1757789831
|switch|p2a: Malamar|Malamar, M|100/100
|turn|14
|
|t:|1757789837
|move|p1a: Raging Bolt|Dragon Hammer|p2a: Malamar
|-damage|p2a: Malamar|53/100
|-damage|p1a: Raging Bolt|0 fnt|[from] item: Life Orb
|faint|p1a: Raging Bolt
|-end|p1a: Raging Bolt|Protosynthesis|[silent]
|move|p2a: Malamar|Superpower|p1: Raging Bolt|[notarget]
|-fail|p2a: Malamar
|
|-heal|p2a: Malamar|59/100|[from] item: Leftovers
|upkeep
|
|t:|1757789846
|switch|p1a: Ninetales|Ninetales, F|12/100
|-weather|SunnyDay|[from] ability: Drought|[of] p1a: Ninetales
|turn|15
|
|t:|1757789859
|move|p1a: Ninetales|Healing Wish|p1a: Ninetales
|faint|p1a: Ninetales
|move|p2a: Malamar|Superpower|p1: Ninetales|[notarget]
|-fail|p2a: Malamar
|
|-weather|SunnyDay|[upkeep]
|-heal|p2a: Malamar|65/100|[from] item: Leftovers
|upkeep
|
|t:|1757789861
|switch|p1a: Walking Wake|Walking Wake|100/100
|-activate|p1a: Walking Wake|ability: Protosynthesis
|-start|p1a: Walking Wake|protosynthesisspe
|turn|16
|
|t:|1757789878
|move|p1a: Walking Wake|Hydro Steam|p2a: Malamar
|-damage|p2a: Malamar|0 fnt
|faint|p2a: Malamar
|
|-weather|SunnyDay|[upkeep]
|upkeep
|
|t:|1757789887
|switch|p2a: Farigiraf|Farigiraf, M|100/100
|turn|17
|
|t:|1757789893
|move|p1a: Walking Wake|Hydro Steam|p2a: Farigiraf
|-damage|p2a: Farigiraf|5/100
|move|p2a: Farigiraf|Trick Room|p2a: Farigiraf
|-fieldstart|move: Trick Room|[of] p2a: Farigiraf
|
|-weather|SunnyDay|[upkeep]
|upkeep
|turn|18
|
|t:|1757789908
|-end|p1a: Walking Wake|Protosynthesis|[silent]
|switch|p1a: Great Tusk|Great Tusk|8/100
|-heal|p1a: Great Tusk|100/100|[from] move: Healing Wish
|-activate|p1a: Great Tusk|ability: Protosynthesis
|-start|p1a: Great Tusk|protosynthesisatk
|move|p2a: Farigiraf|Psychic|p1a: Great Tusk
|-supereffective|p1a: Great Tusk
|-damage|p1a: Great Tusk|0 fnt
|faint|p1a: Great Tusk
|-end|p1a: Great Tusk|Protosynthesis|[silent]
|-damage|p2a: Farigiraf|0 fnt|[from] item: Life Orb
|faint|p2a: Farigiraf
|
|-weather|SunnyDay|[upkeep]
|upkeep
|
|t:|1757789922
|switch|p2a: Kingambit|Kingambit, M|100/100
|switch|p1a: Walking Wake|Walking Wake|100/100
|-activate|p2a: Kingambit|ability: Supreme Overlord
|-start|p2a: Kingambit|fallen5|[silent]
|-activate|p1a: Walking Wake|ability: Protosynthesis
|-start|p1a: Walking Wake|protosynthesisspe
|turn|19
|
|t:|1757789939
|move|p2a: Kingambit|Kowtow Cleave|p1a: Walking Wake
|-damage|p1a: Walking Wake|0 fnt
|faint|p1a: Walking Wake
|-end|p1a: Walking Wake|Protosynthesis|[silent]
|-damage|p2a: Kingambit|91/100|[from] item: Life Orb
|
|win|Kasey D
|raw|starrrboy's rating: 1123 &rarr; <strong>1097</strong><br />(-26 for losing)
|raw|Kasey D's rating: 1115 &rarr; <strong>1141</strong><br />(+26 for winning)
|l|☆starrrboy
|player|p1|
|l|☆Kasey D
|player|p2|
