|j|☆aloiizx
|j|☆SpectralStorm
|t:|1757827501
|gametype|singles
|player|p1|aloiizx|266|1145
|player|p2|SpectralStorm|1|1133
|gen|9
|tier|[Gen 9] OU
|rated|
|rule|HP Percentage Mod: HP is shown in percentages
|rule|Endless Battle Clause: Forcing endless battles is banned
|rule|Species Clause: Limit one of each Pokémon
|rule|OHKO Clause: OHKO moves are banned
|rule|Evasion Items Clause: Evasion items are banned
|rule|Evasion Moves Clause: Evasion moves are banned
|rule|Evasion Abilities Clause: Evasion abilities are banned
|rule|Sleep Moves Clause: Sleep-inducing moves are banned
|clearpoke
|poke|p1|Rotom-Frost|
|poke|p1|Regice|
|poke|p1|Abomasnow, M|
|poke|p1|Sandslash-Alola, F|
|poke|p1|Froslass, F|
|poke|p1|Crabominable, F|
|poke|p2|Bellibolt, F|
|poke|p2|Basculegion, M|
|poke|p2|Dragonite, M|
|poke|p2|Iron Treads|
|poke|p2|Barraskewda, M|
|poke|p2|Pelipper, F|
|teampreview
|inactive|Battle timer is ON: inactive players will automatically lose when time's up. (requested by aloiizx)
|
|t:|1757827513
|teamsize|p1|6
|teamsize|p2|6
|start
|switch|p1a: Abomasnow|Abomasnow, M|100/100
|switch|p2a: Iron Treads|Iron Treads|100/100
|-weather|Snowscape|[from] ability: Snow Warning|[of] p1a: Abomasnow
|turn|1
|
|t:|1757827523
|move|p2a: Iron Treads|Stealth Rock|p1a: Abomasnow
|-sidestart|p1: aloiizx|move: Stealth Rock
|move|p1a: Abomasnow|Aurora Veil|p1a: Abomasnow
|-sidestart|p1: aloiizx|move: Aurora Veil
|
|-weather|Snowscape|[upkeep]
|upkeep
|turn|2
|
|t:|1757827529
|move|p2a: Iron Treads|Volt Switch|p1a: Abomasnow
|-resisted|p1a: Abomasnow
|-damage|p1a: Abomasnow|97/100
|
|t:|1757827531
|-end|p2a: Iron Treads|Quark Drive|[silent]
|switch|p2a: Pelipper|Pelipper, F|100/100|[from] Volt Switch
|-weather|RainDance|[from] ability: Drizzle|[of] p2a: Pelipper
|move|p1a: Abomasnow|Leech Seed|p2a: Pelipper
|-start|p2a: Pelipper|move: Leech Seed
|
|-weather|RainDance|[upkeep]
|-damage|p2a: Pelipper|88/100|[from] Leech Seed|[of] p1a: Abomasnow
|-heal|p1a: Abomasnow|100/100|[silent]
|upkeep
|turn|3
|
|t:|1757827541
|move|p2a: Pelipper|U-turn|p1a: Abomasnow
|-supereffective|p1a: Abomasnow
|-damage|p1a: Abomasnow|91/100
|
|t:|1757827545
|switch|p2a: Iron Treads|Iron Treads|100/100|[from] U-turn
|move|p1a: Abomasnow|Energy Ball|p2a: Iron Treads
|-damage|p2a: Iron Treads|60/100
|-enditem|p2a: Iron Treads|Eject Button
|
|t:|1757827553
|-end|p2a: Iron Treads|Quark Drive|[silent]
|switch|p2a: Dragonite|Dragonite, M|100/100
|
|-weather|RainDance|[upkeep]
|upkeep
|turn|4
|
|t:|1757827560
|move|p2a: Dragonite|Draco Meteor|p1a: Abomasnow
|-damage|p1a: Abomasnow|57/100
|-unboost|p2a: Dragonite|spa|2
|-enditem|p2a: Dragonite|Eject Pack
|
|t:|1757827564
|switch|p2a: Iron Treads|Iron Treads|60/100
|move|p1a: Abomasnow|Blizzard|p2a: Iron Treads|[miss]
|-miss|p1a: Abomasnow|p2a: Iron Treads
|
|-weather|RainDance|[upkeep]
|upkeep
|turn|5
|
|t:|1757827573
|move|p2a: Iron Treads|Rapid Spin|p1a: Abomasnow
|-damage|p1a: Abomasnow|50/100
|-boost|p2a: Iron Treads|spe|1
|move|p1a: Abomasnow|Leech Seed|p2a: Iron Treads
|-start|p2a: Iron Treads|move: Leech Seed
|
|-weather|RainDance|[upkeep]
|-damage|p2a: Iron Treads|47/100|[from] Leech Seed|[of] p1a: Abomasnow
|-heal|p1a: Abomasnow|62/100|[silent]
|-sideend|p1: aloiizx|move: Aurora Veil
|upkeep
|turn|6
|
|t:|1757827583
|move|p2a: Iron Treads|Volt Switch|p1a: Abomasnow
|-resisted|p1a: Abomasnow
|-crit|p1a: Abomasnow
|-damage|p1a: Abomasnow|52/100
|
|t:|1757827586
|-end|p2a: Iron Treads|Quark Drive|[silent]
|switch|p2a: Dragonite|Dragonite, M|100/100|[from] Volt Switch
|move|p1a: Abomasnow|Aurora Veil||[still]
|-fail|p1a: Abomasnow
|
|-weather|RainDance|[upkeep]
|upkeep
|turn|7
|
|t:|1757827598
|move|p2a: Dragonite|Hurricane|p1a: Abomasnow
|-supereffective|p1a: Abomasnow
|-damage|p1a: Abomasnow|0 fnt
|faint|p1a: Abomasnow
|
|-weather|RainDance|[upkeep]
|upkeep
|
|t:|1757827611
|switch|p1a: Rotom|Rotom-Frost|100/100
|-damage|p1a: Rotom|76/100|[from] Stealth Rock
|turn|8
|
|t:|1757827617
|move|p1a: Rotom|Volt Switch|p2a: Dragonite
|-damage|p2a: Dragonite|81/100
|
|t:|1757827628
|switch|p1a: Regice|Regice, shiny|100/100|[from] Volt Switch
|-damage|p1a: Regice|75/100|[from] Stealth Rock
|move|p2a: Dragonite|Draco Meteor|p1a: Regice
|-damage|p1a: Regice|45/100
|-unboost|p2a: Dragonite|spa|2
|
|-weather|RainDance|[upkeep]
|-heal|p1a: Regice|51/100|[from] item: Leftovers
|upkeep
|turn|9
|
|t:|1757827641
|move|p2a: Dragonite|Low Kick|p1a: Regice
|-supereffective|p1a: Regice
|-damage|p1a: Regice|11/100
|move|p1a: Regice|Avalanche|p2a: Dragonite
|-supereffective|p2a: Dragonite
|-damage|p2a: Dragonite|0 fnt
|faint|p2a: Dragonite
|
|-weather|none
|-heal|p1a: Regice|17/100|[from] item: Leftovers
|upkeep
|
|t:|1757827646
|switch|p2a: Pelipper|Pelipper, F|88/100
|-weather|RainDance|[from] ability: Drizzle|[of] p2a: Pelipper
|turn|10
|
|t:|1757827658
|move|p2a: Pelipper|Hurricane|p1a: Regice
|-crit|p1a: Regice
|-damage|p1a: Regice|0 fnt
|faint|p1a: Regice
|
|-weather|RainDance|[upkeep]
|upkeep
|
|t:|1757827669
|switch|p1a: Rotom|Rotom-Frost|76/100
|-damage|p1a: Rotom|51/100|[from] Stealth Rock
|turn|11
|
|t:|1757827675
|switch|p2a: Iron Treads|Iron Treads|47/100
|move|p1a: Rotom|Volt Switch|p2a: Iron Treads
|-immune|p2a: Iron Treads
|
|-weather|RainDance|[upkeep]
|upkeep
|turn|12
|
|t:|1757827684
|move|p2a: Iron Treads|Volt Switch|p1a: Rotom
|-resisted|p1a: Rotom
|-damage|p1a: Rotom|44/100
|
|t:|1757827688
|-end|p2a: Iron Treads|Quark Drive|[silent]
|switch|p2a: Bellibolt|Bellibolt, F|100/100|[from] Volt Switch
|move|p1a: Rotom|Shadow Ball|p2a: Bellibolt
|-damage|p2a: Bellibolt|85/100
|-unboost|p2a: Bellibolt|spd|1
|-start|p2a: Bellibolt|Charge|Shadow Ball|[from] ability: Electromorphosis
|
|-weather|RainDance|[upkeep]
|upkeep
|turn|13
|
|t:|1757827706
|move|p1a: Rotom|Dark Pulse|p2a: Bellibolt
|-damage|p2a: Bellibolt|62/100
|-start|p2a: Bellibolt|Charge|Dark Pulse|[from] ability: Electromorphosis
|cant|p2a: Bellibolt|flinch
|-end|p2a: Bellibolt|Charge|[silent]
|
|-weather|RainDance|[upkeep]
|upkeep
|turn|14
|
|t:|1757827715
|move|p1a: Rotom|Dark Pulse|p2a: Bellibolt
|-damage|p2a: Bellibolt|41/100
|-start|p2a: Bellibolt|Charge|Dark Pulse|[from] ability: Electromorphosis
|move|p2a: Bellibolt|Volt Switch|p1a: Rotom
|-resisted|p1a: Rotom
|-damage|p1a: Rotom|17/100
|-end|p2a: Bellibolt|Charge|[silent]
|
|t:|1757827718
|switch|p2a: Barraskewda|Barraskewda, M|100/100|[from] Volt Switch
|
|-weather|RainDance|[upkeep]
|upkeep
|turn|15
|
|t:|1757827727
|move|p2a: Barraskewda|Flip Turn|p1a: Rotom
|-damage|p1a: Rotom|0 fnt
|faint|p1a: Rotom
|
|t:|1757827729
|switch|p2a: Basculegion|Basculegion, M|100/100|[from] Flip Turn
|
|-weather|RainDance|[upkeep]
|upkeep
|
|t:|1757827736
|switch|p1a: Froslass|Froslass, F|100/100
|-damage|p1a: Froslass|76/100|[from] Stealth Rock
|turn|16
|
|t:|1757827741
|move|p2a: Basculegion|Aqua Jet|p1a: Froslass
|-damage|p1a: Froslass|0 fnt
|-start|p2a: Basculegion|Disable|Aqua Jet|[from] ability: Cursed Body|[of] p1a: Froslass
|faint|p1a: Froslass
|
|-weather|RainDance|[upkeep]
|upkeep
|
|t:|1757827750
|switch|p1a: Crabominable|Crabominable, F|100/100
|-damage|p1a: Crabominable|88/100|[from] Stealth Rock
|turn|17
|
|t:|1757827757
|switch|p2a: Bellibolt|Bellibolt, F|41/100
|move|p1a: Crabominable|Knock Off|p2a: Bellibolt
|-damage|p2a: Bellibolt|12/100
|-start|p2a: Bellibolt|Charge|Knock Off|[from] ability: Electromorphosis
|-enditem|p2a: Bellibolt|Assault Vest|[from] move: Knock Off|[of] p1a: Crabominable
|
|-weather|none
|upkeep
|turn|18
|
|t:|1757827770
|move|p1a: Crabominable|Drain Punch|p2a: Bellibolt
|-damage|p2a: Bellibolt|0 fnt
|-heal|p1a: Crabominable|95/100|[from] drain|[of] p2a: Bellibolt
|faint|p2a: Bellibolt
|
|upkeep
|
|t:|1757827777
|switch|p2a: Pelipper|Pelipper, F|88/100
|-weather|RainDance|[from] ability: Drizzle|[of] p2a: Pelipper
|turn|19
|
|t:|1757827806
|move|p1a: Crabominable|Ice Punch|p2a: Pelipper
|-damage|p2a: Pelipper|51/100
|move|p2a: Pelipper|Hurricane|p1a: Crabominable
|-supereffective|p1a: Crabominable
|-damage|p1a: Crabominable|0 fnt
|faint|p1a: Crabominable
|
|-weather|RainDance|[upkeep]
|upkeep
|
|t:|1757827816
|switch|p1a: Sandslash|Sandslash-Alola, F|100/100
|-damage|p1a: Sandslash|88/100|[from] Stealth Rock
|turn|20
|inactive|SpectralStorm has 120 seconds left.
|
|t:|1757827854
|move|p1a: Sandslash|Swords Dance|p1a: Sandslash
|-boost|p1a: Sandslash|atk|2
|move|p2a: Pelipper|U-turn|p1a: Sandslash
|-resisted|p1a: Sandslash
|-damage|p1a: Sandslash|84/100
|
|t:|1757827855
|switch|p2a: Barraskewda|Barraskewda, M|100/100|[from] U-turn
|
|-weather|RainDance|[upkeep]
|upkeep
|turn|21
|
|t:|1757827868
|move|p2a: Barraskewda|Flip Turn|p1a: Sandslash
|-damage|p1a: Sandslash|22/100
|inactive|SpectralStorm has 120 seconds left.
|
|t:|1757827890
|switch|p2a: Iron Treads|Iron Treads|47/100|[from] Flip Turn
|move|p1a: Sandslash|Triple Axel|p2a: Iron Treads
|-damage|p2a: Iron Treads|28/100
|-damage|p2a: Iron Treads|0 fnt
|faint|p2a: Iron Treads
|-end|p2a: Iron Treads|Quark Drive|[silent]
|-hitcount|p2: Iron Treads|2
|-damage|p1a: Sandslash|12/100|[from] item: Life Orb
|
|-weather|RainDance|[upkeep]
|upkeep
|
|t:|1757827891
|switch|p2a: Barraskewda|Barraskewda, M|100/100
|turn|22
|
|t:|1757827906
|move|p2a: Barraskewda|Aqua Jet|p1a: Sandslash
|-damage|p1a: Sandslash|0 fnt
|faint|p1a: Sandslash
|
|win|SpectralStorm
|raw|aloiizx's rating: 1145 &rarr; <strong>1119</strong><br />(-26 for losing)
|raw|SpectralStorm's rating: 1133 &rarr; <strong>1159</strong><br />(+26 for winning)
|l|☆aloiizx
|player|p1|
|l|☆SpectralStorm
|player|p2|
