|j|☆noah dojo ma
|j|☆ZeNiN_K1
|t:|1757887986
|gametype|singles
|player|p1|noah dojo ma|1|1071
|player|p2|ZeNiN_K1|acetrainer-gen4|1127
|gen|9
|tier|[Gen 9] OU
|rated|
|rule|HP Percentage Mod: HP is shown in percentages
|rule|Endless Battle Clause: Forcing endless battles is banned
|rule|Species Clause: Limit one of each Pokémon
|rule|OHKO Clause: OHKO moves are banned
|rule|Evasion Items Clause: Evasion items are banned
|rule|Evasion Moves Clause: Evasion moves are banned
|rule|Evasion Abilities Clause: Evasion abilities are banned
|rule|Sleep Moves Clause: Sleep-inducing moves are banned
|clearpoke
|poke|p1|Hydreigon, F|
|poke|p1|Kingambit, M|
|poke|p1|Ceruledge, F|
|poke|p1|Great Tusk|
|poke|p1|Zapdos|
|poke|p1|Hatterene, F|
|poke|p2|Zamazenta-*|
|poke|p2|Ninetales-Alola, F|
|poke|p2|Darkrai|
|poke|p2|Ceruledge, F|
|poke|p2|Gliscor, M|
|poke|p2|Hatterene, F|
|teampreview
|inactive|Battle timer is ON: inactive players will automatically lose when time's up. (requested by ZeNiN_K1)
|inactive|noah dojo ma has 120 seconds left.
|
|t:|1757888043
|teamsize|p1|6
|teamsize|p2|6
|start
|switch|p1a: Zapdos|Zapdos|100/100
|switch|p2a: Ninetales|Ninetales-Alola, F|100/100
|-weather|Snowscape|[from] ability: Snow Warning|[of] p2a: Ninetales
|turn|1
|
|t:|1757888058
|switch|p2a: Ceruledge|Ceruledge, F|100/100
|move|p1a: Zapdos|Volt Switch|p2a: Ceruledge
|-damage|p2a: Ceruledge|72/100
|inactive|noah dojo ma has 120 seconds left.
|
|t:|1757888107
|switch|p1a: Hatterene|Hatterene, F|100/100|[from] Volt Switch
|
|-weather|Snowscape|[upkeep]
|upkeep
|turn|2
|
|t:|1757888115
|move|p2a: Ceruledge|Taunt|p1a: Hatterene
|move|p1a: Hatterene|Taunt|p2a: Ceruledge|[from] ability: Magic Bounce
|-start|p2a: Ceruledge|move: Taunt
|move|p1a: Hatterene|Psyshock|p2a: Ceruledge
|-damage|p2a: Ceruledge|25/100
|
|-weather|Snowscape|[upkeep]
|upkeep
|turn|3
|inactive|noah dojo ma has 90 seconds left.
|
|t:|1757888141
|move|p2a: Ceruledge|Shadow Sneak|p1a: Hatterene
|-supereffective|p1a: Hatterene
|-damage|p1a: Hatterene|64/100
|move|p1a: Hatterene|Psyshock|p2a: Ceruledge
|-damage|p2a: Ceruledge|0 fnt
|faint|p2a: Ceruledge
|
|-weather|Snowscape|[upkeep]
|upkeep
|
|t:|1757888146
|switch|p2a: Darkrai|Darkrai|100/100
|turn|4
|
|t:|1757888160
|-terastallize|p2a: Darkrai|Poison
|move|p2a: Darkrai|Nasty Plot|p2a: Darkrai
|-boost|p2a: Darkrai|spa|2
|move|p1a: Hatterene|Dazzling Gleam|p2a: Darkrai
|-resisted|p2a: Darkrai
|-damage|p2a: Darkrai|68/100
|
|-weather|Snowscape|[upkeep]
|-heal|p2a: Darkrai|75/100|[from] item: Leftovers
|upkeep
|turn|5
|
|t:|1757888173
|move|p2a: Darkrai|Sludge Bomb|p1a: Hatterene
|-supereffective|p1a: Hatterene
|-damage|p1a: Hatterene|0 fnt
|faint|p1a: Hatterene
|
|-weather|none
|-heal|p2a: Darkrai|81/100|[from] item: Leftovers
|upkeep
|inactive|noah dojo ma has 90 seconds left.
|
|t:|1757888185
|switch|p1a: Great Tusk|Great Tusk|100/100
|turn|6
|
|t:|1757888190
|move|p2a: Darkrai|Psyshock|p1a: Great Tusk
|-supereffective|p1a: Great Tusk
|-damage|p1a: Great Tusk|32/100
|move|p1a: Great Tusk|Earthquake|p2a: Darkrai
|-supereffective|p2a: Darkrai
|-damage|p2a: Darkrai|0 fnt
|faint|p2a: Darkrai
|
|-heal|p1a: Great Tusk|38/100|[from] item: Leftovers
|upkeep
|
|t:|1757888207
|switch|p2a: Ninetales|Ninetales-Alola, F|100/100
|-weather|Snowscape|[from] ability: Snow Warning|[of] p2a: Ninetales
|turn|7
|inactive|noah dojo ma has 90 seconds left.
|
|t:|1757888241
|-end|p1a: Great Tusk|Protosynthesis|[silent]
|switch|p1a: Kingambit|Kingambit, M|100/100
|-activate|p1a: Kingambit|ability: Supreme Overlord
|-start|p1a: Kingambit|fallen1|[silent]
|move|p2a: Ninetales|Aurora Veil|p2a: Ninetales
|-sidestart|p2: ZeNiN_K1|move: Aurora Veil
|
|-weather|Snowscape|[upkeep]
|upkeep
|turn|8
|inactive|noah dojo ma has 90 seconds left.
|
|t:|1757888260
|switch|p2a: Zamazenta|Zamazenta|100/100
|-ability|p2a: Zamazenta|Dauntless Shield|boost
|-boost|p2a: Zamazenta|def|1
|move|p1a: Kingambit|Iron Head|p2a: Zamazenta
|-damage|p2a: Zamazenta|86/100
|
|-weather|Snowscape|[upkeep]
|upkeep
|turn|9
|inactive|noah dojo ma has 60 seconds left.
|
|t:|1757888294
|-end|p1a: Kingambit|fallen1|[silent]
|switch|p1a: Ceruledge|Ceruledge, F|100/100
|move|p2a: Zamazenta|Iron Defense|p2a: Zamazenta
|-boost|p2a: Zamazenta|def|2
|
|-weather|Snowscape|[upkeep]
|upkeep
|turn|10
|inactive|noah dojo ma has 60 seconds left.
|
|t:|1757888308
|move|p1a: Ceruledge|Shadow Sneak|p2a: Zamazenta
|-damage|p2a: Zamazenta|81/100
|-damage|p1a: Ceruledge|91/100|[from] item: Life Orb
|move|p2a: Zamazenta|Crunch|p1a: Ceruledge
|-supereffective|p1a: Ceruledge
|-damage|p1a: Ceruledge|27/100
|-unboost|p1a: Ceruledge|def|1
|
|-weather|Snowscape|[upkeep]
|upkeep
|turn|11
|inactive|noah dojo ma has 60 seconds left.
|
|t:|1757888344
|switch|p1a: Zapdos|Zapdos|100/100
|move|p2a: Zamazenta|Crunch|p1a: Zapdos
|-damage|p1a: Zapdos|74/100
|-unboost|p1a: Zapdos|def|1
|
|-weather|none
|upkeep
|turn|12
|
|t:|1757888359
|move|p2a: Zamazenta|Crunch|p1a: Zapdos
|-damage|p1a: Zapdos|38/100
|move|p1a: Zapdos|Hurricane|p2a: Zamazenta
|-supereffective|p2a: Zamazenta
|-damage|p2a: Zamazenta|25/100
|
|upkeep
|turn|13
|inactive|noah dojo ma has 30 seconds left.
|inactive|noah dojo ma has 20 seconds left.
|inactive|noah dojo ma has 15 seconds left.
|
|t:|1757888390
|move|p2a: Zamazenta|Crunch|p1a: Zapdos
|-damage|p1a: Zapdos|0 fnt
|faint|p1a: Zapdos
|
|upkeep
|inactive|noah dojo ma has 20 seconds left this turn.
|inactive|noah dojo ma has 15 seconds left.
|l|☆noah dojo ma
|inactive|noah dojo ma disconnected and has a minute to reconnect!
|player|p1|
|inactive|noah dojo ma has 10 seconds left.
|inactive|noah dojo ma has 5 seconds left.
|-message|noah dojo ma lost due to inactivity.
|
|win|ZeNiN_K1
|raw|noah dojo ma's rating: 1071 &rarr; <strong>1054</strong><br />(-17 for losing)
|raw|ZeNiN_K1's rating: 1127 &rarr; <strong>1148</strong><br />(+21 for winning)
