|badge|p2|bronze|gen9ou|100-6
|uhtml|medal-msg|<div class="broadcast-blue">Curious what those medals under the avatar are? PS now has Ladder Seasons! For more information, check out the <a href="https://www.smogon.com/forums/threads/3740067/">thread on Smogon.</a></div>
|j|☆3idk
|j|☆peewee mcgee xxx
|t:|1757858092
|gametype|singles
|player|p1|3idk|lusamine-masters|1767
|player|p2|peewee mcgee xxx|102|1790
|gen|9
|tier|[Gen 9] OU
|rated|
|rule|HP Percentage Mod: HP is shown in percentages
|rule|Endless Battle Clause: Forcing endless battles is banned
|rule|Species Clause: Limit one of each Pokémon
|rule|OHKO Clause: OHKO moves are banned
|rule|Evasion Items Clause: Evasion items are banned
|rule|Evasion Moves Clause: Evasion moves are banned
|rule|Evasion Abilities Clause: Evasion abilities are banned
|rule|Sleep Moves Clause: Sleep-inducing moves are banned
|clearpoke
|poke|p1|Tyranitar, F|
|poke|p1|Excadrill, M|
|poke|p1|Keldeo-Resolute|
|poke|p1|Tornadus-Therian, M|
|poke|p1|Heatran, M|
|poke|p1|Hydrapple, F|
|poke|p2|Alomomola, F|
|poke|p2|Sinistcha-Masterpiece|
|poke|p2|Scizor, M|
|poke|p2|Cinderace, M|
|poke|p2|Zamazenta-*|
|poke|p2|Kyurem|
|teampreview
|inactive|Battle timer is ON: inactive players will automatically lose when time's up. (requested by 3idk)
|
|t:|1757858121
|teamsize|p1|6
|teamsize|p2|6
|start
|switch|p1a: Tornadus|Tornadus-Therian, M|100/100
|switch|p2a: Scizor|Scizor, M|100/100
|turn|1
|
|t:|1757858133
|switch|p2a: Alomomola|Alomomola, F|100/100
|move|p1a: Tornadus|Heat Wave|p2a: Alomomola|[miss]
|-miss|p1a: Tornadus|p2a: Alomomola
|
|upkeep
|turn|2
|
|t:|1757858138
|move|p1a: Tornadus|U-turn|p2a: Alomomola
|-damage|p2a: Alomomola|90/100
|inactive|3idk has 120 seconds left.
|
|t:|1757858177
|switch|p1a: Hydrapple|Hydrapple, F|100/100|[from] U-turn
|move|p2a: Alomomola|Flip Turn|p1a: Hydrapple
|-resisted|p1a: Hydrapple
|-damage|p1a: Hydrapple|98/100
|-damage|p2a: Alomomola|73/100|[from] item: Rocky Helmet|[of] p1a: Hydrapple
|
|t:|1757858181
|switch|p2a: Kyurem|Kyurem|100/100|[from] Flip Turn
|-ability|p2a: Kyurem|Pressure
|
|upkeep
|turn|3
|
|t:|1757858189
|switch|p1a: Tyranitar|Tyranitar, F|100/100
|-weather|Sandstorm|[from] ability: Sand Stream|[of] p1a: Tyranitar
|move|p2a: Kyurem|Ice Beam|p1a: Tyranitar
|-damage|p1a: Tyranitar|54/100
|
|-weather|Sandstorm|[upkeep]
|-damage|p2a: Kyurem|94/100|[from] Sandstorm
|upkeep
|turn|4
|j| Disscratch
|j| Ultracentrifuge
|j| RankerPranker
|inactive|3idk has 120 seconds left.
|
|t:|1757858232
|switch|p2a: Scizor|Scizor, M|100/100
|move|p1a: Tyranitar|Knock Off|p2a: Scizor
|-damage|p2a: Scizor|14/100
|-enditem|p2a: Scizor|Choice Band|[from] move: Knock Off|[of] p1a: Tyranitar
|
|-weather|Sandstorm|[upkeep]
|upkeep
|turn|5
|
|t:|1757858238
|switch|p1a: Hydrapple|Hydrapple, F|100/100
|move|p2a: Scizor|Close Combat|p1a: Hydrapple
|-damage|p1a: Hydrapple|75/100
|-unboost|p2a: Scizor|def|1
|-unboost|p2a: Scizor|spd|1
|-damage|p2a: Scizor|0 fnt|[from] item: Rocky Helmet|[of] p1a: Hydrapple
|faint|p2a: Scizor
|
|-weather|Sandstorm|[upkeep]
|-damage|p1a: Hydrapple|69/100|[from] Sandstorm
|upkeep
|j| huejack
|
|t:|1757858241
|switch|p2a: Kyurem|Kyurem|94/100
|-ability|p2a: Kyurem|Pressure
|turn|6
|
|t:|1757858246
|-terastallize|p1a: Hydrapple|Fairy
|move|p2a: Kyurem|Ice Beam|p1a: Hydrapple
|-damage|p1a: Hydrapple|0 fnt
|faint|p1a: Hydrapple
|
|-weather|Sandstorm|[upkeep]
|-damage|p2a: Kyurem|88/100|[from] Sandstorm
|upkeep
|
|t:|1757858252
|switch|p1a: Excadrill|Excadrill, M|100/100
|-item|p1a: Excadrill|Air Balloon
|turn|7
|
|t:|1757858256
|switch|p2a: Sinistcha|Sinistcha-Masterpiece|100/100
|move|p1a: Excadrill|Swords Dance|p1a: Excadrill
|-boost|p1a: Excadrill|atk|2
|
|-weather|none
|upkeep
|turn|8
|
|t:|1757858263
|switch|p2a: Alomomola|Alomomola, F|100/100
|move|p1a: Excadrill|Swords Dance|p1a: Excadrill
|-boost|p1a: Excadrill|atk|2
|
|upkeep
|turn|9
|
|t:|1757858270
|move|p1a: Excadrill|Earthquake|p2a: Alomomola
|-damage|p2a: Alomomola|0 fnt
|faint|p2a: Alomomola
|
|upkeep
|
|t:|1757858273
|switch|p2a: Cinderace|Cinderace, M|100/100
|turn|10
|
|t:|1757858279
|switch|p1a: Keldeo|Keldeo-Resolute|100/100
|move|p2a: Cinderace|Pyro Ball|p1a: Keldeo
|-resisted|p1a: Keldeo
|-damage|p1a: Keldeo|67/100
|
|upkeep
|turn|11
|
|t:|1757858285
|switch|p2a: Sinistcha|Sinistcha-Masterpiece|100/100
|move|p1a: Keldeo|Flip Turn|p2a: Sinistcha
|-resisted|p2a: Sinistcha
|-damage|p2a: Sinistcha|96/100
|
|t:|1757858289
|switch|p1a: Heatran|Heatran, M|100/100|[from] Flip Turn
|
|-heal|p2a: Sinistcha|100/100|[from] item: Leftovers
|upkeep
|turn|12
|
|t:|1757858295
|move|p1a: Heatran|Magma Storm|p2a: Sinistcha
|-supereffective|p2a: Sinistcha
|-damage|p2a: Sinistcha|51/100
|-activate|p2a: Sinistcha|move: Magma Storm|[of] p1a: Heatran
|move|p2a: Sinistcha|Calm Mind|p2a: Sinistcha
|-boost|p2a: Sinistcha|spa|1
|-boost|p2a: Sinistcha|spd|1
|
|-heal|p2a: Sinistcha|57/100|[from] item: Leftovers
|-damage|p2a: Sinistcha|45/100|[from] move: Magma Storm|[partiallytrapped]
|upkeep
|turn|13
|
|t:|1757858300
|move|p1a: Heatran|Taunt|p2a: Sinistcha
|-start|p2a: Sinistcha|move: Taunt
|cant|p2a: Sinistcha|move: Taunt|Strength Sap
|
|-heal|p2a: Sinistcha|51/100|[from] item: Leftovers
|-damage|p2a: Sinistcha|38/100|[from] move: Magma Storm|[partiallytrapped]
|upkeep
|turn|14
|
|t:|1757858305
|move|p1a: Heatran|Magma Storm|p2a: Sinistcha
|-supereffective|p2a: Sinistcha
|-damage|p2a: Sinistcha|5/100
|move|p2a: Sinistcha|Shadow Ball|p1a: Heatran
|-damage|p1a: Heatran|69/100
|
|-heal|p1a: Heatran|75/100|[from] item: Leftovers
|-heal|p2a: Sinistcha|12/100|[from] item: Leftovers
|-damage|p2a: Sinistcha|0 fnt|[from] move: Magma Storm|[partiallytrapped]
|faint|p2a: Sinistcha
|upkeep
|
|t:|1757858319
|switch|p2a: Zamazenta|Zamazenta|100/100
|-ability|p2a: Zamazenta|Dauntless Shield|boost
|-boost|p2a: Zamazenta|def|1
|turn|15
|
|t:|1757858330
|switch|p1a: Tornadus|Tornadus-Therian, M|100/100
|move|p2a: Zamazenta|Substitute|p2a: Zamazenta
|-start|p2a: Zamazenta|Substitute
|-damage|p2a: Zamazenta|76/100
|
|-heal|p2a: Zamazenta|82/100|[from] item: Leftovers
|upkeep
|turn|16
|
|t:|1757858335
|move|p2a: Zamazenta|Iron Defense|p2a: Zamazenta
|-boost|p2a: Zamazenta|def|2
|move|p1a: Tornadus|Bleakwind Storm|p2a: Zamazenta
|-supereffective|p2a: Zamazenta
|-end|p2a: Zamazenta|Substitute
|
|-heal|p2a: Zamazenta|88/100|[from] item: Leftovers
|upkeep
|turn|17
|
|t:|1757858341
|-terastallize|p2a: Zamazenta|Steel
|move|p2a: Zamazenta|Substitute|p2a: Zamazenta
|-start|p2a: Zamazenta|Substitute
|-damage|p2a: Zamazenta|63/100
|move|p1a: Tornadus|Bleakwind Storm|p2a: Zamazenta
|-resisted|p2a: Zamazenta
|-activate|p2a: Zamazenta|move: Substitute|[damage]
|
|-heal|p2a: Zamazenta|69/100|[from] item: Leftovers
|upkeep
|turn|18
|
|t:|1757858348
|move|p2a: Zamazenta|Body Press|p1a: Tornadus
|-resisted|p1a: Tornadus
|-damage|p1a: Tornadus|61/100
|move|p1a: Tornadus|Heat Wave|p2a: Zamazenta
|-supereffective|p2a: Zamazenta
|-end|p2a: Zamazenta|Substitute
|
|-heal|p2a: Zamazenta|76/100|[from] item: Leftovers
|upkeep
|turn|19
|
|t:|1757858355
|move|p2a: Zamazenta|Body Press|p1a: Tornadus
|-resisted|p1a: Tornadus
|-damage|p1a: Tornadus|21/100
|move|p1a: Tornadus|Heat Wave|p2a: Zamazenta
|-supereffective|p2a: Zamazenta
|-damage|p2a: Zamazenta|41/100
|
|-heal|p2a: Zamazenta|47/100|[from] item: Leftovers
|upkeep
|turn|20
|
|t:|1757858365
|switch|p1a: Keldeo|Keldeo-Resolute|67/100
|move|p2a: Zamazenta|Body Press|p1a: Keldeo
|-damage|p1a: Keldeo|0 fnt
|faint|p1a: Keldeo
|
|-heal|p2a: Zamazenta|53/100|[from] item: Leftovers
|upkeep
|l| RankerPranker
|
|t:|1757858371
|switch|p1a: Tornadus|Tornadus-Therian, M|54/100
|turn|21
|
|t:|1757858379
|move|p2a: Zamazenta|Body Press|p1a: Tornadus
|-resisted|p1a: Tornadus
|-damage|p1a: Tornadus|10/100
|move|p1a: Tornadus|Heat Wave|p2a: Zamazenta
|-supereffective|p2a: Zamazenta
|-damage|p2a: Zamazenta|13/100
|
|-heal|p2a: Zamazenta|19/100|[from] item: Leftovers
|upkeep
|turn|22
|
|t:|1757858386
|switch|p1a: Tyranitar|Tyranitar, F|54/100
|-weather|Sandstorm|[from] ability: Sand Stream|[of] p1a: Tyranitar
|move|p2a: Zamazenta|Body Press|p1a: Tyranitar
|-supereffective|p1a: Tyranitar
|-damage|p1a: Tyranitar|0 fnt
|faint|p1a: Tyranitar
|
|-weather|Sandstorm|[upkeep]
|-heal|p2a: Zamazenta|26/100|[from] item: Leftovers
|upkeep
|
|t:|1757858389
|switch|p1a: Tornadus|Tornadus-Therian, M|43/100
|turn|23
|
|t:|1757858397
|switch|p1a: Heatran|Heatran, M|75/100
|move|p2a: Zamazenta|Body Press|p1a: Heatran
|-supereffective|p1a: Heatran
|-damage|p1a: Heatran|0 fnt
|faint|p1a: Heatran
|
|-weather|Sandstorm|[upkeep]
|-heal|p2a: Zamazenta|32/100|[from] item: Leftovers
|upkeep
|
|t:|1757858402
|switch|p1a: Tornadus|Tornadus-Therian, M|76/100
|turn|24
|
|t:|1757858406
|switch|p2a: Kyurem|Kyurem|88/100
|-ability|p2a: Kyurem|Pressure
|move|p1a: Tornadus|Heat Wave|p2a: Kyurem
|-damage|p2a: Kyurem|65/100
|
|-weather|Sandstorm|[upkeep]
|-damage|p1a: Tornadus|70/100|[from] Sandstorm
|-damage|p2a: Kyurem|59/100|[from] Sandstorm
|upkeep
|turn|25
|
|t:|1757858410
|move|p1a: Tornadus|Bleakwind Storm|p2a: Kyurem
|-damage|p2a: Kyurem|25/100
|move|p2a: Kyurem|Ice Beam|p1a: Tornadus
|-supereffective|p1a: Tornadus
|-damage|p1a: Tornadus|0 fnt
|faint|p1a: Tornadus
|
|-weather|Sandstorm|[upkeep]
|-damage|p2a: Kyurem|19/100|[from] Sandstorm
|upkeep
|
|t:|1757858417
|switch|p1a: Excadrill|Excadrill, M|100/100
|-item|p1a: Excadrill|Air Balloon
|turn|26
|
|t:|1757858420
|move|p1a: Excadrill|Rapid Spin|p2a: Kyurem
|-damage|p2a: Kyurem|0 fnt
|-boost|p1a: Excadrill|spe|1
|faint|p2a: Kyurem
|
|-weather|none
|upkeep
|
|t:|1757858426
|switch|p2a: Zamazenta|Zamazenta, tera:Steel|32/100
|turn|27
|
|t:|1757858434
|move|p2a: Zamazenta|Body Press|p1a: Excadrill
|-supereffective|p1a: Excadrill
|-damage|p1a: Excadrill|17/100
|-enditem|p1a: Excadrill|Air Balloon
|move|p1a: Excadrill|Earthquake|p2a: Zamazenta
|-supereffective|p2a: Zamazenta
|-damage|p2a: Zamazenta|0 fnt
|faint|p2a: Zamazenta
|
|upkeep
|
|t:|1757858436
|switch|p2a: Cinderace|Cinderace, M|100/100
|turn|28
|
|t:|1757858439
|move|p2a: Cinderace|Sucker Punch|p1a: Excadrill
|-start|p2a: Cinderace|typechange|Dark|[from] ability: Libero
|-damage|p1a: Excadrill|0 fnt
|faint|p1a: Excadrill
|
|win|peewee mcgee xxx
|raw|3idk's rating: 1742 &rarr; <strong>1725</strong><br />(-17 for losing)
|raw|peewee mcgee xxx's rating: 1790 &rarr; <strong>1807</strong><br />(+17 for winning)
|l|☆3idk
|player|p1|
|l| huejack
|l|☆peewee mcgee xxx
|player|p2|
|l| Ultracentrifuge
|l| Disscratch
