|j|☆dwightsrevenge
|j|☆f3nn4
|t:|1757946176
|gametype|singles
|player|p1|dwightsrevenge|2|1087
|player|p2|f3nn4|2|1100
|gen|9
|tier|[Gen 9] OU
|rated|
|rule|HP Percentage Mod: HP is shown in percentages
|rule|Endless Battle Clause: Forcing endless battles is banned
|rule|Species Clause: Limit one of each Pokémon
|rule|OHKO Clause: OHKO moves are banned
|rule|Evasion Items Clause: Evasion items are banned
|rule|Evasion Moves Clause: Evasion moves are banned
|rule|Evasion Abilities Clause: Evasion abilities are banned
|rule|Sleep Moves Clause: Sleep-inducing moves are banned
|clearpoke
|poke|p1|Arcanine, M|
|poke|p1|Hitmonchan, M|
|poke|p1|Scyther, M|
|poke|p1|Lapras, F|
|poke|p1|Dragonite, M|
|poke|p1|Clefable, F|
|poke|p2|Alomomola, M|
|poke|p2|Corviknight, F|
|poke|p2|Gliscor, F|
|poke|p2|Garganacl, M|
|poke|p2|Enamorus, F|
|poke|p2|Dragonite, M|
|teampreview
|inactive|Battle timer is ON: inactive players will automatically lose when time's up. (requested by dwightsrevenge)
|inactive|f3nn4 has 120 seconds left.
|
|t:|1757946224
|teamsize|p1|6
|teamsize|p2|6
|start
|switch|p1a: Lapras|Lapras, F|100/100
|switch|p2a: Gliscor|Gliscor, F|100/100
|turn|1
|
|t:|1757946239
|-terastallize|p1a: Lapras|Ice
|move|p2a: Gliscor|Toxic Spikes|p1a: Lapras
|-sidestart|p1: dwightsrevenge|move: Toxic Spikes
|move|p1a: Lapras|Freeze-Dry|p2a: Gliscor
|-supereffective|p2a: Gliscor
|-damage|p2a: Gliscor|0 fnt
|faint|p2a: Gliscor
|
|upkeep
|
|t:|1757946249
|switch|p2a: Dragonite|Dragonite, M|100/100
|turn|2
|
|t:|1757946255
|switch|p1a: Arcanine|Arcanine, M|100/100
|-status|p1a: Arcanine|psn
|-ability|p1a: Arcanine|Intimidate|boost
|-unboost|p2a: Dragonite|atk|1
|move|p2a: Dragonite|Dragon Dance|p2a: Dragonite
|-boost|p2a: Dragonite|atk|1
|-boost|p2a: Dragonite|spe|1
|
|-damage|p1a: Arcanine|88/100 psn|[from] psn
|upkeep
|turn|3
|
|t:|1757946267
|move|p2a: Dragonite|Dragon Dance|p2a: Dragonite
|-boost|p2a: Dragonite|atk|1
|-boost|p2a: Dragonite|spe|1
|move|p1a: Arcanine|Will-O-Wisp|p2a: Dragonite
|-status|p2a: Dragonite|brn
|
|-damage|p1a: Arcanine|76/100 psn|[from] psn
|-damage|p2a: Dragonite|94/100 brn|[from] brn
|upkeep
|turn|4
|
|t:|1757946276
|move|p2a: Dragonite|Dragon Dance|p2a: Dragonite
|-boost|p2a: Dragonite|atk|1
|-boost|p2a: Dragonite|spe|1
|move|p1a: Arcanine|Morning Sun|p1a: Arcanine
|-heal|p1a: Arcanine|100/100 psn
|
|-damage|p1a: Arcanine|88/100 psn|[from] psn
|-damage|p2a: Dragonite|88/100 brn|[from] brn
|upkeep
|turn|5
|inactive|f3nn4 has 120 seconds left.
|
|t:|1757946310
|move|p1a: Arcanine|Extreme Speed|p2a: Dragonite
|-damage|p2a: Dragonite|70/100 brn
|move|p2a: Dragonite|Earthquake|p1a: Arcanine
|-supereffective|p1a: Arcanine
|-damage|p1a: Arcanine|46/100 psn
|
|-damage|p1a: Arcanine|34/100 psn|[from] psn
|-damage|p2a: Dragonite|64/100 brn|[from] brn
|upkeep
|turn|6
|
|t:|1757946320
|move|p1a: Arcanine|Extreme Speed|p2a: Dragonite
|-damage|p2a: Dragonite|46/100 brn
|move|p2a: Dragonite|Dragon Dance|p2a: Dragonite
|-boost|p2a: Dragonite|atk|1
|-boost|p2a: Dragonite|spe|1
|
|-damage|p1a: Arcanine|21/100 psn|[from] psn
|-damage|p2a: Dragonite|40/100 brn|[from] brn
|upkeep
|turn|7
|
|t:|1757946329
|move|p1a: Arcanine|Extreme Speed|p2a: Dragonite
|-damage|p2a: Dragonite|20/100 brn
|move|p2a: Dragonite|Roost|p2a: Dragonite
|-heal|p2a: Dragonite|70/100 brn
|-singleturn|p2a: Dragonite|move: Roost
|
|-damage|p1a: Arcanine|9/100 psn|[from] psn
|-damage|p2a: Dragonite|64/100 brn|[from] brn
|upkeep
|turn|8
|
|t:|1757946339
|move|p2a: Dragonite|Extreme Speed|p1a: Arcanine
|-damage|p1a: Arcanine|0 fnt
|-damage|p2a: Dragonite|48/100 brn|[from] item: Rocky Helmet|[of] p1a: Arcanine
|faint|p1a: Arcanine
|
|-damage|p2a: Dragonite|41/100 brn|[from] brn
|upkeep
|
|t:|1757946345
|switch|p1a: Hitmonchan|Hitmonchan, M|100/100
|-status|p1a: Hitmonchan|psn
|turn|9
|
|t:|1757946355
|move|p2a: Dragonite|Extreme Speed|p1a: Hitmonchan
|-damage|p1a: Hitmonchan|62/100 psn
|move|p1a: Hitmonchan|Rapid Spin|p2a: Dragonite
|-damage|p2a: Dragonite|25/100 brn
|-boost|p1a: Hitmonchan|spe|1
|-sideend|p1: dwightsrevenge|Toxic Spikes|[from] move: Rapid Spin|[of] p1a: Hitmonchan
|
|-damage|p1a: Hitmonchan|50/100 psn|[from] psn
|-damage|p2a: Dragonite|18/100 brn|[from] brn
|upkeep
|turn|10
|
|t:|1757946377
|move|p2a: Dragonite|Extreme Speed|p1a: Hitmonchan
|-damage|p1a: Hitmonchan|12/100 psn
|move|p1a: Hitmonchan|Bullet Punch|p2a: Dragonite
|-damage|p2a: Dragonite|3/100 brn
|
|-damage|p1a: Hitmonchan|0 fnt|[from] psn
|faint|p1a: Hitmonchan
|-damage|p2a: Dragonite|0 fnt|[from] brn
|faint|p2a: Dragonite
|upkeep
|
|t:|1757946390
|switch|p2a: Garganacl|Garganacl, M|100/100
|switch|p1a: Lapras|Lapras, F, tera:Ice|100/100
|turn|11
|
|t:|1757946396
|switch|p1a: Clefable|Clefable, F|100/100
|-terastallize|p2a: Garganacl|Ghost
|move|p2a: Garganacl|Salt Cure|p1a: Clefable
|-damage|p1a: Clefable|85/100
|-start|p1a: Clefable|Salt Cure
|
|-heal|p1a: Clefable|91/100|[from] item: Leftovers
|upkeep
|turn|12
|
|t:|1757946409
|switch|p2a: Enamorus|Enamorus, F|100/100
|move|p1a: Clefable|Calm Mind|p1a: Clefable
|-boost|p1a: Clefable|spa|1
|-boost|p1a: Clefable|spd|1
|
|-heal|p1a: Clefable|97/100|[from] item: Leftovers
|upkeep
|turn|13
|
|t:|1757946417
|move|p2a: Enamorus|Superpower|p1a: Clefable
|-resisted|p1a: Clefable
|-damage|p1a: Clefable|79/100
|-boost|p2a: Enamorus|atk|1
|-boost|p2a: Enamorus|def|1
|move|p1a: Clefable|Ice Beam|p2a: Enamorus
|-supereffective|p2a: Enamorus
|-damage|p2a: Enamorus|36/100
|
|-heal|p2a: Enamorus|43/100|[from] item: Leftovers
|-heal|p1a: Clefable|85/100|[from] item: Leftovers
|upkeep
|turn|14
|
|t:|1757946427
|move|p2a: Enamorus|Iron Head|p1a: Clefable
|-supereffective|p1a: Clefable
|-damage|p1a: Clefable|20/100
|move|p1a: Clefable|Ice Beam|p2a: Enamorus
|-supereffective|p2a: Enamorus
|-damage|p2a: Enamorus|0 fnt
|faint|p2a: Enamorus
|
|-heal|p1a: Clefable|26/100|[from] item: Leftovers
|upkeep
|
|t:|1757946440
|switch|p2a: Alomomola|Alomomola, M|100/100
|turn|15
|
|t:|1757946444
|switch|p1a: Lapras|Lapras, F, tera:Ice|100/100
|move|p2a: Alomomola|Flip Turn|p1a: Lapras
|-immune|p1a: Lapras|[from] ability: Water Absorb
|
|upkeep
|turn|16
|
|t:|1757946450
|switch|p2a: Garganacl|Garganacl, M, tera:Ghost|100/100
|move|p1a: Lapras|Freeze-Dry|p2a: Garganacl
|-damage|p2a: Garganacl|47/100
|
|-heal|p2a: Garganacl|53/100|[from] item: Leftovers
|upkeep
|turn|17
|-message|f3nn4 forfeited.
|
|win|dwightsrevenge
|raw|dwightsrevenge's rating: 1087 &rarr; <strong>1115</strong><br />(+28 for winning)
|raw|f3nn4's rating: 1100 &rarr; <strong>1074</strong><br />(-26 for losing)
|l|☆f3nn4
|player|p2|
|l|☆dwightsrevenge
|player|p1|
