|j|☆rain224
|j|☆Zamukerz
|t:|1757947757
|gametype|singles
|player|p1|rain224|101|1470
|player|p2|Zamukerz|101|1455
|gen|9
|tier|[Gen 9] OU
|rated|
|rule|HP Percentage Mod: HP is shown in percentages
|rule|Endless Battle Clause: Forcing endless battles is banned
|rule|Species Clause: Limit one of each Pokémon
|rule|OHKO Clause: OHKO moves are banned
|rule|Evasion Items Clause: Evasion items are banned
|rule|Evasion Moves Clause: Evasion moves are banned
|rule|Evasion Abilities Clause: Evasion abilities are banned
|rule|Sleep Moves Clause: Sleep-inducing moves are banned
|clearpoke
|poke|p1|Ting-Lu|
|poke|p1|Weezing-Galar, M|
|poke|p1|Alomomola, F|
|poke|p1|Tornadus-Therian, M|
|poke|p1|Gholdengo|
|poke|p1|Zamazenta-*|
|poke|p2|Dragonite, M|
|poke|p2|Gholdengo|
|poke|p2|Great Tusk|
|poke|p2|Rotom-Wash|
|poke|p2|Iron Valiant|
|poke|p2|Ting-Lu|
|teampreview
|inactive|Battle timer is ON: inactive players will automatically lose when time's up. (requested by rain224)
|
|t:|1757947784
|teamsize|p1|6
|teamsize|p2|6
|start
|switch|p1a: Lus-Lus Situation|Ting-Lu|100/100
|switch|p2a: Great Tusk|Great Tusk|100/100
|-ability|p1a: Lus-Lus Situation|Vessel of Ruin
|turn|1
|
|t:|1757947792
|move|p2a: Great Tusk|Knock Off|p1a: Lus-Lus Situation
|-resisted|p1a: Lus-Lus Situation
|-damage|p1a: Lus-Lus Situation|92/100
|-enditem|p1a: Lus-Lus Situation|Leftovers|[from] move: Knock Off|[of] p2a: Great Tusk
|move|p1a: Lus-Lus Situation|Ruination|p2a: Great Tusk
|-damage|p2a: Great Tusk|51/100
|
|-heal|p2a: Great Tusk|57/100|[from] item: Leftovers
|upkeep
|turn|2
|
|t:|1757947809
|-end|p2a: Great Tusk|Protosynthesis|[silent]
|switch|p2a: Rotom|Rotom-Wash|100/100
|move|p1a: Lus-Lus Situation|Stealth Rock|p2a: Rotom
|-sidestart|p2: Zamukerz|move: Stealth Rock
|
|upkeep
|turn|3
|inactive|rain224 has 120 seconds left.
|
|t:|1757947840
|switch|p1a: Alomomola|Alomomola, F|100/100
|move|p2a: Rotom|Will-O-Wisp|p1a: Alomomola
|-status|p1a: Alomomola|brn
|
|-damage|p1a: Alomomola|94/100 brn|[from] brn
|upkeep
|turn|4
|inactive|rain224 has 120 seconds left.
|
|t:|1757947858
|switch|p1a: Lus-Lus Situation|Ting-Lu|92/100
|-ability|p1a: Lus-Lus Situation|Vessel of Ruin
|move|p2a: Rotom|Volt Switch|p1a: Lus-Lus Situation
|-immune|p1a: Lus-Lus Situation
|
|upkeep
|turn|5
|inactive|rain224 has 120 seconds left.
|
|t:|1757947871
|switch|p1a: Djengo Unrained|Gholdengo|100/100
|move|p2a: Rotom|Will-O-Wisp|p1a: Djengo Unrained
|-immune|p1a: Djengo Unrained|[from] ability: Good as Gold
|
|upkeep
|turn|6
|inactive|rain224 has 120 seconds left.
|
|t:|1757947877
|move|p1a: Djengo Unrained|Trick|p2a: Rotom
|-activate|p1a: Djengo Unrained|move: Trick|[of] p2a: Rotom
|-item|p2a: Rotom|Choice Scarf|[from] move: Trick
|-item|p1a: Djengo Unrained|Leftovers|[from] move: Trick
|move|p2a: Rotom|Volt Switch|p1a: Djengo Unrained
|-damage|p1a: Djengo Unrained|71/100
|
|t:|1757947884
|switch|p2a: Gholdengo|Gholdengo|100/100|[from] Volt Switch
|-damage|p2a: Gholdengo|94/100|[from] Stealth Rock
|
|-heal|p1a: Djengo Unrained|77/100|[from] item: Leftovers
|upkeep
|turn|7
|inactive|rain224 has 120 seconds left.
|
|t:|1757947918
|-terastallize|p1a: Djengo Unrained|Steel
|move|p2a: Gholdengo|Shadow Ball|p1a: Djengo Unrained
|-damage|p1a: Djengo Unrained|25/100
|move|p1a: Djengo Unrained|Shadow Ball|p2a: Gholdengo
|-supereffective|p2a: Gholdengo
|-damage|p2a: Gholdengo|0 fnt
|faint|p2a: Gholdengo
|
|-heal|p1a: Djengo Unrained|31/100|[from] item: Leftovers
|upkeep
|
|t:|1757947932
|switch|p2a: Great Tusk|Great Tusk|57/100
|-damage|p2a: Great Tusk|54/100|[from] Stealth Rock
|turn|8
|
|t:|1757947944
|switch|p1a: Alomomola|Alomomola, F|100/100 brn
|move|p2a: Great Tusk|Rapid Spin|p1a: Alomomola
|-damage|p1a: Alomomola|90/100 brn
|-boost|p2a: Great Tusk|spe|1
|-damage|p2a: Great Tusk|37/100|[from] item: Rocky Helmet|[of] p1a: Alomomola
|-sideend|p2: Zamukerz|Stealth Rock|[from] move: Rapid Spin|[of] p2a: Great Tusk
|
|-heal|p2a: Great Tusk|44/100|[from] item: Leftovers
|-damage|p1a: Alomomola|84/100 brn|[from] brn
|upkeep
|turn|9
|inactive|rain224 has 120 seconds left.
|
|t:|1757947957
|-end|p2a: Great Tusk|Protosynthesis|[silent]
|switch|p2a: Rotom|Rotom-Wash|100/100
|move|p1a: Alomomola|Wish|p1a: Alomomola
|
|-damage|p1a: Alomomola|78/100 brn|[from] brn
|upkeep
|turn|10
|inactive|rain224 has 120 seconds left.
|
|t:|1757947976
|switch|p1a: Lus-Lus Situation|Ting-Lu|92/100
|-ability|p1a: Lus-Lus Situation|Vessel of Ruin
|move|p2a: Rotom|Hydro Pump|p1a: Lus-Lus Situation
|-supereffective|p1a: Lus-Lus Situation
|-damage|p1a: Lus-Lus Situation|59/100
|
|-heal|p1a: Lus-Lus Situation|100/100|[from] move: Wish|[wisher] Alomomola
|upkeep
|turn|11
|inactive|rain224 has 120 seconds left.
|
|t:|1757947997
|switch|p2a: Iron Valiant|Iron Valiant|100/100
|-enditem|p2a: Iron Valiant|Booster Energy
|-activate|p2a: Iron Valiant|ability: Quark Drive|[fromitem]
|-start|p2a: Iron Valiant|quarkdrivespe
|move|p1a: Lus-Lus Situation|Stealth Rock|p2a: Iron Valiant
|-sidestart|p2: Zamukerz|move: Stealth Rock
|
|upkeep
|turn|12
|inactive|rain224 has 120 seconds left.
|
|t:|1757948008
|move|p2a: Iron Valiant|Close Combat|p1a: Lus-Lus Situation
|-supereffective|p1a: Lus-Lus Situation
|-damage|p1a: Lus-Lus Situation|43/100
|-unboost|p2a: Iron Valiant|def|1
|-unboost|p2a: Iron Valiant|spd|1
|move|p1a: Lus-Lus Situation|Whirlwind|p2a: Iron Valiant
|-end|p2a: Iron Valiant|Quark Drive|[silent]
|drag|p2a: Ting-Lu|Ting-Lu|100/100
|-damage|p2a: Ting-Lu|94/100|[from] Stealth Rock
|-ability|p2a: Ting-Lu|Vessel of Ruin
|
|-heal|p2a: Ting-Lu|100/100|[from] item: Leftovers
|upkeep
|turn|13
|inactive|rain224 has 120 seconds left.
|
|t:|1757948025
|switch|p1a: Alomomola|Alomomola, F|100/100 brn
|move|p2a: Ting-Lu|Stealth Rock|p1a: Alomomola
|-sidestart|p1: rain224|move: Stealth Rock
|
|-damage|p1a: Alomomola|94/100 brn|[from] brn
|upkeep
|turn|14
|
|t:|1757948035
|move|p2a: Ting-Lu|Spikes|p1a: Alomomola
|-sidestart|p1: rain224|Spikes
|move|p1a: Alomomola|Wish|p1a: Alomomola
|
|-damage|p1a: Alomomola|88/100 brn|[from] brn
|upkeep
|turn|15
|
|t:|1757948043
|move|p1a: Alomomola|Flip Turn|p2a: Ting-Lu
|-supereffective|p2a: Ting-Lu
|-crit|p2a: Ting-Lu
|-damage|p2a: Ting-Lu|88/100
|inactive|rain224 has 120 seconds left.
|
|t:|1757948061
|switch|p1a: Lus-Lus Situation|Ting-Lu|43/100|[from] Flip Turn
|-damage|p1a: Lus-Lus Situation|37/100|[from] Stealth Rock
|-damage|p1a: Lus-Lus Situation|24/100|[from] Spikes
|-ability|p1a: Lus-Lus Situation|Vessel of Ruin
|move|p2a: Ting-Lu|Whirlwind|p1a: Lus-Lus Situation
|drag|p1a: Das Capital|Weezing-Galar, M|100/100
|-ability|p1a: Das Capital|Neutralizing Gas
|
|-heal|p2a: Ting-Lu|94/100|[from] item: Leftovers
|upkeep
|turn|16
|inactive|rain224 has 120 seconds left.
|
|t:|1757948079
|move|p1a: Das Capital|Defog|p2a: Ting-Lu
|-unboost|p2a: Ting-Lu|evasion|1
|-sideend|p2: Zamukerz|Stealth Rock|[from] move: Defog|[of] p1a: Das Capital
|-sideend|p1: rain224|Spikes|[from] move: Defog|[of] p1a: Das Capital
|-sideend|p1: rain224|Stealth Rock|[from] move: Defog|[of] p1a: Das Capital
|move|p2a: Ting-Lu|Earthquake|p1a: Das Capital
|-supereffective|p1a: Das Capital
|-damage|p1a: Das Capital|51/100
|
|-heal|p2a: Ting-Lu|99/100|[from] item: Leftovers
|upkeep
|turn|17
|inactive|rain224 has 120 seconds left.
|
|t:|1757948111
|move|p1a: Das Capital|Will-O-Wisp|p2a: Ting-Lu
|-status|p2a: Ting-Lu|brn
|move|p2a: Ting-Lu|Whirlwind|p1a: Das Capital
|-end|p1a: Das Capital|ability: Neutralizing Gas
|-ability|p2a: Ting-Lu|Vessel of Ruin
|drag|p1a: Therry Christmas|Tornadus-Therian, M|100/100
|
|-heal|p2a: Ting-Lu|100/100 brn|[from] item: Leftovers
|-damage|p2a: Ting-Lu|94/100 brn|[from] brn
|upkeep
|turn|18
|inactive|rain224 has 90 seconds left.
|
|t:|1757948135
|switch|p1a: Djengo Unrained|Gholdengo, tera:Steel|31/100
|move|p2a: Ting-Lu|Stealth Rock|p1a: Djengo Unrained
|-sidestart|p1: rain224|move: Stealth Rock
|
|-heal|p1a: Djengo Unrained|37/100|[from] item: Leftovers
|-heal|p2a: Ting-Lu|100/100 brn|[from] item: Leftovers
|-damage|p2a: Ting-Lu|94/100 brn|[from] brn
|upkeep
|turn|19
|
|t:|1757948141
|move|p1a: Djengo Unrained|Recover|p1a: Djengo Unrained
|-heal|p1a: Djengo Unrained|87/100
|move|p2a: Ting-Lu|Earthquake|p1a: Djengo Unrained
|-supereffective|p1a: Djengo Unrained
|-damage|p1a: Djengo Unrained|47/100
|
|-heal|p1a: Djengo Unrained|53/100|[from] item: Leftovers
|-heal|p2a: Ting-Lu|100/100 brn|[from] item: Leftovers
|-damage|p2a: Ting-Lu|94/100 brn|[from] brn
|upkeep
|turn|20
|inactive|rain224 has 90 seconds left.
|
|t:|1757948158
|switch|p1a: Lus-Lus Situation|Ting-Lu|24/100
|-damage|p1a: Lus-Lus Situation|18/100|[from] Stealth Rock
|-ability|p1a: Lus-Lus Situation|Vessel of Ruin
|switch|p2a: Rotom|Rotom-Wash|100/100
|
|upkeep
|turn|21
|
|t:|1757948164
|switch|p1a: Alomomola|Alomomola, F|100/100 brn
|-damage|p1a: Alomomola|88/100 brn|[from] Stealth Rock
|move|p2a: Rotom|Hydro Pump|p1a: Alomomola
|-resisted|p1a: Alomomola
|-damage|p1a: Alomomola|71/100 brn
|
|-damage|p1a: Alomomola|65/100 brn|[from] brn
|upkeep
|turn|22
|
|t:|1757948180
|switch|p2a: Ting-Lu|Ting-Lu|94/100 brn
|-ability|p2a: Ting-Lu|Vessel of Ruin
|move|p1a: Alomomola|Wish|p1a: Alomomola
|
|-heal|p2a: Ting-Lu|100/100 brn|[from] item: Leftovers
|-damage|p2a: Ting-Lu|94/100 brn|[from] brn
|-damage|p1a: Alomomola|59/100 brn|[from] brn
|upkeep
|turn|23
|inactive|Zamukerz has 120 seconds left.
|
|t:|1757948215
|move|p2a: Ting-Lu|Earthquake|p1a: Alomomola
|-damage|p1a: Alomomola|47/100 brn
|move|p1a: Alomomola|Tickle|p2a: Ting-Lu
|-unboost|p2a: Ting-Lu|atk|1
|-unboost|p2a: Ting-Lu|def|1
|
|-heal|p1a: Alomomola|97/100 brn|[from] move: Wish|[wisher] Alomomola
|-heal|p2a: Ting-Lu|100/100 brn|[from] item: Leftovers
|-damage|p2a: Ting-Lu|94/100 brn|[from] brn
|-damage|p1a: Alomomola|91/100 brn|[from] brn
|upkeep
|turn|24
|
|t:|1757948232
|move|p2a: Ting-Lu|Spikes|p1a: Alomomola
|-sidestart|p1: rain224|Spikes
|move|p1a: Alomomola|Wish|p1a: Alomomola
|
|-heal|p2a: Ting-Lu|100/100 brn|[from] item: Leftovers
|-damage|p2a: Ting-Lu|94/100 brn|[from] brn
|-damage|p1a: Alomomola|85/100 brn|[from] brn
|upkeep
|turn|25
|
|t:|1757948240
|move|p2a: Ting-Lu|Spikes|p1a: Alomomola
|-sidestart|p1: rain224|Spikes
|move|p1a: Alomomola|Flip Turn|p2a: Ting-Lu
|-supereffective|p2a: Ting-Lu
|-damage|p2a: Ting-Lu|82/100 brn
|inactive|rain224 has 120 seconds left.
|
|t:|1757948249
|switch|p1a: Das Capital|Weezing-Galar, M|51/100|[from] Flip Turn
|-ability|p1a: Das Capital|Neutralizing Gas
|
|-heal|p1a: Das Capital|100/100|[from] move: Wish|[wisher] Alomomola
|-heal|p2a: Ting-Lu|88/100 brn|[from] item: Leftovers
|-damage|p2a: Ting-Lu|82/100 brn|[from] brn
|upkeep
|turn|26
|inactive|Zamukerz has 120 seconds left.
|
|t:|1757948260
|move|p1a: Das Capital|Defog|p2a: Ting-Lu
|-unboost|p2a: Ting-Lu|evasion|1
|-sideend|p1: rain224|Spikes|[from] move: Defog|[of] p1a: Das Capital
|-sideend|p1: rain224|Stealth Rock|[from] move: Defog|[of] p1a: Das Capital
|move|p2a: Ting-Lu|Earthquake|p1a: Das Capital
|-supereffective|p1a: Das Capital
|-damage|p1a: Das Capital|85/100
|
|-heal|p2a: Ting-Lu|88/100 brn|[from] item: Leftovers
|-damage|p2a: Ting-Lu|82/100 brn|[from] brn
|upkeep
|turn|27
|inactive|Zamukerz has 120 seconds left.
|
|t:|1757948269
|switch|p2a: Rotom|Rotom-Wash|100/100
|move|p1a: Das Capital|Pain Split|p2a: Rotom
|-sethp|p2a: Rotom|97/100|[from] move: Pain Split|[silent]
|-sethp|p1a: Das Capital|88/100|[from] move: Pain Split
|
|upkeep
|turn|28
|inactive|Zamukerz has 120 seconds left.
|inactive|rain224 has 120 seconds left.
|
|t:|1757948308
|-end|p1a: Das Capital|ability: Neutralizing Gas
|switch|p1a: Therry Christmas|Tornadus-Therian, M|100/100
|move|p2a: Rotom|Will-O-Wisp|p1a: Therry Christmas
|-status|p1a: Therry Christmas|brn
|
|-damage|p1a: Therry Christmas|94/100 brn|[from] brn
|upkeep
|turn|29
|inactive|rain224 has 90 seconds left.
|
|t:|1757948333
|switch|p2a: Iron Valiant|Iron Valiant|100/100
|move|p1a: Therry Christmas|Knock Off|p2a: Iron Valiant
|-resisted|p2a: Iron Valiant
|-damage|p2a: Iron Valiant|98/100
|
|-damage|p1a: Therry Christmas|88/100 brn|[from] brn
|upkeep
|turn|30
|inactive|rain224 has 90 seconds left.
|
|t:|1757948347
|move|p1a: Therry Christmas|Bleakwind Storm|p2a: Iron Valiant|[miss]
|-miss|p1a: Therry Christmas|p2a: Iron Valiant
|move|p2a: Iron Valiant|Moonblast|p1a: Therry Christmas
|-damage|p1a: Therry Christmas|56/100 brn
|-unboost|p1a: Therry Christmas|spa|1
|
|-damage|p1a: Therry Christmas|50/100 brn|[from] brn
|upkeep
|turn|31
|inactive|rain224 has 90 seconds left.
|
|t:|1757948362
|switch|p1a: Das Capital|Weezing-Galar, M|88/100
|-ability|p1a: Das Capital|Neutralizing Gas
|-terastallize|p2a: Iron Valiant|Electric
|move|p2a: Iron Valiant|Thunderbolt|p1a: Das Capital
|-damage|p1a: Das Capital|32/100
|
|upkeep
|turn|32
|inactive|rain224 has 90 seconds left.
|inactive|rain224 has 60 seconds left.
|
|t:|1757948397
|-end|p1a: Das Capital|ability: Neutralizing Gas
|switch|p1a: Lus-Lus Situation|Ting-Lu|18/100
|-ability|p1a: Lus-Lus Situation|Vessel of Ruin
|move|p2a: Iron Valiant|Psyshock|p1a: Lus-Lus Situation
|-immune|p1a: Lus-Lus Situation
|
|upkeep
|turn|33
|inactive|rain224 has 60 seconds left.
|
|t:|1757948434
|move|p2a: Iron Valiant|Moonblast|p1a: Lus-Lus Situation
|-supereffective|p1a: Lus-Lus Situation
|-damage|p1a: Lus-Lus Situation|0 fnt
|faint|p1a: Lus-Lus Situation
|
|upkeep
|inactive|rain224 has 30 seconds left.
|inactive|rain224 has 20 seconds left.
|
|t:|1757948458
|switch|p1a: Therry Christmas|Tornadus-Therian, M|83/100 brn
|turn|34
|inactive|rain224 has 30 seconds left this turn.
|inactive|Zamukerz has 120 seconds left.
|
|t:|1757948464
|move|p1a: Therry Christmas|Heat Wave|p2a: Iron Valiant
|-crit|p2a: Iron Valiant
|-damage|p2a: Iron Valiant|25/100
|move|p2a: Iron Valiant|Thunderbolt|p1a: Therry Christmas
|-supereffective|p1a: Therry Christmas
|-damage|p1a: Therry Christmas|17/100 brn
|
|-damage|p1a: Therry Christmas|11/100 brn|[from] brn
|upkeep
|turn|35
|inactive|Zamukerz has 120 seconds left.
|
|t:|1757948476
|-end|p2a: Iron Valiant|Quark Drive|[silent]
|switch|p2a: Rotom|Rotom-Wash|97/100
|move|p1a: Therry Christmas|Heat Wave|p2a: Rotom
|-resisted|p2a: Rotom
|-damage|p2a: Rotom|84/100
|
|-damage|p1a: Therry Christmas|5/100 brn|[from] brn
|upkeep
|turn|36
|
|t:|1757948483
|switch|p1a: Alomomola|Alomomola, F|100/100 brn
|move|p2a: Rotom|Volt Switch|p1a: Alomomola
|-supereffective|p1a: Alomomola
|-damage|p1a: Alomomola|51/100 brn
|
|t:|1757948491
|switch|p2a: Great Tusk|Great Tusk|44/100|[from] Volt Switch
|
|-heal|p2a: Great Tusk|50/100|[from] item: Leftovers
|-damage|p1a: Alomomola|45/100 brn|[from] brn
|upkeep
|turn|37
|
|t:|1757948499
|move|p2a: Great Tusk|Knock Off|p1a: Alomomola
|-damage|p1a: Alomomola|26/100 brn
|-damage|p2a: Great Tusk|33/100|[from] item: Rocky Helmet|[of] p1a: Alomomola
|-enditem|p1a: Alomomola|Rocky Helmet|[from] move: Knock Off|[of] p2a: Great Tusk
|move|p1a: Alomomola|Wish|p1a: Alomomola
|
|-heal|p2a: Great Tusk|40/100|[from] item: Leftovers
|-damage|p1a: Alomomola|20/100 brn|[from] brn
|upkeep
|turn|38
|inactive|rain224 has 60 seconds left.
|
|t:|1757948511
|move|p1a: Alomomola|Protect|p1a: Alomomola
|-singleturn|p1a: Alomomola|Protect
|move|p2a: Great Tusk|Close Combat|p1a: Alomomola
|-activate|p1a: Alomomola|move: Protect
|
|-heal|p1a: Alomomola|70/100 brn|[from] move: Wish|[wisher] Alomomola
|-heal|p2a: Great Tusk|46/100|[from] item: Leftovers
|-damage|p1a: Alomomola|64/100 brn|[from] brn
|upkeep
|turn|39
|
|t:|1757948525
|move|p2a: Great Tusk|Close Combat|p1a: Alomomola
|-damage|p1a: Alomomola|23/100 brn
|-unboost|p2a: Great Tusk|def|1
|-unboost|p2a: Great Tusk|spd|1
|move|p1a: Alomomola|Wish|p1a: Alomomola
|
|-heal|p2a: Great Tusk|52/100|[from] item: Leftovers
|-damage|p1a: Alomomola|17/100 brn|[from] brn
|upkeep
|turn|40
|
|t:|1757948544
|-end|p2a: Great Tusk|Protosynthesis|[silent]
|switch|p2a: Rotom|Rotom-Wash|84/100
|switch|p1a: Das Capital|Weezing-Galar, M|32/100
|-ability|p1a: Das Capital|Neutralizing Gas
|
|-heal|p1a: Das Capital|100/100|[from] move: Wish|[wisher] Alomomola
|upkeep
|turn|41
|
|t:|1757948559
|move|p2a: Rotom|Will-O-Wisp|p1a: Das Capital|[miss]
|-miss|p2a: Rotom|p1a: Das Capital
|move|p1a: Das Capital|Pain Split|p2a: Rotom
|-sethp|p2a: Rotom|97/100|[from] move: Pain Split|[silent]
|-sethp|p1a: Das Capital|88/100|[from] move: Pain Split
|
|upkeep
|turn|42
|
|t:|1757948565
|move|p2a: Rotom|Will-O-Wisp|p1a: Das Capital
|-status|p1a: Das Capital|brn
|move|p1a: Das Capital|Will-O-Wisp|p2a: Rotom
|-status|p2a: Rotom|brn
|
|-damage|p2a: Rotom|91/100 brn|[from] brn
|-damage|p1a: Das Capital|82/100 brn|[from] brn
|upkeep
|turn|43
|inactive|rain224 has 60 seconds left.
|
|t:|1757948596
|switch|p2a: Ting-Lu|Ting-Lu|82/100 brn
|-end|p1a: Das Capital|ability: Neutralizing Gas
|-ability|p2a: Ting-Lu|Vessel of Ruin
|switch|p1a: Dog in this Fight|Zamazenta|100/100
|-ability|p1a: Dog in this Fight|Dauntless Shield|boost
|-boost|p1a: Dog in this Fight|def|1
|
|-heal|p2a: Ting-Lu|88/100 brn|[from] item: Leftovers
|-damage|p2a: Ting-Lu|82/100 brn|[from] brn
|upkeep
|turn|44
|
|t:|1757948608
|move|p1a: Dog in this Fight|Close Combat|p2a: Ting-Lu
|-supereffective|p2a: Ting-Lu
|-damage|p2a: Ting-Lu|14/100 brn
|-unboost|p1a: Dog in this Fight|def|1
|-unboost|p1a: Dog in this Fight|spd|1
|move|p2a: Ting-Lu|Whirlwind|p1a: Dog in this Fight
|drag|p1a: Therry Christmas|Tornadus-Therian, M|38/100 brn
|
|-heal|p2a: Ting-Lu|20/100 brn|[from] item: Leftovers
|-damage|p1a: Therry Christmas|32/100 brn|[from] brn
|-damage|p2a: Ting-Lu|14/100 brn|[from] brn
|upkeep
|turn|45
|inactive|rain224 has 60 seconds left.
|
|t:|1757948626
|switch|p1a: Alomomola|Alomomola, F|50/100 brn
|move|p2a: Ting-Lu|Stealth Rock|p1a: Alomomola
|-sidestart|p1: rain224|move: Stealth Rock
|
|-heal|p2a: Ting-Lu|20/100 brn|[from] item: Leftovers
|-damage|p2a: Ting-Lu|14/100 brn|[from] brn
|-damage|p1a: Alomomola|44/100 brn|[from] brn
|upkeep
|turn|46
|
|t:|1757948654
|move|p1a: Alomomola|Wish|p1a: Alomomola
|move|p2a: Ting-Lu|Whirlwind|p1a: Alomomola
|drag|p1a: Das Capital|Weezing-Galar, M|82/100 brn
|-ability|p1a: Das Capital|Neutralizing Gas
|
|-heal|p2a: Ting-Lu|20/100 brn|[from] item: Leftovers
|-damage|p1a: Das Capital|76/100 brn|[from] brn
|-damage|p2a: Ting-Lu|14/100 brn|[from] brn
|upkeep
|turn|47
|
|t:|1757948669
|move|p1a: Das Capital|Defog|p2a: Ting-Lu
|-unboost|p2a: Ting-Lu|evasion|1
|-sideend|p1: rain224|Stealth Rock|[from] move: Defog|[of] p1a: Das Capital
|move|p2a: Ting-Lu|Earthquake|p1a: Das Capital
|-supereffective|p1a: Das Capital
|-damage|p1a: Das Capital|54/100 brn
|
|-heal|p1a: Das Capital|100/100 brn|[from] move: Wish|[wisher] Alomomola
|-heal|p2a: Ting-Lu|20/100 brn|[from] item: Leftovers
|-damage|p1a: Das Capital|94/100 brn|[from] brn
|-damage|p2a: Ting-Lu|14/100 brn|[from] brn
|upkeep
|turn|48
|inactive|Zamukerz has 120 seconds left.
|
|t:|1757948700
|move|p1a: Das Capital|Sludge Bomb|p2a: Ting-Lu
|-resisted|p2a: Ting-Lu
|-crit|p2a: Ting-Lu
|-damage|p2a: Ting-Lu|2/100 brn
|move|p2a: Ting-Lu|Earthquake|p1a: Das Capital
|-supereffective|p1a: Das Capital
|-damage|p1a: Das Capital|70/100 brn
|
|-heal|p2a: Ting-Lu|9/100 brn|[from] item: Leftovers
|-damage|p1a: Das Capital|64/100 brn|[from] brn
|-damage|p2a: Ting-Lu|2/100 brn|[from] brn
|upkeep
|turn|49
|inactive|Zamukerz has 120 seconds left.
|
|t:|1757948708
|move|p1a: Das Capital|Sludge Bomb|p2a: Ting-Lu
|-resisted|p2a: Ting-Lu
|-damage|p2a: Ting-Lu|0 fnt
|faint|p2a: Ting-Lu
|
|-damage|p1a: Das Capital|58/100 brn|[from] brn
|upkeep
|inactive|Zamukerz has 120 seconds left.
|
|t:|1757948736
|switch|p2a: Great Tusk|Great Tusk|52/100
|turn|50
|
|t:|1757948745
|move|p2a: Great Tusk|Headlong Rush|p1a: Das Capital
|-supereffective|p1a: Das Capital
|-damage|p1a: Das Capital|0 fnt
|-unboost|p2a: Great Tusk|def|1
|-unboost|p2a: Great Tusk|spd|1
|faint|p1a: Das Capital
|-end|p1a: Das Capital|ability: Neutralizing Gas
|
|-heal|p2a: Great Tusk|58/100|[from] item: Leftovers
|upkeep
|
|t:|1757948772
|switch|p1a: Therry Christmas|Tornadus-Therian, M|66/100 brn
|turn|51
|inactive|rain224 has 60 seconds left.
|
|t:|1757948792
|switch|p1a: Djengo Unrained|Gholdengo, tera:Steel|53/100
|-end|p2a: Great Tusk|Protosynthesis|[silent]
|switch|p2a: Rotom|Rotom-Wash|91/100 brn
|
|-heal|p1a: Djengo Unrained|59/100|[from] item: Leftovers
|-damage|p2a: Rotom|84/100 brn|[from] brn
|upkeep
|turn|52
|inactive|rain224 has 60 seconds left.
|
|t:|1757948806
|move|p2a: Rotom|Volt Switch|p1a: Djengo Unrained
|-damage|p1a: Djengo Unrained|31/100
|
|t:|1757948815
|switch|p2a: Alduin|Dragonite, M|100/100|[from] Volt Switch
|move|p1a: Djengo Unrained|Recover|p1a: Djengo Unrained
|-heal|p1a: Djengo Unrained|81/100
|
|-heal|p1a: Djengo Unrained|87/100|[from] item: Leftovers
|upkeep
|turn|53
|inactive|rain224 has 60 seconds left.
|
|t:|1757948833
|switch|p1a: Dog in this Fight|Zamazenta|100/100
|move|p2a: Alduin|Fire Punch|p1a: Dog in this Fight
|-damage|p1a: Dog in this Fight|62/100
|
|upkeep
|turn|54
|
|t:|1757948849
|switch|p2a: Rotom|Rotom-Wash|84/100 brn
|move|p1a: Dog in this Fight|Ice Fang|p2a: Rotom
|-resisted|p2a: Rotom
|-damage|p2a: Rotom|77/100 brn
|
|-damage|p2a: Rotom|71/100 brn|[from] brn
|upkeep
|turn|55
|inactive|rain224 has 60 seconds left.
|
|t:|1757948867
|move|p1a: Dog in this Fight|Close Combat|p2a: Rotom
|-damage|p2a: Rotom|25/100 brn
|-unboost|p1a: Dog in this Fight|def|1
|-unboost|p1a: Dog in this Fight|spd|1
|move|p2a: Rotom|Will-O-Wisp|p1a: Dog in this Fight|[miss]
|-miss|p2a: Rotom|p1a: Dog in this Fight
|
|-damage|p2a: Rotom|19/100 brn|[from] brn
|upkeep
|turn|56
|inactive|rain224 has 60 seconds left.
|
|t:|1757948882
|move|p1a: Dog in this Fight|Crunch|p2a: Rotom
|-damage|p2a: Rotom|0 fnt
|faint|p2a: Rotom
|
|upkeep
|inactive|Zamukerz has 120 seconds left.
|
|t:|1757948897
|switch|p2a: Iron Valiant|Iron Valiant, tera:Electric|25/100
|turn|57
|inactive|Zamukerz has 120 seconds left.
|inactive|rain224 has 60 seconds left.
|
|t:|1757948914
|move|p1a: Dog in this Fight|Crunch|p2a: Iron Valiant
|-damage|p2a: Iron Valiant|0 fnt
|faint|p2a: Iron Valiant
|-end|p2a: Iron Valiant|Quark Drive|[silent]
|
|upkeep
|
|t:|1757948921
|switch|p2a: Great Tusk|Great Tusk|58/100
|turn|58
|inactive|Zamukerz has 120 seconds left.
|
|t:|1757948933
|switch|p1a: Therry Christmas|Tornadus-Therian, M|99/100 brn
|move|p2a: Great Tusk|Headlong Rush|p1a: Therry Christmas
|-immune|p1a: Therry Christmas
|
|-heal|p2a: Great Tusk|64/100|[from] item: Leftovers
|-damage|p1a: Therry Christmas|93/100 brn|[from] brn
|upkeep
|turn|59
|inactive|rain224 has 60 seconds left.
|
|t:|1757948948
|move|p1a: Therry Christmas|Bleakwind Storm|p2a: Great Tusk
|-supereffective|p2a: Great Tusk
|-damage|p2a: Great Tusk|0 fnt
|faint|p2a: Great Tusk
|-end|p2a: Great Tusk|Protosynthesis|[silent]
|
|-damage|p1a: Therry Christmas|87/100 brn|[from] brn
|upkeep
|inactive|Zamukerz has 120 seconds left.
|-message|Zamukerz forfeited.
|
|win|rain224
|raw|rain224's rating: 1470 &rarr; <strong>1489</strong><br />(+19 for winning)
|raw|Zamukerz's rating: 1455 &rarr; <strong>1436</strong><br />(-19 for losing)
|l|☆Zamukerz
|player|p2|
