|j|‽Pitoune901
|j|☆Wabadubadubdo
|t:|1757875797
|gametype|singles
|player|p1|Pitoune901|lucas|1251
|player|p2|Wabadubadubdo|drayden|1184
|gen|9
|tier|[Gen 9] OU
|rated|
|rule|HP Percentage Mod: HP is shown in percentages
|rule|Endless Battle Clause: Forcing endless battles is banned
|rule|Species Clause: Limit one of each Pokémon
|rule|OHKO Clause: OHKO moves are banned
|rule|Evasion Items Clause: Evasion items are banned
|rule|Evasion Moves Clause: Evasion moves are banned
|rule|Evasion Abilities Clause: Evasion abilities are banned
|rule|Sleep Moves Clause: Sleep-inducing moves are banned
|clearpoke
|poke|p1|Pelipper, M|
|poke|p1|Barraskewda, M|
|poke|p1|Ogerpon-Wellspring, F|
|poke|p1|Iron Valiant|
|poke|p1|Zapdos|
|poke|p1|Iron Treads|
|poke|p2|Jolteon, F|
|poke|p2|Slowking-Galar, F|
|poke|p2|Great Tusk|
|poke|p2|Moltres|
|poke|p2|Kingambit, F|
|poke|p2|Hydrapple, F|
|teampreview
|inactive|Battle timer is ON: inactive players will automatically lose when time's up. (requested by Pitoune901)
|
|t:|1757875816
|teamsize|p1|6
|teamsize|p2|6
|start
|switch|p1a: Pelipper|Pelipper, M|100/100
|switch|p2a: Great Tusk|Great Tusk|100/100
|-weather|RainDance|[from] ability: Drizzle|[of] p1a: Pelipper
|turn|1
|
|t:|1757875827
|move|p2a: Great Tusk|Stealth Rock|p1a: Pelipper
|-sidestart|p1: Pitoune901|move: Stealth Rock
|move|p1a: Pelipper|Weather Ball|p2a: Great Tusk
|-supereffective|p2a: Great Tusk
|-damage|p2a: Great Tusk|0 fnt
|faint|p2a: Great Tusk
|-end|p2a: Great Tusk|Protosynthesis|[silent]
|
|-weather|RainDance|[upkeep]
|upkeep
|
|t:|1757875839
|switch|p2a: Jolteon|Jolteon, F|100/100
|turn|2
|
|t:|1757875845
|switch|p1a: Iron Treads|Iron Treads|100/100
|-damage|p1a: Iron Treads|97/100|[from] Stealth Rock
|move|p2a: Jolteon|Calm Mind|p2a: Jolteon
|-boost|p2a: Jolteon|spa|1
|-boost|p2a: Jolteon|spd|1
|
|-weather|RainDance|[upkeep]
|upkeep
|turn|3
|
|t:|1757875858
|switch|p2a: burning Birb|Moltres|100/100
|move|p1a: Iron Treads|Rapid Spin|p2a: burning Birb
|-damage|p2a: burning Birb|90/100
|-boost|p1a: Iron Treads|spe|1
|-sideend|p1: Pitoune901|Stealth Rock|[from] move: Rapid Spin|[of] p1a: Iron Treads
|
|-weather|RainDance|[upkeep]
|upkeep
|turn|4
|
|t:|1757875868
|move|p1a: Iron Treads|Volt Switch|p2a: burning Birb
|-supereffective|p2a: burning Birb
|-crit|p2a: burning Birb
|-damage|p2a: burning Birb|64/100
|
|t:|1757875879
|-end|p1a: Iron Treads|Quark Drive|[silent]
|switch|p1a: Pelipper|Pelipper, M|100/100|[from] Volt Switch
|move|p2a: burning Birb|Flamethrower|p1a: Pelipper
|-resisted|p1a: Pelipper
|-damage|p1a: Pelipper|91/100
|
|-weather|RainDance|[upkeep]
|upkeep
|turn|5
|
|t:|1757875890
|switch|p2a: Jolteon|Jolteon, F|100/100
|move|p1a: Pelipper|Weather Ball|p2a: Jolteon
|-damage|p2a: Jolteon|31/100
|
|-weather|RainDance|[upkeep]
|upkeep
|turn|6
|
|t:|1757875897
|switch|p1a: Iron Treads|Iron Treads|97/100
|move|p2a: Jolteon|Thunderbolt|p1a: Iron Treads
|-immune|p1a: Iron Treads
|
|-weather|RainDance|[upkeep]
|upkeep
|turn|7
|
|t:|1757875906
|switch|p2a: Hydrapple|Hydrapple, F|100/100
|move|p1a: Iron Treads|Volt Switch|p2a: Hydrapple
|-resisted|p2a: Hydrapple
|-damage|p2a: Hydrapple|98/100
|
|t:|1757875916
|-end|p1a: Iron Treads|Quark Drive|[silent]
|switch|p1a: Zapdos|Zapdos|100/100|[from] Volt Switch
|
|-weather|RainDance|[upkeep]
|upkeep
|turn|8
|
|t:|1757875924
|-terastallize|p2a: Hydrapple|Poison
|move|p1a: Zapdos|Hurricane|p2a: Hydrapple
|-damage|p2a: Hydrapple|45/100
|-start|p2a: Hydrapple|confusion
|-activate|p2a: Hydrapple|confusion
|move|p2a: Hydrapple|Nasty Plot|p2a: Hydrapple
|-boost|p2a: Hydrapple|spa|2
|
|-weather|none
|upkeep
|turn|9
|
|t:|1757875937
|move|p1a: Zapdos|Hurricane|p2a: Hydrapple
|-damage|p2a: Hydrapple|0 fnt
|faint|p2a: Hydrapple
|
|upkeep
|
|t:|1757875943
|switch|p2a: Slowking|Slowking-Galar, F|100/100
|turn|10
|
|t:|1757875949
|switch|p1a: Pelipper|Pelipper, M|91/100
|-weather|RainDance|[from] ability: Drizzle|[of] p1a: Pelipper
|move|p2a: Slowking|Sludge Bomb|p1a: Pelipper
|-damage|p1a: Pelipper|50/100
|-status|p1a: Pelipper|psn
|
|-weather|RainDance|[upkeep]
|-damage|p1a: Pelipper|38/100 psn|[from] psn
|upkeep
|turn|11
|
|t:|1757875962
|move|p1a: Pelipper|U-turn|p2a: Slowking
|-damage|p2a: Slowking|91/100
|
|t:|1757875967
|switch|p1a: Iron Treads|Iron Treads|97/100|[from] U-turn
|move|p2a: Slowking|Psyshock|p1a: Iron Treads
|-resisted|p1a: Iron Treads
|-damage|p1a: Iron Treads|83/100
|
|-weather|RainDance|[upkeep]
|upkeep
|turn|12
|
|t:|1757875980
|switch|p2a: burning Birb|Moltres|64/100
|move|p1a: Iron Treads|Volt Switch|p2a: burning Birb
|-supereffective|p2a: burning Birb
|-damage|p2a: burning Birb|45/100
|
|t:|1757875990
|-end|p1a: Iron Treads|Quark Drive|[silent]
|switch|p1a: Zapdos|Zapdos|100/100|[from] Volt Switch
|
|-weather|RainDance|[upkeep]
|upkeep
|turn|13
|
|t:|1757876010
|move|p1a: Zapdos|Weather Ball|p2a: burning Birb
|-supereffective|p2a: burning Birb
|-damage|p2a: burning Birb|0 fnt
|faint|p2a: burning Birb
|
|-weather|RainDance|[upkeep]
|upkeep
|
|t:|1757876013
|switch|p2a: Kingambit|Kingambit, F|100/100
|-activate|p2a: Kingambit|ability: Supreme Overlord
|-start|p2a: Kingambit|fallen3|[silent]
|turn|14
|
|t:|1757876035
|switch|p1a: Iron Valiant|Iron Valiant|100/100
|-enditem|p1a: Iron Valiant|Booster Energy
|-activate|p1a: Iron Valiant|ability: Quark Drive|[fromitem]
|-start|p1a: Iron Valiant|quarkdrivespe
|move|p2a: Kingambit|Sucker Punch||[still]
|-fail|p2a: Kingambit
|
|-weather|RainDance|[upkeep]
|upkeep
|turn|15
|
|t:|1757876050
|move|p1a: Iron Valiant|Close Combat|p2a: Kingambit
|-supereffective|p2a: Kingambit
|-damage|p2a: Kingambit|0 fnt
|-unboost|p1a: Iron Valiant|def|1
|-unboost|p1a: Iron Valiant|spd|1
|faint|p2a: Kingambit
|-end|p2a: Kingambit|fallen3|[silent]
|
|-weather|RainDance|[upkeep]
|upkeep
|-message|Wabadubadubdo forfeited.
|
|win|Pitoune901
|raw|Pitoune901's rating: 1251 &rarr; <strong>1271</strong><br />(+20 for winning)
|raw|Wabadubadubdo's rating: 1184 &rarr; <strong>1164</strong><br />(-20 for losing)
|l|☆Wabadubadubdo
|player|p2|
