|j|☆SapphireRedux
|j|☆Charle_phate
|t:|1757824022
|gametype|singles
|player|p1|SapphireRedux|lacey|1488
|player|p2|Charle_phate|blue|1432
|gen|9
|tier|[Gen 9] OU
|rated|
|rule|HP Percentage Mod: HP is shown in percentages
|rule|Endless Battle Clause: Forcing endless battles is banned
|rule|Species Clause: Limit one of each Pokémon
|rule|OHKO Clause: OHKO moves are banned
|rule|Evasion Items Clause: Evasion items are banned
|rule|Evasion Moves Clause: Evasion moves are banned
|rule|Evasion Abilities Clause: Evasion abilities are banned
|rule|Sleep Moves Clause: Sleep-inducing moves are banned
|clearpoke
|poke|p1|Quaquaval, M|
|poke|p1|Ting-Lu|
|poke|p1|Hatterene, F|
|poke|p1|Iron Treads|
|poke|p1|Dragonite, M|
|poke|p1|Ogerpon, F|
|poke|p2|Serperior, M|
|poke|p2|Rotom-Wash|
|poke|p2|Zapdos|
|poke|p2|Heatran, F|
|poke|p2|Clefable, F|
|poke|p2|Landorus-Therian, M|
|teampreview
|inactive|Battle timer is ON: inactive players will automatically lose when time's up. (requested by SapphireRedux)
|
|t:|1757824032
|teamsize|p1|6
|teamsize|p2|6
|start
|switch|p1a: Ting-Lu|Ting-Lu|100/100
|switch|p2a: Rotom|Rotom-Wash|100/100
|-ability|p1a: Ting-Lu|Vessel of Ruin
|turn|1
|
|t:|1757824041
|move|p2a: Rotom|Hydro Pump|p1a: Ting-Lu
|-supereffective|p1a: Ting-Lu
|-damage|p1a: Ting-Lu|51/100
|-enditem|p1a: Ting-Lu|Weakness Policy
|-boost|p1a: Ting-Lu|atk|2|[from] item: Weakness Policy
|-boost|p1a: Ting-Lu|spa|2|[from] item: Weakness Policy
|move|p1a: Ting-Lu|Stealth Rock|p2a: Rotom
|-sidestart|p2: Charle_phate|move: Stealth Rock
|
|upkeep
|turn|2
|
|t:|1757824057
|move|p2a: Rotom|Hydro Pump|p1a: Ting-Lu
|-supereffective|p1a: Ting-Lu
|-damage|p1a: Ting-Lu|0 fnt
|faint|p1a: Ting-Lu
|
|upkeep
|
|t:|1757824062
|switch|p1a: Ogerpon|Ogerpon, F|100/100
|turn|3
|
|t:|1757824090
|move|p1a: Ogerpon|Ivy Cudgel|p2a: Rotom
|-supereffective|p2a: Rotom
|-damage|p2a: Rotom|0 fnt
|faint|p2a: Rotom
|
|upkeep
|
|t:|1757824097
|switch|p2a: Serperior|Serperior, M|100/100
|-damage|p2a: Serperior|88/100|[from] Stealth Rock
|turn|4
|
|t:|1757824104
|switch|p1a: Hatterene|Hatterene, F|100/100
|move|p2a: Serperior|Glare|p1a: Hatterene
|move|p1a: Hatterene|Glare|p2a: Serperior|[from] ability: Magic Bounce
|-status|p2a: Serperior|par
|
|-heal|p2a: Serperior|94/100 par|[from] item: Leftovers
|upkeep
|turn|5
|inactive|Charle_phate has 120 seconds left.
|
|t:|1757824133
|switch|p2a: Heatran|Heatran, F|100/100
|-damage|p2a: Heatran|88/100|[from] Stealth Rock
|move|p1a: Hatterene|Psychic Noise|p2a: Heatran
|-resisted|p2a: Heatran
|-damage|p2a: Heatran|78/100
|-start|p2a: Heatran|move: Heal Block
|
|upkeep
|turn|6
|
|t:|1757824144
|move|p2a: Heatran|Substitute|p2a: Heatran
|-start|p2a: Heatran|Substitute
|-damage|p2a: Heatran|53/100
|move|p1a: Hatterene|Psychic Noise|p2a: Heatran
|-resisted|p2a: Heatran
|-damage|p2a: Heatran|43/100
|
|-end|p2a: Heatran|move: Heal Block
|upkeep
|turn|7
|
|t:|1757824153
|move|p2a: Heatran|Magma Storm|p1a: Hatterene|[miss]
|-miss|p2a: Heatran|p1a: Hatterene
|move|p1a: Hatterene|Psychic Noise|p2a: Heatran
|-resisted|p2a: Heatran
|-damage|p2a: Heatran|32/100
|-start|p2a: Heatran|move: Heal Block
|
|upkeep
|turn|8
|
|t:|1757824157
|move|p2a: Heatran|Magma Storm|p1a: Hatterene
|-damage|p1a: Hatterene|53/100
|-activate|p1a: Hatterene|move: Magma Storm|[of] p2a: Heatran
|move|p1a: Hatterene|Psychic Noise|p2a: Heatran
|-resisted|p2a: Heatran
|-damage|p2a: Heatran|23/100
|
|-damage|p1a: Hatterene|41/100|[from] move: Magma Storm|[partiallytrapped]
|-end|p2a: Heatran|move: Heal Block
|upkeep
|turn|9
|
|t:|1757824164
|move|p2a: Heatran|Ancient Power|p1a: Hatterene
|-damage|p1a: Hatterene|23/100
|move|p1a: Hatterene|Psychic Noise|p2a: Heatran
|-resisted|p2a: Heatran
|-damage|p2a: Heatran|13/100
|-start|p2a: Heatran|move: Heal Block
|
|-damage|p1a: Hatterene|11/100|[from] move: Magma Storm|[partiallytrapped]
|upkeep
|turn|10
|
|t:|1757824173
|move|p2a: Heatran|Ancient Power|p1a: Hatterene
|-damage|p1a: Hatterene|0 fnt
|faint|p1a: Hatterene
|
|-end|p2a: Heatran|move: Heal Block
|upkeep
|
|t:|1757824179
|switch|p1a: Iron Treads|Iron Treads|100/100
|turn|11
|
|t:|1757824183
|move|p1a: Iron Treads|Earthquake|p2a: Heatran
|-supereffective|p2a: Heatran
|-end|p2a: Heatran|Substitute
|move|p2a: Heatran|Lava Plume|p1a: Iron Treads
|-supereffective|p1a: Iron Treads
|-damage|p1a: Iron Treads|31/100
|
|-heal|p2a: Heatran|19/100|[from] item: Leftovers
|upkeep
|turn|12
|
|t:|1757824192
|move|p1a: Iron Treads|Earthquake|p2a: Heatran
|-supereffective|p2a: Heatran
|-damage|p2a: Heatran|0 fnt
|faint|p2a: Heatran
|
|upkeep
|
|t:|1757824199
|switch|p2a: Serperior|Serperior, M|94/100 par
|-damage|p2a: Serperior|82/100 par|[from] Stealth Rock
|turn|13
|
|t:|1757824206
|move|p1a: Iron Treads|Ice Spinner|p2a: Serperior
|-supereffective|p2a: Serperior
|-damage|p2a: Serperior|18/100 par
|move|p2a: Serperior|Glare|p1a: Iron Treads
|-status|p1a: Iron Treads|par
|
|-heal|p2a: Serperior|24/100 par|[from] item: Leftovers
|upkeep
|turn|14
|
|t:|1757824217
|move|p2a: Serperior|Leech Seed|p1a: Iron Treads
|-start|p1a: Iron Treads|move: Leech Seed
|move|p1a: Iron Treads|Ice Spinner|p2a: Serperior
|-supereffective|p2a: Serperior
|-damage|p2a: Serperior|0 fnt
|faint|p2a: Serperior
|
|upkeep
|inactive|Charle_phate has 120 seconds left.
|
|t:|1757824249
|switch|p2a: Zapdos|Zapdos|100/100
|-damage|p2a: Zapdos|76/100|[from] Stealth Rock
|turn|15
|inactive|Charle_phate has 120 seconds left.
|
|t:|1757824269
|move|p2a: Zapdos|Ancient Power|p1a: Iron Treads
|-resisted|p1a: Iron Treads
|-damage|p1a: Iron Treads|26/100 par
|-boost|p2a: Zapdos|atk|1
|-boost|p2a: Zapdos|def|1
|-boost|p2a: Zapdos|spa|1
|-boost|p2a: Zapdos|spd|1
|-boost|p2a: Zapdos|spe|1
|move|p1a: Iron Treads|Ice Spinner|p2a: Zapdos
|-supereffective|p2a: Zapdos
|-damage|p2a: Zapdos|45/100
|
|-heal|p2a: Zapdos|51/100|[from] item: Leftovers
|-damage|p1a: Iron Treads|14/100 par|[from] Leech Seed|[of] p2a: Zapdos
|-heal|p2a: Zapdos|64/100|[silent]
|upkeep
|turn|16
|
|t:|1757824276
|move|p2a: Zapdos|Ancient Power|p1a: Iron Treads
|-resisted|p1a: Iron Treads
|-damage|p1a: Iron Treads|7/100 par
|move|p1a: Iron Treads|Ice Spinner|p2a: Zapdos
|-supereffective|p2a: Zapdos
|-damage|p2a: Zapdos|34/100
|
|-heal|p2a: Zapdos|40/100|[from] item: Leftovers
|-damage|p1a: Iron Treads|0 fnt|[from] Leech Seed|[of] p2a: Zapdos
|-heal|p2a: Zapdos|47/100|[silent]
|faint|p1a: Iron Treads
|-end|p1a: Iron Treads|Quark Drive|[silent]
|upkeep
|
|t:|1757824301
|switch|p1a: Dragonite|Dragonite, M|100/100
|turn|17
|inactive|Charle_phate has 120 seconds left.
|
|t:|1757824317
|move|p2a: Zapdos|Heat Wave|p1a: Dragonite
|-resisted|p1a: Dragonite
|-damage|p1a: Dragonite|88/100
|move|p1a: Dragonite|Scale Shot|p2a: Zapdos
|-damage|p2a: Zapdos|36/100
|-damage|p2a: Zapdos|27/100
|-damage|p2a: Zapdos|18/100
|-crit|p2a: Zapdos
|-damage|p2a: Zapdos|0 fnt
|faint|p2a: Zapdos
|-hitcount|p2: Zapdos|4
|-unboost|p1a: Dragonite|def|1
|-boost|p1a: Dragonite|spe|1
|
|upkeep
|
|t:|1757824322
|switch|p2a: Landorus|Landorus-Therian, M|100/100
|-damage|p2a: Landorus|88/100|[from] Stealth Rock
|-ability|p2a: Landorus|Intimidate|boost
|-unboost|p1a: Dragonite|atk|1
|turn|18
|
|t:|1757824328
|switch|p1a: Quaquaval|Quaquaval, M|100/100
|move|p2a: Landorus|Outrage|p1a: Quaquaval
|-damage|p1a: Quaquaval|21/100
|-damage|p2a: Landorus|78/100|[from] item: Life Orb
|
|upkeep
|turn|19
|
|t:|1757824352
|move|p2a: Landorus|Outrage|p1a: Quaquaval|[from] lockedmove
|-damage|p1a: Quaquaval|0 fnt
|faint|p1a: Quaquaval
|-damage|p2a: Landorus|68/100|[from] item: Life Orb
|-start|p2a: Landorus|confusion|[fatigue]
|
|upkeep
|
|t:|1757824358
|switch|p1a: Ogerpon|Ogerpon, F|100/100
|turn|20
|inactive|Charle_phate has 120 seconds left.
|
|t:|1757824401
|-terastallize|p1a: Ogerpon|Grass
|detailschange|p1a: Ogerpon|Ogerpon-Teal-Tera, F, tera:Grass
|-ability|p1a: Ogerpon|Embody Aspect (Teal)|boost
|-boost|p1a: Ogerpon|spe|1
|-terastallize|p2a: Landorus|Dragon
|move|p1a: Ogerpon|Ivy Cudgel|p2a: Landorus
|-resisted|p2a: Landorus
|-damage|p2a: Landorus|7/100
|-activate|p2a: Landorus|confusion
|move|p2a: Landorus|Outrage|p1a: Ogerpon
|-damage|p1a: Ogerpon|0 fnt
|faint|p1a: Ogerpon
|detailschange|p1: Ogerpon|Ogerpon, F|[silent]
|-damage|p2a: Landorus|0 fnt|[from] item: Life Orb
|faint|p2a: Landorus
|
|upkeep
|
|t:|1757824409
|switch|p1a: Dragonite|Dragonite, M|88/100
|switch|p2a: Clefable|Clefable, F|100/100
|turn|21
|
|t:|1757824422
|move|p1a: Dragonite|Fire Punch|p2a: Clefable
|-damage|p2a: Clefable|73/100
|move|p2a: Clefable|Cosmic Power|p2a: Clefable
|-boost|p2a: Clefable|def|1
|-boost|p2a: Clefable|spd|1
|
|-heal|p2a: Clefable|80/100|[from] item: Leftovers
|upkeep
|turn|22
|
|t:|1757824426
|move|p1a: Dragonite|Encore|p2a: Clefable
|-start|p2a: Clefable|Encore
|move|p2a: Clefable|Cosmic Power|p2a: Clefable
|-boost|p2a: Clefable|def|1
|-boost|p2a: Clefable|spd|1
|
|-heal|p2a: Clefable|86/100|[from] item: Leftovers
|upkeep
|turn|23
|
|t:|1757824429
|move|p1a: Dragonite|Dragon Dance|p1a: Dragonite
|-boost|p1a: Dragonite|atk|1
|-boost|p1a: Dragonite|spe|1
|move|p2a: Clefable|Cosmic Power|p2a: Clefable
|-boost|p2a: Clefable|def|1
|-boost|p2a: Clefable|spd|1
|
|-heal|p2a: Clefable|92/100|[from] item: Leftovers
|upkeep
|turn|24
|
|t:|1757824433
|move|p1a: Dragonite|Fire Punch|p2a: Clefable
|-damage|p2a: Clefable|78/100
|move|p2a: Clefable|Cosmic Power|p2a: Clefable
|-boost|p2a: Clefable|def|1
|-boost|p2a: Clefable|spd|1
|
|-heal|p2a: Clefable|84/100|[from] item: Leftovers
|-end|p2a: Clefable|Encore
|upkeep
|turn|25
|
|t:|1757824448
|move|p1a: Dragonite|Encore|p2a: Clefable
|-start|p2a: Clefable|Encore
|move|p2a: Clefable|Cosmic Power|p2a: Clefable
|-boost|p2a: Clefable|def|1
|-boost|p2a: Clefable|spd|1
|
|-heal|p2a: Clefable|90/100|[from] item: Leftovers
|upkeep
|turn|26
|
|t:|1757824450
|move|p1a: Dragonite|Fire Punch|p2a: Clefable
|-damage|p2a: Clefable|80/100
|move|p2a: Clefable|Cosmic Power|p2a: Clefable
|-boost|p2a: Clefable|def|1
|-boost|p2a: Clefable|spd|1
|
|-heal|p2a: Clefable|86/100|[from] item: Leftovers
|upkeep
|turn|27
|
|t:|1757824453
|move|p1a: Dragonite|Fire Punch|p2a: Clefable
|-damage|p2a: Clefable|76/100
|move|p2a: Clefable|Cosmic Power|p2a: Clefable
|-boost|p2a: Clefable|def|0
|-boost|p2a: Clefable|spd|0
|
|-heal|p2a: Clefable|82/100|[from] item: Leftovers
|-end|p2a: Clefable|Encore
|upkeep
|turn|28
|
|t:|1757824456
|move|p1a: Dragonite|Encore|p2a: Clefable
|-start|p2a: Clefable|Encore
|move|p2a: Clefable|Cosmic Power|p2a: Clefable
|-boost|p2a: Clefable|def|0
|-boost|p2a: Clefable|spd|0
|
|-heal|p2a: Clefable|88/100|[from] item: Leftovers
|upkeep
|turn|29
|
|t:|1757824468
|move|p1a: Dragonite|Fire Punch|p2a: Clefable
|-damage|p2a: Clefable|79/100
|move|p2a: Clefable|Cosmic Power|p2a: Clefable
|-boost|p2a: Clefable|def|0
|-boost|p2a: Clefable|spd|0
|
|-heal|p2a: Clefable|85/100|[from] item: Leftovers
|upkeep
|turn|30
|
|t:|1757824471
|move|p1a: Dragonite|Fire Punch|p2a: Clefable
|-damage|p2a: Clefable|76/100
|move|p2a: Clefable|Cosmic Power|p2a: Clefable
|-boost|p2a: Clefable|def|0
|-boost|p2a: Clefable|spd|0
|
|-heal|p2a: Clefable|82/100|[from] item: Leftovers
|-end|p2a: Clefable|Encore
|upkeep
|turn|31
|
|t:|1757824475
|move|p1a: Dragonite|Encore|p2a: Clefable
|-start|p2a: Clefable|Encore
|move|p2a: Clefable|Cosmic Power|p2a: Clefable
|-boost|p2a: Clefable|def|0
|-boost|p2a: Clefable|spd|0
|
|-heal|p2a: Clefable|88/100|[from] item: Leftovers
|upkeep
|turn|32
|
|t:|1757824478
|move|p1a: Dragonite|Dragon Dance|p1a: Dragonite
|-boost|p1a: Dragonite|atk|1
|-boost|p1a: Dragonite|spe|1
|move|p2a: Clefable|Cosmic Power|p2a: Clefable
|-boost|p2a: Clefable|def|0
|-boost|p2a: Clefable|spd|0
|
|-heal|p2a: Clefable|94/100|[from] item: Leftovers
|upkeep
|turn|33
|
|t:|1757824495
|move|p1a: Dragonite|Dragon Dance|p1a: Dragonite
|-boost|p1a: Dragonite|atk|1
|-boost|p1a: Dragonite|spe|1
|move|p2a: Clefable|Cosmic Power|p2a: Clefable
|-boost|p2a: Clefable|def|0
|-boost|p2a: Clefable|spd|0
|
|-heal|p2a: Clefable|99/100|[from] item: Leftovers
|-end|p2a: Clefable|Encore
|upkeep
|turn|34
|
|t:|1757824498
|move|p1a: Dragonite|Encore|p2a: Clefable
|-start|p2a: Clefable|Encore
|move|p2a: Clefable|Cosmic Power|p2a: Clefable
|-boost|p2a: Clefable|def|0
|-boost|p2a: Clefable|spd|0
|
|-heal|p2a: Clefable|100/100|[from] item: Leftovers
|upkeep
|turn|35
|
|t:|1757824500
|move|p1a: Dragonite|Dragon Dance|p1a: Dragonite
|-boost|p1a: Dragonite|atk|1
|-boost|p1a: Dragonite|spe|1
|move|p2a: Clefable|Cosmic Power|p2a: Clefable
|-boost|p2a: Clefable|def|0
|-boost|p2a: Clefable|spd|0
|
|upkeep
|turn|36
|
|t:|1757824506
|move|p1a: Dragonite|Dragon Dance|p1a: Dragonite
|-boost|p1a: Dragonite|atk|1
|-boost|p1a: Dragonite|spe|1
|move|p2a: Clefable|Cosmic Power|p2a: Clefable
|-boost|p2a: Clefable|def|0
|-boost|p2a: Clefable|spd|0
|
|-end|p2a: Clefable|Encore
|upkeep
|turn|37
|
|t:|1757824509
|move|p1a: Dragonite|Encore|p2a: Clefable
|-start|p2a: Clefable|Encore
|move|p2a: Clefable|Cosmic Power|p2a: Clefable
|-boost|p2a: Clefable|def|0
|-boost|p2a: Clefable|spd|0
|
|upkeep
|turn|38
|
|t:|1757824511
|move|p1a: Dragonite|Dragon Dance|p1a: Dragonite
|-boost|p1a: Dragonite|atk|1
|-boost|p1a: Dragonite|spe|1
|move|p2a: Clefable|Cosmic Power|p2a: Clefable
|-boost|p2a: Clefable|def|0
|-boost|p2a: Clefable|spd|0
|
|upkeep
|turn|39
|
|t:|1757824513
|move|p1a: Dragonite|Fire Punch|p2a: Clefable
|-damage|p2a: Clefable|73/100
|move|p2a: Clefable|Cosmic Power|p2a: Clefable
|-boost|p2a: Clefable|def|0
|-boost|p2a: Clefable|spd|0
|
|-heal|p2a: Clefable|79/100|[from] item: Leftovers
|-end|p2a: Clefable|Encore
|upkeep
|turn|40
|
|t:|1757824516
|move|p1a: Dragonite|Encore|p2a: Clefable
|-start|p2a: Clefable|Encore
|move|p2a: Clefable|Cosmic Power|p2a: Clefable
|-boost|p2a: Clefable|def|0
|-boost|p2a: Clefable|spd|0
|
|-heal|p2a: Clefable|85/100|[from] item: Leftovers
|upkeep
|turn|41
|
|t:|1757824518
|move|p1a: Dragonite|Fire Punch|p2a: Clefable
|-damage|p2a: Clefable|61/100
|move|p2a: Clefable|Cosmic Power|p2a: Clefable
|-boost|p2a: Clefable|def|0
|-boost|p2a: Clefable|spd|0
|
|-heal|p2a: Clefable|67/100|[from] item: Leftovers
|upkeep
|turn|42
|
|t:|1757824521
|move|p1a: Dragonite|Fire Punch|p2a: Clefable
|-damage|p2a: Clefable|42/100
|move|p2a: Clefable|Cosmic Power|p2a: Clefable
|-boost|p2a: Clefable|def|0
|-boost|p2a: Clefable|spd|0
|
|-heal|p2a: Clefable|48/100|[from] item: Leftovers
|-end|p2a: Clefable|Encore
|upkeep
|turn|43
|
|t:|1757824535
|move|p1a: Dragonite|Encore|p2a: Clefable
|-start|p2a: Clefable|Encore
|move|p2a: Clefable|Cosmic Power|p2a: Clefable
|-boost|p2a: Clefable|def|0
|-boost|p2a: Clefable|spd|0
|
|-heal|p2a: Clefable|54/100|[from] item: Leftovers
|upkeep
|turn|44
|
|t:|1757824539
|move|p1a: Dragonite|Fire Punch|p2a: Clefable
|-damage|p2a: Clefable|30/100
|move|p2a: Clefable|Cosmic Power|p2a: Clefable
|-boost|p2a: Clefable|def|0
|-boost|p2a: Clefable|spd|0
|
|-heal|p2a: Clefable|36/100|[from] item: Leftovers
|upkeep
|turn|45
|
|t:|1757824541
|move|p1a: Dragonite|Fire Punch|p2a: Clefable
|-damage|p2a: Clefable|12/100
|move|p2a: Clefable|Cosmic Power|p2a: Clefable
|-boost|p2a: Clefable|def|0
|-boost|p2a: Clefable|spd|0
|
|-heal|p2a: Clefable|18/100|[from] item: Leftovers
|-end|p2a: Clefable|Encore
|upkeep
|turn|46
|
|t:|1757824544
|move|p1a: Dragonite|Fire Punch|p2a: Clefable
|-damage|p2a: Clefable|0 fnt
|faint|p2a: Clefable
|
|win|SapphireRedux
|raw|SapphireRedux's rating: 1488 &rarr; <strong>1505</strong><br />(+17 for winning)
|raw|Charle_phate's rating: 1432 &rarr; <strong>1415</strong><br />(-17 for losing)
|l|☆Charle_phate
|player|p2|
|l|☆SapphireRedux
|player|p1|
