|j|☆Noishyy
|j|☆YQMXLL
|t:|1757917979
|gametype|singles
|player|p1|Noishyy|266|1460
|player|p2|YQMXLL|2|1496
|gen|9
|tier|[Gen 9] OU
|rated|
|rule|HP Percentage Mod: HP is shown in percentages
|rule|Endless Battle Clause: Forcing endless battles is banned
|rule|Species Clause: Limit one of each Pokémon
|rule|OHKO Clause: OHKO moves are banned
|rule|Evasion Items Clause: Evasion items are banned
|rule|Evasion Moves Clause: Evasion moves are banned
|rule|Evasion Abilities Clause: Evasion abilities are banned
|rule|Sleep Moves Clause: Sleep-inducing moves are banned
|clearpoke
|poke|p1|Iron Moth|
|poke|p1|Kingambit, F|
|poke|p1|Dragonite, M|
|poke|p1|Ogerpon-Cornerstone, F|
|poke|p1|Iron Valiant|
|poke|p1|Raging Bolt|
|poke|p2|Alomomola, F|
|poke|p2|Dondozo, M|
|poke|p2|Gliscor, M|
|poke|p2|Toxapex, M|
|poke|p2|Corviknight, M|
|poke|p2|Chansey, F|
|teampreview
|l|☆YQMXLL
|player|p2|
|j|☆YQMXLL
|player|p2|YQMXLL|2|
|l|☆YQMXLL
|player|p2|
|j|☆YQMXLL
|player|p2|YQMXLL|2|
|inactive|Battle timer is ON: inactive players will automatically lose when time's up. (requested by Noishyy)
|
|t:|1757918036
|teamsize|p1|6
|teamsize|p2|6
|start
|switch|p1a: Ogerpon|Ogerpon-Cornerstone, F|100/100
|switch|p2a: Toxapex|Toxapex, M|100/100
|turn|1
|
|t:|1757918044
|move|p1a: Ogerpon|Power Whip|p2a: Toxapex
|-damage|p2a: Toxapex|50/100
|move|p2a: Toxapex|Toxic|p1a: Ogerpon
|-status|p1a: Ogerpon|tox
|
|-damage|p1a: Ogerpon|95/100 tox|[from] psn
|upkeep
|turn|2
|
|t:|1757918064
|move|p2a: Toxapex|Baneful Bunker|p2a: Toxapex
|-singleturn|p2a: Toxapex|move: Protect
|move|p1a: Ogerpon|Ivy Cudgel|p2a: Toxapex|[anim] Ivy Cudgel Rock
|-activate|p2a: Toxapex|move: Protect
|
|-damage|p1a: Ogerpon|83/100 tox|[from] psn
|upkeep
|turn|3
|
|t:|1757918085
|switch|p1a: Raging Bolt|Raging Bolt|100/100
|-enditem|p1a: Raging Bolt|Booster Energy
|-activate|p1a: Raging Bolt|ability: Protosynthesis|[fromitem]
|-start|p1a: Raging Bolt|protosynthesisspa
|switch|p2a: Alomomola|Alomomola, F|100/100
|
|upkeep
|turn|4
|
|t:|1757918098
|move|p2a: Alomomola|Protect|p2a: Alomomola
|-singleturn|p2a: Alomomola|Protect
|move|p1a: Raging Bolt|Calm Mind|p1a: Raging Bolt
|-boost|p1a: Raging Bolt|spa|1
|-boost|p1a: Raging Bolt|spd|1
|
|upkeep
|turn|5
|
|t:|1757918105
|switch|p2a: Chansey|Chansey, F|100/100
|move|p1a: Raging Bolt|Dragon Pulse|p2a: Chansey
|-damage|p2a: Chansey|77/100
|
|upkeep
|turn|6
|
|t:|1757918113
|move|p1a: Raging Bolt|Thunderbolt|p2a: Chansey
|-damage|p2a: Chansey|56/100
|move|p2a: Chansey|Calm Mind|p2a: Chansey
|-boost|p2a: Chansey|spa|1
|-boost|p2a: Chansey|spd|1
|
|upkeep
|turn|7
|
|t:|1757918124
|move|p1a: Raging Bolt|Thunderbolt|p2a: Chansey
|-damage|p2a: Chansey|39/100
|move|p2a: Chansey|Soft-Boiled|p2a: Chansey
|-heal|p2a: Chansey|89/100
|
|upkeep
|turn|8
|
|t:|1757918130
|move|p1a: Raging Bolt|Thunderbolt|p2a: Chansey
|-damage|p2a: Chansey|74/100
|move|p2a: Chansey|Calm Mind|p2a: Chansey
|-boost|p2a: Chansey|spa|1
|-boost|p2a: Chansey|spd|1
|
|upkeep
|turn|9
|
|t:|1757918137
|move|p1a: Raging Bolt|Thunderbolt|p2a: Chansey
|-damage|p2a: Chansey|62/100
|move|p2a: Chansey|Seismic Toss|p1a: Raging Bolt
|-damage|p1a: Raging Bolt|75/100
|
|upkeep
|turn|10
|
|t:|1757918144
|move|p1a: Raging Bolt|Thunderbolt|p2a: Chansey
|-damage|p2a: Chansey|50/100
|move|p2a: Chansey|Seismic Toss|p1a: Raging Bolt
|-damage|p1a: Raging Bolt|49/100
|
|upkeep
|turn|11
|
|t:|1757918152
|move|p1a: Raging Bolt|Thunderbolt|p2a: Chansey
|-damage|p2a: Chansey|38/100
|move|p2a: Chansey|Soft-Boiled|p2a: Chansey
|-heal|p2a: Chansey|88/100
|
|upkeep
|turn|12
|
|t:|1757918159
|move|p1a: Raging Bolt|Thunderbolt|p2a: Chansey
|-damage|p2a: Chansey|75/100
|move|p2a: Chansey|Calm Mind|p2a: Chansey
|-boost|p2a: Chansey|spa|1
|-boost|p2a: Chansey|spd|1
|
|upkeep
|turn|13
|
|t:|1757918166
|-end|p1a: Raging Bolt|Protosynthesis|[silent]
|switch|p1a: Iron Valiant|Iron Valiant|100/100
|-enditem|p1a: Iron Valiant|Booster Energy
|-activate|p1a: Iron Valiant|ability: Quark Drive|[fromitem]
|-start|p1a: Iron Valiant|quarkdrivespe
|move|p2a: Chansey|Seismic Toss|p1a: Iron Valiant
|-damage|p1a: Iron Valiant|66/100
|
|upkeep
|turn|14
|
|t:|1757918177
|switch|p2a: Toxapex|Toxapex, M|83/100
|move|p1a: Iron Valiant|Swords Dance|p1a: Iron Valiant
|-boost|p1a: Iron Valiant|atk|2
|
|upkeep
|turn|15
|
|t:|1757918187
|-terastallize|p1a: Iron Valiant|Steel
|move|p2a: Toxapex|Baneful Bunker|p2a: Toxapex
|-singleturn|p2a: Toxapex|move: Protect
|move|p1a: Iron Valiant|Knock Off|p2a: Toxapex
|-activate|p2a: Toxapex|move: Protect
|
|upkeep
|turn|16
|
|t:|1757918196
|switch|p2a: Dondozo|Dondozo, M|100/100
|move|p1a: Iron Valiant|Knock Off|p2a: Dondozo
|-damage|p2a: Dondozo|86/100
|-enditem|p2a: Dondozo|Leftovers|[from] move: Knock Off|[of] p1a: Iron Valiant
|
|upkeep
|turn|17
|
|t:|1757918208
|move|p1a: Iron Valiant|Close Combat|p2a: Dondozo
|-damage|p2a: Dondozo|57/100
|-unboost|p1a: Iron Valiant|def|1
|-unboost|p1a: Iron Valiant|spd|1
|move|p2a: Dondozo|Earthquake|p1a: Iron Valiant
|-supereffective|p1a: Iron Valiant
|-damage|p1a: Iron Valiant|2/100
|
|upkeep
|turn|18
|
|t:|1757918218
|-end|p1a: Iron Valiant|Quark Drive|[silent]
|switch|p1a: Dragonite|Dragonite, M|100/100
|move|p2a: Dondozo|Rest|p2a: Dondozo
|-status|p2a: Dondozo|slp|[from] move: Rest
|-heal|p2a: Dondozo|100/100 slp|[silent]
|
|upkeep
|turn|19
|-message|Noishyy forfeited.
|
|win|YQMXLL
|raw|Noishyy's rating: 1460 &rarr; <strong>1442</strong><br />(-18 for losing)
|raw|YQMXLL's rating: 1496 &rarr; <strong>1514</strong><br />(+18 for winning)
|l|☆Noishyy
|player|p1|
|l|☆YQMXLL
|player|p2|
