|j|☆ilikeplayingroblox
|j|☆killer07
|t:|1757941863
|gametype|singles
|player|p1|ilikeplayingroblox|allister|1614
|player|p2|killer07|preschooler|1553
|gen|9
|tier|[Gen 9] OU
|rated|
|rule|HP Percentage Mod: HP is shown in percentages
|rule|Endless Battle Clause: Forcing endless battles is banned
|rule|Species Clause: Limit one of each Pokémon
|rule|OHKO Clause: OHKO moves are banned
|rule|Evasion Items Clause: Evasion items are banned
|rule|Evasion Moves Clause: Evasion moves are banned
|rule|Evasion Abilities Clause: Evasion abilities are banned
|rule|Sleep Moves Clause: Sleep-inducing moves are banned
|clearpoke
|poke|p1|Deoxys-Speed|
|poke|p1|Samurott-Hisui, M|
|poke|p1|Excadrill, M|
|poke|p1|Zamazenta-*|
|poke|p1|Moltres|
|poke|p1|Pecharunt|
|poke|p2|Goodra-Hisui, M|
|poke|p2|Moltres|
|poke|p2|Cinderace, M|
|poke|p2|Azumarill, M|
|poke|p2|Gholdengo|
|poke|p2|Rillaboom, M|
|teampreview
|
|t:|1757941876
|teamsize|p1|6
|teamsize|p2|6
|start
|switch|p1a: Samurott|Samurott-Hisui, M|100/100
|switch|p2a: Cinderace|Cinderace, M|100/100
|turn|1
|
|t:|1757941881
|switch|p1a: Moltres|Moltres|100/100
|move|p2a: Cinderace|High Jump Kick|p1a: Moltres
|-start|p2a: Cinderace|typechange|Fighting|[from] ability: Libero
|-resisted|p1a: Moltres
|-damage|p1a: Moltres|69/100
|
|upkeep
|turn|2
|
|t:|1757941919
|switch|p2a: Gholdengo|Gholdengo|100/100
|move|p1a: Moltres|U-turn|p2a: Gholdengo
|-resisted|p2a: Gholdengo
|-damage|p2a: Gholdengo|96/100
|
|t:|1757941924
|switch|p1a: Samurott|Samurott-Hisui, M|100/100|[from] U-turn
|
|upkeep
|turn|3
|
|t:|1757941927
|switch|p2a: Rillaboom|Rillaboom, M|100/100
|-fieldstart|move: Grassy Terrain|[from] ability: Grassy Surge|[of] p2a: Rillaboom
|move|p1a: Samurott|Ceaseless Edge|p2a: Rillaboom
|-damage|p2a: Rillaboom|51/100
|-sidestart|p2: killer07|Spikes
|
|-heal|p2a: Rillaboom|57/100|[from] Grassy Terrain
|upkeep
|turn|4
|
|t:|1757941939
|switch|p2a: Gholdengo|Gholdengo|96/100
|-damage|p2a: Gholdengo|84/100|[from] Spikes
|switch|p1a: Moltres|Moltres|69/100
|
|-heal|p2a: Gholdengo|90/100|[from] Grassy Terrain
|upkeep
|turn|5
|
|t:|1757941943
|move|p2a: Gholdengo|Power Gem|p1a: Moltres
|-supereffective|p1a: Moltres
|-damage|p1a: Moltres|0 fnt
|faint|p1a: Moltres
|
|-heal|p2a: Gholdengo|96/100|[from] Grassy Terrain
|upkeep
|
|t:|1757941948
|switch|p1a: Samurott|Samurott-Hisui, M|100/100
|turn|6
|
|t:|1757941958
|switch|p2a: Rillaboom|Rillaboom, M|57/100
|-damage|p2a: Rillaboom|45/100|[from] Spikes
|move|p1a: Samurott|Ceaseless Edge|p2a: Rillaboom
|-damage|p2a: Rillaboom|0 fnt
|-sidestart|p2: killer07|Spikes
|faint|p2a: Rillaboom
|
|upkeep
|
|t:|1757941966
|switch|p2a: Cinderace|Cinderace, M|100/100
|-damage|p2a: Cinderace|84/100|[from] Spikes
|turn|7
|
|t:|1757941970
|move|p2a: Cinderace|U-turn|p1a: Samurott
|-start|p2a: Cinderace|typechange|Bug|[from] ability: Libero
|-supereffective|p1a: Samurott
|-damage|p1a: Samurott|26/100
|
|t:|1757941974
|switch|p2a: Gholdengo|Gholdengo|96/100|[from] U-turn
|-damage|p2a: Gholdengo|80/100|[from] Spikes
|move|p1a: Samurott|Sacred Sword|p2a: Gholdengo
|-immune|p2a: Gholdengo
|
|-heal|p2a: Gholdengo|86/100|[from] Grassy Terrain
|-heal|p1a: Samurott|32/100|[from] Grassy Terrain
|-fieldend|move: Grassy Terrain
|upkeep
|turn|8
|
|t:|1757941981
|move|p2a: Gholdengo|Make It Rain|p1a: Samurott
|-resisted|p1a: Samurott
|-damage|p1a: Samurott|8/100
|-unboost|p2a: Gholdengo|spa|1
|move|p1a: Samurott|Ceaseless Edge|p2a: Gholdengo
|-supereffective|p2a: Gholdengo
|-damage|p2a: Gholdengo|0 fnt
|-sidestart|p2: killer07|Spikes
|faint|p2a: Gholdengo
|
|upkeep
|
|t:|1757941992
|switch|p2a: Cinderace|Cinderace, M|84/100
|-damage|p2a: Cinderace|59/100|[from] Spikes
|turn|9
|
|t:|1757941996
|move|p2a: Cinderace|Pyro Ball|p1a: Samurott
|-resisted|p1a: Samurott
|-damage|p1a: Samurott|0 fnt
|faint|p1a: Samurott
|
|upkeep
|
|t:|1757941999
|switch|p1a: Deoxys|Deoxys-Speed|100/100
|-ability|p1a: Deoxys|Pressure
|turn|10
|
|t:|1757942006
|switch|p2a: Moltres|Moltres|100/100
|move|p1a: Deoxys|Psycho Boost|p2a: Moltres
|-damage|p2a: Moltres|8/100
|-unboost|p1a: Deoxys|spa|2
|
|upkeep
|turn|11
|
|t:|1757942011
|move|p1a: Deoxys|Psycho Boost|p2a: Moltres
|-damage|p2a: Moltres|0 fnt
|-unboost|p1a: Deoxys|spa|2
|faint|p2a: Moltres
|
|upkeep
|
|t:|1757942014
|switch|p2a: Cinderace|Cinderace, M|59/100
|-damage|p2a: Cinderace|34/100|[from] Spikes
|turn|12
|
|t:|1757942017
|move|p2a: Cinderace|Court Change|p2a: Cinderace
|-start|p2a: Cinderace|typechange|Normal|[from] ability: Libero
|-swapsideconditions
|-activate|p2a: Cinderace|move: Court Change
|move|p1a: Deoxys|Psycho Boost|p2a: Cinderace
|-damage|p2a: Cinderace|0 fnt
|-unboost|p1a: Deoxys|spa|2
|faint|p2a: Cinderace
|
|upkeep
|
|t:|1757942037
|switch|p2a: Azumarill|Azumarill, M|100/100
|turn|13
|
|t:|1757942041
|switch|p1a: Pecharunt|Pecharunt|100/100
|move|p2a: Azumarill|Belly Drum|p2a: Azumarill
|-damage|p2a: Azumarill|50/100
|-setboost|p2a: Azumarill|atk|6|[from] move: Belly Drum
|-enditem|p2a: Azumarill|Sitrus Berry|[eat]
|-heal|p2a: Azumarill|75/100|[from] item: Sitrus Berry
|
|upkeep
|turn|14
|
|t:|1757942047
|-terastallize|p2a: Azumarill|Water
|move|p1a: Pecharunt|Malignant Chain|p2a: Azumarill
|-damage|p2a: Azumarill|40/100
|-status|p2a: Azumarill|tox
|-start|p2a: Azumarill|confusion|[from] ability: Poison Puppeteer|[of] p1a: Pecharunt
|-activate|p2a: Azumarill|confusion
|-damage|p2a: Azumarill|0 fnt|[from] confusion
|faint|p2a: Azumarill
|
|upkeep
|c|☆killer07|wow
|c|☆killer07|gg
|-message|killer07 forfeited.
|
|win|ilikeplayingroblox
|raw|ilikeplayingroblox's rating: 1614 &rarr; <strong>1631</strong><br />(+17 for winning)
|raw|killer07's rating: 1553 &rarr; <strong>1536</strong><br />(-17 for losing)
|l|☆killer07
|player|p2|
|l|☆ilikeplayingroblox
|player|p1|
