|j|☆pokeman6412
|j|☆Dragoniteand
|t:|1757818327
|gametype|singles
|player|p1|pokeman6412|cynthia-gen4|1046
|player|p2|Dragoniteand|unknown|1077
|gen|9
|tier|[Gen 9] OU
|rated|
|rule|HP Percentage Mod: HP is shown in percentages
|rule|Endless Battle Clause: Forcing endless battles is banned
|rule|Species Clause: Limit one of each Pokémon
|rule|OHKO Clause: OHKO moves are banned
|rule|Evasion Items Clause: Evasion items are banned
|rule|Evasion Moves Clause: Evasion moves are banned
|rule|Evasion Abilities Clause: Evasion abilities are banned
|rule|Sleep Moves Clause: Sleep-inducing moves are banned
|clearpoke
|poke|p1|Torkoal, M|
|poke|p1|Hatterene, F|
|poke|p1|Raging Bolt|
|poke|p1|Slither Wing|
|poke|p1|Venusaur, M|
|poke|p1|Walking Wake|
|poke|p2|Malamar, M|
|poke|p2|Iron Treads|
|poke|p2|Iron Valiant|
|poke|p2|Deoxys-Defense|
|poke|p2|Indeedee, M|
|poke|p2|Garganacl, M|
|teampreview
|inactive|Battle timer is ON: inactive players will automatically lose when time's up. (requested by pokeman6412)
|
|t:|1757818341
|teamsize|p1|6
|teamsize|p2|6
|start
|switch|p1a: Torkoal|Torkoal, M|100/100
|switch|p2a: Rocky|Iron Treads|100/100
|-weather|SunnyDay|[from] ability: Drought|[of] p1a: Torkoal
|-enditem|p2a: Rocky|Booster Energy
|-activate|p2a: Rocky|ability: Quark Drive|[fromitem]
|-start|p2a: Rocky|quarkdrivespe
|turn|1
|c|☆Dragoniteand|Oh god a balanced team my only weakness Salt
|
|t:|1757818350
|move|p2a: Rocky|Earthquake|p1a: Torkoal
|-supereffective|p1a: Torkoal
|-damage|p1a: Torkoal|44/100
|move|p1a: Torkoal|Earthquake|p2a: Rocky
|-supereffective|p2a: Rocky
|-damage|p2a: Rocky|72/100
|
|-weather|SunnyDay|[upkeep]
|upkeep
|turn|2
|
|t:|1757818359
|-terastallize|p1a: Torkoal|Ground
|move|p2a: Rocky|Earthquake|p1a: Torkoal
|-damage|p1a: Torkoal|16/100
|move|p1a: Torkoal|Stealth Rock|p2a: Rocky
|-sidestart|p2: Dragoniteand|move: Stealth Rock
|
|-weather|SunnyDay|[upkeep]
|upkeep
|turn|3
|
|t:|1757818367
|move|p2a: Rocky|Rapid Spin|p1a: Torkoal
|-damage|p1a: Torkoal|6/100
|-boost|p2a: Rocky|spe|1
|-sideend|p2: Dragoniteand|Stealth Rock|[from] move: Rapid Spin|[of] p2a: Rocky
|move|p1a: Torkoal|Eruption|p2a: Rocky
|-supereffective|p2a: Rocky
|-damage|p2a: Rocky|62/100
|
|-weather|SunnyDay|[upkeep]
|upkeep
|turn|4
|
|t:|1757818375
|move|p2a: Rocky|Stealth Rock|p1a: Torkoal
|-sidestart|p1: pokeman6412|move: Stealth Rock
|move|p1a: Torkoal|Overheat|p2a: Rocky
|-supereffective|p2a: Rocky
|-crit|p2a: Rocky
|-damage|p2a: Rocky|0 fnt
|-unboost|p1a: Torkoal|spa|2
|faint|p2a: Rocky
|-end|p2a: Rocky|Quark Drive|[silent]
|
|-weather|SunnyDay|[upkeep]
|upkeep
|
|t:|1757818387
|switch|p2a: Steel Savior|Iron Valiant, shiny|100/100
|turn|5
|
|t:|1757818393
|move|p2a: Steel Savior|Shadow Ball|p1a: Torkoal
|-damage|p1a: Torkoal|0 fnt
|faint|p1a: Torkoal
|
|-weather|SunnyDay|[upkeep]
|upkeep
|
|t:|1757818404
|switch|p1a: Slither Wing|Slither Wing|100/100
|-damage|p1a: Slither Wing|88/100|[from] Stealth Rock
|-activate|p1a: Slither Wing|ability: Protosynthesis
|-start|p1a: Slither Wing|protosynthesisatk
|turn|6
|
|t:|1757818412
|move|p2a: Steel Savior|Shadow Ball|p1a: Slither Wing
|-damage|p1a: Slither Wing|70/100
|move|p1a: Slither Wing|Earthquake|p2a: Steel Savior
|-damage|p2a: Steel Savior|39/100
|
|-weather|SunnyDay|[upkeep]
|upkeep
|turn|7
|
|t:|1757818418
|move|p2a: Steel Savior|Shadow Ball|p1a: Slither Wing
|-damage|p1a: Slither Wing|52/100
|move|p1a: Slither Wing|Earthquake|p2a: Steel Savior
|-damage|p2a: Steel Savior|0 fnt
|faint|p2a: Steel Savior
|-end|p2a: Steel Savior|Quark Drive|[silent]
|
|-weather|SunnyDay|[upkeep]
|upkeep
|
|t:|1757818424
|switch|p2a: Maiden|Indeedee, M|100/100
|-fieldstart|move: Psychic Terrain|[from] ability: Psychic Surge|[of] p2a: Maiden
|turn|8
|
|t:|1757818429
|move|p1a: Slither Wing|Earthquake|p2a: Maiden
|-damage|p2a: Maiden|29/100
|move|p2a: Maiden|Trick Room|p2a: Maiden
|-fieldstart|move: Trick Room|[of] p2a: Maiden
|-enditem|p2a: Maiden|Room Service
|-unboost|p2a: Maiden|spe|1|[from] item: Room Service
|
|-weather|none
|-end|p1a: Slither Wing|Protosynthesis
|upkeep
|turn|9
|
|t:|1757818437
|move|p2a: Maiden|Expanding Force|p1a: Slither Wing
|-supereffective|p1a: Slither Wing
|-damage|p1a: Slither Wing|0 fnt
|faint|p1a: Slither Wing
|-end|p1a: Slither Wing|Protosynthesis|[silent]
|
|upkeep
|
|t:|1757818447
|switch|p1a: Hatterene|Hatterene, F|100/100
|-damage|p1a: Hatterene|88/100|[from] Stealth Rock
|-item|p1a: Hatterene|Air Balloon
|turn|10
|
|t:|1757818462
|move|p1a: Hatterene|Dazzling Gleam|p2a: Maiden
|-damage|p2a: Maiden|0 fnt
|faint|p2a: Maiden
|
|upkeep
|
|t:|1757818474
|switch|p2a: Sir Salt|Garganacl, M|100/100
|turn|11
|
|t:|1757818481
|move|p2a: Sir Salt|Substitute|p2a: Sir Salt
|-start|p2a: Sir Salt|Substitute
|-damage|p2a: Sir Salt|76/100
|move|p1a: Hatterene|Psychic Noise|p2a: Sir Salt
|-damage|p2a: Sir Salt|47/100
|-start|p2a: Sir Salt|move: Heal Block
|
|upkeep
|turn|12
|
|t:|1757818491
|move|p2a: Sir Salt|Protect|p2a: Sir Salt
|-singleturn|p2a: Sir Salt|Protect
|move|p1a: Hatterene|Psychic Noise|p2a: Sir Salt
|-activate|p2a: Sir Salt|move: Protect
|
|-end|p2a: Sir Salt|move: Heal Block
|-fieldend|move: Trick Room
|-fieldend|move: Psychic Terrain
|upkeep
|turn|13
|
|t:|1757818502
|move|p1a: Hatterene|Psychic Noise|p2a: Sir Salt
|-damage|p2a: Sir Salt|23/100
|-start|p2a: Sir Salt|move: Heal Block
|move|p2a: Sir Salt|Curse|p2a: Sir Salt
|-unboost|p2a: Sir Salt|spe|1
|-boost|p2a: Sir Salt|atk|1
|-boost|p2a: Sir Salt|def|1
|
|upkeep
|turn|14
|
|t:|1757818519
|move|p1a: Hatterene|Psychic Noise|p2a: Sir Salt
|-crit|p2a: Sir Salt
|-damage|p2a: Sir Salt|0 fnt
|faint|p2a: Sir Salt
|
|upkeep
|
|t:|1757818524
|switch|p2a: The Heavy|Deoxys-Defense|100/100
|-ability|p2a: The Heavy|Pressure
|turn|15
|
|t:|1757818531
|move|p2a: The Heavy|Extreme Speed|p1a: Hatterene
|-damage|p1a: Hatterene|71/100
|-enditem|p1a: Hatterene|Air Balloon
|move|p1a: Hatterene|Dazzling Gleam|p2a: The Heavy
|-damage|p2a: The Heavy|73/100
|
|-heal|p2a: The Heavy|79/100|[from] item: Leftovers
|upkeep
|turn|16
|
|t:|1757818545
|move|p2a: The Heavy|Poison Jab|p1a: Hatterene
|-supereffective|p1a: Hatterene
|-damage|p1a: Hatterene|40/100
|move|p1a: Hatterene|Psychic Noise|p2a: The Heavy
|-resisted|p2a: The Heavy
|-damage|p2a: The Heavy|65/100
|-start|p2a: The Heavy|move: Heal Block
|
|upkeep
|turn|17
|
|t:|1757818554
|move|p2a: The Heavy|Poison Jab|p1a: Hatterene
|-supereffective|p1a: Hatterene
|-damage|p1a: Hatterene|7/100
|move|p1a: Hatterene|Trick Room|p1a: Hatterene
|-fieldstart|move: Trick Room|[of] p1a: Hatterene
|
|-end|p2a: The Heavy|move: Heal Block
|upkeep
|turn|18
|
|t:|1757818565
|move|p2a: The Heavy|Extreme Speed|p1a: Hatterene
|-damage|p1a: Hatterene|0 fnt
|faint|p1a: Hatterene
|
|-heal|p2a: The Heavy|71/100|[from] item: Leftovers
|upkeep
|
|t:|1757818574
|switch|p1a: Raging Bolt|Raging Bolt|100/100
|-damage|p1a: Raging Bolt|88/100|[from] Stealth Rock
|turn|19
|
|t:|1757818581
|move|p2a: The Heavy|Drain Punch|p1a: Raging Bolt
|-damage|p1a: Raging Bolt|77/100
|-heal|p2a: The Heavy|81/100|[from] drain|[of] p1a: Raging Bolt
|move|p1a: Raging Bolt|Dragon Pulse|p2a: The Heavy
|-damage|p2a: The Heavy|37/100
|-damage|p1a: Raging Bolt|67/100|[from] item: Life Orb
|
|-heal|p2a: The Heavy|43/100|[from] item: Leftovers
|upkeep
|turn|20
|
|t:|1757818597
|move|p2a: The Heavy|Drain Punch|p1a: Raging Bolt
|-damage|p1a: Raging Bolt|57/100
|-heal|p2a: The Heavy|52/100|[from] drain|[of] p1a: Raging Bolt
|move|p1a: Raging Bolt|Dragon Pulse|p2a: The Heavy
|-damage|p2a: The Heavy|4/100
|-damage|p1a: Raging Bolt|47/100|[from] item: Life Orb
|
|-heal|p2a: The Heavy|10/100|[from] item: Leftovers
|upkeep
|turn|21
|
|t:|1757818609
|move|p1a: Raging Bolt|Thunderclap|p2a: The Heavy
|-damage|p2a: The Heavy|0 fnt
|faint|p2a: The Heavy
|-damage|p1a: Raging Bolt|37/100|[from] item: Life Orb
|
|-fieldend|move: Trick Room
|upkeep
|
|t:|1757818612
|switch|p2a: Malamar of Murder|Malamar, M|100/100
|turn|22
|
|t:|1757818620
|-terastallize|p2a: Malamar of Murder|Ghost
|move|p1a: Raging Bolt|Dragon Pulse|p2a: Malamar of Murder
|-damage|p2a: Malamar of Murder|48/100
|-damage|p1a: Raging Bolt|27/100|[from] item: Life Orb
|move|p2a: Malamar of Murder|Superpower|p1a: Raging Bolt
|-damage|p1a: Raging Bolt|7/100
|-boost|p2a: Malamar of Murder|atk|1
|-boost|p2a: Malamar of Murder|def|1
|
|-heal|p2a: Malamar of Murder|54/100|[from] item: Leftovers
|upkeep
|turn|23
|
|t:|1757818632
|move|p1a: Raging Bolt|Weather Ball|p2a: Malamar of Murder
|-immune|p2a: Malamar of Murder
|move|p2a: Malamar of Murder|Superpower|p1a: Raging Bolt
|-damage|p1a: Raging Bolt|0 fnt
|-boost|p2a: Malamar of Murder|atk|1
|-boost|p2a: Malamar of Murder|def|1
|faint|p1a: Raging Bolt
|-end|p1a: Raging Bolt|Protosynthesis|[silent]
|
|-heal|p2a: Malamar of Murder|60/100|[from] item: Leftovers
|upkeep
|
|t:|1757818644
|switch|p1a: Walking Wake|Walking Wake|100/100
|-damage|p1a: Walking Wake|88/100|[from] Stealth Rock
|turn|24
|
|t:|1757818650
|move|p1a: Walking Wake|Draco Meteor|p2a: Malamar of Murder
|-damage|p2a: Malamar of Murder|0 fnt
|-unboost|p1a: Walking Wake|spa|2
|faint|p2a: Malamar of Murder
|
|win|pokeman6412
|raw|pokeman6412's rating: 1046 &rarr; <strong>1082</strong><br />(+36 for winning)
|raw|Dragoniteand's rating: 1077 &rarr; <strong>1054</strong><br />(-23 for losing)
|l|☆Dragoniteand
|player|p2|
|c|☆pokeman6412|ggs
