|j|☆3idk
|j|☆cr aries
|t:|1757858468
|gametype|singles
|player|p1|3idk|lusamine-masters|1725
|player|p2|cr aries|169|1707
|gen|9
|tier|[Gen 9] OU
|rated|
|rule|HP Percentage Mod: HP is shown in percentages
|rule|Endless Battle Clause: Forcing endless battles is banned
|rule|Species Clause: Limit one of each Pokémon
|rule|OHKO Clause: OHKO moves are banned
|rule|Evasion Items Clause: Evasion items are banned
|rule|Evasion Moves Clause: Evasion moves are banned
|rule|Evasion Abilities Clause: Evasion abilities are banned
|rule|Sleep Moves Clause: Sleep-inducing moves are banned
|clearpoke
|poke|p1|Tyranitar, F|
|poke|p1|Excadrill, F|
|poke|p1|Keldeo-Resolute|
|poke|p1|Tornadus-Therian, M|
|poke|p1|Heatran, M|
|poke|p1|Hydrapple, F|
|poke|p2|Weavile, F|
|poke|p2|Gholdengo|
|poke|p2|Slowking-Galar, F|
|poke|p2|Corviknight, M|
|poke|p2|Sandy Shocks|
|poke|p2|Heatran, F|
|teampreview
|inactive|Battle timer is ON: inactive players will automatically lose when time's up. (requested by 3idk)
|
|t:|1757858486
|teamsize|p1|6
|teamsize|p2|6
|start
|switch|p1a: Tornadus|Tornadus-Therian, M|100/100
|switch|p2a: Weavile|Weavile, F|100/100
|turn|1
|j| huejack
|j| Disscratch
|inactive|3idk has 120 seconds left.
|
|t:|1757858530
|switch|p1a: Heatran|Heatran, M|100/100
|move|p2a: Weavile|Triple Axel|p1a: Heatran
|-resisted|p1a: Heatran
|-crit|p1a: Heatran
|-damage|p1a: Heatran|97/100
|-resisted|p1a: Heatran
|-damage|p1a: Heatran|94/100
|-resisted|p1a: Heatran
|-damage|p1a: Heatran|88/100
|-hitcount|p1a: Heatran|3
|
|-heal|p1a: Heatran|94/100|[from] item: Leftovers
|upkeep
|turn|2
|
|t:|1757858540
|switch|p1a: Tornadus|Tornadus-Therian, M|100/100
|move|p2a: Weavile|Low Kick|p1a: Tornadus
|-resisted|p1a: Tornadus
|-damage|p1a: Tornadus|87/100
|
|upkeep
|turn|3
|
|t:|1757858546
|switch|p2a: Slowking|Slowking-Galar, F|100/100
|switch|p1a: Heatran|Heatran, M|94/100
|
|-heal|p1a: Heatran|99/100|[from] item: Leftovers
|upkeep
|turn|4
|
|t:|1757858549
|move|p1a: Heatran|Taunt|p2a: Slowking
|-start|p2a: Slowking|move: Taunt
|-prepare|p2a: Slowking|Chilly Reception|[premajor]
|cant|p2a: Slowking|move: Taunt|Chilly Reception
|
|-heal|p1a: Heatran|100/100|[from] item: Leftovers
|upkeep
|turn|5
|
|t:|1757858557
|switch|p2a: Heatran|Heatran, F|100/100
|move|p1a: Heatran|Earth Power|p2a: Heatran
|-supereffective|p2a: Heatran
|-damage|p2a: Heatran|8/100
|
|-heal|p2a: Heatran|14/100|[from] item: Leftovers
|upkeep
|turn|6
|j| Crogenius2
|inactive|3idk has 120 seconds left.
|
|t:|1757858578
|switch|p1a: Tornadus|Tornadus-Therian, M|100/100
|move|p2a: Heatran|Protect||[still]
|-fail|p2a: Heatran
|
|-heal|p2a: Heatran|21/100|[from] item: Leftovers
|upkeep
|turn|7
|j| Xzbjhrw
|
|t:|1757858593
|move|p1a: Tornadus|Taunt|p2a: Heatran
|-start|p2a: Heatran|move: Taunt
|cant|p2a: Heatran|move: Taunt|Stealth Rock
|
|-heal|p2a: Heatran|27/100|[from] item: Leftovers
|upkeep
|turn|8
|inactive|3idk has 120 seconds left.
|inactive|3idk has 90 seconds left.
|
|t:|1757858651
|switch|p2a: Slowking|Slowking-Galar, F|100/100
|move|p1a: Tornadus|U-turn|p2a: Slowking
|-crit|p2a: Slowking
|-damage|p2a: Slowking|78/100
|
|t:|1757858656
|switch|p1a: Tyranitar|Tyranitar, F|100/100|[from] U-turn
|-weather|Sandstorm|[from] ability: Sand Stream|[of] p1a: Tyranitar
|
|-weather|Sandstorm|[upkeep]
|-damage|p2a: Slowking|72/100|[from] Sandstorm
|upkeep
|turn|9
|
|t:|1757858660
|switch|p2a: Corviknight|Corviknight, M|100/100
|-ability|p2a: Corviknight|Pressure
|move|p1a: Tyranitar|Stone Edge|p2a: Corviknight
|-damage|p2a: Corviknight|50/100
|
|-weather|Sandstorm|[upkeep]
|upkeep
|turn|10
|inactive|3idk has 90 seconds left.
|l| Crogenius2
|inactive|3idk has 60 seconds left.
|
|t:|1757858710
|move|p1a: Tyranitar|Stone Edge|p2a: Corviknight
|-damage|p2a: Corviknight|0 fnt
|faint|p2a: Corviknight
|
|-weather|Sandstorm|[upkeep]
|upkeep
|
|t:|1757858730
|switch|p2a: Gholdengo|Gholdengo|100/100
|turn|11
|
|t:|1757858734
|switch|p1a: Heatran|Heatran, M|100/100
|move|p2a: Gholdengo|Nasty Plot|p2a: Gholdengo
|-boost|p2a: Gholdengo|spa|2
|
|-weather|Sandstorm|[upkeep]
|upkeep
|turn|12
|
|t:|1757858742
|-terastallize|p2a: Gholdengo|Fighting
|move|p2a: Gholdengo|Tera Blast|p1a: Heatran|[anim] Tera Blast Fighting
|-supereffective|p1a: Heatran
|-damage|p1a: Heatran|17/100
|move|p1a: Heatran|Magma Storm|p2a: Gholdengo
|-damage|p2a: Gholdengo|58/100
|-activate|p2a: Gholdengo|move: Magma Storm|[of] p1a: Heatran
|
|-weather|none
|-heal|p1a: Heatran|23/100|[from] item: Leftovers
|-damage|p2a: Gholdengo|46/100|[from] move: Magma Storm|[partiallytrapped]
|upkeep
|turn|13
|inactive|3idk has 90 seconds left.
|
|t:|1757858749
|move|p2a: Gholdengo|Shadow Ball|p1a: Heatran
|-damage|p1a: Heatran|0 fnt
|faint|p1a: Heatran
|
|-end|p2a: Gholdengo|Magma Storm|[partiallytrapped]|[silent]
|upkeep
|
|t:|1757858753
|switch|p1a: Tornadus|Tornadus-Therian, M|100/100
|turn|14
|
|t:|1757858757
|switch|p2a: Slowking|Slowking-Galar, F|100/100
|move|p1a: Tornadus|Bleakwind Storm|p2a: Slowking
|-damage|p2a: Slowking|78/100
|
|upkeep
|turn|15
|
|t:|1757858762
|move|p1a: Tornadus|Taunt|p2a: Slowking
|-start|p2a: Slowking|move: Taunt
|cant|p2a: Slowking|move: Taunt|Toxic Spikes
|
|upkeep
|turn|16
|
|t:|1757858766
|move|p1a: Tornadus|U-turn|p2a: Slowking
|-crit|p2a: Slowking
|-damage|p2a: Slowking|56/100
|
|t:|1757858770
|switch|p1a: Tyranitar|Tyranitar, F|100/100|[from] U-turn
|-weather|Sandstorm|[from] ability: Sand Stream|[of] p1a: Tyranitar
|move|p2a: Slowking|Sludge Bomb|p1a: Tyranitar
|-resisted|p1a: Tyranitar
|-damage|p1a: Tyranitar|88/100
|
|-weather|Sandstorm|[upkeep]
|-damage|p2a: Slowking|50/100|[from] Sandstorm
|upkeep
|turn|17
|
|t:|1757858774
|switch|p2a: Heatran|Heatran, F|27/100
|move|p1a: Tyranitar|Knock Off|p2a: Heatran
|-damage|p2a: Heatran|0 fnt
|-enditem|p2a: Heatran|Leftovers|[from] move: Knock Off|[of] p1a: Tyranitar
|faint|p2a: Heatran
|
|-weather|Sandstorm|[upkeep]
|upkeep
|
|t:|1757858776
|switch|p2a: Gholdengo|Gholdengo, tera:Fighting|46/100
|turn|18
|
|t:|1757858780
|switch|p1a: Tornadus|Tornadus-Therian, M|100/100
|move|p2a: Gholdengo|Recover|p2a: Gholdengo
|-heal|p2a: Gholdengo|96/100
|
|-weather|Sandstorm|[upkeep]
|-damage|p1a: Tornadus|94/100|[from] Sandstorm
|-damage|p2a: Gholdengo|90/100|[from] Sandstorm
|upkeep
|turn|19
|
|t:|1757858785
|switch|p2a: Slowking|Slowking-Galar, F|83/100
|move|p1a: Tornadus|U-turn|p2a: Slowking
|-damage|p2a: Slowking|69/100
|
|t:|1757858795
|switch|p1a: Excadrill|Excadrill, F|100/100|[from] U-turn
|-item|p1a: Excadrill|Air Balloon
|
|-weather|Sandstorm|[upkeep]
|-damage|p2a: Slowking|63/100|[from] Sandstorm
|upkeep
|turn|20
|
|t:|1757858800
|switch|p2a: Gholdengo|Gholdengo, tera:Fighting|90/100
|move|p1a: Excadrill|Earthquake|p2a: Gholdengo
|-damage|p2a: Gholdengo|53/100
|
|-weather|none
|upkeep
|turn|21
|
|t:|1757858806
|-terastallize|p1a: Excadrill|Ghost
|move|p1a: Excadrill|Swords Dance|p1a: Excadrill
|-boost|p1a: Excadrill|atk|2
|move|p2a: Gholdengo|Recover|p2a: Gholdengo
|-heal|p2a: Gholdengo|100/100
|
|upkeep
|turn|22
|
|t:|1757858813
|move|p1a: Excadrill|Earthquake|p2a: Gholdengo
|-damage|p2a: Gholdengo|16/100
|move|p2a: Gholdengo|Shadow Ball|p1a: Excadrill
|-supereffective|p1a: Excadrill
|-damage|p1a: Excadrill|0 fnt
|-enditem|p1a: Excadrill|Air Balloon
|faint|p1a: Excadrill
|
|upkeep
|
|t:|1757858819
|switch|p1a: Keldeo|Keldeo-Resolute|100/100
|turn|23
|
|t:|1757858824
|move|p1a: Keldeo|Flip Turn|p2a: Gholdengo
|-damage|p2a: Gholdengo|7/100
|
|t:|1757858828
|switch|p1a: Tornadus|Tornadus-Therian, M|100/100|[from] Flip Turn
|move|p2a: Gholdengo|Shadow Ball|p1a: Tornadus
|-damage|p1a: Tornadus|64/100
|
|upkeep
|turn|24
|
|t:|1757858832
|move|p1a: Tornadus|Bleakwind Storm|p2a: Gholdengo
|-supereffective|p2a: Gholdengo
|-damage|p2a: Gholdengo|0 fnt
|faint|p2a: Gholdengo
|
|upkeep
|
|t:|1757858851
|switch|p2a: Weavile|Weavile, F|100/100
|turn|25
|
|t:|1757858856
|move|p2a: Weavile|Knock Off|p1a: Tornadus
|-damage|p1a: Tornadus|14/100
|-enditem|p1a: Tornadus|Heavy-Duty Boots|[from] move: Knock Off|[of] p2a: Weavile
|move|p1a: Tornadus|U-turn|p2a: Weavile
|-supereffective|p2a: Weavile
|-damage|p2a: Weavile|54/100
|
|t:|1757858863
|switch|p1a: Keldeo|Keldeo-Resolute|100/100|[from] U-turn
|
|upkeep
|turn|26
|
|t:|1757858867
|switch|p2a: Slowking|Slowking-Galar, F|96/100
|move|p1a: Keldeo|Flip Turn|p2a: Slowking
|-damage|p2a: Slowking|80/100
|
|t:|1757858871
|switch|p1a: Tyranitar|Tyranitar, F|88/100|[from] Flip Turn
|-weather|Sandstorm|[from] ability: Sand Stream|[of] p1a: Tyranitar
|
|-weather|Sandstorm|[upkeep]
|-damage|p2a: Slowking|74/100|[from] Sandstorm
|upkeep
|turn|27
|
|t:|1757858878
|switch|p2a: Weavile|Weavile, F|54/100
|move|p1a: Tyranitar|Knock Off|p2a: Weavile
|-resisted|p2a: Weavile
|-damage|p2a: Weavile|0 fnt
|-enditem|p2a: Weavile|Heavy-Duty Boots|[from] move: Knock Off|[of] p1a: Tyranitar
|faint|p2a: Weavile
|
|-weather|Sandstorm|[upkeep]
|upkeep
|
|t:|1757858880
|switch|p2a: Sandy Shocks|Sandy Shocks|100/100
|-enditem|p2a: Sandy Shocks|Booster Energy
|-activate|p2a: Sandy Shocks|ability: Protosynthesis|[fromitem]
|-start|p2a: Sandy Shocks|protosynthesisspe
|turn|28
|
|t:|1757858887
|switch|p1a: Hydrapple|Hydrapple, F|100/100
|move|p2a: Sandy Shocks|Earth Power|p1a: Hydrapple
|-resisted|p1a: Hydrapple
|-damage|p1a: Hydrapple|79/100
|
|-weather|Sandstorm|[upkeep]
|-damage|p1a: Hydrapple|72/100|[from] Sandstorm
|upkeep
|turn|29
|
|t:|1757858893
|-end|p2a: Sandy Shocks|Protosynthesis|[silent]
|switch|p2a: Slowking|Slowking-Galar, F|100/100
|move|p1a: Hydrapple|Giga Drain|p2a: Slowking
|-resisted|p2a: Slowking
|-damage|p2a: Slowking|92/100
|-heal|p1a: Hydrapple|77/100|[from] drain|[of] p2a: Slowking
|
|-weather|Sandstorm|[upkeep]
|-damage|p1a: Hydrapple|71/100|[from] Sandstorm
|-damage|p2a: Slowking|86/100|[from] Sandstorm
|upkeep
|turn|30
|
|t:|1757858899
|switch|p1a: Tornadus|Tornadus-Therian, M|47/100
|-prepare|p2a: Slowking|Chilly Reception|[premajor]
|move|p2a: Slowking|Chilly Reception|p2a: Slowking
|-weather|Snowscape
|
|t:|1757858901
|switch|p2a: Sandy Shocks|Sandy Shocks|100/100|[from] Chilly Reception
|
|-weather|Snowscape|[upkeep]
|upkeep
|turn|31
|
|t:|1757858907
|move|p1a: Tornadus|U-turn|p2a: Sandy Shocks
|-damage|p2a: Sandy Shocks|85/100
|
|t:|1757858911
|switch|p1a: Hydrapple|Hydrapple, F|100/100|[from] U-turn
|move|p2a: Sandy Shocks|Thunderbolt|p1a: Hydrapple
|-resisted|p1a: Hydrapple
|-damage|p1a: Hydrapple|90/100
|-status|p1a: Hydrapple|par
|
|-weather|Snowscape|[upkeep]
|upkeep
|turn|32
|
|t:|1757858915
|move|p2a: Sandy Shocks|Earth Power|p1a: Hydrapple
|-resisted|p1a: Hydrapple
|-damage|p1a: Hydrapple|71/100 par
|move|p1a: Hydrapple|Earth Power|p2a: Sandy Shocks
|-supereffective|p2a: Sandy Shocks
|-damage|p2a: Sandy Shocks|23/100
|
|-weather|Snowscape|[upkeep]
|upkeep
|turn|33
|
|t:|1757858920
|move|p2a: Sandy Shocks|Earth Power|p1a: Hydrapple
|-resisted|p1a: Hydrapple
|-damage|p1a: Hydrapple|49/100 par
|move|p1a: Hydrapple|Earth Power|p2a: Sandy Shocks
|-supereffective|p2a: Sandy Shocks
|-damage|p2a: Sandy Shocks|0 fnt
|faint|p2a: Sandy Shocks
|-end|p2a: Sandy Shocks|Protosynthesis|[silent]
|
|-weather|Snowscape|[upkeep]
|upkeep
|-message|cr aries forfeited.
|
|win|3idk
|raw|3idk's rating: 1704 &rarr; <strong>1724</strong><br />(+20 for winning)
|raw|cr aries's rating: 1707 &rarr; <strong>1687</strong><br />(-20 for losing)
|l|☆cr aries
|player|p2|
|l|☆3idk
|player|p1|
|l| huejack
|l| Xzbjhrw
|l| Disscratch
