|j|☆Citrusfunk
|j|☆Aeroneoooo
|t:|1757915019
|gametype|singles
|player|p1|Citrusfunk|eusine|1153
|player|p2|Aeroneoooo|101|1078
|gen|9
|tier|[Gen 9] OU
|rated|
|rule|HP Percentage Mod: HP is shown in percentages
|rule|Endless Battle Clause: Forcing endless battles is banned
|rule|Species Clause: Limit one of each Pokémon
|rule|OHKO Clause: OHKO moves are banned
|rule|Evasion Items Clause: Evasion items are banned
|rule|Evasion Moves Clause: Evasion moves are banned
|rule|Evasion Abilities Clause: Evasion abilities are banned
|rule|Sleep Moves Clause: Sleep-inducing moves are banned
|clearpoke
|poke|p1|Garchomp, F|
|poke|p1|Dragapult, M|
|poke|p1|Hydreigon, M|
|poke|p1|Dragonite, M|
|poke|p1|Goodra-Hisui, F|
|poke|p1|Salamence, F|
|poke|p2|Kommo-o, F|
|poke|p2|Azumarill, F|
|poke|p2|Chesnaught, F|
|poke|p2|Charizard, F|
|poke|p2|Ninetales-Alola, M|
|poke|p2|Great Tusk|
|teampreview
|inactive|Battle timer is ON: inactive players will automatically lose when time's up. (requested by Citrusfunk)
|
|t:|1757915030
|teamsize|p1|6
|teamsize|p2|6
|start
|switch|p1a: Goodra|Goodra-Hisui, F|100/100
|switch|p2a: Great Tusk|Great Tusk|100/100
|turn|1
|
|t:|1757915033
|move|p2a: Great Tusk|Stealth Rock|p1a: Goodra
|-sidestart|p1: Citrusfunk|move: Stealth Rock
|move|p1a: Goodra|Ice Beam|p2a: Great Tusk
|-supereffective|p2a: Great Tusk
|-damage|p2a: Great Tusk|22/100
|
|upkeep
|turn|2
|
|t:|1757915040
|move|p2a: Great Tusk|Close Combat|p1a: Goodra
|-supereffective|p1a: Goodra
|-crit|p1a: Goodra
|-damage|p1a: Goodra|0 fnt
|-unboost|p2a: Great Tusk|def|1
|-unboost|p2a: Great Tusk|spd|1
|-ability|p1a: Goodra|Gooey
|-unboost|p2a: Great Tusk|spe|1
|faint|p1a: Goodra
|
|upkeep
|
|t:|1757915042
|switch|p1a: Dragapult|Dragapult, M|100/100
|-damage|p1a: Dragapult|88/100|[from] Stealth Rock
|turn|3
|
|t:|1757915052
|move|p1a: Dragapult|Light Screen|p1a: Dragapult
|-sidestart|p1: Citrusfunk|move: Light Screen
|move|p2a: Great Tusk|Earthquake|p1a: Dragapult
|-damage|p1a: Dragapult|23/100
|
|upkeep
|turn|4
|
|t:|1757915058
|move|p1a: Dragapult|Draco Meteor|p2a: Great Tusk|[miss]
|-miss|p1a: Dragapult|p2a: Great Tusk
|move|p2a: Great Tusk|Earthquake|p1a: Dragapult
|-damage|p1a: Dragapult|0 fnt
|faint|p1a: Dragapult
|
|upkeep
|
|t:|1757915063
|switch|p1a: Salamence|Salamence, F|100/100
|-ability|p1a: Salamence|Intimidate|boost
|-unboost|p2a: Great Tusk|atk|1
|turn|5
|
|t:|1757915068
|move|p1a: Salamence|Dragon Dance|p1a: Salamence
|-boost|p1a: Salamence|atk|1
|-boost|p1a: Salamence|spe|1
|move|p2a: Great Tusk|Close Combat|p1a: Salamence
|-resisted|p1a: Salamence
|-damage|p1a: Salamence|71/100
|-unboost|p2a: Great Tusk|def|1
|-unboost|p2a: Great Tusk|spd|1
|
|upkeep
|turn|6
|
|t:|1757915077
|move|p1a: Salamence|Dragon Dance|p1a: Salamence
|-boost|p1a: Salamence|atk|1
|-boost|p1a: Salamence|spe|1
|move|p2a: Great Tusk|Close Combat|p1a: Salamence
|-resisted|p1a: Salamence
|-damage|p1a: Salamence|44/100
|-unboost|p2a: Great Tusk|def|1
|-unboost|p2a: Great Tusk|spd|1
|
|upkeep
|turn|7
|
|t:|1757915081
|move|p1a: Salamence|Dragon Claw|p2a: Great Tusk
|-damage|p2a: Great Tusk|0 fnt
|-damage|p1a: Salamence|28/100|[from] item: Rocky Helmet|[of] p2a: Great Tusk
|faint|p2a: Great Tusk
|-end|p2a: Great Tusk|Protosynthesis|[silent]
|
|upkeep
|
|t:|1757915089
|switch|p2a: Ninetales|Ninetales-Alola, M|100/100
|-weather|Snowscape|[from] ability: Snow Warning|[of] p2a: Ninetales
|turn|8
|
|t:|1757915090
|move|p1a: Salamence|Iron Head|p2a: Ninetales
|-supereffective|p2a: Ninetales
|-damage|p2a: Ninetales|0 fnt
|faint|p2a: Ninetales
|
|-weather|Snowscape|[upkeep]
|upkeep
|
|t:|1757915097
|switch|p2a: Azumarill|Azumarill, F|100/100
|turn|9
|
|t:|1757915100
|move|p1a: Salamence|Iron Head|p2a: Azumarill
|-damage|p2a: Azumarill|33/100
|cant|p2a: Azumarill|flinch
|
|-weather|Snowscape|[upkeep]
|-heal|p2a: Azumarill|39/100|[from] item: Leftovers
|upkeep
|turn|10
|
|t:|1757915108
|move|p2a: Azumarill|Aqua Jet|p1a: Salamence
|-resisted|p1a: Salamence
|-damage|p1a: Salamence|20/100
|move|p1a: Salamence|Iron Head|p2a: Azumarill
|-damage|p2a: Azumarill|0 fnt
|faint|p2a: Azumarill
|
|-weather|Snowscape|[upkeep]
|-sideend|p1: Citrusfunk|move: Light Screen
|upkeep
|
|t:|1757915115
|switch|p2a: Chesnaught|Chesnaught, F|100/100
|turn|11
|
|t:|1757915118
|move|p1a: Salamence|Dual Wingbeat|p2a: Chesnaught
|-supereffective|p2a: Chesnaught
|-damage|p2a: Chesnaught|0 fnt
|faint|p2a: Chesnaught
|-hitcount|p2: Chesnaught|1
|
|-weather|Snowscape|[upkeep]
|upkeep
|
|t:|1757915125
|switch|p2a: Kommo-o|Kommo-o, F|100/100
|turn|12
|
|t:|1757915136
|move|p1a: Salamence|Dragon Claw|p2a: Kommo-o
|-supereffective|p2a: Kommo-o
|-damage|p2a: Kommo-o|0 fnt
|faint|p2a: Kommo-o
|
|-weather|none
|upkeep
|c|☆Citrusfunk|Why didn’t you tera
|
|t:|1757915142
|switch|p2a: Charizard|Charizard, F|100/100
|turn|13
|c|☆Citrusfunk|You had like 5 mons to Tera and try n win
|
|t:|1757915170
|move|p1a: Salamence|Dragon Claw|p2a: Charizard
|-damage|p2a: Charizard|0 fnt
|faint|p2a: Charizard
|
|win|Citrusfunk
|raw|Citrusfunk's rating: 1153 &rarr; <strong>1173</strong><br />(+20 for winning)
|raw|Aeroneoooo's rating: 1078 &rarr; <strong>1061</strong><br />(-17 for losing)
