|j|☆trisew
|j|☆Thornlebg
|t:|1757931536
|gametype|singles
|player|p1|trisew|170|1342
|player|p2|Thornlebg|266|1350
|gen|9
|tier|[Gen 9] OU
|rated|
|rule|HP Percentage Mod: HP is shown in percentages
|rule|Endless Battle Clause: Forcing endless battles is banned
|rule|Species Clause: Limit one of each Pokémon
|rule|OHKO Clause: OHKO moves are banned
|rule|Evasion Items Clause: Evasion items are banned
|rule|Evasion Moves Clause: Evasion moves are banned
|rule|Evasion Abilities Clause: Evasion abilities are banned
|rule|Sleep Moves Clause: Sleep-inducing moves are banned
|clearpoke
|poke|p1|Kleavor, M|
|poke|p1|Brambleghast, F|
|poke|p1|Moltres|
|poke|p1|Mamoswine, M|
|poke|p1|Pecharunt|
|poke|p1|Kingambit, F|
|poke|p2|Moltres|
|poke|p2|Zamazenta-*|
|poke|p2|Darkrai|
|poke|p2|Hydrapple, M|
|poke|p2|Ting-Lu|
|poke|p2|Tinkaton, F|
|teampreview
|
|t:|1757931542
|teamsize|p1|6
|teamsize|p2|6
|start
|switch|p1a: Kleavor|Kleavor, M|100/100
|switch|p2a: Ting-Lu|Ting-Lu|100/100
|-ability|p2a: Ting-Lu|Vessel of Ruin
|turn|1
|
|t:|1757931550
|move|p1a: Kleavor|Close Combat|p2a: Ting-Lu
|-supereffective|p2a: Ting-Lu
|-crit|p2a: Ting-Lu
|-damage|p2a: Ting-Lu|30/100
|-unboost|p1a: Kleavor|def|1
|-unboost|p1a: Kleavor|spd|1
|move|p2a: Ting-Lu|Spikes|p1a: Kleavor
|-sidestart|p1: trisew|Spikes
|
|-heal|p2a: Ting-Lu|36/100|[from] item: Leftovers
|upkeep
|turn|2
|
|t:|1757931560
|switch|p2a: Moltres|Moltres|100/100
|move|p1a: Kleavor|Stone Axe|p2a: Moltres
|-supereffective|p2a: Moltres
|-damage|p2a: Moltres|0 fnt
|-status|p1a: Kleavor|brn|[from] ability: Flame Body|[of] p2a: Moltres
|-sidestart|p2: Thornlebg|move: Stealth Rock
|faint|p2a: Moltres
|
|-damage|p1a: Kleavor|94/100 brn|[from] brn
|upkeep
|inactive|Battle timer is ON: inactive players will automatically lose when time's up. (requested by trisew)
|
|t:|1757931571
|switch|p2a: Ting-Lu|Ting-Lu|36/100
|-damage|p2a: Ting-Lu|30/100|[from] Stealth Rock
|-ability|p2a: Ting-Lu|Vessel of Ruin
|turn|3
|
|t:|1757931578
|move|p1a: Kleavor|Close Combat|p2a: Ting-Lu
|-supereffective|p2a: Ting-Lu
|-crit|p2a: Ting-Lu
|-damage|p2a: Ting-Lu|0 fnt
|-unboost|p1a: Kleavor|def|1
|-unboost|p1a: Kleavor|spd|1
|faint|p2a: Ting-Lu
|
|-damage|p1a: Kleavor|88/100 brn|[from] brn
|upkeep
|
|t:|1757931586
|switch|p2a: Hydrapple|Hydrapple, M|100/100
|turn|4
|
|t:|1757931592
|move|p1a: Kleavor|Tailwind|p1a: Kleavor
|-sidestart|p1: trisew|move: Tailwind
|move|p2a: Hydrapple|Nasty Plot|p2a: Hydrapple
|-boost|p2a: Hydrapple|spa|2
|
|-damage|p1a: Kleavor|82/100 brn|[from] brn
|upkeep
|turn|5
|
|t:|1757931601
|move|p1a: Kleavor|Aerial Ace|p2a: Hydrapple
|-supereffective|p2a: Hydrapple
|-damage|p2a: Hydrapple|83/100
|move|p2a: Hydrapple|Nasty Plot|p2a: Hydrapple
|-boost|p2a: Hydrapple|spa|2
|
|-damage|p1a: Kleavor|76/100 brn|[from] brn
|upkeep
|turn|6
|
|t:|1757931612
|switch|p1a: Moltres|Moltres|100/100
|move|p2a: Hydrapple|Nasty Plot|p2a: Hydrapple
|-boost|p2a: Hydrapple|spa|2
|
|upkeep
|turn|7
|
|t:|1757931620
|-terastallize|p2a: Hydrapple|Poison
|move|p1a: Moltres|Hurricane|p2a: Hydrapple|[miss]
|-miss|p1a: Moltres|p2a: Hydrapple
|move|p2a: Hydrapple|Fickle Beam|p1a: Moltres
|-damage|p1a: Moltres|0 fnt
|faint|p1a: Moltres
|
|-sideend|p1: trisew|move: Tailwind
|upkeep
|
|t:|1757931635
|switch|p1a: Mamoswine|Mamoswine, M|100/100
|-damage|p1a: Mamoswine|88/100|[from] Spikes
|turn|8
|
|t:|1757931640
|move|p1a: Mamoswine|Earthquake|p2a: Hydrapple
|-supereffective|p2a: Hydrapple
|-damage|p2a: Hydrapple|14/100
|move|p2a: Hydrapple|Giga Drain|p1a: Mamoswine
|-supereffective|p1a: Mamoswine
|-damage|p1a: Mamoswine|0 fnt
|-heal|p2a: Hydrapple|52/100|[from] drain|[of] p1a: Mamoswine
|faint|p1a: Mamoswine
|
|upkeep
|
|t:|1757931656
|switch|p1a: Brambleghast|Brambleghast, F|100/100
|-damage|p1a: Brambleghast|88/100|[from] Spikes
|turn|9
|
|t:|1757931667
|move|p1a: Brambleghast|Poltergeist|p2a: Hydrapple
|-activate|p2a: Hydrapple|move: Poltergeist|Heavy-Duty Boots
|-damage|p2a: Hydrapple|14/100
|-damage|p1a: Brambleghast|78/100|[from] item: Life Orb
|move|p2a: Hydrapple|Giga Drain|p1a: Brambleghast
|-resisted|p1a: Brambleghast
|-damage|p1a: Brambleghast|0 fnt
|-heal|p2a: Hydrapple|38/100|[from] drain|[of] p1a: Brambleghast
|faint|p1a: Brambleghast
|
|upkeep
|-message|trisew forfeited.
|
|win|Thornlebg
|raw|trisew's rating: 1342 &rarr; <strong>1322</strong><br />(-20 for losing)
|raw|Thornlebg's rating: 1350 &rarr; <strong>1370</strong><br />(+20 for winning)
|l|☆trisew
|player|p1|
|l|☆Thornlebg
|player|p2|
