|j|☆saintqirex
|j|☆AltLocke
|t:|1757829962
|gametype|singles
|player|p1|saintqirex|170|1529
|player|p2|AltLocke|1|1541
|gen|9
|tier|[Gen 9] OU
|rated|
|rule|HP Percentage Mod: HP is shown in percentages
|rule|Endless Battle Clause: Forcing endless battles is banned
|rule|Species Clause: Limit one of each Pokémon
|rule|OHKO Clause: OHKO moves are banned
|rule|Evasion Items Clause: Evasion items are banned
|rule|Evasion Moves Clause: Evasion moves are banned
|rule|Evasion Abilities Clause: Evasion abilities are banned
|rule|Sleep Moves Clause: Sleep-inducing moves are banned
|clearpoke
|poke|p1|Meowscarada, F|
|poke|p1|Slowking-Galar, F|
|poke|p1|Zamazenta-*|
|poke|p1|Corviknight, F|
|poke|p1|Kyurem|
|poke|p1|Quaquaval, F|
|poke|p2|Torkoal, M|
|poke|p2|Hatterene, F|
|poke|p2|Walking Wake|
|poke|p2|Blaziken, F|
|poke|p2|Raging Bolt|
|poke|p2|Great Tusk|
|teampreview
|
|t:|1757829981
|teamsize|p1|6
|teamsize|p2|6
|start
|switch|p1a: Meowscarada|Meowscarada, F|100/100
|switch|p2a: Torkoal|Torkoal, M|100/100
|-weather|SunnyDay|[from] ability: Drought|[of] p2a: Torkoal
|turn|1
|
|t:|1757829986
|switch|p2a: Hatterene|Hatterene, F|100/100
|move|p1a: Meowscarada|U-turn|p2a: Hatterene
|-start|p1a: Meowscarada|typechange|Bug|[from] ability: Protean
|-damage|p2a: Hatterene|61/100
|-enditem|p2a: Hatterene|Eject Button
|
|t:|1757829997
|switch|p2a: Blaziken|Blaziken, F|100/100
|
|-weather|SunnyDay|[upkeep]
|upkeep
|turn|2
|
|t:|1757830010
|switch|p1a: Slowking|Slowking-Galar, F|100/100
|move|p2a: Blaziken|Focus Energy|p2a: Blaziken
|-start|p2a: Blaziken|move: Focus Energy
|
|-weather|SunnyDay|[upkeep]
|-ability|p2a: Blaziken|Speed Boost|boost
|-boost|p2a: Blaziken|spe|1
|upkeep
|turn|3
|
|t:|1757830014
|move|p2a: Blaziken|Overheat|p1a: Slowking
|-crit|p1a: Slowking
|-damage|p1a: Slowking|8/100
|-unboost|p2a: Blaziken|spa|2
|move|p1a: Slowking|Thunder Wave|p2a: Blaziken
|-status|p2a: Blaziken|par
|
|-weather|SunnyDay|[upkeep]
|-ability|p2a: Blaziken|Speed Boost|boost
|-boost|p2a: Blaziken|spe|1
|upkeep
|turn|4
|
|t:|1757830022
|switch|p1a: Quaquaval|Quaquaval, F|100/100
|move|p2a: Blaziken|Overheat|p1a: Quaquaval
|-resisted|p1a: Quaquaval
|-crit|p1a: Quaquaval
|-damage|p1a: Quaquaval|5/100
|-unboost|p2a: Blaziken|spa|2
|
|-weather|SunnyDay|[upkeep]
|-ability|p2a: Blaziken|Speed Boost|boost
|-boost|p2a: Blaziken|spe|1
|upkeep
|turn|5
|
|t:|1757830032
|move|p2a: Blaziken|Overheat|p1a: Quaquaval
|-resisted|p1a: Quaquaval
|-crit|p1a: Quaquaval
|-damage|p1a: Quaquaval|0 fnt
|-unboost|p2a: Blaziken|spa|2
|faint|p1a: Quaquaval
|
|-weather|SunnyDay|[upkeep]
|-ability|p2a: Blaziken|Speed Boost|boost
|-boost|p2a: Blaziken|spe|1
|upkeep
|
|t:|1757830040
|switch|p1a: Zamazenta|Zamazenta|100/100
|-ability|p1a: Zamazenta|Dauntless Shield|boost
|-boost|p1a: Zamazenta|def|1
|turn|6
|
|t:|1757830045
|move|p1a: Zamazenta|Substitute|p1a: Zamazenta
|-start|p1a: Zamazenta|Substitute
|-damage|p1a: Zamazenta|75/100
|cant|p2a: Blaziken|par
|
|-weather|SunnyDay|[upkeep]
|-heal|p1a: Zamazenta|82/100|[from] item: Leftovers
|-ability|p2a: Blaziken|Speed Boost|boost
|-boost|p2a: Blaziken|spe|1
|upkeep
|turn|7
|
|t:|1757830048
|cant|p2a: Blaziken|par
|move|p1a: Zamazenta|Iron Defense|p1a: Zamazenta
|-boost|p1a: Zamazenta|def|2
|
|-weather|SunnyDay|[upkeep]
|-heal|p1a: Zamazenta|88/100|[from] item: Leftovers
|-ability|p2a: Blaziken|Speed Boost|boost
|-boost|p2a: Blaziken|spe|1
|upkeep
|turn|8
|
|t:|1757830055
|cant|p2a: Blaziken|par
|move|p1a: Zamazenta|Body Press|p2a: Blaziken
|-damage|p2a: Blaziken|0 fnt
|faint|p2a: Blaziken
|
|-weather|none
|-heal|p1a: Zamazenta|94/100|[from] item: Leftovers
|upkeep
|
|t:|1757830057
|switch|p2a: Hatterene|Hatterene, F|61/100
|turn|9
|
|t:|1757830071
|-terastallize|p1a: Zamazenta|Fire
|move|p1a: Zamazenta|Iron Defense|p1a: Zamazenta
|-boost|p1a: Zamazenta|def|2
|move|p2a: Hatterene|Psychic Noise|p1a: Zamazenta
|-damage|p1a: Zamazenta|67/100
|-start|p1a: Zamazenta|move: Heal Block
|
|upkeep
|turn|10
|
|t:|1757830076
|move|p1a: Zamazenta|Crunch|p2a: Hatterene
|-damage|p2a: Hatterene|43/100
|-unboost|p2a: Hatterene|def|1
|move|p2a: Hatterene|Psychic Noise|p1a: Zamazenta
|-damage|p1a: Zamazenta|41/100
|
|-end|p1a: Zamazenta|move: Heal Block
|upkeep
|turn|11
|
|t:|1757830093
|switch|p2a: Torkoal|Torkoal, M|100/100
|-weather|SunnyDay|[from] ability: Drought|[of] p2a: Torkoal
|move|p1a: Zamazenta|Crunch|p2a: Torkoal
|-damage|p2a: Torkoal|89/100
|
|-weather|SunnyDay|[upkeep]
|-heal|p1a: Zamazenta|47/100|[from] item: Leftovers
|upkeep
|turn|12
|
|t:|1757830106
|switch|p2a: Great Tusk|Great Tusk|100/100
|-activate|p2a: Great Tusk|ability: Protosynthesis
|-start|p2a: Great Tusk|protosynthesisatk
|move|p1a: Zamazenta|Body Press|p2a: Great Tusk
|-damage|p2a: Great Tusk|21/100
|
|-weather|SunnyDay|[upkeep]
|-heal|p1a: Zamazenta|53/100|[from] item: Leftovers
|upkeep
|turn|13
|
|t:|1757830110
|move|p1a: Zamazenta|Body Press|p2a: Great Tusk
|-damage|p2a: Great Tusk|0 fnt
|faint|p2a: Great Tusk
|-end|p2a: Great Tusk|Protosynthesis|[silent]
|
|-weather|SunnyDay|[upkeep]
|-heal|p1a: Zamazenta|60/100|[from] item: Leftovers
|upkeep
|
|t:|1757830113
|switch|p2a: Hatterene|Hatterene, F|43/100
|turn|14
|
|t:|1757830119
|move|p1a: Zamazenta|Body Press|p2a: Hatterene
|-resisted|p2a: Hatterene
|-damage|p2a: Hatterene|18/100
|move|p2a: Hatterene|Psychic Noise|p1a: Zamazenta
|-damage|p1a: Zamazenta|35/100
|-start|p1a: Zamazenta|move: Heal Block
|
|-weather|SunnyDay|[upkeep]
|upkeep
|turn|15
|
|t:|1757830124
|move|p1a: Zamazenta|Body Press|p2a: Hatterene
|-resisted|p2a: Hatterene
|-damage|p2a: Hatterene|0 fnt
|faint|p2a: Hatterene
|
|-weather|SunnyDay|[upkeep]
|-end|p1a: Zamazenta|move: Heal Block
|upkeep
|
|t:|1757830127
|switch|p2a: Raging Bolt|Raging Bolt|100/100
|-activate|p2a: Raging Bolt|ability: Protosynthesis
|-start|p2a: Raging Bolt|protosynthesisspa
|turn|16
|
|t:|1757830134
|-terastallize|p2a: Raging Bolt|Fairy
|move|p1a: Zamazenta|Body Press|p2a: Raging Bolt
|-resisted|p2a: Raging Bolt
|-damage|p2a: Raging Bolt|58/100
|move|p2a: Raging Bolt|Thunderbolt|p1a: Zamazenta
|-end|p1a: Zamazenta|Substitute
|
|-weather|SunnyDay|[upkeep]
|-heal|p1a: Zamazenta|41/100|[from] item: Leftovers
|upkeep
|turn|17
|
|t:|1757830143
|switch|p1a: Corviknight|Corviknight, F|100/100
|move|p2a: Raging Bolt|Thunderbolt|p1a: Corviknight
|-supereffective|p1a: Corviknight
|-damage|p1a: Corviknight|0 fnt
|faint|p1a: Corviknight
|
|-weather|SunnyDay|[upkeep]
|upkeep
|
|t:|1757830159
|switch|p1a: Meowscarada|Meowscarada, F|100/100
|turn|18
|
|t:|1757830167
|move|p1a: Meowscarada|Flower Trick|p2a: Raging Bolt
|-start|p1a: Meowscarada|typechange|Grass|[from] ability: Protean
|-crit|p2a: Raging Bolt
|-damage|p2a: Raging Bolt|0 fnt
|faint|p2a: Raging Bolt
|-end|p2a: Raging Bolt|Protosynthesis|[silent]
|
|-weather|none
|upkeep
|
|t:|1757830180
|switch|p2a: Torkoal|Torkoal, M|89/100
|-weather|SunnyDay|[from] ability: Drought|[of] p2a: Torkoal
|turn|19
|inactive|Battle timer is ON: inactive players will automatically lose when time's up. (requested by saintqirex)
|
|t:|1757830191
|switch|p1a: Slowking|Slowking-Galar, F|41/100
|move|p2a: Torkoal|Lava Plume|p1a: Slowking
|-damage|p1a: Slowking|21/100
|
|-weather|SunnyDay|[upkeep]
|upkeep
|turn|20
|
|t:|1757830206
|switch|p1a: Zamazenta|Zamazenta, tera:Fire|41/100
|move|p2a: Torkoal|Lava Plume|p1a: Zamazenta
|-resisted|p1a: Zamazenta
|-damage|p1a: Zamazenta|26/100
|
|-weather|SunnyDay|[upkeep]
|-heal|p1a: Zamazenta|32/100|[from] item: Leftovers
|upkeep
|turn|21
|
|t:|1757830213
|switch|p2a: Walking Wake|Walking Wake|100/100
|-activate|p2a: Walking Wake|ability: Protosynthesis
|-start|p2a: Walking Wake|protosynthesisspe
|move|p1a: Zamazenta|Substitute|p1a: Zamazenta
|-start|p1a: Zamazenta|Substitute
|-damage|p1a: Zamazenta|7/100
|
|-weather|SunnyDay|[upkeep]
|-heal|p1a: Zamazenta|13/100|[from] item: Leftovers
|upkeep
|turn|22
|
|t:|1757830217
|move|p2a: Walking Wake|Hydro Steam|p1a: Zamazenta
|-supereffective|p1a: Zamazenta
|-end|p1a: Zamazenta|Substitute
|move|p1a: Zamazenta|Body Press|p2a: Walking Wake
|-damage|p2a: Walking Wake|66/100
|
|-weather|SunnyDay|[upkeep]
|-heal|p1a: Zamazenta|20/100|[from] item: Leftovers
|upkeep
|turn|23
|
|t:|1757830225
|move|p2a: Walking Wake|Hydro Steam|p1a: Zamazenta
|-supereffective|p1a: Zamazenta
|-damage|p1a: Zamazenta|0 fnt
|faint|p1a: Zamazenta
|
|-weather|SunnyDay|[upkeep]
|upkeep
|
|t:|1757830231
|switch|p1a: Meowscarada|Meowscarada, F|100/100
|turn|24
|
|t:|1757830234
|-end|p2a: Walking Wake|Protosynthesis|[silent]
|switch|p2a: Torkoal|Torkoal, M|89/100
|move|p1a: Meowscarada|Knock Off|p2a: Torkoal
|-start|p1a: Meowscarada|typechange|Dark|[from] ability: Protean
|-damage|p2a: Torkoal|52/100
|-enditem|p2a: Torkoal|Heat Rock|[from] move: Knock Off|[of] p1a: Meowscarada
|
|-weather|SunnyDay|[upkeep]
|upkeep
|turn|25
|
|t:|1757830243
|switch|p1a: Slowking|Slowking-Galar, F|54/100
|move|p2a: Torkoal|Stealth Rock|p1a: Slowking
|-sidestart|p1: saintqirex|move: Stealth Rock
|
|-weather|SunnyDay|[upkeep]
|upkeep
|turn|26
|
|t:|1757830246
|switch|p2a: Walking Wake|Walking Wake|66/100
|-activate|p2a: Walking Wake|ability: Protosynthesis
|-start|p2a: Walking Wake|protosynthesisspe
|-prepare|p1a: Slowking|Chilly Reception|[premajor]
|move|p1a: Slowking|Chilly Reception|p1a: Slowking
|-weather|Snowscape
|-end|p2a: Walking Wake|Protosynthesis
|
|t:|1757830249
|switch|p1a: Kyurem|Kyurem|100/100|[from] Chilly Reception
|-damage|p1a: Kyurem|76/100|[from] Stealth Rock
|-ability|p1a: Kyurem|Pressure
|
|-weather|Snowscape|[upkeep]
|upkeep
|turn|27
|
|t:|1757830252
|-end|p2a: Walking Wake|Protosynthesis|[silent]
|switch|p2a: Torkoal|Torkoal, M|52/100
|-weather|SunnyDay|[from] ability: Drought|[of] p2a: Torkoal
|move|p1a: Kyurem|Draco Meteor|p2a: Torkoal
|-damage|p2a: Torkoal|0 fnt
|-unboost|p1a: Kyurem|spa|2
|faint|p2a: Torkoal
|
|-weather|SunnyDay|[upkeep]
|upkeep
|
|t:|1757830254
|switch|p2a: Walking Wake|Walking Wake|66/100
|-activate|p2a: Walking Wake|ability: Protosynthesis
|-start|p2a: Walking Wake|protosynthesisspe
|turn|28
|
|t:|1757830264
|move|p2a: Walking Wake|Weather Ball|p1a: Kyurem
|-damage|p1a: Kyurem|3/100
|move|p1a: Kyurem|Draco Meteor|p2a: Walking Wake
|-supereffective|p2a: Walking Wake
|-damage|p2a: Walking Wake|0 fnt
|-unboost|p1a: Kyurem|spa|2
|faint|p2a: Walking Wake
|-end|p2a: Walking Wake|Protosynthesis|[silent]
|
|win|saintqirex
|raw|saintqirex's rating: 1529 &rarr; <strong>1550</strong><br />(+21 for winning)
|raw|AltLocke's rating: 1541 &rarr; <strong>1520</strong><br />(-21 for losing)
|l|☆AltLocke
|player|p2|
|l|☆saintqirex
|player|p1|
