|j|☆player jack
|j|☆nbmzs
|t:|1757835041
|gametype|singles
|player|p1|player jack|roxie|1298
|player|p2|nbmzs|169|1277
|gen|9
|tier|[Gen 9] OU
|rated|
|rule|HP Percentage Mod: HP is shown in percentages
|rule|Endless Battle Clause: Forcing endless battles is banned
|rule|Species Clause: Limit one of each Pokémon
|rule|OHKO Clause: OHKO moves are banned
|rule|Evasion Items Clause: Evasion items are banned
|rule|Evasion Moves Clause: Evasion moves are banned
|rule|Evasion Abilities Clause: Evasion abilities are banned
|rule|Sleep Moves Clause: Sleep-inducing moves are banned
|clearpoke
|poke|p1|Incineroar, F|
|poke|p1|Alomomola, F|
|poke|p1|Latios, M|
|poke|p1|Oricorio-Sensu, F|
|poke|p1|Garganacl, F|
|poke|p1|Hitmontop, M|
|poke|p2|Kingambit, M|
|poke|p2|Deoxys-Speed|
|poke|p2|Great Tusk|
|poke|p2|Dragonite, F|
|poke|p2|Iron Moth|
|poke|p2|Primarina, F|
|teampreview
|inactive|Battle timer is ON: inactive players will automatically lose when time's up. (requested by player jack)
|
|t:|1757835060
|teamsize|p1|6
|teamsize|p2|6
|start
|switch|p1a: Incineroar|Incineroar, F, shiny|100/100
|switch|p2a: Anomaly|Great Tusk|100/100
|-ability|p1a: Incineroar|Intimidate|boost
|-unboost|p2a: Anomaly|atk|1
|-enditem|p2a: Anomaly|Booster Energy
|-activate|p2a: Anomaly|ability: Protosynthesis|[fromitem]
|-start|p2a: Anomaly|protosynthesisspe
|turn|1
|
|t:|1757835073
|move|p1a: Incineroar|Fake Out|p2a: Anomaly
|-damage|p2a: Anomaly|92/100
|cant|p2a: Anomaly|flinch
|
|upkeep
|turn|2
|
|t:|1757835078
|move|p2a: Anomaly|Rapid Spin|p1a: Incineroar
|-damage|p1a: Incineroar|89/100
|-boost|p2a: Anomaly|spe|1
|move|p1a: Incineroar|Will-O-Wisp|p2a: Anomaly
|-status|p2a: Anomaly|brn
|
|-damage|p2a: Anomaly|86/100 brn|[from] brn
|upkeep
|turn|3
|
|t:|1757835090
|move|p2a: Anomaly|Close Combat|p1a: Incineroar
|-supereffective|p1a: Incineroar
|-damage|p1a: Incineroar|49/100
|-unboost|p2a: Anomaly|def|1
|-unboost|p2a: Anomaly|spd|1
|move|p1a: Incineroar|Parting Shot|p2a: Anomaly
|-unboost|p2a: Anomaly|atk|1
|-unboost|p2a: Anomaly|spa|1
|
|t:|1757835095
|switch|p1a: Latios|Latios, M, shiny|100/100|[from] Parting Shot
|
|-damage|p2a: Anomaly|80/100 brn|[from] brn
|upkeep
|turn|4
|
|t:|1757835101
|move|p2a: Anomaly|Ice Spinner|p1a: Latios
|-supereffective|p1a: Latios
|-damage|p1a: Latios|83/100
|move|p1a: Latios|Dragon Dance|p1a: Latios
|-boost|p1a: Latios|atk|1
|-boost|p1a: Latios|spe|1
|
|-damage|p2a: Anomaly|74/100 brn|[from] brn
|upkeep
|turn|5
|
|t:|1757835112
|-end|p2a: Anomaly|Protosynthesis|[silent]
|switch|p2a: Meruem|Kingambit, M|100/100
|move|p1a: Latios|Dragon Dance|p1a: Latios
|-boost|p1a: Latios|atk|1
|-boost|p1a: Latios|spe|1
|
|upkeep
|turn|6
|
|t:|1757835120
|-terastallize|p1a: Latios|Steel
|move|p1a: Latios|Earthquake|p2a: Meruem
|-supereffective|p2a: Meruem
|-damage|p2a: Meruem|7/100
|move|p2a: Meruem|Kowtow Cleave|p1a: Latios
|-damage|p1a: Latios|18/100
|
|-heal|p2a: Meruem|13/100|[from] item: Leftovers
|upkeep
|turn|7
|
|t:|1757835132
|switch|p1a: Hitmontop|Hitmontop, M, shiny|100/100
|move|p2a: Meruem|Sucker Punch||[still]
|-fail|p2a: Meruem
|
|-heal|p2a: Meruem|19/100|[from] item: Leftovers
|upkeep
|turn|8
|
|t:|1757835136
|move|p1a: Hitmontop|Fake Out|p2a: Meruem
|-resisted|p2a: Meruem
|-damage|p2a: Meruem|12/100
|cant|p2a: Meruem|flinch
|
|-heal|p2a: Meruem|18/100|[from] item: Leftovers
|upkeep
|turn|9
|
|t:|1757835138
|move|p1a: Hitmontop|Mach Punch|p2a: Meruem
|-supereffective|p2a: Meruem
|-damage|p2a: Meruem|0 fnt
|faint|p2a: Meruem
|-end|p2a: Meruem|fallenundefined|[silent]
|
|upkeep
|
|t:|1757835143
|switch|p2a: Moebius|Deoxys-Speed|100/100
|-ability|p2a: Moebius|Pressure
|turn|10
|
|t:|1757835155
|switch|p1a: Incineroar|Incineroar, F, shiny|49/100
|-ability|p1a: Incineroar|Intimidate|boost
|-unboost|p2a: Moebius|atk|1
|move|p2a: Moebius|Focus Blast|p1a: Incineroar
|-supereffective|p1a: Incineroar
|-damage|p1a: Incineroar|0 fnt
|faint|p1a: Incineroar
|-damage|p2a: Moebius|91/100|[from] item: Life Orb
|
|upkeep
|
|t:|1757835161
|switch|p1a: Oricorio|Oricorio-Sensu, F, shiny|100/100
|turn|11
|
|t:|1757835169
|move|p2a: Moebius|Shadow Ball|p1a: Oricorio
|-supereffective|p1a: Oricorio
|-damage|p1a: Oricorio|0 fnt
|faint|p1a: Oricorio
|-damage|p2a: Moebius|81/100|[from] item: Life Orb
|
|upkeep
|
|t:|1757835178
|switch|p1a: Alomomola|Alomomola, F, shiny|100/100
|turn|12
|
|t:|1757835184
|move|p2a: Moebius|Nasty Plot|p2a: Moebius
|-boost|p2a: Moebius|spa|2
|move|p1a: Alomomola|Flip Turn|p2a: Moebius
|-damage|p2a: Moebius|58/100
|
|t:|1757835188
|switch|p1a: Hitmontop|Hitmontop, M, shiny|100/100|[from] Flip Turn
|
|upkeep
|turn|13
|
|t:|1757835193
|move|p1a: Hitmontop|Fake Out|p2a: Moebius
|-damage|p2a: Moebius|28/100
|cant|p2a: Moebius|flinch
|
|upkeep
|turn|14
|
|t:|1757835198
|switch|p1a: Alomomola|Alomomola, F, shiny|100/100
|move|p2a: Moebius|Psycho Boost|p1a: Alomomola
|-damage|p1a: Alomomola|0 fnt
|-unboost|p2a: Moebius|spa|2
|faint|p1a: Alomomola
|-damage|p2a: Moebius|19/100|[from] item: Life Orb
|
|upkeep
|
|t:|1757835201
|switch|p1a: Hitmontop|Hitmontop, M, shiny|100/100
|turn|15
|
|t:|1757835212
|switch|p2a: Anomaly|Great Tusk|74/100 brn
|move|p1a: Hitmontop|Fake Out|p2a: Anomaly
|-damage|p2a: Anomaly|60/100 brn
|
|-damage|p2a: Anomaly|53/100 brn|[from] brn
|upkeep
|turn|16
|
|t:|1757835218
|move|p2a: Anomaly|Headlong Rush|p1a: Hitmontop
|-damage|p1a: Hitmontop|65/100
|-unboost|p2a: Anomaly|def|1
|-unboost|p2a: Anomaly|spd|1
|move|p1a: Hitmontop|Triple Axel|p2a: Anomaly|[miss]
|-miss|p1a: Hitmontop|p2a: Anomaly
|
|-damage|p2a: Anomaly|47/100 brn|[from] brn
|upkeep
|turn|17
|
|t:|1757835226
|switch|p1a: Latios|Latios, M, shiny, tera:Steel|18/100
|move|p2a: Anomaly|Headlong Rush|p1a: Latios
|-immune|p1a: Latios|[from] ability: Levitate
|
|-damage|p2a: Anomaly|41/100 brn|[from] brn
|upkeep
|turn|18
|
|t:|1757835231
|move|p1a: Latios|Zen Headbutt|p2a: Anomaly
|-supereffective|p2a: Anomaly
|-damage|p2a: Anomaly|0 fnt
|faint|p2a: Anomaly
|-end|p2a: Anomaly|Protosynthesis|[silent]
|
|upkeep
|
|t:|1757835238
|switch|p2a: Moebius|Deoxys-Speed|19/100
|-ability|p2a: Moebius|Pressure
|turn|19
|
|t:|1757835246
|switch|p1a: Hitmontop|Hitmontop, M, shiny|65/100
|move|p2a: Moebius|Focus Blast|p1a: Hitmontop
|-crit|p1a: Hitmontop
|-damage|p1a: Hitmontop|13/100
|-damage|p2a: Moebius|9/100|[from] item: Life Orb
|
|upkeep
|turn|20
|
|t:|1757835267
|switch|p2a: Siren|Primarina, F|100/100
|move|p1a: Hitmontop|Fake Out|p2a: Siren
|-damage|p2a: Siren|74/100
|
|upkeep
|turn|21
|
|t:|1757835275
|move|p2a: Siren|Moonblast|p1a: Hitmontop
|-supereffective|p1a: Hitmontop
|-damage|p1a: Hitmontop|0 fnt
|faint|p1a: Hitmontop
|
|upkeep
|
|t:|1757835278
|switch|p1a: Latios|Latios, M, shiny, tera:Steel|18/100
|turn|22
|
|t:|1757835284
|move|p1a: Latios|Zen Headbutt|p2a: Siren
|-damage|p2a: Siren|20/100
|move|p2a: Siren|Moonblast|p1a: Latios
|-resisted|p1a: Latios
|-crit|p1a: Latios
|-damage|p1a: Latios|0 fnt
|faint|p1a: Latios
|
|upkeep
|
|t:|1757835288
|switch|p1a: Garganacl|Garganacl, F, shiny|100/100
|turn|23
|
|t:|1757835295
|move|p2a: Siren|Surf|p1a: Garganacl
|-supereffective|p1a: Garganacl
|-damage|p1a: Garganacl|4/100
|move|p1a: Garganacl|Salt Cure|p2a: Siren
|-damage|p2a: Siren|1/100
|-start|p2a: Siren|Salt Cure
|
|-heal|p1a: Garganacl|10/100|[from] item: Leftovers
|-damage|p2a: Siren|0 fnt|[from] Salt Cure
|faint|p2a: Siren
|upkeep
|
|t:|1757835306
|switch|p2a: Yoshi|Dragonite, F, shiny|100/100
|turn|24
|
|t:|1757835313
|-terastallize|p2a: Yoshi|Normal
|move|p2a: Yoshi|Extreme Speed|p1a: Garganacl
|-resisted|p1a: Garganacl
|-damage|p1a: Garganacl|0 fnt
|faint|p1a: Garganacl
|
|win|nbmzs
|raw|player jack's rating: 1298 &rarr; <strong>1271</strong><br />(-27 for losing)
|raw|nbmzs's rating: 1277 &rarr; <strong>1304</strong><br />(+27 for winning)
|l|☆player jack
|player|p1|
|l|☆nbmzs
|player|p2|
