|j|☆bananacrazy
|j|☆mathismathin
|t:|1757908685
|gametype|singles
|player|p1|bananacrazy|170|1412
|player|p2|mathismathin|hilbert|1468
|gen|9
|tier|[Gen 9] OU
|rated|
|rule|HP Percentage Mod: HP is shown in percentages
|rule|Endless Battle Clause: Forcing endless battles is banned
|rule|Species Clause: Limit one of each Pokémon
|rule|OHKO Clause: OHKO moves are banned
|rule|Evasion Items Clause: Evasion items are banned
|rule|Evasion Moves Clause: Evasion moves are banned
|rule|Evasion Abilities Clause: Evasion abilities are banned
|rule|Sleep Moves Clause: Sleep-inducing moves are banned
|clearpoke
|poke|p1|Ogerpon-Wellspring, F|
|poke|p1|Kyurem|
|poke|p1|Zapdos|
|poke|p1|Great Tusk|
|poke|p1|Kingambit, F|
|poke|p1|Slowking-Galar, F|
|poke|p2|Mew|
|poke|p2|Primarina, M|
|poke|p2|Moltres|
|poke|p2|Chesnaught, F|
|poke|p2|Great Tusk|
|poke|p2|Dragapult, M|
|teampreview
|inactive|Battle timer is ON: inactive players will automatically lose when time's up. (requested by mathismathin)
|
|t:|1757908707
|teamsize|p1|6
|teamsize|p2|6
|start
|switch|p1a: Kyurem|Kyurem|100/100
|switch|p2a: Dragapult|Dragapult, M|100/100
|-ability|p1a: Kyurem|Pressure
|turn|1
|
|t:|1757908723
|switch|p2a: Primarina|Primarina, M|100/100
|switch|p1a: Slowking|Slowking-Galar, F|100/100
|
|upkeep
|turn|2
|
|t:|1757908727
|move|p2a: Primarina|Flip Turn|p1a: Slowking
|-damage|p1a: Slowking|84/100
|
|t:|1757908747
|switch|p2a: Great Tusk|Great Tusk|100/100|[from] Flip Turn
|-prepare|p1a: Slowking|Chilly Reception|[premajor]
|move|p1a: Slowking|Chilly Reception|p1a: Slowking
|-weather|Snowscape
|
|t:|1757908751
|switch|p1a: Kyurem|Kyurem|100/100|[from] Chilly Reception
|-ability|p1a: Kyurem|Pressure
|
|-weather|Snowscape|[upkeep]
|upkeep
|turn|3
|
|t:|1757908767
|-terastallize|p2a: Great Tusk|Steel
|move|p1a: Kyurem|Freeze-Dry|p2a: Great Tusk
|-resisted|p2a: Great Tusk
|-damage|p2a: Great Tusk|58/100
|move|p2a: Great Tusk|Close Combat|p1a: Kyurem
|-supereffective|p1a: Kyurem
|-damage|p1a: Kyurem|19/100
|-unboost|p2a: Great Tusk|def|1
|-unboost|p2a: Great Tusk|spd|1
|
|-weather|Snowscape|[upkeep]
|upkeep
|turn|4
|
|t:|1757908775
|-end|p2a: Great Tusk|Protosynthesis|[silent]
|switch|p2a: Mew|Mew|100/100
|move|p1a: Kyurem|Freeze-Dry|p2a: Mew
|-damage|p2a: Mew|51/100
|
|-weather|Snowscape|[upkeep]
|upkeep
|turn|5
|
|t:|1757908784
|switch|p1a: Slowking|Slowking-Galar, F|100/100
|move|p2a: Mew|Trick|p1a: Slowking
|-activate|p2a: Mew|move: Trick|[of] p1a: Slowking
|-item|p1a: Slowking|Choice Scarf|[from] move: Trick
|-item|p2a: Mew|Heavy-Duty Boots|[from] move: Trick
|
|-weather|Snowscape|[upkeep]
|upkeep
|turn|6
|
|t:|1757908791
|move|p2a: Mew|Transform|p1a: Slowking
|-transform|p2a: Mew|p1a: Slowking
|-prepare|p1a: Slowking|Chilly Reception|[premajor]
|move|p1a: Slowking|Chilly Reception|p1a: Slowking
|
|t:|1757908801
|switch|p1a: Kyurem|Kyurem|19/100|[from] Chilly Reception
|-ability|p1a: Kyurem|Pressure
|
|-weather|none
|upkeep
|turn|7
|
|t:|1757908818
|move|p1a: Kyurem|Draco Meteor|p2a: Mew
|-damage|p2a: Mew|0 fnt
|-unboost|p1a: Kyurem|spa|2
|faint|p2a: Mew
|
|upkeep
|
|t:|1757908822
|switch|p2a: Dragapult|Dragapult, M|100/100
|turn|8
|
|t:|1757908828
|switch|p1a: Slowking|Slowking-Galar, F|100/100
|move|p2a: Dragapult|Dragon Darts|p1a: Slowking
|-damage|p1a: Slowking|63/100
|-anim|p2a: Dragapult|Dragon Darts|p1a: Slowking
|-damage|p1a: Slowking|27/100
|
|upkeep
|turn|9
|
|t:|1757908838
|switch|p2a: Chesnaught|Chesnaught, F|100/100
|switch|p1a: Kingambit|Kingambit, F|100/100
|
|upkeep
|turn|10
|
|t:|1757908856
|-end|p1a: Kingambit|fallenundefined|[silent]
|switch|p1a: Zapdos|Zapdos|100/100
|move|p2a: Chesnaught|Spikes|p1a: Zapdos
|-sidestart|p1: bananacrazy|Spikes
|
|upkeep
|turn|11
|
|t:|1757908861
|switch|p2a: Primarina|Primarina, M|100/100
|move|p1a: Zapdos|U-turn|p2a: Primarina
|-resisted|p2a: Primarina
|-damage|p2a: Primarina|91/100
|
|t:|1757908864
|switch|p1a: Great Tusk|Great Tusk|100/100|[from] U-turn
|
|upkeep
|turn|12
|
|t:|1757908871
|move|p1a: Great Tusk|Rapid Spin|p2a: Primarina
|-damage|p2a: Primarina|66/100
|-boost|p1a: Great Tusk|spe|1
|-sideend|p1: bananacrazy|Spikes|[from] move: Rapid Spin|[of] p1a: Great Tusk
|move|p2a: Primarina|Surf|p1a: Great Tusk
|-supereffective|p1a: Great Tusk
|-damage|p1a: Great Tusk|0 fnt
|faint|p1a: Great Tusk
|-end|p1a: Great Tusk|Protosynthesis|[silent]
|
|upkeep
|
|t:|1757908883
|switch|p1a: Kyurem|Kyurem|19/100
|-ability|p1a: Kyurem|Pressure
|turn|13
|
|t:|1757908904
|switch|p1a: Slowking|Slowking-Galar, F|60/100
|move|p2a: Primarina|Moonblast|p1a: Slowking
|-resisted|p1a: Slowking
|-damage|p1a: Slowking|46/100
|
|upkeep
|turn|14
|
|t:|1757908910
|move|p2a: Primarina|Flip Turn|p1a: Slowking
|-damage|p1a: Slowking|32/100
|
|t:|1757908933
|switch|p2a: Dragapult|Dragapult, M|100/100|[from] Flip Turn
|-prepare|p1a: Slowking|Chilly Reception|[premajor]
|move|p1a: Slowking|Chilly Reception|p1a: Slowking
|-weather|Snowscape
|
|t:|1757908939
|switch|p1a: Zapdos|Zapdos|100/100|[from] Chilly Reception
|
|-weather|Snowscape|[upkeep]
|upkeep
|turn|15
|
|t:|1757908949
|move|p2a: Dragapult|Dragon Darts|p1a: Zapdos
|-damage|p1a: Zapdos|75/100
|-anim|p2a: Dragapult|Dragon Darts|p1a: Zapdos
|-damage|p1a: Zapdos|48/100
|move|p1a: Zapdos|Hurricane|p2a: Dragapult
|-damage|p2a: Dragapult|33/100
|
|-weather|Snowscape|[upkeep]
|upkeep
|turn|16
|
|t:|1757908960
|-terastallize|p1a: Zapdos|Steel
|move|p2a: Dragapult|Dragon Darts|p1a: Zapdos
|-resisted|p1a: Zapdos
|-damage|p1a: Zapdos|34/100
|-anim|p2a: Dragapult|Dragon Darts|p1a: Zapdos
|-resisted|p1a: Zapdos
|-damage|p1a: Zapdos|21/100
|move|p1a: Zapdos|Roost|p1a: Zapdos
|-heal|p1a: Zapdos|71/100
|
|-weather|Snowscape|[upkeep]
|upkeep
|turn|17
|
|t:|1757908971
|switch|p2a: Moltres|Moltres|100/100
|move|p1a: Zapdos|Hurricane|p2a: Moltres
|-damage|p2a: Moltres|43/100
|
|-weather|Snowscape|[upkeep]
|upkeep
|turn|18
|
|t:|1757908982
|switch|p1a: Slowking|Slowking-Galar, F|65/100
|move|p2a: Moltres|Fire Blast|p1a: Slowking
|-damage|p1a: Slowking|35/100
|
|-weather|none
|upkeep
|turn|19
|
|t:|1757908989
|switch|p2a: Dragapult|Dragapult, M|33/100
|-prepare|p1a: Slowking|Chilly Reception|[premajor]
|move|p1a: Slowking|Chilly Reception|p1a: Slowking
|-weather|Snowscape
|
|t:|1757908998
|switch|p1a: Kingambit|Kingambit, F|100/100|[from] Chilly Reception
|-activate|p1a: Kingambit|ability: Supreme Overlord
|-start|p1a: Kingambit|fallen1|[silent]
|
|-weather|Snowscape|[upkeep]
|upkeep
|turn|20
|
|t:|1757909006
|move|p2a: Dragapult|Dragon Darts|p1a: Kingambit
|-resisted|p1a: Kingambit
|-crit|p1a: Kingambit
|-damage|p1a: Kingambit|80/100
|-anim|p2a: Dragapult|Dragon Darts|p1a: Kingambit
|-resisted|p1a: Kingambit
|-damage|p1a: Kingambit|66/100
|move|p1a: Kingambit|Swords Dance|p1a: Kingambit
|-boost|p1a: Kingambit|atk|2
|
|-weather|Snowscape|[upkeep]
|-heal|p1a: Kingambit|72/100|[from] item: Leftovers
|upkeep
|turn|21
|
|t:|1757909011
|switch|p2a: Chesnaught|Chesnaught, F|100/100
|move|p1a: Kingambit|Low Kick|p2a: Chesnaught
|-damage|p2a: Chesnaught|57/100
|-damage|p1a: Kingambit|56/100|[from] item: Rocky Helmet|[of] p2a: Chesnaught
|
|-weather|Snowscape|[upkeep]
|-heal|p1a: Kingambit|62/100|[from] item: Leftovers
|upkeep
|turn|22
|
|t:|1757909026
|-end|p1a: Kingambit|fallen1|[silent]
|switch|p1a: Zapdos|Zapdos, tera:Steel|71/100
|move|p2a: Chesnaught|Body Press|p1a: Zapdos
|-supereffective|p1a: Zapdos
|-damage|p1a: Zapdos|3/100
|-status|p2a: Chesnaught|par|[from] ability: Static|[of] p1a: Zapdos
|
|-weather|Snowscape|[upkeep]
|upkeep
|turn|23
|
|t:|1757909037
|move|p1a: Zapdos|Hurricane|p2a: Chesnaught
|-supereffective|p2a: Chesnaught
|-damage|p2a: Chesnaught|0 fnt
|faint|p2a: Chesnaught
|
|-weather|none
|upkeep
|
|t:|1757909043
|switch|p2a: Dragapult|Dragapult, M|33/100
|turn|24
|
|t:|1757909063
|move|p2a: Dragapult|Dragon Darts|p1a: Zapdos
|-resisted|p1a: Zapdos
|-damage|p1a: Zapdos|0 fnt
|faint|p1a: Zapdos
|
|upkeep
|
|t:|1757909066
|switch|p1a: Kingambit|Kingambit, F|62/100
|-activate|p1a: Kingambit|ability: Supreme Overlord
|-start|p1a: Kingambit|fallen2|[silent]
|turn|25
|
|t:|1757909086
|switch|p2a: Moltres|Moltres|43/100
|move|p1a: Kingambit|Swords Dance|p1a: Kingambit
|-boost|p1a: Kingambit|atk|2
|
|-heal|p1a: Kingambit|68/100|[from] item: Leftovers
|upkeep
|turn|26
|
|t:|1757909106
|move|p2a: Moltres|Fire Blast|p1a: Kingambit
|-supereffective|p1a: Kingambit
|-damage|p1a: Kingambit|0 fnt
|faint|p1a: Kingambit
|-end|p1a: Kingambit|fallen2|[silent]
|
|upkeep
|-message|bananacrazy forfeited.
|
|win|mathismathin
|raw|bananacrazy's rating: 1412 &rarr; <strong>1397</strong><br />(-15 for losing)
|raw|mathismathin's rating: 1496 &rarr; <strong>1511</strong><br />(+15 for winning)
|l|☆bananacrazy
|player|p1|
