|j|☆LuisMcSwagg
|j|☆HatedWitch
|t:|1757909673
|gametype|singles
|player|p1|LuisMcSwagg|102|1259
|player|p2|HatedWitch|lass|1260
|gen|9
|tier|[Gen 9] OU
|rated|
|rule|HP Percentage Mod: HP is shown in percentages
|rule|Endless Battle Clause: Forcing endless battles is banned
|rule|Species Clause: Limit one of each Pokémon
|rule|OHKO Clause: OHKO moves are banned
|rule|Evasion Items Clause: Evasion items are banned
|rule|Evasion Moves Clause: Evasion moves are banned
|rule|Evasion Abilities Clause: Evasion abilities are banned
|rule|Sleep Moves Clause: Sleep-inducing moves are banned
|clearpoke
|poke|p1|Iron Crown|
|poke|p1|Sinistcha|
|poke|p1|Toxapex, M|
|poke|p1|Rillaboom, F|
|poke|p1|Weezing-Galar, M|
|poke|p1|Skeledirge, F|
|poke|p2|Sandy Shocks|
|poke|p2|Glimmora, F|
|poke|p2|Ogerpon-Wellspring, F|
|poke|p2|Dragonite, M|
|poke|p2|Gholdengo|
|poke|p2|Great Tusk|
|teampreview
|inactive|Battle timer is ON: inactive players will automatically lose when time's up. (requested by HatedWitch)
|
|t:|1757909701
|teamsize|p1|6
|teamsize|p2|6
|start
|switch|p1a: Iron Crown|Iron Crown|100/100
|switch|p2a: Sandy Shocks|Sandy Shocks, shiny|100/100
|turn|1
|
|t:|1757909709
|move|p2a: Sandy Shocks|Volt Switch|p1a: Iron Crown
|-damage|p1a: Iron Crown|79/100
|
|t:|1757909720
|-end|p2a: Sandy Shocks|Protosynthesis|[silent]
|switch|p2a: Gholdengo|Gholdengo|100/100|[from] Volt Switch
|-item|p2a: Gholdengo|Air Balloon
|move|p1a: Iron Crown|Tachyon Cutter|p2a: Gholdengo
|-resisted|p2a: Gholdengo
|-damage|p2a: Gholdengo|88/100
|-enditem|p2a: Gholdengo|Air Balloon
|-resisted|p2a: Gholdengo
|-crit|p2a: Gholdengo
|-damage|p2a: Gholdengo|71/100
|-hitcount|p2a: Gholdengo|2
|
|upkeep
|turn|2
|
|t:|1757909733
|move|p1a: Iron Crown|Volt Switch|p2a: Gholdengo
|-damage|p2a: Gholdengo|49/100
|
|t:|1757909739
|-end|p1a: Iron Crown|Quark Drive|[silent]
|switch|p1a: Rillaboom|Rillaboom, F|100/100|[from] Volt Switch
|-fieldstart|move: Grassy Terrain|[from] ability: Grassy Surge|[of] p1a: Rillaboom
|move|p2a: Gholdengo|Nasty Plot|p2a: Gholdengo
|-boost|p2a: Gholdengo|spa|2
|
|-heal|p2a: Gholdengo|55/100|[from] Grassy Terrain
|upkeep
|turn|3
|
|t:|1757909744
|move|p1a: Rillaboom|Knock Off|p2a: Gholdengo
|-supereffective|p2a: Gholdengo
|-crit|p2a: Gholdengo
|-damage|p2a: Gholdengo|0 fnt
|faint|p2a: Gholdengo
|-damage|p1a: Rillaboom|91/100|[from] item: Life Orb
|
|-heal|p1a: Rillaboom|97/100|[from] Grassy Terrain
|upkeep
|
|t:|1757909755
|switch|p2a: Glimmora|Glimmora, F|100/100
|turn|4
|
|t:|1757909760
|move|p2a: Glimmora|Meteor Beam||[still]
|-prepare|p2a: Glimmora|Meteor Beam
|-boost|p2a: Glimmora|spa|1
|-enditem|p2a: Glimmora|Power Herb
|-anim|p2a: Glimmora|Meteor Beam|p1a: Rillaboom
|-damage|p1a: Rillaboom|0 fnt
|faint|p1a: Rillaboom
|
|upkeep
|
|t:|1757909769
|switch|p1a: Iron Crown|Iron Crown|79/100
|turn|5
|inactive|HatedWitch has 120 seconds left.
|
|t:|1757909816
|move|p1a: Iron Crown|Tachyon Cutter|p2a: Glimmora
|-supereffective|p2a: Glimmora
|-damage|p2a: Glimmora|40/100
|-supereffective|p2a: Glimmora
|-damage|p2a: Glimmora|0 fnt
|faint|p2a: Glimmora
|-hitcount|p2: Glimmora|2
|
|-heal|p1a: Iron Crown|85/100|[from] Grassy Terrain
|upkeep
|
|t:|1757909821
|switch|p2a: Great Tusk|Great Tusk|100/100
|turn|6
|
|t:|1757909826
|move|p1a: Iron Crown|Tachyon Cutter|p2a: Great Tusk
|-damage|p2a: Great Tusk|69/100
|-damage|p2a: Great Tusk|36/100
|-hitcount|p2a: Great Tusk|2
|move|p2a: Great Tusk|Knock Off|p1a: Iron Crown
|-supereffective|p1a: Iron Crown
|-damage|p1a: Iron Crown|27/100
|-enditem|p1a: Iron Crown|Assault Vest|[from] move: Knock Off|[of] p2a: Great Tusk
|
|-heal|p1a: Iron Crown|33/100|[from] Grassy Terrain
|-heal|p2a: Great Tusk|42/100|[from] Grassy Terrain
|-fieldend|move: Grassy Terrain
|upkeep
|turn|7
|
|t:|1757909835
|-end|p2a: Great Tusk|Protosynthesis|[silent]
|switch|p2a: Ogerpon|Ogerpon-Wellspring, F|100/100
|move|p1a: Iron Crown|Tachyon Cutter|p2a: Ogerpon
|-resisted|p2a: Ogerpon
|-damage|p2a: Ogerpon|86/100
|-resisted|p2a: Ogerpon
|-damage|p2a: Ogerpon|72/100
|-hitcount|p2a: Ogerpon|2
|
|upkeep
|turn|8
|
|t:|1757909844
|-end|p1a: Iron Crown|Quark Drive|[silent]
|switch|p1a: Toxapex|Toxapex, M|100/100
|move|p2a: Ogerpon|Swords Dance|p2a: Ogerpon
|-boost|p2a: Ogerpon|atk|2
|
|upkeep
|turn|9
|
|t:|1757909847
|move|p2a: Ogerpon|Horn Leech|p1a: Toxapex
|-damage|p1a: Toxapex|52/100
|-heal|p2a: Ogerpon|97/100|[from] drain|[of] p1a: Toxapex
|move|p1a: Toxapex|Toxic|p2a: Ogerpon
|-status|p2a: Ogerpon|tox
|
|-heal|p1a: Toxapex|58/100|[from] item: Black Sludge
|-damage|p2a: Ogerpon|91/100 tox|[from] psn
|upkeep
|turn|10
|
|t:|1757909851
|move|p1a: Toxapex|Baneful Bunker|p1a: Toxapex
|-singleturn|p1a: Toxapex|move: Protect
|move|p2a: Ogerpon|Swords Dance|p2a: Ogerpon
|-boost|p2a: Ogerpon|atk|2
|
|-heal|p1a: Toxapex|64/100|[from] item: Black Sludge
|-damage|p2a: Ogerpon|79/100 tox|[from] psn
|upkeep
|turn|11
|
|t:|1757909855
|move|p2a: Ogerpon|Knock Off|p1a: Toxapex
|-damage|p1a: Toxapex|0 fnt
|-enditem|p1a: Toxapex|Black Sludge|[from] move: Knock Off|[of] p2a: Ogerpon
|faint|p1a: Toxapex
|
|-damage|p2a: Ogerpon|61/100 tox|[from] psn
|upkeep
|
|t:|1757909873
|switch|p1a: Sinistcha|Sinistcha|100/100
|turn|12
|
|t:|1757909879
|-terastallize|p1a: Sinistcha|Poison
|move|p2a: Ogerpon|Knock Off|p1a: Sinistcha
|-damage|p1a: Sinistcha|24/100
|-enditem|p1a: Sinistcha|Grassy Seed|[from] move: Knock Off|[of] p2a: Ogerpon
|move|p1a: Sinistcha|Strength Sap|p2a: Ogerpon
|-unboost|p2a: Ogerpon|atk|1
|-heal|p1a: Sinistcha|100/100
|
|-damage|p2a: Ogerpon|37/100 tox|[from] psn
|upkeep
|turn|13
|
|t:|1757909886
|move|p2a: Ogerpon|Ivy Cudgel|p1a: Sinistcha|[anim] Ivy Cudgel Water
|-damage|p1a: Sinistcha|0 fnt
|faint|p1a: Sinistcha
|
|-damage|p2a: Ogerpon|7/100 tox|[from] psn
|upkeep
|
|t:|1757909891
|switch|p1a: Weezing|Weezing-Galar, M|100/100
|-ability|p1a: Weezing|Neutralizing Gas
|turn|14
|
|t:|1757909895
|move|p2a: Ogerpon|Ivy Cudgel|p1a: Weezing|[anim] Ivy Cudgel Water
|-damage|p1a: Weezing|4/100
|move|p1a: Weezing|Strange Steam|p2a: Ogerpon
|-damage|p2a: Ogerpon|0 fnt
|faint|p2a: Ogerpon
|
|-heal|p1a: Weezing|10/100|[from] item: Black Sludge
|upkeep
|
|t:|1757909901
|switch|p2a: Great Tusk|Great Tusk|42/100
|turn|15
|
|t:|1757909907
|move|p2a: Great Tusk|Rapid Spin|p1a: Weezing
|-damage|p1a: Weezing|1/100
|-boost|p2a: Great Tusk|spe|1
|move|p1a: Weezing|Will-O-Wisp|p2a: Great Tusk
|-status|p2a: Great Tusk|brn
|
|-heal|p1a: Weezing|7/100|[from] item: Black Sludge
|-damage|p2a: Great Tusk|36/100 brn|[from] brn
|upkeep
|turn|16
|
|t:|1757909910
|move|p2a: Great Tusk|Rapid Spin|p1a: Weezing
|-damage|p1a: Weezing|3/100
|-boost|p2a: Great Tusk|spe|1
|move|p1a: Weezing|Strange Steam|p2a: Great Tusk
|-supereffective|p2a: Great Tusk
|-damage|p2a: Great Tusk|0 fnt
|faint|p2a: Great Tusk
|-end|p2a: Great Tusk|Protosynthesis|[silent]
|
|-heal|p1a: Weezing|9/100|[from] item: Black Sludge
|upkeep
|
|t:|1757909914
|switch|p2a: Sandy Shocks|Sandy Shocks, shiny|100/100
|turn|17
|
|t:|1757909922
|move|p2a: Sandy Shocks|Earth Power|p1a: Weezing
|-supereffective|p1a: Weezing
|-damage|p1a: Weezing|0 fnt
|faint|p1a: Weezing
|-end|p1a: Weezing|ability: Neutralizing Gas
|
|upkeep
|
|t:|1757909934
|switch|p1a: Skeledirge|Skeledirge, F|100/100
|turn|18
|
|t:|1757909942
|move|p2a: Sandy Shocks|Earth Power|p1a: Skeledirge
|-supereffective|p1a: Skeledirge
|-damage|p1a: Skeledirge|38/100
|move|p1a: Skeledirge|Will-O-Wisp|p2a: Sandy Shocks
|-status|p2a: Sandy Shocks|brn
|
|-damage|p2a: Sandy Shocks|95/100 brn|[from] brn
|upkeep
|turn|19
|
|t:|1757909956
|move|p2a: Sandy Shocks|Earth Power|p1a: Skeledirge
|-supereffective|p1a: Skeledirge
|-damage|p1a: Skeledirge|0 fnt
|faint|p1a: Skeledirge
|
|-damage|p2a: Sandy Shocks|89/100 brn|[from] brn
|upkeep
|
|t:|1757909959
|switch|p1a: Iron Crown|Iron Crown|33/100
|turn|20
|
|t:|1757909965
|move|p2a: Sandy Shocks|Earth Power|p1a: Iron Crown
|-supereffective|p1a: Iron Crown
|-damage|p1a: Iron Crown|0 fnt
|faint|p1a: Iron Crown
|-end|p1a: Iron Crown|Quark Drive|[silent]
|
|win|HatedWitch
|raw|LuisMcSwagg's rating: 1259 &rarr; <strong>1234</strong><br />(-25 for losing)
|raw|HatedWitch's rating: 1260 &rarr; <strong>1285</strong><br />(+25 for winning)
|l|☆LuisMcSwagg
|player|p1|
|l|☆HatedWitch
|player|p2|
