|j|☆banjin
|j|☆Nyksytin
|t:|1757931441
|gametype|singles
|player|p1|banjin|beauty-gen6xy|1326
|player|p2|Nyksytin|swimmer-gen4dp|1294
|gen|9
|tier|[Gen 9] OU
|rated|
|rule|HP Percentage Mod: HP is shown in percentages
|rule|Endless Battle Clause: Forcing endless battles is banned
|rule|Species Clause: Limit one of each Pokémon
|rule|OHKO Clause: OHKO moves are banned
|rule|Evasion Items Clause: Evasion items are banned
|rule|Evasion Moves Clause: Evasion moves are banned
|rule|Evasion Abilities Clause: Evasion abilities are banned
|rule|Sleep Moves Clause: Sleep-inducing moves are banned
|clearpoke
|poke|p1|Minior-Blue|
|poke|p1|Lokix, F|
|poke|p1|Thundurus-Therian, M|
|poke|p1|Muk-Alola, F|
|poke|p1|Emboar, F|
|poke|p1|Ditto|
|poke|p2|Meloetta|
|poke|p2|Pecharunt|
|poke|p2|Kingambit, M|
|poke|p2|Torkoal, F|
|poke|p2|Lilligant-Hisui, F|
|poke|p2|Walking Wake|
|teampreview
|inactive|Battle timer is ON: inactive players will automatically lose when time's up. (requested by banjin)
|inactive|Nyksytin also wants the timer to be on.
|
|t:|1757931447
|teamsize|p1|6
|teamsize|p2|6
|start
|switch|p1a: Paws|Thundurus-Therian, M|100/100
|switch|p2a: Meloetta|Meloetta|100/100
|turn|1
|
|t:|1757931452
|move|p2a: Meloetta|Trick|p1a: Paws
|-activate|p2a: Meloetta|move: Trick|[of] p1a: Paws
|-item|p1a: Paws|Choice Scarf|[from] move: Trick
|-item|p2a: Meloetta|Focus Sash|[from] move: Trick
|move|p1a: Paws|Thunderbolt|p2a: Meloetta
|-crit|p2a: Meloetta
|-damage|p2a: Meloetta|47/100
|
|upkeep
|turn|2
|
|t:|1757931465
|switch|p2a: Torkoal|Torkoal, F|100/100
|-weather|SunnyDay|[from] ability: Drought|[of] p2a: Torkoal
|move|p1a: Paws|Thunderbolt|p2a: Torkoal
|-damage|p2a: Torkoal|33/100
|
|-weather|SunnyDay|[upkeep]
|upkeep
|turn|3
|
|t:|1757931478
|switch|p1a: Dragmire|Emboar, F, shiny|100/100
|switch|p2a: Pecharunt|Pecharunt|100/100
|
|-weather|SunnyDay|[upkeep]
|upkeep
|turn|4
|
|t:|1757931484
|switch|p1a: Mr. Brightside|Minior-Blue|100/100
|-formechange|p1a: Mr. Brightside|Minior-Meteor||[from] ability: Shields Down
|move|p2a: Pecharunt|Toxic|p1a: Mr. Brightside
|-immune|p1a: Mr. Brightside|[from] ability: Shields Down
|
|-weather|SunnyDay|[upkeep]
|upkeep
|turn|5
|
|t:|1757931494
|move|p1a: Mr. Brightside|Shell Smash|p1a: Mr. Brightside
|-unboost|p1a: Mr. Brightside|def|1
|-unboost|p1a: Mr. Brightside|spd|1
|-boost|p1a: Mr. Brightside|atk|2
|-boost|p1a: Mr. Brightside|spa|2
|-boost|p1a: Mr. Brightside|spe|2
|-enditem|p1a: Mr. Brightside|White Herb
|-clearnegativeboost|p1a: Mr. Brightside|[silent]
|move|p2a: Pecharunt|Shadow Ball|p1a: Mr. Brightside
|-damage|p1a: Mr. Brightside|66/100
|
|-weather|SunnyDay|[upkeep]
|upkeep
|turn|6
|
|t:|1757931500
|move|p1a: Mr. Brightside|Shell Smash|p1a: Mr. Brightside
|-unboost|p1a: Mr. Brightside|def|1
|-unboost|p1a: Mr. Brightside|spd|1
|-boost|p1a: Mr. Brightside|atk|2
|-boost|p1a: Mr. Brightside|spa|2
|-boost|p1a: Mr. Brightside|spe|2
|move|p2a: Pecharunt|Parting Shot|p1a: Mr. Brightside
|-unboost|p1a: Mr. Brightside|atk|1
|-unboost|p1a: Mr. Brightside|spa|1
|
|t:|1757931513
|switch|p2a: Kingambit|Kingambit, M|100/100|[from] Parting Shot
|-item|p2a: Kingambit|Air Balloon
|
|-weather|SunnyDay|[upkeep]
|upkeep
|turn|7
|
|t:|1757931517
|move|p2a: Kingambit|Sucker Punch||[still]
|-fail|p2a: Kingambit
|move|p1a: Mr. Brightside|Substitute|p1a: Mr. Brightside
|-start|p1a: Mr. Brightside|Substitute
|-damage|p1a: Mr. Brightside|41/100
|
|-weather|SunnyDay|[upkeep]
|-formechange|p1a: Mr. Brightside|Minior-Blue||[from] ability: Shields Down
|upkeep
|turn|8
|
|t:|1757931525
|move|p2a: Kingambit|Sucker Punch|p1a: Mr. Brightside
|-end|p1a: Mr. Brightside|Substitute
|move|p1a: Mr. Brightside|Acrobatics|p2a: Kingambit
|-resisted|p2a: Kingambit
|-damage|p2a: Kingambit|55/100
|-enditem|p2a: Kingambit|Air Balloon
|
|-weather|SunnyDay|[upkeep]
|upkeep
|turn|9
|
|t:|1757931535
|move|p1a: Mr. Brightside|Earthquake|p2a: Kingambit
|-supereffective|p2a: Kingambit
|-damage|p2a: Kingambit|0 fnt
|faint|p2a: Kingambit
|
|-weather|none
|upkeep
|
|t:|1757931539
|switch|p2a: Torkoal|Torkoal, F|33/100
|-weather|SunnyDay|[from] ability: Drought|[of] p2a: Torkoal
|turn|10
|
|t:|1757931549
|move|p1a: Mr. Brightside|Acrobatics|p2a: Torkoal
|-damage|p2a: Torkoal|0 fnt
|faint|p2a: Torkoal
|
|-weather|SunnyDay|[upkeep]
|upkeep
|
|t:|1757931552
|switch|p2a: Pecharunt|Pecharunt|100/100
|turn|11
|
|t:|1757931560
|move|p1a: Mr. Brightside|Substitute|p1a: Mr. Brightside
|-start|p1a: Mr. Brightside|Substitute
|-damage|p1a: Mr. Brightside|16/100
|move|p2a: Pecharunt|Shadow Ball|p1a: Mr. Brightside
|-end|p1a: Mr. Brightside|Substitute
|
|-weather|SunnyDay|[upkeep]
|upkeep
|turn|12
|
|t:|1757931567
|move|p1a: Mr. Brightside|Earthquake|p2a: Pecharunt
|-supereffective|p2a: Pecharunt
|-damage|p2a: Pecharunt|23/100
|move|p2a: Pecharunt|Shadow Ball|p1a: Mr. Brightside
|-damage|p1a: Mr. Brightside|0 fnt
|faint|p1a: Mr. Brightside
|
|-weather|SunnyDay|[upkeep]
|-heal|p2a: Pecharunt|29/100|[from] item: Leftovers
|upkeep
|inactive|banjin has 120 seconds left.
|
|t:|1757931597
|switch|p1a: Paws|Thundurus-Therian, M|100/100
|turn|13
|
|t:|1757931603
|move|p1a: Paws|Thunderbolt|p2a: Pecharunt
|-damage|p2a: Pecharunt|0 fnt
|faint|p2a: Pecharunt
|
|-weather|SunnyDay|[upkeep]
|upkeep
|
|t:|1757931608
|switch|p2a: Lilligant|Lilligant-Hisui, F|100/100
|turn|14
|
|t:|1757931621
|-terastallize|p2a: Lilligant|Ground
|move|p2a: Lilligant|Swords Dance|p2a: Lilligant
|-boost|p2a: Lilligant|atk|2
|move|p1a: Paws|Thunderbolt|p2a: Lilligant
|-immune|p2a: Lilligant
|
|-weather|SunnyDay|[upkeep]
|upkeep
|turn|15
|
|t:|1757931629
|move|p2a: Lilligant|Ice Spinner|p1a: Paws
|-supereffective|p1a: Paws
|-damage|p1a: Paws|0 fnt
|faint|p1a: Paws
|
|-weather|SunnyDay|[upkeep]
|upkeep
|
|t:|1757931633
|switch|p1a: 𒉎|Ditto|100/100
|-transform|p1a: 𒉎|p2a: Lilligant|[from] ability: Imposter
|-start|p1a: 𒉎|typechange|Grass/Fighting|[silent]
|turn|16
|
|t:|1757931642
|move|p1a: 𒉎|Solar Blade||[still]
|-prepare|p1a: 𒉎|Solar Blade
|-anim|p1a: 𒉎|Solar Blade|p2a: Lilligant
|-supereffective|p2a: Lilligant
|-crit|p2a: Lilligant
|-damage|p2a: Lilligant|0 fnt
|faint|p2a: Lilligant
|
|-weather|SunnyDay|[upkeep]
|upkeep
|-message|Nyksytin forfeited.
|
|win|banjin
|raw|banjin's rating: 1326 &rarr; <strong>1344</strong><br />(+18 for winning)
|raw|Nyksytin's rating: 1294 &rarr; <strong>1271</strong><br />(-23 for losing)
|l|☆Nyksytin
|player|p2|
|l|☆banjin
|player|p1|
