|j|☆winslowyoudog
|j|☆G00D00D
|t:|1757948958
|gametype|singles
|player|p1|winslowyoudog|xerosic|1737
|player|p2|G00D00D|skyla|1694
|gen|9
|tier|[Gen 9] OU
|rated|
|rule|HP Percentage Mod: HP is shown in percentages
|rule|Endless Battle Clause: Forcing endless battles is banned
|rule|Species Clause: Limit one of each Pokémon
|rule|OHKO Clause: OHKO moves are banned
|rule|Evasion Items Clause: Evasion items are banned
|rule|Evasion Moves Clause: Evasion moves are banned
|rule|Evasion Abilities Clause: Evasion abilities are banned
|rule|Sleep Moves Clause: Sleep-inducing moves are banned
|clearpoke
|poke|p1|Pelipper, M|
|poke|p1|Barraskewda, M|
|poke|p1|Zapdos|
|poke|p1|Toxicroak, M|
|poke|p1|Iron Treads|
|poke|p1|Kingambit, M|
|poke|p2|Alomomola, M|
|poke|p2|Darkrai|
|poke|p2|Iron Crown|
|poke|p2|Lokix, F|
|poke|p2|Weezing-Galar, F|
|poke|p2|Landorus-Therian, M|
|teampreview
|inactive|Battle timer is ON: inactive players will automatically lose when time's up. (requested by G00D00D)
|
|t:|1757948964
|teamsize|p1|6
|teamsize|p2|6
|start
|switch|p1a: Pelipper|Pelipper, M|100/100
|switch|p2a: Lokix|Lokix, F|100/100
|-weather|RainDance|[from] ability: Drizzle|[of] p1a: Pelipper
|turn|1
|
|t:|1757948970
|switch|p1a: Toxicroak|Toxicroak, M|100/100
|-terastallize|p2a: Lokix|Bug
|move|p2a: Lokix|U-turn|p1a: Toxicroak
|-resisted|p1a: Toxicroak
|-damage|p1a: Toxicroak|69/100
|-damage|p2a: Lokix|84/100|[from] item: Rocky Helmet|[of] p1a: Toxicroak
|
|t:|1757948978
|switch|p2a: Iron Crown|Iron Crown|100/100|[from] U-turn
|
|-weather|RainDance|[upkeep]
|-heal|p1a: Toxicroak|81/100|[from] ability: Dry Skin
|upkeep
|turn|2
|
|t:|1757948986
|move|p1a: Toxicroak|Protect|p1a: Toxicroak
|-singleturn|p1a: Toxicroak|Protect
|move|p2a: Iron Crown|Psychic Noise|p1a: Toxicroak
|-activate|p1a: Toxicroak|move: Protect
|
|-weather|RainDance|[upkeep]
|-heal|p1a: Toxicroak|93/100|[from] ability: Dry Skin
|upkeep
|turn|3
|
|t:|1757948997
|switch|p1a: Iron Treads|Iron Treads|100/100
|move|p2a: Iron Crown|Future Sight|p1a: Iron Treads
|-start|p2a: Iron Crown|move: Future Sight
|
|-weather|RainDance|[upkeep]
|upkeep
|turn|4
|
|t:|1757949002
|-end|p2a: Iron Crown|Quark Drive|[silent]
|switch|p2a: Landorus|Landorus-Therian, M|100/100
|-ability|p2a: Landorus|Intimidate|boost
|-unboost|p1a: Iron Treads|atk|1
|move|p1a: Iron Treads|Stealth Rock|p2a: Landorus
|-sidestart|p2: G00D00D|move: Stealth Rock
|
|-weather|RainDance|[upkeep]
|upkeep
|turn|5
|
|t:|1757949017
|-end|p1a: Iron Treads|Quark Drive|[silent]
|switch|p1a: Zapdos|Zapdos|100/100
|move|p2a: Landorus|U-turn|p1a: Zapdos
|-resisted|p1a: Zapdos
|-damage|p1a: Zapdos|86/100
|
|t:|1757949023
|switch|p2a: Darkrai|Darkrai|100/100|[from] U-turn
|-damage|p2a: Darkrai|88/100|[from] Stealth Rock
|
|-weather|RainDance|[upkeep]
|-end|p1a: Zapdos|move: Future Sight
|-damage|p1a: Zapdos|18/100
|upkeep
|turn|6
|
|t:|1757949033
|switch|p1a: Kingambit|Kingambit, M|100/100
|move|p2a: Darkrai|Will-O-Wisp|p1a: Kingambit
|-status|p1a: Kingambit|brn
|
|-weather|RainDance|[upkeep]
|-damage|p1a: Kingambit|94/100 brn|[from] brn
|upkeep
|turn|7
|
|t:|1757949041
|switch|p2a: Alomomola|Alomomola, M|100/100
|-damage|p2a: Alomomola|88/100|[from] Stealth Rock
|move|p1a: Kingambit|Iron Head|p2a: Alomomola
|-resisted|p2a: Alomomola
|-damage|p2a: Alomomola|82/100
|-enditem|p2a: Alomomola|Eject Button
|
|t:|1757949048
|switch|p2a: Landorus|Landorus-Therian, M|100/100
|-damage|p2a: Landorus|88/100|[from] Stealth Rock
|-ability|p2a: Landorus|Intimidate|boost
|-unboost|p1a: Kingambit|atk|1
|
|-weather|RainDance|[upkeep]
|-heal|p1a: Kingambit|100/100 brn|[from] item: Leftovers
|-damage|p1a: Kingambit|94/100 brn|[from] brn
|upkeep
|turn|8
|
|t:|1757949058
|-end|p1a: Kingambit|fallenundefined|[silent]
|switch|p1a: Zapdos|Zapdos|18/100
|move|p2a: Landorus|U-turn|p1a: Zapdos
|-resisted|p1a: Zapdos
|-damage|p1a: Zapdos|5/100
|
|t:|1757949064
|switch|p2a: Darkrai|Darkrai|88/100|[from] U-turn
|-damage|p2a: Darkrai|76/100|[from] Stealth Rock
|
|-weather|none
|upkeep
|turn|9
|
|t:|1757949070
|switch|p1a: Kingambit|Kingambit, M|94/100 brn
|move|p2a: Darkrai|Dark Pulse|p1a: Kingambit
|-resisted|p1a: Kingambit
|-damage|p1a: Kingambit|71/100 brn
|
|-heal|p1a: Kingambit|77/100 brn|[from] item: Leftovers
|-damage|p1a: Kingambit|71/100 brn|[from] brn
|upkeep
|turn|10
|
|t:|1757949078
|-end|p1a: Kingambit|fallenundefined|[silent]
|switch|p1a: Pelipper|Pelipper, M|100/100
|-weather|RainDance|[from] ability: Drizzle|[of] p1a: Pelipper
|move|p2a: Darkrai|Dark Pulse|p1a: Pelipper
|-damage|p1a: Pelipper|54/100
|
|-weather|RainDance|[upkeep]
|upkeep
|turn|11
|
|t:|1757949087
|switch|p2a: Alomomola|Alomomola, M|100/100
|-damage|p2a: Alomomola|88/100|[from] Stealth Rock
|switch|p1a: Kingambit|Kingambit, M|71/100 brn
|
|-weather|RainDance|[upkeep]
|-heal|p1a: Kingambit|77/100 brn|[from] item: Leftovers
|-damage|p1a: Kingambit|71/100 brn|[from] brn
|upkeep
|turn|12
|
|t:|1757949099
|-end|p1a: Kingambit|fallenundefined|[silent]
|switch|p1a: Toxicroak|Toxicroak, M|93/100
|move|p2a: Alomomola|Flip Turn|p1a: Toxicroak
|-heal|p1a: Toxicroak|100/100|[from] ability: Dry Skin|[of] p2a: Alomomola
|
|-weather|RainDance|[upkeep]
|upkeep
|turn|13
|
|t:|1757949105
|switch|p2a: Weezing|Weezing-Galar, F|100/100
|-ability|p2a: Weezing|Neutralizing Gas
|move|p1a: Toxicroak|Knock Off|p2a: Weezing
|-resisted|p2a: Weezing
|-crit|p2a: Weezing
|-damage|p2a: Weezing|90/100
|-enditem|p2a: Weezing|Heavy-Duty Boots|[from] move: Knock Off|[of] p1a: Toxicroak
|
|-weather|RainDance|[upkeep]
|upkeep
|turn|14
|
|t:|1757949126
|switch|p1a: Kingambit|Kingambit, M|71/100 brn
|move|p2a: Weezing|Strange Steam|p1a: Kingambit
|-damage|p1a: Kingambit|44/100 brn
|
|-weather|RainDance|[upkeep]
|-heal|p1a: Kingambit|50/100 brn|[from] item: Leftovers
|-damage|p1a: Kingambit|44/100 brn|[from] brn
|upkeep
|turn|15
|
|t:|1757949134
|-end|p1a: Kingambit|fallenundefined|[silent]
|switch|p1a: Zapdos|Zapdos|5/100
|move|p2a: Weezing|Defog|p1a: Zapdos
|-unboost|p1a: Zapdos|evasion|1
|-sideend|p2: G00D00D|Stealth Rock|[from] move: Defog|[of] p2a: Weezing
|
|-weather|RainDance|[upkeep]
|upkeep
|turn|16
|
|t:|1757949141
|-end|p2a: Weezing|ability: Neutralizing Gas
|switch|p2a: Darkrai|Darkrai|76/100
|move|p1a: Zapdos|Weather Ball|p2a: Darkrai
|-damage|p2a: Darkrai|0 fnt
|faint|p2a: Darkrai
|
|-weather|RainDance|[upkeep]
|upkeep
|
|t:|1757949149
|switch|p2a: Iron Crown|Iron Crown|100/100
|turn|17
|
|t:|1757949157
|switch|p1a: Iron Treads|Iron Treads|100/100
|move|p2a: Iron Crown|Tachyon Cutter|p1a: Iron Treads
|-resisted|p1a: Iron Treads
|-damage|p1a: Iron Treads|91/100
|-resisted|p1a: Iron Treads
|-damage|p1a: Iron Treads|81/100
|-hitcount|p1a: Iron Treads|2
|
|-weather|none
|-heal|p1a: Iron Treads|87/100|[from] item: Leftovers
|upkeep
|turn|18
|-message|G00D00D forfeited.
|
|win|winslowyoudog
|raw|winslowyoudog's rating: 1737 &rarr; <strong>1755</strong><br />(+18 for winning)
|raw|G00D00D's rating: 1694 &rarr; <strong>1676</strong><br />(-18 for losing)
|l|☆G00D00D
|player|p2|
|l|☆winslowyoudog
|player|p1|
