|j|☆M.C.9
|j|☆jglassx
|t:|1757946485
|gametype|singles
|player|p1|M.C.9|n|1156
|player|p2|jglassx|shelly-gen3|1163
|gen|9
|tier|[Gen 9] OU
|rated|
|rule|HP Percentage Mod: HP is shown in percentages
|rule|Endless Battle Clause: Forcing endless battles is banned
|rule|Species Clause: Limit one of each Pokémon
|rule|OHKO Clause: OHKO moves are banned
|rule|Evasion Items Clause: Evasion items are banned
|rule|Evasion Moves Clause: Evasion moves are banned
|rule|Evasion Abilities Clause: Evasion abilities are banned
|rule|Sleep Moves Clause: Sleep-inducing moves are banned
|clearpoke
|poke|p1|Ogerpon-Cornerstone, F|
|poke|p1|Meowscarada, M|
|poke|p1|Hydrapple, M|
|poke|p1|Amoonguss, F|
|poke|p1|Rillaboom, F|
|poke|p1|Iron Leaves|
|poke|p2|Umbreon, F|
|poke|p2|Glimmora, F|
|poke|p2|Iron Moth|
|poke|p2|Gholdengo|
|poke|p2|Dragonite, M|
|poke|p2|Garchomp, M|
|teampreview
|inactive|Battle timer is ON: inactive players will automatically lose when time's up. (requested by jglassx)
|inactive|M.C.9 also wants the timer to be on.
|c|☆jglassx|wow you really like grass types
|
|t:|1757946510
|teamsize|p1|6
|teamsize|p2|6
|start
|switch|p1a: Meowscarada|Meowscarada, M|100/100
|switch|p2a: Glimmora|Glimmora, F, shiny|100/100
|turn|1
|
|t:|1757946519
|move|p1a: Meowscarada|Knock Off|p2a: Glimmora
|-start|p1a: Meowscarada|typechange|Dark|[from] ability: Protean
|-damage|p2a: Glimmora|44/100
|-activate|p2a: Glimmora|ability: Toxic Debris
|-sidestart|p1: M.C.9|move: Toxic Spikes
|-enditem|p2a: Glimmora|Focus Sash|[from] move: Knock Off|[of] p1a: Meowscarada
|move|p2a: Glimmora|Stealth Rock|p1a: Meowscarada
|-sidestart|p1: M.C.9|move: Stealth Rock
|
|upkeep
|turn|2
|
|t:|1757946529
|move|p1a: Meowscarada|Knock Off|p2a: Glimmora
|-crit|p2a: Glimmora
|-damage|p2a: Glimmora|0 fnt
|-activate|p2a: Glimmora|ability: Toxic Debris
|-sidestart|p1: M.C.9|move: Toxic Spikes
|faint|p2a: Glimmora
|
|upkeep
|
|t:|1757946542
|switch|p2a: Dragonite|Dragonite, M|100/100
|turn|3
|
|t:|1757946548
|move|p1a: Meowscarada|Triple Axel|p2a: Dragonite
|-supereffective|p2a: Dragonite
|-damage|p2a: Dragonite|87/100
|-supereffective|p2a: Dragonite
|-damage|p2a: Dragonite|27/100
|-supereffective|p2a: Dragonite
|-damage|p2a: Dragonite|0 fnt
|faint|p2a: Dragonite
|-hitcount|p2: Dragonite|3
|
|upkeep
|
|t:|1757946556
|switch|p2a: Iron Moth|Iron Moth|100/100
|-enditem|p2a: Iron Moth|Booster Energy
|-activate|p2a: Iron Moth|ability: Quark Drive|[fromitem]
|-start|p2a: Iron Moth|quarkdrivespe
|turn|4
|
|t:|1757946562
|move|p2a: Iron Moth|Dazzling Gleam|p1a: Meowscarada
|-supereffective|p1a: Meowscarada
|-damage|p1a: Meowscarada|16/100
|move|p1a: Meowscarada|Knock Off|p2a: Iron Moth
|-damage|p2a: Iron Moth|59/100
|
|upkeep
|turn|5
|
|t:|1757946591
|move|p2a: Iron Moth|Dazzling Gleam|p1a: Meowscarada
|-supereffective|p1a: Meowscarada
|-damage|p1a: Meowscarada|0 fnt
|faint|p1a: Meowscarada
|
|upkeep
|
|t:|1757946599
|switch|p1a: Amoonguss|Amoonguss, F|100/100
|-sideend|p1: M.C.9|move: Toxic Spikes|[of] p1a: Amoonguss
|-damage|p1a: Amoonguss|88/100|[from] Stealth Rock
|turn|6
|inactive|M.C.9 has 120 seconds left.
|
|t:|1757946615
|move|p2a: Iron Moth|Fiery Dance|p1a: Amoonguss
|-supereffective|p1a: Amoonguss
|-damage|p1a: Amoonguss|6/100
|-boost|p2a: Iron Moth|spa|1
|move|p1a: Amoonguss|Foul Play|p2a: Iron Moth
|-damage|p2a: Iron Moth|41/100
|
|upkeep
|turn|7
|inactive|M.C.9 has 120 seconds left.
|inactive|M.C.9 has 90 seconds left.
|
|t:|1757946656
|move|p2a: Iron Moth|Morning Sun|p2a: Iron Moth
|-heal|p2a: Iron Moth|91/100
|move|p1a: Amoonguss|Foul Play|p2a: Iron Moth
|-damage|p2a: Iron Moth|75/100
|
|upkeep
|turn|8
|
|t:|1757946661
|move|p2a: Iron Moth|Fiery Dance|p1a: Amoonguss
|-supereffective|p1a: Amoonguss
|-damage|p1a: Amoonguss|0 fnt
|-boost|p2a: Iron Moth|spa|1
|faint|p1a: Amoonguss
|
|upkeep
|inactive|M.C.9 has 90 seconds left.
|
|t:|1757946697
|switch|p1a: Ogerpon|Ogerpon-Cornerstone, F|100/100
|-damage|p1a: Ogerpon|88/100|[from] Stealth Rock
|turn|9
|
|t:|1757946706
|-terastallize|p1a: Ogerpon|Rock
|detailschange|p1a: Ogerpon|Ogerpon-Cornerstone-Tera, F, tera:Rock
|-ability|p1a: Ogerpon|Embody Aspect (Cornerstone)|boost
|-boost|p1a: Ogerpon|def|1
|move|p2a: Iron Moth|Fiery Dance|p1a: Ogerpon
|-resisted|p1a: Ogerpon
|-damage|p1a: Ogerpon|37/100
|-boost|p2a: Iron Moth|spa|1
|move|p1a: Ogerpon|Ivy Cudgel|p2a: Iron Moth|[anim] Ivy Cudgel Rock
|-supereffective|p2a: Iron Moth
|-damage|p2a: Iron Moth|0 fnt
|faint|p2a: Iron Moth
|-end|p2a: Iron Moth|Quark Drive|[silent]
|
|upkeep
|
|t:|1757946715
|switch|p2a: Gholdengo|Gholdengo|100/100
|turn|10
|inactive|M.C.9 has 60 seconds left.
|
|t:|1757946743
|move|p2a: Gholdengo|Make It Rain|p1a: Ogerpon
|-supereffective|p1a: Ogerpon
|-damage|p1a: Ogerpon|0 fnt
|-unboost|p2a: Gholdengo|spa|1
|faint|p1a: Ogerpon
|detailschange|p1: Ogerpon|Ogerpon-Cornerstone, F|[silent]
|
|upkeep
|inactive|M.C.9 has 60 seconds left.
|
|t:|1757946776
|switch|p1a: Rillaboom|Rillaboom, F|100/100
|-damage|p1a: Rillaboom|88/100|[from] Stealth Rock
|-fieldstart|move: Grassy Terrain|[from] ability: Grassy Surge|[of] p1a: Rillaboom
|turn|11
|
|t:|1757946801
|switch|p2a: Umbreon|Umbreon, F, shiny|100/100
|move|p1a: Rillaboom|Knock Off|p2a: Umbreon
|-resisted|p2a: Umbreon
|-damage|p2a: Umbreon|85/100
|-enditem|p2a: Umbreon|Leftovers|[from] move: Knock Off|[of] p1a: Rillaboom
|
|-heal|p1a: Rillaboom|94/100|[from] Grassy Terrain
|-heal|p2a: Umbreon|91/100|[from] Grassy Terrain
|upkeep
|turn|12
|l|☆M.C.9
|inactive|M.C.9 disconnected and has a minute to reconnect!
|player|p1|
|j|☆M.C.9
|inactive|M.C.9 reconnected and has 35 seconds left.
|player|p1|M.C.9|n|
|inactive|M.C.9 has 30 seconds left.
|
|t:|1757946822
|move|p1a: Rillaboom|Wood Hammer|p2a: Umbreon
|-crit|p2a: Umbreon
|-damage|p2a: Umbreon|0 fnt
|faint|p2a: Umbreon
|-damage|p1a: Rillaboom|60/100|[from] Recoil
|
|-heal|p1a: Rillaboom|66/100|[from] Grassy Terrain
|upkeep
|
|t:|1757946840
|switch|p2a: Gholdengo|Gholdengo|100/100
|turn|13
|
|t:|1757946845
|move|p2a: Gholdengo|Make It Rain|p1a: Rillaboom
|-crit|p1a: Rillaboom
|-damage|p1a: Rillaboom|0 fnt
|-unboost|p2a: Gholdengo|spa|1
|faint|p1a: Rillaboom
|
|upkeep
|inactive|M.C.9 has 30 seconds left.
|
|t:|1757946864
|switch|p1a: Iron Leaves|Iron Leaves|100/100
|-damage|p1a: Iron Leaves|88/100|[from] Stealth Rock
|-enditem|p1a: Iron Leaves|Booster Energy
|-activate|p1a: Iron Leaves|ability: Quark Drive|[fromitem]
|-start|p1a: Iron Leaves|quarkdrivespe
|turn|14
|
|t:|1757946870
|switch|p2a: Garchomp|Garchomp, M|100/100
|move|p1a: Iron Leaves|Swords Dance|p1a: Iron Leaves
|-boost|p1a: Iron Leaves|atk|2
|
|-heal|p1a: Iron Leaves|94/100|[from] Grassy Terrain
|upkeep
|turn|15
|
|t:|1757946879
|move|p1a: Iron Leaves|Leaf Blade|p2a: Garchomp
|-damage|p2a: Garchomp|0 fnt
|-damage|p1a: Iron Leaves|82/100|[from] ability: Rough Skin|[of] p2a: Garchomp
|faint|p2a: Garchomp
|
|-heal|p1a: Iron Leaves|88/100|[from] Grassy Terrain
|upkeep
|
|t:|1757946882
|switch|p2a: Gholdengo|Gholdengo|100/100
|turn|16
|
|t:|1757946907
|-terastallize|p2a: Gholdengo|Flying
|move|p1a: Iron Leaves|Leaf Blade|p2a: Gholdengo
|-resisted|p2a: Gholdengo
|-damage|p2a: Gholdengo|40/100
|move|p2a: Gholdengo|Shadow Ball|p1a: Iron Leaves
|-supereffective|p1a: Iron Leaves
|-damage|p1a: Iron Leaves|4/100
|
|-heal|p1a: Iron Leaves|10/100|[from] Grassy Terrain
|upkeep
|turn|17
|c|☆jglassx|gg
|
|t:|1757946917
|move|p1a: Iron Leaves|Leaf Blade|p2a: Gholdengo
|-resisted|p2a: Gholdengo
|-crit|p2a: Gholdengo
|-damage|p2a: Gholdengo|0 fnt
|faint|p2a: Gholdengo
|
|win|M.C.9
|raw|M.C.9's rating: 1156 &rarr; <strong>1182</strong><br />(+26 for winning)
|raw|jglassx's rating: 1163 &rarr; <strong>1137</strong><br />(-26 for losing)
