|j|☆alanfournumbers
|j|☆AnonymousJon
|t:|1757942702
|gametype|singles
|player|p1|alanfournumbers|2|1772
|player|p2|AnonymousJon|workerice|1754
|gen|9
|tier|[Gen 9] OU
|rated|
|rule|HP Percentage Mod: HP is shown in percentages
|rule|Endless Battle Clause: Forcing endless battles is banned
|rule|Species Clause: Limit one of each Pokémon
|rule|OHKO Clause: OHKO moves are banned
|rule|Evasion Items Clause: Evasion items are banned
|rule|Evasion Moves Clause: Evasion moves are banned
|rule|Evasion Abilities Clause: Evasion abilities are banned
|rule|Sleep Moves Clause: Sleep-inducing moves are banned
|clearpoke
|poke|p1|Pecharunt|
|poke|p1|Great Tusk|
|poke|p1|Ogerpon-Wellspring, F|
|poke|p1|Iron Crown|
|poke|p1|Landorus-Therian, M|
|poke|p1|Samurott-Hisui, M|
|poke|p2|Great Tusk|
|poke|p2|Ogerpon-Cornerstone, F|
|poke|p2|Rillaboom, M|
|poke|p2|Tyranitar, F|
|poke|p2|Corviknight, M|
|poke|p2|Dragapult, F|
|teampreview
|inactive|Battle timer is ON: inactive players will automatically lose when time's up. (requested by AnonymousJon)
|
|t:|1757942714
|teamsize|p1|6
|teamsize|p2|6
|start
|switch|p1a: i be doin the most|Landorus-Therian, M|100/100
|switch|p2a: Rillaboom|Rillaboom, M|100/100
|-ability|p1a: i be doin the most|Intimidate|boost
|-unboost|p2a: Rillaboom|atk|1
|-fieldstart|move: Grassy Terrain|[from] ability: Grassy Surge|[of] p2a: Rillaboom
|turn|1
|
|t:|1757942718
|move|p1a: i be doin the most|U-turn|p2a: Rillaboom
|-supereffective|p2a: Rillaboom
|-damage|p2a: Rillaboom|36/100
|
|t:|1757942721
|switch|p1a: Tahm Pech|Pecharunt|100/100|[from] U-turn
|move|p2a: Rillaboom|Knock Off|p1a: Tahm Pech
|-supereffective|p1a: Tahm Pech
|-damage|p1a: Tahm Pech|69/100
|-damage|p2a: Rillaboom|20/100|[from] item: Rocky Helmet|[of] p1a: Tahm Pech
|-enditem|p1a: Tahm Pech|Rocky Helmet|[from] move: Knock Off|[of] p2a: Rillaboom
|
|-heal|p2a: Rillaboom|26/100|[from] Grassy Terrain
|-heal|p1a: Tahm Pech|75/100|[from] Grassy Terrain
|upkeep
|turn|2
|
|t:|1757942726
|switch|p2a: Dragapult|Dragapult, F|100/100
|move|p1a: Tahm Pech|Parting Shot|p2a: Dragapult
|-fail|p2a: Dragapult|unboost|[from] ability: Clear Body|[of] p2a: Dragapult
|
|-heal|p1a: Tahm Pech|82/100|[from] Grassy Terrain
|upkeep
|turn|3
|
|t:|1757942734
|switch|p1a: Edging Ceaselessly|Samurott-Hisui, M|100/100
|move|p2a: Dragapult|Will-O-Wisp|p1a: Edging Ceaselessly
|-status|p1a: Edging Ceaselessly|brn
|
|-damage|p1a: Edging Ceaselessly|94/100 brn|[from] brn
|upkeep
|turn|4
|
|t:|1757942739
|switch|p2a: Ogerpon|Ogerpon-Cornerstone, F|100/100
|move|p1a: Edging Ceaselessly|Ceaseless Edge|p2a: Ogerpon
|-damage|p2a: Ogerpon|69/100
|-sidestart|p2: AnonymousJon|Spikes
|
|-heal|p2a: Ogerpon|75/100|[from] Grassy Terrain
|-heal|p1a: Edging Ceaselessly|100/100 brn|[from] Grassy Terrain
|-damage|p1a: Edging Ceaselessly|94/100 brn|[from] brn
|upkeep
|turn|5
|
|t:|1757942742
|switch|p1a: Wokeballion|Iron Crown|100/100
|move|p2a: Ogerpon|Swords Dance|p2a: Ogerpon
|-boost|p2a: Ogerpon|atk|2
|
|-heal|p2a: Ogerpon|82/100|[from] Grassy Terrain
|-fieldend|move: Grassy Terrain
|upkeep
|turn|6
|
|t:|1757942747
|switch|p2a: Corviknight|Corviknight, M|100/100
|-ability|p2a: Corviknight|Pressure
|move|p1a: Wokeballion|Tachyon Cutter|p2a: Corviknight
|-resisted|p2a: Corviknight
|-damage|p2a: Corviknight|82/100
|-resisted|p2a: Corviknight
|-damage|p2a: Corviknight|64/100
|-hitcount|p2a: Corviknight|2
|
|upkeep
|turn|7
|
|t:|1757942752
|-end|p1a: Wokeballion|Quark Drive|[silent]
|switch|p1a: Tahm Pech|Pecharunt|82/100
|move|p2a: Corviknight|U-turn|p1a: Tahm Pech
|-resisted|p1a: Tahm Pech
|-damage|p1a: Tahm Pech|80/100
|
|t:|1757942755
|switch|p2a: Great Tusk|Great Tusk|100/100|[from] U-turn
|-damage|p2a: Great Tusk|88/100|[from] Spikes
|
|upkeep
|turn|8
|
|t:|1757942760
|move|p2a: Great Tusk|Headlong Rush|p1a: Tahm Pech
|-supereffective|p1a: Tahm Pech
|-damage|p1a: Tahm Pech|29/100
|-unboost|p2a: Great Tusk|def|1
|-unboost|p2a: Great Tusk|spd|1
|move|p1a: Tahm Pech|Recover|p1a: Tahm Pech
|-heal|p1a: Tahm Pech|79/100
|
|upkeep
|turn|9
|
|t:|1757942767
|switch|p1a: i be doin the most|Landorus-Therian, M|100/100
|-ability|p1a: i be doin the most|Intimidate|boost
|-unboost|p2a: Great Tusk|atk|1
|move|p2a: Great Tusk|Headlong Rush|p1a: i be doin the most
|-immune|p1a: i be doin the most
|
|upkeep
|turn|10
|
|t:|1757942775
|-end|p2a: Great Tusk|Protosynthesis|[silent]
|switch|p2a: Corviknight|Corviknight, M|64/100
|-ability|p2a: Corviknight|Pressure
|move|p1a: i be doin the most|U-turn|p2a: Corviknight
|-resisted|p2a: Corviknight
|-damage|p2a: Corviknight|59/100
|-damage|p1a: i be doin the most|84/100|[from] item: Rocky Helmet|[of] p2a: Corviknight
|
|t:|1757942781
|switch|p1a: Wokeballion|Iron Crown|100/100|[from] U-turn
|
|upkeep
|turn|11
|
|t:|1757942784
|switch|p2a: Great Tusk|Great Tusk|88/100
|-damage|p2a: Great Tusk|76/100|[from] Spikes
|move|p1a: Wokeballion|Volt Switch|p2a: Great Tusk
|-immune|p2a: Great Tusk
|
|upkeep
|turn|12
|
|t:|1757942789
|-end|p1a: Wokeballion|Quark Drive|[silent]
|switch|p1a: Tahm Pech|Pecharunt|79/100
|move|p2a: Great Tusk|Rapid Spin|p1a: Tahm Pech
|-immune|p1a: Tahm Pech
|
|upkeep
|turn|13
|
|t:|1757942794
|move|p2a: Great Tusk|Headlong Rush|p1a: Tahm Pech
|-supereffective|p1a: Tahm Pech
|-damage|p1a: Tahm Pech|25/100
|-unboost|p2a: Great Tusk|def|1
|-unboost|p2a: Great Tusk|spd|1
|move|p1a: Tahm Pech|Recover|p1a: Tahm Pech
|-heal|p1a: Tahm Pech|75/100
|
|upkeep
|turn|14
|
|t:|1757942800
|move|p2a: Great Tusk|Rapid Spin|p1a: Tahm Pech
|-immune|p1a: Tahm Pech
|move|p1a: Tahm Pech|Malignant Chain|p2a: Great Tusk
|-resisted|p2a: Great Tusk
|-damage|p2a: Great Tusk|59/100
|
|upkeep
|turn|15
|
|t:|1757942805
|move|p2a: Great Tusk|Rapid Spin|p1a: Tahm Pech
|-immune|p1a: Tahm Pech
|move|p1a: Tahm Pech|Malignant Chain|p2a: Great Tusk
|-resisted|p2a: Great Tusk
|-damage|p2a: Great Tusk|43/100
|
|upkeep
|turn|16
|
|t:|1757942808
|switch|p1a: i be doin the most|Landorus-Therian, M|84/100
|-ability|p1a: i be doin the most|Intimidate|boost
|-unboost|p2a: Great Tusk|atk|1
|move|p2a: Great Tusk|Headlong Rush|p1a: i be doin the most
|-immune|p1a: i be doin the most
|
|upkeep
|turn|17
|j| 40 crip
|
|t:|1757942815
|-end|p2a: Great Tusk|Protosynthesis|[silent]
|switch|p2a: Corviknight|Corviknight, M|59/100
|-ability|p2a: Corviknight|Pressure
|move|p1a: i be doin the most|Earthquake|p2a: Corviknight
|-immune|p2a: Corviknight
|
|upkeep
|turn|18
|
|t:|1757942818
|switch|p1a: Wokeballion|Iron Crown|100/100
|move|p2a: Corviknight|Roost|p2a: Corviknight
|-heal|p2a: Corviknight|100/100
|-singleturn|p2a: Corviknight|move: Roost
|
|upkeep
|turn|19
|
|t:|1757942821
|move|p1a: Wokeballion|Volt Switch|p2a: Corviknight
|-supereffective|p2a: Corviknight
|-damage|p2a: Corviknight|34/100
|
|t:|1757942826
|-end|p1a: Wokeballion|Quark Drive|[silent]
|switch|p1a: Tahm Pech|Pecharunt|75/100|[from] Volt Switch
|move|p2a: Corviknight|Roost|p2a: Corviknight
|-heal|p2a: Corviknight|84/100
|-singleturn|p2a: Corviknight|move: Roost
|
|upkeep
|turn|20
|
|t:|1757942830
|move|p1a: Tahm Pech|Parting Shot|p2a: Corviknight
|-unboost|p2a: Corviknight|atk|1
|-unboost|p2a: Corviknight|spa|1
|
|t:|1757942833
|switch|p1a: Wokeballion|Iron Crown|100/100|[from] Parting Shot
|move|p2a: Corviknight|U-turn|p1a: Wokeballion
|-damage|p1a: Wokeballion|91/100
|
|t:|1757942838
|switch|p2a: Tyranitar|Tyranitar, F|100/100|[from] U-turn
|-damage|p2a: Tyranitar|88/100|[from] Spikes
|-weather|Sandstorm|[from] ability: Sand Stream|[of] p2a: Tyranitar
|
|-weather|Sandstorm|[upkeep]
|-heal|p2a: Tyranitar|94/100|[from] item: Leftovers
|upkeep
|turn|21
|
|t:|1757942843
|move|p1a: Wokeballion|Volt Switch|p2a: Tyranitar
|-crit|p2a: Tyranitar
|-damage|p2a: Tyranitar|74/100
|
|t:|1757942850
|-end|p1a: Wokeballion|Quark Drive|[silent]
|switch|p1a: Tahm Pech|Pecharunt|75/100|[from] Volt Switch
|move|p2a: Tyranitar|Stealth Rock|p1a: Tahm Pech
|-sidestart|p1: alanfournumbers|move: Stealth Rock
|
|-weather|Sandstorm|[upkeep]
|-damage|p1a: Tahm Pech|69/100|[from] Sandstorm
|-heal|p2a: Tyranitar|80/100|[from] item: Leftovers
|upkeep
|turn|22
|
|t:|1757942856
|move|p1a: Tahm Pech|Malignant Chain|p2a: Tyranitar
|-resisted|p2a: Tyranitar
|-damage|p2a: Tyranitar|73/100
|-status|p2a: Tyranitar|tox
|-start|p2a: Tyranitar|confusion|[from] ability: Poison Puppeteer|[of] p1a: Tahm Pech
|-activate|p2a: Tyranitar|confusion
|move|p2a: Tyranitar|Knock Off|p1a: Tahm Pech
|-supereffective|p1a: Tahm Pech
|-damage|p1a: Tahm Pech|42/100
|
|-weather|Sandstorm|[upkeep]
|-damage|p1a: Tahm Pech|36/100|[from] Sandstorm
|-heal|p2a: Tyranitar|79/100 tox|[from] item: Leftovers
|-damage|p2a: Tyranitar|73/100 tox|[from] psn
|upkeep
|turn|23
|
|t:|1757942862
|switch|p2a: Dragapult|Dragapult, F|100/100
|-damage|p2a: Dragapult|88/100|[from] Spikes
|move|p1a: Tahm Pech|Recover|p1a: Tahm Pech
|-heal|p1a: Tahm Pech|86/100
|
|-weather|Sandstorm|[upkeep]
|-damage|p2a: Dragapult|82/100|[from] Sandstorm
|-damage|p1a: Tahm Pech|80/100|[from] Sandstorm
|-heal|p2a: Dragapult|88/100|[from] item: Leftovers
|upkeep
|turn|24
|j| Dragonlatios1
|
|t:|1757942869
|move|p2a: Dragapult|Substitute|p2a: Dragapult
|-start|p2a: Dragapult|Substitute
|-damage|p2a: Dragapult|63/100
|move|p1a: Tahm Pech|Foul Play|p2a: Dragapult
|-supereffective|p2a: Dragapult
|-end|p2a: Dragapult|Substitute
|
|-weather|none
|-heal|p2a: Dragapult|69/100|[from] item: Leftovers
|upkeep
|turn|25
|
|t:|1757942872
|move|p2a: Dragapult|Will-O-Wisp|p1a: Tahm Pech
|-status|p1a: Tahm Pech|brn
|move|p1a: Tahm Pech|Foul Play|p2a: Dragapult
|-supereffective|p2a: Dragapult
|-damage|p2a: Dragapult|29/100
|
|-heal|p2a: Dragapult|35/100|[from] item: Leftovers
|-damage|p1a: Tahm Pech|74/100 brn|[from] brn
|upkeep
|turn|26
|
|t:|1757942877
|move|p2a: Dragapult|Substitute|p2a: Dragapult
|-start|p2a: Dragapult|Substitute
|-damage|p2a: Dragapult|10/100
|move|p1a: Tahm Pech|Foul Play|p2a: Dragapult
|-supereffective|p2a: Dragapult
|-end|p2a: Dragapult|Substitute
|
|-heal|p2a: Dragapult|16/100|[from] item: Leftovers
|-damage|p1a: Tahm Pech|68/100 brn|[from] brn
|upkeep
|turn|27
|
|t:|1757942880
|move|p2a: Dragapult|Hex|p1a: Tahm Pech
|-supereffective|p1a: Tahm Pech
|-damage|p1a: Tahm Pech|0 fnt
|faint|p1a: Tahm Pech
|
|-heal|p2a: Dragapult|22/100|[from] item: Leftovers
|upkeep
|
|t:|1757942885
|switch|p1a: i be doin the most|Landorus-Therian, M|84/100
|-damage|p1a: i be doin the most|72/100|[from] Stealth Rock
|-ability|p1a: i be doin the most|Intimidate|boost
|-fail|p2a: Dragapult|unboost|[from] ability: Clear Body|[of] p2a: Dragapult
|turn|28
|j| Loutre-Monde
|
|t:|1757942889
|move|p2a: Dragapult|Will-O-Wisp|p1a: i be doin the most
|-status|p1a: i be doin the most|brn
|move|p1a: i be doin the most|U-turn|p2a: Dragapult
|-resisted|p2a: Dragapult
|-damage|p2a: Dragapult|12/100
|
|t:|1757942892
|switch|p1a: Edging Ceaselessly|Samurott-Hisui, M|94/100 brn|[from] U-turn
|-damage|p1a: Edging Ceaselessly|82/100 brn|[from] Stealth Rock
|
|-heal|p2a: Dragapult|19/100|[from] item: Leftovers
|-damage|p1a: Edging Ceaselessly|76/100 brn|[from] brn
|upkeep
|turn|29
|
|t:|1757942911
|move|p2a: Dragapult|Dragon Darts|p1a: Edging Ceaselessly
|-damage|p1a: Edging Ceaselessly|52/100 brn
|-anim|p2a: Dragapult|Dragon Darts|p1a: Edging Ceaselessly
|-damage|p1a: Edging Ceaselessly|26/100 brn
|move|p1a: Edging Ceaselessly|Ceaseless Edge|p2a: Dragapult
|-supereffective|p2a: Dragapult
|-damage|p2a: Dragapult|0 fnt
|-sidestart|p2: AnonymousJon|Spikes
|faint|p2a: Dragapult
|
|-damage|p1a: Edging Ceaselessly|20/100 brn|[from] brn
|upkeep
|
|t:|1757942919
|switch|p2a: Rillaboom|Rillaboom, M|26/100
|-damage|p2a: Rillaboom|9/100|[from] Spikes
|-fieldstart|move: Grassy Terrain|[from] ability: Grassy Surge|[of] p2a: Rillaboom
|turn|30
|
|t:|1757942926
|switch|p1a: i be doin the most|Landorus-Therian, M|72/100 brn
|-damage|p1a: i be doin the most|59/100 brn|[from] Stealth Rock
|-ability|p1a: i be doin the most|Intimidate|boost
|-unboost|p2a: Rillaboom|atk|1
|move|p2a: Rillaboom|Grassy Glide|p1a: i be doin the most
|-damage|p1a: i be doin the most|10/100 brn
|
|-heal|p2a: Rillaboom|15/100|[from] Grassy Terrain
|-damage|p1a: i be doin the most|4/100 brn|[from] brn
|upkeep
|turn|31
|
|t:|1757942930
|move|p2a: Rillaboom|Grassy Glide|p1a: i be doin the most
|-damage|p1a: i be doin the most|0 fnt
|faint|p1a: i be doin the most
|
|-heal|p2a: Rillaboom|22/100|[from] Grassy Terrain
|upkeep
|
|t:|1757942934
|switch|p1a: Wokeballion|Iron Crown|91/100
|-damage|p1a: Wokeballion|85/100|[from] Stealth Rock
|turn|32
|
|t:|1757942938
|move|p2a: Rillaboom|Grassy Glide|p1a: Wokeballion
|-resisted|p1a: Wokeballion
|-damage|p1a: Wokeballion|65/100
|move|p1a: Wokeballion|Tachyon Cutter|p2a: Rillaboom
|-damage|p2a: Rillaboom|0 fnt
|faint|p2a: Rillaboom
|-hitcount|p2: Rillaboom|1
|
|-heal|p1a: Wokeballion|71/100|[from] Grassy Terrain
|upkeep
|
|t:|1757942951
|switch|p2a: Great Tusk|Great Tusk|43/100
|-damage|p2a: Great Tusk|26/100|[from] Spikes
|turn|33
|
|t:|1757942968
|move|p1a: Wokeballion|Tachyon Cutter|p2a: Great Tusk
|-damage|p2a: Great Tusk|3/100
|-damage|p2a: Great Tusk|0 fnt
|faint|p2a: Great Tusk
|-end|p2a: Great Tusk|Protosynthesis|[silent]
|-hitcount|p2: Great Tusk|2
|
|-heal|p1a: Wokeballion|77/100|[from] Grassy Terrain
|upkeep
|
|t:|1757942971
|switch|p2a: Tyranitar|Tyranitar, F|73/100 tox
|-damage|p2a: Tyranitar|56/100 tox|[from] Spikes
|-weather|Sandstorm|[from] ability: Sand Stream|[of] p2a: Tyranitar
|turn|34
|
|t:|1757942981
|move|p1a: Wokeballion|Tachyon Cutter|p2a: Tyranitar
|-supereffective|p2a: Tyranitar
|-damage|p2a: Tyranitar|27/100 tox
|-supereffective|p2a: Tyranitar
|-damage|p2a: Tyranitar|0 fnt
|faint|p2a: Tyranitar
|-hitcount|p2: Tyranitar|2
|
|-weather|Sandstorm|[upkeep]
|-heal|p1a: Wokeballion|84/100|[from] Grassy Terrain
|-fieldend|move: Grassy Terrain
|upkeep
|
|t:|1757942984
|switch|p2a: Corviknight|Corviknight, M|84/100
|-ability|p2a: Corviknight|Pressure
|turn|35
|
|t:|1757942995
|-end|p1a: Wokeballion|Quark Drive|[silent]
|switch|p1a: Edging Ceaselessly|Samurott-Hisui, M|20/100 brn
|-damage|p1a: Edging Ceaselessly|8/100 brn|[from] Stealth Rock
|move|p2a: Corviknight|Body Press|p1a: Edging Ceaselessly
|-supereffective|p1a: Edging Ceaselessly
|-damage|p1a: Edging Ceaselessly|0 fnt
|faint|p1a: Edging Ceaselessly
|
|-weather|Sandstorm|[upkeep]
|upkeep
|
|t:|1757943002
|switch|p1a: Wokeballion|Iron Crown|84/100
|-damage|p1a: Wokeballion|77/100|[from] Stealth Rock
|turn|36
|
|t:|1757943017
|-terastallize|p1a: Wokeballion|Steel
|move|p1a: Wokeballion|Tachyon Cutter|p2a: Corviknight
|-resisted|p2a: Corviknight
|-damage|p2a: Corviknight|61/100
|-resisted|p2a: Corviknight
|-damage|p2a: Corviknight|37/100
|-hitcount|p2a: Corviknight|2
|move|p2a: Corviknight|U-turn|p1a: Wokeballion
|-resisted|p1a: Wokeballion
|-damage|p1a: Wokeballion|69/100
|
|t:|1757943021
|switch|p2a: Ogerpon|Ogerpon-Cornerstone, F|82/100|[from] U-turn
|-damage|p2a: Ogerpon|65/100|[from] Spikes
|
|-weather|Sandstorm|[upkeep]
|upkeep
|turn|37
|
|t:|1757943030
|-end|p1a: Wokeballion|Quark Drive|[silent]
|switch|p1a: :pensive:|Ogerpon-Wellspring, F|100/100
|-damage|p1a: :pensive:|88/100|[from] Stealth Rock
|move|p2a: Ogerpon|Low Kick|p1a: :pensive:
|-damage|p1a: :pensive:|65/100
|
|-weather|Sandstorm|[upkeep]
|-damage|p1a: :pensive:|59/100|[from] Sandstorm
|upkeep
|turn|38
|
|t:|1757943035
|move|p2a: Ogerpon|Horn Leech|p1a: :pensive:
|-damage|p1a: :pensive:|20/100
|-heal|p2a: Ogerpon|89/100|[from] drain|[of] p1a: :pensive:
|move|p1a: :pensive:|Ivy Cudgel|p2a: Ogerpon|[anim] Ivy Cudgel Water
|-damage|p2a: Ogerpon|18/100
|
|-weather|none
|upkeep
|turn|39
|
|t:|1757943038
|move|p2a: Ogerpon|Ivy Cudgel|p1a: :pensive:|[anim] Ivy Cudgel Rock
|-damage|p1a: :pensive:|0 fnt
|faint|p1a: :pensive:
|
|upkeep
|
|t:|1757943045
|switch|p1a: Basedlord CTE|Great Tusk|100/100
|-damage|p1a: Basedlord CTE|98/100|[from] Stealth Rock
|-enditem|p1a: Basedlord CTE|Booster Energy
|-activate|p1a: Basedlord CTE|ability: Protosynthesis|[fromitem]
|-start|p1a: Basedlord CTE|protosynthesisspe
|turn|40
|
|t:|1757943052
|move|p1a: Basedlord CTE|Knock Off|p2a: Ogerpon
|-damage|p2a: Ogerpon|0 fnt
|faint|p2a: Ogerpon
|
|upkeep
|
|t:|1757943054
|switch|p2a: Corviknight|Corviknight, M|37/100
|-ability|p2a: Corviknight|Pressure
|turn|41
|
|t:|1757943063
|move|p1a: Basedlord CTE|Knock Off|p2a: Corviknight
|-damage|p2a: Corviknight|20/100
|-damage|p1a: Basedlord CTE|81/100|[from] item: Rocky Helmet|[of] p2a: Corviknight
|-enditem|p2a: Corviknight|Rocky Helmet|[from] move: Knock Off|[of] p1a: Basedlord CTE
|move|p2a: Corviknight|Roost|p2a: Corviknight
|-heal|p2a: Corviknight|70/100
|-singleturn|p2a: Corviknight|move: Roost
|
|upkeep
|turn|42
|
|t:|1757943068
|move|p1a: Basedlord CTE|Rapid Spin|p2a: Corviknight
|-resisted|p2a: Corviknight
|-damage|p2a: Corviknight|66/100
|-boost|p1a: Basedlord CTE|spe|1
|-sideend|p1: alanfournumbers|Stealth Rock|[from] move: Rapid Spin|[of] p1a: Basedlord CTE
|move|p2a: Corviknight|Brave Bird|p1a: Basedlord CTE
|-supereffective|p1a: Basedlord CTE
|-damage|p1a: Basedlord CTE|33/100
|-damage|p2a: Corviknight|49/100|[from] Recoil
|
|upkeep
|turn|43
|
|t:|1757943071
|-end|p1a: Basedlord CTE|Protosynthesis|[silent]
|switch|p1a: Wokeballion|Iron Crown, tera:Steel|69/100
|move|p2a: Corviknight|Roost|p2a: Corviknight
|-heal|p2a: Corviknight|99/100
|-singleturn|p2a: Corviknight|move: Roost
|
|upkeep
|turn|44
|
|t:|1757943080
|move|p1a: Wokeballion|Volt Switch|p2a: Corviknight
|-supereffective|p2a: Corviknight
|-damage|p2a: Corviknight|33/100
|
|t:|1757943084
|-end|p1a: Wokeballion|Quark Drive|[silent]
|switch|p1a: Basedlord CTE|Great Tusk|33/100|[from] Volt Switch
|move|p2a: Corviknight|Roost|p2a: Corviknight
|-heal|p2a: Corviknight|83/100
|-singleturn|p2a: Corviknight|move: Roost
|
|upkeep
|turn|45
|
|t:|1757943091
|move|p1a: Basedlord CTE|Knock Off|p2a: Corviknight
|-damage|p2a: Corviknight|72/100
|move|p2a: Corviknight|Body Press|p1a: Basedlord CTE
|-damage|p1a: Basedlord CTE|16/100
|
|upkeep
|turn|46
|
|t:|1757943095
|move|p1a: Basedlord CTE|Knock Off|p2a: Corviknight
|-damage|p2a: Corviknight|61/100
|move|p2a: Corviknight|Roost|p2a: Corviknight
|-heal|p2a: Corviknight|100/100
|-singleturn|p2a: Corviknight|move: Roost
|
|upkeep
|turn|47
|
|t:|1757943098
|move|p1a: Basedlord CTE|Knock Off|p2a: Corviknight
|-damage|p2a: Corviknight|89/100
|move|p2a: Corviknight|Body Press|p1a: Basedlord CTE
|-damage|p1a: Basedlord CTE|0 fnt
|faint|p1a: Basedlord CTE
|-end|p1a: Basedlord CTE|Protosynthesis|[silent]
|
|upkeep
|
|t:|1757943100
|switch|p1a: Wokeballion|Iron Crown, tera:Steel|69/100
|turn|48
|
|t:|1757943104
|move|p1a: Wokeballion|Volt Switch|p2a: Corviknight
|-supereffective|p2a: Corviknight
|-damage|p2a: Corviknight|16/100
|move|p2a: Corviknight|Roost|p2a: Corviknight
|-heal|p2a: Corviknight|66/100
|-singleturn|p2a: Corviknight|move: Roost
|
|upkeep
|turn|49
|
|t:|1757943110
|-terastallize|p2a: Corviknight|Dragon
|move|p1a: Wokeballion|Volt Switch|p2a: Corviknight
|-resisted|p2a: Corviknight
|-damage|p2a: Corviknight|49/100
|move|p2a: Corviknight|Roost|p2a: Corviknight
|-heal|p2a: Corviknight|99/100
|
|upkeep
|turn|50
|c| 40 crip|no way
|c|☆alanfournumbers|ggs
|
|t:|1757943117
|move|p1a: Wokeballion|Volt Switch|p2a: Corviknight
|-resisted|p2a: Corviknight
|-damage|p2a: Corviknight|83/100
|move|p2a: Corviknight|Body Press|p1a: Wokeballion
|-supereffective|p1a: Wokeballion
|-damage|p1a: Wokeballion|11/100
|
|upkeep
|turn|51
|c| Loutre-Monde|gg
|c|☆AnonymousJon|g
|j| wgw2333
|c|☆AnonymousJon|*gg
|
|t:|1757943125
|move|p1a: Wokeballion|Volt Switch|p2a: Corviknight
|-resisted|p2a: Corviknight
|-damage|p2a: Corviknight|68/100
|move|p2a: Corviknight|Body Press|p1a: Wokeballion
|-supereffective|p1a: Wokeballion
|-damage|p1a: Wokeballion|0 fnt
|faint|p1a: Wokeballion
|-end|p1a: Wokeballion|Quark Drive|[silent]
|
|win|AnonymousJon
|raw|alanfournumbers's rating: 1772 &rarr; <strong>1751</strong><br />(-21 for losing)
|raw|AnonymousJon's rating: 1754 &rarr; <strong>1775</strong><br />(+21 for winning)
|l|☆alanfournumbers
|player|p1|
|l| Dragonlatios1
|l| Loutre-Monde
|l|☆AnonymousJon
|player|p2|
|l| 40 crip
