|j|☆SpectralStorm
|j|☆fradster67
|t:|1757871595
|gametype|singles
|player|p1|SpectralStorm|265|1390
|player|p2|fradster67|clerkf|1405
|gen|9
|tier|[Gen 9] OU
|rated|
|rule|HP Percentage Mod: HP is shown in percentages
|rule|Endless Battle Clause: Forcing endless battles is banned
|rule|Species Clause: Limit one of each Pokémon
|rule|OHKO Clause: OHKO moves are banned
|rule|Evasion Items Clause: Evasion items are banned
|rule|Evasion Moves Clause: Evasion moves are banned
|rule|Evasion Abilities Clause: Evasion abilities are banned
|rule|Sleep Moves Clause: Sleep-inducing moves are banned
|clearpoke
|poke|p1|Bellibolt, F|
|poke|p1|Basculegion, M|
|poke|p1|Dragonite, F|
|poke|p1|Iron Treads|
|poke|p1|Barraskewda, F|
|poke|p1|Pelipper, F|
|poke|p2|Pelipper, M|
|poke|p2|Iron Treads|
|poke|p2|Hatterene, F|
|poke|p2|Toxicroak, F|
|poke|p2|Barraskewda, F|
|poke|p2|Talonflame, M|
|teampreview
|inactive|Battle timer is ON: inactive players will automatically lose when time's up. (requested by fradster67)
|
|t:|1757871618
|teamsize|p1|6
|teamsize|p2|6
|start
|switch|p1a: Pelipper|Pelipper, F|100/100
|switch|p2a: Slogs|Iron Treads|100/100
|-weather|RainDance|[from] ability: Drizzle|[of] p1a: Pelipper
|turn|1
|
|t:|1757871626
|move|p2a: Slogs|Stealth Rock|p1a: Pelipper
|-sidestart|p1: SpectralStorm|move: Stealth Rock
|move|p1a: Pelipper|Surf|p2a: Slogs
|-supereffective|p2a: Slogs
|-damage|p2a: Slogs|30/100
|
|-weather|RainDance|[upkeep]
|-heal|p2a: Slogs|36/100|[from] item: Leftovers
|upkeep
|turn|2
|
|t:|1757871631
|switch|p1a: Iron Treads|Iron Treads|100/100
|-damage|p1a: Iron Treads|98/100|[from] Stealth Rock
|move|p2a: Slogs|Volt Switch|p1a: Iron Treads
|-immune|p1a: Iron Treads
|
|-weather|RainDance|[upkeep]
|-heal|p2a: Slogs|43/100|[from] item: Leftovers
|upkeep
|turn|3
|
|t:|1757871635
|move|p1a: Iron Treads|Stealth Rock|p2a: Slogs
|-sidestart|p2: fradster67|move: Stealth Rock
|move|p2a: Slogs|Earthquake|p1a: Iron Treads
|-supereffective|p1a: Iron Treads
|-damage|p1a: Iron Treads|40/100
|-enditem|p1a: Iron Treads|Eject Button
|
|t:|1757871641
|-end|p1a: Iron Treads|Quark Drive|[silent]
|switch|p1a: Basculegion|Basculegion, M|100/100
|-damage|p1a: Basculegion|88/100|[from] Stealth Rock
|
|-weather|RainDance|[upkeep]
|-heal|p2a: Slogs|49/100|[from] item: Leftovers
|upkeep
|turn|4
|
|t:|1757871652
|-end|p2a: Slogs|Quark Drive|[silent]
|switch|p2a: Gambit Killer|Toxicroak, F|100/100
|-damage|p2a: Gambit Killer|94/100|[from] Stealth Rock
|move|p1a: Basculegion|Psychic Fangs|p2a: Gambit Killer
|-supereffective|p2a: Gambit Killer
|-damage|p2a: Gambit Killer|0 fnt
|-damage|p1a: Basculegion|72/100|[from] item: Rocky Helmet|[of] p2a: Gambit Killer
|faint|p2a: Gambit Killer
|
|-weather|RainDance|[upkeep]
|upkeep
|inactive|fradster67 has 120 seconds left.
|
|t:|1757871679
|switch|p2a: TorPedo|Barraskewda, F|100/100
|-damage|p2a: TorPedo|88/100|[from] Stealth Rock
|turn|5
|
|t:|1757871697
|-terastallize|p2a: TorPedo|Water
|move|p2a: TorPedo|Liquidation|p1a: Basculegion
|-resisted|p1a: Basculegion
|-damage|p1a: Basculegion|0 fnt
|faint|p1a: Basculegion
|
|-weather|RainDance|[upkeep]
|upkeep
|
|t:|1757871701
|switch|p1a: Dragonite|Dragonite, F|100/100
|-damage|p1a: Dragonite|76/100|[from] Stealth Rock
|turn|6
|
|t:|1757871706
|move|p2a: TorPedo|Liquidation|p1a: Dragonite
|-resisted|p1a: Dragonite
|-damage|p1a: Dragonite|3/100
|move|p1a: Dragonite|Hurricane|p2a: TorPedo
|-crit|p2a: TorPedo
|-damage|p2a: TorPedo|0 fnt
|faint|p2a: TorPedo
|
|-weather|RainDance|[upkeep]
|upkeep
|
|t:|1757871714
|switch|p2a: Slogs|Iron Treads|49/100
|-damage|p2a: Slogs|46/100|[from] Stealth Rock
|turn|7
|
|t:|1757871720
|move|p2a: Slogs|Rapid Spin|p1a: Dragonite
|-damage|p1a: Dragonite|0 fnt
|-boost|p2a: Slogs|spe|1
|-sideend|p2: fradster67|Stealth Rock|[from] move: Rapid Spin|[of] p2a: Slogs
|faint|p1a: Dragonite
|
|-weather|RainDance|[upkeep]
|-heal|p2a: Slogs|52/100|[from] item: Leftovers
|upkeep
|
|t:|1757871722
|switch|p1a: Barraskewda|Barraskewda, F|100/100
|-damage|p1a: Barraskewda|88/100|[from] Stealth Rock
|turn|8
|
|t:|1757871727
|move|p1a: Barraskewda|Flip Turn|p2a: Slogs
|-supereffective|p2a: Slogs
|-damage|p2a: Slogs|0 fnt
|faint|p2a: Slogs
|-end|p2a: Slogs|Quark Drive|[silent]
|
|t:|1757871731
|switch|p1a: Bellibolt|Bellibolt, F|100/100|[from] Flip Turn
|-damage|p1a: Bellibolt|88/100|[from] Stealth Rock
|
|-weather|none
|upkeep
|
|t:|1757871735
|switch|p2a: Rainmond|Pelipper, M|100/100
|-weather|RainDance|[from] ability: Drizzle|[of] p2a: Rainmond
|turn|9
|
|t:|1757871739
|switch|p2a: Dumbass|Hatterene, F|100/100
|move|p1a: Bellibolt|Thunder|p2a: Dumbass
|-damage|p2a: Dumbass|45/100
|-enditem|p2a: Dumbass|Eject Button
|
|t:|1757871741
|switch|p2a: King Von|Talonflame, M|100/100
|
|-weather|RainDance|[upkeep]
|upkeep
|turn|10
|-message|fradster67 forfeited.
|
|win|SpectralStorm
|raw|SpectralStorm's rating: 1390 &rarr; <strong>1411</strong><br />(+21 for winning)
|raw|fradster67's rating: 1405 &rarr; <strong>1384</strong><br />(-21 for losing)
|l|☆fradster67
|player|p2|
|l|☆SpectralStorm
|player|p1|
