|j|☆mansonabuluting
|j|☆PixelPenguin2
|t:|1757789388
|gametype|singles
|player|p1|mansonabuluting|bellelba|1579
|player|p2|PixelPenguin2|guitarist|1540
|gen|9
|tier|[Gen 9] OU
|rated|
|rule|HP Percentage Mod: HP is shown in percentages
|rule|Endless Battle Clause: Forcing endless battles is banned
|rule|Species Clause: Limit one of each Pokémon
|rule|OHKO Clause: OHKO moves are banned
|rule|Evasion Items Clause: Evasion items are banned
|rule|Evasion Moves Clause: Evasion moves are banned
|rule|Evasion Abilities Clause: Evasion abilities are banned
|rule|Sleep Moves Clause: Sleep-inducing moves are banned
|clearpoke
|poke|p1|Rillaboom, F|
|poke|p1|Hawlucha, M|
|poke|p1|Thundurus-Therian, M|
|poke|p1|Great Tusk|
|poke|p1|Volcanion|
|poke|p1|Goodra-Hisui, F|
|poke|p2|Necrozma|
|poke|p2|Samurott-Hisui, M|
|poke|p2|Raging Bolt|
|poke|p2|Ogerpon-Wellspring, F|
|poke|p2|Iron Treads|
|poke|p2|Moltres|
|teampreview
|inactive|Battle timer is ON: inactive players will automatically lose when time's up. (requested by PixelPenguin2)
|inactive|mansonabuluting has 120 seconds left.
|
|t:|1757789422
|teamsize|p1|6
|teamsize|p2|6
|start
|switch|p1a: Thundurus|Thundurus-Therian, M|100/100
|switch|p2a: Necrozma|Necrozma|100/100
|turn|1
|
|t:|1757789443
|switch|p2a: Iron Treads|Iron Treads|100/100
|move|p1a: Thundurus|Volt Switch|p2a: Iron Treads
|-immune|p2a: Iron Treads
|
|upkeep
|turn|2
|inactive|mansonabuluting has 120 seconds left.
|
|t:|1757789468
|switch|p1a: Great Tusk|Great Tusk|100/100
|move|p2a: Iron Treads|Stealth Rock|p1a: Great Tusk
|-sidestart|p1: mansonabuluting|move: Stealth Rock
|
|upkeep
|turn|3
|inactive|mansonabuluting has 120 seconds left.
|
|t:|1757789482
|move|p2a: Iron Treads|Earth Power|p1a: Great Tusk
|-damage|p1a: Great Tusk|60/100
|move|p1a: Great Tusk|Stealth Rock|p2a: Iron Treads
|-sidestart|p2: PixelPenguin2|move: Stealth Rock
|
|upkeep
|turn|4
|
|t:|1757789488
|move|p2a: Iron Treads|Steel Beam|p1a: Great Tusk
|-damage|p1a: Great Tusk|0 fnt
|-damage|p2a: Iron Treads|50/100|[from] steelbeam
|faint|p1a: Great Tusk
|-end|p1a: Great Tusk|Protosynthesis|[silent]
|
|upkeep
|
|t:|1757789493
|switch|p1a: Rillaboom|Rillaboom, F|100/100
|-damage|p1a: Rillaboom|88/100|[from] Stealth Rock
|-fieldstart|move: Grassy Terrain|[from] ability: Grassy Surge|[of] p1a: Rillaboom
|turn|5
|
|t:|1757789498
|-end|p2a: Iron Treads|Quark Drive|[silent]
|switch|p2a: Moltres|Moltres|100/100
|move|p1a: Rillaboom|Grassy Glide|p2a: Moltres
|-resisted|p2a: Moltres
|-damage|p2a: Moltres|91/100
|
|-heal|p1a: Rillaboom|94/100|[from] Grassy Terrain
|upkeep
|turn|6
|
|t:|1757789508
|switch|p1a: Goodra|Goodra-Hisui, F|100/100
|-damage|p1a: Goodra|94/100|[from] Stealth Rock
|move|p2a: Moltres|Flamethrower|p1a: Goodra
|-damage|p1a: Goodra|79/100
|
|-heal|p1a: Goodra|85/100|[from] Grassy Terrain
|upkeep
|turn|7
|
|t:|1757789529
|switch|p2a: Iron Treads|Iron Treads|50/100
|-damage|p2a: Iron Treads|47/100|[from] Stealth Rock
|move|p1a: Goodra|Surf|p2a: Iron Treads
|-supereffective|p2a: Iron Treads
|-damage|p2a: Iron Treads|0 fnt
|faint|p2a: Iron Treads
|-end|p2a: Iron Treads|Quark Drive|[silent]
|
|-heal|p1a: Goodra|91/100|[from] Grassy Terrain
|upkeep
|
|t:|1757789536
|switch|p2a: Samurott|Samurott-Hisui, M|100/100
|-damage|p2a: Samurott|88/100|[from] Stealth Rock
|turn|8
|
|t:|1757789541
|move|p2a: Samurott|Ceaseless Edge|p1a: Goodra
|-damage|p1a: Goodra|47/100
|-ability|p1a: Goodra|Gooey
|-unboost|p2a: Samurott|spe|1
|-sidestart|p1: mansonabuluting|Spikes
|move|p1a: Goodra|Draco Meteor|p2a: Samurott
|-damage|p2a: Samurott|0 fnt
|-unboost|p1a: Goodra|spa|2
|faint|p2a: Samurott
|
|-heal|p1a: Goodra|53/100|[from] Grassy Terrain
|upkeep
|
|t:|1757789554
|switch|p2a: Necrozma|Necrozma|100/100
|-damage|p2a: Necrozma|88/100|[from] Stealth Rock
|turn|9
|
|t:|1757789568
|switch|p1a: Volcanion|Volcanion|100/100
|-damage|p1a: Volcanion|76/100|[from] Stealth Rock
|-damage|p1a: Volcanion|63/100|[from] Spikes
|move|p2a: Necrozma|Trick Room|p2a: Necrozma
|-fieldstart|move: Trick Room|[of] p2a: Necrozma
|
|-heal|p2a: Necrozma|94/100|[from] Grassy Terrain
|-heal|p1a: Volcanion|69/100|[from] Grassy Terrain
|-fieldend|move: Grassy Terrain
|upkeep
|turn|10
|inactive|PixelPenguin2 has 120 seconds left.
|
|t:|1757789629
|move|p2a: Necrozma|Photon Geyser|p1a: Volcanion
|-damage|p1a: Volcanion|0 fnt
|faint|p1a: Volcanion
|-damage|p2a: Necrozma|84/100|[from] item: Life Orb
|
|upkeep
|inactive|mansonabuluting has 120 seconds left.
|
|t:|1757789658
|switch|p1a: Goodra|Goodra-Hisui, F|53/100
|-damage|p1a: Goodra|47/100|[from] Stealth Rock
|-damage|p1a: Goodra|35/100|[from] Spikes
|turn|11
|inactive|PixelPenguin2 has 120 seconds left.
|
|t:|1757789674
|move|p2a: Necrozma|Earth Power|p1a: Goodra
|-supereffective|p1a: Goodra
|-damage|p1a: Goodra|0 fnt
|faint|p1a: Goodra
|-damage|p2a: Necrozma|75/100|[from] item: Life Orb
|
|upkeep
|
|t:|1757789689
|switch|p1a: Rillaboom|Rillaboom, F|94/100
|-damage|p1a: Rillaboom|82/100|[from] Stealth Rock
|-damage|p1a: Rillaboom|69/100|[from] Spikes
|-fieldstart|move: Grassy Terrain|[from] ability: Grassy Surge|[of] p1a: Rillaboom
|turn|12
|
|t:|1757789697
|switch|p2a: Moltres|Moltres|91/100
|move|p1a: Rillaboom|Knock Off|p2a: Moltres
|-damage|p2a: Moltres|52/100
|-enditem|p2a: Moltres|Heavy-Duty Boots|[from] move: Knock Off|[of] p1a: Rillaboom
|
|-heal|p1a: Rillaboom|76/100|[from] Grassy Terrain
|upkeep
|turn|13
|
|t:|1757789703
|switch|p1a: Thundurus|Thundurus-Therian, M|100/100
|-damage|p1a: Thundurus|76/100|[from] Stealth Rock
|move|p2a: Moltres|Flamethrower|p1a: Thundurus
|-damage|p1a: Thundurus|23/100
|
|-fieldend|move: Trick Room
|upkeep
|turn|14
|
|t:|1757789722
|switch|p2a: Raging Bolt|Raging Bolt|100/100
|-damage|p2a: Raging Bolt|88/100|[from] Stealth Rock
|-enditem|p2a: Raging Bolt|Booster Energy
|-activate|p2a: Raging Bolt|ability: Protosynthesis|[fromitem]
|-start|p2a: Raging Bolt|protosynthesisspa
|move|p1a: Thundurus|Volt Switch|p2a: Raging Bolt
|-resisted|p2a: Raging Bolt
|-damage|p2a: Raging Bolt|78/100
|
|t:|1757789729
|switch|p1a: Hawlucha|Hawlucha, M|100/100|[from] Volt Switch
|-damage|p1a: Hawlucha|88/100|[from] Stealth Rock
|-enditem|p1a: Hawlucha|Grassy Seed
|-boost|p1a: Hawlucha|def|1|[from] item: Grassy Seed
|
|-heal|p2a: Raging Bolt|84/100|[from] Grassy Terrain
|upkeep
|turn|15
|
|t:|1757789738
|-terastallize|p1a: Hawlucha|Steel
|move|p1a: Hawlucha|Substitute|p1a: Hawlucha
|-start|p1a: Hawlucha|Substitute
|-damage|p1a: Hawlucha|63/100
|move|p2a: Raging Bolt|Dragon Pulse|p1a: Hawlucha
|-resisted|p1a: Hawlucha
|-end|p1a: Hawlucha|Substitute
|
|-heal|p1a: Hawlucha|69/100|[from] Grassy Terrain
|-heal|p2a: Raging Bolt|90/100|[from] Grassy Terrain
|upkeep
|turn|16
|
|t:|1757789746
|move|p1a: Hawlucha|Swords Dance|p1a: Hawlucha
|-boost|p1a: Hawlucha|atk|2
|move|p2a: Raging Bolt|Thunderbolt|p1a: Hawlucha
|-damage|p1a: Hawlucha|0 fnt
|faint|p1a: Hawlucha
|
|-heal|p2a: Raging Bolt|97/100|[from] Grassy Terrain
|-fieldend|move: Grassy Terrain
|upkeep
|l|☆mansonabuluting
|inactive|mansonabuluting disconnected and has a minute to reconnect!
|player|p1|
|inactive|mansonabuluting has 30 seconds to reconnect!
|inactive|mansonabuluting has 20 seconds to reconnect!
|inactive|mansonabuluting has 15 seconds to reconnect!
|inactive|mansonabuluting has 10 seconds to reconnect!
|inactive|mansonabuluting has 5 seconds to reconnect!
|-message|mansonabuluting lost due to inactivity.
|
|win|PixelPenguin2
|raw|mansonabuluting's rating: 1579 &rarr; <strong>1557</strong><br />(-22 for losing)
|raw|PixelPenguin2's rating: 1540 &rarr; <strong>1562</strong><br />(+22 for winning)
|l|☆PixelPenguin2
|player|p2|
