|j|☆slugger_6703
|j|☆InotspeakEnglish
|t:|1757827165
|gametype|singles
|player|p1|slugger_6703|nate|1188
|player|p2|InotspeakEnglish|169|1242
|gen|9
|tier|[Gen 9] OU
|rated|
|rule|HP Percentage Mod: HP is shown in percentages
|rule|Endless Battle Clause: Forcing endless battles is banned
|rule|Species Clause: Limit one of each Pokémon
|rule|OHKO Clause: OHKO moves are banned
|rule|Evasion Items Clause: Evasion items are banned
|rule|Evasion Moves Clause: Evasion moves are banned
|rule|Evasion Abilities Clause: Evasion abilities are banned
|rule|Sleep Moves Clause: Sleep-inducing moves are banned
|clearpoke
|poke|p1|Pelipper, F|
|poke|p1|Barraskewda, M|
|poke|p1|Zapdos|
|poke|p1|Iron Treads|
|poke|p1|Ogerpon-Wellspring, F|
|poke|p1|Kingdra, M|
|poke|p2|Maushold-Four|
|poke|p2|Great Tusk|
|poke|p2|Raging Bolt|
|poke|p2|Grafaiai, F|
|poke|p2|Moltres|
|poke|p2|Scizor, M|
|teampreview
|inactive|Battle timer is ON: inactive players will automatically lose when time's up. (requested by slugger_6703)
|inactive|slugger_6703 has 120 seconds left.
|
|t:|1757827206
|teamsize|p1|6
|teamsize|p2|6
|start
|switch|p1a: Pelipper|Pelipper, F|100/100
|switch|p2a: Grafaiai|Grafaiai, F|100/100
|-weather|RainDance|[from] ability: Drizzle|[of] p1a: Pelipper
|turn|1
|inactive|slugger_6703 has 120 seconds left.
|
|t:|1757827240
|move|p2a: Grafaiai|Knock Off|p1a: Pelipper
|-crit|p1a: Pelipper
|-damage|p1a: Pelipper|74/100
|-enditem|p1a: Pelipper|Damp Rock|[from] move: Knock Off|[of] p2a: Grafaiai
|move|p1a: Pelipper|Hurricane|p2a: Grafaiai
|-damage|p2a: Grafaiai|53/100
|
|-weather|RainDance|[upkeep]
|upkeep
|turn|2
|inactive|slugger_6703 has 120 seconds left.
|
|t:|1757827257
|move|p2a: Grafaiai|Parting Shot|p1a: Pelipper
|-unboost|p1a: Pelipper|atk|1
|-unboost|p1a: Pelipper|spa|1
|
|t:|1757827259
|switch|p2a: Raging Bolt|Raging Bolt|100/100|[from] Parting Shot
|move|p1a: Pelipper|Roost|p1a: Pelipper
|-heal|p1a: Pelipper|100/100
|-singleturn|p1a: Pelipper|move: Roost
|
|-weather|RainDance|[upkeep]
|upkeep
|turn|3
|inactive|slugger_6703 has 120 seconds left.
|
|t:|1757827272
|-end|p2a: Raging Bolt|Protosynthesis|[silent]
|switch|p2a: Great Tusk|Great Tusk|100/100
|switch|p1a: Iron Treads|Iron Treads|100/100
|-enditem|p1a: Iron Treads|Booster Energy
|-activate|p1a: Iron Treads|ability: Quark Drive|[fromitem]
|-start|p1a: Iron Treads|quarkdrivespe
|
|-weather|RainDance|[upkeep]
|upkeep
|turn|4
|inactive|slugger_6703 has 120 seconds left.
|
|t:|1757827297
|-end|p1a: Iron Treads|Quark Drive|[silent]
|switch|p1a: Kingdra|Kingdra, M|100/100
|move|p2a: Great Tusk|Rapid Spin|p1a: Kingdra
|-crit|p1a: Kingdra
|-damage|p1a: Kingdra|68/100
|-boost|p2a: Great Tusk|spe|1
|
|-weather|RainDance|[upkeep]
|upkeep
|turn|5
|
|t:|1757827306
|-end|p2a: Great Tusk|Protosynthesis|[silent]
|switch|p2a: Scizor|Scizor, M|100/100
|move|p1a: Kingdra|Weather Ball|p2a: Scizor
|-damage|p2a: Scizor|12/100
|-damage|p1a: Kingdra|58/100|[from] item: Life Orb
|
|-weather|RainDance|[upkeep]
|-heal|p2a: Scizor|18/100|[from] item: Leftovers
|upkeep
|turn|6
|inactive|slugger_6703 has 120 seconds left.
|
|t:|1757827313
|move|p2a: Scizor|Bullet Punch|p1a: Kingdra
|-resisted|p1a: Kingdra
|-damage|p1a: Kingdra|41/100
|move|p1a: Kingdra|Weather Ball|p2a: Scizor
|-damage|p2a: Scizor|0 fnt
|faint|p2a: Scizor
|-damage|p1a: Kingdra|31/100|[from] item: Life Orb
|
|-weather|RainDance|[upkeep]
|upkeep
|
|t:|1757827321
|switch|p2a: Raging Bolt|Raging Bolt|100/100
|turn|7
|
|t:|1757827323
|move|p2a: Raging Bolt|Thunderclap|p1a: Kingdra
|-damage|p1a: Kingdra|0 fnt
|faint|p1a: Kingdra
|-damage|p2a: Raging Bolt|90/100|[from] item: Life Orb
|
|-weather|RainDance|[upkeep]
|upkeep
|
|t:|1757827330
|switch|p1a: Ogerpon|Ogerpon-Wellspring, F|100/100
|turn|8
|
|t:|1757827339
|move|p1a: Ogerpon|Play Rough|p2a: Raging Bolt
|-supereffective|p2a: Raging Bolt
|-damage|p2a: Raging Bolt|37/100
|move|p2a: Raging Bolt|Draco Meteor|p1a: Ogerpon
|-damage|p1a: Ogerpon|0 fnt
|-unboost|p2a: Raging Bolt|spa|2
|faint|p1a: Ogerpon
|-damage|p2a: Raging Bolt|27/100|[from] item: Life Orb
|
|-weather|none
|upkeep
|
|t:|1757827363
|switch|p1a: Barraskewda|Barraskewda, M|100/100
|turn|9
|
|t:|1757827367
|move|p2a: Raging Bolt|Thunderclap|p1a: Barraskewda
|-supereffective|p1a: Barraskewda
|-damage|p1a: Barraskewda|0 fnt
|faint|p1a: Barraskewda
|-damage|p2a: Raging Bolt|17/100|[from] item: Life Orb
|
|upkeep
|
|t:|1757827369
|switch|p1a: Iron Treads|Iron Treads|100/100
|turn|10
|
|t:|1757827371
|move|p1a: Iron Treads|Earthquake|p2a: Raging Bolt
|-supereffective|p2a: Raging Bolt
|-damage|p2a: Raging Bolt|0 fnt
|faint|p2a: Raging Bolt
|-end|p2a: Raging Bolt|Protosynthesis|[silent]
|
|upkeep
|
|t:|1757827374
|switch|p2a: Great Tusk|Great Tusk|100/100
|turn|11
|
|t:|1757827392
|-end|p1a: Iron Treads|Quark Drive|[silent]
|switch|p1a: Pelipper|Pelipper, F|100/100
|-weather|RainDance|[from] ability: Drizzle|[of] p1a: Pelipper
|move|p2a: Great Tusk|Rapid Spin|p1a: Pelipper
|-damage|p1a: Pelipper|88/100
|-boost|p2a: Great Tusk|spe|1
|
|-weather|RainDance|[upkeep]
|upkeep
|turn|12
|
|t:|1757827399
|move|p2a: Great Tusk|Supercell Slam|p1a: Pelipper
|-supereffective|p1a: Pelipper
|-damage|p1a: Pelipper|0 fnt
|faint|p1a: Pelipper
|
|-weather|RainDance|[upkeep]
|upkeep
|
|t:|1757827402
|switch|p1a: Zapdos|Zapdos|100/100
|turn|13
|
|t:|1757827414
|-terastallize|p2a: Great Tusk|Ice
|move|p2a: Great Tusk|Ice Spinner|p1a: Zapdos
|-supereffective|p1a: Zapdos
|-damage|p1a: Zapdos|0 fnt
|faint|p1a: Zapdos
|
|-weather|RainDance|[upkeep]
|upkeep
|
|t:|1757827417
|switch|p1a: Iron Treads|Iron Treads|100/100
|turn|14
|
|t:|1757827420
|move|p2a: Great Tusk|Headlong Rush|p1a: Iron Treads
|-supereffective|p1a: Iron Treads
|-damage|p1a: Iron Treads|0 fnt
|-unboost|p2a: Great Tusk|def|1
|-unboost|p2a: Great Tusk|spd|1
|faint|p1a: Iron Treads
|-end|p1a: Iron Treads|Quark Drive|[silent]
|
|win|InotspeakEnglish
|raw|slugger_6703's rating: 1188 &rarr; <strong>1167</strong><br />(-21 for losing)
|raw|InotspeakEnglish's rating: 1242 &rarr; <strong>1263</strong><br />(+21 for winning)
|l|☆slugger_6703
|player|p1|
|l|☆InotspeakEnglish
|player|p2|
