|j|☆Black_MikeCera
|j|☆will-i-am2
|t:|1757862053
|gametype|singles
|player|p1|Black_MikeCera|265|1473
|player|p2|will-i-am2|1|1455
|gen|9
|tier|[Gen 9] OU
|rated|
|rule|HP Percentage Mod: HP is shown in percentages
|rule|Endless Battle Clause: Forcing endless battles is banned
|rule|Species Clause: Limit one of each Pokémon
|rule|OHKO Clause: OHKO moves are banned
|rule|Evasion Items Clause: Evasion items are banned
|rule|Evasion Moves Clause: Evasion moves are banned
|rule|Evasion Abilities Clause: Evasion abilities are banned
|rule|Sleep Moves Clause: Sleep-inducing moves are banned
|clearpoke
|poke|p1|Slowking-Galar, M|
|poke|p1|Moltres|
|poke|p1|Kyurem|
|poke|p1|Darkrai|
|poke|p1|Great Tusk|
|poke|p1|Dragapult, M|
|poke|p2|Registeel|
|poke|p2|Mamoswine, F|
|poke|p2|Eelektross, M|
|poke|p2|Hydreigon, F|
|poke|p2|Slowbro, M|
|poke|p2|Mandibuzz, F|
|teampreview
|inactive|Battle timer is ON: inactive players will automatically lose when time's up. (requested by will-i-am2)
|
|t:|1757862089
|teamsize|p1|6
|teamsize|p2|6
|start
|switch|p1a: Dragapult|Dragapult, M|100/100
|switch|p2a: Mamoswine|Mamoswine, F|100/100
|turn|1
|
|t:|1757862096
|move|p2a: Mamoswine|Ice Shard|p1a: Dragapult
|-supereffective|p1a: Dragapult
|-damage|p1a: Dragapult|13/100
|move|p1a: Dragapult|Dragon Darts|p2a: Mamoswine
|-damage|p2a: Mamoswine|56/100
|-anim|p1a: Dragapult|Dragon Darts|p2a: Mamoswine
|-damage|p2a: Mamoswine|12/100
|
|upkeep
|turn|2
|
|t:|1757862106
|switch|p1a: Moltres|Moltres|100/100
|move|p2a: Mamoswine|Ice Shard|p1a: Moltres
|-damage|p1a: Moltres|75/100
|
|upkeep
|turn|3
|
|t:|1757862113
|switch|p2a: Slowbro|Slowbro, M|100/100
|move|p1a: Moltres|U-turn|p2a: Slowbro
|-supereffective|p2a: Slowbro
|-damage|p2a: Slowbro|78/100
|
|t:|1757862119
|switch|p1a: Darkrai|Darkrai|100/100|[from] U-turn
|
|-heal|p2a: Slowbro|84/100|[from] item: Leftovers
|upkeep
|turn|4
|
|t:|1757862126
|switch|p2a: Registeel|Registeel|100/100
|move|p1a: Darkrai|Trick|p2a: Registeel
|-activate|p1a: Darkrai|move: Trick|[of] p2a: Registeel
|-item|p2a: Registeel|Choice Scarf|[from] move: Trick
|-item|p1a: Darkrai|Leftovers|[from] move: Trick
|
|upkeep
|turn|5
|
|t:|1757862135
|switch|p1a: Great Tusk|Great Tusk|100/100
|move|p2a: Registeel|Stealth Rock|p1a: Great Tusk
|-sidestart|p1: Black_MikeCera|move: Stealth Rock
|
|upkeep
|turn|6
|
|t:|1757862142
|switch|p2a: Slowbro|Slowbro, M|100/100
|move|p1a: Great Tusk|Rapid Spin|p2a: Slowbro
|-crit|p2a: Slowbro
|-damage|p2a: Slowbro|84/100
|-boost|p1a: Great Tusk|spe|1
|-sideend|p1: Black_MikeCera|Stealth Rock|[from] move: Rapid Spin|[of] p1a: Great Tusk
|
|-heal|p2a: Slowbro|90/100|[from] item: Leftovers
|upkeep
|turn|7
|
|t:|1757862152
|-end|p1a: Great Tusk|Protosynthesis|[silent]
|switch|p1a: Slowking|Slowking-Galar, M|100/100
|move|p2a: Slowbro|Psychic|p1a: Slowking
|-damage|p1a: Slowking|76/100
|
|-heal|p1a: Slowking|82/100|[from] item: Leftovers
|-heal|p2a: Slowbro|97/100|[from] item: Leftovers
|upkeep
|turn|8
|
|t:|1757862160
|move|p1a: Slowking|Sludge Bomb|p2a: Slowbro
|-damage|p2a: Slowbro|62/100
|-status|p2a: Slowbro|psn
|move|p2a: Slowbro|Scald|p1a: Slowking
|-damage|p1a: Slowking|58/100
|-status|p1a: Slowking|brn
|
|-heal|p1a: Slowking|64/100 brn|[from] item: Leftovers
|-heal|p2a: Slowbro|69/100 psn|[from] item: Leftovers
|-damage|p2a: Slowbro|56/100 psn|[from] psn
|-damage|p1a: Slowking|58/100 brn|[from] brn
|upkeep
|turn|9
|
|t:|1757862174
|switch|p2a: Hydreigon|Hydreigon, F|100/100
|-prepare|p1a: Slowking|Chilly Reception|[premajor]
|move|p1a: Slowking|Chilly Reception|p1a: Slowking
|-weather|Snowscape
|
|t:|1757862187
|switch|p1a: Kyurem|Kyurem|100/100|[from] Chilly Reception
|-ability|p1a: Kyurem|Pressure
|
|-weather|Snowscape|[upkeep]
|upkeep
|turn|10
|
|t:|1757862196
|switch|p1a: Slowking|Slowking-Galar, M|92/100 brn
|switch|p2a: Registeel|Registeel|100/100
|
|-weather|Snowscape|[upkeep]
|-heal|p1a: Slowking|98/100 brn|[from] item: Leftovers
|-damage|p1a: Slowking|92/100 brn|[from] brn
|upkeep
|turn|11
|
|t:|1757862206
|switch|p1a: Great Tusk|Great Tusk|100/100
|move|p2a: Registeel|Iron Head|p1a: Great Tusk
|-damage|p1a: Great Tusk|90/100
|-damage|p2a: Registeel|84/100|[from] item: Rocky Helmet|[of] p1a: Great Tusk
|
|-weather|Snowscape|[upkeep]
|upkeep
|turn|12
|
|t:|1757862215
|switch|p2a: Mandibuzz|Mandibuzz, F|100/100
|move|p1a: Great Tusk|Stealth Rock|p2a: Mandibuzz
|-sidestart|p2: will-i-am2|move: Stealth Rock
|
|-weather|Snowscape|[upkeep]
|upkeep
|turn|13
|
|t:|1757862223
|-end|p1a: Great Tusk|Protosynthesis|[silent]
|switch|p1a: Kyurem|Kyurem|100/100
|-ability|p1a: Kyurem|Pressure
|move|p2a: Mandibuzz|Defog|p1a: Kyurem
|-unboost|p1a: Kyurem|evasion|1
|-sideend|p2: will-i-am2|Stealth Rock|[from] move: Defog|[of] p2a: Mandibuzz
|
|-weather|none
|upkeep
|turn|14
|
|t:|1757862232
|switch|p2a: Registeel|Registeel|84/100
|move|p1a: Kyurem|Freeze-Dry|p2a: Registeel
|-resisted|p2a: Registeel
|-damage|p2a: Registeel|70/100
|
|upkeep
|turn|15
|
|t:|1757862250
|switch|p2a: Hydreigon|Hydreigon, F|100/100
|move|p1a: Kyurem|Freeze-Dry|p2a: Hydreigon
|-supereffective|p2a: Hydreigon
|-damage|p2a: Hydreigon|0 fnt
|faint|p2a: Hydreigon
|
|upkeep
|l|☆will-i-am2
|inactive|will-i-am2 disconnected and has a minute to reconnect!
|player|p2|
|inactive|will-i-am2 has 30 seconds to reconnect!
|inactive|will-i-am2 has 20 seconds to reconnect!
|inactive|will-i-am2 has 15 seconds to reconnect!
|inactive|will-i-am2 has 10 seconds to reconnect!
|inactive|will-i-am2 has 5 seconds to reconnect!
|-message|will-i-am2 lost due to inactivity.
|
|win|Black_MikeCera
|raw|Black_MikeCera's rating: 1473 &rarr; <strong>1492</strong><br />(+19 for winning)
|raw|will-i-am2's rating: 1455 &rarr; <strong>1436</strong><br />(-19 for losing)
|l|☆Black_MikeCera
|player|p1|
