|j|☆TheJobApplication
|j|☆meio_potato
|t:|1757952441
|gametype|singles
|player|p1|TheJobApplication|266|1415
|player|p2|meio_potato|dawn-gen4pt|1434
|gen|9
|tier|[Gen 9] OU
|rated|
|rule|HP Percentage Mod: HP is shown in percentages
|rule|Endless Battle Clause: Forcing endless battles is banned
|rule|Species Clause: Limit one of each Pokémon
|rule|OHKO Clause: OHKO moves are banned
|rule|Evasion Items Clause: Evasion items are banned
|rule|Evasion Moves Clause: Evasion moves are banned
|rule|Evasion Abilities Clause: Evasion abilities are banned
|rule|Sleep Moves Clause: Sleep-inducing moves are banned
|clearpoke
|poke|p1|Chandelure, M|
|poke|p1|Great Tusk|
|poke|p1|Kingambit, F|
|poke|p1|Dragapult, F|
|poke|p1|Rillaboom, F|
|poke|p1|Corviknight, F|
|poke|p2|Gastrodon-East, F|
|poke|p2|Garchomp, M|
|poke|p2|Iron Valiant|
|poke|p2|Iron Treads|
|poke|p2|Blaziken, F|
|poke|p2|Azumarill, F|
|teampreview
|inactive|Battle timer is ON: inactive players will automatically lose when time's up. (requested by meio_potato)
|inactive|TheJobApplication also wants the timer to be on.
|
|t:|1757952445
|teamsize|p1|6
|teamsize|p2|6
|start
|switch|p1a: HasFireBlast|Dragapult, F|100/100
|switch|p2a: Escargot|Gastrodon-East, F|100/100
|turn|1
|
|t:|1757952449
|move|p1a: HasFireBlast|Draco Meteor|p2a: Escargot
|-damage|p2a: Escargot|48/100
|-unboost|p1a: HasFireBlast|spa|2
|move|p2a: Escargot|Ice Beam|p1a: HasFireBlast
|-supereffective|p1a: HasFireBlast
|-damage|p1a: HasFireBlast|26/100
|-status|p1a: HasFireBlast|frz
|
|upkeep
|turn|2
|c|☆TheJobApplication|Bruh
|
|t:|1757952459
|switch|p1a: Aura|Corviknight, F|100/100
|-ability|p1a: Aura|Pressure
|move|p2a: Escargot|Earth Power|p1a: Aura
|-immune|p1a: Aura
|
|upkeep
|turn|3
|
|t:|1757952480
|move|p1a: Aura|Brave Bird|p2a: Escargot
|-damage|p2a: Escargot|8/100
|-damage|p1a: Aura|88/100|[from] Recoil
|move|p2a: Escargot|Chilling Water|p1a: Aura
|-damage|p1a: Aura|65/100
|-unboost|p1a: Aura|atk|1
|
|upkeep
|turn|4
|
|t:|1757952485
|move|p1a: Aura|Brave Bird|p2a: Escargot
|-damage|p2a: Escargot|0 fnt
|faint|p2a: Escargot
|-damage|p1a: Aura|63/100|[from] Recoil
|
|upkeep
|
|t:|1757952491
|switch|p2a: Baby Shark|Garchomp, M|100/100
|turn|5
|
|t:|1757952496
|move|p2a: Baby Shark|Swords Dance|p2a: Baby Shark
|-boost|p2a: Baby Shark|atk|2
|move|p1a: Aura|U-turn|p2a: Baby Shark
|-damage|p2a: Baby Shark|91/100
|-damage|p1a: Aura|51/100|[from] ability: Rough Skin|[of] p2a: Baby Shark
|
|t:|1757952516
|switch|p1a: HasFireBlast|Dragapult, F|26/100 frz|[from] U-turn
|
|-heal|p2a: Baby Shark|97/100|[from] item: Leftovers
|upkeep
|turn|6
|
|t:|1757952521
|cant|p1a: HasFireBlast|frz
|move|p2a: Baby Shark|Dragon Claw|p1a: HasFireBlast
|-supereffective|p1a: HasFireBlast
|-damage|p1a: HasFireBlast|0 fnt
|faint|p1a: HasFireBlast
|
|-heal|p2a: Baby Shark|100/100|[from] item: Leftovers
|upkeep
|
|t:|1757952527
|switch|p1a: ChanDeezy|Chandelure, M|100/100
|turn|7
|
|t:|1757952530
|move|p1a: ChanDeezy|Trick|p2a: Baby Shark
|-activate|p1a: ChanDeezy|move: Trick|[of] p2a: Baby Shark
|-item|p2a: Baby Shark|Choice Scarf|[from] move: Trick
|-item|p1a: ChanDeezy|Leftovers|[from] move: Trick
|move|p2a: Baby Shark|Earthquake|p1a: ChanDeezy
|-supereffective|p1a: ChanDeezy
|-damage|p1a: ChanDeezy|0 fnt
|faint|p1a: ChanDeezy
|
|upkeep
|
|t:|1757952535
|switch|p1a: Aura|Corviknight, F|51/100
|-ability|p1a: Aura|Pressure
|turn|8
|
|t:|1757952544
|switch|p2a: Majesty|Iron Valiant, shiny|100/100
|-enditem|p2a: Majesty|Booster Energy
|-activate|p2a: Majesty|ability: Quark Drive|[fromitem]
|-start|p2a: Majesty|quarkdrivespe
|move|p1a: Aura|Roost|p1a: Aura
|-heal|p1a: Aura|100/100
|-singleturn|p1a: Aura|move: Roost
|
|upkeep
|turn|9
|
|t:|1757952546
|move|p2a: Majesty|Thunderbolt|p1a: Aura
|-supereffective|p1a: Aura
|-damage|p1a: Aura|37/100
|move|p1a: Aura|Brave Bird|p2a: Majesty
|-supereffective|p2a: Majesty
|-damage|p2a: Majesty|13/100
|-damage|p1a: Aura|16/100|[from] Recoil
|
|upkeep
|turn|10
|
|t:|1757952557
|move|p2a: Majesty|Aura Sphere|p1a: Aura
|-damage|p1a: Aura|0 fnt
|faint|p1a: Aura
|
|upkeep
|
|t:|1757952559
|switch|p1a: BoogaBooga|Rillaboom, F|100/100
|-fieldstart|move: Grassy Terrain|[from] ability: Grassy Surge|[of] p1a: BoogaBooga
|turn|11
|
|t:|1757952562
|move|p1a: BoogaBooga|Grassy Glide|p2a: Majesty
|-damage|p2a: Majesty|0 fnt
|faint|p2a: Majesty
|-end|p2a: Majesty|Quark Drive|[silent]
|
|upkeep
|
|t:|1757952565
|switch|p2a: Kick Chicken|Blaziken, F|100/100
|turn|12
|
|t:|1757952568
|switch|p1a: Massive Tusk|Great Tusk|100/100
|-enditem|p1a: Massive Tusk|Booster Energy
|-activate|p1a: Massive Tusk|ability: Protosynthesis|[fromitem]
|-start|p1a: Massive Tusk|protosynthesisatk
|move|p2a: Kick Chicken|Protect||[still]
|-fail|p2a: Kick Chicken
|
|-ability|p2a: Kick Chicken|Speed Boost|boost
|-boost|p2a: Kick Chicken|spe|1
|upkeep
|turn|13
|
|t:|1757952576
|switch|p2a: Kiddy Pool|Azumarill, F, shiny|100/100
|move|p1a: Massive Tusk|Headlong Rush|p2a: Kiddy Pool
|-damage|p2a: Kiddy Pool|26/100
|-unboost|p1a: Massive Tusk|def|1
|-unboost|p1a: Massive Tusk|spd|1
|-enditem|p2a: Kiddy Pool|Sitrus Berry|[eat]
|-heal|p2a: Kiddy Pool|51/100|[from] item: Sitrus Berry
|
|-heal|p2a: Kiddy Pool|57/100|[from] Grassy Terrain
|upkeep
|turn|14
|
|t:|1757952584
|-end|p1a: Massive Tusk|Protosynthesis|[silent]
|switch|p1a: Bail Out|Kingambit, F|100/100
|-activate|p1a: Bail Out|ability: Supreme Overlord
|-start|p1a: Bail Out|fallen3|[silent]
|move|p2a: Kiddy Pool|Aqua Jet|p1a: Bail Out
|-damage|p1a: Bail Out|85/100
|
|-heal|p2a: Kiddy Pool|64/100|[from] Grassy Terrain
|-heal|p1a: Bail Out|91/100|[from] Grassy Terrain
|upkeep
|turn|15
|
|t:|1757952594
|move|p2a: Kiddy Pool|Liquidation|p1a: Bail Out
|-damage|p1a: Bail Out|55/100
|move|p1a: Bail Out|Iron Head|p2a: Kiddy Pool
|-damage|p2a: Kiddy Pool|2/100
|
|-heal|p2a: Kiddy Pool|8/100|[from] Grassy Terrain
|-heal|p1a: Bail Out|61/100|[from] Grassy Terrain
|-fieldend|move: Grassy Terrain
|upkeep
|turn|16
|
|t:|1757952600
|move|p2a: Kiddy Pool|Liquidation|p1a: Bail Out
|-crit|p1a: Bail Out
|-damage|p1a: Bail Out|6/100
|-unboost|p1a: Bail Out|def|1
|move|p1a: Bail Out|Iron Head|p2a: Kiddy Pool
|-damage|p2a: Kiddy Pool|0 fnt
|faint|p2a: Kiddy Pool
|
|upkeep
|
|t:|1757952606
|switch|p2a: Dogo|Iron Treads|100/100
|-enditem|p2a: Dogo|Booster Energy
|-activate|p2a: Dogo|ability: Quark Drive|[fromitem]
|-start|p2a: Dogo|quarkdriveatk
|turn|17
|
|t:|1757952612
|-end|p1a: Bail Out|fallen3|[silent]
|switch|p1a: Massive Tusk|Great Tusk|100/100
|move|p2a: Dogo|Earthquake|p1a: Massive Tusk
|-damage|p1a: Massive Tusk|65/100
|
|upkeep
|turn|18
|
|t:|1757952622
|-terastallize|p2a: Dogo|Flying
|move|p2a: Dogo|Ice Spinner|p1a: Massive Tusk
|-supereffective|p1a: Massive Tusk
|-damage|p1a: Massive Tusk|23/100
|move|p1a: Massive Tusk|Close Combat|p2a: Dogo
|-resisted|p2a: Dogo
|-damage|p2a: Dogo|77/100
|-unboost|p1a: Massive Tusk|def|1
|-unboost|p1a: Massive Tusk|spd|1
|
|upkeep
|turn|19
|
|t:|1757952637
|move|p2a: Dogo|Ice Spinner|p1a: Massive Tusk
|-supereffective|p1a: Massive Tusk
|-damage|p1a: Massive Tusk|0 fnt
|faint|p1a: Massive Tusk
|-end|p1a: Massive Tusk|Protosynthesis|[silent]
|
|upkeep
|
|t:|1757952639
|switch|p1a: BoogaBooga|Rillaboom, F|100/100
|-fieldstart|move: Grassy Terrain|[from] ability: Grassy Surge|[of] p1a: BoogaBooga
|turn|20
|
|t:|1757952641
|move|p2a: Dogo|Ice Spinner|p1a: BoogaBooga
|-supereffective|p1a: BoogaBooga
|-damage|p1a: BoogaBooga|34/100
|-fieldend|move: Grassy Terrain
|move|p1a: BoogaBooga|Knock Off|p2a: Dogo
|-damage|p2a: Dogo|42/100
|
|upkeep
|turn|21
|
|t:|1757952647
|move|p2a: Dogo|Ice Spinner|p1a: BoogaBooga
|-supereffective|p1a: BoogaBooga
|-damage|p1a: BoogaBooga|0 fnt
|faint|p1a: BoogaBooga
|
|upkeep
|
|t:|1757952649
|switch|p1a: Bail Out|Kingambit, F|6/100
|-activate|p1a: Bail Out|ability: Supreme Overlord
|-start|p1a: Bail Out|fallen5|[silent]
|turn|22
|
|t:|1757952652
|move|p1a: Bail Out|Sucker Punch|p2a: Dogo
|-damage|p2a: Dogo|0 fnt
|faint|p2a: Dogo
|-end|p2a: Dogo|Quark Drive|[silent]
|
|upkeep
|
|t:|1757952655
|switch|p2a: Kick Chicken|Blaziken, F|100/100
|turn|23
|
|t:|1757952659
|move|p1a: Bail Out|Sucker Punch|p2a: Kick Chicken
|-resisted|p2a: Kick Chicken
|-damage|p2a: Kick Chicken|47/100
|move|p2a: Kick Chicken|Temper Flare|p1a: Bail Out
|-supereffective|p1a: Bail Out
|-damage|p1a: Bail Out|0 fnt
|faint|p1a: Bail Out
|-end|p1a: Bail Out|fallen5|[silent]
|
|win|meio_potato
|raw|TheJobApplication's rating: 1415 &rarr; <strong>1396</strong><br />(-19 for losing)
|raw|meio_potato's rating: 1434 &rarr; <strong>1453</strong><br />(+19 for winning)
|l|☆TheJobApplication
|player|p1|
|l|☆meio_potato
|player|p2|
