|j|☆meme mode
|j|☆Quixic4
|t:|1757798032
|gametype|singles
|player|p1|meme mode|265|1175
|player|p2|Quixic4|ingo|1159
|gen|9
|tier|[Gen 9] OU
|rated|
|rule|HP Percentage Mod: HP is shown in percentages
|rule|Endless Battle Clause: Forcing endless battles is banned
|rule|Species Clause: Limit one of each Pokémon
|rule|OHKO Clause: OHKO moves are banned
|rule|Evasion Items Clause: Evasion items are banned
|rule|Evasion Moves Clause: Evasion moves are banned
|rule|Evasion Abilities Clause: Evasion abilities are banned
|rule|Sleep Moves Clause: Sleep-inducing moves are banned
|clearpoke
|poke|p1|Kingambit, F|
|poke|p1|Dragonite, F|
|poke|p1|Araquanid, F|
|poke|p1|Kyurem|
|poke|p1|Iron Moth|
|poke|p1|Ogerpon-Wellspring, F|
|poke|p2|Sinistcha|
|poke|p2|Polteageist|
|poke|p2|Brambleghast, M|
|poke|p2|Cacturne, M|
|poke|p2|Ludicolo, M|
|poke|p2|Hydrapple, F|
|teampreview
|inactive|Battle timer is ON: inactive players will automatically lose when time's up. (requested by Quixic4)
|
|t:|1757798041
|teamsize|p1|6
|teamsize|p2|6
|start
|switch|p1a: Araquanid|Araquanid, F|100/100
|switch|p2a: Polteageist|Polteageist|100/100
|turn|1
|
|t:|1757798053
|move|p2a: Polteageist|Shell Smash|p2a: Polteageist
|-unboost|p2a: Polteageist|def|1
|-unboost|p2a: Polteageist|spd|1
|-boost|p2a: Polteageist|atk|2
|-boost|p2a: Polteageist|spa|2
|-boost|p2a: Polteageist|spe|2
|move|p1a: Araquanid|Sticky Web|p2a: Polteageist
|-sidestart|p2: Quixic4|move: Sticky Web
|
|upkeep
|turn|2
|
|t:|1757798060
|move|p1a: Araquanid|Endure|p1a: Araquanid
|-singleturn|p1a: Araquanid|move: Endure
|move|p2a: Polteageist|Shell Smash|p2a: Polteageist
|-unboost|p2a: Polteageist|def|1
|-unboost|p2a: Polteageist|spd|1
|-boost|p2a: Polteageist|atk|2
|-boost|p2a: Polteageist|spa|2
|-boost|p2a: Polteageist|spe|2
|
|upkeep
|turn|3
|
|t:|1757798068
|move|p2a: Polteageist|Shell Smash|p2a: Polteageist
|-unboost|p2a: Polteageist|def|1
|-unboost|p2a: Polteageist|spd|1
|-boost|p2a: Polteageist|atk|2
|-boost|p2a: Polteageist|spa|2
|-boost|p2a: Polteageist|spe|2
|move|p1a: Araquanid|Surf|p2a: Polteageist
|-enditem|p2a: Polteageist|Focus Sash
|-damage|p2a: Polteageist|1/100
|
|upkeep
|turn|4
|
|t:|1757798079
|move|p1a: Araquanid|Endure|p1a: Araquanid
|-singleturn|p1a: Araquanid|move: Endure
|move|p2a: Polteageist|Giga Drain|p1a: Araquanid
|-damage|p1a: Araquanid|14/100
|-heal|p2a: Polteageist|58/100|[from] drain|[of] p1a: Araquanid
|
|upkeep
|turn|5
|-enditem|p1a: Araquanid|Custap Berry|[eat]
|-activate|p1a: Araquanid|item: Custap Berry|[consumed]
|
|t:|1757798087
|move|p1a: Araquanid|Endeavor|p2a: Polteageist
|-immune|p2a: Polteageist
|move|p2a: Polteageist|Stored Power|p1a: Araquanid
|-damage|p1a: Araquanid|0 fnt
|faint|p1a: Araquanid
|
|upkeep
|
|t:|1757798095
|switch|p1a: Kingambit|Kingambit, F|100/100
|-activate|p1a: Kingambit|ability: Supreme Overlord
|-start|p1a: Kingambit|fallen1|[silent]
|turn|6
|
|t:|1757798110
|switch|p2a: Hydrapple|Hydrapple, F|100/100
|-activate|p2a: Hydrapple|move: Sticky Web
|-unboost|p2a: Hydrapple|spe|1
|move|p1a: Kingambit|Sucker Punch||[still]
|-fail|p1a: Kingambit
|
|upkeep
|turn|7
|
|t:|1757798119
|-end|p1a: Kingambit|fallen1|[silent]
|switch|p1a: Ogerpon|Ogerpon-Wellspring, F|100/100
|move|p2a: Hydrapple|Nasty Plot|p2a: Hydrapple
|-boost|p2a: Hydrapple|spa|2
|
|upkeep
|turn|8
|
|t:|1757798130
|move|p1a: Ogerpon|Play Rough|p2a: Hydrapple|[miss]
|-miss|p1a: Ogerpon|p2a: Hydrapple
|move|p2a: Hydrapple|Draco Meteor|p1a: Ogerpon
|-damage|p1a: Ogerpon|0 fnt
|-unboost|p2a: Hydrapple|spa|2
|faint|p1a: Ogerpon
|
|upkeep
|
|t:|1757798138
|switch|p1a: Kyurem|Kyurem|100/100
|-ability|p1a: Kyurem|Pressure
|turn|9
|
|t:|1757798148
|move|p1a: Kyurem|Freeze-Dry|p2a: Hydrapple
|-supereffective|p2a: Hydrapple
|-damage|p2a: Hydrapple|0 fnt
|faint|p2a: Hydrapple
|
|upkeep
|
|t:|1757798159
|switch|p2a: Brambleghast|Brambleghast, M|100/100
|-activate|p2a: Brambleghast|move: Sticky Web
|-unboost|p2a: Brambleghast|spe|1
|turn|10
|
|t:|1757798172
|-terastallize|p2a: Brambleghast|Steel
|move|p1a: Kyurem|Freeze-Dry|p2a: Brambleghast
|-resisted|p2a: Brambleghast
|-damage|p2a: Brambleghast|54/100
|move|p2a: Brambleghast|Rapid Spin|p1a: Kyurem
|-damage|p1a: Kyurem|85/100
|-boost|p2a: Brambleghast|spe|1
|-sideend|p2: Quixic4|Sticky Web|[from] move: Rapid Spin|[of] p2a: Brambleghast
|
|upkeep
|turn|11
|
|t:|1757798181
|switch|p1a: Iron Moth|Iron Moth|100/100
|-enditem|p1a: Iron Moth|Booster Energy
|-activate|p1a: Iron Moth|ability: Quark Drive|[fromitem]
|-start|p1a: Iron Moth|quarkdrivespe
|move|p2a: Brambleghast|Leech Seed|p1a: Iron Moth
|-start|p1a: Iron Moth|move: Leech Seed
|
|-damage|p1a: Iron Moth|88/100|[from] Leech Seed|[of] p2a: Brambleghast
|-heal|p2a: Brambleghast|69/100|[silent]
|upkeep
|turn|12
|
|t:|1757798190
|switch|p2a: Ludicolo|Ludicolo, M|100/100
|move|p1a: Iron Moth|Substitute|p1a: Iron Moth
|-start|p1a: Iron Moth|Substitute
|-damage|p1a: Iron Moth|63/100
|
|-damage|p1a: Iron Moth|51/100|[from] Leech Seed|[of] p2a: Ludicolo
|upkeep
|turn|13
|
|t:|1757798200
|move|p1a: Iron Moth|Sludge Wave|p2a: Ludicolo
|-supereffective|p2a: Ludicolo
|-crit|p2a: Ludicolo
|-damage|p2a: Ludicolo|7/100
|move|p2a: Ludicolo|Surf|p1a: Iron Moth
|-supereffective|p1a: Iron Moth
|-end|p1a: Iron Moth|Substitute
|
|-heal|p2a: Ludicolo|13/100|[from] item: Leftovers
|-damage|p1a: Iron Moth|39/100|[from] Leech Seed|[of] p2a: Ludicolo
|-heal|p2a: Ludicolo|23/100|[silent]
|upkeep
|turn|14
|
|t:|1757798209
|switch|p2a: Sinistcha|Sinistcha|100/100
|move|p1a: Iron Moth|Fiery Dance|p2a: Sinistcha
|-supereffective|p2a: Sinistcha
|-damage|p2a: Sinistcha|53/100
|
|-damage|p1a: Iron Moth|26/100|[from] Leech Seed|[of] p2a: Sinistcha
|-heal|p2a: Sinistcha|64/100|[silent]
|upkeep
|turn|15
|
|t:|1757798217
|-end|p1a: Iron Moth|Quark Drive|[silent]
|switch|p1a: Kyurem|Kyurem|85/100
|-ability|p1a: Kyurem|Pressure
|move|p2a: Sinistcha|Calm Mind|p2a: Sinistcha
|-boost|p2a: Sinistcha|spa|1
|-boost|p2a: Sinistcha|spd|1
|
|upkeep
|turn|16
|
|t:|1757798225
|move|p1a: Kyurem|Freeze-Dry|p2a: Sinistcha
|-supereffective|p2a: Sinistcha
|-damage|p2a: Sinistcha|0 fnt
|faint|p2a: Sinistcha
|
|upkeep
|
|t:|1757798233
|switch|p2a: Brambleghast|Brambleghast, M, tera:Steel|69/100
|turn|17
|
|t:|1757798237
|switch|p1a: Dragonite|Dragonite, F|100/100
|move|p2a: Brambleghast|Power Whip|p1a: Dragonite|[miss]
|-miss|p2a: Brambleghast|p1a: Dragonite
|
|upkeep
|turn|18
|
|t:|1757798248
|move|p2a: Brambleghast|Leech Seed|p1a: Dragonite
|-start|p1a: Dragonite|move: Leech Seed
|move|p1a: Dragonite|Fire Punch|p2a: Brambleghast
|-supereffective|p2a: Brambleghast
|-damage|p2a: Brambleghast|0 fnt
|faint|p2a: Brambleghast
|
|upkeep
|
|t:|1757798255
|switch|p2a: Polteageist|Polteageist|58/100
|turn|19
|
|t:|1757798260
|move|p1a: Dragonite|Fire Punch|p2a: Polteageist
|-damage|p2a: Polteageist|0 fnt
|faint|p2a: Polteageist
|
|upkeep
|
|t:|1757798266
|switch|p2a: Ludicolo|Ludicolo, M|23/100
|turn|20
|
|t:|1757798269
|move|p2a: Ludicolo|Fake Out|p1a: Dragonite
|-damage|p1a: Dragonite|97/100
|cant|p1a: Dragonite|flinch
|
|-heal|p2a: Ludicolo|29/100|[from] item: Leftovers
|-damage|p1a: Dragonite|84/100|[from] Leech Seed|[of] p2a: Ludicolo
|-heal|p2a: Ludicolo|40/100|[silent]
|upkeep
|turn|21
|
|t:|1757798277
|move|p1a: Dragonite|Fire Punch|p2a: Ludicolo
|-damage|p2a: Ludicolo|0 fnt
|faint|p2a: Ludicolo
|
|upkeep
|
|t:|1757798281
|switch|p2a: Cacturne|Cacturne, M|100/100
|turn|22
|
|t:|1757798285
|move|p2a: Cacturne|Spiky Shield|p2a: Cacturne
|-singleturn|p2a: Cacturne|move: Protect
|move|p1a: Dragonite|Fire Punch|p2a: Cacturne
|-activate|p2a: Cacturne|move: Protect
|-damage|p1a: Dragonite|72/100|[from] Spiky Shield|[of] p2a: Cacturne
|
|-damage|p1a: Dragonite|60/100|[from] Leech Seed|[of] p2a: Cacturne
|upkeep
|turn|23
|
|t:|1757798295
|move|p2a: Cacturne|Sucker Punch|p1a: Dragonite
|-damage|p1a: Dragonite|18/100
|move|p1a: Dragonite|Fire Punch|p2a: Cacturne
|-supereffective|p2a: Cacturne
|-damage|p2a: Cacturne|0 fnt
|faint|p2a: Cacturne
|
|win|meme mode
|raw|meme mode's rating: 1175 &rarr; <strong>1199</strong><br />(+24 for winning)
|raw|Quixic4's rating: 1159 &rarr; <strong>1135</strong><br />(-24 for losing)
|l|☆Quixic4
|player|p2|
|l|☆meme mode
|player|p1|
