|j|☆emmanuelr205506
|j|‽DiceyRice
|t:|1757793176
|gametype|singles
|player|p1|emmanuelr205506|blue|1615
|player|p2|DiceyRice|hilda-wonderlauncher|1628
|gen|9
|tier|[Gen 9] OU
|rated|
|rule|HP Percentage Mod: HP is shown in percentages
|rule|Endless Battle Clause: Forcing endless battles is banned
|rule|Species Clause: Limit one of each Pokémon
|rule|OHKO Clause: OHKO moves are banned
|rule|Evasion Items Clause: Evasion items are banned
|rule|Evasion Moves Clause: Evasion moves are banned
|rule|Evasion Abilities Clause: Evasion abilities are banned
|rule|Sleep Moves Clause: Sleep-inducing moves are banned
|clearpoke
|poke|p1|Great Tusk|
|poke|p1|Gholdengo|
|poke|p1|Zamazenta-*|
|poke|p1|Heatran, M|
|poke|p1|Primarina, F|
|poke|p1|Cinderace, M|
|poke|p2|Indeedee, M|
|poke|p2|Hatterene, F|
|poke|p2|Armarouge, F|
|poke|p2|Cinderace, F|
|poke|p2|Ursaluna, F|
|poke|p2|Porygon2|
|teampreview
|inactive|Battle timer is ON: inactive players will automatically lose when time's up. (requested by emmanuelr205506)
|
|t:|1757793185
|teamsize|p1|6
|teamsize|p2|6
|start
|switch|p1a: Cinderace|Cinderace, M|100/100
|switch|p2a: Cinderace|Cinderace, F|100/100
|turn|1
|
|t:|1757793195
|move|p2a: Cinderace|U-turn|p1a: Cinderace
|-start|p2a: Cinderace|typechange|Bug|[from] ability: Libero
|-resisted|p1a: Cinderace
|-damage|p1a: Cinderace|77/100
|
|t:|1757793197
|switch|p2a: Hatterene|Hatterene, F|100/100|[from] U-turn
|move|p1a: Cinderace|High Jump Kick|p2a: Hatterene|[miss]
|-start|p1a: Cinderace|typechange|Fighting|[from] ability: Libero
|-miss|p1a: Cinderace|p2a: Hatterene
|-damage|p1a: Cinderace|27/100|[from] highjumpkick
|
|upkeep
|turn|2
|
|t:|1757793205
|switch|p1a: Heatran|Heatran, M|100/100
|move|p2a: Hatterene|Trick Room|p2a: Hatterene
|-fieldstart|move: Trick Room|[of] p2a: Hatterene
|
|upkeep
|turn|3
|
|t:|1757793212
|switch|p2a: Ursaluna|Ursaluna, F|100/100
|move|p1a: Heatran|Magma Storm|p2a: Ursaluna
|-crit|p2a: Ursaluna
|-damage|p2a: Ursaluna|47/100
|-activate|p2a: Ursaluna|move: Magma Storm|[of] p1a: Heatran
|
|-damage|p2a: Ursaluna|35/100|[from] move: Magma Storm|[partiallytrapped]
|-status|p2a: Ursaluna|brn|[from] item: Flame Orb
|upkeep
|turn|4
|
|t:|1757793220
|switch|p1a: Great Tusk|Great Tusk|100/100
|move|p2a: Ursaluna|Headlong Rush|p1a: Great Tusk
|-damage|p1a: Great Tusk|51/100
|-unboost|p2a: Ursaluna|def|1
|-unboost|p2a: Ursaluna|spd|1
|-damage|p2a: Ursaluna|18/100 brn|[from] item: Rocky Helmet|[of] p1a: Great Tusk
|
|-damage|p2a: Ursaluna|12/100 brn|[from] brn
|-end|p2a: Ursaluna|Magma Storm|[partiallytrapped]|[silent]
|upkeep
|turn|5
|
|t:|1757793227
|switch|p2a: Hatterene|Hatterene, F|100/100
|-end|p1a: Great Tusk|Protosynthesis|[silent]
|switch|p1a: Gholdengo|Gholdengo|100/100
|
|upkeep
|turn|6
|
|t:|1757793234
|switch|p2a: Indeedee|Indeedee, M|100/100
|-fieldstart|move: Psychic Terrain|[from] ability: Psychic Surge|[of] p2a: Indeedee
|move|p1a: Gholdengo|Make It Rain|p2a: Indeedee
|-damage|p2a: Indeedee|33/100
|-unboost|p1a: Gholdengo|spa|1
|
|-fieldend|move: Trick Room
|upkeep
|turn|7
|
|t:|1757793240
|switch|p2a: Cinderace|Cinderace, F|100/100
|move|p1a: Gholdengo|Make It Rain|p2a: Cinderace
|-resisted|p2a: Cinderace
|-damage|p2a: Cinderace|74/100
|-unboost|p1a: Gholdengo|spa|1
|
|upkeep
|turn|8
|
|t:|1757793243
|switch|p1a: Great Tusk|Great Tusk|51/100
|move|p2a: Cinderace|U-turn|p1a: Great Tusk
|-start|p2a: Cinderace|typechange|Bug|[from] ability: Libero
|-resisted|p1a: Great Tusk
|-damage|p1a: Great Tusk|43/100
|-damage|p2a: Cinderace|57/100|[from] item: Rocky Helmet|[of] p1a: Great Tusk
|
|t:|1757793253
|switch|p2a: Porygon2|Porygon2|100/100|[from] U-turn
|-ability|p2a: Porygon2|Download|boost
|-boost|p2a: Porygon2|spa|1
|
|upkeep
|turn|9
|
|t:|1757793259
|move|p1a: Great Tusk|Knock Off|p2a: Porygon2
|-damage|p2a: Porygon2|83/100
|-enditem|p2a: Porygon2|Eviolite|[from] move: Knock Off|[of] p1a: Great Tusk
|move|p2a: Porygon2|Trick Room|p2a: Porygon2
|-fieldstart|move: Trick Room|[of] p2a: Porygon2
|
|upkeep
|turn|10
|
|t:|1757793265
|move|p2a: Porygon2|Tera Blast|p1a: Great Tusk
|-damage|p1a: Great Tusk|0 fnt
|faint|p1a: Great Tusk
|-end|p1a: Great Tusk|Protosynthesis|[silent]
|
|upkeep
|
|t:|1757793268
|switch|p1a: Heatran|Heatran, M|100/100
|turn|11
|
|t:|1757793270
|-terastallize|p2a: Porygon2|Ground
|move|p2a: Porygon2|Tera Blast|p1a: Heatran|[anim] Tera Blast Ground
|-supereffective|p1a: Heatran
|-damage|p1a: Heatran|0 fnt
|faint|p1a: Heatran
|
|upkeep
|
|t:|1757793277
|switch|p1a: Primarina|Primarina, F|100/100
|turn|12
|
|t:|1757793278
|move|p2a: Porygon2|Thunderbolt|p1a: Primarina
|-supereffective|p1a: Primarina
|-damage|p1a: Primarina|55/100
|move|p1a: Primarina|Hyper Voice|p2a: Porygon2
|-supereffective|p2a: Porygon2
|-damage|p2a: Porygon2|0 fnt
|faint|p2a: Porygon2
|
|upkeep
|
|t:|1757793281
|switch|p2a: Ursaluna|Ursaluna, F|12/100 brn
|turn|13
|
|t:|1757793290
|move|p2a: Ursaluna|Headlong Rush|p1a: Primarina
|-crit|p1a: Primarina
|-damage|p1a: Primarina|0 fnt
|-unboost|p2a: Ursaluna|def|1
|-unboost|p2a: Ursaluna|spd|1
|faint|p1a: Primarina
|
|-damage|p2a: Ursaluna|6/100 brn|[from] brn
|-fieldend|move: Trick Room
|-fieldend|move: Psychic Terrain
|upkeep
|
|t:|1757793294
|switch|p1a: Cinderace|Cinderace, M|27/100
|turn|14
|
|t:|1757793300
|switch|p2a: Indeedee|Indeedee, M|33/100
|-fieldstart|move: Psychic Terrain|[from] ability: Psychic Surge|[of] p2a: Indeedee
|move|p1a: Cinderace|U-turn|p2a: Indeedee
|-start|p1a: Cinderace|typechange|Bug|[from] ability: Libero
|-supereffective|p2a: Indeedee
|-damage|p2a: Indeedee|0 fnt
|faint|p2a: Indeedee
|
|t:|1757793304
|switch|p1a: Gholdengo|Gholdengo|100/100|[from] U-turn
|
|upkeep
|
|t:|1757793307
|switch|p2a: Cinderace|Cinderace, F|57/100
|turn|15
|
|t:|1757793309
|move|p2a: Cinderace|Pyro Ball|p1a: Gholdengo|[miss]
|-miss|p2a: Cinderace|p1a: Gholdengo
|move|p1a: Gholdengo|Thunder Wave|p2a: Cinderace|[miss]
|-miss|p1a: Gholdengo|p2a: Cinderace
|
|upkeep
|turn|16
|
|t:|1757793313
|move|p2a: Cinderace|Pyro Ball|p1a: Gholdengo
|-supereffective|p1a: Gholdengo
|-damage|p1a: Gholdengo|15/100
|move|p1a: Gholdengo|Thunder Wave|p2a: Cinderace
|-status|p2a: Cinderace|par
|
|-heal|p1a: Gholdengo|21/100|[from] item: Leftovers
|upkeep
|turn|17
|
|t:|1757793316
|cant|p2a: Cinderace|par
|move|p1a: Gholdengo|Recover|p1a: Gholdengo
|-heal|p1a: Gholdengo|71/100
|
|-heal|p1a: Gholdengo|77/100|[from] item: Leftovers
|upkeep
|turn|18
|
|t:|1757793317
|move|p2a: Cinderace|Pyro Ball|p1a: Gholdengo
|-supereffective|p1a: Gholdengo
|-damage|p1a: Gholdengo|0 fnt
|faint|p1a: Gholdengo
|
|upkeep
|
|t:|1757793323
|switch|p1a: Zamazenta|Zamazenta|100/100
|-ability|p1a: Zamazenta|Dauntless Shield|boost
|-boost|p1a: Zamazenta|def|1
|turn|19
|
|t:|1757793328
|move|p1a: Zamazenta|Iron Defense|p1a: Zamazenta
|-boost|p1a: Zamazenta|def|2
|cant|p2a: Cinderace|par
|
|upkeep
|turn|20
|
|t:|1757793331
|switch|p2a: Hatterene|Hatterene, F|100/100
|move|p1a: Zamazenta|Body Press|p2a: Hatterene
|-resisted|p2a: Hatterene
|-damage|p2a: Hatterene|82/100
|-damage|p1a: Zamazenta|84/100|[from] item: Rocky Helmet|[of] p2a: Hatterene
|
|-heal|p1a: Zamazenta|90/100|[from] item: Leftovers
|upkeep
|turn|21
|
|t:|1757793333
|-terastallize|p1a: Zamazenta|Steel
|move|p1a: Zamazenta|Heavy Slam|p2a: Hatterene
|-supereffective|p2a: Hatterene
|-damage|p2a: Hatterene|5/100
|-damage|p1a: Zamazenta|73/100|[from] item: Rocky Helmet|[of] p2a: Hatterene
|move|p2a: Hatterene|Trick Room|p2a: Hatterene
|-fieldstart|move: Trick Room|[of] p2a: Hatterene
|
|-heal|p1a: Zamazenta|79/100|[from] item: Leftovers
|-fieldend|move: Psychic Terrain
|upkeep
|turn|22
|
|t:|1757793341
|move|p2a: Hatterene|Healing Wish|p2a: Hatterene
|faint|p2a: Hatterene
|move|p1a: Zamazenta|Iron Defense|p1a: Zamazenta
|-boost|p1a: Zamazenta|def|2
|
|-heal|p1a: Zamazenta|85/100|[from] item: Leftovers
|upkeep
|
|t:|1757793343
|switch|p2a: Armarouge|Armarouge, F|100/100
|turn|23
|
|t:|1757793346
|move|p2a: Armarouge|Armor Cannon|p1a: Zamazenta
|-supereffective|p1a: Zamazenta
|-damage|p1a: Zamazenta|0 fnt
|-unboost|p2a: Armarouge|def|1
|-unboost|p2a: Armarouge|spd|1
|faint|p1a: Zamazenta
|
|upkeep
|-message|emmanuelr205506 forfeited.
|
|win|DiceyRice
|raw|emmanuelr205506's rating: 1615 &rarr; <strong>1596</strong><br />(-19 for losing)
|raw|DiceyRice's rating: 1628 &rarr; <strong>1647</strong><br />(+19 for winning)
|l|☆emmanuelr205506
|player|p1|
