|j|☆Titanosaurus
|j|☆Lenghong
|t:|1757929397
|gametype|singles
|player|p1|Titanosaurus|byron|1257
|player|p2|Lenghong|hilda|1322
|gen|9
|tier|[Gen 9] OU
|rated|
|rule|HP Percentage Mod: HP is shown in percentages
|rule|Endless Battle Clause: Forcing endless battles is banned
|rule|Species Clause: Limit one of each Pokémon
|rule|OHKO Clause: OHKO moves are banned
|rule|Evasion Items Clause: Evasion items are banned
|rule|Evasion Moves Clause: Evasion moves are banned
|rule|Evasion Abilities Clause: Evasion abilities are banned
|rule|Sleep Moves Clause: Sleep-inducing moves are banned
|clearpoke
|poke|p1|Galvantula, F|
|poke|p1|Gholdengo|
|poke|p1|Dunsparce, F|
|poke|p1|Thundurus-Therian, M|
|poke|p1|Kleavor, F|
|poke|p1|Spiritomb, F|
|poke|p2|Garganacl, F|
|poke|p2|Glimmora, M|
|poke|p2|Iron Boulder|
|poke|p2|Arcanine-Hisui, F|
|poke|p2|Kleavor, M|
|poke|p2|Tyranitar, F|
|teampreview
|inactive|Battle timer is ON: inactive players will automatically lose when time's up. (requested by Lenghong)
|
|t:|1757929434
|teamsize|p1|6
|teamsize|p2|6
|start
|switch|p1a: Galvantula|Galvantula, F|100/100
|switch|p2a: Kleavor|Kleavor, M|100/100
|turn|1
|
|t:|1757929441
|move|p2a: Kleavor|Stone Axe|p1a: Galvantula
|-supereffective|p1a: Galvantula
|-enditem|p1a: Galvantula|Focus Sash
|-damage|p1a: Galvantula|1/100
|-sidestart|p1: Titanosaurus|move: Stealth Rock
|move|p1a: Galvantula|Thunder Wave|p2a: Kleavor
|-status|p2a: Kleavor|par
|
|upkeep
|turn|2
|
|t:|1757929447
|move|p1a: Galvantula|Sticky Web|p2a: Kleavor
|-sidestart|p2: Lenghong|move: Sticky Web
|move|p2a: Kleavor|Stone Axe|p1a: Galvantula
|-supereffective|p1a: Galvantula
|-damage|p1a: Galvantula|0 fnt
|faint|p1a: Galvantula
|
|upkeep
|
|t:|1757929452
|switch|p1a: Kleavor|Kleavor, F|100/100
|turn|3
|
|t:|1757929459
|move|p1a: Kleavor|Stone Axe|p2a: Kleavor
|-supereffective|p2a: Kleavor
|-damage|p2a: Kleavor|0 fnt
|-sidestart|p2: Lenghong|move: Stealth Rock
|faint|p2a: Kleavor
|
|upkeep
|
|t:|1757929464
|switch|p2a: Glimmora|Glimmora, M|100/100
|-activate|p2a: Glimmora|move: Sticky Web
|-unboost|p2a: Glimmora|spe|1
|-damage|p2a: Glimmora|88/100|[from] Stealth Rock
|turn|4
|
|t:|1757929469
|switch|p1a: Gholdengo|Gholdengo|100/100
|move|p2a: Glimmora|Mortal Spin|p1a: Gholdengo
|-immune|p1a: Gholdengo
|
|upkeep
|turn|5
|
|t:|1757929473
|switch|p2a: Tyranitar|Tyranitar, F|100/100
|-activate|p2a: Tyranitar|move: Sticky Web
|-unboost|p2a: Tyranitar|spe|1
|-damage|p2a: Tyranitar|88/100|[from] Stealth Rock
|-weather|Sandstorm|[from] ability: Sand Stream|[of] p2a: Tyranitar
|move|p1a: Gholdengo|Make It Rain|p2a: Tyranitar
|-supereffective|p2a: Tyranitar
|-damage|p2a: Tyranitar|48/100
|-unboost|p1a: Gholdengo|spa|1
|
|-weather|Sandstorm|[upkeep]
|upkeep
|turn|6
|
|t:|1757929481
|switch|p1a: Spiritomb|Spiritomb, F|100/100
|-damage|p1a: Spiritomb|88/100|[from] Stealth Rock
|-ability|p1a: Spiritomb|Pressure
|move|p2a: Tyranitar|Knock Off|p1a: Spiritomb
|-damage|p1a: Spiritomb|55/100
|-enditem|p1a: Spiritomb|Leftovers|[from] move: Knock Off|[of] p2a: Tyranitar
|
|-weather|Sandstorm|[upkeep]
|-damage|p1a: Spiritomb|49/100|[from] Sandstorm
|upkeep
|turn|7
|
|t:|1757929488
|switch|p2a: Garganacl|Garganacl, F|100/100
|-activate|p2a: Garganacl|move: Sticky Web
|-unboost|p2a: Garganacl|spe|1
|-damage|p2a: Garganacl|88/100|[from] Stealth Rock
|move|p1a: Spiritomb|Will-O-Wisp|p2a: Garganacl
|-immune|p2a: Garganacl|[from] ability: Purifying Salt
|
|-weather|Sandstorm|[upkeep]
|-damage|p1a: Spiritomb|43/100|[from] Sandstorm
|-heal|p2a: Garganacl|94/100|[from] item: Leftovers
|upkeep
|turn|8
|
|t:|1757929510
|move|p1a: Spiritomb|Pain Split|p2a: Garganacl
|-sethp|p2a: Garganacl|63/100|[from] move: Pain Split|[silent]
|-sethp|p1a: Spiritomb|84/100|[from] move: Pain Split
|move|p2a: Garganacl|Salt Cure|p1a: Spiritomb
|-damage|p1a: Spiritomb|73/100
|-start|p1a: Spiritomb|Salt Cure
|
|-weather|Sandstorm|[upkeep]
|-damage|p1a: Spiritomb|67/100|[from] Sandstorm
|-heal|p2a: Garganacl|70/100|[from] item: Leftovers
|-damage|p1a: Spiritomb|54/100|[from] Salt Cure
|upkeep
|turn|9
|
|t:|1757929516
|move|p1a: Spiritomb|Pain Split|p2a: Garganacl
|-sethp|p2a: Garganacl|55/100|[from] move: Pain Split|[silent]
|-sethp|p1a: Spiritomb|73/100|[from] move: Pain Split
|move|p2a: Garganacl|Recover|p2a: Garganacl
|-heal|p2a: Garganacl|100/100
|
|-weather|none
|-damage|p1a: Spiritomb|61/100|[from] Salt Cure
|upkeep
|turn|10
|
|t:|1757929522
|switch|p2a: Glimmora|Glimmora, M|88/100
|-activate|p2a: Glimmora|move: Sticky Web
|-unboost|p2a: Glimmora|spe|1
|-damage|p2a: Glimmora|76/100|[from] Stealth Rock
|move|p1a: Spiritomb|Pain Split|p2a: Glimmora
|-sethp|p2a: Glimmora|68/100|[from] move: Pain Split|[silent]
|-sethp|p1a: Spiritomb|69/100|[from] move: Pain Split
|
|-damage|p1a: Spiritomb|56/100|[from] Salt Cure
|upkeep
|turn|11
|
|t:|1757929526
|switch|p1a: Gholdengo|Gholdengo|100/100
|move|p2a: Glimmora|Earth Power|p1a: Gholdengo
|-supereffective|p1a: Gholdengo
|-damage|p1a: Gholdengo|40/100
|
|upkeep
|turn|12
|
|t:|1757929534
|switch|p2a: Tyranitar|Tyranitar, F|48/100
|-activate|p2a: Tyranitar|move: Sticky Web
|-unboost|p2a: Tyranitar|spe|1
|-damage|p2a: Tyranitar|36/100|[from] Stealth Rock
|-weather|Sandstorm|[from] ability: Sand Stream|[of] p2a: Tyranitar
|move|p1a: Gholdengo|Make It Rain|p2a: Tyranitar
|-supereffective|p2a: Tyranitar
|-damage|p2a: Tyranitar|1/100
|-unboost|p1a: Gholdengo|spa|1
|
|-weather|Sandstorm|[upkeep]
|upkeep
|turn|13
|
|t:|1757929540
|move|p1a: Gholdengo|Make It Rain|p2a: Tyranitar
|-supereffective|p2a: Tyranitar
|-damage|p2a: Tyranitar|0 fnt
|-unboost|p1a: Gholdengo|spa|1
|faint|p2a: Tyranitar
|
|-weather|Sandstorm|[upkeep]
|upkeep
|
|t:|1757929546
|switch|p2a: Glimmora|Glimmora, M|68/100
|-activate|p2a: Glimmora|move: Sticky Web
|-unboost|p2a: Glimmora|spe|1
|-damage|p2a: Glimmora|55/100|[from] Stealth Rock
|turn|14
|
|t:|1757929552
|-terastallize|p1a: Gholdengo|Fairy
|move|p1a: Gholdengo|Recover|p1a: Gholdengo
|-heal|p1a: Gholdengo|90/100
|move|p2a: Glimmora|Earth Power|p1a: Gholdengo
|-damage|p1a: Gholdengo|60/100
|
|-weather|Sandstorm|[upkeep]
|-damage|p1a: Gholdengo|54/100|[from] Sandstorm
|upkeep
|turn|15
|
|t:|1757929558
|move|p1a: Gholdengo|Make It Rain|p2a: Glimmora
|-supereffective|p2a: Glimmora
|-damage|p2a: Glimmora|0 fnt
|-unboost|p1a: Gholdengo|spa|1
|faint|p2a: Glimmora
|
|-weather|Sandstorm|[upkeep]
|-damage|p1a: Gholdengo|48/100|[from] Sandstorm
|upkeep
|
|t:|1757929570
|switch|p2a: Garganacl|Garganacl, F|100/100
|-activate|p2a: Garganacl|move: Sticky Web
|-unboost|p2a: Garganacl|spe|1
|-damage|p2a: Garganacl|88/100|[from] Stealth Rock
|turn|16
|
|t:|1757929575
|switch|p1a: Dunsparce|Dunsparce, F|100/100
|-damage|p1a: Dunsparce|88/100|[from] Stealth Rock
|move|p2a: Garganacl|Salt Cure|p1a: Dunsparce
|-damage|p1a: Dunsparce|78/100
|-start|p1a: Dunsparce|Salt Cure
|
|-weather|none
|-heal|p2a: Garganacl|94/100|[from] item: Leftovers
|-damage|p1a: Dunsparce|65/100|[from] Salt Cure
|upkeep
|turn|17
|
|t:|1757929580
|move|p1a: Dunsparce|Body Slam|p2a: Garganacl
|-resisted|p2a: Garganacl
|-damage|p2a: Garganacl|88/100
|move|p2a: Garganacl|Body Press|p1a: Dunsparce
|-supereffective|p1a: Dunsparce
|-damage|p1a: Dunsparce|16/100
|
|-heal|p2a: Garganacl|95/100|[from] item: Leftovers
|-damage|p1a: Dunsparce|3/100|[from] Salt Cure
|upkeep
|turn|18
|
|t:|1757929584
|move|p1a: Dunsparce|Body Slam|p2a: Garganacl
|-resisted|p2a: Garganacl
|-damage|p2a: Garganacl|88/100
|move|p2a: Garganacl|Body Press|p1a: Dunsparce
|-supereffective|p1a: Dunsparce
|-damage|p1a: Dunsparce|0 fnt
|faint|p1a: Dunsparce
|
|-heal|p2a: Garganacl|95/100|[from] item: Leftovers
|upkeep
|
|t:|1757929586
|switch|p1a: Spiritomb|Spiritomb, F|56/100
|-damage|p1a: Spiritomb|44/100|[from] Stealth Rock
|-ability|p1a: Spiritomb|Pressure
|turn|19
|
|t:|1757929592
|switch|p2a: Arcanine|Arcanine-Hisui, F, shiny|100/100
|-activate|p2a: Arcanine|move: Sticky Web
|-unboost|p2a: Arcanine|spe|1
|-damage|p2a: Arcanine|75/100|[from] Stealth Rock
|move|p1a: Spiritomb|Pain Split|p2a: Arcanine
|-sethp|p2a: Arcanine|58/100|[from] move: Pain Split|[silent]
|-sethp|p1a: Spiritomb|63/100|[from] move: Pain Split
|
|upkeep
|turn|20
|
|t:|1757929595
|move|p2a: Arcanine|Head Smash|p1a: Spiritomb|[miss]
|-miss|p2a: Arcanine|p1a: Spiritomb
|move|p1a: Spiritomb|Foul Play|p2a: Arcanine
|-damage|p2a: Arcanine|4/100
|
|upkeep
|turn|21
|
|t:|1757929604
|move|p2a: Arcanine|Head Smash|p1a: Spiritomb
|-damage|p1a: Spiritomb|0 fnt
|faint|p1a: Spiritomb
|
|upkeep
|
|t:|1757929611
|switch|p1a: Kleavor|Kleavor, F|100/100
|turn|22
|-message|Lenghong forfeited.
|
|win|Titanosaurus
|raw|Titanosaurus's rating: 1257 &rarr; <strong>1287</strong><br />(+30 for winning)
|raw|Lenghong's rating: 1322 &rarr; <strong>1298</strong><br />(-24 for losing)
|l|☆Lenghong
|player|p2|
|l|☆Titanosaurus
|player|p1|
