|j|☆z40abanob
|j|☆kthehighkid
|t:|1757817602
|gametype|singles
|player|p1|z40abanob|benga|
|player|p2|kthehighkid|preschoolerf|
|gen|9
|tier|[Gen 9] OU
|rule|HP Percentage Mod: HP is shown in percentages
|rule|Endless Battle Clause: Forcing endless battles is banned
|rule|Species Clause: Limit one of each Pokémon
|rule|OHKO Clause: OHKO moves are banned
|rule|Evasion Items Clause: Evasion items are banned
|rule|Evasion Moves Clause: Evasion moves are banned
|rule|Evasion Abilities Clause: Evasion abilities are banned
|rule|Sleep Moves Clause: Sleep-inducing moves are banned
|clearpoke
|poke|p1|Torterra, F|
|poke|p1|Slowbro-Galar, M|
|poke|p1|Meloetta|
|poke|p1|Gallade, M|
|poke|p1|Incineroar, F|
|poke|p1|Articuno|
|poke|p2|Krookodile, M|
|poke|p2|Mismagius, F|
|poke|p2|Infernape, M|
|poke|p2|Mew|
|poke|p2|Fezandipiti, M|
|poke|p2|Swampert, F|
|teampreview
|j| ClubPangu
|j| mood1e
|
|t:|1757817642
|teamsize|p1|6
|teamsize|p2|6
|start
|switch|p1a: Ice Burd|Articuno|100/100
|switch|p2a: ElRicoSuave|Swampert, F, shiny|100/100
|-ability|p1a: Ice Burd|Pressure
|turn|1
|j| MAGAboominGOOCH
|c| MAGAboominGOOCH|zimbabwe
|j| jumblemuffler
|
|t:|1757817672
|switch|p2a: Ou Ou Ah Ah|Infernape, M, shiny|100/100
|move|p1a: Ice Burd|Freeze-Dry|p2a: Ou Ou Ah Ah
|-resisted|p2a: Ou Ou Ah Ah
|-damage|p2a: Ou Ou Ah Ah|76/100
|
|-heal|p2a: Ou Ou Ah Ah|82/100|[from] item: Leftovers
|upkeep
|turn|2
|
|t:|1757817701
|switch|p1a: Slashy Dashy|Gallade, M, shiny|100/100
|move|p2a: Ou Ou Ah Ah|Earthquake|p1a: Slashy Dashy
|-damage|p1a: Slashy Dashy|45/100
|
|-heal|p2a: Ou Ou Ah Ah|89/100|[from] item: Leftovers
|upkeep
|turn|3
|c| jumblemuffler|she was eqing the flying type
|c|☆z40abanob|she's in my head
|c| ClubPangu|SHE KNEW HE WAS GONNA SWAP
|c| ClubPangu|YOUW OULDNT UNDERSTAND
|c|☆kthehighkid|no ik he was gonna swap
|c| ClubPangu|IK
|c| jumblemuffler|I hear you yapping in the background
|c| ClubPangu|UR JUT GOATED LIKE THAT
|c| jumblemuffler|dont worry i saac
|
|t:|1757817750
|switch|p1a: Ice Burd|Articuno|100/100
|-ability|p1a: Ice Burd|Pressure
|move|p2a: Ou Ou Ah Ah|Shadow Claw|p1a: Ice Burd
|-damage|p1a: Ice Burd|81/100
|
|-heal|p2a: Ou Ou Ah Ah|95/100|[from] item: Leftovers
|-heal|p1a: Ice Burd|87/100|[from] item: Leftovers
|upkeep
|turn|4
|c| ClubPangu|KAT INSANE
|
|t:|1757817778
|move|p2a: Ou Ou Ah Ah|Fire Punch|p1a: Ice Burd
|-supereffective|p1a: Ice Burd
|-damage|p1a: Ice Burd|11/100
|move|p1a: Ice Burd|Air Slash|p2a: Ou Ou Ah Ah
|-supereffective|p2a: Ou Ou Ah Ah
|-damage|p2a: Ou Ou Ah Ah|0 fnt
|faint|p2a: Ou Ou Ah Ah
|
|-heal|p1a: Ice Burd|17/100|[from] item: Leftovers
|upkeep
|
|t:|1757817819
|switch|p2a: Martha|Mew, shiny|100/100
|turn|5
|
|t:|1757817853
|switch|p1a: Turtigga|Torterra, F|100/100
|move|p2a: Martha|Rock Blast|p1a: Turtigga
|-resisted|p1a: Turtigga
|-damage|p1a: Turtigga|97/100
|-resisted|p1a: Turtigga
|-damage|p1a: Turtigga|95/100
|-resisted|p1a: Turtigga
|-damage|p1a: Turtigga|92/100
|-resisted|p1a: Turtigga
|-damage|p1a: Turtigga|89/100
|-hitcount|p1a: Turtigga|4
|
|-heal|p1a: Turtigga|95/100|[from] item: Leftovers
|upkeep
|turn|6
|
|t:|1757817868
|move|p2a: Martha|Icicle Spear|p1a: Turtigga
|-supereffective|p1a: Turtigga
|-damage|p1a: Turtigga|69/100
|-supereffective|p1a: Turtigga
|-damage|p1a: Turtigga|46/100
|-supereffective|p1a: Turtigga
|-damage|p1a: Turtigga|21/100
|-supereffective|p1a: Turtigga
|-damage|p1a: Turtigga|0 fnt
|faint|p1a: Turtigga
|-hitcount|p1: Turtigga|4
|
|upkeep
|
|t:|1757817896
|switch|p1a: Side B|Incineroar, F|100/100
|-ability|p1a: Side B|Intimidate|boost
|-unboost|p2a: Martha|atk|1
|turn|7
|
|t:|1757817925
|switch|p2a: ElRicoSuave|Swampert, F, shiny|100/100
|move|p1a: Side B|Knock Off|p2a: ElRicoSuave
|-damage|p2a: ElRicoSuave|54/100
|-enditem|p2a: ElRicoSuave|Choice Scarf|[from] move: Knock Off|[of] p1a: Side B
|
|upkeep
|turn|8
|
|t:|1757817973
|move|p2a: ElRicoSuave|Liquidation|p1a: Side B
|-supereffective|p1a: Side B
|-damage|p1a: Side B|28/100
|move|p1a: Side B|U-turn|p2a: ElRicoSuave
|-damage|p2a: ElRicoSuave|30/100
|
|t:|1757817980
|switch|p1a: New Aba|Slowbro-Galar, M, shiny|100/100|[from] U-turn
|
|upkeep
|turn|9
|
|t:|1757818006
|move|p2a: ElRicoSuave|Earthquake|p1a: New Aba
|-supereffective|p1a: New Aba
|-damage|p1a: New Aba|36/100
|move|p1a: New Aba|Surf|p2a: ElRicoSuave
|-damage|p2a: ElRicoSuave|8/100
|
|-heal|p1a: New Aba|42/100|[from] item: Leftovers
|upkeep
|turn|10
|
|t:|1757818024
|-terastallize|p1a: New Aba|Flying
|move|p2a: ElRicoSuave|Outrage|p1a: New Aba
|-damage|p1a: New Aba|18/100
|move|p1a: New Aba|Surf|p2a: ElRicoSuave
|-crit|p2a: ElRicoSuave
|-damage|p2a: ElRicoSuave|0 fnt
|faint|p2a: ElRicoSuave
|
|-heal|p1a: New Aba|24/100|[from] item: Leftovers
|upkeep
|c| ClubPangu|Torterra biting the curb 4k
|c| jumblemuffler|lmfao
|
|t:|1757818149
|switch|p2a: DMX|Krookodile, M, shiny|100/100
|turn|11
|c|☆z40abanob|that guy been losing me games
|c| jumblemuffler|malcolm x torterra deleted scene
|c|☆z40abanob|LMAOO
|
|t:|1757818171
|move|p1a: New Aba|Protect|p1a: New Aba
|-singleturn|p1a: New Aba|Protect
|move|p2a: DMX|Shadow Claw|p1a: New Aba
|-activate|p1a: New Aba|move: Protect
|
|-heal|p1a: New Aba|30/100|[from] item: Leftovers
|upkeep
|turn|12
|
|t:|1757818226
|switch|p2a: GooglyMoogly|Fezandipiti, M|100/100
|switch|p1a: Side B|Incineroar, F|28/100
|-ability|p1a: Side B|Intimidate|boost
|-unboost|p2a: GooglyMoogly|atk|1
|
|upkeep
|turn|13
|
|t:|1757818259
|switch|p2a: DMX|Krookodile, M, shiny|100/100
|switch|p1a: New Aba|Slowbro-Galar, M, shiny, tera:Flying|64/100
|
|-heal|p1a: New Aba|70/100|[from] item: Leftovers
|upkeep
|turn|14
|c| jumblemuffler|swastigga
|c| jumblemuffler|????
|c| jumblemuffler|are yo uguys fucking ok
|c|☆z40abanob|she's fucking with me bro
|c|☆z40abanob|I don't like it
|c| ClubPangu|my brain is like exploding bro
|c| mood1e|REMEMBER
|c| mood1e|WHO
|c| mood1e|YOU
|c| jumblemuffler|ugandan
|c| mood1e|ARE
|c| ClubPangu|KAT MOXIE X4 ATTACK 1 SHOT
|c| jumblemuffler|MANITOBA JELQWILES
|
|t:|1757818318
|switch|p2a: Martha|Mew, shiny|100/100
|move|p1a: New Aba|Surf|p2a: Martha
|-damage|p2a: Martha|80/100
|
|-heal|p1a: New Aba|76/100|[from] item: Leftovers
|upkeep
|turn|15
|c| MAGAboominGOOCH|LOOK AT MY EYES TELL YA SELL
|
|t:|1757818396
|-terastallize|p2a: Martha|Ghost
|move|p2a: Martha|Shadow Claw|p1a: New Aba
|-damage|p1a: New Aba|55/100
|move|p1a: New Aba|Surf|p2a: Martha
|-damage|p2a: Martha|60/100
|
|-heal|p1a: New Aba|61/100|[from] item: Leftovers
|upkeep
|turn|16
|c| jumblemuffler|i KNOW HOW T POWER YOUUP ABANOB
|c| jumblemuffler|🍠🍠🍠🍠🍠🍠🍠
|
|t:|1757818425
|move|p2a: Martha|Rock Blast|p1a: New Aba
|-supereffective|p1a: New Aba
|-damage|p1a: New Aba|52/100
|-supereffective|p1a: New Aba
|-damage|p1a: New Aba|43/100
|-supereffective|p1a: New Aba
|-damage|p1a: New Aba|33/100
|-supereffective|p1a: New Aba
|-damage|p1a: New Aba|24/100
|-supereffective|p1a: New Aba
|-damage|p1a: New Aba|14/100
|-hitcount|p1a: New Aba|5
|move|p1a: New Aba|Surf|p2a: Martha
|-damage|p2a: Martha|40/100
|
|-heal|p1a: New Aba|21/100|[from] item: Leftovers
|upkeep
|turn|17
|c| ClubPangu|They both have a wheel filled with moves and they spin it to see what moves they pick
|
|t:|1757818440
|move|p1a: New Aba|Protect|p1a: New Aba
|-singleturn|p1a: New Aba|Protect
|move|p2a: Martha|Rock Blast|p1a: New Aba
|-activate|p1a: New Aba|move: Protect
|
|-heal|p1a: New Aba|27/100|[from] item: Leftovers
|upkeep
|turn|18
|
|t:|1757818457
|switch|p1a: Dua Lipa returns|Meloetta|100/100
|move|p2a: Martha|Rock Blast|p1a: Dua Lipa returns
|-damage|p1a: Dua Lipa returns|91/100
|-damage|p1a: Dua Lipa returns|82/100
|-damage|p1a: Dua Lipa returns|74/100
|-damage|p1a: Dua Lipa returns|64/100
|-hitcount|p1a: Dua Lipa returns|4
|
|upkeep
|turn|19
|
|t:|1757818506
|switch|p2a: DMX|Krookodile, M, shiny|100/100
|move|p1a: Dua Lipa returns|Shadow Ball|p2a: DMX
|-resisted|p2a: DMX
|-damage|p2a: DMX|78/100
|-unboost|p2a: DMX|spd|1
|-damage|p1a: Dua Lipa returns|54/100|[from] item: Life Orb
|
|upkeep
|turn|20
|c| ClubPangu|moxie x4 sweep
|c|☆z40abanob|shut up
|c|☆z40abanob|lol
|c| ClubPangu|im sorry
|c| jumblemuffler|BOMB ISAAC
|
|t:|1757818561
|move|p2a: DMX|Knock Off|p1a: Dua Lipa returns
|-supereffective|p1a: Dua Lipa returns
|-damage|p1a: Dua Lipa returns|0 fnt
|-enditem|p1a: Dua Lipa returns|Life Orb|[from] move: Knock Off|[of] p2a: DMX
|faint|p1a: Dua Lipa returns
|-ability|p2a: DMX|Moxie|boost
|-boost|p2a: DMX|atk|1
|
|upkeep
|c| ClubPangu|calm mind x4sweep
|
|t:|1757818568
|switch|p1a: Side B|Incineroar, F|28/100
|-ability|p1a: Side B|Intimidate|boost
|-unboost|p2a: DMX|atk|1
|turn|21
|
|t:|1757818596
|switch|p1a: New Aba|Slowbro-Galar, M, shiny, tera:Flying|60/100
|move|p2a: DMX|Knock Off|p1a: New Aba
|-damage|p1a: New Aba|28/100
|-enditem|p1a: New Aba|Leftovers|[from] move: Knock Off|[of] p2a: DMX
|
|upkeep
|turn|22
|
|t:|1757818606
|move|p1a: New Aba|Protect|p1a: New Aba
|-singleturn|p1a: New Aba|Protect
|move|p2a: DMX|Knock Off|p1a: New Aba
|-activate|p1a: New Aba|move: Protect
|
|upkeep
|turn|23
|c|☆z40abanob|bro
|c|☆z40abanob|wtf am I supposed to do
|c| jumblemuffler|LOCK IN
|c| mood1e|REMEMBER
|c| mood1e|WHO
|c| jumblemuffler|WINNABLE
|c| mood1e|YOU
|c| mood1e|ARE
|c| ClubPangu|CACAWWWW
|
|t:|1757818636
|switch|p1a: Side B|Incineroar, F|28/100
|-ability|p1a: Side B|Intimidate|boost
|-unboost|p2a: DMX|atk|1
|move|p2a: DMX|Knock Off|p1a: Side B
|-resisted|p1a: Side B
|-damage|p1a: Side B|14/100
|-enditem|p1a: Side B|Heavy-Duty Boots|[from] move: Knock Off|[of] p2a: DMX
|
|upkeep
|turn|24
|
|t:|1757818646
|switch|p1a: New Aba|Slowbro-Galar, M, shiny, tera:Flying|61/100
|move|p2a: DMX|Knock Off|p1a: New Aba
|-damage|p1a: New Aba|48/100
|
|upkeep
|turn|25
|
|t:|1757818674
|move|p2a: DMX|Knock Off|p1a: New Aba
|-damage|p1a: New Aba|34/100
|move|p1a: New Aba|Slack Off|p1a: New Aba
|-heal|p1a: New Aba|84/100
|
|upkeep
|turn|26
|
|t:|1757818687
|move|p2a: DMX|Knock Off|p1a: New Aba
|-damage|p1a: New Aba|70/100
|move|p1a: New Aba|Surf|p2a: DMX
|-supereffective|p2a: DMX
|-damage|p2a: DMX|0 fnt
|faint|p2a: DMX
|
|upkeep
|
|t:|1757818729
|switch|p2a: Martha|Mew, shiny, tera:Ghost|40/100
|turn|27
|
|t:|1757818754
|move|p2a: Martha|Rock Blast|p1a: New Aba
|-supereffective|p1a: New Aba
|-damage|p1a: New Aba|61/100
|-supereffective|p1a: New Aba
|-damage|p1a: New Aba|51/100
|-supereffective|p1a: New Aba
|-damage|p1a: New Aba|42/100
|-supereffective|p1a: New Aba
|-damage|p1a: New Aba|31/100
|-hitcount|p1a: New Aba|4
|move|p1a: New Aba|Slack Off|p1a: New Aba
|-heal|p1a: New Aba|81/100
|
|upkeep
|turn|28
|
|t:|1757818772
|move|p2a: Martha|Icicle Spear|p1a: New Aba
|-supereffective|p1a: New Aba
|-damage|p1a: New Aba|72/100
|-supereffective|p1a: New Aba
|-damage|p1a: New Aba|63/100
|-supereffective|p1a: New Aba
|-damage|p1a: New Aba|54/100
|-supereffective|p1a: New Aba
|-damage|p1a: New Aba|44/100
|-supereffective|p1a: New Aba
|-damage|p1a: New Aba|35/100
|-hitcount|p1a: New Aba|5
|move|p1a: New Aba|Surf|p2a: Martha
|-damage|p2a: Martha|19/100
|
|upkeep
|turn|29
|
|t:|1757818807
|move|p1a: New Aba|Protect|p1a: New Aba
|-singleturn|p1a: New Aba|Protect
|move|p2a: Martha|Shadow Claw|p1a: New Aba
|-activate|p1a: New Aba|move: Protect
|
|upkeep
|turn|30
|
|t:|1757818829
|switch|p1a: Side B|Incineroar, F|14/100
|-ability|p1a: Side B|Intimidate|boost
|-unboost|p2a: Martha|atk|1
|move|p2a: Martha|Rock Blast|p1a: Side B
|-supereffective|p1a: Side B
|-damage|p1a: Side B|3/100
|-supereffective|p1a: Side B
|-damage|p1a: Side B|0 fnt
|faint|p1a: Side B
|-hitcount|p1: Side B|2
|
|upkeep
|
|t:|1757818851
|switch|p1a: New Aba|Slowbro-Galar, M, shiny, tera:Flying|68/100
|turn|31
|
|t:|1757818863
|switch|p2a: Drip Ernie|Mismagius, F, shiny|100/100
|move|p1a: New Aba|Protect||[still]
|-fail|p1a: New Aba
|
|upkeep
|turn|32
|
|t:|1757818880
|move|p2a: Drip Ernie|Power Gem|p1a: New Aba
|-supereffective|p1a: New Aba
|-damage|p1a: New Aba|10/100
|move|p1a: New Aba|Surf|p2a: Drip Ernie
|-damage|p2a: Drip Ernie|76/100
|
|upkeep
|turn|33
|
|t:|1757818891
|switch|p1a: Ice Burd|Articuno|17/100
|-ability|p1a: Ice Burd|Pressure
|move|p2a: Drip Ernie|Power Gem|p1a: Ice Burd
|-supereffective|p1a: Ice Burd
|-damage|p1a: Ice Burd|0 fnt
|faint|p1a: Ice Burd
|
|upkeep
|
|t:|1757818905
|switch|p1a: Slashy Dashy|Gallade, M, shiny|45/100
|turn|34
|
|t:|1757818913
|move|p2a: Drip Ernie|Shadow Ball|p1a: Slashy Dashy
|-supereffective|p1a: Slashy Dashy
|-damage|p1a: Slashy Dashy|0 fnt
|faint|p1a: Slashy Dashy
|
|upkeep
|
|t:|1757818918
|switch|p1a: New Aba|Slowbro-Galar, M, shiny, tera:Flying|43/100
|turn|35
|
|t:|1757818923
|move|p2a: Drip Ernie|Power Gem|p1a: New Aba
|-supereffective|p1a: New Aba
|-damage|p1a: New Aba|0 fnt
|faint|p1a: New Aba
|
|win|kthehighkid
