|j|☆poppylikecats
|j|☆y_de_yuki
|t:|1757902520
|gametype|singles
|player|p1|poppylikecats|iris|1391
|player|p2|y_de_yuki|169|1391
|gen|9
|tier|[Gen 9] OU
|rated|
|rule|HP Percentage Mod: HP is shown in percentages
|rule|Endless Battle Clause: Forcing endless battles is banned
|rule|Species Clause: Limit one of each Pokémon
|rule|OHKO Clause: OHKO moves are banned
|rule|Evasion Items Clause: Evasion items are banned
|rule|Evasion Moves Clause: Evasion moves are banned
|rule|Evasion Abilities Clause: Evasion abilities are banned
|rule|Sleep Moves Clause: Sleep-inducing moves are banned
|clearpoke
|poke|p1|Iron Crown|
|poke|p1|Meowscarada, F|
|poke|p1|Great Tusk|
|poke|p1|Pecharunt|
|poke|p1|Ting-Lu|
|poke|p1|Iron Valiant|
|poke|p2|Mimikyu, F|
|poke|p2|Ogerpon-Wellspring, F|
|poke|p2|Meloetta|
|poke|p2|Raichu, M|
|poke|p2|Umbreon, M|
|poke|p2|Corviknight, M|
|teampreview
|inactive|Battle timer is ON: inactive players will automatically lose when time's up. (requested by poppylikecats)
|
|t:|1757902537
|teamsize|p1|6
|teamsize|p2|6
|start
|switch|p1a: Meowscarada|Meowscarada, F|100/100
|switch|p2a: Afrodita|Ogerpon-Wellspring, F|100/100
|turn|1
|
|t:|1757902544
|switch|p2a: Corvo|Corviknight, M|100/100
|-ability|p2a: Corvo|Pressure
|move|p1a: Meowscarada|U-turn|p2a: Corvo
|-start|p1a: Meowscarada|typechange|Bug|[from] ability: Protean
|-resisted|p2a: Corvo
|-damage|p2a: Corvo|93/100
|-damage|p1a: Meowscarada|84/100|[from] item: Rocky Helmet|[of] p2a: Corvo
|inactive|poppylikecats has 120 seconds left.
|
|t:|1757902577
|switch|p1a: Great Tusk|Great Tusk|100/100|[from] U-turn
|
|upkeep
|turn|2
|
|t:|1757902582
|move|p1a: Great Tusk|Bulk Up|p1a: Great Tusk
|-boost|p1a: Great Tusk|atk|1
|-boost|p1a: Great Tusk|def|1
|move|p2a: Corvo|Defog|p1a: Great Tusk
|-unboost|p1a: Great Tusk|evasion|1
|
|upkeep
|turn|3
|
|t:|1757902589
|move|p1a: Great Tusk|Ice Spinner|p2a: Corvo
|-damage|p2a: Corvo|72/100
|-damage|p1a: Great Tusk|84/100|[from] item: Rocky Helmet|[of] p2a: Corvo
|move|p2a: Corvo|U-turn|p1a: Great Tusk
|-resisted|p1a: Great Tusk
|-damage|p1a: Great Tusk|81/100
|
|t:|1757902596
|switch|p2a: Zafiro|Meloetta|100/100|[from] U-turn
|
|-heal|p1a: Great Tusk|87/100|[from] item: Leftovers
|upkeep
|turn|4
|
|t:|1757902601
|-end|p1a: Great Tusk|Protosynthesis|[silent]
|switch|p1a: Ting-Lu|Ting-Lu|100/100
|-ability|p1a: Ting-Lu|Vessel of Ruin
|move|p2a: Zafiro|Psychic|p1a: Ting-Lu
|-immune|p1a: Ting-Lu
|
|upkeep
|turn|5
|
|t:|1757902606
|switch|p2a: Afrodita|Ogerpon-Wellspring, F|100/100
|move|p1a: Ting-Lu|Ruination|p2a: Afrodita
|-damage|p2a: Afrodita|51/100
|
|upkeep
|turn|6
|
|t:|1757902624
|switch|p1a: Pecharunt|Pecharunt|100/100
|move|p2a: Afrodita|Knock Off|p1a: Pecharunt
|-supereffective|p1a: Pecharunt
|-damage|p1a: Pecharunt|62/100
|-enditem|p1a: Pecharunt|Heavy-Duty Boots|[from] move: Knock Off|[of] p2a: Afrodita
|
|upkeep
|turn|7
|
|t:|1757902631
|move|p2a: Afrodita|U-turn|p1a: Pecharunt
|-resisted|p1a: Pecharunt
|-damage|p1a: Pecharunt|59/100
|
|t:|1757902633
|switch|p2a: Corvo|Corviknight, M|72/100|[from] U-turn
|-ability|p2a: Corvo|Pressure
|move|p1a: Pecharunt|Malignant Chain|p2a: Corvo
|-immune|p2a: Corvo
|
|upkeep
|turn|8
|
|t:|1757902639
|move|p1a: Pecharunt|Recover|p1a: Pecharunt
|-heal|p1a: Pecharunt|100/100
|move|p2a: Corvo|U-turn|p1a: Pecharunt
|-resisted|p1a: Pecharunt
|-damage|p1a: Pecharunt|99/100
|
|t:|1757902644
|switch|p2a: Zafiro|Meloetta|100/100|[from] U-turn
|
|upkeep
|turn|9
|
|t:|1757902650
|switch|p1a: Ting-Lu|Ting-Lu|100/100
|-ability|p1a: Ting-Lu|Vessel of Ruin
|move|p2a: Zafiro|U-turn|p1a: Ting-Lu
|-supereffective|p1a: Ting-Lu
|-damage|p1a: Ting-Lu|87/100
|
|t:|1757902653
|switch|p2a: Afrodita|Ogerpon-Wellspring, F|51/100|[from] U-turn
|
|-heal|p1a: Ting-Lu|93/100|[from] item: Leftovers
|upkeep
|turn|10
|
|t:|1757902660
|switch|p1a: Pecharunt|Pecharunt|99/100
|move|p2a: Afrodita|Horn Leech|p1a: Pecharunt
|-resisted|p1a: Pecharunt
|-damage|p1a: Pecharunt|89/100
|-heal|p2a: Afrodita|57/100|[from] drain|[of] p1a: Pecharunt
|
|upkeep
|turn|11
|
|t:|1757902665
|move|p2a: Afrodita|U-turn|p1a: Pecharunt
|-resisted|p1a: Pecharunt
|-damage|p1a: Pecharunt|86/100
|
|t:|1757902666
|switch|p2a: Corvo|Corviknight, M|72/100|[from] U-turn
|-ability|p2a: Corvo|Pressure
|move|p1a: Pecharunt|Hex|p2a: Corvo
|-damage|p2a: Corvo|52/100
|
|upkeep
|turn|12
|
|t:|1757902672
|move|p1a: Pecharunt|Hex|p2a: Corvo
|-damage|p2a: Corvo|32/100
|move|p2a: Corvo|Roost|p2a: Corvo
|-heal|p2a: Corvo|82/100
|-singleturn|p2a: Corvo|move: Roost
|
|upkeep
|turn|13
|
|t:|1757902679
|move|p1a: Pecharunt|Hex|p2a: Corvo
|-damage|p2a: Corvo|61/100
|move|p2a: Corvo|U-turn|p1a: Pecharunt
|-resisted|p1a: Pecharunt
|-crit|p1a: Pecharunt
|-damage|p1a: Pecharunt|83/100
|
|t:|1757902685
|switch|p2a: Zafiro|Meloetta|100/100|[from] U-turn
|
|upkeep
|turn|14
|
|t:|1757902693
|switch|p1a: Ting-Lu|Ting-Lu|93/100
|-ability|p1a: Ting-Lu|Vessel of Ruin
|move|p2a: Zafiro|Focus Blast|p1a: Ting-Lu
|-supereffective|p1a: Ting-Lu
|-damage|p1a: Ting-Lu|59/100
|-unboost|p1a: Ting-Lu|spd|1
|
|-heal|p1a: Ting-Lu|65/100|[from] item: Leftovers
|upkeep
|turn|15
|
|t:|1757902719
|switch|p2a: Garfield|Raichu, M|100/100
|move|p1a: Ting-Lu|Whirlwind|p2a: Garfield
|drag|p2a: Coral|Mimikyu, F, shiny|100/100
|
|-heal|p1a: Ting-Lu|71/100|[from] item: Leftovers
|upkeep
|turn|16
|
|t:|1757902724
|move|p2a: Coral|Swords Dance|p2a: Coral
|-boost|p2a: Coral|atk|2
|move|p1a: Ting-Lu|Earthquake|p2a: Coral
|-activate|p2a: Coral|ability: Disguise
|-damage|p2a: Coral|100/100
|detailschange|p2a: Coral|Mimikyu-Busted, F, shiny
|-damage|p2a: Coral|88/100|[from] pokemon: Mimikyu-Busted
|
|-heal|p1a: Ting-Lu|78/100|[from] item: Leftovers
|upkeep
|turn|17
|
|t:|1757902733
|switch|p1a: Pecharunt|Pecharunt|83/100
|move|p2a: Coral|Play Rough|p1a: Pecharunt
|-resisted|p1a: Pecharunt
|-damage|p1a: Pecharunt|59/100
|-damage|p2a: Coral|78/100|[from] item: Life Orb
|
|upkeep
|turn|18
|
|t:|1757902753
|switch|p1a: Meowscarada|Meowscarada, F|84/100
|move|p2a: Coral|Swords Dance|p2a: Coral
|-boost|p2a: Coral|atk|2
|
|upkeep
|turn|19
|
|t:|1757902758
|move|p1a: Meowscarada|Knock Off|p2a: Coral
|-start|p1a: Meowscarada|typechange|Dark|[from] ability: Protean
|-damage|p2a: Coral|0 fnt
|-enditem|p2a: Coral|Life Orb|[from] move: Knock Off|[of] p1a: Meowscarada
|faint|p2a: Coral
|
|upkeep
|
|t:|1757902765
|switch|p2a: Corvo|Corviknight, M|61/100
|-ability|p2a: Corvo|Pressure
|turn|20
|
|t:|1757902771
|switch|p1a: Pecharunt|Pecharunt|59/100
|move|p2a: Corvo|U-turn|p1a: Pecharunt
|-resisted|p1a: Pecharunt
|-damage|p1a: Pecharunt|57/100
|
|t:|1757902781
|switch|p2a: Garfield|Raichu, M|100/100|[from] U-turn
|
|upkeep
|turn|21
|
|t:|1757902790
|move|p2a: Garfield|Thunderbolt|p1a: Pecharunt
|-damage|p1a: Pecharunt|4/100
|move|p1a: Pecharunt|Recover|p1a: Pecharunt
|-heal|p1a: Pecharunt|54/100
|
|upkeep
|turn|22
|
|t:|1757902797
|switch|p2a: Afrodita|Ogerpon-Wellspring, F|57/100
|switch|p1a: Ting-Lu|Ting-Lu|78/100
|-ability|p1a: Ting-Lu|Vessel of Ruin
|
|-heal|p1a: Ting-Lu|84/100|[from] item: Leftovers
|upkeep
|turn|23
|
|t:|1757902809
|move|p2a: Afrodita|Ivy Cudgel|p1a: Ting-Lu|[anim] Ivy Cudgel Water
|-supereffective|p1a: Ting-Lu
|-damage|p1a: Ting-Lu|23/100
|move|p1a: Ting-Lu|Ruination|p2a: Afrodita
|-damage|p2a: Afrodita|29/100
|
|-heal|p1a: Ting-Lu|29/100|[from] item: Leftovers
|upkeep
|turn|24
|inactive|poppylikecats has 120 seconds left.
|
|t:|1757902866
|switch|p1a: Iron Valiant|Iron Valiant|100/100
|-enditem|p1a: Iron Valiant|Booster Energy
|-activate|p1a: Iron Valiant|ability: Quark Drive|[fromitem]
|-start|p1a: Iron Valiant|quarkdrivespe
|move|p2a: Afrodita|U-turn|p1a: Iron Valiant
|-resisted|p1a: Iron Valiant
|-damage|p1a: Iron Valiant|92/100
|
|t:|1757902878
|switch|p2a: Zafiro|Meloetta|100/100|[from] U-turn
|
|upkeep
|turn|25
|
|t:|1757902893
|-end|p1a: Iron Valiant|Quark Drive|[silent]
|switch|p1a: Iron Crown|Iron Crown|100/100
|move|p2a: Zafiro|Psychic|p1a: Iron Crown
|-resisted|p1a: Iron Crown
|-damage|p1a: Iron Crown|89/100
|-unboost|p1a: Iron Crown|spd|1
|
|upkeep
|turn|26
|
|t:|1757902898
|switch|p2a: Corvo|Corviknight, M|61/100
|-ability|p2a: Corvo|Pressure
|move|p1a: Iron Crown|Volt Switch|p2a: Corvo
|-supereffective|p2a: Corvo
|-damage|p2a: Corvo|0 fnt
|faint|p2a: Corvo
|
|t:|1757902903
|-end|p1a: Iron Crown|Quark Drive|[silent]
|switch|p1a: Ting-Lu|Ting-Lu|29/100|[from] Volt Switch
|-ability|p1a: Ting-Lu|Vessel of Ruin
|
|-heal|p1a: Ting-Lu|36/100|[from] item: Leftovers
|upkeep
|
|t:|1757902910
|switch|p2a: Afrodita|Ogerpon-Wellspring, F|29/100
|turn|27
|
|t:|1757902916
|switch|p1a: Pecharunt|Pecharunt|54/100
|move|p2a: Afrodita|Horn Leech|p1a: Pecharunt
|-resisted|p1a: Pecharunt
|-damage|p1a: Pecharunt|44/100
|-heal|p2a: Afrodita|35/100|[from] drain|[of] p1a: Pecharunt
|
|upkeep
|turn|28
|
|t:|1757902920
|-terastallize|p2a: Afrodita|Water
|detailschange|p2a: Afrodita|Ogerpon-Wellspring-Tera, F, tera:Water
|-ability|p2a: Afrodita|Embody Aspect (Wellspring)|boost
|-boost|p2a: Afrodita|spd|1
|move|p2a: Afrodita|Ivy Cudgel|p1a: Pecharunt|[anim] Ivy Cudgel Water
|-damage|p1a: Pecharunt|7/100
|move|p1a: Pecharunt|Recover|p1a: Pecharunt
|-heal|p1a: Pecharunt|57/100
|
|upkeep
|turn|29
|
|t:|1757902927
|move|p2a: Afrodita|Ivy Cudgel|p1a: Pecharunt|[anim] Ivy Cudgel Water
|-damage|p1a: Pecharunt|20/100
|move|p1a: Pecharunt|Recover|p1a: Pecharunt
|-heal|p1a: Pecharunt|70/100
|
|upkeep
|turn|30
|
|t:|1757902930
|move|p2a: Afrodita|Ivy Cudgel|p1a: Pecharunt|[anim] Ivy Cudgel Water
|-crit|p1a: Pecharunt
|-damage|p1a: Pecharunt|17/100
|move|p1a: Pecharunt|Recover|p1a: Pecharunt
|-heal|p1a: Pecharunt|67/100
|
|upkeep
|turn|31
|
|t:|1757902942
|move|p2a: Afrodita|Ivy Cudgel|p1a: Pecharunt|[anim] Ivy Cudgel Water
|-damage|p1a: Pecharunt|33/100
|move|p1a: Pecharunt|Recover|p1a: Pecharunt
|-heal|p1a: Pecharunt|83/100
|
|upkeep
|turn|32
|
|t:|1757902949
|move|p2a: Afrodita|U-turn|p1a: Pecharunt
|-resisted|p1a: Pecharunt
|-damage|p1a: Pecharunt|79/100
|
|t:|1757902950
|switch|p2a: Garfield|Raichu, M|100/100|[from] U-turn
|move|p1a: Pecharunt|Parting Shot|p2a: Garfield
|-unboost|p2a: Garfield|atk|1
|-unboost|p2a: Garfield|spa|1
|
|t:|1757902956
|switch|p1a: Great Tusk|Great Tusk|87/100|[from] Parting Shot
|
|-heal|p1a: Great Tusk|93/100|[from] item: Leftovers
|upkeep
|turn|33
|
|t:|1757902962
|move|p2a: Garfield|Surf|p1a: Great Tusk
|-supereffective|p1a: Great Tusk
|-damage|p1a: Great Tusk|33/100
|move|p1a: Great Tusk|Headlong Rush|p2a: Garfield
|-supereffective|p2a: Garfield
|-damage|p2a: Garfield|0 fnt
|-unboost|p1a: Great Tusk|def|1
|-unboost|p1a: Great Tusk|spd|1
|faint|p2a: Garfield
|
|-heal|p1a: Great Tusk|40/100|[from] item: Leftovers
|upkeep
|
|t:|1757902970
|switch|p2a: Afrodita|Ogerpon-Wellspring-Tera, F, tera:Water|35/100
|-ability|p2a: Afrodita|Embody Aspect (Wellspring)|boost
|-boost|p2a: Afrodita|spd|1
|turn|34
|
|t:|1757902979
|move|p2a: Afrodita|Ivy Cudgel|p1a: Great Tusk|[anim] Ivy Cudgel Water
|-supereffective|p1a: Great Tusk
|-damage|p1a: Great Tusk|0 fnt
|faint|p1a: Great Tusk
|-end|p1a: Great Tusk|Protosynthesis|[silent]
|
|upkeep
|
|t:|1757902981
|switch|p1a: Pecharunt|Pecharunt|79/100
|turn|35
|
|t:|1757902992
|move|p2a: Afrodita|U-turn|p1a: Pecharunt
|-resisted|p1a: Pecharunt
|-damage|p1a: Pecharunt|76/100
|
|t:|1757902997
|switch|p2a: Jinx|Umbreon, M|100/100|[from] U-turn
|move|p1a: Pecharunt|Recover|p1a: Pecharunt
|-heal|p1a: Pecharunt|100/100
|
|upkeep
|turn|36
|
|t:|1757903012
|move|p1a: Pecharunt|Malignant Chain|p2a: Jinx
|-damage|p2a: Jinx|85/100
|move|p2a: Jinx|Wish|p2a: Jinx
|
|-heal|p2a: Jinx|91/100|[from] item: Leftovers
|upkeep
|turn|37
|
|t:|1757903017
|switch|p1a: Meowscarada|Meowscarada, F|84/100
|switch|p2a: Afrodita|Ogerpon-Wellspring-Tera, F, tera:Water|35/100
|-ability|p2a: Afrodita|Embody Aspect (Wellspring)|boost
|-boost|p2a: Afrodita|spd|1
|
|-heal|p2a: Afrodita|100/100|[from] move: Wish|[wisher] Jinx
|upkeep
|turn|38
|
|t:|1757903021
|switch|p2a: Jinx|Umbreon, M|91/100
|move|p1a: Meowscarada|Flower Trick|p2a: Jinx
|-start|p1a: Meowscarada|typechange|Grass|[from] ability: Protean
|-crit|p2a: Jinx
|-damage|p2a: Jinx|38/100
|
|-heal|p2a: Jinx|44/100|[from] item: Leftovers
|upkeep
|turn|39
|
|t:|1757903027
|move|p1a: Meowscarada|Flower Trick|p2a: Jinx
|-crit|p2a: Jinx
|-damage|p2a: Jinx|0 fnt
|faint|p2a: Jinx
|
|upkeep
|
|t:|1757903036
|switch|p2a: Zafiro|Meloetta|100/100
|turn|40
|
|t:|1757903053
|switch|p1a: Ting-Lu|Ting-Lu|36/100
|-ability|p1a: Ting-Lu|Vessel of Ruin
|move|p2a: Zafiro|Psychic|p1a: Ting-Lu
|-immune|p1a: Ting-Lu
|
|-heal|p1a: Ting-Lu|42/100|[from] item: Leftovers
|upkeep
|turn|41
|
|t:|1757903059
|switch|p2a: Afrodita|Ogerpon-Wellspring-Tera, F, tera:Water|100/100
|-ability|p2a: Afrodita|Embody Aspect (Wellspring)|boost
|-boost|p2a: Afrodita|spd|1
|move|p1a: Ting-Lu|Ruination|p2a: Afrodita
|-damage|p2a: Afrodita|51/100
|
|-heal|p1a: Ting-Lu|48/100|[from] item: Leftovers
|upkeep
|turn|42
|
|t:|1757903068
|move|p2a: Afrodita|U-turn|p1a: Ting-Lu
|-supereffective|p1a: Ting-Lu
|-damage|p1a: Ting-Lu|18/100
|
|t:|1757903070
|switch|p2a: Zafiro|Meloetta|100/100|[from] U-turn
|move|p1a: Ting-Lu|Stealth Rock|p2a: Zafiro
|-sidestart|p2: y_de_yuki|move: Stealth Rock
|
|-heal|p1a: Ting-Lu|25/100|[from] item: Leftovers
|upkeep
|turn|43
|
|t:|1757903073
|move|p2a: Zafiro|U-turn|p1a: Ting-Lu
|-supereffective|p1a: Ting-Lu
|-damage|p1a: Ting-Lu|13/100
|
|t:|1757903076
|switch|p2a: Afrodita|Ogerpon-Wellspring-Tera, F, tera:Water|51/100|[from] U-turn
|-damage|p2a: Afrodita|38/100|[from] Stealth Rock
|-ability|p2a: Afrodita|Embody Aspect (Wellspring)|boost
|-boost|p2a: Afrodita|spd|1
|move|p1a: Ting-Lu|Earthquake|p2a: Afrodita
|-damage|p2a: Afrodita|0 fnt
|faint|p2a: Afrodita
|detailschange|p2: Afrodita|Ogerpon-Wellspring, F|[silent]
|
|-heal|p1a: Ting-Lu|19/100|[from] item: Leftovers
|upkeep
|
|t:|1757903081
|switch|p2a: Zafiro|Meloetta|100/100
|-damage|p2a: Zafiro|88/100|[from] Stealth Rock
|turn|44
|
|t:|1757903086
|move|p2a: Zafiro|U-turn|p1a: Ting-Lu
|-supereffective|p1a: Ting-Lu
|-damage|p1a: Ting-Lu|5/100
|move|p1a: Ting-Lu|Ruination|p2a: Zafiro
|-damage|p2a: Zafiro|44/100
|
|-heal|p1a: Ting-Lu|11/100|[from] item: Leftovers
|upkeep
|turn|45
|-message|y_de_yuki forfeited.
|
|win|poppylikecats
|raw|poppylikecats's rating: 1391 &rarr; <strong>1411</strong><br />(+20 for winning)
|raw|y_de_yuki's rating: 1391 &rarr; <strong>1371</strong><br />(-20 for losing)
|l|☆y_de_yuki
|player|p2|
|c|☆poppylikecats|gg
|l|☆poppylikecats
|player|p1|
