|j|☆Drosophila_enjoyer
|j|☆zg4h11
|t:|1757952512
|gametype|singles
|player|p1|Drosophila_enjoyer|rocketgrunt|1371
|player|p2|zg4h11|266|1360
|gen|9
|tier|[Gen 9] OU
|rated|
|rule|HP Percentage Mod: HP is shown in percentages
|rule|Endless Battle Clause: Forcing endless battles is banned
|rule|Species Clause: Limit one of each Pokémon
|rule|OHKO Clause: OHKO moves are banned
|rule|Evasion Items Clause: Evasion items are banned
|rule|Evasion Moves Clause: Evasion moves are banned
|rule|Evasion Abilities Clause: Evasion abilities are banned
|rule|Sleep Moves Clause: Sleep-inducing moves are banned
|clearpoke
|poke|p1|Breloom, M|
|poke|p1|Bisharp, M|
|poke|p1|Regidrago|
|poke|p1|Maushold-Four|
|poke|p1|Armarouge, M|
|poke|p1|Magnezone|
|poke|p2|Iron Treads|
|poke|p2|Darkrai|
|poke|p2|Ogerpon-Wellspring, F|
|poke|p2|Dragapult, F|
|poke|p2|Tyranitar, M|
|poke|p2|Clefable, M|
|teampreview
|inactive|Battle timer is ON: inactive players will automatically lose when time's up. (requested by Drosophila_enjoyer)
|
|t:|1757952533
|teamsize|p1|6
|teamsize|p2|6
|start
|switch|p1a: Magnezone|Magnezone|100/100
|switch|p2a: Dragapult|Dragapult, F|100/100
|turn|1
|
|t:|1757952540
|switch|p2a: Iron Treads|Iron Treads|100/100
|move|p1a: Magnezone|Body Press|p2a: Iron Treads
|-supereffective|p2a: Iron Treads
|-damage|p2a: Iron Treads|53/100
|
|upkeep
|turn|2
|
|t:|1757952546
|-terastallize|p1a: Magnezone|Flying
|move|p2a: Iron Treads|Earthquake|p1a: Magnezone
|-immune|p1a: Magnezone
|move|p1a: Magnezone|Body Press|p2a: Iron Treads
|-supereffective|p2a: Iron Treads
|-damage|p2a: Iron Treads|0 fnt
|faint|p2a: Iron Treads
|-end|p2a: Iron Treads|Quark Drive|[silent]
|
|upkeep
|
|t:|1757952562
|switch|p2a: Dragapult|Dragapult, F|100/100
|turn|3
|
|t:|1757952565
|move|p2a: Dragapult|Dragon Darts|p1a: Magnezone
|-damage|p1a: Magnezone|75/100
|-anim|p2a: Dragapult|Dragon Darts|p1a: Magnezone
|-damage|p1a: Magnezone|52/100
|move|p1a: Magnezone|Discharge|p2a: Dragapult
|-resisted|p2a: Dragapult
|-damage|p2a: Dragapult|63/100
|-status|p2a: Dragapult|par
|
|upkeep
|turn|4
|
|t:|1757952575
|move|p2a: Dragapult|U-turn|p1a: Magnezone
|-resisted|p1a: Magnezone
|-damage|p1a: Magnezone|42/100
|
|t:|1757952579
|switch|p2a: Ogerpon|Ogerpon-Wellspring, F|100/100|[from] U-turn
|move|p1a: Magnezone|Flash Cannon|p2a: Ogerpon
|-resisted|p2a: Ogerpon
|-damage|p2a: Ogerpon|68/100
|
|upkeep
|turn|5
|
|t:|1757952587
|move|p2a: Ogerpon|Ivy Cudgel|p1a: Magnezone|[anim] Ivy Cudgel Water
|-damage|p1a: Magnezone|0 fnt
|faint|p1a: Magnezone
|
|upkeep
|
|t:|1757952593
|switch|p1a: Maushold|Maushold-Four|100/100
|turn|6
|
|t:|1757952597
|switch|p2a: Dragapult|Dragapult, F|63/100 par
|move|p1a: Maushold|Population Bomb|p2a: Dragapult
|-immune|p2a: Dragapult
|
|upkeep
|turn|7
|
|t:|1757952603
|move|p1a: Maushold|Bite|p2a: Dragapult
|-supereffective|p2a: Dragapult
|-damage|p2a: Dragapult|0 fnt
|faint|p2a: Dragapult
|
|upkeep
|
|t:|1757952608
|switch|p2a: Darkrai|Darkrai|100/100
|turn|8
|
|t:|1757952612
|switch|p1a: Bisharp|Bisharp, M|100/100
|move|p2a: Darkrai|Focus Blast|p1a: Bisharp
|-supereffective|p1a: Bisharp
|-damage|p1a: Bisharp|0 fnt
|faint|p1a: Bisharp
|
|upkeep
|
|t:|1757952624
|switch|p1a: Breloom|Breloom, M|100/100
|turn|9
|
|t:|1757952628
|switch|p2a: Clefable|Clefable, M|100/100
|move|p1a: Breloom|Bullet Seed|p2a: Clefable
|-damage|p2a: Clefable|87/100
|-damage|p2a: Clefable|71/100
|-damage|p2a: Clefable|56/100
|-damage|p2a: Clefable|41/100
|-hitcount|p2a: Clefable|4
|
|-heal|p2a: Clefable|47/100|[from] item: Leftovers
|upkeep
|turn|10
|
|t:|1757952647
|-terastallize|p2a: Clefable|Flying
|move|p1a: Breloom|Bullet Seed|p2a: Clefable
|-resisted|p2a: Clefable
|-damage|p2a: Clefable|40/100
|-resisted|p2a: Clefable
|-damage|p2a: Clefable|33/100
|-resisted|p2a: Clefable
|-damage|p2a: Clefable|26/100
|-resisted|p2a: Clefable
|-crit|p2a: Clefable
|-damage|p2a: Clefable|14/100
|-hitcount|p2a: Clefable|4
|move|p2a: Clefable|Moonblast|p1a: Breloom
|-supereffective|p1a: Breloom
|-damage|p1a: Breloom|0 fnt
|faint|p1a: Breloom
|
|-heal|p2a: Clefable|21/100|[from] item: Leftovers
|upkeep
|
|t:|1757952653
|switch|p1a: Regidrago|Regidrago|100/100
|turn|11
|
|t:|1757952663
|move|p1a: Regidrago|Dragon Energy|p2a: Clefable
|-damage|p2a: Clefable|0 fnt
|faint|p2a: Clefable
|
|upkeep
|
|t:|1757952670
|switch|p2a: Tyranitar|Tyranitar, M|100/100
|-weather|Sandstorm|[from] ability: Sand Stream|[of] p2a: Tyranitar
|turn|12
|
|t:|1757952674
|move|p1a: Regidrago|Dragon Energy|p2a: Tyranitar
|-damage|p2a: Tyranitar|61/100
|move|p2a: Tyranitar|Knock Off|p1a: Regidrago
|-damage|p1a: Regidrago|30/100
|-enditem|p1a: Regidrago|Choice Scarf|[from] move: Knock Off|[of] p2a: Tyranitar
|
|-weather|Sandstorm|[upkeep]
|-damage|p1a: Regidrago|24/100|[from] Sandstorm
|upkeep
|turn|13
|
|t:|1757952684
|move|p1a: Regidrago|Earth Power|p2a: Tyranitar
|-supereffective|p2a: Tyranitar
|-damage|p2a: Tyranitar|40/100
|move|p2a: Tyranitar|Knock Off|p1a: Regidrago
|-damage|p1a: Regidrago|0 fnt
|faint|p1a: Regidrago
|
|-weather|Sandstorm|[upkeep]
|upkeep
|
|t:|1757952689
|switch|p1a: Armarouge|Armarouge, M|100/100
|turn|14
|
|t:|1757952709
|move|p1a: Armarouge|Energy Ball|p2a: Tyranitar
|-supereffective|p2a: Tyranitar
|-damage|p2a: Tyranitar|14/100
|move|p2a: Tyranitar|Knock Off|p1a: Armarouge
|-supereffective|p1a: Armarouge
|-damage|p1a: Armarouge|0 fnt
|-enditem|p1a: Armarouge|Weakness Policy|[from] move: Knock Off|[of] p2a: Tyranitar
|faint|p1a: Armarouge
|
|-weather|Sandstorm|[upkeep]
|upkeep
|
|t:|1757952715
|switch|p1a: Maushold|Maushold-Four|100/100
|turn|15
|
|t:|1757952720
|move|p1a: Maushold|Tidy Up|p1a: Maushold
|-boost|p1a: Maushold|atk|1
|-boost|p1a: Maushold|spe|1
|move|p2a: Tyranitar|Knock Off|p1a: Maushold
|-crit|p1a: Maushold
|-damage|p1a: Maushold|0 fnt
|-enditem|p1a: Maushold|Wide Lens|[from] move: Knock Off|[of] p2a: Tyranitar
|faint|p1a: Maushold
|
|win|zg4h11
|raw|Drosophila_enjoyer's rating: 1371 &rarr; <strong>1350</strong><br />(-21 for losing)
|raw|zg4h11's rating: 1360 &rarr; <strong>1381</strong><br />(+21 for winning)
|l|☆Drosophila_enjoyer
|player|p1|
