|j|☆arhg955
|j|☆moutisma-water
|t:|1757872707
|gametype|singles
|player|p1|arhg955|lucas|1082
|player|p2|moutisma-water|lucas|1137
|gen|9
|tier|[Gen 9] OU
|rated|
|rule|HP Percentage Mod: HP is shown in percentages
|rule|Endless Battle Clause: Forcing endless battles is banned
|rule|Species Clause: Limit one of each Pokémon
|rule|OHKO Clause: OHKO moves are banned
|rule|Evasion Items Clause: Evasion items are banned
|rule|Evasion Moves Clause: Evasion moves are banned
|rule|Evasion Abilities Clause: Evasion abilities are banned
|rule|Sleep Moves Clause: Sleep-inducing moves are banned
|clearpoke
|poke|p1|Dragapult, M|
|poke|p1|Iron Valiant|
|poke|p1|Great Tusk|
|poke|p1|Kingambit, F|
|poke|p1|Dondozo, M|
|poke|p1|Gengar, M|
|poke|p2|Meowscarada, F|
|poke|p2|Okidogi, M|
|poke|p2|Incineroar, M|
|poke|p2|Raikou|
|poke|p2|Persian-Alola, F|
|poke|p2|Mew|
|teampreview
|inactive|Battle timer is ON: inactive players will automatically lose when time's up. (requested by arhg955)
|
|t:|1757872718
|teamsize|p1|6
|teamsize|p2|6
|start
|switch|p1a: Gengar|Gengar, M|100/100
|switch|p2a: Mew|Mew|100/100
|turn|1
|
|t:|1757872729
|switch|p2a: Persian|Persian-Alola, F|100/100
|move|p1a: Gengar|Focus Blast|p2a: Persian
|-supereffective|p2a: Persian
|-damage|p2a: Persian|0 fnt
|faint|p2a: Persian
|
|upkeep
|
|t:|1757872738
|switch|p2a: Meowscarada|Meowscarada, F|100/100
|turn|2
|
|t:|1757872747
|move|p2a: Meowscarada|Shadow Claw|p1a: Gengar
|-start|p2a: Meowscarada|typechange|Ghost|[from] ability: Protean
|-supereffective|p1a: Gengar
|-enditem|p1a: Gengar|Focus Sash
|-damage|p1a: Gengar|1/100
|-start|p2a: Meowscarada|Disable|Shadow Claw|[from] ability: Cursed Body|[of] p1a: Gengar
|move|p1a: Gengar|Sludge Bomb|p2a: Meowscarada
|-resisted|p2a: Meowscarada
|-damage|p2a: Meowscarada|64/100
|
|upkeep
|turn|3
|
|t:|1757872771
|switch|p2a: Raikou|Raikou|100/100
|-ability|p2a: Raikou|Pressure
|switch|p1a: Iron Valiant|Iron Valiant|100/100
|-enditem|p1a: Iron Valiant|Booster Energy
|-activate|p1a: Iron Valiant|ability: Quark Drive|[fromitem]
|-start|p1a: Iron Valiant|quarkdrivespe
|
|upkeep
|turn|4
|
|t:|1757872783
|move|p1a: Iron Valiant|Moonblast|p2a: Raikou
|-damage|p2a: Raikou|73/100
|-unboost|p2a: Raikou|spa|1
|move|p2a: Raikou|Discharge|p1a: Iron Valiant
|-damage|p1a: Iron Valiant|49/100
|-status|p1a: Iron Valiant|par
|
|upkeep
|turn|5
|
|t:|1757872794
|move|p2a: Raikou|Discharge|p1a: Iron Valiant
|-crit|p1a: Iron Valiant
|-damage|p1a: Iron Valiant|0 fnt
|faint|p1a: Iron Valiant
|-end|p1a: Iron Valiant|Quark Drive|[silent]
|
|upkeep
|
|t:|1757872800
|switch|p1a: Gengar|Gengar, M|1/100
|turn|6
|
|t:|1757872805
|move|p2a: Raikou|Discharge|p1a: Gengar
|-damage|p1a: Gengar|0 fnt
|faint|p1a: Gengar
|
|upkeep
|-message|arhg955 forfeited.
|
|win|moutisma-water
|raw|arhg955's rating: 1082 &rarr; <strong>1063</strong><br />(-19 for losing)
|raw|moutisma-water's rating: 1137 &rarr; <strong>1158</strong><br />(+21 for winning)
|l|☆arhg955
|player|p1|
