|j|☆sir_miestro
|j|☆ChessyCheesePizza
|t:|1757953731
|gametype|singles
|player|p1|sir_miestro|blackbelt-gen4dp|1306
|player|p2|ChessyCheesePizza|cynthia-gen4|1259
|gen|9
|tier|[Gen 9] OU
|rated|
|rule|HP Percentage Mod: HP is shown in percentages
|rule|Endless Battle Clause: Forcing endless battles is banned
|rule|Species Clause: Limit one of each Pokémon
|rule|OHKO Clause: OHKO moves are banned
|rule|Evasion Items Clause: Evasion items are banned
|rule|Evasion Moves Clause: Evasion moves are banned
|rule|Evasion Abilities Clause: Evasion abilities are banned
|rule|Sleep Moves Clause: Sleep-inducing moves are banned
|clearpoke
|poke|p1|Rotom-Wash|
|poke|p1|Clefable, M|
|poke|p1|Ambipom, F|
|poke|p1|Dachsbun, M|
|poke|p1|Houndstone, M|
|poke|p1|Cinderace, M|
|poke|p2|Iron Valiant|
|poke|p2|Hawlucha, F|
|poke|p2|Iron Crown|
|poke|p2|Iron Jugulis|
|poke|p2|Pincurchin, F|
|poke|p2|Raging Bolt|
|teampreview
|inactive|Battle timer is ON: inactive players will automatically lose when time's up. (requested by ChessyCheesePizza)
|
|t:|1757953744
|teamsize|p1|6
|teamsize|p2|6
|start
|switch|p1a: Ambipom|Ambipom, F|100/100
|switch|p2a: Pincurchin|Pincurchin, F|100/100
|-fieldstart|move: Electric Terrain|[from] ability: Electric Surge|[of] p2a: Pincurchin
|turn|1
|
|t:|1757953751
|switch|p2a: Hawlucha|Hawlucha, F|100/100
|-enditem|p2a: Hawlucha|Electric Seed
|-boost|p2a: Hawlucha|def|1|[from] item: Electric Seed
|move|p1a: Ambipom|Switcheroo|p2a: Hawlucha
|-activate|p1a: Ambipom|move: Trick|[of] p2a: Hawlucha
|-item|p2a: Hawlucha|Choice Scarf|[from] move: Switcheroo
|-enditem|p1a: Ambipom|Choice Scarf|[silent]|[from] move: Switcheroo
|
|upkeep
|turn|2
|
|t:|1757953778
|move|p2a: Hawlucha|Acrobatics|p1a: Ambipom
|-damage|p1a: Ambipom|61/100
|move|p1a: Ambipom|Thunder Wave|p2a: Hawlucha
|-status|p2a: Hawlucha|par
|
|upkeep
|turn|3
|
|t:|1757953785
|move|p1a: Ambipom|U-turn|p2a: Hawlucha
|-resisted|p2a: Hawlucha
|-damage|p2a: Hawlucha|96/100 par
|
|t:|1757953788
|switch|p1a: Houndstone|Houndstone, M|100/100|[from] U-turn
|move|p2a: Hawlucha|Acrobatics|p1a: Houndstone
|-damage|p1a: Houndstone|88/100
|-damage|p2a: Hawlucha|79/100 par|[from] item: Rocky Helmet|[of] p1a: Houndstone
|
|upkeep
|turn|4
|
|t:|1757953793
|switch|p2a: Iron Jugulis|Iron Jugulis|100/100
|-activate|p2a: Iron Jugulis|ability: Quark Drive
|-start|p2a: Iron Jugulis|quarkdrivespe
|move|p1a: Houndstone|Will-O-Wisp|p2a: Iron Jugulis
|-status|p2a: Iron Jugulis|brn
|
|-damage|p2a: Iron Jugulis|94/100 brn|[from] brn
|upkeep
|turn|5
|
|t:|1757953802
|switch|p1a: Dachsbun|Dachsbun, M|100/100
|move|p2a: Iron Jugulis|Air Slash|p1a: Dachsbun
|-damage|p1a: Dachsbun|50/100
|
|-heal|p1a: Dachsbun|56/100|[from] item: Leftovers
|-damage|p2a: Iron Jugulis|88/100 brn|[from] brn
|upkeep
|turn|6
|
|t:|1757953808
|move|p2a: Iron Jugulis|Meteor Beam||[still]
|-prepare|p2a: Iron Jugulis|Meteor Beam
|-boost|p2a: Iron Jugulis|spa|1
|-enditem|p2a: Iron Jugulis|Power Herb
|-anim|p2a: Iron Jugulis|Meteor Beam|p1a: Dachsbun
|-damage|p1a: Dachsbun|0 fnt
|faint|p1a: Dachsbun
|
|-damage|p2a: Iron Jugulis|82/100 brn|[from] brn
|upkeep
|
|t:|1757953822
|switch|p1a: Cinderace|Cinderace, M|100/100
|turn|7
|
|t:|1757953826
|move|p2a: Iron Jugulis|Earth Power|p1a: Cinderace
|-supereffective|p1a: Cinderace
|-damage|p1a: Cinderace|0 fnt
|faint|p1a: Cinderace
|
|-damage|p2a: Iron Jugulis|76/100 brn|[from] brn
|upkeep
|
|t:|1757953829
|switch|p1a: Rotom|Rotom-Wash|100/100
|turn|8
|
|t:|1757953850
|move|p2a: Iron Jugulis|Meteor Beam||[still]
|-prepare|p2a: Iron Jugulis|Meteor Beam
|-boost|p2a: Iron Jugulis|spa|1
|move|p1a: Rotom|Volt Switch|p2a: Iron Jugulis
|-supereffective|p2a: Iron Jugulis
|-damage|p2a: Iron Jugulis|0 fnt
|faint|p2a: Iron Jugulis
|-end|p2a: Iron Jugulis|Quark Drive|[silent]
|
|t:|1757953856
|switch|p1a: Ambipom|Ambipom, F|61/100|[from] Volt Switch
|
|-fieldend|move: Electric Terrain
|upkeep
|
|t:|1757953860
|switch|p2a: Pincurchin|Pincurchin, F|100/100
|-fieldstart|move: Electric Terrain|[from] ability: Electric Surge|[of] p2a: Pincurchin
|turn|9
|
|t:|1757953865
|switch|p2a: Hawlucha|Hawlucha, F|79/100 par
|move|p1a: Ambipom|U-turn|p2a: Hawlucha
|-resisted|p2a: Hawlucha
|-damage|p2a: Hawlucha|72/100 par
|
|t:|1757953870
|switch|p1a: Rotom|Rotom-Wash|100/100|[from] U-turn
|
|upkeep
|turn|10
|
|t:|1757953874
|switch|p2a: Raging Bolt|Raging Bolt|100/100
|-enditem|p2a: Raging Bolt|Electric Seed
|-boost|p2a: Raging Bolt|def|1|[from] item: Electric Seed
|move|p1a: Rotom|Volt Switch|p2a: Raging Bolt
|-resisted|p2a: Raging Bolt
|-damage|p2a: Raging Bolt|94/100
|
|t:|1757953880
|switch|p1a: Clefable|Clefable, M|100/100|[from] Volt Switch
|
|-status|p1a: Clefable|brn|[from] item: Flame Orb
|upkeep
|turn|11
|
|t:|1757953885
|-end|p2a: Raging Bolt|Protosynthesis|[silent]
|switch|p2a: Iron Crown|Iron Crown|100/100
|-activate|p2a: Iron Crown|ability: Quark Drive
|-start|p2a: Iron Crown|quarkdrivespa
|move|p1a: Clefable|Moonblast|p2a: Iron Crown
|-resisted|p2a: Iron Crown
|-damage|p2a: Iron Crown|78/100
|-unboost|p2a: Iron Crown|spa|1
|
|upkeep
|turn|12
|
|t:|1757953892
|switch|p1a: Houndstone|Houndstone, M|88/100
|move|p2a: Iron Crown|Volt Switch|p1a: Houndstone
|-damage|p1a: Houndstone|60/100
|
|t:|1757953900
|-end|p2a: Iron Crown|Quark Drive|[silent]
|switch|p2a: Raging Bolt|Raging Bolt|94/100|[from] Volt Switch
|
|upkeep
|turn|13
|
|t:|1757953904
|move|p2a: Raging Bolt|Rising Voltage|p1a: Houndstone
|-hint|Rising Voltage's BP doubled on grounded target.
|-damage|p1a: Houndstone|0 fnt
|faint|p1a: Houndstone
|
|upkeep
|
|t:|1757953909
|switch|p1a: Clefable|Clefable, M|100/100 brn
|turn|14
|
|t:|1757953912
|-end|p2a: Raging Bolt|Protosynthesis|[silent]
|switch|p2a: Iron Crown|Iron Crown|78/100
|-activate|p2a: Iron Crown|ability: Quark Drive
|-start|p2a: Iron Crown|quarkdrivespa
|move|p1a: Clefable|Moonblast|p2a: Iron Crown
|-resisted|p2a: Iron Crown
|-damage|p2a: Iron Crown|56/100
|
|upkeep
|turn|15
|
|t:|1757953917
|move|p2a: Iron Crown|Psychic Noise|p1a: Clefable
|-damage|p1a: Clefable|27/100 brn
|-start|p1a: Clefable|move: Heal Block
|move|p1a: Clefable|Flamethrower|p2a: Iron Crown
|-supereffective|p2a: Iron Crown
|-damage|p2a: Iron Crown|2/100
|
|upkeep
|turn|16
|
|t:|1757953923
|move|p2a: Iron Crown|Psychic Noise|p1a: Clefable
|-damage|p1a: Clefable|0 fnt
|faint|p1a: Clefable
|
|-fieldend|move: Electric Terrain
|-end|p2a: Iron Crown|Quark Drive
|upkeep
|
|t:|1757953926
|switch|p1a: Ambipom|Ambipom, F|61/100
|turn|17
|
|t:|1757953931
|move|p1a: Ambipom|U-turn|p2a: Iron Crown
|-damage|p2a: Iron Crown|0 fnt
|faint|p2a: Iron Crown
|-end|p2a: Iron Crown|Quark Drive|[silent]
|
|t:|1757953933
|switch|p1a: Rotom|Rotom-Wash|100/100|[from] U-turn
|
|upkeep
|
|t:|1757953937
|switch|p2a: Pincurchin|Pincurchin, F|100/100
|-fieldstart|move: Electric Terrain|[from] ability: Electric Surge|[of] p2a: Pincurchin
|turn|18
|
|t:|1757953943
|switch|p2a: Raging Bolt|Raging Bolt|94/100
|move|p1a: Rotom|Will-O-Wisp|p2a: Raging Bolt
|-status|p2a: Raging Bolt|brn
|
|-damage|p2a: Raging Bolt|88/100 brn|[from] brn
|upkeep
|turn|19
|
|t:|1757953948
|-terastallize|p1a: Rotom|Steel
|move|p1a: Rotom|Hydro Pump|p2a: Raging Bolt
|-resisted|p2a: Raging Bolt
|-damage|p2a: Raging Bolt|68/100 brn
|move|p2a: Raging Bolt|Rising Voltage|p1a: Rotom
|-damage|p1a: Rotom|29/100
|
|-heal|p1a: Rotom|35/100|[from] item: Leftovers
|-damage|p2a: Raging Bolt|62/100 brn|[from] brn
|upkeep
|turn|20
|
|t:|1757953957
|move|p1a: Rotom|Hydro Pump|p2a: Raging Bolt|[miss]
|-miss|p1a: Rotom|p2a: Raging Bolt
|move|p2a: Raging Bolt|Rising Voltage|p1a: Rotom
|-damage|p1a: Rotom|0 fnt
|faint|p1a: Rotom
|
|-damage|p2a: Raging Bolt|56/100 brn|[from] brn
|upkeep
|
|t:|1757953959
|switch|p1a: Ambipom|Ambipom, F|61/100
|turn|21
|
|t:|1757953964
|move|p1a: Ambipom|Aerial Ace|p2a: Raging Bolt
|-resisted|p2a: Raging Bolt
|-damage|p2a: Raging Bolt|44/100 brn
|move|p2a: Raging Bolt|Rising Voltage|p1a: Ambipom
|-hint|Rising Voltage's BP doubled on grounded target.
|-damage|p1a: Ambipom|0 fnt
|faint|p1a: Ambipom
|
|win|ChessyCheesePizza
|raw|sir_miestro's rating: 1306 &rarr; <strong>1283</strong><br />(-23 for losing)
|raw|ChessyCheesePizza's rating: 1259 &rarr; <strong>1287</strong><br />(+28 for winning)
|l|☆sir_miestro
|player|p1|
|l|☆ChessyCheesePizza
|player|p2|
