|j|☆meskoossss
|j|☆Anant47
|t:|1757963943
|gametype|singles
|player|p1|meskoossss|musician|1060
|player|p2|Anant47|169|1000
|gen|9
|tier|[Gen 9] OU
|rated|
|rule|HP Percentage Mod: HP is shown in percentages
|rule|Endless Battle Clause: Forcing endless battles is banned
|rule|Species Clause: Limit one of each Pokémon
|rule|OHKO Clause: OHKO moves are banned
|rule|Evasion Items Clause: Evasion items are banned
|rule|Evasion Moves Clause: Evasion moves are banned
|rule|Evasion Abilities Clause: Evasion abilities are banned
|rule|Sleep Moves Clause: Sleep-inducing moves are banned
|clearpoke
|poke|p1|Clefable, F|
|poke|p1|Darkrai|
|poke|p1|Hoopa-Unbound|
|poke|p1|Great Tusk|
|poke|p1|Kyurem|
|poke|p1|Araquanid, M|
|poke|p2|Blissey, F|
|poke|p2|Ditto|
|poke|p2|Dondozo, F|
|poke|p2|Toxapex, F|
|poke|p2|Alomomola, M|
|poke|p2|Ting-Lu|
|teampreview
|c|☆meskoossss|i hate you
|c|☆meskoossss|i want you dead
|
|t:|1757963971
|teamsize|p1|6
|teamsize|p2|6
|start
|switch|p1a: Clefable|Clefable, F|100/100
|switch|p2a: Blissey|Blissey, F|100/100
|turn|1
|
|t:|1757963984
|switch|p1a: Hoopa|Hoopa-Unbound|100/100
|move|p2a: Blissey|Calm Mind|p2a: Blissey
|-boost|p2a: Blissey|spa|1
|-boost|p2a: Blissey|spd|1
|
|upkeep
|turn|2
|
|t:|1757964004
|-terastallize|p2a: Blissey|Water
|move|p1a: Hoopa|Knock Off|p2a: Blissey
|-damage|p2a: Blissey|43/100
|-enditem|p2a: Blissey|Heavy-Duty Boots|[from] move: Knock Off|[of] p1a: Hoopa
|move|p2a: Blissey|Seismic Toss|p1a: Hoopa
|-damage|p1a: Hoopa|67/100
|
|upkeep
|turn|3
|
|t:|1757964015
|move|p1a: Hoopa|Knock Off|p2a: Blissey
|-crit|p2a: Blissey
|-damage|p2a: Blissey|0 fnt
|faint|p2a: Blissey
|
|upkeep
|
|t:|1757964023
|switch|p2a: Ditto|Ditto|100/100
|-transform|p2a: Ditto|p1a: Hoopa|[from] ability: Imposter
|-item|p2a: Ditto|Air Balloon
|turn|4
|c|☆meskoossss|blud tried to be sneaky golem
|
|t:|1757964032
|move|p1a: Hoopa|Knock Off|p2a: Ditto
|-damage|p2a: Ditto|3/100
|-enditem|p2a: Ditto|Air Balloon
|move|p2a: Ditto|Zen Headbutt|p1a: Hoopa
|-immune|p1a: Hoopa
|
|upkeep
|turn|5
|
|t:|1757964040
|move|p1a: Hoopa|Knock Off|p2a: Ditto
|-damage|p2a: Ditto|0 fnt
|faint|p2a: Ditto
|
|upkeep
|
|t:|1757964046
|switch|p2a: Toxapex|Toxapex, F|100/100
|turn|6
|
|t:|1757964053
|move|p1a: Hoopa|Knock Off|p2a: Toxapex
|-damage|p2a: Toxapex|63/100
|-enditem|p2a: Toxapex|Heavy-Duty Boots|[from] move: Knock Off|[of] p1a: Hoopa
|move|p2a: Toxapex|Haze|p2a: Toxapex
|-clearallboost
|
|upkeep
|turn|7
|-message|Anant47 forfeited.
|
|win|meskoossss
