|j|☆homojeff
|j|☆Rigid123456
|t:|1757935619
|gametype|singles
|player|p1|homojeff|swimmer-gen4|1228
|player|p2|Rigid123456|red|1304
|gen|9
|tier|[Gen 9] OU
|rated|
|rule|HP Percentage Mod: HP is shown in percentages
|rule|Endless Battle Clause: Forcing endless battles is banned
|rule|Species Clause: Limit one of each Pokémon
|rule|OHKO Clause: OHKO moves are banned
|rule|Evasion Items Clause: Evasion items are banned
|rule|Evasion Moves Clause: Evasion moves are banned
|rule|Evasion Abilities Clause: Evasion abilities are banned
|rule|Sleep Moves Clause: Sleep-inducing moves are banned
|clearpoke
|poke|p1|Slowbro, M|
|poke|p1|Gliscor, M|
|poke|p1|Deoxys-Defense|
|poke|p1|Arboliva, F|
|poke|p1|Clefable, M|
|poke|p1|Garganacl, M|
|poke|p2|Blaziken, M|
|poke|p2|Corviknight, F|
|poke|p2|Alomomola, F|
|poke|p2|Arcanine-Hisui, F|
|poke|p2|Rillaboom, F|
|poke|p2|Primarina, M|
|teampreview
|inactive|Battle timer is ON: inactive players will automatically lose when time's up. (requested by Rigid123456)
|
|t:|1757935641
|teamsize|p1|6
|teamsize|p2|6
|start
|switch|p1a: Arboliva|Arboliva, F|100/100
|switch|p2a: Primarina|Primarina, M|100/100
|turn|1
|
|t:|1757935645
|switch|p2a: Corviknight|Corviknight, F|100/100
|move|p1a: Arboliva|Leech Seed|p2a: Corviknight|[miss]
|-miss|p1a: Arboliva|p2a: Corviknight
|
|upkeep
|turn|2
|
|t:|1757935655
|move|p2a: Corviknight|Body Press|p1a: Arboliva
|-supereffective|p1a: Arboliva
|-damage|p1a: Arboliva|64/100
|-damage|p2a: Corviknight|84/100|[from] item: Rocky Helmet|[of] p1a: Arboliva
|-fieldstart|move: Grassy Terrain|[from] ability: Seed Sower|[of] p1a: Arboliva
|move|p1a: Arboliva|Leech Seed|p2a: Corviknight|[miss]
|-miss|p1a: Arboliva|p2a: Corviknight
|
|-heal|p2a: Corviknight|90/100|[from] item: Leftovers
|-heal|p1a: Arboliva|70/100|[from] Grassy Terrain
|upkeep
|turn|3
|
|t:|1757935660
|move|p2a: Corviknight|Brave Bird|p1a: Arboliva
|-supereffective|p1a: Arboliva
|-damage|p1a: Arboliva|10/100
|-damage|p2a: Corviknight|74/100|[from] item: Rocky Helmet|[of] p1a: Arboliva
|-damage|p2a: Corviknight|56/100|[from] Recoil
|move|p1a: Arboliva|Leech Seed|p2a: Corviknight
|-start|p2a: Corviknight|move: Leech Seed
|
|-heal|p2a: Corviknight|62/100|[from] item: Leftovers
|-heal|p1a: Arboliva|16/100|[from] Grassy Terrain
|-damage|p2a: Corviknight|50/100|[from] Leech Seed|[of] p1a: Arboliva
|-heal|p1a: Arboliva|30/100|[silent]
|upkeep
|turn|4
|
|t:|1757935666
|move|p1a: Arboliva|Protect|p1a: Arboliva
|-singleturn|p1a: Arboliva|Protect
|move|p2a: Corviknight|Body Press|p1a: Arboliva
|-activate|p1a: Arboliva|move: Protect
|
|-heal|p2a: Corviknight|56/100|[from] item: Leftovers
|-heal|p1a: Arboliva|36/100|[from] Grassy Terrain
|-damage|p2a: Corviknight|43/100|[from] Leech Seed|[of] p1a: Arboliva
|-heal|p1a: Arboliva|50/100|[silent]
|upkeep
|turn|5
|
|t:|1757935676
|switch|p1a: Gliscor|Gliscor, M|100/100
|move|p2a: Corviknight|Body Press|p1a: Gliscor
|-resisted|p1a: Gliscor
|-damage|p1a: Gliscor|92/100
|
|-heal|p2a: Corviknight|50/100|[from] item: Leftovers
|-damage|p2a: Corviknight|37/100|[from] Leech Seed|[of] p1a: Gliscor
|-heal|p1a: Gliscor|100/100|[silent]
|-status|p1a: Gliscor|tox|[from] item: Toxic Orb
|upkeep
|turn|6
|
|t:|1757935683
|move|p1a: Gliscor|Knock Off|p2a: Corviknight
|-damage|p2a: Corviknight|20/100
|-enditem|p2a: Corviknight|Leftovers|[from] move: Knock Off|[of] p1a: Gliscor
|move|p2a: Corviknight|Roost|p2a: Corviknight
|-heal|p2a: Corviknight|70/100
|-singleturn|p2a: Corviknight|move: Roost
|
|-heal|p2a: Corviknight|77/100|[from] Grassy Terrain
|-damage|p2a: Corviknight|64/100|[from] Leech Seed|[of] p1a: Gliscor
|-fieldend|move: Grassy Terrain
|upkeep
|turn|7
|
|t:|1757935693
|switch|p2a: Primarina|Primarina, M|100/100
|move|p1a: Gliscor|Toxic|p2a: Primarina
|-status|p2a: Primarina|tox
|
|-damage|p2a: Primarina|94/100 tox|[from] psn
|upkeep
|turn|8
|
|t:|1757935699
|move|p1a: Gliscor|Knock Off|p2a: Primarina
|-resisted|p2a: Primarina
|-damage|p2a: Primarina|80/100 tox
|-enditem|p2a: Primarina|Throat Spray|[from] move: Knock Off|[of] p1a: Gliscor
|move|p2a: Primarina|Hyper Voice|p1a: Gliscor
|-supereffective|p1a: Gliscor
|-damage|p1a: Gliscor|15/100 tox
|
|-heal|p1a: Gliscor|27/100 tox|[from] ability: Poison Heal
|-damage|p2a: Primarina|68/100 tox|[from] psn
|upkeep
|turn|9
|
|t:|1757935703
|move|p1a: Gliscor|Protect|p1a: Gliscor
|-singleturn|p1a: Gliscor|Protect
|move|p2a: Primarina|Hyper Voice|p1a: Gliscor
|-activate|p1a: Gliscor|move: Protect
|
|-heal|p1a: Gliscor|40/100 tox|[from] ability: Poison Heal
|-damage|p2a: Primarina|50/100 tox|[from] psn
|upkeep
|turn|10
|
|t:|1757935707
|switch|p1a: Garganacl|Garganacl, M|100/100
|move|p2a: Primarina|Hyper Voice|p1a: Garganacl
|-supereffective|p1a: Garganacl
|-damage|p1a: Garganacl|34/100
|
|-heal|p1a: Garganacl|40/100|[from] item: Leftovers
|-damage|p2a: Primarina|26/100 tox|[from] psn
|upkeep
|turn|11
|
|t:|1757935715
|switch|p2a: Alomomola|Alomomola, F|100/100
|move|p1a: Garganacl|Recover|p1a: Garganacl
|-heal|p1a: Garganacl|90/100
|
|-heal|p1a: Garganacl|96/100|[from] item: Leftovers
|upkeep
|turn|12
|
|t:|1757935719
|move|p2a: Alomomola|Wish|p2a: Alomomola
|move|p1a: Garganacl|Salt Cure|p2a: Alomomola
|-damage|p2a: Alomomola|93/100
|-start|p2a: Alomomola|Salt Cure
|
|-heal|p1a: Garganacl|100/100|[from] item: Leftovers
|-damage|p2a: Alomomola|68/100|[from] Salt Cure
|upkeep
|turn|13
|
|t:|1757935723
|move|p2a: Alomomola|Flip Turn|p1a: Garganacl
|-supereffective|p1a: Garganacl
|-damage|p1a: Garganacl|81/100
|
|t:|1757935725
|switch|p2a: Corviknight|Corviknight, F|64/100|[from] Flip Turn
|move|p1a: Garganacl|Salt Cure|p2a: Corviknight
|-damage|p2a: Corviknight|53/100
|-start|p2a: Corviknight|Salt Cure
|
|-heal|p2a: Corviknight|100/100|[from] move: Wish|[wisher] Alomomola
|-heal|p1a: Garganacl|87/100|[from] item: Leftovers
|-damage|p2a: Corviknight|75/100|[from] Salt Cure
|upkeep
|turn|14
|
|t:|1757935735
|-terastallize|p2a: Corviknight|Dragon
|move|p2a: Corviknight|Body Press|p1a: Garganacl
|-supereffective|p1a: Garganacl
|-damage|p1a: Garganacl|59/100
|move|p1a: Garganacl|Iron Defense|p1a: Garganacl
|-boost|p1a: Garganacl|def|2
|
|-heal|p1a: Garganacl|65/100|[from] item: Leftovers
|-damage|p2a: Corviknight|63/100|[from] Salt Cure
|upkeep
|turn|15
|
|t:|1757935743
|move|p2a: Corviknight|Body Press|p1a: Garganacl
|-supereffective|p1a: Garganacl
|-damage|p1a: Garganacl|51/100
|move|p1a: Garganacl|Iron Defense|p1a: Garganacl
|-boost|p1a: Garganacl|def|2
|
|-heal|p1a: Garganacl|57/100|[from] item: Leftovers
|-damage|p2a: Corviknight|50/100|[from] Salt Cure
|upkeep
|turn|16
|
|t:|1757935747
|switch|p2a: Alomomola|Alomomola, F|100/100
|move|p1a: Garganacl|Iron Defense|p1a: Garganacl
|-boost|p1a: Garganacl|def|2
|
|-heal|p1a: Garganacl|63/100|[from] item: Leftovers
|upkeep
|turn|17
|
|t:|1757935751
|move|p2a: Alomomola|Flip Turn|p1a: Garganacl
|-supereffective|p1a: Garganacl
|-damage|p1a: Garganacl|57/100
|
|t:|1757935761
|switch|p2a: Primarina|Primarina, M|26/100 tox|[from] Flip Turn
|move|p1a: Garganacl|Salt Cure|p2a: Primarina
|-damage|p2a: Primarina|8/100 tox
|-start|p2a: Primarina|Salt Cure
|
|-heal|p1a: Garganacl|64/100|[from] item: Leftovers
|-damage|p2a: Primarina|2/100 tox|[from] psn
|-damage|p2a: Primarina|0 fnt|[from] Salt Cure
|faint|p2a: Primarina
|upkeep
|
|t:|1757935766
|switch|p2a: Rillaboom|Rillaboom, F|100/100
|-fieldstart|move: Grassy Terrain|[from] ability: Grassy Surge|[of] p2a: Rillaboom
|turn|18
|
|t:|1757935769
|move|p2a: Rillaboom|Wood Hammer|p1a: Garganacl
|-supereffective|p1a: Garganacl
|-damage|p1a: Garganacl|25/100
|-damage|p2a: Rillaboom|85/100|[from] Recoil
|move|p1a: Garganacl|Salt Cure|p2a: Rillaboom
|-damage|p2a: Rillaboom|70/100
|-start|p2a: Rillaboom|Salt Cure
|
|-heal|p2a: Rillaboom|76/100|[from] Grassy Terrain
|-heal|p1a: Garganacl|31/100|[from] Grassy Terrain
|-heal|p1a: Garganacl|37/100|[from] item: Leftovers
|-damage|p2a: Rillaboom|64/100|[from] Salt Cure
|upkeep
|turn|19
|
|t:|1757935772
|move|p2a: Rillaboom|Wood Hammer|p1a: Garganacl
|-supereffective|p1a: Garganacl
|-damage|p1a: Garganacl|0 fnt
|faint|p1a: Garganacl
|-damage|p2a: Rillaboom|50/100|[from] Recoil
|
|-heal|p2a: Rillaboom|56/100|[from] Grassy Terrain
|-damage|p2a: Rillaboom|44/100|[from] Salt Cure
|upkeep
|
|t:|1757935780
|switch|p1a: Arboliva|Arboliva, F|50/100
|turn|20
|
|t:|1757935785
|switch|p2a: Corviknight|Corviknight, F, tera:Dragon|50/100
|move|p1a: Arboliva|Protect||[still]
|-fail|p1a: Arboliva
|
|-heal|p2a: Corviknight|57/100|[from] Grassy Terrain
|-heal|p1a: Arboliva|56/100|[from] Grassy Terrain
|upkeep
|turn|21
|
|t:|1757935790
|move|p2a: Corviknight|Brave Bird|p1a: Arboliva
|-supereffective|p1a: Arboliva
|-damage|p1a: Arboliva|0 fnt
|-damage|p2a: Corviknight|40/100|[from] item: Rocky Helmet|[of] p1a: Arboliva
|faint|p1a: Arboliva
|-damage|p2a: Corviknight|24/100|[from] Recoil
|
|-heal|p2a: Corviknight|30/100|[from] Grassy Terrain
|upkeep
|
|t:|1757935797
|switch|p1a: Deoxys|Deoxys-Defense|100/100
|-ability|p1a: Deoxys|Pressure
|turn|22
|
|t:|1757935801
|move|p1a: Deoxys|Cosmic Power|p1a: Deoxys
|-boost|p1a: Deoxys|def|1
|-boost|p1a: Deoxys|spd|1
|move|p2a: Corviknight|Roost|p2a: Corviknight
|-heal|p2a: Corviknight|80/100
|
|-heal|p2a: Corviknight|86/100|[from] Grassy Terrain
|-fieldend|move: Grassy Terrain
|upkeep
|turn|23
|
|t:|1757935812
|switch|p2a: Arcanine|Arcanine-Hisui, F|100/100
|move|p1a: Deoxys|Cosmic Power|p1a: Deoxys
|-boost|p1a: Deoxys|def|1
|-boost|p1a: Deoxys|spd|1
|
|upkeep
|turn|24
|
|t:|1757935815
|move|p2a: Arcanine|Head Smash|p1a: Deoxys
|-damage|p1a: Deoxys|73/100
|move|p1a: Deoxys|Cosmic Power|p1a: Deoxys
|-boost|p1a: Deoxys|def|1
|-boost|p1a: Deoxys|spd|1
|
|-heal|p1a: Deoxys|79/100|[from] item: Leftovers
|upkeep
|turn|25
|
|t:|1757935818
|move|p2a: Arcanine|Head Smash|p1a: Deoxys
|-damage|p1a: Deoxys|59/100
|move|p1a: Deoxys|Cosmic Power|p1a: Deoxys
|-boost|p1a: Deoxys|def|1
|-boost|p1a: Deoxys|spd|1
|
|-heal|p1a: Deoxys|65/100|[from] item: Leftovers
|upkeep
|turn|26
|
|t:|1757935820
|move|p2a: Arcanine|Head Smash|p1a: Deoxys|[miss]
|-miss|p2a: Arcanine|p1a: Deoxys
|move|p1a: Deoxys|Cosmic Power|p1a: Deoxys
|-boost|p1a: Deoxys|def|1
|-boost|p1a: Deoxys|spd|1
|
|-heal|p1a: Deoxys|72/100|[from] item: Leftovers
|upkeep
|turn|27
|
|t:|1757935821
|move|p2a: Arcanine|Head Smash|p1a: Deoxys
|-damage|p1a: Deoxys|54/100
|move|p1a: Deoxys|Cosmic Power|p1a: Deoxys
|-boost|p1a: Deoxys|def|1
|-boost|p1a: Deoxys|spd|1
|
|-heal|p1a: Deoxys|61/100|[from] item: Leftovers
|upkeep
|turn|28
|
|t:|1757935824
|-activate|p2a: Arcanine|move: Struggle
|move|p2a: Arcanine|Struggle|p1a: Deoxys
|-damage|p1a: Deoxys|58/100
|-damage|p2a: Arcanine|75/100|[from] recoil
|move|p1a: Deoxys|Poison Jab|p2a: Arcanine
|-resisted|p2a: Arcanine
|-damage|p2a: Arcanine|68/100
|
|-heal|p1a: Deoxys|64/100|[from] item: Leftovers
|upkeep
|turn|29
|
|t:|1757935826
|switch|p2a: Rillaboom|Rillaboom, F|44/100
|-fieldstart|move: Grassy Terrain|[from] ability: Grassy Surge|[of] p2a: Rillaboom
|move|p1a: Deoxys|Poison Jab|p2a: Rillaboom
|-supereffective|p2a: Rillaboom
|-damage|p2a: Rillaboom|16/100
|
|-heal|p2a: Rillaboom|22/100|[from] Grassy Terrain
|-heal|p1a: Deoxys|70/100|[from] Grassy Terrain
|-heal|p1a: Deoxys|76/100|[from] item: Leftovers
|upkeep
|turn|30
|
|t:|1757935828
|switch|p2a: Alomomola|Alomomola, F|100/100
|move|p1a: Deoxys|Poison Jab|p2a: Alomomola
|-damage|p2a: Alomomola|94/100
|
|-heal|p1a: Deoxys|83/100|[from] Grassy Terrain
|-heal|p1a: Deoxys|89/100|[from] item: Leftovers
|-heal|p2a: Alomomola|99/100|[from] Grassy Terrain
|upkeep
|turn|31
|
|t:|1757935831
|move|p1a: Deoxys|Poison Jab|p2a: Alomomola
|-damage|p2a: Alomomola|93/100
|move|p2a: Alomomola|Wish|p2a: Alomomola
|
|-heal|p1a: Deoxys|95/100|[from] Grassy Terrain
|-heal|p1a: Deoxys|100/100|[from] item: Leftovers
|-heal|p2a: Alomomola|99/100|[from] Grassy Terrain
|upkeep
|turn|32
|
|t:|1757935835
|move|p1a: Deoxys|Poison Jab|p2a: Alomomola
|-damage|p2a: Alomomola|92/100
|move|p2a: Alomomola|Flip Turn|p1a: Deoxys
|-damage|p1a: Deoxys|98/100
|
|t:|1757935839
|switch|p2a: Rillaboom|Rillaboom, F|22/100|[from] Flip Turn
|
|-heal|p2a: Rillaboom|100/100|[from] move: Wish|[wisher] Alomomola
|-heal|p1a: Deoxys|100/100|[from] Grassy Terrain
|upkeep
|turn|33
|
|t:|1757935841
|move|p2a: Rillaboom|Wood Hammer|p1a: Deoxys
|-damage|p1a: Deoxys|78/100
|-damage|p2a: Rillaboom|94/100|[from] Recoil
|move|p1a: Deoxys|Poison Jab|p2a: Rillaboom
|-supereffective|p2a: Rillaboom
|-damage|p2a: Rillaboom|68/100
|
|-heal|p2a: Rillaboom|74/100|[from] Grassy Terrain
|-heal|p1a: Deoxys|85/100|[from] Grassy Terrain
|-heal|p1a: Deoxys|91/100|[from] item: Leftovers
|-fieldend|move: Grassy Terrain
|upkeep
|turn|34
|
|t:|1757935843
|switch|p2a: Alomomola|Alomomola, F|100/100
|move|p1a: Deoxys|Poison Jab|p2a: Alomomola
|-damage|p2a: Alomomola|94/100
|
|-heal|p1a: Deoxys|97/100|[from] item: Leftovers
|upkeep
|turn|35
|
|t:|1757935845
|move|p1a: Deoxys|Poison Jab|p2a: Alomomola
|-damage|p2a: Alomomola|87/100
|move|p2a: Alomomola|Wish|p2a: Alomomola
|
|-heal|p1a: Deoxys|100/100|[from] item: Leftovers
|upkeep
|turn|36
|
|t:|1757935847
|move|p1a: Deoxys|Poison Jab|p2a: Alomomola
|-damage|p2a: Alomomola|80/100
|-status|p2a: Alomomola|psn
|move|p2a: Alomomola|Flip Turn|p1a: Deoxys
|-damage|p1a: Deoxys|98/100
|
|t:|1757935850
|switch|p2a: Rillaboom|Rillaboom, F|74/100|[from] Flip Turn
|-fieldstart|move: Grassy Terrain|[from] ability: Grassy Surge|[of] p2a: Rillaboom
|
|-heal|p2a: Rillaboom|100/100|[from] move: Wish|[wisher] Alomomola
|-heal|p1a: Deoxys|100/100|[from] Grassy Terrain
|upkeep
|turn|37
|
|t:|1757935851
|move|p2a: Rillaboom|U-turn|p1a: Deoxys
|-supereffective|p1a: Deoxys
|-damage|p1a: Deoxys|87/100
|
|t:|1757935854
|switch|p2a: Alomomola|Alomomola, F|100/100 psn|[from] U-turn
|move|p1a: Deoxys|Poison Jab|p2a: Alomomola
|-damage|p2a: Alomomola|94/100 psn
|
|-heal|p1a: Deoxys|94/100|[from] Grassy Terrain
|-heal|p1a: Deoxys|99/100|[from] item: Leftovers
|-heal|p2a: Alomomola|99/100 psn|[from] Grassy Terrain
|-damage|p2a: Alomomola|88/100 psn|[from] psn
|upkeep
|turn|38
|
|t:|1757935855
|move|p1a: Deoxys|Poison Jab|p2a: Alomomola
|-damage|p2a: Alomomola|81/100 psn
|move|p2a: Alomomola|Wish|p2a: Alomomola
|
|-heal|p1a: Deoxys|100/100|[from] Grassy Terrain
|-heal|p2a: Alomomola|87/100 psn|[from] Grassy Terrain
|-damage|p2a: Alomomola|75/100 psn|[from] psn
|upkeep
|turn|39
|
|t:|1757935857
|move|p1a: Deoxys|Poison Jab|p2a: Alomomola
|-damage|p2a: Alomomola|69/100 psn
|move|p2a: Alomomola|Flip Turn|p1a: Deoxys
|-damage|p1a: Deoxys|98/100
|
|t:|1757935860
|switch|p2a: Rillaboom|Rillaboom, F|100/100|[from] Flip Turn
|
|-heal|p1a: Deoxys|100/100|[from] Grassy Terrain
|upkeep
|turn|40
|
|t:|1757935864
|move|p2a: Rillaboom|Wood Hammer|p1a: Deoxys
|-damage|p1a: Deoxys|78/100
|-damage|p2a: Rillaboom|94/100|[from] Recoil
|move|p1a: Deoxys|Poison Jab|p2a: Rillaboom
|-supereffective|p2a: Rillaboom
|-damage|p2a: Rillaboom|66/100
|
|-heal|p2a: Rillaboom|72/100|[from] Grassy Terrain
|-heal|p1a: Deoxys|85/100|[from] Grassy Terrain
|-heal|p1a: Deoxys|91/100|[from] item: Leftovers
|-fieldend|move: Grassy Terrain
|upkeep
|turn|41
|
|t:|1757935868
|switch|p2a: Alomomola|Alomomola, F|100/100 psn
|move|p1a: Deoxys|Poison Jab|p2a: Alomomola
|-damage|p2a: Alomomola|94/100 psn
|
|-heal|p1a: Deoxys|97/100|[from] item: Leftovers
|-damage|p2a: Alomomola|82/100 psn|[from] psn
|upkeep
|turn|42
|
|t:|1757935871
|move|p1a: Deoxys|Poison Jab|p2a: Alomomola
|-damage|p2a: Alomomola|75/100 psn
|move|p2a: Alomomola|Wish|p2a: Alomomola
|
|-heal|p1a: Deoxys|100/100|[from] item: Leftovers
|-damage|p2a: Alomomola|63/100 psn|[from] psn
|upkeep
|turn|43
|
|t:|1757935873
|move|p1a: Deoxys|Poison Jab|p2a: Alomomola
|-damage|p2a: Alomomola|56/100 psn
|move|p2a: Alomomola|Flip Turn|p1a: Deoxys
|-damage|p1a: Deoxys|98/100
|
|t:|1757935879
|switch|p2a: Corviknight|Corviknight, F, tera:Dragon|86/100|[from] Flip Turn
|
|-heal|p2a: Corviknight|100/100|[from] move: Wish|[wisher] Alomomola
|-heal|p1a: Deoxys|100/100|[from] item: Leftovers
|upkeep
|turn|44
|
|t:|1757935886
|move|p1a: Deoxys|Poison Jab|p2a: Corviknight
|-damage|p2a: Corviknight|92/100
|-status|p2a: Corviknight|psn
|move|p2a: Corviknight|Brave Bird|p1a: Deoxys
|-damage|p1a: Deoxys|94/100
|-damage|p2a: Corviknight|90/100 psn|[from] Recoil
|
|-heal|p1a: Deoxys|99/100|[from] item: Leftovers
|-damage|p2a: Corviknight|78/100 psn|[from] psn
|upkeep
|turn|45
|inactive|Rigid123456 has 120 seconds left.
|
|t:|1757935923
|switch|p2a: Alomomola|Alomomola, F|90/100 psn
|move|p1a: Deoxys|Poison Jab|p2a: Alomomola
|-damage|p2a: Alomomola|83/100 psn
|
|-heal|p1a: Deoxys|100/100|[from] item: Leftovers
|-damage|p2a: Alomomola|71/100 psn|[from] psn
|upkeep
|turn|46
|
|t:|1757935926
|move|p1a: Deoxys|Stored Power|p2a: Alomomola
|-damage|p2a: Alomomola|0 fnt
|faint|p2a: Alomomola
|
|upkeep
|
|t:|1757935933
|switch|p2a: Rillaboom|Rillaboom, F|72/100
|-fieldstart|move: Grassy Terrain|[from] ability: Grassy Surge|[of] p2a: Rillaboom
|turn|47
|
|t:|1757935935
|move|p2a: Rillaboom|Wood Hammer|p1a: Deoxys
|-damage|p1a: Deoxys|80/100
|-damage|p2a: Rillaboom|66/100|[from] Recoil
|move|p1a: Deoxys|Poison Jab|p2a: Rillaboom
|-supereffective|p2a: Rillaboom
|-damage|p2a: Rillaboom|40/100
|
|-heal|p2a: Rillaboom|47/100|[from] Grassy Terrain
|-heal|p1a: Deoxys|87/100|[from] Grassy Terrain
|-heal|p1a: Deoxys|93/100|[from] item: Leftovers
|upkeep
|turn|48
|
|t:|1757935939
|move|p2a: Rillaboom|Wood Hammer|p1a: Deoxys
|-damage|p1a: Deoxys|72/100
|-damage|p2a: Rillaboom|40/100|[from] Recoil
|move|p1a: Deoxys|Poison Jab|p2a: Rillaboom
|-supereffective|p2a: Rillaboom
|-damage|p2a: Rillaboom|12/100
|
|-heal|p2a: Rillaboom|18/100|[from] Grassy Terrain
|-heal|p1a: Deoxys|78/100|[from] Grassy Terrain
|-heal|p1a: Deoxys|85/100|[from] item: Leftovers
|upkeep
|turn|49
|
|t:|1757935942
|move|p2a: Rillaboom|Wood Hammer|p1a: Deoxys
|-damage|p1a: Deoxys|66/100
|-damage|p2a: Rillaboom|13/100|[from] Recoil
|move|p1a: Deoxys|Poison Jab|p2a: Rillaboom
|-supereffective|p2a: Rillaboom
|-damage|p2a: Rillaboom|0 fnt
|faint|p2a: Rillaboom
|
|-heal|p1a: Deoxys|72/100|[from] Grassy Terrain
|-heal|p1a: Deoxys|78/100|[from] item: Leftovers
|upkeep
|
|t:|1757935946
|switch|p2a: Arcanine|Arcanine-Hisui, F|68/100
|turn|50
|
|t:|1757935950
|move|p2a: Arcanine|Flare Blitz|p1a: Deoxys
|-damage|p1a: Deoxys|66/100
|move|p1a: Deoxys|Poison Jab|p2a: Arcanine
|-resisted|p2a: Arcanine
|-damage|p2a: Arcanine|61/100
|
|-heal|p2a: Arcanine|67/100|[from] Grassy Terrain
|-heal|p1a: Deoxys|73/100|[from] Grassy Terrain
|-heal|p1a: Deoxys|79/100|[from] item: Leftovers
|upkeep
|turn|51
|
|t:|1757935952
|move|p2a: Arcanine|Flare Blitz|p1a: Deoxys
|-damage|p1a: Deoxys|67/100
|move|p1a: Deoxys|Poison Jab|p2a: Arcanine
|-resisted|p2a: Arcanine
|-damage|p2a: Arcanine|60/100
|
|-heal|p2a: Arcanine|66/100|[from] Grassy Terrain
|-heal|p1a: Deoxys|73/100|[from] Grassy Terrain
|-heal|p1a: Deoxys|79/100|[from] item: Leftovers
|-fieldend|move: Grassy Terrain
|upkeep
|turn|52
|
|t:|1757935954
|move|p2a: Arcanine|Flare Blitz|p1a: Deoxys
|-damage|p1a: Deoxys|68/100
|move|p1a: Deoxys|Poison Jab|p2a: Arcanine
|-resisted|p2a: Arcanine
|-damage|p2a: Arcanine|58/100
|
|-heal|p1a: Deoxys|75/100|[from] item: Leftovers
|upkeep
|turn|53
|
|t:|1757935959
|move|p2a: Arcanine|Flare Blitz|p1a: Deoxys
|-damage|p1a: Deoxys|63/100
|move|p1a: Deoxys|Poison Jab|p2a: Arcanine
|-resisted|p2a: Arcanine
|-damage|p2a: Arcanine|51/100
|
|-heal|p1a: Deoxys|69/100|[from] item: Leftovers
|upkeep
|turn|54
|
|t:|1757935962
|move|p2a: Arcanine|Flare Blitz|p1a: Deoxys
|-damage|p1a: Deoxys|57/100
|move|p1a: Deoxys|Poison Jab|p2a: Arcanine
|-resisted|p2a: Arcanine
|-damage|p2a: Arcanine|42/100
|
|-heal|p1a: Deoxys|63/100|[from] item: Leftovers
|upkeep
|turn|55
|
|t:|1757935964
|move|p2a: Arcanine|Flare Blitz|p1a: Deoxys
|-damage|p1a: Deoxys|51/100
|move|p1a: Deoxys|Recover|p1a: Deoxys
|-heal|p1a: Deoxys|100/100
|
|upkeep
|turn|56
|
|t:|1757935966
|move|p2a: Arcanine|Flare Blitz|p1a: Deoxys
|-crit|p1a: Deoxys
|-damage|p1a: Deoxys|40/100
|move|p1a: Deoxys|Poison Jab|p2a: Arcanine
|-resisted|p2a: Arcanine
|-damage|p2a: Arcanine|35/100
|
|-heal|p1a: Deoxys|46/100|[from] item: Leftovers
|upkeep
|turn|57
|
|t:|1757935972
|move|p2a: Arcanine|Flare Blitz|p1a: Deoxys
|-damage|p1a: Deoxys|36/100
|move|p1a: Deoxys|Recover|p1a: Deoxys
|-heal|p1a: Deoxys|86/100
|
|-heal|p1a: Deoxys|92/100|[from] item: Leftovers
|upkeep
|turn|58
|
|t:|1757935974
|move|p2a: Arcanine|Flare Blitz|p1a: Deoxys
|-damage|p1a: Deoxys|81/100
|move|p1a: Deoxys|Stored Power|p2a: Arcanine
|-damage|p2a: Arcanine|0 fnt
|faint|p2a: Arcanine
|
|-heal|p1a: Deoxys|88/100|[from] item: Leftovers
|upkeep
|
|t:|1757935977
|switch|p2a: Blaziken|Blaziken, M|100/100
|turn|59
|
|t:|1757935980
|move|p2a: Blaziken|Knock Off|p1a: Deoxys
|-supereffective|p1a: Deoxys
|-damage|p1a: Deoxys|73/100
|-enditem|p1a: Deoxys|Leftovers|[from] move: Knock Off|[of] p2a: Blaziken
|-damage|p2a: Blaziken|91/100|[from] item: Life Orb
|move|p1a: Deoxys|Stored Power|p2a: Blaziken
|-supereffective|p2a: Blaziken
|-damage|p2a: Blaziken|0 fnt
|faint|p2a: Blaziken
|
|upkeep
|-message|Rigid123456 forfeited.
|
|win|homojeff
|raw|homojeff's rating: 1228 &rarr; <strong>1258</strong><br />(+30 for winning)
|raw|Rigid123456's rating: 1304 &rarr; <strong>1280</strong><br />(-24 for losing)
|l|☆Rigid123456
|player|p2|
|l|☆homojeff
|player|p1|
