|j|☆Vary Aries
|j|☆Triolate
|t:|1757794434
|gametype|singles
|player|p1|Vary Aries|gambler|1533
|player|p2|Triolate|266|1463
|gen|9
|tier|[Gen 9] OU
|rated|
|rule|HP Percentage Mod: HP is shown in percentages
|rule|Endless Battle Clause: Forcing endless battles is banned
|rule|Species Clause: Limit one of each Pokémon
|rule|OHKO Clause: OHKO moves are banned
|rule|Evasion Items Clause: Evasion items are banned
|rule|Evasion Moves Clause: Evasion moves are banned
|rule|Evasion Abilities Clause: Evasion abilities are banned
|rule|Sleep Moves Clause: Sleep-inducing moves are banned
|clearpoke
|poke|p1|Great Tusk|
|poke|p1|Clefable, F|
|poke|p1|Samurott-Hisui, F|
|poke|p1|Ogerpon-Wellspring, F|
|poke|p1|Gholdengo|
|poke|p1|Dragonite, M|
|poke|p2|Landorus-Therian, M|
|poke|p2|Primarina, F|
|poke|p2|Meowscarada, M|
|poke|p2|Espeon, F|
|poke|p2|Zamazenta-*|
|poke|p2|Dragapult, F|
|teampreview
|inactive|Battle timer is ON: inactive players will automatically lose when time's up. (requested by Vary Aries)
|
|t:|1757794452
|teamsize|p1|6
|teamsize|p2|6
|start
|switch|p1a: Clefable|Clefable, F|100/100
|switch|p2a: Landorus|Landorus-Therian, M|100/100
|-ability|p2a: Landorus|Intimidate|boost
|-unboost|p1a: Clefable|atk|1
|turn|1
|
|t:|1757794457
|move|p2a: Landorus|Earthquake|p1a: Clefable
|-damage|p1a: Clefable|34/100
|move|p1a: Clefable|Stealth Rock|p2a: Landorus
|-sidestart|p2: Triolate|move: Stealth Rock
|
|-heal|p1a: Clefable|40/100|[from] item: Leftovers
|upkeep
|turn|2
|
|t:|1757794478
|switch|p2a: Primarina|Primarina, F|100/100
|-damage|p2a: Primarina|88/100|[from] Stealth Rock
|switch|p1a: Dragonite|Dragonite, M|100/100
|
|upkeep
|turn|3
|
|t:|1757794491
|move|p1a: Dragonite|Thunder Punch|p2a: Primarina
|-supereffective|p2a: Primarina
|-damage|p2a: Primarina|18/100
|move|p2a: Primarina|Moonblast|p1a: Dragonite
|-supereffective|p1a: Dragonite
|-damage|p1a: Dragonite|9/100
|-unboost|p1a: Dragonite|spa|1
|
|upkeep
|turn|4
|
|t:|1757794500
|switch|p2a: Dragapult|Dragapult, F|100/100
|-damage|p2a: Dragapult|88/100|[from] Stealth Rock
|move|p1a: Dragonite|Thunder Punch|p2a: Dragapult
|-resisted|p2a: Dragapult
|-damage|p2a: Dragapult|69/100
|
|upkeep
|turn|5
|
|t:|1757794514
|switch|p1a: Clefable|Clefable, F|40/100
|move|p2a: Dragapult|Flamethrower|p1a: Clefable
|-damage|p1a: Clefable|3/100
|-status|p1a: Clefable|brn
|
|-heal|p1a: Clefable|9/100 brn|[from] item: Leftovers
|upkeep
|turn|6
|
|t:|1757794538
|switch|p1a: Samurott|Samurott-Hisui, F|100/100
|move|p2a: Dragapult|Flamethrower|p1a: Samurott
|-resisted|p1a: Samurott
|-damage|p1a: Samurott|73/100
|
|upkeep
|turn|7
|
|t:|1757794545
|switch|p2a: Landorus|Landorus-Therian, M|100/100
|-damage|p2a: Landorus|88/100|[from] Stealth Rock
|-ability|p2a: Landorus|Intimidate|boost
|-unboost|p1a: Samurott|atk|1
|move|p1a: Samurott|Ceaseless Edge|p2a: Landorus
|-damage|p2a: Landorus|52/100
|-sidestart|p2: Triolate|Spikes
|
|upkeep
|turn|8
|
|t:|1757794555
|switch|p1a: Clefable|Clefable, F|9/100 brn
|move|p2a: Landorus|U-turn|p1a: Clefable
|-resisted|p1a: Clefable
|-damage|p1a: Clefable|0 fnt
|faint|p1a: Clefable
|
|t:|1757794560
|switch|p2a: Meowscarada|Meowscarada, M|100/100|[from] U-turn
|-damage|p2a: Meowscarada|88/100|[from] Stealth Rock
|-damage|p2a: Meowscarada|76/100|[from] Spikes
|
|upkeep
|inactive|Vary Aries has 120 seconds left.
|
|t:|1757794591
|switch|p1a: Samurott|Samurott-Hisui, F|73/100
|turn|9
|
|t:|1757794598
|switch|p1a: Gholdengo|Gholdengo|100/100
|-item|p1a: Gholdengo|Air Balloon
|move|p2a: Meowscarada|U-turn|p1a: Gholdengo
|-start|p2a: Meowscarada|typechange|Bug|[from] ability: Protean
|-resisted|p1a: Gholdengo
|-damage|p1a: Gholdengo|94/100
|-enditem|p1a: Gholdengo|Air Balloon
|
|t:|1757794606
|switch|p2a: Dragapult|Dragapult, F|69/100|[from] U-turn
|-damage|p2a: Dragapult|56/100|[from] Stealth Rock
|-damage|p2a: Dragapult|44/100|[from] Spikes
|
|upkeep
|turn|10
|
|t:|1757794614
|switch|p1a: Dragonite|Dragonite, M|9/100
|move|p2a: Dragapult|Shadow Ball|p1a: Dragonite
|-damage|p1a: Dragonite|0 fnt
|faint|p1a: Dragonite
|
|upkeep
|
|t:|1757794618
|switch|p1a: Samurott|Samurott-Hisui, F|73/100
|turn|11
|
|t:|1757794626
|switch|p2a: Primarina|Primarina, F|18/100
|-damage|p2a: Primarina|6/100|[from] Stealth Rock
|-damage|p2a: Primarina|0 fnt|[from] Spikes
|faint|p2a: Primarina
|move|p1a: Samurott|Flip Turn|p2: Primarina|[notarget]
|-fail|p1a: Samurott
|
|upkeep
|
|t:|1757794641
|switch|p2a: Landorus|Landorus-Therian, M|52/100
|-damage|p2a: Landorus|39/100|[from] Stealth Rock
|-ability|p2a: Landorus|Intimidate|boost
|-unboost|p1a: Samurott|atk|1
|turn|12
|
|t:|1757794648
|move|p1a: Samurott|Flip Turn|p2a: Landorus
|-supereffective|p2a: Landorus
|-damage|p2a: Landorus|0 fnt
|faint|p2a: Landorus
|
|t:|1757794661
|switch|p1a: Ogerpon|Ogerpon-Wellspring, F|100/100|[from] Flip Turn
|
|upkeep
|
|t:|1757794670
|switch|p2a: Zamazenta|Zamazenta|100/100
|-damage|p2a: Zamazenta|94/100|[from] Stealth Rock
|-damage|p2a: Zamazenta|82/100|[from] Spikes
|-ability|p2a: Zamazenta|Dauntless Shield|boost
|-boost|p2a: Zamazenta|def|1
|turn|13
|
|t:|1757794683
|switch|p1a: Gholdengo|Gholdengo|94/100
|move|p2a: Zamazenta|Crunch|p1a: Gholdengo
|-supereffective|p1a: Gholdengo
|-damage|p1a: Gholdengo|44/100
|
|upkeep
|turn|14
|inactive|Vary Aries has 120 seconds left.
|
|t:|1757794714
|switch|p2a: Espeon|Espeon, F|100/100
|-damage|p2a: Espeon|88/100|[from] Stealth Rock
|-damage|p2a: Espeon|76/100|[from] Spikes
|-terastallize|p1a: Gholdengo|Fairy
|move|p1a: Gholdengo|Recover|p1a: Gholdengo
|-heal|p1a: Gholdengo|94/100
|
|upkeep
|turn|15
|inactive|Vary Aries has 120 seconds left.
|
|t:|1757794730
|switch|p1a: Samurott|Samurott-Hisui, F|73/100
|move|p2a: Espeon|Psychic|p1a: Samurott
|-immune|p1a: Samurott
|
|upkeep
|turn|16
|inactive|Vary Aries has 120 seconds left.
|
|t:|1757794742
|switch|p2a: Zamazenta|Zamazenta|82/100
|-damage|p2a: Zamazenta|76/100|[from] Stealth Rock
|-damage|p2a: Zamazenta|64/100|[from] Spikes
|move|p1a: Samurott|Flip Turn|p2a: Zamazenta
|-damage|p2a: Zamazenta|36/100
|
|t:|1757794766
|switch|p1a: Great Tusk|Great Tusk|100/100|[from] Flip Turn
|
|upkeep
|turn|17
|
|t:|1757794776
|move|p2a: Zamazenta|Close Combat|p1a: Great Tusk
|-damage|p1a: Great Tusk|39/100
|-unboost|p2a: Zamazenta|def|1
|-unboost|p2a: Zamazenta|spd|1
|move|p1a: Great Tusk|Headlong Rush|p2a: Zamazenta
|-damage|p2a: Zamazenta|0 fnt
|-unboost|p1a: Great Tusk|def|1
|-unboost|p1a: Great Tusk|spd|1
|faint|p2a: Zamazenta
|
|upkeep
|
|t:|1757794792
|switch|p2a: Meowscarada|Meowscarada, M|76/100
|-damage|p2a: Meowscarada|64/100|[from] Stealth Rock
|-damage|p2a: Meowscarada|51/100|[from] Spikes
|turn|18
|
|t:|1757794807
|move|p2a: Meowscarada|Flower Trick|p1a: Great Tusk
|-start|p2a: Meowscarada|typechange|Grass|[from] ability: Protean
|-supereffective|p1a: Great Tusk
|-crit|p1a: Great Tusk
|-damage|p1a: Great Tusk|0 fnt
|faint|p1a: Great Tusk
|-end|p1a: Great Tusk|Protosynthesis|[silent]
|
|upkeep
|
|t:|1757794810
|switch|p1a: Gholdengo|Gholdengo, tera:Fairy|94/100
|turn|19
|
|t:|1757794819
|move|p2a: Meowscarada|Flower Trick|p1a: Gholdengo
|-crit|p1a: Gholdengo
|-damage|p1a: Gholdengo|59/100
|move|p1a: Gholdengo|Shadow Ball|p2a: Meowscarada
|-damage|p2a: Meowscarada|0 fnt
|faint|p2a: Meowscarada
|
|upkeep
|
|t:|1757794837
|switch|p2a: Espeon|Espeon, F|76/100
|-damage|p2a: Espeon|64/100|[from] Stealth Rock
|-damage|p2a: Espeon|52/100|[from] Spikes
|turn|20
|
|t:|1757794843
|-terastallize|p2a: Espeon|Fairy
|move|p2a: Espeon|Alluring Voice|p1a: Gholdengo
|-damage|p1a: Gholdengo|3/100
|move|p1a: Gholdengo|Make It Rain|p2a: Espeon
|-supereffective|p2a: Espeon
|-damage|p2a: Espeon|0 fnt
|-unboost|p1a: Gholdengo|spa|1
|faint|p2a: Espeon
|
|upkeep
|
|t:|1757794846
|switch|p2a: Dragapult|Dragapult, F|44/100
|-damage|p2a: Dragapult|32/100|[from] Stealth Rock
|-damage|p2a: Dragapult|19/100|[from] Spikes
|turn|21
|
|t:|1757794849
|move|p2a: Dragapult|Shadow Ball|p1a: Gholdengo
|-damage|p1a: Gholdengo|0 fnt
|faint|p1a: Gholdengo
|
|upkeep
|-message|Triolate forfeited.
|
|win|Vary Aries
|raw|Vary Aries's rating: 1533 &rarr; <strong>1549</strong><br />(+16 for winning)
|raw|Triolate's rating: 1463 &rarr; <strong>1447</strong><br />(-16 for losing)
|l|☆Triolate
|player|p2|
|l|☆Vary Aries
|player|p1|
