|j|☆ju2508
|j|☆cielolebogoss
|t:|1757916758
|gametype|singles
|player|p1|ju2508|265|1205
|player|p2|cielolebogoss|169|1204
|gen|9
|tier|[Gen 9] OU
|rated|
|rule|HP Percentage Mod: HP is shown in percentages
|rule|Endless Battle Clause: Forcing endless battles is banned
|rule|Species Clause: Limit one of each Pokémon
|rule|OHKO Clause: OHKO moves are banned
|rule|Evasion Items Clause: Evasion items are banned
|rule|Evasion Moves Clause: Evasion moves are banned
|rule|Evasion Abilities Clause: Evasion abilities are banned
|rule|Sleep Moves Clause: Sleep-inducing moves are banned
|clearpoke
|poke|p1|Galvantula, M|
|poke|p1|Heracross, F|
|poke|p1|Forretress, M|
|poke|p1|Araquanid, M|
|poke|p1|Lokix, M|
|poke|p1|Venomoth, M|
|poke|p2|Gliscor, F|
|poke|p2|Ninetales-Alola, M|
|poke|p2|Cinderace, M|
|poke|p2|Iron Crown|
|poke|p2|Walking Wake|
|poke|p2|Toxapex, F|
|teampreview
|inactive|Battle timer is ON: inactive players will automatically lose when time's up. (requested by ju2508)
|
|t:|1757916764
|teamsize|p1|6
|teamsize|p2|6
|start
|switch|p1a: Lokix|Lokix, M|100/100
|switch|p2a: Iron Crown|Iron Crown|100/100
|turn|1
|
|t:|1757916775
|-end|p2a: Iron Crown|Quark Drive|[silent]
|switch|p2a: Gliscor|Gliscor, F, shiny|100/100
|move|p1a: Lokix|First Impression|p2a: Gliscor
|-resisted|p2a: Gliscor
|-damage|p2a: Gliscor|52/100
|
|-status|p2a: Gliscor|tox|[from] item: Toxic Orb
|upkeep
|turn|2
|
|t:|1757916786
|switch|p1a: Forretress|Forretress, M|100/100
|move|p2a: Gliscor|Crabhammer|p1a: Forretress
|-damage|p1a: Forretress|83/100
|
|-heal|p1a: Forretress|89/100|[from] item: Leftovers
|-heal|p2a: Gliscor|64/100 tox|[from] ability: Poison Heal
|upkeep
|turn|3
|
|t:|1757916796
|move|p2a: Gliscor|Crabhammer|p1a: Forretress
|-damage|p1a: Forretress|73/100
|move|p1a: Forretress|Stealth Rock|p2a: Gliscor
|-sidestart|p2: cielolebogoss|move: Stealth Rock
|
|-heal|p1a: Forretress|80/100|[from] item: Leftovers
|-heal|p2a: Gliscor|77/100 tox|[from] ability: Poison Heal
|upkeep
|turn|4
|
|t:|1757916808
|switch|p2a: Cinderace|Cinderace, M|100/100
|-damage|p2a: Cinderace|76/100|[from] Stealth Rock
|move|p1a: Forretress|Spikes|p2a: Cinderace
|-sidestart|p2: cielolebogoss|Spikes
|
|-heal|p1a: Forretress|86/100|[from] item: Leftovers
|upkeep
|turn|5
|
|t:|1757916825
|switch|p1a: Araquanid|Araquanid, M|100/100
|move|p2a: Cinderace|Pyro Ball|p1a: Araquanid
|-damage|p1a: Araquanid|56/100
|
|-heal|p1a: Araquanid|62/100|[from] item: Leftovers
|upkeep
|turn|6
|
|t:|1757916833
|switch|p2a: Walking Wake|Walking Wake|100/100
|-damage|p2a: Walking Wake|88/100|[from] Stealth Rock
|-damage|p2a: Walking Wake|76/100|[from] Spikes
|move|p1a: Araquanid|Liquidation|p2a: Walking Wake
|-resisted|p2a: Walking Wake
|-damage|p2a: Walking Wake|63/100
|
|-heal|p1a: Araquanid|68/100|[from] item: Leftovers
|upkeep
|turn|7
|
|t:|1757916849
|-terastallize|p1a: Araquanid|Water
|move|p2a: Walking Wake|Draco Meteor|p1a: Araquanid
|-damage|p1a: Araquanid|27/100
|-unboost|p2a: Walking Wake|spa|2
|move|p1a: Araquanid|Infestation|p2a: Walking Wake
|-damage|p2a: Walking Wake|60/100
|-activate|p2a: Walking Wake|move: Infestation|[of] p1a: Araquanid
|
|-heal|p1a: Araquanid|33/100|[from] item: Leftovers
|-damage|p2a: Walking Wake|48/100|[from] move: Infestation|[partiallytrapped]
|upkeep
|turn|8
|
|t:|1757916863
|move|p2a: Walking Wake|Draco Meteor|p1a: Araquanid
|-damage|p1a: Araquanid|12/100
|-unboost|p2a: Walking Wake|spa|2
|move|p1a: Araquanid|Leech Life|p2a: Walking Wake
|-damage|p2a: Walking Wake|24/100
|-heal|p1a: Araquanid|24/100|[from] drain|[of] p2a: Walking Wake
|
|-heal|p1a: Araquanid|30/100|[from] item: Leftovers
|-damage|p2a: Walking Wake|11/100|[from] move: Infestation|[partiallytrapped]
|upkeep
|turn|9
|
|t:|1757916875
|move|p2a: Walking Wake|Draco Meteor|p1a: Araquanid
|-damage|p1a: Araquanid|17/100
|-unboost|p2a: Walking Wake|spa|2
|move|p1a: Araquanid|Leech Life|p2a: Walking Wake
|-damage|p2a: Walking Wake|0 fnt
|-heal|p1a: Araquanid|23/100|[from] drain|[of] p2a: Walking Wake
|faint|p2a: Walking Wake
|-end|p2a: Walking Wake|Protosynthesis|[silent]
|
|-heal|p1a: Araquanid|29/100|[from] item: Leftovers
|upkeep
|
|t:|1757916881
|switch|p2a: Iron Crown|Iron Crown|100/100
|-damage|p2a: Iron Crown|94/100|[from] Stealth Rock
|-damage|p2a: Iron Crown|82/100|[from] Spikes
|turn|10
|
|t:|1757916897
|move|p2a: Iron Crown|Volt Switch|p1a: Araquanid
|-supereffective|p1a: Araquanid
|-damage|p1a: Araquanid|0 fnt
|faint|p1a: Araquanid
|
|t:|1757916902
|-end|p2a: Iron Crown|Quark Drive|[silent]
|switch|p2a: Gliscor|Gliscor, F, shiny|77/100 tox|[from] Volt Switch
|-damage|p2a: Gliscor|64/100 tox|[from] Stealth Rock
|
|-heal|p2a: Gliscor|77/100 tox|[from] ability: Poison Heal
|upkeep
|
|t:|1757916910
|switch|p1a: Forretress|Forretress, M|86/100
|turn|11
|l|☆cielolebogoss
|inactive|cielolebogoss disconnected and has a minute to reconnect!
|player|p2|
|inactive|cielolebogoss has 30 seconds to reconnect!
|inactive|cielolebogoss has 20 seconds to reconnect!
|inactive|cielolebogoss has 15 seconds to reconnect!
|inactive|cielolebogoss has 10 seconds to reconnect!
|inactive|cielolebogoss has 5 seconds to reconnect!
|-message|cielolebogoss lost due to inactivity.
|
|win|ju2508
|raw|ju2508's rating: 1205 &rarr; <strong>1230</strong><br />(+25 for winning)
|raw|cielolebogoss's rating: 1200 &rarr; <strong>1175</strong><br />(-25 for losing)
|l|☆ju2508
|player|p1|
