|j|☆Huhgugghfuhh
|j|☆Corbinight
|t:|1757829121
|gametype|singles
|player|p1|Huhgugghfuhh|2|1061
|player|p2|Corbinight|ethan|1122
|gen|9
|tier|[Gen 9] OU
|rated|
|rule|HP Percentage Mod: HP is shown in percentages
|rule|Endless Battle Clause: Forcing endless battles is banned
|rule|Species Clause: Limit one of each Pokémon
|rule|OHKO Clause: OHKO moves are banned
|rule|Evasion Items Clause: Evasion items are banned
|rule|Evasion Moves Clause: Evasion moves are banned
|rule|Evasion Abilities Clause: Evasion abilities are banned
|rule|Sleep Moves Clause: Sleep-inducing moves are banned
|clearpoke
|poke|p1|Uxie|
|poke|p1|Haxorus, F|
|poke|p1|Krookodile, M|
|poke|p1|Whimsicott, F|
|poke|p1|Forretress, F|
|poke|p1|Rotom-Wash|
|poke|p2|Dragonite, M|
|poke|p2|Donphan, M|
|poke|p2|Umbreon, M|
|poke|p2|Typhlosion, M|
|poke|p2|Rotom-Wash|
|poke|p2|Corviknight, M|
|teampreview
|
|t:|1757829128
|teamsize|p1|6
|teamsize|p2|6
|start
|switch|p1a: Rotom|Rotom-Wash, shiny|100/100
|switch|p2a: Typhlosion|Typhlosion, M|100/100
|turn|1
|
|t:|1757829142
|switch|p2a: Umbreon|Umbreon, M|100/100
|move|p1a: Rotom|Hydro Pump|p2a: Umbreon
|-damage|p2a: Umbreon|81/100
|
|-heal|p2a: Umbreon|87/100|[from] item: Leftovers
|upkeep
|turn|2
|
|t:|1757829150
|move|p1a: Rotom|Will-O-Wisp|p2a: Umbreon
|-status|p2a: Umbreon|brn
|-activate|p2a: Umbreon|ability: Synchronize
|-status|p1a: Rotom|brn
|move|p2a: Umbreon|Curse|p2a: Umbreon
|-unboost|p2a: Umbreon|spe|1
|-boost|p2a: Umbreon|atk|1
|-boost|p2a: Umbreon|def|1
|
|-heal|p2a: Umbreon|93/100 brn|[from] item: Leftovers
|-damage|p1a: Rotom|94/100 brn|[from] brn
|-damage|p2a: Umbreon|87/100 brn|[from] brn
|upkeep
|turn|3
|
|t:|1757829158
|move|p1a: Rotom|Volt Switch|p2a: Umbreon
|-damage|p2a: Umbreon|75/100 brn
|
|t:|1757829165
|switch|p1a: Whimsicott|Whimsicott, F, shiny|100/100|[from] Volt Switch
|move|p2a: Umbreon|Curse|p2a: Umbreon
|-unboost|p2a: Umbreon|spe|1
|-boost|p2a: Umbreon|atk|1
|-boost|p2a: Umbreon|def|1
|
|-heal|p2a: Umbreon|81/100 brn|[from] item: Leftovers
|-damage|p2a: Umbreon|75/100 brn|[from] brn
|upkeep
|turn|4
|
|t:|1757829175
|switch|p2a: Corviknight|Corviknight, M|100/100
|move|p1a: Whimsicott|Encore||[still]
|-fail|p1a: Whimsicott
|
|upkeep
|turn|5
|
|t:|1757829181
|move|p1a: Whimsicott|Leech Seed|p2a: Corviknight
|-start|p2a: Corviknight|move: Leech Seed
|move|p2a: Corviknight|Brave Bird|p1a: Whimsicott
|-supereffective|p1a: Whimsicott
|-damage|p1a: Whimsicott|26/100
|-damage|p2a: Corviknight|81/100|[from] Recoil
|
|-heal|p1a: Whimsicott|33/100|[from] item: Leftovers
|-heal|p2a: Corviknight|87/100|[from] item: Leftovers
|-damage|p2a: Corviknight|74/100|[from] Leech Seed|[of] p1a: Whimsicott
|-heal|p1a: Whimsicott|48/100|[silent]
|upkeep
|turn|6
|
|t:|1757829190
|switch|p2a: Typhlosion|Typhlosion, M|100/100
|move|p1a: Whimsicott|Protect||[still]
|-fail|p1a: Whimsicott
|
|-heal|p1a: Whimsicott|54/100|[from] item: Leftovers
|upkeep
|turn|7
|
|t:|1757829197
|move|p1a: Whimsicott|Protect|p1a: Whimsicott
|-singleturn|p1a: Whimsicott|Protect
|move|p2a: Typhlosion|Eruption|p1a: Whimsicott
|-activate|p1a: Whimsicott|move: Protect
|
|-heal|p1a: Whimsicott|60/100|[from] item: Leftovers
|upkeep
|turn|8
|
|t:|1757829211
|switch|p1a: Rotom|Rotom-Wash, shiny|94/100 brn
|move|p2a: Typhlosion|Eruption|p1a: Rotom
|-resisted|p1a: Rotom
|-damage|p1a: Rotom|50/100 brn
|
|-damage|p1a: Rotom|43/100 brn|[from] brn
|upkeep
|turn|9
|
|t:|1757829222
|move|p2a: Typhlosion|Eruption|p1a: Rotom
|-resisted|p1a: Rotom
|-crit|p1a: Rotom
|-damage|p1a: Rotom|0 fnt
|faint|p1a: Rotom
|
|upkeep
|
|t:|1757829228
|switch|p1a: Krookodile|Krookodile, M|100/100
|turn|10
|
|t:|1757829234
|move|p2a: Typhlosion|Eruption|p1a: Krookodile
|-damage|p1a: Krookodile|0 fnt
|faint|p1a: Krookodile
|
|upkeep
|-message|Huhgugghfuhh forfeited.
|
|win|Corbinight
|raw|Huhgugghfuhh's rating: 1061 &rarr; <strong>1045</strong><br />(-16 for losing)
|raw|Corbinight's rating: 1122 &rarr; <strong>1143</strong><br />(+21 for winning)
|l|☆Huhgugghfuhh
|player|p1|
|l|☆Corbinight
|player|p2|
