|j|☆4DEF+4SPD=GG
|j|☆hoennhoein
|t:|1757795000
|gametype|singles
|player|p1|4DEF+4SPD=GG|preschooler|1177
|player|p2|hoennhoein|riley|1225
|gen|9
|tier|[Gen 9] OU
|rated|
|rule|HP Percentage Mod: HP is shown in percentages
|rule|Endless Battle Clause: Forcing endless battles is banned
|rule|Species Clause: Limit one of each Pokémon
|rule|OHKO Clause: OHKO moves are banned
|rule|Evasion Items Clause: Evasion items are banned
|rule|Evasion Moves Clause: Evasion moves are banned
|rule|Evasion Abilities Clause: Evasion abilities are banned
|rule|Sleep Moves Clause: Sleep-inducing moves are banned
|clearpoke
|poke|p1|Tyranitar, M|
|poke|p1|Excadrill, M|
|poke|p1|Corviknight, M|
|poke|p1|Glimmora, M|
|poke|p1|Hippowdon, M|
|poke|p1|Scizor, M|
|poke|p2|Indeedee, M|
|poke|p2|Sceptile, F|
|poke|p2|Floatzel, M|
|poke|p2|Espeon, F|
|poke|p2|Vikavolt, F|
|poke|p2|Mienshao, M|
|teampreview
|inactive|Battle timer is ON: inactive players will automatically lose when time's up. (requested by 4DEF+4SPD=GG)
|
|t:|1757795018
|teamsize|p1|6
|teamsize|p2|6
|start
|switch|p1a: Scizor|Scizor, M|100/100
|switch|p2a: Vikavolt|Vikavolt, F, shiny|100/100
|turn|1
|
|t:|1757795030
|move|p2a: Vikavolt|Sticky Web|p1a: Scizor
|-sidestart|p1: 4DEF+4SPD=GG|move: Sticky Web
|move|p1a: Scizor|Knock Off|p2a: Vikavolt
|-damage|p2a: Vikavolt|35/100
|-enditem|p2a: Vikavolt|Life Orb|[from] move: Knock Off|[of] p1a: Scizor
|
|upkeep
|turn|2
|
|t:|1757795042
|move|p2a: Vikavolt|Volt Switch|p1a: Scizor
|-damage|p1a: Scizor|49/100
|inactive|hoennhoein has 120 seconds left.
|
|t:|1757795094
|switch|p2a: Mienshao|Mienshao, M, shiny|100/100|[from] Volt Switch
|move|p1a: Scizor|Knock Off|p2a: Mienshao
|-resisted|p2a: Mienshao
|-damage|p2a: Mienshao|44/100
|-enditem|p2a: Mienshao|Choice Scarf|[from] move: Knock Off|[of] p1a: Scizor
|
|upkeep
|turn|3
|
|t:|1757795108
|switch|p1a: Corviknight|Corviknight, M|100/100
|move|p2a: Mienshao|Close Combat|p1a: Corviknight
|-damage|p1a: Corviknight|62/100
|-unboost|p2a: Mienshao|def|1
|-unboost|p2a: Mienshao|spd|1
|-damage|p2a: Mienshao|27/100|[from] item: Rocky Helmet|[of] p1a: Corviknight
|
|upkeep
|turn|4
|inactive|hoennhoein has 90 seconds left.
|
|t:|1757795125
|switch|p2a: Vikavolt|Vikavolt, F, shiny|35/100
|move|p1a: Corviknight|Defog|p2a: Vikavolt
|-unboost|p2a: Vikavolt|evasion|1
|-sideend|p1: 4DEF+4SPD=GG|Sticky Web|[from] move: Defog|[of] p1a: Corviknight
|
|upkeep
|turn|5
|inactive|hoennhoein has 90 seconds left.
|
|t:|1757795145
|switch|p1a: Tyranitar|Tyranitar, M|100/100
|-weather|Sandstorm|[from] ability: Sand Stream|[of] p1a: Tyranitar
|move|p2a: Vikavolt|Volt Switch|p1a: Tyranitar
|-damage|p1a: Tyranitar|75/100
|
|t:|1757795157
|switch|p2a: Mienshao|Mienshao, M, shiny|61/100|[from] Volt Switch
|
|-weather|Sandstorm|[upkeep]
|-damage|p2a: Mienshao|55/100|[from] Sandstorm
|upkeep
|turn|6
|
|t:|1757795175
|switch|p1a: Hippowdon|Hippowdon, M|100/100
|move|p2a: Mienshao|Triple Axel|p1a: Hippowdon|[miss]
|-miss|p2a: Mienshao|p1a: Hippowdon
|
|-weather|Sandstorm|[upkeep]
|-damage|p2a: Mienshao|49/100|[from] Sandstorm
|upkeep
|turn|7
|
|t:|1757795184
|switch|p1a: Corviknight|Corviknight, M|62/100
|move|p2a: Mienshao|Triple Axel|p1a: Corviknight|[miss]
|-miss|p2a: Mienshao|p1a: Corviknight
|
|-weather|Sandstorm|[upkeep]
|-damage|p2a: Mienshao|43/100|[from] Sandstorm
|upkeep
|turn|8
|
|t:|1757795198
|move|p2a: Mienshao|U-turn|p1a: Corviknight
|-resisted|p1a: Corviknight
|-damage|p1a: Corviknight|58/100
|-damage|p2a: Mienshao|26/100|[from] item: Rocky Helmet|[of] p1a: Corviknight
|inactive|hoennhoein has 60 seconds left.
|
|t:|1757795231
|switch|p2a: Vikavolt|Vikavolt, F, shiny|35/100|[from] U-turn
|move|p1a: Corviknight|U-turn|p2a: Vikavolt
|-damage|p2a: Vikavolt|18/100
|
|t:|1757795236
|switch|p1a: Excadrill|Excadrill, M|100/100|[from] U-turn
|
|-weather|Sandstorm|[upkeep]
|-damage|p2a: Vikavolt|12/100|[from] Sandstorm
|upkeep
|turn|9
|inactive|hoennhoein has 60 seconds left.
|
|t:|1757795245
|move|p1a: Excadrill|Iron Head|p2a: Vikavolt
|-resisted|p2a: Vikavolt
|-crit|p2a: Vikavolt
|-damage|p2a: Vikavolt|0 fnt
|faint|p2a: Vikavolt
|
|-weather|Sandstorm|[upkeep]
|upkeep
|inactive|hoennhoein has 60 seconds left.
|
|t:|1757795273
|switch|p2a: Mienshao|Mienshao, M, shiny|60/100
|turn|10
|
|t:|1757795294
|switch|p1a: Glimmora|Glimmora, M|100/100
|move|p2a: Mienshao|Close Combat|p1a: Glimmora
|-damage|p1a: Glimmora|27/100
|-unboost|p2a: Mienshao|def|1
|-unboost|p2a: Mienshao|spd|1
|-activate|p1a: Glimmora|ability: Toxic Debris
|-sidestart|p2: hoennhoein|move: Toxic Spikes
|
|-weather|Sandstorm|[upkeep]
|-damage|p2a: Mienshao|54/100|[from] Sandstorm
|upkeep
|turn|11
|
|t:|1757795310
|move|p2a: Mienshao|U-turn|p1a: Glimmora
|-resisted|p1a: Glimmora
|-damage|p1a: Glimmora|13/100
|-activate|p1a: Glimmora|ability: Toxic Debris
|-sidestart|p2: hoennhoein|move: Toxic Spikes
|inactive|hoennhoein has 30 seconds left.
|inactive|hoennhoein has 20 seconds left.
|inactive|hoennhoein has 15 seconds left.
|
|t:|1757795341
|switch|p2a: Floatzel|Floatzel, M, shiny|100/100|[from] U-turn
|-status|p2a: Floatzel|tox
|move|p1a: Glimmora|Rock Polish|p1a: Glimmora
|-boost|p1a: Glimmora|spe|2
|
|-weather|Sandstorm|[upkeep]
|-damage|p2a: Floatzel|94/100 tox|[from] Sandstorm
|-damage|p2a: Floatzel|88/100 tox|[from] psn
|upkeep
|turn|12
|inactive|hoennhoein has 25 seconds left this turn.
|inactive|hoennhoein has 20 seconds left.
|inactive|hoennhoein has 15 seconds left.
|inactive|hoennhoein has 10 seconds left.
|
|t:|1757795360
|move|p2a: Floatzel|Aqua Jet|p1a: Glimmora
|-supereffective|p1a: Glimmora
|-damage|p1a: Glimmora|0 fnt
|faint|p1a: Glimmora
|
|-weather|none
|-damage|p2a: Floatzel|76/100 tox|[from] psn
|upkeep
|
|t:|1757795364
|switch|p1a: Corviknight|Corviknight, M|58/100
|turn|13
|inactive|hoennhoein has 25 seconds left this turn.
|inactive|hoennhoein has 20 seconds left.
|inactive|hoennhoein has 15 seconds left.
|inactive|hoennhoein has 10 seconds left.
|
|t:|1757795384
|switch|p2a: Mienshao|Mienshao, M, shiny|87/100
|-status|p2a: Mienshao|tox
|move|p1a: Corviknight|Roost|p1a: Corviknight
|-heal|p1a: Corviknight|100/100
|-singleturn|p1a: Corviknight|move: Roost
|
|-damage|p2a: Mienshao|81/100 tox|[from] psn
|upkeep
|turn|14
|inactive|hoennhoein has 20 seconds left this turn.
|inactive|hoennhoein has 15 seconds left.
|inactive|hoennhoein has 10 seconds left.
|
|t:|1757795395
|move|p2a: Mienshao|Triple Axel|p1a: Corviknight
|-damage|p1a: Corviknight|96/100
|-damage|p2a: Mienshao|64/100 tox|[from] item: Rocky Helmet|[of] p1a: Corviknight
|-damage|p1a: Corviknight|88/100
|-damage|p2a: Mienshao|48/100 tox|[from] item: Rocky Helmet|[of] p1a: Corviknight
|-damage|p1a: Corviknight|75/100
|-damage|p2a: Mienshao|31/100 tox|[from] item: Rocky Helmet|[of] p1a: Corviknight
|-hitcount|p1a: Corviknight|3
|move|p1a: Corviknight|Brave Bird|p2a: Mienshao
|-supereffective|p2a: Mienshao
|-damage|p2a: Mienshao|0 fnt
|faint|p2a: Mienshao
|-damage|p1a: Corviknight|69/100|[from] Recoil
|
|upkeep
|inactive|hoennhoein has 15 seconds left this turn.
|inactive|hoennhoein has 10 seconds left.
|inactive|hoennhoein has 5 seconds left.
|-message|hoennhoein lost due to inactivity.
|
|win|4DEF+4SPD=GG
|raw|4DEF+4SPD=GG's rating: 1177 &rarr; <strong>1205</strong><br />(+28 for winning)
|raw|hoennhoein's rating: 1225 &rarr; <strong>1197</strong><br />(-28 for losing)
