|j|☆SuperNinjaMan
|j|☆SunStar090
|t:|1757898232
|gametype|singles
|player|p1|SuperNinjaMan|koga|1359
|player|p2|SunStar090|1|1393
|gen|9
|tier|[Gen 9] OU
|rated|
|rule|HP Percentage Mod: HP is shown in percentages
|rule|Endless Battle Clause: Forcing endless battles is banned
|rule|Species Clause: Limit one of each Pokémon
|rule|OHKO Clause: OHKO moves are banned
|rule|Evasion Items Clause: Evasion items are banned
|rule|Evasion Moves Clause: Evasion moves are banned
|rule|Evasion Abilities Clause: Evasion abilities are banned
|rule|Sleep Moves Clause: Sleep-inducing moves are banned
|clearpoke
|poke|p1|Tyranitar, M|
|poke|p1|Scizor, F|
|poke|p1|Latias, F|
|poke|p1|Excadrill, M|
|poke|p1|Tropius, M|
|poke|p1|Rotom-Heat|
|poke|p2|Zamazenta-*|
|poke|p2|Ninetales-Alola, F|
|poke|p2|Darkrai|
|poke|p2|Ceruledge, M|
|poke|p2|Gliscor, M|
|poke|p2|Hatterene, F|
|teampreview
|
|t:|1757898261
|teamsize|p1|6
|teamsize|p2|6
|start
|switch|p1a: Scizor|Scizor, F|100/100
|switch|p2a: Zamazenta|Zamazenta|100/100
|-ability|p2a: Zamazenta|Dauntless Shield|boost
|-boost|p2a: Zamazenta|def|1
|turn|1
|
|t:|1757898271
|move|p2a: Zamazenta|Body Press|p1a: Scizor
|-damage|p1a: Scizor|37/100
|move|p1a: Scizor|U-turn|p2a: Zamazenta
|-resisted|p2a: Zamazenta
|-damage|p2a: Zamazenta|84/100
|
|t:|1757898277
|switch|p1a: Tropius|Tropius, M|100/100|[from] U-turn
|
|upkeep
|turn|2
|
|t:|1757898299
|switch|p2a: Ceruledge|Ceruledge, M|100/100
|move|p1a: Tropius|Leech Seed|p2a: Ceruledge
|-start|p2a: Ceruledge|move: Leech Seed
|
|-damage|p2a: Ceruledge|88/100|[from] Leech Seed|[of] p1a: Tropius
|upkeep
|turn|3
|
|t:|1757898323
|switch|p2a: Ninetales|Ninetales-Alola, F|100/100
|-weather|Snowscape|[from] ability: Snow Warning|[of] p2a: Ninetales
|switch|p1a: Tyranitar|Tyranitar, M|100/100
|-weather|Sandstorm|[from] ability: Sand Stream|[of] p1a: Tyranitar
|
|-weather|Sandstorm|[upkeep]
|-damage|p2a: Ninetales|94/100|[from] Sandstorm
|upkeep
|turn|4
|
|t:|1757898339
|switch|p2a: Zamazenta|Zamazenta|84/100
|move|p1a: Tyranitar|Stone Edge|p2a: Zamazenta
|-resisted|p2a: Zamazenta
|-damage|p2a: Zamazenta|61/100
|
|-weather|Sandstorm|[upkeep]
|-damage|p2a: Zamazenta|55/100|[from] Sandstorm
|upkeep
|turn|5
|
|t:|1757898361
|switch|p1a: Tropius|Tropius, M|100/100
|move|p2a: Zamazenta|Body Press|p1a: Tropius
|-resisted|p1a: Tropius
|-damage|p1a: Tropius|88/100
|
|-weather|Sandstorm|[upkeep]
|-damage|p2a: Zamazenta|49/100|[from] Sandstorm
|-damage|p1a: Tropius|81/100|[from] Sandstorm
|upkeep
|turn|6
|
|t:|1757898384
|switch|p2a: Gliscor|Gliscor, M|100/100
|move|p1a: Tropius|Substitute|p1a: Tropius
|-start|p1a: Tropius|Substitute
|-damage|p1a: Tropius|56/100
|
|-weather|Sandstorm|[upkeep]
|-damage|p1a: Tropius|50/100|[from] Sandstorm
|-enditem|p1a: Tropius|Sitrus Berry|[eat]
|-heal|p1a: Tropius|75/100|[from] item: Sitrus Berry
|-status|p2a: Gliscor|tox|[from] item: Toxic Orb
|-item|p1a: Tropius|Sitrus Berry|[from] ability: Harvest
|upkeep
|turn|7
|
|t:|1757898395
|switch|p2a: Hatterene|Hatterene, F|100/100
|move|p1a: Tropius|Leech Seed|p2a: Hatterene
|move|p2a: Hatterene|Leech Seed|p1a: Tropius|[from] ability: Magic Bounce
|-immune|p1a: Tropius
|
|-weather|none
|upkeep
|turn|8
|
|t:|1757898406
|move|p1a: Tropius|Air Slash|p2a: Hatterene
|-damage|p2a: Hatterene|82/100
|move|p2a: Hatterene|Calm Mind|p2a: Hatterene
|-boost|p2a: Hatterene|spa|1
|-boost|p2a: Hatterene|spd|1
|
|-heal|p2a: Hatterene|88/100|[from] item: Leftovers
|upkeep
|turn|9
|
|t:|1757898422
|switch|p1a: Scizor|Scizor, F|37/100
|move|p2a: Hatterene|Mystical Fire|p1a: Scizor
|-supereffective|p1a: Scizor
|-damage|p1a: Scizor|0 fnt
|faint|p1a: Scizor
|
|-heal|p2a: Hatterene|94/100|[from] item: Leftovers
|upkeep
|
|t:|1757898429
|switch|p1a: Excadrill|Excadrill, M|100/100
|-item|p1a: Excadrill|Air Balloon
|turn|10
|
|t:|1757898461
|move|p1a: Excadrill|Iron Head|p2a: Hatterene
|-supereffective|p2a: Hatterene
|-damage|p2a: Hatterene|12/100
|move|p2a: Hatterene|Mystical Fire|p1a: Excadrill
|-supereffective|p1a: Excadrill
|-crit|p1a: Excadrill
|-damage|p1a: Excadrill|0 fnt
|-enditem|p1a: Excadrill|Air Balloon
|faint|p1a: Excadrill
|
|-heal|p2a: Hatterene|18/100|[from] item: Leftovers
|upkeep
|
|t:|1757898478
|switch|p1a: Tyranitar|Tyranitar, M|100/100
|-weather|Sandstorm|[from] ability: Sand Stream|[of] p1a: Tyranitar
|turn|11
|
|t:|1757898494
|move|p1a: Tyranitar|Knock Off|p2a: Hatterene
|-damage|p2a: Hatterene|0 fnt
|-enditem|p2a: Hatterene|Leftovers|[from] move: Knock Off|[of] p1a: Tyranitar
|faint|p2a: Hatterene
|
|-weather|Sandstorm|[upkeep]
|upkeep
|
|t:|1757898504
|switch|p2a: Gliscor|Gliscor, M|100/100 tox
|turn|12
|
|t:|1757898512
|switch|p1a: Rotom|Rotom-Heat|100/100
|move|p2a: Gliscor|Agility|p2a: Gliscor
|-boost|p2a: Gliscor|spe|2
|
|-weather|Sandstorm|[upkeep]
|-damage|p1a: Rotom|94/100|[from] Sandstorm
|upkeep
|turn|13
|
|t:|1757898519
|move|p2a: Gliscor|Swords Dance|p2a: Gliscor
|-boost|p2a: Gliscor|atk|2
|move|p1a: Rotom|Trick|p2a: Gliscor
|-activate|p1a: Rotom|move: Trick|[of] p2a: Gliscor
|-item|p2a: Gliscor|Choice Specs|[from] move: Trick
|-item|p1a: Rotom|Toxic Orb|[from] move: Trick
|
|-weather|Sandstorm|[upkeep]
|-damage|p1a: Rotom|88/100|[from] Sandstorm
|-status|p1a: Rotom|tox|[from] item: Toxic Orb
|upkeep
|turn|14
|
|t:|1757898534
|move|p2a: Gliscor|Facade|p1a: Rotom
|-damage|p1a: Rotom|6/100 tox
|move|p1a: Rotom|Overheat|p2a: Gliscor
|-damage|p2a: Gliscor|35/100 tox
|-unboost|p1a: Rotom|spa|2
|
|-weather|Sandstorm|[upkeep]
|-damage|p1a: Rotom|0 fnt|[from] Sandstorm
|faint|p1a: Rotom
|-heal|p2a: Gliscor|47/100 tox|[from] ability: Poison Heal
|upkeep
|
|t:|1757898543
|switch|p1a: Tyranitar|Tyranitar, M|100/100
|turn|15
|
|t:|1757898552
|move|p2a: Gliscor|Facade|p1a: Tyranitar
|-resisted|p1a: Tyranitar
|-damage|p1a: Tyranitar|69/100
|move|p1a: Tyranitar|Ice Beam|p2a: Gliscor
|-supereffective|p2a: Gliscor
|-damage|p2a: Gliscor|0 fnt
|faint|p2a: Gliscor
|
|-weather|none
|upkeep
|
|t:|1757898563
|switch|p2a: Ninetales|Ninetales-Alola, F|94/100
|-weather|Snowscape|[from] ability: Snow Warning|[of] p2a: Ninetales
|turn|16
|
|t:|1757898574
|switch|p1a: Tropius|Tropius, M|75/100
|move|p2a: Ninetales|Encore||[still]
|-fail|p2a: Ninetales
|
|-weather|Snowscape|[upkeep]
|upkeep
|turn|17
|
|t:|1757898581
|switch|p1a: Tyranitar|Tyranitar, M|69/100
|-weather|Sandstorm|[from] ability: Sand Stream|[of] p1a: Tyranitar
|move|p2a: Ninetales|Aurora Veil||[still]
|-fail|p2a: Ninetales
|
|-weather|Sandstorm|[upkeep]
|-damage|p2a: Ninetales|88/100|[from] Sandstorm
|upkeep
|turn|18
|
|t:|1757898592
|switch|p2a: Zamazenta|Zamazenta|49/100
|move|p1a: Tyranitar|Stone Edge|p2a: Zamazenta|[miss]
|-miss|p1a: Tyranitar|p2a: Zamazenta
|
|-weather|Sandstorm|[upkeep]
|-damage|p2a: Zamazenta|43/100|[from] Sandstorm
|upkeep
|turn|19
|
|t:|1757898598
|switch|p1a: Tropius|Tropius, M|75/100
|move|p2a: Zamazenta|Rest|p2a: Zamazenta
|-status|p2a: Zamazenta|slp|[from] move: Rest
|-heal|p2a: Zamazenta|100/100 slp|[silent]
|-enditem|p2a: Zamazenta|Chesto Berry|[eat]
|-curestatus|p2a: Zamazenta|slp|[msg]
|
|-weather|Sandstorm|[upkeep]
|-damage|p2a: Zamazenta|94/100|[from] Sandstorm
|-damage|p1a: Tropius|69/100|[from] Sandstorm
|upkeep
|turn|20
|
|t:|1757898605
|switch|p2a: Ninetales|Ninetales-Alola, F|88/100
|-weather|Snowscape|[from] ability: Snow Warning|[of] p2a: Ninetales
|move|p1a: Tropius|Leech Seed|p2a: Ninetales|[miss]
|-miss|p1a: Tropius|p2a: Ninetales
|
|-weather|Snowscape|[upkeep]
|upkeep
|turn|21
|
|t:|1757898614
|switch|p1a: Tyranitar|Tyranitar, M|69/100
|-weather|Sandstorm|[from] ability: Sand Stream|[of] p1a: Tyranitar
|move|p2a: Ninetales|Freeze-Dry|p1a: Tyranitar
|-damage|p1a: Tyranitar|55/100
|
|-weather|Sandstorm|[upkeep]
|-damage|p2a: Ninetales|82/100|[from] Sandstorm
|upkeep
|turn|22
|
|t:|1757898622
|switch|p2a: Zamazenta|Zamazenta|94/100
|move|p1a: Tyranitar|Stone Edge|p2a: Zamazenta
|-resisted|p2a: Zamazenta
|-crit|p2a: Zamazenta
|-damage|p2a: Zamazenta|63/100
|
|-weather|Sandstorm|[upkeep]
|-damage|p2a: Zamazenta|57/100|[from] Sandstorm
|upkeep
|turn|23
|
|t:|1757898628
|switch|p1a: Tropius|Tropius, M|69/100
|move|p2a: Zamazenta|Body Press|p1a: Tropius
|-resisted|p1a: Tropius
|-damage|p1a: Tropius|56/100
|
|-weather|Sandstorm|[upkeep]
|-damage|p2a: Zamazenta|51/100|[from] Sandstorm
|-damage|p1a: Tropius|50/100|[from] Sandstorm
|-enditem|p1a: Tropius|Sitrus Berry|[eat]
|-heal|p1a: Tropius|75/100|[from] item: Sitrus Berry
|upkeep
|turn|24
|
|t:|1757898640
|switch|p2a: Darkrai|Darkrai|100/100
|move|p1a: Tropius|Leech Seed|p2a: Darkrai
|-start|p2a: Darkrai|move: Leech Seed
|
|-weather|Sandstorm|[upkeep]
|-damage|p2a: Darkrai|94/100|[from] Sandstorm
|-damage|p1a: Tropius|69/100|[from] Sandstorm
|-heal|p2a: Darkrai|100/100|[from] item: Leftovers
|-damage|p2a: Darkrai|88/100|[from] Leech Seed|[of] p1a: Tropius
|-heal|p1a: Tropius|77/100|[silent]
|-item|p1a: Tropius|Sitrus Berry|[from] ability: Harvest
|upkeep
|turn|25
|
|t:|1757898652
|switch|p2a: Ninetales|Ninetales-Alola, F|82/100
|-weather|Snowscape|[from] ability: Snow Warning|[of] p2a: Ninetales
|move|p1a: Tropius|Protect||[still]
|-fail|p1a: Tropius
|
|-weather|Snowscape|[upkeep]
|upkeep
|turn|26
|
|t:|1757898660
|switch|p2a: Darkrai|Darkrai|88/100
|switch|p1a: Tyranitar|Tyranitar, M|55/100
|-weather|Sandstorm|[from] ability: Sand Stream|[of] p1a: Tyranitar
|
|-weather|Sandstorm|[upkeep]
|-damage|p2a: Darkrai|82/100|[from] Sandstorm
|-heal|p2a: Darkrai|88/100|[from] item: Leftovers
|upkeep
|turn|27
|
|t:|1757898676
|switch|p1a: Tropius|Tropius, M|77/100
|move|p2a: Darkrai|Focus Blast|p1a: Tropius
|-resisted|p1a: Tropius
|-damage|p1a: Tropius|58/100
|
|-weather|Sandstorm|[upkeep]
|-damage|p2a: Darkrai|82/100|[from] Sandstorm
|-damage|p1a: Tropius|51/100|[from] Sandstorm
|-heal|p2a: Darkrai|88/100|[from] item: Leftovers
|upkeep
|turn|28
|
|t:|1757898684
|move|p2a: Darkrai|Dark Pulse|p1a: Tropius
|-damage|p1a: Tropius|13/100
|-enditem|p1a: Tropius|Sitrus Berry|[eat]
|-heal|p1a: Tropius|38/100|[from] item: Sitrus Berry
|move|p1a: Tropius|Leech Seed|p2a: Darkrai
|-start|p2a: Darkrai|move: Leech Seed
|
|-weather|Sandstorm|[upkeep]
|-damage|p2a: Darkrai|82/100|[from] Sandstorm
|-damage|p1a: Tropius|32/100|[from] Sandstorm
|-heal|p2a: Darkrai|88/100|[from] item: Leftovers
|-damage|p2a: Darkrai|76/100|[from] Leech Seed|[of] p1a: Tropius
|-heal|p1a: Tropius|41/100|[silent]
|-item|p1a: Tropius|Sitrus Berry|[from] ability: Harvest
|upkeep
|-enditem|p1a: Tropius|Sitrus Berry|[eat]
|-heal|p1a: Tropius|66/100|[from] item: Sitrus Berry
|turn|29
|
|t:|1757898695
|switch|p2a: Ninetales|Ninetales-Alola, F|82/100
|-weather|Snowscape|[from] ability: Snow Warning|[of] p2a: Ninetales
|move|p1a: Tropius|Leech Seed|p2a: Ninetales
|-start|p2a: Ninetales|move: Leech Seed
|
|-weather|Snowscape|[upkeep]
|-damage|p2a: Ninetales|70/100|[from] Leech Seed|[of] p1a: Tropius
|-heal|p1a: Tropius|76/100|[silent]
|upkeep
|turn|30
|
|t:|1757898704
|switch|p2a: Darkrai|Darkrai|76/100
|switch|p1a: Tyranitar|Tyranitar, M|55/100
|-weather|Sandstorm|[from] ability: Sand Stream|[of] p1a: Tyranitar
|
|-weather|Sandstorm|[upkeep]
|-damage|p2a: Darkrai|70/100|[from] Sandstorm
|-heal|p2a: Darkrai|76/100|[from] item: Leftovers
|upkeep
|turn|31
|
|t:|1757898717
|switch|p2a: Ninetales|Ninetales-Alola, F|70/100
|-weather|Snowscape|[from] ability: Snow Warning|[of] p2a: Ninetales
|move|p1a: Tyranitar|Low Kick|p2a: Ninetales
|-damage|p2a: Ninetales|57/100
|
|-weather|Snowscape|[upkeep]
|upkeep
|turn|32
|
|t:|1757898732
|switch|p1a: Tropius|Tropius, M|76/100
|move|p2a: Ninetales|Aurora Veil|p2a: Ninetales
|-sidestart|p2: SunStar090|move: Aurora Veil
|
|-weather|Snowscape|[upkeep]
|upkeep
|turn|33
|
|t:|1757898738
|switch|p1a: Tyranitar|Tyranitar, M|55/100
|-weather|Sandstorm|[from] ability: Sand Stream|[of] p1a: Tyranitar
|move|p2a: Ninetales|Freeze-Dry|p1a: Tyranitar
|-damage|p1a: Tyranitar|40/100
|-status|p1a: Tyranitar|frz
|
|-weather|Sandstorm|[upkeep]
|-damage|p2a: Ninetales|51/100|[from] Sandstorm
|upkeep
|turn|34
|
|t:|1757898761
|switch|p2a: Darkrai|Darkrai|76/100
|cant|p1a: Tyranitar|frz
|
|-weather|Sandstorm|[upkeep]
|-damage|p2a: Darkrai|70/100|[from] Sandstorm
|-heal|p2a: Darkrai|76/100|[from] item: Leftovers
|upkeep
|turn|35
|
|t:|1757898768
|switch|p1a: Tropius|Tropius, M|76/100
|move|p2a: Darkrai|Nasty Plot|p2a: Darkrai
|-boost|p2a: Darkrai|spa|2
|
|-weather|Sandstorm|[upkeep]
|-damage|p2a: Darkrai|70/100|[from] Sandstorm
|-damage|p1a: Tropius|70/100|[from] Sandstorm
|-heal|p2a: Darkrai|76/100|[from] item: Leftovers
|-item|p1a: Tropius|Sitrus Berry|[from] ability: Harvest
|upkeep
|turn|36
|
|t:|1757898778
|move|p2a: Darkrai|Dark Pulse|p1a: Tropius
|-damage|p1a: Tropius|0 fnt
|faint|p1a: Tropius
|
|-weather|Sandstorm|[upkeep]
|-damage|p2a: Darkrai|70/100|[from] Sandstorm
|-heal|p2a: Darkrai|76/100|[from] item: Leftovers
|upkeep
|
|t:|1757898786
|switch|p1a: Latias|Latias, F|100/100
|turn|37
|c|☆SunStar090|Why is tropics even for
|c|☆SunStar090|Tropius
|
|t:|1757898798
|move|p2a: Darkrai|Dark Pulse|p1a: Latias
|-supereffective|p1a: Latias
|-damage|p1a: Latias|0 fnt
|faint|p1a: Latias
|
|-weather|none
|-heal|p2a: Darkrai|82/100|[from] item: Leftovers
|upkeep
|
|t:|1757898801
|switch|p1a: Tyranitar|Tyranitar, M|40/100 frz
|-weather|Sandstorm|[from] ability: Sand Stream|[of] p1a: Tyranitar
|turn|38
|
|t:|1757898810
|move|p2a: Darkrai|Dark Pulse|p1a: Tyranitar
|-resisted|p1a: Tyranitar
|-damage|p1a: Tyranitar|12/100 frz
|cant|p1a: Tyranitar|frz
|
|-weather|Sandstorm|[upkeep]
|-damage|p2a: Darkrai|76/100|[from] Sandstorm
|-heal|p2a: Darkrai|82/100|[from] item: Leftovers
|upkeep
|turn|39
|
|t:|1757898813
|move|p2a: Darkrai|Dark Pulse|p1a: Tyranitar
|-resisted|p1a: Tyranitar
|-damage|p1a: Tyranitar|0 fnt
|faint|p1a: Tyranitar
|
|win|SunStar090
|raw|SuperNinjaMan's rating: 1359 &rarr; <strong>1341</strong><br />(-18 for losing)
|raw|SunStar090's rating: 1393 &rarr; <strong>1411</strong><br />(+18 for winning)
|l|☆SuperNinjaMan
|player|p1|
|l|☆SunStar090
|player|p2|
|j|☆SunStar090
|player|p2|SunStar090|1|
