|j|☆e3720
|j|☆Celestial_dubkun
|t:|1757812546
|gametype|singles
|player|p1|e3720|101|1616
|player|p2|Celestial_dubkun|hiker-gen4|1646
|gen|9
|tier|[Gen 9] OU
|rated|
|rule|HP Percentage Mod: HP is shown in percentages
|rule|Endless Battle Clause: Forcing endless battles is banned
|rule|Species Clause: Limit one of each Pokémon
|rule|OHKO Clause: OHKO moves are banned
|rule|Evasion Items Clause: Evasion items are banned
|rule|Evasion Moves Clause: Evasion moves are banned
|rule|Evasion Abilities Clause: Evasion abilities are banned
|rule|Sleep Moves Clause: Sleep-inducing moves are banned
|clearpoke
|poke|p1|Pincurchin, F|
|poke|p1|Iron Valiant|
|poke|p1|Iron Treads|
|poke|p1|Iron Moth|
|poke|p1|Hawlucha, M|
|poke|p1|Dragonite, M|
|poke|p2|Toxapex, F|
|poke|p2|Goodra-Hisui, F|
|poke|p2|Corviknight, F|
|poke|p2|Great Tusk|
|poke|p2|Enamorus, F|
|poke|p2|Darkrai|
|teampreview
|j| CCCCold
|
|t:|1757812571
|teamsize|p1|6
|teamsize|p2|6
|start
|switch|p1a: Iron Moth|Iron Moth|100/100
|switch|p2a: Great Tusk|Great Tusk|100/100
|turn|1
|
|t:|1757812579
|-end|p2a: Great Tusk|Protosynthesis|[silent]
|switch|p2a: Goodra|Goodra-Hisui, F|100/100
|move|p1a: Iron Moth|Overheat|p2a: Goodra
|-damage|p2a: Goodra|52/100
|-unboost|p1a: Iron Moth|spa|2
|
|upkeep
|turn|2
|
|t:|1757812598
|-end|p1a: Iron Moth|Quark Drive|[silent]
|switch|p1a: Pincurchin|Pincurchin, F|100/100
|-fieldstart|move: Electric Terrain|[from] ability: Electric Surge|[of] p1a: Pincurchin
|move|p2a: Goodra|Dragon Tail|p1a: Pincurchin|[miss]
|-miss|p2a: Goodra|p1a: Pincurchin
|
|upkeep
|turn|3
|
|t:|1757812608
|move|p2a: Goodra|Earthquake|p1a: Pincurchin
|-supereffective|p1a: Pincurchin
|-damage|p1a: Pincurchin|47/100
|move|p1a: Pincurchin|Spikes|p2a: Goodra
|-sidestart|p2: Celestial_dubkun|Spikes
|
|upkeep
|turn|4
|
|t:|1757812622
|switch|p1a: Iron Treads|Iron Treads|100/100
|-activate|p1a: Iron Treads|ability: Quark Drive
|-start|p1a: Iron Treads|quarkdrivespe
|move|p2a: Goodra|Earthquake|p1a: Iron Treads
|-supereffective|p1a: Iron Treads
|-damage|p1a: Iron Treads|47/100
|
|upkeep
|turn|5
|
|t:|1757812637
|-end|p1a: Iron Treads|Quark Drive|[silent]
|switch|p1a: Iron Moth|Iron Moth|100/100
|-activate|p1a: Iron Moth|ability: Quark Drive
|-start|p1a: Iron Moth|quarkdrivespa
|switch|p2a: Great Tusk|Great Tusk|100/100
|
|upkeep
|turn|6
|inactive|Battle timer is ON: inactive players will automatically lose when time's up. (requested by Celestial_dubkun)
|
|t:|1757812710
|-terastallize|p2a: Great Tusk|Fire
|move|p1a: Iron Moth|Flamethrower|p2a: Great Tusk
|-resisted|p2a: Great Tusk
|-damage|p2a: Great Tusk|30/100
|move|p2a: Great Tusk|Headlong Rush|p1a: Iron Moth
|-supereffective|p1a: Iron Moth
|-damage|p1a: Iron Moth|0 fnt
|-unboost|p2a: Great Tusk|def|1
|-unboost|p2a: Great Tusk|spd|1
|faint|p1a: Iron Moth
|-end|p1a: Iron Moth|Quark Drive|[silent]
|
|upkeep
|inactive|e3720 has 120 seconds left.
|
|t:|1757812742
|switch|p1a: Iron Valiant|Iron Valiant|100/100
|-activate|p1a: Iron Valiant|ability: Quark Drive
|-start|p1a: Iron Valiant|quarkdrivespe
|turn|7
|
|t:|1757812762
|-end|p2a: Great Tusk|Protosynthesis|[silent]
|switch|p2a: Toxapex|Toxapex, F|100/100
|-damage|p2a: Toxapex|88/100|[from] Spikes
|move|p1a: Iron Valiant|Moonblast|p2a: Toxapex
|-resisted|p2a: Toxapex
|-damage|p2a: Toxapex|66/100
|-unboost|p2a: Toxapex|spa|1
|
|-heal|p2a: Toxapex|73/100|[from] item: Leftovers
|upkeep
|turn|8
|inactive|Celestial_dubkun has 120 seconds left.
|
|t:|1757812783
|-end|p1a: Iron Valiant|Quark Drive|[silent]
|switch|p1a: Iron Treads|Iron Treads|47/100
|-activate|p1a: Iron Treads|ability: Quark Drive
|-start|p1a: Iron Treads|quarkdrivespe
|move|p2a: Toxapex|Toxic|p1a: Iron Treads
|-immune|p1a: Iron Treads
|
|-heal|p2a: Toxapex|79/100|[from] item: Leftovers
|upkeep
|turn|9
|
|t:|1757812810
|switch|p2a: Corviknight|Corviknight, F|100/100
|-ability|p2a: Corviknight|Pressure
|move|p1a: Iron Treads|Knock Off|p2a: Corviknight
|-damage|p2a: Corviknight|82/100
|-damage|p1a: Iron Treads|30/100|[from] item: Rocky Helmet|[of] p2a: Corviknight
|-enditem|p2a: Corviknight|Rocky Helmet|[from] move: Knock Off|[of] p1a: Iron Treads
|
|-fieldend|move: Electric Terrain
|-end|p1a: Iron Treads|Quark Drive
|upkeep
|turn|10
|inactive|e3720 has 120 seconds left.
|
|t:|1757812830
|-end|p1a: Iron Treads|Quark Drive|[silent]
|switch|p1a: Iron Valiant|Iron Valiant|100/100
|move|p2a: Corviknight|Defog|p1a: Iron Valiant
|-unboost|p1a: Iron Valiant|evasion|1
|-sideend|p2: Celestial_dubkun|Spikes|[from] move: Defog|[of] p2a: Corviknight
|
|upkeep
|turn|11
|
|t:|1757812837
|move|p1a: Iron Valiant|Encore|p2a: Corviknight
|-start|p2a: Corviknight|Encore
|move|p2a: Corviknight|Defog|p1a: Iron Valiant
|-unboost|p1a: Iron Valiant|evasion|1
|
|upkeep
|turn|12
|
|t:|1757812843
|-end|p1a: Iron Valiant|Quark Drive|[silent]
|switch|p1a: Pincurchin|Pincurchin, F|47/100
|-fieldstart|move: Electric Terrain|[from] ability: Electric Surge|[of] p1a: Pincurchin
|switch|p2a: Toxapex|Toxapex, F|100/100
|
|upkeep
|turn|13
|inactive|e3720 has 120 seconds left.
|
|t:|1757812871
|switch|p2a: Goodra|Goodra-Hisui, F|52/100
|move|p1a: Pincurchin|Spikes|p2a: Goodra
|-sidestart|p2: Celestial_dubkun|Spikes
|
|upkeep
|turn|14
|inactive|e3720 has 120 seconds left.
|c|☆Celestial_dubkun|Gotta hurry the movie previews are bout to go off
|inactive|Celestial_dubkun has 120 seconds left.
|inactive|e3720 has 90 seconds left.
|
|t:|1757812923
|move|p1a: Pincurchin|Spikes|p2a: Goodra
|-sidestart|p2: Celestial_dubkun|Spikes
|move|p2a: Goodra|Dragon Tail|p1a: Pincurchin
|-damage|p1a: Pincurchin|24/100
|drag|p1a: Hawlucha|Hawlucha, M|100/100
|-enditem|p1a: Hawlucha|Electric Seed
|-boost|p1a: Hawlucha|def|1|[from] item: Electric Seed
|
|upkeep
|turn|15
|
|t:|1757812935
|move|p1a: Hawlucha|Close Combat|p2a: Goodra
|-supereffective|p2a: Goodra
|-damage|p2a: Goodra|0 fnt
|-unboost|p1a: Hawlucha|def|1
|-unboost|p1a: Hawlucha|spd|1
|faint|p2a: Goodra
|
|upkeep
|
|t:|1757812945
|switch|p2a: Corviknight|Corviknight, F|82/100
|-ability|p2a: Corviknight|Pressure
|turn|16
|inactive|e3720 has 90 seconds left.
|c|☆Celestial_dubkun|Immq play risky
|c|☆Celestial_dubkun|Gotta hurry
|
|t:|1757812972
|-terastallize|p1a: Hawlucha|Electric
|move|p1a: Hawlucha|Swords Dance|p1a: Hawlucha
|-boost|p1a: Hawlucha|atk|2
|move|p2a: Corviknight|Defog|p1a: Hawlucha
|-unboost|p1a: Hawlucha|evasion|1
|-sideend|p2: Celestial_dubkun|Spikes|[from] move: Defog|[of] p2a: Corviknight
|-fieldend|move: Electric Terrain
|
|upkeep
|turn|17
|inactive|Celestial_dubkun has 120 seconds left.
|
|t:|1757812982
|move|p1a: Hawlucha|Swords Dance|p1a: Hawlucha
|-boost|p1a: Hawlucha|atk|2
|move|p2a: Corviknight|U-turn|p1a: Hawlucha
|-damage|p1a: Hawlucha|81/100
|
|t:|1757812984
|switch|p2a: Darkrai|Darkrai|100/100|[from] U-turn
|
|upkeep
|turn|18
|
|t:|1757812988
|move|p1a: Hawlucha|Acrobatics|p2a: Darkrai
|-damage|p2a: Darkrai|0 fnt
|faint|p2a: Darkrai
|
|upkeep
|
|t:|1757812990
|switch|p2a: Toxapex|Toxapex, F|100/100
|turn|19
|
|t:|1757812995
|move|p1a: Hawlucha|Taunt|p2a: Toxapex
|-start|p2a: Toxapex|move: Taunt
|cant|p2a: Toxapex|move: Taunt|Toxic
|
|upkeep
|turn|20
|c|☆Celestial_dubkun|Blud just hit me lol
|
|t:|1757813011
|move|p1a: Hawlucha|Acrobatics|p2a: Toxapex
|-crit|p2a: Toxapex
|-damage|p2a: Toxapex|0 fnt
|faint|p2a: Toxapex
|
|upkeep
|-message|Celestial_dubkun forfeited.
|
|win|e3720
|raw|e3720's rating: 1616 &rarr; <strong>1638</strong><br />(+22 for winning)
|raw|Celestial_dubkun's rating: 1646 &rarr; <strong>1624</strong><br />(-22 for losing)
|l|☆Celestial_dubkun
|player|p2|
|l|☆e3720
|player|p1|
