|j|☆lasg95
|j|☆WYH666
|t:|1757824963
|gametype|singles
|player|p1|lasg95|102|1213
|player|p2|WYH666|fisherman-gen4|1264
|gen|9
|tier|[Gen 9] OU
|rated|
|rule|HP Percentage Mod: HP is shown in percentages
|rule|Endless Battle Clause: Forcing endless battles is banned
|rule|Species Clause: Limit one of each Pokémon
|rule|OHKO Clause: OHKO moves are banned
|rule|Evasion Items Clause: Evasion items are banned
|rule|Evasion Moves Clause: Evasion moves are banned
|rule|Evasion Abilities Clause: Evasion abilities are banned
|rule|Sleep Moves Clause: Sleep-inducing moves are banned
|clearpoke
|poke|p1|Lapras, M|
|poke|p1|Charizard, F|
|poke|p1|Dragonite, F|
|poke|p1|Venusaur, F|
|poke|p1|Gengar, M|
|poke|p1|Espeon, M|
|poke|p2|Great Tusk|
|poke|p2|Heatran, M|
|poke|p2|Weavile, M|
|poke|p2|Primarina, M|
|poke|p2|Ogerpon, F|
|poke|p2|Pecharunt|
|teampreview
|
|t:|1757824972
|teamsize|p1|6
|teamsize|p2|6
|start
|switch|p1a: Venusaur|Venusaur, F|100/100
|switch|p2a: Bandit|Weavile, M, shiny|100/100
|-ability|p2a: Bandit|Pressure
|turn|1
|
|t:|1757824985
|-terastallize|p1a: Venusaur|Fire
|move|p2a: Bandit|Triple Axel|p1a: Venusaur
|-resisted|p1a: Venusaur
|-damage|p1a: Venusaur|95/100
|-resisted|p1a: Venusaur
|-damage|p1a: Venusaur|85/100
|-resisted|p1a: Venusaur
|-damage|p1a: Venusaur|69/100
|-hitcount|p1a: Venusaur|3
|move|p1a: Venusaur|Leech Seed|p2a: Bandit
|-start|p2a: Bandit|move: Leech Seed
|
|-heal|p1a: Venusaur|75/100|[from] item: Leftovers
|-damage|p2a: Bandit|88/100|[from] Leech Seed|[of] p1a: Venusaur
|-heal|p1a: Venusaur|84/100|[silent]
|upkeep
|turn|2
|
|t:|1757825009
|switch|p2a: Celestine|Primarina, M, shiny|100/100
|move|p1a: Venusaur|Giga Drain|p2a: Celestine
|-supereffective|p2a: Celestine
|-damage|p2a: Celestine|72/100
|-heal|p1a: Venusaur|98/100|[from] drain|[of] p2a: Celestine
|
|-heal|p1a: Venusaur|100/100|[from] item: Leftovers
|upkeep
|turn|3
|
|t:|1757825025
|move|p1a: Venusaur|Sludge Bomb|p2a: Celestine
|-supereffective|p2a: Celestine
|-crit|p2a: Celestine
|-damage|p2a: Celestine|21/100
|move|p2a: Celestine|Flip Turn|p1a: Venusaur
|-supereffective|p1a: Venusaur
|-damage|p1a: Venusaur|76/100
|
|t:|1757825037
|switch|p2a: Behemoth|Great Tusk, shiny|100/100|[from] Flip Turn
|
|-heal|p1a: Venusaur|82/100|[from] item: Leftovers
|upkeep
|turn|4
|
|t:|1757825046
|move|p2a: Behemoth|Headlong Rush|p1a: Venusaur
|-supereffective|p1a: Venusaur
|-damage|p1a: Venusaur|0 fnt
|-unboost|p2a: Behemoth|def|1
|-unboost|p2a: Behemoth|spd|1
|faint|p1a: Venusaur
|
|upkeep
|
|t:|1757825058
|switch|p1a: Lapras|Lapras, M|100/100
|turn|5
|
|t:|1757825065
|-end|p2a: Behemoth|Protosynthesis|[silent]
|switch|p2a: Celestine|Primarina, M, shiny|21/100
|move|p1a: Lapras|Freeze-Dry|p2a: Celestine
|-supereffective|p2a: Celestine
|-damage|p2a: Celestine|0 fnt
|faint|p2a: Celestine
|
|upkeep
|
|t:|1757825074
|switch|p2a: Anonymous|Ogerpon, F|100/100
|turn|6
|
|t:|1757825083
|move|p2a: Anonymous|U-turn|p1a: Lapras
|-damage|p1a: Lapras|70/100
|
|t:|1757825086
|switch|p2a: Overseer|Pecharunt|100/100|[from] U-turn
|move|p1a: Lapras|Ice Beam|p2a: Overseer
|-damage|p2a: Overseer|74/100
|-status|p2a: Overseer|frz
|
|-heal|p1a: Lapras|77/100|[from] item: Leftovers
|upkeep
|turn|7
|
|t:|1757825097
|cant|p2a: Overseer|frz
|move|p1a: Lapras|Surf|p2a: Overseer
|-crit|p2a: Overseer
|-damage|p2a: Overseer|37/100 frz
|
|-heal|p1a: Lapras|83/100|[from] item: Leftovers
|upkeep
|turn|8
|
|t:|1757825103
|cant|p2a: Overseer|frz
|move|p1a: Lapras|Surf|p2a: Overseer
|-damage|p2a: Overseer|9/100 frz
|
|-heal|p1a: Lapras|89/100|[from] item: Leftovers
|upkeep
|turn|9
|
|t:|1757825112
|-curestatus|p2a: Overseer|frz|[msg]
|move|p2a: Overseer|Recover|p2a: Overseer
|-heal|p2a: Overseer|60/100
|move|p1a: Lapras|Surf|p2a: Overseer
|-damage|p2a: Overseer|31/100
|
|-heal|p1a: Lapras|95/100|[from] item: Leftovers
|upkeep
|turn|10
|
|t:|1757825120
|move|p2a: Overseer|Recover|p2a: Overseer
|-heal|p2a: Overseer|81/100
|move|p1a: Lapras|Surf|p2a: Overseer
|-damage|p2a: Overseer|54/100
|
|-heal|p1a: Lapras|100/100|[from] item: Leftovers
|upkeep
|turn|11
|
|t:|1757825126
|move|p2a: Overseer|Recover|p2a: Overseer
|-heal|p2a: Overseer|100/100
|move|p1a: Lapras|Surf|p2a: Overseer
|-damage|p2a: Overseer|72/100
|
|upkeep
|turn|12
|
|t:|1757825135
|move|p2a: Overseer|Parting Shot|p1a: Lapras
|-unboost|p1a: Lapras|atk|1
|-unboost|p1a: Lapras|spa|1
|
|t:|1757825138
|switch|p2a: Anonymous|Ogerpon, F|100/100|[from] Parting Shot
|move|p1a: Lapras|Ice Beam|p2a: Anonymous
|-supereffective|p2a: Anonymous
|-damage|p2a: Anonymous|58/100
|
|upkeep
|turn|13
|
|t:|1757825146
|move|p2a: Anonymous|Ivy Cudgel|p1a: Lapras
|-supereffective|p1a: Lapras
|-damage|p1a: Lapras|0 fnt
|faint|p1a: Lapras
|
|upkeep
|
|t:|1757825155
|switch|p1a: Charizard|Charizard, F|100/100
|turn|14
|
|t:|1757825165
|switch|p2a: Chaos|Heatran, M, shiny|100/100
|-item|p2a: Chaos|Air Balloon
|move|p1a: Charizard|Fire Blast|p2a: Chaos
|-start|p2a: Chaos|ability: Flash Fire
|
|upkeep
|turn|15
|
|t:|1757825175
|move|p1a: Charizard|Focus Blast|p2a: Chaos
|-supereffective|p2a: Chaos
|-damage|p2a: Chaos|26/100
|-enditem|p2a: Chaos|Air Balloon
|move|p2a: Chaos|Stealth Rock|p1a: Charizard
|-sidestart|p1: lasg95|move: Stealth Rock
|
|upkeep
|turn|16
|
|t:|1757825183
|move|p1a: Charizard|Focus Blast|p2a: Chaos
|-supereffective|p2a: Chaos
|-damage|p2a: Chaos|0 fnt
|faint|p2a: Chaos
|
|upkeep
|
|t:|1757825188
|switch|p2a: Bandit|Weavile, M, shiny|88/100
|-ability|p2a: Bandit|Pressure
|turn|17
|
|t:|1757825193
|-terastallize|p2a: Bandit|Ice
|move|p2a: Bandit|Triple Axel|p1a: Charizard
|-damage|p1a: Charizard|72/100
|-hitcount|p1a: Charizard|1
|move|p1a: Charizard|Fire Blast|p2a: Bandit
|-supereffective|p2a: Bandit
|-damage|p2a: Bandit|0 fnt
|faint|p2a: Bandit
|
|upkeep
|
|t:|1757825205
|switch|p2a: Anonymous|Ogerpon, F|58/100
|turn|18
|
|t:|1757825208
|move|p2a: Anonymous|Rock Tomb|p1a: Charizard
|-supereffective|p1a: Charizard
|-damage|p1a: Charizard|0 fnt
|faint|p1a: Charizard
|
|upkeep
|
|t:|1757825228
|switch|p1a: Dragonite|Dragonite, F|100/100
|turn|19
|
|t:|1757825232
|move|p2a: Anonymous|Rock Tomb|p1a: Dragonite
|-supereffective|p1a: Dragonite
|-damage|p1a: Dragonite|70/100
|-unboost|p1a: Dragonite|spe|1
|move|p1a: Dragonite|Dragon Dance|p1a: Dragonite
|-boost|p1a: Dragonite|atk|1
|-boost|p1a: Dragonite|spe|1
|
|upkeep
|turn|20
|
|t:|1757825240
|move|p2a: Anonymous|Rock Tomb|p1a: Dragonite
|-supereffective|p1a: Dragonite
|-damage|p1a: Dragonite|6/100
|-unboost|p1a: Dragonite|spe|1
|move|p1a: Dragonite|Outrage|p2a: Anonymous
|-damage|p2a: Anonymous|0 fnt
|faint|p2a: Anonymous
|
|upkeep
|
|t:|1757825248
|switch|p2a: Behemoth|Great Tusk, shiny|100/100
|turn|21
|
|t:|1757825255
|move|p2a: Behemoth|Rapid Spin|p1a: Dragonite
|-damage|p1a: Dragonite|0 fnt
|-boost|p2a: Behemoth|spe|1
|faint|p1a: Dragonite
|
|upkeep
|
|t:|1757825261
|switch|p1a: Gengar|Gengar, M|100/100
|-damage|p1a: Gengar|88/100|[from] Stealth Rock
|turn|22
|
|t:|1757825270
|move|p2a: Behemoth|Headlong Rush|p1a: Gengar
|-supereffective|p1a: Gengar
|-damage|p1a: Gengar|0 fnt
|-unboost|p2a: Behemoth|def|1
|-unboost|p2a: Behemoth|spd|1
|faint|p1a: Gengar
|
|upkeep
|
|t:|1757825276
|switch|p1a: Espeon|Espeon, M|100/100
|-damage|p1a: Espeon|88/100|[from] Stealth Rock
|turn|23
|
|t:|1757825296
|move|p2a: Behemoth|Headlong Rush|p1a: Espeon
|-damage|p1a: Espeon|0 fnt
|-unboost|p2a: Behemoth|def|1
|-unboost|p2a: Behemoth|spd|1
|faint|p1a: Espeon
|
|win|WYH666
|raw|lasg95's rating: 1213 &rarr; <strong>1192</strong><br />(-21 for losing)
|raw|WYH666's rating: 1264 &rarr; <strong>1285</strong><br />(+21 for winning)
|l|☆WYH666
|player|p2|
|l|☆lasg95
|player|p1|
