|j|☆RyceburnJR2
|j|☆jadenthesilly2
|t:|1757814162
|gametype|singles
|player|p1|RyceburnJR2|red|1045
|player|p2|jadenthesilly2|hilbert|1020
|gen|9
|tier|[Gen 9] OU
|rated|
|rule|HP Percentage Mod: HP is shown in percentages
|rule|Endless Battle Clause: Forcing endless battles is banned
|rule|Species Clause: Limit one of each Pokémon
|rule|OHKO Clause: OHKO moves are banned
|rule|Evasion Items Clause: Evasion items are banned
|rule|Evasion Moves Clause: Evasion moves are banned
|rule|Evasion Abilities Clause: Evasion abilities are banned
|rule|Sleep Moves Clause: Sleep-inducing moves are banned
|clearpoke
|poke|p1|Skeledirge, M|
|poke|p1|Pawmot, F|
|poke|p1|Kingambit, F|
|poke|p1|Tinkaton, F|
|poke|p1|Garchomp, M|
|poke|p1|Dondozo, M|
|poke|p2|Luxray, M|
|poke|p2|Infernape, M|
|poke|p2|Meowscarada, F|
|poke|p2|Milotic, F|
|poke|p2|Dragonite, M|
|poke|p2|Metagross|
|teampreview
|
|t:|1757814216
|teamsize|p1|6
|teamsize|p2|6
|start
|switch|p1a: Garchomp|Garchomp, M|100/100
|switch|p2a: Meowscarada|Meowscarada, F|100/100
|turn|1
|inactive|Battle timer is ON: inactive players will automatically lose when time's up. (requested by jadenthesilly2)
|inactive|RyceburnJR2 has 120 seconds left.
|
|t:|1757814258
|move|p1a: Garchomp|Fire Fang|p2a: Meowscarada
|-supereffective|p2a: Meowscarada
|-damage|p2a: Meowscarada|41/100
|move|p2a: Meowscarada|Spikes|p1a: Garchomp
|-start|p2a: Meowscarada|typechange|Ground|[from] ability: Protean
|-sidestart|p1: RyceburnJR2|Spikes
|
|-heal|p2a: Meowscarada|47/100|[from] item: Leftovers
|upkeep
|turn|2
|
|t:|1757814271
|move|p1a: Garchomp|Earthquake|p2a: Meowscarada
|-damage|p2a: Meowscarada|0 fnt
|faint|p2a: Meowscarada
|
|upkeep
|
|t:|1757814282
|switch|p2a: Luxray|Luxray, M|100/100
|turn|3
|
|t:|1757814290
|-terastallize|p2a: Luxray|Grass
|move|p1a: Garchomp|Earthquake|p2a: Luxray
|-resisted|p2a: Luxray
|-damage|p2a: Luxray|70/100
|move|p2a: Luxray|Play Rough|p1a: Garchomp
|-supereffective|p1a: Garchomp
|-damage|p1a: Garchomp|43/100
|-damage|p2a: Luxray|58/100|[from] ability: Rough Skin|[of] p1a: Garchomp
|-damage|p2a: Luxray|41/100|[from] item: Rocky Helmet|[of] p1a: Garchomp
|
|-heal|p2a: Luxray|47/100|[from] item: Leftovers
|upkeep
|turn|4
|c|☆RyceburnJR2|how didd u tera twice
|
|t:|1757814311
|move|p1a: Garchomp|Fire Fang|p2a: Luxray
|-supereffective|p2a: Luxray
|-damage|p2a: Luxray|0 fnt
|faint|p2a: Luxray
|
|upkeep
|c|☆jadenthesilly2|protean ability
|
|t:|1757814325
|switch|p2a: Milotic|Milotic, F|100/100
|turn|5
|c|☆RyceburnJR2|ohhhhh
|
|t:|1757814333
|move|p1a: Garchomp|Dragon Claw|p2a: Milotic
|-damage|p2a: Milotic|50/100
|move|p2a: Milotic|Ice Beam|p1a: Garchomp
|-supereffective|p1a: Garchomp
|-damage|p1a: Garchomp|0 fnt
|faint|p1a: Garchomp
|
|-heal|p2a: Milotic|57/100|[from] item: Leftovers
|upkeep
|
|t:|1757814338
|switch|p1a: Pawmot|Pawmot, F|100/100
|-damage|p1a: Pawmot|88/100|[from] Spikes
|turn|6
|
|t:|1757814347
|move|p1a: Pawmot|Double Shock|p2a: Milotic
|-supereffective|p2a: Milotic
|-damage|p2a: Milotic|0 fnt
|-start|p1a: Pawmot|typechange|???/Fighting|[from] move: Double Shock
|faint|p2a: Milotic
|
|upkeep
|
|t:|1757814354
|switch|p2a: Dragonite|Dragonite, M|100/100
|turn|7
|
|t:|1757814369
|move|p1a: Pawmot|Ice Punch|p2a: Dragonite
|-supereffective|p2a: Dragonite
|-damage|p2a: Dragonite|0 fnt
|faint|p2a: Dragonite
|
|upkeep
|
|t:|1757814374
|switch|p2a: Metagross|Metagross|100/100
|turn|8
|
|t:|1757814379
|move|p1a: Pawmot|Close Combat|p2a: Metagross
|-damage|p2a: Metagross|54/100
|-unboost|p1a: Pawmot|def|1
|-unboost|p1a: Pawmot|spd|1
|move|p2a: Metagross|Psychic Fangs|p1a: Pawmot
|-supereffective|p1a: Pawmot
|-damage|p1a: Pawmot|0 fnt
|faint|p1a: Pawmot
|
|-heal|p2a: Metagross|60/100|[from] item: Leftovers
|upkeep
|
|t:|1757814383
|switch|p1a: Skeledirge|Skeledirge, M|100/100
|-damage|p1a: Skeledirge|88/100|[from] Spikes
|turn|9
|
|t:|1757814393
|-terastallize|p1a: Skeledirge|Fairy
|move|p1a: Skeledirge|Torch Song|p2a: Metagross
|-supereffective|p2a: Metagross
|-damage|p2a: Metagross|0 fnt
|-boost|p1a: Skeledirge|spa|1
|faint|p2a: Metagross
|-enditem|p1a: Skeledirge|Throat Spray
|-boost|p1a: Skeledirge|spa|1|[from] item: Throat Spray
|
|upkeep
|
|t:|1757814402
|switch|p2a: Infernape|Infernape, M|100/100
|turn|10
|
|t:|1757814412
|move|p2a: Infernape|Overheat|p1a: Skeledirge
|-damage|p1a: Skeledirge|29/100
|-unboost|p2a: Infernape|spa|2
|move|p1a: Skeledirge|Earth Power|p2a: Infernape
|-supereffective|p2a: Infernape
|-damage|p2a: Infernape|0 fnt
|faint|p2a: Infernape
|
|win|RyceburnJR2
|raw|RyceburnJR2's rating: 1045 &rarr; <strong>1076</strong><br />(+31 for winning)
|raw|jadenthesilly2's rating: 1020 &rarr; <strong>1008</strong><br />(-12 for losing)
|l|☆jadenthesilly2
|player|p2|
