|j|☆LVL62Monoco
|j|☆Emboaritez
|t:|1757795514
|gametype|singles
|player|p1|LVL62Monoco|265|1507
|player|p2|Emboaritez|marlon|1533
|gen|9
|tier|[Gen 9] OU
|rated|
|rule|HP Percentage Mod: HP is shown in percentages
|rule|Endless Battle Clause: Forcing endless battles is banned
|rule|Species Clause: Limit one of each Pokémon
|rule|OHKO Clause: OHKO moves are banned
|rule|Evasion Items Clause: Evasion items are banned
|rule|Evasion Moves Clause: Evasion moves are banned
|rule|Evasion Abilities Clause: Evasion abilities are banned
|rule|Sleep Moves Clause: Sleep-inducing moves are banned
|clearpoke
|poke|p1|Grimmsnarl, M|
|poke|p1|Ursaluna, F|
|poke|p1|Slowbro-Galar, M|
|poke|p1|Iron Hands|
|poke|p1|Kingambit, F|
|poke|p1|Enamorus-Therian, F|
|poke|p2|Emboar, M|
|poke|p2|Hatterene, F|
|poke|p2|Sinistcha|
|poke|p2|Ursaluna, F|
|poke|p2|Indeedee-F, F|
|poke|p2|Hoopa-Unbound|
|teampreview
|inactive|Battle timer is ON: inactive players will automatically lose when time's up. (requested by Emboaritez)
|
|t:|1757795526
|teamsize|p1|6
|teamsize|p2|6
|start
|switch|p1a: Grimmsnarl|Grimmsnarl, M|100/100
|switch|p2a: Emboar|Emboar, M|100/100
|turn|1
|
|t:|1757795532
|move|p1a: Grimmsnarl|Reflect|p1a: Grimmsnarl
|-sidestart|p1: LVL62Monoco|Reflect
|move|p2a: Emboar|Knock Off|p1a: Grimmsnarl
|-resisted|p1a: Grimmsnarl
|-damage|p1a: Grimmsnarl|95/100
|-enditem|p1a: Grimmsnarl|Light Clay|[from] move: Knock Off|[of] p2a: Emboar
|
|upkeep
|turn|2
|inactive|Emboaritez has 120 seconds left.
|
|t:|1757795563
|switch|p2a: Hatterene|Hatterene, F|100/100
|move|p1a: Grimmsnarl|Light Screen|p1a: Grimmsnarl
|-sidestart|p1: LVL62Monoco|move: Light Screen
|
|upkeep
|turn|3
|
|t:|1757795582
|move|p1a: Grimmsnarl|Parting Shot|p2a: Hatterene
|move|p2a: Hatterene|Parting Shot|p1a: Grimmsnarl|[from] ability: Magic Bounce
|-unboost|p1a: Grimmsnarl|atk|1
|-unboost|p1a: Grimmsnarl|spa|1
|
|t:|1757795586
|switch|p2a: Ursaluna|Ursaluna, F|100/100|[from] Parting Shot
|
|-status|p2a: Ursaluna|brn|[from] item: Flame Orb
|upkeep
|turn|4
|
|t:|1757795591
|switch|p2a: Hatterene|Hatterene, F|100/100
|move|p1a: Grimmsnarl|Parting Shot|p2a: Hatterene
|move|p2a: Hatterene|Parting Shot|p1a: Grimmsnarl|[from] ability: Magic Bounce
|-unboost|p1a: Grimmsnarl|atk|1
|-unboost|p1a: Grimmsnarl|spa|1
|
|t:|1757795594
|switch|p2a: Ursaluna|Ursaluna, F|100/100 brn|[from] Parting Shot
|
|-damage|p2a: Ursaluna|94/100 brn|[from] brn
|upkeep
|turn|5
|
|t:|1757795606
|switch|p2a: Hatterene|Hatterene, F|100/100
|move|p1a: Grimmsnarl|Parting Shot|p2a: Hatterene
|move|p2a: Hatterene|Parting Shot|p1a: Grimmsnarl|[from] ability: Magic Bounce
|-unboost|p1a: Grimmsnarl|atk|1
|-unboost|p1a: Grimmsnarl|spa|1
|
|t:|1757795607
|switch|p2a: Emboar|Emboar, M|100/100|[from] Parting Shot
|
|upkeep
|turn|6
|
|t:|1757795626
|switch|p1a: Enamorus|Enamorus-Therian, F|100/100
|switch|p2a: Hatterene|Hatterene, F|100/100
|
|-sideend|p1: LVL62Monoco|move: Light Screen
|upkeep
|turn|7
|
|t:|1757795634
|move|p1a: Enamorus|Calm Mind|p1a: Enamorus
|-boost|p1a: Enamorus|spa|1
|-boost|p1a: Enamorus|spd|1
|move|p2a: Hatterene|Trick Room|p2a: Hatterene
|-fieldstart|move: Trick Room|[of] p2a: Hatterene
|
|upkeep
|turn|8
|
|t:|1757795640
|move|p2a: Hatterene|Psyshock|p1a: Enamorus
|-damage|p1a: Enamorus|61/100
|move|p1a: Enamorus|Moonblast|p2a: Hatterene
|-damage|p2a: Hatterene|12/100
|
|-sideend|p1: LVL62Monoco|Reflect
|upkeep
|turn|9
|
|t:|1757795652
|move|p2a: Hatterene|Psyshock|p1a: Enamorus
|-damage|p1a: Enamorus|16/100
|move|p1a: Enamorus|Moonblast|p2a: Hatterene
|-damage|p2a: Hatterene|0 fnt
|faint|p2a: Hatterene
|
|upkeep
|
|t:|1757795660
|switch|p2a: Ursaluna|Ursaluna, F|94/100 brn
|turn|10
|
|t:|1757795665
|move|p2a: Ursaluna|Facade|p1a: Enamorus
|-damage|p1a: Enamorus|0 fnt
|faint|p1a: Enamorus
|
|-damage|p2a: Ursaluna|88/100 brn|[from] brn
|upkeep
|
|t:|1757795671
|switch|p1a: Grimmsnarl|Grimmsnarl, M|95/100
|turn|11
|
|t:|1757795680
|move|p1a: Grimmsnarl|Reflect|p1a: Grimmsnarl
|-sidestart|p1: LVL62Monoco|Reflect
|move|p2a: Ursaluna|Facade|p1a: Grimmsnarl
|-damage|p1a: Grimmsnarl|42/100
|
|-damage|p2a: Ursaluna|82/100 brn|[from] brn
|-fieldend|move: Trick Room
|upkeep
|turn|12
|
|t:|1757795687
|switch|p2a: Indeedee|Indeedee-F, F|100/100
|-fieldstart|move: Psychic Terrain|[from] ability: Psychic Surge|[of] p2a: Indeedee
|move|p1a: Grimmsnarl|Parting Shot|p2a: Indeedee
|-activate|p2a: Indeedee|move: Psychic Terrain
|
|upkeep
|turn|13
|
|t:|1757795695
|move|p1a: Grimmsnarl|Light Screen|p1a: Grimmsnarl
|-sidestart|p1: LVL62Monoco|move: Light Screen
|move|p2a: Indeedee|Trick Room|p2a: Indeedee
|-fieldstart|move: Trick Room|[of] p2a: Indeedee
|
|upkeep
|turn|14
|
|t:|1757795704
|switch|p1a: Kingambit|Kingambit, F|100/100
|-activate|p1a: Kingambit|ability: Supreme Overlord
|-start|p1a: Kingambit|fallen1|[silent]
|switch|p2a: Ursaluna|Ursaluna, F|82/100 brn
|
|-damage|p2a: Ursaluna|76/100 brn|[from] brn
|upkeep
|turn|15
|
|t:|1757795724
|move|p2a: Ursaluna|Headlong Rush|p1a: Kingambit
|-supereffective|p1a: Kingambit
|-damage|p1a: Kingambit|27/100
|-unboost|p2a: Ursaluna|def|1
|-unboost|p2a: Ursaluna|spd|1
|move|p1a: Kingambit|Kowtow Cleave|p2a: Ursaluna
|-damage|p2a: Ursaluna|17/100 brn
|
|-damage|p2a: Ursaluna|11/100 brn|[from] brn
|-sideend|p1: LVL62Monoco|Reflect
|upkeep
|turn|16
|
|t:|1757795736
|move|p2a: Ursaluna|Headlong Rush|p1a: Kingambit
|-supereffective|p1a: Kingambit
|-damage|p1a: Kingambit|0 fnt
|-unboost|p2a: Ursaluna|def|1
|-unboost|p2a: Ursaluna|spd|1
|faint|p1a: Kingambit
|-end|p1a: Kingambit|fallen1|[silent]
|
|-damage|p2a: Ursaluna|5/100 brn|[from] brn
|upkeep
|
|t:|1757795750
|switch|p1a: Slowbro|Slowbro-Galar, M|100/100
|turn|17
|-activate|p1a: Slowbro|ability: Quick Draw
|
|t:|1757795754
|move|p1a: Slowbro|Ice Beam|p2a: Ursaluna
|-supereffective|p2a: Ursaluna
|-damage|p2a: Ursaluna|0 fnt
|faint|p2a: Ursaluna
|
|-sideend|p1: LVL62Monoco|move: Light Screen
|-fieldend|move: Trick Room
|upkeep
|
|t:|1757795759
|switch|p2a: Hoopa|Hoopa-Unbound|100/100
|turn|18
|
|t:|1757795766
|move|p1a: Slowbro|Sludge Bomb|p2a: Hoopa
|-damage|p2a: Hoopa|70/100
|move|p2a: Hoopa|Trick Room|p2a: Hoopa
|-fieldstart|move: Trick Room|[of] p2a: Hoopa
|-enditem|p2a: Hoopa|Room Service
|-unboost|p2a: Hoopa|spe|1|[from] item: Room Service
|
|upkeep
|turn|19
|-activate|p1a: Slowbro|item: Quick Claw
|
|t:|1757795780
|move|p1a: Slowbro|Sludge Bomb|p2a: Hoopa
|-damage|p2a: Hoopa|35/100
|move|p2a: Hoopa|Dark Pulse|p1a: Slowbro
|-supereffective|p1a: Slowbro
|-damage|p1a: Slowbro|0 fnt
|faint|p1a: Slowbro
|-item|p2a: Hoopa|Quick Claw|[from] ability: Magician|[of] p1: Slowbro
|
|-fieldend|move: Psychic Terrain
|upkeep
|
|t:|1757795791
|switch|p1a: Grimmsnarl|Grimmsnarl, M|42/100
|turn|20
|-activate|p2a: Hoopa|item: Quick Claw
|
|t:|1757795795
|move|p1a: Grimmsnarl|Light Screen|p1a: Grimmsnarl
|-sidestart|p1: LVL62Monoco|move: Light Screen
|move|p2a: Hoopa|Drain Punch|p1a: Grimmsnarl
|-damage|p1a: Grimmsnarl|21/100
|-heal|p2a: Hoopa|47/100|[from] drain|[of] p1a: Grimmsnarl
|
|upkeep
|turn|21
|
|t:|1757795802
|move|p1a: Grimmsnarl|Reflect|p1a: Grimmsnarl
|-sidestart|p1: LVL62Monoco|Reflect
|move|p2a: Hoopa|Drain Punch|p1a: Grimmsnarl
|-damage|p1a: Grimmsnarl|10/100
|-heal|p2a: Hoopa|53/100|[from] drain|[of] p1a: Grimmsnarl
|
|upkeep
|turn|22
|
|t:|1757795808
|switch|p2a: Indeedee|Indeedee-F, F|100/100
|-fieldstart|move: Psychic Terrain|[from] ability: Psychic Surge|[of] p2a: Indeedee
|move|p1a: Grimmsnarl|Spirit Break|p2a: Indeedee
|-damage|p2a: Indeedee|72/100
|-unboost|p2a: Indeedee|spa|1
|
|-fieldend|move: Trick Room
|upkeep
|turn|23
|
|t:|1757795818
|switch|p1a: Ursaluna|Ursaluna, F|100/100
|move|p2a: Indeedee|Trick Room|p2a: Indeedee
|-fieldstart|move: Trick Room|[of] p2a: Indeedee
|
|upkeep
|turn|24
|
|t:|1757795829
|move|p1a: Ursaluna|Swords Dance|p1a: Ursaluna
|-boost|p1a: Ursaluna|atk|2
|move|p2a: Indeedee|Healing Wish|p2a: Indeedee
|faint|p2a: Indeedee
|
|-sideend|p1: LVL62Monoco|move: Light Screen
|upkeep
|
|t:|1757795834
|switch|p2a: Hoopa|Hoopa-Unbound|53/100
|-heal|p2a: Hoopa|100/100|[from] move: Healing Wish
|turn|25
|
|t:|1757795839
|move|p1a: Ursaluna|Headlong Rush|p2a: Hoopa
|-damage|p2a: Hoopa|0 fnt
|-unboost|p1a: Ursaluna|def|1
|-unboost|p1a: Ursaluna|spd|1
|faint|p2a: Hoopa
|
|-sideend|p1: LVL62Monoco|Reflect
|upkeep
|
|t:|1757795851
|switch|p2a: Emboar|Emboar, M|100/100
|turn|26
|
|t:|1757795870
|-terastallize|p1a: Ursaluna|Normal
|move|p2a: Emboar|Flare Blitz|p1a: Ursaluna
|-damage|p1a: Ursaluna|0 fnt
|faint|p1a: Ursaluna
|-damage|p2a: Emboar|64/100|[from] Recoil
|
|upkeep
|
|t:|1757795877
|switch|p1a: Grimmsnarl|Grimmsnarl, M|10/100
|turn|27
|
|t:|1757795880
|move|p1a: Grimmsnarl|Reflect|p1a: Grimmsnarl
|-sidestart|p1: LVL62Monoco|Reflect
|move|p2a: Emboar|Flare Blitz|p1a: Grimmsnarl
|-damage|p1a: Grimmsnarl|0 fnt
|faint|p1a: Grimmsnarl
|-damage|p2a: Emboar|61/100|[from] Recoil
|
|-fieldend|move: Trick Room
|upkeep
|
|t:|1757795887
|switch|p1a: Iron Hands|Iron Hands|100/100
|turn|28
|
|t:|1757795893
|-terastallize|p2a: Emboar|Fire
|move|p1a: Iron Hands|Swords Dance|p1a: Iron Hands
|-boost|p1a: Iron Hands|atk|2
|move|p2a: Emboar|Flare Blitz|p1a: Iron Hands
|-damage|p1a: Iron Hands|55/100
|-damage|p2a: Emboar|43/100|[from] Recoil
|
|upkeep
|turn|29
|
|t:|1757795904
|switch|p2a: Sinistcha|Sinistcha|100/100
|move|p1a: Iron Hands|Wild Charge|p2a: Sinistcha
|-resisted|p2a: Sinistcha
|-damage|p2a: Sinistcha|67/100
|-damage|p1a: Iron Hands|49/100|[from] Recoil
|
|-fieldend|move: Psychic Terrain
|upkeep
|turn|30
|
|t:|1757795912
|move|p1a: Iron Hands|Ice Punch|p2a: Sinistcha
|-supereffective|p2a: Sinistcha
|-damage|p2a: Sinistcha|0 fnt
|faint|p2a: Sinistcha
|
|upkeep
|
|t:|1757795914
|switch|p2a: Emboar|Emboar, M, tera:Fire|43/100
|turn|31
|
|t:|1757795918
|move|p1a: Iron Hands|Close Combat|p2a: Emboar
|-damage|p2a: Emboar|0 fnt
|-unboost|p1a: Iron Hands|def|1
|-unboost|p1a: Iron Hands|spd|1
|faint|p2a: Emboar
|
|win|LVL62Monoco
|raw|LVL62Monoco's rating: 1507 &rarr; <strong>1528</strong><br />(+21 for winning)
|raw|Emboaritez's rating: 1533 &rarr; <strong>1512</strong><br />(-21 for losing)
|l|☆Emboaritez
|player|p2|
|l|☆LVL62Monoco
|player|p1|
