|j|☆doomfletch
|j|☆ilikecakeok
|t:|1757845047
|gametype|singles
|player|p1|doomfletch|170|1403
|player|p2|ilikecakeok|doctor|1371
|gen|9
|tier|[Gen 9] OU
|rated|
|rule|HP Percentage Mod: HP is shown in percentages
|rule|Endless Battle Clause: Forcing endless battles is banned
|rule|Species Clause: Limit one of each Pokémon
|rule|OHKO Clause: OHKO moves are banned
|rule|Evasion Items Clause: Evasion items are banned
|rule|Evasion Moves Clause: Evasion moves are banned
|rule|Evasion Abilities Clause: Evasion abilities are banned
|rule|Sleep Moves Clause: Sleep-inducing moves are banned
|clearpoke
|poke|p1|Hydreigon, M|
|poke|p1|Slowking-Galar, M|
|poke|p1|Great Tusk|
|poke|p1|Corviknight, M|
|poke|p1|Crawdaunt, F|
|poke|p1|Raikou|
|poke|p2|Dragonite, F|
|poke|p2|Zamazenta-*|
|poke|p2|Landorus-Therian, M|
|poke|p2|Gholdengo|
|poke|p2|Darkrai|
|poke|p2|Hatterene, F|
|teampreview
|
|t:|1757845076
|teamsize|p1|6
|teamsize|p2|6
|start
|switch|p1a: Raikou|Raikou|100/100
|switch|p2a: Landorus|Landorus-Therian, M|100/100
|-ability|p2a: Landorus|Intimidate|boost
|-fail|p1a: Raikou|unboost|Attack|[from] ability: Inner Focus|[of] p1a: Raikou
|turn|1
|
|t:|1757845084
|move|p1a: Raikou|Scald|p2a: Landorus
|-supereffective|p2a: Landorus
|-damage|p2a: Landorus|57/100
|move|p2a: Landorus|Stealth Rock|p1a: Raikou
|-sidestart|p1: doomfletch|move: Stealth Rock
|
|upkeep
|turn|2
|inactive|Battle timer is ON: inactive players will automatically lose when time's up. (requested by ilikecakeok)
|
|t:|1757845103
|switch|p2a: Hatterene|Hatterene, F|100/100
|move|p1a: Raikou|Scald|p2a: Hatterene
|-damage|p2a: Hatterene|85/100
|-status|p2a: Hatterene|brn
|
|-damage|p2a: Hatterene|79/100 brn|[from] brn
|upkeep
|turn|3
|
|t:|1757845115
|move|p1a: Raikou|Volt Switch|p2a: Hatterene
|-damage|p2a: Hatterene|58/100 brn
|
|t:|1757845120
|switch|p1a: Slowking|Slowking-Galar, M|100/100|[from] Volt Switch
|-damage|p1a: Slowking|88/100|[from] Stealth Rock
|move|p2a: Hatterene|Psyshock|p1a: Slowking
|-damage|p1a: Slowking|46/100
|
|-damage|p2a: Hatterene|52/100 brn|[from] brn
|upkeep
|turn|4
|
|t:|1757845133
|switch|p2a: Landorus|Landorus-Therian, M|57/100
|-ability|p2a: Landorus|Intimidate|boost
|-unboost|p1a: Slowking|atk|1
|move|p1a: Slowking|Psyshock|p2a: Landorus
|-damage|p2a: Landorus|26/100
|
|upkeep
|turn|5
|
|t:|1757845151
|switch|p1a: Corviknight|Corviknight, M|100/100
|-damage|p1a: Corviknight|88/100|[from] Stealth Rock
|-ability|p1a: Corviknight|Pressure
|move|p2a: Landorus|U-turn|p1a: Corviknight
|-resisted|p1a: Corviknight
|-damage|p1a: Corviknight|85/100
|-damage|p2a: Landorus|9/100|[from] item: Rocky Helmet|[of] p1a: Corviknight
|
|t:|1757845159
|switch|p2a: Gholdengo|Gholdengo|100/100|[from] U-turn
|
|upkeep
|turn|6
|
|t:|1757845165
|switch|p1a: Raikou|Raikou|100/100
|move|p2a: Gholdengo|Thunderbolt|p1a: Raikou
|-resisted|p1a: Raikou
|-damage|p1a: Raikou|82/100
|
|upkeep
|turn|7
|
|t:|1757845179
|move|p1a: Raikou|Calm Mind|p1a: Raikou
|-boost|p1a: Raikou|spa|1
|-boost|p1a: Raikou|spd|1
|move|p2a: Gholdengo|Make It Rain|p1a: Raikou
|-resisted|p1a: Raikou
|-damage|p1a: Raikou|52/100
|-unboost|p2a: Gholdengo|spa|1
|
|upkeep
|turn|8
|
|t:|1757845190
|switch|p2a: Hatterene|Hatterene, F|52/100 brn
|move|p1a: Raikou|Scald|p2a: Hatterene
|-damage|p2a: Hatterene|27/100 brn
|
|-damage|p2a: Hatterene|21/100 brn|[from] brn
|upkeep
|turn|9
|
|t:|1757845197
|move|p1a: Raikou|Thunderbolt|p2a: Hatterene
|-damage|p2a: Hatterene|0 fnt
|faint|p2a: Hatterene
|
|upkeep
|
|t:|1757845206
|switch|p2a: Dragonite|Dragonite, F|100/100
|turn|10
|
|t:|1757845212
|move|p1a: Raikou|Scald|p2a: Dragonite
|-resisted|p2a: Dragonite
|-damage|p2a: Dragonite|92/100
|move|p2a: Dragonite|Dragon Dance|p2a: Dragonite
|-boost|p2a: Dragonite|atk|1
|-boost|p2a: Dragonite|spe|1
|
|upkeep
|turn|11
|
|t:|1757845223
|switch|p1a: Corviknight|Corviknight, M|85/100
|-damage|p1a: Corviknight|72/100|[from] Stealth Rock
|-ability|p1a: Corviknight|Pressure
|move|p2a: Dragonite|Dragon Dance|p2a: Dragonite
|-boost|p2a: Dragonite|atk|1
|-boost|p2a: Dragonite|spe|1
|
|upkeep
|turn|12
|inactive|ilikecakeok has 120 seconds left.
|inactive|doomfletch has 120 seconds left.
|
|t:|1757845280
|-terastallize|p1a: Corviknight|Ghost
|move|p2a: Dragonite|Dragon Dance|p2a: Dragonite
|-boost|p2a: Dragonite|atk|1
|-boost|p2a: Dragonite|spe|1
|move|p1a: Corviknight|Iron Defense|p1a: Corviknight
|-boost|p1a: Corviknight|def|2
|
|upkeep
|turn|13
|
|t:|1757845288
|-terastallize|p2a: Dragonite|Flying
|move|p2a: Dragonite|Tera Blast|p1a: Corviknight|[anim] Tera Blast Flying
|-damage|p1a: Corviknight|33/100
|move|p1a: Corviknight|Roost|p1a: Corviknight
|-heal|p1a: Corviknight|83/100
|
|upkeep
|turn|14
|inactive|ilikecakeok has 120 seconds left.
|
|t:|1757845297
|move|p2a: Dragonite|Dragon Dance|p2a: Dragonite
|-boost|p2a: Dragonite|atk|1
|-boost|p2a: Dragonite|spe|1
|move|p1a: Corviknight|Brave Bird|p2a: Dragonite
|-damage|p2a: Dragonite|51/100
|-damage|p1a: Corviknight|73/100|[from] Recoil
|
|upkeep
|turn|15
|inactive|ilikecakeok has 120 seconds left.
|
|t:|1757845308
|move|p2a: Dragonite|Tera Blast|p1a: Corviknight|[anim] Tera Blast Flying
|-damage|p1a: Corviknight|22/100
|move|p1a: Corviknight|Brave Bird|p2a: Dragonite
|-damage|p2a: Dragonite|9/100
|-damage|p1a: Corviknight|11/100|[from] Recoil
|
|upkeep
|turn|16
|inactive|doomfletch has 120 seconds left.
|
|t:|1757845315
|move|p2a: Dragonite|Tera Blast|p1a: Corviknight|[anim] Tera Blast Flying
|-damage|p1a: Corviknight|0 fnt
|faint|p1a: Corviknight
|
|upkeep
|
|t:|1757845320
|switch|p1a: Crawdaunt|Crawdaunt, F|100/100
|-damage|p1a: Crawdaunt|88/100|[from] Stealth Rock
|turn|17
|
|t:|1757845324
|move|p2a: Dragonite|Extreme Speed|p1a: Crawdaunt
|-damage|p1a: Crawdaunt|0 fnt
|faint|p1a: Crawdaunt
|
|upkeep
|
|t:|1757845334
|switch|p1a: Great Tusk|Great Tusk|100/100
|turn|18
|-message|doomfletch forfeited.
|
|win|ilikecakeok
|raw|doomfletch's rating: 1403 &rarr; <strong>1381</strong><br />(-22 for losing)
|raw|ilikecakeok's rating: 1371 &rarr; <strong>1393</strong><br />(+22 for winning)
|l|☆doomfletch
|player|p1|
