|j|☆AnonymousJon
|j|☆zhuangmou
|t:|1757939804
|gametype|singles
|player|p1|AnonymousJon|workerice|1727
|player|p2|zhuangmou|red|1809
|gen|9
|tier|[Gen 9] OU
|rated|
|rule|HP Percentage Mod: HP is shown in percentages
|rule|Endless Battle Clause: Forcing endless battles is banned
|rule|Species Clause: Limit one of each Pokémon
|rule|OHKO Clause: OHKO moves are banned
|rule|Evasion Items Clause: Evasion items are banned
|rule|Evasion Moves Clause: Evasion moves are banned
|rule|Evasion Abilities Clause: Evasion abilities are banned
|rule|Sleep Moves Clause: Sleep-inducing moves are banned
|clearpoke
|poke|p1|Great Tusk|
|poke|p1|Ogerpon-Cornerstone, F|
|poke|p1|Rillaboom, F|
|poke|p1|Tyranitar, M|
|poke|p1|Corviknight, M|
|poke|p1|Dragapult, F|
|poke|p2|Darkrai|
|poke|p2|Great Tusk|
|poke|p2|Landorus-Therian, M|
|poke|p2|Dragapult, M|
|poke|p2|Heatran, F|
|poke|p2|Primarina, M|
|teampreview
|inactive|Battle timer is ON: inactive players will automatically lose when time's up. (requested by AnonymousJon)
|inactive|zhuangmou also wants the timer to be on.
|
|t:|1757939834
|teamsize|p1|6
|teamsize|p2|6
|start
|switch|p1a: Rillaboom|Rillaboom, F|100/100
|switch|p2a: Dragapult|Dragapult, M|100/100
|-fieldstart|move: Grassy Terrain|[from] ability: Grassy Surge|[of] p1a: Rillaboom
|turn|1
|
|t:|1757939851
|move|p2a: Dragapult|U-turn|p1a: Rillaboom
|-supereffective|p1a: Rillaboom
|-damage|p1a: Rillaboom|22/100
|
|t:|1757939855
|switch|p2a: Landorus|Landorus-Therian, M|100/100|[from] U-turn
|-ability|p2a: Landorus|Intimidate|boost
|-unboost|p1a: Rillaboom|atk|1
|move|p1a: Rillaboom|Knock Off|p2a: Landorus
|-damage|p2a: Landorus|75/100
|-damage|p1a: Rillaboom|6/100|[from] item: Rocky Helmet|[of] p2a: Landorus
|-enditem|p2a: Landorus|Rocky Helmet|[from] move: Knock Off|[of] p1a: Rillaboom
|
|-heal|p1a: Rillaboom|12/100|[from] Grassy Terrain
|upkeep
|turn|2
|j| amefurikoneko
|
|t:|1757939867
|switch|p1a: Corviknight|Corviknight, M|100/100
|-ability|p1a: Corviknight|Pressure
|move|p2a: Landorus|U-turn|p1a: Corviknight
|-resisted|p1a: Corviknight
|-damage|p1a: Corviknight|97/100
|-damage|p2a: Landorus|58/100|[from] item: Rocky Helmet|[of] p1a: Corviknight
|l| amefurikoneko
|
|t:|1757939877
|switch|p2a: Heatran|Heatran, F|100/100|[from] U-turn
|
|upkeep
|turn|3
|inactive|zhuangmou has 120 seconds left.
|
|t:|1757939909
|switch|p1a: Tyranitar|Tyranitar, M|100/100
|-weather|Sandstorm|[from] ability: Sand Stream|[of] p1a: Tyranitar
|move|p2a: Heatran|Earth Power|p1a: Tyranitar
|-supereffective|p1a: Tyranitar
|-damage|p1a: Tyranitar|74/100
|
|-weather|Sandstorm|[upkeep]
|-heal|p1a: Tyranitar|80/100|[from] Grassy Terrain
|-heal|p1a: Tyranitar|86/100|[from] item: Leftovers
|upkeep
|turn|4
|inactive|zhuangmou has 120 seconds left.
|
|t:|1757939924
|switch|p2a: Landorus|Landorus-Therian, M|58/100
|-ability|p2a: Landorus|Intimidate|boost
|-unboost|p1a: Tyranitar|atk|1
|move|p1a: Tyranitar|Stealth Rock|p2a: Landorus
|-sidestart|p2: zhuangmou|move: Stealth Rock
|
|-weather|Sandstorm|[upkeep]
|-heal|p1a: Tyranitar|92/100|[from] Grassy Terrain
|-heal|p1a: Tyranitar|99/100|[from] item: Leftovers
|upkeep
|turn|5
|
|t:|1757939939
|switch|p1a: Great Tusk|Great Tusk|100/100
|move|p2a: Landorus|U-turn|p1a: Great Tusk
|-resisted|p1a: Great Tusk
|-damage|p1a: Great Tusk|93/100
|
|t:|1757939953
|switch|p2a: Darkrai|Darkrai|100/100|[from] U-turn
|-damage|p2a: Darkrai|88/100|[from] Stealth Rock
|
|-weather|Sandstorm|[upkeep]
|-damage|p2a: Darkrai|82/100|[from] Sandstorm
|-heal|p2a: Darkrai|88/100|[from] Grassy Terrain
|-heal|p1a: Great Tusk|99/100|[from] Grassy Terrain
|-fieldend|move: Grassy Terrain
|upkeep
|turn|6
|
|t:|1757939960
|-end|p1a: Great Tusk|Protosynthesis|[silent]
|switch|p1a: Tyranitar|Tyranitar, M|99/100
|move|p2a: Darkrai|Ice Beam|p1a: Tyranitar
|-damage|p1a: Tyranitar|80/100
|-damage|p2a: Darkrai|78/100|[from] item: Life Orb
|
|-weather|Sandstorm|[upkeep]
|-damage|p2a: Darkrai|72/100|[from] Sandstorm
|-heal|p1a: Tyranitar|86/100|[from] item: Leftovers
|upkeep
|turn|7
|inactive|zhuangmou has 120 seconds left.
|
|t:|1757939981
|switch|p2a: Great Tusk|Great Tusk, shiny|100/100
|move|p1a: Tyranitar|Stone Edge|p2a: Great Tusk
|-resisted|p2a: Great Tusk
|-damage|p2a: Great Tusk|93/100
|
|-weather|none
|-heal|p1a: Tyranitar|92/100|[from] item: Leftovers
|upkeep
|turn|8
|inactive|zhuangmou has 120 seconds left.
|
|t:|1757939987
|switch|p1a: Corviknight|Corviknight, M|97/100
|-ability|p1a: Corviknight|Pressure
|move|p2a: Great Tusk|Knock Off|p1a: Corviknight
|-damage|p1a: Corviknight|76/100
|-damage|p2a: Great Tusk|77/100|[from] item: Rocky Helmet|[of] p1a: Corviknight
|-enditem|p1a: Corviknight|Rocky Helmet|[from] move: Knock Off|[of] p2a: Great Tusk
|
|upkeep
|turn|9
|inactive|zhuangmou has 120 seconds left.
|
|t:|1757940000
|-end|p2a: Great Tusk|Protosynthesis|[silent]
|switch|p2a: Heatran|Heatran, F|100/100
|-damage|p2a: Heatran|88/100|[from] Stealth Rock
|move|p1a: Corviknight|Brave Bird|p2a: Heatran
|-resisted|p2a: Heatran
|-damage|p2a: Heatran|71/100
|-damage|p1a: Corviknight|71/100|[from] Recoil
|
|-heal|p2a: Heatran|77/100|[from] item: Leftovers
|upkeep
|turn|10
|inactive|zhuangmou has 120 seconds left.
|
|t:|1757940021
|switch|p1a: Great Tusk|Great Tusk|99/100
|move|p2a: Heatran|Earth Power|p1a: Great Tusk
|-damage|p1a: Great Tusk|80/100
|
|-heal|p2a: Heatran|83/100|[from] item: Leftovers
|upkeep
|turn|11
|
|t:|1757940031
|move|p2a: Heatran|Protect|p2a: Heatran
|-singleturn|p2a: Heatran|Protect
|move|p1a: Great Tusk|Headlong Rush|p2a: Heatran
|-activate|p2a: Heatran|move: Protect
|
|-heal|p2a: Heatran|89/100|[from] item: Leftovers
|upkeep
|turn|12
|inactive|zhuangmou has 120 seconds left.
|
|t:|1757940048
|switch|p2a: Landorus|Landorus-Therian, M|58/100
|-damage|p2a: Landorus|46/100|[from] Stealth Rock
|-ability|p2a: Landorus|Intimidate|boost
|-unboost|p1a: Great Tusk|atk|1
|move|p1a: Great Tusk|Headlong Rush|p2a: Landorus
|-immune|p2a: Landorus
|
|upkeep
|turn|13
|
|t:|1757940070
|move|p1a: Great Tusk|Rapid Spin|p2a: Landorus
|-damage|p2a: Landorus|38/100
|-boost|p1a: Great Tusk|spe|1
|move|p2a: Landorus|Psychic|p1a: Great Tusk
|-supereffective|p1a: Great Tusk
|-damage|p1a: Great Tusk|50/100
|
|upkeep
|turn|14
|j| 54 Insane Rats
|
|t:|1757940087
|switch|p2a: Heatran|Heatran, F|89/100
|-damage|p2a: Heatran|77/100|[from] Stealth Rock
|move|p1a: Great Tusk|Ice Spinner|p2a: Heatran
|-resisted|p2a: Heatran
|-damage|p2a: Heatran|73/100
|
|-heal|p2a: Heatran|79/100|[from] item: Leftovers
|upkeep
|turn|15
|
|t:|1757940100
|move|p2a: Heatran|Protect|p2a: Heatran
|-singleturn|p2a: Heatran|Protect
|move|p1a: Great Tusk|Headlong Rush|p2a: Heatran
|-activate|p2a: Heatran|move: Protect
|
|-heal|p2a: Heatran|85/100|[from] item: Leftovers
|upkeep
|turn|16
|
|t:|1757940114
|switch|p2a: Landorus|Landorus-Therian, M|38/100
|-damage|p2a: Landorus|26/100|[from] Stealth Rock
|-ability|p2a: Landorus|Intimidate|boost
|-unboost|p1a: Great Tusk|atk|1
|move|p1a: Great Tusk|Headlong Rush|p2a: Landorus
|-immune|p2a: Landorus
|
|upkeep
|turn|17
|inactive|zhuangmou has 90 seconds left.
|
|t:|1757940137
|move|p1a: Great Tusk|Ice Spinner|p2a: Landorus
|-supereffective|p2a: Landorus
|-damage|p2a: Landorus|0 fnt
|faint|p2a: Landorus
|
|upkeep
|
|t:|1757940139
|switch|p2a: Great Tusk|Great Tusk, shiny|77/100
|turn|18
|inactive|zhuangmou has 90 seconds left.
|
|t:|1757940172
|-end|p1a: Great Tusk|Protosynthesis|[silent]
|switch|p1a: Dragapult|Dragapult, F|100/100
|move|p2a: Great Tusk|Headlong Rush|p1a: Dragapult
|-damage|p1a: Dragapult|13/100
|-unboost|p2a: Great Tusk|def|1
|-unboost|p2a: Great Tusk|spd|1
|
|-heal|p1a: Dragapult|19/100|[from] item: Leftovers
|upkeep
|turn|19
|
|t:|1757940188
|-end|p2a: Great Tusk|Protosynthesis|[silent]
|switch|p2a: Heatran|Heatran, F|85/100
|-damage|p2a: Heatran|73/100|[from] Stealth Rock
|move|p1a: Dragapult|Hex|p2a: Heatran
|-damage|p2a: Heatran|53/100
|
|-heal|p1a: Dragapult|25/100|[from] item: Leftovers
|-heal|p2a: Heatran|59/100|[from] item: Leftovers
|upkeep
|turn|20
|j| Swagboss123456789
|inactive|zhuangmou has 60 seconds left.
|
|t:|1757940220
|switch|p1a: Great Tusk|Great Tusk|50/100
|move|p2a: Heatran|Stealth Rock|p1a: Great Tusk
|-sidestart|p1: AnonymousJon|move: Stealth Rock
|
|-heal|p2a: Heatran|65/100|[from] item: Leftovers
|upkeep
|turn|21
|inactive|zhuangmou has 30 seconds left.
|
|t:|1757940254
|move|p2a: Heatran|Protect|p2a: Heatran
|-singleturn|p2a: Heatran|Protect
|move|p1a: Great Tusk|Headlong Rush|p2a: Heatran
|-activate|p2a: Heatran|move: Protect
|
|-heal|p2a: Heatran|71/100|[from] item: Leftovers
|upkeep
|turn|22
|inactive|zhuangmou has 30 seconds left.
|
|t:|1757940266
|-terastallize|p2a: Heatran|Grass
|move|p1a: Great Tusk|Headlong Rush|p2a: Heatran
|-resisted|p2a: Heatran
|-damage|p2a: Heatran|47/100
|-unboost|p1a: Great Tusk|def|1
|-unboost|p1a: Great Tusk|spd|1
|move|p2a: Heatran|Magma Storm|p1a: Great Tusk
|-damage|p1a: Great Tusk|0 fnt
|faint|p1a: Great Tusk
|-end|p1a: Great Tusk|Protosynthesis|[silent]
|
|-heal|p2a: Heatran|53/100|[from] item: Leftovers
|upkeep
|
|t:|1757940272
|switch|p1a: Tyranitar|Tyranitar, M|92/100
|-damage|p1a: Tyranitar|80/100|[from] Stealth Rock
|-weather|Sandstorm|[from] ability: Sand Stream|[of] p1a: Tyranitar
|turn|23
|l| Swagboss123456789
|j| Swagboss123456789
|inactive|zhuangmou has 30 seconds left.
|
|t:|1757940295
|move|p2a: Heatran|Protect|p2a: Heatran
|-singleturn|p2a: Heatran|Protect
|move|p1a: Tyranitar|Knock Off|p2a: Heatran
|-activate|p2a: Heatran|move: Protect
|
|-weather|Sandstorm|[upkeep]
|-damage|p2a: Heatran|47/100|[from] Sandstorm
|-heal|p2a: Heatran|53/100|[from] item: Leftovers
|-heal|p1a: Tyranitar|86/100|[from] item: Leftovers
|upkeep
|turn|24
|inactive|zhuangmou has 30 seconds left.
|
|t:|1757940306
|switch|p2a: Great Tusk|Great Tusk, shiny|77/100
|move|p1a: Tyranitar|Knock Off|p2a: Great Tusk
|-resisted|p2a: Great Tusk
|-damage|p2a: Great Tusk|61/100
|-enditem|p2a: Great Tusk|Heavy-Duty Boots|[from] move: Knock Off|[of] p1a: Tyranitar
|
|-weather|Sandstorm|[upkeep]
|-heal|p1a: Tyranitar|92/100|[from] item: Leftovers
|upkeep
|turn|25
|
|t:|1757940312
|switch|p1a: Corviknight|Corviknight, M|71/100
|-damage|p1a: Corviknight|59/100|[from] Stealth Rock
|-ability|p1a: Corviknight|Pressure
|move|p2a: Great Tusk|Rapid Spin|p1a: Corviknight
|-resisted|p1a: Corviknight
|-damage|p1a: Corviknight|54/100
|-boost|p2a: Great Tusk|spe|1
|-sideend|p2: zhuangmou|Stealth Rock|[from] move: Rapid Spin|[of] p2a: Great Tusk
|
|-weather|Sandstorm|[upkeep]
|upkeep
|turn|26
|inactive|zhuangmou has 30 seconds left.
|inactive|zhuangmou has 20 seconds left.
|inactive|zhuangmou has 15 seconds left.
|inactive|zhuangmou has 10 seconds left.
|inactive|zhuangmou has 5 seconds left.
|
|t:|1757940352
|move|p2a: Great Tusk|Ice Spinner|p1a: Corviknight
|-damage|p1a: Corviknight|36/100
|move|p1a: Corviknight|Roost|p1a: Corviknight
|-heal|p1a: Corviknight|86/100
|-singleturn|p1a: Corviknight|move: Roost
|
|-weather|Sandstorm|[upkeep]
|upkeep
|turn|27
|inactive|zhuangmou has 15 seconds left this turn.
|inactive|zhuangmou has 10 seconds left.
|
|t:|1757940358
|-end|p2a: Great Tusk|Protosynthesis|[silent]
|switch|p2a: Heatran|Heatran, F, tera:Grass|53/100
|move|p1a: Corviknight|Brave Bird|p2a: Heatran
|-supereffective|p2a: Heatran
|-damage|p2a: Heatran|0 fnt
|faint|p2a: Heatran
|-damage|p1a: Corviknight|70/100|[from] Recoil
|
|-weather|none
|upkeep
|inactive|zhuangmou has 15 seconds left this turn.
|inactive|zhuangmou has 10 seconds left.
|
|t:|1757940365
|switch|p2a: Primarina|Primarina, M, shiny|100/100
|turn|28
|inactive|zhuangmou has 20 seconds left this turn.
|
|t:|1757940371
|switch|p1a: Rillaboom|Rillaboom, F|12/100
|-damage|p1a: Rillaboom|0 fnt|[from] Stealth Rock
|faint|p1a: Rillaboom
|move|p2a: Primarina|Psychic Noise|p1: Rillaboom|[notarget]
|-fail|p2a: Primarina
|
|upkeep
|
|t:|1757940376
|switch|p1a: Ogerpon|Ogerpon-Cornerstone, F|100/100
|-damage|p1a: Ogerpon|88/100|[from] Stealth Rock
|turn|29
|inactive|zhuangmou has 30 seconds left.
|inactive|zhuangmou has 20 seconds left.
|inactive|zhuangmou has 15 seconds left.
|
|t:|1757940398
|switch|p2a: Great Tusk|Great Tusk, shiny|61/100
|move|p1a: Ogerpon|Horn Leech|p2a: Great Tusk
|-supereffective|p2a: Great Tusk
|-damage|p2a: Great Tusk|0 fnt
|-heal|p1a: Ogerpon|100/100|[from] drain|[of] p2a: Great Tusk
|faint|p2a: Great Tusk
|-end|p2a: Great Tusk|Protosynthesis|[silent]
|
|upkeep
|inactive|zhuangmou has 20 seconds left this turn.
|inactive|zhuangmou has 15 seconds left.
|inactive|zhuangmou has 10 seconds left.
|inactive|zhuangmou has 5 seconds left.
|
|t:|1757940414
|switch|p2a: Darkrai|Darkrai|72/100
|turn|30
|inactive|zhuangmou has 15 seconds left this turn.
|
|t:|1757940419
|switch|p1a: Tyranitar|Tyranitar, M|92/100
|-damage|p1a: Tyranitar|80/100|[from] Stealth Rock
|-weather|Sandstorm|[from] ability: Sand Stream|[of] p1a: Tyranitar
|move|p2a: Darkrai|Dark Pulse|p1a: Tyranitar
|-resisted|p1a: Tyranitar
|-damage|p1a: Tyranitar|68/100
|-damage|p2a: Darkrai|62/100|[from] item: Life Orb
|
|-weather|Sandstorm|[upkeep]
|-damage|p2a: Darkrai|56/100|[from] Sandstorm
|-heal|p1a: Tyranitar|74/100|[from] item: Leftovers
|upkeep
|turn|31
|inactive|zhuangmou has 25 seconds left this turn.
|inactive|zhuangmou has 20 seconds left.
|
|t:|1757940425
|switch|p2a: Primarina|Primarina, M, shiny|100/100
|move|p1a: Tyranitar|Stealth Rock|p2a: Primarina
|-sidestart|p2: zhuangmou|move: Stealth Rock
|
|-weather|Sandstorm|[upkeep]
|-damage|p2a: Primarina|94/100|[from] Sandstorm
|-heal|p1a: Tyranitar|80/100|[from] item: Leftovers
|upkeep
|turn|32
|inactive|zhuangmou has 30 seconds left this turn.
|inactive|zhuangmou has 20 seconds left.
|
|t:|1757940436
|move|p2a: Primarina|Psychic Noise|p1a: Tyranitar
|-supereffective|p1a: Tyranitar
|-damage|p1a: Tyranitar|53/100
|-start|p1a: Tyranitar|move: Heal Block
|move|p1a: Tyranitar|Knock Off|p2a: Primarina
|-resisted|p2a: Primarina
|-damage|p2a: Primarina|68/100
|-enditem|p2a: Primarina|Assault Vest|[from] move: Knock Off|[of] p1a: Tyranitar
|
|-weather|Sandstorm|[upkeep]
|-damage|p2a: Primarina|61/100|[from] Sandstorm
|upkeep
|turn|33
|inactive|zhuangmou has 30 seconds left this turn.
|
|t:|1757940442
|move|p2a: Primarina|Moonblast|p1a: Tyranitar
|-supereffective|p1a: Tyranitar
|-damage|p1a: Tyranitar|14/100
|-unboost|p1a: Tyranitar|spa|1
|move|p1a: Tyranitar|Stone Edge|p2a: Primarina
|-damage|p2a: Primarina|9/100
|
|-weather|Sandstorm|[upkeep]
|-damage|p2a: Primarina|3/100|[from] Sandstorm
|-end|p1a: Tyranitar|move: Heal Block
|upkeep
|turn|34
|
|t:|1757940447
|move|p2a: Primarina|Psychic Noise|p1a: Tyranitar
|-supereffective|p1a: Tyranitar
|-damage|p1a: Tyranitar|0 fnt
|faint|p1a: Tyranitar
|
|-weather|none
|upkeep
|
|t:|1757940452
|switch|p1a: Dragapult|Dragapult, F|25/100
|-damage|p1a: Dragapult|13/100|[from] Stealth Rock
|turn|35
|
|t:|1757940461
|move|p1a: Dragapult|Hex|p2a: Primarina
|-damage|p2a: Primarina|0 fnt
|faint|p2a: Primarina
|
|-heal|p1a: Dragapult|19/100|[from] item: Leftovers
|upkeep
|
|t:|1757940464
|switch|p2a: Dragapult|Dragapult, M|100/100
|-damage|p2a: Dragapult|88/100|[from] Stealth Rock
|turn|36
|
|t:|1757940485
|switch|p1a: Corviknight|Corviknight, M|70/100
|-damage|p1a: Corviknight|57/100|[from] Stealth Rock
|-ability|p1a: Corviknight|Pressure
|move|p2a: Dragapult|Sucker Punch||[still]
|-fail|p2a: Dragapult
|
|upkeep
|turn|37
|
|t:|1757940495
|switch|p2a: Darkrai|Darkrai|56/100
|-damage|p2a: Darkrai|44/100|[from] Stealth Rock
|move|p1a: Corviknight|Brave Bird|p2a: Darkrai
|-damage|p2a: Darkrai|0 fnt
|faint|p2a: Darkrai
|-damage|p1a: Corviknight|47/100|[from] Recoil
|
|upkeep
|
|t:|1757940498
|switch|p2a: Dragapult|Dragapult, M|88/100
|-damage|p2a: Dragapult|76/100|[from] Stealth Rock
|turn|38
|
|t:|1757940500
|move|p2a: Dragapult|Dragon Darts|p1a: Corviknight
|-resisted|p1a: Corviknight
|-damage|p1a: Corviknight|37/100
|-anim|p2a: Dragapult|Dragon Darts|p1a: Corviknight
|-resisted|p1a: Corviknight
|-damage|p1a: Corviknight|27/100
|move|p1a: Corviknight|Roost|p1a: Corviknight
|-heal|p1a: Corviknight|77/100
|-singleturn|p1a: Corviknight|move: Roost
|
|upkeep
|turn|39
|-message|zhuangmou forfeited.
|
|win|AnonymousJon
|raw|AnonymousJon's rating: 1727 &rarr; <strong>1752</strong><br />(+25 for winning)
|raw|zhuangmou's rating: 1809 &rarr; <strong>1784</strong><br />(-25 for losing)
|l|☆zhuangmou
|player|p2|
|j|☆zhuangmou
|player|p2|zhuangmou|red|
|l|☆AnonymousJon
|player|p1|
|l| Swagboss123456789
|l| 54 Insane Rats
|l|☆zhuangmou
|player|p2|
