|j|☆HUASCAR LS
|j|☆vitos86
|t:|1757791171
|gametype|singles
|player|p1|HUASCAR LS|1|1252
|player|p2|vitos86|biker|1207
|gen|9
|tier|[Gen 9] OU
|rated|
|rule|HP Percentage Mod: HP is shown in percentages
|rule|Endless Battle Clause: Forcing endless battles is banned
|rule|Species Clause: Limit one of each Pokémon
|rule|OHKO Clause: OHKO moves are banned
|rule|Evasion Items Clause: Evasion items are banned
|rule|Evasion Moves Clause: Evasion moves are banned
|rule|Evasion Abilities Clause: Evasion abilities are banned
|rule|Sleep Moves Clause: Sleep-inducing moves are banned
|clearpoke
|poke|p1|Deoxys-Speed|
|poke|p1|Enamorus, F|
|poke|p1|Araquanid, F|
|poke|p1|Corviknight, M|
|poke|p1|Raging Bolt|
|poke|p1|Kingambit, F|
|poke|p2|Mightyena, M|
|poke|p2|Arcanine, M|
|poke|p2|Zapdos|
|poke|p2|Typhlosion, M|
|poke|p2|Lapras, M|
|poke|p2|Blastoise, M|
|teampreview
|inactive|Battle timer is ON: inactive players will automatically lose when time's up. (requested by HUASCAR LS)
|
|t:|1757791198
|teamsize|p1|6
|teamsize|p2|6
|start
|switch|p1a: Araquanid|Araquanid, F, shiny|100/100
|switch|p2a: Arcanine|Arcanine, M|100/100
|-ability|p2a: Arcanine|Intimidate|boost
|-unboost|p1a: Araquanid|atk|1
|turn|1
|
|t:|1757791207
|move|p2a: Arcanine|Wild Charge|p1a: Araquanid
|-supereffective|p1a: Araquanid
|-damage|p1a: Araquanid|19/100
|-damage|p2a: Arcanine|83/100|[from] Recoil
|move|p1a: Araquanid|Sticky Web|p2a: Arcanine
|-sidestart|p2: vitos86|move: Sticky Web
|
|-heal|p1a: Araquanid|25/100|[from] item: Leftovers
|upkeep
|turn|2
|
|t:|1757791227
|move|p2a: Arcanine|Flare Blitz|p1a: Araquanid
|-damage|p1a: Araquanid|0 fnt
|faint|p1a: Araquanid
|-damage|p2a: Arcanine|75/100|[from] Recoil
|
|upkeep
|
|t:|1757791235
|switch|p1a: Enamorus|Enamorus, F, shiny|100/100
|turn|3
|
|t:|1757791239
|move|p1a: Enamorus|Earth Power|p2a: Arcanine
|-supereffective|p2a: Arcanine
|-crit|p2a: Arcanine
|-damage|p2a: Arcanine|0 fnt
|faint|p2a: Arcanine
|-damage|p1a: Enamorus|91/100|[from] item: Life Orb
|
|upkeep
|
|t:|1757791246
|switch|p2a: Blastoise|Blastoise, M|100/100
|turn|4
|
|t:|1757791250
|move|p1a: Enamorus|Moonblast|p2a: Blastoise
|-damage|p2a: Blastoise|43/100
|-damage|p1a: Enamorus|81/100|[from] item: Life Orb
|move|p2a: Blastoise|Rapid Spin|p1a: Enamorus
|-damage|p1a: Enamorus|67/100
|-boost|p2a: Blastoise|spe|1
|-sideend|p2: vitos86|Sticky Web|[from] move: Rapid Spin|[of] p2a: Blastoise
|
|upkeep
|turn|5
|
|t:|1757791259
|move|p1a: Enamorus|Moonblast|p2a: Blastoise
|-damage|p2a: Blastoise|0 fnt
|faint|p2a: Blastoise
|-damage|p1a: Enamorus|57/100|[from] item: Life Orb
|
|upkeep
|
|t:|1757791268
|switch|p2a: Lapras|Lapras, M|100/100
|turn|6
|
|t:|1757791276
|move|p1a: Enamorus|Moonblast|p2a: Lapras
|-damage|p2a: Lapras|68/100
|-damage|p1a: Enamorus|47/100|[from] item: Life Orb
|move|p2a: Lapras|Ice Beam|p1a: Enamorus
|-supereffective|p1a: Enamorus
|-damage|p1a: Enamorus|0 fnt
|faint|p1a: Enamorus
|
|upkeep
|
|t:|1757791279
|switch|p1a: Raging Bolt|Raging Bolt|100/100
|-enditem|p1a: Raging Bolt|Booster Energy
|-activate|p1a: Raging Bolt|ability: Protosynthesis|[fromitem]
|-start|p1a: Raging Bolt|protosynthesisspa
|turn|7
|
|t:|1757791293
|move|p1a: Raging Bolt|Volt Switch|p2a: Lapras
|-supereffective|p2a: Lapras
|-damage|p2a: Lapras|12/100
|
|t:|1757791299
|-end|p1a: Raging Bolt|Protosynthesis|[silent]
|switch|p1a: Corviknight|Corviknight, M, shiny|100/100|[from] Volt Switch
|move|p2a: Lapras|Ice Beam|p1a: Corviknight
|-damage|p1a: Corviknight|64/100
|
|-heal|p1a: Corviknight|71/100|[from] item: Leftovers
|upkeep
|turn|8
|
|t:|1757791311
|move|p1a: Corviknight|Body Press|p2a: Lapras
|-supereffective|p2a: Lapras
|-damage|p2a: Lapras|0 fnt
|faint|p2a: Lapras
|
|-heal|p1a: Corviknight|77/100|[from] item: Leftovers
|upkeep
|
|t:|1757791319
|switch|p2a: Typhlosion|Typhlosion, M|100/100
|turn|9
|
|t:|1757791325
|-terastallize|p2a: Typhlosion|Fire
|move|p2a: Typhlosion|Eruption|p1a: Corviknight
|-supereffective|p1a: Corviknight
|-damage|p1a: Corviknight|0 fnt
|faint|p1a: Corviknight
|
|upkeep
|
|t:|1757791331
|switch|p1a: Deoxys|Deoxys-Speed|100/100
|-ability|p1a: Deoxys|Pressure
|turn|10
|
|t:|1757791336
|move|p1a: Deoxys|Psycho Boost|p2a: Typhlosion
|-damage|p2a: Typhlosion|40/100
|-unboost|p1a: Deoxys|spa|2
|move|p2a: Typhlosion|Eruption|p1a: Deoxys
|-damage|p1a: Deoxys|13/100
|
|upkeep
|turn|11
|
|t:|1757791345
|switch|p1a: Raging Bolt|Raging Bolt|100/100
|move|p2a: Typhlosion|Eruption|p1a: Raging Bolt
|-resisted|p1a: Raging Bolt
|-damage|p1a: Raging Bolt|77/100
|
|upkeep
|turn|12
|
|t:|1757791353
|move|p2a: Typhlosion|Eruption|p1a: Raging Bolt
|-resisted|p1a: Raging Bolt
|-damage|p1a: Raging Bolt|56/100
|move|p1a: Raging Bolt|Volt Switch|p2a: Typhlosion
|-damage|p2a: Typhlosion|0 fnt
|faint|p2a: Typhlosion
|
|t:|1757791358
|-end|p1a: Raging Bolt|Protosynthesis|[silent]
|switch|p1a: Deoxys|Deoxys-Speed|13/100|[from] Volt Switch
|-ability|p1a: Deoxys|Pressure
|
|upkeep
|
|t:|1757791365
|switch|p2a: Mightyena|Mightyena, M|100/100
|turn|13
|
|t:|1757791370
|switch|p1a: Kingambit|Kingambit, F, shiny|100/100
|-activate|p1a: Kingambit|ability: Supreme Overlord
|-start|p1a: Kingambit|fallen3|[silent]
|move|p2a: Mightyena|Sucker Punch||[still]
|-fail|p2a: Mightyena
|
|upkeep
|turn|14
|
|t:|1757791379
|switch|p2a: Zapdos|Zapdos|100/100
|move|p1a: Kingambit|Brick Break|p2a: Zapdos
|-resisted|p2a: Zapdos
|-damage|p2a: Zapdos|82/100
|
|-heal|p2a: Zapdos|88/100|[from] item: Leftovers
|upkeep
|turn|15
|
|t:|1757791392
|move|p2a: Zapdos|Heat Wave|p1a: Kingambit
|-supereffective|p1a: Kingambit
|-damage|p1a: Kingambit|51/100
|-status|p1a: Kingambit|brn
|move|p1a: Kingambit|Kowtow Cleave|p2a: Zapdos
|-damage|p2a: Zapdos|62/100
|
|-heal|p2a: Zapdos|68/100|[from] item: Leftovers
|-damage|p1a: Kingambit|45/100 brn|[from] brn
|upkeep
|turn|16
|
|t:|1757791406
|-end|p1a: Kingambit|fallen3|[silent]
|switch|p1a: Raging Bolt|Raging Bolt|56/100
|move|p2a: Zapdos|Roost|p2a: Zapdos
|-heal|p2a: Zapdos|100/100
|-singleturn|p2a: Zapdos|move: Roost
|
|upkeep
|turn|17
|
|t:|1757791415
|move|p2a: Zapdos|Ancient Power|p1a: Raging Bolt
|-damage|p1a: Raging Bolt|43/100
|move|p1a: Raging Bolt|Draco Meteor|p2a: Zapdos
|-damage|p2a: Zapdos|42/100
|-unboost|p1a: Raging Bolt|spa|2
|
|-heal|p2a: Zapdos|49/100|[from] item: Leftovers
|upkeep
|turn|18
|
|t:|1757791426
|move|p2a: Zapdos|Roost|p2a: Zapdos
|-heal|p2a: Zapdos|99/100
|-singleturn|p2a: Zapdos|move: Roost
|move|p1a: Raging Bolt|Volt Switch|p2a: Zapdos
|-resisted|p2a: Zapdos
|-damage|p2a: Zapdos|90/100
|
|t:|1757791429
|-end|p1a: Raging Bolt|Protosynthesis|[silent]
|switch|p1a: Deoxys|Deoxys-Speed|13/100|[from] Volt Switch
|-ability|p1a: Deoxys|Pressure
|
|-heal|p2a: Zapdos|96/100|[from] item: Leftovers
|upkeep
|turn|19
|
|t:|1757791444
|move|p1a: Deoxys|Psycho Boost|p2a: Zapdos|[miss]
|-miss|p1a: Deoxys|p2a: Zapdos
|move|p2a: Zapdos|Ancient Power|p1a: Deoxys
|-damage|p1a: Deoxys|0 fnt
|faint|p1a: Deoxys
|
|-heal|p2a: Zapdos|100/100|[from] item: Leftovers
|upkeep
|-message|HUASCAR LS forfeited.
|
|win|vitos86
|raw|HUASCAR LS's rating: 1252 &rarr; <strong>1224</strong><br />(-28 for losing)
|raw|vitos86's rating: 1207 &rarr; <strong>1235</strong><br />(+28 for winning)
|l|☆HUASCAR LS
|player|p1|
|l|☆vitos86
|player|p2|
