|j|☆Jirachi75
|j|☆pter'asta
|t:|1757931500
|gametype|singles
|player|p1|Jirachi75|169|1281
|player|p2|pter'asta|dancer|1279
|gen|9
|tier|[Gen 9] OU
|rated|
|rule|HP Percentage Mod: HP is shown in percentages
|rule|Endless Battle Clause: Forcing endless battles is banned
|rule|Species Clause: Limit one of each Pokémon
|rule|OHKO Clause: OHKO moves are banned
|rule|Evasion Items Clause: Evasion items are banned
|rule|Evasion Moves Clause: Evasion moves are banned
|rule|Evasion Abilities Clause: Evasion abilities are banned
|rule|Sleep Moves Clause: Sleep-inducing moves are banned
|clearpoke
|poke|p1|Whimsicott, F|
|poke|p1|Alomomola, F|
|poke|p1|Kyurem|
|poke|p1|Great Tusk|
|poke|p1|Slowking-Galar, F|
|poke|p1|Arcanine-Hisui, M|
|poke|p2|Great Tusk|
|poke|p2|Walking Wake|
|poke|p2|Dragapult, M|
|poke|p2|Torkoal, F|
|poke|p2|Ceruledge, F|
|poke|p2|Iron Valiant|
|teampreview
|
|t:|1757931515
|teamsize|p1|6
|teamsize|p2|6
|start
|switch|p1a: Great Tusk|Great Tusk|100/100
|switch|p2a: Torkoal|Torkoal, F, shiny|100/100
|-weather|SunnyDay|[from] ability: Drought|[of] p2a: Torkoal
|-activate|p1a: Great Tusk|ability: Protosynthesis
|-start|p1a: Great Tusk|protosynthesisdef
|turn|1
|
|t:|1757931525
|move|p1a: Great Tusk|Knock Off|p2a: Torkoal
|-damage|p2a: Torkoal|76/100
|-enditem|p2a: Torkoal|Heat Rock|[from] move: Knock Off|[of] p1a: Great Tusk
|move|p2a: Torkoal|Stealth Rock|p1a: Great Tusk
|-sidestart|p1: Jirachi75|move: Stealth Rock
|
|-weather|SunnyDay|[upkeep]
|upkeep
|turn|2
|
|t:|1757931533
|switch|p2a: Iron Valiant|Iron Valiant|100/100
|move|p1a: Great Tusk|Rapid Spin|p2a: Iron Valiant
|-damage|p2a: Iron Valiant|82/100
|-boost|p1a: Great Tusk|spe|1
|-sideend|p1: Jirachi75|Stealth Rock|[from] move: Rapid Spin|[of] p1a: Great Tusk
|
|-weather|SunnyDay|[upkeep]
|upkeep
|turn|3
|
|t:|1757931544
|-end|p1a: Great Tusk|Protosynthesis|[silent]
|switch|p1a: Slowking|Slowking-Galar, F|100/100
|move|p2a: Iron Valiant|Spirit Break|p1a: Slowking
|-resisted|p1a: Slowking
|-damage|p1a: Slowking|70/100
|-unboost|p1a: Slowking|spa|1
|
|-weather|SunnyDay|[upkeep]
|upkeep
|turn|4
|
|t:|1757931558
|-end|p2a: Iron Valiant|Quark Drive|[silent]
|switch|p2a: Walking Wake|Walking Wake|100/100
|-activate|p2a: Walking Wake|ability: Protosynthesis
|-start|p2a: Walking Wake|protosynthesisspe
|move|p1a: Slowking|Future Sight|p2a: Walking Wake
|-start|p1a: Slowking|move: Future Sight
|
|-weather|SunnyDay|[upkeep]
|upkeep
|turn|5
|
|t:|1757931567
|move|p2a: Walking Wake|Hydro Steam|p1a: Slowking
|-damage|p1a: Slowking|16/100
|-prepare|p1a: Slowking|Chilly Reception|[premajor]
|move|p1a: Slowking|Chilly Reception|p1a: Slowking
|-weather|Snowscape
|-end|p2a: Walking Wake|Protosynthesis
|
|t:|1757931576
|switch|p1a: Kyurem|Kyurem|100/100|[from] Chilly Reception
|-ability|p1a: Kyurem|Pressure
|
|-weather|Snowscape|[upkeep]
|upkeep
|turn|6
|
|t:|1757931584
|-end|p2a: Walking Wake|Protosynthesis|[silent]
|switch|p2a: Iron Valiant|Iron Valiant|82/100
|move|p1a: Kyurem|Freeze-Dry|p2a: Iron Valiant
|-damage|p2a: Iron Valiant|29/100
|
|-weather|Snowscape|[upkeep]
|-end|p2a: Iron Valiant|move: Future Sight
|-supereffective|p2a: Iron Valiant
|-damage|p2a: Iron Valiant|0 fnt
|faint|p2a: Iron Valiant
|-end|p2a: Iron Valiant|Quark Drive|[silent]
|upkeep
|
|t:|1757931594
|switch|p2a: Torkoal|Torkoal, F, shiny|76/100
|-weather|SunnyDay|[from] ability: Drought|[of] p2a: Torkoal
|turn|7
|
|t:|1757931607
|move|p1a: Kyurem|Earth Power|p2a: Torkoal
|-supereffective|p2a: Torkoal
|-damage|p2a: Torkoal|0 fnt
|faint|p2a: Torkoal
|
|-weather|SunnyDay|[upkeep]
|upkeep
|
|t:|1757931613
|switch|p2a: Ceruledge|Ceruledge, F|100/100
|turn|8
|
|t:|1757931621
|switch|p1a: Farfi|Whimsicott, F|100/100
|move|p2a: Ceruledge|Swords Dance|p2a: Ceruledge
|-boost|p2a: Ceruledge|atk|2
|
|-weather|SunnyDay|[upkeep]
|upkeep
|turn|9
|
|t:|1757931628
|move|p1a: Farfi|Encore|p2a: Ceruledge
|-start|p2a: Ceruledge|Encore
|move|p2a: Ceruledge|Swords Dance|p2a: Ceruledge
|-boost|p2a: Ceruledge|atk|2
|
|-weather|SunnyDay|[upkeep]
|upkeep
|turn|10
|
|t:|1757931638
|switch|p2a: Walking Wake|Walking Wake|100/100
|-activate|p2a: Walking Wake|ability: Protosynthesis
|-start|p2a: Walking Wake|protosynthesisspe
|move|p1a: Farfi|U-turn|p2a: Walking Wake
|-damage|p2a: Walking Wake|89/100
|
|t:|1757931657
|switch|p1a: Kyurem|Kyurem|100/100|[from] U-turn
|-ability|p1a: Kyurem|Pressure
|
|-weather|SunnyDay|[upkeep]
|upkeep
|turn|11
|
|t:|1757931664
|switch|p1a: Farfi|Whimsicott, F|100/100
|-terastallize|p2a: Walking Wake|Fire
|move|p2a: Walking Wake|Flamethrower|p1a: Farfi
|-supereffective|p1a: Farfi
|-damage|p1a: Farfi|0 fnt
|faint|p1a: Farfi
|
|-weather|none
|-end|p2a: Walking Wake|Protosynthesis
|upkeep
|
|t:|1757931679
|switch|p1a: Alomomola|Alomomola, F|100/100
|turn|12
|
|t:|1757931687
|-end|p2a: Walking Wake|Protosynthesis|[silent]
|switch|p2a: Dragapult|Dragapult, M|100/100
|move|p1a: Alomomola|Flip Turn|p2a: Dragapult
|-resisted|p2a: Dragapult
|-damage|p2a: Dragapult|90/100
|
|t:|1757931728
|switch|p1a: Arcanine|Arcanine-Hisui, M|100/100|[from] Flip Turn
|
|upkeep
|turn|13
|
|t:|1757931736
|move|p2a: Dragapult|Thunder Wave|p1a: Arcanine
|-status|p1a: Arcanine|par
|cant|p1a: Arcanine|par
|
|upkeep
|turn|14
|
|t:|1757931745
|switch|p2a: Great Tusk|Great Tusk|100/100
|move|p1a: Arcanine|Head Smash|p2a: Great Tusk
|-resisted|p2a: Great Tusk
|-damage|p2a: Great Tusk|88/100
|-damage|p1a: Arcanine|84/100 par|[from] item: Rocky Helmet|[of] p2a: Great Tusk
|
|upkeep
|turn|15
|
|t:|1757931754
|switch|p1a: Great Tusk|Great Tusk|100/100
|move|p2a: Great Tusk|Knock Off|p1a: Great Tusk
|-resisted|p1a: Great Tusk
|-damage|p1a: Great Tusk|94/100
|-damage|p2a: Great Tusk|71/100|[from] item: Rocky Helmet|[of] p1a: Great Tusk
|-enditem|p1a: Great Tusk|Rocky Helmet|[from] move: Knock Off|[of] p2a: Great Tusk
|
|upkeep
|turn|16
|
|t:|1757931763
|move|p2a: Great Tusk|Headlong Rush|p1a: Great Tusk
|-damage|p1a: Great Tusk|66/100
|-unboost|p2a: Great Tusk|def|1
|-unboost|p2a: Great Tusk|spd|1
|move|p1a: Great Tusk|Knock Off|p2a: Great Tusk
|-resisted|p2a: Great Tusk
|-damage|p2a: Great Tusk|58/100
|-damage|p1a: Great Tusk|50/100|[from] item: Rocky Helmet|[of] p2a: Great Tusk
|-enditem|p2a: Great Tusk|Rocky Helmet|[from] move: Knock Off|[of] p1a: Great Tusk
|
|upkeep
|turn|17
|
|t:|1757931773
|-end|p2a: Great Tusk|Protosynthesis|[silent]
|switch|p2a: Walking Wake|Walking Wake, tera:Fire|89/100
|move|p1a: Great Tusk|Earthquake|p2a: Walking Wake
|-supereffective|p2a: Walking Wake
|-damage|p2a: Walking Wake|0 fnt
|faint|p2a: Walking Wake
|-end|p2a: Walking Wake|Protosynthesis|[silent]
|
|upkeep
|
|t:|1757931780
|switch|p2a: Ceruledge|Ceruledge, F|100/100
|turn|18
|
|t:|1757931794
|move|p2a: Ceruledge|Swords Dance|p2a: Ceruledge
|-boost|p2a: Ceruledge|atk|2
|move|p1a: Great Tusk|Knock Off|p2a: Ceruledge
|-supereffective|p2a: Ceruledge
|-damage|p2a: Ceruledge|21/100
|-ability|p2a: Ceruledge|Weak Armor|boost
|-unboost|p2a: Ceruledge|def|1
|-boost|p2a: Ceruledge|spe|2
|-enditem|p2a: Ceruledge|Focus Sash|[from] move: Knock Off|[of] p1a: Great Tusk
|
|upkeep
|turn|19
|
|t:|1757931805
|move|p2a: Ceruledge|Bitter Blade|p1a: Great Tusk
|-damage|p1a: Great Tusk|2/100
|-heal|p2a: Ceruledge|57/100|[from] drain|[of] p1a: Great Tusk
|move|p1a: Great Tusk|Earthquake|p2a: Ceruledge
|-supereffective|p2a: Ceruledge
|-damage|p2a: Ceruledge|0 fnt
|faint|p2a: Ceruledge
|
|upkeep
|
|t:|1757931814
|switch|p2a: Dragapult|Dragapult, M|90/100
|turn|20
|
|t:|1757931824
|move|p2a: Dragapult|Hex|p1a: Great Tusk
|-damage|p1a: Great Tusk|0 fnt
|faint|p1a: Great Tusk
|-end|p1a: Great Tusk|Protosynthesis|[silent]
|
|upkeep
|
|t:|1757931830
|switch|p1a: Kyurem|Kyurem|100/100
|-ability|p1a: Kyurem|Pressure
|turn|21
|
|t:|1757931841
|-terastallize|p1a: Kyurem|Ground
|move|p2a: Dragapult|Draco Meteor|p1a: Kyurem
|-damage|p1a: Kyurem|43/100
|-unboost|p2a: Dragapult|spa|2
|move|p1a: Kyurem|Draco Meteor|p2a: Dragapult
|-supereffective|p2a: Dragapult
|-damage|p2a: Dragapult|0 fnt
|-unboost|p1a: Kyurem|spa|2
|-start|p1a: Kyurem|Disable|Draco Meteor|[from] ability: Cursed Body|[of] p2a: Dragapult
|faint|p2a: Dragapult
|
|upkeep
|
|t:|1757931852
|switch|p2a: Great Tusk|Great Tusk|58/100
|turn|22
|
|t:|1757931860
|switch|p1a: Arcanine|Arcanine-Hisui, M|84/100 par
|move|p2a: Great Tusk|Rapid Spin|p1a: Arcanine
|-resisted|p1a: Arcanine
|-damage|p1a: Arcanine|74/100 par
|-boost|p2a: Great Tusk|spe|1
|
|upkeep
|turn|23
|
|t:|1757931869
|move|p2a: Great Tusk|Body Press|p1a: Arcanine
|-supereffective|p1a: Arcanine
|-damage|p1a: Arcanine|0 fnt
|faint|p1a: Arcanine
|
|upkeep
|
|t:|1757931873
|switch|p1a: Alomomola|Alomomola, F|100/100
|turn|24
|
|t:|1757931877
|move|p2a: Great Tusk|Knock Off|p1a: Alomomola
|-crit|p1a: Alomomola
|-damage|p1a: Alomomola|72/100
|-damage|p2a: Great Tusk|41/100|[from] item: Rocky Helmet|[of] p1a: Alomomola
|-enditem|p1a: Alomomola|Rocky Helmet|[from] move: Knock Off|[of] p2a: Great Tusk
|move|p1a: Alomomola|Body Slam|p2a: Great Tusk
|-damage|p2a: Great Tusk|31/100
|-status|p2a: Great Tusk|par
|
|upkeep
|turn|25
|
|t:|1757931886
|move|p2a: Great Tusk|Body Press|p1a: Alomomola
|-damage|p1a: Alomomola|47/100
|move|p1a: Alomomola|Wish|p1a: Alomomola
|
|upkeep
|turn|26
|-message|pter'asta forfeited.
|
|win|Jirachi75
|raw|Jirachi75's rating: 1281 &rarr; <strong>1306</strong><br />(+25 for winning)
|raw|pter&apos;asta's rating: 1279 &rarr; <strong>1254</strong><br />(-25 for losing)
|l|☆pter'asta
|player|p2|
|l|☆Jirachi75
|player|p1|
