|j|☆constant sorrow
|j|☆the_real_janine_17
|t:|1757910197
|gametype|singles
|player|p1|constant sorrow|iris-gen5bw2|1390
|player|p2|the_real_janine_17|janine|1362
|gen|9
|tier|[Gen 9] OU
|rated|
|rule|HP Percentage Mod: HP is shown in percentages
|rule|Endless Battle Clause: Forcing endless battles is banned
|rule|Species Clause: Limit one of each Pokémon
|rule|OHKO Clause: OHKO moves are banned
|rule|Evasion Items Clause: Evasion items are banned
|rule|Evasion Moves Clause: Evasion moves are banned
|rule|Evasion Abilities Clause: Evasion abilities are banned
|rule|Sleep Moves Clause: Sleep-inducing moves are banned
|clearpoke
|poke|p1|Donphan, F|
|poke|p1|Hitmontop, M|
|poke|p1|Yanmega, M|
|poke|p1|Porygon2|
|poke|p1|Mimikyu, F|
|poke|p1|Toucannon, M|
|poke|p2|Keldeo-Resolute|
|poke|p2|Meowscarada, M|
|poke|p2|Enamorus, F|
|poke|p2|Iron Moth|
|poke|p2|Dragapult, M|
|poke|p2|Iron Treads|
|teampreview
|inactive|Battle timer is ON: inactive players will automatically lose when time's up. (requested by the_real_janine_17)
|
|t:|1757910205
|teamsize|p1|6
|teamsize|p2|6
|start
|switch|p1a: Toucannon|Toucannon, M|100/100
|switch|p2a: Dragapult|Dragapult, M|100/100
|turn|1
|
|t:|1757910213
|-singleturn|p1a: Toucannon|move: Beak Blast
|move|p2a: Dragapult|U-turn|p1a: Toucannon
|-resisted|p1a: Toucannon
|-damage|p1a: Toucannon|90/100
|-status|p2a: Dragapult|brn
|
|t:|1757910218
|switch|p2a: Iron Treads|Iron Treads|100/100|[from] U-turn
|move|p1a: Toucannon|Beak Blast|p2a: Iron Treads
|-resisted|p2a: Iron Treads
|-damage|p2a: Iron Treads|81/100
|
|upkeep
|turn|2
|
|t:|1757910232
|move|p2a: Iron Treads|Stealth Rock|p1a: Toucannon
|-sidestart|p1: constant sorrow|move: Stealth Rock
|move|p1a: Toucannon|Swords Dance|p1a: Toucannon
|-boost|p1a: Toucannon|atk|2
|
|upkeep
|turn|3
|
|t:|1757910239
|move|p2a: Iron Treads|Ice Spinner|p1a: Toucannon
|-supereffective|p1a: Toucannon
|-damage|p1a: Toucannon|32/100
|move|p1a: Toucannon|Bullet Seed|p2a: Iron Treads
|-damage|p2a: Iron Treads|68/100
|-damage|p2a: Iron Treads|55/100
|-damage|p2a: Iron Treads|43/100
|-damage|p2a: Iron Treads|30/100
|-damage|p2a: Iron Treads|17/100
|-hitcount|p2a: Iron Treads|5
|
|upkeep
|turn|4
|
|t:|1757910259
|-singleturn|p1a: Toucannon|move: Beak Blast
|move|p2a: Iron Treads|Ice Spinner|p1a: Toucannon
|-supereffective|p1a: Toucannon
|-damage|p1a: Toucannon|0 fnt
|-status|p2a: Iron Treads|brn
|faint|p1a: Toucannon
|
|-damage|p2a: Iron Treads|11/100 brn|[from] brn
|upkeep
|
|t:|1757910271
|switch|p1a: Porygon2|Porygon2, shiny|100/100
|-damage|p1a: Porygon2|88/100|[from] Stealth Rock
|-ability|p1a: Porygon2|Download|boost
|-boost|p1a: Porygon2|spa|1
|turn|5
|
|t:|1757910282
|-end|p2a: Iron Treads|Quark Drive|[silent]
|switch|p2a: Dragapult|Dragapult, M|100/100 brn
|move|p1a: Porygon2|Agility|p1a: Porygon2
|-boost|p1a: Porygon2|spe|2
|
|-damage|p2a: Dragapult|95/100 brn|[from] brn
|upkeep
|turn|6
|
|t:|1757910287
|move|p1a: Porygon2|Ice Beam|p2a: Dragapult
|-supereffective|p2a: Dragapult
|-damage|p2a: Dragapult|0 fnt
|faint|p2a: Dragapult
|
|upkeep
|
|t:|1757910292
|switch|p2a: Keldeo|Keldeo-Resolute|100/100
|turn|7
|
|t:|1757910296
|-terastallize|p1a: Porygon2|Ghost
|move|p1a: Porygon2|Tera Blast|p2a: Keldeo|[anim] Tera Blast Ghost
|-damage|p2a: Keldeo|37/100
|move|p2a: Keldeo|Secret Sword|p1a: Porygon2
|-immune|p1a: Porygon2
|
|upkeep
|turn|8
|
|t:|1757910315
|switch|p2a: Meowscarada|Meowscarada, M|100/100
|move|p1a: Porygon2|Agility|p1a: Porygon2
|-boost|p1a: Porygon2|spe|2
|
|upkeep
|turn|9
|
|t:|1757910327
|move|p1a: Porygon2|Ice Beam|p2a: Meowscarada
|-supereffective|p2a: Meowscarada
|-damage|p2a: Meowscarada|0 fnt
|faint|p2a: Meowscarada
|
|upkeep
|-message|the_real_janine_17 forfeited.
|
|win|constant sorrow
|raw|constant sorrow's rating: 1390 &rarr; <strong>1408</strong><br />(+18 for winning)
|raw|the_real_janine_17's rating: 1362 &rarr; <strong>1344</strong><br />(-18 for losing)
|l|☆the_real_janine_17
|player|p2|
|l|☆constant sorrow
|player|p1|
