|j|☆AI Builds
|j|☆alanfournumbers
|t:|1757943600
|gametype|singles
|player|p1|AI Builds|265|1652
|player|p2|alanfournumbers|2|1725
|gen|9
|tier|[Gen 9] OU
|rated|
|rule|HP Percentage Mod: HP is shown in percentages
|rule|Endless Battle Clause: Forcing endless battles is banned
|rule|Species Clause: Limit one of each Pokémon
|rule|OHKO Clause: OHKO moves are banned
|rule|Evasion Items Clause: Evasion items are banned
|rule|Evasion Moves Clause: Evasion moves are banned
|rule|Evasion Abilities Clause: Evasion abilities are banned
|rule|Sleep Moves Clause: Sleep-inducing moves are banned
|clearpoke
|poke|p1|Ogerpon-Cornerstone, F|
|poke|p1|Hatterene, F|
|poke|p1|Pecharunt|
|poke|p1|Landorus-Therian, M|
|poke|p1|Kingambit, M|
|poke|p1|Latios, M|
|poke|p2|Pecharunt|
|poke|p2|Great Tusk|
|poke|p2|Ogerpon-Wellspring, F|
|poke|p2|Iron Crown|
|poke|p2|Landorus-Therian, M|
|poke|p2|Samurott-Hisui, M|
|teampreview
|inactive|Battle timer is ON: inactive players will automatically lose when time's up. (requested by AI Builds)
|
|t:|1757943622
|teamsize|p1|6
|teamsize|p2|6
|start
|switch|p1a: Landorus|Landorus-Therian, M|100/100
|switch|p2a: i be doin the most|Landorus-Therian, M|100/100
|-ability|p2a: i be doin the most|Intimidate|boost
|-unboost|p1a: Landorus|atk|1
|-ability|p1a: Landorus|Intimidate|boost
|-unboost|p2a: i be doin the most|atk|1
|turn|1
|
|t:|1757943629
|move|p2a: i be doin the most|U-turn|p1a: Landorus
|-resisted|p1a: Landorus
|-damage|p1a: Landorus|92/100
|-damage|p2a: i be doin the most|84/100|[from] item: Rocky Helmet|[of] p1a: Landorus
|
|t:|1757943637
|switch|p2a: Edging Ceaselessly|Samurott-Hisui, M|100/100|[from] U-turn
|move|p1a: Landorus|U-turn|p2a: Edging Ceaselessly
|-supereffective|p2a: Edging Ceaselessly
|-damage|p2a: Edging Ceaselessly|63/100
|
|t:|1757943642
|switch|p1a: Ogerpon|Ogerpon-Cornerstone, F|100/100|[from] U-turn
|
|upkeep
|turn|2
|
|t:|1757943647
|switch|p2a: Tahm Pech|Pecharunt|100/100
|move|p1a: Ogerpon|Ivy Cudgel|p2a: Tahm Pech|[anim] Ivy Cudgel Rock
|-damage|p2a: Tahm Pech|73/100
|
|upkeep
|turn|3
|
|t:|1757943653
|move|p1a: Ogerpon|Knock Off|p2a: Tahm Pech
|-supereffective|p2a: Tahm Pech
|-damage|p2a: Tahm Pech|34/100
|-damage|p1a: Ogerpon|84/100|[from] item: Rocky Helmet|[of] p2a: Tahm Pech
|-enditem|p2a: Tahm Pech|Rocky Helmet|[from] move: Knock Off|[of] p1a: Ogerpon
|move|p2a: Tahm Pech|Parting Shot|p1a: Ogerpon
|-unboost|p1a: Ogerpon|atk|1
|-unboost|p1a: Ogerpon|spa|1
|
|t:|1757943659
|switch|p2a: Wokeballion|Iron Crown|100/100|[from] Parting Shot
|
|upkeep
|turn|4
|
|t:|1757943662
|move|p1a: Ogerpon|Knock Off|p2a: Wokeballion
|-supereffective|p2a: Wokeballion
|-damage|p2a: Wokeballion|43/100
|-enditem|p2a: Wokeballion|Choice Specs|[from] move: Knock Off|[of] p1a: Ogerpon
|move|p2a: Wokeballion|Tachyon Cutter|p1a: Ogerpon
|-supereffective|p1a: Ogerpon
|-damage|p1a: Ogerpon|28/100
|-supereffective|p1a: Ogerpon
|-damage|p1a: Ogerpon|0 fnt
|faint|p1a: Ogerpon
|-hitcount|p1: Ogerpon|2
|
|upkeep
|
|t:|1757943666
|switch|p1a: Landorus|Landorus-Therian, M|92/100
|-ability|p1a: Landorus|Intimidate|boost
|-unboost|p2a: Wokeballion|atk|1
|turn|5
|
|t:|1757943671
|move|p2a: Wokeballion|Tachyon Cutter|p1a: Landorus
|-damage|p1a: Landorus|63/100
|-damage|p1a: Landorus|34/100
|-hitcount|p1a: Landorus|2
|move|p1a: Landorus|Stealth Rock|p2a: Wokeballion
|-sidestart|p2: alanfournumbers|move: Stealth Rock
|
|upkeep
|turn|6
|
|t:|1757943680
|switch|p1a: Latios|Latios, M|100/100
|move|p2a: Wokeballion|Tachyon Cutter|p1a: Latios
|-damage|p1a: Latios|76/100
|-crit|p1a: Latios
|-damage|p1a: Latios|33/100
|-hitcount|p1a: Latios|2
|
|upkeep
|turn|7
|
|t:|1757943688
|move|p1a: Latios|Draco Meteor|p2a: Wokeballion
|-resisted|p2a: Wokeballion
|-damage|p2a: Wokeballion|9/100
|-unboost|p1a: Latios|spa|2
|move|p2a: Wokeballion|Tachyon Cutter|p1a: Latios
|-damage|p1a: Latios|9/100
|-damage|p1a: Latios|0 fnt
|faint|p1a: Latios
|-hitcount|p1: Latios|2
|
|upkeep
|
|t:|1757943691
|switch|p1a: Kingambit|Kingambit, M|100/100
|-activate|p1a: Kingambit|ability: Supreme Overlord
|-start|p1a: Kingambit|fallen2|[silent]
|turn|8
|
|t:|1757943695
|move|p2a: Wokeballion|Focus Blast|p1a: Kingambit
|-supereffective|p1a: Kingambit
|-damage|p1a: Kingambit|0 fnt
|faint|p1a: Kingambit
|-end|p1a: Kingambit|fallen2|[silent]
|
|upkeep
|-message|AI Builds forfeited.
|
|win|alanfournumbers
|raw|AI Builds's rating: 1652 &rarr; <strong>1636</strong><br />(-16 for losing)
|raw|alanfournumbers's rating: 1725 &rarr; <strong>1741</strong><br />(+16 for winning)
|l|☆AI Builds
|player|p1|
|l|☆alanfournumbers
|player|p2|
