|j|☆BloopHungry
|j|☆HereticTheHomie
|t:|1757929092
|gametype|singles
|player|p1|BloopHungry|101|1104
|player|p2|HereticTheHomie|101|1099
|gen|9
|tier|[Gen 9] OU
|rated|
|rule|HP Percentage Mod: HP is shown in percentages
|rule|Endless Battle Clause: Forcing endless battles is banned
|rule|Species Clause: Limit one of each Pokémon
|rule|OHKO Clause: OHKO moves are banned
|rule|Evasion Items Clause: Evasion items are banned
|rule|Evasion Moves Clause: Evasion moves are banned
|rule|Evasion Abilities Clause: Evasion abilities are banned
|rule|Sleep Moves Clause: Sleep-inducing moves are banned
|clearpoke
|poke|p1|Cinccino, M|
|poke|p1|Shiftry, F|
|poke|p1|Glimmora, M|
|poke|p1|Dusknoir, M|
|poke|p1|Iron Treads|
|poke|p1|Porygon-Z|
|poke|p2|Samurott-Hisui, F|
|poke|p2|Great Tusk|
|poke|p2|Volcanion|
|poke|p2|Hydrapple, F|
|poke|p2|Gholdengo|
|poke|p2|Landorus-Therian, M|
|teampreview
|
|t:|1757929109
|teamsize|p1|6
|teamsize|p2|6
|start
|switch|p1a: Porygon-Z|Porygon-Z|100/100
|switch|p2a: GoldenArch|Gholdengo|100/100
|-item|p2a: GoldenArch|Air Balloon
|turn|1
|
|t:|1757929117
|switch|p1a: Iron Treads|Iron Treads|100/100
|move|p2a: GoldenArch|Nasty Plot|p2a: GoldenArch
|-boost|p2a: GoldenArch|spa|2
|
|upkeep
|turn|2
|
|t:|1757929125
|move|p1a: Iron Treads|Iron Head|p2a: GoldenArch
|-resisted|p2a: GoldenArch
|-damage|p2a: GoldenArch|81/100
|-enditem|p2a: GoldenArch|Air Balloon
|move|p2a: GoldenArch|Nasty Plot|p2a: GoldenArch
|-boost|p2a: GoldenArch|spa|2
|
|upkeep
|turn|3
|
|t:|1757929143
|-terastallize|p2a: GoldenArch|Water
|move|p1a: Iron Treads|Earthquake|p2a: GoldenArch
|-damage|p2a: GoldenArch|34/100
|move|p2a: GoldenArch|Make It Rain|p1a: Iron Treads
|-resisted|p1a: Iron Treads
|-damage|p1a: Iron Treads|14/100
|-unboost|p2a: GoldenArch|spa|1
|
|upkeep
|turn|4
|
|t:|1757929156
|move|p1a: Iron Treads|Volt Switch|p2a: GoldenArch
|-supereffective|p2a: GoldenArch
|-damage|p2a: GoldenArch|14/100
|
|t:|1757929163
|-end|p1a: Iron Treads|Quark Drive|[silent]
|switch|p1a: Cinccino|Cinccino, M|100/100|[from] Volt Switch
|move|p2a: GoldenArch|Make It Rain|p1a: Cinccino
|-enditem|p1a: Cinccino|Focus Sash
|-damage|p1a: Cinccino|1/100
|-unboost|p2a: GoldenArch|spa|1
|
|upkeep
|turn|5
|
|t:|1757929173
|move|p1a: Cinccino|Knock Off|p2a: GoldenArch
|-damage|p2a: GoldenArch|0 fnt
|faint|p2a: GoldenArch
|
|upkeep
|
|t:|1757929185
|switch|p2a: Pie|Hydrapple, F|100/100
|turn|6
|
|t:|1757929189
|move|p1a: Cinccino|Flail|p2a: Pie
|-damage|p2a: Pie|53/100
|-damage|p1a: Cinccino|0 fnt|[from] item: Rocky Helmet|[of] p2a: Pie
|faint|p1a: Cinccino
|move|p2a: Pie|Nasty Plot|p2a: Pie
|-boost|p2a: Pie|spa|2
|
|upkeep
|
|t:|1757929214
|switch|p1a: Porygon-Z|Porygon-Z|100/100
|turn|7
|
|t:|1757929225
|move|p1a: Porygon-Z|Tri Attack|p2a: Pie
|-damage|p2a: Pie|0 fnt
|faint|p2a: Pie
|
|upkeep
|
|t:|1757929235
|switch|p2a: BigTimmy|Great Tusk|100/100
|turn|8
|
|t:|1757929245
|move|p1a: Porygon-Z|Tri Attack|p2a: BigTimmy
|-damage|p2a: BigTimmy|10/100
|move|p2a: BigTimmy|Stealth Rock|p1a: Porygon-Z
|-sidestart|p1: BloopHungry|move: Stealth Rock
|
|upkeep
|turn|9
|
|t:|1757929250
|move|p1a: Porygon-Z|Tri Attack|p2a: BigTimmy
|-damage|p2a: BigTimmy|0 fnt
|faint|p2a: BigTimmy
|-end|p2a: BigTimmy|Protosynthesis|[silent]
|
|upkeep
|
|t:|1757929253
|switch|p2a: Toby|Samurott-Hisui, F|100/100
|turn|10
|
|t:|1757929260
|move|p1a: Porygon-Z|Tri Attack|p2a: Toby
|-crit|p2a: Toby
|-damage|p2a: Toby|41/100
|move|p2a: Toby|Knock Off|p1a: Porygon-Z
|-damage|p1a: Porygon-Z|43/100
|-enditem|p1a: Porygon-Z|Choice Scarf|[from] move: Knock Off|[of] p2a: Toby
|
|upkeep
|turn|11
|
|t:|1757929270
|move|p2a: Toby|Sucker Punch|p1a: Porygon-Z
|-damage|p1a: Porygon-Z|0 fnt
|faint|p1a: Porygon-Z
|
|upkeep
|
|t:|1757929273
|switch|p1a: Glimmora|Glimmora, M|100/100
|-damage|p1a: Glimmora|88/100|[from] Stealth Rock
|turn|12
|
|t:|1757929282
|move|p1a: Glimmora|Mortal Spin|p2a: Toby
|-damage|p2a: Toby|34/100
|-status|p2a: Toby|psn
|-sideend|p1: BloopHungry|Stealth Rock|[from] move: Mortal Spin|[of] p1a: Glimmora
|move|p2a: Toby|Razor Shell|p1a: Glimmora
|-supereffective|p1a: Glimmora
|-damage|p1a: Glimmora|0 fnt
|-activate|p1a: Glimmora|ability: Toxic Debris
|-sidestart|p2: HereticTheHomie|move: Toxic Spikes
|faint|p1a: Glimmora
|
|-damage|p2a: Toby|22/100 psn|[from] psn
|upkeep
|
|t:|1757929290
|switch|p1a: Iron Treads|Iron Treads|14/100
|turn|13
|
|t:|1757929297
|move|p1a: Iron Treads|Volt Switch|p2a: Toby
|-supereffective|p2a: Toby
|-damage|p2a: Toby|4/100 psn
|
|t:|1757929300
|-end|p1a: Iron Treads|Quark Drive|[silent]
|switch|p1a: Dusknoir|Dusknoir, M, shiny|100/100|[from] Volt Switch
|-ability|p1a: Dusknoir|Pressure
|move|p2a: Toby|Razor Shell|p1a: Dusknoir
|-damage|p1a: Dusknoir|56/100
|
|-damage|p2a: Toby|0 fnt|[from] psn
|faint|p2a: Toby
|upkeep
|
|t:|1757929311
|switch|p2a: Gooner|Volcanion|100/100
|turn|14
|
|t:|1757929323
|move|p2a: Gooner|Flamethrower|p1a: Dusknoir
|-damage|p1a: Dusknoir|15/100
|move|p1a: Dusknoir|Earthquake|p2a: Gooner
|-supereffective|p2a: Gooner
|-damage|p2a: Gooner|22/100
|
|upkeep
|turn|15
|
|t:|1757929330
|move|p2a: Gooner|Flamethrower|p1a: Dusknoir
|-damage|p1a: Dusknoir|0 fnt
|faint|p1a: Dusknoir
|
|upkeep
|
|t:|1757929332
|switch|p1a: Iron Treads|Iron Treads|14/100
|turn|16
|
|t:|1757929338
|move|p1a: Iron Treads|Earthquake|p2a: Gooner
|-supereffective|p2a: Gooner
|-damage|p2a: Gooner|0 fnt
|faint|p2a: Gooner
|
|upkeep
|
|t:|1757929340
|switch|p2a: Hell|Landorus-Therian, M|100/100
|-ability|p2a: Hell|Intimidate|boost
|-unboost|p1a: Iron Treads|atk|1
|turn|17
|
|t:|1757929345
|move|p2a: Hell|Earthquake|p1a: Iron Treads
|-supereffective|p1a: Iron Treads
|-damage|p1a: Iron Treads|0 fnt
|faint|p1a: Iron Treads
|-end|p1a: Iron Treads|Quark Drive|[silent]
|
|upkeep
|
|t:|1757929347
|switch|p1a: Shiftry|Shiftry, F|100/100
|turn|18
|
|t:|1757929352
|move|p2a: Hell|Earthquake|p1a: Shiftry
|-resisted|p1a: Shiftry
|-damage|p1a: Shiftry|53/100
|move|p1a: Shiftry|Tailwind|p1a: Shiftry
|-sidestart|p1: BloopHungry|move: Tailwind
|-ability|p1a: Shiftry|Wind Rider|boost
|-boost|p1a: Shiftry|atk|1
|
|upkeep
|turn|19
|
|t:|1757929359
|move|p1a: Shiftry|Knock Off|p2a: Hell
|-damage|p2a: Hell|18/100
|-enditem|p2a: Hell|Choice Scarf|[from] move: Knock Off|[of] p1a: Shiftry
|move|p2a: Hell|Earthquake|p1a: Shiftry
|-resisted|p1a: Shiftry
|-damage|p1a: Shiftry|8/100
|
|upkeep
|turn|20
|
|t:|1757929369
|move|p1a: Shiftry|Leaf Blade|p2a: Hell
|-damage|p2a: Hell|0 fnt
|faint|p2a: Hell
|
|win|BloopHungry
|raw|BloopHungry's rating: 1104 &rarr; <strong>1129</strong><br />(+25 for winning)
|raw|HereticTheHomie's rating: 1099 &rarr; <strong>1075</strong><br />(-24 for losing)
|l|☆BloopHungry
|player|p1|
|l|☆HereticTheHomie
|player|p2|
