|j|☆Obito 2001
|j|☆Ancient Tito
|t:|1757935221
|gametype|singles
|player|p1|Obito 2001|blue-gen3two|1511
|player|p2|Ancient Tito|rood|1587
|gen|9
|tier|[Gen 9] OU
|rated|
|rule|HP Percentage Mod: HP is shown in percentages
|rule|Endless Battle Clause: Forcing endless battles is banned
|rule|Species Clause: Limit one of each Pokémon
|rule|OHKO Clause: OHKO moves are banned
|rule|Evasion Items Clause: Evasion items are banned
|rule|Evasion Moves Clause: Evasion moves are banned
|rule|Evasion Abilities Clause: Evasion abilities are banned
|rule|Sleep Moves Clause: Sleep-inducing moves are banned
|clearpoke
|poke|p1|Great Tusk|
|poke|p1|Garganacl, M|
|poke|p1|Corviknight, F|
|poke|p1|Slowking-Galar, M|
|poke|p1|Kyurem|
|poke|p1|Deoxys-Speed|
|poke|p2|Corviknight, M|
|poke|p2|Cinderace, F|
|poke|p2|Dondozo, M|
|poke|p2|Raging Bolt|
|poke|p2|Iron Treads|
|poke|p2|Ogerpon-Wellspring, F|
|teampreview
|inactive|Battle timer is ON: inactive players will automatically lose when time's up. (requested by Obito 2001)
|j| Ctannn
|
|t:|1757935240
|teamsize|p1|6
|teamsize|p2|6
|start
|switch|p1a: Deoxys|Deoxys-Speed, shiny|100/100
|switch|p2a: Iron Treads|Iron Treads|100/100
|-ability|p1a: Deoxys|Pressure
|turn|1
|l| Ctannn
|inactive|Obito 2001 has 120 seconds left.
|
|t:|1757935289
|switch|p1a: Ban Gliscor please|Corviknight, F|100/100
|-ability|p1a: Ban Gliscor please|Pressure
|move|p2a: Iron Treads|Knock Off|p1a: Ban Gliscor please
|-damage|p1a: Ban Gliscor please|83/100
|-damage|p2a: Iron Treads|84/100|[from] item: Rocky Helmet|[of] p1a: Ban Gliscor please
|-enditem|p1a: Ban Gliscor please|Rocky Helmet|[from] move: Knock Off|[of] p2a: Iron Treads
|
|upkeep
|turn|2
|inactive|Ancient Tito has 120 seconds left.
|
|t:|1757935323
|-end|p2a: Iron Treads|Quark Drive|[silent]
|switch|p2a: Corviknight|Corviknight, M|100/100
|move|p1a: Ban Gliscor please|U-turn|p2a: Corviknight
|-resisted|p2a: Corviknight
|-damage|p2a: Corviknight|99/100
|-damage|p1a: Ban Gliscor please|66/100|[from] item: Rocky Helmet|[of] p2a: Corviknight
|j| Jey2
|inactive|Obito 2001 has 90 seconds left.
|
|t:|1757935359
|switch|p1a: Ban Zamazenta|Slowking-Galar, M|100/100|[from] U-turn
|
|upkeep
|turn|3
|
|t:|1757935369
|move|p2a: Corviknight|U-turn|p1a: Ban Zamazenta
|-damage|p1a: Ban Zamazenta|87/100
|
|t:|1757935378
|switch|p2a: Iron Treads|Iron Treads|84/100|[from] U-turn
|-prepare|p1a: Ban Zamazenta|Chilly Reception|[premajor]
|move|p1a: Ban Zamazenta|Chilly Reception|p1a: Ban Zamazenta
|-weather|Snowscape
|
|t:|1757935382
|switch|p1a: Ban Dragonite|Great Tusk|100/100|[from] Chilly Reception
|
|-weather|Snowscape|[upkeep]
|upkeep
|turn|4
|
|t:|1757935393
|move|p1a: Ban Dragonite|Close Combat|p2a: Iron Treads
|-supereffective|p2a: Iron Treads
|-damage|p2a: Iron Treads|0 fnt
|-unboost|p1a: Ban Dragonite|def|1
|-unboost|p1a: Ban Dragonite|spd|1
|faint|p2a: Iron Treads
|-end|p2a: Iron Treads|Quark Drive|[silent]
|
|-weather|Snowscape|[upkeep]
|upkeep
|j| Rizzofreko
|
|t:|1757935402
|switch|p2a: Ogerpon|Ogerpon-Wellspring, F|100/100
|turn|5
|
|t:|1757935407
|-end|p1a: Ban Dragonite|Protosynthesis|[silent]
|switch|p1a: Kyurem|Kyurem|100/100
|-ability|p1a: Kyurem|Pressure
|move|p2a: Ogerpon|Ivy Cudgel|p1a: Kyurem|[anim] Ivy Cudgel Water
|-resisted|p1a: Kyurem
|-damage|p1a: Kyurem|82/100
|
|-weather|Snowscape|[upkeep]
|upkeep
|turn|6
|
|t:|1757935419
|switch|p2a: Corviknight|Corviknight, M|99/100
|move|p1a: Kyurem|Blizzard|p2a: Corviknight
|-damage|p2a: Corviknight|47/100
|
|-weather|Snowscape|[upkeep]
|upkeep
|turn|7
|
|t:|1757935428
|switch|p2a: Dondozo|Dondozo, M|100/100
|move|p1a: Kyurem|Blizzard|p2a: Dondozo
|-resisted|p2a: Dondozo
|-damage|p2a: Dondozo|78/100
|
|-weather|none
|-heal|p2a: Dondozo|84/100|[from] item: Leftovers
|upkeep
|turn|8
|l| Jey2
|
|t:|1757935442
|move|p1a: Kyurem|Freeze-Dry|p2a: Dondozo
|-supereffective|p2a: Dondozo
|-damage|p2a: Dondozo|31/100
|-status|p2a: Dondozo|frz
|-curestatus|p2a: Dondozo|frz|[msg]
|move|p2a: Dondozo|Body Press|p1a: Kyurem
|-supereffective|p1a: Kyurem
|-damage|p1a: Kyurem|37/100
|
|-heal|p2a: Dondozo|37/100|[from] item: Leftovers
|upkeep
|turn|9
|j| Jey2
|
|t:|1757935452
|move|p1a: Kyurem|Earth Power|p2a: Dondozo
|-damage|p2a: Dondozo|16/100
|move|p2a: Dondozo|Body Press|p1a: Kyurem
|-supereffective|p1a: Kyurem
|-damage|p1a: Kyurem|0 fnt
|faint|p1a: Kyurem
|
|-heal|p2a: Dondozo|22/100|[from] item: Leftovers
|upkeep
|
|t:|1757935458
|switch|p1a: Ban Dragonite|Great Tusk|100/100
|turn|10
|
|t:|1757935462
|switch|p2a: Corviknight|Corviknight, M|47/100
|move|p1a: Ban Dragonite|Close Combat|p2a: Corviknight
|-damage|p2a: Corviknight|9/100
|-unboost|p1a: Ban Dragonite|def|1
|-unboost|p1a: Ban Dragonite|spd|1
|-damage|p1a: Ban Dragonite|84/100|[from] item: Rocky Helmet|[of] p2a: Corviknight
|
|upkeep
|turn|11
|
|t:|1757935472
|move|p1a: Ban Dragonite|Close Combat|p2a: Corviknight
|-damage|p2a: Corviknight|0 fnt
|-unboost|p1a: Ban Dragonite|def|1
|-unboost|p1a: Ban Dragonite|spd|1
|-damage|p1a: Ban Dragonite|68/100|[from] item: Rocky Helmet|[of] p2a: Corviknight
|faint|p2a: Corviknight
|
|upkeep
|
|t:|1757935479
|switch|p2a: Ogerpon|Ogerpon-Wellspring, F|100/100
|turn|12
|
|t:|1757935488
|-end|p1a: Ban Dragonite|Protosynthesis|[silent]
|switch|p1a: Ban Gliscor please|Corviknight, F|66/100
|-ability|p1a: Ban Gliscor please|Pressure
|move|p2a: Ogerpon|Ivy Cudgel|p1a: Ban Gliscor please|[anim] Ivy Cudgel Water
|-crit|p1a: Ban Gliscor please
|-damage|p1a: Ban Gliscor please|14/100
|
|upkeep
|turn|13
|
|t:|1757935495
|move|p2a: Ogerpon|Ivy Cudgel|p1a: Ban Gliscor please|[anim] Ivy Cudgel Water
|-damage|p1a: Ban Gliscor please|0 fnt
|faint|p1a: Ban Gliscor please
|
|upkeep
|
|t:|1757935497
|switch|p1a: Deoxys|Deoxys-Speed, shiny|100/100
|-ability|p1a: Deoxys|Pressure
|turn|14
|
|t:|1757935505
|switch|p2a: Dondozo|Dondozo, M|22/100
|move|p1a: Deoxys|Psycho Boost|p2a: Dondozo
|-damage|p2a: Dondozo|0 fnt
|-unboost|p1a: Deoxys|spa|2
|faint|p2a: Dondozo
|-enditem|p1a: Deoxys|Eject Pack
|
|t:|1757935512
|switch|p1a: Ban Zamazenta|Slowking-Galar, M|100/100
|
|upkeep
|
|t:|1757935516
|switch|p2a: Raging Bolt|Raging Bolt|100/100
|turn|15
|
|t:|1757935525
|move|p2a: Raging Bolt|Calm Mind|p2a: Raging Bolt
|-boost|p2a: Raging Bolt|spa|1
|-boost|p2a: Raging Bolt|spd|1
|move|p1a: Ban Zamazenta|Sludge Bomb|p2a: Raging Bolt
|-damage|p2a: Raging Bolt|81/100
|
|-heal|p2a: Raging Bolt|87/100|[from] item: Leftovers
|upkeep
|turn|16
|
|t:|1757935532
|move|p2a: Raging Bolt|Calm Mind|p2a: Raging Bolt
|-boost|p2a: Raging Bolt|spa|1
|-boost|p2a: Raging Bolt|spd|1
|move|p1a: Ban Zamazenta|Sludge Bomb|p2a: Raging Bolt
|-damage|p2a: Raging Bolt|72/100
|-status|p2a: Raging Bolt|psn
|
|-heal|p2a: Raging Bolt|78/100 psn|[from] item: Leftovers
|-damage|p2a: Raging Bolt|66/100 psn|[from] psn
|upkeep
|turn|17
|l| Rizzofreko
|
|t:|1757935541
|move|p2a: Raging Bolt|Calm Mind|p2a: Raging Bolt
|-boost|p2a: Raging Bolt|spa|1
|-boost|p2a: Raging Bolt|spd|1
|-prepare|p1a: Ban Zamazenta|Chilly Reception|[premajor]
|move|p1a: Ban Zamazenta|Chilly Reception|p1a: Ban Zamazenta
|-weather|Snowscape
|
|t:|1757935547
|switch|p1a: Ban Dragonite|Great Tusk|68/100|[from] Chilly Reception
|
|-weather|Snowscape|[upkeep]
|-heal|p2a: Raging Bolt|72/100 psn|[from] item: Leftovers
|-damage|p2a: Raging Bolt|59/100 psn|[from] psn
|upkeep
|turn|18
|
|t:|1757935554
|-end|p1a: Ban Dragonite|Protosynthesis|[silent]
|switch|p1a: Ban Zamazenta|Slowking-Galar, M|100/100
|-terastallize|p2a: Raging Bolt|Fairy
|move|p2a: Raging Bolt|Dragon Pulse|p1a: Ban Zamazenta
|-damage|p1a: Ban Zamazenta|33/100
|
|-weather|Snowscape|[upkeep]
|-heal|p2a: Raging Bolt|66/100 psn|[from] item: Leftovers
|-damage|p2a: Raging Bolt|53/100 psn|[from] psn
|upkeep
|turn|19
|
|t:|1757935563
|move|p2a: Raging Bolt|Dragon Pulse|p1a: Ban Zamazenta
|-damage|p1a: Ban Zamazenta|0 fnt
|faint|p1a: Ban Zamazenta
|
|-weather|Snowscape|[upkeep]
|-heal|p2a: Raging Bolt|59/100 psn|[from] item: Leftovers
|-damage|p2a: Raging Bolt|47/100 psn|[from] psn
|upkeep
|
|t:|1757935565
|switch|p1a: Deoxys|Deoxys-Speed, shiny|100/100
|-ability|p1a: Deoxys|Pressure
|turn|20
|
|t:|1757935573
|move|p2a: Raging Bolt|Thunderclap||[still]
|-fail|p2a: Raging Bolt
|move|p1a: Deoxys|Stealth Rock|p2a: Raging Bolt
|-sidestart|p2: Ancient Tito|move: Stealth Rock
|
|-weather|Snowscape|[upkeep]
|-heal|p2a: Raging Bolt|53/100 psn|[from] item: Leftovers
|-damage|p2a: Raging Bolt|41/100 psn|[from] psn
|upkeep
|turn|21
|
|t:|1757935584
|move|p2a: Raging Bolt|Thunderclap|p1a: Deoxys
|-damage|p1a: Deoxys|0 fnt
|faint|p1a: Deoxys
|
|-weather|none
|-heal|p2a: Raging Bolt|47/100 psn|[from] item: Leftovers
|-damage|p2a: Raging Bolt|34/100 psn|[from] psn
|upkeep
|
|t:|1757935586
|switch|p1a: Ban Dragonite|Great Tusk|68/100
|turn|22
|
|t:|1757935592
|move|p1a: Ban Dragonite|Headlong Rush|p2a: Raging Bolt
|-damage|p2a: Raging Bolt|0 fnt
|-unboost|p1a: Ban Dragonite|def|1
|-unboost|p1a: Ban Dragonite|spd|1
|faint|p2a: Raging Bolt
|-end|p2a: Raging Bolt|Protosynthesis|[silent]
|
|upkeep
|
|t:|1757935598
|switch|p2a: Ogerpon|Ogerpon-Wellspring, F|100/100
|-damage|p2a: Ogerpon|88/100|[from] Stealth Rock
|turn|23
|
|t:|1757935607
|-end|p1a: Ban Dragonite|Protosynthesis|[silent]
|switch|p1a: Ban Wogerpon|Garganacl, M|100/100
|move|p2a: Ogerpon|Ivy Cudgel|p1a: Ban Wogerpon|[anim] Ivy Cudgel Water
|-supereffective|p1a: Ban Wogerpon
|-damage|p1a: Ban Wogerpon|19/100
|
|-heal|p1a: Ban Wogerpon|25/100|[from] item: Leftovers
|upkeep
|turn|24
|
|t:|1757935615
|-terastallize|p1a: Ban Wogerpon|Water
|move|p2a: Ogerpon|Ivy Cudgel|p1a: Ban Wogerpon|[anim] Ivy Cudgel Water
|-resisted|p1a: Ban Wogerpon
|-damage|p1a: Ban Wogerpon|5/100
|move|p1a: Ban Wogerpon|Salt Cure|p2a: Ogerpon
|-damage|p2a: Ogerpon|71/100
|-start|p2a: Ogerpon|Salt Cure
|
|-heal|p1a: Ban Wogerpon|12/100|[from] item: Leftovers
|-damage|p2a: Ogerpon|46/100|[from] Salt Cure
|upkeep
|turn|25
|
|t:|1757935626
|move|p2a: Ogerpon|Horn Leech|p1a: Ban Wogerpon
|-supereffective|p1a: Ban Wogerpon
|-damage|p1a: Ban Wogerpon|0 fnt
|-heal|p2a: Ogerpon|54/100|[from] drain|[of] p1a: Ban Wogerpon
|faint|p1a: Ban Wogerpon
|
|-damage|p2a: Ogerpon|29/100|[from] Salt Cure
|upkeep
|
|t:|1757935630
|switch|p1a: Ban Dragonite|Great Tusk|68/100
|turn|26
|
|t:|1757935634
|move|p1a: Ban Dragonite|Headlong Rush|p2a: Ogerpon
|-resisted|p2a: Ogerpon
|-damage|p2a: Ogerpon|0 fnt
|-unboost|p1a: Ban Dragonite|def|1
|-unboost|p1a: Ban Dragonite|spd|1
|faint|p2a: Ogerpon
|
|upkeep
|
|t:|1757935641
|switch|p2a: Cinderace|Cinderace, F|100/100
|turn|27
|
|t:|1757935662
|move|p2a: Cinderace|Sucker Punch|p1a: Ban Dragonite
|-start|p2a: Cinderace|typechange|Dark|[from] ability: Libero
|-resisted|p1a: Ban Dragonite
|-damage|p1a: Ban Dragonite|47/100
|move|p1a: Ban Dragonite|Headlong Rush|p2a: Cinderace
|-damage|p2a: Cinderace|8/100
|-unboost|p1a: Ban Dragonite|def|1
|-unboost|p1a: Ban Dragonite|spd|1
|
|upkeep
|turn|28
|
|t:|1757935671
|move|p2a: Cinderace|Sucker Punch|p1a: Ban Dragonite
|-resisted|p1a: Ban Dragonite
|-damage|p1a: Ban Dragonite|22/100
|move|p1a: Ban Dragonite|Headlong Rush|p2a: Cinderace
|-damage|p2a: Cinderace|0 fnt
|-unboost|p1a: Ban Dragonite|def|1
|-unboost|p1a: Ban Dragonite|spd|1
|faint|p2a: Cinderace
|
|win|Obito 2001
|raw|Obito 2001's rating: 1511 &rarr; <strong>1535</strong><br />(+24 for winning)
|raw|Ancient Tito's rating: 1587 &rarr; <strong>1563</strong><br />(-24 for losing)
|c|☆Ancient Tito|gg
|l|☆Ancient Tito
|player|p2|
|c|☆Obito 2001|Gg
