|j|☆top 500 mainstay
|j|☆ascended tusk 69
|t:|1757885345
|gametype|singles
|player|p1|top 500 mainstay|266|1641
|player|p2|ascended tusk 69|biker|1736
|gen|9
|tier|[Gen 9] OU
|rated|
|rule|HP Percentage Mod: HP is shown in percentages
|rule|Endless Battle Clause: Forcing endless battles is banned
|rule|Species Clause: Limit one of each Pokémon
|rule|OHKO Clause: OHKO moves are banned
|rule|Evasion Items Clause: Evasion items are banned
|rule|Evasion Moves Clause: Evasion moves are banned
|rule|Evasion Abilities Clause: Evasion abilities are banned
|rule|Sleep Moves Clause: Sleep-inducing moves are banned
|clearpoke
|poke|p1|Iron Crown|
|poke|p1|Deoxys-Speed|
|poke|p1|Rillaboom, M|
|poke|p1|Hawlucha, F|
|poke|p1|Raging Bolt|
|poke|p1|Kingambit, F|
|poke|p2|Ninetales-Alola, M|
|poke|p2|Serperior, M|
|poke|p2|Iron Valiant|
|poke|p2|Kingambit, M|
|poke|p2|Latias, F|
|poke|p2|Gliscor, F|
|teampreview
|inactive|Battle timer is ON: inactive players will automatically lose when time's up. (requested by top 500 mainstay)
|inactive|ascended tusk 69 has 120 seconds left.
|
|t:|1757885403
|teamsize|p1|6
|teamsize|p2|6
|start
|switch|p1a: Deoxys|Deoxys-Speed|100/100
|switch|p2a: WINGED SHELL|Iron Valiant|100/100
|-ability|p1a: Deoxys|Pressure
|-enditem|p2a: WINGED SHELL|Booster Energy
|-activate|p2a: WINGED SHELL|ability: Quark Drive|[fromitem]
|-start|p2a: WINGED SHELL|quarkdrivespe
|turn|1
|
|t:|1757885425
|move|p2a: WINGED SHELL|Knock Off|p1a: Deoxys
|-supereffective|p1a: Deoxys
|-damage|p1a: Deoxys|16/100
|-enditem|p1a: Deoxys|Focus Sash|[from] move: Knock Off|[of] p2a: WINGED SHELL
|move|p1a: Deoxys|Psycho Boost|p2a: WINGED SHELL
|-supereffective|p2a: WINGED SHELL
|-damage|p2a: WINGED SHELL|0 fnt
|-unboost|p1a: Deoxys|spa|2
|faint|p2a: WINGED SHELL
|-end|p2a: WINGED SHELL|Quark Drive|[silent]
|
|upkeep
|
|t:|1757885434
|switch|p2a: Serp Gaming|Serperior, M|100/100
|turn|2
|
|t:|1757885436
|move|p1a: Deoxys|Stealth Rock|p2a: Serp Gaming
|-sidestart|p2: ascended tusk 69|move: Stealth Rock
|move|p2a: Serp Gaming|Leaf Storm|p1a: Deoxys
|-damage|p1a: Deoxys|0 fnt
|-boost|p2a: Serp Gaming|spa|2
|faint|p1a: Deoxys
|
|upkeep
|
|t:|1757885442
|switch|p1a: Kingambit|Kingambit, F|100/100
|-activate|p1a: Kingambit|ability: Supreme Overlord
|-start|p1a: Kingambit|fallen1|[silent]
|turn|3
|
|t:|1757885450
|move|p2a: Serp Gaming|Leech Seed|p1a: Kingambit
|-start|p1a: Kingambit|move: Leech Seed
|move|p1a: Kingambit|Kowtow Cleave|p2a: Serp Gaming
|-damage|p2a: Serp Gaming|34/100
|
|-heal|p2a: Serp Gaming|40/100|[from] item: Leftovers
|-damage|p1a: Kingambit|88/100|[from] Leech Seed|[of] p2a: Serp Gaming
|-heal|p2a: Serp Gaming|56/100|[silent]
|upkeep
|turn|4
|
|t:|1757885457
|-end|p1a: Kingambit|fallen1|[silent]
|switch|p1a: Iron Crown|Iron Crown|100/100
|-enditem|p1a: Iron Crown|Booster Energy
|-activate|p1a: Iron Crown|ability: Quark Drive|[fromitem]
|-start|p1a: Iron Crown|quarkdrivespe
|move|p2a: Serp Gaming|Substitute|p2a: Serp Gaming
|-start|p2a: Serp Gaming|Substitute
|-damage|p2a: Serp Gaming|31/100
|
|-heal|p2a: Serp Gaming|37/100|[from] item: Leftovers
|upkeep
|turn|5
|
|t:|1757885460
|move|p1a: Iron Crown|Tachyon Cutter|p2a: Serp Gaming
|-end|p2a: Serp Gaming|Substitute
|-damage|p2a: Serp Gaming|9/100
|-hitcount|p2a: Serp Gaming|2
|move|p2a: Serp Gaming|Glare|p1a: Iron Crown
|-status|p1a: Iron Crown|par
|
|-heal|p2a: Serp Gaming|15/100|[from] item: Leftovers
|upkeep
|turn|6
|
|t:|1757885464
|move|p2a: Serp Gaming|Leaf Storm|p1a: Iron Crown
|-resisted|p1a: Iron Crown
|-damage|p1a: Iron Crown|59/100 par
|-boost|p2a: Serp Gaming|spa|2
|cant|p1a: Iron Crown|par
|
|-heal|p2a: Serp Gaming|21/100|[from] item: Leftovers
|upkeep
|turn|7
|
|t:|1757885471
|move|p2a: Serp Gaming|Leaf Storm|p1a: Iron Crown
|-resisted|p1a: Iron Crown
|-damage|p1a: Iron Crown|5/100 par
|-boost|p2a: Serp Gaming|spa|2
|move|p1a: Iron Crown|Tachyon Cutter|p2a: Serp Gaming
|-damage|p2a: Serp Gaming|0 fnt
|faint|p2a: Serp Gaming
|-hitcount|p2: Serp Gaming|1
|
|upkeep
|
|t:|1757885475
|switch|p2a: 69tales|Ninetales-Alola, M|100/100
|-damage|p2a: 69tales|76/100|[from] Stealth Rock
|-weather|Snowscape|[from] ability: Snow Warning|[of] p2a: 69tales
|turn|8
|
|t:|1757885482
|move|p2a: 69tales|Aurora Veil|p2a: 69tales
|-sidestart|p2: ascended tusk 69|move: Aurora Veil
|move|p1a: Iron Crown|Calm Mind|p1a: Iron Crown
|-boost|p1a: Iron Crown|spa|1
|-boost|p1a: Iron Crown|spd|1
|
|-weather|Snowscape|[upkeep]
|upkeep
|turn|9
|
|t:|1757885486
|move|p2a: 69tales|Encore|p1a: Iron Crown
|-start|p1a: Iron Crown|Encore
|move|p1a: Iron Crown|Calm Mind|p1a: Iron Crown
|-boost|p1a: Iron Crown|spa|1
|-boost|p1a: Iron Crown|spd|1
|
|-weather|Snowscape|[upkeep]
|upkeep
|turn|10
|
|t:|1757885488
|switch|p2a: Himiko|Gliscor, F|100/100
|-damage|p2a: Himiko|88/100|[from] Stealth Rock
|move|p1a: Iron Crown|Calm Mind|p1a: Iron Crown
|-boost|p1a: Iron Crown|spa|1
|-boost|p1a: Iron Crown|spd|1
|
|-weather|Snowscape|[upkeep]
|-status|p2a: Himiko|tox|[from] item: Toxic Orb
|upkeep
|turn|11
|
|t:|1757885490
|move|p2a: Himiko|Agility|p2a: Himiko
|-boost|p2a: Himiko|spe|2
|move|p1a: Iron Crown|Calm Mind|p1a: Iron Crown
|-boost|p1a: Iron Crown|spa|1
|-boost|p1a: Iron Crown|spd|1
|
|-weather|Snowscape|[upkeep]
|-heal|p2a: Himiko|100/100 tox|[from] ability: Poison Heal
|-end|p1a: Iron Crown|Encore
|upkeep
|turn|12
|
|t:|1757885499
|move|p2a: Himiko|Dual Wingbeat|p1a: Iron Crown
|-resisted|p1a: Iron Crown
|-damage|p1a: Iron Crown|0 fnt
|faint|p1a: Iron Crown
|-end|p1a: Iron Crown|Quark Drive|[silent]
|-hitcount|p1: Iron Crown|1
|
|-weather|none
|upkeep
|
|t:|1757885513
|switch|p1a: Kingambit|Kingambit, F|88/100
|-activate|p1a: Kingambit|ability: Supreme Overlord
|-start|p1a: Kingambit|fallen2|[silent]
|turn|13
|
|t:|1757885516
|-terastallize|p1a: Kingambit|Ghost
|move|p2a: Himiko|Swords Dance|p2a: Himiko
|-boost|p2a: Himiko|atk|2
|move|p1a: Kingambit|Swords Dance|p1a: Kingambit
|-boost|p1a: Kingambit|atk|2
|
|-heal|p1a: Kingambit|94/100|[from] item: Leftovers
|upkeep
|turn|14
|
|t:|1757885523
|move|p2a: Himiko|Earthquake|p1a: Kingambit
|-damage|p1a: Kingambit|29/100
|move|p1a: Kingambit|Kowtow Cleave|p2a: Himiko
|-damage|p2a: Himiko|42/100 tox
|
|-heal|p1a: Kingambit|35/100|[from] item: Leftovers
|-heal|p2a: Himiko|55/100 tox|[from] ability: Poison Heal
|upkeep
|turn|15
|
|t:|1757885528
|move|p1a: Kingambit|Sucker Punch|p2a: Himiko
|-damage|p2a: Himiko|7/100 tox
|move|p2a: Himiko|Earthquake|p1a: Kingambit
|-damage|p1a: Kingambit|0 fnt
|faint|p1a: Kingambit
|-end|p1a: Kingambit|fallen2|[silent]
|
|-heal|p2a: Himiko|20/100 tox|[from] ability: Poison Heal
|-sideend|p2: ascended tusk 69|move: Aurora Veil
|upkeep
|
|t:|1757885530
|switch|p1a: Rillaboom|Rillaboom, M|100/100
|-fieldstart|move: Grassy Terrain|[from] ability: Grassy Surge|[of] p1a: Rillaboom
|turn|16
|
|t:|1757885532
|move|p1a: Rillaboom|Grassy Glide|p2a: Himiko
|-damage|p2a: Himiko|0 fnt
|faint|p2a: Himiko
|-damage|p1a: Rillaboom|91/100|[from] item: Life Orb
|
|-heal|p1a: Rillaboom|97/100|[from] Grassy Terrain
|upkeep
|
|t:|1757885533
|switch|p2a: 69tales|Ninetales-Alola, M|76/100
|-damage|p2a: 69tales|51/100|[from] Stealth Rock
|-weather|Snowscape|[from] ability: Snow Warning|[of] p2a: 69tales
|turn|17
|
|t:|1757885535
|move|p1a: Rillaboom|Grassy Glide|p2a: 69tales
|-damage|p2a: 69tales|5/100
|-damage|p1a: Rillaboom|87/100|[from] item: Life Orb
|move|p2a: 69tales|Aurora Veil|p2a: 69tales
|-sidestart|p2: ascended tusk 69|move: Aurora Veil
|
|-weather|Snowscape|[upkeep]
|-heal|p2a: 69tales|11/100|[from] Grassy Terrain
|-heal|p1a: Rillaboom|93/100|[from] Grassy Terrain
|upkeep
|turn|18
|
|t:|1757885538
|move|p2a: 69tales|Encore|p1a: Rillaboom
|-start|p1a: Rillaboom|Encore
|move|p1a: Rillaboom|Grassy Glide|p2a: 69tales
|-crit|p2a: 69tales
|-damage|p2a: 69tales|0 fnt
|faint|p2a: 69tales
|-damage|p1a: Rillaboom|83/100|[from] item: Life Orb
|
|-weather|Snowscape|[upkeep]
|-heal|p1a: Rillaboom|89/100|[from] Grassy Terrain
|upkeep
|
|t:|1757885546
|switch|p2a: BLUE SHELL|Kingambit, M|100/100
|-damage|p2a: BLUE SHELL|94/100|[from] Stealth Rock
|-activate|p2a: BLUE SHELL|ability: Supreme Overlord
|-start|p2a: BLUE SHELL|fallen4|[silent]
|turn|19
|
|t:|1757885551
|switch|p1a: Hawlucha|Hawlucha, F|100/100
|-enditem|p1a: Hawlucha|Grassy Seed
|-boost|p1a: Hawlucha|def|1|[from] item: Grassy Seed
|-terastallize|p2a: BLUE SHELL|Fairy
|move|p2a: BLUE SHELL|Tera Blast|p1a: Hawlucha|[anim] Tera Blast Fairy
|-supereffective|p1a: Hawlucha
|-damage|p1a: Hawlucha|0 fnt
|faint|p1a: Hawlucha
|
|-weather|Snowscape|[upkeep]
|-heal|p2a: BLUE SHELL|100/100|[from] Grassy Terrain
|upkeep
|
|t:|1757885557
|switch|p1a: Raging Bolt|Raging Bolt|100/100
|-enditem|p1a: Raging Bolt|Booster Energy
|-activate|p1a: Raging Bolt|ability: Protosynthesis|[fromitem]
|-start|p1a: Raging Bolt|protosynthesisspa
|turn|20
|
|t:|1757885559
|move|p2a: BLUE SHELL|Tera Blast|p1a: Raging Bolt|[anim] Tera Blast Fairy
|-supereffective|p1a: Raging Bolt
|-damage|p1a: Raging Bolt|0 fnt
|faint|p1a: Raging Bolt
|-end|p1a: Raging Bolt|Protosynthesis|[silent]
|
|-weather|Snowscape|[upkeep]
|-fieldend|move: Grassy Terrain
|upkeep
|-message|top 500 mainstay forfeited.
|
|win|ascended tusk 69
|raw|top 500 mainstay's rating: 1621 &rarr; <strong>1607</strong><br />(-14 for losing)
|raw|ascended tusk 69's rating: 1736 &rarr; <strong>1750</strong><br />(+14 for winning)
|l|☆top 500 mainstay
|player|p1|
|c|☆ascended tusk 69|gg
