|j|☆DarokGames
|j|☆supraxd
|t:|1757960385
|gametype|singles
|player|p1|DarokGames|101|1178
|player|p2|supraxd|steven|1192
|gen|9
|tier|[Gen 9] OU
|rated|
|rule|HP Percentage Mod: HP is shown in percentages
|rule|Endless Battle Clause: Forcing endless battles is banned
|rule|Species Clause: Limit one of each Pokémon
|rule|OHKO Clause: OHKO moves are banned
|rule|Evasion Items Clause: Evasion items are banned
|rule|Evasion Moves Clause: Evasion moves are banned
|rule|Evasion Abilities Clause: Evasion abilities are banned
|rule|Sleep Moves Clause: Sleep-inducing moves are banned
|clearpoke
|poke|p1|Torkoal, F|
|poke|p1|Hatterene, F|
|poke|p1|Raging Bolt|
|poke|p1|Slither Wing|
|poke|p1|Venusaur, M|
|poke|p1|Walking Wake|
|poke|p2|Grimmsnarl, M|
|poke|p2|Arcanine, M|
|poke|p2|Thundurus-Therian, M|
|poke|p2|Pelipper, M|
|poke|p2|Kingdra, F|
|poke|p2|Barraskewda, F|
|teampreview
|
|t:|1757960417
|teamsize|p1|6
|teamsize|p2|6
|start
|switch|p1a: Torkoal|Torkoal, F|100/100
|switch|p2a: Pelipper|Pelipper, M|100/100
|-weather|RainDance|[from] ability: Drizzle|[of] p2a: Pelipper
|-weather|SunnyDay|[from] ability: Drought|[of] p1a: Torkoal
|turn|1
|
|t:|1757960433
|switch|p1a: Walking Wake|Walking Wake|100/100
|-activate|p1a: Walking Wake|ability: Protosynthesis
|-start|p1a: Walking Wake|protosynthesisspe
|move|p2a: Pelipper|Knock Off|p1a: Walking Wake
|-damage|p1a: Walking Wake|88/100
|-enditem|p1a: Walking Wake|Wise Glasses|[from] move: Knock Off|[of] p2a: Pelipper
|
|-weather|SunnyDay|[upkeep]
|upkeep
|turn|2
|
|t:|1757960441
|switch|p2a: Grimmsnarl|Grimmsnarl, M|100/100
|move|p1a: Walking Wake|Draco Meteor|p2a: Grimmsnarl
|-immune|p2a: Grimmsnarl
|
|-weather|SunnyDay|[upkeep]
|upkeep
|turn|3
|
|t:|1757960450
|move|p1a: Walking Wake|Hydro Steam|p2a: Grimmsnarl
|-damage|p2a: Grimmsnarl|52/100
|move|p2a: Grimmsnarl|Spirit Break|p1a: Walking Wake
|-supereffective|p1a: Walking Wake
|-damage|p1a: Walking Wake|19/100
|-unboost|p1a: Walking Wake|spa|1
|
|-weather|SunnyDay|[upkeep]
|upkeep
|turn|4
|
|t:|1757960462
|move|p2a: Grimmsnarl|Light Screen|p2a: Grimmsnarl
|-sidestart|p2: supraxd|move: Light Screen
|move|p1a: Walking Wake|Flip Turn|p2a: Grimmsnarl
|-damage|p2a: Grimmsnarl|42/100
|
|t:|1757960466
|-end|p1a: Walking Wake|Protosynthesis|[silent]
|switch|p1a: Venusaur|Venusaur, M|100/100|[from] Flip Turn
|
|-weather|SunnyDay|[upkeep]
|upkeep
|turn|5
|
|t:|1757960470
|move|p2a: Grimmsnarl|Parting Shot|p1a: Venusaur
|-unboost|p1a: Venusaur|atk|1
|-unboost|p1a: Venusaur|spa|1
|
|t:|1757960472
|switch|p2a: Pelipper|Pelipper, M|100/100|[from] Parting Shot
|-weather|RainDance|[from] ability: Drizzle|[of] p2a: Pelipper
|move|p1a: Venusaur|Growth|p1a: Venusaur
|-boost|p1a: Venusaur|atk|1
|-boost|p1a: Venusaur|spa|1
|
|-weather|RainDance|[upkeep]
|upkeep
|turn|6
|
|t:|1757960493
|switch|p1a: Hatterene|Hatterene, F|100/100
|-item|p1a: Hatterene|Air Balloon
|move|p2a: Pelipper|Knock Off|p1a: Hatterene
|-damage|p1a: Hatterene|90/100
|-enditem|p1a: Hatterene|Air Balloon
|
|-weather|RainDance|[upkeep]
|upkeep
|turn|7
|
|t:|1757960499
|move|p2a: Pelipper|U-turn|p1a: Hatterene
|-damage|p1a: Hatterene|83/100
|
|t:|1757960501
|switch|p2a: Arcanine|Arcanine, M|100/100|[from] U-turn
|-ability|p2a: Arcanine|Intimidate|boost
|-unboost|p1a: Hatterene|atk|1
|move|p1a: Hatterene|Trick Room|p1a: Hatterene
|-fieldstart|move: Trick Room|[of] p1a: Hatterene
|
|-weather|RainDance|[upkeep]
|upkeep
|turn|8
|
|t:|1757960518
|switch|p2a: Grimmsnarl|Grimmsnarl, M|42/100
|move|p1a: Hatterene|Dazzling Gleam|p2a: Grimmsnarl
|-supereffective|p2a: Grimmsnarl
|-damage|p2a: Grimmsnarl|13/100
|
|-weather|RainDance|[upkeep]
|upkeep
|turn|9
|
|t:|1757960524
|move|p2a: Grimmsnarl|Parting Shot|p1a: Hatterene
|move|p1a: Hatterene|Parting Shot|p2a: Grimmsnarl|[from] ability: Magic Bounce
|-unboost|p2a: Grimmsnarl|atk|1
|-unboost|p2a: Grimmsnarl|spa|1
|
|t:|1757960530
|switch|p1a: Torkoal|Torkoal, F|100/100|[from] Parting Shot
|-weather|SunnyDay|[from] ability: Drought|[of] p1a: Torkoal
|
|-weather|SunnyDay|[upkeep]
|upkeep
|turn|10
|
|t:|1757960541
|move|p2a: Grimmsnarl|Parting Shot|p1a: Torkoal
|-unboost|p1a: Torkoal|atk|1
|-unboost|p1a: Torkoal|spa|1
|
|t:|1757960543
|switch|p2a: Pelipper|Pelipper, M|100/100|[from] Parting Shot
|-weather|RainDance|[from] ability: Drizzle|[of] p2a: Pelipper
|move|p1a: Torkoal|Stealth Rock|p2a: Pelipper
|-sidestart|p2: supraxd|move: Stealth Rock
|
|-weather|RainDance|[upkeep]
|upkeep
|turn|11
|
|t:|1757960553
|switch|p1a: Hatterene|Hatterene, F|83/100
|move|p2a: Pelipper|Hurricane|p1a: Hatterene
|-damage|p1a: Hatterene|47/100
|-start|p1a: Hatterene|confusion
|
|-weather|RainDance|[upkeep]
|-sideend|p2: supraxd|move: Light Screen
|-fieldend|move: Trick Room
|upkeep
|turn|12
|
|t:|1757960559
|move|p2a: Pelipper|Hurricane|p1a: Hatterene
|-damage|p1a: Hatterene|8/100
|-activate|p1a: Hatterene|confusion
|-damage|p1a: Hatterene|1/100|[from] confusion
|
|-weather|RainDance|[upkeep]
|upkeep
|turn|13
|
|t:|1757960564
|move|p2a: Pelipper|U-turn|p1a: Hatterene
|-damage|p1a: Hatterene|0 fnt
|faint|p1a: Hatterene
|
|t:|1757960570
|switch|p2a: Grimmsnarl|Grimmsnarl, M|13/100|[from] U-turn
|-damage|p2a: Grimmsnarl|1/100|[from] Stealth Rock
|
|-weather|RainDance|[upkeep]
|upkeep
|
|t:|1757960581
|switch|p1a: Walking Wake|Walking Wake|19/100
|turn|14
|
|t:|1757960585
|move|p2a: Grimmsnarl|Light Screen|p2a: Grimmsnarl
|-sidestart|p2: supraxd|move: Light Screen
|move|p1a: Walking Wake|Flip Turn|p2a: Grimmsnarl
|-damage|p2a: Grimmsnarl|0 fnt
|faint|p2a: Grimmsnarl
|
|t:|1757960592
|-end|p1a: Walking Wake|Protosynthesis|[silent]
|switch|p1a: Torkoal|Torkoal, F|100/100|[from] Flip Turn
|-weather|SunnyDay|[from] ability: Drought|[of] p1a: Torkoal
|
|-weather|SunnyDay|[upkeep]
|upkeep
|
|t:|1757960596
|switch|p2a: Pelipper|Pelipper, M|100/100
|-damage|p2a: Pelipper|76/100|[from] Stealth Rock
|-weather|RainDance|[from] ability: Drizzle|[of] p2a: Pelipper
|turn|15
|
|t:|1757960615
|switch|p1a: Venusaur|Venusaur, M|100/100
|move|p2a: Pelipper|U-turn|p1a: Venusaur
|-damage|p1a: Venusaur|89/100
|
|t:|1757960620
|switch|p2a: Kingdra|Kingdra, F|100/100|[from] U-turn
|-damage|p2a: Kingdra|88/100|[from] Stealth Rock
|
|-weather|RainDance|[upkeep]
|upkeep
|turn|16
|
|t:|1757960633
|move|p2a: Kingdra|Hurricane|p1a: Venusaur
|-supereffective|p1a: Venusaur
|-damage|p1a: Venusaur|0 fnt
|faint|p1a: Venusaur
|
|-weather|RainDance|[upkeep]
|upkeep
|
|t:|1757960643
|switch|p1a: Walking Wake|Walking Wake|19/100
|turn|17
|
|t:|1757960646
|move|p2a: Kingdra|Hurricane|p1a: Walking Wake
|-crit|p1a: Walking Wake
|-damage|p1a: Walking Wake|0 fnt
|faint|p1a: Walking Wake
|-end|p1a: Walking Wake|Protosynthesis|[silent]
|
|-weather|RainDance|[upkeep]
|upkeep
|
|t:|1757960650
|switch|p1a: Raging Bolt|Raging Bolt|100/100
|turn|18
|
|t:|1757960662
|switch|p2a: Thundurus|Thundurus-Therian, M|100/100
|-damage|p2a: Thundurus|76/100|[from] Stealth Rock
|move|p1a: Raging Bolt|Dragon Pulse|p2a: Thundurus
|-damage|p2a: Thundurus|31/100
|-damage|p1a: Raging Bolt|91/100|[from] item: Life Orb
|
|-weather|RainDance|[upkeep]
|upkeep
|turn|19
|
|t:|1757960669
|-terastallize|p2a: Thundurus|Fairy
|move|p2a: Thundurus|Tera Blast|p1a: Raging Bolt|[anim] Tera Blast Fairy
|-supereffective|p1a: Raging Bolt
|-damage|p1a: Raging Bolt|10/100
|move|p1a: Raging Bolt|Dragon Pulse|p2a: Thundurus
|-immune|p2a: Thundurus
|
|-weather|RainDance|[upkeep]
|upkeep
|turn|20
|
|t:|1757960680
|-end|p1a: Raging Bolt|Protosynthesis|[silent]
|switch|p1a: Torkoal|Torkoal, F|100/100
|-weather|SunnyDay|[from] ability: Drought|[of] p1a: Torkoal
|move|p2a: Thundurus|Tera Blast|p1a: Torkoal|[anim] Tera Blast Fairy
|-resisted|p1a: Torkoal
|-damage|p1a: Torkoal|73/100
|
|-weather|SunnyDay|[upkeep]
|upkeep
|turn|21
|
|t:|1757960688
|switch|p2a: Pelipper|Pelipper, M|76/100
|-damage|p2a: Pelipper|51/100|[from] Stealth Rock
|-weather|RainDance|[from] ability: Drizzle|[of] p2a: Pelipper
|move|p1a: Torkoal|Eruption|p2a: Pelipper
|-resisted|p2a: Pelipper
|-damage|p2a: Pelipper|43/100
|
|-weather|RainDance|[upkeep]
|-sideend|p2: supraxd|move: Light Screen
|upkeep
|turn|22
|
|t:|1757960697
|switch|p1a: Slither Wing|Slither Wing|100/100
|move|p2a: Pelipper|Hurricane|p1a: Slither Wing
|-supereffective|p1a: Slither Wing
|-damage|p1a: Slither Wing|0 fnt
|faint|p1a: Slither Wing
|-end|p1a: Slither Wing|Protosynthesis|[silent]
|
|-weather|RainDance|[upkeep]
|upkeep
|
|t:|1757960699
|switch|p1a: Raging Bolt|Raging Bolt|10/100
|turn|23
|
|t:|1757960707
|switch|p2a: Thundurus|Thundurus-Therian, M, tera:Fairy|31/100
|-damage|p2a: Thundurus|19/100|[from] Stealth Rock
|move|p1a: Raging Bolt|Dragon Pulse|p2a: Thundurus
|-immune|p2a: Thundurus
|
|-weather|RainDance|[upkeep]
|upkeep
|turn|24
|
|t:|1757960711
|move|p2a: Thundurus|Tera Blast|p1a: Raging Bolt|[anim] Tera Blast Fairy
|-supereffective|p1a: Raging Bolt
|-damage|p1a: Raging Bolt|0 fnt
|faint|p1a: Raging Bolt
|-end|p1a: Raging Bolt|Protosynthesis|[silent]
|
|-weather|RainDance|[upkeep]
|upkeep
|-message|DarokGames forfeited.
|
|win|supraxd
|raw|DarokGames's rating: 1178 &rarr; <strong>1154</strong><br />(-24 for losing)
|raw|supraxd's rating: 1192 &rarr; <strong>1216</strong><br />(+24 for winning)
|l|☆DarokGames
|player|p1|
