|j|☆Lenghong
|j|☆imgodslayer
|t:|1757927840
|gametype|singles
|player|p1|Lenghong|hilda|1364
|player|p2|imgodslayer|benga|1379
|gen|9
|tier|[Gen 9] OU
|rated|
|rule|HP Percentage Mod: HP is shown in percentages
|rule|Endless Battle Clause: Forcing endless battles is banned
|rule|Species Clause: Limit one of each Pokémon
|rule|OHKO Clause: OHKO moves are banned
|rule|Evasion Items Clause: Evasion items are banned
|rule|Evasion Moves Clause: Evasion moves are banned
|rule|Evasion Abilities Clause: Evasion abilities are banned
|rule|Sleep Moves Clause: Sleep-inducing moves are banned
|clearpoke
|poke|p1|Garganacl, M|
|poke|p1|Glimmora, M|
|poke|p1|Iron Boulder|
|poke|p1|Arcanine-Hisui, F|
|poke|p1|Kleavor, M|
|poke|p1|Tyranitar, F|
|poke|p2|Araquanid, M|
|poke|p2|Pelipper, M|
|poke|p2|Raging Bolt|
|poke|p2|Great Tusk|
|poke|p2|Poliwrath, F|
|poke|p2|Goodra-Hisui, M|
|teampreview
|
|t:|1757927856
|teamsize|p1|6
|teamsize|p2|6
|start
|switch|p1a: Kleavor|Kleavor, M|100/100
|switch|p2a: Pelipper|Pelipper, M|100/100
|-weather|RainDance|[from] ability: Drizzle|[of] p2a: Pelipper
|turn|1
|
|t:|1757927902
|switch|p2a: Great Tusk|Great Tusk|100/100
|move|p1a: Kleavor|Stone Axe|p2a: Great Tusk
|-resisted|p2a: Great Tusk
|-damage|p2a: Great Tusk|92/100
|-damage|p1a: Kleavor|84/100|[from] item: Rocky Helmet|[of] p2a: Great Tusk
|-sidestart|p2: imgodslayer|move: Stealth Rock
|
|-weather|RainDance|[upkeep]
|upkeep
|turn|2
|inactive|Battle timer is ON: inactive players will automatically lose when time's up. (requested by Lenghong)
|
|t:|1757927908
|switch|p1a: Garganacl|Garganacl, M|100/100
|move|p2a: Great Tusk|Rapid Spin|p1a: Garganacl
|-resisted|p1a: Garganacl
|-damage|p1a: Garganacl|96/100
|-boost|p2a: Great Tusk|spe|1
|-sideend|p2: imgodslayer|Stealth Rock|[from] move: Rapid Spin|[of] p2a: Great Tusk
|
|-weather|RainDance|[upkeep]
|-heal|p1a: Garganacl|100/100|[from] item: Leftovers
|upkeep
|turn|3
|
|t:|1757927914
|-terastallize|p1a: Garganacl|Dragon
|move|p2a: Great Tusk|Stealth Rock|p1a: Garganacl
|-sidestart|p1: Lenghong|move: Stealth Rock
|move|p1a: Garganacl|Salt Cure|p2a: Great Tusk
|-resisted|p2a: Great Tusk
|-damage|p2a: Great Tusk|91/100
|-start|p2a: Great Tusk|Salt Cure
|
|-weather|RainDance|[upkeep]
|-damage|p2a: Great Tusk|78/100|[from] Salt Cure
|upkeep
|turn|4
|
|t:|1757927922
|-end|p2a: Great Tusk|Protosynthesis|[silent]
|switch|p2a: Raging Bolt|Raging Bolt|100/100
|-enditem|p2a: Raging Bolt|Booster Energy
|-activate|p2a: Raging Bolt|ability: Protosynthesis|[fromitem]
|-start|p2a: Raging Bolt|protosynthesisspa
|move|p1a: Garganacl|Body Press|p2a: Raging Bolt
|-damage|p2a: Raging Bolt|76/100
|
|-weather|RainDance|[upkeep]
|upkeep
|turn|5
|
|t:|1757927925
|switch|p1a: Tyranitar|Tyranitar, F|100/100
|-damage|p1a: Tyranitar|88/100|[from] Stealth Rock
|-weather|Sandstorm|[from] ability: Sand Stream|[of] p1a: Tyranitar
|move|p2a: Raging Bolt|Dragon Pulse|p1a: Tyranitar
|-damage|p1a: Tyranitar|71/100
|
|-weather|Sandstorm|[upkeep]
|-damage|p2a: Raging Bolt|70/100|[from] Sandstorm
|upkeep
|turn|6
|
|t:|1757927930
|-end|p2a: Raging Bolt|Protosynthesis|[silent]
|switch|p2a: Great Tusk|Great Tusk|78/100
|move|p1a: Tyranitar|Stone Edge|p2a: Great Tusk|[miss]
|-miss|p1a: Tyranitar|p2a: Great Tusk
|
|-weather|Sandstorm|[upkeep]
|upkeep
|turn|7
|
|t:|1757927937
|switch|p1a: Garganacl|Garganacl, M, tera:Dragon|100/100
|-damage|p1a: Garganacl|88/100|[from] Stealth Rock
|move|p2a: Great Tusk|Headlong Rush|p1a: Garganacl
|-damage|p1a: Garganacl|58/100
|-unboost|p2a: Great Tusk|def|1
|-unboost|p2a: Great Tusk|spd|1
|
|-weather|Sandstorm|[upkeep]
|-damage|p1a: Garganacl|51/100|[from] Sandstorm
|-heal|p1a: Garganacl|58/100|[from] item: Leftovers
|upkeep
|turn|8
|
|t:|1757927948
|-end|p2a: Great Tusk|Protosynthesis|[silent]
|switch|p2a: Goodra|Goodra-Hisui, M|100/100
|move|p1a: Garganacl|Salt Cure|p2a: Goodra
|-resisted|p2a: Goodra
|-damage|p2a: Goodra|94/100
|-start|p2a: Goodra|Salt Cure
|
|-weather|Sandstorm|[upkeep]
|-damage|p1a: Garganacl|51/100|[from] Sandstorm
|-heal|p1a: Garganacl|58/100|[from] item: Leftovers
|-damage|p2a: Goodra|69/100|[from] Salt Cure
|upkeep
|turn|9
|
|t:|1757927952
|switch|p2a: Great Tusk|Great Tusk|78/100
|switch|p1a: Tyranitar|Tyranitar, F|71/100
|-damage|p1a: Tyranitar|58/100|[from] Stealth Rock
|
|-weather|none
|upkeep
|turn|10
|
|t:|1757927956
|switch|p1a: Glimmora|Glimmora, M|100/100
|-damage|p1a: Glimmora|88/100|[from] Stealth Rock
|move|p2a: Great Tusk|Headlong Rush|p1a: Glimmora
|-supereffective|p1a: Glimmora
|-damage|p1a: Glimmora|0 fnt
|-unboost|p2a: Great Tusk|def|1
|-unboost|p2a: Great Tusk|spd|1
|-activate|p1a: Glimmora|ability: Toxic Debris
|-sidestart|p2: imgodslayer|move: Toxic Spikes
|faint|p1a: Glimmora
|
|upkeep
|
|t:|1757927963
|switch|p1a: Garganacl|Garganacl, M, tera:Dragon|58/100
|-damage|p1a: Garganacl|45/100|[from] Stealth Rock
|turn|11
|
|t:|1757927966
|move|p2a: Great Tusk|Rapid Spin|p1a: Garganacl
|-damage|p1a: Garganacl|36/100
|-boost|p2a: Great Tusk|spe|1
|-sideend|p2: imgodslayer|Toxic Spikes|[from] move: Rapid Spin|[of] p2a: Great Tusk
|move|p1a: Garganacl|Recover|p1a: Garganacl
|-heal|p1a: Garganacl|86/100
|
|-heal|p1a: Garganacl|93/100|[from] item: Leftovers
|upkeep
|turn|12
|
|t:|1757927970
|-end|p2a: Great Tusk|Protosynthesis|[silent]
|switch|p2a: Pelipper|Pelipper, M|100/100
|-weather|RainDance|[from] ability: Drizzle|[of] p2a: Pelipper
|move|p1a: Garganacl|Salt Cure|p2a: Pelipper
|-supereffective|p2a: Pelipper
|-damage|p2a: Pelipper|71/100
|-start|p2a: Pelipper|Salt Cure
|
|-weather|RainDance|[upkeep]
|-heal|p1a: Garganacl|99/100|[from] item: Leftovers
|-damage|p2a: Pelipper|46/100|[from] Salt Cure
|upkeep
|turn|13
|
|t:|1757927980
|switch|p1a: Tyranitar|Tyranitar, F|58/100
|-damage|p1a: Tyranitar|46/100|[from] Stealth Rock
|-weather|Sandstorm|[from] ability: Sand Stream|[of] p1a: Tyranitar
|move|p2a: Pelipper|U-turn|p1a: Tyranitar
|-supereffective|p1a: Tyranitar
|-damage|p1a: Tyranitar|32/100
|
|t:|1757927984
|switch|p2a: Great Tusk|Great Tusk|78/100|[from] U-turn
|
|-weather|Sandstorm|[upkeep]
|upkeep
|turn|14
|
|t:|1757927987
|switch|p1a: Garganacl|Garganacl, M, tera:Dragon|99/100
|-damage|p1a: Garganacl|86/100|[from] Stealth Rock
|move|p2a: Great Tusk|Headlong Rush|p1a: Garganacl
|-damage|p1a: Garganacl|52/100
|-unboost|p2a: Great Tusk|def|1
|-unboost|p2a: Great Tusk|spd|1
|
|-weather|Sandstorm|[upkeep]
|-damage|p1a: Garganacl|46/100|[from] Sandstorm
|-heal|p1a: Garganacl|52/100|[from] item: Leftovers
|upkeep
|turn|15
|
|t:|1757927993
|move|p1a: Garganacl|Recover|p1a: Garganacl
|-heal|p1a: Garganacl|100/100
|move|p2a: Great Tusk|Roar|p1a: Garganacl
|drag|p1a: Kleavor|Kleavor, M|84/100
|-damage|p1a: Kleavor|59/100|[from] Stealth Rock
|
|-weather|Sandstorm|[upkeep]
|upkeep
|turn|16
|
|t:|1757927998
|move|p1a: Kleavor|U-turn|p2a: Great Tusk
|-resisted|p2a: Great Tusk
|-damage|p2a: Great Tusk|61/100
|-damage|p1a: Kleavor|42/100|[from] item: Rocky Helmet|[of] p2a: Great Tusk
|
|t:|1757928002
|switch|p1a: Garganacl|Garganacl, M, tera:Dragon|100/100|[from] U-turn
|-damage|p1a: Garganacl|88/100|[from] Stealth Rock
|move|p2a: Great Tusk|Headlong Rush|p1a: Garganacl
|-damage|p1a: Garganacl|56/100
|-unboost|p2a: Great Tusk|def|1
|-unboost|p2a: Great Tusk|spd|1
|
|-weather|Sandstorm|[upkeep]
|-damage|p1a: Garganacl|50/100|[from] Sandstorm
|-heal|p1a: Garganacl|56/100|[from] item: Leftovers
|upkeep
|turn|17
|
|t:|1757928007
|-end|p2a: Great Tusk|Protosynthesis|[silent]
|switch|p2a: Goodra|Goodra-Hisui, M|69/100
|move|p1a: Garganacl|Recover|p1a: Garganacl
|-heal|p1a: Garganacl|100/100
|
|-weather|none
|upkeep
|turn|18
|
|t:|1757928014
|switch|p1a: Kleavor|Kleavor, M|42/100
|-damage|p1a: Kleavor|18/100|[from] Stealth Rock
|move|p2a: Goodra|Draco Meteor|p1a: Kleavor
|-damage|p1a: Kleavor|0 fnt
|-unboost|p2a: Goodra|spa|2
|faint|p1a: Kleavor
|
|upkeep
|
|t:|1757928025
|switch|p1a: Iron Boulder|Iron Boulder|100/100
|-damage|p1a: Iron Boulder|88/100|[from] Stealth Rock
|turn|19
|inactive|imgodslayer has 120 seconds left.
|
|t:|1757928063
|move|p1a: Iron Boulder|Swords Dance|p1a: Iron Boulder
|-boost|p1a: Iron Boulder|atk|2
|move|p2a: Goodra|Flash Cannon|p1a: Iron Boulder
|-supereffective|p1a: Iron Boulder
|-damage|p1a: Iron Boulder|46/100
|
|upkeep
|turn|20
|
|t:|1757928072
|switch|p2a: Great Tusk|Great Tusk|61/100
|move|p1a: Iron Boulder|Close Combat|p2a: Great Tusk
|-damage|p2a: Great Tusk|2/100
|-unboost|p1a: Iron Boulder|def|1
|-unboost|p1a: Iron Boulder|spd|1
|-damage|p1a: Iron Boulder|30/100|[from] item: Rocky Helmet|[of] p2a: Great Tusk
|-damage|p1a: Iron Boulder|20/100|[from] item: Life Orb
|
|upkeep
|turn|21
|
|t:|1757928082
|move|p1a: Iron Boulder|Earthquake|p2a: Great Tusk
|-damage|p2a: Great Tusk|0 fnt
|faint|p2a: Great Tusk
|-end|p2a: Great Tusk|Protosynthesis|[silent]
|-damage|p1a: Iron Boulder|10/100|[from] item: Life Orb
|
|upkeep
|
|t:|1757928084
|switch|p2a: Pelipper|Pelipper, M|46/100
|-weather|RainDance|[from] ability: Drizzle|[of] p2a: Pelipper
|turn|22
|
|t:|1757928088
|switch|p2a: Araquanid|Araquanid, M|100/100
|move|p1a: Iron Boulder|Mighty Cleave|p2a: Araquanid
|-supereffective|p2a: Araquanid
|-damage|p2a: Araquanid|0 fnt
|faint|p2a: Araquanid
|-damage|p1a: Iron Boulder|0 fnt|[from] item: Life Orb
|faint|p1a: Iron Boulder
|-end|p1a: Iron Boulder|Quark Drive|[silent]
|
|-weather|RainDance|[upkeep]
|upkeep
|
|t:|1757928097
|switch|p1a: Garganacl|Garganacl, M, tera:Dragon|100/100
|switch|p2a: Poliwrath|Poliwrath, F|100/100
|-damage|p1a: Garganacl|88/100|[from] Stealth Rock
|turn|23
|
|t:|1757928100
|move|p2a: Poliwrath|Belly Drum|p2a: Poliwrath
|-damage|p2a: Poliwrath|51/100
|-setboost|p2a: Poliwrath|atk|6|[from] move: Belly Drum
|move|p1a: Garganacl|Salt Cure|p2a: Poliwrath
|-resisted|p2a: Poliwrath
|-damage|p2a: Poliwrath|43/100
|-start|p2a: Poliwrath|Salt Cure
|-enditem|p2a: Poliwrath|Sitrus Berry|[eat]
|-heal|p2a: Poliwrath|68/100|[from] item: Sitrus Berry
|
|-weather|RainDance|[upkeep]
|-heal|p1a: Garganacl|94/100|[from] item: Leftovers
|-damage|p2a: Poliwrath|43/100|[from] Salt Cure
|upkeep
|turn|24
|
|t:|1757928105
|switch|p1a: Tyranitar|Tyranitar, F|32/100
|-damage|p1a: Tyranitar|20/100|[from] Stealth Rock
|-weather|Sandstorm|[from] ability: Sand Stream|[of] p1a: Tyranitar
|move|p2a: Poliwrath|Drain Punch|p1a: Tyranitar
|-supereffective|p1a: Tyranitar
|-damage|p1a: Tyranitar|0 fnt
|-heal|p2a: Poliwrath|55/100|[from] drain|[of] p1a: Tyranitar
|faint|p1a: Tyranitar
|
|-weather|Sandstorm|[upkeep]
|-damage|p2a: Poliwrath|49/100|[from] Sandstorm
|-damage|p2a: Poliwrath|24/100|[from] Salt Cure
|upkeep
|
|t:|1757928109
|switch|p1a: Arcanine|Arcanine-Hisui, F, shiny|100/100
|-damage|p1a: Arcanine|75/100|[from] Stealth Rock
|turn|25
|
|t:|1757928114
|move|p1a: Arcanine|Head Smash|p2a: Poliwrath
|-resisted|p2a: Poliwrath
|-damage|p2a: Poliwrath|0 fnt
|faint|p2a: Poliwrath
|
|-weather|Sandstorm|[upkeep]
|upkeep
|
|t:|1757928117
|switch|p2a: Pelipper|Pelipper, M|46/100
|-weather|RainDance|[from] ability: Drizzle|[of] p2a: Pelipper
|turn|26
|
|t:|1757928121
|switch|p2a: Goodra|Goodra-Hisui, M|69/100
|move|p1a: Arcanine|Head Smash|p2a: Goodra
|-resisted|p2a: Goodra
|-damage|p2a: Goodra|21/100
|
|-weather|RainDance|[upkeep]
|upkeep
|turn|27
|
|t:|1757928126
|move|p1a: Arcanine|Head Smash|p2a: Goodra|[miss]
|-miss|p1a: Arcanine|p2a: Goodra
|move|p2a: Goodra|Flash Cannon|p1a: Arcanine
|-damage|p1a: Arcanine|24/100
|
|-weather|RainDance|[upkeep]
|upkeep
|turn|28
|
|t:|1757928131
|move|p1a: Arcanine|Head Smash|p2a: Goodra
|-resisted|p2a: Goodra
|-damage|p2a: Goodra|0 fnt
|faint|p2a: Goodra
|
|-weather|RainDance|[upkeep]
|upkeep
|
|t:|1757928133
|switch|p2a: Raging Bolt|Raging Bolt|70/100
|turn|29
|
|t:|1757928135
|switch|p1a: Garganacl|Garganacl, M, tera:Dragon|94/100
|-damage|p1a: Garganacl|82/100|[from] Stealth Rock
|move|p2a: Raging Bolt|Thunderclap||[still]
|-fail|p2a: Raging Bolt
|
|-weather|RainDance|[upkeep]
|-heal|p1a: Garganacl|88/100|[from] item: Leftovers
|upkeep
|turn|30
|
|t:|1757928153
|move|p2a: Raging Bolt|Dragon Pulse|p1a: Garganacl
|-supereffective|p1a: Garganacl
|-damage|p1a: Garganacl|0 fnt
|faint|p1a: Garganacl
|
|-weather|RainDance|[upkeep]
|upkeep
|
|t:|1757928155
|switch|p1a: Arcanine|Arcanine-Hisui, F, shiny|24/100
|-damage|p1a: Arcanine|0 fnt|[from] Stealth Rock
|faint|p1a: Arcanine
|
|win|imgodslayer
|raw|Lenghong's rating: 1364 &rarr; <strong>1345</strong><br />(-19 for losing)
|raw|imgodslayer's rating: 1379 &rarr; <strong>1398</strong><br />(+19 for winning)
|l|☆Lenghong
|player|p1|
|l|☆imgodslayer
|player|p2|
