|j|‽Meaty and Doritos
|j|☆Dragonitekilla100
|t:|1757904852
|gametype|singles
|player|p1|Meaty and Doritos|102|1438
|player|p2|Dragonitekilla100|266|1390
|gen|9
|tier|[Gen 9] OU
|rated|
|rule|HP Percentage Mod: HP is shown in percentages
|rule|Endless Battle Clause: Forcing endless battles is banned
|rule|Species Clause: Limit one of each Pokémon
|rule|OHKO Clause: OHKO moves are banned
|rule|Evasion Items Clause: Evasion items are banned
|rule|Evasion Moves Clause: Evasion moves are banned
|rule|Evasion Abilities Clause: Evasion abilities are banned
|rule|Sleep Moves Clause: Sleep-inducing moves are banned
|clearpoke
|poke|p1|Hoopa-Unbound|
|poke|p1|Kingambit, M|
|poke|p1|Iron Valiant|
|poke|p1|Alomomola, M|
|poke|p1|Slowking-Galar, M|
|poke|p1|Great Tusk|
|poke|p2|Hoopa-Unbound|
|poke|p2|Iron Valiant|
|poke|p2|Cinderace, F|
|poke|p2|Ting-Lu|
|poke|p2|Iron Thorns|
|poke|p2|Conkeldurr, M|
|teampreview
|inactive|Battle timer is ON: inactive players will automatically lose when time's up. (requested by Dragonitekilla100)
|
|t:|1757904867
|teamsize|p1|6
|teamsize|p2|6
|start
|switch|p1a: Slowking|Slowking-Galar, M|100/100
|switch|p2a: Hoopa|Hoopa-Unbound|100/100
|turn|1
|
|t:|1757904874
|switch|p1a: Great Tusk|Great Tusk|100/100
|move|p2a: Hoopa|Knock Off|p1a: Great Tusk
|-resisted|p1a: Great Tusk
|-damage|p1a: Great Tusk|76/100
|-enditem|p1a: Great Tusk|Heavy-Duty Boots|[from] move: Knock Off|[of] p2a: Hoopa
|
|upkeep
|turn|2
|
|t:|1757904882
|switch|p2a: Ting-Lu|Ting-Lu|100/100
|-ability|p2a: Ting-Lu|Vessel of Ruin
|move|p1a: Great Tusk|Headlong Rush|p2a: Ting-Lu
|-damage|p2a: Ting-Lu|73/100
|-unboost|p1a: Great Tusk|def|1
|-unboost|p1a: Great Tusk|spd|1
|
|upkeep
|turn|3
|
|t:|1757904886
|move|p1a: Great Tusk|Close Combat|p2a: Ting-Lu
|-supereffective|p2a: Ting-Lu
|-damage|p2a: Ting-Lu|15/100
|-unboost|p1a: Great Tusk|def|1
|-unboost|p1a: Great Tusk|spd|1
|-enditem|p2a: Ting-Lu|Iapapa Berry|[eat]
|-heal|p2a: Ting-Lu|48/100|[from] item: Iapapa Berry
|move|p2a: Ting-Lu|Spikes|p1a: Great Tusk
|-sidestart|p1: Meaty and Doritos|Spikes
|
|upkeep
|turn|4
|
|t:|1757904893
|move|p1a: Great Tusk|Headlong Rush|p2a: Ting-Lu
|-damage|p2a: Ting-Lu|22/100
|-unboost|p1a: Great Tusk|def|1
|-unboost|p1a: Great Tusk|spd|1
|move|p2a: Ting-Lu|Whirlwind|p1a: Great Tusk
|-end|p1a: Great Tusk|Protosynthesis|[silent]
|drag|p1a: Iron Valiant|Iron Valiant|100/100
|-damage|p1a: Iron Valiant|88/100|[from] Spikes
|-enditem|p1a: Iron Valiant|Booster Energy
|-activate|p1a: Iron Valiant|ability: Quark Drive|[fromitem]
|-start|p1a: Iron Valiant|quarkdrivespe
|
|upkeep
|turn|5
|
|t:|1757904898
|move|p1a: Iron Valiant|Moonblast|p2a: Ting-Lu
|-supereffective|p2a: Ting-Lu
|-damage|p2a: Ting-Lu|0 fnt
|faint|p2a: Ting-Lu
|
|upkeep
|
|t:|1757904902
|switch|p2a: Cinderace|Cinderace, F|100/100
|turn|6
|
|t:|1757904913
|move|p1a: Iron Valiant|Calm Mind|p1a: Iron Valiant
|-boost|p1a: Iron Valiant|spa|1
|-boost|p1a: Iron Valiant|spd|1
|move|p2a: Cinderace|Flare Blitz|p1a: Iron Valiant
|-crit|p1a: Iron Valiant
|-damage|p1a: Iron Valiant|0 fnt
|faint|p1a: Iron Valiant
|-end|p1a: Iron Valiant|Quark Drive|[silent]
|-damage|p2a: Cinderace|73/100|[from] Recoil
|
|upkeep
|
|t:|1757904922
|switch|p1a: Alomomola|Alomomola, M|100/100
|-damage|p1a: Alomomola|88/100|[from] Spikes
|turn|7
|
|t:|1757904925
|switch|p2a: Hoopa|Hoopa-Unbound|100/100
|move|p1a: Alomomola|Flip Turn|p2a: Hoopa
|-damage|p2a: Hoopa|74/100
|
|t:|1757904929
|switch|p1a: Kingambit|Kingambit, M, shiny|100/100|[from] Flip Turn
|-damage|p1a: Kingambit|88/100|[from] Spikes
|-activate|p1a: Kingambit|ability: Supreme Overlord
|-start|p1a: Kingambit|fallen1|[silent]
|
|-heal|p1a: Kingambit|94/100|[from] item: Leftovers
|upkeep
|turn|8
|
|t:|1757904937
|switch|p2a: Iron Thorns|Iron Thorns, shiny|100/100
|-enditem|p2a: Iron Thorns|Booster Energy
|-activate|p2a: Iron Thorns|ability: Quark Drive|[fromitem]
|-start|p2a: Iron Thorns|quarkdriveatk
|move|p1a: Kingambit|Sucker Punch||[still]
|-fail|p1a: Kingambit
|
|-heal|p1a: Kingambit|100/100|[from] item: Leftovers
|upkeep
|turn|9
|
|t:|1757904948
|-end|p2a: Iron Thorns|Quark Drive|[silent]
|switch|p2a: Cinderace|Cinderace, F|73/100
|move|p1a: Kingambit|Low Kick|p2a: Cinderace
|-damage|p2a: Cinderace|37/100
|
|upkeep
|turn|10
|
|t:|1757904954
|-end|p1a: Kingambit|fallen1|[silent]
|switch|p1a: Alomomola|Alomomola, M|100/100
|-damage|p1a: Alomomola|88/100|[from] Spikes
|move|p2a: Cinderace|Flare Blitz|p1a: Alomomola
|-resisted|p1a: Alomomola
|-damage|p1a: Alomomola|64/100
|-damage|p2a: Cinderace|21/100|[from] item: Rocky Helmet|[of] p1a: Alomomola
|-damage|p2a: Cinderace|7/100|[from] Recoil
|
|upkeep
|turn|11
|
|t:|1757904963
|move|p2a: Cinderace|Flare Blitz|p1a: Alomomola
|-resisted|p1a: Alomomola
|-damage|p1a: Alomomola|41/100
|-damage|p2a: Cinderace|0 fnt|[from] item: Rocky Helmet|[of] p1a: Alomomola
|faint|p2a: Cinderace
|move|p1a: Alomomola|Flip Turn|p2: Cinderace|[notarget]
|-fail|p1a: Alomomola
|
|upkeep
|
|t:|1757904983
|switch|p2a: Iron Thorns|Iron Thorns, shiny|100/100
|turn|12
|
|t:|1757904988
|switch|p1a: Great Tusk|Great Tusk|76/100
|-damage|p1a: Great Tusk|64/100|[from] Spikes
|move|p2a: Iron Thorns|Dragon Dance|p2a: Iron Thorns
|-boost|p2a: Iron Thorns|atk|1
|-boost|p2a: Iron Thorns|spe|1
|
|upkeep
|turn|13
|
|t:|1757904994
|-terastallize|p2a: Iron Thorns|Flying
|move|p2a: Iron Thorns|Dragon Dance|p2a: Iron Thorns
|-boost|p2a: Iron Thorns|atk|1
|-boost|p2a: Iron Thorns|spe|1
|move|p1a: Great Tusk|Rapid Spin|p2a: Iron Thorns
|-damage|p2a: Iron Thorns|84/100
|-boost|p1a: Great Tusk|spe|1
|-sideend|p1: Meaty and Doritos|Spikes|[from] move: Rapid Spin|[of] p1a: Great Tusk
|
|upkeep
|turn|14
|
|t:|1757904999
|move|p2a: Iron Thorns|Dragon Dance|p2a: Iron Thorns
|-boost|p2a: Iron Thorns|atk|1
|-boost|p2a: Iron Thorns|spe|1
|move|p1a: Great Tusk|Ice Spinner|p2a: Iron Thorns
|-supereffective|p2a: Iron Thorns
|-damage|p2a: Iron Thorns|35/100
|
|upkeep
|turn|15
|
|t:|1757905005
|move|p2a: Iron Thorns|Tera Blast|p1a: Great Tusk|[anim] Tera Blast Flying
|-supereffective|p1a: Great Tusk
|-damage|p1a: Great Tusk|0 fnt
|faint|p1a: Great Tusk
|-end|p1a: Great Tusk|Protosynthesis|[silent]
|
|upkeep
|
|t:|1757905009
|switch|p1a: Kingambit|Kingambit, M, shiny|100/100
|-activate|p1a: Kingambit|ability: Supreme Overlord
|-start|p1a: Kingambit|fallen2|[silent]
|turn|16
|
|t:|1757905010
|move|p1a: Kingambit|Sucker Punch||[still]
|-fail|p1a: Kingambit
|move|p2a: Iron Thorns|Dragon Dance|p2a: Iron Thorns
|-boost|p2a: Iron Thorns|atk|1
|-boost|p2a: Iron Thorns|spe|1
|
|upkeep
|turn|17
|
|t:|1757905014
|move|p1a: Kingambit|Sucker Punch||[still]
|-fail|p1a: Kingambit
|move|p2a: Iron Thorns|Dragon Dance|p2a: Iron Thorns
|-boost|p2a: Iron Thorns|atk|1
|-boost|p2a: Iron Thorns|spe|1
|
|upkeep
|turn|18
|
|t:|1757905016
|-end|p2a: Iron Thorns|Quark Drive|[silent]
|switch|p2a: Conkeldurr|Conkeldurr, M|100/100
|move|p1a: Kingambit|Sucker Punch||[still]
|-fail|p1a: Kingambit
|
|upkeep
|turn|19
|
|t:|1757905020
|-end|p1a: Kingambit|fallen2|[silent]
|switch|p1a: Alomomola|Alomomola, M|75/100
|move|p2a: Conkeldurr|Knock Off|p1a: Alomomola
|-damage|p1a: Alomomola|49/100
|-damage|p2a: Conkeldurr|84/100|[from] item: Rocky Helmet|[of] p1a: Alomomola
|-enditem|p1a: Alomomola|Rocky Helmet|[from] move: Knock Off|[of] p2a: Conkeldurr
|-damage|p2a: Conkeldurr|74/100|[from] item: Life Orb
|
|upkeep
|turn|20
|
|t:|1757905027
|move|p1a: Alomomola|Wish|p1a: Alomomola
|move|p2a: Conkeldurr|Close Combat|p1a: Alomomola
|-damage|p1a: Alomomola|3/100
|-unboost|p2a: Conkeldurr|def|1
|-unboost|p2a: Conkeldurr|spd|1
|-damage|p2a: Conkeldurr|64/100|[from] item: Life Orb
|
|upkeep
|turn|21
|
|t:|1757905035
|move|p1a: Alomomola|Protect|p1a: Alomomola
|-singleturn|p1a: Alomomola|Protect
|move|p2a: Conkeldurr|Knock Off|p1a: Alomomola
|-activate|p1a: Alomomola|move: Protect
|
|-heal|p1a: Alomomola|53/100|[from] move: Wish|[wisher] Alomomola
|upkeep
|turn|22
|
|t:|1757905043
|move|p1a: Alomomola|Flip Turn|p2a: Conkeldurr
|-damage|p2a: Conkeldurr|43/100
|
|t:|1757905046
|switch|p1a: Slowking|Slowking-Galar, M|100/100|[from] Flip Turn
|move|p2a: Conkeldurr|Close Combat|p1a: Slowking
|-resisted|p1a: Slowking
|-damage|p1a: Slowking|77/100
|-unboost|p2a: Conkeldurr|def|1
|-unboost|p2a: Conkeldurr|spd|1
|-damage|p2a: Conkeldurr|33/100|[from] item: Life Orb
|
|upkeep
|turn|23
|
|t:|1757905052
|switch|p1a: Alomomola|Alomomola, M|86/100
|move|p2a: Conkeldurr|Close Combat|p1a: Alomomola
|-damage|p1a: Alomomola|33/100
|-unboost|p2a: Conkeldurr|def|1
|-unboost|p2a: Conkeldurr|spd|1
|-damage|p2a: Conkeldurr|23/100|[from] item: Life Orb
|
|upkeep
|turn|24
|
|t:|1757905059
|switch|p2a: Iron Thorns|Iron Thorns, shiny, tera:Flying|35/100
|move|p1a: Alomomola|Flip Turn|p2a: Iron Thorns
|-damage|p2a: Iron Thorns|20/100
|
|t:|1757905070
|switch|p1a: Hoopa|Hoopa-Unbound|100/100|[from] Flip Turn
|
|upkeep
|turn|25
|
|t:|1757905076
|move|p1a: Hoopa|Knock Off|p2a: Iron Thorns
|-damage|p2a: Iron Thorns|0 fnt
|faint|p2a: Iron Thorns
|-end|p2a: Iron Thorns|Quark Drive|[silent]
|
|upkeep
|
|t:|1757905079
|switch|p2a: Iron Valiant|Iron Valiant|100/100
|-enditem|p2a: Iron Valiant|Booster Energy
|-activate|p2a: Iron Valiant|ability: Quark Drive|[fromitem]
|-start|p2a: Iron Valiant|quarkdriveatk
|turn|26
|
|t:|1757905082
|switch|p1a: Slowking|Slowking-Galar, M|100/100
|move|p2a: Iron Valiant|Swords Dance|p2a: Iron Valiant
|-boost|p2a: Iron Valiant|atk|2
|
|upkeep
|turn|27
|
|t:|1757905088
|move|p2a: Iron Valiant|Knock Off|p1a: Slowking
|-supereffective|p1a: Slowking
|-damage|p1a: Slowking|0 fnt
|-enditem|p1a: Slowking|Heavy-Duty Boots|[from] move: Knock Off|[of] p2a: Iron Valiant
|faint|p1a: Slowking
|
|upkeep
|
|t:|1757905094
|switch|p1a: Alomomola|Alomomola, M|67/100
|turn|28
|
|t:|1757905098
|move|p2a: Iron Valiant|Close Combat|p1a: Alomomola
|-damage|p1a: Alomomola|0 fnt
|-unboost|p2a: Iron Valiant|def|1
|-unboost|p2a: Iron Valiant|spd|1
|faint|p1a: Alomomola
|
|upkeep
|
|t:|1757905102
|switch|p1a: Kingambit|Kingambit, M, shiny|100/100
|-activate|p1a: Kingambit|ability: Supreme Overlord
|-start|p1a: Kingambit|fallen4|[silent]
|turn|29
|
|t:|1757905110
|-terastallize|p1a: Kingambit|Ghost
|move|p2a: Iron Valiant|Poison Jab|p1a: Kingambit
|-resisted|p1a: Kingambit
|-damage|p1a: Kingambit|72/100
|-status|p1a: Kingambit|psn
|move|p1a: Kingambit|Kowtow Cleave|p2a: Iron Valiant
|-resisted|p2a: Iron Valiant
|-damage|p2a: Iron Valiant|69/100
|
|-heal|p1a: Kingambit|78/100 psn|[from] item: Leftovers
|-damage|p1a: Kingambit|66/100 psn|[from] psn
|upkeep
|turn|30
|
|t:|1757905126
|move|p2a: Iron Valiant|Knock Off|p1a: Kingambit
|-supereffective|p1a: Kingambit
|-damage|p1a: Kingambit|0 fnt
|-enditem|p1a: Kingambit|Leftovers|[from] move: Knock Off|[of] p2a: Iron Valiant
|faint|p1a: Kingambit
|-end|p1a: Kingambit|fallen4|[silent]
|
|upkeep
|
|t:|1757905129
|switch|p1a: Hoopa|Hoopa-Unbound|100/100
|turn|31
|
|t:|1757905132
|move|p2a: Iron Valiant|Knock Off|p1a: Hoopa
|-damage|p1a: Hoopa|0 fnt
|-enditem|p1a: Hoopa|Choice Band|[from] move: Knock Off|[of] p2a: Iron Valiant
|faint|p1a: Hoopa
|
|win|Dragonitekilla100
|raw|Meaty and Doritos's rating: 1438 &rarr; <strong>1415</strong><br />(-23 for losing)
|raw|Dragonitekilla100's rating: 1390 &rarr; <strong>1413</strong><br />(+23 for winning)
|l|☆Dragonitekilla100
|player|p2|
|l|‽Meaty and Doritos
|player|p1|
