|j|☆GamingGhostLord
|j|☆Brother Bilo
|t:|1757823352
|gametype|singles
|player|p1|GamingGhostLord|volkner|1224
|player|p2|Brother Bilo|169|1290
|gen|9
|tier|[Gen 9] OU
|rated|
|rule|HP Percentage Mod: HP is shown in percentages
|rule|Endless Battle Clause: Forcing endless battles is banned
|rule|Species Clause: Limit one of each Pokémon
|rule|OHKO Clause: OHKO moves are banned
|rule|Evasion Items Clause: Evasion items are banned
|rule|Evasion Moves Clause: Evasion moves are banned
|rule|Evasion Abilities Clause: Evasion abilities are banned
|rule|Sleep Moves Clause: Sleep-inducing moves are banned
|clearpoke
|poke|p1|Iron Treads|
|poke|p1|Ceruledge, M|
|poke|p1|Blaziken, M|
|poke|p1|Scizor, M|
|poke|p1|Ting-Lu|
|poke|p1|Donphan, M|
|poke|p2|Walking Wake|
|poke|p2|Torkoal, M|
|poke|p2|Cinderace, F|
|poke|p2|Great Tusk|
|poke|p2|Hatterene, F|
|poke|p2|Typhlosion-Hisui, F|
|teampreview
|inactive|Battle timer is ON: inactive players will automatically lose when time's up. (requested by GamingGhostLord)
|inactive|Brother Bilo has 120 seconds left.
|
|t:|1757823409
|teamsize|p1|6
|teamsize|p2|6
|start
|switch|p1a: Blaziken|Blaziken, M|100/100
|switch|p2a: Walking Wake|Walking Wake|100/100
|turn|1
|
|t:|1757823419
|switch|p1a: Scizor|Scizor, M|100/100
|move|p2a: Walking Wake|Hydro Steam|p1a: Scizor
|-damage|p1a: Scizor|24/100
|
|upkeep
|turn|2
|
|t:|1757823426
|move|p1a: Scizor|Bullet Punch|p2a: Walking Wake
|-resisted|p2a: Walking Wake
|-damage|p2a: Walking Wake|83/100
|move|p2a: Walking Wake|Hydro Steam|p1a: Scizor
|-damage|p1a: Scizor|0 fnt
|faint|p1a: Scizor
|
|upkeep
|
|t:|1757823443
|switch|p1a: Blaziken|Blaziken, M|100/100
|turn|3
|
|t:|1757823448
|-end|p2a: Walking Wake|Protosynthesis|[silent]
|switch|p2a: Torkoal|Torkoal, M|100/100
|-weather|SunnyDay|[from] ability: Drought|[of] p2a: Torkoal
|move|p1a: Blaziken|Focus Energy|p1a: Blaziken
|-start|p1a: Blaziken|move: Focus Energy
|
|-weather|SunnyDay|[upkeep]
|-ability|p1a: Blaziken|Speed Boost|boost
|-boost|p1a: Blaziken|spe|1
|upkeep
|turn|4
|
|t:|1757823460
|move|p1a: Blaziken|Close Combat|p2a: Torkoal
|-crit|p2a: Torkoal
|-damage|p2a: Torkoal|47/100
|-unboost|p1a: Blaziken|def|1
|-unboost|p1a: Blaziken|spd|1
|move|p2a: Torkoal|Stealth Rock|p1a: Blaziken
|-sidestart|p1: GamingGhostLord|move: Stealth Rock
|
|-weather|SunnyDay|[upkeep]
|-ability|p1a: Blaziken|Speed Boost|boost
|-boost|p1a: Blaziken|spe|1
|upkeep
|turn|5
|
|t:|1757823471
|move|p1a: Blaziken|Focus Energy||[still]
|-fail|p1a: Blaziken
|move|p2a: Torkoal|Body Press|p1a: Blaziken
|-damage|p1a: Blaziken|22/100
|
|-weather|SunnyDay|[upkeep]
|-ability|p1a: Blaziken|Speed Boost|boost
|-boost|p1a: Blaziken|spe|1
|upkeep
|turn|6
|
|t:|1757823480
|switch|p2a: Hatterene|Hatterene, F|100/100
|move|p1a: Blaziken|Close Combat|p2a: Hatterene
|-resisted|p2a: Hatterene
|-crit|p2a: Hatterene
|-damage|p2a: Hatterene|75/100
|-unboost|p1a: Blaziken|def|1
|-unboost|p1a: Blaziken|spd|1
|
|-weather|SunnyDay|[upkeep]
|-ability|p1a: Blaziken|Speed Boost|boost
|-boost|p1a: Blaziken|spe|1
|upkeep
|turn|7
|
|t:|1757823493
|move|p1a: Blaziken|Overheat|p2a: Hatterene
|-crit|p2a: Hatterene
|-damage|p2a: Hatterene|14/100
|-unboost|p1a: Blaziken|spa|2
|move|p2a: Hatterene|Psychic Noise|p1a: Blaziken
|-supereffective|p1a: Blaziken
|-damage|p1a: Blaziken|0 fnt
|faint|p1a: Blaziken
|
|-weather|SunnyDay|[upkeep]
|upkeep
|
|t:|1757823497
|switch|p1a: Ceruledge|Ceruledge, M|100/100
|-damage|p1a: Ceruledge|76/100|[from] Stealth Rock
|turn|8
|
|t:|1757823513
|move|p1a: Ceruledge|Bitter Blade|p2a: Hatterene
|-damage|p2a: Hatterene|0 fnt
|-heal|p1a: Ceruledge|83/100|[from] drain|[of] p2a: Hatterene
|faint|p2a: Hatterene
|
|-weather|SunnyDay|[upkeep]
|upkeep
|
|t:|1757823521
|switch|p2a: Walking Wake|Walking Wake|83/100
|-activate|p2a: Walking Wake|ability: Protosynthesis
|-start|p2a: Walking Wake|protosynthesisspe
|turn|9
|
|t:|1757823527
|move|p1a: Ceruledge|Shadow Sneak|p2a: Walking Wake
|-damage|p2a: Walking Wake|61/100
|move|p2a: Walking Wake|Hydro Steam|p1a: Ceruledge
|-supereffective|p1a: Ceruledge
|-damage|p1a: Ceruledge|0 fnt
|faint|p1a: Ceruledge
|
|-weather|SunnyDay|[upkeep]
|upkeep
|
|t:|1757823529
|switch|p1a: Donphan|Donphan, M|100/100
|turn|10
|
|t:|1757823538
|move|p2a: Walking Wake|Hydro Steam|p1a: Donphan
|-supereffective|p1a: Donphan
|-ability|p1a: Donphan|Sturdy
|-damage|p1a: Donphan|1/100
|move|p1a: Donphan|Endeavor|p2a: Walking Wake
|-damage|p2a: Walking Wake|1/100
|
|-weather|none
|-end|p2a: Walking Wake|Protosynthesis
|upkeep
|turn|11
|
|t:|1757823549
|-end|p2a: Walking Wake|Protosynthesis|[silent]
|switch|p2a: Torkoal|Torkoal, M|47/100
|-weather|SunnyDay|[from] ability: Drought|[of] p2a: Torkoal
|move|p1a: Donphan|Ice Shard|p2a: Torkoal
|-resisted|p2a: Torkoal
|-damage|p2a: Torkoal|44/100
|
|-weather|SunnyDay|[upkeep]
|upkeep
|turn|12
|
|t:|1757823569
|move|p1a: Donphan|Rapid Spin|p2a: Torkoal
|-damage|p2a: Torkoal|36/100
|-boost|p1a: Donphan|spe|1
|-sideend|p1: GamingGhostLord|Stealth Rock|[from] move: Rapid Spin|[of] p1a: Donphan
|move|p2a: Torkoal|Weather Ball|p1a: Donphan
|-damage|p1a: Donphan|0 fnt
|faint|p1a: Donphan
|
|-weather|SunnyDay|[upkeep]
|upkeep
|
|t:|1757823573
|switch|p1a: Iron Treads|Iron Treads|100/100
|-enditem|p1a: Iron Treads|Booster Energy
|-activate|p1a: Iron Treads|ability: Quark Drive|[fromitem]
|-start|p1a: Iron Treads|quarkdrivespe
|turn|13
|
|t:|1757823585
|switch|p2a: Great Tusk|Great Tusk|100/100
|-activate|p2a: Great Tusk|ability: Protosynthesis
|-start|p2a: Great Tusk|protosynthesisdef
|move|p1a: Iron Treads|Earthquake|p2a: Great Tusk
|-damage|p2a: Great Tusk|81/100
|
|-weather|SunnyDay|[upkeep]
|upkeep
|turn|14
|
|t:|1757823596
|-terastallize|p1a: Iron Treads|Grass
|move|p1a: Iron Treads|Body Press|p2a: Great Tusk
|-damage|p2a: Great Tusk|73/100
|move|p2a: Great Tusk|Close Combat|p1a: Iron Treads
|-damage|p1a: Iron Treads|48/100
|-unboost|p2a: Great Tusk|def|1
|-unboost|p2a: Great Tusk|spd|1
|
|-weather|SunnyDay|[upkeep]
|upkeep
|turn|15
|
|t:|1757823608
|move|p1a: Iron Treads|Body Press|p2a: Great Tusk
|-damage|p2a: Great Tusk|61/100
|move|p2a: Great Tusk|Ice Spinner|p1a: Iron Treads
|-supereffective|p1a: Iron Treads
|-damage|p1a: Iron Treads|4/100
|
|-weather|SunnyDay|[upkeep]
|upkeep
|turn|16
|
|t:|1757823616
|move|p1a: Iron Treads|Body Press|p2a: Great Tusk
|-damage|p2a: Great Tusk|48/100
|move|p2a: Great Tusk|Ice Spinner|p1a: Iron Treads
|-supereffective|p1a: Iron Treads
|-damage|p1a: Iron Treads|0 fnt
|faint|p1a: Iron Treads
|-end|p1a: Iron Treads|Quark Drive|[silent]
|
|-weather|SunnyDay|[upkeep]
|upkeep
|l|☆GamingGhostLord
|inactive|GamingGhostLord disconnected and has a minute to reconnect!
|player|p1|
|inactive|GamingGhostLord has 30 seconds to reconnect!
|inactive|GamingGhostLord has 20 seconds to reconnect!
|inactive|GamingGhostLord has 15 seconds to reconnect!
|inactive|GamingGhostLord has 10 seconds to reconnect!
|inactive|GamingGhostLord has 5 seconds to reconnect!
|-message|GamingGhostLord lost due to inactivity.
|
|win|Brother Bilo
|raw|GamingGhostLord's rating: 1224 &rarr; <strong>1204</strong><br />(-20 for losing)
|raw|Brother Bilo's rating: 1290 &rarr; <strong>1310</strong><br />(+20 for winning)
|l|☆Brother Bilo
|player|p2|
