|j|☆vegancrosfit
|j|☆Dylan1234
|t:|1757940761
|gametype|singles
|player|p1|vegancrosfit|cyclist-gen4|1654
|player|p2|Dylan1234|hiker|1566
|gen|9
|tier|[Gen 9] OU
|rated|
|rule|HP Percentage Mod: HP is shown in percentages
|rule|Endless Battle Clause: Forcing endless battles is banned
|rule|Species Clause: Limit one of each Pokémon
|rule|OHKO Clause: OHKO moves are banned
|rule|Evasion Items Clause: Evasion items are banned
|rule|Evasion Moves Clause: Evasion moves are banned
|rule|Evasion Abilities Clause: Evasion abilities are banned
|rule|Sleep Moves Clause: Sleep-inducing moves are banned
|clearpoke
|poke|p1|Pelipper, F|
|poke|p1|Raging Bolt|
|poke|p1|Hatterene, F|
|poke|p1|Barraskewda, F|
|poke|p1|Great Tusk|
|poke|p1|Tornadus-Therian, M|
|poke|p2|Hatterene, F|
|poke|p2|Great Tusk|
|poke|p2|Ceruledge, F|
|poke|p2|Ting-Lu|
|poke|p2|Dragonite, M|
|poke|p2|Kyurem|
|teampreview
|inactive|Battle timer is ON: inactive players will automatically lose when time's up. (requested by Dylan1234)
|inactive|vegancrosfit has 120 seconds left.
|
|t:|1757940795
|teamsize|p1|6
|teamsize|p2|6
|start
|switch|p1a: Pelipper|Pelipper, F|100/100
|switch|p2a: Kyurem|Kyurem|100/100
|-ability|p2a: Kyurem|Pressure
|-weather|RainDance|[from] ability: Drizzle|[of] p1a: Pelipper
|turn|1
|
|t:|1757940801
|switch|p1a: Hatterene|Hatterene, F|100/100
|move|p2a: Kyurem|Freeze-Dry|p1a: Hatterene
|-damage|p1a: Hatterene|38/100
|
|-weather|RainDance|[upkeep]
|-heal|p1a: Hatterene|44/100|[from] item: Leftovers
|upkeep
|turn|2
|
|t:|1757940811
|move|p2a: Kyurem|Freeze-Dry|p1a: Hatterene
|-damage|p1a: Hatterene|0 fnt
|faint|p1a: Hatterene
|
|-weather|RainDance|[upkeep]
|upkeep
|
|t:|1757940814
|switch|p1a: Barraskewda|Barraskewda, F|100/100
|turn|3
|
|t:|1757940830
|switch|p2a: Ceruledge|Ceruledge, F|100/100
|-terastallize|p1a: Barraskewda|Water
|move|p1a: Barraskewda|Flip Turn|p2a: Ceruledge
|-supereffective|p2a: Ceruledge
|-crit|p2a: Ceruledge
|-enditem|p2a: Ceruledge|Focus Sash
|-damage|p2a: Ceruledge|1/100
|-ability|p2a: Ceruledge|Weak Armor|boost
|-unboost|p2a: Ceruledge|def|1
|-boost|p2a: Ceruledge|spe|2
|
|t:|1757940846
|switch|p1a: Tornadus|Tornadus-Therian, M|100/100|[from] Flip Turn
|
|-weather|RainDance|[upkeep]
|upkeep
|turn|4
|
|t:|1757940857
|move|p2a: Ceruledge|Shadow Sneak|p1a: Tornadus
|-damage|p1a: Tornadus|76/100
|move|p1a: Tornadus|Weather Ball|p2a: Ceruledge
|-supereffective|p2a: Ceruledge
|-damage|p2a: Ceruledge|0 fnt
|faint|p2a: Ceruledge
|
|-weather|RainDance|[upkeep]
|upkeep
|
|t:|1757940864
|switch|p2a: Hatterene|Hatterene, F|100/100
|turn|5
|
|t:|1757940869
|move|p1a: Tornadus|U-turn|p2a: Hatterene
|-damage|p2a: Hatterene|88/100
|
|t:|1757940881
|switch|p1a: Raging Bolt|Raging Bolt|100/100|[from] U-turn
|move|p2a: Hatterene|Nuzzle|p1a: Raging Bolt
|-resisted|p1a: Raging Bolt
|-damage|p1a: Raging Bolt|99/100
|
|-weather|RainDance|[upkeep]
|upkeep
|turn|6
|
|t:|1757940892
|move|p1a: Raging Bolt|Weather Ball|p2a: Hatterene
|-damage|p2a: Hatterene|32/100
|move|p2a: Hatterene|Draining Kiss|p1a: Raging Bolt
|-supereffective|p1a: Raging Bolt
|-damage|p1a: Raging Bolt|54/100
|-heal|p2a: Hatterene|74/100|[from] drain|[of] p1a: Raging Bolt
|
|-weather|RainDance|[upkeep]
|upkeep
|turn|7
|
|t:|1757940903
|-end|p1a: Raging Bolt|Protosynthesis|[silent]
|switch|p1a: Tornadus|Tornadus-Therian, M|100/100
|move|p2a: Hatterene|Draining Kiss|p1a: Tornadus
|-damage|p1a: Tornadus|88/100
|-heal|p2a: Hatterene|85/100|[from] drain|[of] p1a: Tornadus
|
|-weather|RainDance|[upkeep]
|upkeep
|turn|8
|
|t:|1757940911
|move|p1a: Tornadus|U-turn|p2a: Hatterene
|-damage|p2a: Hatterene|71/100
|
|t:|1757940913
|switch|p1a: Raging Bolt|Raging Bolt|54/100|[from] U-turn
|move|p2a: Hatterene|Nuzzle|p1a: Raging Bolt
|-resisted|p1a: Raging Bolt
|-damage|p1a: Raging Bolt|53/100
|
|-weather|none
|upkeep
|turn|9
|
|t:|1757940918
|move|p1a: Raging Bolt|Volt Switch|p2a: Hatterene
|-damage|p2a: Hatterene|32/100
|
|t:|1757940921
|-end|p1a: Raging Bolt|Protosynthesis|[silent]
|switch|p1a: Pelipper|Pelipper, F|100/100|[from] Volt Switch
|-weather|RainDance|[from] ability: Drizzle|[of] p1a: Pelipper
|move|p2a: Hatterene|Draining Kiss|p1a: Pelipper
|-damage|p1a: Pelipper|63/100
|-heal|p2a: Hatterene|61/100|[from] drain|[of] p1a: Pelipper
|
|-weather|RainDance|[upkeep]
|upkeep
|turn|10
|
|t:|1757940926
|move|p1a: Pelipper|U-turn|p2a: Hatterene
|-damage|p2a: Hatterene|51/100
|
|t:|1757940929
|switch|p1a: Tornadus|Tornadus-Therian, M|100/100|[from] U-turn
|move|p2a: Hatterene|Psychic Noise|p1a: Tornadus
|-damage|p1a: Tornadus|82/100
|-start|p1a: Tornadus|move: Heal Block
|
|-weather|RainDance|[upkeep]
|upkeep
|turn|11
|
|t:|1757940938
|move|p1a: Tornadus|Hurricane|p2a: Hatterene
|-damage|p2a: Hatterene|22/100
|-start|p2a: Hatterene|confusion
|-activate|p2a: Hatterene|confusion
|move|p2a: Hatterene|Nuzzle|p1a: Tornadus
|-supereffective|p1a: Tornadus
|-damage|p1a: Tornadus|73/100
|-status|p1a: Tornadus|par
|
|-weather|RainDance|[upkeep]
|-end|p1a: Tornadus|move: Heal Block
|upkeep
|turn|12
|
|t:|1757940950
|move|p1a: Tornadus|U-turn|p2a: Hatterene
|-damage|p2a: Hatterene|8/100
|
|t:|1757940956
|switch|p1a: Raging Bolt|Raging Bolt|53/100|[from] U-turn
|-activate|p2a: Hatterene|confusion
|-damage|p2a: Hatterene|0 fnt|[from] confusion
|faint|p2a: Hatterene
|
|-weather|RainDance|[upkeep]
|upkeep
|
|t:|1757940966
|switch|p2a: Kyurem|Kyurem|100/100
|-ability|p2a: Kyurem|Pressure
|turn|13
|
|t:|1757940981
|-end|p1a: Raging Bolt|Protosynthesis|[silent]
|switch|p1a: Tornadus|Tornadus-Therian, M|100/100 par
|move|p2a: Kyurem|Freeze-Dry|p1a: Tornadus
|-supereffective|p1a: Tornadus
|-damage|p1a: Tornadus|46/100 par
|
|-weather|RainDance|[upkeep]
|upkeep
|turn|14
|
|t:|1757940988
|move|p2a: Kyurem|Freeze-Dry|p1a: Tornadus
|-supereffective|p1a: Tornadus
|-damage|p1a: Tornadus|0 fnt
|faint|p1a: Tornadus
|
|-weather|RainDance|[upkeep]
|upkeep
|
|t:|1757940991
|switch|p1a: Barraskewda|Barraskewda, F, tera:Water|100/100
|turn|15
|
|t:|1757941000
|switch|p2a: Great Tusk|Great Tusk|100/100
|move|p1a: Barraskewda|Close Combat|p2a: Great Tusk
|-damage|p2a: Great Tusk|65/100
|-unboost|p1a: Barraskewda|def|1
|-unboost|p1a: Barraskewda|spd|1
|
|-weather|RainDance|[upkeep]
|-heal|p2a: Great Tusk|71/100|[from] item: Leftovers
|upkeep
|turn|16
|
|t:|1757941012
|switch|p1a: Great Tusk|Great Tusk|100/100
|move|p2a: Great Tusk|Knock Off|p1a: Great Tusk
|-resisted|p1a: Great Tusk
|-damage|p1a: Great Tusk|94/100
|-enditem|p1a: Great Tusk|Leftovers|[from] move: Knock Off|[of] p2a: Great Tusk
|
|-weather|none
|-heal|p2a: Great Tusk|77/100|[from] item: Leftovers
|upkeep
|turn|17
|
|t:|1757941020
|move|p2a: Great Tusk|Ice Spinner|p1a: Great Tusk
|-supereffective|p1a: Great Tusk
|-damage|p1a: Great Tusk|71/100
|move|p1a: Great Tusk|Knock Off|p2a: Great Tusk
|-resisted|p2a: Great Tusk
|-damage|p2a: Great Tusk|70/100
|-enditem|p2a: Great Tusk|Leftovers|[from] move: Knock Off|[of] p1a: Great Tusk
|
|upkeep
|turn|18
|
|t:|1757941029
|-end|p2a: Great Tusk|Protosynthesis|[silent]
|switch|p2a: Ting-Lu|Ting-Lu|100/100
|-ability|p2a: Ting-Lu|Vessel of Ruin
|move|p1a: Great Tusk|Bulk Up|p1a: Great Tusk
|-boost|p1a: Great Tusk|atk|1
|-boost|p1a: Great Tusk|def|1
|
|upkeep
|turn|19
|
|t:|1757941036
|move|p1a: Great Tusk|Knock Off|p2a: Ting-Lu
|-resisted|p2a: Ting-Lu
|-damage|p2a: Ting-Lu|89/100
|-enditem|p2a: Ting-Lu|Leftovers|[from] move: Knock Off|[of] p1a: Great Tusk
|move|p2a: Ting-Lu|Stealth Rock|p1a: Great Tusk
|-sidestart|p1: vegancrosfit|move: Stealth Rock
|
|upkeep
|turn|20
|
|t:|1757941041
|move|p1a: Great Tusk|Rapid Spin|p2a: Ting-Lu
|-damage|p2a: Ting-Lu|78/100
|-boost|p1a: Great Tusk|spe|1
|-sideend|p1: vegancrosfit|Stealth Rock|[from] move: Rapid Spin|[of] p1a: Great Tusk
|move|p2a: Ting-Lu|Whirlwind|p1a: Great Tusk
|-end|p1a: Great Tusk|Protosynthesis|[silent]
|drag|p1a: Raging Bolt|Raging Bolt|53/100
|
|upkeep
|turn|21
|
|t:|1757941048
|move|p1a: Raging Bolt|Draco Meteor|p2a: Ting-Lu
|-damage|p2a: Ting-Lu|31/100
|-unboost|p1a: Raging Bolt|spa|2
|move|p2a: Ting-Lu|Stealth Rock|p1a: Raging Bolt
|-sidestart|p1: vegancrosfit|move: Stealth Rock
|
|upkeep
|turn|22
|
|t:|1757941055
|-end|p1a: Raging Bolt|Protosynthesis|[silent]
|switch|p1a: Great Tusk|Great Tusk|71/100
|-damage|p1a: Great Tusk|68/100|[from] Stealth Rock
|switch|p2a: Kyurem|Kyurem|100/100
|-ability|p2a: Kyurem|Pressure
|
|upkeep
|turn|23
|
|t:|1757941061
|move|p2a: Kyurem|Freeze-Dry|p1a: Great Tusk
|-supereffective|p1a: Great Tusk
|-damage|p1a: Great Tusk|0 fnt
|faint|p1a: Great Tusk
|-end|p1a: Great Tusk|Protosynthesis|[silent]
|
|upkeep
|
|t:|1757941064
|switch|p1a: Barraskewda|Barraskewda, F, tera:Water|100/100
|-damage|p1a: Barraskewda|88/100|[from] Stealth Rock
|turn|24
|
|t:|1757941069
|switch|p2a: Great Tusk|Great Tusk|70/100
|move|p1a: Barraskewda|Flip Turn|p2a: Great Tusk
|-supereffective|p2a: Great Tusk
|-damage|p2a: Great Tusk|0 fnt
|faint|p2a: Great Tusk
|-end|p2a: Great Tusk|Protosynthesis|[silent]
|
|t:|1757941077
|switch|p1a: Pelipper|Pelipper, F|63/100|[from] Flip Turn
|-damage|p1a: Pelipper|39/100|[from] Stealth Rock
|-weather|RainDance|[from] ability: Drizzle|[of] p1a: Pelipper
|
|-weather|RainDance|[upkeep]
|upkeep
|
|t:|1757941084
|switch|p2a: Kyurem|Kyurem|100/100
|-ability|p2a: Kyurem|Pressure
|turn|25
|
|t:|1757941088
|move|p2a: Kyurem|Freeze-Dry|p1a: Pelipper
|-supereffective|p1a: Pelipper
|-damage|p1a: Pelipper|0 fnt
|faint|p1a: Pelipper
|
|-weather|RainDance|[upkeep]
|upkeep
|
|t:|1757941090
|switch|p1a: Barraskewda|Barraskewda, F, tera:Water|88/100
|-damage|p1a: Barraskewda|76/100|[from] Stealth Rock
|turn|26
|
|t:|1757941093
|switch|p2a: Ting-Lu|Ting-Lu|31/100
|-ability|p2a: Ting-Lu|Vessel of Ruin
|move|p1a: Barraskewda|Liquidation|p2a: Ting-Lu
|-supereffective|p2a: Ting-Lu
|-damage|p2a: Ting-Lu|0 fnt
|faint|p2a: Ting-Lu
|
|-weather|RainDance|[upkeep]
|upkeep
|
|t:|1757941100
|switch|p2a: Kyurem|Kyurem|100/100
|-ability|p2a: Kyurem|Pressure
|turn|27
|
|t:|1757941104
|move|p1a: Barraskewda|Liquidation|p2a: Kyurem
|-resisted|p2a: Kyurem
|-damage|p2a: Kyurem|32/100
|move|p2a: Kyurem|Freeze-Dry|p1a: Barraskewda
|-supereffective|p1a: Barraskewda
|-damage|p1a: Barraskewda|0 fnt
|faint|p1a: Barraskewda
|
|-weather|RainDance|[upkeep]
|upkeep
|
|t:|1757941110
|switch|p1a: Raging Bolt|Raging Bolt|53/100
|-damage|p1a: Raging Bolt|41/100|[from] Stealth Rock
|turn|28
|
|t:|1757941114
|move|p2a: Kyurem|Freeze-Dry|p1a: Raging Bolt
|-supereffective|p1a: Raging Bolt
|-damage|p1a: Raging Bolt|0 fnt
|faint|p1a: Raging Bolt
|-end|p1a: Raging Bolt|Protosynthesis|[silent]
|
|win|Dylan1234
|raw|vegancrosfit's rating: 1654 &rarr; <strong>1629</strong><br />(-25 for losing)
|raw|Dylan1234's rating: 1566 &rarr; <strong>1591</strong><br />(+25 for winning)
|l|☆vegancrosfit
|player|p1|
