|j|‽Alex321525031
|j|☆RyceburnJR2
|t:|1757815736
|gametype|singles
|player|p1|Alex321525031|cynthia|1120
|player|p2|RyceburnJR2|red|1128
|gen|9
|tier|[Gen 9] OU
|rated|
|rule|HP Percentage Mod: HP is shown in percentages
|rule|Endless Battle Clause: Forcing endless battles is banned
|rule|Species Clause: Limit one of each Pokémon
|rule|OHKO Clause: OHKO moves are banned
|rule|Evasion Items Clause: Evasion items are banned
|rule|Evasion Moves Clause: Evasion moves are banned
|rule|Evasion Abilities Clause: Evasion abilities are banned
|rule|Sleep Moves Clause: Sleep-inducing moves are banned
|clearpoke
|poke|p1|Garchomp, M|
|poke|p1|Meowscarada, M|
|poke|p1|Metagross|
|poke|p1|Barraskewda, M|
|poke|p1|Gengar, F|
|poke|p1|Galvantula, M|
|poke|p2|Skeledirge, M|
|poke|p2|Pawmot, F|
|poke|p2|Kingambit, M|
|poke|p2|Tinkaton, F|
|poke|p2|Garchomp, M|
|poke|p2|Dondozo, M|
|teampreview
|
|t:|1757815748
|teamsize|p1|6
|teamsize|p2|6
|start
|switch|p1a: Galvantula|Galvantula, M|100/100
|switch|p2a: Tinkaton|Tinkaton, F|100/100
|-ability|p2a: Tinkaton|Mold Breaker
|turn|1
|
|t:|1757815756
|move|p1a: Galvantula|Sticky Web|p2a: Tinkaton
|-sidestart|p2: RyceburnJR2|move: Sticky Web
|move|p2a: Tinkaton|Gigaton Hammer|p1a: Galvantula
|-resisted|p1a: Galvantula
|-damage|p1a: Galvantula|42/100
|
|upkeep
|turn|2
|
|t:|1757815763
|move|p1a: Galvantula|Thunder Wave|p2a: Tinkaton
|-status|p2a: Tinkaton|par
|move|p2a: Tinkaton|Play Rough|p1a: Galvantula
|-damage|p1a: Galvantula|0 fnt
|faint|p1a: Galvantula
|
|upkeep
|
|t:|1757815771
|switch|p1a: Gengar|Gengar, F|100/100
|turn|3
|
|t:|1757815775
|move|p1a: Gengar|Hex|p2a: Tinkaton
|-damage|p2a: Tinkaton|29/100 par
|cant|p2a: Tinkaton|par
|
|-heal|p2a: Tinkaton|35/100 par|[from] item: Leftovers
|upkeep
|turn|4
|
|t:|1757815783
|move|p1a: Gengar|Shadow Ball|p2a: Tinkaton
|-damage|p2a: Tinkaton|0 fnt
|faint|p2a: Tinkaton
|
|upkeep
|
|t:|1757815787
|switch|p2a: Kingambit|Kingambit, M|100/100
|-activate|p2a: Kingambit|move: Sticky Web
|-unboost|p2a: Kingambit|spe|1
|-ability|p2a: Kingambit|Defiant|boost
|-boost|p2a: Kingambit|atk|2
|turn|5
|
|t:|1757815793
|move|p2a: Kingambit|Sucker Punch||[still]
|-fail|p2a: Kingambit
|move|p1a: Gengar|Thunder Wave|p2a: Kingambit
|-status|p2a: Kingambit|par
|
|upkeep
|turn|6
|
|t:|1757815799
|move|p1a: Gengar|Dazzling Gleam|p2a: Kingambit
|-damage|p2a: Kingambit|74/100 par
|move|p2a: Kingambit|Kowtow Cleave|p1a: Gengar
|-supereffective|p1a: Gengar
|-enditem|p1a: Gengar|Focus Sash
|-damage|p1a: Gengar|1/100
|-start|p2a: Kingambit|Disable|Kowtow Cleave|[from] ability: Cursed Body|[of] p1a: Gengar
|
|-heal|p2a: Kingambit|80/100 par|[from] item: Leftovers
|upkeep
|turn|7
|
|t:|1757815817
|move|p2a: Kingambit|Sucker Punch||[still]
|-fail|p2a: Kingambit
|move|p1a: Gengar|Thunder Wave|p2a: Kingambit
|-fail|p2a: Kingambit|par
|
|-heal|p2a: Kingambit|87/100 par|[from] item: Leftovers
|upkeep
|turn|8
|
|t:|1757815825
|move|p1a: Gengar|Thunder Wave|p2a: Kingambit
|-fail|p2a: Kingambit|par
|move|p2a: Kingambit|Iron Head|p1a: Gengar
|-damage|p1a: Gengar|0 fnt
|faint|p1a: Gengar
|
|-heal|p2a: Kingambit|93/100 par|[from] item: Leftovers
|upkeep
|
|t:|1757815830
|switch|p1a: Meowscarada|Meowscarada, M|100/100
|turn|9
|
|t:|1757815843
|move|p1a: Meowscarada|Play Rough|p2a: Kingambit
|-start|p1a: Meowscarada|typechange|Fairy|[from] ability: Protean
|-damage|p2a: Kingambit|61/100 par
|move|p2a: Kingambit|Iron Head|p1a: Meowscarada
|-supereffective|p1a: Meowscarada
|-damage|p1a: Meowscarada|0 fnt
|faint|p1a: Meowscarada
|
|-heal|p2a: Kingambit|68/100 par|[from] item: Leftovers
|-end|p2a: Kingambit|Disable
|upkeep
|
|t:|1757815853
|switch|p1a: Garchomp|Garchomp, M, shiny|100/100
|turn|10
|
|t:|1757815857
|move|p1a: Garchomp|Earthquake|p2a: Kingambit
|-supereffective|p2a: Kingambit
|-damage|p2a: Kingambit|0 fnt
|faint|p2a: Kingambit
|
|upkeep
|
|t:|1757815860
|switch|p2a: Pawmot|Pawmot, F|100/100
|-activate|p2a: Pawmot|move: Sticky Web
|-unboost|p2a: Pawmot|spe|1
|turn|11
|
|t:|1757815867
|move|p1a: Garchomp|Earthquake|p2a: Pawmot
|-supereffective|p2a: Pawmot
|-enditem|p2a: Pawmot|Focus Sash
|-damage|p2a: Pawmot|1/100
|move|p2a: Pawmot|Ice Punch|p1a: Garchomp
|-supereffective|p1a: Garchomp
|-damage|p1a: Garchomp|12/100
|-damage|p2a: Pawmot|0 fnt|[from] ability: Rough Skin|[of] p1a: Garchomp
|faint|p2a: Pawmot
|
|upkeep
|
|t:|1757815877
|switch|p2a: Garchomp|Garchomp, M|100/100
|-activate|p2a: Garchomp|move: Sticky Web
|-unboost|p2a: Garchomp|spe|1
|turn|12
|
|t:|1757815882
|move|p1a: Garchomp|Dragon Claw|p2a: Garchomp
|-supereffective|p2a: Garchomp
|-damage|p2a: Garchomp|24/100
|-damage|p1a: Garchomp|0 fnt|[from] ability: Rough Skin|[of] p2a: Garchomp
|faint|p1a: Garchomp
|move|p2a: Garchomp|Dragon Claw|p1: Garchomp|[notarget]
|-fail|p2a: Garchomp
|
|upkeep
|
|t:|1757815888
|switch|p1a: Barraskewda|Barraskewda, M|100/100
|turn|13
|
|t:|1757815912
|move|p1a: Barraskewda|Drill Run|p2a: Garchomp
|-damage|p2a: Garchomp|0 fnt
|-damage|p1a: Barraskewda|88/100|[from] ability: Rough Skin|[of] p2a: Garchomp
|-damage|p1a: Barraskewda|72/100|[from] item: Rocky Helmet|[of] p2a: Garchomp
|faint|p2a: Garchomp
|
|upkeep
|
|t:|1757815915
|switch|p2a: The biggest|Dondozo, M, shiny|100/100
|-activate|p2a: The biggest|move: Sticky Web
|-unboost|p2a: The biggest|spe|1
|turn|14
|
|t:|1757815925
|move|p1a: Barraskewda|Drill Run|p2a: The biggest
|-damage|p2a: The biggest|88/100
|move|p2a: The biggest|Curse|p2a: The biggest
|-unboost|p2a: The biggest|spe|1
|-boost|p2a: The biggest|atk|1
|-boost|p2a: The biggest|def|1
|
|-heal|p2a: The biggest|94/100|[from] item: Leftovers
|upkeep
|turn|15
|
|t:|1757815932
|move|p1a: Barraskewda|Throat Chop|p2a: The biggest
|-damage|p2a: The biggest|85/100
|-start|p2a: The biggest|Throat Chop|[silent]
|move|p2a: The biggest|Curse|p2a: The biggest
|-unboost|p2a: The biggest|spe|1
|-boost|p2a: The biggest|atk|1
|-boost|p2a: The biggest|def|1
|
|-heal|p2a: The biggest|91/100|[from] item: Leftovers
|upkeep
|turn|16
|-message|Alex321525031 forfeited.
|
|win|RyceburnJR2
|raw|Alex321525031's rating: 1120 &rarr; <strong>1096</strong><br />(-24 for losing)
|raw|RyceburnJR2's rating: 1128 &rarr; <strong>1152</strong><br />(+24 for winning)
|l|‽Alex321525031
|player|p1|
