|j|☆Dominator296
|j|☆imprisonpaulgeorge
|t:|1757943460
|gametype|singles
|player|p1|Dominator296|steven|1529
|player|p2|imprisonpaulgeorge|170|1492
|gen|9
|tier|[Gen 9] OU
|rated|
|rule|HP Percentage Mod: HP is shown in percentages
|rule|Endless Battle Clause: Forcing endless battles is banned
|rule|Species Clause: Limit one of each Pokémon
|rule|OHKO Clause: OHKO moves are banned
|rule|Evasion Items Clause: Evasion items are banned
|rule|Evasion Moves Clause: Evasion moves are banned
|rule|Evasion Abilities Clause: Evasion abilities are banned
|rule|Sleep Moves Clause: Sleep-inducing moves are banned
|clearpoke
|poke|p1|Moltres|
|poke|p1|Iron Hands|
|poke|p1|Tyranitar, M|
|poke|p1|Cinderace, F|
|poke|p1|Raging Bolt|
|poke|p1|Kingambit, F|
|poke|p2|Heatran, M|
|poke|p2|Rillaboom, M|
|poke|p2|Ogerpon-Wellspring, F|
|poke|p2|Dragapult, M|
|poke|p2|Great Tusk|
|poke|p2|Bronzong|
|teampreview
|
|t:|1757943467
|teamsize|p1|6
|teamsize|p2|6
|start
|switch|p1a: Moltres|Moltres|100/100
|switch|p2a: Starscream|Dragapult, M|100/100
|turn|1
|
|t:|1757943471
|move|p2a: Starscream|Draco Meteor|p1a: Moltres
|-damage|p1a: Moltres|22/100
|-unboost|p2a: Starscream|spa|2
|move|p1a: Moltres|Hurricane|p2a: Starscream|[miss]
|-miss|p1a: Moltres|p2a: Starscream
|
|upkeep
|turn|2
|
|t:|1757943475
|move|p2a: Starscream|Draco Meteor|p1a: Moltres
|-damage|p1a: Moltres|0 fnt
|-unboost|p2a: Starscream|spa|2
|faint|p1a: Moltres
|
|upkeep
|
|t:|1757943485
|switch|p1a: Tyranitar|Tyranitar, M|100/100
|-weather|Sandstorm|[from] ability: Sand Stream|[of] p1a: Tyranitar
|turn|3
|
|t:|1757943491
|switch|p2a: Starlink|Bronzong, shiny|100/100
|move|p1a: Tyranitar|Dragon Dance|p1a: Tyranitar
|-boost|p1a: Tyranitar|atk|1
|-boost|p1a: Tyranitar|spe|1
|
|-weather|Sandstorm|[upkeep]
|upkeep
|turn|4
|inactive|Battle timer is ON: inactive players will automatically lose when time's up. (requested by imprisonpaulgeorge)
|
|t:|1757943503
|switch|p1a: Kingambit|Kingambit, F|100/100
|-activate|p1a: Kingambit|ability: Supreme Overlord
|-start|p1a: Kingambit|fallen1|[silent]
|-item|p1a: Kingambit|Air Balloon
|move|p2a: Starlink|Body Press|p1a: Kingambit
|-supereffective|p1a: Kingambit
|-damage|p1a: Kingambit|21/100
|-enditem|p1a: Kingambit|Air Balloon
|
|-weather|Sandstorm|[upkeep]
|upkeep
|turn|5
|
|t:|1757943516
|move|p1a: Kingambit|Sucker Punch|p2a: Starlink
|-supereffective|p2a: Starlink
|-enditem|p2a: Starlink|Colbur Berry|[eat]
|-enditem|p2a: Starlink|Colbur Berry|[weaken]
|-damage|p2a: Starlink|69/100
|move|p2a: Starlink|Body Press|p1a: Kingambit
|-supereffective|p1a: Kingambit
|-damage|p1a: Kingambit|0 fnt
|faint|p1a: Kingambit
|-end|p1a: Kingambit|fallen1|[silent]
|
|-weather|Sandstorm|[upkeep]
|upkeep
|
|t:|1757943526
|switch|p1a: Raging Bolt|Raging Bolt|100/100
|-enditem|p1a: Raging Bolt|Booster Energy
|-activate|p1a: Raging Bolt|ability: Protosynthesis|[fromitem]
|-start|p1a: Raging Bolt|protosynthesisspa
|turn|6
|
|t:|1757943532
|switch|p2a: Starblaze|Heatran, M|100/100
|move|p1a: Raging Bolt|Dragon Pulse|p2a: Starblaze
|-resisted|p2a: Starblaze
|-damage|p2a: Starblaze|79/100
|
|-weather|Sandstorm|[upkeep]
|-damage|p1a: Raging Bolt|94/100|[from] Sandstorm
|-heal|p2a: Starblaze|85/100|[from] item: Leftovers
|upkeep
|turn|7
|
|t:|1757943537
|move|p2a: Starblaze|Earth Power|p1a: Raging Bolt
|-supereffective|p1a: Raging Bolt
|-damage|p1a: Raging Bolt|51/100
|move|p1a: Raging Bolt|Thunderbolt|p2a: Starblaze
|-damage|p2a: Starblaze|42/100
|
|-weather|none
|-heal|p2a: Starblaze|48/100|[from] item: Leftovers
|upkeep
|turn|8
|
|t:|1757943546
|move|p2a: Starblaze|Earth Power|p1a: Raging Bolt
|-supereffective|p1a: Raging Bolt
|-damage|p1a: Raging Bolt|8/100
|move|p1a: Raging Bolt|Thunderbolt|p2a: Starblaze
|-damage|p2a: Starblaze|6/100
|
|-heal|p2a: Starblaze|12/100|[from] item: Leftovers
|upkeep
|turn|9
|
|t:|1757943551
|move|p1a: Raging Bolt|Thunderclap|p2a: Starblaze
|-damage|p2a: Starblaze|0 fnt
|faint|p2a: Starblaze
|
|upkeep
|
|t:|1757943553
|switch|p2a: Stardrum|Rillaboom, M|100/100
|-fieldstart|move: Grassy Terrain|[from] ability: Grassy Surge|[of] p2a: Stardrum
|turn|10
|
|t:|1757943559
|move|p2a: Stardrum|Grassy Glide|p1a: Raging Bolt
|-resisted|p1a: Raging Bolt
|-damage|p1a: Raging Bolt|0 fnt
|faint|p1a: Raging Bolt
|-end|p1a: Raging Bolt|Protosynthesis|[silent]
|
|upkeep
|
|t:|1757943580
|switch|p1a: Cinderace|Cinderace, F|100/100
|turn|11
|
|t:|1757943594
|move|p1a: Cinderace|Pyro Ball|p2a: Stardrum
|-supereffective|p2a: Stardrum
|-damage|p2a: Stardrum|0 fnt
|faint|p2a: Stardrum
|
|upkeep
|
|t:|1757943596
|switch|p2a: Starforce|Ogerpon-Wellspring, F|100/100
|turn|12
|
|t:|1757943621
|move|p1a: Cinderace|Pyro Ball|p2a: Starforce
|-damage|p2a: Starforce|0 fnt
|faint|p2a: Starforce
|
|upkeep
|
|t:|1757943631
|switch|p2a: Starscream|Dragapult, M|100/100
|turn|13
|
|t:|1757943636
|switch|p1a: Tyranitar|Tyranitar, M|100/100
|-weather|Sandstorm|[from] ability: Sand Stream|[of] p1a: Tyranitar
|move|p2a: Starscream|Draco Meteor|p1a: Tyranitar
|-damage|p1a: Tyranitar|43/100
|-unboost|p2a: Starscream|spa|2
|
|-weather|Sandstorm|[upkeep]
|-damage|p2a: Starscream|95/100|[from] Sandstorm
|-heal|p2a: Starscream|100/100|[from] Grassy Terrain
|-heal|p1a: Tyranitar|49/100|[from] Grassy Terrain
|upkeep
|turn|14
|
|t:|1757943643
|switch|p2a: Starlink|Bronzong, shiny|69/100
|move|p1a: Tyranitar|Ice Beam|p2a: Starlink
|-resisted|p2a: Starlink
|-damage|p2a: Starlink|59/100
|
|-weather|Sandstorm|[upkeep]
|-heal|p1a: Tyranitar|55/100|[from] Grassy Terrain
|upkeep
|turn|15
|
|t:|1757943648
|-terastallize|p1a: Tyranitar|Bug
|move|p1a: Tyranitar|Dragon Dance|p1a: Tyranitar
|-boost|p1a: Tyranitar|atk|1
|-boost|p1a: Tyranitar|spe|1
|move|p2a: Starlink|Body Press|p1a: Tyranitar
|-resisted|p1a: Tyranitar
|-damage|p1a: Tyranitar|46/100
|
|-weather|Sandstorm|[upkeep]
|-damage|p1a: Tyranitar|40/100|[from] Sandstorm
|-heal|p1a: Tyranitar|46/100|[from] Grassy Terrain
|upkeep
|turn|16
|
|t:|1757943656
|move|p1a: Tyranitar|Dragon Dance|p1a: Tyranitar
|-boost|p1a: Tyranitar|atk|1
|-boost|p1a: Tyranitar|spe|1
|move|p2a: Starlink|Psychic Noise|p1a: Tyranitar
|-damage|p1a: Tyranitar|25/100
|-start|p1a: Tyranitar|move: Heal Block
|
|-weather|Sandstorm|[upkeep]
|-damage|p1a: Tyranitar|19/100|[from] Sandstorm
|upkeep
|turn|17
|
|t:|1757943668
|move|p1a: Tyranitar|Rock Slide|p2a: Starlink
|-resisted|p2a: Starlink
|-damage|p2a: Starlink|36/100
|move|p2a: Starlink|Psychic Noise|p1a: Tyranitar
|-damage|p1a: Tyranitar|0 fnt
|faint|p1a: Tyranitar
|
|-weather|none
|-fieldend|move: Grassy Terrain
|upkeep
|
|t:|1757943681
|switch|p1a: Iron Hands|Iron Hands|100/100
|turn|18
|
|t:|1757943687
|move|p1a: Iron Hands|Substitute|p1a: Iron Hands
|-start|p1a: Iron Hands|Substitute
|-damage|p1a: Iron Hands|75/100
|move|p2a: Starlink|Psychic Noise|p1a: Iron Hands
|-supereffective|p1a: Iron Hands
|-damage|p1a: Iron Hands|39/100
|-start|p1a: Iron Hands|move: Heal Block
|
|upkeep
|turn|19
|
|t:|1757943703
|move|p1a: Iron Hands|Thunder Punch|p2a: Starlink
|-damage|p2a: Starlink|5/100
|-status|p2a: Starlink|par
|move|p2a: Starlink|Psychic Noise|p1a: Iron Hands
|-supereffective|p1a: Iron Hands
|-damage|p1a: Iron Hands|0 fnt
|faint|p1a: Iron Hands
|-end|p1a: Iron Hands|Quark Drive|[silent]
|
|upkeep
|
|t:|1757943707
|switch|p1a: Cinderace|Cinderace, F|100/100
|turn|20
|
|t:|1757943712
|move|p1a: Cinderace|Pyro Ball|p2a: Starlink
|-supereffective|p2a: Starlink
|-damage|p2a: Starlink|0 fnt
|faint|p2a: Starlink
|
|upkeep
|
|t:|1757943713
|switch|p2a: Starburst|Great Tusk|100/100
|turn|21
|
|t:|1757943715
|move|p1a: Cinderace|Pyro Ball|p2a: Starburst
|-damage|p2a: Starburst|41/100
|move|p2a: Starburst|Headlong Rush|p1a: Cinderace
|-supereffective|p1a: Cinderace
|-damage|p1a: Cinderace|0 fnt
|-unboost|p2a: Starburst|def|1
|-unboost|p2a: Starburst|spd|1
|faint|p1a: Cinderace
|
|win|imprisonpaulgeorge
|raw|Dominator296's rating: 1529 &rarr; <strong>1507</strong><br />(-22 for losing)
|raw|imprisonpaulgeorge's rating: 1492 &rarr; <strong>1514</strong><br />(+22 for winning)
|l|☆imprisonpaulgeorge
|player|p2|
|l|☆Dominator296
|player|p1|
