|j|☆tm100stealbeam
|j|☆KalebsShizz
|t:|1757870583
|gametype|singles
|player|p1|tm100stealbeam|265|1298
|player|p2|KalebsShizz|n|1277
|gen|9
|tier|[Gen 9] OU
|rated|
|rule|HP Percentage Mod: HP is shown in percentages
|rule|Endless Battle Clause: Forcing endless battles is banned
|rule|Species Clause: Limit one of each Pokémon
|rule|OHKO Clause: OHKO moves are banned
|rule|Evasion Items Clause: Evasion items are banned
|rule|Evasion Moves Clause: Evasion moves are banned
|rule|Evasion Abilities Clause: Evasion abilities are banned
|rule|Sleep Moves Clause: Sleep-inducing moves are banned
|clearpoke
|poke|p1|Landorus-Therian, M|
|poke|p1|Ogerpon-Wellspring, F|
|poke|p1|Raging Bolt|
|poke|p1|Moltres|
|poke|p1|Dragonite, M|
|poke|p1|Slowking-Galar, F|
|poke|p2|Primeape, M|
|poke|p2|Cinccino, F|
|poke|p2|Cramorant, M|
|poke|p2|Hoopa-Unbound|
|poke|p2|Masquerain, F|
|poke|p2|Jolteon, M|
|teampreview
|
|t:|1757870589
|teamsize|p1|6
|teamsize|p2|6
|start
|switch|p1a: Landorus|Landorus-Therian, M|100/100
|switch|p2a: Cramorant|Cramorant, M|100/100
|-ability|p1a: Landorus|Intimidate|boost
|-unboost|p2a: Cramorant|atk|1
|turn|1
|
|t:|1757870595
|switch|p1a: Slowking|Slowking-Galar, F|100/100
|move|p2a: Cramorant|Surf|p1a: Slowking
|-formechange|p2a: Cramorant|Cramorant-Gulping|
|-damage|p1a: Slowking|82/100
|
|upkeep
|turn|2
|
|t:|1757870600
|move|p2a: Cramorant|Hurricane|p1a: Slowking
|-damage|p1a: Slowking|58/100
|move|p1a: Slowking|Sludge Bomb|p2a: Cramorant
|-damage|p2a: Cramorant|55/100
|-status|p2a: Cramorant|psn
|-damage|p1a: Slowking|33/100|[from] ability: Gulp Missile|[of] p2a: Cramorant
|-unboost|p1a: Slowking|def|1
|-formechange|p2a: Cramorant|Cramorant|
|
|-heal|p2a: Cramorant|61/100 psn|[from] item: Leftovers
|-damage|p2a: Cramorant|49/100 psn|[from] psn
|upkeep
|turn|3
|
|t:|1757870610
|switch|p1a: Raging Bolt|Raging Bolt|100/100
|move|p2a: Cramorant|Surf|p1a: Raging Bolt
|-formechange|p2a: Cramorant|Cramorant-Gorging|
|-resisted|p1a: Raging Bolt
|-damage|p1a: Raging Bolt|82/100
|
|-heal|p2a: Cramorant|55/100 psn|[from] item: Leftovers
|-damage|p2a: Cramorant|42/100 psn|[from] psn
|upkeep
|turn|4
|
|t:|1757870615
|move|p1a: Raging Bolt|Volt Switch|p2a: Cramorant
|-supereffective|p2a: Cramorant
|-damage|p2a: Cramorant|0 fnt
|-damage|p1a: Raging Bolt|57/100|[from] ability: Gulp Missile|[of] p2a: Cramorant
|-formechange|p2a: Cramorant|Cramorant|
|faint|p2a: Cramorant
|
|t:|1757870618
|-end|p1a: Raging Bolt|Protosynthesis|[silent]
|switch|p1a: Slowking|Slowking-Galar, F|66/100|[from] Volt Switch
|
|upkeep
|
|t:|1757870622
|switch|p2a: Hoopa|Hoopa-Unbound|100/100
|turn|5
|
|t:|1757870631
|switch|p1a: Landorus|Landorus-Therian, M|100/100
|-ability|p1a: Landorus|Intimidate|boost
|-unboost|p2a: Hoopa|atk|1
|-enditem|p2a: Hoopa|Eject Pack
|
|t:|1757870640
|switch|p2a: Masquerain|Masquerain, F|100/100
|-ability|p2a: Masquerain|Intimidate|boost
|-unboost|p1a: Landorus|atk|1
|
|upkeep
|turn|6
|
|t:|1757870646
|move|p1a: Landorus|U-turn|p2a: Masquerain
|-resisted|p2a: Masquerain
|-damage|p2a: Masquerain|85/100
|
|t:|1757870649
|switch|p1a: Slowking|Slowking-Galar, F|99/100|[from] U-turn
|move|p2a: Masquerain|Quiver Dance|p2a: Masquerain
|-boost|p2a: Masquerain|spa|1
|-boost|p2a: Masquerain|spd|1
|-boost|p2a: Masquerain|spe|1
|
|upkeep
|turn|7
|
|t:|1757870658
|move|p2a: Masquerain|Sticky Web|p1a: Slowking
|-sidestart|p1: tm100stealbeam|move: Sticky Web
|move|p1a: Slowking|Sludge Bomb|p2a: Masquerain
|-damage|p2a: Masquerain|44/100
|
|upkeep
|turn|8
|
|t:|1757870664
|move|p2a: Masquerain|Air Slash|p1a: Slowking
|-damage|p1a: Slowking|73/100
|move|p1a: Slowking|Psyshock|p2a: Masquerain
|-damage|p2a: Masquerain|0 fnt
|faint|p2a: Masquerain
|
|upkeep
|
|t:|1757870676
|switch|p2a: Primeape|Primeape, M|100/100
|turn|9
|
|t:|1757870680
|switch|p2a: Hoopa|Hoopa-Unbound|100/100
|move|p1a: Slowking|Psyshock|p2a: Hoopa
|-immune|p2a: Hoopa
|
|upkeep
|turn|10
|
|t:|1757870683
|switch|p1a: Landorus|Landorus-Therian, M|100/100
|-ability|p1a: Landorus|Intimidate|boost
|-unboost|p2a: Hoopa|atk|1
|move|p2a: Hoopa|Hyperspace Fury|p1a: Landorus
|-damage|p1a: Landorus|50/100
|-unboost|p2a: Hoopa|def|1
|-item|p2a: Hoopa|Rocky Helmet|[from] ability: Magician|[of] p1a: Landorus
|
|upkeep
|turn|11
|
|t:|1757870702
|switch|p2a: Primeape|Primeape, M|100/100
|move|p1a: Landorus|Stealth Rock|p2a: Primeape
|-sidestart|p2: KalebsShizz|move: Stealth Rock
|
|upkeep
|turn|12
|
|t:|1757870709
|switch|p1a: Slowking|Slowking-Galar, F|100/100
|-activate|p1a: Slowking|move: Sticky Web
|-unboost|p1a: Slowking|spe|1
|move|p2a: Primeape|Bulk Up|p2a: Primeape
|-boost|p2a: Primeape|atk|1
|-boost|p2a: Primeape|def|1
|
|upkeep
|turn|13
|
|t:|1757870714
|move|p2a: Primeape|Taunt|p1a: Slowking
|-start|p1a: Slowking|move: Taunt
|move|p1a: Slowking|Psyshock|p2a: Primeape
|-supereffective|p2a: Primeape
|-damage|p2a: Primeape|39/100
|
|upkeep
|turn|14
|
|t:|1757870717
|move|p2a: Primeape|Rage Fist|p1a: Slowking
|-supereffective|p1a: Slowking
|-crit|p1a: Slowking
|-damage|p1a: Slowking|0 fnt
|faint|p1a: Slowking
|
|upkeep
|
|t:|1757870728
|switch|p1a: Moltres|Moltres|100/100
|turn|15
|
|t:|1757870732
|move|p2a: Primeape|Rage Fist|p1a: Moltres
|-damage|p1a: Moltres|66/100
|-status|p2a: Primeape|brn|[from] ability: Flame Body|[of] p1a: Moltres
|move|p1a: Moltres|Flamethrower|p2a: Primeape
|-damage|p2a: Primeape|10/100 brn
|
|-damage|p2a: Primeape|4/100 brn|[from] brn
|upkeep
|turn|16
|
|t:|1757870738
|move|p2a: Primeape|Taunt|p1a: Moltres
|-start|p1a: Moltres|move: Taunt
|cant|p1a: Moltres|move: Taunt|Roost
|
|-damage|p2a: Primeape|0 fnt|[from] brn
|faint|p2a: Primeape
|upkeep
|
|t:|1757870742
|switch|p2a: Cinccino|Cinccino, F|100/100
|-damage|p2a: Cinccino|88/100|[from] Stealth Rock
|turn|17
|
|t:|1757870746
|move|p2a: Cinccino|Tidy Up|p2a: Cinccino
|-sideend|p2: KalebsShizz|Stealth Rock
|-sideend|p1: tm100stealbeam|Sticky Web
|-activate|p2a: Cinccino|move: Tidy Up
|-boost|p2a: Cinccino|atk|1
|-boost|p2a: Cinccino|spe|1
|move|p1a: Moltres|Hurricane|p2a: Cinccino
|-damage|p2a: Cinccino|0 fnt
|faint|p2a: Cinccino
|
|upkeep
|
|t:|1757870750
|switch|p2a: Jolteon|Jolteon, M|100/100
|turn|18
|
|t:|1757870758
|move|p2a: Jolteon|Tera Blast|p1a: Moltres
|-damage|p1a: Moltres|29/100
|move|p1a: Moltres|U-turn|p2a: Jolteon
|-damage|p2a: Jolteon|71/100
|
|t:|1757870762
|switch|p1a: Raging Bolt|Raging Bolt|57/100|[from] U-turn
|
|upkeep
|turn|19
|
|t:|1757870766
|move|p2a: Jolteon|Tera Blast|p1a: Raging Bolt
|-damage|p1a: Raging Bolt|25/100
|move|p1a: Raging Bolt|Draco Meteor|p2a: Jolteon
|-damage|p2a: Jolteon|0 fnt
|-unboost|p1a: Raging Bolt|spa|2
|faint|p2a: Jolteon
|
|upkeep
|
|t:|1757870771
|switch|p2a: Hoopa|Hoopa-Unbound|100/100
|turn|20
|
|t:|1757870783
|move|p2a: Hoopa|Drain Punch|p1a: Raging Bolt
|-damage|p1a: Raging Bolt|0 fnt
|faint|p1a: Raging Bolt
|-end|p1a: Raging Bolt|Protosynthesis|[silent]
|
|upkeep
|
|t:|1757870786
|switch|p1a: Ogerpon|Ogerpon-Wellspring, F|100/100
|turn|21
|
|t:|1757870795
|-terastallize|p2a: Hoopa|Steel
|move|p1a: Ogerpon|U-turn|p2a: Hoopa
|-resisted|p2a: Hoopa
|-damage|p2a: Hoopa|72/100
|-damage|p1a: Ogerpon|84/100|[from] item: Rocky Helmet|[of] p2a: Hoopa
|
|t:|1757870806
|switch|p1a: Moltres|Moltres|29/100|[from] U-turn
|move|p2a: Hoopa|Drain Punch|p1a: Moltres
|-resisted|p1a: Moltres
|-damage|p1a: Moltres|16/100
|-heal|p2a: Hoopa|81/100|[from] drain|[of] p1a: Moltres
|
|upkeep
|turn|22
|
|t:|1757870812
|move|p2a: Hoopa|Psychic Noise|p1a: Moltres
|-damage|p1a: Moltres|0 fnt
|faint|p1a: Moltres
|
|upkeep
|
|t:|1757870814
|switch|p1a: Landorus|Landorus-Therian, M|50/100
|-ability|p1a: Landorus|Intimidate|boost
|-unboost|p2a: Hoopa|atk|1
|turn|23
|
|t:|1757870823
|move|p1a: Landorus|Earthquake|p2a: Hoopa
|-supereffective|p2a: Hoopa
|-damage|p2a: Hoopa|0 fnt
|faint|p2a: Hoopa
|
|win|tm100stealbeam
|raw|tm100stealbeam's rating: 1298 &rarr; <strong>1321</strong><br />(+23 for winning)
|raw|KalebsShizz's rating: 1277 &rarr; <strong>1254</strong><br />(-23 for losing)
|l|☆KalebsShizz
|player|p2|
