|j|‽myree
|j|☆nushinator
|t:|1757946621
|gametype|singles
|player|p1|myree|benga|1568
|player|p2|nushinator|bugcatcher-gen4dp|1523
|gen|9
|tier|[Gen 9] OU
|rated|
|rule|HP Percentage Mod: HP is shown in percentages
|rule|Endless Battle Clause: Forcing endless battles is banned
|rule|Species Clause: Limit one of each Pokémon
|rule|OHKO Clause: OHKO moves are banned
|rule|Evasion Items Clause: Evasion items are banned
|rule|Evasion Moves Clause: Evasion moves are banned
|rule|Evasion Abilities Clause: Evasion abilities are banned
|rule|Sleep Moves Clause: Sleep-inducing moves are banned
|clearpoke
|poke|p1|Iron Valiant|
|poke|p1|Slither Wing|
|poke|p1|Ogerpon-Cornerstone, F|
|poke|p1|Wo-Chien|
|poke|p1|Garganacl, M|
|poke|p1|Pecharunt|
|poke|p2|Arcanine-Hisui, F|
|poke|p2|Hatterene, F|
|poke|p2|Rillaboom, M|
|poke|p2|Weezing-Galar, M|
|poke|p2|Ting-Lu|
|poke|p2|Gholdengo|
|teampreview
|inactive|Battle timer is ON: inactive players will automatically lose when time's up. (requested by nushinator)
|j| nwlansjdkd
|inactive|myree has 120 seconds left.
|
|t:|1757946663
|teamsize|p1|6
|teamsize|p2|6
|start
|switch|p1a: Slither Wing|Slither Wing|100/100
|switch|p2a: Hatterene|Hatterene, F|100/100
|turn|1
|
|t:|1757946673
|-end|p1a: Slither Wing|Protosynthesis|[silent]
|switch|p1a: Wo-Chien|Wo-Chien|100/100
|-ability|p1a: Wo-Chien|Tablets of Ruin
|move|p2a: Hatterene|Psyshock|p1a: Wo-Chien
|-immune|p1a: Wo-Chien
|
|upkeep
|turn|2
|
|t:|1757946677
|switch|p1a: Pecharunt|Pecharunt|100/100
|move|p2a: Hatterene|Nuzzle|p1a: Pecharunt
|-damage|p1a: Pecharunt|98/100
|-status|p1a: Pecharunt|par
|-damage|p2a: Hatterene|84/100|[from] item: Rocky Helmet|[of] p1a: Pecharunt
|
|upkeep
|turn|3
|
|t:|1757946682
|switch|p2a: Ting-Lu|Ting-Lu|100/100
|-ability|p2a: Ting-Lu|Vessel of Ruin
|move|p1a: Pecharunt|Malignant Chain|p2a: Ting-Lu
|-resisted|p2a: Ting-Lu
|-damage|p2a: Ting-Lu|93/100
|-status|p2a: Ting-Lu|tox
|-start|p2a: Ting-Lu|confusion|[from] ability: Poison Puppeteer|[of] p1a: Pecharunt
|
|-heal|p2a: Ting-Lu|99/100 tox|[from] item: Leftovers
|-damage|p2a: Ting-Lu|93/100 tox|[from] psn
|upkeep
|turn|4
|
|t:|1757946694
|switch|p1a: Ogerpon|Ogerpon-Cornerstone, F|100/100
|-activate|p2a: Ting-Lu|confusion
|move|p2a: Ting-Lu|Stealth Rock|p1a: Ogerpon
|-sidestart|p1: myree|move: Stealth Rock
|
|-heal|p2a: Ting-Lu|99/100 tox|[from] item: Leftovers
|-damage|p2a: Ting-Lu|86/100 tox|[from] psn
|upkeep
|turn|5
|
|t:|1757946698
|switch|p2a: Weezing|Weezing-Galar, M|100/100
|move|p1a: Ogerpon|Swords Dance|p1a: Ogerpon
|-boost|p1a: Ogerpon|atk|2
|
|upkeep
|turn|6
|
|t:|1757946707
|-terastallize|p1a: Ogerpon|Rock
|detailschange|p1a: Ogerpon|Ogerpon-Cornerstone-Tera, F, tera:Rock
|-ability|p1a: Ogerpon|Embody Aspect (Cornerstone)|boost
|-boost|p1a: Ogerpon|def|1
|move|p1a: Ogerpon|Ivy Cudgel|p2a: Weezing|[anim] Ivy Cudgel Rock
|-damage|p2a: Weezing|1/100
|move|p2a: Weezing|Will-O-Wisp|p1a: Ogerpon
|-status|p1a: Ogerpon|brn
|
|-damage|p1a: Ogerpon|95/100 brn|[from] brn
|upkeep
|turn|7
|
|t:|1757946731
|move|p1a: Ogerpon|Ivy Cudgel|p2a: Weezing|[anim] Ivy Cudgel Rock
|-damage|p2a: Weezing|0 fnt
|faint|p2a: Weezing
|
|-damage|p1a: Ogerpon|89/100 brn|[from] brn
|upkeep
|
|t:|1757946739
|switch|p2a: Rillaboom|Rillaboom, M|100/100
|-fieldstart|move: Grassy Terrain|[from] ability: Grassy Surge|[of] p2a: Rillaboom
|turn|8
|
|t:|1757946743
|move|p2a: Rillaboom|Grassy Glide|p1a: Ogerpon
|-supereffective|p1a: Ogerpon
|-damage|p1a: Ogerpon|20/100 brn
|move|p1a: Ogerpon|Ivy Cudgel|p2a: Rillaboom|[anim] Ivy Cudgel Rock
|-damage|p2a: Rillaboom|20/100
|
|-heal|p1a: Ogerpon|26/100 brn|[from] Grassy Terrain
|-heal|p2a: Rillaboom|27/100|[from] Grassy Terrain
|-damage|p1a: Ogerpon|20/100 brn|[from] brn
|upkeep
|turn|9
|
|t:|1757946752
|move|p2a: Rillaboom|Grassy Glide|p1a: Ogerpon
|-supereffective|p1a: Ogerpon
|-damage|p1a: Ogerpon|0 fnt
|faint|p1a: Ogerpon
|detailschange|p1: Ogerpon|Ogerpon-Cornerstone, F|[silent]
|
|-heal|p2a: Rillaboom|33/100|[from] Grassy Terrain
|upkeep
|
|t:|1757946761
|switch|p1a: Slither Wing|Slither Wing|100/100
|turn|10
|
|t:|1757946766
|switch|p2a: Arcanine|Arcanine-Hisui, F|100/100
|move|p1a: Slither Wing|First Impression|p2a: Arcanine
|-resisted|p2a: Arcanine
|-damage|p2a: Arcanine|77/100
|
|-heal|p2a: Arcanine|83/100|[from] Grassy Terrain
|upkeep
|turn|11
|
|t:|1757946774
|-end|p1a: Slither Wing|Protosynthesis|[silent]
|switch|p1a: Garganacl|Garganacl, M|100/100
|-damage|p1a: Garganacl|88/100|[from] Stealth Rock
|move|p2a: Arcanine|Head Smash|p1a: Garganacl
|-damage|p1a: Garganacl|18/100
|
|-heal|p2a: Arcanine|89/100|[from] Grassy Terrain
|-heal|p1a: Garganacl|24/100|[from] Grassy Terrain
|-heal|p1a: Garganacl|30/100|[from] item: Leftovers
|upkeep
|turn|12
|
|t:|1757946781
|move|p2a: Arcanine|Head Smash|p1a: Garganacl
|-damage|p1a: Garganacl|0 fnt
|faint|p1a: Garganacl
|
|-heal|p2a: Arcanine|95/100|[from] Grassy Terrain
|-fieldend|move: Grassy Terrain
|upkeep
|
|t:|1757946785
|switch|p1a: Pecharunt|Pecharunt|98/100 par
|-damage|p1a: Pecharunt|86/100 par|[from] Stealth Rock
|turn|13
|
|t:|1757946791
|move|p2a: Arcanine|Head Smash|p1a: Pecharunt
|-damage|p1a: Pecharunt|28/100 par
|-damage|p2a: Arcanine|78/100|[from] item: Rocky Helmet|[of] p1a: Pecharunt
|move|p1a: Pecharunt|Malignant Chain|p2a: Arcanine
|-resisted|p2a: Arcanine
|-damage|p2a: Arcanine|55/100
|
|upkeep
|turn|14
|-message|myree forfeited.
|
|win|nushinator
|raw|myree's rating: 1568 &rarr; <strong>1545</strong><br />(-23 for losing)
|raw|nushinator's rating: 1523 &rarr; <strong>1546</strong><br />(+23 for winning)
|l|‽myree
|player|p1|
|l|☆nushinator
|player|p2|
