|j|☆Tom5283
|j|☆Sniper20657
|t:|1757825653
|gametype|singles
|player|p1|Tom5283|hilbert|1228
|player|p2|Sniper20657|blackbelt-gen4dp|1227
|gen|9
|tier|[Gen 9] OU
|rated|
|rule|HP Percentage Mod: HP is shown in percentages
|rule|Endless Battle Clause: Forcing endless battles is banned
|rule|Species Clause: Limit one of each Pokémon
|rule|OHKO Clause: OHKO moves are banned
|rule|Evasion Items Clause: Evasion items are banned
|rule|Evasion Moves Clause: Evasion moves are banned
|rule|Evasion Abilities Clause: Evasion abilities are banned
|rule|Sleep Moves Clause: Sleep-inducing moves are banned
|clearpoke
|poke|p1|Zoroark-Hisui, M|
|poke|p1|Delphox, F|
|poke|p1|Hydreigon, M|
|poke|p1|Scizor, F|
|poke|p1|Clodsire, M|
|poke|p1|Avalugg-Hisui, M|
|poke|p2|Darkrai|
|poke|p2|Landorus-Therian, M|
|poke|p2|Gliscor, M|
|poke|p2|Slowking-Galar, F|
|poke|p2|Zamazenta-*|
|poke|p2|Ogerpon-Wellspring, F|
|teampreview
|inactive|Battle timer is ON: inactive players will automatically lose when time's up. (requested by Tom5283)
|
|t:|1757825678
|teamsize|p1|6
|teamsize|p2|6
|start
|switch|p1a: Delphox|Delphox, F, shiny|100/100
|switch|p2a: Darkrai|Darkrai|100/100
|turn|1
|
|t:|1757825694
|switch|p1a: Hydreigon|Hydreigon, M|100/100
|move|p2a: Darkrai|Dark Pulse|p1a: Hydreigon
|-resisted|p1a: Hydreigon
|-damage|p1a: Hydreigon|75/100
|
|upkeep
|turn|2
|
|t:|1757825715
|switch|p2a: Slowking|Slowking-Galar, F|100/100
|move|p1a: Hydreigon|Dragon Pulse|p2a: Slowking
|-damage|p2a: Slowking|79/100
|
|upkeep
|turn|3
|
|t:|1757825722
|-terastallize|p2a: Slowking|Water
|move|p1a: Hydreigon|Dark Pulse|p2a: Slowking
|-damage|p2a: Slowking|60/100
|move|p2a: Slowking|Ice Beam|p1a: Hydreigon
|-supereffective|p1a: Hydreigon
|-damage|p1a: Hydreigon|8/100
|
|upkeep
|turn|4
|-activate|p1a: Hydreigon|item: Quick Claw
|
|t:|1757825734
|move|p1a: Hydreigon|Dark Pulse|p2a: Slowking
|-damage|p2a: Slowking|39/100
|move|p2a: Slowking|Ice Beam|p1a: Hydreigon
|-supereffective|p1a: Hydreigon
|-damage|p1a: Hydreigon|0 fnt
|faint|p1a: Hydreigon
|
|upkeep
|inactive|Tom5283 has 120 seconds left.
|
|t:|1757825765
|switch|p1a: Delphox|Delphox, F, shiny|100/100
|turn|5
|inactive|Sniper20657 has 120 seconds left.
|
|t:|1757825802
|switch|p2a: Ogerpon|Ogerpon-Wellspring, F|100/100
|move|p1a: Delphox|Calm Mind|p1a: Delphox
|-boost|p1a: Delphox|spa|1
|-boost|p1a: Delphox|spd|1
|
|upkeep
|turn|6
|inactive|Sniper20657 has 120 seconds left.
|inactive|Tom5283 has 120 seconds left.
|
|t:|1757825819
|move|p1a: Delphox|Calm Mind|p1a: Delphox
|-boost|p1a: Delphox|spa|1
|-boost|p1a: Delphox|spd|1
|move|p2a: Ogerpon|Ivy Cudgel|p1a: Delphox|[anim] Ivy Cudgel Water
|-damage|p1a: Delphox|10/100
|replace|p1a: Zoroark|Zoroark-Hisui, M
|-end|p1a: Zoroark|Illusion
|-enditem|p1a: Zoroark|Sitrus Berry|[eat]
|-heal|p1a: Zoroark|35/100|[from] item: Sitrus Berry
|
|upkeep
|turn|7
|inactive|Sniper20657 has 120 seconds left.
|inactive|Tom5283 has 120 seconds left.
|
|t:|1757825847
|move|p2a: Ogerpon|Ivy Cudgel|p1a: Zoroark|[anim] Ivy Cudgel Water
|-damage|p1a: Zoroark|0 fnt
|faint|p1a: Zoroark
|
|upkeep
|inactive|Tom5283 has 120 seconds left.
|
|t:|1757825857
|switch|p1a: Clodsire|Clodsire, M, shiny|100/100
|turn|8
|
|t:|1757825867
|move|p2a: Ogerpon|Ivy Cudgel|p1a: Clodsire|[anim] Ivy Cudgel Water
|-immune|p1a: Clodsire|[from] ability: Water Absorb
|move|p1a: Clodsire|Toxic|p2a: Ogerpon
|-status|p2a: Ogerpon|tox
|
|-damage|p2a: Ogerpon|95/100 tox|[from] psn
|upkeep
|turn|9
|
|t:|1757825887
|switch|p2a: Gliscor|Gliscor, M, shiny|100/100
|move|p1a: Clodsire|Liquidation|p2a: Gliscor
|-supereffective|p2a: Gliscor
|-damage|p2a: Gliscor|83/100
|
|-status|p2a: Gliscor|tox|[from] item: Toxic Orb
|upkeep
|turn|10
|
|t:|1757825897
|move|p2a: Gliscor|Knock Off|p1a: Clodsire
|-damage|p1a: Clodsire|77/100
|-enditem|p1a: Clodsire|Metronome|[from] move: Knock Off|[of] p2a: Gliscor
|move|p1a: Clodsire|Liquidation|p2a: Gliscor
|-supereffective|p2a: Gliscor
|-damage|p2a: Gliscor|66/100 tox
|
|-heal|p2a: Gliscor|78/100 tox|[from] ability: Poison Heal
|upkeep
|turn|11
|
|t:|1757825907
|move|p2a: Gliscor|Facade|p1a: Clodsire
|-damage|p1a: Clodsire|41/100
|move|p1a: Clodsire|Liquidation|p2a: Gliscor
|-supereffective|p2a: Gliscor
|-damage|p2a: Gliscor|59/100 tox
|
|-heal|p2a: Gliscor|72/100 tox|[from] ability: Poison Heal
|upkeep
|turn|12
|
|t:|1757825917
|move|p2a: Gliscor|Facade|p1a: Clodsire
|-damage|p1a: Clodsire|10/100
|move|p1a: Clodsire|Liquidation|p2a: Gliscor
|-supereffective|p2a: Gliscor
|-damage|p2a: Gliscor|54/100 tox
|
|-heal|p2a: Gliscor|67/100 tox|[from] ability: Poison Heal
|upkeep
|turn|13
|
|t:|1757825926
|move|p2a: Gliscor|Facade|p1a: Clodsire
|-crit|p1a: Clodsire
|-damage|p1a: Clodsire|0 fnt
|faint|p1a: Clodsire
|
|-heal|p2a: Gliscor|79/100 tox|[from] ability: Poison Heal
|upkeep
|
|t:|1757825938
|switch|p1a: Avalugg|Avalugg-Hisui, M|100/100
|turn|14
|
|t:|1757825945
|switch|p2a: Zamazenta|Zamazenta|100/100
|-ability|p2a: Zamazenta|Dauntless Shield|boost
|-boost|p2a: Zamazenta|def|1
|move|p1a: Avalugg|Snowscape|p1a: Avalugg
|-weather|Snowscape
|
|-weather|Snowscape|[upkeep]
|upkeep
|turn|15
|
|t:|1757825959
|-terastallize|p1a: Avalugg|Fairy
|move|p2a: Zamazenta|Body Press|p1a: Avalugg
|-resisted|p1a: Avalugg
|-damage|p1a: Avalugg|91/100
|-damage|p2a: Zamazenta|84/100|[from] item: Rocky Helmet|[of] p1a: Avalugg
|move|p1a: Avalugg|Aurora Veil|p1a: Avalugg
|-sidestart|p1: Tom5283|move: Aurora Veil
|
|-weather|Snowscape|[upkeep]
|-heal|p1a: Avalugg|97/100|[from] ability: Ice Body
|-heal|p2a: Zamazenta|90/100|[from] item: Leftovers
|upkeep
|turn|16
|inactive|Sniper20657 has 120 seconds left.
|
|t:|1757825986
|move|p2a: Zamazenta|Body Press|p1a: Avalugg
|-resisted|p1a: Avalugg
|-damage|p1a: Avalugg|93/100
|-damage|p2a: Zamazenta|74/100|[from] item: Rocky Helmet|[of] p1a: Avalugg
|move|p1a: Avalugg|Avalanche|p2a: Zamazenta
|-damage|p2a: Zamazenta|48/100
|
|-weather|Snowscape|[upkeep]
|-heal|p1a: Avalugg|99/100|[from] ability: Ice Body
|-heal|p2a: Zamazenta|54/100|[from] item: Leftovers
|upkeep
|turn|17
|
|t:|1757825998
|move|p1a: Avalugg|Avalanche|p2a: Zamazenta
|-damage|p2a: Zamazenta|43/100
|move|p2a: Zamazenta|Roar|p1a: Avalugg
|drag|p1a: Scizor|Scizor, F|100/100
|
|-weather|Snowscape|[upkeep]
|-heal|p2a: Zamazenta|49/100|[from] item: Leftovers
|upkeep
|turn|18
|
|t:|1757826010
|switch|p2a: Landorus|Landorus-Therian, M|100/100
|-ability|p2a: Landorus|Intimidate|boost
|-unboost|p1a: Scizor|atk|1
|move|p1a: Scizor|Lunge|p2a: Landorus
|-resisted|p2a: Landorus
|-damage|p2a: Landorus|86/100
|-unboost|p2a: Landorus|atk|1
|-damage|p1a: Scizor|84/100|[from] item: Rocky Helmet|[of] p2a: Landorus
|
|-weather|none
|upkeep
|turn|19
|
|t:|1757826023
|switch|p1a: Avalugg|Avalugg-Hisui, M, tera:Fairy|99/100
|move|p2a: Landorus|Stealth Rock|p1a: Avalugg
|-sidestart|p1: Tom5283|move: Stealth Rock
|
|-sideend|p1: Tom5283|move: Aurora Veil
|upkeep
|turn|20
|
|t:|1757826036
|move|p2a: Landorus|U-turn|p1a: Avalugg
|-resisted|p1a: Avalugg
|-damage|p1a: Avalugg|96/100
|-damage|p2a: Landorus|70/100|[from] item: Rocky Helmet|[of] p1a: Avalugg
|
|t:|1757826060
|switch|p2a: Darkrai|Darkrai|100/100|[from] U-turn
|move|p1a: Avalugg|Snowscape|p1a: Avalugg
|-weather|Snowscape
|
|-weather|Snowscape|[upkeep]
|-heal|p1a: Avalugg|100/100|[from] ability: Ice Body
|upkeep
|turn|21
|
|t:|1757826071
|move|p2a: Darkrai|Trick|p1a: Avalugg
|-activate|p2a: Darkrai|move: Trick|[of] p1a: Avalugg
|-item|p1a: Avalugg|Choice Scarf|[from] move: Trick
|-item|p2a: Darkrai|Rocky Helmet|[from] move: Trick
|move|p1a: Avalugg|Aurora Veil|p1a: Avalugg
|-sidestart|p1: Tom5283|move: Aurora Veil
|
|-weather|Snowscape|[upkeep]
|upkeep
|turn|22
|
|t:|1757826084
|switch|p2a: Zamazenta|Zamazenta|49/100
|switch|p1a: Scizor|Scizor, F|84/100
|-damage|p1a: Scizor|71/100|[from] Stealth Rock
|
|-weather|Snowscape|[upkeep]
|-heal|p2a: Zamazenta|55/100|[from] item: Leftovers
|upkeep
|turn|23
|
|t:|1757826094
|move|p1a: Scizor|Lunge|p2a: Zamazenta
|-resisted|p2a: Zamazenta
|-damage|p2a: Zamazenta|39/100
|-unboost|p2a: Zamazenta|atk|1
|move|p2a: Zamazenta|Roar|p1a: Scizor
|drag|p1a: Delphox|Delphox, F, shiny|100/100
|-damage|p1a: Delphox|75/100|[from] Stealth Rock
|
|-weather|Snowscape|[upkeep]
|-heal|p2a: Zamazenta|45/100|[from] item: Leftovers
|upkeep
|turn|24
|
|t:|1757826106
|move|p1a: Delphox|Psychic Noise|p2a: Zamazenta
|-supereffective|p2a: Zamazenta
|-damage|p2a: Zamazenta|2/100
|-start|p2a: Zamazenta|move: Heal Block
|-item|p1a: Delphox|Leftovers|[from] ability: Magician|[of] p2a: Zamazenta
|move|p2a: Zamazenta|Roar|p1a: Delphox
|drag|p1a: Avalugg|Avalugg-Hisui, M, tera:Fairy|100/100
|-damage|p1a: Avalugg|88/100|[from] Stealth Rock
|
|-weather|none
|upkeep
|turn|25
|
|t:|1757826125
|move|p2a: Zamazenta|Iron Defense|p2a: Zamazenta
|-boost|p2a: Zamazenta|def|2
|move|p1a: Avalugg|Snowscape|p1a: Avalugg
|-weather|Snowscape
|
|-weather|Snowscape|[upkeep]
|-heal|p1a: Avalugg|94/100|[from] ability: Ice Body
|-end|p2a: Zamazenta|move: Heal Block
|-sideend|p1: Tom5283|move: Aurora Veil
|upkeep
|turn|26
|
|t:|1757826139
|switch|p1a: Scizor|Scizor, F|71/100
|-damage|p1a: Scizor|59/100|[from] Stealth Rock
|move|p2a: Zamazenta|Body Press|p1a: Scizor
|-damage|p1a: Scizor|0 fnt
|faint|p1a: Scizor
|
|-weather|Snowscape|[upkeep]
|upkeep
|
|t:|1757826149
|switch|p1a: Avalugg|Avalugg-Hisui, M, tera:Fairy|94/100
|-damage|p1a: Avalugg|82/100|[from] Stealth Rock
|turn|27
|
|t:|1757826153
|move|p2a: Zamazenta|Body Press|p1a: Avalugg
|-resisted|p1a: Avalugg
|-damage|p1a: Avalugg|68/100
|move|p1a: Avalugg|Avalanche|p2a: Zamazenta
|-damage|p2a: Zamazenta|0 fnt
|faint|p2a: Zamazenta
|
|-weather|Snowscape|[upkeep]
|-heal|p1a: Avalugg|74/100|[from] ability: Ice Body
|upkeep
|
|t:|1757826168
|switch|p2a: Darkrai|Darkrai|100/100
|turn|28
|
|t:|1757826172
|move|p2a: Darkrai|Sludge Bomb|p1a: Avalugg
|-supereffective|p1a: Avalugg
|-damage|p1a: Avalugg|0 fnt
|faint|p1a: Avalugg
|
|-weather|Snowscape|[upkeep]
|upkeep
|-message|Tom5283 forfeited.
|
|win|Sniper20657
|raw|Tom5283's rating: 1228 &rarr; <strong>1203</strong><br />(-25 for losing)
|raw|Sniper20657's rating: 1227 &rarr; <strong>1252</strong><br />(+25 for winning)
|l|☆Tom5283
|player|p1|
|l|☆Sniper20657
|player|p2|
