|j|☆TREMBLEB4BAST
|j|☆FlutterKiller
|t:|1757833821
|gametype|singles
|player|p1|TREMBLEB4BAST|geeta|1206
|player|p2|FlutterKiller|byron|1220
|gen|9
|tier|[Gen 9] OU
|rated|
|rule|HP Percentage Mod: HP is shown in percentages
|rule|Endless Battle Clause: Forcing endless battles is banned
|rule|Species Clause: Limit one of each Pokémon
|rule|OHKO Clause: OHKO moves are banned
|rule|Evasion Items Clause: Evasion items are banned
|rule|Evasion Moves Clause: Evasion moves are banned
|rule|Evasion Abilities Clause: Evasion abilities are banned
|rule|Sleep Moves Clause: Sleep-inducing moves are banned
|clearpoke
|poke|p1|Deoxys-Speed|
|poke|p1|Indeedee, M|
|poke|p1|Meowscarada, M|
|poke|p1|Araquanid, F|
|poke|p1|Hitmonlee, M|
|poke|p1|Scream Tail|
|poke|p2|Iron Moth|
|poke|p2|Ting-Lu|
|poke|p2|Cyclizar, M|
|poke|p2|Enamorus, F|
|poke|p2|Gholdengo|
|poke|p2|Kommo-o, F|
|teampreview
|inactive|Battle timer is ON: inactive players will automatically lose when time's up. (requested by FlutterKiller)
|
|t:|1757833833
|teamsize|p1|6
|teamsize|p2|6
|start
|switch|p1a: Bubble07|Araquanid, F, shiny|100/100
|switch|p2a: Iron Moth|Iron Moth|100/100
|-enditem|p2a: Iron Moth|Booster Energy
|-activate|p2a: Iron Moth|ability: Quark Drive|[fromitem]
|-start|p2a: Iron Moth|quarkdrivespe
|turn|1
|
|t:|1757833839
|-terastallize|p2a: Iron Moth|Grass
|move|p2a: Iron Moth|Energy Ball|p1a: Bubble07
|-damage|p1a: Bubble07|65/100
|move|p1a: Bubble07|Liquidation|p2a: Iron Moth
|-resisted|p2a: Iron Moth
|-damage|p2a: Iron Moth|54/100
|-unboost|p2a: Iron Moth|def|1
|
|upkeep
|turn|2
|
|t:|1757833845
|move|p2a: Iron Moth|Sludge Wave|p1a: Bubble07
|-crit|p1a: Bubble07
|-damage|p1a: Bubble07|5/100
|move|p1a: Bubble07|Leech Life|p2a: Iron Moth
|-supereffective|p2a: Iron Moth
|-damage|p2a: Iron Moth|0 fnt
|-heal|p1a: Bubble07|31/100|[from] drain|[of] p2a: Iron Moth
|faint|p2a: Iron Moth
|-end|p2a: Iron Moth|Quark Drive|[silent]
|
|upkeep
|
|t:|1757833850
|switch|p2a: String Cheese|Gholdengo|100/100
|turn|3
|
|t:|1757833857
|move|p2a: String Cheese|Power Gem|p1a: Bubble07
|-supereffective|p1a: Bubble07
|-damage|p1a: Bubble07|0 fnt
|faint|p1a: Bubble07
|-damage|p2a: String Cheese|91/100|[from] item: Life Orb
|
|upkeep
|
|t:|1757833863
|switch|p1a: Puss in Boots|Meowscarada, M|100/100
|turn|4
|
|t:|1757833871
|switch|p2a: Bike|Cyclizar, M|100/100
|move|p1a: Puss in Boots|U-turn|p2a: Bike
|-start|p1a: Puss in Boots|typechange|Bug|[from] ability: Protean
|-damage|p2a: Bike|50/100
|
|t:|1757833891
|switch|p1a: Alakadam|Deoxys-Speed, shiny|100/100|[from] U-turn
|-ability|p1a: Alakadam|Pressure
|
|upkeep
|turn|5
|
|t:|1757833897
|move|p1a: Alakadam|Ice Beam|p2a: Bike
|-supereffective|p2a: Bike
|-damage|p2a: Bike|0 fnt
|faint|p2a: Bike
|
|upkeep
|
|t:|1757833901
|switch|p2a: String Cheese|Gholdengo|91/100
|turn|6
|
|t:|1757833922
|switch|p1a: Mob 100|Indeedee, M|100/100
|-fieldstart|move: Psychic Terrain|[from] ability: Psychic Surge|[of] p1a: Mob 100
|move|p2a: String Cheese|Make It Rain|p1a: Mob 100
|-damage|p1a: Mob 100|0 fnt
|-unboost|p2a: String Cheese|spa|1
|faint|p1a: Mob 100
|-damage|p2a: String Cheese|81/100|[from] item: Life Orb
|
|upkeep
|
|t:|1757833937
|switch|p1a: Hitmon Ali|Hitmonlee, M|100/100
|-enditem|p1a: Hitmon Ali|Psychic Seed
|-boost|p1a: Hitmon Ali|spd|1|[from] item: Psychic Seed
|turn|7
|
|t:|1757833946
|move|p1a: Hitmon Ali|Earthquake|p2a: String Cheese
|-supereffective|p2a: String Cheese
|-damage|p2a: String Cheese|0 fnt
|faint|p2a: String Cheese
|
|upkeep
|
|t:|1757833948
|switch|p2a: Preppy|Enamorus, F|100/100
|turn|8
|
|t:|1757833961
|move|p1a: Hitmon Ali|Rock Slide|p2a: Preppy
|-supereffective|p2a: Preppy
|-damage|p2a: Preppy|24/100
|move|p2a: Preppy|Moonblast|p1a: Hitmon Ali
|-supereffective|p1a: Hitmon Ali
|-damage|p1a: Hitmon Ali|0 fnt
|faint|p1a: Hitmon Ali
|
|upkeep
|
|t:|1757833972
|switch|p1a: Puss in Boots|Meowscarada, M|100/100
|turn|9
|
|t:|1757833974
|move|p1a: Puss in Boots|Triple Axel|p2a: Preppy
|-start|p1a: Puss in Boots|typechange|Ice|[from] ability: Protean
|-supereffective|p2a: Preppy
|-damage|p2a: Preppy|0 fnt
|faint|p2a: Preppy
|-hitcount|p2: Preppy|1
|
|upkeep
|
|t:|1757833980
|switch|p2a: Moose|Ting-Lu|100/100
|-ability|p2a: Moose|Vessel of Ruin
|turn|10
|
|t:|1757833982
|move|p1a: Puss in Boots|Triple Axel|p2a: Moose
|-supereffective|p2a: Moose
|-damage|p2a: Moose|92/100
|-supereffective|p2a: Moose
|-damage|p2a: Moose|75/100
|-supereffective|p2a: Moose
|-damage|p2a: Moose|51/100
|-hitcount|p2a: Moose|3
|move|p2a: Moose|Body Press|p1a: Puss in Boots
|-supereffective|p1a: Puss in Boots
|-damage|p1a: Puss in Boots|9/100
|
|-fieldend|move: Psychic Terrain
|upkeep
|turn|11
|
|t:|1757833990
|move|p1a: Puss in Boots|Triple Axel|p2a: Moose
|-supereffective|p2a: Moose
|-damage|p2a: Moose|44/100
|-supereffective|p2a: Moose
|-damage|p2a: Moose|29/100
|-hitcount|p2a: Moose|2
|move|p2a: Moose|Body Press|p1a: Puss in Boots
|-supereffective|p1a: Puss in Boots
|-damage|p1a: Puss in Boots|0 fnt
|faint|p1a: Puss in Boots
|
|upkeep
|
|t:|1757833995
|switch|p1a: Alakadam|Deoxys-Speed, shiny|100/100
|-ability|p1a: Alakadam|Pressure
|turn|12
|
|t:|1757833999
|move|p1a: Alakadam|Ice Beam|p2a: Moose
|-supereffective|p2a: Moose
|-damage|p2a: Moose|0 fnt
|faint|p2a: Moose
|
|upkeep
|
|t:|1757834001
|switch|p2a: Clanger|Kommo-o, F|100/100
|turn|13
|
|t:|1757834006
|move|p1a: Alakadam|Ice Beam|p2a: Clanger
|-supereffective|p2a: Clanger
|-damage|p2a: Clanger|12/100
|move|p2a: Clanger|Clanging Scales|p1a: Alakadam
|-damage|p1a: Alakadam|31/100
|-unboost|p2a: Clanger|def|1
|-enditem|p2a: Clanger|Throat Spray
|-boost|p2a: Clanger|spa|1|[from] item: Throat Spray
|
|upkeep
|turn|14
|
|t:|1757834009
|move|p1a: Alakadam|Ice Beam|p2a: Clanger
|-supereffective|p2a: Clanger
|-damage|p2a: Clanger|0 fnt
|faint|p2a: Clanger
|
|win|TREMBLEB4BAST
|raw|TREMBLEB4BAST's rating: 1206 &rarr; <strong>1232</strong><br />(+26 for winning)
|raw|FlutterKiller's rating: 1220 &rarr; <strong>1194</strong><br />(-26 for losing)
|c|☆FlutterKiller|ggwp
|l|☆FlutterKiller
|player|p2|
|l|☆TREMBLEB4BAST
|player|p1|
|j|☆TREMBLEB4BAST
|player|p1|TREMBLEB4BAST|geeta|
|l|☆TREMBLEB4BAST
|player|p1|
