|j|☆mikellis
|j|☆N4ts0s
|t:|1757930239
|gametype|singles
|player|p1|mikellis|hilbert|1102
|player|p2|N4ts0s|265|1114
|gen|9
|tier|[Gen 9] OU
|rated|
|rule|HP Percentage Mod: HP is shown in percentages
|rule|Endless Battle Clause: Forcing endless battles is banned
|rule|Species Clause: Limit one of each Pokémon
|rule|OHKO Clause: OHKO moves are banned
|rule|Evasion Items Clause: Evasion items are banned
|rule|Evasion Moves Clause: Evasion moves are banned
|rule|Evasion Abilities Clause: Evasion abilities are banned
|rule|Sleep Moves Clause: Sleep-inducing moves are banned
|clearpoke
|poke|p1|Deoxys-Speed|
|poke|p1|Great Tusk|
|poke|p1|Gholdengo|
|poke|p1|Scizor, M|
|poke|p1|Latios, M|
|poke|p1|Hitmonlee, M|
|poke|p2|Scovillain, M|
|poke|p2|Rillaboom, M|
|poke|p2|Ninetales, F|
|poke|p2|Armarouge, F|
|poke|p2|Clodsire, M|
|poke|p2|Meowscarada, F|
|teampreview
|inactive|Battle timer is ON: inactive players will automatically lose when time's up. (requested by mikellis)
|
|t:|1757930246
|teamsize|p1|6
|teamsize|p2|6
|start
|switch|p1a: Deoxys|Deoxys-Speed|100/100
|switch|p2a: Clodsire|Clodsire, M|100/100
|-ability|p1a: Deoxys|Pressure
|turn|1
|
|t:|1757930253
|move|p1a: Deoxys|Taunt|p2a: Clodsire
|-start|p2a: Clodsire|move: Taunt
|cant|p2a: Clodsire|move: Taunt|Stealth Rock
|
|upkeep
|turn|2
|
|t:|1757930258
|move|p1a: Deoxys|Stealth Rock|p2a: Clodsire
|-sidestart|p2: N4ts0s|move: Stealth Rock
|move|p2a: Clodsire|Earthquake|p1a: Deoxys
|-damage|p1a: Deoxys|41/100
|-damage|p2a: Clodsire|91/100|[from] item: Life Orb
|
|upkeep
|turn|3
|
|t:|1757930262
|switch|p2a: Meowscarada|Meowscarada, F|100/100
|-damage|p2a: Meowscarada|88/100|[from] Stealth Rock
|move|p1a: Deoxys|Psycho Boost|p2a: Meowscarada
|-immune|p2a: Meowscarada
|
|upkeep
|turn|4
|
|t:|1757930271
|switch|p1a: Scizor|Scizor, M|100/100
|switch|p2a: Rillaboom|Rillaboom, M|100/100
|-damage|p2a: Rillaboom|88/100|[from] Stealth Rock
|-fieldstart|move: Grassy Terrain|[from] ability: Grassy Surge|[of] p2a: Rillaboom
|-enditem|p2a: Rillaboom|Grassy Seed
|-boost|p2a: Rillaboom|def|1|[from] item: Grassy Seed
|
|-heal|p2a: Rillaboom|94/100|[from] Grassy Terrain
|upkeep
|turn|5
|
|t:|1757930277
|-terastallize|p2a: Rillaboom|Normal
|move|p2a: Rillaboom|Swords Dance|p2a: Rillaboom
|-boost|p2a: Rillaboom|atk|2
|move|p1a: Scizor|U-turn|p2a: Rillaboom
|-damage|p2a: Rillaboom|53/100
|
|t:|1757930287
|switch|p1a: Hitmonlee|Hitmonlee, M|100/100|[from] U-turn
|
|-heal|p2a: Rillaboom|59/100|[from] Grassy Terrain
|upkeep
|turn|6
|
|t:|1757930291
|move|p1a: Hitmonlee|Endure|p1a: Hitmonlee
|-singleturn|p1a: Hitmonlee|move: Endure
|move|p2a: Rillaboom|Grassy Glide|p1a: Hitmonlee
|-activate|p1a: Hitmonlee|move: Endure
|-damage|p1a: Hitmonlee|1/100
|-enditem|p1a: Hitmonlee|Liechi Berry|[eat]
|-boost|p1a: Hitmonlee|atk|1|[from] item: Liechi Berry
|
|-heal|p1a: Hitmonlee|7/100|[from] Grassy Terrain
|-heal|p2a: Rillaboom|65/100|[from] Grassy Terrain
|upkeep
|turn|7
|
|t:|1757930298
|move|p1a: Hitmonlee|Upper Hand|p2a: Rillaboom
|-supereffective|p2a: Rillaboom
|-damage|p2a: Rillaboom|0 fnt
|faint|p2a: Rillaboom
|
|-heal|p1a: Hitmonlee|13/100|[from] Grassy Terrain
|upkeep
|c|☆N4ts0s|thats a nice build
|
|t:|1757930314
|switch|p2a: Clodsire|Clodsire, M|91/100
|-damage|p2a: Clodsire|84/100|[from] Stealth Rock
|turn|8
|
|t:|1757930317
|move|p1a: Hitmonlee|Earthquake|p2a: Clodsire
|-supereffective|p2a: Clodsire
|-damage|p2a: Clodsire|49/100
|move|p2a: Clodsire|Stealth Rock|p1a: Hitmonlee
|-sidestart|p1: mikellis|move: Stealth Rock
|
|-heal|p1a: Hitmonlee|20/100|[from] Grassy Terrain
|-heal|p2a: Clodsire|56/100|[from] Grassy Terrain
|-fieldend|move: Grassy Terrain
|upkeep
|turn|9
|
|t:|1757930326
|move|p1a: Hitmonlee|Earthquake|p2a: Clodsire
|-supereffective|p2a: Clodsire
|-damage|p2a: Clodsire|0 fnt
|faint|p2a: Clodsire
|
|upkeep
|
|t:|1757930333
|switch|p2a: Armarouge|Armarouge, F|100/100
|-damage|p2a: Armarouge|76/100|[from] Stealth Rock
|turn|10
|
|t:|1757930337
|move|p1a: Hitmonlee|Earthquake|p2a: Armarouge
|-supereffective|p2a: Armarouge
|-damage|p2a: Armarouge|0 fnt
|faint|p2a: Armarouge
|
|upkeep
|
|t:|1757930340
|switch|p2a: Scovillain|Scovillain, M|100/100
|-damage|p2a: Scovillain|76/100|[from] Stealth Rock
|turn|11
|
|t:|1757930351
|-terastallize|p1a: Hitmonlee|Fighting
|move|p1a: Hitmonlee|Reversal|p2a: Scovillain
|-damage|p2a: Scovillain|0 fnt
|faint|p2a: Scovillain
|
|upkeep
|c|☆N4ts0s|truly nice
|c|☆N4ts0s|gg
|
|t:|1757930360
|switch|p2a: Meowscarada|Meowscarada, F|88/100
|-damage|p2a: Meowscarada|76/100|[from] Stealth Rock
|turn|12
|
|t:|1757930365
|move|p1a: Hitmonlee|Reversal|p2a: Meowscarada
|-supereffective|p2a: Meowscarada
|-damage|p2a: Meowscarada|0 fnt
|faint|p2a: Meowscarada
|
|upkeep
|
|t:|1757930367
|switch|p2a: Ninetales|Ninetales, F|100/100
|-damage|p2a: Ninetales|76/100|[from] Stealth Rock
|-weather|SunnyDay|[from] ability: Drought|[of] p2a: Ninetales
|turn|13
|
|t:|1757930370
|move|p1a: Hitmonlee|Earthquake|p2a: Ninetales
|-supereffective|p2a: Ninetales
|-damage|p2a: Ninetales|0 fnt
|faint|p2a: Ninetales
|
|win|mikellis
|raw|mikellis's rating: 1102 &rarr; <strong>1128</strong><br />(+26 for winning)
|raw|N4ts0s's rating: 1114 &rarr; <strong>1088</strong><br />(-26 for losing)
|l|☆N4ts0s
|player|p2|
|l|☆mikellis
|player|p1|
