|j|☆ikthoizzykil
|j|☆fradster67
|t:|1757822737
|gametype|singles
|player|p1|ikthoizzykil|pokemaniac-gen3rs|1409
|player|p2|fradster67|clerkf|1409
|gen|9
|tier|[Gen 9] OU
|rated|
|rule|HP Percentage Mod: HP is shown in percentages
|rule|Endless Battle Clause: Forcing endless battles is banned
|rule|Species Clause: Limit one of each Pokémon
|rule|OHKO Clause: OHKO moves are banned
|rule|Evasion Items Clause: Evasion items are banned
|rule|Evasion Moves Clause: Evasion moves are banned
|rule|Evasion Abilities Clause: Evasion abilities are banned
|rule|Sleep Moves Clause: Sleep-inducing moves are banned
|clearpoke
|poke|p1|Kingambit, F|
|poke|p1|Dragapult, M|
|poke|p1|Great Tusk|
|poke|p1|Ogerpon-Wellspring, F|
|poke|p1|Enamorus, F|
|poke|p1|Armarouge, M|
|poke|p2|Dragapult, F|
|poke|p2|Ogerpon-Wellspring, F|
|poke|p2|Zamazenta-*|
|poke|p2|Clefable, F|
|poke|p2|Corviknight, F|
|poke|p2|Ting-Lu|
|teampreview
|inactive|Battle timer is ON: inactive players will automatically lose when time's up. (requested by fradster67)
|inactive|ikthoizzykil also wants the timer to be on.
|
|t:|1757822762
|teamsize|p1|6
|teamsize|p2|6
|start
|switch|p1a: Dragapult|Dragapult, M|100/100
|switch|p2a: Dragapult|Dragapult, F|100/100
|turn|1
|
|t:|1757822768
|switch|p2a: Ting-Lu|Ting-Lu|100/100
|-ability|p2a: Ting-Lu|Vessel of Ruin
|move|p1a: Dragapult|Dragon Darts|p2a: Ting-Lu
|-damage|p2a: Ting-Lu|89/100
|-anim|p1a: Dragapult|Dragon Darts|p2a: Ting-Lu
|-damage|p2a: Ting-Lu|77/100
|
|upkeep
|turn|2
|
|t:|1757822776
|move|p1a: Dragapult|Will-O-Wisp|p2a: Ting-Lu
|-status|p2a: Ting-Lu|brn
|move|p2a: Ting-Lu|Ruination|p1a: Dragapult
|-damage|p1a: Dragapult|51/100
|
|-damage|p2a: Ting-Lu|70/100 brn|[from] brn
|upkeep
|turn|3
|
|t:|1757822784
|switch|p2a: Corviknight|Corviknight, F|100/100
|-ability|p2a: Corviknight|Pressure
|move|p1a: Dragapult|U-turn|p2a: Corviknight
|-resisted|p2a: Corviknight
|-damage|p2a: Corviknight|97/100
|-damage|p1a: Dragapult|34/100|[from] item: Rocky Helmet|[of] p2a: Corviknight
|
|t:|1757822791
|switch|p1a: Armarouge|Armarouge, M|100/100|[from] U-turn
|
|upkeep
|turn|4
|
|t:|1757822796
|move|p2a: Corviknight|U-turn|p1a: Armarouge
|-damage|p1a: Armarouge|91/100
|
|t:|1757822816
|switch|p2a: Ogerpon|Ogerpon-Wellspring, F|100/100|[from] U-turn
|move|p1a: Armarouge|Calm Mind|p1a: Armarouge
|-boost|p1a: Armarouge|spa|1
|-boost|p1a: Armarouge|spd|1
|
|-heal|p1a: Armarouge|97/100|[from] item: Leftovers
|upkeep
|turn|5
|
|t:|1757822827
|switch|p1a: Ogerpon|Ogerpon-Wellspring, F|100/100
|move|p2a: Ogerpon|Encore||[still]
|-fail|p2a: Ogerpon
|
|upkeep
|turn|6
|
|t:|1757822845
|switch|p2a: Corviknight|Corviknight, F|97/100
|-ability|p2a: Corviknight|Pressure
|move|p1a: Ogerpon|Horn Leech|p2a: Corviknight
|-resisted|p2a: Corviknight
|-damage|p2a: Corviknight|90/100
|-damage|p1a: Ogerpon|84/100|[from] item: Rocky Helmet|[of] p2a: Corviknight
|
|upkeep
|turn|7
|
|t:|1757822855
|move|p1a: Ogerpon|Knock Off|p2a: Corviknight
|-damage|p2a: Corviknight|64/100
|-damage|p1a: Ogerpon|67/100|[from] item: Rocky Helmet|[of] p2a: Corviknight
|-enditem|p2a: Corviknight|Rocky Helmet|[from] move: Knock Off|[of] p1a: Ogerpon
|move|p2a: Corviknight|U-turn|p1a: Ogerpon
|-supereffective|p1a: Ogerpon
|-damage|p1a: Ogerpon|26/100
|
|t:|1757822862
|switch|p2a: Dragapult|Dragapult, F|100/100|[from] U-turn
|
|upkeep
|turn|8
|
|t:|1757822878
|switch|p1a: Enamorus|Enamorus, F|100/100
|move|p2a: Dragapult|U-turn|p1a: Enamorus
|-resisted|p1a: Enamorus
|-damage|p1a: Enamorus|94/100
|
|t:|1757822891
|switch|p2a: Clefable|Clefable, F|100/100|[from] U-turn
|
|upkeep
|turn|9
|
|t:|1757822900
|-terastallize|p1a: Enamorus|Fairy
|move|p1a: Enamorus|Moonblast|p2a: Clefable
|-damage|p2a: Clefable|20/100
|move|p2a: Clefable|Thunder Wave|p1a: Enamorus
|-status|p1a: Enamorus|par
|
|upkeep
|turn|10
|
|t:|1757822915
|move|p2a: Clefable|Stealth Rock|p1a: Enamorus
|-sidestart|p1: ikthoizzykil|move: Stealth Rock
|cant|p1a: Enamorus|par
|
|upkeep
|turn|11
|
|t:|1757822922
|-terastallize|p2a: Clefable|Poison
|move|p2a: Clefable|Moonlight|p2a: Clefable
|-heal|p2a: Clefable|70/100
|move|p1a: Enamorus|Moonblast|p2a: Clefable
|-resisted|p2a: Clefable
|-damage|p2a: Clefable|30/100
|-unboost|p2a: Clefable|spa|1
|
|upkeep
|turn|12
|
|t:|1757822932
|switch|p1a: Great Tusk|Great Tusk|100/100
|-damage|p1a: Great Tusk|97/100|[from] Stealth Rock
|move|p2a: Clefable|Moonlight|p2a: Clefable
|-heal|p2a: Clefable|80/100
|
|-heal|p1a: Great Tusk|100/100|[from] item: Leftovers
|upkeep
|turn|13
|
|t:|1757822942
|-end|p1a: Great Tusk|Protosynthesis|[silent]
|switch|p1a: Dragapult|Dragapult, M|34/100
|switch|p2a: Corviknight|Corviknight, F|64/100
|-ability|p2a: Corviknight|Pressure
|
|upkeep
|turn|14
|
|t:|1757822954
|move|p1a: Dragapult|Dragon Darts|p2a: Corviknight
|-resisted|p2a: Corviknight
|-damage|p2a: Corviknight|57/100
|-anim|p1a: Dragapult|Dragon Darts|p2a: Corviknight
|-resisted|p2a: Corviknight
|-damage|p2a: Corviknight|49/100
|move|p2a: Corviknight|Roost|p2a: Corviknight
|-heal|p2a: Corviknight|99/100
|-singleturn|p2a: Corviknight|move: Roost
|
|upkeep
|turn|15
|
|t:|1757822963
|switch|p2a: Ting-Lu|Ting-Lu|70/100 brn
|-ability|p2a: Ting-Lu|Vessel of Ruin
|move|p1a: Dragapult|Will-O-Wisp|p2a: Ting-Lu
|-fail|p2a: Ting-Lu|brn
|
|-damage|p2a: Ting-Lu|64/100 brn|[from] brn
|upkeep
|turn|16
|
|t:|1757822972
|move|p1a: Dragapult|U-turn|p2a: Ting-Lu
|-supereffective|p2a: Ting-Lu
|-damage|p2a: Ting-Lu|43/100 brn
|
|t:|1757822976
|switch|p1a: Great Tusk|Great Tusk|100/100|[from] U-turn
|-damage|p1a: Great Tusk|97/100|[from] Stealth Rock
|move|p2a: Ting-Lu|Ruination|p1a: Great Tusk
|-damage|p1a: Great Tusk|49/100
|
|-heal|p1a: Great Tusk|55/100|[from] item: Leftovers
|-damage|p2a: Ting-Lu|37/100 brn|[from] brn
|upkeep
|turn|17
|
|t:|1757822984
|switch|p2a: Corviknight|Corviknight, F|99/100
|-ability|p2a: Corviknight|Pressure
|move|p1a: Great Tusk|Stealth Rock|p2a: Corviknight
|-sidestart|p2: fradster67|move: Stealth Rock
|
|-heal|p1a: Great Tusk|62/100|[from] item: Leftovers
|upkeep
|turn|18
|
|t:|1757822995
|-end|p1a: Great Tusk|Protosynthesis|[silent]
|switch|p1a: Dragapult|Dragapult, M|34/100
|move|p2a: Corviknight|U-turn|p1a: Dragapult
|-resisted|p1a: Dragapult
|-damage|p1a: Dragapult|24/100
|
|t:|1757822998
|switch|p2a: Ting-Lu|Ting-Lu|37/100 brn|[from] U-turn
|-damage|p2a: Ting-Lu|31/100 brn|[from] Stealth Rock
|-ability|p2a: Ting-Lu|Vessel of Ruin
|
|-damage|p2a: Ting-Lu|25/100 brn|[from] brn
|upkeep
|turn|19
|
|t:|1757823006
|move|p1a: Dragapult|Dragon Darts|p2a: Ting-Lu
|-damage|p2a: Ting-Lu|12/100 brn
|-anim|p1a: Dragapult|Dragon Darts|p2a: Ting-Lu
|-damage|p2a: Ting-Lu|0 fnt
|faint|p2a: Ting-Lu
|
|upkeep
|
|t:|1757823010
|switch|p2a: Corviknight|Corviknight, F|99/100
|-damage|p2a: Corviknight|86/100|[from] Stealth Rock
|-ability|p2a: Corviknight|Pressure
|turn|20
|
|t:|1757823015
|move|p1a: Dragapult|Will-O-Wisp|p2a: Corviknight
|-status|p2a: Corviknight|brn
|move|p2a: Corviknight|U-turn|p1a: Dragapult
|-resisted|p1a: Dragapult
|-damage|p1a: Dragapult|19/100
|
|t:|1757823018
|switch|p2a: Clefable|Clefable, F, tera:Poison|80/100|[from] U-turn
|
|upkeep
|turn|21
|
|t:|1757823023
|move|p1a: Dragapult|U-turn|p2a: Clefable
|-resisted|p2a: Clefable
|-damage|p2a: Clefable|69/100
|-damage|p1a: Dragapult|3/100|[from] item: Rocky Helmet|[of] p2a: Clefable
|
|t:|1757823031
|switch|p1a: Enamorus|Enamorus, F, tera:Fairy|94/100 par|[from] U-turn
|-damage|p1a: Enamorus|81/100 par|[from] Stealth Rock
|move|p2a: Clefable|Moonblast|p1a: Enamorus
|-damage|p1a: Enamorus|39/100 par
|-boost|p1a: Enamorus|spa|1
|
|upkeep
|turn|22
|
|t:|1757823042
|move|p2a: Clefable|Moonblast|p1a: Enamorus
|-damage|p1a: Enamorus|0 fnt
|faint|p1a: Enamorus
|
|upkeep
|
|t:|1757823046
|switch|p1a: Great Tusk|Great Tusk|62/100
|-damage|p1a: Great Tusk|58/100|[from] Stealth Rock
|turn|23
|
|t:|1757823056
|switch|p2a: Corviknight|Corviknight, F|86/100 brn
|-damage|p2a: Corviknight|74/100 brn|[from] Stealth Rock
|-ability|p2a: Corviknight|Pressure
|move|p1a: Great Tusk|Rapid Spin|p2a: Corviknight
|-resisted|p2a: Corviknight
|-damage|p2a: Corviknight|68/100 brn
|-boost|p1a: Great Tusk|spe|1
|-sideend|p1: ikthoizzykil|Stealth Rock|[from] move: Rapid Spin|[of] p1a: Great Tusk
|
|-heal|p1a: Great Tusk|65/100|[from] item: Leftovers
|-damage|p2a: Corviknight|62/100 brn|[from] brn
|upkeep
|turn|24
|
|t:|1757823069
|-end|p1a: Great Tusk|Protosynthesis|[silent]
|switch|p1a: Ogerpon|Ogerpon-Wellspring, F|26/100
|move|p2a: Corviknight|U-turn|p1a: Ogerpon
|-supereffective|p1a: Ogerpon
|-damage|p1a: Ogerpon|7/100
|
|t:|1757823073
|switch|p2a: Dragapult|Dragapult, F|100/100|[from] U-turn
|-damage|p2a: Dragapult|88/100|[from] Stealth Rock
|
|upkeep
|turn|25
|
|t:|1757823082
|switch|p1a: Kingambit|Kingambit, F|100/100
|move|p2a: Dragapult|Shadow Ball|p1a: Kingambit
|-resisted|p1a: Kingambit
|-damage|p1a: Kingambit|76/100
|
|upkeep
|turn|26
|
|t:|1757823103
|switch|p2a: Corviknight|Corviknight, F|62/100 brn
|-damage|p2a: Corviknight|49/100 brn|[from] Stealth Rock
|-ability|p2a: Corviknight|Pressure
|switch|p1a: Armarouge|Armarouge, M|97/100
|
|-heal|p1a: Armarouge|100/100|[from] item: Leftovers
|-damage|p2a: Corviknight|43/100 brn|[from] brn
|upkeep
|turn|27
|
|t:|1757823114
|switch|p2a: Clefable|Clefable, F, tera:Poison|69/100
|move|p1a: Armarouge|Fire Blast|p2a: Clefable
|-damage|p2a: Clefable|40/100
|
|upkeep
|turn|28
|
|t:|1757823124
|switch|p1a: Great Tusk|Great Tusk|65/100
|move|p2a: Clefable|Thunder Wave|p1a: Great Tusk
|-immune|p1a: Great Tusk
|
|-heal|p1a: Great Tusk|71/100|[from] item: Leftovers
|upkeep
|turn|29
|
|t:|1757823131
|switch|p2a: Corviknight|Corviknight, F|43/100 brn
|-damage|p2a: Corviknight|30/100 brn|[from] Stealth Rock
|-ability|p2a: Corviknight|Pressure
|move|p1a: Great Tusk|Earthquake|p2a: Corviknight
|-immune|p2a: Corviknight
|
|-heal|p1a: Great Tusk|77/100|[from] item: Leftovers
|-damage|p2a: Corviknight|24/100 brn|[from] brn
|upkeep
|turn|30
|
|t:|1757823141
|-end|p1a: Great Tusk|Protosynthesis|[silent]
|switch|p1a: Armarouge|Armarouge, M|100/100
|move|p2a: Corviknight|Roost|p2a: Corviknight
|-heal|p2a: Corviknight|74/100 brn
|-singleturn|p2a: Corviknight|move: Roost
|
|-damage|p2a: Corviknight|68/100 brn|[from] brn
|upkeep
|turn|31
|
|t:|1757823152
|switch|p2a: Clefable|Clefable, F, tera:Poison|40/100
|move|p1a: Armarouge|Calm Mind|p1a: Armarouge
|-boost|p1a: Armarouge|spa|1
|-boost|p1a: Armarouge|spd|1
|
|upkeep
|turn|32
|
|t:|1757823160
|move|p1a: Armarouge|Psyshock|p2a: Clefable
|-supereffective|p2a: Clefable
|-damage|p2a: Clefable|0 fnt
|faint|p2a: Clefable
|
|upkeep
|
|t:|1757823164
|switch|p2a: Ogerpon|Ogerpon-Wellspring, F|100/100
|-damage|p2a: Ogerpon|88/100|[from] Stealth Rock
|turn|33
|
|t:|1757823173
|move|p2a: Ogerpon|Ivy Cudgel|p1a: Armarouge|[anim] Ivy Cudgel Water
|-supereffective|p1a: Armarouge
|-damage|p1a: Armarouge|10/100
|move|p1a: Armarouge|Fire Blast|p2a: Ogerpon|[miss]
|-miss|p1a: Armarouge|p2a: Ogerpon
|
|-heal|p1a: Armarouge|16/100|[from] item: Leftovers
|upkeep
|turn|34
|
|t:|1757823181
|move|p2a: Ogerpon|Horn Leech|p1a: Armarouge
|-resisted|p1a: Armarouge
|-damage|p1a: Armarouge|0 fnt
|-heal|p2a: Ogerpon|98/100|[from] drain|[of] p1a: Armarouge
|faint|p1a: Armarouge
|
|upkeep
|
|t:|1757823187
|switch|p1a: Dragapult|Dragapult, M|3/100
|turn|35
|
|t:|1757823192
|switch|p2a: Corviknight|Corviknight, F|68/100 brn
|-damage|p2a: Corviknight|55/100 brn|[from] Stealth Rock
|-ability|p2a: Corviknight|Pressure
|move|p1a: Dragapult|Hex|p2a: Corviknight
|-damage|p2a: Corviknight|2/100 brn
|
|-damage|p2a: Corviknight|0 fnt|[from] brn
|faint|p2a: Corviknight
|upkeep
|
|t:|1757823204
|switch|p2a: Ogerpon|Ogerpon-Wellspring, F|98/100
|-damage|p2a: Ogerpon|86/100|[from] Stealth Rock
|turn|36
|
|t:|1757823208
|move|p1a: Dragapult|Will-O-Wisp|p2a: Ogerpon
|-status|p2a: Ogerpon|brn
|move|p2a: Ogerpon|Spikes|p1a: Dragapult
|-sidestart|p1: ikthoizzykil|Spikes
|
|-damage|p2a: Ogerpon|80/100 brn|[from] brn
|upkeep
|turn|37
|
|t:|1757823217
|move|p1a: Dragapult|Hex|p2a: Ogerpon
|-damage|p2a: Ogerpon|19/100 brn
|move|p2a: Ogerpon|Horn Leech|p1a: Dragapult
|-resisted|p1a: Dragapult
|-damage|p1a: Dragapult|0 fnt
|-heal|p2a: Ogerpon|21/100 brn|[from] drain|[of] p1a: Dragapult
|faint|p1a: Dragapult
|
|-damage|p2a: Ogerpon|15/100 brn|[from] brn
|upkeep
|
|t:|1757823229
|switch|p1a: Kingambit|Kingambit, F|76/100
|-damage|p1a: Kingambit|64/100|[from] Spikes
|turn|38
|
|t:|1757823236
|move|p1a: Kingambit|Sucker Punch||[still]
|-fail|p1a: Kingambit
|move|p2a: Ogerpon|Spikes|p1a: Kingambit
|-sidestart|p1: ikthoizzykil|Spikes
|
|-damage|p2a: Ogerpon|9/100 brn|[from] brn
|upkeep
|turn|39
|
|t:|1757823242
|move|p1a: Kingambit|Sucker Punch||[still]
|-fail|p1a: Kingambit
|move|p2a: Ogerpon|Encore|p1a: Kingambit
|-start|p1a: Kingambit|Encore
|
|-damage|p2a: Ogerpon|3/100 brn|[from] brn
|upkeep
|turn|40
|
|t:|1757823247
|move|p1a: Kingambit|Sucker Punch|p2a: Ogerpon
|-damage|p2a: Ogerpon|0 fnt
|faint|p2a: Ogerpon
|
|upkeep
|
|t:|1757823250
|switch|p2a: Zamazenta|Zamazenta|100/100
|-damage|p2a: Zamazenta|94/100|[from] Stealth Rock
|-ability|p2a: Zamazenta|Dauntless Shield|boost
|-boost|p2a: Zamazenta|def|1
|turn|41
|
|t:|1757823259
|switch|p1a: Great Tusk|Great Tusk|77/100
|-damage|p1a: Great Tusk|60/100|[from] Spikes
|move|p2a: Zamazenta|Close Combat|p1a: Great Tusk
|-damage|p1a: Great Tusk|1/100
|-unboost|p2a: Zamazenta|def|1
|-unboost|p2a: Zamazenta|spd|1
|
|-heal|p1a: Great Tusk|8/100|[from] item: Leftovers
|upkeep
|turn|42
|
|t:|1757823268
|move|p2a: Zamazenta|Close Combat|p1a: Great Tusk
|-damage|p1a: Great Tusk|0 fnt
|-unboost|p2a: Zamazenta|def|1
|-unboost|p2a: Zamazenta|spd|1
|faint|p1a: Great Tusk
|-end|p1a: Great Tusk|Protosynthesis|[silent]
|
|upkeep
|
|t:|1757823277
|switch|p1a: Kingambit|Kingambit, F|64/100
|-damage|p1a: Kingambit|47/100|[from] Spikes
|turn|43
|
|t:|1757823281
|move|p1a: Kingambit|Sucker Punch|p2a: Zamazenta
|-resisted|p2a: Zamazenta
|-damage|p2a: Zamazenta|59/100
|move|p2a: Zamazenta|Close Combat|p1a: Kingambit
|-supereffective|p1a: Kingambit
|-damage|p1a: Kingambit|0 fnt
|-unboost|p2a: Zamazenta|def|1
|-unboost|p2a: Zamazenta|spd|1
|faint|p1a: Kingambit
|
|upkeep
|l|☆ikthoizzykil
|inactive|ikthoizzykil disconnected and has a minute to reconnect!
|player|p1|
|inactive|ikthoizzykil has 30 seconds to reconnect!
|inactive|ikthoizzykil has 20 seconds to reconnect!
|inactive|ikthoizzykil has 15 seconds to reconnect!
|inactive|ikthoizzykil has 10 seconds to reconnect!
|inactive|ikthoizzykil has 5 seconds to reconnect!
|-message|ikthoizzykil lost due to inactivity.
|
|win|fradster67
|raw|ikthoizzykil's rating: 1409 &rarr; <strong>1389</strong><br />(-20 for losing)
|raw|fradster67's rating: 1409 &rarr; <strong>1429</strong><br />(+20 for winning)
