|j|☆vanguard on tt
|j|☆2011 jonah hill
|t:|1757823148
|gametype|singles
|player|p1|vanguard on tt|169|1385
|player|p2|2011 jonah hill|101|1436
|gen|9
|tier|[Gen 9] OU
|rated|
|rule|HP Percentage Mod: HP is shown in percentages
|rule|Endless Battle Clause: Forcing endless battles is banned
|rule|Species Clause: Limit one of each Pokémon
|rule|OHKO Clause: OHKO moves are banned
|rule|Evasion Items Clause: Evasion items are banned
|rule|Evasion Moves Clause: Evasion moves are banned
|rule|Evasion Abilities Clause: Evasion abilities are banned
|rule|Sleep Moves Clause: Sleep-inducing moves are banned
|clearpoke
|poke|p1|Empoleon, M|
|poke|p1|Kingambit, F|
|poke|p1|Hoopa-Unbound|
|poke|p1|Landorus-Therian, M|
|poke|p1|Glaceon, M|
|poke|p1|Great Tusk|
|poke|p2|Weavile, F|
|poke|p2|Slither Wing|
|poke|p2|Pecharunt|
|poke|p2|Ting-Lu|
|poke|p2|Talonflame, M|
|poke|p2|Hydrapple, F|
|teampreview
|inactive|Battle timer is ON: inactive players will automatically lose when time's up. (requested by vanguard on tt)
|inactive|2011 jonah hill has 120 seconds left.
|inactive|2011 jonah hill has 90 seconds left.
|c|☆vanguard on tt|twin
|c|☆vanguard on tt|play
|c|☆vanguard on tt|dawg
|c|☆2011 jonah hill|chill
|inactive|2011 jonah hill has 60 seconds left.
|
|t:|1757823251
|teamsize|p1|6
|teamsize|p2|6
|start
|switch|p1a: Landorus|Landorus-Therian, M|100/100
|switch|p2a: Slither Wing|Slither Wing|100/100
|-ability|p1a: Landorus|Intimidate|boost
|-unboost|p2a: Slither Wing|atk|1
|turn|1
|
|t:|1757823279
|move|p1a: Landorus|Taunt|p2a: Slither Wing
|-start|p2a: Slither Wing|move: Taunt
|cant|p2a: Slither Wing|move: Taunt|Will-O-Wisp
|
|upkeep
|turn|2
|
|t:|1757823286
|move|p1a: Landorus|Stealth Rock|p2a: Slither Wing
|-sidestart|p2: 2011 jonah hill|move: Stealth Rock
|move|p2a: Slither Wing|U-turn|p1a: Landorus
|-resisted|p1a: Landorus
|-damage|p1a: Landorus|91/100
|-damage|p2a: Slither Wing|84/100|[from] item: Rocky Helmet|[of] p1a: Landorus
|inactive|2011 jonah hill has 120 seconds left.
|
|t:|1757823323
|-end|p2a: Slither Wing|Protosynthesis|[silent]
|switch|p2a: Talonflame|Talonflame, M|100/100|[from] U-turn
|
|upkeep
|turn|3
|
|t:|1757823334
|move|p2a: Talonflame|Will-O-Wisp|p1a: Landorus
|-status|p1a: Landorus|brn
|move|p1a: Landorus|U-turn|p2a: Talonflame
|-resisted|p2a: Talonflame
|-damage|p2a: Talonflame|98/100
|
|t:|1757823345
|switch|p1a: Empoleon|Empoleon, M|100/100|[from] U-turn
|
|upkeep
|turn|4
|inactive|2011 jonah hill has 120 seconds left.
|inactive|2011 jonah hill has 90 seconds left.
|
|t:|1757823380
|switch|p2a: Hydrapple|Hydrapple, F|100/100
|move|p1a: Empoleon|Surf|p2a: Hydrapple
|-resisted|p2a: Hydrapple
|-damage|p2a: Hydrapple|84/100
|
|upkeep
|turn|5
|
|t:|1757823389
|switch|p1a: Glaceon|Glaceon, M|100/100
|move|p2a: Hydrapple|Earth Power|p1a: Glaceon
|-damage|p1a: Glaceon|67/100
|
|upkeep
|turn|6
|
|t:|1757823396
|switch|p2a: Talonflame|Talonflame, M|98/100
|move|p1a: Glaceon|Freeze-Dry|p2a: Talonflame
|-damage|p2a: Talonflame|62/100
|
|upkeep
|turn|7
|
|t:|1757823402
|move|p1a: Glaceon|Protect|p1a: Glaceon
|-singleturn|p1a: Glaceon|Protect
|move|p2a: Talonflame|Defog|p1a: Glaceon
|-activate|p1a: Glaceon|move: Protect
|
|upkeep
|turn|8
|
|t:|1757823411
|switch|p1a: Landorus|Landorus-Therian, M|91/100 brn
|-ability|p1a: Landorus|Intimidate|boost
|-unboost|p2a: Talonflame|atk|1
|move|p2a: Talonflame|Defog|p1a: Landorus
|-unboost|p1a: Landorus|evasion|1
|-sideend|p2: 2011 jonah hill|Stealth Rock|[from] move: Defog|[of] p2a: Talonflame
|
|-damage|p1a: Landorus|85/100 brn|[from] brn
|upkeep
|turn|9
|
|t:|1757823421
|move|p2a: Talonflame|Flamethrower|p1a: Landorus
|-damage|p1a: Landorus|57/100 brn
|move|p1a: Landorus|Stealth Rock|p2a: Talonflame
|-sidestart|p2: 2011 jonah hill|move: Stealth Rock
|
|-damage|p1a: Landorus|51/100 brn|[from] brn
|upkeep
|turn|10
|
|t:|1757823431
|switch|p1a: Empoleon|Empoleon, M|100/100
|move|p2a: Talonflame|Defog|p1a: Empoleon
|-unboost|p1a: Empoleon|evasion|1
|-ability|p1a: Empoleon|Competitive|boost
|-boost|p1a: Empoleon|spa|2
|-sideend|p2: 2011 jonah hill|Stealth Rock|[from] move: Defog|[of] p2a: Talonflame
|
|upkeep
|turn|11
|
|t:|1757823448
|switch|p2a: Hydrapple|Hydrapple, F|100/100
|move|p1a: Empoleon|Flash Cannon|p2a: Hydrapple
|-damage|p2a: Hydrapple|0 fnt
|faint|p2a: Hydrapple
|
|upkeep
|
|t:|1757823457
|switch|p2a: Ting-Lu|Ting-Lu|100/100
|-ability|p2a: Ting-Lu|Vessel of Ruin
|turn|12
|
|t:|1757823460
|move|p1a: Empoleon|Flash Cannon|p2a: Ting-Lu
|-damage|p2a: Ting-Lu|53/100
|move|p2a: Ting-Lu|Stealth Rock|p1a: Empoleon
|-sidestart|p1: vanguard on tt|move: Stealth Rock
|
|upkeep
|turn|13
|
|t:|1757823463
|move|p1a: Empoleon|Flash Cannon|p2a: Ting-Lu
|-damage|p2a: Ting-Lu|0 fnt
|faint|p2a: Ting-Lu
|
|upkeep
|
|t:|1757823475
|switch|p2a: Pecharunt|Pecharunt|100/100
|turn|14
|
|t:|1757823478
|move|p2a: Pecharunt|Parting Shot|p1a: Empoleon
|-unboost|p1a: Empoleon|atk|1
|-ability|p1a: Empoleon|Competitive|boost
|-boost|p1a: Empoleon|spa|2
|-unboost|p1a: Empoleon|spa|1
|-ability|p1a: Empoleon|Competitive|boost
|-boost|p1a: Empoleon|spa|2
|
|t:|1757823483
|switch|p2a: Slither Wing|Slither Wing|84/100|[from] Parting Shot
|move|p1a: Empoleon|Flash Cannon|p2a: Slither Wing
|-damage|p2a: Slither Wing|0 fnt
|faint|p2a: Slither Wing
|-end|p2a: Slither Wing|Protosynthesis|[silent]
|
|upkeep
|
|t:|1757823484
|switch|p2a: Weavile|Weavile, F|100/100
|-ability|p2a: Weavile|Pressure
|turn|15
|
|t:|1757823488
|-terastallize|p2a: Weavile|Electric
|move|p2a: Weavile|Tera Blast|p1a: Empoleon|[anim] Tera Blast Electric
|-supereffective|p1a: Empoleon
|-damage|p1a: Empoleon|0 fnt
|faint|p1a: Empoleon
|
|upkeep
|
|t:|1757823495
|switch|p1a: Great Tusk|Great Tusk|100/100
|-damage|p1a: Great Tusk|98/100|[from] Stealth Rock
|turn|16
|
|t:|1757823511
|switch|p2a: Pecharunt|Pecharunt|100/100
|move|p1a: Great Tusk|Ice Spinner|p2a: Pecharunt
|-damage|p2a: Pecharunt|83/100
|
|upkeep
|turn|17
|
|t:|1757823518
|-end|p1a: Great Tusk|Protosynthesis|[silent]
|switch|p1a: Landorus|Landorus-Therian, M|51/100 brn
|-damage|p1a: Landorus|39/100 brn|[from] Stealth Rock
|-ability|p1a: Landorus|Intimidate|boost
|-unboost|p2a: Pecharunt|atk|1
|move|p2a: Pecharunt|Parting Shot|p1a: Landorus
|-unboost|p1a: Landorus|atk|1
|-unboost|p1a: Landorus|spa|1
|
|t:|1757823521
|switch|p2a: Weavile|Weavile, F, tera:Electric|100/100|[from] Parting Shot
|-ability|p2a: Weavile|Pressure
|
|-damage|p1a: Landorus|33/100 brn|[from] brn
|upkeep
|turn|18
|
|t:|1757823531
|move|p2a: Weavile|Swords Dance|p2a: Weavile
|-boost|p2a: Weavile|atk|2
|move|p1a: Landorus|Earth Power|p2a: Weavile
|-supereffective|p2a: Weavile
|-damage|p2a: Weavile|40/100
|
|-damage|p1a: Landorus|27/100 brn|[from] brn
|upkeep
|turn|19
|
|t:|1757823538
|move|p2a: Weavile|Knock Off|p1a: Landorus
|-damage|p1a: Landorus|0 fnt
|-damage|p2a: Weavile|24/100|[from] item: Rocky Helmet|[of] p1a: Landorus
|-enditem|p1a: Landorus|Rocky Helmet|[from] move: Knock Off|[of] p2a: Weavile
|faint|p1a: Landorus
|
|upkeep
|
|t:|1757823551
|switch|p1a: Great Tusk|Great Tusk|98/100
|-damage|p1a: Great Tusk|95/100|[from] Stealth Rock
|turn|20
|
|t:|1757823561
|move|p1a: Great Tusk|Close Combat|p2a: Weavile
|-damage|p2a: Weavile|0 fnt
|-unboost|p1a: Great Tusk|def|1
|-unboost|p1a: Great Tusk|spd|1
|faint|p2a: Weavile
|
|upkeep
|
|t:|1757823563
|switch|p2a: Talonflame|Talonflame, M|62/100
|turn|21
|
|t:|1757823569
|-end|p1a: Great Tusk|Protosynthesis|[silent]
|switch|p1a: Hoopa|Hoopa-Unbound|100/100
|-damage|p1a: Hoopa|88/100|[from] Stealth Rock
|move|p2a: Talonflame|Will-O-Wisp|p1a: Hoopa
|-status|p1a: Hoopa|brn
|
|-damage|p1a: Hoopa|82/100 brn|[from] brn
|upkeep
|turn|22
|
|t:|1757823574
|move|p2a: Talonflame|Roost|p2a: Talonflame
|-heal|p2a: Talonflame|100/100
|-singleturn|p2a: Talonflame|move: Roost
|move|p1a: Hoopa|Psychic Noise|p2a: Talonflame
|-damage|p2a: Talonflame|39/100
|-start|p2a: Talonflame|move: Heal Block
|
|-damage|p1a: Hoopa|76/100 brn|[from] brn
|upkeep
|turn|23
|c|☆vanguard on tt|ggs
|
|t:|1757823582
|move|p2a: Talonflame|Flamethrower|p1a: Hoopa
|-damage|p1a: Hoopa|64/100 brn
|move|p1a: Hoopa|Psychic Noise|p2a: Talonflame
|-damage|p2a: Talonflame|0 fnt
|faint|p2a: Talonflame
|
|-damage|p1a: Hoopa|58/100 brn|[from] brn
|upkeep
|-message|2011 jonah hill forfeited.
|
|win|vanguard on tt
|raw|vanguard on tt's rating: 1385 &rarr; <strong>1408</strong><br />(+23 for winning)
|raw|2011 jonah hill's rating: 1436 &rarr; <strong>1413</strong><br />(-23 for losing)
|l|☆2011 jonah hill
|player|p2|
|l|☆vanguard on tt
|player|p1|
