|j|☆Lenghong
|j|☆banjin
|t:|1757845528
|gametype|singles
|player|p1|Lenghong|hilda|1325
|player|p2|banjin|beauty-gen6xy|1345
|gen|9
|tier|[Gen 9] OU
|rated|
|rule|HP Percentage Mod: HP is shown in percentages
|rule|Endless Battle Clause: Forcing endless battles is banned
|rule|Species Clause: Limit one of each Pokémon
|rule|OHKO Clause: OHKO moves are banned
|rule|Evasion Items Clause: Evasion items are banned
|rule|Evasion Moves Clause: Evasion moves are banned
|rule|Evasion Abilities Clause: Evasion abilities are banned
|rule|Sleep Moves Clause: Sleep-inducing moves are banned
|clearpoke
|poke|p1|Garganacl, M|
|poke|p1|Glimmora, M|
|poke|p1|Iron Boulder|
|poke|p1|Arcanine-Hisui, F|
|poke|p1|Kleavor, F|
|poke|p1|Tyranitar, F|
|poke|p2|Minior-Blue|
|poke|p2|Lokix, F|
|poke|p2|Thundurus-Therian, M|
|poke|p2|Muk-Alola, F|
|poke|p2|Emboar, M|
|poke|p2|Ditto|
|teampreview
|inactive|Battle timer is ON: inactive players will automatically lose when time's up. (requested by banjin)
|
|t:|1757845533
|teamsize|p1|6
|teamsize|p2|6
|start
|switch|p1a: Glimmora|Glimmora, M|100/100
|switch|p2a: Paws|Thundurus-Therian, M|100/100
|turn|1
|
|t:|1757845538
|move|p2a: Paws|Thunderbolt|p1a: Glimmora
|-damage|p1a: Glimmora|24/100
|move|p1a: Glimmora|Stealth Rock|p2a: Paws
|-sidestart|p2: banjin|move: Stealth Rock
|
|upkeep
|turn|2
|
|t:|1757845545
|switch|p1a: Tyranitar|Tyranitar, F|100/100
|-weather|Sandstorm|[from] ability: Sand Stream|[of] p1a: Tyranitar
|move|p2a: Paws|Thunderbolt|p1a: Tyranitar
|-damage|p1a: Tyranitar|84/100
|
|-weather|Sandstorm|[upkeep]
|-damage|p2a: Paws|94/100|[from] Sandstorm
|upkeep
|turn|3
|
|t:|1757845548
|move|p2a: Paws|Grass Knot|p1a: Tyranitar
|-supereffective|p1a: Tyranitar
|-damage|p1a: Tyranitar|56/100
|move|p1a: Tyranitar|Knock Off|p2a: Paws
|-damage|p2a: Paws|34/100
|-enditem|p2a: Paws|Focus Sash|[from] move: Knock Off|[of] p1a: Tyranitar
|
|-weather|Sandstorm|[upkeep]
|-damage|p2a: Paws|28/100|[from] Sandstorm
|upkeep
|turn|4
|
|t:|1757845564
|switch|p2a: Dragmire|Emboar, M, shiny|100/100
|-damage|p2a: Dragmire|88/100|[from] Stealth Rock
|move|p1a: Tyranitar|Knock Off|p2a: Dragmire
|-resisted|p2a: Dragmire
|-damage|p2a: Dragmire|61/100
|-enditem|p2a: Dragmire|Focus Sash|[from] move: Knock Off|[of] p1a: Tyranitar
|
|-weather|Sandstorm|[upkeep]
|-damage|p2a: Dragmire|55/100|[from] Sandstorm
|upkeep
|turn|5
|
|t:|1757845569
|switch|p1a: Glimmora|Glimmora, M|24/100
|move|p2a: Dragmire|Drain Punch|p1a: Glimmora
|-damage|p1a: Glimmora|0 fnt
|-heal|p2a: Dragmire|65/100|[from] drain|[of] p1a: Glimmora
|-activate|p1a: Glimmora|ability: Toxic Debris
|-sidestart|p2: banjin|move: Toxic Spikes
|faint|p1a: Glimmora
|
|-weather|Sandstorm|[upkeep]
|-damage|p2a: Dragmire|59/100|[from] Sandstorm
|upkeep
|
|t:|1757845579
|switch|p1a: Iron Boulder|Iron Boulder|100/100
|turn|6
|
|t:|1757845586
|move|p1a: Iron Boulder|Earthquake|p2a: Dragmire
|-supereffective|p2a: Dragmire
|-damage|p2a: Dragmire|0 fnt
|faint|p2a: Dragmire
|-damage|p1a: Iron Boulder|91/100|[from] item: Life Orb
|
|-weather|none
|upkeep
|
|t:|1757845590
|switch|p2a: Beppo|Muk-Alola, F|100/100
|-damage|p2a: Beppo|88/100|[from] Stealth Rock
|-sideend|p2: banjin|move: Toxic Spikes|[of] p2a: Beppo
|turn|7
|-activate|p2a: Beppo|item: Quick Claw
|
|t:|1757845602
|-terastallize|p2a: Beppo|Water
|move|p2a: Beppo|Knock Off|p1a: Iron Boulder
|-supereffective|p1a: Iron Boulder
|-damage|p1a: Iron Boulder|0 fnt
|-enditem|p1a: Iron Boulder|Life Orb|[from] move: Knock Off|[of] p2a: Beppo
|faint|p1a: Iron Boulder
|-end|p1a: Iron Boulder|Quark Drive|[silent]
|
|upkeep
|
|t:|1757845614
|switch|p1a: Arcanine|Arcanine-Hisui, F, shiny|100/100
|turn|8
|-activate|p2a: Beppo|item: Quick Claw
|
|t:|1757845617
|move|p2a: Beppo|Drain Punch|p1a: Arcanine
|-supereffective|p1a: Arcanine
|-damage|p1a: Arcanine|42/100
|-heal|p2a: Beppo|100/100|[from] drain|[of] p1a: Arcanine
|-status|p1a: Arcanine|psn|[from] ability: Poison Touch|[of] p2a: Beppo
|move|p1a: Arcanine|Head Smash|p2a: Beppo
|-damage|p2a: Beppo|0 fnt
|faint|p2a: Beppo
|
|-damage|p1a: Arcanine|30/100 psn|[from] psn
|upkeep
|
|t:|1757845629
|switch|p2a: 𒉎|Ditto|100/100
|-damage|p2a: 𒉎|88/100|[from] Stealth Rock
|-transform|p2a: 𒉎|p1a: Arcanine|[from] ability: Imposter
|turn|9
|
|t:|1757845645
|switch|p1a: Garganacl|Garganacl, M|100/100
|move|p2a: 𒉎|Wild Charge|p1a: Garganacl
|-damage|p1a: Garganacl|85/100
|
|-heal|p1a: Garganacl|92/100|[from] item: Leftovers
|upkeep
|turn|10
|
|t:|1757845656
|switch|p2a: Katy|Lokix, F|100/100
|move|p1a: Garganacl|Salt Cure|p2a: Katy
|-supereffective|p2a: Katy
|-damage|p2a: Katy|62/100
|-start|p2a: Katy|Salt Cure
|
|-heal|p1a: Garganacl|98/100|[from] item: Leftovers
|-damage|p2a: Katy|49/100|[from] Salt Cure
|upkeep
|turn|11
|
|t:|1757845663
|switch|p2a: Paws|Thundurus-Therian, M|28/100
|-damage|p2a: Paws|3/100|[from] Stealth Rock
|move|p1a: Garganacl|Recover|p1a: Garganacl
|-heal|p1a: Garganacl|100/100
|
|upkeep
|turn|12
|
|t:|1757845669
|switch|p1a: Tyranitar|Tyranitar, F|56/100
|-weather|Sandstorm|[from] ability: Sand Stream|[of] p1a: Tyranitar
|move|p2a: Paws|Grass Knot|p1a: Tyranitar
|-supereffective|p1a: Tyranitar
|-damage|p1a: Tyranitar|27/100
|
|-weather|Sandstorm|[upkeep]
|-damage|p2a: Paws|0 fnt|[from] Sandstorm
|faint|p2a: Paws
|upkeep
|
|t:|1757845671
|switch|p2a: Mr. Brightside|Minior-Blue|100/100
|-damage|p2a: Mr. Brightside|75/100|[from] Stealth Rock
|-formechange|p2a: Mr. Brightside|Minior-Meteor||[from] ability: Shields Down
|turn|13
|
|t:|1757845679
|move|p2a: Mr. Brightside|Shell Smash|p2a: Mr. Brightside
|-unboost|p2a: Mr. Brightside|def|1
|-unboost|p2a: Mr. Brightside|spd|1
|-boost|p2a: Mr. Brightside|atk|2
|-boost|p2a: Mr. Brightside|spa|2
|-boost|p2a: Mr. Brightside|spe|2
|-enditem|p2a: Mr. Brightside|White Herb
|-clearnegativeboost|p2a: Mr. Brightside|[silent]
|move|p1a: Tyranitar|Heavy Slam|p2a: Mr. Brightside
|-supereffective|p2a: Mr. Brightside
|-damage|p2a: Mr. Brightside|0 fnt
|faint|p2a: Mr. Brightside
|
|-weather|Sandstorm|[upkeep]
|upkeep
|-message|banjin forfeited.
|
|win|Lenghong
|raw|Lenghong's rating: 1325 &rarr; <strong>1346</strong><br />(+21 for winning)
|raw|banjin's rating: 1345 &rarr; <strong>1324</strong><br />(-21 for losing)
|l|☆banjin
|player|p2|
|l|☆Lenghong
|player|p1|
