|j|☆redkaa
|j|☆sdgkjshdkf
|t:|1757848752
|gametype|singles
|player|p1|redkaa|1|1631
|player|p2|sdgkjshdkf|101|1722
|gen|9
|tier|[Gen 9] OU
|rated|
|rule|HP Percentage Mod: HP is shown in percentages
|rule|Endless Battle Clause: Forcing endless battles is banned
|rule|Species Clause: Limit one of each Pokémon
|rule|OHKO Clause: OHKO moves are banned
|rule|Evasion Items Clause: Evasion items are banned
|rule|Evasion Moves Clause: Evasion moves are banned
|rule|Evasion Abilities Clause: Evasion abilities are banned
|rule|Sleep Moves Clause: Sleep-inducing moves are banned
|clearpoke
|poke|p1|Dragapult, F|
|poke|p1|Pelipper, F|
|poke|p1|Rotom-Wash|
|poke|p1|Great Tusk|
|poke|p1|Slowking-Galar, M|
|poke|p1|Iron Valiant|
|poke|p2|Ribombee, F|
|poke|p2|Gholdengo|
|poke|p2|Dragonite, M|
|poke|p2|Ceruledge, M|
|poke|p2|Great Tusk|
|poke|p2|Kingambit, M|
|teampreview
|
|t:|1757848761
|teamsize|p1|6
|teamsize|p2|6
|start
|switch|p1a: Great Tusk|Great Tusk|100/100
|switch|p2a: Ribombee|Ribombee, F|100/100
|turn|1
|
|t:|1757848770
|move|p2a: Ribombee|Stun Spore|p1a: Great Tusk
|-status|p1a: Great Tusk|par
|cant|p1a: Great Tusk|par
|
|upkeep
|turn|2
|
|t:|1757848774
|move|p2a: Ribombee|Sticky Web|p1a: Great Tusk
|-sidestart|p1: redkaa|move: Sticky Web
|move|p1a: Great Tusk|Stealth Rock|p2a: Ribombee
|-sidestart|p2: sdgkjshdkf|move: Stealth Rock
|
|upkeep
|turn|3
|
|t:|1757848804
|move|p2a: Ribombee|Psychic Noise|p1a: Great Tusk
|-supereffective|p1a: Great Tusk
|-damage|p1a: Great Tusk|57/100 par
|-start|p1a: Great Tusk|move: Heal Block
|move|p1a: Great Tusk|Ice Spinner|p2a: Ribombee
|-damage|p2a: Ribombee|62/100
|
|upkeep
|turn|4
|
|t:|1757848812
|switch|p2a: Ceruledge|Ceruledge, M|100/100
|-damage|p2a: Ceruledge|76/100|[from] Stealth Rock
|-end|p1a: Great Tusk|Protosynthesis|[silent]
|switch|p1a: Slowking|Slowking-Galar, M|100/100
|
|upkeep
|turn|5
|
|t:|1757848822
|move|p2a: Ceruledge|Poltergeist|p1a: Slowking
|-activate|p1a: Slowking|move: Poltergeist|Heavy-Duty Boots
|-supereffective|p1a: Slowking
|-damage|p1a: Slowking|0 fnt
|faint|p1a: Slowking
|
|upkeep
|
|t:|1757848827
|switch|p1a: Dragapult|Dragapult, F|100/100
|-activate|p1a: Dragapult|move: Sticky Web
|-fail|p1a: Dragapult|unboost|[from] ability: Clear Body|[of] p1a: Dragapult
|turn|6
|
|t:|1757848842
|switch|p2a: Ribombee|Ribombee, F|62/100
|-damage|p2a: Ribombee|37/100|[from] Stealth Rock
|-terastallize|p1a: Dragapult|Ghost
|move|p1a: Dragapult|Tera Blast|p2a: Ribombee|[anim] Tera Blast Ghost
|-damage|p2a: Ribombee|0 fnt
|faint|p2a: Ribombee
|
|upkeep
|
|t:|1757848873
|switch|p2a: Kingambit|Kingambit, M|100/100
|-damage|p2a: Kingambit|94/100|[from] Stealth Rock
|turn|7
|
|t:|1757848877
|switch|p1a: Rotom|Rotom-Wash|100/100
|move|p2a: Kingambit|Kowtow Cleave|p1a: Rotom
|-damage|p1a: Rotom|59/100
|
|-heal|p1a: Rotom|65/100|[from] item: Leftovers
|-heal|p2a: Kingambit|100/100|[from] item: Leftovers
|upkeep
|turn|8
|
|t:|1757848893
|switch|p2a: Ceruledge|Ceruledge, M|76/100
|-damage|p2a: Ceruledge|51/100|[from] Stealth Rock
|move|p1a: Rotom|Volt Switch|p2a: Ceruledge
|-damage|p2a: Ceruledge|21/100
|
|t:|1757848908
|switch|p1a: Pelipper|Pelipper, F|100/100|[from] Volt Switch
|-weather|RainDance|[from] ability: Drizzle|[of] p1a: Pelipper
|
|-weather|RainDance|[upkeep]
|upkeep
|turn|9
|
|t:|1757848916
|move|p2a: Ceruledge|Poltergeist|p1a: Pelipper
|-activate|p1a: Pelipper|move: Poltergeist|Choice Specs
|-damage|p1a: Pelipper|21/100
|move|p1a: Pelipper|Surf|p2a: Ceruledge
|-supereffective|p2a: Ceruledge
|-damage|p2a: Ceruledge|0 fnt
|faint|p2a: Ceruledge
|
|-weather|RainDance|[upkeep]
|upkeep
|
|t:|1757848936
|switch|p2a: Great Tusk|Great Tusk|100/100
|-damage|p2a: Great Tusk|98/100|[from] Stealth Rock
|-enditem|p2a: Great Tusk|Booster Energy
|-activate|p2a: Great Tusk|ability: Protosynthesis|[fromitem]
|-start|p2a: Great Tusk|protosynthesisspe
|turn|10
|
|t:|1757848942
|move|p2a: Great Tusk|Ice Spinner|p1a: Pelipper
|-damage|p1a: Pelipper|0 fnt
|faint|p1a: Pelipper
|
|-weather|RainDance|[upkeep]
|upkeep
|
|t:|1757848951
|switch|p1a: Great Tusk|Great Tusk|57/100 par
|-activate|p1a: Great Tusk|move: Sticky Web
|-unboost|p1a: Great Tusk|spe|1
|turn|11
|
|t:|1757848970
|move|p2a: Great Tusk|Bulk Up|p2a: Great Tusk
|-boost|p2a: Great Tusk|atk|1
|-boost|p2a: Great Tusk|def|1
|move|p1a: Great Tusk|Rapid Spin|p2a: Great Tusk
|-damage|p2a: Great Tusk|92/100
|-boost|p1a: Great Tusk|spe|1
|-sideend|p1: redkaa|Sticky Web|[from] move: Rapid Spin|[of] p1a: Great Tusk
|
|-weather|RainDance|[upkeep]
|-heal|p1a: Great Tusk|63/100 par|[from] item: Leftovers
|upkeep
|turn|12
|
|t:|1757848987
|move|p2a: Great Tusk|Rapid Spin|p1a: Great Tusk
|-damage|p1a: Great Tusk|48/100 par
|-boost|p2a: Great Tusk|spe|1
|-sideend|p2: sdgkjshdkf|Stealth Rock|[from] move: Rapid Spin|[of] p2a: Great Tusk
|move|p1a: Great Tusk|Ice Spinner|p2a: Great Tusk
|-supereffective|p2a: Great Tusk
|-damage|p2a: Great Tusk|72/100
|
|-weather|none
|-heal|p1a: Great Tusk|55/100 par|[from] item: Leftovers
|upkeep
|turn|13
|
|t:|1757849011
|-end|p1a: Great Tusk|Protosynthesis|[silent]
|switch|p1a: Rotom|Rotom-Wash|65/100
|move|p2a: Great Tusk|Bulk Up|p2a: Great Tusk
|-boost|p2a: Great Tusk|atk|1
|-boost|p2a: Great Tusk|def|1
|
|-heal|p1a: Rotom|71/100|[from] item: Leftovers
|upkeep
|turn|14
|
|t:|1757849017
|move|p2a: Great Tusk|Ice Spinner|p1a: Rotom
|-resisted|p1a: Rotom
|-damage|p1a: Rotom|54/100
|move|p1a: Rotom|Hydro Pump|p2a: Great Tusk|[miss]
|-miss|p1a: Rotom|p2a: Great Tusk
|
|-heal|p1a: Rotom|60/100|[from] item: Leftovers
|upkeep
|turn|15
|
|t:|1757849021
|move|p2a: Great Tusk|Bulk Up|p2a: Great Tusk
|-boost|p2a: Great Tusk|atk|1
|-boost|p2a: Great Tusk|def|1
|move|p1a: Rotom|Hydro Pump|p2a: Great Tusk
|-supereffective|p2a: Great Tusk
|-damage|p2a: Great Tusk|0 fnt
|faint|p2a: Great Tusk
|-end|p2a: Great Tusk|Protosynthesis|[silent]
|
|-heal|p1a: Rotom|67/100|[from] item: Leftovers
|upkeep
|
|t:|1757849028
|switch|p2a: Gholdengo|Gholdengo|100/100
|-item|p2a: Gholdengo|Air Balloon
|turn|16
|
|t:|1757849036
|switch|p1a: Great Tusk|Great Tusk|55/100 par
|move|p2a: Gholdengo|Shadow Ball|p1a: Great Tusk
|-damage|p1a: Great Tusk|0 fnt
|faint|p1a: Great Tusk
|-end|p1a: Great Tusk|Protosynthesis|[silent]
|
|upkeep
|
|t:|1757849040
|switch|p1a: Dragapult|Dragapult, F, tera:Ghost|100/100
|turn|17
|
|t:|1757849054
|switch|p2a: Kingambit|Kingambit, M|100/100
|move|p1a: Dragapult|Tera Blast|p2a: Kingambit|[anim] Tera Blast Ghost
|-resisted|p2a: Kingambit
|-damage|p2a: Kingambit|67/100
|
|-heal|p2a: Kingambit|73/100|[from] item: Leftovers
|upkeep
|turn|18
|
|t:|1757849061
|switch|p1a: Rotom|Rotom-Wash|67/100
|move|p2a: Kingambit|Iron Head|p1a: Rotom
|-resisted|p1a: Rotom
|-damage|p1a: Rotom|58/100
|
|-heal|p1a: Rotom|64/100|[from] item: Leftovers
|-heal|p2a: Kingambit|79/100|[from] item: Leftovers
|upkeep
|turn|19
|
|t:|1757849069
|switch|p2a: Dragonite|Dragonite, M|100/100
|move|p1a: Rotom|Hydro Pump|p2a: Dragonite
|-resisted|p2a: Dragonite
|-damage|p2a: Dragonite|91/100
|
|-heal|p1a: Rotom|70/100|[from] item: Leftovers
|upkeep
|turn|20
|
|t:|1757849081
|move|p2a: Dragonite|Extreme Speed|p1a: Rotom
|-damage|p1a: Rotom|46/100
|move|p1a: Rotom|Volt Switch|p2a: Dragonite
|-damage|p2a: Dragonite|67/100
|
|t:|1757849087
|switch|p1a: Dragapult|Dragapult, F, tera:Ghost|100/100|[from] Volt Switch
|
|upkeep
|turn|21
|
|t:|1757849101
|move|p1a: Dragapult|Dragon Darts|p2a: Dragonite
|-supereffective|p2a: Dragonite
|-damage|p2a: Dragonite|0 fnt
|faint|p2a: Dragonite
|
|upkeep
|
|t:|1757849106
|switch|p2a: Gholdengo|Gholdengo|100/100
|-item|p2a: Gholdengo|Air Balloon
|turn|22
|
|t:|1757849122
|move|p1a: Dragapult|Dragon Darts|p2a: Gholdengo
|-resisted|p2a: Gholdengo
|-damage|p2a: Gholdengo|79/100
|-enditem|p2a: Gholdengo|Air Balloon
|-anim|p1a: Dragapult|Dragon Darts|p2a: Gholdengo
|-resisted|p2a: Gholdengo
|-damage|p2a: Gholdengo|58/100
|move|p2a: Gholdengo|Shadow Ball|p1a: Dragapult
|-supereffective|p1a: Dragapult
|-damage|p1a: Dragapult|0 fnt
|faint|p1a: Dragapult
|
|upkeep
|
|t:|1757849125
|switch|p1a: Iron Valiant|Iron Valiant|100/100
|-enditem|p1a: Iron Valiant|Booster Energy
|-activate|p1a: Iron Valiant|ability: Quark Drive|[fromitem]
|-start|p1a: Iron Valiant|quarkdrivespe
|turn|23
|
|t:|1757849132
|-terastallize|p2a: Gholdengo|Fairy
|move|p1a: Iron Valiant|Shadow Ball|p2a: Gholdengo
|-damage|p2a: Gholdengo|29/100
|move|p2a: Gholdengo|Dazzling Gleam|p1a: Iron Valiant
|-supereffective|p1a: Iron Valiant
|-damage|p1a: Iron Valiant|0 fnt
|faint|p1a: Iron Valiant
|-end|p1a: Iron Valiant|Quark Drive|[silent]
|
|upkeep
|
|t:|1757849137
|switch|p1a: Rotom|Rotom-Wash|46/100
|turn|24
|
|t:|1757849141
|move|p2a: Gholdengo|Shadow Ball|p1a: Rotom
|-damage|p1a: Rotom|0 fnt
|faint|p1a: Rotom
|
|win|sdgkjshdkf
|raw|redkaa's rating: 1631 &rarr; <strong>1617</strong><br />(-14 for losing)
|raw|sdgkjshdkf's rating: 1740 &rarr; <strong>1754</strong><br />(+14 for winning)
|l|☆redkaa
|player|p1|
|l|☆sdgkjshdkf
|player|p2|
