|badge|p1|bronze|gen9randombattle|100-6
|uhtml|medal-msg|<div class="broadcast-blue">Curious what those medals under the avatar are? PS now has Ladder Seasons! For more information, check out the <a href="https://www.smogon.com/forums/threads/3740067/">thread on Smogon.</a></div>
|j|☆larp legion
|j|☆disco 2003
|t:|1757817821
|gametype|singles
|player|p1|larp legion|clown|1645
|player|p2|disco 2003|policeman-gen4|1625
|gen|9
|tier|[Gen 9] OU
|rated|
|rule|HP Percentage Mod: HP is shown in percentages
|rule|Endless Battle Clause: Forcing endless battles is banned
|rule|Species Clause: Limit one of each Pokémon
|rule|OHKO Clause: OHKO moves are banned
|rule|Evasion Items Clause: Evasion items are banned
|rule|Evasion Moves Clause: Evasion moves are banned
|rule|Evasion Abilities Clause: Evasion abilities are banned
|rule|Sleep Moves Clause: Sleep-inducing moves are banned
|clearpoke
|poke|p1|Bisharp, F|
|poke|p1|Hippowdon, M|
|poke|p1|Reuniclus, M|
|poke|p1|Entei|
|poke|p1|Slowbro, F|
|poke|p1|Fezandipiti, M|
|poke|p2|Gholdengo|
|poke|p2|Zamazenta-*|
|poke|p2|Ting-Lu|
|poke|p2|Clefable, F|
|poke|p2|Dragonite, M|
|poke|p2|Deoxys-Speed|
|teampreview
|j| LuLuNaNaRaRa
|l| LuLuNaNaRaRa
|
|t:|1757817848
|teamsize|p1|6
|teamsize|p2|6
|start
|switch|p1a: Reuniclus|Reuniclus, M|100/100
|switch|p2a: Up Bowl On Em|Ting-Lu|100/100
|-ability|p2a: Up Bowl On Em|Vessel of Ruin
|turn|1
|
|t:|1757817857
|move|p2a: Up Bowl On Em|Spikes|p1a: Reuniclus
|-sidestart|p1: larp legion|Spikes
|move|p1a: Reuniclus|Knock Off|p2a: Up Bowl On Em
|-resisted|p2a: Up Bowl On Em
|-damage|p2a: Up Bowl On Em|96/100
|-enditem|p2a: Up Bowl On Em|Leftovers|[from] move: Knock Off|[of] p1a: Reuniclus
|
|upkeep
|turn|2
|
|t:|1757817863
|switch|p1a: Slowbro|Slowbro, F|100/100
|-damage|p1a: Slowbro|88/100|[from] Spikes
|move|p2a: Up Bowl On Em|Ruination|p1a: Slowbro|[miss]
|-miss|p2a: Up Bowl On Em|p1a: Slowbro
|
|upkeep
|turn|3
|
|t:|1757817873
|move|p2a: Up Bowl On Em|Ruination|p1a: Slowbro
|-damage|p1a: Slowbro|44/100
|move|p1a: Slowbro|Scald|p2a: Up Bowl On Em
|-supereffective|p2a: Up Bowl On Em
|-damage|p2a: Up Bowl On Em|73/100
|-status|p2a: Up Bowl On Em|brn
|
|-damage|p2a: Up Bowl On Em|67/100 brn|[from] brn
|upkeep
|turn|4
|
|t:|1757817880
|move|p2a: Up Bowl On Em|Spikes|p1a: Slowbro
|-sidestart|p1: larp legion|Spikes
|move|p1a: Slowbro|Slack Off|p1a: Slowbro
|-heal|p1a: Slowbro|94/100
|
|-damage|p2a: Up Bowl On Em|61/100 brn|[from] brn
|upkeep
|turn|5
|
|t:|1757817899
|move|p2a: Up Bowl On Em|Spikes|p1a: Slowbro
|-sidestart|p1: larp legion|Spikes
|move|p1a: Slowbro|Body Press|p2a: Up Bowl On Em
|-supereffective|p2a: Up Bowl On Em
|-crit|p2a: Up Bowl On Em
|-damage|p2a: Up Bowl On Em|13/100 brn
|
|-damage|p2a: Up Bowl On Em|7/100 brn|[from] brn
|upkeep
|turn|6
|
|t:|1757817910
|move|p2a: Up Bowl On Em|Ruination|p1a: Slowbro
|-damage|p1a: Slowbro|47/100
|move|p1a: Slowbro|Scald|p2a: Up Bowl On Em
|-supereffective|p2a: Up Bowl On Em
|-damage|p2a: Up Bowl On Em|0 fnt
|faint|p2a: Up Bowl On Em
|
|upkeep
|
|t:|1757817914
|switch|p2a: Djengo Unrained|Gholdengo|100/100
|turn|7
|inactive|Battle timer is ON: inactive players will automatically lose when time's up. (requested by disco 2003)
|
|t:|1757817948
|switch|p1a: Hippowdon|Hippowdon, M|100/100
|-damage|p1a: Hippowdon|75/100|[from] Spikes
|-weather|Sandstorm|[from] ability: Sand Stream|[of] p1a: Hippowdon
|move|p2a: Djengo Unrained|Nasty Plot|p2a: Djengo Unrained
|-boost|p2a: Djengo Unrained|spa|2
|
|-weather|Sandstorm|[upkeep]
|-heal|p1a: Hippowdon|82/100|[from] item: Leftovers
|upkeep
|turn|8
|inactive|disco 2003 has 120 seconds left.
|j| LuLuNaNaRaRa
|
|t:|1757817994
|move|p2a: Djengo Unrained|Make It Rain|p1a: Hippowdon
|-damage|p1a: Hippowdon|9/100
|-unboost|p2a: Djengo Unrained|spa|1
|move|p1a: Hippowdon|Earthquake|p2a: Djengo Unrained
|-supereffective|p2a: Djengo Unrained
|-damage|p2a: Djengo Unrained|43/100
|
|-weather|Sandstorm|[upkeep]
|-heal|p1a: Hippowdon|15/100|[from] item: Leftovers
|upkeep
|turn|9
|l| LuLuNaNaRaRa
|
|t:|1757818010
|move|p2a: Djengo Unrained|Shadow Ball|p1a: Hippowdon
|-damage|p1a: Hippowdon|0 fnt
|faint|p1a: Hippowdon
|
|-weather|Sandstorm|[upkeep]
|upkeep
|
|t:|1757818015
|switch|p1a: Entei|Entei|100/100
|-damage|p1a: Entei|76/100|[from] Spikes
|turn|10
|
|t:|1757818028
|switch|p2a: Secret Service|Dragonite, M|100/100
|move|p1a: Entei|Sacred Fire|p2a: Secret Service
|-resisted|p2a: Secret Service
|-damage|p2a: Secret Service|90/100
|
|-weather|Sandstorm|[upkeep]
|-damage|p1a: Entei|70/100|[from] Sandstorm
|-damage|p2a: Secret Service|84/100|[from] Sandstorm
|upkeep
|turn|11
|
|t:|1757818052
|move|p1a: Entei|Stone Edge|p2a: Secret Service|[miss]
|-miss|p1a: Entei|p2a: Secret Service
|move|p2a: Secret Service|Dragon Tail|p1a: Entei
|-damage|p1a: Entei|30/100
|drag|p1a: Bisharp|Bisharp, F|100/100
|-damage|p1a: Bisharp|76/100|[from] Spikes
|
|-weather|none
|upkeep
|turn|12
|inactive|disco 2003 has 90 seconds left.
|inactive|disco 2003 has 60 seconds left.
|inactive|disco 2003 has 30 seconds left.
|
|t:|1757818145
|move|p2a: Secret Service|Earthquake|p1a: Bisharp
|-supereffective|p1a: Bisharp
|-damage|p1a: Bisharp|36/100
|move|p1a: Bisharp|Thunder Wave|p2a: Secret Service
|-status|p2a: Secret Service|par
|
|upkeep
|turn|13
|
|t:|1757818152
|move|p1a: Bisharp|Foul Play|p2a: Secret Service
|-damage|p2a: Secret Service|31/100 par
|move|p2a: Secret Service|Dragon Tail|p1a: Bisharp|[miss]
|-miss|p2a: Secret Service|p1a: Bisharp
|
|upkeep
|turn|14
|
|t:|1757818155
|move|p1a: Bisharp|Foul Play|p2a: Secret Service
|-damage|p2a: Secret Service|0 fnt
|faint|p2a: Secret Service
|
|upkeep
|
|t:|1757818165
|switch|p2a: Moonrock 350|Clefable, F|100/100
|turn|15
|
|t:|1757818188
|move|p1a: Bisharp|Thunder Wave|p2a: Moonrock 350
|-status|p2a: Moonrock 350|par
|cant|p2a: Moonrock 350|par
|
|upkeep
|turn|16
|inactive|disco 2003 has 60 seconds left.
|
|t:|1757818209
|move|p1a: Bisharp|Stealth Rock|p2a: Moonrock 350
|-sidestart|p2: disco 2003|move: Stealth Rock
|move|p2a: Moonrock 350|Moonblast|p1a: Bisharp
|-damage|p1a: Bisharp|9/100
|
|upkeep
|turn|17
|
|t:|1757818224
|move|p1a: Bisharp|Foul Play|p2a: Moonrock 350
|-resisted|p2a: Moonrock 350
|-damage|p2a: Moonrock 350|93/100 par
|-damage|p1a: Bisharp|0 fnt|[from] item: Rocky Helmet|[of] p2a: Moonrock 350
|faint|p1a: Bisharp
|move|p2a: Moonrock 350|Moonblast|p1: Bisharp|[notarget]
|-fail|p2a: Moonrock 350
|
|upkeep
|
|t:|1757818226
|switch|p1a: Fezandipiti|Fezandipiti, M|100/100
|-damage|p1a: Fezandipiti|75/100|[from] Spikes
|turn|18
|
|t:|1757818232
|move|p1a: Fezandipiti|Calm Mind|p1a: Fezandipiti
|-boost|p1a: Fezandipiti|spa|1
|-boost|p1a: Fezandipiti|spd|1
|cant|p2a: Moonrock 350|par
|
|-heal|p1a: Fezandipiti|82/100|[from] item: Leftovers
|upkeep
|turn|19
|inactive|disco 2003 has 60 seconds left.
|inactive|larp legion has 120 seconds left.
|
|t:|1757818265
|switch|p2a: Djengo Unrained|Gholdengo|43/100
|move|p1a: Fezandipiti|Calm Mind|p1a: Fezandipiti
|-boost|p1a: Fezandipiti|spa|1
|-boost|p1a: Fezandipiti|spd|1
|
|-heal|p1a: Fezandipiti|88/100|[from] item: Leftovers
|upkeep
|turn|20
|inactive|disco 2003 has 60 seconds left.
|
|t:|1757818276
|move|p1a: Fezandipiti|Heat Wave|p2a: Djengo Unrained
|-supereffective|p2a: Djengo Unrained
|-damage|p2a: Djengo Unrained|0 fnt
|faint|p2a: Djengo Unrained
|
|-heal|p1a: Fezandipiti|94/100|[from] item: Leftovers
|upkeep
|
|t:|1757818280
|switch|p2a: Dude Nasty Asf|Deoxys-Speed|100/100
|-ability|p2a: Dude Nasty Asf|Pressure
|turn|21
|
|t:|1757818290
|-terastallize|p2a: Dude Nasty Asf|Electric
|move|p2a: Dude Nasty Asf|Nasty Plot|p2a: Dude Nasty Asf
|-boost|p2a: Dude Nasty Asf|spa|2
|move|p1a: Fezandipiti|Moonblast|p2a: Dude Nasty Asf
|-damage|p2a: Dude Nasty Asf|36/100
|-status|p2a: Dude Nasty Asf|tox|[from] ability: Toxic Chain|[of] p1a: Fezandipiti
|
|-heal|p1a: Fezandipiti|99/100|[from] item: Leftovers
|-damage|p2a: Dude Nasty Asf|30/100 tox|[from] psn
|upkeep
|turn|22
|
|t:|1757818299
|move|p2a: Dude Nasty Asf|Psycho Boost|p1a: Fezandipiti
|-supereffective|p1a: Fezandipiti
|-damage|p1a: Fezandipiti|7/100
|-unboost|p2a: Dude Nasty Asf|spa|2
|move|p1a: Fezandipiti|Roost|p1a: Fezandipiti
|-heal|p1a: Fezandipiti|57/100
|-singleturn|p1a: Fezandipiti|move: Roost
|
|-heal|p1a: Fezandipiti|63/100|[from] item: Leftovers
|-damage|p2a: Dude Nasty Asf|17/100 tox|[from] psn
|upkeep
|turn|23
|
|t:|1757818307
|move|p2a: Dude Nasty Asf|Psycho Boost|p1a: Fezandipiti
|-supereffective|p1a: Fezandipiti
|-damage|p1a: Fezandipiti|15/100
|-unboost|p2a: Dude Nasty Asf|spa|2
|move|p1a: Fezandipiti|Roost|p1a: Fezandipiti
|-heal|p1a: Fezandipiti|65/100
|-singleturn|p1a: Fezandipiti|move: Roost
|
|-heal|p1a: Fezandipiti|71/100|[from] item: Leftovers
|-damage|p2a: Dude Nasty Asf|0 fnt|[from] psn
|faint|p2a: Dude Nasty Asf
|upkeep
|-message|disco 2003 forfeited.
|
|win|larp legion
|raw|larp legion's rating: 1659 &rarr; <strong>1677</strong><br />(+18 for winning)
|raw|disco 2003's rating: 1625 &rarr; <strong>1607</strong><br />(-18 for losing)
|l|☆disco 2003
|player|p2|
|l|☆larp legion
|player|p1|
