|j|☆chenyu1998
|j|☆the_real_janine_17
|t:|1757825304
|gametype|singles
|player|p1|chenyu1998|102|1357
|player|p2|the_real_janine_17|janine|1344
|gen|9
|tier|[Gen 9] OU
|rated|
|rule|HP Percentage Mod: HP is shown in percentages
|rule|Endless Battle Clause: Forcing endless battles is banned
|rule|Species Clause: Limit one of each Pokémon
|rule|OHKO Clause: OHKO moves are banned
|rule|Evasion Items Clause: Evasion items are banned
|rule|Evasion Moves Clause: Evasion moves are banned
|rule|Evasion Abilities Clause: Evasion abilities are banned
|rule|Sleep Moves Clause: Sleep-inducing moves are banned
|clearpoke
|poke|p1|Ogerpon-Cornerstone, F|
|poke|p1|Hatterene, F|
|poke|p1|Pecharunt|
|poke|p1|Landorus-Therian, M|
|poke|p1|Kingambit, M|
|poke|p1|Latios, M|
|poke|p2|Keldeo-Resolute|
|poke|p2|Ogerpon-Wellspring, F|
|poke|p2|Enamorus, F|
|poke|p2|Iron Moth|
|poke|p2|Dragapult, F|
|poke|p2|Iron Treads|
|teampreview
|inactive|Battle timer is ON: inactive players will automatically lose when time's up. (requested by the_real_janine_17)
|
|t:|1757825318
|teamsize|p1|6
|teamsize|p2|6
|start
|switch|p1a: Latios|Latios, M, shiny|100/100
|switch|p2a: Dragapult|Dragapult, F|100/100
|turn|1
|
|t:|1757825342
|switch|p1a: Pecharunt|Pecharunt|100/100
|move|p2a: Dragapult|Shadow Ball|p1a: Pecharunt
|-supereffective|p1a: Pecharunt
|-damage|p1a: Pecharunt|5/100
|
|upkeep
|turn|2
|inactive|the_real_janine_17 has 120 seconds left.
|
|t:|1757825373
|switch|p1a: Kingambit|Kingambit, M, shiny|100/100
|move|p2a: Dragapult|Shadow Ball|p1a: Kingambit
|-resisted|p1a: Kingambit
|-damage|p1a: Kingambit|70/100
|
|-heal|p1a: Kingambit|76/100|[from] item: Leftovers
|upkeep
|turn|3
|
|t:|1757825382
|switch|p2a: Keldeo|Keldeo-Resolute|100/100
|move|p1a: Kingambit|Kowtow Cleave|p2a: Keldeo
|-resisted|p2a: Keldeo
|-damage|p2a: Keldeo|71/100
|-ability|p2a: Keldeo|Justified|boost
|-boost|p2a: Keldeo|atk|1
|
|-heal|p1a: Kingambit|82/100|[from] item: Leftovers
|upkeep
|turn|4
|inactive|the_real_janine_17 has 120 seconds left.
|
|t:|1757825417
|-end|p1a: Kingambit|fallenundefined|[silent]
|switch|p1a: Latios|Latios, M, shiny|100/100
|move|p2a: Keldeo|Surf|p1a: Latios
|-resisted|p1a: Latios
|-damage|p1a: Latios|64/100
|
|upkeep
|turn|5
|
|t:|1757825425
|switch|p2a: Enamorus|Enamorus, F|100/100
|move|p1a: Latios|Luster Purge|p2a: Enamorus
|-damage|p2a: Enamorus|29/100
|-boost|p2a: Enamorus|spd|1
|
|upkeep
|turn|6
|
|t:|1757825431
|move|p1a: Latios|Luster Purge|p2a: Enamorus
|-damage|p2a: Enamorus|0 fnt
|faint|p2a: Enamorus
|
|upkeep
|
|t:|1757825435
|switch|p2a: Dragapult|Dragapult, F|100/100
|turn|7
|
|t:|1757825440
|switch|p1a: Kingambit|Kingambit, M, shiny|82/100
|move|p2a: Dragapult|U-turn|p1a: Kingambit
|-damage|p1a: Kingambit|67/100
|
|t:|1757825443
|switch|p2a: Keldeo|Keldeo-Resolute|71/100|[from] U-turn
|
|-heal|p1a: Kingambit|73/100|[from] item: Leftovers
|upkeep
|turn|8
|
|t:|1757825449
|-end|p1a: Kingambit|fallenundefined|[silent]
|switch|p1a: Latios|Latios, M, shiny|64/100
|move|p2a: Keldeo|Surf|p1a: Latios
|-resisted|p1a: Latios
|-damage|p1a: Latios|25/100
|
|upkeep
|turn|9
|
|t:|1757825457
|switch|p2a: Dragapult|Dragapult, F|100/100
|move|p1a: Latios|Draco Meteor|p2a: Dragapult
|-supereffective|p2a: Dragapult
|-damage|p2a: Dragapult|0 fnt
|-unboost|p1a: Latios|spa|2
|faint|p2a: Dragapult
|
|upkeep
|
|t:|1757825465
|switch|p2a: Iron Treads|Iron Treads|100/100
|turn|10
|
|t:|1757825468
|switch|p1a: Landorus|Landorus-Therian, M, shiny|100/100
|-ability|p1a: Landorus|Intimidate|boost
|-unboost|p2a: Iron Treads|atk|1
|move|p2a: Iron Treads|Stealth Rock|p1a: Landorus
|-sidestart|p1: chenyu1998|move: Stealth Rock
|
|upkeep
|turn|11
|
|t:|1757825483
|-end|p2a: Iron Treads|Quark Drive|[silent]
|switch|p2a: Ogerpon|Ogerpon-Wellspring, F|100/100
|move|p1a: Landorus|Earthquake|p2a: Ogerpon
|-resisted|p2a: Ogerpon
|-damage|p2a: Ogerpon|67/100
|
|upkeep
|turn|12
|
|t:|1757825492
|move|p2a: Ogerpon|Spikes|p1a: Landorus
|-sidestart|p1: chenyu1998|Spikes
|move|p1a: Landorus|U-turn|p2a: Ogerpon
|-supereffective|p2a: Ogerpon
|-damage|p2a: Ogerpon|7/100
|
|t:|1757825500
|switch|p1a: Latios|Latios, M, shiny|25/100|[from] U-turn
|-damage|p1a: Latios|13/100|[from] Stealth Rock
|
|upkeep
|turn|13
|
|t:|1757825513
|move|p1a: Latios|Luster Purge|p2a: Ogerpon
|-damage|p2a: Ogerpon|0 fnt
|faint|p2a: Ogerpon
|
|upkeep
|
|t:|1757825517
|switch|p2a: Keldeo|Keldeo-Resolute|71/100
|turn|14
|
|t:|1757825521
|move|p2a: Keldeo|Vacuum Wave|p1a: Latios
|-resisted|p1a: Latios
|-damage|p1a: Latios|0 fnt
|faint|p1a: Latios
|
|upkeep
|
|t:|1757825527
|switch|p1a: Hatterene|Hatterene, F, shiny|100/100
|-damage|p1a: Hatterene|88/100|[from] Stealth Rock
|-damage|p1a: Hatterene|76/100|[from] Spikes
|turn|15
|
|t:|1757825536
|switch|p2a: Iron Treads|Iron Treads|100/100
|move|p1a: Hatterene|Psychic Noise|p2a: Iron Treads
|-resisted|p2a: Iron Treads
|-damage|p2a: Iron Treads|79/100
|-start|p2a: Iron Treads|move: Heal Block
|
|upkeep
|turn|16
|inactive|the_real_janine_17 has 120 seconds left.
|
|t:|1757825567
|switch|p1a: Pecharunt|Pecharunt|5/100
|move|p2a: Iron Treads|Earthquake|p1a: Pecharunt
|-supereffective|p1a: Pecharunt
|-damage|p1a: Pecharunt|0 fnt
|faint|p1a: Pecharunt
|
|-end|p2a: Iron Treads|move: Heal Block
|upkeep
|
|t:|1757825575
|switch|p1a: Landorus|Landorus-Therian, M, shiny|100/100
|-damage|p1a: Landorus|88/100|[from] Stealth Rock
|-ability|p1a: Landorus|Intimidate|boost
|-unboost|p2a: Iron Treads|atk|1
|turn|17
|
|t:|1757825582
|-end|p2a: Iron Treads|Quark Drive|[silent]
|switch|p2a: Keldeo|Keldeo-Resolute|71/100
|move|p1a: Landorus|Earthquake|p2a: Keldeo
|-damage|p2a: Keldeo|15/100
|
|upkeep
|turn|18
|
|t:|1757825594
|switch|p1a: Hatterene|Hatterene, F, shiny|76/100
|-damage|p1a: Hatterene|64/100|[from] Stealth Rock
|-damage|p1a: Hatterene|51/100|[from] Spikes
|move|p2a: Keldeo|Surf|p1a: Hatterene
|-damage|p1a: Hatterene|9/100
|
|upkeep
|turn|19
|
|t:|1757825602
|move|p2a: Keldeo|Surf|p1a: Hatterene
|-damage|p1a: Hatterene|0 fnt
|faint|p1a: Hatterene
|
|upkeep
|
|t:|1757825607
|switch|p1a: Ogerpon|Ogerpon-Cornerstone, F|100/100
|-damage|p1a: Ogerpon|88/100|[from] Stealth Rock
|-damage|p1a: Ogerpon|76/100|[from] Spikes
|turn|20
|
|t:|1757825613
|move|p1a: Ogerpon|Power Whip|p2a: Keldeo|[miss]
|-miss|p1a: Ogerpon|p2a: Keldeo
|move|p2a: Keldeo|Surf|p1a: Ogerpon
|-damage|p1a: Ogerpon|0 fnt
|faint|p1a: Ogerpon
|
|upkeep
|
|t:|1757825621
|switch|p1a: Landorus|Landorus-Therian, M, shiny|88/100
|-damage|p1a: Landorus|76/100|[from] Stealth Rock
|-ability|p1a: Landorus|Intimidate|boost
|-unboost|p2a: Keldeo|atk|1
|turn|21
|
|t:|1757825628
|-terastallize|p1a: Landorus|Water
|move|p2a: Keldeo|Surf|p1a: Landorus
|-resisted|p1a: Landorus
|-damage|p1a: Landorus|38/100
|move|p1a: Landorus|Earthquake|p2a: Keldeo
|-damage|p2a: Keldeo|0 fnt
|faint|p2a: Keldeo
|
|upkeep
|
|t:|1757825650
|switch|p2a: Iron Moth|Iron Moth|100/100
|-enditem|p2a: Iron Moth|Booster Energy
|-activate|p2a: Iron Moth|ability: Quark Drive|[fromitem]
|-start|p2a: Iron Moth|quarkdrivespa
|turn|22
|
|t:|1757825657
|-terastallize|p2a: Iron Moth|Grass
|move|p2a: Iron Moth|Fiery Dance|p1a: Landorus
|-resisted|p1a: Landorus
|-damage|p1a: Landorus|8/100
|-boost|p2a: Iron Moth|spa|1
|move|p1a: Landorus|Earthquake|p2a: Iron Moth
|-resisted|p2a: Iron Moth
|-damage|p2a: Iron Moth|58/100
|
|upkeep
|turn|23
|
|t:|1757825667
|move|p2a: Iron Moth|Fiery Dance|p1a: Landorus
|-resisted|p1a: Landorus
|-damage|p1a: Landorus|0 fnt
|-boost|p2a: Iron Moth|spa|1
|faint|p1a: Landorus
|
|upkeep
|
|t:|1757825672
|switch|p1a: Kingambit|Kingambit, M, shiny|73/100
|-damage|p1a: Kingambit|67/100|[from] Stealth Rock
|-damage|p1a: Kingambit|55/100|[from] Spikes
|-activate|p1a: Kingambit|ability: Supreme Overlord
|-start|p1a: Kingambit|fallen5|[silent]
|turn|24
|
|t:|1757825679
|move|p1a: Kingambit|Sucker Punch||[still]
|-fail|p1a: Kingambit
|move|p2a: Iron Moth|Agility|p2a: Iron Moth
|-boost|p2a: Iron Moth|spe|2
|
|-heal|p1a: Kingambit|61/100|[from] item: Leftovers
|upkeep
|turn|25
|
|t:|1757825686
|move|p1a: Kingambit|Sucker Punch||[still]
|-fail|p1a: Kingambit
|move|p2a: Iron Moth|Agility|p2a: Iron Moth
|-boost|p2a: Iron Moth|spe|2
|
|-heal|p1a: Kingambit|67/100|[from] item: Leftovers
|upkeep
|turn|26
|
|t:|1757825693
|move|p1a: Kingambit|Sucker Punch||[still]
|-fail|p1a: Kingambit
|move|p2a: Iron Moth|Agility|p2a: Iron Moth
|-boost|p2a: Iron Moth|spe|2
|
|-heal|p1a: Kingambit|73/100|[from] item: Leftovers
|upkeep
|turn|27
|
|t:|1757825700
|move|p1a: Kingambit|Sucker Punch||[still]
|-fail|p1a: Kingambit
|move|p2a: Iron Moth|Agility|p2a: Iron Moth
|-boost|p2a: Iron Moth|spe|0
|
|-heal|p1a: Kingambit|79/100|[from] item: Leftovers
|upkeep
|turn|28
|
|t:|1757825708
|move|p2a: Iron Moth|Fiery Dance|p1a: Kingambit
|-supereffective|p1a: Kingambit
|-damage|p1a: Kingambit|0 fnt
|faint|p1a: Kingambit
|-end|p1a: Kingambit|fallen5|[silent]
|
|win|the_real_janine_17
|raw|chenyu1998's rating: 1357 &rarr; <strong>1337</strong><br />(-20 for losing)
|raw|the_real_janine_17's rating: 1363 &rarr; <strong>1383</strong><br />(+20 for winning)
|l|☆chenyu1998
|player|p1|
|l|☆the_real_janine_17
|player|p2|
