|j|☆asapbunny
|j|☆Amphinobivol
|t:|1757929658
|gametype|singles
|player|p1|asapbunny|170|1494
|player|p2|Amphinobivol|265|1499
|gen|9
|tier|[Gen 9] OU
|rated|
|rule|HP Percentage Mod: HP is shown in percentages
|rule|Endless Battle Clause: Forcing endless battles is banned
|rule|Species Clause: Limit one of each Pokémon
|rule|OHKO Clause: OHKO moves are banned
|rule|Evasion Items Clause: Evasion items are banned
|rule|Evasion Moves Clause: Evasion moves are banned
|rule|Evasion Abilities Clause: Evasion abilities are banned
|rule|Sleep Moves Clause: Sleep-inducing moves are banned
|clearpoke
|poke|p1|Ursaluna, M|
|poke|p1|Slowking, F|
|poke|p1|Cinderace, F|
|poke|p1|Gholdengo|
|poke|p1|Dragapult, M|
|poke|p1|Iron Hands|
|poke|p2|Samurott-Hisui, M|
|poke|p2|Iron Crown|
|poke|p2|Iron Boulder|
|poke|p2|Dragapult, M|
|poke|p2|Great Tusk|
|poke|p2|Zapdos|
|teampreview
|inactive|Battle timer is ON: inactive players will automatically lose when time's up. (requested by Amphinobivol)
|
|t:|1757929685
|teamsize|p1|6
|teamsize|p2|6
|start
|switch|p1a: Iron Hands|Iron Hands, shiny|100/100
|switch|p2a: Samurott|Samurott-Hisui, M|100/100
|turn|1
|
|t:|1757929690
|move|p2a: Samurott|Flip Turn|p1a: Iron Hands
|-damage|p1a: Iron Hands|84/100
|
|t:|1757929698
|switch|p2a: Great Tusk|Great Tusk|100/100|[from] Flip Turn
|move|p1a: Iron Hands|Drain Punch|p2a: Great Tusk
|-damage|p2a: Great Tusk|70/100
|-heal|p1a: Iron Hands|97/100|[from] drain|[of] p2a: Great Tusk
|
|upkeep
|turn|2
|
|t:|1757929712
|-end|p1a: Iron Hands|Quark Drive|[silent]
|switch|p1a: Slowking|Slowking, F|100/100
|move|p2a: Great Tusk|Stealth Rock|p1a: Slowking
|-sidestart|p1: asapbunny|move: Stealth Rock
|
|upkeep
|turn|3
|
|t:|1757929720
|-end|p2a: Great Tusk|Protosynthesis|[silent]
|switch|p2a: Samurott|Samurott-Hisui, M|100/100
|-prepare|p1a: Slowking|Chilly Reception|[premajor]
|move|p1a: Slowking|Chilly Reception|p1a: Slowking
|-weather|Snowscape
|
|t:|1757929723
|switch|p1a: Iron Hands|Iron Hands, shiny|97/100|[from] Chilly Reception
|-damage|p1a: Iron Hands|91/100|[from] Stealth Rock
|
|-weather|Snowscape|[upkeep]
|upkeep
|turn|4
|
|t:|1757929726
|move|p2a: Samurott|Flip Turn|p1a: Iron Hands
|-damage|p1a: Iron Hands|75/100
|
|t:|1757929728
|switch|p2a: Dragapult|Dragapult, M|100/100|[from] Flip Turn
|move|p1a: Iron Hands|Thunder Punch|p2a: Dragapult
|-resisted|p2a: Dragapult
|-crit|p2a: Dragapult
|-damage|p2a: Dragapult|46/100
|
|-weather|Snowscape|[upkeep]
|upkeep
|turn|5
|
|t:|1757929736
|-end|p1a: Iron Hands|Quark Drive|[silent]
|switch|p1a: Gholdengo|Gholdengo|100/100
|-damage|p1a: Gholdengo|94/100|[from] Stealth Rock
|move|p2a: Dragapult|Dragon Darts|p1a: Gholdengo
|-resisted|p1a: Gholdengo
|-damage|p1a: Gholdengo|76/100
|-anim|p2a: Dragapult|Dragon Darts|p1a: Gholdengo
|-resisted|p1a: Gholdengo
|-damage|p1a: Gholdengo|60/100
|
|-weather|Snowscape|[upkeep]
|upkeep
|turn|6
|
|t:|1757929744
|move|p2a: Dragapult|Dragon Darts|p1a: Gholdengo
|-resisted|p1a: Gholdengo
|-damage|p1a: Gholdengo|43/100
|-anim|p2a: Dragapult|Dragon Darts|p1a: Gholdengo
|-resisted|p1a: Gholdengo
|-damage|p1a: Gholdengo|25/100
|move|p1a: Gholdengo|Focus Blast|p2a: Dragapult
|-immune|p2a: Dragapult
|
|-weather|Snowscape|[upkeep]
|upkeep
|turn|7
|
|t:|1757929748
|move|p2a: Dragapult|Dragon Darts|p1a: Gholdengo
|-resisted|p1a: Gholdengo
|-damage|p1a: Gholdengo|6/100
|-anim|p2a: Dragapult|Dragon Darts|p1a: Gholdengo
|-resisted|p1a: Gholdengo
|-damage|p1a: Gholdengo|0 fnt
|faint|p1a: Gholdengo
|
|-weather|none
|upkeep
|
|t:|1757929755
|switch|p1a: Slowking|Slowking, F|100/100
|-damage|p1a: Slowking|88/100|[from] Stealth Rock
|turn|8
|
|t:|1757929757
|move|p2a: Dragapult|Dragon Darts|p1a: Slowking
|-damage|p1a: Slowking|60/100
|-anim|p2a: Dragapult|Dragon Darts|p1a: Slowking
|-damage|p1a: Slowking|31/100
|move|p1a: Slowking|Trick Room|p1a: Slowking
|-fieldstart|move: Trick Room|[of] p1a: Slowking
|
|upkeep
|turn|9
|
|t:|1757929760
|move|p1a: Slowking|Future Sight|p2a: Dragapult
|-start|p1a: Slowking|move: Future Sight
|move|p2a: Dragapult|Dragon Darts|p1a: Slowking
|-damage|p1a: Slowking|4/100
|-anim|p2a: Dragapult|Dragon Darts|p1a: Slowking
|-damage|p1a: Slowking|0 fnt
|faint|p1a: Slowking
|
|upkeep
|
|t:|1757929763
|switch|p1a: Ursaluna|Ursaluna, M|100/100
|-damage|p1a: Ursaluna|94/100|[from] Stealth Rock
|turn|10
|
|t:|1757929766
|switch|p2a: Zapdos|Zapdos|100/100
|move|p1a: Ursaluna|Headlong Rush|p2a: Zapdos
|-immune|p2a: Zapdos
|
|-status|p1a: Ursaluna|brn|[from] item: Flame Orb
|upkeep
|turn|11
|
|t:|1757929771
|switch|p2a: Dragapult|Dragapult, M|46/100
|move|p1a: Ursaluna|Substitute|p1a: Ursaluna
|-start|p1a: Ursaluna|Substitute
|-damage|p1a: Ursaluna|70/100 brn
|
|-end|p2a: Dragapult|move: Future Sight
|-damage|p2a: Dragapult|0 fnt
|faint|p2a: Dragapult
|-damage|p1a: Ursaluna|64/100 brn|[from] brn
|upkeep
|
|t:|1757929781
|switch|p2a: Zapdos|Zapdos|100/100
|turn|12
|
|t:|1757929783
|move|p1a: Ursaluna|Facade|p2a: Zapdos
|-damage|p2a: Zapdos|0 fnt
|faint|p2a: Zapdos
|
|-damage|p1a: Ursaluna|58/100 brn|[from] brn
|-fieldend|move: Trick Room
|upkeep
|
|t:|1757929789
|switch|p2a: Samurott|Samurott-Hisui, M|100/100
|turn|13
|
|t:|1757929794
|move|p2a: Samurott|Flip Turn|p1a: Ursaluna
|-supereffective|p1a: Ursaluna
|-end|p1a: Ursaluna|Substitute
|
|t:|1757929800
|switch|p2a: Great Tusk|Great Tusk|70/100|[from] Flip Turn
|move|p1a: Ursaluna|Headlong Rush|p2a: Great Tusk
|-damage|p2a: Great Tusk|8/100
|-unboost|p1a: Ursaluna|def|1
|-unboost|p1a: Ursaluna|spd|1
|
|-damage|p1a: Ursaluna|51/100 brn|[from] brn
|upkeep
|turn|14
|
|t:|1757929807
|switch|p1a: Dragapult|Dragapult, M|100/100
|-damage|p1a: Dragapult|88/100|[from] Stealth Rock
|move|p2a: Great Tusk|Ice Spinner|p1a: Dragapult
|-supereffective|p1a: Dragapult
|-damage|p1a: Dragapult|26/100
|
|upkeep
|turn|15
|
|t:|1757929816
|move|p1a: Dragapult|U-turn|p2a: Great Tusk
|-resisted|p2a: Great Tusk
|-damage|p2a: Great Tusk|0 fnt
|faint|p2a: Great Tusk
|-end|p2a: Great Tusk|Protosynthesis|[silent]
|
|t:|1757929819
|switch|p1a: Cinderace|Cinderace, F|100/100|[from] U-turn
|
|upkeep
|
|t:|1757929825
|switch|p2a: Samurott|Samurott-Hisui, M|100/100
|turn|16
|
|t:|1757929831
|move|p2a: Samurott|Razor Shell|p1a: Cinderace
|-supereffective|p1a: Cinderace
|-damage|p1a: Cinderace|0 fnt
|faint|p1a: Cinderace
|
|upkeep
|
|t:|1757929836
|switch|p1a: Iron Hands|Iron Hands, shiny|75/100
|-damage|p1a: Iron Hands|69/100|[from] Stealth Rock
|turn|17
|
|t:|1757929839
|move|p2a: Samurott|Razor Shell|p1a: Iron Hands
|-damage|p1a: Iron Hands|36/100
|move|p1a: Iron Hands|Thunder Punch|p2a: Samurott
|-supereffective|p2a: Samurott
|-damage|p2a: Samurott|0 fnt
|faint|p2a: Samurott
|
|upkeep
|
|t:|1757929848
|switch|p2a: Iron Crown|Iron Crown|100/100
|turn|18
|
|t:|1757929858
|-terastallize|p2a: Iron Crown|Steel
|move|p2a: Iron Crown|Tachyon Cutter|p1a: Iron Hands
|-resisted|p1a: Iron Hands
|-damage|p1a: Iron Hands|10/100
|-resisted|p1a: Iron Hands
|-damage|p1a: Iron Hands|0 fnt
|faint|p1a: Iron Hands
|-end|p1a: Iron Hands|Quark Drive|[silent]
|-hitcount|p1: Iron Hands|2
|
|upkeep
|
|t:|1757929865
|switch|p1a: Ursaluna|Ursaluna, M|51/100 brn
|-damage|p1a: Ursaluna|45/100 brn|[from] Stealth Rock
|turn|19
|
|t:|1757929868
|move|p2a: Iron Crown|Tachyon Cutter|p1a: Ursaluna
|-damage|p1a: Ursaluna|0 fnt
|faint|p1a: Ursaluna
|-hitcount|p1: Ursaluna|1
|
|upkeep
|
|t:|1757929870
|switch|p1a: Dragapult|Dragapult, M|26/100
|-damage|p1a: Dragapult|13/100|[from] Stealth Rock
|turn|20
|
|t:|1757929878
|move|p1a: Dragapult|Phantom Force||[still]
|-prepare|p1a: Dragapult|Phantom Force
|move|p2a: Iron Crown|Tachyon Cutter|p1a: Dragapult|[miss]
|-miss|p2a: Iron Crown|p1a: Dragapult
|
|upkeep
|turn|21
|
|t:|1757929887
|move|p1a: Dragapult|Phantom Force|p2a: Iron Crown|[from] lockedmove
|-damage|p2a: Iron Crown|23/100
|move|p2a: Iron Crown|Tachyon Cutter|p1a: Dragapult
|-damage|p1a: Dragapult|0 fnt
|faint|p1a: Dragapult
|-hitcount|p1: Dragapult|1
|
|win|Amphinobivol
|raw|asapbunny's rating: 1494 &rarr; <strong>1474</strong><br />(-20 for losing)
|raw|Amphinobivol's rating: 1499 &rarr; <strong>1519</strong><br />(+20 for winning)
|l|☆asapbunny
|player|p1|
|l|☆Amphinobivol
|player|p2|
