|j|‽Sleepy753
|j|☆Ai Specialist 144
|t:|1757791600
|gametype|singles
|player|p1|Sleepy753|steven|1305
|player|p2|Ai Specialist 144|marley|1336
|gen|9
|tier|[Gen 9] OU
|rated|
|rule|HP Percentage Mod: HP is shown in percentages
|rule|Endless Battle Clause: Forcing endless battles is banned
|rule|Species Clause: Limit one of each Pokémon
|rule|OHKO Clause: OHKO moves are banned
|rule|Evasion Items Clause: Evasion items are banned
|rule|Evasion Moves Clause: Evasion moves are banned
|rule|Evasion Abilities Clause: Evasion abilities are banned
|rule|Sleep Moves Clause: Sleep-inducing moves are banned
|clearpoke
|poke|p1|Quaquaval, M|
|poke|p1|Skeledirge, F|
|poke|p1|Araquanid, M|
|poke|p1|Dragapult, M|
|poke|p1|Weavile, M|
|poke|p1|Weezing-Galar, F|
|poke|p2|Hatterene, F|
|poke|p2|Charizard, M|
|poke|p2|Ceruledge, M|
|poke|p2|Raging Bolt|
|poke|p2|Torkoal, M|
|poke|p2|Walking Wake|
|teampreview
|inactive|Battle timer is ON: inactive players will automatically lose when time's up. (requested by Sleepy753)
|
|t:|1757791610
|teamsize|p1|6
|teamsize|p2|6
|start
|switch|p1a: Araquanid|Araquanid, M|100/100
|switch|p2a: Torkoal|Torkoal, M, shiny|100/100
|-weather|SunnyDay|[from] ability: Drought|[of] p2a: Torkoal
|turn|1
|
|t:|1757791637
|switch|p2a: Hatterene|Hatterene, F, shiny|100/100
|move|p1a: Araquanid|Liquidation|p2a: Hatterene
|-damage|p2a: Hatterene|68/100
|-enditem|p2a: Hatterene|Eject Button
|inactive|Ai Specialist 144 has 120 seconds left.
|
|t:|1757791655
|switch|p2a: Raging Bolt|Raging Bolt|100/100
|-activate|p2a: Raging Bolt|ability: Protosynthesis
|-start|p2a: Raging Bolt|protosynthesisspa
|
|-weather|SunnyDay|[upkeep]
|upkeep
|turn|2
|inactive|Ai Specialist 144 has 120 seconds left.
|
|t:|1757791669
|-end|p2a: Raging Bolt|Protosynthesis|[silent]
|switch|p2a: Hatterene|Hatterene, F, shiny|68/100
|switch|p1a: Dragapult|Dragapult, M|100/100
|
|-weather|SunnyDay|[upkeep]
|upkeep
|turn|3
|inactive|Ai Specialist 144 has 120 seconds left.
|
|t:|1757791682
|switch|p2a: Walking Wake|Walking Wake|100/100
|-activate|p2a: Walking Wake|ability: Protosynthesis
|-start|p2a: Walking Wake|protosynthesisspe
|move|p1a: Dragapult|Substitute|p1a: Dragapult
|-start|p1a: Dragapult|Substitute
|-damage|p1a: Dragapult|76/100
|
|-weather|SunnyDay|[upkeep]
|-heal|p1a: Dragapult|82/100|[from] item: Leftovers
|upkeep
|turn|4
|inactive|Ai Specialist 144 has 120 seconds left.
|
|t:|1757791694
|move|p2a: Walking Wake|Hydro Steam|p1a: Dragapult
|-resisted|p1a: Dragapult
|-end|p1a: Dragapult|Substitute
|move|p1a: Dragapult|Dragon Darts|p2a: Walking Wake
|-supereffective|p2a: Walking Wake
|-damage|p2a: Walking Wake|56/100
|-anim|p1a: Dragapult|Dragon Darts|p2a: Walking Wake
|-supereffective|p2a: Walking Wake
|-damage|p2a: Walking Wake|11/100
|
|-weather|SunnyDay|[upkeep]
|-heal|p1a: Dragapult|88/100|[from] item: Leftovers
|upkeep
|turn|5
|inactive|Ai Specialist 144 has 120 seconds left.
|
|t:|1757791707
|move|p2a: Walking Wake|Draco Meteor|p1a: Dragapult
|-supereffective|p1a: Dragapult
|-damage|p1a: Dragapult|0 fnt
|-unboost|p2a: Walking Wake|spa|2
|faint|p1a: Dragapult
|
|-weather|SunnyDay|[upkeep]
|upkeep
|
|t:|1757791720
|switch|p1a: Quaquaval|Quaquaval, M|100/100
|turn|6
|
|t:|1757791731
|move|p2a: Walking Wake|Flip Turn|p1a: Quaquaval
|-resisted|p1a: Quaquaval
|-damage|p1a: Quaquaval|95/100
|inactive|Ai Specialist 144 has 120 seconds left.
|
|t:|1757791745
|-end|p2a: Walking Wake|Protosynthesis|[silent]
|switch|p2a: Raging Bolt|Raging Bolt|100/100|[from] Flip Turn
|-activate|p2a: Raging Bolt|ability: Protosynthesis
|-start|p2a: Raging Bolt|protosynthesisspa
|move|p1a: Quaquaval|Aqua Step|p2a: Raging Bolt
|-resisted|p2a: Raging Bolt
|-damage|p2a: Raging Bolt|90/100
|-boost|p1a: Quaquaval|spe|1
|
|-weather|SunnyDay|[upkeep]
|-heal|p1a: Quaquaval|100/100|[from] item: Leftovers
|-heal|p2a: Raging Bolt|96/100|[from] item: Leftovers
|upkeep
|turn|7
|inactive|Ai Specialist 144 has 120 seconds left.
|inactive|Sleepy753 has 120 seconds left.
|
|t:|1757791775
|-terastallize|p1a: Quaquaval|Ground
|move|p1a: Quaquaval|Swords Dance|p1a: Quaquaval
|-boost|p1a: Quaquaval|atk|2
|move|p2a: Raging Bolt|Thunderbolt|p1a: Quaquaval
|-immune|p1a: Quaquaval
|
|-weather|SunnyDay|[upkeep]
|-heal|p2a: Raging Bolt|100/100|[from] item: Leftovers
|upkeep
|turn|8
|inactive|Ai Specialist 144 has 120 seconds left.
|
|t:|1757791810
|-terastallize|p2a: Raging Bolt|Bug
|move|p1a: Quaquaval|Aqua Step|p2a: Raging Bolt
|-damage|p2a: Raging Bolt|58/100
|-boost|p1a: Quaquaval|spe|1
|move|p2a: Raging Bolt|Dragon Pulse|p1a: Quaquaval
|-damage|p1a: Quaquaval|18/100
|
|-weather|none
|-end|p2a: Raging Bolt|Protosynthesis
|-heal|p1a: Quaquaval|24/100|[from] item: Leftovers
|-heal|p2a: Raging Bolt|64/100|[from] item: Leftovers
|upkeep
|turn|9
|inactive|Sleepy753 has 120 seconds left.
|inactive|Ai Specialist 144 has 90 seconds left.
|
|t:|1757791834
|-end|p2a: Raging Bolt|Protosynthesis|[silent]
|switch|p2a: Torkoal|Torkoal, M, shiny|100/100
|-weather|SunnyDay|[from] ability: Drought|[of] p2a: Torkoal
|move|p1a: Quaquaval|Close Combat|p2a: Torkoal
|-damage|p2a: Torkoal|0 fnt
|-unboost|p1a: Quaquaval|def|1
|-unboost|p1a: Quaquaval|spd|1
|faint|p2a: Torkoal
|-ability|p1a: Quaquaval|Moxie|boost
|-boost|p1a: Quaquaval|atk|1
|
|-weather|SunnyDay|[upkeep]
|-heal|p1a: Quaquaval|30/100|[from] item: Leftovers
|upkeep
|inactive|Ai Specialist 144 has 60 seconds left.
|
|t:|1757791877
|switch|p2a: EBONY W4RR10R|Ceruledge, M|100/100
|turn|10
|
|t:|1757791891
|move|p2a: EBONY W4RR10R|Shadow Sneak|p1a: Quaquaval
|-damage|p1a: Quaquaval|0 fnt
|faint|p1a: Quaquaval
|
|-weather|SunnyDay|[upkeep]
|upkeep
|
|t:|1757791899
|switch|p1a: Araquanid|Araquanid, M|100/100
|turn|11
|
|t:|1757791904
|switch|p2a: Hatterene|Hatterene, F, shiny|68/100
|move|p1a: Araquanid|Liquidation|p2a: Hatterene
|-damage|p2a: Hatterene|39/100
|
|-weather|SunnyDay|[upkeep]
|upkeep
|turn|12
|
|t:|1757791916
|move|p2a: Hatterene|Nuzzle|p1a: Araquanid
|-supereffective|p1a: Araquanid
|-damage|p1a: Araquanid|92/100
|-status|p1a: Araquanid|par
|move|p1a: Araquanid|Liquidation|p2a: Hatterene
|-damage|p2a: Hatterene|7/100
|
|-weather|SunnyDay|[upkeep]
|upkeep
|turn|13
|
|t:|1757791925
|move|p2a: Hatterene|Pain Split|p1a: Araquanid
|-sethp|p1a: Araquanid|49/100 par|[from] move: Pain Split|[silent]
|-sethp|p2a: Hatterene|55/100|[from] move: Pain Split
|move|p1a: Araquanid|Liquidation|p2a: Hatterene
|-damage|p2a: Hatterene|25/100
|-unboost|p2a: Hatterene|def|1
|
|-weather|SunnyDay|[upkeep]
|upkeep
|turn|14
|
|t:|1757791936
|move|p2a: Hatterene|Psychic Noise|p1a: Araquanid
|-damage|p1a: Araquanid|21/100 par
|-start|p1a: Araquanid|move: Heal Block
|cant|p1a: Araquanid|move: Heal Block|Leech Life
|
|-weather|SunnyDay|[upkeep]
|upkeep
|turn|15
|
|t:|1757791947
|move|p2a: Hatterene|Psychic Noise|p1a: Araquanid
|-damage|p1a: Araquanid|0 fnt
|faint|p1a: Araquanid
|
|-weather|SunnyDay|[upkeep]
|upkeep
|
|t:|1757791953
|switch|p1a: Skeledirge|Skeledirge, F|100/100
|turn|16
|
|t:|1757791957
|move|p1a: Skeledirge|Torch Song|p2a: Hatterene
|-damage|p2a: Hatterene|0 fnt
|-boost|p1a: Skeledirge|spa|1
|faint|p2a: Hatterene
|
|-weather|none
|upkeep
|
|t:|1757791969
|switch|p2a: Walking Wake|Walking Wake|11/100
|turn|17
|
|t:|1757791974
|switch|p1a: Weezing|Weezing-Galar, F|100/100
|move|p2a: Walking Wake|Hydro Steam|p1a: Weezing
|-damage|p1a: Weezing|39/100
|
|-heal|p1a: Weezing|45/100|[from] item: Leftovers
|upkeep
|turn|18
|
|t:|1757791983
|move|p2a: Walking Wake|Hydro Steam|p1a: Weezing
|-damage|p1a: Weezing|0 fnt
|faint|p1a: Weezing
|
|upkeep
|
|t:|1757791986
|switch|p1a: Weavile|Weavile, M|100/100
|turn|19
|
|t:|1757791999
|move|p1a: Weavile|Swords Dance|p1a: Weavile
|-boost|p1a: Weavile|atk|2
|move|p2a: Walking Wake|Flamethrower|p1a: Weavile
|-supereffective|p1a: Weavile
|-damage|p1a: Weavile|16/100
|
|upkeep
|turn|20
|
|t:|1757792013
|move|p1a: Weavile|Knock Off|p2a: Walking Wake
|-damage|p2a: Walking Wake|0 fnt
|-enditem|p2a: Walking Wake|Mystic Water|[from] move: Knock Off|[of] p1a: Weavile
|faint|p2a: Walking Wake
|-end|p2a: Walking Wake|Protosynthesis|[silent]
|
|upkeep
|inactive|Ai Specialist 144 has 90 seconds left.
|
|t:|1757792044
|switch|p2a: Raging Bolt|Raging Bolt, tera:Bug|64/100
|turn|21
|
|t:|1757792064
|move|p1a: Weavile|Ice Shard|p2a: Raging Bolt
|-damage|p2a: Raging Bolt|25/100
|move|p2a: Raging Bolt|Thunderclap||[still]
|-fail|p2a: Raging Bolt
|
|-heal|p2a: Raging Bolt|31/100|[from] item: Leftovers
|upkeep
|turn|22
|
|t:|1757792079
|move|p1a: Weavile|Ice Shard|p2a: Raging Bolt
|-damage|p2a: Raging Bolt|0 fnt
|faint|p2a: Raging Bolt
|-end|p2a: Raging Bolt|Protosynthesis|[silent]
|
|upkeep
|
|t:|1757792093
|switch|p2a: Charizard|Charizard, M, shiny|100/100
|turn|23
|
|t:|1757792102
|move|p2a: Charizard|Air Slash|p1a: Weavile
|-damage|p1a: Weavile|0 fnt
|faint|p1a: Weavile
|
|upkeep
|
|t:|1757792104
|switch|p1a: Skeledirge|Skeledirge, F|100/100
|turn|24
|
|t:|1757792109
|move|p2a: Charizard|Air Slash|p1a: Skeledirge
|-damage|p1a: Skeledirge|71/100
|move|p1a: Skeledirge|Torch Song|p2a: Charizard
|-resisted|p2a: Charizard
|-damage|p2a: Charizard|82/100
|-boost|p1a: Skeledirge|spa|1
|
|upkeep
|turn|25
|
|t:|1757792117
|move|p2a: Charizard|Air Slash|p1a: Skeledirge
|-damage|p1a: Skeledirge|42/100
|cant|p1a: Skeledirge|flinch
|
|upkeep
|turn|26
|-message|Sleepy753 forfeited.
|
|win|Ai Specialist 144
|raw|Sleepy753's rating: 1305 &rarr; <strong>1287</strong><br />(-18 for losing)
|raw|Ai Specialist 144's rating: 1336 &rarr; <strong>1354</strong><br />(+18 for winning)
|l|‽Sleepy753
|player|p1|
