|j|☆well by rod
|j|☆lolproplayer
|t:|1757952412
|gametype|singles
|player|p1|well by rod|266|1629
|player|p2|lolproplayer|pokekid|1589
|gen|9
|tier|[Gen 9] OU
|rated|
|rule|HP Percentage Mod: HP is shown in percentages
|rule|Endless Battle Clause: Forcing endless battles is banned
|rule|Species Clause: Limit one of each Pokémon
|rule|OHKO Clause: OHKO moves are banned
|rule|Evasion Items Clause: Evasion items are banned
|rule|Evasion Moves Clause: Evasion moves are banned
|rule|Evasion Abilities Clause: Evasion abilities are banned
|rule|Sleep Moves Clause: Sleep-inducing moves are banned
|clearpoke
|poke|p1|Mew|
|poke|p1|Kyurem|
|poke|p1|Kingambit, M|
|poke|p1|Articuno-Galar|
|poke|p1|Umbreon, F|
|poke|p1|Weezing-Galar, M|
|poke|p2|Ursaluna, M|
|poke|p2|Cresselia, F|
|poke|p2|Kingambit, M|
|poke|p2|Volcanion|
|poke|p2|Hatterene, F|
|poke|p2|Porygon2|
|teampreview
|inactive|Battle timer is ON: inactive players will automatically lose when time's up. (requested by lolproplayer)
|inactive|lolproplayer has 120 seconds left.
|
|t:|1757952463
|teamsize|p1|6
|teamsize|p2|6
|start
|switch|p1a: Kingambit|Kingambit, M, shiny|100/100
|switch|p2a: Molester|Volcanion|100/100
|turn|1
|
|t:|1757952479
|-end|p1a: Kingambit|fallenundefined|[silent]
|switch|p1a: Umbreon|Umbreon, F, shiny|100/100
|move|p2a: Molester|Steam Eruption|p1a: Umbreon
|-damage|p1a: Umbreon|47/100
|
|-heal|p1a: Umbreon|53/100|[from] item: Leftovers
|upkeep
|turn|2
|
|t:|1757952486
|move|p1a: Umbreon|Protect|p1a: Umbreon
|-singleturn|p1a: Umbreon|Protect
|move|p2a: Molester|Steam Eruption|p1a: Umbreon
|-activate|p1a: Umbreon|move: Protect
|
|-heal|p1a: Umbreon|59/100|[from] item: Leftovers
|upkeep
|turn|3
|
|t:|1757952504
|move|p1a: Umbreon|Wish|p1a: Umbreon
|move|p2a: Molester|Steam Eruption|p1a: Umbreon
|-damage|p1a: Umbreon|6/100
|
|-heal|p1a: Umbreon|12/100|[from] item: Leftovers
|upkeep
|turn|4
|
|t:|1757952516
|switch|p2a: AssFrasser|Ursaluna, M|100/100
|move|p1a: Umbreon|Protect||[still]
|-fail|p1a: Umbreon
|
|-heal|p1a: Umbreon|62/100|[from] move: Wish|[wisher] Umbreon
|-heal|p1a: Umbreon|68/100|[from] item: Leftovers
|-status|p2a: AssFrasser|brn|[from] item: Flame Orb
|upkeep
|turn|5
|
|t:|1757952524
|move|p1a: Umbreon|Foul Play|p2a: AssFrasser
|-damage|p2a: AssFrasser|60/100 brn
|move|p2a: AssFrasser|Facade|p1a: Umbreon
|-damage|p1a: Umbreon|0 fnt
|faint|p1a: Umbreon
|
|-damage|p2a: AssFrasser|54/100 brn|[from] brn
|upkeep
|
|t:|1757952530
|switch|p1a: Kyurem|Kyurem, shiny|100/100
|-ability|p1a: Kyurem|Pressure
|turn|6
|
|t:|1757952550
|move|p2a: AssFrasser|Protect|p2a: AssFrasser
|-singleturn|p2a: AssFrasser|Protect
|move|p1a: Kyurem|Ice Beam|p2a: AssFrasser
|-activate|p2a: AssFrasser|move: Protect
|
|-damage|p2a: AssFrasser|48/100 brn|[from] brn
|upkeep
|turn|7
|
|t:|1757952560
|switch|p2a: Molester|Volcanion|100/100
|move|p1a: Kyurem|Ice Beam|p2a: Molester
|-resisted|p2a: Molester
|-damage|p2a: Molester|86/100
|
|upkeep
|turn|8
|
|t:|1757952569
|move|p1a: Kyurem|Earth Power|p2a: Molester
|-supereffective|p2a: Molester
|-damage|p2a: Molester|18/100
|move|p2a: Molester|Steam Eruption|p1a: Kyurem
|-resisted|p1a: Kyurem
|-damage|p1a: Kyurem|57/100
|
|upkeep
|turn|9
|
|t:|1757952579
|switch|p2a: Moonboy|Cresselia, F, shiny|100/100
|move|p1a: Kyurem|Freeze-Dry|p2a: Moonboy
|-damage|p2a: Moonboy|73/100
|-status|p2a: Moonboy|frz
|
|upkeep
|turn|10
|
|t:|1757952587
|move|p1a: Kyurem|Ice Beam|p2a: Moonboy
|-damage|p2a: Moonboy|39/100 frz
|cant|p2a: Moonboy|frz
|
|upkeep
|turn|11
|
|t:|1757952595
|move|p1a: Kyurem|Ice Beam|p2a: Moonboy
|-damage|p2a: Moonboy|7/100 frz
|cant|p2a: Moonboy|frz
|
|upkeep
|turn|12
|
|t:|1757952599
|move|p1a: Kyurem|Freeze-Dry|p2a: Moonboy
|-damage|p2a: Moonboy|0 fnt
|faint|p2a: Moonboy
|
|upkeep
|
|t:|1757952615
|switch|p2a: Kingambit|Kingambit, M|100/100
|-activate|p2a: Kingambit|ability: Supreme Overlord
|-start|p2a: Kingambit|fallen1|[silent]
|turn|13
|
|t:|1757952620
|-terastallize|p2a: Kingambit|Dark
|move|p2a: Kingambit|Sucker Punch|p1a: Kyurem
|-damage|p1a: Kyurem|0 fnt
|faint|p1a: Kyurem
|-damage|p2a: Kingambit|91/100|[from] item: Life Orb
|
|upkeep
|
|t:|1757952628
|switch|p1a: Weezing|Weezing-Galar, M, shiny|100/100
|turn|14
|
|t:|1757952643
|-end|p2a: Kingambit|fallen1|[silent]
|switch|p2a: Neckless|Porygon2|100/100
|-ability|p2a: Neckless|Download|boost
|-boost|p2a: Neckless|spa|1
|move|p1a: Weezing|Will-O-Wisp|p2a: Neckless
|-status|p2a: Neckless|brn
|
|-damage|p2a: Neckless|94/100 brn|[from] brn
|upkeep
|turn|15
|
|t:|1757952652
|move|p1a: Weezing|Acid Spray|p2a: Neckless
|-damage|p2a: Neckless|87/100 brn
|-unboost|p2a: Neckless|spd|2
|move|p2a: Neckless|Trick Room|p2a: Neckless
|-fieldstart|move: Trick Room|[of] p2a: Neckless
|
|-damage|p2a: Neckless|81/100 brn|[from] brn
|upkeep
|turn|16
|
|t:|1757952667
|switch|p2a: AssFrasser|Ursaluna, M|48/100 brn
|move|p1a: Weezing|Acid Spray|p2a: AssFrasser
|-resisted|p2a: AssFrasser
|-damage|p2a: AssFrasser|43/100 brn
|-unboost|p2a: AssFrasser|spd|2
|
|-damage|p2a: AssFrasser|36/100 brn|[from] brn
|upkeep
|turn|17
|
|t:|1757952684
|move|p2a: AssFrasser|Headlong Rush|p1a: Weezing
|-immune|p1a: Weezing|[from] ability: Levitate
|move|p1a: Weezing|Strange Steam|p2a: AssFrasser
|-damage|p2a: AssFrasser|0 fnt
|faint|p2a: AssFrasser
|
|upkeep
|inactive|lolproplayer has 120 seconds left.
|
|t:|1757952705
|switch|p2a: Molester|Volcanion|18/100
|turn|18
|
|t:|1757952712
|move|p2a: Molester|Steam Eruption|p1a: Weezing
|-damage|p1a: Weezing|0 fnt
|faint|p1a: Weezing
|
|upkeep
|
|t:|1757952728
|switch|p1a: Mew|Mew, shiny|100/100
|turn|19
|
|t:|1757952731
|-terastallize|p1a: Mew|Grass
|move|p2a: Molester|Steam Eruption|p1a: Mew
|-resisted|p1a: Mew
|-damage|p1a: Mew|55/100
|move|p1a: Mew|Dragon Dance|p1a: Mew
|-boost|p1a: Mew|atk|1
|-boost|p1a: Mew|spe|1
|
|-fieldend|move: Trick Room
|upkeep
|turn|20
|
|t:|1757952750
|move|p1a: Mew|Earthquake|p2a: Molester
|-supereffective|p2a: Molester
|-damage|p2a: Molester|0 fnt
|faint|p2a: Molester
|
|upkeep
|
|t:|1757952755
|switch|p2a: Neckless|Porygon2|81/100 brn
|-ability|p2a: Neckless|Download|boost
|-boost|p2a: Neckless|spa|1
|turn|21
|
|t:|1757952772
|move|p1a: Mew|Bullet Seed|p2a: Neckless
|-damage|p2a: Neckless|69/100 brn
|-damage|p2a: Neckless|58/100 brn
|-damage|p2a: Neckless|47/100 brn
|-damage|p2a: Neckless|36/100 brn
|-hitcount|p2a: Neckless|4
|move|p2a: Neckless|Ice Beam|p1a: Mew
|-supereffective|p1a: Mew
|-damage|p1a: Mew|0 fnt
|faint|p1a: Mew
|
|-damage|p2a: Neckless|30/100 brn|[from] brn
|upkeep
|
|t:|1757952780
|switch|p1a: Kingambit|Kingambit, M, shiny|100/100
|-activate|p1a: Kingambit|ability: Supreme Overlord
|-start|p1a: Kingambit|fallen4|[silent]
|turn|22
|
|t:|1757952786
|move|p1a: Kingambit|Low Kick|p2a: Neckless
|-supereffective|p2a: Neckless
|-crit|p2a: Neckless
|-damage|p2a: Neckless|0 fnt
|faint|p2a: Neckless
|
|upkeep
|
|t:|1757952793
|switch|p2a: queer|Hatterene, F|100/100
|turn|23
|
|t:|1757952797
|move|p1a: Kingambit|Iron Head|p2a: queer
|-supereffective|p2a: queer
|-enditem|p2a: queer|Focus Sash
|-damage|p2a: queer|1/100
|move|p2a: queer|Trick Room|p2a: queer
|-fieldstart|move: Trick Room|[of] p2a: queer
|
|upkeep
|turn|24
|
|t:|1757952812
|-end|p1a: Kingambit|fallen4|[silent]
|switch|p1a: Articuno|Articuno-Galar, shiny|100/100
|move|p2a: queer|Healing Wish|p2a: queer
|faint|p2a: queer
|
|upkeep
|
|t:|1757952822
|switch|p2a: Kingambit|Kingambit, M, tera:Dark|91/100
|-heal|p2a: Kingambit|100/100|[from] move: Healing Wish
|-activate|p2a: Kingambit|ability: Supreme Overlord
|-start|p2a: Kingambit|fallen5|[silent]
|turn|25
|
|t:|1757952829
|move|p2a: Kingambit|Swords Dance|p2a: Kingambit
|-boost|p2a: Kingambit|atk|2
|move|p1a: Articuno|Tera Blast|p2a: Kingambit
|-damage|p2a: Kingambit|79/100
|
|upkeep
|turn|26
|
|t:|1757952845
|move|p2a: Kingambit|Kowtow Cleave|p1a: Articuno
|-supereffective|p1a: Articuno
|-damage|p1a: Articuno|0 fnt
|faint|p1a: Articuno
|-damage|p2a: Kingambit|69/100|[from] item: Life Orb
|
|upkeep
|
|t:|1757952848
|switch|p1a: Kingambit|Kingambit, M, shiny|100/100
|-activate|p1a: Kingambit|ability: Supreme Overlord
|-start|p1a: Kingambit|fallen5|[silent]
|turn|27
|
|t:|1757952856
|move|p2a: Kingambit|Kowtow Cleave|p1a: Kingambit
|-resisted|p1a: Kingambit
|-damage|p1a: Kingambit|0 fnt
|faint|p1a: Kingambit
|-end|p1a: Kingambit|fallen5|[silent]
|-damage|p2a: Kingambit|59/100|[from] item: Life Orb
|
|win|lolproplayer
|raw|well by rod's rating: 1629 &rarr; <strong>1607</strong><br />(-22 for losing)
|raw|lolproplayer's rating: 1589 &rarr; <strong>1611</strong><br />(+22 for winning)
|l|☆well by rod
|player|p1|
|l|☆lolproplayer
|player|p2|
