|j|☆Niclsz
|j|☆pn3flac1d0
|t:|1757842724
|gametype|singles
|player|p1|Niclsz|266|1162
|player|p2|pn3flac1d0|red|1111
|gen|9
|tier|[Gen 9] OU
|rated|
|rule|HP Percentage Mod: HP is shown in percentages
|rule|Endless Battle Clause: Forcing endless battles is banned
|rule|Species Clause: Limit one of each Pokémon
|rule|OHKO Clause: OHKO moves are banned
|rule|Evasion Items Clause: Evasion items are banned
|rule|Evasion Moves Clause: Evasion moves are banned
|rule|Evasion Abilities Clause: Evasion abilities are banned
|rule|Sleep Moves Clause: Sleep-inducing moves are banned
|clearpoke
|poke|p1|Amoonguss, M|
|poke|p1|Gholdengo|
|poke|p1|Incineroar, M|
|poke|p1|Weezing-Galar, M|
|poke|p1|Ditto|
|poke|p1|Ambipom, M|
|poke|p2|Umbreon, M|
|poke|p2|Sylveon, F|
|poke|p2|Espeon, M|
|poke|p2|Leafeon, M|
|poke|p2|Flareon, F|
|poke|p2|Vaporeon, M|
|teampreview
|inactive|Battle timer is ON: inactive players will automatically lose when time's up. (requested by Niclsz)
|
|t:|1757842735
|teamsize|p1|6
|teamsize|p2|6
|start
|switch|p1a: wtf is di shi|Ambipom, M|100/100
|switch|p2a: Leafeon|Leafeon, M, shiny|100/100
|turn|1
|
|t:|1757842740
|-terastallize|p1a: wtf is di shi|Normal
|move|p1a: wtf is di shi|Fake Out|p2a: Leafeon
|-damage|p2a: Leafeon|60/100
|cant|p2a: Leafeon|flinch
|
|upkeep
|turn|2
|
|t:|1757842746
|move|p1a: wtf is di shi|U-turn|p2a: Leafeon
|-supereffective|p2a: Leafeon
|-damage|p2a: Leafeon|22/100
|
|t:|1757842749
|switch|p1a: Incineroar|Incineroar, M|100/100|[from] U-turn
|-ability|p1a: Incineroar|Intimidate|boost
|-unboost|p2a: Leafeon|atk|1
|move|p2a: Leafeon|Sunny Day|p2a: Leafeon
|-weather|SunnyDay
|
|-weather|SunnyDay|[upkeep]
|upkeep
|turn|3
|
|t:|1757842767
|switch|p2a: Vaporeon|Vaporeon, M, shiny|100/100
|move|p1a: Incineroar|Flare Blitz|p2a: Vaporeon
|-resisted|p2a: Vaporeon
|-damage|p2a: Vaporeon|65/100
|-damage|p1a: Incineroar|87/100|[from] Recoil
|
|-weather|SunnyDay|[upkeep]
|-heal|p2a: Vaporeon|71/100|[from] item: Leftovers
|upkeep
|turn|4
|
|t:|1757842773
|switch|p1a: Amoonguss|Amoonguss, M|100/100
|move|p2a: Vaporeon|Wish|p2a: Vaporeon
|
|-weather|SunnyDay|[upkeep]
|-heal|p2a: Vaporeon|78/100|[from] item: Leftovers
|upkeep
|turn|5
|
|t:|1757842780
|switch|p2a: Leafeon|Leafeon, M, shiny|22/100
|move|p1a: Amoonguss|Stun Spore|p2a: Leafeon
|-immune|p2a: Leafeon
|
|-weather|SunnyDay|[upkeep]
|-heal|p2a: Leafeon|100/100|[from] move: Wish|[wisher] Vaporeon
|upkeep
|turn|6
|
|t:|1757842788
|move|p2a: Leafeon|Swords Dance|p2a: Leafeon
|-boost|p2a: Leafeon|atk|2
|move|p1a: Amoonguss|Toxic|p2a: Leafeon
|-status|p2a: Leafeon|tox
|
|-weather|SunnyDay|[upkeep]
|-damage|p2a: Leafeon|95/100 tox|[from] psn
|upkeep
|turn|7
|
|t:|1757842795
|move|p2a: Leafeon|Swords Dance|p2a: Leafeon
|-boost|p2a: Leafeon|atk|2
|move|p1a: Amoonguss|Clear Smog|p2a: Leafeon
|-supereffective|p2a: Leafeon
|-damage|p2a: Leafeon|36/100 tox
|-clearboost|p2a: Leafeon
|
|-weather|SunnyDay|[upkeep]
|-damage|p2a: Leafeon|24/100 tox|[from] psn
|upkeep
|turn|8
|
|t:|1757842801
|-terastallize|p2a: Leafeon|Fire
|move|p2a: Leafeon|Tera Blast|p1a: Amoonguss|[anim] Tera Blast Fire
|-supereffective|p1a: Amoonguss
|-damage|p1a: Amoonguss|0 fnt
|faint|p1a: Amoonguss
|
|-weather|SunnyDay|[upkeep]
|-damage|p2a: Leafeon|7/100 tox|[from] psn
|upkeep
|
|t:|1757842809
|switch|p1a: wtf is di shi|Ambipom, M, tera:Normal|100/100
|turn|9
|
|t:|1757842813
|move|p1a: wtf is di shi|Fake Out|p2a: Leafeon
|-damage|p2a: Leafeon|0 fnt
|faint|p2a: Leafeon
|
|-weather|none
|upkeep
|
|t:|1757842821
|switch|p2a: Flareon|Flareon, F, shiny|100/100
|turn|10
|
|t:|1757842827
|move|p1a: wtf is di shi|U-turn|p2a: Flareon
|-resisted|p2a: Flareon
|-damage|p2a: Flareon|81/100
|
|t:|1757842829
|switch|p1a: Incineroar|Incineroar, M|87/100|[from] U-turn
|-ability|p1a: Incineroar|Intimidate|boost
|-unboost|p2a: Flareon|atk|1
|move|p2a: Flareon|Flame Charge|p1a: Incineroar
|-resisted|p1a: Incineroar
|-damage|p1a: Incineroar|79/100
|-boost|p2a: Flareon|spe|1
|
|-status|p2a: Flareon|tox|[from] item: Toxic Orb
|upkeep
|turn|11
|
|t:|1757842836
|move|p2a: Flareon|Double-Edge|p1a: Incineroar
|-damage|p1a: Incineroar|41/100
|-damage|p2a: Flareon|65/100 tox|[from] Recoil
|move|p1a: Incineroar|Earthquake|p2a: Flareon
|-supereffective|p2a: Flareon
|-damage|p2a: Flareon|0 fnt
|faint|p2a: Flareon
|
|upkeep
|
|t:|1757842846
|switch|p2a: Vaporeon|Vaporeon, M, shiny|78/100
|turn|12
|
|t:|1757842852
|move|p2a: Vaporeon|Scald|p1a: Incineroar
|-supereffective|p1a: Incineroar
|-damage|p1a: Incineroar|2/100
|move|p1a: Incineroar|Close Combat|p2a: Vaporeon
|-damage|p2a: Vaporeon|46/100
|-unboost|p1a: Incineroar|def|1
|-unboost|p1a: Incineroar|spd|1
|
|-heal|p2a: Vaporeon|52/100|[from] item: Leftovers
|upkeep
|turn|13
|
|t:|1757842859
|switch|p1a: wtf is di shi|Ambipom, M, tera:Normal|100/100
|move|p2a: Vaporeon|Wish|p2a: Vaporeon
|
|-heal|p2a: Vaporeon|58/100|[from] item: Leftovers
|upkeep
|turn|14
|
|t:|1757842864
|move|p1a: wtf is di shi|Fake Out|p2a: Vaporeon
|-damage|p2a: Vaporeon|25/100
|cant|p2a: Vaporeon|flinch
|
|-heal|p2a: Vaporeon|75/100|[from] move: Wish|[wisher] Vaporeon
|-heal|p2a: Vaporeon|81/100|[from] item: Leftovers
|upkeep
|turn|15
|
|t:|1757842871
|move|p2a: Vaporeon|Protect|p2a: Vaporeon
|-singleturn|p2a: Vaporeon|Protect
|move|p1a: wtf is di shi|U-turn|p2a: Vaporeon
|-activate|p2a: Vaporeon|move: Protect
|
|-heal|p2a: Vaporeon|88/100|[from] item: Leftovers
|upkeep
|turn|16
|
|t:|1757842876
|move|p1a: wtf is di shi|U-turn|p2a: Vaporeon
|-damage|p2a: Vaporeon|73/100
|
|t:|1757842881
|switch|p1a: Weezing|Weezing-Galar, M|100/100|[from] U-turn
|-ability|p1a: Weezing|Neutralizing Gas
|move|p2a: Vaporeon|Scald|p1a: Weezing
|-damage|p1a: Weezing|66/100
|
|-heal|p2a: Vaporeon|79/100|[from] item: Leftovers
|-heal|p1a: Weezing|72/100|[from] item: Leftovers
|upkeep
|turn|17
|
|t:|1757842891
|move|p2a: Vaporeon|Protect|p2a: Vaporeon
|-singleturn|p2a: Vaporeon|Protect
|move|p1a: Weezing|Toxic|p2a: Vaporeon
|-activate|p2a: Vaporeon|move: Protect
|
|-heal|p2a: Vaporeon|85/100|[from] item: Leftovers
|-heal|p1a: Weezing|78/100|[from] item: Leftovers
|upkeep
|turn|18
|
|t:|1757842902
|-end|p1a: Weezing|ability: Neutralizing Gas
|switch|p1a: wtf is di shi|Ambipom, M, tera:Normal|100/100
|move|p2a: Vaporeon|Scald|p1a: wtf is di shi
|-damage|p1a: wtf is di shi|51/100
|-status|p1a: wtf is di shi|brn
|
|-heal|p2a: Vaporeon|91/100|[from] item: Leftovers
|-damage|p1a: wtf is di shi|45/100 brn|[from] brn
|upkeep
|turn|19
|
|t:|1757842911
|move|p1a: wtf is di shi|Double-Edge|p2a: Vaporeon
|-damage|p2a: Vaporeon|55/100
|-damage|p1a: wtf is di shi|26/100 brn|[from] Recoil
|move|p2a: Vaporeon|Scald|p1a: wtf is di shi
|-damage|p1a: wtf is di shi|0 fnt
|faint|p1a: wtf is di shi
|
|-heal|p2a: Vaporeon|62/100|[from] item: Leftovers
|upkeep
|
|t:|1757842918
|switch|p1a: Gholdengo|Gholdengo|100/100
|turn|20
|
|t:|1757842923
|move|p2a: Vaporeon|Protect|p2a: Vaporeon
|-singleturn|p2a: Vaporeon|Protect
|move|p1a: Gholdengo|Dazzling Gleam|p2a: Vaporeon
|-activate|p2a: Vaporeon|move: Protect
|
|-heal|p2a: Vaporeon|68/100|[from] item: Leftovers
|upkeep
|turn|21
|
|t:|1757842931
|move|p1a: Gholdengo|Dazzling Gleam|p2a: Vaporeon
|-damage|p2a: Vaporeon|31/100
|move|p2a: Vaporeon|Wish|p2a: Vaporeon
|
|-heal|p2a: Vaporeon|37/100|[from] item: Leftovers
|upkeep
|turn|22
|
|t:|1757842937
|move|p1a: Gholdengo|Dazzling Gleam|p2a: Vaporeon
|-damage|p2a: Vaporeon|0 fnt
|faint|p2a: Vaporeon
|
|upkeep
|
|t:|1757842944
|switch|p2a: Umbreon|Umbreon, M, shiny|100/100
|turn|23
|
|t:|1757842948
|switch|p1a: Incineroar|Incineroar, M|2/100
|-ability|p1a: Incineroar|Intimidate|boost
|-unboost|p2a: Umbreon|atk|1
|move|p2a: Umbreon|Foul Play|p1a: Incineroar
|-resisted|p1a: Incineroar
|-damage|p1a: Incineroar|0 fnt
|faint|p1a: Incineroar
|
|upkeep
|
|t:|1757842954
|switch|p1a: Weezing|Weezing-Galar, M|78/100
|-ability|p1a: Weezing|Neutralizing Gas
|turn|24
|
|t:|1757842964
|switch|p2a: Espeon|Espeon, M, shiny|100/100
|move|p1a: Weezing|Dazzling Gleam|p2a: Espeon
|-damage|p2a: Espeon|67/100
|
|-heal|p1a: Weezing|84/100|[from] item: Leftovers
|upkeep
|turn|25
|
|t:|1757842971
|move|p2a: Espeon|Shadow Ball|p1a: Weezing
|-damage|p1a: Weezing|41/100
|-unboost|p1a: Weezing|spd|1
|-damage|p2a: Espeon|57/100|[from] item: Life Orb
|move|p1a: Weezing|Dazzling Gleam|p2a: Espeon
|-damage|p2a: Espeon|20/100
|
|-heal|p1a: Weezing|47/100|[from] item: Leftovers
|upkeep
|turn|26
|
|t:|1757842976
|move|p2a: Espeon|Psychic|p1a: Weezing
|-supereffective|p1a: Weezing
|-damage|p1a: Weezing|0 fnt
|faint|p1a: Weezing
|-end|p1a: Weezing|ability: Neutralizing Gas
|-damage|p2a: Espeon|10/100|[from] item: Life Orb
|
|upkeep
|
|t:|1757842979
|switch|p1a: Ditto|Ditto|100/100
|-transform|p1a: Ditto|p2a: Espeon|[from] ability: Imposter
|turn|27
|
|t:|1757842984
|move|p1a: Ditto|Alluring Voice|p2a: Espeon
|-damage|p2a: Espeon|0 fnt
|faint|p2a: Espeon
|
|upkeep
|
|t:|1757842987
|switch|p2a: Umbreon|Umbreon, M, shiny|100/100
|turn|28
|
|t:|1757842992
|move|p1a: Ditto|Alluring Voice|p2a: Umbreon
|-supereffective|p2a: Umbreon
|-crit|p2a: Umbreon
|-damage|p2a: Umbreon|47/100
|move|p2a: Umbreon|Foul Play|p1a: Ditto
|-supereffective|p1a: Ditto
|-crit|p1a: Ditto
|-damage|p1a: Ditto|14/100
|
|-heal|p2a: Umbreon|54/100|[from] item: Leftovers
|upkeep
|turn|29
|
|t:|1757842998
|move|p2a: Umbreon|Protect|p2a: Umbreon
|-singleturn|p2a: Umbreon|Protect
|move|p1a: Ditto|Alluring Voice|p2a: Umbreon
|-activate|p2a: Umbreon|move: Protect
|
|-heal|p2a: Umbreon|60/100|[from] item: Leftovers
|upkeep
|turn|30
|
|t:|1757843003
|move|p1a: Ditto|Alluring Voice|p2a: Umbreon
|-supereffective|p2a: Umbreon
|-damage|p2a: Umbreon|20/100
|move|p2a: Umbreon|Foul Play|p1a: Ditto
|-supereffective|p1a: Ditto
|-damage|p1a: Ditto|0 fnt
|faint|p1a: Ditto
|
|-heal|p2a: Umbreon|26/100|[from] item: Leftovers
|upkeep
|
|t:|1757843005
|switch|p1a: Gholdengo|Gholdengo|100/100
|turn|31
|
|t:|1757843012
|move|p2a: Umbreon|Protect|p2a: Umbreon
|-singleturn|p2a: Umbreon|Protect
|move|p1a: Gholdengo|Make It Rain|p2a: Umbreon
|-activate|p2a: Umbreon|move: Protect
|
|-heal|p2a: Umbreon|32/100|[from] item: Leftovers
|upkeep
|turn|32
|
|t:|1757843029
|move|p1a: Gholdengo|Make It Rain|p2a: Umbreon
|-damage|p2a: Umbreon|0 fnt
|-unboost|p1a: Gholdengo|spa|1
|faint|p2a: Umbreon
|
|upkeep
|
|t:|1757843032
|switch|p2a: Sylveon|Sylveon, F, shiny|100/100
|turn|33
|
|t:|1757843037
|move|p1a: Gholdengo|Make It Rain|p2a: Sylveon
|-supereffective|p2a: Sylveon
|-damage|p2a: Sylveon|30/100
|-unboost|p1a: Gholdengo|spa|1
|move|p2a: Sylveon|Wish|p2a: Sylveon
|
|-heal|p2a: Sylveon|37/100|[from] item: Leftovers
|upkeep
|turn|34
|
|t:|1757843041
|move|p2a: Sylveon|Protect|p2a: Sylveon
|-singleturn|p2a: Sylveon|Protect
|move|p1a: Gholdengo|Make It Rain|p2a: Sylveon
|-activate|p2a: Sylveon|move: Protect
|
|-heal|p2a: Sylveon|87/100|[from] move: Wish|[wisher] Sylveon
|-heal|p2a: Sylveon|93/100|[from] item: Leftovers
|upkeep
|turn|35
|-message|Niclsz forfeited.
|
|win|pn3flac1d0
|raw|Niclsz's rating: 1162 &rarr; <strong>1132</strong><br />(-30 for losing)
|raw|pn3flac1d0's rating: 1092 &rarr; <strong>1123</strong><br />(+31 for winning)
|l|☆Niclsz
|player|p1|
|l|☆pn3flac1d0
|player|p2|
