|j|☆winstrol abuser
|j|☆purple pastels
|t:|1757862949
|gametype|singles
|player|p1|winstrol abuser|102|1540
|player|p2|purple pastels|doubleteam|1602
|gen|9
|tier|[Gen 9] OU
|rated|
|rule|HP Percentage Mod: HP is shown in percentages
|rule|Endless Battle Clause: Forcing endless battles is banned
|rule|Species Clause: Limit one of each Pokémon
|rule|OHKO Clause: OHKO moves are banned
|rule|Evasion Items Clause: Evasion items are banned
|rule|Evasion Moves Clause: Evasion moves are banned
|rule|Evasion Abilities Clause: Evasion abilities are banned
|rule|Sleep Moves Clause: Sleep-inducing moves are banned
|clearpoke
|poke|p1|Cinderace, M|
|poke|p1|Iron Valiant|
|poke|p1|Kingambit, F|
|poke|p1|Raging Bolt|
|poke|p1|Landorus-Therian, M|
|poke|p1|Ogerpon-Wellspring, F|
|poke|p2|Cinderace, M|
|poke|p2|Blaziken, M|
|poke|p2|Ogerpon-Wellspring, F|
|poke|p2|Lokix, F|
|poke|p2|Iron Treads|
|poke|p2|Dragapult, M|
|teampreview
|inactive|Battle timer is ON: inactive players will automatically lose when time's up. (requested by purple pastels)
|
|t:|1757862959
|teamsize|p1|6
|teamsize|p2|6
|start
|switch|p1a: Cinderace|Cinderace, M|100/100
|switch|p2a: Dragapult|Dragapult, M|100/100
|turn|1
|
|t:|1757862967
|move|p1a: Cinderace|Sucker Punch|p2a: Dragapult
|-start|p1a: Cinderace|typechange|Dark|[from] ability: Libero
|-supereffective|p2a: Dragapult
|-damage|p2a: Dragapult|4/100
|move|p2a: Dragapult|Hydro Pump|p1a: Cinderace
|-damage|p1a: Cinderace|36/100
|-damage|p2a: Dragapult|0 fnt|[from] item: Life Orb
|faint|p2a: Dragapult
|
|upkeep
|
|t:|1757862974
|switch|p2a: Iron Treads|Iron Treads|100/100
|-enditem|p2a: Iron Treads|Booster Energy
|-activate|p2a: Iron Treads|ability: Quark Drive|[fromitem]
|-start|p2a: Iron Treads|quarkdrivespe
|turn|2
|
|t:|1757862980
|switch|p1a: Landorus|Landorus-Therian, M|100/100
|-ability|p1a: Landorus|Intimidate|boost
|-unboost|p2a: Iron Treads|atk|1
|move|p2a: Iron Treads|Stealth Rock|p1a: Landorus
|-sidestart|p1: winstrol abuser|move: Stealth Rock
|
|upkeep
|turn|3
|
|t:|1757862986
|move|p2a: Iron Treads|Steel Beam|p1a: Landorus
|-damage|p1a: Landorus|27/100
|-damage|p2a: Iron Treads|50/100|[from] steelbeam
|move|p1a: Landorus|Earthquake|p2a: Iron Treads
|-supereffective|p2a: Iron Treads
|-damage|p2a: Iron Treads|0 fnt
|faint|p2a: Iron Treads
|-end|p2a: Iron Treads|Quark Drive|[silent]
|
|upkeep
|
|t:|1757863002
|switch|p2a: sambucky yuri|Ogerpon-Wellspring, F|100/100
|turn|4
|
|t:|1757863031
|switch|p1a: Raging Bolt|Raging Bolt|100/100
|-damage|p1a: Raging Bolt|88/100|[from] Stealth Rock
|-enditem|p1a: Raging Bolt|Booster Energy
|-activate|p1a: Raging Bolt|ability: Protosynthesis|[fromitem]
|-start|p1a: Raging Bolt|protosynthesisspa
|move|p2a: sambucky yuri|Trailblaze|p1a: Raging Bolt
|-resisted|p1a: Raging Bolt
|-damage|p1a: Raging Bolt|73/100
|-boost|p2a: sambucky yuri|spe|1
|
|upkeep
|turn|5
|
|t:|1757863042
|move|p2a: sambucky yuri|Play Rough|p1a: Raging Bolt
|-supereffective|p1a: Raging Bolt
|-damage|p1a: Raging Bolt|9/100
|-unboost|p1a: Raging Bolt|atk|1
|move|p1a: Raging Bolt|Thunderbolt|p2a: sambucky yuri
|-damage|p2a: sambucky yuri|19/100
|
|upkeep
|turn|6
|
|t:|1757863050
|move|p1a: Raging Bolt|Thunderclap|p2a: sambucky yuri
|-damage|p2a: sambucky yuri|0 fnt
|faint|p2a: sambucky yuri
|
|upkeep
|
|t:|1757863060
|switch|p2a: Cinderace|Cinderace, M|100/100
|turn|7
|
|t:|1757863063
|move|p2a: Cinderace|Sucker Punch|p1a: Raging Bolt
|-damage|p1a: Raging Bolt|0 fnt
|faint|p1a: Raging Bolt
|-end|p1a: Raging Bolt|Protosynthesis|[silent]
|-damage|p2a: Cinderace|91/100|[from] item: Life Orb
|
|upkeep
|
|t:|1757863068
|switch|p1a: Cinderace|Cinderace, M|36/100
|turn|8
|
|t:|1757863071
|move|p1a: Cinderace|Court Change|p1a: Cinderace
|-start|p1a: Cinderace|typechange|Normal|[from] ability: Libero
|-swapsideconditions
|-activate|p1a: Cinderace|move: Court Change
|move|p2a: Cinderace|Flare Blitz|p1a: Cinderace
|-damage|p1a: Cinderace|0 fnt
|faint|p1a: Cinderace
|-damage|p2a: Cinderace|79/100|[from] Recoil
|-damage|p2a: Cinderace|69/100|[from] item: Life Orb
|
|upkeep
|
|t:|1757863081
|switch|p1a: Landorus|Landorus-Therian, M|27/100
|-ability|p1a: Landorus|Intimidate|boost
|-unboost|p2a: Cinderace|atk|1
|turn|9
|
|t:|1757863085
|switch|p2a: Blaziken|Blaziken, M|100/100
|-damage|p2a: Blaziken|88/100|[from] Stealth Rock
|-item|p2a: Blaziken|Air Balloon
|move|p1a: Landorus|Earthquake|p2a: Blaziken
|-immune|p2a: Blaziken
|
|upkeep
|turn|10
|
|t:|1757863093
|switch|p1a: Ogerpon|Ogerpon-Wellspring, F|100/100
|move|p2a: Blaziken|Swords Dance|p2a: Blaziken
|-boost|p2a: Blaziken|atk|2
|
|-ability|p2a: Blaziken|Speed Boost|boost
|-boost|p2a: Blaziken|spe|1
|upkeep
|turn|11
|
|t:|1757863101
|move|p2a: Blaziken|Acrobatics|p1a: Ogerpon
|-supereffective|p1a: Ogerpon
|-damage|p1a: Ogerpon|3/100
|move|p1a: Ogerpon|Ivy Cudgel|p2a: Blaziken|[anim] Ivy Cudgel Water
|-supereffective|p2a: Blaziken
|-damage|p2a: Blaziken|0 fnt
|-enditem|p2a: Blaziken|Air Balloon
|faint|p2a: Blaziken
|
|upkeep
|
|t:|1757863110
|switch|p2a: Cinderace|Cinderace, M|69/100
|-damage|p2a: Cinderace|44/100|[from] Stealth Rock
|turn|12
|
|t:|1757863114
|move|p2a: Cinderace|Court Change|p2a: Cinderace
|-swapsideconditions
|-activate|p2a: Cinderace|move: Court Change
|move|p1a: Ogerpon|Ivy Cudgel|p2a: Cinderace|[anim] Ivy Cudgel Water
|-supereffective|p2a: Cinderace
|-damage|p2a: Cinderace|0 fnt
|faint|p2a: Cinderace
|
|upkeep
|
|t:|1757863119
|switch|p2a: rio vidal|Lokix, F|100/100
|turn|13
|
|t:|1757863122
|move|p1a: Ogerpon|Ivy Cudgel|p2a: rio vidal|[anim] Ivy Cudgel Water
|-damage|p2a: rio vidal|16/100
|move|p2a: rio vidal|Trailblaze|p1a: Ogerpon
|-crit|p1a: Ogerpon
|-damage|p1a: Ogerpon|0 fnt
|-boost|p2a: rio vidal|spe|1
|faint|p1a: Ogerpon
|
|upkeep
|
|t:|1757863130
|switch|p1a: Landorus|Landorus-Therian, M|27/100
|-damage|p1a: Landorus|15/100|[from] Stealth Rock
|-ability|p1a: Landorus|Intimidate|boost
|-unboost|p2a: rio vidal|atk|1
|turn|14
|
|t:|1757863137
|move|p2a: rio vidal|Leech Life|p1a: Landorus
|-resisted|p1a: Landorus
|-damage|p1a: Landorus|0 fnt
|-heal|p2a: rio vidal|25/100|[from] drain|[of] p1a: Landorus
|faint|p1a: Landorus
|
|upkeep
|
|t:|1757863143
|switch|p1a: Kingambit|Kingambit, F|100/100
|-damage|p1a: Kingambit|94/100|[from] Stealth Rock
|-activate|p1a: Kingambit|ability: Supreme Overlord
|-start|p1a: Kingambit|fallen4|[silent]
|turn|15
|
|t:|1757863149
|move|p2a: rio vidal|Swords Dance|p2a: rio vidal
|-boost|p2a: rio vidal|atk|2
|move|p1a: Kingambit|Kowtow Cleave|p2a: rio vidal
|-resisted|p2a: rio vidal
|-damage|p2a: rio vidal|0 fnt
|faint|p2a: rio vidal
|
|win|winstrol abuser
|raw|winstrol abuser's rating: 1540 &rarr; <strong>1564</strong><br />(+24 for winning)
|raw|purple pastels's rating: 1602 &rarr; <strong>1578</strong><br />(-24 for losing)
|l|☆purple pastels
|player|p2|
