|j|☆lati
|j|☆imprisonpaulgeorge
|t:|1757943740
|gametype|singles
|player|p1|lati|clown|1517
|player|p2|imprisonpaulgeorge|170|1514
|gen|9
|tier|[Gen 9] OU
|rated|
|rule|HP Percentage Mod: HP is shown in percentages
|rule|Endless Battle Clause: Forcing endless battles is banned
|rule|Species Clause: Limit one of each Pokémon
|rule|OHKO Clause: OHKO moves are banned
|rule|Evasion Items Clause: Evasion items are banned
|rule|Evasion Moves Clause: Evasion moves are banned
|rule|Evasion Abilities Clause: Evasion abilities are banned
|rule|Sleep Moves Clause: Sleep-inducing moves are banned
|clearpoke
|poke|p1|Primarina, F|
|poke|p1|Kyurem|
|poke|p1|Ting-Lu|
|poke|p1|Zapdos|
|poke|p1|Great Tusk|
|poke|p1|Zamazenta-*|
|poke|p2|Heatran, M|
|poke|p2|Rillaboom, M|
|poke|p2|Ogerpon-Wellspring, F|
|poke|p2|Dragapult, M|
|poke|p2|Great Tusk|
|poke|p2|Bronzong|
|teampreview
|inactive|Battle timer is ON: inactive players will automatically lose when time's up. (requested by imprisonpaulgeorge)
|
|t:|1757943750
|teamsize|p1|6
|teamsize|p2|6
|start
|switch|p1a: Primarina|Primarina, F|100/100
|switch|p2a: Starlink|Bronzong, shiny|100/100
|turn|1
|
|t:|1757943756
|move|p1a: Primarina|Substitute|p1a: Primarina
|-start|p1a: Primarina|Substitute
|-damage|p1a: Primarina|76/100
|move|p2a: Starlink|Stealth Rock|p1a: Primarina
|-sidestart|p1: lati|move: Stealth Rock
|
|-heal|p1a: Primarina|82/100|[from] item: Leftovers
|upkeep
|turn|2
|
|t:|1757943771
|move|p1a: Primarina|Calm Mind|p1a: Primarina
|-boost|p1a: Primarina|spa|1
|-boost|p1a: Primarina|spd|1
|move|p2a: Starlink|Psychic Noise|p1a: Primarina
|-damage|p1a: Primarina|68/100
|-start|p1a: Primarina|move: Heal Block
|
|upkeep
|turn|3
|
|t:|1757943778
|move|p1a: Primarina|Surf|p2a: Starlink
|-damage|p2a: Starlink|32/100
|move|p2a: Starlink|Psychic Noise|p1a: Primarina
|-damage|p1a: Primarina|54/100
|
|-end|p1a: Primarina|move: Heal Block
|upkeep
|turn|4
|
|t:|1757943787
|switch|p2a: Stardrum|Rillaboom, M|100/100
|-fieldstart|move: Grassy Terrain|[from] ability: Grassy Surge|[of] p2a: Stardrum
|move|p1a: Primarina|Moonblast|p2a: Stardrum
|-damage|p2a: Stardrum|1/100
|-unboost|p2a: Stardrum|spa|1
|
|-heal|p2a: Stardrum|7/100|[from] Grassy Terrain
|-heal|p1a: Primarina|60/100|[from] Grassy Terrain
|-heal|p1a: Primarina|66/100|[from] item: Leftovers
|upkeep
|turn|5
|
|t:|1757943792
|move|p2a: Stardrum|Grassy Glide|p1a: Primarina
|-supereffective|p1a: Primarina
|-end|p1a: Primarina|Substitute
|move|p1a: Primarina|Moonblast|p2a: Stardrum
|-damage|p2a: Stardrum|0 fnt
|faint|p2a: Stardrum
|
|-heal|p1a: Primarina|72/100|[from] Grassy Terrain
|-heal|p1a: Primarina|79/100|[from] item: Leftovers
|upkeep
|
|t:|1757943795
|switch|p2a: Starforce|Ogerpon-Wellspring, F|100/100
|turn|6
|
|t:|1757943799
|switch|p1a: Zapdos|Zapdos|100/100
|move|p2a: Starforce|Swords Dance|p2a: Starforce
|-boost|p2a: Starforce|atk|2
|
|upkeep
|turn|7
|
|t:|1757943803
|move|p2a: Starforce|Ivy Cudgel|p1a: Zapdos|[anim] Ivy Cudgel Water
|-crit|p1a: Zapdos
|-damage|p1a: Zapdos|0 fnt
|faint|p1a: Zapdos
|
|upkeep
|
|t:|1757943808
|switch|p1a: Great Tusk|Great Tusk|100/100
|-damage|p1a: Great Tusk|98/100|[from] Stealth Rock
|-enditem|p1a: Great Tusk|Booster Energy
|-activate|p1a: Great Tusk|ability: Protosynthesis|[fromitem]
|-start|p1a: Great Tusk|protosynthesisspe
|turn|8
|
|t:|1757943810
|move|p1a: Great Tusk|Rapid Spin|p2a: Starforce
|-damage|p2a: Starforce|81/100
|-boost|p1a: Great Tusk|spe|1
|-sideend|p1: lati|Stealth Rock|[from] move: Rapid Spin|[of] p1a: Great Tusk
|move|p2a: Starforce|Ivy Cudgel|p1a: Great Tusk|[anim] Ivy Cudgel Water
|-supereffective|p1a: Great Tusk
|-crit|p1a: Great Tusk
|-damage|p1a: Great Tusk|0 fnt
|faint|p1a: Great Tusk
|-end|p1a: Great Tusk|Protosynthesis|[silent]
|
|-heal|p2a: Starforce|87/100|[from] Grassy Terrain
|upkeep
|
|t:|1757943814
|switch|p1a: Zamazenta|Zamazenta|100/100
|-ability|p1a: Zamazenta|Dauntless Shield|boost
|-boost|p1a: Zamazenta|def|1
|turn|9
|
|t:|1757943821
|-terastallize|p2a: Starforce|Water
|detailschange|p2a: Starforce|Ogerpon-Wellspring-Tera, F, tera:Water
|-ability|p2a: Starforce|Embody Aspect (Wellspring)|boost
|-boost|p2a: Starforce|spd|1
|move|p1a: Zamazenta|Close Combat|p2a: Starforce
|-damage|p2a: Starforce|9/100
|-unboost|p1a: Zamazenta|def|1
|-unboost|p1a: Zamazenta|spd|1
|move|p2a: Starforce|Ivy Cudgel|p1a: Zamazenta|[anim] Ivy Cudgel Water
|-damage|p1a: Zamazenta|0 fnt
|faint|p1a: Zamazenta
|
|-heal|p2a: Starforce|15/100|[from] Grassy Terrain
|upkeep
|
|t:|1757943830
|switch|p1a: Ting-Lu|Ting-Lu|100/100
|-ability|p1a: Ting-Lu|Vessel of Ruin
|turn|10
|
|t:|1757943833
|-terastallize|p1a: Ting-Lu|Poison
|move|p2a: Starforce|Ivy Cudgel|p1a: Ting-Lu|[anim] Ivy Cudgel Water
|-damage|p1a: Ting-Lu|7/100
|move|p1a: Ting-Lu|Whirlwind|p2a: Starforce
|drag|p2a: Starblaze|Heatran, M|100/100
|
|-heal|p1a: Ting-Lu|13/100|[from] Grassy Terrain
|-heal|p1a: Ting-Lu|19/100|[from] item: Leftovers
|upkeep
|turn|11
|
|t:|1757943838
|move|p2a: Starblaze|Earth Power|p1a: Ting-Lu
|-supereffective|p1a: Ting-Lu
|-damage|p1a: Ting-Lu|0 fnt
|faint|p1a: Ting-Lu
|
|-fieldend|move: Grassy Terrain
|upkeep
|
|t:|1757943839
|switch|p1a: Primarina|Primarina, F|79/100
|turn|12
|
|t:|1757943842
|move|p2a: Starblaze|Taunt|p1a: Primarina
|-start|p1a: Primarina|move: Taunt
|move|p1a: Primarina|Moonblast|p2a: Starblaze
|-resisted|p2a: Starblaze
|-damage|p2a: Starblaze|92/100
|
|-heal|p2a: Starblaze|98/100|[from] item: Leftovers
|-heal|p1a: Primarina|85/100|[from] item: Leftovers
|upkeep
|turn|13
|
|t:|1757943844
|move|p2a: Starblaze|Heavy Slam|p1a: Primarina
|-damage|p1a: Primarina|43/100
|move|p1a: Primarina|Surf|p2a: Starblaze
|-supereffective|p2a: Starblaze
|-damage|p2a: Starblaze|38/100
|
|-heal|p2a: Starblaze|44/100|[from] item: Leftovers
|-heal|p1a: Primarina|49/100|[from] item: Leftovers
|upkeep
|turn|14
|
|t:|1757943847
|move|p2a: Starblaze|Heavy Slam|p1a: Primarina
|-damage|p1a: Primarina|0 fnt
|faint|p1a: Primarina
|
|-heal|p2a: Starblaze|50/100|[from] item: Leftovers
|upkeep
|
|t:|1757943849
|switch|p1a: Kyurem|Kyurem|100/100
|-ability|p1a: Kyurem|Pressure
|turn|15
|
|t:|1757943853
|move|p1a: Kyurem|Scale Shot|p2a: Starblaze
|-resisted|p2a: Starblaze
|-damage|p2a: Starblaze|45/100
|-resisted|p2a: Starblaze
|-damage|p2a: Starblaze|40/100
|-resisted|p2a: Starblaze
|-damage|p2a: Starblaze|34/100
|-resisted|p2a: Starblaze
|-damage|p2a: Starblaze|28/100
|-hitcount|p2a: Starblaze|4
|-unboost|p1a: Kyurem|def|1
|-boost|p1a: Kyurem|spe|1
|move|p2a: Starblaze|Heavy Slam|p1a: Kyurem
|-supereffective|p1a: Kyurem
|-damage|p1a: Kyurem|63/100
|
|-heal|p2a: Starblaze|34/100|[from] item: Leftovers
|upkeep
|turn|16
|
|t:|1757943860
|move|p1a: Kyurem|Scale Shot|p2a: Starblaze
|-resisted|p2a: Starblaze
|-damage|p2a: Starblaze|29/100
|-resisted|p2a: Starblaze
|-damage|p2a: Starblaze|23/100
|-resisted|p2a: Starblaze
|-damage|p2a: Starblaze|17/100
|-resisted|p2a: Starblaze
|-damage|p2a: Starblaze|11/100
|-hitcount|p2a: Starblaze|4
|-unboost|p1a: Kyurem|def|1
|-boost|p1a: Kyurem|spe|1
|move|p2a: Starblaze|Heavy Slam|p1a: Kyurem
|-supereffective|p1a: Kyurem
|-damage|p1a: Kyurem|12/100
|
|-heal|p2a: Starblaze|17/100|[from] item: Leftovers
|upkeep
|turn|17
|
|t:|1757943863
|move|p1a: Kyurem|Scale Shot|p2a: Starblaze
|-resisted|p2a: Starblaze
|-damage|p2a: Starblaze|11/100
|-resisted|p2a: Starblaze
|-damage|p2a: Starblaze|5/100
|-resisted|p2a: Starblaze
|-damage|p2a: Starblaze|0 fnt
|faint|p2a: Starblaze
|-hitcount|p2: Starblaze|3
|-unboost|p1a: Kyurem|def|1
|-boost|p1a: Kyurem|spe|1
|
|upkeep
|
|t:|1757943865
|switch|p2a: Starlink|Bronzong, shiny|32/100
|turn|18
|
|t:|1757943869
|move|p1a: Kyurem|Scale Shot|p2a: Starlink
|-resisted|p2a: Starlink
|-damage|p2a: Starlink|28/100
|-resisted|p2a: Starlink
|-damage|p2a: Starlink|23/100
|-resisted|p2a: Starlink
|-damage|p2a: Starlink|19/100
|-resisted|p2a: Starlink
|-damage|p2a: Starlink|14/100
|-hitcount|p2a: Starlink|4
|-unboost|p1a: Kyurem|def|1
|-boost|p1a: Kyurem|spe|1
|move|p2a: Starlink|Body Press|p1a: Kyurem
|-supereffective|p1a: Kyurem
|-crit|p1a: Kyurem
|-damage|p1a: Kyurem|0 fnt
|faint|p1a: Kyurem
|
|win|imprisonpaulgeorge
|raw|lati's rating: 1517 &rarr; <strong>1497</strong><br />(-20 for losing)
|raw|imprisonpaulgeorge's rating: 1514 &rarr; <strong>1534</strong><br />(+20 for winning)
|l|☆lati
|player|p1|
|l|☆imprisonpaulgeorge
|player|p2|
