|j|☆Carpe Toadem
|j|☆susumu808
|t:|1757917134
|gametype|singles
|player|p1|Carpe Toadem|blue|1376
|player|p2|susumu808|cyrus|1287
|gen|9
|tier|[Gen 9] OU
|rated|
|rule|HP Percentage Mod: HP is shown in percentages
|rule|Endless Battle Clause: Forcing endless battles is banned
|rule|Species Clause: Limit one of each Pokémon
|rule|OHKO Clause: OHKO moves are banned
|rule|Evasion Items Clause: Evasion items are banned
|rule|Evasion Moves Clause: Evasion moves are banned
|rule|Evasion Abilities Clause: Evasion abilities are banned
|rule|Sleep Moves Clause: Sleep-inducing moves are banned
|clearpoke
|poke|p1|Hydrapple, F|
|poke|p1|Hippowdon, F|
|poke|p1|Slowking-Galar, M|
|poke|p1|Mandibuzz, F|
|poke|p1|Garchomp, F|
|poke|p1|Ninetales-Alola, F|
|poke|p2|Blaziken, M|
|poke|p2|Serperior, F|
|poke|p2|Gyarados, M|
|poke|p2|Kommo-o, M|
|poke|p2|Dragonite, M|
|poke|p2|Deoxys-Defense|
|teampreview
|inactive|Battle timer is ON: inactive players will automatically lose when time's up. (requested by Carpe Toadem)
|
|t:|1757917153
|teamsize|p1|6
|teamsize|p2|6
|start
|switch|p1a: Mandibuzz|Mandibuzz, F|100/100
|switch|p2a: Gyarados|Gyarados, M|100/100
|turn|1
|
|t:|1757917159
|move|p2a: Gyarados|Dragon Dance|p2a: Gyarados
|-boost|p2a: Gyarados|atk|1
|-boost|p2a: Gyarados|spe|1
|move|p1a: Mandibuzz|Toxic|p2a: Gyarados
|-status|p2a: Gyarados|tox
|
|-damage|p2a: Gyarados|94/100 tox|[from] psn
|upkeep
|turn|2
|
|t:|1757917164
|move|p2a: Gyarados|Stone Edge|p1a: Mandibuzz
|-supereffective|p1a: Mandibuzz
|-damage|p1a: Mandibuzz|45/100
|move|p1a: Mandibuzz|Foul Play|p2a: Gyarados
|-damage|p2a: Gyarados|10/100 tox
|
|-damage|p2a: Gyarados|0 fnt|[from] psn
|faint|p2a: Gyarados
|upkeep
|
|t:|1757917178
|switch|p2a: Kommo-o|Kommo-o, M|100/100
|turn|3
|
|t:|1757917184
|-terastallize|p2a: Kommo-o|Poison
|move|p2a: Kommo-o|Clangorous Soul|p2a: Kommo-o
|-boost|p2a: Kommo-o|atk|1
|-boost|p2a: Kommo-o|def|1
|-boost|p2a: Kommo-o|spa|1
|-boost|p2a: Kommo-o|spd|1
|-boost|p2a: Kommo-o|spe|1
|-damage|p2a: Kommo-o|68/100
|move|p1a: Mandibuzz|Toxic|p2a: Kommo-o
|-immune|p2a: Kommo-o
|
|upkeep
|turn|4
|
|t:|1757917197
|switch|p1a: Slowking|Slowking-Galar, M|100/100
|move|p2a: Kommo-o|Drain Punch|p1a: Slowking
|-resisted|p1a: Slowking
|-damage|p1a: Slowking|87/100
|-heal|p2a: Kommo-o|77/100|[from] drain|[of] p1a: Slowking
|
|upkeep
|turn|5
|
|t:|1757917210
|move|p2a: Kommo-o|Dragon Claw|p1a: Slowking
|-damage|p1a: Slowking|29/100
|move|p1a: Slowking|Future Sight|p2a: Kommo-o
|-start|p1a: Slowking|move: Future Sight
|
|upkeep
|turn|6
|
|t:|1757917217
|switch|p1a: Hippowdon|Hippowdon, F|100/100
|-weather|Sandstorm|[from] ability: Sand Stream|[of] p1a: Hippowdon
|move|p2a: Kommo-o|Dragon Claw|p1a: Hippowdon
|-damage|p1a: Hippowdon|72/100
|-damage|p2a: Kommo-o|60/100|[from] item: Rocky Helmet|[of] p1a: Hippowdon
|
|-weather|Sandstorm|[upkeep]
|-damage|p2a: Kommo-o|54/100|[from] Sandstorm
|upkeep
|turn|7
|
|t:|1757917226
|move|p2a: Kommo-o|Drain Punch|p1a: Hippowdon
|-damage|p1a: Hippowdon|46/100
|-heal|p2a: Kommo-o|73/100|[from] drain|[of] p1a: Hippowdon
|-damage|p2a: Kommo-o|56/100|[from] item: Rocky Helmet|[of] p1a: Hippowdon
|move|p1a: Hippowdon|Whirlwind|p2a: Kommo-o
|drag|p2a: Dragonite|Dragonite, M, shiny|100/100
|
|-weather|Sandstorm|[upkeep]
|-damage|p2a: Dragonite|94/100|[from] Sandstorm
|-end|p2a: Dragonite|move: Future Sight
|-damage|p2a: Dragonite|50/100
|-heal|p2a: Dragonite|56/100|[from] item: Leftovers
|upkeep
|turn|8
|
|t:|1757917241
|move|p2a: Dragonite|Roost|p2a: Dragonite
|-heal|p2a: Dragonite|100/100
|-singleturn|p2a: Dragonite|move: Roost
|move|p1a: Hippowdon|Slack Off|p1a: Hippowdon
|-heal|p1a: Hippowdon|96/100
|
|-weather|Sandstorm|[upkeep]
|-damage|p2a: Dragonite|94/100|[from] Sandstorm
|-heal|p2a: Dragonite|100/100|[from] item: Leftovers
|upkeep
|turn|9
|
|t:|1757917247
|move|p2a: Dragonite|Earthquake|p1a: Hippowdon
|-damage|p1a: Hippowdon|79/100
|move|p1a: Hippowdon|Whirlwind|p2a: Dragonite
|drag|p2a: Serperior|Serperior, F|100/100
|
|-weather|Sandstorm|[upkeep]
|-damage|p2a: Serperior|94/100|[from] Sandstorm
|upkeep
|turn|10
|
|t:|1757917255
|switch|p1a: Slowking|Slowking-Galar, M|62/100
|move|p2a: Serperior|Leaf Storm|p1a: Slowking
|-resisted|p1a: Slowking
|-damage|p1a: Slowking|46/100
|-boost|p2a: Serperior|spa|2
|
|-weather|none
|upkeep
|turn|11
|
|t:|1757917261
|move|p2a: Serperior|Leaf Storm|p1a: Slowking
|-resisted|p1a: Slowking
|-damage|p1a: Slowking|19/100
|-boost|p2a: Serperior|spa|2
|move|p1a: Slowking|Sludge Bomb|p2a: Serperior
|-supereffective|p2a: Serperior
|-damage|p2a: Serperior|12/100
|
|upkeep
|turn|12
|
|t:|1757917268
|switch|p1a: Hydrapple|Hydrapple, F|100/100
|move|p2a: Serperior|Leaf Storm|p1a: Hydrapple
|-resisted|p1a: Hydrapple
|-damage|p1a: Hydrapple|61/100
|-boost|p2a: Serperior|spa|2
|
|upkeep
|turn|13
|
|t:|1757917276
|-terastallize|p1a: Hydrapple|Fairy
|move|p2a: Serperior|Leaf Storm|p1a: Hydrapple
|-damage|p1a: Hydrapple|0 fnt
|faint|p1a: Hydrapple
|
|upkeep
|
|t:|1757917283
|switch|p1a: Slowking|Slowking-Galar, M|52/100
|turn|14
|
|t:|1757917285
|switch|p1a: Mandibuzz|Mandibuzz, F|45/100
|move|p2a: Serperior|Leaf Storm|p1a: Mandibuzz
|-resisted|p1a: Mandibuzz
|-damage|p1a: Mandibuzz|0 fnt
|faint|p1a: Mandibuzz
|
|upkeep
|
|t:|1757917287
|switch|p1a: Slowking|Slowking-Galar, M|85/100
|turn|15
|
|t:|1757917293
|move|p2a: Serperior|Leaf Storm|p1a: Slowking|[miss]
|-miss|p2a: Serperior|p1a: Slowking
|move|p1a: Slowking|Sludge Bomb|p2a: Serperior
|-supereffective|p2a: Serperior
|-damage|p2a: Serperior|0 fnt
|faint|p2a: Serperior
|
|upkeep
|
|t:|1757917299
|switch|p2a: Kommo-o|Kommo-o, M, tera:Poison|56/100
|turn|16
|
|t:|1757917302
|move|p2a: Kommo-o|Dragon Claw|p1a: Slowking
|-damage|p1a: Slowking|44/100
|move|p1a: Slowking|Thunder Wave|p2a: Kommo-o
|-status|p2a: Kommo-o|par
|
|upkeep
|turn|17
|
|t:|1757917310
|switch|p1a: Ninetales|Ninetales-Alola, F|100/100
|-weather|Snowscape|[from] ability: Snow Warning|[of] p1a: Ninetales
|move|p2a: Kommo-o|Dragon Claw|p1a: Ninetales
|-immune|p1a: Ninetales
|
|-weather|Snowscape|[upkeep]
|upkeep
|turn|18
|
|t:|1757917317
|move|p1a: Ninetales|Aurora Veil|p1a: Ninetales
|-sidestart|p1: Carpe Toadem|move: Aurora Veil
|move|p2a: Kommo-o|Drain Punch|p1a: Ninetales
|-damage|p1a: Ninetales|83/100
|-heal|p2a: Kommo-o|65/100 par|[from] drain|[of] p1a: Ninetales
|
|-weather|Snowscape|[upkeep]
|upkeep
|turn|19
|
|t:|1757917323
|switch|p1a: Hippowdon|Hippowdon, F|79/100
|-weather|Sandstorm|[from] ability: Sand Stream|[of] p1a: Hippowdon
|cant|p2a: Kommo-o|par
|
|-weather|Sandstorm|[upkeep]
|-damage|p2a: Kommo-o|59/100 par|[from] Sandstorm
|upkeep
|turn|20
|
|t:|1757917328
|cant|p2a: Kommo-o|par
|move|p1a: Hippowdon|Curse|p1a: Hippowdon
|-unboost|p1a: Hippowdon|spe|1
|-boost|p1a: Hippowdon|atk|1
|-boost|p1a: Hippowdon|def|1
|
|-weather|Sandstorm|[upkeep]
|-damage|p2a: Kommo-o|53/100 par|[from] Sandstorm
|upkeep
|turn|21
|
|t:|1757917335
|move|p2a: Kommo-o|Drain Punch|p1a: Hippowdon
|-damage|p1a: Hippowdon|73/100
|-heal|p2a: Kommo-o|57/100 par|[from] drain|[of] p1a: Hippowdon
|-damage|p2a: Kommo-o|41/100 par|[from] item: Rocky Helmet|[of] p1a: Hippowdon
|move|p1a: Hippowdon|Sand Tomb|p2a: Kommo-o
|-supereffective|p2a: Kommo-o
|-damage|p2a: Kommo-o|4/100 par
|-activate|p2a: Kommo-o|move: Sand Tomb|[of] p1a: Hippowdon
|-enditem|p2a: Kommo-o|Aguav Berry|[eat]
|-heal|p2a: Kommo-o|37/100 par|[from] item: Aguav Berry
|
|-weather|Sandstorm|[upkeep]
|-damage|p2a: Kommo-o|31/100 par|[from] Sandstorm
|-damage|p2a: Kommo-o|18/100 par|[from] move: Sand Tomb|[partiallytrapped]
|upkeep
|turn|22
|
|t:|1757917344
|move|p2a: Kommo-o|Poison Jab|p1a: Hippowdon
|-resisted|p1a: Hippowdon
|-damage|p1a: Hippowdon|70/100
|-damage|p2a: Kommo-o|2/100 par|[from] item: Rocky Helmet|[of] p1a: Hippowdon
|move|p1a: Hippowdon|Curse|p1a: Hippowdon
|-unboost|p1a: Hippowdon|spe|1
|-boost|p1a: Hippowdon|atk|1
|-boost|p1a: Hippowdon|def|1
|
|-weather|Sandstorm|[upkeep]
|-damage|p2a: Kommo-o|0 fnt|[from] Sandstorm
|faint|p2a: Kommo-o
|upkeep
|
|t:|1757917351
|switch|p2a: Deoxys|Deoxys-Defense|100/100
|-ability|p2a: Deoxys|Pressure
|turn|23
|
|t:|1757917358
|move|p2a: Deoxys|Cosmic Power|p2a: Deoxys
|-boost|p2a: Deoxys|def|1
|-boost|p2a: Deoxys|spd|1
|move|p1a: Hippowdon|Sand Tomb|p2a: Deoxys
|-damage|p2a: Deoxys|89/100
|-activate|p2a: Deoxys|move: Sand Tomb|[of] p1a: Hippowdon
|
|-weather|none
|-heal|p2a: Deoxys|95/100|[from] item: Leftovers
|-damage|p2a: Deoxys|82/100|[from] move: Sand Tomb|[partiallytrapped]
|upkeep
|turn|24
|
|t:|1757917367
|move|p2a: Deoxys|Cosmic Power|p2a: Deoxys
|-boost|p2a: Deoxys|def|1
|-boost|p2a: Deoxys|spd|1
|move|p1a: Hippowdon|Whirlwind|p2a: Deoxys
|drag|p2a: Blaziken|Blaziken, M, shiny|100/100
|
|upkeep
|turn|25
|
|t:|1757917376
|move|p2a: Blaziken|Swords Dance|p2a: Blaziken
|-boost|p2a: Blaziken|atk|2
|move|p1a: Hippowdon|Sand Tomb|p2a: Blaziken
|-supereffective|p2a: Blaziken
|-damage|p2a: Blaziken|12/100
|-activate|p2a: Blaziken|move: Sand Tomb|[of] p1a: Hippowdon
|
|-damage|p2a: Blaziken|0 fnt|[from] move: Sand Tomb|[partiallytrapped]
|faint|p2a: Blaziken
|-sideend|p1: Carpe Toadem|move: Aurora Veil
|upkeep
|
|t:|1757917385
|switch|p2a: Dragonite|Dragonite, M, shiny|100/100
|turn|26
|
|t:|1757917387
|move|p2a: Dragonite|Dragon Dance|p2a: Dragonite
|-boost|p2a: Dragonite|atk|1
|-boost|p2a: Dragonite|spe|1
|move|p1a: Hippowdon|Whirlwind|p2a: Dragonite
|drag|p2a: Deoxys|Deoxys-Defense|82/100
|-ability|p2a: Deoxys|Pressure
|
|-heal|p2a: Deoxys|89/100|[from] item: Leftovers
|upkeep
|turn|27
|
|t:|1757917390
|switch|p1a: Garchomp|Garchomp, F|100/100
|move|p2a: Deoxys|Cosmic Power|p2a: Deoxys
|-boost|p2a: Deoxys|def|1
|-boost|p2a: Deoxys|spd|1
|
|-heal|p2a: Deoxys|95/100|[from] item: Leftovers
|upkeep
|turn|28
|
|t:|1757917395
|move|p1a: Garchomp|Stealth Rock|p2a: Deoxys
|-sidestart|p2: susumu808|move: Stealth Rock
|move|p2a: Deoxys|Agility|p2a: Deoxys
|-boost|p2a: Deoxys|spe|2
|
|-heal|p2a: Deoxys|100/100|[from] item: Leftovers
|upkeep
|turn|29
|
|t:|1757917397
|move|p2a: Deoxys|Cosmic Power|p2a: Deoxys
|-boost|p2a: Deoxys|def|1
|-boost|p2a: Deoxys|spd|1
|move|p1a: Garchomp|Spikes|p2a: Deoxys
|-sidestart|p2: susumu808|Spikes
|
|upkeep
|turn|30
|
|t:|1757917399
|move|p2a: Deoxys|Cosmic Power|p2a: Deoxys
|-boost|p2a: Deoxys|def|1
|-boost|p2a: Deoxys|spd|1
|move|p1a: Garchomp|Dragon Tail|p2a: Deoxys|[miss]
|-miss|p1a: Garchomp|p2a: Deoxys
|
|upkeep
|turn|31
|
|t:|1757917402
|move|p2a: Deoxys|Cosmic Power|p2a: Deoxys
|-boost|p2a: Deoxys|def|1
|-boost|p2a: Deoxys|spd|1
|move|p1a: Garchomp|Dragon Tail|p2a: Deoxys
|-damage|p2a: Deoxys|94/100
|drag|p2a: Dragonite|Dragonite, M, shiny|100/100
|-damage|p2a: Dragonite|75/100|[from] Stealth Rock
|
|-heal|p2a: Dragonite|82/100|[from] item: Leftovers
|upkeep
|turn|32
|
|t:|1757917411
|switch|p1a: Ninetales|Ninetales-Alola, F|83/100
|-weather|Snowscape|[from] ability: Snow Warning|[of] p1a: Ninetales
|move|p2a: Dragonite|Extreme Speed|p1a: Ninetales
|-damage|p1a: Ninetales|53/100
|
|-weather|Snowscape|[upkeep]
|-heal|p2a: Dragonite|88/100|[from] item: Leftovers
|upkeep
|turn|33
|
|t:|1757917416
|move|p2a: Dragonite|Extreme Speed|p1a: Ninetales
|-damage|p1a: Ninetales|24/100
|move|p1a: Ninetales|Freeze-Dry|p2a: Dragonite
|-supereffective|p2a: Dragonite
|-damage|p2a: Dragonite|0 fnt
|faint|p2a: Dragonite
|
|-weather|Snowscape|[upkeep]
|upkeep
|
|t:|1757917418
|switch|p2a: Deoxys|Deoxys-Defense|94/100
|-damage|p2a: Deoxys|81/100|[from] Stealth Rock
|-damage|p2a: Deoxys|69/100|[from] Spikes
|-ability|p2a: Deoxys|Pressure
|turn|34
|
|t:|1757917423
|move|p1a: Ninetales|Aurora Veil|p1a: Ninetales
|-sidestart|p1: Carpe Toadem|move: Aurora Veil
|move|p2a: Deoxys|Agility|p2a: Deoxys
|-boost|p2a: Deoxys|spe|2
|
|-weather|Snowscape|[upkeep]
|-heal|p2a: Deoxys|75/100|[from] item: Leftovers
|upkeep
|turn|35
|
|t:|1757917428
|move|p2a: Deoxys|Cosmic Power|p2a: Deoxys
|-boost|p2a: Deoxys|def|1
|-boost|p2a: Deoxys|spd|1
|move|p1a: Ninetales|Calm Mind|p1a: Ninetales
|-boost|p1a: Ninetales|spa|1
|-boost|p1a: Ninetales|spd|1
|
|-weather|Snowscape|[upkeep]
|-heal|p2a: Deoxys|81/100|[from] item: Leftovers
|upkeep
|turn|36
|
|t:|1757917430
|move|p2a: Deoxys|Cosmic Power|p2a: Deoxys
|-boost|p2a: Deoxys|def|1
|-boost|p2a: Deoxys|spd|1
|move|p1a: Ninetales|Calm Mind|p1a: Ninetales
|-boost|p1a: Ninetales|spa|1
|-boost|p1a: Ninetales|spd|1
|
|-weather|none
|-heal|p2a: Deoxys|87/100|[from] item: Leftovers
|upkeep
|turn|37
|
|t:|1757917432
|move|p2a: Deoxys|Cosmic Power|p2a: Deoxys
|-boost|p2a: Deoxys|def|1
|-boost|p2a: Deoxys|spd|1
|move|p1a: Ninetales|Calm Mind|p1a: Ninetales
|-boost|p1a: Ninetales|spa|1
|-boost|p1a: Ninetales|spd|1
|
|-heal|p2a: Deoxys|94/100|[from] item: Leftovers
|upkeep
|turn|38
|
|t:|1757917434
|move|p2a: Deoxys|Cosmic Power|p2a: Deoxys
|-boost|p2a: Deoxys|def|1
|-boost|p2a: Deoxys|spd|1
|move|p1a: Ninetales|Calm Mind|p1a: Ninetales
|-boost|p1a: Ninetales|spa|1
|-boost|p1a: Ninetales|spd|1
|
|-heal|p2a: Deoxys|99/100|[from] item: Leftovers
|upkeep
|turn|39
|
|t:|1757917435
|move|p2a: Deoxys|Cosmic Power|p2a: Deoxys
|-boost|p2a: Deoxys|def|1
|-boost|p2a: Deoxys|spd|1
|move|p1a: Ninetales|Calm Mind|p1a: Ninetales
|-boost|p1a: Ninetales|spa|1
|-boost|p1a: Ninetales|spd|1
|
|-heal|p2a: Deoxys|100/100|[from] item: Leftovers
|upkeep
|turn|40
|
|t:|1757917437
|move|p2a: Deoxys|Cosmic Power|p2a: Deoxys
|-boost|p2a: Deoxys|def|1
|-boost|p2a: Deoxys|spd|1
|move|p1a: Ninetales|Calm Mind|p1a: Ninetales
|-boost|p1a: Ninetales|spa|1
|-boost|p1a: Ninetales|spd|1
|
|upkeep
|turn|41
|
|t:|1757917440
|move|p2a: Deoxys|Agility|p2a: Deoxys
|-boost|p2a: Deoxys|spe|2
|move|p1a: Ninetales|Draining Kiss|p2a: Deoxys
|-damage|p2a: Deoxys|88/100
|-heal|p1a: Ninetales|34/100|[from] drain|[of] p2a: Deoxys
|
|-heal|p2a: Deoxys|95/100|[from] item: Leftovers
|-sideend|p1: Carpe Toadem|move: Aurora Veil
|upkeep
|turn|42
|
|t:|1757917447
|move|p2a: Deoxys|Agility|p2a: Deoxys
|-boost|p2a: Deoxys|spe|2
|move|p1a: Ninetales|Freeze-Dry|p2a: Deoxys
|-damage|p2a: Deoxys|75/100
|
|-heal|p2a: Deoxys|82/100|[from] item: Leftovers
|upkeep
|turn|43
|
|t:|1757917450
|move|p2a: Deoxys|Stored Power|p1a: Ninetales
|-damage|p1a: Ninetales|4/100
|move|p1a: Ninetales|Draining Kiss|p2a: Deoxys
|-damage|p2a: Deoxys|70/100
|-heal|p1a: Ninetales|14/100|[from] drain|[of] p2a: Deoxys
|
|-heal|p2a: Deoxys|76/100|[from] item: Leftovers
|upkeep
|turn|44
|
|t:|1757917454
|move|p2a: Deoxys|Stored Power|p1a: Ninetales
|-damage|p1a: Ninetales|0 fnt
|faint|p1a: Ninetales
|
|-heal|p2a: Deoxys|82/100|[from] item: Leftovers
|upkeep
|
|t:|1757917456
|switch|p1a: Slowking|Slowking-Galar, M|77/100
|turn|45
|
|t:|1757917458
|move|p2a: Deoxys|Stored Power|p1a: Slowking
|-damage|p1a: Slowking|9/100
|move|p1a: Slowking|Thunder Wave|p2a: Deoxys
|-status|p2a: Deoxys|par
|
|-heal|p2a: Deoxys|88/100 par|[from] item: Leftovers
|upkeep
|turn|46
|
|t:|1757917463
|move|p2a: Deoxys|Stored Power|p1a: Slowking
|-damage|p1a: Slowking|0 fnt
|faint|p1a: Slowking
|
|-heal|p2a: Deoxys|95/100 par|[from] item: Leftovers
|upkeep
|
|t:|1757917464
|switch|p1a: Garchomp|Garchomp, F|100/100
|turn|47
|
|t:|1757917466
|cant|p2a: Deoxys|par
|move|p1a: Garchomp|Earthquake|p2a: Deoxys
|-damage|p2a: Deoxys|87/100 par
|
|-heal|p2a: Deoxys|94/100 par|[from] item: Leftovers
|upkeep
|turn|48
|c|☆Carpe Toadem|Gg wp
|-message|Carpe Toadem forfeited.
|
|win|susumu808
|raw|Carpe Toadem's rating: 1376 &rarr; <strong>1351</strong><br />(-25 for losing)
|raw|susumu808's rating: 1287 &rarr; <strong>1318</strong><br />(+31 for winning)
|l|☆Carpe Toadem
|player|p1|
|l|☆susumu808
|player|p2|
