|j|☆cr aries
|j|☆jahleel
|t:|1757945727
|gametype|singles
|player|p1|cr aries|2|1600
|player|p2|jahleel|dancer|1602
|gen|9
|tier|[Gen 9] OU
|rated|
|rule|HP Percentage Mod: HP is shown in percentages
|rule|Endless Battle Clause: Forcing endless battles is banned
|rule|Species Clause: Limit one of each Pokémon
|rule|OHKO Clause: OHKO moves are banned
|rule|Evasion Items Clause: Evasion items are banned
|rule|Evasion Moves Clause: Evasion moves are banned
|rule|Evasion Abilities Clause: Evasion abilities are banned
|rule|Sleep Moves Clause: Sleep-inducing moves are banned
|clearpoke
|poke|p1|Weavile, M|
|poke|p1|Gholdengo|
|poke|p1|Slowking-Galar, F|
|poke|p1|Corviknight, M|
|poke|p1|Sandy Shocks|
|poke|p1|Heatran, F|
|poke|p2|Pecharunt|
|poke|p2|Iron Valiant|
|poke|p2|Ogerpon-Cornerstone, F|
|poke|p2|Moltres|
|poke|p2|Great Tusk|
|poke|p2|Scizor, M|
|teampreview
|
|t:|1757945750
|teamsize|p1|6
|teamsize|p2|6
|start
|switch|p1a: Corviknight|Corviknight, M|100/100
|switch|p2a: Iron Valiant|Iron Valiant|100/100
|-ability|p1a: Corviknight|Pressure
|turn|1
|inactive|Battle timer is ON: inactive players will automatically lose when time's up. (requested by cr aries)
|
|t:|1757945764
|-end|p2a: Iron Valiant|Quark Drive|[silent]
|switch|p2a: Moltres|Moltres|100/100
|move|p1a: Corviknight|Brave Bird|p2a: Moltres
|-damage|p2a: Moltres|67/100
|-status|p1a: Corviknight|brn|[from] ability: Flame Body|[of] p2a: Moltres
|-damage|p1a: Corviknight|90/100 brn|[from] Recoil
|
|-damage|p1a: Corviknight|84/100 brn|[from] brn
|upkeep
|turn|2
|
|t:|1757945771
|switch|p1a: Heatran|Heatran, F|100/100
|move|p2a: Moltres|Roost|p2a: Moltres
|-heal|p2a: Moltres|100/100
|-singleturn|p2a: Moltres|move: Roost
|
|upkeep
|turn|3
|
|t:|1757945783
|move|p2a: Moltres|U-turn|p1a: Heatran
|-resisted|p1a: Heatran
|-damage|p1a: Heatran|98/100
|
|t:|1757945786
|switch|p2a: Great Tusk|Great Tusk|100/100|[from] U-turn
|move|p1a: Heatran|Magma Storm|p2a: Great Tusk
|-damage|p2a: Great Tusk|53/100
|-activate|p2a: Great Tusk|move: Magma Storm|[of] p1a: Heatran
|
|-heal|p1a: Heatran|100/100|[from] item: Leftovers
|-damage|p2a: Great Tusk|40/100|[from] move: Magma Storm|[partiallytrapped]
|upkeep
|turn|4
|
|t:|1757945796
|move|p1a: Heatran|Protect|p1a: Heatran
|-singleturn|p1a: Heatran|Protect
|move|p2a: Great Tusk|Stealth Rock|p1a: Heatran
|-sidestart|p1: cr aries|move: Stealth Rock
|
|-damage|p2a: Great Tusk|28/100|[from] move: Magma Storm|[partiallytrapped]
|upkeep
|turn|5
|
|t:|1757945799
|switch|p1a: Corviknight|Corviknight, M|84/100 brn
|-damage|p1a: Corviknight|71/100 brn|[from] Stealth Rock
|-ability|p1a: Corviknight|Pressure
|move|p2a: Great Tusk|Headlong Rush|p1a: Corviknight
|-immune|p1a: Corviknight
|
|-damage|p1a: Corviknight|65/100 brn|[from] brn
|-end|p2a: Great Tusk|Magma Storm|[partiallytrapped]|[silent]
|upkeep
|turn|6
|
|t:|1757945808
|-end|p2a: Great Tusk|Protosynthesis|[silent]
|switch|p2a: Pecharunt|Pecharunt|100/100
|move|p1a: Corviknight|Defog|p2a: Pecharunt
|-unboost|p2a: Pecharunt|evasion|1
|-sideend|p1: cr aries|Stealth Rock|[from] move: Defog|[of] p1a: Corviknight
|
|-damage|p1a: Corviknight|59/100 brn|[from] brn
|upkeep
|turn|7
|
|t:|1757945815
|switch|p1a: Gholdengo|Gholdengo|100/100
|move|p2a: Pecharunt|Shadow Ball|p1a: Gholdengo
|-supereffective|p1a: Gholdengo
|-damage|p1a: Gholdengo|54/100
|
|upkeep
|turn|8
|
|t:|1757945822
|switch|p2a: Great Tusk|Great Tusk|28/100
|move|p1a: Gholdengo|Recover|p1a: Gholdengo
|-heal|p1a: Gholdengo|100/100
|
|upkeep
|turn|9
|
|t:|1757945828
|switch|p1a: Corviknight|Corviknight, M|59/100 brn
|-ability|p1a: Corviknight|Pressure
|move|p2a: Great Tusk|Knock Off|p1a: Corviknight
|-damage|p1a: Corviknight|43/100 brn
|-damage|p2a: Great Tusk|12/100|[from] item: Rocky Helmet|[of] p1a: Corviknight
|-enditem|p1a: Corviknight|Rocky Helmet|[from] move: Knock Off|[of] p2a: Great Tusk
|
|-damage|p1a: Corviknight|37/100 brn|[from] brn
|upkeep
|turn|10
|
|t:|1757945835
|move|p2a: Great Tusk|Stealth Rock|p1a: Corviknight
|-sidestart|p1: cr aries|move: Stealth Rock
|move|p1a: Corviknight|Roost|p1a: Corviknight
|-heal|p1a: Corviknight|87/100 brn
|-singleturn|p1a: Corviknight|move: Roost
|
|-damage|p1a: Corviknight|81/100 brn|[from] brn
|upkeep
|turn|11
|
|t:|1757945837
|-end|p2a: Great Tusk|Protosynthesis|[silent]
|switch|p2a: Moltres|Moltres|100/100
|move|p1a: Corviknight|Defog|p2a: Moltres
|-unboost|p2a: Moltres|evasion|1
|-sideend|p1: cr aries|Stealth Rock|[from] move: Defog|[of] p1a: Corviknight
|
|-damage|p1a: Corviknight|75/100 brn|[from] brn
|upkeep
|turn|12
|
|t:|1757945842
|switch|p1a: Heatran|Heatran, F|100/100
|move|p2a: Moltres|U-turn|p1a: Heatran
|-resisted|p1a: Heatran
|-damage|p1a: Heatran|98/100
|
|t:|1757945845
|switch|p2a: Great Tusk|Great Tusk|12/100|[from] U-turn
|
|-heal|p1a: Heatran|100/100|[from] item: Leftovers
|upkeep
|turn|13
|
|t:|1757945848
|switch|p1a: Corviknight|Corviknight, M|75/100 brn
|-ability|p1a: Corviknight|Pressure
|move|p2a: Great Tusk|Stealth Rock|p1a: Corviknight
|-sidestart|p1: cr aries|move: Stealth Rock
|
|-damage|p1a: Corviknight|69/100 brn|[from] brn
|upkeep
|turn|14
|
|t:|1757945855
|-end|p2a: Great Tusk|Protosynthesis|[silent]
|switch|p2a: Iron Valiant|Iron Valiant|100/100
|move|p1a: Corviknight|Defog|p2a: Iron Valiant
|-unboost|p2a: Iron Valiant|evasion|1
|-sideend|p1: cr aries|Stealth Rock|[from] move: Defog|[of] p1a: Corviknight
|
|-damage|p1a: Corviknight|63/100 brn|[from] brn
|upkeep
|turn|15
|
|t:|1757945860
|move|p2a: Iron Valiant|Thunderbolt|p1a: Corviknight
|-supereffective|p1a: Corviknight
|-damage|p1a: Corviknight|0 fnt
|faint|p1a: Corviknight
|
|upkeep
|
|t:|1757945864
|switch|p1a: Heatran|Heatran, F|100/100
|turn|16
|
|t:|1757945876
|-end|p2a: Iron Valiant|Quark Drive|[silent]
|switch|p2a: Moltres|Moltres|100/100
|move|p1a: Heatran|Magma Storm|p2a: Moltres|[miss]
|-miss|p1a: Heatran|p2a: Moltres
|
|upkeep
|turn|17
|
|t:|1757945880
|move|p2a: Moltres|U-turn|p1a: Heatran
|-resisted|p1a: Heatran
|-damage|p1a: Heatran|98/100
|
|t:|1757945885
|switch|p2a: Great Tusk|Great Tusk|12/100|[from] U-turn
|move|p1a: Heatran|Magma Storm|p2a: Great Tusk
|-damage|p2a: Great Tusk|0 fnt
|faint|p2a: Great Tusk
|-end|p2a: Great Tusk|Protosynthesis|[silent]
|
|-heal|p1a: Heatran|100/100|[from] item: Leftovers
|upkeep
|inactive|jahleel has 120 seconds left.
|
|t:|1757945937
|switch|p2a: Iron Valiant|Iron Valiant|100/100
|turn|18
|
|t:|1757945943
|-end|p2a: Iron Valiant|Quark Drive|[silent]
|switch|p2a: Moltres|Moltres|100/100
|move|p1a: Heatran|Protect||[still]
|-fail|p1a: Heatran
|
|upkeep
|turn|19
|
|t:|1757945952
|move|p2a: Moltres|Flamethrower|p1a: Heatran
|-start|p1a: Heatran|ability: Flash Fire
|move|p1a: Heatran|Stealth Rock|p2a: Moltres
|-sidestart|p2: jahleel|move: Stealth Rock
|
|upkeep
|turn|20
|inactive|jahleel has 120 seconds left.
|
|t:|1757945959
|move|p2a: Moltres|Flamethrower|p1a: Heatran
|-immune|p1a: Heatran|[from] ability: Flash Fire
|move|p1a: Heatran|Taunt|p2a: Moltres
|-start|p2a: Moltres|move: Taunt
|
|upkeep
|turn|21
|
|t:|1757945964
|move|p2a: Moltres|Flamethrower|p1a: Heatran
|-immune|p1a: Heatran|[from] ability: Flash Fire
|move|p1a: Heatran|Stealth Rock||[still]
|-fail|p1a: Heatran
|
|upkeep
|turn|22
|
|t:|1757945973
|move|p2a: Moltres|Flamethrower|p1a: Heatran
|-immune|p1a: Heatran|[from] ability: Flash Fire
|move|p1a: Heatran|Stealth Rock||[still]
|-fail|p1a: Heatran
|
|upkeep
|turn|23
|
|t:|1757945979
|move|p2a: Moltres|Flamethrower|p1a: Heatran
|-immune|p1a: Heatran|[from] ability: Flash Fire
|move|p1a: Heatran|Stealth Rock||[still]
|-fail|p1a: Heatran
|
|-end|p2a: Moltres|move: Taunt
|upkeep
|turn|24
|
|t:|1757945987
|move|p2a: Moltres|U-turn|p1a: Heatran
|-resisted|p1a: Heatran
|-damage|p1a: Heatran|98/100
|
|t:|1757945994
|switch|p2a: Iron Valiant|Iron Valiant|100/100|[from] U-turn
|-damage|p2a: Iron Valiant|94/100|[from] Stealth Rock
|move|p1a: Heatran|Taunt|p2a: Iron Valiant
|-start|p2a: Iron Valiant|move: Taunt
|
|-heal|p1a: Heatran|100/100|[from] item: Leftovers
|upkeep
|turn|25
|
|t:|1757945999
|move|p1a: Heatran|Protect|p1a: Heatran
|-singleturn|p1a: Heatran|Protect
|move|p2a: Iron Valiant|Focus Blast|p1a: Heatran
|-activate|p1a: Heatran|move: Protect
|
|upkeep
|turn|26
|
|t:|1757946004
|-end|p2a: Iron Valiant|Quark Drive|[silent]
|switch|p2a: Moltres|Moltres|100/100
|move|p1a: Heatran|Magma Storm|p2a: Moltres
|-resisted|p2a: Moltres
|-damage|p2a: Moltres|77/100
|-activate|p2a: Moltres|move: Magma Storm|[of] p1a: Heatran
|
|-damage|p2a: Moltres|65/100|[from] move: Magma Storm|[partiallytrapped]
|upkeep
|turn|27
|
|t:|1757946011
|move|p2a: Moltres|Roost|p2a: Moltres
|-heal|p2a: Moltres|100/100
|-singleturn|p2a: Moltres|move: Roost
|move|p1a: Heatran|Taunt|p2a: Moltres
|-start|p2a: Moltres|move: Taunt
|
|-damage|p2a: Moltres|88/100|[from] move: Magma Storm|[partiallytrapped]
|upkeep
|turn|28
|
|t:|1757946020
|-end|p1a: Heatran|ability: Flash Fire|[silent]
|switch|p1a: Slowking|Slowking-Galar, F|100/100
|move|p2a: Moltres|Flamethrower|p1a: Slowking
|-crit|p1a: Slowking
|-damage|p1a: Slowking|71/100
|
|-end|p2a: Moltres|Magma Storm|[partiallytrapped]|[silent]
|upkeep
|turn|29
|
|t:|1757946024
|move|p2a: Moltres|U-turn|p1a: Slowking
|-damage|p1a: Slowking|55/100
|
|t:|1757946027
|switch|p2a: Scizor|Scizor, M|100/100|[from] U-turn
|-damage|p2a: Scizor|88/100|[from] Stealth Rock
|move|p1a: Slowking|Future Sight|p2a: Scizor
|-start|p1a: Slowking|move: Future Sight
|
|-heal|p2a: Scizor|94/100|[from] item: Leftovers
|upkeep
|turn|30
|
|t:|1757946032
|switch|p1a: Gholdengo|Gholdengo|100/100
|move|p2a: Scizor|U-turn|p1a: Gholdengo
|-resisted|p1a: Gholdengo
|-damage|p1a: Gholdengo|95/100
|
|t:|1757946037
|switch|p2a: Moltres|Moltres|88/100|[from] U-turn
|
|upkeep
|turn|31
|
|t:|1757946041
|move|p2a: Moltres|Flamethrower|p1a: Gholdengo
|-supereffective|p1a: Gholdengo
|-damage|p1a: Gholdengo|24/100
|move|p1a: Gholdengo|Shadow Ball|p2a: Moltres
|-damage|p2a: Moltres|62/100
|
|-end|p2a: Moltres|move: Future Sight
|-damage|p2a: Moltres|33/100
|upkeep
|turn|32
|
|t:|1757946050
|move|p2a: Moltres|Flamethrower|p1a: Gholdengo
|-supereffective|p1a: Gholdengo
|-damage|p1a: Gholdengo|0 fnt
|faint|p1a: Gholdengo
|
|upkeep
|
|t:|1757946054
|switch|p1a: Weavile|Weavile, M|100/100
|turn|33
|
|t:|1757946058
|move|p1a: Weavile|Knock Off|p2a: Moltres
|-damage|p2a: Moltres|0 fnt
|-enditem|p2a: Moltres|Heavy-Duty Boots|[from] move: Knock Off|[of] p1a: Weavile
|faint|p2a: Moltres
|
|upkeep
|
|t:|1757946066
|switch|p2a: Iron Valiant|Iron Valiant|94/100
|-damage|p2a: Iron Valiant|88/100|[from] Stealth Rock
|turn|34
|
|t:|1757946070
|switch|p1a: Slowking|Slowking-Galar, F|89/100
|move|p2a: Iron Valiant|Focus Blast|p1a: Slowking
|-resisted|p1a: Slowking
|-damage|p1a: Slowking|76/100
|
|upkeep
|turn|35
|
|t:|1757946078
|-end|p2a: Iron Valiant|Quark Drive|[silent]
|switch|p2a: Scizor|Scizor, M|94/100
|-damage|p2a: Scizor|82/100|[from] Stealth Rock
|-prepare|p1a: Slowking|Chilly Reception|[premajor]
|move|p1a: Slowking|Chilly Reception|p1a: Slowking
|-weather|Snowscape
|
|t:|1757946081
|switch|p1a: Heatran|Heatran, F|100/100|[from] Chilly Reception
|
|-weather|Snowscape|[upkeep]
|-heal|p2a: Scizor|88/100|[from] item: Leftovers
|upkeep
|turn|36
|inactive|jahleel has 120 seconds left.
|
|t:|1757946117
|move|p1a: Heatran|Magma Storm|p2a: Scizor|[miss]
|-miss|p1a: Heatran|p2a: Scizor
|move|p2a: Scizor|Close Combat|p1a: Heatran
|-supereffective|p1a: Heatran
|-damage|p1a: Heatran|49/100
|-unboost|p2a: Scizor|def|1
|-unboost|p2a: Scizor|spd|1
|
|-weather|Snowscape|[upkeep]
|-heal|p1a: Heatran|55/100|[from] item: Leftovers
|-heal|p2a: Scizor|94/100|[from] item: Leftovers
|upkeep
|turn|37
|inactive|jahleel has 120 seconds left.
|
|t:|1757946129
|move|p1a: Heatran|Magma Storm|p2a: Scizor
|-supereffective|p2a: Scizor
|-damage|p2a: Scizor|0 fnt
|faint|p2a: Scizor
|
|-weather|Snowscape|[upkeep]
|-heal|p1a: Heatran|62/100|[from] item: Leftovers
|upkeep
|
|t:|1757946135
|switch|p2a: Ogerpon|Ogerpon-Cornerstone, F|100/100
|-damage|p2a: Ogerpon|88/100|[from] Stealth Rock
|turn|38
|inactive|jahleel has 120 seconds left.
|
|t:|1757946140
|move|p2a: Ogerpon|Ivy Cudgel|p1a: Heatran|[anim] Ivy Cudgel Rock
|-damage|p1a: Heatran|24/100
|move|p1a: Heatran|Magma Storm|p2a: Ogerpon
|-damage|p2a: Ogerpon|35/100
|-activate|p2a: Ogerpon|move: Magma Storm|[of] p1a: Heatran
|
|-weather|Snowscape|[upkeep]
|-heal|p1a: Heatran|30/100|[from] item: Leftovers
|-damage|p2a: Ogerpon|23/100|[from] move: Magma Storm|[partiallytrapped]
|upkeep
|turn|39
|
|t:|1757946145
|move|p1a: Heatran|Protect|p1a: Heatran
|-singleturn|p1a: Heatran|Protect
|move|p2a: Ogerpon|Synthesis|p2a: Ogerpon
|-heal|p2a: Ogerpon|48/100
|
|-weather|none
|-heal|p1a: Heatran|36/100|[from] item: Leftovers
|-damage|p2a: Ogerpon|36/100|[from] move: Magma Storm|[partiallytrapped]
|upkeep
|turn|40
|
|t:|1757946147
|move|p2a: Ogerpon|Ivy Cudgel|p1a: Heatran|[anim] Ivy Cudgel Rock
|-crit|p1a: Heatran
|-damage|p1a: Heatran|0 fnt
|faint|p1a: Heatran
|
|-end|p2a: Ogerpon|Magma Storm|[partiallytrapped]|[silent]
|upkeep
|
|t:|1757946156
|switch|p1a: Sandy Shocks|Sandy Shocks|100/100
|-enditem|p1a: Sandy Shocks|Booster Energy
|-activate|p1a: Sandy Shocks|ability: Protosynthesis|[fromitem]
|-start|p1a: Sandy Shocks|protosynthesisspe
|turn|41
|
|t:|1757946166
|move|p1a: Sandy Shocks|Earth Power|p2a: Ogerpon
|-damage|p2a: Ogerpon|0 fnt
|faint|p2a: Ogerpon
|
|upkeep
|
|t:|1757946169
|switch|p2a: Iron Valiant|Iron Valiant|88/100
|-damage|p2a: Iron Valiant|82/100|[from] Stealth Rock
|turn|42
|
|t:|1757946172
|move|p1a: Sandy Shocks|Volt Switch|p2a: Iron Valiant
|-damage|p2a: Iron Valiant|17/100
|
|t:|1757946175
|-end|p1a: Sandy Shocks|Protosynthesis|[silent]
|switch|p1a: Slowking|Slowking-Galar, F|100/100|[from] Volt Switch
|move|p2a: Iron Valiant|Psyshock|p1a: Slowking
|-damage|p1a: Slowking|60/100
|
|upkeep
|turn|43
|
|t:|1757946180
|-end|p2a: Iron Valiant|Quark Drive|[silent]
|switch|p2a: Pecharunt|Pecharunt|100/100
|-damage|p2a: Pecharunt|88/100|[from] Stealth Rock
|move|p1a: Slowking|Sludge Bomb|p2a: Pecharunt
|-resisted|p2a: Pecharunt
|-damage|p2a: Pecharunt|80/100
|
|upkeep
|turn|44
|
|t:|1757946193
|move|p2a: Pecharunt|Shadow Ball|p1a: Slowking
|-supereffective|p1a: Slowking
|-damage|p1a: Slowking|28/100
|move|p1a: Slowking|Future Sight|p2a: Pecharunt
|-start|p1a: Slowking|move: Future Sight
|
|upkeep
|turn|45
|
|t:|1757946204
|move|p2a: Pecharunt|Malignant Chain|p1a: Slowking
|-resisted|p1a: Slowking
|-damage|p1a: Slowking|19/100
|move|p1a: Slowking|Sludge Bomb|p2a: Pecharunt
|-resisted|p2a: Pecharunt
|-damage|p2a: Pecharunt|71/100
|
|upkeep
|turn|46
|
|t:|1757946208
|switch|p2a: Iron Valiant|Iron Valiant|17/100
|-damage|p2a: Iron Valiant|11/100|[from] Stealth Rock
|switch|p1a: Weavile|Weavile, M|100/100
|
|-end|p2a: Iron Valiant|move: Future Sight
|-supereffective|p2a: Iron Valiant
|-damage|p2a: Iron Valiant|0 fnt
|faint|p2a: Iron Valiant
|-end|p2a: Iron Valiant|Quark Drive|[silent]
|upkeep
|
|t:|1757946214
|switch|p2a: Pecharunt|Pecharunt|71/100
|-damage|p2a: Pecharunt|59/100|[from] Stealth Rock
|turn|47
|
|t:|1757946216
|move|p1a: Weavile|Knock Off|p2a: Pecharunt
|-supereffective|p2a: Pecharunt
|-damage|p2a: Pecharunt|17/100
|-damage|p1a: Weavile|84/100|[from] item: Rocky Helmet|[of] p2a: Pecharunt
|-enditem|p2a: Pecharunt|Rocky Helmet|[from] move: Knock Off|[of] p1a: Weavile
|move|p2a: Pecharunt|Recover|p2a: Pecharunt
|-heal|p2a: Pecharunt|67/100
|
|upkeep
|turn|48
|
|t:|1757946222
|move|p1a: Weavile|Knock Off|p2a: Pecharunt
|-supereffective|p2a: Pecharunt
|-damage|p2a: Pecharunt|35/100
|move|p2a: Pecharunt|Recover|p2a: Pecharunt
|-heal|p2a: Pecharunt|85/100
|
|upkeep
|turn|49
|
|t:|1757946226
|move|p1a: Weavile|Knock Off|p2a: Pecharunt
|-supereffective|p2a: Pecharunt
|-damage|p2a: Pecharunt|54/100
|move|p2a: Pecharunt|Malignant Chain|p1a: Weavile
|-damage|p1a: Weavile|41/100
|-status|p1a: Weavile|tox
|-start|p1a: Weavile|confusion|[from] ability: Poison Puppeteer|[of] p2a: Pecharunt
|
|-damage|p1a: Weavile|35/100 tox|[from] psn
|upkeep
|turn|50
|
|t:|1757946229
|switch|p1a: Slowking|Slowking-Galar, F|53/100
|move|p2a: Pecharunt|Recover|p2a: Pecharunt
|-heal|p2a: Pecharunt|100/100
|
|upkeep
|turn|51
|
|t:|1757946231
|move|p2a: Pecharunt|Shadow Ball|p1a: Slowking
|-supereffective|p1a: Slowking
|-damage|p1a: Slowking|25/100
|move|p1a: Slowking|Future Sight|p2a: Pecharunt
|-start|p1a: Slowking|move: Future Sight
|
|upkeep
|turn|52
|
|t:|1757946237
|switch|p1a: Weavile|Weavile, M|35/100 tox
|move|p2a: Pecharunt|Shadow Ball|p1a: Weavile
|-resisted|p1a: Weavile
|-damage|p1a: Weavile|18/100 tox
|
|-damage|p1a: Weavile|12/100 tox|[from] psn
|upkeep
|turn|53
|
|t:|1757946242
|-terastallize|p2a: Pecharunt|Dark
|move|p1a: Weavile|Knock Off|p2a: Pecharunt
|-resisted|p2a: Pecharunt
|-damage|p2a: Pecharunt|93/100
|move|p2a: Pecharunt|Recover|p2a: Pecharunt
|-heal|p2a: Pecharunt|100/100
|
|-end|p2a: Pecharunt|move: Future Sight
|-immune|p2a: Pecharunt
|-damage|p1a: Weavile|0 fnt|[from] psn
|faint|p1a: Weavile
|upkeep
|
|t:|1757946247
|switch|p1a: Slowking|Slowking-Galar, F|58/100
|turn|54
|
|t:|1757946251
|-terastallize|p1a: Slowking|Water
|move|p2a: Pecharunt|Foul Play|p1a: Slowking
|-damage|p1a: Slowking|39/100
|move|p1a: Slowking|Sludge Bomb|p2a: Pecharunt
|-damage|p2a: Pecharunt|69/100
|-status|p2a: Pecharunt|psn
|
|-damage|p2a: Pecharunt|56/100 psn|[from] psn
|upkeep
|turn|55
|
|t:|1757946258
|move|p2a: Pecharunt|Malignant Chain|p1a: Slowking
|-damage|p1a: Slowking|22/100
|-status|p1a: Slowking|tox
|-start|p1a: Slowking|confusion|[from] ability: Poison Puppeteer|[of] p2a: Pecharunt
|-activate|p1a: Slowking|confusion
|-damage|p1a: Slowking|17/100 tox|[from] confusion
|
|-damage|p2a: Pecharunt|44/100 psn|[from] psn
|-damage|p1a: Slowking|11/100 tox|[from] psn
|upkeep
|turn|56
|
|t:|1757946261
|move|p2a: Pecharunt|Recover|p2a: Pecharunt
|-heal|p2a: Pecharunt|94/100 psn
|-activate|p1a: Slowking|confusion
|move|p1a: Slowking|Sludge Bomb|p2a: Pecharunt
|-damage|p2a: Pecharunt|61/100 psn
|
|-damage|p2a: Pecharunt|49/100 psn|[from] psn
|-damage|p1a: Slowking|0 fnt|[from] psn
|faint|p1a: Slowking
|upkeep
|
|t:|1757946263
|switch|p1a: Sandy Shocks|Sandy Shocks|100/100
|turn|57
|
|t:|1757946267
|move|p1a: Sandy Shocks|Earth Power|p2a: Pecharunt
|-damage|p2a: Pecharunt|9/100 psn
|move|p2a: Pecharunt|Recover|p2a: Pecharunt
|-heal|p2a: Pecharunt|59/100 psn
|
|-damage|p2a: Pecharunt|47/100 psn|[from] psn
|upkeep
|turn|58
|
|t:|1757946272
|move|p1a: Sandy Shocks|Earth Power|p2a: Pecharunt
|-damage|p2a: Pecharunt|3/100 psn
|move|p2a: Pecharunt|Recover|p2a: Pecharunt
|-heal|p2a: Pecharunt|53/100 psn
|
|-damage|p2a: Pecharunt|41/100 psn|[from] psn
|upkeep
|turn|59
|
|t:|1757946276
|move|p1a: Sandy Shocks|Earth Power|p2a: Pecharunt
|-damage|p2a: Pecharunt|0 fnt
|faint|p2a: Pecharunt
|
|win|cr aries
|raw|cr aries's rating: 1600 &rarr; <strong>1620</strong><br />(+20 for winning)
|raw|jahleel's rating: 1602 &rarr; <strong>1582</strong><br />(-20 for losing)
|l|☆jahleel
|player|p2|
|l|☆cr aries
|player|p1|
