|j|☆Dreadblaze
|j|☆mongwong
|t:|1757846397
|gametype|singles
|player|p1|Dreadblaze|dancer|1437
|player|p2|mongwong|silver-gen2|1497
|gen|9
|tier|[Gen 9] OU
|rated|
|rule|HP Percentage Mod: HP is shown in percentages
|rule|Endless Battle Clause: Forcing endless battles is banned
|rule|Species Clause: Limit one of each Pokémon
|rule|OHKO Clause: OHKO moves are banned
|rule|Evasion Items Clause: Evasion items are banned
|rule|Evasion Moves Clause: Evasion moves are banned
|rule|Evasion Abilities Clause: Evasion abilities are banned
|rule|Sleep Moves Clause: Sleep-inducing moves are banned
|clearpoke
|poke|p1|Zamazenta-*|
|poke|p1|Darkrai|
|poke|p1|Skeledirge, M|
|poke|p1|Tentacruel, M|
|poke|p1|Mamoswine, M|
|poke|p1|Rillaboom, M|
|poke|p2|Pelipper, M|
|poke|p2|Barraskewda, M|
|poke|p2|Zapdos|
|poke|p2|Primarina, M|
|poke|p2|Scizor, M|
|poke|p2|Kingambit, F|
|teampreview
|
|t:|1757846433
|teamsize|p1|6
|teamsize|p2|6
|start
|switch|p1a: Tentacruel|Tentacruel, M|100/100
|switch|p2a: Scizor|Scizor, M|100/100
|turn|1
|
|t:|1757846435
|move|p1a: Tentacruel|Toxic Spikes|p2a: Scizor
|-sidestart|p2: mongwong|move: Toxic Spikes
|move|p2a: Scizor|Knock Off|p1a: Tentacruel
|-damage|p1a: Tentacruel|64/100
|-enditem|p1a: Tentacruel|Heavy-Duty Boots|[from] move: Knock Off|[of] p2a: Scizor
|
|upkeep
|turn|2
|
|t:|1757846442
|move|p1a: Tentacruel|Flip Turn|p2a: Scizor
|-damage|p2a: Scizor|87/100
|
|t:|1757846444
|switch|p1a: Skeledirge|Skeledirge, M|100/100|[from] Flip Turn
|-item|p1a: Skeledirge|Air Balloon
|move|p2a: Scizor|Defog|p1a: Skeledirge
|-unboost|p1a: Skeledirge|evasion|1
|-sideend|p2: mongwong|Toxic Spikes|[from] move: Defog|[of] p2a: Scizor
|
|-heal|p2a: Scizor|93/100|[from] item: Leftovers
|upkeep
|turn|3
|
|t:|1757846461
|switch|p1a: Tentacruel|Tentacruel, M|64/100
|switch|p2a: Pelipper|Pelipper, M|100/100
|-weather|RainDance|[from] ability: Drizzle|[of] p2a: Pelipper
|
|-weather|RainDance|[upkeep]
|upkeep
|turn|4
|
|t:|1757846474
|move|p1a: Tentacruel|Toxic Spikes|p2a: Pelipper
|-sidestart|p2: mongwong|move: Toxic Spikes
|move|p2a: Pelipper|U-turn|p1a: Tentacruel
|-resisted|p1a: Tentacruel
|-damage|p1a: Tentacruel|59/100
|
|t:|1757846478
|switch|p2a: Zapdos|Zapdos|100/100|[from] U-turn
|
|-weather|RainDance|[upkeep]
|upkeep
|turn|5
|
|t:|1757846485
|switch|p1a: Mamoswine|Mamoswine, M|100/100
|move|p2a: Zapdos|Hurricane|p1a: Mamoswine
|-damage|p1a: Mamoswine|71/100
|
|-weather|RainDance|[upkeep]
|upkeep
|turn|6
|
|t:|1757846492
|switch|p2a: Scizor|Scizor, M|93/100
|-terastallize|p1a: Mamoswine|Ghost
|move|p1a: Mamoswine|Ice Shard|p2a: Scizor
|-resisted|p2a: Scizor
|-damage|p2a: Scizor|84/100
|
|-weather|RainDance|[upkeep]
|-heal|p2a: Scizor|90/100|[from] item: Leftovers
|upkeep
|turn|7
|
|t:|1757846498
|move|p1a: Mamoswine|Knock Off|p2a: Scizor
|-damage|p2a: Scizor|57/100
|-enditem|p2a: Scizor|Leftovers|[from] move: Knock Off|[of] p1a: Mamoswine
|move|p2a: Scizor|Knock Off|p1a: Mamoswine
|-supereffective|p1a: Mamoswine
|-damage|p1a: Mamoswine|6/100
|-enditem|p1a: Mamoswine|Assault Vest|[from] move: Knock Off|[of] p2a: Scizor
|
|-weather|RainDance|[upkeep]
|upkeep
|turn|8
|
|t:|1757846505
|switch|p1a: Skeledirge|Skeledirge, M|100/100
|-item|p1a: Skeledirge|Air Balloon
|move|p2a: Scizor|Defog|p1a: Skeledirge
|-unboost|p1a: Skeledirge|evasion|1
|-sideend|p2: mongwong|Toxic Spikes|[from] move: Defog|[of] p2a: Scizor
|
|-weather|RainDance|[upkeep]
|upkeep
|turn|9
|
|t:|1757846511
|switch|p2a: Primarina|Primarina, M|100/100
|move|p1a: Skeledirge|Will-O-Wisp|p2a: Primarina
|-status|p2a: Primarina|brn
|
|-weather|RainDance|[upkeep]
|-damage|p2a: Primarina|94/100 brn|[from] brn
|upkeep
|turn|10
|
|t:|1757846519
|switch|p1a: Tentacruel|Tentacruel, M|59/100
|move|p2a: Primarina|Flip Turn|p1a: Tentacruel
|-resisted|p1a: Tentacruel
|-damage|p1a: Tentacruel|51/100
|
|t:|1757846524
|switch|p2a: Zapdos|Zapdos|100/100|[from] Flip Turn
|
|-weather|none
|upkeep
|turn|11
|
|t:|1757846534
|move|p1a: Tentacruel|Toxic Spikes|p2a: Zapdos
|-sidestart|p2: mongwong|move: Toxic Spikes
|move|p2a: Zapdos|Volt Switch|p1a: Tentacruel
|-supereffective|p1a: Tentacruel
|-damage|p1a: Tentacruel|9/100
|
|t:|1757846537
|switch|p2a: Scizor|Scizor, M|57/100|[from] Volt Switch
|
|upkeep
|turn|12
|
|t:|1757846547
|move|p1a: Tentacruel|Flip Turn|p2a: Scizor
|-damage|p2a: Scizor|44/100
|
|t:|1757846555
|switch|p1a: Darkrai|Darkrai|100/100|[from] Flip Turn
|move|p2a: Scizor|Defog|p1a: Darkrai
|-unboost|p1a: Darkrai|evasion|1
|-sideend|p2: mongwong|Toxic Spikes|[from] move: Defog|[of] p2a: Scizor
|
|upkeep
|turn|13
|
|t:|1757846559
|switch|p2a: Primarina|Primarina, M|94/100 brn
|move|p1a: Darkrai|Dark Pulse|p2a: Primarina
|-resisted|p2a: Primarina
|-damage|p2a: Primarina|82/100 brn
|
|-damage|p2a: Primarina|76/100 brn|[from] brn
|upkeep
|turn|14
|
|t:|1757846565
|switch|p1a: Rillaboom|Rillaboom, M|100/100
|-fieldstart|move: Grassy Terrain|[from] ability: Grassy Surge|[of] p1a: Rillaboom
|move|p2a: Primarina|Moonblast|p1a: Rillaboom
|-damage|p1a: Rillaboom|28/100
|
|-heal|p1a: Rillaboom|34/100|[from] Grassy Terrain
|-heal|p2a: Primarina|82/100 brn|[from] Grassy Terrain
|-damage|p2a: Primarina|76/100 brn|[from] brn
|upkeep
|turn|15
|
|t:|1757846573
|switch|p2a: Zapdos|Zapdos|100/100
|move|p1a: Rillaboom|U-turn|p2a: Zapdos
|-resisted|p2a: Zapdos
|-damage|p2a: Zapdos|88/100
|-status|p1a: Rillaboom|par|[from] ability: Static|[of] p2a: Zapdos
|
|t:|1757846582
|switch|p1a: Darkrai|Darkrai|100/100|[from] U-turn
|
|upkeep
|turn|16
|
|t:|1757846587
|switch|p2a: Primarina|Primarina, M|76/100 brn
|move|p1a: Darkrai|Sludge Bomb|p2a: Primarina
|-supereffective|p2a: Primarina
|-damage|p2a: Primarina|37/100 brn
|
|-heal|p2a: Primarina|43/100 brn|[from] Grassy Terrain
|-damage|p2a: Primarina|37/100 brn|[from] brn
|upkeep
|turn|17
|
|t:|1757846598
|switch|p1a: Skeledirge|Skeledirge, M|100/100
|-item|p1a: Skeledirge|Air Balloon
|switch|p2a: Scizor|Scizor, M|44/100
|
|-heal|p2a: Scizor|50/100|[from] Grassy Terrain
|upkeep
|turn|18
|
|t:|1757846603
|move|p1a: Skeledirge|Torch Song|p2a: Scizor
|-supereffective|p2a: Scizor
|-damage|p2a: Scizor|0 fnt
|-boost|p1a: Skeledirge|spa|1
|faint|p2a: Scizor
|
|-fieldend|move: Grassy Terrain
|upkeep
|
|t:|1757846607
|switch|p2a: Barraskewda|Barraskewda, M|100/100
|turn|19
|
|t:|1757846614
|move|p2a: Barraskewda|Flip Turn|p1a: Skeledirge
|-supereffective|p1a: Skeledirge
|-damage|p1a: Skeledirge|42/100
|-enditem|p1a: Skeledirge|Air Balloon
|
|t:|1757846625
|switch|p2a: Pelipper|Pelipper, M|100/100|[from] Flip Turn
|-weather|RainDance|[from] ability: Drizzle|[of] p2a: Pelipper
|move|p1a: Skeledirge|Will-O-Wisp|p2a: Pelipper
|-status|p2a: Pelipper|brn
|
|-weather|RainDance|[upkeep]
|-damage|p2a: Pelipper|94/100 brn|[from] brn
|upkeep
|turn|20
|
|t:|1757846640
|move|p1a: Skeledirge|Shadow Ball|p2a: Pelipper
|-damage|p2a: Pelipper|27/100 brn
|move|p2a: Pelipper|U-turn|p1a: Skeledirge
|-resisted|p1a: Skeledirge
|-damage|p1a: Skeledirge|41/100
|
|t:|1757846650
|switch|p2a: Barraskewda|Barraskewda, M|100/100|[from] U-turn
|
|-weather|RainDance|[upkeep]
|upkeep
|turn|21
|
|t:|1757846664
|move|p2a: Barraskewda|Flip Turn|p1a: Skeledirge
|-supereffective|p1a: Skeledirge
|-damage|p1a: Skeledirge|0 fnt
|faint|p1a: Skeledirge
|
|t:|1757846670
|switch|p2a: Zapdos|Zapdos|88/100|[from] Flip Turn
|
|-weather|RainDance|[upkeep]
|upkeep
|
|t:|1757846681
|switch|p1a: Mamoswine|Mamoswine, M, tera:Ghost|6/100
|turn|22
|
|t:|1757846685
|move|p1a: Mamoswine|Ice Shard|p2a: Zapdos
|-supereffective|p2a: Zapdos
|-damage|p2a: Zapdos|56/100
|move|p2a: Zapdos|Volt Switch|p1a: Mamoswine
|-damage|p1a: Mamoswine|0 fnt
|faint|p1a: Mamoswine
|
|t:|1757846689
|switch|p2a: Barraskewda|Barraskewda, M|100/100|[from] Volt Switch
|
|-weather|RainDance|[upkeep]
|upkeep
|
|t:|1757846693
|switch|p1a: Rillaboom|Rillaboom, M|34/100 par
|-fieldstart|move: Grassy Terrain|[from] ability: Grassy Surge|[of] p1a: Rillaboom
|turn|23
|
|t:|1757846701
|-terastallize|p2a: Barraskewda|Water
|move|p2a: Barraskewda|Aqua Jet|p1a: Rillaboom
|-resisted|p1a: Rillaboom
|-damage|p1a: Rillaboom|0 fnt
|faint|p1a: Rillaboom
|
|-weather|RainDance|[upkeep]
|upkeep
|
|t:|1757846707
|switch|p1a: Zamazenta|Zamazenta|100/100
|-ability|p1a: Zamazenta|Dauntless Shield|boost
|-boost|p1a: Zamazenta|def|1
|turn|24
|
|t:|1757846714
|switch|p2a: Zapdos|Zapdos|56/100
|move|p1a: Zamazenta|Close Combat|p2a: Zapdos
|-resisted|p2a: Zapdos
|-damage|p2a: Zapdos|25/100
|-unboost|p1a: Zamazenta|def|1
|-unboost|p1a: Zamazenta|spd|1
|-damage|p1a: Zamazenta|91/100|[from] item: Life Orb
|
|-weather|RainDance|[upkeep]
|-heal|p1a: Zamazenta|97/100|[from] Grassy Terrain
|upkeep
|turn|25
|
|t:|1757846718
|move|p1a: Zamazenta|Ice Fang|p2a: Zapdos
|-supereffective|p2a: Zapdos
|-damage|p2a: Zapdos|0 fnt
|faint|p2a: Zapdos
|-damage|p1a: Zamazenta|87/100|[from] item: Life Orb
|
|-weather|RainDance|[upkeep]
|-heal|p1a: Zamazenta|93/100|[from] Grassy Terrain
|upkeep
|
|t:|1757846769
|switch|p2a: Barraskewda|Barraskewda, M, tera:Water|100/100
|turn|26
|
|t:|1757846774
|move|p2a: Barraskewda|Flip Turn|p1a: Zamazenta
|-damage|p1a: Zamazenta|0 fnt
|faint|p1a: Zamazenta
|
|t:|1757846784
|switch|p2a: Primarina|Primarina, M|37/100 brn|[from] Flip Turn
|
|-weather|none
|-heal|p2a: Primarina|43/100 brn|[from] Grassy Terrain
|-damage|p2a: Primarina|37/100 brn|[from] brn
|upkeep
|
|t:|1757846793
|switch|p1a: Tentacruel|Tentacruel, M|9/100
|turn|27
|
|t:|1757846799
|move|p1a: Tentacruel|Toxic Spikes|p2a: Primarina
|-sidestart|p2: mongwong|move: Toxic Spikes
|move|p2a: Primarina|Flip Turn|p1a: Tentacruel
|-resisted|p1a: Tentacruel
|-damage|p1a: Tentacruel|4/100
|
|t:|1757846803
|switch|p2a: Pelipper|Pelipper, M|27/100 brn|[from] Flip Turn
|-weather|RainDance|[from] ability: Drizzle|[of] p2a: Pelipper
|
|-weather|RainDance|[upkeep]
|-heal|p1a: Tentacruel|10/100|[from] Grassy Terrain
|-damage|p2a: Pelipper|20/100 brn|[from] brn
|-fieldend|move: Grassy Terrain
|upkeep
|turn|28
|
|t:|1757846810
|move|p1a: Tentacruel|Rapid Spin|p2a: Pelipper
|-damage|p2a: Pelipper|14/100 brn
|-boost|p1a: Tentacruel|spe|1
|move|p2a: Pelipper|U-turn|p1a: Tentacruel
|-resisted|p1a: Tentacruel
|-damage|p1a: Tentacruel|7/100
|
|t:|1757846823
|switch|p2a: Barraskewda|Barraskewda, M, tera:Water|100/100|[from] U-turn
|-status|p2a: Barraskewda|psn
|
|-weather|RainDance|[upkeep]
|-damage|p2a: Barraskewda|88/100 psn|[from] psn
|upkeep
|turn|29
|
|t:|1757846832
|move|p2a: Barraskewda|Flip Turn|p1a: Tentacruel
|-resisted|p1a: Tentacruel
|-damage|p1a: Tentacruel|0 fnt
|faint|p1a: Tentacruel
|
|t:|1757846834
|switch|p2a: Primarina|Primarina, M|37/100 brn|[from] Flip Turn
|
|-weather|RainDance|[upkeep]
|-damage|p2a: Primarina|31/100 brn|[from] brn
|upkeep
|
|t:|1757846836
|switch|p1a: Darkrai|Darkrai|100/100
|turn|30
|
|t:|1757846848
|move|p1a: Darkrai|Dark Pulse|p2a: Primarina
|-resisted|p2a: Primarina
|-damage|p2a: Primarina|18/100 brn
|move|p2a: Primarina|Moonblast|p1a: Darkrai
|-supereffective|p1a: Darkrai
|-damage|p1a: Darkrai|0 fnt
|faint|p1a: Darkrai
|
|win|mongwong
|raw|Dreadblaze's rating: 1437 &rarr; <strong>1420</strong><br />(-17 for losing)
|raw|mongwong's rating: 1497 &rarr; <strong>1514</strong><br />(+17 for winning)
|l|☆Dreadblaze
|player|p1|
|l|☆mongwong
|player|p2|
