|j|☆ChessDennis
|j|☆imgodslayer
|t:|1757862146
|gametype|singles
|player|p1|ChessDennis|170|1439
|player|p2|imgodslayer|benga|1402
|gen|9
|tier|[Gen 9] OU
|rated|
|rule|HP Percentage Mod: HP is shown in percentages
|rule|Endless Battle Clause: Forcing endless battles is banned
|rule|Species Clause: Limit one of each Pokémon
|rule|OHKO Clause: OHKO moves are banned
|rule|Evasion Items Clause: Evasion items are banned
|rule|Evasion Moves Clause: Evasion moves are banned
|rule|Evasion Abilities Clause: Evasion abilities are banned
|rule|Sleep Moves Clause: Sleep-inducing moves are banned
|clearpoke
|poke|p1|Moltres|
|poke|p1|Clodsire, M|
|poke|p1|Hatterene, F|
|poke|p1|Politoed, F|
|poke|p1|Zamazenta-*|
|poke|p1|Keldeo-Resolute|
|poke|p2|Araquanid, F|
|poke|p2|Pelipper, M|
|poke|p2|Raging Bolt|
|poke|p2|Great Tusk|
|poke|p2|Poliwrath, F|
|poke|p2|Goodra-Hisui, M|
|teampreview
|
|t:|1757862156
|teamsize|p1|6
|teamsize|p2|6
|start
|switch|p1a: Hatterene|Hatterene, F|100/100
|switch|p2a: Pelipper|Pelipper, M|100/100
|-weather|RainDance|[from] ability: Drizzle|[of] p2a: Pelipper
|turn|1
|
|t:|1757862167
|move|p2a: Pelipper|U-turn|p1a: Hatterene
|-damage|p1a: Hatterene|92/100
|
|t:|1757862169
|switch|p2a: Goodra|Goodra-Hisui, M|100/100|[from] U-turn
|move|p1a: Hatterene|Future Sight|p2a: Goodra
|-start|p1a: Hatterene|move: Future Sight
|
|-weather|RainDance|[upkeep]
|upkeep
|turn|2
|
|t:|1757862184
|switch|p1a: Clodsire|Clodsire, M|100/100
|move|p2a: Goodra|Flash Cannon|p1a: Clodsire
|-damage|p1a: Clodsire|74/100
|
|-weather|RainDance|[upkeep]
|upkeep
|turn|3
|
|t:|1757862194
|switch|p2a: Araquanid|Araquanid, F|100/100
|move|p1a: Clodsire|Stealth Rock|p2a: Araquanid
|-sidestart|p2: imgodslayer|move: Stealth Rock
|
|-weather|RainDance|[upkeep]
|-end|p2a: Araquanid|move: Future Sight
|-damage|p2a: Araquanid|53/100
|upkeep
|turn|4
|
|t:|1757862201
|switch|p1a: Hatterene|Hatterene, F|92/100
|move|p2a: Araquanid|Liquidation|p1a: Hatterene
|-damage|p1a: Hatterene|0 fnt
|faint|p1a: Hatterene
|
|-weather|RainDance|[upkeep]
|upkeep
|
|t:|1757862203
|switch|p1a: Moltres|Moltres|100/100
|turn|5
|
|t:|1757862210
|move|p1a: Moltres|Hurricane|p2a: Araquanid
|-supereffective|p2a: Araquanid
|-damage|p2a: Araquanid|0 fnt
|faint|p2a: Araquanid
|
|-weather|RainDance|[upkeep]
|upkeep
|
|t:|1757862218
|switch|p2a: Goodra|Goodra-Hisui, M|100/100
|-damage|p2a: Goodra|94/100|[from] Stealth Rock
|turn|6
|
|t:|1757862225
|switch|p1a: Clodsire|Clodsire, M|74/100
|move|p2a: Goodra|Ice Beam|p1a: Clodsire
|-supereffective|p1a: Clodsire
|-damage|p1a: Clodsire|30/100
|
|-weather|RainDance|[upkeep]
|upkeep
|turn|7
|
|t:|1757862234
|switch|p1a: Keldeo|Keldeo-Resolute|100/100
|move|p2a: Goodra|Draco Meteor|p1a: Keldeo
|-damage|p1a: Keldeo|24/100
|-unboost|p2a: Goodra|spa|2
|
|-weather|RainDance|[upkeep]
|upkeep
|turn|8
|
|t:|1757862239
|switch|p2a: Great Tusk|Great Tusk|100/100
|-damage|p2a: Great Tusk|98/100|[from] Stealth Rock
|move|p1a: Keldeo|Secret Sword|p2a: Great Tusk
|-damage|p2a: Great Tusk|74/100
|
|-weather|none
|upkeep
|turn|9
|
|t:|1757862246
|-end|p2a: Great Tusk|Protosynthesis|[silent]
|switch|p2a: Pelipper|Pelipper, M|100/100
|-damage|p2a: Pelipper|76/100|[from] Stealth Rock
|-weather|RainDance|[from] ability: Drizzle|[of] p2a: Pelipper
|move|p1a: Keldeo|Surf|p2a: Pelipper
|-resisted|p2a: Pelipper
|-damage|p2a: Pelipper|0 fnt
|faint|p2a: Pelipper
|
|-weather|RainDance|[upkeep]
|upkeep
|
|t:|1757862253
|switch|p2a: Poliwrath|Poliwrath, F|100/100
|-damage|p2a: Poliwrath|94/100|[from] Stealth Rock
|turn|10
|
|t:|1757862258
|switch|p1a: Clodsire|Clodsire, M|30/100
|move|p2a: Poliwrath|Liquidation|p1a: Clodsire
|-heal|p1a: Clodsire|55/100|[from] ability: Water Absorb|[of] p2a: Poliwrath
|
|-weather|RainDance|[upkeep]
|upkeep
|turn|11
|
|t:|1757862262
|-terastallize|p2a: Poliwrath|Steel
|move|p2a: Poliwrath|Belly Drum|p2a: Poliwrath
|-damage|p2a: Poliwrath|44/100
|-setboost|p2a: Poliwrath|atk|6|[from] move: Belly Drum
|-enditem|p2a: Poliwrath|Sitrus Berry|[eat]
|-heal|p2a: Poliwrath|69/100|[from] item: Sitrus Berry
|move|p1a: Clodsire|Recover|p1a: Clodsire
|-heal|p1a: Clodsire|100/100
|
|-weather|RainDance|[upkeep]
|upkeep
|turn|12
|
|t:|1757862269
|-terastallize|p1a: Clodsire|Ghost
|move|p2a: Poliwrath|Earthquake|p1a: Clodsire
|-damage|p1a: Clodsire|0 fnt
|faint|p1a: Clodsire
|
|-weather|RainDance|[upkeep]
|upkeep
|
|t:|1757862282
|switch|p1a: Zamazenta|Zamazenta|100/100
|-ability|p1a: Zamazenta|Dauntless Shield|boost
|-boost|p1a: Zamazenta|def|1
|turn|13
|
|t:|1757862286
|move|p2a: Poliwrath|Liquidation|p1a: Zamazenta
|-damage|p1a: Zamazenta|0 fnt
|faint|p1a: Zamazenta
|
|-weather|RainDance|[upkeep]
|upkeep
|inactive|Battle timer is ON: inactive players will automatically lose when time's up. (requested by imgodslayer)
|
|t:|1757862299
|switch|p1a: Politoed|Politoed, F|100/100
|turn|14
|
|t:|1757862302
|switch|p1a: Moltres|Moltres|100/100
|move|p2a: Poliwrath|Drain Punch|p1a: Moltres
|-resisted|p1a: Moltres
|-damage|p1a: Moltres|32/100
|-heal|p2a: Poliwrath|100/100|[from] drain|[of] p1a: Moltres
|-status|p2a: Poliwrath|brn|[from] ability: Flame Body|[of] p1a: Moltres
|
|-weather|RainDance|[upkeep]
|-damage|p2a: Poliwrath|94/100 brn|[from] brn
|upkeep
|turn|15
|
|t:|1757862319
|move|p2a: Poliwrath|Liquidation|p1a: Moltres
|-supereffective|p1a: Moltres
|-damage|p1a: Moltres|0 fnt
|faint|p1a: Moltres
|
|-weather|RainDance|[upkeep]
|-damage|p2a: Poliwrath|88/100 brn|[from] brn
|upkeep
|
|t:|1757862331
|switch|p1a: Keldeo|Keldeo-Resolute|24/100
|turn|16
|
|t:|1757862336
|move|p1a: Keldeo|Vacuum Wave|p2a: Poliwrath
|-supereffective|p2a: Poliwrath
|-damage|p2a: Poliwrath|38/100 brn
|move|p2a: Poliwrath|Liquidation|p1a: Keldeo
|-resisted|p1a: Keldeo
|-damage|p1a: Keldeo|0 fnt
|faint|p1a: Keldeo
|
|-weather|none
|-damage|p2a: Poliwrath|31/100 brn|[from] brn
|upkeep
|
|t:|1757862338
|switch|p1a: Politoed|Politoed, F|100/100
|-weather|RainDance|[from] ability: Drizzle|[of] p1a: Politoed
|turn|17
|
|t:|1757862344
|move|p2a: Poliwrath|Drain Punch|p1a: Politoed
|-damage|p1a: Politoed|24/100
|-heal|p2a: Poliwrath|73/100 brn|[from] drain|[of] p1a: Politoed
|move|p1a: Politoed|Earth Power|p2a: Poliwrath
|-supereffective|p2a: Poliwrath
|-damage|p2a: Poliwrath|0 fnt
|faint|p2a: Poliwrath
|
|-weather|RainDance|[upkeep]
|upkeep
|
|t:|1757862353
|switch|p2a: Raging Bolt|Raging Bolt|100/100
|-damage|p2a: Raging Bolt|88/100|[from] Stealth Rock
|-enditem|p2a: Raging Bolt|Booster Energy
|-activate|p2a: Raging Bolt|ability: Protosynthesis|[fromitem]
|-start|p2a: Raging Bolt|protosynthesisspa
|turn|18
|
|t:|1757862357
|move|p2a: Raging Bolt|Thunderclap|p1a: Politoed
|-supereffective|p1a: Politoed
|-crit|p1a: Politoed
|-damage|p1a: Politoed|0 fnt
|faint|p1a: Politoed
|
|win|imgodslayer
|raw|ChessDennis's rating: 1439 &rarr; <strong>1417</strong><br />(-22 for losing)
|raw|imgodslayer's rating: 1402 &rarr; <strong>1424</strong><br />(+22 for winning)
|l|☆imgodslayer
|player|p2|
|l|☆ChessDennis
|player|p1|
