|j|☆flygonisdragon
|j|☆nittsu
|t:|1757827175
|gametype|singles
|player|p1|flygonisdragon|serena-masters|1384
|player|p2|nittsu|firebreather|1394
|gen|9
|tier|[Gen 9] OU
|rated|
|rule|HP Percentage Mod: HP is shown in percentages
|rule|Endless Battle Clause: Forcing endless battles is banned
|rule|Species Clause: Limit one of each Pokémon
|rule|OHKO Clause: OHKO moves are banned
|rule|Evasion Items Clause: Evasion items are banned
|rule|Evasion Moves Clause: Evasion moves are banned
|rule|Evasion Abilities Clause: Evasion abilities are banned
|rule|Sleep Moves Clause: Sleep-inducing moves are banned
|clearpoke
|poke|p1|Zapdos-Galar|
|poke|p1|Volcanion|
|poke|p1|Kommo-o, M|
|poke|p1|Fezandipiti, M|
|poke|p1|Clodsire, M|
|poke|p1|Scizor, F|
|poke|p2|Malamar, F|
|poke|p2|Moltres|
|poke|p2|Iron Valiant|
|poke|p2|Kingambit, F|
|poke|p2|Pecharunt|
|poke|p2|Great Tusk|
|teampreview
|inactive|Battle timer is ON: inactive players will automatically lose when time's up. (requested by nittsu)
|
|t:|1757827193
|teamsize|p1|6
|teamsize|p2|6
|start
|switch|p1a: Fezandipiti|Fezandipiti, M|100/100
|switch|p2a: Malamar|Malamar, F|100/100
|turn|1
|
|t:|1757827199
|switch|p2a: Pecharunt|Pecharunt|100/100
|move|p1a: Fezandipiti|Moonblast|p2a: Pecharunt
|-resisted|p2a: Pecharunt
|-damage|p2a: Pecharunt|88/100
|
|-heal|p2a: Pecharunt|94/100|[from] item: Leftovers
|upkeep
|turn|2
|
|t:|1757827204
|move|p2a: Pecharunt|Recover|p2a: Pecharunt
|-heal|p2a: Pecharunt|100/100
|move|p1a: Fezandipiti|U-turn|p2a: Pecharunt
|-resisted|p2a: Pecharunt
|-damage|p2a: Pecharunt|98/100
|
|t:|1757827206
|switch|p1a: Clodsire|Clodsire, M|100/100|[from] U-turn
|
|-heal|p2a: Pecharunt|100/100|[from] item: Leftovers
|upkeep
|turn|3
|
|t:|1757827212
|switch|p2a: Moltres|Moltres|100/100
|move|p1a: Clodsire|Stealth Rock|p2a: Moltres
|-sidestart|p2: nittsu|move: Stealth Rock
|
|upkeep
|turn|4
|
|t:|1757827215
|move|p2a: Moltres|Will-O-Wisp|p1a: Clodsire
|-status|p1a: Clodsire|brn
|move|p1a: Clodsire|Toxic|p2a: Moltres
|-status|p2a: Moltres|tox
|
|-damage|p2a: Moltres|94/100 tox|[from] psn
|-damage|p1a: Clodsire|94/100 brn|[from] brn
|upkeep
|turn|5
|
|t:|1757827221
|switch|p1a: Volcanion|Volcanion|100/100
|move|p2a: Moltres|U-turn|p1a: Volcanion
|-resisted|p1a: Volcanion
|-damage|p1a: Volcanion|93/100
|
|t:|1757827228
|switch|p2a: Malamar|Malamar, F|100/100|[from] U-turn
|-damage|p2a: Malamar|88/100|[from] Stealth Rock
|
|-heal|p2a: Malamar|94/100|[from] item: Leftovers
|upkeep
|turn|6
|
|t:|1757827235
|move|p2a: Malamar|Knock Off|p1a: Volcanion
|-damage|p1a: Volcanion|61/100
|-enditem|p1a: Volcanion|Choice Specs|[from] move: Knock Off|[of] p2a: Malamar
|move|p1a: Volcanion|Steam Eruption|p2a: Malamar
|-damage|p2a: Malamar|35/100
|
|-heal|p2a: Malamar|42/100|[from] item: Leftovers
|upkeep
|turn|7
|
|t:|1757827258
|move|p2a: Malamar|Psycho Cut|p1a: Volcanion
|-damage|p1a: Volcanion|41/100
|move|p1a: Volcanion|Steam Eruption|p2a: Malamar
|-damage|p2a: Malamar|0 fnt
|faint|p2a: Malamar
|
|upkeep
|
|t:|1757827269
|switch|p2a: Great Tusk|Great Tusk|100/100
|-damage|p2a: Great Tusk|98/100|[from] Stealth Rock
|turn|8
|
|t:|1757827275
|-terastallize|p2a: Great Tusk|Water
|move|p1a: Volcanion|Steam Eruption|p2a: Great Tusk
|-resisted|p2a: Great Tusk
|-damage|p2a: Great Tusk|46/100
|move|p2a: Great Tusk|Rapid Spin|p1a: Volcanion
|-damage|p1a: Volcanion|24/100
|-boost|p2a: Great Tusk|spe|1
|-sideend|p2: nittsu|Stealth Rock|[from] move: Rapid Spin|[of] p2a: Great Tusk
|
|upkeep
|turn|9
|
|t:|1757827282
|move|p2a: Great Tusk|Earthquake|p1a: Volcanion
|-supereffective|p1a: Volcanion
|-damage|p1a: Volcanion|0 fnt
|faint|p1a: Volcanion
|
|upkeep
|
|t:|1757827305
|switch|p1a: Zapdos|Zapdos-Galar|100/100
|turn|10
|
|t:|1757827315
|move|p2a: Great Tusk|Stealth Rock|p1a: Zapdos
|-sidestart|p1: flygonisdragon|move: Stealth Rock
|move|p1a: Zapdos|Brave Bird|p2a: Great Tusk
|-damage|p2a: Great Tusk|0 fnt
|-damage|p1a: Zapdos|84/100|[from] item: Rocky Helmet|[of] p2a: Great Tusk
|faint|p2a: Great Tusk
|-end|p2a: Great Tusk|Protosynthesis|[silent]
|-damage|p1a: Zapdos|67/100|[from] Recoil
|
|upkeep
|
|t:|1757827329
|switch|p2a: Pecharunt|Pecharunt|100/100
|turn|11
|
|t:|1757827336
|move|p1a: Zapdos|Brave Bird|p2a: Pecharunt
|-damage|p2a: Pecharunt|40/100
|-damage|p1a: Zapdos|45/100|[from] Recoil
|move|p2a: Pecharunt|Nasty Plot|p2a: Pecharunt
|-boost|p2a: Pecharunt|spa|2
|
|-heal|p2a: Pecharunt|46/100|[from] item: Leftovers
|upkeep
|turn|12
|-message|nittsu forfeited.
|
|win|flygonisdragon
|raw|flygonisdragon's rating: 1384 &rarr; <strong>1405</strong><br />(+21 for winning)
|raw|nittsu's rating: 1394 &rarr; <strong>1373</strong><br />(-21 for losing)
|l|☆nittsu
|player|p2|
