|j|☆best dark wall
|j|☆Joshua12343
|t:|1757860319
|gametype|singles
|player|p1|best dark wall|266|
|player|p2|Joshua12343|wallace|
|gen|9
|tier|[Gen 9] OU
|rule|HP Percentage Mod: HP is shown in percentages
|rule|Endless Battle Clause: Forcing endless battles is banned
|rule|Species Clause: Limit one of each Pokémon
|rule|OHKO Clause: OHKO moves are banned
|rule|Evasion Items Clause: Evasion items are banned
|rule|Evasion Moves Clause: Evasion moves are banned
|rule|Evasion Abilities Clause: Evasion abilities are banned
|rule|Sleep Moves Clause: Sleep-inducing moves are banned
|clearpoke
|poke|p1|Scizor, M|
|poke|p1|Dragapult, F|
|poke|p1|Kingambit, F|
|poke|p1|Samurott-Hisui, M|
|poke|p1|Gholdengo|
|poke|p1|Darkrai|
|poke|p2|Ninetales-Alola, M|
|poke|p2|Manaphy|
|poke|p2|Kyurem|
|poke|p2|Frosmoth, M|
|poke|p2|Kommo-o, M|
|poke|p2|Ogerpon-Wellspring, F|
|teampreview
|c|☆best dark wall|uh oh
|c|☆best dark wall|hlhf
|c|☆best dark wall|*glhf
|j| k7eenex
|
|t:|1757860462
|teamsize|p1|6
|teamsize|p2|6
|start
|switch|p1a: SCIZORS BEATS ROCK|Scizor, M|100/100
|switch|p2a: Ninetales|Ninetales-Alola, M|100/100
|-weather|Snowscape|[from] ability: Snow Warning|[of] p2a: Ninetales
|turn|1
|
|t:|1757860478
|switch|p2a: Manaphy|Manaphy|100/100
|move|p1a: SCIZORS BEATS ROCK|Bullet Punch|p2a: Manaphy
|-resisted|p2a: Manaphy
|-damage|p2a: Manaphy|85/100
|
|-weather|Snowscape|[upkeep]
|-heal|p2a: Manaphy|91/100|[from] item: Leftovers
|upkeep
|turn|2
|
|t:|1757860493
|switch|p1a: VANTABLACK VEIL|Darkrai|100/100
|move|p2a: Manaphy|Surf|p1a: VANTABLACK VEIL
|-damage|p1a: VANTABLACK VEIL|44/100
|
|-weather|Snowscape|[upkeep]
|-heal|p2a: Manaphy|97/100|[from] item: Leftovers
|upkeep
|turn|3
|
|t:|1757860512
|move|p1a: VANTABLACK VEIL|Dark Pulse|p2a: Manaphy
|-damage|p2a: Manaphy|52/100
|move|p2a: Manaphy|Surf|p1a: VANTABLACK VEIL
|-damage|p1a: VANTABLACK VEIL|0 fnt
|faint|p1a: VANTABLACK VEIL
|
|-weather|Snowscape|[upkeep]
|-heal|p2a: Manaphy|58/100|[from] item: Leftovers
|upkeep
|
|t:|1757860523
|switch|p1a: SLASH CUT SEAR|Samurott-Hisui, M|100/100
|turn|4
|
|t:|1757860549
|move|p2a: Manaphy|Energy Ball|p1a: SLASH CUT SEAR
|-supereffective|p1a: SLASH CUT SEAR
|-damage|p1a: SLASH CUT SEAR|61/100
|move|p1a: SLASH CUT SEAR|Ceaseless Edge|p2a: Manaphy
|-crit|p2a: Manaphy
|-damage|p2a: Manaphy|0 fnt
|-sidestart|p2: Joshua12343|Spikes
|faint|p2a: Manaphy
|
|-weather|Snowscape|[upkeep]
|upkeep
|c|☆best dark wall|i forgot you hate setting up
|
|t:|1757860566
|switch|p2a: Ninetales|Ninetales-Alola, M|100/100
|-damage|p2a: Ninetales|88/100|[from] Spikes
|turn|5
|
|t:|1757860571
|switch|p1a: SCIZORS BEATS ROCK|Scizor, M|100/100
|move|p2a: Ninetales|Aurora Veil|p2a: Ninetales
|-sidestart|p2: Joshua12343|move: Aurora Veil
|
|-weather|none
|upkeep
|turn|6
|c|☆best dark wall|surely that's tg mana
|
|t:|1757860604
|switch|p2a: Kommo-o|Kommo-o, M|100/100
|-damage|p2a: Kommo-o|88/100|[from] Spikes
|move|p1a: SCIZORS BEATS ROCK|Defog|p2a: Kommo-o
|-unboost|p2a: Kommo-o|evasion|1
|-sideend|p2: Joshua12343|move: Aurora Veil
|-sideend|p2: Joshua12343|Spikes|[from] move: Defog|[of] p1a: SCIZORS BEATS ROCK
|
|upkeep
|turn|7
|j| Cobble59
|
|t:|1757860672
|move|p2a: Kommo-o|Clangorous Soul|p2a: Kommo-o
|-boost|p2a: Kommo-o|atk|1
|-boost|p2a: Kommo-o|def|1
|-boost|p2a: Kommo-o|spa|1
|-boost|p2a: Kommo-o|spd|1
|-boost|p2a: Kommo-o|spe|1
|-damage|p2a: Kommo-o|55/100
|-enditem|p2a: Kommo-o|Throat Spray
|-boost|p2a: Kommo-o|spa|1|[from] item: Throat Spray
|move|p1a: SCIZORS BEATS ROCK|U-turn|p2a: Kommo-o
|-resisted|p2a: Kommo-o
|-damage|p2a: Kommo-o|43/100
|c|☆best dark wall|shit
|
|t:|1757860686
|switch|p1a: BRASH BANDIT|Kingambit, F|100/100|[from] U-turn
|-activate|p1a: BRASH BANDIT|ability: Supreme Overlord
|-start|p1a: BRASH BANDIT|fallen1|[silent]
|
|upkeep
|turn|8
|
|t:|1757860696
|-terastallize|p1a: BRASH BANDIT|Fairy
|move|p2a: Kommo-o|Flamethrower|p1a: BRASH BANDIT
|-damage|p1a: BRASH BANDIT|54/100
|move|p1a: BRASH BANDIT|Tera Blast|p2a: Kommo-o|[anim] Tera Blast Fairy
|-supereffective|p2a: Kommo-o
|-damage|p2a: Kommo-o|0 fnt
|faint|p2a: Kommo-o
|
|-heal|p1a: BRASH BANDIT|60/100|[from] item: Leftovers
|upkeep
|
|t:|1757860721
|switch|p2a: Ninetales|Ninetales-Alola, M|88/100
|-weather|Snowscape|[from] ability: Snow Warning|[of] p2a: Ninetales
|turn|9
|
|t:|1757860727
|-end|p1a: BRASH BANDIT|fallen1|[silent]
|switch|p1a: SCIZORS BEATS ROCK|Scizor, M|100/100
|move|p2a: Ninetales|Aurora Veil|p2a: Ninetales
|-sidestart|p2: Joshua12343|move: Aurora Veil
|
|-weather|Snowscape|[upkeep]
|upkeep
|turn|10
|
|t:|1757860858
|switch|p2a: Ogerpon|Ogerpon-Wellspring, F|100/100
|move|p1a: SCIZORS BEATS ROCK|Defog|p2a: Ogerpon
|-unboost|p2a: Ogerpon|evasion|1
|-sideend|p2: Joshua12343|move: Aurora Veil
|
|-weather|Snowscape|[upkeep]
|upkeep
|turn|11
|
|t:|1757860935
|move|p2a: Ogerpon|Ivy Cudgel|p1a: SCIZORS BEATS ROCK|[anim] Ivy Cudgel Water
|-damage|p1a: SCIZORS BEATS ROCK|42/100
|-enditem|p1a: SCIZORS BEATS ROCK|Sitrus Berry|[eat]
|-heal|p1a: SCIZORS BEATS ROCK|66/100|[from] item: Sitrus Berry
|move|p1a: SCIZORS BEATS ROCK|U-turn|p2a: Ogerpon
|-supereffective|p2a: Ogerpon
|-damage|p2a: Ogerpon|4/100
|
|t:|1757860953
|switch|p1a: DRAGGING IT|Dragapult, F|100/100|[from] U-turn
|
|-weather|Snowscape|[upkeep]
|upkeep
|turn|12
|j| Zestial_SK
|
|t:|1757861019
|move|p1a: DRAGGING IT|Quick Attack|p2a: Ogerpon
|-damage|p2a: Ogerpon|0 fnt
|faint|p2a: Ogerpon
|
|-weather|Snowscape|[upkeep]
|upkeep
|
|t:|1757861081
|switch|p2a: Kyurem|Kyurem|100/100
|-ability|p2a: Kyurem|Pressure
|turn|13
|
|t:|1757861086
|switch|p1a: SLASH CUT SEAR|Samurott-Hisui, M|61/100
|move|p2a: Kyurem|Dragon Dance|p2a: Kyurem
|-boost|p2a: Kyurem|atk|1
|-boost|p2a: Kyurem|spe|1
|
|-weather|none
|upkeep
|turn|14
|
|t:|1757861144
|move|p2a: Kyurem|Scale Shot|p1a: SLASH CUT SEAR
|-damage|p1a: SLASH CUT SEAR|40/100
|-damage|p1a: SLASH CUT SEAR|21/100
|-damage|p1a: SLASH CUT SEAR|0 fnt
|faint|p1a: SLASH CUT SEAR
|-hitcount|p1: SLASH CUT SEAR|3
|-unboost|p2a: Kyurem|def|1
|-boost|p2a: Kyurem|spe|1
|
|upkeep
|l| Cobble59
|
|t:|1757861182
|switch|p1a: KING OF EARTH|Gholdengo|100/100
|turn|15
|
|t:|1757861193
|-terastallize|p2a: Kyurem|Fire
|move|p2a: Kyurem|Tera Blast|p1a: KING OF EARTH|[anim] Tera Blast Fire
|-supereffective|p1a: KING OF EARTH
|-enditem|p1a: KING OF EARTH|Occa Berry|[eat]
|-enditem|p1a: KING OF EARTH|Occa Berry|[weaken]
|-damage|p1a: KING OF EARTH|53/100
|move|p1a: KING OF EARTH|Thunder Wave|p2a: Kyurem
|-status|p2a: Kyurem|par
|
|upkeep
|turn|16
|c|☆best dark wall|goobed
|c|☆Joshua12343|ah
|c|☆best dark wall|if im goated ur ada and im max speed
|inactive|Battle timer is ON: inactive players will automatically lose when time's up. (requested by best dark wall)
|inactive|Joshua12343 has 270 seconds left.
|inactive|Joshua12343 has 240 seconds left.
|inactive|Joshua12343 has 210 seconds left.
|
|t:|1757861423
|move|p2a: Kyurem|Dragon Dance|p2a: Kyurem
|-boost|p2a: Kyurem|atk|1
|-boost|p2a: Kyurem|spe|1
|move|p1a: KING OF EARTH|Hex|p2a: Kyurem
|-damage|p2a: Kyurem|51/100 par
|
|upkeep
|turn|17
|
|t:|1757861432
|cant|p2a: Kyurem|par
|move|p1a: KING OF EARTH|Hex|p2a: Kyurem
|-damage|p2a: Kyurem|0 fnt
|faint|p2a: Kyurem
|
|upkeep
|c|☆best dark wall|never greed
|inactive|Joshua12343 has 270 seconds left.
|c|☆best dark wall|greed is a sin for a reason
|inactive|Joshua12343 has 240 seconds left.
|inactive|Joshua12343 has 210 seconds left.
|
|t:|1757861511
|switch|p2a: Frosmoth|Frosmoth, M|100/100
|turn|18
|
|t:|1757861521
|move|p1a: KING OF EARTH|Make It Rain|p2a: Frosmoth
|-supereffective|p2a: Frosmoth
|-damage|p2a: Frosmoth|47/100
|-unboost|p1a: KING OF EARTH|spa|1
|move|p2a: Frosmoth|Quiver Dance|p2a: Frosmoth
|-boost|p2a: Frosmoth|spa|1
|-boost|p2a: Frosmoth|spd|1
|-boost|p2a: Frosmoth|spe|1
|
|upkeep
|turn|19
|inactive|Joshua12343 has 210 seconds left.
|
|t:|1757861536
|switch|p1a: SCIZORS BEATS ROCK|Scizor, M|66/100
|move|p2a: Frosmoth|Substitute|p2a: Frosmoth
|-start|p2a: Frosmoth|Substitute
|-damage|p2a: Frosmoth|22/100
|
|upkeep
|turn|20
|inactive|Joshua12343 has 210 seconds left.
|c|☆Joshua12343|new win con just dropped
|c|☆Joshua12343|Watch this
|
|t:|1757861558
|move|p1a: SCIZORS BEATS ROCK|Bullet Punch|p2a: Frosmoth
|-supereffective|p2a: Frosmoth
|-end|p2a: Frosmoth|Substitute
|move|p2a: Frosmoth|Ice Beam|p1a: SCIZORS BEATS ROCK
|-resisted|p1a: SCIZORS BEATS ROCK
|-damage|p1a: SCIZORS BEATS ROCK|31/100
|
|upkeep
|turn|21
|c|☆Joshua12343|fuck
|c|☆best dark wall|was the wincon "freeze"
|
|t:|1757861573
|move|p1a: SCIZORS BEATS ROCK|Bullet Punch|p2a: Frosmoth
|-supereffective|p2a: Frosmoth
|-damage|p2a: Frosmoth|0 fnt
|faint|p2a: Frosmoth
|
|upkeep
|
|t:|1757861574
|switch|p2a: Ninetales|Ninetales-Alola, M|88/100
|-weather|Snowscape|[from] ability: Snow Warning|[of] p2a: Ninetales
|turn|22
|c|☆Joshua12343|yeah
|c|☆best dark wall|sub moth is so greedy
|c|☆best dark wall|so is a team where 5/6 lose to scizor
|
|t:|1757861594
|move|p1a: SCIZORS BEATS ROCK|Bullet Punch|p2a: Ninetales
|-supereffective|p2a: Ninetales
|-damage|p2a: Ninetales|0 fnt
|faint|p2a: Ninetales
|
|win|best dark wall
|c|☆best dark wall|ggwp
|c|☆best dark wall|shoutout MIRROR HERB DARKRAI for swapping in on a presumably tail glow manaphy and eating a surf
