|badge|p1|bronze|gen9uu|100-6
|uhtml|medal-msg|<div class="broadcast-blue">Curious what those medals under the avatar are? PS now has Ladder Seasons! For more information, check out the <a href="https://www.smogon.com/forums/threads/3740067/">thread on Smogon.</a></div>
|j|☆OceanicGamer3
|j|☆zastra
|t:|1757861952
|gametype|singles
|player|p1|OceanicGamer3|bugsy|
|player|p2|zastra|#pmplivdachsbuns|
|gen|9
|tier|[Gen 9] OU
|rule|HP Percentage Mod: HP is shown in percentages
|rule|Endless Battle Clause: Forcing endless battles is banned
|rule|Species Clause: Limit one of each Pokémon
|rule|OHKO Clause: OHKO moves are banned
|rule|Evasion Items Clause: Evasion items are banned
|rule|Evasion Moves Clause: Evasion moves are banned
|rule|Evasion Abilities Clause: Evasion abilities are banned
|rule|Sleep Moves Clause: Sleep-inducing moves are banned
|clearpoke
|poke|p1|Deoxys-Speed|
|poke|p1|Zamazenta-*|
|poke|p1|Moltres-Galar|
|poke|p1|Scizor, M|
|poke|p1|Latias, F|
|poke|p1|Minior-Blue|
|poke|p2|Samurott-Hisui, M|
|poke|p2|Glimmora, F|
|poke|p2|Ninetales-Alola, F|
|poke|p2|Ogerpon-Wellspring, F|
|poke|p2|Latios, M|
|poke|p2|Manaphy|
|teampreview
|inactive|Battle timer is ON: inactive players will automatically lose when time's up. (requested by OceanicGamer3)
|c|☆OceanicGamer3|ew ho
|c|☆zastra|lmao
|c|☆zastra|hf
|
|t:|1757861974
|teamsize|p1|6
|teamsize|p2|6
|start
|switch|p1a: Deoxys|Deoxys-Speed|100/100
|switch|p2a: Samurott|Samurott-Hisui, M|100/100
|-ability|p1a: Deoxys|Pressure
|turn|1
|j|+a fairy
|c|☆OceanicGamer3|u2!
|
|t:|1757861990
|move|p1a: Deoxys|Stealth Rock|p2a: Samurott
|-sidestart|p2: zastra|move: Stealth Rock
|move|p2a: Samurott|Ceaseless Edge|p1a: Deoxys
|-supereffective|p1a: Deoxys
|-enditem|p1a: Deoxys|Focus Sash
|-damage|p1a: Deoxys|1/100
|-sidestart|p1: OceanicGamer3|Spikes
|
|upkeep
|turn|2
|c|☆zastra|im tera ghost
|
|t:|1757862004
|move|p1a: Deoxys|Spikes|p2a: Samurott
|-sidestart|p2: zastra|Spikes
|move|p2a: Samurott|Ceaseless Edge|p1a: Deoxys|[miss]
|-miss|p2a: Samurott|p1a: Deoxys
|
|upkeep
|turn|3
|
|t:|1757862007
|move|p1a: Deoxys|Spikes|p2a: Samurott
|-sidestart|p2: zastra|Spikes
|move|p2a: Samurott|Ceaseless Edge|p1a: Deoxys
|-supereffective|p1a: Deoxys
|-damage|p1a: Deoxys|0 fnt
|-sidestart|p1: OceanicGamer3|Spikes
|faint|p1a: Deoxys
|
|upkeep
|
|t:|1757862035
|switch|p1a: Zamazenta|Zamazenta|100/100
|-damage|p1a: Zamazenta|84/100|[from] Spikes
|-ability|p1a: Zamazenta|Dauntless Shield|boost
|-boost|p1a: Zamazenta|def|1
|turn|4
|
|t:|1757862057
|move|p2a: Samurott|Ceaseless Edge|p1a: Zamazenta
|-resisted|p1a: Zamazenta
|-damage|p1a: Zamazenta|71/100
|-sidestart|p1: OceanicGamer3|Spikes
|move|p1a: Zamazenta|Crunch|p2a: Samurott
|-resisted|p2a: Samurott
|-damage|p2a: Samurott|80/100
|-damage|p1a: Zamazenta|61/100|[from] item: Life Orb
|
|upkeep
|turn|5
|c|☆OceanicGamer3|nice
|c|☆OceanicGamer3|oh
|c|☆OceanicGamer3|lol
|
|t:|1757862072
|switch|p2a: Latios|Latios, M|100/100
|-damage|p2a: Latios|88/100|[from] Stealth Rock
|move|p1a: Zamazenta|Close Combat|p2a: Latios
|-resisted|p2a: Latios
|-damage|p2a: Latios|39/100
|-unboost|p1a: Zamazenta|def|1
|-unboost|p1a: Zamazenta|spd|1
|-damage|p1a: Zamazenta|51/100|[from] item: Life Orb
|
|upkeep
|turn|6
|c|☆zastra|scarf
|inactive|zastra has 270 seconds left.
|
|t:|1757862090
|move|p1a: Zamazenta|Crunch|p2a: Latios
|-supereffective|p2a: Latios
|-damage|p2a: Latios|0 fnt
|faint|p2a: Latios
|-damage|p1a: Zamazenta|41/100|[from] item: Life Orb
|
|upkeep
|inactive|zastra has 270 seconds left.
|c|☆OceanicGamer3|i was about to say if this was scarf
|
|t:|1757862112
|switch|p2a: Glimmora|Glimmora, F|100/100
|-damage|p2a: Glimmora|88/100|[from] Stealth Rock
|-damage|p2a: Glimmora|72/100|[from] Spikes
|turn|7
|
|t:|1757862117
|-terastallize|p2a: Glimmora|Fairy
|move|p1a: Zamazenta|Heavy Slam|p2a: Glimmora
|-supereffective|p2a: Glimmora
|-damage|p2a: Glimmora|0 fnt
|-activate|p2a: Glimmora|ability: Toxic Debris
|-sidestart|p1: OceanicGamer3|move: Toxic Spikes
|faint|p2a: Glimmora
|-damage|p1a: Zamazenta|31/100|[from] item: Life Orb
|
|upkeep
|c|☆zastra|damn i got owned
|
|t:|1757862126
|switch|p2a: Samurott|Samurott-Hisui, M|80/100
|-damage|p2a: Samurott|68/100|[from] Stealth Rock
|-damage|p2a: Samurott|51/100|[from] Spikes
|turn|8
|c|☆OceanicGamer3|sob
|
|t:|1757862130
|move|p2a: Samurott|Razor Shell|p1a: Zamazenta
|-damage|p1a: Zamazenta|0 fnt
|faint|p1a: Zamazenta
|
|upkeep
|
|t:|1757862143
|switch|p1a: Latias|Latias, F|100/100
|turn|9
|inactive|zastra has 270 seconds left.
|
|t:|1757862171
|switch|p2a: Ninetales|Ninetales-Alola, F|100/100
|-damage|p2a: Ninetales|76/100|[from] Stealth Rock
|-damage|p2a: Ninetales|59/100|[from] Spikes
|-weather|Snowscape|[from] ability: Snow Warning|[of] p2a: Ninetales
|move|p1a: Latias|Calm Mind|p1a: Latias
|-boost|p1a: Latias|spa|1
|-boost|p1a: Latias|spd|1
|
|-weather|Snowscape|[upkeep]
|upkeep
|turn|10
|
|t:|1757862175
|move|p2a: Ninetales|Encore|p1a: Latias
|-start|p1a: Latias|Encore
|move|p1a: Latias|Calm Mind|p1a: Latias
|-boost|p1a: Latias|spa|1
|-boost|p1a: Latias|spd|1
|
|-weather|Snowscape|[upkeep]
|upkeep
|turn|11
|
|t:|1757862188
|switch|p1a: Scizor|Scizor, M|100/100
|-damage|p1a: Scizor|76/100|[from] Spikes
|move|p2a: Ninetales|Aurora Veil|p2a: Ninetales
|-sidestart|p2: zastra|move: Aurora Veil
|
|-weather|Snowscape|[upkeep]
|upkeep
|turn|12
|
|t:|1757862205
|switch|p2a: Manaphy|Manaphy|100/100
|-damage|p2a: Manaphy|88/100|[from] Stealth Rock
|-damage|p2a: Manaphy|72/100|[from] Spikes
|move|p1a: Scizor|Close Combat|p2a: Manaphy
|-damage|p2a: Manaphy|42/100
|-unboost|p1a: Scizor|def|1
|-unboost|p1a: Scizor|spd|1
|-damage|p1a: Scizor|66/100|[from] item: Life Orb
|
|-weather|Snowscape|[upkeep]
|-heal|p2a: Manaphy|48/100|[from] item: Leftovers
|upkeep
|turn|13
|
|t:|1757862211
|switch|p1a: Latias|Latias, F|100/100
|move|p2a: Manaphy|Surf|p1a: Latias
|-resisted|p1a: Latias
|-damage|p1a: Latias|85/100
|
|-weather|none
|-heal|p2a: Manaphy|54/100|[from] item: Leftovers
|upkeep
|turn|14
|
|t:|1757862218
|move|p2a: Manaphy|Tail Glow|p2a: Manaphy
|-boost|p2a: Manaphy|spa|3
|move|p1a: Latias|Agility|p1a: Latias
|-boost|p1a: Latias|spe|2
|
|-heal|p2a: Manaphy|60/100|[from] item: Leftovers
|upkeep
|turn|15
|
|t:|1757862228
|move|p1a: Latias|Calm Mind|p1a: Latias
|-boost|p1a: Latias|spa|1
|-boost|p1a: Latias|spd|1
|move|p2a: Manaphy|Alluring Voice|p1a: Latias
|-supereffective|p1a: Latias
|-damage|p1a: Latias|29/100
|-start|p1a: Latias|confusion
|-enditem|p1a: Latias|Weakness Policy
|-boost|p1a: Latias|atk|2|[from] item: Weakness Policy
|-boost|p1a: Latias|spa|2|[from] item: Weakness Policy
|
|-heal|p2a: Manaphy|66/100|[from] item: Leftovers
|upkeep
|turn|16
|c|☆zastra|boy
|c|☆OceanicGamer3|lati please
|c|☆OceanicGamer3|i love you lati
|c|☆OceanicGamer3|now tell me you love me
|
|t:|1757862245
|-activate|p1a: Latias|confusion
|move|p1a: Latias|Stored Power|p2a: Manaphy
|-damage|p2a: Manaphy|0 fnt
|faint|p2a: Manaphy
|
|upkeep
|
|t:|1757862250
|switch|p2a: Samurott|Samurott-Hisui, M|51/100
|-damage|p2a: Samurott|39/100|[from] Stealth Rock
|-damage|p2a: Samurott|22/100|[from] Spikes
|turn|17
|
|t:|1757862255
|-activate|p1a: Latias|confusion
|move|p1a: Latias|Aura Sphere|p2a: Samurott
|-supereffective|p2a: Samurott
|-damage|p2a: Samurott|0 fnt
|faint|p2a: Samurott
|
|upkeep
|
|t:|1757862259
|switch|p2a: Ogerpon|Ogerpon-Wellspring, F|100/100
|-damage|p2a: Ogerpon|88/100|[from] Stealth Rock
|-damage|p2a: Ogerpon|72/100|[from] Spikes
|turn|18
|c|☆zastra|confusion
|c|☆zastra|now
|
|t:|1757862273
|-activate|p1a: Latias|confusion
|move|p1a: Latias|Stored Power|p2a: Ogerpon
|-damage|p2a: Ogerpon|0 fnt
|faint|p2a: Ogerpon
|
|-sideend|p2: zastra|move: Aurora Veil
|upkeep
|c|☆OceanicGamer3|no!
|c|☆zastra|boy
|
|t:|1757862278
|switch|p2a: Ninetales|Ninetales-Alola, F|59/100
|-damage|p2a: Ninetales|34/100|[from] Stealth Rock
|-damage|p2a: Ninetales|18/100|[from] Spikes
|-weather|Snowscape|[from] ability: Snow Warning|[of] p2a: Ninetales
|turn|19
|c|☆zastra|gg
|-message|zastra forfeited.
|
|win|OceanicGamer3
|c|☆OceanicGamer3|i hate this mon so much when i figh tit
|c|☆OceanicGamer3|gg!
|l|+a fairy
|c|☆zastra|fr LOL
|l|☆zastra
|player|p2|
