|j|☆dustyfungus
|j|☆LovingsBoringPupil
|t:|1757962845
|gametype|singles
|player|p1|dustyfungus|101|1114
|player|p2|LovingsBoringPupil|170|1126
|gen|9
|tier|[Gen 9] OU
|rated|
|rule|HP Percentage Mod: HP is shown in percentages
|rule|Endless Battle Clause: Forcing endless battles is banned
|rule|Species Clause: Limit one of each Pokémon
|rule|OHKO Clause: OHKO moves are banned
|rule|Evasion Items Clause: Evasion items are banned
|rule|Evasion Moves Clause: Evasion moves are banned
|rule|Evasion Abilities Clause: Evasion abilities are banned
|rule|Sleep Moves Clause: Sleep-inducing moves are banned
|clearpoke
|poke|p1|Polteageist|
|poke|p1|Maushold-Four|
|poke|p1|Wo-Chien|
|poke|p1|Garganacl, M|
|poke|p1|Ditto|
|poke|p1|Pawmot, F|
|poke|p2|Dondozo, F|
|poke|p2|Blissey, F|
|poke|p2|Corviknight, M|
|poke|p2|Weezing-Galar, F|
|poke|p2|Gliscor, M|
|poke|p2|Toxapex, F|
|teampreview
|inactive|Battle timer is ON: inactive players will automatically lose when time's up. (requested by LovingsBoringPupil)
|
|t:|1757962872
|teamsize|p1|6
|teamsize|p2|6
|start
|switch|p1a: Polteageist|Polteageist|100/100
|switch|p2a: Gliscor|Gliscor, M|100/100
|turn|1
|
|t:|1757962879
|move|p1a: Polteageist|Shell Smash|p1a: Polteageist
|-unboost|p1a: Polteageist|def|1
|-unboost|p1a: Polteageist|spd|1
|-boost|p1a: Polteageist|atk|2
|-boost|p1a: Polteageist|spa|2
|-boost|p1a: Polteageist|spe|2
|move|p2a: Gliscor|Knock Off|p1a: Polteageist
|-supereffective|p1a: Polteageist
|-enditem|p1a: Polteageist|Focus Sash
|-damage|p1a: Polteageist|1/100
|-ability|p1a: Polteageist|Weak Armor|boost
|-unboost|p1a: Polteageist|def|1
|-boost|p1a: Polteageist|spe|2
|
|-status|p2a: Gliscor|tox|[from] item: Toxic Orb
|upkeep
|turn|2
|
|t:|1757962897
|move|p2a: Gliscor|Protect|p2a: Gliscor
|-singleturn|p2a: Gliscor|Protect
|move|p1a: Polteageist|Stored Power|p2a: Gliscor
|-activate|p2a: Gliscor|move: Protect
|
|upkeep
|turn|3
|
|t:|1757962906
|move|p1a: Polteageist|Stored Power|p2a: Gliscor
|-damage|p2a: Gliscor|0 fnt
|faint|p2a: Gliscor
|
|upkeep
|
|t:|1757962911
|switch|p2a: Blissey|Blissey, F|100/100
|turn|4
|
|t:|1757962919
|move|p1a: Polteageist|Stored Power|p2a: Blissey
|-damage|p2a: Blissey|63/100
|move|p2a: Blissey|Stealth Rock|p1a: Polteageist
|-sidestart|p1: dustyfungus|move: Stealth Rock
|
|-heal|p2a: Blissey|70/100|[from] item: Leftovers
|upkeep
|turn|5
|
|t:|1757962929
|move|p1a: Polteageist|Stored Power|p2a: Blissey
|-damage|p2a: Blissey|34/100
|move|p2a: Blissey|Soft-Boiled|p2a: Blissey
|-heal|p2a: Blissey|84/100
|
|-heal|p2a: Blissey|90/100|[from] item: Leftovers
|upkeep
|turn|6
|
|t:|1757962937
|move|p1a: Polteageist|Stored Power|p2a: Blissey
|-damage|p2a: Blissey|50/100
|move|p2a: Blissey|Calm Mind|p2a: Blissey
|-boost|p2a: Blissey|spa|1
|-boost|p2a: Blissey|spd|1
|
|-heal|p2a: Blissey|57/100|[from] item: Leftovers
|upkeep
|turn|7
|
|t:|1757962951
|move|p1a: Polteageist|Shell Smash|p1a: Polteageist
|-unboost|p1a: Polteageist|def|1
|-unboost|p1a: Polteageist|spd|1
|-boost|p1a: Polteageist|atk|2
|-boost|p1a: Polteageist|spa|2
|-boost|p1a: Polteageist|spe|2
|move|p2a: Blissey|Soft-Boiled|p2a: Blissey
|-heal|p2a: Blissey|100/100
|
|upkeep
|turn|8
|
|t:|1757962963
|move|p1a: Polteageist|Stored Power|p2a: Blissey
|-damage|p2a: Blissey|41/100
|move|p2a: Blissey|Calm Mind|p2a: Blissey
|-boost|p2a: Blissey|spa|1
|-boost|p2a: Blissey|spd|1
|
|-heal|p2a: Blissey|47/100|[from] item: Leftovers
|upkeep
|turn|9
|
|t:|1757962974
|move|p1a: Polteageist|Stored Power|p2a: Blissey
|-damage|p2a: Blissey|1/100
|move|p2a: Blissey|Soft-Boiled|p2a: Blissey
|-heal|p2a: Blissey|51/100
|
|-heal|p2a: Blissey|58/100|[from] item: Leftovers
|upkeep
|turn|10
|
|t:|1757962984
|-terastallize|p2a: Blissey|Dark
|move|p1a: Polteageist|Stored Power|p2a: Blissey
|-immune|p2a: Blissey
|move|p2a: Blissey|Soft-Boiled|p2a: Blissey
|-heal|p2a: Blissey|100/100
|
|upkeep
|turn|11
|
|t:|1757963001
|move|p1a: Polteageist|Dark Pulse|p2a: Blissey
|-resisted|p2a: Blissey
|-crit|p2a: Blissey
|-damage|p2a: Blissey|80/100
|move|p2a: Blissey|Calm Mind|p2a: Blissey
|-boost|p2a: Blissey|spa|1
|-boost|p2a: Blissey|spd|1
|
|-heal|p2a: Blissey|86/100|[from] item: Leftovers
|upkeep
|turn|12
|
|t:|1757963014
|-terastallize|p1a: Polteageist|Ghost
|move|p1a: Polteageist|Tera Blast|p2a: Blissey|[anim] Tera Blast Ghost
|-resisted|p2a: Blissey
|-damage|p2a: Blissey|75/100
|move|p2a: Blissey|Calm Mind|p2a: Blissey
|-boost|p2a: Blissey|spa|1
|-boost|p2a: Blissey|spd|1
|
|-heal|p2a: Blissey|82/100|[from] item: Leftovers
|upkeep
|turn|13
|
|t:|1757963028
|move|p1a: Polteageist|Stored Power|p2a: Blissey
|-immune|p2a: Blissey
|move|p2a: Blissey|Seismic Toss|p1a: Polteageist
|-immune|p1a: Polteageist
|
|-heal|p2a: Blissey|88/100|[from] item: Leftovers
|upkeep
|turn|14
|-message|dustyfungus forfeited.
|
|win|LovingsBoringPupil
|raw|dustyfungus's rating: 1114 &rarr; <strong>1090</strong><br />(-24 for losing)
|raw|LovingsBoringPupil's rating: 1126 &rarr; <strong>1150</strong><br />(+24 for winning)
|l|☆dustyfungus
|player|p1|
