|j|☆leo-oz
|j|☆GauMongStyle
|t:|1757839842
|gametype|singles
|player|p1|leo-oz|red|1316
|player|p2|GauMongStyle|266|1401
|gen|9
|tier|[Gen 9] OU
|rated|
|rule|HP Percentage Mod: HP is shown in percentages
|rule|Endless Battle Clause: Forcing endless battles is banned
|rule|Species Clause: Limit one of each Pokémon
|rule|OHKO Clause: OHKO moves are banned
|rule|Evasion Items Clause: Evasion items are banned
|rule|Evasion Moves Clause: Evasion moves are banned
|rule|Evasion Abilities Clause: Evasion abilities are banned
|rule|Sleep Moves Clause: Sleep-inducing moves are banned
|clearpoke
|poke|p1|Deoxys-Speed|
|poke|p1|Iron Moth|
|poke|p1|Kingambit, F|
|poke|p1|Ting-Lu|
|poke|p1|Chansey, F|
|poke|p1|Zamazenta-*|
|poke|p2|Latios, M|
|poke|p2|Tinkaton, F|
|poke|p2|Donphan, M|
|poke|p2|Rotom-Wash|
|poke|p2|Zarude|
|poke|p2|Zapdos-Galar|
|teampreview
|inactive|Battle timer is ON: inactive players will automatically lose when time's up. (requested by GauMongStyle)
|
|t:|1757839856
|teamsize|p1|6
|teamsize|p2|6
|start
|switch|p1a: Deoxys|Deoxys-Speed|100/100
|switch|p2a: Tinkaton|Tinkaton, F|100/100
|-ability|p1a: Deoxys|Pressure
|turn|1
|
|t:|1757839872
|switch|p1a: Ting-Lu|Ting-Lu|100/100
|-ability|p1a: Ting-Lu|Vessel of Ruin
|move|p2a: Tinkaton|Knock Off|p1a: Ting-Lu
|-resisted|p1a: Ting-Lu
|-damage|p1a: Ting-Lu|96/100
|-enditem|p1a: Ting-Lu|Leftovers|[from] move: Knock Off|[of] p2a: Tinkaton
|
|upkeep
|turn|2
|
|t:|1757839875
|move|p2a: Tinkaton|Stealth Rock|p1a: Ting-Lu
|-sidestart|p1: leo-oz|move: Stealth Rock
|move|p1a: Ting-Lu|Stealth Rock|p2a: Tinkaton
|-sidestart|p2: GauMongStyle|move: Stealth Rock
|
|upkeep
|turn|3
|
|t:|1757839880
|move|p2a: Tinkaton|Encore|p1a: Ting-Lu
|-start|p1a: Ting-Lu|Encore
|move|p1a: Ting-Lu|Stealth Rock||[still]
|-fail|p1a: Ting-Lu
|
|upkeep
|turn|4
|
|t:|1757839889
|switch|p1a: Iron Moth|Iron Moth|100/100
|-damage|p1a: Iron Moth|76/100|[from] Stealth Rock
|-enditem|p1a: Iron Moth|Booster Energy
|-activate|p1a: Iron Moth|ability: Quark Drive|[fromitem]
|-start|p1a: Iron Moth|quarkdrivespa
|move|p2a: Tinkaton|Knock Off|p1a: Iron Moth
|-damage|p1a: Iron Moth|53/100
|
|upkeep
|turn|5
|
|t:|1757839893
|move|p1a: Iron Moth|Fiery Dance|p2a: Tinkaton
|-supereffective|p2a: Tinkaton
|-damage|p2a: Tinkaton|5/100
|-boost|p1a: Iron Moth|spa|1
|move|p2a: Tinkaton|Encore|p1a: Iron Moth
|-start|p1a: Iron Moth|Encore
|
|-heal|p2a: Tinkaton|11/100|[from] item: Leftovers
|upkeep
|turn|6
|
|t:|1757839900
|move|p1a: Iron Moth|Fiery Dance|p2a: Tinkaton
|-supereffective|p2a: Tinkaton
|-damage|p2a: Tinkaton|0 fnt
|-boost|p1a: Iron Moth|spa|1
|faint|p2a: Tinkaton
|
|upkeep
|
|t:|1757839902
|switch|p2a: Rotom|Rotom-Wash|100/100
|-damage|p2a: Rotom|88/100|[from] Stealth Rock
|turn|7
|
|t:|1757839910
|move|p1a: Iron Moth|Fiery Dance|p2a: Rotom
|-resisted|p2a: Rotom
|-damage|p2a: Rotom|45/100
|-boost|p1a: Iron Moth|spa|1
|move|p2a: Rotom|Thunder Wave|p1a: Iron Moth|[miss]
|-miss|p2a: Rotom|p1a: Iron Moth
|
|-heal|p2a: Rotom|51/100|[from] item: Leftovers
|upkeep
|turn|8
|
|t:|1757839917
|move|p1a: Iron Moth|Fiery Dance|p2a: Rotom
|-resisted|p2a: Rotom
|-damage|p2a: Rotom|0 fnt
|faint|p2a: Rotom
|
|-end|p1a: Iron Moth|Encore
|upkeep
|
|t:|1757839919
|switch|p2a: Zapdos|Zapdos-Galar|100/100
|-damage|p2a: Zapdos|88/100|[from] Stealth Rock
|turn|9
|
|t:|1757839934
|move|p2a: Zapdos|Brave Bird|p1a: Iron Moth
|-damage|p1a: Iron Moth|0 fnt
|faint|p1a: Iron Moth
|-end|p1a: Iron Moth|Quark Drive|[silent]
|-damage|p2a: Zapdos|72/100|[from] Recoil
|
|upkeep
|inactive|leo-oz has 120 seconds left.
|
|t:|1757839969
|switch|p1a: Kingambit|Kingambit, F|100/100
|-activate|p1a: Kingambit|ability: Supreme Overlord
|-start|p1a: Kingambit|fallen1|[silent]
|turn|10
|
|t:|1757839975
|switch|p2a: Donphan|Donphan, M|100/100
|-damage|p2a: Donphan|94/100|[from] Stealth Rock
|move|p1a: Kingambit|Swords Dance|p1a: Kingambit
|-boost|p1a: Kingambit|atk|2
|
|-heal|p2a: Donphan|100/100|[from] item: Leftovers
|upkeep
|turn|11
|inactive|leo-oz has 120 seconds left.
|
|t:|1757839988
|move|p2a: Donphan|Earthquake|p1a: Kingambit
|-supereffective|p1a: Kingambit
|-damage|p1a: Kingambit|35/100
|move|p1a: Kingambit|Iron Head|p2a: Donphan
|-damage|p2a: Donphan|20/100
|
|-heal|p2a: Donphan|26/100|[from] item: Leftovers
|upkeep
|turn|12
|
|t:|1757839993
|move|p2a: Donphan|Ice Shard|p1a: Kingambit
|-resisted|p1a: Kingambit
|-damage|p1a: Kingambit|30/100
|move|p1a: Kingambit|Sucker Punch||[still]
|-fail|p1a: Kingambit
|
|-heal|p2a: Donphan|32/100|[from] item: Leftovers
|upkeep
|turn|13
|
|t:|1757839996
|move|p2a: Donphan|Ice Shard|p1a: Kingambit
|-resisted|p1a: Kingambit
|-damage|p1a: Kingambit|26/100
|move|p1a: Kingambit|Sucker Punch||[still]
|-fail|p1a: Kingambit
|
|-heal|p2a: Donphan|39/100|[from] item: Leftovers
|upkeep
|turn|14
|
|t:|1757839999
|move|p1a: Kingambit|Sucker Punch|p2a: Donphan
|-damage|p2a: Donphan|0 fnt
|faint|p2a: Donphan
|
|upkeep
|
|t:|1757840005
|switch|p2a: Zapdos|Zapdos-Galar|72/100
|-damage|p2a: Zapdos|59/100|[from] Stealth Rock
|turn|15
|
|t:|1757840009
|move|p1a: Kingambit|Sucker Punch|p2a: Zapdos
|-resisted|p2a: Zapdos
|-damage|p2a: Zapdos|11/100
|move|p2a: Zapdos|Close Combat|p1a: Kingambit
|-supereffective|p1a: Kingambit
|-damage|p1a: Kingambit|0 fnt
|-unboost|p2a: Zapdos|def|1
|-unboost|p2a: Zapdos|spd|1
|faint|p1a: Kingambit
|-end|p1a: Kingambit|fallen1|[silent]
|
|upkeep
|
|t:|1757840027
|switch|p1a: Zamazenta|Zamazenta|100/100
|-damage|p1a: Zamazenta|94/100|[from] Stealth Rock
|-ability|p1a: Zamazenta|Dauntless Shield|boost
|-boost|p1a: Zamazenta|def|1
|turn|16
|
|t:|1757840034
|-terastallize|p1a: Zamazenta|Steel
|move|p2a: Zapdos|Close Combat|p1a: Zamazenta
|-supereffective|p1a: Zamazenta
|-damage|p1a: Zamazenta|16/100
|-unboost|p2a: Zapdos|def|1
|-unboost|p2a: Zapdos|spd|1
|move|p1a: Zamazenta|Iron Head|p2a: Zapdos
|-damage|p2a: Zapdos|0 fnt
|faint|p2a: Zapdos
|
|-heal|p1a: Zamazenta|22/100|[from] item: Leftovers
|upkeep
|
|t:|1757840043
|switch|p2a: Latios|Latios, M|100/100
|-damage|p2a: Latios|88/100|[from] Stealth Rock
|turn|17
|
|t:|1757840047
|move|p1a: Zamazenta|Iron Head|p2a: Latios
|-damage|p2a: Latios|31/100
|move|p2a: Latios|Luster Purge|p1a: Zamazenta
|-resisted|p1a: Zamazenta
|-damage|p1a: Zamazenta|0 fnt
|faint|p1a: Zamazenta
|
|upkeep
|
|t:|1757840057
|switch|p1a: Deoxys|Deoxys-Speed|100/100
|-damage|p1a: Deoxys|88/100|[from] Stealth Rock
|-ability|p1a: Deoxys|Pressure
|turn|18
|
|t:|1757840060
|move|p1a: Deoxys|Ice Beam|p2a: Latios
|-supereffective|p2a: Latios
|-damage|p2a: Latios|0 fnt
|faint|p2a: Latios
|
|upkeep
|
|t:|1757840062
|switch|p2a: Zarude|Zarude|100/100
|-damage|p2a: Zarude|88/100|[from] Stealth Rock
|turn|19
|
|t:|1757840077
|move|p1a: Deoxys|Ice Beam|p2a: Zarude
|-supereffective|p2a: Zarude
|-damage|p2a: Zarude|6/100
|move|p2a: Zarude|Trailblaze|p1a: Deoxys
|-damage|p1a: Deoxys|50/100
|-boost|p2a: Zarude|spe|1
|
|-heal|p2a: Zarude|12/100|[from] item: Leftovers
|upkeep
|turn|20
|
|t:|1757840086
|move|p2a: Zarude|Knock Off|p1a: Deoxys
|-supereffective|p1a: Deoxys
|-damage|p1a: Deoxys|0 fnt
|-enditem|p1a: Deoxys|Choice Specs|[from] move: Knock Off|[of] p2a: Zarude
|faint|p1a: Deoxys
|
|-heal|p2a: Zarude|18/100|[from] item: Leftovers
|upkeep
|
|t:|1757840093
|switch|p1a: Chansey|Chansey, F|100/100
|-damage|p1a: Chansey|88/100|[from] Stealth Rock
|turn|21
|
|t:|1757840099
|move|p2a: Zarude|Drain Punch|p1a: Chansey
|-supereffective|p1a: Chansey
|-damage|p1a: Chansey|41/100
|-heal|p2a: Zarude|65/100|[from] drain|[of] p1a: Chansey
|move|p1a: Chansey|Seismic Toss|p2a: Zarude
|-damage|p2a: Zarude|36/100
|
|-heal|p2a: Zarude|42/100|[from] item: Leftovers
|upkeep
|turn|22
|
|t:|1757840107
|move|p2a: Zarude|Drain Punch|p1a: Chansey
|-supereffective|p1a: Chansey
|-damage|p1a: Chansey|0 fnt
|-heal|p2a: Zarude|83/100|[from] drain|[of] p1a: Chansey
|faint|p1a: Chansey
|
|-heal|p2a: Zarude|89/100|[from] item: Leftovers
|upkeep
|
|t:|1757840110
|switch|p1a: Ting-Lu|Ting-Lu|96/100
|-damage|p1a: Ting-Lu|90/100|[from] Stealth Rock
|-ability|p1a: Ting-Lu|Vessel of Ruin
|turn|23
|
|t:|1757840114
|move|p2a: Zarude|Swords Dance|p2a: Zarude
|-boost|p2a: Zarude|atk|2
|move|p1a: Ting-Lu|Body Press|p2a: Zarude
|-supereffective|p2a: Zarude
|-damage|p2a: Zarude|36/100
|
|-heal|p2a: Zarude|42/100|[from] item: Leftovers
|upkeep
|turn|24
|
|t:|1757840119
|move|p2a: Zarude|Drain Punch|p1a: Ting-Lu
|-supereffective|p1a: Ting-Lu
|-damage|p1a: Ting-Lu|45/100
|-heal|p2a: Zarude|75/100|[from] drain|[of] p1a: Ting-Lu
|move|p1a: Ting-Lu|Body Press|p2a: Zarude
|-supereffective|p2a: Zarude
|-damage|p2a: Zarude|26/100
|
|-heal|p2a: Zarude|32/100|[from] item: Leftovers
|upkeep
|turn|25
|
|t:|1757840123
|move|p2a: Zarude|Drain Punch|p1a: Ting-Lu
|-supereffective|p1a: Ting-Lu
|-damage|p1a: Ting-Lu|2/100
|-heal|p2a: Zarude|64/100|[from] drain|[of] p1a: Ting-Lu
|move|p1a: Ting-Lu|Body Press|p2a: Zarude
|-supereffective|p2a: Zarude
|-damage|p2a: Zarude|16/100
|
|-heal|p2a: Zarude|22/100|[from] item: Leftovers
|upkeep
|turn|26
|
|t:|1757840127
|move|p2a: Zarude|Drain Punch|p1a: Ting-Lu
|-supereffective|p1a: Ting-Lu
|-damage|p1a: Ting-Lu|0 fnt
|-heal|p2a: Zarude|23/100|[from] drain|[of] p1a: Ting-Lu
|faint|p1a: Ting-Lu
|
|win|GauMongStyle
|raw|leo-oz's rating: 1316 &rarr; <strong>1301</strong><br />(-15 for losing)
|raw|GauMongStyle's rating: 1401 &rarr; <strong>1416</strong><br />(+15 for winning)
|l|☆leo-oz
|player|p1|
