|j|☆Agency Slave #456
|j|☆leblondejames21
|t:|1757953831
|gametype|singles
|player|p1|Agency Slave #456|plasmagrunt|1255
|player|p2|leblondejames21|1|1249
|gen|9
|tier|[Gen 9] OU
|rated|
|rule|HP Percentage Mod: HP is shown in percentages
|rule|Endless Battle Clause: Forcing endless battles is banned
|rule|Species Clause: Limit one of each Pokémon
|rule|OHKO Clause: OHKO moves are banned
|rule|Evasion Items Clause: Evasion items are banned
|rule|Evasion Moves Clause: Evasion moves are banned
|rule|Evasion Abilities Clause: Evasion abilities are banned
|rule|Sleep Moves Clause: Sleep-inducing moves are banned
|clearpoke
|poke|p1|Dragapult, F|
|poke|p1|Glastrier|
|poke|p1|Tinkaton, F|
|poke|p1|Ting-Lu|
|poke|p1|Iron Hands|
|poke|p1|Moltres|
|poke|p2|Araquanid, F|
|poke|p2|Gholdengo|
|poke|p2|Muk-Alola, M|
|poke|p2|Comfey, F|
|poke|p2|Iron Jugulis|
|poke|p2|Great Tusk|
|teampreview
|inactive|Battle timer is ON: inactive players will automatically lose when time's up. (requested by Agency Slave #456)
|
|t:|1757953866
|teamsize|p1|6
|teamsize|p2|6
|start
|switch|p1a: Iron Hands|Iron Hands|100/100
|switch|p2a: Comfey|Comfey, F|100/100
|turn|1
|
|t:|1757953877
|-end|p1a: Iron Hands|Quark Drive|[silent]
|switch|p1a: Ting-Lu|Ting-Lu|100/100
|-ability|p1a: Ting-Lu|Vessel of Ruin
|move|p2a: Comfey|Calm Mind|p2a: Comfey
|-boost|p2a: Comfey|spa|1
|-boost|p2a: Comfey|spd|1
|
|upkeep
|turn|2
|
|t:|1757953884
|move|p2a: Comfey|Draining Kiss|p1a: Ting-Lu
|-supereffective|p1a: Ting-Lu
|-damage|p1a: Ting-Lu|71/100
|-damage|p2a: Comfey|90/100|[from] item: Life Orb
|move|p1a: Ting-Lu|Whirlwind|p2a: Comfey
|drag|p2a: Gholdengo|Gholdengo|100/100
|
|-heal|p1a: Ting-Lu|77/100|[from] item: Leftovers
|upkeep
|turn|3
|
|t:|1757953897
|switch|p2a: Iron Jugulis|Iron Jugulis|100/100
|move|p1a: Ting-Lu|Earthquake|p2a: Iron Jugulis
|-immune|p2a: Iron Jugulis
|
|-heal|p1a: Ting-Lu|84/100|[from] item: Leftovers
|upkeep
|turn|4
|
|t:|1757953923
|-end|p2a: Iron Jugulis|Quark Drive|[silent]
|switch|p2a: Araquanid|Araquanid, F|100/100
|move|p1a: Ting-Lu|Spikes|p2a: Araquanid
|-sidestart|p2: leblondejames21|Spikes
|
|-heal|p1a: Ting-Lu|90/100|[from] item: Leftovers
|upkeep
|turn|5
|
|t:|1757953937
|move|p1a: Ting-Lu|Spikes|p2a: Araquanid
|-sidestart|p2: leblondejames21|Spikes
|move|p2a: Araquanid|Sticky Web|p1a: Ting-Lu
|-sidestart|p1: Agency Slave #456|move: Sticky Web
|
|-heal|p1a: Ting-Lu|96/100|[from] item: Leftovers
|upkeep
|turn|6
|
|t:|1757953956
|move|p1a: Ting-Lu|Spikes|p2a: Araquanid
|-sidestart|p2: leblondejames21|Spikes
|move|p2a: Araquanid|Leech Life|p1a: Ting-Lu
|-supereffective|p1a: Ting-Lu
|-damage|p1a: Ting-Lu|69/100
|
|-heal|p1a: Ting-Lu|75/100|[from] item: Leftovers
|upkeep
|turn|7
|
|t:|1757953965
|switch|p1a: Moltres|Moltres|100/100
|move|p2a: Araquanid|Liquidation|p1a: Moltres
|-supereffective|p1a: Moltres
|-damage|p1a: Moltres|31/100
|
|upkeep
|turn|8
|
|t:|1757953975
|move|p1a: Moltres|Roost|p1a: Moltres
|-heal|p1a: Moltres|81/100
|-singleturn|p1a: Moltres|move: Roost
|move|p2a: Araquanid|Liquidation|p1a: Moltres
|-supereffective|p1a: Moltres
|-damage|p1a: Moltres|1/100
|-unboost|p1a: Moltres|def|1
|
|upkeep
|turn|9
|
|t:|1757953989
|move|p1a: Moltres|Will-O-Wisp|p2a: Araquanid
|-immune|p2a: Araquanid|[from] ability: Water Bubble
|move|p2a: Araquanid|Liquidation|p1a: Moltres
|-supereffective|p1a: Moltres
|-damage|p1a: Moltres|0 fnt
|faint|p1a: Moltres
|
|upkeep
|
|t:|1757953998
|switch|p1a: Iron Hands|Iron Hands|100/100
|turn|10
|
|t:|1757954022
|switch|p2a: Great Tusk|Great Tusk|100/100
|-damage|p2a: Great Tusk|76/100|[from] Spikes
|move|p1a: Iron Hands|Swords Dance|p1a: Iron Hands
|-boost|p1a: Iron Hands|atk|2
|
|upkeep
|turn|11
|
|t:|1757954042
|move|p2a: Great Tusk|Rapid Spin|p1a: Iron Hands
|-damage|p1a: Iron Hands|91/100
|-boost|p2a: Great Tusk|spe|1
|-sideend|p2: leblondejames21|Spikes|[from] move: Rapid Spin|[of] p2a: Great Tusk
|move|p1a: Iron Hands|Ice Punch|p2a: Great Tusk
|-supereffective|p2a: Great Tusk
|-damage|p2a: Great Tusk|0 fnt
|faint|p2a: Great Tusk
|-end|p2a: Great Tusk|Protosynthesis|[silent]
|
|upkeep
|
|t:|1757954059
|switch|p2a: Comfey|Comfey, F|90/100
|turn|12
|
|t:|1757954072
|move|p2a: Comfey|Draining Kiss|p1a: Iron Hands
|-supereffective|p1a: Iron Hands
|-damage|p1a: Iron Hands|41/100
|-heal|p2a: Comfey|100/100|[from] drain|[of] p1a: Iron Hands
|-damage|p2a: Comfey|90/100|[from] item: Life Orb
|move|p1a: Iron Hands|Thunder Punch|p2a: Comfey
|-damage|p2a: Comfey|0 fnt
|faint|p2a: Comfey
|
|upkeep
|
|t:|1757954083
|switch|p2a: Iron Jugulis|Iron Jugulis|100/100
|turn|13
|inactive|leblondejames21 has 120 seconds left.
|
|t:|1757954098
|move|p2a: Iron Jugulis|Air Slash|p1a: Iron Hands
|-damage|p1a: Iron Hands|0 fnt
|faint|p1a: Iron Hands
|-end|p1a: Iron Hands|Quark Drive|[silent]
|
|upkeep
|
|t:|1757954106
|switch|p1a: Glastrier|Glastrier|100/100
|turn|14
|
|t:|1757954113
|-end|p2a: Iron Jugulis|Quark Drive|[silent]
|switch|p2a: Gholdengo|Gholdengo|100/100
|move|p1a: Glastrier|Icicle Crash|p2a: Gholdengo
|-resisted|p2a: Gholdengo
|-damage|p2a: Gholdengo|69/100
|
|upkeep
|turn|15
|inactive|Agency Slave #456 has 120 seconds left.
|
|t:|1757954150
|move|p2a: Gholdengo|Recover|p2a: Gholdengo
|-heal|p2a: Gholdengo|100/100
|move|p1a: Glastrier|High Horsepower|p2a: Gholdengo
|-supereffective|p2a: Gholdengo
|-damage|p2a: Gholdengo|4/100
|
|upkeep
|turn|16
|
|t:|1757954159
|move|p2a: Gholdengo|Shadow Ball|p1a: Glastrier
|-damage|p1a: Glastrier|63/100
|move|p1a: Glastrier|Icicle Crash|p2a: Gholdengo|[miss]
|-miss|p1a: Glastrier|p2a: Gholdengo
|
|upkeep
|turn|17
|
|t:|1757954167
|move|p2a: Gholdengo|Shadow Ball|p1a: Glastrier
|-damage|p1a: Glastrier|27/100
|-unboost|p1a: Glastrier|spd|1
|move|p1a: Glastrier|Icicle Crash|p2a: Gholdengo
|-resisted|p2a: Gholdengo
|-damage|p2a: Gholdengo|0 fnt
|faint|p2a: Gholdengo
|-ability|p1a: Glastrier|Chilling Neigh|boost
|-boost|p1a: Glastrier|atk|1
|
|upkeep
|
|t:|1757954179
|switch|p2a: Iron Jugulis|Iron Jugulis|100/100
|turn|18
|
|t:|1757954189
|-terastallize|p2a: Iron Jugulis|Fire
|move|p2a: Iron Jugulis|Flamethrower|p1a: Glastrier
|-supereffective|p1a: Glastrier
|-damage|p1a: Glastrier|0 fnt
|faint|p1a: Glastrier
|
|upkeep
|
|t:|1757954201
|switch|p1a: Ting-Lu|Ting-Lu|75/100
|-activate|p1a: Ting-Lu|move: Sticky Web
|-unboost|p1a: Ting-Lu|spe|1
|-ability|p1a: Ting-Lu|Vessel of Ruin
|turn|19
|
|t:|1757954210
|-end|p2a: Iron Jugulis|Quark Drive|[silent]
|switch|p2a: Araquanid|Araquanid, F|100/100
|move|p1a: Ting-Lu|Earthquake|p2a: Araquanid
|-resisted|p2a: Araquanid
|-damage|p2a: Araquanid|82/100
|-enditem|p2a: Araquanid|Red Card|[of] p1a: Ting-Lu
|drag|p1a: Dragapult|Dragapult, F|100/100
|
|upkeep
|turn|20
|inactive|leblondejames21 has 120 seconds left.
|
|t:|1757954246
|switch|p2a: Muk|Muk-Alola, M|100/100
|move|p1a: Dragapult|U-turn|p2a: Muk
|-damage|p2a: Muk|84/100
|
|t:|1757954260
|switch|p1a: Tinkaton|Tinkaton, F|100/100|[from] U-turn
|-item|p1a: Tinkaton|Air Balloon
|
|-heal|p2a: Muk|90/100|[from] item: Leftovers
|upkeep
|turn|21
|inactive|leblondejames21 has 120 seconds left.
|
|t:|1757954279
|move|p1a: Tinkaton|Stealth Rock|p2a: Muk
|-sidestart|p2: leblondejames21|move: Stealth Rock
|move|p2a: Muk|Knock Off|p1a: Tinkaton
|-resisted|p1a: Tinkaton
|-damage|p1a: Tinkaton|75/100
|-enditem|p1a: Tinkaton|Air Balloon
|-enditem|p2a: Muk|Leftovers|[silent]|[from] ability: Pickpocket|[of] p2a: Muk
|-item|p1a: Tinkaton|Leftovers|[from] ability: Pickpocket|[of] p2a: Muk
|
|-heal|p1a: Tinkaton|81/100|[from] item: Leftovers
|upkeep
|turn|22
|inactive|leblondejames21 has 120 seconds left.
|
|t:|1757954299
|switch|p2a: Araquanid|Araquanid, F|82/100
|-damage|p2a: Araquanid|58/100|[from] Stealth Rock
|move|p1a: Tinkaton|Gigaton Hammer|p2a: Araquanid
|-resisted|p2a: Araquanid
|-damage|p2a: Araquanid|36/100
|
|-heal|p1a: Tinkaton|87/100|[from] item: Leftovers
|upkeep
|turn|23
|
|t:|1757954308
|move|p1a: Tinkaton|Knock Off|p2a: Araquanid
|-damage|p2a: Araquanid|24/100
|move|p2a: Araquanid|Liquidation|p1a: Tinkaton
|-damage|p1a: Tinkaton|31/100
|
|-heal|p1a: Tinkaton|37/100|[from] item: Leftovers
|upkeep
|turn|24
|inactive|leblondejames21 has 120 seconds left.
|
|t:|1757954315
|move|p1a: Tinkaton|Gigaton Hammer|p2a: Araquanid
|-resisted|p2a: Araquanid
|-damage|p2a: Araquanid|4/100
|move|p2a: Araquanid|Liquidation|p1a: Tinkaton
|-damage|p1a: Tinkaton|0 fnt
|faint|p1a: Tinkaton
|
|upkeep
|
|t:|1757954320
|switch|p1a: Dragapult|Dragapult, F|100/100
|turn|25
|
|t:|1757954329
|move|p1a: Dragapult|Hex|p2a: Araquanid
|-damage|p2a: Araquanid|0 fnt
|faint|p2a: Araquanid
|
|upkeep
|
|t:|1757954334
|switch|p2a: Muk|Muk-Alola, M|90/100
|-damage|p2a: Muk|77/100|[from] Stealth Rock
|turn|26
|
|t:|1757954339
|switch|p1a: Ting-Lu|Ting-Lu|75/100
|-activate|p1a: Ting-Lu|move: Sticky Web
|-unboost|p1a: Ting-Lu|spe|1
|-ability|p1a: Ting-Lu|Vessel of Ruin
|move|p2a: Muk|Knock Off|p1a: Ting-Lu
|-resisted|p1a: Ting-Lu
|-damage|p1a: Ting-Lu|64/100
|-enditem|p1a: Ting-Lu|Leftovers|[from] move: Knock Off|[of] p2a: Muk
|
|upkeep
|turn|27
|
|t:|1757954349
|move|p2a: Muk|Ice Punch|p1a: Ting-Lu
|-supereffective|p1a: Ting-Lu
|-damage|p1a: Ting-Lu|40/100
|move|p1a: Ting-Lu|Earthquake|p2a: Muk
|-supereffective|p2a: Muk
|-damage|p2a: Muk|10/100
|
|upkeep
|turn|28
|
|t:|1757954360
|move|p2a: Muk|Ice Punch|p1a: Ting-Lu
|-supereffective|p1a: Ting-Lu
|-damage|p1a: Ting-Lu|15/100
|move|p1a: Ting-Lu|Earthquake|p2a: Muk
|-supereffective|p2a: Muk
|-damage|p2a: Muk|0 fnt
|faint|p2a: Muk
|
|upkeep
|
|t:|1757954368
|switch|p2a: Iron Jugulis|Iron Jugulis, tera:Fire|100/100
|-damage|p2a: Iron Jugulis|76/100|[from] Stealth Rock
|turn|29
|
|t:|1757954395
|move|p2a: Iron Jugulis|Dark Pulse|p1a: Ting-Lu
|-resisted|p1a: Ting-Lu
|-damage|p1a: Ting-Lu|2/100
|move|p1a: Ting-Lu|Earthquake|p2a: Iron Jugulis
|-supereffective|p2a: Iron Jugulis
|-damage|p2a: Iron Jugulis|0 fnt
|faint|p2a: Iron Jugulis
|-end|p2a: Iron Jugulis|Quark Drive|[silent]
|
|win|Agency Slave #456
|raw|Agency Slave #456's rating: 1255 &rarr; <strong>1280</strong><br />(+25 for winning)
|raw|leblondejames21's rating: 1249 &rarr; <strong>1224</strong><br />(-25 for losing)
|l|☆Agency Slave #456
|player|p1|
|c|☆leblondejames21|gg
|l|☆leblondejames21
|player|p2|
