|j|☆TrueAnon
|j|☆GRexMain
|t:|1757900917
|gametype|singles
|player|p1|TrueAnon|169|1082
|player|p2|GRexMain|cyclist-gen4|1105
|gen|9
|tier|[Gen 9] OU
|rated|
|rule|HP Percentage Mod: HP is shown in percentages
|rule|Endless Battle Clause: Forcing endless battles is banned
|rule|Species Clause: Limit one of each Pokémon
|rule|OHKO Clause: OHKO moves are banned
|rule|Evasion Items Clause: Evasion items are banned
|rule|Evasion Moves Clause: Evasion moves are banned
|rule|Evasion Abilities Clause: Evasion abilities are banned
|rule|Sleep Moves Clause: Sleep-inducing moves are banned
|clearpoke
|poke|p1|Cloyster, M|
|poke|p1|Lycanroc-Dusk, F|
|poke|p1|Polteageist|
|poke|p1|Quaquaval, M|
|poke|p1|Lokix, F|
|poke|p1|Dragonite, F|
|poke|p2|Persian-Alola, M|
|poke|p2|Brambleghast, F|
|poke|p2|Kilowattrel, F|
|poke|p2|Slowking-Galar, M|
|poke|p2|Sandslash-Alola, M|
|poke|p2|Gastrodon, M|
|teampreview
|inactive|Battle timer is ON: inactive players will automatically lose when time's up. (requested by TrueAnon)
|
|t:|1757900934
|teamsize|p1|6
|teamsize|p2|6
|start
|switch|p1a: Lokix|Lokix, F|100/100
|switch|p2a: Persian|Persian-Alola, M|100/100
|turn|1
|inactive|TrueAnon has 120 seconds left.
|inactive|TrueAnon has 90 seconds left.
|
|t:|1757901024
|switch|p2a: Slowking|Slowking-Galar, M|100/100
|move|p1a: Lokix|First Impression|p2a: Slowking
|-damage|p2a: Slowking|74/100
|
|upkeep
|turn|2
|inactive|GRexMain has 120 seconds left.
|inactive|TrueAnon has 60 seconds left.
|
|t:|1757901046
|move|p1a: Lokix|U-turn|p2a: Slowking
|-damage|p2a: Slowking|53/100
|inactive|TrueAnon has 60 seconds left.
|
|t:|1757901051
|switch|p1a: Lycanroc|Lycanroc-Dusk, F|100/100|[from] U-turn
|move|p2a: Slowking|Sludge Bomb|p1a: Lycanroc
|-resisted|p1a: Lycanroc
|-damage|p1a: Lycanroc|74/100
|-status|p1a: Lycanroc|psn
|
|-damage|p1a: Lycanroc|61/100 psn|[from] psn
|upkeep
|turn|3
|
|t:|1757901065
|switch|p2a: Brambleghast|Brambleghast, F|100/100
|move|p1a: Lycanroc|Drill Run|p2a: Brambleghast
|-resisted|p2a: Brambleghast
|-damage|p2a: Brambleghast|64/100
|
|-damage|p1a: Lycanroc|49/100 psn|[from] psn
|upkeep
|turn|4
|
|t:|1757901078
|switch|p1a: Lokix|Lokix, F|100/100
|move|p2a: Brambleghast|Power Whip|p1a: Lokix
|-resisted|p1a: Lokix
|-damage|p1a: Lokix|61/100
|
|upkeep
|turn|5
|inactive|GRexMain has 120 seconds left.
|
|t:|1757901103
|switch|p2a: Sandslash|Sandslash-Alola, M|100/100
|-terastallize|p1a: Lokix|Bug
|move|p1a: Lokix|First Impression|p2a: Sandslash
|-resisted|p2a: Sandslash
|-damage|p2a: Sandslash|50/100
|
|upkeep
|turn|6
|
|t:|1757901115
|switch|p2a: Slowking|Slowking-Galar, M|86/100
|move|p1a: Lokix|U-turn|p2a: Slowking
|-damage|p2a: Slowking|57/100
|
|t:|1757901134
|switch|p1a: Dragonite|Dragonite, F|100/100|[from] U-turn
|
|upkeep
|turn|7
|inactive|GRexMain has 120 seconds left.
|
|t:|1757901140
|move|p1a: Dragonite|Earthquake|p2a: Slowking
|-supereffective|p2a: Slowking
|-damage|p2a: Slowking|3/100
|-prepare|p2a: Slowking|Chilly Reception|[premajor]
|move|p2a: Slowking|Chilly Reception|p2a: Slowking
|-weather|Snowscape
|inactive|GRexMain has 120 seconds left.
|
|t:|1757901149
|switch|p2a: Sandslash|Sandslash-Alola, M|50/100|[from] Chilly Reception
|
|-weather|Snowscape|[upkeep]
|upkeep
|turn|8
|
|t:|1757901159
|switch|p1a: Lycanroc|Lycanroc-Dusk, F|49/100 psn
|move|p2a: Sandslash|Triple Axel|p1a: Lycanroc
|-damage|p1a: Lycanroc|33/100 psn
|-damage|p1a: Lycanroc|6/100 psn
|-damage|p1a: Lycanroc|0 fnt
|faint|p1a: Lycanroc
|-hitcount|p1: Lycanroc|3
|
|-weather|Snowscape|[upkeep]
|upkeep
|
|t:|1757901162
|switch|p1a: Lokix|Lokix, F, tera:Bug|61/100
|turn|9
|inactive|GRexMain has 120 seconds left.
|
|t:|1757901184
|move|p1a: Lokix|First Impression|p2a: Sandslash
|-resisted|p2a: Sandslash
|-damage|p2a: Sandslash|12/100
|move|p2a: Sandslash|Triple Axel|p1a: Lokix
|-damage|p1a: Lokix|46/100
|-damage|p1a: Lokix|20/100
|-damage|p1a: Lokix|0 fnt
|faint|p1a: Lokix
|-hitcount|p1: Lokix|3
|
|-weather|Snowscape|[upkeep]
|upkeep
|inactive|TrueAnon has 90 seconds left.
|-message|TrueAnon forfeited.
|
|win|GRexMain
|raw|TrueAnon's rating: 1082 &rarr; <strong>1061</strong><br />(-21 for losing)
|raw|GRexMain's rating: 1105 &rarr; <strong>1128</strong><br />(+23 for winning)
|l|☆TrueAnon
|player|p1|
|l|☆GRexMain
|player|p2|
