|j|☆LILNASXXXTENTACION
|j|☆MyNameJeeeeff
|t:|1757909086
|gametype|singles
|player|p1|LILNASXXXTENTACION|170|1312
|player|p2|MyNameJeeeeff|102|1286
|gen|9
|tier|[Gen 9] OU
|rated|
|rule|HP Percentage Mod: HP is shown in percentages
|rule|Endless Battle Clause: Forcing endless battles is banned
|rule|Species Clause: Limit one of each Pokémon
|rule|OHKO Clause: OHKO moves are banned
|rule|Evasion Items Clause: Evasion items are banned
|rule|Evasion Moves Clause: Evasion moves are banned
|rule|Evasion Abilities Clause: Evasion abilities are banned
|rule|Sleep Moves Clause: Sleep-inducing moves are banned
|clearpoke
|poke|p1|Ceruledge, M|
|poke|p1|Rillaboom, F|
|poke|p1|Gholdengo|
|poke|p1|Araquanid, M|
|poke|p1|Kyurem|
|poke|p1|Landorus-Therian, M|
|poke|p2|Garganacl, F|
|poke|p2|Kyurem|
|poke|p2|Enamorus, F|
|poke|p2|Latios, M|
|poke|p2|Rillaboom, F|
|poke|p2|Metagross|
|teampreview
|inactive|Battle timer is ON: inactive players will automatically lose when time's up. (requested by MyNameJeeeeff)
|
|t:|1757909101
|teamsize|p1|6
|teamsize|p2|6
|start
|switch|p1a: Landorus|Landorus-Therian, M|100/100
|switch|p2a: Metagross|Metagross|100/100
|-ability|p1a: Landorus|Intimidate|boost
|-fail|p2a: Metagross|unboost|[from] ability: Clear Body|[of] p2a: Metagross
|turn|1
|
|t:|1757909115
|move|p1a: Landorus|U-turn|p2a: Metagross
|-damage|p2a: Metagross|79/100
|
|t:|1757909117
|switch|p1a: Araquanid|Araquanid, M|100/100|[from] U-turn
|move|p2a: Metagross|Agility|p2a: Metagross
|-boost|p2a: Metagross|spe|2
|
|upkeep
|turn|2
|inactive|LILNASXXXTENTACION has 120 seconds left.
|
|t:|1757909150
|move|p2a: Metagross|Meteor Mash|p1a: Araquanid
|-resisted|p1a: Araquanid
|-damage|p1a: Araquanid|76/100
|move|p1a: Araquanid|Surf|p2a: Metagross
|-damage|p2a: Metagross|11/100
|
|upkeep
|turn|3
|inactive|LILNASXXXTENTACION has 120 seconds left.
|
|t:|1757909160
|move|p2a: Metagross|Meteor Mash|p1a: Araquanid|[miss]
|-miss|p2a: Metagross|p1a: Araquanid
|move|p1a: Araquanid|Sticky Web|p2a: Metagross
|-sidestart|p2: MyNameJeeeeff|move: Sticky Web
|
|upkeep
|turn|4
|
|t:|1757909178
|move|p2a: Metagross|Meteor Mash|p1a: Araquanid
|-resisted|p1a: Araquanid
|-damage|p1a: Araquanid|50/100
|move|p1a: Araquanid|Surf|p2a: Metagross
|-damage|p2a: Metagross|0 fnt
|faint|p2a: Metagross
|
|upkeep
|
|t:|1757909181
|switch|p2a: Enamorus|Enamorus, F|100/100
|turn|5
|
|t:|1757909190
|move|p2a: Enamorus|Superpower|p1a: Araquanid
|-resisted|p1a: Araquanid
|-damage|p1a: Araquanid|30/100
|-boost|p2a: Enamorus|atk|1
|-boost|p2a: Enamorus|def|1
|move|p1a: Araquanid|Endeavor|p2a: Enamorus
|-damage|p2a: Enamorus|35/100
|
|upkeep
|turn|6
|inactive|MyNameJeeeeff has 120 seconds left.
|
|t:|1757909226
|move|p1a: Araquanid|Endure|p1a: Araquanid
|-singleturn|p1a: Araquanid|move: Endure
|move|p2a: Enamorus|Superpower|p1a: Araquanid
|-resisted|p1a: Araquanid
|-activate|p1a: Araquanid|move: Endure
|-damage|p1a: Araquanid|1/100
|-boost|p2a: Enamorus|atk|1
|-boost|p2a: Enamorus|def|1
|
|upkeep
|turn|7
|-enditem|p1a: Araquanid|Custap Berry|[eat]
|-activate|p1a: Araquanid|item: Custap Berry|[consumed]
|
|t:|1757909236
|move|p1a: Araquanid|Surf|p2a: Enamorus
|-damage|p2a: Enamorus|0 fnt
|faint|p2a: Enamorus
|
|upkeep
|inactive|MyNameJeeeeff has 120 seconds left.
|
|t:|1757909247
|switch|p2a: Rillaboom|Rillaboom, F|100/100
|-activate|p2a: Rillaboom|move: Sticky Web
|-unboost|p2a: Rillaboom|spe|1
|-fieldstart|move: Grassy Terrain|[from] ability: Grassy Surge|[of] p2a: Rillaboom
|turn|8
|
|t:|1757909262
|move|p1a: Araquanid|Endure|p1a: Araquanid
|-singleturn|p1a: Araquanid|move: Endure
|move|p2a: Rillaboom|Grassy Glide|p1a: Araquanid
|-activate|p1a: Araquanid|move: Endure
|-damage|p1a: Araquanid|1/100
|-damage|p2a: Rillaboom|91/100|[from] item: Life Orb
|
|-heal|p2a: Rillaboom|97/100|[from] Grassy Terrain
|-heal|p1a: Araquanid|7/100|[from] Grassy Terrain
|upkeep
|turn|9
|
|t:|1757909277
|switch|p1a: Ceruledge|Ceruledge, M|100/100
|move|p2a: Rillaboom|Grassy Glide|p1a: Ceruledge
|-resisted|p1a: Ceruledge
|-damage|p1a: Ceruledge|63/100
|-ability|p1a: Ceruledge|Weak Armor|boost
|-unboost|p1a: Ceruledge|def|1
|-boost|p1a: Ceruledge|spe|2
|-damage|p2a: Rillaboom|87/100|[from] item: Life Orb
|
|-heal|p1a: Ceruledge|69/100|[from] Grassy Terrain
|-heal|p2a: Rillaboom|93/100|[from] Grassy Terrain
|upkeep
|turn|10
|
|t:|1757909286
|move|p2a: Rillaboom|Grassy Glide|p1a: Ceruledge
|-resisted|p1a: Ceruledge
|-damage|p1a: Ceruledge|14/100
|-ability|p1a: Ceruledge|Weak Armor|boost
|-unboost|p1a: Ceruledge|def|1
|-boost|p1a: Ceruledge|spe|2
|-damage|p2a: Rillaboom|83/100|[from] item: Life Orb
|move|p1a: Ceruledge|Bitter Blade|p2a: Rillaboom
|-supereffective|p2a: Rillaboom
|-damage|p2a: Rillaboom|0 fnt
|-heal|p1a: Ceruledge|68/100|[from] drain|[of] p2a: Rillaboom
|faint|p2a: Rillaboom
|
|-heal|p1a: Ceruledge|74/100|[from] Grassy Terrain
|upkeep
|
|t:|1757909295
|switch|p2a: Garganacl|Garganacl, F|100/100
|-activate|p2a: Garganacl|move: Sticky Web
|-unboost|p2a: Garganacl|spe|1
|turn|11
|
|t:|1757909300
|switch|p1a: Landorus|Landorus-Therian, M|100/100
|-ability|p1a: Landorus|Intimidate|boost
|-unboost|p2a: Garganacl|atk|1
|move|p2a: Garganacl|Iron Defense|p2a: Garganacl
|-boost|p2a: Garganacl|def|2
|
|upkeep
|turn|12
|
|t:|1757909305
|move|p1a: Landorus|Grass Knot|p2a: Garganacl
|-supereffective|p2a: Garganacl
|-damage|p2a: Garganacl|62/100
|move|p2a: Garganacl|Iron Defense|p2a: Garganacl
|-boost|p2a: Garganacl|def|2
|
|-heal|p2a: Garganacl|68/100|[from] Grassy Terrain
|-heal|p2a: Garganacl|75/100|[from] item: Leftovers
|-fieldend|move: Grassy Terrain
|upkeep
|turn|13
|
|t:|1757909311
|move|p1a: Landorus|Grass Knot|p2a: Garganacl
|-supereffective|p2a: Garganacl
|-damage|p2a: Garganacl|38/100
|move|p2a: Garganacl|Salt Cure|p1a: Landorus
|-damage|p1a: Landorus|90/100
|-start|p1a: Landorus|Salt Cure
|
|-heal|p2a: Garganacl|45/100|[from] item: Leftovers
|-damage|p1a: Landorus|78/100|[from] Salt Cure
|upkeep
|turn|14
|inactive|LILNASXXXTENTACION has 120 seconds left.
|
|t:|1757909353
|switch|p1a: Araquanid|Araquanid, M|7/100
|move|p2a: Garganacl|Protect||[still]
|-fail|p2a: Garganacl
|
|-heal|p2a: Garganacl|51/100|[from] item: Leftovers
|upkeep
|turn|15
|
|t:|1757909361
|move|p1a: Araquanid|Endeavor|p2a: Garganacl
|-damage|p2a: Garganacl|6/100
|move|p2a: Garganacl|Recover|p2a: Garganacl
|-heal|p2a: Garganacl|56/100
|
|-heal|p2a: Garganacl|62/100|[from] item: Leftovers
|upkeep
|turn|16
|inactive|LILNASXXXTENTACION has 120 seconds left.
|inactive|LILNASXXXTENTACION has 90 seconds left.
|
|t:|1757909405
|move|p2a: Garganacl|Protect|p2a: Garganacl
|-singleturn|p2a: Garganacl|Protect
|move|p1a: Araquanid|Endeavor|p2a: Garganacl
|-activate|p2a: Garganacl|move: Protect
|
|-heal|p2a: Garganacl|68/100|[from] item: Leftovers
|upkeep
|turn|17
|inactive|LILNASXXXTENTACION has 90 seconds left.
|
|t:|1757909413
|move|p1a: Araquanid|Endure|p1a: Araquanid
|-singleturn|p1a: Araquanid|move: Endure
|move|p2a: Garganacl|Recover|p2a: Garganacl
|-heal|p2a: Garganacl|100/100
|
|upkeep
|turn|18
|
|t:|1757909419
|move|p2a: Garganacl|Protect|p2a: Garganacl
|-singleturn|p2a: Garganacl|Protect
|move|p1a: Araquanid|Endeavor|p2a: Garganacl
|-activate|p2a: Garganacl|move: Protect
|
|upkeep
|turn|19
|
|t:|1757909426
|move|p1a: Araquanid|Endeavor|p2a: Garganacl
|-damage|p2a: Garganacl|6/100
|move|p2a: Garganacl|Recover|p2a: Garganacl
|-heal|p2a: Garganacl|56/100
|
|-heal|p2a: Garganacl|62/100|[from] item: Leftovers
|upkeep
|turn|20
|
|t:|1757909433
|move|p2a: Garganacl|Protect|p2a: Garganacl
|-singleturn|p2a: Garganacl|Protect
|move|p1a: Araquanid|Surf|p2a: Garganacl
|-activate|p2a: Garganacl|move: Protect
|
|-heal|p2a: Garganacl|68/100|[from] item: Leftovers
|upkeep
|turn|21
|
|t:|1757909437
|move|p1a: Araquanid|Endure|p1a: Araquanid
|-singleturn|p1a: Araquanid|move: Endure
|move|p2a: Garganacl|Protect||[still]
|-fail|p2a: Garganacl
|
|-heal|p2a: Garganacl|75/100|[from] item: Leftovers
|upkeep
|turn|22
|
|t:|1757909443
|move|p2a: Garganacl|Protect|p2a: Garganacl
|-singleturn|p2a: Garganacl|Protect
|move|p1a: Araquanid|Endeavor|p2a: Garganacl
|-activate|p2a: Garganacl|move: Protect
|
|-heal|p2a: Garganacl|81/100|[from] item: Leftovers
|upkeep
|turn|23
|
|t:|1757909449
|move|p1a: Araquanid|Endeavor|p2a: Garganacl
|-damage|p2a: Garganacl|6/100
|move|p2a: Garganacl|Recover|p2a: Garganacl
|-heal|p2a: Garganacl|56/100
|
|-heal|p2a: Garganacl|62/100|[from] item: Leftovers
|upkeep
|turn|24
|
|t:|1757909455
|move|p2a: Garganacl|Protect|p2a: Garganacl
|-singleturn|p2a: Garganacl|Protect
|move|p1a: Araquanid|Sticky Web||[still]
|-fail|p1a: Araquanid
|
|-heal|p2a: Garganacl|68/100|[from] item: Leftovers
|upkeep
|turn|25
|
|t:|1757909460
|move|p1a: Araquanid|Surf|p2a: Garganacl
|-supereffective|p2a: Garganacl
|-damage|p2a: Garganacl|0 fnt
|faint|p2a: Garganacl
|
|upkeep
|
|t:|1757909463
|switch|p2a: Latios|Latios, M|100/100
|turn|26
|inactive|LILNASXXXTENTACION has 120 seconds left.
|
|t:|1757909519
|move|p1a: Araquanid|Endure|p1a: Araquanid
|-singleturn|p1a: Araquanid|move: Endure
|move|p2a: Latios|Dragon Pulse|p1a: Araquanid
|-activate|p1a: Araquanid|move: Endure
|-damage|p1a: Araquanid|1/100
|
|upkeep
|turn|27
|
|t:|1757909533
|move|p2a: Latios|Dragon Pulse|p1a: Araquanid
|-damage|p1a: Araquanid|0 fnt
|faint|p1a: Araquanid
|
|upkeep
|
|t:|1757909538
|switch|p1a: Landorus|Landorus-Therian, M|78/100
|-ability|p1a: Landorus|Intimidate|boost
|-unboost|p2a: Latios|atk|1
|turn|28
|
|t:|1757909549
|move|p1a: Landorus|U-turn|p2a: Latios
|-supereffective|p2a: Latios
|-damage|p2a: Latios|33/100
|
|t:|1757909557
|switch|p1a: Rillaboom|Rillaboom, F|100/100|[from] U-turn
|-fieldstart|move: Grassy Terrain|[from] ability: Grassy Surge|[of] p1a: Rillaboom
|move|p2a: Latios|Dragon Pulse|p1a: Rillaboom
|-damage|p1a: Rillaboom|31/100
|
|-heal|p1a: Rillaboom|37/100|[from] Grassy Terrain
|upkeep
|turn|29
|
|t:|1757909565
|move|p1a: Rillaboom|Grassy Glide|p2a: Latios
|-resisted|p2a: Latios
|-damage|p2a: Latios|0 fnt
|faint|p2a: Latios
|
|-heal|p1a: Rillaboom|43/100|[from] Grassy Terrain
|upkeep
|
|t:|1757909568
|switch|p2a: Kyurem|Kyurem|100/100
|-activate|p2a: Kyurem|move: Sticky Web
|-unboost|p2a: Kyurem|spe|1
|-ability|p2a: Kyurem|Pressure
|turn|30
|
|t:|1757909574
|move|p1a: Rillaboom|Grassy Glide|p2a: Kyurem
|-resisted|p2a: Kyurem
|-damage|p2a: Kyurem|70/100
|move|p2a: Kyurem|Dragon Dance|p2a: Kyurem
|-boost|p2a: Kyurem|atk|1
|-boost|p2a: Kyurem|spe|1
|
|-heal|p2a: Kyurem|76/100|[from] Grassy Terrain
|-heal|p1a: Rillaboom|49/100|[from] Grassy Terrain
|upkeep
|turn|31
|
|t:|1757909582
|move|p1a: Rillaboom|Grassy Glide|p2a: Kyurem
|-resisted|p2a: Kyurem
|-damage|p2a: Kyurem|50/100
|move|p2a: Kyurem|Dragon Dance|p2a: Kyurem
|-boost|p2a: Kyurem|atk|1
|-boost|p2a: Kyurem|spe|1
|
|-heal|p2a: Kyurem|56/100|[from] Grassy Terrain
|-heal|p1a: Rillaboom|56/100|[from] Grassy Terrain
|upkeep
|turn|32
|
|t:|1757909599
|switch|p1a: Kyurem|Kyurem|100/100
|-ability|p1a: Kyurem|Pressure
|move|p2a: Kyurem|Icicle Spear|p1a: Kyurem
|-crit|p1a: Kyurem
|-damage|p1a: Kyurem|65/100
|-damage|p1a: Kyurem|40/100
|-damage|p1a: Kyurem|16/100
|-damage|p1a: Kyurem|0 fnt
|faint|p1a: Kyurem
|-hitcount|p1: Kyurem|4
|
|-heal|p2a: Kyurem|62/100|[from] Grassy Terrain
|-fieldend|move: Grassy Terrain
|upkeep
|inactive|LILNASXXXTENTACION has 120 seconds left.
|
|t:|1757909618
|switch|p1a: Gholdengo|Gholdengo|100/100
|-item|p1a: Gholdengo|Air Balloon
|turn|33
|
|t:|1757909627
|move|p2a: Kyurem|Icicle Spear|p1a: Gholdengo
|-resisted|p1a: Gholdengo
|-damage|p1a: Gholdengo|91/100
|-enditem|p1a: Gholdengo|Air Balloon
|-resisted|p1a: Gholdengo
|-damage|p1a: Gholdengo|82/100
|-resisted|p1a: Gholdengo
|-damage|p1a: Gholdengo|72/100
|-resisted|p1a: Gholdengo
|-damage|p1a: Gholdengo|63/100
|-hitcount|p1a: Gholdengo|4
|move|p1a: Gholdengo|Make It Rain|p2a: Kyurem
|-supereffective|p2a: Kyurem
|-damage|p2a: Kyurem|0 fnt
|-unboost|p1a: Gholdengo|spa|1
|faint|p2a: Kyurem
|
|win|LILNASXXXTENTACION
|raw|LILNASXXXTENTACION's rating: 1312 &rarr; <strong>1331</strong><br />(+19 for winning)
|raw|MyNameJeeeeff's rating: 1286 &rarr; <strong>1263</strong><br />(-23 for losing)
|l|☆MyNameJeeeeff
|player|p2|
|l|☆LILNASXXXTENTACION
|player|p1|
