|j|☆BenthicBobby2006
|j|☆kbuysckcndlwui
|t:|1757948138
|gametype|singles
|player|p1|BenthicBobby2006|brendan|1060
|player|p2|kbuysckcndlwui|blackbelt-gen4dp|1083
|gen|9
|tier|[Gen 9] OU
|rated|
|rule|HP Percentage Mod: HP is shown in percentages
|rule|Endless Battle Clause: Forcing endless battles is banned
|rule|Species Clause: Limit one of each Pokémon
|rule|OHKO Clause: OHKO moves are banned
|rule|Evasion Items Clause: Evasion items are banned
|rule|Evasion Moves Clause: Evasion moves are banned
|rule|Evasion Abilities Clause: Evasion abilities are banned
|rule|Sleep Moves Clause: Sleep-inducing moves are banned
|clearpoke
|poke|p1|Glimmora, M|
|poke|p1|Dragonite, M|
|poke|p1|Alomomola, M|
|poke|p1|Zapdos|
|poke|p1|Garganacl, M|
|poke|p1|Clodsire, M|
|poke|p2|Ninetales-Alola, F|
|poke|p2|Galvantula, F|
|poke|p2|Skeledirge, M|
|poke|p2|Gliscor, M|
|poke|p2|Samurott-Hisui, M|
|poke|p2|Lurantis, M|
|teampreview
|inactive|Battle timer is ON: inactive players will automatically lose when time's up. (requested by BenthicBobby2006)
|
|t:|1757948152
|teamsize|p1|6
|teamsize|p2|6
|start
|switch|p1a: Cyanide|Glimmora, M|100/100
|switch|p2a: Galvantula|Galvantula, F|100/100
|turn|1
|l|☆BenthicBobby2006
|inactive|BenthicBobby2006 disconnected and has a minute to reconnect!
|player|p1|
|j|☆BenthicBobby2006
|inactive|BenthicBobby2006 reconnected and has 140 seconds left.
|player|p1|BenthicBobby2006|brendan|
|inactive|BenthicBobby2006 has 120 seconds left.
|
|t:|1757948184
|move|p2a: Galvantula|Volt Switch|p1a: Cyanide
|-damage|p1a: Cyanide|59/100
|
|t:|1757948187
|switch|p2a: Skeledirge|Skeledirge, M|100/100|[from] Volt Switch
|move|p1a: Cyanide|Earth Power|p2a: Skeledirge
|-supereffective|p2a: Skeledirge
|-damage|p2a: Skeledirge|36/100
|-unboost|p2a: Skeledirge|spd|1
|
|upkeep
|turn|2
|inactive|BenthicBobby2006 has 120 seconds left.
|
|t:|1757948210
|switch|p2a: Lurantis|Lurantis, M|100/100
|move|p1a: Cyanide|Earth Power|p2a: Lurantis
|-resisted|p2a: Lurantis
|-damage|p2a: Lurantis|83/100
|
|upkeep
|turn|3
|inactive|BenthicBobby2006 has 120 seconds left.
|
|t:|1757948217
|move|p1a: Cyanide|Mortal Spin|p2a: Lurantis
|-supereffective|p2a: Lurantis
|-damage|p2a: Lurantis|69/100
|-status|p2a: Lurantis|psn
|move|p2a: Lurantis|Leaf Storm|p1a: Cyanide
|-damage|p1a: Cyanide|9/100
|-boost|p2a: Lurantis|spa|2
|
|-damage|p2a: Lurantis|57/100 psn|[from] psn
|upkeep
|turn|4
|inactive|BenthicBobby2006 has 120 seconds left.
|
|t:|1757948229
|switch|p1a: Carthage|Garganacl, M|100/100
|move|p2a: Lurantis|Leaf Storm|p1a: Carthage
|-supereffective|p1a: Carthage
|-damage|p1a: Carthage|0 fnt
|-boost|p2a: Lurantis|spa|2
|faint|p1a: Carthage
|
|-damage|p2a: Lurantis|45/100 psn|[from] psn
|upkeep
|inactive|BenthicBobby2006 has 120 seconds left.
|
|t:|1757948242
|switch|p1a: Éclair|Clodsire, M|100/100
|turn|5
|inactive|BenthicBobby2006 has 120 seconds left.
|
|t:|1757948252
|move|p2a: Lurantis|Superpower|p1a: Éclair
|-resisted|p1a: Éclair
|-damage|p1a: Éclair|80/100
|-boost|p2a: Lurantis|atk|1
|-boost|p2a: Lurantis|def|1
|move|p1a: Éclair|Sludge Bomb|p2a: Lurantis
|-supereffective|p2a: Lurantis
|-crit|p2a: Lurantis
|-damage|p2a: Lurantis|0 fnt
|faint|p2a: Lurantis
|
|-heal|p1a: Éclair|86/100|[from] item: Leftovers
|upkeep
|
|t:|1757948264
|switch|p2a: Ninetales|Ninetales-Alola, F|100/100
|-weather|Snowscape|[from] ability: Snow Warning|[of] p2a: Ninetales
|turn|6
|inactive|BenthicBobby2006 has 120 seconds left.
|
|t:|1757948303
|switch|p1a: Cyanide|Glimmora, M|9/100
|move|p2a: Ninetales|Aurora Veil|p2a: Ninetales
|-sidestart|p2: kbuysckcndlwui|move: Aurora Veil
|
|-weather|Snowscape|[upkeep]
|upkeep
|turn|7
|
|t:|1757948314
|move|p2a: Ninetales|Freeze-Dry|p1a: Cyanide
|-damage|p1a: Cyanide|0 fnt
|faint|p1a: Cyanide
|
|-weather|Snowscape|[upkeep]
|upkeep
|inactive|BenthicBobby2006 has 90 seconds left.
|
|t:|1757948346
|switch|p1a: Imagine Dragonites|Dragonite, M|100/100
|turn|8
|
|t:|1757948352
|move|p2a: Ninetales|Moonblast|p1a: Imagine Dragonites
|-supereffective|p1a: Imagine Dragonites
|-damage|p1a: Imagine Dragonites|66/100
|move|p1a: Imagine Dragonites|Body Press|p2a: Ninetales
|-damage|p2a: Ninetales|91/100
|
|-weather|Snowscape|[upkeep]
|upkeep
|turn|9
|inactive|BenthicBobby2006 has 90 seconds left.
|
|t:|1757948364
|switch|p1a: Éclair|Clodsire, M|86/100
|move|p2a: Ninetales|Foul Play|p1a: Éclair
|-damage|p1a: Éclair|66/100
|
|-weather|Snowscape|[upkeep]
|-heal|p1a: Éclair|72/100|[from] item: Leftovers
|upkeep
|turn|10
|
|t:|1757948373
|move|p2a: Ninetales|Freeze-Dry|p1a: Éclair
|-supereffective|p1a: Éclair
|-damage|p1a: Éclair|41/100
|move|p1a: Éclair|Sludge Bomb|p2a: Ninetales
|-supereffective|p2a: Ninetales
|-damage|p2a: Ninetales|72/100
|
|-weather|none
|-heal|p1a: Éclair|47/100|[from] item: Leftovers
|upkeep
|turn|11
|inactive|BenthicBobby2006 has 90 seconds left.
|
|t:|1757948388
|move|p2a: Ninetales|Freeze-Dry|p1a: Éclair
|-supereffective|p1a: Éclair
|-damage|p1a: Éclair|18/100
|move|p1a: Éclair|Sludge Bomb|p2a: Ninetales
|-supereffective|p2a: Ninetales
|-damage|p2a: Ninetales|53/100
|-status|p2a: Ninetales|psn
|
|-heal|p1a: Éclair|24/100|[from] item: Leftovers
|-damage|p2a: Ninetales|41/100 psn|[from] psn
|upkeep
|turn|12
|inactive|BenthicBobby2006 has 90 seconds left.
|
|t:|1757948399
|move|p2a: Ninetales|Freeze-Dry|p1a: Éclair
|-supereffective|p1a: Éclair
|-damage|p1a: Éclair|0 fnt
|faint|p1a: Éclair
|
|-damage|p2a: Ninetales|28/100 psn|[from] psn
|upkeep
|inactive|BenthicBobby2006 has 90 seconds left.
|
|t:|1757948410
|switch|p1a: Fresh Prince|Alomomola, M|100/100
|turn|13
|inactive|BenthicBobby2006 has 90 seconds left.
|inactive|BenthicBobby2006 has 60 seconds left.
|
|t:|1757948449
|switch|p2a: Gliscor|Gliscor, M|100/100
|move|p1a: Fresh Prince|Scald|p2a: Gliscor
|-supereffective|p2a: Gliscor
|-damage|p2a: Gliscor|86/100
|
|-sideend|p2: kbuysckcndlwui|move: Aurora Veil
|-status|p2a: Gliscor|tox|[from] item: Toxic Orb
|upkeep
|turn|14
|inactive|BenthicBobby2006 has 60 seconds left.
|
|t:|1757948460
|move|p2a: Gliscor|Knock Off|p1a: Fresh Prince
|-damage|p1a: Fresh Prince|83/100
|-enditem|p1a: Fresh Prince|Damp Rock|[from] move: Knock Off|[of] p2a: Gliscor
|move|p1a: Fresh Prince|Rain Dance|p1a: Fresh Prince
|-weather|RainDance
|
|-weather|RainDance|[upkeep]
|-heal|p2a: Gliscor|99/100 tox|[from] ability: Poison Heal
|upkeep
|turn|15
|
|t:|1757948468
|move|p2a: Gliscor|Toxic|p1a: Fresh Prince
|-status|p1a: Fresh Prince|tox
|move|p1a: Fresh Prince|Flip Turn|p2a: Gliscor
|-supereffective|p2a: Gliscor
|-damage|p2a: Gliscor|54/100 tox
|inactive|BenthicBobby2006 has 60 seconds left.
|
|t:|1757948478
|switch|p1a: AC/DC|Zapdos|100/100|[from] Flip Turn
|-ability|p1a: AC/DC|Pressure
|
|-weather|RainDance|[upkeep]
|-heal|p2a: Gliscor|67/100 tox|[from] ability: Poison Heal
|upkeep
|turn|16
|
|t:|1757948486
|move|p1a: AC/DC|Hurricane|p2a: Gliscor
|-damage|p2a: Gliscor|2/100 tox
|move|p2a: Gliscor|Knock Off|p1a: AC/DC
|-damage|p1a: AC/DC|72/100
|-enditem|p1a: AC/DC|Wide Lens|[from] move: Knock Off|[of] p2a: Gliscor
|
|-weather|RainDance|[upkeep]
|-heal|p2a: Gliscor|14/100 tox|[from] ability: Poison Heal
|upkeep
|turn|17
|
|t:|1757948495
|move|p2a: Gliscor|Protect|p2a: Gliscor
|-singleturn|p2a: Gliscor|Protect
|move|p1a: AC/DC|Hurricane|p2a: Gliscor
|-activate|p2a: Gliscor|move: Protect
|
|-weather|RainDance|[upkeep]
|-heal|p2a: Gliscor|26/100 tox|[from] ability: Poison Heal
|upkeep
|turn|18
|
|t:|1757948505
|switch|p2a: Ninetales|Ninetales-Alola, F|28/100 psn
|-weather|Snowscape|[from] ability: Snow Warning|[of] p2a: Ninetales
|move|p1a: AC/DC|Hurricane|p2a: Ninetales
|-damage|p2a: Ninetales|0 fnt
|faint|p2a: Ninetales
|
|-weather|Snowscape|[upkeep]
|upkeep
|
|t:|1757948519
|switch|p2a: Skeledirge|Skeledirge, M|36/100
|turn|19
|
|t:|1757948525
|move|p1a: AC/DC|Hurricane|p2a: Skeledirge
|-damage|p2a: Skeledirge|0 fnt
|faint|p2a: Skeledirge
|
|-weather|Snowscape|[upkeep]
|upkeep
|
|t:|1757948528
|switch|p2a: Galvantula|Galvantula, F|100/100
|turn|20
|inactive|BenthicBobby2006 has 90 seconds left.
|
|t:|1757948542
|move|p2a: Galvantula|Thunder|p1a: AC/DC
|-damage|p1a: AC/DC|17/100
|move|p1a: AC/DC|Hurricane|p2a: Galvantula
|-damage|p2a: Galvantula|5/100
|-start|p2a: Galvantula|confusion
|
|-weather|Snowscape|[upkeep]
|upkeep
|turn|21
|inactive|BenthicBobby2006 has 90 seconds left.
|
|t:|1757948562
|switch|p2a: Gliscor|Gliscor, M|26/100 tox
|move|p1a: AC/DC|Hurricane|p2a: Gliscor
|-damage|p2a: Gliscor|0 fnt
|faint|p2a: Gliscor
|
|-weather|Snowscape|[upkeep]
|upkeep
|
|t:|1757948569
|switch|p2a: Galvantula|Galvantula, F|5/100
|turn|22
|
|t:|1757948578
|switch|p1a: Imagine Dragonites|Dragonite, M|66/100
|move|p2a: Galvantula|Volt Switch|p1a: Imagine Dragonites
|-damage|p1a: Imagine Dragonites|34/100
|
|t:|1757948580
|switch|p2a: Samurott|Samurott-Hisui, M|100/100|[from] Volt Switch
|
|-weather|none
|upkeep
|turn|23
|
|t:|1757948597
|-terastallize|p2a: Samurott|Water
|-terastallize|p1a: Imagine Dragonites|Fighting
|move|p2a: Samurott|Ceaseless Edge|p1a: Imagine Dragonites|[miss]
|-miss|p2a: Samurott|p1a: Imagine Dragonites
|move|p1a: Imagine Dragonites|Body Press|p2a: Samurott
|-damage|p2a: Samurott|66/100
|
|upkeep
|turn|24
|
|t:|1757948608
|move|p2a: Samurott|Razor Shell|p1a: Imagine Dragonites
|-damage|p1a: Imagine Dragonites|0 fnt
|faint|p1a: Imagine Dragonites
|
|upkeep
|
|t:|1757948613
|switch|p1a: Fresh Prince|Alomomola, M|100/100 tox
|turn|25
|
|t:|1757948620
|move|p2a: Samurott|Sacred Sword|p1a: Fresh Prince
|-damage|p1a: Fresh Prince|67/100 tox
|move|p1a: Fresh Prince|Rain Dance|p1a: Fresh Prince
|-weather|RainDance
|
|-weather|RainDance|[upkeep]
|-damage|p1a: Fresh Prince|61/100 tox|[from] psn
|upkeep
|turn|26
|
|t:|1757948628
|move|p2a: Samurott|Razor Shell|p1a: Fresh Prince|[miss]
|-miss|p2a: Samurott|p1a: Fresh Prince
|move|p1a: Fresh Prince|Scald|p2a: Samurott
|-resisted|p2a: Samurott
|-damage|p2a: Samurott|57/100
|-status|p2a: Samurott|brn
|
|-weather|RainDance|[upkeep]
|-damage|p1a: Fresh Prince|49/100 tox|[from] psn
|-damage|p2a: Samurott|51/100 brn|[from] brn
|upkeep
|turn|27
|
|t:|1757948638
|move|p2a: Samurott|Razor Shell|p1a: Fresh Prince
|-resisted|p1a: Fresh Prince
|-damage|p1a: Fresh Prince|28/100 tox
|move|p1a: Fresh Prince|Zen Headbutt|p2a: Samurott
|-crit|p2a: Samurott
|-damage|p2a: Samurott|10/100 brn
|
|-weather|RainDance|[upkeep]
|-damage|p1a: Fresh Prince|9/100 tox|[from] psn
|-damage|p2a: Samurott|4/100 brn|[from] brn
|upkeep
|turn|28
|
|t:|1757948653
|move|p2a: Samurott|Flip Turn|p1a: Fresh Prince
|-resisted|p1a: Fresh Prince
|-damage|p1a: Fresh Prince|0 fnt
|faint|p1a: Fresh Prince
|
|t:|1757948655
|switch|p2a: Galvantula|Galvantula, F|5/100|[from] Flip Turn
|
|-weather|RainDance|[upkeep]
|upkeep
|
|t:|1757948663
|switch|p1a: AC/DC|Zapdos|17/100
|-ability|p1a: AC/DC|Pressure
|turn|29
|
|t:|1757948670
|move|p2a: Galvantula|Thunder|p1a: AC/DC
|-damage|p1a: AC/DC|0 fnt
|faint|p1a: AC/DC
|
|win|kbuysckcndlwui
|raw|BenthicBobby2006's rating: 1060 &rarr; <strong>1042</strong><br />(-18 for losing)
|raw|kbuysckcndlwui's rating: 1083 &rarr; <strong>1109</strong><br />(+26 for winning)
|c|☆BenthicBobby2006|Gg
|c|☆kbuysckcndlwui|Gg
|l|☆kbuysckcndlwui
|player|p2|
|l|☆BenthicBobby2006
|player|p1|
