|j|☆sdv38
|j|‽jkelley9975
|t:|1757911065
|gametype|singles
|player|p1|sdv38|169|1261
|player|p2|jkelley9975|harlequin|1294
|gen|9
|tier|[Gen 9] OU
|rated|
|rule|HP Percentage Mod: HP is shown in percentages
|rule|Endless Battle Clause: Forcing endless battles is banned
|rule|Species Clause: Limit one of each Pokémon
|rule|OHKO Clause: OHKO moves are banned
|rule|Evasion Items Clause: Evasion items are banned
|rule|Evasion Moves Clause: Evasion moves are banned
|rule|Evasion Abilities Clause: Evasion abilities are banned
|rule|Sleep Moves Clause: Sleep-inducing moves are banned
|clearpoke
|poke|p1|Blaziken, M|
|poke|p1|Ursaluna, M|
|poke|p1|Mimikyu, M|
|poke|p1|Indeedee, M|
|poke|p1|Hatterene, F|
|poke|p1|Hoopa-Unbound|
|poke|p2|Walking Wake|
|poke|p2|Ninetales, M|
|poke|p2|Hatterene, F|
|poke|p2|Landorus-Therian, M|
|poke|p2|Heatran, F|
|poke|p2|Slither Wing|
|teampreview
|inactive|Battle timer is ON: inactive players will automatically lose when time's up. (requested by sdv38)
|inactive|jkelley9975 has 120 seconds left.
|
|t:|1757911099
|teamsize|p1|6
|teamsize|p2|6
|start
|switch|p1a: Indeedee|Indeedee, M|100/100
|switch|p2a: Heatran|Heatran, F, shiny|100/100
|-item|p2a: Heatran|Air Balloon
|-fieldstart|move: Psychic Terrain|[from] ability: Psychic Surge|[of] p1a: Indeedee
|turn|1
|
|t:|1757911113
|switch|p1a: Mimikyu|Mimikyu, M|100/100
|move|p2a: Heatran|Magma Storm|p1a: Mimikyu
|-activate|p1a: Mimikyu|ability: Disguise
|-damage|p1a: Mimikyu|100/100
|-activate|p1a: Mimikyu|move: Magma Storm|[of] p2a: Heatran
|detailschange|p1a: Mimikyu|Mimikyu-Busted, M
|-damage|p1a: Mimikyu|88/100|[from] pokemon: Mimikyu-Busted
|-enditem|p1a: Mimikyu|Red Card|[of] p2a: Heatran
|drag|p2a: Walking Wake|Walking Wake|100/100
|
|-end|p1a: Mimikyu|Magma Storm|[partiallytrapped]|[silent]
|upkeep
|turn|2
|
|t:|1757911123
|move|p2a: Walking Wake|Flip Turn|p1a: Mimikyu
|-damage|p1a: Mimikyu|72/100
|
|t:|1757911128
|-end|p2a: Walking Wake|Protosynthesis|[silent]
|switch|p2a: Ninetales|Ninetales, M, shiny|100/100|[from] Flip Turn
|-weather|SunnyDay|[from] ability: Drought|[of] p2a: Ninetales
|move|p1a: Mimikyu|Trick Room|p1a: Mimikyu
|-fieldstart|move: Trick Room|[of] p1a: Mimikyu
|
|-weather|SunnyDay|[upkeep]
|upkeep
|turn|3
|
|t:|1757911144
|switch|p1a: Hoopa|Hoopa-Unbound|100/100
|-enditem|p1a: Hoopa|Psychic Seed
|-boost|p1a: Hoopa|spd|1|[from] item: Psychic Seed
|move|p2a: Ninetales|Will-O-Wisp|p1a: Hoopa
|-status|p1a: Hoopa|brn
|
|-weather|SunnyDay|[upkeep]
|-damage|p1a: Hoopa|94/100 brn|[from] brn
|upkeep
|turn|4
|
|t:|1757911158
|switch|p2a: Heatran|Heatran, F, shiny|100/100
|-item|p2a: Heatran|Air Balloon
|move|p1a: Hoopa|Expanding Force|p2a: Heatran
|-resisted|p2a: Heatran
|-damage|p2a: Heatran|48/100
|-enditem|p2a: Heatran|Air Balloon
|
|-weather|SunnyDay|[upkeep]
|-damage|p1a: Hoopa|88/100 brn|[from] brn
|upkeep
|turn|5
|
|t:|1757911166
|switch|p2a: Hatterene|Hatterene, F, shiny|100/100
|move|p1a: Hoopa|Expanding Force|p2a: Hatterene
|-resisted|p2a: Hatterene
|-damage|p2a: Hatterene|52/100
|-item|p1a: Hoopa|Custap Berry|[from] ability: Magician|[of] p2a: Hatterene
|
|-weather|SunnyDay|[upkeep]
|-damage|p1a: Hoopa|82/100 brn|[from] brn
|upkeep
|turn|6
|
|t:|1757911176
|move|p2a: Hatterene|Psychic Noise|p1a: Hoopa
|-immune|p1a: Hoopa
|move|p1a: Hoopa|Hyperspace Fury|p2a: Hatterene
|-damage|p2a: Hatterene|30/100
|-unboost|p1a: Hoopa|def|1
|
|-weather|SunnyDay|[upkeep]
|-damage|p1a: Hoopa|76/100 brn|[from] brn
|-fieldend|move: Trick Room
|upkeep
|turn|7
|
|t:|1757911186
|move|p1a: Hoopa|Expanding Force|p2a: Hatterene
|-resisted|p2a: Hatterene
|-damage|p2a: Hatterene|0 fnt
|faint|p2a: Hatterene
|
|-weather|SunnyDay|[upkeep]
|-damage|p1a: Hoopa|70/100 brn|[from] brn
|upkeep
|
|t:|1757911191
|switch|p2a: Slither Wing|Slither Wing, shiny|100/100
|-activate|p2a: Slither Wing|ability: Protosynthesis
|-start|p2a: Slither Wing|protosynthesisatk
|turn|8
|
|t:|1757911204
|move|p2a: Slither Wing|U-turn|p1a: Hoopa
|-supereffective|p1a: Hoopa
|-damage|p1a: Hoopa|0 fnt
|faint|p1a: Hoopa
|
|t:|1757911208
|-end|p2a: Slither Wing|Protosynthesis|[silent]
|switch|p2a: Walking Wake|Walking Wake|100/100|[from] U-turn
|-activate|p2a: Walking Wake|ability: Protosynthesis
|-start|p2a: Walking Wake|protosynthesisspe
|
|-weather|SunnyDay|[upkeep]
|-fieldend|move: Psychic Terrain
|upkeep
|
|t:|1757911211
|switch|p1a: Hatterene|Hatterene, F|100/100
|turn|9
|
|t:|1757911220
|-terastallize|p2a: Walking Wake|Water
|move|p2a: Walking Wake|Hydro Steam|p1a: Hatterene
|-damage|p1a: Hatterene|0 fnt
|faint|p1a: Hatterene
|
|-weather|none
|-end|p2a: Walking Wake|Protosynthesis
|upkeep
|
|t:|1757911227
|switch|p1a: Mimikyu|Mimikyu-Busted, M|72/100
|turn|10
|
|t:|1757911230
|-end|p2a: Walking Wake|Protosynthesis|[silent]
|switch|p2a: Ninetales|Ninetales, M, shiny|100/100
|-weather|SunnyDay|[from] ability: Drought|[of] p2a: Ninetales
|move|p1a: Mimikyu|Trick Room|p1a: Mimikyu
|-fieldstart|move: Trick Room|[of] p1a: Mimikyu
|
|-weather|SunnyDay|[upkeep]
|upkeep
|turn|11
|
|t:|1757911247
|switch|p1a: Ursaluna|Ursaluna, M|100/100
|move|p2a: Ninetales|Healing Wish|p2a: Ninetales
|faint|p2a: Ninetales
|
|-weather|SunnyDay|[upkeep]
|-status|p1a: Ursaluna|brn|[from] item: Flame Orb
|upkeep
|
|t:|1757911250
|switch|p2a: Heatran|Heatran, F, shiny|48/100
|-heal|p2a: Heatran|100/100|[from] move: Healing Wish
|turn|12
|
|t:|1757911260
|switch|p2a: Landorus|Landorus-Therian, M, shiny|100/100
|-ability|p2a: Landorus|Intimidate|boost
|-unboost|p1a: Ursaluna|atk|1
|-terastallize|p1a: Ursaluna|Normal
|move|p1a: Ursaluna|Facade|p2a: Landorus
|-damage|p2a: Landorus|0 fnt
|-damage|p1a: Ursaluna|84/100 brn|[from] item: Rocky Helmet|[of] p2a: Landorus
|faint|p2a: Landorus
|
|-weather|SunnyDay|[upkeep]
|-damage|p1a: Ursaluna|78/100 brn|[from] brn
|upkeep
|
|t:|1757911272
|switch|p2a: Slither Wing|Slither Wing, shiny|100/100
|-activate|p2a: Slither Wing|ability: Protosynthesis
|-start|p2a: Slither Wing|protosynthesisatk
|turn|13
|
|t:|1757911278
|switch|p1a: Indeedee|Indeedee, M|100/100
|-fieldstart|move: Psychic Terrain|[from] ability: Psychic Surge|[of] p1a: Indeedee
|move|p2a: Slither Wing|First Impression|p1a: Indeedee
|-activate|p1a: Indeedee|move: Psychic Terrain
|
|-weather|SunnyDay|[upkeep]
|upkeep
|turn|14
|
|t:|1757911288
|move|p1a: Indeedee|Encore|p2a: Slither Wing
|-start|p2a: Slither Wing|Encore
|move|p2a: Slither Wing|First Impression||[still]
|-hint|First Impression only works on your first turn out.
|-fail|p2a: Slither Wing
|
|-weather|SunnyDay|[upkeep]
|-fieldend|move: Trick Room
|upkeep
|turn|15
|
|t:|1757911293
|-end|p2a: Slither Wing|Protosynthesis|[silent]
|switch|p2a: Heatran|Heatran, F, shiny|100/100
|switch|p1a: Mimikyu|Mimikyu-Busted, M|72/100
|
|-weather|SunnyDay|[upkeep]
|upkeep
|turn|16
|
|t:|1757911301
|move|p2a: Heatran|Magma Storm|p1a: Mimikyu
|-damage|p1a: Mimikyu|0 fnt
|faint|p1a: Mimikyu
|
|-weather|SunnyDay|[upkeep]
|upkeep
|
|t:|1757911306
|switch|p1a: Ursaluna|Ursaluna, M, tera:Normal|78/100 brn
|turn|17
|
|t:|1757911313
|move|p2a: Heatran|Magma Storm|p1a: Ursaluna|[miss]
|-miss|p2a: Heatran|p1a: Ursaluna
|move|p1a: Ursaluna|Headlong Rush|p2a: Heatran
|-supereffective|p2a: Heatran
|-damage|p2a: Heatran|0 fnt
|-unboost|p1a: Ursaluna|def|1
|-unboost|p1a: Ursaluna|spd|1
|faint|p2a: Heatran
|
|-weather|none
|-damage|p1a: Ursaluna|72/100 brn|[from] brn
|upkeep
|
|t:|1757911315
|switch|p2a: Walking Wake|Walking Wake, tera:Water|100/100
|turn|18
|
|t:|1757911320
|move|p2a: Walking Wake|Hydro Steam|p1a: Ursaluna
|-damage|p1a: Ursaluna|0 fnt
|faint|p1a: Ursaluna
|
|upkeep
|
|t:|1757911324
|switch|p1a: Indeedee|Indeedee, M|100/100
|turn|19
|
|t:|1757911333
|move|p2a: Walking Wake|Hydro Steam|p1a: Indeedee
|-damage|p1a: Indeedee|34/100
|move|p1a: Indeedee|Expanding Force|p2a: Walking Wake
|-damage|p2a: Walking Wake|35/100
|
|upkeep
|turn|20
|
|t:|1757911336
|move|p2a: Walking Wake|Hydro Steam|p1a: Indeedee
|-damage|p1a: Indeedee|0 fnt
|faint|p1a: Indeedee
|
|-fieldend|move: Psychic Terrain
|upkeep
|
|t:|1757911338
|switch|p1a: Blaziken|Blaziken, M, shiny|100/100
|turn|21
|
|t:|1757911341
|move|p1a: Blaziken|Protect|p1a: Blaziken
|-singleturn|p1a: Blaziken|Protect
|move|p2a: Walking Wake|Hydro Steam|p1a: Blaziken
|-activate|p1a: Blaziken|move: Protect
|
|-ability|p1a: Blaziken|Speed Boost|boost
|-boost|p1a: Blaziken|spe|1
|upkeep
|turn|22
|
|t:|1757911350
|move|p1a: Blaziken|Close Combat|p2a: Walking Wake
|-damage|p2a: Walking Wake|0 fnt
|-unboost|p1a: Blaziken|def|1
|-unboost|p1a: Blaziken|spd|1
|faint|p2a: Walking Wake
|-end|p2a: Walking Wake|Protosynthesis|[silent]
|
|-ability|p1a: Blaziken|Speed Boost|boost
|-boost|p1a: Blaziken|spe|1
|upkeep
|
|t:|1757911353
|switch|p2a: Slither Wing|Slither Wing, shiny|100/100
|turn|23
|
|t:|1757911358
|move|p1a: Blaziken|Protect|p1a: Blaziken
|-singleturn|p1a: Blaziken|Protect
|move|p2a: Slither Wing|First Impression|p1a: Blaziken
|-activate|p1a: Blaziken|move: Protect
|
|-ability|p1a: Blaziken|Speed Boost|boost
|-boost|p1a: Blaziken|spe|1
|upkeep
|turn|24
|
|t:|1757911361
|move|p1a: Blaziken|Flare Blitz|p2a: Slither Wing
|-supereffective|p2a: Slither Wing
|-damage|p2a: Slither Wing|0 fnt
|faint|p2a: Slither Wing
|-end|p2a: Slither Wing|Protosynthesis|[silent]
|-damage|p1a: Blaziken|65/100|[from] Recoil
|
|win|sdv38
|raw|sdv38's rating: 1261 &rarr; <strong>1288</strong><br />(+27 for winning)
|raw|jkelley9975's rating: 1294 &rarr; <strong>1267</strong><br />(-27 for losing)
|l|‽jkelley9975
|player|p2|
|l|☆sdv38
|player|p1|
