|j|☆Narukami_D.
|j|☆Jack.Lion710
|t:|1757904244
|gametype|singles
|player|p1|Narukami_D.|1|1191
|player|p2|Jack.Lion710|265|1247
|gen|9
|tier|[Gen 9] OU
|rated|
|rule|HP Percentage Mod: HP is shown in percentages
|rule|Endless Battle Clause: Forcing endless battles is banned
|rule|Species Clause: Limit one of each Pokémon
|rule|OHKO Clause: OHKO moves are banned
|rule|Evasion Items Clause: Evasion items are banned
|rule|Evasion Moves Clause: Evasion moves are banned
|rule|Evasion Abilities Clause: Evasion abilities are banned
|rule|Sleep Moves Clause: Sleep-inducing moves are banned
|clearpoke
|poke|p1|Kyurem|
|poke|p1|Iron Moth|
|poke|p1|Kingambit, M|
|poke|p1|Landorus-Therian, M|
|poke|p1|Hatterene, F|
|poke|p1|Zamazenta-*|
|poke|p2|Kingambit, M|
|poke|p2|Great Tusk|
|poke|p2|Dragapult, F|
|poke|p2|Rotom-Wash|
|poke|p2|Ting-Lu|
|poke|p2|Iron Valiant|
|teampreview
|
|t:|1757904252
|teamsize|p1|6
|teamsize|p2|6
|start
|switch|p1a: Landorus|Landorus-Therian, M|100/100
|switch|p2a: Rotom|Rotom-Wash|100/100
|-ability|p1a: Landorus|Intimidate|boost
|-unboost|p2a: Rotom|atk|1
|turn|1
|
|t:|1757904260
|move|p1a: Landorus|Stealth Rock|p2a: Rotom
|-sidestart|p2: Jack.Lion710|move: Stealth Rock
|move|p2a: Rotom|Hydro Pump|p1a: Landorus
|-supereffective|p1a: Landorus
|-damage|p1a: Landorus|20/100
|
|upkeep
|turn|2
|
|t:|1757904271
|move|p1a: Landorus|U-turn|p2a: Rotom
|-damage|p2a: Rotom|76/100
|
|t:|1757904276
|switch|p1a: Kyurem|Kyurem|100/100|[from] U-turn
|-ability|p1a: Kyurem|Pressure
|move|p2a: Rotom|Will-O-Wisp|p1a: Kyurem
|-status|p1a: Kyurem|brn
|
|-heal|p2a: Rotom|82/100|[from] item: Leftovers
|-damage|p1a: Kyurem|94/100 brn|[from] brn
|upkeep
|turn|3
|
|t:|1757904289
|move|p1a: Kyurem|Dragon Dance|p1a: Kyurem
|-boost|p1a: Kyurem|atk|1
|-boost|p1a: Kyurem|spe|1
|move|p2a: Rotom|Pain Split|p1a: Kyurem
|-sethp|p1a: Kyurem|79/100 brn|[from] move: Pain Split|[silent]
|-sethp|p2a: Rotom|100/100|[from] move: Pain Split
|
|-damage|p1a: Kyurem|73/100 brn|[from] brn
|upkeep
|turn|4
|
|t:|1757904297
|move|p1a: Kyurem|Dragon Dance|p1a: Kyurem
|-boost|p1a: Kyurem|atk|1
|-boost|p1a: Kyurem|spe|1
|move|p2a: Rotom|Volt Switch|p1a: Kyurem
|-resisted|p1a: Kyurem
|-damage|p1a: Kyurem|62/100 brn
|
|t:|1757904302
|switch|p2a: Ting-Lu|Ting-Lu|100/100|[from] Volt Switch
|-ability|p2a: Ting-Lu|Vessel of Ruin
|
|-damage|p1a: Kyurem|56/100 brn|[from] brn
|upkeep
|turn|5
|
|t:|1757904312
|move|p1a: Kyurem|Icicle Spear|p2a: Ting-Lu
|-supereffective|p2a: Ting-Lu
|-damage|p2a: Ting-Lu|84/100
|-supereffective|p2a: Ting-Lu
|-damage|p2a: Ting-Lu|68/100
|-supereffective|p2a: Ting-Lu
|-damage|p2a: Ting-Lu|51/100
|-supereffective|p2a: Ting-Lu
|-damage|p2a: Ting-Lu|34/100
|-hitcount|p2a: Ting-Lu|4
|move|p2a: Ting-Lu|Whirlwind|p1a: Kyurem
|drag|p1a: Hatterene|Hatterene, F|100/100
|
|upkeep
|turn|6
|
|t:|1757904325
|move|p2a: Ting-Lu|Ruination|p1a: Hatterene
|-damage|p1a: Hatterene|50/100
|move|p1a: Hatterene|Dazzling Gleam|p2a: Ting-Lu
|-supereffective|p2a: Ting-Lu
|-damage|p2a: Ting-Lu|3/100
|
|upkeep
|turn|7
|
|t:|1757904339
|switch|p1a: Landorus|Landorus-Therian, M|20/100
|-ability|p1a: Landorus|Intimidate|boost
|-unboost|p2a: Ting-Lu|atk|1
|move|p2a: Ting-Lu|Earthquake|p1a: Landorus
|-immune|p1a: Landorus
|
|upkeep
|turn|8
|
|t:|1757904348
|move|p1a: Landorus|U-turn|p2a: Ting-Lu
|-supereffective|p2a: Ting-Lu
|-damage|p2a: Ting-Lu|0 fnt
|faint|p2a: Ting-Lu
|
|t:|1757904352
|switch|p1a: Kyurem|Kyurem|56/100 brn|[from] U-turn
|-ability|p1a: Kyurem|Pressure
|
|-damage|p1a: Kyurem|50/100 brn|[from] brn
|upkeep
|
|t:|1757904361
|switch|p2a: Rotom|Rotom-Wash|100/100
|-damage|p2a: Rotom|88/100|[from] Stealth Rock
|turn|9
|
|t:|1757904369
|move|p1a: Kyurem|Icicle Spear|p2a: Rotom
|-resisted|p2a: Rotom
|-damage|p2a: Rotom|84/100
|-resisted|p2a: Rotom
|-damage|p2a: Rotom|80/100
|-resisted|p2a: Rotom
|-damage|p2a: Rotom|76/100
|-resisted|p2a: Rotom
|-damage|p2a: Rotom|73/100
|-hitcount|p2a: Rotom|4
|move|p2a: Rotom|Hydro Pump|p1a: Kyurem
|-resisted|p1a: Kyurem
|-damage|p1a: Kyurem|30/100 brn
|
|-heal|p2a: Rotom|79/100|[from] item: Leftovers
|-damage|p1a: Kyurem|24/100 brn|[from] brn
|upkeep
|turn|10
|
|t:|1757904384
|move|p1a: Kyurem|Dragon Dance|p1a: Kyurem
|-boost|p1a: Kyurem|atk|1
|-boost|p1a: Kyurem|spe|1
|move|p2a: Rotom|Volt Switch|p1a: Kyurem
|-resisted|p1a: Kyurem
|-damage|p1a: Kyurem|13/100 brn
|
|t:|1757904390
|switch|p2a: Iron Valiant|Iron Valiant|100/100|[from] Volt Switch
|-damage|p2a: Iron Valiant|94/100|[from] Stealth Rock
|-enditem|p2a: Iron Valiant|Booster Energy
|-activate|p2a: Iron Valiant|ability: Quark Drive|[fromitem]
|-start|p2a: Iron Valiant|quarkdrivespe
|
|-damage|p1a: Kyurem|7/100 brn|[from] brn
|upkeep
|turn|11
|
|t:|1757904401
|move|p2a: Iron Valiant|Ice Punch|p1a: Kyurem
|-damage|p1a: Kyurem|0 fnt
|faint|p1a: Kyurem
|
|upkeep
|
|t:|1757904409
|switch|p1a: Hatterene|Hatterene, F|50/100
|turn|12
|
|t:|1757904415
|move|p2a: Iron Valiant|Thunderbolt|p1a: Hatterene
|-damage|p1a: Hatterene|21/100
|move|p1a: Hatterene|Nuzzle|p2a: Iron Valiant
|-damage|p2a: Iron Valiant|89/100
|-status|p2a: Iron Valiant|par
|
|upkeep
|turn|13
|-enditem|p1a: Hatterene|Custap Berry|[eat]
|-activate|p1a: Hatterene|item: Custap Berry|[consumed]
|
|t:|1757904424
|move|p1a: Hatterene|Psychic Noise|p2a: Iron Valiant
|-supereffective|p2a: Iron Valiant
|-damage|p2a: Iron Valiant|0 fnt
|faint|p2a: Iron Valiant
|-end|p2a: Iron Valiant|Quark Drive|[silent]
|
|upkeep
|
|t:|1757904430
|switch|p2a: Rotom|Rotom-Wash|79/100
|-damage|p2a: Rotom|66/100|[from] Stealth Rock
|turn|14
|
|t:|1757904441
|move|p2a: Rotom|Volt Switch|p1a: Hatterene
|-damage|p1a: Hatterene|0 fnt
|faint|p1a: Hatterene
|
|t:|1757904446
|switch|p2a: Great Tusk|Great Tusk|100/100|[from] Volt Switch
|-damage|p2a: Great Tusk|98/100|[from] Stealth Rock
|
|upkeep
|
|t:|1757904453
|switch|p1a: Landorus|Landorus-Therian, M|20/100
|-ability|p1a: Landorus|Intimidate|boost
|-unboost|p2a: Great Tusk|atk|1
|turn|15
|
|t:|1757904460
|move|p1a: Landorus|Earthquake|p2a: Great Tusk
|-damage|p2a: Great Tusk|75/100
|move|p2a: Great Tusk|Rapid Spin|p1a: Landorus
|-damage|p1a: Landorus|11/100
|-boost|p2a: Great Tusk|spe|1
|-damage|p2a: Great Tusk|59/100|[from] item: Rocky Helmet|[of] p1a: Landorus
|-sideend|p2: Jack.Lion710|Stealth Rock|[from] move: Rapid Spin|[of] p2a: Great Tusk
|
|upkeep
|turn|16
|
|t:|1757904469
|move|p2a: Great Tusk|Stealth Rock|p1a: Landorus
|-sidestart|p1: Narukami_D.|move: Stealth Rock
|move|p1a: Landorus|Earthquake|p2a: Great Tusk
|-damage|p2a: Great Tusk|36/100
|
|upkeep
|turn|17
|
|t:|1757904474
|move|p2a: Great Tusk|Knock Off|p1a: Landorus
|-damage|p1a: Landorus|0 fnt
|-damage|p2a: Great Tusk|19/100|[from] item: Rocky Helmet|[of] p1a: Landorus
|-enditem|p1a: Landorus|Rocky Helmet|[from] move: Knock Off|[of] p2a: Great Tusk
|faint|p1a: Landorus
|
|upkeep
|
|t:|1757904481
|switch|p1a: Iron Moth|Iron Moth|100/100
|-damage|p1a: Iron Moth|76/100|[from] Stealth Rock
|-enditem|p1a: Iron Moth|Booster Energy
|-activate|p1a: Iron Moth|ability: Quark Drive|[fromitem]
|-start|p1a: Iron Moth|quarkdrivespe
|turn|18
|inactive|Battle timer is ON: inactive players will automatically lose when time's up. (requested by Jack.Lion710)
|
|t:|1757904495
|move|p1a: Iron Moth|Dazzling Gleam|p2a: Great Tusk
|-supereffective|p2a: Great Tusk
|-damage|p2a: Great Tusk|0 fnt
|faint|p2a: Great Tusk
|-end|p2a: Great Tusk|Protosynthesis|[silent]
|
|upkeep
|
|t:|1757904500
|switch|p2a: Rotom|Rotom-Wash|66/100
|turn|19
|
|t:|1757904511
|-terastallize|p1a: Iron Moth|Fairy
|move|p1a: Iron Moth|Dazzling Gleam|p2a: Rotom
|-damage|p2a: Rotom|34/100
|move|p2a: Rotom|Hydro Pump|p1a: Iron Moth
|-damage|p1a: Iron Moth|32/100
|
|-heal|p2a: Rotom|41/100|[from] item: Leftovers
|upkeep
|turn|20
|
|t:|1757904521
|move|p1a: Iron Moth|Dazzling Gleam|p2a: Rotom
|-damage|p2a: Rotom|8/100
|move|p2a: Rotom|Hydro Pump|p1a: Iron Moth|[miss]
|-miss|p2a: Rotom|p1a: Iron Moth
|
|-heal|p2a: Rotom|14/100|[from] item: Leftovers
|upkeep
|turn|21
|
|t:|1757904530
|move|p1a: Iron Moth|Dazzling Gleam|p2a: Rotom
|-damage|p2a: Rotom|0 fnt
|faint|p2a: Rotom
|
|upkeep
|
|t:|1757904534
|switch|p2a: Dragapult|Dragapult, F, shiny|100/100
|turn|22
|
|t:|1757904541
|move|p1a: Iron Moth|Dazzling Gleam|p2a: Dragapult
|-supereffective|p2a: Dragapult
|-damage|p2a: Dragapult|0 fnt
|faint|p2a: Dragapult
|
|upkeep
|
|t:|1757904545
|switch|p2a: Kingambit|Kingambit, M|100/100
|-activate|p2a: Kingambit|ability: Supreme Overlord
|-start|p2a: Kingambit|fallen5|[silent]
|turn|23
|
|t:|1757904551
|move|p1a: Iron Moth|Dazzling Gleam|p2a: Kingambit
|-damage|p2a: Kingambit|61/100
|move|p2a: Kingambit|Stone Edge|p1a: Iron Moth
|-damage|p1a: Iron Moth|0 fnt
|faint|p1a: Iron Moth
|-end|p1a: Iron Moth|Quark Drive|[silent]
|
|-heal|p2a: Kingambit|67/100|[from] item: Leftovers
|upkeep
|
|t:|1757904558
|switch|p1a: Zamazenta|Zamazenta|100/100
|-damage|p1a: Zamazenta|95/100|[from] Stealth Rock
|-ability|p1a: Zamazenta|Dauntless Shield|boost
|-boost|p1a: Zamazenta|def|1
|turn|24
|
|t:|1757904566
|-terastallize|p2a: Kingambit|Flying
|move|p1a: Zamazenta|Iron Defense|p1a: Zamazenta
|-boost|p1a: Zamazenta|def|2
|move|p2a: Kingambit|Kowtow Cleave|p1a: Zamazenta
|-resisted|p1a: Zamazenta
|-damage|p1a: Zamazenta|84/100
|
|-heal|p1a: Zamazenta|90/100|[from] item: Leftovers
|-heal|p2a: Kingambit|74/100|[from] item: Leftovers
|upkeep
|turn|25
|
|t:|1757904576
|move|p1a: Zamazenta|Substitute|p1a: Zamazenta
|-start|p1a: Zamazenta|Substitute
|-damage|p1a: Zamazenta|65/100
|move|p2a: Kingambit|Iron Head|p1a: Zamazenta
|-activate|p1a: Zamazenta|move: Substitute|[damage]
|
|-heal|p1a: Zamazenta|71/100|[from] item: Leftovers
|-heal|p2a: Kingambit|80/100|[from] item: Leftovers
|upkeep
|turn|26
|
|t:|1757904584
|move|p1a: Zamazenta|Iron Defense|p1a: Zamazenta
|-boost|p1a: Zamazenta|def|2
|move|p2a: Kingambit|Iron Head|p1a: Zamazenta
|-end|p1a: Zamazenta|Substitute
|
|-heal|p1a: Zamazenta|77/100|[from] item: Leftovers
|-heal|p2a: Kingambit|86/100|[from] item: Leftovers
|upkeep
|turn|27
|
|t:|1757904591
|move|p1a: Zamazenta|Substitute|p1a: Zamazenta
|-start|p1a: Zamazenta|Substitute
|-damage|p1a: Zamazenta|52/100
|move|p2a: Kingambit|Iron Head|p1a: Zamazenta
|-activate|p1a: Zamazenta|move: Substitute|[damage]
|
|-heal|p1a: Zamazenta|58/100|[from] item: Leftovers
|-heal|p2a: Kingambit|92/100|[from] item: Leftovers
|upkeep
|turn|28
|
|t:|1757904598
|move|p1a: Zamazenta|Iron Defense|p1a: Zamazenta
|-boost|p1a: Zamazenta|def|1
|move|p2a: Kingambit|Kowtow Cleave|p1a: Zamazenta
|-resisted|p1a: Zamazenta
|-end|p1a: Zamazenta|Substitute
|
|-heal|p1a: Zamazenta|64/100|[from] item: Leftovers
|-heal|p2a: Kingambit|98/100|[from] item: Leftovers
|upkeep
|turn|29
|
|t:|1757904606
|move|p1a: Zamazenta|Body Press|p2a: Kingambit
|-resisted|p2a: Kingambit
|-damage|p2a: Kingambit|48/100
|move|p2a: Kingambit|Kowtow Cleave|p1a: Zamazenta
|-resisted|p1a: Zamazenta
|-damage|p1a: Zamazenta|56/100
|
|-heal|p1a: Zamazenta|62/100|[from] item: Leftovers
|-heal|p2a: Kingambit|54/100|[from] item: Leftovers
|upkeep
|turn|30
|
|t:|1757904614
|move|p1a: Zamazenta|Body Press|p2a: Kingambit
|-resisted|p2a: Kingambit
|-damage|p2a: Kingambit|3/100
|move|p2a: Kingambit|Kowtow Cleave|p1a: Zamazenta
|-resisted|p1a: Zamazenta
|-damage|p1a: Zamazenta|55/100
|
|-heal|p1a: Zamazenta|61/100|[from] item: Leftovers
|-heal|p2a: Kingambit|10/100|[from] item: Leftovers
|upkeep
|turn|31
|
|t:|1757904622
|move|p1a: Zamazenta|Body Press|p2a: Kingambit
|-resisted|p2a: Kingambit
|-damage|p2a: Kingambit|0 fnt
|faint|p2a: Kingambit
|-end|p2a: Kingambit|fallen5|[silent]
|
|win|Narukami_D.
|raw|Narukami_D.'s rating: 1191 &rarr; <strong>1220</strong><br />(+29 for winning)
|raw|Jack.Lion710's rating: 1247 &rarr; <strong>1218</strong><br />(-29 for losing)
|l|☆Jack.Lion710
|player|p2|
