|j|☆ABraviousTinkaton
|j|☆Gameprom4
|t:|1757955117
|gametype|singles
|player|p1|ABraviousTinkaton|miku-ice|1648
|player|p2|Gameprom4|169|1624
|gen|9
|tier|[Gen 9] OU
|rated|
|rule|HP Percentage Mod: HP is shown in percentages
|rule|Endless Battle Clause: Forcing endless battles is banned
|rule|Species Clause: Limit one of each Pokémon
|rule|OHKO Clause: OHKO moves are banned
|rule|Evasion Items Clause: Evasion items are banned
|rule|Evasion Moves Clause: Evasion moves are banned
|rule|Evasion Abilities Clause: Evasion abilities are banned
|rule|Sleep Moves Clause: Sleep-inducing moves are banned
|clearpoke
|poke|p1|Kyurem|
|poke|p1|Slowking-Galar, F|
|poke|p1|Landorus-Therian, M|
|poke|p1|Great Tusk|
|poke|p1|Samurott-Hisui, F|
|poke|p1|Kingambit, F|
|poke|p2|Sinistcha|
|poke|p2|Hoopa-Unbound|
|poke|p2|Scizor, F|
|poke|p2|Araquanid, F|
|poke|p2|Great Tusk|
|poke|p2|Primarina, F|
|teampreview
|inactive|Battle timer is ON: inactive players will automatically lose when time's up. (requested by Gameprom4)
|inactive|Gameprom4 has 120 seconds left.
|
|t:|1757955148
|teamsize|p1|6
|teamsize|p2|6
|start
|switch|p1a: Absolute Zero|Kyurem|100/100
|switch|p2a: Great Tusk|Great Tusk|100/100
|-ability|p1a: Absolute Zero|Pressure
|turn|1
|inactive|ABraviousTinkaton has 120 seconds left.
|
|t:|1757955180
|-end|p2a: Great Tusk|Protosynthesis|[silent]
|switch|p2a: Scizor|Scizor, F|100/100
|move|p1a: Absolute Zero|Freeze-Dry|p2a: Scizor
|-resisted|p2a: Scizor
|-damage|p2a: Scizor|60/100
|
|upkeep
|turn|2
|
|t:|1757955184
|switch|p1a: Grax|Great Tusk|100/100
|move|p2a: Scizor|Knock Off|p1a: Grax
|-resisted|p1a: Grax
|-crit|p1a: Grax
|-damage|p1a: Grax|81/100
|-damage|p2a: Scizor|44/100|[from] item: Rocky Helmet|[of] p1a: Grax
|-enditem|p1a: Grax|Rocky Helmet|[from] move: Knock Off|[of] p2a: Scizor
|
|upkeep
|turn|3
|
|t:|1757955189
|switch|p2a: Sinistcha|Sinistcha|100/100
|move|p1a: Grax|Stealth Rock|p2a: Sinistcha
|-sidestart|p2: Gameprom4|move: Stealth Rock
|
|upkeep
|turn|4
|
|t:|1757955198
|-end|p1a: Grax|Protosynthesis|[silent]
|switch|p1a: Absolute Zero|Kyurem|100/100
|-ability|p1a: Absolute Zero|Pressure
|move|p2a: Sinistcha|Shadow Ball|p1a: Absolute Zero
|-damage|p1a: Absolute Zero|72/100
|
|upkeep
|turn|5
|
|t:|1757955204
|switch|p2a: Hoopa|Hoopa-Unbound|100/100
|-damage|p2a: Hoopa|88/100|[from] Stealth Rock
|move|p1a: Absolute Zero|Freeze-Dry|p2a: Hoopa
|-damage|p2a: Hoopa|36/100
|
|upkeep
|turn|6
|
|t:|1757955215
|switch|p1a: Valediction|Samurott-Hisui, F|100/100
|move|p2a: Hoopa|Drain Punch|p1a: Valediction
|-supereffective|p1a: Valediction
|-damage|p1a: Valediction|35/100
|-heal|p2a: Hoopa|77/100|[from] drain|[of] p1a: Valediction
|-damage|p2a: Hoopa|67/100|[from] item: Life Orb
|
|upkeep
|turn|7
|
|t:|1757955224
|move|p2a: Hoopa|Drain Punch|p1a: Valediction
|-supereffective|p1a: Valediction
|-damage|p1a: Valediction|0 fnt
|-heal|p2a: Hoopa|89/100|[from] drain|[of] p1a: Valediction
|faint|p1a: Valediction
|-damage|p2a: Hoopa|79/100|[from] item: Life Orb
|
|upkeep
|
|t:|1757955226
|switch|p1a: Earth|Landorus-Therian, M|100/100
|-ability|p1a: Earth|Intimidate|boost
|-unboost|p2a: Hoopa|atk|1
|turn|8
|
|t:|1757955231
|switch|p2a: Great Tusk|Great Tusk|100/100
|move|p1a: Earth|U-turn|p2a: Great Tusk
|-resisted|p2a: Great Tusk
|-damage|p2a: Great Tusk|91/100
|
|t:|1757955233
|switch|p1a: Absolute Zero|Kyurem|72/100|[from] U-turn
|-ability|p1a: Absolute Zero|Pressure
|
|upkeep
|turn|9
|
|t:|1757955236
|-terastallize|p2a: Great Tusk|Steel
|move|p1a: Absolute Zero|Earth Power|p2a: Great Tusk
|-supereffective|p2a: Great Tusk
|-damage|p2a: Great Tusk|0 fnt
|faint|p2a: Great Tusk
|-end|p2a: Great Tusk|Protosynthesis|[silent]
|
|upkeep
|
|t:|1757955245
|switch|p2a: Scizor|Scizor, F|44/100
|-damage|p2a: Scizor|31/100|[from] Stealth Rock
|turn|10
|
|t:|1757955247
|switch|p1a: Grax|Great Tusk|81/100
|move|p2a: Scizor|U-turn|p1a: Grax
|-resisted|p1a: Grax
|-damage|p1a: Grax|68/100
|
|t:|1757955253
|switch|p2a: Araquanid|Araquanid, F|100/100|[from] U-turn
|-damage|p2a: Araquanid|76/100|[from] Stealth Rock
|
|upkeep
|turn|11
|
|t:|1757955256
|-end|p1a: Grax|Protosynthesis|[silent]
|switch|p1a: Absolute Zero|Kyurem|72/100
|-ability|p1a: Absolute Zero|Pressure
|move|p2a: Araquanid|Sticky Web|p1a: Absolute Zero
|-sidestart|p1: ABraviousTinkaton|move: Sticky Web
|
|upkeep
|turn|12
|
|t:|1757955260
|move|p2a: Araquanid|Endure|p2a: Araquanid
|-singleturn|p2a: Araquanid|move: Endure
|move|p1a: Absolute Zero|Freeze-Dry|p2a: Araquanid
|-supereffective|p2a: Araquanid
|-damage|p2a: Araquanid|5/100
|
|upkeep
|turn|13
|-enditem|p2a: Araquanid|Custap Berry|[eat]
|-activate|p2a: Araquanid|item: Custap Berry|[consumed]
|
|t:|1757955265
|switch|p1a: Grax|Great Tusk|68/100
|-activate|p1a: Grax|move: Sticky Web
|-unboost|p1a: Grax|spe|1
|move|p2a: Araquanid|Endeavor|p1a: Grax
|-damage|p1a: Grax|5/100
|
|upkeep
|turn|14
|
|t:|1757955276
|switch|p2a: Sinistcha|Sinistcha|100/100
|-damage|p2a: Sinistcha|88/100|[from] Stealth Rock
|move|p1a: Grax|Knock Off|p2a: Sinistcha
|-supereffective|p2a: Sinistcha
|-damage|p2a: Sinistcha|38/100
|-enditem|p2a: Sinistcha|Leftovers|[from] move: Knock Off|[of] p1a: Grax
|
|upkeep
|turn|15
|
|t:|1757955279
|-end|p1a: Grax|Protosynthesis|[silent]
|switch|p1a: Absolute Zero|Kyurem|72/100
|-activate|p1a: Absolute Zero|move: Sticky Web
|-unboost|p1a: Absolute Zero|spe|1
|-ability|p1a: Absolute Zero|Pressure
|move|p2a: Sinistcha|Strength Sap|p1a: Absolute Zero
|-unboost|p1a: Absolute Zero|atk|1
|-heal|p2a: Sinistcha|100/100
|
|upkeep
|turn|16
|
|t:|1757955281
|switch|p2a: Araquanid|Araquanid, F|5/100
|-damage|p2a: Araquanid|0 fnt|[from] Stealth Rock
|faint|p2a: Araquanid
|move|p1a: Absolute Zero|Freeze-Dry|p2: Araquanid|[notarget]
|-fail|p1a: Absolute Zero
|
|upkeep
|
|t:|1757955285
|switch|p2a: Hoopa|Hoopa-Unbound|79/100
|-damage|p2a: Hoopa|67/100|[from] Stealth Rock
|turn|17
|
|t:|1757955289
|switch|p1a: Grax|Great Tusk|5/100
|-activate|p1a: Grax|move: Sticky Web
|-unboost|p1a: Grax|spe|1
|move|p2a: Hoopa|Psyshock|p1a: Grax
|-supereffective|p1a: Grax
|-damage|p1a: Grax|0 fnt
|faint|p1a: Grax
|-end|p1a: Grax|Protosynthesis|[silent]
|-damage|p2a: Hoopa|57/100|[from] item: Life Orb
|
|upkeep
|
|t:|1757955290
|switch|p1a: Earth|Landorus-Therian, M|100/100
|-ability|p1a: Earth|Intimidate|boost
|-unboost|p2a: Hoopa|atk|1
|turn|18
|
|t:|1757955294
|switch|p2a: Sinistcha|Sinistcha|100/100
|-damage|p2a: Sinistcha|88/100|[from] Stealth Rock
|move|p1a: Earth|U-turn|p2a: Sinistcha
|-damage|p2a: Sinistcha|71/100
|
|t:|1757955295
|switch|p1a: Absolute Zero|Kyurem|72/100|[from] U-turn
|-activate|p1a: Absolute Zero|move: Sticky Web
|-unboost|p1a: Absolute Zero|spe|1
|-ability|p1a: Absolute Zero|Pressure
|
|upkeep
|turn|19
|
|t:|1757955321
|switch|p2a: Hoopa|Hoopa-Unbound|57/100
|-damage|p2a: Hoopa|45/100|[from] Stealth Rock
|move|p1a: Absolute Zero|Freeze-Dry|p2a: Hoopa
|-damage|p2a: Hoopa|0 fnt
|faint|p2a: Hoopa
|
|upkeep
|
|t:|1757955323
|switch|p2a: Scizor|Scizor, F|31/100
|-damage|p2a: Scizor|19/100|[from] Stealth Rock
|turn|20
|
|t:|1757955329
|switch|p1a: Contagion|Slowking-Galar, F|100/100
|-activate|p1a: Contagion|move: Sticky Web
|-unboost|p1a: Contagion|spe|1
|move|p2a: Scizor|Knock Off|p1a: Contagion
|-supereffective|p1a: Contagion
|-damage|p1a: Contagion|38/100
|-enditem|p1a: Contagion|Black Sludge|[from] move: Knock Off|[of] p2a: Scizor
|
|upkeep
|turn|21
|j| MrBrownShowdown
|
|t:|1757955334
|move|p2a: Scizor|Knock Off|p1a: Contagion
|-supereffective|p1a: Contagion
|-damage|p1a: Contagion|0 fnt
|faint|p1a: Contagion
|
|upkeep
|
|t:|1757955336
|switch|p1a: Earth|Landorus-Therian, M|100/100
|-ability|p1a: Earth|Intimidate|boost
|-unboost|p2a: Scizor|atk|1
|turn|22
|
|t:|1757955340
|move|p2a: Scizor|Bullet Punch|p1a: Earth
|-damage|p1a: Earth|72/100
|move|p1a: Earth|U-turn|p2a: Scizor
|-resisted|p2a: Scizor
|-damage|p2a: Scizor|3/100
|
|t:|1757955345
|switch|p1a: Murasama|Kingambit, F|100/100|[from] U-turn
|-activate|p1a: Murasama|move: Sticky Web
|-unboost|p1a: Murasama|spe|1
|-activate|p1a: Murasama|ability: Supreme Overlord
|-start|p1a: Murasama|fallen3|[silent]
|
|upkeep
|turn|23
|
|t:|1757955353
|-end|p1a: Murasama|fallen3|[silent]
|switch|p1a: Earth|Landorus-Therian, M|72/100
|-ability|p1a: Earth|Intimidate|boost
|-unboost|p2a: Scizor|atk|1
|move|p2a: Scizor|U-turn|p1a: Earth
|-resisted|p1a: Earth
|-damage|p1a: Earth|62/100
|
|t:|1757955356
|switch|p2a: Sinistcha|Sinistcha|71/100|[from] U-turn
|-damage|p2a: Sinistcha|58/100|[from] Stealth Rock
|
|upkeep
|turn|24
|
|t:|1757955358
|move|p1a: Earth|U-turn|p2a: Sinistcha
|-damage|p2a: Sinistcha|42/100
|
|t:|1757955359
|switch|p1a: Absolute Zero|Kyurem|72/100|[from] U-turn
|-activate|p1a: Absolute Zero|move: Sticky Web
|-unboost|p1a: Absolute Zero|spe|1
|-ability|p1a: Absolute Zero|Pressure
|move|p2a: Sinistcha|Strength Sap|p1a: Absolute Zero
|-unboost|p1a: Absolute Zero|atk|1
|-heal|p2a: Sinistcha|100/100
|
|upkeep
|turn|25
|
|t:|1757955362
|switch|p2a: Scizor|Scizor, F|3/100
|-damage|p2a: Scizor|0 fnt|[from] Stealth Rock
|faint|p2a: Scizor
|move|p1a: Absolute Zero|Freeze-Dry|p2: Scizor|[notarget]
|-fail|p1a: Absolute Zero
|
|upkeep
|
|t:|1757955364
|switch|p2a: Primarina|Primarina, F|100/100
|-damage|p2a: Primarina|88/100|[from] Stealth Rock
|turn|26
|
|t:|1757955367
|-terastallize|p1a: Absolute Zero|Ice
|move|p2a: Primarina|Moonblast|p1a: Absolute Zero
|-damage|p1a: Absolute Zero|7/100
|move|p1a: Absolute Zero|Freeze-Dry|p2a: Primarina
|-supereffective|p2a: Primarina
|-damage|p2a: Primarina|0 fnt
|faint|p2a: Primarina
|
|upkeep
|
|t:|1757955371
|switch|p2a: Sinistcha|Sinistcha|100/100
|-damage|p2a: Sinistcha|88/100|[from] Stealth Rock
|turn|27
|
|t:|1757955372
|move|p1a: Absolute Zero|Freeze-Dry|p2a: Sinistcha
|-supereffective|p2a: Sinistcha
|-damage|p2a: Sinistcha|0 fnt
|faint|p2a: Sinistcha
|
|win|ABraviousTinkaton
|raw|ABraviousTinkaton's rating: 1679 &rarr; <strong>1696</strong><br />(+17 for winning)
|raw|Gameprom4's rating: 1624 &rarr; <strong>1607</strong><br />(-17 for losing)
|l|☆Gameprom4
|player|p2|
|l|☆ABraviousTinkaton
|player|p1|
|l| MrBrownShowdown
