|j|☆caijin
|j|☆goodgreatawesome99
|t:|1757828362
|gametype|singles
|player|p1|caijin|bianca|1125
|player|p2|goodgreatawesome99|101|1149
|gen|9
|tier|[Gen 9] OU
|rated|
|rule|HP Percentage Mod: HP is shown in percentages
|rule|Endless Battle Clause: Forcing endless battles is banned
|rule|Species Clause: Limit one of each Pokémon
|rule|OHKO Clause: OHKO moves are banned
|rule|Evasion Items Clause: Evasion items are banned
|rule|Evasion Moves Clause: Evasion moves are banned
|rule|Evasion Abilities Clause: Evasion abilities are banned
|rule|Sleep Moves Clause: Sleep-inducing moves are banned
|clearpoke
|poke|p1|Serperior, F|
|poke|p1|Meowstic, M|
|poke|p1|Chandelure, M|
|poke|p1|Pawmot, F|
|poke|p1|Noivern, M|
|poke|p1|Florges-Blue, F|
|poke|p2|Braviary-Hisui, M|
|poke|p2|Slowking-Galar, F|
|poke|p2|Samurott-Hisui, F|
|poke|p2|Great Tusk|
|poke|p2|Scizor, M|
|poke|p2|Hydrapple, M|
|teampreview
|inactive|Battle timer is ON: inactive players will automatically lose when time's up. (requested by caijin)
|
|t:|1757828385
|teamsize|p1|6
|teamsize|p2|6
|start
|switch|p1a: Mirror|Meowstic, M|100/100
|switch|p2a: Scizor|Scizor, M|100/100
|turn|1
|
|t:|1757828393
|move|p1a: Mirror|Thunder Wave|p2a: Scizor
|-status|p2a: Scizor|par
|cant|p2a: Scizor|par
|
|upkeep
|turn|2
|
|t:|1757828400
|move|p1a: Mirror|Reflect|p1a: Mirror
|-sidestart|p1: caijin|Reflect
|move|p2a: Scizor|Bug Bite|p1a: Mirror
|-supereffective|p1a: Mirror
|-damage|p1a: Mirror|22/100
|-damage|p2a: Scizor|91/100 par|[from] item: Life Orb
|
|upkeep
|turn|3
|
|t:|1757828414
|switch|p1a: Shyouko|Chandelure, M|100/100
|switch|p2a: Samurott|Samurott-Hisui, F|100/100
|
|upkeep
|turn|4
|
|t:|1757828421
|move|p1a: Shyouko|Energy Ball|p2a: Samurott
|-supereffective|p2a: Samurott
|-damage|p2a: Samurott|23/100
|-damage|p1a: Shyouko|91/100|[from] item: Life Orb
|move|p2a: Samurott|Ceaseless Edge|p1a: Shyouko
|-supereffective|p1a: Shyouko
|-crit|p1a: Shyouko
|-damage|p1a: Shyouko|0 fnt
|-sidestart|p1: caijin|Spikes
|faint|p1a: Shyouko
|
|upkeep
|
|t:|1757828440
|switch|p1a: Lisianthus|Florges-Blue, F|100/100
|-damage|p1a: Lisianthus|88/100|[from] Spikes
|turn|5
|
|t:|1757828450
|switch|p2a: Slowking|Slowking-Galar, F|100/100
|move|p1a: Lisianthus|Moonblast|p2a: Slowking
|-resisted|p2a: Slowking
|-damage|p2a: Slowking|88/100
|
|upkeep
|turn|6
|
|t:|1757828461
|switch|p1a: Mirror|Meowstic, M|22/100
|-damage|p1a: Mirror|9/100|[from] Spikes
|move|p2a: Slowking|Sludge Bomb|p1a: Mirror
|-damage|p1a: Mirror|0 fnt
|faint|p1a: Mirror
|
|upkeep
|
|t:|1757828470
|switch|p1a: Misty|Noivern, M|100/100
|turn|7
|
|t:|1757828475
|move|p1a: Misty|Defog|p2a: Slowking
|-unboost|p2a: Slowking|evasion|1
|-sideend|p1: caijin|Spikes|[from] move: Defog|[of] p1a: Misty
|move|p2a: Slowking|Ice Beam|p1a: Misty
|-supereffective|p1a: Misty
|-damage|p1a: Misty|0 fnt
|faint|p1a: Misty
|
|upkeep
|
|t:|1757828489
|switch|p1a: Lisianthus|Florges-Blue, F|88/100
|turn|8
|
|t:|1757828505
|move|p1a: Lisianthus|Calm Mind|p1a: Lisianthus
|-boost|p1a: Lisianthus|spa|1
|-boost|p1a: Lisianthus|spd|1
|move|p2a: Slowking|Sludge Bomb|p1a: Lisianthus
|-supereffective|p1a: Lisianthus
|-damage|p1a: Lisianthus|51/100
|
|upkeep
|turn|9
|
|t:|1757828512
|move|p1a: Lisianthus|Calm Mind|p1a: Lisianthus
|-boost|p1a: Lisianthus|spa|1
|-boost|p1a: Lisianthus|spd|1
|move|p2a: Slowking|Sludge Bomb|p1a: Lisianthus
|-supereffective|p1a: Lisianthus
|-damage|p1a: Lisianthus|23/100
|
|-sideend|p1: caijin|Reflect
|upkeep
|turn|10
|
|t:|1757828521
|move|p1a: Lisianthus|Giga Drain|p2a: Slowking
|-resisted|p2a: Slowking
|-damage|p2a: Slowking|74/100
|-heal|p1a: Lisianthus|30/100|[from] drain|[of] p2a: Slowking
|move|p2a: Slowking|Psyshock|p1a: Lisianthus
|-damage|p1a: Lisianthus|0 fnt
|faint|p1a: Lisianthus
|
|upkeep
|
|t:|1757828530
|switch|p1a: Apricot|Pawmot, F|100/100
|turn|11
|
|t:|1757828535
|-terastallize|p1a: Apricot|Electric
|move|p1a: Apricot|Double Shock|p2a: Slowking
|-damage|p2a: Slowking|2/100
|-start|p1a: Apricot|typechange|Electric|[from] move: Double Shock
|move|p2a: Slowking|Psyshock|p1a: Apricot
|-damage|p1a: Apricot|36/100
|
|upkeep
|turn|12
|
|t:|1757828547
|switch|p2a: Hydrapple|Hydrapple, M|100/100
|move|p1a: Apricot|Mach Punch|p2a: Hydrapple
|-damage|p2a: Hydrapple|82/100
|
|upkeep
|turn|13
|
|t:|1757828564
|move|p1a: Apricot|Ice Punch|p2a: Hydrapple
|-supereffective|p2a: Hydrapple
|-damage|p2a: Hydrapple|0 fnt
|faint|p2a: Hydrapple
|
|upkeep
|
|t:|1757828571
|switch|p2a: Great Tusk|Great Tusk|100/100
|-enditem|p2a: Great Tusk|Booster Energy
|-activate|p2a: Great Tusk|ability: Protosynthesis|[fromitem]
|-start|p2a: Great Tusk|protosynthesisspe
|turn|14
|
|t:|1757828580
|switch|p1a: Camellia|Serperior, F|100/100
|move|p2a: Great Tusk|Bulk Up|p2a: Great Tusk
|-boost|p2a: Great Tusk|atk|1
|-boost|p2a: Great Tusk|def|1
|
|upkeep
|turn|15
|
|t:|1757828588
|-terastallize|p2a: Great Tusk|Fire
|move|p2a: Great Tusk|Temper Flare|p1a: Camellia
|-supereffective|p1a: Camellia
|-damage|p1a: Camellia|0 fnt
|faint|p1a: Camellia
|
|upkeep
|
|t:|1757828595
|switch|p1a: Apricot|Pawmot, F, tera:Electric|36/100
|turn|16
|
|t:|1757828599
|move|p2a: Great Tusk|Headlong Rush|p1a: Apricot
|-supereffective|p1a: Apricot
|-damage|p1a: Apricot|0 fnt
|-unboost|p2a: Great Tusk|def|1
|-unboost|p2a: Great Tusk|spd|1
|faint|p1a: Apricot
|
|win|goodgreatawesome99
|raw|caijin's rating: 1125 &rarr; <strong>1102</strong><br />(-23 for losing)
|raw|goodgreatawesome99's rating: 1149 &rarr; <strong>1172</strong><br />(+23 for winning)
|l|☆caijin
|player|p1|
|l|☆goodgreatawesome99
|player|p2|
