|j|☆averagealt99
|j|☆Devrai
|t:|1757906885
|gametype|singles
|player|p1|averagealt99|acetrainerf-gen4dp|1410
|player|p2|Devrai|zinnia|1436
|gen|9
|tier|[Gen 9] OU
|rated|
|rule|HP Percentage Mod: HP is shown in percentages
|rule|Endless Battle Clause: Forcing endless battles is banned
|rule|Species Clause: Limit one of each Pokémon
|rule|OHKO Clause: OHKO moves are banned
|rule|Evasion Items Clause: Evasion items are banned
|rule|Evasion Moves Clause: Evasion moves are banned
|rule|Evasion Abilities Clause: Evasion abilities are banned
|rule|Sleep Moves Clause: Sleep-inducing moves are banned
|clearpoke
|poke|p1|Scizor, F|
|poke|p1|Vikavolt, F|
|poke|p1|Slowking-Galar, F|
|poke|p1|Chesnaught, F|
|poke|p1|Samurott-Hisui, F|
|poke|p1|Landorus-Therian, M|
|poke|p2|Araquanid, M|
|poke|p2|Skeledirge, F|
|poke|p2|Enamorus, F|
|poke|p2|Iron Treads|
|poke|p2|Latios, M|
|poke|p2|Raichu, F|
|teampreview
|
|t:|1757906889
|teamsize|p1|6
|teamsize|p2|6
|start
|switch|p1a: Chesnaught|Chesnaught, F|100/100
|switch|p2a: Bubble Buddy|Araquanid, M, shiny|100/100
|turn|1
|
|t:|1757906891
|move|p1a: Chesnaught|Knock Off|p2a: Bubble Buddy
|-damage|p2a: Bubble Buddy|84/100
|-enditem|p2a: Bubble Buddy|Leftovers|[from] move: Knock Off|[of] p1a: Chesnaught
|move|p2a: Bubble Buddy|Sticky Web|p1a: Chesnaught
|-sidestart|p1: averagealt99|move: Sticky Web
|
|upkeep
|turn|2
|
|t:|1757906897
|switch|p2a: King Gator|Skeledirge, F, shiny|100/100
|move|p1a: Chesnaught|Spiky Shield||[still]
|-fail|p1a: Chesnaught
|
|upkeep
|turn|3
|
|t:|1757906902
|switch|p1a: Samurott|Samurott-Hisui, F|100/100
|move|p2a: King Gator|Will-O-Wisp|p1a: Samurott
|-status|p1a: Samurott|brn
|
|-damage|p1a: Samurott|94/100 brn|[from] brn
|upkeep
|turn|4
|
|t:|1757906905
|switch|p2a: Mistress|Enamorus, F, shiny|100/100
|move|p1a: Samurott|Ceaseless Edge|p2a: Mistress
|-resisted|p2a: Mistress
|-damage|p2a: Mistress|82/100
|-sidestart|p2: Devrai|Spikes
|
|-damage|p1a: Samurott|88/100 brn|[from] brn
|upkeep
|turn|5
|
|t:|1757906911
|switch|p1a: Slowking|Slowking-Galar, F|100/100
|move|p2a: Mistress|Superpower|p1a: Slowking
|-resisted|p1a: Slowking
|-damage|p1a: Slowking|93/100
|-boost|p2a: Mistress|atk|1
|-boost|p2a: Mistress|def|1
|
|upkeep
|turn|6
|
|t:|1757906916
|switch|p2a: Jet Lag|Latios, M, shiny|100/100
|move|p1a: Slowking|Sludge Bomb|p2a: Jet Lag
|-damage|p2a: Jet Lag|66/100
|
|upkeep
|turn|7
|
|t:|1757906921
|move|p2a: Jet Lag|Trick|p1a: Slowking
|-activate|p2a: Jet Lag|move: Trick|[of] p1a: Slowking
|-item|p1a: Slowking|Choice Scarf|[from] move: Trick
|-item|p2a: Jet Lag|Heavy-Duty Boots|[from] move: Trick
|move|p1a: Slowking|Ice Beam|p2a: Jet Lag
|-supereffective|p2a: Jet Lag
|-damage|p2a: Jet Lag|18/100
|
|upkeep
|turn|8
|
|t:|1757906928
|switch|p2a: Treadmill|Iron Treads, shiny|100/100
|switch|p1a: Landorus|Landorus-Therian, M|100/100
|-ability|p1a: Landorus|Intimidate|boost
|-unboost|p2a: Treadmill|atk|1
|
|upkeep
|turn|9
|
|t:|1757906930
|move|p1a: Landorus|Earthquake|p2a: Treadmill
|-supereffective|p2a: Treadmill
|-damage|p2a: Treadmill|4/100
|move|p2a: Treadmill|Stealth Rock|p1a: Landorus
|-sidestart|p1: averagealt99|move: Stealth Rock
|
|upkeep
|turn|10
|
|t:|1757906938
|switch|p1a: Chesnaught|Chesnaught, F|100/100
|-activate|p1a: Chesnaught|move: Sticky Web
|-unboost|p1a: Chesnaught|spe|1
|-damage|p1a: Chesnaught|94/100|[from] Stealth Rock
|move|p2a: Treadmill|Knock Off|p1a: Chesnaught
|-resisted|p1a: Chesnaught
|-damage|p1a: Chesnaught|89/100
|-damage|p2a: Treadmill|0 fnt|[from] item: Rocky Helmet|[of] p1a: Chesnaught
|faint|p2a: Treadmill
|-end|p2a: Treadmill|Quark Drive|[silent]
|
|upkeep
|
|t:|1757906942
|switch|p2a: Mistress|Enamorus, F, shiny|82/100
|turn|11
|
|t:|1757906950
|switch|p1a: Samurott|Samurott-Hisui, F|88/100 brn
|-terastallize|p2a: Mistress|Stellar
|move|p2a: Mistress|Tera Blast|p1a: Samurott|[anim] Tera Blast Stellar
|-damage|p1a: Samurott|24/100 brn
|-boost|p2a: Mistress|atk|1
|-boost|p2a: Mistress|spa|1
|
|-damage|p1a: Samurott|18/100 brn|[from] brn
|upkeep
|turn|12
|
|t:|1757906969
|switch|p1a: Chesnaught|Chesnaught, F|89/100
|-activate|p1a: Chesnaught|move: Sticky Web
|-unboost|p1a: Chesnaught|spe|1
|-damage|p1a: Chesnaught|83/100|[from] Stealth Rock
|move|p2a: Mistress|Superpower|p1a: Chesnaught
|-damage|p1a: Chesnaught|53/100
|-boost|p2a: Mistress|atk|1
|-boost|p2a: Mistress|def|1
|-damage|p2a: Mistress|66/100|[from] item: Rocky Helmet|[of] p1a: Chesnaught
|
|upkeep
|turn|13
|l|☆Devrai
|player|p2|
|inactive|Battle timer is ON: inactive players will automatically lose when time's up. (requested by averagealt99)
|j|☆Devrai
|inactive|Devrai reconnected and has 140 seconds left.
|player|p2|Devrai|zinnia|
|
|t:|1757906990
|move|p2a: Mistress|Tera Blast|p1a: Chesnaught|[anim] Tera Blast Stellar
|-damage|p1a: Chesnaught|24/100
|-boost|p2a: Mistress|atk|1
|-boost|p2a: Mistress|spa|1
|move|p1a: Chesnaught|Synthesis|p1a: Chesnaught
|-heal|p1a: Chesnaught|74/100
|
|upkeep
|turn|14
|
|t:|1757906996
|move|p2a: Mistress|Draining Kiss|p1a: Chesnaught
|-supereffective|p1a: Chesnaught
|-damage|p1a: Chesnaught|0 fnt
|-heal|p2a: Mistress|100/100|[from] drain|[of] p1a: Chesnaught
|-damage|p2a: Mistress|84/100|[from] item: Rocky Helmet|[of] p1a: Chesnaught
|faint|p1a: Chesnaught
|
|upkeep
|
|t:|1757907004
|switch|p1a: Vikavolt|Vikavolt, F|100/100
|turn|15
|
|t:|1757907006
|move|p2a: Mistress|Tera Blast|p1a: Vikavolt|[anim] Tera Blast Stellar
|-damage|p1a: Vikavolt|18/100
|-boost|p2a: Mistress|atk|1
|-boost|p2a: Mistress|spa|1
|move|p1a: Vikavolt|Volt Switch|p2a: Mistress
|-supereffective|p2a: Mistress
|-damage|p2a: Mistress|14/100
|
|t:|1757907011
|switch|p1a: Scizor|Scizor, F|100/100|[from] Volt Switch
|-activate|p1a: Scizor|move: Sticky Web
|-unboost|p1a: Scizor|spe|1
|-damage|p1a: Scizor|88/100|[from] Stealth Rock
|
|-heal|p1a: Scizor|94/100|[from] item: Leftovers
|upkeep
|turn|16
|
|t:|1757907017
|switch|p2a: Bubble Buddy|Araquanid, M, shiny|84/100
|-damage|p2a: Bubble Buddy|72/100|[from] Spikes
|move|p1a: Scizor|Bullet Punch|p2a: Bubble Buddy
|-resisted|p2a: Bubble Buddy
|-damage|p2a: Bubble Buddy|61/100
|
|-heal|p1a: Scizor|99/100|[from] item: Leftovers
|upkeep
|turn|17
|
|t:|1757907022
|move|p1a: Scizor|Defog|p2a: Bubble Buddy
|-unboost|p2a: Bubble Buddy|evasion|1
|-sideend|p2: Devrai|Spikes|[from] move: Defog|[of] p1a: Scizor
|-sideend|p1: averagealt99|Stealth Rock|[from] move: Defog|[of] p1a: Scizor
|-sideend|p1: averagealt99|Sticky Web|[from] move: Defog|[of] p1a: Scizor
|move|p2a: Bubble Buddy|Liquidation|p1a: Scizor
|-damage|p1a: Scizor|63/100
|-unboost|p1a: Scizor|def|1
|
|-heal|p1a: Scizor|69/100|[from] item: Leftovers
|upkeep
|turn|18
|
|t:|1757907025
|move|p1a: Scizor|Swords Dance|p1a: Scizor
|-boost|p1a: Scizor|atk|2
|move|p2a: Bubble Buddy|Sticky Web|p1a: Scizor
|-sidestart|p1: averagealt99|move: Sticky Web
|
|-heal|p1a: Scizor|75/100|[from] item: Leftovers
|upkeep
|turn|19
|
|t:|1757907028
|move|p1a: Scizor|Swords Dance|p1a: Scizor
|-boost|p1a: Scizor|atk|2
|move|p2a: Bubble Buddy|Chilling Water|p1a: Scizor
|-damage|p1a: Scizor|56/100
|-unboost|p1a: Scizor|atk|1
|
|-heal|p1a: Scizor|62/100|[from] item: Leftovers
|upkeep
|turn|20
|
|t:|1757907032
|switch|p2a: King Gator|Skeledirge, F, shiny|100/100
|move|p1a: Scizor|Knock Off|p2a: King Gator
|-supereffective|p2a: King Gator
|-damage|p2a: King Gator|50/100
|-enditem|p2a: King Gator|Leftovers|[from] move: Knock Off|[of] p1a: Scizor
|
|-heal|p1a: Scizor|69/100|[from] item: Leftovers
|upkeep
|turn|21
|
|t:|1757907041
|switch|p1a: Slowking|Slowking-Galar, F|100/100
|-activate|p1a: Slowking|move: Sticky Web
|-unboost|p1a: Slowking|spe|1
|move|p2a: King Gator|Torch Song|p1a: Slowking
|-damage|p1a: Slowking|83/100
|-boost|p2a: King Gator|spa|1
|
|upkeep
|turn|22
|
|t:|1757907046
|switch|p2a: Bubble Buddy|Araquanid, M, shiny|61/100
|move|p1a: Slowking|Shadow Ball|p2a: Bubble Buddy
|-damage|p2a: Bubble Buddy|45/100
|
|upkeep
|turn|23
|
|t:|1757907051
|switch|p1a: Samurott|Samurott-Hisui, F|18/100 brn
|move|p2a: Bubble Buddy|Liquidation|p1a: Samurott
|-resisted|p1a: Samurott
|-damage|p1a: Samurott|0 fnt
|faint|p1a: Samurott
|
|upkeep
|
|t:|1757907057
|switch|p1a: Landorus|Landorus-Therian, M|100/100
|-ability|p1a: Landorus|Intimidate|boost
|-unboost|p2a: Bubble Buddy|atk|1
|turn|24
|
|t:|1757907061
|move|p1a: Landorus|Rock Slide|p2a: Bubble Buddy
|-supereffective|p2a: Bubble Buddy
|-damage|p2a: Bubble Buddy|0 fnt
|faint|p2a: Bubble Buddy
|
|upkeep
|
|t:|1757907067
|switch|p2a: Jet Lag|Latios, M, shiny|18/100
|turn|25
|
|t:|1757907070
|move|p1a: Landorus|Rock Slide|p2a: Jet Lag|[miss]
|-miss|p1a: Landorus|p2a: Jet Lag
|move|p2a: Jet Lag|Luster Purge|p1a: Landorus
|-damage|p1a: Landorus|41/100
|-unboost|p1a: Landorus|spd|1
|
|upkeep
|turn|26
|
|t:|1757907072
|move|p1a: Landorus|Rock Slide|p2a: Jet Lag|[miss]
|-miss|p1a: Landorus|p2a: Jet Lag
|move|p2a: Jet Lag|Luster Purge|p1a: Landorus
|-damage|p1a: Landorus|0 fnt
|faint|p1a: Landorus
|
|upkeep
|c|☆Devrai|Ope
|
|t:|1757907080
|switch|p1a: Scizor|Scizor, F|69/100
|-activate|p1a: Scizor|move: Sticky Web
|-unboost|p1a: Scizor|spe|1
|turn|27
|
|t:|1757907084
|switch|p2a: Mistress|Enamorus, F, shiny, tera:Stellar|14/100
|move|p1a: Scizor|Knock Off|p2a: Mistress
|-resisted|p2a: Mistress
|-damage|p2a: Mistress|0 fnt
|-enditem|p2a: Mistress|Assault Vest|[from] move: Knock Off|[of] p1a: Scizor
|faint|p2a: Mistress
|
|-heal|p1a: Scizor|75/100|[from] item: Leftovers
|upkeep
|
|t:|1757907086
|switch|p2a: King Gator|Skeledirge, F, shiny|50/100
|turn|28
|
|t:|1757907091
|switch|p1a: Slowking|Slowking-Galar, F|100/100
|-activate|p1a: Slowking|move: Sticky Web
|-unboost|p1a: Slowking|spe|1
|move|p2a: King Gator|Torch Song|p1a: Slowking
|-damage|p1a: Slowking|82/100
|-boost|p2a: King Gator|spa|1
|
|upkeep
|turn|29
|
|t:|1757907096
|switch|p2a: Ampere|Raichu, F|100/100
|move|p1a: Slowking|Shadow Ball|p2a: Ampere
|-damage|p2a: Ampere|69/100
|
|upkeep
|turn|30
|
|t:|1757907102
|switch|p1a: Vikavolt|Vikavolt, F|18/100
|move|p2a: Ampere|Thunderbolt|p1a: Vikavolt
|-resisted|p1a: Vikavolt
|-damage|p1a: Vikavolt|0 fnt
|faint|p1a: Vikavolt
|-damage|p2a: Ampere|59/100|[from] item: Life Orb
|
|upkeep
|
|t:|1757907106
|switch|p1a: Slowking|Slowking-Galar, F|100/100
|-activate|p1a: Slowking|move: Sticky Web
|-unboost|p1a: Slowking|spe|1
|turn|31
|
|t:|1757907109
|move|p2a: Ampere|Thunderbolt|p1a: Slowking
|-damage|p1a: Slowking|73/100
|-damage|p2a: Ampere|49/100|[from] item: Life Orb
|move|p1a: Slowking|Sludge Bomb|p2a: Ampere
|-damage|p2a: Ampere|0 fnt
|faint|p2a: Ampere
|
|upkeep
|
|t:|1757907111
|switch|p2a: Jet Lag|Latios, M, shiny|18/100
|turn|32
|
|t:|1757907114
|switch|p1a: Scizor|Scizor, F|75/100
|-activate|p1a: Scizor|move: Sticky Web
|-unboost|p1a: Scizor|spe|1
|move|p2a: Jet Lag|Luster Purge|p1a: Scizor
|-resisted|p1a: Scizor
|-damage|p1a: Scizor|53/100
|
|-heal|p1a: Scizor|59/100|[from] item: Leftovers
|upkeep
|turn|33
|
|t:|1757907118
|move|p1a: Scizor|Bullet Punch|p2a: Jet Lag
|-damage|p2a: Jet Lag|0 fnt
|faint|p2a: Jet Lag
|
|-heal|p1a: Scizor|65/100|[from] item: Leftovers
|upkeep
|
|t:|1757907119
|switch|p2a: King Gator|Skeledirge, F, shiny|50/100
|turn|34
|
|t:|1757907123
|move|p2a: King Gator|Torch Song|p1a: Scizor
|-supereffective|p1a: Scizor
|-damage|p1a: Scizor|0 fnt
|-boost|p2a: King Gator|spa|1
|faint|p1a: Scizor
|
|upkeep
|
|t:|1757907125
|switch|p1a: Slowking|Slowking-Galar, F|100/100
|-activate|p1a: Slowking|move: Sticky Web
|-unboost|p1a: Slowking|spe|1
|turn|35
|
|t:|1757907134
|move|p2a: King Gator|Torch Song|p1a: Slowking
|-damage|p1a: Slowking|71/100
|-boost|p2a: King Gator|spa|1
|move|p1a: Slowking|Shadow Ball|p2a: King Gator
|-supereffective|p2a: King Gator
|-damage|p2a: King Gator|17/100
|-unboost|p2a: King Gator|spd|1
|
|upkeep
|turn|36
|
|t:|1757907137
|move|p2a: King Gator|Hex|p1a: Slowking
|-supereffective|p1a: Slowking
|-damage|p1a: Slowking|10/100
|move|p1a: Slowking|Shadow Ball|p2a: King Gator
|-supereffective|p2a: King Gator
|-damage|p2a: King Gator|0 fnt
|faint|p2a: King Gator
|
|win|averagealt99
|raw|averagealt99's rating: 1410 &rarr; <strong>1431</strong><br />(+21 for winning)
|raw|Devrai's rating: 1436 &rarr; <strong>1415</strong><br />(-21 for losing)
|l|☆Devrai
|player|p2|
|l|☆averagealt99
|player|p1|
