|j|☆ntp69
|j|☆IwillPrayForyou
|t:|1757846255
|gametype|singles
|player|p1|ntp69|266|1278
|player|p2|IwillPrayForyou|veteran-gen4|1331
|gen|9
|tier|[Gen 9] OU
|rated|
|rule|HP Percentage Mod: HP is shown in percentages
|rule|Endless Battle Clause: Forcing endless battles is banned
|rule|Species Clause: Limit one of each Pokémon
|rule|OHKO Clause: OHKO moves are banned
|rule|Evasion Items Clause: Evasion items are banned
|rule|Evasion Moves Clause: Evasion moves are banned
|rule|Evasion Abilities Clause: Evasion abilities are banned
|rule|Sleep Moves Clause: Sleep-inducing moves are banned
|clearpoke
|poke|p1|Jolteon, M|
|poke|p1|Pelipper, F|
|poke|p1|Barraskewda, M|
|poke|p1|Sinistcha-Masterpiece|
|poke|p1|Kilowattrel, F|
|poke|p1|Great Tusk|
|poke|p2|Araquanid, F|
|poke|p2|Metagross|
|poke|p2|Galvantula, F|
|poke|p2|Ariados, M|
|poke|p2|Spidops, F|
|poke|p2|Rabsca, M|
|teampreview
|inactive|Battle timer is ON: inactive players will automatically lose when time's up. (requested by IwillPrayForyou)
|
|t:|1757846267
|teamsize|p1|6
|teamsize|p2|6
|start
|switch|p1a: Pelipper|Pelipper, F|100/100
|switch|p2a: Tobey McGuire|Galvantula, F|100/100
|-weather|RainDance|[from] ability: Drizzle|[of] p1a: Pelipper
|turn|1
|
|t:|1757846275
|move|p2a: Tobey McGuire|Thunder|p1a: Pelipper
|-supereffective|p1a: Pelipper
|-damage|p1a: Pelipper|0 fnt
|faint|p1a: Pelipper
|
|-weather|RainDance|[upkeep]
|upkeep
|
|t:|1757846279
|switch|p1a: Kilowattrel|Kilowattrel, F|100/100
|turn|2
|
|t:|1757846283
|move|p1a: Kilowattrel|Hurricane|p2a: Tobey McGuire
|-damage|p2a: Tobey McGuire|8/100
|move|p2a: Tobey McGuire|Sticky Web|p1a: Kilowattrel
|-sidestart|p1: ntp69|move: Sticky Web
|
|-weather|RainDance|[upkeep]
|upkeep
|turn|3
|
|t:|1757846292
|move|p1a: Kilowattrel|Hurricane|p2a: Tobey McGuire
|-damage|p2a: Tobey McGuire|0 fnt
|faint|p2a: Tobey McGuire
|
|-weather|RainDance|[upkeep]
|upkeep
|
|t:|1757846304
|switch|p2a: Miles Morales|Spidops, F, shiny|100/100
|turn|4
|
|t:|1757846312
|move|p1a: Kilowattrel|Hurricane|p2a: Miles Morales
|-supereffective|p2a: Miles Morales
|-damage|p2a: Miles Morales|0 fnt
|faint|p2a: Miles Morales
|
|-weather|RainDance|[upkeep]
|upkeep
|
|t:|1757846317
|switch|p2a: Andrew garfield|Metagross|100/100
|turn|5
|
|t:|1757846322
|-terastallize|p1a: Kilowattrel|Water
|move|p1a: Kilowattrel|Weather Ball|p2a: Andrew garfield
|-damage|p2a: Andrew garfield|34/100
|move|p2a: Andrew garfield|Hone Claws|p2a: Andrew garfield
|-boost|p2a: Andrew garfield|atk|1
|-boost|p2a: Andrew garfield|accuracy|1
|
|-weather|RainDance|[upkeep]
|upkeep
|turn|6
|
|t:|1757846333
|move|p2a: Andrew garfield|Bullet Punch|p1a: Kilowattrel
|-resisted|p1a: Kilowattrel
|-damage|p1a: Kilowattrel|71/100
|move|p1a: Kilowattrel|Weather Ball|p2a: Andrew garfield
|-damage|p2a: Andrew garfield|0 fnt
|faint|p2a: Andrew garfield
|
|-weather|RainDance|[upkeep]
|upkeep
|
|t:|1757846344
|switch|p2a: Nicolas Hammond|Ariados, M, shiny|100/100
|turn|7
|
|t:|1757846348
|move|p1a: Kilowattrel|Hurricane|p2a: Nicolas Hammond
|-supereffective|p2a: Nicolas Hammond
|-damage|p2a: Nicolas Hammond|0 fnt
|faint|p2a: Nicolas Hammond
|
|-weather|RainDance|[upkeep]
|upkeep
|
|t:|1757846360
|switch|p2a: Peter Parker|Rabsca, M|100/100
|turn|8
|
|t:|1757846368
|move|p1a: Kilowattrel|Hurricane|p2a: Peter Parker
|-supereffective|p2a: Peter Parker
|-damage|p2a: Peter Parker|2/100
|move|p2a: Peter Parker|Trick Room|p2a: Peter Parker
|-fieldstart|move: Trick Room|[of] p2a: Peter Parker
|
|-weather|none
|upkeep
|turn|9
|
|t:|1757846376
|move|p2a: Peter Parker|Revival Blessing|p2a: Peter Parker
|-enditem|p2a: Peter Parker|Leppa Berry|[eat]
|-activate|p2a: Peter Parker|item: Leppa Berry|Revival Blessing|[consumed]
|
|t:|1757846394
|-heal|p2: Nicolas Hammond|50/100|[from] move: Revival Blessing
|move|p1a: Kilowattrel|Volt Switch|p2a: Peter Parker
|-damage|p2a: Peter Parker|0 fnt
|faint|p2a: Peter Parker
|
|t:|1757846400
|switch|p1a: Sinistcha|Sinistcha-Masterpiece|100/100|[from] Volt Switch
|-activate|p1a: Sinistcha|move: Sticky Web
|-unboost|p1a: Sinistcha|spe|1
|
|upkeep
|
|t:|1757846407
|switch|p2a: Nicolas Hammond|Ariados, M, shiny|50/100
|turn|10
|
|t:|1757846410
|move|p2a: Nicolas Hammond|Focus Energy|p2a: Nicolas Hammond
|-start|p2a: Nicolas Hammond|move: Focus Energy
|move|p1a: Sinistcha|Strength Sap|p2a: Nicolas Hammond
|-unboost|p2a: Nicolas Hammond|atk|1
|
|upkeep
|turn|11
|
|t:|1757846413
|move|p2a: Nicolas Hammond|Leech Life|p1a: Sinistcha
|-crit|p1a: Sinistcha
|-damage|p1a: Sinistcha|43/100
|-heal|p2a: Nicolas Hammond|79/100|[from] drain|[of] p1a: Sinistcha
|move|p1a: Sinistcha|Shadow Ball|p2a: Nicolas Hammond
|-damage|p2a: Nicolas Hammond|35/100
|
|-heal|p1a: Sinistcha|49/100|[from] item: Leftovers
|upkeep
|turn|12
|
|t:|1757846421
|move|p2a: Nicolas Hammond|Leech Life|p1a: Sinistcha
|-crit|p1a: Sinistcha
|-damage|p1a: Sinistcha|0 fnt
|-heal|p2a: Nicolas Hammond|60/100|[from] drain|[of] p1a: Sinistcha
|faint|p1a: Sinistcha
|
|-fieldend|move: Trick Room
|upkeep
|
|t:|1757846427
|switch|p1a: Kilowattrel|Kilowattrel, F, tera:Water|71/100
|turn|13
|inactive|IwillPrayForyou has 120 seconds left.
|l|☆IwillPrayForyou
|inactive|IwillPrayForyou disconnected and has a minute to reconnect!
|player|p2|
|inactive|IwillPrayForyou has 30 seconds to reconnect!
|inactive|IwillPrayForyou has 20 seconds to reconnect!
|inactive|IwillPrayForyou has 15 seconds to reconnect!
|inactive|IwillPrayForyou has 10 seconds to reconnect!
|inactive|IwillPrayForyou has 5 seconds to reconnect!
|-message|IwillPrayForyou lost due to inactivity.
|
|win|ntp69
|raw|ntp69's rating: 1278 &rarr; <strong>1307</strong><br />(+29 for winning)
|raw|IwillPrayForyou's rating: 1331 &rarr; <strong>1308</strong><br />(-23 for losing)
|l|☆ntp69
|player|p1|
