|j|☆Rokket2510
|j|☆dvdegvedgebed
|t:|1757797154
|gametype|singles
|player|p1|Rokket2510|102|1326
|player|p2|dvdegvedgebed|101|1296
|gen|9
|tier|[Gen 9] OU
|rated|
|rule|HP Percentage Mod: HP is shown in percentages
|rule|Endless Battle Clause: Forcing endless battles is banned
|rule|Species Clause: Limit one of each Pokémon
|rule|OHKO Clause: OHKO moves are banned
|rule|Evasion Items Clause: Evasion items are banned
|rule|Evasion Moves Clause: Evasion moves are banned
|rule|Evasion Abilities Clause: Evasion abilities are banned
|rule|Sleep Moves Clause: Sleep-inducing moves are banned
|clearpoke
|poke|p1|Landorus-Therian, M|
|poke|p1|Heatran, F|
|poke|p1|Enamorus, F|
|poke|p1|Raging Bolt|
|poke|p1|Ogerpon-Wellspring, F|
|poke|p1|Tyranitar, F|
|poke|p2|Hitmontop, M|
|poke|p2|Ariados, F|
|poke|p2|Haunter, M|
|poke|p2|Moltres-Galar|
|poke|p2|Iron Hands|
|poke|p2|Cyclizar, M|
|teampreview
|inactive|Battle timer is ON: inactive players will automatically lose when time's up. (requested by Rokket2510)
|
|t:|1757797175
|teamsize|p1|6
|teamsize|p2|6
|start
|switch|p1a: Heatran|Heatran, F|100/100
|switch|p2a: Cyclizar|Cyclizar, M|100/100
|-item|p1a: Heatran|Air Balloon
|turn|1
|
|t:|1757797187
|move|p2a: Cyclizar|Thunderbolt|p1a: Heatran
|-damage|p1a: Heatran|79/100
|-status|p1a: Heatran|par
|-enditem|p1a: Heatran|Air Balloon
|move|p1a: Heatran|Magma Storm|p2a: Cyclizar
|-resisted|p2a: Cyclizar
|-damage|p2a: Cyclizar|58/100
|-activate|p2a: Cyclizar|move: Magma Storm|[of] p1a: Heatran
|
|-damage|p2a: Cyclizar|45/100|[from] move: Magma Storm|[partiallytrapped]
|upkeep
|turn|2
|
|t:|1757797198
|move|p2a: Cyclizar|Thunderbolt|p1a: Heatran
|-crit|p1a: Heatran
|-damage|p1a: Heatran|46/100 par
|move|p1a: Heatran|Stealth Rock|p2a: Cyclizar
|-sidestart|p2: dvdegvedgebed|move: Stealth Rock
|
|-damage|p2a: Cyclizar|33/100|[from] move: Magma Storm|[partiallytrapped]
|upkeep
|turn|3
|
|t:|1757797207
|move|p2a: Cyclizar|Rapid Spin|p1a: Heatran
|-resisted|p1a: Heatran
|-damage|p1a: Heatran|40/100 par
|-boost|p2a: Cyclizar|spe|1
|-status|p2a: Cyclizar|brn|[from] ability: Flame Body|[of] p1a: Heatran
|-sideend|p2: dvdegvedgebed|Stealth Rock|[from] move: Rapid Spin|[of] p2a: Cyclizar
|-end|p2a: Cyclizar|Magma Storm|[partiallytrapped]
|move|p1a: Heatran|Flash Cannon|p2a: Cyclizar
|-damage|p2a: Cyclizar|0 fnt
|faint|p2a: Cyclizar
|
|upkeep
|
|t:|1757797229
|switch|p2a: Haunter|Haunter, M|100/100
|turn|4
|
|t:|1757797234
|-terastallize|p2a: Haunter|Ghost
|move|p2a: Haunter|Shadow Ball|p1a: Heatran
|-damage|p1a: Heatran|0 fnt
|faint|p1a: Heatran
|
|upkeep
|
|t:|1757797248
|switch|p1a: Tyranitar|Tyranitar, F|100/100
|-weather|Sandstorm|[from] ability: Sand Stream|[of] p1a: Tyranitar
|turn|5
|
|t:|1757797261
|move|p2a: Haunter|Will-O-Wisp|p1a: Tyranitar|[miss]
|-miss|p2a: Haunter|p1a: Tyranitar
|move|p1a: Tyranitar|Knock Off|p2a: Haunter
|-supereffective|p2a: Haunter
|-enditem|p2a: Haunter|Colbur Berry|[eat]
|-enditem|p2a: Haunter|Colbur Berry|[weaken]
|-damage|p2a: Haunter|0 fnt
|faint|p2a: Haunter
|
|-weather|Sandstorm|[upkeep]
|upkeep
|
|t:|1757797269
|switch|p2a: Iron Hands|Iron Hands|100/100
|turn|6
|
|t:|1757797284
|switch|p1a: Landorus|Landorus-Therian, M|100/100
|-ability|p1a: Landorus|Intimidate|boost
|-unboost|p2a: Iron Hands|atk|1
|move|p2a: Iron Hands|Swords Dance|p2a: Iron Hands
|-boost|p2a: Iron Hands|atk|2
|
|-weather|Sandstorm|[upkeep]
|-damage|p2a: Iron Hands|94/100|[from] Sandstorm
|-heal|p2a: Iron Hands|100/100|[from] item: Leftovers
|upkeep
|turn|7
|
|t:|1757797309
|move|p1a: Landorus|Earthquake|p2a: Iron Hands
|-supereffective|p2a: Iron Hands
|-crit|p2a: Iron Hands
|-damage|p2a: Iron Hands|5/100
|move|p2a: Iron Hands|Ice Punch|p1a: Landorus
|-supereffective|p1a: Landorus
|-damage|p1a: Landorus|0 fnt
|faint|p1a: Landorus
|
|-weather|Sandstorm|[upkeep]
|-damage|p2a: Iron Hands|0 fnt|[from] Sandstorm
|faint|p2a: Iron Hands
|-end|p2a: Iron Hands|Quark Drive|[silent]
|upkeep
|inactive|Rokket2510 has 120 seconds left.
|
|t:|1757797335
|switch|p1a: Raging Bolt|Raging Bolt|100/100
|switch|p2a: Hitmontop|Hitmontop, M|100/100
|-item|p2a: Hitmontop|Air Balloon
|turn|8
|-message|dvdegvedgebed forfeited.
|
|win|Rokket2510
|raw|Rokket2510's rating: 1326 &rarr; <strong>1344</strong><br />(+18 for winning)
|raw|dvdegvedgebed's rating: 1296 &rarr; <strong>1273</strong><br />(-23 for losing)
|l|☆dvdegvedgebed
|player|p2|
|l|☆Rokket2510
|player|p1|
