|j|☆THESWIMMER974
|j|☆N0art_97
|t:|1757935941
|gametype|singles
|player|p1|THESWIMMER974|swimmer|1329
|player|p2|N0art_97|benga|1345
|gen|9
|tier|[Gen 9] OU
|rated|
|rule|HP Percentage Mod: HP is shown in percentages
|rule|Endless Battle Clause: Forcing endless battles is banned
|rule|Species Clause: Limit one of each Pokémon
|rule|OHKO Clause: OHKO moves are banned
|rule|Evasion Items Clause: Evasion items are banned
|rule|Evasion Moves Clause: Evasion moves are banned
|rule|Evasion Abilities Clause: Evasion abilities are banned
|rule|Sleep Moves Clause: Sleep-inducing moves are banned
|clearpoke
|poke|p1|Great Tusk|
|poke|p1|Gholdengo|
|poke|p1|Dragonite, M|
|poke|p1|Kyurem|
|poke|p1|Ogerpon-Wellspring, F|
|poke|p1|Kingambit, M|
|poke|p2|Pelipper, M|
|poke|p2|Crawdaunt, F|
|poke|p2|Kingdra, F|
|poke|p2|Rillaboom, M|
|poke|p2|Scizor, F|
|poke|p2|Swampert, F|
|teampreview
|inactive|Battle timer is ON: inactive players will automatically lose when time's up. (requested by THESWIMMER974)
|
|t:|1757935964
|teamsize|p1|6
|teamsize|p2|6
|start
|switch|p1a: Kyurem|Kyurem|100/100
|switch|p2a: Pelipper|Pelipper, M|100/100
|-ability|p1a: Kyurem|Pressure
|-weather|RainDance|[from] ability: Drizzle|[of] p2a: Pelipper
|turn|1
|
|t:|1757935975
|switch|p2a: Scizor|Scizor, F|100/100
|move|p1a: Kyurem|Freeze-Dry|p2a: Scizor
|-resisted|p2a: Scizor
|-damage|p2a: Scizor|68/100
|
|-weather|RainDance|[upkeep]
|-heal|p2a: Scizor|74/100|[from] item: Leftovers
|upkeep
|turn|2
|
|t:|1757935988
|switch|p1a: Great Tusk|Great Tusk|100/100
|-enditem|p1a: Great Tusk|Booster Energy
|-activate|p1a: Great Tusk|ability: Protosynthesis|[fromitem]
|-start|p1a: Great Tusk|protosynthesisatk
|move|p2a: Scizor|U-turn|p1a: Great Tusk
|-resisted|p1a: Great Tusk
|-damage|p1a: Great Tusk|89/100
|
|t:|1757935996
|switch|p2a: Kingdra|Kingdra, F|100/100|[from] U-turn
|
|-weather|RainDance|[upkeep]
|upkeep
|turn|3
|
|t:|1757936002
|move|p2a: Kingdra|Draco Meteor|p1a: Great Tusk
|-damage|p1a: Great Tusk|0 fnt
|-unboost|p2a: Kingdra|spa|2
|faint|p1a: Great Tusk
|-end|p1a: Great Tusk|Protosynthesis|[silent]
|
|-weather|RainDance|[upkeep]
|upkeep
|
|t:|1757936010
|switch|p1a: Kyurem|Kyurem|100/100
|-ability|p1a: Kyurem|Pressure
|turn|4
|
|t:|1757936016
|switch|p2a: Scizor|Scizor, F|74/100
|-terastallize|p1a: Kyurem|Ice
|move|p1a: Kyurem|Freeze-Dry|p2a: Scizor
|-resisted|p2a: Scizor
|-damage|p2a: Scizor|26/100
|-status|p2a: Scizor|frz
|
|-weather|RainDance|[upkeep]
|-heal|p2a: Scizor|32/100 frz|[from] item: Leftovers
|upkeep
|turn|5
|
|t:|1757936029
|cant|p2a: Scizor|frz
|move|p1a: Kyurem|Freeze-Dry|p2a: Scizor
|-resisted|p2a: Scizor
|-damage|p2a: Scizor|0 fnt
|faint|p2a: Scizor
|
|-weather|RainDance|[upkeep]
|upkeep
|-message|THESWIMMER974 forfeited.
|
|win|N0art_97
|raw|THESWIMMER974's rating: 1329 &rarr; <strong>1310</strong><br />(-19 for losing)
|raw|N0art_97's rating: 1345 &rarr; <strong>1364</strong><br />(+19 for winning)
|l|☆THESWIMMER974
|player|p1|
|l|☆N0art_97
|player|p2|
