|j|☆TREMBLEB4BAST
|j|☆LooksGoodToMe
|t:|1757911242
|gametype|singles
|player|p1|TREMBLEB4BAST|geeta|1259
|player|p2|LooksGoodToMe|169|1264
|gen|9
|tier|[Gen 9] OU
|rated|
|rule|HP Percentage Mod: HP is shown in percentages
|rule|Endless Battle Clause: Forcing endless battles is banned
|rule|Species Clause: Limit one of each Pokémon
|rule|OHKO Clause: OHKO moves are banned
|rule|Evasion Items Clause: Evasion items are banned
|rule|Evasion Moves Clause: Evasion moves are banned
|rule|Evasion Abilities Clause: Evasion abilities are banned
|rule|Sleep Moves Clause: Sleep-inducing moves are banned
|clearpoke
|poke|p1|Tyranitar, M|
|poke|p1|Lucario, M|
|poke|p1|Gastrodon-East, F|
|poke|p1|Iron Moth|
|poke|p1|Vikavolt, M|
|poke|p1|Iron Leaves|
|poke|p2|Great Tusk|
|poke|p2|Kingambit, F|
|poke|p2|Gholdengo|
|poke|p2|Ogerpon-Wellspring, F|
|poke|p2|Hatterene, F|
|poke|p2|Cinderace, M|
|teampreview
|inactive|Battle timer is ON: inactive players will automatically lose when time's up. (requested by LooksGoodToMe)
|c|☆LooksGoodToMe|hf
|inactive|TREMBLEB4BAST has 120 seconds left.
|
|t:|1757911288
|teamsize|p1|6
|teamsize|p2|6
|start
|switch|p1a: Australian|Vikavolt, M|100/100
|switch|p2a: Great Tusk|Great Tusk|100/100
|turn|1
|
|t:|1757911297
|move|p2a: Great Tusk|Bulk Up|p2a: Great Tusk
|-boost|p2a: Great Tusk|atk|1
|-boost|p2a: Great Tusk|def|1
|move|p1a: Australian|Energy Ball|p2a: Great Tusk
|-supereffective|p2a: Great Tusk
|-damage|p2a: Great Tusk|52/100
|
|upkeep
|turn|2
|
|t:|1757911308
|move|p2a: Great Tusk|Ice Spinner|p1a: Australian
|-damage|p1a: Australian|63/100
|move|p1a: Australian|Energy Ball|p2a: Great Tusk
|-supereffective|p2a: Great Tusk
|-damage|p2a: Great Tusk|3/100
|
|upkeep
|turn|3
|c|☆TREMBLEB4BAST|U2
|
|t:|1757911317
|move|p2a: Great Tusk|Ice Spinner|p1a: Australian
|-damage|p1a: Australian|28/100
|move|p1a: Australian|Energy Ball|p2a: Great Tusk
|-supereffective|p2a: Great Tusk
|-damage|p2a: Great Tusk|0 fnt
|faint|p2a: Great Tusk
|-end|p2a: Great Tusk|Protosynthesis|[silent]
|
|upkeep
|
|t:|1757911327
|switch|p2a: Ogerpon|Ogerpon-Wellspring, F|100/100
|turn|4
|
|t:|1757911336
|switch|p1a: Chiron|Iron Leaves|100/100
|move|p2a: Ogerpon|Ivy Cudgel|p1a: Chiron|[anim] Ivy Cudgel Water
|-resisted|p1a: Chiron
|-damage|p1a: Chiron|70/100
|
|upkeep
|turn|5
|
|t:|1757911360
|move|p2a: Ogerpon|Ivy Cudgel|p1a: Chiron|[anim] Ivy Cudgel Water
|-resisted|p1a: Chiron
|-damage|p1a: Chiron|41/100
|move|p1a: Chiron|Leaf Blade|p2a: Ogerpon
|-damage|p2a: Ogerpon|54/100
|
|upkeep
|turn|6
|
|t:|1757911370
|switch|p2a: Kingambit|Kingambit, F|100/100
|-activate|p2a: Kingambit|ability: Supreme Overlord
|-start|p2a: Kingambit|fallen1|[silent]
|move|p1a: Chiron|Leaf Blade|p2a: Kingambit
|-resisted|p2a: Kingambit
|-damage|p2a: Kingambit|83/100
|
|-heal|p2a: Kingambit|89/100|[from] item: Leftovers
|upkeep
|turn|7
|
|t:|1757911379
|move|p2a: Kingambit|Sucker Punch|p1a: Chiron
|-supereffective|p1a: Chiron
|-damage|p1a: Chiron|0 fnt
|faint|p1a: Chiron
|-end|p1a: Chiron|Quark Drive|[silent]
|
|-heal|p2a: Kingambit|96/100|[from] item: Leftovers
|upkeep
|
|t:|1757911394
|switch|p1a: Gohan|Lucario, M|100/100
|turn|8
|
|t:|1757911404
|-end|p2a: Kingambit|fallen1|[silent]
|switch|p2a: Ogerpon|Ogerpon-Wellspring, F|54/100
|move|p1a: Gohan|Aura Sphere|p2a: Ogerpon
|-damage|p2a: Ogerpon|14/100
|
|upkeep
|turn|9
|
|t:|1757911414
|switch|p2a: Kingambit|Kingambit, F|96/100
|-activate|p2a: Kingambit|ability: Supreme Overlord
|-start|p2a: Kingambit|fallen1|[silent]
|move|p1a: Gohan|Aura Sphere|p2a: Kingambit
|-supereffective|p2a: Kingambit
|-damage|p2a: Kingambit|0 fnt
|faint|p2a: Kingambit
|-end|p2a: Kingambit|fallen1|[silent]
|
|upkeep
|
|t:|1757911424
|switch|p2a: Hatterene|Hatterene, F|100/100
|turn|10
|
|t:|1757911433
|switch|p1a: Shinobu|Iron Moth, shiny|100/100
|-enditem|p1a: Shinobu|Booster Energy
|-activate|p1a: Shinobu|ability: Quark Drive|[fromitem]
|-start|p1a: Shinobu|quarkdrivespe
|move|p2a: Hatterene|Calm Mind|p2a: Hatterene
|-boost|p2a: Hatterene|spa|1
|-boost|p2a: Hatterene|spd|1
|
|upkeep
|turn|11
|
|t:|1757911447
|-terastallize|p1a: Shinobu|Flying
|move|p1a: Shinobu|Sludge Wave|p2a: Hatterene
|-supereffective|p2a: Hatterene
|-damage|p2a: Hatterene|36/100
|move|p2a: Hatterene|Psychic Noise|p1a: Shinobu
|-damage|p1a: Shinobu|53/100
|-start|p1a: Shinobu|move: Heal Block
|
|-heal|p2a: Hatterene|42/100|[from] item: Leftovers
|upkeep
|turn|12
|
|t:|1757911457
|move|p1a: Shinobu|Sludge Wave|p2a: Hatterene
|-supereffective|p2a: Hatterene
|-damage|p2a: Hatterene|0 fnt
|faint|p2a: Hatterene
|
|-end|p1a: Shinobu|move: Heal Block
|upkeep
|
|t:|1757911466
|switch|p2a: Gholdengo|Gholdengo|100/100
|turn|13
|
|t:|1757911475
|move|p1a: Shinobu|Fiery Dance|p2a: Gholdengo
|-supereffective|p2a: Gholdengo
|-damage|p2a: Gholdengo|18/100
|move|p2a: Gholdengo|Make It Rain|p1a: Shinobu
|-damage|p1a: Shinobu|4/100
|-unboost|p2a: Gholdengo|spa|1
|
|-heal|p2a: Gholdengo|24/100|[from] item: Leftovers
|upkeep
|turn|14
|
|t:|1757911483
|switch|p2a: Ogerpon|Ogerpon-Wellspring, F|14/100
|move|p1a: Shinobu|Fiery Dance|p2a: Ogerpon
|-damage|p2a: Ogerpon|0 fnt
|-boost|p1a: Shinobu|spa|1
|faint|p2a: Ogerpon
|
|upkeep
|
|t:|1757911488
|switch|p2a: Cinderace|Cinderace, M|100/100
|turn|15
|
|t:|1757911493
|move|p1a: Shinobu|Sludge Wave|p2a: Cinderace
|-damage|p2a: Cinderace|6/100
|move|p2a: Cinderace|U-turn|p1a: Shinobu
|-start|p2a: Cinderace|typechange|Bug|[from] ability: Libero
|-resisted|p1a: Shinobu
|-damage|p1a: Shinobu|0 fnt
|faint|p1a: Shinobu
|-end|p1a: Shinobu|Quark Drive|[silent]
|
|t:|1757911501
|switch|p2a: Gholdengo|Gholdengo|24/100|[from] U-turn
|
|-heal|p2a: Gholdengo|30/100|[from] item: Leftovers
|upkeep
|
|t:|1757911523
|switch|p1a: Gohan|Lucario, M|100/100
|turn|16
|
|t:|1757911531
|move|p1a: Gohan|Dark Pulse|p2a: Gholdengo
|-supereffective|p2a: Gholdengo
|-damage|p2a: Gholdengo|0 fnt
|faint|p2a: Gholdengo
|
|upkeep
|
|t:|1757911535
|switch|p2a: Cinderace|Cinderace, M|6/100
|turn|17
|
|t:|1757911537
|move|p1a: Gohan|Dark Pulse|p2a: Cinderace
|-damage|p2a: Cinderace|0 fnt
|faint|p2a: Cinderace
|
|win|TREMBLEB4BAST
|raw|TREMBLEB4BAST's rating: 1237 &rarr; <strong>1264</strong><br />(+27 for winning)
|raw|LooksGoodToMe's rating: 1264 &rarr; <strong>1237</strong><br />(-27 for losing)
|c|☆LooksGoodToMe|gg
|c|☆TREMBLEB4BAST|Gg
|l|☆TREMBLEB4BAST
|player|p1|
|l|☆LooksGoodToMe
|player|p2|
