|j|☆swiscool
|j|☆JacquesDeAlderberg
|t:|1757861536
|gametype|singles
|player|p1|swiscool|2|1686
|player|p2|JacquesDeAlderberg|2|1688
|gen|9
|tier|[Gen 9] OU
|rated|
|rule|HP Percentage Mod: HP is shown in percentages
|rule|Endless Battle Clause: Forcing endless battles is banned
|rule|Species Clause: Limit one of each Pokémon
|rule|OHKO Clause: OHKO moves are banned
|rule|Evasion Items Clause: Evasion items are banned
|rule|Evasion Moves Clause: Evasion moves are banned
|rule|Evasion Abilities Clause: Evasion abilities are banned
|rule|Sleep Moves Clause: Sleep-inducing moves are banned
|clearpoke
|poke|p1|Kingambit, M|
|poke|p1|Ogerpon-Wellspring, F|
|poke|p1|Landorus-Therian, M|
|poke|p1|Hatterene, F|
|poke|p1|Weavile, F|
|poke|p1|Darkrai|
|poke|p2|Enamorus, F|
|poke|p2|Great Tusk|
|poke|p2|Hatterene, F|
|poke|p2|Iron Crown|
|poke|p2|Ting-Lu|
|poke|p2|Sinistcha|
|teampreview
|inactive|Battle timer is ON: inactive players will automatically lose when time's up. (requested by swiscool)
|
|t:|1757861553
|teamsize|p1|6
|teamsize|p2|6
|start
|switch|p1a: Ogerpon|Ogerpon-Wellspring, F|100/100
|switch|p2a: Enamorus|Enamorus, F|100/100
|turn|1
|
|t:|1757861565
|move|p1a: Ogerpon|Ivy Cudgel|p2a: Enamorus|[anim] Ivy Cudgel Water
|-damage|p2a: Enamorus|23/100
|move|p2a: Enamorus|Moonblast|p1a: Ogerpon
|-damage|p1a: Ogerpon|49/100
|
|-heal|p2a: Enamorus|29/100|[from] item: Leftovers
|upkeep
|turn|2
|
|t:|1757861573
|switch|p2a: Sinistcha|Sinistcha|100/100
|move|p1a: Ogerpon|Ivy Cudgel|p2a: Sinistcha|[anim] Ivy Cudgel Water
|-resisted|p2a: Sinistcha
|-damage|p2a: Sinistcha|78/100
|
|upkeep
|turn|3
|
|t:|1757861580
|move|p1a: Ogerpon|Knock Off|p2a: Sinistcha
|-supereffective|p2a: Sinistcha
|-damage|p2a: Sinistcha|20/100
|-enditem|p2a: Sinistcha|Heavy-Duty Boots|[from] move: Knock Off|[of] p1a: Ogerpon
|move|p2a: Sinistcha|Matcha Gotcha|p1a: Ogerpon
|-damage|p1a: Ogerpon|13/100
|-heal|p2a: Sinistcha|35/100|[from] drain|[of] p1a: Ogerpon
|-status|p1a: Ogerpon|brn
|
|-damage|p1a: Ogerpon|7/100 brn|[from] brn
|upkeep
|turn|4
|j| AmGodzchild
|
|t:|1757861588
|move|p1a: Ogerpon|Spikes|p2a: Sinistcha
|-sidestart|p2: JacquesDeAlderberg|Spikes
|move|p2a: Sinistcha|Strength Sap|p1a: Ogerpon
|-unboost|p1a: Ogerpon|atk|1
|-heal|p2a: Sinistcha|100/100
|
|-damage|p1a: Ogerpon|1/100 brn|[from] brn
|upkeep
|turn|5
|
|t:|1757861596
|move|p1a: Ogerpon|Knock Off|p2a: Sinistcha
|-supereffective|p2a: Sinistcha
|-damage|p2a: Sinistcha|88/100
|move|p2a: Sinistcha|Strength Sap|p1a: Ogerpon
|-unboost|p1a: Ogerpon|atk|1
|-heal|p2a: Sinistcha|100/100
|
|-damage|p1a: Ogerpon|0 fnt|[from] brn
|faint|p1a: Ogerpon
|upkeep
|
|t:|1757861601
|switch|p1a: Darkrai|Darkrai|100/100
|turn|6
|
|t:|1757861612
|switch|p2a: Ting-Lu|Ting-Lu|100/100
|-damage|p2a: Ting-Lu|88/100|[from] Spikes
|-ability|p2a: Ting-Lu|Vessel of Ruin
|move|p1a: Darkrai|Trick|p2a: Ting-Lu
|-activate|p1a: Darkrai|move: Trick|[of] p2a: Ting-Lu
|-item|p2a: Ting-Lu|Choice Scarf|[from] move: Trick
|-item|p1a: Darkrai|Leftovers|[from] move: Trick
|
|upkeep
|turn|7
|
|t:|1757861623
|move|p1a: Darkrai|Will-O-Wisp|p2a: Ting-Lu
|-status|p2a: Ting-Lu|brn
|move|p2a: Ting-Lu|Ruination|p1a: Darkrai
|-damage|p1a: Darkrai|51/100
|
|-heal|p1a: Darkrai|57/100|[from] item: Leftovers
|-damage|p2a: Ting-Lu|82/100 brn|[from] brn
|upkeep
|turn|8
|
|t:|1757861634
|switch|p1a: Hatterene|Hatterene, F|100/100
|move|p2a: Ting-Lu|Ruination|p1a: Hatterene
|-damage|p1a: Hatterene|50/100
|
|-damage|p2a: Ting-Lu|76/100 brn|[from] brn
|upkeep
|turn|9
|
|t:|1757861641
|switch|p2a: Hatterene|Hatterene, F|100/100
|-damage|p2a: Hatterene|88/100|[from] Spikes
|move|p1a: Hatterene|Dazzling Gleam|p2a: Hatterene
|-damage|p2a: Hatterene|51/100
|
|-heal|p2a: Hatterene|57/100|[from] item: Leftovers
|upkeep
|turn|10
|
|t:|1757861646
|move|p1a: Hatterene|Nuzzle|p2a: Hatterene
|-damage|p2a: Hatterene|54/100
|-status|p2a: Hatterene|par
|cant|p2a: Hatterene|par
|
|-heal|p2a: Hatterene|60/100 par|[from] item: Leftovers
|upkeep
|turn|11
|
|t:|1757861651
|move|p1a: Hatterene|Dazzling Gleam|p2a: Hatterene
|-damage|p2a: Hatterene|23/100 par
|cant|p2a: Hatterene|par
|
|-heal|p2a: Hatterene|29/100 par|[from] item: Leftovers
|upkeep
|turn|12
|
|t:|1757861657
|move|p1a: Hatterene|Dazzling Gleam|p2a: Hatterene
|-damage|p2a: Hatterene|0 fnt
|faint|p2a: Hatterene
|
|upkeep
|
|t:|1757861661
|switch|p2a: Enamorus|Enamorus, F|29/100
|turn|13
|
|t:|1757861667
|move|p2a: Enamorus|Moonblast|p1a: Hatterene
|-crit|p1a: Hatterene
|-damage|p1a: Hatterene|0 fnt
|faint|p1a: Hatterene
|
|-heal|p2a: Enamorus|35/100|[from] item: Leftovers
|upkeep
|
|t:|1757861671
|switch|p1a: Darkrai|Darkrai|57/100
|turn|14
|
|t:|1757861675
|switch|p2a: Ting-Lu|Ting-Lu|76/100 brn
|-damage|p2a: Ting-Lu|63/100 brn|[from] Spikes
|-ability|p2a: Ting-Lu|Vessel of Ruin
|move|p1a: Darkrai|Ice Beam|p2a: Ting-Lu
|-supereffective|p2a: Ting-Lu
|-crit|p2a: Ting-Lu
|-damage|p2a: Ting-Lu|23/100 brn
|
|-heal|p1a: Darkrai|63/100|[from] item: Leftovers
|-damage|p2a: Ting-Lu|16/100 brn|[from] brn
|upkeep
|turn|15
|
|t:|1757861682
|move|p1a: Darkrai|Ice Beam|p2a: Ting-Lu
|-supereffective|p2a: Ting-Lu
|-damage|p2a: Ting-Lu|0 fnt
|faint|p2a: Ting-Lu
|
|-heal|p1a: Darkrai|69/100|[from] item: Leftovers
|upkeep
|
|t:|1757861692
|switch|p2a: Iron Crown|Iron Crown|100/100
|-damage|p2a: Iron Crown|88/100|[from] Spikes
|-enditem|p2a: Iron Crown|Booster Energy
|-activate|p2a: Iron Crown|ability: Quark Drive|[fromitem]
|-start|p2a: Iron Crown|quarkdrivespa
|turn|16
|
|t:|1757861698
|-terastallize|p2a: Iron Crown|Fighting
|move|p1a: Darkrai|Dark Pulse|p2a: Iron Crown
|-resisted|p2a: Iron Crown
|-damage|p2a: Iron Crown|69/100
|move|p2a: Iron Crown|Agility|p2a: Iron Crown
|-boost|p2a: Iron Crown|spe|2
|
|-heal|p1a: Darkrai|75/100|[from] item: Leftovers
|upkeep
|turn|17
|j| wgw2333
|j| moodrandom
|
|t:|1757861708
|move|p2a: Iron Crown|Calm Mind|p2a: Iron Crown
|-boost|p2a: Iron Crown|spa|1
|-boost|p2a: Iron Crown|spd|1
|move|p1a: Darkrai|Ice Beam|p2a: Iron Crown
|-damage|p2a: Iron Crown|48/100
|
|-heal|p1a: Darkrai|81/100|[from] item: Leftovers
|upkeep
|turn|18
|
|t:|1757861714
|move|p2a: Iron Crown|Focus Blast|p1a: Darkrai
|-supereffective|p1a: Darkrai
|-damage|p1a: Darkrai|0 fnt
|faint|p1a: Darkrai
|
|upkeep
|
|t:|1757861718
|switch|p1a: Kingambit|Kingambit, M|100/100
|-activate|p1a: Kingambit|ability: Supreme Overlord
|-start|p1a: Kingambit|fallen3|[silent]
|turn|19
|
|t:|1757861723
|-terastallize|p1a: Kingambit|Fairy
|move|p2a: Iron Crown|Focus Blast|p1a: Kingambit
|-resisted|p1a: Kingambit
|-crit|p1a: Kingambit
|-damage|p1a: Kingambit|7/100
|move|p1a: Kingambit|Tera Blast|p2a: Iron Crown|[anim] Tera Blast Fairy
|-supereffective|p2a: Iron Crown
|-crit|p2a: Iron Crown
|-damage|p2a: Iron Crown|0 fnt
|faint|p2a: Iron Crown
|-end|p2a: Iron Crown|Quark Drive|[silent]
|
|-heal|p1a: Kingambit|13/100|[from] item: Leftovers
|upkeep
|
|t:|1757861730
|switch|p2a: Sinistcha|Sinistcha|100/100
|-damage|p2a: Sinistcha|88/100|[from] Spikes
|turn|20
|
|t:|1757861737
|move|p2a: Sinistcha|Iron Defense|p2a: Sinistcha
|-boost|p2a: Sinistcha|def|2
|move|p1a: Kingambit|Kowtow Cleave|p2a: Sinistcha
|-supereffective|p2a: Sinistcha
|-damage|p2a: Sinistcha|43/100
|
|-heal|p1a: Kingambit|19/100|[from] item: Leftovers
|upkeep
|turn|21
|
|t:|1757861743
|move|p2a: Sinistcha|Strength Sap|p1a: Kingambit
|-unboost|p1a: Kingambit|atk|1
|-heal|p2a: Sinistcha|100/100
|move|p1a: Kingambit|Kowtow Cleave|p2a: Sinistcha
|-supereffective|p2a: Sinistcha
|-damage|p2a: Sinistcha|71/100
|
|-heal|p1a: Kingambit|26/100|[from] item: Leftovers
|upkeep
|turn|22
|
|t:|1757861746
|-end|p1a: Kingambit|fallen3|[silent]
|switch|p1a: Weavile|Weavile, F|100/100
|-ability|p1a: Weavile|Pressure
|move|p2a: Sinistcha|Iron Defense|p2a: Sinistcha
|-boost|p2a: Sinistcha|def|2
|
|upkeep
|turn|23
|l| moodrandom
|
|t:|1757861752
|move|p1a: Weavile|Swords Dance|p1a: Weavile
|-boost|p1a: Weavile|atk|2
|move|p2a: Sinistcha|Strength Sap|p1a: Weavile
|-unboost|p1a: Weavile|atk|1
|-heal|p2a: Sinistcha|100/100
|
|upkeep
|turn|24
|
|t:|1757861756
|move|p1a: Weavile|Swords Dance|p1a: Weavile
|-boost|p1a: Weavile|atk|2
|move|p2a: Sinistcha|Matcha Gotcha|p1a: Weavile
|-crit|p1a: Weavile
|-damage|p1a: Weavile|35/100
|
|upkeep
|turn|25
|
|t:|1757861763
|move|p1a: Weavile|Triple Axel|p2a: Sinistcha
|-supereffective|p2a: Sinistcha
|-damage|p2a: Sinistcha|88/100
|-supereffective|p2a: Sinistcha
|-damage|p2a: Sinistcha|64/100
|-supereffective|p2a: Sinistcha
|-damage|p2a: Sinistcha|27/100
|-hitcount|p2a: Sinistcha|3
|move|p2a: Sinistcha|Strength Sap|p1a: Weavile
|-unboost|p1a: Weavile|atk|1
|-heal|p2a: Sinistcha|100/100
|
|upkeep
|turn|26
|
|t:|1757861772
|move|p1a: Weavile|Swords Dance|p1a: Weavile
|-boost|p1a: Weavile|atk|2
|move|p2a: Sinistcha|Matcha Gotcha|p1a: Weavile
|-damage|p1a: Weavile|0 fnt
|faint|p1a: Weavile
|
|upkeep
|-message|swiscool forfeited.
|
|win|JacquesDeAlderberg
|raw|swiscool's rating: 1686 &rarr; <strong>1666</strong><br />(-20 for losing)
|raw|JacquesDeAlderberg's rating: 1688 &rarr; <strong>1708</strong><br />(+20 for winning)
|l|☆swiscool
|player|p1|
|l|☆JacquesDeAlderberg
|player|p2|
|l| AmGodzchild
