|j|☆litter779
|j|☆JOAX1007
|html|<table width="100%"><tr><td align="left">litter779</td><td align="right">JOAX1007</tr><tr><td align="left"><i class="fa fa-circle-o"></i> <i class="fa fa-circle-o"></i> </td><td align="right"><i class="fa fa-circle-o"></i> <i class="fa fa-circle-o"></i> </tr></table>
|uhtml|bestof|<h2><strong>Game 1</strong> of <a href="/game-bestof3-gen9ou-2441136650">a best-of-3</a></h2>
|t:|1757803641
|gametype|singles
|player|p1|litter779|giovanni|
|player|p2|JOAX1007|hugh|
|gen|9
|tier|[Gen 9] OU
|rule|HP Percentage Mod: HP is shown in percentages
|rule|Endless Battle Clause: Forcing endless battles is banned
|rule|Species Clause: Limit one of each Pokémon
|rule|OHKO Clause: OHKO moves are banned
|rule|Evasion Items Clause: Evasion items are banned
|rule|Evasion Moves Clause: Evasion moves are banned
|rule|Evasion Abilities Clause: Evasion abilities are banned
|rule|Sleep Moves Clause: Sleep-inducing moves are banned
|raw|<div class="infobox"><details class="readmore"><summary><strong>6 custom rules:</strong></summary> Force Open Team Sheets, Anything Goes, maxteamsize=8, Picked Team Size = 6, Adjust Level = 100, bestof=3</details></div>
|clearpoke
|poke|p1|Glimmora, F|
|poke|p1|Gholdengo|
|poke|p1|Garchomp, M|
|poke|p1|Rillaboom, F|
|poke|p1|Hawlucha, M|
|poke|p1|Lokix, F|
|poke|p1|Skarmory, M|
|poke|p1|Gastrodon, F|
|poke|p2|Glimmora, F|
|poke|p2|Gholdengo|
|poke|p2|Garchomp, M|
|poke|p2|Rillaboom, M|
|poke|p2|Hawlucha, M|
|poke|p2|Lokix, F|
|poke|p2|Skarmory, F|
|poke|p2|Gastrodon, F|
|teampreview|6
|showteam|p1|Glimmora||FocusSash|ToxicDebris|MortalSpin,EarthPower,SludgeWave,PowerGem|||F||||,,,,,Rock]Gholdengo||AirBalloon|GoodasGold|NastyPlot,ShadowBall,Thunderbolt,MakeItRain|||||||,,,,,Fairy]Garchomp||RockyHelmet|RoughSkin|Earthquake,DragonTail,StealthRock,Spikes|||M||||,,,,,Ghost]Rillaboom||TerrainExtender|GrassySurge|GrassyGlide,KnockOff,Uturn,LowKick|||F||||,,,,,Grass]Hawlucha||GrassySeed|Unburden|SwordsDance,Acrobatics,CloseCombat,ThroatChop|||M||||,,,,,Fighting]Lokix||ChoiceBand|TintedLens|FirstImpression,Uturn,KnockOff,LeechLife|||F||||,,,,,Bug]Skarmory||Leftovers|Sturdy|Whirlwind,IronDefense,BodyPress,Roost|||M||||,,,,,Steel]Gastrodon||RindoBerry|StormDrain|MuddyWater,Recover,SludgeBomb,StealthRock|||F||||,,,,,Water
|showteam|p2|Glimmora||FocusSash|ToxicDebris|MortalSpin,EarthPower,SludgeWave,PowerGem|||F||||,,,,,Rock]Gholdengo||AirBalloon|GoodasGold|NastyPlot,ShadowBall,Recover,MakeItRain|||||||,,,,,Fairy]Garchomp||RockyHelmet|RoughSkin|Earthquake,DragonTail,StealthRock,Spikes|||M||||,,,,,Ghost]Rillaboom||TerrainExtender|GrassySurge|GrassyGlide,KnockOff,Uturn,LowKick|||M||||,,,,,Grass]Hawlucha||GrassySeed|Unburden|SwordsDance,Acrobatics,CloseCombat,ThroatChop|||M||||,,,,,Fighting]Lokix||ChoiceBand|TintedLens|FirstImpression,Uturn,KnockOff,LeechLife|||F||||,,,,,Bug]Skarmory||Leftovers|Sturdy|Whirlwind,IronDefense,BodyPress,Roost|||F||||,,,,,Steel]Gastrodon||RindoBerry|StormDrain|MuddyWater,Recover,SludgeBomb,StealthRock|||F||||,,,,,Water
|c|☆litter779|Y ese espejo?
|c|☆JOAX1007|Te atreves usar mi propios hechizos contra mí poter
|c|☆JOAX1007|Ban al Gholdengo
|c|☆JOAX1007|Xd
|c|☆litter779|Ban a Glimmora
|j| Taro777YT_
|c|☆JOAX1007|Ok
|
|t:|1757803786
|teamsize|p1|6
|teamsize|p2|6
|start
|switch|p1a: Gastrodon|Gastrodon, F|100/100
|switch|p2a: Rillaboom|Rillaboom, M, shiny|100/100
|-fieldstart|move: Grassy Terrain|[from] ability: Grassy Surge|[of] p2a: Rillaboom
|turn|1
|c|☆JOAX1007|Dejó afuera a Gastrodon
|c| Taro777YT_|Batalla espejo
|c|☆litter779|Dejo a garchom
|
|t:|1757803806
|switch|p1a: Glimmora|Glimmora, F|100/100
|move|p2a: Rillaboom|Knock Off|p1a: Glimmora
|-damage|p1a: Glimmora|58/100
|-activate|p1a: Glimmora|ability: Toxic Debris
|-sidestart|p2: JOAX1007|move: Toxic Spikes
|-enditem|p1a: Glimmora|Focus Sash|[from] move: Knock Off|[of] p2a: Rillaboom
|
|-heal|p1a: Glimmora|64/100|[from] Grassy Terrain
|upkeep
|turn|2
|
|t:|1757803819
|switch|p2a: Gholdengo|Gholdengo|100/100
|-item|p2a: Gholdengo|Air Balloon
|move|p1a: Glimmora|Power Gem|p2a: Gholdengo
|-resisted|p2a: Gholdengo
|-damage|p2a: Gholdengo|81/100
|-enditem|p2a: Gholdengo|Air Balloon
|
|-heal|p1a: Glimmora|70/100|[from] Grassy Terrain
|-heal|p2a: Gholdengo|87/100|[from] Grassy Terrain
|upkeep
|turn|3
|
|t:|1757803831
|move|p1a: Glimmora|Earth Power|p2a: Gholdengo
|-supereffective|p2a: Gholdengo
|-damage|p2a: Gholdengo|25/100
|-unboost|p2a: Gholdengo|spd|1
|move|p2a: Gholdengo|Make It Rain|p1a: Glimmora
|-supereffective|p1a: Glimmora
|-crit|p1a: Glimmora
|-damage|p1a: Glimmora|0 fnt
|-unboost|p2a: Gholdengo|spa|1
|faint|p1a: Glimmora
|
|-heal|p2a: Gholdengo|31/100|[from] Grassy Terrain
|upkeep
|
|t:|1757803848
|switch|p1a: Lokix|Lokix, F|100/100
|turn|4
|
|t:|1757803852
|move|p1a: Lokix|Knock Off|p2a: Gholdengo
|-supereffective|p2a: Gholdengo
|-damage|p2a: Gholdengo|0 fnt
|faint|p2a: Gholdengo
|
|upkeep
|
|t:|1757803854
|switch|p2a: Lokix|Lokix, F|100/100
|-status|p2a: Lokix|psn
|turn|5
|
|t:|1757803865
|switch|p1a: Skarmory|Skarmory, M|100/100
|move|p2a: Lokix|First Impression|p1a: Skarmory
|-resisted|p1a: Skarmory
|-crit|p1a: Skarmory
|-damage|p1a: Skarmory|66/100
|
|-heal|p1a: Skarmory|72/100|[from] item: Leftovers
|-damage|p2a: Lokix|88/100 psn|[from] psn
|upkeep
|turn|6
|
|t:|1757803878
|switch|p2a: Skarmory|Skarmory, F|100/100
|move|p1a: Skarmory|Whirlwind|p2a: Skarmory
|drag|p2a: Garchomp|Garchomp, M|100/100
|-status|p2a: Garchomp|psn
|
|-heal|p1a: Skarmory|79/100|[from] item: Leftovers
|-damage|p2a: Garchomp|88/100 psn|[from] psn
|upkeep
|turn|7
|
|t:|1757803895
|move|p2a: Garchomp|Stealth Rock|p1a: Skarmory
|-sidestart|p1: litter779|move: Stealth Rock
|move|p1a: Skarmory|Iron Defense|p1a: Skarmory
|-boost|p1a: Skarmory|def|2
|
|-heal|p2a: Garchomp|94/100 psn|[from] Grassy Terrain
|-heal|p1a: Skarmory|85/100|[from] item: Leftovers
|-damage|p2a: Garchomp|82/100 psn|[from] psn
|upkeep
|turn|8
|
|t:|1757803904
|move|p1a: Skarmory|Iron Defense|p1a: Skarmory
|-boost|p1a: Skarmory|def|2
|move|p2a: Garchomp|Dragon Tail|p1a: Skarmory|[miss]
|-miss|p2a: Garchomp|p1a: Skarmory
|
|-heal|p2a: Garchomp|88/100 psn|[from] Grassy Terrain
|-heal|p1a: Skarmory|91/100|[from] item: Leftovers
|-damage|p2a: Garchomp|76/100 psn|[from] psn
|-fieldend|move: Grassy Terrain
|upkeep
|turn|9
|
|t:|1757803909
|move|p1a: Skarmory|Body Press|p2a: Garchomp
|-damage|p2a: Garchomp|23/100 psn
|-damage|p1a: Skarmory|79/100|[from] ability: Rough Skin|[of] p2a: Garchomp
|-damage|p1a: Skarmory|62/100|[from] item: Rocky Helmet|[of] p2a: Garchomp
|move|p2a: Garchomp|Dragon Tail|p1a: Skarmory|[miss]
|-miss|p2a: Garchomp|p1a: Skarmory
|
|-heal|p1a: Skarmory|68/100|[from] item: Leftovers
|-damage|p2a: Garchomp|10/100 psn|[from] psn
|upkeep
|turn|10
|
|t:|1757803926
|move|p1a: Skarmory|Body Press|p2a: Garchomp
|-damage|p2a: Garchomp|0 fnt
|-damage|p1a: Skarmory|56/100|[from] ability: Rough Skin|[of] p2a: Garchomp
|-damage|p1a: Skarmory|40/100|[from] item: Rocky Helmet|[of] p2a: Garchomp
|faint|p2a: Garchomp
|
|-heal|p1a: Skarmory|46/100|[from] item: Leftovers
|upkeep
|
|t:|1757803929
|switch|p2a: Skarmory|Skarmory, F|100/100
|turn|11
|c| Taro777YT_|Durísimo ese skarmory
|
|t:|1757803942
|move|p1a: Skarmory|Body Press|p2a: Skarmory
|-damage|p2a: Skarmory|42/100
|move|p2a: Skarmory|Whirlwind|p1a: Skarmory
|drag|p1a: Lokix|Lokix, F|100/100
|-damage|p1a: Lokix|76/100|[from] Stealth Rock
|
|-heal|p2a: Skarmory|49/100|[from] item: Leftovers
|upkeep
|turn|12
|c| Taro777YT_|Medio rarete
|
|t:|1757803953
|move|p1a: Lokix|U-turn|p2a: Skarmory
|-resisted|p2a: Skarmory
|-damage|p2a: Skarmory|29/100
|
|t:|1757803960
|switch|p1a: Gastrodon|Gastrodon, F|100/100|[from] U-turn
|-damage|p1a: Gastrodon|94/100|[from] Stealth Rock
|move|p2a: Skarmory|Roost|p2a: Skarmory
|-heal|p2a: Skarmory|79/100
|-singleturn|p2a: Skarmory|move: Roost
|
|-heal|p2a: Skarmory|85/100|[from] item: Leftovers
|upkeep
|turn|13
|
|t:|1757803969
|move|p2a: Skarmory|Iron Defense|p2a: Skarmory
|-boost|p2a: Skarmory|def|2
|move|p1a: Gastrodon|Stealth Rock|p2a: Skarmory
|-sidestart|p2: JOAX1007|move: Stealth Rock
|
|-heal|p2a: Skarmory|91/100|[from] item: Leftovers
|upkeep
|turn|14
|
|t:|1757803977
|move|p2a: Skarmory|Body Press|p1a: Gastrodon
|-damage|p1a: Gastrodon|40/100
|move|p1a: Gastrodon|Muddy Water|p2a: Skarmory
|-damage|p2a: Skarmory|55/100
|
|-heal|p2a: Skarmory|61/100|[from] item: Leftovers
|upkeep
|turn|15
|
|t:|1757803986
|move|p2a: Skarmory|Body Press|p1a: Gastrodon
|-damage|p1a: Gastrodon|0 fnt
|faint|p1a: Gastrodon
|
|-heal|p2a: Skarmory|67/100|[from] item: Leftovers
|upkeep
|
|t:|1757803991
|switch|p1a: Skarmory|Skarmory, M|46/100
|-damage|p1a: Skarmory|33/100|[from] Stealth Rock
|turn|16
|
|t:|1757803996
|move|p2a: Skarmory|Body Press|p1a: Skarmory
|-damage|p1a: Skarmory|0 fnt
|faint|p1a: Skarmory
|
|-heal|p2a: Skarmory|73/100|[from] item: Leftovers
|upkeep
|
|t:|1757804009
|switch|p1a: Hawlucha|Hawlucha, M|100/100
|-damage|p1a: Hawlucha|88/100|[from] Stealth Rock
|turn|17
|
|t:|1757804018
|move|p1a: Hawlucha|Close Combat|p2a: Skarmory
|-damage|p2a: Skarmory|52/100
|-unboost|p1a: Hawlucha|def|1
|-unboost|p1a: Hawlucha|spd|1
|move|p2a: Skarmory|Iron Defense|p2a: Skarmory
|-boost|p2a: Skarmory|def|2
|
|-heal|p2a: Skarmory|58/100|[from] item: Leftovers
|upkeep
|turn|18
|
|t:|1757804025
|switch|p1a: Rillaboom|Rillaboom, F|100/100
|-damage|p1a: Rillaboom|88/100|[from] Stealth Rock
|-fieldstart|move: Grassy Terrain|[from] ability: Grassy Surge|[of] p1a: Rillaboom
|move|p2a: Skarmory|Roost|p2a: Skarmory
|-heal|p2a: Skarmory|100/100
|-singleturn|p2a: Skarmory|move: Roost
|
|-heal|p1a: Rillaboom|94/100|[from] Grassy Terrain
|upkeep
|turn|19
|
|t:|1757804029
|move|p1a: Rillaboom|Knock Off|p2a: Skarmory
|-damage|p2a: Skarmory|90/100
|-enditem|p2a: Skarmory|Leftovers|[from] move: Knock Off|[of] p1a: Rillaboom
|move|p2a: Skarmory|Body Press|p1a: Rillaboom
|-crit|p1a: Rillaboom
|-damage|p1a: Rillaboom|0 fnt
|faint|p1a: Rillaboom
|
|upkeep
|
|t:|1757804032
|switch|p1a: Hawlucha|Hawlucha, M|88/100
|-damage|p1a: Hawlucha|76/100|[from] Stealth Rock
|-enditem|p1a: Hawlucha|Grassy Seed
|-boost|p1a: Hawlucha|def|1|[from] item: Grassy Seed
|turn|20
|
|t:|1757804035
|move|p1a: Hawlucha|Swords Dance|p1a: Hawlucha
|-boost|p1a: Hawlucha|atk|2
|move|p2a: Skarmory|Body Press|p1a: Hawlucha
|-resisted|p1a: Hawlucha
|-damage|p1a: Hawlucha|35/100
|
|upkeep
|turn|21
|
|t:|1757804039
|move|p1a: Hawlucha|Close Combat|p2a: Skarmory
|-damage|p2a: Skarmory|62/100
|-unboost|p1a: Hawlucha|def|1
|-unboost|p1a: Hawlucha|spd|1
|move|p2a: Skarmory|Body Press|p1a: Hawlucha
|-resisted|p1a: Hawlucha
|-damage|p1a: Hawlucha|0 fnt
|faint|p1a: Hawlucha
|
|upkeep
|
|t:|1757804042
|switch|p1a: Lokix|Lokix, F|76/100
|-damage|p1a: Lokix|51/100|[from] Stealth Rock
|turn|22
|
|t:|1757804046
|move|p1a: Lokix|Knock Off|p2a: Skarmory
|-damage|p2a: Skarmory|49/100
|move|p2a: Skarmory|Body Press|p1a: Lokix
|-damage|p1a: Lokix|0 fnt
|faint|p1a: Lokix
|
|win|JOAX1007
||JOAX1007 is ready for game 2.
||litter779 is ready for game 2.
|uhtml|next|Next: <a href="/battle-gen9ou-2441139736"><strong>Game 2 of 3</strong></a>
