|j|☆tommy1928
|j|☆chefcapuchin
|t:|1757829087
|gametype|singles
|player|p1|tommy1928|101|1601
|player|p2|chefcapuchin|266|1591
|gen|9
|tier|[Gen 9] OU
|rated|
|rule|HP Percentage Mod: HP is shown in percentages
|rule|Endless Battle Clause: Forcing endless battles is banned
|rule|Species Clause: Limit one of each Pokémon
|rule|OHKO Clause: OHKO moves are banned
|rule|Evasion Items Clause: Evasion items are banned
|rule|Evasion Moves Clause: Evasion moves are banned
|rule|Evasion Abilities Clause: Evasion abilities are banned
|rule|Sleep Moves Clause: Sleep-inducing moves are banned
|clearpoke
|poke|p1|Torkoal, F|
|poke|p1|Ceruledge, M|
|poke|p1|Raging Bolt|
|poke|p1|Great Tusk|
|poke|p1|Walking Wake|
|poke|p1|Alomomola, F|
|poke|p2|Dondozo, F|
|poke|p2|Cinderace, M|
|poke|p2|Slowking-Galar, F|
|poke|p2|Corviknight, F|
|poke|p2|Ting-Lu|
|poke|p2|Kyurem|
|teampreview
|inactive|Battle timer is ON: inactive players will automatically lose when time's up. (requested by chefcapuchin)
|
|t:|1757829102
|teamsize|p1|6
|teamsize|p2|6
|start
|switch|p1a: Torkoal|Torkoal, F, shiny|100/100
|switch|p2a: Kyurem|Kyurem|100/100
|-ability|p2a: Kyurem|Pressure
|-weather|SunnyDay|[from] ability: Drought|[of] p1a: Torkoal
|turn|1
|
|t:|1757829111
|switch|p1a: Alomomola|Alomomola, F|100/100
|move|p2a: Kyurem|Freeze-Dry|p1a: Alomomola
|-supereffective|p1a: Alomomola
|-damage|p1a: Alomomola|51/100
|
|-weather|SunnyDay|[upkeep]
|upkeep
|turn|2
|
|t:|1757829122
|move|p2a: Kyurem|Freeze-Dry|p1a: Alomomola
|-supereffective|p1a: Alomomola
|-damage|p1a: Alomomola|0 fnt
|faint|p1a: Alomomola
|
|-weather|SunnyDay|[upkeep]
|upkeep
|
|t:|1757829135
|switch|p1a: Walking Wake|Walking Wake|100/100
|-activate|p1a: Walking Wake|ability: Protosynthesis
|-start|p1a: Walking Wake|protosynthesisspe
|turn|3
|
|t:|1757829147
|switch|p2a: Slowking|Slowking-Galar, F|100/100
|move|p1a: Walking Wake|Draco Meteor|p2a: Slowking
|-damage|p2a: Slowking|47/100
|-unboost|p1a: Walking Wake|spa|2
|-damage|p1a: Walking Wake|91/100|[from] item: Life Orb
|
|-weather|SunnyDay|[upkeep]
|upkeep
|turn|4
|
|t:|1757829160
|switch|p2a: Ting-Lu|Ting-Lu|100/100
|-ability|p2a: Ting-Lu|Vessel of Ruin
|move|p1a: Walking Wake|Draco Meteor|p2a: Ting-Lu
|-damage|p2a: Ting-Lu|82/100
|-unboost|p1a: Walking Wake|spa|2
|-damage|p1a: Walking Wake|81/100|[from] item: Life Orb
|
|-weather|SunnyDay|[upkeep]
|-heal|p2a: Ting-Lu|88/100|[from] item: Leftovers
|upkeep
|turn|5
|
|t:|1757829169
|-end|p1a: Walking Wake|Protosynthesis|[silent]
|switch|p1a: Ceruledge|Ceruledge, M|100/100
|-item|p1a: Ceruledge|Air Balloon
|move|p2a: Ting-Lu|Earthquake|p1a: Ceruledge
|-immune|p1a: Ceruledge
|
|-weather|SunnyDay|[upkeep]
|-heal|p2a: Ting-Lu|94/100|[from] item: Leftovers
|upkeep
|turn|6
|
|t:|1757829198
|move|p1a: Ceruledge|Swords Dance|p1a: Ceruledge
|-boost|p1a: Ceruledge|atk|2
|move|p2a: Ting-Lu|Payback|p1a: Ceruledge
|-supereffective|p1a: Ceruledge
|-damage|p1a: Ceruledge|9/100
|-ability|p1a: Ceruledge|Weak Armor|boost
|-unboost|p1a: Ceruledge|def|1
|-boost|p1a: Ceruledge|spe|2
|-enditem|p1a: Ceruledge|Air Balloon
|
|-weather|SunnyDay|[upkeep]
|-heal|p2a: Ting-Lu|100/100|[from] item: Leftovers
|upkeep
|turn|7
|
|t:|1757829207
|switch|p2a: Dondozo|Dondozo, F|100/100
|move|p1a: Ceruledge|Bitter Blade|p2a: Dondozo
|-resisted|p2a: Dondozo
|-damage|p2a: Dondozo|80/100
|-heal|p1a: Ceruledge|24/100|[from] drain|[of] p2a: Dondozo
|
|-weather|SunnyDay|[upkeep]
|upkeep
|turn|8
|inactive|tommy1928 has 120 seconds left.
|
|t:|1757829242
|switch|p1a: Walking Wake|Walking Wake|81/100
|-activate|p1a: Walking Wake|ability: Protosynthesis
|-start|p1a: Walking Wake|protosynthesisspe
|move|p2a: Dondozo|Liquidation|p1a: Walking Wake
|-resisted|p1a: Walking Wake
|-damage|p1a: Walking Wake|77/100
|
|-weather|none
|-end|p1a: Walking Wake|Protosynthesis
|upkeep
|turn|9
|
|t:|1757829256
|switch|p2a: Slowking|Slowking-Galar, F|80/100
|move|p1a: Walking Wake|Draco Meteor|p2a: Slowking
|-damage|p2a: Slowking|28/100
|-unboost|p1a: Walking Wake|spa|2
|-damage|p1a: Walking Wake|67/100|[from] item: Life Orb
|
|upkeep
|turn|10
|
|t:|1757829261
|-end|p1a: Walking Wake|Protosynthesis|[silent]
|switch|p1a: Torkoal|Torkoal, F, shiny|100/100
|-weather|SunnyDay|[from] ability: Drought|[of] p1a: Torkoal
|switch|p2a: Ting-Lu|Ting-Lu|100/100
|-ability|p2a: Ting-Lu|Vessel of Ruin
|
|-weather|SunnyDay|[upkeep]
|upkeep
|turn|11
|inactive|tommy1928 has 120 seconds left.
|
|t:|1757829267
|move|p2a: Ting-Lu|Earthquake|p1a: Torkoal
|-supereffective|p1a: Torkoal
|-damage|p1a: Torkoal|49/100
|move|p1a: Torkoal|Will-O-Wisp|p2a: Ting-Lu
|-status|p2a: Ting-Lu|brn
|
|-weather|SunnyDay|[upkeep]
|-damage|p2a: Ting-Lu|94/100 brn|[from] brn
|upkeep
|turn|12
|
|t:|1757829274
|move|p2a: Ting-Lu|Earthquake|p1a: Torkoal
|-supereffective|p1a: Torkoal
|-damage|p1a: Torkoal|22/100
|move|p1a: Torkoal|Stealth Rock|p2a: Ting-Lu
|-sidestart|p2: chefcapuchin|move: Stealth Rock
|
|-weather|SunnyDay|[upkeep]
|-heal|p2a: Ting-Lu|100/100 brn|[from] item: Leftovers
|-damage|p2a: Ting-Lu|94/100 brn|[from] brn
|upkeep
|turn|13
|
|t:|1757829280
|switch|p1a: Raging Bolt|Raging Bolt|100/100
|-activate|p1a: Raging Bolt|ability: Protosynthesis
|-start|p1a: Raging Bolt|protosynthesisdef
|move|p2a: Ting-Lu|Earthquake|p1a: Raging Bolt
|-supereffective|p1a: Raging Bolt
|-damage|p1a: Raging Bolt|85/100
|
|-weather|SunnyDay|[upkeep]
|-heal|p1a: Raging Bolt|91/100|[from] item: Leftovers
|-heal|p2a: Ting-Lu|100/100 brn|[from] item: Leftovers
|-damage|p2a: Ting-Lu|94/100 brn|[from] brn
|upkeep
|turn|14
|
|t:|1757829290
|switch|p2a: Kyurem|Kyurem|100/100
|-damage|p2a: Kyurem|76/100|[from] Stealth Rock
|-ability|p2a: Kyurem|Pressure
|move|p1a: Raging Bolt|Substitute|p1a: Raging Bolt
|-start|p1a: Raging Bolt|Substitute
|-damage|p1a: Raging Bolt|66/100
|
|-weather|SunnyDay|[upkeep]
|-heal|p1a: Raging Bolt|72/100|[from] item: Leftovers
|upkeep
|turn|15
|
|t:|1757829299
|switch|p2a: Slowking|Slowking-Galar, F|62/100
|-damage|p2a: Slowking|49/100|[from] Stealth Rock
|move|p1a: Raging Bolt|Calm Mind|p1a: Raging Bolt
|-boost|p1a: Raging Bolt|spa|1
|-boost|p1a: Raging Bolt|spd|1
|
|-weather|SunnyDay|[upkeep]
|-heal|p1a: Raging Bolt|78/100|[from] item: Leftovers
|upkeep
|turn|16
|
|t:|1757829303
|move|p1a: Raging Bolt|Calm Mind|p1a: Raging Bolt
|-boost|p1a: Raging Bolt|spa|1
|-boost|p1a: Raging Bolt|spd|1
|move|p2a: Slowking|Ice Beam|p1a: Raging Bolt
|-supereffective|p1a: Raging Bolt
|-activate|p1a: Raging Bolt|move: Substitute|[damage]
|
|-weather|SunnyDay|[upkeep]
|-heal|p1a: Raging Bolt|84/100|[from] item: Leftovers
|upkeep
|turn|17
|
|t:|1757829316
|move|p1a: Raging Bolt|Calm Mind|p1a: Raging Bolt
|-boost|p1a: Raging Bolt|spa|1
|-boost|p1a: Raging Bolt|spd|1
|move|p2a: Slowking|Ice Beam|p1a: Raging Bolt
|-supereffective|p1a: Raging Bolt
|-end|p1a: Raging Bolt|Substitute
|
|-weather|none
|-end|p1a: Raging Bolt|Protosynthesis
|-heal|p1a: Raging Bolt|91/100|[from] item: Leftovers
|upkeep
|turn|18
|
|t:|1757829325
|move|p1a: Raging Bolt|Substitute|p1a: Raging Bolt
|-start|p1a: Raging Bolt|Substitute
|-damage|p1a: Raging Bolt|66/100
|-prepare|p2a: Slowking|Chilly Reception|[premajor]
|move|p2a: Slowking|Chilly Reception|p2a: Slowking
|-weather|Snowscape
|
|t:|1757829327
|switch|p2a: Dondozo|Dondozo, F|80/100|[from] Chilly Reception
|
|-weather|Snowscape|[upkeep]
|-heal|p1a: Raging Bolt|72/100|[from] item: Leftovers
|upkeep
|turn|19
|
|t:|1757829331
|-terastallize|p2a: Dondozo|Dark
|move|p1a: Raging Bolt|Discharge|p2a: Dondozo
|-damage|p2a: Dondozo|58/100
|move|p2a: Dondozo|Curse|p2a: Dondozo
|-unboost|p2a: Dondozo|spe|1
|-boost|p2a: Dondozo|atk|1
|-boost|p2a: Dondozo|def|1
|
|-weather|Snowscape|[upkeep]
|-heal|p1a: Raging Bolt|78/100|[from] item: Leftovers
|upkeep
|turn|20
|
|t:|1757829348
|move|p1a: Raging Bolt|Discharge|p2a: Dondozo
|-damage|p2a: Dondozo|38/100
|move|p2a: Dondozo|Curse|p2a: Dondozo
|-unboost|p2a: Dondozo|spe|1
|-boost|p2a: Dondozo|atk|1
|-boost|p2a: Dondozo|def|1
|
|-weather|Snowscape|[upkeep]
|-heal|p1a: Raging Bolt|84/100|[from] item: Leftovers
|upkeep
|turn|21
|
|t:|1757829352
|move|p1a: Raging Bolt|Discharge|p2a: Dondozo
|-damage|p2a: Dondozo|14/100
|-status|p2a: Dondozo|par
|move|p2a: Dondozo|Rest|p2a: Dondozo
|-status|p2a: Dondozo|slp|[from] move: Rest
|-heal|p2a: Dondozo|100/100 slp|[silent]
|
|-weather|Snowscape|[upkeep]
|-heal|p1a: Raging Bolt|90/100|[from] item: Leftovers
|upkeep
|turn|22
|
|t:|1757829358
|move|p1a: Raging Bolt|Discharge|p2a: Dondozo
|-damage|p2a: Dondozo|78/100 slp
|cant|p2a: Dondozo|slp
|move|p2a: Dondozo|Sleep Talk|p2a: Dondozo
|move|p2a: Dondozo|Rest||[from] move: Sleep Talk|[still]
|-fail|p2a: Dondozo
|
|-weather|none
|-heal|p1a: Raging Bolt|97/100|[from] item: Leftovers
|upkeep
|turn|23
|
|t:|1757829362
|move|p1a: Raging Bolt|Discharge|p2a: Dondozo
|-damage|p2a: Dondozo|58/100 slp
|cant|p2a: Dondozo|slp
|move|p2a: Dondozo|Sleep Talk|p2a: Dondozo
|move|p2a: Dondozo|Curse|p2a: Dondozo|[from] move: Sleep Talk
|-unboost|p2a: Dondozo|spe|1
|-boost|p2a: Dondozo|atk|1
|-boost|p2a: Dondozo|def|1
|
|-heal|p1a: Raging Bolt|100/100|[from] item: Leftovers
|upkeep
|turn|24
|
|t:|1757829369
|move|p1a: Raging Bolt|Discharge|p2a: Dondozo
|-damage|p2a: Dondozo|35/100 slp
|-curestatus|p2a: Dondozo|slp|[msg]
|move|p2a: Dondozo|Rest|p2a: Dondozo
|-status|p2a: Dondozo|slp|[from] move: Rest
|-heal|p2a: Dondozo|100/100 slp|[silent]
|
|upkeep
|turn|25
|
|t:|1757829373
|move|p1a: Raging Bolt|Dragon Pulse|p2a: Dondozo
|-damage|p2a: Dondozo|78/100 slp
|cant|p2a: Dondozo|slp
|move|p2a: Dondozo|Sleep Talk|p2a: Dondozo
|move|p2a: Dondozo|Rest||[from] move: Sleep Talk|[still]
|-fail|p2a: Dondozo
|
|upkeep
|turn|26
|
|t:|1757829376
|move|p1a: Raging Bolt|Dragon Pulse|p2a: Dondozo
|-damage|p2a: Dondozo|55/100 slp
|cant|p2a: Dondozo|slp
|move|p2a: Dondozo|Sleep Talk|p2a: Dondozo
|move|p2a: Dondozo|Rest||[from] move: Sleep Talk|[still]
|-fail|p2a: Dondozo
|
|upkeep
|turn|27
|
|t:|1757829379
|move|p1a: Raging Bolt|Discharge|p2a: Dondozo
|-damage|p2a: Dondozo|30/100 slp
|-curestatus|p2a: Dondozo|slp|[msg]
|move|p2a: Dondozo|Rest|p2a: Dondozo
|-status|p2a: Dondozo|slp|[from] move: Rest
|-heal|p2a: Dondozo|100/100 slp|[silent]
|
|upkeep
|turn|28
|
|t:|1757829382
|move|p1a: Raging Bolt|Dragon Pulse|p2a: Dondozo
|-damage|p2a: Dondozo|78/100 slp
|cant|p2a: Dondozo|slp
|move|p2a: Dondozo|Sleep Talk|p2a: Dondozo
|move|p2a: Dondozo|Liquidation|p1a: Raging Bolt|[from] move: Sleep Talk
|-resisted|p1a: Raging Bolt
|-activate|p1a: Raging Bolt|move: Substitute|[damage]
|
|upkeep
|turn|29
|
|t:|1757829390
|move|p1a: Raging Bolt|Dragon Pulse|p2a: Dondozo
|-damage|p2a: Dondozo|52/100 slp
|cant|p2a: Dondozo|slp
|move|p2a: Dondozo|Sleep Talk|p2a: Dondozo
|move|p2a: Dondozo|Curse|p2a: Dondozo|[from] move: Sleep Talk
|-unboost|p2a: Dondozo|spe|1
|-boost|p2a: Dondozo|atk|1
|-boost|p2a: Dondozo|def|1
|
|upkeep
|turn|30
|
|t:|1757829397
|move|p1a: Raging Bolt|Dragon Pulse|p2a: Dondozo
|-damage|p2a: Dondozo|30/100 slp
|-curestatus|p2a: Dondozo|slp|[msg]
|move|p2a: Dondozo|Liquidation|p1a: Raging Bolt
|-resisted|p1a: Raging Bolt
|-end|p1a: Raging Bolt|Substitute
|
|upkeep
|turn|31
|
|t:|1757829401
|move|p1a: Raging Bolt|Discharge|p2a: Dondozo
|-damage|p2a: Dondozo|7/100
|move|p2a: Dondozo|Rest|p2a: Dondozo
|-status|p2a: Dondozo|slp|[from] move: Rest
|-heal|p2a: Dondozo|100/100 slp|[silent]
|
|upkeep
|turn|32
|
|t:|1757829405
|move|p1a: Raging Bolt|Dragon Pulse|p2a: Dondozo
|-damage|p2a: Dondozo|75/100 slp
|cant|p2a: Dondozo|slp
|move|p2a: Dondozo|Sleep Talk|p2a: Dondozo
|move|p2a: Dondozo|Rest||[from] move: Sleep Talk|[still]
|-fail|p2a: Dondozo
|
|upkeep
|turn|33
|
|t:|1757829409
|move|p1a: Raging Bolt|Discharge|p2a: Dondozo
|-damage|p2a: Dondozo|52/100 slp
|cant|p2a: Dondozo|slp
|move|p2a: Dondozo|Sleep Talk|p2a: Dondozo
|move|p2a: Dondozo|Curse|p2a: Dondozo|[from] move: Sleep Talk
|-unboost|p2a: Dondozo|spe|1
|-boost|p2a: Dondozo|atk|1
|-boost|p2a: Dondozo|def|1
|
|upkeep
|turn|34
|
|t:|1757829415
|move|p1a: Raging Bolt|Discharge|p2a: Dondozo
|-damage|p2a: Dondozo|31/100 slp
|-curestatus|p2a: Dondozo|slp|[msg]
|move|p2a: Dondozo|Rest|p2a: Dondozo
|-status|p2a: Dondozo|slp|[from] move: Rest
|-heal|p2a: Dondozo|100/100 slp|[silent]
|
|upkeep
|turn|35
|
|t:|1757829419
|move|p1a: Raging Bolt|Substitute|p1a: Raging Bolt
|-start|p1a: Raging Bolt|Substitute
|-damage|p1a: Raging Bolt|76/100
|cant|p2a: Dondozo|slp
|move|p2a: Dondozo|Sleep Talk|p2a: Dondozo
|move|p2a: Dondozo|Rest||[from] move: Sleep Talk|[still]
|-fail|p2a: Dondozo
|
|-heal|p1a: Raging Bolt|82/100|[from] item: Leftovers
|upkeep
|turn|36
|
|t:|1757829425
|move|p1a: Raging Bolt|Discharge|p2a: Dondozo
|-damage|p2a: Dondozo|79/100 slp
|cant|p2a: Dondozo|slp
|move|p2a: Dondozo|Sleep Talk|p2a: Dondozo
|move|p2a: Dondozo|Rest||[from] move: Sleep Talk|[still]
|-fail|p2a: Dondozo
|
|-heal|p1a: Raging Bolt|88/100|[from] item: Leftovers
|upkeep
|turn|37
|
|t:|1757829428
|move|p1a: Raging Bolt|Discharge|p2a: Dondozo
|-damage|p2a: Dondozo|55/100 slp
|-curestatus|p2a: Dondozo|slp|[msg]
|move|p2a: Dondozo|Liquidation|p1a: Raging Bolt
|-resisted|p1a: Raging Bolt
|-end|p1a: Raging Bolt|Substitute
|
|-heal|p1a: Raging Bolt|94/100|[from] item: Leftovers
|upkeep
|turn|38
|
|t:|1757829437
|move|p1a: Raging Bolt|Dragon Pulse|p2a: Dondozo
|-damage|p2a: Dondozo|30/100
|move|p2a: Dondozo|Rest|p2a: Dondozo
|-status|p2a: Dondozo|slp|[from] move: Rest
|-heal|p2a: Dondozo|100/100 slp|[silent]
|
|-heal|p1a: Raging Bolt|99/100|[from] item: Leftovers
|upkeep
|turn|39
|
|t:|1757829443
|move|p1a: Raging Bolt|Discharge|p2a: Dondozo
|-damage|p2a: Dondozo|79/100 slp
|cant|p2a: Dondozo|slp
|move|p2a: Dondozo|Sleep Talk|p2a: Dondozo
|move|p2a: Dondozo|Liquidation|p1a: Raging Bolt|[from] move: Sleep Talk
|-resisted|p1a: Raging Bolt
|-damage|p1a: Raging Bolt|71/100
|
|-heal|p1a: Raging Bolt|77/100|[from] item: Leftovers
|upkeep
|turn|40
|
|t:|1757829446
|move|p1a: Raging Bolt|Discharge|p2a: Dondozo
|-damage|p2a: Dondozo|58/100 slp
|cant|p2a: Dondozo|slp
|move|p2a: Dondozo|Sleep Talk|p2a: Dondozo
|move|p2a: Dondozo|Rest||[from] move: Sleep Talk|[still]
|-fail|p2a: Dondozo
|
|-heal|p1a: Raging Bolt|84/100|[from] item: Leftovers
|upkeep
|turn|41
|
|t:|1757829450
|move|p1a: Raging Bolt|Substitute|p1a: Raging Bolt
|-start|p1a: Raging Bolt|Substitute
|-damage|p1a: Raging Bolt|59/100
|-curestatus|p2a: Dondozo|slp|[msg]
|move|p2a: Dondozo|Liquidation|p1a: Raging Bolt
|-resisted|p1a: Raging Bolt
|-end|p1a: Raging Bolt|Substitute
|
|-heal|p1a: Raging Bolt|65/100|[from] item: Leftovers
|upkeep
|turn|42
|
|t:|1757829455
|move|p1a: Raging Bolt|Discharge|p2a: Dondozo
|-damage|p2a: Dondozo|33/100
|move|p2a: Dondozo|Liquidation|p1a: Raging Bolt
|-resisted|p1a: Raging Bolt
|-damage|p1a: Raging Bolt|34/100
|
|-heal|p1a: Raging Bolt|40/100|[from] item: Leftovers
|upkeep
|turn|43
|
|t:|1757829480
|move|p1a: Raging Bolt|Substitute|p1a: Raging Bolt
|-start|p1a: Raging Bolt|Substitute
|-damage|p1a: Raging Bolt|15/100
|move|p2a: Dondozo|Rest|p2a: Dondozo
|-status|p2a: Dondozo|slp|[from] move: Rest
|-heal|p2a: Dondozo|100/100 slp|[silent]
|
|-heal|p1a: Raging Bolt|21/100|[from] item: Leftovers
|upkeep
|turn|44
|
|t:|1757829485
|move|p1a: Raging Bolt|Dragon Pulse|p2a: Dondozo
|-damage|p2a: Dondozo|77/100 slp
|cant|p2a: Dondozo|slp
|move|p2a: Dondozo|Sleep Talk|p2a: Dondozo
|move|p2a: Dondozo|Curse|p2a: Dondozo|[from] move: Sleep Talk
|-unboost|p2a: Dondozo|spe|1
|-boost|p2a: Dondozo|atk|1
|-boost|p2a: Dondozo|def|1
|
|-heal|p1a: Raging Bolt|27/100|[from] item: Leftovers
|upkeep
|turn|45
|j| LuLuNaNaRaRa
|
|t:|1757829488
|move|p1a: Raging Bolt|Discharge|p2a: Dondozo
|-damage|p2a: Dondozo|53/100 slp
|cant|p2a: Dondozo|slp
|move|p2a: Dondozo|Sleep Talk|p2a: Dondozo
|move|p2a: Dondozo|Curse|p2a: Dondozo|[from] move: Sleep Talk
|
|-heal|p1a: Raging Bolt|34/100|[from] item: Leftovers
|upkeep
|turn|46
|
|t:|1757829492
|move|p1a: Raging Bolt|Discharge|p2a: Dondozo
|-damage|p2a: Dondozo|31/100 slp
|-curestatus|p2a: Dondozo|slp|[msg]
|move|p2a: Dondozo|Liquidation|p1a: Raging Bolt
|-resisted|p1a: Raging Bolt
|-end|p1a: Raging Bolt|Substitute
|
|-heal|p1a: Raging Bolt|40/100|[from] item: Leftovers
|upkeep
|turn|47
|
|t:|1757829498
|move|p1a: Raging Bolt|Dragon Pulse|p2a: Dondozo
|-damage|p2a: Dondozo|7/100
|move|p2a: Dondozo|Rest|p2a: Dondozo
|-status|p2a: Dondozo|slp|[from] move: Rest
|-heal|p2a: Dondozo|100/100 slp|[silent]
|
|-heal|p1a: Raging Bolt|46/100|[from] item: Leftovers
|upkeep
|turn|48
|
|t:|1757829501
|move|p1a: Raging Bolt|Substitute|p1a: Raging Bolt
|-start|p1a: Raging Bolt|Substitute
|-damage|p1a: Raging Bolt|21/100
|cant|p2a: Dondozo|slp
|move|p2a: Dondozo|Sleep Talk|p2a: Dondozo
|move|p2a: Dondozo|Curse|p2a: Dondozo|[from] move: Sleep Talk
|
|-heal|p1a: Raging Bolt|27/100|[from] item: Leftovers
|upkeep
|turn|49
|
|t:|1757829503
|move|p1a: Raging Bolt|Discharge|p2a: Dondozo
|-damage|p2a: Dondozo|79/100 slp
|cant|p2a: Dondozo|slp
|move|p2a: Dondozo|Sleep Talk|p2a: Dondozo
|move|p2a: Dondozo|Liquidation|p1a: Raging Bolt|[from] move: Sleep Talk
|-resisted|p1a: Raging Bolt
|-end|p1a: Raging Bolt|Substitute
|
|-heal|p1a: Raging Bolt|33/100|[from] item: Leftovers
|upkeep
|turn|50
|
|t:|1757829507
|move|p1a: Raging Bolt|Substitute|p1a: Raging Bolt
|-start|p1a: Raging Bolt|Substitute
|-damage|p1a: Raging Bolt|8/100
|-curestatus|p2a: Dondozo|slp|[msg]
|move|p2a: Dondozo|Liquidation|p1a: Raging Bolt
|-resisted|p1a: Raging Bolt
|-end|p1a: Raging Bolt|Substitute
|
|-heal|p1a: Raging Bolt|15/100|[from] item: Leftovers
|upkeep
|turn|51
|
|t:|1757829509
|move|p1a: Raging Bolt|Dragon Pulse|p2a: Dondozo
|-damage|p2a: Dondozo|54/100
|move|p2a: Dondozo|Liquidation|p1a: Raging Bolt
|-resisted|p1a: Raging Bolt
|-damage|p1a: Raging Bolt|0 fnt
|faint|p1a: Raging Bolt
|-end|p1a: Raging Bolt|Protosynthesis|[silent]
|
|upkeep
|
|t:|1757829515
|switch|p1a: Walking Wake|Walking Wake|67/100
|turn|52
|
|t:|1757829522
|switch|p2a: Slowking|Slowking-Galar, F|83/100
|-damage|p2a: Slowking|70/100|[from] Stealth Rock
|move|p1a: Walking Wake|Draco Meteor|p2a: Slowking
|-damage|p2a: Slowking|21/100
|-unboost|p1a: Walking Wake|spa|2
|-damage|p1a: Walking Wake|57/100|[from] item: Life Orb
|
|upkeep
|turn|53
|
|t:|1757829527
|switch|p2a: Corviknight|Corviknight, F|100/100
|-damage|p2a: Corviknight|88/100|[from] Stealth Rock
|-ability|p2a: Corviknight|Pressure
|move|p1a: Walking Wake|Draco Meteor|p2a: Corviknight
|-resisted|p2a: Corviknight
|-damage|p2a: Corviknight|68/100
|-unboost|p1a: Walking Wake|spa|2
|-damage|p1a: Walking Wake|47/100|[from] item: Life Orb
|
|upkeep
|turn|54
|
|t:|1757829530
|-end|p1a: Walking Wake|Protosynthesis|[silent]
|switch|p1a: Torkoal|Torkoal, F, shiny|22/100
|-weather|SunnyDay|[from] ability: Drought|[of] p1a: Torkoal
|move|p2a: Corviknight|Defog|p1a: Torkoal
|-unboost|p1a: Torkoal|evasion|1
|-sideend|p2: chefcapuchin|Stealth Rock|[from] move: Defog|[of] p2a: Corviknight
|
|-weather|SunnyDay|[upkeep]
|upkeep
|turn|55
|
|t:|1757829537
|move|p2a: Corviknight|Body Press|p1a: Torkoal
|-damage|p1a: Torkoal|4/100
|move|p1a: Torkoal|Stealth Rock|p2a: Corviknight
|-sidestart|p2: chefcapuchin|move: Stealth Rock
|
|-weather|SunnyDay|[upkeep]
|upkeep
|turn|56
|
|t:|1757829541
|switch|p1a: Ceruledge|Ceruledge, M|24/100
|move|p2a: Corviknight|Defog|p1a: Ceruledge
|-unboost|p1a: Ceruledge|evasion|1
|-sideend|p2: chefcapuchin|Stealth Rock|[from] move: Defog|[of] p2a: Corviknight
|
|-weather|SunnyDay|[upkeep]
|upkeep
|turn|57
|
|t:|1757829553
|switch|p2a: Cinderace|Cinderace, M|100/100
|move|p1a: Ceruledge|Swords Dance|p1a: Ceruledge
|-boost|p1a: Ceruledge|atk|2
|
|-weather|SunnyDay|[upkeep]
|upkeep
|turn|58
|
|t:|1757829560
|move|p2a: Cinderace|Pyro Ball|p1a: Ceruledge
|-resisted|p1a: Ceruledge
|-damage|p1a: Ceruledge|0 fnt
|faint|p1a: Ceruledge
|
|-weather|SunnyDay|[upkeep]
|upkeep
|
|t:|1757829566
|switch|p1a: Walking Wake|Walking Wake|47/100
|-activate|p1a: Walking Wake|ability: Protosynthesis
|-start|p1a: Walking Wake|protosynthesisspe
|turn|59
|
|t:|1757829591
|switch|p2a: Slowking|Slowking-Galar, F|54/100
|move|p1a: Walking Wake|Hydro Steam|p2a: Slowking
|-damage|p2a: Slowking|9/100
|-damage|p1a: Walking Wake|37/100|[from] item: Life Orb
|
|-weather|SunnyDay|[upkeep]
|upkeep
|turn|60
|
|t:|1757829610
|switch|p2a: Dondozo|Dondozo, F, tera:Dark|54/100
|move|p1a: Walking Wake|Flamethrower|p2a: Dondozo
|-damage|p2a: Dondozo|14/100
|-damage|p1a: Walking Wake|27/100|[from] item: Life Orb
|
|-weather|SunnyDay|[upkeep]
|upkeep
|turn|61
|
|t:|1757829615
|move|p1a: Walking Wake|Flamethrower|p2a: Dondozo
|-damage|p2a: Dondozo|0 fnt
|faint|p2a: Dondozo
|-damage|p1a: Walking Wake|17/100|[from] item: Life Orb
|
|-weather|none
|-end|p1a: Walking Wake|Protosynthesis
|upkeep
|
|t:|1757829621
|switch|p2a: Cinderace|Cinderace, M|100/100
|turn|62
|
|t:|1757829626
|-end|p1a: Walking Wake|Protosynthesis|[silent]
|switch|p1a: Great Tusk|Great Tusk|100/100
|move|p2a: Cinderace|U-turn|p1a: Great Tusk
|-resisted|p1a: Great Tusk
|-damage|p1a: Great Tusk|96/100
|-damage|p2a: Cinderace|84/100|[from] item: Rocky Helmet|[of] p1a: Great Tusk
|
|t:|1757829629
|switch|p2a: Kyurem|Kyurem|76/100|[from] U-turn
|-ability|p2a: Kyurem|Pressure
|
|upkeep
|turn|63
|
|t:|1757829635
|-end|p1a: Great Tusk|Protosynthesis|[silent]
|switch|p1a: Torkoal|Torkoal, F, shiny|4/100
|-weather|SunnyDay|[from] ability: Drought|[of] p1a: Torkoal
|move|p2a: Kyurem|Ice Beam|p1a: Torkoal
|-resisted|p1a: Torkoal
|-damage|p1a: Torkoal|0 fnt
|faint|p1a: Torkoal
|
|-weather|SunnyDay|[upkeep]
|upkeep
|
|t:|1757829638
|switch|p1a: Walking Wake|Walking Wake|17/100
|-activate|p1a: Walking Wake|ability: Protosynthesis
|-start|p1a: Walking Wake|protosynthesisspe
|turn|64
|
|t:|1757829649
|switch|p2a: Corviknight|Corviknight, F|68/100
|-ability|p2a: Corviknight|Pressure
|move|p1a: Walking Wake|Draco Meteor|p2a: Corviknight
|-resisted|p2a: Corviknight
|-damage|p2a: Corviknight|24/100
|-unboost|p1a: Walking Wake|spa|2
|-damage|p1a: Walking Wake|7/100|[from] item: Life Orb
|
|-weather|SunnyDay|[upkeep]
|upkeep
|turn|65
|
|t:|1757829655
|move|p1a: Walking Wake|Flamethrower|p2a: Corviknight
|-supereffective|p2a: Corviknight
|-damage|p2a: Corviknight|0 fnt
|faint|p2a: Corviknight
|-damage|p1a: Walking Wake|0 fnt|[from] item: Life Orb
|faint|p1a: Walking Wake
|-end|p1a: Walking Wake|Protosynthesis|[silent]
|
|-weather|SunnyDay|[upkeep]
|upkeep
|-message|tommy1928 forfeited.
|
|win|chefcapuchin
|raw|tommy1928's rating: 1601 &rarr; <strong>1580</strong><br />(-21 for losing)
|raw|chefcapuchin's rating: 1591 &rarr; <strong>1612</strong><br />(+21 for winning)
|l|☆tommy1928
|player|p1|
|l| LuLuNaNaRaRa
|l|☆chefcapuchin
|player|p2|
