|j|☆benjikong14
|j|☆Suiy788
|t:|1757851603
|gametype|singles
|player|p1|benjikong14|dancer|1073
|player|p2|Suiy788|dawn|1089
|gen|9
|tier|[Gen 9] OU
|rated|
|rule|HP Percentage Mod: HP is shown in percentages
|rule|Endless Battle Clause: Forcing endless battles is banned
|rule|Species Clause: Limit one of each Pokémon
|rule|OHKO Clause: OHKO moves are banned
|rule|Evasion Items Clause: Evasion items are banned
|rule|Evasion Moves Clause: Evasion moves are banned
|rule|Evasion Abilities Clause: Evasion abilities are banned
|rule|Sleep Moves Clause: Sleep-inducing moves are banned
|clearpoke
|poke|p1|Cobalion|
|poke|p1|Basculegion-F, F|
|poke|p1|Delphox, F|
|poke|p1|Tsareena, F|
|poke|p1|Sandy Shocks|
|poke|p1|Mandibuzz, F|
|poke|p2|Cinderace, F|
|poke|p2|Hippowdon, F|
|poke|p2|Excadrill, F|
|poke|p2|Rillaboom, M|
|poke|p2|Scizor, F|
|poke|p2|Primarina, F|
|teampreview
|inactive|Battle timer is ON: inactive players will automatically lose when time's up. (requested by benjikong14)
|inactive|benjikong14 has 120 seconds left.
|inactive|Suiy788 has 120 seconds left.
|
|t:|1757851634
|teamsize|p1|6
|teamsize|p2|6
|start
|switch|p1a: Sandy Shocks|Sandy Shocks|100/100
|switch|p2a: Rillaboom|Rillaboom, M|100/100
|-fieldstart|move: Grassy Terrain|[from] ability: Grassy Surge|[of] p2a: Rillaboom
|turn|1
|
|t:|1757851657
|move|p2a: Rillaboom|Fake Out|p1a: Sandy Shocks
|-crit|p1a: Sandy Shocks
|-damage|p1a: Sandy Shocks|77/100
|cant|p1a: Sandy Shocks|flinch
|
|-heal|p1a: Sandy Shocks|83/100|[from] Grassy Terrain
|upkeep
|turn|2
|
|t:|1757851670
|move|p1a: Sandy Shocks|Stealth Rock|p2a: Rillaboom
|-sidestart|p2: Suiy788|move: Stealth Rock
|move|p2a: Rillaboom|Knock Off|p1a: Sandy Shocks
|-damage|p1a: Sandy Shocks|50/100
|-enditem|p1a: Sandy Shocks|Focus Sash|[from] move: Knock Off|[of] p2a: Rillaboom
|
|-heal|p1a: Sandy Shocks|56/100|[from] Grassy Terrain
|upkeep
|turn|3
|
|t:|1757851687
|move|p2a: Rillaboom|Grassy Glide|p1a: Sandy Shocks
|-supereffective|p1a: Sandy Shocks
|-damage|p1a: Sandy Shocks|0 fnt
|faint|p1a: Sandy Shocks
|-end|p1a: Sandy Shocks|Protosynthesis|[silent]
|
|upkeep
|inactive|benjikong14 has 120 seconds left.
|
|t:|1757851715
|switch|p1a: Mandibuzz|Mandibuzz, F|100/100
|turn|4
|inactive|benjikong14 has 120 seconds left.
|
|t:|1757851721
|move|p2a: Rillaboom|U-turn|p1a: Mandibuzz
|-damage|p1a: Mandibuzz|86/100
|
|t:|1757851727
|switch|p2a: Hippowdon|Hippowdon, F|100/100|[from] U-turn
|-damage|p2a: Hippowdon|94/100|[from] Stealth Rock
|-weather|Sandstorm|[from] ability: Sand Stream|[of] p2a: Hippowdon
|move|p1a: Mandibuzz|Toxic|p2a: Hippowdon
|-status|p2a: Hippowdon|tox
|
|-weather|Sandstorm|[upkeep]
|-heal|p2a: Hippowdon|100/100 tox|[from] Grassy Terrain
|-damage|p2a: Hippowdon|94/100 tox|[from] psn
|upkeep
|turn|5
|inactive|benjikong14 has 120 seconds left.
|
|t:|1757851749
|move|p1a: Mandibuzz|Foul Play|p2a: Hippowdon
|-damage|p2a: Hippowdon|76/100 tox
|move|p2a: Hippowdon|Stealth Rock|p1a: Mandibuzz
|-sidestart|p1: benjikong14|move: Stealth Rock
|
|-weather|Sandstorm|[upkeep]
|-heal|p2a: Hippowdon|83/100 tox|[from] Grassy Terrain
|-heal|p2a: Hippowdon|89/100 tox|[from] item: Leftovers
|-damage|p2a: Hippowdon|76/100 tox|[from] psn
|-fieldend|move: Grassy Terrain
|upkeep
|turn|6
|inactive|benjikong14 has 120 seconds left.
|
|t:|1757851766
|switch|p1a: Tsareena|Tsareena, F, shiny|100/100
|switch|p2a: Excadrill|Excadrill, F|100/100
|-damage|p2a: Excadrill|97/100|[from] Stealth Rock
|
|-weather|Sandstorm|[upkeep]
|-damage|p1a: Tsareena|94/100|[from] Sandstorm
|upkeep
|turn|7
|
|t:|1757851780
|move|p2a: Excadrill|Earthquake|p1a: Tsareena
|-resisted|p1a: Tsareena
|-crit|p1a: Tsareena
|-damage|p1a: Tsareena|15/100
|move|p1a: Tsareena|Rapid Spin|p2a: Excadrill
|-resisted|p2a: Excadrill
|-damage|p2a: Excadrill|85/100
|-boost|p1a: Tsareena|spe|1
|-sideend|p1: benjikong14|Stealth Rock|[from] move: Rapid Spin|[of] p1a: Tsareena
|
|-weather|Sandstorm|[upkeep]
|-damage|p1a: Tsareena|9/100|[from] Sandstorm
|upkeep
|turn|8
|
|t:|1757851800
|switch|p2a: Rillaboom|Rillaboom, M|100/100
|-damage|p2a: Rillaboom|88/100|[from] Stealth Rock
|-fieldstart|move: Grassy Terrain|[from] ability: Grassy Surge|[of] p2a: Rillaboom
|move|p1a: Tsareena|Power Whip|p2a: Rillaboom
|-resisted|p2a: Rillaboom
|-damage|p2a: Rillaboom|42/100
|
|-weather|none
|-heal|p1a: Tsareena|15/100|[from] Grassy Terrain
|-heal|p2a: Rillaboom|48/100|[from] Grassy Terrain
|upkeep
|turn|9
|
|t:|1757851815
|move|p2a: Rillaboom|Fake Out||[still]
|cant|p1a: Tsareena|ability: Queenly Majesty|Fake Out|[of] p2a: Rillaboom
|move|p1a: Tsareena|Rapid Spin|p2a: Rillaboom
|-damage|p2a: Rillaboom|28/100
|-boost|p1a: Tsareena|spe|1
|
|-heal|p1a: Tsareena|22/100|[from] Grassy Terrain
|-heal|p2a: Rillaboom|35/100|[from] Grassy Terrain
|upkeep
|turn|10
|
|t:|1757851826
|move|p2a: Rillaboom|Grassy Glide||[still]
|cant|p1a: Tsareena|ability: Queenly Majesty|Grassy Glide|[of] p2a: Rillaboom
|move|p1a: Tsareena|Triple Axel|p2a: Rillaboom
|-supereffective|p2a: Rillaboom
|-damage|p2a: Rillaboom|20/100
|-supereffective|p2a: Rillaboom
|-damage|p2a: Rillaboom|0 fnt
|faint|p2a: Rillaboom
|-hitcount|p2: Rillaboom|2
|
|-heal|p1a: Tsareena|28/100|[from] Grassy Terrain
|upkeep
|
|t:|1757851838
|switch|p2a: Scizor|Scizor, F|100/100
|-damage|p2a: Scizor|88/100|[from] Stealth Rock
|turn|11
|
|t:|1757851842
|move|p2a: Scizor|Bullet Punch||[still]
|cant|p1a: Tsareena|ability: Queenly Majesty|Bullet Punch|[of] p2a: Scizor
|move|p1a: Tsareena|Knock Off|p2a: Scizor
|-damage|p2a: Scizor|46/100
|-enditem|p2a: Scizor|Focus Sash|[from] move: Knock Off|[of] p1a: Tsareena
|
|-heal|p1a: Tsareena|34/100|[from] Grassy Terrain
|-heal|p2a: Scizor|52/100|[from] Grassy Terrain
|upkeep
|turn|12
|inactive|benjikong14 has 120 seconds left.
|
|t:|1757851852
|move|p1a: Tsareena|Power Whip|p2a: Scizor
|-resisted|p2a: Scizor
|-damage|p2a: Scizor|26/100
|move|p2a: Scizor|U-turn|p1a: Tsareena
|-supereffective|p1a: Tsareena
|-damage|p1a: Tsareena|0 fnt
|faint|p1a: Tsareena
|
|t:|1757851868
|switch|p2a: Hippowdon|Hippowdon, F|76/100 tox|[from] U-turn
|-damage|p2a: Hippowdon|70/100 tox|[from] Stealth Rock
|-weather|Sandstorm|[from] ability: Sand Stream|[of] p2a: Hippowdon
|
|-weather|Sandstorm|[upkeep]
|-heal|p2a: Hippowdon|76/100 tox|[from] Grassy Terrain
|-heal|p2a: Hippowdon|83/100 tox|[from] item: Leftovers
|-damage|p2a: Hippowdon|76/100 tox|[from] psn
|-fieldend|move: Grassy Terrain
|upkeep
|inactive|benjikong14 has 120 seconds left.
|
|t:|1757851880
|switch|p1a: Basculegion|Basculegion-F, F|100/100
|turn|13
|
|t:|1757851885
|move|p1a: Basculegion|Surf|p2a: Hippowdon
|-supereffective|p2a: Hippowdon
|-damage|p2a: Hippowdon|0 fnt
|faint|p2a: Hippowdon
|
|-weather|Sandstorm|[upkeep]
|-damage|p1a: Basculegion|94/100|[from] Sandstorm
|upkeep
|
|t:|1757851893
|switch|p2a: Excadrill|Excadrill, F|85/100
|-damage|p2a: Excadrill|82/100|[from] Stealth Rock
|turn|14
|
|t:|1757851901
|switch|p1a: Mandibuzz|Mandibuzz, F|86/100
|move|p2a: Excadrill|Iron Head|p1a: Mandibuzz
|-damage|p1a: Mandibuzz|47/100
|
|-weather|Sandstorm|[upkeep]
|upkeep
|turn|15
|
|t:|1757851910
|move|p2a: Excadrill|Iron Head|p1a: Mandibuzz
|-damage|p1a: Mandibuzz|2/100
|move|p1a: Mandibuzz|Foul Play|p2a: Excadrill
|-damage|p2a: Excadrill|10/100
|
|-weather|Sandstorm|[upkeep]
|upkeep
|turn|16
|
|t:|1757851919
|move|p2a: Excadrill|Iron Head|p1a: Mandibuzz
|-damage|p1a: Mandibuzz|0 fnt
|faint|p1a: Mandibuzz
|
|-weather|none
|upkeep
|
|t:|1757851928
|switch|p1a: Cobalion|Cobalion|100/100
|turn|17
|
|t:|1757851940
|move|p1a: Cobalion|Body Press|p2a: Excadrill
|-supereffective|p2a: Excadrill
|-damage|p2a: Excadrill|0 fnt
|faint|p2a: Excadrill
|
|upkeep
|
|t:|1757851946
|switch|p2a: Cinderace|Cinderace, F|100/100
|-damage|p2a: Cinderace|76/100|[from] Stealth Rock
|turn|18
|
|t:|1757851965
|move|p2a: Cinderace|Low Kick|p1a: Cobalion
|-start|p2a: Cinderace|typechange|Fighting|[from] ability: Libero
|-supereffective|p1a: Cobalion
|-damage|p1a: Cobalion|0 fnt
|faint|p1a: Cobalion
|-damage|p2a: Cinderace|66/100|[from] item: Life Orb
|
|upkeep
|
|t:|1757851975
|switch|p1a: Delphox|Delphox, F, shiny|100/100
|turn|19
|
|t:|1757851990
|move|p2a: Cinderace|U-turn|p1a: Delphox
|-damage|p1a: Delphox|58/100
|-damage|p2a: Cinderace|56/100|[from] item: Life Orb
|
|t:|1757851994
|switch|p2a: Primarina|Primarina, F|100/100|[from] U-turn
|-damage|p2a: Primarina|88/100|[from] Stealth Rock
|move|p1a: Delphox|Psyshock|p2a: Primarina
|-damage|p2a: Primarina|38/100
|
|upkeep
|turn|20
|
|t:|1757852005
|move|p1a: Delphox|Psyshock|p2a: Primarina
|-damage|p2a: Primarina|0 fnt
|faint|p2a: Primarina
|
|upkeep
|
|t:|1757852011
|switch|p2a: Cinderace|Cinderace, F|56/100
|-damage|p2a: Cinderace|31/100|[from] Stealth Rock
|turn|21
|inactive|Suiy788 has 120 seconds left.
|
|t:|1757852041
|-terastallize|p1a: Delphox|Fire
|move|p2a: Cinderace|Low Kick|p1a: Delphox
|-start|p2a: Cinderace|typechange|Fighting|[from] ability: Libero
|-damage|p1a: Delphox|0 fnt
|faint|p1a: Delphox
|-damage|p2a: Cinderace|21/100|[from] item: Life Orb
|
|upkeep
|
|t:|1757852050
|switch|p1a: Basculegion|Basculegion-F, F|94/100
|turn|22
|
|t:|1757852063
|move|p2a: Cinderace|Low Kick|p1a: Basculegion
|-immune|p1a: Basculegion
|move|p1a: Basculegion|Surf|p2a: Cinderace
|-damage|p2a: Cinderace|0 fnt
|faint|p2a: Cinderace
|
|upkeep
|
|t:|1757852070
|switch|p2a: Scizor|Scizor, F|26/100
|-damage|p2a: Scizor|14/100|[from] Stealth Rock
|turn|23
|
|t:|1757852079
|move|p2a: Scizor|Bullet Punch|p1a: Basculegion
|-resisted|p1a: Basculegion
|-damage|p1a: Basculegion|75/100
|move|p1a: Basculegion|Surf|p2a: Scizor
|-damage|p2a: Scizor|0 fnt
|faint|p2a: Scizor
|
|win|benjikong14
|raw|benjikong14's rating: 1073 &rarr; <strong>1103</strong><br />(+30 for winning)
|raw|Suiy788's rating: 1089 &rarr; <strong>1065</strong><br />(-24 for losing)
|l|☆Suiy788
|player|p2|
|l|☆benjikong14
|player|p1|
