|j|☆moutisma-water
|j|☆badatgames2911
|t:|1757866046
|gametype|singles
|player|p1|moutisma-water|lucas|1193
|player|p2|badatgames2911|266|1168
|gen|9
|tier|[Gen 9] OU
|rated|
|rule|HP Percentage Mod: HP is shown in percentages
|rule|Endless Battle Clause: Forcing endless battles is banned
|rule|Species Clause: Limit one of each Pokémon
|rule|OHKO Clause: OHKO moves are banned
|rule|Evasion Items Clause: Evasion items are banned
|rule|Evasion Moves Clause: Evasion moves are banned
|rule|Evasion Abilities Clause: Evasion abilities are banned
|rule|Sleep Moves Clause: Sleep-inducing moves are banned
|clearpoke
|poke|p1|Meowscarada, M|
|poke|p1|Okidogi, M|
|poke|p1|Incineroar, M|
|poke|p1|Raikou|
|poke|p1|Persian-Alola, M|
|poke|p1|Mew|
|poke|p2|Conkeldurr, M|
|poke|p2|Noivern, F|
|poke|p2|Heatran, F|
|poke|p2|Excadrill, M|
|poke|p2|Mamoswine, F|
|poke|p2|Drednaw, M|
|teampreview
|
|t:|1757866051
|teamsize|p1|6
|teamsize|p2|6
|start
|switch|p1a: Mew|Mew|100/100
|switch|p2a: Linkon Logs|Conkeldurr, M|100/100
|turn|1
|
|t:|1757866058
|move|p1a: Mew|Psychic Noise|p2a: Linkon Logs
|-supereffective|p2a: Linkon Logs
|-damage|p2a: Linkon Logs|6/100
|-start|p2a: Linkon Logs|move: Heal Block
|-damage|p1a: Mew|91/100|[from] item: Life Orb
|move|p2a: Linkon Logs|Knock Off|p1a: Mew
|-supereffective|p1a: Mew
|-damage|p1a: Mew|14/100
|-enditem|p1a: Mew|Life Orb|[from] move: Knock Off|[of] p2a: Linkon Logs
|
|-status|p2a: Linkon Logs|brn|[from] item: Flame Orb
|upkeep
|turn|2
|
|t:|1757866066
|move|p2a: Linkon Logs|Mach Punch|p1a: Mew
|-resisted|p1a: Mew
|-crit|p1a: Mew
|-damage|p1a: Mew|0 fnt
|faint|p1a: Mew
|
|-damage|p2a: Linkon Logs|0 fnt|[from] brn
|faint|p2a: Linkon Logs
|upkeep
|
|t:|1757866078
|switch|p1a: Persian|Persian-Alola, M|100/100
|switch|p2a: Rakna|Heatran, F|100/100
|turn|3
|
|t:|1757866083
|move|p1a: Persian|Switcheroo|p2a: Rakna
|-activate|p1a: Persian|move: Trick|[of] p2a: Rakna
|-item|p2a: Rakna|Choice Band|[from] move: Switcheroo
|-item|p1a: Persian|Leftovers|[from] move: Switcheroo
|move|p2a: Rakna|Substitute|p2a: Rakna
|-start|p2a: Rakna|Substitute
|-damage|p2a: Rakna|76/100
|
|upkeep
|turn|4
|
|t:|1757866090
|switch|p2a: Caveman|Excadrill, M|100/100
|-ability|p2a: Caveman|Mold Breaker
|move|p1a: Persian|Parting Shot|p2a: Caveman
|-unboost|p2a: Caveman|atk|1
|-unboost|p2a: Caveman|spa|1
|
|t:|1757866093
|switch|p1a: Incineroar|Incineroar, M|100/100|[from] Parting Shot
|-ability|p1a: Incineroar|Intimidate|boost
|-unboost|p2a: Caveman|atk|1
|
|upkeep
|turn|5
|
|t:|1757866098
|move|p2a: Caveman|Earthquake|p1a: Incineroar
|-supereffective|p1a: Incineroar
|-damage|p1a: Incineroar|35/100
|move|p1a: Incineroar|Swords Dance|p1a: Incineroar
|-boost|p1a: Incineroar|atk|2
|
|upkeep
|turn|6
|
|t:|1757866102
|-terastallize|p1a: Incineroar|Fighting
|move|p2a: Caveman|Earthquake|p1a: Incineroar
|-damage|p1a: Incineroar|4/100
|move|p1a: Incineroar|Flame Charge|p2a: Caveman
|-supereffective|p2a: Caveman
|-damage|p2a: Caveman|0 fnt
|-boost|p1a: Incineroar|spe|1
|faint|p2a: Caveman
|
|upkeep
|
|t:|1757866115
|switch|p2a: Gammoth|Mamoswine, F|100/100
|turn|7
|
|t:|1757866119
|switch|p1a: Persian|Persian-Alola, M|100/100
|move|p2a: Gammoth|Ice Shard|p1a: Persian
|-damage|p1a: Persian|83/100
|
|-heal|p1a: Persian|89/100|[from] item: Leftovers
|upkeep
|turn|8
|
|t:|1757866127
|move|p1a: Persian|Parting Shot|p2a: Gammoth
|-unboost|p2a: Gammoth|atk|1
|-unboost|p2a: Gammoth|spa|1
|
|t:|1757866135
|switch|p1a: Incineroar|Incineroar, M, tera:Fighting|4/100|[from] Parting Shot
|-ability|p1a: Incineroar|Intimidate|boost
|-unboost|p2a: Gammoth|atk|1
|move|p2a: Gammoth|Stealth Rock|p1a: Incineroar
|-sidestart|p1: moutisma-water|move: Stealth Rock
|
|upkeep
|turn|9
|
|t:|1757866140
|switch|p1a: Persian|Persian-Alola, M|89/100
|-damage|p1a: Persian|76/100|[from] Stealth Rock
|move|p2a: Gammoth|Ice Shard|p1a: Persian
|-damage|p1a: Persian|66/100
|
|-heal|p1a: Persian|72/100|[from] item: Leftovers
|upkeep
|turn|10
|
|t:|1757866147
|move|p1a: Persian|Parting Shot|p2a: Gammoth
|-unboost|p2a: Gammoth|atk|1
|-unboost|p2a: Gammoth|spa|1
|
|t:|1757866151
|switch|p1a: Meowscarada|Meowscarada, M|100/100|[from] Parting Shot
|-damage|p1a: Meowscarada|88/100|[from] Stealth Rock
|move|p2a: Gammoth|Earthquake|p1a: Meowscarada
|-resisted|p1a: Meowscarada
|-damage|p1a: Meowscarada|72/100
|
|upkeep
|turn|11
|
|t:|1757866157
|switch|p2a: Rakna|Heatran, F|76/100
|move|p1a: Meowscarada|U-turn|p2a: Rakna
|-start|p1a: Meowscarada|typechange|Bug|[from] ability: Protean
|-resisted|p2a: Rakna
|-damage|p2a: Rakna|65/100
|
|t:|1757866162
|switch|p1a: Incineroar|Incineroar, M, tera:Fighting|4/100|[from] U-turn
|-ability|p1a: Incineroar|Intimidate|boost
|-unboost|p2a: Rakna|atk|1
|
|upkeep
|turn|12
|
|t:|1757866169
|move|p1a: Incineroar|Close Combat|p2a: Rakna
|-supereffective|p2a: Rakna
|-damage|p2a: Rakna|0 fnt
|-unboost|p1a: Incineroar|def|1
|-unboost|p1a: Incineroar|spd|1
|faint|p2a: Rakna
|
|upkeep
|
|t:|1757866174
|switch|p2a: Yummy|Drednaw, M|100/100
|turn|13
|
|t:|1757866179
|move|p2a: Yummy|Shell Smash|p2a: Yummy
|-unboost|p2a: Yummy|def|1
|-unboost|p2a: Yummy|spd|1
|-boost|p2a: Yummy|atk|2
|-boost|p2a: Yummy|spa|2
|-boost|p2a: Yummy|spe|2
|move|p1a: Incineroar|Close Combat|p2a: Yummy
|-supereffective|p2a: Yummy
|-enditem|p2a: Yummy|Focus Sash
|-damage|p2a: Yummy|1/100
|-unboost|p1a: Incineroar|def|1
|-unboost|p1a: Incineroar|spd|1
|
|upkeep
|turn|14
|
|t:|1757866185
|move|p2a: Yummy|Crunch|p1a: Incineroar
|-resisted|p1a: Incineroar
|-damage|p1a: Incineroar|0 fnt
|faint|p1a: Incineroar
|
|upkeep
|
|t:|1757866187
|switch|p1a: Persian|Persian-Alola, M|72/100
|-damage|p1a: Persian|60/100|[from] Stealth Rock
|turn|15
|
|t:|1757866191
|move|p2a: Yummy|Liquidation|p1a: Persian
|-damage|p1a: Persian|0 fnt
|faint|p1a: Persian
|
|upkeep
|
|t:|1757866198
|switch|p1a: Okidogi|Okidogi, M|100/100
|-damage|p1a: Okidogi|94/100|[from] Stealth Rock
|turn|16
|
|t:|1757866203
|move|p2a: Yummy|Liquidation|p1a: Okidogi
|-damage|p1a: Okidogi|18/100
|-unboost|p1a: Okidogi|def|1
|move|p1a: Okidogi|Drain Punch|p2a: Yummy
|-supereffective|p2a: Yummy
|-damage|p2a: Yummy|0 fnt
|-heal|p1a: Okidogi|19/100|[from] drain|[of] p2a: Yummy
|faint|p2a: Yummy
|
|-heal|p1a: Okidogi|25/100|[from] item: Leftovers
|upkeep
|
|t:|1757866212
|switch|p2a: Doombox|Noivern, F|100/100
|turn|17
|
|t:|1757866220
|move|p2a: Doombox|Boomburst|p1a: Okidogi
|-damage|p1a: Okidogi|0 fnt
|faint|p1a: Okidogi
|
|upkeep
|
|t:|1757866228
|switch|p1a: Meowscarada|Meowscarada, M|72/100
|-damage|p1a: Meowscarada|60/100|[from] Stealth Rock
|turn|18
|
|t:|1757866230
|move|p1a: Meowscarada|Triple Axel|p2a: Doombox|[miss]
|-start|p1a: Meowscarada|typechange|Ice|[from] ability: Protean
|-miss|p1a: Meowscarada|p2a: Doombox
|move|p2a: Doombox|Boomburst|p1a: Meowscarada
|-damage|p1a: Meowscarada|0 fnt
|faint|p1a: Meowscarada
|
|upkeep
|
|t:|1757866232
|switch|p1a: Raikou|Raikou|100/100
|-damage|p1a: Raikou|88/100|[from] Stealth Rock
|-ability|p1a: Raikou|Pressure
|turn|19
|
|t:|1757866237
|-terastallize|p2a: Doombox|Normal
|move|p2a: Doombox|Boomburst|p1a: Raikou
|-damage|p1a: Raikou|29/100
|move|p1a: Raikou|Discharge|p2a: Doombox
|-damage|p2a: Doombox|51/100
|-status|p2a: Doombox|par
|
|upkeep
|turn|20
|
|t:|1757866247
|move|p1a: Raikou|Discharge|p2a: Doombox
|-damage|p2a: Doombox|0 fnt
|faint|p2a: Doombox
|
|upkeep
|
|t:|1757866249
|switch|p2a: Gammoth|Mamoswine, F|100/100
|turn|21
|
|t:|1757866251
|move|p1a: Raikou|Aura Sphere|p2a: Gammoth
|-supereffective|p2a: Gammoth
|-damage|p2a: Gammoth|32/100
|move|p2a: Gammoth|Earthquake|p1a: Raikou
|-supereffective|p1a: Raikou
|-crit|p1a: Raikou
|-damage|p1a: Raikou|0 fnt
|faint|p1a: Raikou
|
|win|badatgames2911
|raw|moutisma-water's rating: 1193 &rarr; <strong>1166</strong><br />(-27 for losing)
|raw|badatgames2911's rating: 1168 &rarr; <strong>1195</strong><br />(+27 for winning)
|l|☆badatgames2911
|player|p2|
