|j|☆Pokeguy7777
|j|☆scuffed gamer
|t:|1757823256
|gametype|singles
|player|p1|Pokeguy7777|101|1267
|player|p2|scuffed gamer|1|1306
|gen|9
|tier|[Gen 9] OU
|rated|
|rule|HP Percentage Mod: HP is shown in percentages
|rule|Endless Battle Clause: Forcing endless battles is banned
|rule|Species Clause: Limit one of each Pokémon
|rule|OHKO Clause: OHKO moves are banned
|rule|Evasion Items Clause: Evasion items are banned
|rule|Evasion Moves Clause: Evasion moves are banned
|rule|Evasion Abilities Clause: Evasion abilities are banned
|rule|Sleep Moves Clause: Sleep-inducing moves are banned
|clearpoke
|poke|p1|Cinderace, M|
|poke|p1|Maushold|
|poke|p1|Gholdengo|
|poke|p1|Comfey, M|
|poke|p1|Araquanid, M|
|poke|p1|Garganacl, F|
|poke|p2|Landorus-Therian, M|
|poke|p2|Samurott-Hisui, F|
|poke|p2|Pecharunt|
|poke|p2|Scizor, M|
|poke|p2|Latios, M|
|poke|p2|Zamazenta-*|
|teampreview
|
|t:|1757823270
|teamsize|p1|6
|teamsize|p2|6
|start
|switch|p1a: Cinderace|Cinderace, M|100/100
|switch|p2a: Pecharunt|Pecharunt|100/100
|turn|1
|
|t:|1757823278
|move|p1a: Cinderace|U-turn|p2a: Pecharunt
|-start|p1a: Cinderace|typechange|Bug|[from] ability: Libero
|-resisted|p2a: Pecharunt
|-damage|p2a: Pecharunt|95/100
|
|t:|1757823284
|switch|p1a: Gholdengo|Gholdengo|100/100|[from] U-turn
|move|p2a: Pecharunt|Malignant Chain|p1a: Gholdengo
|-immune|p1a: Gholdengo
|
|upkeep
|turn|2
|
|t:|1757823292
|move|p1a: Gholdengo|Shadow Ball|p2a: Pecharunt
|-supereffective|p2a: Pecharunt
|-damage|p2a: Pecharunt|6/100
|move|p2a: Pecharunt|Shadow Ball|p1a: Gholdengo
|-supereffective|p1a: Gholdengo
|-damage|p1a: Gholdengo|45/100
|-unboost|p1a: Gholdengo|spd|1
|
|upkeep
|turn|3
|
|t:|1757823309
|move|p1a: Gholdengo|Shadow Ball|p2a: Pecharunt
|-supereffective|p2a: Pecharunt
|-damage|p2a: Pecharunt|0 fnt
|faint|p2a: Pecharunt
|
|upkeep
|
|t:|1757823312
|switch|p2a: Samurott|Samurott-Hisui, F|100/100
|turn|4
|
|t:|1757823320
|switch|p1a: Comfey|Comfey, M|100/100
|move|p2a: Samurott|Ceaseless Edge|p1a: Comfey
|-resisted|p1a: Comfey
|-damage|p1a: Comfey|63/100
|-sidestart|p1: Pokeguy7777|Spikes
|
|-heal|p1a: Comfey|69/100|[from] item: Leftovers
|upkeep
|turn|5
|
|t:|1757823333
|switch|p2a: Scizor|Scizor, M|100/100
|move|p1a: Comfey|Draining Kiss|p2a: Scizor
|-resisted|p2a: Scizor
|-damage|p2a: Scizor|87/100
|-heal|p1a: Comfey|81/100|[from] drain|[of] p2a: Scizor
|
|-heal|p1a: Comfey|87/100|[from] item: Leftovers
|upkeep
|turn|6
|
|t:|1757823343
|move|p1a: Comfey|Protect|p1a: Comfey
|-singleturn|p1a: Comfey|Protect
|move|p2a: Scizor|Swords Dance|p2a: Scizor
|-boost|p2a: Scizor|atk|2
|
|-heal|p1a: Comfey|94/100|[from] item: Leftovers
|upkeep
|turn|7
|
|t:|1757823360
|move|p1a: Comfey|Draining Kiss|p2a: Scizor
|-resisted|p2a: Scizor
|-damage|p2a: Scizor|73/100
|-heal|p1a: Comfey|100/100|[from] drain|[of] p2a: Scizor
|move|p2a: Scizor|Bullet Punch|p1a: Comfey
|-supereffective|p1a: Comfey
|-damage|p1a: Comfey|0 fnt
|faint|p1a: Comfey
|
|upkeep
|
|t:|1757823375
|switch|p1a: Araquanid|Araquanid, M|100/100
|-damage|p1a: Araquanid|88/100|[from] Spikes
|turn|8
|
|t:|1757823379
|-terastallize|p2a: Scizor|Electric
|move|p2a: Scizor|Tera Blast|p1a: Araquanid|[anim] Tera Blast Electric
|-supereffective|p1a: Araquanid
|-damage|p1a: Araquanid|0 fnt
|faint|p1a: Araquanid
|
|upkeep
|
|t:|1757823388
|switch|p1a: Cinderace|Cinderace, M|100/100
|-damage|p1a: Cinderace|88/100|[from] Spikes
|turn|9
|
|t:|1757823393
|move|p1a: Cinderace|Flare Blitz|p2a: Scizor
|-damage|p2a: Scizor|8/100
|-damage|p1a: Cinderace|68/100|[from] Recoil
|move|p2a: Scizor|Tera Blast|p1a: Cinderace|[anim] Tera Blast Electric
|-damage|p1a: Cinderace|0 fnt
|faint|p1a: Cinderace
|
|upkeep
|
|t:|1757823402
|switch|p1a: Gholdengo|Gholdengo|45/100
|-damage|p1a: Gholdengo|33/100|[from] Spikes
|turn|10
|
|t:|1757823405
|move|p1a: Gholdengo|Shadow Ball|p2a: Scizor
|-damage|p2a: Scizor|0 fnt
|faint|p2a: Scizor
|
|upkeep
|
|t:|1757823410
|switch|p2a: Samurott|Samurott-Hisui, F|100/100
|turn|11
|
|t:|1757823417
|move|p1a: Gholdengo|Shadow Ball|p2a: Samurott
|-resisted|p2a: Samurott
|-damage|p2a: Samurott|80/100
|move|p2a: Samurott|Ceaseless Edge|p1a: Gholdengo
|-supereffective|p1a: Gholdengo
|-damage|p1a: Gholdengo|0 fnt
|-sidestart|p1: Pokeguy7777|Spikes
|faint|p1a: Gholdengo
|
|upkeep
|
|t:|1757823426
|switch|p1a: Maushold|Maushold|100/100
|-damage|p1a: Maushold|84/100|[from] Spikes
|turn|12
|
|t:|1757823431
|move|p1a: Maushold|Population Bomb|p2a: Samurott
|-damage|p2a: Samurott|67/100
|-crit|p2a: Samurott
|-damage|p2a: Samurott|47/100
|-damage|p2a: Samurott|34/100
|-damage|p2a: Samurott|20/100
|-damage|p2a: Samurott|7/100
|-damage|p2a: Samurott|0 fnt
|faint|p2a: Samurott
|-hitcount|p2: Samurott|6
|
|upkeep
|
|t:|1757823435
|switch|p2a: Landorus|Landorus-Therian, M|100/100
|-ability|p2a: Landorus|Intimidate|boost
|-unboost|p1a: Maushold|atk|1
|turn|13
|
|t:|1757823449
|move|p1a: Maushold|Tidy Up|p1a: Maushold
|-sideend|p1: Pokeguy7777|Spikes
|-activate|p1a: Maushold|move: Tidy Up
|-boost|p1a: Maushold|atk|1
|-boost|p1a: Maushold|spe|1
|move|p2a: Landorus|Earthquake|p1a: Maushold
|-damage|p1a: Maushold|6/100
|
|upkeep
|turn|14
|
|t:|1757823462
|move|p1a: Maushold|Population Bomb|p2a: Landorus
|-damage|p2a: Landorus|89/100
|-damage|p1a: Maushold|0 fnt|[from] item: Rocky Helmet|[of] p2a: Landorus
|faint|p1a: Maushold
|-hitcount|p2a: Landorus|1
|move|p2a: Landorus|Earthquake|p1: Maushold|[notarget]
|-fail|p2a: Landorus
|
|upkeep
|
|t:|1757823470
|switch|p1a: Garganacl|Garganacl, F|100/100
|turn|15
|
|t:|1757823474
|-terastallize|p1a: Garganacl|Ghost
|move|p2a: Landorus|Earthquake|p1a: Garganacl
|-damage|p1a: Garganacl|70/100
|move|p1a: Garganacl|Iron Defense|p1a: Garganacl
|-boost|p1a: Garganacl|def|2
|
|-heal|p1a: Garganacl|76/100|[from] item: Leftovers
|upkeep
|turn|16
|
|t:|1757823484
|move|p2a: Landorus|Smack Down|p1a: Garganacl
|-damage|p1a: Garganacl|70/100
|move|p1a: Garganacl|Iron Defense|p1a: Garganacl
|-boost|p1a: Garganacl|def|2
|
|-heal|p1a: Garganacl|76/100|[from] item: Leftovers
|upkeep
|turn|17
|
|t:|1757823492
|move|p2a: Landorus|Earthquake|p1a: Garganacl
|-damage|p1a: Garganacl|66/100
|move|p1a: Garganacl|Salt Cure|p2a: Landorus
|-damage|p2a: Landorus|74/100
|-start|p2a: Landorus|Salt Cure
|
|-heal|p1a: Garganacl|72/100|[from] item: Leftovers
|-damage|p2a: Landorus|62/100|[from] Salt Cure
|upkeep
|turn|18
|
|t:|1757823502
|move|p2a: Landorus|Earthquake|p1a: Garganacl
|-damage|p1a: Garganacl|61/100
|move|p1a: Garganacl|Iron Defense|p1a: Garganacl
|-boost|p1a: Garganacl|def|2
|
|-heal|p1a: Garganacl|68/100|[from] item: Leftovers
|-damage|p2a: Landorus|50/100|[from] Salt Cure
|upkeep
|turn|19
|
|t:|1757823511
|switch|p2a: Latios|Latios, M|100/100
|move|p1a: Garganacl|Salt Cure|p2a: Latios
|-damage|p2a: Latios|80/100
|-start|p2a: Latios|Salt Cure
|
|-heal|p1a: Garganacl|74/100|[from] item: Leftovers
|-damage|p2a: Latios|68/100|[from] Salt Cure
|upkeep
|turn|20
|
|t:|1757823520
|move|p2a: Latios|Psychic Noise|p1a: Garganacl
|-damage|p1a: Garganacl|45/100
|-start|p1a: Garganacl|move: Heal Block
|move|p1a: Garganacl|Body Press|p2a: Latios
|-resisted|p2a: Latios
|-damage|p2a: Latios|3/100
|
|-damage|p2a: Latios|0 fnt|[from] Salt Cure
|faint|p2a: Latios
|upkeep
|
|t:|1757823533
|switch|p2a: Zamazenta|Zamazenta|100/100
|-ability|p2a: Zamazenta|Dauntless Shield|boost
|-boost|p2a: Zamazenta|def|1
|turn|21
|
|t:|1757823538
|move|p2a: Zamazenta|Crunch|p1a: Garganacl
|-supereffective|p1a: Garganacl
|-damage|p1a: Garganacl|38/100
|move|p1a: Garganacl|Salt Cure|p2a: Zamazenta
|-resisted|p2a: Zamazenta
|-damage|p2a: Zamazenta|97/100
|-start|p2a: Zamazenta|Salt Cure
|
|-heal|p2a: Zamazenta|100/100|[from] item: Leftovers
|-damage|p2a: Zamazenta|88/100|[from] Salt Cure
|-end|p1a: Garganacl|move: Heal Block
|upkeep
|turn|22
|
|t:|1757823549
|move|p2a: Zamazenta|Crunch|p1a: Garganacl
|-supereffective|p1a: Garganacl
|-damage|p1a: Garganacl|30/100
|move|p1a: Garganacl|Recover|p1a: Garganacl
|-heal|p1a: Garganacl|80/100
|
|-heal|p2a: Zamazenta|94/100|[from] item: Leftovers
|-heal|p1a: Garganacl|87/100|[from] item: Leftovers
|-damage|p2a: Zamazenta|82/100|[from] Salt Cure
|upkeep
|turn|23
|-message|scuffed gamer forfeited.
|
|win|Pokeguy7777
|raw|Pokeguy7777's rating: 1267 &rarr; <strong>1295</strong><br />(+28 for winning)
|raw|scuffed gamer's rating: 1306 &rarr; <strong>1284</strong><br />(-22 for losing)
|l|☆scuffed gamer
|player|p2|
|l|☆Pokeguy7777
|player|p1|
