|j|☆A Bad Fur Day
|j|☆Noobshoe
|t:|1757873116
|gametype|singles
|player|p1|A Bad Fur Day|ghetsis|1360
|player|p2|Noobshoe|drayden|1339
|gen|9
|tier|[Gen 9] OU
|rated|
|rule|HP Percentage Mod: HP is shown in percentages
|rule|Endless Battle Clause: Forcing endless battles is banned
|rule|Species Clause: Limit one of each Pokémon
|rule|OHKO Clause: OHKO moves are banned
|rule|Evasion Items Clause: Evasion items are banned
|rule|Evasion Moves Clause: Evasion moves are banned
|rule|Evasion Abilities Clause: Evasion abilities are banned
|rule|Sleep Moves Clause: Sleep-inducing moves are banned
|clearpoke
|poke|p1|Blissey, F|
|poke|p1|Chansey, F|
|poke|p1|Dragapult, M|
|poke|p1|Dondozo, M|
|poke|p1|Glimmora, F|
|poke|p1|Vigoroth, M|
|poke|p2|Pelipper, M|
|poke|p2|Barraskewda, M|
|poke|p2|Raging Bolt|
|poke|p2|Iron Treads|
|poke|p2|Iron Valiant|
|poke|p2|Hatterene, F|
|teampreview
|
|t:|1757873124
|teamsize|p1|6
|teamsize|p2|6
|start
|switch|p1a: Dragapult|Dragapult, M|100/100
|switch|p2a: Pelipper|Pelipper, M|100/100
|-weather|RainDance|[from] ability: Drizzle|[of] p2a: Pelipper
|turn|1
|
|t:|1757873132
|-terastallize|p1a: Dragapult|Ghost
|move|p1a: Dragapult|Shadow Ball|p2a: Pelipper
|-damage|p2a: Pelipper|9/100
|-unboost|p2a: Pelipper|spd|1
|move|p2a: Pelipper|U-turn|p1a: Dragapult
|-resisted|p1a: Dragapult
|-damage|p1a: Dragapult|94/100
|
|t:|1757873167
|switch|p2a: Barraskewda|Barraskewda, M|100/100|[from] U-turn
|
|-weather|RainDance|[upkeep]
|upkeep
|turn|2
|
|t:|1757873183
|switch|p1a: Vigoroth|Vigoroth, M|100/100
|move|p2a: Barraskewda|Flip Turn|p1a: Vigoroth
|-damage|p1a: Vigoroth|72/100
|
|t:|1757873201
|switch|p2a: Raging Bolt|Raging Bolt|100/100|[from] Flip Turn
|-enditem|p2a: Raging Bolt|Booster Energy
|-activate|p2a: Raging Bolt|ability: Protosynthesis|[fromitem]
|-start|p2a: Raging Bolt|protosynthesisspa
|
|-weather|RainDance|[upkeep]
|upkeep
|turn|3
|
|t:|1757873207
|switch|p1a: Chansey|Chansey, F|100/100
|move|p2a: Raging Bolt|Calm Mind|p2a: Raging Bolt
|-boost|p2a: Raging Bolt|spa|1
|-boost|p2a: Raging Bolt|spd|1
|
|-weather|RainDance|[upkeep]
|upkeep
|turn|4
|
|t:|1757873212
|move|p2a: Raging Bolt|Calm Mind|p2a: Raging Bolt
|-boost|p2a: Raging Bolt|spa|1
|-boost|p2a: Raging Bolt|spd|1
|move|p1a: Chansey|Light Screen|p1a: Chansey
|-sidestart|p1: A Bad Fur Day|move: Light Screen
|
|-weather|RainDance|[upkeep]
|upkeep
|turn|5
|
|t:|1757873218
|switch|p1a: Glimmora|Glimmora, F|100/100
|move|p2a: Raging Bolt|Calm Mind|p2a: Raging Bolt
|-boost|p2a: Raging Bolt|spa|1
|-boost|p2a: Raging Bolt|spd|1
|
|-weather|RainDance|[upkeep]
|upkeep
|turn|6
|
|t:|1757873225
|move|p1a: Glimmora|Mortal Spin|p2a: Raging Bolt
|-damage|p2a: Raging Bolt|96/100
|-status|p2a: Raging Bolt|psn
|move|p2a: Raging Bolt|Thunder|p1a: Glimmora
|-damage|p1a: Glimmora|0 fnt
|faint|p1a: Glimmora
|
|-weather|RainDance|[upkeep]
|-damage|p2a: Raging Bolt|84/100 psn|[from] psn
|upkeep
|
|t:|1757873231
|switch|p1a: Blissey|Blissey, F|100/100
|turn|7
|
|t:|1757873250
|move|p2a: Raging Bolt|Thunder|p1a: Blissey
|-damage|p1a: Blissey|71/100
|move|p1a: Blissey|Metronome|p1a: Blissey
|move|p1a: Blissey|Air Cutter|p2a: Raging Bolt|[from] move: Metronome
|-resisted|p2a: Raging Bolt
|-damage|p2a: Raging Bolt|82/100 psn
|
|-weather|RainDance|[upkeep]
|-heal|p1a: Blissey|77/100|[from] item: Leftovers
|-damage|p2a: Raging Bolt|69/100 psn|[from] psn
|upkeep
|turn|8
|
|t:|1757873257
|move|p2a: Raging Bolt|Thunder|p1a: Blissey
|-damage|p1a: Blissey|48/100
|-status|p1a: Blissey|par
|move|p1a: Blissey|Soft-Boiled|p1a: Blissey
|-heal|p1a: Blissey|98/100 par
|
|-weather|none
|-heal|p1a: Blissey|100/100 par|[from] item: Leftovers
|-damage|p2a: Raging Bolt|57/100 psn|[from] psn
|-sideend|p1: A Bad Fur Day|move: Light Screen
|upkeep
|turn|9
|
|t:|1757873266
|-end|p2a: Raging Bolt|Protosynthesis|[silent]
|switch|p2a: Pelipper|Pelipper, M|9/100
|-weather|RainDance|[from] ability: Drizzle|[of] p2a: Pelipper
|-curestatus|p1a: Blissey|par|[from] ability: Natural Cure
|switch|p1a: Chansey|Chansey, F|100/100
|
|-weather|RainDance|[upkeep]
|upkeep
|turn|10
|
|t:|1757873271
|switch|p2a: Barraskewda|Barraskewda, M|100/100
|move|p1a: Chansey|Light Screen|p1a: Chansey
|-sidestart|p1: A Bad Fur Day|move: Light Screen
|
|-weather|RainDance|[upkeep]
|upkeep
|turn|11
|c|☆A Bad Fur Day|this pelipper should be dead lol
|
|t:|1757873278
|switch|p1a: Dondozo|Dondozo, M|100/100
|move|p2a: Barraskewda|Flip Turn|p1a: Dondozo
|-resisted|p1a: Dondozo
|-damage|p1a: Dondozo|87/100
|
|t:|1757873288
|switch|p2a: Hatterene|Hatterene, F|100/100|[from] Flip Turn
|
|-weather|RainDance|[upkeep]
|-heal|p1a: Dondozo|93/100|[from] item: Leftovers
|upkeep
|turn|12
|c|☆A Bad Fur Day|i have to deal with a whole other session of rain cause my shadow ball does 91% to it
|
|t:|1757873294
|switch|p1a: Chansey|Chansey, F|100/100
|move|p2a: Hatterene|Nuzzle|p1a: Chansey
|-damage|p1a: Chansey|94/100
|-status|p1a: Chansey|par
|
|-weather|RainDance|[upkeep]
|upkeep
|turn|13
|c|☆A Bad Fur Day|i couldhave draco meteor but i would assume you would be smart player and hatterne switch to scout it
|c|☆Noobshoe|im just practicing this rain team i made
|c|☆Noobshoe|troubleshooting its flaws
|
|t:|1757873370
|-curestatus|p1a: Chansey|par|[from] ability: Natural Cure
|switch|p1a: Blissey|Blissey, F|100/100
|move|p2a: Hatterene|Healing Wish|p2a: Hatterene
|faint|p2a: Hatterene
|
|-weather|RainDance|[upkeep]
|upkeep
|c|☆A Bad Fur Day|can you troubleshoot how slow you play
|
|t:|1757873413
|switch|p2a: Iron Valiant|Iron Valiant|100/100
|-enditem|p2a: Iron Valiant|Booster Energy
|-activate|p2a: Iron Valiant|ability: Quark Drive|[fromitem]
|-start|p2a: Iron Valiant|quarkdrivespe
|turn|14
|
|t:|1757873427
|switch|p1a: Dondozo|Dondozo, M|93/100
|move|p2a: Iron Valiant|Close Combat|p1a: Dondozo
|-damage|p1a: Dondozo|67/100
|-unboost|p2a: Iron Valiant|def|1
|-unboost|p2a: Iron Valiant|spd|1
|
|-weather|RainDance|[upkeep]
|-heal|p1a: Dondozo|73/100|[from] item: Leftovers
|-sideend|p1: A Bad Fur Day|move: Light Screen
|upkeep
|turn|15
|
|t:|1757873446
|move|p2a: Iron Valiant|Moonblast|p1a: Dondozo
|-damage|p1a: Dondozo|33/100
|move|p1a: Dondozo|Wave Crash|p2a: Iron Valiant
|-damage|p2a: Iron Valiant|25/100
|-damage|p1a: Dondozo|18/100|[from] Recoil
|
|-weather|RainDance|[upkeep]
|-heal|p1a: Dondozo|25/100|[from] item: Leftovers
|upkeep
|turn|16
|l|☆A Bad Fur Day
|player|p1|
|inactive|Battle timer is ON: inactive players will automatically lose when time's up. (requested by Noobshoe)
|inactive|A Bad Fur Day has 30 seconds to reconnect!
|inactive|A Bad Fur Day has 20 seconds to reconnect!
|inactive|A Bad Fur Day has 15 seconds to reconnect!
|inactive|A Bad Fur Day has 10 seconds to reconnect!
|inactive|A Bad Fur Day has 5 seconds to reconnect!
|-message|A Bad Fur Day lost due to inactivity.
|
|win|Noobshoe
|raw|A Bad Fur Day's rating: 1360 &rarr; <strong>1339</strong><br />(-21 for losing)
|raw|Noobshoe's rating: 1339 &rarr; <strong>1360</strong><br />(+21 for winning)
|l|☆Noobshoe
|player|p2|
