|j|☆paprikamaster
|j|☆9tongdage
|t:|1757857815
|gametype|singles
|player|p1|paprikamaster|265|1110
|player|p2|9tongdage|bruno|1188
|gen|9
|tier|[Gen 9] OU
|rated|
|rule|HP Percentage Mod: HP is shown in percentages
|rule|Endless Battle Clause: Forcing endless battles is banned
|rule|Species Clause: Limit one of each Pokémon
|rule|OHKO Clause: OHKO moves are banned
|rule|Evasion Items Clause: Evasion items are banned
|rule|Evasion Moves Clause: Evasion moves are banned
|rule|Evasion Abilities Clause: Evasion abilities are banned
|rule|Sleep Moves Clause: Sleep-inducing moves are banned
|clearpoke
|poke|p1|Flapple, M|
|poke|p1|Polteageist|
|poke|p1|Weavile, F|
|poke|p1|Ceruledge, F|
|poke|p1|Glimmora, F|
|poke|p1|Moltres|
|poke|p2|Pelipper, F|
|poke|p2|Barraskewda, F|
|poke|p2|Indeedee-F, F|
|poke|p2|Overqwil, F|
|poke|p2|Raging Bolt|
|poke|p2|Riolu, M|
|teampreview
|
|t:|1757857829
|teamsize|p1|6
|teamsize|p2|6
|start
|switch|p1a: Polteageist|Polteageist|100/100
|switch|p2a: Barraskewda|Barraskewda, F|100/100
|turn|1
|
|t:|1757857836
|-terastallize|p1a: Polteageist|Ghost
|move|p2a: Barraskewda|Flip Turn|p1a: Polteageist
|-damage|p1a: Polteageist|10/100
|-ability|p1a: Polteageist|Weak Armor|boost
|-unboost|p1a: Polteageist|def|1
|-boost|p1a: Polteageist|spe|2
|-enditem|p1a: Polteageist|White Herb
|-clearnegativeboost|p1a: Polteageist|[silent]
|
|t:|1757857857
|switch|p2a: Raging Bolt|Raging Bolt|100/100|[from] Flip Turn
|move|p1a: Polteageist|Shell Smash|p1a: Polteageist
|-unboost|p1a: Polteageist|def|1
|-unboost|p1a: Polteageist|spd|1
|-boost|p1a: Polteageist|atk|2
|-boost|p1a: Polteageist|spa|2
|-boost|p1a: Polteageist|spe|2
|
|upkeep
|turn|2
|
|t:|1757857867
|move|p1a: Polteageist|Stored Power|p2a: Raging Bolt
|-damage|p2a: Raging Bolt|0 fnt
|faint|p2a: Raging Bolt
|-end|p2a: Raging Bolt|Protosynthesis|[silent]
|
|upkeep
|
|t:|1757857872
|switch|p2a: Pelipper|Pelipper, F|100/100
|-weather|RainDance|[from] ability: Drizzle|[of] p2a: Pelipper
|turn|3
|
|t:|1757857879
|move|p1a: Polteageist|Stored Power|p2a: Pelipper
|-damage|p2a: Pelipper|0 fnt
|faint|p2a: Pelipper
|
|-weather|RainDance|[upkeep]
|upkeep
|
|t:|1757857884
|switch|p2a: Barraskewda|Barraskewda, F|100/100
|turn|4
|
|t:|1757857889
|-terastallize|p2a: Barraskewda|Water
|move|p2a: Barraskewda|Liquidation|p1a: Polteageist
|-damage|p1a: Polteageist|0 fnt
|faint|p1a: Polteageist
|
|-weather|RainDance|[upkeep]
|upkeep
|
|t:|1757857897
|switch|p1a: Flapple|Flapple, M|100/100
|turn|5
|
|t:|1757857904
|switch|p2a: Overqwil|Overqwil, F|100/100
|move|p1a: Flapple|Dragon Dance|p1a: Flapple
|-boost|p1a: Flapple|atk|1
|-boost|p1a: Flapple|spe|1
|
|-weather|RainDance|[upkeep]
|upkeep
|turn|6
|
|t:|1757857912
|move|p2a: Overqwil|Gunk Shot|p1a: Flapple
|-supereffective|p1a: Flapple
|-damage|p1a: Flapple|0 fnt
|faint|p1a: Flapple
|-damage|p2a: Overqwil|91/100|[from] item: Life Orb
|
|-weather|RainDance|[upkeep]
|upkeep
|
|t:|1757857918
|switch|p1a: Glimmora|Glimmora, F|100/100
|-item|p1a: Glimmora|Air Balloon
|turn|7
|
|t:|1757857923
|move|p2a: Overqwil|Liquidation|p1a: Glimmora
|-supereffective|p1a: Glimmora
|-damage|p1a: Glimmora|0 fnt
|-activate|p1a: Glimmora|ability: Toxic Debris
|-sidestart|p2: 9tongdage|move: Toxic Spikes
|-enditem|p1a: Glimmora|Air Balloon
|faint|p1a: Glimmora
|-damage|p2a: Overqwil|81/100|[from] item: Life Orb
|
|-weather|RainDance|[upkeep]
|upkeep
|
|t:|1757857934
|switch|p1a: Weavile|Weavile, F|100/100
|-ability|p1a: Weavile|Pressure
|turn|8
|
|t:|1757857941
|move|p2a: Overqwil|Liquidation|p1a: Weavile
|-damage|p1a: Weavile|0 fnt
|faint|p1a: Weavile
|-damage|p2a: Overqwil|71/100|[from] item: Life Orb
|
|-weather|RainDance|[upkeep]
|upkeep
|
|t:|1757857947
|switch|p1a: Moltres|Moltres|100/100
|turn|9
|
|t:|1757857952
|move|p2a: Overqwil|Liquidation|p1a: Moltres
|-supereffective|p1a: Moltres
|-crit|p1a: Moltres
|-damage|p1a: Moltres|0 fnt
|faint|p1a: Moltres
|-damage|p2a: Overqwil|61/100|[from] item: Life Orb
|
|-weather|RainDance|[upkeep]
|upkeep
|
|t:|1757857960
|switch|p1a: Ceruledge|Ceruledge, F|100/100
|turn|10
|
|t:|1757857970
|move|p2a: Overqwil|Liquidation|p1a: Ceruledge
|-supereffective|p1a: Ceruledge
|-enditem|p1a: Ceruledge|Focus Sash
|-damage|p1a: Ceruledge|1/100
|-unboost|p1a: Ceruledge|def|1
|-damage|p2a: Overqwil|51/100|[from] item: Life Orb
|move|p1a: Ceruledge|Close Combat|p2a: Overqwil
|-damage|p2a: Overqwil|7/100
|-unboost|p1a: Ceruledge|def|1
|-unboost|p1a: Ceruledge|spd|1
|
|-weather|none
|upkeep
|turn|11
|
|t:|1757857983
|switch|p2a: Indeedee|Indeedee-F, F|100/100
|-status|p2a: Indeedee|psn
|-fieldstart|move: Psychic Terrain|[from] ability: Psychic Surge|[of] p2a: Indeedee
|move|p1a: Ceruledge|Destiny Bond|p1a: Ceruledge
|-singlemove|p1a: Ceruledge|Destiny Bond
|
|-damage|p2a: Indeedee|88/100 psn|[from] psn
|upkeep
|turn|12
|
|t:|1757857997
|move|p1a: Ceruledge|Bitter Blade|p2a: Indeedee
|-damage|p2a: Indeedee|29/100 psn
|-heal|p1a: Ceruledge|32/100|[from] drain|[of] p2a: Indeedee
|-enditem|p2a: Indeedee|Eject Button
|
|t:|1757858003
|switch|p2a: Overqwil|Overqwil, F|7/100
|-sideend|p2: 9tongdage|move: Toxic Spikes|[of] p2a: Overqwil
|
|upkeep
|turn|13
|
|t:|1757858010
|move|p1a: Ceruledge|Bitter Blade|p2a: Overqwil
|-damage|p2a: Overqwil|0 fnt
|-heal|p1a: Ceruledge|36/100|[from] drain|[of] p2a: Overqwil
|faint|p2a: Overqwil
|
|upkeep
|
|t:|1757858015
|switch|p2a: Barraskewda|Barraskewda, F, tera:Water|100/100
|turn|14
|
|t:|1757858021
|move|p2a: Barraskewda|Flip Turn|p1a: Ceruledge
|-supereffective|p1a: Ceruledge
|-damage|p1a: Ceruledge|0 fnt
|faint|p1a: Ceruledge
|
|win|9tongdage
|raw|paprikamaster's rating: 1110 &rarr; <strong>1091</strong><br />(-19 for losing)
|raw|9tongdage's rating: 1188 &rarr; <strong>1207</strong><br />(+19 for winning)
|l|☆9tongdage
|player|p2|
|l|☆paprikamaster
|player|p1|
