|j|☆SittinGamer
|j|☆BrokenChest2
|t:|1757916567
|gametype|singles
|player|p1|SittinGamer|dawn-gen4pt|1617
|player|p2|BrokenChest2|unknown|1548
|gen|9
|tier|[Gen 9] OU
|rated|
|rule|HP Percentage Mod: HP is shown in percentages
|rule|Endless Battle Clause: Forcing endless battles is banned
|rule|Species Clause: Limit one of each Pokémon
|rule|OHKO Clause: OHKO moves are banned
|rule|Evasion Items Clause: Evasion items are banned
|rule|Evasion Moves Clause: Evasion moves are banned
|rule|Evasion Abilities Clause: Evasion abilities are banned
|rule|Sleep Moves Clause: Sleep-inducing moves are banned
|clearpoke
|poke|p1|Infernape, M|
|poke|p1|Samurott-Hisui, F|
|poke|p1|Gholdengo|
|poke|p1|Hatterene, F|
|poke|p1|Great Tusk|
|poke|p1|Zamazenta-*|
|poke|p2|Quagsire, F|
|poke|p2|Blissey, F|
|poke|p2|Toxapex, M|
|poke|p2|Sinistcha|
|poke|p2|Gliscor, F|
|poke|p2|Corviknight, M|
|teampreview
|inactive|Battle timer is ON: inactive players will automatically lose when time's up. (requested by BrokenChest2)
|j| fate1q
|
|t:|1757916595
|teamsize|p1|6
|teamsize|p2|6
|start
|switch|p1a: Infernape|Infernape, M|100/100
|switch|p2a: Toxapex|Toxapex, M|100/100
|turn|1
|l| fate1q
|
|t:|1757916603
|switch|p2a: Gliscor|Gliscor, F|100/100
|move|p1a: Infernape|Stealth Rock|p2a: Gliscor
|-sidestart|p2: BrokenChest2|move: Stealth Rock
|
|-status|p2a: Gliscor|tox|[from] item: Toxic Orb
|upkeep
|turn|2
|
|t:|1757916609
|move|p1a: Infernape|Knock Off|p2a: Gliscor
|-damage|p2a: Gliscor|81/100 tox
|-enditem|p2a: Gliscor|Toxic Orb|[from] move: Knock Off|[of] p1a: Infernape
|move|p2a: Gliscor|Knock Off|p1a: Infernape
|-resisted|p1a: Infernape
|-damage|p1a: Infernape|84/100
|-enditem|p1a: Infernape|Focus Sash|[from] move: Knock Off|[of] p2a: Gliscor
|
|-heal|p2a: Gliscor|93/100 tox|[from] ability: Poison Heal
|upkeep
|turn|3
|
|t:|1757916613
|move|p1a: Infernape|Overheat|p2a: Gliscor
|-damage|p2a: Gliscor|35/100 tox
|-unboost|p1a: Infernape|spa|2
|move|p2a: Gliscor|Spikes|p1a: Infernape
|-sidestart|p1: SittinGamer|Spikes
|
|-heal|p2a: Gliscor|47/100 tox|[from] ability: Poison Heal
|upkeep
|turn|4
|
|t:|1757916618
|switch|p1a: Hatterene|Hatterene, F|100/100
|-damage|p1a: Hatterene|88/100|[from] Spikes
|move|p2a: Gliscor|Earthquake|p1a: Hatterene
|-damage|p1a: Hatterene|53/100
|
|-heal|p2a: Gliscor|60/100 tox|[from] ability: Poison Heal
|upkeep
|turn|5
|
|t:|1757916622
|move|p2a: Gliscor|Knock Off|p1a: Hatterene
|-damage|p1a: Hatterene|27/100
|-enditem|p1a: Hatterene|Assault Vest|[from] move: Knock Off|[of] p2a: Gliscor
|move|p1a: Hatterene|Psychic Noise|p2a: Gliscor
|-damage|p2a: Gliscor|19/100 tox
|-start|p2a: Gliscor|move: Heal Block
|
|upkeep
|turn|6
|
|t:|1757916627
|switch|p1a: Samurott|Samurott-Hisui, F|100/100
|-damage|p1a: Samurott|88/100|[from] Spikes
|move|p2a: Gliscor|Earthquake|p1a: Samurott
|-damage|p1a: Samurott|51/100
|
|-end|p2a: Gliscor|move: Heal Block
|upkeep
|turn|7
|
|t:|1757916634
|move|p2a: Gliscor|Protect|p2a: Gliscor
|-singleturn|p2a: Gliscor|Protect
|move|p1a: Samurott|Knock Off|p2a: Gliscor
|-activate|p2a: Gliscor|move: Protect
|
|-heal|p2a: Gliscor|32/100 tox|[from] ability: Poison Heal
|upkeep
|turn|8
|
|t:|1757916645
|switch|p2a: Corviknight|Corviknight, M|100/100
|-ability|p2a: Corviknight|Pressure
|move|p1a: Samurott|Razor Shell|p2a: Corviknight
|-damage|p2a: Corviknight|70/100
|-unboost|p2a: Corviknight|def|1
|
|upkeep
|turn|9
|
|t:|1757916651
|move|p1a: Samurott|Ceaseless Edge|p2a: Corviknight
|-damage|p2a: Corviknight|25/100
|-sidestart|p2: BrokenChest2|Spikes
|move|p2a: Corviknight|Roost|p2a: Corviknight
|-heal|p2a: Corviknight|75/100
|-singleturn|p2a: Corviknight|move: Roost
|
|upkeep
|turn|10
|
|t:|1757916655
|switch|p1a: Gholdengo|Gholdengo|100/100
|-damage|p1a: Gholdengo|88/100|[from] Spikes
|move|p2a: Corviknight|Body Press|p1a: Gholdengo
|-immune|p1a: Gholdengo
|
|upkeep
|turn|11
|
|t:|1757916660
|switch|p2a: Blissey|Blissey, F|100/100
|move|p1a: Gholdengo|Trick|p2a: Blissey
|-activate|p1a: Gholdengo|move: Trick|[of] p2a: Blissey
|-item|p2a: Blissey|Choice Scarf|[from] move: Trick
|-item|p1a: Gholdengo|Heavy-Duty Boots|[from] move: Trick
|
|upkeep
|turn|12
|
|t:|1757916669
|switch|p1a: Hatterene|Hatterene, F|27/100
|-damage|p1a: Hatterene|15/100|[from] Spikes
|move|p2a: Blissey|Flamethrower|p1a: Hatterene
|-damage|p1a: Hatterene|0 fnt
|faint|p1a: Hatterene
|
|upkeep
|
|t:|1757916672
|switch|p1a: Samurott|Samurott-Hisui, F|51/100
|-damage|p1a: Samurott|39/100|[from] Spikes
|turn|13
|
|t:|1757916675
|switch|p2a: Corviknight|Corviknight, M|75/100
|-ability|p2a: Corviknight|Pressure
|move|p1a: Samurott|Ceaseless Edge|p2a: Corviknight
|-damage|p2a: Corviknight|49/100
|-sidestart|p2: BrokenChest2|Spikes
|
|upkeep
|turn|14
|
|t:|1757916681
|move|p1a: Samurott|Razor Shell|p2a: Corviknight
|-damage|p2a: Corviknight|17/100
|move|p2a: Corviknight|Roost|p2a: Corviknight
|-heal|p2a: Corviknight|67/100
|-singleturn|p2a: Corviknight|move: Roost
|
|upkeep
|turn|15
|
|t:|1757916683
|move|p1a: Samurott|Razor Shell|p2a: Corviknight
|-damage|p2a: Corviknight|34/100
|-unboost|p2a: Corviknight|def|1
|move|p2a: Corviknight|Body Press|p1a: Samurott
|-supereffective|p1a: Samurott
|-damage|p1a: Samurott|1/100
|
|upkeep
|turn|16
|
|t:|1757916688
|switch|p2a: Toxapex|Toxapex, M|100/100
|move|p1a: Samurott|Ceaseless Edge|p2a: Toxapex
|-damage|p2a: Toxapex|68/100
|-sidestart|p2: BrokenChest2|Spikes
|
|upkeep
|turn|17
|
|t:|1757916692
|move|p1a: Samurott|Ceaseless Edge|p2a: Toxapex
|-damage|p2a: Toxapex|38/100
|move|p2a: Toxapex|Toxic|p1a: Samurott
|-status|p1a: Samurott|tox
|
|-damage|p1a: Samurott|0 fnt|[from] psn
|faint|p1a: Samurott
|upkeep
|
|t:|1757916700
|switch|p1a: Great Tusk|Great Tusk|100/100
|-damage|p1a: Great Tusk|88/100|[from] Spikes
|-enditem|p1a: Great Tusk|Booster Energy
|-activate|p1a: Great Tusk|ability: Protosynthesis|[fromitem]
|-start|p1a: Great Tusk|protosynthesisatk
|turn|18
|
|t:|1757916714
|switch|p2a: Corviknight|Corviknight, M|34/100
|-ability|p2a: Corviknight|Pressure
|-terastallize|p1a: Great Tusk|Steel
|move|p1a: Great Tusk|Knock Off|p2a: Corviknight
|-crit|p2a: Corviknight
|-damage|p2a: Corviknight|0 fnt
|-enditem|p2a: Corviknight|Heavy-Duty Boots|[from] move: Knock Off|[of] p1a: Great Tusk
|faint|p2a: Corviknight
|
|upkeep
|
|t:|1757916717
|switch|p2a: Sinistcha|Sinistcha|100/100
|turn|19
|
|t:|1757916721
|move|p1a: Great Tusk|Knock Off|p2a: Sinistcha
|-supereffective|p2a: Sinistcha
|-damage|p2a: Sinistcha|43/100
|-enditem|p2a: Sinistcha|Heavy-Duty Boots|[from] move: Knock Off|[of] p1a: Great Tusk
|move|p2a: Sinistcha|Matcha Gotcha|p1a: Great Tusk
|-resisted|p1a: Great Tusk
|-damage|p1a: Great Tusk|65/100
|-heal|p2a: Sinistcha|57/100|[from] drain|[of] p1a: Great Tusk
|
|upkeep
|turn|20
|
|t:|1757916726
|move|p1a: Great Tusk|Ice Spinner|p2a: Sinistcha
|-supereffective|p2a: Sinistcha
|-damage|p2a: Sinistcha|12/100
|move|p2a: Sinistcha|Strength Sap|p1a: Great Tusk
|-unboost|p1a: Great Tusk|atk|1
|-heal|p2a: Sinistcha|100/100
|
|upkeep
|turn|21
|
|t:|1757916737
|-end|p1a: Great Tusk|Protosynthesis|[silent]
|switch|p1a: Infernape|Infernape, M|84/100
|-damage|p1a: Infernape|71/100|[from] Spikes
|move|p2a: Sinistcha|Hex|p1a: Infernape
|-damage|p1a: Infernape|34/100
|
|upkeep
|turn|22
|
|t:|1757916741
|move|p1a: Infernape|Overheat|p2a: Sinistcha
|-supereffective|p2a: Sinistcha
|-damage|p2a: Sinistcha|22/100
|-unboost|p1a: Infernape|spa|2
|move|p2a: Sinistcha|Hex|p1a: Infernape
|-damage|p1a: Infernape|0 fnt
|faint|p1a: Infernape
|
|upkeep
|
|t:|1757916746
|switch|p1a: Great Tusk|Great Tusk, tera:Steel|65/100
|-damage|p1a: Great Tusk|53/100|[from] Spikes
|turn|23
|
|t:|1757916749
|-terastallize|p2a: Sinistcha|Fairy
|move|p1a: Great Tusk|Ice Spinner|p2a: Sinistcha
|-damage|p2a: Sinistcha|3/100
|move|p2a: Sinistcha|Strength Sap|p1a: Great Tusk
|-unboost|p1a: Great Tusk|atk|1
|-heal|p2a: Sinistcha|100/100
|
|upkeep
|turn|24
|
|t:|1757916755
|-end|p1a: Great Tusk|Protosynthesis|[silent]
|switch|p1a: Gholdengo|Gholdengo|88/100
|move|p2a: Sinistcha|Hex|p1a: Gholdengo
|-supereffective|p1a: Gholdengo
|-damage|p1a: Gholdengo|25/100
|
|upkeep
|turn|25
|
|t:|1757916759
|switch|p2a: Blissey|Blissey, F|100/100
|-damage|p2a: Blissey|88/100|[from] Stealth Rock
|-damage|p2a: Blissey|63/100|[from] Spikes
|move|p1a: Gholdengo|Make It Rain|p2a: Blissey
|-damage|p2a: Blissey|45/100
|-unboost|p1a: Gholdengo|spa|1
|
|upkeep
|turn|26
|
|t:|1757916764
|switch|p1a: Great Tusk|Great Tusk, tera:Steel|53/100
|-damage|p1a: Great Tusk|40/100|[from] Spikes
|move|p2a: Blissey|Soft-Boiled|p2a: Blissey
|-heal|p2a: Blissey|95/100
|
|upkeep
|turn|27
|
|t:|1757916766
|switch|p2a: Gliscor|Gliscor, F|32/100 tox
|-damage|p2a: Gliscor|19/100 tox|[from] Stealth Rock
|move|p1a: Great Tusk|Rapid Spin|p2a: Gliscor
|-damage|p2a: Gliscor|6/100 tox
|-boost|p1a: Great Tusk|spe|1
|-sideend|p1: SittinGamer|Spikes|[from] move: Rapid Spin|[of] p1a: Great Tusk
|
|-heal|p2a: Gliscor|18/100 tox|[from] ability: Poison Heal
|upkeep
|turn|28
|
|t:|1757916769
|move|p2a: Gliscor|Protect|p2a: Gliscor
|-singleturn|p2a: Gliscor|Protect
|move|p1a: Great Tusk|Ice Spinner|p2a: Gliscor
|-activate|p2a: Gliscor|move: Protect
|
|-heal|p2a: Gliscor|31/100 tox|[from] ability: Poison Heal
|upkeep
|turn|29
|
|t:|1757916773
|switch|p2a: Sinistcha|Sinistcha, tera:Fairy|100/100
|-damage|p2a: Sinistcha|88/100|[from] Stealth Rock
|-damage|p2a: Sinistcha|63/100|[from] Spikes
|move|p1a: Great Tusk|Ice Spinner|p2a: Sinistcha
|-damage|p2a: Sinistcha|45/100
|
|upkeep
|turn|30
|
|t:|1757916783
|move|p1a: Great Tusk|Headlong Rush|p2a: Sinistcha
|-damage|p2a: Sinistcha|4/100
|-unboost|p1a: Great Tusk|def|1
|-unboost|p1a: Great Tusk|spd|1
|move|p2a: Sinistcha|Hex|p1a: Great Tusk
|-damage|p1a: Great Tusk|0 fnt
|faint|p1a: Great Tusk
|-end|p1a: Great Tusk|Protosynthesis|[silent]
|
|upkeep
|
|t:|1757916790
|switch|p1a: Gholdengo|Gholdengo|25/100
|turn|31
|
|t:|1757916799
|move|p1a: Gholdengo|Make It Rain|p2a: Sinistcha
|-supereffective|p2a: Sinistcha
|-damage|p2a: Sinistcha|0 fnt
|-unboost|p1a: Gholdengo|spa|1
|faint|p2a: Sinistcha
|
|upkeep
|
|t:|1757916801
|switch|p2a: Gliscor|Gliscor, F|31/100 tox
|-damage|p2a: Gliscor|18/100 tox|[from] Stealth Rock
|turn|32
|
|t:|1757916804
|move|p2a: Gliscor|Protect|p2a: Gliscor
|-singleturn|p2a: Gliscor|Protect
|move|p1a: Gholdengo|Make It Rain|p2a: Gliscor
|-activate|p2a: Gliscor|move: Protect
|
|-heal|p2a: Gliscor|31/100 tox|[from] ability: Poison Heal
|upkeep
|turn|33
|
|t:|1757916807
|move|p1a: Gholdengo|Make It Rain|p2a: Gliscor
|-damage|p2a: Gliscor|0 fnt
|-unboost|p1a: Gholdengo|spa|1
|faint|p2a: Gliscor
|
|upkeep
|
|t:|1757916811
|switch|p2a: Quagsire|Quagsire, F|100/100
|turn|34
|
|t:|1757916815
|switch|p1a: Zamazenta|Zamazenta|100/100
|-ability|p1a: Zamazenta|Dauntless Shield|boost
|-boost|p1a: Zamazenta|def|1
|move|p2a: Quagsire|Toxic|p1a: Zamazenta|[miss]
|-miss|p2a: Quagsire|p1a: Zamazenta
|
|upkeep
|turn|35
|
|t:|1757916819
|move|p1a: Zamazenta|Body Press|p2a: Quagsire
|-damage|p2a: Quagsire|75/100
|move|p2a: Quagsire|Toxic|p1a: Zamazenta
|-status|p1a: Zamazenta|tox
|
|-damage|p1a: Zamazenta|94/100 tox|[from] psn
|upkeep
|turn|36
|
|t:|1757916822
|move|p2a: Quagsire|Stealth Rock|p1a: Zamazenta
|-sidestart|p1: SittinGamer|move: Stealth Rock
|move|p1a: Zamazenta|Roar|p2a: Quagsire
|drag|p2a: Toxapex|Toxapex, M|72/100
|
|-heal|p1a: Zamazenta|100/100 tox|[from] item: Leftovers
|-damage|p1a: Zamazenta|88/100 tox|[from] psn
|upkeep
|turn|37
|j| biryanilover
|
|t:|1757916826
|switch|p1a: Gholdengo|Gholdengo|25/100
|move|p2a: Toxapex|Haze|p2a: Toxapex
|-clearallboost
|
|upkeep
|turn|38
|
|t:|1757916829
|switch|p2a: Blissey|Blissey, F|95/100
|-damage|p2a: Blissey|82/100|[from] Stealth Rock
|-damage|p2a: Blissey|57/100|[from] Spikes
|move|p1a: Gholdengo|Shadow Ball|p2a: Blissey
|-immune|p2a: Blissey
|
|upkeep
|turn|39
|-message|SittinGamer forfeited.
|
|win|BrokenChest2
|raw|SittinGamer's rating: 1617 &rarr; <strong>1593</strong><br />(-24 for losing)
|raw|BrokenChest2's rating: 1548 &rarr; <strong>1572</strong><br />(+24 for winning)
|l|☆SittinGamer
|player|p1|
|l|☆BrokenChest2
|player|p2|
|l| biryanilover
