|j|☆Nanosecond Arrows
|j|☆LeanDrinka
|t:|1757948700
|gametype|singles
|player|p1|Nanosecond Arrows|red|1174
|player|p2|LeanDrinka|musician|1120
|gen|9
|tier|[Gen 9] OU
|rated|
|rule|HP Percentage Mod: HP is shown in percentages
|rule|Endless Battle Clause: Forcing endless battles is banned
|rule|Species Clause: Limit one of each Pokémon
|rule|OHKO Clause: OHKO moves are banned
|rule|Evasion Items Clause: Evasion items are banned
|rule|Evasion Moves Clause: Evasion moves are banned
|rule|Evasion Abilities Clause: Evasion abilities are banned
|rule|Sleep Moves Clause: Sleep-inducing moves are banned
|clearpoke
|poke|p1|Skeledirge, M|
|poke|p1|Greninja-*, M|
|poke|p1|Corviknight, F|
|poke|p1|Appletun, F|
|poke|p1|Mamoswine, M|
|poke|p1|Tentacruel, F|
|poke|p2|Iron Moth|
|poke|p2|Raikou|
|poke|p2|Ogerpon-Wellspring, F|
|poke|p2|Sableye, M|
|poke|p2|Hatterene, F|
|poke|p2|Great Tusk|
|teampreview
|
|t:|1757948718
|teamsize|p1|6
|teamsize|p2|6
|start
|switch|p1a: Tentacruel|Tentacruel, F|100/100
|switch|p2a: Great Tusk|Great Tusk|100/100
|turn|1
|
|t:|1757948726
|move|p1a: Tentacruel|Surf|p2a: Great Tusk
|-supereffective|p2a: Great Tusk
|-damage|p2a: Great Tusk|60/100
|move|p2a: Great Tusk|Rapid Spin|p1a: Tentacruel
|-damage|p1a: Tentacruel|82/100
|-boost|p2a: Great Tusk|spe|1
|
|-heal|p1a: Tentacruel|88/100|[from] item: Black Sludge
|upkeep
|turn|2
|
|t:|1757948737
|move|p2a: Great Tusk|Earthquake|p1a: Tentacruel
|-supereffective|p1a: Tentacruel
|-damage|p1a: Tentacruel|0 fnt
|faint|p1a: Tentacruel
|
|upkeep
|
|t:|1757948752
|switch|p1a: Mamoswine|Mamoswine, M|100/100
|turn|3
|
|t:|1757948761
|-terastallize|p2a: Great Tusk|Ice
|move|p2a: Great Tusk|Close Combat|p1a: Mamoswine
|-supereffective|p1a: Mamoswine
|-damage|p1a: Mamoswine|0 fnt
|-unboost|p2a: Great Tusk|def|1
|-unboost|p2a: Great Tusk|spd|1
|faint|p1a: Mamoswine
|
|upkeep
|
|t:|1757948774
|switch|p1a: Skeledirge|Skeledirge, M, shiny|100/100
|turn|4
|
|t:|1757948785
|-terastallize|p1a: Skeledirge|Water
|move|p2a: Great Tusk|Earthquake|p1a: Skeledirge
|-damage|p1a: Skeledirge|60/100
|move|p1a: Skeledirge|Flame Charge|p2a: Great Tusk
|-supereffective|p2a: Great Tusk
|-damage|p2a: Great Tusk|43/100
|-boost|p1a: Skeledirge|spe|1
|
|upkeep
|turn|5
|
|t:|1757948794
|move|p2a: Great Tusk|Close Combat|p1a: Skeledirge
|-damage|p1a: Skeledirge|5/100
|-unboost|p2a: Great Tusk|def|1
|-unboost|p2a: Great Tusk|spd|1
|move|p1a: Skeledirge|Slack Off|p1a: Skeledirge
|-heal|p1a: Skeledirge|55/100
|
|upkeep
|turn|6
|
|t:|1757948798
|move|p2a: Great Tusk|Earthquake|p1a: Skeledirge
|-damage|p1a: Skeledirge|13/100
|move|p1a: Skeledirge|Slack Off|p1a: Skeledirge
|-heal|p1a: Skeledirge|63/100
|
|upkeep
|turn|7
|
|t:|1757948814
|move|p2a: Great Tusk|Earthquake|p1a: Skeledirge
|-damage|p1a: Skeledirge|22/100
|move|p1a: Skeledirge|Slack Off|p1a: Skeledirge
|-heal|p1a: Skeledirge|72/100
|
|upkeep
|turn|8
|
|t:|1757948820
|move|p2a: Great Tusk|Earthquake|p1a: Skeledirge
|-damage|p1a: Skeledirge|27/100
|move|p1a: Skeledirge|Flame Charge|p2a: Great Tusk
|-supereffective|p2a: Great Tusk
|-damage|p2a: Great Tusk|23/100
|-boost|p1a: Skeledirge|spe|1
|
|upkeep
|turn|9
|
|t:|1757948824
|-end|p2a: Great Tusk|Protosynthesis|[silent]
|switch|p2a: Raikou|Raikou|100/100
|move|p1a: Skeledirge|Slack Off|p1a: Skeledirge
|-heal|p1a: Skeledirge|77/100
|
|upkeep
|turn|10
|
|t:|1757948831
|move|p2a: Raikou|Volt Switch|p1a: Skeledirge
|-supereffective|p1a: Skeledirge
|-damage|p1a: Skeledirge|22/100
|
|t:|1757948839
|switch|p2a: Sableye|Sableye, M|100/100|[from] Volt Switch
|move|p1a: Skeledirge|Torch Song|p2a: Sableye
|-damage|p2a: Sableye|35/100
|-boost|p1a: Skeledirge|spa|1
|
|upkeep
|turn|11
|
|t:|1757948846
|move|p2a: Sableye|Trick|p1a: Skeledirge
|-activate|p2a: Sableye|move: Trick|[of] p1a: Skeledirge
|-item|p1a: Skeledirge|Lagging Tail|[from] move: Trick
|-item|p2a: Sableye|Lum Berry|[from] move: Trick
|move|p1a: Skeledirge|Torch Song|p2a: Sableye
|-damage|p2a: Sableye|0 fnt
|-boost|p1a: Skeledirge|spa|1
|faint|p2a: Sableye
|
|upkeep
|
|t:|1757948854
|switch|p2a: Raikou|Raikou|100/100
|turn|12
|
|t:|1757948857
|move|p2a: Raikou|Volt Switch|p1a: Skeledirge
|-supereffective|p1a: Skeledirge
|-damage|p1a: Skeledirge|0 fnt
|faint|p1a: Skeledirge
|
|t:|1757948867
|switch|p2a: Hatterene|Hatterene, F|100/100|[from] Volt Switch
|
|upkeep
|
|t:|1757948873
|switch|p1a: Greninja|Greninja, M|100/100
|turn|13
|
|t:|1757948883
|move|p1a: Greninja|Sludge Wave|p2a: Hatterene
|-supereffective|p2a: Hatterene
|-damage|p2a: Hatterene|28/100
|move|p2a: Hatterene|Giga Drain|p1a: Greninja
|-supereffective|p1a: Greninja
|-damage|p1a: Greninja|9/100
|-heal|p2a: Hatterene|75/100|[from] drain|[of] p1a: Greninja
|
|-heal|p2a: Hatterene|82/100|[from] item: Leftovers
|upkeep
|turn|14
|
|t:|1757948898
|switch|p2a: Iron Moth|Iron Moth|100/100
|move|p1a: Greninja|Sludge Wave|p2a: Iron Moth
|-resisted|p2a: Iron Moth
|-damage|p2a: Iron Moth|86/100
|
|upkeep
|turn|15
|
|t:|1757948904
|move|p1a: Greninja|Water Shuriken|p2a: Iron Moth
|-supereffective|p2a: Iron Moth
|-damage|p2a: Iron Moth|70/100
|-supereffective|p2a: Iron Moth
|-damage|p2a: Iron Moth|54/100
|-supereffective|p2a: Iron Moth
|-damage|p2a: Iron Moth|38/100
|-supereffective|p2a: Iron Moth
|-damage|p2a: Iron Moth|23/100
|-hitcount|p2a: Iron Moth|4
|move|p2a: Iron Moth|Dazzling Gleam|p1a: Greninja
|-supereffective|p1a: Greninja
|-damage|p1a: Greninja|0 fnt
|faint|p1a: Greninja
|
|upkeep
|
|t:|1757948916
|switch|p1a: Corviknight|Corviknight, F, shiny|100/100
|turn|16
|
|t:|1757948919
|move|p2a: Iron Moth|Fiery Dance|p1a: Corviknight
|-supereffective|p1a: Corviknight
|-damage|p1a: Corviknight|40/100
|-boost|p2a: Iron Moth|spa|1
|move|p1a: Corviknight|Brave Bird|p2a: Iron Moth
|-damage|p2a: Iron Moth|0 fnt
|faint|p2a: Iron Moth
|-end|p2a: Iron Moth|Quark Drive|[silent]
|-damage|p1a: Corviknight|34/100|[from] Recoil
|
|-heal|p1a: Corviknight|41/100|[from] item: Leftovers
|upkeep
|
|t:|1757948923
|switch|p2a: Hatterene|Hatterene, F|82/100
|turn|17
|
|t:|1757948936
|move|p1a: Corviknight|Roost|p1a: Corviknight
|-heal|p1a: Corviknight|91/100
|-singleturn|p1a: Corviknight|move: Roost
|move|p2a: Hatterene|Calm Mind|p2a: Hatterene
|-boost|p2a: Hatterene|spa|1
|-boost|p2a: Hatterene|spd|1
|
|-heal|p1a: Corviknight|97/100|[from] item: Leftovers
|-heal|p2a: Hatterene|88/100|[from] item: Leftovers
|upkeep
|turn|18
|
|t:|1757948943
|move|p1a: Corviknight|Bulk Up|p1a: Corviknight
|-boost|p1a: Corviknight|atk|1
|-boost|p1a: Corviknight|def|1
|move|p2a: Hatterene|Calm Mind|p2a: Hatterene
|-boost|p2a: Hatterene|spa|1
|-boost|p2a: Hatterene|spd|1
|
|-heal|p1a: Corviknight|100/100|[from] item: Leftovers
|-heal|p2a: Hatterene|94/100|[from] item: Leftovers
|upkeep
|turn|19
|
|t:|1757948953
|move|p1a: Corviknight|Brave Bird|p2a: Hatterene
|-crit|p2a: Hatterene
|-damage|p2a: Hatterene|8/100
|-damage|p1a: Corviknight|81/100|[from] Recoil
|move|p2a: Hatterene|Calm Mind|p2a: Hatterene
|-boost|p2a: Hatterene|spa|1
|-boost|p2a: Hatterene|spd|1
|
|-heal|p1a: Corviknight|87/100|[from] item: Leftovers
|-heal|p2a: Hatterene|14/100|[from] item: Leftovers
|upkeep
|turn|20
|
|t:|1757948963
|move|p1a: Corviknight|Brave Bird|p2a: Hatterene
|-damage|p2a: Hatterene|0 fnt
|faint|p2a: Hatterene
|-damage|p1a: Corviknight|84/100|[from] Recoil
|
|-heal|p1a: Corviknight|90/100|[from] item: Leftovers
|upkeep
|
|t:|1757948970
|switch|p2a: Ogerpon|Ogerpon-Wellspring, F|100/100
|turn|21
|
|t:|1757948977
|move|p2a: Ogerpon|U-turn|p1a: Corviknight
|-resisted|p1a: Corviknight
|-damage|p1a: Corviknight|86/100
|
|t:|1757948980
|switch|p2a: Great Tusk|Great Tusk, tera:Ice|23/100|[from] U-turn
|move|p1a: Corviknight|Roost|p1a: Corviknight
|-heal|p1a: Corviknight|100/100
|-singleturn|p1a: Corviknight|move: Roost
|
|upkeep
|turn|22
|
|t:|1757948987
|move|p2a: Great Tusk|Close Combat|p1a: Corviknight
|-damage|p1a: Corviknight|66/100
|-unboost|p2a: Great Tusk|def|1
|-unboost|p2a: Great Tusk|spd|1
|move|p1a: Corviknight|Bulk Up|p1a: Corviknight
|-boost|p1a: Corviknight|atk|1
|-boost|p1a: Corviknight|def|1
|
|-heal|p1a: Corviknight|72/100|[from] item: Leftovers
|upkeep
|turn|23
|
|t:|1757948998
|move|p2a: Great Tusk|Close Combat|p1a: Corviknight
|-damage|p1a: Corviknight|46/100
|-unboost|p2a: Great Tusk|def|1
|-unboost|p2a: Great Tusk|spd|1
|move|p1a: Corviknight|Bulk Up|p1a: Corviknight
|-boost|p1a: Corviknight|atk|1
|-boost|p1a: Corviknight|def|1
|
|-heal|p1a: Corviknight|53/100|[from] item: Leftovers
|upkeep
|turn|24
|
|t:|1757949006
|move|p2a: Great Tusk|Close Combat|p1a: Corviknight
|-damage|p1a: Corviknight|31/100
|-unboost|p2a: Great Tusk|def|1
|-unboost|p2a: Great Tusk|spd|1
|move|p1a: Corviknight|Roost|p1a: Corviknight
|-heal|p1a: Corviknight|81/100
|-singleturn|p1a: Corviknight|move: Roost
|
|-heal|p1a: Corviknight|88/100|[from] item: Leftovers
|upkeep
|turn|25
|
|t:|1757949012
|-end|p2a: Great Tusk|Protosynthesis|[silent]
|switch|p2a: Raikou|Raikou|100/100
|move|p1a: Corviknight|Bulk Up|p1a: Corviknight
|-boost|p1a: Corviknight|atk|1
|-boost|p1a: Corviknight|def|1
|
|-heal|p1a: Corviknight|94/100|[from] item: Leftovers
|upkeep
|turn|26
|
|t:|1757949019
|move|p2a: Raikou|Volt Switch|p1a: Corviknight
|-supereffective|p1a: Corviknight
|-damage|p1a: Corviknight|50/100
|
|t:|1757949022
|switch|p2a: Great Tusk|Great Tusk, tera:Ice|23/100|[from] Volt Switch
|move|p1a: Corviknight|Body Press|p2a: Great Tusk
|-supereffective|p2a: Great Tusk
|-damage|p2a: Great Tusk|0 fnt
|faint|p2a: Great Tusk
|-end|p2a: Great Tusk|Protosynthesis|[silent]
|
|-heal|p1a: Corviknight|57/100|[from] item: Leftovers
|upkeep
|
|t:|1757949024
|switch|p2a: Raikou|Raikou|100/100
|turn|27
|
|t:|1757949032
|move|p2a: Raikou|Volt Switch|p1a: Corviknight
|-supereffective|p1a: Corviknight
|-damage|p1a: Corviknight|10/100
|
|t:|1757949037
|switch|p2a: Ogerpon|Ogerpon-Wellspring, F|100/100|[from] Volt Switch
|move|p1a: Corviknight|Roost|p1a: Corviknight
|-heal|p1a: Corviknight|60/100
|-singleturn|p1a: Corviknight|move: Roost
|
|-heal|p1a: Corviknight|66/100|[from] item: Leftovers
|upkeep
|turn|28
|
|t:|1757949047
|move|p2a: Ogerpon|U-turn|p1a: Corviknight
|-resisted|p1a: Corviknight
|-crit|p1a: Corviknight
|-damage|p1a: Corviknight|58/100
|
|t:|1757949049
|switch|p2a: Raikou|Raikou|100/100|[from] U-turn
|move|p1a: Corviknight|Roost|p1a: Corviknight
|-heal|p1a: Corviknight|100/100
|-singleturn|p1a: Corviknight|move: Roost
|
|upkeep
|turn|29
|
|t:|1757949061
|move|p2a: Raikou|Shadow Ball|p1a: Corviknight
|-damage|p1a: Corviknight|83/100
|move|p1a: Corviknight|Body Press|p2a: Raikou
|-damage|p2a: Raikou|27/100
|
|-heal|p2a: Raikou|34/100|[from] item: Leftovers
|-heal|p1a: Corviknight|89/100|[from] item: Leftovers
|upkeep
|turn|30
|
|t:|1757949074
|move|p2a: Raikou|Volt Switch|p1a: Corviknight
|-supereffective|p1a: Corviknight
|-damage|p1a: Corviknight|41/100
|
|t:|1757949078
|switch|p2a: Ogerpon|Ogerpon-Wellspring, F|100/100|[from] Volt Switch
|move|p1a: Corviknight|Body Press|p2a: Ogerpon
|-damage|p2a: Ogerpon|22/100
|
|-heal|p1a: Corviknight|47/100|[from] item: Leftovers
|upkeep
|turn|31
|
|t:|1757949085
|move|p2a: Ogerpon|Ivy Cudgel|p1a: Corviknight|[anim] Ivy Cudgel Water
|-damage|p1a: Corviknight|30/100
|move|p1a: Corviknight|Roost|p1a: Corviknight
|-heal|p1a: Corviknight|80/100
|-singleturn|p1a: Corviknight|move: Roost
|
|-heal|p1a: Corviknight|86/100|[from] item: Leftovers
|upkeep
|turn|32
|-message|LeanDrinka forfeited.
|
|win|Nanosecond Arrows
|raw|Nanosecond Arrows's rating: 1174 &rarr; <strong>1195</strong><br />(+21 for winning)
|raw|LeanDrinka's rating: 1120 &rarr; <strong>1099</strong><br />(-21 for losing)
|l|☆LeanDrinka
|player|p2|
