|j|☆shadow xdash
|j|☆hmmm my meat
|t:|1757838182
|gametype|singles
|player|p1|shadow xdash|red|1240
|player|p2|hmmm my meat|102|1232
|gen|9
|tier|[Gen 9] OU
|rated|
|rule|HP Percentage Mod: HP is shown in percentages
|rule|Endless Battle Clause: Forcing endless battles is banned
|rule|Species Clause: Limit one of each Pokémon
|rule|OHKO Clause: OHKO moves are banned
|rule|Evasion Items Clause: Evasion items are banned
|rule|Evasion Moves Clause: Evasion moves are banned
|rule|Evasion Abilities Clause: Evasion abilities are banned
|rule|Sleep Moves Clause: Sleep-inducing moves are banned
|clearpoke
|poke|p1|Meowscarada, F|
|poke|p1|Gengar, M|
|poke|p1|Entei|
|poke|p1|Walking Wake|
|poke|p1|Scyther, M|
|poke|p1|Cinderace, M|
|poke|p2|Darkrai|
|poke|p2|Samurott-Hisui, F|
|poke|p2|Moltres|
|poke|p2|Great Tusk|
|poke|p2|Magnezone|
|poke|p2|Dragalge, F|
|teampreview
|inactive|Battle timer is ON: inactive players will automatically lose when time's up. (requested by shadow xdash)
|
|t:|1757838197
|teamsize|p1|6
|teamsize|p2|6
|start
|switch|p1a: Meowscarada|Meowscarada, F|100/100
|switch|p2a: Dragalge|Dragalge, F|100/100
|turn|1
|
|t:|1757838202
|move|p1a: Meowscarada|Triple Axel|p2a: Dragalge
|-start|p1a: Meowscarada|typechange|Ice|[from] ability: Protean
|-supereffective|p2a: Dragalge
|-damage|p2a: Dragalge|71/100
|-supereffective|p2a: Dragalge
|-damage|p2a: Dragalge|4/100
|-supereffective|p2a: Dragalge
|-damage|p2a: Dragalge|0 fnt
|faint|p2a: Dragalge
|-hitcount|p2: Dragalge|3
|
|upkeep
|
|t:|1757838214
|switch|p2a: Moltres|Moltres|100/100
|turn|2
|
|t:|1757838237
|switch|p1a: Cinderace|Cinderace, M|100/100
|move|p2a: Moltres|Hurricane|p1a: Cinderace
|-damage|p1a: Cinderace|38/100
|-start|p1a: Cinderace|confusion
|
|upkeep
|turn|3
|
|t:|1757838245
|-activate|p1a: Cinderace|confusion
|move|p1a: Cinderace|Gunk Shot|p2a: Moltres
|-start|p1a: Cinderace|typechange|Poison|[from] ability: Libero
|-damage|p2a: Moltres|64/100
|move|p2a: Moltres|Hurricane|p1a: Cinderace
|-damage|p1a: Cinderace|0 fnt
|faint|p1a: Cinderace
|
|upkeep
|
|t:|1757838250
|switch|p1a: Walking Wake|Walking Wake|100/100
|-enditem|p1a: Walking Wake|Booster Energy
|-activate|p1a: Walking Wake|ability: Protosynthesis|[fromitem]
|-start|p1a: Walking Wake|protosynthesisspa
|turn|4
|
|t:|1757838275
|-terastallize|p2a: Moltres|Grass
|move|p1a: Walking Wake|Hydro Steam|p2a: Moltres
|-resisted|p2a: Moltres
|-damage|p2a: Moltres|37/100
|move|p2a: Moltres|Roost|p2a: Moltres
|-heal|p2a: Moltres|87/100
|
|upkeep
|turn|5
|
|t:|1757838284
|move|p1a: Walking Wake|Flamethrower|p2a: Moltres
|-supereffective|p2a: Moltres
|-damage|p2a: Moltres|0 fnt
|faint|p2a: Moltres
|
|upkeep
|
|t:|1757838292
|switch|p2a: Samurott|Samurott-Hisui, F|100/100
|turn|6
|
|t:|1757838308
|move|p1a: Walking Wake|Hydro Steam|p2a: Samurott
|-resisted|p2a: Samurott
|-damage|p2a: Samurott|64/100
|move|p2a: Samurott|Ceaseless Edge|p1a: Walking Wake
|-damage|p1a: Walking Wake|38/100
|-sidestart|p1: shadow xdash|Spikes
|-damage|p2a: Samurott|54/100|[from] item: Life Orb
|
|upkeep
|turn|7
|
|t:|1757838337
|move|p1a: Walking Wake|Draco Meteor|p2a: Samurott
|-damage|p2a: Samurott|0 fnt
|-unboost|p1a: Walking Wake|spa|2
|faint|p2a: Samurott
|
|upkeep
|
|t:|1757838342
|switch|p2a: Darkrai|Darkrai|100/100
|turn|8
|
|t:|1757838346
|move|p2a: Darkrai|Dark Pulse|p1a: Walking Wake
|-damage|p1a: Walking Wake|0 fnt
|faint|p1a: Walking Wake
|-end|p1a: Walking Wake|Protosynthesis|[silent]
|
|upkeep
|
|t:|1757838356
|switch|p1a: Scyther|Scyther, M|100/100
|turn|9
|
|t:|1757838360
|move|p2a: Darkrai|Ice Beam|p1a: Scyther
|-supereffective|p1a: Scyther
|-enditem|p1a: Scyther|Focus Sash
|-damage|p1a: Scyther|1/100
|move|p1a: Scyther|Defog|p2a: Darkrai
|-unboost|p2a: Darkrai|evasion|1
|-sideend|p1: shadow xdash|Spikes|[from] move: Defog|[of] p1a: Scyther
|
|upkeep
|turn|10
|
|t:|1757838367
|move|p2a: Darkrai|Dark Pulse|p1a: Scyther
|-damage|p1a: Scyther|0 fnt
|faint|p1a: Scyther
|
|upkeep
|
|t:|1757838384
|switch|p1a: Gengar|Gengar, M|100/100
|turn|11
|
|t:|1757838387
|move|p2a: Darkrai|Dark Pulse|p1a: Gengar
|-supereffective|p1a: Gengar
|-enditem|p1a: Gengar|Focus Sash
|-damage|p1a: Gengar|1/100
|move|p1a: Gengar|Sludge Wave|p2a: Darkrai
|-damage|p2a: Darkrai|39/100
|
|upkeep
|turn|12
|
|t:|1757838396
|move|p2a: Darkrai|Sludge Bomb|p1a: Gengar
|-resisted|p1a: Gengar
|-damage|p1a: Gengar|0 fnt
|faint|p1a: Gengar
|
|upkeep
|
|t:|1757838399
|switch|p1a: Entei|Entei|100/100
|turn|13
|
|t:|1757838404
|move|p2a: Darkrai|Dark Pulse|p1a: Entei
|-damage|p1a: Entei|46/100
|move|p1a: Entei|Trailblaze|p2a: Darkrai
|-crit|p2a: Darkrai
|-damage|p2a: Darkrai|0 fnt
|-boost|p1a: Entei|spe|1
|faint|p2a: Darkrai
|-damage|p1a: Entei|36/100|[from] item: Life Orb
|
|upkeep
|
|t:|1757838411
|switch|p2a: Great Tusk|Great Tusk|100/100
|turn|14
|
|t:|1757838416
|-terastallize|p1a: Entei|Fire
|move|p1a: Entei|Sacred Fire|p2a: Great Tusk
|-damage|p2a: Great Tusk|40/100
|-damage|p1a: Entei|26/100|[from] item: Life Orb
|move|p2a: Great Tusk|Headlong Rush|p1a: Entei
|-supereffective|p1a: Entei
|-damage|p1a: Entei|0 fnt
|-unboost|p2a: Great Tusk|def|1
|-unboost|p2a: Great Tusk|spd|1
|faint|p1a: Entei
|
|upkeep
|
|t:|1757838423
|switch|p1a: Meowscarada|Meowscarada, F|100/100
|turn|15
|
|t:|1757838427
|move|p1a: Meowscarada|Knock Off|p2a: Great Tusk
|-start|p1a: Meowscarada|typechange|Dark|[from] ability: Protean
|-resisted|p2a: Great Tusk
|-damage|p2a: Great Tusk|2/100
|-enditem|p2a: Great Tusk|Heavy-Duty Boots|[from] move: Knock Off|[of] p1a: Meowscarada
|move|p2a: Great Tusk|Ice Spinner|p1a: Meowscarada
|-damage|p1a: Meowscarada|55/100
|
|upkeep
|turn|16
|
|t:|1757838435
|move|p1a: Meowscarada|Knock Off|p2a: Great Tusk
|-resisted|p2a: Great Tusk
|-damage|p2a: Great Tusk|0 fnt
|faint|p2a: Great Tusk
|-end|p2a: Great Tusk|Protosynthesis|[silent]
|
|upkeep
|
|t:|1757838438
|switch|p2a: Magnezone|Magnezone|100/100
|-item|p2a: Magnezone|Air Balloon
|turn|17
|
|t:|1757838442
|move|p1a: Meowscarada|Knock Off|p2a: Magnezone
|-damage|p2a: Magnezone|39/100
|-enditem|p2a: Magnezone|Air Balloon
|move|p2a: Magnezone|Body Press|p1a: Meowscarada
|-supereffective|p1a: Meowscarada
|-damage|p1a: Meowscarada|0 fnt
|faint|p1a: Meowscarada
|
|win|hmmm my meat
|raw|shadow xdash's rating: 1240 &rarr; <strong>1214</strong><br />(-26 for losing)
|raw|hmmm my meat's rating: 1232 &rarr; <strong>1258</strong><br />(+26 for winning)
|l|☆shadow xdash
|player|p1|
|l|☆hmmm my meat
|player|p2|
