|j|☆ILFangzor
|j|☆ronnie07
|t:|1757871969
|gametype|singles
|player|p1|ILFangzor|hilbert-masters|1437
|player|p2|ronnie07|rocket-gen1rb|1469
|gen|9
|tier|[Gen 9] OU
|rated|
|rule|HP Percentage Mod: HP is shown in percentages
|rule|Endless Battle Clause: Forcing endless battles is banned
|rule|Species Clause: Limit one of each Pokémon
|rule|OHKO Clause: OHKO moves are banned
|rule|Evasion Items Clause: Evasion items are banned
|rule|Evasion Moves Clause: Evasion moves are banned
|rule|Evasion Abilities Clause: Evasion abilities are banned
|rule|Sleep Moves Clause: Sleep-inducing moves are banned
|clearpoke
|poke|p1|Zamazenta-*|
|poke|p1|Corviknight, F|
|poke|p1|Clodsire, M|
|poke|p1|Cinderace, F|
|poke|p1|Sinistcha|
|poke|p1|Greninja-*, M|
|poke|p2|Blaziken, F|
|poke|p2|Corviknight, M|
|poke|p2|Ting-Lu|
|poke|p2|Ogerpon-Wellspring, F|
|poke|p2|Dragapult, M|
|poke|p2|Hatterene, F|
|teampreview
|inactive|Battle timer is ON: inactive players will automatically lose when time's up. (requested by ILFangzor)
|
|t:|1757871985
|teamsize|p1|6
|teamsize|p2|6
|start
|switch|p1a: Greninja|Greninja, M|100/100
|switch|p2a: Dragapult|Dragapult, M|100/100
|turn|1
|
|t:|1757872003
|switch|p1a: Clodsire|Clodsire, M|100/100
|move|p2a: Dragapult|U-turn|p1a: Clodsire
|-resisted|p1a: Clodsire
|-damage|p1a: Clodsire|91/100
|
|t:|1757872015
|switch|p2a: Ogerpon|Ogerpon-Wellspring, F|100/100|[from] U-turn
|
|-heal|p1a: Clodsire|97/100|[from] item: Leftovers
|upkeep
|turn|2
|
|t:|1757872020
|switch|p1a: Corviknight|Corviknight, F|100/100
|-ability|p1a: Corviknight|Pressure
|move|p2a: Ogerpon|U-turn|p1a: Corviknight
|-resisted|p1a: Corviknight
|-damage|p1a: Corviknight|97/100
|
|t:|1757872027
|switch|p2a: Blaziken|Blaziken, F, shiny|100/100|[from] U-turn
|
|-heal|p1a: Corviknight|100/100|[from] item: Leftovers
|upkeep
|turn|3
|
|t:|1757872034
|switch|p1a: Sinistcha|Sinistcha|100/100
|move|p2a: Blaziken|Swords Dance|p2a: Blaziken
|-boost|p2a: Blaziken|atk|2
|
|-ability|p2a: Blaziken|Speed Boost|boost
|-boost|p2a: Blaziken|spe|1
|upkeep
|turn|4
|
|t:|1757872043
|switch|p1a: Zamazenta|Zamazenta|100/100
|-ability|p1a: Zamazenta|Dauntless Shield|boost
|-boost|p1a: Zamazenta|def|1
|move|p2a: Blaziken|Flare Blitz|p1a: Zamazenta
|-damage|p1a: Zamazenta|8/100
|-damage|p2a: Blaziken|61/100|[from] Recoil
|-damage|p2a: Blaziken|51/100|[from] item: Life Orb
|
|-heal|p1a: Zamazenta|14/100|[from] item: Leftovers
|-ability|p2a: Blaziken|Speed Boost|boost
|-boost|p2a: Blaziken|spe|1
|upkeep
|turn|5
|
|t:|1757872056
|move|p2a: Blaziken|Close Combat|p1a: Zamazenta
|-damage|p1a: Zamazenta|0 fnt
|-unboost|p2a: Blaziken|def|1
|-unboost|p2a: Blaziken|spd|1
|faint|p1a: Zamazenta
|-damage|p2a: Blaziken|41/100|[from] item: Life Orb
|
|-ability|p2a: Blaziken|Speed Boost|boost
|-boost|p2a: Blaziken|spe|1
|upkeep
|
|t:|1757872059
|switch|p1a: Greninja|Greninja, M|100/100
|turn|6
|
|t:|1757872065
|switch|p2a: Ogerpon|Ogerpon-Wellspring, F|100/100
|move|p1a: Greninja|Water Shuriken|p2a: Ogerpon
|-start|p1a: Greninja|typechange|Water|[from] ability: Protean
|-immune|p2a: Ogerpon|[from] ability: Water Absorb
|
|upkeep
|turn|7
|
|t:|1757872072
|switch|p1a: Sinistcha|Sinistcha|100/100
|move|p2a: Ogerpon|U-turn|p1a: Sinistcha
|-damage|p1a: Sinistcha|80/100
|
|t:|1757872080
|switch|p2a: Dragapult|Dragapult, M|100/100|[from] U-turn
|
|-heal|p1a: Sinistcha|86/100|[from] item: Leftovers
|upkeep
|turn|8
|
|t:|1757872086
|switch|p1a: Clodsire|Clodsire, M|97/100
|move|p2a: Dragapult|Shadow Ball|p1a: Clodsire
|-damage|p1a: Clodsire|68/100
|
|-heal|p1a: Clodsire|74/100|[from] item: Leftovers
|upkeep
|turn|9
|
|t:|1757872094
|switch|p2a: Hatterene|Hatterene, F|100/100
|move|p1a: Clodsire|Earth Power|p2a: Hatterene
|-damage|p2a: Hatterene|84/100
|-enditem|p2a: Hatterene|Eject Button
|
|t:|1757872099
|switch|p2a: Ogerpon|Ogerpon-Wellspring, F|100/100
|
|-heal|p1a: Clodsire|80/100|[from] item: Leftovers
|upkeep
|turn|10
|
|t:|1757872104
|switch|p1a: Sinistcha|Sinistcha|86/100
|move|p2a: Ogerpon|Ivy Cudgel|p1a: Sinistcha|[anim] Ivy Cudgel Water
|-resisted|p1a: Sinistcha
|-damage|p1a: Sinistcha|68/100
|
|-heal|p1a: Sinistcha|74/100|[from] item: Leftovers
|upkeep
|turn|11
|
|t:|1757872113
|move|p2a: Ogerpon|U-turn|p1a: Sinistcha
|-damage|p1a: Sinistcha|56/100
|
|t:|1757872118
|switch|p2a: Hatterene|Hatterene, F|84/100|[from] U-turn
|move|p1a: Sinistcha|Calm Mind|p1a: Sinistcha
|-boost|p1a: Sinistcha|spa|1
|-boost|p1a: Sinistcha|spd|1
|
|-heal|p1a: Sinistcha|62/100|[from] item: Leftovers
|upkeep
|turn|12
|
|t:|1757872124
|switch|p2a: Ting-Lu|Ting-Lu|100/100
|-ability|p2a: Ting-Lu|Vessel of Ruin
|move|p1a: Sinistcha|Shadow Ball|p2a: Ting-Lu
|-resisted|p2a: Ting-Lu
|-damage|p2a: Ting-Lu|91/100
|
|-heal|p1a: Sinistcha|68/100|[from] item: Leftovers
|-heal|p2a: Ting-Lu|97/100|[from] item: Leftovers
|upkeep
|turn|13
|
|t:|1757872134
|move|p1a: Sinistcha|Matcha Gotcha|p2a: Ting-Lu
|-supereffective|p2a: Ting-Lu
|-damage|p2a: Ting-Lu|53/100
|-heal|p1a: Sinistcha|100/100|[from] drain|[of] p2a: Ting-Lu
|move|p2a: Ting-Lu|Whirlwind|p1a: Sinistcha
|drag|p1a: Corviknight|Corviknight, F|100/100
|-ability|p1a: Corviknight|Pressure
|
|-heal|p2a: Ting-Lu|59/100|[from] item: Leftovers
|upkeep
|turn|14
|
|t:|1757872143
|move|p1a: Corviknight|U-turn|p2a: Ting-Lu
|-supereffective|p2a: Ting-Lu
|-damage|p2a: Ting-Lu|43/100
|
|t:|1757872146
|switch|p1a: Sinistcha|Sinistcha|100/100|[from] U-turn
|move|p2a: Ting-Lu|Stealth Rock|p1a: Sinistcha
|-sidestart|p1: ILFangzor|move: Stealth Rock
|
|-heal|p2a: Ting-Lu|49/100|[from] item: Leftovers
|upkeep
|turn|15
|
|t:|1757872154
|switch|p2a: Corviknight|Corviknight, M|100/100
|-ability|p2a: Corviknight|Pressure
|move|p1a: Sinistcha|Calm Mind|p1a: Sinistcha
|-boost|p1a: Sinistcha|spa|1
|-boost|p1a: Sinistcha|spd|1
|
|upkeep
|turn|16
|
|t:|1757872160
|move|p1a: Sinistcha|Shadow Ball|p2a: Corviknight
|-damage|p2a: Corviknight|50/100
|move|p2a: Corviknight|U-turn|p1a: Sinistcha
|-crit|p1a: Sinistcha
|-damage|p1a: Sinistcha|86/100
|
|t:|1757872169
|switch|p2a: Dragapult|Dragapult, M|100/100|[from] U-turn
|
|-heal|p1a: Sinistcha|92/100|[from] item: Leftovers
|upkeep
|turn|17
|
|t:|1757872179
|-terastallize|p2a: Dragapult|Ghost
|-terastallize|p1a: Sinistcha|Dark
|move|p2a: Dragapult|Shadow Ball|p1a: Sinistcha
|-resisted|p1a: Sinistcha
|-damage|p1a: Sinistcha|65/100
|move|p1a: Sinistcha|Shadow Ball|p2a: Dragapult
|-supereffective|p2a: Dragapult
|-damage|p2a: Dragapult|0 fnt
|faint|p2a: Dragapult
|
|-heal|p1a: Sinistcha|72/100|[from] item: Leftovers
|upkeep
|
|t:|1757872187
|switch|p2a: Blaziken|Blaziken, F, shiny|41/100
|turn|18
|
|t:|1757872198
|switch|p1a: Corviknight|Corviknight, F|100/100
|-damage|p1a: Corviknight|88/100|[from] Stealth Rock
|-ability|p1a: Corviknight|Pressure
|move|p2a: Blaziken|Close Combat|p1a: Corviknight
|-damage|p1a: Corviknight|33/100
|-unboost|p2a: Blaziken|def|1
|-unboost|p2a: Blaziken|spd|1
|-damage|p2a: Blaziken|31/100|[from] item: Life Orb
|
|-heal|p1a: Corviknight|40/100|[from] item: Leftovers
|-ability|p2a: Blaziken|Speed Boost|boost
|-boost|p2a: Blaziken|spe|1
|upkeep
|turn|19
|
|t:|1757872207
|move|p2a: Blaziken|Close Combat|p1a: Corviknight
|-damage|p1a: Corviknight|0 fnt
|-unboost|p2a: Blaziken|def|1
|-unboost|p2a: Blaziken|spd|1
|faint|p1a: Corviknight
|-damage|p2a: Blaziken|21/100|[from] item: Life Orb
|
|-ability|p2a: Blaziken|Speed Boost|boost
|-boost|p2a: Blaziken|spe|1
|upkeep
|
|t:|1757872213
|switch|p1a: Cinderace|Cinderace, F|100/100
|turn|20
|
|t:|1757872216
|move|p2a: Blaziken|Close Combat|p1a: Cinderace
|-damage|p1a: Cinderace|0 fnt
|-unboost|p2a: Blaziken|def|1
|-unboost|p2a: Blaziken|spd|1
|faint|p1a: Cinderace
|-damage|p2a: Blaziken|11/100|[from] item: Life Orb
|
|-ability|p2a: Blaziken|Speed Boost|boost
|-boost|p2a: Blaziken|spe|1
|upkeep
|
|t:|1757872220
|switch|p1a: Greninja|Greninja, M|100/100
|-damage|p1a: Greninja|88/100|[from] Stealth Rock
|turn|21
|
|t:|1757872223
|switch|p2a: Ogerpon|Ogerpon-Wellspring, F|100/100
|move|p1a: Greninja|Water Shuriken|p2a: Ogerpon
|-start|p1a: Greninja|typechange|Water|[from] ability: Protean
|-immune|p2a: Ogerpon|[from] ability: Water Absorb
|
|upkeep
|turn|22
|
|t:|1757872230
|switch|p1a: Sinistcha|Sinistcha, tera:Dark|72/100
|-damage|p1a: Sinistcha|59/100|[from] Stealth Rock
|move|p2a: Ogerpon|Power Whip|p1a: Sinistcha
|-damage|p1a: Sinistcha|7/100
|
|-heal|p1a: Sinistcha|13/100|[from] item: Leftovers
|upkeep
|turn|23
|-message|ILFangzor forfeited.
|
|win|ronnie07
|raw|ILFangzor's rating: 1437 &rarr; <strong>1419</strong><br />(-18 for losing)
|raw|ronnie07's rating: 1469 &rarr; <strong>1487</strong><br />(+18 for winning)
|l|☆ILFangzor
|player|p1|
