|j|☆iheartgalvantula
|j|☆Joke ze Joke
|t:|1757867541
|gametype|singles
|player|p1|iheartgalvantula|unknown|1405
|player|p2|Joke ze Joke|2|1399
|gen|9
|tier|[Gen 9] OU
|rated|
|rule|HP Percentage Mod: HP is shown in percentages
|rule|Endless Battle Clause: Forcing endless battles is banned
|rule|Species Clause: Limit one of each Pokémon
|rule|OHKO Clause: OHKO moves are banned
|rule|Evasion Items Clause: Evasion items are banned
|rule|Evasion Moves Clause: Evasion moves are banned
|rule|Evasion Abilities Clause: Evasion abilities are banned
|rule|Sleep Moves Clause: Sleep-inducing moves are banned
|clearpoke
|poke|p1|Uxie|
|poke|p1|Indeedee, M|
|poke|p1|Haxorus, F|
|poke|p1|Deoxys-Speed|
|poke|p1|Great Tusk|
|poke|p1|Gholdengo|
|poke|p2|Dragapult, M|
|poke|p2|Walking Wake|
|poke|p2|Gholdengo|
|poke|p2|Zamazenta-*|
|poke|p2|Landorus-Therian, M|
|poke|p2|Iron Moth|
|teampreview
|inactive|Battle timer is ON: inactive players will automatically lose when time's up. (requested by iheartgalvantula)
|
|t:|1757867559
|teamsize|p1|6
|teamsize|p2|6
|start
|switch|p1a: Uxie|Uxie|100/100
|switch|p2a: Landorus|Landorus-Therian, M|100/100
|-ability|p2a: Landorus|Intimidate|boost
|-unboost|p1a: Uxie|atk|1
|turn|1
|
|t:|1757867566
|move|p2a: Landorus|Taunt|p1a: Uxie
|-start|p1a: Uxie|move: Taunt
|cant|p1a: Uxie|move: Taunt|Magic Room
|
|upkeep
|turn|2
|
|t:|1757867571
|move|p2a: Landorus|Stealth Rock|p1a: Uxie
|-sidestart|p1: iheartgalvantula|move: Stealth Rock
|move|p1a: Uxie|U-turn|p2a: Landorus
|-resisted|p2a: Landorus
|-damage|p2a: Landorus|97/100
|-damage|p1a: Uxie|84/100|[from] item: Rocky Helmet|[of] p2a: Landorus
|
|t:|1757867573
|switch|p1a: Indeedee|Indeedee, M|100/100|[from] U-turn
|-damage|p1a: Indeedee|88/100|[from] Stealth Rock
|-fieldstart|move: Psychic Terrain|[from] ability: Psychic Surge|[of] p1a: Indeedee
|
|upkeep
|turn|3
|
|t:|1757867587
|move|p2a: Landorus|U-turn|p1a: Indeedee
|-supereffective|p1a: Indeedee
|-damage|p1a: Indeedee|15/100
|
|t:|1757867596
|switch|p2a: Gholdengo|Gholdengo|100/100|[from] U-turn
|-item|p2a: Gholdengo|Air Balloon
|move|p1a: Indeedee|Expanding Force|p2a: Gholdengo
|-resisted|p2a: Gholdengo
|-damage|p2a: Gholdengo|68/100
|-enditem|p2a: Gholdengo|Air Balloon
|
|upkeep
|turn|4
|
|t:|1757867601
|move|p1a: Indeedee|Healing Wish|p1a: Indeedee
|faint|p1a: Indeedee
|move|p2a: Gholdengo|Make It Rain|p1: Indeedee|[notarget]
|-fail|p2a: Gholdengo
|
|upkeep
|
|t:|1757867607
|switch|p1a: Uxie|Uxie|84/100
|-heal|p1a: Uxie|100/100|[from] move: Healing Wish
|turn|5
|
|t:|1757867616
|move|p2a: Gholdengo|Nasty Plot|p2a: Gholdengo
|-boost|p2a: Gholdengo|spa|2
|move|p1a: Uxie|Magic Room|p1a: Uxie
|-fieldstart|move: Magic Room|[of] p1a: Uxie
|
|upkeep
|turn|6
|
|t:|1757867627
|move|p2a: Gholdengo|Psyshock|p1a: Uxie
|-resisted|p1a: Uxie
|-damage|p1a: Uxie|73/100
|move|p1a: Uxie|U-turn|p2a: Gholdengo
|-resisted|p2a: Gholdengo
|-damage|p2a: Gholdengo|64/100
|
|t:|1757867639
|switch|p1a: Haxorus|Haxorus, F|100/100|[from] U-turn
|-damage|p1a: Haxorus|88/100|[from] Stealth Rock
|-ability|p1a: Haxorus|Mold Breaker
|
|upkeep
|turn|7
|
|t:|1757867644
|move|p1a: Haxorus|Earthquake|p2a: Gholdengo
|-supereffective|p2a: Gholdengo
|-damage|p2a: Gholdengo|0 fnt
|faint|p2a: Gholdengo
|
|upkeep
|
|t:|1757867652
|switch|p2a: Landorus|Landorus-Therian, M|97/100
|-ability|p2a: Landorus|Intimidate|boost
|-unboost|p1a: Haxorus|atk|1
|turn|8
|
|t:|1757867678
|move|p2a: Landorus|Earthquake|p1a: Haxorus
|-damage|p1a: Haxorus|31/100
|move|p1a: Haxorus|Dragon Dance|p1a: Haxorus
|-boost|p1a: Haxorus|atk|1
|-boost|p1a: Haxorus|spe|1
|
|upkeep
|turn|9
|
|t:|1757867690
|move|p1a: Haxorus|Outrage|p2a: Landorus
|-damage|p2a: Landorus|27/100
|move|p2a: Landorus|Earthquake|p1a: Haxorus
|-damage|p1a: Haxorus|0 fnt
|faint|p1a: Haxorus
|
|-fieldend|move: Magic Room|[of] p1: Uxie
|-fieldend|move: Psychic Terrain
|upkeep
|
|t:|1757867703
|switch|p1a: Deoxys|Deoxys-Speed|100/100
|-damage|p1a: Deoxys|88/100|[from] Stealth Rock
|-ability|p1a: Deoxys|Pressure
|turn|10
|
|t:|1757867710
|move|p1a: Deoxys|Expanding Force|p2a: Landorus
|-damage|p2a: Landorus|0 fnt
|faint|p2a: Landorus
|
|upkeep
|
|t:|1757867729
|switch|p2a: Walking Wake|Walking Wake|100/100
|turn|11
|
|t:|1757867738
|move|p2a: Walking Wake|Surf|p1a: Deoxys
|-crit|p1a: Deoxys
|-damage|p1a: Deoxys|0 fnt
|faint|p1a: Deoxys
|
|upkeep
|
|t:|1757867741
|switch|p1a: Great Tusk|Great Tusk|100/100
|-damage|p1a: Great Tusk|98/100|[from] Stealth Rock
|turn|12
|
|t:|1757867745
|-terastallize|p1a: Great Tusk|Water
|move|p2a: Walking Wake|Surf|p1a: Great Tusk
|-resisted|p1a: Great Tusk
|-damage|p1a: Great Tusk|83/100
|move|p1a: Great Tusk|Rapid Spin|p2a: Walking Wake
|-damage|p2a: Walking Wake|85/100
|-boost|p1a: Great Tusk|spe|1
|-sideend|p1: iheartgalvantula|Stealth Rock|[from] move: Rapid Spin|[of] p1a: Great Tusk
|
|upkeep
|turn|13
|
|t:|1757867762
|-end|p2a: Walking Wake|Protosynthesis|[silent]
|switch|p2a: Zamazenta|Zamazenta|100/100
|-ability|p2a: Zamazenta|Dauntless Shield|boost
|-boost|p2a: Zamazenta|def|1
|move|p1a: Great Tusk|Rapid Spin|p2a: Zamazenta
|-damage|p2a: Zamazenta|91/100
|-boost|p1a: Great Tusk|spe|1
|
|upkeep
|turn|14
|
|t:|1757867774
|move|p1a: Great Tusk|Earthquake|p2a: Zamazenta
|-damage|p2a: Zamazenta|62/100
|move|p2a: Zamazenta|Crunch|p1a: Great Tusk
|-damage|p1a: Great Tusk|61/100
|-damage|p2a: Zamazenta|52/100|[from] item: Life Orb
|
|upkeep
|turn|15
|
|t:|1757867779
|move|p1a: Great Tusk|Earthquake|p2a: Zamazenta
|-damage|p2a: Zamazenta|26/100
|move|p2a: Zamazenta|Close Combat|p1a: Great Tusk
|-damage|p1a: Great Tusk|15/100
|-unboost|p2a: Zamazenta|def|1
|-unboost|p2a: Zamazenta|spd|1
|-damage|p2a: Zamazenta|16/100|[from] item: Life Orb
|
|upkeep
|turn|16
|
|t:|1757867794
|move|p1a: Great Tusk|Earthquake|p2a: Zamazenta
|-damage|p2a: Zamazenta|0 fnt
|faint|p2a: Zamazenta
|
|upkeep
|
|t:|1757867808
|switch|p2a: Walking Wake|Walking Wake|85/100
|turn|17
|
|t:|1757867811
|move|p2a: Walking Wake|Surf|p1a: Great Tusk
|-resisted|p1a: Great Tusk
|-damage|p1a: Great Tusk|1/100
|move|p1a: Great Tusk|Earthquake|p2a: Walking Wake
|-damage|p2a: Walking Wake|40/100
|
|upkeep
|turn|18
|
|t:|1757867818
|move|p2a: Walking Wake|Surf|p1a: Great Tusk
|-resisted|p1a: Great Tusk
|-damage|p1a: Great Tusk|0 fnt
|faint|p1a: Great Tusk
|-end|p1a: Great Tusk|Protosynthesis|[silent]
|
|upkeep
|
|t:|1757867819
|switch|p1a: Uxie|Uxie|73/100
|turn|19
|
|t:|1757867828
|move|p2a: Walking Wake|Surf|p1a: Uxie
|-damage|p1a: Uxie|33/100
|move|p1a: Uxie|Expanding Force|p2a: Walking Wake
|-damage|p2a: Walking Wake|13/100
|
|upkeep
|turn|20
|
|t:|1757867832
|move|p2a: Walking Wake|Surf|p1a: Uxie
|-damage|p1a: Uxie|0 fnt
|faint|p1a: Uxie
|
|upkeep
|
|t:|1757867834
|switch|p1a: Gholdengo|Gholdengo|100/100
|turn|21
|
|t:|1757867838
|move|p2a: Walking Wake|Surf|p1a: Gholdengo
|-damage|p1a: Gholdengo|41/100
|move|p1a: Gholdengo|Shadow Ball|p2a: Walking Wake
|-damage|p2a: Walking Wake|0 fnt
|faint|p2a: Walking Wake
|-end|p2a: Walking Wake|Protosynthesis|[silent]
|
|upkeep
|
|t:|1757867842
|switch|p2a: Iron Moth|Iron Moth|100/100
|-enditem|p2a: Iron Moth|Booster Energy
|-activate|p2a: Iron Moth|ability: Quark Drive|[fromitem]
|-start|p2a: Iron Moth|quarkdrivespe
|turn|22
|
|t:|1757867844
|move|p2a: Iron Moth|Fiery Dance|p1a: Gholdengo
|-supereffective|p1a: Gholdengo
|-damage|p1a: Gholdengo|0 fnt
|-boost|p2a: Iron Moth|spa|1
|faint|p1a: Gholdengo
|
|win|Joke ze Joke
|raw|iheartgalvantula's rating: 1405 &rarr; <strong>1385</strong><br />(-20 for losing)
|raw|Joke ze Joke's rating: 1399 &rarr; <strong>1419</strong><br />(+20 for winning)
|l|☆iheartgalvantula
|player|p1|
|l|☆Joke ze Joke
|player|p2|
