|j|☆iyasih
|j|☆FEFE200000008
|t:|1757786806
|gametype|singles
|player|p1|iyasih|266|1336
|player|p2|FEFE200000008|2|1290
|gen|9
|tier|[Gen 9] OU
|rated|
|rule|HP Percentage Mod: HP is shown in percentages
|rule|Endless Battle Clause: Forcing endless battles is banned
|rule|Species Clause: Limit one of each Pokémon
|rule|OHKO Clause: OHKO moves are banned
|rule|Evasion Items Clause: Evasion items are banned
|rule|Evasion Moves Clause: Evasion moves are banned
|rule|Evasion Abilities Clause: Evasion abilities are banned
|rule|Sleep Moves Clause: Sleep-inducing moves are banned
|clearpoke
|poke|p1|Comfey, M|
|poke|p1|Victreebel, F|
|poke|p1|Darkrai|
|poke|p1|Alomomola, M|
|poke|p1|Dragonite, F|
|poke|p1|Torkoal, F|
|poke|p2|Blaziken, M|
|poke|p2|Garchomp, F|
|poke|p2|Corviknight, M|
|poke|p2|Primarina, M|
|poke|p2|Slowking-Galar, M|
|poke|p2|Darkrai|
|teampreview
|
|t:|1757786847
|teamsize|p1|6
|teamsize|p2|6
|start
|switch|p1a: Alomomola|Alomomola, M|100/100
|switch|p2a: Darkrai|Darkrai|100/100
|turn|1
|inactive|Battle timer is ON: inactive players will automatically lose when time's up. (requested by iyasih)
|
|t:|1757786858
|move|p2a: Darkrai|Dark Pulse|p1a: Alomomola
|-crit|p1a: Alomomola
|-damage|p1a: Alomomola|48/100
|cant|p1a: Alomomola|flinch
|
|upkeep
|turn|2
|
|t:|1757786873
|switch|p1a: Comfey|Comfey, M|100/100
|move|p2a: Darkrai|Taunt|p1a: Comfey
|-start|p1a: Comfey|move: Taunt
|
|upkeep
|turn|3
|
|t:|1757786880
|switch|p2a: Slowking|Slowking-Galar, M|100/100
|move|p1a: Comfey|Draining Kiss|p2a: Slowking
|-resisted|p2a: Slowking
|-damage|p2a: Slowking|95/100
|
|-heal|p2a: Slowking|100/100|[from] item: Leftovers
|upkeep
|turn|4
|
|t:|1757786891
|switch|p1a: Torkoal|Torkoal, F|100/100
|-weather|SunnyDay|[from] ability: Drought|[of] p1a: Torkoal
|-prepare|p2a: Slowking|Chilly Reception|[premajor]
|move|p2a: Slowking|Chilly Reception|p2a: Slowking
|-weather|Snowscape
|
|t:|1757786899
|switch|p2a: Blaziken|Blaziken, M|100/100|[from] Chilly Reception
|
|-weather|Snowscape|[upkeep]
|upkeep
|turn|5
|
|t:|1757786908
|switch|p1a: Alomomola|Alomomola, M|81/100
|move|p2a: Blaziken|Swords Dance|p2a: Blaziken
|-boost|p2a: Blaziken|atk|2
|
|-weather|Snowscape|[upkeep]
|-ability|p2a: Blaziken|Speed Boost|boost
|-boost|p2a: Blaziken|spe|1
|upkeep
|turn|6
|
|t:|1757786918
|move|p2a: Blaziken|Swords Dance|p2a: Blaziken
|-boost|p2a: Blaziken|atk|2
|move|p1a: Alomomola|Flip Turn|p2a: Blaziken
|-supereffective|p2a: Blaziken
|-damage|p2a: Blaziken|33/100
|
|t:|1757786928
|switch|p1a: Dragonite|Dragonite, F|100/100|[from] Flip Turn
|
|-weather|Snowscape|[upkeep]
|-ability|p2a: Blaziken|Speed Boost|boost
|-boost|p2a: Blaziken|spe|1
|upkeep
|turn|7
|
|t:|1757786935
|move|p1a: Dragonite|Extreme Speed|p2a: Blaziken
|-damage|p2a: Blaziken|0 fnt
|faint|p2a: Blaziken
|
|-weather|Snowscape|[upkeep]
|upkeep
|
|t:|1757786941
|switch|p2a: Primarina|Primarina, M|100/100
|turn|8
|
|t:|1757786955
|switch|p1a: Victreebel|Victreebel, F|100/100
|move|p2a: Primarina|Ice Beam|p1a: Victreebel
|-supereffective|p1a: Victreebel
|-damage|p1a: Victreebel|29/100
|
|-weather|none
|upkeep
|turn|9
|
|t:|1757786964
|switch|p2a: Corviknight|Corviknight, M|100/100
|move|p1a: Victreebel|Giga Drain|p2a: Corviknight
|-resisted|p2a: Corviknight
|-damage|p2a: Corviknight|94/100
|-heal|p1a: Victreebel|33/100|[from] drain|[of] p2a: Corviknight
|
|-heal|p2a: Corviknight|100/100|[from] item: Leftovers
|upkeep
|turn|10
|
|t:|1757786977
|switch|p1a: Torkoal|Torkoal, F|100/100
|-weather|SunnyDay|[from] ability: Drought|[of] p1a: Torkoal
|move|p2a: Corviknight|U-turn|p1a: Torkoal
|-resisted|p1a: Torkoal
|-damage|p1a: Torkoal|96/100
|
|t:|1757786987
|switch|p2a: Slowking|Slowking-Galar, M|100/100|[from] U-turn
|
|-weather|SunnyDay|[upkeep]
|upkeep
|turn|11
|
|t:|1757786993
|move|p2a: Slowking|Toxic|p1a: Torkoal
|-status|p1a: Torkoal|tox
|move|p1a: Torkoal|Stealth Rock|p2a: Slowking
|-sidestart|p2: FEFE200000008|move: Stealth Rock
|
|-weather|SunnyDay|[upkeep]
|-damage|p1a: Torkoal|89/100 tox|[from] psn
|upkeep
|turn|12
|
|t:|1757787001
|-prepare|p2a: Slowking|Chilly Reception|[premajor]
|move|p2a: Slowking|Chilly Reception|p2a: Slowking
|-weather|Snowscape
|
|t:|1757787005
|switch|p2a: Garchomp|Garchomp, F|100/100|[from] Chilly Reception
|-damage|p2a: Garchomp|94/100|[from] Stealth Rock
|move|p1a: Torkoal|Lava Plume|p2a: Garchomp
|-resisted|p2a: Garchomp
|-damage|p2a: Garchomp|80/100
|-status|p2a: Garchomp|brn
|
|-weather|Snowscape|[upkeep]
|-damage|p1a: Torkoal|77/100 tox|[from] psn
|-damage|p2a: Garchomp|74/100 brn|[from] brn
|upkeep
|turn|13
|
|t:|1757787023
|switch|p1a: Darkrai|Darkrai|100/100
|move|p2a: Garchomp|Earthquake|p1a: Darkrai
|-crit|p1a: Darkrai
|-damage|p1a: Darkrai|53/100
|
|-weather|Snowscape|[upkeep]
|-damage|p2a: Garchomp|68/100 brn|[from] brn
|upkeep
|turn|14
|
|t:|1757787036
|move|p2a: Garchomp|Earthquake|p1a: Darkrai
|-damage|p1a: Darkrai|20/100
|move|p1a: Darkrai|Ice Beam|p2a: Garchomp
|-supereffective|p2a: Garchomp
|-damage|p2a: Garchomp|0 fnt
|faint|p2a: Garchomp
|
|-weather|Snowscape|[upkeep]
|upkeep
|
|t:|1757787047
|switch|p2a: Corviknight|Corviknight, M|100/100
|-damage|p2a: Corviknight|88/100|[from] Stealth Rock
|turn|15
|
|t:|1757787059
|move|p1a: Darkrai|Dark Pulse|p2a: Corviknight
|-damage|p2a: Corviknight|43/100
|move|p2a: Corviknight|U-turn|p1a: Darkrai
|-supereffective|p1a: Darkrai
|-damage|p1a: Darkrai|0 fnt
|faint|p1a: Darkrai
|
|t:|1757787067
|switch|p2a: Primarina|Primarina, M|100/100|[from] U-turn
|-damage|p2a: Primarina|88/100|[from] Stealth Rock
|
|-weather|Snowscape|[upkeep]
|upkeep
|
|t:|1757787080
|switch|p1a: Comfey|Comfey, M|100/100
|turn|16
|
|t:|1757787086
|move|p1a: Comfey|Leech Seed|p2a: Primarina
|-start|p2a: Primarina|move: Leech Seed
|move|p2a: Primarina|Flip Turn|p1a: Comfey
|-damage|p1a: Comfey|83/100
|
|t:|1757787090
|switch|p2a: Slowking|Slowking-Galar, M|100/100|[from] Flip Turn
|-damage|p2a: Slowking|88/100|[from] Stealth Rock
|
|-weather|none
|-heal|p1a: Comfey|90/100|[from] item: Leftovers
|-heal|p2a: Slowking|94/100|[from] item: Leftovers
|upkeep
|turn|17
|
|t:|1757787101
|move|p1a: Comfey|Leech Seed|p2a: Slowking
|-start|p2a: Slowking|move: Leech Seed
|move|p2a: Slowking|Toxic|p1a: Comfey
|-status|p1a: Comfey|tox
|
|-heal|p1a: Comfey|96/100 tox|[from] item: Leftovers
|-heal|p2a: Slowking|99/100|[from] item: Leftovers
|-damage|p2a: Slowking|88/100|[from] Leech Seed|[of] p1a: Comfey
|-heal|p1a: Comfey|100/100 tox|[silent]
|-damage|p1a: Comfey|94/100 tox|[from] psn
|upkeep
|turn|18
|
|t:|1757787117
|switch|p1a: Dragonite|Dragonite, F|100/100
|move|p2a: Slowking|Psychic Noise|p1a: Dragonite
|-crit|p1a: Dragonite
|-damage|p1a: Dragonite|77/100
|-start|p1a: Dragonite|move: Heal Block
|
|-heal|p2a: Slowking|94/100|[from] item: Leftovers
|-damage|p2a: Slowking|81/100|[from] Leech Seed|[of] p1a: Dragonite
|upkeep
|turn|19
|
|t:|1757787128
|move|p1a: Dragonite|Dragon Dance|p1a: Dragonite
|-boost|p1a: Dragonite|atk|1
|-boost|p1a: Dragonite|spe|1
|move|p2a: Slowking|Toxic|p1a: Dragonite
|-status|p1a: Dragonite|tox
|
|-heal|p2a: Slowking|88/100|[from] item: Leftovers
|-damage|p2a: Slowking|75/100|[from] Leech Seed|[of] p1a: Dragonite
|-damage|p1a: Dragonite|71/100 tox|[from] psn
|-end|p1a: Dragonite|move: Heal Block
|upkeep
|turn|20
|
|t:|1757787140
|move|p1a: Dragonite|Earthquake|p2a: Slowking
|-supereffective|p2a: Slowking
|-damage|p2a: Slowking|0 fnt
|faint|p2a: Slowking
|
|-heal|p1a: Dragonite|77/100 tox|[from] item: Leftovers
|-damage|p1a: Dragonite|65/100 tox|[from] psn
|upkeep
|
|t:|1757787148
|switch|p2a: Corviknight|Corviknight, M|43/100
|-damage|p2a: Corviknight|30/100|[from] Stealth Rock
|turn|21
|
|t:|1757787155
|move|p1a: Dragonite|Fire Punch|p2a: Corviknight
|-supereffective|p2a: Corviknight
|-damage|p2a: Corviknight|0 fnt
|faint|p2a: Corviknight
|
|-heal|p1a: Dragonite|71/100 tox|[from] item: Leftovers
|-damage|p1a: Dragonite|52/100 tox|[from] psn
|upkeep
|
|t:|1757787163
|switch|p2a: Primarina|Primarina, M|88/100
|-damage|p2a: Primarina|76/100|[from] Stealth Rock
|turn|22
|
|t:|1757787175
|-terastallize|p1a: Dragonite|Fire
|move|p1a: Dragonite|Earthquake|p2a: Primarina
|-damage|p2a: Primarina|14/100
|move|p2a: Primarina|Moonblast|p1a: Dragonite
|-resisted|p1a: Dragonite
|-damage|p1a: Dragonite|22/100 tox
|
|-heal|p1a: Dragonite|29/100 tox|[from] item: Leftovers
|-damage|p1a: Dragonite|4/100 tox|[from] psn
|upkeep
|turn|23
|-message|FEFE200000008 forfeited.
|
|win|iyasih
|raw|iyasih's rating: 1336 &rarr; <strong>1353</strong><br />(+17 for winning)
|raw|FEFE200000008's rating: 1290 &rarr; <strong>1268</strong><br />(-22 for losing)
|l|☆FEFE200000008
|player|p2|
|l|☆iyasih
|player|p1|
