|j|☆Beans60
|j|☆LousiV
|t:|1757887337
|gametype|singles
|player|p1|Beans60|170|1151
|player|p2|LousiV|102|1171
|gen|9
|tier|[Gen 9] OU
|rated|
|rule|HP Percentage Mod: HP is shown in percentages
|rule|Endless Battle Clause: Forcing endless battles is banned
|rule|Species Clause: Limit one of each Pokémon
|rule|OHKO Clause: OHKO moves are banned
|rule|Evasion Items Clause: Evasion items are banned
|rule|Evasion Moves Clause: Evasion moves are banned
|rule|Evasion Abilities Clause: Evasion abilities are banned
|rule|Sleep Moves Clause: Sleep-inducing moves are banned
|clearpoke
|poke|p1|Malamar, M|
|poke|p1|Enamorus, F|
|poke|p1|Quaquaval, F|
|poke|p1|Ogerpon-Cornerstone, F|
|poke|p1|Skeledirge, M|
|poke|p1|Metagross|
|poke|p2|Quagsire, M|
|poke|p2|Hariyama, M|
|poke|p2|Ambipom, F|
|poke|p2|Muk-Alola, M|
|poke|p2|Talonflame, F|
|poke|p2|Cryogonal|
|teampreview
|inactive|Battle timer is ON: inactive players will automatically lose when time's up. (requested by LousiV)
|
|t:|1757887344
|teamsize|p1|6
|teamsize|p2|6
|start
|switch|p1a: Quaquaval|Quaquaval, F|100/100
|switch|p2a: Hariyama|Hariyama, M|100/100
|turn|1
|
|t:|1757887351
|move|p1a: Quaquaval|Flip Turn|p2a: Hariyama
|-damage|p2a: Hariyama|70/100
|
|t:|1757887355
|switch|p1a: Metagross|Metagross|100/100|[from] Flip Turn
|move|p2a: Hariyama|Drain Punch|p1a: Metagross
|-damage|p1a: Metagross|71/100
|-heal|p2a: Hariyama|81/100|[from] drain|[of] p1a: Metagross
|
|-status|p2a: Hariyama|brn|[from] item: Flame Orb
|upkeep
|turn|2
|
|t:|1757887365
|move|p1a: Metagross|Psychic|p2a: Hariyama
|-supereffective|p2a: Hariyama
|-damage|p2a: Hariyama|17/100 brn
|move|p2a: Hariyama|Headlong Rush|p1a: Metagross
|-supereffective|p1a: Metagross
|-damage|p1a: Metagross|0 fnt
|-unboost|p2a: Hariyama|def|1
|-unboost|p2a: Hariyama|spd|1
|faint|p1a: Metagross
|
|-damage|p2a: Hariyama|11/100 brn|[from] brn
|upkeep
|
|t:|1757887378
|switch|p1a: Malamar|Malamar, M|100/100
|turn|3
|
|t:|1757887381
|move|p1a: Malamar|Foul Play|p2a: Hariyama
|-resisted|p2a: Hariyama
|-damage|p2a: Hariyama|0 fnt
|faint|p2a: Hariyama
|
|upkeep
|
|t:|1757887388
|switch|p2a: Quagsire|Quagsire, M|100/100
|turn|4
|
|t:|1757887395
|move|p1a: Malamar|Superpower|p2a: Quagsire
|-damage|p2a: Quagsire|77/100
|-boost|p1a: Malamar|atk|1
|-boost|p1a: Malamar|def|1
|move|p2a: Quagsire|Toxic|p1a: Malamar
|-status|p1a: Malamar|tox
|
|-heal|p2a: Quagsire|83/100|[from] item: Leftovers
|-damage|p1a: Malamar|94/100 tox|[from] psn
|upkeep
|turn|5
|
|t:|1757887406
|move|p1a: Malamar|Psycho Cut|p2a: Quagsire
|-damage|p2a: Quagsire|62/100
|move|p2a: Quagsire|Counter|p1a: Malamar
|-damage|p1a: Malamar|50/100 tox
|
|-heal|p2a: Quagsire|68/100|[from] item: Leftovers
|-damage|p1a: Malamar|37/100 tox|[from] psn
|upkeep
|turn|6
|
|t:|1757887418
|switch|p1a: Quaquaval|Quaquaval, F|100/100
|move|p2a: Quagsire|Recover|p2a: Quagsire
|-heal|p2a: Quagsire|100/100
|
|upkeep
|turn|7
|
|t:|1757887421
|move|p1a: Quaquaval|Aqua Step|p2a: Quagsire
|-damage|p2a: Quagsire|72/100
|-boost|p1a: Quaquaval|spe|1
|move|p2a: Quagsire|Counter|p1a: Quaquaval
|-damage|p1a: Quaquaval|28/100
|
|-heal|p2a: Quagsire|78/100|[from] item: Leftovers
|upkeep
|turn|8
|
|t:|1757887425
|move|p1a: Quaquaval|Brick Break|p2a: Quagsire
|-damage|p2a: Quagsire|54/100
|move|p2a: Quagsire|Counter|p1a: Quaquaval
|-damage|p1a: Quaquaval|0 fnt
|faint|p1a: Quaquaval
|
|-heal|p2a: Quagsire|60/100|[from] item: Leftovers
|upkeep
|
|t:|1757887429
|switch|p1a: Enamorus|Enamorus, F|100/100
|turn|9
|
|t:|1757887432
|switch|p2a: Muk|Muk-Alola, M|100/100
|-terastallize|p1a: Enamorus|Stellar
|move|p1a: Enamorus|Tera Blast|p2a: Muk|[anim] Tera Blast Stellar
|-damage|p2a: Muk|75/100
|-boost|p1a: Enamorus|atk|1
|-boost|p1a: Enamorus|spa|1
|
|upkeep
|turn|10
|
|t:|1757887445
|move|p1a: Enamorus|Springtide Storm|p2a: Muk
|-damage|p2a: Muk|14/100
|move|p2a: Muk|Gunk Shot|p1a: Enamorus
|-supereffective|p1a: Enamorus
|-damage|p1a: Enamorus|0 fnt
|faint|p1a: Enamorus
|
|upkeep
|
|t:|1757887455
|switch|p1a: Skeledirge|Skeledirge, M|100/100
|-item|p1a: Skeledirge|Air Balloon
|turn|11
|
|t:|1757887458
|move|p1a: Skeledirge|Hyper Voice|p2a: Muk
|-damage|p2a: Muk|0 fnt
|faint|p2a: Muk
|
|upkeep
|
|t:|1757887468
|switch|p2a: Ambipom|Ambipom, F|100/100
|turn|12
|
|t:|1757887475
|move|p2a: Ambipom|Knock Off|p1a: Skeledirge
|-supereffective|p1a: Skeledirge
|-damage|p1a: Skeledirge|55/100
|-enditem|p1a: Skeledirge|Air Balloon
|move|p1a: Skeledirge|Torch Song|p2a: Ambipom
|-damage|p2a: Ambipom|38/100
|-boost|p1a: Skeledirge|spa|1
|
|upkeep
|turn|13
|
|t:|1757887483
|move|p2a: Ambipom|U-turn|p1a: Skeledirge
|-resisted|p1a: Skeledirge
|-damage|p1a: Skeledirge|51/100
|
|t:|1757887485
|switch|p2a: Quagsire|Quagsire, M|60/100|[from] U-turn
|move|p1a: Skeledirge|Torch Song|p2a: Quagsire
|-resisted|p2a: Quagsire
|-damage|p2a: Quagsire|33/100
|-boost|p1a: Skeledirge|spa|1
|
|-heal|p2a: Quagsire|39/100|[from] item: Leftovers
|upkeep
|turn|14
|
|t:|1757887500
|move|p1a: Skeledirge|Hyper Voice|p2a: Quagsire
|-damage|p2a: Quagsire|3/100
|move|p2a: Quagsire|Recover|p2a: Quagsire
|-heal|p2a: Quagsire|53/100
|
|-heal|p2a: Quagsire|59/100|[from] item: Leftovers
|upkeep
|turn|15
|
|t:|1757887509
|move|p1a: Skeledirge|Torch Song|p2a: Quagsire
|-resisted|p2a: Quagsire
|-damage|p2a: Quagsire|34/100
|-boost|p1a: Skeledirge|spa|1
|move|p2a: Quagsire|Recover|p2a: Quagsire
|-heal|p2a: Quagsire|84/100
|
|-heal|p2a: Quagsire|90/100|[from] item: Leftovers
|upkeep
|turn|16
|
|t:|1757887520
|move|p1a: Skeledirge|Torch Song|p2a: Quagsire
|-resisted|p2a: Quagsire
|-damage|p2a: Quagsire|66/100
|-boost|p1a: Skeledirge|spa|1
|move|p2a: Quagsire|Toxic|p1a: Skeledirge
|-status|p1a: Skeledirge|tox
|
|-heal|p2a: Quagsire|72/100|[from] item: Leftovers
|-damage|p1a: Skeledirge|45/100 tox|[from] psn
|upkeep
|turn|17
|
|t:|1757887524
|move|p1a: Skeledirge|Hyper Voice|p2a: Quagsire
|-damage|p2a: Quagsire|35/100
|move|p2a: Quagsire|Earthquake|p1a: Skeledirge
|-supereffective|p1a: Skeledirge
|-damage|p1a: Skeledirge|0 fnt
|faint|p1a: Skeledirge
|
|-heal|p2a: Quagsire|41/100|[from] item: Leftovers
|upkeep
|
|t:|1757887528
|switch|p1a: Ogerpon|Ogerpon-Cornerstone, F|100/100
|turn|18
|
|t:|1757887535
|move|p1a: Ogerpon|Trailblaze|p2a: Quagsire
|-supereffective|p2a: Quagsire
|-damage|p2a: Quagsire|0 fnt
|-boost|p1a: Ogerpon|spe|1
|faint|p2a: Quagsire
|
|upkeep
|
|t:|1757887539
|switch|p2a: Talonflame|Talonflame, F|100/100
|turn|19
|
|t:|1757887544
|-terastallize|p2a: Talonflame|Ghost
|move|p1a: Ogerpon|Ivy Cudgel|p2a: Talonflame|[anim] Ivy Cudgel Rock
|-damage|p2a: Talonflame|24/100
|move|p2a: Talonflame|Roost|p2a: Talonflame
|-heal|p2a: Talonflame|74/100
|
|upkeep
|turn|20
|
|t:|1757887552
|move|p1a: Ogerpon|Ivy Cudgel|p2a: Talonflame|[anim] Ivy Cudgel Rock
|-damage|p2a: Talonflame|0 fnt
|faint|p2a: Talonflame
|
|upkeep
|
|t:|1757887556
|switch|p2a: Ambipom|Ambipom, F|38/100
|turn|21
|
|t:|1757887560
|move|p2a: Ambipom|Fake Out|p1a: Ogerpon
|-resisted|p1a: Ogerpon
|-damage|p1a: Ogerpon|80/100
|cant|p1a: Ogerpon|flinch
|
|upkeep
|turn|22
|
|t:|1757887562
|move|p1a: Ogerpon|Ivy Cudgel|p2a: Ambipom|[anim] Ivy Cudgel Rock
|-damage|p2a: Ambipom|0 fnt
|faint|p2a: Ambipom
|
|upkeep
|-message|LousiV forfeited.
|
|win|Beans60
|raw|Beans60's rating: 1151 &rarr; <strong>1177</strong><br />(+26 for winning)
|raw|LousiV's rating: 1171 &rarr; <strong>1145</strong><br />(-26 for losing)
|l|☆LousiV
|player|p2|
