|j|☆ehiws
|j|☆Yesman247
|t:|1757902330
|gametype|singles
|player|p1|ehiws|gambler|1132
|player|p2|Yesman247|265|1127
|gen|9
|tier|[Gen 9] OU
|rated|
|rule|HP Percentage Mod: HP is shown in percentages
|rule|Endless Battle Clause: Forcing endless battles is banned
|rule|Species Clause: Limit one of each Pokémon
|rule|OHKO Clause: OHKO moves are banned
|rule|Evasion Items Clause: Evasion items are banned
|rule|Evasion Moves Clause: Evasion moves are banned
|rule|Evasion Abilities Clause: Evasion abilities are banned
|rule|Sleep Moves Clause: Sleep-inducing moves are banned
|clearpoke
|poke|p1|Cinderace, F|
|poke|p1|Pincurchin, F|
|poke|p1|Sceptile, F|
|poke|p1|Landorus-Therian, M|
|poke|p1|Azumarill, M|
|poke|p1|Raichu-Alola, M|
|poke|p2|Zamazenta-*|
|poke|p2|Corviknight, F|
|poke|p2|Alomomola, M|
|poke|p2|Tyranitar, F|
|poke|p2|Excadrill, M|
|poke|p2|Raging Bolt|
|teampreview
|inactive|Battle timer is ON: inactive players will automatically lose when time's up. (requested by Yesman247)
|
|t:|1757902358
|teamsize|p1|6
|teamsize|p2|6
|start
|switch|p1a: Pincurchin|Pincurchin, F|100/100
|switch|p2a: Alomomola|Alomomola, M|100/100
|-fieldstart|move: Electric Terrain|[from] ability: Electric Surge|[of] p1a: Pincurchin
|turn|1
|
|t:|1757902365
|move|p1a: Pincurchin|Thunderbolt|p2a: Alomomola
|-supereffective|p2a: Alomomola
|-damage|p2a: Alomomola|58/100
|move|p2a: Alomomola|Mirror Coat|p1a: Pincurchin
|-damage|p1a: Pincurchin|0 fnt
|faint|p1a: Pincurchin
|
|upkeep
|
|t:|1757902377
|switch|p1a: Raichu|Raichu-Alola, M|100/100
|turn|2
|
|t:|1757902386
|switch|p2a: Tyranitar|Tyranitar, F|100/100
|-weather|Sandstorm|[from] ability: Sand Stream|[of] p2a: Tyranitar
|move|p1a: Raichu|Surf|p2a: Tyranitar
|-supereffective|p2a: Tyranitar
|-damage|p2a: Tyranitar|53/100
|
|-weather|Sandstorm|[upkeep]
|-damage|p1a: Raichu|94/100|[from] Sandstorm
|upkeep
|turn|3
|
|t:|1757902404
|move|p1a: Raichu|Surf|p2a: Tyranitar
|-supereffective|p2a: Tyranitar
|-damage|p2a: Tyranitar|4/100
|move|p2a: Tyranitar|Knock Off|p1a: Raichu
|-supereffective|p1a: Raichu
|-damage|p1a: Raichu|0 fnt
|-enditem|p1a: Raichu|Choice Specs|[from] move: Knock Off|[of] p2a: Tyranitar
|faint|p1a: Raichu
|
|-weather|Sandstorm|[upkeep]
|upkeep
|
|t:|1757902413
|switch|p1a: Sceptile|Sceptile, F|100/100
|-enditem|p1a: Sceptile|Electric Seed
|-boost|p1a: Sceptile|def|1|[from] item: Electric Seed
|turn|4
|
|t:|1757902421
|switch|p2a: Corviknight|Corviknight, F|100/100
|-ability|p2a: Corviknight|Pressure
|move|p1a: Sceptile|Swords Dance|p1a: Sceptile
|-boost|p1a: Sceptile|atk|2
|
|-weather|Sandstorm|[upkeep]
|-damage|p1a: Sceptile|94/100|[from] Sandstorm
|upkeep
|turn|5
|
|t:|1757902431
|-terastallize|p1a: Sceptile|Electric
|move|p1a: Sceptile|Swords Dance|p1a: Sceptile
|-boost|p1a: Sceptile|atk|2
|move|p2a: Corviknight|Iron Defense|p2a: Corviknight
|-boost|p2a: Corviknight|def|2
|
|-weather|Sandstorm|[upkeep]
|-damage|p1a: Sceptile|88/100|[from] Sandstorm
|upkeep
|turn|6
|
|t:|1757902446
|-terastallize|p2a: Corviknight|Dragon
|move|p1a: Sceptile|Thunder Punch|p2a: Corviknight
|-resisted|p2a: Corviknight
|-damage|p2a: Corviknight|83/100
|-damage|p1a: Sceptile|72/100|[from] item: Rocky Helmet|[of] p2a: Corviknight
|move|p2a: Corviknight|Brave Bird|p1a: Sceptile
|-resisted|p1a: Sceptile
|-damage|p1a: Sceptile|51/100
|-damage|p2a: Corviknight|78/100|[from] Recoil
|
|-weather|none
|upkeep
|turn|7
|
|t:|1757902475
|switch|p2a: Tyranitar|Tyranitar, F|4/100
|-weather|Sandstorm|[from] ability: Sand Stream|[of] p2a: Tyranitar
|move|p1a: Sceptile|Earthquake|p2a: Tyranitar
|-supereffective|p2a: Tyranitar
|-crit|p2a: Tyranitar
|-damage|p2a: Tyranitar|0 fnt
|faint|p2a: Tyranitar
|
|-weather|Sandstorm|[upkeep]
|-damage|p1a: Sceptile|45/100|[from] Sandstorm
|upkeep
|inactive|Yesman247 has 120 seconds left.
|
|t:|1757902486
|switch|p2a: Excadrill|Excadrill, M|100/100
|-item|p2a: Excadrill|Air Balloon
|turn|8
|
|t:|1757902491
|move|p1a: Sceptile|Leaf Blade|p2a: Excadrill
|-damage|p2a: Excadrill|0 fnt
|-enditem|p2a: Excadrill|Air Balloon
|faint|p2a: Excadrill
|
|-weather|Sandstorm|[upkeep]
|-damage|p1a: Sceptile|39/100|[from] Sandstorm
|-fieldend|move: Electric Terrain
|upkeep
|inactive|Yesman247 has 120 seconds left.
|
|t:|1757902508
|switch|p2a: Zamazenta|Zamazenta|100/100
|-ability|p2a: Zamazenta|Dauntless Shield|boost
|-boost|p2a: Zamazenta|def|1
|turn|9
|
|t:|1757902514
|move|p1a: Sceptile|Leaf Blade|p2a: Zamazenta
|-damage|p2a: Zamazenta|27/100
|move|p2a: Zamazenta|Close Combat|p1a: Sceptile
|-damage|p1a: Sceptile|0 fnt
|-unboost|p2a: Zamazenta|def|1
|-unboost|p2a: Zamazenta|spd|1
|faint|p1a: Sceptile
|
|-weather|Sandstorm|[upkeep]
|-damage|p2a: Zamazenta|20/100|[from] Sandstorm
|-heal|p2a: Zamazenta|27/100|[from] item: Leftovers
|upkeep
|
|t:|1757902532
|switch|p1a: Landorus|Landorus-Therian, M|100/100
|-ability|p1a: Landorus|Intimidate|boost
|-unboost|p2a: Zamazenta|atk|1
|turn|10
|c|☆Yesman247|How was septilr faste than excadrill on samd?
|inactive|Yesman247 has 120 seconds left.
|c|☆ehiws|unburden
|c|☆Yesman247|Oh
|c|☆Yesman247|im a noob
|
|t:|1757902577
|switch|p2a: Corviknight|Corviknight, F, tera:Dragon|78/100
|-ability|p2a: Corviknight|Pressure
|move|p1a: Landorus|Earthquake|p2a: Corviknight
|-damage|p2a: Corviknight|45/100
|
|-weather|Sandstorm|[upkeep]
|-damage|p2a: Corviknight|39/100|[from] Sandstorm
|upkeep
|turn|11
|
|t:|1757902588
|move|p1a: Landorus|Earthquake|p2a: Corviknight
|-damage|p2a: Corviknight|6/100
|move|p2a: Corviknight|Roost|p2a: Corviknight
|-heal|p2a: Corviknight|56/100
|
|-weather|none
|upkeep
|turn|12
|
|t:|1757902599
|switch|p1a: Azumarill|Azumarill, M|100/100
|move|p2a: Corviknight|Roost|p2a: Corviknight
|-heal|p2a: Corviknight|100/100
|
|upkeep
|turn|13
|
|t:|1757902619
|move|p2a: Corviknight|Iron Defense|p2a: Corviknight
|-boost|p2a: Corviknight|def|2
|move|p1a: Azumarill|Play Rough|p2a: Corviknight
|-supereffective|p2a: Corviknight
|-damage|p2a: Corviknight|67/100
|-damage|p1a: Azumarill|84/100|[from] item: Rocky Helmet|[of] p2a: Corviknight
|
|upkeep
|turn|14
|
|t:|1757902628
|move|p2a: Corviknight|Iron Defense|p2a: Corviknight
|-boost|p2a: Corviknight|def|2
|move|p1a: Azumarill|Play Rough|p2a: Corviknight
|-supereffective|p2a: Corviknight
|-crit|p2a: Corviknight
|-damage|p2a: Corviknight|0 fnt
|-damage|p1a: Azumarill|67/100|[from] item: Rocky Helmet|[of] p2a: Corviknight
|faint|p2a: Corviknight
|
|upkeep
|
|t:|1757902646
|switch|p2a: Raging Bolt|Raging Bolt|100/100
|turn|15
|
|t:|1757902668
|move|p2a: Raging Bolt|Thunderbolt|p1a: Azumarill
|-supereffective|p1a: Azumarill
|-damage|p1a: Azumarill|0 fnt
|faint|p1a: Azumarill
|
|upkeep
|
|t:|1757902672
|switch|p1a: Landorus|Landorus-Therian, M|100/100
|-ability|p1a: Landorus|Intimidate|boost
|-unboost|p2a: Raging Bolt|atk|1
|turn|16
|
|t:|1757902684
|-end|p2a: Raging Bolt|Protosynthesis|[silent]
|switch|p2a: Alomomola|Alomomola, M|92/100
|move|p1a: Landorus|Earthquake|p2a: Alomomola
|-damage|p2a: Alomomola|53/100
|
|upkeep
|turn|17
|
|t:|1757902692
|move|p1a: Landorus|Earthquake|p2a: Alomomola
|-damage|p2a: Alomomola|12/100
|move|p2a: Alomomola|Flip Turn|p1a: Landorus
|-supereffective|p1a: Landorus
|-damage|p1a: Landorus|60/100
|
|t:|1757902705
|switch|p2a: Zamazenta|Zamazenta|27/100|[from] Flip Turn
|
|-heal|p2a: Zamazenta|33/100|[from] item: Leftovers
|upkeep
|turn|18
|
|t:|1757902712
|move|p1a: Landorus|Earthquake|p2a: Zamazenta
|-damage|p2a: Zamazenta|0 fnt
|faint|p2a: Zamazenta
|
|upkeep
|
|t:|1757902717
|switch|p2a: Raging Bolt|Raging Bolt|100/100
|turn|19
|
|t:|1757902720
|move|p1a: Landorus|Earthquake|p2a: Raging Bolt
|-supereffective|p2a: Raging Bolt
|-damage|p2a: Raging Bolt|0 fnt
|faint|p2a: Raging Bolt
|-end|p2a: Raging Bolt|Protosynthesis|[silent]
|
|upkeep
|-message|Yesman247 forfeited.
|
|win|ehiws
|raw|ehiws's rating: 1132 &rarr; <strong>1157</strong><br />(+25 for winning)
|raw|Yesman247's rating: 1127 &rarr; <strong>1102</strong><br />(-25 for losing)
|l|☆Yesman247
|player|p2|
|l|☆ehiws
|player|p1|
