|j|☆jxrx
|j|☆Shampoogini
|t:|1757961310
|gametype|singles
|player|p1|jxrx|norman|1313
|player|p2|Shampoogini|266|1324
|gen|9
|tier|[Gen 9] OU
|rated|
|rule|HP Percentage Mod: HP is shown in percentages
|rule|Endless Battle Clause: Forcing endless battles is banned
|rule|Species Clause: Limit one of each Pokémon
|rule|OHKO Clause: OHKO moves are banned
|rule|Evasion Items Clause: Evasion items are banned
|rule|Evasion Moves Clause: Evasion moves are banned
|rule|Evasion Abilities Clause: Evasion abilities are banned
|rule|Sleep Moves Clause: Sleep-inducing moves are banned
|clearpoke
|poke|p1|Sableye, M|
|poke|p1|Salazzle, F|
|poke|p1|Empoleon, M|
|poke|p1|Rillaboom, M|
|poke|p1|Ting-Lu|
|poke|p1|Great Tusk|
|poke|p2|Skeledirge, F|
|poke|p2|Clodsire, M|
|poke|p2|Dondozo, F|
|poke|p2|Serperior, F|
|poke|p2|Corviknight, F|
|poke|p2|Grimmsnarl, M|
|teampreview
|inactive|Battle timer is ON: inactive players will automatically lose when time's up. (requested by Shampoogini)
|inactive|jxrx has 120 seconds left.
|
|t:|1757961356
|teamsize|p1|6
|teamsize|p2|6
|start
|switch|p1a: Ting-Lu|Ting-Lu|100/100
|switch|p2a: Grimmsnarl|Grimmsnarl, M|100/100
|-ability|p1a: Ting-Lu|Vessel of Ruin
|turn|1
|
|t:|1757961360
|move|p2a: Grimmsnarl|Reflect|p2a: Grimmsnarl
|-sidestart|p2: Shampoogini|Reflect
|move|p1a: Ting-Lu|Stealth Rock|p2a: Grimmsnarl
|-sidestart|p2: Shampoogini|move: Stealth Rock
|
|upkeep
|turn|2
|
|t:|1757961380
|move|p2a: Grimmsnarl|Light Screen|p2a: Grimmsnarl
|-sidestart|p2: Shampoogini|move: Light Screen
|move|p1a: Ting-Lu|Spikes|p2a: Grimmsnarl
|-sidestart|p2: Shampoogini|Spikes
|
|upkeep
|turn|3
|
|t:|1757961384
|move|p2a: Grimmsnarl|Play Rough|p1a: Ting-Lu|[miss]
|-miss|p2a: Grimmsnarl|p1a: Ting-Lu
|move|p1a: Ting-Lu|Whirlwind|p2a: Grimmsnarl
|drag|p2a: Corviknight|Corviknight, F|100/100
|-damage|p2a: Corviknight|88/100|[from] Stealth Rock
|
|upkeep
|turn|4
|
|t:|1757961389
|move|p2a: Corviknight|Defog|p1a: Ting-Lu
|-unboost|p1a: Ting-Lu|evasion|1
|-sideend|p2: Shampoogini|Spikes|[from] move: Defog|[of] p2a: Corviknight
|-sideend|p2: Shampoogini|Stealth Rock|[from] move: Defog|[of] p2a: Corviknight
|move|p1a: Ting-Lu|Ruination|p2a: Corviknight
|-damage|p2a: Corviknight|44/100
|
|upkeep
|turn|5
|
|t:|1757961392
|move|p2a: Corviknight|Roost|p2a: Corviknight
|-heal|p2a: Corviknight|94/100
|-singleturn|p2a: Corviknight|move: Roost
|move|p1a: Ting-Lu|Stealth Rock|p2a: Corviknight
|-sidestart|p2: Shampoogini|move: Stealth Rock
|
|upkeep
|turn|6
|
|t:|1757961395
|move|p2a: Corviknight|Bulk Up|p2a: Corviknight
|-boost|p2a: Corviknight|atk|1
|-boost|p2a: Corviknight|def|1
|move|p1a: Ting-Lu|Spikes|p2a: Corviknight
|-sidestart|p2: Shampoogini|Spikes
|
|upkeep
|turn|7
|
|t:|1757961397
|move|p2a: Corviknight|Defog|p1a: Ting-Lu
|-unboost|p1a: Ting-Lu|evasion|1
|-sideend|p2: Shampoogini|Spikes|[from] move: Defog|[of] p2a: Corviknight
|-sideend|p2: Shampoogini|Stealth Rock|[from] move: Defog|[of] p2a: Corviknight
|move|p1a: Ting-Lu|Whirlwind|p2a: Corviknight
|drag|p2a: Snek|Serperior, F|100/100
|
|upkeep
|turn|8
|
|t:|1757961403
|move|p2a: Snek|Glare|p1a: Ting-Lu
|-status|p1a: Ting-Lu|par
|cant|p1a: Ting-Lu|par
|
|-sideend|p2: Shampoogini|Reflect
|upkeep
|turn|9
|
|t:|1757961406
|move|p2a: Snek|Leaf Storm|p1a: Ting-Lu
|-supereffective|p1a: Ting-Lu
|-damage|p1a: Ting-Lu|71/100 par
|-boost|p2a: Snek|spa|2
|move|p1a: Ting-Lu|Whirlwind|p2a: Snek
|drag|p2a: Skeledirge|Skeledirge, F|100/100
|
|-heal|p1a: Ting-Lu|77/100 par|[from] item: Leftovers
|-sideend|p2: Shampoogini|move: Light Screen
|upkeep
|turn|10
|
|t:|1757961421
|switch|p2a: Corviknight|Corviknight, F|94/100
|move|p1a: Ting-Lu|Ruination|p2a: Corviknight|[miss]
|-miss|p1a: Ting-Lu|p2a: Corviknight
|
|-heal|p1a: Ting-Lu|83/100 par|[from] item: Leftovers
|upkeep
|turn|11
|
|t:|1757961425
|move|p2a: Corviknight|Bulk Up|p2a: Corviknight
|-boost|p2a: Corviknight|atk|1
|-boost|p2a: Corviknight|def|1
|move|p1a: Ting-Lu|Stealth Rock|p2a: Corviknight
|-sidestart|p2: Shampoogini|move: Stealth Rock
|
|-heal|p1a: Ting-Lu|90/100 par|[from] item: Leftovers
|upkeep
|turn|12
|
|t:|1757961430
|move|p2a: Corviknight|Defog|p1a: Ting-Lu
|-unboost|p1a: Ting-Lu|evasion|1
|-sideend|p2: Shampoogini|Stealth Rock|[from] move: Defog|[of] p2a: Corviknight
|move|p1a: Ting-Lu|Ruination|p2a: Corviknight
|-damage|p2a: Corviknight|47/100
|
|-heal|p1a: Ting-Lu|96/100 par|[from] item: Leftovers
|upkeep
|turn|13
|
|t:|1757961433
|move|p2a: Corviknight|Roost|p2a: Corviknight
|-heal|p2a: Corviknight|97/100
|-singleturn|p2a: Corviknight|move: Roost
|cant|p1a: Ting-Lu|par
|
|-heal|p1a: Ting-Lu|100/100 par|[from] item: Leftovers
|upkeep
|turn|14
|
|t:|1757961438
|move|p2a: Corviknight|Bulk Up|p2a: Corviknight
|-boost|p2a: Corviknight|atk|1
|-boost|p2a: Corviknight|def|1
|move|p1a: Ting-Lu|Stealth Rock|p2a: Corviknight
|-sidestart|p2: Shampoogini|move: Stealth Rock
|
|upkeep
|turn|15
|
|t:|1757961441
|move|p2a: Corviknight|Defog|p1a: Ting-Lu
|-unboost|p1a: Ting-Lu|evasion|1
|-sideend|p2: Shampoogini|Stealth Rock|[from] move: Defog|[of] p2a: Corviknight
|move|p1a: Ting-Lu|Ruination|p2a: Corviknight
|-damage|p2a: Corviknight|49/100
|
|upkeep
|turn|16
|
|t:|1757961451
|switch|p1a: Sableye|Sableye, M|100/100
|move|p2a: Corviknight|Roost|p2a: Corviknight
|-heal|p2a: Corviknight|99/100
|-singleturn|p2a: Corviknight|move: Roost
|
|upkeep
|turn|17
|
|t:|1757961460
|switch|p2a: Skeledirge|Skeledirge, F|100/100
|move|p1a: Sableye|Encore||[still]
|-fail|p1a: Sableye
|
|upkeep
|turn|18
|
|t:|1757961464
|switch|p2a: Grimmsnarl|Grimmsnarl, M|100/100
|move|p1a: Sableye|Knock Off|p2a: Grimmsnarl
|-resisted|p2a: Grimmsnarl
|-damage|p2a: Grimmsnarl|95/100
|-enditem|p2a: Grimmsnarl|Light Clay|[from] move: Knock Off|[of] p1a: Sableye
|
|upkeep
|turn|19
|
|t:|1757961469
|switch|p1a: Ting-Lu|Ting-Lu|100/100 par
|-ability|p1a: Ting-Lu|Vessel of Ruin
|move|p2a: Grimmsnarl|Reflect|p2a: Grimmsnarl
|-sidestart|p2: Shampoogini|Reflect
|
|upkeep
|turn|20
|
|t:|1757961471
|move|p2a: Grimmsnarl|Light Screen|p2a: Grimmsnarl
|-sidestart|p2: Shampoogini|move: Light Screen
|move|p1a: Ting-Lu|Stealth Rock|p2a: Grimmsnarl
|-sidestart|p2: Shampoogini|move: Stealth Rock
|
|upkeep
|turn|21
|
|t:|1757961475
|switch|p2a: Snek|Serperior, F|100/100
|-damage|p2a: Snek|88/100|[from] Stealth Rock
|switch|p1a: Empoleon|Empoleon, M|100/100
|
|-heal|p2a: Snek|94/100|[from] item: Leftovers
|upkeep
|turn|22
|
|t:|1757961481
|switch|p1a: Sableye|Sableye, M|100/100
|move|p2a: Snek|Glare|p1a: Sableye
|-status|p1a: Sableye|par
|
|-heal|p2a: Snek|100/100|[from] item: Leftovers
|upkeep
|turn|23
|
|t:|1757961485
|switch|p2a: Corviknight|Corviknight, F|99/100
|-damage|p2a: Corviknight|86/100|[from] Stealth Rock
|move|p1a: Sableye|Encore||[still]
|-fail|p1a: Sableye
|
|-sideend|p2: Shampoogini|Reflect
|upkeep
|turn|24
|
|t:|1757961491
|switch|p1a: Empoleon|Empoleon, M|100/100
|move|p2a: Corviknight|Defog|p1a: Empoleon
|-unboost|p1a: Empoleon|evasion|1
|-ability|p1a: Empoleon|Competitive|boost
|-boost|p1a: Empoleon|spa|2
|-sideend|p2: Shampoogini|Stealth Rock|[from] move: Defog|[of] p2a: Corviknight
|
|-sideend|p2: Shampoogini|move: Light Screen
|upkeep
|turn|25
|
|t:|1757961496
|switch|p2a: Dondozo|Dondozo, F|100/100
|move|p1a: Empoleon|Surf|p2a: Dondozo
|-resisted|p2a: Dondozo
|-damage|p2a: Dondozo|85/100
|
|-heal|p2a: Dondozo|91/100|[from] item: Leftovers
|upkeep
|turn|26
|
|t:|1757961503
|switch|p1a: Sableye|Sableye, M|100/100 par
|move|p2a: Dondozo|Curse|p2a: Dondozo
|-unboost|p2a: Dondozo|spe|1
|-boost|p2a: Dondozo|atk|1
|-boost|p2a: Dondozo|def|1
|
|-heal|p2a: Dondozo|97/100|[from] item: Leftovers
|upkeep
|turn|27
|
|t:|1757961508
|move|p1a: Sableye|Encore|p2a: Dondozo
|-start|p2a: Dondozo|Encore
|move|p2a: Dondozo|Curse|p2a: Dondozo
|-unboost|p2a: Dondozo|spe|1
|-boost|p2a: Dondozo|atk|1
|-boost|p2a: Dondozo|def|1
|
|-heal|p2a: Dondozo|100/100|[from] item: Leftovers
|upkeep
|turn|28
|
|t:|1757961512
|switch|p2a: Grimmsnarl|Grimmsnarl, M|95/100
|move|p1a: Sableye|Knock Off|p2a: Grimmsnarl
|-resisted|p2a: Grimmsnarl
|-damage|p2a: Grimmsnarl|91/100
|
|upkeep
|turn|29
|
|t:|1757961517
|switch|p1a: Empoleon|Empoleon, M|100/100
|move|p2a: Grimmsnarl|Reflect|p2a: Grimmsnarl
|-sidestart|p2: Shampoogini|Reflect
|
|upkeep
|turn|30
|
|t:|1757961519
|move|p2a: Grimmsnarl|Light Screen|p2a: Grimmsnarl
|-sidestart|p2: Shampoogini|move: Light Screen
|move|p1a: Empoleon|Flash Cannon|p2a: Grimmsnarl
|-supereffective|p2a: Grimmsnarl
|-damage|p2a: Grimmsnarl|53/100
|
|upkeep
|turn|31
|
|t:|1757961523
|switch|p2a: Dondozo|Dondozo, F|100/100
|move|p1a: Empoleon|Surf|p2a: Dondozo
|-resisted|p2a: Dondozo
|-damage|p2a: Dondozo|93/100
|
|-heal|p2a: Dondozo|99/100|[from] item: Leftovers
|upkeep
|turn|32
|
|t:|1757961526
|switch|p1a: Sableye|Sableye, M|100/100 par
|move|p2a: Dondozo|Body Press|p1a: Sableye
|-immune|p1a: Sableye
|
|-heal|p2a: Dondozo|100/100|[from] item: Leftovers
|upkeep
|turn|33
|
|t:|1757961531
|switch|p2a: Clodsire|Clodsire, M|100/100
|move|p1a: Sableye|Will-O-Wisp|p2a: Clodsire
|-status|p2a: Clodsire|brn
|
|-damage|p2a: Clodsire|94/100 brn|[from] brn
|-sideend|p2: Shampoogini|Reflect
|upkeep
|turn|34
|
|t:|1757961537
|move|p2a: Clodsire|Spikes|p1a: Sableye
|-sidestart|p1: jxrx|Spikes
|cant|p1a: Sableye|par
|
|-heal|p2a: Clodsire|100/100 brn|[from] item: Leftovers
|-damage|p2a: Clodsire|94/100 brn|[from] brn
|-sideend|p2: Shampoogini|move: Light Screen
|upkeep
|turn|35
|
|t:|1757961539
|move|p2a: Clodsire|Spikes|p1a: Sableye
|-sidestart|p1: jxrx|Spikes
|move|p1a: Sableye|Knock Off|p2a: Clodsire
|-damage|p2a: Clodsire|74/100 brn
|-enditem|p2a: Clodsire|Leftovers|[from] move: Knock Off|[of] p1a: Sableye
|
|-damage|p2a: Clodsire|67/100 brn|[from] brn
|upkeep
|turn|36
|
|t:|1757961544
|move|p1a: Sableye|Encore|p2a: Clodsire
|-start|p2a: Clodsire|Encore
|move|p2a: Clodsire|Spikes|p1a: Sableye
|-sidestart|p1: jxrx|Spikes
|
|-damage|p2a: Clodsire|61/100 brn|[from] brn
|upkeep
|turn|37
|
|t:|1757961547
|switch|p2a: Corviknight|Corviknight, F|86/100
|switch|p1a: Great Tusk|Great Tusk|100/100
|
|upkeep
|turn|38
|
|t:|1757961553
|-end|p1a: Great Tusk|Protosynthesis|[silent]
|switch|p1a: Ting-Lu|Ting-Lu|100/100 par
|-damage|p1a: Ting-Lu|76/100 par|[from] Spikes
|-ability|p1a: Ting-Lu|Vessel of Ruin
|move|p2a: Corviknight|Bulk Up|p2a: Corviknight
|-boost|p2a: Corviknight|atk|1
|-boost|p2a: Corviknight|def|1
|
|-heal|p1a: Ting-Lu|82/100 par|[from] item: Leftovers
|upkeep
|turn|39
|
|t:|1757961559
|switch|p2a: Snek|Serperior, F|100/100
|move|p1a: Ting-Lu|Stealth Rock|p2a: Snek
|-sidestart|p2: Shampoogini|move: Stealth Rock
|
|-heal|p1a: Ting-Lu|88/100 par|[from] item: Leftovers
|upkeep
|turn|40
|
|t:|1757961562
|move|p2a: Snek|Leaf Storm|p1a: Ting-Lu
|-supereffective|p1a: Ting-Lu
|-damage|p1a: Ting-Lu|57/100 par
|-boost|p2a: Snek|spa|2
|cant|p1a: Ting-Lu|par
|
|-heal|p1a: Ting-Lu|64/100 par|[from] item: Leftovers
|upkeep
|turn|41
|
|t:|1757961567
|move|p2a: Snek|Leaf Storm|p1a: Ting-Lu
|-supereffective|p1a: Ting-Lu
|-damage|p1a: Ting-Lu|3/100 par
|-boost|p2a: Snek|spa|2
|move|p1a: Ting-Lu|Whirlwind|p2a: Snek
|drag|p2a: Dondozo|Dondozo, F|100/100
|-damage|p2a: Dondozo|88/100|[from] Stealth Rock
|
|-heal|p2a: Dondozo|94/100|[from] item: Leftovers
|-heal|p1a: Ting-Lu|9/100 par|[from] item: Leftovers
|upkeep
|turn|42
|
|t:|1757961579
|move|p2a: Dondozo|Waterfall|p1a: Ting-Lu
|-supereffective|p1a: Ting-Lu
|-damage|p1a: Ting-Lu|0 fnt
|faint|p1a: Ting-Lu
|
|-heal|p2a: Dondozo|99/100|[from] item: Leftovers
|upkeep
|
|t:|1757961587
|switch|p1a: Great Tusk|Great Tusk|100/100
|turn|43
|
|t:|1757961590
|move|p1a: Great Tusk|Rapid Spin|p2a: Dondozo
|-damage|p2a: Dondozo|89/100
|-boost|p1a: Great Tusk|spe|1
|-sideend|p1: jxrx|Spikes|[from] move: Rapid Spin|[of] p1a: Great Tusk
|move|p2a: Dondozo|Curse|p2a: Dondozo
|-unboost|p2a: Dondozo|spe|1
|-boost|p2a: Dondozo|atk|1
|-boost|p2a: Dondozo|def|1
|
|-heal|p2a: Dondozo|95/100|[from] item: Leftovers
|upkeep
|turn|44
|
|t:|1757961595
|-end|p1a: Great Tusk|Protosynthesis|[silent]
|switch|p1a: Sableye|Sableye, M|100/100 par
|move|p2a: Dondozo|Curse|p2a: Dondozo
|-unboost|p2a: Dondozo|spe|1
|-boost|p2a: Dondozo|atk|1
|-boost|p2a: Dondozo|def|1
|
|-heal|p2a: Dondozo|100/100|[from] item: Leftovers
|upkeep
|turn|45
|
|t:|1757961600
|move|p1a: Sableye|Will-O-Wisp|p2a: Dondozo
|-status|p2a: Dondozo|brn
|move|p2a: Dondozo|Waterfall|p1a: Sableye
|-damage|p1a: Sableye|72/100 par
|-damage|p2a: Dondozo|84/100 brn|[from] item: Rocky Helmet|[of] p1a: Sableye
|
|-heal|p2a: Dondozo|90/100 brn|[from] item: Leftovers
|-damage|p2a: Dondozo|84/100 brn|[from] brn
|upkeep
|turn|46
|
|t:|1757961608
|cant|p1a: Sableye|par
|move|p2a: Dondozo|Waterfall|p1a: Sableye
|-damage|p1a: Sableye|44/100 par
|-damage|p2a: Dondozo|67/100 brn|[from] item: Rocky Helmet|[of] p1a: Sableye
|
|-heal|p2a: Dondozo|73/100 brn|[from] item: Leftovers
|-damage|p2a: Dondozo|67/100 brn|[from] brn
|upkeep
|turn|47
|
|t:|1757961615
|move|p1a: Sableye|Knock Off|p2a: Dondozo
|-damage|p2a: Dondozo|60/100 brn
|-enditem|p2a: Dondozo|Leftovers|[from] move: Knock Off|[of] p1a: Sableye
|move|p2a: Dondozo|Rest|p2a: Dondozo
|-status|p2a: Dondozo|slp|[from] move: Rest
|-heal|p2a: Dondozo|100/100 slp|[silent]
|
|upkeep
|turn|48
|
|t:|1757961621
|move|p1a: Sableye|Encore|p2a: Dondozo
|-start|p2a: Dondozo|Encore
|cant|p2a: Dondozo|slp
|
|upkeep
|turn|49
|
|t:|1757961624
|switch|p1a: Rillaboom|Rillaboom, M|100/100
|-fieldstart|move: Grassy Terrain|[from] ability: Grassy Surge|[of] p1a: Rillaboom
|cant|p2a: Dondozo|slp
|
|upkeep
|turn|50
|
|t:|1757961627
|switch|p2a: Snek|Serperior, F|100/100
|-damage|p2a: Snek|88/100|[from] Stealth Rock
|move|p1a: Rillaboom|Wood Hammer|p2a: Snek
|-resisted|p2a: Snek
|-damage|p2a: Snek|23/100
|-damage|p1a: Rillaboom|81/100|[from] Recoil
|
|-heal|p2a: Snek|29/100|[from] Grassy Terrain
|-heal|p2a: Snek|36/100|[from] item: Leftovers
|-heal|p1a: Rillaboom|87/100|[from] Grassy Terrain
|upkeep
|turn|51
|
|t:|1757961635
|move|p2a: Snek|Synthesis|p2a: Snek
|-heal|p2a: Snek|86/100
|move|p1a: Rillaboom|Wood Hammer|p2a: Snek
|-resisted|p2a: Snek
|-damage|p2a: Snek|19/100
|-damage|p1a: Rillaboom|68/100|[from] Recoil
|
|-heal|p2a: Snek|26/100|[from] Grassy Terrain
|-heal|p2a: Snek|32/100|[from] item: Leftovers
|-heal|p1a: Rillaboom|74/100|[from] Grassy Terrain
|upkeep
|turn|52
|
|t:|1757961641
|switch|p1a: Sableye|Sableye, M|44/100 par
|move|p2a: Snek|Synthesis|p2a: Snek
|-heal|p2a: Snek|82/100
|
|-heal|p2a: Snek|88/100|[from] Grassy Terrain
|-heal|p2a: Snek|94/100|[from] item: Leftovers
|-heal|p1a: Sableye|50/100 par|[from] Grassy Terrain
|upkeep
|turn|53
|
|t:|1757961648
|move|p1a: Sableye|Recover|p1a: Sableye
|-heal|p1a: Sableye|100/100 par
|move|p2a: Snek|Leaf Storm|p1a: Sableye
|-damage|p1a: Sableye|23/100 par
|-boost|p2a: Snek|spa|2
|
|-heal|p2a: Snek|100/100|[from] Grassy Terrain
|-heal|p1a: Sableye|29/100 par|[from] Grassy Terrain
|-fieldend|move: Grassy Terrain
|upkeep
|turn|54
|
|t:|1757961658
|move|p1a: Sableye|Will-O-Wisp|p2a: Snek|[miss]
|-miss|p1a: Sableye|p2a: Snek
|move|p2a: Snek|Leaf Storm|p1a: Sableye
|-damage|p1a: Sableye|0 fnt
|-boost|p2a: Snek|spa|2
|faint|p1a: Sableye
|
|upkeep
|
|t:|1757961660
|switch|p1a: Salazzle|Salazzle, F|100/100
|turn|55
|
|t:|1757961671
|switch|p2a: Clodsire|Clodsire, M|61/100 brn
|-damage|p2a: Clodsire|55/100 brn|[from] Stealth Rock
|move|p1a: Salazzle|Sludge Wave|p2a: Clodsire
|-resisted|p2a: Clodsire
|-crit|p2a: Clodsire
|-damage|p2a: Clodsire|43/100 brn
|
|-damage|p2a: Clodsire|37/100 brn|[from] brn
|upkeep
|turn|56
|
|t:|1757961678
|switch|p1a: Great Tusk|Great Tusk|100/100
|move|p2a: Clodsire|Recover|p2a: Clodsire
|-heal|p2a: Clodsire|87/100 brn
|
|-damage|p2a: Clodsire|80/100 brn|[from] brn
|upkeep
|turn|57
|
|t:|1757961687
|-end|p1a: Great Tusk|Protosynthesis|[silent]
|switch|p1a: Empoleon|Empoleon, M|100/100
|move|p2a: Clodsire|Toxic|p1a: Empoleon
|-immune|p1a: Empoleon
|
|-damage|p2a: Clodsire|74/100 brn|[from] brn
|upkeep
|turn|58
|
|t:|1757961693
|switch|p2a: Dondozo|Dondozo, F|100/100 slp
|-damage|p2a: Dondozo|88/100 slp|[from] Stealth Rock
|move|p1a: Empoleon|Surf|p2a: Dondozo
|-resisted|p2a: Dondozo
|-damage|p2a: Dondozo|73/100 slp
|
|upkeep
|turn|59
|
|t:|1757961700
|switch|p1a: Rillaboom|Rillaboom, M|74/100
|-fieldstart|move: Grassy Terrain|[from] ability: Grassy Surge|[of] p1a: Rillaboom
|-curestatus|p2a: Dondozo|slp|[msg]
|move|p2a: Dondozo|Waterfall|p1a: Rillaboom
|-resisted|p1a: Rillaboom
|-damage|p1a: Rillaboom|61/100
|
|-heal|p1a: Rillaboom|67/100|[from] Grassy Terrain
|-heal|p2a: Dondozo|79/100|[from] Grassy Terrain
|upkeep
|turn|60
|
|t:|1757961714
|switch|p2a: Snek|Serperior, F|100/100
|-damage|p2a: Snek|88/100|[from] Stealth Rock
|move|p1a: Rillaboom|U-turn|p2a: Snek
|-supereffective|p2a: Snek
|-damage|p2a: Snek|3/100
|
|t:|1757961720
|switch|p1a: Salazzle|Salazzle, F|100/100|[from] U-turn
|
|-heal|p2a: Snek|9/100|[from] Grassy Terrain
|-heal|p2a: Snek|15/100|[from] item: Leftovers
|upkeep
|turn|61
|
|t:|1757961728
|switch|p1a: Great Tusk|Great Tusk|100/100
|switch|p2a: Clodsire|Clodsire, M|74/100 brn
|-damage|p2a: Clodsire|68/100 brn|[from] Stealth Rock
|
|-heal|p2a: Clodsire|74/100 brn|[from] Grassy Terrain
|-damage|p2a: Clodsire|68/100 brn|[from] brn
|upkeep
|turn|62
|
|t:|1757961734
|move|p1a: Great Tusk|Headlong Rush|p2a: Clodsire
|-supereffective|p2a: Clodsire
|-damage|p2a: Clodsire|0 fnt
|-unboost|p1a: Great Tusk|def|1
|-unboost|p1a: Great Tusk|spd|1
|faint|p2a: Clodsire
|
|upkeep
|
|t:|1757961737
|switch|p2a: Corviknight|Corviknight, F|86/100
|-damage|p2a: Corviknight|74/100|[from] Stealth Rock
|turn|63
|
|t:|1757961748
|-end|p1a: Great Tusk|Protosynthesis|[silent]
|switch|p1a: Salazzle|Salazzle, F|100/100
|move|p2a: Corviknight|Defog|p1a: Salazzle
|-unboost|p1a: Salazzle|evasion|1
|-sideend|p2: Shampoogini|Stealth Rock|[from] move: Defog|[of] p2a: Corviknight
|-fieldend|move: Grassy Terrain
|
|upkeep
|turn|64
|
|t:|1757961756
|switch|p2a: Skeledirge|Skeledirge, F|100/100
|move|p1a: Salazzle|Toxic|p2a: Skeledirge
|-status|p2a: Skeledirge|tox
|
|-damage|p2a: Skeledirge|94/100 tox|[from] psn
|upkeep
|turn|65
|
|t:|1757961761
|switch|p1a: Empoleon|Empoleon, M|100/100
|move|p2a: Skeledirge|Torch Song|p1a: Empoleon
|-damage|p1a: Empoleon|67/100
|-boost|p2a: Skeledirge|spa|1
|
|-heal|p1a: Empoleon|73/100|[from] item: Leftovers
|-heal|p2a: Skeledirge|100/100 tox|[from] item: Leftovers
|-damage|p2a: Skeledirge|88/100 tox|[from] psn
|upkeep
|turn|66
|
|t:|1757961770
|switch|p2a: Dondozo|Dondozo, F|79/100
|move|p1a: Empoleon|Surf|p2a: Dondozo
|-resisted|p2a: Dondozo
|-crit|p2a: Dondozo
|-damage|p2a: Dondozo|57/100
|
|-heal|p1a: Empoleon|78/100|[from] item: Leftovers
|upkeep
|turn|67
|
|t:|1757961778
|switch|p1a: Rillaboom|Rillaboom, M|67/100
|-fieldstart|move: Grassy Terrain|[from] ability: Grassy Surge|[of] p1a: Rillaboom
|move|p2a: Dondozo|Body Press|p1a: Rillaboom
|-damage|p1a: Rillaboom|47/100
|
|-heal|p1a: Rillaboom|53/100|[from] Grassy Terrain
|-heal|p2a: Dondozo|63/100|[from] Grassy Terrain
|upkeep
|turn|68
|
|t:|1757961797
|switch|p2a: Skeledirge|Skeledirge, F|88/100 tox
|move|p1a: Rillaboom|Wood Hammer|p2a: Skeledirge
|-resisted|p2a: Skeledirge
|-crit|p2a: Skeledirge
|-damage|p2a: Skeledirge|6/100 tox
|-damage|p1a: Rillaboom|25/100|[from] Recoil
|
|-heal|p1a: Rillaboom|31/100|[from] Grassy Terrain
|-heal|p2a: Skeledirge|12/100 tox|[from] Grassy Terrain
|-heal|p2a: Skeledirge|18/100 tox|[from] item: Leftovers
|-damage|p2a: Skeledirge|12/100 tox|[from] psn
|upkeep
|turn|69
|
|t:|1757961816
|move|p1a: Rillaboom|Wood Hammer|p2a: Skeledirge
|-resisted|p2a: Skeledirge
|-damage|p2a: Skeledirge|0 fnt
|faint|p2a: Skeledirge
|-damage|p1a: Rillaboom|27/100|[from] Recoil
|
|-heal|p1a: Rillaboom|33/100|[from] Grassy Terrain
|upkeep
|
|t:|1757961820
|switch|p2a: Grimmsnarl|Grimmsnarl, M|53/100
|turn|70
|
|t:|1757961828
|move|p2a: Grimmsnarl|Reflect|p2a: Grimmsnarl
|-sidestart|p2: Shampoogini|Reflect
|move|p1a: Rillaboom|Wood Hammer|p2a: Grimmsnarl
|-damage|p2a: Grimmsnarl|0 fnt
|faint|p2a: Grimmsnarl
|-damage|p1a: Rillaboom|15/100|[from] Recoil
|
|-heal|p1a: Rillaboom|21/100|[from] Grassy Terrain
|upkeep
|
|t:|1757961832
|switch|p2a: Corviknight|Corviknight, F|74/100
|turn|71
|
|t:|1757961835
|switch|p1a: Salazzle|Salazzle, F|100/100
|move|p2a: Corviknight|Bulk Up|p2a: Corviknight
|-boost|p2a: Corviknight|atk|1
|-boost|p2a: Corviknight|def|1
|
|-fieldend|move: Grassy Terrain
|upkeep
|turn|72
|
|t:|1757961839
|switch|p2a: Dondozo|Dondozo, F|63/100
|move|p1a: Salazzle|Flamethrower|p2a: Dondozo
|-resisted|p2a: Dondozo
|-damage|p2a: Dondozo|50/100
|
|upkeep
|turn|73
|
|t:|1757961845
|switch|p1a: Rillaboom|Rillaboom, M|21/100
|-fieldstart|move: Grassy Terrain|[from] ability: Grassy Surge|[of] p1a: Rillaboom
|move|p2a: Dondozo|Body Press|p1a: Rillaboom
|-damage|p1a: Rillaboom|3/100
|
|-heal|p1a: Rillaboom|9/100|[from] Grassy Terrain
|-heal|p2a: Dondozo|56/100|[from] Grassy Terrain
|upkeep
|turn|74
|
|t:|1757961849
|switch|p2a: Corviknight|Corviknight, F|74/100
|move|p1a: Rillaboom|Wood Hammer|p2a: Corviknight
|-resisted|p2a: Corviknight
|-damage|p2a: Corviknight|61/100
|-damage|p1a: Rillaboom|0 fnt|[from] item: Rocky Helmet|[of] p2a: Corviknight
|faint|p1a: Rillaboom
|
|-sideend|p2: Shampoogini|Reflect
|upkeep
|
|t:|1757961854
|switch|p1a: Salazzle|Salazzle, F|100/100
|turn|75
|
|t:|1757961865
|switch|p2a: Snek|Serperior, F|15/100
|move|p1a: Salazzle|Toxic|p2a: Snek
|-status|p2a: Snek|tox
|
|-heal|p2a: Snek|21/100 tox|[from] Grassy Terrain
|-heal|p2a: Snek|28/100 tox|[from] item: Leftovers
|-damage|p2a: Snek|21/100 tox|[from] psn
|upkeep
|turn|76
|
|t:|1757961869
|move|p1a: Salazzle|Sludge Wave|p2a: Snek
|-supereffective|p2a: Snek
|-damage|p2a: Snek|0 fnt
|faint|p2a: Snek
|
|upkeep
|
|t:|1757961871
|switch|p2a: Dondozo|Dondozo, F|56/100
|turn|77
|
|t:|1757961878
|-terastallize|p1a: Salazzle|Dragon
|move|p1a: Salazzle|Dragon Pulse|p2a: Dondozo
|-damage|p2a: Dondozo|31/100
|move|p2a: Dondozo|Waterfall|p1a: Salazzle
|-resisted|p1a: Salazzle
|-damage|p1a: Salazzle|75/100
|
|-heal|p1a: Salazzle|82/100|[from] Grassy Terrain
|-damage|p1a: Salazzle|69/100|[from] item: Black Sludge
|-heal|p2a: Dondozo|37/100|[from] Grassy Terrain
|-fieldend|move: Grassy Terrain
|upkeep
|turn|78
|
|t:|1757961886
|move|p1a: Salazzle|Sludge Wave|p2a: Dondozo
|-damage|p2a: Dondozo|10/100
|move|p2a: Dondozo|Curse|p2a: Dondozo
|-unboost|p2a: Dondozo|spe|1
|-boost|p2a: Dondozo|atk|1
|-boost|p2a: Dondozo|def|1
|
|-damage|p1a: Salazzle|57/100|[from] item: Black Sludge
|upkeep
|turn|79
|
|t:|1757961897
|move|p1a: Salazzle|Dragon Pulse|p2a: Dondozo
|-damage|p2a: Dondozo|0 fnt
|faint|p2a: Dondozo
|
|-damage|p1a: Salazzle|45/100|[from] item: Black Sludge
|upkeep
|
|t:|1757961898
|switch|p2a: Corviknight|Corviknight, F|61/100
|turn|80
|
|t:|1757961903
|-terastallize|p2a: Corviknight|Dark
|move|p1a: Salazzle|Flamethrower|p2a: Corviknight
|-damage|p2a: Corviknight|33/100
|move|p2a: Corviknight|Bulk Up|p2a: Corviknight
|-boost|p2a: Corviknight|atk|1
|-boost|p2a: Corviknight|def|1
|
|-damage|p1a: Salazzle|33/100|[from] item: Black Sludge
|upkeep
|turn|81
|
|t:|1757961906
|move|p1a: Salazzle|Toxic|p2a: Corviknight
|-status|p2a: Corviknight|tox
|move|p2a: Corviknight|Roost|p2a: Corviknight
|-heal|p2a: Corviknight|83/100 tox
|
|-damage|p1a: Salazzle|21/100|[from] item: Black Sludge
|-damage|p2a: Corviknight|77/100 tox|[from] psn
|upkeep
|turn|82
|
|t:|1757961909
|move|p1a: Salazzle|Dragon Pulse|p2a: Corviknight
|-damage|p2a: Corviknight|48/100 tox
|move|p2a: Corviknight|Bulk Up|p2a: Corviknight
|-boost|p2a: Corviknight|atk|1
|-boost|p2a: Corviknight|def|1
|
|-damage|p1a: Salazzle|8/100|[from] item: Black Sludge
|-damage|p2a: Corviknight|35/100 tox|[from] psn
|upkeep
|turn|83
|
|t:|1757961913
|move|p1a: Salazzle|Sludge Wave|p2a: Corviknight
|-damage|p2a: Corviknight|7/100 tox
|move|p2a: Corviknight|Roost|p2a: Corviknight
|-heal|p2a: Corviknight|57/100 tox
|
|-damage|p1a: Salazzle|0 fnt|[from] item: Black Sludge
|faint|p1a: Salazzle
|-damage|p2a: Corviknight|38/100 tox|[from] psn
|upkeep
|
|t:|1757961928
|switch|p1a: Empoleon|Empoleon, M|78/100
|turn|84
|
|t:|1757961930
|move|p1a: Empoleon|Surf|p2a: Corviknight
|-damage|p2a: Corviknight|8/100 tox
|move|p2a: Corviknight|Roost|p2a: Corviknight
|-heal|p2a: Corviknight|58/100 tox
|
|-heal|p1a: Empoleon|84/100|[from] item: Leftovers
|-damage|p2a: Corviknight|33/100 tox|[from] psn
|upkeep
|turn|85
|
|t:|1757961934
|move|p1a: Empoleon|Surf|p2a: Corviknight
|-damage|p2a: Corviknight|0 fnt
|faint|p2a: Corviknight
|
|win|jxrx
|raw|jxrx's rating: 1313 &rarr; <strong>1334</strong><br />(+21 for winning)
|raw|Shampoogini's rating: 1324 &rarr; <strong>1303</strong><br />(-21 for losing)
|l|☆jxrx
|player|p1|
