|j|☆arhg955
|j|☆redfeatherz
|t:|1757869969
|gametype|singles
|player|p1|arhg955|lucas|1312
|player|p2|redfeatherz|2|1343
|gen|9
|tier|[Gen 9] OU
|rated|
|rule|HP Percentage Mod: HP is shown in percentages
|rule|Endless Battle Clause: Forcing endless battles is banned
|rule|Species Clause: Limit one of each Pokémon
|rule|OHKO Clause: OHKO moves are banned
|rule|Evasion Items Clause: Evasion items are banned
|rule|Evasion Moves Clause: Evasion moves are banned
|rule|Evasion Abilities Clause: Evasion abilities are banned
|rule|Sleep Moves Clause: Sleep-inducing moves are banned
|clearpoke
|poke|p1|Dragapult, F|
|poke|p1|Kingambit, M|
|poke|p1|Dondozo, M|
|poke|p1|Great Tusk|
|poke|p1|Iron Valiant|
|poke|p1|Walking Wake|
|poke|p2|Bombirdier, F|
|poke|p2|Fezandipiti, M|
|poke|p2|Great Tusk|
|poke|p2|Toedscruel, M|
|poke|p2|Skarmory, F|
|poke|p2|Iron Hands|
|teampreview
|inactive|Battle timer is ON: inactive players will automatically lose when time's up. (requested by arhg955)
|
|t:|1757869979
|teamsize|p1|6
|teamsize|p2|6
|start
|switch|p1a: Walking Wake|Walking Wake|100/100
|switch|p2a: Fezandipiti|Fezandipiti, M|100/100
|turn|1
|
|t:|1757869989
|-terastallize|p1a: Walking Wake|Water
|move|p1a: Walking Wake|Hydro Steam|p2a: Fezandipiti
|-damage|p2a: Fezandipiti|54/100
|move|p2a: Fezandipiti|Moonblast|p1a: Walking Wake
|-damage|p1a: Walking Wake|71/100
|-status|p1a: Walking Wake|tox|[from] ability: Toxic Chain|[of] p2a: Fezandipiti
|
|-damage|p1a: Walking Wake|65/100 tox|[from] psn
|upkeep
|turn|2
|
|t:|1757870000
|move|p1a: Walking Wake|Hydro Steam|p2a: Fezandipiti
|-damage|p2a: Fezandipiti|8/100
|move|p2a: Fezandipiti|Moonblast|p1a: Walking Wake
|-damage|p1a: Walking Wake|38/100 tox
|
|-damage|p1a: Walking Wake|26/100 tox|[from] psn
|upkeep
|turn|3
|
|t:|1757870015
|move|p2a: Fezandipiti|Quick Attack|p1a: Walking Wake
|-damage|p1a: Walking Wake|14/100 tox
|move|p1a: Walking Wake|Hydro Steam|p2a: Fezandipiti
|-damage|p2a: Fezandipiti|0 fnt
|faint|p2a: Fezandipiti
|
|-damage|p1a: Walking Wake|0 fnt|[from] psn
|faint|p1a: Walking Wake
|-end|p1a: Walking Wake|Protosynthesis|[silent]
|upkeep
|
|t:|1757870031
|switch|p1a: Great Tusk|Great Tusk|100/100
|switch|p2a: Bombirdier|Bombirdier, F|100/100
|turn|4
|
|t:|1757870045
|move|p2a: Bombirdier|Parting Shot|p1a: Great Tusk
|-unboost|p1a: Great Tusk|atk|1
|-unboost|p1a: Great Tusk|spa|1
|
|t:|1757870055
|switch|p2a: Toedscruel|Toedscruel, M|100/100|[from] Parting Shot
|move|p1a: Great Tusk|Knock Off|p2a: Toedscruel
|-damage|p2a: Toedscruel|72/100
|-enditem|p2a: Toedscruel|Leftovers|[from] move: Knock Off|[of] p1a: Great Tusk
|
|upkeep
|turn|5
|
|t:|1757870066
|move|p2a: Toedscruel|Leaf Storm|p1a: Great Tusk
|-supereffective|p1a: Great Tusk
|-damage|p1a: Great Tusk|0 fnt
|-unboost|p2a: Toedscruel|spa|2
|faint|p1a: Great Tusk
|-end|p1a: Great Tusk|Protosynthesis|[silent]
|
|upkeep
|
|t:|1757870072
|switch|p1a: Iron Valiant|Iron Valiant|100/100
|-enditem|p1a: Iron Valiant|Booster Energy
|-activate|p1a: Iron Valiant|ability: Quark Drive|[fromitem]
|-start|p1a: Iron Valiant|quarkdrivespe
|turn|6
|
|t:|1757870081
|move|p1a: Iron Valiant|Moonblast|p2a: Toedscruel
|-damage|p2a: Toedscruel|38/100
|move|p2a: Toedscruel|Stun Spore|p1a: Iron Valiant|[miss]
|-miss|p2a: Toedscruel|p1a: Iron Valiant
|
|upkeep
|turn|7
|
|t:|1757870094
|move|p1a: Iron Valiant|Moonblast|p2a: Toedscruel
|-damage|p2a: Toedscruel|0 fnt
|faint|p2a: Toedscruel
|
|upkeep
|
|t:|1757870106
|switch|p2a: Bombirdier|Bombirdier, F|100/100
|turn|8
|
|t:|1757870112
|-terastallize|p2a: Bombirdier|Flying
|move|p1a: Iron Valiant|Moonblast|p2a: Bombirdier
|-damage|p2a: Bombirdier|43/100
|move|p2a: Bombirdier|Brave Bird|p1a: Iron Valiant
|-supereffective|p1a: Iron Valiant
|-crit|p1a: Iron Valiant
|-damage|p1a: Iron Valiant|0 fnt
|faint|p1a: Iron Valiant
|-end|p1a: Iron Valiant|Quark Drive|[silent]
|-damage|p2a: Bombirdier|9/100|[from] Recoil
|
|upkeep
|
|t:|1757870126
|switch|p1a: Dragapult|Dragapult, F|100/100
|turn|9
|
|t:|1757870138
|move|p2a: Bombirdier|Brave Bird|p1a: Dragapult
|-damage|p1a: Dragapult|0 fnt
|faint|p1a: Dragapult
|-damage|p2a: Bombirdier|0 fnt|[from] Recoil
|faint|p2a: Bombirdier
|
|upkeep
|
|t:|1757870159
|switch|p1a: Kingambit|Kingambit, M|100/100
|switch|p2a: Skarmory|Skarmory, F|100/100
|-activate|p1a: Kingambit|ability: Supreme Overlord
|-start|p1a: Kingambit|fallen4|[silent]
|turn|10
|
|t:|1757870169
|move|p2a: Skarmory|Taunt|p1a: Kingambit
|-start|p1a: Kingambit|move: Taunt
|cant|p1a: Kingambit|move: Taunt|Swords Dance
|
|upkeep
|turn|11
|inactive|redfeatherz has 120 seconds left.
|
|t:|1757870187
|move|p1a: Kingambit|Sucker Punch||[still]
|-fail|p1a: Kingambit
|move|p2a: Skarmory|Stealth Rock|p1a: Kingambit
|-sidestart|p1: arhg955|move: Stealth Rock
|
|upkeep
|turn|12
|
|t:|1757870195
|move|p2a: Skarmory|Iron Head|p1a: Kingambit
|-resisted|p1a: Kingambit
|-damage|p1a: Kingambit|92/100
|cant|p1a: Kingambit|flinch
|
|-end|p1a: Kingambit|move: Taunt
|upkeep
|turn|13
|
|t:|1757870204
|move|p2a: Skarmory|Taunt|p1a: Kingambit
|-start|p1a: Kingambit|move: Taunt
|cant|p1a: Kingambit|move: Taunt|Swords Dance
|
|upkeep
|turn|14
|
|t:|1757870214
|move|p2a: Skarmory|Iron Head|p1a: Kingambit
|-resisted|p1a: Kingambit
|-damage|p1a: Kingambit|83/100
|cant|p1a: Kingambit|flinch
|
|upkeep
|turn|15
|
|t:|1757870230
|switch|p2a: Iron Hands|Iron Hands|100/100
|move|p1a: Kingambit|Sucker Punch||[still]
|-fail|p1a: Kingambit
|
|-end|p1a: Kingambit|move: Taunt
|upkeep
|turn|16
|
|t:|1757870239
|move|p1a: Kingambit|Sucker Punch|p2a: Iron Hands
|-resisted|p2a: Iron Hands
|-damage|p2a: Iron Hands|80/100
|move|p2a: Iron Hands|Close Combat|p1a: Kingambit
|-supereffective|p1a: Kingambit
|-damage|p1a: Kingambit|0 fnt
|-unboost|p2a: Iron Hands|def|1
|-unboost|p2a: Iron Hands|spd|1
|faint|p1a: Kingambit
|-end|p1a: Kingambit|fallen4|[silent]
|
|upkeep
|
|t:|1757870249
|switch|p1a: Dondozo|Dondozo, M|100/100
|-damage|p1a: Dondozo|88/100|[from] Stealth Rock
|turn|17
|
|t:|1757870259
|-end|p2a: Iron Hands|Quark Drive|[silent]
|switch|p2a: Skarmory|Skarmory, F|100/100
|move|p1a: Dondozo|Curse|p1a: Dondozo
|-unboost|p1a: Dondozo|spe|1
|-boost|p1a: Dondozo|atk|1
|-boost|p1a: Dondozo|def|1
|
|upkeep
|turn|18
|
|t:|1757870267
|move|p2a: Skarmory|Taunt|p1a: Dondozo
|-start|p1a: Dondozo|move: Taunt
|cant|p1a: Dondozo|move: Taunt|Curse
|
|upkeep
|turn|19
|
|t:|1757870272
|move|p2a: Skarmory|Iron Head|p1a: Dondozo
|-resisted|p1a: Dondozo
|-crit|p1a: Dondozo
|-damage|p1a: Dondozo|78/100
|cant|p1a: Dondozo|flinch
|
|upkeep
|turn|20
|
|t:|1757870279
|move|p2a: Skarmory|Iron Head|p1a: Dondozo
|-resisted|p1a: Dondozo
|-damage|p1a: Dondozo|74/100
|move|p1a: Dondozo|Wave Crash|p2a: Skarmory
|-damage|p2a: Skarmory|54/100
|-damage|p1a: Dondozo|57/100|[from] item: Rocky Helmet|[of] p2a: Skarmory
|-ability|p2a: Skarmory|Weak Armor|boost
|-unboost|p2a: Skarmory|def|1
|-boost|p2a: Skarmory|spe|2
|-damage|p1a: Dondozo|47/100|[from] Recoil
|
|-end|p1a: Dondozo|move: Taunt
|upkeep
|turn|21
|
|t:|1757870299
|move|p2a: Skarmory|Taunt|p1a: Dondozo
|-start|p1a: Dondozo|move: Taunt
|cant|p1a: Dondozo|move: Taunt|Rest
|
|upkeep
|turn|22
|
|t:|1757870305
|move|p2a: Skarmory|Roost|p2a: Skarmory
|-heal|p2a: Skarmory|100/100
|-singleturn|p2a: Skarmory|move: Roost
|move|p1a: Dondozo|Wave Crash|p2a: Skarmory
|-damage|p2a: Skarmory|53/100
|-damage|p1a: Dondozo|30/100|[from] item: Rocky Helmet|[of] p2a: Skarmory
|-ability|p2a: Skarmory|Weak Armor|boost
|-unboost|p2a: Skarmory|def|1
|-boost|p2a: Skarmory|spe|2
|-damage|p1a: Dondozo|20/100|[from] Recoil
|
|upkeep
|turn|23
|
|t:|1757870317
|move|p2a: Skarmory|Roost|p2a: Skarmory
|-heal|p2a: Skarmory|100/100
|-singleturn|p2a: Skarmory|move: Roost
|move|p1a: Dondozo|Wave Crash|p2a: Skarmory
|-damage|p2a: Skarmory|54/100
|-damage|p1a: Dondozo|3/100|[from] item: Rocky Helmet|[of] p2a: Skarmory
|-ability|p2a: Skarmory|Weak Armor|boost
|-unboost|p2a: Skarmory|def|1
|-boost|p2a: Skarmory|spe|2
|-damage|p1a: Dondozo|0 fnt|[from] Recoil
|faint|p1a: Dondozo
|
|win|redfeatherz
|raw|arhg955's rating: 1312 &rarr; <strong>1294</strong><br />(-18 for losing)
|raw|redfeatherz's rating: 1343 &rarr; <strong>1361</strong><br />(+18 for winning)
|l|☆redfeatherz
|player|p2|
