|j|☆EddusEatzAlot
|j|☆henry151th
|t:|1757823257
|gametype|singles
|player|p1|EddusEatzAlot|steven|1400
|player|p2|henry151th|wallace|1501
|gen|9
|tier|[Gen 9] OU
|rated|
|rule|HP Percentage Mod: HP is shown in percentages
|rule|Endless Battle Clause: Forcing endless battles is banned
|rule|Species Clause: Limit one of each Pokémon
|rule|OHKO Clause: OHKO moves are banned
|rule|Evasion Items Clause: Evasion items are banned
|rule|Evasion Moves Clause: Evasion moves are banned
|rule|Evasion Abilities Clause: Evasion abilities are banned
|rule|Sleep Moves Clause: Sleep-inducing moves are banned
|clearpoke
|poke|p1|Rillaboom, F|
|poke|p1|Great Tusk|
|poke|p1|Slowking-Galar, F|
|poke|p1|Dragapult, M|
|poke|p1|Heatran, M|
|poke|p1|Weavile, F|
|poke|p2|Dragapult, M|
|poke|p2|Glimmora, M|
|poke|p2|Comfey, M|
|poke|p2|Kingambit, M|
|poke|p2|Ogerpon-Wellspring, F|
|poke|p2|Blaziken, M|
|teampreview
|
|t:|1757823262
|teamsize|p1|6
|teamsize|p2|6
|start
|switch|p1a: Great Tusk|Great Tusk|100/100
|switch|p2a: Blaziken|Blaziken, M, shiny|100/100
|turn|1
|
|t:|1757823265
|switch|p2a: Ogerpon|Ogerpon-Wellspring, F|100/100
|move|p1a: Great Tusk|Rapid Spin|p2a: Ogerpon
|-damage|p2a: Ogerpon|79/100
|-boost|p1a: Great Tusk|spe|1
|
|upkeep
|turn|2
|
|t:|1757823269
|-end|p1a: Great Tusk|Protosynthesis|[silent]
|switch|p1a: Dragapult|Dragapult, M|100/100
|move|p2a: Ogerpon|Ivy Cudgel|p1a: Dragapult|[anim] Ivy Cudgel Water
|-resisted|p1a: Dragapult
|-damage|p1a: Dragapult|56/100
|
|-heal|p1a: Dragapult|62/100|[from] item: Leftovers
|upkeep
|turn|3
|
|t:|1757823273
|move|p1a: Dragapult|Will-O-Wisp|p2a: Ogerpon
|-status|p2a: Ogerpon|brn
|move|p2a: Ogerpon|U-turn|p1a: Dragapult
|-resisted|p1a: Dragapult
|-damage|p1a: Dragapult|52/100
|
|t:|1757823276
|switch|p2a: Blaziken|Blaziken, M, shiny|100/100|[from] U-turn
|
|-heal|p1a: Dragapult|58/100|[from] item: Leftovers
|upkeep
|turn|4
|
|t:|1757823281
|move|p1a: Dragapult|Dragon Darts|p2a: Blaziken
|-damage|p2a: Blaziken|72/100
|-anim|p1a: Dragapult|Dragon Darts|p2a: Blaziken
|-damage|p2a: Blaziken|40/100
|move|p2a: Blaziken|Knock Off|p1a: Dragapult
|-supereffective|p1a: Dragapult
|-damage|p1a: Dragapult|0 fnt
|-enditem|p1a: Dragapult|Leftovers|[from] move: Knock Off|[of] p2a: Blaziken
|faint|p1a: Dragapult
|-damage|p2a: Blaziken|30/100|[from] item: Life Orb
|
|-ability|p2a: Blaziken|Speed Boost|boost
|-boost|p2a: Blaziken|spe|1
|upkeep
|
|t:|1757823289
|switch|p1a: Great Tusk|Great Tusk|100/100
|turn|5
|
|t:|1757823292
|move|p2a: Blaziken|Protect|p2a: Blaziken
|-singleturn|p2a: Blaziken|Protect
|move|p1a: Great Tusk|Headlong Rush|p2a: Blaziken
|-activate|p2a: Blaziken|move: Protect
|
|-ability|p2a: Blaziken|Speed Boost|boost
|-boost|p2a: Blaziken|spe|1
|upkeep
|turn|6
|
|t:|1757823294
|move|p2a: Blaziken|Flare Blitz|p1a: Great Tusk
|-damage|p1a: Great Tusk|35/100
|-damage|p2a: Blaziken|3/100|[from] Recoil
|-damage|p2a: Blaziken|0 fnt|[from] item: Life Orb
|faint|p2a: Blaziken
|move|p1a: Great Tusk|Headlong Rush|p2: Blaziken|[notarget]
|-fail|p1a: Great Tusk
|
|upkeep
|
|t:|1757823301
|switch|p2a: Dragapult|Dragapult, M, shiny|100/100
|turn|7
|
|t:|1757823303
|move|p2a: Dragapult|Shadow Ball|p1a: Great Tusk
|-damage|p1a: Great Tusk|0 fnt
|faint|p1a: Great Tusk
|-end|p1a: Great Tusk|Protosynthesis|[silent]
|-damage|p2a: Dragapult|91/100|[from] item: Life Orb
|
|upkeep
|
|t:|1757823308
|switch|p1a: Heatran|Heatran, M|100/100
|turn|8
|
|t:|1757823313
|move|p2a: Dragapult|Shadow Ball|p1a: Heatran
|-crit|p1a: Heatran
|-damage|p1a: Heatran|35/100
|-damage|p2a: Dragapult|81/100|[from] item: Life Orb
|move|p1a: Heatran|Lava Plume|p2a: Dragapult
|-resisted|p2a: Dragapult
|-damage|p2a: Dragapult|44/100
|
|upkeep
|turn|9
|
|t:|1757823323
|move|p2a: Dragapult|Shadow Ball|p1a: Heatran
|-damage|p1a: Heatran|0 fnt
|faint|p1a: Heatran
|-damage|p2a: Dragapult|34/100|[from] item: Life Orb
|
|upkeep
|
|t:|1757823327
|switch|p1a: Weavile|Weavile, F|100/100
|-ability|p1a: Weavile|Pressure
|turn|10
|
|t:|1757823333
|move|p1a: Weavile|Ice Shard|p2a: Dragapult
|-supereffective|p2a: Dragapult
|-damage|p2a: Dragapult|0 fnt
|faint|p2a: Dragapult
|
|upkeep
|
|t:|1757823336
|switch|p2a: Comfey|Comfey, M, shiny|100/100
|turn|11
|
|t:|1757823343
|switch|p1a: Slowking|Slowking-Galar, F|100/100
|move|p2a: Comfey|Calm Mind|p2a: Comfey
|-boost|p2a: Comfey|spa|1
|-boost|p2a: Comfey|spd|1
|
|upkeep
|turn|12
|
|t:|1757823347
|-terastallize|p2a: Comfey|Ground
|move|p2a: Comfey|Substitute|p2a: Comfey
|-start|p2a: Comfey|Substitute
|-damage|p2a: Comfey|76/100
|move|p1a: Slowking|Future Sight|p2a: Comfey
|-start|p1a: Slowking|move: Future Sight
|
|upkeep
|turn|13
|
|t:|1757823351
|move|p2a: Comfey|Calm Mind|p2a: Comfey
|-boost|p2a: Comfey|spa|1
|-boost|p2a: Comfey|spd|1
|-prepare|p1a: Slowking|Chilly Reception|[premajor]
|move|p1a: Slowking|Chilly Reception|p1a: Slowking
|-weather|Snowscape
|
|t:|1757823353
|switch|p1a: Rillaboom|Rillaboom, F|100/100|[from] Chilly Reception
|-fieldstart|move: Grassy Terrain|[from] ability: Grassy Surge|[of] p1a: Rillaboom
|
|-weather|Snowscape|[upkeep]
|-heal|p2a: Comfey|82/100|[from] Grassy Terrain
|upkeep
|turn|14
|
|t:|1757823360
|move|p2a: Comfey|Calm Mind|p2a: Comfey
|-boost|p2a: Comfey|spa|1
|-boost|p2a: Comfey|spd|1
|move|p1a: Rillaboom|Wood Hammer|p2a: Comfey
|-supereffective|p2a: Comfey
|-end|p2a: Comfey|Substitute
|-damage|p1a: Rillaboom|94/100|[from] Recoil|[of] p2a: Comfey
|
|-weather|Snowscape|[upkeep]
|-end|p2a: Comfey|move: Future Sight
|-damage|p2a: Comfey|60/100
|-heal|p2a: Comfey|66/100|[from] Grassy Terrain
|-heal|p1a: Rillaboom|100/100|[from] Grassy Terrain
|upkeep
|turn|15
|
|t:|1757823373
|move|p2a: Comfey|Draining Kiss|p1a: Rillaboom
|-damage|p1a: Rillaboom|19/100
|-heal|p2a: Comfey|100/100|[from] drain|[of] p1a: Rillaboom
|-damage|p2a: Comfey|91/100|[from] item: Life Orb
|move|p1a: Rillaboom|Wood Hammer|p2a: Comfey
|-supereffective|p2a: Comfey
|-damage|p2a: Comfey|0 fnt
|faint|p2a: Comfey
|-damage|p1a: Rillaboom|0 fnt|[from] Recoil
|faint|p1a: Rillaboom
|
|-weather|Snowscape|[upkeep]
|upkeep
|
|t:|1757823380
|switch|p2a: Kingambit|Kingambit, M, shiny|100/100
|switch|p1a: Weavile|Weavile, F|100/100
|-ability|p1a: Weavile|Pressure
|-activate|p2a: Kingambit|ability: Supreme Overlord
|-start|p2a: Kingambit|fallen3|[silent]
|turn|16
|
|t:|1757823383
|move|p1a: Weavile|Low Kick|p2a: Kingambit
|-supereffective|p2a: Kingambit
|-damage|p2a: Kingambit|0 fnt
|faint|p2a: Kingambit
|-end|p2a: Kingambit|fallen3|[silent]
|
|-weather|Snowscape|[upkeep]
|upkeep
|
|t:|1757823390
|switch|p2a: Ogerpon|Ogerpon-Wellspring, F|79/100 brn
|turn|17
|
|t:|1757823393
|move|p1a: Weavile|Triple Axel|p2a: Ogerpon
|-damage|p2a: Ogerpon|66/100 brn
|-damage|p2a: Ogerpon|39/100 brn
|-damage|p2a: Ogerpon|3/100 brn
|-hitcount|p2a: Ogerpon|3
|move|p2a: Ogerpon|Spikes|p1a: Weavile
|-sidestart|p1: EddusEatzAlot|Spikes
|
|-weather|none
|-heal|p2a: Ogerpon|9/100 brn|[from] Grassy Terrain
|-damage|p2a: Ogerpon|3/100 brn|[from] brn
|-fieldend|move: Grassy Terrain
|upkeep
|turn|18
|
|t:|1757823400
|move|p1a: Weavile|Knock Off|p2a: Ogerpon
|-damage|p2a: Ogerpon|0 fnt
|faint|p2a: Ogerpon
|
|upkeep
|
|t:|1757823401
|switch|p2a: Glimmora|Glimmora, M, shiny|100/100
|turn|19
|
|t:|1757823404
|-terastallize|p1a: Weavile|Dark
|move|p1a: Weavile|Knock Off|p2a: Glimmora
|-damage|p2a: Glimmora|55/100
|-activate|p2a: Glimmora|ability: Toxic Debris
|-sidestart|p1: EddusEatzAlot|move: Toxic Spikes
|-enditem|p2a: Glimmora|Red Card|[from] move: Knock Off|[of] p1a: Weavile
|move|p2a: Glimmora|Earth Power|p1a: Weavile
|-damage|p1a: Weavile|67/100
|
|upkeep
|turn|20
|-message|henry151th forfeited.
|
|win|EddusEatzAlot
|raw|EddusEatzAlot's rating: 1400 &rarr; <strong>1426</strong><br />(+26 for winning)
|raw|henry151th's rating: 1501 &rarr; <strong>1475</strong><br />(-26 for losing)
|c|☆EddusEatzAlot|gg
|c|☆EddusEatzAlot|wp
|l|☆EddusEatzAlot
|player|p1|
