|j|☆fjiudfihdhf
|j|☆teamcrystalrocket
|t:|1757824517
|gametype|singles
|player|p1|fjiudfihdhf|170|1144
|player|p2|teamcrystalrocket|266|1187
|gen|9
|tier|[Gen 9] OU
|rated|
|rule|HP Percentage Mod: HP is shown in percentages
|rule|Endless Battle Clause: Forcing endless battles is banned
|rule|Species Clause: Limit one of each Pokémon
|rule|OHKO Clause: OHKO moves are banned
|rule|Evasion Items Clause: Evasion items are banned
|rule|Evasion Moves Clause: Evasion moves are banned
|rule|Evasion Abilities Clause: Evasion abilities are banned
|rule|Sleep Moves Clause: Sleep-inducing moves are banned
|clearpoke
|poke|p1|Alomomola, M|
|poke|p1|Weavile, F|
|poke|p1|Great Tusk|
|poke|p1|Iron Crown|
|poke|p1|Dragonite, M|
|poke|p1|Fezandipiti, M|
|poke|p2|Skeledirge, M|
|poke|p2|Glimmora, F|
|poke|p2|Meowscarada, M|
|poke|p2|Great Tusk|
|poke|p2|Kingambit, M|
|poke|p2|Quagsire, F|
|teampreview
|inactive|Battle timer is ON: inactive players will automatically lose when time's up. (requested by teamcrystalrocket)
|
|t:|1757824525
|teamsize|p1|6
|teamsize|p2|6
|start
|switch|p1a: Fezandipiti|Fezandipiti, M|100/100
|switch|p2a: Skeledirge|Skeledirge, M|100/100
|-item|p1a: Fezandipiti|Air Balloon
|turn|1
|
|t:|1757824532
|move|p1a: Fezandipiti|U-turn|p2a: Skeledirge
|-resisted|p2a: Skeledirge
|-damage|p2a: Skeledirge|98/100
|
|t:|1757824536
|switch|p1a: Alomomola|Alomomola, M|100/100|[from] U-turn
|move|p2a: Skeledirge|Will-O-Wisp|p1a: Alomomola
|-status|p1a: Alomomola|brn
|
|-heal|p2a: Skeledirge|100/100|[from] item: Leftovers
|-damage|p1a: Alomomola|94/100 brn|[from] brn
|upkeep
|turn|2
|
|t:|1757824546
|switch|p2a: Glimmora|Glimmora, F, shiny|100/100
|move|p1a: Alomomola|Scald|p2a: Glimmora
|-supereffective|p2a: Glimmora
|-damage|p2a: Glimmora|61/100
|
|-damage|p1a: Alomomola|88/100 brn|[from] brn
|upkeep
|turn|3
|
|t:|1757824554
|move|p2a: Glimmora|Stealth Rock|p1a: Alomomola
|-sidestart|p1: fjiudfihdhf|move: Stealth Rock
|move|p1a: Alomomola|Scald|p2a: Glimmora
|-supereffective|p2a: Glimmora
|-damage|p2a: Glimmora|22/100
|
|-damage|p1a: Alomomola|82/100 brn|[from] brn
|upkeep
|turn|4
|
|t:|1757824562
|switch|p2a: Quagsire|Quagsire, F, shiny|100/100
|move|p1a: Alomomola|Scald|p2a: Quagsire
|-damage|p2a: Quagsire|83/100
|
|-damage|p1a: Alomomola|76/100 brn|[from] brn
|upkeep
|turn|5
|
|t:|1757824569
|move|p1a: Alomomola|Wish|p1a: Alomomola
|move|p2a: Quagsire|Stockpile|p2a: Quagsire
|-start|p2a: Quagsire|stockpile1
|-boost|p2a: Quagsire|def|1
|-boost|p2a: Quagsire|spd|1
|
|-damage|p1a: Alomomola|70/100 brn|[from] brn
|upkeep
|turn|6
|
|t:|1757824584
|move|p1a: Alomomola|Scald|p2a: Quagsire
|-damage|p2a: Quagsire|72/100
|move|p2a: Quagsire|Stockpile|p2a: Quagsire
|-start|p2a: Quagsire|stockpile2
|-boost|p2a: Quagsire|def|1
|-boost|p2a: Quagsire|spd|1
|
|-heal|p1a: Alomomola|100/100 brn|[from] move: Wish|[wisher] Alomomola
|-damage|p1a: Alomomola|94/100 brn|[from] brn
|upkeep
|turn|7
|
|t:|1757824595
|move|p1a: Alomomola|Scald|p2a: Quagsire
|-damage|p2a: Quagsire|63/100
|-status|p2a: Quagsire|brn
|move|p2a: Quagsire|Recover|p2a: Quagsire
|-heal|p2a: Quagsire|100/100 brn
|
|-damage|p1a: Alomomola|88/100 brn|[from] brn
|-damage|p2a: Quagsire|94/100 brn|[from] brn
|upkeep
|turn|8
|
|t:|1757824604
|move|p1a: Alomomola|Wish|p1a: Alomomola
|move|p2a: Quagsire|Liquidation|p1a: Alomomola
|-resisted|p1a: Alomomola
|-damage|p1a: Alomomola|84/100 brn
|
|-damage|p1a: Alomomola|78/100 brn|[from] brn
|-damage|p2a: Quagsire|88/100 brn|[from] brn
|upkeep
|turn|9
|
|t:|1757824621
|move|p1a: Alomomola|Scald|p2a: Quagsire
|-damage|p2a: Quagsire|79/100 brn
|move|p2a: Quagsire|Stockpile|p2a: Quagsire
|-start|p2a: Quagsire|stockpile3
|-boost|p2a: Quagsire|def|1
|-boost|p2a: Quagsire|spd|1
|
|-heal|p1a: Alomomola|100/100 brn|[from] move: Wish|[wisher] Alomomola
|-damage|p1a: Alomomola|94/100 brn|[from] brn
|-damage|p2a: Quagsire|73/100 brn|[from] brn
|upkeep
|turn|10
|
|t:|1757824631
|move|p1a: Alomomola|Scald|p2a: Quagsire
|-damage|p2a: Quagsire|66/100 brn
|move|p2a: Quagsire|Recover|p2a: Quagsire
|-heal|p2a: Quagsire|100/100 brn
|
|-damage|p1a: Alomomola|88/100 brn|[from] brn
|-damage|p2a: Quagsire|94/100 brn|[from] brn
|upkeep
|turn|11
|
|t:|1757824639
|move|p1a: Alomomola|Scald|p2a: Quagsire
|-damage|p2a: Quagsire|88/100 brn
|move|p2a: Quagsire|Liquidation|p1a: Alomomola
|-resisted|p1a: Alomomola
|-damage|p1a: Alomomola|84/100 brn
|
|-damage|p1a: Alomomola|78/100 brn|[from] brn
|-damage|p2a: Quagsire|81/100 brn|[from] brn
|upkeep
|turn|12
|
|t:|1757824650
|move|p1a: Alomomola|Wish|p1a: Alomomola
|move|p2a: Quagsire|Liquidation|p1a: Alomomola
|-resisted|p1a: Alomomola
|-damage|p1a: Alomomola|74/100 brn
|-unboost|p1a: Alomomola|def|1
|
|-damage|p1a: Alomomola|67/100 brn|[from] brn
|-damage|p2a: Quagsire|75/100 brn|[from] brn
|upkeep
|turn|13
|
|t:|1757824670
|move|p1a: Alomomola|Flip Turn|p2a: Quagsire
|-damage|p2a: Quagsire|73/100 brn
|-damage|p1a: Alomomola|51/100 brn|[from] item: Rocky Helmet|[of] p2a: Quagsire
|
|t:|1757824675
|switch|p1a: Dragonite|Dragonite, M|100/100|[from] Flip Turn
|move|p2a: Quagsire|Recover|p2a: Quagsire
|-heal|p2a: Quagsire|100/100 brn
|
|-damage|p2a: Quagsire|94/100 brn|[from] brn
|upkeep
|turn|14
|
|t:|1757824683
|switch|p1a: Alomomola|Alomomola, M|84/100 brn
|move|p2a: Quagsire|Toxic||[still]
|-fail|p2a: Quagsire
|
|-damage|p1a: Alomomola|78/100 brn|[from] brn
|-damage|p2a: Quagsire|88/100 brn|[from] brn
|upkeep
|turn|15
|
|t:|1757824691
|move|p1a: Alomomola|Wish|p1a: Alomomola
|move|p2a: Quagsire|Liquidation|p1a: Alomomola
|-resisted|p1a: Alomomola
|-crit|p1a: Alomomola
|-damage|p1a: Alomomola|72/100 brn
|
|-damage|p1a: Alomomola|65/100 brn|[from] brn
|-damage|p2a: Quagsire|82/100 brn|[from] brn
|upkeep
|turn|16
|
|t:|1757824704
|move|p1a: Alomomola|Flip Turn|p2a: Quagsire
|-damage|p2a: Quagsire|80/100 brn
|-damage|p1a: Alomomola|49/100 brn|[from] item: Rocky Helmet|[of] p2a: Quagsire
|
|t:|1757824706
|switch|p1a: Iron Crown|Iron Crown|100/100|[from] Flip Turn
|-damage|p1a: Iron Crown|94/100|[from] Stealth Rock
|move|p2a: Quagsire|Liquidation|p1a: Iron Crown
|-damage|p1a: Iron Crown|81/100
|
|-heal|p1a: Iron Crown|100/100|[from] move: Wish|[wisher] Alomomola
|-damage|p2a: Quagsire|74/100 brn|[from] brn
|upkeep
|turn|17
|
|t:|1757824717
|move|p1a: Iron Crown|Psychic Noise|p2a: Quagsire
|-crit|p2a: Quagsire
|-damage|p2a: Quagsire|2/100 brn
|-start|p2a: Quagsire|move: Heal Block
|move|p2a: Quagsire|Liquidation|p1a: Iron Crown
|-damage|p1a: Iron Crown|88/100
|
|-damage|p2a: Quagsire|0 fnt|[from] brn
|faint|p2a: Quagsire
|upkeep
|
|t:|1757824727
|switch|p2a: Meowscarada|Meowscarada, M|100/100
|turn|18
|
|t:|1757824733
|-end|p1a: Iron Crown|Quark Drive|[silent]
|switch|p1a: Fezandipiti|Fezandipiti, M|100/100
|-damage|p1a: Fezandipiti|88/100|[from] Stealth Rock
|-item|p1a: Fezandipiti|Air Balloon
|move|p2a: Meowscarada|Knock Off|p1a: Fezandipiti
|-start|p2a: Meowscarada|typechange|Dark|[from] ability: Protean
|-resisted|p1a: Fezandipiti
|-damage|p1a: Fezandipiti|74/100
|-enditem|p1a: Fezandipiti|Air Balloon
|
|upkeep
|turn|19
|
|t:|1757824744
|switch|p2a: Skeledirge|Skeledirge, M|100/100
|move|p1a: Fezandipiti|U-turn|p2a: Skeledirge
|-resisted|p2a: Skeledirge
|-damage|p2a: Skeledirge|99/100
|
|t:|1757824750
|switch|p1a: Alomomola|Alomomola, M|82/100 brn|[from] U-turn
|
|-heal|p2a: Skeledirge|100/100|[from] item: Leftovers
|-damage|p1a: Alomomola|76/100 brn|[from] brn
|upkeep
|turn|20
|
|t:|1757824757
|-terastallize|p2a: Skeledirge|Fairy
|move|p2a: Skeledirge|Hex|p1a: Alomomola
|-damage|p1a: Alomomola|33/100 brn
|move|p1a: Alomomola|Flip Turn|p2a: Skeledirge
|-damage|p2a: Skeledirge|96/100
|
|t:|1757824767
|switch|p1a: Fezandipiti|Fezandipiti, M|74/100|[from] Flip Turn
|-damage|p1a: Fezandipiti|61/100|[from] Stealth Rock
|
|-heal|p2a: Skeledirge|100/100|[from] item: Leftovers
|upkeep
|turn|21
|
|t:|1757824774
|switch|p2a: Glimmora|Glimmora, F, shiny|22/100
|move|p1a: Fezandipiti|Dual Wingbeat|p2a: Glimmora
|-resisted|p2a: Glimmora
|-damage|p2a: Glimmora|17/100
|-activate|p2a: Glimmora|ability: Toxic Debris
|-sidestart|p1: fjiudfihdhf|move: Toxic Spikes
|-resisted|p2a: Glimmora
|-damage|p2a: Glimmora|12/100
|-activate|p2a: Glimmora|ability: Toxic Debris
|-sidestart|p1: fjiudfihdhf|move: Toxic Spikes
|-hitcount|p2a: Glimmora|2
|
|upkeep
|turn|22
|
|t:|1757824785
|move|p2a: Glimmora|Earth Power|p1a: Fezandipiti
|-supereffective|p1a: Fezandipiti
|-damage|p1a: Fezandipiti|13/100
|move|p1a: Fezandipiti|Dual Wingbeat|p2a: Glimmora
|-resisted|p2a: Glimmora
|-damage|p2a: Glimmora|6/100
|-resisted|p2a: Glimmora
|-damage|p2a: Glimmora|1/100
|-hitcount|p2a: Glimmora|2
|
|upkeep
|turn|23
|
|t:|1757824794
|switch|p1a: Dragonite|Dragonite, M|100/100
|move|p2a: Glimmora|Earth Power|p1a: Dragonite
|-immune|p1a: Dragonite
|
|upkeep
|turn|24
|
|t:|1757824801
|move|p1a: Dragonite|Extreme Speed|p2a: Glimmora
|-resisted|p2a: Glimmora
|-damage|p2a: Glimmora|0 fnt
|faint|p2a: Glimmora
|
|upkeep
|
|t:|1757824806
|switch|p2a: Skeledirge|Skeledirge, M, tera:Fairy|100/100
|turn|25
|
|t:|1757824813
|switch|p1a: Alomomola|Alomomola, M|67/100 brn
|move|p2a: Skeledirge|Will-O-Wisp|p1a: Alomomola
|-fail|p1a: Alomomola|brn
|
|-damage|p1a: Alomomola|60/100 brn|[from] brn
|upkeep
|turn|26
|
|t:|1757824820
|move|p2a: Skeledirge|Hex|p1a: Alomomola
|-damage|p1a: Alomomola|23/100 brn
|move|p1a: Alomomola|Wish|p1a: Alomomola
|
|-damage|p1a: Alomomola|17/100 brn|[from] brn
|upkeep
|turn|27
|
|t:|1757824826
|move|p2a: Skeledirge|Hex|p1a: Alomomola
|-damage|p1a: Alomomola|0 fnt
|faint|p1a: Alomomola
|
|upkeep
|
|t:|1757824830
|switch|p1a: Fezandipiti|Fezandipiti, M|13/100
|-damage|p1a: Fezandipiti|0 fnt|[from] Stealth Rock
|faint|p1a: Fezandipiti
|
|t:|1757824834
|switch|p1a: Great Tusk|Great Tusk, shiny|100/100
|turn|28
|
|t:|1757824840
|-terastallize|p1a: Great Tusk|Fire
|move|p1a: Great Tusk|Rapid Spin|p2a: Skeledirge
|-damage|p2a: Skeledirge|91/100
|-boost|p1a: Great Tusk|spe|1
|-sideend|p1: fjiudfihdhf|Toxic Spikes|[from] move: Rapid Spin|[of] p1a: Great Tusk
|-sideend|p1: fjiudfihdhf|Stealth Rock|[from] move: Rapid Spin|[of] p1a: Great Tusk
|move|p2a: Skeledirge|Will-O-Wisp|p1a: Great Tusk
|-immune|p1a: Great Tusk
|
|-heal|p2a: Skeledirge|97/100|[from] item: Leftovers
|upkeep
|turn|29
|
|t:|1757824850
|switch|p2a: Great Tusk|Great Tusk, shiny|100/100
|move|p1a: Great Tusk|Stealth Rock|p2a: Great Tusk
|-sidestart|p2: teamcrystalrocket|move: Stealth Rock
|
|upkeep
|turn|30
|
|t:|1757824857
|-end|p1a: Great Tusk|Protosynthesis|[silent]
|switch|p1a: Dragonite|Dragonite, M|100/100
|move|p2a: Great Tusk|Rapid Spin|p1a: Dragonite
|-damage|p1a: Dragonite|92/100
|-boost|p2a: Great Tusk|spe|1
|-sideend|p2: teamcrystalrocket|Stealth Rock|[from] move: Rapid Spin|[of] p2a: Great Tusk
|
|upkeep
|turn|31
|
|t:|1757824876
|move|p1a: Dragonite|Extreme Speed|p2a: Great Tusk
|-damage|p2a: Great Tusk|82/100
|move|p2a: Great Tusk|Ice Spinner|p1a: Dragonite
|-supereffective|p1a: Dragonite
|-damage|p1a: Dragonite|0 fnt
|faint|p1a: Dragonite
|
|upkeep
|inactive|fjiudfihdhf has 120 seconds left.
|
|t:|1757824905
|switch|p1a: Great Tusk|Great Tusk, shiny, tera:Fire|100/100
|turn|32
|
|t:|1757824932
|move|p2a: Great Tusk|Headlong Rush|p1a: Great Tusk
|-supereffective|p1a: Great Tusk
|-damage|p1a: Great Tusk|30/100
|-unboost|p2a: Great Tusk|def|1
|-unboost|p2a: Great Tusk|spd|1
|move|p1a: Great Tusk|Ice Spinner|p2a: Great Tusk
|-supereffective|p2a: Great Tusk
|-damage|p2a: Great Tusk|28/100
|
|upkeep
|turn|33
|
|t:|1757824940
|move|p2a: Great Tusk|Headlong Rush|p1a: Great Tusk
|-supereffective|p1a: Great Tusk
|-damage|p1a: Great Tusk|0 fnt
|-unboost|p2a: Great Tusk|def|1
|-unboost|p2a: Great Tusk|spd|1
|faint|p1a: Great Tusk
|-end|p1a: Great Tusk|Protosynthesis|[silent]
|
|upkeep
|
|t:|1757824943
|switch|p1a: Weavile|Weavile, F|100/100
|-ability|p1a: Weavile|Pressure
|turn|34
|
|t:|1757824949
|move|p1a: Weavile|Ice Shard|p2a: Great Tusk
|-supereffective|p2a: Great Tusk
|-damage|p2a: Great Tusk|0 fnt
|faint|p2a: Great Tusk
|-end|p2a: Great Tusk|Protosynthesis|[silent]
|
|upkeep
|
|t:|1757824954
|switch|p2a: Skeledirge|Skeledirge, M, tera:Fairy|97/100
|turn|35
|
|t:|1757824960
|switch|p1a: Iron Crown|Iron Crown|88/100
|move|p2a: Skeledirge|Torch Song|p1a: Iron Crown
|-supereffective|p1a: Iron Crown
|-damage|p1a: Iron Crown|46/100
|-boost|p2a: Skeledirge|spa|1
|
|-heal|p2a: Skeledirge|100/100|[from] item: Leftovers
|upkeep
|turn|36
|
|t:|1757824968
|move|p1a: Iron Crown|Tachyon Cutter|p2a: Skeledirge
|-supereffective|p2a: Skeledirge
|-damage|p2a: Skeledirge|48/100
|-supereffective|p2a: Skeledirge
|-damage|p2a: Skeledirge|0 fnt
|faint|p2a: Skeledirge
|-hitcount|p2: Skeledirge|2
|
|upkeep
|
|t:|1757824975
|switch|p2a: Meowscarada|Meowscarada, M|100/100
|turn|37
|
|t:|1757824978
|-end|p1a: Iron Crown|Quark Drive|[silent]
|switch|p1a: Weavile|Weavile, F|100/100
|-ability|p1a: Weavile|Pressure
|move|p2a: Meowscarada|U-turn|p1a: Weavile
|-start|p2a: Meowscarada|typechange|Bug|[from] ability: Protean
|-supereffective|p1a: Weavile
|-damage|p1a: Weavile|11/100
|
|t:|1757824986
|switch|p2a: Kingambit|Kingambit, M|100/100|[from] U-turn
|-activate|p2a: Kingambit|ability: Supreme Overlord
|-start|p2a: Kingambit|fallen4|[silent]
|
|upkeep
|turn|38
|
|t:|1757824991
|move|p1a: Weavile|Low Kick|p2a: Kingambit
|-supereffective|p2a: Kingambit
|-damage|p2a: Kingambit|0 fnt
|faint|p2a: Kingambit
|-end|p2a: Kingambit|fallen4|[silent]
|
|upkeep
|
|t:|1757824996
|switch|p2a: Meowscarada|Meowscarada, M|100/100
|turn|39
|
|t:|1757824999
|move|p2a: Meowscarada|U-turn|p1a: Weavile
|-start|p2a: Meowscarada|typechange|Bug|[from] ability: Protean
|-supereffective|p1a: Weavile
|-damage|p1a: Weavile|0 fnt
|faint|p1a: Weavile
|
|upkeep
|
|t:|1757825001
|switch|p1a: Iron Crown|Iron Crown|46/100
|turn|40
|
|t:|1757825006
|move|p2a: Meowscarada|U-turn|p1a: Iron Crown
|-damage|p1a: Iron Crown|19/100
|move|p1a: Iron Crown|Tachyon Cutter|p2a: Meowscarada
|-damage|p2a: Meowscarada|68/100
|-damage|p2a: Meowscarada|36/100
|-hitcount|p2a: Meowscarada|2
|
|upkeep
|turn|41
|
|t:|1757825013
|move|p2a: Meowscarada|U-turn|p1a: Iron Crown
|-damage|p1a: Iron Crown|0 fnt
|faint|p1a: Iron Crown
|-end|p1a: Iron Crown|Quark Drive|[silent]
|
|win|teamcrystalrocket
|raw|fjiudfihdhf's rating: 1144 &rarr; <strong>1122</strong><br />(-22 for losing)
|raw|teamcrystalrocket's rating: 1187 &rarr; <strong>1209</strong><br />(+22 for winning)
|l|☆fjiudfihdhf
|player|p1|
|l|☆teamcrystalrocket
|player|p2|
