|j|☆Crocodile E
|j|☆Mreda
|t:|1757839502
|gametype|singles
|player|p1|Crocodile E|pokemaniac|1432
|player|p2|Mreda|steven|1463
|gen|9
|tier|[Gen 9] OU
|rated|
|rule|HP Percentage Mod: HP is shown in percentages
|rule|Endless Battle Clause: Forcing endless battles is banned
|rule|Species Clause: Limit one of each Pokémon
|rule|OHKO Clause: OHKO moves are banned
|rule|Evasion Items Clause: Evasion items are banned
|rule|Evasion Moves Clause: Evasion moves are banned
|rule|Evasion Abilities Clause: Evasion abilities are banned
|rule|Sleep Moves Clause: Sleep-inducing moves are banned
|clearpoke
|poke|p1|Raging Bolt|
|poke|p1|Ninetales, F|
|poke|p1|Walking Wake|
|poke|p1|Hatterene, F|
|poke|p1|Landorus-Therian, M|
|poke|p1|Lokix, F|
|poke|p2|Moltres|
|poke|p2|Zamazenta-*|
|poke|p2|Corviknight, M|
|poke|p2|Garchomp, M|
|poke|p2|Clodsire, M|
|poke|p2|Kingambit, F|
|teampreview
|inactive|Battle timer is ON: inactive players will automatically lose when time's up. (requested by Crocodile E)
|inactive|Mreda has 120 seconds left.
|
|t:|1757839540
|teamsize|p1|6
|teamsize|p2|6
|start
|switch|p1a: Walking Wake|Walking Wake|100/100
|switch|p2a: Megalodon|Garchomp, M|100/100
|turn|1
|
|t:|1757839547
|switch|p2a: Jogäider|Clodsire, M|100/100
|move|p1a: Walking Wake|Draco Meteor|p2a: Jogäider
|-damage|p2a: Jogäider|39/100
|-unboost|p1a: Walking Wake|spa|2
|
|-heal|p2a: Jogäider|45/100|[from] item: Leftovers
|upkeep
|turn|2
|
|t:|1757839557
|move|p1a: Walking Wake|Draco Meteor|p2a: Jogäider
|-damage|p2a: Jogäider|16/100
|-unboost|p1a: Walking Wake|spa|2
|move|p2a: Jogäider|Recover|p2a: Jogäider
|-heal|p2a: Jogäider|66/100
|
|-heal|p2a: Jogäider|73/100|[from] item: Leftovers
|upkeep
|turn|3
|
|t:|1757839569
|-end|p1a: Walking Wake|Protosynthesis|[silent]
|switch|p1a: Landorus|Landorus-Therian, M, shiny|100/100
|-ability|p1a: Landorus|Intimidate|boost
|-unboost|p2a: Jogäider|atk|1
|switch|p2a: Fuego|Zamazenta|100/100
|-ability|p2a: Fuego|Dauntless Shield|boost
|-boost|p2a: Fuego|def|1
|
|upkeep
|turn|4
|
|t:|1757839578
|move|p2a: Fuego|Ice Fang|p1a: Landorus
|-supereffective|p1a: Landorus
|-crit|p1a: Landorus
|-damage|p1a: Landorus|0 fnt
|-damage|p2a: Fuego|84/100|[from] item: Rocky Helmet|[of] p1a: Landorus
|faint|p1a: Landorus
|
|upkeep
|
|t:|1757839583
|switch|p1a: Hatterene|Hatterene, F, shiny|100/100
|turn|5
|
|t:|1757839588
|switch|p2a: Hanzo|Kingambit, F|100/100
|move|p1a: Hatterene|Calm Mind|p1a: Hatterene
|-boost|p1a: Hatterene|spa|1
|-boost|p1a: Hatterene|spd|1
|
|upkeep
|turn|6
|
|t:|1757839610
|-terastallize|p2a: Hanzo|Dark
|-terastallize|p1a: Hatterene|Fire
|move|p2a: Hanzo|Iron Head|p1a: Hatterene
|-resisted|p1a: Hatterene
|-crit|p1a: Hatterene
|-damage|p1a: Hatterene|68/100
|move|p1a: Hatterene|Mystical Fire|p2a: Hanzo
|-damage|p2a: Hanzo|46/100
|-unboost|p2a: Hanzo|spa|1
|
|-heal|p1a: Hatterene|74/100|[from] item: Leftovers
|upkeep
|turn|7
|
|t:|1757839624
|-end|p2a: Hanzo|fallenundefined|[silent]
|switch|p2a: Jogäider|Clodsire, M|73/100
|move|p1a: Hatterene|Draining Kiss|p2a: Jogäider
|-resisted|p2a: Jogäider
|-damage|p2a: Jogäider|64/100
|-heal|p1a: Hatterene|84/100|[from] drain|[of] p2a: Jogäider
|
|-heal|p1a: Hatterene|90/100|[from] item: Leftovers
|-heal|p2a: Jogäider|70/100|[from] item: Leftovers
|upkeep
|turn|8
|
|t:|1757839634
|move|p1a: Hatterene|Psyshock|p2a: Jogäider
|-supereffective|p2a: Jogäider
|-damage|p2a: Jogäider|0 fnt
|faint|p2a: Jogäider
|
|-heal|p1a: Hatterene|96/100|[from] item: Leftovers
|upkeep
|
|t:|1757839643
|switch|p2a: Megalodon|Garchomp, M|100/100
|turn|9
|
|t:|1757839647
|move|p2a: Megalodon|Earthquake|p1a: Hatterene
|-supereffective|p1a: Hatterene
|-damage|p1a: Hatterene|1/100
|move|p1a: Hatterene|Draining Kiss|p2a: Megalodon
|-supereffective|p2a: Megalodon
|-damage|p2a: Megalodon|21/100
|-heal|p1a: Hatterene|68/100|[from] drain|[of] p2a: Megalodon
|-damage|p1a: Hatterene|56/100|[from] ability: Rough Skin|[of] p2a: Megalodon
|
|-heal|p1a: Hatterene|62/100|[from] item: Leftovers
|upkeep
|turn|10
|
|t:|1757839664
|switch|p1a: Lokix|Lokix, F, shiny|100/100
|move|p2a: Megalodon|Earthquake|p1a: Lokix
|-resisted|p1a: Lokix
|-damage|p1a: Lokix|63/100
|
|upkeep
|turn|11
|
|t:|1757839672
|switch|p2a: Igriş|Corviknight, M|100/100
|-ability|p2a: Igriş|Pressure
|move|p1a: Lokix|Knock Off|p2a: Igriş
|-damage|p2a: Igriş|57/100
|-damage|p1a: Lokix|47/100|[from] item: Rocky Helmet|[of] p2a: Igriş
|-enditem|p2a: Igriş|Rocky Helmet|[from] move: Knock Off|[of] p1a: Lokix
|
|upkeep
|turn|12
|
|t:|1757839682
|switch|p1a: Ninetales|Ninetales, F, shiny|100/100
|-weather|SunnyDay|[from] ability: Drought|[of] p1a: Ninetales
|move|p2a: Igriş|Brave Bird|p1a: Ninetales
|-damage|p1a: Ninetales|51/100
|-damage|p2a: Igriş|43/100|[from] Recoil
|
|-weather|SunnyDay|[upkeep]
|upkeep
|turn|13
|
|t:|1757839706
|move|p1a: Ninetales|Weather Ball|p2a: Igriş
|-supereffective|p2a: Igriş
|-damage|p2a: Igriş|0 fnt
|faint|p2a: Igriş
|
|-weather|SunnyDay|[upkeep]
|upkeep
|
|t:|1757839713
|switch|p2a: Megalodon|Garchomp, M|21/100
|turn|14
|
|t:|1757839725
|switch|p1a: Lokix|Lokix, F, shiny|47/100
|move|p2a: Megalodon|Scale Shot|p1a: Lokix
|-damage|p1a: Lokix|28/100
|-damage|p1a: Lokix|9/100
|-damage|p1a: Lokix|0 fnt
|faint|p1a: Lokix
|-hitcount|p1: Lokix|3
|-unboost|p2a: Megalodon|def|1
|-boost|p2a: Megalodon|spe|1
|
|-weather|SunnyDay|[upkeep]
|upkeep
|
|t:|1757839735
|switch|p1a: Walking Wake|Walking Wake|100/100
|-activate|p1a: Walking Wake|ability: Protosynthesis
|-start|p1a: Walking Wake|protosynthesisspa
|turn|15
|
|t:|1757839762
|move|p2a: Megalodon|Scale Shot|p1a: Walking Wake
|-supereffective|p1a: Walking Wake
|-damage|p1a: Walking Wake|73/100
|-supereffective|p1a: Walking Wake
|-damage|p1a: Walking Wake|44/100
|-supereffective|p1a: Walking Wake
|-damage|p1a: Walking Wake|16/100
|-supereffective|p1a: Walking Wake
|-damage|p1a: Walking Wake|0 fnt
|faint|p1a: Walking Wake
|-end|p1a: Walking Wake|Protosynthesis|[silent]
|-hitcount|p1: Walking Wake|4
|-unboost|p2a: Megalodon|def|1
|-boost|p2a: Megalodon|spe|1
|
|-weather|SunnyDay|[upkeep]
|upkeep
|
|t:|1757839771
|switch|p1a: Raging Bolt|Raging Bolt|100/100
|-activate|p1a: Raging Bolt|ability: Protosynthesis
|-start|p1a: Raging Bolt|protosynthesisspa
|turn|16
|
|t:|1757839779
|move|p2a: Megalodon|Scale Shot|p1a: Raging Bolt
|-supereffective|p1a: Raging Bolt
|-damage|p1a: Raging Bolt|74/100
|-supereffective|p1a: Raging Bolt
|-crit|p1a: Raging Bolt
|-damage|p1a: Raging Bolt|40/100
|-supereffective|p1a: Raging Bolt
|-damage|p1a: Raging Bolt|12/100
|-supereffective|p1a: Raging Bolt
|-damage|p1a: Raging Bolt|0 fnt
|faint|p1a: Raging Bolt
|-end|p1a: Raging Bolt|Protosynthesis|[silent]
|-hitcount|p1: Raging Bolt|4
|-unboost|p2a: Megalodon|def|1
|-boost|p2a: Megalodon|spe|1
|
|-weather|SunnyDay|[upkeep]
|upkeep
|-message|Crocodile E forfeited.
|
|win|Mreda
|raw|Crocodile E's rating: 1432 &rarr; <strong>1414</strong><br />(-18 for losing)
|raw|Mreda's rating: 1463 &rarr; <strong>1481</strong><br />(+18 for winning)
|l|☆Crocodile E
|player|p1|
