|j|☆tianbosi
|j|☆MakuKrol
|t:|1757833824
|gametype|singles
|player|p1|tianbosi|bellelba|1087
|player|p2|MakuKrol|volkner|1076
|gen|9
|tier|[Gen 9] OU
|rated|
|rule|HP Percentage Mod: HP is shown in percentages
|rule|Endless Battle Clause: Forcing endless battles is banned
|rule|Species Clause: Limit one of each Pokémon
|rule|OHKO Clause: OHKO moves are banned
|rule|Evasion Items Clause: Evasion items are banned
|rule|Evasion Moves Clause: Evasion moves are banned
|rule|Evasion Abilities Clause: Evasion abilities are banned
|rule|Sleep Moves Clause: Sleep-inducing moves are banned
|clearpoke
|poke|p1|Gholdengo|
|poke|p1|Dragonite, F|
|poke|p1|Gliscor, M|
|poke|p1|Ribombee, M|
|poke|p1|Heatran, F|
|poke|p1|Hoopa-Unbound|
|poke|p2|Palossand, F|
|poke|p2|Komala, F|
|poke|p2|Munkidori, M|
|poke|p2|Cinderace, F|
|poke|p2|Eelektross, F|
|poke|p2|Inteleon, F|
|teampreview
|inactive|Battle timer is ON: inactive players will automatically lose when time's up. (requested by tianbosi)
|
|t:|1757833841
|teamsize|p1|6
|teamsize|p2|6
|start
|switch|p1a: Ribombee|Ribombee, M|100/100
|switch|p2a: Palossand|Palossand, F|100/100
|turn|1
|
|t:|1757833849
|move|p1a: Ribombee|Stun Spore|p2a: Palossand
|-status|p2a: Palossand|par
|move|p2a: Palossand|Stealth Rock|p1a: Ribombee
|-sidestart|p1: tianbosi|move: Stealth Rock
|
|upkeep
|turn|2
|
|t:|1757833864
|switch|p2a: Komala|Komala, F|100/100
|-ability|p2a: Komala|Comatose
|move|p1a: Ribombee|Quiver Dance|p1a: Ribombee
|-boost|p1a: Ribombee|spa|1
|-boost|p1a: Ribombee|spd|1
|-boost|p1a: Ribombee|spe|1
|
|upkeep
|turn|3
|
|t:|1757833874
|move|p1a: Ribombee|Moonblast|p2a: Komala
|-damage|p2a: Komala|55/100
|move|p2a: Komala|Rapid Spin|p1a: Ribombee
|-damage|p1a: Ribombee|44/100
|-boost|p2a: Komala|spe|1
|
|upkeep
|turn|4
|
|t:|1757833883
|move|p1a: Ribombee|Moonblast|p2a: Komala
|-damage|p2a: Komala|11/100
|move|p2a: Komala|Rapid Spin|p1a: Ribombee
|-damage|p1a: Ribombee|0 fnt
|-boost|p2a: Komala|spe|1
|faint|p1a: Ribombee
|
|upkeep
|
|t:|1757833898
|switch|p1a: Heatran|Heatran, F|100/100
|-damage|p1a: Heatran|88/100|[from] Stealth Rock
|turn|5
|
|t:|1757833905
|move|p2a: Komala|U-turn|p1a: Heatran
|-resisted|p1a: Heatran
|-damage|p1a: Heatran|82/100
|
|t:|1757833925
|switch|p2a: Inteleon|Inteleon, F|100/100|[from] U-turn
|move|p1a: Heatran|Substitute|p1a: Heatran
|-start|p1a: Heatran|Substitute
|-damage|p1a: Heatran|57/100
|
|upkeep
|turn|6
|
|t:|1757833934
|move|p2a: Inteleon|Scald|p1a: Heatran
|-supereffective|p1a: Heatran
|-end|p1a: Heatran|Substitute
|move|p1a: Heatran|Magma Storm|p2a: Inteleon
|-resisted|p2a: Inteleon
|-damage|p2a: Inteleon|53/100
|-activate|p2a: Inteleon|move: Magma Storm|[of] p1a: Heatran
|
|-damage|p2a: Inteleon|41/100|[from] move: Magma Storm|[partiallytrapped]
|upkeep
|turn|7
|
|t:|1757833948
|switch|p1a: Dragonite|Dragonite, F|100/100
|-damage|p1a: Dragonite|75/100|[from] Stealth Rock
|move|p2a: Inteleon|Scald|p1a: Dragonite
|-resisted|p1a: Dragonite
|-damage|p1a: Dragonite|44/100
|
|-heal|p1a: Dragonite|50/100|[from] item: Leftovers
|-end|p2a: Inteleon|Magma Storm|[partiallytrapped]|[silent]
|upkeep
|turn|8
|
|t:|1757833961
|switch|p2a: Palossand|Palossand, F|100/100 par
|-terastallize|p1a: Dragonite|Fire
|move|p1a: Dragonite|Dragon Dance|p1a: Dragonite
|-boost|p1a: Dragonite|atk|1
|-boost|p1a: Dragonite|spe|1
|
|-heal|p1a: Dragonite|57/100|[from] item: Leftovers
|upkeep
|turn|9
|
|t:|1757833973
|move|p1a: Dragonite|Ice Spinner|p2a: Palossand
|-supereffective|p2a: Palossand
|-damage|p2a: Palossand|32/100 par
|-damage|p1a: Dragonite|40/100|[from] item: Rocky Helmet|[of] p2a: Palossand
|cant|p2a: Palossand|par
|
|-heal|p1a: Dragonite|46/100|[from] item: Leftovers
|upkeep
|turn|10
|
|t:|1757833984
|move|p1a: Dragonite|Earthquake|p2a: Palossand
|-damage|p2a: Palossand|0 fnt
|faint|p2a: Palossand
|
|-heal|p1a: Dragonite|52/100|[from] item: Leftovers
|upkeep
|
|t:|1757833995
|switch|p2a: Komala|Komala, F|11/100
|-ability|p2a: Komala|Comatose
|turn|11
|
|t:|1757834000
|move|p2a: Komala|Sucker Punch|p1a: Dragonite
|-damage|p1a: Dragonite|25/100
|move|p1a: Dragonite|Earthquake|p2a: Komala
|-damage|p2a: Komala|0 fnt
|faint|p2a: Komala
|
|-heal|p1a: Dragonite|31/100|[from] item: Leftovers
|upkeep
|
|t:|1757834010
|switch|p2a: Cinderace|Cinderace, F|100/100
|turn|12
|
|t:|1757834014
|move|p2a: Cinderace|Sucker Punch|p1a: Dragonite
|-start|p2a: Cinderace|typechange|Dark|[from] ability: Libero
|-damage|p1a: Dragonite|0 fnt
|faint|p1a: Dragonite
|
|upkeep
|
|t:|1757834023
|switch|p1a: Heatran|Heatran, F|57/100
|-damage|p1a: Heatran|45/100|[from] Stealth Rock
|turn|13
|
|t:|1757834028
|move|p2a: Cinderace|Low Kick|p1a: Heatran
|-supereffective|p1a: Heatran
|-damage|p1a: Heatran|0 fnt
|faint|p1a: Heatran
|
|upkeep
|
|t:|1757834032
|switch|p1a: Hoopa|Hoopa-Unbound|100/100
|-damage|p1a: Hoopa|88/100|[from] Stealth Rock
|turn|14
|
|t:|1757834040
|switch|p1a: Gliscor|Gliscor, M|100/100
|-damage|p1a: Gliscor|88/100|[from] Stealth Rock
|move|p2a: Cinderace|U-turn|p1a: Gliscor
|-resisted|p1a: Gliscor
|-damage|p1a: Gliscor|80/100
|
|t:|1757834047
|switch|p2a: Inteleon|Inteleon, F|41/100|[from] U-turn
|
|-status|p1a: Gliscor|tox|[from] item: Toxic Orb
|upkeep
|turn|15
|
|t:|1757834054
|move|p1a: Gliscor|Protect|p1a: Gliscor
|-singleturn|p1a: Gliscor|Protect
|move|p2a: Inteleon|Scald|p1a: Gliscor
|-activate|p1a: Gliscor|move: Protect
|
|-heal|p1a: Gliscor|92/100 tox|[from] ability: Poison Heal
|upkeep
|turn|16
|
|t:|1757834064
|move|p2a: Inteleon|Scald|p1a: Gliscor
|-supereffective|p1a: Gliscor
|-damage|p1a: Gliscor|0 fnt
|faint|p1a: Gliscor
|
|upkeep
|
|t:|1757834068
|switch|p1a: Gholdengo|Gholdengo|100/100
|-damage|p1a: Gholdengo|94/100|[from] Stealth Rock
|turn|17
|
|t:|1757834074
|move|p2a: Inteleon|Scald|p1a: Gholdengo
|-damage|p1a: Gholdengo|31/100
|-status|p1a: Gholdengo|brn
|move|p1a: Gholdengo|Trick|p2a: Inteleon
|-activate|p1a: Gholdengo|move: Trick|[of] p2a: Inteleon
|-item|p2a: Inteleon|Choice Specs|[from] move: Trick
|-item|p1a: Gholdengo|Choice Specs|[from] move: Trick
|
|-damage|p1a: Gholdengo|25/100 brn|[from] brn
|upkeep
|turn|18
|-message|tianbosi forfeited.
|
|win|MakuKrol
|raw|tianbosi's rating: 1087 &rarr; <strong>1063</strong><br />(-24 for losing)
|raw|MakuKrol's rating: 1076 &rarr; <strong>1106</strong><br />(+30 for winning)
|l|☆tianbosi
|player|p1|
|l|☆MakuKrol
|player|p2|
