|inactive|Battle timer is ON: inactive players will automatically lose when time's up.
|t:|1757878630
|gametype|singles
|player|p1|3d|#3d|
|player|p2|Fusien|yellow|
|gen|9
|tier|[Gen 9] OU
|rule|HP Percentage Mod: HP is shown in percentages
|rule|Endless Battle Clause: Forcing endless battles is banned
|rule|Species Clause: Limit one of each Pokémon
|rule|OHKO Clause: OHKO moves are banned
|rule|Evasion Items Clause: Evasion items are banned
|rule|Evasion Moves Clause: Evasion moves are banned
|rule|Evasion Abilities Clause: Evasion abilities are banned
|rule|Sleep Moves Clause: Sleep-inducing moves are banned
|clearpoke
|poke|p1|Latios, M|
|poke|p1|Dragonite, F|
|poke|p1|Great Tusk|
|poke|p1|Weezing-Galar, M|
|poke|p1|Gholdengo|
|poke|p1|Alomomola, M|
|poke|p2|Hatterene, F|
|poke|p2|Tornadus-Therian, M|
|poke|p2|Ting-Lu|
|poke|p2|Great Tusk|
|poke|p2|Kingambit, F|
|poke|p2|Dragonite, F|
|teampreview
|c|☆Fusien|hf
|c|☆3d|u2
|c|+play 2 improve|Hello
|c|+play 2 improve|Whats this for
|inactive|3d has 270 seconds left.
|inactive|Fusien has 270 seconds left.
|c|☆Fusien|olt
|
|t:|1757878673
|teamsize|p1|6
|teamsize|p2|6
|start
|switch|p1a: Alomomola|Alomomola, M|100/100
|switch|p2a: Tornadus|Tornadus-Therian, M|100/100
|turn|1
|
|t:|1757878678
|move|p2a: Tornadus|Nasty Plot|p2a: Tornadus
|-boost|p2a: Tornadus|spa|2
|move|p1a: Alomomola|Body Slam|p2a: Tornadus
|-damage|p2a: Tornadus|78/100
|-status|p2a: Tornadus|par
|
|upkeep
|turn|2
|
|t:|1757878688
|move|p2a: Tornadus|Nasty Plot|p2a: Tornadus
|-boost|p2a: Tornadus|spa|2
|move|p1a: Alomomola|Flip Turn|p2a: Tornadus
|-damage|p2a: Tornadus|57/100 par
|inactive|3d has 270 seconds left.
|
|t:|1757878714
|switch|p1a: Gholdengo|Gholdengo|100/100|[from] Flip Turn
|
|upkeep
|turn|3
|
|t:|1757878718
|switch|p2a: Ting-Lu|Ting-Lu|100/100
|-ability|p2a: Ting-Lu|Vessel of Ruin
|move|p1a: Gholdengo|Make It Rain|p2a: Ting-Lu
|-damage|p2a: Ting-Lu|74/100
|-unboost|p1a: Gholdengo|spa|1
|
|-heal|p2a: Ting-Lu|80/100|[from] item: Leftovers
|upkeep
|turn|4
|
|t:|1757878727
|switch|p1a: Alomomola|Alomomola, M|100/100
|move|p2a: Ting-Lu|Stealth Rock|p1a: Alomomola
|-sidestart|p1: 3d|move: Stealth Rock
|
|-heal|p2a: Ting-Lu|86/100|[from] item: Leftovers
|upkeep
|turn|5
|
|t:|1757878732
|move|p2a: Ting-Lu|Ruination|p1a: Alomomola
|-damage|p1a: Alomomola|50/100
|move|p1a: Alomomola|Flip Turn|p2a: Ting-Lu
|-supereffective|p2a: Ting-Lu
|-crit|p2a: Ting-Lu
|-damage|p2a: Ting-Lu|59/100
|
|t:|1757878751
|switch|p1a: Great Tusk|Great Tusk|100/100|[from] Flip Turn
|-damage|p1a: Great Tusk|98/100|[from] Stealth Rock
|
|-heal|p2a: Ting-Lu|65/100|[from] item: Leftovers
|upkeep
|turn|6
|
|t:|1757878756
|switch|p2a: Hatterene|Hatterene, F|100/100
|move|p1a: Great Tusk|Ice Spinner|p2a: Hatterene
|-damage|p2a: Hatterene|78/100
|
|-heal|p2a: Hatterene|84/100|[from] item: Leftovers
|upkeep
|turn|7
|
|t:|1757878762
|-end|p1a: Great Tusk|Protosynthesis|[silent]
|switch|p1a: Alomomola|Alomomola, M|84/100
|-damage|p1a: Alomomola|71/100|[from] Stealth Rock
|move|p2a: Hatterene|Psychic Noise|p1a: Alomomola
|-damage|p1a: Alomomola|56/100
|-start|p1a: Alomomola|move: Heal Block
|
|-heal|p2a: Hatterene|90/100|[from] item: Leftovers
|upkeep
|turn|8
|
|t:|1757878767
|move|p1a: Alomomola|Flip Turn|p2a: Hatterene
|-damage|p2a: Hatterene|75/100
|
|t:|1757878773
|switch|p1a: Gholdengo|Gholdengo|100/100|[from] Flip Turn
|-damage|p1a: Gholdengo|94/100|[from] Stealth Rock
|move|p2a: Hatterene|Nuzzle|p1a: Gholdengo
|-damage|p1a: Gholdengo|90/100
|-status|p1a: Gholdengo|par
|
|-heal|p2a: Hatterene|81/100|[from] item: Leftovers
|upkeep
|turn|9
|
|t:|1757878786
|switch|p2a: Ting-Lu|Ting-Lu|65/100
|-ability|p2a: Ting-Lu|Vessel of Ruin
|move|p1a: Gholdengo|Trick|p2a: Ting-Lu
|-activate|p1a: Gholdengo|move: Trick|[of] p2a: Ting-Lu
|-item|p2a: Ting-Lu|Choice Scarf|[from] move: Trick
|-item|p1a: Gholdengo|Leftovers|[from] move: Trick
|
|-heal|p1a: Gholdengo|96/100 par|[from] item: Leftovers
|upkeep
|turn|10
|c|+aquiIo|who won g1
|c|+kingler12345|fus
|c|+BUNDY|FUS
|c|+aquiIo|my goat
|
|t:|1757878804
|move|p2a: Ting-Lu|Ruination|p1a: Gholdengo
|-damage|p1a: Gholdengo|48/100 par
|move|p1a: Gholdengo|Make It Rain|p2a: Ting-Lu
|-damage|p2a: Ting-Lu|39/100
|-unboost|p1a: Gholdengo|spa|1
|
|-heal|p1a: Gholdengo|54/100 par|[from] item: Leftovers
|upkeep
|turn|11
|
|t:|1757878810
|switch|p2a: Tornadus|Tornadus-Therian, M|90/100 par
|cant|p1a: Gholdengo|par
|
|-heal|p1a: Gholdengo|60/100 par|[from] item: Leftovers
|upkeep
|turn|12
|
|t:|1757878816
|switch|p1a: Alomomola|Alomomola, M|89/100
|-damage|p1a: Alomomola|77/100|[from] Stealth Rock
|move|p2a: Tornadus|Nasty Plot|p2a: Tornadus
|-boost|p2a: Tornadus|spa|2
|
|upkeep
|turn|13
|
|t:|1757878822
|move|p2a: Tornadus|Nasty Plot|p2a: Tornadus
|-boost|p2a: Tornadus|spa|2
|move|p1a: Alomomola|Mirror Coat||[still]
|-fail|p1a: Alomomola
|
|upkeep
|turn|14
|
|t:|1757878846
|switch|p1a: Gholdengo|Gholdengo|60/100 par
|-damage|p1a: Gholdengo|54/100 par|[from] Stealth Rock
|move|p2a: Tornadus|Bleakwind Storm|p1a: Gholdengo
|-resisted|p1a: Gholdengo
|-damage|p1a: Gholdengo|0 fnt
|faint|p1a: Gholdengo
|-damage|p2a: Tornadus|80/100 par|[from] item: Life Orb
|
|upkeep
|inactive|3d has 270 seconds left.
|
|t:|1757878871
|switch|p1a: Aerosmith|Latios, M|100/100
|-damage|p1a: Aerosmith|88/100|[from] Stealth Rock
|turn|15
|
|t:|1757878879
|switch|p2a: Hatterene|Hatterene, F|81/100
|move|p1a: Aerosmith|Draco Meteor|p2a: Hatterene
|-immune|p2a: Hatterene
|
|-heal|p2a: Hatterene|87/100|[from] item: Leftovers
|upkeep
|turn|16
|
|t:|1757878890
|switch|p1a: Alomomola|Alomomola, M|100/100
|-damage|p1a: Alomomola|88/100|[from] Stealth Rock
|move|p2a: Hatterene|Psychic Noise|p1a: Alomomola
|-damage|p1a: Alomomola|71/100
|-start|p1a: Alomomola|move: Heal Block
|
|-heal|p2a: Hatterene|93/100|[from] item: Leftovers
|upkeep
|turn|17
|
|t:|1757878895
|move|p1a: Alomomola|Body Slam|p2a: Hatterene
|-damage|p2a: Hatterene|81/100
|move|p2a: Hatterene|Nuzzle|p1a: Alomomola
|-supereffective|p1a: Alomomola
|-damage|p1a: Alomomola|64/100
|-status|p1a: Alomomola|par
|
|-heal|p2a: Hatterene|87/100|[from] item: Leftovers
|-end|p1a: Alomomola|move: Heal Block
|upkeep
|turn|18
|
|t:|1757878908
|move|p2a: Hatterene|Psychic Noise|p1a: Alomomola
|-damage|p1a: Alomomola|48/100 par
|-start|p1a: Alomomola|move: Heal Block
|move|p1a: Alomomola|Flip Turn|p2a: Hatterene
|-damage|p2a: Hatterene|73/100
|
|t:|1757878912
|switch|p1a: The Shoe Fits|Weezing-Galar, M|100/100|[from] Flip Turn
|-ability|p1a: The Shoe Fits|Neutralizing Gas
|
|-heal|p2a: Hatterene|79/100|[from] item: Leftovers
|upkeep
|turn|19
|
|t:|1757878928
|switch|p2a: Tornadus|Tornadus-Therian, M|100/100 par
|move|p1a: The Shoe Fits|Sludge Bomb|p2a: Tornadus
|-damage|p2a: Tornadus|65/100 par
|
|upkeep
|turn|20
|
|t:|1757878936
|move|p2a: Tornadus|Bleakwind Storm|p1a: The Shoe Fits
|-damage|p1a: The Shoe Fits|15/100
|-damage|p2a: Tornadus|56/100 par|[from] item: Life Orb
|move|p1a: The Shoe Fits|Defog|p2a: Tornadus
|-unboost|p2a: Tornadus|evasion|1
|-sideend|p1: 3d|Stealth Rock|[from] move: Defog|[of] p1a: The Shoe Fits
|
|upkeep
|turn|21
|
|t:|1757878943
|move|p2a: Tornadus|Bleakwind Storm|p1a: The Shoe Fits
|-damage|p1a: The Shoe Fits|0 fnt
|faint|p1a: The Shoe Fits
|-end|p1a: The Shoe Fits|ability: Neutralizing Gas
|-damage|p2a: Tornadus|46/100 par|[from] item: Life Orb
|
|upkeep
|
|t:|1757878947
|switch|p1a: Alomomola|Alomomola, M|82/100 par
|turn|22
|
|t:|1757878951
|switch|p2a: Hatterene|Hatterene, F|79/100
|move|p1a: Alomomola|Flip Turn|p2a: Hatterene
|-damage|p2a: Hatterene|67/100
|
|t:|1757878954
|switch|p1a: Dragonite|Dragonite, F|100/100|[from] Flip Turn
|
|-heal|p2a: Hatterene|73/100|[from] item: Leftovers
|upkeep
|turn|23
|
|t:|1757878959
|switch|p2a: Ting-Lu|Ting-Lu|39/100
|-ability|p2a: Ting-Lu|Vessel of Ruin
|move|p1a: Dragonite|Earthquake|p2a: Ting-Lu
|-damage|p2a: Ting-Lu|19/100
|
|upkeep
|turn|24
|
|t:|1757878967
|move|p1a: Dragonite|Earthquake|p2a: Ting-Lu
|-damage|p2a: Ting-Lu|0 fnt
|faint|p2a: Ting-Lu
|
|upkeep
|c|+Wiggle E tuff|lets go 3d
|
|t:|1757878983
|switch|p2a: Great Tusk|Great Tusk|100/100
|-enditem|p2a: Great Tusk|Booster Energy
|-activate|p2a: Great Tusk|ability: Protosynthesis|[fromitem]
|-start|p2a: Great Tusk|protosynthesisatk
|turn|25
|
|t:|1757879000
|-terastallize|p1a: Dragonite|Normal
|move|p2a: Great Tusk|Knock Off|p1a: Dragonite
|-damage|p1a: Dragonite|81/100
|-enditem|p1a: Dragonite|Heavy-Duty Boots|[from] move: Knock Off|[of] p2a: Great Tusk
|move|p1a: Dragonite|Dragon Tail|p2a: Great Tusk
|-damage|p2a: Great Tusk|75/100
|-end|p2a: Great Tusk|Protosynthesis|[silent]
|drag|p2a: Tornadus|Tornadus-Therian, M|79/100 par
|
|upkeep
|turn|26
|
|t:|1757879013
|switch|p2a: Hatterene|Hatterene, F|73/100
|move|p1a: Dragonite|Extreme Speed|p2a: Hatterene
|-damage|p2a: Hatterene|35/100
|
|-heal|p2a: Hatterene|41/100|[from] item: Leftovers
|upkeep
|turn|27
|
|t:|1757879019
|switch|p1a: Alomomola|Alomomola, M|100/100 par
|move|p2a: Hatterene|Pain Split|p1a: Alomomola
|-sethp|p1a: Alomomola|62/100 par|[from] move: Pain Split|[silent]
|-sethp|p2a: Hatterene|100/100|[from] move: Pain Split
|
|upkeep
|turn|28
|
|t:|1757879027
|move|p2a: Hatterene|Nuzzle|p1a: Alomomola
|-supereffective|p1a: Alomomola
|-damage|p1a: Alomomola|56/100 par
|move|p1a: Alomomola|Mirror Coat||[still]
|-fail|p1a: Alomomola
|
|upkeep
|turn|29
|
|t:|1757879033
|move|p2a: Hatterene|Nuzzle|p1a: Alomomola
|-supereffective|p1a: Alomomola
|-damage|p1a: Alomomola|50/100 par
|move|p1a: Alomomola|Body Slam|p2a: Hatterene
|-damage|p2a: Hatterene|86/100
|-status|p2a: Hatterene|par
|
|-heal|p2a: Hatterene|92/100 par|[from] item: Leftovers
|upkeep
|turn|30
|
|t:|1757879038
|move|p2a: Hatterene|Draining Kiss|p1a: Alomomola
|-damage|p1a: Alomomola|39/100 par
|-heal|p2a: Hatterene|100/100 par|[from] drain|[of] p1a: Alomomola
|move|p1a: Alomomola|Mirror Coat|p2a: Hatterene
|-damage|p2a: Hatterene|63/100 par
|
|-heal|p2a: Hatterene|69/100 par|[from] item: Leftovers
|upkeep
|turn|31
|
|t:|1757879046
|move|p1a: Alomomola|Flip Turn|p2a: Hatterene
|-damage|p2a: Hatterene|55/100 par
|
|t:|1757879052
|switch|p1a: Dragonite|Dragonite, F, tera:Normal|81/100|[from] Flip Turn
|move|p2a: Hatterene|Draining Kiss|p1a: Dragonite
|-damage|p1a: Dragonite|63/100
|-heal|p2a: Hatterene|72/100 par|[from] drain|[of] p1a: Dragonite
|
|-heal|p2a: Hatterene|78/100 par|[from] item: Leftovers
|upkeep
|turn|32
|
|t:|1757879056
|move|p1a: Dragonite|Extreme Speed|p2a: Hatterene
|-damage|p2a: Hatterene|36/100 par
|move|p2a: Hatterene|Nuzzle|p1a: Dragonite
|-damage|p1a: Dragonite|59/100
|-status|p1a: Dragonite|par
|
|-heal|p2a: Hatterene|42/100 par|[from] item: Leftovers
|upkeep
|turn|33
|
|t:|1757879074
|move|p1a: Dragonite|Extreme Speed|p2a: Hatterene
|-damage|p2a: Hatterene|2/100 par
|move|p2a: Hatterene|Pain Split|p1a: Dragonite
|-sethp|p1a: Dragonite|31/100 par|[from] move: Pain Split|[silent]
|-sethp|p2a: Hatterene|37/100 par|[from] move: Pain Split
|
|-heal|p2a: Hatterene|43/100 par|[from] item: Leftovers
|upkeep
|turn|34
|
|t:|1757879085
|cant|p1a: Dragonite|par
|move|p2a: Hatterene|Psychic Noise|p1a: Dragonite
|-damage|p1a: Dragonite|0 fnt
|faint|p1a: Dragonite
|
|-heal|p2a: Hatterene|49/100 par|[from] item: Leftovers
|upkeep
|
|t:|1757879088
|switch|p1a: Great Tusk|Great Tusk|98/100
|turn|35
|
|t:|1757879093
|move|p1a: Great Tusk|Headlong Rush|p2a: Hatterene
|-damage|p2a: Hatterene|0 fnt
|-unboost|p1a: Great Tusk|def|1
|-unboost|p1a: Great Tusk|spd|1
|faint|p2a: Hatterene
|
|upkeep
|
|t:|1757879113
|switch|p2a: Dragonite|Dragonite, F|100/100
|turn|36
|
|t:|1757879119
|-terastallize|p2a: Dragonite|Fairy
|move|p1a: Great Tusk|Ice Spinner|p2a: Dragonite
|-damage|p2a: Dragonite|86/100
|move|p2a: Dragonite|Tera Blast|p1a: Great Tusk|[anim] Tera Blast Fairy
|-supereffective|p1a: Great Tusk
|-damage|p1a: Great Tusk|2/100
|
|-heal|p2a: Dragonite|92/100|[from] item: Leftovers
|upkeep
|turn|37
|
|t:|1757879139
|move|p1a: Great Tusk|Headlong Rush|p2a: Dragonite
|-damage|p2a: Dragonite|25/100
|-unboost|p1a: Great Tusk|def|1
|-unboost|p1a: Great Tusk|spd|1
|move|p2a: Dragonite|Dragon Dance|p2a: Dragonite
|-boost|p2a: Dragonite|atk|1
|-boost|p2a: Dragonite|spe|1
|
|-heal|p2a: Dragonite|31/100|[from] item: Leftovers
|upkeep
|turn|38
|
|t:|1757879148
|move|p2a: Dragonite|Tera Blast|p1a: Great Tusk|[anim] Tera Blast Fairy
|-supereffective|p1a: Great Tusk
|-damage|p1a: Great Tusk|0 fnt
|faint|p1a: Great Tusk
|-end|p1a: Great Tusk|Protosynthesis|[silent]
|
|-heal|p2a: Dragonite|38/100|[from] item: Leftovers
|upkeep
|
|t:|1757879149
|switch|p1a: Alomomola|Alomomola, M|72/100 par
|turn|39
|
|t:|1757879152
|move|p2a: Dragonite|Tera Blast|p1a: Alomomola|[anim] Tera Blast Fairy
|-damage|p1a: Alomomola|15/100 par
|move|p1a: Alomomola|Body Slam|p2a: Dragonite
|-damage|p2a: Dragonite|20/100
|
|-heal|p2a: Dragonite|26/100|[from] item: Leftovers
|upkeep
|turn|40
|
|t:|1757879155
|move|p1a: Alomomola|Aqua Jet|p2a: Dragonite
|-damage|p2a: Dragonite|14/100
|move|p2a: Dragonite|Tera Blast|p1a: Alomomola|[anim] Tera Blast Fairy
|-damage|p1a: Alomomola|0 fnt
|faint|p1a: Alomomola
|
|-heal|p2a: Dragonite|20/100|[from] item: Leftovers
|upkeep
|
|t:|1757879156
|switch|p1a: Aerosmith|Latios, M|88/100
|turn|41
|c|☆3d|ggs
|
|t:|1757879158
|move|p2a: Dragonite|Tera Blast|p1a: Aerosmith|[anim] Tera Blast Fairy
|-supereffective|p1a: Aerosmith
|-damage|p1a: Aerosmith|0 fnt
|faint|p1a: Aerosmith
|
|win|Fusien
|c|☆Fusien|ggs
|player|p1|
|player|p2|
