|j|☆Riceyyyy
|j|☆3idk
|t:|1757794111
|gametype|singles
|player|p1|Riceyyyy|266|1639
|player|p2|3idk|lusamine-masters|1718
|gen|9
|tier|[Gen 9] OU
|rated|
|rule|HP Percentage Mod: HP is shown in percentages
|rule|Endless Battle Clause: Forcing endless battles is banned
|rule|Species Clause: Limit one of each Pokémon
|rule|OHKO Clause: OHKO moves are banned
|rule|Evasion Items Clause: Evasion items are banned
|rule|Evasion Moves Clause: Evasion moves are banned
|rule|Evasion Abilities Clause: Evasion abilities are banned
|rule|Sleep Moves Clause: Sleep-inducing moves are banned
|clearpoke
|poke|p1|Conkeldurr, M|
|poke|p1|Ogerpon-Wellspring, F|
|poke|p1|Ting-Lu|
|poke|p1|Corviknight, F|
|poke|p1|Great Tusk|
|poke|p1|Iron Moth|
|poke|p2|Tyranitar, F|
|poke|p2|Excadrill, F|
|poke|p2|Keldeo-Resolute|
|poke|p2|Tornadus-Therian, M|
|poke|p2|Heatran, M|
|poke|p2|Hydrapple, M|
|teampreview
|inactive|Battle timer is ON: inactive players will automatically lose when time's up. (requested by 3idk)
|j| RagingBoltLover
|
|t:|1757794120
|teamsize|p1|6
|teamsize|p2|6
|start
|switch|p1a: Conkeldurr|Conkeldurr, M, shiny|100/100
|switch|p2a: Tornadus|Tornadus-Therian, M|100/100
|turn|1
|
|t:|1757794139
|switch|p1a: Ting-Lu|Ting-Lu|100/100
|-ability|p1a: Ting-Lu|Vessel of Ruin
|move|p2a: Tornadus|Bleakwind Storm|p1a: Ting-Lu
|-damage|p1a: Ting-Lu|84/100
|
|-heal|p1a: Ting-Lu|90/100|[from] item: Leftovers
|upkeep
|turn|2
|
|t:|1757794150
|move|p2a: Tornadus|Taunt|p1a: Ting-Lu
|-start|p1a: Ting-Lu|move: Taunt
|cant|p1a: Ting-Lu|move: Taunt|Stealth Rock
|
|-heal|p1a: Ting-Lu|96/100|[from] item: Leftovers
|upkeep
|turn|3
|
|t:|1757794158
|move|p2a: Tornadus|Bleakwind Storm|p1a: Ting-Lu
|-damage|p1a: Ting-Lu|82/100
|move|p1a: Ting-Lu|Ruination|p2a: Tornadus
|-damage|p2a: Tornadus|51/100
|
|-heal|p1a: Ting-Lu|88/100|[from] item: Leftovers
|upkeep
|turn|4
|
|t:|1757794164
|move|p2a: Tornadus|Bleakwind Storm|p1a: Ting-Lu|[miss]
|-miss|p2a: Tornadus|p1a: Ting-Lu
|move|p1a: Ting-Lu|Ruination|p2a: Tornadus
|-damage|p2a: Tornadus|26/100
|
|-heal|p1a: Ting-Lu|95/100|[from] item: Leftovers
|-end|p1a: Ting-Lu|move: Taunt
|upkeep
|turn|5
|
|t:|1757794170
|move|p2a: Tornadus|Bleakwind Storm|p1a: Ting-Lu
|-damage|p1a: Ting-Lu|78/100
|-unboost|p1a: Ting-Lu|spe|1
|move|p1a: Ting-Lu|Ruination|p2a: Tornadus
|-damage|p2a: Tornadus|13/100
|
|-heal|p1a: Ting-Lu|84/100|[from] item: Leftovers
|upkeep
|turn|6
|
|t:|1757794178
|move|p2a: Tornadus|Taunt|p1a: Ting-Lu
|-start|p1a: Ting-Lu|move: Taunt
|move|p1a: Ting-Lu|Ruination|p2a: Tornadus
|-damage|p2a: Tornadus|7/100
|
|-heal|p1a: Ting-Lu|90/100|[from] item: Leftovers
|upkeep
|turn|7
|
|t:|1757794184
|move|p2a: Tornadus|Bleakwind Storm|p1a: Ting-Lu
|-damage|p1a: Ting-Lu|75/100
|-unboost|p1a: Ting-Lu|spe|1
|move|p1a: Ting-Lu|Ruination|p2a: Tornadus
|-damage|p2a: Tornadus|4/100
|
|-heal|p1a: Ting-Lu|81/100|[from] item: Leftovers
|upkeep
|turn|8
|
|t:|1757794199
|move|p2a: Tornadus|Bleakwind Storm|p1a: Ting-Lu|[miss]
|-miss|p2a: Tornadus|p1a: Ting-Lu
|move|p1a: Ting-Lu|Ruination|p2a: Tornadus
|-damage|p2a: Tornadus|2/100
|
|-heal|p1a: Ting-Lu|87/100|[from] item: Leftovers
|-end|p1a: Ting-Lu|move: Taunt
|upkeep
|turn|9
|
|t:|1757794205
|move|p2a: Tornadus|Taunt|p1a: Ting-Lu
|-start|p1a: Ting-Lu|move: Taunt
|move|p1a: Ting-Lu|Ruination|p2a: Tornadus
|-damage|p2a: Tornadus|1/100
|
|-heal|p1a: Ting-Lu|93/100|[from] item: Leftovers
|upkeep
|turn|10
|
|t:|1757794212
|switch|p2a: Hydrapple|Hydrapple, M|100/100
|move|p1a: Ting-Lu|Ruination|p2a: Hydrapple
|-damage|p2a: Hydrapple|50/100
|
|-heal|p1a: Ting-Lu|99/100|[from] item: Leftovers
|upkeep
|turn|11
|
|t:|1757794218
|switch|p2a: Tornadus|Tornadus-Therian, M|35/100
|switch|p1a: Iron Moth|Iron Moth|100/100
|
|upkeep
|turn|12
|
|t:|1757794224
|switch|p2a: Heatran|Heatran, M|100/100
|move|p1a: Iron Moth|U-turn|p2a: Heatran
|-resisted|p2a: Heatran
|-damage|p2a: Heatran|98/100
|
|t:|1757794227
|-end|p1a: Iron Moth|Quark Drive|[silent]
|switch|p1a: Conkeldurr|Conkeldurr, M, shiny|100/100|[from] U-turn
|
|-heal|p2a: Heatran|100/100|[from] item: Leftovers
|-status|p1a: Conkeldurr|brn|[from] item: Flame Orb
|upkeep
|turn|13
|
|t:|1757794232
|switch|p2a: Hydrapple|Hydrapple, M|84/100
|move|p1a: Conkeldurr|Close Combat|p2a: Hydrapple
|-damage|p2a: Hydrapple|20/100
|-unboost|p1a: Conkeldurr|def|1
|-unboost|p1a: Conkeldurr|spd|1
|-damage|p1a: Conkeldurr|84/100 brn|[from] item: Rocky Helmet|[of] p2a: Hydrapple
|
|-damage|p1a: Conkeldurr|78/100 brn|[from] brn
|upkeep
|turn|14
|
|t:|1757794254
|switch|p2a: Keldeo|Keldeo-Resolute|100/100
|move|p1a: Conkeldurr|Facade|p2a: Keldeo
|-damage|p2a: Keldeo|2/100
|
|-damage|p1a: Conkeldurr|72/100 brn|[from] brn
|upkeep
|turn|15
|
|t:|1757794266
|switch|p1a: Lizzy V Woman|Ogerpon-Wellspring, F|100/100
|move|p2a: Keldeo|Vacuum Wave|p1a: Lizzy V Woman
|-damage|p1a: Lizzy V Woman|62/100
|
|upkeep
|turn|16
|inactive|Riceyyyy has 120 seconds left.
|
|t:|1757794306
|switch|p1a: Iron Moth|Iron Moth|100/100
|move|p2a: Keldeo|Vacuum Wave|p1a: Iron Moth
|-resisted|p1a: Iron Moth
|-damage|p1a: Iron Moth|86/100
|
|upkeep
|turn|17
|inactive|Riceyyyy has 120 seconds left.
|
|t:|1757794313
|switch|p2a: Tornadus|Tornadus-Therian, M|68/100
|move|p1a: Iron Moth|U-turn|p2a: Tornadus
|-resisted|p2a: Tornadus
|-damage|p2a: Tornadus|62/100
|inactive|Riceyyyy has 120 seconds left.
|
|t:|1757794321
|-end|p1a: Iron Moth|Quark Drive|[silent]
|switch|p1a: Ting-Lu|Ting-Lu|99/100|[from] U-turn
|-ability|p1a: Ting-Lu|Vessel of Ruin
|
|-heal|p1a: Ting-Lu|100/100|[from] item: Leftovers
|upkeep
|turn|18
|
|t:|1757794324
|switch|p1a: Iron Moth|Iron Moth|86/100
|move|p2a: Tornadus|Taunt|p1a: Iron Moth
|-start|p1a: Iron Moth|move: Taunt
|
|upkeep
|turn|19
|
|t:|1757794329
|move|p2a: Tornadus|U-turn|p1a: Iron Moth
|-resisted|p1a: Iron Moth
|-damage|p1a: Iron Moth|80/100
|
|t:|1757794336
|switch|p2a: Tyranitar|Tyranitar, F|100/100|[from] U-turn
|-weather|Sandstorm|[from] ability: Sand Stream|[of] p2a: Tyranitar
|move|p1a: Iron Moth|U-turn|p2a: Tyranitar
|-supereffective|p2a: Tyranitar
|-damage|p2a: Tyranitar|79/100
|
|t:|1757794340
|-end|p1a: Iron Moth|Quark Drive|[silent]
|switch|p1a: Conkeldurr|Conkeldurr, M, shiny|72/100 brn|[from] U-turn
|
|-weather|Sandstorm|[upkeep]
|-damage|p1a: Conkeldurr|66/100 brn|[from] Sandstorm
|-damage|p1a: Conkeldurr|60/100 brn|[from] brn
|upkeep
|turn|20
|
|t:|1757794351
|move|p2a: Tyranitar|Low Kick|p1a: Conkeldurr
|-damage|p1a: Conkeldurr|21/100 brn
|move|p1a: Conkeldurr|Facade|p2a: Tyranitar
|-resisted|p2a: Tyranitar
|-damage|p2a: Tyranitar|43/100
|
|-weather|Sandstorm|[upkeep]
|-damage|p1a: Conkeldurr|15/100 brn|[from] Sandstorm
|-damage|p1a: Conkeldurr|9/100 brn|[from] brn
|upkeep
|turn|21
|
|t:|1757794357
|switch|p2a: Hydrapple|Hydrapple, M|53/100
|move|p1a: Conkeldurr|Mach Punch|p2a: Hydrapple
|-damage|p2a: Hydrapple|34/100
|-damage|p1a: Conkeldurr|0 fnt|[from] item: Rocky Helmet|[of] p2a: Hydrapple
|faint|p1a: Conkeldurr
|
|-weather|Sandstorm|[upkeep]
|-damage|p2a: Hydrapple|28/100|[from] Sandstorm
|upkeep
|inactive|Riceyyyy has 120 seconds left.
|
|t:|1757794411
|switch|p1a: Lizzy V Woman|Ogerpon-Wellspring, F|62/100
|turn|22
|
|t:|1757794419
|switch|p2a: Tornadus|Tornadus-Therian, M|95/100
|move|p1a: Lizzy V Woman|Ivy Cudgel|p2a: Tornadus|[anim] Ivy Cudgel Water
|-damage|p2a: Tornadus|32/100
|
|-weather|Sandstorm|[upkeep]
|-damage|p2a: Tornadus|26/100|[from] Sandstorm
|-damage|p1a: Lizzy V Woman|56/100|[from] Sandstorm
|upkeep
|turn|23
|
|t:|1757794429
|switch|p1a: Ting-Lu|Ting-Lu|100/100
|-ability|p1a: Ting-Lu|Vessel of Ruin
|move|p2a: Tornadus|U-turn|p1a: Ting-Lu
|-supereffective|p1a: Ting-Lu
|-damage|p1a: Ting-Lu|84/100
|
|t:|1757794435
|switch|p2a: Keldeo|Keldeo-Resolute|2/100|[from] U-turn
|
|-weather|none
|-heal|p1a: Ting-Lu|90/100|[from] item: Leftovers
|upkeep
|turn|24
|
|t:|1757794438
|move|p2a: Keldeo|Secret Sword|p1a: Ting-Lu
|-supereffective|p1a: Ting-Lu
|-damage|p1a: Ting-Lu|34/100
|move|p1a: Ting-Lu|Stealth Rock|p2a: Keldeo
|-sidestart|p2: 3idk|move: Stealth Rock
|
|-heal|p1a: Ting-Lu|40/100|[from] item: Leftovers
|upkeep
|turn|25
|
|t:|1757794445
|switch|p1a: Iron Moth|Iron Moth|80/100
|move|p2a: Keldeo|Secret Sword|p1a: Iron Moth
|-resisted|p1a: Iron Moth
|-damage|p1a: Iron Moth|24/100
|
|upkeep
|turn|26
|
|t:|1757794451
|switch|p2a: Heatran|Heatran, M|100/100
|-damage|p2a: Heatran|88/100|[from] Stealth Rock
|move|p1a: Iron Moth|U-turn|p2a: Heatran
|-resisted|p2a: Heatran
|-damage|p2a: Heatran|86/100
|
|t:|1757794470
|-end|p1a: Iron Moth|Quark Drive|[silent]
|switch|p1a: Great Tusk|Great Tusk|100/100|[from] U-turn
|-enditem|p1a: Great Tusk|Booster Energy
|-activate|p1a: Great Tusk|ability: Protosynthesis|[fromitem]
|-start|p1a: Great Tusk|protosynthesisspe
|
|-heal|p2a: Heatran|92/100|[from] item: Leftovers
|upkeep
|turn|27
|
|t:|1757794479
|switch|p2a: Keldeo|Keldeo-Resolute|2/100
|-damage|p2a: Keldeo|0 fnt|[from] Stealth Rock
|faint|p2a: Keldeo
|move|p1a: Great Tusk|Bulk Up|p1a: Great Tusk
|-boost|p1a: Great Tusk|atk|1
|-boost|p1a: Great Tusk|def|1
|
|upkeep
|
|t:|1757794486
|switch|p2a: Tornadus|Tornadus-Therian, M|59/100
|turn|28
|inactive|Riceyyyy has 120 seconds left.
|
|t:|1757794526
|switch|p2a: Heatran|Heatran, M|92/100
|-damage|p2a: Heatran|80/100|[from] Stealth Rock
|move|p1a: Great Tusk|Headlong Rush|p2a: Heatran
|-supereffective|p2a: Heatran
|-damage|p2a: Heatran|0 fnt
|-unboost|p1a: Great Tusk|def|1
|-unboost|p1a: Great Tusk|spd|1
|faint|p2a: Heatran
|
|upkeep
|
|t:|1757794533
|switch|p2a: Tornadus|Tornadus-Therian, M|92/100
|turn|29
|inactive|Riceyyyy has 120 seconds left.
|
|t:|1757794543
|-end|p1a: Great Tusk|Protosynthesis|[silent]
|switch|p1a: Ting-Lu|Ting-Lu|40/100
|-ability|p1a: Ting-Lu|Vessel of Ruin
|move|p2a: Tornadus|Bleakwind Storm|p1a: Ting-Lu
|-damage|p1a: Ting-Lu|25/100
|
|-heal|p1a: Ting-Lu|31/100|[from] item: Leftovers
|upkeep
|turn|30
|
|t:|1757794550
|move|p2a: Tornadus|Bleakwind Storm|p1a: Ting-Lu
|-damage|p1a: Ting-Lu|16/100
|-unboost|p1a: Ting-Lu|spe|1
|move|p1a: Ting-Lu|Ruination|p2a: Tornadus
|-damage|p2a: Tornadus|46/100
|
|-heal|p1a: Ting-Lu|22/100|[from] item: Leftovers
|upkeep
|turn|31
|
|t:|1757794557
|move|p2a: Tornadus|U-turn|p1a: Ting-Lu
|-supereffective|p1a: Ting-Lu
|-damage|p1a: Ting-Lu|7/100
|
|t:|1757794561
|switch|p2a: Tyranitar|Tyranitar, F|43/100|[from] U-turn
|-damage|p2a: Tyranitar|31/100|[from] Stealth Rock
|-weather|Sandstorm|[from] ability: Sand Stream|[of] p2a: Tyranitar
|move|p1a: Ting-Lu|Ruination|p2a: Tyranitar|[miss]
|-miss|p1a: Ting-Lu|p2a: Tyranitar
|
|-weather|Sandstorm|[upkeep]
|-heal|p1a: Ting-Lu|13/100|[from] item: Leftovers
|upkeep
|turn|32
|
|t:|1757794565
|move|p2a: Tyranitar|Knock Off|p1a: Ting-Lu
|-resisted|p1a: Ting-Lu
|-damage|p1a: Ting-Lu|0 fnt
|-enditem|p1a: Ting-Lu|Leftovers|[from] move: Knock Off|[of] p2a: Tyranitar
|faint|p1a: Ting-Lu
|
|-weather|Sandstorm|[upkeep]
|upkeep
|
|t:|1757794583
|switch|p1a: Great Tusk|Great Tusk|100/100
|turn|33
|
|t:|1757794587
|switch|p2a: Tornadus|Tornadus-Therian, M|80/100
|move|p1a: Great Tusk|Rapid Spin|p2a: Tornadus
|-damage|p2a: Tornadus|64/100
|-boost|p1a: Great Tusk|spe|1
|
|-weather|Sandstorm|[upkeep]
|-damage|p2a: Tornadus|58/100|[from] Sandstorm
|upkeep
|turn|34
|
|t:|1757794592
|move|p1a: Great Tusk|Ice Spinner|p2a: Tornadus
|-supereffective|p2a: Tornadus
|-damage|p2a: Tornadus|11/100
|move|p2a: Tornadus|Bleakwind Storm|p1a: Great Tusk
|-supereffective|p1a: Great Tusk
|-damage|p1a: Great Tusk|0 fnt
|faint|p1a: Great Tusk
|-end|p1a: Great Tusk|Protosynthesis|[silent]
|
|-weather|Sandstorm|[upkeep]
|-damage|p2a: Tornadus|5/100|[from] Sandstorm
|upkeep
|
|t:|1757794598
|switch|p1a: Iron Moth|Iron Moth|24/100
|turn|35
|
|t:|1757794602
|move|p2a: Tornadus|Bleakwind Storm|p1a: Iron Moth
|-damage|p1a: Iron Moth|0 fnt
|faint|p1a: Iron Moth
|-end|p1a: Iron Moth|Quark Drive|[silent]
|
|-weather|none
|upkeep
|
|t:|1757794612
|switch|p1a: Corviknight|Corviknight, F|100/100
|turn|36
|
|t:|1757794615
|move|p2a: Tornadus|Heat Wave|p1a: Corviknight
|-supereffective|p1a: Corviknight
|-damage|p1a: Corviknight|52/100
|move|p1a: Corviknight|Body Press|p2a: Tornadus
|-resisted|p2a: Tornadus
|-damage|p2a: Tornadus|0 fnt
|faint|p2a: Tornadus
|
|upkeep
|
|t:|1757794621
|switch|p2a: Hydrapple|Hydrapple, M|61/100
|-damage|p2a: Hydrapple|49/100|[from] Stealth Rock
|turn|37
|
|t:|1757794624
|move|p1a: Corviknight|Roost|p1a: Corviknight
|-heal|p1a: Corviknight|100/100
|-singleturn|p1a: Corviknight|move: Roost
|move|p2a: Hydrapple|Earth Power|p1a: Corviknight
|-supereffective|p1a: Corviknight
|-crit|p1a: Corviknight
|-damage|p1a: Corviknight|25/100
|-ability|p1a: Corviknight|Mirror Armor
|-unboost|p2a: Hydrapple|spd|1
|
|upkeep
|turn|38
|
|t:|1757794638
|move|p1a: Corviknight|Roost|p1a: Corviknight
|-heal|p1a: Corviknight|75/100
|-singleturn|p1a: Corviknight|move: Roost
|move|p2a: Hydrapple|Giga Drain|p1a: Corviknight
|-resisted|p1a: Corviknight
|-damage|p1a: Corviknight|60/100
|-heal|p2a: Hydrapple|56/100|[from] drain|[of] p1a: Corviknight
|
|upkeep
|turn|39
|
|t:|1757794642
|move|p1a: Corviknight|Iron Defense|p1a: Corviknight
|-boost|p1a: Corviknight|def|2
|move|p2a: Hydrapple|Earth Power|p1a: Corviknight
|-immune|p1a: Corviknight
|
|upkeep
|turn|40
|
|t:|1757794649
|move|p1a: Corviknight|Iron Defense|p1a: Corviknight
|-boost|p1a: Corviknight|def|2
|move|p2a: Hydrapple|Nasty Plot|p2a: Hydrapple
|-boost|p2a: Hydrapple|spa|2
|
|upkeep
|turn|41
|
|t:|1757794654
|-terastallize|p2a: Hydrapple|Fairy
|move|p1a: Corviknight|Body Press|p2a: Hydrapple
|-resisted|p2a: Hydrapple
|-damage|p2a: Hydrapple|35/100
|-damage|p1a: Corviknight|44/100|[from] item: Rocky Helmet|[of] p2a: Hydrapple
|move|p2a: Hydrapple|Fickle Beam|p1a: Corviknight
|-resisted|p1a: Corviknight
|-damage|p1a: Corviknight|13/100
|
|upkeep
|turn|42
|
|t:|1757794663
|move|p1a: Corviknight|Iron Defense|p1a: Corviknight
|-boost|p1a: Corviknight|def|2
|move|p2a: Hydrapple|Giga Drain|p1a: Corviknight
|-resisted|p1a: Corviknight
|-damage|p1a: Corviknight|0 fnt
|-heal|p2a: Hydrapple|41/100|[from] drain|[of] p1a: Corviknight
|faint|p1a: Corviknight
|
|upkeep
|
|t:|1757794665
|switch|p1a: Lizzy V Woman|Ogerpon-Wellspring, F|56/100
|turn|43
|
|t:|1757794672
|switch|p2a: Tyranitar|Tyranitar, F|31/100
|-damage|p2a: Tyranitar|19/100|[from] Stealth Rock
|-weather|Sandstorm|[from] ability: Sand Stream|[of] p2a: Tyranitar
|-terastallize|p1a: Lizzy V Woman|Water
|detailschange|p1a: Lizzy V Woman|Ogerpon-Wellspring-Tera, F, tera:Water
|-ability|p1a: Lizzy V Woman|Embody Aspect (Wellspring)|boost
|-boost|p1a: Lizzy V Woman|spd|1
|move|p1a: Lizzy V Woman|Trailblaze|p2a: Tyranitar
|-supereffective|p2a: Tyranitar
|-damage|p2a: Tyranitar|0 fnt
|-boost|p1a: Lizzy V Woman|spe|1
|faint|p2a: Tyranitar
|
|-weather|Sandstorm|[upkeep]
|-damage|p1a: Lizzy V Woman|50/100|[from] Sandstorm
|upkeep
|
|t:|1757794677
|switch|p2a: Excadrill|Excadrill, F|100/100
|-damage|p2a: Excadrill|97/100|[from] Stealth Rock
|-item|p2a: Excadrill|Air Balloon
|turn|44
|
|t:|1757794679
|move|p2a: Excadrill|Earthquake|p1a: Lizzy V Woman
|-damage|p1a: Lizzy V Woman|0 fnt
|faint|p1a: Lizzy V Woman
|detailschange|p1: Lizzy V Woman|Ogerpon-Wellspring, F|[silent]
|
|win|3idk
|raw|Riceyyyy's rating: 1639 &rarr; <strong>1623</strong><br />(-16 for losing)
|raw|3idk's rating: 1718 &rarr; <strong>1734</strong><br />(+16 for winning)
|l|☆Riceyyyy
|player|p1|
