|j|☆Coralite00
|j|☆jolle
|t:|1757870359
|gametype|singles
|player|p1|Coralite00|dawn|1330
|player|p2|jolle|102|1355
|gen|9
|tier|[Gen 9] OU
|rated|
|rule|HP Percentage Mod: HP is shown in percentages
|rule|Endless Battle Clause: Forcing endless battles is banned
|rule|Species Clause: Limit one of each Pokémon
|rule|OHKO Clause: OHKO moves are banned
|rule|Evasion Items Clause: Evasion items are banned
|rule|Evasion Moves Clause: Evasion moves are banned
|rule|Evasion Abilities Clause: Evasion abilities are banned
|rule|Sleep Moves Clause: Sleep-inducing moves are banned
|clearpoke
|poke|p1|Torkoal, M|
|poke|p1|Ursaluna, M|
|poke|p1|Slither Wing|
|poke|p1|Hatterene, F|
|poke|p1|Mimikyu, F|
|poke|p1|Farigiraf, M|
|poke|p2|Deoxys-Speed|
|poke|p2|Dragonite, M|
|poke|p2|Glimmora, M|
|poke|p2|Kingambit, F|
|poke|p2|Great Tusk|
|poke|p2|Iron Valiant|
|teampreview
|inactive|Battle timer is ON: inactive players will automatically lose when time's up. (requested by jolle)
|
|t:|1757870369
|teamsize|p1|6
|teamsize|p2|6
|start
|switch|p1a: Chapi Chapo|Hatterene, F|100/100
|switch|p2a: Deoxys|Deoxys-Speed|100/100
|-ability|p2a: Deoxys|Pressure
|turn|1
|
|t:|1757870375
|switch|p2a: Kingambit|Kingambit, F|100/100
|move|p1a: Chapi Chapo|Trick Room|p1a: Chapi Chapo
|-fieldstart|move: Trick Room|[of] p1a: Chapi Chapo
|
|upkeep
|turn|2
|
|t:|1757870387
|switch|p1a: Petit Ours Brun|Ursaluna, M|100/100
|-end|p2a: Kingambit|fallenundefined|[silent]
|switch|p2a: Glimmora|Glimmora, M|100/100
|
|-status|p1a: Petit Ours Brun|brn|[from] item: Flame Orb
|upkeep
|turn|3
|
|t:|1757870396
|switch|p2a: Dragonite|Dragonite, M|100/100
|move|p1a: Petit Ours Brun|Facade|p2a: Dragonite
|-damage|p2a: Dragonite|24/100
|
|-heal|p2a: Dragonite|30/100|[from] item: Leftovers
|-damage|p1a: Petit Ours Brun|94/100 brn|[from] brn
|upkeep
|turn|4
|
|t:|1757870407
|switch|p2a: Glimmora|Glimmora, M|100/100
|move|p1a: Petit Ours Brun|Facade|p2a: Glimmora
|-resisted|p2a: Glimmora
|-damage|p2a: Glimmora|28/100
|-activate|p2a: Glimmora|ability: Toxic Debris
|-sidestart|p1: Coralite00|move: Toxic Spikes
|
|-damage|p1a: Petit Ours Brun|88/100 brn|[from] brn
|upkeep
|turn|5
|
|t:|1757870416
|move|p1a: Petit Ours Brun|Facade|p2a: Glimmora
|-resisted|p2a: Glimmora
|-damage|p2a: Glimmora|0 fnt
|-activate|p2a: Glimmora|ability: Toxic Debris
|-sidestart|p1: Coralite00|move: Toxic Spikes
|faint|p2a: Glimmora
|
|-damage|p1a: Petit Ours Brun|82/100 brn|[from] brn
|-fieldend|move: Trick Room
|upkeep
|
|t:|1757870423
|switch|p2a: Great Tusk|Great Tusk|100/100
|-enditem|p2a: Great Tusk|Booster Energy
|-activate|p2a: Great Tusk|ability: Protosynthesis|[fromitem]
|-start|p2a: Great Tusk|protosynthesisspe
|turn|6
|
|t:|1757870434
|-terastallize|p1a: Petit Ours Brun|Normal
|move|p2a: Great Tusk|Bulk Up|p2a: Great Tusk
|-boost|p2a: Great Tusk|atk|1
|-boost|p2a: Great Tusk|def|1
|move|p1a: Petit Ours Brun|Facade|p2a: Great Tusk
|-damage|p2a: Great Tusk|32/100
|
|-damage|p1a: Petit Ours Brun|75/100 brn|[from] brn
|upkeep
|turn|7
|
|t:|1757870445
|switch|p1a: Mimie Mathy|Mimikyu, F|100/100
|-status|p1a: Mimie Mathy|tox
|move|p2a: Great Tusk|Headlong Rush|p1a: Mimie Mathy
|-activate|p1a: Mimie Mathy|ability: Disguise
|-damage|p1a: Mimie Mathy|100/100 tox
|-unboost|p2a: Great Tusk|def|1
|-unboost|p2a: Great Tusk|spd|1
|detailschange|p1a: Mimie Mathy|Mimikyu-Busted, F
|-damage|p1a: Mimie Mathy|88/100 tox|[from] pokemon: Mimikyu-Busted
|
|-damage|p1a: Mimie Mathy|82/100 tox|[from] psn
|upkeep
|turn|8
|
|t:|1757870460
|move|p2a: Great Tusk|Headlong Rush|p1a: Mimie Mathy
|-damage|p1a: Mimie Mathy|0 fnt
|-unboost|p2a: Great Tusk|def|1
|-unboost|p2a: Great Tusk|spd|1
|faint|p1a: Mimie Mathy
|
|upkeep
|
|t:|1757870480
|switch|p1a: Sophie|Farigiraf, M|100/100
|-status|p1a: Sophie|tox
|turn|9
|
|t:|1757870484
|move|p2a: Great Tusk|Headlong Rush|p1a: Sophie
|-damage|p1a: Sophie|14/100 tox
|-unboost|p2a: Great Tusk|def|1
|-unboost|p2a: Great Tusk|spd|1
|move|p1a: Sophie|Trick Room|p1a: Sophie
|-fieldstart|move: Trick Room|[of] p1a: Sophie
|
|-damage|p1a: Sophie|8/100 tox|[from] psn
|upkeep
|turn|10
|
|t:|1757870495
|-end|p2a: Great Tusk|Protosynthesis|[silent]
|switch|p2a: Kingambit|Kingambit, F|100/100
|-activate|p2a: Kingambit|ability: Supreme Overlord
|-start|p2a: Kingambit|fallen1|[silent]
|move|p1a: Sophie|Hyper Voice|p2a: Kingambit
|-resisted|p2a: Kingambit
|-damage|p2a: Kingambit|72/100
|-enditem|p1a: Sophie|Throat Spray
|-boost|p1a: Sophie|spa|1|[from] item: Throat Spray
|
|-damage|p1a: Sophie|0 fnt|[from] psn
|faint|p1a: Sophie
|upkeep
|
|t:|1757870506
|switch|p1a: Etna|Torkoal, M|100/100
|-status|p1a: Etna|tox
|-weather|SunnyDay|[from] ability: Drought|[of] p1a: Etna
|turn|11
|
|t:|1757870521
|move|p1a: Etna|Eruption|p2a: Kingambit
|-supereffective|p2a: Kingambit
|-damage|p2a: Kingambit|0 fnt
|faint|p2a: Kingambit
|-end|p2a: Kingambit|fallen1|[silent]
|
|-weather|SunnyDay|[upkeep]
|-damage|p1a: Etna|94/100 tox|[from] psn
|upkeep
|
|t:|1757870529
|switch|p2a: Deoxys|Deoxys-Speed|100/100
|-ability|p2a: Deoxys|Pressure
|turn|12
|
|t:|1757870533
|move|p1a: Etna|Eruption|p2a: Deoxys
|-damage|p2a: Deoxys|0 fnt
|faint|p2a: Deoxys
|
|-weather|SunnyDay|[upkeep]
|-damage|p1a: Etna|82/100 tox|[from] psn
|upkeep
|
|t:|1757870542
|switch|p2a: Iron Valiant|Iron Valiant|100/100
|-enditem|p2a: Iron Valiant|Booster Energy
|-activate|p2a: Iron Valiant|ability: Quark Drive|[fromitem]
|-start|p2a: Iron Valiant|quarkdrivespe
|turn|13
|
|t:|1757870547
|-terastallize|p2a: Iron Valiant|Fairy
|move|p1a: Etna|Eruption|p2a: Iron Valiant
|-damage|p2a: Iron Valiant|0 fnt
|faint|p2a: Iron Valiant
|-end|p2a: Iron Valiant|Quark Drive|[silent]
|
|-weather|SunnyDay|[upkeep]
|-damage|p1a: Etna|64/100 tox|[from] psn
|-fieldend|move: Trick Room
|upkeep
|-message|jolle forfeited.
|
|win|Coralite00
|raw|Coralite00's rating: 1330 &rarr; <strong>1351</strong><br />(+21 for winning)
|raw|jolle's rating: 1355 &rarr; <strong>1334</strong><br />(-21 for losing)
|l|☆jolle
|player|p2|
|l|☆Coralite00
|player|p1|
