|j|☆rolenbogat
|j|☆The Paldea Region
|t:|1757947941
|gametype|singles
|player|p1|rolenbogat|dawn|1385
|player|p2|The Paldea Region|emma|1424
|gen|9
|tier|[Gen 9] OU
|rated|
|rule|HP Percentage Mod: HP is shown in percentages
|rule|Endless Battle Clause: Forcing endless battles is banned
|rule|Species Clause: Limit one of each Pokémon
|rule|OHKO Clause: OHKO moves are banned
|rule|Evasion Items Clause: Evasion items are banned
|rule|Evasion Moves Clause: Evasion moves are banned
|rule|Evasion Abilities Clause: Evasion abilities are banned
|rule|Sleep Moves Clause: Sleep-inducing moves are banned
|clearpoke
|poke|p1|Ninetales-Alola, M|
|poke|p1|Quaquaval, M|
|poke|p1|Enamorus, F|
|poke|p1|Landorus-Therian, M|
|poke|p1|Jirachi|
|poke|p1|Necrozma|
|poke|p2|Dragapult, F|
|poke|p2|Ninetales-Alola, F|
|poke|p2|Samurott-Hisui, F|
|poke|p2|Ceruledge, F|
|poke|p2|Zamazenta-*|
|poke|p2|Hatterene, F|
|teampreview
|
|t:|1757947954
|teamsize|p1|6
|teamsize|p2|6
|start
|switch|p1a: Ninetales|Ninetales-Alola, M|100/100
|switch|p2a: Zamazenta|Zamazenta|100/100
|-ability|p2a: Zamazenta|Dauntless Shield|boost
|-boost|p2a: Zamazenta|def|1
|-weather|Snowscape|[from] ability: Snow Warning|[of] p1a: Ninetales
|turn|1
|
|t:|1757947959
|move|p2a: Zamazenta|Heavy Slam|p1a: Ninetales
|-supereffective|p1a: Ninetales
|-damage|p1a: Ninetales|0 fnt
|faint|p1a: Ninetales
|-damage|p2a: Zamazenta|91/100|[from] item: Life Orb
|
|-weather|Snowscape|[upkeep]
|upkeep
|
|t:|1757947967
|switch|p1a: Enamorus|Enamorus, F|100/100
|turn|2
|
|t:|1757947975
|switch|p2a: Ceruledge|Ceruledge, F|100/100
|switch|p1a: Jirachi|Jirachi|100/100
|
|-weather|Snowscape|[upkeep]
|upkeep
|turn|3
|
|t:|1757947985
|switch|p2a: Hatterene|Hatterene, F|100/100
|move|p1a: Jirachi|Thunder Wave|p2a: Hatterene
|move|p2a: Hatterene|Thunder Wave|p1a: Jirachi|[from] ability: Magic Bounce
|-status|p1a: Jirachi|par
|
|-weather|Snowscape|[upkeep]
|upkeep
|turn|4
|
|t:|1757947991
|switch|p2a: Ninetales|Ninetales-Alola, F, shiny|100/100
|move|p1a: Jirachi|Doom Desire|p2a: Ninetales
|-start|p1a: Jirachi|Doom Desire
|
|-weather|Snowscape|[upkeep]
|upkeep
|turn|5
|
|t:|1757947997
|switch|p1a: Quaquaval|Quaquaval, M|100/100
|move|p2a: Ninetales|Aurora Veil|p2a: Ninetales
|-sidestart|p2: The Paldea Region|move: Aurora Veil
|
|-weather|none
|upkeep
|turn|6
|
|t:|1757948012
|move|p2a: Ninetales|Moonblast|p1a: Quaquaval
|-supereffective|p1a: Quaquaval
|-damage|p1a: Quaquaval|60/100
|move|p1a: Quaquaval|Knock Off|p2a: Ninetales
|-resisted|p2a: Ninetales
|-damage|p2a: Ninetales|92/100
|-enditem|p2a: Ninetales|Light Clay|[from] move: Knock Off|[of] p1a: Quaquaval
|
|-end|p2a: Ninetales|move: Doom Desire
|-supereffective|p2a: Ninetales
|-damage|p2a: Ninetales|0 fnt
|faint|p2a: Ninetales
|upkeep
|
|t:|1757948027
|switch|p2a: Dragapult|Dragapult, F|100/100
|turn|7
|
|t:|1757948038
|move|p2a: Dragapult|Substitute|p2a: Dragapult
|-start|p2a: Dragapult|Substitute
|-damage|p2a: Dragapult|76/100
|move|p1a: Quaquaval|Knock Off|p2a: Dragapult
|-supereffective|p2a: Dragapult
|-end|p2a: Dragapult|Substitute
|
|upkeep
|turn|8
|
|t:|1757948044
|move|p2a: Dragapult|Dragon Darts|p1a: Quaquaval
|-damage|p1a: Quaquaval|23/100
|-anim|p2a: Dragapult|Dragon Darts|p1a: Quaquaval
|-damage|p1a: Quaquaval|0 fnt
|faint|p1a: Quaquaval
|-damage|p2a: Dragapult|66/100|[from] item: Life Orb
|
|upkeep
|
|t:|1757948056
|switch|p1a: Landorus|Landorus-Therian, M|100/100
|-ability|p1a: Landorus|Intimidate|boost
|-fail|p2a: Dragapult|unboost|[from] ability: Clear Body|[of] p2a: Dragapult
|turn|9
|
|t:|1757948060
|move|p1a: Landorus|Crunch|p2a: Dragapult
|-supereffective|p2a: Dragapult
|-damage|p2a: Dragapult|24/100
|move|p2a: Dragapult|Dragon Dance|p2a: Dragapult
|-boost|p2a: Dragapult|atk|1
|-boost|p2a: Dragapult|spe|1
|
|upkeep
|turn|10
|
|t:|1757948074
|-terastallize|p2a: Dragapult|Ghost
|move|p2a: Dragapult|Tera Blast|p1a: Landorus|[anim] Tera Blast Ghost
|-damage|p1a: Landorus|0 fnt
|faint|p1a: Landorus
|-damage|p2a: Dragapult|15/100|[from] item: Life Orb
|
|upkeep
|
|t:|1757948080
|switch|p1a: Enamorus|Enamorus, F|100/100
|turn|11
|-message|rolenbogat forfeited.
|
|win|The Paldea Region
|raw|rolenbogat's rating: 1385 &rarr; <strong>1367</strong><br />(-18 for losing)
|raw|The Paldea Region's rating: 1424 &rarr; <strong>1442</strong><br />(+18 for winning)
|l|☆rolenbogat
|player|p1|
