|j|☆Charlie_Kirk_Dead
|j|☆ccncn123
|t:|1757830613
|gametype|singles
|player|p1|Charlie_Kirk_Dead|hoopster|1363
|player|p2|ccncn123|swimmerf-gen4|1399
|gen|9
|tier|[Gen 9] OU
|rated|
|rule|HP Percentage Mod: HP is shown in percentages
|rule|Endless Battle Clause: Forcing endless battles is banned
|rule|Species Clause: Limit one of each Pokémon
|rule|OHKO Clause: OHKO moves are banned
|rule|Evasion Items Clause: Evasion items are banned
|rule|Evasion Moves Clause: Evasion moves are banned
|rule|Evasion Abilities Clause: Evasion abilities are banned
|rule|Sleep Moves Clause: Sleep-inducing moves are banned
|clearpoke
|poke|p1|Alomomola, F|
|poke|p1|Ting-Lu|
|poke|p1|Zamazenta-*|
|poke|p1|Hawlucha, F|
|poke|p1|Iron Valiant|
|poke|p1|Darkrai|
|poke|p2|Dragapult, F|
|poke|p2|Dragonite, M|
|poke|p2|Corviknight, M|
|poke|p2|Deoxys-Speed|
|poke|p2|Gholdengo|
|poke|p2|Kingambit, F|
|teampreview
|inactive|Battle timer is ON: inactive players will automatically lose when time's up. (requested by Charlie_Kirk_Dead)
|
|t:|1757830629
|teamsize|p1|6
|teamsize|p2|6
|start
|switch|p1a: Ting-Lu|Ting-Lu|100/100
|switch|p2a: Deoxys|Deoxys-Speed|100/100
|-ability|p2a: Deoxys|Pressure
|-ability|p1a: Ting-Lu|Vessel of Ruin
|turn|1
|
|t:|1757830636
|switch|p2a: Corviknight|Corviknight, M|100/100
|move|p1a: Ting-Lu|Throat Chop|p2a: Corviknight
|-damage|p2a: Corviknight|67/100
|-start|p2a: Corviknight|Throat Chop|[silent]
|
|-heal|p2a: Corviknight|73/100|[from] item: Leftovers
|upkeep
|turn|2
|
|t:|1757830647
|switch|p1a: Alomomola|Alomomola, F|100/100
|move|p2a: Corviknight|Body Press|p1a: Alomomola
|-damage|p1a: Alomomola|80/100
|
|-heal|p2a: Corviknight|79/100|[from] item: Leftovers
|-end|p2a: Corviknight|Throat Chop|[silent]
|upkeep
|turn|3
|
|t:|1757830650
|move|p2a: Corviknight|U-turn|p1a: Alomomola
|-damage|p1a: Alomomola|68/100
|
|t:|1757830653
|switch|p2a: Deoxys|Deoxys-Speed|100/100|[from] U-turn
|-ability|p2a: Deoxys|Pressure
|move|p1a: Alomomola|Flip Turn|p2a: Deoxys
|-damage|p2a: Deoxys|73/100
|
|t:|1757830673
|switch|p1a: Darkrai|Darkrai|100/100|[from] Flip Turn
|
|upkeep
|turn|4
|
|t:|1757830682
|move|p2a: Deoxys|Superpower|p1a: Darkrai
|-supereffective|p1a: Darkrai
|-damage|p1a: Darkrai|11/100
|-unboost|p2a: Deoxys|atk|1
|-unboost|p2a: Deoxys|def|1
|move|p1a: Darkrai|Dark Pulse|p2a: Deoxys
|-supereffective|p2a: Deoxys
|-damage|p2a: Deoxys|0 fnt
|faint|p2a: Deoxys
|
|upkeep
|
|t:|1757830687
|switch|p2a: Dragonite|Dragonite, M|100/100
|turn|5
|
|t:|1757830695
|switch|p1a: Alomomola|Alomomola, F|100/100
|move|p2a: Dragonite|Extreme Speed|p1a: Alomomola
|-damage|p1a: Alomomola|77/100
|
|upkeep
|turn|6
|
|t:|1757830701
|switch|p2a: Gholdengo|Gholdengo|100/100
|move|p1a: Alomomola|Flip Turn|p2a: Gholdengo
|-damage|p2a: Gholdengo|82/100
|
|t:|1757830717
|switch|p1a: Iron Valiant|Iron Valiant|100/100|[from] Flip Turn
|
|upkeep
|turn|7
|
|t:|1757830721
|move|p2a: Gholdengo|Make It Rain|p1a: Iron Valiant
|-supereffective|p1a: Iron Valiant
|-damage|p1a: Iron Valiant|0 fnt
|-unboost|p2a: Gholdengo|spa|1
|faint|p1a: Iron Valiant
|-end|p1a: Iron Valiant|Quark Drive|[silent]
|
|upkeep
|
|t:|1757830727
|switch|p1a: Zamazenta|Zamazenta|100/100
|-ability|p1a: Zamazenta|Dauntless Shield|boost
|-boost|p1a: Zamazenta|def|1
|turn|8
|
|t:|1757830732
|switch|p2a: Corviknight|Corviknight, M|79/100
|move|p1a: Zamazenta|Close Combat|p2a: Corviknight
|-damage|p2a: Corviknight|25/100
|-unboost|p1a: Zamazenta|def|1
|-unboost|p1a: Zamazenta|spd|1
|
|-heal|p2a: Corviknight|31/100|[from] item: Leftovers
|upkeep
|turn|9
|
|t:|1757830740
|switch|p1a: Ting-Lu|Ting-Lu|100/100
|-ability|p1a: Ting-Lu|Vessel of Ruin
|switch|p2a: Dragapult|Dragapult, F|100/100
|
|upkeep
|turn|10
|
|t:|1757830746
|move|p2a: Dragapult|U-turn|p1a: Ting-Lu
|-supereffective|p1a: Ting-Lu
|-damage|p1a: Ting-Lu|74/100
|-damage|p2a: Dragapult|91/100|[from] item: Life Orb
|
|t:|1757830752
|switch|p2a: Corviknight|Corviknight, M|31/100|[from] U-turn
|move|p1a: Ting-Lu|Throat Chop|p2a: Corviknight
|-damage|p2a: Corviknight|0 fnt
|faint|p2a: Corviknight
|
|upkeep
|
|t:|1757830771
|switch|p2a: Dragonite|Dragonite, M|100/100
|turn|11
|
|t:|1757830774
|move|p2a: Dragonite|Dragon Dance|p2a: Dragonite
|-boost|p2a: Dragonite|atk|1
|-boost|p2a: Dragonite|spe|1
|move|p1a: Ting-Lu|Throat Chop|p2a: Dragonite
|-damage|p2a: Dragonite|68/100
|-start|p2a: Dragonite|Throat Chop|[silent]
|
|upkeep
|turn|12
|
|t:|1757830782
|move|p2a: Dragonite|Ice Spinner|p1a: Ting-Lu
|-supereffective|p1a: Ting-Lu
|-damage|p1a: Ting-Lu|24/100
|move|p1a: Ting-Lu|Throat Chop|p2a: Dragonite
|-damage|p2a: Dragonite|2/100
|
|-end|p2a: Dragonite|Throat Chop|[silent]
|upkeep
|turn|13
|
|t:|1757830789
|switch|p1a: Alomomola|Alomomola, F|100/100
|move|p2a: Dragonite|Extreme Speed|p1a: Alomomola
|-damage|p1a: Alomomola|63/100
|
|upkeep
|turn|14
|
|t:|1757830795
|-terastallize|p2a: Dragonite|Normal
|move|p2a: Dragonite|Extreme Speed|p1a: Alomomola
|-damage|p1a: Alomomola|11/100
|move|p1a: Alomomola|Flip Turn|p2a: Dragonite
|-damage|p2a: Dragonite|0 fnt
|faint|p2a: Dragonite
|
|t:|1757830808
|switch|p1a: Zamazenta|Zamazenta|100/100|[from] Flip Turn
|
|upkeep
|
|t:|1757830811
|switch|p2a: Dragapult|Dragapult, F|91/100
|turn|15
|
|t:|1757830815
|move|p2a: Dragapult|Shadow Ball|p1a: Zamazenta
|-damage|p1a: Zamazenta|56/100
|-damage|p2a: Dragapult|81/100|[from] item: Life Orb
|move|p1a: Zamazenta|Crunch|p2a: Dragapult
|-supereffective|p2a: Dragapult
|-damage|p2a: Dragapult|0 fnt
|faint|p2a: Dragapult
|
|upkeep
|
|t:|1757830824
|switch|p2a: Gholdengo|Gholdengo|82/100
|turn|16
|
|t:|1757830829
|switch|p1a: Ting-Lu|Ting-Lu|24/100
|-ability|p1a: Ting-Lu|Vessel of Ruin
|move|p2a: Gholdengo|Shadow Ball|p1a: Ting-Lu
|-resisted|p1a: Ting-Lu
|-crit|p1a: Ting-Lu
|-damage|p1a: Ting-Lu|4/100
|
|upkeep
|turn|17
|
|t:|1757830833
|move|p2a: Gholdengo|Shadow Ball|p1a: Ting-Lu
|-resisted|p1a: Ting-Lu
|-damage|p1a: Ting-Lu|0 fnt
|faint|p1a: Ting-Lu
|
|upkeep
|
|t:|1757830835
|switch|p1a: Alomomola|Alomomola, F|44/100
|turn|18
|
|t:|1757830839
|move|p2a: Gholdengo|Shadow Ball|p1a: Alomomola
|-damage|p1a: Alomomola|23/100
|-unboost|p1a: Alomomola|spd|1
|move|p1a: Alomomola|Mirror Coat|p2a: Gholdengo
|-damage|p2a: Gholdengo|10/100
|
|upkeep
|turn|19
|
|t:|1757830866
|switch|p1a: Darkrai|Darkrai|11/100
|move|p2a: Gholdengo|Shadow Ball|p1a: Darkrai
|-resisted|p1a: Darkrai
|-damage|p1a: Darkrai|0 fnt
|faint|p1a: Darkrai
|
|upkeep
|
|t:|1757830869
|switch|p1a: Alomomola|Alomomola, F|56/100
|turn|20
|
|t:|1757830871
|switch|p2a: Kingambit|Kingambit, F|100/100
|-activate|p2a: Kingambit|ability: Supreme Overlord
|-start|p2a: Kingambit|fallen4|[silent]
|move|p1a: Alomomola|Flip Turn|p2a: Kingambit
|-damage|p2a: Kingambit|88/100
|
|t:|1757830881
|switch|p1a: Zamazenta|Zamazenta|56/100|[from] Flip Turn
|
|-heal|p2a: Kingambit|95/100|[from] item: Leftovers
|upkeep
|turn|21
|
|t:|1757830888
|-end|p2a: Kingambit|fallen4|[silent]
|switch|p2a: Gholdengo|Gholdengo|10/100
|move|p1a: Zamazenta|Close Combat|p2a: Gholdengo
|-immune|p2a: Gholdengo
|
|upkeep
|turn|22
|
|t:|1757830895
|switch|p1a: Alomomola|Alomomola, F|89/100
|move|p2a: Gholdengo|Shadow Ball|p1a: Alomomola
|-damage|p1a: Alomomola|68/100
|
|upkeep
|turn|23
|
|t:|1757830901
|switch|p2a: Kingambit|Kingambit, F|95/100
|-activate|p2a: Kingambit|ability: Supreme Overlord
|-start|p2a: Kingambit|fallen4|[silent]
|move|p1a: Alomomola|Flip Turn|p2a: Kingambit
|-damage|p2a: Kingambit|82/100
|
|t:|1757830905
|switch|p1a: Hawlucha|Hawlucha, F|100/100|[from] Flip Turn
|-ability|p1a: Hawlucha|Mold Breaker
|
|-heal|p2a: Kingambit|89/100|[from] item: Leftovers
|upkeep
|turn|24
|
|t:|1757830912
|-end|p2a: Kingambit|fallen4|[silent]
|switch|p2a: Gholdengo|Gholdengo|10/100
|move|p1a: Hawlucha|U-turn|p2a: Gholdengo
|-resisted|p2a: Gholdengo
|-damage|p2a: Gholdengo|6/100
|
|t:|1757830917
|switch|p1a: Alomomola|Alomomola, F|100/100|[from] U-turn
|
|upkeep
|turn|25
|
|t:|1757830920
|move|p2a: Gholdengo|Trick|p1a: Alomomola
|-activate|p2a: Gholdengo|move: Trick|[of] p1a: Alomomola
|-item|p1a: Alomomola|Choice Scarf|[from] move: Trick
|-item|p2a: Gholdengo|Assault Vest|[from] move: Trick
|move|p1a: Alomomola|Flip Turn|p2a: Gholdengo
|-damage|p2a: Gholdengo|0 fnt
|faint|p2a: Gholdengo
|
|t:|1757830928
|switch|p1a: Hawlucha|Hawlucha, F|100/100|[from] Flip Turn
|-ability|p1a: Hawlucha|Mold Breaker
|
|upkeep
|
|t:|1757830930
|switch|p2a: Kingambit|Kingambit, F|89/100
|-activate|p2a: Kingambit|ability: Supreme Overlord
|-start|p2a: Kingambit|fallen5|[silent]
|turn|26
|
|t:|1757830936
|move|p1a: Hawlucha|Roost||[still]
|-fail|p1a: Hawlucha|heal
|move|p2a: Kingambit|Swords Dance|p2a: Kingambit
|-boost|p2a: Kingambit|atk|2
|
|-heal|p2a: Kingambit|95/100|[from] item: Leftovers
|upkeep
|turn|27
|
|t:|1757830939
|move|p1a: Hawlucha|Encore|p2a: Kingambit
|-start|p2a: Kingambit|Encore
|move|p2a: Kingambit|Swords Dance|p2a: Kingambit
|-boost|p2a: Kingambit|atk|2
|
|-heal|p2a: Kingambit|100/100|[from] item: Leftovers
|upkeep
|turn|28
|
|t:|1757830944
|move|p1a: Hawlucha|U-turn|p2a: Kingambit
|-damage|p2a: Kingambit|90/100
|
|t:|1757830947
|switch|p1a: Zamazenta|Zamazenta|56/100|[from] U-turn
|move|p2a: Kingambit|Swords Dance|p2a: Kingambit
|-boost|p2a: Kingambit|atk|2
|
|-heal|p2a: Kingambit|97/100|[from] item: Leftovers
|upkeep
|turn|29
|
|t:|1757830949
|-terastallize|p1a: Zamazenta|Fighting
|move|p1a: Zamazenta|Close Combat|p2a: Kingambit
|-supereffective|p2a: Kingambit
|-damage|p2a: Kingambit|0 fnt
|-unboost|p1a: Zamazenta|def|1
|-unboost|p1a: Zamazenta|spd|1
|faint|p2a: Kingambit
|-end|p2a: Kingambit|fallen5|[silent]
|
|win|Charlie_Kirk_Dead
|raw|Charlie_Kirk_Dead's rating: 1363 &rarr; <strong>1385</strong><br />(+22 for winning)
|raw|ccncn123's rating: 1399 &rarr; <strong>1377</strong><br />(-22 for losing)
|l|☆ccncn123
|player|p2|
|l|☆Charlie_Kirk_Dead
|player|p1|
