|j|☆monkey ramen
|j|☆bennyemerald
|t:|1757896995
|gametype|singles
|player|p1|monkey ramen|hilda-wonderlauncher|1611
|player|p2|bennyemerald|hilbert|1568
|gen|9
|tier|[Gen 9] OU
|rated|
|rule|HP Percentage Mod: HP is shown in percentages
|rule|Endless Battle Clause: Forcing endless battles is banned
|rule|Species Clause: Limit one of each Pokémon
|rule|OHKO Clause: OHKO moves are banned
|rule|Evasion Items Clause: Evasion items are banned
|rule|Evasion Moves Clause: Evasion moves are banned
|rule|Evasion Abilities Clause: Evasion abilities are banned
|rule|Sleep Moves Clause: Sleep-inducing moves are banned
|clearpoke
|poke|p1|Araquanid, F|
|poke|p1|Samurott-Hisui, F|
|poke|p1|Gholdengo|
|poke|p1|Ogerpon-Wellspring, F|
|poke|p1|Deoxys-Speed|
|poke|p1|Darkrai|
|poke|p2|Blissey, F|
|poke|p2|Landorus-Therian, M|
|poke|p2|Darkrai|
|poke|p2|Clefable, F|
|poke|p2|Corviknight, M|
|poke|p2|Dragapult, F|
|teampreview
|inactive|Battle timer is ON: inactive players will automatically lose when time's up. (requested by bennyemerald)
|inactive|monkey ramen also wants the timer to be on.
|
|t:|1757897011
|teamsize|p1|6
|teamsize|p2|6
|start
|switch|p1a: Araquanid|Araquanid, F|100/100
|switch|p2a: Dragapult|Dragapult, F|100/100
|turn|1
|
|t:|1757897018
|move|p2a: Dragapult|Dragon Darts|p1a: Araquanid
|-damage|p1a: Araquanid|66/100
|-anim|p2a: Dragapult|Dragon Darts|p1a: Araquanid
|-damage|p1a: Araquanid|31/100
|move|p1a: Araquanid|Sticky Web|p2a: Dragapult
|-sidestart|p2: bennyemerald|move: Sticky Web
|
|upkeep
|turn|2
|
|t:|1757897026
|move|p2a: Dragapult|Dragon Darts|p1a: Araquanid
|-damage|p1a: Araquanid|0 fnt
|faint|p1a: Araquanid
|
|upkeep
|
|t:|1757897029
|switch|p1a: Samurott|Samurott-Hisui, F|100/100
|turn|3
|
|t:|1757897040
|switch|p2a: Corviknight|Corviknight, M|100/100
|-ability|p2a: Corviknight|Pressure
|move|p1a: Samurott|Ceaseless Edge|p2a: Corviknight
|-damage|p2a: Corviknight|71/100
|-sidestart|p2: bennyemerald|Spikes
|
|-heal|p2a: Corviknight|77/100|[from] item: Leftovers
|upkeep
|turn|4
|
|t:|1757897053
|move|p1a: Samurott|Swords Dance|p1a: Samurott
|-boost|p1a: Samurott|atk|2
|move|p2a: Corviknight|U-turn|p1a: Samurott
|-supereffective|p1a: Samurott
|-damage|p1a: Samurott|61/100
|
|t:|1757897058
|switch|p2a: Clefable|Clefable, F|100/100|[from] U-turn
|
|upkeep
|turn|5
|
|t:|1757897062
|move|p1a: Samurott|Razor Shell|p2a: Clefable
|-damage|p2a: Clefable|59/100
|move|p2a: Clefable|Moonblast|p1a: Samurott
|-supereffective|p1a: Samurott
|-damage|p1a: Samurott|0 fnt
|faint|p1a: Samurott
|
|upkeep
|
|t:|1757897071
|switch|p1a: Ogerpon|Ogerpon-Wellspring, F|100/100
|turn|6
|
|t:|1757897077
|move|p1a: Ogerpon|Ivy Cudgel|p2a: Clefable|[anim] Ivy Cudgel Water
|-damage|p2a: Clefable|18/100
|move|p2a: Clefable|Moonlight|p2a: Clefable
|-heal|p2a: Clefable|68/100
|
|upkeep
|turn|7
|
|t:|1757897081
|switch|p1a: Gholdengo|Gholdengo|100/100
|-item|p1a: Gholdengo|Air Balloon
|move|p2a: Clefable|Moonlight|p2a: Clefable
|-heal|p2a: Clefable|100/100
|
|upkeep
|turn|8
|
|t:|1757897086
|switch|p2a: Blissey|Blissey, F|100/100
|-activate|p2a: Blissey|move: Sticky Web
|-unboost|p2a: Blissey|spe|1
|-damage|p2a: Blissey|88/100|[from] Spikes
|move|p1a: Gholdengo|Shadow Ball|p2a: Blissey
|-immune|p2a: Blissey
|
|-heal|p2a: Blissey|94/100|[from] item: Leftovers
|upkeep
|turn|9
|
|t:|1757897094
|move|p1a: Gholdengo|Nasty Plot|p1a: Gholdengo
|-boost|p1a: Gholdengo|spa|2
|move|p2a: Blissey|Flamethrower|p1a: Gholdengo
|-supereffective|p1a: Gholdengo
|-damage|p1a: Gholdengo|64/100
|-enditem|p1a: Gholdengo|Air Balloon
|
|-heal|p2a: Blissey|99/100|[from] item: Leftovers
|upkeep
|turn|10
|
|t:|1757897097
|move|p1a: Gholdengo|Nasty Plot|p1a: Gholdengo
|-boost|p1a: Gholdengo|spa|2
|move|p2a: Blissey|Calm Mind|p2a: Blissey
|-boost|p2a: Blissey|spa|1
|-boost|p2a: Blissey|spd|1
|
|-heal|p2a: Blissey|100/100|[from] item: Leftovers
|upkeep
|turn|11
|
|t:|1757897099
|move|p1a: Gholdengo|Focus Blast|p2a: Blissey
|-supereffective|p2a: Blissey
|-damage|p2a: Blissey|45/100
|-unboost|p2a: Blissey|spd|1
|move|p2a: Blissey|Calm Mind|p2a: Blissey
|-boost|p2a: Blissey|spa|1
|-boost|p2a: Blissey|spd|1
|
|-heal|p2a: Blissey|51/100|[from] item: Leftovers
|upkeep
|turn|12
|
|t:|1757897120
|move|p1a: Gholdengo|Focus Blast|p2a: Blissey|[miss]
|-miss|p1a: Gholdengo|p2a: Blissey
|move|p2a: Blissey|Soft-Boiled|p2a: Blissey
|-heal|p2a: Blissey|100/100
|
|upkeep
|turn|13
|
|t:|1757897123
|move|p1a: Gholdengo|Focus Blast|p2a: Blissey
|-supereffective|p2a: Blissey
|-damage|p2a: Blissey|49/100
|move|p2a: Blissey|Calm Mind|p2a: Blissey
|-boost|p2a: Blissey|spa|1
|-boost|p2a: Blissey|spd|1
|
|-heal|p2a: Blissey|55/100|[from] item: Leftovers
|upkeep
|turn|14
|
|t:|1757897126
|move|p1a: Gholdengo|Nasty Plot|p1a: Gholdengo
|-boost|p1a: Gholdengo|spa|2
|move|p2a: Blissey|Soft-Boiled|p2a: Blissey
|-heal|p2a: Blissey|100/100
|
|upkeep
|turn|15
|
|t:|1757897129
|move|p1a: Gholdengo|Focus Blast|p2a: Blissey
|-supereffective|p2a: Blissey
|-damage|p2a: Blissey|46/100
|-unboost|p2a: Blissey|spd|1
|move|p2a: Blissey|Flamethrower|p1a: Gholdengo
|-supereffective|p1a: Gholdengo
|-damage|p1a: Gholdengo|0 fnt
|faint|p1a: Gholdengo
|
|-heal|p2a: Blissey|52/100|[from] item: Leftovers
|upkeep
|
|t:|1757897133
|switch|p1a: Ogerpon|Ogerpon-Wellspring, F|100/100
|turn|16
|
|t:|1757897150
|switch|p2a: Corviknight|Corviknight, M|77/100
|-ability|p2a: Corviknight|Pressure
|move|p1a: Ogerpon|Ivy Cudgel|p2a: Corviknight|[anim] Ivy Cudgel Water
|-damage|p2a: Corviknight|41/100
|
|-heal|p2a: Corviknight|47/100|[from] item: Leftovers
|upkeep
|turn|17
|
|t:|1757897159
|move|p1a: Ogerpon|Swords Dance|p1a: Ogerpon
|-boost|p1a: Ogerpon|atk|2
|move|p2a: Corviknight|Roost|p2a: Corviknight
|-heal|p2a: Corviknight|97/100
|-singleturn|p2a: Corviknight|move: Roost
|
|-heal|p2a: Corviknight|100/100|[from] item: Leftovers
|upkeep
|turn|18
|
|t:|1757897161
|move|p1a: Ogerpon|Ivy Cudgel|p2a: Corviknight|[anim] Ivy Cudgel Water
|-damage|p2a: Corviknight|36/100
|move|p2a: Corviknight|Defog|p1a: Ogerpon
|-unboost|p1a: Ogerpon|evasion|1
|-sideend|p2: bennyemerald|Spikes|[from] move: Defog|[of] p2a: Corviknight
|-sideend|p2: bennyemerald|Sticky Web|[from] move: Defog|[of] p2a: Corviknight
|
|-heal|p2a: Corviknight|42/100|[from] item: Leftovers
|upkeep
|turn|19
|
|t:|1757897166
|switch|p2a: Clefable|Clefable, F|100/100
|move|p1a: Ogerpon|Ivy Cudgel|p2a: Clefable|[anim] Ivy Cudgel Water
|-damage|p2a: Clefable|53/100
|
|upkeep
|turn|20
|
|t:|1757897173
|-terastallize|p1a: Ogerpon|Water
|detailschange|p1a: Ogerpon|Ogerpon-Wellspring-Tera, F, tera:Water
|-ability|p1a: Ogerpon|Embody Aspect (Wellspring)|boost
|-boost|p1a: Ogerpon|spd|1
|move|p1a: Ogerpon|Ivy Cudgel|p2a: Clefable|[anim] Ivy Cudgel Water
|-damage|p2a: Clefable|0 fnt
|faint|p2a: Clefable
|
|upkeep
|
|t:|1757897186
|switch|p2a: Dragapult|Dragapult, F|100/100
|turn|21
|
|t:|1757897192
|switch|p1a: Darkrai|Darkrai|100/100
|-terastallize|p2a: Dragapult|Ghost
|move|p2a: Dragapult|Tera Blast|p1a: Darkrai|[anim] Tera Blast Ghost
|-resisted|p1a: Darkrai
|-damage|p1a: Darkrai|48/100
|
|upkeep
|turn|22
|
|t:|1757897199
|move|p2a: Dragapult|Tera Blast|p1a: Darkrai|[anim] Tera Blast Ghost
|-resisted|p1a: Darkrai
|-crit|p1a: Darkrai
|-damage|p1a: Darkrai|0 fnt
|faint|p1a: Darkrai
|
|upkeep
|
|t:|1757897203
|switch|p1a: Deoxys|Deoxys-Speed|100/100
|-ability|p1a: Deoxys|Pressure
|turn|23
|
|t:|1757897211
|move|p1a: Deoxys|Psycho Boost|p2a: Dragapult
|-damage|p2a: Dragapult|10/100
|-unboost|p1a: Deoxys|spa|2
|move|p2a: Dragapult|Tera Blast|p1a: Deoxys|[anim] Tera Blast Ghost
|-supereffective|p1a: Deoxys
|-damage|p1a: Deoxys|0 fnt
|faint|p1a: Deoxys
|
|upkeep
|-message|monkey ramen forfeited.
|
|win|bennyemerald
|raw|monkey ramen's rating: 1611 &rarr; <strong>1589</strong><br />(-22 for losing)
|raw|bennyemerald's rating: 1568 &rarr; <strong>1590</strong><br />(+22 for winning)
|l|☆monkey ramen
|player|p1|
