|j|☆bendlove
|j|☆Buy my book azul
|t:|1757875478
|gametype|singles
|player|p1|bendlove|clay|1340
|player|p2|Buy my book azul|diantha-masters|1389
|gen|9
|tier|[Gen 9] OU
|rated|
|rule|HP Percentage Mod: HP is shown in percentages
|rule|Endless Battle Clause: Forcing endless battles is banned
|rule|Species Clause: Limit one of each Pokémon
|rule|OHKO Clause: OHKO moves are banned
|rule|Evasion Items Clause: Evasion items are banned
|rule|Evasion Moves Clause: Evasion moves are banned
|rule|Evasion Abilities Clause: Evasion abilities are banned
|rule|Sleep Moves Clause: Sleep-inducing moves are banned
|clearpoke
|poke|p1|Pecharunt|
|poke|p1|Lokix, M|
|poke|p1|Landorus-Therian, M|
|poke|p1|Cinderace, F|
|poke|p1|Corviknight, M|
|poke|p1|Primarina, M|
|poke|p2|Garchomp, F|
|poke|p2|Dragapult, M|
|poke|p2|Samurott-Hisui, M|
|poke|p2|Scizor, F|
|poke|p2|Gholdengo|
|poke|p2|Ting-Lu|
|teampreview
|
|t:|1757875491
|teamsize|p1|6
|teamsize|p2|6
|start
|switch|p1a: Primarina|Primarina, M|100/100
|switch|p2a: Samurott|Samurott-Hisui, M, shiny|100/100
|turn|1
|inactive|Battle timer is ON: inactive players will automatically lose when time's up. (requested by Buy my book azul)
|
|t:|1757875500
|move|p2a: Samurott|Razor Shell|p1a: Primarina
|-resisted|p1a: Primarina
|-damage|p1a: Primarina|71/100
|move|p1a: Primarina|Moonblast|p2a: Samurott
|-supereffective|p2a: Samurott
|-enditem|p2a: Samurott|Focus Sash
|-damage|p2a: Samurott|1/100
|
|upkeep
|turn|2
|
|t:|1757875510
|move|p2a: Samurott|Ceaseless Edge|p1a: Primarina
|-resisted|p1a: Primarina
|-damage|p1a: Primarina|46/100
|-sidestart|p1: bendlove|Spikes
|move|p1a: Primarina|Flip Turn|p2a: Samurott
|-resisted|p2a: Samurott
|-damage|p2a: Samurott|0 fnt
|faint|p2a: Samurott
|
|t:|1757875516
|switch|p1a: Corviknight|Corviknight, M|100/100|[from] Flip Turn
|
|upkeep
|
|t:|1757875519
|switch|p2a: Gholdengo|Gholdengo|100/100
|-item|p2a: Gholdengo|Air Balloon
|turn|3
|
|t:|1757875522
|move|p2a: Gholdengo|Shadow Ball|p1a: Corviknight
|-damage|p1a: Corviknight|61/100
|move|p1a: Corviknight|U-turn|p2a: Gholdengo
|-resisted|p2a: Gholdengo
|-damage|p2a: Gholdengo|97/100
|-enditem|p2a: Gholdengo|Air Balloon
|
|t:|1757875525
|switch|p1a: Landorus|Landorus-Therian, M|100/100|[from] U-turn
|-ability|p1a: Landorus|Intimidate|boost
|-unboost|p2a: Gholdengo|atk|1
|
|upkeep
|turn|4
|
|t:|1757875536
|move|p2a: Gholdengo|Make It Rain|p1a: Landorus
|-damage|p1a: Landorus|36/100
|-unboost|p2a: Gholdengo|spa|1
|move|p1a: Landorus|Earthquake|p2a: Gholdengo
|-supereffective|p2a: Gholdengo
|-damage|p2a: Gholdengo|0 fnt
|faint|p2a: Gholdengo
|
|-heal|p1a: Landorus|42/100|[from] item: Leftovers
|upkeep
|
|t:|1757875552
|switch|p2a: Scizor|Scizor, F|100/100
|turn|5
|
|t:|1757875561
|switch|p1a: Corviknight|Corviknight, M|61/100
|move|p2a: Scizor|Bullet Punch|p1a: Corviknight
|-resisted|p1a: Corviknight
|-damage|p1a: Corviknight|45/100
|
|-heal|p1a: Corviknight|51/100|[from] item: Leftovers
|upkeep
|turn|6
|
|t:|1757875566
|switch|p2a: Garchomp|Garchomp, F|100/100
|move|p1a: Corviknight|Defog|p2a: Garchomp
|-unboost|p2a: Garchomp|evasion|1
|-sideend|p1: bendlove|Spikes|[from] move: Defog|[of] p1a: Corviknight
|
|-heal|p1a: Corviknight|57/100|[from] item: Leftovers
|upkeep
|turn|7
|
|t:|1757875571
|move|p2a: Garchomp|Swords Dance|p2a: Garchomp
|-boost|p2a: Garchomp|atk|2
|move|p1a: Corviknight|Roost|p1a: Corviknight
|-heal|p1a: Corviknight|100/100
|-singleturn|p1a: Corviknight|move: Roost
|
|upkeep
|turn|8
|
|t:|1757875579
|-terastallize|p2a: Garchomp|Fire
|move|p2a: Garchomp|Tera Blast|p1a: Corviknight|[anim] Tera Blast Fire
|-supereffective|p1a: Corviknight
|-damage|p1a: Corviknight|0 fnt
|faint|p1a: Corviknight
|
|upkeep
|
|t:|1757875595
|switch|p1a: Landorus|Landorus-Therian, M|42/100
|-ability|p1a: Landorus|Intimidate|boost
|-unboost|p2a: Garchomp|atk|1
|turn|9
|
|t:|1757875601
|move|p2a: Garchomp|Scale Shot|p1a: Landorus
|-damage|p1a: Landorus|24/100
|-damage|p1a: Landorus|7/100
|-damage|p1a: Landorus|0 fnt
|faint|p1a: Landorus
|-hitcount|p1: Landorus|3
|-unboost|p2a: Garchomp|def|1
|-boost|p2a: Garchomp|spe|1
|
|upkeep
|
|t:|1757875611
|switch|p1a: Lokix|Lokix, M|100/100
|turn|10
|inactive|Buy my book azul has 120 seconds left.
|
|t:|1757875653
|switch|p2a: Dragapult|Dragapult, M, shiny|100/100
|-terastallize|p1a: Lokix|Bug
|move|p1a: Lokix|First Impression|p2a: Dragapult
|-resisted|p2a: Dragapult
|-damage|p2a: Dragapult|0 fnt
|faint|p2a: Dragapult
|
|upkeep
|
|t:|1757875663
|switch|p2a: Garchomp|Garchomp, F, tera:Fire|100/100
|turn|11
|
|t:|1757875677
|switch|p1a: Pecharunt|Pecharunt|100/100
|move|p2a: Garchomp|Swords Dance|p2a: Garchomp
|-boost|p2a: Garchomp|atk|2
|
|upkeep
|turn|12
|inactive|Buy my book azul has 120 seconds left.
|
|t:|1757875694
|move|p2a: Garchomp|Earthquake|p1a: Pecharunt
|-supereffective|p1a: Pecharunt
|-damage|p1a: Pecharunt|0 fnt
|faint|p1a: Pecharunt
|
|upkeep
|inactive|bendlove has 120 seconds left.
|
|t:|1757875732
|switch|p1a: Cinderace|Cinderace, F|100/100
|turn|13
|
|t:|1757875741
|move|p1a: Cinderace|High Jump Kick|p2a: Garchomp
|-start|p1a: Cinderace|typechange|Fighting|[from] ability: Libero
|-damage|p2a: Garchomp|42/100
|-damage|p1a: Cinderace|88/100|[from] ability: Rough Skin|[of] p2a: Garchomp
|move|p2a: Garchomp|Earthquake|p1a: Cinderace
|-damage|p1a: Cinderace|0 fnt
|faint|p1a: Cinderace
|
|upkeep
|
|t:|1757875748
|switch|p1a: Lokix|Lokix, M, tera:Bug|100/100
|turn|14
|
|t:|1757875758
|switch|p2a: Ting-Lu|Ting-Lu|100/100
|-ability|p2a: Ting-Lu|Vessel of Ruin
|move|p1a: Lokix|U-turn|p2a: Ting-Lu
|-supereffective|p2a: Ting-Lu
|-damage|p2a: Ting-Lu|28/100
|
|t:|1757875763
|switch|p1a: Primarina|Primarina, M|46/100|[from] U-turn
|
|-heal|p2a: Ting-Lu|34/100|[from] item: Leftovers
|upkeep
|turn|15
|
|t:|1757875770
|move|p1a: Primarina|Surf|p2a: Ting-Lu
|-supereffective|p2a: Ting-Lu
|-damage|p2a: Ting-Lu|3/100
|move|p2a: Ting-Lu|Earthquake|p1a: Primarina
|-damage|p1a: Primarina|4/100
|
|-heal|p2a: Ting-Lu|9/100|[from] item: Leftovers
|upkeep
|turn|16
|
|t:|1757875775
|move|p1a: Primarina|Surf|p2a: Ting-Lu
|-supereffective|p2a: Ting-Lu
|-damage|p2a: Ting-Lu|0 fnt
|faint|p2a: Ting-Lu
|
|upkeep
|
|t:|1757875778
|switch|p2a: Scizor|Scizor, F|100/100
|turn|17
|
|t:|1757875782
|switch|p1a: Lokix|Lokix, M, tera:Bug|100/100
|move|p2a: Scizor|Bullet Punch|p1a: Lokix
|-damage|p1a: Lokix|17/100
|
|upkeep
|turn|18
|
|t:|1757875787
|move|p1a: Lokix|First Impression|p2a: Scizor
|-resisted|p2a: Scizor
|-damage|p2a: Scizor|5/100
|move|p2a: Scizor|Bullet Punch|p1a: Lokix
|-damage|p1a: Lokix|0 fnt
|faint|p1a: Lokix
|
|upkeep
|c|☆Buy my book azul|gg
|-message|bendlove forfeited.
|
|win|Buy my book azul
|raw|bendlove's rating: 1340 &rarr; <strong>1323</strong><br />(-17 for losing)
|raw|Buy my book azul's rating: 1389 &rarr; <strong>1406</strong><br />(+17 for winning)
|l|☆bendlove
|player|p1|
