|j|☆Lenghong
|j|☆dammp
|t:|1757923996
|gametype|singles
|player|p1|Lenghong|hilda|1365
|player|p2|dammp|steven|1397
|gen|9
|tier|[Gen 9] OU
|rated|
|rule|HP Percentage Mod: HP is shown in percentages
|rule|Endless Battle Clause: Forcing endless battles is banned
|rule|Species Clause: Limit one of each Pokémon
|rule|OHKO Clause: OHKO moves are banned
|rule|Evasion Items Clause: Evasion items are banned
|rule|Evasion Moves Clause: Evasion moves are banned
|rule|Evasion Abilities Clause: Evasion abilities are banned
|rule|Sleep Moves Clause: Sleep-inducing moves are banned
|clearpoke
|poke|p1|Garganacl, M|
|poke|p1|Glimmora, F|
|poke|p1|Iron Boulder|
|poke|p1|Arcanine-Hisui, F|
|poke|p1|Kleavor, F|
|poke|p1|Tyranitar, F|
|poke|p2|Pelipper, F|
|poke|p2|Greninja-*, M|
|poke|p2|Quaquaval, F|
|poke|p2|Zapdos|
|poke|p2|Clodsire, F|
|poke|p2|Scizor, M|
|teampreview
|
|t:|1757924008
|teamsize|p1|6
|teamsize|p2|6
|start
|switch|p1a: Kleavor|Kleavor, F|100/100
|switch|p2a: Zapdos|Zapdos, shiny|100/100
|turn|1
|
|t:|1757924010
|move|p2a: Zapdos|Volt Switch|p1a: Kleavor
|-damage|p1a: Kleavor|47/100
|
|t:|1757924014
|switch|p2a: Scizor|Scizor, M|100/100|[from] Volt Switch
|move|p1a: Kleavor|Stone Axe|p2a: Scizor
|-damage|p2a: Scizor|45/100
|-sidestart|p2: dammp|move: Stealth Rock
|
|upkeep
|turn|2
|
|t:|1757924032
|switch|p1a: Glimmora|Glimmora, F|100/100
|move|p2a: Scizor|Bullet Punch|p1a: Glimmora
|-supereffective|p1a: Glimmora
|-crit|p1a: Glimmora
|-enditem|p1a: Glimmora|Focus Sash
|-damage|p1a: Glimmora|1/100
|-activate|p1a: Glimmora|ability: Toxic Debris
|-sidestart|p2: dammp|move: Toxic Spikes
|
|upkeep
|turn|3
|
|t:|1757924082
|move|p1a: Glimmora|Spiky Shield|p1a: Glimmora
|-singleturn|p1a: Glimmora|move: Protect
|move|p2a: Scizor|Bullet Punch|p1a: Glimmora
|-activate|p1a: Glimmora|move: Protect
|-damage|p2a: Scizor|32/100|[from] Spiky Shield|[of] p1a: Glimmora
|
|upkeep
|turn|4
|
|t:|1757924088
|move|p2a: Scizor|Bullet Punch|p1a: Glimmora
|-supereffective|p1a: Glimmora
|-damage|p1a: Glimmora|0 fnt
|-activate|p1a: Glimmora|ability: Toxic Debris
|-sidestart|p2: dammp|move: Toxic Spikes
|faint|p1a: Glimmora
|
|upkeep
|
|t:|1757924095
|switch|p1a: Arcanine|Arcanine-Hisui, F, shiny|100/100
|turn|5
|
|t:|1757924103
|switch|p2a: Pelipper|Pelipper, F|100/100
|-damage|p2a: Pelipper|76/100|[from] Stealth Rock
|-weather|RainDance|[from] ability: Drizzle|[of] p2a: Pelipper
|move|p1a: Arcanine|Head Smash|p2a: Pelipper
|-supereffective|p2a: Pelipper
|-damage|p2a: Pelipper|0 fnt
|faint|p2a: Pelipper
|
|-weather|RainDance|[upkeep]
|upkeep
|
|t:|1757924110
|switch|p2a: Zapdos|Zapdos, shiny|100/100
|-damage|p2a: Zapdos|76/100|[from] Stealth Rock
|turn|6
|
|t:|1757924114
|switch|p1a: Tyranitar|Tyranitar, F|100/100
|-weather|Sandstorm|[from] ability: Sand Stream|[of] p1a: Tyranitar
|move|p2a: Zapdos|Thunder|p1a: Tyranitar
|-damage|p1a: Tyranitar|86/100
|
|-weather|Sandstorm|[upkeep]
|-damage|p2a: Zapdos|69/100|[from] Sandstorm
|upkeep
|turn|7
|
|t:|1757924119
|move|p2a: Zapdos|Thunder|p1a: Tyranitar
|-damage|p1a: Tyranitar|72/100
|move|p1a: Tyranitar|Knock Off|p2a: Zapdos
|-damage|p2a: Zapdos|17/100
|-enditem|p2a: Zapdos|Choice Scarf|[from] move: Knock Off|[of] p1a: Tyranitar
|
|-weather|Sandstorm|[upkeep]
|-damage|p2a: Zapdos|11/100|[from] Sandstorm
|upkeep
|turn|8
|
|t:|1757924124
|move|p2a: Zapdos|Thunder|p1a: Tyranitar
|-damage|p1a: Tyranitar|57/100
|-status|p1a: Tyranitar|par
|move|p1a: Tyranitar|Stone Edge|p2a: Zapdos|[miss]
|-miss|p1a: Tyranitar|p2a: Zapdos
|
|-weather|Sandstorm|[upkeep]
|-damage|p2a: Zapdos|5/100|[from] Sandstorm
|upkeep
|turn|9
|
|t:|1757924129
|move|p2a: Zapdos|Thunder|p1a: Tyranitar
|-damage|p1a: Tyranitar|43/100 par
|cant|p1a: Tyranitar|par
|
|-weather|Sandstorm|[upkeep]
|-damage|p2a: Zapdos|0 fnt|[from] Sandstorm
|faint|p2a: Zapdos
|upkeep
|
|t:|1757924131
|switch|p2a: Quaquaval|Quaquaval, F|100/100
|-damage|p2a: Quaquaval|94/100|[from] Stealth Rock
|-status|p2a: Quaquaval|tox
|turn|10
|
|t:|1757924140
|switch|p1a: Garganacl|Garganacl, M|100/100
|move|p2a: Quaquaval|Aqua Step|p1a: Garganacl
|-supereffective|p1a: Garganacl
|-damage|p1a: Garganacl|62/100
|-boost|p2a: Quaquaval|spe|1
|
|-weather|none
|-heal|p1a: Garganacl|68/100|[from] item: Leftovers
|-damage|p2a: Quaquaval|88/100 tox|[from] psn
|upkeep
|turn|11
|
|t:|1757924143
|-terastallize|p1a: Garganacl|Dragon
|move|p2a: Quaquaval|Rapid Spin|p1a: Garganacl
|-damage|p1a: Garganacl|60/100
|-boost|p2a: Quaquaval|spe|1
|-sideend|p2: dammp|Toxic Spikes|[from] move: Rapid Spin|[of] p2a: Quaquaval
|-sideend|p2: dammp|Stealth Rock|[from] move: Rapid Spin|[of] p2a: Quaquaval
|move|p1a: Garganacl|Recover|p1a: Garganacl
|-heal|p1a: Garganacl|100/100
|
|-damage|p2a: Quaquaval|76/100 tox|[from] psn
|upkeep
|turn|12
|
|t:|1757924152
|move|p2a: Quaquaval|Knock Off|p1a: Garganacl
|-damage|p1a: Garganacl|84/100
|-enditem|p1a: Garganacl|Leftovers|[from] move: Knock Off|[of] p2a: Quaquaval
|move|p1a: Garganacl|Iron Defense|p1a: Garganacl
|-boost|p1a: Garganacl|def|2
|
|-damage|p2a: Quaquaval|58/100 tox|[from] psn
|upkeep
|turn|13
|
|t:|1757924163
|switch|p2a: Greninja|Greninja, M|100/100
|move|p1a: Garganacl|Salt Cure|p2a: Greninja
|-damage|p2a: Greninja|77/100
|-start|p2a: Greninja|Salt Cure
|
|-damage|p2a: Greninja|52/100|[from] Salt Cure
|upkeep
|turn|14
|
|t:|1757924166
|switch|p1a: Tyranitar|Tyranitar, F|43/100 par
|-weather|Sandstorm|[from] ability: Sand Stream|[of] p1a: Tyranitar
|move|p2a: Greninja|Ice Beam|p1a: Tyranitar
|-damage|p1a: Tyranitar|33/100 par
|-damage|p2a: Greninja|42/100|[from] item: Life Orb
|
|-weather|Sandstorm|[upkeep]
|-damage|p2a: Greninja|36/100|[from] Sandstorm
|-damage|p2a: Greninja|11/100|[from] Salt Cure
|upkeep
|turn|15
|
|t:|1757924173
|switch|p2a: Quaquaval|Quaquaval, F|58/100 tox
|move|p1a: Tyranitar|Knock Off|p2a: Quaquaval
|-resisted|p2a: Quaquaval
|-damage|p2a: Quaquaval|28/100 tox
|-enditem|p2a: Quaquaval|Assault Vest|[from] move: Knock Off|[of] p1a: Tyranitar
|
|-weather|Sandstorm|[upkeep]
|-damage|p2a: Quaquaval|21/100 tox|[from] Sandstorm
|-damage|p2a: Quaquaval|15/100 tox|[from] psn
|upkeep
|turn|16
|
|t:|1757924185
|switch|p1a: Garganacl|Garganacl, M, tera:Dragon|84/100
|move|p2a: Quaquaval|Close Combat|p1a: Garganacl
|-damage|p1a: Garganacl|55/100
|-unboost|p2a: Quaquaval|def|1
|-unboost|p2a: Quaquaval|spd|1
|
|-weather|Sandstorm|[upkeep]
|-damage|p2a: Quaquaval|9/100 tox|[from] Sandstorm
|-damage|p1a: Garganacl|49/100|[from] Sandstorm
|-damage|p2a: Quaquaval|0 fnt|[from] psn
|faint|p2a: Quaquaval
|upkeep
|
|t:|1757924224
|switch|p2a: Scizor|Scizor, M|32/100
|turn|17
|
|t:|1757924227
|move|p2a: Scizor|Swords Dance|p2a: Scizor
|-boost|p2a: Scizor|atk|2
|move|p1a: Garganacl|Recover|p1a: Garganacl
|-heal|p1a: Garganacl|99/100
|
|-weather|Sandstorm|[upkeep]
|-damage|p1a: Garganacl|93/100|[from] Sandstorm
|upkeep
|turn|18
|
|t:|1757924235
|move|p2a: Scizor|Close Combat|p1a: Garganacl
|-damage|p1a: Garganacl|49/100
|-unboost|p2a: Scizor|def|1
|-unboost|p2a: Scizor|spd|1
|move|p1a: Garganacl|Iron Defense|p1a: Garganacl
|-boost|p1a: Garganacl|def|2
|
|-weather|none
|upkeep
|turn|19
|
|t:|1757924241
|move|p2a: Scizor|U-turn|p1a: Garganacl
|-damage|p1a: Garganacl|29/100
|
|t:|1757924243
|switch|p2a: Greninja|Greninja, M|11/100|[from] U-turn
|move|p1a: Garganacl|Body Press|p2a: Greninja
|-supereffective|p2a: Greninja
|-damage|p2a: Greninja|0 fnt
|faint|p2a: Greninja
|
|upkeep
|
|t:|1757924246
|switch|p2a: Scizor|Scizor, M|32/100
|turn|20
|
|t:|1757924249
|move|p2a: Scizor|Close Combat|p1a: Garganacl
|-damage|p1a: Garganacl|18/100
|-unboost|p2a: Scizor|def|1
|-unboost|p2a: Scizor|spd|1
|move|p1a: Garganacl|Recover|p1a: Garganacl
|-heal|p1a: Garganacl|68/100
|
|upkeep
|turn|21
|-message|dammp forfeited.
|
|win|Lenghong
|raw|Lenghong's rating: 1365 &rarr; <strong>1387</strong><br />(+22 for winning)
|raw|dammp's rating: 1397 &rarr; <strong>1375</strong><br />(-22 for losing)
|l|☆dammp
|player|p2|
|l|☆Lenghong
|player|p1|
