|j|☆ybg mihan
|j|☆mathismathin
|t:|1757964094
|gametype|singles
|player|p1|ybg mihan|2|1642
|player|p2|mathismathin|hilbert|1601
|gen|9
|tier|[Gen 9] OU
|rated|
|rule|HP Percentage Mod: HP is shown in percentages
|rule|Endless Battle Clause: Forcing endless battles is banned
|rule|Species Clause: Limit one of each Pokémon
|rule|OHKO Clause: OHKO moves are banned
|rule|Evasion Items Clause: Evasion items are banned
|rule|Evasion Moves Clause: Evasion moves are banned
|rule|Evasion Abilities Clause: Evasion abilities are banned
|rule|Sleep Moves Clause: Sleep-inducing moves are banned
|clearpoke
|poke|p1|Samurott-Hisui, M|
|poke|p1|Landorus-Therian, M|
|poke|p1|Dragonite, M|
|poke|p1|Zamazenta-*|
|poke|p1|Iron Valiant|
|poke|p1|Raging Bolt|
|poke|p2|Inteleon, F|
|poke|p2|Zapdos|
|poke|p2|Iron Crown|
|poke|p2|Iron Valiant|
|poke|p2|Glimmora, F|
|poke|p2|Arboliva, F|
|teampreview
|
|t:|1757964097
|teamsize|p1|6
|teamsize|p2|6
|start
|switch|p1a: Landorus|Landorus-Therian, M|100/100
|switch|p2a: Arboliva|Arboliva, F|100/100
|-ability|p1a: Landorus|Intimidate|boost
|-unboost|p2a: Arboliva|atk|1
|turn|1
|inactive|Battle timer is ON: inactive players will automatically lose when time's up. (requested by ybg mihan)
|
|t:|1757964101
|move|p1a: Landorus|Taunt|p2a: Arboliva
|-start|p2a: Arboliva|move: Taunt
|move|p2a: Arboliva|Giga Drain|p1a: Landorus
|-damage|p1a: Landorus|45/100
|
|upkeep
|turn|2
|
|t:|1757964103
|move|p1a: Landorus|Stealth Rock|p2a: Arboliva
|-sidestart|p2: mathismathin|move: Stealth Rock
|move|p2a: Arboliva|Giga Drain|p1a: Landorus
|-damage|p1a: Landorus|0 fnt
|faint|p1a: Landorus
|
|upkeep
|
|t:|1757964106
|switch|p1a: Zamazenta|Zamazenta|100/100
|-ability|p1a: Zamazenta|Dauntless Shield|boost
|-boost|p1a: Zamazenta|def|1
|turn|3
|
|t:|1757964114
|switch|p1a: Samurott|Samurott-Hisui, M|100/100
|switch|p2a: Zapdos|Zapdos|100/100
|-damage|p2a: Zapdos|76/100|[from] Stealth Rock
|
|upkeep
|turn|4
|
|t:|1757964117
|move|p2a: Zapdos|Thunderbolt|p1a: Samurott
|-supereffective|p1a: Samurott
|-enditem|p1a: Samurott|Focus Sash
|-damage|p1a: Samurott|1/100
|move|p1a: Samurott|Ceaseless Edge|p2a: Zapdos
|-damage|p2a: Zapdos|20/100
|-sidestart|p2: mathismathin|Spikes
|
|upkeep
|turn|5
|
|t:|1757964124
|move|p2a: Zapdos|Thunderbolt|p1a: Samurott
|-supereffective|p1a: Samurott
|-damage|p1a: Samurott|0 fnt
|faint|p1a: Samurott
|
|upkeep
|
|t:|1757964126
|switch|p1a: Iron Valiant|Iron Valiant|100/100
|-enditem|p1a: Iron Valiant|Booster Energy
|-activate|p1a: Iron Valiant|ability: Quark Drive|[fromitem]
|-start|p1a: Iron Valiant|quarkdrivespe
|turn|6
|
|t:|1757964129
|move|p1a: Iron Valiant|Calm Mind|p1a: Iron Valiant
|-boost|p1a: Iron Valiant|spa|1
|-boost|p1a: Iron Valiant|spd|1
|move|p2a: Zapdos|Thunderbolt|p1a: Iron Valiant
|-damage|p1a: Iron Valiant|47/100
|
|upkeep
|turn|7
|
|t:|1757964133
|move|p1a: Iron Valiant|Moonblast|p2a: Zapdos
|-damage|p2a: Zapdos|0 fnt
|faint|p2a: Zapdos
|
|upkeep
|
|t:|1757964138
|switch|p2a: Iron Crown|Iron Crown|100/100
|-damage|p2a: Iron Crown|94/100|[from] Stealth Rock
|-damage|p2a: Iron Crown|82/100|[from] Spikes
|turn|8
|
|t:|1757964148
|move|p1a: Iron Valiant|Moonblast|p2a: Iron Crown
|-resisted|p2a: Iron Crown
|-damage|p2a: Iron Crown|50/100
|move|p2a: Iron Crown|Tachyon Cutter|p1a: Iron Valiant
|-supereffective|p1a: Iron Valiant
|-damage|p1a: Iron Valiant|0 fnt
|faint|p1a: Iron Valiant
|-end|p1a: Iron Valiant|Quark Drive|[silent]
|-hitcount|p1: Iron Valiant|1
|
|upkeep
|
|t:|1757964151
|switch|p1a: Raging Bolt|Raging Bolt|100/100
|-enditem|p1a: Raging Bolt|Booster Energy
|-activate|p1a: Raging Bolt|ability: Protosynthesis|[fromitem]
|-start|p1a: Raging Bolt|protosynthesisspa
|turn|9
|
|t:|1757964162
|-end|p2a: Iron Crown|Quark Drive|[silent]
|switch|p2a: Arboliva|Arboliva, F|100/100
|-damage|p2a: Arboliva|88/100|[from] Stealth Rock
|-damage|p2a: Arboliva|75/100|[from] Spikes
|move|p1a: Raging Bolt|Calm Mind|p1a: Raging Bolt
|-boost|p1a: Raging Bolt|spa|1
|-boost|p1a: Raging Bolt|spd|1
|
|-heal|p2a: Arboliva|82/100|[from] item: Leftovers
|upkeep
|turn|10
|
|t:|1757964165
|move|p1a: Raging Bolt|Dragon Pulse|p2a: Arboliva
|-damage|p2a: Arboliva|0 fnt
|-fieldstart|move: Grassy Terrain|[from] ability: Seed Sower|[of] p2a: Arboliva
|faint|p2a: Arboliva
|
|upkeep
|
|t:|1757964185
|switch|p2a: Inteleon|Inteleon, F|100/100
|-damage|p2a: Inteleon|88/100|[from] Stealth Rock
|-damage|p2a: Inteleon|76/100|[from] Spikes
|turn|11
|
|t:|1757964189
|move|p2a: Inteleon|Substitute|p2a: Inteleon
|-start|p2a: Inteleon|Substitute
|-damage|p2a: Inteleon|51/100
|move|p1a: Raging Bolt|Thunderbolt|p2a: Inteleon
|-supereffective|p2a: Inteleon
|-end|p2a: Inteleon|Substitute
|
|-heal|p2a: Inteleon|57/100|[from] Grassy Terrain
|upkeep
|turn|12
|
|t:|1757964198
|move|p2a: Inteleon|Substitute|p2a: Inteleon
|-start|p2a: Inteleon|Substitute
|-damage|p2a: Inteleon|32/100
|move|p1a: Raging Bolt|Thunderbolt|p2a: Inteleon
|-supereffective|p2a: Inteleon
|-end|p2a: Inteleon|Substitute
|
|-heal|p2a: Inteleon|38/100|[from] Grassy Terrain
|upkeep
|turn|13
|
|t:|1757964204
|move|p1a: Raging Bolt|Thunderclap||[still]
|-fail|p1a: Raging Bolt
|move|p2a: Inteleon|Substitute|p2a: Inteleon
|-start|p2a: Inteleon|Substitute
|-damage|p2a: Inteleon|13/100
|-enditem|p2a: Inteleon|Lansat Berry|[eat]
|-start|p2a: Inteleon|move: Focus Energy
|
|-heal|p2a: Inteleon|19/100|[from] Grassy Terrain
|upkeep
|turn|14
|
|t:|1757964207
|move|p2a: Inteleon|Ice Beam|p1a: Raging Bolt
|-supereffective|p1a: Raging Bolt
|-crit|p1a: Raging Bolt
|-damage|p1a: Raging Bolt|0 fnt
|faint|p1a: Raging Bolt
|-end|p1a: Raging Bolt|Protosynthesis|[silent]
|
|-heal|p2a: Inteleon|25/100|[from] Grassy Terrain
|-fieldend|move: Grassy Terrain
|upkeep
|
|t:|1757964212
|switch|p1a: Zamazenta|Zamazenta|100/100
|turn|15
|
|t:|1757964218
|move|p1a: Zamazenta|Crunch|p2a: Inteleon
|-end|p2a: Inteleon|Substitute
|-damage|p1a: Zamazenta|91/100|[from] item: Life Orb
|move|p2a: Inteleon|Snipe Shot|p1a: Zamazenta
|-crit|p1a: Zamazenta
|-damage|p1a: Zamazenta|9/100
|
|upkeep
|turn|16
|
|t:|1757964226
|move|p1a: Zamazenta|Crunch|p2a: Inteleon
|-damage|p2a: Inteleon|0 fnt
|faint|p2a: Inteleon
|-damage|p1a: Zamazenta|0 fnt|[from] item: Life Orb
|faint|p1a: Zamazenta
|
|upkeep
|
|t:|1757964242
|switch|p1a: Dragonite|Dragonite, M|100/100
|switch|p2a: Glimmora|Glimmora, F, shiny|100/100
|-damage|p2a: Glimmora|88/100|[from] Stealth Rock
|-damage|p2a: Glimmora|76/100|[from] Spikes
|turn|17
|
|t:|1757964249
|-terastallize|p1a: Dragonite|Normal
|move|p2a: Glimmora|Meteor Beam||[still]
|-prepare|p2a: Glimmora|Meteor Beam
|-boost|p2a: Glimmora|spa|1
|-enditem|p2a: Glimmora|Power Herb
|-anim|p2a: Glimmora|Meteor Beam|p1a: Dragonite
|-damage|p1a: Dragonite|49/100
|move|p1a: Dragonite|Dragon Dance|p1a: Dragonite
|-boost|p1a: Dragonite|atk|1
|-boost|p1a: Dragonite|spe|1
|
|upkeep
|turn|18
|
|t:|1757964259
|move|p1a: Dragonite|Encore|p2a: Glimmora
|-start|p2a: Glimmora|Encore
|move|p2a: Glimmora|Meteor Beam||[still]
|-prepare|p2a: Glimmora|Meteor Beam
|-boost|p2a: Glimmora|spa|1
|
|upkeep
|turn|19
|
|t:|1757964263
|move|p1a: Dragonite|Earthquake|p2a: Glimmora
|-supereffective|p2a: Glimmora
|-damage|p2a: Glimmora|0 fnt
|-activate|p2a: Glimmora|ability: Toxic Debris
|-sidestart|p1: ybg mihan|move: Toxic Spikes
|faint|p2a: Glimmora
|
|upkeep
|
|t:|1757964267
|switch|p2a: Iron Crown|Iron Crown|50/100
|-damage|p2a: Iron Crown|44/100|[from] Stealth Rock
|-damage|p2a: Iron Crown|32/100|[from] Spikes
|turn|20
|
|t:|1757964269
|move|p2a: Iron Crown|Tachyon Cutter|p1a: Dragonite
|-damage|p1a: Dragonite|22/100
|-damage|p1a: Dragonite|0 fnt
|faint|p1a: Dragonite
|-hitcount|p1: Dragonite|2
|
|win|mathismathin
|raw|ybg mihan's rating: 1642 &rarr; <strong>1620</strong><br />(-22 for losing)
|raw|mathismathin's rating: 1601 &rarr; <strong>1623</strong><br />(+22 for winning)
|l|☆ybg mihan
|player|p1|
