|j|☆3GearsTurning
|j|☆omnomapuss
|t:|1757916263
|gametype|singles
|player|p1|3GearsTurning|102|1423
|player|p2|omnomapuss|crasherwake|1423
|gen|9
|tier|[Gen 9] OU
|rated|
|rule|HP Percentage Mod: HP is shown in percentages
|rule|Endless Battle Clause: Forcing endless battles is banned
|rule|Species Clause: Limit one of each Pokémon
|rule|OHKO Clause: OHKO moves are banned
|rule|Evasion Items Clause: Evasion items are banned
|rule|Evasion Moves Clause: Evasion moves are banned
|rule|Evasion Abilities Clause: Evasion abilities are banned
|rule|Sleep Moves Clause: Sleep-inducing moves are banned
|clearpoke
|poke|p1|Rillaboom, M|
|poke|p1|Okidogi, M|
|poke|p1|Zamazenta-*|
|poke|p1|Iron Treads|
|poke|p1|Clefable, F|
|poke|p1|Walking Wake|
|poke|p2|Primarina, F|
|poke|p2|Dragapult, M|
|poke|p2|Scizor, M|
|poke|p2|Great Tusk|
|poke|p2|Zapdos|
|poke|p2|Slowking-Galar, F|
|teampreview
|j| Erdarmin
|inactive|Battle timer is ON: inactive players will automatically lose when time's up. (requested by omnomapuss)
|
|t:|1757916278
|teamsize|p1|6
|teamsize|p2|6
|start
|switch|p1a: Walking Wake|Walking Wake|100/100
|switch|p2a: Scizor|Scizor, M|100/100
|turn|1
|
|t:|1757916292
|switch|p2a: Primarina|Primarina, F|100/100
|move|p1a: Walking Wake|Surf|p2a: Primarina
|-resisted|p2a: Primarina
|-damage|p2a: Primarina|81/100
|
|upkeep
|turn|2
|
|t:|1757916304
|-end|p1a: Walking Wake|Protosynthesis|[silent]
|switch|p1a: Rillaboom|Rillaboom, M|100/100
|-fieldstart|move: Grassy Terrain|[from] ability: Grassy Surge|[of] p1a: Rillaboom
|move|p2a: Primarina|Flip Turn|p1a: Rillaboom
|-resisted|p1a: Rillaboom
|-damage|p1a: Rillaboom|94/100
|inactive|omnomapuss has 120 seconds left.
|inactive|omnomapuss has 90 seconds left.
|
|t:|1757916373
|switch|p2a: Scizor|Scizor, M|100/100|[from] Flip Turn
|
|-heal|p1a: Rillaboom|99/100|[from] Grassy Terrain
|upkeep
|turn|3
|
|t:|1757916392
|switch|p1a: Iron Treads|Iron Treads|100/100
|move|p2a: Scizor|U-turn|p1a: Iron Treads
|-resisted|p1a: Iron Treads
|-damage|p1a: Iron Treads|76/100
|inactive|omnomapuss has 90 seconds left.
|
|t:|1757916430
|switch|p2a: Great Tusk|Great Tusk|100/100|[from] U-turn
|
|-heal|p1a: Iron Treads|82/100|[from] Grassy Terrain
|-heal|p1a: Iron Treads|88/100|[from] item: Leftovers
|upkeep
|turn|4
|inactive|3GearsTurning has 120 seconds left.
|
|t:|1757916468
|move|p1a: Iron Treads|Stealth Rock|p2a: Great Tusk
|-sidestart|p2: omnomapuss|move: Stealth Rock
|move|p2a: Great Tusk|Stealth Rock|p1a: Iron Treads
|-sidestart|p1: 3GearsTurning|move: Stealth Rock
|
|-heal|p1a: Iron Treads|94/100|[from] Grassy Terrain
|-heal|p1a: Iron Treads|99/100|[from] item: Leftovers
|upkeep
|turn|5
|inactive|3GearsTurning has 120 seconds left.
|inactive|omnomapuss has 60 seconds left.
|inactive|omnomapuss has 30 seconds left.
|
|t:|1757916531
|move|p1a: Iron Treads|Rapid Spin|p2a: Great Tusk
|-damage|p2a: Great Tusk|91/100
|-boost|p1a: Iron Treads|spe|1
|-damage|p1a: Iron Treads|84/100|[from] item: Rocky Helmet|[of] p2a: Great Tusk
|-sideend|p1: 3GearsTurning|Stealth Rock|[from] move: Rapid Spin|[of] p1a: Iron Treads
|move|p2a: Great Tusk|Rapid Spin|p1a: Iron Treads
|-resisted|p1a: Iron Treads
|-damage|p1a: Iron Treads|77/100
|-boost|p2a: Great Tusk|spe|1
|-sideend|p2: omnomapuss|Stealth Rock|[from] move: Rapid Spin|[of] p2a: Great Tusk
|
|-heal|p1a: Iron Treads|83/100|[from] Grassy Terrain
|-heal|p1a: Iron Treads|89/100|[from] item: Leftovers
|-heal|p2a: Great Tusk|97/100|[from] Grassy Terrain
|upkeep
|turn|6
|c|☆omnomapuss|lol spinning elephants
|inactive|3GearsTurning has 120 seconds left.
|inactive|omnomapuss has 30 seconds left.
|
|t:|1757916545
|move|p1a: Iron Treads|Knock Off|p2a: Great Tusk
|-resisted|p2a: Great Tusk
|-damage|p2a: Great Tusk|89/100
|-damage|p1a: Iron Treads|72/100|[from] item: Rocky Helmet|[of] p2a: Great Tusk
|-enditem|p2a: Great Tusk|Rocky Helmet|[from] move: Knock Off|[of] p1a: Iron Treads
|move|p2a: Great Tusk|Stealth Rock|p1a: Iron Treads
|-sidestart|p1: 3GearsTurning|move: Stealth Rock
|
|-heal|p1a: Iron Treads|78/100|[from] Grassy Terrain
|-heal|p1a: Iron Treads|84/100|[from] item: Leftovers
|-heal|p2a: Great Tusk|95/100|[from] Grassy Terrain
|upkeep
|turn|7
|
|t:|1757916549
|move|p1a: Iron Treads|Rapid Spin|p2a: Great Tusk
|-damage|p2a: Great Tusk|85/100
|-boost|p1a: Iron Treads|spe|1
|-sideend|p1: 3GearsTurning|Stealth Rock|[from] move: Rapid Spin|[of] p1a: Iron Treads
|move|p2a: Great Tusk|Headlong Rush|p1a: Iron Treads
|-supereffective|p1a: Iron Treads
|-damage|p1a: Iron Treads|0 fnt
|-unboost|p2a: Great Tusk|def|1
|-unboost|p2a: Great Tusk|spd|1
|faint|p1a: Iron Treads
|-end|p1a: Iron Treads|Quark Drive|[silent]
|
|-heal|p2a: Great Tusk|91/100|[from] Grassy Terrain
|upkeep
|
|t:|1757916553
|switch|p1a: Rillaboom|Rillaboom, M|99/100
|turn|8
|
|t:|1757916556
|-end|p2a: Great Tusk|Protosynthesis|[silent]
|switch|p2a: Zapdos|Zapdos|100/100
|switch|p1a: Walking Wake|Walking Wake|100/100
|
|upkeep
|turn|9
|inactive|omnomapuss has 60 seconds left.
|
|t:|1757916568
|switch|p2a: Slowking|Slowking-Galar, F|100/100
|move|p1a: Walking Wake|Draco Meteor|p2a: Slowking
|-crit|p2a: Slowking
|-damage|p2a: Slowking|19/100
|-unboost|p1a: Walking Wake|spa|2
|
|-heal|p2a: Slowking|25/100|[from] Grassy Terrain
|-fieldend|move: Grassy Terrain
|upkeep
|turn|10
|
|t:|1757916573
|switch|p2a: Primarina|Primarina, F|81/100
|move|p1a: Walking Wake|Draco Meteor|p2a: Primarina
|-immune|p2a: Primarina
|
|upkeep
|turn|11
|inactive|3GearsTurning has 120 seconds left.
|
|t:|1757916603
|-end|p1a: Walking Wake|Protosynthesis|[silent]
|switch|p1a: Rillaboom|Rillaboom, M|99/100
|-fieldstart|move: Grassy Terrain|[from] ability: Grassy Surge|[of] p1a: Rillaboom
|move|p2a: Primarina|Flip Turn|p1a: Rillaboom
|-resisted|p1a: Rillaboom
|-damage|p1a: Rillaboom|93/100
|
|t:|1757916611
|switch|p2a: Slowking|Slowking-Galar, F|58/100|[from] Flip Turn
|
|-heal|p1a: Rillaboom|99/100|[from] Grassy Terrain
|-heal|p2a: Slowking|64/100|[from] Grassy Terrain
|upkeep
|turn|12
|inactive|3GearsTurning has 120 seconds left.
|
|t:|1757916626
|switch|p2a: Zapdos|Zapdos|100/100
|move|p1a: Rillaboom|Knock Off|p2a: Zapdos
|-damage|p2a: Zapdos|74/100
|-enditem|p2a: Zapdos|Heavy-Duty Boots|[from] move: Knock Off|[of] p1a: Rillaboom
|
|-heal|p1a: Rillaboom|100/100|[from] Grassy Terrain
|upkeep
|turn|13
|inactive|omnomapuss has 90 seconds left.
|
|t:|1757916643
|switch|p1a: Clefable|Clefable, F|100/100
|move|p2a: Zapdos|Thunder Wave|p1a: Clefable
|-status|p1a: Clefable|par
|
|upkeep
|turn|14
|
|t:|1757916648
|move|p2a: Zapdos|U-turn|p1a: Clefable
|-resisted|p1a: Clefable
|-damage|p1a: Clefable|95/100 par
|
|t:|1757916656
|switch|p2a: Dragapult|Dragapult, M|100/100|[from] U-turn
|move|p1a: Clefable|Thunder Wave|p2a: Dragapult
|-status|p2a: Dragapult|par
|
|-heal|p1a: Clefable|100/100 par|[from] Grassy Terrain
|upkeep
|turn|15
|
|t:|1757916677
|move|p2a: Dragapult|U-turn|p1a: Clefable
|-resisted|p1a: Clefable
|-damage|p1a: Clefable|85/100 par
|
|t:|1757916679
|switch|p2a: Scizor|Scizor, M|100/100|[from] U-turn
|move|p1a: Clefable|Moonblast|p2a: Scizor
|-resisted|p2a: Scizor
|-damage|p2a: Scizor|79/100
|
|-heal|p2a: Scizor|85/100|[from] Grassy Terrain
|-heal|p1a: Clefable|91/100 par|[from] Grassy Terrain
|-heal|p1a: Clefable|97/100 par|[from] item: Leftovers
|upkeep
|turn|16
|
|t:|1757916689
|move|p2a: Scizor|U-turn|p1a: Clefable
|-resisted|p1a: Clefable
|-damage|p1a: Clefable|75/100 par
|
|t:|1757916693
|switch|p2a: Primarina|Primarina, F|81/100|[from] U-turn
|cant|p1a: Clefable|par
|
|-heal|p2a: Primarina|87/100|[from] Grassy Terrain
|-heal|p1a: Clefable|81/100 par|[from] Grassy Terrain
|-heal|p1a: Clefable|87/100 par|[from] item: Leftovers
|upkeep
|turn|17
|
|t:|1757916708
|move|p2a: Primarina|Psychic Noise|p1a: Clefable
|-crit|p1a: Clefable
|-damage|p1a: Clefable|45/100 par
|-start|p1a: Clefable|move: Heal Block
|move|p1a: Clefable|Thunder Wave|p2a: Primarina
|-status|p2a: Primarina|par
|
|-heal|p2a: Primarina|93/100 par|[from] Grassy Terrain
|upkeep
|turn|18
|
|t:|1757916716
|switch|p1a: Rillaboom|Rillaboom, M|100/100
|move|p2a: Primarina|Moonblast|p1a: Rillaboom
|-damage|p1a: Rillaboom|36/100
|-unboost|p1a: Rillaboom|spa|1
|
|-heal|p1a: Rillaboom|42/100|[from] Grassy Terrain
|-heal|p2a: Primarina|99/100 par|[from] Grassy Terrain
|-fieldend|move: Grassy Terrain
|upkeep
|turn|19
|
|t:|1757916729
|switch|p2a: Zapdos|Zapdos|74/100
|move|p1a: Rillaboom|Knock Off|p2a: Zapdos
|-damage|p2a: Zapdos|56/100
|
|upkeep
|turn|20
|
|t:|1757916744
|switch|p1a: Clefable|Clefable, F|45/100 par
|move|p2a: Zapdos|Roost|p2a: Zapdos
|-heal|p2a: Zapdos|100/100
|-singleturn|p2a: Zapdos|move: Roost
|
|-heal|p1a: Clefable|51/100 par|[from] item: Leftovers
|upkeep
|turn|21
|
|t:|1757916751
|move|p2a: Zapdos|Hurricane|p1a: Clefable
|-damage|p1a: Clefable|8/100 par
|-start|p1a: Clefable|confusion
|-activate|p1a: Clefable|confusion
|move|p1a: Clefable|Moonlight|p1a: Clefable
|-heal|p1a: Clefable|58/100 par
|
|-heal|p1a: Clefable|64/100 par|[from] item: Leftovers
|upkeep
|turn|22
|
|t:|1757916766
|move|p2a: Zapdos|U-turn|p1a: Clefable
|-resisted|p1a: Clefable
|-damage|p1a: Clefable|58/100 par
|c|☆omnomapuss|that was clutch by clefable
|c|☆omnomapuss|give her some poffins
|
|t:|1757916782
|switch|p2a: Scizor|Scizor, M|85/100|[from] U-turn
|-end|p1a: Clefable|confusion
|cant|p1a: Clefable|par
|
|-heal|p1a: Clefable|64/100 par|[from] item: Leftovers
|upkeep
|turn|23
|
|t:|1757916804
|move|p2a: Scizor|Knock Off|p1a: Clefable
|-resisted|p1a: Clefable
|-damage|p1a: Clefable|44/100 par
|-enditem|p1a: Clefable|Leftovers|[from] move: Knock Off|[of] p2a: Scizor
|move|p1a: Clefable|Moonblast|p2a: Scizor
|-resisted|p2a: Scizor
|-damage|p2a: Scizor|64/100
|-unboost|p2a: Scizor|spa|1
|
|upkeep
|turn|24
|
|t:|1757916811
|switch|p2a: Slowking|Slowking-Galar, F|98/100
|move|p1a: Clefable|Moonlight|p1a: Clefable
|-heal|p1a: Clefable|94/100 par
|
|upkeep
|turn|25
|
|t:|1757916835
|move|p1a: Clefable|Thunder Wave|p2a: Slowking
|-status|p2a: Slowking|par
|move|p2a: Slowking|Future Sight|p1a: Clefable
|-start|p2a: Slowking|move: Future Sight
|
|upkeep
|turn|26
|
|t:|1757916843
|move|p1a: Clefable|Calm Mind|p1a: Clefable
|-boost|p1a: Clefable|spa|1
|-boost|p1a: Clefable|spd|1
|move|p2a: Slowking|Sludge Bomb|p1a: Clefable
|-supereffective|p1a: Clefable
|-damage|p1a: Clefable|52/100 par
|
|upkeep
|turn|27
|
|t:|1757916848
|move|p1a: Clefable|Moonlight|p1a: Clefable
|-heal|p1a: Clefable|100/100 par
|cant|p2a: Slowking|par
|
|-end|p1a: Clefable|move: Future Sight
|-damage|p1a: Clefable|74/100 par
|upkeep
|turn|28
|
|t:|1757916855
|move|p1a: Clefable|Moonblast|p2a: Slowking
|-resisted|p2a: Slowking
|-crit|p2a: Slowking
|-damage|p2a: Slowking|76/100 par
|-prepare|p2a: Slowking|Chilly Reception|[premajor]
|cant|p2a: Slowking|par
|
|upkeep
|turn|29
|
|t:|1757916867
|move|p1a: Clefable|Moonblast|p2a: Slowking
|-resisted|p2a: Slowking
|-damage|p2a: Slowking|61/100 par
|-unboost|p2a: Slowking|spa|1
|-prepare|p2a: Slowking|Chilly Reception|[premajor]
|move|p2a: Slowking|Chilly Reception|p2a: Slowking
|-weather|Snowscape
|
|t:|1757916873
|switch|p2a: Scizor|Scizor, M|64/100|[from] Chilly Reception
|
|-weather|Snowscape|[upkeep]
|upkeep
|turn|30
|
|t:|1757916879
|switch|p1a: Zamazenta|Zamazenta|100/100
|-ability|p1a: Zamazenta|Dauntless Shield|boost
|-boost|p1a: Zamazenta|def|1
|move|p2a: Scizor|U-turn|p1a: Zamazenta
|-resisted|p1a: Zamazenta
|-damage|p1a: Zamazenta|86/100
|
|t:|1757916882
|switch|p2a: Zapdos|Zapdos|100/100|[from] U-turn
|
|-weather|Snowscape|[upkeep]
|-heal|p1a: Zamazenta|92/100|[from] item: Leftovers
|upkeep
|turn|31
|
|t:|1757916894
|switch|p1a: Clefable|Clefable, F|74/100 par
|move|p2a: Zapdos|Hurricane|p1a: Clefable|[miss]
|-miss|p2a: Zapdos|p1a: Clefable
|
|-weather|Snowscape|[upkeep]
|upkeep
|turn|32
|
|t:|1757916898
|move|p2a: Zapdos|Hurricane|p1a: Clefable
|-damage|p1a: Clefable|29/100 par
|move|p1a: Clefable|Moonblast|p2a: Zapdos
|-damage|p2a: Zapdos|70/100
|-unboost|p2a: Zapdos|spa|1
|
|-weather|Snowscape|[upkeep]
|upkeep
|turn|33
|l| Erdarmin
|
|t:|1757916914
|move|p2a: Zapdos|U-turn|p1a: Clefable
|-resisted|p1a: Clefable
|-damage|p1a: Clefable|24/100 par
|
|t:|1757916917
|switch|p2a: Scizor|Scizor, M|64/100|[from] U-turn
|move|p1a: Clefable|Moonlight|p1a: Clefable
|-heal|p1a: Clefable|49/100 par
|
|-weather|none
|upkeep
|turn|34
|
|t:|1757916934
|switch|p1a: Zamazenta|Zamazenta|92/100
|move|p2a: Scizor|Bullet Punch|p1a: Zamazenta
|-damage|p1a: Zamazenta|55/100
|
|-heal|p1a: Zamazenta|61/100|[from] item: Leftovers
|upkeep
|turn|35
|
|t:|1757916939
|switch|p2a: Zapdos|Zapdos|70/100
|move|p1a: Zamazenta|Stone Edge|p2a: Zapdos
|-supereffective|p2a: Zapdos
|-damage|p2a: Zapdos|25/100
|
|-heal|p1a: Zamazenta|67/100|[from] item: Leftovers
|upkeep
|turn|36
|
|t:|1757916948
|switch|p1a: Walking Wake|Walking Wake|100/100
|switch|p2a: Great Tusk|Great Tusk|91/100
|
|upkeep
|turn|37
|
|t:|1757916951
|-end|p2a: Great Tusk|Protosynthesis|[silent]
|switch|p2a: Primarina|Primarina, F|99/100 par
|move|p1a: Walking Wake|Flip Turn|p2a: Primarina
|-resisted|p2a: Primarina
|-damage|p2a: Primarina|88/100 par
|
|t:|1757916953
|-end|p1a: Walking Wake|Protosynthesis|[silent]
|switch|p1a: Rillaboom|Rillaboom, M|42/100|[from] Flip Turn
|-fieldstart|move: Grassy Terrain|[from] ability: Grassy Surge|[of] p1a: Rillaboom
|
|-heal|p1a: Rillaboom|49/100|[from] Grassy Terrain
|-heal|p2a: Primarina|94/100 par|[from] Grassy Terrain
|upkeep
|turn|38
|
|t:|1757916967
|switch|p2a: Zapdos|Zapdos|25/100
|-terastallize|p1a: Rillaboom|Grass
|move|p1a: Rillaboom|Wood Hammer|p2a: Zapdos
|-resisted|p2a: Zapdos
|-damage|p2a: Zapdos|0 fnt
|faint|p2a: Zapdos
|-damage|p1a: Rillaboom|41/100|[from] Recoil
|
|-heal|p1a: Rillaboom|47/100|[from] Grassy Terrain
|upkeep
|
|t:|1757916973
|switch|p2a: Scizor|Scizor, M|64/100
|turn|39
|
|t:|1757916983
|switch|p1a: Zamazenta|Zamazenta|67/100
|move|p2a: Scizor|Knock Off|p1a: Zamazenta
|-resisted|p1a: Zamazenta
|-damage|p1a: Zamazenta|48/100
|-enditem|p1a: Zamazenta|Leftovers|[from] move: Knock Off|[of] p2a: Scizor
|
|-heal|p1a: Zamazenta|54/100|[from] Grassy Terrain
|-heal|p2a: Scizor|71/100|[from] Grassy Terrain
|upkeep
|turn|40
|-message|omnomapuss forfeited.
|
|win|3GearsTurning
|raw|3GearsTurning's rating: 1423 &rarr; <strong>1443</strong><br />(+20 for winning)
|raw|omnomapuss's rating: 1423 &rarr; <strong>1403</strong><br />(-20 for losing)
|l|☆omnomapuss
|player|p2|
|l|☆3GearsTurning
|player|p1|
