|j|☆preppy dude
|j|☆jgtyfkyk
|t:|1757789935
|gametype|singles
|player|p1|preppy dude|2|1100
|player|p2|jgtyfkyk|2|1127
|gen|9
|tier|[Gen 9] OU
|rated|
|rule|HP Percentage Mod: HP is shown in percentages
|rule|Endless Battle Clause: Forcing endless battles is banned
|rule|Species Clause: Limit one of each Pokémon
|rule|OHKO Clause: OHKO moves are banned
|rule|Evasion Items Clause: Evasion items are banned
|rule|Evasion Moves Clause: Evasion moves are banned
|rule|Evasion Abilities Clause: Evasion abilities are banned
|rule|Sleep Moves Clause: Sleep-inducing moves are banned
|clearpoke
|poke|p1|Zapdos|
|poke|p1|Golem, M|
|poke|p1|Arbok, M|
|poke|p1|Gengar, F|
|poke|p1|Pikachu, M|
|poke|p1|Dodrio, M|
|poke|p2|Toxicroak, M|
|poke|p2|Houndoom, M|
|poke|p2|Shaymin|
|poke|p2|Orthworm, F|
|poke|p2|Hoopa-Unbound|
|poke|p2|Altaria, F|
|teampreview
|
|t:|1757789951
|teamsize|p1|6
|teamsize|p2|6
|start
|switch|p1a: Golem|Golem, M|100/100
|switch|p2a: Orthworm|Orthworm, F|100/100
|turn|1
|
|t:|1757789958
|move|p1a: Golem|Stealth Rock|p2a: Orthworm
|-sidestart|p2: jgtyfkyk|move: Stealth Rock
|move|p2a: Orthworm|Stealth Rock|p1a: Golem
|-sidestart|p1: preppy dude|move: Stealth Rock
|
|upkeep
|turn|2
|
|t:|1757789963
|move|p1a: Golem|Rock Blast|p2a: Orthworm
|-resisted|p2a: Orthworm
|-damage|p2a: Orthworm|96/100
|-resisted|p2a: Orthworm
|-damage|p2a: Orthworm|93/100
|-hitcount|p2a: Orthworm|2
|move|p2a: Orthworm|Body Press|p1a: Golem
|-supereffective|p1a: Golem
|-damage|p1a: Golem|38/100
|
|upkeep
|turn|3
|
|t:|1757789974
|switch|p1a: Arbok|Arbok, M|100/100
|-damage|p1a: Arbok|88/100|[from] Stealth Rock
|-ability|p1a: Arbok|Intimidate|boost
|-unboost|p2a: Orthworm|atk|1
|move|p2a: Orthworm|Body Press|p1a: Arbok
|-resisted|p1a: Arbok
|-damage|p1a: Arbok|64/100
|
|upkeep
|turn|4
|
|t:|1757789985
|move|p1a: Arbok|Switcheroo|p2a: Orthworm
|-activate|p1a: Arbok|move: Trick|[of] p2a: Orthworm
|-item|p2a: Orthworm|Choice Scarf|[from] move: Switcheroo
|-item|p1a: Arbok|Rocky Helmet|[from] move: Switcheroo
|move|p2a: Orthworm|Coil|p2a: Orthworm
|-boost|p2a: Orthworm|atk|1
|-boost|p2a: Orthworm|def|1
|-boost|p2a: Orthworm|accuracy|1
|
|upkeep
|turn|5
|
|t:|1757789994
|switch|p2a: Altaria|Altaria, F|100/100
|move|p1a: Arbok|Poison Fang|p2a: Altaria
|-damage|p2a: Altaria|84/100
|
|upkeep
|turn|6
|
|t:|1757790000
|move|p1a: Arbok|Poison Fang|p2a: Altaria
|-damage|p2a: Altaria|67/100
|move|p2a: Altaria|Hurricane|p1a: Arbok|[miss]
|-miss|p2a: Altaria|p1a: Arbok
|
|upkeep
|turn|7
|
|t:|1757790009
|move|p1a: Arbok|Poison Fang|p2a: Altaria
|-damage|p2a: Altaria|49/100
|-status|p2a: Altaria|tox
|move|p2a: Altaria|Ice Beam|p1a: Arbok
|-damage|p1a: Arbok|44/100
|
|-damage|p2a: Altaria|43/100 tox|[from] psn
|upkeep
|turn|8
|
|t:|1757790020
|move|p1a: Arbok|Poison Fang|p2a: Altaria
|-damage|p2a: Altaria|28/100 tox
|move|p2a: Altaria|Rest|p2a: Altaria
|-status|p2a: Altaria|slp|[from] move: Rest
|-heal|p2a: Altaria|100/100 slp|[silent]
|
|upkeep
|turn|9
|
|t:|1757790028
|-curestatus|p2a: Altaria|slp|[from] ability: Natural Cure
|switch|p2a: Orthworm|Orthworm, F|93/100
|-damage|p2a: Orthworm|87/100|[from] Stealth Rock
|move|p1a: Arbok|Pain Split|p2a: Orthworm
|-sethp|p2a: Orthworm|64/100|[from] move: Pain Split|[silent]
|-sethp|p1a: Arbok|68/100|[from] move: Pain Split
|
|upkeep
|turn|10
|
|t:|1757790040
|move|p1a: Arbok|Protect|p1a: Arbok
|-singleturn|p1a: Arbok|Protect
|move|p2a: Orthworm|Earthquake|p1a: Arbok
|-activate|p1a: Arbok|move: Protect
|
|upkeep
|turn|11
|
|t:|1757790049
|switch|p1a: Zapdos|Zapdos|100/100
|-damage|p1a: Zapdos|75/100|[from] Stealth Rock
|switch|p2a: Altaria|Altaria, F|100/100
|
|-heal|p1a: Zapdos|82/100|[from] item: Leftovers
|upkeep
|turn|12
|
|t:|1757790058
|move|p1a: Zapdos|Discharge|p2a: Altaria
|-damage|p2a: Altaria|75/100
|move|p2a: Altaria|Ice Beam|p1a: Zapdos
|-supereffective|p1a: Zapdos
|-damage|p1a: Zapdos|56/100
|
|-heal|p1a: Zapdos|62/100|[from] item: Leftovers
|upkeep
|turn|13
|
|t:|1757790067
|move|p1a: Zapdos|Discharge|p2a: Altaria
|-damage|p2a: Altaria|48/100
|move|p2a: Altaria|Ice Beam|p1a: Zapdos
|-supereffective|p1a: Zapdos
|-damage|p1a: Zapdos|33/100
|
|-heal|p1a: Zapdos|40/100|[from] item: Leftovers
|upkeep
|turn|14
|
|t:|1757790076
|move|p1a: Zapdos|Roost|p1a: Zapdos
|-heal|p1a: Zapdos|90/100
|-singleturn|p1a: Zapdos|move: Roost
|move|p2a: Altaria|Rest|p2a: Altaria
|-status|p2a: Altaria|slp|[from] move: Rest
|-heal|p2a: Altaria|100/100 slp|[silent]
|
|-heal|p1a: Zapdos|96/100|[from] item: Leftovers
|upkeep
|turn|15
|
|t:|1757790087
|-curestatus|p2a: Altaria|slp|[from] ability: Natural Cure
|switch|p2a: Hoopa|Hoopa-Unbound|100/100
|-damage|p2a: Hoopa|88/100|[from] Stealth Rock
|move|p1a: Zapdos|Air Cutter|p2a: Hoopa|[miss]
|-miss|p1a: Zapdos|p2a: Hoopa
|
|-heal|p1a: Zapdos|100/100|[from] item: Leftovers
|upkeep
|turn|16
|
|t:|1757790096
|move|p2a: Hoopa|Psychic|p1a: Zapdos
|-damage|p1a: Zapdos|60/100
|move|p1a: Zapdos|Discharge|p2a: Hoopa
|-damage|p2a: Hoopa|65/100
|-status|p2a: Hoopa|par
|
|-heal|p1a: Zapdos|66/100|[from] item: Leftovers
|upkeep
|turn|17
|
|t:|1757790106
|move|p1a: Zapdos|Protect|p1a: Zapdos
|-singleturn|p1a: Zapdos|Protect
|move|p2a: Hoopa|Psychic|p1a: Zapdos
|-activate|p1a: Zapdos|move: Protect
|
|-heal|p1a: Zapdos|72/100|[from] item: Leftovers
|upkeep
|turn|18
|
|t:|1757790114
|move|p1a: Zapdos|Air Cutter|p2a: Hoopa
|-damage|p2a: Hoopa|49/100 par
|move|p2a: Hoopa|Substitute|p2a: Hoopa
|-start|p2a: Hoopa|Substitute
|-damage|p2a: Hoopa|24/100 par
|
|-heal|p1a: Zapdos|78/100|[from] item: Leftovers
|upkeep
|turn|19
|
|t:|1757790121
|move|p1a: Zapdos|Discharge|p2a: Hoopa
|-end|p2a: Hoopa|Substitute
|move|p2a: Hoopa|Psychic|p1a: Zapdos
|-damage|p1a: Zapdos|40/100
|
|-heal|p1a: Zapdos|46/100|[from] item: Leftovers
|upkeep
|turn|20
|
|t:|1757790130
|move|p1a: Zapdos|Roost|p1a: Zapdos
|-heal|p1a: Zapdos|96/100
|-singleturn|p1a: Zapdos|move: Roost
|move|p2a: Hoopa|Psychic|p1a: Zapdos
|-damage|p1a: Zapdos|56/100
|
|-heal|p1a: Zapdos|62/100|[from] item: Leftovers
|upkeep
|turn|21
|
|t:|1757790139
|move|p1a: Zapdos|Discharge|p2a: Hoopa
|-damage|p2a: Hoopa|0 fnt
|faint|p2a: Hoopa
|
|-heal|p1a: Zapdos|69/100|[from] item: Leftovers
|upkeep
|
|t:|1757790144
|switch|p2a: Houndoom|Houndoom, M|100/100
|-damage|p2a: Houndoom|76/100|[from] Stealth Rock
|turn|22
|
|t:|1757790149
|move|p1a: Zapdos|Protect|p1a: Zapdos
|-singleturn|p1a: Zapdos|Protect
|move|p2a: Houndoom|Overheat|p1a: Zapdos
|-activate|p1a: Zapdos|move: Protect
|
|-heal|p1a: Zapdos|75/100|[from] item: Leftovers
|upkeep
|turn|23
|
|t:|1757790157
|switch|p1a: Golem|Golem, M|38/100
|-damage|p1a: Golem|32/100|[from] Stealth Rock
|move|p2a: Houndoom|Overheat|p1a: Golem|[miss]
|-miss|p2a: Houndoom|p1a: Golem
|
|upkeep
|turn|24
|
|t:|1757790165
|move|p1a: Golem|Endure|p1a: Golem
|-singleturn|p1a: Golem|move: Endure
|move|p2a: Houndoom|Overheat|p1a: Golem
|-resisted|p1a: Golem
|-crit|p1a: Golem
|-activate|p1a: Golem|move: Endure
|-damage|p1a: Golem|1/100
|-unboost|p2a: Houndoom|spa|2
|
|upkeep
|turn|25
|-enditem|p1a: Golem|Custap Berry|[eat]
|-activate|p1a: Golem|item: Custap Berry|[consumed]
|
|t:|1757790175
|switch|p2a: Orthworm|Orthworm, F|64/100
|-damage|p2a: Orthworm|58/100|[from] Stealth Rock
|move|p1a: Golem|Explosion|p2a: Orthworm
|-resisted|p2a: Orthworm
|-damage|p2a: Orthworm|35/100
|faint|p1a: Golem
|
|upkeep
|
|t:|1757790190
|switch|p1a: Gengar|Gengar, F|100/100
|-damage|p1a: Gengar|88/100|[from] Stealth Rock
|turn|26
|
|t:|1757790195
|move|p1a: Gengar|Substitute|p1a: Gengar
|-start|p1a: Gengar|Substitute
|-damage|p1a: Gengar|63/100
|move|p2a: Orthworm|Earthquake|p1a: Gengar
|-supereffective|p1a: Gengar
|-end|p1a: Gengar|Substitute
|
|-heal|p1a: Gengar|70/100|[from] item: Black Sludge
|upkeep
|turn|27
|
|t:|1757790203
|move|p1a: Gengar|Disable|p2a: Orthworm
|-start|p2a: Orthworm|Disable|Earthquake
|cant|p2a: Orthworm|Disable|Earthquake
|
|-heal|p1a: Gengar|76/100|[from] item: Black Sludge
|upkeep
|turn|28
|
|t:|1757790210
|switch|p2a: Altaria|Altaria, F|100/100
|move|p1a: Gengar|Substitute|p1a: Gengar
|-start|p1a: Gengar|Substitute
|-damage|p1a: Gengar|51/100
|
|-heal|p1a: Gengar|57/100|[from] item: Black Sludge
|upkeep
|turn|29
|
|t:|1757790218
|move|p1a: Gengar|Shadow Ball|p2a: Altaria
|-damage|p2a: Altaria|74/100
|move|p2a: Altaria|Hurricane|p1a: Gengar
|-end|p1a: Gengar|Substitute
|
|-heal|p1a: Gengar|63/100|[from] item: Black Sludge
|upkeep
|turn|30
|
|t:|1757790228
|move|p1a: Gengar|Disable|p2a: Altaria
|-start|p2a: Altaria|Disable|Hurricane
|cant|p2a: Altaria|Disable|Hurricane
|
|-heal|p1a: Gengar|69/100|[from] item: Black Sludge
|upkeep
|turn|31
|
|t:|1757790234
|move|p1a: Gengar|Shadow Ball|p2a: Altaria
|-damage|p2a: Altaria|47/100
|move|p2a: Altaria|Ice Beam|p1a: Gengar
|-damage|p1a: Gengar|41/100
|
|-heal|p1a: Gengar|47/100|[from] item: Black Sludge
|upkeep
|turn|32
|
|t:|1757790243
|move|p1a: Gengar|Shadow Ball|p2a: Altaria
|-damage|p2a: Altaria|19/100
|move|p2a: Altaria|Rest|p2a: Altaria
|-status|p2a: Altaria|slp|[from] move: Rest
|-heal|p2a: Altaria|100/100 slp|[silent]
|
|-heal|p1a: Gengar|54/100|[from] item: Black Sludge
|upkeep
|turn|33
|
|t:|1757790255
|-curestatus|p2a: Altaria|slp|[from] ability: Natural Cure
|switch|p2a: Shaymin|Shaymin|100/100
|-damage|p2a: Shaymin|88/100|[from] Stealth Rock
|move|p1a: Gengar|Shadow Ball|p2a: Shaymin
|-damage|p2a: Shaymin|55/100
|
|-heal|p1a: Gengar|60/100|[from] item: Black Sludge
|-heal|p2a: Shaymin|61/100|[from] item: Leftovers
|upkeep
|turn|34
|
|t:|1757790268
|move|p1a: Gengar|Substitute|p1a: Gengar
|-start|p1a: Gengar|Substitute
|-damage|p1a: Gengar|35/100
|move|p2a: Shaymin|Synthesis|p2a: Shaymin
|-heal|p2a: Shaymin|100/100
|
|-heal|p1a: Gengar|41/100|[from] item: Black Sludge
|upkeep
|turn|35
|
|t:|1757790276
|move|p1a: Gengar|Shadow Ball|p2a: Shaymin
|-damage|p2a: Shaymin|71/100
|move|p2a: Shaymin|Earth Power|p1a: Gengar
|-supereffective|p1a: Gengar
|-end|p1a: Gengar|Substitute
|
|-heal|p1a: Gengar|47/100|[from] item: Black Sludge
|-heal|p2a: Shaymin|77/100|[from] item: Leftovers
|upkeep
|turn|36
|
|t:|1757790287
|move|p1a: Gengar|Disable|p2a: Shaymin
|-start|p2a: Shaymin|Disable|Earth Power
|move|p2a: Shaymin|Seed Flare|p1a: Gengar
|-resisted|p1a: Gengar
|-damage|p1a: Gengar|0 fnt
|faint|p1a: Gengar
|
|-heal|p2a: Shaymin|83/100|[from] item: Leftovers
|upkeep
|
|t:|1757790296
|switch|p1a: Dodrio|Dodrio, M|100/100
|-damage|p1a: Dodrio|76/100|[from] Stealth Rock
|turn|37
|
|t:|1757790300
|switch|p2a: Orthworm|Orthworm, F|35/100
|-damage|p2a: Orthworm|29/100|[from] Stealth Rock
|move|p1a: Dodrio|Brave Bird|p2a: Orthworm
|-resisted|p2a: Orthworm
|-damage|p2a: Orthworm|12/100
|-damage|p1a: Dodrio|68/100|[from] Recoil
|
|upkeep
|turn|38
|
|t:|1757790309
|move|p1a: Dodrio|Brave Bird|p2a: Orthworm
|-resisted|p2a: Orthworm
|-damage|p2a: Orthworm|0 fnt
|faint|p2a: Orthworm
|-damage|p1a: Dodrio|63/100|[from] Recoil
|
|upkeep
|
|t:|1757790315
|switch|p2a: Altaria|Altaria, F|100/100
|turn|39
|
|t:|1757790318
|switch|p1a: Arbok|Arbok, M|68/100
|-damage|p1a: Arbok|56/100|[from] Stealth Rock
|-ability|p1a: Arbok|Intimidate|boost
|-unboost|p2a: Altaria|atk|1
|move|p2a: Altaria|Ice Beam|p1a: Arbok
|-damage|p1a: Arbok|36/100
|
|upkeep
|turn|40
|
|t:|1757790327
|switch|p2a: Houndoom|Houndoom, M|76/100
|-damage|p2a: Houndoom|51/100|[from] Stealth Rock
|move|p1a: Arbok|Pain Split|p2a: Houndoom
|-sethp|p2a: Houndoom|45/100|[from] move: Pain Split|[silent]
|-sethp|p1a: Arbok|41/100|[from] move: Pain Split
|
|upkeep
|turn|41
|
|t:|1757790336
|move|p1a: Arbok|Protect|p1a: Arbok
|-singleturn|p1a: Arbok|Protect
|move|p2a: Houndoom|Dark Pulse|p1a: Arbok
|-activate|p1a: Arbok|move: Protect
|
|upkeep
|turn|42
|
|t:|1757790342
|move|p2a: Houndoom|Dark Pulse|p1a: Arbok
|-damage|p1a: Arbok|0 fnt
|faint|p1a: Arbok
|
|upkeep
|
|t:|1757790347
|switch|p1a: Dodrio|Dodrio, M|63/100
|-damage|p1a: Dodrio|38/100|[from] Stealth Rock
|turn|43
|
|t:|1757790358
|switch|p2a: Altaria|Altaria, F|100/100
|move|p1a: Dodrio|Thrash|p2a: Altaria
|-damage|p2a: Altaria|38/100
|
|upkeep
|turn|44
|
|t:|1757790366
|move|p1a: Dodrio|Thrash|p2a: Altaria|[from] lockedmove
|-damage|p2a: Altaria|0 fnt
|faint|p2a: Altaria
|
|upkeep
|
|t:|1757790370
|switch|p2a: Toxicroak|Toxicroak, M|100/100
|-damage|p2a: Toxicroak|94/100|[from] Stealth Rock
|turn|45
|
|t:|1757790375
|-terastallize|p2a: Toxicroak|Ghost
|move|p2a: Toxicroak|Sucker Punch|p1a: Dodrio
|-damage|p1a: Dodrio|0 fnt
|faint|p1a: Dodrio
|
|upkeep
|
|t:|1757790382
|switch|p1a: Pikachu|Pikachu, M|100/100
|-damage|p1a: Pikachu|88/100|[from] Stealth Rock
|turn|46
|
|t:|1757790386
|move|p1a: Pikachu|Encore|p2a: Toxicroak
|-start|p2a: Toxicroak|Encore
|move|p2a: Toxicroak|Sucker Punch||[still]
|-fail|p2a: Toxicroak
|
|upkeep
|turn|47
|
|t:|1757790397
|switch|p2a: Shaymin|Shaymin|83/100
|-damage|p2a: Shaymin|71/100|[from] Stealth Rock
|move|p1a: Pikachu|Quick Attack|p2a: Shaymin
|-damage|p2a: Shaymin|54/100
|
|-heal|p2a: Shaymin|61/100|[from] item: Leftovers
|upkeep
|turn|48
|
|t:|1757790409
|move|p1a: Pikachu|Volt Tackle|p2a: Shaymin
|-resisted|p2a: Shaymin
|-damage|p2a: Shaymin|26/100
|-damage|p1a: Pikachu|70/100|[from] Recoil
|move|p2a: Shaymin|Seed Flare|p1a: Pikachu|[miss]
|-miss|p2a: Shaymin|p1a: Pikachu
|
|-heal|p2a: Shaymin|32/100|[from] item: Leftovers
|upkeep
|turn|49
|
|t:|1757790419
|-terastallize|p1a: Pikachu|Electric
|move|p1a: Pikachu|Volt Tackle|p2a: Shaymin
|-resisted|p2a: Shaymin
|-damage|p2a: Shaymin|0 fnt
|faint|p2a: Shaymin
|-damage|p1a: Pikachu|53/100|[from] Recoil
|
|upkeep
|
|t:|1757790427
|switch|p2a: Houndoom|Houndoom, M|45/100
|-damage|p2a: Houndoom|20/100|[from] Stealth Rock
|turn|50
|
|t:|1757790431
|move|p1a: Pikachu|Quick Attack|p2a: Houndoom
|-damage|p2a: Houndoom|0 fnt
|faint|p2a: Houndoom
|
|upkeep
|
|t:|1757790434
|switch|p2a: Toxicroak|Toxicroak, M, tera:Ghost|94/100
|-damage|p2a: Toxicroak|82/100|[from] Stealth Rock
|turn|51
|
|t:|1757790439
|move|p1a: Pikachu|Volt Tackle|p2a: Toxicroak
|-damage|p2a: Toxicroak|0 fnt
|faint|p2a: Toxicroak
|-damage|p1a: Pikachu|14/100|[from] Recoil
|
|win|preppy dude
|raw|preppy dude's rating: 1100 &rarr; <strong>1127</strong><br />(+27 for winning)
|raw|jgtyfkyk's rating: 1127 &rarr; <strong>1100</strong><br />(-27 for losing)
|l|☆jgtyfkyk
|player|p2|
|l|☆preppy dude
|player|p1|
