|j|☆Whatsapp Liligant
|j|☆Ivanpmd
|t:|1757846069
|gametype|singles
|player|p1|Whatsapp Liligant|cheryl|1206
|player|p2|Ivanpmd|cheren-gen5bw2|1221
|gen|9
|tier|[Gen 9] OU
|rated|
|rule|HP Percentage Mod: HP is shown in percentages
|rule|Endless Battle Clause: Forcing endless battles is banned
|rule|Species Clause: Limit one of each Pokémon
|rule|OHKO Clause: OHKO moves are banned
|rule|Evasion Items Clause: Evasion items are banned
|rule|Evasion Moves Clause: Evasion moves are banned
|rule|Evasion Abilities Clause: Evasion abilities are banned
|rule|Sleep Moves Clause: Sleep-inducing moves are banned
|clearpoke
|poke|p1|Gumshoos, M|
|poke|p1|Probopass, M|
|poke|p1|Scrafty, F|
|poke|p1|Dragapult, F|
|poke|p1|Iron Hands|
|poke|p1|Inteleon, M|
|poke|p2|Araquanid, F|
|poke|p2|Gholdengo|
|poke|p2|Great Tusk|
|poke|p2|Iron Crown|
|poke|p2|Darkrai|
|poke|p2|Iron Valiant|
|teampreview
|inactive|Battle timer is ON: inactive players will automatically lose when time's up. (requested by Ivanpmd)
|
|t:|1757846088
|teamsize|p1|6
|teamsize|p2|6
|start
|switch|p1a: B-2 Stealth Bomber|Dragapult, F|100/100
|switch|p2a: Araquanid|Araquanid, F, shiny|100/100
|turn|1
|
|t:|1757846096
|move|p1a: B-2 Stealth Bomber|Shadow Ball|p2a: Araquanid
|-damage|p2a: Araquanid|78/100
|-enditem|p2a: Araquanid|Red Card|[of] p1a: B-2 Stealth Bomber
|drag|p1a: Oi vey|Probopass, M|100/100
|move|p2a: Araquanid|Sticky Web|p1a: Oi vey
|-sidestart|p1: Whatsapp Liligant|move: Sticky Web
|
|upkeep
|turn|2
|
|t:|1757846104
|switch|p1a: B-2 Stealth Bomber|Dragapult, F|100/100
|-activate|p1a: B-2 Stealth Bomber|move: Sticky Web
|-unboost|p1a: B-2 Stealth Bomber|spe|1
|move|p2a: Araquanid|Infestation|p1a: B-2 Stealth Bomber
|-resisted|p1a: B-2 Stealth Bomber
|-damage|p1a: B-2 Stealth Bomber|98/100
|-activate|p1a: B-2 Stealth Bomber|move: Infestation|[of] p2a: Araquanid
|
|-damage|p1a: B-2 Stealth Bomber|85/100|[from] move: Infestation|[partiallytrapped]
|upkeep
|turn|3
|
|t:|1757846115
|move|p1a: B-2 Stealth Bomber|Reflect|p1a: B-2 Stealth Bomber
|-sidestart|p1: Whatsapp Liligant|Reflect
|move|p2a: Araquanid|Mirror Coat||[still]
|-fail|p2a: Araquanid
|
|-damage|p1a: B-2 Stealth Bomber|73/100|[from] move: Infestation|[partiallytrapped]
|upkeep
|turn|4
|
|t:|1757846122
|move|p1a: B-2 Stealth Bomber|Light Screen|p1a: B-2 Stealth Bomber
|-sidestart|p1: Whatsapp Liligant|move: Light Screen
|move|p2a: Araquanid|Lunge|p1a: B-2 Stealth Bomber
|-resisted|p1a: B-2 Stealth Bomber
|-damage|p1a: B-2 Stealth Bomber|67/100
|-unboost|p1a: B-2 Stealth Bomber|atk|1
|
|-damage|p1a: B-2 Stealth Bomber|54/100|[from] move: Infestation|[partiallytrapped]
|upkeep
|turn|5
|
|t:|1757846131
|move|p1a: B-2 Stealth Bomber|Shadow Ball|p2a: Araquanid
|-damage|p2a: Araquanid|56/100
|move|p2a: Araquanid|Lunge|p1a: B-2 Stealth Bomber
|-resisted|p1a: B-2 Stealth Bomber
|-damage|p1a: B-2 Stealth Bomber|48/100
|-unboost|p1a: B-2 Stealth Bomber|atk|1
|
|-damage|p1a: B-2 Stealth Bomber|36/100|[from] move: Infestation|[partiallytrapped]
|upkeep
|turn|6
|
|t:|1757846140
|move|p1a: B-2 Stealth Bomber|Shadow Ball|p2a: Araquanid
|-damage|p2a: Araquanid|35/100
|move|p2a: Araquanid|Mirror Coat|p1a: B-2 Stealth Bomber
|-damage|p1a: B-2 Stealth Bomber|0 fnt
|faint|p1a: B-2 Stealth Bomber
|
|upkeep
|
|t:|1757846161
|switch|p1a: McDonalds|Iron Hands|100/100
|-activate|p1a: McDonalds|move: Sticky Web
|-unboost|p1a: McDonalds|spe|1
|-enditem|p1a: McDonalds|Booster Energy
|-activate|p1a: McDonalds|ability: Quark Drive|[fromitem]
|-start|p1a: McDonalds|quarkdriveatk
|turn|7
|
|t:|1757846170
|move|p2a: Araquanid|Infestation|p1a: McDonalds
|-resisted|p1a: McDonalds
|-damage|p1a: McDonalds|99/100
|-activate|p1a: McDonalds|move: Infestation|[of] p2a: Araquanid
|move|p1a: McDonalds|Swords Dance|p1a: McDonalds
|-boost|p1a: McDonalds|atk|2
|
|-damage|p1a: McDonalds|87/100|[from] move: Infestation|[partiallytrapped]
|upkeep
|turn|8
|
|t:|1757846184
|move|p2a: Araquanid|Lunge|p1a: McDonalds
|-resisted|p1a: McDonalds
|-damage|p1a: McDonalds|84/100
|-unboost|p1a: McDonalds|atk|1
|move|p1a: McDonalds|Swords Dance|p1a: McDonalds
|-boost|p1a: McDonalds|atk|2
|
|-damage|p1a: McDonalds|71/100|[from] move: Infestation|[partiallytrapped]
|upkeep
|turn|9
|
|t:|1757846193
|move|p2a: Araquanid|Lunge|p1a: McDonalds
|-resisted|p1a: McDonalds
|-damage|p1a: McDonalds|68/100
|-unboost|p1a: McDonalds|atk|1
|move|p1a: McDonalds|Drain Punch|p2a: Araquanid
|-resisted|p2a: Araquanid
|-damage|p2a: Araquanid|0 fnt
|-heal|p1a: McDonalds|81/100|[from] drain|[of] p2a: Araquanid
|faint|p2a: Araquanid
|
|-end|p1a: McDonalds|Infestation|[partiallytrapped]|[silent]
|upkeep
|
|t:|1757846206
|switch|p2a: Iron Crown|Iron Crown|100/100
|-enditem|p2a: Iron Crown|Booster Energy
|-activate|p2a: Iron Crown|ability: Quark Drive|[fromitem]
|-start|p2a: Iron Crown|quarkdrivespa
|turn|10
|
|t:|1757846214
|-terastallize|p1a: McDonalds|Flying
|move|p2a: Iron Crown|Psyshock|p1a: McDonalds
|-damage|p1a: McDonalds|63/100
|move|p1a: McDonalds|Drain Punch|p2a: Iron Crown
|-damage|p2a: Iron Crown|0 fnt
|-heal|p1a: McDonalds|98/100|[from] drain|[of] p2a: Iron Crown
|faint|p2a: Iron Crown
|-end|p2a: Iron Crown|Quark Drive|[silent]
|
|-sideend|p1: Whatsapp Liligant|Reflect
|upkeep
|
|t:|1757846231
|switch|p2a: Iron Valiant|Iron Valiant, shiny|100/100
|-enditem|p2a: Iron Valiant|Booster Energy
|-activate|p2a: Iron Valiant|ability: Quark Drive|[fromitem]
|-start|p2a: Iron Valiant|quarkdrivespa
|turn|11
|
|t:|1757846238
|move|p2a: Iron Valiant|Moonblast|p1a: McDonalds
|-damage|p1a: McDonalds|71/100
|move|p1a: McDonalds|Thunder Punch|p2a: Iron Valiant
|-damage|p2a: Iron Valiant|0 fnt
|faint|p2a: Iron Valiant
|-end|p2a: Iron Valiant|Quark Drive|[silent]
|
|-sideend|p1: Whatsapp Liligant|move: Light Screen
|upkeep
|
|t:|1757846247
|switch|p2a: Darkrai|Darkrai, shiny|100/100
|turn|12
|
|t:|1757846251
|move|p2a: Darkrai|Ice Beam|p1a: McDonalds
|-supereffective|p1a: McDonalds
|-damage|p1a: McDonalds|0 fnt
|faint|p1a: McDonalds
|-end|p1a: McDonalds|Quark Drive|[silent]
|-damage|p2a: Darkrai|91/100|[from] item: Life Orb
|
|upkeep
|
|t:|1757846258
|switch|p1a: Charlie Kirk|Inteleon, M|100/100
|-activate|p1a: Charlie Kirk|move: Sticky Web
|-unboost|p1a: Charlie Kirk|spe|1
|turn|13
|
|t:|1757846263
|move|p2a: Darkrai|Dark Pulse|p1a: Charlie Kirk
|-damage|p1a: Charlie Kirk|24/100
|-damage|p2a: Darkrai|81/100|[from] item: Life Orb
|move|p1a: Charlie Kirk|Agility|p1a: Charlie Kirk
|-boost|p1a: Charlie Kirk|spe|2
|
|upkeep
|turn|14
|
|t:|1757846272
|move|p1a: Charlie Kirk|Snipe Shot|p2a: Darkrai
|-damage|p2a: Darkrai|18/100
|move|p2a: Darkrai|Dark Pulse|p1a: Charlie Kirk
|-damage|p1a: Charlie Kirk|0 fnt
|faint|p1a: Charlie Kirk
|-damage|p2a: Darkrai|8/100|[from] item: Life Orb
|
|upkeep
|
|t:|1757846284
|switch|p1a: Hoodlum|Scrafty, F|100/100
|-activate|p1a: Hoodlum|move: Sticky Web
|-unboost|p1a: Hoodlum|spe|1
|turn|15
|
|t:|1757846293
|move|p2a: Darkrai|Sludge Bomb|p1a: Hoodlum
|-damage|p1a: Hoodlum|74/100
|-damage|p2a: Darkrai|0 fnt|[from] item: Life Orb
|faint|p2a: Darkrai
|move|p1a: Hoodlum|Bulk Up|p1a: Hoodlum
|-boost|p1a: Hoodlum|atk|1
|-boost|p1a: Hoodlum|def|1
|
|-heal|p1a: Hoodlum|80/100|[from] item: Leftovers
|upkeep
|
|t:|1757846302
|switch|p2a: Gholdengo|Gholdengo, shiny|100/100
|-item|p2a: Gholdengo|Air Balloon
|turn|16
|
|t:|1757846309
|move|p2a: Gholdengo|Make It Rain|p1a: Hoodlum
|-damage|p1a: Hoodlum|34/100
|-unboost|p2a: Gholdengo|spa|1
|move|p1a: Hoodlum|Knock Off|p2a: Gholdengo
|-supereffective|p2a: Gholdengo
|-damage|p2a: Gholdengo|0 fnt
|-enditem|p2a: Gholdengo|Air Balloon
|faint|p2a: Gholdengo
|
|-heal|p1a: Hoodlum|40/100|[from] item: Leftovers
|upkeep
|-message|Ivanpmd forfeited.
|
|win|Whatsapp Liligant
|raw|Whatsapp Liligant's rating: 1206 &rarr; <strong>1232</strong><br />(+26 for winning)
|raw|Ivanpmd's rating: 1221 &rarr; <strong>1195</strong><br />(-26 for losing)
|l|☆Ivanpmd
|player|p2|
|l|☆Whatsapp Liligant
|player|p1|
