|j|☆GarbagioFilth
|j|☆JacezZ
|t:|1757906912
|gametype|singles
|player|p1|GarbagioFilth|byron|1509
|player|p2|JacezZ|blackbelt-gen4dp|1479
|gen|9
|tier|[Gen 9] OU
|rated|
|rule|HP Percentage Mod: HP is shown in percentages
|rule|Endless Battle Clause: Forcing endless battles is banned
|rule|Species Clause: Limit one of each Pokémon
|rule|OHKO Clause: OHKO moves are banned
|rule|Evasion Items Clause: Evasion items are banned
|rule|Evasion Moves Clause: Evasion moves are banned
|rule|Evasion Abilities Clause: Evasion abilities are banned
|rule|Sleep Moves Clause: Sleep-inducing moves are banned
|clearpoke
|poke|p1|Dondozo, F|
|poke|p1|Blissey, F|
|poke|p1|Corviknight, M|
|poke|p1|Weezing-Galar, M|
|poke|p1|Gliscor, F|
|poke|p1|Toxapex, F|
|poke|p2|Swampert, F|
|poke|p2|Slowking-Galar, F|
|poke|p2|Thundurus-Therian, M|
|poke|p2|Ogerpon-Cornerstone, F|
|poke|p2|Gholdengo|
|poke|p2|Great Tusk|
|teampreview
|inactive|Battle timer is ON: inactive players will automatically lose when time's up. (requested by GarbagioFilth)
|
|t:|1757906927
|teamsize|p1|6
|teamsize|p2|6
|start
|switch|p1a: Stallmate|Gliscor, F|100/100
|switch|p2a: Slowking|Slowking-Galar, F|100/100
|turn|1
|
|t:|1757906933
|move|p1a: Stallmate|Protect|p1a: Stallmate
|-singleturn|p1a: Stallmate|Protect
|move|p2a: Slowking|Future Sight|p1a: Stallmate
|-start|p2a: Slowking|move: Future Sight
|
|-status|p1a: Stallmate|tox|[from] item: Toxic Orb
|upkeep
|turn|2
|
|t:|1757906938
|move|p1a: Stallmate|Spikes|p2a: Slowking
|-sidestart|p2: JacezZ|Spikes
|-prepare|p2a: Slowking|Chilly Reception|[premajor]
|move|p2a: Slowking|Chilly Reception|p2a: Slowking
|-weather|Snowscape
|
|t:|1757906940
|switch|p2a: Thundurus|Thundurus-Therian, M|100/100|[from] Chilly Reception
|
|-weather|Snowscape|[upkeep]
|upkeep
|turn|3
|
|t:|1757906944
|switch|p1a: Stalingrad|Blissey, F|100/100
|move|p2a: Thundurus|Knock Off|p1a: Stalingrad
|-damage|p1a: Stalingrad|78/100
|-enditem|p1a: Stalingrad|Leftovers|[from] move: Knock Off|[of] p2a: Thundurus
|
|-weather|Snowscape|[upkeep]
|-end|p1a: Stalingrad|move: Future Sight
|-damage|p1a: Stalingrad|63/100
|upkeep
|turn|4
|
|t:|1757906954
|move|p2a: Thundurus|Volt Switch|p1a: Stalingrad
|-damage|p1a: Stalingrad|49/100
|
|t:|1757906961
|switch|p2a: Pert Maxing|Swampert, F|100/100|[from] Volt Switch
|-damage|p2a: Pert Maxing|88/100|[from] Spikes
|move|p1a: Stalingrad|Stealth Rock|p2a: Pert Maxing
|-sidestart|p2: JacezZ|move: Stealth Rock
|
|-weather|Snowscape|[upkeep]
|upkeep
|turn|5
|
|t:|1757906972
|switch|p1a: Stalin|Dondozo, F|100/100
|move|p2a: Pert Maxing|Stealth Rock|p1a: Stalin
|-sidestart|p1: GarbagioFilth|move: Stealth Rock
|
|-weather|Snowscape|[upkeep]
|upkeep
|turn|6
|
|t:|1757906976
|move|p2a: Pert Maxing|Flip Turn|p1a: Stalin
|-resisted|p1a: Stalin
|-damage|p1a: Stalin|96/100
|
|t:|1757906982
|switch|p2a: Slowking|Slowking-Galar, F|100/100|[from] Flip Turn
|-damage|p2a: Slowking|88/100|[from] Spikes
|-damage|p2a: Slowking|76/100|[from] Stealth Rock
|move|p1a: Stalin|Avalanche|p2a: Slowking
|-damage|p2a: Slowking|63/100
|
|-weather|none
|-heal|p1a: Stalin|100/100|[from] item: Leftovers
|upkeep
|turn|7
|
|t:|1757906991
|switch|p1a: Stalingrad|Blissey, F|49/100
|-damage|p1a: Stalingrad|37/100|[from] Stealth Rock
|move|p2a: Slowking|Future Sight|p1a: Stalingrad
|-start|p2a: Slowking|move: Future Sight
|
|upkeep
|turn|8
|
|t:|1757906996
|move|p1a: Stalingrad|Soft-Boiled|p1a: Stalingrad
|-heal|p1a: Stalingrad|87/100
|-prepare|p2a: Slowking|Chilly Reception|[premajor]
|move|p2a: Slowking|Chilly Reception|p2a: Slowking
|-weather|Snowscape
|
|t:|1757907001
|switch|p2a: Great Tusk|Great Tusk|100/100|[from] Chilly Reception
|-damage|p2a: Great Tusk|88/100|[from] Spikes
|-damage|p2a: Great Tusk|85/100|[from] Stealth Rock
|
|-weather|Snowscape|[upkeep]
|upkeep
|turn|9
|
|t:|1757907006
|switch|p1a: Stalinski|Corviknight, M|100/100
|-damage|p1a: Stalinski|88/100|[from] Stealth Rock
|-ability|p1a: Stalinski|Pressure
|move|p2a: Great Tusk|Rapid Spin|p1a: Stalinski
|-resisted|p1a: Stalinski
|-damage|p1a: Stalinski|84/100
|-boost|p2a: Great Tusk|spe|1
|-sideend|p2: JacezZ|Spikes|[from] move: Rapid Spin|[of] p2a: Great Tusk
|-sideend|p2: JacezZ|Stealth Rock|[from] move: Rapid Spin|[of] p2a: Great Tusk
|
|-weather|Snowscape|[upkeep]
|-end|p1a: Stalinski|move: Future Sight
|-resisted|p1a: Stalinski
|-damage|p1a: Stalinski|62/100
|-heal|p1a: Stalinski|69/100|[from] item: Leftovers
|upkeep
|turn|10
|
|t:|1757907019
|move|p2a: Great Tusk|Knock Off|p1a: Stalinski
|-damage|p1a: Stalinski|50/100
|-enditem|p1a: Stalinski|Leftovers|[from] move: Knock Off|[of] p2a: Great Tusk
|move|p1a: Stalinski|Defog|p2a: Great Tusk
|-unboost|p2a: Great Tusk|evasion|1
|-sideend|p1: GarbagioFilth|Stealth Rock|[from] move: Defog|[of] p1a: Stalinski
|
|-weather|Snowscape|[upkeep]
|upkeep
|turn|11
|
|t:|1757907026
|-end|p2a: Great Tusk|Protosynthesis|[silent]
|switch|p2a: Thundurus|Thundurus-Therian, M|100/100
|move|p1a: Stalinski|Roost|p1a: Stalinski
|-heal|p1a: Stalinski|100/100
|-singleturn|p1a: Stalinski|move: Roost
|
|-weather|Snowscape|[upkeep]
|upkeep
|turn|12
|
|t:|1757907031
|switch|p1a: Stallmate|Gliscor, F|100/100 tox
|move|p2a: Thundurus|Volt Switch|p1a: Stallmate
|-immune|p1a: Stallmate
|
|-weather|none
|upkeep
|turn|13
|
|t:|1757907043
|switch|p2a: Pert Maxing|Swampert, F|88/100
|move|p1a: Stallmate|Knock Off|p2a: Pert Maxing
|-damage|p2a: Pert Maxing|69/100
|-enditem|p2a: Pert Maxing|Rindo Berry|[from] move: Knock Off|[of] p1a: Stallmate
|
|upkeep
|turn|14
|
|t:|1757907051
|move|p1a: Stallmate|Protect|p1a: Stallmate
|-singleturn|p1a: Stallmate|Protect
|move|p2a: Pert Maxing|Stealth Rock|p1a: Stallmate
|-sidestart|p1: GarbagioFilth|move: Stealth Rock
|
|upkeep
|turn|15
|
|t:|1757907059
|move|p1a: Stallmate|Spikes|p2a: Pert Maxing
|-sidestart|p2: JacezZ|Spikes
|move|p2a: Pert Maxing|Flip Turn|p1a: Stallmate
|-supereffective|p1a: Stallmate
|-damage|p1a: Stallmate|66/100 tox
|
|t:|1757907062
|switch|p2a: Ogerpon|Ogerpon-Cornerstone, F|100/100|[from] Flip Turn
|-damage|p2a: Ogerpon|88/100|[from] Spikes
|
|-heal|p1a: Stallmate|79/100 tox|[from] ability: Poison Heal
|upkeep
|turn|16
|
|t:|1757907065
|move|p2a: Ogerpon|Spikes|p1a: Stallmate
|-sidestart|p1: GarbagioFilth|Spikes
|move|p1a: Stallmate|Knock Off|p2a: Ogerpon
|-damage|p2a: Ogerpon|70/100
|
|-heal|p1a: Stallmate|91/100 tox|[from] ability: Poison Heal
|upkeep
|turn|17
|
|t:|1757907073
|switch|p1a: Stallking|Toxapex, F|100/100
|-damage|p1a: Stallking|88/100|[from] Stealth Rock
|-damage|p1a: Stallking|75/100|[from] Spikes
|move|p2a: Ogerpon|Spikes|p1a: Stallking
|-sidestart|p1: GarbagioFilth|Spikes
|
|-heal|p1a: Stallking|82/100|[from] item: Leftovers
|upkeep
|turn|18
|
|t:|1757907080
|switch|p2a: Gholdengo|Gholdengo|100/100
|-damage|p2a: Gholdengo|88/100|[from] Spikes
|move|p1a: Stallking|Toxic|p2a: Gholdengo
|-immune|p2a: Gholdengo|[from] ability: Good as Gold
|
|-heal|p1a: Stallking|88/100|[from] item: Leftovers
|upkeep
|turn|19
|
|t:|1757907084
|move|p2a: Gholdengo|Trick|p1a: Stallking
|-activate|p2a: Gholdengo|move: Trick|[of] p1a: Stallking
|-item|p1a: Stallking|Choice Scarf|[from] move: Trick
|-item|p2a: Gholdengo|Leftovers|[from] move: Trick
|move|p1a: Stallking|Haze|p1a: Stallking
|-clearallboost
|
|-heal|p2a: Gholdengo|94/100|[from] item: Leftovers
|upkeep
|turn|20
|
|t:|1757907092
|switch|p2a: Ogerpon|Ogerpon-Cornerstone, F|70/100
|-damage|p2a: Ogerpon|58/100|[from] Spikes
|move|p1a: Stallking|Haze|p1a: Stallking
|-clearallboost
|
|upkeep
|turn|21
|
|t:|1757907098
|switch|p1a: Stalinski|Corviknight, M|100/100
|-damage|p1a: Stalinski|88/100|[from] Stealth Rock
|-ability|p1a: Stalinski|Pressure
|move|p2a: Ogerpon|Ivy Cudgel|p1a: Stalinski|[anim] Ivy Cudgel Rock
|-damage|p1a: Stalinski|50/100
|
|upkeep
|turn|22
|
|t:|1757907107
|switch|p1a: Stallking|Toxapex, F|100/100
|-damage|p1a: Stallking|88/100|[from] Stealth Rock
|-damage|p1a: Stallking|72/100|[from] Spikes
|move|p2a: Ogerpon|U-turn|p1a: Stallking
|-resisted|p1a: Stallking
|-damage|p1a: Stallking|61/100
|
|t:|1757907115
|switch|p2a: Slowking|Slowking-Galar, F|96/100|[from] U-turn
|-damage|p2a: Slowking|83/100|[from] Spikes
|
|upkeep
|turn|23
|
|t:|1757907118
|switch|p1a: Stalinski|Corviknight, M|50/100
|-damage|p1a: Stalinski|37/100|[from] Stealth Rock
|-ability|p1a: Stalinski|Pressure
|move|p2a: Slowking|Future Sight|p1a: Stalinski
|-start|p2a: Slowking|move: Future Sight
|
|upkeep
|turn|24
|
|t:|1757907128
|switch|p2a: Gholdengo|Gholdengo|94/100
|-damage|p2a: Gholdengo|82/100|[from] Spikes
|move|p1a: Stalinski|Roost|p1a: Stalinski
|-heal|p1a: Stalinski|87/100
|-singleturn|p1a: Stalinski|move: Roost
|
|-heal|p2a: Gholdengo|88/100|[from] item: Leftovers
|upkeep
|turn|25
|
|t:|1757907135
|switch|p1a: Stalingrad|Blissey, F|87/100
|-damage|p1a: Stalingrad|74/100|[from] Stealth Rock
|-damage|p1a: Stalingrad|58/100|[from] Spikes
|move|p2a: Gholdengo|Shadow Ball|p1a: Stalingrad
|-immune|p1a: Stalingrad
|
|-end|p1a: Stalingrad|move: Future Sight
|-damage|p1a: Stalingrad|45/100
|-heal|p2a: Gholdengo|94/100|[from] item: Leftovers
|upkeep
|turn|26
|
|t:|1757907151
|switch|p2a: Great Tusk|Great Tusk|85/100
|-damage|p2a: Great Tusk|73/100|[from] Spikes
|move|p1a: Stalingrad|Soft-Boiled|p1a: Stalingrad
|-heal|p1a: Stalingrad|95/100
|
|upkeep
|turn|27
|
|t:|1757907157
|switch|p1a: Stalinski|Corviknight, M|87/100
|-damage|p1a: Stalinski|75/100|[from] Stealth Rock
|-ability|p1a: Stalinski|Pressure
|move|p2a: Great Tusk|Rapid Spin|p1a: Stalinski
|-resisted|p1a: Stalinski
|-damage|p1a: Stalinski|71/100
|-boost|p2a: Great Tusk|spe|1
|-sideend|p2: JacezZ|Spikes|[from] move: Rapid Spin|[of] p2a: Great Tusk
|
|upkeep
|turn|28
|
|t:|1757907166
|-end|p2a: Great Tusk|Protosynthesis|[silent]
|switch|p2a: Gholdengo|Gholdengo|94/100
|move|p1a: Stalinski|Defog|p2a: Gholdengo
|-immune|p2a: Gholdengo|[from] ability: Good as Gold
|
|-heal|p2a: Gholdengo|99/100|[from] item: Leftovers
|upkeep
|turn|29
|
|t:|1757907174
|switch|p2a: Slowking|Slowking-Galar, F|100/100
|move|p1a: Stalinski|Iron Defense|p1a: Stalinski
|-boost|p1a: Stalinski|def|2
|
|upkeep
|turn|30
|
|t:|1757907176
|switch|p2a: Gholdengo|Gholdengo|99/100
|move|p1a: Stalinski|Defog|p2a: Gholdengo
|-immune|p2a: Gholdengo|[from] ability: Good as Gold
|
|-heal|p2a: Gholdengo|100/100|[from] item: Leftovers
|upkeep
|turn|31
|
|t:|1757907181
|switch|p1a: Stalingrad|Blissey, F|95/100
|-damage|p1a: Stalingrad|82/100|[from] Stealth Rock
|-damage|p1a: Stalingrad|65/100|[from] Spikes
|move|p2a: Gholdengo|Shadow Ball|p1a: Stalingrad
|-immune|p1a: Stalingrad
|
|upkeep
|turn|32
|
|t:|1757907187
|move|p2a: Gholdengo|Focus Blast|p1a: Stalingrad
|-supereffective|p1a: Stalingrad
|-damage|p1a: Stalingrad|40/100
|move|p1a: Stalingrad|Stealth Rock|p2a: Gholdengo
|-sidestart|p2: JacezZ|move: Stealth Rock
|
|upkeep
|turn|33
|
|t:|1757907192
|switch|p2a: Great Tusk|Great Tusk|73/100
|-damage|p2a: Great Tusk|70/100|[from] Stealth Rock
|move|p1a: Stalingrad|Calm Mind|p1a: Stalingrad
|-boost|p1a: Stalingrad|spa|1
|-boost|p1a: Stalingrad|spd|1
|
|upkeep
|turn|34
|
|t:|1757907198
|switch|p1a: Stalinski|Corviknight, M|71/100
|-damage|p1a: Stalinski|58/100|[from] Stealth Rock
|-ability|p1a: Stalinski|Pressure
|move|p2a: Great Tusk|Headlong Rush|p1a: Stalinski
|-immune|p1a: Stalinski
|
|upkeep
|turn|35
|
|t:|1757907207
|-end|p2a: Great Tusk|Protosynthesis|[silent]
|switch|p2a: Gholdengo|Gholdengo|100/100
|-damage|p2a: Gholdengo|94/100|[from] Stealth Rock
|move|p1a: Stalinski|Roost|p1a: Stalinski
|-heal|p1a: Stalinski|100/100
|-singleturn|p1a: Stalinski|move: Roost
|
|-heal|p2a: Gholdengo|100/100|[from] item: Leftovers
|upkeep
|turn|36
|
|t:|1757907211
|switch|p1a: Stallking|Toxapex, F|94/100
|-damage|p1a: Stallking|81/100|[from] Stealth Rock
|-damage|p1a: Stallking|65/100|[from] Spikes
|move|p2a: Gholdengo|Focus Blast|p1a: Stallking|[miss]
|-miss|p2a: Gholdengo|p1a: Stallking
|
|upkeep
|turn|37
|
|t:|1757907218
|move|p2a: Gholdengo|Shadow Ball|p1a: Stallking
|-damage|p1a: Stallking|39/100
|move|p1a: Stallking|Toxic Spikes|p2a: Gholdengo
|-sidestart|p2: JacezZ|move: Toxic Spikes
|
|upkeep
|turn|38
|
|t:|1757907222
|move|p2a: Gholdengo|Shadow Ball|p1a: Stallking
|-damage|p1a: Stallking|14/100
|move|p1a: Stallking|Toxic Spikes|p2a: Gholdengo
|-sidestart|p2: JacezZ|move: Toxic Spikes
|
|upkeep
|turn|39
|
|t:|1757907225
|switch|p1a: Stalingrad|Blissey, F|40/100
|-damage|p1a: Stalingrad|27/100|[from] Stealth Rock
|-damage|p1a: Stalingrad|11/100|[from] Spikes
|move|p2a: Gholdengo|Focus Blast|p1a: Stalingrad|[miss]
|-miss|p2a: Gholdengo|p1a: Stalingrad
|
|upkeep
|turn|40
|
|t:|1757907232
|move|p2a: Gholdengo|Make It Rain|p1a: Stalingrad
|-damage|p1a: Stalingrad|0 fnt
|-unboost|p2a: Gholdengo|spa|1
|faint|p1a: Stalingrad
|
|upkeep
|
|t:|1757907235
|switch|p1a: Stallmate|Gliscor, F|91/100 tox
|-damage|p1a: Stallmate|79/100 tox|[from] Stealth Rock
|turn|41
|
|t:|1757907238
|switch|p2a: Slowking|Slowking-Galar, F|100/100
|-damage|p2a: Slowking|88/100|[from] Stealth Rock
|-sideend|p2: JacezZ|move: Toxic Spikes|[of] p2a: Slowking
|move|p1a: Stallmate|Earthquake|p2a: Slowking
|-supereffective|p2a: Slowking
|-enditem|p2a: Slowking|Shuca Berry|[eat]
|-enditem|p2a: Slowking|Shuca Berry|[weaken]
|-damage|p2a: Slowking|54/100
|
|-heal|p1a: Stallmate|91/100 tox|[from] ability: Poison Heal
|upkeep
|turn|42
|
|t:|1757907246
|switch|p2a: Great Tusk|Great Tusk|70/100
|-damage|p2a: Great Tusk|67/100|[from] Stealth Rock
|move|p1a: Stallmate|Knock Off|p2a: Great Tusk
|-resisted|p2a: Great Tusk
|-damage|p2a: Great Tusk|60/100
|-damage|p1a: Stallmate|75/100 tox|[from] item: Rocky Helmet|[of] p2a: Great Tusk
|-enditem|p2a: Great Tusk|Rocky Helmet|[from] move: Knock Off|[of] p1a: Stallmate
|
|-heal|p1a: Stallmate|87/100 tox|[from] ability: Poison Heal
|upkeep
|turn|43
|
|t:|1757907253
|move|p1a: Stallmate|Protect|p1a: Stallmate
|-singleturn|p1a: Stallmate|Protect
|move|p2a: Great Tusk|Rapid Spin|p1a: Stallmate
|-activate|p1a: Stallmate|move: Protect
|
|-heal|p1a: Stallmate|99/100 tox|[from] ability: Poison Heal
|upkeep
|turn|44
|
|t:|1757907257
|move|p2a: Great Tusk|Ice Spinner|p1a: Stallmate
|-supereffective|p1a: Stallmate
|-damage|p1a: Stallmate|29/100 tox
|move|p1a: Stallmate|Earthquake|p2a: Great Tusk
|-damage|p2a: Great Tusk|41/100
|
|-heal|p1a: Stallmate|42/100 tox|[from] ability: Poison Heal
|upkeep
|turn|45
|
|t:|1757907263
|move|p1a: Stallmate|Protect|p1a: Stallmate
|-singleturn|p1a: Stallmate|Protect
|move|p2a: Great Tusk|Rapid Spin|p1a: Stallmate
|-activate|p1a: Stallmate|move: Protect
|
|-heal|p1a: Stallmate|54/100 tox|[from] ability: Poison Heal
|upkeep
|turn|46
|
|t:|1757907268
|switch|p1a: Stalin|Dondozo, F|100/100
|-damage|p1a: Stalin|88/100|[from] Stealth Rock
|-damage|p1a: Stalin|72/100|[from] Spikes
|move|p2a: Great Tusk|Rapid Spin|p1a: Stalin
|-damage|p1a: Stalin|65/100
|-boost|p2a: Great Tusk|spe|1
|-sideend|p2: JacezZ|Stealth Rock|[from] move: Rapid Spin|[of] p2a: Great Tusk
|
|-heal|p1a: Stalin|71/100|[from] item: Leftovers
|upkeep
|turn|47
|
|t:|1757907274
|move|p2a: Great Tusk|Knock Off|p1a: Stalin
|-damage|p1a: Stalin|58/100
|-enditem|p1a: Stalin|Leftovers|[from] move: Knock Off|[of] p2a: Great Tusk
|move|p1a: Stalin|Avalanche|p2a: Great Tusk
|-supereffective|p2a: Great Tusk
|-damage|p2a: Great Tusk|6/100
|
|upkeep
|turn|48
|
|t:|1757907278
|-end|p2a: Great Tusk|Protosynthesis|[silent]
|switch|p2a: Slowking|Slowking-Galar, F|87/100
|move|p1a: Stalin|Rest|p1a: Stalin
|-status|p1a: Stalin|slp|[from] move: Rest
|-heal|p1a: Stalin|100/100 slp|[silent]
|
|upkeep
|turn|49
|
|t:|1757907282
|switch|p1a: Stallmate|Gliscor, F|54/100 tox
|-damage|p1a: Stallmate|42/100 tox|[from] Stealth Rock
|-prepare|p2a: Slowking|Chilly Reception|[premajor]
|move|p2a: Slowking|Chilly Reception|p2a: Slowking
|-weather|Snowscape
|
|t:|1757907285
|switch|p2a: Great Tusk|Great Tusk|6/100|[from] Chilly Reception
|
|-weather|Snowscape|[upkeep]
|-heal|p1a: Stallmate|54/100 tox|[from] ability: Poison Heal
|upkeep
|turn|50
|
|t:|1757907289
|move|p1a: Stallmate|Protect|p1a: Stallmate
|-singleturn|p1a: Stallmate|Protect
|move|p2a: Great Tusk|Ice Spinner|p1a: Stallmate
|-activate|p1a: Stallmate|move: Protect
|
|-weather|Snowscape|[upkeep]
|-heal|p1a: Stallmate|67/100 tox|[from] ability: Poison Heal
|upkeep
|turn|51
|
|t:|1757907295
|-terastallize|p1a: Stallmate|Water
|move|p2a: Great Tusk|Ice Spinner|p1a: Stallmate
|-resisted|p1a: Stallmate
|-damage|p1a: Stallmate|58/100 tox
|move|p1a: Stallmate|Earthquake|p2a: Great Tusk
|-damage|p2a: Great Tusk|0 fnt
|faint|p2a: Great Tusk
|-end|p2a: Great Tusk|Protosynthesis|[silent]
|
|-weather|Snowscape|[upkeep]
|-heal|p1a: Stallmate|70/100 tox|[from] ability: Poison Heal
|upkeep
|
|t:|1757907298
|switch|p2a: Thundurus|Thundurus-Therian, M|100/100
|turn|52
|
|t:|1757907301
|move|p1a: Stallmate|Protect|p1a: Stallmate
|-singleturn|p1a: Stallmate|Protect
|move|p2a: Thundurus|Volt Switch|p1a: Stallmate
|-activate|p1a: Stallmate|move: Protect
|
|-weather|Snowscape|[upkeep]
|-heal|p1a: Stallmate|83/100 tox|[from] ability: Poison Heal
|upkeep
|turn|53
|
|t:|1757907310
|switch|p1a: Staletto|Weezing-Galar, M|100/100
|-ability|p1a: Staletto|Neutralizing Gas
|move|p2a: Thundurus|Volt Switch|p1a: Staletto
|-crit|p1a: Staletto
|-damage|p1a: Staletto|16/100
|
|t:|1757907319
|switch|p2a: Ogerpon|Ogerpon-Cornerstone, F|58/100|[from] Volt Switch
|
|-weather|none
|upkeep
|turn|54
|
|t:|1757907322
|-end|p1a: Staletto|ability: Neutralizing Gas
|switch|p1a: Stalinski|Corviknight, M|100/100
|-damage|p1a: Stalinski|88/100|[from] Stealth Rock
|-ability|p1a: Stalinski|Pressure
|move|p2a: Ogerpon|Ivy Cudgel|p1a: Stalinski|[anim] Ivy Cudgel Rock
|-damage|p1a: Stalinski|55/100
|
|upkeep
|turn|55
|
|t:|1757907331
|switch|p2a: Gholdengo|Gholdengo|100/100
|move|p1a: Stalinski|Defog|p2a: Gholdengo
|-immune|p2a: Gholdengo|[from] ability: Good as Gold
|
|upkeep
|turn|56
|
|t:|1757907336
|move|p2a: Gholdengo|Shadow Ball|p1a: Stalinski
|-damage|p1a: Stalinski|16/100
|-unboost|p1a: Stalinski|spd|1
|move|p1a: Stalinski|Roost|p1a: Stalinski
|-heal|p1a: Stalinski|66/100
|-singleturn|p1a: Stalinski|move: Roost
|
|upkeep
|turn|57
|
|t:|1757907343
|switch|p1a: Stallmate|Gliscor, F, tera:Water|83/100 tox
|-damage|p1a: Stallmate|70/100 tox|[from] Stealth Rock
|-damage|p1a: Stallmate|54/100 tox|[from] Spikes
|move|p2a: Gholdengo|Shadow Ball|p1a: Stallmate
|-damage|p1a: Stallmate|18/100 tox
|-unboost|p1a: Stallmate|spd|1
|
|-heal|p1a: Stallmate|31/100 tox|[from] ability: Poison Heal
|upkeep
|turn|58
|
|t:|1757907351
|move|p1a: Stallmate|Protect|p1a: Stallmate
|-singleturn|p1a: Stallmate|Protect
|move|p2a: Gholdengo|Shadow Ball|p1a: Stallmate
|-activate|p1a: Stallmate|move: Protect
|
|-heal|p1a: Stallmate|43/100 tox|[from] ability: Poison Heal
|upkeep
|turn|59
|
|t:|1757907356
|switch|p1a: Stalin|Dondozo, F|100/100 slp
|-damage|p1a: Stalin|88/100 slp|[from] Stealth Rock
|-damage|p1a: Stalin|72/100 slp|[from] Spikes
|move|p2a: Gholdengo|Shadow Ball|p1a: Stalin
|-damage|p1a: Stalin|29/100 slp
|
|upkeep
|turn|60
|
|t:|1757907363
|switch|p1a: Stallking|Toxapex, F|48/100
|-damage|p1a: Stallking|35/100|[from] Stealth Rock
|-damage|p1a: Stallking|19/100|[from] Spikes
|move|p2a: Gholdengo|Shadow Ball|p1a: Stallking
|-damage|p1a: Stallking|0 fnt
|faint|p1a: Stallking
|
|upkeep
|
|t:|1757907371
|switch|p1a: Stallmate|Gliscor, F, tera:Water|43/100 tox
|-damage|p1a: Stallmate|31/100 tox|[from] Stealth Rock
|-damage|p1a: Stallmate|14/100 tox|[from] Spikes
|turn|61
|
|t:|1757907374
|move|p1a: Stallmate|Protect|p1a: Stallmate
|-singleturn|p1a: Stallmate|Protect
|move|p2a: Gholdengo|Shadow Ball|p1a: Stallmate
|-activate|p1a: Stallmate|move: Protect
|
|-heal|p1a: Stallmate|27/100 tox|[from] ability: Poison Heal
|upkeep
|turn|62
|
|t:|1757907376
|move|p2a: Gholdengo|Shadow Ball|p1a: Stallmate
|-damage|p1a: Stallmate|0 fnt
|faint|p1a: Stallmate
|
|upkeep
|
|t:|1757907378
|switch|p1a: Stalinski|Corviknight, M|66/100
|-damage|p1a: Stalinski|54/100|[from] Stealth Rock
|-ability|p1a: Stalinski|Pressure
|turn|63
|
|t:|1757907380
|move|p2a: Gholdengo|Shadow Ball|p1a: Stalinski
|-damage|p1a: Stalinski|12/100
|move|p1a: Stalinski|Roost|p1a: Stalinski
|-heal|p1a: Stalinski|62/100
|-singleturn|p1a: Stalinski|move: Roost
|
|upkeep
|turn|64
|
|t:|1757907382
|move|p2a: Gholdengo|Shadow Ball|p1a: Stalinski
|-damage|p1a: Stalinski|24/100
|move|p1a: Stalinski|Roost|p1a: Stalinski
|-heal|p1a: Stalinski|74/100
|-singleturn|p1a: Stalinski|move: Roost
|
|upkeep
|turn|65
|
|t:|1757907384
|move|p2a: Gholdengo|Shadow Ball|p1a: Stalinski
|-damage|p1a: Stalinski|36/100
|move|p1a: Stalinski|Roost|p1a: Stalinski
|-heal|p1a: Stalinski|86/100
|-singleturn|p1a: Stalinski|move: Roost
|
|upkeep
|turn|66
|
|t:|1757907386
|move|p2a: Gholdengo|Shadow Ball|p1a: Stalinski
|-damage|p1a: Stalinski|42/100
|-unboost|p1a: Stalinski|spd|1
|move|p1a: Stalinski|Roost|p1a: Stalinski
|-heal|p1a: Stalinski|92/100
|-singleturn|p1a: Stalinski|move: Roost
|
|upkeep
|turn|67
|
|t:|1757907388
|move|p2a: Gholdengo|Shadow Ball|p1a: Stalinski
|-damage|p1a: Stalinski|35/100
|move|p1a: Stalinski|Defog|p2a: Gholdengo
|-immune|p2a: Gholdengo|[from] ability: Good as Gold
|
|upkeep
|turn|68
|
|t:|1757907392
|switch|p1a: Staletto|Weezing-Galar, M|16/100
|-ability|p1a: Staletto|Neutralizing Gas
|move|p2a: Gholdengo|Shadow Ball|p1a: Staletto
|-damage|p1a: Staletto|0 fnt
|faint|p1a: Staletto
|-end|p1a: Staletto|ability: Neutralizing Gas
|
|upkeep
|
|t:|1757907394
|switch|p1a: Stalinski|Corviknight, M|35/100
|-damage|p1a: Stalinski|22/100|[from] Stealth Rock
|-ability|p1a: Stalinski|Pressure
|turn|69
|
|t:|1757907400
|move|p2a: Gholdengo|Make It Rain|p1a: Stalinski
|-resisted|p1a: Stalinski
|-damage|p1a: Stalinski|0 fnt
|-unboost|p2a: Gholdengo|spa|1
|faint|p1a: Stalinski
|
|upkeep
|-message|GarbagioFilth forfeited.
|
|win|JacezZ
|raw|GarbagioFilth's rating: 1509 &rarr; <strong>1487</strong><br />(-22 for losing)
|raw|JacezZ's rating: 1479 &rarr; <strong>1501</strong><br />(+22 for winning)
|l|☆GarbagioFilth
|player|p1|
