|j|☆akijuen
|j|☆tim and moby
|t:|1757854954
|gametype|singles
|player|p1|akijuen|102|1604
|player|p2|tim and moby|smasher|1546
|gen|9
|tier|[Gen 9] OU
|rated|
|rule|HP Percentage Mod: HP is shown in percentages
|rule|Endless Battle Clause: Forcing endless battles is banned
|rule|Species Clause: Limit one of each Pokémon
|rule|OHKO Clause: OHKO moves are banned
|rule|Evasion Items Clause: Evasion items are banned
|rule|Evasion Moves Clause: Evasion moves are banned
|rule|Evasion Abilities Clause: Evasion abilities are banned
|rule|Sleep Moves Clause: Sleep-inducing moves are banned
|clearpoke
|poke|p1|Heatran, F|
|poke|p1|Scream Tail|
|poke|p1|Corviknight, F|
|poke|p1|Zamazenta-*|
|poke|p1|Ting-Lu|
|poke|p1|Rillaboom, F|
|poke|p2|Zapdos|
|poke|p2|Azumarill, F|
|poke|p2|Hydrapple, M|
|poke|p2|Excadrill, M|
|poke|p2|Tyranitar, M|
|poke|p2|Slowking-Galar, M|
|teampreview
|inactive|Battle timer is ON: inactive players will automatically lose when time's up. (requested by akijuen)
|
|t:|1757854986
|teamsize|p1|6
|teamsize|p2|6
|start
|switch|p1a: Ting-Lu|Ting-Lu|100/100
|switch|p2a: Slowking|Slowking-Galar, M|100/100
|-ability|p1a: Ting-Lu|Vessel of Ruin
|turn|1
|
|t:|1757855000
|move|p1a: Ting-Lu|Earthquake|p2a: Slowking
|-supereffective|p2a: Slowking
|-damage|p2a: Slowking|22/100
|move|p2a: Slowking|Sludge Bomb|p1a: Ting-Lu
|-resisted|p1a: Ting-Lu
|-crit|p1a: Ting-Lu
|-damage|p1a: Ting-Lu|90/100
|
|-heal|p1a: Ting-Lu|96/100|[from] item: Leftovers
|upkeep
|turn|2
|
|t:|1757855013
|switch|p2a: Hydrapple|Hydrapple, M|100/100
|move|p1a: Ting-Lu|Stealth Rock|p2a: Hydrapple
|-sidestart|p2: tim and moby|move: Stealth Rock
|
|-heal|p1a: Ting-Lu|100/100|[from] item: Leftovers
|upkeep
|turn|3
|
|t:|1757855021
|move|p1a: Ting-Lu|Ruination|p2a: Hydrapple
|-damage|p2a: Hydrapple|51/100
|move|p2a: Hydrapple|Giga Drain|p1a: Ting-Lu
|-supereffective|p1a: Ting-Lu
|-damage|p1a: Ting-Lu|66/100
|-heal|p2a: Hydrapple|72/100|[from] drain|[of] p1a: Ting-Lu
|
|-heal|p1a: Ting-Lu|72/100|[from] item: Leftovers
|upkeep
|turn|4
|
|t:|1757855029
|switch|p1a: Scream Tail|Scream Tail|100/100
|move|p2a: Hydrapple|Nasty Plot|p2a: Hydrapple
|-boost|p2a: Hydrapple|spa|2
|
|upkeep
|turn|5
|
|t:|1757855035
|-terastallize|p2a: Hydrapple|Fairy
|move|p1a: Scream Tail|Thunder Wave|p2a: Hydrapple
|-status|p2a: Hydrapple|par
|move|p2a: Hydrapple|Giga Drain|p1a: Scream Tail
|-damage|p1a: Scream Tail|58/100
|-heal|p2a: Hydrapple|94/100 par|[from] drain|[of] p1a: Scream Tail
|
|upkeep
|turn|6
|
|t:|1757855043
|move|p1a: Scream Tail|Psychic Noise|p2a: Hydrapple
|-damage|p2a: Hydrapple|75/100 par
|-start|p2a: Hydrapple|move: Heal Block
|cant|p2a: Hydrapple|move: Heal Block|Giga Drain
|
|upkeep
|turn|7
|
|t:|1757855049
|move|p1a: Scream Tail|Wish|p1a: Scream Tail
|move|p2a: Hydrapple|Earth Power|p1a: Scream Tail
|-damage|p1a: Scream Tail|23/100
|
|-end|p2a: Hydrapple|move: Heal Block
|upkeep
|turn|8
|
|t:|1757855055
|move|p1a: Scream Tail|Protect|p1a: Scream Tail
|-singleturn|p1a: Scream Tail|Protect
|cant|p2a: Hydrapple|par
|
|-heal|p1a: Scream Tail|73/100|[from] move: Wish|[wisher] Scream Tail
|upkeep
|turn|9
|
|t:|1757855062
|move|p1a: Scream Tail|Psychic Noise|p2a: Hydrapple
|-damage|p2a: Hydrapple|57/100 par
|-start|p2a: Hydrapple|move: Heal Block
|move|p2a: Hydrapple|Earth Power|p1a: Scream Tail
|-damage|p1a: Scream Tail|39/100
|
|upkeep
|turn|10
|
|t:|1757855070
|-end|p1a: Scream Tail|Protosynthesis|[silent]
|switch|p1a: Corviknight|Corviknight, F|100/100
|-ability|p1a: Corviknight|Pressure
|move|p2a: Hydrapple|Nasty Plot|p2a: Hydrapple
|-boost|p2a: Hydrapple|spa|2
|
|-end|p2a: Hydrapple|move: Heal Block
|upkeep
|turn|11
|
|t:|1757855081
|move|p1a: Corviknight|Body Press|p2a: Hydrapple
|-resisted|p2a: Hydrapple
|-damage|p2a: Hydrapple|47/100 par
|move|p2a: Hydrapple|Fickle Beam|p1a: Corviknight
|-resisted|p1a: Corviknight
|-damage|p1a: Corviknight|34/100
|
|upkeep
|turn|12
|j| Nikator98
|
|t:|1757855087
|move|p1a: Corviknight|U-turn|p2a: Hydrapple
|-resisted|p2a: Hydrapple
|-damage|p2a: Hydrapple|41/100 par
|l| Nikator98
|
|t:|1757855091
|switch|p1a: Scream Tail|Scream Tail|39/100|[from] U-turn
|move|p2a: Hydrapple|Earth Power|p1a: Scream Tail
|-damage|p1a: Scream Tail|0 fnt
|faint|p1a: Scream Tail
|-end|p1a: Scream Tail|Protosynthesis|[silent]
|
|upkeep
|
|t:|1757855106
|switch|p1a: Rillaboom|Rillaboom, F|100/100
|-fieldstart|move: Grassy Terrain|[from] ability: Grassy Surge|[of] p1a: Rillaboom
|turn|13
|
|t:|1757855113
|switch|p2a: Slowking|Slowking-Galar, M|56/100
|move|p1a: Rillaboom|Wood Hammer|p2a: Slowking
|-resisted|p2a: Slowking
|-crit|p2a: Slowking
|-damage|p2a: Slowking|0 fnt
|faint|p2a: Slowking
|-damage|p1a: Rillaboom|79/100|[from] Recoil
|
|-heal|p1a: Rillaboom|86/100|[from] Grassy Terrain
|upkeep
|
|t:|1757855122
|switch|p2a: Zapdos|Zapdos|100/100
|turn|14
|
|t:|1757855130
|switch|p1a: Ting-Lu|Ting-Lu|72/100
|-ability|p1a: Ting-Lu|Vessel of Ruin
|switch|p2a: Hydrapple|Hydrapple, M, tera:Fairy|74/100 par
|
|-heal|p1a: Ting-Lu|79/100|[from] Grassy Terrain
|-heal|p1a: Ting-Lu|85/100|[from] item: Leftovers
|-heal|p2a: Hydrapple|80/100 par|[from] Grassy Terrain
|upkeep
|turn|15
|
|t:|1757855147
|switch|p1a: Rillaboom|Rillaboom, F|86/100
|move|p2a: Hydrapple|Giga Drain|p1a: Rillaboom
|-resisted|p1a: Rillaboom
|-damage|p1a: Rillaboom|49/100
|-heal|p2a: Hydrapple|95/100 par|[from] drain|[of] p1a: Rillaboom
|
|-heal|p1a: Rillaboom|55/100|[from] Grassy Terrain
|-heal|p2a: Hydrapple|100/100 par|[from] Grassy Terrain
|upkeep
|turn|16
|
|t:|1757855156
|-terastallize|p1a: Rillaboom|Grass
|move|p1a: Rillaboom|Wood Hammer|p2a: Hydrapple
|-damage|p2a: Hydrapple|0 fnt
|faint|p2a: Hydrapple
|-damage|p1a: Rillaboom|15/100|[from] Recoil
|
|-heal|p1a: Rillaboom|21/100|[from] Grassy Terrain
|upkeep
|
|t:|1757855169
|switch|p2a: Zapdos|Zapdos|100/100
|turn|17
|
|t:|1757855176
|switch|p1a: Heatran|Heatran, F|100/100
|switch|p2a: Tyranitar|Tyranitar, M|100/100
|-damage|p2a: Tyranitar|88/100|[from] Stealth Rock
|-weather|Sandstorm|[from] ability: Sand Stream|[of] p2a: Tyranitar
|
|-weather|Sandstorm|[upkeep]
|-heal|p2a: Tyranitar|94/100|[from] Grassy Terrain
|-heal|p2a: Tyranitar|100/100|[from] item: Leftovers
|-fieldend|move: Grassy Terrain
|upkeep
|turn|18
|
|t:|1757855187
|switch|p1a: Ting-Lu|Ting-Lu|85/100
|-ability|p1a: Ting-Lu|Vessel of Ruin
|move|p2a: Tyranitar|Knock Off|p1a: Ting-Lu
|-resisted|p1a: Ting-Lu
|-damage|p1a: Ting-Lu|73/100
|-enditem|p1a: Ting-Lu|Leftovers|[from] move: Knock Off|[of] p2a: Tyranitar
|
|-weather|Sandstorm|[upkeep]
|upkeep
|turn|19
|
|t:|1757855199
|move|p2a: Tyranitar|Stealth Rock|p1a: Ting-Lu
|-sidestart|p1: akijuen|move: Stealth Rock
|move|p1a: Ting-Lu|Earthquake|p2a: Tyranitar
|-supereffective|p2a: Tyranitar
|-damage|p2a: Tyranitar|38/100
|
|-weather|Sandstorm|[upkeep]
|-heal|p2a: Tyranitar|44/100|[from] item: Leftovers
|upkeep
|turn|20
|
|t:|1757855211
|switch|p2a: Zapdos|Zapdos|100/100
|move|p1a: Ting-Lu|Ruination|p2a: Zapdos|[miss]
|-miss|p1a: Ting-Lu|p2a: Zapdos
|
|-weather|Sandstorm|[upkeep]
|-damage|p2a: Zapdos|94/100|[from] Sandstorm
|upkeep
|turn|21
|
|t:|1757855218
|move|p2a: Zapdos|Heat Wave|p1a: Ting-Lu
|-damage|p1a: Ting-Lu|58/100
|move|p1a: Ting-Lu|Ruination|p2a: Zapdos
|-damage|p2a: Zapdos|47/100
|
|-weather|none
|upkeep
|turn|22
|j| Nikator98
|l| Nikator98
|
|t:|1757855224
|move|p2a: Zapdos|Roost|p2a: Zapdos
|-heal|p2a: Zapdos|98/100
|-singleturn|p2a: Zapdos|move: Roost
|move|p1a: Ting-Lu|Ruination|p2a: Zapdos
|-damage|p2a: Zapdos|49/100
|
|upkeep
|turn|23
|
|t:|1757855230
|move|p2a: Zapdos|Heat Wave|p1a: Ting-Lu
|-damage|p1a: Ting-Lu|42/100
|move|p1a: Ting-Lu|Earthquake|p2a: Zapdos
|-immune|p2a: Zapdos
|
|upkeep
|turn|24
|
|t:|1757855235
|move|p2a: Zapdos|Heat Wave|p1a: Ting-Lu
|-damage|p1a: Ting-Lu|28/100
|-status|p1a: Ting-Lu|brn
|move|p1a: Ting-Lu|Earthquake|p2a: Zapdos
|-immune|p2a: Zapdos
|
|-damage|p1a: Ting-Lu|21/100 brn|[from] brn
|upkeep
|turn|25
|
|t:|1757855243
|move|p2a: Zapdos|Roost|p2a: Zapdos
|-heal|p2a: Zapdos|99/100
|-singleturn|p2a: Zapdos|move: Roost
|move|p1a: Ting-Lu|Whirlwind|p2a: Zapdos
|drag|p2a: Azumarill|Azumarill, F|100/100
|-damage|p2a: Azumarill|88/100|[from] Stealth Rock
|
|-damage|p1a: Ting-Lu|15/100 brn|[from] brn
|upkeep
|turn|26
|
|t:|1757855255
|move|p2a: Azumarill|Aqua Jet|p1a: Ting-Lu
|-supereffective|p1a: Ting-Lu
|-damage|p1a: Ting-Lu|0 fnt
|faint|p1a: Ting-Lu
|
|upkeep
|
|t:|1757855265
|switch|p1a: Zamazenta|Zamazenta|100/100
|-damage|p1a: Zamazenta|94/100|[from] Stealth Rock
|-ability|p1a: Zamazenta|Dauntless Shield|boost
|-boost|p1a: Zamazenta|def|1
|turn|27
|
|t:|1757855271
|move|p1a: Zamazenta|Iron Defense|p1a: Zamazenta
|-boost|p1a: Zamazenta|def|2
|move|p2a: Azumarill|Play Rough|p1a: Zamazenta
|-supereffective|p1a: Zamazenta
|-damage|p1a: Zamazenta|60/100
|-unboost|p1a: Zamazenta|atk|1
|
|-heal|p1a: Zamazenta|66/100|[from] item: Leftovers
|upkeep
|turn|28
|
|t:|1757855280
|switch|p2a: Zapdos|Zapdos|99/100
|move|p1a: Zamazenta|Body Press|p2a: Zapdos
|-resisted|p2a: Zapdos
|-damage|p2a: Zapdos|60/100
|
|-heal|p1a: Zamazenta|72/100|[from] item: Leftovers
|upkeep
|turn|29
|
|t:|1757855288
|switch|p1a: Heatran|Heatran, F|100/100
|-damage|p1a: Heatran|88/100|[from] Stealth Rock
|move|p2a: Zapdos|Roost|p2a: Zapdos
|-heal|p2a: Zapdos|100/100
|-singleturn|p2a: Zapdos|move: Roost
|
|-heal|p1a: Heatran|94/100|[from] item: Leftovers
|upkeep
|turn|30
|
|t:|1757855300
|switch|p2a: Tyranitar|Tyranitar, M|44/100
|-damage|p2a: Tyranitar|32/100|[from] Stealth Rock
|-weather|Sandstorm|[from] ability: Sand Stream|[of] p2a: Tyranitar
|move|p1a: Heatran|Will-O-Wisp|p2a: Tyranitar
|-status|p2a: Tyranitar|brn
|
|-weather|Sandstorm|[upkeep]
|-heal|p1a: Heatran|100/100|[from] item: Leftovers
|-heal|p2a: Tyranitar|38/100 brn|[from] item: Leftovers
|-damage|p2a: Tyranitar|32/100 brn|[from] brn
|upkeep
|turn|31
|
|t:|1757855311
|switch|p1a: Corviknight|Corviknight, F|34/100
|-damage|p1a: Corviknight|22/100|[from] Stealth Rock
|-ability|p1a: Corviknight|Pressure
|move|p2a: Tyranitar|Knock Off|p1a: Corviknight
|-damage|p1a: Corviknight|10/100
|-damage|p2a: Tyranitar|15/100 brn|[from] item: Rocky Helmet|[of] p1a: Corviknight
|-enditem|p1a: Corviknight|Rocky Helmet|[from] move: Knock Off|[of] p2a: Tyranitar
|
|-weather|Sandstorm|[upkeep]
|-heal|p2a: Tyranitar|22/100 brn|[from] item: Leftovers
|-damage|p2a: Tyranitar|15/100 brn|[from] brn
|upkeep
|turn|32
|
|t:|1757855324
|switch|p2a: Zapdos|Zapdos|100/100
|move|p1a: Corviknight|Roost|p1a: Corviknight
|-heal|p1a: Corviknight|60/100
|-singleturn|p1a: Corviknight|move: Roost
|
|-weather|Sandstorm|[upkeep]
|-damage|p2a: Zapdos|94/100|[from] Sandstorm
|upkeep
|turn|33
|
|t:|1757855333
|switch|p1a: Heatran|Heatran, F|100/100
|-damage|p1a: Heatran|88/100|[from] Stealth Rock
|move|p2a: Zapdos|Thunderbolt|p1a: Heatran
|-damage|p1a: Heatran|40/100
|
|-weather|Sandstorm|[upkeep]
|-damage|p2a: Zapdos|88/100|[from] Sandstorm
|-heal|p1a: Heatran|46/100|[from] item: Leftovers
|upkeep
|turn|34
|
|t:|1757855342
|move|p1a: Heatran|Lava Plume|p2a: Zapdos
|-damage|p2a: Zapdos|46/100
|move|p2a: Zapdos|Thunderbolt|p1a: Heatran
|-damage|p1a: Heatran|0 fnt
|faint|p1a: Heatran
|
|-weather|none
|upkeep
|
|t:|1757855347
|switch|p1a: Rillaboom|Rillaboom, F, tera:Grass|21/100
|-damage|p1a: Rillaboom|8/100|[from] Stealth Rock
|-fieldstart|move: Grassy Terrain|[from] ability: Grassy Surge|[of] p1a: Rillaboom
|turn|35
|
|t:|1757855353
|switch|p2a: Tyranitar|Tyranitar, M|15/100 brn
|-damage|p2a: Tyranitar|3/100 brn|[from] Stealth Rock
|-weather|Sandstorm|[from] ability: Sand Stream|[of] p2a: Tyranitar
|move|p1a: Rillaboom|Knock Off|p2a: Tyranitar
|-resisted|p2a: Tyranitar
|-damage|p2a: Tyranitar|0 fnt
|-enditem|p2a: Tyranitar|Leftovers|[from] move: Knock Off|[of] p1a: Rillaboom
|faint|p2a: Tyranitar
|
|-weather|Sandstorm|[upkeep]
|-damage|p1a: Rillaboom|2/100|[from] Sandstorm
|-heal|p1a: Rillaboom|8/100|[from] Grassy Terrain
|upkeep
|
|t:|1757855365
|switch|p2a: Excadrill|Excadrill, M|100/100
|-damage|p2a: Excadrill|97/100|[from] Stealth Rock
|-item|p2a: Excadrill|Air Balloon
|turn|36
|
|t:|1757855370
|switch|p1a: Corviknight|Corviknight, F|60/100
|-damage|p1a: Corviknight|47/100|[from] Stealth Rock
|-ability|p1a: Corviknight|Pressure
|move|p2a: Excadrill|Rapid Spin|p1a: Corviknight
|-resisted|p1a: Corviknight
|-damage|p1a: Corviknight|42/100
|-boost|p2a: Excadrill|spe|1
|-sideend|p2: tim and moby|Stealth Rock|[from] move: Rapid Spin|[of] p2a: Excadrill
|
|-weather|Sandstorm|[upkeep]
|upkeep
|turn|37
|
|t:|1757855382
|switch|p2a: Zapdos|Zapdos|46/100
|move|p1a: Corviknight|Defog|p2a: Zapdos
|-unboost|p2a: Zapdos|evasion|1
|-sideend|p1: akijuen|Stealth Rock|[from] move: Defog|[of] p1a: Corviknight
|-fieldend|move: Grassy Terrain
|
|-weather|Sandstorm|[upkeep]
|-damage|p2a: Zapdos|40/100|[from] Sandstorm
|upkeep
|turn|38
|-message|akijuen forfeited.
|
|win|tim and moby
|raw|akijuen's rating: 1604 &rarr; <strong>1581</strong><br />(-23 for losing)
|raw|tim and moby's rating: 1546 &rarr; <strong>1569</strong><br />(+23 for winning)
|l|☆akijuen
|player|p1|
|l|☆tim and moby
|player|p2|
