|j|☆ace1234560
|j|☆Discarmony
|t:|1757913555
|gametype|singles
|player|p1|ace1234560|102|1337
|player|p2|Discarmony|palmer|1299
|gen|9
|tier|[Gen 9] OU
|rated|
|rule|HP Percentage Mod: HP is shown in percentages
|rule|Endless Battle Clause: Forcing endless battles is banned
|rule|Species Clause: Limit one of each Pokémon
|rule|OHKO Clause: OHKO moves are banned
|rule|Evasion Items Clause: Evasion items are banned
|rule|Evasion Moves Clause: Evasion moves are banned
|rule|Evasion Abilities Clause: Evasion abilities are banned
|rule|Sleep Moves Clause: Sleep-inducing moves are banned
|clearpoke
|poke|p1|Great Tusk|
|poke|p1|Kingambit, M|
|poke|p1|Dragapult, M|
|poke|p1|Tornadus-Therian, M|
|poke|p1|Heatran, M|
|poke|p1|Chansey, F|
|poke|p2|Zamazenta-*|
|poke|p2|Ninetales-Alola, M|
|poke|p2|Darkrai|
|poke|p2|Ceruledge, M|
|poke|p2|Gliscor, M|
|poke|p2|Hatterene, F|
|teampreview
|inactive|Battle timer is ON: inactive players will automatically lose when time's up. (requested by ace1234560)
|
|t:|1757913582
|teamsize|p1|6
|teamsize|p2|6
|start
|switch|p1a: Tornadus|Tornadus-Therian, M|100/100
|switch|p2a: Ninetales|Ninetales-Alola, M|100/100
|-weather|Snowscape|[from] ability: Snow Warning|[of] p2a: Ninetales
|turn|1
|
|t:|1757913589
|move|p1a: Tornadus|Taunt|p2a: Ninetales
|-start|p2a: Ninetales|move: Taunt
|cant|p2a: Ninetales|move: Taunt|Aurora Veil
|
|-weather|Snowscape|[upkeep]
|upkeep
|turn|2
|
|t:|1757913596
|move|p1a: Tornadus|U-turn|p2a: Ninetales
|-resisted|p2a: Ninetales
|-damage|p2a: Ninetales|95/100
|
|t:|1757913600
|switch|p1a: Chansey|Chansey, F|100/100|[from] U-turn
|move|p2a: Ninetales|Freeze-Dry|p1a: Chansey
|-damage|p1a: Chansey|94/100
|
|-weather|Snowscape|[upkeep]
|upkeep
|turn|3
|
|t:|1757913613
|switch|p2a: Zamazenta|Zamazenta|100/100
|-ability|p2a: Zamazenta|Dauntless Shield|boost
|-boost|p2a: Zamazenta|def|1
|move|p1a: Chansey|Thunder Wave|p2a: Zamazenta
|-status|p2a: Zamazenta|par
|
|-weather|Snowscape|[upkeep]
|upkeep
|turn|4
|
|t:|1757913620
|switch|p1a: Dragapult|Dragapult, M|100/100
|move|p2a: Zamazenta|Crunch|p1a: Dragapult
|-supereffective|p1a: Dragapult
|-damage|p1a: Dragapult|40/100
|-unboost|p1a: Dragapult|def|1
|
|-weather|Snowscape|[upkeep]
|upkeep
|turn|5
|
|t:|1757913628
|move|p1a: Dragapult|Draco Meteor|p2a: Zamazenta
|-damage|p2a: Zamazenta|17/100 par
|-unboost|p1a: Dragapult|spa|2
|move|p2a: Zamazenta|Crunch|p1a: Dragapult
|-supereffective|p1a: Dragapult
|-damage|p1a: Dragapult|0 fnt
|faint|p1a: Dragapult
|
|-weather|none
|upkeep
|
|t:|1757913637
|switch|p1a: Tornadus|Tornadus-Therian, M|100/100
|turn|6
|inactive|Discarmony has 120 seconds left.
|
|t:|1757913676
|switch|p2a: Hatterene|Hatterene, F|100/100
|move|p1a: Tornadus|Hurricane|p2a: Hatterene|[miss]
|-miss|p1a: Tornadus|p2a: Hatterene
|
|upkeep
|turn|7
|inactive|Discarmony has 120 seconds left.
|
|t:|1757913687
|switch|p2a: Ninetales|Ninetales-Alola, M|95/100
|-weather|Snowscape|[from] ability: Snow Warning|[of] p2a: Ninetales
|move|p1a: Tornadus|Knock Off|p2a: Ninetales
|-resisted|p2a: Ninetales
|-damage|p2a: Ninetales|86/100
|-enditem|p2a: Ninetales|Light Clay|[from] move: Knock Off|[of] p1a: Tornadus
|
|-weather|Snowscape|[upkeep]
|upkeep
|turn|8
|
|t:|1757913695
|move|p1a: Tornadus|Hurricane|p2a: Ninetales
|-damage|p2a: Ninetales|45/100
|-start|p2a: Ninetales|confusion
|-activate|p2a: Ninetales|confusion
|-damage|p2a: Ninetales|39/100|[from] confusion
|
|-weather|Snowscape|[upkeep]
|upkeep
|turn|9
|inactive|Discarmony has 120 seconds left.
|
|t:|1757913711
|move|p1a: Tornadus|Hurricane|p2a: Ninetales|[miss]
|-miss|p1a: Tornadus|p2a: Ninetales
|-activate|p2a: Ninetales|confusion
|-damage|p2a: Ninetales|33/100|[from] confusion
|
|-weather|Snowscape|[upkeep]
|upkeep
|turn|10
|c|☆Discarmony|stupid dog
|inactive|Discarmony has 120 seconds left.
|
|t:|1757913723
|switch|p2a: Hatterene|Hatterene, F|100/100
|move|p1a: Tornadus|Hurricane|p2a: Hatterene
|-damage|p2a: Hatterene|58/100
|
|-weather|Snowscape|[upkeep]
|-heal|p2a: Hatterene|64/100|[from] item: Leftovers
|upkeep
|turn|11
|inactive|Discarmony has 120 seconds left.
|
|t:|1757913735
|move|p1a: Tornadus|Knock Off|p2a: Hatterene
|-damage|p2a: Hatterene|46/100
|-enditem|p2a: Hatterene|Leftovers|[from] move: Knock Off|[of] p1a: Tornadus
|move|p2a: Hatterene|Calm Mind|p2a: Hatterene
|-boost|p2a: Hatterene|spa|1
|-boost|p2a: Hatterene|spd|1
|
|-weather|none
|upkeep
|turn|12
|
|t:|1757913741
|move|p1a: Tornadus|U-turn|p2a: Hatterene
|-damage|p2a: Hatterene|35/100
|
|t:|1757913743
|switch|p1a: Chansey|Chansey, F|94/100|[from] U-turn
|move|p2a: Hatterene|Draining Kiss|p1a: Chansey
|-damage|p1a: Chansey|83/100
|-heal|p2a: Hatterene|52/100|[from] drain|[of] p1a: Chansey
|
|upkeep
|turn|13
|
|t:|1757913752
|move|p1a: Chansey|Seismic Toss|p2a: Hatterene
|-damage|p2a: Hatterene|20/100
|move|p2a: Hatterene|Psyshock|p1a: Chansey
|-damage|p1a: Chansey|50/100
|
|upkeep
|turn|14
|
|t:|1757913758
|move|p1a: Chansey|Seismic Toss|p2a: Hatterene
|-damage|p2a: Hatterene|0 fnt
|faint|p2a: Hatterene
|
|upkeep
|
|t:|1757913763
|switch|p2a: Zamazenta|Zamazenta|17/100 par
|turn|15
|
|t:|1757913767
|switch|p1a: Tornadus|Tornadus-Therian, M|100/100
|cant|p2a: Zamazenta|par
|
|upkeep
|turn|16
|inactive|Discarmony has 120 seconds left.
|
|t:|1757913806
|switch|p2a: Ninetales|Ninetales-Alola, M|33/100
|-weather|Snowscape|[from] ability: Snow Warning|[of] p2a: Ninetales
|move|p1a: Tornadus|Knock Off|p2a: Ninetales
|-resisted|p2a: Ninetales
|-damage|p2a: Ninetales|27/100
|
|-weather|Snowscape|[upkeep]
|upkeep
|turn|17
|inactive|Discarmony has 120 seconds left.
|
|t:|1757913816
|move|p1a: Tornadus|Taunt|p2a: Ninetales
|-start|p2a: Ninetales|move: Taunt
|cant|p2a: Ninetales|move: Taunt|Aurora Veil
|
|-weather|Snowscape|[upkeep]
|upkeep
|turn|18
|
|t:|1757913823
|move|p1a: Tornadus|U-turn|p2a: Ninetales
|-resisted|p2a: Ninetales
|-damage|p2a: Ninetales|22/100
|
|t:|1757913826
|switch|p1a: Chansey|Chansey, F|50/100|[from] U-turn
|move|p2a: Ninetales|Freeze-Dry|p1a: Chansey
|-damage|p1a: Chansey|45/100
|
|-weather|Snowscape|[upkeep]
|upkeep
|turn|19
|
|t:|1757913838
|move|p2a: Ninetales|Freeze-Dry|p1a: Chansey
|-damage|p1a: Chansey|38/100
|move|p1a: Chansey|Soft-Boiled|p1a: Chansey
|-heal|p1a: Chansey|88/100
|
|-weather|Snowscape|[upkeep]
|-end|p2a: Ninetales|move: Taunt
|upkeep
|turn|20
|
|t:|1757913842
|move|p2a: Ninetales|Aurora Veil|p2a: Ninetales
|-sidestart|p2: Discarmony|move: Aurora Veil
|move|p1a: Chansey|Seismic Toss|p2a: Ninetales
|-damage|p2a: Ninetales|0 fnt
|faint|p2a: Ninetales
|
|-weather|none
|upkeep
|
|t:|1757913845
|switch|p2a: Zamazenta|Zamazenta|17/100 par
|turn|21
|
|t:|1757913848
|cant|p2a: Zamazenta|par
|move|p1a: Chansey|Seismic Toss|p2a: Zamazenta
|-damage|p2a: Zamazenta|0 fnt
|faint|p2a: Zamazenta
|
|upkeep
|c|☆Discarmony|stupid fucking dog
|
|t:|1757913866
|switch|p2a: Gliscor|Gliscor, M|100/100
|turn|22
|
|t:|1757913871
|move|p2a: Gliscor|Swords Dance|p2a: Gliscor
|-boost|p2a: Gliscor|atk|2
|move|p1a: Chansey|Seismic Toss|p2a: Gliscor
|-damage|p2a: Gliscor|72/100
|
|-status|p2a: Gliscor|tox|[from] item: Toxic Orb
|upkeep
|turn|23
|
|t:|1757913878
|switch|p1a: Tornadus|Tornadus-Therian, M|100/100
|move|p2a: Gliscor|Agility|p2a: Gliscor
|-boost|p2a: Gliscor|spe|2
|
|-heal|p2a: Gliscor|85/100 tox|[from] ability: Poison Heal
|upkeep
|turn|24
|
|t:|1757913886
|-terastallize|p2a: Gliscor|Normal
|move|p2a: Gliscor|Facade|p1a: Tornadus
|-damage|p1a: Tornadus|9/100
|move|p1a: Tornadus|Taunt|p2a: Gliscor
|-start|p2a: Gliscor|move: Taunt
|
|-heal|p2a: Gliscor|97/100 tox|[from] ability: Poison Heal
|-sideend|p2: Discarmony|move: Aurora Veil
|upkeep
|turn|25
|
|t:|1757913898
|switch|p1a: Heatran|Heatran, M|100/100
|move|p2a: Gliscor|Facade|p1a: Heatran
|-resisted|p1a: Heatran
|-damage|p1a: Heatran|59/100
|
|-heal|p1a: Heatran|65/100|[from] item: Leftovers
|-heal|p2a: Gliscor|100/100 tox|[from] ability: Poison Heal
|upkeep
|turn|26
|
|t:|1757913911
|move|p2a: Gliscor|Earthquake|p1a: Heatran
|-supereffective|p1a: Heatran
|-damage|p1a: Heatran|0 fnt
|faint|p1a: Heatran
|
|upkeep
|
|t:|1757913914
|switch|p1a: Great Tusk|Great Tusk|100/100
|turn|27
|
|t:|1757913920
|move|p2a: Gliscor|Facade|p1a: Great Tusk
|-damage|p1a: Great Tusk|57/100
|move|p1a: Great Tusk|Stealth Rock|p2a: Gliscor
|-sidestart|p2: Discarmony|move: Stealth Rock
|
|-end|p2a: Gliscor|move: Taunt
|upkeep
|turn|28
|
|t:|1757913925
|move|p2a: Gliscor|Swords Dance|p2a: Gliscor
|-boost|p2a: Gliscor|atk|2
|move|p1a: Great Tusk|Knock Off|p2a: Gliscor
|-damage|p2a: Gliscor|78/100 tox
|-enditem|p2a: Gliscor|Toxic Orb|[from] move: Knock Off|[of] p1a: Great Tusk
|
|-heal|p2a: Gliscor|90/100 tox|[from] ability: Poison Heal
|upkeep
|turn|29
|
|t:|1757913931
|move|p2a: Gliscor|Facade|p1a: Great Tusk
|-damage|p1a: Great Tusk|0 fnt
|faint|p1a: Great Tusk
|-end|p1a: Great Tusk|Protosynthesis|[silent]
|
|-heal|p2a: Gliscor|100/100 tox|[from] ability: Poison Heal
|upkeep
|
|t:|1757913935
|switch|p1a: Tornadus|Tornadus-Therian, M|42/100
|turn|30
|
|t:|1757913940
|move|p2a: Gliscor|Facade|p1a: Tornadus
|-damage|p1a: Tornadus|0 fnt
|faint|p1a: Tornadus
|
|upkeep
|
|t:|1757913944
|switch|p1a: Chansey|Chansey, F|88/100
|turn|31
|
|t:|1757913953
|move|p2a: Gliscor|Facade|p1a: Chansey
|-damage|p1a: Chansey|0 fnt
|faint|p1a: Chansey
|
|upkeep
|
|t:|1757913956
|switch|p1a: Kingambit|Kingambit, M|100/100
|-activate|p1a: Kingambit|ability: Supreme Overlord
|-start|p1a: Kingambit|fallen5|[silent]
|turn|32
|
|t:|1757913963
|-terastallize|p1a: Kingambit|Dark
|move|p1a: Kingambit|Sucker Punch|p2a: Gliscor
|-damage|p2a: Gliscor|20/100 tox
|move|p2a: Gliscor|Facade|p1a: Kingambit
|-damage|p1a: Kingambit|0 fnt
|faint|p1a: Kingambit
|-end|p1a: Kingambit|fallen5|[silent]
|
|win|Discarmony
|raw|ace1234560's rating: 1337 &rarr; <strong>1315</strong><br />(-22 for losing)
|raw|Discarmony's rating: 1299 &rarr; <strong>1327</strong><br />(+28 for winning)
|l|☆ace1234560
|player|p1|
|l|☆Discarmony
|player|p2|
