|j|☆DrMira
|j|☆godlycarrot
|t:|1757911598
|gametype|singles
|player|p1|DrMira|1|1181
|player|p2|godlycarrot|unknown|1173
|gen|9
|tier|[Gen 9] OU
|rated|
|rule|HP Percentage Mod: HP is shown in percentages
|rule|Endless Battle Clause: Forcing endless battles is banned
|rule|Species Clause: Limit one of each Pokémon
|rule|OHKO Clause: OHKO moves are banned
|rule|Evasion Items Clause: Evasion items are banned
|rule|Evasion Moves Clause: Evasion moves are banned
|rule|Evasion Abilities Clause: Evasion abilities are banned
|rule|Sleep Moves Clause: Sleep-inducing moves are banned
|clearpoke
|poke|p1|Greninja-*, M|
|poke|p1|Azelf|
|poke|p1|Great Tusk|
|poke|p1|Armarouge, M|
|poke|p1|Meowscarada, M|
|poke|p1|Dragonite, F|
|poke|p2|Ninetales, F|
|poke|p2|Hatterene, F|
|poke|p2|Walking Wake|
|poke|p2|Raging Bolt|
|poke|p2|Great Tusk|
|poke|p2|Venusaur, F|
|teampreview
|
|t:|1757911633
|teamsize|p1|6
|teamsize|p2|6
|start
|switch|p1a: Dragonite|Dragonite, F|100/100
|switch|p2a: Ninetales|Ninetales, F|100/100
|-weather|SunnyDay|[from] ability: Drought|[of] p2a: Ninetales
|turn|1
|
|t:|1757911638
|move|p2a: Ninetales|Will-O-Wisp|p1a: Dragonite
|-status|p1a: Dragonite|brn
|move|p1a: Dragonite|Dragon Dance|p1a: Dragonite
|-boost|p1a: Dragonite|atk|1
|-boost|p1a: Dragonite|spe|1
|
|-weather|SunnyDay|[upkeep]
|-damage|p1a: Dragonite|94/100 brn|[from] brn
|upkeep
|turn|2
|
|t:|1757911649
|switch|p2a: Hatterene|Hatterene, F|100/100
|move|p1a: Dragonite|Dragon Dance|p1a: Dragonite
|-boost|p1a: Dragonite|atk|1
|-boost|p1a: Dragonite|spe|1
|
|-weather|SunnyDay|[upkeep]
|-heal|p1a: Dragonite|100/100 brn|[from] item: Leftovers
|-damage|p1a: Dragonite|94/100 brn|[from] brn
|upkeep
|turn|3
|
|t:|1757911659
|-terastallize|p1a: Dragonite|Fairy
|move|p1a: Dragonite|Dragon Dance|p1a: Dragonite
|-boost|p1a: Dragonite|atk|1
|-boost|p1a: Dragonite|spe|1
|move|p2a: Hatterene|Psychic Noise|p1a: Dragonite
|-damage|p1a: Dragonite|57/100 brn
|-start|p1a: Dragonite|move: Heal Block
|
|-weather|SunnyDay|[upkeep]
|-damage|p1a: Dragonite|51/100 brn|[from] brn
|upkeep
|turn|4
|
|t:|1757911664
|move|p1a: Dragonite|Dragon Dance|p1a: Dragonite
|-boost|p1a: Dragonite|atk|1
|-boost|p1a: Dragonite|spe|1
|move|p2a: Hatterene|Psychic Noise|p1a: Dragonite
|-damage|p1a: Dragonite|13/100 brn
|
|-weather|SunnyDay|[upkeep]
|-damage|p1a: Dragonite|7/100 brn|[from] brn
|-end|p1a: Dragonite|move: Heal Block
|upkeep
|turn|5
|
|t:|1757911669
|switch|p2a: Great Tusk|Great Tusk|100/100
|-activate|p2a: Great Tusk|ability: Protosynthesis
|-start|p2a: Great Tusk|protosynthesisspe
|move|p1a: Dragonite|Iron Head|p2a: Great Tusk
|-damage|p2a: Great Tusk|69/100
|-damage|p1a: Dragonite|0 fnt|[from] item: Rocky Helmet|[of] p2a: Great Tusk
|faint|p1a: Dragonite
|
|-weather|SunnyDay|[upkeep]
|upkeep
|
|t:|1757911674
|switch|p1a: Meowscarada|Meowscarada, M|100/100
|turn|6
|
|t:|1757911679
|move|p2a: Great Tusk|Ice Spinner|p1a: Meowscarada
|-supereffective|p1a: Meowscarada
|-damage|p1a: Meowscarada|21/100
|move|p1a: Meowscarada|Triple Axel|p2a: Great Tusk
|-start|p1a: Meowscarada|typechange|Ice|[from] ability: Protean
|-supereffective|p2a: Great Tusk
|-damage|p2a: Great Tusk|55/100
|-damage|p1a: Meowscarada|5/100|[from] item: Rocky Helmet|[of] p2a: Great Tusk
|-supereffective|p2a: Great Tusk
|-damage|p2a: Great Tusk|28/100
|-damage|p1a: Meowscarada|0 fnt|[from] item: Rocky Helmet|[of] p2a: Great Tusk
|faint|p1a: Meowscarada
|-hitcount|p2a: Great Tusk|2
|
|-weather|SunnyDay|[upkeep]
|upkeep
|
|t:|1757911690
|switch|p1a: Greninja|Greninja, M|100/100
|turn|7
|
|t:|1757911696
|-end|p2a: Great Tusk|Protosynthesis|[silent]
|switch|p2a: Raging Bolt|Raging Bolt|100/100
|-activate|p2a: Raging Bolt|ability: Protosynthesis
|-start|p2a: Raging Bolt|protosynthesisspa
|move|p1a: Greninja|Surf|p2a: Raging Bolt
|-start|p1a: Greninja|typechange|Water|[from] ability: Protean
|-resisted|p2a: Raging Bolt
|-damage|p2a: Raging Bolt|92/100
|
|-weather|SunnyDay|[upkeep]
|upkeep
|turn|8
|
|t:|1757911706
|switch|p1a: Great Tusk|Great Tusk|100/100
|-activate|p1a: Great Tusk|ability: Protosynthesis
|-start|p1a: Great Tusk|protosynthesisdef
|move|p2a: Raging Bolt|Draco Meteor|p1a: Great Tusk
|-damage|p1a: Great Tusk|0 fnt
|-unboost|p2a: Raging Bolt|spa|2
|faint|p1a: Great Tusk
|-end|p1a: Great Tusk|Protosynthesis|[silent]
|
|-weather|none
|-end|p2a: Raging Bolt|Protosynthesis
|upkeep
|
|t:|1757911717
|switch|p1a: Azelf|Azelf|100/100
|turn|9
|
|t:|1757911725
|-end|p2a: Raging Bolt|Protosynthesis|[silent]
|switch|p2a: Ninetales|Ninetales, F|100/100
|-weather|SunnyDay|[from] ability: Drought|[of] p2a: Ninetales
|move|p1a: Azelf|Calm Mind|p1a: Azelf
|-boost|p1a: Azelf|spa|1
|-boost|p1a: Azelf|spd|1
|
|-weather|SunnyDay|[upkeep]
|upkeep
|turn|10
|
|t:|1757911730
|move|p1a: Azelf|Mystical Power|p2a: Ninetales
|-damage|p2a: Ninetales|52/100
|-boost|p1a: Azelf|spa|1
|move|p2a: Ninetales|Encore|p1a: Azelf
|-start|p1a: Azelf|Encore
|
|-weather|SunnyDay|[upkeep]
|upkeep
|turn|11
|
|t:|1757911743
|switch|p2a: Walking Wake|Walking Wake|100/100
|-activate|p2a: Walking Wake|ability: Protosynthesis
|-start|p2a: Walking Wake|protosynthesisspa
|move|p1a: Azelf|Mystical Power|p2a: Walking Wake
|-damage|p2a: Walking Wake|19/100
|-boost|p1a: Azelf|spa|1
|
|-weather|SunnyDay|[upkeep]
|upkeep
|turn|12
|
|t:|1757911747
|move|p1a: Azelf|Mystical Power|p2a: Walking Wake
|-damage|p2a: Walking Wake|0 fnt
|-boost|p1a: Azelf|spa|1
|faint|p2a: Walking Wake
|-end|p2a: Walking Wake|Protosynthesis|[silent]
|
|-weather|SunnyDay|[upkeep]
|upkeep
|
|t:|1757911751
|switch|p2a: Hatterene|Hatterene, F|100/100
|turn|13
|
|t:|1757911754
|move|p1a: Azelf|Mystical Power|p2a: Hatterene
|-resisted|p2a: Hatterene
|-damage|p2a: Hatterene|48/100
|-boost|p1a: Azelf|spa|1
|-enditem|p2a: Hatterene|Eject Button
|
|t:|1757911760
|switch|p2a: Venusaur|Venusaur, F|100/100
|
|-weather|SunnyDay|[upkeep]
|-end|p1a: Azelf|Encore
|upkeep
|turn|14
|
|t:|1757911763
|move|p2a: Venusaur|Giga Drain|p1a: Azelf
|-damage|p1a: Azelf|52/100
|-damage|p2a: Venusaur|91/100|[from] item: Life Orb
|move|p1a: Azelf|Mystical Power|p2a: Venusaur|[miss]
|-miss|p1a: Azelf|p2a: Venusaur
|
|-weather|SunnyDay|[upkeep]
|upkeep
|turn|15
|
|t:|1757911769
|move|p2a: Venusaur|Giga Drain|p1a: Azelf
|-damage|p1a: Azelf|8/100
|-heal|p2a: Venusaur|100/100|[from] drain|[of] p1a: Azelf
|-damage|p2a: Venusaur|91/100|[from] item: Life Orb
|move|p1a: Azelf|Mystical Power|p2a: Venusaur
|-supereffective|p2a: Venusaur
|-damage|p2a: Venusaur|0 fnt
|-boost|p1a: Azelf|spa|1
|faint|p2a: Venusaur
|-heal|p1a: Azelf|19/100|[from] item: Shell Bell|[of] p2: Venusaur
|
|-weather|SunnyDay|[upkeep]
|upkeep
|
|t:|1757911773
|switch|p2a: Raging Bolt|Raging Bolt|92/100
|-activate|p2a: Raging Bolt|ability: Protosynthesis
|-start|p2a: Raging Bolt|protosynthesisspa
|turn|16
|
|t:|1757911777
|move|p2a: Raging Bolt|Thunderclap|p1a: Azelf
|-crit|p1a: Azelf
|-damage|p1a: Azelf|0 fnt
|faint|p1a: Azelf
|
|-weather|none
|-end|p2a: Raging Bolt|Protosynthesis
|upkeep
|
|t:|1757911787
|switch|p1a: Armarouge|Armarouge, M|100/100
|turn|17
|
|t:|1757911791
|-end|p2a: Raging Bolt|Protosynthesis|[silent]
|switch|p2a: Ninetales|Ninetales, F|52/100
|-weather|SunnyDay|[from] ability: Drought|[of] p2a: Ninetales
|move|p1a: Armarouge|Scorching Sands|p2a: Ninetales
|-supereffective|p2a: Ninetales
|-damage|p2a: Ninetales|2/100
|
|-weather|SunnyDay|[upkeep]
|upkeep
|turn|18
|
|t:|1757911796
|move|p2a: Ninetales|Healing Wish|p2a: Ninetales
|faint|p2a: Ninetales
|move|p1a: Armarouge|Scorching Sands|p2: Ninetales|[notarget]
|-fail|p1a: Armarouge
|
|-weather|SunnyDay|[upkeep]
|upkeep
|
|t:|1757911798
|switch|p2a: Great Tusk|Great Tusk|28/100
|-heal|p2a: Great Tusk|100/100|[from] move: Healing Wish
|-activate|p2a: Great Tusk|ability: Protosynthesis
|-start|p2a: Great Tusk|protosynthesisspe
|turn|19
|
|t:|1757911801
|move|p2a: Great Tusk|Headlong Rush|p1a: Armarouge
|-supereffective|p1a: Armarouge
|-damage|p1a: Armarouge|0 fnt
|-unboost|p2a: Great Tusk|def|1
|-unboost|p2a: Great Tusk|spd|1
|faint|p1a: Armarouge
|
|-weather|SunnyDay|[upkeep]
|upkeep
|
|t:|1757911804
|switch|p1a: Greninja|Greninja, M|100/100
|turn|20
|
|t:|1757911821
|move|p2a: Great Tusk|Headlong Rush|p1a: Greninja
|-damage|p1a: Greninja|20/100
|-unboost|p2a: Great Tusk|def|1
|-unboost|p2a: Great Tusk|spd|1
|move|p1a: Greninja|Ice Beam|p2a: Great Tusk
|-start|p1a: Greninja|typechange|Ice|[from] ability: Protean
|-supereffective|p2a: Great Tusk
|-damage|p2a: Great Tusk|0 fnt
|faint|p2a: Great Tusk
|-end|p2a: Great Tusk|Protosynthesis|[silent]
|
|-weather|SunnyDay|[upkeep]
|upkeep
|
|t:|1757911829
|switch|p2a: Raging Bolt|Raging Bolt|92/100
|-activate|p2a: Raging Bolt|ability: Protosynthesis
|-start|p2a: Raging Bolt|protosynthesisspa
|turn|21
|
|t:|1757911832
|move|p2a: Raging Bolt|Thunderclap|p1a: Greninja
|-damage|p1a: Greninja|0 fnt
|faint|p1a: Greninja
|
|win|godlycarrot
|raw|DrMira's rating: 1181 &rarr; <strong>1155</strong><br />(-26 for losing)
|raw|godlycarrot's rating: 1173 &rarr; <strong>1199</strong><br />(+26 for winning)
|l|☆DrMira
|player|p1|
|l|☆godlycarrot
|player|p2|
