|j|☆Polgo
|j|☆LegendaryTrainerN
|t:|1757865941
|gametype|singles
|player|p1|Polgo|swimmer-gen4|1121
|player|p2|LegendaryTrainerN|n|1114
|gen|9
|tier|[Gen 9] OU
|rated|
|rule|HP Percentage Mod: HP is shown in percentages
|rule|Endless Battle Clause: Forcing endless battles is banned
|rule|Species Clause: Limit one of each Pokémon
|rule|OHKO Clause: OHKO moves are banned
|rule|Evasion Items Clause: Evasion items are banned
|rule|Evasion Moves Clause: Evasion moves are banned
|rule|Evasion Abilities Clause: Evasion abilities are banned
|rule|Sleep Moves Clause: Sleep-inducing moves are banned
|clearpoke
|poke|p1|Krookodile, M|
|poke|p1|Ariados, F|
|poke|p1|Scrafty, M|
|poke|p1|Drifblim, M|
|poke|p1|Dewgong, M|
|poke|p2|Great Tusk|
|poke|p2|Kingambit, F|
|poke|p2|Barraskewda, F|
|poke|p2|Politoed, F|
|poke|p2|Weezing-Galar, F|
|poke|p2|Zapdos|
|teampreview
|
|t:|1757865956
|teamsize|p1|5
|teamsize|p2|6
|start
|switch|p1a: Dewgong|Dewgong, M, shiny|100/100
|switch|p2a: Politoed|Politoed, F|100/100
|-weather|RainDance|[from] ability: Drizzle|[of] p2a: Politoed
|turn|1
|
|t:|1757865966
|move|p1a: Dewgong|Whirlpool|p2a: Politoed
|-resisted|p2a: Politoed
|-damage|p2a: Politoed|96/100
|-activate|p2a: Politoed|move: Whirlpool|[of] p1a: Dewgong
|move|p2a: Politoed|Encore|p1a: Dewgong
|-start|p1a: Dewgong|Encore
|
|-weather|RainDance|[upkeep]
|-damage|p2a: Politoed|84/100|[from] move: Whirlpool|[partiallytrapped]
|upkeep
|turn|2
|
|t:|1757865974
|move|p2a: Politoed|Substitute|p2a: Politoed
|-start|p2a: Politoed|Substitute
|-end|p2a: Politoed|Whirlpool|[partiallytrapped]|[silent]
|-damage|p2a: Politoed|59/100
|move|p1a: Dewgong|Whirlpool|p2a: Politoed
|-resisted|p2a: Politoed
|-activate|p2a: Politoed|move: Substitute|[damage]
|
|-weather|RainDance|[upkeep]
|upkeep
|turn|3
|
|t:|1757865989
|move|p2a: Politoed|Weather Ball|p1a: Dewgong
|-resisted|p1a: Dewgong
|-damage|p1a: Dewgong|84/100
|move|p1a: Dewgong|Whirlpool|p2a: Politoed
|-resisted|p2a: Politoed
|-activate|p2a: Politoed|move: Substitute|[damage]
|
|-weather|RainDance|[upkeep]
|-heal|p1a: Dewgong|90/100|[from] item: Leftovers
|upkeep
|turn|4
|
|t:|1757865999
|switch|p2a: Zapdos|Zapdos|100/100
|move|p1a: Dewgong|Whirlpool|p2a: Zapdos
|-damage|p2a: Zapdos|88/100
|-activate|p2a: Zapdos|move: Whirlpool|[of] p1a: Dewgong
|
|-weather|RainDance|[upkeep]
|-heal|p1a: Dewgong|96/100|[from] item: Leftovers
|-damage|p2a: Zapdos|75/100|[from] move: Whirlpool|[partiallytrapped]
|-end|p1a: Dewgong|Encore
|upkeep
|turn|5
|
|t:|1757866009
|move|p2a: Zapdos|Hurricane|p1a: Dewgong
|-damage|p1a: Dewgong|54/100
|move|p1a: Dewgong|Flip Turn|p2a: Zapdos
|-damage|p2a: Zapdos|55/100
|-status|p1a: Dewgong|par|[from] ability: Static|[of] p2a: Zapdos
|
|t:|1757866022
|switch|p1a: Krookodile|Krookodile, M|100/100|[from] Flip Turn
|
|-weather|RainDance|[upkeep]
|-end|p2a: Zapdos|Whirlpool|[partiallytrapped]|[silent]
|upkeep
|turn|6
|
|t:|1757866033
|move|p1a: Krookodile|Knock Off|p2a: Zapdos
|-damage|p2a: Zapdos|13/100
|-enditem|p2a: Zapdos|Heavy-Duty Boots|[from] move: Knock Off|[of] p1a: Krookodile
|move|p2a: Zapdos|Hurricane|p1a: Krookodile
|-damage|p1a: Krookodile|26/100
|-start|p1a: Krookodile|confusion
|
|-weather|RainDance|[upkeep]
|upkeep
|turn|7
|
|t:|1757866041
|-activate|p1a: Krookodile|confusion
|move|p1a: Krookodile|Knock Off|p2a: Zapdos
|-damage|p2a: Zapdos|0 fnt
|faint|p2a: Zapdos
|-ability|p1a: Krookodile|Moxie|boost
|-boost|p1a: Krookodile|atk|1
|
|-weather|RainDance|[upkeep]
|upkeep
|
|t:|1757866047
|switch|p2a: Barraskewda|Barraskewda, F|100/100
|turn|8
|
|t:|1757866051
|switch|p1a: Dewgong|Dewgong, M, shiny|54/100 par
|move|p2a: Barraskewda|Flip Turn|p1a: Dewgong
|-resisted|p1a: Dewgong
|-damage|p1a: Dewgong|15/100 par
|
|t:|1757866058
|switch|p2a: Weezing|Weezing-Galar, F|100/100|[from] Flip Turn
|
|-weather|none
|-heal|p1a: Dewgong|21/100 par|[from] item: Leftovers
|upkeep
|turn|9
|
|t:|1757866065
|cant|p1a: Dewgong|par
|move|p2a: Weezing|Play Rough|p1a: Dewgong
|-damage|p1a: Dewgong|0 fnt
|faint|p1a: Dewgong
|
|upkeep
|
|t:|1757866083
|switch|p1a: Drifblim|Drifblim, M, shiny|100/100
|turn|10
|
|t:|1757866088
|move|p1a: Drifblim|Shadow Ball|p2a: Weezing
|-damage|p2a: Weezing|72/100
|move|p2a: Weezing|Rain Dance|p2a: Weezing
|-weather|RainDance
|
|-weather|RainDance|[upkeep]
|-heal|p2a: Weezing|78/100|[from] item: Black Sludge
|-status|p1a: Drifblim|brn|[from] item: Flame Orb
|upkeep
|turn|11
|
|t:|1757866097
|move|p1a: Drifblim|Shadow Ball|p2a: Weezing
|-damage|p2a: Weezing|31/100
|-unboost|p2a: Weezing|spd|1
|move|p2a: Weezing|Play Rough|p1a: Drifblim
|-damage|p1a: Drifblim|68/100 brn
|
|-weather|RainDance|[upkeep]
|-heal|p2a: Weezing|37/100|[from] item: Black Sludge
|-damage|p1a: Drifblim|62/100 brn|[from] brn
|upkeep
|turn|12
|
|t:|1757866112
|switch|p2a: Politoed|Politoed, F|59/100
|move|p1a: Drifblim|Strength Sap|p2a: Politoed
|-unboost|p2a: Politoed|atk|1
|-heal|p1a: Drifblim|94/100 brn
|
|-weather|RainDance|[upkeep]
|-damage|p1a: Drifblim|88/100 brn|[from] brn
|upkeep
|turn|13
|
|t:|1757866124
|move|p1a: Drifblim|Shadow Ball|p2a: Politoed
|-damage|p2a: Politoed|28/100
|move|p2a: Politoed|Perish Song|p2a: Politoed
|-start|p1a: Drifblim|perish3|[silent]
|-start|p2a: Politoed|perish3|[silent]
|-fieldactivate|move: Perish Song
|
|-weather|RainDance|[upkeep]
|-damage|p1a: Drifblim|81/100 brn|[from] brn
|-start|p1a: Drifblim|perish3
|-start|p2a: Politoed|perish3
|upkeep
|turn|14
|
|t:|1757866133
|move|p1a: Drifblim|Air Slash|p2a: Politoed
|-damage|p2a: Politoed|0 fnt
|faint|p2a: Politoed
|
|-weather|none
|-damage|p1a: Drifblim|75/100 brn|[from] brn
|-start|p1a: Drifblim|perish2
|upkeep
|
|t:|1757866140
|switch|p2a: Barraskewda|Barraskewda, F|100/100
|turn|15
|
|t:|1757866147
|move|p2a: Barraskewda|Crunch|p1a: Drifblim
|-supereffective|p1a: Drifblim
|-damage|p1a: Drifblim|0 fnt
|faint|p1a: Drifblim
|
|upkeep
|
|t:|1757866153
|switch|p1a: Scrafty|Scrafty, M, shiny|100/100
|turn|16
|
|t:|1757866158
|switch|p2a: Weezing|Weezing-Galar, F|37/100
|move|p1a: Scrafty|Bulk Up|p1a: Scrafty
|-boost|p1a: Scrafty|atk|1
|-boost|p1a: Scrafty|def|1
|
|-heal|p2a: Weezing|43/100|[from] item: Black Sludge
|upkeep
|turn|17
|
|t:|1757866167
|-terastallize|p1a: Scrafty|Poison
|move|p2a: Weezing|Pain Split|p1a: Scrafty
|-sethp|p1a: Scrafty|72/100|[from] move: Pain Split|[silent]
|-sethp|p2a: Weezing|72/100|[from] move: Pain Split
|move|p1a: Scrafty|Bulk Up|p1a: Scrafty
|-boost|p1a: Scrafty|atk|1
|-boost|p1a: Scrafty|def|1
|
|-heal|p2a: Weezing|78/100|[from] item: Black Sludge
|-heal|p1a: Scrafty|78/100|[from] item: Leftovers
|upkeep
|turn|18
|
|t:|1757866177
|move|p2a: Weezing|Will-O-Wisp|p1a: Scrafty
|-status|p1a: Scrafty|brn
|move|p1a: Scrafty|Bulk Up|p1a: Scrafty
|-boost|p1a: Scrafty|atk|1
|-boost|p1a: Scrafty|def|1
|
|-heal|p2a: Weezing|84/100|[from] item: Black Sludge
|-heal|p1a: Scrafty|84/100 brn|[from] item: Leftovers
|-damage|p1a: Scrafty|78/100 brn|[from] brn
|upkeep
|turn|19
|
|t:|1757866186
|move|p2a: Weezing|Rain Dance|p2a: Weezing
|-weather|RainDance
|move|p1a: Scrafty|Bulk Up|p1a: Scrafty
|-boost|p1a: Scrafty|atk|1
|-boost|p1a: Scrafty|def|1
|
|-weather|RainDance|[upkeep]
|-heal|p2a: Weezing|90/100|[from] item: Black Sludge
|-heal|p1a: Scrafty|84/100 brn|[from] item: Leftovers
|-damage|p1a: Scrafty|78/100 brn|[from] brn
|upkeep
|turn|20
|
|t:|1757866196
|switch|p2a: Barraskewda|Barraskewda, F|100/100
|move|p1a: Scrafty|Bulk Up|p1a: Scrafty
|-boost|p1a: Scrafty|atk|1
|-boost|p1a: Scrafty|def|1
|
|-weather|RainDance|[upkeep]
|-heal|p1a: Scrafty|84/100 brn|[from] item: Leftovers
|-damage|p1a: Scrafty|78/100 brn|[from] brn
|upkeep
|turn|21
|
|t:|1757866205
|move|p2a: Barraskewda|Drill Run|p1a: Scrafty|[miss]
|-miss|p2a: Barraskewda|p1a: Scrafty
|move|p1a: Scrafty|Drain Punch|p2a: Barraskewda
|-damage|p2a: Barraskewda|17/100
|-heal|p1a: Scrafty|100/100 brn|[from] drain|[of] p2a: Barraskewda
|
|-weather|RainDance|[upkeep]
|-activate|p1a: Scrafty|ability: Shed Skin
|-curestatus|p1a: Scrafty|brn|[msg]
|upkeep
|turn|22
|
|t:|1757866215
|-terastallize|p2a: Barraskewda|Ground
|move|p2a: Barraskewda|Drill Run|p1a: Scrafty
|-supereffective|p1a: Scrafty
|-damage|p1a: Scrafty|69/100
|move|p1a: Scrafty|Bulk Up|p1a: Scrafty
|-boost|p1a: Scrafty|atk|1
|-boost|p1a: Scrafty|def|1
|
|-weather|RainDance|[upkeep]
|-heal|p1a: Scrafty|75/100|[from] item: Leftovers
|upkeep
|turn|23
|
|t:|1757866224
|move|p2a: Barraskewda|Drill Run|p1a: Scrafty
|-supereffective|p1a: Scrafty
|-damage|p1a: Scrafty|50/100
|move|p1a: Scrafty|Drain Punch|p2a: Barraskewda
|-damage|p2a: Barraskewda|0 fnt
|-heal|p1a: Scrafty|56/100|[from] drain|[of] p2a: Barraskewda
|faint|p2a: Barraskewda
|
|-weather|none
|-heal|p1a: Scrafty|62/100|[from] item: Leftovers
|upkeep
|
|t:|1757866234
|switch|p2a: Great Tusk|Great Tusk|100/100
|-enditem|p2a: Great Tusk|Booster Energy
|-activate|p2a: Great Tusk|ability: Protosynthesis|[fromitem]
|-start|p2a: Great Tusk|protosynthesisatk
|turn|24
|
|t:|1757866239
|move|p2a: Great Tusk|Earthquake|p1a: Scrafty
|-supereffective|p1a: Scrafty
|-damage|p1a: Scrafty|31/100
|move|p1a: Scrafty|Drain Punch|p2a: Great Tusk
|-damage|p2a: Great Tusk|37/100
|-heal|p1a: Scrafty|66/100|[from] drain|[of] p2a: Great Tusk
|
|-heal|p1a: Scrafty|72/100|[from] item: Leftovers
|upkeep
|turn|25
|
|t:|1757866248
|move|p2a: Great Tusk|Earthquake|p1a: Scrafty
|-supereffective|p1a: Scrafty
|-damage|p1a: Scrafty|43/100
|move|p1a: Scrafty|Drain Punch|p2a: Great Tusk
|-damage|p2a: Great Tusk|0 fnt
|-heal|p1a: Scrafty|63/100|[from] drain|[of] p2a: Great Tusk
|faint|p2a: Great Tusk
|-end|p2a: Great Tusk|Protosynthesis|[silent]
|
|-heal|p1a: Scrafty|69/100|[from] item: Leftovers
|upkeep
|
|t:|1757866254
|switch|p2a: Weezing|Weezing-Galar, F|90/100
|turn|26
|inactive|Battle timer is ON: inactive players will automatically lose when time's up. (requested by Polgo)
|
|t:|1757866258
|move|p2a: Weezing|Pain Split|p1a: Scrafty
|-sethp|p1a: Scrafty|80/100|[from] move: Pain Split|[silent]
|-sethp|p2a: Weezing|80/100|[from] move: Pain Split
|move|p1a: Scrafty|Payback|p2a: Weezing
|-resisted|p2a: Weezing
|-damage|p2a: Weezing|27/100
|
|-heal|p2a: Weezing|33/100|[from] item: Black Sludge
|-heal|p1a: Scrafty|86/100|[from] item: Leftovers
|upkeep
|turn|27
|
|t:|1757866266
|move|p2a: Weezing|Pain Split|p1a: Scrafty
|-sethp|p1a: Scrafty|59/100|[from] move: Pain Split|[silent]
|-sethp|p2a: Weezing|59/100|[from] move: Pain Split
|move|p1a: Scrafty|Payback|p2a: Weezing
|-resisted|p2a: Weezing
|-damage|p2a: Weezing|2/100
|
|-heal|p2a: Weezing|8/100|[from] item: Black Sludge
|-heal|p1a: Scrafty|65/100|[from] item: Leftovers
|upkeep
|turn|28
|
|t:|1757866275
|move|p2a: Weezing|Pain Split|p1a: Scrafty
|-sethp|p1a: Scrafty|36/100|[from] move: Pain Split|[silent]
|-sethp|p2a: Weezing|36/100|[from] move: Pain Split
|move|p1a: Scrafty|Payback|p2a: Weezing
|-resisted|p2a: Weezing
|-damage|p2a: Weezing|0 fnt
|faint|p2a: Weezing
|
|-heal|p1a: Scrafty|42/100|[from] item: Leftovers
|upkeep
|
|t:|1757866283
|switch|p2a: Kingambit|Kingambit, F|100/100
|-activate|p2a: Kingambit|ability: Supreme Overlord
|-start|p2a: Kingambit|fallen5|[silent]
|turn|29
|
|t:|1757866288
|move|p2a: Kingambit|Sucker Punch|p1a: Scrafty
|-damage|p1a: Scrafty|26/100
|-damage|p2a: Kingambit|91/100|[from] item: Life Orb
|move|p1a: Scrafty|Drain Punch|p2a: Kingambit
|-supereffective|p2a: Kingambit
|-damage|p2a: Kingambit|0 fnt
|-heal|p1a: Scrafty|80/100|[from] drain|[of] p2a: Kingambit
|faint|p2a: Kingambit
|-end|p2a: Kingambit|fallen5|[silent]
|
|win|Polgo
|raw|Polgo's rating: 1121 &rarr; <strong>1145</strong><br />(+24 for winning)
|raw|LegendaryTrainerN's rating: 1114 &rarr; <strong>1090</strong><br />(-24 for losing)
|c|☆LegendaryTrainerN|gg
|l|☆LegendaryTrainerN
|player|p2|
|l|☆Polgo
|player|p1|
