|j|☆sprunkysprunky
|j|☆jahleel
|t:|1757952851
|gametype|singles
|player|p1|sprunkysprunky|cyrus|1599
|player|p2|jahleel|dancer|1609
|gen|9
|tier|[Gen 9] OU
|rated|
|rule|HP Percentage Mod: HP is shown in percentages
|rule|Endless Battle Clause: Forcing endless battles is banned
|rule|Species Clause: Limit one of each Pokémon
|rule|OHKO Clause: OHKO moves are banned
|rule|Evasion Items Clause: Evasion items are banned
|rule|Evasion Moves Clause: Evasion moves are banned
|rule|Evasion Abilities Clause: Evasion abilities are banned
|rule|Sleep Moves Clause: Sleep-inducing moves are banned
|clearpoke
|poke|p1|Serperior, M|
|poke|p1|Jirachi|
|poke|p1|Maushold|
|poke|p1|Great Tusk|
|poke|p1|Dragonite, F|
|poke|p1|Polteageist|
|poke|p2|Pecharunt|
|poke|p2|Iron Valiant|
|poke|p2|Moltres|
|poke|p2|Alomomola, F|
|poke|p2|Great Tusk|
|poke|p2|Dragonite, M|
|teampreview
|
|t:|1757952863
|teamsize|p1|6
|teamsize|p2|6
|start
|switch|p1a: Butterscotch|Jirachi|100/100
|switch|p2a: Great Tusk|Great Tusk|100/100
|turn|1
|
|t:|1757952872
|move|p1a: Butterscotch|Iron Head|p2a: Great Tusk
|-damage|p2a: Great Tusk|76/100
|move|p2a: Great Tusk|Stealth Rock|p1a: Butterscotch
|-sidestart|p1: sprunkysprunky|move: Stealth Rock
|
|upkeep
|turn|2
|
|t:|1757952877
|move|p1a: Butterscotch|Iron Head|p2a: Great Tusk
|-damage|p2a: Great Tusk|51/100
|move|p2a: Great Tusk|Knock Off|p1a: Butterscotch
|-supereffective|p1a: Butterscotch
|-damage|p1a: Butterscotch|43/100
|-enditem|p1a: Butterscotch|Focus Sash|[from] move: Knock Off|[of] p2a: Great Tusk
|
|upkeep
|turn|3
|
|t:|1757952886
|move|p1a: Butterscotch|Iron Head|p2a: Great Tusk
|-damage|p2a: Great Tusk|27/100
|move|p2a: Great Tusk|Headlong Rush|p1a: Butterscotch
|-supereffective|p1a: Butterscotch
|-damage|p1a: Butterscotch|0 fnt
|-unboost|p2a: Great Tusk|def|1
|-unboost|p2a: Great Tusk|spd|1
|faint|p1a: Butterscotch
|
|upkeep
|
|t:|1757952893
|switch|p1a: Ginseng|Serperior, M|100/100
|-damage|p1a: Ginseng|88/100|[from] Stealth Rock
|turn|4
|
|t:|1757952898
|-end|p2a: Great Tusk|Protosynthesis|[silent]
|switch|p2a: Moltres|Moltres|100/100
|move|p1a: Ginseng|Leaf Storm|p2a: Moltres
|-resisted|p2a: Moltres
|-damage|p2a: Moltres|93/100
|-boost|p1a: Ginseng|spa|2
|
|-heal|p1a: Ginseng|94/100|[from] item: Leftovers
|upkeep
|turn|5
|
|t:|1757952901
|move|p1a: Ginseng|Glare|p2a: Moltres
|-status|p2a: Moltres|par
|move|p2a: Moltres|U-turn|p1a: Ginseng
|-supereffective|p1a: Ginseng
|-damage|p1a: Ginseng|57/100
|
|t:|1757952908
|switch|p2a: Iron Valiant|Iron Valiant|100/100|[from] U-turn
|
|-heal|p1a: Ginseng|63/100|[from] item: Leftovers
|upkeep
|turn|6
|
|t:|1757952913
|move|p2a: Iron Valiant|Moonblast|p1a: Ginseng
|-crit|p1a: Ginseng
|-damage|p1a: Ginseng|0 fnt
|faint|p1a: Ginseng
|
|upkeep
|
|t:|1757952916
|switch|p1a: Hot Plate|Dragonite, F|100/100
|turn|7
|
|t:|1757952921
|-end|p2a: Iron Valiant|Quark Drive|[silent]
|switch|p2a: Moltres|Moltres|93/100 par
|move|p1a: Hot Plate|Thunder Wave|p2a: Moltres
|-fail|p2a: Moltres|par
|
|upkeep
|turn|8
|
|t:|1757952925
|move|p1a: Hot Plate|Dragon Dance|p1a: Hot Plate
|-boost|p1a: Hot Plate|atk|1
|-boost|p1a: Hot Plate|spe|1
|cant|p2a: Moltres|par
|
|upkeep
|turn|9
|
|t:|1757952928
|move|p1a: Hot Plate|Encore||[still]
|-fail|p1a: Hot Plate
|move|p2a: Moltres|Will-O-Wisp|p1a: Hot Plate
|-status|p1a: Hot Plate|brn
|
|-damage|p1a: Hot Plate|94/100 brn|[from] brn
|upkeep
|turn|10
|
|t:|1757952935
|move|p1a: Hot Plate|Encore|p2a: Moltres
|-start|p2a: Moltres|Encore
|cant|p2a: Moltres|par
|
|-damage|p1a: Hot Plate|88/100 brn|[from] brn
|upkeep
|turn|11
|
|t:|1757952943
|switch|p2a: Alomomola|Alomomola, F|100/100
|move|p1a: Hot Plate|Dragon Dance|p1a: Hot Plate
|-boost|p1a: Hot Plate|atk|1
|-boost|p1a: Hot Plate|spe|1
|
|-damage|p1a: Hot Plate|82/100 brn|[from] brn
|upkeep
|turn|12
|
|t:|1757952947
|move|p1a: Hot Plate|Thunder Wave|p2a: Alomomola
|-status|p2a: Alomomola|par
|move|p2a: Alomomola|Flip Turn|p1a: Hot Plate
|-resisted|p1a: Hot Plate
|-damage|p1a: Hot Plate|72/100 brn
|
|t:|1757952953
|switch|p2a: Pecharunt|Pecharunt|100/100|[from] Flip Turn
|
|-damage|p1a: Hot Plate|66/100 brn|[from] brn
|upkeep
|turn|13
|
|t:|1757952958
|move|p1a: Hot Plate|Thunder Wave|p2a: Pecharunt
|-status|p2a: Pecharunt|par
|cant|p2a: Pecharunt|par
|
|-damage|p1a: Hot Plate|60/100 brn|[from] brn
|upkeep
|turn|14
|
|t:|1757952961
|move|p1a: Hot Plate|Dragon Dance|p1a: Hot Plate
|-boost|p1a: Hot Plate|atk|1
|-boost|p1a: Hot Plate|spe|1
|move|p2a: Pecharunt|Foul Play|p1a: Hot Plate
|-damage|p1a: Hot Plate|0 fnt
|faint|p1a: Hot Plate
|
|upkeep
|
|t:|1757952965
|switch|p1a: Spud|Great Tusk|100/100
|turn|15
|
|t:|1757952968
|switch|p2a: Moltres|Moltres|93/100 par
|move|p1a: Spud|Bulk Up|p1a: Spud
|-boost|p1a: Spud|atk|1
|-boost|p1a: Spud|def|1
|
|upkeep
|turn|16
|
|t:|1757952972
|move|p1a: Spud|Rapid Spin|p2a: Moltres
|-damage|p2a: Moltres|69/100 par
|-boost|p1a: Spud|spe|1
|-status|p1a: Spud|brn|[from] ability: Flame Body|[of] p2a: Moltres
|-sideend|p1: sprunkysprunky|Stealth Rock|[from] move: Rapid Spin|[of] p1a: Spud
|move|p2a: Moltres|Will-O-Wisp|p1a: Spud
|-fail|p1a: Spud|brn
|
|-damage|p1a: Spud|94/100 brn|[from] brn
|upkeep
|turn|17
|
|t:|1757952977
|move|p1a: Spud|Bulk Up|p1a: Spud
|-boost|p1a: Spud|atk|1
|-boost|p1a: Spud|def|1
|move|p2a: Moltres|Flamethrower|p1a: Spud
|-damage|p1a: Spud|39/100 brn
|
|-damage|p1a: Spud|33/100 brn|[from] brn
|upkeep
|turn|18
|
|t:|1757952980
|move|p1a: Spud|Ice Spinner|p2a: Moltres
|-damage|p2a: Moltres|44/100 par
|move|p2a: Moltres|Flamethrower|p1a: Spud
|-damage|p1a: Spud|0 fnt
|faint|p1a: Spud
|-end|p1a: Spud|Protosynthesis|[silent]
|
|upkeep
|
|t:|1757952981
|switch|p1a: Biscuit|Polteageist|100/100
|turn|19
|
|t:|1757952986
|move|p1a: Biscuit|Shell Smash|p1a: Biscuit
|-unboost|p1a: Biscuit|def|1
|-unboost|p1a: Biscuit|spd|1
|-boost|p1a: Biscuit|atk|2
|-boost|p1a: Biscuit|spa|2
|-boost|p1a: Biscuit|spe|2
|cant|p2a: Moltres|par
|
|upkeep
|turn|20
|
|t:|1757953001
|move|p1a: Biscuit|Shadow Ball|p2a: Moltres
|-damage|p2a: Moltres|0 fnt
|faint|p2a: Moltres
|
|upkeep
|
|t:|1757953007
|switch|p2a: Alomomola|Alomomola, F|100/100 par
|turn|21
|j| LifeIsALieee
|
|t:|1757953013
|move|p1a: Biscuit|Shell Smash|p1a: Biscuit
|-unboost|p1a: Biscuit|def|1
|-unboost|p1a: Biscuit|spd|1
|-boost|p1a: Biscuit|atk|2
|-boost|p1a: Biscuit|spa|2
|-boost|p1a: Biscuit|spe|2
|move|p2a: Alomomola|Flip Turn|p1a: Biscuit
|-crit|p1a: Biscuit
|-damage|p1a: Biscuit|5/100
|-ability|p1a: Biscuit|Weak Armor|boost
|-unboost|p1a: Biscuit|def|1
|-boost|p1a: Biscuit|spe|2
|
|t:|1757953027
|switch|p2a: Great Tusk|Great Tusk|27/100|[from] Flip Turn
|
|upkeep
|turn|22
|
|t:|1757953031
|move|p1a: Biscuit|Giga Drain|p2a: Great Tusk
|-supereffective|p2a: Great Tusk
|-damage|p2a: Great Tusk|0 fnt
|-heal|p1a: Biscuit|26/100|[from] drain|[of] p2a: Great Tusk
|faint|p2a: Great Tusk
|-end|p2a: Great Tusk|Protosynthesis|[silent]
|
|upkeep
|
|t:|1757953034
|switch|p2a: Pecharunt|Pecharunt|100/100 par
|turn|23
|
|t:|1757953039
|-terastallize|p2a: Pecharunt|Dark
|move|p1a: Biscuit|Shadow Ball|p2a: Pecharunt
|-resisted|p2a: Pecharunt
|-damage|p2a: Pecharunt|36/100 par
|-unboost|p2a: Pecharunt|spd|1
|move|p2a: Pecharunt|Shadow Ball|p1a: Biscuit
|-supereffective|p1a: Biscuit
|-damage|p1a: Biscuit|0 fnt
|faint|p1a: Biscuit
|
|upkeep
|
|t:|1757953042
|switch|p1a: Croquette|Maushold|100/100
|turn|24
|
|t:|1757953049
|move|p1a: Croquette|Population Bomb|p2a: Pecharunt
|-damage|p2a: Pecharunt|31/100 par
|-damage|p1a: Croquette|84/100|[from] item: Rocky Helmet|[of] p2a: Pecharunt
|-damage|p2a: Pecharunt|25/100 par
|-damage|p1a: Croquette|67/100|[from] item: Rocky Helmet|[of] p2a: Pecharunt
|-damage|p2a: Pecharunt|20/100 par
|-damage|p1a: Croquette|51/100|[from] item: Rocky Helmet|[of] p2a: Pecharunt
|-damage|p2a: Pecharunt|15/100 par
|-damage|p1a: Croquette|34/100|[from] item: Rocky Helmet|[of] p2a: Pecharunt
|-damage|p2a: Pecharunt|10/100 par
|-damage|p1a: Croquette|17/100|[from] item: Rocky Helmet|[of] p2a: Pecharunt
|-hitcount|p2a: Pecharunt|5
|move|p2a: Pecharunt|Malignant Chain|p1a: Croquette
|-damage|p1a: Croquette|0 fnt
|faint|p1a: Croquette
|
|win|jahleel
|raw|sprunkysprunky's rating: 1599 &rarr; <strong>1580</strong><br />(-19 for losing)
|raw|jahleel's rating: 1609 &rarr; <strong>1628</strong><br />(+19 for winning)
|l|☆sprunkysprunky
|player|p1|
|l| LifeIsALieee
|l|☆jahleel
|player|p2|
