|j|☆macrocosmoss
|j|☆Crocodile E
|t:|1757849026
|gametype|singles
|player|p1|macrocosmoss|169|1329
|player|p2|Crocodile E|pokemaniac|1369
|gen|9
|tier|[Gen 9] OU
|rated|
|rule|HP Percentage Mod: HP is shown in percentages
|rule|Endless Battle Clause: Forcing endless battles is banned
|rule|Species Clause: Limit one of each Pokémon
|rule|OHKO Clause: OHKO moves are banned
|rule|Evasion Items Clause: Evasion items are banned
|rule|Evasion Moves Clause: Evasion moves are banned
|rule|Evasion Abilities Clause: Evasion abilities are banned
|rule|Sleep Moves Clause: Sleep-inducing moves are banned
|clearpoke
|poke|p1|Pelipper, M|
|poke|p1|Basculegion-F, F|
|poke|p1|Volcanion|
|poke|p1|Corviknight, F|
|poke|p1|Gliscor, M|
|poke|p1|Floatzel, F|
|poke|p2|Great Tusk|
|poke|p2|Raging Bolt|
|poke|p2|Dragapult, M|
|poke|p2|Slowking-Galar, M|
|poke|p2|Kingambit, M|
|poke|p2|Ogerpon-Wellspring, F|
|teampreview
|inactive|Battle timer is ON: inactive players will automatically lose when time's up. (requested by macrocosmoss)
|
|t:|1757849033
|teamsize|p1|6
|teamsize|p2|6
|start
|switch|p1a: Gliscor|Gliscor, M|100/100
|switch|p2a: Raging Bolt|Raging Bolt|100/100
|-enditem|p2a: Raging Bolt|Booster Energy
|-activate|p2a: Raging Bolt|ability: Protosynthesis|[fromitem]
|-start|p2a: Raging Bolt|protosynthesisspa
|turn|1
|
|t:|1757849040
|move|p2a: Raging Bolt|Calm Mind|p2a: Raging Bolt
|-boost|p2a: Raging Bolt|spa|1
|-boost|p2a: Raging Bolt|spd|1
|move|p1a: Gliscor|Toxic|p2a: Raging Bolt
|-status|p2a: Raging Bolt|tox
|
|-damage|p2a: Raging Bolt|94/100 tox|[from] psn
|-status|p1a: Gliscor|tox|[from] item: Toxic Orb
|upkeep
|turn|2
|
|t:|1757849048
|move|p1a: Gliscor|Protect|p1a: Gliscor
|-singleturn|p1a: Gliscor|Protect
|move|p2a: Raging Bolt|Dragon Pulse|p1a: Gliscor
|-activate|p1a: Gliscor|move: Protect
|
|-damage|p2a: Raging Bolt|82/100 tox|[from] psn
|upkeep
|turn|3
|
|t:|1757849055
|switch|p1a: Corviknight|Corviknight, F|100/100
|-ability|p1a: Corviknight|Pressure
|move|p2a: Raging Bolt|Dragon Pulse|p1a: Corviknight
|-resisted|p1a: Corviknight
|-damage|p1a: Corviknight|65/100
|
|-heal|p1a: Corviknight|72/100|[from] item: Leftovers
|-damage|p2a: Raging Bolt|64/100 tox|[from] psn
|upkeep
|turn|4
|
|t:|1757849065
|switch|p1a: Gliscor|Gliscor, M|100/100 tox
|move|p2a: Raging Bolt|Dragon Pulse|p1a: Gliscor
|-damage|p1a: Gliscor|0 fnt
|faint|p1a: Gliscor
|
|-damage|p2a: Raging Bolt|39/100 tox|[from] psn
|upkeep
|
|t:|1757849079
|switch|p1a: Volcanion|Volcanion|100/100
|turn|5
|
|t:|1757849082
|-terastallize|p1a: Volcanion|Ground
|move|p2a: Raging Bolt|Thunderclap|p1a: Volcanion
|-immune|p1a: Volcanion
|move|p1a: Volcanion|Earth Power|p2a: Raging Bolt
|-supereffective|p2a: Raging Bolt
|-damage|p2a: Raging Bolt|0 fnt
|faint|p2a: Raging Bolt
|-end|p2a: Raging Bolt|Protosynthesis|[silent]
|
|upkeep
|c|☆macrocosmoss|hehe
|
|t:|1757849090
|switch|p2a: Ogerpon|Ogerpon-Wellspring, F|100/100
|turn|6
|
|t:|1757849093
|move|p2a: Ogerpon|Knock Off|p1a: Volcanion
|-damage|p1a: Volcanion|61/100
|-enditem|p1a: Volcanion|Assault Vest|[from] move: Knock Off|[of] p2a: Ogerpon
|move|p1a: Volcanion|Sludge Bomb|p2a: Ogerpon
|-supereffective|p2a: Ogerpon
|-damage|p2a: Ogerpon|21/100
|-status|p2a: Ogerpon|psn
|
|-damage|p2a: Ogerpon|8/100 psn|[from] psn
|upkeep
|turn|7
|
|t:|1757849102
|switch|p1a: Corviknight|Corviknight, F|72/100
|-ability|p1a: Corviknight|Pressure
|move|p2a: Ogerpon|U-turn|p1a: Corviknight
|-resisted|p1a: Corviknight
|-damage|p1a: Corviknight|66/100
|
|t:|1757849107
|switch|p2a: Slowking|Slowking-Galar, M|100/100|[from] U-turn
|
|-heal|p1a: Corviknight|73/100|[from] item: Leftovers
|upkeep
|turn|8
|
|t:|1757849114
|switch|p1a: Pelipper|Pelipper, M|100/100
|-weather|RainDance|[from] ability: Drizzle|[of] p1a: Pelipper
|move|p2a: Slowking|Flamethrower|p1a: Pelipper
|-resisted|p1a: Pelipper
|-damage|p1a: Pelipper|92/100
|
|-weather|RainDance|[upkeep]
|upkeep
|turn|9
|
|t:|1757849124
|switch|p1a: Volcanion|Volcanion, tera:Ground|61/100
|move|p2a: Slowking|Sludge Bomb|p1a: Volcanion
|-resisted|p1a: Volcanion
|-damage|p1a: Volcanion|39/100
|
|-weather|RainDance|[upkeep]
|upkeep
|turn|10
|
|t:|1757849131
|move|p1a: Volcanion|Earth Power|p2a: Slowking
|-supereffective|p2a: Slowking
|-damage|p2a: Slowking|46/100
|move|p2a: Slowking|Ice Beam|p1a: Volcanion
|-supereffective|p1a: Volcanion
|-crit|p1a: Volcanion
|-damage|p1a: Volcanion|0 fnt
|faint|p1a: Volcanion
|
|-weather|RainDance|[upkeep]
|upkeep
|
|t:|1757849138
|switch|p1a: Basculegion|Basculegion-F, F|100/100
|turn|11
|
|t:|1757849142
|switch|p2a: Ogerpon|Ogerpon-Wellspring, F|8/100 psn
|move|p1a: Basculegion|Shadow Ball|p2a: Ogerpon
|-damage|p2a: Ogerpon|0 fnt
|faint|p2a: Ogerpon
|-damage|p1a: Basculegion|91/100|[from] item: Life Orb
|
|-weather|RainDance|[upkeep]
|upkeep
|
|t:|1757849147
|switch|p2a: Kingambit|Kingambit, M|100/100
|-activate|p2a: Kingambit|ability: Supreme Overlord
|-start|p2a: Kingambit|fallen2|[silent]
|turn|12
|
|t:|1757849153
|move|p1a: Basculegion|Surf|p2a: Kingambit
|-damage|p2a: Kingambit|17/100
|-damage|p1a: Basculegion|81/100|[from] item: Life Orb
|move|p2a: Kingambit|Swords Dance|p2a: Kingambit
|-boost|p2a: Kingambit|atk|2
|
|-weather|RainDance|[upkeep]
|-heal|p2a: Kingambit|23/100|[from] item: Leftovers
|upkeep
|turn|13
|
|t:|1757849161
|switch|p1a: Floatzel|Floatzel, F|100/100
|move|p2a: Kingambit|Sucker Punch||[still]
|-fail|p2a: Kingambit
|
|-weather|RainDance|[upkeep]
|-heal|p2a: Kingambit|29/100|[from] item: Leftovers
|upkeep
|turn|14
|
|t:|1757849167
|move|p1a: Floatzel|Aqua Jet|p2a: Kingambit
|-damage|p2a: Kingambit|0 fnt
|faint|p2a: Kingambit
|-end|p2a: Kingambit|fallen2|[silent]
|
|-weather|RainDance|[upkeep]
|upkeep
|
|t:|1757849171
|switch|p2a: Dragapult|Dragapult, M|100/100
|turn|15
|
|t:|1757849175
|switch|p1a: Corviknight|Corviknight, F|73/100
|-ability|p1a: Corviknight|Pressure
|move|p2a: Dragapult|Will-O-Wisp|p1a: Corviknight
|-status|p1a: Corviknight|brn
|
|-weather|none
|-heal|p1a: Corviknight|79/100 brn|[from] item: Leftovers
|-damage|p1a: Corviknight|73/100 brn|[from] brn
|upkeep
|turn|16
|
|t:|1757849185
|switch|p1a: Pelipper|Pelipper, M|92/100
|-weather|RainDance|[from] ability: Drizzle|[of] p1a: Pelipper
|move|p2a: Dragapult|Hex|p1a: Pelipper
|-damage|p1a: Pelipper|54/100
|
|-weather|RainDance|[upkeep]
|upkeep
|turn|17
|
|t:|1757849193
|move|p2a: Dragapult|Will-O-Wisp|p1a: Pelipper
|-status|p1a: Pelipper|brn
|move|p1a: Pelipper|U-turn|p2a: Dragapult
|-resisted|p2a: Dragapult
|-damage|p2a: Dragapult|97/100
|c|☆macrocosmoss|gg
|
|t:|1757849202
|switch|p1a: Basculegion|Basculegion-F, F|81/100|[from] U-turn
|
|-weather|RainDance|[upkeep]
|upkeep
|turn|18
|
|t:|1757849210
|switch|p2a: Slowking|Slowking-Galar, M|79/100
|move|p1a: Basculegion|Shadow Ball|p2a: Slowking
|-supereffective|p2a: Slowking
|-damage|p2a: Slowking|23/100
|-damage|p1a: Basculegion|71/100|[from] item: Life Orb
|
|-weather|RainDance|[upkeep]
|upkeep
|turn|19
|
|t:|1757849218
|move|p1a: Basculegion|Surf|p2a: Slowking
|-damage|p2a: Slowking|0 fnt
|faint|p2a: Slowking
|-damage|p1a: Basculegion|61/100|[from] item: Life Orb
|
|-weather|RainDance|[upkeep]
|upkeep
|
|t:|1757849224
|switch|p2a: Dragapult|Dragapult, M|97/100
|turn|20
|
|t:|1757849227
|move|p1a: Basculegion|Surf|p2a: Dragapult
|-resisted|p2a: Dragapult
|-damage|p2a: Dragapult|31/100
|-damage|p1a: Basculegion|51/100|[from] item: Life Orb
|move|p2a: Dragapult|Hex|p1a: Basculegion
|-supereffective|p1a: Basculegion
|-damage|p1a: Basculegion|0 fnt
|faint|p1a: Basculegion
|
|-weather|RainDance|[upkeep]
|upkeep
|
|t:|1757849236
|switch|p1a: Floatzel|Floatzel, F|100/100
|turn|21
|
|t:|1757849241
|move|p1a: Floatzel|Wave Crash|p2a: Dragapult
|-resisted|p2a: Dragapult
|-damage|p2a: Dragapult|0 fnt
|faint|p2a: Dragapult
|-damage|p1a: Floatzel|90/100|[from] Recoil
|
|-weather|RainDance|[upkeep]
|upkeep
|
|t:|1757849243
|switch|p2a: Great Tusk|Great Tusk|100/100
|turn|22
|
|t:|1757849248
|-terastallize|p2a: Great Tusk|Steel
|move|p1a: Floatzel|Wave Crash|p2a: Great Tusk
|-damage|p2a: Great Tusk|6/100
|-damage|p1a: Floatzel|74/100|[from] item: Rocky Helmet|[of] p2a: Great Tusk
|-damage|p1a: Floatzel|37/100|[from] Recoil
|move|p2a: Great Tusk|Headlong Rush|p1a: Floatzel
|-damage|p1a: Floatzel|0 fnt
|-unboost|p2a: Great Tusk|def|1
|-unboost|p2a: Great Tusk|spd|1
|faint|p1a: Floatzel
|
|-weather|RainDance|[upkeep]
|upkeep
|-message|Crocodile E forfeited.
|
|win|macrocosmoss
|raw|macrocosmoss's rating: 1329 &rarr; <strong>1351</strong><br />(+22 for winning)
|raw|Crocodile E's rating: 1369 &rarr; <strong>1347</strong><br />(-22 for losing)
|l|☆Crocodile E
|player|p2|
|l|☆macrocosmoss
|player|p1|
