|j|☆tingsnstuff
|j|☆supmydudeee
|t:|1757841697
|gametype|singles
|player|p1|tingsnstuff|bugcatcher-gen4dp|1343
|player|p2|supmydudeee|1|1291
|gen|9
|tier|[Gen 9] OU
|rated|
|rule|HP Percentage Mod: HP is shown in percentages
|rule|Endless Battle Clause: Forcing endless battles is banned
|rule|Species Clause: Limit one of each Pokémon
|rule|OHKO Clause: OHKO moves are banned
|rule|Evasion Items Clause: Evasion items are banned
|rule|Evasion Moves Clause: Evasion moves are banned
|rule|Evasion Abilities Clause: Evasion abilities are banned
|rule|Sleep Moves Clause: Sleep-inducing moves are banned
|clearpoke
|poke|p1|Scrafty, M|
|poke|p1|Raging Bolt|
|poke|p1|Heatran, F|
|poke|p1|Sinistcha|
|poke|p1|Kleavor, F|
|poke|p1|Great Tusk|
|poke|p2|Samurott-Hisui, M|
|poke|p2|Iron Treads|
|poke|p2|Ceruledge, M|
|poke|p2|Hydrapple, M|
|poke|p2|Zapdos|
|poke|p2|Iron Valiant|
|teampreview
|inactive|Battle timer is ON: inactive players will automatically lose when time's up. (requested by tingsnstuff)
|inactive|supmydudeee also wants the timer to be on.
|
|t:|1757841712
|teamsize|p1|6
|teamsize|p2|6
|start
|switch|p1a: Scrafty|Scrafty, M|100/100
|switch|p2a: Samurott|Samurott-Hisui, M|100/100
|-ability|p1a: Scrafty|Intimidate|boost
|-unboost|p2a: Samurott|atk|1
|turn|1
|
|t:|1757841721
|switch|p2a: Zapdos|Zapdos|100/100
|move|p1a: Scrafty|Drain Punch|p2a: Zapdos
|-resisted|p2a: Zapdos
|-damage|p2a: Zapdos|85/100
|
|upkeep
|turn|2
|
|t:|1757841733
|switch|p1a: Raging Bolt|Raging Bolt|100/100
|move|p2a: Zapdos|U-turn|p1a: Raging Bolt
|-damage|p1a: Raging Bolt|89/100
|
|t:|1757841739
|switch|p2a: Iron Treads|Iron Treads|100/100|[from] U-turn
|
|upkeep
|turn|3
|
|t:|1757841760
|-end|p1a: Raging Bolt|Protosynthesis|[silent]
|switch|p1a: Kleavor|Kleavor, F|100/100
|move|p2a: Iron Treads|Knock Off|p1a: Kleavor
|-crit|p1a: Kleavor
|-damage|p1a: Kleavor|58/100
|-enditem|p1a: Kleavor|Heavy-Duty Boots|[from] move: Knock Off|[of] p2a: Iron Treads
|
|upkeep
|turn|4
|
|t:|1757841768
|move|p2a: Iron Treads|Earthquake|p1a: Kleavor
|-damage|p1a: Kleavor|17/100
|move|p1a: Kleavor|U-turn|p2a: Iron Treads
|-resisted|p2a: Iron Treads
|-damage|p2a: Iron Treads|83/100
|
|t:|1757841775
|switch|p1a: Great Tusk|Great Tusk|100/100|[from] U-turn
|
|upkeep
|turn|5
|
|t:|1757841792
|-end|p2a: Iron Treads|Quark Drive|[silent]
|switch|p2a: Zapdos|Zapdos|85/100
|move|p1a: Great Tusk|Bulk Up|p1a: Great Tusk
|-boost|p1a: Great Tusk|atk|1
|-boost|p1a: Great Tusk|def|1
|
|upkeep
|turn|6
|
|t:|1757841801
|move|p1a: Great Tusk|Ice Spinner|p2a: Zapdos
|-supereffective|p2a: Zapdos
|-crit|p2a: Zapdos
|-damage|p2a: Zapdos|0 fnt
|faint|p2a: Zapdos
|
|upkeep
|
|t:|1757841808
|switch|p2a: Iron Valiant|Iron Valiant|100/100
|-enditem|p2a: Iron Valiant|Booster Energy
|-activate|p2a: Iron Valiant|ability: Quark Drive|[fromitem]
|-start|p2a: Iron Valiant|quarkdrivespe
|turn|7
|
|t:|1757841817
|-end|p1a: Great Tusk|Protosynthesis|[silent]
|switch|p1a: Heatran|Heatran, F|100/100
|move|p2a: Iron Valiant|Moonblast|p1a: Heatran
|-resisted|p1a: Heatran
|-damage|p1a: Heatran|91/100
|
|upkeep
|turn|8
|
|t:|1757841825
|move|p2a: Iron Valiant|Substitute|p2a: Iron Valiant
|-start|p2a: Iron Valiant|Substitute
|-damage|p2a: Iron Valiant|76/100
|move|p1a: Heatran|Flash Cannon|p2a: Iron Valiant
|-supereffective|p2a: Iron Valiant
|-end|p2a: Iron Valiant|Substitute
|
|upkeep
|turn|9
|
|t:|1757841832
|-terastallize|p2a: Iron Valiant|Steel
|move|p2a: Iron Valiant|Close Combat|p1a: Heatran
|-supereffective|p1a: Heatran
|-damage|p1a: Heatran|8/100
|-unboost|p2a: Iron Valiant|def|1
|-unboost|p2a: Iron Valiant|spd|1
|move|p1a: Heatran|Flash Cannon|p2a: Iron Valiant
|-resisted|p2a: Iron Valiant
|-damage|p2a: Iron Valiant|11/100
|
|upkeep
|turn|10
|
|t:|1757841848
|switch|p1a: Sinistcha|Sinistcha|100/100
|move|p2a: Iron Valiant|Close Combat|p1a: Sinistcha
|-immune|p1a: Sinistcha
|
|upkeep
|turn|11
|
|t:|1757841856
|-end|p2a: Iron Valiant|Quark Drive|[silent]
|switch|p2a: Samurott|Samurott-Hisui, M|100/100
|move|p1a: Sinistcha|Shadow Ball|p2a: Samurott
|-resisted|p2a: Samurott
|-damage|p2a: Samurott|67/100
|
|upkeep
|turn|12
|
|t:|1757841864
|switch|p1a: Scrafty|Scrafty, M|100/100
|-ability|p1a: Scrafty|Intimidate|boost
|-unboost|p2a: Samurott|atk|1
|move|p2a: Samurott|Ceaseless Edge|p1a: Scrafty
|-resisted|p1a: Scrafty
|-damage|p1a: Scrafty|94/100
|-damage|p2a: Samurott|50/100|[from] item: Rocky Helmet|[of] p1a: Scrafty
|-sidestart|p1: tingsnstuff|Spikes
|
|upkeep
|turn|13
|
|t:|1757841875
|move|p2a: Samurott|Ceaseless Edge|p1a: Scrafty
|-resisted|p1a: Scrafty
|-damage|p1a: Scrafty|87/100
|-damage|p2a: Samurott|34/100|[from] item: Rocky Helmet|[of] p1a: Scrafty
|-sidestart|p1: tingsnstuff|Spikes
|move|p1a: Scrafty|Drain Punch|p2a: Samurott
|-supereffective|p2a: Samurott
|-damage|p2a: Samurott|0 fnt
|-heal|p1a: Scrafty|100/100|[from] drain|[of] p2a: Samurott
|faint|p2a: Samurott
|
|upkeep
|
|t:|1757841887
|switch|p2a: Hydrapple|Hydrapple, M|100/100
|turn|14
|inactive|tingsnstuff has 120 seconds left.
|
|t:|1757841919
|move|p1a: Scrafty|Knock Off|p2a: Hydrapple
|-damage|p2a: Hydrapple|79/100
|-damage|p1a: Scrafty|84/100|[from] item: Rocky Helmet|[of] p2a: Hydrapple
|-enditem|p2a: Hydrapple|Rocky Helmet|[from] move: Knock Off|[of] p1a: Scrafty
|move|p2a: Hydrapple|Nasty Plot|p2a: Hydrapple
|-boost|p2a: Hydrapple|spa|2
|
|upkeep
|turn|15
|
|t:|1757841927
|move|p1a: Scrafty|Encore|p2a: Hydrapple
|-start|p2a: Hydrapple|Encore
|move|p2a: Hydrapple|Nasty Plot|p2a: Hydrapple
|-boost|p2a: Hydrapple|spa|2
|
|upkeep
|turn|16
|-message|supmydudeee forfeited.
|
|win|tingsnstuff
|raw|tingsnstuff's rating: 1343 &rarr; <strong>1360</strong><br />(+17 for winning)
|raw|supmydudeee's rating: 1291 &rarr; <strong>1270</strong><br />(-21 for losing)
|l|☆supmydudeee
|player|p2|
|l|☆tingsnstuff
|player|p1|
