|j|☆greenpitter
|j|☆Emicrackers
|t:|1757925529
|gametype|singles
|player|p1|greenpitter|hilbert|1079
|player|p2|Emicrackers|will|1097
|gen|9
|tier|[Gen 9] OU
|rated|
|rule|HP Percentage Mod: HP is shown in percentages
|rule|Endless Battle Clause: Forcing endless battles is banned
|rule|Species Clause: Limit one of each Pokémon
|rule|OHKO Clause: OHKO moves are banned
|rule|Evasion Items Clause: Evasion items are banned
|rule|Evasion Moves Clause: Evasion moves are banned
|rule|Evasion Abilities Clause: Evasion abilities are banned
|rule|Sleep Moves Clause: Sleep-inducing moves are banned
|clearpoke
|poke|p1|Primeape, F|
|poke|p1|Hoopa-Unbound|
|poke|p1|Masquerain, F|
|poke|p1|Whiscash, M|
|poke|p1|Electrode|
|poke|p1|Hypno, F|
|poke|p2|Gengar, F|
|poke|p2|Sylveon, F|
|poke|p2|Dragapult, F|
|poke|p2|Zoroark-Hisui, F|
|poke|p2|Umbreon, F|
|poke|p2|Braviary-Hisui, M|
|teampreview
|inactive|Battle timer is ON: inactive players will automatically lose when time's up. (requested by Emicrackers)
|
|t:|1757925541
|teamsize|p1|6
|teamsize|p2|6
|start
|switch|p1a: Masquerain|Masquerain, F|100/100
|switch|p2a: Braviary|Braviary-Hisui, M, shiny|100/100
|-ability|p1a: Masquerain|Intimidate|boost
|-unboost|p2a: Braviary|atk|1
|turn|1
|
|t:|1757925554
|move|p1a: Masquerain|Sticky Web|p2a: Braviary
|-sidestart|p2: Emicrackers|move: Sticky Web
|move|p2a: Braviary|Esper Wing|p1a: Masquerain
|-crit|p1a: Masquerain
|-damage|p1a: Masquerain|19/100
|-boost|p2a: Braviary|spe|1
|
|upkeep
|turn|2
|
|t:|1757925562
|move|p2a: Braviary|Esper Wing|p1a: Masquerain
|-damage|p1a: Masquerain|0 fnt
|-boost|p2a: Braviary|spe|1
|faint|p1a: Masquerain
|
|upkeep
|
|t:|1757925569
|switch|p1a: Hoopa|Hoopa-Unbound|100/100
|turn|3
|
|t:|1757925574
|move|p2a: Braviary|Dazzling Gleam|p1a: Hoopa
|-supereffective|p1a: Hoopa
|-damage|p1a: Hoopa|51/100
|move|p1a: Hoopa|Hyperspace Fury|p2a: Braviary
|-supereffective|p2a: Braviary
|-damage|p2a: Braviary|0 fnt
|-unboost|p1a: Hoopa|def|1
|faint|p2a: Braviary
|-enditem|p1a: Hoopa|Eject Pack
|
|t:|1757925593
|switch|p1a: Primeape|Primeape, F|100/100
|
|upkeep
|
|t:|1757925605
|switch|p2a: Dragapult|Dragapult, F|100/100
|-activate|p2a: Dragapult|move: Sticky Web
|-fail|p2a: Dragapult|unboost|[from] ability: Clear Body|[of] p2a: Dragapult
|turn|4
|
|t:|1757925611
|move|p2a: Dragapult|Dragon Dance|p2a: Dragapult
|-boost|p2a: Dragapult|atk|1
|-boost|p2a: Dragapult|spe|1
|move|p1a: Primeape|Taunt|p2a: Dragapult
|-start|p2a: Dragapult|move: Taunt
|
|upkeep
|turn|5
|
|t:|1757925619
|move|p2a: Dragapult|Dragon Darts|p1a: Primeape
|-damage|p1a: Primeape|61/100
|-anim|p2a: Dragapult|Dragon Darts|p1a: Primeape
|-damage|p1a: Primeape|21/100
|move|p1a: Primeape|Bulk Up|p1a: Primeape
|-boost|p1a: Primeape|atk|1
|-boost|p1a: Primeape|def|1
|
|upkeep
|turn|6
|
|t:|1757925630
|move|p2a: Dragapult|Dragon Darts|p1a: Primeape
|-damage|p1a: Primeape|0 fnt
|faint|p1a: Primeape
|
|upkeep
|
|t:|1757925640
|switch|p1a: Hoopa|Hoopa-Unbound|51/100
|turn|7
|
|t:|1757925647
|-terastallize|p1a: Hoopa|Steel
|move|p2a: Dragapult|Dragon Darts|p1a: Hoopa
|-resisted|p1a: Hoopa
|-damage|p1a: Hoopa|18/100
|-anim|p2a: Dragapult|Dragon Darts|p1a: Hoopa
|-resisted|p1a: Hoopa
|-damage|p1a: Hoopa|0 fnt
|faint|p1a: Hoopa
|
|-end|p2a: Dragapult|move: Taunt
|upkeep
|
|t:|1757925658
|switch|p1a: Hypno|Hypno, F, shiny|100/100
|turn|8
|
|t:|1757925664
|move|p2a: Dragapult|Dragon Darts|p1a: Hypno
|-damage|p1a: Hypno|43/100
|-anim|p2a: Dragapult|Dragon Darts|p1a: Hypno
|-damage|p1a: Hypno|0 fnt
|faint|p1a: Hypno
|
|upkeep
|-message|greenpitter forfeited.
|
|win|Emicrackers
|raw|greenpitter's rating: 1079 &rarr; <strong>1058</strong><br />(-21 for losing)
|raw|Emicrackers's rating: 1097 &rarr; <strong>1121</strong><br />(+24 for winning)
|l|☆greenpitter
|player|p1|
|l|☆Emicrackers
|player|p2|
