|j|☆MADMANWHO
|j|☆BigBadDragon98
|t:|1757837718
|gametype|singles
|player|p1|MADMANWHO|hiker|1100
|player|p2|BigBadDragon98|red|1168
|gen|9
|tier|[Gen 9] OU
|rated|
|rule|HP Percentage Mod: HP is shown in percentages
|rule|Endless Battle Clause: Forcing endless battles is banned
|rule|Species Clause: Limit one of each Pokémon
|rule|OHKO Clause: OHKO moves are banned
|rule|Evasion Items Clause: Evasion items are banned
|rule|Evasion Moves Clause: Evasion moves are banned
|rule|Evasion Abilities Clause: Evasion abilities are banned
|rule|Sleep Moves Clause: Sleep-inducing moves are banned
|clearpoke
|poke|p1|Tyranitar, M|
|poke|p1|Corviknight, M|
|poke|p1|Tinkaton, F|
|poke|p1|Iron Valiant|
|poke|p1|Komala, F|
|poke|p1|Kommo-o, M|
|poke|p2|Houndstone, M|
|poke|p2|Gengar, M|
|poke|p2|Tyranitar, M|
|poke|p2|Excadrill, M|
|poke|p2|Hydreigon, M|
|poke|p2|Mandibuzz, F|
|teampreview
|inactive|Battle timer is ON: inactive players will automatically lose when time's up. (requested by BigBadDragon98)
|inactive|MADMANWHO also wants the timer to be on.
|
|t:|1757837726
|teamsize|p1|6
|teamsize|p2|6
|start
|switch|p1a: Tinkaton|Tinkaton, F|100/100
|switch|p2a: Houndstone|Houndstone, M|100/100
|-ability|p1a: Tinkaton|Mold Breaker
|-item|p1a: Tinkaton|Air Balloon
|turn|1
|
|t:|1757837736
|move|p1a: Tinkaton|Thunder Wave|p2a: Houndstone
|-status|p2a: Houndstone|par
|move|p2a: Houndstone|Will-O-Wisp|p1a: Tinkaton
|-status|p1a: Tinkaton|brn
|
|-damage|p1a: Tinkaton|94/100 brn|[from] brn
|upkeep
|turn|2
|
|t:|1757837747
|move|p1a: Tinkaton|Encore|p2a: Houndstone
|-start|p2a: Houndstone|Encore
|move|p2a: Houndstone|Will-O-Wisp|p1a: Tinkaton
|-fail|p1a: Tinkaton|brn
|
|-damage|p1a: Tinkaton|88/100 brn|[from] brn
|upkeep
|turn|3
|
|t:|1757837757
|switch|p2a: Mandibuzz|Mandibuzz, F|100/100
|move|p1a: Tinkaton|Stealth Rock|p2a: Mandibuzz
|-sidestart|p2: BigBadDragon98|move: Stealth Rock
|
|-damage|p1a: Tinkaton|82/100 brn|[from] brn
|upkeep
|turn|4
|
|t:|1757837765
|move|p1a: Tinkaton|Thunder Wave|p2a: Mandibuzz|[miss]
|-miss|p1a: Tinkaton|p2a: Mandibuzz
|move|p2a: Mandibuzz|Foul Play|p1a: Tinkaton
|-resisted|p1a: Tinkaton
|-damage|p1a: Tinkaton|59/100 brn
|-enditem|p1a: Tinkaton|Air Balloon
|
|-damage|p1a: Tinkaton|53/100 brn|[from] brn
|upkeep
|turn|5
|
|t:|1757837777
|switch|p2a: Houndstone|Houndstone, M|100/100 par
|-damage|p2a: Houndstone|88/100 par|[from] Stealth Rock
|move|p1a: Tinkaton|Thunder Wave|p2a: Houndstone
|-fail|p2a: Houndstone|par
|
|-heal|p2a: Houndstone|94/100 par|[from] item: Leftovers
|-damage|p1a: Tinkaton|47/100 brn|[from] brn
|upkeep
|turn|6
|
|t:|1757837788
|move|p1a: Tinkaton|Knock Off|p2a: Houndstone
|-supereffective|p2a: Houndstone
|-damage|p2a: Houndstone|78/100 par
|-enditem|p2a: Houndstone|Leftovers|[from] move: Knock Off|[of] p1a: Tinkaton
|cant|p2a: Houndstone|par
|
|-damage|p1a: Tinkaton|41/100 brn|[from] brn
|upkeep
|turn|7
|
|t:|1757837798
|switch|p1a: Komala|Komala, F|100/100
|-ability|p1a: Komala|Comatose
|move|p2a: Houndstone|Night Shade|p1a: Komala
|-immune|p1a: Komala
|
|upkeep
|turn|8
|
|t:|1757837806
|move|p1a: Komala|Wish|p1a: Komala
|move|p2a: Houndstone|Will-O-Wisp|p1a: Komala
|-immune|p1a: Komala|[from] ability: Comatose
|
|upkeep
|turn|9
|
|t:|1757837813
|move|p1a: Komala|U-turn|p2a: Houndstone
|-resisted|p2a: Houndstone
|-damage|p2a: Houndstone|75/100 par
|
|t:|1757837816
|switch|p1a: Tinkaton|Tinkaton, F|41/100 brn|[from] U-turn
|-ability|p1a: Tinkaton|Mold Breaker
|move|p2a: Houndstone|Body Press|p1a: Tinkaton
|-damage|p1a: Tinkaton|8/100 brn
|
|-heal|p1a: Tinkaton|62/100 brn|[from] move: Wish|[wisher] Komala
|-damage|p1a: Tinkaton|56/100 brn|[from] brn
|upkeep
|turn|10
|
|t:|1757837830
|switch|p1a: Komala|Komala, F|100/100
|-ability|p1a: Komala|Comatose
|move|p2a: Houndstone|Body Press|p1a: Komala
|-supereffective|p1a: Komala
|-damage|p1a: Komala|50/100
|
|upkeep
|turn|11
|
|t:|1757837842
|switch|p1a: Corviknight|Corviknight, M|100/100
|-ability|p1a: Corviknight|Pressure
|cant|p2a: Houndstone|par
|
|upkeep
|turn|12
|
|t:|1757837853
|move|p1a: Corviknight|U-turn|p2a: Houndstone
|-resisted|p2a: Houndstone
|-damage|p2a: Houndstone|72/100 par
|
|t:|1757837856
|switch|p1a: Tinkaton|Tinkaton, F|56/100 brn|[from] U-turn
|-ability|p1a: Tinkaton|Mold Breaker
|move|p2a: Houndstone|Will-O-Wisp|p1a: Tinkaton
|-fail|p1a: Tinkaton|brn
|
|-damage|p1a: Tinkaton|50/100 brn|[from] brn
|upkeep
|turn|13
|
|t:|1757837867
|move|p1a: Tinkaton|Knock Off|p2a: Houndstone
|-supereffective|p2a: Houndstone
|-damage|p2a: Houndstone|61/100 par
|cant|p2a: Houndstone|par
|
|-damage|p1a: Tinkaton|43/100 brn|[from] brn
|upkeep
|turn|14
|
|t:|1757837875
|move|p1a: Tinkaton|Encore|p2a: Houndstone
|-start|p2a: Houndstone|Encore
|move|p2a: Houndstone|Will-O-Wisp|p1a: Tinkaton
|-fail|p1a: Tinkaton|brn
|
|-damage|p1a: Tinkaton|37/100 brn|[from] brn
|upkeep
|turn|15
|
|t:|1757837884
|switch|p1a: Komala|Komala, F|50/100
|-ability|p1a: Komala|Comatose
|switch|p2a: Mandibuzz|Mandibuzz, F|100/100
|
|upkeep
|turn|16
|
|t:|1757837893
|move|p2a: Mandibuzz|Toxic|p1a: Komala
|-immune|p1a: Komala|[from] ability: Comatose
|move|p1a: Komala|Wish|p1a: Komala
|
|upkeep
|turn|17
|
|t:|1757837901
|move|p2a: Mandibuzz|Roost||[still]
|-fail|p2a: Mandibuzz|heal
|move|p1a: Komala|Rapid Spin|p2a: Mandibuzz
|-damage|p2a: Mandibuzz|89/100
|-boost|p1a: Komala|spe|1
|
|-heal|p1a: Komala|99/100|[from] move: Wish|[wisher] Komala
|upkeep
|turn|18
|
|t:|1757837909
|move|p1a: Komala|Wish|p1a: Komala
|move|p2a: Mandibuzz|Defog|p1a: Komala
|-unboost|p1a: Komala|evasion|1
|-sideend|p2: BigBadDragon98|Stealth Rock|[from] move: Defog|[of] p2a: Mandibuzz
|
|upkeep
|turn|19
|
|t:|1757837920
|switch|p2a: Houndstone|Houndstone, M|61/100 par
|move|p1a: Komala|U-turn|p2a: Houndstone
|-resisted|p2a: Houndstone
|-damage|p2a: Houndstone|58/100 par
|
|t:|1757837931
|switch|p1a: Tinkaton|Tinkaton, F|37/100 brn|[from] U-turn
|-ability|p1a: Tinkaton|Mold Breaker
|
|-heal|p1a: Tinkaton|91/100 brn|[from] move: Wish|[wisher] Komala
|-damage|p1a: Tinkaton|85/100 brn|[from] brn
|upkeep
|turn|20
|
|t:|1757837941
|move|p1a: Tinkaton|Stealth Rock|p2a: Houndstone
|-sidestart|p2: BigBadDragon98|move: Stealth Rock
|cant|p2a: Houndstone|par
|
|-damage|p1a: Tinkaton|79/100 brn|[from] brn
|upkeep
|turn|21
|
|t:|1757837950
|move|p1a: Tinkaton|Knock Off|p2a: Houndstone
|-supereffective|p2a: Houndstone
|-damage|p2a: Houndstone|47/100 par
|move|p2a: Houndstone|Body Press|p1a: Tinkaton
|-damage|p1a: Tinkaton|45/100 brn
|
|-damage|p1a: Tinkaton|39/100 brn|[from] brn
|upkeep
|turn|22
|
|t:|1757837959
|move|p1a: Tinkaton|Knock Off|p2a: Houndstone
|-supereffective|p2a: Houndstone
|-damage|p2a: Houndstone|37/100 par
|move|p2a: Houndstone|Body Press|p1a: Tinkaton
|-damage|p1a: Tinkaton|6/100 brn
|
|-damage|p1a: Tinkaton|0 fnt|[from] brn
|faint|p1a: Tinkaton
|upkeep
|
|t:|1757837969
|switch|p1a: Kommo-o|Kommo-o, M|100/100
|turn|23
|
|t:|1757837978
|switch|p2a: Tyranitar|Tyranitar, M|100/100
|-damage|p2a: Tyranitar|88/100|[from] Stealth Rock
|-weather|Sandstorm|[from] ability: Sand Stream|[of] p2a: Tyranitar
|move|p1a: Kommo-o|Clangorous Soul|p1a: Kommo-o
|-boost|p1a: Kommo-o|atk|1
|-boost|p1a: Kommo-o|def|1
|-boost|p1a: Kommo-o|spa|1
|-boost|p1a: Kommo-o|spd|1
|-boost|p1a: Kommo-o|spe|1
|-damage|p1a: Kommo-o|68/100
|-enditem|p1a: Kommo-o|Throat Spray
|-boost|p1a: Kommo-o|spa|1|[from] item: Throat Spray
|
|-weather|Sandstorm|[upkeep]
|-damage|p1a: Kommo-o|61/100|[from] Sandstorm
|-heal|p2a: Tyranitar|94/100|[from] item: Leftovers
|upkeep
|turn|24
|
|t:|1757837999
|-terastallize|p1a: Kommo-o|Fairy
|move|p1a: Kommo-o|Drain Punch|p2a: Tyranitar
|-supereffective|p2a: Tyranitar
|-damage|p2a: Tyranitar|0 fnt
|-heal|p1a: Kommo-o|100/100|[from] drain|[of] p2a: Tyranitar
|faint|p2a: Tyranitar
|
|-weather|Sandstorm|[upkeep]
|-damage|p1a: Kommo-o|94/100|[from] Sandstorm
|upkeep
|
|t:|1757838011
|switch|p2a: Mandibuzz|Mandibuzz, F|89/100
|turn|25
|
|t:|1757838021
|move|p1a: Kommo-o|Clangorous Soul|p1a: Kommo-o
|-boost|p1a: Kommo-o|atk|1
|-boost|p1a: Kommo-o|def|1
|-boost|p1a: Kommo-o|spa|1
|-boost|p1a: Kommo-o|spd|1
|-boost|p1a: Kommo-o|spe|1
|-damage|p1a: Kommo-o|61/100
|move|p2a: Mandibuzz|Defog|p1a: Kommo-o
|-unboost|p1a: Kommo-o|evasion|1
|-sideend|p2: BigBadDragon98|Stealth Rock|[from] move: Defog|[of] p2a: Mandibuzz
|
|-weather|Sandstorm|[upkeep]
|-damage|p1a: Kommo-o|55/100|[from] Sandstorm
|upkeep
|turn|26
|
|t:|1757838035
|-terastallize|p2a: Mandibuzz|Fire
|move|p1a: Kommo-o|Clanging Scales|p2a: Mandibuzz
|-damage|p2a: Mandibuzz|0 fnt
|faint|p2a: Mandibuzz
|-unboost|p1a: Kommo-o|def|1
|
|-weather|Sandstorm|[upkeep]
|-damage|p1a: Kommo-o|49/100|[from] Sandstorm
|upkeep
|
|t:|1757838047
|switch|p2a: Excadrill|Excadrill, M|100/100
|-item|p2a: Excadrill|Air Balloon
|turn|27
|
|t:|1757838053
|move|p1a: Kommo-o|Drain Punch|p2a: Excadrill
|-supereffective|p2a: Excadrill
|-damage|p2a: Excadrill|0 fnt
|-heal|p1a: Kommo-o|100/100|[from] drain|[of] p2a: Excadrill
|-enditem|p2a: Excadrill|Air Balloon
|faint|p2a: Excadrill
|
|-weather|none
|upkeep
|
|t:|1757838065
|switch|p2a: Gengar|Gengar, M|100/100
|turn|28
|
|t:|1757838069
|move|p1a: Kommo-o|Clanging Scales|p2a: Gengar
|-damage|p2a: Gengar|0 fnt
|faint|p2a: Gengar
|-unboost|p1a: Kommo-o|def|1
|
|upkeep
|-message|BigBadDragon98 forfeited.
|
|win|MADMANWHO
|raw|MADMANWHO's rating: 1100 &rarr; <strong>1130</strong><br />(+30 for winning)
|raw|BigBadDragon98's rating: 1168 &rarr; <strong>1138</strong><br />(-30 for losing)
|l|☆BigBadDragon98
|player|p2|
|l|☆MADMANWHO
|player|p1|
