|j|☆moregano18
|j|☆KevKaichi/RDT
|t:|1757952665
|gametype|singles
|player|p1|moregano18|cyclist|1305
|player|p2|KevKaichi/RDT|blackbelt-gen4dp|1280
|gen|9
|tier|[Gen 9] OU
|rated|
|rule|HP Percentage Mod: HP is shown in percentages
|rule|Endless Battle Clause: Forcing endless battles is banned
|rule|Species Clause: Limit one of each Pokémon
|rule|OHKO Clause: OHKO moves are banned
|rule|Evasion Items Clause: Evasion items are banned
|rule|Evasion Moves Clause: Evasion moves are banned
|rule|Evasion Abilities Clause: Evasion abilities are banned
|rule|Sleep Moves Clause: Sleep-inducing moves are banned
|clearpoke
|poke|p1|Skeledirge, M|
|poke|p1|Skarmory, M|
|poke|p1|Slowking-Galar, M|
|poke|p1|Great Tusk|
|poke|p1|Primarina, M|
|poke|p1|Ogerpon-Cornerstone, F|
|poke|p2|Lokix, F|
|poke|p2|Dragonite, F|
|poke|p2|Scizor, F|
|poke|p2|Kingambit, F|
|poke|p2|Great Tusk|
|poke|p2|Dragapult, F|
|teampreview
|inactive|Battle timer is ON: inactive players will automatically lose when time's up. (requested by moregano18)
|
|t:|1757952673
|teamsize|p1|6
|teamsize|p2|6
|start
|switch|p1a: Skarmory|Skarmory, M|100/100
|switch|p2a: Dragapult|Dragapult, F|100/100
|turn|1
|
|t:|1757952684
|move|p2a: Dragapult|Dragon Dance|p2a: Dragapult
|-boost|p2a: Dragapult|atk|1
|-boost|p2a: Dragapult|spe|1
|move|p1a: Skarmory|Stealth Rock|p2a: Dragapult
|-sidestart|p2: KevKaichi/RDT|move: Stealth Rock
|
|upkeep
|turn|2
|
|t:|1757952694
|move|p2a: Dragapult|Dragon Darts|p1a: Skarmory
|-resisted|p1a: Skarmory
|-damage|p1a: Skarmory|89/100
|-anim|p2a: Dragapult|Dragon Darts|p1a: Skarmory
|-resisted|p1a: Skarmory
|-damage|p1a: Skarmory|78/100
|move|p1a: Skarmory|Whirlwind|p2a: Dragapult
|drag|p2a: Lokix|Lokix, F|100/100
|-damage|p2a: Lokix|75/100|[from] Stealth Rock
|
|upkeep
|turn|3
|
|t:|1757952717
|move|p2a: Lokix|Knock Off|p1a: Skarmory
|-damage|p1a: Skarmory|37/100
|-damage|p2a: Lokix|59/100|[from] item: Rocky Helmet|[of] p1a: Skarmory
|-enditem|p1a: Skarmory|Rocky Helmet|[from] move: Knock Off|[of] p2a: Lokix
|move|p1a: Skarmory|Whirlwind|p2a: Lokix
|drag|p2a: Great Tusk|Great Tusk|100/100
|-damage|p2a: Great Tusk|98/100|[from] Stealth Rock
|
|-heal|p2a: Great Tusk|100/100|[from] item: Leftovers
|upkeep
|turn|4
|
|t:|1757952740
|move|p2a: Great Tusk|Stealth Rock|p1a: Skarmory
|-sidestart|p1: moregano18|move: Stealth Rock
|move|p1a: Skarmory|Roost|p1a: Skarmory
|-heal|p1a: Skarmory|87/100
|-singleturn|p1a: Skarmory|move: Roost
|
|upkeep
|turn|5
|
|t:|1757952748
|move|p2a: Great Tusk|Rapid Spin|p1a: Skarmory
|-resisted|p1a: Skarmory
|-damage|p1a: Skarmory|83/100
|-boost|p2a: Great Tusk|spe|1
|-sideend|p2: KevKaichi/RDT|Stealth Rock|[from] move: Rapid Spin|[of] p2a: Great Tusk
|move|p1a: Skarmory|Whirlwind|p2a: Great Tusk
|-end|p2a: Great Tusk|Protosynthesis|[silent]
|drag|p2a: Scizor|Scizor, F|100/100
|
|upkeep
|turn|6
|
|t:|1757952762
|move|p2a: Scizor|Swords Dance|p2a: Scizor
|-boost|p2a: Scizor|atk|2
|move|p1a: Skarmory|Stealth Rock|p2a: Scizor
|-sidestart|p2: KevKaichi/RDT|move: Stealth Rock
|
|upkeep
|turn|7
|
|t:|1757952768
|move|p2a: Scizor|Close Combat|p1a: Skarmory
|-damage|p1a: Skarmory|10/100
|-unboost|p2a: Scizor|def|1
|-unboost|p2a: Scizor|spd|1
|-damage|p2a: Scizor|91/100|[from] item: Life Orb
|move|p1a: Skarmory|Whirlwind|p2a: Scizor
|drag|p2a: Great Tusk|Great Tusk|100/100
|-damage|p2a: Great Tusk|98/100|[from] Stealth Rock
|
|-heal|p2a: Great Tusk|100/100|[from] item: Leftovers
|upkeep
|turn|8
|
|t:|1757952781
|switch|p1a: Great Tusk|Great Tusk|100/100
|-damage|p1a: Great Tusk|97/100|[from] Stealth Rock
|move|p2a: Great Tusk|Ice Spinner|p1a: Great Tusk
|-supereffective|p1a: Great Tusk
|-damage|p1a: Great Tusk|68/100
|
|-heal|p1a: Great Tusk|75/100|[from] item: Leftovers
|upkeep
|turn|9
|
|t:|1757952793
|-end|p2a: Great Tusk|Protosynthesis|[silent]
|switch|p2a: Dragapult|Dragapult, F|100/100
|move|p1a: Great Tusk|Knock Off|p2a: Dragapult
|-supereffective|p2a: Dragapult
|-crit|p2a: Dragapult
|-damage|p2a: Dragapult|0 fnt
|-enditem|p2a: Dragapult|Heavy-Duty Boots|[from] move: Knock Off|[of] p1a: Great Tusk
|faint|p2a: Dragapult
|
|-heal|p1a: Great Tusk|81/100|[from] item: Leftovers
|upkeep
|
|t:|1757952799
|switch|p2a: Lokix|Lokix, F|59/100
|-damage|p2a: Lokix|34/100|[from] Stealth Rock
|turn|10
|
|t:|1757952811
|move|p2a: Lokix|First Impression|p1a: Great Tusk
|-resisted|p1a: Great Tusk
|-damage|p1a: Great Tusk|43/100
|move|p1a: Great Tusk|Rapid Spin|p2a: Lokix
|-damage|p2a: Lokix|12/100
|-boost|p1a: Great Tusk|spe|1
|-sideend|p1: moregano18|Stealth Rock|[from] move: Rapid Spin|[of] p1a: Great Tusk
|
|-heal|p1a: Great Tusk|49/100|[from] item: Leftovers
|upkeep
|turn|11
|
|t:|1757952822
|switch|p2a: Great Tusk|Great Tusk|100/100
|-damage|p2a: Great Tusk|98/100|[from] Stealth Rock
|move|p1a: Great Tusk|Rapid Spin|p2a: Great Tusk
|-damage|p2a: Great Tusk|88/100
|-boost|p1a: Great Tusk|spe|1
|
|-heal|p1a: Great Tusk|55/100|[from] item: Leftovers
|-heal|p2a: Great Tusk|94/100|[from] item: Leftovers
|upkeep
|turn|12
|
|t:|1757952831
|move|p1a: Great Tusk|Ice Spinner|p2a: Great Tusk
|-supereffective|p2a: Great Tusk
|-damage|p2a: Great Tusk|66/100
|move|p2a: Great Tusk|Rapid Spin|p1a: Great Tusk
|-damage|p1a: Great Tusk|46/100
|-boost|p2a: Great Tusk|spe|1
|-sideend|p2: KevKaichi/RDT|Stealth Rock|[from] move: Rapid Spin|[of] p2a: Great Tusk
|
|-heal|p1a: Great Tusk|52/100|[from] item: Leftovers
|-heal|p2a: Great Tusk|72/100|[from] item: Leftovers
|upkeep
|turn|13
|
|t:|1757952843
|move|p1a: Great Tusk|Ice Spinner|p2a: Great Tusk
|-supereffective|p2a: Great Tusk
|-damage|p2a: Great Tusk|44/100
|move|p2a: Great Tusk|Ice Spinner|p1a: Great Tusk
|-supereffective|p1a: Great Tusk
|-damage|p1a: Great Tusk|23/100
|
|-heal|p1a: Great Tusk|29/100|[from] item: Leftovers
|-heal|p2a: Great Tusk|50/100|[from] item: Leftovers
|upkeep
|turn|14
|
|t:|1757952857
|move|p1a: Great Tusk|Ice Spinner|p2a: Great Tusk
|-supereffective|p2a: Great Tusk
|-damage|p2a: Great Tusk|21/100
|move|p2a: Great Tusk|Ice Spinner|p1a: Great Tusk
|-supereffective|p1a: Great Tusk
|-damage|p1a: Great Tusk|0 fnt
|faint|p1a: Great Tusk
|-end|p1a: Great Tusk|Protosynthesis|[silent]
|
|-heal|p2a: Great Tusk|27/100|[from] item: Leftovers
|upkeep
|
|t:|1757952863
|switch|p1a: Primarina|Primarina, M|100/100
|turn|15
|
|t:|1757952882
|move|p2a: Great Tusk|Stealth Rock|p1a: Primarina
|-sidestart|p1: moregano18|move: Stealth Rock
|move|p1a: Primarina|Draining Kiss|p2a: Great Tusk
|-supereffective|p2a: Great Tusk
|-damage|p2a: Great Tusk|0 fnt
|faint|p2a: Great Tusk
|-end|p2a: Great Tusk|Protosynthesis|[silent]
|
|upkeep
|
|t:|1757952889
|switch|p2a: Lokix|Lokix, F|12/100
|turn|16
|
|t:|1757952900
|move|p2a: Lokix|U-turn|p1a: Primarina
|-resisted|p1a: Primarina
|-damage|p1a: Primarina|35/100
|
|t:|1757952904
|switch|p2a: Scizor|Scizor, F|91/100|[from] U-turn
|move|p1a: Primarina|Draining Kiss|p2a: Scizor
|-resisted|p2a: Scizor
|-damage|p2a: Scizor|71/100
|-heal|p1a: Primarina|46/100|[from] drain|[of] p2a: Scizor
|
|upkeep
|turn|17
|
|t:|1757952920
|move|p2a: Scizor|Swords Dance|p2a: Scizor
|-boost|p2a: Scizor|atk|2
|move|p1a: Primarina|Flip Turn|p2a: Scizor
|-damage|p2a: Scizor|54/100
|
|t:|1757952926
|switch|p1a: Skeledirge|Skeledirge, M|100/100|[from] Flip Turn
|
|upkeep
|turn|18
|
|t:|1757952944
|move|p2a: Scizor|Bullet Punch|p1a: Skeledirge
|-resisted|p1a: Skeledirge
|-damage|p1a: Skeledirge|86/100
|-damage|p2a: Scizor|44/100|[from] item: Life Orb
|move|p1a: Skeledirge|Will-O-Wisp|p2a: Scizor
|-status|p2a: Scizor|brn
|
|-damage|p2a: Scizor|38/100 brn|[from] brn
|upkeep
|turn|19
|
|t:|1757952954
|move|p2a: Scizor|Knock Off|p1a: Skeledirge
|-supereffective|p1a: Skeledirge
|-damage|p1a: Skeledirge|58/100
|-enditem|p1a: Skeledirge|Heavy-Duty Boots|[from] move: Knock Off|[of] p2a: Scizor
|-damage|p2a: Scizor|28/100 brn|[from] item: Life Orb
|move|p1a: Skeledirge|Torch Song|p2a: Scizor
|-supereffective|p2a: Scizor
|-damage|p2a: Scizor|0 fnt
|-boost|p1a: Skeledirge|spa|1
|faint|p2a: Scizor
|
|upkeep
|
|t:|1757952964
|switch|p2a: Lokix|Lokix, F|12/100
|turn|20
|
|t:|1757952970
|move|p2a: Lokix|Knock Off|p1a: Skeledirge
|-supereffective|p1a: Skeledirge
|-damage|p1a: Skeledirge|3/100
|move|p1a: Skeledirge|Slack Off|p1a: Skeledirge
|-heal|p1a: Skeledirge|53/100
|
|upkeep
|turn|21
|
|t:|1757952982
|-terastallize|p1a: Skeledirge|Dark
|move|p2a: Lokix|Knock Off|p1a: Skeledirge
|-resisted|p1a: Skeledirge
|-damage|p1a: Skeledirge|26/100
|move|p1a: Skeledirge|Will-O-Wisp|p2a: Lokix
|-status|p2a: Lokix|brn
|
|-damage|p2a: Lokix|6/100 brn|[from] brn
|upkeep
|turn|22
|
|t:|1757952993
|move|p2a: Lokix|Knock Off|p1a: Skeledirge
|-resisted|p1a: Skeledirge
|-damage|p1a: Skeledirge|12/100
|move|p1a: Skeledirge|Slack Off|p1a: Skeledirge
|-heal|p1a: Skeledirge|63/100
|
|-damage|p2a: Lokix|0 fnt|[from] brn
|faint|p2a: Lokix
|upkeep
|
|t:|1757953002
|switch|p2a: Dragonite|Dragonite, F|100/100
|turn|23
|
|t:|1757953008
|move|p2a: Dragonite|Outrage|p1a: Skeledirge
|-damage|p1a: Skeledirge|17/100
|move|p1a: Skeledirge|Will-O-Wisp|p2a: Dragonite
|-status|p2a: Dragonite|brn
|
|-damage|p2a: Dragonite|94/100 brn|[from] brn
|upkeep
|turn|24
|
|t:|1757953015
|switch|p1a: Primarina|Primarina, M|46/100
|-damage|p1a: Primarina|34/100|[from] Stealth Rock
|move|p2a: Dragonite|Outrage|p1a: Primarina|[from] lockedmove
|-immune|p1a: Primarina
|-start|p2a: Dragonite|confusion|[fatigue]
|
|-damage|p2a: Dragonite|88/100 brn|[from] brn
|upkeep
|turn|25
|
|t:|1757953026
|-activate|p2a: Dragonite|confusion
|move|p2a: Dragonite|Earthquake|p1a: Primarina
|-damage|p1a: Primarina|10/100
|move|p1a: Primarina|Draining Kiss|p2a: Dragonite
|-supereffective|p2a: Dragonite
|-damage|p2a: Dragonite|25/100 brn
|-heal|p1a: Primarina|52/100|[from] drain|[of] p2a: Dragonite
|
|-damage|p2a: Dragonite|19/100 brn|[from] brn
|upkeep
|turn|26
|
|t:|1757953035
|-activate|p2a: Dragonite|confusion
|move|p2a: Dragonite|Earthquake|p1a: Primarina
|-damage|p1a: Primarina|29/100
|move|p1a: Primarina|Draining Kiss|p2a: Dragonite
|-supereffective|p2a: Dragonite
|-crit|p2a: Dragonite
|-damage|p2a: Dragonite|0 fnt
|-heal|p1a: Primarina|41/100|[from] drain|[of] p2a: Dragonite
|faint|p2a: Dragonite
|
|upkeep
|
|t:|1757953041
|switch|p2a: Kingambit|Kingambit, F|100/100
|-activate|p2a: Kingambit|ability: Supreme Overlord
|-start|p2a: Kingambit|fallen5|[silent]
|turn|27
|
|t:|1757953049
|move|p2a: Kingambit|Swords Dance|p2a: Kingambit
|-boost|p2a: Kingambit|atk|2
|move|p1a: Primarina|Flip Turn|p2a: Kingambit
|-damage|p2a: Kingambit|87/100
|
|t:|1757953053
|switch|p1a: Skeledirge|Skeledirge, M, tera:Dark|17/100|[from] Flip Turn
|-damage|p1a: Skeledirge|5/100|[from] Stealth Rock
|
|upkeep
|turn|28
|
|t:|1757953061
|move|p2a: Kingambit|Iron Head|p1a: Skeledirge
|-damage|p1a: Skeledirge|0 fnt
|faint|p1a: Skeledirge
|
|upkeep
|
|t:|1757953071
|switch|p1a: Skarmory|Skarmory, M|10/100
|-damage|p1a: Skarmory|0 fnt|[from] Stealth Rock
|faint|p1a: Skarmory
|
|t:|1757953097
|switch|p1a: Ogerpon|Ogerpon-Cornerstone, F|100/100
|-damage|p1a: Ogerpon|88/100|[from] Stealth Rock
|turn|29
|
|t:|1757953115
|move|p1a: Ogerpon|Encore|p2a: Kingambit
|-start|p2a: Kingambit|Encore
|move|p2a: Kingambit|Iron Head|p1a: Ogerpon
|-supereffective|p1a: Ogerpon
|-damage|p1a: Ogerpon|0 fnt
|faint|p1a: Ogerpon
|
|upkeep
|
|t:|1757953118
|switch|p1a: Slowking|Slowking-Galar, M|100/100
|-damage|p1a: Slowking|88/100|[from] Stealth Rock
|turn|30
|
|t:|1757953129
|move|p2a: Kingambit|Iron Head|p1a: Slowking
|-damage|p1a: Slowking|0 fnt
|faint|p1a: Slowking
|
|upkeep
|
|t:|1757953132
|switch|p1a: Primarina|Primarina, M|41/100
|-damage|p1a: Primarina|29/100|[from] Stealth Rock
|turn|31
|
|t:|1757953137
|move|p2a: Kingambit|Iron Head|p1a: Primarina
|-damage|p1a: Primarina|0 fnt
|faint|p1a: Primarina
|
|win|KevKaichi/RDT
|raw|moregano18's rating: 1305 &rarr; <strong>1284</strong><br />(-21 for losing)
|raw|KevKaichi&#x2f;RDT's rating: 1280 &rarr; <strong>1307</strong><br />(+27 for winning)
|l|☆moregano18
|player|p1|
