|j|☆RugzV
|j|☆MovingStone
|t:|1757833297
|gametype|singles
|player|p1|RugzV|gentleman-gen4|1283
|player|p2|MovingStone|265|1253
|gen|9
|tier|[Gen 9] OU
|rated|
|rule|HP Percentage Mod: HP is shown in percentages
|rule|Endless Battle Clause: Forcing endless battles is banned
|rule|Species Clause: Limit one of each Pokémon
|rule|OHKO Clause: OHKO moves are banned
|rule|Evasion Items Clause: Evasion items are banned
|rule|Evasion Moves Clause: Evasion moves are banned
|rule|Evasion Abilities Clause: Evasion abilities are banned
|rule|Sleep Moves Clause: Sleep-inducing moves are banned
|clearpoke
|poke|p1|Clodsire, M|
|poke|p1|Meowscarada, M|
|poke|p1|Alomomola, M|
|poke|p1|Enamorus-Therian, F|
|poke|p1|Ceruledge, F|
|poke|p1|Reuniclus, F|
|poke|p2|Toxapex, F|
|poke|p2|Corviknight, F|
|poke|p2|Gliscor, M|
|poke|p2|Garganacl, F|
|poke|p2|Ting-Lu|
|poke|p2|Gholdengo|
|teampreview
|inactive|Battle timer is ON: inactive players will automatically lose when time's up. (requested by RugzV)
|
|t:|1757833304
|teamsize|p1|6
|teamsize|p2|6
|start
|switch|p1a: Purrfecto|Meowscarada, M|100/100
|switch|p2a: Gliscor|Gliscor, M|100/100
|turn|1
|
|t:|1757833319
|move|p2a: Gliscor|Protect|p2a: Gliscor
|-singleturn|p2a: Gliscor|Protect
|move|p1a: Purrfecto|Knock Off|p2a: Gliscor
|-start|p1a: Purrfecto|typechange|Dark|[from] ability: Protean
|-activate|p2a: Gliscor|move: Protect
|
|-status|p2a: Gliscor|tox|[from] item: Toxic Orb
|upkeep
|turn|2
|
|t:|1757833334
|switch|p1a: Clodders|Clodsire, M|100/100
|move|p2a: Gliscor|U-turn|p1a: Clodders
|-resisted|p1a: Clodders
|-damage|p1a: Clodders|92/100
|
|t:|1757833351
|switch|p2a: Garganacl|Garganacl, F|100/100|[from] U-turn
|
|-heal|p1a: Clodders|98/100|[from] item: Leftovers
|upkeep
|turn|3
|
|t:|1757833357
|switch|p1a: Embybro|Reuniclus, F|100/100
|move|p2a: Garganacl|Stealth Rock|p1a: Embybro
|-sidestart|p1: RugzV|move: Stealth Rock
|
|upkeep
|turn|4
|
|t:|1757833364
|move|p1a: Embybro|Knock Off|p2a: Garganacl
|-damage|p2a: Garganacl|90/100
|-enditem|p2a: Garganacl|Leftovers|[from] move: Knock Off|[of] p1a: Embybro
|move|p2a: Garganacl|Recover|p2a: Garganacl
|-heal|p2a: Garganacl|100/100
|
|upkeep
|turn|5
|
|t:|1757833371
|move|p1a: Embybro|Psychic Noise|p2a: Garganacl
|-damage|p2a: Garganacl|54/100
|-start|p2a: Garganacl|move: Heal Block
|move|p2a: Garganacl|Salt Cure|p1a: Embybro
|-damage|p1a: Embybro|86/100
|-start|p1a: Embybro|Salt Cure
|
|upkeep
|turn|6
|
|t:|1757833381
|switch|p2a: Ting-Lu|Ting-Lu|100/100
|-ability|p2a: Ting-Lu|Vessel of Ruin
|move|p1a: Embybro|Psychic Noise|p2a: Ting-Lu
|-immune|p2a: Ting-Lu
|
|upkeep
|turn|7
|
|t:|1757833390
|-terastallize|p1a: Embybro|Fighting
|move|p2a: Ting-Lu|Earthquake|p1a: Embybro
|-damage|p1a: Embybro|45/100
|move|p1a: Embybro|Focus Blast|p2a: Ting-Lu|[miss]
|-miss|p1a: Embybro|p2a: Ting-Lu
|
|upkeep
|turn|8
|
|t:|1757833407
|move|p2a: Ting-Lu|Earthquake|p1a: Embybro
|-damage|p1a: Embybro|4/100
|move|p1a: Embybro|Recover|p1a: Embybro
|-heal|p1a: Embybro|54/100
|
|upkeep
|turn|9
|
|t:|1757833423
|move|p2a: Ting-Lu|Spikes|p1a: Embybro
|-sidestart|p1: RugzV|Spikes
|move|p1a: Embybro|Focus Blast|p2a: Ting-Lu
|-supereffective|p2a: Ting-Lu
|-damage|p2a: Ting-Lu|32/100
|
|-heal|p2a: Ting-Lu|38/100|[from] item: Leftovers
|upkeep
|turn|10
|
|t:|1757833437
|move|p2a: Ting-Lu|Spikes|p1a: Embybro
|-sidestart|p1: RugzV|Spikes
|move|p1a: Embybro|Recover|p1a: Embybro
|-heal|p1a: Embybro|100/100
|
|-heal|p2a: Ting-Lu|44/100|[from] item: Leftovers
|upkeep
|turn|11
|
|t:|1757833444
|move|p2a: Ting-Lu|Spikes|p1a: Embybro
|-sidestart|p1: RugzV|Spikes
|move|p1a: Embybro|Focus Blast|p2a: Ting-Lu
|-supereffective|p2a: Ting-Lu
|-damage|p2a: Ting-Lu|0 fnt
|faint|p2a: Ting-Lu
|
|upkeep
|
|t:|1757833458
|switch|p2a: Gholdengo|Gholdengo, shiny|100/100
|turn|12
|
|t:|1757833462
|switch|p1a: Clodders|Clodsire, M|98/100
|-damage|p1a: Clodders|92/100|[from] Stealth Rock
|-damage|p1a: Clodders|67/100|[from] Spikes
|move|p2a: Gholdengo|Nasty Plot|p2a: Gholdengo
|-boost|p2a: Gholdengo|spa|2
|
|-heal|p1a: Clodders|73/100|[from] item: Leftovers
|upkeep
|turn|13
|
|t:|1757833473
|switch|p2a: Gliscor|Gliscor, M|100/100 tox
|move|p1a: Clodders|Earthquake|p2a: Gliscor
|-immune|p2a: Gliscor
|
|-heal|p1a: Clodders|79/100|[from] item: Leftovers
|upkeep
|turn|14
|
|t:|1757833481
|move|p2a: Gliscor|Knock Off|p1a: Clodders
|-damage|p1a: Clodders|56/100
|-enditem|p1a: Clodders|Leftovers|[from] move: Knock Off|[of] p2a: Gliscor
|move|p1a: Clodders|Stealth Rock|p2a: Gliscor
|-sidestart|p2: MovingStone|move: Stealth Rock
|
|upkeep
|turn|15
|
|t:|1757833488
|move|p2a: Gliscor|Earthquake|p1a: Clodders
|-supereffective|p1a: Clodders
|-damage|p1a: Clodders|0 fnt
|faint|p1a: Clodders
|
|upkeep
|
|t:|1757833499
|switch|p1a: Purrfecto|Meowscarada, M|100/100
|-damage|p1a: Purrfecto|88/100|[from] Stealth Rock
|-damage|p1a: Purrfecto|63/100|[from] Spikes
|turn|16
|
|t:|1757833509
|move|p2a: Gliscor|Protect|p2a: Gliscor
|-singleturn|p2a: Gliscor|Protect
|move|p1a: Purrfecto|Triple Axel|p2a: Gliscor
|-start|p1a: Purrfecto|typechange|Ice|[from] ability: Protean
|-activate|p2a: Gliscor|move: Protect
|
|upkeep
|turn|17
|
|t:|1757833524
|-terastallize|p2a: Gliscor|Water
|move|p1a: Purrfecto|Triple Axel|p2a: Gliscor
|-resisted|p2a: Gliscor
|-damage|p2a: Gliscor|98/100 tox
|-resisted|p2a: Gliscor
|-damage|p2a: Gliscor|92/100 tox
|-resisted|p2a: Gliscor
|-damage|p2a: Gliscor|84/100 tox
|-hitcount|p2a: Gliscor|3
|move|p2a: Gliscor|Knock Off|p1a: Purrfecto
|-damage|p1a: Purrfecto|30/100
|-enditem|p1a: Purrfecto|Choice Scarf|[from] move: Knock Off|[of] p2a: Gliscor
|
|-heal|p2a: Gliscor|97/100 tox|[from] ability: Poison Heal
|upkeep
|turn|18
|
|t:|1757833539
|move|p1a: Purrfecto|Flower Trick|p2a: Gliscor
|-supereffective|p2a: Gliscor
|-crit|p2a: Gliscor
|-damage|p2a: Gliscor|56/100 tox
|move|p2a: Gliscor|Earthquake|p1a: Purrfecto
|-damage|p1a: Purrfecto|0 fnt
|faint|p1a: Purrfecto
|
|-heal|p2a: Gliscor|68/100 tox|[from] ability: Poison Heal
|upkeep
|
|t:|1757833550
|switch|p1a: Embybro|Reuniclus, F, tera:Fighting|100/100
|turn|19
|
|t:|1757833555
|move|p2a: Gliscor|Protect|p2a: Gliscor
|-singleturn|p2a: Gliscor|Protect
|move|p1a: Embybro|Psychic Noise|p2a: Gliscor
|-activate|p2a: Gliscor|move: Protect
|
|-heal|p2a: Gliscor|81/100 tox|[from] ability: Poison Heal
|upkeep
|turn|20
|
|t:|1757833566
|move|p2a: Gliscor|Knock Off|p1a: Embybro
|-resisted|p1a: Embybro
|-damage|p1a: Embybro|90/100
|-enditem|p1a: Embybro|Life Orb|[from] move: Knock Off|[of] p2a: Gliscor
|move|p1a: Embybro|Knock Off|p2a: Gliscor
|-damage|p2a: Gliscor|72/100 tox
|-enditem|p2a: Gliscor|Toxic Orb|[from] move: Knock Off|[of] p1a: Embybro
|
|-heal|p2a: Gliscor|84/100 tox|[from] ability: Poison Heal
|upkeep
|turn|21
|
|t:|1757833577
|move|p2a: Gliscor|Protect|p2a: Gliscor
|-singleturn|p2a: Gliscor|Protect
|move|p1a: Embybro|Psychic Noise|p2a: Gliscor
|-activate|p2a: Gliscor|move: Protect
|
|-heal|p2a: Gliscor|97/100 tox|[from] ability: Poison Heal
|upkeep
|turn|22
|
|t:|1757833589
|move|p2a: Gliscor|U-turn|p1a: Embybro
|-resisted|p1a: Embybro
|-damage|p1a: Embybro|83/100
|
|t:|1757833590
|switch|p2a: Gholdengo|Gholdengo, shiny|100/100|[from] U-turn
|-damage|p2a: Gholdengo|94/100|[from] Stealth Rock
|move|p1a: Embybro|Psychic Noise|p2a: Gholdengo
|-resisted|p2a: Gholdengo
|-damage|p2a: Gholdengo|72/100
|-start|p2a: Gholdengo|move: Heal Block
|
|upkeep
|turn|23
|
|t:|1757833608
|move|p2a: Gholdengo|Shadow Ball|p1a: Embybro
|-damage|p1a: Embybro|34/100
|-damage|p2a: Gholdengo|62/100|[from] item: Life Orb
|move|p1a: Embybro|Knock Off|p2a: Gholdengo
|-supereffective|p2a: Gholdengo
|-damage|p2a: Gholdengo|29/100
|-enditem|p2a: Gholdengo|Life Orb|[from] move: Knock Off|[of] p1a: Embybro
|
|-end|p2a: Gholdengo|move: Heal Block
|upkeep
|turn|24
|inactive|RugzV has 120 seconds left.
|
|t:|1757833651
|move|p2a: Gholdengo|Shadow Ball|p1a: Embybro
|-crit|p1a: Embybro
|-damage|p1a: Embybro|0 fnt
|faint|p1a: Embybro
|
|upkeep
|-message|RugzV forfeited.
|
|win|MovingStone
|raw|RugzV's rating: 1283 &rarr; <strong>1256</strong><br />(-27 for losing)
|raw|MovingStone's rating: 1253 &rarr; <strong>1280</strong><br />(+27 for winning)
|l|☆RugzV
|player|p1|
|l|☆MovingStone
|player|p2|
