|j|☆stroopwaffle3
|j|☆ernozo
|t:|1757934123
|gametype|singles
|player|p1|stroopwaffle3|nate|1133
|player|p2|ernozo|skierf|1119
|gen|9
|tier|[Gen 9] OU
|rated|
|rule|HP Percentage Mod: HP is shown in percentages
|rule|Endless Battle Clause: Forcing endless battles is banned
|rule|Species Clause: Limit one of each Pokémon
|rule|OHKO Clause: OHKO moves are banned
|rule|Evasion Items Clause: Evasion items are banned
|rule|Evasion Moves Clause: Evasion moves are banned
|rule|Evasion Abilities Clause: Evasion abilities are banned
|rule|Sleep Moves Clause: Sleep-inducing moves are banned
|clearpoke
|poke|p1|Politoed, F|
|poke|p1|Ogerpon-Wellspring, F|
|poke|p1|Talonflame, F|
|poke|p1|Walking Wake|
|poke|p1|Tatsugiri, F|
|poke|p1|Landorus-Therian, M|
|poke|p2|Ninetales-Alola, M|
|poke|p2|Frosmoth, M|
|poke|p2|Froslass, F|
|poke|p2|Cloyster, F|
|poke|p2|Dewgong, M|
|poke|p2|Kyurem|
|teampreview
|inactive|Battle timer is ON: inactive players will automatically lose when time's up. (requested by stroopwaffle3)
|
|t:|1757934182
|teamsize|p1|6
|teamsize|p2|6
|start
|switch|p1a: Talonflame|Talonflame, F|100/100
|switch|p2a: Froslass|Froslass, F|100/100
|turn|1
|inactive|ernozo has 120 seconds left.
|
|t:|1757934240
|move|p1a: Talonflame|Fire Blast|p2a: Froslass
|-supereffective|p2a: Froslass
|-enditem|p2a: Froslass|Focus Sash
|-damage|p2a: Froslass|1/100
|-start|p1a: Talonflame|Disable|Fire Blast|[from] ability: Cursed Body|[of] p2a: Froslass
|move|p2a: Froslass|Icy Wind|p1a: Talonflame
|-damage|p1a: Talonflame|76/100
|-unboost|p1a: Talonflame|spe|1
|
|upkeep
|turn|2
|
|t:|1757934256
|switch|p1a: Politoed|Politoed, F|100/100
|-weather|RainDance|[from] ability: Drizzle|[of] p1a: Politoed
|move|p2a: Froslass|Destiny Bond|p2a: Froslass
|-singlemove|p2a: Froslass|Destiny Bond
|
|-weather|RainDance|[upkeep]
|upkeep
|turn|3
|
|t:|1757934276
|move|p2a: Froslass|Spikes|p1a: Politoed
|-sidestart|p1: stroopwaffle3|Spikes
|move|p1a: Politoed|Ice Beam|p2a: Froslass
|-resisted|p2a: Froslass
|-damage|p2a: Froslass|0 fnt
|faint|p2a: Froslass
|
|-weather|RainDance|[upkeep]
|upkeep
|
|t:|1757934279
|switch|p2a: Ninetales|Ninetales-Alola, M|100/100
|-weather|Snowscape|[from] ability: Snow Warning|[of] p2a: Ninetales
|turn|4
|
|t:|1757934295
|switch|p1a: Tatsugiri|Tatsugiri, F|100/100
|move|p2a: Ninetales|Aurora Veil|p2a: Ninetales
|-sidestart|p2: ernozo|move: Aurora Veil
|
|-weather|Snowscape|[upkeep]
|upkeep
|turn|5
|
|t:|1757934302
|move|p2a: Ninetales|Blizzard|p1a: Tatsugiri
|-damage|p1a: Tatsugiri|45/100
|move|p1a: Tatsugiri|Nasty Plot|p1a: Tatsugiri
|-boost|p1a: Tatsugiri|spa|2
|
|-weather|Snowscape|[upkeep]
|upkeep
|turn|6
|
|t:|1757934309
|move|p2a: Ninetales|Blizzard|p1a: Tatsugiri
|-damage|p1a: Tatsugiri|0 fnt
|faint|p1a: Tatsugiri
|
|-weather|Snowscape|[upkeep]
|upkeep
|
|t:|1757934317
|switch|p1a: Politoed|Politoed, F|100/100
|-damage|p1a: Politoed|88/100|[from] Spikes
|-weather|RainDance|[from] ability: Drizzle|[of] p1a: Politoed
|turn|7
|
|t:|1757934325
|switch|p2a: Dewgong|Dewgong, M|100/100
|move|p1a: Politoed|Perish Song|p1a: Politoed
|-start|p1a: Politoed|perish3|[silent]
|-start|p2a: Dewgong|perish3|[silent]
|-fieldactivate|move: Perish Song
|
|-weather|RainDance|[upkeep]
|-start|p2a: Dewgong|perish3
|-start|p1a: Politoed|perish3
|upkeep
|turn|8
|
|t:|1757934335
|switch|p1a: Talonflame|Talonflame, F|76/100
|move|p2a: Dewgong|Whirlpool|p1a: Talonflame
|-supereffective|p1a: Talonflame
|-crit|p1a: Talonflame
|-damage|p1a: Talonflame|12/100
|-activate|p1a: Talonflame|move: Whirlpool|[of] p2a: Dewgong
|
|-weather|RainDance|[upkeep]
|-damage|p1a: Talonflame|0 fnt|[from] move: Whirlpool|[partiallytrapped]
|faint|p1a: Talonflame
|-start|p2a: Dewgong|perish2
|upkeep
|
|t:|1757934346
|switch|p1a: Ogerpon|Ogerpon-Wellspring, F|100/100
|-damage|p1a: Ogerpon|88/100|[from] Spikes
|turn|9
|
|t:|1757934350
|move|p1a: Ogerpon|Swords Dance|p1a: Ogerpon
|-boost|p1a: Ogerpon|atk|2
|move|p2a: Dewgong|Perish Song|p2a: Dewgong
|-start|p1a: Ogerpon|perish3|[silent]
|-fieldactivate|move: Perish Song
|
|-weather|RainDance|[upkeep]
|-start|p1a: Ogerpon|perish3
|-start|p2a: Dewgong|perish1
|upkeep
|turn|10
|
|t:|1757934359
|switch|p2a: Ninetales|Ninetales-Alola, M|100/100
|-weather|Snowscape|[from] ability: Snow Warning|[of] p2a: Ninetales
|move|p1a: Ogerpon|Horn Leech|p2a: Ninetales
|-damage|p2a: Ninetales|53/100
|-heal|p1a: Ogerpon|100/100|[from] drain|[of] p2a: Ninetales
|
|-weather|Snowscape|[upkeep]
|-start|p1a: Ogerpon|perish2
|upkeep
|turn|11
|
|t:|1757934369
|move|p1a: Ogerpon|Ivy Cudgel|p2a: Ninetales|[anim] Ivy Cudgel Water
|-damage|p2a: Ninetales|0 fnt
|faint|p2a: Ninetales
|
|-weather|Snowscape|[upkeep]
|-start|p1a: Ogerpon|perish1
|-sideend|p2: ernozo|move: Aurora Veil
|upkeep
|
|t:|1757934372
|switch|p2a: Frosmoth|Frosmoth, M|100/100
|turn|12
|
|t:|1757934377
|switch|p1a: Politoed|Politoed, F|88/100
|-damage|p1a: Politoed|75/100|[from] Spikes
|-weather|RainDance|[from] ability: Drizzle|[of] p1a: Politoed
|move|p2a: Frosmoth|Quiver Dance|p2a: Frosmoth
|-boost|p2a: Frosmoth|spa|1
|-boost|p2a: Frosmoth|spd|1
|-boost|p2a: Frosmoth|spe|1
|
|-weather|RainDance|[upkeep]
|upkeep
|turn|13
|
|t:|1757934387
|move|p2a: Frosmoth|Ice Beam|p1a: Politoed
|-resisted|p1a: Politoed
|-damage|p1a: Politoed|45/100
|move|p1a: Politoed|Hydro Pump|p2a: Frosmoth
|-damage|p2a: Frosmoth|78/100
|
|-weather|RainDance|[upkeep]
|upkeep
|turn|14
|
|t:|1757934393
|move|p2a: Frosmoth|Ice Beam|p1a: Politoed
|-resisted|p1a: Politoed
|-damage|p1a: Politoed|16/100
|move|p1a: Politoed|Endeavor|p2a: Frosmoth
|-damage|p2a: Frosmoth|22/100
|
|-weather|RainDance|[upkeep]
|upkeep
|turn|15
|
|t:|1757934402
|move|p2a: Frosmoth|Ice Beam|p1a: Politoed
|-resisted|p1a: Politoed
|-damage|p1a: Politoed|0 fnt
|faint|p1a: Politoed
|
|-weather|RainDance|[upkeep]
|upkeep
|
|t:|1757934407
|switch|p1a: Landorus|Landorus-Therian, M|100/100
|-ability|p1a: Landorus|Intimidate|boost
|-unboost|p2a: Frosmoth|atk|1
|turn|16
|
|t:|1757934412
|move|p1a: Landorus|Stone Edge|p2a: Frosmoth
|-supereffective|p2a: Frosmoth
|-damage|p2a: Frosmoth|0 fnt
|faint|p2a: Frosmoth
|
|-weather|RainDance|[upkeep]
|upkeep
|
|t:|1757934423
|switch|p2a: Cloyster|Cloyster, F|100/100
|turn|17
|
|t:|1757934432
|move|p1a: Landorus|Stone Edge|p2a: Cloyster
|-supereffective|p2a: Cloyster
|-damage|p2a: Cloyster|31/100
|move|p2a: Cloyster|Icicle Spear|p1a: Landorus
|-supereffective|p1a: Landorus
|-damage|p1a: Landorus|47/100
|-supereffective|p1a: Landorus
|-damage|p1a: Landorus|0 fnt
|faint|p1a: Landorus
|-hitcount|p1: Landorus|2
|
|-weather|RainDance|[upkeep]
|upkeep
|
|t:|1757934454
|switch|p1a: Ogerpon|Ogerpon-Wellspring, F|100/100
|-damage|p1a: Ogerpon|88/100|[from] Spikes
|turn|18
|
|t:|1757934458
|move|p1a: Ogerpon|Horn Leech|p2a: Cloyster
|-supereffective|p2a: Cloyster
|-damage|p2a: Cloyster|0 fnt
|-heal|p1a: Ogerpon|100/100|[from] drain|[of] p2a: Cloyster
|faint|p2a: Cloyster
|
|-weather|RainDance|[upkeep]
|upkeep
|
|t:|1757934462
|switch|p2a: Dewgong|Dewgong, M|100/100
|turn|19
|
|t:|1757934468
|move|p1a: Ogerpon|Swords Dance|p1a: Ogerpon
|-boost|p1a: Ogerpon|atk|2
|move|p2a: Dewgong|Perish Song|p2a: Dewgong
|-start|p1a: Ogerpon|perish3|[silent]
|-start|p2a: Dewgong|perish3|[silent]
|-fieldactivate|move: Perish Song
|
|-weather|none
|-start|p1a: Ogerpon|perish3
|-start|p2a: Dewgong|perish3
|upkeep
|turn|20
|
|t:|1757934476
|move|p1a: Ogerpon|Horn Leech|p2a: Dewgong
|-supereffective|p2a: Dewgong
|-damage|p2a: Dewgong|0 fnt
|faint|p2a: Dewgong
|
|-start|p1a: Ogerpon|perish2
|upkeep
|
|t:|1757934479
|switch|p2a: Kyurem|Kyurem|100/100
|-ability|p2a: Kyurem|Pressure
|turn|21
|
|t:|1757934486
|-terastallize|p1a: Ogerpon|Water
|detailschange|p1a: Ogerpon|Ogerpon-Wellspring-Tera, F, tera:Water
|-ability|p1a: Ogerpon|Embody Aspect (Wellspring)|boost
|-boost|p1a: Ogerpon|spd|1
|-terastallize|p2a: Kyurem|Poison
|move|p1a: Ogerpon|Play Rough|p2a: Kyurem
|-resisted|p2a: Kyurem
|-damage|p2a: Kyurem|69/100
|move|p2a: Kyurem|Dragon Dance|p2a: Kyurem
|-boost|p2a: Kyurem|atk|1
|-boost|p2a: Kyurem|spe|1
|
|-start|p1a: Ogerpon|perish1
|upkeep
|turn|22
|c|☆stroopwaffle3|gg
|
|t:|1757934498
|move|p2a: Kyurem|Dragon Dance|p2a: Kyurem
|-boost|p2a: Kyurem|atk|1
|-boost|p2a: Kyurem|spe|1
|move|p1a: Ogerpon|Ivy Cudgel|p2a: Kyurem|[anim] Ivy Cudgel Water
|-damage|p2a: Kyurem|0 fnt
|faint|p2a: Kyurem
|
|win|stroopwaffle3
|raw|stroopwaffle3's rating: 1133 &rarr; <strong>1157</strong><br />(+24 for winning)
|raw|ernozo's rating: 1119 &rarr; <strong>1095</strong><br />(-24 for losing)
|l|☆ernozo
|player|p2|
