|j|☆jessieenjoyerez
|j|☆Rixx Sensei
|t:|1757861702
|gametype|singles
|player|p1|jessieenjoyerez|cynthia|1321
|player|p2|Rixx Sensei|blue-gen7|1270
|gen|9
|tier|[Gen 9] OU
|rated|
|rule|HP Percentage Mod: HP is shown in percentages
|rule|Endless Battle Clause: Forcing endless battles is banned
|rule|Species Clause: Limit one of each Pokémon
|rule|OHKO Clause: OHKO moves are banned
|rule|Evasion Items Clause: Evasion items are banned
|rule|Evasion Moves Clause: Evasion moves are banned
|rule|Evasion Abilities Clause: Evasion abilities are banned
|rule|Sleep Moves Clause: Sleep-inducing moves are banned
|clearpoke
|poke|p1|Ogerpon-Wellspring, F|
|poke|p1|Garchomp, F|
|poke|p1|Thundurus-Therian, M|
|poke|p1|Kingambit, F|
|poke|p1|Iron Valiant|
|poke|p1|Amoonguss, F|
|poke|p2|Ninetales, F|
|poke|p2|Raging Bolt|
|poke|p2|Hatterene, F|
|poke|p2|Walking Wake|
|poke|p2|Great Tusk|
|poke|p2|Scizor, F|
|teampreview
|inactive|Battle timer is ON: inactive players will automatically lose when time's up. (requested by jessieenjoyerez)
|
|t:|1757861708
|teamsize|p1|6
|teamsize|p2|6
|start
|switch|p1a: Garchomp|Garchomp, F, shiny|100/100
|switch|p2a: Ninetales|Ninetales, F, shiny|100/100
|-weather|SunnyDay|[from] ability: Drought|[of] p2a: Ninetales
|turn|1
|
|t:|1757861712
|switch|p2a: Hatterene|Hatterene, F, shiny|100/100
|move|p1a: Garchomp|Earthquake|p2a: Hatterene
|-damage|p2a: Hatterene|56/100
|
|-weather|SunnyDay|[upkeep]
|upkeep
|turn|2
|
|t:|1757861725
|switch|p1a: Kingambit|Kingambit, F|100/100
|move|p2a: Hatterene|Draining Kiss|p1a: Kingambit
|-damage|p1a: Kingambit|77/100
|-heal|p2a: Hatterene|78/100|[from] drain|[of] p1a: Kingambit
|
|-weather|SunnyDay|[upkeep]
|upkeep
|turn|3
|
|t:|1757861733
|switch|p2a: Scizor|Scizor, F|100/100
|move|p1a: Kingambit|Iron Head|p2a: Scizor
|-resisted|p2a: Scizor
|-damage|p2a: Scizor|75/100
|
|-weather|SunnyDay|[upkeep]
|upkeep
|turn|4
|
|t:|1757861738
|-end|p1a: Kingambit|fallenundefined|[silent]
|switch|p1a: Amoonguss|Amoonguss, F|100/100
|move|p2a: Scizor|U-turn|p1a: Amoonguss
|-damage|p1a: Amoonguss|61/100
|
|t:|1757861746
|switch|p2a: Walking Wake|Walking Wake|100/100|[from] U-turn
|-activate|p2a: Walking Wake|ability: Protosynthesis
|-start|p2a: Walking Wake|protosynthesisspe
|
|-weather|SunnyDay|[upkeep]
|upkeep
|turn|5
|
|t:|1757861765
|move|p2a: Walking Wake|Flamethrower|p1a: Amoonguss
|-supereffective|p1a: Amoonguss
|-damage|p1a: Amoonguss|0 fnt
|faint|p1a: Amoonguss
|
|-weather|SunnyDay|[upkeep]
|upkeep
|
|t:|1757861774
|switch|p1a: Thundurus|Thundurus-Therian, M, shiny|100/100
|turn|6
|
|t:|1757861778
|-end|p2a: Walking Wake|Protosynthesis|[silent]
|switch|p2a: Great Tusk|Great Tusk, shiny|100/100
|-activate|p2a: Great Tusk|ability: Protosynthesis
|-start|p2a: Great Tusk|protosynthesisatk
|move|p1a: Thundurus|Grass Knot|p2a: Great Tusk
|-supereffective|p2a: Great Tusk
|-damage|p2a: Great Tusk|0 fnt
|-damage|p1a: Thundurus|84/100|[from] item: Rocky Helmet|[of] p2a: Great Tusk
|faint|p2a: Great Tusk
|-end|p2a: Great Tusk|Protosynthesis|[silent]
|-damage|p1a: Thundurus|74/100|[from] item: Life Orb
|
|-weather|SunnyDay|[upkeep]
|upkeep
|
|t:|1757861782
|switch|p2a: Walking Wake|Walking Wake|100/100
|-activate|p2a: Walking Wake|ability: Protosynthesis
|-start|p2a: Walking Wake|protosynthesisspe
|turn|7
|
|t:|1757861793
|move|p2a: Walking Wake|Draco Meteor|p1a: Thundurus
|-damage|p1a: Thundurus|0 fnt
|-unboost|p2a: Walking Wake|spa|2
|faint|p1a: Thundurus
|
|-weather|SunnyDay|[upkeep]
|upkeep
|
|t:|1757861796
|switch|p1a: Ogerpon|Ogerpon-Wellspring, F|100/100
|turn|8
|
|t:|1757861800
|-end|p2a: Walking Wake|Protosynthesis|[silent]
|switch|p2a: Scizor|Scizor, F|75/100
|move|p1a: Ogerpon|Horn Leech|p2a: Scizor
|-resisted|p2a: Scizor
|-damage|p2a: Scizor|64/100
|
|-weather|none
|upkeep
|turn|9
|
|t:|1757861807
|switch|p1a: Garchomp|Garchomp, F, shiny|100/100
|move|p2a: Scizor|U-turn|p1a: Garchomp
|-damage|p1a: Garchomp|40/100
|-damage|p2a: Scizor|52/100|[from] ability: Rough Skin|[of] p1a: Garchomp
|
|t:|1757861816
|switch|p2a: Walking Wake|Walking Wake|100/100|[from] U-turn
|
|upkeep
|turn|10
|
|t:|1757861819
|move|p1a: Garchomp|Dragon Claw|p2a: Walking Wake
|-supereffective|p2a: Walking Wake
|-crit|p2a: Walking Wake
|-damage|p2a: Walking Wake|0 fnt
|faint|p2a: Walking Wake
|-end|p2a: Walking Wake|Protosynthesis|[silent]
|
|upkeep
|
|t:|1757861824
|switch|p2a: Hatterene|Hatterene, F, shiny|78/100
|turn|11
|
|t:|1757861833
|switch|p1a: Kingambit|Kingambit, F|77/100
|-activate|p1a: Kingambit|ability: Supreme Overlord
|-start|p1a: Kingambit|fallen2|[silent]
|move|p2a: Hatterene|Mystical Fire|p1a: Kingambit
|-supereffective|p1a: Kingambit
|-damage|p1a: Kingambit|34/100
|-unboost|p1a: Kingambit|spa|1
|
|upkeep
|turn|12
|
|t:|1757861841
|-terastallize|p2a: Hatterene|Steel
|move|p1a: Kingambit|Kowtow Cleave|p2a: Hatterene
|-damage|p2a: Hatterene|26/100
|move|p2a: Hatterene|Mystical Fire|p1a: Kingambit
|-supereffective|p1a: Kingambit
|-damage|p1a: Kingambit|0 fnt
|faint|p1a: Kingambit
|-end|p1a: Kingambit|fallen2|[silent]
|
|upkeep
|
|t:|1757861848
|switch|p1a: Ogerpon|Ogerpon-Wellspring, F|100/100
|turn|13
|
|t:|1757861852
|move|p1a: Ogerpon|Swords Dance|p1a: Ogerpon
|-boost|p1a: Ogerpon|atk|2
|move|p2a: Hatterene|Draining Kiss|p1a: Ogerpon
|-damage|p1a: Ogerpon|72/100
|-heal|p2a: Hatterene|46/100|[from] drain|[of] p1a: Ogerpon
|
|upkeep
|turn|14
|
|t:|1757861871
|switch|p2a: Raging Bolt|Raging Bolt|100/100
|-enditem|p2a: Raging Bolt|Booster Energy
|-activate|p2a: Raging Bolt|ability: Protosynthesis|[fromitem]
|-start|p2a: Raging Bolt|protosynthesisspa
|-terastallize|p1a: Ogerpon|Water
|detailschange|p1a: Ogerpon|Ogerpon-Wellspring-Tera, F, tera:Water
|-ability|p1a: Ogerpon|Embody Aspect (Wellspring)|boost
|-boost|p1a: Ogerpon|spd|1
|move|p1a: Ogerpon|Knock Off|p2a: Raging Bolt
|-damage|p2a: Raging Bolt|54/100
|
|upkeep
|turn|15
|
|t:|1757861881
|move|p1a: Ogerpon|Ivy Cudgel|p2a: Raging Bolt|[anim] Ivy Cudgel Water
|-resisted|p2a: Raging Bolt
|-damage|p2a: Raging Bolt|0 fnt
|faint|p2a: Raging Bolt
|-end|p2a: Raging Bolt|Protosynthesis|[silent]
|
|upkeep
|-message|Rixx Sensei forfeited.
|
|win|jessieenjoyerez
|raw|jessieenjoyerez's rating: 1321 &rarr; <strong>1338</strong><br />(+17 for winning)
|raw|Rixx Sensei's rating: 1270 &rarr; <strong>1249</strong><br />(-21 for losing)
|l|☆Rixx Sensei
|player|p2|
|l|☆jessieenjoyerez
|player|p1|
