|inactive|Battle timer is ON: inactive players will automatically lose when time's up.
|t:|1757879429
|gametype|singles
|player|p1|tonkaman|#wcop2025africa|
|player|p2|Ineros|irida|
|gen|9
|tier|[Gen 9] OU
|rule|HP Percentage Mod: HP is shown in percentages
|rule|Endless Battle Clause: Forcing endless battles is banned
|rule|Species Clause: Limit one of each Pokémon
|rule|OHKO Clause: OHKO moves are banned
|rule|Evasion Items Clause: Evasion items are banned
|rule|Evasion Moves Clause: Evasion moves are banned
|rule|Evasion Abilities Clause: Evasion abilities are banned
|rule|Sleep Moves Clause: Sleep-inducing moves are banned
|clearpoke
|poke|p1|Ting-Lu|
|poke|p1|Zapdos|
|poke|p1|Gholdengo|
|poke|p1|Primarina, F|
|poke|p1|Dragonite, F|
|poke|p1|Zamazenta-*|
|poke|p2|Landorus-Therian, M|
|poke|p2|Gholdengo|
|poke|p2|Zamazenta-*|
|poke|p2|Dragonite, F|
|poke|p2|Primarina, F|
|poke|p2|Cinderace, F|
|teampreview
|c|☆Ineros|hf
|c|☆tonkaman|U2
|inactive|Ineros has 270 seconds left.
|inactive|Ineros has 240 seconds left.
|inactive|Ineros has 210 seconds left.
|
|t:|1757879521
|teamsize|p1|6
|teamsize|p2|6
|start
|switch|p1a: Primarina|Primarina, F|100/100
|switch|p2a: Landorus|Landorus-Therian, M|100/100
|-ability|p2a: Landorus|Intimidate|boost
|-unboost|p1a: Primarina|atk|1
|turn|1
|inactive|Ineros has 270 seconds left.
|inactive|Ineros has 240 seconds left.
|
|t:|1757879587
|move|p2a: Landorus|U-turn|p1a: Primarina
|-resisted|p1a: Primarina
|-damage|p1a: Primarina|91/100
|inactive|Ineros has 210 seconds left.
|c|+play 2 improve|whats thsi for
|c|☆tonkaman|ssnl
|inactive|Ineros has 180 seconds left.
|
|t:|1757879641
|switch|p2a: Gholdengo|Gholdengo|100/100|[from] U-turn
|move|p1a: Primarina|Psychic Noise|p2a: Gholdengo
|-damage|p2a: Gholdengo|66/100
|-start|p2a: Gholdengo|move: Heal Block
|
|-heal|p1a: Primarina|97/100|[from] item: Leftovers
|upkeep
|turn|2
|
|t:|1757879647
|switch|p1a: Ting-Lu|Ting-Lu|100/100
|-ability|p1a: Ting-Lu|Vessel of Ruin
|move|p2a: Gholdengo|Make It Rain|p1a: Ting-Lu
|-damage|p1a: Ting-Lu|64/100
|-unboost|p2a: Gholdengo|spa|1
|
|-heal|p1a: Ting-Lu|70/100|[from] item: Leftovers
|-end|p2a: Gholdengo|move: Heal Block
|upkeep
|turn|3
|
|t:|1757879651
|switch|p2a: Landorus|Landorus-Therian, M|100/100
|-ability|p2a: Landorus|Intimidate|boost
|-unboost|p1a: Ting-Lu|atk|1
|move|p1a: Ting-Lu|Stealth Rock|p2a: Landorus
|-sidestart|p2: Ineros|move: Stealth Rock
|
|-heal|p1a: Ting-Lu|77/100|[from] item: Leftovers
|upkeep
|turn|4
|
|t:|1757879659
|switch|p1a: Primarina|Primarina, F|97/100
|move|p2a: Landorus|Stealth Rock|p1a: Primarina
|-sidestart|p1: tonkaman|move: Stealth Rock
|
|-heal|p1a: Primarina|100/100|[from] item: Leftovers
|upkeep
|turn|5
|inactive|Ineros has 180 seconds left.
|
|t:|1757879693
|move|p2a: Landorus|U-turn|p1a: Primarina
|-resisted|p1a: Primarina
|-damage|p1a: Primarina|90/100
|
|t:|1757879694
|switch|p2a: Primarina|Primarina, F|100/100|[from] U-turn
|-damage|p2a: Primarina|88/100|[from] Stealth Rock
|move|p1a: Primarina|Psychic Noise|p2a: Primarina
|-resisted|p2a: Primarina
|-damage|p2a: Primarina|76/100
|-start|p2a: Primarina|move: Heal Block
|
|-heal|p1a: Primarina|96/100|[from] item: Leftovers
|upkeep
|turn|6
|
|t:|1757879699
|move|p1a: Primarina|Calm Mind|p1a: Primarina
|-boost|p1a: Primarina|spa|1
|-boost|p1a: Primarina|spd|1
|move|p2a: Primarina|Psychic Noise|p1a: Primarina
|-resisted|p1a: Primarina
|-damage|p1a: Primarina|86/100
|-start|p1a: Primarina|move: Heal Block
|
|-end|p2a: Primarina|move: Heal Block
|upkeep
|turn|7
|
|t:|1757879703
|move|p1a: Primarina|Psychic Noise|p2a: Primarina
|-resisted|p2a: Primarina
|-damage|p2a: Primarina|55/100
|-start|p2a: Primarina|move: Heal Block
|move|p2a: Primarina|Calm Mind|p2a: Primarina
|-boost|p2a: Primarina|spa|1
|-boost|p2a: Primarina|spd|1
|
|-end|p1a: Primarina|move: Heal Block
|upkeep
|turn|8
|
|t:|1757879705
|move|p1a: Primarina|Draining Kiss|p2a: Primarina
|-damage|p2a: Primarina|36/100
|-heal|p1a: Primarina|100/100|[from] drain|[of] p2a: Primarina
|move|p2a: Primarina|Moonblast|p1a: Primarina
|-damage|p1a: Primarina|68/100
|
|-heal|p1a: Primarina|74/100|[from] item: Leftovers
|-end|p2a: Primarina|move: Heal Block
|upkeep
|turn|9
|
|t:|1757879713
|move|p1a: Primarina|Psychic Noise|p2a: Primarina
|-resisted|p2a: Primarina
|-damage|p2a: Primarina|22/100
|-start|p2a: Primarina|move: Heal Block
|move|p2a: Primarina|Moonblast|p1a: Primarina
|-damage|p1a: Primarina|41/100
|
|-heal|p1a: Primarina|47/100|[from] item: Leftovers
|upkeep
|turn|10
|
|t:|1757879717
|move|p1a: Primarina|Draining Kiss|p2a: Primarina
|-damage|p2a: Primarina|6/100
|-heal|p1a: Primarina|60/100|[from] drain|[of] p2a: Primarina
|move|p2a: Primarina|Moonblast|p1a: Primarina
|-damage|p1a: Primarina|24/100
|
|-heal|p1a: Primarina|30/100|[from] item: Leftovers
|-end|p2a: Primarina|move: Heal Block
|upkeep
|turn|11
|
|t:|1757879721
|move|p1a: Primarina|Draining Kiss|p2a: Primarina
|-damage|p2a: Primarina|0 fnt
|-heal|p1a: Primarina|34/100|[from] drain|[of] p2a: Primarina
|faint|p2a: Primarina
|
|-heal|p1a: Primarina|40/100|[from] item: Leftovers
|upkeep
|inactive|Ineros has 240 seconds left.
|inactive|Ineros has 210 seconds left.
|inactive|Ineros has 180 seconds left.
|inactive|Ineros has 150 seconds left.
|
|t:|1757879827
|switch|p2a: Gholdengo|Gholdengo|66/100
|-damage|p2a: Gholdengo|59/100|[from] Stealth Rock
|turn|12
|
|t:|1757879834
|switch|p1a: Ting-Lu|Ting-Lu|77/100
|-damage|p1a: Ting-Lu|70/100|[from] Stealth Rock
|-ability|p1a: Ting-Lu|Vessel of Ruin
|move|p2a: Gholdengo|Recover|p2a: Gholdengo
|-heal|p2a: Gholdengo|100/100
|
|-heal|p1a: Ting-Lu|77/100|[from] item: Leftovers
|upkeep
|turn|13
|inactive|Ineros has 150 seconds left.
|
|t:|1757879860
|switch|p2a: Zamazenta|Zamazenta|100/100
|-damage|p2a: Zamazenta|94/100|[from] Stealth Rock
|-ability|p2a: Zamazenta|Dauntless Shield|boost
|-boost|p2a: Zamazenta|def|1
|move|p1a: Ting-Lu|Ruination|p2a: Zamazenta
|-damage|p2a: Zamazenta|47/100
|
|-heal|p2a: Zamazenta|54/100|[from] item: Leftovers
|-heal|p1a: Ting-Lu|83/100|[from] item: Leftovers
|upkeep
|turn|14
|
|t:|1757879865
|switch|p1a: Zapdos|Zapdos|100/100
|move|p2a: Zamazenta|Iron Defense|p2a: Zamazenta
|-boost|p2a: Zamazenta|def|2
|
|-heal|p2a: Zamazenta|60/100|[from] item: Leftovers
|upkeep
|turn|15
|
|t:|1757879870
|move|p2a: Zamazenta|Body Press|p1a: Zapdos
|-resisted|p1a: Zapdos
|-damage|p1a: Zapdos|69/100
|move|p1a: Zapdos|Hurricane|p2a: Zamazenta|[miss]
|-miss|p1a: Zapdos|p2a: Zamazenta
|
|-heal|p2a: Zamazenta|66/100|[from] item: Leftovers
|upkeep
|turn|16
|
|t:|1757879879
|move|p2a: Zamazenta|Iron Defense|p2a: Zamazenta
|-boost|p2a: Zamazenta|def|2
|move|p1a: Zapdos|Hurricane|p2a: Zamazenta|[miss]
|-miss|p1a: Zapdos|p2a: Zamazenta
|
|-heal|p2a: Zamazenta|72/100|[from] item: Leftovers
|upkeep
|turn|17
|c|☆tonkaman|lovely game
|
|t:|1757879891
|move|p2a: Zamazenta|Body Press|p1a: Zapdos
|-resisted|p1a: Zapdos
|-damage|p1a: Zapdos|29/100
|move|p1a: Zapdos|Thunder Wave|p2a: Zamazenta|[miss]
|-miss|p1a: Zapdos|p2a: Zamazenta
|
|-heal|p2a: Zamazenta|78/100|[from] item: Leftovers
|upkeep
|turn|18
|
|t:|1757879897
|move|p2a: Zamazenta|Body Press|p1a: Zapdos
|-resisted|p1a: Zapdos
|-damage|p1a: Zapdos|0 fnt
|faint|p1a: Zapdos
|
|-heal|p2a: Zamazenta|85/100|[from] item: Leftovers
|upkeep
|c|+zryan74|ahahahaha
|c|☆Ineros|my bad
|
|t:|1757879901
|switch|p1a: Gholdengo|Gholdengo|100/100
|-damage|p1a: Gholdengo|94/100|[from] Stealth Rock
|-item|p1a: Gholdengo|Air Balloon
|turn|19
|
|t:|1757879906
|move|p2a: Zamazenta|Crunch|p1a: Gholdengo
|-supereffective|p1a: Gholdengo
|-damage|p1a: Gholdengo|65/100
|-enditem|p1a: Gholdengo|Air Balloon
|move|p1a: Gholdengo|Thunder Wave|p2a: Zamazenta
|-status|p2a: Zamazenta|par
|
|-heal|p2a: Zamazenta|91/100 par|[from] item: Leftovers
|upkeep
|turn|20
|
|t:|1757879910
|move|p1a: Gholdengo|Hex|p2a: Zamazenta
|-damage|p2a: Zamazenta|45/100 par
|move|p2a: Zamazenta|Crunch|p1a: Gholdengo
|-supereffective|p1a: Gholdengo
|-damage|p1a: Gholdengo|30/100
|
|-heal|p2a: Zamazenta|51/100 par|[from] item: Leftovers
|upkeep
|turn|21
|
|t:|1757879928
|switch|p2a: Cinderace|Cinderace, F|100/100
|move|p1a: Gholdengo|Recover|p1a: Gholdengo
|-heal|p1a: Gholdengo|80/100
|
|upkeep
|turn|22
|
|t:|1757879947
|switch|p1a: Ting-Lu|Ting-Lu|83/100
|-damage|p1a: Ting-Lu|77/100|[from] Stealth Rock
|-ability|p1a: Ting-Lu|Vessel of Ruin
|move|p2a: Cinderace|U-turn|p1a: Ting-Lu
|-start|p2a: Cinderace|typechange|Bug|[from] ability: Libero
|-supereffective|p1a: Ting-Lu
|-damage|p1a: Ting-Lu|42/100
|
|t:|1757879955
|switch|p2a: Landorus|Landorus-Therian, M|100/100|[from] U-turn
|-damage|p2a: Landorus|88/100|[from] Stealth Rock
|-ability|p2a: Landorus|Intimidate|boost
|-unboost|p1a: Ting-Lu|atk|1
|
|-heal|p1a: Ting-Lu|48/100|[from] item: Leftovers
|upkeep
|turn|23
|
|t:|1757879960
|move|p2a: Landorus|U-turn|p1a: Ting-Lu
|-supereffective|p1a: Ting-Lu
|-damage|p1a: Ting-Lu|23/100
|
|t:|1757879961
|switch|p2a: Zamazenta|Zamazenta|51/100 par|[from] U-turn
|-damage|p2a: Zamazenta|45/100 par|[from] Stealth Rock
|move|p1a: Ting-Lu|Ruination|p2a: Zamazenta
|-damage|p2a: Zamazenta|23/100 par
|
|-heal|p2a: Zamazenta|29/100 par|[from] item: Leftovers
|-heal|p1a: Ting-Lu|29/100|[from] item: Leftovers
|upkeep
|turn|24
|
|t:|1757879967
|switch|p1a: Gholdengo|Gholdengo|80/100
|-damage|p1a: Gholdengo|74/100|[from] Stealth Rock
|cant|p2a: Zamazenta|par
|
|-heal|p2a: Zamazenta|35/100 par|[from] item: Leftovers
|upkeep
|turn|25
|
|t:|1757879972
|switch|p2a: Landorus|Landorus-Therian, M|88/100
|-damage|p2a: Landorus|76/100|[from] Stealth Rock
|-ability|p2a: Landorus|Intimidate|boost
|-unboost|p1a: Gholdengo|atk|1
|move|p1a: Gholdengo|Hex|p2a: Landorus
|-damage|p2a: Landorus|45/100
|
|upkeep
|turn|26
|
|t:|1757879976
|switch|p1a: Ting-Lu|Ting-Lu|29/100
|-damage|p1a: Ting-Lu|23/100|[from] Stealth Rock
|-ability|p1a: Ting-Lu|Vessel of Ruin
|move|p2a: Landorus|Earthquake|p1a: Ting-Lu
|-damage|p1a: Ting-Lu|0 fnt
|faint|p1a: Ting-Lu
|
|upkeep
|
|t:|1757879981
|switch|p1a: Dragonite|Dragonite, F|100/100
|turn|27
|
|t:|1757879983
|move|p2a: Landorus|Taunt|p1a: Dragonite
|-start|p1a: Dragonite|move: Taunt
|cant|p1a: Dragonite|move: Taunt|Dragon Dance
|
|upkeep
|turn|28
|
|t:|1757880002
|switch|p1a: Primarina|Primarina, F|40/100
|-damage|p1a: Primarina|28/100|[from] Stealth Rock
|move|p2a: Landorus|Earthquake|p1a: Primarina
|-damage|p1a: Primarina|0 fnt
|faint|p1a: Primarina
|
|upkeep
|
|t:|1757880007
|switch|p1a: Zamazenta|Zamazenta|100/100
|-ability|p1a: Zamazenta|Dauntless Shield|boost
|-boost|p1a: Zamazenta|def|1
|turn|29
|inactive|tonkaman has 270 seconds left.
|
|t:|1757880034
|switch|p2a: Zamazenta|Zamazenta|35/100 par
|-damage|p2a: Zamazenta|29/100 par|[from] Stealth Rock
|move|p1a: Zamazenta|Iron Head|p2a: Zamazenta
|-damage|p2a: Zamazenta|8/100 par
|
|-heal|p2a: Zamazenta|15/100 par|[from] item: Leftovers
|upkeep
|turn|30
|
|t:|1757880037
|move|p1a: Zamazenta|Iron Head|p2a: Zamazenta
|-damage|p2a: Zamazenta|0 fnt
|faint|p2a: Zamazenta
|
|upkeep
|
|t:|1757880059
|switch|p2a: Gholdengo|Gholdengo|100/100
|-damage|p2a: Gholdengo|94/100|[from] Stealth Rock
|turn|31
|inactive|Ineros has 270 seconds left.
|
|t:|1757880109
|move|p1a: Zamazenta|Crunch|p2a: Gholdengo
|-supereffective|p2a: Gholdengo
|-crit|p2a: Gholdengo
|-damage|p2a: Gholdengo|10/100
|move|p2a: Gholdengo|Make It Rain|p1a: Zamazenta
|-damage|p1a: Zamazenta|28/100
|-unboost|p2a: Gholdengo|spa|1
|
|upkeep
|turn|32
|
|t:|1757880119
|move|p1a: Zamazenta|Crunch|p2a: Gholdengo
|-supereffective|p2a: Gholdengo
|-damage|p2a: Gholdengo|0 fnt
|faint|p2a: Gholdengo
|
|upkeep
|
|t:|1757880130
|switch|p2a: Dragonite|Dragonite, F|100/100
|turn|33
|inactive|Ineros disconnected and has 300 seconds to reconnect!
|player|p2|
|inactive|Ineros reconnected and has 260 seconds left.
|player|p2|Ineros|irida|
|
|t:|1757880159
|-terastallize|p2a: Dragonite|Flying
|move|p1a: Zamazenta|Iron Head|p2a: Dragonite
|-damage|p2a: Dragonite|87/100
|cant|p2a: Dragonite|flinch
|
|upkeep
|turn|34
|
|t:|1757880168
|move|p1a: Zamazenta|Stone Edge|p2a: Dragonite
|-supereffective|p2a: Dragonite
|-damage|p2a: Dragonite|11/100
|move|p2a: Dragonite|Dragon Dance|p2a: Dragonite
|-boost|p2a: Dragonite|atk|1
|-boost|p2a: Dragonite|spe|1
|
|upkeep
|turn|35
|c|☆tonkaman|now kill
|
|t:|1757880171
|move|p2a: Dragonite|Tera Blast|p1a: Zamazenta|[anim] Tera Blast Flying
|-supereffective|p1a: Zamazenta
|-crit|p1a: Zamazenta
|-damage|p1a: Zamazenta|0 fnt
|faint|p1a: Zamazenta
|
|upkeep
|
|t:|1757880172
|switch|p1a: Dragonite|Dragonite, F|100/100
|turn|36
|
|t:|1757880174
|move|p1a: Dragonite|Extreme Speed|p2a: Dragonite
|-damage|p2a: Dragonite|0 fnt
|faint|p2a: Dragonite
|
|upkeep
|
|t:|1757880175
|switch|p2a: Landorus|Landorus-Therian, M|45/100
|-damage|p2a: Landorus|33/100|[from] Stealth Rock
|-ability|p2a: Landorus|Intimidate|boost
|-unboost|p1a: Dragonite|atk|1
|turn|37
|
|t:|1757880184
|move|p1a: Dragonite|Extreme Speed|p2a: Landorus
|-damage|p2a: Landorus|15/100
|-damage|p1a: Dragonite|84/100|[from] item: Rocky Helmet|[of] p2a: Landorus
|move|p2a: Landorus|Taunt|p1a: Dragonite
|-start|p1a: Dragonite|move: Taunt
|
|upkeep
|turn|38
|
|t:|1757880190
|move|p1a: Dragonite|Extreme Speed|p2a: Landorus
|-damage|p2a: Landorus|0 fnt
|-damage|p1a: Dragonite|68/100|[from] item: Rocky Helmet|[of] p2a: Landorus
|faint|p2a: Landorus
|
|upkeep
|
|t:|1757880193
|switch|p2a: Cinderace|Cinderace, F|100/100
|turn|39
|
|t:|1757880198
|switch|p1a: Gholdengo|Gholdengo|74/100
|-damage|p1a: Gholdengo|68/100|[from] Stealth Rock
|move|p2a: Cinderace|Gunk Shot|p1a: Gholdengo
|-start|p2a: Cinderace|typechange|Poison|[from] ability: Libero
|-immune|p1a: Gholdengo
|
|upkeep
|turn|40
|inactive|tonkaman has 270 seconds left.
|inactive|tonkaman has 240 seconds left.
|inactive|Ineros has 270 seconds left.
|inactive|tonkaman has 210 seconds left.
|
|t:|1757880292
|move|p2a: Cinderace|Gunk Shot|p1a: Gholdengo
|-immune|p1a: Gholdengo
|move|p1a: Gholdengo|Thunder Wave|p2a: Cinderace
|-status|p2a: Cinderace|par
|
|upkeep
|turn|41
|c|☆tonkaman|lol
|
|t:|1757880300
|move|p1a: Gholdengo|Hex|p2a: Cinderace
|-damage|p2a: Cinderace|11/100 par
|move|p2a: Cinderace|Pyro Ball|p1a: Gholdengo|[miss]
|-miss|p2a: Cinderace|p1a: Gholdengo
|
|upkeep
|turn|42
|
|t:|1757880303
|move|p1a: Gholdengo|Hex|p2a: Cinderace
|-damage|p2a: Cinderace|0 fnt
|faint|p2a: Cinderace
|
|win|tonkaman
|c|☆Ineros|gg
|c|☆tonkaman|shouldve won by now
|c|☆tonkaman|ggs
