|j|☆sfinch1
|j|☆alter
|t:|1757854788
|gametype|singles
|player|p1|sfinch1|101|1433
|player|p2|alter|#labyrinthine|1490
|gen|9
|tier|[Gen 9] OU
|rated|
|rule|HP Percentage Mod: HP is shown in percentages
|rule|Endless Battle Clause: Forcing endless battles is banned
|rule|Species Clause: Limit one of each Pokémon
|rule|OHKO Clause: OHKO moves are banned
|rule|Evasion Items Clause: Evasion items are banned
|rule|Evasion Moves Clause: Evasion moves are banned
|rule|Evasion Abilities Clause: Evasion abilities are banned
|rule|Sleep Moves Clause: Sleep-inducing moves are banned
|clearpoke
|poke|p1|Kyurem|
|poke|p1|Landorus-Therian, M|
|poke|p1|Hatterene, F|
|poke|p1|Tinkaton, F|
|poke|p1|Zamazenta-*|
|poke|p1|Entei|
|poke|p2|Slowking-Galar, M|
|poke|p2|Dondozo, M|
|poke|p2|Clefable, F|
|poke|p2|Garganacl, M|
|poke|p2|Ting-Lu|
|poke|p2|Skarmory, F|
|teampreview
|inactive|Battle timer is ON: inactive players will automatically lose when time's up. (requested by alter)
|inactive|sfinch1 has 120 seconds left.
|
|t:|1757854830
|teamsize|p1|6
|teamsize|p2|6
|start
|switch|p1a: Landorus|Landorus-Therian, M|100/100
|switch|p2a: Clefable|Clefable, F|100/100
|-ability|p1a: Landorus|Intimidate|boost
|-unboost|p2a: Clefable|atk|1
|turn|1
|
|t:|1757854839
|move|p1a: Landorus|U-turn|p2a: Clefable
|-resisted|p2a: Clefable
|-damage|p2a: Clefable|90/100
|
|t:|1757854842
|switch|p1a: Hatterene|Hatterene, F|100/100|[from] U-turn
|move|p2a: Clefable|Stealth Rock|p1a: Hatterene
|move|p1a: Hatterene|Stealth Rock|p2a: Clefable|[from] ability: Magic Bounce
|-sidestart|p2: alter|move: Stealth Rock
|
|upkeep
|turn|2
|
|t:|1757854846
|move|p2a: Clefable|Knock Off|p1a: Hatterene
|-damage|p1a: Hatterene|90/100
|-enditem|p1a: Hatterene|Leftovers|[from] move: Knock Off|[of] p2a: Clefable
|move|p1a: Hatterene|Calm Mind|p1a: Hatterene
|-boost|p1a: Hatterene|spa|1
|-boost|p1a: Hatterene|spd|1
|
|upkeep
|turn|3
|
|t:|1757854853
|move|p2a: Clefable|Knock Off|p1a: Hatterene
|-damage|p1a: Hatterene|82/100
|move|p1a: Hatterene|Draining Kiss|p2a: Clefable
|-damage|p2a: Clefable|51/100
|-heal|p1a: Hatterene|100/100|[from] drain|[of] p2a: Clefable
|
|-damage|p1a: Hatterene|88/100|[from] item: Sticky Barb
|upkeep
|turn|4
|
|t:|1757854861
|move|p2a: Clefable|Moonlight|p2a: Clefable
|-heal|p2a: Clefable|100/100
|move|p1a: Hatterene|Calm Mind|p1a: Hatterene
|-boost|p1a: Hatterene|spa|1
|-boost|p1a: Hatterene|spd|1
|
|-damage|p1a: Hatterene|76/100|[from] item: Sticky Barb
|upkeep
|turn|5
|
|t:|1757854867
|switch|p2a: Slowking|Slowking-Galar, M|100/100
|move|p1a: Hatterene|Draining Kiss|p2a: Slowking
|-resisted|p2a: Slowking
|-damage|p2a: Slowking|83/100
|-heal|p1a: Hatterene|92/100|[from] drain|[of] p2a: Slowking
|
|-damage|p1a: Hatterene|80/100|[from] item: Sticky Barb
|upkeep
|turn|6
|
|t:|1757854873
|move|p1a: Hatterene|Calm Mind|p1a: Hatterene
|-boost|p1a: Hatterene|spa|1
|-boost|p1a: Hatterene|spd|1
|-prepare|p2a: Slowking|Chilly Reception|[premajor]
|move|p2a: Slowking|Chilly Reception|p2a: Slowking
|-weather|Snowscape
|
|t:|1757854882
|switch|p2a: Dondozo|Dondozo, M|100/100|[from] Chilly Reception
|-damage|p2a: Dondozo|88/100|[from] Stealth Rock
|
|-weather|Snowscape|[upkeep]
|-heal|p2a: Dondozo|94/100|[from] item: Leftovers
|-damage|p1a: Hatterene|67/100|[from] item: Sticky Barb
|upkeep
|turn|7
|
|t:|1757854899
|move|p2a: Dondozo|Waterfall|p1a: Hatterene
|-damage|p1a: Hatterene|36/100
|move|p1a: Hatterene|Draining Kiss|p2a: Dondozo
|-damage|p2a: Dondozo|65/100
|-heal|p1a: Hatterene|70/100|[from] drain|[of] p2a: Dondozo
|
|-weather|Snowscape|[upkeep]
|-heal|p2a: Dondozo|72/100|[from] item: Leftovers
|-damage|p1a: Hatterene|58/100|[from] item: Sticky Barb
|upkeep
|turn|8
|inactive|sfinch1 has 120 seconds left.
|
|t:|1757854932
|switch|p1a: Kyurem|Kyurem|100/100
|-ability|p1a: Kyurem|Pressure
|move|p2a: Dondozo|Waterfall|p1a: Kyurem
|-resisted|p1a: Kyurem
|-damage|p1a: Kyurem|91/100
|
|-weather|Snowscape|[upkeep]
|-heal|p2a: Dondozo|78/100|[from] item: Leftovers
|upkeep
|turn|9
|inactive|sfinch1 has 120 seconds left.
|
|t:|1757854942
|switch|p2a: Slowking|Slowking-Galar, M|100/100
|move|p1a: Kyurem|Icicle Spear|p2a: Slowking
|-damage|p2a: Slowking|86/100
|-damage|p2a: Slowking|71/100
|-damage|p2a: Slowking|57/100
|-damage|p2a: Slowking|41/100
|-damage|p2a: Slowking|26/100
|-hitcount|p2a: Slowking|5
|
|-weather|Snowscape|[upkeep]
|upkeep
|turn|10
|
|t:|1757854952
|switch|p2a: Skarmory|Skarmory, F|100/100
|-damage|p2a: Skarmory|88/100|[from] Stealth Rock
|move|p1a: Kyurem|Icicle Spear|p2a: Skarmory
|-damage|p2a: Skarmory|80/100
|-damage|p2a: Skarmory|72/100
|-damage|p2a: Skarmory|63/100
|-damage|p2a: Skarmory|55/100
|-hitcount|p2a: Skarmory|4
|
|-weather|none
|upkeep
|turn|11
|
|t:|1757854963
|move|p1a: Kyurem|Icicle Spear|p2a: Skarmory
|-damage|p2a: Skarmory|48/100
|-damage|p2a: Skarmory|39/100
|-damage|p2a: Skarmory|30/100
|-damage|p2a: Skarmory|21/100
|-damage|p2a: Skarmory|14/100
|-hitcount|p2a: Skarmory|5
|move|p2a: Skarmory|Roost|p2a: Skarmory
|-heal|p2a: Skarmory|64/100
|-singleturn|p2a: Skarmory|move: Roost
|
|upkeep
|turn|12
|
|t:|1757854967
|move|p1a: Kyurem|Dragon Dance|p1a: Kyurem
|-boost|p1a: Kyurem|atk|1
|-boost|p1a: Kyurem|spe|1
|move|p2a: Skarmory|Roost|p2a: Skarmory
|-heal|p2a: Skarmory|100/100
|-singleturn|p2a: Skarmory|move: Roost
|
|upkeep
|turn|13
|
|t:|1757854970
|move|p1a: Kyurem|Icicle Spear|p2a: Skarmory
|-damage|p2a: Skarmory|88/100
|-damage|p2a: Skarmory|76/100
|-damage|p2a: Skarmory|64/100
|-damage|p2a: Skarmory|50/100
|-hitcount|p2a: Skarmory|4
|move|p2a: Skarmory|Iron Defense|p2a: Skarmory
|-boost|p2a: Skarmory|def|2
|
|upkeep
|turn|14
|
|t:|1757854987
|-terastallize|p1a: Kyurem|Electric
|move|p1a: Kyurem|Tera Blast|p2a: Skarmory|[anim] Tera Blast Electric
|-supereffective|p2a: Skarmory
|-damage|p2a: Skarmory|13/100
|move|p2a: Skarmory|Roost|p2a: Skarmory
|-heal|p2a: Skarmory|63/100
|-singleturn|p2a: Skarmory|move: Roost
|
|upkeep
|turn|15
|
|t:|1757855000
|move|p1a: Kyurem|Dragon Dance|p1a: Kyurem
|-boost|p1a: Kyurem|atk|1
|-boost|p1a: Kyurem|spe|1
|move|p2a: Skarmory|Roost|p2a: Skarmory
|-heal|p2a: Skarmory|100/100
|-singleturn|p2a: Skarmory|move: Roost
|
|upkeep
|turn|16
|
|t:|1757855006
|move|p1a: Kyurem|Tera Blast|p2a: Skarmory|[anim] Tera Blast Electric
|-supereffective|p2a: Skarmory
|-damage|p2a: Skarmory|44/100
|move|p2a: Skarmory|Iron Defense|p2a: Skarmory
|-boost|p2a: Skarmory|def|2
|
|upkeep
|turn|17
|
|t:|1757855012
|move|p1a: Kyurem|Tera Blast|p2a: Skarmory|[anim] Tera Blast Electric
|-supereffective|p2a: Skarmory
|-damage|p2a: Skarmory|6/100
|move|p2a: Skarmory|Roost|p2a: Skarmory
|-heal|p2a: Skarmory|56/100
|-singleturn|p2a: Skarmory|move: Roost
|
|upkeep
|turn|18
|
|t:|1757855019
|move|p1a: Kyurem|Tera Blast|p2a: Skarmory|[anim] Tera Blast Electric
|-supereffective|p2a: Skarmory
|-damage|p2a: Skarmory|20/100
|move|p2a: Skarmory|Roost|p2a: Skarmory
|-heal|p2a: Skarmory|70/100
|-singleturn|p2a: Skarmory|move: Roost
|
|upkeep
|turn|19
|
|t:|1757855031
|move|p1a: Kyurem|Tera Blast|p2a: Skarmory|[anim] Tera Blast Electric
|-supereffective|p2a: Skarmory
|-damage|p2a: Skarmory|35/100
|move|p2a: Skarmory|Iron Defense|p2a: Skarmory
|-boost|p2a: Skarmory|def|2
|
|upkeep
|turn|20
|
|t:|1757855039
|move|p1a: Kyurem|Dragon Dance|p1a: Kyurem
|-boost|p1a: Kyurem|atk|1
|-boost|p1a: Kyurem|spe|1
|move|p2a: Skarmory|Roost|p2a: Skarmory
|-heal|p2a: Skarmory|85/100
|-singleturn|p2a: Skarmory|move: Roost
|
|upkeep
|turn|21
|
|t:|1757855043
|move|p1a: Kyurem|Tera Blast|p2a: Skarmory|[anim] Tera Blast Electric
|-supereffective|p2a: Skarmory
|-damage|p2a: Skarmory|51/100
|move|p2a: Skarmory|Body Press|p1a: Kyurem
|-damage|p1a: Kyurem|0 fnt
|faint|p1a: Kyurem
|
|upkeep
|
|t:|1757855072
|switch|p1a: Hatterene|Hatterene, F|58/100
|turn|22
|
|t:|1757855088
|switch|p2a: Slowking|Slowking-Galar, M|59/100
|move|p1a: Hatterene|Mystical Fire|p2a: Slowking
|-damage|p2a: Slowking|41/100
|-unboost|p2a: Slowking|spa|1
|
|-damage|p1a: Hatterene|46/100|[from] item: Sticky Barb
|upkeep
|turn|23
|
|t:|1757855110
|switch|p1a: Tinkaton|Tinkaton, F|100/100
|-ability|p1a: Tinkaton|Mold Breaker
|move|p2a: Slowking|Sludge Bomb|p1a: Tinkaton
|-immune|p1a: Tinkaton
|
|upkeep
|turn|24
|
|t:|1757855119
|switch|p2a: Clefable|Clefable, F|100/100
|move|p1a: Tinkaton|Swords Dance|p1a: Tinkaton
|-boost|p1a: Tinkaton|atk|2
|
|upkeep
|turn|25
|
|t:|1757855127
|switch|p2a: Skarmory|Skarmory, F|51/100
|-damage|p2a: Skarmory|39/100|[from] Stealth Rock
|move|p1a: Tinkaton|Gigaton Hammer|p2a: Skarmory
|-resisted|p2a: Skarmory
|-damage|p2a: Skarmory|7/100
|
|upkeep
|turn|26
|
|t:|1757855138
|move|p1a: Tinkaton|Tera Blast|p2a: Skarmory
|-resisted|p2a: Skarmory
|-damage|p2a: Skarmory|0 fnt
|faint|p2a: Skarmory
|
|upkeep
|
|t:|1757855142
|switch|p2a: Dondozo|Dondozo, M|78/100
|-damage|p2a: Dondozo|65/100|[from] Stealth Rock
|turn|27
|
|t:|1757855148
|move|p1a: Tinkaton|Gigaton Hammer|p2a: Dondozo
|-resisted|p2a: Dondozo
|-damage|p2a: Dondozo|38/100
|move|p2a: Dondozo|Rest|p2a: Dondozo
|-status|p2a: Dondozo|slp|[from] move: Rest
|-heal|p2a: Dondozo|100/100 slp|[silent]
|
|upkeep
|turn|28
|
|t:|1757855154
|move|p1a: Tinkaton|Swords Dance|p1a: Tinkaton
|-boost|p1a: Tinkaton|atk|2
|cant|p2a: Dondozo|slp
|move|p2a: Dondozo|Sleep Talk|p2a: Dondozo
|move|p2a: Dondozo|Rest||[from] move: Sleep Talk|[still]
|-fail|p2a: Dondozo
|
|upkeep
|turn|29
|
|t:|1757855162
|move|p1a: Tinkaton|Gigaton Hammer|p2a: Dondozo
|-resisted|p2a: Dondozo
|-damage|p2a: Dondozo|63/100 slp
|cant|p2a: Dondozo|slp
|move|p2a: Dondozo|Sleep Talk|p2a: Dondozo
|move|p2a: Dondozo|Waterfall|p1a: Tinkaton|[from] move: Sleep Talk
|-damage|p1a: Tinkaton|64/100
|
|-heal|p2a: Dondozo|69/100 slp|[from] item: Leftovers
|upkeep
|turn|30
|
|t:|1757855172
|move|p1a: Tinkaton|Swords Dance|p1a: Tinkaton
|-boost|p1a: Tinkaton|atk|2
|-curestatus|p2a: Dondozo|slp|[msg]
|move|p2a: Dondozo|Rest|p2a: Dondozo
|-status|p2a: Dondozo|slp|[from] move: Rest
|-heal|p2a: Dondozo|100/100 slp|[silent]
|
|upkeep
|turn|31
|
|t:|1757855175
|move|p1a: Tinkaton|Gigaton Hammer|p2a: Dondozo
|-resisted|p2a: Dondozo
|-damage|p2a: Dondozo|48/100 slp
|cant|p2a: Dondozo|slp
|move|p2a: Dondozo|Sleep Talk|p2a: Dondozo
|move|p2a: Dondozo|Avalanche|p1a: Tinkaton|[from] move: Sleep Talk
|-resisted|p1a: Tinkaton
|-damage|p1a: Tinkaton|44/100
|
|-heal|p2a: Dondozo|54/100 slp|[from] item: Leftovers
|upkeep
|turn|32
|
|t:|1757855188
|move|p1a: Tinkaton|Tera Blast|p2a: Dondozo
|-damage|p2a: Dondozo|41/100 slp
|cant|p2a: Dondozo|slp
|move|p2a: Dondozo|Sleep Talk|p2a: Dondozo
|move|p2a: Dondozo|Rest||[from] move: Sleep Talk|[still]
|-fail|p2a: Dondozo
|
|-heal|p2a: Dondozo|48/100 slp|[from] item: Leftovers
|upkeep
|turn|33
|
|t:|1757855197
|move|p1a: Tinkaton|Gigaton Hammer|p2a: Dondozo
|-resisted|p2a: Dondozo
|-damage|p2a: Dondozo|0 fnt
|faint|p2a: Dondozo
|
|upkeep
|
|t:|1757855205
|switch|p2a: Ting-Lu|Ting-Lu|100/100
|-damage|p2a: Ting-Lu|94/100|[from] Stealth Rock
|-ability|p2a: Ting-Lu|Vessel of Ruin
|turn|34
|
|t:|1757855211
|move|p1a: Tinkaton|Ice Hammer|p2a: Ting-Lu
|-supereffective|p2a: Ting-Lu
|-damage|p2a: Ting-Lu|0 fnt
|-unboost|p1a: Tinkaton|spe|1
|faint|p2a: Ting-Lu
|
|upkeep
|
|t:|1757855224
|switch|p2a: Slowking|Slowking-Galar, M|74/100
|turn|35
|
|t:|1757855232
|move|p1a: Tinkaton|Gigaton Hammer|p2a: Slowking
|-damage|p2a: Slowking|0 fnt
|faint|p2a: Slowking
|
|upkeep
|
|t:|1757855235
|switch|p2a: Garganacl|Garganacl, M|100/100
|-damage|p2a: Garganacl|88/100|[from] Stealth Rock
|turn|36
|
|t:|1757855242
|move|p1a: Tinkaton|Tera Blast|p2a: Garganacl
|-resisted|p2a: Garganacl
|-damage|p2a: Garganacl|84/100
|move|p2a: Garganacl|Iron Defense|p2a: Garganacl
|-boost|p2a: Garganacl|def|2
|
|-heal|p2a: Garganacl|91/100|[from] item: Leftovers
|upkeep
|turn|37
|
|t:|1757855248
|-terastallize|p2a: Garganacl|Ghost
|move|p1a: Tinkaton|Gigaton Hammer|p2a: Garganacl
|-damage|p2a: Garganacl|17/100
|move|p2a: Garganacl|Recover|p2a: Garganacl
|-heal|p2a: Garganacl|67/100
|
|-heal|p2a: Garganacl|73/100|[from] item: Leftovers
|upkeep
|turn|38
|inactive|sfinch1 has 120 seconds left.
|
|t:|1757855288
|move|p1a: Tinkaton|Ice Hammer|p2a: Garganacl|[miss]
|-miss|p1a: Tinkaton|p2a: Garganacl
|move|p2a: Garganacl|Iron Defense|p2a: Garganacl
|-boost|p2a: Garganacl|def|2
|
|-heal|p2a: Garganacl|79/100|[from] item: Leftovers
|upkeep
|turn|39
|
|t:|1757855293
|move|p1a: Tinkaton|Gigaton Hammer|p2a: Garganacl
|-damage|p2a: Garganacl|26/100
|move|p2a: Garganacl|Recover|p2a: Garganacl
|-heal|p2a: Garganacl|76/100
|
|-heal|p2a: Garganacl|82/100|[from] item: Leftovers
|upkeep
|turn|40
|
|t:|1757855300
|move|p1a: Tinkaton|Ice Hammer|p2a: Garganacl
|-damage|p2a: Garganacl|60/100
|-unboost|p1a: Tinkaton|spe|1
|move|p2a: Garganacl|Iron Defense|p2a: Garganacl
|-boost|p2a: Garganacl|def|2
|
|-heal|p2a: Garganacl|66/100|[from] item: Leftovers
|upkeep
|turn|41
|
|t:|1757855311
|switch|p1a: Landorus|Landorus-Therian, M|100/100
|-ability|p1a: Landorus|Intimidate|boost
|-unboost|p2a: Garganacl|atk|1
|move|p2a: Garganacl|Recover|p2a: Garganacl
|-heal|p2a: Garganacl|100/100
|
|upkeep
|turn|42
|
|t:|1757855316
|move|p1a: Landorus|Earthquake|p2a: Garganacl
|-damage|p2a: Garganacl|92/100
|move|p2a: Garganacl|Salt Cure|p1a: Landorus
|-damage|p1a: Landorus|89/100
|-start|p1a: Landorus|Salt Cure
|
|-heal|p2a: Garganacl|98/100|[from] item: Leftovers
|-damage|p1a: Landorus|77/100|[from] Salt Cure
|upkeep
|turn|43
|
|t:|1757855320
|move|p1a: Landorus|Grass Knot|p2a: Garganacl
|-damage|p2a: Garganacl|79/100
|move|p2a: Garganacl|Body Press|p1a: Landorus
|-resisted|p1a: Landorus
|-damage|p1a: Landorus|27/100
|-damage|p2a: Garganacl|63/100|[from] item: Rocky Helmet|[of] p1a: Landorus
|
|-heal|p2a: Garganacl|69/100|[from] item: Leftovers
|-damage|p1a: Landorus|15/100|[from] Salt Cure
|upkeep
|turn|44
|
|t:|1757855328
|move|p1a: Landorus|Grass Knot|p2a: Garganacl
|-damage|p2a: Garganacl|51/100
|move|p2a: Garganacl|Recover|p2a: Garganacl
|-heal|p2a: Garganacl|100/100
|
|-damage|p1a: Landorus|3/100|[from] Salt Cure
|upkeep
|turn|45
|
|t:|1757855346
|move|p1a: Landorus|Grass Knot|p2a: Garganacl
|-damage|p2a: Garganacl|81/100
|move|p2a: Garganacl|Salt Cure|p1a: Landorus
|-damage|p1a: Landorus|0 fnt
|faint|p1a: Landorus
|
|-heal|p2a: Garganacl|87/100|[from] item: Leftovers
|upkeep
|
|t:|1757855360
|switch|p1a: Entei|Entei|100/100
|turn|46
|
|t:|1757855365
|move|p1a: Entei|Sacred Fire|p2a: Garganacl
|-damage|p2a: Garganacl|79/100
|move|p2a: Garganacl|Salt Cure|p1a: Entei
|-supereffective|p1a: Entei
|-damage|p1a: Entei|82/100
|-start|p1a: Entei|Salt Cure
|
|-heal|p2a: Garganacl|85/100|[from] item: Leftovers
|-damage|p1a: Entei|70/100|[from] Salt Cure
|upkeep
|turn|47
|
|t:|1757855373
|move|p1a: Entei|Sacred Fire|p2a: Garganacl
|-damage|p2a: Garganacl|77/100
|move|p2a: Garganacl|Body Press|p1a: Entei
|-damage|p1a: Entei|0 fnt
|faint|p1a: Entei
|
|-heal|p2a: Garganacl|83/100|[from] item: Leftovers
|upkeep
|
|t:|1757855379
|switch|p1a: Zamazenta|Zamazenta|100/100
|-ability|p1a: Zamazenta|Dauntless Shield|boost
|-boost|p1a: Zamazenta|def|1
|turn|48
|
|t:|1757855389
|move|p1a: Zamazenta|Substitute|p1a: Zamazenta
|-start|p1a: Zamazenta|Substitute
|-damage|p1a: Zamazenta|76/100
|move|p2a: Garganacl|Salt Cure|p1a: Zamazenta
|-resisted|p1a: Zamazenta
|-activate|p1a: Zamazenta|move: Substitute|[damage]
|
|-heal|p1a: Zamazenta|82/100|[from] item: Leftovers
|-heal|p2a: Garganacl|89/100|[from] item: Leftovers
|upkeep
|turn|49
|
|t:|1757855391
|move|p1a: Zamazenta|Iron Defense|p1a: Zamazenta
|-boost|p1a: Zamazenta|def|2
|move|p2a: Garganacl|Body Press|p1a: Zamazenta
|-end|p1a: Zamazenta|Substitute
|
|-heal|p1a: Zamazenta|88/100|[from] item: Leftovers
|-heal|p2a: Garganacl|96/100|[from] item: Leftovers
|upkeep
|turn|50
|
|t:|1757855400
|move|p1a: Zamazenta|Iron Defense|p1a: Zamazenta
|-boost|p1a: Zamazenta|def|2
|move|p2a: Garganacl|Body Press|p1a: Zamazenta
|-crit|p1a: Zamazenta
|-damage|p1a: Zamazenta|0 fnt
|faint|p1a: Zamazenta
|
|-heal|p2a: Garganacl|100/100|[from] item: Leftovers
|upkeep
|c|☆sfinch1|just needed one of those
|
|t:|1757855419
|switch|p1a: Hatterene|Hatterene, F|46/100
|turn|51
|c|☆alter|How did you win with Zama anyway
|
|t:|1757855433
|move|p2a: Garganacl|Salt Cure|p1a: Hatterene
|-damage|p1a: Hatterene|34/100
|-start|p1a: Hatterene|Salt Cure
|move|p1a: Hatterene|Draining Kiss|p2a: Garganacl
|-damage|p2a: Garganacl|79/100
|-heal|p1a: Hatterene|54/100|[from] drain|[of] p2a: Garganacl
|
|-heal|p2a: Garganacl|86/100|[from] item: Leftovers
|-damage|p1a: Hatterene|42/100|[from] Salt Cure
|-damage|p1a: Hatterene|30/100|[from] item: Sticky Barb
|upkeep
|turn|52
|c|☆sfinch1|probably stall
|c|☆alter|Body press breaks sub every time
|inactive|sfinch1 has 120 seconds left.
|c|☆sfinch1|at max defense?
|
|t:|1757855484
|move|p2a: Garganacl|Body Press|p1a: Hatterene
|-resisted|p1a: Hatterene
|-damage|p1a: Hatterene|4/100
|move|p1a: Hatterene|Draining Kiss|p2a: Garganacl
|-damage|p2a: Garganacl|66/100
|-heal|p1a: Hatterene|22/100|[from] drain|[of] p2a: Garganacl
|
|-heal|p2a: Garganacl|73/100|[from] item: Leftovers
|-damage|p1a: Hatterene|10/100|[from] Salt Cure
|-damage|p1a: Hatterene|0 fnt|[from] item: Sticky Barb
|faint|p1a: Hatterene
|upkeep
|
|t:|1757855487
|switch|p1a: Tinkaton|Tinkaton, F|44/100
|-ability|p1a: Tinkaton|Mold Breaker
|turn|53
|
|t:|1757855496
|move|p1a: Tinkaton|Ice Hammer|p2a: Garganacl
|-damage|p2a: Garganacl|69/100
|-unboost|p1a: Tinkaton|spe|1
|move|p2a: Garganacl|Body Press|p1a: Tinkaton
|-damage|p1a: Tinkaton|0 fnt
|faint|p1a: Tinkaton
|
|win|alter
|raw|sfinch1's rating: 1433 &rarr; <strong>1416</strong><br />(-17 for losing)
|raw|alter's rating: 1490 &rarr; <strong>1507</strong><br />(+17 for winning)
|l|☆sfinch1
|player|p1|
|l|☆alter
|player|p2|
