|j|☆jessies boyfriend
|j|☆MJS1998
|t:|1757899406
|gametype|singles
|player|p1|jessies boyfriend|brock|1416
|player|p2|MJS1998|cynthia-gen4|1369
|gen|9
|tier|[Gen 9] OU
|rated|
|rule|HP Percentage Mod: HP is shown in percentages
|rule|Endless Battle Clause: Forcing endless battles is banned
|rule|Species Clause: Limit one of each Pokémon
|rule|OHKO Clause: OHKO moves are banned
|rule|Evasion Items Clause: Evasion items are banned
|rule|Evasion Moves Clause: Evasion moves are banned
|rule|Evasion Abilities Clause: Evasion abilities are banned
|rule|Sleep Moves Clause: Sleep-inducing moves are banned
|clearpoke
|poke|p1|Munkidori, M|
|poke|p1|Fezandipiti, M|
|poke|p1|Okidogi, M|
|poke|p1|Corviknight, M|
|poke|p1|Porygon-Z|
|poke|p1|Hoopa-Unbound|
|poke|p2|Alomomola, M|
|poke|p2|Slowking-Galar, F|
|poke|p2|Enamorus, F|
|poke|p2|Meowscarada, F|
|poke|p2|Dragonite, F|
|poke|p2|Great Tusk|
|teampreview
|inactive|Battle timer is ON: inactive players will automatically lose when time's up. (requested by jessies boyfriend)
|inactive|MJS1998 has 120 seconds left.
|
|t:|1757899452
|teamsize|p1|6
|teamsize|p2|6
|start
|switch|p1a: Munkidori|Munkidori, M|100/100
|switch|p2a: Meowscarada|Meowscarada, F|100/100
|turn|1
|
|t:|1757899458
|move|p2a: Meowscarada|Knock Off|p1a: Munkidori
|-start|p2a: Meowscarada|typechange|Dark|[from] ability: Protean
|-supereffective|p1a: Munkidori
|-damage|p1a: Munkidori|0 fnt
|-enditem|p1a: Munkidori|Choice Scarf|[from] move: Knock Off|[of] p2a: Meowscarada
|faint|p1a: Munkidori
|
|upkeep
|
|t:|1757899470
|switch|p1a: Corviknight|Corviknight, M|100/100
|-ability|p1a: Corviknight|Pressure
|turn|2
|
|t:|1757899474
|move|p2a: Meowscarada|Knock Off|p1a: Corviknight
|-damage|p1a: Corviknight|75/100
|-damage|p2a: Meowscarada|84/100|[from] item: Rocky Helmet|[of] p1a: Corviknight
|-enditem|p1a: Corviknight|Rocky Helmet|[from] move: Knock Off|[of] p2a: Meowscarada
|move|p1a: Corviknight|U-turn|p2a: Meowscarada
|-supereffective|p2a: Meowscarada
|-damage|p2a: Meowscarada|38/100
|
|t:|1757899480
|switch|p1a: Fezandipiti|Fezandipiti, M|100/100|[from] U-turn
|
|upkeep
|turn|3
|
|t:|1757899495
|switch|p2a: Alomomola|Alomomola, M|100/100
|move|p1a: Fezandipiti|U-turn|p2a: Alomomola
|-damage|p2a: Alomomola|93/100
|-damage|p1a: Fezandipiti|84/100|[from] item: Rocky Helmet|[of] p2a: Alomomola
|
|t:|1757899502
|switch|p1a: Hoopa|Hoopa-Unbound|100/100|[from] U-turn
|
|upkeep
|turn|4
|
|t:|1757899518
|move|p2a: Alomomola|Flip Turn|p1a: Hoopa
|-damage|p1a: Hoopa|82/100
|
|t:|1757899521
|switch|p2a: Slowking|Slowking-Galar, F|100/100|[from] Flip Turn
|move|p1a: Hoopa|Trick Room|p1a: Hoopa
|-fieldstart|move: Trick Room|[of] p1a: Hoopa
|
|upkeep
|turn|5
|
|t:|1757899528
|move|p2a: Slowking|Sludge Bomb|p1a: Hoopa
|-damage|p1a: Hoopa|40/100
|move|p1a: Hoopa|Hyperspace Fury|p2a: Slowking
|-supereffective|p2a: Slowking
|-damage|p2a: Slowking|0 fnt
|-unboost|p1a: Hoopa|def|1
|faint|p2a: Slowking
|-damage|p1a: Hoopa|30/100|[from] item: Life Orb
|
|upkeep
|
|t:|1757899536
|switch|p2a: Dragonite|Dragonite, F|100/100
|turn|6
|
|t:|1757899543
|switch|p1a: Okidogi|Okidogi, M|100/100
|move|p2a: Dragonite|Extreme Speed|p1a: Okidogi
|-damage|p1a: Okidogi|80/100
|
|-heal|p1a: Okidogi|86/100|[from] item: Leftovers
|upkeep
|turn|7
|
|t:|1757899552
|switch|p2a: Alomomola|Alomomola, M|100/100
|move|p1a: Okidogi|Rock Tomb|p2a: Alomomola
|-damage|p2a: Alomomola|91/100
|-unboost|p2a: Alomomola|spe|1
|
|-heal|p1a: Okidogi|92/100|[from] item: Leftovers
|upkeep
|turn|8
|
|t:|1757899562
|move|p2a: Alomomola|Scald|p1a: Okidogi
|-damage|p1a: Okidogi|79/100
|-status|p1a: Okidogi|brn
|move|p1a: Okidogi|Knock Off|p2a: Alomomola
|-damage|p2a: Alomomola|84/100
|-damage|p1a: Okidogi|62/100 brn|[from] item: Rocky Helmet|[of] p2a: Alomomola
|-status|p2a: Alomomola|tox|[from] ability: Toxic Chain|[of] p1a: Okidogi
|-enditem|p2a: Alomomola|Rocky Helmet|[from] move: Knock Off|[of] p1a: Okidogi
|
|-heal|p1a: Okidogi|68/100 brn|[from] item: Leftovers
|-damage|p2a: Alomomola|77/100 tox|[from] psn
|-damage|p1a: Okidogi|62/100 brn|[from] brn
|-fieldend|move: Trick Room
|upkeep
|turn|9
|
|t:|1757899580
|switch|p1a: Corviknight|Corviknight, M|75/100
|-ability|p1a: Corviknight|Pressure
|move|p2a: Alomomola|Flip Turn|p1a: Corviknight
|-damage|p1a: Corviknight|66/100
|
|t:|1757899588
|switch|p2a: Enamorus|Enamorus, F|100/100|[from] Flip Turn
|
|upkeep
|turn|10
|
|t:|1757899594
|move|p2a: Enamorus|Mystical Fire|p1a: Corviknight
|-supereffective|p1a: Corviknight
|-damage|p1a: Corviknight|11/100
|-unboost|p1a: Corviknight|spa|1
|move|p1a: Corviknight|U-turn|p2a: Enamorus
|-resisted|p2a: Enamorus
|-damage|p2a: Enamorus|95/100
|
|t:|1757899605
|switch|p1a: Fezandipiti|Fezandipiti, M|84/100|[from] U-turn
|
|upkeep
|turn|11
|
|t:|1757899611
|switch|p2a: Alomomola|Alomomola, M|100/100 tox
|move|p1a: Fezandipiti|Beat Up|p2a: Alomomola
|-damage|p2a: Alomomola|99/100 tox
|-damage|p2a: Alomomola|96/100 tox
|-damage|p2a: Alomomola|95/100 tox
|-damage|p2a: Alomomola|93/100 tox
|-hitcount|p2a: Alomomola|4
|
|-damage|p2a: Alomomola|87/100 tox|[from] psn
|upkeep
|turn|12
|
|t:|1757899623
|move|p1a: Fezandipiti|U-turn|p2a: Alomomola
|-damage|p2a: Alomomola|78/100 tox
|
|t:|1757899626
|switch|p1a: Okidogi|Okidogi, M|62/100 brn|[from] U-turn
|move|p2a: Alomomola|Flip Turn|p1a: Okidogi
|-damage|p1a: Okidogi|52/100 brn
|
|t:|1757899633
|switch|p2a: Great Tusk|Great Tusk|100/100|[from] Flip Turn
|
|-heal|p1a: Okidogi|58/100 brn|[from] item: Leftovers
|-damage|p1a: Okidogi|52/100 brn|[from] brn
|upkeep
|turn|13
|
|t:|1757899642
|move|p1a: Okidogi|Drain Punch|p2a: Great Tusk
|-crit|p2a: Great Tusk
|-damage|p2a: Great Tusk|85/100
|-heal|p1a: Okidogi|61/100 brn|[from] drain|[of] p2a: Great Tusk
|move|p2a: Great Tusk|Stealth Rock|p1a: Okidogi
|-sidestart|p1: jessies boyfriend|move: Stealth Rock
|
|-heal|p1a: Okidogi|67/100 brn|[from] item: Leftovers
|-damage|p1a: Okidogi|61/100 brn|[from] brn
|upkeep
|turn|14
|
|t:|1757899653
|move|p1a: Okidogi|Knock Off|p2a: Great Tusk
|-resisted|p2a: Great Tusk
|-damage|p2a: Great Tusk|81/100
|-status|p2a: Great Tusk|tox|[from] ability: Toxic Chain|[of] p1a: Okidogi
|-enditem|p2a: Great Tusk|Eject Pack|[from] move: Knock Off|[of] p1a: Okidogi
|move|p2a: Great Tusk|Rapid Spin|p1a: Okidogi
|-damage|p1a: Okidogi|48/100 brn
|-boost|p2a: Great Tusk|spe|1
|
|-heal|p1a: Okidogi|54/100 brn|[from] item: Leftovers
|-damage|p2a: Great Tusk|74/100 tox|[from] psn
|-damage|p1a: Okidogi|48/100 brn|[from] brn
|upkeep
|turn|15
|
|t:|1757899677
|move|p2a: Great Tusk|Headlong Rush|p1a: Okidogi
|-supereffective|p1a: Okidogi
|-damage|p1a: Okidogi|0 fnt
|-unboost|p2a: Great Tusk|def|1
|-unboost|p2a: Great Tusk|spd|1
|faint|p1a: Okidogi
|
|-damage|p2a: Great Tusk|62/100 tox|[from] psn
|upkeep
|
|t:|1757899691
|switch|p1a: ♾️|Porygon-Z, shiny|100/100
|-damage|p1a: ♾️|88/100|[from] Stealth Rock
|-ability|p1a: ♾️|Download|boost
|-boost|p1a: ♾️|spa|1
|turn|16
|
|t:|1757899707
|move|p1a: ♾️|Endure|p1a: ♾️
|-singleturn|p1a: ♾️|move: Endure
|move|p2a: Great Tusk|Close Combat|p1a: ♾️
|-supereffective|p1a: ♾️
|-activate|p1a: ♾️|move: Endure
|-damage|p1a: ♾️|1/100
|-unboost|p2a: Great Tusk|def|1
|-unboost|p2a: Great Tusk|spd|1
|
|-damage|p2a: Great Tusk|43/100 tox|[from] psn
|upkeep
|turn|17
|-enditem|p1a: ♾️|Custap Berry|[eat]
|-activate|p1a: ♾️|item: Custap Berry|[consumed]
|
|t:|1757899717
|move|p1a: ♾️|Tri Attack|p2a: Great Tusk
|-damage|p2a: Great Tusk|0 fnt
|faint|p2a: Great Tusk
|-end|p2a: Great Tusk|Protosynthesis|[silent]
|
|upkeep
|
|t:|1757899732
|switch|p2a: Meowscarada|Meowscarada, F|38/100
|turn|18
|
|t:|1757899735
|move|p1a: ♾️|Endure|p1a: ♾️
|-singleturn|p1a: ♾️|move: Endure
|move|p2a: Meowscarada|U-turn|p1a: ♾️
|-start|p2a: Meowscarada|typechange|Bug|[from] ability: Protean
|-activate|p1a: ♾️|move: Endure
|-damage|p1a: ♾️|1/100
|
|t:|1757899747
|switch|p2a: Dragonite|Dragonite, F|100/100|[from] U-turn
|
|upkeep
|turn|19
|
|t:|1757899765
|move|p2a: Dragonite|Extreme Speed|p1a: ♾️
|-damage|p1a: ♾️|0 fnt
|faint|p1a: ♾️
|
|upkeep
|
|t:|1757899771
|switch|p1a: Fezandipiti|Fezandipiti, M|84/100
|turn|20
|
|t:|1757899779
|switch|p2a: Alomomola|Alomomola, M|100/100 tox
|-terastallize|p1a: Fezandipiti|Dark
|move|p1a: Fezandipiti|Beat Up|p2a: Alomomola
|-damage|p2a: Alomomola|98/100 tox
|-damage|p2a: Alomomola|94/100 tox
|-damage|p2a: Alomomola|92/100 tox
|-hitcount|p2a: Alomomola|3
|
|-damage|p2a: Alomomola|86/100 tox|[from] psn
|upkeep
|turn|21
|
|t:|1757899787
|move|p1a: Fezandipiti|U-turn|p2a: Alomomola
|-damage|p2a: Alomomola|77/100 tox
|
|t:|1757899790
|switch|p1a: Corviknight|Corviknight, M|11/100|[from] U-turn
|-damage|p1a: Corviknight|0 fnt|[from] Stealth Rock
|faint|p1a: Corviknight
|move|p2a: Alomomola|Scald|p1: Corviknight|[notarget]
|-fail|p2a: Alomomola
|
|-damage|p2a: Alomomola|65/100 tox|[from] psn
|upkeep
|
|t:|1757899794
|switch|p1a: Hoopa|Hoopa-Unbound|30/100
|-damage|p1a: Hoopa|18/100|[from] Stealth Rock
|turn|22
|
|t:|1757899805
|move|p2a: Alomomola|Flip Turn|p1a: Hoopa
|-damage|p1a: Hoopa|1/100
|
|t:|1757899813
|switch|p2a: Enamorus|Enamorus, F|95/100|[from] Flip Turn
|move|p1a: Hoopa|Trick Room|p1a: Hoopa
|-fieldstart|move: Trick Room|[of] p1a: Hoopa
|
|upkeep
|turn|23
|
|t:|1757899822
|switch|p2a: Alomomola|Alomomola, M|98/100 tox
|move|p1a: Hoopa|Psychic|p2a: Alomomola
|-damage|p2a: Alomomola|0 fnt
|faint|p2a: Alomomola
|-damage|p1a: Hoopa|0 fnt|[from] item: Life Orb
|faint|p1a: Hoopa
|
|upkeep
|
|t:|1757899841
|switch|p1a: Fezandipiti|Fezandipiti, M, tera:Dark|84/100
|switch|p2a: Dragonite|Dragonite, F|100/100
|turn|24
|inactive|jessies boyfriend has 120 seconds left.
|
|t:|1757899878
|move|p1a: Fezandipiti|Play Rough|p2a: Dragonite
|-supereffective|p2a: Dragonite
|-damage|p2a: Dragonite|69/100
|move|p2a: Dragonite|Dragon Dance|p2a: Dragonite
|-boost|p2a: Dragonite|atk|1
|-boost|p2a: Dragonite|spe|1
|
|upkeep
|turn|25
|
|t:|1757899891
|-terastallize|p2a: Dragonite|Normal
|move|p2a: Dragonite|Extreme Speed|p1a: Fezandipiti
|-damage|p1a: Fezandipiti|12/100
|move|p1a: Fezandipiti|Play Rough|p2a: Dragonite
|-damage|p2a: Dragonite|35/100
|-unboost|p2a: Dragonite|atk|1
|
|upkeep
|turn|26
|c|☆MJS1998|Gg
|inactive|jessies boyfriend has 120 seconds left.
|l|☆jessies boyfriend
|inactive|jessies boyfriend disconnected and has a minute to reconnect!
|player|p1|
|j|☆jessies boyfriend
|inactive|jessies boyfriend reconnected and has 105 seconds left.
|player|p1|jessies boyfriend|brock|
|-message|jessies boyfriend forfeited.
|
|win|MJS1998
|raw|jessies boyfriend's rating: 1416 &rarr; <strong>1393</strong><br />(-23 for losing)
|raw|MJS1998's rating: 1369 &rarr; <strong>1392</strong><br />(+23 for winning)
|l|☆jessies boyfriend
|player|p1|
|l|☆MJS1998
|player|p2|
