|j|☆sir_miestro
|j|☆hongyi233
|t:|1757853812
|gametype|singles
|player|p1|sir_miestro|blackbelt-gen4dp|1231
|player|p2|hongyi233|dawn|1328
|gen|9
|tier|[Gen 9] OU
|rated|
|rule|HP Percentage Mod: HP is shown in percentages
|rule|Endless Battle Clause: Forcing endless battles is banned
|rule|Species Clause: Limit one of each Pokémon
|rule|OHKO Clause: OHKO moves are banned
|rule|Evasion Items Clause: Evasion items are banned
|rule|Evasion Moves Clause: Evasion moves are banned
|rule|Evasion Abilities Clause: Evasion abilities are banned
|rule|Sleep Moves Clause: Sleep-inducing moves are banned
|clearpoke
|poke|p1|Rotom-Wash|
|poke|p1|Clefable, F|
|poke|p1|Ambipom, F|
|poke|p1|Dachsbun, M|
|poke|p1|Houndstone, M|
|poke|p1|Cinderace, M|
|poke|p2|Tyranitar, M|
|poke|p2|Iron Treads|
|poke|p2|Kingambit, F|
|poke|p2|Tornadus-Therian, M|
|poke|p2|Hydrapple, F|
|poke|p2|Keldeo-Resolute|
|teampreview
|inactive|Battle timer is ON: inactive players will automatically lose when time's up. (requested by sir_miestro)
|
|t:|1757853821
|teamsize|p1|6
|teamsize|p2|6
|start
|switch|p1a: Rotom|Rotom-Wash|100/100
|switch|p2a: Tyranitar|Tyranitar, M|100/100
|-weather|Sandstorm|[from] ability: Sand Stream|[of] p2a: Tyranitar
|turn|1
|
|t:|1757853826
|switch|p2a: Hydrapple|Hydrapple, F|100/100
|move|p1a: Rotom|Hydro Pump|p2a: Hydrapple
|-resisted|p2a: Hydrapple
|-damage|p2a: Hydrapple|89/100
|
|-weather|Sandstorm|[upkeep]
|-damage|p1a: Rotom|94/100|[from] Sandstorm
|-damage|p2a: Hydrapple|83/100|[from] Sandstorm
|-heal|p1a: Rotom|100/100|[from] item: Leftovers
|upkeep
|turn|2
|
|t:|1757853834
|move|p1a: Rotom|Volt Switch|p2a: Hydrapple
|-resisted|p2a: Hydrapple
|-damage|p2a: Hydrapple|75/100
|
|t:|1757853838
|switch|p1a: Ambipom|Ambipom, F|100/100|[from] Volt Switch
|move|p2a: Hydrapple|Nasty Plot|p2a: Hydrapple
|-boost|p2a: Hydrapple|spa|2
|
|-weather|Sandstorm|[upkeep]
|-damage|p1a: Ambipom|94/100|[from] Sandstorm
|-damage|p2a: Hydrapple|69/100|[from] Sandstorm
|upkeep
|turn|3
|
|t:|1757853849
|-terastallize|p2a: Hydrapple|Poison
|move|p1a: Ambipom|Aerial Ace|p2a: Hydrapple
|-damage|p2a: Hydrapple|55/100
|-damage|p1a: Ambipom|78/100|[from] item: Rocky Helmet|[of] p2a: Hydrapple
|move|p2a: Hydrapple|Giga Drain|p1a: Ambipom
|-crit|p1a: Ambipom
|-damage|p1a: Ambipom|0 fnt
|-heal|p2a: Hydrapple|82/100|[from] drain|[of] p1a: Ambipom
|faint|p1a: Ambipom
|
|-weather|Sandstorm|[upkeep]
|-damage|p2a: Hydrapple|76/100|[from] Sandstorm
|upkeep
|
|t:|1757853866
|switch|p1a: Houndstone|Houndstone, M|100/100
|turn|4
|
|t:|1757853870
|move|p1a: Houndstone|Psychic Fangs|p2a: Hydrapple
|-supereffective|p2a: Hydrapple
|-damage|p2a: Hydrapple|53/100
|-damage|p1a: Houndstone|84/100|[from] item: Rocky Helmet|[of] p2a: Hydrapple
|move|p2a: Hydrapple|Giga Drain|p1a: Houndstone
|-damage|p1a: Houndstone|41/100
|-heal|p2a: Hydrapple|71/100|[from] drain|[of] p1a: Houndstone
|
|-weather|Sandstorm|[upkeep]
|-damage|p1a: Houndstone|35/100|[from] Sandstorm
|-damage|p2a: Hydrapple|65/100|[from] Sandstorm
|upkeep
|turn|5
|
|t:|1757853878
|move|p1a: Houndstone|Pain Split|p2a: Hydrapple
|-sethp|p2a: Hydrapple|47/100|[from] move: Pain Split|[silent]
|-sethp|p1a: Houndstone|56/100|[from] move: Pain Split
|move|p2a: Hydrapple|Giga Drain|p1a: Houndstone
|-damage|p1a: Houndstone|16/100
|-heal|p2a: Hydrapple|64/100|[from] drain|[of] p1a: Houndstone
|
|-weather|none
|upkeep
|turn|6
|
|t:|1757853883
|move|p1a: Houndstone|Pain Split|p2a: Hydrapple
|-sethp|p2a: Hydrapple|39/100|[from] move: Pain Split|[silent]
|-sethp|p1a: Houndstone|46/100|[from] move: Pain Split
|move|p2a: Hydrapple|Giga Drain|p1a: Houndstone
|-damage|p1a: Houndstone|1/100
|-heal|p2a: Hydrapple|57/100|[from] drain|[of] p1a: Houndstone
|
|upkeep
|turn|7
|
|t:|1757853888
|move|p1a: Houndstone|Pain Split|p2a: Hydrapple
|-sethp|p2a: Hydrapple|29/100|[from] move: Pain Split|[silent]
|-sethp|p1a: Houndstone|35/100|[from] move: Pain Split
|move|p2a: Hydrapple|Giga Drain|p1a: Houndstone
|-damage|p1a: Houndstone|0 fnt
|-heal|p2a: Hydrapple|44/100|[from] drain|[of] p1a: Houndstone
|faint|p1a: Houndstone
|
|upkeep
|
|t:|1757853893
|switch|p1a: Rotom|Rotom-Wash|100/100
|turn|8
|
|t:|1757853905
|move|p1a: Rotom|Hydro Pump|p2a: Hydrapple|[miss]
|-miss|p1a: Rotom|p2a: Hydrapple
|move|p2a: Hydrapple|Giga Drain|p1a: Rotom
|-supereffective|p1a: Rotom
|-damage|p1a: Rotom|0 fnt
|-heal|p2a: Hydrapple|73/100|[from] drain|[of] p1a: Rotom
|faint|p1a: Rotom
|
|upkeep
|
|t:|1757853915
|switch|p1a: Clefable|Clefable, F|100/100
|turn|9
|
|t:|1757853923
|move|p1a: Clefable|Flamethrower|p2a: Hydrapple
|-damage|p2a: Hydrapple|43/100
|move|p2a: Hydrapple|Giga Drain|p1a: Clefable
|-damage|p1a: Clefable|42/100
|-heal|p2a: Hydrapple|71/100|[from] drain|[of] p1a: Clefable
|
|-status|p1a: Clefable|brn|[from] item: Flame Orb
|upkeep
|turn|10
|
|t:|1757853928
|move|p1a: Clefable|Flamethrower|p2a: Hydrapple
|-damage|p2a: Hydrapple|44/100
|move|p2a: Hydrapple|Giga Drain|p1a: Clefable
|-damage|p1a: Clefable|0 fnt
|-heal|p2a: Hydrapple|64/100|[from] drain|[of] p1a: Clefable
|faint|p1a: Clefable
|
|upkeep
|
|t:|1757853932
|switch|p1a: Cinderace|Cinderace, M|100/100
|turn|11
|
|t:|1757853936
|move|p1a: Cinderace|Pyro Ball|p2a: Hydrapple
|-damage|p2a: Hydrapple|33/100
|move|p2a: Hydrapple|Draco Meteor|p1a: Cinderace
|-damage|p1a: Cinderace|0 fnt
|-unboost|p2a: Hydrapple|spa|2
|faint|p1a: Cinderace
|
|upkeep
|
|t:|1757853940
|switch|p1a: Dachsbun|Dachsbun, M|100/100
|turn|12
|
|t:|1757853945
|-terastallize|p1a: Dachsbun|Steel
|move|p1a: Dachsbun|Body Press|p2a: Hydrapple
|-resisted|p2a: Hydrapple
|-damage|p2a: Hydrapple|26/100
|-damage|p1a: Dachsbun|84/100|[from] item: Rocky Helmet|[of] p2a: Hydrapple
|move|p2a: Hydrapple|Giga Drain|p1a: Dachsbun
|-resisted|p1a: Dachsbun
|-damage|p1a: Dachsbun|65/100
|-heal|p2a: Hydrapple|33/100|[from] drain|[of] p1a: Dachsbun
|
|-heal|p1a: Dachsbun|71/100|[from] item: Leftovers
|upkeep
|turn|13
|
|t:|1757853955
|switch|p2a: Tornadus|Tornadus-Therian, M|100/100
|move|p1a: Dachsbun|Wish|p1a: Dachsbun
|
|-heal|p1a: Dachsbun|77/100|[from] item: Leftovers
|upkeep
|turn|14
|
|t:|1757853960
|move|p2a: Tornadus|Nasty Plot|p2a: Tornadus
|-boost|p2a: Tornadus|spa|2
|move|p1a: Dachsbun|Play Rough|p2a: Tornadus
|-damage|p2a: Tornadus|64/100
|
|-heal|p1a: Dachsbun|100/100|[from] move: Wish|[wisher] Dachsbun
|upkeep
|turn|15
|
|t:|1757853963
|move|p2a: Tornadus|Heat Wave|p1a: Dachsbun
|-ability|p1a: Dachsbun|Well-Baked Body|boost
|-boost|p1a: Dachsbun|def|2
|move|p1a: Dachsbun|Wish|p1a: Dachsbun
|
|upkeep
|turn|16
|
|t:|1757853971
|move|p2a: Tornadus|Hurricane|p1a: Dachsbun
|-resisted|p1a: Dachsbun
|-crit|p1a: Dachsbun
|-damage|p1a: Dachsbun|0 fnt
|faint|p1a: Dachsbun
|-damage|p2a: Tornadus|55/100|[from] item: Life Orb
|
|win|hongyi233
|raw|sir_miestro's rating: 1231 &rarr; <strong>1213</strong><br />(-18 for losing)
|raw|hongyi233's rating: 1328 &rarr; <strong>1343</strong><br />(+15 for winning)
|l|☆sir_miestro
|player|p1|
|l|☆hongyi233
|player|p2|
