|j|☆dragon de hilos
|j|☆akhantz
|t:|1757822813
|gametype|singles
|player|p1|dragon de hilos|riley|1394
|player|p2|akhantz|cheryl|1393
|gen|9
|tier|[Gen 9] OU
|rated|
|rule|HP Percentage Mod: HP is shown in percentages
|rule|Endless Battle Clause: Forcing endless battles is banned
|rule|Species Clause: Limit one of each Pokémon
|rule|OHKO Clause: OHKO moves are banned
|rule|Evasion Items Clause: Evasion items are banned
|rule|Evasion Moves Clause: Evasion moves are banned
|rule|Evasion Abilities Clause: Evasion abilities are banned
|rule|Sleep Moves Clause: Sleep-inducing moves are banned
|clearpoke
|poke|p1|Darkrai|
|poke|p1|Cinderace, M|
|poke|p1|Garganacl, M|
|poke|p1|Zapdos|
|poke|p1|Deoxys-Speed|
|poke|p1|Ting-Lu|
|poke|p2|Heatran, M|
|poke|p2|Clefable, F|
|poke|p2|Zapdos|
|poke|p2|Great Tusk|
|poke|p2|Rillaboom, M|
|poke|p2|Ogerpon-Wellspring, F|
|teampreview
|inactive|Battle timer is ON: inactive players will automatically lose when time's up. (requested by akhantz)
|
|t:|1757822832
|teamsize|p1|6
|teamsize|p2|6
|start
|switch|p1a: Cinderace|Cinderace, M|100/100
|switch|p2a: Heatran|Heatran, M, shiny|100/100
|turn|1
|
|t:|1757822849
|move|p2a: Heatran|Protect|p2a: Heatran
|-singleturn|p2a: Heatran|Protect
|move|p1a: Cinderace|High Jump Kick|p2a: Heatran
|-start|p1a: Cinderace|typechange|Fighting|[from] ability: Libero
|-activate|p2a: Heatran|move: Protect
|-damage|p1a: Cinderace|51/100|[from] highjumpkick
|
|upkeep
|turn|2
|
|t:|1757822858
|switch|p2a: Zapdos|Zapdos, shiny|100/100
|move|p1a: Cinderace|High Jump Kick|p2a: Zapdos
|-resisted|p2a: Zapdos
|-damage|p2a: Zapdos|72/100
|-status|p1a: Cinderace|par|[from] ability: Static|[of] p2a: Zapdos
|
|upkeep
|turn|3
|
|t:|1757822863
|switch|p2a: Rillaboom|Rillaboom, M|100/100
|-fieldstart|move: Grassy Terrain|[from] ability: Grassy Surge|[of] p2a: Rillaboom
|switch|p1a: Ting-Lu|Ting-Lu|100/100
|-ability|p1a: Ting-Lu|Vessel of Ruin
|
|upkeep
|turn|4
|
|t:|1757822867
|switch|p1a: Zapdos|Zapdos|100/100
|move|p2a: Rillaboom|Wood Hammer|p1a: Zapdos
|-resisted|p1a: Zapdos
|-damage|p1a: Zapdos|34/100
|-damage|p2a: Rillaboom|78/100|[from] Recoil
|
|-heal|p2a: Rillaboom|84/100|[from] Grassy Terrain
|upkeep
|turn|5
|
|t:|1757822874
|switch|p2a: Heatran|Heatran, M, shiny|100/100
|move|p1a: Zapdos|Roost|p1a: Zapdos
|-heal|p1a: Zapdos|84/100
|-singleturn|p1a: Zapdos|move: Roost
|
|-heal|p1a: Zapdos|90/100|[from] Grassy Terrain
|upkeep
|turn|6
|
|t:|1757822877
|move|p1a: Zapdos|Volt Switch|p2a: Heatran
|-damage|p2a: Heatran|76/100
|
|t:|1757822881
|switch|p1a: Ting-Lu|Ting-Lu|100/100|[from] Volt Switch
|-ability|p1a: Ting-Lu|Vessel of Ruin
|move|p2a: Heatran|Will-O-Wisp|p1a: Ting-Lu
|-status|p1a: Ting-Lu|brn
|
|-heal|p2a: Heatran|83/100|[from] Grassy Terrain
|-heal|p2a: Heatran|89/100|[from] item: Leftovers
|-damage|p1a: Ting-Lu|94/100 brn|[from] brn
|upkeep
|turn|7
|
|t:|1757822887
|move|p2a: Heatran|Taunt|p1a: Ting-Lu
|-start|p1a: Ting-Lu|move: Taunt
|cant|p1a: Ting-Lu|move: Taunt|Whirlwind
|
|-heal|p2a: Heatran|95/100|[from] Grassy Terrain
|-heal|p2a: Heatran|100/100|[from] item: Leftovers
|-heal|p1a: Ting-Lu|100/100 brn|[from] Grassy Terrain
|-damage|p1a: Ting-Lu|94/100 brn|[from] brn
|-fieldend|move: Grassy Terrain
|upkeep
|turn|8
|
|t:|1757822891
|switch|p2a: Rillaboom|Rillaboom, M|84/100
|-fieldstart|move: Grassy Terrain|[from] ability: Grassy Surge|[of] p2a: Rillaboom
|move|p1a: Ting-Lu|Ruination|p2a: Rillaboom
|-damage|p2a: Rillaboom|42/100
|
|-heal|p2a: Rillaboom|48/100|[from] Grassy Terrain
|-heal|p1a: Ting-Lu|100/100 brn|[from] Grassy Terrain
|-damage|p1a: Ting-Lu|94/100 brn|[from] brn
|upkeep
|turn|9
|
|t:|1757822895
|switch|p1a: Zapdos|Zapdos|90/100
|move|p2a: Rillaboom|Knock Off|p1a: Zapdos
|-damage|p1a: Zapdos|32/100
|-enditem|p1a: Zapdos|Heavy-Duty Boots|[from] move: Knock Off|[of] p2a: Rillaboom
|
|-heal|p2a: Rillaboom|55/100|[from] Grassy Terrain
|upkeep
|turn|10
|
|t:|1757822904
|switch|p2a: Heatran|Heatran, M, shiny|100/100
|move|p1a: Zapdos|Roost|p1a: Zapdos
|-heal|p1a: Zapdos|82/100
|-singleturn|p1a: Zapdos|move: Roost
|
|-heal|p1a: Zapdos|88/100|[from] Grassy Terrain
|upkeep
|turn|11
|
|t:|1757822909
|switch|p2a: Great Tusk|Great Tusk|100/100
|move|p1a: Zapdos|Volt Switch|p2a: Great Tusk
|-immune|p2a: Great Tusk
|
|upkeep
|turn|12
|
|t:|1757822914
|-end|p2a: Great Tusk|Protosynthesis|[silent]
|switch|p2a: Heatran|Heatran, M, shiny|100/100
|move|p1a: Zapdos|Heat Wave|p2a: Heatran
|-start|p2a: Heatran|ability: Flash Fire
|
|-fieldend|move: Grassy Terrain
|upkeep
|turn|13
|
|t:|1757822917
|move|p1a: Zapdos|Volt Switch|p2a: Heatran
|-damage|p2a: Heatran|74/100
|
|t:|1757822920
|switch|p1a: Ting-Lu|Ting-Lu|94/100 brn|[from] Volt Switch
|-ability|p1a: Ting-Lu|Vessel of Ruin
|move|p2a: Heatran|Magma Storm|p1a: Ting-Lu
|-crit|p1a: Ting-Lu
|-damage|p1a: Ting-Lu|38/100 brn
|-activate|p1a: Ting-Lu|move: Magma Storm|[of] p2a: Heatran
|
|-heal|p2a: Heatran|80/100|[from] item: Leftovers
|-heal|p1a: Ting-Lu|44/100 brn|[from] item: Leftovers
|-damage|p1a: Ting-Lu|38/100 brn|[from] brn
|-damage|p1a: Ting-Lu|25/100 brn|[from] move: Magma Storm|[partiallytrapped]
|upkeep
|turn|14
|
|t:|1757822930
|move|p2a: Heatran|Protect|p2a: Heatran
|-singleturn|p2a: Heatran|Protect
|move|p1a: Ting-Lu|Spikes|p2a: Heatran
|-sidestart|p2: akhantz|Spikes
|
|-heal|p2a: Heatran|86/100|[from] item: Leftovers
|-heal|p1a: Ting-Lu|31/100 brn|[from] item: Leftovers
|-damage|p1a: Ting-Lu|25/100 brn|[from] brn
|-damage|p1a: Ting-Lu|13/100 brn|[from] move: Magma Storm|[partiallytrapped]
|upkeep
|turn|15
|
|t:|1757822933
|move|p2a: Heatran|Magma Storm|p1a: Ting-Lu
|-damage|p1a: Ting-Lu|0 fnt
|faint|p1a: Ting-Lu
|
|-heal|p2a: Heatran|92/100|[from] item: Leftovers
|upkeep
|
|t:|1757822940
|switch|p1a: Garganacl|Garganacl, M|100/100
|turn|16
|
|t:|1757822944
|-end|p2a: Heatran|ability: Flash Fire|[silent]
|switch|p2a: Clefable|Clefable, F|100/100
|-terastallize|p1a: Garganacl|Ghost
|move|p1a: Garganacl|Salt Cure|p2a: Clefable
|-damage|p2a: Clefable|89/100
|-start|p2a: Clefable|Salt Cure
|
|-heal|p2a: Clefable|95/100|[from] item: Leftovers
|upkeep
|turn|17
|
|t:|1757822947
|move|p2a: Clefable|Calm Mind|p2a: Clefable
|-boost|p2a: Clefable|spa|1
|-boost|p2a: Clefable|spd|1
|move|p1a: Garganacl|Stealth Rock|p2a: Clefable
|-sidestart|p2: akhantz|move: Stealth Rock
|
|-heal|p2a: Clefable|100/100|[from] item: Leftovers
|upkeep
|turn|18
|
|t:|1757822954
|switch|p1a: Darkrai|Darkrai|100/100
|move|p2a: Clefable|Calm Mind|p2a: Clefable
|-boost|p2a: Clefable|spa|1
|-boost|p2a: Clefable|spd|1
|
|upkeep
|turn|19
|
|t:|1757822957
|move|p1a: Darkrai|Trick|p2a: Clefable
|-activate|p1a: Darkrai|move: Trick|[of] p2a: Clefable
|-item|p2a: Clefable|Choice Specs|[from] move: Trick
|-item|p1a: Darkrai|Leftovers|[from] move: Trick
|move|p2a: Clefable|Moonblast|p1a: Darkrai
|-supereffective|p1a: Darkrai
|-damage|p1a: Darkrai|0 fnt
|faint|p1a: Darkrai
|
|upkeep
|
|t:|1757822961
|switch|p1a: Cinderace|Cinderace, M|51/100 par
|turn|20
|
|t:|1757822964
|move|p1a: Cinderace|High Jump Kick|p2a: Clefable
|-start|p1a: Cinderace|typechange|Fighting|[from] ability: Libero
|-resisted|p2a: Clefable
|-damage|p2a: Clefable|74/100
|move|p2a: Clefable|Moonblast|p1a: Cinderace
|-supereffective|p1a: Cinderace
|-damage|p1a: Cinderace|0 fnt
|faint|p1a: Cinderace
|
|upkeep
|
|t:|1757822967
|switch|p1a: Deoxys|Deoxys-Speed|100/100
|-ability|p1a: Deoxys|Pressure
|turn|21
|
|t:|1757822975
|move|p1a: Deoxys|Ice Beam|p2a: Clefable
|-damage|p2a: Clefable|59/100
|-damage|p1a: Deoxys|91/100|[from] item: Life Orb
|move|p2a: Clefable|Moonblast|p1a: Deoxys
|-damage|p1a: Deoxys|0 fnt
|faint|p1a: Deoxys
|
|upkeep
|
|t:|1757822978
|switch|p1a: Zapdos|Zapdos|88/100
|turn|22
|
|t:|1757822981
|move|p1a: Zapdos|Discharge|p2a: Clefable
|-damage|p2a: Clefable|37/100
|move|p2a: Clefable|Moonblast|p1a: Zapdos
|-damage|p1a: Zapdos|0 fnt
|faint|p1a: Zapdos
|
|upkeep
|
|t:|1757822984
|switch|p1a: Garganacl|Garganacl, M, tera:Ghost|100/100
|turn|23
|
|t:|1757822986
|move|p2a: Clefable|Moonblast|p1a: Garganacl
|-damage|p1a: Garganacl|19/100
|-unboost|p1a: Garganacl|spa|1
|move|p1a: Garganacl|Salt Cure|p2a: Clefable
|-damage|p2a: Clefable|25/100
|
|upkeep
|turn|24
|
|t:|1757822989
|move|p2a: Clefable|Moonblast|p1a: Garganacl
|-damage|p1a: Garganacl|0 fnt
|faint|p1a: Garganacl
|
|win|akhantz
|raw|dragon de hilos's rating: 1394 &rarr; <strong>1374</strong><br />(-20 for losing)
|raw|akhantz's rating: 1393 &rarr; <strong>1413</strong><br />(+20 for winning)
|l|☆dragon de hilos
|player|p1|
