|j|☆Gulptubus
|j|☆sumofsquares
|t:|1757822407
|gametype|singles
|player|p1|Gulptubus|pokemonranger-gen4|1536
|player|p2|sumofsquares|wallace|1529
|gen|9
|tier|[Gen 9] OU
|rated|
|rule|HP Percentage Mod: HP is shown in percentages
|rule|Endless Battle Clause: Forcing endless battles is banned
|rule|Species Clause: Limit one of each Pokémon
|rule|OHKO Clause: OHKO moves are banned
|rule|Evasion Items Clause: Evasion items are banned
|rule|Evasion Moves Clause: Evasion moves are banned
|rule|Evasion Abilities Clause: Evasion abilities are banned
|rule|Sleep Moves Clause: Sleep-inducing moves are banned
|clearpoke
|poke|p1|Heatran, F|
|poke|p1|Gliscor, F|
|poke|p1|Kyurem|
|poke|p1|Hatterene, F|
|poke|p1|Tornadus-Therian, M|
|poke|p1|Zamazenta-*|
|poke|p2|Ogerpon, F|
|poke|p2|Latios, M|
|poke|p2|Sandy Shocks|
|poke|p2|Greninja-*, M|
|poke|p2|Keldeo-Resolute|
|poke|p2|Lokix, M|
|teampreview
|
|t:|1757822419
|teamsize|p1|6
|teamsize|p2|6
|start
|switch|p1a: Gliscor|Gliscor, F|100/100
|switch|p2a: Latios|Latios, M|100/100
|turn|1
|
|t:|1757822426
|move|p2a: Latios|Psychic Noise|p1a: Gliscor
|-damage|p1a: Gliscor|52/100
|-start|p1a: Gliscor|move: Heal Block
|move|p1a: Gliscor|Toxic|p2a: Latios
|-status|p2a: Latios|tox
|
|-damage|p2a: Latios|95/100 tox|[from] psn
|-status|p1a: Gliscor|tox|[from] item: Toxic Orb
|upkeep
|turn|2
|
|t:|1757822433
|move|p1a: Gliscor|Protect|p1a: Gliscor
|-singleturn|p1a: Gliscor|Protect
|move|p2a: Latios|Psychic Noise|p1a: Gliscor
|-activate|p1a: Gliscor|move: Protect
|
|-damage|p2a: Latios|83/100 tox|[from] psn
|-end|p1a: Gliscor|move: Heal Block
|upkeep
|turn|3
|
|t:|1757822442
|switch|p1a: Heatran|Heatran, F|100/100
|move|p2a: Latios|Psychic Noise|p1a: Heatran
|-resisted|p1a: Heatran
|-crit|p1a: Heatran
|-damage|p1a: Heatran|71/100
|-start|p1a: Heatran|move: Heal Block
|
|-damage|p2a: Latios|65/100 tox|[from] psn
|upkeep
|turn|4
|
|t:|1757822448
|switch|p2a: Keldeo|Keldeo-Resolute|100/100
|move|p1a: Heatran|Stealth Rock|p2a: Keldeo
|-sidestart|p2: sumofsquares|move: Stealth Rock
|
|-end|p1a: Heatran|move: Heal Block
|upkeep
|turn|5
|
|t:|1757822458
|switch|p1a: Tornadus|Tornadus-Therian, M|100/100
|move|p2a: Keldeo|Substitute|p2a: Keldeo
|-start|p2a: Keldeo|Substitute
|-damage|p2a: Keldeo|76/100
|
|-heal|p2a: Keldeo|82/100|[from] item: Leftovers
|upkeep
|turn|6
|
|t:|1757822463
|move|p1a: Tornadus|Bleakwind Storm|p2a: Keldeo
|-supereffective|p2a: Keldeo
|-end|p2a: Keldeo|Substitute
|move|p2a: Keldeo|Surf|p1a: Tornadus
|-damage|p1a: Tornadus|73/100
|
|-heal|p2a: Keldeo|88/100|[from] item: Leftovers
|upkeep
|turn|7
|
|t:|1757822468
|switch|p2a: Sandy Shocks|Sandy Shocks|100/100
|-damage|p2a: Sandy Shocks|94/100|[from] Stealth Rock
|-enditem|p2a: Sandy Shocks|Booster Energy
|-activate|p2a: Sandy Shocks|ability: Protosynthesis|[fromitem]
|-start|p2a: Sandy Shocks|protosynthesisspe
|move|p1a: Tornadus|Bleakwind Storm|p2a: Sandy Shocks|[miss]
|-miss|p1a: Tornadus|p2a: Sandy Shocks
|
|upkeep
|turn|8
|
|t:|1757822475
|switch|p1a: Hatterene|Hatterene, F|100/100
|move|p2a: Sandy Shocks|Stealth Rock|p1a: Hatterene
|move|p1a: Hatterene|Stealth Rock||[from] ability: Magic Bounce|[still]
|-fail|p1a: Hatterene
|
|upkeep
|turn|9
|
|t:|1757822484
|switch|p1a: Kyurem|Kyurem|100/100
|-ability|p1a: Kyurem|Pressure
|move|p2a: Sandy Shocks|Earth Power|p1a: Kyurem
|-damage|p1a: Kyurem|61/100
|
|-heal|p1a: Kyurem|67/100|[from] item: Leftovers
|upkeep
|turn|10
|
|t:|1757822489
|move|p2a: Sandy Shocks|Stealth Rock|p1a: Kyurem
|-sidestart|p1: Gulptubus|move: Stealth Rock
|move|p1a: Kyurem|Substitute|p1a: Kyurem
|-start|p1a: Kyurem|Substitute
|-damage|p1a: Kyurem|42/100
|
|-heal|p1a: Kyurem|49/100|[from] item: Leftovers
|upkeep
|turn|11
|
|t:|1757822493
|move|p1a: Kyurem|Protect|p1a: Kyurem
|-singleturn|p1a: Kyurem|Protect
|move|p2a: Sandy Shocks|Earth Power|p1a: Kyurem
|-activate|p1a: Kyurem|move: Protect
|
|-heal|p1a: Kyurem|55/100|[from] item: Leftovers
|upkeep
|turn|12
|j| LuLuNaNaRaRa
|
|t:|1757822497
|move|p2a: Sandy Shocks|Earth Power|p1a: Kyurem
|-end|p1a: Kyurem|Substitute
|move|p1a: Kyurem|Freeze-Dry|p2a: Sandy Shocks
|-supereffective|p2a: Sandy Shocks
|-damage|p2a: Sandy Shocks|7/100
|
|-heal|p1a: Kyurem|61/100|[from] item: Leftovers
|upkeep
|turn|13
|
|t:|1757822502
|move|p1a: Kyurem|Protect|p1a: Kyurem
|-singleturn|p1a: Kyurem|Protect
|move|p2a: Sandy Shocks|Earth Power|p1a: Kyurem
|-activate|p1a: Kyurem|move: Protect
|
|-heal|p1a: Kyurem|67/100|[from] item: Leftovers
|upkeep
|turn|14
|
|t:|1757822506
|move|p2a: Sandy Shocks|Earth Power|p1a: Kyurem
|-damage|p1a: Kyurem|26/100
|move|p1a: Kyurem|Substitute|p1a: Kyurem
|-start|p1a: Kyurem|Substitute
|-damage|p1a: Kyurem|1/100
|
|-heal|p1a: Kyurem|7/100|[from] item: Leftovers
|upkeep
|turn|15
|
|t:|1757822511
|move|p1a: Kyurem|Protect|p1a: Kyurem
|-singleturn|p1a: Kyurem|Protect
|move|p2a: Sandy Shocks|Earth Power|p1a: Kyurem
|-activate|p1a: Kyurem|move: Protect
|
|-heal|p1a: Kyurem|13/100|[from] item: Leftovers
|upkeep
|turn|16
|
|t:|1757822518
|move|p2a: Sandy Shocks|Earth Power|p1a: Kyurem
|-end|p1a: Kyurem|Substitute
|move|p1a: Kyurem|Freeze-Dry|p2a: Sandy Shocks
|-supereffective|p2a: Sandy Shocks
|-damage|p2a: Sandy Shocks|0 fnt
|faint|p2a: Sandy Shocks
|-end|p2a: Sandy Shocks|Protosynthesis|[silent]
|
|-heal|p1a: Kyurem|19/100|[from] item: Leftovers
|upkeep
|
|t:|1757822523
|switch|p2a: Greninja|Greninja, M|100/100
|-damage|p2a: Greninja|88/100|[from] Stealth Rock
|turn|17
|
|t:|1757822534
|switch|p1a: Tornadus|Tornadus-Therian, M|100/100
|-damage|p1a: Tornadus|76/100|[from] Stealth Rock
|move|p2a: Greninja|Surf|p1a: Tornadus
|-damage|p1a: Tornadus|43/100
|-damage|p2a: Greninja|78/100|[from] item: Life Orb
|
|upkeep
|turn|18
|
|t:|1757822551
|switch|p1a: Kyurem|Kyurem|19/100
|-damage|p1a: Kyurem|0 fnt|[from] Stealth Rock
|faint|p1a: Kyurem
|move|p2a: Greninja|Ice Beam|p1: Kyurem|[notarget]
|-fail|p2a: Greninja
|
|upkeep
|
|t:|1757822570
|switch|p1a: Gliscor|Gliscor, F|52/100 tox
|-damage|p1a: Gliscor|40/100 tox|[from] Stealth Rock
|turn|19
|
|t:|1757822577
|move|p1a: Gliscor|Protect|p1a: Gliscor
|-singleturn|p1a: Gliscor|Protect
|move|p2a: Greninja|Ice Beam|p1a: Gliscor
|-activate|p1a: Gliscor|move: Protect
|
|-heal|p1a: Gliscor|52/100 tox|[from] ability: Poison Heal
|upkeep
|turn|20
|
|t:|1757822588
|-terastallize|p1a: Gliscor|Water
|move|p2a: Greninja|Dark Pulse|p1a: Gliscor
|-damage|p1a: Gliscor|14/100 tox
|-damage|p2a: Greninja|69/100|[from] item: Life Orb
|move|p1a: Gliscor|U-turn|p2a: Greninja
|-supereffective|p2a: Greninja
|-damage|p2a: Greninja|19/100
|
|t:|1757822604
|switch|p1a: Hatterene|Hatterene, F|100/100|[from] U-turn
|-damage|p1a: Hatterene|88/100|[from] Stealth Rock
|
|upkeep
|turn|21
|
|t:|1757822609
|move|p2a: Greninja|Dark Pulse|p1a: Hatterene
|-damage|p1a: Hatterene|42/100
|-damage|p2a: Greninja|10/100|[from] item: Life Orb
|move|p1a: Hatterene|Draining Kiss|p2a: Greninja
|-supereffective|p2a: Greninja
|-damage|p2a: Greninja|0 fnt
|-heal|p1a: Hatterene|49/100|[from] drain|[of] p2a: Greninja
|faint|p2a: Greninja
|
|upkeep
|
|t:|1757822630
|switch|p2a: Ogerpon|Ogerpon, F|100/100
|-damage|p2a: Ogerpon|88/100|[from] Stealth Rock
|turn|22
|
|t:|1757822634
|move|p2a: Ogerpon|Ivy Cudgel|p1a: Hatterene
|-damage|p1a: Hatterene|0 fnt
|faint|p1a: Hatterene
|
|upkeep
|
|t:|1757822640
|switch|p1a: Tornadus|Tornadus-Therian, M|76/100
|-damage|p1a: Tornadus|51/100|[from] Stealth Rock
|turn|23
|
|t:|1757822643
|-terastallize|p2a: Ogerpon|Grass
|detailschange|p2a: Ogerpon|Ogerpon-Teal-Tera, F, tera:Grass
|-ability|p2a: Ogerpon|Embody Aspect (Teal)|boost
|-boost|p2a: Ogerpon|spe|1
|move|p2a: Ogerpon|Ivy Cudgel|p1a: Tornadus
|-resisted|p1a: Tornadus
|-damage|p1a: Tornadus|0 fnt
|faint|p1a: Tornadus
|
|upkeep
|
|t:|1757822652
|switch|p1a: Heatran|Heatran, F|71/100
|-damage|p1a: Heatran|58/100|[from] Stealth Rock
|turn|24
|
|t:|1757822667
|switch|p2a: Latios|Latios, M|65/100 tox
|-damage|p2a: Latios|52/100 tox|[from] Stealth Rock
|move|p1a: Heatran|Lava Plume|p2a: Latios
|-resisted|p2a: Latios
|-damage|p2a: Latios|34/100 tox
|
|-heal|p1a: Heatran|64/100|[from] item: Leftovers
|-damage|p2a: Latios|28/100 tox|[from] psn
|upkeep
|turn|25
|
|t:|1757822676
|switch|p1a: Gliscor|Gliscor, F, tera:Water|14/100 tox
|-damage|p1a: Gliscor|1/100 tox|[from] Stealth Rock
|move|p2a: Latios|Aura Sphere|p1a: Gliscor
|-damage|p1a: Gliscor|0 fnt
|faint|p1a: Gliscor
|
|-damage|p2a: Latios|16/100 tox|[from] psn
|upkeep
|
|t:|1757822689
|switch|p1a: Heatran|Heatran, F|64/100
|-damage|p1a: Heatran|52/100|[from] Stealth Rock
|turn|26
|
|t:|1757822692
|move|p2a: Latios|Aura Sphere|p1a: Heatran
|-supereffective|p1a: Heatran
|-damage|p1a: Heatran|0 fnt
|faint|p1a: Heatran
|
|-damage|p2a: Latios|0 fnt|[from] psn
|faint|p2a: Latios
|upkeep
|l| LuLuNaNaRaRa
|
|t:|1757822715
|switch|p2a: Ogerpon|Ogerpon-Teal-Tera, F, tera:Grass|88/100
|switch|p1a: Zamazenta|Zamazenta|100/100
|-damage|p1a: Zamazenta|94/100|[from] Stealth Rock
|-ability|p1a: Zamazenta|Dauntless Shield|boost
|-boost|p1a: Zamazenta|def|1
|-damage|p2a: Ogerpon|76/100|[from] Stealth Rock
|-ability|p2a: Ogerpon|Embody Aspect (Teal)|boost
|-boost|p2a: Ogerpon|spe|1
|turn|27
|
|t:|1757822721
|move|p2a: Ogerpon|Ivy Cudgel|p1a: Zamazenta
|-damage|p1a: Zamazenta|43/100
|move|p1a: Zamazenta|Iron Defense|p1a: Zamazenta
|-boost|p1a: Zamazenta|def|2
|
|-heal|p1a: Zamazenta|49/100|[from] item: Leftovers
|upkeep
|turn|28
|
|t:|1757822724
|move|p2a: Ogerpon|Ivy Cudgel|p1a: Zamazenta
|-damage|p1a: Zamazenta|20/100
|move|p1a: Zamazenta|Body Press|p2a: Ogerpon
|-damage|p2a: Ogerpon|0 fnt
|faint|p2a: Ogerpon
|detailschange|p2: Ogerpon|Ogerpon, F|[silent]
|
|-heal|p1a: Zamazenta|26/100|[from] item: Leftovers
|upkeep
|
|t:|1757822726
|switch|p2a: Lokix|Lokix, M|100/100
|turn|29
|
|t:|1757822729
|move|p2a: Lokix|First Impression|p1a: Zamazenta
|-resisted|p1a: Zamazenta
|-damage|p1a: Zamazenta|14/100
|move|p1a: Zamazenta|Body Press|p2a: Lokix
|-damage|p2a: Lokix|0 fnt
|faint|p2a: Lokix
|
|-heal|p1a: Zamazenta|20/100|[from] item: Leftovers
|upkeep
|
|t:|1757822733
|switch|p2a: Keldeo|Keldeo-Resolute|88/100
|-damage|p2a: Keldeo|82/100|[from] Stealth Rock
|turn|30
|
|t:|1757822735
|move|p1a: Zamazenta|Body Press|p2a: Keldeo
|-damage|p2a: Keldeo|0 fnt
|faint|p2a: Keldeo
|
|win|Gulptubus
|raw|Gulptubus's rating: 1536 &rarr; <strong>1556</strong><br />(+20 for winning)
|raw|sumofsquares's rating: 1529 &rarr; <strong>1509</strong><br />(-20 for losing)
|l|☆Gulptubus
|player|p1|
|l|☆sumofsquares
|player|p2|
