|j|☆BornOfCreed
|j|☆KiriLaw
|t:|1757815872
|gametype|singles
|player|p1|BornOfCreed|ghetsis|1092
|player|p2|KiriLaw|169|1035
|gen|9
|tier|[Gen 9] OU
|rated|
|rule|HP Percentage Mod: HP is shown in percentages
|rule|Endless Battle Clause: Forcing endless battles is banned
|rule|Species Clause: Limit one of each Pokémon
|rule|OHKO Clause: OHKO moves are banned
|rule|Evasion Items Clause: Evasion items are banned
|rule|Evasion Moves Clause: Evasion moves are banned
|rule|Evasion Abilities Clause: Evasion abilities are banned
|rule|Sleep Moves Clause: Sleep-inducing moves are banned
|clearpoke
|poke|p1|Amoonguss, F|
|poke|p1|Milotic, M|
|poke|p1|Muk, F|
|poke|p1|Avalugg-Hisui, F|
|poke|p1|Scyther, F|
|poke|p1|Shelgon, F|
|poke|p2|Jolteon, F|
|poke|p2|Gastrodon, F|
|poke|p2|Hydreigon, M|
|poke|p2|Breloom, M|
|poke|p2|Toxapex, F|
|poke|p2|Ninetales-Alola, M|
|teampreview
|
|t:|1757815889
|teamsize|p1|6
|teamsize|p2|6
|start
|switch|p1a: Avalugg|Avalugg-Hisui, F|100/100
|switch|p2a: Breloom|Breloom, M|100/100
|turn|1
|
|t:|1757815897
|switch|p1a: Amoonguss|Amoonguss, F|100/100
|move|p2a: Breloom|Mach Punch|p1a: Amoonguss
|-resisted|p1a: Amoonguss
|-damage|p1a: Amoonguss|93/100
|-damage|p2a: Breloom|84/100|[from] item: Rocky Helmet|[of] p1a: Amoonguss
|
|-status|p2a: Breloom|tox|[from] item: Toxic Orb
|upkeep
|turn|2
|
|t:|1757815908
|switch|p2a: Ninetales|Ninetales-Alola, M|100/100
|-weather|Snowscape|[from] ability: Snow Warning|[of] p2a: Ninetales
|move|p1a: Amoonguss|Hex|p2a: Ninetales
|-damage|p2a: Ninetales|83/100
|
|-weather|Snowscape|[upkeep]
|upkeep
|turn|3
|
|t:|1757815918
|switch|p1a: Milotic|Milotic, M|100/100
|move|p2a: Ninetales|Aurora Veil|p2a: Ninetales
|-sidestart|p2: KiriLaw|move: Aurora Veil
|
|-weather|Snowscape|[upkeep]
|upkeep
|turn|4
|
|t:|1757815929
|move|p2a: Ninetales|Moonblast|p1a: Milotic
|-damage|p1a: Milotic|81/100
|move|p1a: Milotic|Scald|p2a: Ninetales
|-damage|p2a: Ninetales|61/100
|
|-weather|Snowscape|[upkeep]
|upkeep
|turn|5
|
|t:|1757815939
|switch|p2a: Gastrodon|Gastrodon, F|100/100
|move|p1a: Milotic|Scald|p2a: Gastrodon
|-ability|p2a: Gastrodon|Storm Drain|boost
|-boost|p2a: Gastrodon|spa|1
|
|-weather|Snowscape|[upkeep]
|upkeep
|turn|6
|
|t:|1757815947
|move|p1a: Milotic|Blizzard|p2a: Gastrodon
|-damage|p2a: Gastrodon|89/100
|-status|p2a: Gastrodon|frz
|cant|p2a: Gastrodon|frz
|
|-weather|Snowscape|[upkeep]
|-heal|p2a: Gastrodon|96/100 frz|[from] item: Leftovers
|upkeep
|turn|7
|
|t:|1757815956
|switch|p1a: Amoonguss|Amoonguss, F|93/100
|cant|p2a: Gastrodon|frz
|
|-weather|Snowscape|[upkeep]
|-heal|p2a: Gastrodon|100/100 frz|[from] item: Leftovers
|-sideend|p2: KiriLaw|move: Aurora Veil
|upkeep
|turn|8
|
|t:|1757815964
|switch|p2a: Ninetales|Ninetales-Alola, M|61/100
|move|p1a: Amoonguss|Stun Spore|p2a: Ninetales
|-status|p2a: Ninetales|par
|
|-weather|Snowscape|[upkeep]
|upkeep
|turn|9
|
|t:|1757815971
|move|p2a: Ninetales|Freeze-Dry|p1a: Amoonguss
|-supereffective|p1a: Amoonguss
|-damage|p1a: Amoonguss|36/100
|-status|p1a: Amoonguss|frz
|cant|p1a: Amoonguss|frz
|
|-weather|none
|upkeep
|turn|10
|
|t:|1757815978
|move|p2a: Ninetales|Freeze-Dry|p1a: Amoonguss
|-supereffective|p1a: Amoonguss
|-damage|p1a: Amoonguss|0 fnt
|faint|p1a: Amoonguss
|
|upkeep
|
|t:|1757815985
|switch|p1a: Avalugg|Avalugg-Hisui, F|100/100
|turn|11
|
|t:|1757815989
|switch|p2a: Toxapex|Toxapex, F|100/100
|move|p1a: Avalugg|Stone Edge|p2a: Toxapex
|-damage|p2a: Toxapex|54/100
|
|-heal|p2a: Toxapex|60/100|[from] item: Leftovers
|upkeep
|turn|12
|
|t:|1757815996
|move|p2a: Toxapex|Toxic|p1a: Avalugg
|-status|p1a: Avalugg|tox
|move|p1a: Avalugg|Stone Edge|p2a: Toxapex
|-damage|p2a: Toxapex|7/100
|
|-heal|p2a: Toxapex|13/100|[from] item: Leftovers
|-damage|p1a: Avalugg|94/100 tox|[from] psn
|upkeep
|turn|13
|
|t:|1757816005
|move|p2a: Toxapex|Baneful Bunker|p2a: Toxapex
|-singleturn|p2a: Toxapex|move: Protect
|move|p1a: Avalugg|Stone Edge|p2a: Toxapex
|-activate|p2a: Toxapex|move: Protect
|
|-heal|p2a: Toxapex|19/100|[from] item: Leftovers
|-damage|p1a: Avalugg|82/100 tox|[from] psn
|upkeep
|turn|14
|
|t:|1757816012
|move|p2a: Toxapex|Recover|p2a: Toxapex
|-heal|p2a: Toxapex|69/100
|move|p1a: Avalugg|Stone Edge|p2a: Toxapex
|-damage|p2a: Toxapex|14/100
|
|-heal|p2a: Toxapex|20/100|[from] item: Leftovers
|-damage|p1a: Avalugg|64/100 tox|[from] psn
|upkeep
|turn|15
|
|t:|1757816023
|move|p2a: Toxapex|Recover|p2a: Toxapex
|-heal|p2a: Toxapex|70/100
|move|p1a: Avalugg|Stone Edge|p2a: Toxapex
|-damage|p2a: Toxapex|17/100
|
|-heal|p2a: Toxapex|23/100|[from] item: Leftovers
|-damage|p1a: Avalugg|40/100 tox|[from] psn
|upkeep
|turn|16
|
|t:|1757816035
|switch|p1a: Shelgon|Shelgon, F|100/100
|move|p2a: Toxapex|Recover|p2a: Toxapex
|-heal|p2a: Toxapex|73/100
|
|-heal|p2a: Toxapex|79/100|[from] item: Leftovers
|upkeep
|turn|17
|
|t:|1757816042
|-terastallize|p1a: Shelgon|Steel
|move|p1a: Shelgon|Dragon Dance|p1a: Shelgon
|-boost|p1a: Shelgon|atk|1
|-boost|p1a: Shelgon|spe|1
|move|p2a: Toxapex|Toxic|p1a: Shelgon
|-immune|p1a: Shelgon
|
|-heal|p2a: Toxapex|86/100|[from] item: Leftovers
|upkeep
|turn|18
|
|t:|1757816052
|switch|p2a: Breloom|Breloom, M|84/100 tox
|move|p1a: Shelgon|Dragon Dance|p1a: Shelgon
|-boost|p1a: Shelgon|atk|1
|-boost|p1a: Shelgon|spe|1
|
|-heal|p2a: Breloom|96/100 tox|[from] ability: Poison Heal
|upkeep
|turn|19
|
|t:|1757816060
|move|p2a: Breloom|Mach Punch|p1a: Shelgon
|-supereffective|p1a: Shelgon
|-damage|p1a: Shelgon|65/100
|move|p1a: Shelgon|Outrage|p2a: Breloom
|-damage|p2a: Breloom|0 fnt
|faint|p2a: Breloom
|
|upkeep
|
|t:|1757816068
|switch|p2a: Hydreigon|Hydreigon, M|100/100
|turn|20
|
|t:|1757816071
|move|p2a: Hydreigon|Draco Meteor|p1a: Shelgon
|-resisted|p1a: Shelgon
|-damage|p1a: Shelgon|19/100
|-unboost|p2a: Hydreigon|spa|2
|move|p1a: Shelgon|Outrage|p2a: Hydreigon|[from] lockedmove
|-supereffective|p2a: Hydreigon
|-damage|p2a: Hydreigon|0 fnt
|faint|p2a: Hydreigon
|-start|p1a: Shelgon|confusion|[fatigue]
|
|upkeep
|
|t:|1757816083
|switch|p2a: Jolteon|Jolteon, F|100/100
|turn|21
|
|t:|1757816087
|-activate|p1a: Shelgon|confusion
|move|p1a: Shelgon|Outrage|p2a: Jolteon
|-damage|p2a: Jolteon|0 fnt
|faint|p2a: Jolteon
|
|upkeep
|
|t:|1757816093
|switch|p2a: Toxapex|Toxapex, F|100/100
|turn|22
|
|t:|1757816096
|-end|p1a: Shelgon|confusion
|move|p1a: Shelgon|Outrage|p2a: Toxapex|[from] lockedmove
|-damage|p2a: Toxapex|35/100
|-start|p1a: Shelgon|confusion|[fatigue]
|move|p2a: Toxapex|Hex|p1a: Shelgon
|-damage|p1a: Shelgon|7/100
|
|-heal|p2a: Toxapex|41/100|[from] item: Leftovers
|upkeep
|turn|23
|
|t:|1757816106
|move|p2a: Toxapex|Baneful Bunker|p2a: Toxapex
|-singleturn|p2a: Toxapex|move: Protect
|-activate|p1a: Shelgon|confusion
|move|p1a: Shelgon|Outrage|p2a: Toxapex
|-activate|p2a: Toxapex|move: Protect
|
|-heal|p2a: Toxapex|48/100|[from] item: Leftovers
|upkeep
|turn|24
|
|t:|1757816118
|-activate|p1a: Shelgon|confusion
|move|p1a: Shelgon|Outrage|p2a: Toxapex
|-damage|p2a: Toxapex|0 fnt
|faint|p2a: Toxapex
|
|upkeep
|
|t:|1757816123
|switch|p2a: Ninetales|Ninetales-Alola, M|61/100 par
|-weather|Snowscape|[from] ability: Snow Warning|[of] p2a: Ninetales
|turn|25
|c|☆BornOfCreed|lol
|
|t:|1757816129
|-terastallize|p2a: Ninetales|Fire
|-activate|p1a: Shelgon|confusion
|move|p1a: Shelgon|Outrage|p2a: Ninetales|[from] lockedmove
|-damage|p2a: Ninetales|0 fnt
|faint|p2a: Ninetales
|
|-weather|Snowscape|[upkeep]
|upkeep
|
|t:|1757816135
|switch|p2a: Gastrodon|Gastrodon, F|100/100 frz
|turn|26
|
|t:|1757816138
|-end|p1a: Shelgon|confusion
|move|p1a: Shelgon|Outrage|p2a: Gastrodon
|-damage|p2a: Gastrodon|0 fnt
|faint|p2a: Gastrodon
|
|win|BornOfCreed
|raw|BornOfCreed's rating: 1092 &rarr; <strong>1114</strong><br />(+22 for winning)
|raw|KiriLaw's rating: 1035 &rarr; <strong>1022</strong><br />(-13 for losing)
|c|☆BornOfCreed|posting
