|j|☆Namanpokemonmaster
|j|☆kikito2009
|t:|1757911843
|gametype|singles
|player|p1|Namanpokemonmaster|dawn|1327
|player|p2|kikito2009|pokemaniac|1278
|gen|9
|tier|[Gen 9] OU
|rated|
|rule|HP Percentage Mod: HP is shown in percentages
|rule|Endless Battle Clause: Forcing endless battles is banned
|rule|Species Clause: Limit one of each Pokémon
|rule|OHKO Clause: OHKO moves are banned
|rule|Evasion Items Clause: Evasion items are banned
|rule|Evasion Moves Clause: Evasion moves are banned
|rule|Evasion Abilities Clause: Evasion abilities are banned
|rule|Sleep Moves Clause: Sleep-inducing moves are banned
|clearpoke
|poke|p1|Gholdengo|
|poke|p1|Hatterene, F|
|poke|p1|Darkrai|
|poke|p1|Landorus-Therian, M|
|poke|p1|Dragonite, F|
|poke|p1|Zamazenta-*|
|poke|p2|Ogerpon-Wellspring, F|
|poke|p2|Goodra-Hisui, F|
|poke|p2|Coalossal, F|
|poke|p2|Thundurus-Therian, M|
|poke|p2|Orthworm, F|
|poke|p2|Zoroark-Hisui, F|
|teampreview
|inactive|Battle timer is ON: inactive players will automatically lose when time's up. (requested by Namanpokemonmaster)
|
|t:|1757911855
|teamsize|p1|6
|teamsize|p2|6
|start
|switch|p1a: Darkrai|Darkrai|100/100
|switch|p2a: Orthworm|Orthworm, F|100/100
|turn|1
|
|t:|1757911862
|move|p1a: Darkrai|Dark Pulse|p2a: Orthworm
|-damage|p2a: Orthworm|16/100
|move|p2a: Orthworm|Stealth Rock|p1a: Darkrai
|-sidestart|p1: Namanpokemonmaster|move: Stealth Rock
|
|-heal|p2a: Orthworm|22/100|[from] item: Leftovers
|upkeep
|turn|2
|
|t:|1757911870
|switch|p2a: Goodra|Goodra-Hisui, F|100/100
|move|p1a: Darkrai|Knock Off|p2a: Goodra
|-damage|p2a: Goodra|64/100
|-enditem|p2a: Goodra|Assault Vest|[from] move: Knock Off|[of] p1a: Darkrai
|
|upkeep
|turn|3
|
|t:|1757911880
|move|p1a: Darkrai|Knock Off|p2a: Goodra
|-damage|p2a: Goodra|42/100
|move|p2a: Goodra|Ice Beam|p1a: Darkrai
|-damage|p1a: Darkrai|68/100
|
|upkeep
|turn|4
|
|t:|1757911886
|move|p1a: Darkrai|Sucker Punch|p2a: Goodra
|-damage|p2a: Goodra|18/100
|move|p2a: Goodra|Dragon Pulse|p1a: Darkrai
|-damage|p1a: Darkrai|19/100
|
|upkeep
|turn|5
|
|t:|1757911892
|move|p1a: Darkrai|Knock Off|p2a: Goodra
|-damage|p2a: Goodra|0 fnt
|faint|p2a: Goodra
|
|upkeep
|
|t:|1757911896
|switch|p2a: Ogerpon|Ogerpon-Wellspring, F|100/100
|turn|6
|
|t:|1757911902
|move|p1a: Darkrai|Dark Pulse|p2a: Ogerpon
|-damage|p2a: Ogerpon|36/100
|move|p2a: Ogerpon|Trailblaze|p1a: Darkrai
|-damage|p1a: Darkrai|0 fnt
|-boost|p2a: Ogerpon|spe|1
|faint|p1a: Darkrai
|
|upkeep
|inactive|Namanpokemonmaster has 120 seconds left.
|
|t:|1757911955
|switch|p1a: Hatterene|Hatterene, F|100/100
|-damage|p1a: Hatterene|88/100|[from] Stealth Rock
|turn|7
|
|t:|1757911962
|move|p2a: Ogerpon|Horn Leech|p1a: Hatterene
|-damage|p1a: Hatterene|41/100
|-heal|p2a: Ogerpon|61/100|[from] drain|[of] p1a: Hatterene
|move|p1a: Hatterene|Psyshock|p2a: Ogerpon
|-damage|p2a: Ogerpon|6/100
|
|upkeep
|turn|8
|
|t:|1757911973
|switch|p1a: Landorus|Landorus-Therian, M|100/100
|-damage|p1a: Landorus|88/100|[from] Stealth Rock
|-ability|p1a: Landorus|Intimidate|boost
|-unboost|p2a: Ogerpon|atk|1
|move|p2a: Ogerpon|Ivy Cudgel|p1a: Landorus|[anim] Ivy Cudgel Water
|-supereffective|p1a: Landorus
|-damage|p1a: Landorus|8/100
|
|upkeep
|turn|9
|inactive|Namanpokemonmaster has 120 seconds left.
|
|t:|1757911989
|move|p2a: Ogerpon|Horn Leech|p1a: Landorus
|-damage|p1a: Landorus|0 fnt
|-heal|p2a: Ogerpon|11/100|[from] drain|[of] p1a: Landorus
|-damage|p2a: Ogerpon|0 fnt|[from] item: Rocky Helmet|[of] p1a: Landorus
|faint|p1a: Landorus
|faint|p2a: Ogerpon
|
|upkeep
|
|t:|1757912000
|switch|p2a: Orthworm|Orthworm, F|100/100
|switch|p1a: Gholdengo|Gholdengo|100/100
|-damage|p1a: Gholdengo|94/100|[from] Stealth Rock
|turn|10
|
|t:|1757912006
|switch|p1a: Hatterene|Hatterene, F|41/100
|-damage|p1a: Hatterene|29/100|[from] Stealth Rock
|move|p2a: Orthworm|Nasty Plot|p2a: Orthworm
|-boost|p2a: Orthworm|spa|2
|
|upkeep
|turn|11
|inactive|Namanpokemonmaster has 120 seconds left.
|
|t:|1757912015
|move|p2a: Orthworm|Bitter Malice|p1a: Hatterene
|-supereffective|p1a: Hatterene
|-damage|p1a: Hatterene|0 fnt
|faint|p1a: Hatterene
|
|upkeep
|inactive|Namanpokemonmaster has 120 seconds left.
|
|t:|1757912024
|switch|p1a: Zamazenta|Zamazenta|100/100
|-damage|p1a: Zamazenta|94/100|[from] Stealth Rock
|-ability|p1a: Zamazenta|Dauntless Shield|boost
|-boost|p1a: Zamazenta|def|1
|turn|12
|
|t:|1757912029
|move|p1a: Zamazenta|Crunch|p2a: Orthworm
|-supereffective|p2a: Orthworm
|-damage|p2a: Orthworm|7/100
|replace|p2a: Zoroark|Zoroark-Hisui, F
|-end|p2a: Zoroark|Illusion
|move|p2a: Zoroark|Bitter Malice|p1a: Zamazenta
|-damage|p1a: Zamazenta|22/100
|-unboost|p1a: Zamazenta|atk|1
|
|-heal|p1a: Zamazenta|28/100|[from] item: Leftovers
|upkeep
|turn|13
|
|t:|1757912048
|switch|p2a: Orthworm|Orthworm, F|22/100
|move|p1a: Zamazenta|Crunch|p2a: Orthworm
|-damage|p2a: Orthworm|14/100
|
|-heal|p1a: Zamazenta|35/100|[from] item: Leftovers
|-heal|p2a: Orthworm|20/100|[from] item: Leftovers
|upkeep
|turn|14
|
|t:|1757912055
|move|p1a: Zamazenta|Body Press|p2a: Orthworm
|-supereffective|p2a: Orthworm
|-damage|p2a: Orthworm|0 fnt
|faint|p2a: Orthworm
|
|-heal|p1a: Zamazenta|41/100|[from] item: Leftovers
|upkeep
|
|t:|1757912061
|switch|p2a: Thundurus|Thundurus-Therian, M|100/100
|turn|15
|
|t:|1757912079
|move|p2a: Thundurus|Thunderbolt|p1a: Zamazenta
|-damage|p1a: Zamazenta|0 fnt
|faint|p1a: Zamazenta
|
|upkeep
|
|t:|1757912092
|switch|p1a: Dragonite|Dragonite, F|100/100
|-damage|p1a: Dragonite|76/100|[from] Stealth Rock
|turn|16
|
|t:|1757912095
|move|p2a: Thundurus|Thunderbolt|p1a: Dragonite
|-damage|p1a: Dragonite|17/100
|move|p1a: Dragonite|Roost|p1a: Dragonite
|-heal|p1a: Dragonite|67/100
|-singleturn|p1a: Dragonite|move: Roost
|
|upkeep
|turn|17
|
|t:|1757912103
|move|p2a: Thundurus|Thunderbolt|p1a: Dragonite
|-damage|p1a: Dragonite|5/100
|move|p1a: Dragonite|Roost|p1a: Dragonite
|-heal|p1a: Dragonite|55/100
|-singleturn|p1a: Dragonite|move: Roost
|
|upkeep
|turn|18
|
|t:|1757912108
|move|p2a: Thundurus|Thunderbolt|p1a: Dragonite
|-damage|p1a: Dragonite|0 fnt
|faint|p1a: Dragonite
|
|upkeep
|
|t:|1757912110
|switch|p1a: Gholdengo|Gholdengo|94/100
|-damage|p1a: Gholdengo|88/100|[from] Stealth Rock
|turn|19
|
|t:|1757912116
|move|p2a: Thundurus|Thunderbolt|p1a: Gholdengo
|-damage|p1a: Gholdengo|27/100
|move|p1a: Gholdengo|Nasty Plot|p1a: Gholdengo
|-boost|p1a: Gholdengo|spa|2
|
|upkeep
|turn|20
|-message|Namanpokemonmaster forfeited.
|
|win|kikito2009
|raw|Namanpokemonmaster's rating: 1327 &rarr; <strong>1304</strong><br />(-23 for losing)
|raw|kikito2009's rating: 1278 &rarr; <strong>1307</strong><br />(+29 for winning)
|l|☆Namanpokemonmaster
|player|p1|
|l|☆kikito2009
|player|p2|
