|j|☆xiaoshushengxiao
|j|☆Iamgarbageee
|t:|1757902886
|gametype|singles
|player|p1|xiaoshushengxiao|hilbert-wonderlauncher|1411
|player|p2|Iamgarbageee|plumeria|1403
|gen|9
|tier|[Gen 9] OU
|rated|
|rule|HP Percentage Mod: HP is shown in percentages
|rule|Endless Battle Clause: Forcing endless battles is banned
|rule|Species Clause: Limit one of each Pokémon
|rule|OHKO Clause: OHKO moves are banned
|rule|Evasion Items Clause: Evasion items are banned
|rule|Evasion Moves Clause: Evasion moves are banned
|rule|Evasion Abilities Clause: Evasion abilities are banned
|rule|Sleep Moves Clause: Sleep-inducing moves are banned
|clearpoke
|poke|p1|Venusaur, M|
|poke|p1|Great Tusk|
|poke|p1|Walking Wake|
|poke|p1|Ninetales, F|
|poke|p1|Raging Bolt|
|poke|p1|Cinderace, F|
|poke|p2|Slowking-Galar, F|
|poke|p2|Volcanion|
|poke|p2|Ursaluna, M|
|poke|p2|Scizor, M|
|poke|p2|Glastrier|
|poke|p2|Hatterene, F|
|teampreview
|inactive|Battle timer is ON: inactive players will automatically lose when time's up. (requested by Iamgarbageee)
|
|t:|1757902902
|teamsize|p1|6
|teamsize|p2|6
|start
|switch|p1a: Cinderace|Cinderace, F|100/100
|switch|p2a: Chunkee|Slowking-Galar, F, shiny|100/100
|turn|1
|
|t:|1757902907
|move|p1a: Cinderace|U-turn|p2a: Chunkee
|-start|p1a: Cinderace|typechange|Bug|[from] ability: Libero
|-damage|p2a: Chunkee|73/100
|
|t:|1757902912
|switch|p1a: Great Tusk|Great Tusk|100/100|[from] U-turn
|move|p2a: Chunkee|Trick Room|p2a: Chunkee
|-fieldstart|move: Trick Room|[of] p2a: Chunkee
|
|-heal|p2a: Chunkee|79/100|[from] item: Leftovers
|upkeep
|turn|2
|
|t:|1757902928
|-prepare|p2a: Chunkee|Chilly Reception|[premajor]
|move|p2a: Chunkee|Chilly Reception|p2a: Chunkee
|-weather|Snowscape
|
|t:|1757902929
|switch|p2a: Lil ladee|Hatterene, F, shiny|100/100|[from] Chilly Reception
|move|p1a: Great Tusk|Headlong Rush|p2a: Lil ladee
|-damage|p2a: Lil ladee|27/100
|-unboost|p1a: Great Tusk|def|1
|-unboost|p1a: Great Tusk|spd|1
|-enditem|p1a: Great Tusk|Eject Pack
|
|t:|1757902946
|-end|p1a: Great Tusk|Protosynthesis|[silent]
|switch|p1a: Raging Bolt|Raging Bolt|100/100
|
|-weather|Snowscape|[upkeep]
|-heal|p2a: Lil ladee|33/100|[from] item: Leftovers
|upkeep
|turn|3
|
|t:|1757902952
|move|p2a: Lil ladee|Misty Explosion|p1a: Raging Bolt
|-supereffective|p1a: Raging Bolt
|-damage|p1a: Raging Bolt|32/100
|faint|p2a: Lil ladee
|move|p1a: Raging Bolt|Weather Ball|p2: Lil ladee|[notarget]
|-fail|p1a: Raging Bolt
|
|-weather|Snowscape|[upkeep]
|upkeep
|
|t:|1757902959
|switch|p2a: Gayleb Williams|Ursaluna, M, shiny|100/100
|turn|4
|
|t:|1757902977
|-end|p1a: Raging Bolt|Protosynthesis|[silent]
|switch|p1a: Great Tusk|Great Tusk|100/100
|move|p2a: Gayleb Williams|Facade|p1a: Great Tusk
|-damage|p1a: Great Tusk|74/100
|
|-weather|Snowscape|[upkeep]
|-status|p2a: Gayleb Williams|brn|[from] item: Flame Orb
|upkeep
|turn|5
|
|t:|1757902988
|switch|p2a: Walmart Shimp|Scizor, M|100/100
|move|p1a: Great Tusk|Close Combat|p2a: Walmart Shimp
|-damage|p2a: Walmart Shimp|34/100
|-unboost|p1a: Great Tusk|def|1
|-unboost|p1a: Great Tusk|spd|1
|
|-weather|Snowscape|[upkeep]
|-fieldend|move: Trick Room
|upkeep
|turn|6
|
|t:|1757902998
|-end|p1a: Great Tusk|Protosynthesis|[silent]
|switch|p1a: Ninetales|Ninetales, F|100/100
|-weather|SunnyDay|[from] ability: Drought|[of] p1a: Ninetales
|switch|p2a: Chunkee|Slowking-Galar, F, shiny|100/100
|
|-weather|SunnyDay|[upkeep]
|upkeep
|turn|7
|inactive|xiaoshushengxiao has 120 seconds left.
|
|t:|1757903029
|switch|p1a: Cinderace|Cinderace, F|100/100
|move|p2a: Chunkee|Trick Room|p2a: Chunkee
|-fieldstart|move: Trick Room|[of] p2a: Chunkee
|
|-weather|SunnyDay|[upkeep]
|upkeep
|turn|8
|
|t:|1757903036
|move|p2a: Chunkee|Future Sight|p1a: Cinderace
|-start|p2a: Chunkee|move: Future Sight
|move|p1a: Cinderace|Pyro Ball|p2a: Chunkee
|-damage|p2a: Chunkee|30/100
|
|-weather|SunnyDay|[upkeep]
|-heal|p2a: Chunkee|36/100|[from] item: Leftovers
|upkeep
|turn|9
|
|t:|1757903045
|-prepare|p2a: Chunkee|Chilly Reception|[premajor]
|move|p2a: Chunkee|Chilly Reception|p2a: Chunkee
|-weather|Snowscape
|
|t:|1757903054
|switch|p2a: Gayleb Williams|Ursaluna, M, shiny|100/100 brn|[from] Chilly Reception
|move|p1a: Cinderace|U-turn|p2a: Gayleb Williams
|-start|p1a: Cinderace|typechange|Bug|[from] ability: Libero
|-damage|p2a: Gayleb Williams|77/100 brn
|
|t:|1757903072
|switch|p1a: Walking Wake|Walking Wake|100/100|[from] U-turn
|
|-weather|Snowscape|[upkeep]
|-damage|p2a: Gayleb Williams|71/100 brn|[from] brn
|upkeep
|turn|10
|
|t:|1757903086
|move|p2a: Gayleb Williams|Facade|p1a: Walking Wake
|-damage|p1a: Walking Wake|0 fnt
|faint|p1a: Walking Wake
|-end|p1a: Walking Wake|Protosynthesis|[silent]
|
|-weather|Snowscape|[upkeep]
|-hint|Future Sight did not hit because the target is fainted.
|-damage|p2a: Gayleb Williams|65/100 brn|[from] brn
|upkeep
|
|t:|1757903093
|switch|p1a: Great Tusk|Great Tusk|74/100
|turn|11
|
|t:|1757903102
|-terastallize|p2a: Gayleb Williams|Ghost
|move|p2a: Gayleb Williams|Facade|p1a: Great Tusk
|-damage|p1a: Great Tusk|0 fnt
|faint|p1a: Great Tusk
|-end|p1a: Great Tusk|Protosynthesis|[silent]
|
|-weather|Snowscape|[upkeep]
|-damage|p2a: Gayleb Williams|58/100 brn|[from] brn
|-fieldend|move: Trick Room
|upkeep
|
|t:|1757903117
|switch|p1a: Ninetales|Ninetales, F|100/100
|-weather|SunnyDay|[from] ability: Drought|[of] p1a: Ninetales
|turn|12
|
|t:|1757903123
|switch|p2a: Chunkee|Slowking-Galar, F, shiny|69/100
|move|p1a: Ninetales|Healing Wish|p1a: Ninetales
|faint|p1a: Ninetales
|
|-weather|SunnyDay|[upkeep]
|-heal|p2a: Chunkee|75/100|[from] item: Leftovers
|upkeep
|
|t:|1757903127
|switch|p1a: Cinderace|Cinderace, F|100/100
|turn|13
|
|t:|1757903137
|move|p1a: Cinderace|Pyro Ball|p2a: Chunkee
|-damage|p2a: Chunkee|12/100
|move|p2a: Chunkee|Trick Room|p2a: Chunkee
|-fieldstart|move: Trick Room|[of] p2a: Chunkee
|
|-weather|SunnyDay|[upkeep]
|-heal|p2a: Chunkee|18/100|[from] item: Leftovers
|upkeep
|turn|14
|
|t:|1757903143
|-prepare|p2a: Chunkee|Chilly Reception|[premajor]
|move|p2a: Chunkee|Chilly Reception|p2a: Chunkee
|-weather|Snowscape
|
|t:|1757903145
|switch|p2a: AssBlastToilet|Volcanion|100/100|[from] Chilly Reception
|move|p1a: Cinderace|U-turn|p2a: AssBlastToilet
|-start|p1a: Cinderace|typechange|Bug|[from] ability: Libero
|-resisted|p2a: AssBlastToilet
|-damage|p2a: AssBlastToilet|84/100
|
|t:|1757903148
|switch|p1a: Raging Bolt|Raging Bolt|32/100|[from] U-turn
|-heal|p1a: Raging Bolt|100/100|[from] move: Healing Wish
|
|-weather|Snowscape|[upkeep]
|upkeep
|turn|15
|
|t:|1757903158
|move|p2a: AssBlastToilet|Earth Power|p1a: Raging Bolt
|-supereffective|p1a: Raging Bolt
|-damage|p1a: Raging Bolt|41/100
|move|p1a: Raging Bolt|Draco Meteor|p2a: AssBlastToilet
|-damage|p2a: AssBlastToilet|13/100
|-unboost|p1a: Raging Bolt|spa|2
|
|-weather|Snowscape|[upkeep]
|upkeep
|turn|16
|
|t:|1757903162
|move|p1a: Raging Bolt|Thunderclap|p2a: AssBlastToilet
|-supereffective|p2a: AssBlastToilet
|-damage|p2a: AssBlastToilet|0 fnt
|faint|p2a: AssBlastToilet
|
|-weather|Snowscape|[upkeep]
|upkeep
|
|t:|1757903164
|switch|p2a: Gayleb Williams|Ursaluna, M, shiny, tera:Ghost|58/100 brn
|turn|17
|
|t:|1757903169
|move|p1a: Raging Bolt|Thunderclap|p2a: Gayleb Williams
|-damage|p2a: Gayleb Williams|41/100 brn
|move|p2a: Gayleb Williams|Facade|p1a: Raging Bolt
|-crit|p1a: Raging Bolt
|-damage|p1a: Raging Bolt|0 fnt
|faint|p1a: Raging Bolt
|-end|p1a: Raging Bolt|Protosynthesis|[silent]
|
|-weather|Snowscape|[upkeep]
|-damage|p2a: Gayleb Williams|35/100 brn|[from] brn
|-fieldend|move: Trick Room
|upkeep
|
|t:|1757903177
|switch|p1a: Cinderace|Cinderace, F|100/100
|turn|18
|
|t:|1757903186
|move|p1a: Cinderace|Pyro Ball|p2a: Gayleb Williams
|-damage|p2a: Gayleb Williams|0 fnt
|faint|p2a: Gayleb Williams
|
|-weather|none
|upkeep
|
|t:|1757903189
|switch|p2a: Chunkee|Slowking-Galar, F, shiny|52/100
|turn|19
|
|t:|1757903193
|move|p1a: Cinderace|Pyro Ball|p2a: Chunkee
|-damage|p2a: Chunkee|10/100
|move|p2a: Chunkee|Trick Room|p2a: Chunkee
|-fieldstart|move: Trick Room|[of] p2a: Chunkee
|
|-heal|p2a: Chunkee|16/100|[from] item: Leftovers
|upkeep
|turn|20
|
|t:|1757903205
|-prepare|p2a: Chunkee|Chilly Reception|[premajor]
|move|p2a: Chunkee|Chilly Reception|p2a: Chunkee
|-weather|Snowscape
|
|t:|1757903206
|switch|p2a: snowball|Glastrier|100/100|[from] Chilly Reception
|move|p1a: Cinderace|U-turn|p2a: snowball
|-start|p1a: Cinderace|typechange|Bug|[from] ability: Libero
|-damage|p2a: snowball|83/100
|
|t:|1757903215
|switch|p1a: Venusaur|Venusaur, M|100/100|[from] U-turn
|
|-weather|Snowscape|[upkeep]
|upkeep
|turn|21
|
|t:|1757903221
|move|p2a: snowball|Icicle Crash|p1a: Venusaur
|-supereffective|p1a: Venusaur
|-damage|p1a: Venusaur|0 fnt
|faint|p1a: Venusaur
|-ability|p2a: snowball|Chilling Neigh|boost
|-boost|p2a: snowball|atk|1
|
|-weather|Snowscape|[upkeep]
|upkeep
|-message|xiaoshushengxiao forfeited.
|
|win|Iamgarbageee
|raw|xiaoshushengxiao's rating: 1411 &rarr; <strong>1391</strong><br />(-20 for losing)
|raw|Iamgarbageee's rating: 1403 &rarr; <strong>1423</strong><br />(+20 for winning)
|l|☆xiaoshushengxiao
|player|p1|
|l|☆Iamgarbageee
|player|p2|
