|j|☆ArmandoJ
|j|☆w1ldf1st
|t:|1757855033
|gametype|singles
|player|p1|ArmandoJ|dancer|1128
|player|p2|w1ldf1st|lucas|1132
|gen|9
|tier|[Gen 9] OU
|rated|
|rule|HP Percentage Mod: HP is shown in percentages
|rule|Endless Battle Clause: Forcing endless battles is banned
|rule|Species Clause: Limit one of each Pokémon
|rule|OHKO Clause: OHKO moves are banned
|rule|Evasion Items Clause: Evasion items are banned
|rule|Evasion Moves Clause: Evasion moves are banned
|rule|Evasion Abilities Clause: Evasion abilities are banned
|rule|Sleep Moves Clause: Sleep-inducing moves are banned
|clearpoke
|poke|p1|Garganacl, F|
|poke|p1|Gliscor, M|
|poke|p1|Toxapex, F|
|poke|p1|Hatterene, F|
|poke|p1|Dragapult, F|
|poke|p1|Iron Treads|
|poke|p2|Blaziken, M|
|poke|p2|Grimmsnarl, M|
|poke|p2|Gliscor, M|
|poke|p2|Ogerpon-Wellspring, F|
|poke|p2|Scizor, M|
|poke|p2|Iron Valiant|
|teampreview
|
|t:|1757855040
|teamsize|p1|6
|teamsize|p2|6
|start
|switch|p1a: Dragapult|Dragapult, F|100/100
|switch|p2a: Even Yeagar|Grimmsnarl, M|100/100
|turn|1
|inactive|Battle timer is ON: inactive players will automatically lose when time's up. (requested by w1ldf1st)
|
|t:|1757855049
|move|p2a: Even Yeagar|Reflect|p2a: Even Yeagar
|-sidestart|p2: w1ldf1st|Reflect
|move|p1a: Dragapult|U-turn|p2a: Even Yeagar
|-damage|p2a: Even Yeagar|73/100
|
|t:|1757855059
|switch|p1a: Iron Treads|Iron Treads|100/100|[from] U-turn
|
|upkeep
|turn|2
|
|t:|1757855064
|move|p2a: Even Yeagar|Light Screen|p2a: Even Yeagar
|-sidestart|p2: w1ldf1st|move: Light Screen
|move|p1a: Iron Treads|Stealth Rock|p2a: Even Yeagar
|-sidestart|p2: w1ldf1st|move: Stealth Rock
|
|upkeep
|turn|3
|
|t:|1757855072
|move|p2a: Even Yeagar|Taunt|p1a: Iron Treads
|-start|p1a: Iron Treads|move: Taunt
|move|p1a: Iron Treads|Iron Head|p2a: Even Yeagar
|-supereffective|p2a: Even Yeagar
|-damage|p2a: Even Yeagar|23/100
|
|upkeep
|turn|4
|
|t:|1757855082
|move|p1a: Iron Treads|Iron Head|p2a: Even Yeagar
|-supereffective|p2a: Even Yeagar
|-damage|p2a: Even Yeagar|0 fnt
|faint|p2a: Even Yeagar
|
|upkeep
|
|t:|1757855090
|switch|p2a: Sanji|Blaziken, M|100/100
|-damage|p2a: Sanji|88/100|[from] Stealth Rock
|turn|5
|
|t:|1757855103
|-end|p1a: Iron Treads|Quark Drive|[silent]
|switch|p1a: Gliscor|Gliscor, M|100/100
|move|p2a: Sanji|Focus Energy|p2a: Sanji
|-start|p2a: Sanji|move: Focus Energy
|
|-ability|p2a: Sanji|Speed Boost|boost
|-boost|p2a: Sanji|spe|1
|-status|p1a: Gliscor|tox|[from] item: Toxic Orb
|upkeep
|turn|6
|
|t:|1757855114
|move|p2a: Sanji|Overheat|p1a: Gliscor
|-crit|p1a: Gliscor
|-damage|p1a: Gliscor|5/100 tox
|-unboost|p2a: Sanji|spa|2
|move|p1a: Gliscor|Substitute|p1a: Gliscor
|-fail|p1a: Gliscor|move: Substitute|[weak]
|
|-heal|p1a: Gliscor|18/100 tox|[from] ability: Poison Heal
|-ability|p2a: Sanji|Speed Boost|boost
|-boost|p2a: Sanji|spe|1
|upkeep
|turn|7
|
|t:|1757855127
|move|p1a: Gliscor|Protect|p1a: Gliscor
|-singleturn|p1a: Gliscor|Protect
|move|p2a: Sanji|Overheat|p1a: Gliscor
|-activate|p1a: Gliscor|move: Protect
|
|-heal|p1a: Gliscor|30/100 tox|[from] ability: Poison Heal
|-ability|p2a: Sanji|Speed Boost|boost
|-boost|p2a: Sanji|spe|1
|upkeep
|turn|8
|
|t:|1757855141
|switch|p1a: Toxapex|Toxapex, F|100/100
|move|p2a: Sanji|Overheat|p1a: Toxapex
|-resisted|p1a: Toxapex
|-crit|p1a: Toxapex
|-damage|p1a: Toxapex|77/100
|-unboost|p2a: Sanji|spa|2
|
|-heal|p1a: Toxapex|83/100|[from] item: Leftovers
|-sideend|p2: w1ldf1st|Reflect
|-ability|p2a: Sanji|Speed Boost|boost
|-boost|p2a: Sanji|spe|1
|upkeep
|turn|9
|inactive|w1ldf1st has 120 seconds left.
|
|t:|1757855176
|switch|p2a: Ilia Topuira|Scizor, M|100/100
|-damage|p2a: Ilia Topuira|88/100|[from] Stealth Rock
|move|p1a: Toxapex|Toxic|p2a: Ilia Topuira
|-immune|p2a: Ilia Topuira
|
|-heal|p1a: Toxapex|90/100|[from] item: Leftovers
|-sideend|p2: w1ldf1st|move: Light Screen
|upkeep
|turn|10
|inactive|w1ldf1st has 120 seconds left.
|
|t:|1757855188
|move|p2a: Ilia Topuira|Knock Off|p1a: Toxapex
|-damage|p1a: Toxapex|53/100
|-enditem|p1a: Toxapex|Leftovers|[from] move: Knock Off|[of] p2a: Ilia Topuira
|-damage|p2a: Ilia Topuira|78/100|[from] item: Life Orb
|move|p1a: Toxapex|Ice Beam|p2a: Ilia Topuira
|-resisted|p2a: Ilia Topuira
|-damage|p2a: Ilia Topuira|70/100
|
|upkeep
|turn|11
|inactive|w1ldf1st has 120 seconds left.
|
|t:|1757855199
|switch|p2a: Roronoa Zoro|Iron Valiant|100/100
|-damage|p2a: Roronoa Zoro|94/100|[from] Stealth Rock
|-enditem|p2a: Roronoa Zoro|Booster Energy
|-activate|p2a: Roronoa Zoro|ability: Quark Drive|[fromitem]
|-start|p2a: Roronoa Zoro|quarkdrivespe
|move|p1a: Toxapex|Recover|p1a: Toxapex
|-heal|p1a: Toxapex|100/100
|
|upkeep
|turn|12
|inactive|w1ldf1st has 120 seconds left.
|
|t:|1757855210
|move|p2a: Roronoa Zoro|Calm Mind|p2a: Roronoa Zoro
|-boost|p2a: Roronoa Zoro|spa|1
|-boost|p2a: Roronoa Zoro|spd|1
|move|p1a: Toxapex|Toxic|p2a: Roronoa Zoro
|-status|p2a: Roronoa Zoro|tox
|
|-damage|p2a: Roronoa Zoro|88/100 tox|[from] psn
|upkeep
|turn|13
|inactive|w1ldf1st has 120 seconds left.
|
|t:|1757855221
|switch|p1a: Hatterene|Hatterene, F|100/100
|move|p2a: Roronoa Zoro|Thunderbolt|p1a: Hatterene
|-damage|p1a: Hatterene|65/100
|
|-heal|p1a: Hatterene|71/100|[from] item: Leftovers
|-damage|p2a: Roronoa Zoro|76/100 tox|[from] psn
|upkeep
|turn|14
|inactive|w1ldf1st has 120 seconds left.
|
|t:|1757855231
|move|p2a: Roronoa Zoro|Moonblast|p1a: Hatterene
|-damage|p1a: Hatterene|14/100
|move|p1a: Hatterene|Mystical Fire|p2a: Roronoa Zoro
|-damage|p2a: Roronoa Zoro|47/100 tox
|-unboost|p2a: Roronoa Zoro|spa|1
|
|-heal|p1a: Hatterene|20/100|[from] item: Leftovers
|-damage|p2a: Roronoa Zoro|29/100 tox|[from] psn
|upkeep
|turn|15
|inactive|w1ldf1st has 120 seconds left.
|
|t:|1757855244
|switch|p1a: Toxapex|Toxapex, F|100/100
|move|p2a: Roronoa Zoro|Moonblast|p1a: Toxapex
|-resisted|p1a: Toxapex
|-damage|p1a: Toxapex|85/100
|-unboost|p1a: Toxapex|spa|1
|
|-damage|p2a: Roronoa Zoro|4/100 tox|[from] psn
|upkeep
|turn|16
|inactive|w1ldf1st has 120 seconds left.
|
|t:|1757855258
|switch|p1a: Hatterene|Hatterene, F|20/100
|move|p2a: Roronoa Zoro|Thunderbolt|p1a: Hatterene
|-damage|p1a: Hatterene|0 fnt
|faint|p1a: Hatterene
|
|-damage|p2a: Roronoa Zoro|0 fnt|[from] psn
|faint|p2a: Roronoa Zoro
|-end|p2a: Roronoa Zoro|Quark Drive|[silent]
|upkeep
|
|t:|1757855276
|switch|p2a: Sanji|Blaziken, M|88/100
|switch|p1a: Dragapult|Dragapult, F|100/100
|-damage|p2a: Sanji|76/100|[from] Stealth Rock
|turn|17
|
|t:|1757855284
|move|p2a: Sanji|Protect|p2a: Sanji
|-singleturn|p2a: Sanji|Protect
|move|p1a: Dragapult|Dragon Tail|p2a: Sanji
|-activate|p2a: Sanji|move: Protect
|
|-ability|p2a: Sanji|Speed Boost|boost
|-boost|p2a: Sanji|spe|1
|upkeep
|turn|18
|
|t:|1757855294
|move|p1a: Dragapult|U-turn|p2a: Sanji
|-resisted|p2a: Sanji
|-damage|p2a: Sanji|67/100
|
|t:|1757855298
|switch|p1a: Toxapex|Toxapex, F|100/100|[from] U-turn
|move|p2a: Sanji|Overheat|p1a: Toxapex
|-resisted|p1a: Toxapex
|-damage|p1a: Toxapex|86/100
|-unboost|p2a: Sanji|spa|2
|
|-ability|p2a: Sanji|Speed Boost|boost
|-boost|p2a: Sanji|spe|1
|upkeep
|turn|19
|inactive|w1ldf1st has 120 seconds left.
|
|t:|1757855313
|switch|p2a: Batman|Gliscor, M|100/100
|-damage|p2a: Batman|88/100|[from] Stealth Rock
|move|p1a: Toxapex|Ice Beam|p2a: Batman
|-supereffective|p2a: Batman
|-damage|p2a: Batman|27/100
|
|-status|p2a: Batman|tox|[from] item: Toxic Orb
|upkeep
|turn|20
|inactive|w1ldf1st has 120 seconds left.
|
|t:|1757855325
|move|p2a: Batman|Protect|p2a: Batman
|-singleturn|p2a: Batman|Protect
|move|p1a: Toxapex|Ice Beam|p2a: Batman
|-activate|p2a: Batman|move: Protect
|
|-heal|p2a: Batman|39/100 tox|[from] ability: Poison Heal
|upkeep
|turn|21
|
|t:|1757855334
|move|p2a: Batman|Earthquake|p1a: Toxapex
|-supereffective|p1a: Toxapex
|-damage|p1a: Toxapex|34/100
|move|p1a: Toxapex|Ice Beam|p2a: Batman
|-supereffective|p2a: Batman
|-damage|p2a: Batman|0 fnt
|faint|p2a: Batman
|
|upkeep
|inactive|w1ldf1st has 120 seconds left.
|
|t:|1757855346
|switch|p2a: Yamato|Ogerpon-Wellspring, F|100/100
|-damage|p2a: Yamato|88/100|[from] Stealth Rock
|turn|22
|
|t:|1757855354
|switch|p1a: Gliscor|Gliscor, M|30/100 tox
|move|p2a: Yamato|Swords Dance|p2a: Yamato
|-boost|p2a: Yamato|atk|2
|
|-heal|p1a: Gliscor|43/100 tox|[from] ability: Poison Heal
|upkeep
|turn|23
|
|t:|1757855364
|move|p2a: Yamato|Horn Leech|p1a: Gliscor
|-damage|p1a: Gliscor|0 fnt
|-heal|p2a: Yamato|100/100|[from] drain|[of] p1a: Gliscor
|faint|p1a: Gliscor
|
|upkeep
|
|t:|1757855370
|switch|p1a: Toxapex|Toxapex, F|67/100
|turn|24
|
|t:|1757855378
|switch|p1a: Iron Treads|Iron Treads|100/100
|move|p2a: Yamato|Swords Dance|p2a: Yamato
|-boost|p2a: Yamato|atk|2
|
|upkeep
|turn|25
|
|t:|1757855386
|move|p2a: Yamato|Horn Leech|p1a: Iron Treads
|-damage|p1a: Iron Treads|0 fnt
|faint|p1a: Iron Treads
|-end|p1a: Iron Treads|Quark Drive|[silent]
|
|upkeep
|
|t:|1757855390
|switch|p1a: Toxapex|Toxapex, F|99/100
|turn|26
|
|t:|1757855398
|-terastallize|p1a: Toxapex|Flying
|move|p2a: Yamato|Horn Leech|p1a: Toxapex
|-resisted|p1a: Toxapex
|-damage|p1a: Toxapex|49/100
|move|p1a: Toxapex|Haze|p1a: Toxapex
|-clearallboost
|
|upkeep
|turn|27
|
|t:|1757855413
|-terastallize|p2a: Yamato|Water
|detailschange|p2a: Yamato|Ogerpon-Wellspring-Tera, F, tera:Water
|-ability|p2a: Yamato|Embody Aspect (Wellspring)|boost
|-boost|p2a: Yamato|spd|1
|move|p2a: Yamato|Ivy Cudgel|p1a: Toxapex|[anim] Ivy Cudgel Water
|-crit|p1a: Toxapex
|-damage|p1a: Toxapex|0 fnt
|faint|p1a: Toxapex
|
|upkeep
|
|t:|1757855422
|switch|p1a: Dragapult|Dragapult, F|100/100
|turn|28
|
|t:|1757855426
|move|p2a: Yamato|Knock Off|p1a: Dragapult
|-supereffective|p1a: Dragapult
|-damage|p1a: Dragapult|0 fnt
|-enditem|p1a: Dragapult|Leftovers|[from] move: Knock Off|[of] p2a: Yamato
|faint|p1a: Dragapult
|
|upkeep
|-message|ArmandoJ forfeited.
|
|win|w1ldf1st
|raw|ArmandoJ's rating: 1128 &rarr; <strong>1103</strong><br />(-25 for losing)
|raw|w1ldf1st's rating: 1132 &rarr; <strong>1157</strong><br />(+25 for winning)
|l|☆ArmandoJ
|player|p1|
