|j|☆jaimaster
|j|☆shaurya711
|inactive|Battle timer is ON: inactive players will automatically lose when time's up.
|t:|1757857095
|gametype|singles
|player|p1|jaimaster|grimsley|
|player|p2|shaurya711|hilbert-wonderlauncher|
|gen|9
|tier|[Gen 9] OU
|rated|Tournament battle
|rule|HP Percentage Mod: HP is shown in percentages
|rule|Endless Battle Clause: Forcing endless battles is banned
|rule|Species Clause: Limit one of each Pokémon
|rule|OHKO Clause: OHKO moves are banned
|rule|Evasion Items Clause: Evasion items are banned
|rule|Evasion Moves Clause: Evasion moves are banned
|rule|Evasion Abilities Clause: Evasion abilities are banned
|rule|Sleep Moves Clause: Sleep-inducing moves are banned
|raw|<div class="infobox"><details class="readmore" open><summary><strong>1 custom rule:</strong></summary> -wobbuffet</details></div>
|clearpoke
|poke|p1|Tsareena, F|
|poke|p1|Dusknoir, M|
|poke|p1|Gurdurr, M|
|poke|p2|Hattrem, F|
|poke|p2|Sandslash, F|
|poke|p2|Breloom, F|
|teampreview
|j|*Lady Monita ☀
|inactive|shaurya711 also wants the timer to be on.
|j| NONO131
|l|☆jaimaster
|inactive|jaimaster disconnected and has a minute to reconnect!
|player|p1|
|inactive|shaurya711 has 120 seconds left.
|l| NONO131
|j|☆jaimaster
|inactive|jaimaster reconnected and has 110 seconds left.
|player|p1|jaimaster|grimsley|
|
|t:|1757857146
|teamsize|p1|3
|teamsize|p2|3
|start
|switch|p1a: Dusknoir|Dusknoir, M, shiny|100/100
|switch|p2a: Sandslash|Sandslash, F|100/100
|-ability|p1a: Dusknoir|Pressure
|turn|1
|
|t:|1757857163
|move|p2a: Sandslash|Stealth Rock|p1a: Dusknoir
|-sidestart|p1: jaimaster|move: Stealth Rock
|move|p1a: Dusknoir|Destiny Bond|p1a: Dusknoir
|-singlemove|p1a: Dusknoir|Destiny Bond
|
|upkeep
|turn|2
|
|t:|1757857172
|move|p2a: Sandslash|Earthquake|p1a: Dusknoir
|-damage|p1a: Dusknoir|68/100
|move|p1a: Dusknoir|Curse|p2a: Sandslash
|-start|p2a: Sandslash|Curse|[of] p1a: Dusknoir
|-damage|p1a: Dusknoir|18/100
|
|-damage|p2a: Sandslash|76/100|[from] Curse
|upkeep
|turn|3
|
|t:|1757857178
|move|p2a: Sandslash|Knock Off|p1a: Dusknoir
|-supereffective|p1a: Dusknoir
|-damage|p1a: Dusknoir|0 fnt
|-enditem|p1a: Dusknoir|Expert Belt|[from] move: Knock Off|[of] p2a: Sandslash
|faint|p1a: Dusknoir
|
|-damage|p2a: Sandslash|51/100|[from] Curse
|upkeep
|
|t:|1757857184
|switch|p1a: Tsareena|Tsareena, F, shiny|100/100
|-damage|p1a: Tsareena|88/100|[from] Stealth Rock
|turn|4
|
|t:|1757857197
|switch|p2a: Hattrem|Hattrem, F|100/100
|move|p1a: Tsareena|Protect||[still]
|-fail|p1a: Tsareena
|
|-heal|p1a: Tsareena|94/100|[from] item: Leftovers
|upkeep
|turn|5
|
|t:|1757857211
|-terastallize|p1a: Tsareena|Grass
|move|p1a: Tsareena|Leaf Storm|p2a: Hattrem
|-damage|p2a: Hattrem|68/100
|-unboost|p1a: Tsareena|spa|2
|move|p2a: Hattrem|Nuzzle|p1a: Tsareena
|-resisted|p1a: Tsareena
|-damage|p1a: Tsareena|93/100
|-status|p1a: Tsareena|par
|
|-heal|p1a: Tsareena|99/100 par|[from] item: Leftovers
|upkeep
|turn|6
|
|t:|1757857217
|move|p2a: Hattrem|Mystical Fire|p1a: Tsareena
|-supereffective|p1a: Tsareena
|-damage|p1a: Tsareena|67/100 par
|-unboost|p1a: Tsareena|spa|1
|move|p1a: Tsareena|Leaf Storm|p2a: Hattrem
|-damage|p2a: Hattrem|56/100
|-unboost|p1a: Tsareena|spa|2
|
|-heal|p1a: Tsareena|73/100 par|[from] item: Leftovers
|upkeep
|turn|7
|
|t:|1757857221
|move|p2a: Hattrem|Mystical Fire|p1a: Tsareena
|-supereffective|p1a: Tsareena
|-damage|p1a: Tsareena|40/100 par
|-unboost|p1a: Tsareena|spa|1
|move|p1a: Tsareena|Leaf Storm|p2a: Hattrem
|-crit|p2a: Hattrem
|-damage|p2a: Hattrem|7/100
|
|-heal|p1a: Tsareena|46/100 par|[from] item: Leftovers
|upkeep
|turn|8
|
|t:|1757857228
|move|p2a: Hattrem|Psychic|p1a: Tsareena
|-damage|p1a: Tsareena|16/100 par
|-unboost|p1a: Tsareena|spd|1
|move|p1a: Tsareena|Synthesis|p1a: Tsareena
|-heal|p1a: Tsareena|66/100 par
|
|-heal|p1a: Tsareena|72/100 par|[from] item: Leftovers
|upkeep
|turn|9
|
|t:|1757857238
|cant|p1a: Tsareena|par
|move|p2a: Hattrem|Psychic|p1a: Tsareena
|-damage|p1a: Tsareena|32/100 par
|
|-heal|p1a: Tsareena|38/100 par|[from] item: Leftovers
|upkeep
|turn|10
|
|t:|1757857241
|move|p2a: Hattrem|Psychic|p1a: Tsareena
|-damage|p1a: Tsareena|0 fnt
|faint|p1a: Tsareena
|
|upkeep
|
|t:|1757857243
|switch|p1a: Gurdurr|Gurdurr, M, shiny|100/100
|-damage|p1a: Gurdurr|94/100|[from] Stealth Rock
|turn|11
|j| The impimp
|
|t:|1757857253
|move|p2a: Hattrem|Psychic|p1a: Gurdurr
|-supereffective|p1a: Gurdurr
|-damage|p1a: Gurdurr|11/100
|move|p1a: Gurdurr|Drain Punch|p2a: Hattrem
|-resisted|p2a: Hattrem
|-damage|p2a: Hattrem|0 fnt
|-heal|p1a: Gurdurr|14/100|[from] drain|[of] p2a: Hattrem
|faint|p2a: Hattrem
|
|upkeep
|
|t:|1757857256
|switch|p2a: Breloom|Breloom, F|100/100
|turn|12
|
|t:|1757857268
|move|p1a: Gurdurr|Detect|p1a: Gurdurr
|-singleturn|p1a: Gurdurr|Protect
|move|p2a: Breloom|Aerial Ace|p1a: Gurdurr
|-activate|p1a: Gurdurr|move: Protect
|
|upkeep
|turn|13
|
|t:|1757857275
|move|p2a: Breloom|Aerial Ace|p1a: Gurdurr
|-supereffective|p1a: Gurdurr
|-damage|p1a: Gurdurr|0 fnt
|faint|p1a: Gurdurr
|
|win|shaurya711
|n|☆shaurya711|shaurya711
|n|*Lady Monita ☀|ladymonita
|n|☆jaimaster|jaimaster
|n| The impimp|theimpimp
|l|*Lady Monita ☀
|c|☆shaurya711|gg
|l|☆jaimaster
|player|p1|
|l|☆shaurya711
|player|p2|
|l| The impimp
|j| The impimp
