|j|☆Grape_Frog27
|j|‽wwesucks
|t:|1757900423
|gametype|singles
|player|p1|Grape_Frog27|benga|1113
|player|p2|wwesucks|miku-ice|1145
|gen|9
|tier|[Gen 9] OU
|rated|
|rule|HP Percentage Mod: HP is shown in percentages
|rule|Endless Battle Clause: Forcing endless battles is banned
|rule|Species Clause: Limit one of each Pokémon
|rule|OHKO Clause: OHKO moves are banned
|rule|Evasion Items Clause: Evasion items are banned
|rule|Evasion Moves Clause: Evasion moves are banned
|rule|Evasion Abilities Clause: Evasion abilities are banned
|rule|Sleep Moves Clause: Sleep-inducing moves are banned
|clearpoke
|poke|p1|Bastiodon, F|
|poke|p1|Avalugg, M|
|poke|p1|Registeel|
|poke|p1|Regirock|
|poke|p1|Dusclops, F|
|poke|p1|Deoxys-Defense|
|poke|p2|Tyranitar, F|
|poke|p2|Rotom-Wash|
|poke|p2|Blaziken, M|
|poke|p2|Sinistcha|
|poke|p2|Ogerpon-Cornerstone, F|
|poke|p2|Excadrill, F|
|teampreview
|inactive|Battle timer is ON: inactive players will automatically lose when time's up. (requested by wwesucks)
|
|t:|1757900440
|teamsize|p1|6
|teamsize|p2|6
|start
|switch|p1a: tentacle porn|Deoxys-Defense|100/100
|switch|p2a: Ogerpon|Ogerpon-Cornerstone, F|100/100
|-ability|p1a: tentacle porn|Pressure
|turn|1
|
|t:|1757900444
|move|p2a: Ogerpon|Swords Dance|p2a: Ogerpon
|-boost|p2a: Ogerpon|atk|2
|move|p1a: tentacle porn|Calm Mind|p1a: tentacle porn
|-boost|p1a: tentacle porn|spa|1
|-boost|p1a: tentacle porn|spd|1
|
|upkeep
|turn|2
|
|t:|1757900448
|move|p2a: Ogerpon|Ivy Cudgel|p1a: tentacle porn|[anim] Ivy Cudgel Rock
|-crit|p1a: tentacle porn
|-damage|p1a: tentacle porn|0 fnt
|faint|p1a: tentacle porn
|
|upkeep
|
|t:|1757900452
|switch|p1a: cold cutting board|Avalugg, M|100/100
|turn|3
|
|t:|1757900455
|move|p2a: Ogerpon|Ivy Cudgel|p1a: cold cutting board|[anim] Ivy Cudgel Rock
|-supereffective|p1a: cold cutting board
|-damage|p1a: cold cutting board|9/100
|move|p1a: cold cutting board|Iron Defense|p1a: cold cutting board
|-boost|p1a: cold cutting board|def|2
|
|-heal|p1a: cold cutting board|15/100|[from] item: Leftovers
|upkeep
|turn|4
|
|t:|1757900461
|-terastallize|p1a: cold cutting board|Fairy
|move|p2a: Ogerpon|Ivy Cudgel|p1a: cold cutting board|[anim] Ivy Cudgel Rock
|-damage|p1a: cold cutting board|0 fnt
|faint|p1a: cold cutting board
|
|upkeep
|
|t:|1757900467
|switch|p1a: boob grabber|Dusclops, F|100/100
|-ability|p1a: boob grabber|Pressure
|turn|5
|
|t:|1757900472
|-terastallize|p2a: Ogerpon|Rock
|detailschange|p2a: Ogerpon|Ogerpon-Cornerstone-Tera, F, tera:Rock
|-ability|p2a: Ogerpon|Embody Aspect (Cornerstone)|boost
|-boost|p2a: Ogerpon|def|1
|move|p2a: Ogerpon|Ivy Cudgel|p1a: boob grabber|[anim] Ivy Cudgel Rock
|-damage|p1a: boob grabber|0 fnt
|faint|p1a: boob grabber
|
|upkeep
|
|t:|1757900479
|switch|p1a: rock hard|Regirock|100/100
|turn|6
|
|t:|1757900482
|move|p2a: Ogerpon|Low Kick|p1a: rock hard
|-supereffective|p1a: rock hard
|-damage|p1a: rock hard|4/100
|move|p1a: rock hard|Body Press|p2a: Ogerpon
|-supereffective|p2a: Ogerpon
|-damage|p2a: Ogerpon|31/100
|
|-heal|p1a: rock hard|10/100|[from] item: Leftovers
|upkeep
|turn|7
|
|t:|1757900491
|switch|p1a: spank paddle|Bastiodon, F, shiny|100/100
|move|p2a: Ogerpon|Low Kick|p1a: spank paddle
|-supereffective|p1a: spank paddle
|-ability|p1a: spank paddle|Sturdy
|-damage|p1a: spank paddle|1/100
|
|-heal|p1a: spank paddle|7/100|[from] item: Leftovers
|upkeep
|turn|8
|
|t:|1757900498
|move|p2a: Ogerpon|Low Kick|p1a: spank paddle
|-supereffective|p1a: spank paddle
|-damage|p1a: spank paddle|0 fnt
|faint|p1a: spank paddle
|
|upkeep
|
|t:|1757900501
|switch|p1a: rock hard|Regirock|10/100
|turn|9
|
|t:|1757900504
|move|p2a: Ogerpon|Low Kick|p1a: rock hard
|-supereffective|p1a: rock hard
|-damage|p1a: rock hard|0 fnt
|faint|p1a: rock hard
|
|upkeep
|
|t:|1757900508
|switch|p1a: phallus fingers|Registeel|100/100
|turn|10
|
|t:|1757900511
|move|p2a: Ogerpon|Low Kick|p1a: phallus fingers
|-supereffective|p1a: phallus fingers
|-damage|p1a: phallus fingers|0 fnt
|faint|p1a: phallus fingers
|
|win|wwesucks
|raw|Grape_Frog27's rating: 1113 &rarr; <strong>1090</strong><br />(-23 for losing)
|raw|wwesucks's rating: 1145 &rarr; <strong>1168</strong><br />(+23 for winning)
|l|☆Grape_Frog27
|player|p1|
|l|‽wwesucks
|player|p2|
