|j|☆MADMANWHO
|j|☆CoffinSquad
|t:|1757837521
|gametype|singles
|player|p1|MADMANWHO|hiker|1125
|player|p2|CoffinSquad|byron|1123
|gen|9
|tier|[Gen 9] OU
|rated|
|rule|HP Percentage Mod: HP is shown in percentages
|rule|Endless Battle Clause: Forcing endless battles is banned
|rule|Species Clause: Limit one of each Pokémon
|rule|OHKO Clause: OHKO moves are banned
|rule|Evasion Items Clause: Evasion items are banned
|rule|Evasion Moves Clause: Evasion moves are banned
|rule|Evasion Abilities Clause: Evasion abilities are banned
|rule|Sleep Moves Clause: Sleep-inducing moves are banned
|clearpoke
|poke|p1|Tyranitar, M|
|poke|p1|Corviknight, M|
|poke|p1|Tinkaton, F|
|poke|p1|Iron Valiant|
|poke|p1|Komala, M|
|poke|p1|Kommo-o, M|
|poke|p2|Dragapult, M|
|poke|p2|Darkrai|
|poke|p2|Zapdos|
|poke|p2|Great Tusk|
|poke|p2|Araquanid, M|
|poke|p2|Gliscor, M|
|teampreview
|inactive|Battle timer is ON: inactive players will automatically lose when time's up. (requested by MADMANWHO)
|
|t:|1757837532
|teamsize|p1|6
|teamsize|p2|6
|start
|switch|p1a: Komala|Komala, M|100/100
|switch|p2a: Araquanid|Araquanid, M, shiny|100/100
|-ability|p1a: Komala|Comatose
|turn|1
|
|t:|1757837540
|move|p1a: Komala|Wish|p1a: Komala
|move|p2a: Araquanid|Endeavor|p1a: Komala
|-immune|p1a: Komala
|
|upkeep
|turn|2
|
|t:|1757837546
|move|p1a: Komala|Rapid Spin|p2a: Araquanid
|-crit|p2a: Araquanid
|-damage|p2a: Araquanid|69/100
|-boost|p1a: Komala|spe|1
|move|p2a: Araquanid|Sticky Web|p1a: Komala
|-sidestart|p1: MADMANWHO|move: Sticky Web
|
|upkeep
|turn|3
|
|t:|1757837563
|-terastallize|p2a: Araquanid|Ghost
|move|p1a: Komala|Rapid Spin|p2a: Araquanid
|-immune|p2a: Araquanid
|move|p2a: Araquanid|Endeavor|p1a: Komala
|-damage|p1a: Komala|70/100
|
|upkeep
|turn|4
|
|t:|1757837575
|switch|p1a: Tinkaton|Tinkaton, F|100/100
|-ability|p1a: Tinkaton|Mold Breaker
|-item|p1a: Tinkaton|Air Balloon
|move|p2a: Araquanid|Surf|p1a: Tinkaton
|-damage|p1a: Tinkaton|40/100
|-enditem|p1a: Tinkaton|Air Balloon
|
|upkeep
|turn|5
|
|t:|1757837591
|move|p2a: Araquanid|Endure|p2a: Araquanid
|-singleturn|p2a: Araquanid|move: Endure
|move|p1a: Tinkaton|Thunder Wave|p2a: Araquanid
|-status|p2a: Araquanid|par
|
|upkeep
|turn|6
|
|t:|1757837602
|move|p2a: Araquanid|Endure||[still]
|-fail|p2a: Araquanid
|move|p1a: Tinkaton|Knock Off|p2a: Araquanid
|-supereffective|p2a: Araquanid
|-damage|p2a: Araquanid|20/100 par
|-enditem|p2a: Araquanid|Custap Berry|[from] move: Knock Off|[of] p1a: Tinkaton
|
|upkeep
|turn|7
|
|t:|1757837623
|move|p1a: Tinkaton|Knock Off|p2a: Araquanid
|-supereffective|p2a: Araquanid
|-damage|p2a: Araquanid|0 fnt
|faint|p2a: Araquanid
|
|upkeep
|
|t:|1757837630
|switch|p2a: Dragapult|Dragapult, M, shiny|100/100
|turn|8
|
|t:|1757837644
|move|p2a: Dragapult|Flamethrower|p1a: Tinkaton
|-supereffective|p1a: Tinkaton
|-damage|p1a: Tinkaton|0 fnt
|faint|p1a: Tinkaton
|
|upkeep
|
|t:|1757837649
|switch|p1a: Tyranitar|Tyranitar, M|100/100
|-activate|p1a: Tyranitar|move: Sticky Web
|-unboost|p1a: Tyranitar|spe|1
|-weather|Sandstorm|[from] ability: Sand Stream|[of] p1a: Tyranitar
|turn|9
|
|t:|1757837659
|switch|p2a: Great Tusk|Great Tusk, shiny|100/100
|move|p1a: Tyranitar|Rock Tomb|p2a: Great Tusk
|-resisted|p2a: Great Tusk
|-damage|p2a: Great Tusk|95/100
|-unboost|p2a: Great Tusk|spe|1
|
|-weather|Sandstorm|[upkeep]
|upkeep
|turn|10
|
|t:|1757837668
|switch|p1a: Corviknight|Corviknight, M|100/100
|-ability|p1a: Corviknight|Pressure
|move|p2a: Great Tusk|Stealth Rock|p1a: Corviknight
|-sidestart|p1: MADMANWHO|move: Stealth Rock
|
|-weather|Sandstorm|[upkeep]
|upkeep
|turn|11
|
|t:|1757837679
|move|p2a: Great Tusk|Ice Spinner|p1a: Corviknight
|-damage|p1a: Corviknight|84/100
|move|p1a: Corviknight|U-turn|p2a: Great Tusk
|-resisted|p2a: Great Tusk
|-damage|p2a: Great Tusk|90/100
|
|t:|1757837684
|switch|p1a: Komala|Komala, M|70/100|[from] U-turn
|-activate|p1a: Komala|move: Sticky Web
|-unboost|p1a: Komala|spe|1
|-damage|p1a: Komala|58/100|[from] Stealth Rock
|-ability|p1a: Komala|Comatose
|
|-weather|Sandstorm|[upkeep]
|-damage|p1a: Komala|52/100|[from] Sandstorm
|upkeep
|turn|12
|
|t:|1757837696
|move|p2a: Great Tusk|Headlong Rush|p1a: Komala
|-damage|p1a: Komala|0 fnt
|-unboost|p2a: Great Tusk|def|1
|-unboost|p2a: Great Tusk|spd|1
|faint|p1a: Komala
|
|-weather|Sandstorm|[upkeep]
|upkeep
|-message|MADMANWHO forfeited.
|
|win|CoffinSquad
|raw|MADMANWHO's rating: 1125 &rarr; <strong>1100</strong><br />(-25 for losing)
|raw|CoffinSquad's rating: 1123 &rarr; <strong>1148</strong><br />(+25 for winning)
|l|☆MADMANWHO
|player|p1|
|c|☆CoffinSquad|gg
