|j|☆frazybalkany
|j|☆22doodle
|t:|1757933004
|gametype|singles
|player|p1|frazybalkany|2|1542
|player|p2|22doodle|lucas|1545
|gen|9
|tier|[Gen 9] OU
|rated|
|rule|HP Percentage Mod: HP is shown in percentages
|rule|Endless Battle Clause: Forcing endless battles is banned
|rule|Species Clause: Limit one of each Pokémon
|rule|OHKO Clause: OHKO moves are banned
|rule|Evasion Items Clause: Evasion items are banned
|rule|Evasion Moves Clause: Evasion moves are banned
|rule|Evasion Abilities Clause: Evasion abilities are banned
|rule|Sleep Moves Clause: Sleep-inducing moves are banned
|clearpoke
|poke|p1|Torkoal, M|
|poke|p1|Dragapult, M|
|poke|p1|Iron Moth|
|poke|p1|Kingambit, F|
|poke|p1|Ceruledge, M|
|poke|p1|Staraptor, F|
|poke|p2|Slowking-Galar, L99, F|
|poke|p2|Samurott-Hisui, F|
|poke|p2|Iron Treads|
|poke|p2|Dragonite, F|
|poke|p2|Moltres|
|poke|p2|Dragapult, F|
|teampreview
|inactive|Battle timer is ON: inactive players will automatically lose when time's up. (requested by frazybalkany)
|inactive|frazybalkany has 120 seconds left.
|inactive|22doodle has 120 seconds left.
|j| Ctannn
|l|☆frazybalkany
|inactive|frazybalkany disconnected and has a minute to reconnect!
|player|p1|
|j|☆frazybalkany
|inactive|frazybalkany reconnected and has 100 seconds left.
|player|p1|frazybalkany|2|
|inactive|frazybalkany has 90 seconds left.
|
|t:|1757933084
|teamsize|p1|6
|teamsize|p2|6
|start
|switch|p1a: Ceruledge|Ceruledge, M|100/100
|switch|p2a: water cooler|Samurott-Hisui, F|100/100
|turn|1
|
|t:|1757933096
|move|p1a: Ceruledge|Swords Dance|p1a: Ceruledge
|-boost|p1a: Ceruledge|atk|2
|move|p2a: water cooler|Ceaseless Edge|p1a: Ceruledge
|-supereffective|p1a: Ceruledge
|-crit|p1a: Ceruledge
|-enditem|p1a: Ceruledge|Focus Sash
|-damage|p1a: Ceruledge|1/100
|-ability|p1a: Ceruledge|Weak Armor|boost
|-unboost|p1a: Ceruledge|def|1
|-boost|p1a: Ceruledge|spe|2
|-sidestart|p1: frazybalkany|Spikes
|
|upkeep
|turn|2
|
|t:|1757933106
|move|p1a: Ceruledge|Destiny Bond|p1a: Ceruledge
|-singlemove|p1a: Ceruledge|Destiny Bond
|move|p2a: water cooler|Ceaseless Edge|p1a: Ceruledge
|-supereffective|p1a: Ceruledge
|-damage|p1a: Ceruledge|0 fnt
|-sidestart|p1: frazybalkany|Spikes
|faint|p1a: Ceruledge
|-activate|p1a: Ceruledge|move: Destiny Bond
|faint|p2a: water cooler
|
|upkeep
|j| newguy1310
|
|t:|1757933121
|switch|p1a: Staraptor|Staraptor, F|100/100
|switch|p2a: knightmare|Dragapult, F, shiny|100/100
|turn|3
|
|t:|1757933136
|switch|p2a: peaks|Moltres|100/100
|move|p1a: Staraptor|U-turn|p2a: peaks
|-resisted|p2a: peaks
|-damage|p2a: peaks|97/100
|
|t:|1757933143
|switch|p1a: Dragapult|Dragapult, M|100/100|[from] U-turn
|-damage|p1a: Dragapult|84/100|[from] Spikes
|
|-heal|p1a: Dragapult|90/100|[from] item: Leftovers
|upkeep
|turn|4
|
|t:|1757933152
|move|p1a: Dragapult|Substitute|p1a: Dragapult
|-start|p1a: Dragapult|Substitute
|-damage|p1a: Dragapult|65/100
|move|p2a: peaks|U-turn|p1a: Dragapult
|-resisted|p1a: Dragapult
|-activate|p1a: Dragapult|move: Substitute|[damage]
|
|t:|1757933156
|switch|p2a: knightmare|Dragapult, F, shiny|100/100|[from] U-turn
|
|-heal|p1a: Dragapult|71/100|[from] item: Leftovers
|upkeep
|turn|5
|
|t:|1757933168
|-terastallize|p1a: Dragapult|Steel
|move|p2a: knightmare|Hex|p1a: Dragapult
|-damage|p1a: Dragapult|31/100
|move|p1a: Dragapult|Dragon Darts|p2a: knightmare
|-supereffective|p2a: knightmare
|-damage|p2a: knightmare|32/100
|-anim|p1a: Dragapult|Dragon Darts|p2a: knightmare
|-supereffective|p2a: knightmare
|-crit|p2a: knightmare
|-damage|p2a: knightmare|0 fnt
|faint|p2a: knightmare
|
|-heal|p1a: Dragapult|37/100|[from] item: Leftovers
|upkeep
|
|t:|1757933177
|switch|p2a: peaks|Moltres|97/100
|turn|6
|
|t:|1757933181
|move|p1a: Dragapult|Dragon Darts|p2a: peaks
|-damage|p2a: peaks|79/100
|-anim|p1a: Dragapult|Dragon Darts|p2a: peaks
|-damage|p2a: peaks|62/100
|move|p2a: peaks|Roar|p1a: Dragapult
|drag|p1a: Torkoal|Torkoal, M|100/100
|-weather|SunnyDay|[from] ability: Drought|[of] p1a: Torkoal
|
|-weather|SunnyDay|[upkeep]
|upkeep
|turn|7
|j| zama-bin-ladderin
|
|t:|1757933187
|move|p2a: peaks|Roost|p2a: peaks
|-heal|p2a: peaks|100/100
|-singleturn|p2a: peaks|move: Roost
|move|p1a: Torkoal|Rapid Spin|p2a: peaks
|-damage|p2a: peaks|94/100
|-boost|p1a: Torkoal|spe|1
|-sideend|p1: frazybalkany|Spikes|[from] move: Rapid Spin|[of] p1a: Torkoal
|
|-weather|SunnyDay|[upkeep]
|upkeep
|turn|8
|l| zamabinladderin
|
|t:|1757933194
|move|p1a: Torkoal|Stealth Rock|p2a: peaks
|-sidestart|p2: 22doodle|move: Stealth Rock
|move|p2a: peaks|Roar|p1a: Torkoal
|drag|p1a: Iron Moth|Iron Moth|100/100
|-enditem|p1a: Iron Moth|Booster Energy
|-activate|p1a: Iron Moth|ability: Quark Drive|[fromitem]
|-start|p1a: Iron Moth|quarkdrivespe
|
|-weather|SunnyDay|[upkeep]
|upkeep
|turn|9
|j| cris peacock
|
|t:|1757933212
|move|p1a: Iron Moth|Sludge Wave|p2a: peaks
|-damage|p2a: peaks|47/100
|move|p2a: peaks|U-turn|p1a: Iron Moth
|-resisted|p1a: Iron Moth
|-damage|p1a: Iron Moth|94/100
|l| cris peacock
|
|t:|1757933216
|switch|p2a: prugs|Slowking-Galar, L99, F, shiny|100/100|[from] U-turn
|
|-weather|SunnyDay|[upkeep]
|upkeep
|turn|10
|
|t:|1757933220
|move|p1a: Iron Moth|Fiery Dance|p2a: prugs
|-damage|p2a: prugs|61/100
|-boost|p1a: Iron Moth|spa|1
|move|p2a: prugs|Future Sight|p1a: Iron Moth
|-start|p2a: prugs|move: Future Sight
|
|-weather|none
|upkeep
|turn|11
|
|t:|1757933232
|move|p1a: Iron Moth|Fiery Dance|p2a: prugs
|-damage|p2a: prugs|24/100
|-prepare|p2a: prugs|Chilly Reception|[premajor]
|move|p2a: prugs|Chilly Reception|p2a: prugs
|-weather|Snowscape
|
|t:|1757933240
|switch|p2a: peaks|Moltres|47/100|[from] Chilly Reception
|
|-weather|Snowscape|[upkeep]
|upkeep
|turn|12
|
|t:|1757933244
|move|p1a: Iron Moth|Sludge Wave|p2a: peaks
|-damage|p2a: peaks|0 fnt
|faint|p2a: peaks
|
|-weather|Snowscape|[upkeep]
|-end|p1a: Iron Moth|move: Future Sight
|-supereffective|p1a: Iron Moth
|-damage|p1a: Iron Moth|10/100
|upkeep
|
|t:|1757933252
|switch|p2a: prugs|Slowking-Galar, L99, F, shiny|57/100
|turn|13
|j| heatraniac
|
|t:|1757933255
|move|p1a: Iron Moth|Fiery Dance|p2a: prugs
|-damage|p2a: prugs|21/100
|-boost|p1a: Iron Moth|spa|1
|move|p2a: prugs|Sludge Bomb|p1a: Iron Moth
|-resisted|p1a: Iron Moth
|-damage|p1a: Iron Moth|0 fnt
|faint|p1a: Iron Moth
|-end|p1a: Iron Moth|Quark Drive|[silent]
|
|-weather|Snowscape|[upkeep]
|upkeep
|
|t:|1757933265
|switch|p1a: Staraptor|Staraptor, F|100/100
|turn|14
|
|t:|1757933269
|move|p1a: Staraptor|U-turn|p2a: prugs
|-damage|p2a: prugs|0 fnt
|faint|p2a: prugs
|
|t:|1757933271
|switch|p1a: Torkoal|Torkoal, M|100/100|[from] U-turn
|-weather|SunnyDay|[from] ability: Drought|[of] p1a: Torkoal
|
|-weather|SunnyDay|[upkeep]
|upkeep
|
|t:|1757933274
|switch|p2a: not plausible|Iron Treads|100/100
|-damage|p2a: not plausible|97/100|[from] Stealth Rock
|turn|15
|l| newguy1310
|
|t:|1757933292
|move|p2a: not plausible|Rapid Spin|p1a: Torkoal
|-damage|p1a: Torkoal|89/100
|-boost|p2a: not plausible|spe|1
|-sideend|p2: 22doodle|Stealth Rock|[from] move: Rapid Spin|[of] p2a: not plausible
|move|p1a: Torkoal|Lava Plume|p2a: not plausible
|-supereffective|p2a: not plausible
|-damage|p2a: not plausible|0 fnt
|faint|p2a: not plausible
|-end|p2a: not plausible|Quark Drive|[silent]
|
|-weather|SunnyDay|[upkeep]
|upkeep
|
|t:|1757933309
|switch|p2a: to hell|Dragonite, F|100/100
|turn|16
|
|t:|1757933324
|move|p2a: to hell|Dragon Dance|p2a: to hell
|-boost|p2a: to hell|atk|1
|-boost|p2a: to hell|spe|1
|move|p1a: Torkoal|Lava Plume|p2a: to hell
|-resisted|p2a: to hell
|-damage|p2a: to hell|91/100
|
|-weather|SunnyDay|[upkeep]
|upkeep
|turn|17
|
|t:|1757933337
|move|p2a: to hell|Dragon Dance|p2a: to hell
|-boost|p2a: to hell|atk|1
|-boost|p2a: to hell|spe|1
|move|p1a: Torkoal|Lava Plume|p2a: to hell
|-resisted|p2a: to hell
|-damage|p2a: to hell|70/100
|
|-weather|SunnyDay|[upkeep]
|upkeep
|turn|18
|
|t:|1757933348
|move|p2a: to hell|Earthquake|p1a: Torkoal
|-supereffective|p1a: Torkoal
|-damage|p1a: Torkoal|0 fnt
|faint|p1a: Torkoal
|
|-weather|none
|upkeep
|
|t:|1757933353
|switch|p1a: Staraptor|Staraptor, F|100/100
|turn|19
|
|t:|1757933360
|move|p2a: to hell|Roost|p2a: to hell
|-heal|p2a: to hell|100/100
|-singleturn|p2a: to hell|move: Roost
|move|p1a: Staraptor|Brave Bird|p2a: to hell
|-damage|p2a: to hell|67/100
|-damage|p1a: Staraptor|90/100|[from] Recoil
|
|upkeep
|turn|20
|
|t:|1757933370
|move|p2a: to hell|Roost|p2a: to hell
|-heal|p2a: to hell|100/100
|-singleturn|p2a: to hell|move: Roost
|move|p1a: Staraptor|Brave Bird|p2a: to hell
|-damage|p2a: to hell|66/100
|-damage|p1a: Staraptor|79/100|[from] Recoil
|
|upkeep
|turn|21
|
|t:|1757933382
|move|p2a: to hell|Roost|p2a: to hell
|-heal|p2a: to hell|100/100
|-singleturn|p2a: to hell|move: Roost
|move|p1a: Staraptor|Brave Bird|p2a: to hell
|-damage|p2a: to hell|68/100
|-damage|p1a: Staraptor|69/100|[from] Recoil
|
|upkeep
|turn|22
|
|t:|1757933389
|-terastallize|p2a: to hell|Flying
|move|p2a: to hell|Tera Blast|p1a: Staraptor|[anim] Tera Blast Flying
|-damage|p1a: Staraptor|0 fnt
|faint|p1a: Staraptor
|
|upkeep
|
|t:|1757933398
|switch|p1a: Dragapult|Dragapult, M, tera:Steel|37/100
|turn|23
|
|t:|1757933410
|move|p2a: to hell|Earthquake|p1a: Dragapult
|-supereffective|p1a: Dragapult
|-damage|p1a: Dragapult|0 fnt
|faint|p1a: Dragapult
|
|upkeep
|
|t:|1757933413
|switch|p1a: Kingambit|Kingambit, F|100/100
|-activate|p1a: Kingambit|ability: Supreme Overlord
|-start|p1a: Kingambit|fallen5|[silent]
|turn|24
|
|t:|1757933420
|move|p2a: to hell|Roost|p2a: to hell
|-heal|p2a: to hell|100/100
|-hint|If a Terastallized Pokemon uses Roost, it remains Flying-type.
|move|p1a: Kingambit|Iron Head|p2a: to hell
|-damage|p2a: to hell|69/100
|
|upkeep
|turn|25
|
|t:|1757933437
|move|p2a: to hell|Earthquake|p1a: Kingambit
|-supereffective|p1a: Kingambit
|-enditem|p1a: Kingambit|Focus Sash
|-damage|p1a: Kingambit|1/100
|move|p1a: Kingambit|Iron Head|p2a: to hell
|-damage|p2a: to hell|7/100
|
|upkeep
|turn|26
|
|t:|1757933448
|move|p2a: to hell|Roost|p2a: to hell
|-heal|p2a: to hell|57/100
|-hint|If a Terastallized Pokemon uses Roost, it remains Flying-type.
|move|p1a: Kingambit|Iron Head|p2a: to hell
|-damage|p2a: to hell|0 fnt
|faint|p2a: to hell
|
|win|frazybalkany
|raw|frazybalkany's rating: 1542 &rarr; <strong>1562</strong><br />(+20 for winning)
|raw|22doodle's rating: 1545 &rarr; <strong>1525</strong><br />(-20 for losing)
|c|☆frazybalkany|Gg
|l|☆frazybalkany
|player|p1|
|j| wgw2333
|l| wgw2333
|c|☆22doodle|I feel robbed
|l|☆22doodle
|player|p2|
