|j|☆carloss prates
|j|☆flygonisdragon
|t:|1757838722
|gametype|singles
|player|p1|carloss prates|bruno|1484
|player|p2|flygonisdragon|serena-masters|1441
|gen|9
|tier|[Gen 9] OU
|rated|
|rule|HP Percentage Mod: HP is shown in percentages
|rule|Endless Battle Clause: Forcing endless battles is banned
|rule|Species Clause: Limit one of each Pokémon
|rule|OHKO Clause: OHKO moves are banned
|rule|Evasion Items Clause: Evasion items are banned
|rule|Evasion Moves Clause: Evasion moves are banned
|rule|Evasion Abilities Clause: Evasion abilities are banned
|rule|Sleep Moves Clause: Sleep-inducing moves are banned
|clearpoke
|poke|p1|Great Tusk|
|poke|p1|Heatran, M|
|poke|p1|Weavile, M|
|poke|p1|Primarina, M|
|poke|p1|Ogerpon, F|
|poke|p1|Pecharunt|
|poke|p2|Kingambit, M|
|poke|p2|Iron Valiant|
|poke|p2|Abomasnow, M|
|poke|p2|Reuniclus, F|
|poke|p2|Kommo-o, F|
|poke|p2|Glimmora, F|
|teampreview
|
|t:|1757838730
|teamsize|p1|6
|teamsize|p2|6
|start
|switch|p1a: Bandit|Weavile, M, shiny|100/100
|switch|p2a: Glimmora|Glimmora, F|100/100
|-ability|p1a: Bandit|Pressure
|turn|1
|
|t:|1757838742
|move|p1a: Bandit|Triple Axel|p2a: Glimmora
|-damage|p2a: Glimmora|82/100
|-activate|p2a: Glimmora|ability: Toxic Debris
|-sidestart|p1: carloss prates|move: Toxic Spikes
|-damage|p2a: Glimmora|45/100
|-activate|p2a: Glimmora|ability: Toxic Debris
|-sidestart|p1: carloss prates|move: Toxic Spikes
|-crit|p2a: Glimmora
|-damage|p2a: Glimmora|0 fnt
|faint|p2a: Glimmora
|-hitcount|p2: Glimmora|3
|
|upkeep
|
|t:|1757838756
|switch|p2a: Abomasnow|Abomasnow, M|100/100
|-weather|Snowscape|[from] ability: Snow Warning|[of] p2a: Abomasnow
|turn|2
|
|t:|1757838769
|move|p1a: Bandit|Triple Axel|p2a: Abomasnow
|-damage|p2a: Abomasnow|93/100
|-damage|p2a: Abomasnow|78/100
|-damage|p2a: Abomasnow|53/100
|-hitcount|p2a: Abomasnow|3
|move|p2a: Abomasnow|Aurora Veil|p2a: Abomasnow
|-sidestart|p2: flygonisdragon|move: Aurora Veil
|
|-weather|Snowscape|[upkeep]
|upkeep
|turn|3
|
|t:|1757838775
|switch|p1a: Overseer|Pecharunt|100/100
|-sideend|p1: carloss prates|move: Toxic Spikes|[of] p1a: Overseer
|move|p2a: Abomasnow|Leech Seed|p1a: Overseer
|-start|p1a: Overseer|move: Leech Seed
|
|-weather|Snowscape|[upkeep]
|-damage|p1a: Overseer|88/100|[from] Leech Seed|[of] p2a: Abomasnow
|-heal|p2a: Abomasnow|65/100|[silent]
|upkeep
|turn|4
|
|t:|1757838787
|switch|p2a: Kingambit|Kingambit, M|100/100
|-activate|p2a: Kingambit|ability: Supreme Overlord
|-start|p2a: Kingambit|fallen1|[silent]
|move|p1a: Overseer|Parting Shot|p2a: Kingambit
|-unboost|p2a: Kingambit|atk|1
|-unboost|p2a: Kingambit|spa|1
|
|t:|1757838797
|switch|p1a: Chaos|Heatran, M, shiny|100/100|[from] Parting Shot
|-item|p1a: Chaos|Air Balloon
|
|-weather|Snowscape|[upkeep]
|upkeep
|turn|5
|
|t:|1757838807
|-end|p2a: Kingambit|fallen1|[silent]
|switch|p2a: Kommo-o|Kommo-o, F|100/100
|move|p1a: Chaos|Stealth Rock|p2a: Kommo-o
|-sidestart|p2: flygonisdragon|move: Stealth Rock
|
|-weather|Snowscape|[upkeep]
|upkeep
|turn|6
|
|t:|1757838811
|switch|p1a: Celestine|Primarina, M, shiny|100/100
|move|p2a: Kommo-o|Clangorous Soul|p2a: Kommo-o
|-boost|p2a: Kommo-o|atk|1
|-boost|p2a: Kommo-o|def|1
|-boost|p2a: Kommo-o|spa|1
|-boost|p2a: Kommo-o|spd|1
|-boost|p2a: Kommo-o|spe|1
|-damage|p2a: Kommo-o|68/100
|-enditem|p2a: Kommo-o|Throat Spray
|-boost|p2a: Kommo-o|spa|1|[from] item: Throat Spray
|
|-weather|none
|upkeep
|turn|7
|
|t:|1757838814
|-terastallize|p2a: Kommo-o|Normal
|move|p2a: Kommo-o|Boomburst|p1a: Celestine
|-damage|p1a: Celestine|31/100
|move|p1a: Celestine|Moonblast|p2a: Kommo-o
|-damage|p2a: Kommo-o|48/100
|-unboost|p2a: Kommo-o|spa|1
|
|upkeep
|turn|8
|
|t:|1757838832
|switch|p1a: Overseer|Pecharunt|88/100
|move|p2a: Kommo-o|Boomburst|p1a: Overseer
|-immune|p1a: Overseer
|
|upkeep
|turn|9
|
|t:|1757838834
|switch|p1a: Celestine|Primarina, M, shiny|31/100
|move|p2a: Kommo-o|Clanging Scales|p1a: Celestine
|-immune|p1a: Celestine
|
|-sideend|p2: flygonisdragon|move: Aurora Veil
|upkeep
|turn|10
|
|t:|1757838850
|move|p2a: Kommo-o|Boomburst|p1a: Celestine
|-damage|p1a: Celestine|0 fnt
|faint|p1a: Celestine
|
|upkeep
|
|t:|1757838859
|switch|p1a: Anonymous|Ogerpon, F|100/100
|turn|11
|
|t:|1757838863
|-terastallize|p1a: Anonymous|Grass
|detailschange|p1a: Anonymous|Ogerpon-Teal-Tera, F, tera:Grass
|-ability|p1a: Anonymous|Embody Aspect (Teal)|boost
|-boost|p1a: Anonymous|spe|1
|move|p1a: Anonymous|Ivy Cudgel|p2a: Kommo-o
|-damage|p2a: Kommo-o|0 fnt
|faint|p2a: Kommo-o
|
|upkeep
|
|t:|1757838868
|switch|p2a: Abomasnow|Abomasnow, M|65/100
|-damage|p2a: Abomasnow|40/100|[from] Stealth Rock
|-weather|Snowscape|[from] ability: Snow Warning|[of] p2a: Abomasnow
|turn|12
|
|t:|1757838872
|switch|p1a: Overseer|Pecharunt|88/100
|move|p2a: Abomasnow|Aurora Veil|p2a: Abomasnow
|-sidestart|p2: flygonisdragon|move: Aurora Veil
|
|-weather|Snowscape|[upkeep]
|upkeep
|turn|13
|
|t:|1757838875
|move|p1a: Overseer|Malignant Chain|p2a: Abomasnow
|-supereffective|p2a: Abomasnow
|-damage|p2a: Abomasnow|9/100
|move|p2a: Abomasnow|Leech Seed|p1a: Overseer
|-start|p1a: Overseer|move: Leech Seed
|
|-weather|Snowscape|[upkeep]
|-damage|p1a: Overseer|76/100|[from] Leech Seed|[of] p2a: Abomasnow
|-heal|p2a: Abomasnow|21/100|[silent]
|upkeep
|turn|14
|
|t:|1757838880
|switch|p2a: Kingambit|Kingambit, M|100/100
|-damage|p2a: Kingambit|94/100|[from] Stealth Rock
|-activate|p2a: Kingambit|ability: Supreme Overlord
|-start|p2a: Kingambit|fallen2|[silent]
|move|p1a: Overseer|Parting Shot|p2a: Kingambit
|-unboost|p2a: Kingambit|atk|1
|-unboost|p2a: Kingambit|spa|1
|
|t:|1757838882
|switch|p1a: Behemoth|Great Tusk, shiny|100/100|[from] Parting Shot
|
|-weather|Snowscape|[upkeep]
|-heal|p2a: Kingambit|100/100|[from] item: Leftovers
|upkeep
|turn|15
|
|t:|1757838887
|-end|p2a: Kingambit|fallen2|[silent]
|switch|p2a: Reuniclus|Reuniclus, F|100/100
|move|p1a: Behemoth|Close Combat|p2a: Reuniclus
|-resisted|p2a: Reuniclus
|-damage|p2a: Reuniclus|83/100
|-unboost|p1a: Behemoth|def|1
|-unboost|p1a: Behemoth|spd|1
|
|-weather|Snowscape|[upkeep]
|-heal|p2a: Reuniclus|89/100|[from] item: Leftovers
|upkeep
|turn|16
|
|t:|1757838891
|-end|p1a: Behemoth|Protosynthesis|[silent]
|switch|p1a: Anonymous|Ogerpon-Teal-Tera, F, tera:Grass|100/100
|-ability|p1a: Anonymous|Embody Aspect (Teal)|boost
|-boost|p1a: Anonymous|spe|1
|move|p2a: Reuniclus|Acid Armor|p2a: Reuniclus
|-boost|p2a: Reuniclus|def|2
|
|-weather|none
|-heal|p2a: Reuniclus|96/100|[from] item: Leftovers
|upkeep
|turn|17
|
|t:|1757838897
|move|p1a: Anonymous|Knock Off|p2a: Reuniclus
|-supereffective|p2a: Reuniclus
|-damage|p2a: Reuniclus|73/100
|-enditem|p2a: Reuniclus|Leftovers|[from] move: Knock Off|[of] p1a: Anonymous
|move|p2a: Reuniclus|Calm Mind|p2a: Reuniclus
|-boost|p2a: Reuniclus|spa|1
|-boost|p2a: Reuniclus|spd|1
|
|upkeep
|turn|18
|
|t:|1757838904
|switch|p1a: Chaos|Heatran, M, shiny|100/100
|-item|p1a: Chaos|Air Balloon
|move|p2a: Reuniclus|Acid Armor|p2a: Reuniclus
|-boost|p2a: Reuniclus|def|2
|
|upkeep
|turn|19
|
|t:|1757838909
|move|p1a: Chaos|Taunt|p2a: Reuniclus
|-start|p2a: Reuniclus|move: Taunt
|cant|p2a: Reuniclus|move: Taunt|Calm Mind
|
|-sideend|p2: flygonisdragon|move: Aurora Veil
|upkeep
|turn|20
|
|t:|1757838912
|move|p1a: Chaos|Magma Storm|p2a: Reuniclus
|-crit|p2a: Reuniclus
|-damage|p2a: Reuniclus|23/100
|-activate|p2a: Reuniclus|move: Magma Storm|[of] p1a: Chaos
|move|p2a: Reuniclus|Stored Power|p1a: Chaos
|-resisted|p1a: Chaos
|-damage|p1a: Chaos|60/100
|-enditem|p1a: Chaos|Air Balloon
|
|upkeep
|turn|21
|
|t:|1757838918
|move|p1a: Chaos|Magma Storm|p2a: Reuniclus
|-damage|p2a: Reuniclus|1/100
|move|p2a: Reuniclus|Stored Power|p1a: Chaos
|-resisted|p1a: Chaos
|-damage|p1a: Chaos|19/100
|
|-end|p2a: Reuniclus|move: Taunt
|upkeep
|turn|22
|
|t:|1757838925
|move|p1a: Chaos|Earth Power|p2a: Reuniclus
|-damage|p2a: Reuniclus|0 fnt
|faint|p2a: Reuniclus
|
|upkeep
|
|t:|1757838935
|switch|p2a: Iron Valiant|Iron Valiant|100/100
|-damage|p2a: Iron Valiant|94/100|[from] Stealth Rock
|-enditem|p2a: Iron Valiant|Booster Energy
|-activate|p2a: Iron Valiant|ability: Quark Drive|[fromitem]
|-start|p2a: Iron Valiant|quarkdrivespe
|turn|23
|
|t:|1757838950
|move|p2a: Iron Valiant|Thunderbolt|p1a: Chaos
|-damage|p1a: Chaos|0 fnt
|faint|p1a: Chaos
|
|upkeep
|
|t:|1757838957
|switch|p1a: Overseer|Pecharunt|76/100
|turn|24
|
|t:|1757838969
|move|p2a: Iron Valiant|Knock Off|p1a: Overseer
|-supereffective|p1a: Overseer
|-damage|p1a: Overseer|49/100
|-damage|p2a: Iron Valiant|78/100|[from] item: Rocky Helmet|[of] p1a: Overseer
|-enditem|p1a: Overseer|Rocky Helmet|[from] move: Knock Off|[of] p2a: Iron Valiant
|move|p1a: Overseer|Malignant Chain|p2a: Iron Valiant
|-supereffective|p2a: Iron Valiant
|-damage|p2a: Iron Valiant|0 fnt
|faint|p2a: Iron Valiant
|-end|p2a: Iron Valiant|Quark Drive|[silent]
|
|upkeep
|
|t:|1757838981
|switch|p2a: Kingambit|Kingambit, M|100/100
|-damage|p2a: Kingambit|94/100|[from] Stealth Rock
|-activate|p2a: Kingambit|ability: Supreme Overlord
|-start|p2a: Kingambit|fallen4|[silent]
|turn|25
|
|t:|1757838985
|move|p1a: Overseer|Parting Shot|p2a: Kingambit
|-unboost|p2a: Kingambit|atk|1
|-unboost|p2a: Kingambit|spa|1
|
|t:|1757838999
|switch|p1a: Bandit|Weavile, M, shiny|100/100|[from] Parting Shot
|-ability|p1a: Bandit|Pressure
|move|p2a: Kingambit|Iron Head|p1a: Bandit
|-supereffective|p1a: Bandit
|-damage|p1a: Bandit|0 fnt
|faint|p1a: Bandit
|
|-heal|p2a: Kingambit|100/100|[from] item: Leftovers
|upkeep
|
|t:|1757839001
|switch|p1a: Behemoth|Great Tusk, shiny|100/100
|turn|26
|
|t:|1757839018
|-end|p2a: Kingambit|fallen4|[silent]
|switch|p2a: Abomasnow|Abomasnow, M|21/100
|-damage|p2a: Abomasnow|0 fnt|[from] Stealth Rock
|faint|p2a: Abomasnow
|move|p1a: Behemoth|Close Combat|p2: Abomasnow|[notarget]
|-fail|p1a: Behemoth
|
|upkeep
|
|t:|1757839022
|switch|p2a: Kingambit|Kingambit, M|100/100
|-damage|p2a: Kingambit|94/100|[from] Stealth Rock
|-activate|p2a: Kingambit|ability: Supreme Overlord
|-start|p2a: Kingambit|fallen5|[silent]
|turn|27
|
|t:|1757839023
|move|p1a: Behemoth|Headlong Rush|p2a: Kingambit
|-supereffective|p2a: Kingambit
|-damage|p2a: Kingambit|0 fnt
|-unboost|p1a: Behemoth|def|1
|-unboost|p1a: Behemoth|spd|1
|faint|p2a: Kingambit
|-end|p2a: Kingambit|fallen5|[silent]
|
|win|carloss prates
|raw|carloss prates's rating: 1484 &rarr; <strong>1502</strong><br />(+18 for winning)
|raw|flygonisdragon's rating: 1441 &rarr; <strong>1423</strong><br />(-18 for losing)
|l|☆flygonisdragon
|player|p2|
|l|☆carloss prates
|player|p1|
