|j|☆SamiFawad
|j|☆i have no id
|t:|1757848049
|gametype|singles
|player|p1|SamiFawad|265|1506
|player|p2|i have no id|cynthia-gen4|1453
|gen|9
|tier|[Gen 9] OU
|rated|
|rule|HP Percentage Mod: HP is shown in percentages
|rule|Endless Battle Clause: Forcing endless battles is banned
|rule|Species Clause: Limit one of each Pokémon
|rule|OHKO Clause: OHKO moves are banned
|rule|Evasion Items Clause: Evasion items are banned
|rule|Evasion Moves Clause: Evasion moves are banned
|rule|Evasion Abilities Clause: Evasion abilities are banned
|rule|Sleep Moves Clause: Sleep-inducing moves are banned
|clearpoke
|poke|p1|Slowking-Galar, M|
|poke|p1|Pecharunt|
|poke|p1|Ogerpon-Cornerstone, F|
|poke|p1|Samurott-Hisui, M|
|poke|p1|Torterra, M|
|poke|p1|Great Tusk|
|poke|p2|Primarina, M|
|poke|p2|Iron Treads|
|poke|p2|Dragapult, F|
|poke|p2|Corviknight, F|
|poke|p2|Raging Bolt|
|poke|p2|Meowscarada, M|
|teampreview
|
|t:|1757848071
|teamsize|p1|6
|teamsize|p2|6
|start
|switch|p1a: Torterra|Torterra, M|100/100
|switch|p2a: Meowscarada|Meowscarada, M|100/100
|turn|1
|
|t:|1757848083
|move|p2a: Meowscarada|Triple Axel|p1a: Torterra
|-start|p2a: Meowscarada|typechange|Ice|[from] ability: Protean
|-supereffective|p1a: Torterra
|-damage|p1a: Torterra|61/100
|-supereffective|p1a: Torterra
|-damage|p1a: Torterra|0 fnt
|faint|p1a: Torterra
|-hitcount|p1: Torterra|2
|
|upkeep
|
|t:|1757848091
|switch|p1a: Pecharunt|Pecharunt|100/100
|turn|2
|
|t:|1757848105
|switch|p2a: Primarina|Primarina, M|100/100
|move|p1a: Pecharunt|Parting Shot|p2a: Primarina
|-unboost|p2a: Primarina|atk|1
|-unboost|p2a: Primarina|spa|1
|
|t:|1757848112
|switch|p1a: Ogerpon|Ogerpon-Cornerstone, F|100/100|[from] Parting Shot
|
|upkeep
|turn|3
|
|t:|1757848116
|switch|p2a: Corviknight|Corviknight, F|100/100
|-ability|p2a: Corviknight|Pressure
|move|p1a: Ogerpon|Horn Leech|p2a: Corviknight
|-resisted|p2a: Corviknight
|-damage|p2a: Corviknight|94/100
|
|-heal|p2a: Corviknight|99/100|[from] item: Leftovers
|upkeep
|turn|4
|
|t:|1757848122
|switch|p1a: Pecharunt|Pecharunt|100/100
|move|p2a: Corviknight|U-turn|p1a: Pecharunt
|-resisted|p1a: Pecharunt
|-damage|p1a: Pecharunt|99/100
|-damage|p2a: Corviknight|83/100|[from] item: Rocky Helmet|[of] p1a: Pecharunt
|
|t:|1757848128
|switch|p2a: Dragapult|Dragapult, F|100/100|[from] U-turn
|
|upkeep
|turn|5
|
|t:|1757848136
|move|p2a: Dragapult|Shadow Ball|p1a: Pecharunt
|-supereffective|p1a: Pecharunt
|-damage|p1a: Pecharunt|3/100
|move|p1a: Pecharunt|Shadow Ball|p2a: Dragapult
|-supereffective|p2a: Dragapult
|-damage|p2a: Dragapult|5/100
|
|upkeep
|turn|6
|
|t:|1757848143
|move|p2a: Dragapult|Shadow Ball|p1a: Pecharunt
|-supereffective|p1a: Pecharunt
|-damage|p1a: Pecharunt|0 fnt
|faint|p1a: Pecharunt
|
|upkeep
|
|t:|1757848144
|switch|p1a: Samurott|Samurott-Hisui, M|100/100
|turn|7
|
|t:|1757848156
|switch|p2a: Primarina|Primarina, M|100/100
|move|p1a: Samurott|Ceaseless Edge|p2a: Primarina
|-resisted|p2a: Primarina
|-damage|p2a: Primarina|72/100
|-sidestart|p2: i have no id|Spikes
|
|upkeep
|turn|8
|
|t:|1757848160
|move|p1a: Samurott|Flip Turn|p2a: Primarina
|-resisted|p2a: Primarina
|-damage|p2a: Primarina|54/100
|
|t:|1757848163
|switch|p1a: Slowking|Slowking-Galar, M|100/100|[from] Flip Turn
|move|p2a: Primarina|Moonblast|p1a: Slowking
|-resisted|p1a: Slowking
|-damage|p1a: Slowking|86/100
|
|upkeep
|turn|9
|
|t:|1757848167
|move|p2a: Primarina|Flip Turn|p1a: Slowking
|-damage|p1a: Slowking|71/100
|
|t:|1757848172
|switch|p2a: Corviknight|Corviknight, F|83/100|[from] Flip Turn
|-ability|p2a: Corviknight|Pressure
|move|p1a: Slowking|Flamethrower|p2a: Corviknight
|-supereffective|p2a: Corviknight
|-damage|p2a: Corviknight|20/100
|
|-heal|p2a: Corviknight|26/100|[from] item: Leftovers
|upkeep
|turn|10
|
|t:|1757848175
|move|p2a: Corviknight|Defog|p1a: Slowking
|-unboost|p1a: Slowking|evasion|1
|-sideend|p2: i have no id|Spikes|[from] move: Defog|[of] p2a: Corviknight
|move|p1a: Slowking|Future Sight|p2a: Corviknight
|-start|p1a: Slowking|move: Future Sight
|
|-heal|p2a: Corviknight|32/100|[from] item: Leftovers
|upkeep
|turn|11
|
|t:|1757848182
|move|p2a: Corviknight|Roost|p2a: Corviknight
|-heal|p2a: Corviknight|82/100
|-singleturn|p2a: Corviknight|move: Roost
|move|p1a: Slowking|Flamethrower|p2a: Corviknight
|-supereffective|p2a: Corviknight
|-damage|p2a: Corviknight|26/100
|
|-heal|p2a: Corviknight|32/100|[from] item: Leftovers
|upkeep
|turn|12
|
|t:|1757848188
|move|p2a: Corviknight|Roost|p2a: Corviknight
|-heal|p2a: Corviknight|82/100
|-singleturn|p2a: Corviknight|move: Roost
|move|p1a: Slowking|Flamethrower|p2a: Corviknight
|-supereffective|p2a: Corviknight
|-damage|p2a: Corviknight|20/100
|
|-end|p2a: Corviknight|move: Future Sight
|-resisted|p2a: Corviknight
|-damage|p2a: Corviknight|0 fnt
|faint|p2a: Corviknight
|upkeep
|
|t:|1757848198
|switch|p2a: Meowscarada|Meowscarada, M|100/100
|turn|13
|
|t:|1757848205
|move|p2a: Meowscarada|Knock Off|p1a: Slowking
|-start|p2a: Meowscarada|typechange|Dark|[from] ability: Protean
|-supereffective|p1a: Slowking
|-crit|p1a: Slowking
|-damage|p1a: Slowking|0 fnt
|-enditem|p1a: Slowking|Assault Vest|[from] move: Knock Off|[of] p2a: Meowscarada
|faint|p1a: Slowking
|
|upkeep
|
|t:|1757848207
|switch|p1a: Samurott|Samurott-Hisui, M|100/100
|turn|14
|
|t:|1757848217
|switch|p2a: Primarina|Primarina, M|54/100
|move|p1a: Samurott|Ceaseless Edge|p2a: Primarina
|-resisted|p2a: Primarina
|-damage|p2a: Primarina|21/100
|-sidestart|p2: i have no id|Spikes
|
|upkeep
|turn|15
|
|t:|1757848221
|move|p1a: Samurott|Ceaseless Edge|p2a: Primarina
|-resisted|p2a: Primarina
|-damage|p2a: Primarina|0 fnt
|-sidestart|p2: i have no id|Spikes
|faint|p2a: Primarina
|
|upkeep
|
|t:|1757848228
|switch|p2a: Meowscarada|Meowscarada, M|100/100
|-damage|p2a: Meowscarada|84/100|[from] Spikes
|turn|16
|
|t:|1757848234
|move|p2a: Meowscarada|Flower Trick|p1a: Samurott
|-start|p2a: Meowscarada|typechange|Grass|[from] ability: Protean
|-supereffective|p1a: Samurott
|-crit|p1a: Samurott
|-enditem|p1a: Samurott|Focus Sash
|-damage|p1a: Samurott|1/100
|move|p1a: Samurott|Sacred Sword|p2a: Meowscarada
|-damage|p2a: Meowscarada|25/100
|
|upkeep
|turn|17
|
|t:|1757848239
|move|p1a: Samurott|Sucker Punch|p2a: Meowscarada
|-damage|p2a: Meowscarada|0 fnt
|faint|p2a: Meowscarada
|
|upkeep
|
|t:|1757848242
|switch|p2a: Iron Treads|Iron Treads|100/100
|-item|p2a: Iron Treads|Air Balloon
|turn|18
|
|t:|1757848246
|switch|p1a: Great Tusk|Great Tusk|100/100
|move|p2a: Iron Treads|Rapid Spin|p1a: Great Tusk
|-damage|p1a: Great Tusk|93/100
|-boost|p2a: Iron Treads|spe|1
|-damage|p2a: Iron Treads|84/100|[from] item: Rocky Helmet|[of] p1a: Great Tusk
|-sideend|p2: i have no id|Spikes|[from] move: Rapid Spin|[of] p2a: Iron Treads
|
|upkeep
|turn|19
|
|t:|1757848253
|move|p2a: Iron Treads|Stealth Rock|p1a: Great Tusk
|-sidestart|p1: SamiFawad|move: Stealth Rock
|move|p1a: Great Tusk|Stealth Rock|p2a: Iron Treads
|-sidestart|p2: i have no id|move: Stealth Rock
|
|upkeep
|turn|20
|
|t:|1757848258
|move|p2a: Iron Treads|Knock Off|p1a: Great Tusk
|-resisted|p1a: Great Tusk
|-damage|p1a: Great Tusk|86/100
|-damage|p2a: Iron Treads|67/100|[from] item: Rocky Helmet|[of] p1a: Great Tusk
|-enditem|p1a: Great Tusk|Rocky Helmet|[from] move: Knock Off|[of] p2a: Iron Treads
|move|p1a: Great Tusk|Stealth Rock||[still]
|-fail|p1a: Great Tusk
|
|upkeep
|turn|21
|
|t:|1757848267
|-terastallize|p2a: Iron Treads|Ghost
|move|p2a: Iron Treads|Rapid Spin|p1a: Great Tusk
|-damage|p1a: Great Tusk|79/100
|-boost|p2a: Iron Treads|spe|1
|-sideend|p2: i have no id|Stealth Rock|[from] move: Rapid Spin|[of] p2a: Iron Treads
|move|p1a: Great Tusk|Rapid Spin|p2a: Iron Treads
|-immune|p2a: Iron Treads
|
|upkeep
|turn|22
|
|t:|1757848273
|move|p2a: Iron Treads|Earthquake|p1a: Great Tusk
|-damage|p1a: Great Tusk|56/100
|move|p1a: Great Tusk|Stealth Rock|p2a: Iron Treads
|-sidestart|p2: i have no id|move: Stealth Rock
|
|upkeep
|turn|23
|
|t:|1757848277
|move|p2a: Iron Treads|Rapid Spin|p1a: Great Tusk
|-damage|p1a: Great Tusk|48/100
|-boost|p2a: Iron Treads|spe|1
|-sideend|p2: i have no id|Stealth Rock|[from] move: Rapid Spin|[of] p2a: Iron Treads
|move|p1a: Great Tusk|Knock Off|p2a: Iron Treads
|-supereffective|p2a: Iron Treads
|-damage|p2a: Iron Treads|16/100
|-enditem|p2a: Iron Treads|Air Balloon
|
|upkeep
|turn|24
|
|t:|1757848283
|move|p2a: Iron Treads|Earthquake|p1a: Great Tusk
|-damage|p1a: Great Tusk|24/100
|move|p1a: Great Tusk|Stealth Rock|p2a: Iron Treads
|-sidestart|p2: i have no id|move: Stealth Rock
|
|upkeep
|turn|25
|
|t:|1757848301
|-end|p1a: Great Tusk|Protosynthesis|[silent]
|switch|p1a: Samurott|Samurott-Hisui, M|1/100
|-damage|p1a: Samurott|0 fnt|[from] Stealth Rock
|faint|p1a: Samurott
|move|p2a: Iron Treads|Rapid Spin|p1: Samurott|[notarget]
|-fail|p2a: Iron Treads
|
|upkeep
|
|t:|1757848303
|switch|p1a: Ogerpon|Ogerpon-Cornerstone, F|100/100
|-damage|p1a: Ogerpon|88/100|[from] Stealth Rock
|turn|26
|
|t:|1757848309
|move|p2a: Iron Treads|Rapid Spin|p1a: Ogerpon
|-resisted|p1a: Ogerpon
|-damage|p1a: Ogerpon|78/100
|-boost|p2a: Iron Treads|spe|1
|-sideend|p2: i have no id|Stealth Rock|[from] move: Rapid Spin|[of] p2a: Iron Treads
|move|p1a: Ogerpon|Horn Leech|p2a: Iron Treads
|-damage|p2a: Iron Treads|0 fnt
|-heal|p1a: Ogerpon|86/100|[from] drain|[of] p2a: Iron Treads
|faint|p2a: Iron Treads
|-end|p2a: Iron Treads|Quark Drive|[silent]
|
|upkeep
|
|t:|1757848318
|switch|p2a: Raging Bolt|Raging Bolt|100/100
|-enditem|p2a: Raging Bolt|Booster Energy
|-activate|p2a: Raging Bolt|ability: Protosynthesis|[fromitem]
|-start|p2a: Raging Bolt|protosynthesisspa
|turn|27
|
|t:|1757848329
|move|p1a: Ogerpon|Ivy Cudgel|p2a: Raging Bolt|[anim] Ivy Cudgel Rock
|-crit|p2a: Raging Bolt
|-damage|p2a: Raging Bolt|20/100
|move|p2a: Raging Bolt|Dragon Pulse|p1a: Ogerpon
|-damage|p1a: Ogerpon|10/100
|
|upkeep
|turn|28
|
|t:|1757848337
|move|p1a: Ogerpon|Ivy Cudgel|p2a: Raging Bolt|[anim] Ivy Cudgel Rock
|-damage|p2a: Raging Bolt|0 fnt
|faint|p2a: Raging Bolt
|-end|p2a: Raging Bolt|Protosynthesis|[silent]
|
|upkeep
|
|t:|1757848339
|switch|p2a: Dragapult|Dragapult, F|5/100
|turn|29
|
|t:|1757848342
|move|p2a: Dragapult|Shadow Ball|p1a: Ogerpon
|-crit|p1a: Ogerpon
|-damage|p1a: Ogerpon|0 fnt
|faint|p1a: Ogerpon
|
|upkeep
|
|t:|1757848343
|switch|p1a: Great Tusk|Great Tusk|24/100
|-damage|p1a: Great Tusk|21/100|[from] Stealth Rock
|turn|30
|-message|SamiFawad forfeited.
|
|win|i have no id
|raw|SamiFawad's rating: 1506 &rarr; <strong>1483</strong><br />(-23 for losing)
|raw|i have no id's rating: 1453 &rarr; <strong>1476</strong><br />(+23 for winning)
|l|☆SamiFawad
|player|p1|
|l|☆i have no id
|player|p2|
