|j|‽Lucid Coffee
|j|☆mansonabuluting
|t:|1757866558
|gametype|singles
|player|p1|Lucid Coffee|blue|1672
|player|p2|mansonabuluting|bellelba|1687
|gen|9
|tier|[Gen 9] OU
|rated|
|rule|HP Percentage Mod: HP is shown in percentages
|rule|Endless Battle Clause: Forcing endless battles is banned
|rule|Species Clause: Limit one of each Pokémon
|rule|OHKO Clause: OHKO moves are banned
|rule|Evasion Items Clause: Evasion items are banned
|rule|Evasion Moves Clause: Evasion moves are banned
|rule|Evasion Abilities Clause: Evasion abilities are banned
|rule|Sleep Moves Clause: Sleep-inducing moves are banned
|clearpoke
|poke|p1|Dragapult, M|
|poke|p1|Glimmora, M|
|poke|p1|Comfey, M|
|poke|p1|Kingambit, M|
|poke|p1|Ogerpon-Wellspring, F|
|poke|p1|Blaziken, M|
|poke|p2|Rillaboom, F|
|poke|p2|Hawlucha, F|
|poke|p2|Thundurus-Therian, M|
|poke|p2|Great Tusk|
|poke|p2|Volcanion|
|poke|p2|Goodra-Hisui, F|
|teampreview
|inactive|Battle timer is ON: inactive players will automatically lose when time's up. (requested by mansonabuluting)
|
|t:|1757866581
|teamsize|p1|6
|teamsize|p2|6
|start
|switch|p1a: Blaziken|Blaziken, M, shiny|100/100
|switch|p2a: Thundurus|Thundurus-Therian, M|100/100
|turn|1
|
|t:|1757866587
|move|p1a: Blaziken|Protect|p1a: Blaziken
|-singleturn|p1a: Blaziken|Protect
|move|p2a: Thundurus|Volt Switch|p1a: Blaziken
|-activate|p1a: Blaziken|move: Protect
|
|-ability|p1a: Blaziken|Speed Boost|boost
|-boost|p1a: Blaziken|spe|1
|upkeep
|turn|2
|
|t:|1757866595
|switch|p1a: Dragapult|Dragapult, M, shiny|100/100
|move|p2a: Thundurus|Volt Switch|p1a: Dragapult
|-resisted|p1a: Dragapult
|-damage|p1a: Dragapult|66/100
|
|t:|1757866599
|switch|p2a: Goodra|Goodra-Hisui, F|100/100|[from] Volt Switch
|
|upkeep
|turn|3
|
|t:|1757866613
|switch|p1a: Glimmora|Glimmora, M, shiny|100/100
|move|p2a: Goodra|Draco Meteor|p1a: Glimmora
|-damage|p1a: Glimmora|24/100
|-unboost|p2a: Goodra|spa|2
|-enditem|p1a: Glimmora|Red Card|[of] p2a: Goodra
|drag|p2a: Hawlucha|Hawlucha, F|100/100
|
|upkeep
|turn|4
|
|t:|1757866621
|move|p2a: Hawlucha|Close Combat|p1a: Glimmora
|-damage|p1a: Glimmora|0 fnt
|-unboost|p2a: Hawlucha|def|1
|-unboost|p2a: Hawlucha|spd|1
|-activate|p1a: Glimmora|ability: Toxic Debris
|-sidestart|p2: mansonabuluting|move: Toxic Spikes
|faint|p1a: Glimmora
|
|upkeep
|
|t:|1757866629
|switch|p1a: Dragapult|Dragapult, M, shiny|66/100
|turn|5
|
|t:|1757866636
|switch|p2a: Goodra|Goodra-Hisui, F|100/100
|move|p1a: Dragapult|Dragon Darts|p2a: Goodra
|-damage|p2a: Goodra|72/100
|-anim|p1a: Dragapult|Dragon Darts|p2a: Goodra
|-damage|p2a: Goodra|44/100
|-damage|p1a: Dragapult|57/100|[from] item: Life Orb
|
|upkeep
|turn|6
|
|t:|1757866642
|switch|p2a: Thundurus|Thundurus-Therian, M|100/100
|move|p1a: Dragapult|Dragon Darts|p2a: Thundurus
|-damage|p2a: Thundurus|61/100
|-anim|p1a: Dragapult|Dragon Darts|p2a: Thundurus
|-damage|p2a: Thundurus|16/100
|-damage|p1a: Dragapult|47/100|[from] item: Life Orb
|
|upkeep
|turn|7
|
|t:|1757866651
|switch|p1a: Kingambit|Kingambit, M, shiny|100/100
|-activate|p1a: Kingambit|ability: Supreme Overlord
|-start|p1a: Kingambit|fallen1|[silent]
|move|p2a: Thundurus|Volt Switch|p1a: Kingambit
|-damage|p1a: Kingambit|57/100
|
|t:|1757866656
|switch|p2a: Volcanion|Volcanion|100/100|[from] Volt Switch
|-status|p2a: Volcanion|psn
|
|-heal|p1a: Kingambit|64/100|[from] item: Leftovers
|-damage|p2a: Volcanion|88/100 psn|[from] psn
|upkeep
|turn|8
|
|t:|1757866665
|-end|p1a: Kingambit|fallen1|[silent]
|switch|p1a: Ogerpon|Ogerpon-Wellspring, F|100/100
|move|p2a: Volcanion|Overheat|p1a: Ogerpon
|-damage|p1a: Ogerpon|0 fnt
|-unboost|p2a: Volcanion|spa|2
|faint|p1a: Ogerpon
|
|-damage|p2a: Volcanion|76/100 psn|[from] psn
|upkeep
|
|t:|1757866678
|switch|p1a: Blaziken|Blaziken, M, shiny|100/100
|turn|9
|
|t:|1757866694
|switch|p2a: Goodra|Goodra-Hisui, F|44/100
|move|p1a: Blaziken|Close Combat|p2a: Goodra
|-supereffective|p2a: Goodra
|-damage|p2a: Goodra|0 fnt
|-unboost|p1a: Blaziken|def|1
|-unboost|p1a: Blaziken|spd|1
|-ability|p2a: Goodra|Gooey
|-unboost|p1a: Blaziken|spe|1
|faint|p2a: Goodra
|-damage|p1a: Blaziken|91/100|[from] item: Life Orb
|
|-ability|p1a: Blaziken|Speed Boost|boost
|-boost|p1a: Blaziken|spe|1
|upkeep
|
|t:|1757866700
|switch|p2a: Thundurus|Thundurus-Therian, M|16/100
|turn|10
|
|t:|1757866717
|move|p1a: Blaziken|Protect|p1a: Blaziken
|-singleturn|p1a: Blaziken|Protect
|move|p2a: Thundurus|Volt Switch|p1a: Blaziken
|-activate|p1a: Blaziken|move: Protect
|
|-ability|p1a: Blaziken|Speed Boost|boost
|-boost|p1a: Blaziken|spe|1
|upkeep
|turn|11
|
|t:|1757866727
|switch|p1a: Dragapult|Dragapult, M, shiny|47/100
|move|p2a: Thundurus|Volt Switch|p1a: Dragapult
|-resisted|p1a: Dragapult
|-damage|p1a: Dragapult|13/100
|
|t:|1757866730
|switch|p2a: Rillaboom|Rillaboom, F|100/100|[from] Volt Switch
|-status|p2a: Rillaboom|psn
|-fieldstart|move: Grassy Terrain|[from] ability: Grassy Surge|[of] p2a: Rillaboom
|
|-heal|p1a: Dragapult|19/100|[from] Grassy Terrain
|-damage|p2a: Rillaboom|88/100 psn|[from] psn
|upkeep
|turn|12
|
|t:|1757866741
|switch|p1a: Blaziken|Blaziken, M, shiny|91/100
|move|p2a: Rillaboom|Grassy Glide|p1a: Blaziken
|-resisted|p1a: Blaziken
|-damage|p1a: Blaziken|45/100
|
|-heal|p1a: Blaziken|51/100|[from] Grassy Terrain
|-heal|p2a: Rillaboom|94/100 psn|[from] Grassy Terrain
|-damage|p2a: Rillaboom|82/100 psn|[from] psn
|upkeep
|turn|13
|
|t:|1757866753
|-terastallize|p2a: Rillaboom|Grass
|move|p2a: Rillaboom|Grassy Glide|p1a: Blaziken
|-resisted|p1a: Blaziken
|-damage|p1a: Blaziken|0 fnt
|faint|p1a: Blaziken
|
|-heal|p2a: Rillaboom|88/100 psn|[from] Grassy Terrain
|-damage|p2a: Rillaboom|76/100 psn|[from] psn
|upkeep
|
|t:|1757866764
|switch|p1a: Kingambit|Kingambit, M, shiny|64/100
|-activate|p1a: Kingambit|ability: Supreme Overlord
|-start|p1a: Kingambit|fallen3|[silent]
|turn|14
|
|t:|1757866780
|switch|p2a: Great Tusk|Great Tusk|100/100
|-status|p2a: Great Tusk|psn
|move|p1a: Kingambit|Iron Head|p2a: Great Tusk
|-damage|p2a: Great Tusk|70/100 psn
|-damage|p1a: Kingambit|47/100|[from] item: Rocky Helmet|[of] p2a: Great Tusk
|
|-heal|p2a: Great Tusk|76/100 psn|[from] Grassy Terrain
|-heal|p1a: Kingambit|53/100|[from] Grassy Terrain
|-heal|p1a: Kingambit|59/100|[from] item: Leftovers
|-damage|p2a: Great Tusk|64/100 psn|[from] psn
|upkeep
|turn|15
|
|t:|1757866790
|move|p2a: Great Tusk|Headlong Rush|p1a: Kingambit
|-supereffective|p1a: Kingambit
|-damage|p1a: Kingambit|0 fnt
|-unboost|p2a: Great Tusk|def|1
|-unboost|p2a: Great Tusk|spd|1
|faint|p1a: Kingambit
|-end|p1a: Kingambit|fallen3|[silent]
|
|-heal|p2a: Great Tusk|70/100 psn|[from] Grassy Terrain
|-damage|p2a: Great Tusk|58/100 psn|[from] psn
|-fieldend|move: Grassy Terrain
|upkeep
|
|t:|1757866800
|switch|p1a: Dragapult|Dragapult, M, shiny|19/100
|turn|16
|
|t:|1757866807
|move|p1a: Dragapult|Shadow Ball|p2a: Great Tusk
|-damage|p2a: Great Tusk|0 fnt
|faint|p2a: Great Tusk
|-end|p2a: Great Tusk|Protosynthesis|[silent]
|-damage|p1a: Dragapult|10/100|[from] item: Life Orb
|
|upkeep
|
|t:|1757866811
|switch|p2a: Thundurus|Thundurus-Therian, M|16/100
|turn|17
|
|t:|1757866817
|move|p2a: Thundurus|Volt Switch|p1a: Dragapult
|-resisted|p1a: Dragapult
|-damage|p1a: Dragapult|0 fnt
|faint|p1a: Dragapult
|
|t:|1757866820
|switch|p2a: Rillaboom|Rillaboom, F, tera:Grass|76/100 psn|[from] Volt Switch
|-fieldstart|move: Grassy Terrain|[from] ability: Grassy Surge|[of] p2a: Rillaboom
|
|-heal|p2a: Rillaboom|82/100 psn|[from] Grassy Terrain
|-damage|p2a: Rillaboom|69/100 psn|[from] psn
|upkeep
|
|t:|1757866824
|switch|p1a: Comfey|Comfey, M, shiny|100/100
|turn|18
|
|t:|1757866841
|move|p1a: Comfey|Draining Kiss|p2a: Rillaboom
|-damage|p2a: Rillaboom|40/100 psn
|-damage|p1a: Comfey|91/100|[from] item: Life Orb
|move|p2a: Rillaboom|Grassy Glide|p1a: Comfey
|-damage|p1a: Comfey|0 fnt
|faint|p1a: Comfey
|
|win|mansonabuluting
|raw|Lucid Coffee's rating: 1672 &rarr; <strong>1653</strong><br />(-19 for losing)
|raw|mansonabuluting's rating: 1687 &rarr; <strong>1706</strong><br />(+19 for winning)
|l|☆mansonabuluting
|player|p2|
|l|‽Lucid Coffee
|player|p1|
