|j|☆preppy dude
|j|☆Aimsss
|t:|1757900030
|gametype|singles
|player|p1|preppy dude|170|1267
|player|p2|Aimsss|policeman-gen4|1324
|gen|9
|tier|[Gen 9] OU
|rated|
|rule|HP Percentage Mod: HP is shown in percentages
|rule|Endless Battle Clause: Forcing endless battles is banned
|rule|Species Clause: Limit one of each Pokémon
|rule|OHKO Clause: OHKO moves are banned
|rule|Evasion Items Clause: Evasion items are banned
|rule|Evasion Moves Clause: Evasion moves are banned
|rule|Evasion Abilities Clause: Evasion abilities are banned
|rule|Sleep Moves Clause: Sleep-inducing moves are banned
|clearpoke
|poke|p1|Zapdos|
|poke|p1|Golem, M|
|poke|p1|Arbok, F|
|poke|p1|Rhydon, F|
|poke|p1|Magneton|
|poke|p1|Dodrio, M|
|poke|p2|Dragapult, M|
|poke|p2|Kingambit, M|
|poke|p2|Hawlucha, M|
|poke|p2|Glimmora, M|
|poke|p2|Chesnaught, F|
|poke|p2|Gallade, M|
|teampreview
|
|t:|1757900041
|teamsize|p1|6
|teamsize|p2|6
|start
|switch|p1a: Golem|Golem, M|100/100
|switch|p2a: Glimmora|Glimmora, M|100/100
|-item|p2a: Glimmora|Air Balloon
|turn|1
|
|t:|1757900050
|move|p2a: Glimmora|Stealth Rock|p1a: Golem
|-sidestart|p1: preppy dude|move: Stealth Rock
|move|p1a: Golem|Stealth Rock|p2a: Glimmora
|-sidestart|p2: Aimsss|move: Stealth Rock
|
|upkeep
|turn|2
|
|t:|1757900055
|move|p2a: Glimmora|Mortal Spin|p1a: Golem
|-resisted|p1a: Golem
|-damage|p1a: Golem|99/100
|-status|p1a: Golem|psn
|-sideend|p2: Aimsss|Stealth Rock|[from] move: Mortal Spin|[of] p2a: Glimmora
|move|p1a: Golem|Rock Blast|p2a: Glimmora
|-damage|p2a: Glimmora|86/100
|-activate|p2a: Glimmora|ability: Toxic Debris
|-sidestart|p1: preppy dude|move: Toxic Spikes
|-enditem|p2a: Glimmora|Air Balloon
|-damage|p2a: Glimmora|71/100
|-activate|p2a: Glimmora|ability: Toxic Debris
|-sidestart|p1: preppy dude|move: Toxic Spikes
|-damage|p2a: Glimmora|57/100
|-damage|p2a: Glimmora|41/100
|-hitcount|p2a: Glimmora|4
|
|-damage|p1a: Golem|87/100 psn|[from] psn
|upkeep
|turn|3
|
|t:|1757900091
|switch|p2a: Chesnaught|Chesnaught, F|100/100
|move|p1a: Golem|Rock Blast|p2a: Chesnaught
|-immune|p2a: Chesnaught|[from] ability: Bulletproof
|
|-damage|p1a: Golem|75/100 psn|[from] psn
|upkeep
|turn|4
|
|t:|1757900099
|move|p1a: Golem|Stealth Rock|p2a: Chesnaught
|-sidestart|p2: Aimsss|move: Stealth Rock
|move|p2a: Chesnaught|Knock Off|p1a: Golem
|-damage|p1a: Golem|52/100 psn
|-enditem|p1a: Golem|Custap Berry|[from] move: Knock Off|[of] p2a: Chesnaught
|
|-damage|p1a: Golem|40/100 psn|[from] psn
|upkeep
|turn|5
|
|t:|1757900109
|move|p1a: Golem|Explosion|p2a: Chesnaught
|-damage|p2a: Chesnaught|41/100
|-enditem|p2a: Chesnaught|Sitrus Berry|[eat]
|-heal|p2a: Chesnaught|66/100|[from] item: Sitrus Berry
|faint|p1a: Golem
|move|p2a: Chesnaught|Drain Punch|p1: Golem|[notarget]
|-fail|p2a: Chesnaught
|
|upkeep
|
|t:|1757900119
|switch|p1a: Arbok|Arbok, F|100/100
|-damage|p1a: Arbok|88/100|[from] Stealth Rock
|-sideend|p1: preppy dude|move: Toxic Spikes|[of] p1a: Arbok
|-ability|p1a: Arbok|Intimidate|boost
|-unboost|p2a: Chesnaught|atk|1
|turn|6
|
|t:|1757900125
|move|p1a: Arbok|Switcheroo|p2a: Chesnaught
|-activate|p1a: Arbok|move: Trick|[of] p2a: Chesnaught
|-item|p2a: Chesnaught|Choice Scarf|[from] move: Switcheroo
|-enditem|p1a: Arbok|Choice Scarf|[silent]|[from] move: Switcheroo
|move|p2a: Chesnaught|Leech Seed|p1a: Arbok
|-start|p1a: Arbok|move: Leech Seed
|
|-damage|p1a: Arbok|76/100|[from] Leech Seed|[of] p2a: Chesnaught
|-heal|p2a: Chesnaught|77/100|[silent]
|upkeep
|turn|7
|
|t:|1757900134
|switch|p2a: Glimmora|Glimmora, M|41/100
|-damage|p2a: Glimmora|28/100|[from] Stealth Rock
|move|p1a: Arbok|Poison Fang|p2a: Glimmora
|-resisted|p2a: Glimmora
|-damage|p2a: Glimmora|24/100
|-activate|p2a: Glimmora|ability: Toxic Debris
|-sidestart|p1: preppy dude|move: Toxic Spikes
|
|-damage|p1a: Arbok|63/100|[from] Leech Seed|[of] p2a: Glimmora
|-heal|p2a: Glimmora|36/100|[silent]
|upkeep
|turn|8
|
|t:|1757900150
|move|p1a: Arbok|Protect|p1a: Arbok
|-singleturn|p1a: Arbok|Protect
|move|p2a: Glimmora|Mortal Spin|p1a: Arbok
|-activate|p1a: Arbok|move: Protect
|
|-damage|p1a: Arbok|51/100|[from] Leech Seed|[of] p2a: Glimmora
|-heal|p2a: Glimmora|47/100|[silent]
|upkeep
|turn|9
|
|t:|1757900159
|switch|p1a: Magneton|Magneton|100/100
|-damage|p1a: Magneton|94/100|[from] Stealth Rock
|switch|p2a: Gallade|Gallade, M, shiny|100/100
|-damage|p2a: Gallade|94/100|[from] Stealth Rock
|
|upkeep
|turn|10
|
|t:|1757900170
|move|p1a: Magneton|Steel Beam|p2a: Gallade
|-damage|p2a: Gallade|25/100
|-damage|p1a: Magneton|44/100|[from] steelbeam
|-enditem|p2a: Gallade|Sitrus Berry|[eat]
|-heal|p2a: Gallade|50/100|[from] item: Sitrus Berry
|move|p2a: Gallade|Psycho Cut|p1a: Magneton
|-resisted|p1a: Magneton
|-damage|p1a: Magneton|0 fnt
|faint|p1a: Magneton
|
|upkeep
|
|t:|1757900180
|switch|p1a: Dodrio|Dodrio, M|100/100
|-damage|p1a: Dodrio|76/100|[from] Stealth Rock
|turn|11
|
|t:|1757900185
|move|p1a: Dodrio|Brave Bird|p2a: Gallade
|-supereffective|p2a: Gallade
|-damage|p2a: Gallade|0 fnt
|faint|p2a: Gallade
|-damage|p1a: Dodrio|58/100|[from] Recoil
|
|upkeep
|
|t:|1757900192
|switch|p2a: Dragapult|Dragapult, M|100/100
|turn|12
|
|t:|1757900198
|switch|p1a: Arbok|Arbok, F|51/100
|-damage|p1a: Arbok|39/100|[from] Stealth Rock
|-sideend|p1: preppy dude|move: Toxic Spikes|[of] p1a: Arbok
|-ability|p1a: Arbok|Intimidate|boost
|-unboost|p2a: Dragapult|atk|1
|move|p2a: Dragapult|Will-O-Wisp|p1a: Arbok
|-status|p1a: Arbok|brn
|
|-damage|p1a: Arbok|33/100 brn|[from] brn
|upkeep
|turn|13
|
|t:|1757900214
|move|p2a: Dragapult|Hex|p1a: Arbok
|-damage|p1a: Arbok|0 fnt
|faint|p1a: Arbok
|
|upkeep
|
|t:|1757900219
|switch|p1a: Dodrio|Dodrio, M|58/100
|-damage|p1a: Dodrio|33/100|[from] Stealth Rock
|turn|14
|
|t:|1757900225
|switch|p2a: Glimmora|Glimmora, M|47/100
|-damage|p2a: Glimmora|35/100|[from] Stealth Rock
|move|p1a: Dodrio|Brave Bird|p2a: Glimmora
|-resisted|p2a: Glimmora
|-damage|p2a: Glimmora|0 fnt
|-activate|p2a: Glimmora|ability: Toxic Debris
|-sidestart|p1: preppy dude|move: Toxic Spikes
|faint|p2a: Glimmora
|-damage|p1a: Dodrio|19/100|[from] Recoil
|
|upkeep
|
|t:|1757900241
|switch|p2a: Chesnaught|Chesnaught, F|77/100
|-damage|p2a: Chesnaught|70/100|[from] Stealth Rock
|turn|15
|
|t:|1757900246
|move|p1a: Dodrio|Brave Bird|p2a: Chesnaught
|-supereffective|p2a: Chesnaught
|-damage|p2a: Chesnaught|0 fnt
|faint|p2a: Chesnaught
|-damage|p1a: Dodrio|0 fnt|[from] Recoil
|faint|p1a: Dodrio
|
|upkeep
|
|t:|1757900255
|switch|p1a: Rhydon|Rhydon, F|100/100
|switch|p2a: Dragapult|Dragapult, M|100/100
|-damage|p1a: Rhydon|94/100|[from] Stealth Rock
|-status|p1a: Rhydon|psn
|turn|16
|
|t:|1757900262
|move|p2a: Dragapult|Hex|p1a: Rhydon
|-damage|p1a: Rhydon|40/100 psn
|move|p1a: Rhydon|Avalanche|p2a: Dragapult
|-supereffective|p2a: Dragapult
|-damage|p2a: Dragapult|0 fnt
|faint|p2a: Dragapult
|
|-damage|p1a: Rhydon|28/100 psn|[from] psn
|upkeep
|
|t:|1757900272
|switch|p2a: Hawlucha|Hawlucha, M|100/100
|-damage|p2a: Hawlucha|88/100|[from] Stealth Rock
|turn|17
|
|t:|1757900280
|-terastallize|p2a: Hawlucha|Steel
|-terastallize|p1a: Rhydon|Ghost
|move|p2a: Hawlucha|Swords Dance|p2a: Hawlucha
|-boost|p2a: Hawlucha|atk|2
|move|p1a: Rhydon|Avalanche|p2a: Hawlucha
|-resisted|p2a: Hawlucha
|-damage|p2a: Hawlucha|72/100
|-enditem|p2a: Hawlucha|Red Card|[of] p1a: Rhydon
|drag|p1a: Zapdos|Zapdos|100/100
|-damage|p1a: Zapdos|75/100|[from] Stealth Rock
|
|-heal|p1a: Zapdos|82/100|[from] item: Leftovers
|upkeep
|turn|18
|
|t:|1757900295
|move|p1a: Zapdos|Protect|p1a: Zapdos
|-singleturn|p1a: Zapdos|Protect
|move|p2a: Hawlucha|Acrobatics|p1a: Zapdos
|-activate|p1a: Zapdos|move: Protect
|
|-heal|p1a: Zapdos|88/100|[from] item: Leftovers
|upkeep
|turn|19
|
|t:|1757900303
|move|p2a: Hawlucha|Acrobatics|p1a: Zapdos
|-resisted|p1a: Zapdos
|-damage|p1a: Zapdos|43/100
|-status|p2a: Hawlucha|par|[from] ability: Static|[of] p1a: Zapdos
|move|p1a: Zapdos|Discharge|p2a: Hawlucha
|-damage|p2a: Hawlucha|22/100 par
|
|-heal|p1a: Zapdos|49/100|[from] item: Leftovers
|upkeep
|turn|20
|
|t:|1757900313
|move|p1a: Zapdos|Protect|p1a: Zapdos
|-singleturn|p1a: Zapdos|Protect
|move|p2a: Hawlucha|Taunt|p1a: Zapdos
|-activate|p1a: Zapdos|move: Protect
|
|-heal|p1a: Zapdos|55/100|[from] item: Leftovers
|upkeep
|turn|21
|
|t:|1757900324
|cant|p2a: Hawlucha|par
|move|p1a: Zapdos|Discharge|p2a: Hawlucha
|-damage|p2a: Hawlucha|0 fnt
|faint|p2a: Hawlucha
|
|-heal|p1a: Zapdos|61/100|[from] item: Leftovers
|upkeep
|
|t:|1757900335
|switch|p2a: Kingambit|Kingambit, M|100/100
|-damage|p2a: Kingambit|94/100|[from] Stealth Rock
|turn|22
|
|t:|1757900348
|move|p1a: Zapdos|Discharge|p2a: Kingambit
|-damage|p2a: Kingambit|62/100
|move|p2a: Kingambit|Swords Dance|p2a: Kingambit
|-boost|p2a: Kingambit|atk|2
|
|-heal|p1a: Zapdos|68/100|[from] item: Leftovers
|upkeep
|turn|23
|
|t:|1757900357
|move|p1a: Zapdos|Protect|p1a: Zapdos
|-singleturn|p1a: Zapdos|Protect
|move|p2a: Kingambit|Swords Dance|p2a: Kingambit
|-boost|p2a: Kingambit|atk|2
|
|-heal|p1a: Zapdos|74/100|[from] item: Leftovers
|upkeep
|turn|24
|
|t:|1757900365
|move|p1a: Zapdos|Discharge|p2a: Kingambit
|-damage|p2a: Kingambit|30/100
|move|p2a: Kingambit|Substitute|p2a: Kingambit
|-start|p2a: Kingambit|Substitute
|-damage|p2a: Kingambit|5/100
|
|-heal|p1a: Zapdos|80/100|[from] item: Leftovers
|upkeep
|turn|25
|
|t:|1757900373
|move|p2a: Kingambit|Sucker Punch|p1a: Zapdos
|-damage|p1a: Zapdos|0 fnt
|faint|p1a: Zapdos
|
|upkeep
|
|t:|1757900379
|switch|p1a: Rhydon|Rhydon, F, tera:Ghost|28/100 psn
|-damage|p1a: Rhydon|15/100 psn|[from] Stealth Rock
|turn|26
|
|t:|1757900385
|move|p2a: Kingambit|Iron Head|p1a: Rhydon
|-damage|p1a: Rhydon|0 fnt
|faint|p1a: Rhydon
|
|win|Aimsss
|raw|preppy dude's rating: 1267 &rarr; <strong>1246</strong><br />(-21 for losing)
|raw|Aimsss's rating: 1324 &rarr; <strong>1341</strong><br />(+17 for winning)
|l|☆preppy dude
|player|p1|
|l|☆Aimsss
|player|p2|
