|j|☆spaghettibadass
|j|☆jpkeeks
|t:|1757837169
|gametype|singles
|player|p1|spaghettibadass|maid|1501
|player|p2|jpkeeks|2|1512
|gen|9
|tier|[Gen 9] OU
|rated|
|rule|HP Percentage Mod: HP is shown in percentages
|rule|Endless Battle Clause: Forcing endless battles is banned
|rule|Species Clause: Limit one of each Pokémon
|rule|OHKO Clause: OHKO moves are banned
|rule|Evasion Items Clause: Evasion items are banned
|rule|Evasion Moves Clause: Evasion moves are banned
|rule|Evasion Abilities Clause: Evasion abilities are banned
|rule|Sleep Moves Clause: Sleep-inducing moves are banned
|clearpoke
|poke|p1|Cresselia, F|
|poke|p1|Hatterene, F|
|poke|p1|Iron Hands|
|poke|p1|Ursaluna, F|
|poke|p1|Torkoal, M|
|poke|p1|Scream Tail|
|poke|p2|Meowscarada, M|
|poke|p2|Cinderace, M|
|poke|p2|Great Tusk|
|poke|p2|Ting-Lu|
|poke|p2|Latios, M|
|poke|p2|Pecharunt|
|teampreview
|
|t:|1757837175
|teamsize|p1|6
|teamsize|p2|6
|start
|switch|p1a: Hatterene|Hatterene, F|100/100
|switch|p2a: Cinderace|Cinderace, M|100/100
|turn|1
|
|t:|1757837180
|move|p2a: Cinderace|Gunk Shot|p1a: Hatterene
|-start|p2a: Cinderace|typechange|Poison|[from] ability: Libero
|-supereffective|p1a: Hatterene
|-enditem|p1a: Hatterene|Focus Sash
|-damage|p1a: Hatterene|1/100
|-status|p1a: Hatterene|psn
|move|p1a: Hatterene|Trick Room|p1a: Hatterene
|-fieldstart|move: Trick Room|[of] p1a: Hatterene
|
|-damage|p1a: Hatterene|0 fnt|[from] psn
|faint|p1a: Hatterene
|upkeep
|
|t:|1757837195
|switch|p1a: Torkoal|Torkoal, M|100/100
|-weather|SunnyDay|[from] ability: Drought|[of] p1a: Torkoal
|turn|2
|
|t:|1757837199
|switch|p2a: Ting-Lu|Ting-Lu|100/100
|-ability|p2a: Ting-Lu|Vessel of Ruin
|-terastallize|p1a: Torkoal|Fire
|move|p1a: Torkoal|Eruption|p2a: Ting-Lu
|-damage|p2a: Ting-Lu|17/100
|
|-weather|SunnyDay|[upkeep]
|-heal|p2a: Ting-Lu|23/100|[from] item: Leftovers
|upkeep
|turn|3
|
|t:|1757837209
|move|p1a: Torkoal|Eruption|p2a: Ting-Lu
|-damage|p2a: Ting-Lu|0 fnt
|faint|p2a: Ting-Lu
|
|-weather|SunnyDay|[upkeep]
|upkeep
|
|t:|1757837217
|switch|p2a: Latios|Latios, M|100/100
|turn|4
|
|t:|1757837220
|move|p1a: Torkoal|Eruption|p2a: Latios
|-resisted|p2a: Latios
|-damage|p2a: Latios|4/100
|move|p2a: Latios|Luster Purge|p1a: Torkoal
|-damage|p1a: Torkoal|7/100
|
|-weather|SunnyDay|[upkeep]
|upkeep
|turn|5
|
|t:|1757837244
|move|p1a: Torkoal|Eruption|p2a: Latios
|-resisted|p2a: Latios
|-damage|p2a: Latios|0 fnt
|faint|p2a: Latios
|
|-weather|SunnyDay|[upkeep]
|-fieldend|move: Trick Room
|upkeep
|
|t:|1757837256
|switch|p2a: Cinderace|Cinderace, M|100/100
|turn|6
|inactive|Battle timer is ON: inactive players will automatically lose when time's up. (requested by jpkeeks)
|
|t:|1757837278
|switch|p1a: Ursaluna|Ursaluna, F|100/100
|move|p2a: Cinderace|Pyro Ball|p1a: Ursaluna
|-damage|p1a: Ursaluna|12/100
|
|-weather|none
|-status|p1a: Ursaluna|brn|[from] item: Flame Orb
|upkeep
|turn|7
|
|t:|1757837285
|move|p2a: Cinderace|Pyro Ball|p1a: Ursaluna
|-damage|p1a: Ursaluna|0 fnt
|faint|p1a: Ursaluna
|
|upkeep
|
|t:|1757837290
|switch|p1a: Cresselia|Cresselia, F|100/100
|turn|8
|
|t:|1757837293
|move|p2a: Cinderace|Pyro Ball|p1a: Cresselia
|-damage|p1a: Cresselia|47/100
|move|p1a: Cresselia|Trick Room|p1a: Cresselia
|-fieldstart|move: Trick Room|[of] p1a: Cresselia
|
|upkeep
|turn|9
|
|t:|1757837306
|move|p1a: Cresselia|Lunar Dance|p1a: Cresselia
|faint|p1a: Cresselia
|move|p2a: Cinderace|Pyro Ball|p1: Cresselia|[notarget]
|-fail|p2a: Cinderace
|
|upkeep
|
|t:|1757837310
|switch|p1a: Torkoal|Torkoal, M, tera:Fire|7/100
|-heal|p1a: Torkoal|100/100|[from] move: Lunar Dance
|-weather|SunnyDay|[from] ability: Drought|[of] p1a: Torkoal
|turn|10
|
|t:|1757837317
|move|p1a: Torkoal|Eruption|p2a: Cinderace
|-resisted|p2a: Cinderace
|-damage|p2a: Cinderace|0 fnt
|faint|p2a: Cinderace
|
|-weather|SunnyDay|[upkeep]
|upkeep
|
|t:|1757837320
|switch|p2a: Pecharunt|Pecharunt|100/100
|-item|p2a: Pecharunt|Air Balloon
|turn|11
|
|t:|1757837325
|move|p1a: Torkoal|Eruption|p2a: Pecharunt
|-crit|p2a: Pecharunt
|-damage|p2a: Pecharunt|0 fnt
|-enditem|p2a: Pecharunt|Air Balloon
|faint|p2a: Pecharunt
|
|-weather|SunnyDay|[upkeep]
|upkeep
|
|t:|1757837330
|switch|p2a: Meowscarada|Meowscarada, M|100/100
|turn|12
|
|t:|1757837333
|move|p1a: Torkoal|Eruption|p2a: Meowscarada
|-supereffective|p2a: Meowscarada
|-damage|p2a: Meowscarada|0 fnt
|faint|p2a: Meowscarada
|
|-weather|SunnyDay|[upkeep]
|-fieldend|move: Trick Room
|upkeep
|
|t:|1757837333
|switch|p2a: Great Tusk|Great Tusk|100/100
|-activate|p2a: Great Tusk|ability: Protosynthesis
|-start|p2a: Great Tusk|protosynthesisatk
|turn|13
|
|t:|1757837344
|switch|p1a: Iron Hands|Iron Hands|100/100
|-enditem|p1a: Iron Hands|Booster Energy
|-activate|p1a: Iron Hands|ability: Quark Drive|[fromitem]
|-start|p1a: Iron Hands|quarkdriveatk
|move|p2a: Great Tusk|Headlong Rush|p1a: Iron Hands
|-supereffective|p1a: Iron Hands
|-damage|p1a: Iron Hands|0 fnt
|-unboost|p2a: Great Tusk|def|1
|-unboost|p2a: Great Tusk|spd|1
|faint|p1a: Iron Hands
|-end|p1a: Iron Hands|Quark Drive|[silent]
|
|-weather|SunnyDay|[upkeep]
|upkeep
|
|t:|1757837355
|switch|p1a: Scream Tail|Scream Tail|100/100
|-activate|p1a: Scream Tail|ability: Protosynthesis
|-start|p1a: Scream Tail|protosynthesisspd
|turn|14
|
|t:|1757837362
|-terastallize|p2a: Great Tusk|Fairy
|move|p2a: Great Tusk|Headlong Rush|p1a: Scream Tail
|-damage|p1a: Scream Tail|39/100
|-unboost|p2a: Great Tusk|def|1
|-unboost|p2a: Great Tusk|spd|1
|move|p1a: Scream Tail|Trick Room|p1a: Scream Tail
|-fieldstart|move: Trick Room|[of] p1a: Scream Tail
|
|-weather|none
|-end|p1a: Scream Tail|Protosynthesis
|-end|p2a: Great Tusk|Protosynthesis
|upkeep
|turn|15
|-message|jpkeeks forfeited.
|
|win|spaghettibadass
|raw|spaghettibadass's rating: 1501 &rarr; <strong>1522</strong><br />(+21 for winning)
|raw|jpkeeks's rating: 1512 &rarr; <strong>1491</strong><br />(-21 for losing)
|l|☆spaghettibadass
|player|p1|
