|j|‽flobpa
|j|☆3idk
|t:|1757955051
|gametype|singles
|player|p1|flobpa|unknown|1649
|player|p2|3idk|lusamine-masters|1605
|gen|9
|tier|[Gen 9] OU
|rated|
|rule|HP Percentage Mod: HP is shown in percentages
|rule|Endless Battle Clause: Forcing endless battles is banned
|rule|Species Clause: Limit one of each Pokémon
|rule|OHKO Clause: OHKO moves are banned
|rule|Evasion Items Clause: Evasion items are banned
|rule|Evasion Moves Clause: Evasion moves are banned
|rule|Evasion Abilities Clause: Evasion abilities are banned
|rule|Sleep Moves Clause: Sleep-inducing moves are banned
|clearpoke
|poke|p1|Ninetales-Alola, M|
|poke|p1|Sinistcha|
|poke|p1|Samurott-Hisui, M|
|poke|p1|Iron Valiant|
|poke|p1|Kingambit, F|
|poke|p1|Dragonite, F|
|poke|p2|Indeedee, M|
|poke|p2|Hatterene, F|
|poke|p2|Ursaluna, F|
|poke|p2|Iron Hands|
|poke|p2|Hoopa-Unbound|
|poke|p2|Mimikyu, F|
|teampreview
|inactive|Battle timer is ON: inactive players will automatically lose when time's up. (requested by flobpa)
|inactive|3idk also wants the timer to be on.
|
|t:|1757955067
|teamsize|p1|6
|teamsize|p2|6
|start
|switch|p1a: Ninetales|Ninetales-Alola, M|100/100
|switch|p2a: LEBRON|Iron Hands, shiny|100/100
|-weather|Snowscape|[from] ability: Snow Warning|[of] p1a: Ninetales
|-enditem|p2a: LEBRON|Booster Energy
|-activate|p2a: LEBRON|ability: Quark Drive|[fromitem]
|-start|p2a: LEBRON|quarkdriveatk
|turn|1
|
|t:|1757955078
|move|p1a: Ninetales|Aurora Veil|p1a: Ninetales
|-sidestart|p1: flobpa|move: Aurora Veil
|move|p2a: LEBRON|Heavy Slam|p1a: Ninetales
|-supereffective|p1a: Ninetales
|-damage|p1a: Ninetales|0 fnt
|faint|p1a: Ninetales
|
|-weather|Snowscape|[upkeep]
|upkeep
|
|t:|1757955092
|switch|p1a: Sinistcha|Sinistcha, shiny|100/100
|turn|2
|
|t:|1757955098
|-end|p2a: LEBRON|Quark Drive|[silent]
|switch|p2a: Subaru|Indeedee, M, shiny|100/100
|-fieldstart|move: Psychic Terrain|[from] ability: Psychic Surge|[of] p2a: Subaru
|move|p1a: Sinistcha|Calm Mind|p1a: Sinistcha
|-boost|p1a: Sinistcha|spa|1
|-boost|p1a: Sinistcha|spd|1
|
|-weather|Snowscape|[upkeep]
|upkeep
|turn|3
|
|t:|1757955108
|move|p2a: Subaru|Encore|p1a: Sinistcha
|-start|p1a: Sinistcha|Encore
|move|p1a: Sinistcha|Calm Mind|p1a: Sinistcha
|-boost|p1a: Sinistcha|spa|1
|-boost|p1a: Sinistcha|spd|1
|
|-weather|Snowscape|[upkeep]
|upkeep
|turn|4
|
|t:|1757955113
|switch|p1a: Samurott|Samurott-Hisui, M|100/100
|move|p2a: Subaru|Expanding Force|p1a: Samurott
|-immune|p1a: Samurott
|
|-weather|Snowscape|[upkeep]
|upkeep
|turn|5
|
|t:|1757955118
|switch|p2a: LEBRON|Iron Hands, shiny|100/100
|move|p1a: Samurott|Ceaseless Edge|p2a: LEBRON
|-resisted|p2a: LEBRON
|-damage|p2a: LEBRON|84/100
|-sidestart|p2: 3idk|Spikes
|
|-weather|none
|upkeep
|turn|6
|
|t:|1757955130
|move|p1a: Samurott|Ceaseless Edge|p2a: LEBRON
|-resisted|p2a: LEBRON
|-damage|p2a: LEBRON|68/100
|-sidestart|p2: 3idk|Spikes
|move|p2a: LEBRON|Ice Punch|p1a: Samurott
|-resisted|p1a: Samurott
|-damage|p1a: Samurott|91/100
|
|upkeep
|turn|7
|
|t:|1757955134
|switch|p1a: Sinistcha|Sinistcha, shiny|100/100
|move|p2a: LEBRON|Close Combat|p1a: Sinistcha
|-immune|p1a: Sinistcha
|
|upkeep
|turn|8
|
|t:|1757955140
|move|p1a: Sinistcha|Matcha Gotcha|p2a: LEBRON
|-damage|p2a: LEBRON|44/100
|move|p2a: LEBRON|Ice Punch|p1a: Sinistcha
|-supereffective|p1a: Sinistcha
|-damage|p1a: Sinistcha|79/100
|
|-heal|p1a: Sinistcha|85/100|[from] item: Leftovers
|-sideend|p1: flobpa|move: Aurora Veil
|upkeep
|turn|9
|
|t:|1757955148
|move|p1a: Sinistcha|Matcha Gotcha|p2a: LEBRON
|-damage|p2a: LEBRON|18/100
|-heal|p1a: Sinistcha|100/100|[from] drain|[of] p2a: LEBRON
|-status|p2a: LEBRON|brn
|move|p2a: LEBRON|Ice Punch|p1a: Sinistcha
|-supereffective|p1a: Sinistcha
|-damage|p1a: Sinistcha|81/100
|-status|p1a: Sinistcha|frz
|
|-heal|p1a: Sinistcha|87/100 frz|[from] item: Leftovers
|-damage|p2a: LEBRON|11/100 brn|[from] brn
|-fieldend|move: Psychic Terrain
|upkeep
|turn|10
|inactive|3idk has 120 seconds left.
|
|t:|1757955186
|-end|p2a: LEBRON|Quark Drive|[silent]
|switch|p2a: Subaru|Indeedee, M, shiny|100/100
|-damage|p2a: Subaru|84/100|[from] Spikes
|-fieldstart|move: Psychic Terrain|[from] ability: Psychic Surge|[of] p2a: Subaru
|-curestatus|p1a: Sinistcha|frz|[from] move: Matcha Gotcha
|move|p1a: Sinistcha|Matcha Gotcha|p2a: Subaru
|-damage|p2a: Subaru|48/100
|-heal|p1a: Sinistcha|100/100|[from] drain|[of] p2a: Subaru
|
|upkeep
|turn|11
|
|t:|1757955208
|move|p1a: Sinistcha|Matcha Gotcha|p2a: Subaru
|-damage|p2a: Subaru|12/100
|-status|p2a: Subaru|brn
|move|p2a: Subaru|Trick Room|p2a: Subaru
|-fieldstart|move: Trick Room|[of] p2a: Subaru
|
|-damage|p2a: Subaru|6/100 brn|[from] brn
|upkeep
|turn|12
|
|t:|1757955228
|switch|p1a: Kingambit|Kingambit, F|100/100
|-activate|p1a: Kingambit|ability: Supreme Overlord
|-start|p1a: Kingambit|fallen1|[silent]
|move|p2a: Subaru|Expanding Force|p1a: Kingambit
|-immune|p1a: Kingambit
|
|-damage|p2a: Subaru|0 fnt|[from] brn
|faint|p2a: Subaru
|upkeep
|inactive|3idk has 120 seconds left.
|
|t:|1757955243
|switch|p2a: Satella|Hatterene, F, shiny|100/100
|-damage|p2a: Satella|84/100|[from] Spikes
|turn|13
|
|t:|1757955259
|-terastallize|p2a: Satella|Stellar
|move|p2a: Satella|Mystical Fire|p1a: Kingambit
|-supereffective|p1a: Kingambit
|-damage|p1a: Kingambit|0 fnt
|faint|p1a: Kingambit
|-end|p1a: Kingambit|fallen1|[silent]
|-damage|p2a: Satella|74/100|[from] item: Life Orb
|
|upkeep
|inactive|flobpa has 120 seconds left.
|
|t:|1757955278
|switch|p1a: Sinistcha|Sinistcha, shiny|100/100
|turn|14
|
|t:|1757955282
|move|p2a: Satella|Expanding Force|p1a: Sinistcha
|-damage|p1a: Sinistcha|0 fnt
|faint|p1a: Sinistcha
|-damage|p2a: Satella|65/100|[from] item: Life Orb
|
|upkeep
|inactive|flobpa has 120 seconds left.
|inactive|flobpa has 90 seconds left.
|
|t:|1757955329
|switch|p1a: Samurott|Samurott-Hisui, M|91/100
|turn|15
|
|t:|1757955331
|-terastallize|p1a: Samurott|Water
|move|p2a: Satella|Draining Kiss|p1a: Samurott
|-damage|p1a: Samurott|0 fnt
|-heal|p2a: Satella|100/100|[from] drain|[of] p1a: Samurott
|faint|p1a: Samurott
|-damage|p2a: Satella|91/100|[from] item: Life Orb
|
|-fieldend|move: Trick Room
|upkeep
|inactive|flobpa has 90 seconds left.
|
|t:|1757955346
|switch|p1a: Dragonite|Dragonite, F|100/100
|turn|16
|
|t:|1757955350
|move|p1a: Dragonite|Earthquake|p2a: Satella
|-damage|p2a: Satella|43/100
|move|p2a: Satella|Trick Room|p2a: Satella
|-fieldstart|move: Trick Room|[of] p2a: Satella
|
|upkeep
|turn|17
|
|t:|1757955354
|move|p2a: Satella|Draining Kiss|p1a: Dragonite
|-supereffective|p1a: Dragonite
|-damage|p1a: Dragonite|57/100
|-heal|p2a: Satella|81/100|[from] drain|[of] p1a: Dragonite
|-damage|p2a: Satella|71/100|[from] item: Life Orb
|move|p1a: Dragonite|Earthquake|p2a: Satella
|-damage|p2a: Satella|26/100
|
|-fieldend|move: Psychic Terrain
|upkeep
|turn|18
|
|t:|1757955359
|move|p2a: Satella|Draining Kiss|p1a: Dragonite
|-supereffective|p1a: Dragonite
|-damage|p1a: Dragonite|0 fnt
|-heal|p2a: Satella|74/100|[from] drain|[of] p1a: Dragonite
|faint|p1a: Dragonite
|-damage|p2a: Satella|65/100|[from] item: Life Orb
|
|upkeep
|
|t:|1757955362
|switch|p1a: Iron Valiant|Iron Valiant|100/100
|-enditem|p1a: Iron Valiant|Booster Energy
|-activate|p1a: Iron Valiant|ability: Quark Drive|[fromitem]
|-start|p1a: Iron Valiant|quarkdrivespe
|turn|19
|
|t:|1757955366
|move|p2a: Satella|Expanding Force|p1a: Iron Valiant
|-supereffective|p1a: Iron Valiant
|-damage|p1a: Iron Valiant|0 fnt
|faint|p1a: Iron Valiant
|-end|p1a: Iron Valiant|Quark Drive|[silent]
|-damage|p2a: Satella|55/100|[from] item: Life Orb
|
|win|3idk
|raw|flobpa's rating: 1649 &rarr; <strong>1626</strong><br />(-23 for losing)
|raw|3idk's rating: 1605 &rarr; <strong>1628</strong><br />(+23 for winning)
|l|‽flobpa
|player|p1|
|l|☆3idk
|player|p2|
|j| CaptainFreeze1
|l| CaptainFreeze1
|j| Acu1ty
|l| Acu1ty
|j| brilliance12345678
|l| brilliance12345678
|j| cryyysneasel
|l| cryyysneasel
