|j|☆LetsgoBrandonJ
|j|☆Gil_Kenobi
|t:|1757814130
|gametype|singles
|player|p1|LetsgoBrandonJ|265|1408
|player|p2|Gil_Kenobi|n|1400
|gen|9
|tier|[Gen 9] OU
|rated|
|rule|HP Percentage Mod: HP is shown in percentages
|rule|Endless Battle Clause: Forcing endless battles is banned
|rule|Species Clause: Limit one of each Pokémon
|rule|OHKO Clause: OHKO moves are banned
|rule|Evasion Items Clause: Evasion items are banned
|rule|Evasion Moves Clause: Evasion moves are banned
|rule|Evasion Abilities Clause: Evasion abilities are banned
|rule|Sleep Moves Clause: Sleep-inducing moves are banned
|clearpoke
|poke|p1|Tyranitar, M|
|poke|p1|Excadrill, F|
|poke|p1|Keldeo-Resolute|
|poke|p1|Tornadus-Therian, M|
|poke|p1|Heatran, F|
|poke|p1|Hydrapple, M|
|poke|p2|Galvantula, F|
|poke|p2|Samurott-Hisui, F|
|poke|p2|Kyurem|
|poke|p2|Mismagius, F|
|poke|p2|Cinderace, M|
|poke|p2|Thundurus, M|
|teampreview
|inactive|Battle timer is ON: inactive players will automatically lose when time's up. (requested by LetsgoBrandonJ)
|inactive|LetsgoBrandonJ has 120 seconds left.
|
|t:|1757814162
|teamsize|p1|6
|teamsize|p2|6
|start
|switch|p1a: Tyranitar|Tyranitar, M|100/100
|switch|p2a: Samurott|Samurott-Hisui, F|100/100
|-weather|Sandstorm|[from] ability: Sand Stream|[of] p1a: Tyranitar
|turn|1
|
|t:|1757814179
|move|p2a: Samurott|Ceaseless Edge|p1a: Tyranitar|[miss]
|-miss|p2a: Samurott|p1a: Tyranitar
|move|p1a: Tyranitar|Low Kick|p2a: Samurott
|-supereffective|p2a: Samurott
|-damage|p2a: Samurott|0 fnt
|faint|p2a: Samurott
|
|-weather|Sandstorm|[upkeep]
|upkeep
|
|t:|1757814191
|switch|p2a: Thundurus|Thundurus, M|100/100
|turn|2
|
|t:|1757814197
|switch|p1a: Heatran|Heatran, F|100/100
|move|p2a: Thundurus|Grass Knot|p1a: Heatran
|-resisted|p1a: Heatran
|-damage|p1a: Heatran|94/100
|
|-weather|Sandstorm|[upkeep]
|-damage|p2a: Thundurus|94/100|[from] Sandstorm
|-heal|p2a: Thundurus|100/100|[from] item: Leftovers
|-heal|p1a: Heatran|100/100|[from] item: Leftovers
|upkeep
|turn|3
|
|t:|1757814208
|move|p2a: Thundurus|Taunt|p1a: Heatran
|-start|p1a: Heatran|move: Taunt
|move|p1a: Heatran|Magma Storm|p2a: Thundurus
|-damage|p2a: Thundurus|41/100
|-activate|p2a: Thundurus|move: Magma Storm|[of] p1a: Heatran
|
|-weather|Sandstorm|[upkeep]
|-damage|p2a: Thundurus|35/100|[from] Sandstorm
|-heal|p2a: Thundurus|41/100|[from] item: Leftovers
|-damage|p2a: Thundurus|29/100|[from] move: Magma Storm|[partiallytrapped]
|upkeep
|turn|4
|
|t:|1757814221
|move|p2a: Thundurus|Discharge|p1a: Heatran
|-damage|p1a: Heatran|75/100
|move|p1a: Heatran|Magma Storm|p2a: Thundurus|[miss]
|-miss|p1a: Heatran|p2a: Thundurus
|
|-weather|Sandstorm|[upkeep]
|-damage|p2a: Thundurus|23/100|[from] Sandstorm
|-heal|p2a: Thundurus|29/100|[from] item: Leftovers
|-heal|p1a: Heatran|81/100|[from] item: Leftovers
|-damage|p2a: Thundurus|17/100|[from] move: Magma Storm|[partiallytrapped]
|upkeep
|turn|5
|
|t:|1757814233
|move|p2a: Thundurus|Discharge|p1a: Heatran
|-damage|p1a: Heatran|57/100
|move|p1a: Heatran|Magma Storm|p2a: Thundurus
|-damage|p2a: Thundurus|0 fnt
|faint|p2a: Thundurus
|
|-weather|none
|-heal|p1a: Heatran|63/100|[from] item: Leftovers
|-end|p1a: Heatran|move: Taunt
|upkeep
|
|t:|1757814241
|switch|p2a: Cinderace|Cinderace, M|100/100
|turn|6
|
|t:|1757814250
|switch|p1a: Tyranitar|Tyranitar, M|100/100
|-weather|Sandstorm|[from] ability: Sand Stream|[of] p1a: Tyranitar
|move|p2a: Cinderace|High Jump Kick|p1a: Tyranitar
|-start|p2a: Cinderace|typechange|Fighting|[from] ability: Libero
|-supereffective|p1a: Tyranitar
|-damage|p1a: Tyranitar|0 fnt
|faint|p1a: Tyranitar
|
|-weather|Sandstorm|[upkeep]
|-damage|p2a: Cinderace|95/100|[from] Sandstorm
|upkeep
|
|t:|1757814274
|switch|p1a: Tornadus|Tornadus-Therian, M|100/100
|turn|7
|
|t:|1757814289
|move|p2a: Cinderace|Sucker Punch|p1a: Tornadus
|-crit|p1a: Tornadus
|-damage|p1a: Tornadus|61/100
|move|p1a: Tornadus|U-turn|p2a: Cinderace
|-resisted|p2a: Cinderace
|-damage|p2a: Cinderace|84/100
|
|t:|1757814298
|switch|p1a: Keldeo|Keldeo-Resolute|100/100|[from] U-turn
|
|-weather|Sandstorm|[upkeep]
|-damage|p2a: Cinderace|78/100|[from] Sandstorm
|-damage|p1a: Keldeo|94/100|[from] Sandstorm
|upkeep
|turn|8
|
|t:|1757814310
|move|p2a: Cinderace|Sucker Punch|p1a: Keldeo
|-resisted|p1a: Keldeo
|-damage|p1a: Keldeo|81/100
|-ability|p1a: Keldeo|Justified|boost
|-boost|p1a: Keldeo|atk|1
|move|p1a: Keldeo|Surf|p2a: Cinderace
|-damage|p2a: Cinderace|0 fnt
|faint|p2a: Cinderace
|
|-weather|Sandstorm|[upkeep]
|-damage|p1a: Keldeo|75/100|[from] Sandstorm
|upkeep
|inactive|Gil_Kenobi has 120 seconds left.
|
|t:|1757814347
|switch|p2a: Kyurem|Kyurem, shiny|100/100
|-ability|p2a: Kyurem|Pressure
|turn|9
|
|t:|1757814352
|switch|p1a: Heatran|Heatran, F|63/100
|move|p2a: Kyurem|Dragon Dance|p2a: Kyurem
|-boost|p2a: Kyurem|atk|1
|-boost|p2a: Kyurem|spe|1
|
|-weather|Sandstorm|[upkeep]
|-damage|p2a: Kyurem|94/100|[from] Sandstorm
|-heal|p1a: Heatran|69/100|[from] item: Leftovers
|upkeep
|turn|10
|inactive|Gil_Kenobi has 120 seconds left.
|
|t:|1757814388
|-terastallize|p2a: Kyurem|Ghost
|move|p2a: Kyurem|Scale Shot|p1a: Heatran
|-resisted|p1a: Heatran
|-damage|p1a: Heatran|61/100
|-resisted|p1a: Heatran
|-damage|p1a: Heatran|53/100
|-resisted|p1a: Heatran
|-damage|p1a: Heatran|45/100
|-resisted|p1a: Heatran
|-damage|p1a: Heatran|37/100
|-resisted|p1a: Heatran
|-damage|p1a: Heatran|28/100
|-hitcount|p1a: Heatran|5
|-unboost|p2a: Kyurem|def|1
|-boost|p2a: Kyurem|spe|1
|move|p1a: Heatran|Magma Storm|p2a: Kyurem|[miss]
|-miss|p1a: Heatran|p2a: Kyurem
|
|-weather|none
|-heal|p1a: Heatran|35/100|[from] item: Leftovers
|upkeep
|turn|11
|
|t:|1757814416
|move|p2a: Kyurem|Scale Shot|p1a: Heatran
|-resisted|p1a: Heatran
|-damage|p1a: Heatran|26/100
|-resisted|p1a: Heatran
|-damage|p1a: Heatran|18/100
|-resisted|p1a: Heatran
|-damage|p1a: Heatran|10/100
|-resisted|p1a: Heatran
|-damage|p1a: Heatran|1/100
|-hitcount|p1a: Heatran|4
|-unboost|p2a: Kyurem|def|1
|-boost|p2a: Kyurem|spe|1
|move|p1a: Heatran|Magma Storm|p2a: Kyurem
|-damage|p2a: Kyurem|54/100
|-activate|p2a: Kyurem|move: Magma Storm|[of] p1a: Heatran
|
|-heal|p1a: Heatran|7/100|[from] item: Leftovers
|-damage|p2a: Kyurem|41/100|[from] move: Magma Storm|[partiallytrapped]
|upkeep
|turn|12
|inactive|LetsgoBrandonJ has 120 seconds left.
|
|t:|1757814436
|move|p2a: Kyurem|Icicle Spear|p1a: Heatran
|-resisted|p1a: Heatran
|-damage|p1a: Heatran|4/100
|-resisted|p1a: Heatran
|-damage|p1a: Heatran|0 fnt
|faint|p1a: Heatran
|-hitcount|p1: Heatran|2
|
|-end|p2a: Kyurem|Magma Storm|[partiallytrapped]|[silent]
|upkeep
|inactive|LetsgoBrandonJ has 120 seconds left.
|
|t:|1757814445
|switch|p1a: Hydrapple|Hydrapple, M|100/100
|turn|13
|
|t:|1757814453
|-terastallize|p1a: Hydrapple|Fairy
|move|p2a: Kyurem|Scale Shot|p1a: Hydrapple
|-immune|p1a: Hydrapple
|move|p1a: Hydrapple|Fickle Beam|p2a: Kyurem
|-damage|p2a: Kyurem|8/100
|
|upkeep
|turn|14
|
|t:|1757814461
|move|p2a: Kyurem|Icicle Spear|p1a: Hydrapple
|-damage|p1a: Hydrapple|90/100
|-damage|p1a: Hydrapple|79/100
|-damage|p1a: Hydrapple|67/100
|-damage|p1a: Hydrapple|56/100
|-damage|p1a: Hydrapple|44/100
|-hitcount|p1a: Hydrapple|5
|move|p1a: Hydrapple|Fickle Beam|p2a: Kyurem
|-damage|p2a: Kyurem|0 fnt
|faint|p2a: Kyurem
|
|upkeep
|inactive|Gil_Kenobi has 120 seconds left.
|
|t:|1757814470
|switch|p2a: Galvantula|Galvantula, F|100/100
|turn|15
|inactive|Gil_Kenobi has 120 seconds left.
|
|t:|1757814480
|switch|p1a: Excadrill|Excadrill, F|100/100
|-item|p1a: Excadrill|Air Balloon
|move|p2a: Galvantula|Sticky Web|p1a: Excadrill
|-sidestart|p1: LetsgoBrandonJ|move: Sticky Web
|
|upkeep
|turn|16
|
|t:|1757814491
|switch|p2a: Mismagius|Mismagius, F|100/100
|move|p1a: Excadrill|Rapid Spin|p2a: Mismagius
|-immune|p2a: Mismagius
|
|upkeep
|turn|17
|
|t:|1757814498
|move|p2a: Mismagius|Mystical Fire|p1a: Excadrill
|-supereffective|p1a: Excadrill
|-damage|p1a: Excadrill|27/100
|-unboost|p1a: Excadrill|spa|1
|-enditem|p1a: Excadrill|Air Balloon
|-damage|p2a: Mismagius|91/100|[from] item: Life Orb
|move|p1a: Excadrill|Iron Head|p2a: Mismagius
|-damage|p2a: Mismagius|0 fnt
|faint|p2a: Mismagius
|
|upkeep
|
|t:|1757814512
|switch|p2a: Galvantula|Galvantula, F|100/100
|turn|18
|
|t:|1757814523
|move|p2a: Galvantula|Energy Ball|p1a: Excadrill
|-damage|p1a: Excadrill|0 fnt
|faint|p1a: Excadrill
|
|upkeep
|
|t:|1757814537
|switch|p1a: Hydrapple|Hydrapple, M, tera:Fairy|78/100
|-activate|p1a: Hydrapple|move: Sticky Web
|-unboost|p1a: Hydrapple|spe|1
|turn|19
|
|t:|1757814544
|move|p2a: Galvantula|Thunder|p1a: Hydrapple
|-damage|p1a: Hydrapple|29/100
|move|p1a: Hydrapple|Earth Power|p2a: Galvantula
|-damage|p2a: Galvantula|53/100
|
|upkeep
|turn|20
|
|t:|1757814557
|switch|p1a: Keldeo|Keldeo-Resolute|75/100
|-activate|p1a: Keldeo|move: Sticky Web
|-unboost|p1a: Keldeo|spe|1
|move|p2a: Galvantula|Thunder|p1a: Keldeo
|-supereffective|p1a: Keldeo
|-damage|p1a: Keldeo|0 fnt
|faint|p1a: Keldeo
|
|upkeep
|
|t:|1757814569
|switch|p1a: Hydrapple|Hydrapple, M, tera:Fairy|62/100
|-activate|p1a: Hydrapple|move: Sticky Web
|-unboost|p1a: Hydrapple|spe|1
|turn|21
|
|t:|1757814574
|move|p2a: Galvantula|Thunder|p1a: Hydrapple
|-damage|p1a: Hydrapple|18/100
|move|p1a: Hydrapple|Fickle Beam|p2a: Galvantula
|-damage|p2a: Galvantula|0 fnt
|faint|p2a: Galvantula
|
|win|LetsgoBrandonJ
|raw|LetsgoBrandonJ's rating: 1408 &rarr; <strong>1428</strong><br />(+20 for winning)
|raw|Gil_Kenobi's rating: 1400 &rarr; <strong>1380</strong><br />(-20 for losing)
|l|☆Gil_Kenobi
|player|p2|
|l|☆LetsgoBrandonJ
|player|p1|
|j|☆LetsgoBrandonJ
|player|p1|LetsgoBrandonJ|265|
|l|☆LetsgoBrandonJ
|player|p1|
