|j|☆ayo what the
|j|☆nicolider
|t:|1757848678
|gametype|singles
|player|p1|ayo what the|bellelba|1225
|player|p2|nicolider|preschooler|1234
|gen|9
|tier|[Gen 9] OU
|rated|
|rule|HP Percentage Mod: HP is shown in percentages
|rule|Endless Battle Clause: Forcing endless battles is banned
|rule|Species Clause: Limit one of each Pokémon
|rule|OHKO Clause: OHKO moves are banned
|rule|Evasion Items Clause: Evasion items are banned
|rule|Evasion Moves Clause: Evasion moves are banned
|rule|Evasion Abilities Clause: Evasion abilities are banned
|rule|Sleep Moves Clause: Sleep-inducing moves are banned
|clearpoke
|poke|p1|Ogerpon-Wellspring, F|
|poke|p1|Kingambit, F|
|poke|p1|Landorus-Therian, M|
|poke|p1|Glimmora, F|
|poke|p1|Dragapult, M|
|poke|p1|Iron Valiant|
|poke|p2|Hoopa|
|poke|p2|Landorus-Therian, M|
|poke|p2|Weezing-Galar, M|
|poke|p2|Kingambit, M|
|poke|p2|Raging Bolt|
|poke|p2|Zamazenta-*|
|teampreview
|inactive|Battle timer is ON: inactive players will automatically lose when time's up. (requested by nicolider)
|inactive|nicolider has 120 seconds left.
|
|t:|1757848711
|teamsize|p1|6
|teamsize|p2|6
|start
|switch|p1a: Glimmora|Glimmora, F|100/100
|switch|p2a: Landorus|Landorus-Therian, M, shiny|100/100
|-ability|p2a: Landorus|Intimidate|boost
|-unboost|p1a: Glimmora|atk|1
|turn|1
|
|t:|1757848718
|switch|p1a: Landorus|Landorus-Therian, M|100/100
|-ability|p1a: Landorus|Intimidate|boost
|-unboost|p2a: Landorus|atk|1
|move|p2a: Landorus|Taunt|p1a: Landorus
|-start|p1a: Landorus|move: Taunt
|
|upkeep
|turn|2
|
|t:|1757848726
|move|p1a: Landorus|U-turn|p2a: Landorus
|-resisted|p2a: Landorus
|-damage|p2a: Landorus|89/100
|-damage|p1a: Landorus|84/100|[from] item: Rocky Helmet|[of] p2a: Landorus
|
|t:|1757848742
|switch|p1a: Ogerpon|Ogerpon-Wellspring, F|100/100|[from] U-turn
|move|p2a: Landorus|Stealth Rock|p1a: Ogerpon
|-sidestart|p1: ayo what the|move: Stealth Rock
|
|upkeep
|turn|3
|
|t:|1757848753
|switch|p2a: Kingambit|Kingambit, M|100/100
|move|p1a: Ogerpon|Ivy Cudgel|p2a: Kingambit|[anim] Ivy Cudgel Water
|-crit|p2a: Kingambit
|-damage|p2a: Kingambit|24/100
|
|upkeep
|turn|4
|
|t:|1757848763
|move|p2a: Kingambit|Sucker Punch|p1a: Ogerpon
|-damage|p1a: Ogerpon|33/100
|move|p1a: Ogerpon|Ivy Cudgel|p2a: Kingambit|[anim] Ivy Cudgel Water
|-damage|p2a: Kingambit|0 fnt
|faint|p2a: Kingambit
|
|upkeep
|
|t:|1757848772
|switch|p2a: Zamazenta|Zamazenta, shiny|100/100
|-ability|p2a: Zamazenta|Dauntless Shield|boost
|-boost|p2a: Zamazenta|def|1
|turn|5
|
|t:|1757848783
|move|p2a: Zamazenta|Heavy Slam|p1a: Ogerpon
|-resisted|p1a: Ogerpon
|-damage|p1a: Ogerpon|5/100
|move|p1a: Ogerpon|Play Rough|p2a: Zamazenta
|-supereffective|p2a: Zamazenta
|-damage|p2a: Zamazenta|56/100
|
|upkeep
|turn|6
|
|t:|1757848790
|move|p2a: Zamazenta|Heavy Slam|p1a: Ogerpon
|-resisted|p1a: Ogerpon
|-damage|p1a: Ogerpon|0 fnt
|faint|p1a: Ogerpon
|
|upkeep
|
|t:|1757848797
|switch|p1a: Iron Valiant|Iron Valiant|100/100
|-damage|p1a: Iron Valiant|94/100|[from] Stealth Rock
|-enditem|p1a: Iron Valiant|Booster Energy
|-activate|p1a: Iron Valiant|ability: Quark Drive|[fromitem]
|-start|p1a: Iron Valiant|quarkdrivespe
|turn|7
|
|t:|1757848807
|-terastallize|p2a: Zamazenta|Steel
|move|p1a: Iron Valiant|Swords Dance|p1a: Iron Valiant
|-boost|p1a: Iron Valiant|atk|2
|move|p2a: Zamazenta|Heavy Slam|p1a: Iron Valiant
|-supereffective|p1a: Iron Valiant
|-damage|p1a: Iron Valiant|0 fnt
|faint|p1a: Iron Valiant
|-end|p1a: Iron Valiant|Quark Drive|[silent]
|
|upkeep
|c|☆ayo what the|gg ig
|
|t:|1757848824
|switch|p1a: Landorus|Landorus-Therian, M|84/100
|-damage|p1a: Landorus|72/100|[from] Stealth Rock
|-ability|p1a: Landorus|Intimidate|boost
|-unboost|p2a: Zamazenta|atk|1
|turn|8
|
|t:|1757848830
|switch|p2a: Landorus|Landorus-Therian, M, shiny|89/100
|-ability|p2a: Landorus|Intimidate|boost
|-unboost|p1a: Landorus|atk|1
|move|p1a: Landorus|Earthquake|p2a: Landorus
|-immune|p2a: Landorus
|
|upkeep
|turn|9
|
|t:|1757848842
|move|p2a: Landorus|U-turn|p1a: Landorus
|-resisted|p1a: Landorus
|-crit|p1a: Landorus
|-damage|p1a: Landorus|58/100
|-damage|p2a: Landorus|73/100|[from] item: Rocky Helmet|[of] p1a: Landorus
|
|t:|1757848856
|switch|p2a: Hoopa|Hoopa|100/100|[from] U-turn
|move|p1a: Landorus|Taunt|p2a: Hoopa
|-start|p2a: Hoopa|move: Taunt
|
|upkeep
|turn|10
|inactive|nicolider has 120 seconds left.
|inactive|nicolider has 90 seconds left.
|
|t:|1757848923
|move|p1a: Landorus|Stealth Rock|p2a: Hoopa
|-sidestart|p2: nicolider|move: Stealth Rock
|move|p2a: Hoopa|Drain Punch|p1a: Landorus
|-resisted|p1a: Landorus
|-damage|p1a: Landorus|49/100
|-damage|p2a: Hoopa|84/100|[from] item: Rocky Helmet|[of] p1a: Landorus
|
|upkeep
|turn|11
|
|t:|1757848941
|move|p1a: Landorus|U-turn|p2a: Hoopa
|-damage|p2a: Hoopa|57/100
|
|t:|1757848944
|switch|p1a: Glimmora|Glimmora, F|100/100|[from] U-turn
|-damage|p1a: Glimmora|88/100|[from] Stealth Rock
|move|p2a: Hoopa|Shadow Ball|p1a: Glimmora
|-damage|p1a: Glimmora|21/100
|-unboost|p1a: Glimmora|spd|1
|
|-end|p2a: Hoopa|move: Taunt
|upkeep
|turn|12
|
|t:|1757848958
|move|p1a: Glimmora|Mortal Spin|p2a: Hoopa
|-resisted|p2a: Hoopa
|-damage|p2a: Hoopa|51/100
|-status|p2a: Hoopa|psn
|-sideend|p1: ayo what the|Stealth Rock|[from] move: Mortal Spin|[of] p1a: Glimmora
|move|p2a: Hoopa|Shadow Ball|p1a: Glimmora
|-damage|p1a: Glimmora|0 fnt
|faint|p1a: Glimmora
|
|-damage|p2a: Hoopa|39/100 psn|[from] psn
|upkeep
|-enditem|p2a: Hoopa|Sitrus Berry|[eat]
|-heal|p2a: Hoopa|64/100 psn|[from] item: Sitrus Berry
|
|t:|1757848972
|switch|p1a: Kingambit|Kingambit, F|100/100
|-activate|p1a: Kingambit|ability: Supreme Overlord
|-start|p1a: Kingambit|fallen3|[silent]
|turn|13
|
|t:|1757848981
|switch|p2a: Landorus|Landorus-Therian, M, shiny|73/100
|-damage|p2a: Landorus|60/100|[from] Stealth Rock
|-ability|p2a: Landorus|Intimidate|boost
|-unboost|p1a: Kingambit|atk|1
|move|p1a: Kingambit|Sucker Punch||[still]
|-fail|p1a: Kingambit
|
|upkeep
|turn|14
|-message|ayo what the forfeited.
|
|win|nicolider
|raw|ayo what the's rating: 1225 &rarr; <strong>1201</strong><br />(-24 for losing)
|raw|nicolider's rating: 1234 &rarr; <strong>1258</strong><br />(+24 for winning)
|l|☆ayo what the
|player|p1|
|l|☆nicolider
|player|p2|
