|j|☆Swag_SerotoninYT
|j|☆Naked Plagiarist
|t:|1757946988
|gametype|singles
|player|p1|Swag_SerotoninYT|harlequin|1102
|player|p2|Naked Plagiarist|hiker-gen4|1078
|gen|9
|tier|[Gen 9] OU
|rated|
|rule|HP Percentage Mod: HP is shown in percentages
|rule|Endless Battle Clause: Forcing endless battles is banned
|rule|Species Clause: Limit one of each Pokémon
|rule|OHKO Clause: OHKO moves are banned
|rule|Evasion Items Clause: Evasion items are banned
|rule|Evasion Moves Clause: Evasion moves are banned
|rule|Evasion Abilities Clause: Evasion abilities are banned
|rule|Sleep Moves Clause: Sleep-inducing moves are banned
|clearpoke
|poke|p1|Cacturne, M|
|poke|p1|Dodrio, M|
|poke|p1|Malamar, F|
|poke|p1|Blastoise, F|
|poke|p1|Masquerain, F|
|poke|p1|Infernape, F|
|poke|p2|Garchomp, F|
|poke|p2|Rotom-Wash|
|poke|p2|Excadrill, M|
|poke|p2|Hydreigon, F|
|poke|p2|Conkeldurr, M|
|poke|p2|Clefable, M|
|teampreview
|inactive|Battle timer is ON: inactive players will automatically lose when time's up. (requested by Swag_SerotoninYT)
|
|t:|1757946992
|teamsize|p1|6
|teamsize|p2|6
|start
|switch|p1a: Masquerain|Masquerain, F|100/100
|switch|p2a: Garchomp|Garchomp, F|100/100
|-ability|p1a: Masquerain|Intimidate|boost
|-unboost|p2a: Garchomp|atk|1
|turn|1
|
|t:|1757947000
|move|p1a: Masquerain|Ice Beam|p2a: Garchomp
|-supereffective|p2a: Garchomp
|-damage|p2a: Garchomp|0 fnt
|faint|p2a: Garchomp
|
|upkeep
|
|t:|1757947010
|switch|p2a: Hydreigon|Hydreigon, F|100/100
|turn|2
|
|t:|1757947014
|move|p2a: Hydreigon|Flamethrower|p1a: Masquerain
|-supereffective|p1a: Masquerain
|-damage|p1a: Masquerain|13/100
|-status|p1a: Masquerain|brn
|move|p1a: Masquerain|Sticky Web|p2a: Hydreigon
|-sidestart|p2: Naked Plagiarist|move: Sticky Web
|
|-damage|p1a: Masquerain|7/100 brn|[from] brn
|upkeep
|turn|3
|
|t:|1757947025
|move|p2a: Hydreigon|Flamethrower|p1a: Masquerain
|-supereffective|p1a: Masquerain
|-damage|p1a: Masquerain|0 fnt
|faint|p1a: Masquerain
|
|upkeep
|
|t:|1757947036
|switch|p1a: Infernape|Infernape, F|100/100
|turn|4
|
|t:|1757947041
|switch|p2a: Rotom|Rotom-Wash|100/100
|move|p1a: Infernape|Drain Punch|p2a: Rotom
|-damage|p2a: Rotom|57/100
|-damage|p1a: Infernape|90/100|[from] item: Life Orb
|
|-heal|p2a: Rotom|63/100|[from] item: Leftovers
|upkeep
|turn|5
|
|t:|1757947053
|switch|p1a: Cacturne|Cacturne, M|100/100
|move|p2a: Rotom|Hydro Pump|p1a: Cacturne
|-immune|p1a: Cacturne|[from] ability: Water Absorb
|
|-heal|p2a: Rotom|69/100|[from] item: Leftovers
|upkeep
|turn|6
|
|t:|1757947062
|move|p2a: Rotom|Volt Switch|p1a: Cacturne
|-resisted|p1a: Cacturne
|-damage|p1a: Cacturne|84/100
|
|t:|1757947066
|switch|p2a: Conkeldurr|Conkeldurr, M|100/100|[from] Volt Switch
|-activate|p2a: Conkeldurr|move: Sticky Web
|-unboost|p2a: Conkeldurr|spe|1
|move|p1a: Cacturne|Leech Seed|p2a: Conkeldurr
|-start|p2a: Conkeldurr|move: Leech Seed
|
|-damage|p2a: Conkeldurr|88/100|[from] Leech Seed|[of] p1a: Cacturne
|-heal|p1a: Cacturne|96/100|[silent]
|-status|p2a: Conkeldurr|brn|[from] item: Flame Orb
|upkeep
|turn|7
|
|t:|1757947084
|move|p1a: Cacturne|Substitute|p1a: Cacturne
|-start|p1a: Cacturne|Substitute
|-damage|p1a: Cacturne|71/100
|move|p2a: Conkeldurr|Drain Punch|p1a: Cacturne
|-supereffective|p1a: Cacturne
|-end|p1a: Cacturne|Substitute
|-heal|p2a: Conkeldurr|100/100 brn|[from] drain|[of] p1a: Cacturne
|
|-damage|p2a: Conkeldurr|88/100 brn|[from] Leech Seed|[of] p1a: Cacturne
|-heal|p1a: Cacturne|84/100|[silent]
|-damage|p2a: Conkeldurr|82/100 brn|[from] brn
|upkeep
|turn|8
|
|t:|1757947098
|move|p1a: Cacturne|Spiky Shield|p1a: Cacturne
|-singleturn|p1a: Cacturne|move: Protect
|move|p2a: Conkeldurr|Mach Punch|p1a: Cacturne
|-activate|p1a: Cacturne|move: Protect
|-damage|p2a: Conkeldurr|70/100 brn|[from] Spiky Shield|[of] p1a: Cacturne
|
|-damage|p2a: Conkeldurr|58/100 brn|[from] Leech Seed|[of] p1a: Cacturne
|-heal|p1a: Cacturne|96/100|[silent]
|-damage|p2a: Conkeldurr|52/100 brn|[from] brn
|upkeep
|turn|9
|
|t:|1757947111
|switch|p2a: Excadrill|Excadrill, M|100/100
|-activate|p2a: Excadrill|move: Sticky Web
|-unboost|p2a: Excadrill|spe|1
|-ability|p2a: Excadrill|Mold Breaker
|move|p1a: Cacturne|Substitute|p1a: Cacturne
|-start|p1a: Cacturne|Substitute
|-damage|p1a: Cacturne|71/100
|
|upkeep
|turn|10
|
|t:|1757947121
|move|p2a: Excadrill|Rapid Spin|p1a: Cacturne
|-activate|p1a: Cacturne|move: Substitute|[damage]
|-sideend|p2: Naked Plagiarist|Sticky Web|[from] move: Rapid Spin|[of] p2a: Excadrill
|-boost|p2a: Excadrill|spe|1
|move|p1a: Cacturne|Leech Seed|p2a: Excadrill
|-start|p2a: Excadrill|move: Leech Seed
|
|-damage|p2a: Excadrill|88/100|[from] Leech Seed|[of] p1a: Cacturne
|-heal|p1a: Cacturne|85/100|[silent]
|upkeep
|turn|11
|
|t:|1757947131
|move|p2a: Excadrill|Earthquake|p1a: Cacturne
|-resisted|p1a: Cacturne
|-crit|p1a: Cacturne
|-end|p1a: Cacturne|Substitute
|move|p1a: Cacturne|Drain Punch|p2a: Excadrill
|-supereffective|p2a: Excadrill
|-damage|p2a: Excadrill|25/100
|-heal|p1a: Cacturne|100/100|[from] drain|[of] p2a: Excadrill
|
|-heal|p2a: Excadrill|32/100|[from] item: Leftovers
|-damage|p2a: Excadrill|19/100|[from] Leech Seed|[of] p1a: Cacturne
|upkeep
|turn|12
|
|t:|1757947148
|switch|p2a: Clefable|Clefable, M|100/100
|move|p1a: Cacturne|Spiky Shield||[still]
|-fail|p1a: Cacturne
|
|upkeep
|turn|13
|
|t:|1757947155
|move|p2a: Clefable|Moonblast|p1a: Cacturne
|-supereffective|p1a: Cacturne
|-damage|p1a: Cacturne|13/100
|move|p1a: Cacturne|Leech Seed|p2a: Clefable
|-start|p2a: Clefable|move: Leech Seed
|
|-damage|p2a: Clefable|88/100|[from] Leech Seed|[of] p1a: Cacturne
|-heal|p1a: Cacturne|27/100|[silent]
|upkeep
|turn|14
|
|t:|1757947164
|move|p1a: Cacturne|Spiky Shield|p1a: Cacturne
|-singleturn|p1a: Cacturne|move: Protect
|move|p2a: Clefable|Moonblast|p1a: Cacturne
|-activate|p1a: Cacturne|move: Protect
|
|-heal|p2a: Clefable|94/100|[from] item: Leftovers
|-damage|p2a: Clefable|82/100|[from] Leech Seed|[of] p1a: Cacturne
|-heal|p1a: Cacturne|41/100|[silent]
|upkeep
|turn|15
|
|t:|1757947179
|switch|p1a: Blastoise|Blastoise, F|100/100
|move|p2a: Clefable|Wish|p2a: Clefable
|
|-heal|p2a: Clefable|88/100|[from] item: Leftovers
|-damage|p2a: Clefable|75/100|[from] Leech Seed|[of] p1a: Blastoise
|upkeep
|turn|16
|
|t:|1757947188
|move|p1a: Blastoise|Shell Smash|p1a: Blastoise
|-unboost|p1a: Blastoise|def|1
|-unboost|p1a: Blastoise|spd|1
|-boost|p1a: Blastoise|atk|2
|-boost|p1a: Blastoise|spa|2
|-boost|p1a: Blastoise|spe|2
|-enditem|p1a: Blastoise|White Herb
|-clearnegativeboost|p1a: Blastoise|[silent]
|move|p2a: Clefable|Thunder Wave|p1a: Blastoise
|-status|p1a: Blastoise|par
|
|-heal|p2a: Clefable|100/100|[from] move: Wish|[wisher] Clefable
|-damage|p2a: Clefable|88/100|[from] Leech Seed|[of] p1a: Blastoise
|upkeep
|turn|17
|
|t:|1757947204
|switch|p2a: Rotom|Rotom-Wash|69/100
|move|p1a: Blastoise|Shell Smash|p1a: Blastoise
|-unboost|p1a: Blastoise|def|1
|-unboost|p1a: Blastoise|spd|1
|-boost|p1a: Blastoise|atk|2
|-boost|p1a: Blastoise|spa|2
|-boost|p1a: Blastoise|spe|2
|
|-heal|p2a: Rotom|75/100|[from] item: Leftovers
|upkeep
|turn|18
|
|t:|1757947219
|cant|p1a: Blastoise|par
|move|p2a: Rotom|Volt Switch|p1a: Blastoise
|-supereffective|p1a: Blastoise
|-damage|p1a: Blastoise|26/100 par
|
|t:|1757947230
|switch|p2a: Clefable|Clefable, M|88/100|[from] Volt Switch
|
|-heal|p2a: Clefable|94/100|[from] item: Leftovers
|upkeep
|turn|19
|
|t:|1757947238
|move|p1a: Blastoise|Hydro Pump|p2a: Clefable
|-damage|p2a: Clefable|26/100
|move|p2a: Clefable|Moonblast|p1a: Blastoise
|-damage|p1a: Blastoise|0 fnt
|faint|p1a: Blastoise
|
|-heal|p2a: Clefable|32/100|[from] item: Leftovers
|upkeep
|
|t:|1757947247
|switch|p1a: Infernape|Infernape, F|90/100
|turn|20
|
|t:|1757947254
|move|p1a: Infernape|Fire Punch|p2a: Clefable
|-damage|p2a: Clefable|0 fnt
|faint|p2a: Clefable
|-damage|p1a: Infernape|80/100|[from] item: Life Orb
|
|upkeep
|
|t:|1757947261
|switch|p2a: Rotom|Rotom-Wash|75/100
|turn|21
|
|t:|1757947269
|-terastallize|p1a: Infernape|Electric
|move|p1a: Infernape|Thunder Punch|p2a: Rotom
|-damage|p2a: Rotom|28/100
|-damage|p1a: Infernape|70/100|[from] item: Life Orb
|move|p2a: Rotom|Hydro Pump|p1a: Infernape
|-damage|p1a: Infernape|12/100
|
|-heal|p2a: Rotom|34/100|[from] item: Leftovers
|upkeep
|turn|22
|
|t:|1757947285
|move|p1a: Infernape|Drain Punch|p2a: Rotom
|-damage|p2a: Rotom|0 fnt
|-heal|p1a: Infernape|29/100|[from] drain|[of] p2a: Rotom
|faint|p2a: Rotom
|-damage|p1a: Infernape|19/100|[from] item: Life Orb
|
|upkeep
|
|t:|1757947293
|switch|p2a: Conkeldurr|Conkeldurr, M|52/100 brn
|turn|23
|
|t:|1757947300
|move|p1a: Infernape|Drain Punch|p2a: Conkeldurr
|-damage|p2a: Conkeldurr|3/100 brn
|-heal|p1a: Infernape|48/100|[from] drain|[of] p2a: Conkeldurr
|-damage|p1a: Infernape|38/100|[from] item: Life Orb
|move|p2a: Conkeldurr|Drain Punch|p1a: Infernape
|-damage|p1a: Infernape|0 fnt
|-heal|p2a: Conkeldurr|19/100 brn|[from] drain|[of] p1a: Infernape
|faint|p1a: Infernape
|
|-damage|p2a: Conkeldurr|13/100 brn|[from] brn
|upkeep
|
|t:|1757947311
|switch|p1a: Malamar|Malamar, F|100/100
|turn|24
|
|t:|1757947315
|move|p1a: Malamar|Superpower|p2a: Conkeldurr
|-damage|p2a: Conkeldurr|0 fnt
|-boost|p1a: Malamar|atk|1
|-boost|p1a: Malamar|def|1
|faint|p2a: Conkeldurr
|
|upkeep
|
|t:|1757947324
|switch|p2a: Hydreigon|Hydreigon, F|100/100
|turn|25
|
|t:|1757947351
|move|p2a: Hydreigon|Dark Pulse|p1a: Malamar
|-damage|p1a: Malamar|55/100
|move|p1a: Malamar|Superpower|p2a: Hydreigon
|-supereffective|p2a: Hydreigon
|-damage|p2a: Hydreigon|0 fnt
|-boost|p1a: Malamar|atk|1
|-boost|p1a: Malamar|def|1
|faint|p2a: Hydreigon
|
|upkeep
|
|t:|1757947360
|switch|p2a: Excadrill|Excadrill, M|19/100
|-ability|p2a: Excadrill|Mold Breaker
|turn|26
|inactive|Naked Plagiarist has 120 seconds left.
|
|t:|1757947377
|-terastallize|p2a: Excadrill|Steel
|move|p2a: Excadrill|Iron Head|p1a: Malamar
|-damage|p1a: Malamar|28/100
|-enditem|p1a: Malamar|Sitrus Berry|[eat]
|-heal|p1a: Malamar|53/100|[from] item: Sitrus Berry
|move|p1a: Malamar|Superpower|p2a: Excadrill
|-supereffective|p2a: Excadrill
|-damage|p2a: Excadrill|0 fnt
|-boost|p1a: Malamar|atk|1
|-boost|p1a: Malamar|def|1
|faint|p2a: Excadrill
|
|win|Swag_SerotoninYT
|raw|Swag_SerotoninYT's rating: 1102 &rarr; <strong>1125</strong><br />(+23 for winning)
|raw|Naked Plagiarist's rating: 1078 &rarr; <strong>1058</strong><br />(-20 for losing)
