|j|☆sSsantos
|j|☆pumpkinheart_0710
|t:|1757840941
|gametype|singles
|player|p1|sSsantos|acetrainerf-gen4dp|1115
|player|p2|pumpkinheart_0710|allister-masters|1069
|gen|9
|tier|[Gen 9] OU
|rated|
|rule|HP Percentage Mod: HP is shown in percentages
|rule|Endless Battle Clause: Forcing endless battles is banned
|rule|Species Clause: Limit one of each Pokémon
|rule|OHKO Clause: OHKO moves are banned
|rule|Evasion Items Clause: Evasion items are banned
|rule|Evasion Moves Clause: Evasion moves are banned
|rule|Evasion Abilities Clause: Evasion abilities are banned
|rule|Sleep Moves Clause: Sleep-inducing moves are banned
|clearpoke
|poke|p1|Scizor, M|
|poke|p1|Hatterene, F|
|poke|p1|Corviknight, F|
|poke|p1|Vaporeon, M|
|poke|p1|Ceruledge, M|
|poke|p1|Glimmora, M|
|poke|p2|Delphox, M|
|poke|p2|Mismagius, F|
|poke|p2|Victreebel, M|
|poke|p2|Vivillon-Elegant, F|
|poke|p2|Mandibuzz, F|
|poke|p2|Araquanid, M|
|teampreview
|inactive|Battle timer is ON: inactive players will automatically lose when time's up. (requested by pumpkinheart_0710)
|
|t:|1757840952
|teamsize|p1|6
|teamsize|p2|6
|start
|switch|p1a: Hatterene|Hatterene, F|100/100
|switch|p2a: Araquanid|Araquanid, M|100/100
|turn|1
|
|t:|1757840959
|move|p2a: Araquanid|Surf|p1a: Hatterene
|-damage|p1a: Hatterene|66/100
|move|p1a: Hatterene|Light Screen|p1a: Hatterene
|-sidestart|p1: sSsantos|move: Light Screen
|
|upkeep
|turn|2
|
|t:|1757840963
|move|p2a: Araquanid|Surf|p1a: Hatterene
|-damage|p1a: Hatterene|48/100
|move|p1a: Hatterene|Future Sight|p2a: Araquanid
|-start|p1a: Hatterene|move: Future Sight
|
|upkeep
|turn|3
|
|t:|1757840968
|move|p2a: Araquanid|Surf|p1a: Hatterene
|-damage|p1a: Hatterene|27/100
|move|p1a: Hatterene|Calm Mind|p1a: Hatterene
|-boost|p1a: Hatterene|spa|1
|-boost|p1a: Hatterene|spd|1
|
|upkeep
|turn|4
|
|t:|1757840973
|switch|p2a: Mandibuzz|Mandibuzz, F|100/100
|move|p1a: Hatterene|Draining Kiss|p2a: Mandibuzz
|-supereffective|p2a: Mandibuzz
|-damage|p2a: Mandibuzz|30/100
|-heal|p1a: Hatterene|98/100|[from] drain|[of] p2a: Mandibuzz
|
|-end|p2a: Mandibuzz|move: Future Sight
|-immune|p2a: Mandibuzz
|upkeep
|turn|5
|
|t:|1757840983
|move|p2a: Mandibuzz|Brave Bird|p1a: Hatterene
|-damage|p1a: Hatterene|53/100
|-damage|p2a: Mandibuzz|18/100|[from] Recoil
|move|p1a: Hatterene|Calm Mind|p1a: Hatterene
|-boost|p1a: Hatterene|spa|1
|-boost|p1a: Hatterene|spd|1
|
|upkeep
|turn|6
|
|t:|1757840986
|move|p2a: Mandibuzz|Brave Bird|p1a: Hatterene
|-crit|p1a: Hatterene
|-damage|p1a: Hatterene|0 fnt
|faint|p1a: Hatterene
|-damage|p2a: Mandibuzz|5/100|[from] Recoil
|
|upkeep
|
|t:|1757840993
|switch|p1a: Scizor|Scizor, M|100/100
|turn|7
|
|t:|1757840997
|move|p1a: Scizor|Bullet Punch|p2a: Mandibuzz
|-damage|p2a: Mandibuzz|0 fnt
|faint|p2a: Mandibuzz
|-damage|p1a: Scizor|91/100|[from] item: Life Orb
|
|upkeep
|
|t:|1757841000
|switch|p2a: Mismagius|Mismagius, F|100/100
|turn|8
|
|t:|1757841012
|switch|p1a: Vaporeon|Vaporeon, M|100/100
|move|p2a: Mismagius|Will-O-Wisp|p1a: Vaporeon
|-status|p1a: Vaporeon|brn
|
|-damage|p1a: Vaporeon|94/100 brn|[from] brn
|-sideend|p1: sSsantos|move: Light Screen
|upkeep
|turn|9
|
|t:|1757841021
|move|p2a: Mismagius|Hex|p1a: Vaporeon
|-damage|p1a: Vaporeon|61/100 brn
|move|p1a: Vaporeon|Shadow Ball|p2a: Mismagius
|-supereffective|p2a: Mismagius
|-damage|p2a: Mismagius|12/100
|
|-heal|p2a: Mismagius|18/100|[from] item: Leftovers
|-damage|p1a: Vaporeon|55/100 brn|[from] brn
|upkeep
|turn|10
|
|t:|1757841030
|move|p2a: Mismagius|Hex|p1a: Vaporeon
|-damage|p1a: Vaporeon|20/100 brn
|move|p1a: Vaporeon|Shadow Ball|p2a: Mismagius
|-supereffective|p2a: Mismagius
|-damage|p2a: Mismagius|0 fnt
|faint|p2a: Mismagius
|
|-damage|p1a: Vaporeon|13/100 brn|[from] brn
|upkeep
|
|t:|1757841037
|switch|p2a: Victreebel|Victreebel, M, shiny|100/100
|turn|11
|
|t:|1757841040
|switch|p1a: Corviknight|Corviknight, F|100/100
|move|p2a: Victreebel|Substitute|p2a: Victreebel
|-start|p2a: Victreebel|Substitute
|-damage|p2a: Victreebel|75/100
|
|upkeep
|turn|12
|
|t:|1757841054
|move|p2a: Victreebel|Giga Drain|p1a: Corviknight
|-resisted|p1a: Corviknight
|-damage|p1a: Corviknight|94/100
|-heal|p2a: Victreebel|79/100|[from] drain|[of] p1a: Corviknight
|move|p1a: Corviknight|Tailwind|p1a: Corviknight
|-sidestart|p1: sSsantos|move: Tailwind
|
|upkeep
|turn|13
|
|t:|1757841064
|switch|p1a: Scizor|Scizor, M|91/100
|switch|p2a: Araquanid|Araquanid, M|100/100
|
|upkeep
|turn|14
|
|t:|1757841070
|move|p1a: Scizor|Swords Dance|p1a: Scizor
|-boost|p1a: Scizor|atk|2
|move|p2a: Araquanid|Surf|p1a: Scizor
|-damage|p1a: Scizor|36/100
|
|upkeep
|turn|15
|
|t:|1757841077
|move|p1a: Scizor|Dual Wingbeat|p2a: Araquanid
|-supereffective|p2a: Araquanid
|-damage|p2a: Araquanid|0 fnt
|faint|p2a: Araquanid
|-hitcount|p2: Araquanid|1
|-damage|p1a: Scizor|26/100|[from] item: Life Orb
|
|-sideend|p1: sSsantos|move: Tailwind
|upkeep
|
|t:|1757841086
|switch|p2a: Vivillon|Vivillon-Elegant, F|100/100
|turn|16
|
|t:|1757841090
|move|p1a: Scizor|Bullet Punch|p2a: Vivillon
|-enditem|p2a: Vivillon|Focus Sash
|-damage|p2a: Vivillon|1/100
|-damage|p1a: Scizor|16/100|[from] item: Life Orb
|move|p2a: Vivillon|Hurricane|p1a: Scizor|[miss]
|-miss|p2a: Vivillon|p1a: Scizor
|
|upkeep
|turn|17
|
|t:|1757841102
|move|p1a: Scizor|Bullet Punch|p2a: Vivillon
|-damage|p2a: Vivillon|0 fnt
|faint|p2a: Vivillon
|-damage|p1a: Scizor|6/100|[from] item: Life Orb
|
|upkeep
|
|t:|1757841104
|switch|p2a: Victreebel|Victreebel, M, shiny|79/100
|turn|18
|
|t:|1757841107
|move|p1a: Scizor|Bullet Punch|p2a: Victreebel
|-damage|p2a: Victreebel|0 fnt
|faint|p2a: Victreebel
|-damage|p1a: Scizor|0 fnt|[from] item: Life Orb
|faint|p1a: Scizor
|
|upkeep
|
|t:|1757841113
|switch|p1a: Corviknight|Corviknight, F|94/100
|switch|p2a: Delphox|Delphox, M|100/100
|turn|19
|
|t:|1757841124
|-terastallize|p2a: Delphox|Fairy
|-terastallize|p1a: Corviknight|Flying
|move|p2a: Delphox|Flamethrower|p1a: Corviknight
|-damage|p1a: Corviknight|52/100
|-item|p2a: Delphox|Heavy-Duty Boots|[from] ability: Magician|[of] p1a: Corviknight
|move|p1a: Corviknight|Tailwind|p1a: Corviknight
|-sidestart|p1: sSsantos|move: Tailwind
|
|upkeep
|turn|20
|
|t:|1757841136
|move|p1a: Corviknight|Brave Bird|p2a: Delphox
|-damage|p2a: Delphox|26/100
|-damage|p1a: Corviknight|34/100|[from] Recoil
|move|p2a: Delphox|Psychic|p1a: Corviknight
|-damage|p1a: Corviknight|0 fnt
|faint|p1a: Corviknight
|
|upkeep
|
|t:|1757841143
|switch|p1a: Vaporeon|Vaporeon, M|13/100 brn
|turn|21
|
|t:|1757841147
|move|p2a: Delphox|Psychic|p1a: Vaporeon
|-damage|p1a: Vaporeon|0 fnt
|faint|p1a: Vaporeon
|
|upkeep
|
|t:|1757841149
|switch|p1a: Ceruledge|Ceruledge, M|100/100
|turn|22
|
|t:|1757841154
|move|p1a: Ceruledge|Shadow Sneak|p2a: Delphox
|-damage|p2a: Delphox|0 fnt
|faint|p2a: Delphox
|
|win|sSsantos
|raw|sSsantos's rating: 1115 &rarr; <strong>1137</strong><br />(+22 for winning)
|raw|pumpkinheart_0710's rating: 1069 &rarr; <strong>1051</strong><br />(-18 for losing)
|l|☆sSsantos
|player|p1|
|l|☆pumpkinheart_0710
|player|p2|
