|j|☆a very bad gamer
|j|☆Flex Plays Only
|t:|1757901726
|gametype|singles
|player|p1|a very bad gamer|102|1664
|player|p2|Flex Plays Only|miku-fairy|1755
|gen|9
|tier|[Gen 9] OU
|rated|
|rule|HP Percentage Mod: HP is shown in percentages
|rule|Endless Battle Clause: Forcing endless battles is banned
|rule|Species Clause: Limit one of each Pokémon
|rule|OHKO Clause: OHKO moves are banned
|rule|Evasion Items Clause: Evasion items are banned
|rule|Evasion Moves Clause: Evasion moves are banned
|rule|Evasion Abilities Clause: Evasion abilities are banned
|rule|Sleep Moves Clause: Sleep-inducing moves are banned
|clearpoke
|poke|p1|Kommo-o, F|
|poke|p1|Landorus-Therian, M|
|poke|p1|Kingambit, F|
|poke|p1|Hatterene, F|
|poke|p1|Ogerpon-Wellspring, F|
|poke|p1|Gholdengo|
|poke|p2|Cinderace, M|
|poke|p2|Corviknight, F|
|poke|p2|Landorus-Therian, M|
|poke|p2|Alomomola, M|
|poke|p2|Kyurem|
|poke|p2|Zamazenta-*|
|teampreview
|inactive|Battle timer is ON: inactive players will automatically lose when time's up. (requested by Flex Plays Only)
|
|t:|1757901740
|teamsize|p1|6
|teamsize|p2|6
|start
|switch|p1a: Landorus|Landorus-Therian, M|100/100
|switch|p2a: Kyurem|Kyurem|100/100
|-ability|p2a: Kyurem|Pressure
|-ability|p1a: Landorus|Intimidate|boost
|-unboost|p2a: Kyurem|atk|1
|turn|1
|
|t:|1757901744
|switch|p1a: Hatterene|Hatterene, F|100/100
|move|p2a: Kyurem|Ice Beam|p1a: Hatterene
|-damage|p1a: Hatterene|57/100
|
|upkeep
|turn|2
|
|t:|1757901757
|-terastallize|p2a: Kyurem|Ice
|move|p2a: Kyurem|Ice Beam|p1a: Hatterene
|-damage|p1a: Hatterene|0 fnt
|faint|p1a: Hatterene
|
|upkeep
|
|t:|1757901768
|switch|p1a: Gholdengo|Gholdengo|100/100
|turn|3
|
|t:|1757901771
|switch|p2a: Alomomola|Alomomola, M|100/100
|move|p1a: Gholdengo|Trick|p2a: Alomomola
|-activate|p1a: Gholdengo|move: Trick|[of] p2a: Alomomola
|-item|p2a: Alomomola|Choice Scarf|[from] move: Trick
|-item|p1a: Gholdengo|Assault Vest|[from] move: Trick
|
|upkeep
|turn|4
|
|t:|1757901781
|switch|p1a: Ogerpon|Ogerpon-Wellspring, F|100/100
|switch|p2a: Cinderace|Cinderace, M|100/100
|
|upkeep
|turn|5
|
|t:|1757901785
|switch|p1a: Landorus|Landorus-Therian, M|100/100
|-ability|p1a: Landorus|Intimidate|boost
|-unboost|p2a: Cinderace|atk|1
|move|p2a: Cinderace|U-turn|p1a: Landorus
|-resisted|p1a: Landorus
|-damage|p1a: Landorus|95/100
|-damage|p2a: Cinderace|84/100|[from] item: Rocky Helmet|[of] p1a: Landorus
|
|t:|1757901788
|switch|p2a: Kyurem|Kyurem, tera:Ice|100/100|[from] U-turn
|-ability|p2a: Kyurem|Pressure
|
|upkeep
|turn|6
|
|t:|1757901794
|switch|p1a: Gholdengo|Gholdengo|100/100
|move|p2a: Kyurem|Ice Beam|p1a: Gholdengo
|-resisted|p1a: Gholdengo
|-damage|p1a: Gholdengo|63/100
|
|upkeep
|turn|7
|
|t:|1757901800
|switch|p2a: Alomomola|Alomomola, M|100/100
|move|p1a: Gholdengo|Shadow Ball|p2a: Alomomola
|-damage|p2a: Alomomola|66/100
|-unboost|p2a: Alomomola|spd|1
|
|upkeep
|turn|8
|
|t:|1757901805
|move|p1a: Gholdengo|Shadow Ball|p2a: Alomomola
|-damage|p2a: Alomomola|14/100
|move|p2a: Alomomola|Mirror Coat|p1a: Gholdengo
|-damage|p1a: Gholdengo|0 fnt
|faint|p1a: Gholdengo
|
|upkeep
|
|t:|1757901814
|switch|p1a: Kommo-o|Kommo-o, F|100/100
|turn|9
|
|t:|1757901817
|switch|p2a: Corviknight|Corviknight, F|100/100
|-ability|p2a: Corviknight|Pressure
|move|p1a: Kommo-o|Clangorous Soul|p1a: Kommo-o
|-boost|p1a: Kommo-o|atk|1
|-boost|p1a: Kommo-o|def|1
|-boost|p1a: Kommo-o|spa|1
|-boost|p1a: Kommo-o|spd|1
|-boost|p1a: Kommo-o|spe|1
|-damage|p1a: Kommo-o|68/100
|-enditem|p1a: Kommo-o|Throat Spray
|-boost|p1a: Kommo-o|spa|1|[from] item: Throat Spray
|
|upkeep
|turn|10
|
|t:|1757901820
|move|p1a: Kommo-o|Flamethrower|p2a: Corviknight
|-supereffective|p2a: Corviknight
|-damage|p2a: Corviknight|0 fnt
|faint|p2a: Corviknight
|
|upkeep
|
|t:|1757901826
|switch|p2a: Landorus|Landorus-Therian, M|100/100
|-ability|p2a: Landorus|Intimidate|boost
|-unboost|p1a: Kommo-o|atk|1
|turn|11
|
|t:|1757901830
|-terastallize|p1a: Kommo-o|Normal
|move|p1a: Kommo-o|Boomburst|p2a: Landorus
|-damage|p2a: Landorus|0 fnt
|faint|p2a: Landorus
|
|upkeep
|
|t:|1757901832
|switch|p2a: Zamazenta|Zamazenta|100/100
|-ability|p2a: Zamazenta|Dauntless Shield|boost
|-boost|p2a: Zamazenta|def|1
|turn|12
|
|t:|1757901837
|move|p1a: Kommo-o|Boomburst|p2a: Zamazenta
|-damage|p2a: Zamazenta|2/100
|move|p2a: Zamazenta|Body Press|p1a: Kommo-o
|-supereffective|p1a: Kommo-o
|-damage|p1a: Kommo-o|12/100
|
|-heal|p2a: Zamazenta|8/100|[from] item: Leftovers
|upkeep
|turn|13
|
|t:|1757901842
|move|p1a: Kommo-o|Boomburst|p2a: Zamazenta
|-damage|p2a: Zamazenta|0 fnt
|faint|p2a: Zamazenta
|
|upkeep
|
|t:|1757901844
|switch|p2a: Cinderace|Cinderace, M|84/100
|turn|14
|
|t:|1757901853
|move|p1a: Kommo-o|Drain Punch|p2a: Cinderace
|-damage|p2a: Cinderace|48/100
|-heal|p1a: Kommo-o|33/100|[from] drain|[of] p2a: Cinderace
|move|p2a: Cinderace|U-turn|p1a: Kommo-o
|-crit|p1a: Kommo-o
|-damage|p1a: Kommo-o|5/100
|
|t:|1757901856
|switch|p2a: Alomomola|Alomomola, M|47/100|[from] U-turn
|
|upkeep
|turn|15
|
|t:|1757901860
|move|p1a: Kommo-o|Boomburst|p2a: Alomomola
|-damage|p2a: Alomomola|0 fnt
|faint|p2a: Alomomola
|
|upkeep
|
|t:|1757901861
|switch|p2a: Cinderace|Cinderace, M|48/100
|turn|16
|
|t:|1757901865
|move|p1a: Kommo-o|Boomburst|p2a: Cinderace
|-damage|p2a: Cinderace|0 fnt
|faint|p2a: Cinderace
|
|upkeep
|-message|Flex Plays Only forfeited.
|
|win|a very bad gamer
|raw|a very bad gamer's rating: 1664 &rarr; <strong>1689</strong><br />(+25 for winning)
|raw|Flex Plays Only's rating: 1755 &rarr; <strong>1730</strong><br />(-25 for losing)
|l|☆Flex Plays Only
|player|p2|
|l|☆a very bad gamer
|player|p1|
