|j|☆franfox7u7r
|j|☆lxymxn
|t:|1757868357
|gametype|singles
|player|p1|franfox7u7r|harlequin|1378
|player|p2|lxymxn|102|1440
|gen|9
|tier|[Gen 9] OU
|rated|
|rule|HP Percentage Mod: HP is shown in percentages
|rule|Endless Battle Clause: Forcing endless battles is banned
|rule|Species Clause: Limit one of each Pokémon
|rule|OHKO Clause: OHKO moves are banned
|rule|Evasion Items Clause: Evasion items are banned
|rule|Evasion Moves Clause: Evasion moves are banned
|rule|Evasion Abilities Clause: Evasion abilities are banned
|rule|Sleep Moves Clause: Sleep-inducing moves are banned
|clearpoke
|poke|p1|Pecharunt|
|poke|p1|Munkidori, M|
|poke|p1|Okidogi, M|
|poke|p1|Fezandipiti, M|
|poke|p1|Muk-Alola, M|
|poke|p1|Weezing-Galar, M|
|poke|p2|Torkoal, M|
|poke|p2|Walking Wake|
|poke|p2|Great Tusk|
|poke|p2|Ninetales, F|
|poke|p2|Sandy Shocks|
|poke|p2|Ditto|
|teampreview
|inactive|Battle timer is ON: inactive players will automatically lose when time's up. (requested by lxymxn)
|
|t:|1757868369
|teamsize|p1|6
|teamsize|p2|6
|start
|switch|p1a: Fezandipiti|Fezandipiti, M|100/100
|switch|p2a: Torkoal|Torkoal, M|100/100
|-weather|SunnyDay|[from] ability: Drought|[of] p2a: Torkoal
|turn|1
|
|t:|1757868386
|move|p1a: Fezandipiti|Beat Up|p2a: Torkoal
|-damage|p2a: Torkoal|99/100
|-damage|p2a: Torkoal|97/100
|-damage|p2a: Torkoal|95/100
|-damage|p2a: Torkoal|93/100
|-status|p2a: Torkoal|tox|[from] ability: Toxic Chain|[of] p1a: Fezandipiti
|-damage|p2a: Torkoal|91/100 tox
|-damage|p2a: Torkoal|89/100 tox
|-hitcount|p2a: Torkoal|6
|move|p2a: Torkoal|Stealth Rock|p1a: Fezandipiti
|-sidestart|p1: franfox7u7r|move: Stealth Rock
|
|-weather|SunnyDay|[upkeep]
|-damage|p2a: Torkoal|83/100 tox|[from] psn
|upkeep
|turn|2
|inactive|franfox7u7r has 120 seconds left.
|
|t:|1757868417
|move|p1a: Fezandipiti|Beat Up|p2a: Torkoal
|-crit|p2a: Torkoal
|-damage|p2a: Torkoal|80/100 tox
|-damage|p2a: Torkoal|78/100 tox
|-damage|p2a: Torkoal|76/100 tox
|-damage|p2a: Torkoal|74/100 tox
|-damage|p2a: Torkoal|72/100 tox
|-damage|p2a: Torkoal|70/100 tox
|-hitcount|p2a: Torkoal|6
|move|p2a: Torkoal|Lava Plume|p1a: Fezandipiti
|-damage|p1a: Fezandipiti|80/100
|
|-weather|SunnyDay|[upkeep]
|-damage|p2a: Torkoal|58/100 tox|[from] psn
|upkeep
|turn|3
|inactive|franfox7u7r has 120 seconds left.
|
|t:|1757868440
|switch|p2a: Great Tusk|Great Tusk|100/100
|-activate|p2a: Great Tusk|ability: Protosynthesis
|-start|p2a: Great Tusk|protosynthesisatk
|move|p1a: Fezandipiti|Beat Up|p2a: Great Tusk
|-resisted|p2a: Great Tusk
|-damage|p2a: Great Tusk|99/100
|-resisted|p2a: Great Tusk
|-damage|p2a: Great Tusk|99/100
|-resisted|p2a: Great Tusk
|-damage|p2a: Great Tusk|97/100
|-resisted|p2a: Great Tusk
|-crit|p2a: Great Tusk
|-damage|p2a: Great Tusk|96/100
|-status|p2a: Great Tusk|tox|[from] ability: Toxic Chain|[of] p1a: Fezandipiti
|-resisted|p2a: Great Tusk
|-damage|p2a: Great Tusk|94/100 tox
|-resisted|p2a: Great Tusk
|-damage|p2a: Great Tusk|93/100 tox
|-hitcount|p2a: Great Tusk|6
|
|-weather|SunnyDay|[upkeep]
|-heal|p2a: Great Tusk|99/100 tox|[from] item: Leftovers
|-damage|p2a: Great Tusk|93/100 tox|[from] psn
|upkeep
|turn|4
|
|t:|1757868462
|switch|p1a: Weezing|Weezing-Galar, M|100/100
|-damage|p1a: Weezing|88/100|[from] Stealth Rock
|move|p2a: Great Tusk|Headlong Rush|p1a: Weezing
|-immune|p1a: Weezing|[from] ability: Levitate
|
|-weather|SunnyDay|[upkeep]
|-heal|p2a: Great Tusk|99/100 tox|[from] item: Leftovers
|-heal|p1a: Weezing|94/100|[from] item: Leftovers
|-damage|p2a: Great Tusk|87/100 tox|[from] psn
|upkeep
|turn|5
|inactive|lxymxn has 120 seconds left.
|
|t:|1757868498
|-end|p2a: Great Tusk|Protosynthesis|[silent]
|switch|p2a: Sandy Shocks|Sandy Shocks|100/100
|-activate|p2a: Sandy Shocks|ability: Protosynthesis
|-start|p2a: Sandy Shocks|protosynthesisspe
|move|p1a: Weezing|Defog|p2a: Sandy Shocks
|-unboost|p2a: Sandy Shocks|evasion|1
|-sideend|p1: franfox7u7r|Stealth Rock|[from] move: Defog|[of] p1a: Weezing
|
|-weather|SunnyDay|[upkeep]
|-heal|p1a: Weezing|99/100|[from] item: Leftovers
|upkeep
|turn|6
|
|t:|1757868516
|switch|p1a: Muk|Muk-Alola, M|100/100
|move|p2a: Sandy Shocks|Thunderbolt|p1a: Muk
|-damage|p1a: Muk|73/100
|
|-weather|SunnyDay|[upkeep]
|upkeep
|turn|7
|
|t:|1757868526
|move|p2a: Sandy Shocks|Thunderbolt|p1a: Muk
|-damage|p1a: Muk|47/100
|move|p1a: Muk|Knock Off|p2a: Sandy Shocks
|-damage|p2a: Sandy Shocks|63/100
|-status|p2a: Sandy Shocks|psn|[from] ability: Poison Touch|[of] p1a: Muk
|-enditem|p2a: Sandy Shocks|Choice Specs|[from] move: Knock Off|[of] p1a: Muk
|
|-weather|SunnyDay|[upkeep]
|-damage|p2a: Sandy Shocks|51/100 psn|[from] psn
|upkeep
|turn|8
|inactive|lxymxn has 120 seconds left.
|inactive|franfox7u7r has 90 seconds left.
|
|t:|1757868557
|move|p2a: Sandy Shocks|Earth Power|p1a: Muk
|-supereffective|p1a: Muk
|-damage|p1a: Muk|14/100
|move|p1a: Muk|Drain Punch|p2a: Sandy Shocks
|-damage|p2a: Sandy Shocks|33/100 psn
|-heal|p1a: Muk|21/100|[from] drain|[of] p2a: Sandy Shocks
|
|-weather|none
|-end|p2a: Sandy Shocks|Protosynthesis
|-damage|p2a: Sandy Shocks|20/100 psn|[from] psn
|upkeep
|turn|9
|
|t:|1757868580
|move|p1a: Muk|Shadow Sneak|p2a: Sandy Shocks
|-damage|p2a: Sandy Shocks|10/100 psn
|move|p2a: Sandy Shocks|Earth Power|p1a: Muk
|-supereffective|p1a: Muk
|-damage|p1a: Muk|0 fnt
|faint|p1a: Muk
|
|-damage|p2a: Sandy Shocks|0 fnt|[from] psn
|faint|p2a: Sandy Shocks
|-end|p2a: Sandy Shocks|Protosynthesis|[silent]
|upkeep
|
|t:|1757868587
|switch|p2a: Torkoal|Torkoal, M|58/100 tox
|switch|p1a: Munkidori|Munkidori, M|100/100
|-weather|SunnyDay|[from] ability: Drought|[of] p2a: Torkoal
|turn|10
|inactive|lxymxn has 120 seconds left.
|
|t:|1757868605
|move|p1a: Munkidori|Parting Shot|p2a: Torkoal
|-unboost|p2a: Torkoal|atk|1
|-unboost|p2a: Torkoal|spa|1
|
|t:|1757868607
|switch|p1a: Fezandipiti|Fezandipiti, M|80/100|[from] Parting Shot
|move|p2a: Torkoal|Stealth Rock|p1a: Fezandipiti
|-sidestart|p1: franfox7u7r|move: Stealth Rock
|
|-weather|SunnyDay|[upkeep]
|-damage|p2a: Torkoal|52/100 tox|[from] psn
|upkeep
|turn|11
|inactive|lxymxn has 120 seconds left.
|
|t:|1757868625
|switch|p2a: Great Tusk|Great Tusk|87/100 tox
|-activate|p2a: Great Tusk|ability: Protosynthesis
|-start|p2a: Great Tusk|protosynthesisatk
|move|p1a: Fezandipiti|Beat Up|p2a: Great Tusk
|-resisted|p2a: Great Tusk
|-damage|p2a: Great Tusk|86/100 tox
|-resisted|p2a: Great Tusk
|-damage|p2a: Great Tusk|85/100 tox
|-resisted|p2a: Great Tusk
|-damage|p2a: Great Tusk|84/100 tox
|-resisted|p2a: Great Tusk
|-damage|p2a: Great Tusk|83/100 tox
|-resisted|p2a: Great Tusk
|-damage|p2a: Great Tusk|82/100 tox
|-hitcount|p2a: Great Tusk|5
|
|-weather|SunnyDay|[upkeep]
|-heal|p2a: Great Tusk|88/100 tox|[from] item: Leftovers
|-damage|p2a: Great Tusk|82/100 tox|[from] psn
|upkeep
|turn|12
|
|t:|1757868635
|switch|p1a: Weezing|Weezing-Galar, M|99/100
|-damage|p1a: Weezing|88/100|[from] Stealth Rock
|move|p2a: Great Tusk|Bulk Up|p2a: Great Tusk
|-boost|p2a: Great Tusk|atk|1
|-boost|p2a: Great Tusk|def|1
|
|-weather|SunnyDay|[upkeep]
|-heal|p2a: Great Tusk|88/100 tox|[from] item: Leftovers
|-heal|p1a: Weezing|94/100|[from] item: Leftovers
|-damage|p2a: Great Tusk|75/100 tox|[from] psn
|upkeep
|turn|13
|inactive|lxymxn has 120 seconds left.
|
|t:|1757868668
|move|p2a: Great Tusk|Ice Spinner|p1a: Weezing
|-damage|p1a: Weezing|54/100
|move|p1a: Weezing|Defog|p2a: Great Tusk
|-unboost|p2a: Great Tusk|evasion|1
|-sideend|p1: franfox7u7r|Stealth Rock|[from] move: Defog|[of] p1a: Weezing
|
|-weather|SunnyDay|[upkeep]
|-heal|p2a: Great Tusk|82/100 tox|[from] item: Leftovers
|-heal|p1a: Weezing|60/100|[from] item: Leftovers
|-damage|p2a: Great Tusk|63/100 tox|[from] psn
|upkeep
|turn|14
|
|t:|1757868678
|move|p2a: Great Tusk|Ice Spinner|p1a: Weezing
|-damage|p1a: Weezing|20/100
|move|p1a: Weezing|Toxic|p2a: Great Tusk
|-fail|p2a: Great Tusk|tox
|
|-weather|SunnyDay|[upkeep]
|-heal|p2a: Great Tusk|69/100 tox|[from] item: Leftovers
|-heal|p1a: Weezing|26/100|[from] item: Leftovers
|-damage|p2a: Great Tusk|44/100 tox|[from] psn
|upkeep
|turn|15
|inactive|lxymxn has 120 seconds left.
|
|t:|1757868701
|move|p2a: Great Tusk|Ice Spinner|p1a: Weezing
|-damage|p1a: Weezing|0 fnt
|faint|p1a: Weezing
|
|-weather|SunnyDay|[upkeep]
|-heal|p2a: Great Tusk|51/100 tox|[from] item: Leftovers
|-damage|p2a: Great Tusk|20/100 tox|[from] psn
|upkeep
|
|t:|1757868715
|switch|p1a: Munkidori|Munkidori, M|100/100
|turn|16
|
|t:|1757868724
|move|p1a: Munkidori|Psychic|p2a: Great Tusk
|-supereffective|p2a: Great Tusk
|-damage|p2a: Great Tusk|0 fnt
|faint|p2a: Great Tusk
|-end|p2a: Great Tusk|Protosynthesis|[silent]
|
|-weather|SunnyDay|[upkeep]
|upkeep
|
|t:|1757868734
|switch|p2a: Walking Wake|Walking Wake|100/100
|-activate|p2a: Walking Wake|ability: Protosynthesis
|-start|p2a: Walking Wake|protosynthesisspe
|turn|17
|
|t:|1757868742
|switch|p1a: Fezandipiti|Fezandipiti, M|80/100
|-terastallize|p2a: Walking Wake|Water
|move|p2a: Walking Wake|Hydro Steam|p1a: Fezandipiti
|-crit|p1a: Fezandipiti
|-damage|p1a: Fezandipiti|0 fnt
|faint|p1a: Fezandipiti
|
|-weather|none
|-end|p2a: Walking Wake|Protosynthesis
|upkeep
|inactive|franfox7u7r has 120 seconds left.
|inactive|franfox7u7r has 90 seconds left.
|
|t:|1757868794
|switch|p1a: Okidogi|Okidogi, M|100/100
|turn|18
|
|t:|1757868808
|-end|p2a: Walking Wake|Protosynthesis|[silent]
|switch|p2a: Torkoal|Torkoal, M|52/100 tox
|-weather|SunnyDay|[from] ability: Drought|[of] p2a: Torkoal
|move|p1a: Okidogi|Close Combat|p2a: Torkoal
|-damage|p2a: Torkoal|14/100 tox
|-unboost|p1a: Okidogi|def|1
|-unboost|p1a: Okidogi|spd|1
|
|-weather|SunnyDay|[upkeep]
|-damage|p2a: Torkoal|8/100 tox|[from] psn
|upkeep
|turn|19
|inactive|lxymxn has 120 seconds left.
|
|t:|1757868849
|move|p1a: Okidogi|Close Combat|p2a: Torkoal
|-damage|p2a: Torkoal|0 fnt
|-unboost|p1a: Okidogi|def|1
|-unboost|p1a: Okidogi|spd|1
|faint|p2a: Torkoal
|
|-weather|SunnyDay|[upkeep]
|upkeep
|
|t:|1757868853
|switch|p2a: Walking Wake|Walking Wake, tera:Water|100/100
|-activate|p2a: Walking Wake|ability: Protosynthesis
|-start|p2a: Walking Wake|protosynthesisspe
|turn|20
|inactive|franfox7u7r has 90 seconds left.
|
|t:|1757868871
|move|p2a: Walking Wake|Hydro Steam|p1a: Okidogi
|-damage|p1a: Okidogi|0 fnt
|faint|p1a: Okidogi
|
|-weather|SunnyDay|[upkeep]
|upkeep
|
|t:|1757868874
|switch|p1a: Pecharunt|Pecharunt|100/100
|turn|21
|
|t:|1757868876
|move|p2a: Walking Wake|Hydro Steam|p1a: Pecharunt
|-damage|p1a: Pecharunt|0 fnt
|faint|p1a: Pecharunt
|
|-weather|SunnyDay|[upkeep]
|upkeep
|
|t:|1757868878
|switch|p1a: Munkidori|Munkidori, M|100/100
|turn|22
|
|t:|1757868881
|-terastallize|p1a: Munkidori|Electric
|move|p2a: Walking Wake|Hydro Steam|p1a: Munkidori
|-damage|p1a: Munkidori|0 fnt
|faint|p1a: Munkidori
|
|win|lxymxn
|raw|franfox7u7r's rating: 1378 &rarr; <strong>1359</strong><br />(-19 for losing)
|raw|lxymxn's rating: 1402 &rarr; <strong>1421</strong><br />(+19 for winning)
|l|☆lxymxn
|player|p2|
|l|☆franfox7u7r
|player|p1|
