|j|☆fqe52
|j|☆kashkash67
|t:|1757825098
|gametype|singles
|player|p1|fqe52|ethan|1102
|player|p2|kashkash67|266|1082
|gen|9
|tier|[Gen 9] OU
|rated|
|rule|HP Percentage Mod: HP is shown in percentages
|rule|Endless Battle Clause: Forcing endless battles is banned
|rule|Species Clause: Limit one of each Pokémon
|rule|OHKO Clause: OHKO moves are banned
|rule|Evasion Items Clause: Evasion items are banned
|rule|Evasion Moves Clause: Evasion moves are banned
|rule|Evasion Abilities Clause: Evasion abilities are banned
|rule|Sleep Moves Clause: Sleep-inducing moves are banned
|clearpoke
|poke|p1|Zamazenta-*|
|poke|p1|Ogerpon-Wellspring, F|
|poke|p1|Dragapult, F|
|poke|p1|Raging Bolt|
|poke|p1|Moltres|
|poke|p1|Iron Treads|
|poke|p2|Corviknight, F|
|poke|p2|Ursaluna, M|
|poke|p2|Arcanine-Hisui, M|
|poke|p2|Primarina, M|
|poke|p2|Raging Bolt|
|poke|p2|Great Tusk|
|teampreview
|inactive|Battle timer is ON: inactive players will automatically lose when time's up. (requested by kashkash67)
|inactive|fqe52 also wants the timer to be on.
|
|t:|1757825125
|teamsize|p1|6
|teamsize|p2|6
|start
|switch|p1a: Dragapult|Dragapult, F|100/100
|switch|p2a: Corviknight|Corviknight, F|100/100
|turn|1
|
|t:|1757825138
|move|p1a: Dragapult|Will-O-Wisp|p2a: Corviknight
|-status|p2a: Corviknight|brn
|move|p2a: Corviknight|Tailwind|p2a: Corviknight
|-sidestart|p2: kashkash67|move: Tailwind
|
|-damage|p2a: Corviknight|94/100 brn|[from] brn
|upkeep
|turn|2
|
|t:|1757825146
|move|p1a: Dragapult|Hex|p2a: Corviknight
|-damage|p2a: Corviknight|38/100 brn
|move|p2a: Corviknight|Taunt|p1a: Dragapult
|-start|p1a: Dragapult|move: Taunt
|
|-damage|p2a: Corviknight|32/100 brn|[from] brn
|upkeep
|turn|3
|
|t:|1757825166
|switch|p2a: Primarina|Primarina, M|100/100
|move|p1a: Dragapult|Hex|p2a: Primarina
|-damage|p2a: Primarina|85/100
|
|upkeep
|turn|4
|
|t:|1757825180
|switch|p1a: Zamazenta|Zamazenta|100/100
|-ability|p1a: Zamazenta|Dauntless Shield|boost
|-boost|p1a: Zamazenta|def|1
|move|p2a: Primarina|Moonblast|p1a: Zamazenta
|-supereffective|p1a: Zamazenta
|-damage|p1a: Zamazenta|16/100
|-unboost|p1a: Zamazenta|spa|1
|
|-heal|p1a: Zamazenta|22/100|[from] item: Leftovers
|-sideend|p2: kashkash67|move: Tailwind
|upkeep
|turn|5
|
|t:|1757825200
|move|p1a: Zamazenta|Heavy Slam|p2a: Primarina
|-damage|p2a: Primarina|47/100
|move|p2a: Primarina|Moonblast|p1a: Zamazenta
|-supereffective|p1a: Zamazenta
|-damage|p1a: Zamazenta|0 fnt
|faint|p1a: Zamazenta
|
|upkeep
|
|t:|1757825219
|switch|p1a: Iron Treads|Iron Treads|100/100
|turn|6
|
|t:|1757825235
|switch|p2a: Great Tusk|Great Tusk|100/100
|move|p1a: Iron Treads|Earthquake|p2a: Great Tusk
|-damage|p2a: Great Tusk|71/100
|
|upkeep
|turn|7
|
|t:|1757825249
|move|p1a: Iron Treads|Earthquake|p2a: Great Tusk
|-damage|p2a: Great Tusk|37/100
|move|p2a: Great Tusk|Headlong Rush|p1a: Iron Treads
|-supereffective|p1a: Iron Treads
|-damage|p1a: Iron Treads|0 fnt
|-unboost|p2a: Great Tusk|def|1
|-unboost|p2a: Great Tusk|spd|1
|faint|p1a: Iron Treads
|-end|p1a: Iron Treads|Quark Drive|[silent]
|
|upkeep
|
|t:|1757825259
|switch|p1a: Ogerpon|Ogerpon-Wellspring, F|100/100
|turn|8
|
|t:|1757825275
|-end|p2a: Great Tusk|Protosynthesis|[silent]
|switch|p2a: Raging Bolt|Raging Bolt|100/100
|-enditem|p2a: Raging Bolt|Booster Energy
|-activate|p2a: Raging Bolt|ability: Protosynthesis|[fromitem]
|-start|p2a: Raging Bolt|protosynthesisspa
|move|p1a: Ogerpon|Ivy Cudgel|p2a: Raging Bolt|[anim] Ivy Cudgel Water
|-resisted|p2a: Raging Bolt
|-damage|p2a: Raging Bolt|76/100
|
|upkeep
|turn|9
|
|t:|1757825287
|switch|p1a: Raging Bolt|Raging Bolt|100/100
|move|p2a: Raging Bolt|Thunderbolt|p1a: Raging Bolt
|-resisted|p1a: Raging Bolt
|-damage|p1a: Raging Bolt|86/100
|
|-heal|p1a: Raging Bolt|92/100|[from] item: Leftovers
|upkeep
|turn|10
|
|t:|1757825299
|-terastallize|p2a: Raging Bolt|Electric
|move|p1a: Raging Bolt|Dragon Pulse|p2a: Raging Bolt
|-damage|p2a: Raging Bolt|35/100
|move|p2a: Raging Bolt|Draco Meteor|p1a: Raging Bolt
|-supereffective|p1a: Raging Bolt
|-crit|p1a: Raging Bolt
|-damage|p1a: Raging Bolt|0 fnt
|-unboost|p2a: Raging Bolt|spa|2
|faint|p1a: Raging Bolt
|-end|p1a: Raging Bolt|Protosynthesis|[silent]
|
|upkeep
|
|t:|1757825309
|switch|p1a: Moltres|Moltres|100/100
|turn|11
|
|t:|1757825324
|move|p2a: Raging Bolt|Thunderclap|p1a: Moltres
|-supereffective|p1a: Moltres
|-damage|p1a: Moltres|41/100
|move|p1a: Moltres|Flamethrower|p2a: Raging Bolt
|-damage|p2a: Raging Bolt|5/100
|
|upkeep
|turn|12
|
|t:|1757825334
|-terastallize|p1a: Moltres|Grass
|move|p2a: Raging Bolt|Thunderclap||[still]
|-fail|p2a: Raging Bolt
|move|p1a: Moltres|Roost|p1a: Moltres
|-heal|p1a: Moltres|91/100
|
|upkeep
|turn|13
|
|t:|1757825341
|move|p1a: Moltres|Roost|p1a: Moltres
|-heal|p1a: Moltres|100/100
|move|p2a: Raging Bolt|Volt Switch|p1a: Moltres
|-resisted|p1a: Moltres
|-damage|p1a: Moltres|87/100
|
|t:|1757825353
|-end|p2a: Raging Bolt|Protosynthesis|[silent]
|switch|p2a: Arcanine|Arcanine-Hisui, M|100/100|[from] Volt Switch
|
|upkeep
|turn|14
|
|t:|1757825360
|switch|p1a: Dragapult|Dragapult, F|100/100
|move|p2a: Arcanine|Flare Blitz|p1a: Dragapult
|-resisted|p1a: Dragapult
|-damage|p1a: Dragapult|37/100
|
|upkeep
|turn|15
|
|t:|1757825367
|move|p1a: Dragapult|Will-O-Wisp|p2a: Arcanine|[miss]
|-miss|p1a: Dragapult|p2a: Arcanine
|move|p2a: Arcanine|Flare Blitz|p1a: Dragapult
|-resisted|p1a: Dragapult
|-damage|p1a: Dragapult|0 fnt
|faint|p1a: Dragapult
|
|upkeep
|
|t:|1757825375
|switch|p1a: Ogerpon|Ogerpon-Wellspring, F|100/100
|turn|16
|
|t:|1757825391
|switch|p2a: Raging Bolt|Raging Bolt, tera:Electric|5/100
|move|p1a: Ogerpon|Ivy Cudgel|p2a: Raging Bolt|[anim] Ivy Cudgel Water
|-damage|p2a: Raging Bolt|0 fnt
|faint|p2a: Raging Bolt
|-end|p2a: Raging Bolt|Protosynthesis|[silent]
|
|upkeep
|
|t:|1757825404
|switch|p2a: Corviknight|Corviknight, F|32/100 brn
|turn|17
|
|t:|1757825409
|move|p1a: Ogerpon|Ivy Cudgel|p2a: Corviknight|[anim] Ivy Cudgel Water
|-damage|p2a: Corviknight|0 fnt
|faint|p2a: Corviknight
|
|upkeep
|inactive|kashkash67 has 120 seconds left.
|
|t:|1757825434
|switch|p2a: Ursaluna|Ursaluna, M|100/100
|turn|18
|
|t:|1757825444
|move|p1a: Ogerpon|Knock Off|p2a: Ursaluna
|-damage|p2a: Ursaluna|74/100
|-enditem|p2a: Ursaluna|Flame Orb|[from] move: Knock Off|[of] p1a: Ogerpon
|move|p2a: Ursaluna|Facade|p1a: Ogerpon
|-damage|p1a: Ogerpon|46/100
|
|upkeep
|turn|19
|
|t:|1757825451
|move|p1a: Ogerpon|Ivy Cudgel|p2a: Ursaluna|[anim] Ivy Cudgel Water
|-supereffective|p2a: Ursaluna
|-damage|p2a: Ursaluna|0 fnt
|faint|p2a: Ursaluna
|
|upkeep
|
|t:|1757825459
|switch|p2a: Great Tusk|Great Tusk|37/100
|turn|20
|
|t:|1757825465
|move|p1a: Ogerpon|Ivy Cudgel|p2a: Great Tusk|[anim] Ivy Cudgel Water
|-supereffective|p2a: Great Tusk
|-crit|p2a: Great Tusk
|-damage|p2a: Great Tusk|0 fnt
|faint|p2a: Great Tusk
|-end|p2a: Great Tusk|Protosynthesis|[silent]
|
|upkeep
|
|t:|1757825467
|switch|p2a: Primarina|Primarina, M|47/100
|turn|21
|
|t:|1757825476
|move|p1a: Ogerpon|Ivy Cudgel|p2a: Primarina|[anim] Ivy Cudgel Water
|-resisted|p2a: Primarina
|-damage|p2a: Primarina|10/100
|move|p2a: Primarina|Moonblast|p1a: Ogerpon
|-damage|p1a: Ogerpon|0 fnt
|faint|p1a: Ogerpon
|
|upkeep
|
|t:|1757825483
|switch|p1a: Moltres|Moltres, tera:Grass|87/100
|turn|22
|
|t:|1757825489
|move|p1a: Moltres|Flamethrower|p2a: Primarina
|-resisted|p2a: Primarina
|-damage|p2a: Primarina|0 fnt
|faint|p2a: Primarina
|
|upkeep
|
|t:|1757825491
|switch|p2a: Arcanine|Arcanine-Hisui, M|100/100
|turn|23
|
|t:|1757825498
|move|p2a: Arcanine|Flare Blitz|p1a: Moltres
|-supereffective|p1a: Moltres
|-damage|p1a: Moltres|0 fnt
|faint|p1a: Moltres
|
|win|kashkash67
|raw|fqe52's rating: 1102 &rarr; <strong>1076</strong><br />(-26 for losing)
|raw|kashkash67's rating: 1082 &rarr; <strong>1111</strong><br />(+29 for winning)
|l|☆kashkash67
|player|p2|
|l|☆fqe52
|player|p1|
