|badge|p2|silver|gen9uu|30-6
|uhtml|medal-msg|<div class="broadcast-blue">Curious what those medals under the avatar are? PS now has Ladder Seasons! For more information, check out the <a href="https://www.smogon.com/forums/threads/3740067/">thread on Smogon.</a></div>
|j|☆ilikeplayingroblox
|j|☆ulky
|t:|1757943010
|gametype|singles
|player|p1|ilikeplayingroblox|allister|1590
|player|p2|ulky|rosa|1715
|gen|9
|tier|[Gen 9] OU
|rated|
|rule|HP Percentage Mod: HP is shown in percentages
|rule|Endless Battle Clause: Forcing endless battles is banned
|rule|Species Clause: Limit one of each Pokémon
|rule|OHKO Clause: OHKO moves are banned
|rule|Evasion Items Clause: Evasion items are banned
|rule|Evasion Moves Clause: Evasion moves are banned
|rule|Evasion Abilities Clause: Evasion abilities are banned
|rule|Sleep Moves Clause: Sleep-inducing moves are banned
|clearpoke
|poke|p1|Deoxys-Speed|
|poke|p1|Samurott-Hisui, F|
|poke|p1|Excadrill, M|
|poke|p1|Zamazenta-*|
|poke|p1|Moltres|
|poke|p1|Dragapult, F|
|poke|p2|Kyurem|
|poke|p2|Corviknight, F|
|poke|p2|Ting-Lu|
|poke|p2|Dondozo, F|
|poke|p2|Slowking-Galar, L99, F|
|poke|p2|Cinderace, F|
|teampreview
|inactive|Battle timer is ON: inactive players will automatically lose when time's up. (requested by ilikeplayingroblox)
|c|☆ilikeplayingroblox|is this sub protect kyurem
|
|t:|1757943054
|teamsize|p1|6
|teamsize|p2|6
|start
|switch|p1a: Dragapult|Dragapult, F|100/100
|switch|p2a: Slowking|Slowking-Galar, L99, F|100/100
|turn|1
|inactive|ulky has 120 seconds left.
|
|t:|1757943090
|move|p1a: Dragapult|Will-O-Wisp|p2a: Slowking|[miss]
|-miss|p1a: Dragapult|p2a: Slowking
|move|p2a: Slowking|Future Sight|p1a: Dragapult
|-start|p2a: Slowking|move: Future Sight
|
|upkeep
|turn|2
|
|t:|1757943099
|move|p1a: Dragapult|Thunder Wave|p2a: Slowking
|-status|p2a: Slowking|par
|move|p2a: Slowking|Toxic|p1a: Dragapult
|-status|p1a: Dragapult|tox
|
|-damage|p1a: Dragapult|94/100 tox|[from] psn
|upkeep
|turn|3
|
|t:|1757943109
|move|p1a: Dragapult|U-turn|p2a: Slowking
|-damage|p2a: Slowking|83/100 par
|
|t:|1757943112
|switch|p1a: Excadrill|Excadrill, M|100/100|[from] U-turn
|-ability|p1a: Excadrill|Mold Breaker
|-item|p1a: Excadrill|Air Balloon
|-prepare|p2a: Slowking|Chilly Reception|[premajor]
|move|p2a: Slowking|Chilly Reception|p2a: Slowking
|-weather|Snowscape
|
|t:|1757943126
|switch|p2a: Cinderace|Cinderace, F|100/100|[from] Chilly Reception
|
|-weather|Snowscape|[upkeep]
|-end|p1a: Excadrill|move: Future Sight
|-resisted|p1a: Excadrill
|-damage|p1a: Excadrill|70/100
|-enditem|p1a: Excadrill|Air Balloon
|upkeep
|turn|4
|
|t:|1757943131
|switch|p1a: Moltres|Moltres|100/100
|move|p2a: Cinderace|U-turn|p1a: Moltres
|-resisted|p1a: Moltres
|-damage|p1a: Moltres|96/100
|
|t:|1757943133
|switch|p2a: Kyurem|Kyurem|100/100|[from] U-turn
|-ability|p2a: Kyurem|Pressure
|
|-weather|Snowscape|[upkeep]
|upkeep
|turn|5
|
|t:|1757943139
|move|p2a: Kyurem|Substitute|p2a: Kyurem
|-start|p2a: Kyurem|Substitute
|-damage|p2a: Kyurem|75/100
|move|p1a: Moltres|U-turn|p2a: Kyurem
|-activate|p2a: Kyurem|move: Substitute|[damage]
|c|☆ilikeplayingroblox|yep
|
|t:|1757943153
|switch|p1a: Dragapult|Dragapult, F|94/100 tox|[from] U-turn
|
|-weather|Snowscape|[upkeep]
|-heal|p2a: Kyurem|82/100|[from] item: Leftovers
|-damage|p1a: Dragapult|88/100 tox|[from] psn
|upkeep
|turn|6
|
|t:|1757943160
|move|p2a: Kyurem|Protect|p2a: Kyurem
|-singleturn|p2a: Kyurem|Protect
|move|p1a: Dragapult|Hex|p2a: Kyurem
|-activate|p2a: Kyurem|move: Protect
|
|-weather|Snowscape|[upkeep]
|-heal|p2a: Kyurem|88/100|[from] item: Leftovers
|-damage|p1a: Dragapult|76/100 tox|[from] psn
|upkeep
|turn|7
|
|t:|1757943164
|move|p1a: Dragapult|Will-O-Wisp|p2a: Kyurem
|-status|p2a: Kyurem|brn
|move|p2a: Kyurem|Freeze-Dry|p1a: Dragapult
|-supereffective|p1a: Dragapult
|-damage|p1a: Dragapult|0 fnt
|faint|p1a: Dragapult
|
|-weather|none
|-heal|p2a: Kyurem|94/100 brn|[from] item: Leftovers
|-damage|p2a: Kyurem|88/100 brn|[from] brn
|upkeep
|
|t:|1757943173
|switch|p1a: Samurott|Samurott-Hisui, F|100/100
|turn|8
|inactive|ulky has 120 seconds left.
|inactive|ulky has 90 seconds left.
|
|t:|1757943249
|move|p2a: Kyurem|Freeze-Dry|p1a: Samurott
|-supereffective|p1a: Samurott
|-damage|p1a: Samurott|47/100
|move|p1a: Samurott|Ceaseless Edge|p2a: Kyurem
|-end|p2a: Kyurem|Substitute
|-sidestart|p2: ulky|Spikes
|
|-heal|p2a: Kyurem|94/100 brn|[from] item: Leftovers
|-damage|p2a: Kyurem|88/100 brn|[from] brn
|upkeep
|turn|9
|
|t:|1757943268
|move|p2a: Kyurem|Freeze-Dry|p1a: Samurott
|-supereffective|p1a: Samurott
|-damage|p1a: Samurott|0 fnt
|faint|p1a: Samurott
|
|-heal|p2a: Kyurem|94/100 brn|[from] item: Leftovers
|-damage|p2a: Kyurem|88/100 brn|[from] brn
|upkeep
|
|t:|1757943270
|switch|p1a: Zamazenta|Zamazenta|100/100
|-ability|p1a: Zamazenta|Dauntless Shield|boost
|-boost|p1a: Zamazenta|def|1
|turn|10
|inactive|ulky has 90 seconds left.
|
|t:|1757943286
|switch|p2a: Dondozo|Dondozo, F|100/100
|-damage|p2a: Dondozo|88/100|[from] Spikes
|move|p1a: Zamazenta|Close Combat|p2a: Dondozo
|-damage|p2a: Dondozo|54/100
|-unboost|p1a: Zamazenta|def|1
|-unboost|p1a: Zamazenta|spd|1
|-damage|p1a: Zamazenta|91/100|[from] item: Life Orb
|
|-heal|p2a: Dondozo|60/100|[from] item: Leftovers
|upkeep
|turn|11
|inactive|ulky has 90 seconds left.
|
|t:|1757943297
|move|p1a: Zamazenta|Close Combat|p2a: Dondozo
|-damage|p2a: Dondozo|26/100
|-unboost|p1a: Zamazenta|def|1
|-unboost|p1a: Zamazenta|spd|1
|-damage|p1a: Zamazenta|81/100|[from] item: Life Orb
|move|p2a: Dondozo|Rest|p2a: Dondozo
|-status|p2a: Dondozo|slp|[from] move: Rest
|-heal|p2a: Dondozo|100/100 slp|[silent]
|
|upkeep
|turn|12
|
|t:|1757943302
|switch|p1a: Deoxys|Deoxys-Speed|100/100
|-ability|p1a: Deoxys|Pressure
|cant|p2a: Dondozo|slp
|
|upkeep
|turn|13
|
|t:|1757943305
|switch|p2a: Slowking|Slowking-Galar, L99, F|100/100 par
|move|p1a: Deoxys|Psycho Boost|p2a: Slowking
|-damage|p2a: Slowking|42/100 par
|-unboost|p1a: Deoxys|spa|2
|
|upkeep
|turn|14
|
|t:|1757943312
|switch|p1a: Zamazenta|Zamazenta|81/100
|switch|p2a: Ting-Lu|Ting-Lu|100/100
|-damage|p2a: Ting-Lu|88/100|[from] Spikes
|-ability|p2a: Ting-Lu|Vessel of Ruin
|
|-heal|p2a: Ting-Lu|94/100|[from] item: Leftovers
|upkeep
|turn|15
|inactive|ulky has 120 seconds left.
|
|t:|1757943331
|switch|p2a: Dondozo|Dondozo, F|100/100 slp
|-damage|p2a: Dondozo|88/100 slp|[from] Spikes
|move|p1a: Zamazenta|Close Combat|p2a: Dondozo
|-damage|p2a: Dondozo|54/100 slp
|-unboost|p1a: Zamazenta|def|1
|-unboost|p1a: Zamazenta|spd|1
|-damage|p1a: Zamazenta|71/100|[from] item: Life Orb
|
|-heal|p2a: Dondozo|60/100 slp|[from] item: Leftovers
|upkeep
|turn|16
|
|t:|1757943340
|move|p1a: Zamazenta|Close Combat|p2a: Dondozo
|-damage|p2a: Dondozo|25/100 slp
|-unboost|p1a: Zamazenta|def|1
|-unboost|p1a: Zamazenta|spd|1
|-damage|p1a: Zamazenta|61/100|[from] item: Life Orb
|cant|p2a: Dondozo|slp
|
|-heal|p2a: Dondozo|31/100 slp|[from] item: Leftovers
|upkeep
|turn|17
|inactive|ulky has 120 seconds left.
|
|t:|1757943354
|switch|p2a: Slowking|Slowking-Galar, L99, F|75/100 par
|move|p1a: Zamazenta|Close Combat|p2a: Slowking
|-resisted|p2a: Slowking
|-damage|p2a: Slowking|54/100 par
|-unboost|p1a: Zamazenta|def|1
|-unboost|p1a: Zamazenta|spd|1
|-damage|p1a: Zamazenta|51/100|[from] item: Life Orb
|
|upkeep
|turn|18
|
|t:|1757943359
|switch|p2a: Corviknight|Corviknight, F|100/100
|-ability|p2a: Corviknight|Pressure
|move|p1a: Zamazenta|Crunch|p2a: Corviknight
|-damage|p2a: Corviknight|79/100
|-unboost|p2a: Corviknight|def|1
|-damage|p1a: Zamazenta|35/100|[from] item: Rocky Helmet|[of] p2a: Corviknight
|-damage|p1a: Zamazenta|25/100|[from] item: Life Orb
|
|upkeep
|turn|19
|
|t:|1757943364
|switch|p2a: Dondozo|Dondozo, F|31/100 slp
|-damage|p2a: Dondozo|19/100 slp|[from] Spikes
|move|p1a: Zamazenta|Close Combat|p2a: Dondozo
|-damage|p2a: Dondozo|0 fnt
|-unboost|p1a: Zamazenta|def|1
|-unboost|p1a: Zamazenta|spd|1
|faint|p2a: Dondozo
|-damage|p1a: Zamazenta|15/100|[from] item: Life Orb
|
|upkeep
|
|t:|1757943368
|switch|p2a: Corviknight|Corviknight, F|79/100
|-ability|p2a: Corviknight|Pressure
|turn|20
|
|t:|1757943374
|move|p1a: Zamazenta|Close Combat|p2a: Corviknight
|-damage|p2a: Corviknight|35/100
|-unboost|p1a: Zamazenta|def|1
|-unboost|p1a: Zamazenta|spd|1
|-damage|p1a: Zamazenta|0 fnt|[from] item: Rocky Helmet|[of] p2a: Corviknight
|faint|p1a: Zamazenta
|move|p2a: Corviknight|Roost|p2a: Corviknight
|-heal|p2a: Corviknight|85/100
|-singleturn|p2a: Corviknight|move: Roost
|
|upkeep
|
|t:|1757943378
|switch|p1a: Moltres|Moltres|96/100
|turn|21
|inactive|ulky has 120 seconds left.
|
|t:|1757943414
|switch|p2a: Slowking|Slowking-Galar, L99, F|87/100 par
|move|p1a: Moltres|Fire Blast|p2a: Slowking
|-damage|p2a: Slowking|61/100 par
|
|upkeep
|turn|22
|
|t:|1757943420
|move|p1a: Moltres|U-turn|p2a: Slowking
|-damage|p2a: Slowking|46/100 par
|
|t:|1757943422
|switch|p1a: Deoxys|Deoxys-Speed|100/100|[from] U-turn
|-ability|p1a: Deoxys|Pressure
|-prepare|p2a: Slowking|Chilly Reception|[premajor]
|move|p2a: Slowking|Chilly Reception|p2a: Slowking
|-weather|Snowscape
|inactive|ulky has 120 seconds left.
|
|t:|1757943467
|switch|p2a: Ting-Lu|Ting-Lu|94/100|[from] Chilly Reception
|-damage|p2a: Ting-Lu|82/100|[from] Spikes
|-ability|p2a: Ting-Lu|Vessel of Ruin
|
|-weather|Snowscape|[upkeep]
|-heal|p2a: Ting-Lu|88/100|[from] item: Leftovers
|upkeep
|turn|23
|
|t:|1757943473
|switch|p1a: Moltres|Moltres|96/100
|move|p2a: Ting-Lu|Payback|p1a: Moltres
|-damage|p1a: Moltres|78/100
|
|-weather|Snowscape|[upkeep]
|-heal|p2a: Ting-Lu|94/100|[from] item: Leftovers
|upkeep
|turn|24
|inactive|ulky has 90 seconds left.
|
|t:|1757943507
|move|p1a: Moltres|U-turn|p2a: Ting-Lu
|-supereffective|p2a: Ting-Lu
|-damage|p2a: Ting-Lu|79/100
|
|t:|1757943511
|switch|p1a: Excadrill|Excadrill, M|70/100|[from] U-turn
|-ability|p1a: Excadrill|Mold Breaker
|move|p2a: Ting-Lu|Payback|p1a: Excadrill
|-damage|p1a: Excadrill|44/100
|
|-weather|Snowscape|[upkeep]
|-heal|p2a: Ting-Lu|85/100|[from] item: Leftovers
|upkeep
|turn|25
|inactive|ulky has 90 seconds left.
|
|t:|1757943535
|switch|p1a: Moltres|Moltres|78/100
|move|p2a: Ting-Lu|Payback|p1a: Moltres
|-damage|p1a: Moltres|59/100
|
|-weather|Snowscape|[upkeep]
|-heal|p2a: Ting-Lu|91/100|[from] item: Leftovers
|upkeep
|turn|26
|
|t:|1757943540
|move|p1a: Moltres|Will-O-Wisp|p2a: Ting-Lu
|-status|p2a: Ting-Lu|brn
|move|p2a: Ting-Lu|Earthquake|p1a: Moltres
|-immune|p1a: Moltres
|
|-weather|none
|-heal|p2a: Ting-Lu|97/100 brn|[from] item: Leftovers
|-damage|p2a: Ting-Lu|91/100 brn|[from] brn
|upkeep
|turn|27
|
|t:|1757943543
|move|p1a: Moltres|Roost|p1a: Moltres
|-heal|p1a: Moltres|100/100
|-singleturn|p1a: Moltres|move: Roost
|move|p2a: Ting-Lu|Earthquake|p1a: Moltres
|-supereffective|p1a: Moltres
|-damage|p1a: Moltres|65/100
|
|-heal|p2a: Ting-Lu|97/100 brn|[from] item: Leftovers
|-damage|p2a: Ting-Lu|91/100 brn|[from] brn
|upkeep
|turn|28
|
|t:|1757943548
|move|p1a: Moltres|Fire Blast|p2a: Ting-Lu
|-damage|p2a: Ting-Lu|73/100 brn
|move|p2a: Ting-Lu|Earthquake|p1a: Moltres
|-immune|p1a: Moltres
|
|-heal|p2a: Ting-Lu|79/100 brn|[from] item: Leftovers
|-damage|p2a: Ting-Lu|73/100 brn|[from] brn
|upkeep
|turn|29
|
|t:|1757943551
|move|p1a: Moltres|Roost|p1a: Moltres
|-heal|p1a: Moltres|100/100
|-singleturn|p1a: Moltres|move: Roost
|move|p2a: Ting-Lu|Payback|p1a: Moltres
|-damage|p1a: Moltres|83/100
|
|-heal|p2a: Ting-Lu|79/100 brn|[from] item: Leftovers
|-damage|p2a: Ting-Lu|73/100 brn|[from] brn
|upkeep
|turn|30
|
|t:|1757943555
|move|p1a: Moltres|Fire Blast|p2a: Ting-Lu
|-damage|p2a: Ting-Lu|55/100 brn
|move|p2a: Ting-Lu|Earthquake|p1a: Moltres
|-immune|p1a: Moltres
|
|-heal|p2a: Ting-Lu|61/100 brn|[from] item: Leftovers
|-damage|p2a: Ting-Lu|55/100 brn|[from] brn
|upkeep
|turn|31
|
|t:|1757943558
|move|p1a: Moltres|Fire Blast|p2a: Ting-Lu
|-damage|p2a: Ting-Lu|35/100 brn
|move|p2a: Ting-Lu|Rest|p2a: Ting-Lu
|-status|p2a: Ting-Lu|slp|[from] move: Rest
|-heal|p2a: Ting-Lu|100/100 slp|[silent]
|
|upkeep
|turn|32
|
|t:|1757943562
|move|p1a: Moltres|U-turn|p2a: Ting-Lu
|-supereffective|p2a: Ting-Lu
|-damage|p2a: Ting-Lu|84/100 slp
|j| ilytrix
|
|t:|1757943569
|switch|p1a: Excadrill|Excadrill, M|44/100|[from] U-turn
|-ability|p1a: Excadrill|Mold Breaker
|cant|p2a: Ting-Lu|slp
|move|p2a: Ting-Lu|Sleep Talk|p2a: Ting-Lu
|move|p2a: Ting-Lu|Earthquake|p1a: Excadrill|[from] move: Sleep Talk
|-supereffective|p1a: Excadrill
|-damage|p1a: Excadrill|0 fnt
|faint|p1a: Excadrill
|
|-heal|p2a: Ting-Lu|90/100 slp|[from] item: Leftovers
|upkeep
|
|t:|1757943571
|switch|p1a: Deoxys|Deoxys-Speed|100/100
|-ability|p1a: Deoxys|Pressure
|turn|33
|
|t:|1757943589
|-terastallize|p1a: Deoxys|Dark
|move|p1a: Deoxys|Ice Beam|p2a: Ting-Lu
|-supereffective|p2a: Ting-Lu
|-damage|p2a: Ting-Lu|58/100 slp
|cant|p2a: Ting-Lu|slp
|move|p2a: Ting-Lu|Sleep Talk|p2a: Ting-Lu
|move|p2a: Ting-Lu|Earthquake|p1a: Deoxys|[from] move: Sleep Talk
|-damage|p1a: Deoxys|49/100
|
|-heal|p2a: Ting-Lu|64/100 slp|[from] item: Leftovers
|upkeep
|turn|34
|
|t:|1757943601
|switch|p1a: Moltres|Moltres|83/100
|-curestatus|p2a: Ting-Lu|slp|[msg]
|move|p2a: Ting-Lu|Earthquake|p1a: Moltres
|-immune|p1a: Moltres
|
|-heal|p2a: Ting-Lu|71/100|[from] item: Leftovers
|upkeep
|turn|35
|
|t:|1757943604
|move|p1a: Moltres|Will-O-Wisp|p2a: Ting-Lu|[miss]
|-miss|p1a: Moltres|p2a: Ting-Lu
|move|p2a: Ting-Lu|Payback|p1a: Moltres
|-crit|p1a: Moltres
|-damage|p1a: Moltres|31/100
|
|-heal|p2a: Ting-Lu|77/100|[from] item: Leftovers
|upkeep
|turn|36
|
|t:|1757943607
|move|p1a: Moltres|Will-O-Wisp|p2a: Ting-Lu
|-status|p2a: Ting-Lu|brn
|move|p2a: Ting-Lu|Payback|p1a: Moltres
|-damage|p1a: Moltres|11/100
|
|-heal|p2a: Ting-Lu|83/100 brn|[from] item: Leftovers
|-damage|p2a: Ting-Lu|77/100 brn|[from] brn
|upkeep
|turn|37
|
|t:|1757943611
|move|p1a: Moltres|Roost|p1a: Moltres
|-heal|p1a: Moltres|61/100
|-singleturn|p1a: Moltres|move: Roost
|move|p2a: Ting-Lu|Earthquake|p1a: Moltres
|-supereffective|p1a: Moltres
|-crit|p1a: Moltres
|-damage|p1a: Moltres|6/100
|
|-heal|p2a: Ting-Lu|83/100 brn|[from] item: Leftovers
|-damage|p2a: Ting-Lu|77/100 brn|[from] brn
|upkeep
|turn|38
|
|t:|1757943616
|move|p1a: Moltres|Roost|p1a: Moltres
|-heal|p1a: Moltres|56/100
|-singleturn|p1a: Moltres|move: Roost
|move|p2a: Ting-Lu|Earthquake|p1a: Moltres
|-supereffective|p1a: Moltres
|-damage|p1a: Moltres|23/100
|
|-heal|p2a: Ting-Lu|83/100 brn|[from] item: Leftovers
|-damage|p2a: Ting-Lu|77/100 brn|[from] brn
|upkeep
|turn|39
|
|t:|1757943619
|move|p1a: Moltres|Roost|p1a: Moltres
|-heal|p1a: Moltres|73/100
|-singleturn|p1a: Moltres|move: Roost
|move|p2a: Ting-Lu|Earthquake|p1a: Moltres
|-supereffective|p1a: Moltres
|-damage|p1a: Moltres|34/100
|
|-heal|p2a: Ting-Lu|83/100 brn|[from] item: Leftovers
|-damage|p2a: Ting-Lu|77/100 brn|[from] brn
|upkeep
|turn|40
|
|t:|1757943632
|move|p1a: Moltres|Roost|p1a: Moltres
|-heal|p1a: Moltres|85/100
|-singleturn|p1a: Moltres|move: Roost
|move|p2a: Ting-Lu|Earthquake|p1a: Moltres
|-supereffective|p1a: Moltres
|-damage|p1a: Moltres|48/100
|
|-heal|p2a: Ting-Lu|83/100 brn|[from] item: Leftovers
|-damage|p2a: Ting-Lu|77/100 brn|[from] brn
|upkeep
|turn|41
|
|t:|1757943643
|move|p1a: Moltres|Fire Blast|p2a: Ting-Lu
|-damage|p2a: Ting-Lu|57/100 brn
|move|p2a: Ting-Lu|Payback|p1a: Moltres
|-damage|p1a: Moltres|29/100
|
|-heal|p2a: Ting-Lu|64/100 brn|[from] item: Leftovers
|-damage|p2a: Ting-Lu|57/100 brn|[from] brn
|upkeep
|turn|42
|
|t:|1757943647
|move|p1a: Moltres|Fire Blast|p2a: Ting-Lu|[miss]
|-miss|p1a: Moltres|p2a: Ting-Lu
|move|p2a: Ting-Lu|Rest|p2a: Ting-Lu
|-status|p2a: Ting-Lu|slp|[from] move: Rest
|-heal|p2a: Ting-Lu|100/100 slp|[silent]
|
|upkeep
|turn|43
|
|t:|1757943650
|move|p1a: Moltres|Roost|p1a: Moltres
|-heal|p1a: Moltres|79/100
|-singleturn|p1a: Moltres|move: Roost
|cant|p2a: Ting-Lu|slp
|move|p2a: Ting-Lu|Sleep Talk|p2a: Ting-Lu
|move|p2a: Ting-Lu|Payback|p1a: Moltres|[from] move: Sleep Talk
|-damage|p1a: Moltres|43/100
|
|upkeep
|turn|44
|
|t:|1757943653
|move|p1a: Moltres|Roost|p1a: Moltres
|-heal|p1a: Moltres|93/100
|-singleturn|p1a: Moltres|move: Roost
|cant|p2a: Ting-Lu|slp
|move|p2a: Ting-Lu|Sleep Talk|p2a: Ting-Lu
|move|p2a: Ting-Lu|Rest||[from] move: Sleep Talk|[still]
|-fail|p2a: Ting-Lu
|
|upkeep
|turn|45
|
|t:|1757943658
|move|p1a: Moltres|Fire Blast|p2a: Ting-Lu|[miss]
|-miss|p1a: Moltres|p2a: Ting-Lu
|-curestatus|p2a: Ting-Lu|slp|[msg]
|move|p2a: Ting-Lu|Payback|p1a: Moltres
|-damage|p1a: Moltres|54/100
|-status|p2a: Ting-Lu|brn|[from] ability: Flame Body|[of] p1a: Moltres
|
|-damage|p2a: Ting-Lu|94/100 brn|[from] brn
|upkeep
|turn|46
|
|t:|1757943663
|move|p1a: Moltres|Will-O-Wisp|p2a: Ting-Lu
|-fail|p2a: Ting-Lu|brn
|move|p2a: Ting-Lu|Payback|p1a: Moltres
|-damage|p1a: Moltres|36/100
|
|-heal|p2a: Ting-Lu|100/100 brn|[from] item: Leftovers
|-damage|p2a: Ting-Lu|94/100 brn|[from] brn
|upkeep
|turn|47
|
|t:|1757943666
|move|p1a: Moltres|Fire Blast|p2a: Ting-Lu
|-damage|p2a: Ting-Lu|75/100 brn
|move|p2a: Ting-Lu|Payback|p1a: Moltres
|-damage|p1a: Moltres|19/100
|
|-heal|p2a: Ting-Lu|81/100 brn|[from] item: Leftovers
|-damage|p2a: Ting-Lu|75/100 brn|[from] brn
|upkeep
|turn|48
|
|t:|1757943670
|move|p1a: Moltres|Will-O-Wisp|p2a: Ting-Lu|[miss]
|-miss|p1a: Moltres|p2a: Ting-Lu
|move|p2a: Ting-Lu|Payback|p1a: Moltres
|-damage|p1a: Moltres|0 fnt
|faint|p1a: Moltres
|
|-heal|p2a: Ting-Lu|81/100 brn|[from] item: Leftovers
|-damage|p2a: Ting-Lu|75/100 brn|[from] brn
|upkeep
|
|t:|1757943673
|switch|p1a: Deoxys|Deoxys-Speed, tera:Dark|49/100
|-ability|p1a: Deoxys|Pressure
|turn|49
|
|t:|1757943676
|move|p1a: Deoxys|Ice Beam|p2a: Ting-Lu
|-supereffective|p2a: Ting-Lu
|-damage|p2a: Ting-Lu|38/100 brn
|move|p2a: Ting-Lu|Earthquake|p1a: Deoxys
|-damage|p1a: Deoxys|23/100
|
|-heal|p2a: Ting-Lu|44/100 brn|[from] item: Leftovers
|-damage|p2a: Ting-Lu|38/100 brn|[from] brn
|upkeep
|turn|50
|
|t:|1757943686
|-terastallize|p2a: Ting-Lu|Water
|move|p1a: Deoxys|Ice Beam|p2a: Ting-Lu
|-resisted|p2a: Ting-Lu
|-damage|p2a: Ting-Lu|30/100 brn
|move|p2a: Ting-Lu|Rest|p2a: Ting-Lu
|-status|p2a: Ting-Lu|slp|[from] move: Rest
|-heal|p2a: Ting-Lu|100/100 slp|[silent]
|
|upkeep
|turn|51
|-message|ilikeplayingroblox forfeited.
|
|win|ulky
|raw|ilikeplayingroblox's rating: 1590 &rarr; <strong>1578</strong><br />(-12 for losing)
|raw|ulky's rating: 1733 &rarr; <strong>1745</strong><br />(+12 for winning)
|l|☆ilikeplayingroblox
|player|p1|
|l| ilytrix
|l|☆ulky
|player|p2|
