|j|☆EABL XD
|j|☆Lych0966
|t:|1757849645
|gametype|singles
|player|p1|EABL XD|1|1340
|player|p2|Lych0966|giovanni|1390
|gen|9
|tier|[Gen 9] OU
|rated|
|rule|HP Percentage Mod: HP is shown in percentages
|rule|Endless Battle Clause: Forcing endless battles is banned
|rule|Species Clause: Limit one of each Pokémon
|rule|OHKO Clause: OHKO moves are banned
|rule|Evasion Items Clause: Evasion items are banned
|rule|Evasion Moves Clause: Evasion moves are banned
|rule|Evasion Abilities Clause: Evasion abilities are banned
|rule|Sleep Moves Clause: Sleep-inducing moves are banned
|clearpoke
|poke|p1|Enamorus, F|
|poke|p1|Araquanid, M|
|poke|p1|Raging Bolt|
|poke|p1|Gholdengo|
|poke|p1|Kingambit, M|
|poke|p1|Great Tusk|
|poke|p2|Landorus-Therian, M|
|poke|p2|Greninja-*, M|
|poke|p2|Dragonite, M|
|poke|p2|Meowscarada, M|
|poke|p2|Iron Valiant|
|poke|p2|Cinderace, F|
|teampreview
|
|t:|1757849661
|teamsize|p1|6
|teamsize|p2|6
|start
|switch|p1a: Bubble Bobble|Araquanid, M|100/100
|switch|p2a: TRAVELO|Meowscarada, M|100/100
|turn|1
|
|t:|1757849667
|move|p2a: TRAVELO|U-turn|p1a: Bubble Bobble
|-start|p2a: TRAVELO|typechange|Bug|[from] ability: Protean
|-damage|p1a: Bubble Bobble|61/100
|
|t:|1757849672
|switch|p2a: Chef.CRETIN|Cinderace, F|100/100|[from] U-turn
|move|p1a: Bubble Bobble|Sticky Web|p2a: Chef.CRETIN
|-sidestart|p2: Lych0966|move: Sticky Web
|
|-heal|p1a: Bubble Bobble|67/100|[from] item: Leftovers
|upkeep
|turn|2
|
|t:|1757849678
|move|p2a: Chef.CRETIN|Court Change|p2a: Chef.CRETIN
|-start|p2a: Chef.CRETIN|typechange|Normal|[from] ability: Libero
|-swapsideconditions
|-activate|p2a: Chef.CRETIN|move: Court Change
|move|p1a: Bubble Bobble|Liquidation|p2a: Chef.CRETIN
|-damage|p2a: Chef.CRETIN|41/100
|
|-heal|p1a: Bubble Bobble|73/100|[from] item: Leftovers
|upkeep
|turn|3
|
|t:|1757849684
|move|p2a: Chef.CRETIN|Pyro Ball|p1a: Bubble Bobble
|-damage|p1a: Bubble Bobble|58/100
|move|p1a: Bubble Bobble|Sticky Web|p2a: Chef.CRETIN
|-sidestart|p2: Lych0966|move: Sticky Web
|
|-heal|p1a: Bubble Bobble|64/100|[from] item: Leftovers
|upkeep
|turn|4
|
|t:|1757849689
|move|p2a: Chef.CRETIN|U-turn|p1a: Bubble Bobble
|-damage|p1a: Bubble Bobble|46/100
|
|t:|1757849691
|switch|p2a: FERNANDO|Landorus-Therian, M|100/100|[from] U-turn
|-ability|p2a: FERNANDO|Intimidate|boost
|-unboost|p1a: Bubble Bobble|atk|1
|move|p1a: Bubble Bobble|Leech Life|p2a: FERNANDO
|-resisted|p2a: FERNANDO
|-damage|p2a: FERNANDO|93/100
|-heal|p1a: Bubble Bobble|50/100|[from] drain|[of] p2a: FERNANDO
|
|-heal|p1a: Bubble Bobble|56/100|[from] item: Leftovers
|upkeep
|turn|5
|
|t:|1757849698
|move|p2a: FERNANDO|Stone Edge|p1a: Bubble Bobble
|-supereffective|p1a: Bubble Bobble
|-crit|p1a: Bubble Bobble
|-damage|p1a: Bubble Bobble|0 fnt
|faint|p1a: Bubble Bobble
|
|upkeep
|
|t:|1757849709
|switch|p1a: Tusk Act 4|Great Tusk|100/100
|turn|6
|
|t:|1757849716
|switch|p2a: Chef.CRETIN|Cinderace, F|41/100
|move|p1a: Tusk Act 4|Rapid Spin|p2a: Chef.CRETIN
|-damage|p2a: Chef.CRETIN|17/100
|-boost|p1a: Tusk Act 4|spe|1
|-sideend|p1: EABL XD|Sticky Web|[from] move: Rapid Spin|[of] p1a: Tusk Act 4
|
|upkeep
|turn|7
|
|t:|1757849724
|move|p1a: Tusk Act 4|Rapid Spin|p2a: Chef.CRETIN
|-damage|p2a: Chef.CRETIN|0 fnt
|-boost|p1a: Tusk Act 4|spe|1
|faint|p2a: Chef.CRETIN
|
|upkeep
|
|t:|1757849733
|switch|p2a: FERNANDO|Landorus-Therian, M|93/100
|-ability|p2a: FERNANDO|Intimidate|boost
|-unboost|p1a: Tusk Act 4|atk|1
|turn|8
|
|t:|1757849736
|-terastallize|p2a: FERNANDO|Ice
|move|p1a: Tusk Act 4|Ice Spinner|p2a: FERNANDO
|-resisted|p2a: FERNANDO
|-damage|p2a: FERNANDO|81/100
|move|p2a: FERNANDO|Tera Blast|p1a: Tusk Act 4|[anim] Tera Blast Ice
|-supereffective|p1a: Tusk Act 4
|-damage|p1a: Tusk Act 4|33/100
|
|upkeep
|turn|9
|
|t:|1757849742
|move|p1a: Tusk Act 4|Close Combat|p2a: FERNANDO
|-supereffective|p2a: FERNANDO
|-damage|p2a: FERNANDO|0 fnt
|-unboost|p1a: Tusk Act 4|def|1
|-unboost|p1a: Tusk Act 4|spd|1
|faint|p2a: FERNANDO
|
|upkeep
|
|t:|1757849746
|switch|p2a: EAUMOPHOBE|Greninja, M|100/100
|-activate|p2a: EAUMOPHOBE|move: Sticky Web
|-unboost|p2a: EAUMOPHOBE|spe|1
|turn|10
|
|t:|1757849752
|-end|p1a: Tusk Act 4|Protosynthesis|[silent]
|switch|p1a: Melman|Raging Bolt|100/100
|move|p2a: EAUMOPHOBE|Water Shuriken|p1a: Melman
|-resisted|p1a: Melman
|-damage|p1a: Melman|96/100
|-resisted|p1a: Melman
|-damage|p1a: Melman|92/100
|-hitcount|p1a: Melman|2
|-damage|p2a: EAUMOPHOBE|91/100|[from] item: Life Orb
|
|-heal|p1a: Melman|98/100|[from] item: Leftovers
|upkeep
|turn|11
|
|t:|1757849758
|switch|p2a: RICK-DE-FER|Iron Valiant|100/100
|-activate|p2a: RICK-DE-FER|move: Sticky Web
|-unboost|p2a: RICK-DE-FER|spe|1
|-enditem|p2a: RICK-DE-FER|Booster Energy
|-activate|p2a: RICK-DE-FER|ability: Quark Drive|[fromitem]
|-start|p2a: RICK-DE-FER|quarkdrivespa
|move|p1a: Melman|Calm Mind|p1a: Melman
|-boost|p1a: Melman|spa|1
|-boost|p1a: Melman|spd|1
|
|-heal|p1a: Melman|100/100|[from] item: Leftovers
|upkeep
|turn|12
|
|t:|1757849768
|move|p2a: RICK-DE-FER|Moonblast|p1a: Melman
|-supereffective|p1a: Melman
|-damage|p1a: Melman|21/100
|-unboost|p1a: Melman|spa|1
|move|p1a: Melman|Roar|p2a: RICK-DE-FER
|-end|p2a: RICK-DE-FER|Quark Drive|[silent]
|drag|p2a: TRAVELO|Meowscarada, M|100/100
|-activate|p2a: TRAVELO|move: Sticky Web
|-unboost|p2a: TRAVELO|spe|1
|
|-heal|p1a: Melman|27/100|[from] item: Leftovers
|upkeep
|turn|13
|
|t:|1757849775
|move|p2a: TRAVELO|Sucker Punch|p1a: Melman
|-start|p2a: TRAVELO|typechange|Dark|[from] ability: Protean
|-damage|p1a: Melman|0 fnt
|faint|p1a: Melman
|-end|p1a: Melman|Protosynthesis|[silent]
|
|upkeep
|
|t:|1757849782
|switch|p1a: Rico Mc' Golden|Gholdengo|100/100
|-item|p1a: Rico Mc' Golden|Air Balloon
|turn|14
|
|t:|1757849785
|move|p2a: TRAVELO|Sucker Punch||[still]
|-fail|p2a: TRAVELO
|move|p1a: Rico Mc' Golden|Thunder Wave|p2a: TRAVELO
|-status|p2a: TRAVELO|par
|
|upkeep
|turn|15
|
|t:|1757849789
|switch|p1a: Tusk Act 4|Great Tusk|33/100
|cant|p2a: TRAVELO|par
|
|upkeep
|turn|16
|
|t:|1757849795
|move|p2a: TRAVELO|Sucker Punch|p1a: Tusk Act 4
|-resisted|p1a: Tusk Act 4
|-damage|p1a: Tusk Act 4|15/100
|move|p1a: Tusk Act 4|Close Combat|p2a: TRAVELO
|-supereffective|p2a: TRAVELO
|-damage|p2a: TRAVELO|0 fnt
|-unboost|p1a: Tusk Act 4|def|1
|-unboost|p1a: Tusk Act 4|spd|1
|faint|p2a: TRAVELO
|
|upkeep
|
|t:|1757849799
|switch|p2a: EAUMOPHOBE|Greninja, M|91/100
|-activate|p2a: EAUMOPHOBE|move: Sticky Web
|-unboost|p2a: EAUMOPHOBE|spe|1
|turn|17
|
|t:|1757849816
|-end|p1a: Tusk Act 4|Protosynthesis|[silent]
|switch|p1a: Rico Mc' Golden|Gholdengo|100/100
|-item|p1a: Rico Mc' Golden|Air Balloon
|move|p2a: EAUMOPHOBE|Water Shuriken|p1a: Rico Mc' Golden
|-damage|p1a: Rico Mc' Golden|89/100
|-enditem|p1a: Rico Mc' Golden|Air Balloon
|-damage|p1a: Rico Mc' Golden|78/100
|-damage|p1a: Rico Mc' Golden|67/100
|-hitcount|p1a: Rico Mc' Golden|3
|-damage|p2a: EAUMOPHOBE|81/100|[from] item: Life Orb
|
|upkeep
|turn|18
|
|t:|1757849825
|move|p1a: Rico Mc' Golden|Thunder Wave|p2a: EAUMOPHOBE
|-status|p2a: EAUMOPHOBE|par
|move|p2a: EAUMOPHOBE|Ice Beam|p1a: Rico Mc' Golden
|-resisted|p1a: Rico Mc' Golden
|-damage|p1a: Rico Mc' Golden|47/100
|-damage|p2a: EAUMOPHOBE|71/100 par|[from] item: Life Orb
|
|upkeep
|turn|19
|
|t:|1757849832
|move|p1a: Rico Mc' Golden|Dazzling Gleam|p2a: EAUMOPHOBE
|-supereffective|p2a: EAUMOPHOBE
|-damage|p2a: EAUMOPHOBE|0 fnt
|faint|p2a: EAUMOPHOBE
|
|upkeep
|
|t:|1757849834
|switch|p2a: CARTMAN|Dragonite, M|100/100
|turn|20
|
|t:|1757849841
|move|p1a: Rico Mc' Golden|Thunder Wave|p2a: CARTMAN
|-status|p2a: CARTMAN|par
|move|p2a: CARTMAN|Dragon Dance|p2a: CARTMAN
|-boost|p2a: CARTMAN|atk|1
|-boost|p2a: CARTMAN|spe|1
|
|upkeep
|turn|21
|
|t:|1757849852
|move|p1a: Rico Mc' Golden|Shadow Ball|p2a: CARTMAN
|-damage|p2a: CARTMAN|80/100 par
|move|p2a: CARTMAN|Earthquake|p1a: Rico Mc' Golden
|-supereffective|p1a: Rico Mc' Golden
|-damage|p1a: Rico Mc' Golden|0 fnt
|faint|p1a: Rico Mc' Golden
|
|upkeep
|
|t:|1757849861
|switch|p1a: Tusk Act 4|Great Tusk|15/100
|turn|22
|
|t:|1757849865
|move|p2a: CARTMAN|Extreme Speed|p1a: Tusk Act 4
|-damage|p1a: Tusk Act 4|0 fnt
|faint|p1a: Tusk Act 4
|-end|p1a: Tusk Act 4|Protosynthesis|[silent]
|
|upkeep
|
|t:|1757849870
|switch|p1a: Jazmín|Enamorus, F|100/100
|turn|23
|
|t:|1757849875
|-terastallize|p1a: Jazmín|Stellar
|move|p2a: CARTMAN|Extreme Speed|p1a: Jazmín
|-damage|p1a: Jazmín|31/100
|move|p1a: Jazmín|Moonblast|p2a: CARTMAN
|-supereffective|p2a: CARTMAN
|-damage|p2a: CARTMAN|0 fnt
|faint|p2a: CARTMAN
|-damage|p1a: Jazmín|21/100|[from] item: Life Orb
|
|upkeep
|
|t:|1757849882
|switch|p2a: RICK-DE-FER|Iron Valiant|100/100
|-activate|p2a: RICK-DE-FER|move: Sticky Web
|-unboost|p2a: RICK-DE-FER|spe|1
|turn|24
|
|t:|1757849885
|move|p1a: Jazmín|Iron Head|p2a: RICK-DE-FER
|-supereffective|p2a: RICK-DE-FER
|-damage|p2a: RICK-DE-FER|3/100
|-damage|p1a: Jazmín|12/100|[from] item: Life Orb
|move|p2a: RICK-DE-FER|Moonblast|p1a: Jazmín
|-damage|p1a: Jazmín|0 fnt
|faint|p1a: Jazmín
|
|upkeep
|
|t:|1757849891
|switch|p1a: Rey Gambito|Kingambit, M|100/100
|-activate|p1a: Rey Gambito|ability: Supreme Overlord
|-start|p1a: Rey Gambito|fallen5|[silent]
|turn|25
|
|t:|1757849894
|move|p1a: Rey Gambito|Sucker Punch||[still]
|-fail|p1a: Rey Gambito
|move|p2a: RICK-DE-FER|Destiny Bond|p2a: RICK-DE-FER
|-singlemove|p2a: RICK-DE-FER|Destiny Bond
|
|upkeep
|turn|26
|
|t:|1757849898
|move|p1a: Rey Gambito|Sucker Punch|p2a: RICK-DE-FER
|-resisted|p2a: RICK-DE-FER
|-damage|p2a: RICK-DE-FER|0 fnt
|faint|p2a: RICK-DE-FER
|-activate|p2a: RICK-DE-FER|move: Destiny Bond
|-end|p2a: RICK-DE-FER|Quark Drive|[silent]
|faint|p1a: Rey Gambito
|-end|p1a: Rey Gambito|fallen5|[silent]
|
|win|EABL XD
|raw|EABL XD's rating: 1340 &rarr; <strong>1363</strong><br />(+23 for winning)
|raw|Lych0966's rating: 1390 &rarr; <strong>1367</strong><br />(-23 for losing)
