|j|☆GenericEdgeLrd
|j|☆SelfLess Hero
|t:|1757853184
|gametype|singles
|player|p1|GenericEdgeLrd|gentleman-gen4|1226
|player|p2|SelfLess Hero|skier|1240
|gen|9
|tier|[Gen 9] OU
|rated|
|rule|HP Percentage Mod: HP is shown in percentages
|rule|Endless Battle Clause: Forcing endless battles is banned
|rule|Species Clause: Limit one of each Pokémon
|rule|OHKO Clause: OHKO moves are banned
|rule|Evasion Items Clause: Evasion items are banned
|rule|Evasion Moves Clause: Evasion moves are banned
|rule|Evasion Abilities Clause: Evasion abilities are banned
|rule|Sleep Moves Clause: Sleep-inducing moves are banned
|clearpoke
|poke|p1|Scizor, M|
|poke|p1|Talonflame, M|
|poke|p1|Weavile, F|
|poke|p1|Raging Bolt|
|poke|p1|Dragonite, F|
|poke|p1|Slowking-Galar, F|
|poke|p2|Indeedee, M|
|poke|p2|Hatterene, F|
|poke|p2|Ursaluna, F|
|poke|p2|Hoopa-Unbound|
|poke|p2|Mimikyu, F|
|poke|p2|Iron Hands|
|teampreview
|inactive|Battle timer is ON: inactive players will automatically lose when time's up. (requested by GenericEdgeLrd)
|inactive|SelfLess Hero has 120 seconds left.
|
|t:|1757853228
|teamsize|p1|6
|teamsize|p2|6
|start
|switch|p1a: Scizor|Scizor, M|100/100
|switch|p2a: Wizard Of Oz|Indeedee, M|100/100
|-fieldstart|move: Psychic Terrain|[from] ability: Psychic Surge|[of] p2a: Wizard Of Oz
|turn|1
|
|t:|1757853236
|move|p1a: Scizor|U-turn|p2a: Wizard Of Oz
|-supereffective|p2a: Wizard Of Oz
|-damage|p2a: Wizard Of Oz|14/100
|
|t:|1757853241
|switch|p1a: Weavile|Weavile, F|100/100|[from] U-turn
|move|p2a: Wizard Of Oz|Trick Room|p2a: Wizard Of Oz
|-fieldstart|move: Trick Room|[of] p2a: Wizard Of Oz
|
|upkeep
|turn|2
|
|t:|1757853247
|move|p2a: Wizard Of Oz|Healing Wish|p2a: Wizard Of Oz
|faint|p2a: Wizard Of Oz
|move|p1a: Weavile|Knock Off|p2: Wizard Of Oz|[notarget]
|-fail|p1a: Weavile
|
|upkeep
|
|t:|1757853255
|switch|p2a: Nepalese Protestor|Iron Hands|100/100
|-enditem|p2a: Nepalese Protestor|Booster Energy
|-activate|p2a: Nepalese Protestor|ability: Quark Drive|[fromitem]
|-start|p2a: Nepalese Protestor|quarkdriveatk
|turn|3
|
|t:|1757853266
|switch|p1a: Raging Bolt|Raging Bolt|100/100
|move|p2a: Nepalese Protestor|Supercell Slam|p1a: Raging Bolt
|-resisted|p1a: Raging Bolt
|-damage|p1a: Raging Bolt|85/100
|
|-heal|p1a: Raging Bolt|91/100|[from] item: Leftovers
|upkeep
|turn|4
|
|t:|1757853279
|-end|p1a: Raging Bolt|Protosynthesis|[silent]
|switch|p1a: Slowking|Slowking-Galar, F|100/100
|move|p2a: Nepalese Protestor|Ice Punch|p1a: Slowking
|-damage|p1a: Slowking|56/100
|-status|p1a: Slowking|frz
|
|upkeep
|turn|5
|
|t:|1757853288
|cant|p1a: Slowking|frz
|move|p2a: Nepalese Protestor|Close Combat|p1a: Slowking
|-resisted|p1a: Slowking
|-damage|p1a: Slowking|30/100 frz
|-unboost|p2a: Nepalese Protestor|def|1
|-unboost|p2a: Nepalese Protestor|spd|1
|
|-fieldend|move: Trick Room
|upkeep
|turn|6
|
|t:|1757853302
|switch|p1a: Raging Bolt|Raging Bolt|91/100
|move|p2a: Nepalese Protestor|Supercell Slam|p1a: Raging Bolt|[miss]
|-miss|p2a: Nepalese Protestor|p1a: Raging Bolt
|-damage|p2a: Nepalese Protestor|50/100|[from] supercellslam
|
|-heal|p1a: Raging Bolt|97/100|[from] item: Leftovers
|upkeep
|turn|7
|
|t:|1757853320
|move|p1a: Raging Bolt|Draco Meteor|p2a: Nepalese Protestor|[miss]
|-miss|p1a: Raging Bolt|p2a: Nepalese Protestor
|move|p2a: Nepalese Protestor|Ice Punch|p1a: Raging Bolt
|-supereffective|p1a: Raging Bolt
|-damage|p1a: Raging Bolt|37/100
|
|-heal|p1a: Raging Bolt|43/100|[from] item: Leftovers
|upkeep
|turn|8
|
|t:|1757853330
|-end|p1a: Raging Bolt|Protosynthesis|[silent]
|switch|p1a: Slowking|Slowking-Galar, F|64/100 frz
|-end|p2a: Nepalese Protestor|Quark Drive|[silent]
|switch|p2a: The JINN!|Mimikyu, F|100/100
|
|-fieldend|move: Psychic Terrain
|upkeep
|turn|9
|
|t:|1757853337
|switch|p1a: Talonflame|Talonflame, M|100/100
|move|p2a: The JINN!|Trick Room|p2a: The JINN!
|-fieldstart|move: Trick Room|[of] p2a: The JINN!
|
|upkeep
|turn|10
|
|t:|1757853344
|switch|p2a: Arab Teenager|Ursaluna, F|100/100
|move|p1a: Talonflame|U-turn|p2a: Arab Teenager
|-damage|p2a: Arab Teenager|89/100
|
|t:|1757853359
|switch|p1a: Scizor|Scizor, M|100/100|[from] U-turn
|
|-status|p2a: Arab Teenager|brn|[from] item: Flame Orb
|upkeep
|turn|11
|
|t:|1757853369
|switch|p1a: Slowking|Slowking-Galar, F|97/100 frz
|move|p2a: Arab Teenager|Supercell Slam|p1a: Slowking
|-damage|p1a: Slowking|33/100 frz
|
|-damage|p2a: Arab Teenager|83/100 brn|[from] brn
|upkeep
|turn|12
|
|t:|1757853387
|switch|p1a: Talonflame|Talonflame, M|100/100
|-terastallize|p2a: Arab Teenager|Normal
|move|p2a: Arab Teenager|Facade|p1a: Talonflame
|-damage|p1a: Talonflame|0 fnt
|faint|p1a: Talonflame
|
|-damage|p2a: Arab Teenager|77/100 brn|[from] brn
|upkeep
|
|t:|1757853396
|switch|p1a: Slowking|Slowking-Galar, F|67/100 frz
|turn|13
|
|t:|1757853416
|cant|p1a: Slowking|frz
|move|p2a: Arab Teenager|Facade|p1a: Slowking
|-damage|p1a: Slowking|0 fnt
|faint|p1a: Slowking
|
|-damage|p2a: Arab Teenager|71/100 brn|[from] brn
|-fieldend|move: Trick Room
|upkeep
|
|t:|1757853426
|switch|p1a: Dragonite|Dragonite, F|100/100
|turn|14
|
|t:|1757853437
|switch|p1a: Scizor|Scizor, M|100/100
|move|p2a: Arab Teenager|Ice Punch|p1a: Scizor
|-resisted|p1a: Scizor
|-damage|p1a: Scizor|77/100
|
|-heal|p1a: Scizor|83/100|[from] item: Leftovers
|-damage|p2a: Arab Teenager|65/100 brn|[from] brn
|upkeep
|turn|15
|
|t:|1757853445
|move|p1a: Scizor|Close Combat|p2a: Arab Teenager
|-supereffective|p2a: Arab Teenager
|-crit|p2a: Arab Teenager
|-damage|p2a: Arab Teenager|0 fnt
|-unboost|p1a: Scizor|def|1
|-unboost|p1a: Scizor|spd|1
|faint|p2a: Arab Teenager
|
|-heal|p1a: Scizor|89/100|[from] item: Leftovers
|upkeep
|
|t:|1757853453
|switch|p2a: The JINN!|Mimikyu, F|100/100
|turn|16
|
|t:|1757853456
|move|p1a: Scizor|U-turn|p2a: The JINN!
|-activate|p2a: The JINN!|ability: Disguise
|-damage|p2a: The JINN!|100/100
|detailschange|p2a: The JINN!|Mimikyu-Busted, F
|-damage|p2a: The JINN!|88/100|[from] pokemon: Mimikyu-Busted
|-enditem|p2a: The JINN!|Red Card|[of] p1a: Scizor
|drag|p1a: Weavile|Weavile, F|100/100
|move|p2a: The JINN!|Trick Room|p2a: The JINN!
|-fieldstart|move: Trick Room|[of] p2a: The JINN!
|
|upkeep
|turn|17
|
|t:|1757853467
|switch|p1a: Scizor|Scizor, M|89/100
|move|p2a: The JINN!|Play Rough|p1a: Scizor
|-resisted|p1a: Scizor
|-damage|p1a: Scizor|76/100
|
|-heal|p1a: Scizor|82/100|[from] item: Leftovers
|upkeep
|turn|18
|
|t:|1757853476
|move|p1a: Scizor|U-turn|p2a: The JINN!
|-resisted|p2a: The JINN!
|-damage|p2a: The JINN!|79/100
|
|t:|1757853483
|switch|p1a: Raging Bolt|Raging Bolt|43/100|[from] U-turn
|move|p2a: The JINN!|Curse|p1a: Raging Bolt
|-start|p1a: Raging Bolt|Curse|[of] p2a: The JINN!
|-damage|p2a: The JINN!|29/100
|
|-heal|p1a: Raging Bolt|49/100|[from] item: Leftovers
|-damage|p1a: Raging Bolt|24/100|[from] Curse
|upkeep
|turn|19
|
|t:|1757853493
|-end|p1a: Raging Bolt|Protosynthesis|[silent]
|switch|p1a: Scizor|Scizor, M|82/100
|switch|p2a: Masala Magic|Hatterene, F|100/100
|
|-heal|p1a: Scizor|88/100|[from] item: Leftovers
|upkeep
|turn|20
|
|t:|1757853500
|move|p2a: Masala Magic|Mystical Fire|p1a: Scizor
|-supereffective|p1a: Scizor
|-damage|p1a: Scizor|0 fnt
|faint|p1a: Scizor
|-damage|p2a: Masala Magic|91/100|[from] item: Life Orb
|
|-fieldend|move: Trick Room
|upkeep
|
|t:|1757853511
|switch|p1a: Weavile|Weavile, F|100/100
|turn|21
|
|t:|1757853516
|move|p1a: Weavile|Triple Axel|p2a: Masala Magic|[miss]
|-miss|p1a: Weavile|p2a: Masala Magic
|move|p2a: Masala Magic|Trick Room|p2a: Masala Magic
|-fieldstart|move: Trick Room|[of] p2a: Masala Magic
|
|upkeep
|turn|22
|
|t:|1757853530
|switch|p1a: Raging Bolt|Raging Bolt|24/100
|move|p2a: Masala Magic|Draining Kiss|p1a: Raging Bolt
|-supereffective|p1a: Raging Bolt
|-damage|p1a: Raging Bolt|0 fnt
|-heal|p2a: Masala Magic|100/100|[from] drain|[of] p1a: Raging Bolt
|faint|p1a: Raging Bolt
|-end|p1a: Raging Bolt|Protosynthesis|[silent]
|-damage|p2a: Masala Magic|91/100|[from] item: Life Orb
|
|upkeep
|
|t:|1757853536
|switch|p1a: Dragonite|Dragonite, F|100/100
|turn|23
|
|t:|1757853553
|-terastallize|p1a: Dragonite|Fairy
|move|p2a: Masala Magic|Draining Kiss|p1a: Dragonite
|-damage|p1a: Dragonite|82/100
|-heal|p2a: Masala Magic|100/100|[from] drain|[of] p1a: Dragonite
|-damage|p2a: Masala Magic|91/100|[from] item: Life Orb
|move|p1a: Dragonite|Dragon Dance|p1a: Dragonite
|-boost|p1a: Dragonite|atk|1
|-boost|p1a: Dragonite|spe|1
|
|upkeep
|turn|24
|
|t:|1757853570
|switch|p2a: The JINN!|Mimikyu-Busted, F|29/100
|-heal|p2a: The JINN!|100/100|[from] move: Healing Wish
|move|p1a: Dragonite|Dragon Dance|p1a: Dragonite
|-boost|p1a: Dragonite|atk|1
|-boost|p1a: Dragonite|spe|1
|
|upkeep
|turn|25
|
|t:|1757853580
|move|p2a: The JINN!|Curse|p1a: Dragonite
|-start|p1a: Dragonite|Curse|[of] p2a: The JINN!
|-damage|p2a: The JINN!|50/100
|move|p1a: Dragonite|Tera Blast|p2a: The JINN!|[anim] Tera Blast Fairy
|-damage|p2a: The JINN!|0 fnt
|faint|p2a: The JINN!
|
|-damage|p1a: Dragonite|57/100|[from] Curse
|-fieldend|move: Trick Room
|upkeep
|
|t:|1757853594
|switch|p2a: Masala Magic|Hatterene, F|91/100
|turn|26
|
|t:|1757853599
|move|p1a: Dragonite|Tera Blast|p2a: Masala Magic|[anim] Tera Blast Fairy
|-damage|p2a: Masala Magic|0 fnt
|faint|p2a: Masala Magic
|
|-damage|p1a: Dragonite|32/100|[from] Curse
|upkeep
|
|t:|1757853605
|switch|p2a: Bashar Al Asad|Hoopa-Unbound|100/100
|turn|27
|
|t:|1757853608
|move|p1a: Dragonite|Tera Blast|p2a: Bashar Al Asad|[anim] Tera Blast Fairy
|-supereffective|p2a: Bashar Al Asad
|-damage|p2a: Bashar Al Asad|0 fnt
|faint|p2a: Bashar Al Asad
|
|-damage|p1a: Dragonite|7/100|[from] Curse
|upkeep
|-message|SelfLess Hero forfeited.
|
|win|GenericEdgeLrd
|raw|GenericEdgeLrd's rating: 1226 &rarr; <strong>1252</strong><br />(+26 for winning)
|raw|SelfLess Hero's rating: 1240 &rarr; <strong>1214</strong><br />(-26 for losing)
|l|☆SelfLess Hero
|player|p2|
