|j|☆Underquill
|j|☆darretyle2
|t:|1757853643
|gametype|singles
|player|p1|Underquill|2|1380
|player|p2|darretyle2|102|1354
|gen|9
|tier|[Gen 9] OU
|rated|
|rule|HP Percentage Mod: HP is shown in percentages
|rule|Endless Battle Clause: Forcing endless battles is banned
|rule|Species Clause: Limit one of each Pokémon
|rule|OHKO Clause: OHKO moves are banned
|rule|Evasion Items Clause: Evasion items are banned
|rule|Evasion Moves Clause: Evasion moves are banned
|rule|Evasion Abilities Clause: Evasion abilities are banned
|rule|Sleep Moves Clause: Sleep-inducing moves are banned
|clearpoke
|poke|p1|Alomomola, F|
|poke|p1|Incineroar, F|
|poke|p1|Pecharunt|
|poke|p1|Ogerpon-Wellspring, F|
|poke|p1|Scizor, M|
|poke|p1|Scream Tail|
|poke|p2|Ninetales-Alola, F|
|poke|p2|Maushold|
|poke|p2|Mew|
|poke|p2|Rhyperior, M|
|poke|p2|Slither Wing|
|poke|p2|Gyarados, F|
|teampreview
|inactive|Battle timer is ON: inactive players will automatically lose when time's up. (requested by Underquill)
|
|t:|1757853648
|teamsize|p1|6
|teamsize|p2|6
|start
|switch|p1a: Scizor|Scizor, M|100/100
|switch|p2a: Ninetales|Ninetales-Alola, F|100/100
|-weather|Snowscape|[from] ability: Snow Warning|[of] p2a: Ninetales
|turn|1
|
|t:|1757853650
|move|p1a: Scizor|Bullet Punch|p2a: Ninetales
|-supereffective|p2a: Ninetales
|-damage|p2a: Ninetales|0 fnt
|faint|p2a: Ninetales
|
|-weather|Snowscape|[upkeep]
|upkeep
|
|t:|1757853654
|switch|p2a: Rhyperior|Rhyperior, M|100/100
|turn|2
|
|t:|1757853658
|switch|p1a: Pecharunt|Pecharunt|100/100
|-item|p1a: Pecharunt|Air Balloon
|move|p2a: Rhyperior|Rock Polish|p2a: Rhyperior
|-boost|p2a: Rhyperior|spe|2
|
|-weather|Snowscape|[upkeep]
|upkeep
|turn|3
|
|t:|1757853662
|move|p2a: Rhyperior|Earthquake|p1a: Pecharunt
|-immune|p1a: Pecharunt
|move|p1a: Pecharunt|Parting Shot|p2a: Rhyperior
|-unboost|p2a: Rhyperior|atk|1
|-unboost|p2a: Rhyperior|spa|1
|
|t:|1757853667
|switch|p1a: Incineroar|Incineroar, F|100/100|[from] Parting Shot
|-ability|p1a: Incineroar|Intimidate|boost
|-unboost|p2a: Rhyperior|atk|1
|
|-weather|Snowscape|[upkeep]
|upkeep
|turn|4
|
|t:|1757853670
|move|p2a: Rhyperior|Swords Dance|p2a: Rhyperior
|-boost|p2a: Rhyperior|atk|2
|move|p1a: Incineroar|Bulk Up|p1a: Incineroar
|-boost|p1a: Incineroar|atk|1
|-boost|p1a: Incineroar|def|1
|
|-weather|Snowscape|[upkeep]
|upkeep
|turn|5
|
|t:|1757853672
|move|p2a: Rhyperior|Swords Dance|p2a: Rhyperior
|-boost|p2a: Rhyperior|atk|2
|move|p1a: Incineroar|Bulk Up|p1a: Incineroar
|-boost|p1a: Incineroar|atk|1
|-boost|p1a: Incineroar|def|1
|
|-weather|none
|upkeep
|turn|6
|
|t:|1757853678
|-terastallize|p1a: Incineroar|Dark
|move|p2a: Rhyperior|Earthquake|p1a: Incineroar
|-damage|p1a: Incineroar|41/100
|move|p1a: Incineroar|Darkest Lariat|p2a: Rhyperior
|-damage|p2a: Rhyperior|6/100
|
|upkeep
|turn|7
|
|t:|1757853686
|switch|p1a: Pecharunt|Pecharunt|100/100
|-item|p1a: Pecharunt|Air Balloon
|move|p2a: Rhyperior|Earthquake|p1a: Pecharunt
|-immune|p1a: Pecharunt
|
|upkeep
|turn|8
|
|t:|1757853691
|move|p2a: Rhyperior|Stone Edge|p1a: Pecharunt
|-damage|p1a: Pecharunt|30/100
|-enditem|p1a: Pecharunt|Air Balloon
|move|p1a: Pecharunt|Shadow Ball|p2a: Rhyperior
|-damage|p2a: Rhyperior|0 fnt
|faint|p2a: Rhyperior
|
|upkeep
|
|t:|1757853701
|switch|p2a: Gyarados|Gyarados, F|100/100
|turn|9
|
|t:|1757853709
|move|p1a: Pecharunt|Parting Shot|p2a: Gyarados
|-unboost|p2a: Gyarados|atk|1
|-unboost|p2a: Gyarados|spa|1
|
|t:|1757853716
|switch|p1a: Incineroar|Incineroar, F, tera:Dark|41/100|[from] Parting Shot
|-ability|p1a: Incineroar|Intimidate|boost
|-unboost|p2a: Gyarados|atk|1
|move|p2a: Gyarados|Dragon Dance|p2a: Gyarados
|-boost|p2a: Gyarados|atk|1
|-boost|p2a: Gyarados|spe|1
|
|upkeep
|turn|10
|
|t:|1757853741
|move|p2a: Gyarados|Dragon Dance|p2a: Gyarados
|-boost|p2a: Gyarados|atk|1
|-boost|p2a: Gyarados|spe|1
|move|p1a: Incineroar|Darkest Lariat|p2a: Gyarados
|-damage|p2a: Gyarados|36/100
|
|upkeep
|turn|11
|
|t:|1757853748
|move|p2a: Gyarados|Waterfall|p1a: Incineroar
|-damage|p1a: Incineroar|0 fnt
|faint|p1a: Incineroar
|-ability|p2a: Gyarados|Moxie|boost
|-boost|p2a: Gyarados|atk|1
|
|upkeep
|
|t:|1757853756
|switch|p1a: Ogerpon|Ogerpon-Wellspring, F|100/100
|turn|12
|
|t:|1757853760
|move|p2a: Gyarados|Rest|p2a: Gyarados
|-status|p2a: Gyarados|slp|[from] move: Rest
|-heal|p2a: Gyarados|100/100 slp|[silent]
|-enditem|p2a: Gyarados|Chesto Berry|[eat]
|-curestatus|p2a: Gyarados|slp|[msg]
|move|p1a: Ogerpon|Play Rough|p2a: Gyarados
|-damage|p2a: Gyarados|63/100
|
|upkeep
|turn|13
|
|t:|1757853766
|move|p2a: Gyarados|Earthquake|p1a: Ogerpon
|-resisted|p1a: Ogerpon
|-damage|p1a: Ogerpon|66/100
|move|p1a: Ogerpon|Play Rough|p2a: Gyarados
|-damage|p2a: Gyarados|22/100
|
|upkeep
|turn|14
|
|t:|1757853768
|move|p2a: Gyarados|Earthquake|p1a: Ogerpon
|-resisted|p1a: Ogerpon
|-damage|p1a: Ogerpon|29/100
|move|p1a: Ogerpon|Play Rough|p2a: Gyarados
|-damage|p2a: Gyarados|0 fnt
|faint|p2a: Gyarados
|
|upkeep
|
|t:|1757853772
|switch|p2a: Slither Wing|Slither Wing|100/100
|-enditem|p2a: Slither Wing|Booster Energy
|-activate|p2a: Slither Wing|ability: Protosynthesis|[fromitem]
|-start|p2a: Slither Wing|protosynthesisatk
|turn|15
|
|t:|1757853775
|switch|p1a: Pecharunt|Pecharunt|30/100
|move|p2a: Slither Wing|Flame Charge|p1a: Pecharunt
|-damage|p1a: Pecharunt|16/100
|-boost|p2a: Slither Wing|spe|1
|
|upkeep
|turn|16
|
|t:|1757853781
|move|p2a: Slither Wing|Acrobatics|p1a: Pecharunt
|-damage|p1a: Pecharunt|0 fnt
|faint|p1a: Pecharunt
|
|upkeep
|
|t:|1757853788
|switch|p1a: Scream Tail|Scream Tail|100/100
|-enditem|p1a: Scream Tail|Booster Energy
|-activate|p1a: Scream Tail|ability: Protosynthesis|[fromitem]
|-start|p1a: Scream Tail|protosynthesisspd
|turn|17
|
|t:|1757853795
|-terastallize|p2a: Slither Wing|Fire
|move|p2a: Slither Wing|Bulk Up|p2a: Slither Wing
|-boost|p2a: Slither Wing|atk|1
|-boost|p2a: Slither Wing|def|1
|move|p1a: Scream Tail|Psyshock|p2a: Slither Wing
|-damage|p2a: Slither Wing|77/100
|
|upkeep
|turn|18
|
|t:|1757853801
|move|p2a: Slither Wing|Acrobatics|p1a: Scream Tail
|-damage|p1a: Scream Tail|30/100
|move|p1a: Scream Tail|Calm Mind|p1a: Scream Tail
|-boost|p1a: Scream Tail|spa|1
|-boost|p1a: Scream Tail|spd|1
|
|upkeep
|turn|19
|
|t:|1757853808
|move|p2a: Slither Wing|Flame Charge|p1a: Scream Tail
|-damage|p1a: Scream Tail|0 fnt
|-boost|p2a: Slither Wing|spe|1
|faint|p1a: Scream Tail
|-end|p1a: Scream Tail|Protosynthesis|[silent]
|
|upkeep
|
|t:|1757853811
|switch|p1a: Alomomola|Alomomola, F|100/100
|turn|20
|
|t:|1757853823
|move|p2a: Slither Wing|Bulk Up|p2a: Slither Wing
|-boost|p2a: Slither Wing|atk|1
|-boost|p2a: Slither Wing|def|1
|move|p1a: Alomomola|Scald|p2a: Slither Wing
|-supereffective|p2a: Slither Wing
|-damage|p2a: Slither Wing|51/100
|
|upkeep
|turn|21
|
|t:|1757853828
|move|p2a: Slither Wing|Acrobatics|p1a: Alomomola
|-damage|p1a: Alomomola|43/100
|move|p1a: Alomomola|Scald|p2a: Slither Wing
|-supereffective|p2a: Slither Wing
|-damage|p2a: Slither Wing|26/100
|
|upkeep
|turn|22
|
|t:|1757853832
|move|p2a: Slither Wing|Acrobatics|p1a: Alomomola
|-damage|p1a: Alomomola|0 fnt
|faint|p1a: Alomomola
|
|upkeep
|inactive|Underquill has 120 seconds left.
|inactive|Underquill has 90 seconds left.
|inactive|Underquill has 60 seconds left.
|-message|Underquill forfeited.
|
|win|darretyle2
|raw|Underquill's rating: 1380 &rarr; <strong>1359</strong><br />(-21 for losing)
|raw|darretyle2's rating: 1354 &rarr; <strong>1375</strong><br />(+21 for winning)
|l|☆Underquill
|player|p1|
|l|☆darretyle2
|player|p2|
