|j|☆SamiFawad
|j|☆hehe moon
|t:|1757861573
|gametype|singles
|player|p1|SamiFawad|2|1570
|player|p2|hehe moon|cheryl|1595
|gen|9
|tier|[Gen 9] OU
|rated|
|rule|HP Percentage Mod: HP is shown in percentages
|rule|Endless Battle Clause: Forcing endless battles is banned
|rule|Species Clause: Limit one of each Pokémon
|rule|OHKO Clause: OHKO moves are banned
|rule|Evasion Items Clause: Evasion items are banned
|rule|Evasion Moves Clause: Evasion moves are banned
|rule|Evasion Abilities Clause: Evasion abilities are banned
|rule|Sleep Moves Clause: Sleep-inducing moves are banned
|clearpoke
|poke|p1|Slowking-Galar, M|
|poke|p1|Pecharunt|
|poke|p1|Ogerpon-Cornerstone, F|
|poke|p1|Samurott-Hisui, F|
|poke|p1|Kyurem|
|poke|p1|Great Tusk|
|poke|p2|Meowscarada, F|
|poke|p2|Corviknight, M|
|poke|p2|Kyurem|
|poke|p2|Moltres|
|poke|p2|Garganacl, M|
|poke|p2|Enamorus, F|
|teampreview
|inactive|Battle timer is ON: inactive players will automatically lose when time's up. (requested by hehe moon)
|
|t:|1757861578
|teamsize|p1|6
|teamsize|p2|6
|start
|switch|p1a: Kyurem|Kyurem|100/100
|switch|p2a: Meowscarada|Meowscarada, F|100/100
|-ability|p1a: Kyurem|Pressure
|turn|1
|
|t:|1757861581
|move|p1a: Kyurem|Ice Beam|p2a: Meowscarada
|-supereffective|p2a: Meowscarada
|-damage|p2a: Meowscarada|0 fnt
|faint|p2a: Meowscarada
|
|upkeep
|
|t:|1757861584
|switch|p2a: Enamorus|Enamorus, F|100/100
|turn|2
|
|t:|1757861587
|switch|p1a: Pecharunt|Pecharunt|100/100
|move|p2a: Enamorus|Moonblast|p1a: Pecharunt
|-resisted|p1a: Pecharunt
|-damage|p1a: Pecharunt|71/100
|
|upkeep
|turn|3
|
|t:|1757861591
|switch|p2a: Garganacl|Garganacl, M|100/100
|move|p1a: Pecharunt|Parting Shot|p2a: Garganacl
|-unboost|p2a: Garganacl|atk|1
|-unboost|p2a: Garganacl|spa|1
|
|t:|1757861596
|switch|p1a: Ogerpon|Ogerpon-Cornerstone, F|100/100|[from] Parting Shot
|
|upkeep
|turn|4
|
|t:|1757861610
|switch|p2a: Corviknight|Corviknight, M|100/100
|-ability|p2a: Corviknight|Pressure
|move|p1a: Ogerpon|Low Kick|p2a: Corviknight
|-damage|p2a: Corviknight|82/100
|-damage|p1a: Ogerpon|84/100|[from] item: Rocky Helmet|[of] p2a: Corviknight
|
|upkeep
|turn|5
|
|t:|1757861614
|move|p1a: Ogerpon|Swords Dance|p1a: Ogerpon
|-boost|p1a: Ogerpon|atk|2
|move|p2a: Corviknight|U-turn|p1a: Ogerpon
|-supereffective|p1a: Ogerpon
|-damage|p1a: Ogerpon|43/100
|
|t:|1757861617
|switch|p2a: Enamorus|Enamorus, F|100/100|[from] U-turn
|
|upkeep
|turn|6
|
|t:|1757861620
|switch|p1a: Slowking|Slowking-Galar, M|100/100
|move|p2a: Enamorus|Moonblast|p1a: Slowking
|-resisted|p1a: Slowking
|-damage|p1a: Slowking|85/100
|
|upkeep
|turn|7
|
|t:|1757861625
|switch|p2a: Garganacl|Garganacl, M|100/100
|move|p1a: Slowking|Future Sight|p2a: Garganacl
|-start|p1a: Slowking|move: Future Sight
|
|upkeep
|turn|8
|
|t:|1757861627
|switch|p1a: Ogerpon|Ogerpon-Cornerstone, F|43/100
|move|p2a: Garganacl|Stealth Rock|p1a: Ogerpon
|-sidestart|p1: SamiFawad|move: Stealth Rock
|
|upkeep
|turn|9
|
|t:|1757861633
|switch|p2a: Corviknight|Corviknight, M|82/100
|-ability|p2a: Corviknight|Pressure
|move|p1a: Ogerpon|Swords Dance|p1a: Ogerpon
|-boost|p1a: Ogerpon|atk|2
|
|-end|p2a: Corviknight|move: Future Sight
|-resisted|p2a: Corviknight
|-damage|p2a: Corviknight|55/100
|upkeep
|turn|10
|
|t:|1757861638
|move|p1a: Ogerpon|Ivy Cudgel|p2a: Corviknight|[anim] Ivy Cudgel Rock
|-damage|p2a: Corviknight|0 fnt
|faint|p2a: Corviknight
|
|upkeep
|
|t:|1757861640
|switch|p2a: Enamorus|Enamorus, F|100/100
|turn|11
|
|t:|1757861643
|switch|p1a: Slowking|Slowking-Galar, M|100/100
|-damage|p1a: Slowking|88/100|[from] Stealth Rock
|-terastallize|p2a: Enamorus|Ground
|move|p2a: Enamorus|Earth Power|p1a: Slowking
|-supereffective|p1a: Slowking
|-damage|p1a: Slowking|35/100
|
|upkeep
|turn|12
|
|t:|1757861651
|move|p2a: Enamorus|Earth Power|p1a: Slowking
|-supereffective|p1a: Slowking
|-damage|p1a: Slowking|0 fnt
|faint|p1a: Slowking
|
|upkeep
|
|t:|1757861654
|switch|p1a: Great Tusk|Great Tusk|100/100
|-damage|p1a: Great Tusk|98/100|[from] Stealth Rock
|turn|13
|
|t:|1757861655
|switch|p2a: Moltres|Moltres|100/100
|move|p1a: Great Tusk|Rapid Spin|p2a: Moltres
|-damage|p2a: Moltres|87/100
|-boost|p1a: Great Tusk|spe|1
|-status|p1a: Great Tusk|brn|[from] ability: Flame Body|[of] p2a: Moltres
|-sideend|p1: SamiFawad|Stealth Rock|[from] move: Rapid Spin|[of] p1a: Great Tusk
|
|-damage|p1a: Great Tusk|91/100 brn|[from] brn
|upkeep
|turn|14
|
|t:|1757861658
|move|p1a: Great Tusk|Knock Off|p2a: Moltres
|-crit|p2a: Moltres
|-damage|p2a: Moltres|65/100
|-enditem|p2a: Moltres|Heavy-Duty Boots|[from] move: Knock Off|[of] p1a: Great Tusk
|move|p2a: Moltres|U-turn|p1a: Great Tusk
|-resisted|p1a: Great Tusk
|-crit|p1a: Great Tusk
|-damage|p1a: Great Tusk|86/100 brn
|-damage|p2a: Moltres|49/100|[from] item: Rocky Helmet|[of] p1a: Great Tusk
|
|t:|1757861660
|switch|p2a: Kyurem|Kyurem|100/100|[from] U-turn
|-ability|p2a: Kyurem|Pressure
|
|-damage|p1a: Great Tusk|80/100 brn|[from] brn
|upkeep
|turn|15
|
|t:|1757861666
|move|p2a: Kyurem|Draco Meteor|p1a: Great Tusk
|-damage|p1a: Great Tusk|0 fnt
|-unboost|p2a: Kyurem|spa|2
|faint|p1a: Great Tusk
|-end|p1a: Great Tusk|Protosynthesis|[silent]
|
|upkeep
|
|t:|1757861671
|switch|p1a: Samurott|Samurott-Hisui, F|100/100
|turn|16
|
|t:|1757861674
|switch|p2a: Enamorus|Enamorus, F, tera:Ground|100/100
|move|p1a: Samurott|Ceaseless Edge|p2a: Enamorus
|-damage|p2a: Enamorus|24/100
|-sidestart|p2: hehe moon|Spikes
|
|upkeep
|turn|17
|
|t:|1757861680
|move|p1a: Samurott|Sucker Punch|p2a: Enamorus
|-damage|p2a: Enamorus|0 fnt
|faint|p2a: Enamorus
|
|upkeep
|
|t:|1757861684
|switch|p2a: Kyurem|Kyurem|100/100
|-damage|p2a: Kyurem|88/100|[from] Spikes
|-ability|p2a: Kyurem|Pressure
|turn|18
|
|t:|1757861686
|move|p2a: Kyurem|Freeze-Dry|p1a: Samurott
|-supereffective|p1a: Samurott
|-enditem|p1a: Samurott|Focus Sash
|-damage|p1a: Samurott|1/100
|move|p1a: Samurott|Sacred Sword|p2a: Kyurem
|-supereffective|p2a: Kyurem
|-damage|p2a: Kyurem|11/100
|
|upkeep
|turn|19
|
|t:|1757861689
|move|p1a: Samurott|Sucker Punch|p2a: Kyurem
|-damage|p2a: Kyurem|0 fnt
|faint|p2a: Kyurem
|
|upkeep
|
|t:|1757861690
|switch|p2a: Garganacl|Garganacl, M|100/100
|-damage|p2a: Garganacl|88/100|[from] Spikes
|turn|20
|
|t:|1757861694
|move|p1a: Samurott|Sacred Sword|p2a: Garganacl
|-supereffective|p2a: Garganacl
|-damage|p2a: Garganacl|36/100
|move|p2a: Garganacl|Salt Cure|p1a: Samurott
|-damage|p1a: Samurott|0 fnt
|faint|p1a: Samurott
|
|-heal|p2a: Garganacl|42/100|[from] item: Leftovers
|upkeep
|
|t:|1757861704
|switch|p1a: Ogerpon|Ogerpon-Cornerstone, F|43/100
|turn|21
|
|t:|1757861708
|move|p2a: Garganacl|Protect|p2a: Garganacl
|-singleturn|p2a: Garganacl|Protect
|move|p1a: Ogerpon|Horn Leech|p2a: Garganacl
|-activate|p2a: Garganacl|move: Protect
|
|-heal|p2a: Garganacl|48/100|[from] item: Leftovers
|upkeep
|turn|22
|
|t:|1757861711
|move|p1a: Ogerpon|Horn Leech|p2a: Garganacl
|-supereffective|p2a: Garganacl
|-damage|p2a: Garganacl|0 fnt
|-heal|p1a: Ogerpon|75/100|[from] drain|[of] p2a: Garganacl
|faint|p2a: Garganacl
|
|upkeep
|
|t:|1757861713
|switch|p2a: Moltres|Moltres|49/100
|turn|23
|
|t:|1757861715
|move|p1a: Ogerpon|Ivy Cudgel|p2a: Moltres|[anim] Ivy Cudgel Rock
|-supereffective|p2a: Moltres
|-damage|p2a: Moltres|0 fnt
|faint|p2a: Moltres
|
|win|SamiFawad
|raw|SamiFawad's rating: 1570 &rarr; <strong>1591</strong><br />(+21 for winning)
|raw|hehe moon's rating: 1595 &rarr; <strong>1574</strong><br />(-21 for losing)
|l|☆SamiFawad
|player|p1|
|l|☆hehe moon
|player|p2|
