|j|☆Nonibalogna9
|j|☆gamerhops
|t:|1757903714
|gametype|singles
|player|p1|Nonibalogna9|101|1140
|player|p2|gamerhops|1|1198
|gen|9
|tier|[Gen 9] OU
|rated|
|rule|HP Percentage Mod: HP is shown in percentages
|rule|Endless Battle Clause: Forcing endless battles is banned
|rule|Species Clause: Limit one of each Pokémon
|rule|OHKO Clause: OHKO moves are banned
|rule|Evasion Items Clause: Evasion items are banned
|rule|Evasion Moves Clause: Evasion moves are banned
|rule|Evasion Abilities Clause: Evasion abilities are banned
|rule|Sleep Moves Clause: Sleep-inducing moves are banned
|clearpoke
|poke|p1|Toxtricity, F|
|poke|p1|Ribombee, F|
|poke|p1|Kingambit, F|
|poke|p1|Clefable, F|
|poke|p1|Cinderace, M|
|poke|p1|Samurott-Hisui, M|
|poke|p2|Reuniclus, M|
|poke|p2|Cinccino, M|
|poke|p2|Darkrai|
|poke|p2|Ribombee, F|
|poke|p2|Blaziken, M|
|poke|p2|Araquanid, F|
|teampreview
|
|t:|1757903732
|teamsize|p1|6
|teamsize|p2|6
|start
|switch|p1a: Toxtricity|Toxtricity, F|100/100
|switch|p2a: Cinccino|Cinccino, M|100/100
|turn|1
|
|t:|1757903746
|switch|p2a: Reuniclus|Reuniclus, M|100/100
|move|p1a: Toxtricity|Protect||[still]
|-fail|p1a: Toxtricity
|
|upkeep
|turn|2
|
|t:|1757903752
|-terastallize|p1a: Toxtricity|Normal
|move|p1a: Toxtricity|Boomburst|p2a: Reuniclus
|-damage|p2a: Reuniclus|23/100
|-enditem|p1a: Toxtricity|Throat Spray
|-boost|p1a: Toxtricity|spa|1|[from] item: Throat Spray
|move|p2a: Reuniclus|Psyshock|p1a: Toxtricity
|-damage|p1a: Toxtricity|3/100
|
|upkeep
|turn|3
|
|t:|1757903769
|move|p1a: Toxtricity|Boomburst|p2a: Reuniclus
|-damage|p2a: Reuniclus|0 fnt
|faint|p2a: Reuniclus
|
|upkeep
|
|t:|1757903776
|switch|p2a: Ribombee|Ribombee, F|100/100
|turn|4
|
|t:|1757903784
|move|p1a: Toxtricity|Protect|p1a: Toxtricity
|-singleturn|p1a: Toxtricity|Protect
|move|p2a: Ribombee|Moonblast|p1a: Toxtricity
|-activate|p1a: Toxtricity|move: Protect
|
|upkeep
|turn|5
|
|t:|1757903797
|switch|p1a: Kingambit|Kingambit, F|100/100
|move|p2a: Ribombee|Sticky Web|p1a: Kingambit
|-sidestart|p1: Nonibalogna9|move: Sticky Web
|
|upkeep
|turn|6
|
|t:|1757903806
|move|p2a: Ribombee|Moonblast|p1a: Kingambit
|-damage|p1a: Kingambit|60/100
|move|p1a: Kingambit|Iron Head|p2a: Ribombee
|-supereffective|p2a: Ribombee
|-enditem|p2a: Ribombee|Focus Sash
|-damage|p2a: Ribombee|1/100
|-damage|p1a: Kingambit|50/100|[from] item: Life Orb
|
|upkeep
|turn|7
|
|t:|1757903815
|switch|p2a: Araquanid|Araquanid, F|100/100
|move|p1a: Kingambit|Sucker Punch||[still]
|-fail|p1a: Kingambit
|
|upkeep
|turn|8
|
|t:|1757903830
|move|p1a: Kingambit|Kowtow Cleave|p2a: Araquanid
|-damage|p2a: Araquanid|34/100
|-damage|p1a: Kingambit|40/100|[from] item: Life Orb
|move|p2a: Araquanid|Liquidation|p1a: Kingambit
|-damage|p1a: Kingambit|0 fnt
|faint|p1a: Kingambit
|
|upkeep
|
|t:|1757903834
|switch|p1a: Cinderace|Cinderace, M|100/100
|-activate|p1a: Cinderace|move: Sticky Web
|-unboost|p1a: Cinderace|spe|1
|turn|9
|
|t:|1757903846
|move|p1a: Cinderace|Court Change|p1a: Cinderace
|-start|p1a: Cinderace|typechange|Normal|[from] ability: Libero
|-swapsideconditions
|-activate|p1a: Cinderace|move: Court Change
|move|p2a: Araquanid|Liquidation|p1a: Cinderace
|-damage|p1a: Cinderace|7/100
|
|upkeep
|turn|10
|
|t:|1757903858
|switch|p1a: Clefable|Clefable, F|100/100
|move|p2a: Araquanid|Liquidation|p1a: Clefable
|-damage|p1a: Clefable|29/100
|-unboost|p1a: Clefable|def|1
|
|-heal|p1a: Clefable|35/100|[from] item: Leftovers
|upkeep
|turn|11
|
|t:|1757903871
|move|p1a: Clefable|Protect|p1a: Clefable
|-singleturn|p1a: Clefable|Protect
|move|p2a: Araquanid|Liquidation|p1a: Clefable
|-activate|p1a: Clefable|move: Protect
|
|-heal|p1a: Clefable|41/100|[from] item: Leftovers
|upkeep
|turn|12
|
|t:|1757903875
|move|p1a: Clefable|Chilling Water|p2a: Araquanid
|-resisted|p2a: Araquanid
|-damage|p2a: Araquanid|29/100
|-unboost|p2a: Araquanid|atk|1
|move|p2a: Araquanid|Liquidation|p1a: Clefable
|-damage|p1a: Clefable|0 fnt
|faint|p1a: Clefable
|
|upkeep
|
|t:|1757903885
|switch|p1a: Toxtricity|Toxtricity, F, tera:Normal|3/100
|turn|13
|
|t:|1757903904
|move|p1a: Toxtricity|Boomburst|p2a: Araquanid
|-damage|p2a: Araquanid|0 fnt
|faint|p2a: Araquanid
|
|upkeep
|
|t:|1757903912
|switch|p2a: Blaziken|Blaziken, M|100/100
|-item|p2a: Blaziken|Air Balloon
|turn|14
|
|t:|1757903924
|move|p1a: Toxtricity|Volt Switch|p2a: Blaziken
|-damage|p2a: Blaziken|48/100
|-enditem|p2a: Blaziken|Air Balloon
|
|t:|1757903928
|switch|p1a: Samurott|Samurott-Hisui, M|100/100|[from] Volt Switch
|move|p2a: Blaziken|Swords Dance|p2a: Blaziken
|-boost|p2a: Blaziken|atk|2
|
|-ability|p2a: Blaziken|Speed Boost|boost
|-boost|p2a: Blaziken|spe|1
|upkeep
|turn|15
|
|t:|1757903934
|move|p1a: Samurott|Flip Turn|p2a: Blaziken
|-supereffective|p2a: Blaziken
|-damage|p2a: Blaziken|0 fnt
|faint|p2a: Blaziken
|
|t:|1757903939
|switch|p1a: Toxtricity|Toxtricity, F, tera:Normal|3/100|[from] Flip Turn
|
|upkeep
|
|t:|1757903943
|switch|p2a: Darkrai|Darkrai|100/100
|-activate|p2a: Darkrai|move: Sticky Web
|-unboost|p2a: Darkrai|spe|1
|turn|16
|
|t:|1757903949
|move|p1a: Toxtricity|Boomburst|p2a: Darkrai
|-damage|p2a: Darkrai|0 fnt
|faint|p2a: Darkrai
|
|upkeep
|-message|gamerhops forfeited.
|
|win|Nonibalogna9
|raw|Nonibalogna9's rating: 1140 &rarr; <strong>1169</strong><br />(+29 for winning)
|raw|gamerhops's rating: 1198 &rarr; <strong>1169</strong><br />(-29 for losing)
|l|☆gamerhops
|player|p2|
|l|☆Nonibalogna9
|player|p1|
