|j|☆marisa_fumo_gaming
|j|☆sdgkjshdkf
|t:|1757790331
|gametype|singles
|player|p1|marisa_fumo_gaming|169|1552
|player|p2|sdgkjshdkf|1|1611
|gen|9
|tier|[Gen 9] OU
|rated|
|rule|HP Percentage Mod: HP is shown in percentages
|rule|Endless Battle Clause: Forcing endless battles is banned
|rule|Species Clause: Limit one of each Pokémon
|rule|OHKO Clause: OHKO moves are banned
|rule|Evasion Items Clause: Evasion items are banned
|rule|Evasion Moves Clause: Evasion moves are banned
|rule|Evasion Abilities Clause: Evasion abilities are banned
|rule|Sleep Moves Clause: Sleep-inducing moves are banned
|clearpoke
|poke|p1|Pikachu, M|
|poke|p1|Dragapult, M|
|poke|p1|Scizor, M|
|poke|p1|Ogerpon-Wellspring, F|
|poke|p1|Enamorus, F|
|poke|p1|Cinderace, F|
|poke|p2|Ribombee, M|
|poke|p2|Gholdengo|
|poke|p2|Dragonite, M|
|poke|p2|Ceruledge, M|
|poke|p2|Great Tusk|
|poke|p2|Comfey, M|
|teampreview
|
|t:|1757790341
|teamsize|p1|6
|teamsize|p2|6
|start
|switch|p1a: Cinderace|Cinderace, F|100/100
|switch|p2a: Ribombee|Ribombee, M|100/100
|turn|1
|
|t:|1757790345
|move|p2a: Ribombee|Stun Spore|p1a: Cinderace
|-status|p1a: Cinderace|par
|move|p1a: Cinderace|Pyro Ball|p2a: Ribombee
|-supereffective|p2a: Ribombee
|-enditem|p2a: Ribombee|Focus Sash
|-damage|p2a: Ribombee|1/100
|
|upkeep
|turn|2
|
|t:|1757790349
|move|p2a: Ribombee|Sticky Web|p1a: Cinderace
|-sidestart|p1: marisa_fumo_gaming|move: Sticky Web
|move|p1a: Cinderace|U-turn|p2a: Ribombee
|-start|p1a: Cinderace|typechange|Bug|[from] ability: Libero
|-resisted|p2a: Ribombee
|-damage|p2a: Ribombee|0 fnt
|faint|p2a: Ribombee
|
|t:|1757790355
|switch|p1a: Enamorus|Enamorus, F|100/100|[from] U-turn
|
|upkeep
|
|t:|1757790362
|switch|p2a: Ceruledge|Ceruledge, M|100/100
|turn|3
|
|t:|1757790364
|move|p1a: Enamorus|Earth Power|p2a: Ceruledge
|-supereffective|p2a: Ceruledge
|-damage|p2a: Ceruledge|23/100
|-unboost|p2a: Ceruledge|spd|1
|move|p2a: Ceruledge|Bitter Blade|p1a: Enamorus
|-damage|p1a: Enamorus|22/100
|-heal|p2a: Ceruledge|62/100|[from] drain|[of] p1a: Enamorus
|
|upkeep
|turn|4
|
|t:|1757790390
|move|p1a: Enamorus|Earth Power|p2a: Ceruledge
|-supereffective|p2a: Ceruledge
|-damage|p2a: Ceruledge|0 fnt
|faint|p2a: Ceruledge
|
|upkeep
|
|t:|1757790394
|switch|p2a: Comfey|Comfey, M|100/100
|turn|5
|
|t:|1757790410
|switch|p1a: Cinderace|Cinderace, F|100/100 par
|move|p2a: Comfey|Draining Kiss|p1a: Cinderace
|-resisted|p1a: Cinderace
|-crit|p1a: Cinderace
|-damage|p1a: Cinderace|72/100 par
|-damage|p2a: Comfey|91/100|[from] item: Life Orb
|
|upkeep
|turn|6
|
|t:|1757790418
|-terastallize|p2a: Comfey|Ground
|move|p2a: Comfey|Tera Blast|p1a: Cinderace|[anim] Tera Blast Ground
|-supereffective|p1a: Cinderace
|-damage|p1a: Cinderace|0 fnt
|faint|p1a: Cinderace
|-damage|p2a: Comfey|81/100|[from] item: Life Orb
|
|upkeep
|
|t:|1757790429
|switch|p1a: Ogerpon|Ogerpon-Wellspring, F|100/100
|-activate|p1a: Ogerpon|move: Sticky Web
|-unboost|p1a: Ogerpon|spe|1
|turn|7
|
|t:|1757790435
|move|p2a: Comfey|Draining Kiss|p1a: Ogerpon
|-damage|p1a: Ogerpon|68/100
|-heal|p2a: Comfey|100/100|[from] drain|[of] p1a: Ogerpon
|-damage|p2a: Comfey|91/100|[from] item: Life Orb
|move|p1a: Ogerpon|Horn Leech|p2a: Comfey
|-supereffective|p2a: Comfey
|-damage|p2a: Comfey|0 fnt
|-heal|p1a: Ogerpon|100/100|[from] drain|[of] p2a: Comfey
|faint|p2a: Comfey
|
|upkeep
|
|t:|1757790438
|switch|p2a: Great Tusk|Great Tusk|100/100
|turn|8
|
|t:|1757790442
|move|p1a: Ogerpon|Horn Leech|p2a: Great Tusk
|-supereffective|p2a: Great Tusk
|-damage|p2a: Great Tusk|56/100
|move|p2a: Great Tusk|Stealth Rock|p1a: Ogerpon
|-sidestart|p1: marisa_fumo_gaming|move: Stealth Rock
|
|-heal|p2a: Great Tusk|62/100|[from] item: Leftovers
|upkeep
|turn|9
|
|t:|1757790447
|move|p1a: Ogerpon|Ivy Cudgel|p2a: Great Tusk|[anim] Ivy Cudgel Water
|-supereffective|p2a: Great Tusk
|-damage|p2a: Great Tusk|9/100
|move|p2a: Great Tusk|Rapid Spin|p1a: Ogerpon
|-damage|p1a: Ogerpon|81/100
|-boost|p2a: Great Tusk|spe|1
|
|-heal|p2a: Great Tusk|15/100|[from] item: Leftovers
|upkeep
|turn|10
|
|t:|1757790453
|move|p2a: Great Tusk|Earthquake|p1a: Ogerpon
|-resisted|p1a: Ogerpon
|-damage|p1a: Ogerpon|51/100
|move|p1a: Ogerpon|Horn Leech|p2a: Great Tusk
|-supereffective|p2a: Great Tusk
|-damage|p2a: Great Tusk|0 fnt
|-heal|p1a: Ogerpon|62/100|[from] drain|[of] p2a: Great Tusk
|faint|p2a: Great Tusk
|-end|p2a: Great Tusk|Protosynthesis|[silent]
|
|upkeep
|
|t:|1757790457
|switch|p2a: Dragonite|Dragonite, M|100/100
|turn|11
|
|t:|1757790459
|move|p1a: Ogerpon|U-turn|p2a: Dragonite
|-resisted|p2a: Dragonite
|-damage|p2a: Dragonite|94/100
|
|t:|1757790461
|switch|p1a: Enamorus|Enamorus, F|22/100|[from] U-turn
|-damage|p1a: Enamorus|0 fnt|[from] Stealth Rock
|faint|p1a: Enamorus
|move|p2a: Dragonite|Dragon Dance|p2a: Dragonite
|-boost|p2a: Dragonite|atk|1
|-boost|p2a: Dragonite|spe|1
|
|upkeep
|
|t:|1757790465
|switch|p1a: Scizor|Scizor, M|100/100
|-activate|p1a: Scizor|move: Sticky Web
|-unboost|p1a: Scizor|spe|1
|-damage|p1a: Scizor|88/100|[from] Stealth Rock
|turn|12
|
|t:|1757790470
|-terastallize|p1a: Scizor|Steel
|move|p1a: Scizor|Bullet Punch|p2a: Dragonite
|-crit|p2a: Dragonite
|-damage|p2a: Dragonite|0 fnt
|faint|p2a: Dragonite
|
|upkeep
|
|t:|1757790476
|switch|p2a: Gholdengo|Gholdengo|100/100
|-item|p2a: Gholdengo|Air Balloon
|turn|13
|
|t:|1757790478
|move|p1a: Scizor|Bullet Punch|p2a: Gholdengo
|-resisted|p2a: Gholdengo
|-damage|p2a: Gholdengo|60/100
|-enditem|p2a: Gholdengo|Air Balloon
|move|p2a: Gholdengo|Nasty Plot|p2a: Gholdengo
|-boost|p2a: Gholdengo|spa|2
|
|upkeep
|turn|14
|
|t:|1757790480
|move|p1a: Scizor|Bullet Punch|p2a: Gholdengo
|-resisted|p2a: Gholdengo
|-damage|p2a: Gholdengo|19/100
|move|p2a: Gholdengo|Shadow Ball|p1a: Scizor
|-crit|p1a: Scizor
|-damage|p1a: Scizor|0 fnt
|faint|p1a: Scizor
|
|upkeep
|
|t:|1757790484
|switch|p1a: Ogerpon|Ogerpon-Wellspring, F|62/100
|-activate|p1a: Ogerpon|move: Sticky Web
|-unboost|p1a: Ogerpon|spe|1
|-damage|p1a: Ogerpon|49/100|[from] Stealth Rock
|turn|15
|
|t:|1757790487
|move|p2a: Gholdengo|Shadow Ball|p1a: Ogerpon
|-damage|p1a: Ogerpon|0 fnt
|faint|p1a: Ogerpon
|
|upkeep
|
|t:|1757790488
|switch|p1a: Dragapult|Dragapult, M|100/100
|-activate|p1a: Dragapult|move: Sticky Web
|-unboost|p1a: Dragapult|spe|1
|-damage|p1a: Dragapult|88/100|[from] Stealth Rock
|turn|16
|
|t:|1757790491
|move|p2a: Gholdengo|Shadow Ball|p1a: Dragapult
|-supereffective|p1a: Dragapult
|-damage|p1a: Dragapult|0 fnt
|faint|p1a: Dragapult
|
|upkeep
|
|t:|1757790493
|switch|p1a: Pikachu|Pikachu, M|100/100
|-activate|p1a: Pikachu|move: Sticky Web
|-unboost|p1a: Pikachu|spe|1
|-damage|p1a: Pikachu|88/100|[from] Stealth Rock
|turn|17
|
|t:|1757790494
|move|p2a: Gholdengo|Shadow Ball|p1a: Pikachu
|-damage|p1a: Pikachu|0 fnt
|faint|p1a: Pikachu
|
|win|sdgkjshdkf
|raw|marisa_fumo_gaming's rating: 1552 &rarr; <strong>1535</strong><br />(-17 for losing)
|raw|sdgkjshdkf's rating: 1611 &rarr; <strong>1628</strong><br />(+17 for winning)
|l|☆marisa_fumo_gaming
|player|p1|
|l|☆sdgkjshdkf
|player|p2|
