|j|☆UnexpectdSets
|j|‽Rohit-Majum
|t:|1757814250
|gametype|singles
|player|p1|UnexpectdSets|102|1323
|player|p2|Rohit-Majum|102|1321
|gen|9
|tier|[Gen 9] OU
|rated|
|rule|HP Percentage Mod: HP is shown in percentages
|rule|Endless Battle Clause: Forcing endless battles is banned
|rule|Species Clause: Limit one of each Pokémon
|rule|OHKO Clause: OHKO moves are banned
|rule|Evasion Items Clause: Evasion items are banned
|rule|Evasion Moves Clause: Evasion moves are banned
|rule|Evasion Abilities Clause: Evasion abilities are banned
|rule|Sleep Moves Clause: Sleep-inducing moves are banned
|clearpoke
|poke|p1|Fezandipiti, M|
|poke|p1|Lokix, M|
|poke|p1|Tsareena, F|
|poke|p1|Scizor, M|
|poke|p1|Flamigo, M|
|poke|p1|Skeledirge, M|
|poke|p2|Gliscor, F|
|poke|p2|Pecharunt|
|poke|p2|Samurott-Hisui, M|
|poke|p2|Gholdengo|
|poke|p2|Raging Bolt|
|poke|p2|Kingambit, F|
|teampreview
|inactive|Battle timer is ON: inactive players will automatically lose when time's up. (requested by Rohit-Majum)
|
|t:|1757814270
|teamsize|p1|6
|teamsize|p2|6
|start
|switch|p1a: Lokix|Lokix, M|100/100
|switch|p2a: Gliscor|Gliscor, F|100/100
|turn|1
|
|t:|1757814278
|move|p1a: Lokix|Swords Dance|p1a: Lokix
|-boost|p1a: Lokix|atk|2
|move|p2a: Gliscor|Toxic|p1a: Lokix
|-status|p1a: Lokix|tox
|
|-damage|p1a: Lokix|94/100 tox|[from] psn
|-status|p2a: Gliscor|tox|[from] item: Toxic Orb
|upkeep
|turn|2
|
|t:|1757814300
|move|p1a: Lokix|Swords Dance|p1a: Lokix
|-boost|p1a: Lokix|atk|2
|move|p2a: Gliscor|Stealth Rock|p1a: Lokix
|-sidestart|p1: UnexpectdSets|move: Stealth Rock
|
|-damage|p1a: Lokix|82/100 tox|[from] psn
|upkeep
|turn|3
|
|t:|1757814313
|move|p2a: Gliscor|Protect|p2a: Gliscor
|-singleturn|p2a: Gliscor|Protect
|move|p1a: Lokix|Knock Off|p2a: Gliscor
|-activate|p2a: Gliscor|move: Protect
|
|-damage|p1a: Lokix|64/100 tox|[from] psn
|upkeep
|turn|4
|inactive|Rohit-Majum has 120 seconds left.
|
|t:|1757814345
|move|p2a: Gliscor|Protect||[still]
|-fail|p2a: Gliscor
|move|p1a: Lokix|Knock Off|p2a: Gliscor
|-damage|p2a: Gliscor|16/100 tox
|-enditem|p2a: Gliscor|Toxic Orb|[from] move: Knock Off|[of] p1a: Lokix
|
|-damage|p1a: Lokix|40/100 tox|[from] psn
|-heal|p2a: Gliscor|28/100 tox|[from] ability: Poison Heal
|upkeep
|turn|5
|
|t:|1757814358
|switch|p1a: Tsareena|Tsareena, F|100/100
|-damage|p1a: Tsareena|88/100|[from] Stealth Rock
|move|p2a: Gliscor|Protect||[still]
|-fail|p2a: Gliscor
|
|-heal|p2a: Gliscor|41/100 tox|[from] ability: Poison Heal
|upkeep
|turn|6
|
|t:|1757814364
|switch|p2a: Pecharunt|Pecharunt|100/100
|move|p1a: Tsareena|Triple Axel|p2a: Pecharunt
|-damage|p2a: Pecharunt|96/100
|-damage|p1a: Tsareena|72/100|[from] item: Rocky Helmet|[of] p2a: Pecharunt
|-damage|p2a: Pecharunt|87/100
|-damage|p1a: Tsareena|55/100|[from] item: Rocky Helmet|[of] p2a: Pecharunt
|-damage|p2a: Pecharunt|75/100
|-damage|p1a: Tsareena|39/100|[from] item: Rocky Helmet|[of] p2a: Pecharunt
|-hitcount|p2a: Pecharunt|3
|
|upkeep
|turn|7
|inactive|Rohit-Majum has 120 seconds left.
|
|t:|1757814382
|switch|p1a: Scizor|Scizor, M|100/100
|-damage|p1a: Scizor|88/100|[from] Stealth Rock
|move|p2a: Pecharunt|Malignant Chain|p1a: Scizor
|-immune|p1a: Scizor
|
|upkeep
|turn|8
|
|t:|1757814392
|switch|p2a: Gholdengo|Gholdengo|100/100
|-item|p2a: Gholdengo|Air Balloon
|move|p1a: Scizor|Knock Off|p2a: Gholdengo
|-supereffective|p2a: Gholdengo
|-damage|p2a: Gholdengo|35/100
|-enditem|p2a: Gholdengo|Air Balloon
|
|upkeep
|turn|9
|
|t:|1757814399
|move|p2a: Gholdengo|Recover|p2a: Gholdengo
|-heal|p2a: Gholdengo|85/100
|move|p1a: Scizor|Swords Dance|p1a: Scizor
|-boost|p1a: Scizor|atk|2
|
|upkeep
|turn|10
|
|t:|1757814410
|move|p2a: Gholdengo|Hex|p1a: Scizor
|-damage|p1a: Scizor|54/100
|move|p1a: Scizor|Knock Off|p2a: Gholdengo
|-supereffective|p2a: Gholdengo
|-damage|p2a: Gholdengo|0 fnt
|faint|p2a: Gholdengo
|
|upkeep
|
|t:|1757814420
|switch|p2a: Pecharunt|Pecharunt|75/100
|turn|11
|
|t:|1757814433
|switch|p2a: Gliscor|Gliscor, F|41/100 tox
|move|p1a: Scizor|Knock Off|p2a: Gliscor
|-damage|p2a: Gliscor|11/100 tox
|
|-heal|p2a: Gliscor|24/100 tox|[from] ability: Poison Heal
|upkeep
|turn|12
|
|t:|1757814442
|move|p1a: Scizor|Bullet Punch|p2a: Gliscor
|-damage|p2a: Gliscor|0 fnt
|faint|p2a: Gliscor
|
|upkeep
|
|t:|1757814444
|switch|p2a: Raging Bolt|Raging Bolt|100/100
|turn|13
|
|t:|1757814455
|move|p2a: Raging Bolt|Thunderbolt|p1a: Scizor
|-damage|p1a: Scizor|0 fnt
|faint|p1a: Scizor
|
|upkeep
|
|t:|1757814458
|switch|p1a: Tsareena|Tsareena, F|39/100
|-damage|p1a: Tsareena|27/100|[from] Stealth Rock
|turn|14
|
|t:|1757814475
|switch|p1a: Fezandipiti|Fezandipiti, M|100/100
|-damage|p1a: Fezandipiti|88/100|[from] Stealth Rock
|-item|p1a: Fezandipiti|Air Balloon
|-end|p2a: Raging Bolt|Protosynthesis|[silent]
|switch|p2a: Pecharunt|Pecharunt|75/100
|
|upkeep
|turn|15
|
|t:|1757814480
|move|p1a: Fezandipiti|Nasty Plot|p1a: Fezandipiti
|-boost|p1a: Fezandipiti|spa|2
|move|p2a: Pecharunt|Malignant Chain|p1a: Fezandipiti
|-damage|p1a: Fezandipiti|65/100
|-enditem|p1a: Fezandipiti|Air Balloon
|
|upkeep
|turn|16
|
|t:|1757814492
|move|p1a: Fezandipiti|Nasty Plot|p1a: Fezandipiti
|-boost|p1a: Fezandipiti|spa|2
|move|p2a: Pecharunt|Hex|p1a: Fezandipiti
|-damage|p1a: Fezandipiti|50/100
|
|upkeep
|turn|17
|
|t:|1757814500
|move|p1a: Fezandipiti|Heat Wave|p2a: Pecharunt
|-damage|p2a: Pecharunt|39/100
|move|p2a: Pecharunt|Hex|p1a: Fezandipiti
|-damage|p1a: Fezandipiti|36/100
|
|upkeep
|turn|18
|
|t:|1757814505
|switch|p2a: Samurott|Samurott-Hisui, M|100/100
|move|p1a: Fezandipiti|Nasty Plot|p1a: Fezandipiti
|-boost|p1a: Fezandipiti|spa|2
|
|upkeep
|turn|19
|
|t:|1757814508
|move|p2a: Samurott|Aqua Cutter|p1a: Fezandipiti
|-damage|p1a: Fezandipiti|0 fnt
|faint|p1a: Fezandipiti
|
|upkeep
|
|t:|1757814518
|switch|p1a: Lokix|Lokix, M|40/100 tox
|-damage|p1a: Lokix|16/100 tox|[from] Stealth Rock
|turn|20
|
|t:|1757814524
|move|p1a: Lokix|First Impression|p2a: Samurott
|-supereffective|p2a: Samurott
|-damage|p2a: Samurott|0 fnt
|faint|p2a: Samurott
|
|-damage|p1a: Lokix|10/100 tox|[from] psn
|upkeep
|
|t:|1757814533
|switch|p2a: Raging Bolt|Raging Bolt|100/100
|turn|21
|
|t:|1757814538
|move|p1a: Lokix|Sucker Punch|p2a: Raging Bolt
|-damage|p2a: Raging Bolt|75/100
|move|p2a: Raging Bolt|Thunderclap||[still]
|-fail|p2a: Raging Bolt
|
|-damage|p1a: Lokix|0 fnt|[from] psn
|faint|p1a: Lokix
|upkeep
|
|t:|1757814543
|switch|p1a: Tsareena|Tsareena, F|27/100
|-damage|p1a: Tsareena|14/100|[from] Stealth Rock
|turn|22
|
|t:|1757814547
|move|p2a: Raging Bolt|Thunderclap||[still]
|cant|p1a: Tsareena|ability: Queenly Majesty|Thunderclap|[of] p2a: Raging Bolt
|move|p1a: Tsareena|Triple Axel|p2a: Raging Bolt
|-supereffective|p2a: Raging Bolt
|-damage|p2a: Raging Bolt|63/100
|-supereffective|p2a: Raging Bolt
|-damage|p2a: Raging Bolt|41/100
|-supereffective|p2a: Raging Bolt
|-damage|p2a: Raging Bolt|7/100
|-hitcount|p2a: Raging Bolt|3
|
|upkeep
|turn|23
|
|t:|1757814556
|move|p1a: Tsareena|Triple Axel|p2a: Raging Bolt
|-supereffective|p2a: Raging Bolt
|-damage|p2a: Raging Bolt|0 fnt
|faint|p2a: Raging Bolt
|-end|p2a: Raging Bolt|Protosynthesis|[silent]
|-hitcount|p2: Raging Bolt|1
|
|upkeep
|
|t:|1757814559
|switch|p2a: Pecharunt|Pecharunt|39/100
|turn|24
|
|t:|1757814564
|move|p1a: Tsareena|Triple Axel|p2a: Pecharunt
|-damage|p2a: Pecharunt|35/100
|-damage|p1a: Tsareena|0 fnt|[from] item: Rocky Helmet|[of] p2a: Pecharunt
|faint|p1a: Tsareena
|-hitcount|p2a: Pecharunt|1
|move|p2a: Pecharunt|Recover|p2a: Pecharunt
|-heal|p2a: Pecharunt|85/100
|
|upkeep
|
|t:|1757814576
|switch|p1a: Skeledirge|Skeledirge, M|100/100
|-damage|p1a: Skeledirge|75/100|[from] Stealth Rock
|turn|25
|
|t:|1757814586
|-terastallize|p1a: Skeledirge|Ground
|move|p2a: Pecharunt|Nasty Plot|p2a: Pecharunt
|-boost|p2a: Pecharunt|spa|2
|move|p1a: Skeledirge|Shadow Ball|p2a: Pecharunt
|-supereffective|p2a: Pecharunt
|-damage|p2a: Pecharunt|30/100
|
|upkeep
|turn|26
|
|t:|1757814600
|-terastallize|p2a: Pecharunt|Flying
|move|p2a: Pecharunt|Recover|p2a: Pecharunt
|-heal|p2a: Pecharunt|80/100
|move|p1a: Skeledirge|Earth Power|p2a: Pecharunt
|-immune|p2a: Pecharunt
|
|upkeep
|turn|27
|
|t:|1757814612
|move|p2a: Pecharunt|Malignant Chain|p1a: Skeledirge
|-resisted|p1a: Skeledirge
|-damage|p1a: Skeledirge|64/100
|move|p1a: Skeledirge|Torch Song|p2a: Pecharunt
|-damage|p2a: Pecharunt|51/100
|-boost|p1a: Skeledirge|spa|1
|
|upkeep
|turn|28
|
|t:|1757814622
|move|p2a: Pecharunt|Malignant Chain|p1a: Skeledirge
|-resisted|p1a: Skeledirge
|-damage|p1a: Skeledirge|52/100
|move|p1a: Skeledirge|Torch Song|p2a: Pecharunt
|-damage|p2a: Pecharunt|7/100
|-boost|p1a: Skeledirge|spa|1
|
|upkeep
|turn|29
|
|t:|1757814631
|move|p2a: Pecharunt|Malignant Chain|p1a: Skeledirge
|-resisted|p1a: Skeledirge
|-damage|p1a: Skeledirge|40/100
|move|p1a: Skeledirge|Flame Charge|p2a: Pecharunt
|-damage|p2a: Pecharunt|0 fnt
|-boost|p1a: Skeledirge|spe|1
|-damage|p1a: Skeledirge|23/100|[from] item: Rocky Helmet|[of] p2a: Pecharunt
|faint|p2a: Pecharunt
|
|upkeep
|
|t:|1757814636
|switch|p2a: Kingambit|Kingambit, F|100/100
|-activate|p2a: Kingambit|ability: Supreme Overlord
|-start|p2a: Kingambit|fallen5|[silent]
|turn|30
|
|t:|1757814643
|move|p2a: Kingambit|Sucker Punch|p1a: Skeledirge
|-damage|p1a: Skeledirge|0 fnt
|faint|p1a: Skeledirge
|
|upkeep
|
|t:|1757814645
|switch|p1a: Flamigo|Flamigo, M|100/100
|-damage|p1a: Flamigo|88/100|[from] Stealth Rock
|turn|31
|
|t:|1757814655
|move|p2a: Kingambit|Sucker Punch|p1a: Flamigo
|-resisted|p1a: Flamigo
|-damage|p1a: Flamigo|34/100
|move|p1a: Flamigo|Close Combat|p2a: Kingambit
|-supereffective|p2a: Kingambit
|-damage|p2a: Kingambit|0 fnt
|-unboost|p1a: Flamigo|def|1
|-unboost|p1a: Flamigo|spd|1
|faint|p2a: Kingambit
|-end|p2a: Kingambit|fallen5|[silent]
|
|win|UnexpectdSets
|raw|UnexpectdSets's rating: 1323 &rarr; <strong>1343</strong><br />(+20 for winning)
|raw|Rohit-Majum's rating: 1321 &rarr; <strong>1301</strong><br />(-20 for losing)
|l|‽Rohit-Majum
|player|p2|
|l|☆UnexpectdSets
|player|p1|
