|j|☆Adrian098
|j|☆941kr
|t:|1757933740
|gametype|singles
|player|p1|Adrian098|lucas|1323
|player|p2|941kr|scientist|1257
|gen|9
|tier|[Gen 9] OU
|rated|
|rule|HP Percentage Mod: HP is shown in percentages
|rule|Endless Battle Clause: Forcing endless battles is banned
|rule|Species Clause: Limit one of each Pokémon
|rule|OHKO Clause: OHKO moves are banned
|rule|Evasion Items Clause: Evasion items are banned
|rule|Evasion Moves Clause: Evasion moves are banned
|rule|Evasion Abilities Clause: Evasion abilities are banned
|rule|Sleep Moves Clause: Sleep-inducing moves are banned
|clearpoke
|poke|p1|Great Tusk|
|poke|p1|Samurott-Hisui, M|
|poke|p1|Rillaboom, M|
|poke|p1|Dragapult, M|
|poke|p1|Gholdengo|
|poke|p1|Clefable, F|
|poke|p2|Volcanion|
|poke|p2|Forretress, F|
|poke|p2|Weavile, M|
|poke|p2|Drifblim, M|
|poke|p2|Mabosstiff, F|
|poke|p2|Latias, F|
|teampreview
|inactive|Battle timer is ON: inactive players will automatically lose when time's up. (requested by 941kr)
|
|t:|1757933761
|teamsize|p1|6
|teamsize|p2|6
|start
|switch|p1a: Great Tusk|Great Tusk|100/100
|switch|p2a: Volcanion|Volcanion|100/100
|turn|1
|
|t:|1757933773
|move|p1a: Great Tusk|Stealth Rock|p2a: Volcanion
|-sidestart|p2: 941kr|move: Stealth Rock
|move|p2a: Volcanion|Steam Eruption|p1a: Great Tusk
|-supereffective|p1a: Great Tusk
|-damage|p1a: Great Tusk|0 fnt
|faint|p1a: Great Tusk
|-end|p1a: Great Tusk|Protosynthesis|[silent]
|
|upkeep
|
|t:|1757933776
|switch|p1a: Samurott|Samurott-Hisui, M|100/100
|turn|2
|
|t:|1757933782
|move|p1a: Samurott|Ceaseless Edge|p2a: Volcanion
|-damage|p2a: Volcanion|61/100
|-sidestart|p2: 941kr|Spikes
|move|p2a: Volcanion|Solar Beam||[still]
|-prepare|p2a: Volcanion|Solar Beam
|-enditem|p2a: Volcanion|Power Herb
|-anim|p2a: Volcanion|Solar Beam|p1a: Samurott
|-supereffective|p1a: Samurott
|-damage|p1a: Samurott|23/100
|
|upkeep
|turn|3
|
|t:|1757933791
|move|p1a: Samurott|Ceaseless Edge|p2a: Volcanion|[miss]
|-miss|p1a: Samurott|p2a: Volcanion
|move|p2a: Volcanion|Steam Eruption|p1a: Samurott
|-resisted|p1a: Samurott
|-damage|p1a: Samurott|0 fnt
|faint|p1a: Samurott
|
|upkeep
|
|t:|1757933795
|switch|p1a: Rillaboom|Rillaboom, M|100/100
|-fieldstart|move: Grassy Terrain|[from] ability: Grassy Surge|[of] p1a: Rillaboom
|turn|4
|
|t:|1757933801
|move|p1a: Rillaboom|Wood Hammer|p2a: Volcanion
|-damage|p2a: Volcanion|0 fnt
|faint|p2a: Volcanion
|-damage|p1a: Rillaboom|81/100|[from] Recoil
|
|-heal|p1a: Rillaboom|87/100|[from] Grassy Terrain
|upkeep
|
|t:|1757933804
|switch|p2a: Forretress|Forretress, F|100/100
|-damage|p2a: Forretress|88/100|[from] Stealth Rock
|-damage|p2a: Forretress|76/100|[from] Spikes
|turn|5
|
|t:|1757933811
|switch|p1a: Dragapult|Dragapult, M|100/100
|move|p2a: Forretress|Gyro Ball|p1a: Dragapult
|-damage|p1a: Dragapult|20/100
|
|-heal|p1a: Dragapult|26/100|[from] Grassy Terrain
|-heal|p2a: Forretress|82/100|[from] Grassy Terrain
|upkeep
|turn|6
|
|t:|1757933820
|-terastallize|p2a: Forretress|Water
|move|p1a: Dragapult|Flamethrower|p2a: Forretress
|-resisted|p2a: Forretress
|-damage|p2a: Forretress|52/100
|move|p2a: Forretress|Gyro Ball|p1a: Dragapult
|-damage|p1a: Dragapult|0 fnt
|faint|p1a: Dragapult
|
|-heal|p2a: Forretress|59/100|[from] Grassy Terrain
|upkeep
|
|t:|1757933841
|switch|p1a: Rillaboom|Rillaboom, M|87/100
|turn|7
|
|t:|1757933844
|switch|p2a: Drifblim|Drifblim, M|100/100
|-damage|p2a: Drifblim|75/100|[from] Stealth Rock
|move|p1a: Rillaboom|Knock Off|p2a: Drifblim
|-supereffective|p2a: Drifblim
|-damage|p2a: Drifblim|0 fnt
|-enditem|p2a: Drifblim|Sitrus Berry|[from] move: Knock Off|[of] p1a: Rillaboom
|faint|p2a: Drifblim
|
|-heal|p1a: Rillaboom|93/100|[from] Grassy Terrain
|upkeep
|
|t:|1757933850
|switch|p2a: Mabosstiff|Mabosstiff, F|100/100
|-damage|p2a: Mabosstiff|88/100|[from] Stealth Rock
|-damage|p2a: Mabosstiff|76/100|[from] Spikes
|turn|8
|
|t:|1757933854
|switch|p1a: Clefable|Clefable, F|100/100
|move|p2a: Mabosstiff|Destiny Bond|p2a: Mabosstiff
|-singlemove|p2a: Mabosstiff|Destiny Bond
|
|-heal|p2a: Mabosstiff|82/100|[from] Grassy Terrain
|-fieldend|move: Grassy Terrain
|upkeep
|turn|9
|
|t:|1757933859
|move|p2a: Mabosstiff|Taunt|p1a: Clefable
|-start|p1a: Clefable|move: Taunt
|cant|p1a: Clefable|move: Taunt|Encore
|
|upkeep
|turn|10
|
|t:|1757933864
|move|p2a: Mabosstiff|Crunch|p1a: Clefable
|-resisted|p1a: Clefable
|-damage|p1a: Clefable|73/100
|-unboost|p1a: Clefable|def|1
|-damage|p2a: Mabosstiff|72/100|[from] item: Life Orb
|move|p1a: Clefable|Moonblast|p2a: Mabosstiff
|-supereffective|p2a: Mabosstiff
|-damage|p2a: Mabosstiff|0 fnt
|faint|p2a: Mabosstiff
|
|-heal|p1a: Clefable|79/100|[from] item: Leftovers
|upkeep
|
|t:|1757933874
|switch|p2a: Forretress|Forretress, F, tera:Water|59/100
|-damage|p2a: Forretress|46/100|[from] Stealth Rock
|-damage|p2a: Forretress|34/100|[from] Spikes
|turn|11
|
|t:|1757933887
|switch|p1a: Gholdengo|Gholdengo|100/100
|move|p2a: Forretress|Stealth Rock|p1a: Gholdengo
|-sidestart|p1: Adrian098|move: Stealth Rock
|
|upkeep
|turn|12
|
|t:|1757933891
|move|p1a: Gholdengo|Shadow Ball|p2a: Forretress
|-damage|p2a: Forretress|0 fnt
|faint|p2a: Forretress
|
|upkeep
|
|t:|1757933893
|switch|p2a: Weavile|Weavile, M|100/100
|-damage|p2a: Weavile|76/100|[from] Stealth Rock
|-damage|p2a: Weavile|63/100|[from] Spikes
|-ability|p2a: Weavile|Pressure
|turn|13
|
|t:|1757933898
|switch|p1a: Clefable|Clefable, F|79/100
|move|p2a: Weavile|Knock Off|p1a: Clefable
|-resisted|p1a: Clefable
|-damage|p1a: Clefable|56/100
|-enditem|p1a: Clefable|Leftovers|[from] move: Knock Off|[of] p2a: Weavile
|
|upkeep
|turn|14
|
|t:|1757933917
|move|p2a: Weavile|Ice Shard|p1a: Clefable
|-damage|p1a: Clefable|34/100
|move|p1a: Clefable|Moonblast|p2a: Weavile
|-supereffective|p2a: Weavile
|-damage|p2a: Weavile|0 fnt
|faint|p2a: Weavile
|
|upkeep
|
|t:|1757933921
|switch|p2a: Latias|Latias, F|100/100
|-damage|p2a: Latias|88/100|[from] Stealth Rock
|turn|15
|
|t:|1757933936
|move|p2a: Latias|Ice Beam|p1a: Clefable
|-damage|p1a: Clefable|5/100
|move|p1a: Clefable|Encore|p2a: Latias
|-start|p2a: Latias|Encore
|
|upkeep
|turn|16
|
|t:|1757933943
|switch|p1a: Gholdengo|Gholdengo|100/100
|-damage|p1a: Gholdengo|94/100|[from] Stealth Rock
|move|p2a: Latias|Ice Beam|p1a: Gholdengo
|-resisted|p1a: Gholdengo
|-damage|p1a: Gholdengo|72/100
|
|upkeep
|turn|17
|
|t:|1757933947
|move|p1a: Gholdengo|Trick|p2a: Latias
|-activate|p1a: Gholdengo|move: Trick|[of] p2a: Latias
|-item|p2a: Latias|Choice Scarf|[from] move: Trick
|-item|p1a: Gholdengo|Choice Specs|[from] move: Trick
|move|p2a: Latias|Ice Beam|p1a: Gholdengo
|-resisted|p1a: Gholdengo
|-damage|p1a: Gholdengo|56/100
|
|upkeep
|turn|18
|
|t:|1757933952
|move|p2a: Latias|Ice Beam|p1a: Gholdengo
|-resisted|p1a: Gholdengo
|-damage|p1a: Gholdengo|41/100
|move|p1a: Gholdengo|Shadow Ball|p2a: Latias
|-supereffective|p2a: Latias
|-damage|p2a: Latias|0 fnt
|faint|p2a: Latias
|
|win|Adrian098
|raw|Adrian098's rating: 1323 &rarr; <strong>1339</strong><br />(+16 for winning)
|raw|941kr's rating: 1257 &rarr; <strong>1237</strong><br />(-20 for losing)
|l|☆941kr
|player|p2|
|l|☆Adrian098
|player|p1|
