|j|☆kingofdondons
|j|☆4DEF+4SPD=GG
|t:|1757892663
|gametype|singles
|player|p1|kingofdondons|skyla|1377
|player|p2|4DEF+4SPD=GG|preschooler|1402
|gen|9
|tier|[Gen 9] OU
|rated|
|rule|HP Percentage Mod: HP is shown in percentages
|rule|Endless Battle Clause: Forcing endless battles is banned
|rule|Species Clause: Limit one of each Pokémon
|rule|OHKO Clause: OHKO moves are banned
|rule|Evasion Items Clause: Evasion items are banned
|rule|Evasion Moves Clause: Evasion moves are banned
|rule|Evasion Abilities Clause: Evasion abilities are banned
|rule|Sleep Moves Clause: Sleep-inducing moves are banned
|clearpoke
|poke|p1|Zamazenta-*|
|poke|p1|Ninetales-Alola, F|
|poke|p1|Darkrai|
|poke|p1|Ceruledge, F|
|poke|p1|Gliscor, M|
|poke|p1|Hatterene, F|
|poke|p2|Tyranitar, M|
|poke|p2|Excadrill, M|
|poke|p2|Corviknight, M|
|poke|p2|Glimmora, M|
|poke|p2|Hippowdon, M|
|poke|p2|Scizor, M|
|teampreview
|inactive|Battle timer is ON: inactive players will automatically lose when time's up. (requested by 4DEF+4SPD=GG)
|inactive|kingofdondons also wants the timer to be on.
|inactive|kingofdondons has 120 seconds left.
|
|t:|1757892701
|teamsize|p1|6
|teamsize|p2|6
|start
|switch|p1a: Gliscor|Gliscor, M|100/100
|switch|p2a: Scizor|Scizor, M|100/100
|turn|1
|
|t:|1757892718
|switch|p1a: Ninetales|Ninetales-Alola, F|100/100
|-weather|Snowscape|[from] ability: Snow Warning|[of] p1a: Ninetales
|move|p2a: Scizor|Knock Off|p1a: Ninetales
|-resisted|p1a: Ninetales
|-damage|p1a: Ninetales|79/100
|-enditem|p1a: Ninetales|Light Clay|[from] move: Knock Off|[of] p2a: Scizor
|
|-weather|Snowscape|[upkeep]
|upkeep
|turn|2
|
|t:|1757892725
|switch|p2a: Tyranitar|Tyranitar, M|100/100
|-weather|Sandstorm|[from] ability: Sand Stream|[of] p2a: Tyranitar
|move|p1a: Ninetales|Aurora Veil||[still]
|-fail|p1a: Ninetales
|
|-weather|Sandstorm|[upkeep]
|-damage|p1a: Ninetales|73/100|[from] Sandstorm
|upkeep
|turn|3
|
|t:|1757892739
|switch|p1a: Gliscor|Gliscor, M|100/100
|switch|p2a: Scizor|Scizor, M|100/100
|
|-weather|Sandstorm|[upkeep]
|-status|p1a: Gliscor|tox|[from] item: Toxic Orb
|upkeep
|turn|4
|
|t:|1757892748
|move|p1a: Gliscor|Agility|p1a: Gliscor
|-boost|p1a: Gliscor|spe|2
|move|p2a: Scizor|U-turn|p1a: Gliscor
|-resisted|p1a: Gliscor
|-damage|p1a: Gliscor|77/100 tox
|
|t:|1757892751
|switch|p2a: Glimmora|Glimmora, M|100/100|[from] U-turn
|
|-weather|Sandstorm|[upkeep]
|-heal|p1a: Gliscor|89/100 tox|[from] ability: Poison Heal
|upkeep
|turn|5
|
|t:|1757892761
|-terastallize|p2a: Glimmora|Bug
|move|p1a: Gliscor|Earthquake|p2a: Glimmora
|-resisted|p2a: Glimmora
|-damage|p2a: Glimmora|79/100
|-activate|p2a: Glimmora|ability: Toxic Debris
|-sidestart|p1: kingofdondons|move: Toxic Spikes
|move|p2a: Glimmora|Meteor Beam||[still]
|-prepare|p2a: Glimmora|Meteor Beam
|-boost|p2a: Glimmora|spa|1
|-enditem|p2a: Glimmora|Power Herb
|-anim|p2a: Glimmora|Meteor Beam|p1a: Gliscor
|-damage|p1a: Gliscor|0 fnt
|faint|p1a: Gliscor
|
|-weather|Sandstorm|[upkeep]
|-damage|p2a: Glimmora|73/100|[from] Sandstorm
|upkeep
|inactive|kingofdondons has 120 seconds left.
|
|t:|1757892788
|switch|p1a: Ninetales|Ninetales-Alola, F|73/100
|-status|p1a: Ninetales|psn
|-weather|Snowscape|[from] ability: Snow Warning|[of] p1a: Ninetales
|turn|6
|inactive|kingofdondons has 120 seconds left.
|
|t:|1757892808
|switch|p1a: Darkrai|Darkrai|100/100
|-status|p1a: Darkrai|psn
|move|p2a: Glimmora|Rock Polish|p2a: Glimmora
|-boost|p2a: Glimmora|spe|2
|
|-weather|Snowscape|[upkeep]
|-damage|p1a: Darkrai|88/100 psn|[from] psn
|upkeep
|turn|7
|
|t:|1757892814
|-terastallize|p1a: Darkrai|Poison
|move|p2a: Glimmora|Sludge Wave|p1a: Darkrai
|-resisted|p1a: Darkrai
|-damage|p1a: Darkrai|38/100 psn
|move|p1a: Darkrai|Dark Pulse|p2a: Glimmora
|-damage|p2a: Glimmora|20/100
|
|-weather|Snowscape|[upkeep]
|-heal|p1a: Darkrai|44/100 psn|[from] item: Leftovers
|-damage|p1a: Darkrai|31/100 psn|[from] psn
|upkeep
|turn|8
|
|t:|1757892817
|move|p2a: Glimmora|Earth Power|p1a: Darkrai
|-supereffective|p1a: Darkrai
|-damage|p1a: Darkrai|0 fnt
|faint|p1a: Darkrai
|
|-weather|Snowscape|[upkeep]
|upkeep
|-message|kingofdondons forfeited.
|
|win|4DEF+4SPD=GG
|raw|kingofdondons's rating: 1377 &rarr; <strong>1358</strong><br />(-19 for losing)
|raw|4DEF+4SPD=GG's rating: 1402 &rarr; <strong>1421</strong><br />(+19 for winning)
|l|☆kingofdondons
|player|p1|
