|j|☆harleywood
|j|☆Charlie Squirtle
|t:|1757903740
|gametype|singles
|player|p1|harleywood|cyclistf-gen4|1031
|player|p2|Charlie Squirtle|169|1066
|gen|9
|tier|[Gen 9] OU
|rated|
|rule|HP Percentage Mod: HP is shown in percentages
|rule|Endless Battle Clause: Forcing endless battles is banned
|rule|Species Clause: Limit one of each Pokémon
|rule|OHKO Clause: OHKO moves are banned
|rule|Evasion Items Clause: Evasion items are banned
|rule|Evasion Moves Clause: Evasion moves are banned
|rule|Evasion Abilities Clause: Evasion abilities are banned
|rule|Sleep Moves Clause: Sleep-inducing moves are banned
|clearpoke
|poke|p1|Clodsire, F|
|poke|p1|Rotom-Wash|
|poke|p1|Tinkaton, F|
|poke|p1|Iron Moth|
|poke|p1|Swampert, M|
|poke|p1|Scyther, M|
|poke|p2|Iron Crown|
|poke|p2|Meowscarada, F|
|poke|p2|Great Tusk|
|poke|p2|Pecharunt|
|poke|p2|Ting-Lu|
|poke|p2|Iron Valiant|
|teampreview
|
|t:|1757903749
|teamsize|p1|6
|teamsize|p2|6
|start
|switch|p1a: Clodsire|Clodsire, F|100/100
|switch|p2a: Ting-Lu|Ting-Lu|100/100
|-ability|p2a: Ting-Lu|Vessel of Ruin
|turn|1
|
|t:|1757903768
|move|p1a: Clodsire|Toxic|p2a: Ting-Lu
|-status|p2a: Ting-Lu|tox
|move|p2a: Ting-Lu|Whirlwind|p1a: Clodsire
|drag|p1a: Iron Moth|Iron Moth|100/100
|-enditem|p1a: Iron Moth|Booster Energy
|-activate|p1a: Iron Moth|ability: Quark Drive|[fromitem]
|-start|p1a: Iron Moth|quarkdrivespa
|
|-damage|p2a: Ting-Lu|94/100 tox|[from] psn
|upkeep
|turn|2
|
|t:|1757903782
|move|p1a: Iron Moth|Bug Buzz|p2a: Ting-Lu
|-supereffective|p2a: Ting-Lu
|-damage|p2a: Ting-Lu|60/100 tox
|move|p2a: Ting-Lu|Stealth Rock|p1a: Iron Moth
|-sidestart|p1: harleywood|move: Stealth Rock
|
|-heal|p2a: Ting-Lu|66/100 tox|[from] item: Leftovers
|-damage|p2a: Ting-Lu|54/100 tox|[from] psn
|upkeep
|turn|3
|
|t:|1757903801
|-end|p1a: Iron Moth|Quark Drive|[silent]
|switch|p1a: Scyther|Scyther, M|100/100
|-damage|p1a: Scyther|51/100|[from] Stealth Rock
|move|p2a: Ting-Lu|Earthquake|p1a: Scyther
|-immune|p1a: Scyther
|
|-heal|p2a: Ting-Lu|60/100 tox|[from] item: Leftovers
|-damage|p2a: Ting-Lu|41/100 tox|[from] psn
|upkeep
|turn|4
|
|t:|1757903816
|move|p1a: Scyther|Defog|p2a: Ting-Lu
|-unboost|p2a: Ting-Lu|evasion|1
|-sideend|p1: harleywood|Stealth Rock|[from] move: Defog|[of] p1a: Scyther
|move|p2a: Ting-Lu|Ruination|p1a: Scyther
|-damage|p1a: Scyther|26/100
|
|-heal|p2a: Ting-Lu|48/100 tox|[from] item: Leftovers
|-damage|p2a: Ting-Lu|23/100 tox|[from] psn
|upkeep
|turn|5
|
|t:|1757903824
|move|p1a: Scyther|Bug Bite|p2a: Ting-Lu
|-supereffective|p2a: Ting-Lu
|-damage|p2a: Ting-Lu|0 fnt
|faint|p2a: Ting-Lu
|
|upkeep
|
|t:|1757903869
|switch|p2a: Iron Valiant|Iron Valiant|100/100
|-enditem|p2a: Iron Valiant|Booster Energy
|-activate|p2a: Iron Valiant|ability: Quark Drive|[fromitem]
|-start|p2a: Iron Valiant|quarkdrivespe
|turn|6
|
|t:|1757903891
|switch|p1a: Clodsire|Clodsire, F|100/100
|move|p2a: Iron Valiant|Moonblast|p1a: Clodsire
|-resisted|p1a: Clodsire
|-damage|p1a: Clodsire|88/100
|-unboost|p1a: Clodsire|spa|1
|
|-heal|p1a: Clodsire|94/100|[from] item: Black Sludge
|upkeep
|turn|7
|
|t:|1757903909
|-end|p2a: Iron Valiant|Quark Drive|[silent]
|switch|p2a: Great Tusk|Great Tusk|100/100
|move|p1a: Clodsire|Toxic|p2a: Great Tusk
|-status|p2a: Great Tusk|tox
|
|-heal|p1a: Clodsire|100/100|[from] item: Black Sludge
|-damage|p2a: Great Tusk|94/100 tox|[from] psn
|upkeep
|turn|8
|
|t:|1757903950
|switch|p1a: Rotom|Rotom-Wash|100/100
|move|p2a: Great Tusk|Headlong Rush|p1a: Rotom
|-immune|p1a: Rotom|[from] ability: Levitate
|
|-heal|p2a: Great Tusk|100/100 tox|[from] item: Leftovers
|-damage|p2a: Great Tusk|88/100 tox|[from] psn
|upkeep
|turn|9
|
|t:|1757903966
|-end|p2a: Great Tusk|Protosynthesis|[silent]
|switch|p2a: Meowscarada|Meowscarada, F|100/100
|move|p1a: Rotom|Will-O-Wisp|p2a: Meowscarada
|-status|p2a: Meowscarada|brn
|
|-damage|p2a: Meowscarada|94/100 brn|[from] brn
|upkeep
|turn|10
|
|t:|1757903981
|-terastallize|p2a: Meowscarada|Grass
|move|p2a: Meowscarada|Flower Trick|p1a: Rotom
|-supereffective|p1a: Rotom
|-crit|p1a: Rotom
|-damage|p1a: Rotom|20/100
|move|p1a: Rotom|Volt Switch|p2a: Meowscarada
|-resisted|p2a: Meowscarada
|-damage|p2a: Meowscarada|73/100 brn
|
|t:|1757903998
|switch|p1a: Scyther|Scyther, M|26/100|[from] Volt Switch
|
|-damage|p2a: Meowscarada|67/100 brn|[from] brn
|upkeep
|turn|11
|
|t:|1757904015
|switch|p2a: Iron Valiant|Iron Valiant|100/100
|move|p1a: Scyther|Dual Wingbeat|p2a: Iron Valiant
|-supereffective|p2a: Iron Valiant
|-damage|p2a: Iron Valiant|27/100
|-supereffective|p2a: Iron Valiant
|-damage|p2a: Iron Valiant|0 fnt
|faint|p2a: Iron Valiant
|-end|p2a: Iron Valiant|Quark Drive|[silent]
|-hitcount|p2: Iron Valiant|2
|
|upkeep
|
|t:|1757904044
|switch|p2a: Great Tusk|Great Tusk|88/100 tox
|turn|12
|
|t:|1757904049
|move|p1a: Scyther|Dual Wingbeat|p2a: Great Tusk
|-supereffective|p2a: Great Tusk
|-damage|p2a: Great Tusk|55/100 tox
|-supereffective|p2a: Great Tusk
|-damage|p2a: Great Tusk|18/100 tox
|-hitcount|p2a: Great Tusk|2
|move|p2a: Great Tusk|Ice Spinner|p1a: Scyther
|-supereffective|p1a: Scyther
|-damage|p1a: Scyther|0 fnt
|faint|p1a: Scyther
|
|-heal|p2a: Great Tusk|25/100 tox|[from] item: Leftovers
|-damage|p2a: Great Tusk|18/100 tox|[from] psn
|upkeep
|
|t:|1757904069
|switch|p1a: Rotom|Rotom-Wash|20/100
|turn|13
|
|t:|1757904078
|move|p1a: Rotom|Protect|p1a: Rotom
|-singleturn|p1a: Rotom|Protect
|move|p2a: Great Tusk|Rapid Spin|p1a: Rotom
|-activate|p1a: Rotom|move: Protect
|
|-heal|p2a: Great Tusk|25/100 tox|[from] item: Leftovers
|-heal|p1a: Rotom|26/100|[from] item: Leftovers
|-damage|p2a: Great Tusk|12/100 tox|[from] psn
|upkeep
|turn|14
|
|t:|1757904087
|move|p1a: Rotom|Protect||[still]
|-fail|p1a: Rotom
|move|p2a: Great Tusk|Rapid Spin|p1a: Rotom
|-damage|p1a: Rotom|14/100
|-boost|p2a: Great Tusk|spe|1
|
|-heal|p2a: Great Tusk|18/100 tox|[from] item: Leftovers
|-heal|p1a: Rotom|20/100|[from] item: Leftovers
|-damage|p2a: Great Tusk|0 fnt|[from] psn
|faint|p2a: Great Tusk
|-end|p2a: Great Tusk|Protosynthesis|[silent]
|upkeep
|
|t:|1757904107
|switch|p2a: Meowscarada|Meowscarada, F, tera:Grass|67/100 brn
|turn|15
|
|t:|1757904116
|move|p2a: Meowscarada|U-turn|p1a: Rotom
|-damage|p1a: Rotom|7/100
|
|t:|1757904128
|switch|p2a: Iron Crown|Iron Crown|100/100|[from] U-turn
|move|p1a: Rotom|Volt Switch|p2a: Iron Crown
|-damage|p2a: Iron Crown|74/100
|
|t:|1757904138
|switch|p1a: Iron Moth|Iron Moth|100/100|[from] Volt Switch
|
|upkeep
|turn|16
|
|t:|1757904147
|move|p1a: Iron Moth|Fiery Dance|p2a: Iron Crown
|-supereffective|p2a: Iron Crown
|-damage|p2a: Iron Crown|0 fnt
|-boost|p1a: Iron Moth|spa|1
|faint|p2a: Iron Crown
|-end|p2a: Iron Crown|Quark Drive|[silent]
|
|upkeep
|-message|Charlie Squirtle forfeited.
|
|win|harleywood
|raw|harleywood's rating: 1031 &rarr; <strong>1070</strong><br />(+39 for winning)
|raw|Charlie Squirtle's rating: 1066 &rarr; <strong>1044</strong><br />(-22 for losing)
|l|☆Charlie Squirtle
|player|p2|
