|j|☆lavvsy
|j|‽ncdr
|t:|1757829772
|gametype|singles
|player|p1|lavvsy|elesa-masters|1561
|player|p2|ncdr|flannery|1523
|gen|9
|tier|[Gen 9] OU
|rated|
|rule|HP Percentage Mod: HP is shown in percentages
|rule|Endless Battle Clause: Forcing endless battles is banned
|rule|Species Clause: Limit one of each Pokémon
|rule|OHKO Clause: OHKO moves are banned
|rule|Evasion Items Clause: Evasion items are banned
|rule|Evasion Moves Clause: Evasion moves are banned
|rule|Evasion Abilities Clause: Evasion abilities are banned
|rule|Sleep Moves Clause: Sleep-inducing moves are banned
|clearpoke
|poke|p1|Moltres|
|poke|p1|Weavile, F|
|poke|p1|Raging Bolt|
|poke|p1|Great Tusk|
|poke|p1|Hydrapple, F|
|poke|p1|Slowking-Galar, F|
|poke|p2|Hydreigon, F|
|poke|p2|Great Tusk|
|poke|p2|Tyranitar, F|
|poke|p2|Moltres|
|poke|p2|Ninetales-Alola, F|
|poke|p2|Kingambit, F|
|teampreview
|inactive|Battle timer is ON: inactive players will automatically lose when time's up. (requested by ncdr)
|
|t:|1757829779
|teamsize|p1|6
|teamsize|p2|6
|start
|switch|p1a: Special Week|Raging Bolt|100/100
|switch|p2a: Great Tusk|Great Tusk|100/100
|turn|1
|inactive|ncdr has 120 seconds left.
|
|t:|1757829835
|-end|p1a: Special Week|Protosynthesis|[silent]
|switch|p1a: Tokai Teio|Moltres|100/100
|move|p2a: Great Tusk|Headlong Rush|p1a: Tokai Teio
|-immune|p1a: Tokai Teio
|
|upkeep
|turn|2
|
|t:|1757829856
|-end|p2a: Great Tusk|Protosynthesis|[silent]
|switch|p2a: Tyranitar|Tyranitar, F|100/100
|-weather|Sandstorm|[from] ability: Sand Stream|[of] p2a: Tyranitar
|move|p1a: Tokai Teio|U-turn|p2a: Tyranitar
|-supereffective|p2a: Tyranitar
|-damage|p2a: Tyranitar|81/100
|
|t:|1757829862
|switch|p1a: Vodka|Great Tusk, shiny|100/100|[from] U-turn
|
|-weather|Sandstorm|[upkeep]
|-heal|p2a: Tyranitar|87/100|[from] item: Leftovers
|upkeep
|turn|3
|
|t:|1757829871
|move|p1a: Vodka|Knock Off|p2a: Tyranitar
|-resisted|p2a: Tyranitar
|-damage|p2a: Tyranitar|77/100
|-enditem|p2a: Tyranitar|Leftovers|[from] move: Knock Off|[of] p1a: Vodka
|move|p2a: Tyranitar|Ice Beam|p1a: Vodka
|-supereffective|p1a: Vodka
|-damage|p1a: Vodka|52/100
|
|-weather|Sandstorm|[upkeep]
|upkeep
|turn|4
|
|t:|1757829880
|switch|p2a: Great Tusk|Great Tusk|100/100
|move|p1a: Vodka|Stealth Rock|p2a: Great Tusk
|-sidestart|p2: ncdr|move: Stealth Rock
|
|-weather|Sandstorm|[upkeep]
|upkeep
|turn|5
|inactive|ncdr has 120 seconds left.
|
|t:|1757829886
|move|p2a: Great Tusk|Head Smash|p1a: Vodka
|-resisted|p1a: Vodka
|-damage|p1a: Vodka|44/100
|-damage|p2a: Great Tusk|96/100|[from] Recoil
|move|p1a: Vodka|Knock Off|p2a: Great Tusk
|-resisted|p2a: Great Tusk
|-damage|p2a: Great Tusk|86/100
|-enditem|p2a: Great Tusk|Choice Scarf|[from] move: Knock Off|[of] p1a: Vodka
|
|-weather|Sandstorm|[upkeep]
|upkeep
|turn|6
|
|t:|1757829903
|move|p1a: Vodka|Headlong Rush|p2a: Great Tusk
|-damage|p2a: Great Tusk|50/100
|-unboost|p1a: Vodka|def|1
|-unboost|p1a: Vodka|spd|1
|move|p2a: Great Tusk|Head Smash|p1a: Vodka
|-resisted|p1a: Vodka
|-damage|p1a: Vodka|33/100
|-damage|p2a: Great Tusk|44/100|[from] Recoil
|
|-weather|none
|upkeep
|turn|7
|
|t:|1757829912
|-end|p1a: Vodka|Protosynthesis|[silent]
|switch|p1a: Tokai Teio|Moltres|100/100
|move|p2a: Great Tusk|Headlong Rush|p1a: Tokai Teio
|-immune|p1a: Tokai Teio
|
|upkeep
|turn|8
|
|t:|1757829918
|switch|p1a: Silence Suzuka|Hydrapple, F, shiny|100/100
|move|p2a: Great Tusk|Head Smash|p1a: Silence Suzuka|[miss]
|-miss|p2a: Great Tusk|p1a: Silence Suzuka
|
|upkeep
|turn|9
|
|t:|1757829928
|move|p2a: Great Tusk|Ice Spinner|p1a: Silence Suzuka
|-supereffective|p1a: Silence Suzuka
|-damage|p1a: Silence Suzuka|16/100
|move|p1a: Silence Suzuka|Fickle Beam|p2a: Great Tusk|[anim] Fickle Beam All Out
|-activate|p1a: Silence Suzuka|move: Fickle Beam
|-damage|p2a: Great Tusk|0 fnt
|faint|p2a: Great Tusk
|-end|p2a: Great Tusk|Protosynthesis|[silent]
|-damage|p1a: Silence Suzuka|6/100|[from] item: Life Orb
|
|upkeep
|inactive|ncdr has 120 seconds left.
|
|t:|1757829971
|switch|p2a: Ninetales|Ninetales-Alola, F, shiny|100/100
|-damage|p2a: Ninetales|76/100|[from] Stealth Rock
|-weather|Snowscape|[from] ability: Snow Warning|[of] p2a: Ninetales
|turn|10
|
|t:|1757829975
|move|p2a: Ninetales|Aurora Veil|p2a: Ninetales
|-sidestart|p2: ncdr|move: Aurora Veil
|move|p1a: Silence Suzuka|Leaf Storm|p2a: Ninetales|[miss]
|-miss|p1a: Silence Suzuka|p2a: Ninetales
|
|-weather|Snowscape|[upkeep]
|upkeep
|turn|11
|
|t:|1757829980
|switch|p1a: Gold Ship|Slowking-Galar, F|100/100
|move|p2a: Ninetales|Blizzard|p1a: Gold Ship
|-damage|p1a: Gold Ship|74/100
|
|-weather|Snowscape|[upkeep]
|upkeep
|turn|12
|
|t:|1757829987
|switch|p2a: Hydreigon|Hydreigon, F|100/100
|-damage|p2a: Hydreigon|88/100|[from] Stealth Rock
|move|p1a: Gold Ship|Thunder Wave|p2a: Hydreigon|[miss]
|-miss|p1a: Gold Ship|p2a: Hydreigon
|
|-weather|Snowscape|[upkeep]
|-heal|p2a: Hydreigon|94/100|[from] item: Leftovers
|upkeep
|turn|13
|
|t:|1757829992
|move|p2a: Hydreigon|Nasty Plot|p2a: Hydreigon
|-boost|p2a: Hydreigon|spa|2
|move|p1a: Gold Ship|Thunder Wave|p2a: Hydreigon
|-status|p2a: Hydreigon|par
|
|-weather|Snowscape|[upkeep]
|-heal|p2a: Hydreigon|100/100 par|[from] item: Leftovers
|upkeep
|turn|14
|
|t:|1757829996
|switch|p1a: Silence Suzuka|Hydrapple, F, shiny|39/100
|move|p2a: Hydreigon|Dark Pulse|p1a: Silence Suzuka
|-damage|p1a: Silence Suzuka|0 fnt
|faint|p1a: Silence Suzuka
|
|-weather|none
|upkeep
|
|t:|1757830004
|switch|p1a: Special Week|Raging Bolt|100/100
|turn|15
|
|t:|1757830006
|-terastallize|p2a: Hydreigon|Poison
|move|p1a: Special Week|Draco Meteor|p2a: Hydreigon|[miss]
|-miss|p1a: Special Week|p2a: Hydreigon
|cant|p2a: Hydreigon|par
|
|upkeep
|turn|16
|
|t:|1757830015
|-terastallize|p1a: Special Week|Fairy
|move|p1a: Special Week|Draco Meteor|p2a: Hydreigon
|-damage|p2a: Hydreigon|46/100 par
|-unboost|p1a: Special Week|spa|2
|move|p2a: Hydreigon|Dark Pulse|p1a: Special Week
|-resisted|p1a: Special Week
|-damage|p1a: Special Week|63/100
|
|-heal|p2a: Hydreigon|53/100 par|[from] item: Leftovers
|upkeep
|turn|17
|
|t:|1757830022
|-end|p1a: Special Week|Protosynthesis|[silent]
|switch|p1a: Vodka|Great Tusk, shiny|33/100
|cant|p2a: Hydreigon|par
|
|-heal|p2a: Hydreigon|59/100 par|[from] item: Leftovers
|-sideend|p2: ncdr|move: Aurora Veil
|upkeep
|turn|18
|
|t:|1757830027
|move|p1a: Vodka|Knock Off|p2a: Hydreigon
|-damage|p2a: Hydreigon|31/100 par
|-enditem|p2a: Hydreigon|Leftovers|[from] move: Knock Off|[of] p1a: Vodka
|move|p2a: Hydreigon|Dark Pulse|p1a: Vodka
|-resisted|p1a: Vodka
|-damage|p1a: Vodka|0 fnt
|faint|p1a: Vodka
|-end|p1a: Vodka|Protosynthesis|[silent]
|
|upkeep
|
|t:|1757830033
|switch|p1a: Special Week|Raging Bolt, tera:Fairy|63/100
|turn|19
|
|t:|1757830036
|move|p1a: Special Week|Volt Switch|p2a: Hydreigon
|-damage|p2a: Hydreigon|0 fnt
|faint|p2a: Hydreigon
|-message|ncdr forfeited.
|
|win|lavvsy
|raw|lavvsy's rating: 1561 &rarr; <strong>1579</strong><br />(+18 for winning)
|raw|ncdr's rating: 1523 &rarr; <strong>1505</strong><br />(-18 for losing)
|l|‽ncdr
|player|p2|
|l|☆lavvsy
|player|p1|
