|j|☆aehro7_
|j|☆chise0713
|t:|1757807973
|gametype|singles
|player|p1|aehro7_|169|1092
|player|p2|chise0713|skyla|1099
|gen|9
|tier|[Gen 9] OU
|rated|
|rule|HP Percentage Mod: HP is shown in percentages
|rule|Endless Battle Clause: Forcing endless battles is banned
|rule|Species Clause: Limit one of each Pokémon
|rule|OHKO Clause: OHKO moves are banned
|rule|Evasion Items Clause: Evasion items are banned
|rule|Evasion Moves Clause: Evasion moves are banned
|rule|Evasion Abilities Clause: Evasion abilities are banned
|rule|Sleep Moves Clause: Sleep-inducing moves are banned
|clearpoke
|poke|p1|Blastoise, M|
|poke|p1|Salamence, M|
|poke|p1|Mamoswine, F|
|poke|p1|Honchkrow, M|
|poke|p1|Magnezone|
|poke|p1|Blaziken, M|
|poke|p2|Venomoth, F|
|poke|p2|Zapdos-Galar|
|poke|p2|Necrozma|
|poke|p2|Feraligatr, F|
|poke|p2|Ninetales-Alola, M|
|poke|p2|Minior-Blue|
|teampreview
|inactive|Battle timer is ON: inactive players will automatically lose when time's up. (requested by chise0713)
|
|t:|1757807989
|teamsize|p1|6
|teamsize|p2|6
|start
|switch|p1a: MINK-X|Honchkrow, M|100/100
|switch|p2a: Ninetales|Ninetales-Alola, M|100/100
|-weather|Snowscape|[from] ability: Snow Warning|[of] p2a: Ninetales
|turn|1
|inactive|chise0713 has 120 seconds left.
|
|t:|1757808019
|move|p2a: Ninetales|Aurora Veil|p2a: Ninetales
|-sidestart|p2: chise0713|move: Aurora Veil
|move|p1a: MINK-X|Shadow Ball|p2a: Ninetales
|-damage|p2a: Ninetales|89/100
|
|-weather|Snowscape|[upkeep]
|upkeep
|turn|2
|inactive|chise0713 has 120 seconds left.
|
|t:|1757808034
|switch|p1a: LUO-DENG|Mamoswine, F|100/100
|move|p2a: Ninetales|Moonblast|p1a: LUO-DENG
|-damage|p1a: LUO-DENG|49/100
|-unboost|p1a: LUO-DENG|spa|1
|
|-weather|Snowscape|[upkeep]
|upkeep
|turn|3
|
|t:|1757808043
|move|p2a: Ninetales|Moonblast|p1a: LUO-DENG
|-damage|p1a: LUO-DENG|0 fnt
|faint|p1a: LUO-DENG
|
|-weather|Snowscape|[upkeep]
|upkeep
|
|t:|1757808050
|switch|p1a: ZION|Magnezone, shiny|100/100
|turn|4
|
|t:|1757808068
|switch|p2a: Minior|Minior-Blue|100/100
|-formechange|p2a: Minior|Minior-Meteor||[from] ability: Shields Down
|move|p1a: ZION|Light Screen|p1a: ZION
|-sidestart|p1: aehro7_|move: Light Screen
|
|-weather|Snowscape|[upkeep]
|upkeep
|turn|5
|
|t:|1757808075
|move|p2a: Minior|Shell Smash|p2a: Minior
|-unboost|p2a: Minior|def|1
|-unboost|p2a: Minior|spd|1
|-boost|p2a: Minior|atk|2
|-boost|p2a: Minior|spa|2
|-boost|p2a: Minior|spe|2
|move|p1a: ZION|Flash Cannon|p2a: Minior
|-supereffective|p2a: Minior
|-damage|p2a: Minior|0 fnt
|faint|p2a: Minior
|
|-weather|none
|upkeep
|
|t:|1757808083
|switch|p2a: Venomoth|Venomoth, F|100/100
|turn|6
|
|t:|1757808087
|move|p2a: Venomoth|Quiver Dance|p2a: Venomoth
|-boost|p2a: Venomoth|spa|1
|-boost|p2a: Venomoth|spd|1
|-boost|p2a: Venomoth|spe|1
|move|p1a: ZION|Thunderbolt|p2a: Venomoth
|-damage|p2a: Venomoth|73/100
|
|upkeep
|turn|7
|
|t:|1757808110
|switch|p1a: MINK-X|Honchkrow, M|100/100
|move|p2a: Venomoth|Quiver Dance|p2a: Venomoth
|-boost|p2a: Venomoth|spa|1
|-boost|p2a: Venomoth|spd|1
|-boost|p2a: Venomoth|spe|1
|
|upkeep
|turn|8
|
|t:|1757808116
|move|p2a: Venomoth|Sludge Bomb|p1a: MINK-X
|-damage|p1a: MINK-X|28/100
|move|p1a: MINK-X|Brave Bird|p2a: Venomoth
|-supereffective|p2a: Venomoth
|-crit|p2a: Venomoth
|-damage|p2a: Venomoth|0 fnt
|faint|p2a: Venomoth
|-damage|p1a: MINK-X|9/100|[from] Recoil
|-enditem|p1a: MINK-X|Salac Berry|[eat]
|-boost|p1a: MINK-X|spe|1|[from] item: Salac Berry
|
|-sideend|p1: aehro7_|move: Light Screen
|-sideend|p2: chise0713|move: Aurora Veil
|upkeep
|
|t:|1757808130
|switch|p2a: Ninetales|Ninetales-Alola, M|89/100
|-weather|Snowscape|[from] ability: Snow Warning|[of] p2a: Ninetales
|turn|9
|
|t:|1757808134
|move|p1a: MINK-X|Brave Bird|p2a: Ninetales
|-crit|p2a: Ninetales
|-damage|p2a: Ninetales|0 fnt
|faint|p2a: Ninetales
|-damage|p1a: MINK-X|0 fnt|[from] Recoil
|faint|p1a: MINK-X
|
|-weather|Snowscape|[upkeep]
|upkeep
|
|t:|1757808160
|switch|p2a: Feraligatr|Feraligatr, F|100/100
|switch|p1a: PIOR|Blaziken, M, shiny|100/100
|turn|10
|inactive|aehro7_ has 120 seconds left.
|
|t:|1757808186
|move|p1a: PIOR|Poison Jab|p2a: Feraligatr
|-damage|p2a: Feraligatr|72/100
|move|p2a: Feraligatr|Dragon Dance|p2a: Feraligatr
|-boost|p2a: Feraligatr|atk|1
|-boost|p2a: Feraligatr|spe|1
|
|-weather|Snowscape|[upkeep]
|-ability|p1a: PIOR|Speed Boost|boost
|-boost|p1a: PIOR|spe|1
|upkeep
|turn|11
|inactive|aehro7_ has 120 seconds left.
|
|t:|1757808196
|move|p1a: PIOR|Brick Break|p2a: Feraligatr
|-damage|p2a: Feraligatr|32/100
|move|p2a: Feraligatr|Liquidation|p1a: PIOR
|-supereffective|p1a: PIOR
|-enditem|p1a: PIOR|Focus Sash
|-damage|p1a: PIOR|1/100
|
|-weather|Snowscape|[upkeep]
|-ability|p1a: PIOR|Speed Boost|boost
|-boost|p1a: PIOR|spe|1
|upkeep
|turn|12
|
|t:|1757808202
|move|p1a: PIOR|Brick Break|p2a: Feraligatr
|-crit|p2a: Feraligatr
|-damage|p2a: Feraligatr|0 fnt
|faint|p2a: Feraligatr
|
|-weather|Snowscape|[upkeep]
|-ability|p1a: PIOR|Speed Boost|boost
|-boost|p1a: PIOR|spe|1
|upkeep
|
|t:|1757808207
|switch|p2a: Zapdos|Zapdos-Galar|100/100
|turn|13
|
|t:|1757808210
|move|p1a: PIOR|Poison Jab|p2a: Zapdos
|-damage|p2a: Zapdos|71/100
|move|p2a: Zapdos|U-turn|p1a: PIOR
|-resisted|p1a: PIOR
|-crit|p1a: PIOR
|-damage|p1a: PIOR|0 fnt
|faint|p1a: PIOR
|
|t:|1757808213
|switch|p2a: Necrozma|Necrozma|100/100|[from] U-turn
|
|-weather|none
|upkeep
|c|☆aehro7_|I actually really love your team, it's very orignal
|
|t:|1757808236
|switch|p1a: ZION|Magnezone, shiny|100/100
|turn|14
|
|t:|1757808243
|move|p2a: Necrozma|Dragon Dance|p2a: Necrozma
|-boost|p2a: Necrozma|atk|1
|-boost|p2a: Necrozma|spe|1
|move|p1a: ZION|Thunderbolt|p2a: Necrozma
|-damage|p2a: Necrozma|49/100
|
|-heal|p2a: Necrozma|55/100|[from] item: Leftovers
|upkeep
|turn|15
|
|t:|1757808255
|move|p2a: Necrozma|Knock Off|p1a: ZION
|-damage|p1a: ZION|61/100
|-enditem|p1a: ZION|Cell Battery|[from] move: Knock Off|[of] p2a: Necrozma
|move|p1a: ZION|Thunderbolt|p2a: Necrozma
|-damage|p2a: Necrozma|5/100
|
|-heal|p2a: Necrozma|11/100|[from] item: Leftovers
|upkeep
|turn|16
|
|t:|1757808268
|move|p2a: Necrozma|Photon Geyser|p1a: ZION
|-resisted|p1a: ZION
|-damage|p1a: ZION|29/100
|move|p1a: ZION|Thunderbolt|p2a: Necrozma
|-damage|p2a: Necrozma|0 fnt
|faint|p2a: Necrozma
|
|upkeep
|
|t:|1757808275
|switch|p2a: Zapdos|Zapdos-Galar|71/100
|turn|17
|
|t:|1757808281
|-terastallize|p1a: ZION|Ghost
|move|p2a: Zapdos|Thunderous Kick|p1a: ZION
|-immune|p1a: ZION
|move|p1a: ZION|Thunderbolt|p2a: Zapdos
|-supereffective|p2a: Zapdos
|-damage|p2a: Zapdos|0 fnt
|faint|p2a: Zapdos
|
|win|aehro7_
|raw|aehro7_'s rating: 1092 &rarr; <strong>1119</strong><br />(+27 for winning)
|raw|chise0713's rating: 1099 &rarr; <strong>1074</strong><br />(-25 for losing)
|l|☆chise0713
|player|p2|
|l|☆aehro7_
|player|p1|
