|j|☆Mouu'd
|j|☆ElisD24
|t:|1757854625
|gametype|singles
|player|p1|Mouu'd|buck|1213
|player|p2|ElisD24|candice|1240
|gen|9
|tier|[Gen 9] OU
|rated|
|rule|HP Percentage Mod: HP is shown in percentages
|rule|Endless Battle Clause: Forcing endless battles is banned
|rule|Species Clause: Limit one of each Pokémon
|rule|OHKO Clause: OHKO moves are banned
|rule|Evasion Items Clause: Evasion items are banned
|rule|Evasion Moves Clause: Evasion moves are banned
|rule|Evasion Abilities Clause: Evasion abilities are banned
|rule|Sleep Moves Clause: Sleep-inducing moves are banned
|clearpoke
|poke|p1|Slowbro, F|
|poke|p1|Diancie|
|poke|p1|Oranguru, M|
|poke|p1|Ursaluna, M|
|poke|p1|Incineroar, M|
|poke|p1|Conkeldurr, M|
|poke|p2|Landorus-Therian, M|
|poke|p2|Samurott-Hisui, F|
|poke|p2|Pecharunt|
|poke|p2|Scizor, M|
|poke|p2|Latios, M|
|poke|p2|Zamazenta-*|
|teampreview
|inactive|Battle timer is ON: inactive players will automatically lose when time's up. (requested by Mouu'd)
|
|t:|1757854655
|teamsize|p1|6
|teamsize|p2|6
|start
|switch|p1a: Jinbei|Slowbro, F, shiny|100/100
|switch|p2a: Landorus|Landorus-Therian, M|100/100
|-ability|p2a: Landorus|Intimidate|boost
|-fail|p1a: Jinbei|unboost|Attack|[from] ability: Oblivious|[of] p1a: Jinbei
|turn|1
|
|t:|1757854669
|move|p2a: Landorus|Stealth Rock|p1a: Jinbei
|-sidestart|p1: Mouu'd|move: Stealth Rock
|move|p1a: Jinbei|Scald|p2a: Landorus
|-supereffective|p2a: Landorus
|-damage|p2a: Landorus|39/100
|
|upkeep
|turn|2
|
|t:|1757854690
|move|p2a: Landorus|U-turn|p1a: Jinbei
|-supereffective|p1a: Jinbei
|-damage|p1a: Jinbei|72/100
|
|t:|1757854695
|switch|p2a: Samurott|Samurott-Hisui, F|100/100|[from] U-turn
|move|p1a: Jinbei|Trick Room|p1a: Jinbei
|-fieldstart|move: Trick Room|[of] p1a: Jinbei
|
|upkeep
|turn|3
|
|t:|1757854707
|switch|p1a: Luffy gear 4th|Conkeldurr, M|100/100
|-damage|p1a: Luffy gear 4th|94/100|[from] Stealth Rock
|move|p2a: Samurott|Knock Off|p1a: Luffy gear 4th
|-resisted|p1a: Luffy gear 4th
|-damage|p1a: Luffy gear 4th|75/100
|-enditem|p1a: Luffy gear 4th|Flame Orb|[from] move: Knock Off|[of] p2a: Samurott
|
|upkeep
|turn|4
|
|t:|1757854720
|switch|p2a: Pecharunt|Pecharunt|100/100
|-terastallize|p1a: Luffy gear 4th|Fighting
|move|p1a: Luffy gear 4th|Drain Punch|p2a: Pecharunt
|-immune|p2a: Pecharunt
|
|upkeep
|turn|5
|
|t:|1757854731
|move|p1a: Luffy gear 4th|Knock Off|p2a: Pecharunt
|-supereffective|p2a: Pecharunt
|-crit|p2a: Pecharunt
|-damage|p2a: Pecharunt|32/100
|-enditem|p2a: Pecharunt|Heavy-Duty Boots|[from] move: Knock Off|[of] p1a: Luffy gear 4th
|move|p2a: Pecharunt|Parting Shot|p1a: Luffy gear 4th
|-unboost|p1a: Luffy gear 4th|atk|1
|-unboost|p1a: Luffy gear 4th|spa|1
|
|t:|1757854744
|switch|p2a: Landorus|Landorus-Therian, M|39/100|[from] Parting Shot
|-ability|p2a: Landorus|Intimidate|boost
|-unboost|p1a: Luffy gear 4th|atk|1
|
|upkeep
|turn|6
|
|t:|1757854750
|move|p1a: Luffy gear 4th|Ice Punch|p2a: Landorus
|-supereffective|p2a: Landorus
|-damage|p2a: Landorus|0 fnt
|-damage|p1a: Luffy gear 4th|58/100|[from] item: Rocky Helmet|[of] p2a: Landorus
|faint|p2a: Landorus
|
|-fieldend|move: Trick Room
|upkeep
|inactive|ElisD24 has 120 seconds left.
|
|t:|1757854799
|switch|p2a: Latios|Latios, M|100/100
|turn|7
|
|t:|1757854811
|switch|p1a: Xebec|Incineroar, M|100/100
|-damage|p1a: Xebec|76/100|[from] Stealth Rock
|-ability|p1a: Xebec|Intimidate|boost
|-unboost|p2a: Latios|atk|1
|move|p2a: Latios|Psychic Noise|p1a: Xebec
|-immune|p1a: Xebec
|
|upkeep
|turn|8
|
|t:|1757854838
|switch|p2a: Pecharunt|Pecharunt|32/100
|move|p1a: Xebec|Fire Punch|p2a: Pecharunt
|-damage|p2a: Pecharunt|8/100
|
|upkeep
|turn|9
|
|t:|1757854851
|move|p2a: Pecharunt|Malignant Chain|p1a: Xebec
|-damage|p1a: Xebec|46/100
|-status|p1a: Xebec|tox
|-start|p1a: Xebec|confusion|[from] ability: Poison Puppeteer|[of] p2a: Pecharunt
|-enditem|p1a: Xebec|Sitrus Berry|[eat]
|-heal|p1a: Xebec|71/100 tox|[from] item: Sitrus Berry
|-activate|p1a: Xebec|confusion
|move|p1a: Xebec|Parting Shot|p2a: Pecharunt
|-unboost|p2a: Pecharunt|atk|1
|-unboost|p2a: Pecharunt|spa|1
|inactive|Mouu'd has 120 seconds left.
|
|t:|1757854862
|switch|p1a: Jinbei|Slowbro, F, shiny|72/100|[from] Parting Shot
|-damage|p1a: Jinbei|59/100|[from] Stealth Rock
|
|upkeep
|turn|10
|inactive|ElisD24 has 90 seconds left.
|
|t:|1757854888
|move|p2a: Pecharunt|Malignant Chain|p1a: Jinbei
|-damage|p1a: Jinbei|38/100
|move|p1a: Jinbei|Trick Room|p1a: Jinbei
|-fieldstart|move: Trick Room|[of] p1a: Jinbei
|
|upkeep
|turn|11
|inactive|ElisD24 has 90 seconds left.
|inactive|Mouu'd has 120 seconds left.
|
|t:|1757854905
|switch|p2a: Latios|Latios, M|100/100
|move|p1a: Jinbei|Slack Off|p1a: Jinbei
|-heal|p1a: Jinbei|88/100
|
|upkeep
|turn|12
|inactive|ElisD24 has 90 seconds left.
|
|t:|1757854917
|switch|p1a: Robin|Diancie|100/100
|-damage|p1a: Robin|88/100|[from] Stealth Rock
|move|p2a: Latios|Draco Meteor|p1a: Robin
|-immune|p1a: Robin
|
|upkeep
|turn|13
|inactive|ElisD24 has 90 seconds left.
|inactive|Mouu'd has 120 seconds left.
|
|t:|1757854934
|switch|p2a: Pecharunt|Pecharunt|8/100
|move|p1a: Robin|Moonblast|p2a: Pecharunt
|-resisted|p2a: Pecharunt
|-damage|p2a: Pecharunt|0 fnt
|faint|p2a: Pecharunt
|
|upkeep
|
|t:|1757854950
|switch|p2a: Scizor|Scizor, M|100/100
|turn|14
|
|t:|1757854964
|switch|p1a: Xebec|Incineroar, M|71/100 tox
|-damage|p1a: Xebec|46/100 tox|[from] Stealth Rock
|-ability|p1a: Xebec|Intimidate|boost
|-unboost|p2a: Scizor|atk|1
|move|p2a: Scizor|Swords Dance|p2a: Scizor
|-boost|p2a: Scizor|atk|2
|
|-damage|p1a: Xebec|40/100 tox|[from] psn
|-fieldend|move: Trick Room
|upkeep
|turn|15
|
|t:|1757854977
|-terastallize|p2a: Scizor|Electric
|move|p2a: Scizor|Tera Blast|p1a: Xebec|[anim] Tera Blast Electric
|-damage|p1a: Xebec|0 fnt
|faint|p1a: Xebec
|
|upkeep
|
|t:|1757854991
|switch|p1a: Crocus|Oranguru, M|100/100
|-damage|p1a: Crocus|88/100|[from] Stealth Rock
|turn|16
|inactive|ElisD24 has 90 seconds left.
|
|t:|1757855011
|move|p2a: Scizor|Knock Off|p1a: Crocus
|-supereffective|p1a: Crocus
|-crit|p1a: Crocus
|-damage|p1a: Crocus|0 fnt
|-enditem|p1a: Crocus|Mental Herb|[from] move: Knock Off|[of] p2a: Scizor
|faint|p1a: Crocus
|
|upkeep
|inactive|Mouu'd has 120 seconds left.
|inactive|Mouu'd has 90 seconds left.
|
|t:|1757855064
|switch|p1a: Chopper|Ursaluna, M|100/100
|-damage|p1a: Chopper|94/100|[from] Stealth Rock
|turn|17
|inactive|ElisD24 has 60 seconds left.
|
|t:|1757855108
|switch|p2a: Zamazenta|Zamazenta|100/100
|-ability|p2a: Zamazenta|Dauntless Shield|boost
|-boost|p2a: Zamazenta|def|1
|move|p1a: Chopper|Earthquake|p2a: Zamazenta
|-damage|p2a: Zamazenta|71/100
|
|-heal|p2a: Zamazenta|78/100|[from] item: Leftovers
|-status|p1a: Chopper|brn|[from] item: Flame Orb
|upkeep
|turn|18
|inactive|Mouu'd has 90 seconds left.
|
|t:|1757855122
|switch|p1a: Robin|Diancie|88/100
|-damage|p1a: Robin|75/100|[from] Stealth Rock
|move|p2a: Zamazenta|Body Press|p1a: Robin
|-damage|p1a: Robin|29/100
|
|-heal|p2a: Zamazenta|84/100|[from] item: Leftovers
|upkeep
|turn|19
|inactive|Mouu'd has 90 seconds left.
|
|t:|1757855152
|move|p2a: Zamazenta|Body Press|p1a: Robin
|-damage|p1a: Robin|0 fnt
|faint|p1a: Robin
|
|-heal|p2a: Zamazenta|90/100|[from] item: Leftovers
|upkeep
|inactive|Mouu'd has 90 seconds left.
|
|t:|1757855170
|switch|p1a: Jinbei|Slowbro, F, shiny|88/100
|-damage|p1a: Jinbei|75/100|[from] Stealth Rock
|turn|20
|inactive|ElisD24 has 30 seconds left.
|
|t:|1757855200
|move|p2a: Zamazenta|Iron Defense|p2a: Zamazenta
|-boost|p2a: Zamazenta|def|2
|move|p1a: Jinbei|Trick Room|p1a: Jinbei
|-fieldstart|move: Trick Room|[of] p1a: Jinbei
|
|-heal|p2a: Zamazenta|96/100|[from] item: Leftovers
|upkeep
|turn|21
|inactive|ElisD24 has 30 seconds left.
|inactive|Mouu'd has 90 seconds left.
|
|t:|1757855212
|switch|p1a: Luffy gear 4th|Conkeldurr, M, tera:Fighting|58/100
|-damage|p1a: Luffy gear 4th|52/100|[from] Stealth Rock
|move|p2a: Zamazenta|Crunch|p1a: Luffy gear 4th
|-resisted|p1a: Luffy gear 4th
|-damage|p1a: Luffy gear 4th|43/100
|-unboost|p1a: Luffy gear 4th|def|1
|
|-heal|p2a: Zamazenta|100/100|[from] item: Leftovers
|upkeep
|turn|22
|inactive|ElisD24 has 30 seconds left.
|
|t:|1757855222
|move|p1a: Luffy gear 4th|Knock Off|p2a: Zamazenta
|-resisted|p2a: Zamazenta
|-damage|p2a: Zamazenta|95/100
|-enditem|p2a: Zamazenta|Leftovers|[from] move: Knock Off|[of] p1a: Luffy gear 4th
|move|p2a: Zamazenta|Body Press|p1a: Luffy gear 4th
|-damage|p1a: Luffy gear 4th|0 fnt
|faint|p1a: Luffy gear 4th
|
|upkeep
|
|t:|1757855231
|switch|p1a: Chopper|Ursaluna, M|94/100 brn
|-damage|p1a: Chopper|88/100 brn|[from] Stealth Rock
|turn|23
|
|t:|1757855239
|move|p1a: Chopper|Facade|p2a: Zamazenta
|-damage|p2a: Zamazenta|61/100
|move|p2a: Zamazenta|Body Press|p1a: Chopper
|-supereffective|p1a: Chopper
|-damage|p1a: Chopper|0 fnt
|faint|p1a: Chopper
|
|upkeep
|c|☆ElisD24|gg
|
|t:|1757855246
|switch|p1a: Jinbei|Slowbro, F, shiny|75/100
|-damage|p1a: Jinbei|63/100|[from] Stealth Rock
|turn|24
|
|t:|1757855254
|move|p1a: Jinbei|Scald|p2a: Zamazenta
|-damage|p2a: Zamazenta|36/100
|move|p2a: Zamazenta|Crunch|p1a: Jinbei
|-supereffective|p1a: Jinbei
|-enditem|p1a: Jinbei|Colbur Berry|[eat]
|-enditem|p1a: Jinbei|Colbur Berry|[weaken]
|-damage|p1a: Jinbei|51/100
|-unboost|p1a: Jinbei|def|1
|
|-fieldend|move: Trick Room
|upkeep
|turn|25
|-message|Mouu'd forfeited.
|
|win|ElisD24
|raw|Mouu&apos;d's rating: 1213 &rarr; <strong>1190</strong><br />(-23 for losing)
|raw|ElisD24's rating: 1240 &rarr; <strong>1263</strong><br />(+23 for winning)
|l|☆Mouu'd
|player|p1|
|l|☆ElisD24
|player|p2|
