|j|☆Hodgepodge
|j|☆SpectralStorm
|t:|1757828882
|gametype|singles
|player|p1|Hodgepodge|1|1263
|player|p2|SpectralStorm|1|1288
|gen|9
|tier|[Gen 9] OU
|rated|
|rule|HP Percentage Mod: HP is shown in percentages
|rule|Endless Battle Clause: Forcing endless battles is banned
|rule|Species Clause: Limit one of each Pokémon
|rule|OHKO Clause: OHKO moves are banned
|rule|Evasion Items Clause: Evasion items are banned
|rule|Evasion Moves Clause: Evasion moves are banned
|rule|Evasion Abilities Clause: Evasion abilities are banned
|rule|Sleep Moves Clause: Sleep-inducing moves are banned
|clearpoke
|poke|p1|Landorus-Therian, M|
|poke|p1|Meowscarada, F|
|poke|p1|Gholdengo|
|poke|p1|Kyurem|
|poke|p1|Pecharunt|
|poke|p1|Slowking-Galar, M|
|poke|p2|Bellibolt, F|
|poke|p2|Basculegion, M|
|poke|p2|Dragonite, M|
|poke|p2|Iron Treads|
|poke|p2|Barraskewda, M|
|poke|p2|Pelipper, M|
|teampreview
|
|t:|1757828893
|teamsize|p1|6
|teamsize|p2|6
|start
|switch|p1a: Gholdengo|Gholdengo|100/100
|switch|p2a: Pelipper|Pelipper, M|100/100
|-weather|RainDance|[from] ability: Drizzle|[of] p2a: Pelipper
|turn|1
|
|t:|1757828897
|move|p1a: Gholdengo|Thunderbolt|p2a: Pelipper
|-supereffective|p2a: Pelipper
|-damage|p2a: Pelipper|0 fnt
|faint|p2a: Pelipper
|
|-weather|RainDance|[upkeep]
|upkeep
|
|t:|1757828899
|switch|p2a: Barraskewda|Barraskewda, M|100/100
|turn|2
|
|t:|1757828908
|switch|p1a: Pecharunt|Pecharunt|100/100
|-terastallize|p2a: Barraskewda|Water
|move|p2a: Barraskewda|Liquidation|p1a: Pecharunt
|-damage|p1a: Pecharunt|35/100
|
|-weather|RainDance|[upkeep]
|upkeep
|turn|3
|
|t:|1757828913
|-terastallize|p1a: Pecharunt|Water
|move|p2a: Barraskewda|Liquidation|p1a: Pecharunt
|-resisted|p1a: Pecharunt
|-damage|p1a: Pecharunt|0 fnt
|faint|p1a: Pecharunt
|
|-weather|RainDance|[upkeep]
|upkeep
|
|t:|1757828925
|switch|p1a: Kyurem|Kyurem|100/100
|-ability|p1a: Kyurem|Pressure
|turn|4
|
|t:|1757828929
|switch|p2a: Bellibolt|Bellibolt, F|100/100
|move|p1a: Kyurem|Freeze-Dry|p2a: Bellibolt
|-damage|p2a: Bellibolt|77/100
|-start|p2a: Bellibolt|Charge|Freeze-Dry|[from] ability: Electromorphosis
|
|-weather|RainDance|[upkeep]
|upkeep
|turn|5
|
|t:|1757828932
|move|p1a: Kyurem|Substitute|p1a: Kyurem
|-start|p1a: Kyurem|Substitute
|-damage|p1a: Kyurem|75/100
|move|p2a: Bellibolt|Volt Switch|p1a: Kyurem
|-resisted|p1a: Kyurem
|-end|p1a: Kyurem|Substitute
|-end|p2a: Bellibolt|Charge|[silent]
|
|t:|1757828940
|switch|p2a: Iron Treads|Iron Treads|100/100|[from] Volt Switch
|
|-weather|RainDance|[upkeep]
|upkeep
|turn|6
|
|t:|1757828948
|-end|p2a: Iron Treads|Quark Drive|[silent]
|switch|p2a: Basculegion|Basculegion, M|100/100
|switch|p1a: Landorus|Landorus-Therian, M|100/100
|-ability|p1a: Landorus|Intimidate|boost
|-unboost|p2a: Basculegion|atk|1
|
|-weather|RainDance|[upkeep]
|upkeep
|turn|7
|
|t:|1757828962
|switch|p1a: Gholdengo|Gholdengo|100/100
|move|p2a: Basculegion|Wave Crash|p1a: Gholdengo
|-damage|p1a: Gholdengo|0 fnt
|faint|p1a: Gholdengo
|-damage|p2a: Basculegion|70/100|[from] Recoil
|
|-weather|RainDance|[upkeep]
|upkeep
|
|t:|1757828968
|switch|p1a: Landorus|Landorus-Therian, M|100/100
|-ability|p1a: Landorus|Intimidate|boost
|-unboost|p2a: Basculegion|atk|1
|turn|8
|
|t:|1757828971
|switch|p1a: Kyurem|Kyurem|75/100
|-ability|p1a: Kyurem|Pressure
|move|p2a: Basculegion|Wave Crash|p1a: Kyurem
|-resisted|p1a: Kyurem
|-damage|p1a: Kyurem|41/100
|-damage|p2a: Basculegion|57/100|[from] Recoil
|
|-weather|none
|upkeep
|turn|9
|
|t:|1757828975
|switch|p2a: Bellibolt|Bellibolt, F|77/100
|move|p1a: Kyurem|Freeze-Dry|p2a: Bellibolt
|-damage|p2a: Bellibolt|52/100
|-status|p2a: Bellibolt|frz
|-start|p2a: Bellibolt|Charge|Freeze-Dry|[from] ability: Electromorphosis
|
|upkeep
|turn|10
|
|t:|1757828978
|move|p1a: Kyurem|Earth Power|p2a: Bellibolt
|-supereffective|p2a: Bellibolt
|-crit|p2a: Bellibolt
|-damage|p2a: Bellibolt|0 fnt
|faint|p2a: Bellibolt
|
|upkeep
|
|t:|1757828982
|switch|p2a: Iron Treads|Iron Treads|100/100
|turn|11
|
|t:|1757828990
|move|p2a: Iron Treads|Stealth Rock|p1a: Kyurem
|-sidestart|p1: Hodgepodge|move: Stealth Rock
|move|p1a: Kyurem|Earth Power|p2a: Iron Treads
|-supereffective|p2a: Iron Treads
|-damage|p2a: Iron Treads|21/100
|-enditem|p2a: Iron Treads|Eject Button
|
|t:|1757828996
|-end|p2a: Iron Treads|Quark Drive|[silent]
|switch|p2a: Barraskewda|Barraskewda, M, tera:Water|100/100
|
|upkeep
|turn|12
|
|t:|1757829008
|move|p2a: Barraskewda|Flip Turn|p1a: Kyurem
|-resisted|p1a: Kyurem
|-damage|p1a: Kyurem|16/100
|
|t:|1757829011
|switch|p2a: Iron Treads|Iron Treads|21/100|[from] Flip Turn
|move|p1a: Kyurem|Freeze-Dry|p2a: Iron Treads
|-damage|p2a: Iron Treads|0 fnt
|faint|p2a: Iron Treads
|-end|p2a: Iron Treads|Quark Drive|[silent]
|
|upkeep
|
|t:|1757829012
|switch|p2a: Barraskewda|Barraskewda, M, tera:Water|100/100
|turn|13
|
|t:|1757829015
|switch|p1a: Landorus|Landorus-Therian, M|100/100
|-damage|p1a: Landorus|88/100|[from] Stealth Rock
|-ability|p1a: Landorus|Intimidate|boost
|-unboost|p2a: Barraskewda|atk|1
|move|p2a: Barraskewda|Flip Turn|p1a: Landorus
|-supereffective|p1a: Landorus
|-damage|p1a: Landorus|20/100
|-damage|p2a: Barraskewda|84/100|[from] item: Rocky Helmet|[of] p1a: Landorus
|
|t:|1757829020
|switch|p2a: Basculegion|Basculegion, M|57/100|[from] Flip Turn
|
|upkeep
|turn|14
|
|t:|1757829022
|move|p2a: Basculegion|Flip Turn|p1a: Landorus
|-supereffective|p1a: Landorus
|-damage|p1a: Landorus|0 fnt
|-damage|p2a: Basculegion|40/100|[from] item: Rocky Helmet|[of] p1a: Landorus
|faint|p1a: Landorus
|
|t:|1757829027
|switch|p2a: Barraskewda|Barraskewda, M, tera:Water|84/100|[from] Flip Turn
|
|upkeep
|
|t:|1757829032
|switch|p1a: Meowscarada|Meowscarada, F|100/100
|turn|15
|
|t:|1757829058
|switch|p2a: Basculegion|Basculegion, M|40/100
|move|p1a: Meowscarada|Flower Trick|p2a: Basculegion
|-start|p1a: Meowscarada|typechange|Grass|[from] ability: Protean
|-supereffective|p2a: Basculegion
|-crit|p2a: Basculegion
|-damage|p2a: Basculegion|0 fnt
|faint|p2a: Basculegion
|
|upkeep
|
|t:|1757829060
|switch|p2a: Dragonite|Dragonite, M|100/100
|turn|16
|
|t:|1757829070
|move|p1a: Meowscarada|U-turn|p2a: Dragonite
|-resisted|p2a: Dragonite
|-damage|p2a: Dragonite|95/100
|
|t:|1757829073
|switch|p1a: Kyurem|Kyurem|16/100|[from] U-turn
|-ability|p1a: Kyurem|Pressure
|move|p2a: Dragonite|Draco Meteor|p1a: Kyurem|[miss]
|-miss|p2a: Dragonite|p1a: Kyurem
|
|upkeep
|turn|17
|
|t:|1757829085
|move|p2a: Dragonite|Low Kick|p1a: Kyurem
|-supereffective|p1a: Kyurem
|-damage|p1a: Kyurem|0 fnt
|faint|p1a: Kyurem
|
|upkeep
|
|t:|1757829088
|switch|p1a: Slowking|Slowking-Galar, M|100/100
|turn|18
|
|t:|1757829093
|move|p2a: Dragonite|Draco Meteor|p1a: Slowking
|-damage|p1a: Slowking|60/100
|-unboost|p2a: Dragonite|spa|2
|-enditem|p2a: Dragonite|Eject Pack
|
|t:|1757829095
|switch|p2a: Barraskewda|Barraskewda, M, tera:Water|84/100
|move|p1a: Slowking|Future Sight|p2a: Barraskewda
|-start|p1a: Slowking|move: Future Sight
|
|upkeep
|turn|19
|
|t:|1757829103
|move|p2a: Barraskewda|Liquidation|p1a: Slowking
|-damage|p1a: Slowking|0 fnt
|faint|p1a: Slowking
|
|upkeep
|
|t:|1757829106
|switch|p1a: Meowscarada|Meowscarada, F|100/100
|turn|20
|
|t:|1757829108
|move|p1a: Meowscarada|Knock Off|p2a: Barraskewda
|-start|p1a: Meowscarada|typechange|Dark|[from] ability: Protean
|-damage|p2a: Barraskewda|0 fnt
|-enditem|p2a: Barraskewda|Choice Band|[from] move: Knock Off|[of] p1a: Meowscarada
|faint|p2a: Barraskewda
|
|-hint|Future Sight did not hit because the target is fainted.
|upkeep
|
|t:|1757829110
|switch|p2a: Dragonite|Dragonite, M|95/100
|turn|21
|
|t:|1757829119
|move|p1a: Meowscarada|Knock Off|p2a: Dragonite
|-damage|p2a: Dragonite|64/100
|move|p2a: Dragonite|Roost|p2a: Dragonite
|-heal|p2a: Dragonite|100/100
|-singleturn|p2a: Dragonite|move: Roost
|
|upkeep
|turn|22
|-message|Hodgepodge forfeited.
|
|win|SpectralStorm
|raw|Hodgepodge's rating: 1263 &rarr; <strong>1240</strong><br />(-23 for losing)
|raw|SpectralStorm's rating: 1288 &rarr; <strong>1311</strong><br />(+23 for winning)
|l|☆Hodgepodge
|player|p1|
|l|☆SpectralStorm
|player|p2|
