|j|☆blazingshadow46
|j|☆kkonka
|t:|1757823474
|gametype|singles
|player|p1|blazingshadow46|ghetsis|1315
|player|p2|kkonka|parasollady|1310
|gen|9
|tier|[Gen 9] OU
|rated|
|rule|HP Percentage Mod: HP is shown in percentages
|rule|Endless Battle Clause: Forcing endless battles is banned
|rule|Species Clause: Limit one of each Pokémon
|rule|OHKO Clause: OHKO moves are banned
|rule|Evasion Items Clause: Evasion items are banned
|rule|Evasion Moves Clause: Evasion moves are banned
|rule|Evasion Abilities Clause: Evasion abilities are banned
|rule|Sleep Moves Clause: Sleep-inducing moves are banned
|clearpoke
|poke|p1|Noivern, M|
|poke|p1|Chandelure, M|
|poke|p1|Krookodile, F|
|poke|p1|Frosmoth, M|
|poke|p1|Scizor, M|
|poke|p1|Great Tusk|
|poke|p2|Tinkaton, F|
|poke|p2|Great Tusk|
|poke|p2|Garganacl, F|
|poke|p2|Keldeo-Resolute|
|poke|p2|Zapdos|
|poke|p2|Dragapult, M|
|teampreview
|inactive|Battle timer is ON: inactive players will automatically lose when time's up. (requested by blazingshadow46)
|
|t:|1757823496
|teamsize|p1|6
|teamsize|p2|6
|start
|switch|p1a: SS Stall trooper|Chandelure, M|100/100
|switch|p2a: Tinkaton|Tinkaton, F|100/100
|-ability|p2a: Tinkaton|Mold Breaker
|-item|p2a: Tinkaton|Air Balloon
|turn|1
|
|t:|1757823502
|switch|p2a: Garganacl|Garganacl, F|100/100
|move|p1a: SS Stall trooper|Overheat|p2a: Garganacl
|-resisted|p2a: Garganacl
|-damage|p2a: Garganacl|61/100
|-unboost|p1a: SS Stall trooper|spa|2
|
|-heal|p2a: Garganacl|67/100|[from] item: Leftovers
|upkeep
|turn|2
|
|t:|1757823510
|switch|p1a: Krooked Nose|Krookodile, F|100/100
|move|p2a: Garganacl|Salt Cure|p1a: Krooked Nose
|-resisted|p1a: Krooked Nose
|-damage|p1a: Krooked Nose|91/100
|-start|p1a: Krooked Nose|Salt Cure
|
|-heal|p2a: Garganacl|73/100|[from] item: Leftovers
|-damage|p1a: Krooked Nose|79/100|[from] Salt Cure
|upkeep
|turn|3
|
|t:|1757823518
|switch|p1a: Knee Surgery|Great Tusk|100/100
|move|p2a: Garganacl|Recover|p2a: Garganacl
|-heal|p2a: Garganacl|100/100
|
|upkeep
|turn|4
|
|t:|1757823528
|switch|p2a: Zapdos|Zapdos|100/100
|move|p1a: Knee Surgery|Stealth Rock|p2a: Zapdos
|-sidestart|p2: kkonka|move: Stealth Rock
|
|upkeep
|turn|5
|
|t:|1757823534
|-end|p1a: Knee Surgery|Protosynthesis|[silent]
|switch|p1a: Frosmoth|Frosmoth, M|100/100
|move|p2a: Zapdos|Volt Switch|p1a: Frosmoth
|-damage|p1a: Frosmoth|86/100
|
|t:|1757823543
|switch|p2a: Tinkaton|Tinkaton, F|100/100|[from] Volt Switch
|-damage|p2a: Tinkaton|94/100|[from] Stealth Rock
|-ability|p2a: Tinkaton|Mold Breaker
|-item|p2a: Tinkaton|Air Balloon
|
|upkeep
|turn|6
|
|t:|1757823554
|switch|p1a: SS Stall trooper|Chandelure, M|100/100
|move|p2a: Tinkaton|Gigaton Hammer|p1a: SS Stall trooper
|-resisted|p1a: SS Stall trooper
|-damage|p1a: SS Stall trooper|68/100
|
|upkeep
|turn|7
|
|t:|1757823562
|switch|p2a: Garganacl|Garganacl, F|100/100
|-damage|p2a: Garganacl|88/100|[from] Stealth Rock
|move|p1a: SS Stall trooper|Energy Ball|p2a: Garganacl
|-supereffective|p2a: Garganacl
|-damage|p2a: Garganacl|9/100
|
|-heal|p2a: Garganacl|15/100|[from] item: Leftovers
|upkeep
|turn|8
|
|t:|1757823574
|switch|p2a: Zapdos|Zapdos|100/100
|move|p1a: SS Stall trooper|Energy Ball|p2a: Zapdos
|-resisted|p2a: Zapdos
|-damage|p2a: Zapdos|76/100
|
|upkeep
|turn|9
|
|t:|1757823580
|switch|p1a: Frosmoth|Frosmoth, M|86/100
|move|p2a: Zapdos|Hurricane|p1a: Frosmoth|[miss]
|-miss|p2a: Zapdos|p1a: Frosmoth
|
|upkeep
|turn|10
|
|t:|1757823586
|move|p2a: Zapdos|Hurricane|p1a: Frosmoth|[miss]
|-miss|p2a: Zapdos|p1a: Frosmoth
|move|p1a: Frosmoth|Ice Beam|p2a: Zapdos
|-supereffective|p2a: Zapdos
|-damage|p2a: Zapdos|0 fnt
|faint|p2a: Zapdos
|
|upkeep
|
|t:|1757823596
|switch|p2a: Tinkaton|Tinkaton, F|94/100
|-damage|p2a: Tinkaton|88/100|[from] Stealth Rock
|-ability|p2a: Tinkaton|Mold Breaker
|-item|p2a: Tinkaton|Air Balloon
|turn|11
|
|t:|1757823602
|switch|p1a: Knee Surgery|Great Tusk|100/100
|move|p2a: Tinkaton|Stealth Rock|p1a: Knee Surgery
|-sidestart|p1: blazingshadow46|move: Stealth Rock
|
|upkeep
|turn|12
|
|t:|1757823610
|move|p2a: Tinkaton|Gigaton Hammer|p1a: Knee Surgery
|-damage|p1a: Knee Surgery|78/100
|move|p1a: Knee Surgery|Ice Spinner|p2a: Tinkaton
|-resisted|p2a: Tinkaton
|-damage|p2a: Tinkaton|76/100
|-enditem|p2a: Tinkaton|Air Balloon
|
|upkeep
|turn|13
|
|t:|1757823616
|move|p2a: Tinkaton|Encore|p1a: Knee Surgery
|-start|p1a: Knee Surgery|Encore
|move|p1a: Knee Surgery|Ice Spinner|p2a: Tinkaton
|-resisted|p2a: Tinkaton
|-damage|p2a: Tinkaton|62/100
|
|upkeep
|turn|14
|
|t:|1757823622
|-end|p1a: Knee Surgery|Protosynthesis|[silent]
|switch|p1a: Wombat|Noivern, M|100/100
|move|p2a: Tinkaton|Gigaton Hammer|p1a: Wombat
|-damage|p1a: Wombat|42/100
|
|upkeep
|turn|15
|
|t:|1757823626
|move|p1a: Wombat|Defog|p2a: Tinkaton
|-unboost|p2a: Tinkaton|evasion|1
|-sideend|p2: kkonka|Stealth Rock|[from] move: Defog|[of] p1a: Wombat
|-sideend|p1: blazingshadow46|Stealth Rock|[from] move: Defog|[of] p1a: Wombat
|move|p2a: Tinkaton|Thunder Wave|p1a: Wombat
|-status|p1a: Wombat|par
|
|upkeep
|turn|16
|
|t:|1757823630
|move|p2a: Tinkaton|Encore|p1a: Wombat
|-start|p1a: Wombat|Encore
|move|p1a: Wombat|Defog|p2a: Tinkaton
|-unboost|p2a: Tinkaton|evasion|1
|
|upkeep
|turn|17
|
|t:|1757823634
|switch|p1a: Knee Surgery|Great Tusk|78/100
|move|p2a: Tinkaton|Gigaton Hammer|p1a: Knee Surgery
|-damage|p1a: Knee Surgery|55/100
|
|upkeep
|turn|18
|
|t:|1757823645
|move|p2a: Tinkaton|Stealth Rock|p1a: Knee Surgery
|-sidestart|p1: blazingshadow46|move: Stealth Rock
|move|p1a: Knee Surgery|Close Combat|p2a: Tinkaton
|-damage|p2a: Tinkaton|0 fnt
|-unboost|p1a: Knee Surgery|def|1
|-unboost|p1a: Knee Surgery|spd|1
|faint|p2a: Tinkaton
|
|upkeep
|
|t:|1757823650
|switch|p2a: Keldeo|Keldeo-Resolute|100/100
|turn|19
|
|t:|1757823656
|-end|p1a: Knee Surgery|Protosynthesis|[silent]
|switch|p1a: Frosmoth|Frosmoth, M|86/100
|move|p2a: Keldeo|Surf|p1a: Frosmoth
|-damage|p1a: Frosmoth|53/100
|
|upkeep
|turn|20
|
|t:|1757823665
|move|p2a: Keldeo|Surf|p1a: Frosmoth
|-damage|p1a: Frosmoth|17/100
|move|p1a: Frosmoth|Giga Drain|p2a: Keldeo
|-supereffective|p2a: Keldeo
|-damage|p2a: Keldeo|45/100
|-heal|p1a: Frosmoth|43/100|[from] drain|[of] p2a: Keldeo
|
|upkeep
|turn|21
|
|t:|1757823674
|-terastallize|p2a: Keldeo|Water
|move|p2a: Keldeo|Surf|p1a: Frosmoth
|-damage|p1a: Frosmoth|0 fnt
|faint|p1a: Frosmoth
|
|upkeep
|
|t:|1757823691
|switch|p1a: Krooked Nose|Krookodile, F|79/100
|-damage|p1a: Krooked Nose|73/100|[from] Stealth Rock
|turn|22
|
|t:|1757823695
|switch|p2a: Garganacl|Garganacl, F|15/100
|move|p1a: Krooked Nose|Earthquake|p2a: Garganacl
|-supereffective|p2a: Garganacl
|-damage|p2a: Garganacl|0 fnt
|faint|p2a: Garganacl
|-ability|p1a: Krooked Nose|Moxie|boost
|-boost|p1a: Krooked Nose|atk|1
|
|upkeep
|
|t:|1757823700
|switch|p2a: Great Tusk|Great Tusk|100/100
|turn|23
|
|t:|1757823704
|switch|p1a: Wombat|Noivern, M|42/100 par
|move|p2a: Great Tusk|Rapid Spin|p1a: Wombat
|-damage|p1a: Wombat|20/100 par
|-boost|p2a: Great Tusk|spe|1
|
|upkeep
|turn|24
|
|t:|1757823709
|move|p2a: Great Tusk|Rapid Spin|p1a: Wombat
|-damage|p1a: Wombat|0 fnt
|-boost|p2a: Great Tusk|spe|1
|faint|p1a: Wombat
|
|upkeep
|
|t:|1757823714
|switch|p1a: Knee Surgery|Great Tusk|55/100
|-damage|p1a: Knee Surgery|52/100|[from] Stealth Rock
|turn|25
|
|t:|1757823718
|move|p2a: Great Tusk|Ice Spinner|p1a: Knee Surgery
|-supereffective|p1a: Knee Surgery
|-crit|p1a: Knee Surgery
|-damage|p1a: Knee Surgery|12/100
|-damage|p2a: Great Tusk|84/100|[from] item: Rocky Helmet|[of] p1a: Knee Surgery
|move|p1a: Knee Surgery|Rapid Spin|p2a: Great Tusk
|-damage|p2a: Great Tusk|73/100
|-boost|p1a: Knee Surgery|spe|1
|-sideend|p1: blazingshadow46|Stealth Rock|[from] move: Rapid Spin|[of] p1a: Knee Surgery
|
|upkeep
|turn|26
|
|t:|1757823725
|move|p2a: Great Tusk|Ice Spinner|p1a: Knee Surgery
|-supereffective|p1a: Knee Surgery
|-damage|p1a: Knee Surgery|0 fnt
|-damage|p2a: Great Tusk|56/100|[from] item: Rocky Helmet|[of] p1a: Knee Surgery
|faint|p1a: Knee Surgery
|-end|p1a: Knee Surgery|Protosynthesis|[silent]
|
|upkeep
|
|t:|1757823730
|switch|p1a: Safety Scizors|Scizor, M|100/100
|turn|27
|
|t:|1757823736
|move|p2a: Great Tusk|Headlong Rush|p1a: Safety Scizors
|-damage|p1a: Safety Scizors|35/100
|-unboost|p2a: Great Tusk|def|1
|-unboost|p2a: Great Tusk|spd|1
|move|p1a: Safety Scizors|Dual Wingbeat|p2a: Great Tusk
|-supereffective|p2a: Great Tusk
|-damage|p2a: Great Tusk|6/100
|-supereffective|p2a: Great Tusk
|-damage|p2a: Great Tusk|0 fnt
|faint|p2a: Great Tusk
|-end|p2a: Great Tusk|Protosynthesis|[silent]
|-hitcount|p2: Great Tusk|2
|
|-heal|p1a: Safety Scizors|41/100|[from] item: Leftovers
|upkeep
|
|t:|1757823748
|switch|p2a: Keldeo|Keldeo-Resolute, tera:Water|45/100
|turn|28
|
|t:|1757823753
|move|p2a: Keldeo|Surf|p1a: Safety Scizors
|-damage|p1a: Safety Scizors|0 fnt
|faint|p1a: Safety Scizors
|
|upkeep
|
|t:|1757823756
|switch|p1a: Krooked Nose|Krookodile, F|73/100
|turn|29
|
|t:|1757823759
|move|p1a: Krooked Nose|Earthquake|p2a: Keldeo
|-damage|p2a: Keldeo|0 fnt
|faint|p2a: Keldeo
|-ability|p1a: Krooked Nose|Moxie|boost
|-boost|p1a: Krooked Nose|atk|1
|
|upkeep
|
|t:|1757823761
|switch|p2a: Dragapult|Dragapult, M|100/100
|turn|30
|
|t:|1757823765
|-terastallize|p1a: Krooked Nose|Ground
|move|p1a: Krooked Nose|Earthquake|p2a: Dragapult
|-damage|p2a: Dragapult|0 fnt
|faint|p2a: Dragapult
|
|win|blazingshadow46
|raw|blazingshadow46's rating: 1315 &rarr; <strong>1335</strong><br />(+20 for winning)
|raw|kkonka's rating: 1310 &rarr; <strong>1290</strong><br />(-20 for losing)
|l|☆blazingshadow46
|player|p1|
|l|☆kkonka
|player|p2|
