|j|☆giovvani jr.
|j|☆noahthebadplayer
|t:|1757859195
|gametype|singles
|player|p1|giovvani jr.|2|1091
|player|p2|noahthebadplayer|169|1057
|gen|9
|tier|[Gen 9] OU
|rated|
|rule|HP Percentage Mod: HP is shown in percentages
|rule|Endless Battle Clause: Forcing endless battles is banned
|rule|Species Clause: Limit one of each Pokémon
|rule|OHKO Clause: OHKO moves are banned
|rule|Evasion Items Clause: Evasion items are banned
|rule|Evasion Moves Clause: Evasion moves are banned
|rule|Evasion Abilities Clause: Evasion abilities are banned
|rule|Sleep Moves Clause: Sleep-inducing moves are banned
|clearpoke
|poke|p1|Electrode|
|poke|p1|Conkeldurr, M|
|poke|p1|Latios, M|
|poke|p1|Grafaiai, F|
|poke|p1|Glimmora, F|
|poke|p1|Cinderace, F|
|poke|p2|Meowscarada, F|
|poke|p2|Iron Moth|
|poke|p2|Basculegion, M|
|poke|p2|Sylveon, M|
|poke|p2|Donphan, F|
|poke|p2|Raikou|
|teampreview
|inactive|Battle timer is ON: inactive players will automatically lose when time's up. (requested by giovvani jr.)
|c|☆noahthebadplayer|Glhf
|
|t:|1757859207
|teamsize|p1|6
|teamsize|p2|6
|start
|switch|p1a: Glimmora|Glimmora, F, shiny|100/100
|switch|p2a: Basculegion|Basculegion, M|100/100
|turn|1
|c|☆giovvani jr.|you too
|
|t:|1757859225
|move|p2a: Basculegion|Wave Crash|p1a: Glimmora
|-supereffective|p1a: Glimmora
|-enditem|p1a: Glimmora|Focus Sash
|-damage|p1a: Glimmora|1/100
|-activate|p1a: Glimmora|ability: Toxic Debris
|-sidestart|p2: noahthebadplayer|move: Toxic Spikes
|-damage|p2a: Basculegion|68/100|[from] Recoil
|move|p1a: Glimmora|Stealth Rock|p2a: Basculegion
|-sidestart|p2: noahthebadplayer|move: Stealth Rock
|
|upkeep
|turn|2
|
|t:|1757859245
|switch|p2a: Donphan|Donphan, F|100/100
|move|p1a: Glimmora|Spikes|p2a: Donphan
|-sidestart|p2: noahthebadplayer|Spikes
|
|upkeep
|turn|3
|
|t:|1757859258
|move|p1a: Glimmora|Spikes|p2a: Donphan
|-sidestart|p2: noahthebadplayer|Spikes
|move|p2a: Donphan|Rapid Spin|p1a: Glimmora
|-resisted|p1a: Glimmora
|-damage|p1a: Glimmora|0 fnt
|-boost|p2a: Donphan|spe|1
|-activate|p1a: Glimmora|ability: Toxic Debris
|-sidestart|p2: noahthebadplayer|move: Toxic Spikes
|-sideend|p2: noahthebadplayer|Spikes|[from] move: Rapid Spin|[of] p2a: Donphan
|-sideend|p2: noahthebadplayer|Toxic Spikes|[from] move: Rapid Spin|[of] p2a: Donphan
|-sideend|p2: noahthebadplayer|Stealth Rock|[from] move: Rapid Spin|[of] p2a: Donphan
|faint|p1a: Glimmora
|
|upkeep
|inactive|giovvani jr. has 120 seconds left.
|c|☆giovvani jr.|nice trick
|
|t:|1757859293
|switch|p1a: Latios|Latios, M, shiny|100/100
|turn|4
|inactive|giovvani jr. has 90 seconds left.
|
|t:|1757859313
|switch|p2a: Basculegion|Basculegion, M|68/100
|move|p1a: Latios|Energy Ball|p2a: Basculegion
|-supereffective|p2a: Basculegion
|-damage|p2a: Basculegion|0 fnt
|faint|p2a: Basculegion
|
|upkeep
|
|t:|1757859319
|switch|p2a: Meowscarada|Meowscarada, F|100/100
|turn|5
|inactive|giovvani jr. has 90 seconds left.
|
|t:|1757859347
|-terastallize|p1a: Latios|Dragon
|move|p2a: Meowscarada|Knock Off|p1a: Latios
|-start|p2a: Meowscarada|typechange|Dark|[from] ability: Protean
|-crit|p1a: Latios
|-damage|p1a: Latios|10/100
|-enditem|p1a: Latios|Soul Dew|[from] move: Knock Off|[of] p2a: Meowscarada
|move|p1a: Latios|Dragon Pulse|p2a: Meowscarada
|-damage|p2a: Meowscarada|0 fnt
|faint|p2a: Meowscarada
|
|upkeep
|
|t:|1757859359
|switch|p2a: Donphan|Donphan, F|100/100
|turn|6
|inactive|giovvani jr. has 90 seconds left.
|
|t:|1757859366
|move|p2a: Donphan|Ice Shard|p1a: Latios
|-supereffective|p1a: Latios
|-damage|p1a: Latios|0 fnt
|faint|p1a: Latios
|
|upkeep
|inactive|giovvani jr. has 90 seconds left.
|
|t:|1757859373
|switch|p1a: Conkeldurr|Conkeldurr, M|100/100
|turn|7
|
|t:|1757859382
|move|p2a: Donphan|Earthquake|p1a: Conkeldurr
|-damage|p1a: Conkeldurr|57/100
|move|p1a: Conkeldurr|Knock Off|p2a: Donphan
|-damage|p2a: Donphan|69/100
|-enditem|p2a: Donphan|Heavy-Duty Boots|[from] move: Knock Off|[of] p1a: Conkeldurr
|
|-status|p1a: Conkeldurr|brn|[from] item: Flame Orb
|upkeep
|turn|8
|
|t:|1757859390
|move|p2a: Donphan|Earthquake|p1a: Conkeldurr
|-damage|p1a: Conkeldurr|7/100 brn
|move|p1a: Conkeldurr|Facade|p2a: Donphan
|-damage|p2a: Donphan|7/100
|
|-damage|p1a: Conkeldurr|1/100 brn|[from] brn
|upkeep
|turn|9
|
|t:|1757859396
|move|p2a: Donphan|Ice Shard|p1a: Conkeldurr
|-damage|p1a: Conkeldurr|0 fnt
|faint|p1a: Conkeldurr
|
|upkeep
|
|t:|1757859405
|switch|p1a: Grafaiai|Grafaiai, F|100/100
|turn|10
|
|t:|1757859411
|move|p1a: Grafaiai|Parting Shot|p2a: Donphan
|-unboost|p2a: Donphan|atk|1
|-unboost|p2a: Donphan|spa|1
|
|t:|1757859418
|switch|p1a: Cinderace|Cinderace, F|100/100|[from] Parting Shot
|move|p2a: Donphan|Earthquake|p1a: Cinderace
|-supereffective|p1a: Cinderace
|-damage|p1a: Cinderace|0 fnt
|faint|p1a: Cinderace
|
|upkeep
|
|t:|1757859425
|switch|p1a: Electrode|Electrode|100/100
|turn|11
|c|☆giovvani jr.|ggs
|-message|giovvani jr. forfeited.
|
|win|noahthebadplayer
|raw|giovvani jr.'s rating: 1091 &rarr; <strong>1065</strong><br />(-26 for losing)
|raw|noahthebadplayer's rating: 1057 &rarr; <strong>1092</strong><br />(+35 for winning)
|l|☆noahthebadplayer
|player|p2|
|l|☆giovvani jr.
|player|p1|
