|j|☆spoon91
|j|☆DomCat
|t:|1757823194
|gametype|singles
|player|p1|spoon91|cynthia|1454
|player|p2|DomCat|lady-gen4|1424
|gen|9
|tier|[Gen 9] OU
|rated|
|rule|HP Percentage Mod: HP is shown in percentages
|rule|Endless Battle Clause: Forcing endless battles is banned
|rule|Species Clause: Limit one of each Pokémon
|rule|OHKO Clause: OHKO moves are banned
|rule|Evasion Items Clause: Evasion items are banned
|rule|Evasion Moves Clause: Evasion moves are banned
|rule|Evasion Abilities Clause: Evasion abilities are banned
|rule|Sleep Moves Clause: Sleep-inducing moves are banned
|clearpoke
|poke|p1|Dragapult, M|
|poke|p1|Glimmora, M|
|poke|p1|Iron Crown|
|poke|p1|Dragonite, F|
|poke|p1|Great Tusk|
|poke|p1|Ogerpon-Wellspring, F|
|poke|p2|Heatran, M|
|poke|p2|Quaquaval, M|
|poke|p2|Garganacl, M|
|poke|p2|Gliscor, F|
|poke|p2|Zapdos|
|poke|p2|Walking Wake|
|teampreview
|inactive|Battle timer is ON: inactive players will automatically lose when time's up. (requested by spoon91)
|inactive|DomCat also wants the timer to be on.
|
|t:|1757823203
|teamsize|p1|6
|teamsize|p2|6
|start
|switch|p1a: Glimmora|Glimmora, M, shiny|100/100
|switch|p2a: Boiling Dragon|Walking Wake|100/100
|turn|1
|
|t:|1757823208
|move|p2a: Boiling Dragon|Draco Meteor|p1a: Glimmora
|-enditem|p1a: Glimmora|Focus Sash
|-damage|p1a: Glimmora|1/100
|-unboost|p2a: Boiling Dragon|spa|2
|move|p1a: Glimmora|Stealth Rock|p2a: Boiling Dragon
|-sidestart|p2: DomCat|move: Stealth Rock
|
|upkeep
|turn|2
|inactive|spoon91 has 120 seconds left.
|
|t:|1757823251
|move|p2a: Boiling Dragon|Draco Meteor|p1a: Glimmora
|-damage|p1a: Glimmora|0 fnt
|-unboost|p2a: Boiling Dragon|spa|2
|faint|p1a: Glimmora
|
|upkeep
|
|t:|1757823256
|switch|p1a: Dragonite|Dragonite, F, shiny|100/100
|turn|3
|
|t:|1757823261
|-end|p2a: Boiling Dragon|Protosynthesis|[silent]
|switch|p2a: Sparkuno|Zapdos|100/100
|move|p1a: Dragonite|Dragon Dance|p1a: Dragonite
|-boost|p1a: Dragonite|atk|1
|-boost|p1a: Dragonite|spe|1
|
|upkeep
|turn|4
|
|t:|1757823270
|move|p1a: Dragonite|Outrage|p2a: Sparkuno
|-crit|p2a: Sparkuno
|-damage|p2a: Sparkuno|0 fnt
|faint|p2a: Sparkuno
|
|upkeep
|
|t:|1757823275
|switch|p2a: Molten Salt|Heatran, M|100/100
|-damage|p2a: Molten Salt|88/100|[from] Stealth Rock
|turn|5
|
|t:|1757823279
|move|p1a: Dragonite|Outrage|p2a: Molten Salt|[from] lockedmove
|-resisted|p2a: Molten Salt
|-damage|p2a: Molten Salt|41/100
|move|p2a: Molten Salt|Magma Storm|p1a: Dragonite|[miss]
|-miss|p2a: Molten Salt|p1a: Dragonite
|
|-heal|p2a: Molten Salt|47/100|[from] item: Leftovers
|upkeep
|turn|6
|
|t:|1757823287
|move|p2a: Molten Salt|Protect|p2a: Molten Salt
|-singleturn|p2a: Molten Salt|Protect
|move|p1a: Dragonite|Outrage|p2a: Molten Salt|[from] lockedmove
|-activate|p2a: Molten Salt|move: Protect
|-start|p1a: Dragonite|confusion|[fatigue]
|
|-heal|p2a: Molten Salt|54/100|[from] item: Leftovers
|upkeep
|turn|7
|
|t:|1757823295
|-activate|p1a: Dragonite|confusion
|move|p1a: Dragonite|Earthquake|p2a: Molten Salt
|-supereffective|p2a: Molten Salt
|-damage|p2a: Molten Salt|0 fnt
|faint|p2a: Molten Salt
|
|upkeep
|
|t:|1757823301
|switch|p2a: Boiling Dragon|Walking Wake|100/100
|-damage|p2a: Boiling Dragon|88/100|[from] Stealth Rock
|turn|8
|
|t:|1757823314
|-terastallize|p2a: Boiling Dragon|Water
|-terastallize|p1a: Dragonite|Normal
|move|p2a: Boiling Dragon|Draco Meteor|p1a: Dragonite
|-damage|p1a: Dragonite|59/100
|-unboost|p2a: Boiling Dragon|spa|2
|-end|p1a: Dragonite|confusion
|move|p1a: Dragonite|Dragon Dance|p1a: Dragonite
|-boost|p1a: Dragonite|atk|1
|-boost|p1a: Dragonite|spe|1
|
|upkeep
|turn|9
|c|☆DomCat|gg
|-message|DomCat forfeited.
|
|win|spoon91
|raw|spoon91's rating: 1454 &rarr; <strong>1472</strong><br />(+18 for winning)
|raw|DomCat's rating: 1424 &rarr; <strong>1406</strong><br />(-18 for losing)
|l|☆DomCat
|player|p2|
|l|☆spoon91
|player|p1|
