|j|☆Aethersome
|j|☆elementpigeon
|t:|1757867865
|gametype|singles
|player|p1|Aethersome|nate|1545
|player|p2|elementpigeon|lady|1510
|gen|9
|tier|[Gen 9] OU
|rated|
|rule|HP Percentage Mod: HP is shown in percentages
|rule|Endless Battle Clause: Forcing endless battles is banned
|rule|Species Clause: Limit one of each Pokémon
|rule|OHKO Clause: OHKO moves are banned
|rule|Evasion Items Clause: Evasion items are banned
|rule|Evasion Moves Clause: Evasion moves are banned
|rule|Evasion Abilities Clause: Evasion abilities are banned
|rule|Sleep Moves Clause: Sleep-inducing moves are banned
|clearpoke
|poke|p1|Torkoal, M|
|poke|p1|Great Tusk|
|poke|p1|Hatterene, F|
|poke|p1|Charizard, M|
|poke|p1|Slither Wing|
|poke|p1|Walking Wake|
|poke|p2|Dragonite, M|
|poke|p2|Great Tusk|
|poke|p2|Slowking-Galar, F|
|poke|p2|Gholdengo|
|poke|p2|Zapdos|
|poke|p2|Dragapult, M|
|teampreview
|inactive|Battle timer is ON: inactive players will automatically lose when time's up. (requested by Aethersome)
|
|t:|1757867869
|teamsize|p1|6
|teamsize|p2|6
|start
|switch|p1a: Torkoal|Torkoal, M|100/100
|switch|p2a: Zapdos|Zapdos|100/100
|-weather|SunnyDay|[from] ability: Drought|[of] p1a: Torkoal
|turn|1
|
|t:|1757867879
|move|p2a: Zapdos|U-turn|p1a: Torkoal
|-resisted|p1a: Torkoal
|-damage|p1a: Torkoal|95/100
|
|t:|1757867882
|switch|p2a: Slowking|Slowking-Galar, F|100/100|[from] U-turn
|move|p1a: Torkoal|Stealth Rock|p2a: Slowking
|-sidestart|p2: elementpigeon|move: Stealth Rock
|
|-weather|SunnyDay|[upkeep]
|upkeep
|turn|2
|
|t:|1757867886
|switch|p1a: Slither Wing|Slither Wing|100/100
|-activate|p1a: Slither Wing|ability: Protosynthesis
|-start|p1a: Slither Wing|protosynthesisatk
|move|p2a: Slowking|Future Sight|p1a: Slither Wing
|-start|p2a: Slowking|move: Future Sight
|
|-weather|SunnyDay|[upkeep]
|upkeep
|turn|3
|
|t:|1757867889
|switch|p2a: Zapdos|Zapdos|100/100
|move|p1a: Slither Wing|First Impression|p2a: Zapdos
|-resisted|p2a: Zapdos
|-crit|p2a: Zapdos
|-damage|p2a: Zapdos|64/100
|
|-weather|SunnyDay|[upkeep]
|upkeep
|turn|4
|
|t:|1757867892
|-end|p1a: Slither Wing|Protosynthesis|[silent]
|switch|p1a: Hatterene|Hatterene, F|100/100
|move|p2a: Zapdos|Roost|p2a: Zapdos
|-heal|p2a: Zapdos|100/100
|-singleturn|p2a: Zapdos|move: Roost
|
|-weather|SunnyDay|[upkeep]
|-end|p1a: Hatterene|move: Future Sight
|-resisted|p1a: Hatterene
|-damage|p1a: Hatterene|75/100
|-heal|p1a: Hatterene|81/100|[from] item: Leftovers
|upkeep
|turn|5
|
|t:|1757867897
|move|p2a: Zapdos|U-turn|p1a: Hatterene
|-damage|p1a: Hatterene|66/100
|
|t:|1757867899
|switch|p2a: Slowking|Slowking-Galar, F|100/100|[from] U-turn
|-damage|p2a: Slowking|88/100|[from] Stealth Rock
|move|p1a: Hatterene|Mystical Fire|p2a: Slowking
|-damage|p2a: Slowking|71/100
|-unboost|p2a: Slowking|spa|1
|
|-weather|SunnyDay|[upkeep]
|-heal|p1a: Hatterene|72/100|[from] item: Leftovers
|upkeep
|turn|6
|
|t:|1757867904
|move|p2a: Slowking|Flamethrower|p1a: Hatterene
|-damage|p1a: Hatterene|46/100
|move|p1a: Hatterene|Psyshock|p2a: Slowking
|-damage|p2a: Slowking|21/100
|
|-weather|SunnyDay|[upkeep]
|-heal|p1a: Hatterene|52/100|[from] item: Leftovers
|upkeep
|turn|7
|
|t:|1757867924
|switch|p2a: Great Tusk|Great Tusk|100/100
|-damage|p2a: Great Tusk|97/100|[from] Stealth Rock
|-activate|p2a: Great Tusk|ability: Protosynthesis
|-start|p2a: Great Tusk|protosynthesisatk
|move|p1a: Hatterene|Mystical Fire|p2a: Great Tusk
|-damage|p2a: Great Tusk|36/100
|-unboost|p2a: Great Tusk|spa|1
|
|-weather|SunnyDay|[upkeep]
|-heal|p1a: Hatterene|58/100|[from] item: Leftovers
|upkeep
|turn|8
|
|t:|1757867944
|move|p2a: Great Tusk|Rapid Spin|p1a: Hatterene
|-damage|p1a: Hatterene|35/100
|-boost|p2a: Great Tusk|spe|1
|-sideend|p2: elementpigeon|Stealth Rock|[from] move: Rapid Spin|[of] p2a: Great Tusk
|move|p1a: Hatterene|Draining Kiss|p2a: Great Tusk
|-supereffective|p2a: Great Tusk
|-crit|p2a: Great Tusk
|-damage|p2a: Great Tusk|0 fnt
|-heal|p1a: Hatterene|71/100|[from] drain|[of] p2a: Great Tusk
|faint|p2a: Great Tusk
|-end|p2a: Great Tusk|Protosynthesis|[silent]
|
|-weather|none
|-heal|p1a: Hatterene|77/100|[from] item: Leftovers
|upkeep
|
|t:|1757867959
|switch|p2a: Gholdengo|Gholdengo|100/100
|-item|p2a: Gholdengo|Air Balloon
|turn|9
|
|t:|1757867966
|switch|p1a: Torkoal|Torkoal, M|95/100
|-weather|SunnyDay|[from] ability: Drought|[of] p1a: Torkoal
|move|p2a: Gholdengo|Make It Rain|p1a: Torkoal
|-resisted|p1a: Torkoal
|-damage|p1a: Torkoal|52/100
|-unboost|p2a: Gholdengo|spa|1
|
|-weather|SunnyDay|[upkeep]
|upkeep
|turn|10
|
|t:|1757867996
|switch|p2a: Dragonite|Dragonite, M|100/100
|switch|p1a: Walking Wake|Walking Wake|100/100
|-activate|p1a: Walking Wake|ability: Protosynthesis
|-start|p1a: Walking Wake|protosynthesisspe
|
|-weather|SunnyDay|[upkeep]
|upkeep
|turn|11
|
|t:|1757868000
|switch|p2a: Slowking|Slowking-Galar, F|54/100
|move|p1a: Walking Wake|Draco Meteor|p2a: Slowking|[miss]
|-miss|p1a: Walking Wake|p2a: Slowking
|
|-weather|SunnyDay|[upkeep]
|upkeep
|turn|12
|
|t:|1757868003
|move|p1a: Walking Wake|Draco Meteor|p2a: Slowking
|-damage|p2a: Slowking|18/100
|-unboost|p1a: Walking Wake|spa|2
|move|p2a: Slowking|Future Sight|p1a: Walking Wake
|-start|p2a: Slowking|move: Future Sight
|
|-weather|SunnyDay|[upkeep]
|upkeep
|turn|13
|
|t:|1757868007
|switch|p2a: Zapdos|Zapdos|100/100
|move|p1a: Walking Wake|Draco Meteor|p2a: Zapdos
|-damage|p2a: Zapdos|54/100
|-unboost|p1a: Walking Wake|spa|2
|
|-weather|SunnyDay|[upkeep]
|upkeep
|turn|14
|
|t:|1757868010
|-end|p1a: Walking Wake|Protosynthesis|[silent]
|switch|p1a: Hatterene|Hatterene, F|77/100
|move|p2a: Zapdos|Roost|p2a: Zapdos
|-heal|p2a: Zapdos|100/100
|-singleturn|p2a: Zapdos|move: Roost
|
|-weather|SunnyDay|[upkeep]
|-end|p1a: Hatterene|move: Future Sight
|-resisted|p1a: Hatterene
|-crit|p1a: Hatterene
|-damage|p1a: Hatterene|44/100
|-heal|p1a: Hatterene|50/100|[from] item: Leftovers
|upkeep
|turn|15
|
|t:|1757868015
|move|p2a: Zapdos|Discharge|p1a: Hatterene
|-crit|p1a: Hatterene
|-damage|p1a: Hatterene|0 fnt
|faint|p1a: Hatterene
|
|-weather|SunnyDay|[upkeep]
|upkeep
|
|t:|1757868018
|switch|p1a: Charizard|Charizard, M|100/100
|turn|16
|
|t:|1757868023
|-terastallize|p1a: Charizard|Fire
|move|p1a: Charizard|Overheat|p2a: Zapdos
|-damage|p2a: Zapdos|0 fnt
|-unboost|p1a: Charizard|spa|2
|faint|p2a: Zapdos
|
|-weather|none
|upkeep
|
|t:|1757868027
|switch|p2a: Dragonite|Dragonite, M|100/100
|turn|17
|
|t:|1757868029
|switch|p1a: Torkoal|Torkoal, M|52/100
|-weather|SunnyDay|[from] ability: Drought|[of] p1a: Torkoal
|move|p2a: Dragonite|Dragon Dance|p2a: Dragonite
|-boost|p2a: Dragonite|atk|1
|-boost|p2a: Dragonite|spe|1
|
|-weather|SunnyDay|[upkeep]
|upkeep
|turn|18
|
|t:|1757868035
|move|p2a: Dragonite|Earthquake|p1a: Torkoal
|-supereffective|p1a: Torkoal
|-damage|p1a: Torkoal|0 fnt
|faint|p1a: Torkoal
|
|-weather|SunnyDay|[upkeep]
|upkeep
|
|t:|1757868039
|switch|p1a: Great Tusk|Great Tusk|100/100
|-activate|p1a: Great Tusk|ability: Protosynthesis
|-start|p1a: Great Tusk|protosynthesisatk
|turn|19
|
|t:|1757868042
|move|p2a: Dragonite|Dragon Dance|p2a: Dragonite
|-boost|p2a: Dragonite|atk|1
|-boost|p2a: Dragonite|spe|1
|move|p1a: Great Tusk|Rapid Spin|p2a: Dragonite
|-damage|p2a: Dragonite|89/100
|-boost|p1a: Great Tusk|spe|1
|
|-weather|SunnyDay|[upkeep]
|upkeep
|turn|20
|
|t:|1757868047
|-terastallize|p2a: Dragonite|Fire
|move|p2a: Dragonite|Dragon Dance|p2a: Dragonite
|-boost|p2a: Dragonite|atk|1
|-boost|p2a: Dragonite|spe|1
|move|p1a: Great Tusk|Ice Spinner|p2a: Dragonite
|-resisted|p2a: Dragonite
|-damage|p2a: Dragonite|74/100
|
|-weather|SunnyDay|[upkeep]
|upkeep
|turn|21
|
|t:|1757868054
|move|p2a: Dragonite|Ice Spinner|p1a: Great Tusk
|-supereffective|p1a: Great Tusk
|-enditem|p1a: Great Tusk|Focus Sash
|-damage|p1a: Great Tusk|1/100
|move|p1a: Great Tusk|Headlong Rush|p2a: Dragonite
|-supereffective|p2a: Dragonite
|-damage|p2a: Dragonite|0 fnt
|-unboost|p1a: Great Tusk|def|1
|-unboost|p1a: Great Tusk|spd|1
|faint|p2a: Dragonite
|
|-weather|SunnyDay|[upkeep]
|upkeep
|
|t:|1757868058
|switch|p2a: Gholdengo|Gholdengo|100/100
|-item|p2a: Gholdengo|Air Balloon
|turn|22
|
|t:|1757868062
|-end|p1a: Great Tusk|Protosynthesis|[silent]
|switch|p1a: Charizard|Charizard, M, tera:Fire|100/100
|move|p2a: Gholdengo|Hex|p1a: Charizard
|-damage|p1a: Charizard|52/100
|
|-weather|SunnyDay|[upkeep]
|-damage|p1a: Charizard|40/100|[from] ability: Solar Power|[of] p1a: Charizard
|upkeep
|turn|23
|
|t:|1757868066
|switch|p2a: Slowking|Slowking-Galar, F|52/100
|move|p1a: Charizard|Weather Ball|p2a: Slowking
|-damage|p2a: Slowking|0 fnt
|faint|p2a: Slowking
|
|-weather|SunnyDay|[upkeep]
|-damage|p1a: Charizard|27/100|[from] ability: Solar Power|[of] p1a: Charizard
|upkeep
|
|t:|1757868069
|switch|p2a: Dragapult|Dragapult, M|100/100
|turn|24
|
|t:|1757868073
|move|p1a: Charizard|Weather Ball|p2a: Dragapult
|-resisted|p2a: Dragapult
|-damage|p2a: Dragapult|4/100
|move|p2a: Dragapult|Shadow Ball|p1a: Charizard
|-damage|p1a: Charizard|0 fnt
|faint|p1a: Charizard
|-damage|p2a: Dragapult|0 fnt|[from] item: Life Orb
|faint|p2a: Dragapult
|
|-weather|none
|upkeep
|
|t:|1757868078
|switch|p2a: Gholdengo|Gholdengo|100/100
|switch|p1a: Walking Wake|Walking Wake|100/100
|-item|p2a: Gholdengo|Air Balloon
|turn|25
|
|t:|1757868080
|move|p1a: Walking Wake|Flamethrower|p2a: Gholdengo
|-supereffective|p2a: Gholdengo
|-damage|p2a: Gholdengo|11/100
|-enditem|p2a: Gholdengo|Air Balloon
|move|p2a: Gholdengo|Thunder Wave|p1a: Walking Wake
|-status|p1a: Walking Wake|par
|
|upkeep
|turn|26
|
|t:|1757868084
|move|p2a: Gholdengo|Hex|p1a: Walking Wake
|-damage|p1a: Walking Wake|21/100 par
|move|p1a: Walking Wake|Flamethrower|p2a: Gholdengo
|-supereffective|p2a: Gholdengo
|-damage|p2a: Gholdengo|0 fnt
|faint|p2a: Gholdengo
|
|win|Aethersome
|raw|Aethersome's rating: 1545 &rarr; <strong>1563</strong><br />(+18 for winning)
|raw|elementpigeon's rating: 1510 &rarr; <strong>1492</strong><br />(-18 for losing)
|l|☆elementpigeon
|player|p2|
|l|☆Aethersome
|player|p1|
