|j|☆McQueenloko
|j|☆AwesomeTesting258
|t:|1757855625
|gametype|singles
|player|p1|McQueenloko|hugh|1179
|player|p2|AwesomeTesting258|170|1111
|gen|9
|tier|[Gen 9] OU
|rated|
|rule|HP Percentage Mod: HP is shown in percentages
|rule|Endless Battle Clause: Forcing endless battles is banned
|rule|Species Clause: Limit one of each Pokémon
|rule|OHKO Clause: OHKO moves are banned
|rule|Evasion Items Clause: Evasion items are banned
|rule|Evasion Moves Clause: Evasion moves are banned
|rule|Evasion Abilities Clause: Evasion abilities are banned
|rule|Sleep Moves Clause: Sleep-inducing moves are banned
|clearpoke
|poke|p1|Ogerpon-Wellspring, F|
|poke|p1|Pecharunt|
|poke|p1|Corviknight, F|
|poke|p1|Hydreigon, M|
|poke|p1|Cinderace, F|
|poke|p1|Hydrapple, F|
|poke|p2|Dragapult, F|
|poke|p2|Glimmora, F|
|poke|p2|Lucario, F|
|poke|p2|Gliscor, F|
|poke|p2|Dragonite, F|
|poke|p2|Scizor, F|
|teampreview
|inactive|Battle timer is ON: inactive players will automatically lose when time's up. (requested by McQueenloko)
|
|t:|1757855631
|teamsize|p1|6
|teamsize|p2|6
|start
|switch|p1a: Hydreigon|Hydreigon, M|100/100
|switch|p2a: Glimmora|Glimmora, F, shiny|100/100
|turn|1
|
|t:|1757855640
|move|p1a: Hydreigon|Surf|p2a: Glimmora
|-supereffective|p2a: Glimmora
|-enditem|p2a: Glimmora|Focus Sash
|-damage|p2a: Glimmora|1/100
|move|p2a: Glimmora|Stealth Rock|p1a: Hydreigon
|-sidestart|p1: McQueenloko|move: Stealth Rock
|
|upkeep
|turn|2
|
|t:|1757855664
|switch|p2a: Dragapult|Dragapult, F, shiny|100/100
|move|p1a: Hydreigon|Surf|p2a: Dragapult
|-resisted|p2a: Dragapult
|-damage|p2a: Dragapult|68/100
|
|upkeep
|turn|3
|
|t:|1757855680
|switch|p1a: Pecharunt|Pecharunt|100/100
|move|p2a: Dragapult|Dragon Darts|p1a: Pecharunt
|-damage|p1a: Pecharunt|76/100
|-anim|p2a: Dragapult|Dragon Darts|p1a: Pecharunt
|-damage|p1a: Pecharunt|52/100
|
|upkeep
|turn|4
|
|t:|1757855692
|move|p2a: Dragapult|Dragon Darts|p1a: Pecharunt
|-damage|p1a: Pecharunt|27/100
|-anim|p2a: Dragapult|Dragon Darts|p1a: Pecharunt
|-damage|p1a: Pecharunt|4/100
|move|p1a: Pecharunt|Parting Shot|p2a: Dragapult
|-fail|p2a: Dragapult|unboost|[from] ability: Clear Body|[of] p2a: Dragapult
|
|upkeep
|turn|5
|
|t:|1757855700
|switch|p1a: Corviknight|Corviknight, F, shiny|100/100
|-damage|p1a: Corviknight|88/100|[from] Stealth Rock
|-ability|p1a: Corviknight|Pressure
|move|p2a: Dragapult|Dragon Darts|p1a: Corviknight
|-resisted|p1a: Corviknight
|-damage|p1a: Corviknight|77/100
|-anim|p2a: Dragapult|Dragon Darts|p1a: Corviknight
|-resisted|p1a: Corviknight
|-damage|p1a: Corviknight|67/100
|
|upkeep
|turn|6
|inactive|AwesomeTesting258 has 120 seconds left.
|
|t:|1757855732
|switch|p2a: Lucario|Lucario, F, shiny|100/100
|-item|p2a: Lucario|Air Balloon
|move|p1a: Corviknight|Defog|p2a: Lucario
|-unboost|p2a: Lucario|evasion|1
|-sideend|p1: McQueenloko|Stealth Rock|[from] move: Defog|[of] p1a: Corviknight
|
|upkeep
|turn|7
|
|t:|1757855747
|move|p1a: Corviknight|Roost|p1a: Corviknight
|-heal|p1a: Corviknight|100/100
|-singleturn|p1a: Corviknight|move: Roost
|move|p2a: Lucario|Circle Throw|p1a: Corviknight
|-supereffective|p1a: Corviknight
|-damage|p1a: Corviknight|64/100
|-damage|p2a: Lucario|84/100|[from] item: Rocky Helmet|[of] p1a: Corviknight
|drag|p1a: Hydrapple|Hydrapple, F|100/100
|
|upkeep
|turn|8
|inactive|McQueenloko has 120 seconds left.
|inactive|AwesomeTesting258 has 90 seconds left.
|
|t:|1757855782
|switch|p1a: Pecharunt|Pecharunt|4/100
|move|p2a: Lucario|Circle Throw|p1a: Pecharunt
|-immune|p1a: Pecharunt
|
|upkeep
|turn|9
|
|t:|1757855789
|move|p2a: Lucario|Extreme Speed|p1a: Pecharunt
|-immune|p1a: Pecharunt
|move|p1a: Pecharunt|Recover|p1a: Pecharunt
|-heal|p1a: Pecharunt|54/100
|
|upkeep
|turn|10
|
|t:|1757855796
|move|p2a: Lucario|Meteor Mash|p1a: Pecharunt
|-crit|p1a: Pecharunt
|-damage|p1a: Pecharunt|14/100
|move|p1a: Pecharunt|Hex|p2a: Lucario
|-damage|p2a: Lucario|45/100
|-enditem|p2a: Lucario|Air Balloon
|
|upkeep
|turn|11
|
|t:|1757855803
|switch|p1a: Ogerpon|Ogerpon-Wellspring, F|100/100
|move|p2a: Lucario|Meteor Mash|p1a: Ogerpon|[miss]
|-miss|p2a: Lucario|p1a: Ogerpon
|
|upkeep
|turn|12
|
|t:|1757855815
|move|p1a: Ogerpon|Ivy Cudgel|p2a: Lucario|[anim] Ivy Cudgel Water
|-crit|p2a: Lucario
|-damage|p2a: Lucario|0 fnt
|faint|p2a: Lucario
|
|upkeep
|
|t:|1757855828
|switch|p2a: Scizor|Scizor, F, shiny|100/100
|turn|13
|
|t:|1757855838
|move|p1a: Ogerpon|Ivy Cudgel|p2a: Scizor|[anim] Ivy Cudgel Water
|-damage|p2a: Scizor|39/100
|move|p2a: Scizor|U-turn|p1a: Ogerpon
|-supereffective|p1a: Ogerpon
|-damage|p1a: Ogerpon|0 fnt
|faint|p1a: Ogerpon
|
|t:|1757855845
|switch|p2a: Glimmora|Glimmora, F, shiny|1/100|[from] U-turn
|
|upkeep
|
|t:|1757855853
|switch|p1a: Hydreigon|Hydreigon, M|100/100
|turn|14
|
|t:|1757855859
|move|p1a: Hydreigon|Dark Pulse|p2a: Glimmora
|-damage|p2a: Glimmora|0 fnt
|faint|p2a: Glimmora
|
|upkeep
|
|t:|1757855866
|switch|p2a: Dragapult|Dragapult, F, shiny|68/100
|turn|15
|inactive|AwesomeTesting258 has 120 seconds left.
|
|t:|1757855883
|-terastallize|p1a: Hydreigon|Steel
|move|p1a: Hydreigon|Dark Pulse|p2a: Dragapult
|-supereffective|p2a: Dragapult
|-damage|p2a: Dragapult|0 fnt
|faint|p2a: Dragapult
|
|upkeep
|
|t:|1757855900
|switch|p2a: Scizor|Scizor, F, shiny|39/100
|turn|16
|
|t:|1757855904
|move|p1a: Hydreigon|Dark Pulse|p2a: Scizor
|-damage|p2a: Scizor|0 fnt
|faint|p2a: Scizor
|
|upkeep
|-message|AwesomeTesting258 forfeited.
|
|win|McQueenloko
|raw|McQueenloko's rating: 1179 &rarr; <strong>1199</strong><br />(+20 for winning)
|raw|AwesomeTesting258's rating: 1111 &rarr; <strong>1091</strong><br />(-20 for losing)
|l|☆AwesomeTesting258
|player|p2|
