|j|☆flygonisdragon
|j|☆Ceeds1
|t:|1757872131
|gametype|singles
|player|p1|flygonisdragon|serena-masters|1544
|player|p2|Ceeds1|265|1515
|gen|9
|tier|[Gen 9] OU
|rated|
|rule|HP Percentage Mod: HP is shown in percentages
|rule|Endless Battle Clause: Forcing endless battles is banned
|rule|Species Clause: Limit one of each Pokémon
|rule|OHKO Clause: OHKO moves are banned
|rule|Evasion Items Clause: Evasion items are banned
|rule|Evasion Moves Clause: Evasion moves are banned
|rule|Evasion Abilities Clause: Evasion abilities are banned
|rule|Sleep Moves Clause: Sleep-inducing moves are banned
|clearpoke
|poke|p1|Volcanion|
|poke|p1|Metagross|
|poke|p1|Zamazenta-*|
|poke|p1|Talonflame, M|
|poke|p1|Fezandipiti, M|
|poke|p1|Regidrago|
|poke|p2|Iron Moth|
|poke|p2|Corviknight, F|
|poke|p2|Ting-Lu|
|poke|p2|Darkrai|
|poke|p2|Glimmora, F|
|poke|p2|Ogerpon-Wellspring, F|
|teampreview
|
|t:|1757872162
|teamsize|p1|6
|teamsize|p2|6
|start
|switch|p1a: Fezandipiti|Fezandipiti, M|100/100
|switch|p2a: Glimmora|Glimmora, F|100/100
|turn|1
|
|t:|1757872171
|move|p2a: Glimmora|Stealth Rock|p1a: Fezandipiti
|-sidestart|p1: flygonisdragon|move: Stealth Rock
|move|p1a: Fezandipiti|U-turn|p2a: Glimmora
|-resisted|p2a: Glimmora
|-damage|p2a: Glimmora|92/100
|-activate|p2a: Glimmora|ability: Toxic Debris
|-sidestart|p1: flygonisdragon|move: Toxic Spikes
|
|t:|1757872174
|switch|p1a: Metagross|Metagross|100/100|[from] U-turn
|-damage|p1a: Metagross|95/100|[from] Stealth Rock
|
|upkeep
|turn|2
|
|t:|1757872181
|switch|p2a: Corviknight|Corviknight, F|100/100
|-ability|p2a: Corviknight|Pressure
|move|p1a: Metagross|Psychic Fangs|p2a: Corviknight
|-resisted|p2a: Corviknight
|-damage|p2a: Corviknight|81/100
|-damage|p1a: Metagross|78/100|[from] item: Rocky Helmet|[of] p2a: Corviknight
|-damage|p1a: Metagross|68/100|[from] item: Life Orb
|
|upkeep
|turn|3
|
|t:|1757872188
|move|p1a: Metagross|Stealth Rock|p2a: Corviknight
|-sidestart|p2: Ceeds1|move: Stealth Rock
|move|p2a: Corviknight|U-turn|p1a: Metagross
|-damage|p1a: Metagross|54/100
|
|t:|1757872196
|switch|p2a: Darkrai|Darkrai|100/100|[from] U-turn
|
|upkeep
|turn|4
|
|t:|1757872203
|switch|p1a: Fezandipiti|Fezandipiti, M|100/100
|-sideend|p1: flygonisdragon|move: Toxic Spikes|[of] p1a: Fezandipiti
|move|p2a: Darkrai|Dark Pulse|p1a: Fezandipiti
|-resisted|p1a: Fezandipiti
|-damage|p1a: Fezandipiti|88/100
|
|upkeep
|turn|5
|
|t:|1757872221
|switch|p2a: Corviknight|Corviknight, F|81/100
|-damage|p2a: Corviknight|69/100|[from] Stealth Rock
|-ability|p2a: Corviknight|Pressure
|move|p1a: Fezandipiti|Tailwind|p1a: Fezandipiti
|-sidestart|p1: flygonisdragon|move: Tailwind
|
|upkeep
|turn|6
|
|t:|1757872244
|switch|p1a: Volcanion|Volcanion|100/100
|-damage|p1a: Volcanion|76/100|[from] Stealth Rock
|move|p2a: Corviknight|Roost|p2a: Corviknight
|-heal|p2a: Corviknight|100/100
|-singleturn|p2a: Corviknight|move: Roost
|
|upkeep
|turn|7
|
|t:|1757872289
|switch|p2a: Darkrai|Darkrai|100/100
|move|p1a: Volcanion|Flamethrower|p2a: Darkrai
|-crit|p2a: Darkrai
|-damage|p2a: Darkrai|0 fnt
|faint|p2a: Darkrai
|
|upkeep
|
|t:|1757872300
|switch|p2a: Ogerpon|Ogerpon-Wellspring, F|100/100
|-damage|p2a: Ogerpon|88/100|[from] Stealth Rock
|turn|8
|
|t:|1757872321
|move|p1a: Volcanion|Flamethrower|p2a: Ogerpon
|-damage|p2a: Ogerpon|5/100
|move|p2a: Ogerpon|Horn Leech|p1a: Volcanion
|-damage|p1a: Volcanion|32/100
|-heal|p2a: Ogerpon|27/100|[from] drain|[of] p1a: Volcanion
|
|-sideend|p1: flygonisdragon|move: Tailwind
|upkeep
|turn|9
|
|t:|1757872339
|move|p2a: Ogerpon|Horn Leech|p1a: Volcanion
|-damage|p1a: Volcanion|0 fnt
|-heal|p2a: Ogerpon|43/100|[from] drain|[of] p1a: Volcanion
|faint|p1a: Volcanion
|
|upkeep
|
|t:|1757872348
|switch|p1a: Talonflame|Talonflame, M|100/100
|turn|10
|
|t:|1757872360
|switch|p2a: Glimmora|Glimmora, F|92/100
|-damage|p2a: Glimmora|80/100|[from] Stealth Rock
|move|p1a: Talonflame|Defog|p2a: Glimmora
|-unboost|p2a: Glimmora|evasion|1
|-sideend|p2: Ceeds1|Stealth Rock|[from] move: Defog|[of] p1a: Talonflame
|-sideend|p1: flygonisdragon|Stealth Rock|[from] move: Defog|[of] p1a: Talonflame
|
|upkeep
|turn|11
|inactive|Battle timer is ON: inactive players will automatically lose when time's up. (requested by Ceeds1)
|
|t:|1757872412
|switch|p1a: Regidrago|Regidrago|100/100
|move|p2a: Glimmora|Stealth Rock|p1a: Regidrago
|-sidestart|p1: flygonisdragon|move: Stealth Rock
|
|upkeep
|turn|12
|
|t:|1757872425
|move|p2a: Glimmora|Meteor Beam||[still]
|-prepare|p2a: Glimmora|Meteor Beam
|-boost|p2a: Glimmora|spa|1
|-enditem|p2a: Glimmora|Power Herb
|-anim|p2a: Glimmora|Meteor Beam|p1a: Regidrago
|-damage|p1a: Regidrago|0 fnt
|faint|p1a: Regidrago
|
|upkeep
|
|t:|1757872435
|switch|p1a: Zamazenta|Zamazenta|100/100
|-damage|p1a: Zamazenta|94/100|[from] Stealth Rock
|-ability|p1a: Zamazenta|Dauntless Shield|boost
|-boost|p1a: Zamazenta|def|1
|turn|13
|
|t:|1757872442
|switch|p2a: Corviknight|Corviknight, F|100/100
|-ability|p2a: Corviknight|Pressure
|move|p1a: Zamazenta|Body Press|p2a: Corviknight
|-damage|p2a: Corviknight|68/100
|-damage|p1a: Zamazenta|78/100|[from] item: Rocky Helmet|[of] p2a: Corviknight
|
|-heal|p1a: Zamazenta|84/100|[from] item: Leftovers
|upkeep
|turn|14
|
|t:|1757872451
|move|p1a: Zamazenta|Iron Defense|p1a: Zamazenta
|-boost|p1a: Zamazenta|def|2
|move|p2a: Corviknight|Brave Bird|p1a: Zamazenta
|-supereffective|p1a: Zamazenta
|-damage|p1a: Zamazenta|63/100
|-damage|p2a: Corviknight|62/100|[from] Recoil
|
|-heal|p1a: Zamazenta|70/100|[from] item: Leftovers
|upkeep
|turn|15
|
|t:|1757872462
|move|p1a: Zamazenta|Substitute|p1a: Zamazenta
|-start|p1a: Zamazenta|Substitute
|-damage|p1a: Zamazenta|45/100
|move|p2a: Corviknight|Brave Bird|p1a: Zamazenta
|-supereffective|p1a: Zamazenta
|-activate|p1a: Zamazenta|move: Substitute|[damage]
|-damage|p2a: Corviknight|55/100|[from] Recoil|[of] p1a: Zamazenta
|
|-heal|p1a: Zamazenta|51/100|[from] item: Leftovers
|upkeep
|turn|16
|
|t:|1757872467
|move|p1a: Zamazenta|Iron Defense|p1a: Zamazenta
|-boost|p1a: Zamazenta|def|2
|move|p2a: Corviknight|U-turn|p1a: Zamazenta
|-resisted|p1a: Zamazenta
|-activate|p1a: Zamazenta|move: Substitute|[damage]
|
|t:|1757872473
|switch|p2a: Ting-Lu|Ting-Lu|100/100|[from] U-turn
|-ability|p2a: Ting-Lu|Vessel of Ruin
|
|-heal|p1a: Zamazenta|57/100|[from] item: Leftovers
|upkeep
|turn|17
|
|t:|1757872477
|-terastallize|p2a: Ting-Lu|Water
|move|p1a: Zamazenta|Body Press|p2a: Ting-Lu
|-damage|p2a: Ting-Lu|42/100
|move|p2a: Ting-Lu|Whirlwind|p1a: Zamazenta
|drag|p1a: Metagross|Metagross|54/100
|-damage|p1a: Metagross|48/100|[from] Stealth Rock
|
|-heal|p2a: Ting-Lu|48/100|[from] item: Leftovers
|upkeep
|turn|18
|inactive|Ceeds1 has 120 seconds left.
|
|t:|1757872521
|move|p1a: Metagross|Explosion|p2a: Ting-Lu
|-damage|p2a: Ting-Lu|0 fnt
|faint|p1a: Metagross
|faint|p2a: Ting-Lu
|
|upkeep
|inactive|flygonisdragon has 120 seconds left.
|inactive|flygonisdragon has 90 seconds left.
|
|t:|1757872577
|switch|p1a: Talonflame|Talonflame, M|100/100
|switch|p2a: Iron Moth|Iron Moth|100/100
|-enditem|p2a: Iron Moth|Booster Energy
|-activate|p2a: Iron Moth|ability: Quark Drive|[fromitem]
|-start|p2a: Iron Moth|quarkdrivespe
|turn|19
|
|t:|1757872587
|move|p1a: Talonflame|Aerial Ace|p2a: Iron Moth
|-damage|p2a: Iron Moth|80/100
|move|p2a: Iron Moth|Sludge Wave|p1a: Talonflame
|-damage|p1a: Talonflame|35/100
|
|upkeep
|turn|20
|
|t:|1757872599
|move|p2a: Iron Moth|Sludge Wave|p1a: Talonflame
|-damage|p1a: Talonflame|0 fnt
|faint|p1a: Talonflame
|
|upkeep
|inactive|flygonisdragon has 90 seconds left.
|
|t:|1757872614
|switch|p1a: Fezandipiti|Fezandipiti, M|88/100
|turn|21
|inactive|Ceeds1 has 120 seconds left.
|
|t:|1757872620
|move|p2a: Iron Moth|Substitute|p2a: Iron Moth
|-start|p2a: Iron Moth|Substitute
|-damage|p2a: Iron Moth|55/100
|move|p1a: Fezandipiti|Tailwind|p1a: Fezandipiti
|-sidestart|p1: flygonisdragon|move: Tailwind
|
|upkeep
|turn|22
|
|t:|1757872626
|move|p2a: Iron Moth|Fiery Dance|p1a: Fezandipiti
|-damage|p1a: Fezandipiti|65/100
|move|p1a: Fezandipiti|Moonblast|p2a: Iron Moth
|-resisted|p2a: Iron Moth
|-activate|p2a: Iron Moth|move: Substitute|[damage]
|
|upkeep
|turn|23
|-message|flygonisdragon forfeited.
|
|win|Ceeds1
|raw|flygonisdragon's rating: 1544 &rarr; <strong>1522</strong><br />(-22 for losing)
|raw|Ceeds1's rating: 1515 &rarr; <strong>1537</strong><br />(+22 for winning)
|l|☆flygonisdragon
|player|p1|
|l|☆Ceeds1
|player|p2|
