|j|☆idfwtsuser
|j|☆nsoqokaksjd
|t:|1757944701
|gametype|singles
|player|p1|idfwtsuser|cynthia|1106
|player|p2|nsoqokaksjd|170|1073
|gen|9
|tier|[Gen 9] OU
|rated|
|rule|HP Percentage Mod: HP is shown in percentages
|rule|Endless Battle Clause: Forcing endless battles is banned
|rule|Species Clause: Limit one of each Pokémon
|rule|OHKO Clause: OHKO moves are banned
|rule|Evasion Items Clause: Evasion items are banned
|rule|Evasion Moves Clause: Evasion moves are banned
|rule|Evasion Abilities Clause: Evasion abilities are banned
|rule|Sleep Moves Clause: Sleep-inducing moves are banned
|clearpoke
|poke|p1|Gliscor, M|
|poke|p1|Walking Wake|
|poke|p1|Slowking-Galar, F|
|poke|p1|Zamazenta-*|
|poke|p1|Ting-Lu|
|poke|p1|Kingambit, F|
|poke|p2|Poltchageist-Artisan|
|poke|p2|Greninja-*, M|
|poke|p2|Snorlax, M|
|poke|p2|Dunsparce, M|
|poke|p2|Pelipper, M|
|poke|p2|Sunkern, F|
|teampreview
|
|t:|1757944709
|teamsize|p1|6
|teamsize|p2|6
|start
|switch|p1a: Ting-Lu|Ting-Lu|100/100
|switch|p2a: Greninja|Greninja, M|100/100
|-ability|p1a: Ting-Lu|Vessel of Ruin
|turn|1
|
|t:|1757944722
|move|p2a: Greninja|Hydro Pump|p1a: Ting-Lu
|-supereffective|p1a: Ting-Lu
|-damage|p1a: Ting-Lu|55/100
|move|p1a: Ting-Lu|Stealth Rock|p2a: Greninja
|-sidestart|p2: nsoqokaksjd|move: Stealth Rock
|
|-heal|p1a: Ting-Lu|61/100|[from] item: Leftovers
|upkeep
|turn|2
|
|t:|1757944736
|-terastallize|p2a: Greninja|Water
|-terastallize|p1a: Ting-Lu|Ghost
|move|p2a: Greninja|Hydro Pump|p1a: Ting-Lu
|-damage|p1a: Ting-Lu|29/100
|move|p1a: Ting-Lu|Spikes|p2a: Greninja
|-sidestart|p2: nsoqokaksjd|Spikes
|
|-heal|p1a: Ting-Lu|36/100|[from] item: Leftovers
|upkeep
|turn|3
|
|t:|1757944756
|move|p2a: Greninja|Hydro Pump|p1a: Ting-Lu
|-damage|p1a: Ting-Lu|6/100
|move|p1a: Ting-Lu|Ruination|p2a: Greninja
|-damage|p2a: Greninja|51/100
|
|-heal|p1a: Ting-Lu|12/100|[from] item: Leftovers
|upkeep
|turn|4
|
|t:|1757944768
|move|p2a: Greninja|Hydro Pump|p1a: Ting-Lu
|-damage|p1a: Ting-Lu|0 fnt
|faint|p1a: Ting-Lu
|-ability|p2a: Greninja|Battle Bond|boost
|-boost|p2a: Greninja|atk|1
|-boost|p2a: Greninja|spa|1
|-boost|p2a: Greninja|spe|1
|-activate|p2a: Greninja|ability: Battle Bond
|
|upkeep
|
|t:|1757944789
|switch|p1a: Walking Wake|Walking Wake|100/100
|turn|5
|
|t:|1757944799
|move|p2a: Greninja|Gunk Shot|p1a: Walking Wake|[miss]
|-miss|p2a: Greninja|p1a: Walking Wake
|move|p1a: Walking Wake|Roar|p2a: Greninja
|drag|p2a: Poltchageist|Poltchageist-Artisan|100/100
|-damage|p2a: Poltchageist|88/100|[from] Stealth Rock
|-damage|p2a: Poltchageist|76/100|[from] Spikes
|
|upkeep
|turn|6
|
|t:|1757944813
|move|p1a: Walking Wake|Knock Off|p2a: Poltchageist
|-supereffective|p2a: Poltchageist
|-damage|p2a: Poltchageist|0 fnt
|-enditem|p2a: Poltchageist|Focus Sash|[from] move: Knock Off|[of] p1a: Walking Wake
|faint|p2a: Poltchageist
|
|upkeep
|
|t:|1757944822
|switch|p2a: Dunsparce|Dunsparce, M|100/100
|-damage|p2a: Dunsparce|88/100|[from] Stealth Rock
|-damage|p2a: Dunsparce|76/100|[from] Spikes
|turn|7
|
|t:|1757944833
|move|p2a: Dunsparce|Double-Edge|p1a: Walking Wake
|-crit|p1a: Walking Wake
|-damage|p1a: Walking Wake|53/100
|-damage|p2a: Dunsparce|60/100|[from] Recoil
|move|p1a: Walking Wake|Roar|p2a: Dunsparce
|drag|p2a: Pelipper|Pelipper, M|100/100
|-damage|p2a: Pelipper|76/100|[from] Stealth Rock
|-weather|RainDance|[from] ability: Drizzle|[of] p2a: Pelipper
|
|-weather|RainDance|[upkeep]
|upkeep
|turn|8
|
|t:|1757944846
|move|p1a: Walking Wake|Scald|p2a: Pelipper
|-resisted|p2a: Pelipper
|-damage|p2a: Pelipper|24/100
|move|p2a: Pelipper|Hurricane|p1a: Walking Wake
|-damage|p1a: Walking Wake|14/100
|
|-weather|RainDance|[upkeep]
|upkeep
|turn|9
|
|t:|1757944855
|move|p1a: Walking Wake|Scald|p2a: Pelipper
|-resisted|p2a: Pelipper
|-damage|p2a: Pelipper|0 fnt
|faint|p2a: Pelipper
|
|-weather|RainDance|[upkeep]
|upkeep
|
|t:|1757944863
|switch|p2a: Snorlax|Snorlax, M|100/100
|-damage|p2a: Snorlax|88/100|[from] Stealth Rock
|-damage|p2a: Snorlax|76/100|[from] Spikes
|turn|10
|l|☆idfwtsuser
|player|p1|
|j|☆idfwtsuser
|player|p1|idfwtsuser|cynthia|
|
|t:|1757944896
|move|p1a: Walking Wake|Draco Meteor|p2a: Snorlax
|-damage|p2a: Snorlax|33/100
|-unboost|p1a: Walking Wake|spa|2
|move|p2a: Snorlax|Double-Edge|p1a: Walking Wake
|-damage|p1a: Walking Wake|0 fnt
|faint|p1a: Walking Wake
|-end|p1a: Walking Wake|Protosynthesis|[silent]
|-damage|p2a: Snorlax|29/100|[from] Recoil
|
|-weather|RainDance|[upkeep]
|upkeep
|
|t:|1757944910
|switch|p1a: Zamazenta|Zamazenta|100/100
|-ability|p1a: Zamazenta|Dauntless Shield|boost
|-boost|p1a: Zamazenta|def|1
|turn|11
|c|☆idfwtsuser|What
|c|☆idfwtsuser|Happened
|-message|idfwtsuser forfeited.
|
|win|nsoqokaksjd
|raw|idfwtsuser's rating: 1106 &rarr; <strong>1077</strong><br />(-29 for losing)
|raw|nsoqokaksjd's rating: 1048 &rarr; <strong>1086</strong><br />(+38 for winning)
|l|☆idfwtsuser
|player|p1|
