|j|☆rraindancerr
|j|☆Smellyporkchop
|t:|1757811997
|gametype|singles
|player|p1|rraindancerr|wallace|1364
|player|p2|Smellyporkchop|170|1324
|gen|9
|tier|[Gen 9] OU
|rated|
|rule|HP Percentage Mod: HP is shown in percentages
|rule|Endless Battle Clause: Forcing endless battles is banned
|rule|Species Clause: Limit one of each Pokémon
|rule|OHKO Clause: OHKO moves are banned
|rule|Evasion Items Clause: Evasion items are banned
|rule|Evasion Moves Clause: Evasion moves are banned
|rule|Evasion Abilities Clause: Evasion abilities are banned
|rule|Sleep Moves Clause: Sleep-inducing moves are banned
|clearpoke
|poke|p1|Pelipper, F|
|poke|p1|Barraskewda, M|
|poke|p1|Zapdos|
|poke|p1|Hatterene, F|
|poke|p1|Cinderace, F|
|poke|p1|Drednaw, M|
|poke|p2|Enamorus, F|
|poke|p2|Kyurem|
|poke|p2|Kingambit, F|
|poke|p2|Great Tusk|
|poke|p2|Gholdengo|
|poke|p2|Meowscarada, M|
|teampreview
|inactive|Battle timer is ON: inactive players will automatically lose when time's up. (requested by Smellyporkchop)
|inactive|rraindancerr also wants the timer to be on.
|
|t:|1757812005
|teamsize|p1|6
|teamsize|p2|6
|start
|switch|p1a: Pelipper|Pelipper, F, shiny|100/100
|switch|p2a: Kyurem|Kyurem|100/100
|-ability|p2a: Kyurem|Pressure
|-weather|RainDance|[from] ability: Drizzle|[of] p1a: Pelipper
|turn|1
|
|t:|1757812011
|switch|p1a: Hatterene|Hatterene, F, shiny|100/100
|move|p2a: Kyurem|Freeze-Dry|p1a: Hatterene
|-damage|p1a: Hatterene|50/100
|-enditem|p1a: Hatterene|Eject Button
|
|t:|1757812013
|switch|p1a: Cinderace|Cinderace, F|100/100
|
|-weather|RainDance|[upkeep]
|upkeep
|turn|2
|
|t:|1757812022
|switch|p2a: Great Tusk|Great Tusk|100/100
|move|p1a: Cinderace|High Jump Kick|p2a: Great Tusk
|-start|p1a: Cinderace|typechange|Fighting|[from] ability: Libero
|-damage|p2a: Great Tusk|64/100
|
|-weather|RainDance|[upkeep]
|upkeep
|turn|3
|
|t:|1757812032
|move|p1a: Cinderace|Weather Ball|p2a: Great Tusk
|-supereffective|p2a: Great Tusk
|-damage|p2a: Great Tusk|2/100
|move|p2a: Great Tusk|Close Combat|p1a: Cinderace
|-damage|p1a: Cinderace|21/100
|-unboost|p2a: Great Tusk|def|1
|-unboost|p2a: Great Tusk|spd|1
|
|-weather|RainDance|[upkeep]
|upkeep
|turn|4
|
|t:|1757812042
|move|p1a: Cinderace|U-turn|p2a: Great Tusk
|-resisted|p2a: Great Tusk
|-damage|p2a: Great Tusk|0 fnt
|faint|p2a: Great Tusk
|-end|p2a: Great Tusk|Protosynthesis|[silent]
|
|t:|1757812050
|switch|p1a: Barraskewda|Barraskewda, M|100/100|[from] U-turn
|
|-weather|RainDance|[upkeep]
|upkeep
|
|t:|1757812061
|switch|p2a: Meowscarada|Meowscarada, M|100/100
|turn|5
|
|t:|1757812068
|move|p1a: Barraskewda|Poison Jab|p2a: Meowscarada
|-supereffective|p2a: Meowscarada
|-damage|p2a: Meowscarada|16/100
|-status|p2a: Meowscarada|psn
|move|p2a: Meowscarada|Knock Off|p1a: Barraskewda
|-start|p2a: Meowscarada|typechange|Dark|[from] ability: Protean
|-damage|p1a: Barraskewda|16/100
|-enditem|p1a: Barraskewda|Mystic Water|[from] move: Knock Off|[of] p2a: Meowscarada
|
|-weather|RainDance|[upkeep]
|-damage|p2a: Meowscarada|4/100 psn|[from] psn
|upkeep
|turn|6
|
|t:|1757812078
|move|p1a: Barraskewda|Flip Turn|p2a: Meowscarada
|-damage|p2a: Meowscarada|0 fnt
|faint|p2a: Meowscarada
|
|t:|1757812085
|switch|p1a: Drednaw|Drednaw, M|100/100|[from] Flip Turn
|
|-weather|RainDance|[upkeep]
|upkeep
|
|t:|1757812089
|switch|p2a: Enamorus|Enamorus, F|100/100
|turn|7
|
|t:|1757812094
|move|p1a: Drednaw|Shell Smash|p1a: Drednaw
|-unboost|p1a: Drednaw|def|1
|-unboost|p1a: Drednaw|spd|1
|-boost|p1a: Drednaw|atk|2
|-boost|p1a: Drednaw|spa|2
|-boost|p1a: Drednaw|spe|2
|-enditem|p1a: Drednaw|White Herb
|-clearnegativeboost|p1a: Drednaw|[silent]
|move|p2a: Enamorus|Superpower|p1a: Drednaw
|-supereffective|p1a: Drednaw
|-damage|p1a: Drednaw|24/100
|-boost|p2a: Enamorus|atk|1
|-boost|p2a: Enamorus|def|1
|
|-weather|RainDance|[upkeep]
|upkeep
|turn|8
|
|t:|1757812107
|move|p1a: Drednaw|Stone Edge|p2a: Enamorus|[miss]
|-miss|p1a: Drednaw|p2a: Enamorus
|move|p2a: Enamorus|Superpower|p1a: Drednaw
|-supereffective|p1a: Drednaw
|-damage|p1a: Drednaw|0 fnt
|-boost|p2a: Enamorus|atk|1
|-boost|p2a: Enamorus|def|1
|faint|p1a: Drednaw
|
|-weather|none
|upkeep
|
|t:|1757812109
|switch|p1a: Pelipper|Pelipper, F, shiny|100/100
|-weather|RainDance|[from] ability: Drizzle|[of] p1a: Pelipper
|turn|9
|
|t:|1757812132
|move|p2a: Enamorus|Superpower|p1a: Pelipper
|-resisted|p1a: Pelipper
|-damage|p1a: Pelipper|77/100
|-boost|p2a: Enamorus|atk|1
|-boost|p2a: Enamorus|def|1
|move|p1a: Pelipper|U-turn|p2a: Enamorus
|-resisted|p2a: Enamorus
|-damage|p2a: Enamorus|99/100
|
|t:|1757812137
|switch|p1a: Barraskewda|Barraskewda, M|16/100|[from] U-turn
|
|-weather|RainDance|[upkeep]
|upkeep
|turn|10
|
|t:|1757812141
|move|p1a: Barraskewda|Flip Turn|p2a: Enamorus
|-damage|p2a: Enamorus|69/100
|
|t:|1757812144
|switch|p1a: Hatterene|Hatterene, F, shiny|50/100|[from] Flip Turn
|move|p2a: Enamorus|Superpower|p1a: Hatterene
|-resisted|p1a: Hatterene
|-damage|p1a: Hatterene|32/100
|-boost|p2a: Enamorus|atk|1
|-boost|p2a: Enamorus|def|1
|
|-weather|RainDance|[upkeep]
|upkeep
|turn|11
|
|t:|1757812157
|-terastallize|p2a: Enamorus|Stellar
|move|p2a: Enamorus|Tera Blast|p1a: Hatterene|[anim] Tera Blast Stellar
|-damage|p1a: Hatterene|0 fnt
|-boost|p2a: Enamorus|atk|1
|-boost|p2a: Enamorus|spa|1
|faint|p1a: Hatterene
|
|-weather|RainDance|[upkeep]
|upkeep
|
|t:|1757812163
|switch|p1a: Zapdos|Zapdos, shiny|100/100
|turn|12
|
|t:|1757812166
|move|p2a: Enamorus|Tera Blast|p1a: Zapdos|[anim] Tera Blast Stellar
|-damage|p1a: Zapdos|0 fnt
|-boost|p2a: Enamorus|atk|1
|-boost|p2a: Enamorus|spa|1
|faint|p1a: Zapdos
|
|-weather|RainDance|[upkeep]
|upkeep
|
|t:|1757812172
|switch|p1a: Barraskewda|Barraskewda, M|16/100
|turn|13
|
|t:|1757812174
|move|p1a: Barraskewda|Liquidation|p2a: Enamorus
|-damage|p2a: Enamorus|30/100
|move|p2a: Enamorus|Tera Blast|p1a: Barraskewda|[anim] Tera Blast Stellar
|-damage|p1a: Barraskewda|0 fnt
|-boost|p2a: Enamorus|spa|1
|faint|p1a: Barraskewda
|
|-weather|RainDance|[upkeep]
|upkeep
|
|t:|1757812176
|switch|p1a: Cinderace|Cinderace, F|21/100
|turn|14
|
|t:|1757812181
|move|p1a: Cinderace|High Jump Kick|p2a: Enamorus
|-start|p1a: Cinderace|typechange|Fighting|[from] ability: Libero
|-resisted|p2a: Enamorus
|-damage|p2a: Enamorus|21/100
|move|p2a: Enamorus|Tera Blast|p1a: Cinderace|[anim] Tera Blast Stellar
|-damage|p1a: Cinderace|0 fnt
|-boost|p2a: Enamorus|spa|1
|faint|p1a: Cinderace
|
|-weather|RainDance|[upkeep]
|upkeep
|-message|rraindancerr forfeited.
|
|win|Smellyporkchop
|raw|rraindancerr's rating: 1364 &rarr; <strong>1342</strong><br />(-22 for losing)
|raw|Smellyporkchop's rating: 1324 &rarr; <strong>1346</strong><br />(+22 for winning)
|l|☆rraindancerr
|player|p1|
|l|☆Smellyporkchop
|player|p2|
