|j|☆rookie22
|j|☆JasmineThia
|t:|1757853714
|gametype|singles
|player|p1|rookie22|iris-gen5bw2|1661
|player|p2|JasmineThia|serena-masters3|1608
|gen|9
|tier|[Gen 9] OU
|rated|
|rule|HP Percentage Mod: HP is shown in percentages
|rule|Endless Battle Clause: Forcing endless battles is banned
|rule|Species Clause: Limit one of each Pokémon
|rule|OHKO Clause: OHKO moves are banned
|rule|Evasion Items Clause: Evasion items are banned
|rule|Evasion Moves Clause: Evasion moves are banned
|rule|Evasion Abilities Clause: Evasion abilities are banned
|rule|Sleep Moves Clause: Sleep-inducing moves are banned
|clearpoke
|poke|p1|Dragonite, F|
|poke|p1|Meowscarada, F|
|poke|p1|Keldeo|
|poke|p1|Iron Crown|
|poke|p1|Raging Bolt|
|poke|p1|Great Tusk|
|poke|p2|Weavile, M|
|poke|p2|Sinistcha|
|poke|p2|Gliscor, F|
|poke|p2|Great Tusk|
|poke|p2|Gholdengo|
|poke|p2|Walking Wake|
|teampreview
|inactive|Battle timer is ON: inactive players will automatically lose when time's up. (requested by rookie22)
|
|t:|1757853724
|teamsize|p1|6
|teamsize|p2|6
|start
|switch|p1a: Lisan Al Gaib|Keldeo|100/100
|switch|p2a: Gliscor|Gliscor, F|100/100
|turn|1
|
|t:|1757853735
|move|p2a: Gliscor|Protect|p2a: Gliscor
|-singleturn|p2a: Gliscor|Protect
|move|p1a: Lisan Al Gaib|Surf|p2a: Gliscor
|-activate|p2a: Gliscor|move: Protect
|
|-status|p2a: Gliscor|tox|[from] item: Toxic Orb
|upkeep
|turn|2
|
|t:|1757853743
|switch|p1a: Bene Gesserit|Iron Crown|100/100
|switch|p2a: Sinistcha|Sinistcha|100/100
|
|upkeep
|turn|3
|
|t:|1757853750
|switch|p2a: Gliscor|Gliscor, F|100/100 tox
|move|p1a: Bene Gesserit|Tachyon Cutter|p2a: Gliscor
|-damage|p2a: Gliscor|77/100 tox
|-damage|p2a: Gliscor|57/100 tox
|-hitcount|p2a: Gliscor|2
|
|-heal|p2a: Gliscor|69/100 tox|[from] ability: Poison Heal
|upkeep
|turn|4
|j| wgw2333
|
|t:|1757853755
|-end|p1a: Bene Gesserit|Quark Drive|[silent]
|switch|p1a: Great Tusk|Great Tusk|100/100
|move|p2a: Gliscor|Knock Off|p1a: Great Tusk
|-resisted|p1a: Great Tusk
|-damage|p1a: Great Tusk|94/100
|-enditem|p1a: Great Tusk|Leftovers|[from] move: Knock Off|[of] p2a: Gliscor
|
|-heal|p2a: Gliscor|82/100 tox|[from] ability: Poison Heal
|upkeep
|turn|5
|
|t:|1757853759
|move|p2a: Gliscor|Toxic|p1a: Great Tusk
|-status|p1a: Great Tusk|tox
|move|p1a: Great Tusk|Ice Spinner|p2a: Gliscor
|-supereffective|p2a: Gliscor
|-damage|p2a: Gliscor|0 fnt
|faint|p2a: Gliscor
|
|-damage|p1a: Great Tusk|88/100 tox|[from] psn
|upkeep
|
|t:|1757853765
|switch|p2a: Weavile|Weavile, M|100/100
|-ability|p2a: Weavile|Pressure
|turn|6
|
|t:|1757853769
|-end|p1a: Great Tusk|Protosynthesis|[silent]
|switch|p1a: Lisan Al Gaib|Keldeo|100/100
|move|p2a: Weavile|Triple Axel|p1a: Lisan Al Gaib
|-resisted|p1a: Lisan Al Gaib
|-damage|p1a: Lisan Al Gaib|92/100
|-resisted|p1a: Lisan Al Gaib
|-damage|p1a: Lisan Al Gaib|75/100
|-resisted|p1a: Lisan Al Gaib
|-damage|p1a: Lisan Al Gaib|51/100
|-hitcount|p1a: Lisan Al Gaib|3
|
|upkeep
|turn|7
|
|t:|1757853780
|switch|p2a: Gholdengo|Gholdengo|100/100
|-item|p2a: Gholdengo|Air Balloon
|move|p1a: Lisan Al Gaib|Air Slash|p2a: Gholdengo
|-resisted|p2a: Gholdengo
|-damage|p2a: Gholdengo|80/100
|-enditem|p2a: Gholdengo|Air Balloon
|
|upkeep
|turn|8
|
|t:|1757853785
|switch|p1a: Raging Bolt|Raging Bolt|100/100
|move|p2a: Gholdengo|Nasty Plot|p2a: Gholdengo
|-boost|p2a: Gholdengo|spa|2
|
|upkeep
|turn|9
|
|t:|1757853789
|move|p1a: Raging Bolt|Thunderbolt|p2a: Gholdengo
|-damage|p2a: Gholdengo|25/100
|move|p2a: Gholdengo|Shadow Ball|p1a: Raging Bolt
|-damage|p1a: Raging Bolt|40/100
|
|-heal|p1a: Raging Bolt|46/100|[from] item: Leftovers
|upkeep
|turn|10
|
|t:|1757853795
|move|p1a: Raging Bolt|Thunderbolt|p2a: Gholdengo
|-crit|p2a: Gholdengo
|-damage|p2a: Gholdengo|0 fnt
|faint|p2a: Gholdengo
|
|-heal|p1a: Raging Bolt|53/100|[from] item: Leftovers
|upkeep
|
|t:|1757853797
|switch|p2a: Great Tusk|Great Tusk|100/100
|turn|11
|
|t:|1757853801
|-end|p1a: Raging Bolt|Protosynthesis|[silent]
|switch|p1a: Great Tusk|Great Tusk|88/100 tox
|move|p2a: Great Tusk|Stealth Rock|p1a: Great Tusk
|-sidestart|p1: rookie22|move: Stealth Rock
|
|-damage|p1a: Great Tusk|82/100 tox|[from] psn
|upkeep
|turn|12
|
|t:|1757853806
|move|p2a: Great Tusk|Ice Spinner|p1a: Great Tusk
|-supereffective|p1a: Great Tusk
|-damage|p1a: Great Tusk|54/100 tox
|move|p1a: Great Tusk|Ice Spinner|p2a: Great Tusk
|-supereffective|p2a: Great Tusk
|-damage|p2a: Great Tusk|65/100
|-damage|p1a: Great Tusk|38/100 tox|[from] item: Rocky Helmet|[of] p2a: Great Tusk
|
|-damage|p1a: Great Tusk|26/100 tox|[from] psn
|upkeep
|turn|13
|
|t:|1757853816
|-end|p2a: Great Tusk|Protosynthesis|[silent]
|switch|p2a: Sinistcha|Sinistcha|100/100
|move|p1a: Great Tusk|Rapid Spin|p2a: Sinistcha
|-immune|p2a: Sinistcha
|
|-damage|p1a: Great Tusk|8/100 tox|[from] psn
|upkeep
|turn|14
|j| xmagic_247
|
|t:|1757853822
|move|p1a: Great Tusk|Ice Spinner|p2a: Sinistcha
|-supereffective|p2a: Sinistcha
|-damage|p2a: Sinistcha|57/100
|move|p2a: Sinistcha|Strength Sap|p1a: Great Tusk
|-unboost|p1a: Great Tusk|atk|1
|-heal|p2a: Sinistcha|100/100
|
|-damage|p1a: Great Tusk|0 fnt|[from] psn
|faint|p1a: Great Tusk
|-end|p1a: Great Tusk|Protosynthesis|[silent]
|upkeep
|inactive|rookie22 has 120 seconds left.
|
|t:|1757853869
|switch|p1a: Raging Bolt|Raging Bolt|53/100
|-damage|p1a: Raging Bolt|40/100|[from] Stealth Rock
|turn|15
|
|t:|1757853876
|move|p1a: Raging Bolt|Dragon Pulse|p2a: Sinistcha
|-damage|p2a: Sinistcha|44/100
|move|p2a: Sinistcha|Calm Mind|p2a: Sinistcha
|-boost|p2a: Sinistcha|spa|1
|-boost|p2a: Sinistcha|spd|1
|
|-heal|p1a: Raging Bolt|46/100|[from] item: Leftovers
|upkeep
|turn|16
|
|t:|1757853882
|move|p1a: Raging Bolt|Calm Mind|p1a: Raging Bolt
|-boost|p1a: Raging Bolt|spa|1
|-boost|p1a: Raging Bolt|spd|1
|move|p2a: Sinistcha|Strength Sap|p1a: Raging Bolt
|-unboost|p1a: Raging Bolt|atk|1
|-heal|p2a: Sinistcha|88/100
|
|-heal|p1a: Raging Bolt|53/100|[from] item: Leftovers
|upkeep
|turn|17
|
|t:|1757853890
|move|p1a: Raging Bolt|Dragon Pulse|p2a: Sinistcha
|-damage|p2a: Sinistcha|33/100
|move|p2a: Sinistcha|Shadow Ball|p1a: Raging Bolt
|-damage|p1a: Raging Bolt|23/100
|
|-heal|p1a: Raging Bolt|29/100|[from] item: Leftovers
|upkeep
|turn|18
|
|t:|1757853896
|move|p1a: Raging Bolt|Dragon Pulse|p2a: Sinistcha
|-damage|p2a: Sinistcha|0 fnt
|faint|p2a: Sinistcha
|
|-heal|p1a: Raging Bolt|35/100|[from] item: Leftovers
|upkeep
|
|t:|1757853899
|switch|p2a: Weavile|Weavile, M|100/100
|-ability|p2a: Weavile|Pressure
|turn|19
|
|t:|1757853907
|move|p2a: Weavile|Ice Shard|p1a: Raging Bolt
|-supereffective|p1a: Raging Bolt
|-damage|p1a: Raging Bolt|0 fnt
|faint|p1a: Raging Bolt
|-end|p1a: Raging Bolt|Protosynthesis|[silent]
|
|upkeep
|
|t:|1757853922
|switch|p1a: Lisan Al Gaib|Keldeo|51/100
|-damage|p1a: Lisan Al Gaib|44/100|[from] Stealth Rock
|turn|20
|
|t:|1757853928
|switch|p2a: Walking Wake|Walking Wake|100/100
|move|p1a: Lisan Al Gaib|Vacuum Wave|p2a: Walking Wake
|-damage|p2a: Walking Wake|63/100
|
|upkeep
|turn|21
|
|t:|1757853934
|switch|p1a: Bene Gesserit|Iron Crown|100/100
|-damage|p1a: Bene Gesserit|94/100|[from] Stealth Rock
|move|p2a: Walking Wake|Draco Meteor|p1a: Bene Gesserit
|-resisted|p1a: Bene Gesserit
|-damage|p1a: Bene Gesserit|74/100
|-unboost|p2a: Walking Wake|spa|2
|
|upkeep
|turn|22
|
|t:|1757853937
|move|p2a: Walking Wake|Knock Off|p1a: Bene Gesserit
|-supereffective|p1a: Bene Gesserit
|-damage|p1a: Bene Gesserit|40/100
|-enditem|p1a: Bene Gesserit|Assault Vest|[from] move: Knock Off|[of] p2a: Walking Wake
|move|p1a: Bene Gesserit|Psyshock|p2a: Walking Wake
|-damage|p2a: Walking Wake|16/100
|
|upkeep
|turn|23
|
|t:|1757853944
|move|p2a: Walking Wake|Scald|p1a: Bene Gesserit
|-crit|p1a: Bene Gesserit
|-damage|p1a: Bene Gesserit|0 fnt
|faint|p1a: Bene Gesserit
|-end|p1a: Bene Gesserit|Quark Drive|[silent]
|
|upkeep
|
|t:|1757853948
|switch|p1a: Meowscarada|Meowscarada, F|100/100
|turn|24
|
|t:|1757853975
|move|p1a: Meowscarada|Knock Off|p2a: Walking Wake
|-start|p1a: Meowscarada|typechange|Dark|[from] ability: Protean
|-damage|p2a: Walking Wake|0 fnt
|-enditem|p2a: Walking Wake|Heavy-Duty Boots|[from] move: Knock Off|[of] p1a: Meowscarada
|faint|p2a: Walking Wake
|-end|p2a: Walking Wake|Protosynthesis|[silent]
|
|upkeep
|
|t:|1757853978
|switch|p2a: Weavile|Weavile, M|100/100
|-ability|p2a: Weavile|Pressure
|turn|25
|
|t:|1757853981
|move|p2a: Weavile|Triple Axel|p1a: Meowscarada
|-damage|p1a: Meowscarada|77/100
|-damage|p1a: Meowscarada|27/100
|-damage|p1a: Meowscarada|0 fnt
|faint|p1a: Meowscarada
|-hitcount|p1: Meowscarada|3
|
|upkeep
|
|t:|1757853987
|switch|p1a: Lisan Al Gaib|Keldeo|44/100
|-damage|p1a: Lisan Al Gaib|38/100|[from] Stealth Rock
|turn|26
|
|t:|1757853994
|switch|p2a: Great Tusk|Great Tusk|65/100
|move|p1a: Lisan Al Gaib|Vacuum Wave|p2a: Great Tusk
|-damage|p2a: Great Tusk|17/100
|
|upkeep
|turn|27
|
|t:|1757853998
|move|p1a: Lisan Al Gaib|Vacuum Wave|p2a: Great Tusk
|-damage|p2a: Great Tusk|0 fnt
|faint|p2a: Great Tusk
|-end|p2a: Great Tusk|Protosynthesis|[silent]
|
|upkeep
|
|t:|1757853999
|switch|p2a: Weavile|Weavile, M|100/100
|-ability|p2a: Weavile|Pressure
|turn|28
|
|t:|1757854003
|-terastallize|p2a: Weavile|Ice
|move|p1a: Lisan Al Gaib|Vacuum Wave|p2a: Weavile
|-supereffective|p2a: Weavile
|-damage|p2a: Weavile|10/100
|move|p2a: Weavile|Triple Axel|p1a: Lisan Al Gaib|[miss]
|-miss|p2a: Weavile|p1a: Lisan Al Gaib
|
|upkeep
|turn|29
|-message|JasmineThia forfeited.
|
|win|rookie22
|raw|rookie22's rating: 1661 &rarr; <strong>1678</strong><br />(+17 for winning)
|raw|JasmineThia's rating: 1608 &rarr; <strong>1591</strong><br />(-17 for losing)
|l|☆JasmineThia
|player|p2|
|l|☆rookie22
|player|p1|
|l| xmagic_247
|l| wgw2333
