|j|☆willan
|j|☆Cyber Catnap
|t:|1757871324
|gametype|singles
|player|p1|willan|lucas|1121
|player|p2|Cyber Catnap|roughneck-gen4|1097
|gen|9
|tier|[Gen 9] OU
|rated|
|rule|HP Percentage Mod: HP is shown in percentages
|rule|Endless Battle Clause: Forcing endless battles is banned
|rule|Species Clause: Limit one of each Pokémon
|rule|OHKO Clause: OHKO moves are banned
|rule|Evasion Items Clause: Evasion items are banned
|rule|Evasion Moves Clause: Evasion moves are banned
|rule|Evasion Abilities Clause: Evasion abilities are banned
|rule|Sleep Moves Clause: Sleep-inducing moves are banned
|clearpoke
|poke|p1|Dragonite, M|
|poke|p1|Tyranitar, M|
|poke|p1|Scizor, M|
|poke|p1|Tornadus-Therian, M|
|poke|p1|Metagross|
|poke|p1|Gardevoir, F|
|poke|p2|Zoroark-Hisui, M|
|poke|p2|Sandslash-Alola, F|
|poke|p2|Kyurem|
|poke|p2|Lanturn, M|
|poke|p2|Landorus-Therian, M|
|poke|p2|Scrafty, M|
|teampreview
|
|t:|1757871328
|teamsize|p1|6
|teamsize|p2|6
|start
|switch|p1a: Tyranitar|Tyranitar, M|100/100
|switch|p2a: SDL IV Cyber|Landorus-Therian, M|100/100
|-ability|p2a: SDL IV Cyber|Intimidate|boost
|-unboost|p1a: Tyranitar|atk|1
|-weather|Sandstorm|[from] ability: Sand Stream|[of] p1a: Tyranitar
|turn|1
|
|t:|1757871337
|move|p2a: SDL IV Cyber|Focus Blast|p1a: Tyranitar
|-supereffective|p1a: Tyranitar
|-damage|p1a: Tyranitar|3/100
|move|p1a: Tyranitar|Stealth Rock|p2a: SDL IV Cyber
|-sidestart|p2: Cyber Catnap|move: Stealth Rock
|
|-weather|Sandstorm|[upkeep]
|upkeep
|turn|2
|
|t:|1757871353
|switch|p1a: Tornadus|Tornadus-Therian, M|100/100
|move|p2a: SDL IV Cyber|U-turn|p1a: Tornadus
|-resisted|p1a: Tornadus
|-damage|p1a: Tornadus|86/100
|
|t:|1757871361
|switch|p2a: SDL III Cyber|Sandslash-Alola, F|100/100|[from] U-turn
|-damage|p2a: SDL III Cyber|88/100|[from] Stealth Rock
|
|-weather|Sandstorm|[upkeep]
|-damage|p1a: Tornadus|80/100|[from] Sandstorm
|-heal|p1a: Tornadus|86/100|[from] item: Leftovers
|upkeep
|turn|3
|
|t:|1757871370
|-terastallize|p2a: SDL III Cyber|Ground
|move|p1a: Tornadus|Focus Blast|p2a: SDL III Cyber|[miss]
|-miss|p1a: Tornadus|p2a: SDL III Cyber
|move|p2a: SDL III Cyber|Rapid Spin|p1a: Tornadus
|-damage|p1a: Tornadus|64/100
|-boost|p2a: SDL III Cyber|spe|1
|-sideend|p2: Cyber Catnap|Stealth Rock|[from] move: Rapid Spin|[of] p2a: SDL III Cyber
|
|-weather|Sandstorm|[upkeep]
|-damage|p1a: Tornadus|58/100|[from] Sandstorm
|-heal|p1a: Tornadus|64/100|[from] item: Leftovers
|upkeep
|turn|4
|
|t:|1757871381
|move|p2a: SDL III Cyber|Ice Spinner|p1a: Tornadus
|-supereffective|p1a: Tornadus
|-damage|p1a: Tornadus|0 fnt
|faint|p1a: Tornadus
|
|-weather|Sandstorm|[upkeep]
|upkeep
|
|t:|1757871391
|switch|p1a: Dragonite|Dragonite, M|100/100
|turn|5
|
|t:|1757871397
|move|p2a: SDL III Cyber|Ice Spinner|p1a: Dragonite
|-supereffective|p1a: Dragonite
|-damage|p1a: Dragonite|6/100
|move|p1a: Dragonite|Dragon Dance|p1a: Dragonite
|-boost|p1a: Dragonite|atk|1
|-boost|p1a: Dragonite|spe|1
|
|-weather|none
|upkeep
|turn|6
|
|t:|1757871405
|move|p1a: Dragonite|Extreme Speed|p2a: SDL III Cyber
|-damage|p2a: SDL III Cyber|35/100
|-damage|p1a: Dragonite|0 fnt|[from] item: Life Orb
|faint|p1a: Dragonite
|move|p2a: SDL III Cyber|Rapid Spin|p1: Dragonite|[notarget]
|-fail|p2a: SDL III Cyber
|
|upkeep
|
|t:|1757871412
|switch|p1a: Gardevoir|Gardevoir, F|100/100
|-ability|p1a: Gardevoir|Slush Rush|Trace|[from] ability: Trace|[of] p2a: SDL III Cyber
|turn|7
|
|t:|1757871421
|move|p1a: Gardevoir|Moonblast|p2a: SDL III Cyber
|-damage|p2a: SDL III Cyber|0 fnt
|faint|p2a: SDL III Cyber
|
|upkeep
|
|t:|1757871433
|switch|p2a: Forest Cyber|Lanturn, M|100/100
|turn|8
|
|t:|1757871437
|move|p1a: Gardevoir|Moonblast|p2a: Forest Cyber
|-damage|p2a: Forest Cyber|69/100
|move|p2a: Forest Cyber|Thunderbolt|p1a: Gardevoir
|-damage|p1a: Gardevoir|59/100
|-status|p1a: Gardevoir|par
|
|upkeep
|turn|9
|
|t:|1757871446
|switch|p1a: Metagross|Metagross|100/100
|move|p2a: Forest Cyber|Thunderbolt|p1a: Metagross
|-damage|p1a: Metagross|66/100
|
|upkeep
|turn|10
|
|t:|1757871457
|switch|p2a: SDL IV Cyber|Landorus-Therian, M|100/100
|-ability|p2a: SDL IV Cyber|Intimidate|boost
|-fail|p1a: Metagross|unboost|[from] ability: Clear Body|[of] p1a: Metagross
|move|p1a: Metagross|Meteor Mash|p2a: SDL IV Cyber
|-damage|p2a: SDL IV Cyber|40/100
|
|upkeep
|turn|11
|
|t:|1757871470
|move|p2a: SDL IV Cyber|Earth Power|p1a: Metagross
|-supereffective|p1a: Metagross
|-damage|p1a: Metagross|0 fnt
|faint|p1a: Metagross
|
|upkeep
|
|t:|1757871476
|switch|p1a: Gardevoir|Gardevoir, F|59/100 par
|-ability|p1a: Gardevoir|Intimidate|Trace|[from] ability: Trace|[of] p2a: SDL IV Cyber
|-ability|p1a: Gardevoir|Intimidate|boost
|-unboost|p2a: SDL IV Cyber|atk|1
|turn|12
|
|t:|1757871481
|move|p2a: SDL IV Cyber|U-turn|p1a: Gardevoir
|-damage|p1a: Gardevoir|36/100 par
|
|t:|1757871485
|switch|p2a: Forest Cyber|Lanturn, M|69/100|[from] U-turn
|move|p1a: Gardevoir|Psychic|p2a: Forest Cyber
|-damage|p2a: Forest Cyber|38/100
|
|upkeep
|turn|13
|
|t:|1757871491
|switch|p2a: Cyber55555|Scrafty, M|100/100
|-ability|p2a: Cyber55555|Intimidate|boost
|-unboost|p1a: Gardevoir|atk|1
|move|p1a: Gardevoir|Psychic|p2a: Cyber55555
|-immune|p2a: Cyber55555
|
|upkeep
|turn|14
|
|t:|1757871500
|switch|p1a: Scizor|Scizor, M|100/100
|move|p2a: Cyber55555|Dragon Dance|p2a: Cyber55555
|-boost|p2a: Cyber55555|atk|1
|-boost|p2a: Cyber55555|spe|1
|
|upkeep
|turn|15
|
|t:|1757871510
|move|p2a: Cyber55555|Knock Off|p1a: Scizor
|-damage|p1a: Scizor|20/100
|-damage|p2a: Cyber55555|84/100|[from] item: Rocky Helmet|[of] p1a: Scizor
|-enditem|p1a: Scizor|Rocky Helmet|[from] move: Knock Off|[of] p2a: Cyber55555
|move|p1a: Scizor|Swords Dance|p1a: Scizor
|-boost|p1a: Scizor|atk|2
|
|upkeep
|turn|16
|
|t:|1757871517
|move|p1a: Scizor|Bullet Punch|p2a: Cyber55555
|-damage|p2a: Cyber55555|11/100
|move|p2a: Cyber55555|Knock Off|p1a: Scizor
|-damage|p1a: Scizor|0 fnt
|faint|p1a: Scizor
|
|upkeep
|
|t:|1757871523
|switch|p1a: Tyranitar|Tyranitar, M|3/100
|-weather|Sandstorm|[from] ability: Sand Stream|[of] p1a: Tyranitar
|turn|17
|
|t:|1757871529
|move|p2a: Cyber55555|Knock Off|p1a: Tyranitar
|-resisted|p1a: Tyranitar
|-damage|p1a: Tyranitar|0 fnt
|-enditem|p1a: Tyranitar|Life Orb|[from] move: Knock Off|[of] p2a: Cyber55555
|faint|p1a: Tyranitar
|
|-weather|Sandstorm|[upkeep]
|-damage|p2a: Cyber55555|5/100|[from] Sandstorm
|upkeep
|
|t:|1757871536
|switch|p1a: Gardevoir|Gardevoir, F|36/100 par
|-ability|p1a: Gardevoir|Intimidate|Trace|[from] ability: Trace|[of] p2a: Cyber55555
|-ability|p1a: Gardevoir|Intimidate|boost
|-unboost|p2a: Cyber55555|atk|1
|turn|18
|
|t:|1757871544
|move|p2a: Cyber55555|Knock Off|p1a: Gardevoir
|-damage|p1a: Gardevoir|0 fnt
|-enditem|p1a: Gardevoir|Choice Scarf|[from] move: Knock Off|[of] p2a: Cyber55555
|faint|p1a: Gardevoir
|
|win|Cyber Catnap
|raw|willan's rating: 1121 &rarr; <strong>1094</strong><br />(-27 for losing)
|raw|Cyber Catnap's rating: 1097 &rarr; <strong>1124</strong><br />(+27 for winning)
|l|☆willan
|player|p1|
|l|☆Cyber Catnap
|player|p2|
