|j|☆chromiolite
|j|‽beetleinthebox 223
|t:|1757795005
|gametype|singles
|player|p1|chromiolite|harlequin|1055
|player|p2|beetleinthebox 223|169|1078
|gen|9
|tier|[Gen 9] OU
|rated|
|rule|HP Percentage Mod: HP is shown in percentages
|rule|Endless Battle Clause: Forcing endless battles is banned
|rule|Species Clause: Limit one of each Pokémon
|rule|OHKO Clause: OHKO moves are banned
|rule|Evasion Items Clause: Evasion items are banned
|rule|Evasion Moves Clause: Evasion moves are banned
|rule|Evasion Abilities Clause: Evasion abilities are banned
|rule|Sleep Moves Clause: Sleep-inducing moves are banned
|clearpoke
|poke|p1|Iron Hands|
|poke|p1|Dondozo, F|
|poke|p1|Hatterene, F|
|poke|p1|Glastrier|
|poke|p1|Slowking-Galar, F|
|poke|p1|Arboliva, F|
|poke|p2|Lokix, M|
|poke|p2|Cinderace, M|
|poke|p2|Great Tusk|
|poke|p2|Alomomola, M|
|poke|p2|Enamorus, F|
|poke|p2|Slowking-Galar, M|
|teampreview
|inactive|Battle timer is ON: inactive players will automatically lose when time's up. (requested by chromiolite)
|
|t:|1757795015
|teamsize|p1|6
|teamsize|p2|6
|start
|switch|p1a: Slowking|Slowking-Galar, F|100/100
|switch|p2a: Cinderace|Cinderace, M|100/100
|turn|1
|
|t:|1757795019
|move|p2a: Cinderace|U-turn|p1a: Slowking
|-damage|p1a: Slowking|80/100
|
|t:|1757795027
|switch|p2a: Slowking|Slowking-Galar, M|100/100|[from] U-turn
|move|p1a: Slowking|Trick Room|p1a: Slowking
|-fieldstart|move: Trick Room|[of] p1a: Slowking
|
|upkeep
|turn|2
|
|t:|1757795031
|move|p2a: Slowking|Future Sight|p1a: Slowking
|-start|p2a: Slowking|move: Future Sight
|move|p1a: Slowking|Psychic|p2a: Slowking
|-damage|p2a: Slowking|59/100
|-damage|p1a: Slowking|71/100|[from] item: Life Orb
|
|upkeep
|turn|3
|
|t:|1757795041
|-prepare|p2a: Slowking|Chilly Reception|[premajor]
|move|p2a: Slowking|Chilly Reception|p2a: Slowking
|-weather|Snowscape
|
|t:|1757795048
|switch|p2a: Alomomola|Alomomola, M|100/100|[from] Chilly Reception
|move|p1a: Slowking|Psychic|p2a: Alomomola
|-damage|p2a: Alomomola|77/100
|-unboost|p2a: Alomomola|spd|1
|-damage|p1a: Slowking|61/100|[from] item: Life Orb
|
|-weather|Snowscape|[upkeep]
|upkeep
|turn|4
|
|t:|1757795060
|move|p1a: Slowking|Sludge Wave|p2a: Alomomola
|-damage|p2a: Alomomola|41/100
|-damage|p1a: Slowking|51/100|[from] item: Life Orb
|move|p2a: Alomomola|Mirror Coat|p1a: Slowking
|-damage|p1a: Slowking|0 fnt
|faint|p1a: Slowking
|
|-weather|Snowscape|[upkeep]
|-hint|Future Sight did not hit because the target is fainted.
|upkeep
|
|t:|1757795071
|switch|p1a: Arboliva|Arboliva, F|100/100
|turn|5
|
|t:|1757795076
|switch|p2a: Slowking|Slowking-Galar, M|92/100
|move|p1a: Arboliva|Leech Seed|p2a: Slowking
|-start|p2a: Slowking|move: Leech Seed
|
|-weather|Snowscape|[upkeep]
|-damage|p2a: Slowking|79/100|[from] Leech Seed|[of] p1a: Arboliva
|-fieldend|move: Trick Room
|upkeep
|turn|6
|
|t:|1757795087
|-terastallize|p1a: Arboliva|Ground
|move|p1a: Arboliva|Tera Blast|p2a: Slowking|[anim] Tera Blast Ground
|-supereffective|p2a: Slowking
|-enditem|p2a: Slowking|Shuca Berry|[eat]
|-enditem|p2a: Slowking|Shuca Berry|[weaken]
|-damage|p2a: Slowking|44/100
|-prepare|p2a: Slowking|Chilly Reception|[premajor]
|move|p2a: Slowking|Chilly Reception|p2a: Slowking
|
|t:|1757795109
|switch|p2a: Lokix|Lokix, M|100/100|[from] Chilly Reception
|
|-weather|Snowscape|[upkeep]
|upkeep
|turn|7
|
|t:|1757795122
|switch|p1a: Dondozo|Dondozo, F|100/100
|move|p2a: Lokix|U-turn|p1a: Dondozo
|-damage|p1a: Dondozo|73/100
|inactive|beetleinthebox 223 has 120 seconds left.
|
|t:|1757795145
|switch|p2a: Enamorus|Enamorus, F|100/100|[from] U-turn
|
|-weather|none
|-heal|p1a: Dondozo|79/100|[from] item: Leftovers
|upkeep
|turn|8
|
|t:|1757795149
|move|p2a: Enamorus|Moonblast|p1a: Dondozo
|-damage|p1a: Dondozo|22/100
|move|p1a: Dondozo|Curse|p1a: Dondozo
|-unboost|p1a: Dondozo|spe|1
|-boost|p1a: Dondozo|atk|1
|-boost|p1a: Dondozo|def|1
|
|-heal|p1a: Dondozo|28/100|[from] item: Leftovers
|upkeep
|turn|9
|
|t:|1757795155
|move|p2a: Enamorus|Moonblast|p1a: Dondozo
|-damage|p1a: Dondozo|0 fnt
|faint|p1a: Dondozo
|
|upkeep
|
|t:|1757795159
|switch|p1a: Hatterene|Hatterene, F|100/100
|turn|10
|
|t:|1757795163
|move|p2a: Enamorus|Moonblast|p1a: Hatterene
|-damage|p1a: Hatterene|43/100
|move|p1a: Hatterene|Trick Room|p1a: Hatterene
|-fieldstart|move: Trick Room|[of] p1a: Hatterene
|
|-heal|p1a: Hatterene|49/100|[from] item: Leftovers
|upkeep
|turn|11
|
|t:|1757795173
|move|p1a: Hatterene|Mystical Fire|p2a: Enamorus
|-damage|p2a: Enamorus|63/100
|-boost|p2a: Enamorus|spa|1
|move|p2a: Enamorus|Moonblast|p1a: Hatterene
|-damage|p1a: Hatterene|0 fnt
|faint|p1a: Hatterene
|
|upkeep
|
|t:|1757795184
|switch|p1a: Iron Hands|Iron Hands|100/100
|turn|12
|
|t:|1757795212
|switch|p2a: Cinderace|Cinderace, M|100/100
|move|p1a: Iron Hands|Iron Head|p2a: Cinderace
|-resisted|p2a: Cinderace
|-damage|p2a: Cinderace|83/100
|
|upkeep
|turn|13
|inactive|beetleinthebox 223 has 120 seconds left.
|
|t:|1757795228
|move|p1a: Iron Hands|Supercell Slam|p2a: Cinderace
|-damage|p2a: Cinderace|12/100
|move|p2a: Cinderace|Will-O-Wisp|p1a: Iron Hands
|-status|p1a: Iron Hands|brn
|
|-damage|p1a: Iron Hands|94/100 brn|[from] brn
|upkeep
|turn|14
|inactive|beetleinthebox 223 has 120 seconds left.
|
|t:|1757795240
|switch|p2a: Great Tusk|Great Tusk|100/100
|move|p1a: Iron Hands|Drain Punch|p2a: Great Tusk
|-damage|p2a: Great Tusk|90/100
|-heal|p1a: Iron Hands|99/100 brn|[from] drain|[of] p2a: Great Tusk
|
|-heal|p2a: Great Tusk|96/100|[from] item: Leftovers
|-damage|p1a: Iron Hands|93/100 brn|[from] brn
|-fieldend|move: Trick Room
|upkeep
|turn|15
|inactive|beetleinthebox 223 has 120 seconds left.
|
|t:|1757795258
|move|p2a: Great Tusk|Bulk Up|p2a: Great Tusk
|-boost|p2a: Great Tusk|atk|1
|-boost|p2a: Great Tusk|def|1
|move|p1a: Iron Hands|Play Rough|p2a: Great Tusk|[miss]
|-miss|p1a: Iron Hands|p2a: Great Tusk
|
|-heal|p2a: Great Tusk|100/100|[from] item: Leftovers
|-damage|p1a: Iron Hands|87/100 brn|[from] brn
|upkeep
|turn|16
|inactive|beetleinthebox 223 has 120 seconds left.
|
|t:|1757795272
|move|p2a: Great Tusk|Bulk Up|p2a: Great Tusk
|-boost|p2a: Great Tusk|atk|1
|-boost|p2a: Great Tusk|def|1
|move|p1a: Iron Hands|Play Rough|p2a: Great Tusk
|-supereffective|p2a: Great Tusk
|-damage|p2a: Great Tusk|92/100
|
|-heal|p2a: Great Tusk|98/100|[from] item: Leftovers
|-damage|p1a: Iron Hands|81/100 brn|[from] brn
|upkeep
|turn|17
|inactive|beetleinthebox 223 has 120 seconds left.
|
|t:|1757795284
|move|p2a: Great Tusk|Earthquake|p1a: Iron Hands
|-supereffective|p1a: Iron Hands
|-damage|p1a: Iron Hands|0 fnt
|faint|p1a: Iron Hands
|-end|p1a: Iron Hands|Quark Drive|[silent]
|
|-heal|p2a: Great Tusk|100/100|[from] item: Leftovers
|upkeep
|c|☆chromiolite|I give up
|c|☆chromiolite|Lol this team is not my thing
|
|t:|1757795301
|switch|p1a: Arboliva|Arboliva, F, tera:Ground|100/100
|turn|18
|inactive|beetleinthebox 223 has 120 seconds left.
|
|t:|1757795313
|-terastallize|p2a: Great Tusk|Poison
|move|p2a: Great Tusk|Earthquake|p1a: Arboliva
|-damage|p1a: Arboliva|7/100
|-enditem|p1a: Arboliva|Sitrus Berry|[eat]
|-heal|p1a: Arboliva|32/100|[from] item: Sitrus Berry
|move|p1a: Arboliva|Leech Seed|p2a: Great Tusk
|-start|p2a: Great Tusk|move: Leech Seed
|
|-damage|p2a: Great Tusk|88/100|[from] Leech Seed|[of] p1a: Arboliva
|-heal|p1a: Arboliva|50/100|[silent]
|upkeep
|turn|19
|
|t:|1757795323
|move|p2a: Great Tusk|Earthquake|p1a: Arboliva
|-damage|p1a: Arboliva|0 fnt
|faint|p1a: Arboliva
|
|-heal|p2a: Great Tusk|94/100|[from] item: Leftovers
|upkeep
|
|t:|1757795327
|switch|p1a: Glastrier|Glastrier|100/100
|turn|20
|
|t:|1757795338
|move|p2a: Great Tusk|Earthquake|p1a: Glastrier
|-damage|p1a: Glastrier|41/100
|move|p1a: Glastrier|High Horsepower|p2a: Great Tusk
|-supereffective|p2a: Great Tusk
|-damage|p2a: Great Tusk|76/100
|
|-heal|p2a: Great Tusk|82/100|[from] item: Leftovers
|-damage|p2a: Great Tusk|70/100|[from] Leech Seed|[of] p1a: Glastrier
|-heal|p1a: Glastrier|56/100|[silent]
|upkeep
|turn|21
|
|t:|1757795347
|move|p2a: Great Tusk|Earthquake|p1a: Glastrier
|-damage|p1a: Glastrier|0 fnt
|faint|p1a: Glastrier
|
|win|beetleinthebox 223
|raw|chromiolite's rating: 1055 &rarr; <strong>1038</strong><br />(-17 for losing)
|raw|beetleinthebox 223's rating: 1078 &rarr; <strong>1104</strong><br />(+26 for winning)
|l|☆chromiolite
|player|p1|
