|j|☆AlitaRevolt
|j|☆smurtgurt
|t:|1757948013
|gametype|singles
|player|p1|AlitaRevolt|1|1302
|player|p2|smurtgurt|unknown|1291
|gen|9
|tier|[Gen 9] OU
|rated|
|rule|HP Percentage Mod: HP is shown in percentages
|rule|Endless Battle Clause: Forcing endless battles is banned
|rule|Species Clause: Limit one of each Pokémon
|rule|OHKO Clause: OHKO moves are banned
|rule|Evasion Items Clause: Evasion items are banned
|rule|Evasion Moves Clause: Evasion moves are banned
|rule|Evasion Abilities Clause: Evasion abilities are banned
|rule|Sleep Moves Clause: Sleep-inducing moves are banned
|clearpoke
|poke|p1|Blaziken, M|
|poke|p1|Gliscor, F|
|poke|p1|Dragapult, M|
|poke|p1|Iron Treads|
|poke|p1|Glimmora, M|
|poke|p1|Alomomola, M|
|poke|p2|Tyranitar, M|
|poke|p2|Vikavolt, M|
|poke|p2|Diancie|
|poke|p2|Clodsire, F|
|poke|p2|Mew|
|poke|p2|Glimmora, M|
|teampreview
|
|t:|1757948030
|teamsize|p1|6
|teamsize|p2|6
|start
|switch|p1a: Glimmora|Glimmora, M|100/100
|switch|p2a: Diancie|Diancie|100/100
|turn|1
|
|t:|1757948040
|move|p1a: Glimmora|Stealth Rock|p2a: Diancie
|-sidestart|p2: smurtgurt|move: Stealth Rock
|move|p2a: Diancie|Trick Room|p2a: Diancie
|-fieldstart|move: Trick Room|[of] p2a: Diancie
|
|upkeep
|turn|2
|
|t:|1757948045
|move|p2a: Diancie|Earth Power|p1a: Glimmora
|-supereffective|p1a: Glimmora
|-damage|p1a: Glimmora|0 fnt
|faint|p1a: Glimmora
|
|upkeep
|
|t:|1757948051
|switch|p1a: Gliscor|Gliscor, F|100/100
|turn|3
|
|t:|1757948057
|move|p2a: Diancie|Meteor Beam||[still]
|-prepare|p2a: Diancie|Meteor Beam
|-boost|p2a: Diancie|spa|1
|-enditem|p2a: Diancie|Power Herb
|-anim|p2a: Diancie|Meteor Beam|p1a: Gliscor
|-damage|p1a: Gliscor|30/100
|move|p1a: Gliscor|Swords Dance|p1a: Gliscor
|-boost|p1a: Gliscor|atk|2
|
|-status|p1a: Gliscor|tox|[from] item: Toxic Orb
|upkeep
|turn|4
|
|t:|1757948070
|move|p1a: Gliscor|Protect|p1a: Gliscor
|-singleturn|p1a: Gliscor|Protect
|move|p2a: Diancie|Meteor Beam||[still]
|-prepare|p2a: Diancie|Meteor Beam
|-boost|p2a: Diancie|spa|1
|
|-heal|p1a: Gliscor|42/100 tox|[from] ability: Poison Heal
|upkeep
|turn|5
|
|t:|1757948080
|switch|p1a: Alomomola|Alomomola, M|100/100
|move|p2a: Diancie|Meteor Beam|p1a: Alomomola|[from] lockedmove
|-damage|p1a: Alomomola|0 fnt
|faint|p1a: Alomomola
|
|-fieldend|move: Trick Room
|upkeep
|
|t:|1757948089
|switch|p1a: Blaziken|Blaziken, M|100/100
|turn|6
|
|t:|1757948096
|-terastallize|p1a: Blaziken|Fighting
|move|p1a: Blaziken|Close Combat|p2a: Diancie
|-damage|p2a: Diancie|21/100
|-unboost|p1a: Blaziken|def|1
|-unboost|p1a: Blaziken|spd|1
|move|p2a: Diancie|Trick Room|p2a: Diancie
|-fieldstart|move: Trick Room|[of] p2a: Diancie
|
|-ability|p1a: Blaziken|Speed Boost|boost
|-boost|p1a: Blaziken|spe|1
|upkeep
|turn|7
|
|t:|1757948116
|switch|p1a: Iron Treads|Iron Treads|100/100
|-enditem|p1a: Iron Treads|Booster Energy
|-activate|p1a: Iron Treads|ability: Quark Drive|[fromitem]
|-start|p1a: Iron Treads|quarkdrivespe
|move|p2a: Diancie|Draining Kiss|p1a: Iron Treads
|-resisted|p1a: Iron Treads
|-damage|p1a: Iron Treads|66/100
|-heal|p2a: Diancie|56/100|[from] drain|[of] p1a: Iron Treads
|
|upkeep
|turn|8
|
|t:|1757948130
|move|p2a: Diancie|Earth Power|p1a: Iron Treads
|-supereffective|p1a: Iron Treads
|-damage|p1a: Iron Treads|0 fnt
|faint|p1a: Iron Treads
|-end|p1a: Iron Treads|Quark Drive|[silent]
|
|upkeep
|
|t:|1757948136
|switch|p1a: Gliscor|Gliscor, F|42/100 tox
|turn|9
|
|t:|1757948140
|move|p1a: Gliscor|Protect|p1a: Gliscor
|-singleturn|p1a: Gliscor|Protect
|move|p2a: Diancie|Draining Kiss|p1a: Gliscor
|-activate|p1a: Gliscor|move: Protect
|
|-heal|p1a: Gliscor|55/100 tox|[from] ability: Poison Heal
|upkeep
|turn|10
|
|t:|1757948150
|move|p1a: Gliscor|Protect|p1a: Gliscor
|-singleturn|p1a: Gliscor|Protect
|move|p2a: Diancie|Draining Kiss|p1a: Gliscor
|-activate|p1a: Gliscor|move: Protect
|
|-heal|p1a: Gliscor|67/100 tox|[from] ability: Poison Heal
|-fieldend|move: Trick Room
|upkeep
|turn|11
|
|t:|1757948163
|-terastallize|p2a: Diancie|Ground
|move|p1a: Gliscor|Facade|p2a: Diancie
|-damage|p2a: Diancie|28/100
|move|p2a: Diancie|Trick Room|p2a: Diancie
|-fieldstart|move: Trick Room|[of] p2a: Diancie
|
|-heal|p1a: Gliscor|80/100 tox|[from] ability: Poison Heal
|upkeep
|turn|12
|
|t:|1757948173
|move|p2a: Diancie|Draining Kiss|p1a: Gliscor
|-damage|p1a: Gliscor|35/100 tox
|-heal|p2a: Diancie|77/100|[from] drain|[of] p1a: Gliscor
|move|p1a: Gliscor|Knock Off|p2a: Diancie
|-damage|p2a: Diancie|64/100
|
|-heal|p1a: Gliscor|48/100 tox|[from] ability: Poison Heal
|upkeep
|turn|13
|-message|AlitaRevolt forfeited.
|
|win|smurtgurt
|raw|AlitaRevolt's rating: 1302 &rarr; <strong>1281</strong><br />(-21 for losing)
|raw|smurtgurt's rating: 1291 &rarr; <strong>1317</strong><br />(+26 for winning)
|l|☆AlitaRevolt
|player|p1|
|l|☆smurtgurt
|player|p2|
