|j|☆leezee-yy
|j|☆models&baddies
|t:|1757921106
|gametype|singles
|player|p1|leezee-yy|steven|1521
|player|p2|models&baddies|benga|1483
|gen|9
|tier|[Gen 9] OU
|rated|
|rule|HP Percentage Mod: HP is shown in percentages
|rule|Endless Battle Clause: Forcing endless battles is banned
|rule|Species Clause: Limit one of each Pokémon
|rule|OHKO Clause: OHKO moves are banned
|rule|Evasion Items Clause: Evasion items are banned
|rule|Evasion Moves Clause: Evasion moves are banned
|rule|Evasion Abilities Clause: Evasion abilities are banned
|rule|Sleep Moves Clause: Sleep-inducing moves are banned
|clearpoke
|poke|p1|Zapdos|
|poke|p1|Gengar, M|
|poke|p1|Metagross|
|poke|p1|Conkeldurr, M|
|poke|p1|Meowscarada, F|
|poke|p1|Zamazenta-*|
|poke|p2|Rillaboom, M|
|poke|p2|Salazzle, F|
|poke|p2|Latias, F|
|poke|p2|Espeon, F|
|poke|p2|Milotic, F|
|poke|p2|Hitmontop, M|
|teampreview
|inactive|Battle timer is ON: inactive players will automatically lose when time's up. (requested by leezee-yy)
|
|t:|1757921132
|teamsize|p1|6
|teamsize|p2|6
|start
|switch|p1a: Meowscarada|Meowscarada, F|100/100
|switch|p2a: Latias|Latias, F|100/100
|turn|1
|
|t:|1757921152
|move|p2a: Latias|Thunder Wave|p1a: Meowscarada
|-status|p1a: Meowscarada|par
|move|p1a: Meowscarada|U-turn|p2a: Latias
|-start|p1a: Meowscarada|typechange|Bug|[from] ability: Protean
|-supereffective|p2a: Latias
|-damage|p2a: Latias|0 fnt
|faint|p2a: Latias
|
|t:|1757921166
|switch|p1a: Gengar|Gengar, M|100/100|[from] U-turn
|
|upkeep
|
|t:|1757921173
|switch|p2a: Salazzle|Salazzle, F|100/100
|turn|2
|inactive|leezee-yy has 120 seconds left.
|
|t:|1757921199
|move|p2a: Salazzle|Toxic|p1a: Gengar
|-status|p1a: Gengar|tox
|move|p1a: Gengar|Shadow Ball|p2a: Salazzle
|-crit|p2a: Salazzle
|-damage|p2a: Salazzle|3/100
|
|-heal|p2a: Salazzle|9/100|[from] item: Leftovers
|-damage|p1a: Gengar|94/100 tox|[from] psn
|upkeep
|turn|3
|l|☆models&baddies
|inactive|models&baddies disconnected and has a minute to reconnect!
|player|p2|
|j|☆models&baddies
|inactive|models&baddies reconnected and has 140 seconds left.
|player|p2|models&baddies|benga|
|
|t:|1757921217
|move|p2a: Salazzle|Protect|p2a: Salazzle
|-singleturn|p2a: Salazzle|Protect
|move|p1a: Gengar|Shadow Ball|p2a: Salazzle
|-activate|p2a: Salazzle|move: Protect
|
|-heal|p2a: Salazzle|16/100|[from] item: Leftovers
|-damage|p1a: Gengar|82/100 tox|[from] psn
|upkeep
|turn|4
|
|t:|1757921228
|switch|p2a: Milotic|Milotic, F|100/100
|move|p1a: Gengar|Shadow Ball|p2a: Milotic
|-damage|p2a: Milotic|77/100
|
|-heal|p2a: Milotic|83/100|[from] item: Leftovers
|-damage|p1a: Gengar|64/100 tox|[from] psn
|upkeep
|turn|5
|
|t:|1757921241
|move|p1a: Gengar|Sludge Bomb|p2a: Milotic
|-damage|p2a: Milotic|57/100
|move|p2a: Milotic|Ice Beam|p1a: Gengar
|-crit|p1a: Gengar
|-damage|p1a: Gengar|13/100 tox
|-start|p2a: Milotic|Disable|Ice Beam|[from] ability: Cursed Body|[of] p1a: Gengar
|
|-heal|p2a: Milotic|63/100|[from] item: Leftovers
|-damage|p1a: Gengar|0 fnt|[from] psn
|faint|p1a: Gengar
|upkeep
|
|t:|1757921258
|switch|p1a: Meowscarada|Meowscarada, F|100/100 par
|turn|6
|
|t:|1757921265
|switch|p2a: Hitmontop|Hitmontop, M|100/100
|move|p1a: Meowscarada|U-turn|p2a: Hitmontop
|-start|p1a: Meowscarada|typechange|Bug|[from] ability: Protean
|-resisted|p2a: Hitmontop
|-damage|p2a: Hitmontop|72/100
|
|t:|1757921274
|switch|p1a: Metagross|Metagross|100/100|[from] U-turn
|
|upkeep
|turn|7
|
|t:|1757921283
|move|p2a: Hitmontop|Sucker Punch|p1a: Metagross
|-supereffective|p1a: Metagross
|-damage|p1a: Metagross|65/100
|move|p1a: Metagross|Psychic Fangs|p2a: Hitmontop
|-supereffective|p2a: Hitmontop
|-damage|p2a: Hitmontop|0 fnt
|faint|p2a: Hitmontop
|
|-heal|p1a: Metagross|71/100|[from] item: Leftovers
|upkeep
|
|t:|1757921306
|switch|p2a: Rillaboom|Rillaboom, M|100/100
|-fieldstart|move: Grassy Terrain|[from] ability: Grassy Surge|[of] p2a: Rillaboom
|turn|8
|
|t:|1757921319
|switch|p1a: Zapdos|Zapdos|100/100
|move|p2a: Rillaboom|Knock Off|p1a: Zapdos
|-damage|p1a: Zapdos|76/100
|-damage|p2a: Rillaboom|84/100|[from] item: Rocky Helmet|[of] p1a: Zapdos
|-status|p2a: Rillaboom|par|[from] ability: Static|[of] p1a: Zapdos
|-enditem|p1a: Zapdos|Rocky Helmet|[from] move: Knock Off|[of] p2a: Rillaboom
|
|-heal|p2a: Rillaboom|90/100 par|[from] Grassy Terrain
|upkeep
|turn|9
|
|t:|1757921346
|switch|p2a: Salazzle|Salazzle, F|16/100
|move|p1a: Zapdos|U-turn|p2a: Salazzle
|-resisted|p2a: Salazzle
|-damage|p2a: Salazzle|10/100
|inactive|leezee-yy has 120 seconds left.
|l|☆models&baddies
|inactive|models&baddies disconnected and has a minute to reconnect!
|player|p2|
|
|t:|1757921372
|switch|p1a: Metagross|Metagross|71/100|[from] U-turn
|
|-heal|p2a: Salazzle|16/100|[from] Grassy Terrain
|-heal|p2a: Salazzle|22/100|[from] item: Leftovers
|-heal|p1a: Metagross|77/100|[from] Grassy Terrain
|-heal|p1a: Metagross|83/100|[from] item: Leftovers
|upkeep
|turn|10
|j|☆models&baddies
|inactive|models&baddies reconnected and has 150 seconds left.
|player|p2|models&baddies|benga|
|
|t:|1757921380
|move|p2a: Salazzle|Protect|p2a: Salazzle
|-singleturn|p2a: Salazzle|Protect
|move|p1a: Metagross|Psychic Fangs|p2a: Salazzle
|-activate|p2a: Salazzle|move: Protect
|
|-heal|p2a: Salazzle|29/100|[from] Grassy Terrain
|-heal|p2a: Salazzle|35/100|[from] item: Leftovers
|-heal|p1a: Metagross|90/100|[from] Grassy Terrain
|-heal|p1a: Metagross|96/100|[from] item: Leftovers
|upkeep
|turn|11
|inactive|leezee-yy has 120 seconds left.
|
|t:|1757921390
|move|p2a: Salazzle|Toxic|p1a: Metagross
|-status|p1a: Metagross|tox
|move|p1a: Metagross|Psychic Fangs|p2a: Salazzle
|-supereffective|p2a: Salazzle
|-damage|p2a: Salazzle|0 fnt
|faint|p2a: Salazzle
|
|-heal|p1a: Metagross|100/100 tox|[from] Grassy Terrain
|-damage|p1a: Metagross|94/100 tox|[from] psn
|upkeep
|
|t:|1757921393
|switch|p2a: Milotic|Milotic, F|63/100
|turn|12
|
|t:|1757921396
|move|p2a: Milotic|Recover|p2a: Milotic
|-heal|p2a: Milotic|100/100
|move|p1a: Metagross|Knock Off|p2a: Milotic
|-damage|p2a: Milotic|63/100
|-enditem|p2a: Milotic|Leftovers|[from] move: Knock Off|[of] p1a: Metagross
|
|-heal|p2a: Milotic|69/100|[from] Grassy Terrain
|-heal|p1a: Metagross|100/100 tox|[from] Grassy Terrain
|-damage|p1a: Metagross|88/100 tox|[from] psn
|upkeep
|turn|13
|
|t:|1757921409
|switch|p1a: Zamazenta|Zamazenta|100/100
|-ability|p1a: Zamazenta|Dauntless Shield|boost
|-boost|p1a: Zamazenta|def|1
|move|p2a: Milotic|Scald|p1a: Zamazenta
|-damage|p1a: Zamazenta|84/100
|-status|p1a: Zamazenta|brn
|
|-heal|p1a: Zamazenta|90/100 brn|[from] Grassy Terrain
|-heal|p2a: Milotic|75/100|[from] Grassy Terrain
|-damage|p1a: Zamazenta|84/100 brn|[from] brn
|upkeep
|turn|14
|inactive|leezee-yy has 120 seconds left.
|
|t:|1757921434
|move|p1a: Zamazenta|Close Combat|p2a: Milotic
|-damage|p2a: Milotic|43/100
|-unboost|p1a: Zamazenta|def|1
|-unboost|p1a: Zamazenta|spd|1
|move|p2a: Milotic|Scald|p1a: Zamazenta
|-damage|p1a: Zamazenta|58/100 brn
|
|-heal|p1a: Zamazenta|64/100 brn|[from] Grassy Terrain
|-heal|p2a: Milotic|49/100|[from] Grassy Terrain
|-damage|p1a: Zamazenta|58/100 brn|[from] brn
|upkeep
|turn|15
|
|t:|1757921438
|move|p1a: Zamazenta|Close Combat|p2a: Milotic
|-damage|p2a: Milotic|20/100
|-unboost|p1a: Zamazenta|def|1
|-unboost|p1a: Zamazenta|spd|1
|move|p2a: Milotic|Recover|p2a: Milotic
|-heal|p2a: Milotic|70/100
|
|-heal|p1a: Zamazenta|64/100 brn|[from] Grassy Terrain
|-heal|p2a: Milotic|76/100|[from] Grassy Terrain
|-damage|p1a: Zamazenta|58/100 brn|[from] brn
|-fieldend|move: Grassy Terrain
|upkeep
|turn|16
|
|t:|1757921444
|move|p1a: Zamazenta|Close Combat|p2a: Milotic
|-damage|p2a: Milotic|43/100
|-unboost|p1a: Zamazenta|def|1
|-unboost|p1a: Zamazenta|spd|1
|move|p2a: Milotic|Recover|p2a: Milotic
|-heal|p2a: Milotic|93/100
|
|-damage|p1a: Zamazenta|52/100 brn|[from] brn
|upkeep
|turn|17
|
|t:|1757921451
|switch|p1a: Meowscarada|Meowscarada, F|100/100 par
|switch|p2a: Rillaboom|Rillaboom, M|90/100 par
|-fieldstart|move: Grassy Terrain|[from] ability: Grassy Surge|[of] p2a: Rillaboom
|
|-heal|p2a: Rillaboom|96/100 par|[from] Grassy Terrain
|upkeep
|turn|18
|
|t:|1757921454
|move|p1a: Meowscarada|U-turn|p2a: Rillaboom
|-start|p1a: Meowscarada|typechange|Bug|[from] ability: Protean
|-supereffective|p2a: Rillaboom
|-damage|p2a: Rillaboom|6/100 par
|
|t:|1757921459
|switch|p1a: Zapdos|Zapdos|76/100|[from] U-turn
|move|p2a: Rillaboom|U-turn|p1a: Zapdos
|-resisted|p1a: Zapdos
|-damage|p1a: Zapdos|66/100
|
|t:|1757921465
|switch|p2a: Milotic|Milotic, F|93/100|[from] U-turn
|
|-heal|p2a: Milotic|99/100|[from] Grassy Terrain
|upkeep
|turn|19
|
|t:|1757921477
|-terastallize|p1a: Zapdos|Poison
|move|p1a: Zapdos|Discharge|p2a: Milotic
|-supereffective|p2a: Milotic
|-damage|p2a: Milotic|62/100
|move|p2a: Milotic|Mirror Coat|p1a: Zapdos
|-damage|p1a: Zapdos|0 fnt
|faint|p1a: Zapdos
|
|-heal|p2a: Milotic|68/100|[from] Grassy Terrain
|upkeep
|
|t:|1757921483
|switch|p1a: Meowscarada|Meowscarada, F|100/100 par
|turn|20
|
|t:|1757921488
|move|p2a: Milotic|Ice Beam|p1a: Meowscarada
|-supereffective|p1a: Meowscarada
|-damage|p1a: Meowscarada|38/100 par
|move|p1a: Meowscarada|Flower Trick|p2a: Milotic
|-start|p1a: Meowscarada|typechange|Grass|[from] ability: Protean
|-supereffective|p2a: Milotic
|-crit|p2a: Milotic
|-damage|p2a: Milotic|0 fnt
|faint|p2a: Milotic
|
|-heal|p1a: Meowscarada|44/100 par|[from] Grassy Terrain
|upkeep
|
|t:|1757921496
|switch|p2a: Espeon|Espeon, F|100/100
|-enditem|p2a: Espeon|Grassy Seed
|-boost|p2a: Espeon|def|1|[from] item: Grassy Seed
|turn|21
|
|t:|1757921503
|move|p2a: Espeon|Calm Mind|p2a: Espeon
|-boost|p2a: Espeon|spa|1
|-boost|p2a: Espeon|spd|1
|move|p1a: Meowscarada|Flower Trick|p2a: Espeon
|-crit|p2a: Espeon
|-damage|p2a: Espeon|0 fnt
|faint|p2a: Espeon
|
|-heal|p1a: Meowscarada|50/100 par|[from] Grassy Terrain
|upkeep
|-message|models&baddies forfeited.
|
|win|leezee-yy
|raw|leezee-yy's rating: 1521 &rarr; <strong>1539</strong><br />(+18 for winning)
|raw|models&amp;baddies's rating: 1483 &rarr; <strong>1465</strong><br />(-18 for losing)
|l|☆models&baddies
|player|p2|
