|j|☆Crapson Pollock
|j|☆Passerby bye
|t:|1757947525
|gametype|singles
|player|p1|Crapson Pollock|artist|1426
|player|p2|Passerby bye|cyclist|1430
|gen|9
|tier|[Gen 9] OU
|rated|
|rule|HP Percentage Mod: HP is shown in percentages
|rule|Endless Battle Clause: Forcing endless battles is banned
|rule|Species Clause: Limit one of each Pokémon
|rule|OHKO Clause: OHKO moves are banned
|rule|Evasion Items Clause: Evasion items are banned
|rule|Evasion Moves Clause: Evasion moves are banned
|rule|Evasion Abilities Clause: Evasion abilities are banned
|rule|Sleep Moves Clause: Sleep-inducing moves are banned
|clearpoke
|poke|p1|Hatterene, F|
|poke|p1|Iron Hands|
|poke|p1|Ursaluna, M|
|poke|p1|Volcanion|
|poke|p1|Cresselia, F|
|poke|p1|Porygon2|
|poke|p2|Magnezone|
|poke|p2|Vileplume, F|
|poke|p2|Gyarados, M|
|poke|p2|Houndoom, F|
|poke|p2|Mamoswine, M|
|poke|p2|Azumarill, F|
|teampreview
|
|t:|1757947553
|teamsize|p1|6
|teamsize|p2|6
|start
|switch|p1a: Ursaluna|Ursaluna, M|100/100
|switch|p2a: Legend Pkmn sucks|Magnezone|100/100
|turn|1
|
|t:|1757947565
|switch|p2a: BST＞540 Pkmn sucks|Gyarados, M, shiny|100/100
|-ability|p2a: BST＞540 Pkmn sucks|Intimidate|boost
|-unboost|p1a: Ursaluna|atk|1
|move|p1a: Ursaluna|Protect||[still]
|-fail|p1a: Ursaluna
|
|-status|p1a: Ursaluna|brn|[from] item: Flame Orb
|upkeep
|turn|2
|
|t:|1757947575
|-terastallize|p1a: Ursaluna|Normal
|move|p2a: BST＞540 Pkmn sucks|Waterfall|p1a: Ursaluna
|-damage|p1a: Ursaluna|69/100 brn
|move|p1a: Ursaluna|Facade|p2a: BST＞540 Pkmn sucks
|-damage|p2a: BST＞540 Pkmn sucks|0 fnt
|faint|p2a: BST＞540 Pkmn sucks
|
|-damage|p1a: Ursaluna|63/100 brn|[from] brn
|upkeep
|
|t:|1757947588
|switch|p2a: Ordinary Pkmn only|Vileplume, F|100/100
|turn|3
|
|t:|1757947597
|switch|p1a: Porygon2|Porygon2|100/100
|-ability|p1a: Porygon2|Download|boost
|-boost|p1a: Porygon2|spa|1
|move|p2a: Ordinary Pkmn only|Strength Sap|p1a: Porygon2
|-unboost|p1a: Porygon2|atk|1
|
|upkeep
|turn|4
|
|t:|1757947606
|switch|p2a: Sample Team sucks|Azumarill, F|100/100
|move|p1a: Porygon2|Trick Room|p1a: Porygon2
|-fieldstart|move: Trick Room|[of] p1a: Porygon2
|
|upkeep
|turn|5
|
|t:|1757947635
|switch|p1a: Volcanion|Volcanion|100/100
|move|p2a: Sample Team sucks|Knock Off|p1a: Volcanion
|-damage|p1a: Volcanion|68/100
|-enditem|p1a: Volcanion|Choice Specs|[from] move: Knock Off|[of] p2a: Sample Team sucks
|
|upkeep
|turn|6
|inactive|Battle timer is ON: inactive players will automatically lose when time's up. (requested by Crapson Pollock)
|
|t:|1757947654
|switch|p2a: Legend Pkmn sucks|Magnezone|100/100
|move|p1a: Volcanion|Sludge Bomb|p2a: Legend Pkmn sucks
|-immune|p2a: Legend Pkmn sucks
|
|upkeep
|turn|7
|
|t:|1757947661
|move|p1a: Volcanion|Fire Blast|p2a: Legend Pkmn sucks
|-supereffective|p2a: Legend Pkmn sucks
|-damage|p2a: Legend Pkmn sucks|0 fnt
|faint|p2a: Legend Pkmn sucks
|
|upkeep
|
|t:|1757947666
|switch|p2a: Terrain Team sucks|Mamoswine, M|100/100
|turn|8
|
|t:|1757947675
|switch|p1a: Cresselia|Cresselia, F|100/100
|move|p2a: Terrain Team sucks|High Horsepower|p1a: Cresselia
|-immune|p1a: Cresselia|[from] ability: Levitate
|
|-fieldend|move: Trick Room
|upkeep
|turn|9
|
|t:|1757947688
|switch|p2a: Weather Team sucks|Houndoom, F|100/100
|move|p1a: Cresselia|Trick Room|p1a: Cresselia
|-fieldstart|move: Trick Room|[of] p1a: Cresselia
|
|upkeep
|turn|10
|
|t:|1757947697
|move|p1a: Cresselia|Lunar Dance|p1a: Cresselia
|faint|p1a: Cresselia
|move|p2a: Weather Team sucks|Nasty Plot|p2a: Weather Team sucks
|-boost|p2a: Weather Team sucks|spa|2
|
|upkeep
|
|t:|1757947708
|switch|p1a: Ursaluna|Ursaluna, M, tera:Normal|63/100 brn
|-heal|p1a: Ursaluna|100/100|[from] move: Lunar Dance
|turn|11
|
|t:|1757947730
|-terastallize|p2a: Weather Team sucks|Ghost
|move|p1a: Ursaluna|Protect|p1a: Ursaluna
|-singleturn|p1a: Ursaluna|Protect
|move|p2a: Weather Team sucks|Fire Blast|p1a: Ursaluna
|-activate|p1a: Ursaluna|move: Protect
|
|-status|p1a: Ursaluna|brn|[from] item: Flame Orb
|upkeep
|turn|12
|
|t:|1757947735
|move|p1a: Ursaluna|Headlong Rush|p2a: Weather Team sucks
|-damage|p2a: Weather Team sucks|0 fnt
|-unboost|p1a: Ursaluna|def|1
|-unboost|p1a: Ursaluna|spd|1
|faint|p2a: Weather Team sucks
|
|-damage|p1a: Ursaluna|94/100 brn|[from] brn
|upkeep
|inactive|Passerby bye has 120 seconds left.
|inactive|Passerby bye has 90 seconds left.
|c|☆Passerby bye|wish you got high point with this team.
|c|☆Passerby bye|enjoy yourself
|c|☆Crapson Pollock|?
|-message|Passerby bye forfeited.
|
|win|Crapson Pollock
|raw|Crapson Pollock's rating: 1426 &rarr; <strong>1446</strong><br />(+20 for winning)
|raw|Passerby bye's rating: 1430 &rarr; <strong>1410</strong><br />(-20 for losing)
|l|☆Passerby bye
|player|p2|
|l|☆Crapson Pollock
|player|p1|
