|j|☆roi_gluant
|j|☆THRZ_Butter
|t:|1757911664
|gametype|singles
|player|p1|roi_gluant|plasmagrunt-gen5bw|1400
|player|p2|THRZ_Butter|janitor|1377
|gen|9
|tier|[Gen 9] OU
|rated|
|rule|HP Percentage Mod: HP is shown in percentages
|rule|Endless Battle Clause: Forcing endless battles is banned
|rule|Species Clause: Limit one of each Pokémon
|rule|OHKO Clause: OHKO moves are banned
|rule|Evasion Items Clause: Evasion items are banned
|rule|Evasion Moves Clause: Evasion moves are banned
|rule|Evasion Abilities Clause: Evasion abilities are banned
|rule|Sleep Moves Clause: Sleep-inducing moves are banned
|clearpoke
|poke|p1|Alomomola, M|
|poke|p1|Great Tusk|
|poke|p1|Raging Bolt|
|poke|p1|Slowking-Galar, F|
|poke|p1|Ogerpon-Wellspring, F|
|poke|p1|Metagross|
|poke|p2|Alomomola, F|
|poke|p2|Gliscor, M|
|poke|p2|Pecharunt|
|poke|p2|Gholdengo|
|poke|p2|Weavile, F|
|poke|p2|Great Tusk|
|teampreview
|
|t:|1757911670
|teamsize|p1|6
|teamsize|p2|6
|start
|switch|p1a: Great Tusk|Great Tusk|100/100
|switch|p2a: Gliscor|Gliscor, M|100/100
|turn|1
|inactive|Battle timer is ON: inactive players will automatically lose when time's up. (requested by roi_gluant)
|
|t:|1757911676
|move|p2a: Gliscor|Knock Off|p1a: Great Tusk
|-resisted|p1a: Great Tusk
|-damage|p1a: Great Tusk|93/100
|-enditem|p1a: Great Tusk|Leftovers|[from] move: Knock Off|[of] p2a: Gliscor
|move|p1a: Great Tusk|Knock Off|p2a: Gliscor
|-damage|p2a: Gliscor|79/100
|-enditem|p2a: Gliscor|Toxic Orb|[from] move: Knock Off|[of] p1a: Great Tusk
|
|upkeep
|turn|2
|
|t:|1757911684
|move|p2a: Gliscor|Toxic|p1a: Great Tusk
|-status|p1a: Great Tusk|tox
|move|p1a: Great Tusk|Stealth Rock|p2a: Gliscor
|-sidestart|p2: THRZ_Butter|move: Stealth Rock
|
|-damage|p1a: Great Tusk|86/100 tox|[from] psn
|upkeep
|turn|3
|
|t:|1757911708
|-end|p1a: Great Tusk|Protosynthesis|[silent]
|switch|p1a: Ogerpon|Ogerpon-Wellspring, F|100/100
|move|p2a: Gliscor|Spikes|p1a: Ogerpon
|-sidestart|p1: roi_gluant|Spikes
|
|upkeep
|turn|4
|
|t:|1757911713
|move|p1a: Ogerpon|Swords Dance|p1a: Ogerpon
|-boost|p1a: Ogerpon|atk|2
|move|p2a: Gliscor|Toxic|p1a: Ogerpon
|-status|p1a: Ogerpon|tox
|
|-damage|p1a: Ogerpon|95/100 tox|[from] psn
|upkeep
|turn|5
|
|t:|1757911721
|move|p2a: Gliscor|Protect|p2a: Gliscor
|-singleturn|p2a: Gliscor|Protect
|move|p1a: Ogerpon|Ivy Cudgel|p2a: Gliscor|[anim] Ivy Cudgel Water
|-activate|p2a: Gliscor|move: Protect
|
|-damage|p1a: Ogerpon|83/100 tox|[from] psn
|upkeep
|turn|6
|
|t:|1757911732
|move|p1a: Ogerpon|Ivy Cudgel|p2a: Gliscor|[anim] Ivy Cudgel Water
|-supereffective|p2a: Gliscor
|-damage|p2a: Gliscor|0 fnt
|faint|p2a: Gliscor
|
|-damage|p1a: Ogerpon|65/100 tox|[from] psn
|upkeep
|
|t:|1757911736
|switch|p2a: Weavile|Weavile, F|100/100
|-ability|p2a: Weavile|Pressure
|turn|7
|
|t:|1757911745
|switch|p1a: Alomomola|Alomomola, M|100/100
|move|p2a: Weavile|Triple Axel|p1a: Alomomola
|-resisted|p1a: Alomomola
|-damage|p1a: Alomomola|98/100
|-resisted|p1a: Alomomola
|-damage|p1a: Alomomola|92/100
|-resisted|p1a: Alomomola
|-damage|p1a: Alomomola|84/100
|-hitcount|p1a: Alomomola|3
|
|upkeep
|turn|8
|
|t:|1757911756
|switch|p2a: Alomomola|Alomomola, F|100/100
|-damage|p2a: Alomomola|88/100|[from] Stealth Rock
|move|p1a: Alomomola|Scald|p2a: Alomomola
|-resisted|p2a: Alomomola
|-damage|p2a: Alomomola|85/100
|
|upkeep
|turn|9
|
|t:|1757911765
|move|p1a: Alomomola|Flip Turn|p2a: Alomomola
|-resisted|p2a: Alomomola
|-damage|p2a: Alomomola|79/100
|
|t:|1757911768
|switch|p1a: Great Tusk|Great Tusk|86/100 tox|[from] Flip Turn
|-damage|p1a: Great Tusk|74/100 tox|[from] Spikes
|move|p2a: Alomomola|Flip Turn|p1a: Great Tusk
|-supereffective|p1a: Great Tusk
|-crit|p1a: Great Tusk
|-damage|p1a: Great Tusk|35/100 tox
|
|t:|1757911792
|switch|p2a: Pecharunt|Pecharunt|100/100|[from] Flip Turn
|
|-damage|p1a: Great Tusk|29/100 tox|[from] psn
|upkeep
|turn|10
|
|t:|1757911800
|move|p2a: Pecharunt|Hex|p1a: Great Tusk
|-damage|p1a: Great Tusk|0 fnt
|faint|p1a: Great Tusk
|-end|p1a: Great Tusk|Protosynthesis|[silent]
|
|upkeep
|
|t:|1757911807
|switch|p1a: Slowking|Slowking-Galar, F|100/100
|turn|11
|
|t:|1757911812
|move|p2a: Pecharunt|Parting Shot|p1a: Slowking
|-unboost|p1a: Slowking|atk|1
|-unboost|p1a: Slowking|spa|1
|
|t:|1757911814
|switch|p2a: Alomomola|Alomomola, F|100/100|[from] Parting Shot
|-damage|p2a: Alomomola|88/100|[from] Stealth Rock
|move|p1a: Slowking|Future Sight|p2a: Alomomola
|-start|p1a: Slowking|move: Future Sight
|
|upkeep
|turn|12
|
|t:|1757911833
|move|p2a: Alomomola|Scald|p1a: Slowking
|-damage|p1a: Slowking|91/100
|-prepare|p1a: Slowking|Chilly Reception|[premajor]
|move|p1a: Slowking|Chilly Reception|p1a: Slowking
|-weather|Snowscape
|
|t:|1757911840
|switch|p1a: Ogerpon|Ogerpon-Wellspring, F|65/100 tox|[from] Chilly Reception
|-damage|p1a: Ogerpon|52/100 tox|[from] Spikes
|
|-weather|Snowscape|[upkeep]
|-damage|p1a: Ogerpon|46/100 tox|[from] psn
|upkeep
|turn|13
|
|t:|1757911849
|move|p1a: Ogerpon|Swords Dance|p1a: Ogerpon
|-boost|p1a: Ogerpon|atk|2
|move|p2a: Alomomola|Body Slam|p1a: Ogerpon
|-damage|p1a: Ogerpon|28/100 tox
|
|-weather|Snowscape|[upkeep]
|-end|p2a: Alomomola|move: Future Sight
|-damage|p2a: Alomomola|63/100
|-damage|p1a: Ogerpon|16/100 tox|[from] psn
|upkeep
|turn|14
|
|t:|1757911860
|switch|p2a: Pecharunt|Pecharunt|100/100
|move|p1a: Ogerpon|Horn Leech|p2a: Pecharunt
|-resisted|p2a: Pecharunt
|-damage|p2a: Pecharunt|75/100
|-heal|p1a: Ogerpon|32/100 tox|[from] drain|[of] p2a: Pecharunt
|
|-weather|Snowscape|[upkeep]
|-damage|p1a: Ogerpon|14/100 tox|[from] psn
|upkeep
|turn|15
|
|t:|1757911871
|switch|p2a: Alomomola|Alomomola, F|96/100
|-damage|p2a: Alomomola|83/100|[from] Stealth Rock
|move|p1a: Ogerpon|Ivy Cudgel|p2a: Alomomola|[anim] Ivy Cudgel Water
|-resisted|p2a: Alomomola
|-damage|p2a: Alomomola|47/100
|
|-weather|Snowscape|[upkeep]
|-damage|p1a: Ogerpon|0 fnt|[from] psn
|faint|p1a: Ogerpon
|upkeep
|
|t:|1757911881
|switch|p1a: Raging Bolt|Raging Bolt|100/100
|-damage|p1a: Raging Bolt|88/100|[from] Spikes
|turn|16
|
|t:|1757911893
|move|p1a: Raging Bolt|Dragon Pulse|p2a: Alomomola
|-damage|p2a: Alomomola|20/100
|move|p2a: Alomomola|Flip Turn|p1a: Raging Bolt
|-resisted|p1a: Raging Bolt
|-damage|p1a: Raging Bolt|82/100
|
|t:|1757911896
|switch|p2a: Great Tusk|Great Tusk|100/100|[from] Flip Turn
|-damage|p2a: Great Tusk|98/100|[from] Stealth Rock
|
|-weather|none
|-heal|p1a: Raging Bolt|88/100|[from] item: Leftovers
|upkeep
|turn|17
|
|t:|1757911906
|-end|p1a: Raging Bolt|Protosynthesis|[silent]
|switch|p1a: Alomomola|Alomomola, M|100/100
|move|p2a: Great Tusk|Headlong Rush|p1a: Alomomola
|-crit|p1a: Alomomola
|-damage|p1a: Alomomola|61/100
|-unboost|p2a: Great Tusk|def|1
|-unboost|p2a: Great Tusk|spd|1
|
|upkeep
|turn|18
|
|t:|1757911917
|-end|p2a: Great Tusk|Protosynthesis|[silent]
|switch|p2a: Alomomola|Alomomola, F|53/100
|-damage|p2a: Alomomola|41/100|[from] Stealth Rock
|move|p1a: Alomomola|Scald|p2a: Alomomola
|-resisted|p2a: Alomomola
|-damage|p2a: Alomomola|37/100
|-status|p2a: Alomomola|brn
|
|-damage|p2a: Alomomola|31/100 brn|[from] brn
|upkeep
|turn|19
|
|t:|1757911929
|move|p1a: Alomomola|Flip Turn|p2a: Alomomola
|-resisted|p2a: Alomomola
|-damage|p2a: Alomomola|25/100 brn
|
|t:|1757911932
|switch|p1a: Raging Bolt|Raging Bolt|88/100|[from] Flip Turn
|-damage|p1a: Raging Bolt|76/100|[from] Spikes
|move|p2a: Alomomola|Flip Turn|p1a: Raging Bolt
|-resisted|p1a: Raging Bolt
|-damage|p1a: Raging Bolt|72/100
|
|t:|1757911939
|switch|p2a: Great Tusk|Great Tusk|98/100|[from] Flip Turn
|-damage|p2a: Great Tusk|95/100|[from] Stealth Rock
|
|-heal|p1a: Raging Bolt|78/100|[from] item: Leftovers
|upkeep
|turn|20
|
|t:|1757911947
|move|p2a: Great Tusk|Rapid Spin|p1a: Raging Bolt
|-damage|p1a: Raging Bolt|67/100
|-boost|p2a: Great Tusk|spe|1
|-sideend|p2: THRZ_Butter|Stealth Rock|[from] move: Rapid Spin|[of] p2a: Great Tusk
|move|p1a: Raging Bolt|Dragon Pulse|p2a: Great Tusk
|-damage|p2a: Great Tusk|33/100
|
|-heal|p1a: Raging Bolt|73/100|[from] item: Leftovers
|upkeep
|turn|21
|
|t:|1757911956
|-end|p1a: Raging Bolt|Protosynthesis|[silent]
|switch|p1a: Alomomola|Alomomola, M|95/100
|move|p2a: Great Tusk|Headlong Rush|p1a: Alomomola
|-damage|p1a: Alomomola|67/100
|-unboost|p2a: Great Tusk|def|1
|-unboost|p2a: Great Tusk|spd|1
|
|upkeep
|turn|22
|
|t:|1757911964
|-end|p2a: Great Tusk|Protosynthesis|[silent]
|switch|p2a: Alomomola|Alomomola, F|59/100 brn
|move|p1a: Alomomola|Flip Turn|p2a: Alomomola
|-resisted|p2a: Alomomola
|-damage|p2a: Alomomola|53/100 brn
|
|t:|1757911970
|switch|p1a: Raging Bolt|Raging Bolt|73/100|[from] Flip Turn
|-damage|p1a: Raging Bolt|61/100|[from] Spikes
|
|-heal|p1a: Raging Bolt|67/100|[from] item: Leftovers
|-damage|p2a: Alomomola|47/100 brn|[from] brn
|upkeep
|turn|23
|
|t:|1757911978
|move|p1a: Raging Bolt|Thunderbolt|p2a: Alomomola
|-supereffective|p2a: Alomomola
|-damage|p2a: Alomomola|0 fnt
|faint|p2a: Alomomola
|
|-heal|p1a: Raging Bolt|73/100|[from] item: Leftovers
|upkeep
|
|t:|1757911981
|switch|p2a: Great Tusk|Great Tusk|33/100
|turn|24
|
|t:|1757911990
|-end|p2a: Great Tusk|Protosynthesis|[silent]
|switch|p2a: Gholdengo|Gholdengo|100/100
|-end|p1a: Raging Bolt|Protosynthesis|[silent]
|switch|p1a: Alomomola|Alomomola, M|100/100
|
|upkeep
|turn|25
|
|t:|1757911996
|move|p2a: Gholdengo|Shadow Ball|p1a: Alomomola
|-damage|p1a: Alomomola|21/100
|move|p1a: Alomomola|Flip Turn|p2a: Gholdengo
|-damage|p2a: Gholdengo|82/100
|
|t:|1757912004
|switch|p1a: Metagross|Metagross|100/100|[from] Flip Turn
|-damage|p1a: Metagross|88/100|[from] Spikes
|
|upkeep
|turn|26
|
|t:|1757912011
|move|p2a: Gholdengo|Shadow Ball|p1a: Metagross
|-supereffective|p1a: Metagross
|-damage|p1a: Metagross|0 fnt
|faint|p1a: Metagross
|
|upkeep
|
|t:|1757912018
|switch|p1a: Raging Bolt|Raging Bolt|73/100
|-damage|p1a: Raging Bolt|61/100|[from] Spikes
|turn|27
|
|t:|1757912025
|switch|p2a: Great Tusk|Great Tusk|33/100
|move|p1a: Raging Bolt|Thunderbolt|p2a: Great Tusk
|-immune|p2a: Great Tusk
|
|-heal|p1a: Raging Bolt|67/100|[from] item: Leftovers
|upkeep
|turn|28
|
|t:|1757912036
|-end|p2a: Great Tusk|Protosynthesis|[silent]
|switch|p2a: Gholdengo|Gholdengo|82/100
|move|p1a: Raging Bolt|Dragon Pulse|p2a: Gholdengo
|-resisted|p2a: Gholdengo
|-damage|p2a: Gholdengo|51/100
|
|-heal|p1a: Raging Bolt|73/100|[from] item: Leftovers
|upkeep
|turn|29
|
|t:|1757912044
|move|p2a: Gholdengo|Trick|p1a: Raging Bolt
|-activate|p2a: Gholdengo|move: Trick|[of] p1a: Raging Bolt
|-item|p1a: Raging Bolt|Choice Specs|[from] move: Trick
|-item|p2a: Gholdengo|Leftovers|[from] move: Trick
|move|p1a: Raging Bolt|Thunderbolt|p2a: Gholdengo
|-damage|p2a: Gholdengo|0 fnt
|faint|p2a: Gholdengo
|
|upkeep
|
|t:|1757912047
|switch|p2a: Great Tusk|Great Tusk|33/100
|turn|30
|
|t:|1757912056
|-end|p2a: Great Tusk|Protosynthesis|[silent]
|switch|p2a: Pecharunt|Pecharunt|75/100
|-end|p1a: Raging Bolt|Protosynthesis|[silent]
|switch|p1a: Alomomola|Alomomola, M|55/100
|
|upkeep
|turn|31
|
|t:|1757912062
|move|p2a: Pecharunt|Malignant Chain|p1a: Alomomola
|-damage|p1a: Alomomola|20/100
|-status|p1a: Alomomola|tox
|-start|p1a: Alomomola|confusion|[from] ability: Poison Puppeteer|[of] p2a: Pecharunt
|-activate|p1a: Alomomola|confusion
|move|p1a: Alomomola|Wish|p1a: Alomomola
|
|-damage|p1a: Alomomola|14/100 tox|[from] psn
|upkeep
|turn|32
|
|t:|1757912072
|-activate|p1a: Alomomola|confusion
|move|p1a: Alomomola|Protect|p1a: Alomomola
|-singleturn|p1a: Alomomola|Protect
|move|p2a: Pecharunt|Hex|p1a: Alomomola
|-activate|p1a: Alomomola|move: Protect
|
|-heal|p1a: Alomomola|64/100 tox|[from] move: Wish|[wisher] Alomomola
|-damage|p1a: Alomomola|52/100 tox|[from] psn
|upkeep
|turn|33
|
|t:|1757912083
|switch|p1a: Slowking|Slowking-Galar, F|100/100
|move|p2a: Pecharunt|Hex|p1a: Slowking
|-supereffective|p1a: Slowking
|-damage|p1a: Slowking|77/100
|
|upkeep
|turn|34
|
|t:|1757912090
|move|p2a: Pecharunt|Parting Shot|p1a: Slowking
|-unboost|p1a: Slowking|atk|1
|-unboost|p1a: Slowking|spa|1
|
|t:|1757912091
|switch|p2a: Weavile|Weavile, F|100/100|[from] Parting Shot
|-ability|p2a: Weavile|Pressure
|move|p1a: Slowking|Future Sight|p2a: Weavile
|-start|p1a: Slowking|move: Future Sight
|
|upkeep
|turn|35
|
|t:|1757912104
|-terastallize|p1a: Slowking|Dark
|move|p2a: Weavile|Swords Dance|p2a: Weavile
|-boost|p2a: Weavile|atk|2
|move|p1a: Slowking|Thunder Wave|p2a: Weavile
|-status|p2a: Weavile|par
|
|upkeep
|turn|36
|
|t:|1757912112
|move|p2a: Weavile|Triple Axel|p1a: Slowking
|-damage|p1a: Slowking|57/100
|-damage|p1a: Slowking|14/100
|-hitcount|p1a: Slowking|2
|move|p1a: Slowking|Sludge Bomb|p2a: Weavile
|-damage|p2a: Weavile|71/100 par
|
|-end|p2a: Weavile|move: Future Sight
|-immune|p2a: Weavile
|upkeep
|turn|37
|
|t:|1757912123
|move|p2a: Weavile|Knock Off|p1a: Slowking
|-resisted|p1a: Slowking
|-damage|p1a: Slowking|0 fnt
|-enditem|p1a: Slowking|Heavy-Duty Boots|[from] move: Knock Off|[of] p2a: Weavile
|faint|p1a: Slowking
|
|upkeep
|
|t:|1757912129
|switch|p1a: Raging Bolt|Raging Bolt|73/100
|-damage|p1a: Raging Bolt|61/100|[from] Spikes
|turn|38
|
|t:|1757912142
|move|p2a: Weavile|Ice Shard|p1a: Raging Bolt
|-supereffective|p1a: Raging Bolt
|-damage|p1a: Raging Bolt|0 fnt
|faint|p1a: Raging Bolt
|-end|p1a: Raging Bolt|Protosynthesis|[silent]
|
|upkeep
|-message|roi_gluant forfeited.
|
|win|THRZ_Butter
|raw|roi_gluant's rating: 1400 &rarr; <strong>1379</strong><br />(-21 for losing)
|raw|THRZ_Butter's rating: 1377 &rarr; <strong>1398</strong><br />(+21 for winning)
|l|☆roi_gluant
|player|p1|
