|j|☆LonelySxNner
|j|☆andjelicpwnsu
|t:|1757830523
|gametype|singles
|player|p1|LonelySxNner|266|1439
|player|p2|andjelicpwnsu|wallace|1368
|gen|9
|tier|[Gen 9] OU
|rated|
|rule|HP Percentage Mod: HP is shown in percentages
|rule|Endless Battle Clause: Forcing endless battles is banned
|rule|Species Clause: Limit one of each Pokémon
|rule|OHKO Clause: OHKO moves are banned
|rule|Evasion Items Clause: Evasion items are banned
|rule|Evasion Moves Clause: Evasion moves are banned
|rule|Evasion Abilities Clause: Evasion abilities are banned
|rule|Sleep Moves Clause: Sleep-inducing moves are banned
|clearpoke
|poke|p1|Meloetta|
|poke|p1|Azelf|
|poke|p1|Ceruledge, M|
|poke|p1|Grimmsnarl, M|
|poke|p1|Greninja-*, M|
|poke|p1|Hoopa-Unbound|
|poke|p2|Corviknight, F|
|poke|p2|Blissey, F|
|poke|p2|Zapdos|
|poke|p2|Meowscarada, M|
|poke|p2|Primarina, M|
|poke|p2|Blaziken, F|
|teampreview
|
|t:|1757830536
|teamsize|p1|6
|teamsize|p2|6
|start
|switch|p1a: Grimmsnarl|Grimmsnarl, M|100/100
|switch|p2a: Primarina|Primarina, M|100/100
|turn|1
|
|t:|1757830565
|move|p1a: Grimmsnarl|Light Screen|p1a: Grimmsnarl
|-sidestart|p1: LonelySxNner|move: Light Screen
|move|p2a: Primarina|Moonblast|p1a: Grimmsnarl
|-supereffective|p1a: Grimmsnarl
|-damage|p1a: Grimmsnarl|58/100
|
|upkeep
|turn|2
|
|t:|1757830572
|move|p1a: Grimmsnarl|Parting Shot|p2a: Primarina
|-unboost|p2a: Primarina|atk|1
|-unboost|p2a: Primarina|spa|1
|
|t:|1757830587
|switch|p1a: Meloetta|Meloetta|100/100|[from] Parting Shot
|move|p2a: Primarina|Moonblast|p1a: Meloetta
|-damage|p1a: Meloetta|87/100
|
|upkeep
|turn|3
|
|t:|1757830591
|move|p1a: Meloetta|Hyper Voice|p2a: Primarina
|-damage|p2a: Primarina|63/100
|-enditem|p1a: Meloetta|Throat Spray
|-boost|p1a: Meloetta|spa|1|[from] item: Throat Spray
|move|p2a: Primarina|Encore|p1a: Meloetta
|-start|p1a: Meloetta|Encore
|
|-heal|p2a: Primarina|69/100|[from] item: Leftovers
|upkeep
|turn|4
|
|t:|1757830597
|switch|p2a: Corviknight|Corviknight, F|100/100
|-ability|p2a: Corviknight|Pressure
|move|p1a: Meloetta|Hyper Voice|p2a: Corviknight
|-resisted|p2a: Corviknight
|-damage|p2a: Corviknight|76/100
|
|upkeep
|turn|5
|
|t:|1757830606
|switch|p1a: Hoopa|Hoopa-Unbound|100/100
|move|p2a: Corviknight|Iron Defense|p2a: Corviknight
|-boost|p2a: Corviknight|def|2
|
|upkeep
|turn|6
|inactive|Battle timer is ON: inactive players will automatically lose when time's up. (requested by LonelySxNner)
|
|t:|1757830614
|move|p1a: Hoopa|Thunderbolt|p2a: Corviknight
|-supereffective|p2a: Corviknight
|-damage|p2a: Corviknight|0 fnt
|faint|p2a: Corviknight
|
|upkeep
|
|t:|1757830616
|switch|p2a: Meowscarada|Meowscarada, M|100/100
|turn|7
|
|t:|1757830620
|move|p2a: Meowscarada|U-turn|p1a: Hoopa
|-start|p2a: Meowscarada|typechange|Bug|[from] ability: Protean
|-supereffective|p1a: Hoopa
|-crit|p1a: Hoopa
|-damage|p1a: Hoopa|0 fnt
|faint|p1a: Hoopa
|
|t:|1757830630
|switch|p2a: Primarina|Primarina, M|69/100|[from] U-turn
|
|-heal|p2a: Primarina|75/100|[from] item: Leftovers
|upkeep
|
|t:|1757830642
|switch|p1a: Azelf|Azelf|100/100
|turn|8
|
|t:|1757830659
|move|p1a: Azelf|Explosion|p2a: Primarina
|-enditem|p1a: Azelf|Normal Gem|[from] gem
|-damage|p2a: Primarina|0 fnt
|faint|p1a: Azelf
|faint|p2a: Primarina
|
|-sideend|p1: LonelySxNner|move: Light Screen
|upkeep
|
|t:|1757830673
|switch|p1a: Grimmsnarl|Grimmsnarl, M|58/100
|switch|p2a: Meowscarada|Meowscarada, M|100/100
|turn|9
|
|t:|1757830679
|move|p1a: Grimmsnarl|Reflect|p1a: Grimmsnarl
|-sidestart|p1: LonelySxNner|Reflect
|move|p2a: Meowscarada|U-turn|p1a: Grimmsnarl
|-start|p2a: Meowscarada|typechange|Bug|[from] ability: Protean
|-damage|p1a: Grimmsnarl|32/100
|
|t:|1757830687
|switch|p2a: Blissey|Blissey, F, shiny|100/100|[from] U-turn
|
|upkeep
|turn|10
|
|t:|1757830689
|move|p1a: Grimmsnarl|Taunt|p2a: Blissey
|-start|p2a: Blissey|move: Taunt
|move|p2a: Blissey|Seismic Toss|p1a: Grimmsnarl
|-damage|p1a: Grimmsnarl|5/100
|
|upkeep
|turn|11
|
|t:|1757830692
|move|p1a: Grimmsnarl|Light Screen|p1a: Grimmsnarl
|-sidestart|p1: LonelySxNner|move: Light Screen
|move|p2a: Blissey|Seismic Toss|p1a: Grimmsnarl
|-damage|p1a: Grimmsnarl|0 fnt
|faint|p1a: Grimmsnarl
|
|upkeep
|
|t:|1757830695
|switch|p1a: Ceruledge|Ceruledge, M|100/100
|turn|12
|
|t:|1757830702
|switch|p2a: Zapdos|Zapdos|100/100
|move|p1a: Ceruledge|Swords Dance|p1a: Ceruledge
|-boost|p1a: Ceruledge|atk|2
|
|upkeep
|turn|13
|
|t:|1757830708
|move|p1a: Ceruledge|Bitter Blade|p2a: Zapdos
|-damage|p2a: Zapdos|1/100
|move|p2a: Zapdos|Hurricane|p1a: Ceruledge
|-damage|p1a: Ceruledge|69/100
|
|upkeep
|turn|14
|
|t:|1757830715
|move|p1a: Ceruledge|Bitter Blade|p2a: Zapdos
|-damage|p2a: Zapdos|0 fnt
|-heal|p1a: Ceruledge|69/100|[from] drain|[of] p2a: Zapdos
|faint|p2a: Zapdos
|
|upkeep
|
|t:|1757830727
|switch|p2a: Meowscarada|Meowscarada, M|100/100
|turn|15
|
|t:|1757830732
|-terastallize|p2a: Meowscarada|Dark
|move|p2a: Meowscarada|Knock Off|p1a: Ceruledge
|-supereffective|p1a: Ceruledge
|-damage|p1a: Ceruledge|0 fnt
|-enditem|p1a: Ceruledge|Weakness Policy|[from] move: Knock Off|[of] p2a: Meowscarada
|faint|p1a: Ceruledge
|
|upkeep
|
|t:|1757830738
|switch|p1a: Greninja|Greninja, M|100/100
|turn|16
|
|t:|1757830741
|switch|p2a: Blissey|Blissey, F, shiny|100/100
|move|p1a: Greninja|Switcheroo|p2a: Blissey
|-activate|p1a: Greninja|move: Trick|[of] p2a: Blissey
|-item|p2a: Blissey|Choice Specs|[from] move: Switcheroo
|-item|p1a: Greninja|Heavy-Duty Boots|[from] move: Switcheroo
|
|-sideend|p1: LonelySxNner|Reflect
|upkeep
|turn|17
|
|t:|1757830746
|switch|p1a: Meloetta|Meloetta|87/100
|move|p2a: Blissey|Seismic Toss|p1a: Meloetta
|-damage|p1a: Meloetta|58/100
|
|upkeep
|turn|18
|
|t:|1757830749
|move|p1a: Meloetta|Relic Song|p2a: Blissey
|-damage|p2a: Blissey|87/100
|-formechange|p1a: Meloetta|Meloetta-Pirouette|[msg]
|move|p2a: Blissey|Seismic Toss|p1a: Meloetta
|-damage|p1a: Meloetta|28/100
|
|-sideend|p1: LonelySxNner|move: Light Screen
|upkeep
|turn|19
|
|t:|1757830754
|move|p1a: Meloetta|Close Combat|p2a: Blissey
|-supereffective|p2a: Blissey
|-damage|p2a: Blissey|5/100
|-unboost|p1a: Meloetta|def|1
|-unboost|p1a: Meloetta|spd|1
|move|p2a: Blissey|Seismic Toss|p1a: Meloetta
|-damage|p1a: Meloetta|0 fnt
|faint|p1a: Meloetta
|
|upkeep
|
|t:|1757830757
|switch|p1a: Greninja|Greninja, M|100/100
|turn|20
|
|t:|1757830759
|move|p1a: Greninja|Surf|p2a: Blissey
|-damage|p2a: Blissey|0 fnt
|faint|p2a: Blissey
|-ability|p1a: Greninja|Battle Bond|boost
|-boost|p1a: Greninja|atk|1
|-boost|p1a: Greninja|spa|1
|-boost|p1a: Greninja|spe|1
|-activate|p1a: Greninja|ability: Battle Bond
|
|upkeep
|
|t:|1757830761
|switch|p2a: Blaziken|Blaziken, F, shiny|100/100
|turn|21
|
|t:|1757830773
|-terastallize|p1a: Greninja|Water
|move|p1a: Greninja|Water Shuriken|p2a: Blaziken
|-supereffective|p2a: Blaziken
|-damage|p2a: Blaziken|54/100
|-supereffective|p2a: Blaziken
|-damage|p2a: Blaziken|5/100
|-hitcount|p2a: Blaziken|2
|move|p2a: Blaziken|Close Combat|p1a: Greninja
|-damage|p1a: Greninja|0 fnt
|-unboost|p2a: Blaziken|def|1
|-unboost|p2a: Blaziken|spd|1
|faint|p1a: Greninja
|
|win|andjelicpwnsu
|raw|LonelySxNner's rating: 1439 &rarr; <strong>1415</strong><br />(-24 for losing)
|raw|andjelicpwnsu's rating: 1368 &rarr; <strong>1392</strong><br />(+24 for winning)
|l|☆LonelySxNner
|player|p1|
|l|☆andjelicpwnsu
|player|p2|
