|j|☆XP105
|j|☆Alrys1
|t:|1757810016
|gametype|singles
|player|p1|XP105|red|
|player|p2|Alrys1|101|
|gen|9
|tier|[Gen 9] OU
|rule|HP Percentage Mod: HP is shown in percentages
|rule|Endless Battle Clause: Forcing endless battles is banned
|rule|Species Clause: Limit one of each Pokémon
|rule|OHKO Clause: OHKO moves are banned
|rule|Evasion Items Clause: Evasion items are banned
|rule|Evasion Moves Clause: Evasion moves are banned
|rule|Evasion Abilities Clause: Evasion abilities are banned
|rule|Sleep Moves Clause: Sleep-inducing moves are banned
|clearpoke
|poke|p1|Zamazenta-*|
|poke|p1|Gholdengo|
|poke|p1|Tornadus-Therian, M|
|poke|p1|Rotom-Wash|
|poke|p1|Volcanion|
|poke|p1|Munkidori, M|
|poke|p2|Cinderace, F|
|poke|p2|Iron Jugulis|
|poke|p2|Metagross|
|poke|p2|Scream Tail|
|poke|p2|Mienshao, M|
|poke|p2|Landorus-Therian, M|
|teampreview
|j| Breezy64
|
|t:|1757810095
|teamsize|p1|6
|teamsize|p2|6
|start
|switch|p1a: UU Rotom-Wash|Rotom-Wash|100/100
|switch|p2a: Cinderace|Cinderace, F|100/100
|turn|1
|
|t:|1757810136
|move|p2a: Cinderace|U-turn|p1a: UU Rotom-Wash
|-start|p2a: Cinderace|typechange|Bug|[from] ability: Libero
|-damage|p1a: UU Rotom-Wash|68/100
|
|t:|1757810197
|switch|p2a: Metagross|Metagross|100/100|[from] U-turn
|move|p1a: UU Rotom-Wash|Pain Split|p2a: Metagross
|-sethp|p2a: Metagross|80/100|[from] move: Pain Split|[silent]
|-sethp|p1a: UU Rotom-Wash|91/100|[from] move: Pain Split
|
|-heal|p1a: UU Rotom-Wash|98/100|[from] item: Leftovers
|upkeep
|turn|2
|
|t:|1757810220
|move|p1a: UU Rotom-Wash|Volt Switch|p2a: Metagross
|-damage|p2a: Metagross|63/100
|
|t:|1757810238
|switch|p1a: RU Volcanion|Volcanion|100/100|[from] Volt Switch
|move|p2a: Metagross|Earthquake|p1a: RU Volcanion
|-supereffective|p1a: RU Volcanion
|-damage|p1a: RU Volcanion|31/100
|
|upkeep
|turn|3
|
|t:|1757810292
|move|p1a: RU Volcanion|Earth Power|p2a: Metagross
|-supereffective|p2a: Metagross
|-damage|p2a: Metagross|0 fnt
|faint|p2a: Metagross
|
|upkeep
|
|t:|1757810306
|switch|p2a: Landorus|Landorus-Therian, M|100/100
|-ability|p2a: Landorus|Intimidate|boost
|-unboost|p1a: RU Volcanion|atk|1
|turn|4
|
|t:|1757810335
|move|p2a: Landorus|Earthquake|p1a: RU Volcanion
|-supereffective|p1a: RU Volcanion
|-damage|p1a: RU Volcanion|0 fnt
|faint|p1a: RU Volcanion
|
|upkeep
|
|t:|1757810347
|switch|p1a: UU Rotom-Wash|Rotom-Wash|98/100
|turn|5
|
|t:|1757810383
|switch|p2a: Mienshao|Mienshao, M|100/100
|move|p1a: UU Rotom-Wash|Hydro Pump|p2a: Mienshao
|-damage|p2a: Mienshao|43/100
|
|-heal|p1a: UU Rotom-Wash|100/100|[from] item: Leftovers
|upkeep
|turn|6
|
|t:|1757810392
|move|p2a: Mienshao|Fake Out|p1a: UU Rotom-Wash
|-damage|p1a: UU Rotom-Wash|86/100
|-damage|p2a: Mienshao|33/100|[from] item: Life Orb
|cant|p1a: UU Rotom-Wash|flinch
|
|-heal|p1a: UU Rotom-Wash|92/100|[from] item: Leftovers
|upkeep
|turn|7
|
|t:|1757810407
|-terastallize|p2a: Mienshao|Fighting
|move|p2a: Mienshao|Close Combat|p1a: UU Rotom-Wash
|-damage|p1a: UU Rotom-Wash|3/100
|-unboost|p2a: Mienshao|def|1
|-unboost|p2a: Mienshao|spd|1
|-damage|p2a: Mienshao|23/100|[from] item: Life Orb
|move|p1a: UU Rotom-Wash|Hydro Pump|p2a: Mienshao
|-damage|p2a: Mienshao|0 fnt
|faint|p2a: Mienshao
|
|-heal|p1a: UU Rotom-Wash|10/100|[from] item: Leftovers
|upkeep
|
|t:|1757810465
|switch|p2a: Landorus|Landorus-Therian, M|100/100
|-ability|p2a: Landorus|Intimidate|boost
|-unboost|p1a: UU Rotom-Wash|atk|1
|turn|8
|
|t:|1757810470
|move|p2a: Landorus|U-turn|p1a: UU Rotom-Wash
|-damage|p1a: UU Rotom-Wash|0 fnt
|faint|p1a: UU Rotom-Wash
|
|t:|1757810479
|switch|p2a: Cinderace|Cinderace, F|100/100|[from] U-turn
|
|upkeep
|
|t:|1757810490
|switch|p1a: OU Zamazenta|Zamazenta|100/100
|-ability|p1a: OU Zamazenta|Dauntless Shield|boost
|-boost|p1a: OU Zamazenta|def|1
|turn|9
|
|t:|1757810495
|move|p1a: OU Zamazenta|Iron Defense|p1a: OU Zamazenta
|-boost|p1a: OU Zamazenta|def|2
|move|p2a: Cinderace|U-turn|p1a: OU Zamazenta
|-start|p2a: Cinderace|typechange|Bug|[from] ability: Libero
|-resisted|p1a: OU Zamazenta
|-damage|p1a: OU Zamazenta|96/100
|
|t:|1757810501
|switch|p2a: Scream Tail|Scream Tail|100/100|[from] U-turn
|
|upkeep
|turn|10
|
|t:|1757810511
|switch|p1a: OU Gholdengo|Gholdengo, shiny|100/100
|move|p2a: Scream Tail|Psychic Noise|p1a: OU Gholdengo
|-resisted|p1a: OU Gholdengo
|-damage|p1a: OU Gholdengo|89/100
|-start|p1a: OU Gholdengo|move: Heal Block
|
|upkeep
|turn|11
|
|t:|1757810552
|-end|p2a: Scream Tail|Protosynthesis|[silent]
|switch|p2a: Cinderace|Cinderace, F|100/100
|move|p1a: OU Gholdengo|Nasty Plot|p1a: OU Gholdengo
|-boost|p1a: OU Gholdengo|spa|2
|
|-end|p1a: OU Gholdengo|move: Heal Block
|upkeep
|turn|12
|
|t:|1757810582
|move|p2a: Cinderace|Pyro Ball|p1a: OU Gholdengo
|-supereffective|p1a: OU Gholdengo
|-damage|p1a: OU Gholdengo|0 fnt
|faint|p1a: OU Gholdengo
|
|upkeep
|
|t:|1757810600
|switch|p1a: OU Zamazenta|Zamazenta|96/100
|turn|13
|
|t:|1757810627
|switch|p1a: NU Munkidori|Munkidori, M|100/100
|move|p2a: Cinderace|U-turn|p1a: NU Munkidori
|-start|p2a: Cinderace|typechange|Bug|[from] ability: Libero
|-damage|p1a: NU Munkidori|55/100
|
|t:|1757810642
|switch|p2a: Landorus|Landorus-Therian, M|100/100|[from] U-turn
|-ability|p2a: Landorus|Intimidate|boost
|-unboost|p1a: NU Munkidori|atk|1
|
|upkeep
|turn|14
|
|t:|1757810665
|move|p1a: NU Munkidori|U-turn|p2a: Landorus
|-resisted|p2a: Landorus
|-damage|p2a: Landorus|96/100
|-status|p2a: Landorus|tox|[from] ability: Toxic Chain|[of] p1a: NU Munkidori
|
|t:|1757810675
|switch|p1a: OU Zamazenta|Zamazenta|96/100|[from] U-turn
|move|p2a: Landorus|Earthquake|p1a: OU Zamazenta
|-damage|p1a: OU Zamazenta|58/100
|
|-damage|p2a: Landorus|90/100 tox|[from] psn
|upkeep
|turn|15
|
|t:|1757810683
|switch|p2a: Scream Tail|Scream Tail|100/100
|move|p1a: OU Zamazenta|Iron Defense|p1a: OU Zamazenta
|-boost|p1a: OU Zamazenta|def|2
|
|upkeep
|turn|16
|
|t:|1757810691
|move|p1a: OU Zamazenta|Iron Defense|p1a: OU Zamazenta
|-boost|p1a: OU Zamazenta|def|2
|move|p2a: Scream Tail|Psychic Noise|p1a: OU Zamazenta
|-supereffective|p1a: OU Zamazenta
|-damage|p1a: OU Zamazenta|29/100
|-start|p1a: OU Zamazenta|move: Heal Block
|
|upkeep
|turn|17
|
|t:|1757810704
|move|p1a: OU Zamazenta|Body Press|p2a: Scream Tail
|-resisted|p2a: Scream Tail
|-damage|p2a: Scream Tail|82/100
|move|p2a: Scream Tail|Wish|p2a: Scream Tail
|
|-heal|p2a: Scream Tail|88/100|[from] item: Leftovers
|-end|p1a: OU Zamazenta|move: Heal Block
|upkeep
|turn|18
|
|t:|1757810711
|move|p1a: OU Zamazenta|Rest|p1a: OU Zamazenta
|-status|p1a: OU Zamazenta|slp|[from] move: Rest
|-heal|p1a: OU Zamazenta|100/100 slp|[silent]
|-enditem|p1a: OU Zamazenta|Chesto Berry|[eat]
|-curestatus|p1a: OU Zamazenta|slp|[msg]
|move|p2a: Scream Tail|Psychic Noise|p1a: OU Zamazenta
|-supereffective|p1a: OU Zamazenta
|-damage|p1a: OU Zamazenta|71/100
|-start|p1a: OU Zamazenta|move: Heal Block
|
|-heal|p2a: Scream Tail|100/100|[from] move: Wish|[wisher] Scream Tail
|upkeep
|turn|19
|
|t:|1757810728
|-terastallize|p1a: OU Zamazenta|Dark
|move|p1a: OU Zamazenta|Crunch|p2a: Scream Tail
|-damage|p2a: Scream Tail|76/100
|move|p2a: Scream Tail|Psychic Noise|p1a: OU Zamazenta
|-immune|p1a: OU Zamazenta
|
|-heal|p2a: Scream Tail|82/100|[from] item: Leftovers
|-end|p1a: OU Zamazenta|move: Heal Block
|upkeep
|turn|20
|
|t:|1757810755
|move|p1a: OU Zamazenta|Crunch|p2a: Scream Tail
|-damage|p2a: Scream Tail|58/100
|move|p2a: Scream Tail|Grass Knot|p1a: OU Zamazenta
|-damage|p1a: OU Zamazenta|56/100
|
|-heal|p2a: Scream Tail|65/100|[from] item: Leftovers
|upkeep
|turn|21
|
|t:|1757810772
|move|p1a: OU Zamazenta|Crunch|p2a: Scream Tail
|-damage|p2a: Scream Tail|41/100
|move|p2a: Scream Tail|Wish|p2a: Scream Tail
|
|-heal|p2a: Scream Tail|47/100|[from] item: Leftovers
|upkeep
|turn|22
|
|t:|1757810783
|move|p1a: OU Zamazenta|Crunch|p2a: Scream Tail
|-damage|p2a: Scream Tail|21/100
|move|p2a: Scream Tail|Grass Knot|p1a: OU Zamazenta
|-damage|p1a: OU Zamazenta|41/100
|
|-heal|p2a: Scream Tail|71/100|[from] move: Wish|[wisher] Scream Tail
|-heal|p2a: Scream Tail|77/100|[from] item: Leftovers
|upkeep
|turn|23
|
|t:|1757810791
|move|p1a: OU Zamazenta|Crunch|p2a: Scream Tail
|-damage|p2a: Scream Tail|50/100
|-unboost|p2a: Scream Tail|def|1
|move|p2a: Scream Tail|Wish|p2a: Scream Tail
|
|-heal|p2a: Scream Tail|56/100|[from] item: Leftovers
|upkeep
|turn|24
|
|t:|1757810798
|move|p1a: OU Zamazenta|Crunch|p2a: Scream Tail
|-damage|p2a: Scream Tail|20/100
|move|p2a: Scream Tail|Grass Knot|p1a: OU Zamazenta
|-damage|p1a: OU Zamazenta|25/100
|
|-heal|p2a: Scream Tail|70/100|[from] move: Wish|[wisher] Scream Tail
|-heal|p2a: Scream Tail|76/100|[from] item: Leftovers
|upkeep
|turn|25
|
|t:|1757810831
|-end|p2a: Scream Tail|Protosynthesis|[silent]
|switch|p2a: Iron Jugulis|Iron Jugulis|100/100
|-enditem|p2a: Iron Jugulis|Booster Energy
|-activate|p2a: Iron Jugulis|ability: Quark Drive|[fromitem]
|-start|p2a: Iron Jugulis|quarkdrivespe
|move|p1a: OU Zamazenta|Crunch|p2a: Iron Jugulis
|-resisted|p2a: Iron Jugulis
|-damage|p2a: Iron Jugulis|82/100
|
|upkeep
|turn|26
|
|t:|1757810858
|move|p2a: Iron Jugulis|Flamethrower|p1a: OU Zamazenta
|-damage|p1a: OU Zamazenta|0 fnt
|faint|p1a: OU Zamazenta
|
|upkeep
|
|t:|1757810871
|switch|p1a: UU Tornadus-Ther|Tornadus-Therian, M|100/100
|turn|27
|
|t:|1757810922
|move|p2a: Iron Jugulis|Dark Pulse|p1a: UU Tornadus-Ther
|-damage|p1a: UU Tornadus-Ther|61/100
|cant|p1a: UU Tornadus-Ther|flinch
|
|upkeep
|turn|28
|
|t:|1757810946
|move|p2a: Iron Jugulis|Dark Pulse|p1a: UU Tornadus-Ther
|-damage|p1a: UU Tornadus-Ther|20/100
|move|p1a: UU Tornadus-Ther|U-turn|p2a: Iron Jugulis
|-damage|p2a: Iron Jugulis|64/100
|
|t:|1757810951
|switch|p1a: NU Munkidori|Munkidori, M|55/100|[from] U-turn
|
|upkeep
|turn|29
|
|t:|1757810958
|move|p2a: Iron Jugulis|Dark Pulse|p1a: NU Munkidori
|-supereffective|p1a: NU Munkidori
|-damage|p1a: NU Munkidori|0 fnt
|faint|p1a: NU Munkidori
|
|upkeep
|
|t:|1757810963
|switch|p1a: UU Tornadus-Ther|Tornadus-Therian, M|54/100
|turn|30
|
|t:|1757810967
|move|p2a: Iron Jugulis|Dark Pulse|p1a: UU Tornadus-Ther
|-damage|p1a: UU Tornadus-Ther|14/100
|cant|p1a: UU Tornadus-Ther|flinch
|
|upkeep
|turn|31
|
|t:|1757810975
|move|p2a: Iron Jugulis|Dark Pulse|p1a: UU Tornadus-Ther
|-damage|p1a: UU Tornadus-Ther|0 fnt
|faint|p1a: UU Tornadus-Ther
|
|win|Alrys1
