|j|☆susumu808
|j|☆SrZalex
|t:|1757822527
|gametype|singles
|player|p1|susumu808|cyrus|1175
|player|p2|SrZalex|steven|1234
|gen|9
|tier|[Gen 9] OU
|rated|
|rule|HP Percentage Mod: HP is shown in percentages
|rule|Endless Battle Clause: Forcing endless battles is banned
|rule|Species Clause: Limit one of each Pokémon
|rule|OHKO Clause: OHKO moves are banned
|rule|Evasion Items Clause: Evasion items are banned
|rule|Evasion Moves Clause: Evasion moves are banned
|rule|Evasion Abilities Clause: Evasion abilities are banned
|rule|Sleep Moves Clause: Sleep-inducing moves are banned
|clearpoke
|poke|p1|Blaziken, F|
|poke|p1|Serperior, M|
|poke|p1|Gyarados, M|
|poke|p1|Kommo-o, M|
|poke|p1|Dragonite, F|
|poke|p1|Deoxys-Defense|
|poke|p2|Ceruledge, F|
|poke|p2|Corviknight, M|
|poke|p2|Pecharunt|
|poke|p2|Torkoal, M|
|poke|p2|Lilligant, F|
|poke|p2|Blissey, F|
|teampreview
|
|t:|1757822539
|teamsize|p1|6
|teamsize|p2|6
|start
|switch|p1a: Kommo-o|Kommo-o, M|100/100
|switch|p2a: Rosine|Torkoal, M|100/100
|-weather|SunnyDay|[from] ability: Drought|[of] p2a: Rosine
|turn|1
|inactive|Battle timer is ON: inactive players will automatically lose when time's up. (requested by susumu808)
|
|t:|1757822547
|move|p1a: Kommo-o|Clangorous Soul|p1a: Kommo-o
|-boost|p1a: Kommo-o|atk|1
|-boost|p1a: Kommo-o|def|1
|-boost|p1a: Kommo-o|spa|1
|-boost|p1a: Kommo-o|spd|1
|-boost|p1a: Kommo-o|spe|1
|-damage|p1a: Kommo-o|68/100
|move|p2a: Rosine|Stealth Rock|p1a: Kommo-o
|-sidestart|p1: susumu808|move: Stealth Rock
|
|-weather|SunnyDay|[upkeep]
|upkeep
|turn|2
|
|t:|1757822561
|move|p1a: Kommo-o|Clangorous Soul|p1a: Kommo-o
|-boost|p1a: Kommo-o|atk|1
|-boost|p1a: Kommo-o|def|1
|-boost|p1a: Kommo-o|spa|1
|-boost|p1a: Kommo-o|spd|1
|-boost|p1a: Kommo-o|spe|1
|-damage|p1a: Kommo-o|35/100
|move|p2a: Rosine|Lava Plume|p1a: Kommo-o
|-resisted|p1a: Kommo-o
|-damage|p1a: Kommo-o|24/100
|-enditem|p1a: Kommo-o|Aguav Berry|[eat]
|-heal|p1a: Kommo-o|58/100|[from] item: Aguav Berry
|
|-weather|SunnyDay|[upkeep]
|upkeep
|turn|3
|
|t:|1757822574
|move|p1a: Kommo-o|Clangorous Soul|p1a: Kommo-o
|-boost|p1a: Kommo-o|atk|1
|-boost|p1a: Kommo-o|def|1
|-boost|p1a: Kommo-o|spa|1
|-boost|p1a: Kommo-o|spd|1
|-boost|p1a: Kommo-o|spe|1
|-damage|p1a: Kommo-o|25/100
|move|p2a: Rosine|Clear Smog|p1a: Kommo-o
|-damage|p1a: Kommo-o|19/100
|-clearboost|p1a: Kommo-o
|
|-weather|SunnyDay|[upkeep]
|upkeep
|turn|4
|c|☆SrZalex|XDDDDDD
|c|☆SrZalex|is joke bro
|
|t:|1757822603
|move|p1a: Kommo-o|Drain Punch|p2a: Rosine
|-damage|p2a: Rosine|81/100
|-heal|p1a: Kommo-o|31/100|[from] drain|[of] p2a: Rosine
|move|p2a: Rosine|Lava Plume|p1a: Kommo-o
|-resisted|p1a: Kommo-o
|-crit|p1a: Kommo-o
|-damage|p1a: Kommo-o|1/100
|-status|p1a: Kommo-o|brn
|
|-weather|SunnyDay|[upkeep]
|-damage|p1a: Kommo-o|0 fnt|[from] brn
|faint|p1a: Kommo-o
|upkeep
|
|t:|1757822612
|switch|p1a: Gyarados|Gyarados, M|100/100
|-damage|p1a: Gyarados|75/100|[from] Stealth Rock
|turn|5
|inactive|SrZalex has 120 seconds left.
|
|t:|1757822638
|switch|p2a: Metal Night|Corviknight, M|100/100
|move|p1a: Gyarados|Dragon Dance|p1a: Gyarados
|-boost|p1a: Gyarados|atk|1
|-boost|p1a: Gyarados|spe|1
|
|-weather|SunnyDay|[upkeep]
|upkeep
|turn|6
|inactive|SrZalex has 120 seconds left.
|
|t:|1757822650
|move|p1a: Gyarados|Stone Edge|p2a: Metal Night
|-crit|p2a: Metal Night
|-damage|p2a: Metal Night|58/100
|move|p2a: Metal Night|Bulk Up|p2a: Metal Night
|-boost|p2a: Metal Night|atk|1
|-boost|p2a: Metal Night|def|1
|
|-weather|SunnyDay|[upkeep]
|upkeep
|turn|7
|inactive|SrZalex has 120 seconds left.
|
|t:|1757822661
|move|p1a: Gyarados|Stone Edge|p2a: Metal Night
|-damage|p2a: Metal Night|37/100
|move|p2a: Metal Night|Roost|p2a: Metal Night
|-heal|p2a: Metal Night|87/100
|-singleturn|p2a: Metal Night|move: Roost
|
|-weather|SunnyDay|[upkeep]
|upkeep
|turn|8
|inactive|SrZalex has 120 seconds left.
|
|t:|1757822671
|move|p1a: Gyarados|Stone Edge|p2a: Metal Night|[miss]
|-miss|p1a: Gyarados|p2a: Metal Night
|move|p2a: Metal Night|Bulk Up|p2a: Metal Night
|-boost|p2a: Metal Night|atk|1
|-boost|p2a: Metal Night|def|1
|
|-weather|none
|upkeep
|turn|9
|
|t:|1757822680
|move|p1a: Gyarados|Stone Edge|p2a: Metal Night
|-damage|p2a: Metal Night|72/100
|move|p2a: Metal Night|Bulk Up|p2a: Metal Night
|-boost|p2a: Metal Night|atk|1
|-boost|p2a: Metal Night|def|1
|
|upkeep
|turn|10
|
|t:|1757822689
|move|p1a: Gyarados|Stone Edge|p2a: Metal Night|[miss]
|-miss|p1a: Gyarados|p2a: Metal Night
|move|p2a: Metal Night|Brave Bird|p1a: Gyarados
|-damage|p1a: Gyarados|0 fnt
|faint|p1a: Gyarados
|-damage|p2a: Metal Night|51/100|[from] Recoil
|
|upkeep
|
|t:|1757822696
|switch|p1a: Dragonite|Dragonite, F, shiny|100/100
|-damage|p1a: Dragonite|75/100|[from] Stealth Rock
|turn|11
|
|t:|1757822703
|move|p1a: Dragonite|Extreme Speed|p2a: Metal Night
|-resisted|p2a: Metal Night
|-damage|p2a: Metal Night|48/100
|-damage|p1a: Dragonite|59/100|[from] item: Rocky Helmet|[of] p2a: Metal Night
|move|p2a: Metal Night|Roost|p2a: Metal Night
|-heal|p2a: Metal Night|98/100
|-singleturn|p2a: Metal Night|move: Roost
|
|-heal|p1a: Dragonite|65/100|[from] item: Leftovers
|upkeep
|turn|12
|
|t:|1757822718
|switch|p1a: Deoxys|Deoxys-Defense|100/100
|-damage|p1a: Deoxys|88/100|[from] Stealth Rock
|-ability|p1a: Deoxys|Pressure
|move|p2a: Metal Night|Brave Bird|p1a: Deoxys
|-damage|p1a: Deoxys|28/100
|-damage|p2a: Metal Night|83/100|[from] Recoil
|
|-heal|p1a: Deoxys|35/100|[from] item: Leftovers
|upkeep
|turn|13
|
|t:|1757822731
|move|p1a: Deoxys|Recover|p1a: Deoxys
|-heal|p1a: Deoxys|85/100
|move|p2a: Metal Night|Brave Bird|p1a: Deoxys
|-damage|p1a: Deoxys|22/100
|-damage|p2a: Metal Night|67/100|[from] Recoil
|
|-heal|p1a: Deoxys|28/100|[from] item: Leftovers
|upkeep
|turn|14
|
|t:|1757822742
|move|p1a: Deoxys|Recover|p1a: Deoxys
|-heal|p1a: Deoxys|78/100
|move|p2a: Metal Night|Bulk Up|p2a: Metal Night
|-boost|p2a: Metal Night|atk|1
|-boost|p2a: Metal Night|def|1
|
|-heal|p1a: Deoxys|84/100|[from] item: Leftovers
|upkeep
|turn|15
|
|t:|1757822752
|move|p1a: Deoxys|Cosmic Power|p1a: Deoxys
|-boost|p1a: Deoxys|def|1
|-boost|p1a: Deoxys|spd|1
|move|p2a: Metal Night|Roost|p2a: Metal Night
|-heal|p2a: Metal Night|100/100
|-singleturn|p2a: Metal Night|move: Roost
|
|-heal|p1a: Deoxys|90/100|[from] item: Leftovers
|upkeep
|turn|16
|
|t:|1757822763
|move|p1a: Deoxys|Cosmic Power|p1a: Deoxys
|-boost|p1a: Deoxys|def|1
|-boost|p1a: Deoxys|spd|1
|move|p2a: Metal Night|Brave Bird|p1a: Deoxys
|-damage|p1a: Deoxys|50/100
|-damage|p2a: Metal Night|90/100|[from] Recoil
|
|-heal|p1a: Deoxys|56/100|[from] item: Leftovers
|upkeep
|turn|17
|
|t:|1757822778
|move|p1a: Deoxys|Cosmic Power|p1a: Deoxys
|-boost|p1a: Deoxys|def|1
|-boost|p1a: Deoxys|spd|1
|move|p2a: Metal Night|Bulk Up|p2a: Metal Night
|-boost|p2a: Metal Night|atk|1
|-boost|p2a: Metal Night|def|1
|
|-heal|p1a: Deoxys|62/100|[from] item: Leftovers
|upkeep
|turn|18
|
|t:|1757822791
|move|p1a: Deoxys|Cosmic Power|p1a: Deoxys
|-boost|p1a: Deoxys|def|1
|-boost|p1a: Deoxys|spd|1
|move|p2a: Metal Night|Body Press|p1a: Deoxys
|-resisted|p1a: Deoxys
|-damage|p1a: Deoxys|51/100
|
|-heal|p1a: Deoxys|57/100|[from] item: Leftovers
|upkeep
|turn|19
|
|t:|1757822801
|move|p1a: Deoxys|Cosmic Power|p1a: Deoxys
|-boost|p1a: Deoxys|def|1
|-boost|p1a: Deoxys|spd|1
|move|p2a: Metal Night|Brave Bird|p1a: Deoxys
|-damage|p1a: Deoxys|33/100
|-damage|p2a: Metal Night|84/100|[from] Recoil
|
|-heal|p1a: Deoxys|40/100|[from] item: Leftovers
|upkeep
|turn|20
|
|t:|1757822812
|move|p1a: Deoxys|Cosmic Power|p1a: Deoxys
|-boost|p1a: Deoxys|def|1
|-boost|p1a: Deoxys|spd|1
|move|p2a: Metal Night|Bulk Up|p2a: Metal Night
|-boost|p2a: Metal Night|atk|1
|-boost|p2a: Metal Night|def|1
|
|-heal|p1a: Deoxys|46/100|[from] item: Leftovers
|upkeep
|turn|21
|
|t:|1757822823
|move|p1a: Deoxys|Agility|p1a: Deoxys
|-boost|p1a: Deoxys|spe|2
|move|p2a: Metal Night|Brave Bird|p1a: Deoxys
|-damage|p1a: Deoxys|20/100
|-damage|p2a: Metal Night|78/100|[from] Recoil
|
|-heal|p1a: Deoxys|26/100|[from] item: Leftovers
|upkeep
|turn|22
|
|t:|1757822835
|move|p1a: Deoxys|Agility|p1a: Deoxys
|-boost|p1a: Deoxys|spe|2
|move|p2a: Metal Night|Brave Bird|p1a: Deoxys
|-damage|p1a: Deoxys|2/100
|-damage|p2a: Metal Night|72/100|[from] Recoil
|
|-heal|p1a: Deoxys|9/100|[from] item: Leftovers
|upkeep
|turn|23
|
|t:|1757822848
|move|p1a: Deoxys|Recover|p1a: Deoxys
|-heal|p1a: Deoxys|59/100
|move|p2a: Metal Night|Brave Bird|p1a: Deoxys
|-damage|p1a: Deoxys|34/100
|-damage|p2a: Metal Night|65/100|[from] Recoil
|
|-heal|p1a: Deoxys|40/100|[from] item: Leftovers
|upkeep
|turn|24
|
|t:|1757822858
|move|p1a: Deoxys|Agility|p1a: Deoxys
|-boost|p1a: Deoxys|spe|2
|move|p2a: Metal Night|Brave Bird|p1a: Deoxys
|-damage|p1a: Deoxys|15/100
|-damage|p2a: Metal Night|59/100|[from] Recoil
|
|-heal|p1a: Deoxys|22/100|[from] item: Leftovers
|upkeep
|turn|25
|
|t:|1757822871
|move|p1a: Deoxys|Recover|p1a: Deoxys
|-heal|p1a: Deoxys|72/100
|move|p2a: Metal Night|Roost|p2a: Metal Night
|-heal|p2a: Metal Night|100/100
|-singleturn|p2a: Metal Night|move: Roost
|
|-heal|p1a: Deoxys|78/100|[from] item: Leftovers
|upkeep
|turn|26
|
|t:|1757822882
|move|p1a: Deoxys|Stored Power|p2a: Metal Night
|-resisted|p2a: Metal Night
|-damage|p2a: Metal Night|46/100
|move|p2a: Metal Night|Brave Bird|p1a: Deoxys
|-crit|p1a: Deoxys
|-damage|p1a: Deoxys|0 fnt
|faint|p1a: Deoxys
|-damage|p2a: Metal Night|26/100|[from] Recoil
|
|upkeep
|
|t:|1757822893
|switch|p1a: Serperior|Serperior, M|100/100
|-damage|p1a: Serperior|88/100|[from] Stealth Rock
|turn|27
|l|☆SrZalex
|inactive|SrZalex disconnected and has a minute to reconnect!
|player|p2|
|inactive|SrZalex has 30 seconds to reconnect!
|inactive|SrZalex has 20 seconds to reconnect!
|inactive|SrZalex has 15 seconds to reconnect!
|inactive|SrZalex has 10 seconds to reconnect!
|inactive|SrZalex has 5 seconds to reconnect!
|-message|SrZalex lost due to inactivity.
|
|win|susumu808
|raw|susumu808's rating: 1175 &rarr; <strong>1204</strong><br />(+29 for winning)
|raw|SrZalex's rating: 1234 &rarr; <strong>1205</strong><br />(-29 for losing)
|j|☆SrZalex
|player|p2|SrZalex|steven|
