|j|☆FunnyBurritoMan
|j|☆Pelonmago
|t:|1757933844
|gametype|singles
|player|p1|FunnyBurritoMan|169|1064
|player|p2|Pelonmago|roughneck-gen4|1115
|gen|9
|tier|[Gen 9] OU
|rated|
|rule|HP Percentage Mod: HP is shown in percentages
|rule|Endless Battle Clause: Forcing endless battles is banned
|rule|Species Clause: Limit one of each Pokémon
|rule|OHKO Clause: OHKO moves are banned
|rule|Evasion Items Clause: Evasion items are banned
|rule|Evasion Moves Clause: Evasion moves are banned
|rule|Evasion Abilities Clause: Evasion abilities are banned
|rule|Sleep Moves Clause: Sleep-inducing moves are banned
|clearpoke
|poke|p1|Bisharp, M|
|poke|p1|Cyclizar, M|
|poke|p1|Kleavor, F|
|poke|p1|Scyther, F|
|poke|p1|Crawdaunt, F|
|poke|p1|Mew|
|poke|p2|Samurott-Hisui, M|
|poke|p2|Kingambit, F|
|poke|p2|Clodsire, M|
|poke|p2|Ogerpon-Wellspring, F|
|poke|p2|Zapdos|
|poke|p2|Iron Moth|
|teampreview
|
|t:|1757933848
|teamsize|p1|6
|teamsize|p2|6
|start
|switch|p1a: Mew|Mew|100/100
|switch|p2a: Zaptres|Zapdos|100/100
|turn|1
|
|t:|1757933852
|move|p1a: Mew|Dragon Dance|p1a: Mew
|-boost|p1a: Mew|atk|1
|-boost|p1a: Mew|spe|1
|move|p2a: Zaptres|Hurricane|p1a: Mew
|-damage|p1a: Mew|54/100
|-start|p1a: Mew|confusion
|
|upkeep
|turn|2
|inactive|Battle timer is ON: inactive players will automatically lose when time's up. (requested by FunnyBurritoMan)
|inactive|Pelonmago has 120 seconds left.
|
|t:|1757933910
|-activate|p1a: Mew|confusion
|move|p1a: Mew|Psychic Fangs|p2a: Zaptres
|-damage|p2a: Zaptres|44/100
|-damage|p1a: Mew|44/100|[from] item: Life Orb
|move|p2a: Zaptres|Hurricane|p1a: Mew
|-crit|p1a: Mew
|-damage|p1a: Mew|0 fnt
|faint|p1a: Mew
|
|-heal|p2a: Zaptres|50/100|[from] item: Leftovers
|upkeep
|
|t:|1757933914
|switch|p1a: Cyclizar|Cyclizar, M|100/100
|turn|3
|
|t:|1757933917
|move|p1a: Cyclizar|U-turn|p2a: Zaptres
|-resisted|p2a: Zaptres
|-damage|p2a: Zaptres|46/100
|inactive|FunnyBurritoMan has 120 seconds left.
|
|t:|1757933961
|switch|p1a: Kleavor|Kleavor, F|100/100|[from] U-turn
|move|p2a: Zaptres|Roost|p2a: Zaptres
|-heal|p2a: Zaptres|96/100
|-singleturn|p2a: Zaptres|move: Roost
|
|-heal|p2a: Zaptres|100/100|[from] item: Leftovers
|upkeep
|turn|4
|inactive|FunnyBurritoMan has 120 seconds left.
|
|t:|1757933989
|move|p1a: Kleavor|Stone Axe|p2a: Zaptres
|-supereffective|p2a: Zaptres
|-damage|p2a: Zaptres|18/100
|-status|p1a: Kleavor|par|[from] ability: Static|[of] p2a: Zaptres
|-sidestart|p2: Pelonmago|move: Stealth Rock
|move|p2a: Zaptres|Hurricane|p1a: Kleavor
|-damage|p1a: Kleavor|24/100 par
|
|-heal|p2a: Zaptres|24/100|[from] item: Leftovers
|upkeep
|turn|5
|
|t:|1757933997
|move|p2a: Zaptres|Heat Wave|p1a: Kleavor
|-damage|p1a: Kleavor|0 fnt
|faint|p1a: Kleavor
|
|-heal|p2a: Zaptres|30/100|[from] item: Leftovers
|upkeep
|
|t:|1757934006
|switch|p1a: Scyther|Scyther, F|100/100
|turn|6
|
|t:|1757934030
|move|p1a: Scyther|Dual Wingbeat|p2a: Zaptres
|-resisted|p2a: Zaptres
|-damage|p2a: Zaptres|20/100
|-resisted|p2a: Zaptres
|-damage|p2a: Zaptres|9/100
|-hitcount|p2a: Zaptres|2
|move|p2a: Zaptres|Hurricane|p1a: Scyther
|-supereffective|p1a: Scyther
|-damage|p1a: Scyther|0 fnt
|faint|p1a: Scyther
|
|-heal|p2a: Zaptres|15/100|[from] item: Leftovers
|upkeep
|
|t:|1757934035
|switch|p1a: Crawdaunt|Crawdaunt, F|100/100
|turn|7
|
|t:|1757934039
|move|p1a: Crawdaunt|Aqua Jet|p2a: Zaptres
|-damage|p2a: Zaptres|0 fnt
|faint|p2a: Zaptres
|
|upkeep
|
|t:|1757934041
|switch|p2a: Wopa|Clodsire, M|100/100
|turn|8
|
|t:|1757934044
|move|p1a: Crawdaunt|Knock Off|p2a: Wopa
|-damage|p2a: Wopa|48/100
|-enditem|p2a: Wopa|Heavy-Duty Boots|[from] move: Knock Off|[of] p1a: Crawdaunt
|move|p2a: Wopa|Toxic|p1a: Crawdaunt
|-status|p1a: Crawdaunt|tox
|
|-damage|p1a: Crawdaunt|94/100 tox|[from] psn
|upkeep
|turn|9
|
|t:|1757934051
|switch|p1a: Bisharp|Bisharp, M|100/100
|move|p2a: Wopa|Recover|p2a: Wopa
|-heal|p2a: Wopa|98/100
|
|upkeep
|turn|10
|
|t:|1757934056
|move|p1a: Bisharp|Swords Dance|p1a: Bisharp
|-boost|p1a: Bisharp|atk|2
|move|p2a: Wopa|Earthquake|p1a: Bisharp
|-supereffective|p1a: Bisharp
|-damage|p1a: Bisharp|62/100
|
|upkeep
|turn|11
|
|t:|1757934086
|-terastallize|p1a: Bisharp|Water
|move|p1a: Bisharp|Swords Dance|p1a: Bisharp
|-boost|p1a: Bisharp|atk|2
|move|p2a: Wopa|Earthquake|p1a: Bisharp
|-damage|p1a: Bisharp|43/100
|
|upkeep
|turn|12
|
|t:|1757934095
|move|p1a: Bisharp|Sucker Punch||[still]
|-fail|p1a: Bisharp
|move|p2a: Wopa|Toxic|p1a: Bisharp
|-status|p1a: Bisharp|tox
|
|-damage|p1a: Bisharp|37/100 tox|[from] psn
|upkeep
|turn|13
|
|t:|1757934111
|move|p1a: Bisharp|Stone Edge|p2a: Wopa
|-resisted|p2a: Wopa
|-damage|p2a: Wopa|51/100
|move|p2a: Wopa|Spikes|p1a: Bisharp
|-sidestart|p1: FunnyBurritoMan|Spikes
|
|-damage|p1a: Bisharp|25/100 tox|[from] psn
|upkeep
|turn|14
|inactive|Pelonmago has 120 seconds left.
|
|t:|1757934143
|move|p1a: Bisharp|Iron Head|p2a: Wopa
|-damage|p2a: Wopa|0 fnt
|faint|p2a: Wopa
|
|-damage|p1a: Bisharp|7/100 tox|[from] psn
|upkeep
|
|t:|1757934149
|switch|p2a: Osha|Samurott-Hisui, M, shiny|100/100
|-damage|p2a: Osha|88/100|[from] Stealth Rock
|turn|15
|
|t:|1757934169
|move|p2a: Osha|Sucker Punch|p1a: Bisharp
|-damage|p1a: Bisharp|0 fnt
|faint|p1a: Bisharp
|
|upkeep
|
|t:|1757934172
|switch|p1a: Cyclizar|Cyclizar, M|100/100
|-damage|p1a: Cyclizar|88/100|[from] Spikes
|turn|16
|inactive|Pelonmago has 120 seconds left.
|
|t:|1757934188
|move|p1a: Cyclizar|U-turn|p2a: Osha
|-supereffective|p2a: Osha
|-damage|p2a: Osha|53/100
|
|t:|1757934193
|switch|p1a: Crawdaunt|Crawdaunt, F|94/100 tox|[from] U-turn
|-damage|p1a: Crawdaunt|82/100 tox|[from] Spikes
|move|p2a: Osha|Ceaseless Edge|p1a: Crawdaunt
|-resisted|p1a: Crawdaunt
|-damage|p1a: Crawdaunt|56/100 tox
|-sidestart|p1: FunnyBurritoMan|Spikes
|
|-damage|p1a: Crawdaunt|50/100 tox|[from] psn
|upkeep
|turn|17
|
|t:|1757934199
|move|p2a: Osha|Ceaseless Edge|p1a: Crawdaunt|[miss]
|-miss|p2a: Osha|p1a: Crawdaunt
|move|p1a: Crawdaunt|Close Combat|p2a: Osha
|-supereffective|p2a: Osha
|-damage|p2a: Osha|0 fnt
|-unboost|p1a: Crawdaunt|def|1
|-unboost|p1a: Crawdaunt|spd|1
|faint|p2a: Osha
|
|-damage|p1a: Crawdaunt|38/100 tox|[from] psn
|upkeep
|
|t:|1757934202
|switch|p2a: Maraca|Ogerpon-Wellspring, F|100/100
|-damage|p2a: Maraca|88/100|[from] Stealth Rock
|turn|18
|
|t:|1757934208
|move|p2a: Maraca|U-turn|p1a: Crawdaunt
|-supereffective|p1a: Crawdaunt
|-damage|p1a: Crawdaunt|0 fnt
|faint|p1a: Crawdaunt
|
|t:|1757934210
|switch|p2a: Mosca|Iron Moth, shiny|100/100|[from] U-turn
|-damage|p2a: Mosca|76/100|[from] Stealth Rock
|-enditem|p2a: Mosca|Booster Energy
|-activate|p2a: Mosca|ability: Quark Drive|[fromitem]
|-start|p2a: Mosca|quarkdrivespe
|
|upkeep
|
|t:|1757934217
|switch|p1a: Cyclizar|Cyclizar, M|100/100
|-damage|p1a: Cyclizar|84/100|[from] Spikes
|turn|19
|
|t:|1757934224
|move|p2a: Mosca|Dazzling Gleam|p1a: Cyclizar
|-supereffective|p1a: Cyclizar
|-damage|p1a: Cyclizar|0 fnt
|faint|p1a: Cyclizar
|
|win|Pelonmago
|raw|FunnyBurritoMan's rating: 1064 &rarr; <strong>1047</strong><br />(-17 for losing)
|raw|Pelonmago's rating: 1115 &rarr; <strong>1136</strong><br />(+21 for winning)
|l|☆FunnyBurritoMan
|player|p1|
|l|☆Pelonmago
|player|p2|
