|j|☆litter779
|j|☆JOAX1007
|html|<table width="100%"><tr><td align="left">litter779</td><td align="right">JOAX1007</tr><tr><td align="left"><i class="fa fa-circle-o"></i> <i class="fa fa-circle-o"></i> </td><td align="right"><i class="fa fa-circle-o"></i> <i class="fa fa-circle"></i> </tr></table>
|uhtml|bestof|<h2><strong>Game 2</strong> of <a href="/game-bestof3-gen9ou-2441136650">a best-of-3</a></h2>
|t:|1757804051
|gametype|singles
|player|p1|litter779|giovanni|
|player|p2|JOAX1007|hugh|
|gen|9
|tier|[Gen 9] OU
|rule|HP Percentage Mod: HP is shown in percentages
|rule|Endless Battle Clause: Forcing endless battles is banned
|rule|Species Clause: Limit one of each Pokémon
|rule|OHKO Clause: OHKO moves are banned
|rule|Evasion Items Clause: Evasion items are banned
|rule|Evasion Moves Clause: Evasion moves are banned
|rule|Evasion Abilities Clause: Evasion abilities are banned
|rule|Sleep Moves Clause: Sleep-inducing moves are banned
|raw|<div class="infobox"><details class="readmore"><summary><strong>6 custom rules:</strong></summary> Force Open Team Sheets, Anything Goes, maxteamsize=8, Picked Team Size = 6, Adjust Level = 100, bestof=3</details></div>
|clearpoke
|poke|p1|Glimmora, F|
|poke|p1|Gholdengo|
|poke|p1|Garchomp, M|
|poke|p1|Rillaboom, F|
|poke|p1|Hawlucha, M|
|poke|p1|Lokix, F|
|poke|p1|Skarmory, M|
|poke|p1|Gastrodon, F|
|poke|p2|Glimmora, F|
|poke|p2|Gholdengo|
|poke|p2|Garchomp, M|
|poke|p2|Rillaboom, M|
|poke|p2|Hawlucha, M|
|poke|p2|Lokix, F|
|poke|p2|Skarmory, F|
|poke|p2|Gastrodon, F|
|teampreview|6
|showteam|p1|Glimmora||FocusSash|ToxicDebris|MortalSpin,EarthPower,SludgeWave,PowerGem|||F||||,,,,,Rock]Gholdengo||AirBalloon|GoodasGold|NastyPlot,ShadowBall,Thunderbolt,MakeItRain|||||||,,,,,Fairy]Garchomp||RockyHelmet|RoughSkin|Earthquake,DragonTail,StealthRock,Spikes|||M||||,,,,,Ghost]Rillaboom||TerrainExtender|GrassySurge|GrassyGlide,KnockOff,Uturn,LowKick|||F||||,,,,,Grass]Hawlucha||GrassySeed|Unburden|SwordsDance,Acrobatics,CloseCombat,ThroatChop|||M||||,,,,,Fighting]Lokix||ChoiceBand|TintedLens|FirstImpression,Uturn,KnockOff,LeechLife|||F||||,,,,,Bug]Skarmory||Leftovers|Sturdy|Whirlwind,IronDefense,BodyPress,Roost|||M||||,,,,,Steel]Gastrodon||RindoBerry|StormDrain|MuddyWater,Recover,SludgeBomb,StealthRock|||F||||,,,,,Water
|showteam|p2|Glimmora||FocusSash|ToxicDebris|MortalSpin,EarthPower,SludgeWave,PowerGem|||F||||,,,,,Rock]Gholdengo||AirBalloon|GoodasGold|NastyPlot,ShadowBall,Recover,MakeItRain|||||||,,,,,Fairy]Garchomp||RockyHelmet|RoughSkin|Earthquake,DragonTail,StealthRock,Spikes|||M||||,,,,,Ghost]Rillaboom||TerrainExtender|GrassySurge|GrassyGlide,KnockOff,Uturn,LowKick|||M||||,,,,,Grass]Hawlucha||GrassySeed|Unburden|SwordsDance,Acrobatics,CloseCombat,ThroatChop|||M||||,,,,,Fighting]Lokix||ChoiceBand|TintedLens|FirstImpression,Uturn,KnockOff,LeechLife|||F||||,,,,,Bug]Skarmory||Leftovers|Sturdy|Whirlwind,IronDefense,BodyPress,Roost|||F||||,,,,,Steel]Gastrodon||RindoBerry|StormDrain|MuddyWater,Recover,SludgeBomb,StealthRock|||F||||,,,,,Water
|c|☆JOAX1007|Gg
|c|☆litter779|Gg
|c|☆JOAX1007|Si te digo la verdad me cagué xd
|c|☆JOAX1007|Ban al Skarmory
|c|☆litter779|Ban a hawlucha
|c|☆JOAX1007|Ok
|j| Taro777YT_
|
|t:|1757804109
|teamsize|p1|6
|teamsize|p2|6
|start
|switch|p1a: Gastrodon|Gastrodon, F|100/100
|switch|p2a: Rillaboom|Rillaboom, M, shiny|100/100
|-fieldstart|move: Grassy Terrain|[from] ability: Grassy Surge|[of] p2a: Rillaboom
|turn|1
|c|☆litter779|Dejo a loki
|c|☆JOAX1007|Deja a gas
|c|☆JOAX1007|Dejo a Gastrodon **
|
|t:|1757804145
|switch|p1a: Glimmora|Glimmora, F|100/100
|move|p2a: Rillaboom|Knock Off|p1a: Glimmora
|-damage|p1a: Glimmora|60/100
|-activate|p1a: Glimmora|ability: Toxic Debris
|-sidestart|p2: JOAX1007|move: Toxic Spikes
|-enditem|p1a: Glimmora|Focus Sash|[from] move: Knock Off|[of] p2a: Rillaboom
|
|-heal|p1a: Glimmora|66/100|[from] Grassy Terrain
|upkeep
|turn|2
|
|t:|1757804156
|switch|p2a: Gholdengo|Gholdengo|100/100
|-item|p2a: Gholdengo|Air Balloon
|move|p1a: Glimmora|Sludge Wave|p2a: Gholdengo
|-immune|p2a: Gholdengo
|
|-heal|p1a: Glimmora|72/100|[from] Grassy Terrain
|upkeep
|turn|3
|
|t:|1757804168
|switch|p1a: Gastrodon|Gastrodon, F|100/100
|move|p2a: Gholdengo|Nasty Plot|p2a: Gholdengo
|-boost|p2a: Gholdengo|spa|2
|
|upkeep
|turn|4
|
|t:|1757804174
|move|p2a: Gholdengo|Shadow Ball|p1a: Gastrodon
|-damage|p1a: Gastrodon|45/100
|move|p1a: Gastrodon|Muddy Water|p2a: Gholdengo
|-damage|p2a: Gholdengo|69/100
|-enditem|p2a: Gholdengo|Air Balloon
|
|-heal|p2a: Gholdengo|75/100|[from] Grassy Terrain
|-heal|p1a: Gastrodon|51/100|[from] Grassy Terrain
|upkeep
|turn|5
|c|☆JOAX1007|Te gusta el equipo litter?
|
|t:|1757804209
|move|p2a: Gholdengo|Shadow Ball|p1a: Gastrodon
|-damage|p1a: Gastrodon|0 fnt
|faint|p1a: Gastrodon
|
|-heal|p2a: Gholdengo|81/100|[from] Grassy Terrain
|upkeep
|c|☆JOAX1007|A mí se me hace muy divertido de jugar xd
|
|t:|1757804217
|switch|p1a: Hawlucha|Hawlucha, M|100/100
|-enditem|p1a: Hawlucha|Grassy Seed
|-boost|p1a: Hawlucha|def|1|[from] item: Grassy Seed
|turn|6
|
|t:|1757804222
|move|p1a: Hawlucha|Throat Chop|p2a: Gholdengo
|-supereffective|p2a: Gholdengo
|-damage|p2a: Gholdengo|45/100
|-start|p2a: Gholdengo|Throat Chop|[silent]
|move|p2a: Gholdengo|Shadow Ball|p1a: Hawlucha
|-damage|p1a: Hawlucha|0 fnt
|faint|p1a: Hawlucha
|
|-heal|p2a: Gholdengo|51/100|[from] Grassy Terrain
|upkeep
|
|t:|1757804229
|switch|p1a: Glimmora|Glimmora, F|72/100
|turn|7
|
|t:|1757804233
|move|p1a: Glimmora|Earth Power|p2a: Gholdengo
|-supereffective|p2a: Gholdengo
|-damage|p2a: Gholdengo|0 fnt
|faint|p2a: Gholdengo
|
|-heal|p1a: Glimmora|79/100|[from] Grassy Terrain
|upkeep
|
|t:|1757804241
|switch|p2a: Skarmory|Skarmory, F|100/100
|turn|8
|
|t:|1757804252
|switch|p1a: Gholdengo|Gholdengo|100/100
|-item|p1a: Gholdengo|Air Balloon
|switch|p2a: Glimmora|Glimmora, F|100/100
|-sideend|p2: JOAX1007|move: Toxic Spikes|[of] p2a: Glimmora
|
|-fieldend|move: Grassy Terrain
|upkeep
|turn|9
|
|t:|1757804263
|move|p2a: Glimmora|Power Gem|p1a: Gholdengo
|-resisted|p1a: Gholdengo
|-damage|p1a: Gholdengo|81/100
|-enditem|p1a: Gholdengo|Air Balloon
|move|p1a: Gholdengo|Nasty Plot|p1a: Gholdengo
|-boost|p1a: Gholdengo|spa|2
|
|upkeep
|turn|10
|
|t:|1757804270
|move|p2a: Glimmora|Earth Power|p1a: Gholdengo
|-supereffective|p1a: Gholdengo
|-damage|p1a: Gholdengo|15/100
|move|p1a: Gholdengo|Make It Rain|p2a: Glimmora
|-supereffective|p2a: Glimmora
|-enditem|p2a: Glimmora|Focus Sash
|-damage|p2a: Glimmora|1/100
|-unboost|p1a: Gholdengo|spa|1
|
|upkeep
|turn|11
|
|t:|1757804287
|switch|p1a: Rillaboom|Rillaboom, F|100/100
|-fieldstart|move: Grassy Terrain|[from] ability: Grassy Surge|[of] p1a: Rillaboom
|move|p2a: Glimmora|Earth Power|p1a: Rillaboom
|-resisted|p1a: Rillaboom
|-damage|p1a: Rillaboom|82/100
|
|-heal|p2a: Glimmora|7/100|[from] Grassy Terrain
|-heal|p1a: Rillaboom|88/100|[from] Grassy Terrain
|upkeep
|turn|12
|
|t:|1757804291
|move|p1a: Rillaboom|Grassy Glide|p2a: Glimmora
|-damage|p2a: Glimmora|0 fnt
|-activate|p2a: Glimmora|ability: Toxic Debris
|-sidestart|p1: litter779|move: Toxic Spikes
|faint|p2a: Glimmora
|
|-heal|p1a: Rillaboom|94/100|[from] Grassy Terrain
|upkeep
|
|t:|1757804293
|switch|p2a: Lokix|Lokix, F|100/100
|turn|13
|
|t:|1757804307
|switch|p1a: Glimmora|Glimmora, F|79/100
|-sideend|p1: litter779|move: Toxic Spikes|[of] p1a: Glimmora
|move|p2a: Lokix|U-turn|p1a: Glimmora
|-resisted|p1a: Glimmora
|-damage|p1a: Glimmora|15/100
|-activate|p1a: Glimmora|ability: Toxic Debris
|-sidestart|p2: JOAX1007|move: Toxic Spikes
|
|t:|1757804315
|switch|p2a: Garchomp|Garchomp, M|100/100|[from] U-turn
|-status|p2a: Garchomp|psn
|
|-heal|p1a: Glimmora|22/100|[from] Grassy Terrain
|-damage|p2a: Garchomp|88/100 psn|[from] psn
|upkeep
|turn|14
|
|t:|1757804329
|switch|p1a: Rillaboom|Rillaboom, F|94/100
|move|p2a: Garchomp|Earthquake|p1a: Rillaboom
|-resisted|p1a: Rillaboom
|-damage|p1a: Rillaboom|84/100
|
|-heal|p2a: Garchomp|94/100 psn|[from] Grassy Terrain
|-heal|p1a: Rillaboom|90/100|[from] Grassy Terrain
|-damage|p2a: Garchomp|82/100 psn|[from] psn
|upkeep
|turn|15
|
|t:|1757804340
|switch|p2a: Skarmory|Skarmory, F|100/100
|move|p1a: Rillaboom|Knock Off|p2a: Skarmory
|-damage|p2a: Skarmory|71/100
|-enditem|p2a: Skarmory|Leftovers|[from] move: Knock Off|[of] p1a: Rillaboom
|
|-heal|p1a: Rillaboom|96/100|[from] Grassy Terrain
|upkeep
|turn|16
|
|t:|1757804353
|move|p1a: Rillaboom|U-turn|p2a: Skarmory
|-resisted|p2a: Skarmory
|-crit|p2a: Skarmory
|-damage|p2a: Skarmory|64/100
|
|t:|1757804362
|switch|p1a: Gholdengo|Gholdengo|15/100|[from] U-turn
|move|p2a: Skarmory|Roost|p2a: Skarmory
|-heal|p2a: Skarmory|100/100
|-singleturn|p2a: Skarmory|move: Roost
|
|-heal|p1a: Gholdengo|21/100|[from] Grassy Terrain
|upkeep
|turn|17
|
|t:|1757804375
|switch|p2a: Garchomp|Garchomp, M|82/100 psn
|move|p1a: Gholdengo|Thunderbolt|p2a: Garchomp
|-immune|p2a: Garchomp
|
|-heal|p2a: Garchomp|88/100 psn|[from] Grassy Terrain
|-heal|p1a: Gholdengo|27/100|[from] Grassy Terrain
|-damage|p2a: Garchomp|76/100 psn|[from] psn
|upkeep
|turn|18
|
|t:|1757804381
|switch|p1a: Rillaboom|Rillaboom, F|96/100
|move|p2a: Garchomp|Dragon Tail|p1a: Rillaboom
|-damage|p1a: Rillaboom|73/100
|drag|p1a: Gholdengo|Gholdengo|27/100
|
|-heal|p2a: Garchomp|82/100 psn|[from] Grassy Terrain
|-heal|p1a: Gholdengo|33/100|[from] Grassy Terrain
|-damage|p2a: Garchomp|70/100 psn|[from] psn
|-fieldend|move: Grassy Terrain
|upkeep
|turn|19
|
|t:|1757804388
|switch|p1a: Glimmora|Glimmora, F|22/100
|move|p2a: Garchomp|Earthquake|p1a: Glimmora
|-supereffective|p1a: Glimmora
|-damage|p1a: Glimmora|0 fnt
|-activate|p1a: Glimmora|ability: Toxic Debris
|-sidestart|p2: JOAX1007|move: Toxic Spikes
|faint|p1a: Glimmora
|
|-damage|p2a: Garchomp|57/100 psn|[from] psn
|upkeep
|
|t:|1757804402
|switch|p1a: Garchomp|Garchomp, M|100/100
|turn|20
|
|t:|1757804407
|move|p2a: Garchomp|Dragon Tail|p1a: Garchomp
|-supereffective|p1a: Garchomp
|-damage|p1a: Garchomp|66/100
|-damage|p2a: Garchomp|45/100 psn|[from] ability: Rough Skin|[of] p1a: Garchomp
|-damage|p2a: Garchomp|28/100 psn|[from] item: Rocky Helmet|[of] p1a: Garchomp
|drag|p1a: Gholdengo|Gholdengo|33/100
|
|-damage|p2a: Garchomp|16/100 psn|[from] psn
|upkeep
|turn|21
|
|t:|1757804420
|switch|p1a: Rillaboom|Rillaboom, F|73/100
|-fieldstart|move: Grassy Terrain|[from] ability: Grassy Surge|[of] p1a: Rillaboom
|move|p2a: Garchomp|Earthquake|p1a: Rillaboom
|-resisted|p1a: Rillaboom
|-damage|p1a: Rillaboom|63/100
|
|-heal|p2a: Garchomp|22/100 psn|[from] Grassy Terrain
|-heal|p1a: Rillaboom|69/100|[from] Grassy Terrain
|-damage|p2a: Garchomp|10/100 psn|[from] psn
|upkeep
|turn|22
|
|t:|1757804436
|move|p1a: Rillaboom|U-turn|p2a: Garchomp
|-crit|p2a: Garchomp
|-damage|p2a: Garchomp|0 fnt
|-damage|p1a: Rillaboom|57/100|[from] ability: Rough Skin|[of] p2a: Garchomp
|-damage|p1a: Rillaboom|40/100|[from] item: Rocky Helmet|[of] p2a: Garchomp
|faint|p2a: Garchomp
|
|t:|1757804443
|switch|p1a: Gholdengo|Gholdengo|33/100|[from] U-turn
|
|-heal|p1a: Gholdengo|39/100|[from] Grassy Terrain
|upkeep
|
|t:|1757804446
|switch|p2a: Lokix|Lokix, F|100/100
|-status|p2a: Lokix|tox
|turn|23
|
|t:|1757804456
|switch|p2a: Rillaboom|Rillaboom, M, shiny|100/100
|-status|p2a: Rillaboom|tox
|switch|p1a: Garchomp|Garchomp, M|66/100
|
|-heal|p1a: Garchomp|72/100|[from] Grassy Terrain
|-damage|p2a: Rillaboom|94/100 tox|[from] psn
|upkeep
|turn|24
|
|t:|1757804468
|move|p1a: Garchomp|Stealth Rock|p2a: Rillaboom
|-sidestart|p2: JOAX1007|move: Stealth Rock
|move|p2a: Rillaboom|Knock Off|p1a: Garchomp
|-damage|p1a: Garchomp|51/100
|-damage|p2a: Rillaboom|82/100 tox|[from] ability: Rough Skin|[of] p1a: Garchomp
|-damage|p2a: Rillaboom|65/100 tox|[from] item: Rocky Helmet|[of] p1a: Garchomp
|-enditem|p1a: Garchomp|Rocky Helmet|[from] move: Knock Off|[of] p2a: Rillaboom
|
|-heal|p1a: Garchomp|57/100|[from] Grassy Terrain
|-heal|p2a: Rillaboom|71/100 tox|[from] Grassy Terrain
|-damage|p2a: Rillaboom|59/100 tox|[from] psn
|upkeep
|turn|25
|
|t:|1757804475
|move|p2a: Rillaboom|U-turn|p1a: Garchomp
|-damage|p1a: Garchomp|40/100
|-damage|p2a: Rillaboom|47/100 tox|[from] ability: Rough Skin|[of] p1a: Garchomp
|
|t:|1757804478
|switch|p2a: Skarmory|Skarmory, F|100/100|[from] U-turn
|-damage|p2a: Skarmory|88/100|[from] Stealth Rock
|move|p1a: Garchomp|Dragon Tail|p2a: Skarmory
|-resisted|p2a: Skarmory
|-damage|p2a: Skarmory|78/100
|drag|p2a: Lokix|Lokix, F|100/100 tox
|-damage|p2a: Lokix|76/100 tox|[from] Stealth Rock
|
|-heal|p2a: Lokix|82/100 tox|[from] Grassy Terrain
|-heal|p1a: Garchomp|47/100|[from] Grassy Terrain
|-damage|p2a: Lokix|76/100 tox|[from] psn
|upkeep
|turn|26
|
|t:|1757804494
|move|p2a: Lokix|First Impression|p1a: Garchomp
|-damage|p1a: Garchomp|7/100
|-damage|p2a: Lokix|63/100 tox|[from] ability: Rough Skin|[of] p1a: Garchomp
|move|p1a: Garchomp|Dragon Tail|p2a: Lokix
|-damage|p2a: Lokix|24/100 tox
|drag|p2a: Rillaboom|Rillaboom, M, shiny|47/100 tox
|-damage|p2a: Rillaboom|34/100 tox|[from] Stealth Rock
|
|-heal|p1a: Garchomp|14/100|[from] Grassy Terrain
|-heal|p2a: Rillaboom|40/100 tox|[from] Grassy Terrain
|-damage|p2a: Rillaboom|34/100 tox|[from] psn
|upkeep
|turn|27
|
|t:|1757804512
|move|p1a: Garchomp|Spikes|p2a: Rillaboom
|-sidestart|p2: JOAX1007|Spikes
|move|p2a: Rillaboom|Knock Off|p1a: Garchomp
|-damage|p1a: Garchomp|0 fnt
|-damage|p2a: Rillaboom|22/100 tox|[from] ability: Rough Skin|[of] p1a: Garchomp
|faint|p1a: Garchomp
|
|-heal|p2a: Rillaboom|28/100 tox|[from] Grassy Terrain
|-damage|p2a: Rillaboom|16/100 tox|[from] psn
|upkeep
|
|t:|1757804524
|switch|p1a: Rillaboom|Rillaboom, F|40/100
|turn|28
|
|t:|1757804527
|move|p2a: Rillaboom|Grassy Glide|p1a: Rillaboom
|-resisted|p1a: Rillaboom
|-damage|p1a: Rillaboom|21/100
|move|p1a: Rillaboom|U-turn|p2a: Rillaboom
|-supereffective|p2a: Rillaboom
|-damage|p2a: Rillaboom|0 fnt
|faint|p2a: Rillaboom
|
|t:|1757804535
|switch|p1a: Gholdengo|Gholdengo|39/100|[from] U-turn
|
|-heal|p1a: Gholdengo|45/100|[from] Grassy Terrain
|-fieldend|move: Grassy Terrain
|upkeep
|
|t:|1757804540
|switch|p2a: Lokix|Lokix, F|24/100 tox
|-damage|p2a: Lokix|0 fnt|[from] Stealth Rock
|faint|p2a: Lokix
|
|t:|1757804542
|switch|p2a: Skarmory|Skarmory, F|78/100
|-damage|p2a: Skarmory|65/100|[from] Stealth Rock
|turn|29
|c|☆JOAX1007|Gg
|
|t:|1757804552
|move|p1a: Gholdengo|Thunderbolt|p2a: Skarmory
|-supereffective|p2a: Skarmory
|-damage|p2a: Skarmory|13/100
|move|p2a: Skarmory|Roost|p2a: Skarmory
|-heal|p2a: Skarmory|63/100
|-singleturn|p2a: Skarmory|move: Roost
|
|upkeep
|turn|30
|
|t:|1757804560
|move|p1a: Gholdengo|Thunderbolt|p2a: Skarmory
|-supereffective|p2a: Skarmory
|-damage|p2a: Skarmory|11/100
|move|p2a: Skarmory|Whirlwind|p1a: Gholdengo
|-immune|p1a: Gholdengo|[from] ability: Good as Gold
|
|upkeep
|turn|31
|
|t:|1757804567
|move|p1a: Gholdengo|Thunderbolt|p2a: Skarmory
|-supereffective|p2a: Skarmory
|-damage|p2a: Skarmory|0 fnt
|faint|p2a: Skarmory
|
|win|litter779
||JOAX1007 is ready for game 3.
||JOAX1007 is ready for game 3.
|inactive|litter779 has 30 seconds to confirm battle start!
||litter779 is ready for game 3.
|uhtml|next|Next: <a href="/battle-gen9ou-2441143779"><strong>Game 3 of 3</strong></a>
