|j|☆dyata
|j|☆ultrakfc
|t:|1757786227
|gametype|singles
|player|p1|dyata|hooligans|1344
|player|p2|ultrakfc|iris-gen5bw2|1372
|gen|9
|tier|[Gen 9] OU
|rated|
|rule|HP Percentage Mod: HP is shown in percentages
|rule|Endless Battle Clause: Forcing endless battles is banned
|rule|Species Clause: Limit one of each Pokémon
|rule|OHKO Clause: OHKO moves are banned
|rule|Evasion Items Clause: Evasion items are banned
|rule|Evasion Moves Clause: Evasion moves are banned
|rule|Evasion Abilities Clause: Evasion abilities are banned
|rule|Sleep Moves Clause: Sleep-inducing moves are banned
|clearpoke
|poke|p1|Corviknight, F|
|poke|p1|Cinderace, F|
|poke|p1|Sylveon, F|
|poke|p1|Raging Bolt|
|poke|p1|Zamazenta-*|
|poke|p1|Keldeo|
|poke|p2|Landorus-Therian, M|
|poke|p2|Cinderace, M|
|poke|p2|Alomomola, F|
|poke|p2|Zapdos|
|poke|p2|Slowking-Galar, M|
|poke|p2|Iron Valiant|
|teampreview
|inactive|Battle timer is ON: inactive players will automatically lose when time's up. (requested by dyata)
|
|t:|1757786244
|teamsize|p1|6
|teamsize|p2|6
|start
|switch|p1a: Cinderace|Cinderace, F|100/100
|switch|p2a: Slowking|Slowking-Galar, M|100/100
|turn|1
|
|t:|1757786250
|move|p1a: Cinderace|U-turn|p2a: Slowking
|-start|p1a: Cinderace|typechange|Bug|[from] ability: Libero
|-damage|p2a: Slowking|51/100
|
|t:|1757786253
|switch|p1a: Sylveon|Sylveon, F|100/100|[from] U-turn
|move|p2a: Slowking|Future Sight|p1a: Sylveon
|-start|p2a: Slowking|move: Future Sight
|
|upkeep
|turn|2
|
|t:|1757786262
|move|p1a: Sylveon|Shadow Ball|p2a: Slowking
|-supereffective|p2a: Slowking
|-damage|p2a: Slowking|17/100
|-prepare|p2a: Slowking|Chilly Reception|[premajor]
|move|p2a: Slowking|Chilly Reception|p2a: Slowking
|-weather|Snowscape
|
|t:|1757786279
|switch|p2a: Alomomola|Alomomola, F|100/100|[from] Chilly Reception
|
|-weather|Snowscape|[upkeep]
|upkeep
|turn|3
|
|t:|1757786284
|move|p1a: Sylveon|Hyper Voice|p2a: Alomomola
|-crit|p2a: Alomomola
|-damage|p2a: Alomomola|62/100
|move|p2a: Alomomola|Flip Turn|p1a: Sylveon
|-damage|p1a: Sylveon|79/100
|
|t:|1757786293
|switch|p2a: Slowking|Slowking-Galar, M|50/100|[from] Flip Turn
|
|-weather|Snowscape|[upkeep]
|-end|p1a: Sylveon|move: Future Sight
|-damage|p1a: Sylveon|58/100
|upkeep
|turn|4
|
|t:|1757786302
|move|p1a: Sylveon|Shadow Ball|p2a: Slowking
|-supereffective|p2a: Slowking
|-damage|p2a: Slowking|15/100
|-prepare|p2a: Slowking|Chilly Reception|[premajor]
|move|p2a: Slowking|Chilly Reception|p2a: Slowking
|
|t:|1757786306
|switch|p2a: Alomomola|Alomomola, F|95/100|[from] Chilly Reception
|
|-weather|Snowscape|[upkeep]
|upkeep
|turn|5
|
|t:|1757786312
|switch|p1a: Corviknight|Corviknight, F|100/100
|-ability|p1a: Corviknight|Pressure
|move|p2a: Alomomola|Mirror Coat||[still]
|-fail|p2a: Alomomola
|
|-weather|Snowscape|[upkeep]
|upkeep
|turn|6
|
|t:|1757786320
|move|p1a: Corviknight|Brave Bird|p2a: Alomomola
|-damage|p2a: Alomomola|65/100
|-damage|p1a: Corviknight|87/100|[from] Recoil
|move|p2a: Alomomola|Flip Turn|p1a: Corviknight
|-damage|p1a: Corviknight|77/100
|-damage|p2a: Alomomola|48/100|[from] item: Rocky Helmet|[of] p1a: Corviknight
|
|t:|1757786323
|switch|p2a: Slowking|Slowking-Galar, M|48/100|[from] Flip Turn
|
|-weather|none
|upkeep
|turn|7
|
|t:|1757786329
|switch|p2a: Landorus|Landorus-Therian, M|100/100
|-ability|p2a: Landorus|Intimidate|boost
|-unboost|p1a: Corviknight|atk|1
|move|p1a: Corviknight|U-turn|p2a: Landorus
|-resisted|p2a: Landorus
|-damage|p2a: Landorus|95/100
|
|t:|1757786332
|switch|p1a: Keldeo|Keldeo|100/100|[from] U-turn
|
|upkeep
|turn|8
|
|t:|1757786360
|switch|p2a: Alomomola|Alomomola, F|81/100
|move|p1a: Keldeo|Flip Turn|p2a: Alomomola
|-resisted|p2a: Alomomola
|-damage|p2a: Alomomola|76/100
|
|t:|1757786364
|switch|p1a: Raging Bolt|Raging Bolt|100/100|[from] Flip Turn
|-enditem|p1a: Raging Bolt|Booster Energy
|-activate|p1a: Raging Bolt|ability: Protosynthesis|[fromitem]
|-start|p1a: Raging Bolt|protosynthesisspa
|
|upkeep
|turn|9
|
|t:|1757786376
|-terastallize|p2a: Alomomola|Fairy
|move|p1a: Raging Bolt|Thunderbolt|p2a: Alomomola
|-damage|p2a: Alomomola|43/100
|move|p2a: Alomomola|Play Rough|p1a: Raging Bolt
|-supereffective|p1a: Raging Bolt
|-damage|p1a: Raging Bolt|63/100
|
|upkeep
|turn|10
|
|t:|1757786385
|-end|p1a: Raging Bolt|Protosynthesis|[silent]
|switch|p1a: Corviknight|Corviknight, F|77/100
|-ability|p1a: Corviknight|Pressure
|move|p2a: Alomomola|Mirror Coat||[still]
|-fail|p2a: Alomomola
|
|upkeep
|turn|11
|
|t:|1757786399
|move|p1a: Corviknight|U-turn|p2a: Alomomola
|-resisted|p2a: Alomomola
|-damage|p2a: Alomomola|38/100
|
|t:|1757786408
|switch|p1a: Cinderace|Cinderace, F|100/100|[from] U-turn
|move|p2a: Alomomola|Flip Turn|p1a: Cinderace
|-supereffective|p1a: Cinderace
|-damage|p1a: Cinderace|55/100
|
|t:|1757786422
|switch|p2a: Iron Valiant|Iron Valiant|100/100|[from] Flip Turn
|
|upkeep
|turn|12
|
|t:|1757786433
|move|p1a: Cinderace|Pyro Ball|p2a: Iron Valiant
|-damage|p2a: Iron Valiant|0 fnt
|faint|p2a: Iron Valiant
|-end|p2a: Iron Valiant|Quark Drive|[silent]
|
|upkeep
|
|t:|1757786443
|switch|p2a: Landorus|Landorus-Therian, M|95/100
|-ability|p2a: Landorus|Intimidate|boost
|-unboost|p1a: Cinderace|atk|1
|turn|13
|
|t:|1757786449
|switch|p2a: Alomomola|Alomomola, F, tera:Fairy|71/100
|switch|p1a: Corviknight|Corviknight, F|77/100
|-ability|p1a: Corviknight|Pressure
|
|upkeep
|turn|14
|
|t:|1757786456
|move|p1a: Corviknight|Brave Bird|p2a: Alomomola
|-damage|p2a: Alomomola|43/100
|-damage|p1a: Corviknight|64/100|[from] Recoil
|move|p2a: Alomomola|Flip Turn|p1a: Corviknight
|-crit|p1a: Corviknight
|-damage|p1a: Corviknight|49/100
|-damage|p2a: Alomomola|27/100|[from] item: Rocky Helmet|[of] p1a: Corviknight
|
|t:|1757786469
|switch|p2a: Zapdos|Zapdos|100/100|[from] Flip Turn
|
|upkeep
|turn|15
|
|t:|1757786483
|switch|p1a: Raging Bolt|Raging Bolt|63/100
|move|p2a: Zapdos|Volt Switch|p1a: Raging Bolt
|-resisted|p1a: Raging Bolt
|-damage|p1a: Raging Bolt|57/100
|
|t:|1757786486
|switch|p2a: Landorus|Landorus-Therian, M|95/100|[from] Volt Switch
|-ability|p2a: Landorus|Intimidate|boost
|-unboost|p1a: Raging Bolt|atk|1
|
|upkeep
|turn|16
|
|t:|1757786492
|switch|p2a: Zapdos|Zapdos|100/100
|-end|p1a: Raging Bolt|Protosynthesis|[silent]
|switch|p1a: Keldeo|Keldeo|100/100
|
|upkeep
|turn|17
|
|t:|1757786506
|switch|p1a: Raging Bolt|Raging Bolt|57/100
|move|p2a: Zapdos|Discharge|p1a: Raging Bolt
|-resisted|p1a: Raging Bolt
|-damage|p1a: Raging Bolt|50/100
|
|upkeep
|turn|18
|
|t:|1757786511
|move|p2a: Zapdos|Volt Switch|p1a: Raging Bolt
|-resisted|p1a: Raging Bolt
|-damage|p1a: Raging Bolt|43/100
|
|t:|1757786515
|switch|p2a: Landorus|Landorus-Therian, M|95/100|[from] Volt Switch
|-ability|p2a: Landorus|Intimidate|boost
|-unboost|p1a: Raging Bolt|atk|1
|move|p1a: Raging Bolt|Dragon Pulse|p2a: Landorus
|-damage|p2a: Landorus|31/100
|
|upkeep
|turn|19
|
|t:|1757786526
|-end|p1a: Raging Bolt|Protosynthesis|[silent]
|switch|p1a: Corviknight|Corviknight, F|49/100
|-ability|p1a: Corviknight|Pressure
|move|p2a: Landorus|U-turn|p1a: Corviknight
|-resisted|p1a: Corviknight
|-damage|p1a: Corviknight|46/100
|-damage|p2a: Landorus|14/100|[from] item: Rocky Helmet|[of] p1a: Corviknight
|
|t:|1757786531
|switch|p2a: Slowking|Slowking-Galar, M|82/100|[from] U-turn
|
|upkeep
|turn|20
|
|t:|1757786536
|move|p1a: Corviknight|Roost|p1a: Corviknight
|-heal|p1a: Corviknight|96/100
|-singleturn|p1a: Corviknight|move: Roost
|move|p2a: Slowking|Future Sight|p1a: Corviknight
|-start|p2a: Slowking|move: Future Sight
|
|upkeep
|turn|21
|
|t:|1757786539
|move|p1a: Corviknight|Brave Bird|p2a: Slowking
|-damage|p2a: Slowking|46/100
|-damage|p1a: Corviknight|84/100|[from] Recoil
|-prepare|p2a: Slowking|Chilly Reception|[premajor]
|move|p2a: Slowking|Chilly Reception|p2a: Slowking
|-weather|Snowscape
|
|t:|1757786551
|switch|p2a: Cinderace|Cinderace, M|100/100|[from] Chilly Reception
|
|-weather|Snowscape|[upkeep]
|upkeep
|turn|22
|
|t:|1757786560
|switch|p1a: Sylveon|Sylveon, F|58/100
|move|p2a: Cinderace|Pyro Ball|p1a: Sylveon
|-damage|p1a: Sylveon|0 fnt
|faint|p1a: Sylveon
|
|-weather|Snowscape|[upkeep]
|-hint|Future Sight did not hit because the target is fainted.
|upkeep
|
|t:|1757786567
|switch|p1a: Keldeo|Keldeo|100/100
|turn|23
|
|t:|1757786578
|switch|p2a: Alomomola|Alomomola, F, tera:Fairy|60/100
|move|p1a: Keldeo|Surf|p2a: Alomomola
|-damage|p2a: Alomomola|39/100
|
|-weather|Snowscape|[upkeep]
|upkeep
|turn|24
|
|t:|1757786585
|move|p1a: Keldeo|Flip Turn|p2a: Alomomola
|-damage|p2a: Alomomola|27/100
|
|t:|1757786591
|switch|p1a: Raging Bolt|Raging Bolt|43/100|[from] Flip Turn
|move|p2a: Alomomola|Flip Turn|p1a: Raging Bolt
|-resisted|p1a: Raging Bolt
|-damage|p1a: Raging Bolt|37/100
|
|t:|1757786597
|switch|p2a: Slowking|Slowking-Galar, M|79/100|[from] Flip Turn
|
|-weather|Snowscape|[upkeep]
|upkeep
|turn|25
|
|t:|1757786603
|move|p1a: Raging Bolt|Dragon Pulse|p2a: Slowking
|-damage|p2a: Slowking|48/100
|move|p2a: Slowking|Future Sight|p1a: Raging Bolt
|-start|p2a: Slowking|move: Future Sight
|
|-weather|none
|upkeep
|turn|26
|
|t:|1757786619
|switch|p2a: Alomomola|Alomomola, F, tera:Fairy|60/100
|move|p1a: Raging Bolt|Thunderbolt|p2a: Alomomola
|-damage|p2a: Alomomola|35/100
|
|upkeep
|turn|27
|
|t:|1757786627
|-end|p1a: Raging Bolt|Protosynthesis|[silent]
|switch|p1a: Corviknight|Corviknight, F|84/100
|-ability|p1a: Corviknight|Pressure
|switch|p2a: Slowking|Slowking-Galar, M|82/100
|
|-end|p1a: Corviknight|move: Future Sight
|-resisted|p1a: Corviknight
|-damage|p1a: Corviknight|63/100
|upkeep
|turn|28
|
|t:|1757786633
|move|p1a: Corviknight|Brave Bird|p2a: Slowking
|-damage|p2a: Slowking|46/100
|-damage|p1a: Corviknight|51/100|[from] Recoil
|move|p2a: Slowking|Future Sight|p1a: Corviknight
|-start|p2a: Slowking|move: Future Sight
|
|upkeep
|turn|29
|
|t:|1757786644
|switch|p2a: Alomomola|Alomomola, F, tera:Fairy|68/100
|move|p1a: Corviknight|Roost|p1a: Corviknight
|-heal|p1a: Corviknight|100/100
|-singleturn|p1a: Corviknight|move: Roost
|
|upkeep
|turn|30
|
|t:|1757786655
|switch|p2a: Slowking|Slowking-Galar, M|79/100
|move|p1a: Corviknight|Brave Bird|p2a: Slowking
|-damage|p2a: Slowking|43/100
|-damage|p1a: Corviknight|89/100|[from] Recoil
|
|-end|p1a: Corviknight|move: Future Sight
|-resisted|p1a: Corviknight
|-damage|p1a: Corviknight|67/100
|upkeep
|turn|31
|
|t:|1757786662
|switch|p2a: Alomomola|Alomomola, F, tera:Fairy|100/100
|move|p1a: Corviknight|Brave Bird|p2a: Alomomola
|-damage|p2a: Alomomola|73/100
|-damage|p1a: Corviknight|55/100|[from] Recoil
|
|upkeep
|turn|32
|
|t:|1757786668
|switch|p2a: Slowking|Slowking-Galar, M|76/100
|move|p1a: Corviknight|Brave Bird|p2a: Slowking
|-damage|p2a: Slowking|38/100
|-damage|p1a: Corviknight|42/100|[from] Recoil
|
|upkeep
|turn|33
|
|t:|1757786675
|move|p1a: Corviknight|Brave Bird|p2a: Slowking
|-damage|p2a: Slowking|4/100
|-damage|p1a: Corviknight|31/100|[from] Recoil
|move|p2a: Slowking|Future Sight|p1a: Corviknight
|-start|p2a: Slowking|move: Future Sight
|
|upkeep
|turn|34
|
|t:|1757786682
|switch|p2a: Alomomola|Alomomola, F, tera:Fairy|100/100
|move|p1a: Corviknight|Roost|p1a: Corviknight
|-heal|p1a: Corviknight|81/100
|-singleturn|p1a: Corviknight|move: Roost
|
|upkeep
|turn|35
|
|t:|1757786687
|move|p1a: Corviknight|U-turn|p2a: Alomomola
|-resisted|p2a: Alomomola
|-damage|p2a: Alomomola|95/100
|
|t:|1757786695
|switch|p1a: Keldeo|Keldeo|100/100|[from] U-turn
|move|p2a: Alomomola|Flip Turn|p1a: Keldeo
|-resisted|p1a: Keldeo
|-damage|p1a: Keldeo|90/100
|
|t:|1757786705
|switch|p2a: Slowking|Slowking-Galar, M|37/100|[from] Flip Turn
|
|-end|p1a: Keldeo|move: Future Sight
|-supereffective|p1a: Keldeo
|-damage|p1a: Keldeo|0 fnt
|faint|p1a: Keldeo
|upkeep
|
|t:|1757786711
|switch|p1a: Cinderace|Cinderace, F|55/100
|turn|36
|
|t:|1757786716
|switch|p2a: Alomomola|Alomomola, F, tera:Fairy|100/100
|move|p1a: Cinderace|Pyro Ball|p2a: Alomomola
|-damage|p2a: Alomomola|39/100
|
|upkeep
|turn|37
|inactive|ultrakfc has 120 seconds left.
|
|t:|1757786746
|switch|p2a: Landorus|Landorus-Therian, M|14/100
|-ability|p2a: Landorus|Intimidate|boost
|-unboost|p1a: Cinderace|atk|1
|move|p1a: Cinderace|Pyro Ball|p2a: Landorus
|-damage|p2a: Landorus|0 fnt
|faint|p2a: Landorus
|
|upkeep
|
|t:|1757786749
|switch|p2a: Alomomola|Alomomola, F, tera:Fairy|72/100
|turn|38
|
|t:|1757786753
|switch|p1a: Corviknight|Corviknight, F|81/100
|-ability|p1a: Corviknight|Pressure
|move|p2a: Alomomola|Aqua Jet|p1a: Corviknight
|-crit|p1a: Corviknight
|-damage|p1a: Corviknight|70/100
|-damage|p2a: Alomomola|55/100|[from] item: Rocky Helmet|[of] p1a: Corviknight
|
|upkeep
|turn|39
|
|t:|1757786761
|switch|p2a: Slowking|Slowking-Galar, M|70/100
|move|p1a: Corviknight|U-turn|p2a: Slowking
|-damage|p2a: Slowking|57/100
|
|t:|1757786762
|switch|p1a: Cinderace|Cinderace, F|55/100|[from] U-turn
|
|upkeep
|turn|40
|
|t:|1757786770
|switch|p2a: Zapdos|Zapdos|100/100
|move|p1a: Cinderace|Pyro Ball|p2a: Zapdos
|-damage|p2a: Zapdos|36/100
|-status|p2a: Zapdos|brn
|
|-damage|p2a: Zapdos|30/100 brn|[from] brn
|upkeep
|turn|41
|
|t:|1757786779
|move|p1a: Cinderace|Pyro Ball|p2a: Zapdos
|-damage|p2a: Zapdos|0 fnt
|faint|p2a: Zapdos
|
|upkeep
|
|t:|1757786791
|switch|p2a: Alomomola|Alomomola, F, tera:Fairy|89/100
|turn|42
|
|t:|1757786796
|switch|p1a: Zamazenta|Zamazenta|100/100
|-ability|p1a: Zamazenta|Dauntless Shield|boost
|-boost|p1a: Zamazenta|def|1
|move|p2a: Alomomola|Flip Turn|p1a: Zamazenta
|-damage|p1a: Zamazenta|89/100
|
|t:|1757786799
|switch|p2a: Cinderace|Cinderace, M|100/100|[from] Flip Turn
|
|-heal|p1a: Zamazenta|96/100|[from] item: Leftovers
|upkeep
|turn|43
|
|t:|1757786805
|switch|p1a: Cinderace|Cinderace, F|55/100
|move|p2a: Cinderace|Will-O-Wisp|p1a: Cinderace
|-immune|p1a: Cinderace
|
|upkeep
|turn|44
|
|t:|1757786811
|move|p1a: Cinderace|High Jump Kick|p2a: Cinderace
|-start|p1a: Cinderace|typechange|Fighting|[from] ability: Libero
|-damage|p2a: Cinderace|0 fnt
|faint|p2a: Cinderace
|
|upkeep
|
|t:|1757786815
|switch|p2a: Slowking|Slowking-Galar, M|90/100
|turn|45
|
|t:|1757786823
|switch|p1a: Corviknight|Corviknight, F|70/100
|-ability|p1a: Corviknight|Pressure
|move|p2a: Slowking|Future Sight|p1a: Corviknight
|-start|p2a: Slowking|move: Future Sight
|
|upkeep
|turn|46
|
|t:|1757786829
|move|p1a: Corviknight|Brave Bird|p2a: Slowking
|-damage|p2a: Slowking|53/100
|-damage|p1a: Corviknight|58/100|[from] Recoil
|move|p2a: Slowking|Ice Beam|p1a: Corviknight
|-damage|p1a: Corviknight|36/100
|
|upkeep
|turn|47
|
|t:|1757786836
|move|p1a: Corviknight|Roost|p1a: Corviknight
|-heal|p1a: Corviknight|86/100
|-singleturn|p1a: Corviknight|move: Roost
|move|p2a: Slowking|Ice Beam|p1a: Corviknight
|-resisted|p1a: Corviknight
|-damage|p1a: Corviknight|75/100
|
|-end|p1a: Corviknight|move: Future Sight
|-resisted|p1a: Corviknight
|-damage|p1a: Corviknight|53/100
|upkeep
|turn|48
|-message|ultrakfc forfeited.
|
|win|dyata
|raw|dyata's rating: 1344 &rarr; <strong>1366</strong><br />(+22 for winning)
|raw|ultrakfc's rating: 1372 &rarr; <strong>1350</strong><br />(-22 for losing)
|l|☆ultrakfc
|player|p2|
|l|☆dyata
|player|p1|
