|j|☆jolly cop
|j|☆slinledieuvivant
|t:|1757856175
|gametype|singles
|player|p1|jolly cop|falkner|1402
|player|p2|slinledieuvivant|266|1477
|gen|9
|tier|[Gen 9] OU
|rated|
|rule|HP Percentage Mod: HP is shown in percentages
|rule|Endless Battle Clause: Forcing endless battles is banned
|rule|Species Clause: Limit one of each Pokémon
|rule|OHKO Clause: OHKO moves are banned
|rule|Evasion Items Clause: Evasion items are banned
|rule|Evasion Moves Clause: Evasion moves are banned
|rule|Evasion Abilities Clause: Evasion abilities are banned
|rule|Sleep Moves Clause: Sleep-inducing moves are banned
|clearpoke
|poke|p1|Corviknight, F|
|poke|p1|Ogerpon, F|
|poke|p1|Gliscor, F|
|poke|p1|Alomomola, M|
|poke|p1|Slowking-Galar, F|
|poke|p1|Weavile, F|
|poke|p2|Delphox, F|
|poke|p2|Alomomola, F|
|poke|p2|Iron Treads|
|poke|p2|Zapdos|
|poke|p2|Chesnaught, F|
|poke|p2|Greninja-*, M|
|teampreview
|inactive|Battle timer is ON: inactive players will automatically lose when time's up. (requested by jolly cop)
|
|t:|1757856202
|teamsize|p1|6
|teamsize|p2|6
|start
|switch|p1a: Weavile|Weavile, F|100/100
|switch|p2a: Iron Treads|Iron Treads|100/100
|-ability|p1a: Weavile|Pressure
|turn|1
|
|t:|1757856213
|move|p1a: Weavile|Knock Off|p2a: Iron Treads
|-damage|p2a: Iron Treads|65/100
|-enditem|p2a: Iron Treads|Leftovers|[from] move: Knock Off|[of] p1a: Weavile
|move|p2a: Iron Treads|Stealth Rock|p1a: Weavile
|-sidestart|p1: jolly cop|move: Stealth Rock
|
|upkeep
|turn|2
|
|t:|1757856222
|switch|p1a: Corviknight|Corviknight, F|100/100
|-damage|p1a: Corviknight|88/100|[from] Stealth Rock
|-ability|p1a: Corviknight|Pressure
|move|p2a: Iron Treads|Knock Off|p1a: Corviknight
|-damage|p1a: Corviknight|74/100
|-enditem|p1a: Corviknight|Leftovers|[from] move: Knock Off|[of] p2a: Iron Treads
|
|upkeep
|turn|3
|
|t:|1757856231
|-end|p2a: Iron Treads|Quark Drive|[silent]
|switch|p2a: Delphox|Delphox, F, shiny|100/100
|move|p1a: Corviknight|Defog|p2a: Delphox
|-unboost|p2a: Delphox|evasion|1
|-sideend|p1: jolly cop|Stealth Rock|[from] move: Defog|[of] p1a: Corviknight
|
|upkeep
|turn|4
|
|t:|1757856245
|switch|p1a: Slowking|Slowking-Galar, F|100/100
|move|p2a: Delphox|Nasty Plot|p2a: Delphox
|-boost|p2a: Delphox|spa|2
|
|upkeep
|turn|5
|
|t:|1757856258
|move|p2a: Delphox|Psyshock|p1a: Slowking
|-damage|p1a: Slowking|22/100
|move|p1a: Slowking|Sludge Bomb|p2a: Delphox
|-crit|p2a: Delphox
|-damage|p2a: Delphox|46/100
|
|upkeep
|turn|6
|
|t:|1757856267
|move|p2a: Delphox|Fire Blast|p1a: Slowking
|-damage|p1a: Slowking|0 fnt
|faint|p1a: Slowking
|
|upkeep
|
|t:|1757856270
|switch|p1a: Ogerpon|Ogerpon, F|100/100
|turn|7
|
|t:|1757856275
|switch|p2a: Chesnaught|Chesnaught, F|100/100
|move|p1a: Ogerpon|Knock Off|p2a: Chesnaught
|-resisted|p2a: Chesnaught
|-damage|p2a: Chesnaught|92/100
|-damage|p1a: Ogerpon|84/100|[from] item: Rocky Helmet|[of] p2a: Chesnaught
|-enditem|p2a: Chesnaught|Rocky Helmet|[from] move: Knock Off|[of] p1a: Ogerpon
|
|upkeep
|turn|8
|
|t:|1757856289
|move|p1a: Ogerpon|U-turn|p2a: Chesnaught
|-damage|p2a: Chesnaught|79/100
|
|t:|1757856293
|switch|p1a: Gliscor|Gliscor, F|100/100|[from] U-turn
|move|p2a: Chesnaught|Knock Off|p1a: Gliscor
|-damage|p1a: Gliscor|82/100
|-enditem|p1a: Gliscor|Toxic Orb|[from] move: Knock Off|[of] p2a: Chesnaught
|
|upkeep
|turn|9
|
|t:|1757856309
|switch|p2a: Greninja|Greninja, M|100/100
|move|p1a: Gliscor|Toxic|p2a: Greninja
|-status|p2a: Greninja|tox
|
|-damage|p2a: Greninja|95/100 tox|[from] psn
|upkeep
|turn|10
|
|t:|1757856322
|switch|p1a: Alomomola|Alomomola, M|100/100
|move|p2a: Greninja|Hydro Pump|p1a: Alomomola
|-resisted|p1a: Alomomola
|-damage|p1a: Alomomola|61/100
|
|-damage|p2a: Greninja|83/100 tox|[from] psn
|upkeep
|turn|11
|
|t:|1757856340
|switch|p2a: Zapdos|Zapdos|100/100
|-ability|p2a: Zapdos|Pressure
|move|p1a: Alomomola|Protect||[still]
|-fail|p1a: Alomomola
|
|upkeep
|turn|12
|
|t:|1757856350
|switch|p1a: Gliscor|Gliscor, F|82/100
|move|p2a: Zapdos|Hurricane|p1a: Gliscor
|-damage|p1a: Gliscor|41/100
|-start|p1a: Gliscor|confusion
|
|upkeep
|turn|13
|
|t:|1757856362
|switch|p2a: Alomomola|Alomomola, F|100/100
|-activate|p1a: Gliscor|confusion
|-damage|p1a: Gliscor|34/100|[from] confusion
|
|upkeep
|turn|14
|
|t:|1757856369
|switch|p1a: Ogerpon|Ogerpon, F|84/100
|move|p2a: Alomomola|Wish|p2a: Alomomola
|
|upkeep
|turn|15
|l|☆slinledieuvivant
|inactive|slinledieuvivant disconnected and has a minute to reconnect!
|player|p2|
|j|☆slinledieuvivant
|inactive|slinledieuvivant reconnected and has 130 seconds left.
|player|p2|slinledieuvivant|266|
|inactive|slinledieuvivant has 120 seconds left.
|
|t:|1757856416
|switch|p2a: Chesnaught|Chesnaught, F|79/100
|move|p1a: Ogerpon|Ivy Cudgel|p2a: Chesnaught
|-resisted|p2a: Chesnaught
|-damage|p2a: Chesnaught|66/100
|
|-heal|p2a: Chesnaught|100/100|[from] move: Wish|[wisher] Alomomola
|upkeep
|turn|16
|l|☆jolly cop
|inactive|jolly cop disconnected and has a minute to reconnect!
|player|p1|
|inactive|jolly cop has 30 seconds to reconnect!
|inactive|jolly cop has 20 seconds to reconnect!
|inactive|jolly cop has 15 seconds to reconnect!
|inactive|jolly cop has 10 seconds to reconnect!
|inactive|jolly cop has 5 seconds to reconnect!
|-message|jolly cop lost due to inactivity.
|
|win|slinledieuvivant
|raw|jolly cop's rating: 1402 &rarr; <strong>1386</strong><br />(-16 for losing)
|raw|slinledieuvivant's rating: 1477 &rarr; <strong>1493</strong><br />(+16 for winning)
|l|☆slinledieuvivant
|player|p2|
