|j|☆Pkcoach
|j|☆spreadcrosser
|t:|1757910078
|gametype|singles
|player|p1|Pkcoach|mira|1226
|player|p2|spreadcrosser|266|1282
|gen|9
|tier|[Gen 9] OU
|rated|
|rule|HP Percentage Mod: HP is shown in percentages
|rule|Endless Battle Clause: Forcing endless battles is banned
|rule|Species Clause: Limit one of each Pokémon
|rule|OHKO Clause: OHKO moves are banned
|rule|Evasion Items Clause: Evasion items are banned
|rule|Evasion Moves Clause: Evasion moves are banned
|rule|Evasion Abilities Clause: Evasion abilities are banned
|rule|Sleep Moves Clause: Sleep-inducing moves are banned
|clearpoke
|poke|p1|Lokix, M|
|poke|p1|Corviknight, M|
|poke|p1|Grimmsnarl, M|
|poke|p1|Landorus-Therian, M|
|poke|p1|Rotom-Wash|
|poke|p1|Slowking-Galar, M|
|poke|p2|Serperior, F|
|poke|p2|Kingambit, M|
|poke|p2|Excadrill, M|
|poke|p2|Iron Hands|
|poke|p2|Ceruledge, M|
|poke|p2|Raging Bolt|
|teampreview
|inactive|Battle timer is ON: inactive players will automatically lose when time's up. (requested by spreadcrosser)
|
|t:|1757910080
|teamsize|p1|6
|teamsize|p2|6
|start
|switch|p1a: Rotom|Rotom-Wash, shiny|100/100
|switch|p2a: Iron Hands|Iron Hands|100/100
|-enditem|p2a: Iron Hands|Booster Energy
|-activate|p2a: Iron Hands|ability: Quark Drive|[fromitem]
|-start|p2a: Iron Hands|quarkdriveatk
|turn|1
|
|t:|1757910100
|move|p1a: Rotom|Will-O-Wisp|p2a: Iron Hands
|-status|p2a: Iron Hands|brn
|move|p2a: Iron Hands|Swords Dance|p2a: Iron Hands
|-boost|p2a: Iron Hands|atk|2
|
|-damage|p2a: Iron Hands|94/100 brn|[from] brn
|upkeep
|turn|2
|
|t:|1757910111
|switch|p1a: LANDO|Landorus-Therian, M, shiny|100/100
|-ability|p1a: LANDO|Intimidate|boost
|-unboost|p2a: Iron Hands|atk|1
|move|p2a: Iron Hands|Swords Dance|p2a: Iron Hands
|-boost|p2a: Iron Hands|atk|2
|
|-damage|p2a: Iron Hands|88/100 brn|[from] brn
|upkeep
|turn|3
|
|t:|1757910121
|-terastallize|p2a: Iron Hands|Flying
|move|p1a: LANDO|Earthquake|p2a: Iron Hands
|-immune|p2a: Iron Hands
|move|p2a: Iron Hands|Ice Punch|p1a: LANDO
|-supereffective|p1a: LANDO
|-damage|p1a: LANDO|0 fnt
|faint|p1a: LANDO
|
|-damage|p2a: Iron Hands|82/100 brn|[from] brn
|upkeep
|
|t:|1757910133
|switch|p1a: Grimmsnarl|Grimmsnarl, M|100/100
|turn|4
|
|t:|1757910137
|-end|p2a: Iron Hands|Quark Drive|[silent]
|switch|p2a: Kingambit|Kingambit, M|100/100
|-item|p2a: Kingambit|Air Balloon
|move|p1a: Grimmsnarl|Foul Play|p2a: Kingambit
|-resisted|p2a: Kingambit
|-damage|p2a: Kingambit|82/100
|-enditem|p2a: Kingambit|Air Balloon
|
|upkeep
|turn|5
|
|t:|1757910147
|-terastallize|p1a: Grimmsnarl|Dark
|move|p1a: Grimmsnarl|Reflect|p1a: Grimmsnarl
|-sidestart|p1: Pkcoach|Reflect
|move|p2a: Kingambit|Swords Dance|p2a: Kingambit
|-boost|p2a: Kingambit|atk|2
|
|upkeep
|turn|6
|
|t:|1757910154
|move|p1a: Grimmsnarl|Foul Play|p2a: Kingambit
|-resisted|p2a: Kingambit
|-damage|p2a: Kingambit|29/100
|move|p2a: Kingambit|Swords Dance|p2a: Kingambit
|-boost|p2a: Kingambit|atk|2
|
|upkeep
|turn|7
|
|t:|1757910161
|move|p2a: Kingambit|Sucker Punch|p1a: Grimmsnarl
|-resisted|p1a: Grimmsnarl
|-damage|p1a: Grimmsnarl|76/100
|move|p1a: Grimmsnarl|Foul Play|p2a: Kingambit
|-resisted|p2a: Kingambit
|-damage|p2a: Kingambit|0 fnt
|faint|p2a: Kingambit
|
|upkeep
|
|t:|1757910167
|switch|p2a: Iron Hands|Iron Hands, tera:Flying|82/100 brn
|turn|8
|
|t:|1757910172
|move|p2a: Iron Hands|Drain Punch|p1a: Grimmsnarl
|-supereffective|p1a: Grimmsnarl
|-damage|p1a: Grimmsnarl|56/100
|-heal|p2a: Iron Hands|91/100 brn|[from] drain|[of] p1a: Grimmsnarl
|move|p1a: Grimmsnarl|Foul Play|p2a: Iron Hands
|-damage|p2a: Iron Hands|41/100 brn
|
|-damage|p2a: Iron Hands|35/100 brn|[from] brn
|upkeep
|turn|9
|
|t:|1757910182
|-end|p2a: Iron Hands|Quark Drive|[silent]
|switch|p2a: Raging Bolt|Raging Bolt|100/100
|move|p1a: Grimmsnarl|Foul Play|p2a: Raging Bolt
|-damage|p2a: Raging Bolt|78/100
|
|-heal|p2a: Raging Bolt|84/100|[from] item: Leftovers
|upkeep
|turn|10
|
|t:|1757910191
|move|p1a: Grimmsnarl|Parting Shot|p2a: Raging Bolt
|-unboost|p2a: Raging Bolt|atk|1
|-unboost|p2a: Raging Bolt|spa|1
|
|t:|1757910196
|switch|p1a: Slowking|Slowking-Galar, M, shiny|100/100|[from] Parting Shot
|move|p2a: Raging Bolt|Calm Mind|p2a: Raging Bolt
|-boost|p2a: Raging Bolt|spa|1
|-boost|p2a: Raging Bolt|spd|1
|
|-heal|p2a: Raging Bolt|90/100|[from] item: Leftovers
|upkeep
|turn|11
|
|t:|1757910207
|-end|p2a: Raging Bolt|Protosynthesis|[silent]
|switch|p2a: Excadrill|Excadrill, M|100/100
|-ability|p2a: Excadrill|Mold Breaker
|move|p1a: Slowking|Future Sight|p2a: Excadrill
|-start|p1a: Slowking|move: Future Sight
|
|upkeep
|turn|12
|
|t:|1757910219
|switch|p1a: Corviknight|Corviknight, M, shiny|100/100
|move|p2a: Excadrill|Swords Dance|p2a: Excadrill
|-boost|p2a: Excadrill|atk|2
|
|-sideend|p1: Pkcoach|Reflect
|upkeep
|turn|13
|
|t:|1757910226
|switch|p2a: Ceruledge|Ceruledge, M|100/100
|move|p1a: Corviknight|Iron Defense|p1a: Corviknight
|-boost|p1a: Corviknight|def|2
|
|-end|p2a: Ceruledge|move: Future Sight
|-damage|p2a: Ceruledge|24/100
|upkeep
|turn|14
|
|t:|1757910238
|switch|p1a: Rotom|Rotom-Wash, shiny|100/100
|move|p2a: Ceruledge|Bitter Blade|p1a: Rotom
|-resisted|p1a: Rotom
|-damage|p1a: Rotom|70/100
|-heal|p2a: Ceruledge|37/100|[from] drain|[of] p1a: Rotom
|
|upkeep
|turn|15
|
|t:|1757910247
|switch|p2a: Raging Bolt|Raging Bolt|90/100
|move|p1a: Rotom|Volt Switch|p2a: Raging Bolt
|-resisted|p2a: Raging Bolt
|-damage|p2a: Raging Bolt|83/100
|
|t:|1757910254
|switch|p1a: Slowking|Slowking-Galar, M, shiny|100/100|[from] Volt Switch
|
|-heal|p2a: Raging Bolt|89/100|[from] item: Leftovers
|upkeep
|turn|16
|
|t:|1757910260
|move|p2a: Raging Bolt|Calm Mind|p2a: Raging Bolt
|-boost|p2a: Raging Bolt|spa|1
|-boost|p2a: Raging Bolt|spd|1
|move|p1a: Slowking|Future Sight|p2a: Raging Bolt
|-start|p1a: Slowking|move: Future Sight
|
|-heal|p2a: Raging Bolt|96/100|[from] item: Leftovers
|upkeep
|turn|17
|
|t:|1757910267
|move|p2a: Raging Bolt|Calm Mind|p2a: Raging Bolt
|-boost|p2a: Raging Bolt|spa|1
|-boost|p2a: Raging Bolt|spd|1
|move|p1a: Slowking|Acid Spray|p2a: Raging Bolt
|-damage|p2a: Raging Bolt|88/100
|-unboost|p2a: Raging Bolt|spd|2
|
|-heal|p2a: Raging Bolt|94/100|[from] item: Leftovers
|upkeep
|turn|18
|
|t:|1757910277
|move|p2a: Raging Bolt|Thunderbolt|p1a: Slowking
|-damage|p1a: Slowking|44/100
|move|p1a: Slowking|Acid Spray|p2a: Raging Bolt
|-damage|p2a: Raging Bolt|77/100
|-unboost|p2a: Raging Bolt|spd|2
|
|-end|p2a: Raging Bolt|move: Future Sight
|-damage|p2a: Raging Bolt|0 fnt
|faint|p2a: Raging Bolt
|-end|p2a: Raging Bolt|Protosynthesis|[silent]
|upkeep
|
|t:|1757910282
|switch|p2a: Serperior|Serperior, F|100/100
|turn|19
|
|t:|1757910293
|move|p2a: Serperior|Leaf Storm|p1a: Slowking
|-resisted|p1a: Slowking
|-damage|p1a: Slowking|33/100
|-boost|p2a: Serperior|spa|2
|move|p1a: Slowking|Fire Blast|p2a: Serperior
|-supereffective|p2a: Serperior
|-damage|p2a: Serperior|5/100
|
|-heal|p2a: Serperior|11/100|[from] item: Leftovers
|upkeep
|turn|20
|
|t:|1757910304
|move|p2a: Serperior|Dragon Pulse|p1a: Slowking
|-damage|p1a: Slowking|11/100
|move|p1a: Slowking|Fire Blast|p2a: Serperior
|-supereffective|p2a: Serperior
|-damage|p2a: Serperior|0 fnt
|faint|p2a: Serperior
|
|upkeep
|-message|spreadcrosser forfeited.
|
|win|Pkcoach
|raw|Pkcoach's rating: 1226 &rarr; <strong>1255</strong><br />(+29 for winning)
|raw|spreadcrosser's rating: 1282 &rarr; <strong>1253</strong><br />(-29 for losing)
|l|☆spreadcrosser
|player|p2|
|l|☆Pkcoach
|player|p1|
