|j|☆banjin
|j|☆Marceeisanut
|t:|1757812379
|gametype|singles
|player|p1|banjin|beauty-gen6xy|1288
|player|p2|Marceeisanut|170|1238
|gen|9
|tier|[Gen 9] OU
|rated|
|rule|HP Percentage Mod: HP is shown in percentages
|rule|Endless Battle Clause: Forcing endless battles is banned
|rule|Species Clause: Limit one of each Pokémon
|rule|OHKO Clause: OHKO moves are banned
|rule|Evasion Items Clause: Evasion items are banned
|rule|Evasion Moves Clause: Evasion moves are banned
|rule|Evasion Abilities Clause: Evasion abilities are banned
|rule|Sleep Moves Clause: Sleep-inducing moves are banned
|clearpoke
|poke|p1|Minior-Blue|
|poke|p1|Lokix, F|
|poke|p1|Thundurus-Therian, M|
|poke|p1|Muk-Alola, F|
|poke|p1|Emboar, M|
|poke|p1|Ditto|
|poke|p2|Samurott-Hisui, F|
|poke|p2|Great Tusk|
|poke|p2|Volcanion|
|poke|p2|Hydrapple, M|
|poke|p2|Gholdengo|
|poke|p2|Landorus-Therian, M|
|teampreview
|inactive|Battle timer is ON: inactive players will automatically lose when time's up. (requested by banjin)
|
|t:|1757812388
|teamsize|p1|6
|teamsize|p2|6
|start
|switch|p1a: Katy|Lokix, F|100/100
|switch|p2a: Samurott|Samurott-Hisui, F|100/100
|turn|1
|
|t:|1757812391
|switch|p2a: Landorus|Landorus-Therian, M|100/100
|-ability|p2a: Landorus|Intimidate|boost
|-unboost|p1a: Katy|atk|1
|move|p1a: Katy|First Impression|p2a: Landorus
|-resisted|p2a: Landorus
|-damage|p2a: Landorus|67/100
|
|upkeep
|turn|2
|
|t:|1757812405
|-terastallize|p1a: Katy|Ice
|move|p2a: Landorus|Stone Edge|p1a: Katy
|-supereffective|p1a: Katy
|-crit|p1a: Katy
|-damage|p1a: Katy|0 fnt
|faint|p1a: Katy
|
|upkeep
|
|t:|1757812413
|switch|p1a: Beppo|Muk-Alola, F|100/100
|turn|3
|
|t:|1757812418
|switch|p2a: Samurott|Samurott-Hisui, F|100/100
|move|p1a: Beppo|Knock Off|p2a: Samurott
|-resisted|p2a: Samurott
|-damage|p2a: Samurott|75/100
|-enditem|p2a: Samurott|Assault Vest|[from] move: Knock Off|[of] p1a: Beppo
|
|upkeep
|turn|4
|
|t:|1757812423
|move|p2a: Samurott|Ceaseless Edge|p1a: Beppo
|-resisted|p1a: Beppo
|-damage|p1a: Beppo|78/100
|-sidestart|p1: banjin|Spikes
|move|p1a: Beppo|Drain Punch|p2a: Samurott
|-supereffective|p2a: Samurott
|-damage|p2a: Samurott|26/100
|-heal|p1a: Beppo|100/100|[from] drain|[of] p2a: Samurott
|
|upkeep
|turn|5
|-activate|p1a: Beppo|item: Quick Claw
|
|t:|1757812426
|move|p1a: Beppo|Knock Off|p2a: Samurott
|-resisted|p2a: Samurott
|-damage|p2a: Samurott|9/100
|-status|p2a: Samurott|psn|[from] ability: Poison Touch|[of] p1a: Beppo
|move|p2a: Samurott|Ceaseless Edge|p1a: Beppo
|-resisted|p1a: Beppo
|-damage|p1a: Beppo|81/100
|-sidestart|p1: banjin|Spikes
|
|-damage|p2a: Samurott|0 fnt|[from] psn
|faint|p2a: Samurott
|upkeep
|
|t:|1757812432
|switch|p2a: Landorus|Landorus-Therian, M|67/100
|-ability|p2a: Landorus|Intimidate|boost
|-unboost|p1a: Beppo|atk|1
|turn|6
|
|t:|1757812437
|switch|p1a: 𒉎|Ditto|100/100
|-damage|p1a: 𒉎|84/100|[from] Spikes
|-transform|p1a: 𒉎|p2a: Landorus|[from] ability: Imposter
|-ability|p1a: 𒉎|Intimidate|boost
|-unboost|p2a: Landorus|atk|1
|move|p2a: Landorus|U-turn|p1a: 𒉎
|-resisted|p1a: 𒉎
|-damage|p1a: 𒉎|72/100
|
|t:|1757812440
|switch|p2a: Volcanion|Volcanion|100/100|[from] U-turn
|
|upkeep
|turn|7
|
|t:|1757812446
|switch|p2a: Landorus|Landorus-Therian, M|67/100
|-ability|p2a: Landorus|Intimidate|boost
|-unboost|p1a: 𒉎|atk|1
|move|p1a: 𒉎|Earthquake|p2a: Landorus
|-immune|p2a: Landorus
|
|upkeep
|turn|8
|
|t:|1757812455
|switch|p1a: Beppo|Muk-Alola, F|81/100
|-damage|p1a: Beppo|65/100|[from] Spikes
|move|p2a: Landorus|U-turn|p1a: Beppo
|-damage|p1a: Beppo|36/100
|
|t:|1757812460
|switch|p2a: Great Tusk|Great Tusk|100/100|[from] U-turn
|
|upkeep
|turn|9
|
|t:|1757812468
|move|p1a: Beppo|Shadow Sneak|p2a: Great Tusk
|-damage|p2a: Great Tusk|90/100
|-status|p2a: Great Tusk|psn|[from] ability: Poison Touch|[of] p1a: Beppo
|move|p2a: Great Tusk|Stealth Rock|p1a: Beppo
|-sidestart|p1: banjin|move: Stealth Rock
|
|-damage|p2a: Great Tusk|78/100 psn|[from] psn
|upkeep
|turn|10
|
|t:|1757812476
|-end|p2a: Great Tusk|Protosynthesis|[silent]
|switch|p2a: Landorus|Landorus-Therian, M|67/100
|-ability|p2a: Landorus|Intimidate|boost
|-unboost|p1a: Beppo|atk|1
|move|p1a: Beppo|Poison Jab|p2a: Landorus
|-resisted|p2a: Landorus
|-damage|p2a: Landorus|53/100
|-status|p2a: Landorus|psn
|
|-damage|p2a: Landorus|40/100 psn|[from] psn
|upkeep
|turn|11
|
|t:|1757812484
|move|p2a: Landorus|Stone Edge|p1a: Beppo
|-damage|p1a: Beppo|0 fnt
|faint|p1a: Beppo
|
|-damage|p2a: Landorus|28/100 psn|[from] psn
|upkeep
|
|t:|1757812490
|switch|p1a: 𒉎|Ditto|72/100
|-damage|p1a: 𒉎|55/100|[from] Spikes
|-damage|p1a: 𒉎|43/100|[from] Stealth Rock
|-transform|p1a: 𒉎|p2a: Landorus|[from] ability: Imposter
|-ability|p1a: 𒉎|Intimidate|boost
|-unboost|p2a: Landorus|atk|1
|turn|12
|
|t:|1757812494
|move|p2a: Landorus|Stone Edge|p1a: 𒉎
|-damage|p1a: 𒉎|13/100
|move|p1a: 𒉎|U-turn|p2a: Landorus
|-resisted|p2a: Landorus
|-damage|p2a: Landorus|12/100 psn
|
|t:|1757812499
|switch|p1a: Mr. Brightside|Minior-Blue|100/100|[from] U-turn
|-damage|p1a: Mr. Brightside|75/100|[from] Stealth Rock
|-formechange|p1a: Mr. Brightside|Minior-Meteor||[from] ability: Shields Down
|
|-damage|p2a: Landorus|0 fnt|[from] psn
|faint|p2a: Landorus
|upkeep
|
|t:|1757812502
|switch|p2a: Volcanion|Volcanion|100/100
|turn|13
|
|t:|1757812509
|move|p2a: Volcanion|Steam Eruption|p1a: Mr. Brightside
|-supereffective|p1a: Mr. Brightside
|-damage|p1a: Mr. Brightside|0 fnt
|faint|p1a: Mr. Brightside
|
|upkeep
|-message|banjin forfeited.
|
|win|Marceeisanut
|raw|banjin's rating: 1288 &rarr; <strong>1259</strong><br />(-29 for losing)
|raw|Marceeisanut's rating: 1238 &rarr; <strong>1267</strong><br />(+29 for winning)
|l|☆banjin
|player|p1|
|l|☆Marceeisanut
|player|p2|
