|j|☆noahthebadplayer
|j|☆Dhdydhdbdhdhdbd
|t:|1757917015
|gametype|singles
|player|p1|noahthebadplayer|101|1104
|player|p2|Dhdydhdbdhdhdbd|265|1066
|gen|9
|tier|[Gen 9] OU
|rated|
|rule|HP Percentage Mod: HP is shown in percentages
|rule|Endless Battle Clause: Forcing endless battles is banned
|rule|Species Clause: Limit one of each Pokémon
|rule|OHKO Clause: OHKO moves are banned
|rule|Evasion Items Clause: Evasion items are banned
|rule|Evasion Moves Clause: Evasion moves are banned
|rule|Evasion Abilities Clause: Evasion abilities are banned
|rule|Sleep Moves Clause: Sleep-inducing moves are banned
|clearpoke
|poke|p1|Greninja-*, M|
|poke|p1|Zarude|
|poke|p1|Mamoswine, F|
|poke|p1|Conkeldurr, F|
|poke|p1|Delphox, F|
|poke|p1|Enamorus, F|
|poke|p2|Chandelure, F|
|poke|p2|Vaporeon, F|
|poke|p2|Hitmontop, M|
|poke|p2|Whimsicott, F|
|poke|p2|Samurott-Hisui, M|
|poke|p2|Scizor, F|
|teampreview
|c|☆noahthebadplayer|Glhf
|inactive|Battle timer is ON: inactive players will automatically lose when time's up. (requested by noahthebadplayer)
|
|t:|1757917025
|teamsize|p1|6
|teamsize|p2|6
|start
|switch|p1a: Mamoswine|Mamoswine, F|100/100
|switch|p2a: Scizor|Scizor, F|100/100
|turn|1
|
|t:|1757917030
|move|p2a: Scizor|Bullet Punch|p1a: Mamoswine
|-supereffective|p1a: Mamoswine
|-enditem|p1a: Mamoswine|Focus Sash
|-damage|p1a: Mamoswine|1/100
|move|p1a: Mamoswine|Stealth Rock|p2a: Scizor
|-sidestart|p2: Dhdydhdbdhdhdbd|move: Stealth Rock
|
|upkeep
|turn|2
|
|t:|1757917045
|move|p2a: Scizor|Bullet Punch|p1a: Mamoswine
|-supereffective|p1a: Mamoswine
|-damage|p1a: Mamoswine|0 fnt
|faint|p1a: Mamoswine
|
|upkeep
|
|t:|1757917051
|switch|p1a: Delphox|Delphox, F|100/100
|turn|3
|
|t:|1757917057
|switch|p2a: Chandelure|Chandelure, F|100/100
|-damage|p2a: Chandelure|76/100|[from] Stealth Rock
|move|p1a: Delphox|Trick|p2a: Chandelure
|-activate|p1a: Delphox|move: Trick|[of] p2a: Chandelure
|-item|p2a: Chandelure|Choice Specs|[from] move: Trick
|-item|p1a: Delphox|Choice Scarf|[from] move: Trick
|
|upkeep
|turn|4
|
|t:|1757917065
|move|p1a: Delphox|Scorching Sands|p2a: Chandelure
|-supereffective|p2a: Chandelure
|-damage|p2a: Chandelure|12/100
|move|p2a: Chandelure|Shadow Ball|p1a: Delphox
|-supereffective|p1a: Delphox
|-damage|p1a: Delphox|0 fnt
|faint|p1a: Delphox
|
|upkeep
|
|t:|1757917075
|switch|p1a: Greninja|Greninja, M|100/100
|turn|5
|inactive|Dhdydhdbdhdhdbd has 120 seconds left.
|
|t:|1757917117
|switch|p2a: Whimsicott|Whimsicott, F, shiny|100/100
|-damage|p2a: Whimsicott|88/100|[from] Stealth Rock
|move|p1a: Greninja|Sludge Wave|p2a: Whimsicott
|-supereffective|p2a: Whimsicott
|-damage|p2a: Whimsicott|0 fnt
|faint|p2a: Whimsicott
|-ability|p1a: Greninja|Battle Bond|boost
|-boost|p1a: Greninja|atk|1
|-boost|p1a: Greninja|spa|1
|-boost|p1a: Greninja|spe|1
|-activate|p1a: Greninja|ability: Battle Bond
|
|upkeep
|
|t:|1757917126
|switch|p2a: Hitmontop|Hitmontop, M|100/100
|-damage|p2a: Hitmontop|94/100|[from] Stealth Rock
|turn|6
|
|t:|1757917132
|move|p1a: Greninja|Surf|p2a: Hitmontop
|-damage|p2a: Hitmontop|43/100
|move|p2a: Hitmontop|Rapid Spin|p1a: Greninja
|-damage|p1a: Greninja|68/100
|-boost|p2a: Hitmontop|spe|1
|-sideend|p2: Dhdydhdbdhdhdbd|Stealth Rock|[from] move: Rapid Spin|[of] p2a: Hitmontop
|
|upkeep
|turn|7
|
|t:|1757917137
|move|p1a: Greninja|Water Shuriken|p2a: Hitmontop
|-damage|p2a: Hitmontop|34/100
|-damage|p2a: Hitmontop|26/100
|-damage|p2a: Hitmontop|18/100
|-damage|p2a: Hitmontop|9/100
|-damage|p2a: Hitmontop|0 fnt
|faint|p2a: Hitmontop
|-hitcount|p2: Hitmontop|5
|
|upkeep
|
|t:|1757917141
|switch|p2a: Scizor|Scizor, F|100/100
|turn|8
|
|t:|1757917149
|move|p1a: Greninja|Surf|p2a: Scizor
|-damage|p2a: Scizor|25/100
|move|p2a: Scizor|U-turn|p1a: Greninja
|-supereffective|p1a: Greninja
|-damage|p1a: Greninja|0 fnt
|faint|p1a: Greninja
|
|t:|1757917155
|switch|p2a: Chandelure|Chandelure, F|12/100|[from] U-turn
|
|upkeep
|
|t:|1757917167
|switch|p1a: Zarude|Zarude|100/100
|turn|9
|
|t:|1757917171
|move|p1a: Zarude|Knock Off|p2a: Chandelure
|-supereffective|p2a: Chandelure
|-damage|p2a: Chandelure|0 fnt
|-enditem|p2a: Chandelure|Choice Specs|[from] move: Knock Off|[of] p1a: Zarude
|faint|p2a: Chandelure
|
|upkeep
|
|t:|1757917180
|switch|p2a: Scizor|Scizor, F|25/100
|turn|10
|
|t:|1757917183
|move|p1a: Zarude|Knock Off|p2a: Scizor
|-damage|p2a: Scizor|0 fnt
|-enditem|p2a: Scizor|Choice Band|[from] move: Knock Off|[of] p1a: Zarude
|faint|p2a: Scizor
|
|upkeep
|
|t:|1757917186
|switch|p2a: Samurott|Samurott-Hisui, M|100/100
|turn|11
|-message|Dhdydhdbdhdhdbd forfeited.
|
|win|noahthebadplayer
|raw|noahthebadplayer's rating: 1104 &rarr; <strong>1125</strong><br />(+21 for winning)
|raw|Dhdydhdbdhdhdbd's rating: 1046 &rarr; <strong>1032</strong><br />(-14 for losing)
|l|☆Dhdydhdbdhdhdbd
|player|p2|
|l|☆noahthebadplayer
|player|p1|
