|j|☆Yung Embryo
|j|☆Crocodile E
|t:|1757830555
|gametype|singles
|player|p1|Yung Embryo|giovanni-gen1rb|1500
|player|p2|Crocodile E|pokemaniac|1518
|gen|9
|tier|[Gen 9] OU
|rated|
|rule|HP Percentage Mod: HP is shown in percentages
|rule|Endless Battle Clause: Forcing endless battles is banned
|rule|Species Clause: Limit one of each Pokémon
|rule|OHKO Clause: OHKO moves are banned
|rule|Evasion Items Clause: Evasion items are banned
|rule|Evasion Moves Clause: Evasion moves are banned
|rule|Evasion Abilities Clause: Evasion abilities are banned
|rule|Sleep Moves Clause: Sleep-inducing moves are banned
|clearpoke
|poke|p1|Cetitan, F|
|poke|p1|Slowking-Galar, M|
|poke|p1|Zapdos|
|poke|p1|Great Tusk|
|poke|p1|Moltres|
|poke|p1|Ogerpon-Wellspring, F|
|poke|p2|Great Tusk|
|poke|p2|Raging Bolt|
|poke|p2|Dragapult, F|
|poke|p2|Slowking-Galar, F|
|poke|p2|Kingambit, F|
|poke|p2|Ogerpon-Wellspring, F|
|teampreview
|inactive|Battle timer is ON: inactive players will automatically lose when time's up. (requested by Crocodile E)
|inactive|Crocodile E has 120 seconds left.
|
|t:|1757830596
|teamsize|p1|6
|teamsize|p2|6
|start
|switch|p1a: Slowking|Slowking-Galar, M, shiny|100/100
|switch|p2a: Dragapult|Dragapult, F|100/100
|turn|1
|
|t:|1757830617
|move|p2a: Dragapult|Will-O-Wisp|p1a: Slowking
|-status|p1a: Slowking|brn
|move|p1a: Slowking|Thunder Wave|p2a: Dragapult
|-status|p2a: Dragapult|par
|
|-damage|p1a: Slowking|94/100 brn|[from] brn
|upkeep
|turn|2
|
|t:|1757830622
|move|p2a: Dragapult|Hex|p1a: Slowking
|-supereffective|p1a: Slowking
|-damage|p1a: Slowking|33/100 brn
|-prepare|p1a: Slowking|Chilly Reception|[premajor]
|move|p1a: Slowking|Chilly Reception|p1a: Slowking
|-weather|Snowscape
|
|t:|1757830625
|switch|p1a: Cetitan|Cetitan, F, shiny|100/100|[from] Chilly Reception
|
|-weather|Snowscape|[upkeep]
|upkeep
|turn|3
|j| lwokid
|l|☆Yung Embryo
|inactive|Yung Embryo disconnected and has a minute to reconnect!
|player|p1|
|j|☆Yung Embryo
|inactive|Yung Embryo reconnected and has 130 seconds left.
|player|p1|Yung Embryo|giovanni-gen1rb|
|
|t:|1757830655
|move|p1a: Cetitan|Knock Off|p2a: Dragapult
|-supereffective|p2a: Dragapult
|-damage|p2a: Dragapult|0 fnt
|-enditem|p2a: Dragapult|Heavy-Duty Boots|[from] move: Knock Off|[of] p1a: Cetitan
|faint|p2a: Dragapult
|
|-weather|Snowscape|[upkeep]
|upkeep
|
|t:|1757830658
|switch|p2a: Great Tusk|Great Tusk|100/100
|turn|4
|
|t:|1757830663
|switch|p1a: Moltres|Moltres, shiny|100/100
|move|p2a: Great Tusk|Stealth Rock|p1a: Moltres
|-sidestart|p1: Yung Embryo|move: Stealth Rock
|
|-weather|Snowscape|[upkeep]
|upkeep
|turn|5
|
|t:|1757830667
|-end|p2a: Great Tusk|Protosynthesis|[silent]
|switch|p2a: Slowking|Slowking-Galar, F|100/100
|move|p1a: Moltres|U-turn|p2a: Slowking
|-damage|p2a: Slowking|90/100
|
|t:|1757830672
|switch|p1a: Cetitan|Cetitan, F, shiny|100/100|[from] U-turn
|-damage|p1a: Cetitan|76/100|[from] Stealth Rock
|
|-weather|Snowscape|[upkeep]
|upkeep
|turn|6
|
|t:|1757830679
|switch|p2a: Great Tusk|Great Tusk|100/100
|move|p1a: Cetitan|Earthquake|p2a: Great Tusk
|-damage|p2a: Great Tusk|60/100
|
|-weather|none
|upkeep
|turn|7
|
|t:|1757830685
|switch|p1a: Great Tusk|Great Tusk|100/100
|move|p2a: Great Tusk|Ice Spinner|p1a: Great Tusk
|-supereffective|p1a: Great Tusk
|-damage|p1a: Great Tusk|59/100
|
|upkeep
|turn|8
|
|t:|1757830691
|move|p1a: Great Tusk|Rapid Spin|p2a: Great Tusk
|-damage|p2a: Great Tusk|47/100
|-boost|p1a: Great Tusk|spe|1
|-damage|p1a: Great Tusk|43/100|[from] item: Rocky Helmet|[of] p2a: Great Tusk
|-sideend|p1: Yung Embryo|Stealth Rock|[from] move: Rapid Spin|[of] p1a: Great Tusk
|move|p2a: Great Tusk|Ice Spinner|p1a: Great Tusk
|-supereffective|p1a: Great Tusk
|-damage|p1a: Great Tusk|3/100
|
|upkeep
|turn|9
|
|t:|1757830697
|move|p1a: Great Tusk|Headlong Rush|p2a: Great Tusk
|-damage|p2a: Great Tusk|2/100
|-unboost|p1a: Great Tusk|def|1
|-unboost|p1a: Great Tusk|spd|1
|-damage|p1a: Great Tusk|0 fnt|[from] item: Rocky Helmet|[of] p2a: Great Tusk
|faint|p1a: Great Tusk
|-end|p1a: Great Tusk|Protosynthesis|[silent]
|move|p2a: Great Tusk|Stealth Rock|p1: Great Tusk
|-sidestart|p1: Yung Embryo|move: Stealth Rock
|
|upkeep
|l| lwokid
|
|t:|1757830706
|switch|p1a: Ogerpon|Ogerpon-Wellspring, F|100/100
|-damage|p1a: Ogerpon|88/100|[from] Stealth Rock
|turn|10
|
|t:|1757830711
|-end|p2a: Great Tusk|Protosynthesis|[silent]
|switch|p2a: Ogerpon|Ogerpon-Wellspring, F|100/100
|move|p1a: Ogerpon|Encore||[still]
|-fail|p1a: Ogerpon
|
|upkeep
|turn|11
|
|t:|1757830717
|move|p2a: Ogerpon|U-turn|p1a: Ogerpon
|-supereffective|p1a: Ogerpon
|-damage|p1a: Ogerpon|15/100
|
|t:|1757830720
|switch|p2a: Great Tusk|Great Tusk|2/100|[from] U-turn
|move|p1a: Ogerpon|Horn Leech|p2a: Great Tusk
|-supereffective|p2a: Great Tusk
|-damage|p2a: Great Tusk|0 fnt
|-heal|p1a: Ogerpon|16/100|[from] drain|[of] p2a: Great Tusk
|-damage|p1a: Ogerpon|0 fnt|[from] item: Rocky Helmet|[of] p2a: Great Tusk
|faint|p2a: Great Tusk
|-end|p2a: Great Tusk|Protosynthesis|[silent]
|faint|p1a: Ogerpon
|
|upkeep
|
|t:|1757830728
|switch|p1a: Zapdos|Zapdos, shiny|100/100
|switch|p2a: Ogerpon|Ogerpon-Wellspring, F|100/100
|turn|12
|
|t:|1757830735
|move|p2a: Ogerpon|Knock Off|p1a: Zapdos
|-damage|p1a: Zapdos|55/100
|-status|p2a: Ogerpon|par|[from] ability: Static|[of] p1a: Zapdos
|-enditem|p1a: Zapdos|Heavy-Duty Boots|[from] move: Knock Off|[of] p2a: Ogerpon
|move|p1a: Zapdos|Volt Switch|p2a: Ogerpon
|-damage|p2a: Ogerpon|59/100 par
|
|t:|1757830738
|switch|p1a: Slowking|Slowking-Galar, M, shiny|67/100 brn|[from] Volt Switch
|
|-damage|p1a: Slowking|61/100 brn|[from] brn
|upkeep
|turn|13
|
|t:|1757830742
|switch|p1a: Zapdos|Zapdos, shiny|55/100
|-damage|p1a: Zapdos|30/100|[from] Stealth Rock
|move|p2a: Ogerpon|Knock Off|p1a: Zapdos
|-damage|p1a: Zapdos|0 fnt
|faint|p1a: Zapdos
|
|upkeep
|
|t:|1757830744
|switch|p1a: Slowking|Slowking-Galar, M, shiny|94/100 brn
|turn|14
|
|t:|1757830748
|move|p2a: Ogerpon|Knock Off|p1a: Slowking
|-supereffective|p1a: Slowking
|-damage|p1a: Slowking|16/100 brn
|-enditem|p1a: Slowking|Heavy-Duty Boots|[from] move: Knock Off|[of] p2a: Ogerpon
|-prepare|p1a: Slowking|Chilly Reception|[premajor]
|move|p1a: Slowking|Chilly Reception|p1a: Slowking
|-weather|Snowscape
|
|t:|1757830750
|switch|p1a: Cetitan|Cetitan, F, shiny|76/100|[from] Chilly Reception
|-damage|p1a: Cetitan|51/100|[from] Stealth Rock
|
|-weather|Snowscape|[upkeep]
|upkeep
|turn|15
|
|t:|1757830757
|move|p1a: Cetitan|Icicle Crash|p2a: Ogerpon
|-damage|p2a: Ogerpon|0 fnt
|faint|p2a: Ogerpon
|
|-weather|Snowscape|[upkeep]
|upkeep
|
|t:|1757830760
|switch|p2a: Slowking|Slowking-Galar, F|100/100
|turn|16
|
|t:|1757830766
|-terastallize|p2a: Slowking|Water
|move|p1a: Cetitan|Icicle Crash|p2a: Slowking
|-resisted|p2a: Slowking
|-damage|p2a: Slowking|75/100
|cant|p2a: Slowking|flinch
|
|-weather|Snowscape|[upkeep]
|upkeep
|turn|17
|
|t:|1757830772
|switch|p1a: Moltres|Moltres, shiny|100/100
|move|p2a: Slowking|Flamethrower|p1a: Moltres
|-resisted|p1a: Moltres
|-damage|p1a: Moltres|93/100
|
|-weather|Snowscape|[upkeep]
|upkeep
|turn|18
|
|t:|1757830779
|move|p2a: Slowking|Sludge Bomb|p1a: Moltres
|-damage|p1a: Moltres|69/100
|-status|p1a: Moltres|psn
|move|p1a: Moltres|Roar|p2a: Slowking
|drag|p2a: Kingambit|Kingambit, F|100/100
|-activate|p2a: Kingambit|ability: Supreme Overlord
|-start|p2a: Kingambit|fallen3|[silent]
|
|-weather|none
|-damage|p1a: Moltres|57/100 psn|[from] psn
|upkeep
|turn|19
|
|t:|1757830788
|move|p1a: Moltres|Flamethrower|p2a: Kingambit
|-supereffective|p2a: Kingambit
|-damage|p2a: Kingambit|21/100
|move|p2a: Kingambit|Kowtow Cleave|p1a: Moltres
|-damage|p1a: Moltres|0 fnt
|-status|p2a: Kingambit|brn|[from] ability: Flame Body|[of] p1a: Moltres
|faint|p1a: Moltres
|
|-heal|p2a: Kingambit|27/100 brn|[from] item: Leftovers
|-damage|p2a: Kingambit|21/100 brn|[from] brn
|upkeep
|
|t:|1757830800
|switch|p1a: Slowking|Slowking-Galar, M, shiny|49/100 brn
|-damage|p1a: Slowking|37/100 brn|[from] Stealth Rock
|turn|20
|
|t:|1757830803
|move|p2a: Kingambit|Kowtow Cleave|p1a: Slowking
|-supereffective|p1a: Slowking
|-damage|p1a: Slowking|0 fnt
|faint|p1a: Slowking
|
|-heal|p2a: Kingambit|27/100 brn|[from] item: Leftovers
|-damage|p2a: Kingambit|21/100 brn|[from] brn
|upkeep
|
|t:|1757830804
|switch|p1a: Cetitan|Cetitan, F, shiny|51/100
|-damage|p1a: Cetitan|26/100|[from] Stealth Rock
|turn|21
|
|t:|1757830809
|-terastallize|p1a: Cetitan|Ground
|move|p1a: Cetitan|Earthquake|p2a: Kingambit
|-supereffective|p2a: Kingambit
|-damage|p2a: Kingambit|0 fnt
|faint|p2a: Kingambit
|-end|p2a: Kingambit|fallen3|[silent]
|
|upkeep
|
|t:|1757830813
|switch|p2a: Slowking|Slowking-Galar, F, tera:Water|100/100
|turn|22
|
|t:|1757830815
|move|p1a: Cetitan|Earthquake|p2a: Slowking
|-damage|p2a: Slowking|47/100
|move|p2a: Slowking|Ice Beam|p1a: Cetitan
|-supereffective|p1a: Cetitan
|-damage|p1a: Cetitan|0 fnt
|faint|p1a: Cetitan
|
|win|Crocodile E
|raw|Yung Embryo's rating: 1500 &rarr; <strong>1481</strong><br />(-19 for losing)
|raw|Crocodile E's rating: 1518 &rarr; <strong>1537</strong><br />(+19 for winning)
|l|☆Crocodile E
|player|p2|
|l|☆Yung Embryo
|player|p1|
