|j|☆LucyLikePizza
|j|☆xiaofffff gogogo
|t:|1757824304
|gametype|singles
|player|p1|LucyLikePizza|2|1455
|player|p2|xiaofffff gogogo|fisherman-gen4|1411
|gen|9
|tier|[Gen 9] OU
|rated|
|rule|HP Percentage Mod: HP is shown in percentages
|rule|Endless Battle Clause: Forcing endless battles is banned
|rule|Species Clause: Limit one of each Pokémon
|rule|OHKO Clause: OHKO moves are banned
|rule|Evasion Items Clause: Evasion items are banned
|rule|Evasion Moves Clause: Evasion moves are banned
|rule|Evasion Abilities Clause: Evasion abilities are banned
|rule|Sleep Moves Clause: Sleep-inducing moves are banned
|clearpoke
|poke|p1|Arcanine, F|
|poke|p1|Gliscor, F|
|poke|p1|Sinistcha|
|poke|p1|Okidogi, M|
|poke|p1|Gholdengo|
|poke|p1|Darkrai|
|poke|p2|Heatran, F|
|poke|p2|Landorus-Therian, M|
|poke|p2|Zamazenta-*|
|poke|p2|Dragapult, F|
|poke|p2|Great Tusk|
|poke|p2|Slowking-Galar, M|
|teampreview
|
|t:|1757824312
|teamsize|p1|6
|teamsize|p2|6
|start
|switch|p1a: Gliscor|Gliscor, F|100/100
|switch|p2a: Landorus|Landorus-Therian, M|100/100
|-ability|p2a: Landorus|Intimidate|boost
|-unboost|p1a: Gliscor|atk|1
|turn|1
|
|t:|1757824323
|move|p2a: Landorus|U-turn|p1a: Gliscor
|-resisted|p1a: Gliscor
|-damage|p1a: Gliscor|88/100
|
|t:|1757824331
|switch|p2a: Slowking|Slowking-Galar, M|100/100|[from] U-turn
|move|p1a: Gliscor|Toxic|p2a: Slowking
|-immune|p2a: Slowking
|
|-status|p1a: Gliscor|tox|[from] item: Toxic Orb
|upkeep
|turn|2
|
|t:|1757824340
|move|p1a: Gliscor|Protect|p1a: Gliscor
|-singleturn|p1a: Gliscor|Protect
|move|p2a: Slowking|Future Sight|p1a: Gliscor
|-start|p2a: Slowking|move: Future Sight
|
|-heal|p1a: Gliscor|99/100 tox|[from] ability: Poison Heal
|upkeep
|turn|3
|
|t:|1757824346
|switch|p1a: Gholdengo|Gholdengo|100/100
|move|p2a: Slowking|Psychic Noise|p1a: Gholdengo
|-resisted|p1a: Gholdengo
|-damage|p1a: Gholdengo|85/100
|-start|p1a: Gholdengo|move: Heal Block
|
|upkeep
|turn|4
|
|t:|1757824358
|switch|p2a: Heatran|Heatran, F|100/100
|move|p1a: Gholdengo|Trick|p2a: Heatran
|-activate|p1a: Gholdengo|move: Trick|[of] p2a: Heatran
|-item|p2a: Heatran|Choice Scarf|[from] move: Trick
|-item|p1a: Gholdengo|Leftovers|[from] move: Trick
|
|-end|p1a: Gholdengo|move: Future Sight
|-resisted|p1a: Gholdengo
|-damage|p1a: Gholdengo|56/100
|-end|p1a: Gholdengo|move: Heal Block
|upkeep
|turn|5
|
|t:|1757824368
|switch|p1a: Arcanine|Arcanine, F|100/100
|-ability|p1a: Arcanine|Intimidate|boost
|-unboost|p2a: Heatran|atk|1
|move|p2a: Heatran|Stealth Rock|p1a: Arcanine
|-sidestart|p1: LucyLikePizza|move: Stealth Rock
|
|upkeep
|turn|6
|
|t:|1757824386
|switch|p2a: Landorus|Landorus-Therian, M|100/100
|-ability|p2a: Landorus|Intimidate|boost
|-unboost|p1a: Arcanine|atk|1
|move|p1a: Arcanine|Will-O-Wisp|p2a: Landorus
|-status|p2a: Landorus|brn
|
|-damage|p2a: Landorus|95/100 brn|[from] brn
|upkeep
|turn|7
|
|t:|1757824396
|switch|p1a: Gliscor|Gliscor, F|99/100 tox
|-damage|p1a: Gliscor|88/100 tox|[from] Stealth Rock
|move|p2a: Landorus|Earthquake|p1a: Gliscor
|-immune|p1a: Gliscor
|
|-heal|p1a: Gliscor|99/100 tox|[from] ability: Poison Heal
|-damage|p2a: Landorus|89/100 brn|[from] brn
|upkeep
|turn|8
|
|t:|1757824408
|switch|p2a: Slowking|Slowking-Galar, M|100/100
|move|p1a: Gliscor|Spikes|p2a: Slowking
|-sidestart|p2: xiaofffff gogogo|Spikes
|
|-heal|p1a: Gliscor|100/100 tox|[from] ability: Poison Heal
|upkeep
|turn|9
|
|t:|1757824417
|move|p1a: Gliscor|Spikes|p2a: Slowking
|-sidestart|p2: xiaofffff gogogo|Spikes
|move|p2a: Slowking|Future Sight|p1a: Gliscor
|-start|p2a: Slowking|move: Future Sight
|
|upkeep
|turn|10
|
|t:|1757824430
|move|p1a: Gliscor|Spikes|p2a: Slowking
|-sidestart|p2: xiaofffff gogogo|Spikes
|move|p2a: Slowking|Psychic Noise|p1a: Gliscor
|-damage|p1a: Gliscor|65/100 tox
|-start|p1a: Gliscor|move: Heal Block
|
|upkeep
|turn|11
|
|t:|1757824443
|move|p1a: Gliscor|Earthquake|p2a: Slowking
|-supereffective|p2a: Slowking
|-enditem|p2a: Slowking|Shuca Berry|[eat]
|-enditem|p2a: Slowking|Shuca Berry|[weaken]
|-damage|p2a: Slowking|73/100
|-prepare|p2a: Slowking|Chilly Reception|[premajor]
|move|p2a: Slowking|Chilly Reception|p2a: Slowking
|-weather|Snowscape
|
|t:|1757824453
|switch|p2a: Great Tusk|Great Tusk|100/100|[from] Chilly Reception
|-damage|p2a: Great Tusk|76/100|[from] Spikes
|-enditem|p2a: Great Tusk|Booster Energy
|-activate|p2a: Great Tusk|ability: Protosynthesis|[fromitem]
|-start|p2a: Great Tusk|protosynthesisatk
|
|-weather|Snowscape|[upkeep]
|-end|p1a: Gliscor|move: Future Sight
|-damage|p1a: Gliscor|9/100 tox
|-end|p1a: Gliscor|move: Heal Block
|upkeep
|turn|12
|
|t:|1757824466
|switch|p1a: Sinistcha|Sinistcha|100/100
|-damage|p1a: Sinistcha|88/100|[from] Stealth Rock
|move|p2a: Great Tusk|Ice Spinner|p1a: Sinistcha
|-supereffective|p1a: Sinistcha
|-damage|p1a: Sinistcha|38/100
|
|-weather|Snowscape|[upkeep]
|-heal|p1a: Sinistcha|44/100|[from] item: Leftovers
|upkeep
|turn|13
|
|t:|1757824479
|-terastallize|p1a: Sinistcha|Poison
|move|p2a: Great Tusk|Ice Spinner|p1a: Sinistcha
|-damage|p1a: Sinistcha|20/100
|move|p1a: Sinistcha|Matcha Gotcha|p2a: Great Tusk
|-supereffective|p2a: Great Tusk
|-damage|p2a: Great Tusk|0 fnt
|-heal|p1a: Sinistcha|61/100|[from] drain|[of] p2a: Great Tusk
|faint|p2a: Great Tusk
|-end|p2a: Great Tusk|Protosynthesis|[silent]
|
|-weather|Snowscape|[upkeep]
|-heal|p1a: Sinistcha|67/100|[from] item: Leftovers
|upkeep
|
|t:|1757824493
|switch|p2a: Heatran|Heatran, F|100/100
|-damage|p2a: Heatran|76/100|[from] Spikes
|turn|14
|
|t:|1757824499
|switch|p1a: Gliscor|Gliscor, F|9/100 tox
|-damage|p1a: Gliscor|0 fnt|[from] Stealth Rock
|faint|p1a: Gliscor
|move|p2a: Heatran|Magma Storm|p1: Gliscor|[notarget]
|-fail|p2a: Heatran
|
|-weather|Snowscape|[upkeep]
|upkeep
|
|t:|1757824509
|switch|p1a: Okidogi|Okidogi, M|100/100
|turn|15
|
|t:|1757824515
|switch|p2a: Dragapult|Dragapult, F|100/100
|move|p1a: Okidogi|Drain Punch|p2a: Dragapult
|-immune|p2a: Dragapult
|
|-weather|none
|upkeep
|turn|16
|
|t:|1757824528
|move|p2a: Dragapult|Will-O-Wisp|p1a: Okidogi
|-status|p1a: Okidogi|brn
|move|p1a: Okidogi|Knock Off|p2a: Dragapult
|-supereffective|p2a: Dragapult
|-damage|p2a: Dragapult|56/100
|-enditem|p2a: Dragapult|Heavy-Duty Boots|[from] move: Knock Off|[of] p1a: Okidogi
|
|-damage|p1a: Okidogi|95/100 brn|[from] brn
|upkeep
|turn|17
|
|t:|1757824538
|move|p2a: Dragapult|U-turn|p1a: Okidogi
|-resisted|p1a: Okidogi
|-damage|p1a: Okidogi|89/100 brn
|
|t:|1757824547
|switch|p2a: Landorus|Landorus-Therian, M|89/100 brn|[from] U-turn
|-ability|p2a: Landorus|Intimidate|boost
|-unboost|p1a: Okidogi|atk|1
|move|p1a: Okidogi|Poison Jab|p2a: Landorus
|-resisted|p2a: Landorus
|-damage|p2a: Landorus|81/100 brn
|
|-damage|p2a: Landorus|75/100 brn|[from] brn
|-damage|p1a: Okidogi|83/100 brn|[from] brn
|upkeep
|turn|18
|
|t:|1757824560
|move|p2a: Landorus|Stone Edge|p1a: Okidogi
|-resisted|p1a: Okidogi
|-damage|p1a: Okidogi|70/100 brn
|move|p1a: Okidogi|Knock Off|p2a: Landorus
|-damage|p2a: Landorus|61/100 brn
|-enditem|p2a: Landorus|Choice Band|[from] move: Knock Off|[of] p1a: Okidogi
|
|-damage|p2a: Landorus|55/100 brn|[from] brn
|-damage|p1a: Okidogi|64/100 brn|[from] brn
|upkeep
|turn|19
|
|t:|1757824569
|switch|p1a: Arcanine|Arcanine, F|100/100
|-ability|p1a: Arcanine|Intimidate|boost
|-unboost|p2a: Landorus|atk|1
|move|p2a: Landorus|Earthquake|p1a: Arcanine
|-supereffective|p1a: Arcanine
|-damage|p1a: Arcanine|57/100
|
|-damage|p2a: Landorus|49/100 brn|[from] brn
|upkeep
|turn|20
|
|t:|1757824579
|switch|p2a: Heatran|Heatran, F|76/100
|-damage|p2a: Heatran|51/100|[from] Spikes
|move|p1a: Arcanine|Morning Sun|p1a: Arcanine
|-heal|p1a: Arcanine|100/100
|
|upkeep
|turn|21
|
|t:|1757824588
|move|p2a: Heatran|Earth Power|p1a: Arcanine
|-supereffective|p1a: Arcanine
|-damage|p1a: Arcanine|61/100
|move|p1a: Arcanine|Roar|p2a: Heatran
|drag|p2a: Dragapult|Dragapult, F|56/100
|-damage|p2a: Dragapult|31/100|[from] Spikes
|
|upkeep
|turn|22
|
|t:|1757824602
|move|p2a: Dragapult|Dragon Darts|p1a: Arcanine
|-damage|p1a: Arcanine|36/100
|-anim|p2a: Dragapult|Dragon Darts|p1a: Arcanine
|-damage|p1a: Arcanine|12/100
|move|p1a: Arcanine|Morning Sun|p1a: Arcanine
|-heal|p1a: Arcanine|62/100
|
|upkeep
|turn|23
|
|t:|1757824611
|switch|p1a: Okidogi|Okidogi, M|64/100 brn
|move|p2a: Dragapult|Dragon Darts|p1a: Okidogi
|-damage|p1a: Okidogi|42/100 brn
|-anim|p2a: Dragapult|Dragon Darts|p1a: Okidogi
|-damage|p1a: Okidogi|23/100 brn
|
|-damage|p1a: Okidogi|17/100 brn|[from] brn
|upkeep
|turn|24
|
|t:|1757824620
|move|p2a: Dragapult|Hex|p1a: Okidogi
|-damage|p1a: Okidogi|0 fnt
|faint|p1a: Okidogi
|
|upkeep
|
|t:|1757824623
|switch|p1a: Darkrai|Darkrai|100/100
|-damage|p1a: Darkrai|88/100|[from] Stealth Rock
|turn|25
|
|t:|1757824635
|move|p2a: Dragapult|Dragon Darts|p1a: Darkrai
|-damage|p1a: Darkrai|62/100
|-anim|p2a: Dragapult|Dragon Darts|p1a: Darkrai
|-damage|p1a: Darkrai|34/100
|move|p1a: Darkrai|Dark Pulse|p2a: Dragapult
|-supereffective|p2a: Dragapult
|-damage|p2a: Dragapult|0 fnt
|faint|p2a: Dragapult
|
|upkeep
|
|t:|1757824650
|switch|p2a: Landorus|Landorus-Therian, M|49/100 brn
|-ability|p2a: Landorus|Intimidate|boost
|-unboost|p1a: Darkrai|atk|1
|turn|26
|
|t:|1757824654
|move|p1a: Darkrai|Dark Pulse|p2a: Landorus
|-crit|p2a: Landorus
|-damage|p2a: Landorus|0 fnt
|faint|p2a: Landorus
|
|upkeep
|
|t:|1757824659
|switch|p2a: Slowking|Slowking-Galar, M|100/100
|-damage|p2a: Slowking|76/100|[from] Spikes
|turn|27
|
|t:|1757824666
|move|p1a: Darkrai|Dark Pulse|p2a: Slowking
|-supereffective|p2a: Slowking
|-damage|p2a: Slowking|0 fnt
|faint|p2a: Slowking
|
|upkeep
|
|t:|1757824671
|switch|p2a: Heatran|Heatran, F|51/100
|-damage|p2a: Heatran|26/100|[from] Spikes
|turn|28
|
|t:|1757824680
|move|p1a: Darkrai|Dark Pulse|p2a: Heatran
|-damage|p2a: Heatran|0 fnt
|faint|p2a: Heatran
|
|upkeep
|
|t:|1757824684
|switch|p2a: Zamazenta|Zamazenta|100/100
|-damage|p2a: Zamazenta|76/100|[from] Spikes
|-ability|p2a: Zamazenta|Dauntless Shield|boost
|-boost|p2a: Zamazenta|def|1
|turn|29
|
|t:|1757824692
|move|p1a: Darkrai|Dark Pulse|p2a: Zamazenta
|-resisted|p2a: Zamazenta
|-damage|p2a: Zamazenta|49/100
|move|p2a: Zamazenta|Crunch|p1a: Darkrai
|-resisted|p1a: Darkrai
|-damage|p1a: Darkrai|20/100
|-unboost|p1a: Darkrai|def|1
|
|-heal|p2a: Zamazenta|55/100|[from] item: Leftovers
|upkeep
|turn|30
|
|t:|1757824701
|move|p1a: Darkrai|Dark Pulse|p2a: Zamazenta
|-resisted|p2a: Zamazenta
|-damage|p2a: Zamazenta|30/100
|move|p2a: Zamazenta|Crunch|p1a: Darkrai
|-resisted|p1a: Darkrai
|-damage|p1a: Darkrai|0 fnt
|faint|p1a: Darkrai
|
|-heal|p2a: Zamazenta|36/100|[from] item: Leftovers
|upkeep
|
|t:|1757824704
|switch|p1a: Arcanine|Arcanine, F|62/100
|-ability|p1a: Arcanine|Intimidate|boost
|-unboost|p2a: Zamazenta|atk|1
|turn|31
|
|t:|1757824714
|-terastallize|p2a: Zamazenta|Fire
|move|p2a: Zamazenta|Body Press|p1a: Arcanine
|-damage|p1a: Arcanine|0 fnt
|faint|p1a: Arcanine
|
|-heal|p2a: Zamazenta|42/100|[from] item: Leftovers
|upkeep
|
|t:|1757824720
|switch|p1a: Gholdengo|Gholdengo|56/100
|-damage|p1a: Gholdengo|50/100|[from] Stealth Rock
|turn|32
|
|t:|1757824724
|move|p2a: Zamazenta|Crunch|p1a: Gholdengo
|-supereffective|p1a: Gholdengo
|-damage|p1a: Gholdengo|16/100
|-unboost|p1a: Gholdengo|def|1
|move|p1a: Gholdengo|Recover|p1a: Gholdengo
|-heal|p1a: Gholdengo|66/100
|
|-heal|p2a: Zamazenta|48/100|[from] item: Leftovers
|-heal|p1a: Gholdengo|72/100|[from] item: Leftovers
|upkeep
|turn|33
|
|t:|1757824733
|move|p2a: Zamazenta|Crunch|p1a: Gholdengo
|-supereffective|p1a: Gholdengo
|-damage|p1a: Gholdengo|25/100
|move|p1a: Gholdengo|Shadow Ball|p2a: Zamazenta
|-damage|p2a: Zamazenta|12/100
|
|-heal|p2a: Zamazenta|18/100|[from] item: Leftovers
|-heal|p1a: Gholdengo|31/100|[from] item: Leftovers
|upkeep
|turn|34
|
|t:|1757824741
|move|p2a: Zamazenta|Crunch|p1a: Gholdengo
|-supereffective|p1a: Gholdengo
|-damage|p1a: Gholdengo|0 fnt
|faint|p1a: Gholdengo
|
|-heal|p2a: Zamazenta|24/100|[from] item: Leftovers
|upkeep
|
|t:|1757824742
|switch|p1a: Sinistcha|Sinistcha, tera:Poison|67/100
|-damage|p1a: Sinistcha|54/100|[from] Stealth Rock
|turn|35
|
|t:|1757824751
|move|p2a: Zamazenta|Body Press|p1a: Sinistcha
|-resisted|p1a: Sinistcha
|-damage|p1a: Sinistcha|32/100
|move|p1a: Sinistcha|Strength Sap|p2a: Zamazenta
|-unboost|p2a: Zamazenta|atk|1
|-heal|p1a: Sinistcha|85/100
|
|-heal|p2a: Zamazenta|30/100|[from] item: Leftovers
|-heal|p1a: Sinistcha|92/100|[from] item: Leftovers
|upkeep
|turn|36
|
|t:|1757824762
|move|p2a: Zamazenta|Iron Defense|p2a: Zamazenta
|-boost|p2a: Zamazenta|def|2
|move|p1a: Sinistcha|Shadow Ball|p2a: Zamazenta
|-damage|p2a: Zamazenta|5/100
|
|-heal|p2a: Zamazenta|11/100|[from] item: Leftovers
|-heal|p1a: Sinistcha|98/100|[from] item: Leftovers
|upkeep
|turn|37
|
|t:|1757824769
|move|p2a: Zamazenta|Body Press|p1a: Sinistcha
|-resisted|p1a: Sinistcha
|-damage|p1a: Sinistcha|64/100
|move|p1a: Sinistcha|Shadow Ball|p2a: Zamazenta
|-damage|p2a: Zamazenta|0 fnt
|faint|p2a: Zamazenta
|
|win|LucyLikePizza
|raw|LucyLikePizza's rating: 1455 &rarr; <strong>1472</strong><br />(+17 for winning)
|raw|xiaofffff gogogo's rating: 1411 &rarr; <strong>1394</strong><br />(-17 for losing)
|l|☆LucyLikePizza
|player|p1|
