|j|☆RAND0M TEAM GENS
|j|☆vartholomeus
|t:|1757947577
|gametype|singles
|player|p1|RAND0M TEAM GENS|giovanni-gen3|1322
|player|p2|vartholomeus|ruinmaniac|1346
|gen|9
|tier|[Gen 9] OU
|rated|
|rule|HP Percentage Mod: HP is shown in percentages
|rule|Endless Battle Clause: Forcing endless battles is banned
|rule|Species Clause: Limit one of each Pokémon
|rule|OHKO Clause: OHKO moves are banned
|rule|Evasion Items Clause: Evasion items are banned
|rule|Evasion Moves Clause: Evasion moves are banned
|rule|Evasion Abilities Clause: Evasion abilities are banned
|rule|Sleep Moves Clause: Sleep-inducing moves are banned
|clearpoke
|poke|p1|Tornadus, M|
|poke|p1|Toxtricity, M|
|poke|p1|Iron Valiant|
|poke|p1|Arcanine-Hisui, M|
|poke|p1|Brambleghast, M|
|poke|p1|Hydreigon, M|
|poke|p2|Moltres|
|poke|p2|Iron Crown|
|poke|p2|Rillaboom, M|
|poke|p2|Great Tusk|
|poke|p2|Zamazenta-*|
|poke|p2|Samurott-Hisui, M|
|teampreview
|inactive|Battle timer is ON: inactive players will automatically lose when time's up. (requested by vartholomeus)
|
|t:|1757947587
|teamsize|p1|6
|teamsize|p2|6
|start
|switch|p1a: Hydreigon|Hydreigon, M, shiny|100/100
|switch|p2a: Greatto|Great Tusk|100/100
|turn|1
|
|t:|1757947593
|move|p2a: Greatto|Close Combat|p1a: Hydreigon
|-supereffective|p1a: Hydreigon
|-damage|p1a: Hydreigon|0 fnt
|-unboost|p2a: Greatto|def|1
|-unboost|p2a: Greatto|spd|1
|faint|p1a: Hydreigon
|
|upkeep
|
|t:|1757947606
|switch|p1a: Tornadus|Tornadus, M, shiny|100/100
|turn|2
|
|t:|1757947612
|-end|p2a: Greatto|Protosynthesis|[silent]
|switch|p2a: Irok|Iron Crown|100/100
|move|p1a: Tornadus|Tailwind|p1a: Tornadus
|-sidestart|p1: RAND0M TEAM GENS|move: Tailwind
|
|upkeep
|turn|3
|
|t:|1757947621
|switch|p1a: Brambleghast|Brambleghast, M, shiny|100/100
|-ability|p1a: Brambleghast|Wind Rider|boost
|-boost|p1a: Brambleghast|atk|1
|move|p2a: Irok|Psyshock|p1a: Brambleghast
|-damage|p1a: Brambleghast|0 fnt
|faint|p1a: Brambleghast
|
|upkeep
|
|t:|1757947626
|switch|p1a: Toxtricity|Toxtricity, M, shiny|100/100
|turn|4
|
|t:|1757947634
|move|p1a: Toxtricity|Boomburst|p2a: Irok
|-resisted|p2a: Irok
|-damage|p2a: Irok|50/100
|move|p2a: Irok|Psyshock|p1a: Toxtricity
|-supereffective|p1a: Toxtricity
|-damage|p1a: Toxtricity|0 fnt
|faint|p1a: Toxtricity
|
|upkeep
|
|t:|1757947639
|switch|p1a: Arcanine|Arcanine-Hisui, M, shiny|100/100
|turn|5
|
|t:|1757947648
|move|p1a: Arcanine|Head Smash|p2a: Irok
|-resisted|p2a: Irok
|-damage|p2a: Irok|0 fnt
|faint|p2a: Irok
|-end|p2a: Irok|Quark Drive|[silent]
|
|-sideend|p1: RAND0M TEAM GENS|move: Tailwind
|upkeep
|
|t:|1757947652
|switch|p2a: Seiya|Samurott-Hisui, M, shiny|100/100
|turn|6
|
|t:|1757947655
|move|p2a: Seiya|Razor Shell|p1a: Arcanine
|-supereffective|p1a: Arcanine
|-damage|p1a: Arcanine|0 fnt
|faint|p1a: Arcanine
|
|upkeep
|
|t:|1757947659
|switch|p1a: Tornadus|Tornadus, M, shiny|100/100
|turn|7
|
|t:|1757947662
|move|p1a: Tornadus|Tailwind|p1a: Tornadus
|-sidestart|p1: RAND0M TEAM GENS|move: Tailwind
|move|p2a: Seiya|Razor Shell|p1a: Tornadus
|-damage|p1a: Tornadus|22/100
|-enditem|p1a: Tornadus|Eject Button
|
|t:|1757947664
|switch|p1a: Iron Valiant|Iron Valiant, shiny|100/100
|
|upkeep
|turn|8
|
|t:|1757947668
|move|p1a: Iron Valiant|Moonblast|p2a: Seiya
|-supereffective|p2a: Seiya
|-damage|p2a: Seiya|0 fnt
|faint|p2a: Seiya
|
|upkeep
|
|t:|1757947673
|switch|p2a: Pepe|Moltres|100/100
|turn|9
|
|t:|1757947676
|-terastallize|p1a: Iron Valiant|Fairy
|move|p1a: Iron Valiant|Moonblast|p2a: Pepe
|-resisted|p2a: Pepe
|-damage|p2a: Pepe|49/100
|move|p2a: Pepe|Flamethrower|p1a: Iron Valiant
|-damage|p1a: Iron Valiant|31/100
|
|upkeep
|turn|10
|
|t:|1757947679
|move|p1a: Iron Valiant|Moonblast|p2a: Pepe
|-resisted|p2a: Pepe
|-damage|p2a: Pepe|5/100
|move|p2a: Pepe|Flamethrower|p1a: Iron Valiant
|-damage|p1a: Iron Valiant|0 fnt
|faint|p1a: Iron Valiant
|-end|p1a: Iron Valiant|Quark Drive|[silent]
|
|-sideend|p1: RAND0M TEAM GENS|move: Tailwind
|upkeep
|
|t:|1757947682
|switch|p1a: Tornadus|Tornadus, M, shiny|22/100
|turn|11
|
|t:|1757947685
|move|p1a: Tornadus|Hurricane|p2a: Pepe
|-damage|p2a: Pepe|0 fnt
|faint|p2a: Pepe
|
|upkeep
|
|t:|1757947689
|switch|p2a: Greatto|Great Tusk|100/100
|turn|12
|
|t:|1757947692
|move|p2a: Greatto|Ice Spinner|p1a: Tornadus
|-supereffective|p1a: Tornadus
|-damage|p1a: Tornadus|0 fnt
|faint|p1a: Tornadus
|
|win|vartholomeus
|raw|RAND0M TEAM GENS's rating: 1322 &rarr; <strong>1303</strong><br />(-19 for losing)
|raw|vartholomeus's rating: 1346 &rarr; <strong>1365</strong><br />(+19 for winning)
|l|☆RAND0M TEAM GENS
|player|p1|
|l|☆vartholomeus
|player|p2|
