|j|‽LT91BB incelman
|j|☆Malamarlvr94
|t:|1757893728
|gametype|singles
|player|p1|LT91BB incelman|miku-ice|1324
|player|p2|Malamarlvr94|102|1289
|gen|9
|tier|[Gen 9] OU
|rated|
|rule|HP Percentage Mod: HP is shown in percentages
|rule|Endless Battle Clause: Forcing endless battles is banned
|rule|Species Clause: Limit one of each Pokémon
|rule|OHKO Clause: OHKO moves are banned
|rule|Evasion Items Clause: Evasion items are banned
|rule|Evasion Moves Clause: Evasion moves are banned
|rule|Evasion Abilities Clause: Evasion abilities are banned
|rule|Sleep Moves Clause: Sleep-inducing moves are banned
|clearpoke
|poke|p1|Sinistcha|
|poke|p1|Excadrill, M|
|poke|p1|Tyranitar, F|
|poke|p1|Rotom-Wash|
|poke|p1|Alomomola, M|
|poke|p1|Blaziken, F|
|poke|p2|Malamar, F|
|poke|p2|Iron Treads|
|poke|p2|Enamorus, F|
|poke|p2|Araquanid, M|
|poke|p2|Skeledirge, F|
|poke|p2|Gholdengo|
|teampreview
|inactive|Battle timer is ON: inactive players will automatically lose when time's up. (requested by Malamarlvr94)
|
|t:|1757893736
|teamsize|p1|6
|teamsize|p2|6
|start
|switch|p1a: Alomomola|Alomomola, M|100/100
|switch|p2a: Araquanid|Araquanid, M|100/100
|turn|1
|
|t:|1757893739
|move|p1a: Alomomola|Flip Turn|p2a: Araquanid
|-resisted|p2a: Araquanid
|-damage|p2a: Araquanid|92/100
|
|t:|1757893743
|switch|p1a: Sinistcha|Sinistcha|100/100|[from] Flip Turn
|move|p2a: Araquanid|Sticky Web|p1a: Sinistcha
|-sidestart|p1: LT91BB incelman|move: Sticky Web
|
|upkeep
|turn|2
|
|t:|1757893748
|move|p1a: Sinistcha|Calm Mind|p1a: Sinistcha
|-boost|p1a: Sinistcha|spa|1
|-boost|p1a: Sinistcha|spd|1
|move|p2a: Araquanid|Leech Life|p1a: Sinistcha
|-damage|p1a: Sinistcha|81/100
|-heal|p2a: Araquanid|100/100|[from] drain|[of] p1a: Sinistcha
|
|upkeep
|turn|3
|
|t:|1757893754
|move|p1a: Sinistcha|Matcha Gotcha|p2a: Araquanid
|-damage|p2a: Araquanid|66/100
|-heal|p1a: Sinistcha|98/100|[from] drain|[of] p2a: Araquanid
|move|p2a: Araquanid|Leech Life|p1a: Sinistcha
|-damage|p1a: Sinistcha|78/100
|-heal|p2a: Araquanid|76/100|[from] drain|[of] p1a: Sinistcha
|
|upkeep
|turn|4
|
|t:|1757893760
|move|p1a: Sinistcha|Calm Mind|p1a: Sinistcha
|-boost|p1a: Sinistcha|spa|1
|-boost|p1a: Sinistcha|spd|1
|move|p2a: Araquanid|Leech Life|p1a: Sinistcha
|-damage|p1a: Sinistcha|56/100
|-heal|p2a: Araquanid|87/100|[from] drain|[of] p1a: Sinistcha
|
|upkeep
|turn|5
|
|t:|1757893765
|move|p1a: Sinistcha|Matcha Gotcha|p2a: Araquanid
|-damage|p2a: Araquanid|36/100
|-heal|p1a: Sinistcha|81/100|[from] drain|[of] p2a: Araquanid
|move|p2a: Araquanid|Leech Life|p1a: Sinistcha
|-damage|p1a: Sinistcha|61/100
|-heal|p2a: Araquanid|46/100|[from] drain|[of] p1a: Sinistcha
|
|upkeep
|turn|6
|
|t:|1757893771
|move|p1a: Sinistcha|Strength Sap|p2a: Araquanid
|-unboost|p2a: Araquanid|atk|1
|-heal|p1a: Sinistcha|100/100
|move|p2a: Araquanid|Mirror Coat||[still]
|-fail|p2a: Araquanid
|
|upkeep
|turn|7
|
|t:|1757893777
|move|p1a: Sinistcha|Calm Mind|p1a: Sinistcha
|-boost|p1a: Sinistcha|spa|1
|-boost|p1a: Sinistcha|spd|1
|move|p2a: Araquanid|Leech Life|p1a: Sinistcha
|-damage|p1a: Sinistcha|87/100
|-heal|p2a: Araquanid|53/100|[from] drain|[of] p1a: Sinistcha
|
|upkeep
|turn|8
|
|t:|1757893781
|move|p1a: Sinistcha|Calm Mind|p1a: Sinistcha
|-boost|p1a: Sinistcha|spa|1
|-boost|p1a: Sinistcha|spd|1
|move|p2a: Araquanid|Mirror Coat||[still]
|-fail|p2a: Araquanid
|
|upkeep
|turn|9
|
|t:|1757893788
|move|p1a: Sinistcha|Calm Mind|p1a: Sinistcha
|-boost|p1a: Sinistcha|spa|1
|-boost|p1a: Sinistcha|spd|1
|move|p2a: Araquanid|Leech Life|p1a: Sinistcha
|-damage|p1a: Sinistcha|74/100
|-heal|p2a: Araquanid|59/100|[from] drain|[of] p1a: Sinistcha
|
|upkeep
|turn|10
|
|t:|1757893792
|move|p1a: Sinistcha|Matcha Gotcha|p2a: Araquanid
|-crit|p2a: Araquanid
|-damage|p2a: Araquanid|0 fnt
|-heal|p1a: Sinistcha|100/100|[from] drain|[of] p2a: Araquanid
|faint|p2a: Araquanid
|
|upkeep
|
|t:|1757893794
|switch|p2a: Skeledirge|Skeledirge, F|100/100
|turn|11
|
|t:|1757893803
|switch|p1a: Rotom|Rotom-Wash|100/100
|move|p2a: Skeledirge|Torch Song|p1a: Rotom
|-resisted|p1a: Rotom
|-damage|p1a: Rotom|84/100
|-boost|p2a: Skeledirge|spa|1
|
|-heal|p1a: Rotom|90/100|[from] item: Leftovers
|upkeep
|turn|12
|
|t:|1757893817
|switch|p2a: Gholdengo|Gholdengo|100/100
|move|p1a: Rotom|Hydro Pump|p2a: Gholdengo|[miss]
|-miss|p1a: Rotom|p2a: Gholdengo
|
|-heal|p1a: Rotom|96/100|[from] item: Leftovers
|upkeep
|turn|13
|
|t:|1757893822
|move|p2a: Gholdengo|Trick|p1a: Rotom
|-activate|p2a: Gholdengo|move: Trick|[of] p1a: Rotom
|-item|p1a: Rotom|Choice Scarf|[from] move: Trick
|-item|p2a: Gholdengo|Leftovers|[from] move: Trick
|move|p1a: Rotom|Volt Switch|p2a: Gholdengo
|-damage|p2a: Gholdengo|73/100
|
|t:|1757893827
|switch|p1a: Alomomola|Alomomola, M|100/100|[from] Volt Switch
|-activate|p1a: Alomomola|move: Sticky Web
|-unboost|p1a: Alomomola|spe|1
|
|-heal|p2a: Gholdengo|79/100|[from] item: Leftovers
|upkeep
|turn|14
|
|t:|1757893829
|move|p2a: Gholdengo|Thunderbolt|p1a: Alomomola
|-supereffective|p1a: Alomomola
|-damage|p1a: Alomomola|67/100
|-status|p1a: Alomomola|par
|cant|p1a: Alomomola|par
|
|-heal|p2a: Gholdengo|85/100|[from] item: Leftovers
|upkeep
|turn|15
|
|t:|1757893833
|move|p2a: Gholdengo|Thunderbolt|p1a: Alomomola
|-supereffective|p1a: Alomomola
|-damage|p1a: Alomomola|32/100 par
|move|p1a: Alomomola|Mirror Coat|p2a: Gholdengo
|-damage|p2a: Gholdengo|0 fnt
|faint|p2a: Gholdengo
|
|upkeep
|
|t:|1757893838
|switch|p2a: Malamar|Malamar, F|100/100
|turn|16
|
|t:|1757893842
|switch|p1a: Rotom|Rotom-Wash|96/100
|move|p2a: Malamar|Superpower|p1a: Rotom
|-damage|p1a: Rotom|66/100
|-boost|p2a: Malamar|atk|1
|-boost|p2a: Malamar|def|1
|
|upkeep
|turn|17
|
|t:|1757893848
|move|p1a: Rotom|Will-O-Wisp|p2a: Malamar|[miss]
|-miss|p1a: Rotom|p2a: Malamar
|move|p2a: Malamar|Superpower|p1a: Rotom
|-damage|p1a: Rotom|19/100
|-boost|p2a: Malamar|atk|1
|-boost|p2a: Malamar|def|1
|
|upkeep
|turn|18
|
|t:|1757893852
|move|p1a: Rotom|Will-O-Wisp|p2a: Malamar|[miss]
|-miss|p1a: Rotom|p2a: Malamar
|move|p2a: Malamar|Superpower|p1a: Rotom
|-damage|p1a: Rotom|0 fnt
|-boost|p2a: Malamar|atk|1
|-boost|p2a: Malamar|def|1
|faint|p1a: Rotom
|
|upkeep
|
|t:|1757893859
|switch|p1a: Sinistcha|Sinistcha|100/100
|turn|19
|
|t:|1757893862
|-terastallize|p1a: Sinistcha|Poison
|move|p2a: Malamar|Night Slash|p1a: Sinistcha
|-damage|p1a: Sinistcha|46/100
|move|p1a: Sinistcha|Strength Sap|p2a: Malamar
|-boost|p2a: Malamar|atk|1
|-heal|p1a: Sinistcha|100/100
|
|upkeep
|turn|20
|-message|LT91BB incelman forfeited.
|
|win|Malamarlvr94
|raw|LT91BB incelman's rating: 1324 &rarr; <strong>1302</strong><br />(-22 for losing)
|raw|Malamarlvr94's rating: 1289 &rarr; <strong>1317</strong><br />(+28 for winning)
|l|‽LT91BB incelman
|player|p1|
