|j|☆Cyan27
|j|☆Hazinho
|t:|1757870554
|gametype|singles
|player|p1|Cyan27|acetrainersnowf|1156
|player|p2|Hazinho|riley|1199
|gen|9
|tier|[Gen 9] OU
|rated|
|rule|HP Percentage Mod: HP is shown in percentages
|rule|Endless Battle Clause: Forcing endless battles is banned
|rule|Species Clause: Limit one of each Pokémon
|rule|OHKO Clause: OHKO moves are banned
|rule|Evasion Items Clause: Evasion items are banned
|rule|Evasion Moves Clause: Evasion moves are banned
|rule|Evasion Abilities Clause: Evasion abilities are banned
|rule|Sleep Moves Clause: Sleep-inducing moves are banned
|clearpoke
|poke|p1|Ninetales, F|
|poke|p1|Leafeon, F|
|poke|p1|Ceruledge, M|
|poke|p1|Dragonite, F|
|poke|p1|Landorus-Therian, M|
|poke|p1|Walking Wake|
|poke|p2|Gliscor, M|
|poke|p2|Hydreigon, F|
|poke|p2|Fezandipiti, M|
|poke|p2|Sylveon, F|
|poke|p2|Typhlosion, F|
|poke|p2|Bellossom, F|
|teampreview
|inactive|Battle timer is ON: inactive players will automatically lose when time's up. (requested by Cyan27)
|
|t:|1757870566
|teamsize|p1|6
|teamsize|p2|6
|start
|switch|p1a: Landorus|Landorus-Therian, M|100/100
|switch|p2a: Gliscor|Gliscor, M|100/100
|-ability|p1a: Landorus|Intimidate|boost
|-unboost|p2a: Gliscor|atk|1
|turn|1
|
|t:|1757870574
|move|p1a: Landorus|Sunny Day|p1a: Landorus
|-weather|SunnyDay
|move|p2a: Gliscor|Toxic|p1a: Landorus
|-status|p1a: Landorus|tox
|
|-weather|SunnyDay|[upkeep]
|-damage|p1a: Landorus|95/100 tox|[from] psn
|-status|p2a: Gliscor|tox|[from] item: Toxic Orb
|upkeep
|turn|2
|
|t:|1757870580
|move|p1a: Landorus|Stealth Rock|p2a: Gliscor
|-sidestart|p2: Hazinho|move: Stealth Rock
|move|p2a: Gliscor|Spikes|p1a: Landorus
|-sidestart|p1: Cyan27|Spikes
|
|-weather|SunnyDay|[upkeep]
|-damage|p1a: Landorus|83/100 tox|[from] psn
|upkeep
|turn|3
|
|t:|1757870586
|move|p1a: Landorus|U-turn|p2a: Gliscor
|-resisted|p2a: Gliscor
|-damage|p2a: Gliscor|93/100 tox
|
|t:|1757870589
|switch|p1a: Walking Wake|Walking Wake|100/100|[from] U-turn
|-damage|p1a: Walking Wake|88/100|[from] Spikes
|-activate|p1a: Walking Wake|ability: Protosynthesis
|-start|p1a: Walking Wake|protosynthesisspa
|move|p2a: Gliscor|Spikes|p1a: Walking Wake
|-sidestart|p1: Cyan27|Spikes
|
|-weather|SunnyDay|[upkeep]
|-heal|p2a: Gliscor|100/100 tox|[from] ability: Poison Heal
|upkeep
|turn|4
|
|t:|1757870604
|-terastallize|p2a: Gliscor|Water
|move|p1a: Walking Wake|Hydro Steam|p2a: Gliscor
|-resisted|p2a: Gliscor
|-damage|p2a: Gliscor|52/100 tox
|move|p2a: Gliscor|Toxic|p1a: Walking Wake
|-status|p1a: Walking Wake|tox
|
|-weather|SunnyDay|[upkeep]
|-damage|p1a: Walking Wake|82/100 tox|[from] psn
|-heal|p2a: Gliscor|65/100 tox|[from] ability: Poison Heal
|upkeep
|turn|5
|
|t:|1757870616
|-end|p1a: Walking Wake|Protosynthesis|[silent]
|switch|p1a: Landorus|Landorus-Therian, M|83/100 tox
|-ability|p1a: Landorus|Intimidate|boost
|-unboost|p2a: Gliscor|atk|1
|move|p2a: Gliscor|Protect||[still]
|-fail|p2a: Gliscor
|
|-weather|none
|-damage|p1a: Landorus|77/100 tox|[from] psn
|-heal|p2a: Gliscor|77/100 tox|[from] ability: Poison Heal
|upkeep
|turn|6
|
|t:|1757870623
|move|p1a: Landorus|Sunny Day|p1a: Landorus
|-weather|SunnyDay
|move|p2a: Gliscor|Spikes|p1a: Landorus
|-sidestart|p1: Cyan27|Spikes
|
|-weather|SunnyDay|[upkeep]
|-damage|p1a: Landorus|65/100 tox|[from] psn
|-heal|p2a: Gliscor|90/100 tox|[from] ability: Poison Heal
|upkeep
|turn|7
|
|t:|1757870628
|move|p1a: Landorus|Earthquake|p2a: Gliscor
|-damage|p2a: Gliscor|55/100 tox
|move|p2a: Gliscor|Earthquake|p1a: Landorus
|-immune|p1a: Landorus
|
|-weather|SunnyDay|[upkeep]
|-damage|p1a: Landorus|47/100 tox|[from] psn
|-heal|p2a: Gliscor|68/100 tox|[from] ability: Poison Heal
|upkeep
|-enditem|p1a: Landorus|Sitrus Berry|[eat]
|-heal|p1a: Landorus|72/100 tox|[from] item: Sitrus Berry
|turn|8
|
|t:|1757870641
|switch|p1a: Leafeon|Leafeon, F|100/100
|-damage|p1a: Leafeon|76/100|[from] Spikes
|switch|p2a: Bellossom|Bellossom, F|100/100
|-damage|p2a: Bellossom|88/100|[from] Stealth Rock
|
|-weather|SunnyDay|[upkeep]
|-heal|p2a: Bellossom|94/100|[from] item: Leftovers
|upkeep
|turn|9
|
|t:|1757870669
|move|p1a: Leafeon|Knock Off|p2a: Bellossom
|-damage|p2a: Bellossom|60/100
|-enditem|p2a: Bellossom|Leftovers|[from] move: Knock Off|[of] p1a: Leafeon
|move|p2a: Bellossom|Quiver Dance|p2a: Bellossom
|-boost|p2a: Bellossom|spa|1
|-boost|p2a: Bellossom|spd|1
|-boost|p2a: Bellossom|spe|1
|
|-weather|SunnyDay|[upkeep]
|upkeep
|turn|10
|inactive|Cyan27 has 120 seconds left.
|
|t:|1757870700
|move|p2a: Bellossom|Strength Sap|p1a: Leafeon
|-unboost|p1a: Leafeon|atk|1
|-heal|p2a: Bellossom|100/100
|move|p1a: Leafeon|Facade|p2a: Bellossom
|-damage|p2a: Bellossom|84/100
|
|-weather|none
|upkeep
|turn|11
|inactive|Cyan27 has 120 seconds left.
|
|t:|1757870714
|switch|p1a: icic|Ninetales, F, shiny|100/100
|-damage|p1a: icic|76/100|[from] Spikes
|-weather|SunnyDay|[from] ability: Drought|[of] p1a: icic
|move|p2a: Bellossom|Quiver Dance|p2a: Bellossom
|-boost|p2a: Bellossom|spa|1
|-boost|p2a: Bellossom|spd|1
|-boost|p2a: Bellossom|spe|1
|
|-weather|SunnyDay|[upkeep]
|upkeep
|turn|12
|
|t:|1757870723
|move|p2a: Bellossom|Tera Blast|p1a: icic
|-damage|p1a: icic|35/100
|move|p1a: icic|Flamethrower|p2a: Bellossom
|-supereffective|p2a: Bellossom
|-damage|p2a: Bellossom|33/100
|
|-weather|SunnyDay|[upkeep]
|upkeep
|turn|13
|inactive|Cyan27 has 120 seconds left.
|
|t:|1757870739
|move|p2a: Bellossom|Tera Blast|p1a: icic
|-damage|p1a: icic|0 fnt
|faint|p1a: icic
|
|-weather|SunnyDay|[upkeep]
|upkeep
|inactive|Cyan27 has 120 seconds left.
|
|t:|1757870747
|switch|p1a: Walking Wake|Walking Wake|82/100 tox
|-damage|p1a: Walking Wake|57/100 tox|[from] Spikes
|-activate|p1a: Walking Wake|ability: Protosynthesis
|-start|p1a: Walking Wake|protosynthesisspa
|turn|14
|
|t:|1757870752
|move|p2a: Bellossom|Giga Drain|p1a: Walking Wake
|-damage|p1a: Walking Wake|3/100 tox
|-heal|p2a: Bellossom|59/100|[from] drain|[of] p1a: Walking Wake
|move|p1a: Walking Wake|Flamethrower|p2a: Bellossom
|-supereffective|p2a: Bellossom
|-damage|p2a: Bellossom|0 fnt
|faint|p2a: Bellossom
|
|-weather|SunnyDay|[upkeep]
|-damage|p1a: Walking Wake|0 fnt|[from] psn
|faint|p1a: Walking Wake
|-end|p1a: Walking Wake|Protosynthesis|[silent]
|upkeep
|-message|Cyan27 forfeited.
|
|win|Hazinho
|raw|Cyan27's rating: 1156 &rarr; <strong>1134</strong><br />(-22 for losing)
|raw|Hazinho's rating: 1199 &rarr; <strong>1221</strong><br />(+22 for winning)
|l|☆Cyan27
|player|p1|
|l|☆Hazinho
|player|p2|
