|j|☆Thunder60076
|j|☆cvgtf
|t:|1757898422
|gametype|singles
|player|p1|Thunder60076|266|1145
|player|p2|cvgtf|169|1195
|gen|9
|tier|[Gen 9] OU
|rated|
|rule|HP Percentage Mod: HP is shown in percentages
|rule|Endless Battle Clause: Forcing endless battles is banned
|rule|Species Clause: Limit one of each Pokémon
|rule|OHKO Clause: OHKO moves are banned
|rule|Evasion Items Clause: Evasion items are banned
|rule|Evasion Moves Clause: Evasion moves are banned
|rule|Evasion Abilities Clause: Evasion abilities are banned
|rule|Sleep Moves Clause: Sleep-inducing moves are banned
|clearpoke
|poke|p1|Illumise, F|
|poke|p1|Ting-Lu|
|poke|p1|Landorus-Therian, M|
|poke|p1|Walking Wake|
|poke|p1|Mimikyu, F|
|poke|p1|Hitmontop, M|
|poke|p2|Malamar, M|
|poke|p2|Ogerpon, F|
|poke|p2|Sinistcha|
|poke|p2|Heatran, M|
|poke|p2|Darkrai|
|poke|p2|Great Tusk|
|teampreview
|
|t:|1757898439
|teamsize|p1|6
|teamsize|p2|6
|start
|switch|p1a: Mimikyu|Mimikyu, F|100/100
|switch|p2a: Ogerpon|Ogerpon, F|100/100
|turn|1
|
|t:|1757898447
|switch|p1a: Illumise|Illumise, F, shiny|100/100
|move|p2a: Ogerpon|U-turn|p1a: Illumise
|-damage|p1a: Illumise|53/100
|
|t:|1757898456
|switch|p2a: Malamar|Malamar, M|100/100|[from] U-turn
|
|-status|p1a: Illumise|brn|[from] item: Flame Orb
|upkeep
|turn|2
|
|t:|1757898464
|switch|p1a: Hitmontop|Hitmontop, M|100/100
|move|p2a: Malamar|Substitute|p2a: Malamar
|-start|p2a: Malamar|Substitute
|-damage|p2a: Malamar|75/100
|
|-heal|p2a: Malamar|82/100|[from] item: Leftovers
|upkeep
|turn|3
|
|t:|1757898472
|move|p1a: Hitmontop|Fake Out|p2a: Malamar
|-activate|p2a: Malamar|move: Substitute|[damage]
|move|p2a: Malamar|Superpower|p1a: Hitmontop
|-damage|p1a: Hitmontop|67/100
|-boost|p2a: Malamar|atk|1
|-boost|p2a: Malamar|def|1
|
|-heal|p2a: Malamar|88/100|[from] item: Leftovers
|upkeep
|turn|4
|
|t:|1757898481
|move|p1a: Hitmontop|Mach Punch|p2a: Malamar
|-end|p2a: Malamar|Substitute
|move|p2a: Malamar|Superpower|p1a: Hitmontop
|-damage|p1a: Hitmontop|22/100
|-boost|p2a: Malamar|atk|1
|-boost|p2a: Malamar|def|1
|
|-heal|p2a: Malamar|94/100|[from] item: Leftovers
|upkeep
|turn|5
|
|t:|1757898490
|move|p1a: Hitmontop|Bullet Punch|p2a: Malamar
|-damage|p2a: Malamar|85/100
|move|p2a: Malamar|Substitute|p2a: Malamar
|-start|p2a: Malamar|Substitute
|-damage|p2a: Malamar|60/100
|
|-heal|p2a: Malamar|66/100|[from] item: Leftovers
|upkeep
|turn|6
|
|t:|1757898498
|switch|p1a: Landorus|Landorus-Therian, M|100/100
|-ability|p1a: Landorus|Intimidate|boost
|-immune|p2a: Malamar
|move|p2a: Malamar|Superpower|p1a: Landorus
|-resisted|p1a: Landorus
|-crit|p1a: Landorus
|-damage|p1a: Landorus|58/100
|-boost|p2a: Malamar|atk|1
|-boost|p2a: Malamar|def|1
|
|-heal|p1a: Landorus|64/100|[from] item: Leftovers
|-heal|p2a: Malamar|73/100|[from] item: Leftovers
|upkeep
|turn|7
|
|t:|1757898510
|move|p1a: Landorus|Earthquake|p2a: Malamar
|-activate|p2a: Malamar|move: Substitute|[damage]
|move|p2a: Malamar|Superpower|p1a: Landorus
|-resisted|p1a: Landorus
|-damage|p1a: Landorus|28/100
|-boost|p2a: Malamar|atk|1
|-boost|p2a: Malamar|def|1
|
|-heal|p1a: Landorus|34/100|[from] item: Leftovers
|-heal|p2a: Malamar|79/100|[from] item: Leftovers
|upkeep
|turn|8
|
|t:|1757898522
|move|p1a: Landorus|U-turn|p2a: Malamar
|-supereffective|p2a: Malamar
|-end|p2a: Malamar|Substitute
|
|t:|1757898528
|switch|p1a: Mimikyu|Mimikyu, F|100/100|[from] U-turn
|move|p2a: Malamar|Substitute|p2a: Malamar
|-start|p2a: Malamar|Substitute
|-damage|p2a: Malamar|54/100
|
|-heal|p2a: Malamar|60/100|[from] item: Leftovers
|upkeep
|turn|9
|
|t:|1757898536
|move|p1a: Mimikyu|Swords Dance|p1a: Mimikyu
|-boost|p1a: Mimikyu|atk|2
|move|p2a: Malamar|Knock Off|p1a: Mimikyu
|-activate|p1a: Mimikyu|ability: Disguise
|-damage|p1a: Mimikyu|100/100
|-enditem|p1a: Mimikyu|Leftovers|[from] move: Knock Off|[of] p2a: Malamar
|detailschange|p1a: Mimikyu|Mimikyu-Busted, F
|-damage|p1a: Mimikyu|88/100|[from] pokemon: Mimikyu-Busted
|
|-heal|p2a: Malamar|66/100|[from] item: Leftovers
|upkeep
|turn|10
|
|t:|1757898555
|move|p1a: Mimikyu|Play Rough|p2a: Malamar
|-supereffective|p2a: Malamar
|-end|p2a: Malamar|Substitute
|move|p2a: Malamar|Psycho Cut|p1a: Mimikyu
|-damage|p1a: Mimikyu|0 fnt
|faint|p1a: Mimikyu
|
|-heal|p2a: Malamar|72/100|[from] item: Leftovers
|upkeep
|
|t:|1757898568
|switch|p1a: Ting-Lu|Ting-Lu|100/100
|-ability|p1a: Ting-Lu|Vessel of Ruin
|turn|11
|
|t:|1757898575
|move|p2a: Malamar|Superpower|p1a: Ting-Lu
|-supereffective|p1a: Ting-Lu
|-damage|p1a: Ting-Lu|39/100
|-boost|p2a: Malamar|atk|1
|-boost|p2a: Malamar|def|1
|move|p1a: Ting-Lu|Stealth Rock|p2a: Malamar
|-sidestart|p2: cvgtf|move: Stealth Rock
|
|-heal|p2a: Malamar|78/100|[from] item: Leftovers
|-heal|p1a: Ting-Lu|46/100|[from] item: Leftovers
|upkeep
|turn|12
|
|t:|1757898587
|move|p2a: Malamar|Superpower|p1a: Ting-Lu
|-supereffective|p1a: Ting-Lu
|-damage|p1a: Ting-Lu|0 fnt
|-boost|p2a: Malamar|atk|1
|-boost|p2a: Malamar|def|1
|faint|p1a: Ting-Lu
|
|-heal|p2a: Malamar|85/100|[from] item: Leftovers
|upkeep
|
|t:|1757898596
|switch|p1a: Hitmontop|Hitmontop, M|22/100
|turn|13
|
|t:|1757898599
|move|p1a: Hitmontop|Fake Out|p2a: Malamar
|-damage|p2a: Malamar|80/100
|cant|p2a: Malamar|flinch
|
|-heal|p2a: Malamar|86/100|[from] item: Leftovers
|upkeep
|turn|14
|
|t:|1757898605
|move|p1a: Hitmontop|Mach Punch|p2a: Malamar
|-damage|p2a: Malamar|79/100
|move|p2a: Malamar|Substitute|p2a: Malamar
|-start|p2a: Malamar|Substitute
|-damage|p2a: Malamar|54/100
|
|-heal|p2a: Malamar|60/100|[from] item: Leftovers
|upkeep
|turn|15
|
|t:|1757898618
|switch|p1a: Landorus|Landorus-Therian, M|34/100
|-ability|p1a: Landorus|Intimidate|boost
|-immune|p2a: Malamar
|move|p2a: Malamar|Superpower|p1a: Landorus
|-resisted|p1a: Landorus
|-damage|p1a: Landorus|0 fnt
|faint|p1a: Landorus
|
|-heal|p2a: Malamar|66/100|[from] item: Leftovers
|upkeep
|inactive|Battle timer is ON: inactive players will automatically lose when time's up. (requested by cvgtf)
|inactive|Thunder60076 has 120 seconds left.
|inactive|Thunder60076 has 90 seconds left.
|inactive|Thunder60076 has 60 seconds left.
|inactive|Thunder60076 has 30 seconds left.
|inactive|Thunder60076 has 20 seconds left.
|inactive|Thunder60076 has 15 seconds left.
|inactive|Thunder60076 has 10 seconds left.
|inactive|Thunder60076 has 5 seconds left.
|-message|Thunder60076 lost due to inactivity.
|
|win|cvgtf
|raw|Thunder60076's rating: 1145 &rarr; <strong>1124</strong><br />(-21 for losing)
|raw|cvgtf's rating: 1195 &rarr; <strong>1216</strong><br />(+21 for winning)
|l|☆cvgtf
|player|p2|
