|j|☆cxtear
|j|☆suaiaj
|t:|1757831272
|gametype|singles
|player|p1|cxtear|2|1075
|player|p2|suaiaj|steven|1082
|gen|9
|tier|[Gen 9] OU
|rated|
|rule|HP Percentage Mod: HP is shown in percentages
|rule|Endless Battle Clause: Forcing endless battles is banned
|rule|Species Clause: Limit one of each Pokémon
|rule|OHKO Clause: OHKO moves are banned
|rule|Evasion Items Clause: Evasion items are banned
|rule|Evasion Moves Clause: Evasion moves are banned
|rule|Evasion Abilities Clause: Evasion abilities are banned
|rule|Sleep Moves Clause: Sleep-inducing moves are banned
|clearpoke
|poke|p1|Garchomp, M|
|poke|p1|Amoonguss, M|
|poke|p1|Mienshao, F|
|poke|p1|Weavile, M|
|poke|p1|Rotom-Wash|
|poke|p1|Weezing-Galar, M|
|poke|p2|Iron Valiant|
|poke|p2|Iron Moth|
|poke|p2|Latias, F|
|poke|p2|Gholdengo|
|poke|p2|Ogerpon-Wellspring, F|
|poke|p2|Scizor, M|
|teampreview
|
|t:|1757831292
|teamsize|p1|6
|teamsize|p2|6
|start
|switch|p1a: Garchomp|Garchomp, M|100/100
|switch|p2a: Ogerpon|Ogerpon-Wellspring, F|100/100
|turn|1
|
|t:|1757831304
|switch|p1a: Weezing|Weezing-Galar, M|100/100
|move|p2a: Ogerpon|Swords Dance|p2a: Ogerpon
|-boost|p2a: Ogerpon|atk|2
|
|upkeep
|turn|2
|
|t:|1757831315
|-terastallize|p2a: Ogerpon|Water
|detailschange|p2a: Ogerpon|Ogerpon-Wellspring-Tera, F, tera:Water
|-ability|p2a: Ogerpon|Embody Aspect (Wellspring)|boost
|-boost|p2a: Ogerpon|spd|1
|move|p2a: Ogerpon|Ivy Cudgel|p1a: Weezing|[anim] Ivy Cudgel Water
|-crit|p1a: Weezing
|-damage|p1a: Weezing|0 fnt
|faint|p1a: Weezing
|
|upkeep
|
|t:|1757831328
|switch|p1a: Rotom|Rotom-Wash|100/100
|turn|3
|
|t:|1757831332
|move|p2a: Ogerpon|Horn Leech|p1a: Rotom
|-supereffective|p1a: Rotom
|-damage|p1a: Rotom|0 fnt
|faint|p1a: Rotom
|
|upkeep
|
|t:|1757831339
|switch|p1a: Amoonguss|Amoonguss, M|100/100
|turn|4
|
|t:|1757831342
|move|p2a: Ogerpon|Taunt|p1a: Amoonguss
|-start|p1a: Amoonguss|move: Taunt
|move|p1a: Amoonguss|Giga Drain|p2a: Ogerpon
|-supereffective|p2a: Ogerpon
|-crit|p2a: Ogerpon
|-damage|p2a: Ogerpon|20/100
|
|upkeep
|turn|5
|
|t:|1757831351
|move|p2a: Ogerpon|Ivy Cudgel|p1a: Amoonguss|[anim] Ivy Cudgel Water
|-resisted|p1a: Amoonguss
|-damage|p1a: Amoonguss|39/100
|move|p1a: Amoonguss|Clear Smog|p2a: Ogerpon
|-damage|p2a: Ogerpon|8/100
|-clearboost|p2a: Ogerpon
|
|-heal|p1a: Amoonguss|46/100|[from] item: Black Sludge
|upkeep
|turn|6
|
|t:|1757831363
|move|p2a: Ogerpon|Ivy Cudgel|p1a: Amoonguss|[anim] Ivy Cudgel Water
|-resisted|p1a: Amoonguss
|-damage|p1a: Amoonguss|14/100
|move|p1a: Amoonguss|Giga Drain|p2a: Ogerpon
|-supereffective|p2a: Ogerpon
|-damage|p2a: Ogerpon|0 fnt
|-heal|p1a: Amoonguss|17/100|[from] drain|[of] p2a: Ogerpon
|faint|p2a: Ogerpon
|detailschange|p2: Ogerpon|Ogerpon-Wellspring, F|[silent]
|
|-heal|p1a: Amoonguss|23/100|[from] item: Black Sludge
|-end|p1a: Amoonguss|move: Taunt
|upkeep
|
|t:|1757831378
|switch|p2a: Latias|Latias, F|100/100
|turn|7
|
|t:|1757831387
|move|p2a: Latias|Mist Ball|p1a: Amoonguss
|-supereffective|p1a: Amoonguss
|-damage|p1a: Amoonguss|0 fnt
|faint|p1a: Amoonguss
|
|upkeep
|
|t:|1757831391
|switch|p1a: Weavile|Weavile, M|100/100
|-ability|p1a: Weavile|Pressure
|turn|8
|
|t:|1757831408
|move|p1a: Weavile|Icicle Spear|p2a: Latias
|-supereffective|p2a: Latias
|-damage|p2a: Latias|68/100
|-supereffective|p2a: Latias
|-damage|p2a: Latias|34/100
|-hitcount|p2a: Latias|2
|move|p2a: Latias|Aura Sphere|p1a: Weavile
|-supereffective|p1a: Weavile
|-damage|p1a: Weavile|0 fnt
|faint|p1a: Weavile
|
|upkeep
|
|t:|1757831425
|switch|p1a: Garchomp|Garchomp, M|100/100
|turn|9
|
|t:|1757831429
|-terastallize|p1a: Garchomp|Steel
|move|p2a: Latias|Ice Beam|p1a: Garchomp
|-resisted|p1a: Garchomp
|-damage|p1a: Garchomp|83/100
|move|p1a: Garchomp|Draco Meteor|p2a: Latias
|-supereffective|p2a: Latias
|-damage|p2a: Latias|0 fnt
|-unboost|p1a: Garchomp|spa|2
|faint|p2a: Latias
|-damage|p1a: Garchomp|73/100|[from] item: Life Orb
|
|upkeep
|
|t:|1757831447
|switch|p2a: Iron Valiant|Iron Valiant|100/100
|-enditem|p2a: Iron Valiant|Booster Energy
|-activate|p2a: Iron Valiant|ability: Quark Drive|[fromitem]
|-start|p2a: Iron Valiant|quarkdrivespe
|turn|10
|
|t:|1757831457
|move|p2a: Iron Valiant|Aura Sphere|p1a: Garchomp
|-supereffective|p1a: Garchomp
|-damage|p1a: Garchomp|0 fnt
|faint|p1a: Garchomp
|
|upkeep
|
|t:|1757831461
|switch|p1a: Mienshao|Mienshao, F|100/100
|turn|11
|
|t:|1757831466
|move|p2a: Iron Valiant|Aura Sphere|p1a: Mienshao
|-damage|p1a: Mienshao|67/100
|move|p1a: Mienshao|Close Combat|p2a: Iron Valiant
|-resisted|p2a: Iron Valiant
|-damage|p2a: Iron Valiant|69/100
|-unboost|p1a: Mienshao|def|1
|-unboost|p1a: Mienshao|spd|1
|
|upkeep
|turn|12
|
|t:|1757831477
|move|p2a: Iron Valiant|Moonblast|p1a: Mienshao
|-supereffective|p1a: Mienshao
|-damage|p1a: Mienshao|0 fnt
|faint|p1a: Mienshao
|
|win|suaiaj
|raw|cxtear's rating: 1075 &rarr; <strong>1054</strong><br />(-21 for losing)
|raw|suaiaj's rating: 1082 &rarr; <strong>1109</strong><br />(+27 for winning)
|l|☆cxtear
|player|p1|
|l|☆suaiaj
|player|p2|
