|j|☆william120
|j|☆TrueAnon
|t:|1757910540
|gametype|singles
|player|p1|william120|volkner|1106
|player|p2|TrueAnon|170|1173
|gen|9
|tier|[Gen 9] OU
|rated|
|rule|HP Percentage Mod: HP is shown in percentages
|rule|Endless Battle Clause: Forcing endless battles is banned
|rule|Species Clause: Limit one of each Pokémon
|rule|OHKO Clause: OHKO moves are banned
|rule|Evasion Items Clause: Evasion items are banned
|rule|Evasion Moves Clause: Evasion moves are banned
|rule|Evasion Abilities Clause: Evasion abilities are banned
|rule|Sleep Moves Clause: Sleep-inducing moves are banned
|clearpoke
|poke|p1|Kleavor, F|
|poke|p1|Keldeo-Resolute|
|poke|p1|Salazzle, F|
|poke|p1|Glimmora, F|
|poke|p1|Alomomola, F|
|poke|p1|Rillaboom, F|
|poke|p2|Pecharunt|
|poke|p2|Gliscor, M|
|poke|p2|Garganacl, M|
|poke|p2|Clefable, F|
|poke|p2|Corviknight, F|
|poke|p2|Clodsire, M|
|teampreview
|inactive|Battle timer is ON: inactive players will automatically lose when time's up. (requested by TrueAnon)
|
|t:|1757910569
|teamsize|p1|6
|teamsize|p2|6
|start
|switch|p1a: Rillaboom|Rillaboom, F|100/100
|switch|p2a: Gliscor|Gliscor, M|100/100
|-fieldstart|move: Grassy Terrain|[from] ability: Grassy Surge|[of] p1a: Rillaboom
|turn|1
|
|t:|1757910591
|move|p2a: Gliscor|Protect|p2a: Gliscor
|-singleturn|p2a: Gliscor|Protect
|move|p1a: Rillaboom|U-turn|p2a: Gliscor
|-activate|p2a: Gliscor|move: Protect
|
|-status|p2a: Gliscor|tox|[from] item: Toxic Orb
|upkeep
|turn|2
|
|t:|1757910597
|move|p2a: Gliscor|Stealth Rock|p1a: Rillaboom
|-sidestart|p1: william120|move: Stealth Rock
|move|p1a: Rillaboom|U-turn|p2a: Gliscor
|-resisted|p2a: Gliscor
|-damage|p2a: Gliscor|91/100 tox
|
|t:|1757910608
|switch|p1a: Keldeo|Keldeo-Resolute|100/100|[from] U-turn
|-damage|p1a: Keldeo|94/100|[from] Stealth Rock
|
|-heal|p1a: Keldeo|100/100|[from] Grassy Terrain
|-heal|p2a: Gliscor|100/100 tox|[from] ability: Poison Heal
|upkeep
|turn|3
|
|t:|1757910616
|move|p2a: Gliscor|Protect|p2a: Gliscor
|-singleturn|p2a: Gliscor|Protect
|move|p1a: Keldeo|Hydro Pump|p2a: Gliscor
|-activate|p2a: Gliscor|move: Protect
|
|upkeep
|turn|4
|
|t:|1757910625
|switch|p2a: Clodsire|Clodsire, M|100/100
|move|p1a: Keldeo|Hydro Pump|p2a: Clodsire
|-immune|p2a: Clodsire|[from] ability: Water Absorb
|
|upkeep
|turn|5
|
|t:|1757910634
|switch|p1a: Rillaboom|Rillaboom, F|100/100
|-damage|p1a: Rillaboom|88/100|[from] Stealth Rock
|move|p2a: Clodsire|Spikes|p1a: Rillaboom
|-sidestart|p1: william120|Spikes
|
|-heal|p1a: Rillaboom|94/100|[from] Grassy Terrain
|-fieldend|move: Grassy Terrain
|upkeep
|turn|6
|
|t:|1757910645
|switch|p2a: Corviknight|Corviknight, F|100/100
|move|p1a: Rillaboom|Knock Off|p2a: Corviknight
|-damage|p2a: Corviknight|80/100
|-damage|p1a: Rillaboom|78/100|[from] item: Rocky Helmet|[of] p2a: Corviknight
|-enditem|p2a: Corviknight|Rocky Helmet|[from] move: Knock Off|[of] p1a: Rillaboom
|
|upkeep
|turn|7
|
|t:|1757910657
|switch|p1a: Alomomola|Alomomola, F|100/100
|-damage|p1a: Alomomola|88/100|[from] Stealth Rock
|-damage|p1a: Alomomola|76/100|[from] Spikes
|move|p2a: Corviknight|Body Press|p1a: Alomomola
|-damage|p1a: Alomomola|61/100
|-damage|p2a: Corviknight|63/100|[from] item: Rocky Helmet|[of] p1a: Alomomola
|
|upkeep
|turn|8
|
|t:|1757910676
|switch|p2a: Clefable|Clefable, F|100/100
|move|p1a: Alomomola|Wish|p1a: Alomomola
|
|upkeep
|turn|9
|
|t:|1757910689
|switch|p1a: Glimmora|Glimmora, F|100/100
|-damage|p1a: Glimmora|88/100|[from] Stealth Rock
|-damage|p1a: Glimmora|76/100|[from] Spikes
|move|p2a: Clefable|Knock Off|p1a: Glimmora
|-damage|p1a: Glimmora|58/100
|-activate|p1a: Glimmora|ability: Toxic Debris
|-sidestart|p2: TrueAnon|move: Toxic Spikes
|-enditem|p1a: Glimmora|Power Herb|[from] move: Knock Off|[of] p2a: Clefable
|
|-heal|p1a: Glimmora|100/100|[from] move: Wish|[wisher] Alomomola
|upkeep
|turn|10
|
|t:|1757910708
|switch|p2a: Corviknight|Corviknight, F|63/100
|move|p1a: Glimmora|Mortal Spin|p2a: Corviknight
|-immune|p2a: Corviknight
|
|upkeep
|turn|11
|
|t:|1757910723
|move|p1a: Glimmora|Meteor Beam||[still]
|-prepare|p1a: Glimmora|Meteor Beam
|-boost|p1a: Glimmora|spa|1
|move|p2a: Corviknight|Body Press|p1a: Glimmora
|-damage|p1a: Glimmora|67/100
|-activate|p1a: Glimmora|ability: Toxic Debris
|-sidestart|p2: TrueAnon|move: Toxic Spikes
|
|upkeep
|turn|12
|
|t:|1757910733
|switch|p2a: Clodsire|Clodsire, M|100/100
|-sideend|p2: TrueAnon|move: Toxic Spikes|[of] p2a: Clodsire
|move|p1a: Glimmora|Meteor Beam|p2a: Clodsire|[from] lockedmove
|-resisted|p2a: Clodsire
|-damage|p2a: Clodsire|71/100
|
|-heal|p2a: Clodsire|78/100|[from] item: Leftovers
|upkeep
|turn|13
|
|t:|1757910744
|move|p1a: Glimmora|Mortal Spin|p2a: Clodsire
|-resisted|p2a: Clodsire
|-damage|p2a: Clodsire|76/100
|-sideend|p1: william120|Spikes|[from] move: Mortal Spin|[of] p1a: Glimmora
|-sideend|p1: william120|Stealth Rock|[from] move: Mortal Spin|[of] p1a: Glimmora
|move|p2a: Clodsire|Earthquake|p1a: Glimmora
|-supereffective|p1a: Glimmora
|-damage|p1a: Glimmora|0 fnt
|-activate|p1a: Glimmora|ability: Toxic Debris
|-sidestart|p2: TrueAnon|move: Toxic Spikes
|faint|p1a: Glimmora
|
|-heal|p2a: Clodsire|82/100|[from] item: Leftovers
|upkeep
|
|t:|1757910768
|switch|p1a: Salazzle|Salazzle, F|100/100
|-item|p1a: Salazzle|Air Balloon
|turn|14
|
|t:|1757910792
|move|p1a: Salazzle|Substitute|p1a: Salazzle
|-start|p1a: Salazzle|Substitute
|-damage|p1a: Salazzle|76/100
|move|p2a: Clodsire|Spikes|p1a: Salazzle
|-sidestart|p1: william120|Spikes
|
|-heal|p2a: Clodsire|89/100|[from] item: Leftovers
|upkeep
|turn|15
|
|t:|1757910805
|switch|p2a: Garganacl|Garganacl, M|100/100
|move|p1a: Salazzle|Hyper Voice|p2a: Garganacl
|-resisted|p2a: Garganacl
|-damage|p2a: Garganacl|91/100
|
|-heal|p2a: Garganacl|98/100|[from] item: Leftovers
|upkeep
|turn|16
|
|t:|1757910812
|move|p1a: Salazzle|Sludge Bomb|p2a: Garganacl
|-resisted|p2a: Garganacl
|-damage|p2a: Garganacl|83/100
|move|p2a: Garganacl|Salt Cure|p1a: Salazzle
|-supereffective|p1a: Salazzle
|-crit|p1a: Salazzle
|-end|p1a: Salazzle|Substitute
|-enditem|p1a: Salazzle|Air Balloon
|
|-heal|p2a: Garganacl|90/100|[from] item: Leftovers
|upkeep
|turn|17
|
|t:|1757910825
|switch|p1a: Alomomola|Alomomola, F|94/100
|-damage|p1a: Alomomola|82/100|[from] Spikes
|move|p2a: Garganacl|Salt Cure|p1a: Alomomola
|-damage|p1a: Alomomola|75/100
|-start|p1a: Alomomola|Salt Cure
|
|-heal|p2a: Garganacl|96/100|[from] item: Leftovers
|-damage|p1a: Alomomola|50/100|[from] Salt Cure
|upkeep
|turn|18
|
|t:|1757910833
|switch|p2a: Clodsire|Clodsire, M|89/100
|-sideend|p2: TrueAnon|move: Toxic Spikes|[of] p2a: Clodsire
|move|p1a: Alomomola|Flip Turn|p2a: Clodsire
|-heal|p2a: Clodsire|100/100|[from] ability: Water Absorb|[of] p1a: Alomomola
|
|-damage|p1a: Alomomola|25/100|[from] Salt Cure
|upkeep
|turn|19
|
|t:|1757910843
|switch|p1a: Rillaboom|Rillaboom, F|78/100
|-damage|p1a: Rillaboom|65/100|[from] Spikes
|-fieldstart|move: Grassy Terrain|[from] ability: Grassy Surge|[of] p1a: Rillaboom
|move|p2a: Clodsire|Spikes|p1a: Rillaboom
|-sidestart|p1: william120|Spikes
|
|-heal|p1a: Rillaboom|71/100|[from] Grassy Terrain
|upkeep
|turn|20
|
|t:|1757910854
|switch|p2a: Corviknight|Corviknight, F|63/100
|move|p1a: Rillaboom|Fake Out|p2a: Corviknight
|-resisted|p2a: Corviknight
|-damage|p2a: Corviknight|59/100
|
|-heal|p1a: Rillaboom|77/100|[from] Grassy Terrain
|upkeep
|turn|21
|
|t:|1757910864
|move|p1a: Rillaboom|U-turn|p2a: Corviknight
|-resisted|p2a: Corviknight
|-damage|p2a: Corviknight|55/100
|
|t:|1757910869
|switch|p1a: Alomomola|Alomomola, F|58/100|[from] U-turn
|-damage|p1a: Alomomola|42/100|[from] Spikes
|move|p2a: Corviknight|Roost|p2a: Corviknight
|-heal|p2a: Corviknight|100/100
|-singleturn|p2a: Corviknight|move: Roost
|
|-heal|p1a: Alomomola|48/100|[from] Grassy Terrain
|upkeep
|turn|22
|
|t:|1757910887
|switch|p2a: Clodsire|Clodsire, M|100/100
|move|p1a: Alomomola|Wish|p1a: Alomomola
|
|-heal|p1a: Alomomola|54/100|[from] Grassy Terrain
|upkeep
|turn|23
|
|t:|1757910903
|switch|p1a: Kleavor|Kleavor, F|100/100
|-damage|p1a: Kleavor|84/100|[from] Spikes
|move|p2a: Clodsire|Spikes|p1a: Kleavor
|-sidestart|p1: william120|Spikes
|
|-heal|p1a: Kleavor|100/100|[from] move: Wish|[wisher] Alomomola
|-fieldend|move: Grassy Terrain
|upkeep
|turn|24
|
|t:|1757910922
|move|p1a: Kleavor|Fury Cutter|p2a: Clodsire
|-resisted|p2a: Clodsire
|-damage|p2a: Clodsire|82/100
|move|p2a: Clodsire|Toxic|p1a: Kleavor
|-status|p1a: Kleavor|tox
|
|-heal|p2a: Clodsire|89/100|[from] item: Leftovers
|-damage|p1a: Kleavor|94/100 tox|[from] psn
|upkeep
|turn|25
|
|t:|1757910945
|move|p1a: Kleavor|Fury Cutter|p2a: Clodsire
|-resisted|p2a: Clodsire
|-damage|p2a: Clodsire|44/100
|move|p2a: Clodsire|Earthquake|p1a: Kleavor
|-damage|p1a: Kleavor|62/100 tox
|
|-heal|p2a: Clodsire|50/100|[from] item: Leftovers
|-damage|p1a: Kleavor|50/100 tox|[from] psn
|upkeep
|turn|26
|
|t:|1757910952
|move|p2a: Clodsire|Protect|p2a: Clodsire
|-singleturn|p2a: Clodsire|Protect
|move|p1a: Kleavor|Fury Cutter|p2a: Clodsire
|-activate|p2a: Clodsire|move: Protect
|
|-heal|p2a: Clodsire|56/100|[from] item: Leftovers
|-damage|p1a: Kleavor|32/100 tox|[from] psn
|upkeep
|turn|27
|
|t:|1757910962
|switch|p2a: Corviknight|Corviknight, F|100/100
|move|p1a: Kleavor|Fury Cutter|p2a: Corviknight
|-resisted|p2a: Corviknight
|-damage|p2a: Corviknight|95/100
|
|-damage|p1a: Kleavor|8/100 tox|[from] psn
|upkeep
|turn|28
|
|t:|1757910968
|move|p1a: Kleavor|Stone Axe|p2a: Corviknight
|-damage|p2a: Corviknight|64/100
|-sidestart|p2: TrueAnon|move: Stealth Rock
|move|p2a: Corviknight|Roost|p2a: Corviknight
|-heal|p2a: Corviknight|100/100
|-singleturn|p2a: Corviknight|move: Roost
|
|-damage|p1a: Kleavor|0 fnt|[from] psn
|faint|p1a: Kleavor
|upkeep
|
|t:|1757910982
|switch|p1a: Salazzle|Salazzle, F|76/100
|-damage|p1a: Salazzle|51/100|[from] Spikes
|turn|29
|
|t:|1757910987
|switch|p2a: Garganacl|Garganacl, M|96/100
|-damage|p2a: Garganacl|83/100|[from] Stealth Rock
|move|p1a: Salazzle|Fire Blast|p2a: Garganacl
|-resisted|p2a: Garganacl
|-damage|p2a: Garganacl|68/100
|
|-heal|p2a: Garganacl|74/100|[from] item: Leftovers
|upkeep
|turn|30
|
|t:|1757910999
|switch|p1a: Alomomola|Alomomola, F|87/100
|-damage|p1a: Alomomola|62/100|[from] Spikes
|move|p2a: Garganacl|Salt Cure|p1a: Alomomola
|-damage|p1a: Alomomola|55/100
|-start|p1a: Alomomola|Salt Cure
|
|-heal|p2a: Garganacl|80/100|[from] item: Leftovers
|-damage|p1a: Alomomola|30/100|[from] Salt Cure
|upkeep
|turn|31
|
|t:|1757911007
|switch|p2a: Clodsire|Clodsire, M|56/100
|-damage|p2a: Clodsire|50/100|[from] Stealth Rock
|move|p1a: Alomomola|Flip Turn|p2a: Clodsire
|-heal|p2a: Clodsire|75/100|[from] ability: Water Absorb|[of] p1a: Alomomola
|
|-heal|p2a: Clodsire|81/100|[from] item: Leftovers
|-damage|p1a: Alomomola|5/100|[from] Salt Cure
|upkeep
|turn|32
|
|t:|1757911013
|switch|p1a: Keldeo|Keldeo-Resolute|100/100
|-damage|p1a: Keldeo|76/100|[from] Spikes
|move|p2a: Clodsire|Toxic|p1a: Keldeo
|-status|p1a: Keldeo|tox
|
|-heal|p2a: Clodsire|88/100|[from] item: Leftovers
|-damage|p1a: Keldeo|70/100 tox|[from] psn
|upkeep
|turn|33
|
|t:|1757911026
|-terastallize|p1a: Keldeo|Ground
|move|p1a: Keldeo|Tera Blast|p2a: Clodsire|[anim] Tera Blast Ground
|-supereffective|p2a: Clodsire
|-damage|p2a: Clodsire|35/100
|move|p2a: Clodsire|Earthquake|p1a: Keldeo
|-damage|p1a: Keldeo|37/100 tox
|
|-heal|p2a: Clodsire|42/100|[from] item: Leftovers
|-damage|p1a: Keldeo|25/100 tox|[from] psn
|upkeep
|-enditem|p1a: Keldeo|Salac Berry|[eat]
|-boost|p1a: Keldeo|spe|1|[from] item: Salac Berry
|turn|34
|
|t:|1757911032
|move|p2a: Clodsire|Protect|p2a: Clodsire
|-singleturn|p2a: Clodsire|Protect
|move|p1a: Keldeo|Tera Blast|p2a: Clodsire|[anim] Tera Blast Ground
|-activate|p2a: Clodsire|move: Protect
|
|-heal|p2a: Clodsire|48/100|[from] item: Leftovers
|-damage|p1a: Keldeo|6/100 tox|[from] psn
|upkeep
|turn|35
|
|t:|1757911045
|switch|p2a: Clefable|Clefable, F|100/100
|move|p1a: Keldeo|Hydro Pump|p2a: Clefable
|-damage|p2a: Clefable|57/100
|
|-heal|p2a: Clefable|63/100|[from] item: Leftovers
|-damage|p1a: Keldeo|0 fnt|[from] psn
|faint|p1a: Keldeo
|upkeep
|
|t:|1757911053
|switch|p1a: Rillaboom|Rillaboom, F|77/100
|-damage|p1a: Rillaboom|52/100|[from] Spikes
|-fieldstart|move: Grassy Terrain|[from] ability: Grassy Surge|[of] p1a: Rillaboom
|turn|36
|-message|william120 forfeited.
|
|win|TrueAnon
|raw|william120's rating: 1106 &rarr; <strong>1086</strong><br />(-20 for losing)
|raw|TrueAnon's rating: 1173 &rarr; <strong>1193</strong><br />(+20 for winning)
|l|☆william120
|player|p1|
|l|☆TrueAnon
|player|p2|
