|j|☆takova phone
|j|☆Madam Ferix
|t:|1757918379
|gametype|singles
|player|p1|takova phone|1|1426
|player|p2|Madam Ferix|nita|1472
|gen|9
|tier|[Gen 9] OU
|rated|
|rule|HP Percentage Mod: HP is shown in percentages
|rule|Endless Battle Clause: Forcing endless battles is banned
|rule|Species Clause: Limit one of each Pokémon
|rule|OHKO Clause: OHKO moves are banned
|rule|Evasion Items Clause: Evasion items are banned
|rule|Evasion Moves Clause: Evasion moves are banned
|rule|Evasion Abilities Clause: Evasion abilities are banned
|rule|Sleep Moves Clause: Sleep-inducing moves are banned
|clearpoke
|poke|p1|Hatterene, F|
|poke|p1|Heatran, M|
|poke|p1|Great Tusk|
|poke|p1|Tornadus-Therian, M|
|poke|p1|Alomomola, F|
|poke|p1|Kyurem|
|poke|p2|Weavile, M|
|poke|p2|Ting-Lu|
|poke|p2|Sinistcha|
|poke|p2|Slowking-Galar, F|
|poke|p2|Glimmora, F|
|poke|p2|Alomomola, F|
|teampreview
|inactive|Battle timer is ON: inactive players will automatically lose when time's up. (requested by takova phone)
|
|t:|1757918401
|teamsize|p1|6
|teamsize|p2|6
|start
|switch|p1a: Tornadus|Tornadus-Therian, M|100/100
|switch|p2a: Punching Upward|Alomomola, F|100/100
|turn|1
|
|t:|1757918409
|move|p1a: Tornadus|Knock Off|p2a: Punching Upward
|-damage|p2a: Punching Upward|88/100
|-enditem|p2a: Punching Upward|Assault Vest|[from] move: Knock Off|[of] p1a: Tornadus
|move|p2a: Punching Upward|Flip Turn|p1a: Tornadus
|-damage|p1a: Tornadus|84/100
|
|t:|1757918415
|switch|p2a: I might be lesbian|Glimmora, F|100/100|[from] Flip Turn
|
|upkeep
|turn|2
|
|t:|1757918422
|move|p1a: Tornadus|U-turn|p2a: I might be lesbian
|-resisted|p2a: I might be lesbian
|-damage|p2a: I might be lesbian|91/100
|-activate|p2a: I might be lesbian|ability: Toxic Debris
|-sidestart|p1: takova phone|move: Toxic Spikes
|
|t:|1757918428
|switch|p1a: Great Tusk|Great Tusk|100/100|[from] U-turn
|move|p2a: I might be lesbian|Meteor Beam||[still]
|-prepare|p2a: I might be lesbian|Meteor Beam
|-boost|p2a: I might be lesbian|spa|1
|-enditem|p2a: I might be lesbian|Power Herb
|-anim|p2a: I might be lesbian|Meteor Beam|p1a: Great Tusk
|-resisted|p1a: Great Tusk
|-damage|p1a: Great Tusk|71/100
|
|upkeep
|turn|3
|
|t:|1757918438
|-terastallize|p2a: I might be lesbian|Ghost
|move|p1a: Great Tusk|Headlong Rush|p2a: I might be lesbian
|-damage|p2a: I might be lesbian|32/100
|-unboost|p1a: Great Tusk|def|1
|-unboost|p1a: Great Tusk|spd|1
|-activate|p2a: I might be lesbian|ability: Toxic Debris
|-sidestart|p1: takova phone|move: Toxic Spikes
|move|p2a: I might be lesbian|Earth Power|p1a: Great Tusk
|-damage|p1a: Great Tusk|0 fnt
|faint|p1a: Great Tusk
|-end|p1a: Great Tusk|Protosynthesis|[silent]
|
|upkeep
|
|t:|1757918462
|switch|p1a: Tornadus|Tornadus-Therian, M|100/100
|turn|4
|
|t:|1757918471
|switch|p2a: Punching Upward|Alomomola, F|100/100
|move|p1a: Tornadus|Bleakwind Storm|p2a: Punching Upward
|-damage|p2a: Punching Upward|70/100
|
|upkeep
|turn|5
|
|t:|1757918479
|move|p1a: Tornadus|U-turn|p2a: Punching Upward
|-damage|p2a: Punching Upward|61/100
|
|t:|1757918482
|switch|p1a: Heatran|Heatran, M|100/100|[from] U-turn
|move|p2a: Punching Upward|Flip Turn|p1a: Heatran
|-supereffective|p1a: Heatran
|-damage|p1a: Heatran|70/100
|
|t:|1757918486
|switch|p2a: Ting-a-Ling|Ting-Lu|100/100|[from] Flip Turn
|-ability|p2a: Ting-a-Ling|Vessel of Ruin
|
|-heal|p1a: Heatran|77/100|[from] item: Leftovers
|upkeep
|turn|6
|
|t:|1757918501
|switch|p1a: Tornadus|Tornadus-Therian, M|100/100
|move|p2a: Ting-a-Ling|Earthquake|p1a: Tornadus
|-immune|p1a: Tornadus
|
|upkeep
|turn|7
|
|t:|1757918510
|move|p1a: Tornadus|Knock Off|p2a: Ting-a-Ling
|-resisted|p2a: Ting-a-Ling
|-damage|p2a: Ting-a-Ling|94/100
|-enditem|p2a: Ting-a-Ling|Leftovers|[from] move: Knock Off|[of] p1a: Tornadus
|move|p2a: Ting-a-Ling|Stealth Rock|p1a: Tornadus
|-sidestart|p1: takova phone|move: Stealth Rock
|
|upkeep
|turn|8
|
|t:|1757918520
|move|p1a: Tornadus|U-turn|p2a: Ting-a-Ling
|-supereffective|p2a: Ting-a-Ling
|-damage|p2a: Ting-a-Ling|78/100
|
|t:|1757918524
|switch|p1a: Alomomola|Alomomola, F|100/100|[from] U-turn
|-status|p1a: Alomomola|tox
|-damage|p1a: Alomomola|88/100 tox|[from] Stealth Rock
|move|p2a: Ting-a-Ling|Ruination|p1a: Alomomola
|-damage|p1a: Alomomola|44/100 tox
|
|-damage|p1a: Alomomola|38/100 tox|[from] psn
|upkeep
|turn|9
|
|t:|1757918535
|switch|p2a: Punching Upward|Alomomola, F|94/100
|move|p1a: Alomomola|Flip Turn|p2a: Punching Upward
|-resisted|p2a: Punching Upward
|-damage|p2a: Punching Upward|89/100
|
|t:|1757918543
|switch|p1a: Hatterene|Hatterene, F|100/100|[from] Flip Turn
|-status|p1a: Hatterene|tox
|-damage|p1a: Hatterene|88/100 tox|[from] Stealth Rock
|
|-damage|p1a: Hatterene|82/100 tox|[from] psn
|upkeep
|turn|10
|
|t:|1757918553
|move|p2a: Punching Upward|Flip Turn|p1a: Hatterene
|-damage|p1a: Hatterene|65/100 tox
|
|t:|1757918556
|switch|p2a: Ting-a-Ling|Ting-Lu|78/100|[from] Flip Turn
|-ability|p2a: Ting-a-Ling|Vessel of Ruin
|move|p1a: Hatterene|Draining Kiss|p2a: Ting-a-Ling
|-supereffective|p2a: Ting-a-Ling
|-damage|p2a: Ting-a-Ling|53/100
|-heal|p1a: Hatterene|95/100 tox|[from] drain|[of] p2a: Ting-a-Ling
|
|-damage|p1a: Hatterene|83/100 tox|[from] psn
|upkeep
|turn|11
|
|t:|1757918568
|switch|p2a: No Laughing Matter|Slowking-Galar, F|100/100
|move|p1a: Hatterene|Draining Kiss|p2a: No Laughing Matter
|-resisted|p2a: No Laughing Matter
|-damage|p2a: No Laughing Matter|93/100
|-heal|p1a: Hatterene|90/100 tox|[from] drain|[of] p2a: No Laughing Matter
|
|-damage|p1a: Hatterene|72/100 tox|[from] psn
|upkeep
|turn|12
|
|t:|1757918579
|move|p1a: Hatterene|Psyshock|p2a: No Laughing Matter
|-damage|p2a: No Laughing Matter|48/100
|move|p2a: No Laughing Matter|Psychic Noise|p1a: Hatterene
|-resisted|p1a: Hatterene
|-damage|p1a: Hatterene|62/100 tox
|-start|p1a: Hatterene|move: Heal Block
|
|-damage|p1a: Hatterene|39/100 tox|[from] psn
|upkeep
|turn|13
|
|t:|1757918593
|switch|p1a: Tornadus|Tornadus-Therian, M|100/100
|-damage|p1a: Tornadus|76/100|[from] Stealth Rock
|switch|p2a: Ting-a-Ling|Ting-Lu|53/100
|-ability|p2a: Ting-a-Ling|Vessel of Ruin
|
|upkeep
|turn|14
|
|t:|1757918604
|move|p1a: Tornadus|Bleakwind Storm|p2a: Ting-a-Ling
|-damage|p2a: Ting-a-Ling|39/100
|move|p2a: Ting-a-Ling|Ruination|p1a: Tornadus
|-damage|p1a: Tornadus|38/100
|
|upkeep
|turn|15
|
|t:|1757918612
|switch|p1a: Alomomola|Alomomola, F|71/100 tox
|-damage|p1a: Alomomola|59/100 tox|[from] Stealth Rock
|switch|p2a: Punching Upward|Alomomola, F|100/100
|
|-damage|p1a: Alomomola|53/100 tox|[from] psn
|upkeep
|turn|16
|
|t:|1757918622
|move|p1a: Alomomola|Flip Turn|p2a: Punching Upward
|-resisted|p2a: Punching Upward
|-damage|p2a: Punching Upward|95/100
|
|t:|1757918625
|switch|p1a: Tornadus|Tornadus-Therian, M|71/100|[from] Flip Turn
|-damage|p1a: Tornadus|46/100|[from] Stealth Rock
|move|p2a: Punching Upward|Flip Turn|p1a: Tornadus
|-damage|p1a: Tornadus|31/100
|
|t:|1757918641
|switch|p2a: Cooking Department|Weavile, M|100/100|[from] Flip Turn
|-ability|p2a: Cooking Department|Pressure
|
|upkeep
|turn|17
|
|t:|1757918650
|switch|p1a: Alomomola|Alomomola, F|86/100 tox
|-damage|p1a: Alomomola|74/100 tox|[from] Stealth Rock
|move|p2a: Cooking Department|Knock Off|p1a: Alomomola
|-damage|p1a: Alomomola|42/100 tox
|-damage|p2a: Cooking Department|84/100|[from] item: Rocky Helmet|[of] p1a: Alomomola
|-enditem|p1a: Alomomola|Rocky Helmet|[from] move: Knock Off|[of] p2a: Cooking Department
|
|-damage|p1a: Alomomola|36/100 tox|[from] psn
|upkeep
|turn|18
|
|t:|1757918663
|switch|p2a: Punching Upward|Alomomola, F|100/100
|move|p1a: Alomomola|Wish|p1a: Alomomola
|
|-damage|p1a: Alomomola|24/100 tox|[from] psn
|upkeep
|turn|19
|
|t:|1757918674
|switch|p1a: Hatterene|Hatterene, F|39/100 tox
|-damage|p1a: Hatterene|26/100 tox|[from] Stealth Rock
|move|p2a: Punching Upward|Scald|p1a: Hatterene
|-damage|p1a: Hatterene|17/100 tox
|
|-heal|p1a: Hatterene|92/100 tox|[from] move: Wish|[wisher] Alomomola
|-damage|p1a: Hatterene|86/100 tox|[from] psn
|upkeep
|turn|20
|
|t:|1757918688
|move|p1a: Hatterene|Nuzzle|p2a: Punching Upward
|-supereffective|p2a: Punching Upward
|-damage|p2a: Punching Upward|95/100
|-status|p2a: Punching Upward|par
|cant|p2a: Punching Upward|par
|
|-damage|p1a: Hatterene|74/100 tox|[from] psn
|upkeep
|turn|21
|
|t:|1757918697
|move|p1a: Hatterene|Draining Kiss|p2a: Punching Upward
|-damage|p2a: Punching Upward|74/100 par
|-heal|p1a: Hatterene|97/100 tox|[from] drain|[of] p2a: Punching Upward
|move|p2a: Punching Upward|Mirror Coat|p1a: Hatterene
|-damage|p1a: Hatterene|34/100 tox
|
|-damage|p1a: Hatterene|17/100 tox|[from] psn
|upkeep
|turn|22
|
|t:|1757918709
|switch|p1a: Alomomola|Alomomola, F|57/100 tox
|-damage|p1a: Alomomola|45/100 tox|[from] Stealth Rock
|move|p2a: Punching Upward|Flip Turn|p1a: Alomomola
|-resisted|p1a: Alomomola
|-damage|p1a: Alomomola|40/100 tox
|
|t:|1757918716
|switch|p2a: Elephant's Foot|Sinistcha|100/100|[from] Flip Turn
|
|-damage|p1a: Alomomola|34/100 tox|[from] psn
|upkeep
|turn|23
|
|t:|1757918724
|switch|p1a: Heatran|Heatran, M|77/100
|-damage|p1a: Heatran|64/100|[from] Stealth Rock
|move|p2a: Elephant's Foot|Hex|p1a: Heatran
|-damage|p1a: Heatran|49/100
|
|-heal|p1a: Heatran|55/100|[from] item: Leftovers
|upkeep
|turn|24
|
|t:|1757918733
|switch|p2a: Punching Upward|Alomomola, F|100/100 par
|move|p1a: Heatran|Magma Storm|p2a: Punching Upward|[miss]
|-miss|p1a: Heatran|p2a: Punching Upward
|
|-heal|p1a: Heatran|61/100|[from] item: Leftovers
|upkeep
|turn|25
|
|t:|1757918745
|move|p1a: Heatran|Stealth Rock|p2a: Punching Upward
|-sidestart|p2: Madam Ferix|move: Stealth Rock
|cant|p2a: Punching Upward|par
|
|-heal|p1a: Heatran|67/100|[from] item: Leftovers
|upkeep
|turn|26
|
|t:|1757918752
|move|p1a: Heatran|Magma Storm|p2a: Punching Upward
|-resisted|p2a: Punching Upward
|-damage|p2a: Punching Upward|83/100 par
|-activate|p2a: Punching Upward|move: Magma Storm|[of] p1a: Heatran
|move|p2a: Punching Upward|Flip Turn|p1a: Heatran
|-supereffective|p1a: Heatran
|-damage|p1a: Heatran|39/100
|
|t:|1757918759
|switch|p2a: Cooking Department|Weavile, M|84/100|[from] Flip Turn
|-ability|p2a: Cooking Department|Pressure
|
|-heal|p1a: Heatran|45/100|[from] item: Leftovers
|upkeep
|turn|27
|
|t:|1757918778
|move|p2a: Cooking Department|Knock Off|p1a: Heatran
|-damage|p1a: Heatran|2/100
|-enditem|p1a: Heatran|Leftovers|[from] move: Knock Off|[of] p2a: Cooking Department
|move|p1a: Heatran|Magma Storm|p2a: Cooking Department|[miss]
|-miss|p1a: Heatran|p2a: Cooking Department
|
|upkeep
|turn|28
|
|t:|1757918802
|move|p2a: Cooking Department|Knock Off|p1a: Heatran
|-damage|p1a: Heatran|0 fnt
|faint|p1a: Heatran
|
|upkeep
|
|t:|1757918818
|switch|p1a: Alomomola|Alomomola, F|67/100 tox
|-damage|p1a: Alomomola|54/100 tox|[from] Stealth Rock
|turn|29
|
|t:|1757918836
|switch|p2a: No Laughing Matter|Slowking-Galar, F|82/100
|move|p1a: Alomomola|Flip Turn|p2a: No Laughing Matter
|-damage|p2a: No Laughing Matter|64/100
|
|t:|1757918843
|switch|p1a: Kyurem|Kyurem|100/100|[from] Flip Turn
|-status|p1a: Kyurem|tox
|-damage|p1a: Kyurem|76/100 tox|[from] Stealth Rock
|-ability|p1a: Kyurem|Pressure
|
|-damage|p1a: Kyurem|70/100 tox|[from] psn
|upkeep
|turn|30
|
|t:|1757918860
|switch|p2a: I might be lesbian|Glimmora, F, tera:Ghost|32/100
|-damage|p2a: I might be lesbian|20/100|[from] Stealth Rock
|move|p1a: Kyurem|Dragon Dance|p1a: Kyurem
|-boost|p1a: Kyurem|atk|1
|-boost|p1a: Kyurem|spe|1
|
|-damage|p1a: Kyurem|57/100 tox|[from] psn
|upkeep
|turn|31
|
|t:|1757918869
|move|p1a: Kyurem|Scale Shot|p2a: I might be lesbian
|-damage|p2a: I might be lesbian|0 fnt
|faint|p2a: I might be lesbian
|-hitcount|p2: I might be lesbian|1
|-unboost|p1a: Kyurem|def|1
|-boost|p1a: Kyurem|spe|1
|
|-damage|p1a: Kyurem|39/100 tox|[from] psn
|upkeep
|
|t:|1757918877
|switch|p2a: Ting-a-Ling|Ting-Lu|39/100
|-damage|p2a: Ting-a-Ling|33/100|[from] Stealth Rock
|-ability|p2a: Ting-a-Ling|Vessel of Ruin
|turn|32
|
|t:|1757918883
|move|p1a: Kyurem|Icicle Spear|p2a: Ting-a-Ling
|-supereffective|p2a: Ting-a-Ling
|-damage|p2a: Ting-a-Ling|11/100
|-supereffective|p2a: Ting-a-Ling
|-damage|p2a: Ting-a-Ling|0 fnt
|faint|p2a: Ting-a-Ling
|-hitcount|p2: Ting-a-Ling|2
|
|-damage|p1a: Kyurem|14/100 tox|[from] psn
|upkeep
|
|t:|1757918885
|switch|p2a: Cooking Department|Weavile, M|84/100
|-ability|p2a: Cooking Department|Pressure
|turn|33
|
|t:|1757918897
|switch|p1a: Alomomola|Alomomola, F|88/100 tox
|-damage|p1a: Alomomola|75/100 tox|[from] Stealth Rock
|move|p2a: Cooking Department|Ice Shard|p1a: Alomomola
|-resisted|p1a: Alomomola
|-damage|p1a: Alomomola|69/100 tox
|
|-damage|p1a: Alomomola|63/100 tox|[from] psn
|upkeep
|turn|34
|
|t:|1757918907
|switch|p2a: No Laughing Matter|Slowking-Galar, F|97/100
|move|p1a: Alomomola|Wish|p1a: Alomomola
|
|-damage|p1a: Alomomola|50/100 tox|[from] psn
|upkeep
|turn|35
|
|t:|1757918914
|move|p1a: Alomomola|Protect|p1a: Alomomola
|-singleturn|p1a: Alomomola|Protect
|move|p2a: No Laughing Matter|Psychic Noise|p1a: Alomomola
|-activate|p1a: Alomomola|move: Protect
|
|-heal|p1a: Alomomola|99/100 tox|[from] move: Wish|[wisher] Alomomola
|-damage|p1a: Alomomola|82/100 tox|[from] psn
|upkeep
|turn|36
|
|t:|1757918927
|move|p1a: Alomomola|Wish|p1a: Alomomola
|move|p2a: No Laughing Matter|Psychic Noise|p1a: Alomomola
|-damage|p1a: Alomomola|55/100 tox
|-start|p1a: Alomomola|move: Heal Block
|
|-damage|p1a: Alomomola|30/100 tox|[from] psn
|upkeep
|turn|37
|
|t:|1757918938
|switch|p1a: Tornadus|Tornadus-Therian, M|64/100
|-damage|p1a: Tornadus|39/100|[from] Stealth Rock
|move|p2a: No Laughing Matter|Psychic Noise|p1a: Tornadus
|-damage|p1a: Tornadus|20/100
|-start|p1a: Tornadus|move: Heal Block
|
|upkeep
|turn|38
|
|t:|1757918950
|move|p1a: Tornadus|Knock Off|p2a: No Laughing Matter
|-supereffective|p2a: No Laughing Matter
|-damage|p2a: No Laughing Matter|58/100
|-enditem|p2a: No Laughing Matter|Heavy-Duty Boots|[from] move: Knock Off|[of] p1a: Tornadus
|move|p2a: No Laughing Matter|Psychic Noise|p1a: Tornadus
|-damage|p1a: Tornadus|1/100
|
|-end|p1a: Tornadus|move: Heal Block
|upkeep
|turn|39
|
|t:|1757918963
|move|p1a: Tornadus|Bleakwind Storm|p2a: No Laughing Matter
|-damage|p2a: No Laughing Matter|35/100
|-prepare|p2a: No Laughing Matter|Chilly Reception|[premajor]
|move|p2a: No Laughing Matter|Chilly Reception|p2a: No Laughing Matter
|-weather|Snowscape
|
|t:|1757918966
|switch|p2a: Cooking Department|Weavile, M|84/100|[from] Chilly Reception
|-ability|p2a: Cooking Department|Pressure
|
|-weather|Snowscape|[upkeep]
|upkeep
|turn|40
|
|t:|1757918976
|switch|p1a: Alomomola|Alomomola, F|64/100 tox
|-damage|p1a: Alomomola|51/100 tox|[from] Stealth Rock
|move|p2a: Cooking Department|Knock Off|p1a: Alomomola
|-damage|p1a: Alomomola|33/100 tox
|
|-weather|Snowscape|[upkeep]
|-damage|p1a: Alomomola|27/100 tox|[from] psn
|upkeep
|turn|41
|
|t:|1757918987
|switch|p1a: Tornadus|Tornadus-Therian, M|34/100
|-damage|p1a: Tornadus|10/100|[from] Stealth Rock
|move|p2a: Cooking Department|Knock Off|p1a: Tornadus
|-damage|p1a: Tornadus|0 fnt
|-enditem|p1a: Tornadus|Assault Vest|[from] move: Knock Off|[of] p2a: Cooking Department
|faint|p1a: Tornadus
|
|-weather|Snowscape|[upkeep]
|upkeep
|
|t:|1757919005
|switch|p1a: Hatterene|Hatterene, F|17/100 tox
|-damage|p1a: Hatterene|4/100 tox|[from] Stealth Rock
|turn|42
|
|t:|1757919024
|move|p2a: Cooking Department|Ice Shard|p1a: Hatterene
|-damage|p1a: Hatterene|0 fnt
|faint|p1a: Hatterene
|
|-weather|Snowscape|[upkeep]
|upkeep
|
|t:|1757919030
|switch|p1a: Alomomola|Alomomola, F|60/100 tox
|-damage|p1a: Alomomola|47/100 tox|[from] Stealth Rock
|turn|43
|
|t:|1757919035
|move|p2a: Cooking Department|Knock Off|p1a: Alomomola
|-damage|p1a: Alomomola|28/100 tox
|move|p1a: Alomomola|Wish|p1a: Alomomola
|
|-weather|none
|-damage|p1a: Alomomola|22/100 tox|[from] psn
|upkeep
|turn|44
|
|t:|1757919044
|move|p1a: Alomomola|Protect|p1a: Alomomola
|-singleturn|p1a: Alomomola|Protect
|move|p2a: Cooking Department|Knock Off|p1a: Alomomola
|-activate|p1a: Alomomola|move: Protect
|
|-heal|p1a: Alomomola|72/100 tox|[from] move: Wish|[wisher] Alomomola
|-damage|p1a: Alomomola|60/100 tox|[from] psn
|upkeep
|turn|45
|
|t:|1757919056
|move|p2a: Cooking Department|Knock Off|p1a: Alomomola
|-damage|p1a: Alomomola|42/100 tox
|move|p1a: Alomomola|Tickle|p2a: Cooking Department
|-unboost|p2a: Cooking Department|atk|1
|-unboost|p2a: Cooking Department|def|1
|
|-damage|p1a: Alomomola|24/100 tox|[from] psn
|upkeep
|turn|46
|
|t:|1757919065
|switch|p2a: No Laughing Matter|Slowking-Galar, F|69/100
|-damage|p2a: No Laughing Matter|56/100|[from] Stealth Rock
|move|p1a: Alomomola|Wish|p1a: Alomomola
|
|-damage|p1a: Alomomola|0 fnt|[from] psn
|faint|p1a: Alomomola
|upkeep
|
|t:|1757919073
|switch|p1a: Kyurem|Kyurem|14/100 tox
|-damage|p1a: Kyurem|0 fnt|[from] Stealth Rock
|faint|p1a: Kyurem
|
|win|Madam Ferix
|raw|takova phone's rating: 1426 &rarr; <strong>1409</strong><br />(-17 for losing)
|raw|Madam Ferix's rating: 1472 &rarr; <strong>1489</strong><br />(+17 for winning)
|l|☆Madam Ferix
|player|p2|
