|j|☆NotArusef
|j|☆LLC2210
|t:|1757808742
|gametype|singles
|player|p1|NotArusef|galacticgrunt|1075
|player|p2|LLC2210|riley|1054
|gen|9
|tier|[Gen 9] OU
|rated|
|rule|HP Percentage Mod: HP is shown in percentages
|rule|Endless Battle Clause: Forcing endless battles is banned
|rule|Species Clause: Limit one of each Pokémon
|rule|OHKO Clause: OHKO moves are banned
|rule|Evasion Items Clause: Evasion items are banned
|rule|Evasion Moves Clause: Evasion moves are banned
|rule|Evasion Abilities Clause: Evasion abilities are banned
|rule|Sleep Moves Clause: Sleep-inducing moves are banned
|clearpoke
|poke|p1|Porygon2|
|poke|p1|Diancie|
|poke|p1|Hatterene, F|
|poke|p1|Malamar, M|
|poke|p1|Comfey, M|
|poke|p1|Bronzong|
|poke|p2|Lucario, M|
|poke|p2|Ceruledge, M|
|poke|p2|Scizor, F|
|poke|p2|Grimmsnarl, M|
|poke|p2|Milotic, M|
|poke|p2|Deoxys-Defense|
|teampreview
|inactive|Battle timer is ON: inactive players will automatically lose when time's up. (requested by NotArusef)
|
|t:|1757808752
|teamsize|p1|6
|teamsize|p2|6
|start
|switch|p1a: Molly|Bronzong|100/100
|switch|p2a: Deoxys|Deoxys-Defense|100/100
|-ability|p2a: Deoxys|Pressure
|turn|1
|
|t:|1757808769
|switch|p1a: Cthulhoid|Malamar, M|100/100
|move|p2a: Deoxys|Stealth Rock|p1a: Cthulhoid
|-sidestart|p1: NotArusef|move: Stealth Rock
|
|upkeep
|turn|2
|
|t:|1757808775
|move|p2a: Deoxys|Spikes|p1a: Cthulhoid
|-sidestart|p1: NotArusef|Spikes
|move|p1a: Cthulhoid|Knock Off|p2a: Deoxys
|-supereffective|p2a: Deoxys
|-enditem|p2a: Deoxys|Colbur Berry|[eat]
|-enditem|p2a: Deoxys|Colbur Berry|[weaken]
|-damage|p2a: Deoxys|74/100
|
|upkeep
|turn|3
|
|t:|1757808781
|move|p2a: Deoxys|Spikes|p1a: Cthulhoid
|-sidestart|p1: NotArusef|Spikes
|move|p1a: Cthulhoid|Superpower|p2a: Deoxys
|-resisted|p2a: Deoxys
|-damage|p2a: Deoxys|62/100
|-boost|p1a: Cthulhoid|atk|1
|-boost|p1a: Cthulhoid|def|1
|
|upkeep
|turn|4
|
|t:|1757808788
|move|p2a: Deoxys|Spikes|p1a: Cthulhoid
|-sidestart|p1: NotArusef|Spikes
|move|p1a: Cthulhoid|Superpower|p2a: Deoxys
|-resisted|p2a: Deoxys
|-damage|p2a: Deoxys|45/100
|-boost|p1a: Cthulhoid|atk|1
|-boost|p1a: Cthulhoid|def|1
|
|upkeep
|turn|5
|
|t:|1757808803
|move|p2a: Deoxys|Recover|p2a: Deoxys
|-heal|p2a: Deoxys|95/100
|move|p1a: Cthulhoid|Superpower|p2a: Deoxys
|-resisted|p2a: Deoxys
|-damage|p2a: Deoxys|70/100
|-boost|p1a: Cthulhoid|atk|1
|-boost|p1a: Cthulhoid|def|1
|
|upkeep
|turn|6
|
|t:|1757808810
|move|p2a: Deoxys|Knock Off|p1a: Cthulhoid
|-damage|p1a: Cthulhoid|93/100
|-enditem|p1a: Cthulhoid|Room Service|[from] move: Knock Off|[of] p2a: Deoxys
|move|p1a: Cthulhoid|Superpower|p2a: Deoxys
|-resisted|p2a: Deoxys
|-damage|p2a: Deoxys|43/100
|-boost|p1a: Cthulhoid|atk|1
|-boost|p1a: Cthulhoid|def|1
|
|upkeep
|turn|7
|
|t:|1757808837
|move|p2a: Deoxys|Knock Off|p1a: Cthulhoid
|-damage|p1a: Cthulhoid|89/100
|move|p1a: Cthulhoid|Knock Off|p2a: Deoxys
|-supereffective|p2a: Deoxys
|-damage|p2a: Deoxys|0 fnt
|faint|p2a: Deoxys
|
|upkeep
|inactive|LLC2210 has 120 seconds left.
|
|t:|1757808855
|switch|p2a: Scizor|Scizor, F|100/100
|turn|8
|inactive|LLC2210 has 120 seconds left.
|
|t:|1757808870
|move|p1a: Cthulhoid|Knock Off|p2a: Scizor
|-damage|p2a: Scizor|0 fnt
|-enditem|p2a: Scizor|Sitrus Berry|[from] move: Knock Off|[of] p1a: Cthulhoid
|faint|p2a: Scizor
|
|upkeep
|
|t:|1757808895
|switch|p2a: Grimmsnarl|Grimmsnarl, M|100/100
|turn|9
|inactive|LLC2210 has 90 seconds left.
|
|t:|1757808911
|move|p2a: Grimmsnarl|Bulk Up|p2a: Grimmsnarl
|-boost|p2a: Grimmsnarl|atk|1
|-boost|p2a: Grimmsnarl|def|1
|move|p1a: Cthulhoid|Knock Off|p2a: Grimmsnarl
|-resisted|p2a: Grimmsnarl
|-damage|p2a: Grimmsnarl|79/100
|-enditem|p2a: Grimmsnarl|Leftovers|[from] move: Knock Off|[of] p1a: Cthulhoid
|
|upkeep
|turn|10
|
|t:|1757808919
|move|p2a: Grimmsnarl|Bulk Up|p2a: Grimmsnarl
|-boost|p2a: Grimmsnarl|atk|1
|-boost|p2a: Grimmsnarl|def|1
|move|p1a: Cthulhoid|Topsy-Turvy|p2a: Grimmsnarl
|-invertboost|p2a: Grimmsnarl|[from] move: Topsy-Turvy
|
|upkeep
|turn|11
|
|t:|1757808926
|move|p2a: Grimmsnarl|Bulk Up|p2a: Grimmsnarl
|-boost|p2a: Grimmsnarl|atk|1
|-boost|p2a: Grimmsnarl|def|1
|move|p1a: Cthulhoid|Knock Off|p2a: Grimmsnarl
|-resisted|p2a: Grimmsnarl
|-damage|p2a: Grimmsnarl|51/100
|
|upkeep
|turn|12
|
|t:|1757808934
|move|p2a: Grimmsnarl|Bulk Up|p2a: Grimmsnarl
|-boost|p2a: Grimmsnarl|atk|1
|-boost|p2a: Grimmsnarl|def|1
|move|p1a: Cthulhoid|Destiny Bond|p1a: Cthulhoid
|-singlemove|p1a: Cthulhoid|Destiny Bond
|
|upkeep
|turn|13
|
|t:|1757808941
|move|p2a: Grimmsnarl|Bulk Up|p2a: Grimmsnarl
|-boost|p2a: Grimmsnarl|atk|1
|-boost|p2a: Grimmsnarl|def|1
|move|p1a: Cthulhoid|Knock Off|p2a: Grimmsnarl
|-resisted|p2a: Grimmsnarl
|-damage|p2a: Grimmsnarl|37/100
|
|upkeep
|turn|14
|
|t:|1757808948
|move|p2a: Grimmsnarl|Bulk Up|p2a: Grimmsnarl
|-boost|p2a: Grimmsnarl|atk|1
|-boost|p2a: Grimmsnarl|def|1
|move|p1a: Cthulhoid|Knock Off|p2a: Grimmsnarl
|-resisted|p2a: Grimmsnarl
|-damage|p2a: Grimmsnarl|28/100
|
|upkeep
|turn|15
|inactive|LLC2210 has 120 seconds left.
|
|t:|1757808953
|move|p2a: Grimmsnarl|Bulk Up|p2a: Grimmsnarl
|-boost|p2a: Grimmsnarl|atk|1
|-boost|p2a: Grimmsnarl|def|1
|move|p1a: Cthulhoid|Topsy-Turvy|p2a: Grimmsnarl
|-invertboost|p2a: Grimmsnarl|[from] move: Topsy-Turvy
|
|upkeep
|turn|16
|
|t:|1757808960
|move|p2a: Grimmsnarl|Bulk Up|p2a: Grimmsnarl
|-boost|p2a: Grimmsnarl|atk|1
|-boost|p2a: Grimmsnarl|def|1
|move|p1a: Cthulhoid|Knock Off|p2a: Grimmsnarl
|-resisted|p2a: Grimmsnarl
|-damage|p2a: Grimmsnarl|0 fnt
|faint|p2a: Grimmsnarl
|
|upkeep
|inactive|LLC2210 has 120 seconds left.
|
|t:|1757808974
|switch|p2a: Lucario|Lucario, M|100/100
|turn|17
|
|t:|1757808981
|-terastallize|p2a: Lucario|Fighting
|move|p2a: Lucario|Close Combat|p1a: Cthulhoid
|-damage|p1a: Cthulhoid|56/100
|-unboost|p2a: Lucario|def|1
|-unboost|p2a: Lucario|spd|1
|-damage|p2a: Lucario|91/100|[from] item: Life Orb
|move|p1a: Cthulhoid|Destiny Bond|p1a: Cthulhoid
|-singlemove|p1a: Cthulhoid|Destiny Bond
|
|upkeep
|turn|18
|
|t:|1757808990
|move|p2a: Lucario|Close Combat|p1a: Cthulhoid
|-damage|p1a: Cthulhoid|22/100
|-unboost|p2a: Lucario|def|1
|-unboost|p2a: Lucario|spd|1
|-damage|p2a: Lucario|81/100|[from] item: Life Orb
|move|p1a: Cthulhoid|Knock Off|p2a: Lucario
|-resisted|p2a: Lucario
|-damage|p2a: Lucario|0 fnt
|-enditem|p2a: Lucario|Life Orb|[from] move: Knock Off|[of] p1a: Cthulhoid
|faint|p2a: Lucario
|
|upkeep
|
|t:|1757809000
|switch|p2a: Ceruledge|Ceruledge, M|100/100
|turn|19
|
|t:|1757809012
|move|p2a: Ceruledge|Close Combat|p1a: Cthulhoid
|-damage|p1a: Cthulhoid|7/100
|-unboost|p2a: Ceruledge|def|1
|-unboost|p2a: Ceruledge|spd|1
|move|p1a: Cthulhoid|Destiny Bond|p1a: Cthulhoid
|-singlemove|p1a: Cthulhoid|Destiny Bond
|
|upkeep
|turn|20
|
|t:|1757809022
|move|p2a: Ceruledge|Bitter Blade|p1a: Cthulhoid
|-damage|p1a: Cthulhoid|0 fnt
|faint|p1a: Cthulhoid
|-activate|p1a: Cthulhoid|move: Destiny Bond
|faint|p2a: Ceruledge
|
|upkeep
|
|t:|1757809030
|switch|p2a: Milotic|Milotic, M|100/100
|switch|p1a: Crown|Comfey, M|100/100
|-damage|p1a: Crown|88/100|[from] Stealth Rock
|-damage|p1a: Crown|63/100|[from] Spikes
|turn|21
|
|t:|1757809057
|move|p1a: Crown|Giga Drain|p2a: Milotic
|-supereffective|p2a: Milotic
|-damage|p2a: Milotic|80/100
|-heal|p1a: Crown|80/100|[from] drain|[of] p2a: Milotic
|move|p2a: Milotic|Ice Beam|p1a: Crown
|-damage|p1a: Crown|64/100
|
|-status|p2a: Milotic|brn|[from] item: Flame Orb
|upkeep
|turn|22
|
|t:|1757809071
|move|p2a: Milotic|Draining Kiss|p1a: Crown
|-damage|p1a: Crown|55/100
|-heal|p2a: Milotic|85/100 brn|[from] drain|[of] p1a: Crown
|move|p1a: Crown|Leech Seed|p2a: Milotic
|-start|p2a: Milotic|move: Leech Seed
|
|-damage|p2a: Milotic|73/100 brn|[from] Leech Seed|[of] p1a: Crown
|-heal|p1a: Crown|76/100|[silent]
|-damage|p2a: Milotic|67/100 brn|[from] brn
|upkeep
|turn|23
|
|t:|1757809080
|move|p1a: Crown|Draining Kiss|p2a: Milotic
|-damage|p2a: Milotic|57/100 brn
|-heal|p1a: Crown|88/100|[from] drain|[of] p2a: Milotic
|move|p2a: Milotic|Scald|p1a: Crown
|-damage|p1a: Crown|66/100
|
|-damage|p2a: Milotic|44/100 brn|[from] Leech Seed|[of] p1a: Crown
|-heal|p1a: Crown|87/100|[silent]
|-damage|p2a: Milotic|38/100 brn|[from] brn
|upkeep
|turn|24
|
|t:|1757809090
|move|p1a: Crown|Draining Kiss|p2a: Milotic
|-damage|p2a: Milotic|27/100 brn
|-heal|p1a: Crown|100/100|[from] drain|[of] p2a: Milotic
|move|p2a: Milotic|Scald|p1a: Crown
|-damage|p1a: Crown|79/100
|
|-damage|p2a: Milotic|15/100 brn|[from] Leech Seed|[of] p1a: Crown
|-heal|p1a: Crown|99/100|[silent]
|-damage|p2a: Milotic|9/100 brn|[from] brn
|upkeep
|turn|25
|-message|LLC2210 forfeited.
|
|win|NotArusef
|raw|NotArusef's rating: 1075 &rarr; <strong>1102</strong><br />(+27 for winning)
|raw|LLC2210's rating: 1054 &rarr; <strong>1037</strong><br />(-17 for losing)
|l|☆LLC2210
|player|p2|
