|j|☆ImNotSureAnymore
|j|☆jawnpilgrim
|t:|1757826997
|gametype|singles
|player|p1|ImNotSureAnymore|psychicf-gen4|1126
|player|p2|jawnpilgrim|n|1140
|gen|9
|tier|[Gen 9] OU
|rated|
|rule|HP Percentage Mod: HP is shown in percentages
|rule|Endless Battle Clause: Forcing endless battles is banned
|rule|Species Clause: Limit one of each Pokémon
|rule|OHKO Clause: OHKO moves are banned
|rule|Evasion Items Clause: Evasion items are banned
|rule|Evasion Moves Clause: Evasion moves are banned
|rule|Evasion Abilities Clause: Evasion abilities are banned
|rule|Sleep Moves Clause: Sleep-inducing moves are banned
|clearpoke
|poke|p1|Crocalor, F|
|poke|p1|Bellossom, F|
|poke|p1|Cryogonal|
|poke|p1|Muk-Alola, F|
|poke|p1|Espeon, F|
|poke|p1|Florges, F|
|poke|p2|Excadrill, M|
|poke|p2|Tyranitar, M|
|poke|p2|Tinkaton, F|
|poke|p2|Sinistcha|
|poke|p2|Moltres|
|poke|p2|Ogerpon-Wellspring, F|
|teampreview
|
|t:|1757827013
|teamsize|p1|6
|teamsize|p2|6
|start
|switch|p1a: Bellossom|Bellossom, F|100/100
|switch|p2a: Tinkaton|Tinkaton, F|100/100
|-ability|p2a: Tinkaton|Mold Breaker
|-item|p2a: Tinkaton|Air Balloon
|turn|1
|
|t:|1757827024
|switch|p1a: Espeon|Espeon, F|100/100
|move|p2a: Tinkaton|Thunder Wave|p1a: Espeon
|-status|p1a: Espeon|par
|
|upkeep
|turn|2
|
|t:|1757827033
|switch|p1a: Bellossom|Bellossom, F|100/100
|move|p2a: Tinkaton|Stealth Rock|p1a: Bellossom
|-sidestart|p1: ImNotSureAnymore|move: Stealth Rock
|
|upkeep
|turn|3
|
|t:|1757827038
|move|p2a: Tinkaton|Thunder Wave|p1a: Bellossom
|-status|p1a: Bellossom|par
|move|p1a: Bellossom|Leech Seed|p2a: Tinkaton
|-start|p2a: Tinkaton|move: Leech Seed
|
|-damage|p2a: Tinkaton|88/100|[from] Leech Seed|[of] p1a: Bellossom
|upkeep
|turn|4
|
|t:|1757827054
|switch|p2a: Moltres|Moltres|100/100
|cant|p1a: Bellossom|par
|
|upkeep
|turn|5
|inactive|Battle timer is ON: inactive players will automatically lose when time's up. (requested by jawnpilgrim)
|
|t:|1757827062
|switch|p1a: Florges|Florges, F|100/100
|-damage|p1a: Florges|88/100|[from] Stealth Rock
|move|p2a: Moltres|Flamethrower|p1a: Florges
|-damage|p1a: Florges|67/100
|
|-heal|p1a: Florges|73/100|[from] item: Leftovers
|upkeep
|turn|6
|
|t:|1757827076
|switch|p2a: Tinkaton|Tinkaton, F|88/100
|-ability|p2a: Tinkaton|Mold Breaker
|-item|p2a: Tinkaton|Air Balloon
|move|p1a: Florges|Tearful Look|p2a: Tinkaton
|-unboost|p2a: Tinkaton|atk|1
|-unboost|p2a: Tinkaton|spa|1
|
|-heal|p1a: Florges|79/100|[from] item: Leftovers
|upkeep
|turn|7
|
|t:|1757827091
|switch|p1a: Bellossom|Bellossom, F|100/100 par
|-damage|p1a: Bellossom|88/100 par|[from] Stealth Rock
|move|p2a: Tinkaton|Thunder Wave|p1a: Bellossom
|-fail|p1a: Bellossom|par
|
|upkeep
|turn|8
|
|t:|1757827099
|move|p2a: Tinkaton|Gigaton Hammer|p1a: Bellossom
|-damage|p1a: Bellossom|69/100 par
|cant|p1a: Bellossom|par
|
|upkeep
|turn|9
|
|t:|1757827107
|switch|p2a: Moltres|Moltres|100/100
|move|p1a: Bellossom|Strength Sap|p2a: Moltres
|-unboost|p2a: Moltres|atk|1
|-heal|p1a: Bellossom|100/100 par
|
|upkeep
|turn|10
|
|t:|1757827119
|switch|p1a: Florges|Florges, F|79/100
|-damage|p1a: Florges|67/100|[from] Stealth Rock
|move|p2a: Moltres|U-turn|p1a: Florges
|-resisted|p1a: Florges
|-damage|p1a: Florges|61/100
|
|t:|1757827127
|switch|p2a: Tinkaton|Tinkaton, F|88/100|[from] U-turn
|-ability|p2a: Tinkaton|Mold Breaker
|-item|p2a: Tinkaton|Air Balloon
|
|-heal|p1a: Florges|67/100|[from] item: Leftovers
|upkeep
|turn|11
|
|t:|1757827137
|switch|p1a: Crocalor|Crocalor, F|100/100
|-damage|p1a: Crocalor|76/100|[from] Stealth Rock
|move|p2a: Tinkaton|Gigaton Hammer|p1a: Crocalor
|-resisted|p1a: Crocalor
|-damage|p1a: Crocalor|58/100
|
|upkeep
|turn|12
|
|t:|1757827150
|switch|p2a: Tyranitar|Tyranitar, M|100/100
|-weather|Sandstorm|[from] ability: Sand Stream|[of] p2a: Tyranitar
|move|p1a: Crocalor|Slack Off|p1a: Crocalor
|-heal|p1a: Crocalor|100/100
|
|-weather|Sandstorm|[upkeep]
|-damage|p1a: Crocalor|94/100|[from] Sandstorm
|upkeep
|turn|13
|
|t:|1757827165
|-terastallize|p1a: Crocalor|Water
|move|p2a: Tyranitar|Stone Edge|p1a: Crocalor
|-damage|p1a: Crocalor|32/100
|move|p1a: Crocalor|Will-O-Wisp|p2a: Tyranitar
|-status|p2a: Tyranitar|brn
|
|-weather|Sandstorm|[upkeep]
|-damage|p1a: Crocalor|26/100|[from] Sandstorm
|-damage|p2a: Tyranitar|94/100 brn|[from] brn
|upkeep
|turn|14
|
|t:|1757827179
|switch|p1a: Bellossom|Bellossom, F|100/100 par
|-damage|p1a: Bellossom|88/100 par|[from] Stealth Rock
|move|p2a: Tyranitar|Stone Edge|p1a: Bellossom
|-damage|p1a: Bellossom|56/100 par
|
|-weather|Sandstorm|[upkeep]
|-damage|p1a: Bellossom|50/100 par|[from] Sandstorm
|-damage|p2a: Tyranitar|88/100 brn|[from] brn
|upkeep
|turn|15
|
|t:|1757827189
|switch|p2a: Moltres|Moltres|100/100
|move|p1a: Bellossom|Strength Sap|p2a: Moltres
|-unboost|p2a: Moltres|atk|1
|-heal|p1a: Bellossom|100/100 par
|
|-weather|Sandstorm|[upkeep]
|-damage|p2a: Moltres|94/100|[from] Sandstorm
|-damage|p1a: Bellossom|94/100 par|[from] Sandstorm
|upkeep
|turn|16
|
|t:|1757827202
|cant|p1a: Bellossom|par
|move|p2a: Moltres|Roar|p1a: Bellossom
|drag|p1a: Cryogonal|Cryogonal|100/100
|
|-weather|none
|upkeep
|turn|17
|
|t:|1757827212
|move|p1a: Cryogonal|Rapid Spin|p2a: Moltres
|-damage|p2a: Moltres|90/100
|-boost|p1a: Cryogonal|spe|1
|-sideend|p1: ImNotSureAnymore|Stealth Rock|[from] move: Rapid Spin|[of] p1a: Cryogonal
|move|p2a: Moltres|Flamethrower|p1a: Cryogonal
|-supereffective|p1a: Cryogonal
|-damage|p1a: Cryogonal|57/100
|
|upkeep
|turn|18
|
|t:|1757827220
|move|p1a: Cryogonal|Ancient Power|p2a: Moltres
|-supereffective|p2a: Moltres
|-damage|p2a: Moltres|33/100
|move|p2a: Moltres|Flamethrower|p1a: Cryogonal
|-supereffective|p1a: Cryogonal
|-damage|p1a: Cryogonal|16/100
|-status|p1a: Cryogonal|brn
|
|-damage|p1a: Cryogonal|10/100 brn|[from] brn
|upkeep
|turn|19
|
|t:|1757827234
|switch|p2a: Tinkaton|Tinkaton, F|88/100
|-ability|p2a: Tinkaton|Mold Breaker
|-item|p2a: Tinkaton|Air Balloon
|move|p1a: Cryogonal|Recover|p1a: Cryogonal
|-heal|p1a: Cryogonal|60/100 brn
|
|-damage|p1a: Cryogonal|54/100 brn|[from] brn
|upkeep
|turn|20
|
|t:|1757827250
|move|p1a: Cryogonal|Recover|p1a: Cryogonal
|-heal|p1a: Cryogonal|100/100 brn
|move|p2a: Tinkaton|Gigaton Hammer|p1a: Cryogonal
|-supereffective|p1a: Cryogonal
|-damage|p1a: Cryogonal|0 fnt
|faint|p1a: Cryogonal
|
|upkeep
|
|t:|1757827253
|switch|p1a: Crocalor|Crocalor, F, tera:Water|26/100
|turn|21
|
|t:|1757827259
|move|p2a: Tinkaton|Thunder Wave|p1a: Crocalor
|-status|p1a: Crocalor|par
|move|p1a: Crocalor|Slack Off|p1a: Crocalor
|-heal|p1a: Crocalor|76/100 par
|
|upkeep
|turn|22
|
|t:|1757827270
|move|p2a: Tinkaton|Stealth Rock|p1a: Crocalor
|-sidestart|p1: ImNotSureAnymore|move: Stealth Rock
|move|p1a: Crocalor|Will-O-Wisp|p2a: Tinkaton
|-status|p2a: Tinkaton|brn
|
|-damage|p2a: Tinkaton|82/100 brn|[from] brn
|upkeep
|turn|23
|
|t:|1757827279
|switch|p2a: Sinistcha|Sinistcha|100/100
|cant|p1a: Crocalor|par
|
|upkeep
|turn|24
|
|t:|1757827285
|switch|p1a: Florges|Florges, F|67/100
|-damage|p1a: Florges|55/100|[from] Stealth Rock
|move|p2a: Sinistcha|Matcha Gotcha|p1a: Florges
|-damage|p1a: Florges|38/100
|
|-heal|p1a: Florges|44/100|[from] item: Leftovers
|upkeep
|turn|25
|
|t:|1757827302
|switch|p2a: Tinkaton|Tinkaton, F|82/100 brn
|-ability|p2a: Tinkaton|Mold Breaker
|-item|p2a: Tinkaton|Air Balloon
|move|p1a: Florges|Synthesis|p1a: Florges
|-heal|p1a: Florges|94/100
|
|-heal|p1a: Florges|99/100|[from] item: Leftovers
|-damage|p2a: Tinkaton|76/100 brn|[from] brn
|upkeep
|turn|26
|
|t:|1757827317
|switch|p1a: Bellossom|Bellossom, F|94/100 par
|-damage|p1a: Bellossom|82/100 par|[from] Stealth Rock
|move|p2a: Tinkaton|Gigaton Hammer|p1a: Bellossom
|-damage|p1a: Bellossom|66/100 par
|
|-damage|p2a: Tinkaton|70/100 brn|[from] brn
|upkeep
|turn|27
|
|t:|1757827340
|switch|p2a: Moltres|Moltres|33/100
|cant|p1a: Bellossom|par
|
|upkeep
|turn|28
|
|t:|1757827346
|switch|p1a: Florges|Florges, F|99/100
|-damage|p1a: Florges|88/100|[from] Stealth Rock
|move|p2a: Moltres|Flamethrower|p1a: Florges
|-damage|p1a: Florges|69/100
|
|-heal|p1a: Florges|75/100|[from] item: Leftovers
|upkeep
|turn|29
|
|t:|1757827355
|move|p2a: Moltres|Roost|p2a: Moltres
|-heal|p2a: Moltres|83/100
|-singleturn|p2a: Moltres|move: Roost
|move|p1a: Florges|Tearful Look|p2a: Moltres
|-unboost|p2a: Moltres|atk|1
|-unboost|p2a: Moltres|spa|1
|
|-heal|p1a: Florges|82/100|[from] item: Leftovers
|upkeep
|turn|30
|
|t:|1757827370
|switch|p2a: Tinkaton|Tinkaton, F|70/100 brn
|-ability|p2a: Tinkaton|Mold Breaker
|-item|p2a: Tinkaton|Air Balloon
|move|p1a: Florges|Moonblast|p2a: Tinkaton
|-resisted|p2a: Tinkaton
|-damage|p2a: Tinkaton|54/100 brn
|-enditem|p2a: Tinkaton|Air Balloon
|
|-heal|p1a: Florges|88/100|[from] item: Leftovers
|-damage|p2a: Tinkaton|48/100 brn|[from] brn
|upkeep
|turn|31
|
|t:|1757827384
|switch|p2a: Moltres|Moltres|83/100
|switch|p1a: Bellossom|Bellossom, F|66/100 par
|-damage|p1a: Bellossom|54/100 par|[from] Stealth Rock
|
|upkeep
|turn|32
|
|t:|1757827392
|switch|p1a: Florges|Florges, F|88/100
|-damage|p1a: Florges|75/100|[from] Stealth Rock
|move|p2a: Moltres|Roar|p1a: Florges
|drag|p1a: Espeon|Espeon, F|100/100 par
|-damage|p1a: Espeon|88/100 par|[from] Stealth Rock
|
|-heal|p1a: Espeon|94/100 par|[from] item: Leftovers
|upkeep
|turn|33
|
|t:|1757827408
|move|p2a: Moltres|Flamethrower|p1a: Espeon
|-damage|p1a: Espeon|66/100 par
|move|p1a: Espeon|Wish|p1a: Espeon
|
|-heal|p1a: Espeon|72/100 par|[from] item: Leftovers
|upkeep
|turn|34
|
|t:|1757827419
|switch|p2a: Tyranitar|Tyranitar, M|88/100 brn
|-weather|Sandstorm|[from] ability: Sand Stream|[of] p2a: Tyranitar
|move|p1a: Espeon|Psychic|p2a: Tyranitar
|-immune|p2a: Tyranitar
|
|-weather|Sandstorm|[upkeep]
|-damage|p1a: Espeon|66/100 par|[from] Sandstorm
|-heal|p1a: Espeon|100/100 par|[from] move: Wish|[wisher] Espeon
|-damage|p2a: Tyranitar|82/100 brn|[from] brn
|upkeep
|turn|35
|
|t:|1757827433
|move|p2a: Tyranitar|Stone Edge|p1a: Espeon
|-damage|p1a: Espeon|30/100 par
|move|p1a: Espeon|Wish|p1a: Espeon
|
|-weather|Sandstorm|[upkeep]
|-damage|p1a: Espeon|24/100 par|[from] Sandstorm
|-heal|p1a: Espeon|30/100 par|[from] item: Leftovers
|-damage|p2a: Tyranitar|76/100 brn|[from] brn
|upkeep
|turn|36
|
|t:|1757827451
|switch|p1a: Bellossom|Bellossom, F|54/100 par
|-damage|p1a: Bellossom|41/100 par|[from] Stealth Rock
|move|p2a: Tyranitar|Stone Edge|p1a: Bellossom
|-damage|p1a: Bellossom|10/100 par
|
|-weather|Sandstorm|[upkeep]
|-damage|p1a: Bellossom|4/100 par|[from] Sandstorm
|-heal|p1a: Bellossom|51/100 par|[from] move: Wish|[wisher] Espeon
|-damage|p2a: Tyranitar|70/100 brn|[from] brn
|upkeep
|turn|37
|
|t:|1757827468
|switch|p2a: Moltres|Moltres|83/100
|move|p1a: Bellossom|Strength Sap|p2a: Moltres
|-unboost|p2a: Moltres|atk|1
|-heal|p1a: Bellossom|100/100 par
|
|-weather|Sandstorm|[upkeep]
|-damage|p2a: Moltres|77/100|[from] Sandstorm
|-damage|p1a: Bellossom|94/100 par|[from] Sandstorm
|upkeep
|turn|38
|
|t:|1757827479
|switch|p1a: Florges|Florges, F|75/100
|-damage|p1a: Florges|63/100|[from] Stealth Rock
|move|p2a: Moltres|Roar|p1a: Florges
|drag|p1a: Bellossom|Bellossom, F|94/100 par
|-damage|p1a: Bellossom|82/100 par|[from] Stealth Rock
|
|-weather|none
|upkeep
|turn|39
|
|t:|1757827496
|switch|p1a: Florges|Florges, F|63/100
|-damage|p1a: Florges|50/100|[from] Stealth Rock
|move|p2a: Moltres|Flamethrower|p1a: Florges
|-damage|p1a: Florges|32/100
|
|-heal|p1a: Florges|38/100|[from] item: Leftovers
|upkeep
|turn|40
|
|t:|1757827505
|move|p1a: Florges|Synthesis|p1a: Florges
|-heal|p1a: Florges|88/100
|move|p2a: Moltres|Roar|p1a: Florges
|drag|p1a: Bellossom|Bellossom, F|82/100 par
|-damage|p1a: Bellossom|69/100 par|[from] Stealth Rock
|
|upkeep
|turn|41
|
|t:|1757827511
|move|p1a: Bellossom|Leech Seed|p2a: Moltres
|-start|p2a: Moltres|move: Leech Seed
|move|p2a: Moltres|Roar|p1a: Bellossom
|drag|p1a: Muk|Muk-Alola, F|100/100
|-damage|p1a: Muk|88/100|[from] Stealth Rock
|
|-damage|p2a: Moltres|64/100|[from] Leech Seed|[of] p1a: Muk
|-heal|p1a: Muk|99/100|[silent]
|upkeep
|turn|42
|
|t:|1757827522
|switch|p2a: Excadrill|Excadrill, M|100/100
|move|p1a: Muk|Knock Off|p2a: Excadrill
|-crit|p2a: Excadrill
|-damage|p2a: Excadrill|30/100
|-enditem|p2a: Excadrill|Leftovers|[from] move: Knock Off|[of] p1a: Muk
|
|upkeep
|turn|43
|
|t:|1757827532
|switch|p1a: Bellossom|Bellossom, F|69/100 par
|-damage|p1a: Bellossom|57/100 par|[from] Stealth Rock
|move|p2a: Excadrill|Earthquake|p1a: Bellossom
|-resisted|p1a: Bellossom
|-damage|p1a: Bellossom|38/100 par
|
|upkeep
|turn|44
|
|t:|1757827544
|switch|p2a: Moltres|Moltres|64/100
|move|p1a: Bellossom|Strength Sap|p2a: Moltres
|-unboost|p2a: Moltres|atk|1
|-heal|p1a: Bellossom|100/100 par
|
|upkeep
|turn|45
|
|t:|1757827554
|switch|p1a: Florges|Florges, F|88/100
|-damage|p1a: Florges|75/100|[from] Stealth Rock
|move|p2a: Moltres|Roost|p2a: Moltres
|-heal|p2a: Moltres|100/100
|-singleturn|p2a: Moltres|move: Roost
|
|-heal|p1a: Florges|82/100|[from] item: Leftovers
|upkeep
|turn|46
|
|t:|1757827565
|switch|p2a: Ogerpon|Ogerpon-Wellspring, F|100/100
|move|p1a: Florges|Tearful Look|p2a: Ogerpon
|-unboost|p2a: Ogerpon|atk|1
|-unboost|p2a: Ogerpon|spa|1
|
|-heal|p1a: Florges|88/100|[from] item: Leftovers
|upkeep
|turn|47
|
|t:|1757827574
|-terastallize|p2a: Ogerpon|Water
|detailschange|p2a: Ogerpon|Ogerpon-Wellspring-Tera, F, tera:Water
|-ability|p2a: Ogerpon|Embody Aspect (Wellspring)|boost
|-boost|p2a: Ogerpon|spd|1
|move|p2a: Ogerpon|Spikes|p1a: Florges
|-sidestart|p1: ImNotSureAnymore|Spikes
|move|p1a: Florges|Energy Ball|p2a: Ogerpon
|-supereffective|p2a: Ogerpon
|-crit|p2a: Ogerpon
|-damage|p2a: Ogerpon|19/100
|
|-heal|p1a: Florges|94/100|[from] item: Leftovers
|upkeep
|turn|48
|
|t:|1757827592
|move|p2a: Ogerpon|U-turn|p1a: Florges
|-resisted|p1a: Florges
|-damage|p1a: Florges|81/100
|
|t:|1757827602
|switch|p2a: Tinkaton|Tinkaton, F|48/100 brn|[from] U-turn
|-ability|p2a: Tinkaton|Mold Breaker
|move|p1a: Florges|Energy Ball|p2a: Tinkaton
|-resisted|p2a: Tinkaton
|-damage|p2a: Tinkaton|38/100 brn
|-unboost|p2a: Tinkaton|spd|1
|
|-heal|p1a: Florges|87/100|[from] item: Leftovers
|-damage|p2a: Tinkaton|32/100 brn|[from] brn
|upkeep
|turn|49
|
|t:|1757827615
|move|p2a: Tinkaton|Gigaton Hammer|p1a: Florges
|-supereffective|p1a: Florges
|-damage|p1a: Florges|33/100
|move|p1a: Florges|Tearful Look|p2a: Tinkaton
|-unboost|p2a: Tinkaton|atk|1
|-unboost|p2a: Tinkaton|spa|1
|
|-heal|p1a: Florges|39/100|[from] item: Leftovers
|-damage|p2a: Tinkaton|26/100 brn|[from] brn
|upkeep
|turn|50
|
|t:|1757827625
|move|p2a: Tinkaton|Thunder Wave|p1a: Florges|[miss]
|-miss|p2a: Tinkaton|p1a: Florges
|move|p1a: Florges|Synthesis|p1a: Florges
|-heal|p1a: Florges|89/100
|
|-heal|p1a: Florges|95/100|[from] item: Leftovers
|-damage|p2a: Tinkaton|20/100 brn|[from] brn
|upkeep
|turn|51
|
|t:|1757827633
|switch|p1a: Bellossom|Bellossom, F|100/100 par
|-damage|p1a: Bellossom|88/100 par|[from] Stealth Rock
|-damage|p1a: Bellossom|76/100 par|[from] Spikes
|move|p2a: Tinkaton|Gigaton Hammer|p1a: Bellossom
|-damage|p1a: Bellossom|65/100 par
|
|-damage|p2a: Tinkaton|14/100 brn|[from] brn
|upkeep
|turn|52
|
|t:|1757827652
|switch|p2a: Moltres|Moltres|100/100
|cant|p1a: Bellossom|par
|
|upkeep
|turn|53
|
|t:|1757827658
|switch|p1a: Florges|Florges, F|95/100
|-damage|p1a: Florges|83/100|[from] Stealth Rock
|-damage|p1a: Florges|70/100|[from] Spikes
|move|p2a: Moltres|Flamethrower|p1a: Florges
|-damage|p1a: Florges|50/100
|-status|p1a: Florges|brn
|
|-heal|p1a: Florges|56/100 brn|[from] item: Leftovers
|-damage|p1a: Florges|50/100 brn|[from] brn
|upkeep
|turn|54
|
|t:|1757827670
|move|p1a: Florges|Synthesis|p1a: Florges
|-heal|p1a: Florges|99/100 brn
|move|p2a: Moltres|Roar|p1a: Florges
|drag|p1a: Bellossom|Bellossom, F|65/100 par
|-damage|p1a: Bellossom|53/100 par|[from] Stealth Rock
|-damage|p1a: Bellossom|40/100 par|[from] Spikes
|
|upkeep
|turn|55
|c|☆jawnpilgrim|this will never end
|
|t:|1757827690
|move|p2a: Moltres|Flamethrower|p1a: Bellossom
|-supereffective|p1a: Bellossom
|-damage|p1a: Bellossom|0 fnt
|faint|p1a: Bellossom
|
|upkeep
|c|☆ImNotSureAnymore|lol
|
|t:|1757827696
|switch|p1a: Muk|Muk-Alola, F|99/100
|-damage|p1a: Muk|87/100|[from] Stealth Rock
|-damage|p1a: Muk|75/100|[from] Spikes
|turn|56
|
|t:|1757827702
|move|p1a: Muk|Knock Off|p2a: Moltres
|-damage|p2a: Moltres|79/100
|-enditem|p2a: Moltres|Heavy-Duty Boots|[from] move: Knock Off|[of] p1a: Muk
|move|p2a: Moltres|Roar|p1a: Muk
|drag|p1a: Espeon|Espeon, F|30/100 par
|-damage|p1a: Espeon|17/100 par|[from] Stealth Rock
|-damage|p1a: Espeon|5/100 par|[from] Spikes
|
|-heal|p1a: Espeon|11/100 par|[from] item: Leftovers
|upkeep
|turn|57
|
|t:|1757827714
|move|p2a: Moltres|Flamethrower|p1a: Espeon
|-damage|p1a: Espeon|0 fnt
|faint|p1a: Espeon
|
|upkeep
|
|t:|1757827716
|switch|p1a: Muk|Muk-Alola, F|75/100
|-damage|p1a: Muk|62/100|[from] Stealth Rock
|-damage|p1a: Muk|50/100|[from] Spikes
|-enditem|p1a: Muk|Figy Berry|[eat]
|-heal|p1a: Muk|83/100|[from] item: Figy Berry
|turn|58
|
|t:|1757827727
|move|p1a: Muk|Poison Jab|p2a: Moltres
|-damage|p2a: Moltres|58/100
|-status|p1a: Muk|brn|[from] ability: Flame Body|[of] p2a: Moltres
|move|p2a: Moltres|Roar|p1a: Muk
|drag|p1a: Crocalor|Crocalor, F, tera:Water|76/100 par
|-damage|p1a: Crocalor|64/100 par|[from] Stealth Rock
|-damage|p1a: Crocalor|52/100 par|[from] Spikes
|
|upkeep
|turn|59
|
|t:|1757827741
|move|p1a: Crocalor|Slack Off|p1a: Crocalor
|-heal|p1a: Crocalor|100/100 par
|move|p2a: Moltres|Roar|p1a: Crocalor
|drag|p1a: Muk|Muk-Alola, F|83/100 brn
|-damage|p1a: Muk|70/100 brn|[from] Stealth Rock
|-damage|p1a: Muk|58/100 brn|[from] Spikes
|
|-damage|p1a: Muk|52/100 brn|[from] brn
|upkeep
|turn|60
|
|t:|1757827752
|move|p2a: Moltres|Flamethrower|p1a: Muk
|-damage|p1a: Muk|28/100 brn
|move|p1a: Muk|Recycle|p1a: Muk
|-item|p1a: Muk|Figy Berry|[from] move: Recycle
|-enditem|p1a: Muk|Figy Berry|[eat]
|-heal|p1a: Muk|61/100 brn|[from] item: Figy Berry
|
|-damage|p1a: Muk|55/100 brn|[from] brn
|upkeep
|turn|61
|-message|ImNotSureAnymore forfeited.
|
|win|jawnpilgrim
|raw|ImNotSureAnymore's rating: 1126 &rarr; <strong>1102</strong><br />(-24 for losing)
|raw|jawnpilgrim's rating: 1140 &rarr; <strong>1164</strong><br />(+24 for winning)
|l|☆ImNotSureAnymore
|player|p1|
|c|☆jawnpilgrim|gg
|l|☆jawnpilgrim
|player|p2|
