|j|☆DIMU179
|j|☆LT2Jairo
|inactive|Battle timer is ON: inactive players will automatically lose when time's up.
|t:|1757871718
|gametype|singles
|player|p1|DIMU179|benga|
|player|p2|LT2Jairo|hilbert-masters|
|gen|9
|tier|[Gen 9] OU
|rated|Tournament battle
|rule|HP Percentage Mod: HP is shown in percentages
|rule|Endless Battle Clause: Forcing endless battles is banned
|rule|Species Clause: Limit one of each Pokémon
|rule|OHKO Clause: OHKO moves are banned
|rule|Evasion Items Clause: Evasion items are banned
|rule|Evasion Moves Clause: Evasion moves are banned
|rule|Evasion Abilities Clause: Evasion abilities are banned
|rule|Sleep Moves Clause: Sleep-inducing moves are banned
|raw|<div class="infobox"><details class="readmore" open><summary><strong>1 custom rule:</strong></summary> -wobbuffet</details></div>
|clearpoke
|poke|p1|Pelipper, F|
|poke|p1|Croagunk, F|
|poke|p1|Pawmo, M|
|poke|p2|Porygon2|
|poke|p2|Rellor, F|
|poke|p2|Excadrill, F|
|teampreview
|j|*Lady Monita ☀
|inactive|LT2Jairo also wants the timer to be on.
|
|t:|1757871727
|teamsize|p1|3
|teamsize|p2|3
|start
|switch|p1a: Croagunk|Croagunk, F|100/100
|switch|p2a: Rellor|Rellor, F|100/100
|turn|1
|
|t:|1757871739
|move|p1a: Croagunk|Nasty Plot|p1a: Croagunk
|-boost|p1a: Croagunk|spa|2
|move|p2a: Rellor|Fling|p1a: Croagunk
|-resisted|p1a: Croagunk
|-damage|p1a: Croagunk|94/100
|-status|p1a: Croagunk|par
|-enditem|p2a: Rellor|Light Ball|[from] move: Fling
|
|upkeep
|turn|2
|
|t:|1757871747
|move|p1a: Croagunk|Nasty Plot|p1a: Croagunk
|-boost|p1a: Croagunk|spa|2
|move|p2a: Rellor|Memento|p1a: Croagunk
|-unboost|p1a: Croagunk|atk|2
|-unboost|p1a: Croagunk|spa|2
|faint|p2a: Rellor
|
|upkeep
|
|t:|1757871749
|switch|p2a: Excadrill|Excadrill, F|100/100
|-ability|p2a: Excadrill|Mold Breaker
|turn|3
|
|t:|1757871755
|move|p1a: Croagunk|Vacuum Wave|p2a: Excadrill
|-supereffective|p2a: Excadrill
|-damage|p2a: Excadrill|28/100
|move|p2a: Excadrill|Earthquake|p1a: Croagunk
|-supereffective|p1a: Croagunk
|-damage|p1a: Croagunk|0 fnt
|faint|p1a: Croagunk
|
|upkeep
|
|t:|1757871760
|switch|p1a: Pawmo|Pawmo, M|100/100
|turn|4
|
|t:|1757871764
|move|p1a: Pawmo|Mach Punch|p2a: Excadrill
|-supereffective|p2a: Excadrill
|-damage|p2a: Excadrill|0 fnt
|faint|p2a: Excadrill
|
|upkeep
|
|t:|1757871766
|switch|p2a: Porygon2|Porygon2|100/100
|-ability|p2a: Porygon2|Download|boost
|-boost|p2a: Porygon2|atk|1
|turn|5
|
|t:|1757871776
|-terastallize|p2a: Porygon2|Normal
|move|p1a: Pawmo|Nuzzle|p2a: Porygon2
|-damage|p2a: Porygon2|96/100
|-status|p2a: Porygon2|par
|move|p2a: Porygon2|Tri Attack|p1a: Pawmo
|-damage|p1a: Pawmo|8/100
|
|upkeep
|turn|6
|
|t:|1757871785
|move|p1a: Pawmo|Mach Punch|p2a: Porygon2
|-supereffective|p2a: Porygon2
|-damage|p2a: Porygon2|83/100 par
|cant|p2a: Porygon2|par
|
|upkeep
|turn|7
|
|t:|1757871789
|move|p1a: Pawmo|Thunder Punch|p2a: Porygon2
|-damage|p2a: Porygon2|69/100 par
|move|p2a: Porygon2|Recover|p2a: Porygon2
|-heal|p2a: Porygon2|100/100 par
|
|upkeep
|turn|8
|
|t:|1757871793
|move|p1a: Pawmo|Thunder Punch|p2a: Porygon2
|-damage|p2a: Porygon2|88/100 par
|move|p2a: Porygon2|Tri Attack|p1a: Pawmo
|-damage|p1a: Pawmo|0 fnt
|faint|p1a: Pawmo
|
|upkeep
|
|t:|1757871795
|switch|p1a: Pelipper|Pelipper, F|100/100
|-weather|RainDance|[from] ability: Drizzle|[of] p1a: Pelipper
|turn|9
|
|t:|1757871801
|-terastallize|p1a: Pelipper|Ground
|move|p1a: Pelipper|Weather Ball|p2a: Porygon2
|-damage|p2a: Porygon2|22/100 par
|move|p2a: Porygon2|Tri Attack|p1a: Pelipper
|-damage|p1a: Pelipper|48/100
|
|-weather|RainDance|[upkeep]
|upkeep
|turn|10
|c|☆DIMU179|gg
|
|t:|1757871809
|move|p1a: Pelipper|Weather Ball|p2a: Porygon2
|-damage|p2a: Porygon2|0 fnt
|faint|p2a: Porygon2
|
|win|DIMU179
|n|☆DIMU179|dimu179
|n|☆LT2Jairo|lt2jairo
|n|*Lady Monita ☀|ladymonita
|l|☆LT2Jairo
|player|p2|
|j| Albrtix
|j|☆LT2Jairo
|player|p2|LT2Jairo|hilbert-masters|
|c|☆LT2Jairo|gg
|l|☆LT2Jairo
|player|p2|
|l|*Lady Monita ☀
|l|☆DIMU179
|player|p1|
