|j|☆iheartgalvantula
|j|☆rekka auto
|t:|1757856423
|gametype|singles
|player|p1|iheartgalvantula|unknown|1513
|player|p2|rekka auto|101|1493
|gen|9
|tier|[Gen 9] OU
|rated|
|rule|HP Percentage Mod: HP is shown in percentages
|rule|Endless Battle Clause: Forcing endless battles is banned
|rule|Species Clause: Limit one of each Pokémon
|rule|OHKO Clause: OHKO moves are banned
|rule|Evasion Items Clause: Evasion items are banned
|rule|Evasion Moves Clause: Evasion moves are banned
|rule|Evasion Abilities Clause: Evasion abilities are banned
|rule|Sleep Moves Clause: Sleep-inducing moves are banned
|clearpoke
|poke|p1|Galvantula, M|
|poke|p1|Enamorus, F|
|poke|p1|Ogerpon-Wellspring, F|
|poke|p1|Gholdengo|
|poke|p1|Kingambit, F|
|poke|p1|Raging Bolt|
|poke|p2|Grimmsnarl, M|
|poke|p2|Comfey, M|
|poke|p2|Okidogi, M|
|poke|p2|Dragonite, M|
|poke|p2|Great Tusk|
|poke|p2|Gholdengo|
|teampreview
|inactive|Battle timer is ON: inactive players will automatically lose when time's up. (requested by rekka auto)
|inactive|iheartgalvantula also wants the timer to be on.
|inactive|rekka auto has 120 seconds left.
|
|t:|1757856454
|teamsize|p1|6
|teamsize|p2|6
|start
|switch|p1a: Galvantula|Galvantula, M|100/100
|switch|p2a: Grimmsnarl|Grimmsnarl, M|100/100
|turn|1
|
|t:|1757856465
|move|p2a: Grimmsnarl|Taunt|p1a: Galvantula
|-start|p1a: Galvantula|move: Taunt
|cant|p1a: Galvantula|move: Taunt|Thunder Wave
|
|upkeep
|turn|2
|
|t:|1757856468
|switch|p1a: Enamorus|Enamorus, F|100/100
|move|p2a: Grimmsnarl|Light Screen|p2a: Grimmsnarl
|-sidestart|p2: rekka auto|move: Light Screen
|
|upkeep
|turn|3
|
|t:|1757856476
|move|p2a: Grimmsnarl|Reflect|p2a: Grimmsnarl
|-sidestart|p2: rekka auto|Reflect
|move|p1a: Enamorus|Moonblast|p2a: Grimmsnarl
|-supereffective|p2a: Grimmsnarl
|-damage|p2a: Grimmsnarl|10/100
|
|upkeep
|turn|4
|
|t:|1757856479
|switch|p2a: Gholdengo|Gholdengo|100/100
|move|p1a: Enamorus|Moonblast|p2a: Gholdengo
|-resisted|p2a: Gholdengo
|-damage|p2a: Gholdengo|81/100
|
|upkeep
|turn|5
|
|t:|1757856485
|switch|p1a: Galvantula|Galvantula, M|100/100
|move|p2a: Gholdengo|Nasty Plot|p2a: Gholdengo
|-boost|p2a: Gholdengo|spa|2
|
|upkeep
|turn|6
|
|t:|1757856487
|move|p1a: Galvantula|Sticky Web|p2a: Gholdengo
|-sidestart|p2: rekka auto|move: Sticky Web
|move|p2a: Gholdengo|Nasty Plot|p2a: Gholdengo
|-boost|p2a: Gholdengo|spa|2
|
|upkeep
|turn|7
|
|t:|1757856492
|move|p1a: Galvantula|Light Screen|p1a: Galvantula
|-sidestart|p1: iheartgalvantula|move: Light Screen
|move|p2a: Gholdengo|Shadow Ball|p1a: Galvantula
|-damage|p1a: Galvantula|8/100
|
|upkeep
|turn|8
|
|t:|1757856497
|move|p1a: Galvantula|Energy Ball|p2a: Gholdengo
|-resisted|p2a: Gholdengo
|-damage|p2a: Gholdengo|74/100
|move|p2a: Gholdengo|Shadow Ball|p1a: Galvantula
|-damage|p1a: Galvantula|0 fnt
|faint|p1a: Galvantula
|
|upkeep
|
|t:|1757856504
|switch|p1a: Enamorus|Enamorus, F|100/100
|turn|9
|
|t:|1757856516
|switch|p1a: Raging Bolt|Raging Bolt|100/100
|-enditem|p1a: Raging Bolt|Booster Energy
|-activate|p1a: Raging Bolt|ability: Protosynthesis|[fromitem]
|-start|p1a: Raging Bolt|protosynthesisspa
|switch|p2a: Dragonite|Dragonite, M|100/100
|
|-sideend|p2: rekka auto|move: Light Screen
|upkeep
|turn|10
|
|t:|1757856524
|move|p2a: Dragonite|Scale Shot|p1a: Raging Bolt
|-supereffective|p1a: Raging Bolt
|-damage|p1a: Raging Bolt|77/100
|-supereffective|p1a: Raging Bolt
|-damage|p1a: Raging Bolt|51/100
|-supereffective|p1a: Raging Bolt
|-damage|p1a: Raging Bolt|25/100
|-supereffective|p1a: Raging Bolt
|-damage|p1a: Raging Bolt|1/100
|-hitcount|p1a: Raging Bolt|4
|-unboost|p2a: Dragonite|def|1
|-boost|p2a: Dragonite|spe|1
|move|p1a: Raging Bolt|Dragon Pulse|p2a: Dragonite
|-supereffective|p2a: Dragonite
|-damage|p2a: Dragonite|30/100
|
|-sideend|p2: rekka auto|Reflect
|upkeep
|turn|11
|
|t:|1757856531
|move|p1a: Raging Bolt|Thunderclap|p2a: Dragonite
|-damage|p2a: Dragonite|0 fnt
|faint|p2a: Dragonite
|
|-sideend|p1: iheartgalvantula|move: Light Screen
|upkeep
|
|t:|1757856537
|switch|p2a: Grimmsnarl|Grimmsnarl, M|10/100
|-activate|p2a: Grimmsnarl|move: Sticky Web
|-unboost|p2a: Grimmsnarl|spe|1
|turn|12
|
|t:|1757856542
|move|p2a: Grimmsnarl|Light Screen|p2a: Grimmsnarl
|-sidestart|p2: rekka auto|move: Light Screen
|move|p1a: Raging Bolt|Thunderbolt|p2a: Grimmsnarl
|-damage|p2a: Grimmsnarl|0 fnt
|faint|p2a: Grimmsnarl
|
|upkeep
|
|t:|1757856550
|switch|p2a: Comfey|Comfey, M|100/100
|-activate|p2a: Comfey|move: Sticky Web
|-unboost|p2a: Comfey|spe|1
|turn|13
|
|t:|1757856555
|move|p1a: Raging Bolt|Thunderbolt|p2a: Comfey
|-damage|p2a: Comfey|67/100
|move|p2a: Comfey|Calm Mind|p2a: Comfey
|-boost|p2a: Comfey|spa|1
|-boost|p2a: Comfey|spd|1
|
|upkeep
|turn|14
|
|t:|1757856560
|-end|p1a: Raging Bolt|Protosynthesis|[silent]
|switch|p1a: Ogerpon|Ogerpon-Wellspring, F|100/100
|move|p2a: Comfey|Calm Mind|p2a: Comfey
|-boost|p2a: Comfey|spa|1
|-boost|p2a: Comfey|spd|1
|
|upkeep
|turn|15
|
|t:|1757856567
|-terastallize|p1a: Ogerpon|Water
|detailschange|p1a: Ogerpon|Ogerpon-Wellspring-Tera, F, tera:Water
|-ability|p1a: Ogerpon|Embody Aspect (Wellspring)|boost
|-boost|p1a: Ogerpon|spd|1
|move|p2a: Comfey|Draining Kiss|p1a: Ogerpon
|-damage|p1a: Ogerpon|55/100
|-heal|p2a: Comfey|99/100|[from] drain|[of] p1a: Ogerpon
|-damage|p2a: Comfey|90/100|[from] item: Life Orb
|move|p1a: Ogerpon|Ivy Cudgel|p2a: Comfey|[anim] Ivy Cudgel Water
|-damage|p2a: Comfey|0 fnt
|faint|p2a: Comfey
|
|upkeep
|
|t:|1757856578
|switch|p2a: Okidogi|Okidogi, M|100/100
|-activate|p2a: Okidogi|move: Sticky Web
|-unboost|p2a: Okidogi|spe|1
|turn|16
|inactive|iheartgalvantula has 120 seconds left.
|
|t:|1757856611
|move|p1a: Ogerpon|Swords Dance|p1a: Ogerpon
|-boost|p1a: Ogerpon|atk|2
|move|p2a: Okidogi|Bulk Up|p2a: Okidogi
|-boost|p2a: Okidogi|atk|1
|-boost|p2a: Okidogi|def|1
|
|upkeep
|turn|17
|
|t:|1757856616
|move|p1a: Ogerpon|Ivy Cudgel|p2a: Okidogi|[anim] Ivy Cudgel Water
|-damage|p2a: Okidogi|11/100
|move|p2a: Okidogi|Drain Punch|p1a: Ogerpon
|-damage|p1a: Ogerpon|0 fnt
|-heal|p2a: Okidogi|33/100|[from] drain|[of] p1a: Ogerpon
|faint|p1a: Ogerpon
|detailschange|p1: Ogerpon|Ogerpon-Wellspring, F|[silent]
|
|-heal|p2a: Okidogi|39/100|[from] item: Leftovers
|upkeep
|inactive|iheartgalvantula has 120 seconds left.
|
|t:|1757856632
|switch|p1a: Raging Bolt|Raging Bolt|1/100
|turn|18
|
|t:|1757856636
|move|p1a: Raging Bolt|Thunderbolt|p2a: Okidogi
|-damage|p2a: Okidogi|18/100
|move|p2a: Okidogi|Drain Punch|p1a: Raging Bolt
|-damage|p1a: Raging Bolt|0 fnt
|-heal|p2a: Okidogi|19/100|[from] drain|[of] p1a: Raging Bolt
|faint|p1a: Raging Bolt
|-end|p1a: Raging Bolt|Protosynthesis|[silent]
|
|-heal|p2a: Okidogi|25/100|[from] item: Leftovers
|upkeep
|
|t:|1757856640
|switch|p1a: Kingambit|Kingambit, F|100/100
|-activate|p1a: Kingambit|ability: Supreme Overlord
|-start|p1a: Kingambit|fallen3|[silent]
|turn|19
|
|t:|1757856645
|-end|p1a: Kingambit|fallen3|[silent]
|switch|p1a: Gholdengo|Gholdengo|100/100
|-item|p1a: Gholdengo|Air Balloon
|move|p2a: Okidogi|Drain Punch|p1a: Gholdengo
|-immune|p1a: Gholdengo
|
|-heal|p2a: Okidogi|31/100|[from] item: Leftovers
|-sideend|p2: rekka auto|move: Light Screen
|upkeep
|turn|20
|
|t:|1757856650
|move|p1a: Gholdengo|Psyshock|p2a: Okidogi
|-supereffective|p2a: Okidogi
|-damage|p2a: Okidogi|0 fnt
|faint|p2a: Okidogi
|
|upkeep
|
|t:|1757856657
|switch|p2a: Great Tusk|Great Tusk|100/100
|turn|21
|
|t:|1757856664
|move|p2a: Great Tusk|Ice Spinner|p1a: Gholdengo
|-resisted|p1a: Gholdengo
|-damage|p1a: Gholdengo|85/100
|-enditem|p1a: Gholdengo|Air Balloon
|move|p1a: Gholdengo|Make It Rain|p2a: Great Tusk
|-damage|p2a: Great Tusk|0 fnt
|-unboost|p1a: Gholdengo|spa|1
|faint|p2a: Great Tusk
|-end|p2a: Great Tusk|Protosynthesis|[silent]
|
|upkeep
|
|t:|1757856667
|switch|p2a: Gholdengo|Gholdengo|74/100
|-activate|p2a: Gholdengo|move: Sticky Web
|-unboost|p2a: Gholdengo|spe|1
|turn|22
|
|t:|1757856670
|move|p1a: Gholdengo|Shadow Ball|p2a: Gholdengo
|-supereffective|p2a: Gholdengo
|-damage|p2a: Gholdengo|18/100
|move|p2a: Gholdengo|Nasty Plot|p2a: Gholdengo
|-boost|p2a: Gholdengo|spa|2
|
|upkeep
|turn|23
|-message|rekka auto forfeited.
|
|win|iheartgalvantula
|raw|iheartgalvantula's rating: 1513 &rarr; <strong>1532</strong><br />(+19 for winning)
|raw|rekka auto's rating: 1493 &rarr; <strong>1474</strong><br />(-19 for losing)
|l|☆rekka auto
|player|p2|
|l|☆iheartgalvantula
|player|p1|
