|j|☆kaisadadi
|j|☆Loutre-Monde
|t:|1757939754
|gametype|singles
|player|p1|kaisadadi|steven|1400
|player|p2|Loutre-Monde|hilbert-wonderlauncher|1404
|gen|9
|tier|[Gen 9] OU
|rated|
|rule|HP Percentage Mod: HP is shown in percentages
|rule|Endless Battle Clause: Forcing endless battles is banned
|rule|Species Clause: Limit one of each Pokémon
|rule|OHKO Clause: OHKO moves are banned
|rule|Evasion Items Clause: Evasion items are banned
|rule|Evasion Moves Clause: Evasion moves are banned
|rule|Evasion Abilities Clause: Evasion abilities are banned
|rule|Sleep Moves Clause: Sleep-inducing moves are banned
|clearpoke
|poke|p1|Tyranitar, F|
|poke|p1|Excadrill, F|
|poke|p1|Keldeo-Resolute|
|poke|p1|Tornadus-Therian, M|
|poke|p1|Heatran, F|
|poke|p1|Hydrapple, F|
|poke|p2|Corviknight, M|
|poke|p2|Great Tusk|
|poke|p2|Ceruledge, F|
|poke|p2|Serperior, M|
|poke|p2|Iron Valiant|
|poke|p2|Slowking-Galar, M|
|teampreview
|
|t:|1757939770
|teamsize|p1|6
|teamsize|p2|6
|start
|switch|p1a: Tornadus|Tornadus-Therian, M|100/100
|switch|p2a: Shelly|Slowking-Galar, M|100/100
|turn|1
|
|t:|1757939775
|move|p1a: Tornadus|Taunt|p2a: Shelly
|-start|p2a: Shelly|move: Taunt
|move|p2a: Shelly|Ice Beam|p1a: Tornadus
|-supereffective|p1a: Tornadus
|-damage|p1a: Tornadus|43/100
|
|upkeep
|turn|2
|
|t:|1757939783
|switch|p2a: A Tusk Fall|Great Tusk|100/100
|move|p1a: Tornadus|U-turn|p2a: A Tusk Fall
|-resisted|p2a: A Tusk Fall
|-damage|p2a: A Tusk Fall|96/100
|
|t:|1757939789
|switch|p1a: Keldeo|Keldeo-Resolute|100/100|[from] U-turn
|
|-heal|p2a: A Tusk Fall|100/100|[from] item: Leftovers
|upkeep
|turn|3
|
|t:|1757939793
|-end|p2a: A Tusk Fall|Protosynthesis|[silent]
|switch|p2a: Shelly|Slowking-Galar, M|100/100
|move|p1a: Keldeo|Flip Turn|p2a: Shelly
|-damage|p2a: Shelly|85/100
|
|t:|1757939797
|switch|p1a: Tyranitar|Tyranitar, F|100/100|[from] Flip Turn
|-weather|Sandstorm|[from] ability: Sand Stream|[of] p1a: Tyranitar
|
|-weather|Sandstorm|[upkeep]
|-damage|p2a: Shelly|79/100|[from] Sandstorm
|upkeep
|turn|4
|
|t:|1757939803
|switch|p2a: A Tusk Fall|Great Tusk|100/100
|move|p1a: Tyranitar|Knock Off|p2a: A Tusk Fall
|-resisted|p2a: A Tusk Fall
|-damage|p2a: A Tusk Fall|76/100
|-enditem|p2a: A Tusk Fall|Leftovers|[from] move: Knock Off|[of] p1a: Tyranitar
|
|-weather|Sandstorm|[upkeep]
|upkeep
|turn|5
|
|t:|1757939810
|switch|p1a: Tornadus|Tornadus-Therian, M|76/100
|move|p2a: A Tusk Fall|Stealth Rock|p1a: Tornadus
|-sidestart|p1: kaisadadi|move: Stealth Rock
|
|-weather|Sandstorm|[upkeep]
|-damage|p1a: Tornadus|70/100|[from] Sandstorm
|upkeep
|turn|6
|
|t:|1757939816
|-end|p2a: A Tusk Fall|Protosynthesis|[silent]
|switch|p2a: Shelly|Slowking-Galar, M|100/100
|move|p1a: Tornadus|Bleakwind Storm|p2a: Shelly
|-damage|p2a: Shelly|81/100
|
|-weather|Sandstorm|[upkeep]
|-damage|p1a: Tornadus|64/100|[from] Sandstorm
|-damage|p2a: Shelly|75/100|[from] Sandstorm
|upkeep
|turn|7
|
|t:|1757939838
|move|p1a: Tornadus|Taunt|p2a: Shelly
|-start|p2a: Shelly|move: Taunt
|move|p2a: Shelly|Ice Beam|p1a: Tornadus
|-supereffective|p1a: Tornadus
|-damage|p1a: Tornadus|1/100
|
|-weather|none
|upkeep
|turn|8
|
|t:|1757939848
|switch|p2a: A Tusk Fall|Great Tusk|76/100
|move|p1a: Tornadus|U-turn|p2a: A Tusk Fall
|-resisted|p2a: A Tusk Fall
|-damage|p2a: A Tusk Fall|72/100
|
|t:|1757939853
|switch|p1a: Keldeo|Keldeo-Resolute|100/100|[from] U-turn
|-damage|p1a: Keldeo|94/100|[from] Stealth Rock
|
|upkeep
|turn|9
|
|t:|1757939857
|-end|p2a: A Tusk Fall|Protosynthesis|[silent]
|switch|p2a: Shelly|Slowking-Galar, M|100/100
|-terastallize|p1a: Keldeo|Water
|move|p1a: Keldeo|Surf|p2a: Shelly
|-damage|p2a: Shelly|49/100
|
|upkeep
|turn|10
|
|t:|1757939877
|switch|p2a: A Tusk Fall|Great Tusk|72/100
|move|p1a: Keldeo|Surf|p2a: A Tusk Fall
|-supereffective|p2a: A Tusk Fall
|-damage|p2a: A Tusk Fall|0 fnt
|faint|p2a: A Tusk Fall
|-end|p2a: A Tusk Fall|Protosynthesis|[silent]
|
|upkeep
|
|t:|1757939879
|switch|p2a: Just a Plant|Serperior, M|100/100
|turn|11
|
|t:|1757939886
|switch|p1a: Heatran|Heatran, F|100/100
|-damage|p1a: Heatran|88/100|[from] Stealth Rock
|move|p2a: Just a Plant|Glare|p1a: Heatran
|-status|p1a: Heatran|par
|
|-heal|p1a: Heatran|94/100 par|[from] item: Leftovers
|upkeep
|turn|12
|
|t:|1757939896
|move|p2a: Just a Plant|Substitute|p2a: Just a Plant
|-start|p2a: Just a Plant|Substitute
|-damage|p2a: Just a Plant|75/100
|move|p1a: Heatran|Magma Storm|p2a: Just a Plant
|-supereffective|p2a: Just a Plant
|-end|p2a: Just a Plant|Substitute
|
|-heal|p2a: Just a Plant|82/100|[from] item: Leftovers
|-heal|p1a: Heatran|100/100 par|[from] item: Leftovers
|upkeep
|turn|13
|
|t:|1757939903
|move|p2a: Just a Plant|Substitute|p2a: Just a Plant
|-start|p2a: Just a Plant|Substitute
|-damage|p2a: Just a Plant|57/100
|cant|p1a: Heatran|par
|
|-heal|p2a: Just a Plant|63/100|[from] item: Leftovers
|upkeep
|turn|14
|
|t:|1757939908
|move|p2a: Just a Plant|Leech Seed|p1a: Heatran
|-start|p1a: Heatran|move: Leech Seed
|move|p1a: Heatran|Magma Storm|p2a: Just a Plant
|-supereffective|p2a: Just a Plant
|-end|p2a: Just a Plant|Substitute
|
|-heal|p2a: Just a Plant|69/100|[from] item: Leftovers
|-damage|p1a: Heatran|88/100 par|[from] Leech Seed|[of] p2a: Just a Plant
|-heal|p2a: Just a Plant|85/100|[silent]
|upkeep
|turn|15
|
|t:|1757939916
|switch|p1a: Hydrapple|Hydrapple, F|100/100
|-damage|p1a: Hydrapple|88/100|[from] Stealth Rock
|move|p2a: Just a Plant|Glare|p1a: Hydrapple
|-status|p1a: Hydrapple|par
|
|-heal|p2a: Just a Plant|92/100|[from] item: Leftovers
|upkeep
|turn|16
|
|t:|1757939921
|switch|p2a: Shelly|Slowking-Galar, M|82/100
|move|p1a: Hydrapple|Fickle Beam|p2a: Shelly
|-damage|p2a: Shelly|65/100
|
|upkeep
|turn|17
|
|t:|1757939929
|switch|p1a: Tyranitar|Tyranitar, F|100/100
|-damage|p1a: Tyranitar|88/100|[from] Stealth Rock
|-weather|Sandstorm|[from] ability: Sand Stream|[of] p1a: Tyranitar
|move|p2a: Shelly|Ice Beam|p1a: Tyranitar
|-damage|p1a: Tyranitar|70/100
|
|-weather|Sandstorm|[upkeep]
|-damage|p2a: Shelly|59/100|[from] Sandstorm
|upkeep
|turn|18
|
|t:|1757939940
|switch|p2a: Raven|Corviknight, M|100/100
|-ability|p2a: Raven|Pressure
|move|p1a: Tyranitar|Stone Edge|p2a: Raven
|-damage|p2a: Raven|47/100
|
|-weather|Sandstorm|[upkeep]
|upkeep
|turn|19
|
|t:|1757939951
|move|p1a: Tyranitar|Stone Edge|p2a: Raven
|-damage|p2a: Raven|0 fnt
|faint|p2a: Raven
|
|-weather|Sandstorm|[upkeep]
|upkeep
|
|t:|1757939960
|switch|p2a: Just a Plant|Serperior, M|92/100
|turn|20
|
|t:|1757939963
|move|p2a: Just a Plant|Leaf Storm|p1a: Tyranitar
|-supereffective|p1a: Tyranitar
|-damage|p1a: Tyranitar|9/100
|-boost|p2a: Just a Plant|spa|2
|move|p1a: Tyranitar|Stone Edge|p2a: Just a Plant
|-damage|p2a: Just a Plant|0 fnt
|faint|p2a: Just a Plant
|
|-weather|Sandstorm|[upkeep]
|upkeep
|
|t:|1757939985
|switch|p2a: Gallamecha|Iron Valiant|100/100
|-enditem|p2a: Gallamecha|Booster Energy
|-activate|p2a: Gallamecha|ability: Quark Drive|[fromitem]
|-start|p2a: Gallamecha|quarkdrivespe
|turn|21
|
|t:|1757939990
|move|p2a: Gallamecha|Moonblast|p1a: Tyranitar
|-supereffective|p1a: Tyranitar
|-damage|p1a: Tyranitar|0 fnt
|faint|p1a: Tyranitar
|
|-weather|none
|upkeep
|
|t:|1757940002
|switch|p1a: Tornadus|Tornadus-Therian, M|34/100
|turn|22
|
|t:|1757940009
|switch|p1a: Excadrill|Excadrill, F|100/100
|-damage|p1a: Excadrill|97/100|[from] Stealth Rock
|-item|p1a: Excadrill|Air Balloon
|move|p2a: Gallamecha|Moonblast|p1a: Excadrill
|-resisted|p1a: Excadrill
|-damage|p1a: Excadrill|69/100
|-unboost|p1a: Excadrill|spa|1
|-enditem|p1a: Excadrill|Air Balloon
|
|upkeep
|turn|23
|
|t:|1757940035
|-terastallize|p2a: Gallamecha|Ghost
|move|p2a: Gallamecha|Shadow Ball|p1a: Excadrill
|-damage|p1a: Excadrill|17/100
|move|p1a: Excadrill|Rapid Spin|p2a: Gallamecha
|-immune|p2a: Gallamecha
|
|upkeep
|turn|24
|
|t:|1757940057
|switch|p1a: Heatran|Heatran, F|88/100 par
|-damage|p1a: Heatran|76/100 par|[from] Stealth Rock
|move|p2a: Gallamecha|Shadow Ball|p1a: Heatran
|-damage|p1a: Heatran|50/100 par
|
|-heal|p1a: Heatran|56/100 par|[from] item: Leftovers
|upkeep
|turn|25
|
|t:|1757940064
|move|p2a: Gallamecha|Calm Mind|p2a: Gallamecha
|-boost|p2a: Gallamecha|spa|1
|-boost|p2a: Gallamecha|spd|1
|move|p1a: Heatran|Magma Storm|p2a: Gallamecha
|-damage|p2a: Gallamecha|53/100
|-activate|p2a: Gallamecha|move: Magma Storm|[of] p1a: Heatran
|
|-heal|p1a: Heatran|62/100 par|[from] item: Leftovers
|-damage|p2a: Gallamecha|40/100|[from] move: Magma Storm|[partiallytrapped]
|upkeep
|turn|26
|
|t:|1757940067
|move|p2a: Gallamecha|Shadow Ball|p1a: Heatran
|-damage|p1a: Heatran|21/100 par
|move|p1a: Heatran|Magma Storm|p2a: Gallamecha
|-damage|p2a: Gallamecha|0 fnt
|faint|p2a: Gallamecha
|-end|p2a: Gallamecha|Quark Drive|[silent]
|
|-heal|p1a: Heatran|28/100 par|[from] item: Leftovers
|upkeep
|
|t:|1757940082
|switch|p2a: Excaliburn|Ceruledge, F|100/100
|turn|27
|
|t:|1757940089
|move|p2a: Excaliburn|Swords Dance|p2a: Excaliburn
|-boost|p2a: Excaliburn|atk|2
|move|p1a: Heatran|Earth Power|p2a: Excaliburn
|-supereffective|p2a: Excaliburn
|-damage|p2a: Excaliburn|35/100
|
|-heal|p1a: Heatran|34/100 par|[from] item: Leftovers
|upkeep
|turn|28
|
|t:|1757940097
|move|p2a: Excaliburn|Shadow Sneak|p1a: Heatran
|-damage|p1a: Heatran|0 fnt
|faint|p1a: Heatran
|
|upkeep
|
|t:|1757940099
|switch|p1a: Hydrapple|Hydrapple, F|100/100 par
|-damage|p1a: Hydrapple|88/100 par|[from] Stealth Rock
|turn|29
|
|t:|1757940103
|move|p2a: Excaliburn|Bitter Blade|p1a: Hydrapple
|-damage|p1a: Hydrapple|37/100 par
|-heal|p2a: Excaliburn|72/100|[from] drain|[of] p1a: Hydrapple
|-damage|p2a: Excaliburn|56/100|[from] item: Rocky Helmet|[of] p1a: Hydrapple
|cant|p1a: Hydrapple|par
|
|upkeep
|turn|30
|
|t:|1757940107
|move|p2a: Excaliburn|Bitter Blade|p1a: Hydrapple
|-damage|p1a: Hydrapple|0 fnt
|-heal|p2a: Excaliburn|81/100|[from] drain|[of] p1a: Hydrapple
|-damage|p2a: Excaliburn|65/100|[from] item: Rocky Helmet|[of] p1a: Hydrapple
|faint|p1a: Hydrapple
|
|upkeep
|
|t:|1757940114
|switch|p1a: Keldeo|Keldeo-Resolute, tera:Water|94/100
|-damage|p1a: Keldeo|82/100|[from] Stealth Rock
|turn|31
|
|t:|1757940128
|move|p2a: Excaliburn|Shadow Sneak|p1a: Keldeo
|-damage|p1a: Keldeo|34/100
|move|p1a: Keldeo|Surf|p2a: Excaliburn
|-supereffective|p2a: Excaliburn
|-damage|p2a: Excaliburn|0 fnt
|faint|p2a: Excaliburn
|
|upkeep
|
|t:|1757940131
|switch|p2a: Shelly|Slowking-Galar, M|93/100
|turn|32
|
|t:|1757940144
|move|p1a: Keldeo|Surf|p2a: Shelly
|-damage|p2a: Shelly|43/100
|move|p2a: Shelly|Psyshock|p1a: Keldeo
|-damage|p1a: Keldeo|0 fnt
|faint|p1a: Keldeo
|
|upkeep
|
|t:|1757940147
|switch|p1a: Excadrill|Excadrill, F|17/100
|-damage|p1a: Excadrill|14/100|[from] Stealth Rock
|turn|33
|
|t:|1757940149
|move|p1a: Excadrill|Earthquake|p2a: Shelly
|-supereffective|p2a: Shelly
|-damage|p2a: Shelly|0 fnt
|faint|p2a: Shelly
|
|win|kaisadadi
|raw|kaisadadi's rating: 1400 &rarr; <strong>1420</strong><br />(+20 for winning)
|raw|Loutre-Monde's rating: 1404 &rarr; <strong>1384</strong><br />(-20 for losing)
|l|☆Loutre-Monde
|player|p2|
