|j|☆Kidday
|j|☆16xaya
|t:|1757898639
|gametype|singles
|player|p1|Kidday|101|1340
|player|p2|16xaya|101|1379
|gen|9
|tier|[Gen 9] OU
|rated|
|rule|HP Percentage Mod: HP is shown in percentages
|rule|Endless Battle Clause: Forcing endless battles is banned
|rule|Species Clause: Limit one of each Pokémon
|rule|OHKO Clause: OHKO moves are banned
|rule|Evasion Items Clause: Evasion items are banned
|rule|Evasion Moves Clause: Evasion moves are banned
|rule|Evasion Abilities Clause: Evasion abilities are banned
|rule|Sleep Moves Clause: Sleep-inducing moves are banned
|clearpoke
|poke|p1|Blastoise, M|
|poke|p1|Toxtricity-Low-Key, M|
|poke|p1|Golurk|
|poke|p1|Kingambit, M|
|poke|p1|Magmortar, M|
|poke|p1|Grimmsnarl, M|
|poke|p2|Glimmora, F|
|poke|p2|Ogerpon-Wellspring, F|
|poke|p2|Hatterene, F|
|poke|p2|Iron Moth|
|poke|p2|Dragonite, F|
|poke|p2|Kingambit, F|
|teampreview
|inactive|Battle timer is ON: inactive players will automatically lose when time's up. (requested by 16xaya)
|
|t:|1757898650
|teamsize|p1|6
|teamsize|p2|6
|start
|switch|p1a: Grimmi|Grimmsnarl, M, shiny|100/100
|switch|p2a: Glimmora|Glimmora, F|100/100
|turn|1
|
|t:|1757898667
|move|p1a: Grimmi|Parting Shot|p2a: Glimmora
|-unboost|p2a: Glimmora|atk|1
|-unboost|p2a: Glimmora|spa|1
|
|t:|1757898671
|switch|p1a: DisBiSharp|Kingambit, M, shiny|100/100|[from] Parting Shot
|move|p2a: Glimmora|Power Gem|p1a: DisBiSharp
|-resisted|p1a: DisBiSharp
|-damage|p1a: DisBiSharp|85/100
|
|upkeep
|turn|2
|
|t:|1757898680
|move|p2a: Glimmora|Stealth Rock|p1a: DisBiSharp
|-sidestart|p1: Kidday|move: Stealth Rock
|move|p1a: DisBiSharp|Brick Break|p2a: Glimmora
|-damage|p2a: Glimmora|65/100
|-activate|p2a: Glimmora|ability: Toxic Debris
|-sidestart|p1: Kidday|move: Toxic Spikes
|
|upkeep
|turn|3
|
|t:|1757898688
|move|p2a: Glimmora|Mud Shot|p1a: DisBiSharp
|-supereffective|p1a: DisBiSharp
|-damage|p1a: DisBiSharp|60/100
|-unboost|p1a: DisBiSharp|spe|1
|-enditem|p1a: DisBiSharp|Weakness Policy
|-boost|p1a: DisBiSharp|atk|2|[from] item: Weakness Policy
|-boost|p1a: DisBiSharp|spa|2|[from] item: Weakness Policy
|move|p1a: DisBiSharp|Iron Head|p2a: Glimmora
|-supereffective|p2a: Glimmora
|-damage|p2a: Glimmora|0 fnt
|-activate|p2a: Glimmora|ability: Toxic Debris
|-sidestart|p1: Kidday|move: Toxic Spikes
|faint|p2a: Glimmora
|
|upkeep
|
|t:|1757898700
|switch|p2a: Iron Moth|Iron Moth|100/100
|-enditem|p2a: Iron Moth|Booster Energy
|-activate|p2a: Iron Moth|ability: Quark Drive|[fromitem]
|-start|p2a: Iron Moth|quarkdrivespe
|turn|4
|
|t:|1757898707
|move|p1a: DisBiSharp|Sucker Punch||[still]
|-fail|p1a: DisBiSharp
|move|p2a: Iron Moth|Substitute|p2a: Iron Moth
|-start|p2a: Iron Moth|Substitute
|-damage|p2a: Iron Moth|76/100
|
|upkeep
|turn|5
|
|t:|1757898728
|-end|p1a: DisBiSharp|fallenundefined|[silent]
|switch|p1a: Ruby|Magmortar, M, shiny|100/100
|-damage|p1a: Ruby|76/100|[from] Stealth Rock
|-status|p1a: Ruby|tox
|move|p2a: Iron Moth|Fiery Dance|p1a: Ruby
|-resisted|p1a: Ruby
|-damage|p1a: Ruby|63/100 tox
|
|-damage|p1a: Ruby|56/100 tox|[from] psn
|upkeep
|turn|6
|
|t:|1757898738
|switch|p1a: Toxic💜|Toxtricity-Low-Key, M|100/100
|-damage|p1a: Toxic💜|88/100|[from] Stealth Rock
|-sideend|p1: Kidday|move: Toxic Spikes|[of] p1a: Toxic💜
|move|p2a: Iron Moth|Sludge Wave|p1a: Toxic💜
|-resisted|p1a: Toxic💜
|-damage|p1a: Toxic💜|54/100
|
|upkeep
|turn|7
|
|t:|1757898758
|move|p2a: Iron Moth|Fiery Dance|p1a: Toxic💜
|-damage|p1a: Toxic💜|1/100
|move|p1a: Toxic💜|Overdrive|p2a: Iron Moth
|-damage|p2a: Iron Moth|21/100
|-enditem|p1a: Toxic💜|Throat Spray
|-boost|p1a: Toxic💜|spa|1|[from] item: Throat Spray
|
|upkeep
|turn|8
|
|t:|1757898770
|move|p2a: Iron Moth|Fiery Dance|p1a: Toxic💜
|-damage|p1a: Toxic💜|0 fnt
|-boost|p2a: Iron Moth|spa|1
|faint|p1a: Toxic💜
|
|upkeep
|inactive|Kidday has 120 seconds left.
|
|t:|1757898783
|switch|p1a: Grimmi|Grimmsnarl, M, shiny|100/100
|-damage|p1a: Grimmi|88/100|[from] Stealth Rock
|turn|9
|
|t:|1757898794
|-terastallize|p2a: Iron Moth|Fairy
|move|p1a: Grimmi|Reflect|p1a: Grimmi
|-sidestart|p1: Kidday|Reflect
|move|p2a: Iron Moth|Dazzling Gleam|p1a: Grimmi
|-supereffective|p1a: Grimmi
|-damage|p1a: Grimmi|0 fnt
|faint|p1a: Grimmi
|
|upkeep
|
|t:|1757898799
|switch|p1a: Ruby|Magmortar, M, shiny|56/100 tox
|-damage|p1a: Ruby|32/100 tox|[from] Stealth Rock
|turn|10
|
|t:|1757898805
|move|p2a: Iron Moth|Sludge Wave|p1a: Ruby
|-damage|p1a: Ruby|0 fnt
|faint|p1a: Ruby
|
|upkeep
|
|t:|1757898823
|switch|p1a: Saitama|Golurk, shiny|100/100
|-damage|p1a: Saitama|94/100|[from] Stealth Rock
|turn|11
|
|t:|1757898838
|move|p2a: Iron Moth|Dazzling Gleam|p1a: Saitama
|-damage|p1a: Saitama|31/100
|move|p1a: Saitama|Earthquake|p2a: Iron Moth
|-end|p2a: Iron Moth|Substitute
|
|upkeep
|turn|12
|
|t:|1757898844
|move|p2a: Iron Moth|Dazzling Gleam|p1a: Saitama
|-damage|p1a: Saitama|0 fnt
|faint|p1a: Saitama
|
|upkeep
|
|t:|1757898857
|switch|p1a: BigBlue 💙|Blastoise, M, shiny|100/100
|-damage|p1a: BigBlue 💙|88/100|[from] Stealth Rock
|turn|13
|
|t:|1757898867
|move|p2a: Iron Moth|Dazzling Gleam|p1a: BigBlue 💙
|-damage|p1a: BigBlue 💙|35/100
|move|p1a: BigBlue 💙|Shell Smash|p1a: BigBlue 💙
|-unboost|p1a: BigBlue 💙|def|1
|-unboost|p1a: BigBlue 💙|spd|1
|-boost|p1a: BigBlue 💙|atk|2
|-boost|p1a: BigBlue 💙|spa|2
|-boost|p1a: BigBlue 💙|spe|2
|-enditem|p1a: BigBlue 💙|White Herb
|-clearnegativeboost|p1a: BigBlue 💙|[silent]
|
|upkeep
|turn|14
|
|t:|1757898874
|move|p2a: Iron Moth|Dazzling Gleam|p1a: BigBlue 💙
|-damage|p1a: BigBlue 💙|0 fnt
|faint|p1a: BigBlue 💙
|
|upkeep
|
|t:|1757898879
|switch|p1a: DisBiSharp|Kingambit, M, shiny|60/100
|-damage|p1a: DisBiSharp|54/100|[from] Stealth Rock
|-activate|p1a: DisBiSharp|ability: Supreme Overlord
|-start|p1a: DisBiSharp|fallen5|[silent]
|turn|15
|
|t:|1757898884
|move|p1a: DisBiSharp|Sucker Punch|p2a: Iron Moth
|-resisted|p2a: Iron Moth
|-damage|p2a: Iron Moth|0 fnt
|faint|p2a: Iron Moth
|-end|p2a: Iron Moth|Quark Drive|[silent]
|
|upkeep
|
|t:|1757898886
|switch|p2a: Dragonite|Dragonite, F|100/100
|turn|16
|
|t:|1757898892
|move|p2a: Dragonite|Encore|p1a: DisBiSharp
|-start|p1a: DisBiSharp|Encore
|move|p1a: DisBiSharp|Sucker Punch||[still]
|-fail|p1a: DisBiSharp
|
|-sideend|p1: Kidday|Reflect
|upkeep
|turn|17
|
|t:|1757898898
|move|p1a: DisBiSharp|Sucker Punch|p2a: Dragonite
|-damage|p2a: Dragonite|66/100
|move|p2a: Dragonite|Earthquake|p1a: DisBiSharp
|-supereffective|p1a: DisBiSharp
|-damage|p1a: DisBiSharp|0 fnt
|faint|p1a: DisBiSharp
|-end|p1a: DisBiSharp|fallen5|[silent]
|
|win|16xaya
|raw|Kidday's rating: 1340 &rarr; <strong>1322</strong><br />(-18 for losing)
|raw|16xaya's rating: 1379 &rarr; <strong>1397</strong><br />(+18 for winning)
|l|☆Kidday
|player|p1|
|c|☆16xaya|gg
|l|☆16xaya
|player|p2|
