|j|☆Carpe Toadem
|j|☆leezee-yy
|t:|1757914240
|gametype|singles
|player|p1|Carpe Toadem|blue|1449
|player|p2|leezee-yy|steven|1498
|gen|9
|tier|[Gen 9] OU
|rated|
|rule|HP Percentage Mod: HP is shown in percentages
|rule|Endless Battle Clause: Forcing endless battles is banned
|rule|Species Clause: Limit one of each Pokémon
|rule|OHKO Clause: OHKO moves are banned
|rule|Evasion Items Clause: Evasion items are banned
|rule|Evasion Moves Clause: Evasion moves are banned
|rule|Evasion Abilities Clause: Evasion abilities are banned
|rule|Sleep Moves Clause: Sleep-inducing moves are banned
|clearpoke
|poke|p1|Glimmora, F|
|poke|p1|Dragapult, M|
|poke|p1|Moltres|
|poke|p1|Hippowdon, F|
|poke|p1|Goodra-Hisui, M|
|poke|p1|Rillaboom, F|
|poke|p2|Zapdos|
|poke|p2|Gengar, F|
|poke|p2|Metagross|
|poke|p2|Conkeldurr, F|
|poke|p2|Meowscarada, F|
|poke|p2|Zamazenta-*|
|teampreview
|inactive|Battle timer is ON: inactive players will automatically lose when time's up. (requested by Carpe Toadem)
|inactive|leezee-yy also wants the timer to be on.
|
|t:|1757914249
|teamsize|p1|6
|teamsize|p2|6
|start
|switch|p1a: Rillaboom|Rillaboom, F|100/100
|switch|p2a: Metagross|Metagross|100/100
|-fieldstart|move: Grassy Terrain|[from] ability: Grassy Surge|[of] p1a: Rillaboom
|turn|1
|
|t:|1757914253
|switch|p2a: Zapdos|Zapdos|100/100
|move|p1a: Rillaboom|U-turn|p2a: Zapdos
|-resisted|p2a: Zapdos
|-damage|p2a: Zapdos|92/100
|-damage|p1a: Rillaboom|84/100|[from] item: Rocky Helmet|[of] p2a: Zapdos
|
|t:|1757914256
|switch|p1a: Glimmora|Glimmora, F|100/100|[from] U-turn
|
|upkeep
|turn|2
|
|t:|1757914264
|switch|p2a: Gengar|Gengar, F|100/100
|move|p1a: Glimmora|Power Gem|p2a: Gengar
|-damage|p2a: Gengar|34/100
|
|-heal|p2a: Gengar|40/100|[from] Grassy Terrain
|upkeep
|turn|3
|
|t:|1757914269
|switch|p1a: Goodra|Goodra-Hisui, M|100/100
|move|p2a: Gengar|Shadow Ball|p1a: Goodra
|-damage|p1a: Goodra|79/100
|
|-heal|p2a: Gengar|46/100|[from] Grassy Terrain
|-heal|p1a: Goodra|85/100|[from] Grassy Terrain
|upkeep
|turn|4
|
|t:|1757914273
|switch|p2a: Zapdos|Zapdos|92/100
|move|p1a: Goodra|Ice Beam|p2a: Zapdos
|-supereffective|p2a: Zapdos
|-damage|p2a: Zapdos|31/100
|
|-heal|p1a: Goodra|91/100|[from] Grassy Terrain
|upkeep
|turn|5
|
|t:|1757914277
|move|p2a: Zapdos|Roost|p2a: Zapdos
|-heal|p2a: Zapdos|81/100
|-singleturn|p2a: Zapdos|move: Roost
|move|p1a: Goodra|Draco Meteor|p2a: Zapdos
|-damage|p2a: Zapdos|14/100
|-unboost|p1a: Goodra|spa|2
|
|-heal|p2a: Zapdos|20/100|[from] Grassy Terrain
|-heal|p1a: Goodra|97/100|[from] Grassy Terrain
|-fieldend|move: Grassy Terrain
|upkeep
|turn|6
|
|t:|1757914281
|move|p2a: Zapdos|Roost|p2a: Zapdos
|-heal|p2a: Zapdos|70/100
|-singleturn|p2a: Zapdos|move: Roost
|move|p1a: Goodra|Earthquake|p2a: Zapdos
|-supereffective|p2a: Zapdos
|-damage|p2a: Zapdos|37/100
|
|upkeep
|turn|7
|
|t:|1757914286
|switch|p1a: Dragapult|Dragapult, M|100/100
|move|p2a: Zapdos|Roost|p2a: Zapdos
|-heal|p2a: Zapdos|87/100
|-singleturn|p2a: Zapdos|move: Roost
|
|upkeep
|turn|8
|
|t:|1757914291
|switch|p1a: Rillaboom|Rillaboom, F|84/100
|-fieldstart|move: Grassy Terrain|[from] ability: Grassy Surge|[of] p1a: Rillaboom
|move|p2a: Zapdos|U-turn|p1a: Rillaboom
|-supereffective|p1a: Rillaboom
|-damage|p1a: Rillaboom|52/100
|
|t:|1757914300
|switch|p2a: Meowscarada|Meowscarada, F|100/100|[from] U-turn
|
|-heal|p1a: Rillaboom|59/100|[from] Grassy Terrain
|upkeep
|turn|9
|
|t:|1757914304
|switch|p2a: Zamazenta|Zamazenta|100/100
|-ability|p2a: Zamazenta|Dauntless Shield|boost
|-boost|p2a: Zamazenta|def|1
|switch|p1a: Moltres|Moltres|100/100
|
|upkeep
|turn|10
|inactive|leezee-yy has 120 seconds left.
|
|t:|1757914347
|move|p2a: Zamazenta|Stone Edge|p1a: Moltres
|-supereffective|p1a: Moltres
|-damage|p1a: Moltres|16/100
|move|p1a: Moltres|Hurricane|p2a: Zamazenta
|-supereffective|p2a: Zamazenta
|-damage|p2a: Zamazenta|43/100
|
|-heal|p2a: Zamazenta|49/100|[from] Grassy Terrain
|upkeep
|turn|11
|
|t:|1757914358
|switch|p1a: Hippowdon|Hippowdon, F|100/100
|-weather|Sandstorm|[from] ability: Sand Stream|[of] p1a: Hippowdon
|move|p2a: Zamazenta|Crunch|p1a: Hippowdon
|-damage|p1a: Hippowdon|86/100
|-damage|p2a: Zamazenta|32/100|[from] item: Rocky Helmet|[of] p1a: Hippowdon
|
|-weather|Sandstorm|[upkeep]
|-damage|p2a: Zamazenta|26/100|[from] Sandstorm
|-heal|p2a: Zamazenta|32/100|[from] Grassy Terrain
|-heal|p1a: Hippowdon|93/100|[from] Grassy Terrain
|upkeep
|turn|12
|inactive|leezee-yy has 90 seconds left.
|
|t:|1757914398
|switch|p2a: Meowscarada|Meowscarada, F|100/100
|move|p1a: Hippowdon|Sand Tomb|p2a: Meowscarada
|-resisted|p2a: Meowscarada
|-damage|p2a: Meowscarada|91/100
|-activate|p2a: Meowscarada|move: Sand Tomb|[of] p1a: Hippowdon
|
|-weather|Sandstorm|[upkeep]
|-damage|p2a: Meowscarada|85/100|[from] Sandstorm
|-heal|p2a: Meowscarada|91/100|[from] Grassy Terrain
|-heal|p1a: Hippowdon|99/100|[from] Grassy Terrain
|-damage|p2a: Meowscarada|78/100|[from] move: Sand Tomb|[partiallytrapped]
|-fieldend|move: Grassy Terrain
|upkeep
|turn|13
|inactive|leezee-yy has 90 seconds left.
|
|t:|1757914405
|switch|p1a: Moltres|Moltres|16/100
|move|p2a: Meowscarada|Flower Trick|p1a: Moltres
|-start|p2a: Meowscarada|typechange|Grass|[from] ability: Protean
|-resisted|p1a: Moltres
|-crit|p1a: Moltres
|-damage|p1a: Moltres|3/100
|
|-weather|Sandstorm|[upkeep]
|-damage|p2a: Meowscarada|72/100|[from] Sandstorm
|-damage|p1a: Moltres|0 fnt|[from] Sandstorm
|faint|p1a: Moltres
|-end|p2a: Meowscarada|Sand Tomb|[partiallytrapped]|[silent]
|upkeep
|
|t:|1757914408
|switch|p1a: Glimmora|Glimmora, F|100/100
|turn|14
|
|t:|1757914411
|switch|p2a: Metagross|Metagross|100/100
|move|p1a: Glimmora|Stealth Rock|p2a: Metagross
|-sidestart|p2: leezee-yy|move: Stealth Rock
|
|-weather|Sandstorm|[upkeep]
|upkeep
|turn|15
|
|t:|1757914416
|move|p1a: Glimmora|Earth Power|p2a: Metagross
|-supereffective|p2a: Metagross
|-damage|p2a: Metagross|33/100
|move|p2a: Metagross|Psychic Fangs|p1a: Glimmora
|-supereffective|p1a: Glimmora
|-enditem|p1a: Glimmora|Focus Sash
|-damage|p1a: Glimmora|1/100
|-activate|p1a: Glimmora|ability: Toxic Debris
|-sidestart|p2: leezee-yy|move: Toxic Spikes
|
|-weather|none
|-heal|p2a: Metagross|39/100|[from] item: Leftovers
|upkeep
|turn|16
|
|t:|1757914421
|move|p2a: Metagross|Bullet Punch|p1a: Glimmora
|-supereffective|p1a: Glimmora
|-damage|p1a: Glimmora|0 fnt
|-activate|p1a: Glimmora|ability: Toxic Debris
|-sidestart|p2: leezee-yy|move: Toxic Spikes
|faint|p1a: Glimmora
|
|-heal|p2a: Metagross|45/100|[from] item: Leftovers
|upkeep
|
|t:|1757914425
|switch|p1a: Hippowdon|Hippowdon, F|99/100
|-weather|Sandstorm|[from] ability: Sand Stream|[of] p1a: Hippowdon
|turn|17
|inactive|leezee-yy has 120 seconds left.
|inactive|leezee-yy has 90 seconds left.
|inactive|leezee-yy has 60 seconds left.
|
|t:|1757914508
|switch|p2a: Conkeldurr|Conkeldurr, F|100/100
|-damage|p2a: Conkeldurr|94/100|[from] Stealth Rock
|-status|p2a: Conkeldurr|tox
|move|p1a: Hippowdon|Sand Tomb|p2a: Conkeldurr
|-damage|p2a: Conkeldurr|83/100 tox
|-activate|p2a: Conkeldurr|move: Sand Tomb|[of] p1a: Hippowdon
|
|-weather|Sandstorm|[upkeep]
|-damage|p2a: Conkeldurr|77/100 tox|[from] Sandstorm
|-heal|p2a: Conkeldurr|83/100 tox|[from] item: Leftovers
|-damage|p2a: Conkeldurr|77/100 tox|[from] psn
|-damage|p2a: Conkeldurr|64/100 tox|[from] move: Sand Tomb|[partiallytrapped]
|upkeep
|turn|18
|
|t:|1757914515
|move|p2a: Conkeldurr|Defog|p1a: Hippowdon
|-unboost|p1a: Hippowdon|evasion|1
|-sideend|p2: leezee-yy|Toxic Spikes|[from] move: Defog|[of] p2a: Conkeldurr
|-sideend|p2: leezee-yy|Stealth Rock|[from] move: Defog|[of] p2a: Conkeldurr
|move|p1a: Hippowdon|Whirlwind|p2a: Conkeldurr
|drag|p2a: Meowscarada|Meowscarada, F|72/100
|
|-weather|Sandstorm|[upkeep]
|-damage|p2a: Meowscarada|66/100|[from] Sandstorm
|upkeep
|turn|19
|inactive|leezee-yy has 60 seconds left.
|
|t:|1757914537
|-terastallize|p1a: Hippowdon|Poison
|move|p2a: Meowscarada|Triple Axel|p1a: Hippowdon
|-start|p2a: Meowscarada|typechange|Ice|[from] ability: Protean
|-damage|p1a: Hippowdon|91/100
|-damage|p2a: Meowscarada|50/100|[from] item: Rocky Helmet|[of] p1a: Hippowdon
|-damage|p1a: Hippowdon|77/100
|-damage|p2a: Meowscarada|33/100|[from] item: Rocky Helmet|[of] p1a: Hippowdon
|-damage|p1a: Hippowdon|55/100
|-damage|p2a: Meowscarada|16/100|[from] item: Rocky Helmet|[of] p1a: Hippowdon
|-hitcount|p1a: Hippowdon|3
|move|p1a: Hippowdon|Ice Fang|p2a: Meowscarada
|-resisted|p2a: Meowscarada
|-damage|p2a: Meowscarada|4/100
|
|-weather|Sandstorm|[upkeep]
|-damage|p2a: Meowscarada|0 fnt|[from] Sandstorm
|-damage|p1a: Hippowdon|49/100|[from] Sandstorm
|faint|p2a: Meowscarada
|upkeep
|
|t:|1757914547
|switch|p2a: Gengar|Gengar, F|46/100
|turn|20
|
|t:|1757914553
|move|p2a: Gengar|Shadow Ball|p1a: Hippowdon
|-damage|p1a: Hippowdon|0 fnt
|faint|p1a: Hippowdon
|
|-weather|Sandstorm|[upkeep]
|-damage|p2a: Gengar|40/100|[from] Sandstorm
|upkeep
|
|t:|1757914556
|switch|p1a: Goodra|Goodra-Hisui, M|97/100
|turn|21
|
|t:|1757914562
|move|p2a: Gengar|Focus Blast|p1a: Goodra
|-supereffective|p1a: Goodra
|-damage|p1a: Goodra|59/100
|move|p1a: Goodra|Flash Cannon|p2a: Gengar
|-damage|p2a: Gengar|0 fnt
|faint|p2a: Gengar
|
|-weather|none
|upkeep
|
|t:|1757914567
|switch|p2a: Zamazenta|Zamazenta|32/100
|turn|22
|
|t:|1757914573
|switch|p1a: Dragapult|Dragapult, M|100/100
|move|p2a: Zamazenta|Close Combat|p1a: Dragapult
|-immune|p1a: Dragapult
|
|upkeep
|turn|23
|inactive|leezee-yy has 90 seconds left.
|
|t:|1757914594
|switch|p2a: Conkeldurr|Conkeldurr, F|64/100 tox
|move|p1a: Dragapult|Will-O-Wisp||[still]
|-fail|p1a: Dragapult
|
|-heal|p2a: Conkeldurr|70/100 tox|[from] item: Leftovers
|-damage|p2a: Conkeldurr|64/100 tox|[from] psn
|upkeep
|turn|24
|
|t:|1757914604
|move|p1a: Dragapult|U-turn|p2a: Conkeldurr
|-resisted|p2a: Conkeldurr
|-damage|p2a: Conkeldurr|56/100 tox
|
|t:|1757914606
|switch|p1a: Rillaboom|Rillaboom, F|59/100|[from] U-turn
|-fieldstart|move: Grassy Terrain|[from] ability: Grassy Surge|[of] p1a: Rillaboom
|move|p2a: Conkeldurr|Ice Punch|p1a: Rillaboom
|-supereffective|p1a: Rillaboom
|-damage|p1a: Rillaboom|0 fnt
|faint|p1a: Rillaboom
|
|-heal|p2a: Conkeldurr|62/100 tox|[from] Grassy Terrain
|-heal|p2a: Conkeldurr|68/100 tox|[from] item: Leftovers
|-damage|p2a: Conkeldurr|56/100 tox|[from] psn
|upkeep
|
|t:|1757914607
|switch|p1a: Dragapult|Dragapult, M|100/100
|turn|25
|
|t:|1757914612
|-terastallize|p2a: Conkeldurr|Steel
|move|p1a: Dragapult|Hex|p2a: Conkeldurr
|-damage|p2a: Conkeldurr|0 fnt
|faint|p2a: Conkeldurr
|
|upkeep
|
|t:|1757914618
|switch|p2a: Zamazenta|Zamazenta|32/100
|turn|26
|
|t:|1757914620
|move|p1a: Dragapult|Will-O-Wisp|p2a: Zamazenta
|-status|p2a: Zamazenta|brn
|move|p2a: Zamazenta|Crunch|p1a: Dragapult
|-supereffective|p1a: Dragapult
|-damage|p1a: Dragapult|65/100
|
|-heal|p1a: Dragapult|71/100|[from] Grassy Terrain
|-heal|p2a: Zamazenta|39/100 brn|[from] Grassy Terrain
|-damage|p2a: Zamazenta|32/100 brn|[from] brn
|upkeep
|turn|27
|
|t:|1757914626
|move|p1a: Dragapult|Hex|p2a: Zamazenta
|-damage|p2a: Zamazenta|3/100 brn
|move|p2a: Zamazenta|Crunch|p1a: Dragapult
|-supereffective|p1a: Dragapult
|-crit|p1a: Dragapult
|-damage|p1a: Dragapult|16/100
|
|-heal|p1a: Dragapult|22/100|[from] Grassy Terrain
|-heal|p2a: Zamazenta|9/100 brn|[from] Grassy Terrain
|-damage|p2a: Zamazenta|3/100 brn|[from] brn
|upkeep
|turn|28
|
|t:|1757914630
|switch|p2a: Zapdos|Zapdos|87/100
|move|p1a: Dragapult|Dragon Darts|p2a: Zapdos
|-damage|p2a: Zapdos|73/100
|-anim|p1a: Dragapult|Dragon Darts|p2a: Zapdos
|-damage|p2a: Zapdos|58/100
|
|-heal|p1a: Dragapult|28/100|[from] Grassy Terrain
|-fieldend|move: Grassy Terrain
|upkeep
|turn|29
|
|t:|1757914635
|switch|p1a: Goodra|Goodra-Hisui, M|59/100
|move|p2a: Zapdos|Discharge|p1a: Goodra
|-resisted|p1a: Goodra
|-damage|p1a: Goodra|51/100
|
|upkeep
|turn|30
|
|t:|1757914641
|move|p2a: Zapdos|Roost|p2a: Zapdos
|-heal|p2a: Zapdos|100/100
|-singleturn|p2a: Zapdos|move: Roost
|move|p1a: Goodra|Ice Beam|p2a: Zapdos
|-damage|p2a: Zapdos|73/100
|-status|p2a: Zapdos|frz
|
|upkeep
|turn|31
|
|t:|1757914648
|cant|p2a: Zapdos|frz
|move|p1a: Goodra|Ice Beam|p2a: Zapdos
|-supereffective|p2a: Zapdos
|-damage|p2a: Zapdos|8/100 frz
|
|upkeep
|turn|32
|
|t:|1757914650
|cant|p2a: Zapdos|frz
|move|p1a: Goodra|Earthquake|p2a: Zapdos
|-immune|p2a: Zapdos
|
|upkeep
|turn|33
|
|t:|1757914653
|cant|p2a: Zapdos|frz
|move|p1a: Goodra|Ice Beam|p2a: Zapdos
|-supereffective|p2a: Zapdos
|-damage|p2a: Zapdos|0 fnt
|faint|p2a: Zapdos
|
|upkeep
|
|t:|1757914658
|switch|p2a: Zamazenta|Zamazenta|3/100 brn
|turn|34
|
|t:|1757914663
|switch|p1a: Dragapult|Dragapult, M|28/100
|move|p2a: Zamazenta|Crunch|p1a: Dragapult
|-supereffective|p1a: Dragapult
|-damage|p1a: Dragapult|0 fnt
|faint|p1a: Dragapult
|
|-damage|p2a: Zamazenta|0 fnt|[from] brn
|faint|p2a: Zamazenta
|upkeep
|
|t:|1757914667
|switch|p1a: Goodra|Goodra-Hisui, M|51/100
|switch|p2a: Metagross|Metagross|45/100
|turn|35
|
|t:|1757914670
|move|p2a: Metagross|Knock Off|p1a: Goodra
|-damage|p1a: Goodra|17/100
|-ability|p1a: Goodra|Gooey
|-fail|p2a: Metagross|unboost|[from] ability: Clear Body|[of] p2a: Metagross
|-enditem|p1a: Goodra|Assault Vest|[from] move: Knock Off|[of] p2a: Metagross
|move|p1a: Goodra|Earthquake|p2a: Metagross
|-supereffective|p2a: Metagross
|-damage|p2a: Metagross|11/100
|
|-heal|p2a: Metagross|17/100|[from] item: Leftovers
|upkeep
|turn|36
|
|t:|1757914682
|move|p2a: Metagross|Knock Off|p1a: Goodra
|-damage|p1a: Goodra|0 fnt
|-ability|p1a: Goodra|Gooey
|-fail|p2a: Metagross|unboost|[from] ability: Clear Body|[of] p2a: Metagross
|faint|p1a: Goodra
|
|win|leezee-yy
|raw|Carpe Toadem's rating: 1449 &rarr; <strong>1432</strong><br />(-17 for losing)
|raw|leezee-yy's rating: 1498 &rarr; <strong>1515</strong><br />(+17 for winning)
|c|☆Carpe Toadem|Gg
|c|☆Carpe Toadem|Wp
|l|☆Carpe Toadem
|player|p1|
|l|☆leezee-yy
|player|p2|
