|j|☆Chuck2025
|j|☆prueba156
|t:|1757833008
|gametype|singles
|player|p1|Chuck2025|dawn|1163
|player|p2|prueba156|juan|1221
|gen|9
|tier|[Gen 9] OU
|rated|
|rule|HP Percentage Mod: HP is shown in percentages
|rule|Endless Battle Clause: Forcing endless battles is banned
|rule|Species Clause: Limit one of each Pokémon
|rule|OHKO Clause: OHKO moves are banned
|rule|Evasion Items Clause: Evasion items are banned
|rule|Evasion Moves Clause: Evasion moves are banned
|rule|Evasion Abilities Clause: Evasion abilities are banned
|rule|Sleep Moves Clause: Sleep-inducing moves are banned
|clearpoke
|poke|p1|Dragonite, F|
|poke|p1|Swampert, M|
|poke|p1|Snorlax, M|
|poke|p1|Iron Hands|
|poke|p1|Zamazenta-*|
|poke|p1|Zapdos|
|poke|p2|Arcanine-Hisui, F|
|poke|p2|Rillaboom, M|
|poke|p2|Kingambit, M|
|poke|p2|Great Tusk|
|poke|p2|Zapdos|
|poke|p2|Iron Boulder|
|teampreview
|inactive|Battle timer is ON: inactive players will automatically lose when time's up. (requested by Chuck2025)
|
|t:|1757833019
|teamsize|p1|6
|teamsize|p2|6
|start
|switch|p1a: Zapdos|Zapdos|100/100
|switch|p2a: Rillaboom|Rillaboom, M|100/100
|-fieldstart|move: Grassy Terrain|[from] ability: Grassy Surge|[of] p2a: Rillaboom
|turn|1
|
|t:|1757833033
|move|p2a: Rillaboom|Knock Off|p1a: Zapdos
|-damage|p1a: Zapdos|40/100
|-status|p2a: Rillaboom|par|[from] ability: Static|[of] p1a: Zapdos
|-enditem|p1a: Zapdos|Heavy-Duty Boots|[from] move: Knock Off|[of] p2a: Rillaboom
|move|p1a: Zapdos|Drill Peck|p2a: Rillaboom
|-supereffective|p2a: Rillaboom
|-damage|p2a: Rillaboom|39/100 par
|
|-heal|p2a: Rillaboom|45/100 par|[from] Grassy Terrain
|upkeep
|turn|2
|
|t:|1757833045
|switch|p2a: Zapdos|Zapdos|100/100
|move|p1a: Zapdos|Roost|p1a: Zapdos
|-heal|p1a: Zapdos|90/100
|-singleturn|p1a: Zapdos|move: Roost
|
|-heal|p1a: Zapdos|96/100|[from] Grassy Terrain
|upkeep
|turn|3
|
|t:|1757833055
|switch|p1a: Swampert|Swampert, M|100/100
|move|p2a: Zapdos|Volt Switch|p1a: Swampert
|-immune|p1a: Swampert
|
|upkeep
|turn|4
|
|t:|1757833067
|move|p2a: Zapdos|Hurricane|p1a: Swampert|[miss]
|-miss|p2a: Zapdos|p1a: Swampert
|move|p1a: Swampert|Ice Beam|p2a: Zapdos
|-supereffective|p2a: Zapdos
|-damage|p2a: Zapdos|54/100
|
|upkeep
|turn|5
|
|t:|1757833075
|move|p2a: Zapdos|Roost|p2a: Zapdos
|-heal|p2a: Zapdos|100/100
|-singleturn|p2a: Zapdos|move: Roost
|move|p1a: Swampert|Ice Beam|p2a: Zapdos
|-damage|p2a: Zapdos|75/100
|
|-heal|p2a: Zapdos|81/100|[from] Grassy Terrain
|-fieldend|move: Grassy Terrain
|upkeep
|turn|6
|
|t:|1757833085
|move|p2a: Zapdos|Hurricane|p1a: Swampert
|-damage|p1a: Swampert|56/100
|move|p1a: Swampert|Ice Beam|p2a: Zapdos
|-supereffective|p2a: Zapdos
|-damage|p2a: Zapdos|35/100
|
|upkeep
|turn|7
|
|t:|1757833095
|move|p2a: Zapdos|Hurricane|p1a: Swampert
|-damage|p1a: Swampert|16/100
|-start|p1a: Swampert|confusion
|-activate|p1a: Swampert|confusion
|move|p1a: Swampert|Ice Beam|p2a: Zapdos
|-supereffective|p2a: Zapdos
|-damage|p2a: Zapdos|0 fnt
|faint|p2a: Zapdos
|
|upkeep
|
|t:|1757833101
|switch|p2a: Iron Boulder|Iron Boulder|100/100
|-enditem|p2a: Iron Boulder|Booster Energy
|-activate|p2a: Iron Boulder|ability: Quark Drive|[fromitem]
|-start|p2a: Iron Boulder|quarkdrivespe
|turn|8
|
|t:|1757833113
|move|p2a: Iron Boulder|Mighty Cleave|p1a: Swampert
|-resisted|p1a: Swampert
|-crit|p1a: Swampert
|-damage|p1a: Swampert|0 fnt
|faint|p1a: Swampert
|
|upkeep
|inactive|Chuck2025 has 120 seconds left.
|
|t:|1757833143
|switch|p1a: Dragonite|Dragonite, F|100/100
|turn|9
|
|t:|1757833170
|move|p2a: Iron Boulder|Mighty Cleave|p1a: Dragonite
|-supereffective|p1a: Dragonite
|-damage|p1a: Dragonite|49/100
|move|p1a: Dragonite|Earthquake|p2a: Iron Boulder
|-supereffective|p2a: Iron Boulder
|-damage|p2a: Iron Boulder|0 fnt
|faint|p2a: Iron Boulder
|-end|p2a: Iron Boulder|Quark Drive|[silent]
|
|upkeep
|
|t:|1757833176
|switch|p2a: Arcanine|Arcanine-Hisui, F|100/100
|turn|10
|
|t:|1757833194
|move|p1a: Dragonite|Extreme Speed|p2a: Arcanine
|-resisted|p2a: Arcanine
|-crit|p2a: Arcanine
|-damage|p2a: Arcanine|72/100
|move|p2a: Arcanine|Head Smash|p1a: Dragonite
|-supereffective|p1a: Dragonite
|-crit|p1a: Dragonite
|-damage|p1a: Dragonite|0 fnt
|faint|p1a: Dragonite
|
|upkeep
|inactive|Chuck2025 has 120 seconds left.
|
|t:|1757833216
|switch|p1a: Snorlax|Snorlax, M, shiny|100/100
|turn|11
|
|t:|1757833226
|move|p2a: Arcanine|Head Smash|p1a: Snorlax
|-damage|p1a: Snorlax|21/100
|-damage|p2a: Arcanine|55/100|[from] item: Rocky Helmet|[of] p1a: Snorlax
|move|p1a: Snorlax|Earthquake|p2a: Arcanine
|-supereffective|p2a: Arcanine
|-damage|p2a: Arcanine|0 fnt
|faint|p2a: Arcanine
|
|upkeep
|
|t:|1757833229
|switch|p2a: Great Tusk|Great Tusk|100/100
|turn|12
|inactive|Chuck2025 has 120 seconds left.
|
|t:|1757833254
|-terastallize|p1a: Snorlax|Ghost
|move|p2a: Great Tusk|Ice Spinner|p1a: Snorlax
|-damage|p1a: Snorlax|1/100
|-damage|p2a: Great Tusk|84/100|[from] item: Rocky Helmet|[of] p1a: Snorlax
|move|p1a: Snorlax|Ice Beam|p2a: Great Tusk
|-supereffective|p2a: Great Tusk
|-damage|p2a: Great Tusk|28/100
|
|upkeep
|turn|13
|inactive|Chuck2025 has 120 seconds left.
|
|t:|1757833263
|move|p2a: Great Tusk|Ice Spinner|p1a: Snorlax
|-damage|p1a: Snorlax|0 fnt
|-damage|p2a: Great Tusk|12/100|[from] item: Rocky Helmet|[of] p1a: Snorlax
|faint|p1a: Snorlax
|
|upkeep
|inactive|Chuck2025 has 120 seconds left.
|
|t:|1757833275
|switch|p1a: Zamazenta|Zamazenta|100/100
|-ability|p1a: Zamazenta|Dauntless Shield|boost
|-boost|p1a: Zamazenta|def|1
|turn|14
|inactive|Chuck2025 has 120 seconds left.
|
|t:|1757833284
|move|p1a: Zamazenta|Body Press|p2a: Great Tusk
|-damage|p2a: Great Tusk|0 fnt
|faint|p2a: Great Tusk
|-end|p2a: Great Tusk|Protosynthesis|[silent]
|
|upkeep
|
|t:|1757833288
|switch|p2a: Kingambit|Kingambit, M|100/100
|-activate|p2a: Kingambit|ability: Supreme Overlord
|-start|p2a: Kingambit|fallen4|[silent]
|turn|15
|
|t:|1757833293
|-terastallize|p2a: Kingambit|Ghost
|move|p1a: Zamazenta|Body Press|p2a: Kingambit
|-immune|p2a: Kingambit
|move|p2a: Kingambit|Swords Dance|p2a: Kingambit
|-boost|p2a: Kingambit|atk|2
|
|upkeep
|turn|16
|
|t:|1757833301
|move|p1a: Zamazenta|Crunch|p2a: Kingambit
|-supereffective|p2a: Kingambit
|-damage|p2a: Kingambit|54/100
|move|p2a: Kingambit|Kowtow Cleave|p1a: Zamazenta
|-resisted|p1a: Zamazenta
|-damage|p1a: Zamazenta|63/100
|
|-heal|p2a: Kingambit|60/100|[from] item: Leftovers
|upkeep
|turn|17
|
|t:|1757833310
|move|p1a: Zamazenta|Crunch|p2a: Kingambit
|-supereffective|p2a: Kingambit
|-damage|p2a: Kingambit|14/100
|move|p2a: Kingambit|Kowtow Cleave|p1a: Zamazenta
|-resisted|p1a: Zamazenta
|-damage|p1a: Zamazenta|29/100
|
|-heal|p2a: Kingambit|20/100|[from] item: Leftovers
|upkeep
|turn|18
|
|t:|1757833319
|move|p2a: Kingambit|Sucker Punch|p1a: Zamazenta
|-resisted|p1a: Zamazenta
|-damage|p1a: Zamazenta|0 fnt
|faint|p1a: Zamazenta
|
|-heal|p2a: Kingambit|26/100|[from] item: Leftovers
|upkeep
|
|t:|1757833336
|switch|p1a: Iron Hands|Iron Hands, shiny|100/100
|turn|19
|
|t:|1757833357
|move|p2a: Kingambit|Iron Head|p1a: Iron Hands
|-resisted|p1a: Iron Hands
|-damage|p1a: Iron Hands|58/100
|-damage|p2a: Kingambit|10/100|[from] item: Rocky Helmet|[of] p1a: Iron Hands
|move|p1a: Iron Hands|Heavy Slam|p2a: Kingambit
|-damage|p2a: Kingambit|0 fnt
|faint|p2a: Kingambit
|-end|p2a: Kingambit|fallen4|[silent]
|
|upkeep
|
|t:|1757833362
|switch|p2a: Rillaboom|Rillaboom, M|45/100 par
|-fieldstart|move: Grassy Terrain|[from] ability: Grassy Surge|[of] p2a: Rillaboom
|turn|20
|
|t:|1757833370
|move|p1a: Iron Hands|Drain Punch|p2a: Rillaboom
|-damage|p2a: Rillaboom|0 fnt
|-heal|p1a: Iron Hands|73/100|[from] drain|[of] p2a: Rillaboom
|faint|p2a: Rillaboom
|
|win|Chuck2025
|raw|Chuck2025's rating: 1163 &rarr; <strong>1192</strong><br />(+29 for winning)
|raw|prueba156's rating: 1221 &rarr; <strong>1192</strong><br />(-29 for losing)
|l|☆prueba156
|player|p2|
|l|☆Chuck2025
|player|p1|
