|j|☆HawluchaLuchadores
|j|☆ChaosKoko
|t:|1757816441
|gametype|singles
|player|p1|HawluchaLuchadores|bruno|
|player|p2|ChaosKoko|2|
|gen|9
|tier|[Gen 9] OU
|rule|HP Percentage Mod: HP is shown in percentages
|rule|Endless Battle Clause: Forcing endless battles is banned
|rule|Species Clause: Limit one of each Pokémon
|rule|OHKO Clause: OHKO moves are banned
|rule|Evasion Items Clause: Evasion items are banned
|rule|Evasion Moves Clause: Evasion moves are banned
|rule|Evasion Abilities Clause: Evasion abilities are banned
|rule|Sleep Moves Clause: Sleep-inducing moves are banned
|clearpoke
|poke|p1|Manaphy|
|poke|p1|Slither Wing|
|poke|p1|Cresselia, F|
|poke|p1|Dragapult, M|
|poke|p1|Enamorus, F|
|poke|p1|Rhyperior, F|
|poke|p2|Kyurem|
|poke|p2|Zamazenta-*|
|poke|p2|Arcanine-Hisui, F|
|poke|p2|Articuno-Galar|
|poke|p2|Quagsire, M|
|poke|p2|Volcanion|
|teampreview
|
|t:|1757816454
|teamsize|p1|6
|teamsize|p2|6
|start
|switch|p1a: Manaphy|Manaphy|100/100
|switch|p2a: Quagsire|Quagsire, M|100/100
|turn|1
|
|t:|1757816464
|move|p1a: Manaphy|Tail Glow|p1a: Manaphy
|-boost|p1a: Manaphy|spa|3
|move|p2a: Quagsire|Toxic|p1a: Manaphy|[miss]
|-miss|p2a: Quagsire|p1a: Manaphy
|
|upkeep
|turn|2
|
|t:|1757816473
|move|p1a: Manaphy|Ice Beam|p2a: Quagsire
|-damage|p2a: Quagsire|0 fnt
|faint|p2a: Quagsire
|-damage|p1a: Manaphy|91/100|[from] item: Life Orb
|
|upkeep
|
|t:|1757816480
|switch|p2a: Kyurem|Kyurem|100/100
|-ability|p2a: Kyurem|Pressure
|turn|3
|
|t:|1757816486
|-terastallize|p2a: Kyurem|Ice
|move|p2a: Kyurem|Freeze-Dry|p1a: Manaphy
|-supereffective|p1a: Manaphy
|-damage|p1a: Manaphy|0 fnt
|faint|p1a: Manaphy
|
|upkeep
|
|t:|1757816512
|switch|p1a: Cresselia|Cresselia, F|100/100
|turn|4
|
|t:|1757816520
|switch|p2a: Articuno|Articuno-Galar|100/100
|move|p1a: Cresselia|Trick Room|p1a: Cresselia
|-fieldstart|move: Trick Room|[of] p1a: Cresselia
|
|upkeep
|turn|5
|
|t:|1757816543
|move|p1a: Cresselia|Shadow Ball|p2a: Articuno
|-supereffective|p2a: Articuno
|-crit|p2a: Articuno
|-damage|p2a: Articuno|38/100
|move|p2a: Articuno|Shadow Ball|p1a: Cresselia
|-supereffective|p1a: Cresselia
|-damage|p1a: Cresselia|70/100
|-unboost|p1a: Cresselia|spd|1
|
|-heal|p1a: Cresselia|76/100|[from] item: Leftovers
|upkeep
|turn|6
|
|t:|1757816576
|switch|p2a: Arcanine|Arcanine-Hisui, F|100/100
|-item|p2a: Arcanine|Air Balloon
|move|p1a: Cresselia|Shadow Ball|p2a: Arcanine
|-crit|p2a: Arcanine
|-damage|p2a: Arcanine|66/100
|-unboost|p2a: Arcanine|spd|1
|-enditem|p2a: Arcanine|Air Balloon
|
|-heal|p1a: Cresselia|82/100|[from] item: Leftovers
|upkeep
|turn|7
|
|t:|1757816621
|switch|p1a: Rhyperior|Rhyperior, F|100/100
|move|p2a: Arcanine|Head Smash|p1a: Rhyperior
|-resisted|p1a: Rhyperior
|-damage|p1a: Rhyperior|81/100
|
|upkeep
|turn|8
|
|t:|1757816630
|switch|p2a: Zamazenta|Zamazenta|100/100
|-ability|p2a: Zamazenta|Dauntless Shield|boost
|-boost|p2a: Zamazenta|def|1
|move|p1a: Rhyperior|Earthquake|p2a: Zamazenta
|-damage|p2a: Zamazenta|55/100
|-damage|p1a: Rhyperior|71/100|[from] item: Life Orb
|
|-fieldend|move: Trick Room
|upkeep
|turn|9
|
|t:|1757816654
|switch|p1a: Cresselia|Cresselia, F|82/100
|move|p2a: Zamazenta|Play Rough|p1a: Cresselia
|-damage|p1a: Cresselia|66/100
|-unboost|p1a: Cresselia|atk|1
|
|-heal|p1a: Cresselia|73/100|[from] item: Leftovers
|upkeep
|turn|10
|
|t:|1757816678
|switch|p2a: Kyurem|Kyurem, tera:Ice|100/100
|-ability|p2a: Kyurem|Pressure
|move|p1a: Cresselia|Psyshock|p2a: Kyurem
|-damage|p2a: Kyurem|68/100
|
|-heal|p1a: Cresselia|79/100|[from] item: Leftovers
|upkeep
|turn|11
|
|t:|1757816707
|move|p2a: Kyurem|Shadow Ball|p1a: Cresselia
|-supereffective|p1a: Cresselia
|-damage|p1a: Cresselia|40/100
|move|p1a: Cresselia|Trick Room|p1a: Cresselia
|-fieldstart|move: Trick Room|[of] p1a: Cresselia
|
|-heal|p1a: Cresselia|46/100|[from] item: Leftovers
|upkeep
|turn|12
|
|t:|1757816830
|switch|p1a: Rhyperior|Rhyperior, F|71/100
|move|p2a: Kyurem|Shadow Ball|p1a: Rhyperior
|-damage|p1a: Rhyperior|36/100
|
|upkeep
|turn|13
|
|t:|1757816850
|switch|p2a: Zamazenta|Zamazenta|55/100
|move|p1a: Rhyperior|Iron Head|p2a: Zamazenta
|-damage|p2a: Zamazenta|22/100
|-damage|p1a: Rhyperior|27/100|[from] item: Life Orb
|
|upkeep
|turn|14
|
|t:|1757816861
|move|p1a: Rhyperior|Earthquake|p2a: Zamazenta
|-damage|p2a: Zamazenta|0 fnt
|faint|p2a: Zamazenta
|-damage|p1a: Rhyperior|17/100|[from] item: Life Orb
|
|upkeep
|
|t:|1757816897
|switch|p2a: Arcanine|Arcanine-Hisui, F|66/100
|turn|15
|
|t:|1757816908
|switch|p2a: Articuno|Articuno-Galar|38/100
|move|p1a: Rhyperior|Earthquake|p2a: Articuno
|-immune|p2a: Articuno
|
|-fieldend|move: Trick Room
|upkeep
|turn|16
|
|t:|1757816946
|switch|p1a: Dragapult|Dragapult, M|100/100
|move|p2a: Articuno|Shadow Ball|p1a: Dragapult
|-supereffective|p1a: Dragapult
|-damage|p1a: Dragapult|39/100
|
|upkeep
|turn|17
|
|t:|1757816960
|move|p1a: Dragapult|Sucker Punch|p2a: Articuno
|-supereffective|p2a: Articuno
|-damage|p2a: Articuno|0 fnt
|faint|p2a: Articuno
|
|upkeep
|
|t:|1757816993
|switch|p2a: Volcanion|Volcanion|100/100
|turn|18
|
|t:|1757817019
|switch|p1a: Cresselia|Cresselia, F|46/100
|move|p2a: Volcanion|Steam Eruption|p1a: Cresselia
|-damage|p1a: Cresselia|9/100
|-status|p1a: Cresselia|brn
|
|-heal|p1a: Cresselia|15/100 brn|[from] item: Leftovers
|-damage|p1a: Cresselia|9/100 brn|[from] brn
|upkeep
|turn|19
|
|t:|1757817038
|move|p2a: Volcanion|Protect|p2a: Volcanion
|-singleturn|p2a: Volcanion|Protect
|move|p1a: Cresselia|Trick Room|p1a: Cresselia
|-fieldstart|move: Trick Room|[of] p1a: Cresselia
|
|-heal|p1a: Cresselia|15/100 brn|[from] item: Leftovers
|-damage|p1a: Cresselia|9/100 brn|[from] brn
|upkeep
|turn|20
|
|t:|1757817047
|switch|p1a: Rhyperior|Rhyperior, F|17/100
|move|p2a: Volcanion|Steam Eruption|p1a: Rhyperior
|-supereffective|p1a: Rhyperior
|-damage|p1a: Rhyperior|0 fnt
|faint|p1a: Rhyperior
|
|upkeep
|
|t:|1757817100
|switch|p1a: Cresselia|Cresselia, F|9/100 brn
|turn|21
|
|t:|1757817120
|move|p1a: Cresselia|Psyshock|p2a: Volcanion
|-damage|p2a: Volcanion|74/100
|move|p2a: Volcanion|Flamethrower|p1a: Cresselia
|-damage|p1a: Cresselia|0 fnt
|faint|p1a: Cresselia
|
|-heal|p2a: Volcanion|80/100|[from] item: Leftovers
|upkeep
|
|t:|1757817127
|switch|p1a: Slither Wing|Slither Wing|100/100
|-enditem|p1a: Slither Wing|Booster Energy
|-activate|p1a: Slither Wing|ability: Protosynthesis|[fromitem]
|-start|p1a: Slither Wing|protosynthesisatk
|turn|22
|
|t:|1757817136
|move|p2a: Volcanion|Protect|p2a: Volcanion
|-singleturn|p2a: Volcanion|Protect
|move|p1a: Slither Wing|Wild Charge|p2a: Volcanion
|-activate|p2a: Volcanion|move: Protect
|
|-heal|p2a: Volcanion|86/100|[from] item: Leftovers
|upkeep
|turn|23
|
|t:|1757817149
|switch|p2a: Arcanine|Arcanine-Hisui, F|66/100
|move|p1a: Slither Wing|Wild Charge|p2a: Arcanine
|-damage|p2a: Arcanine|23/100
|-damage|p1a: Slither Wing|89/100|[from] Recoil
|
|-fieldend|move: Trick Room
|upkeep
|turn|24
|
|t:|1757817278
|-end|p1a: Slither Wing|Protosynthesis|[silent]
|switch|p1a: Dragapult|Dragapult, M|39/100
|move|p2a: Arcanine|Flare Blitz|p1a: Dragapult
|-resisted|p1a: Dragapult
|-damage|p1a: Dragapult|7/100
|
|upkeep
|turn|25
|
|t:|1757817357
|switch|p2a: Volcanion|Volcanion|86/100
|move|p1a: Dragapult|Dragon Darts|p2a: Volcanion
|-crit|p2a: Volcanion
|-damage|p2a: Volcanion|51/100
|-anim|p1a: Dragapult|Dragon Darts|p2a: Volcanion
|-damage|p2a: Volcanion|27/100
|
|-heal|p2a: Volcanion|33/100|[from] item: Leftovers
|upkeep
|turn|26
|
|t:|1757817369
|move|p2a: Volcanion|Protect|p2a: Volcanion
|-singleturn|p2a: Volcanion|Protect
|move|p1a: Dragapult|Dragon Darts|p2a: Volcanion
|-activate|p2a: Volcanion|move: Protect
|
|-heal|p2a: Volcanion|39/100|[from] item: Leftovers
|upkeep
|turn|27
|
|t:|1757817377
|move|p1a: Dragapult|Dragon Darts|p2a: Volcanion
|-damage|p2a: Volcanion|17/100
|-anim|p1a: Dragapult|Dragon Darts|p2a: Volcanion
|-damage|p2a: Volcanion|0 fnt
|faint|p2a: Volcanion
|
|upkeep
|
|t:|1757817385
|switch|p2a: Kyurem|Kyurem, tera:Ice|68/100
|-ability|p2a: Kyurem|Pressure
|turn|28
|
|t:|1757817393
|move|p1a: Dragapult|Dragon Darts|p2a: Kyurem
|-damage|p2a: Kyurem|47/100
|-anim|p1a: Dragapult|Dragon Darts|p2a: Kyurem
|-damage|p2a: Kyurem|23/100
|move|p2a: Kyurem|Shadow Ball|p1a: Dragapult
|-supereffective|p1a: Dragapult
|-damage|p1a: Dragapult|0 fnt
|faint|p1a: Dragapult
|
|upkeep
|
|t:|1757817403
|switch|p1a: Enamorus|Enamorus, F|100/100
|turn|29
|
|t:|1757817408
|switch|p2a: Arcanine|Arcanine-Hisui, F|23/100
|-terastallize|p1a: Enamorus|Stellar
|move|p1a: Enamorus|Tera Blast|p2a: Arcanine|[anim] Tera Blast Stellar
|-damage|p2a: Arcanine|0 fnt
|-boost|p1a: Enamorus|atk|1
|-boost|p1a: Enamorus|spa|1
|faint|p2a: Arcanine
|
|upkeep
|
|t:|1757817419
|switch|p2a: Kyurem|Kyurem, tera:Ice|23/100
|-ability|p2a: Kyurem|Pressure
|turn|30
|
|t:|1757817424
|move|p2a: Kyurem|Freeze-Dry|p1a: Enamorus
|-supereffective|p1a: Enamorus
|-enditem|p1a: Enamorus|Focus Sash
|-damage|p1a: Enamorus|1/100
|move|p1a: Enamorus|Tera Blast|p2a: Kyurem|[anim] Tera Blast Stellar
|-supereffective|p2a: Kyurem
|-damage|p2a: Kyurem|0 fnt
|-boost|p1a: Enamorus|atk|1
|-boost|p1a: Enamorus|spa|1
|faint|p2a: Kyurem
|
|win|HawluchaLuchadores
|c|☆HawluchaLuchadores|GG
|c|☆ChaosKoko|Gg
