|j|☆Abby Syclette
|j|☆findmyhair
|t:|1757806401
|gametype|singles
|player|p1|Abby Syclette|266|1226
|player|p2|findmyhair|acetrainercouple|1196
|gen|9
|tier|[Gen 9] OU
|rated|
|rule|HP Percentage Mod: HP is shown in percentages
|rule|Endless Battle Clause: Forcing endless battles is banned
|rule|Species Clause: Limit one of each Pokémon
|rule|OHKO Clause: OHKO moves are banned
|rule|Evasion Items Clause: Evasion items are banned
|rule|Evasion Moves Clause: Evasion moves are banned
|rule|Evasion Abilities Clause: Evasion abilities are banned
|rule|Sleep Moves Clause: Sleep-inducing moves are banned
|clearpoke
|poke|p1|Gliscor, F|
|poke|p1|Walking Wake|
|poke|p1|Zamazenta-*|
|poke|p1|Gholdengo|
|poke|p1|Pecharunt|
|poke|p1|Hoopa-Unbound|
|poke|p2|Cresselia, F|
|poke|p2|Slowking-Galar, M|
|poke|p2|Iron Hands|
|poke|p2|Ursaluna, M|
|poke|p2|Crawdaunt, M|
|poke|p2|Klefki, M|
|teampreview
|inactive|Battle timer is ON: inactive players will automatically lose when time's up. (requested by findmyhair)
|
|t:|1757806414
|teamsize|p1|6
|teamsize|p2|6
|start
|switch|p1a: Walking Wake|Walking Wake|100/100
|switch|p2a: Klefki|Klefki, M|100/100
|-enditem|p1a: Walking Wake|Booster Energy
|-activate|p1a: Walking Wake|ability: Protosynthesis|[fromitem]
|-start|p1a: Walking Wake|protosynthesisspe
|turn|1
|
|t:|1757806425
|-terastallize|p1a: Walking Wake|Fire
|move|p2a: Klefki|Light Screen|p2a: Klefki
|-sidestart|p2: findmyhair|move: Light Screen
|move|p1a: Walking Wake|Flamethrower|p2a: Klefki
|-supereffective|p2a: Klefki
|-damage|p2a: Klefki|45/100
|
|upkeep
|turn|2
|
|t:|1757806437
|move|p2a: Klefki|Light Screen||[still]
|-fail|p2a: Klefki
|move|p1a: Walking Wake|Flamethrower|p2a: Klefki
|-supereffective|p2a: Klefki
|-damage|p2a: Klefki|0 fnt
|faint|p2a: Klefki
|
|upkeep
|
|t:|1757806444
|switch|p2a: Slowking|Slowking-Galar, M|100/100
|turn|3
|
|t:|1757806452
|move|p1a: Walking Wake|Hydro Steam|p2a: Slowking
|-damage|p2a: Slowking|84/100
|move|p2a: Slowking|Trick Room|p2a: Slowking
|-fieldstart|move: Trick Room|[of] p2a: Slowking
|
|-heal|p2a: Slowking|90/100|[from] item: Black Sludge
|upkeep
|turn|4
|
|t:|1757806464
|-end|p1a: Walking Wake|Protosynthesis|[silent]
|switch|p1a: Pecharunt|Pecharunt|100/100
|move|p2a: Slowking|Nasty Plot|p2a: Slowking
|-boost|p2a: Slowking|spa|2
|
|-heal|p2a: Slowking|96/100|[from] item: Black Sludge
|upkeep
|turn|5
|
|t:|1757806471
|move|p2a: Slowking|Fire Blast|p1a: Pecharunt
|-damage|p1a: Pecharunt|10/100
|move|p1a: Pecharunt|Shadow Ball|p2a: Slowking
|-supereffective|p2a: Slowking
|-damage|p2a: Slowking|69/100
|-unboost|p2a: Slowking|spd|1
|
|-heal|p2a: Slowking|75/100|[from] item: Black Sludge
|upkeep
|turn|6
|j| GruesomeLovelies
|
|t:|1757806484
|switch|p1a: Walking Wake|Walking Wake, tera:Fire|100/100
|move|p2a: Slowking|Fire Blast|p1a: Walking Wake
|-resisted|p1a: Walking Wake
|-damage|p1a: Walking Wake|55/100
|
|-heal|p2a: Slowking|81/100|[from] item: Black Sludge
|upkeep
|turn|7
|
|t:|1757806500
|move|p2a: Slowking|Nasty Plot|p2a: Slowking
|-boost|p2a: Slowking|spa|2
|move|p1a: Walking Wake|Flamethrower|p2a: Slowking
|-damage|p2a: Slowking|57/100
|
|-heal|p2a: Slowking|63/100|[from] item: Black Sludge
|-fieldend|move: Trick Room
|upkeep
|turn|8
|
|t:|1757806507
|move|p1a: Walking Wake|Flamethrower|p2a: Slowking
|-damage|p2a: Slowking|37/100
|move|p2a: Slowking|Trick Room|p2a: Slowking
|-fieldstart|move: Trick Room|[of] p2a: Slowking
|
|-heal|p2a: Slowking|43/100|[from] item: Black Sludge
|-sideend|p2: findmyhair|move: Light Screen
|upkeep
|turn|9
|
|t:|1757806513
|move|p2a: Slowking|Fire Blast|p1a: Walking Wake
|-resisted|p1a: Walking Wake
|-damage|p1a: Walking Wake|0 fnt
|faint|p1a: Walking Wake
|-end|p1a: Walking Wake|Protosynthesis|[silent]
|
|-heal|p2a: Slowking|49/100|[from] item: Black Sludge
|upkeep
|
|t:|1757806524
|switch|p1a: Gliscor|Gliscor, F|100/100
|turn|10
|
|t:|1757806528
|move|p1a: Gliscor|Protect|p1a: Gliscor
|-singleturn|p1a: Gliscor|Protect
|move|p2a: Slowking|Nasty Plot|p2a: Slowking
|-boost|p2a: Slowking|spa|2
|
|-heal|p2a: Slowking|55/100|[from] item: Black Sludge
|-status|p1a: Gliscor|tox|[from] item: Toxic Orb
|upkeep
|turn|11
|
|t:|1757806555
|switch|p1a: Zamazenta|Zamazenta|100/100
|-ability|p1a: Zamazenta|Dauntless Shield|boost
|-boost|p1a: Zamazenta|def|1
|move|p2a: Slowking|Fire Blast|p1a: Zamazenta
|-damage|p1a: Zamazenta|0 fnt
|faint|p1a: Zamazenta
|
|-heal|p2a: Slowking|61/100|[from] item: Black Sludge
|upkeep
|
|t:|1757806565
|switch|p1a: Gliscor|Gliscor, F|100/100 tox
|turn|12
|
|t:|1757806571
|move|p1a: Gliscor|Protect|p1a: Gliscor
|-singleturn|p1a: Gliscor|Protect
|move|p2a: Slowking|Sludge Bomb|p1a: Gliscor
|-activate|p1a: Gliscor|move: Protect
|
|-heal|p2a: Slowking|67/100|[from] item: Black Sludge
|-fieldend|move: Trick Room
|upkeep
|turn|13
|
|t:|1757806578
|move|p1a: Gliscor|Substitute|p1a: Gliscor
|-start|p1a: Gliscor|Substitute
|-damage|p1a: Gliscor|76/100 tox
|move|p2a: Slowking|Trick Room|p2a: Slowking
|-fieldstart|move: Trick Room|[of] p2a: Slowking
|
|-heal|p2a: Slowking|73/100|[from] item: Black Sludge
|-heal|p1a: Gliscor|88/100 tox|[from] ability: Poison Heal
|upkeep
|turn|14
|
|t:|1757806590
|move|p2a: Slowking|Fire Blast|p1a: Gliscor
|-end|p1a: Gliscor|Substitute
|move|p1a: Gliscor|Earthquake|p2a: Slowking
|-supereffective|p2a: Slowking
|-crit|p2a: Slowking
|-damage|p2a: Slowking|0 fnt
|faint|p2a: Slowking
|
|-heal|p1a: Gliscor|100/100 tox|[from] ability: Poison Heal
|upkeep
|
|t:|1757806600
|switch|p2a: Iron Hands|Iron Hands|100/100
|turn|15
|
|t:|1757806605
|move|p1a: Gliscor|Protect|p1a: Gliscor
|-singleturn|p1a: Gliscor|Protect
|move|p2a: Iron Hands|Ice Punch|p1a: Gliscor
|-activate|p1a: Gliscor|move: Protect
|
|upkeep
|turn|16
|
|t:|1757806615
|-end|p2a: Iron Hands|Quark Drive|[silent]
|switch|p2a: Cresselia|Cresselia, F|100/100
|switch|p1a: Gholdengo|Gholdengo|100/100
|-item|p1a: Gholdengo|Air Balloon
|
|upkeep
|turn|17
|
|t:|1757806622
|move|p2a: Cresselia|Psychic|p1a: Gholdengo
|-resisted|p1a: Gholdengo
|-damage|p1a: Gholdengo|87/100
|-enditem|p1a: Gholdengo|Air Balloon
|move|p1a: Gholdengo|Shadow Ball|p2a: Cresselia
|-supereffective|p2a: Cresselia
|-damage|p2a: Cresselia|46/100
|
|-fieldend|move: Trick Room
|upkeep
|turn|18
|
|t:|1757806632
|move|p1a: Gholdengo|Nasty Plot|p1a: Gholdengo
|-boost|p1a: Gholdengo|spa|2
|move|p2a: Cresselia|Trick Room|p2a: Cresselia
|-fieldstart|move: Trick Room|[of] p2a: Cresselia
|
|upkeep
|turn|19
|
|t:|1757806641
|switch|p2a: Ursaluna|Ursaluna, M|100/100
|move|p1a: Gholdengo|Shadow Ball|p2a: Ursaluna
|-immune|p2a: Ursaluna
|
|-status|p2a: Ursaluna|brn|[from] item: Flame Orb
|upkeep
|turn|20
|
|t:|1757806650
|move|p2a: Ursaluna|Earthquake|p1a: Gholdengo
|-supereffective|p1a: Gholdengo
|-damage|p1a: Gholdengo|0 fnt
|faint|p1a: Gholdengo
|
|-damage|p2a: Ursaluna|94/100 brn|[from] brn
|upkeep
|
|t:|1757806656
|switch|p1a: Gliscor|Gliscor, F|100/100 tox
|turn|21
|
|t:|1757806658
|move|p1a: Gliscor|Protect|p1a: Gliscor
|-singleturn|p1a: Gliscor|Protect
|move|p2a: Ursaluna|Swords Dance|p2a: Ursaluna
|-boost|p2a: Ursaluna|atk|2
|
|-damage|p2a: Ursaluna|88/100 brn|[from] brn
|upkeep
|turn|22
|
|t:|1757806668
|switch|p1a: Hoopa|Hoopa-Unbound|100/100
|move|p2a: Ursaluna|Facade|p1a: Hoopa
|-damage|p1a: Hoopa|0 fnt
|faint|p1a: Hoopa
|
|-damage|p2a: Ursaluna|82/100 brn|[from] brn
|-fieldend|move: Trick Room
|upkeep
|
|t:|1757806681
|switch|p1a: Pecharunt|Pecharunt|10/100
|turn|23
|
|t:|1757806684
|move|p1a: Pecharunt|Malignant Chain|p2a: Ursaluna
|-resisted|p2a: Ursaluna
|-damage|p2a: Ursaluna|64/100 brn
|move|p2a: Ursaluna|Earthquake|p1a: Pecharunt
|-supereffective|p1a: Pecharunt
|-damage|p1a: Pecharunt|0 fnt
|faint|p1a: Pecharunt
|
|-damage|p2a: Ursaluna|58/100 brn|[from] brn
|upkeep
|
|t:|1757806692
|switch|p1a: Gliscor|Gliscor, F|100/100 tox
|turn|24
|
|t:|1757806695
|move|p1a: Gliscor|Substitute|p1a: Gliscor
|-start|p1a: Gliscor|Substitute
|-damage|p1a: Gliscor|76/100 tox
|move|p2a: Ursaluna|Facade|p1a: Gliscor
|-end|p1a: Gliscor|Substitute
|
|-heal|p1a: Gliscor|88/100 tox|[from] ability: Poison Heal
|-damage|p2a: Ursaluna|52/100 brn|[from] brn
|upkeep
|turn|25
|
|t:|1757806704
|move|p1a: Gliscor|Protect|p1a: Gliscor
|-singleturn|p1a: Gliscor|Protect
|move|p2a: Ursaluna|Facade|p1a: Gliscor
|-activate|p1a: Gliscor|move: Protect
|
|-heal|p1a: Gliscor|100/100 tox|[from] ability: Poison Heal
|-damage|p2a: Ursaluna|46/100 brn|[from] brn
|upkeep
|turn|26
|
|t:|1757806713
|move|p1a: Gliscor|Substitute|p1a: Gliscor
|-start|p1a: Gliscor|Substitute
|-damage|p1a: Gliscor|76/100 tox
|move|p2a: Ursaluna|Facade|p1a: Gliscor
|-end|p1a: Gliscor|Substitute
|
|-heal|p1a: Gliscor|88/100 tox|[from] ability: Poison Heal
|-damage|p2a: Ursaluna|39/100 brn|[from] brn
|upkeep
|turn|27
|
|t:|1757806725
|move|p1a: Gliscor|Protect|p1a: Gliscor
|-singleturn|p1a: Gliscor|Protect
|move|p2a: Ursaluna|Facade|p1a: Gliscor
|-activate|p1a: Gliscor|move: Protect
|
|-heal|p1a: Gliscor|100/100 tox|[from] ability: Poison Heal
|-damage|p2a: Ursaluna|33/100 brn|[from] brn
|upkeep
|turn|28
|
|t:|1757806734
|move|p1a: Gliscor|Substitute|p1a: Gliscor
|-start|p1a: Gliscor|Substitute
|-damage|p1a: Gliscor|76/100 tox
|move|p2a: Ursaluna|Facade|p1a: Gliscor
|-end|p1a: Gliscor|Substitute
|
|-heal|p1a: Gliscor|88/100 tox|[from] ability: Poison Heal
|-damage|p2a: Ursaluna|27/100 brn|[from] brn
|upkeep
|turn|29
|
|t:|1757806744
|move|p1a: Gliscor|Protect|p1a: Gliscor
|-singleturn|p1a: Gliscor|Protect
|move|p2a: Ursaluna|Facade|p1a: Gliscor
|-activate|p1a: Gliscor|move: Protect
|
|-heal|p1a: Gliscor|100/100 tox|[from] ability: Poison Heal
|-damage|p2a: Ursaluna|21/100 brn|[from] brn
|upkeep
|turn|30
|
|t:|1757806753
|switch|p2a: Cresselia|Cresselia, F|46/100
|move|p1a: Gliscor|Substitute|p1a: Gliscor
|-start|p1a: Gliscor|Substitute
|-damage|p1a: Gliscor|76/100 tox
|
|-heal|p1a: Gliscor|88/100 tox|[from] ability: Poison Heal
|upkeep
|turn|31
|
|t:|1757806760
|-terastallize|p2a: Cresselia|Fairy
|move|p1a: Gliscor|Toxic|p2a: Cresselia
|-status|p2a: Cresselia|tox
|move|p2a: Cresselia|Trick Room|p2a: Cresselia
|-fieldstart|move: Trick Room|[of] p2a: Cresselia
|
|-damage|p2a: Cresselia|40/100 tox|[from] psn
|-heal|p1a: Gliscor|100/100 tox|[from] ability: Poison Heal
|upkeep
|turn|32
|
|t:|1757806771
|move|p1a: Gliscor|Protect|p1a: Gliscor
|-singleturn|p1a: Gliscor|Protect
|move|p2a: Cresselia|Lunar Blessing|p2a: Cresselia
|-heal|p2a: Cresselia|65/100 tox
|-curestatus|p2a: Cresselia|tox|[msg]
|
|upkeep
|turn|33
|
|t:|1757806782
|move|p2a: Cresselia|Ice Beam|p1a: Gliscor
|-supereffective|p1a: Gliscor
|-end|p1a: Gliscor|Substitute
|move|p1a: Gliscor|Toxic|p2a: Cresselia
|-status|p2a: Cresselia|tox
|
|-damage|p2a: Cresselia|59/100 tox|[from] psn
|upkeep
|turn|34
|
|t:|1757806790
|move|p1a: Gliscor|Protect|p1a: Gliscor
|-singleturn|p1a: Gliscor|Protect
|move|p2a: Cresselia|Lunar Blessing|p2a: Cresselia
|-heal|p2a: Cresselia|84/100 tox
|-curestatus|p2a: Cresselia|tox|[msg]
|
|upkeep
|turn|35
|
|t:|1757806801
|move|p2a: Cresselia|Ice Beam|p1a: Gliscor
|-supereffective|p1a: Gliscor
|-damage|p1a: Gliscor|16/100 tox
|move|p1a: Gliscor|Toxic|p2a: Cresselia
|-status|p2a: Cresselia|tox
|
|-damage|p2a: Cresselia|78/100 tox|[from] psn
|-heal|p1a: Gliscor|29/100 tox|[from] ability: Poison Heal
|-fieldend|move: Trick Room
|upkeep
|turn|36
|
|t:|1757806810
|move|p1a: Gliscor|Substitute|p1a: Gliscor
|-start|p1a: Gliscor|Substitute
|-damage|p1a: Gliscor|4/100 tox
|move|p2a: Cresselia|Trick Room|p2a: Cresselia
|-fieldstart|move: Trick Room|[of] p2a: Cresselia
|
|-damage|p2a: Cresselia|66/100 tox|[from] psn
|-heal|p1a: Gliscor|16/100 tox|[from] ability: Poison Heal
|upkeep
|turn|37
|
|t:|1757806817
|move|p2a: Cresselia|Ice Beam|p1a: Gliscor
|-supereffective|p1a: Gliscor
|-end|p1a: Gliscor|Substitute
|move|p1a: Gliscor|Earthquake|p2a: Cresselia
|-immune|p2a: Cresselia|[from] ability: Levitate
|
|-damage|p2a: Cresselia|48/100 tox|[from] psn
|-heal|p1a: Gliscor|29/100 tox|[from] ability: Poison Heal
|upkeep
|turn|38
|
|t:|1757806827
|move|p2a: Cresselia|Lunar Blessing|p2a: Cresselia
|-heal|p2a: Cresselia|73/100 tox
|-curestatus|p2a: Cresselia|tox|[msg]
|move|p1a: Gliscor|Substitute|p1a: Gliscor
|-start|p1a: Gliscor|Substitute
|-damage|p1a: Gliscor|4/100 tox
|
|-heal|p1a: Gliscor|16/100 tox|[from] ability: Poison Heal
|upkeep
|turn|39
|c|☆findmyhair|🤣🤣
|inactive|findmyhair has 120 seconds left.
|c|☆Abby Syclette|^^
|c|☆findmyhair|Gliscor doing everything it can 🤣
|
|t:|1757806866
|move|p2a: Cresselia|Ice Beam|p1a: Gliscor
|-supereffective|p1a: Gliscor
|-end|p1a: Gliscor|Substitute
|move|p1a: Gliscor|Toxic|p2a: Cresselia
|-status|p2a: Cresselia|tox
|
|-damage|p2a: Cresselia|67/100 tox|[from] psn
|-heal|p1a: Gliscor|29/100 tox|[from] ability: Poison Heal
|upkeep
|turn|40
|inactive|findmyhair has 120 seconds left.
|
|t:|1757806878
|move|p1a: Gliscor|Protect|p1a: Gliscor
|-singleturn|p1a: Gliscor|Protect
|move|p2a: Cresselia|Lunar Blessing|p2a: Cresselia
|-heal|p2a: Cresselia|92/100 tox
|-curestatus|p2a: Cresselia|tox|[msg]
|
|-heal|p1a: Gliscor|41/100 tox|[from] ability: Poison Heal
|-fieldend|move: Trick Room
|upkeep
|turn|41
|inactive|findmyhair has 120 seconds left.
|
|t:|1757806887
|move|p1a: Gliscor|Substitute|p1a: Gliscor
|-start|p1a: Gliscor|Substitute
|-damage|p1a: Gliscor|16/100 tox
|move|p2a: Cresselia|Ice Beam|p1a: Gliscor
|-supereffective|p1a: Gliscor
|-end|p1a: Gliscor|Substitute
|
|-heal|p1a: Gliscor|29/100 tox|[from] ability: Poison Heal
|upkeep
|turn|42
|
|t:|1757806896
|move|p1a: Gliscor|Protect|p1a: Gliscor
|-singleturn|p1a: Gliscor|Protect
|move|p2a: Cresselia|Ice Beam|p1a: Gliscor
|-activate|p1a: Gliscor|move: Protect
|
|-heal|p1a: Gliscor|41/100 tox|[from] ability: Poison Heal
|upkeep
|turn|43
|
|t:|1757806903
|move|p1a: Gliscor|Substitute|p1a: Gliscor
|-start|p1a: Gliscor|Substitute
|-damage|p1a: Gliscor|16/100 tox
|move|p2a: Cresselia|Ice Beam|p1a: Gliscor
|-supereffective|p1a: Gliscor
|-end|p1a: Gliscor|Substitute
|
|-heal|p1a: Gliscor|29/100 tox|[from] ability: Poison Heal
|upkeep
|turn|44
|
|t:|1757806910
|move|p1a: Gliscor|Protect|p1a: Gliscor
|-singleturn|p1a: Gliscor|Protect
|move|p2a: Cresselia|Trick Room|p2a: Cresselia
|-fieldstart|move: Trick Room|[of] p2a: Cresselia
|
|-heal|p1a: Gliscor|41/100 tox|[from] ability: Poison Heal
|upkeep
|turn|45
|
|t:|1757806915
|move|p2a: Cresselia|Ice Beam|p1a: Gliscor
|-supereffective|p1a: Gliscor
|-damage|p1a: Gliscor|0 fnt
|faint|p1a: Gliscor
|
|win|findmyhair
|raw|Abby Syclette's rating: 1226 &rarr; <strong>1199</strong><br />(-27 for losing)
|raw|findmyhair's rating: 1196 &rarr; <strong>1223</strong><br />(+27 for winning)
|c|☆findmyhair|gg msn
|c|☆findmyhair|make a fighting team
|c|☆findmyhair|you win more
|c|☆Abby Syclette|One day maybe
|c|☆findmyhair|it comes slowly but surely
|c|☆Abby Syclette|I'm a sis btw
|c|☆Abby Syclette|:p
|c|☆Abby Syclette|See ya
|l|☆Abby Syclette
|player|p1|
|c|☆findmyhair|all good be safe
