|j|☆UnPlatanoQueHabla.
|j|☆preppy dude
|t:|1757827734
|gametype|singles
|player|p1|UnPlatanoQueHabla.|266|1174
|player|p2|preppy dude|102|1156
|gen|9
|tier|[Gen 9] OU
|rated|
|rule|HP Percentage Mod: HP is shown in percentages
|rule|Endless Battle Clause: Forcing endless battles is banned
|rule|Species Clause: Limit one of each Pokémon
|rule|OHKO Clause: OHKO moves are banned
|rule|Evasion Items Clause: Evasion items are banned
|rule|Evasion Moves Clause: Evasion moves are banned
|rule|Evasion Abilities Clause: Evasion abilities are banned
|rule|Sleep Moves Clause: Sleep-inducing moves are banned
|clearpoke
|poke|p1|Gengar, M|
|poke|p1|Gliscor, F|
|poke|p1|Ursaluna, M|
|poke|p1|Latias, F|
|poke|p1|Ceruledge, F|
|poke|p1|Dragapult, M|
|poke|p2|Arbok, M|
|poke|p2|Magneton|
|poke|p2|Zapdos|
|poke|p2|Rhydon, M|
|poke|p2|Golem, F|
|poke|p2|Exeggutor, F|
|teampreview
|
|t:|1757827740
|teamsize|p1|6
|teamsize|p2|6
|start
|switch|p1a: El Temach|Ursaluna, M, shiny|100/100
|switch|p2a: Golem|Golem, F|100/100
|turn|1
|
|t:|1757827747
|move|p2a: Golem|Stealth Rock|p1a: El Temach
|-sidestart|p1: UnPlatanoQueHabla.|move: Stealth Rock
|move|p1a: El Temach|Bulk Up|p1a: El Temach
|-boost|p1a: El Temach|atk|1
|-boost|p1a: El Temach|def|1
|
|-status|p1a: El Temach|brn|[from] item: Flame Orb
|upkeep
|turn|2
|inactive|Battle timer is ON: inactive players will automatically lose when time's up. (requested by preppy dude)
|
|t:|1757827757
|move|p2a: Golem|Rock Blast|p1a: El Temach
|-resisted|p1a: El Temach
|-damage|p1a: El Temach|98/100 brn
|-resisted|p1a: El Temach
|-damage|p1a: El Temach|95/100 brn
|-hitcount|p1a: El Temach|2
|move|p1a: El Temach|Earthquake|p2a: Golem
|-supereffective|p2a: Golem
|-ability|p2a: Golem|Sturdy
|-damage|p2a: Golem|1/100
|
|-damage|p1a: El Temach|89/100 brn|[from] brn
|upkeep
|turn|3
|-enditem|p2a: Golem|Custap Berry|[eat]
|-activate|p2a: Golem|item: Custap Berry|[consumed]
|
|t:|1757827770
|move|p2a: Golem|Explosion|p1a: El Temach
|-damage|p1a: El Temach|51/100 brn
|faint|p2a: Golem
|move|p1a: El Temach|Bulk Up|p1a: El Temach
|-boost|p1a: El Temach|atk|1
|-boost|p1a: El Temach|def|1
|
|-damage|p1a: El Temach|45/100 brn|[from] brn
|upkeep
|
|t:|1757827783
|switch|p2a: Magneton|Magneton|100/100
|turn|4
|
|t:|1757827788
|move|p2a: Magneton|Steel Beam|p1a: El Temach
|-crit|p1a: El Temach
|-damage|p1a: El Temach|0 fnt
|-damage|p2a: Magneton|50/100|[from] steelbeam
|faint|p1a: El Temach
|
|upkeep
|
|t:|1757827800
|switch|p1a: Toxica Como Mi Ex|Gliscor, F|100/100
|-damage|p1a: Toxica Como Mi Ex|88/100|[from] Stealth Rock
|turn|5
|
|t:|1757827804
|move|p2a: Magneton|Steel Beam|p1a: Toxica Como Mi Ex
|-damage|p1a: Toxica Como Mi Ex|0 fnt
|-damage|p2a: Magneton|0 fnt|[from] steelbeam
|faint|p2a: Magneton
|faint|p1a: Toxica Como Mi Ex
|
|upkeep
|
|t:|1757827813
|switch|p1a: Pepino|Gengar, M|100/100
|switch|p2a: Arbok|Arbok, M|100/100
|-ability|p2a: Arbok|Intimidate|boost
|-unboost|p1a: Pepino|atk|1
|-damage|p1a: Pepino|88/100|[from] Stealth Rock
|turn|6
|
|t:|1757827821
|move|p2a: Arbok|Switcheroo|p1a: Pepino
|-activate|p2a: Arbok|move: Trick|[of] p1a: Pepino
|-item|p1a: Pepino|Choice Scarf|[from] move: Switcheroo
|-item|p2a: Arbok|Focus Sash|[from] move: Switcheroo
|move|p1a: Pepino|Destiny Bond|p1a: Pepino
|-singlemove|p1a: Pepino|Destiny Bond
|
|upkeep
|turn|7
|
|t:|1757827832
|switch|p1a: Nooo mi compa!|Latias, F|100/100
|-damage|p1a: Nooo mi compa!|88/100|[from] Stealth Rock
|move|p2a: Arbok|Poison Fang|p1a: Nooo mi compa!
|-damage|p1a: Nooo mi compa!|69/100
|-status|p1a: Nooo mi compa!|tox
|
|-heal|p1a: Nooo mi compa!|75/100 tox|[from] item: Leftovers
|-damage|p1a: Nooo mi compa!|69/100 tox|[from] psn
|upkeep
|turn|8
|
|t:|1757827845
|move|p2a: Arbok|Protect|p2a: Arbok
|-singleturn|p2a: Arbok|Protect
|move|p1a: Nooo mi compa!|Thunder Wave|p2a: Arbok
|-activate|p2a: Arbok|move: Protect
|
|-heal|p1a: Nooo mi compa!|75/100 tox|[from] item: Leftovers
|-damage|p1a: Nooo mi compa!|63/100 tox|[from] psn
|upkeep
|turn|9
|
|t:|1757827857
|switch|p2a: Rhydon|Rhydon, M|100/100
|move|p1a: Nooo mi compa!|Psychic|p2a: Rhydon
|-damage|p2a: Rhydon|51/100
|
|-heal|p1a: Nooo mi compa!|69/100 tox|[from] item: Leftovers
|-damage|p1a: Nooo mi compa!|51/100 tox|[from] psn
|upkeep
|turn|10
|
|t:|1757827868
|move|p1a: Nooo mi compa!|Psychic|p2a: Rhydon
|-damage|p2a: Rhydon|6/100
|move|p2a: Rhydon|Avalanche|p1a: Nooo mi compa!
|-supereffective|p1a: Nooo mi compa!
|-damage|p1a: Nooo mi compa!|0 fnt
|faint|p1a: Nooo mi compa!
|
|upkeep
|
|t:|1757827877
|switch|p1a: Pepino|Gengar, M|88/100
|-damage|p1a: Pepino|76/100|[from] Stealth Rock
|turn|11
|
|t:|1757827882
|move|p1a: Pepino|Shadow Ball|p2a: Rhydon
|-damage|p2a: Rhydon|0 fnt
|faint|p2a: Rhydon
|
|upkeep
|
|t:|1757827889
|switch|p2a: Zapdos|Zapdos|100/100
|turn|12
|
|t:|1757827893
|move|p1a: Pepino|Shadow Ball|p2a: Zapdos
|-damage|p2a: Zapdos|66/100
|move|p2a: Zapdos|Discharge|p1a: Pepino
|-damage|p1a: Pepino|21/100
|
|-heal|p2a: Zapdos|72/100|[from] item: Leftovers
|upkeep
|turn|13
|
|t:|1757827903
|move|p2a: Zapdos|Protect|p2a: Zapdos
|-singleturn|p2a: Zapdos|Protect
|move|p1a: Pepino|Shadow Ball|p2a: Zapdos
|-activate|p2a: Zapdos|move: Protect
|
|-heal|p2a: Zapdos|79/100|[from] item: Leftovers
|upkeep
|turn|14
|
|t:|1757827911
|move|p1a: Pepino|Shadow Ball|p2a: Zapdos
|-damage|p2a: Zapdos|41/100
|move|p2a: Zapdos|Discharge|p1a: Pepino
|-damage|p1a: Pepino|0 fnt
|faint|p1a: Pepino
|
|-heal|p2a: Zapdos|47/100|[from] item: Leftovers
|upkeep
|
|t:|1757827924
|switch|p1a: Un Drogadicto|Ceruledge, F|100/100
|-damage|p1a: Un Drogadicto|76/100|[from] Stealth Rock
|turn|15
|
|t:|1757827931
|move|p1a: Un Drogadicto|Bitter Blade|p2a: Zapdos
|-damage|p2a: Zapdos|7/100
|-heal|p1a: Un Drogadicto|100/100|[from] drain|[of] p2a: Zapdos
|move|p2a: Zapdos|Discharge|p1a: Un Drogadicto
|-damage|p1a: Un Drogadicto|64/100
|
|-heal|p2a: Zapdos|14/100|[from] item: Leftovers
|upkeep
|turn|16
|
|t:|1757827941
|move|p1a: Un Drogadicto|Bitter Blade|p2a: Zapdos
|-damage|p2a: Zapdos|0 fnt
|-heal|p1a: Un Drogadicto|73/100|[from] drain|[of] p2a: Zapdos
|-status|p1a: Un Drogadicto|par|[from] ability: Static|[of] p2a: Zapdos
|faint|p2a: Zapdos
|
|upkeep
|
|t:|1757827949
|switch|p2a: Arbok|Arbok, M|100/100
|-ability|p2a: Arbok|Intimidate|boost
|-unboost|p1a: Un Drogadicto|atk|1
|turn|17
|
|t:|1757827965
|move|p2a: Arbok|Poison Fang|p1a: Un Drogadicto
|-resisted|p1a: Un Drogadicto
|-damage|p1a: Un Drogadicto|61/100 par
|-ability|p1a: Un Drogadicto|Weak Armor|boost
|-unboost|p1a: Un Drogadicto|def|1
|-boost|p1a: Un Drogadicto|spe|2
|move|p1a: Un Drogadicto|Bitter Blade|p2a: Arbok
|-damage|p2a: Arbok|53/100
|-heal|p1a: Un Drogadicto|87/100 par|[from] drain|[of] p2a: Arbok
|
|upkeep
|turn|18
|
|t:|1757827978
|move|p2a: Arbok|Poison Fang|p1a: Un Drogadicto
|-resisted|p1a: Un Drogadicto
|-damage|p1a: Un Drogadicto|69/100 par
|-ability|p1a: Un Drogadicto|Weak Armor|boost
|-unboost|p1a: Un Drogadicto|def|1
|-boost|p1a: Un Drogadicto|spe|2
|move|p1a: Un Drogadicto|Bitter Blade|p2a: Arbok
|-damage|p2a: Arbok|10/100
|-heal|p1a: Un Drogadicto|94/100 par|[from] drain|[of] p2a: Arbok
|
|upkeep
|turn|19
|
|t:|1757827989
|cant|p1a: Un Drogadicto|par
|move|p2a: Arbok|Pain Split|p1a: Un Drogadicto
|-sethp|p1a: Un Drogadicto|52/100 par|[from] move: Pain Split|[silent]
|-sethp|p2a: Arbok|47/100|[from] move: Pain Split
|
|upkeep
|turn|20
|
|t:|1757827999
|move|p1a: Un Drogadicto|Swords Dance|p1a: Un Drogadicto
|-boost|p1a: Un Drogadicto|atk|2
|move|p2a: Arbok|Poison Fang|p1a: Un Drogadicto
|-resisted|p1a: Un Drogadicto
|-damage|p1a: Un Drogadicto|30/100 par
|-ability|p1a: Un Drogadicto|Weak Armor|boost
|-unboost|p1a: Un Drogadicto|def|1
|-boost|p1a: Un Drogadicto|spe|2
|
|upkeep
|turn|21
|
|t:|1757828011
|move|p1a: Un Drogadicto|Bitter Blade|p2a: Arbok
|-damage|p2a: Arbok|0 fnt
|-heal|p1a: Un Drogadicto|56/100 par|[from] drain|[of] p2a: Arbok
|faint|p2a: Arbok
|
|upkeep
|
|t:|1757828017
|switch|p2a: Exeggutor|Exeggutor, F|100/100
|turn|22
|
|t:|1757828022
|move|p1a: Un Drogadicto|Bitter Blade|p2a: Exeggutor
|-supereffective|p2a: Exeggutor
|-damage|p2a: Exeggutor|0 fnt
|-heal|p1a: Un Drogadicto|100/100 par|[from] drain|[of] p2a: Exeggutor
|faint|p2a: Exeggutor
|
|win|UnPlatanoQueHabla.
|raw|UnPlatanoQueHabla.'s rating: 1174 &rarr; <strong>1198</strong><br />(+24 for winning)
|raw|preppy dude's rating: 1156 &rarr; <strong>1132</strong><br />(-24 for losing)
|l|☆UnPlatanoQueHabla.
|player|p1|
|l|☆preppy dude
|player|p2|
