|j|☆lord gula
|j|☆xapbaku
|t:|1757808684
|gametype|singles
|player|p1|lord gula|riley|1503
|player|p2|xapbaku|265|1481
|gen|9
|tier|[Gen 9] OU
|rated|
|rule|HP Percentage Mod: HP is shown in percentages
|rule|Endless Battle Clause: Forcing endless battles is banned
|rule|Species Clause: Limit one of each Pokémon
|rule|OHKO Clause: OHKO moves are banned
|rule|Evasion Items Clause: Evasion items are banned
|rule|Evasion Moves Clause: Evasion moves are banned
|rule|Evasion Abilities Clause: Evasion abilities are banned
|rule|Sleep Moves Clause: Sleep-inducing moves are banned
|clearpoke
|poke|p1|Yanmega, M|
|poke|p1|Ceruledge, M|
|poke|p1|Ogerpon, F|
|poke|p1|Garganacl, F|
|poke|p1|Espeon, F|
|poke|p1|Greninja-*, M|
|poke|p2|Okidogi, M|
|poke|p2|Moltres|
|poke|p2|Tinkaton, F|
|poke|p2|Sinistcha-Masterpiece|
|poke|p2|Lokix, M|
|poke|p2|Araquanid, F|
|teampreview
|inactive|Battle timer is ON: inactive players will automatically lose when time's up. (requested by lord gula)
|
|t:|1757808699
|teamsize|p1|6
|teamsize|p2|6
|start
|switch|p1a: Garganacl|Garganacl, F, shiny|100/100
|switch|p2a: Tinkaton|Tinkaton, F|100/100
|-ability|p2a: Tinkaton|Mold Breaker
|turn|1
|
|t:|1757808703
|move|p2a: Tinkaton|Thunder Wave|p1a: Garganacl
|-status|p1a: Garganacl|par
|move|p1a: Garganacl|Salt Cure|p2a: Tinkaton
|-resisted|p2a: Tinkaton
|-damage|p2a: Tinkaton|93/100
|-start|p2a: Tinkaton|Salt Cure
|
|-damage|p2a: Tinkaton|68/100|[from] Salt Cure
|upkeep
|turn|2
|
|t:|1757808717
|switch|p2a: Sinistcha|Sinistcha-Masterpiece|100/100
|move|p1a: Garganacl|Iron Defense|p1a: Garganacl
|-boost|p1a: Garganacl|def|2
|
|upkeep
|turn|3
|
|t:|1757808726
|move|p2a: Sinistcha|Shadow Ball|p1a: Garganacl
|-crit|p1a: Garganacl
|-damage|p1a: Garganacl|84/100 par
|move|p1a: Garganacl|Salt Cure|p2a: Sinistcha
|-damage|p2a: Sinistcha|92/100
|-start|p2a: Sinistcha|Salt Cure
|
|-heal|p2a: Sinistcha|98/100|[from] item: Leftovers
|-heal|p1a: Garganacl|90/100 par|[from] item: Leftovers
|-damage|p2a: Sinistcha|85/100|[from] Salt Cure
|upkeep
|turn|4
|
|t:|1757808731
|move|p2a: Sinistcha|Matcha Gotcha|p1a: Garganacl
|-supereffective|p1a: Garganacl
|-damage|p1a: Garganacl|49/100 par
|-heal|p2a: Sinistcha|100/100|[from] drain|[of] p1a: Garganacl
|move|p1a: Garganacl|Iron Defense|p1a: Garganacl
|-boost|p1a: Garganacl|def|2
|
|-heal|p1a: Garganacl|55/100 par|[from] item: Leftovers
|-damage|p2a: Sinistcha|88/100|[from] Salt Cure
|upkeep
|turn|5
|
|t:|1757808738
|move|p2a: Sinistcha|Matcha Gotcha|p1a: Garganacl
|-supereffective|p1a: Garganacl
|-damage|p1a: Garganacl|14/100 par
|-heal|p2a: Sinistcha|100/100|[from] drain|[of] p1a: Garganacl
|move|p1a: Garganacl|Recover|p1a: Garganacl
|-heal|p1a: Garganacl|64/100 par
|
|-heal|p1a: Garganacl|71/100 par|[from] item: Leftovers
|-damage|p2a: Sinistcha|88/100|[from] Salt Cure
|upkeep
|turn|6
|
|t:|1757808742
|move|p2a: Sinistcha|Calm Mind|p2a: Sinistcha
|-boost|p2a: Sinistcha|spa|1
|-boost|p2a: Sinistcha|spd|1
|move|p1a: Garganacl|Salt Cure|p2a: Sinistcha
|-damage|p2a: Sinistcha|78/100
|
|-heal|p2a: Sinistcha|84/100|[from] item: Leftovers
|-heal|p1a: Garganacl|77/100 par|[from] item: Leftovers
|-damage|p2a: Sinistcha|71/100|[from] Salt Cure
|upkeep
|turn|7
|
|t:|1757808746
|switch|p1a: Espeon|Espeon, F|100/100
|move|p2a: Sinistcha|Calm Mind|p2a: Sinistcha
|-boost|p2a: Sinistcha|spa|1
|-boost|p2a: Sinistcha|spd|1
|
|-heal|p2a: Sinistcha|77/100|[from] item: Leftovers
|-damage|p2a: Sinistcha|65/100|[from] Salt Cure
|upkeep
|turn|8
|
|t:|1757808755
|move|p1a: Espeon|Trick|p2a: Sinistcha
|-activate|p1a: Espeon|move: Trick|[of] p2a: Sinistcha
|-item|p2a: Sinistcha|Choice Specs|[from] move: Trick
|-item|p1a: Espeon|Leftovers|[from] move: Trick
|move|p2a: Sinistcha|Matcha Gotcha|p1a: Espeon
|-crit|p1a: Espeon
|-damage|p1a: Espeon|0 fnt
|-heal|p2a: Sinistcha|100/100|[from] drain|[of] p1a: Espeon
|faint|p1a: Espeon
|
|-damage|p2a: Sinistcha|88/100|[from] Salt Cure
|upkeep
|
|t:|1757808783
|switch|p1a: Ogerpon|Ogerpon, F|100/100
|turn|9
|
|t:|1757808793
|move|p1a: Ogerpon|Swords Dance|p1a: Ogerpon
|-boost|p1a: Ogerpon|atk|2
|move|p2a: Sinistcha|Matcha Gotcha|p1a: Ogerpon
|-resisted|p1a: Ogerpon
|-damage|p1a: Ogerpon|45/100
|-heal|p2a: Sinistcha|100/100|[from] drain|[of] p1a: Ogerpon
|
|-damage|p2a: Sinistcha|88/100|[from] Salt Cure
|upkeep
|turn|10
|
|t:|1757808804
|-terastallize|p2a: Sinistcha|Water
|move|p1a: Ogerpon|Knock Off|p2a: Sinistcha
|-damage|p2a: Sinistcha|47/100
|-enditem|p2a: Sinistcha|Choice Specs|[from] move: Knock Off|[of] p1a: Ogerpon
|move|p2a: Sinistcha|Matcha Gotcha|p1a: Ogerpon
|-resisted|p1a: Ogerpon
|-damage|p1a: Ogerpon|4/100
|-heal|p2a: Sinistcha|65/100|[from] drain|[of] p1a: Ogerpon
|
|-damage|p2a: Sinistcha|40/100|[from] Salt Cure
|upkeep
|turn|11
|
|t:|1757808815
|move|p1a: Ogerpon|Horn Leech|p2a: Sinistcha
|-supereffective|p2a: Sinistcha
|-damage|p2a: Sinistcha|0 fnt
|-heal|p1a: Ogerpon|27/100|[from] drain|[of] p2a: Sinistcha
|faint|p2a: Sinistcha
|
|upkeep
|
|t:|1757808818
|switch|p2a: Lokix|Lokix, M|100/100
|turn|12
|
|t:|1757808822
|move|p2a: Lokix|First Impression|p1a: Ogerpon
|-supereffective|p1a: Ogerpon
|-damage|p1a: Ogerpon|0 fnt
|faint|p1a: Ogerpon
|
|upkeep
|
|t:|1757808824
|switch|p1a: Garganacl|Garganacl, F, shiny|77/100 par
|turn|13
|
|t:|1757808827
|switch|p2a: Araquanid|Araquanid, F, shiny|100/100
|move|p1a: Garganacl|Salt Cure|p2a: Araquanid
|-supereffective|p2a: Araquanid
|-damage|p2a: Araquanid|72/100
|-start|p2a: Araquanid|Salt Cure
|
|-heal|p1a: Garganacl|83/100 par|[from] item: Leftovers
|-damage|p2a: Araquanid|47/100|[from] Salt Cure
|upkeep
|turn|14
|
|t:|1757808831
|move|p2a: Araquanid|Sticky Web|p1a: Garganacl
|-sidestart|p1: lord gula|move: Sticky Web
|cant|p1a: Garganacl|par
|
|-heal|p1a: Garganacl|89/100 par|[from] item: Leftovers
|-damage|p2a: Araquanid|22/100|[from] Salt Cure
|upkeep
|turn|15
|-enditem|p2a: Araquanid|Custap Berry|[eat]
|-activate|p2a: Araquanid|item: Custap Berry|[consumed]
|
|t:|1757808838
|move|p2a: Araquanid|Endure|p2a: Araquanid
|-singleturn|p2a: Araquanid|move: Endure
|cant|p1a: Garganacl|par
|
|-heal|p1a: Garganacl|95/100 par|[from] item: Leftovers
|-damage|p2a: Araquanid|0 fnt|[from] Salt Cure
|faint|p2a: Araquanid
|upkeep
|
|t:|1757808851
|switch|p2a: Moltres|Moltres|100/100
|turn|16
|
|t:|1757808855
|cant|p1a: Garganacl|par
|move|p2a: Moltres|Roar|p1a: Garganacl
|drag|p1a: Greninja|Greninja, M|100/100
|-activate|p1a: Greninja|move: Sticky Web
|-unboost|p1a: Greninja|spe|1
|
|upkeep
|turn|17
|
|t:|1757808859
|switch|p1a: Garganacl|Garganacl, F, shiny|95/100 par
|-activate|p1a: Garganacl|move: Sticky Web
|-unboost|p1a: Garganacl|spe|1
|switch|p2a: Tinkaton|Tinkaton, F|68/100
|-ability|p2a: Tinkaton|Mold Breaker
|
|-heal|p1a: Garganacl|100/100 par|[from] item: Leftovers
|upkeep
|turn|18
|
|t:|1757808866
|move|p2a: Tinkaton|Gigaton Hammer|p1a: Garganacl
|-supereffective|p1a: Garganacl
|-damage|p1a: Garganacl|42/100 par
|move|p1a: Garganacl|Salt Cure|p2a: Tinkaton
|-resisted|p2a: Tinkaton
|-damage|p2a: Tinkaton|61/100
|-start|p2a: Tinkaton|Salt Cure
|
|-heal|p1a: Garganacl|48/100 par|[from] item: Leftovers
|-damage|p2a: Tinkaton|36/100|[from] Salt Cure
|upkeep
|turn|19
|
|t:|1757808870
|move|p2a: Tinkaton|Encore|p1a: Garganacl
|-start|p1a: Garganacl|Encore
|cant|p1a: Garganacl|par
|
|-heal|p1a: Garganacl|54/100 par|[from] item: Leftovers
|-damage|p2a: Tinkaton|11/100|[from] Salt Cure
|upkeep
|turn|20
|
|t:|1757808878
|switch|p1a: Greninja|Greninja, M|100/100
|-activate|p1a: Greninja|move: Sticky Web
|-unboost|p1a: Greninja|spe|1
|move|p2a: Tinkaton|Gigaton Hammer|p1a: Greninja
|-resisted|p1a: Greninja
|-damage|p1a: Greninja|64/100
|
|-damage|p2a: Tinkaton|0 fnt|[from] Salt Cure
|faint|p2a: Tinkaton
|upkeep
|
|t:|1757808883
|switch|p2a: Lokix|Lokix, M|100/100
|turn|21
|
|t:|1757808891
|switch|p1a: Garganacl|Garganacl, F, shiny|54/100 par
|-activate|p1a: Garganacl|move: Sticky Web
|-unboost|p1a: Garganacl|spe|1
|move|p2a: Lokix|First Impression|p1a: Garganacl
|-damage|p1a: Garganacl|13/100 par
|
|-heal|p1a: Garganacl|19/100 par|[from] item: Leftovers
|upkeep
|turn|22
|
|t:|1757808899
|switch|p2a: Okidogi|Okidogi, M|100/100
|move|p1a: Garganacl|Salt Cure|p2a: Okidogi
|-resisted|p2a: Okidogi
|-damage|p2a: Okidogi|95/100
|-start|p2a: Okidogi|Salt Cure
|
|-heal|p1a: Garganacl|25/100 par|[from] item: Leftovers
|-damage|p2a: Okidogi|82/100|[from] Salt Cure
|upkeep
|turn|23
|
|t:|1757808904
|move|p2a: Okidogi|Drain Punch|p1a: Garganacl
|-supereffective|p1a: Garganacl
|-damage|p1a: Garganacl|0 fnt
|-heal|p2a: Okidogi|96/100|[from] drain|[of] p1a: Garganacl
|faint|p1a: Garganacl
|
|-damage|p2a: Okidogi|83/100|[from] Salt Cure
|upkeep
|
|t:|1757808909
|switch|p1a: Yanmega|Yanmega, M, shiny|100/100
|turn|24
|
|t:|1757808914
|move|p1a: Yanmega|Bug Buzz|p2a: Okidogi
|-resisted|p2a: Okidogi
|-damage|p2a: Okidogi|75/100
|-enditem|p1a: Yanmega|Throat Spray
|-boost|p1a: Yanmega|spa|1|[from] item: Throat Spray
|move|p2a: Okidogi|Ice Punch|p1a: Yanmega
|-supereffective|p1a: Yanmega
|-damage|p1a: Yanmega|31/100
|-status|p1a: Yanmega|tox|[from] ability: Toxic Chain|[of] p2a: Okidogi
|
|-damage|p1a: Yanmega|25/100 tox|[from] psn
|-damage|p2a: Okidogi|63/100|[from] Salt Cure
|-ability|p1a: Yanmega|Speed Boost|boost
|-boost|p1a: Yanmega|spe|1
|upkeep
|turn|25
|
|t:|1757808928
|switch|p2a: Moltres|Moltres|100/100
|move|p1a: Yanmega|Air Slash|p2a: Moltres
|-damage|p2a: Moltres|45/100
|
|-damage|p1a: Yanmega|13/100 tox|[from] psn
|-ability|p1a: Yanmega|Speed Boost|boost
|-boost|p1a: Yanmega|spe|1
|upkeep
|turn|26
|
|t:|1757808932
|move|p1a: Yanmega|Ancient Power|p2a: Moltres
|-supereffective|p2a: Moltres
|-damage|p2a: Moltres|0 fnt
|faint|p2a: Moltres
|
|-damage|p1a: Yanmega|0 fnt|[from] psn
|faint|p1a: Yanmega
|upkeep
|
|t:|1757808938
|switch|p1a: Greninja|Greninja, M|64/100
|switch|p2a: Lokix|Lokix, M|100/100
|-activate|p1a: Greninja|move: Sticky Web
|-unboost|p1a: Greninja|spe|1
|turn|27
|
|t:|1757808944
|switch|p1a: Ceruledge|Ceruledge, M, shiny|100/100
|-activate|p1a: Ceruledge|move: Sticky Web
|-unboost|p1a: Ceruledge|spe|1
|move|p2a: Lokix|Knock Off|p1a: Ceruledge
|-supereffective|p1a: Ceruledge
|-damage|p1a: Ceruledge|0 fnt
|-enditem|p1a: Ceruledge|Weakness Policy|[from] move: Knock Off|[of] p2a: Lokix
|faint|p1a: Ceruledge
|
|upkeep
|
|t:|1757808950
|switch|p1a: Greninja|Greninja, M|64/100
|-activate|p1a: Greninja|move: Sticky Web
|-unboost|p1a: Greninja|spe|1
|turn|28
|
|t:|1757808954
|switch|p2a: Okidogi|Okidogi, M|63/100
|move|p1a: Greninja|Surf|p2a: Okidogi
|-damage|p2a: Okidogi|30/100
|-damage|p1a: Greninja|55/100|[from] item: Life Orb
|
|upkeep
|turn|29
|
|t:|1757808967
|move|p1a: Greninja|Surf|p2a: Okidogi
|-damage|p2a: Okidogi|0 fnt
|faint|p2a: Okidogi
|-ability|p1a: Greninja|Battle Bond|boost
|-boost|p1a: Greninja|atk|1
|-boost|p1a: Greninja|spa|1
|-boost|p1a: Greninja|spe|1
|-activate|p1a: Greninja|ability: Battle Bond
|-damage|p1a: Greninja|45/100|[from] item: Life Orb
|
|upkeep
|
|t:|1757808969
|switch|p2a: Lokix|Lokix, M|100/100
|turn|30
|
|t:|1757808971
|-terastallize|p1a: Greninja|Water
|move|p2a: Lokix|First Impression|p1a: Greninja
|-damage|p1a: Greninja|0 fnt
|faint|p1a: Greninja
|
|win|xapbaku
|raw|lord gula's rating: 1503 &rarr; <strong>1482</strong><br />(-21 for losing)
|raw|xapbaku's rating: 1481 &rarr; <strong>1502</strong><br />(+21 for winning)
|l|☆lord gula
|player|p1|
|l|☆xapbaku
|player|p2|
