|j|☆Palafinnieon
|j|‽theonlydork
|t:|1757949763
|gametype|singles
|player|p1|Palafinnieon|grimsley|1556
|player|p2|theonlydork|1|1549
|gen|9
|tier|[Gen 9] OU
|rated|
|rule|HP Percentage Mod: HP is shown in percentages
|rule|Endless Battle Clause: Forcing endless battles is banned
|rule|Species Clause: Limit one of each Pokémon
|rule|OHKO Clause: OHKO moves are banned
|rule|Evasion Items Clause: Evasion items are banned
|rule|Evasion Moves Clause: Evasion moves are banned
|rule|Evasion Abilities Clause: Evasion abilities are banned
|rule|Sleep Moves Clause: Sleep-inducing moves are banned
|clearpoke
|poke|p1|Smeargle, F|
|poke|p1|Cinderace, M|
|poke|p1|Zapdos-Galar|
|poke|p1|Gholdengo|
|poke|p1|Polteageist|
|poke|p1|Toxtricity, M|
|poke|p2|Ogerpon-Wellspring, F|
|poke|p2|Great Tusk|
|poke|p2|Deoxys-Speed|
|poke|p2|Dragonite, M|
|poke|p2|Iron Moth|
|poke|p2|Hatterene, F|
|teampreview
|inactive|Battle timer is ON: inactive players will automatically lose when time's up. (requested by Palafinnieon)
|inactive|theonlydork has 120 seconds left.
|inactive|theonlydork has 90 seconds left.
|inactive|theonlydork has 60 seconds left.
|
|t:|1757949870
|teamsize|p1|6
|teamsize|p2|6
|start
|switch|p1a: Smeargle|Smeargle, F|100/100
|switch|p2a: Ogerpon|Ogerpon-Wellspring, F|100/100
|turn|1
|
|t:|1757949898
|switch|p2a: Hatterene|Hatterene, F|100/100
|move|p1a: Smeargle|Nuzzle|p2a: Hatterene
|-damage|p2a: Hatterene|99/100
|-status|p2a: Hatterene|par
|-damage|p1a: Smeargle|84/100|[from] item: Rocky Helmet|[of] p2a: Hatterene
|
|upkeep
|turn|2
|
|t:|1757949904
|move|p1a: Smeargle|Stone Axe|p2a: Hatterene
|-damage|p2a: Hatterene|93/100 par
|-damage|p1a: Smeargle|67/100|[from] item: Rocky Helmet|[of] p2a: Hatterene
|-sidestart|p2: theonlydork|move: Stealth Rock
|move|p2a: Hatterene|Nuzzle|p1a: Smeargle
|-damage|p1a: Smeargle|59/100
|-status|p1a: Smeargle|par
|
|upkeep
|turn|3
|inactive|Palafinnieon has 120 seconds left.
|
|t:|1757949934
|move|p1a: Smeargle|Mortal Spin|p2a: Hatterene
|-supereffective|p2a: Hatterene
|-damage|p2a: Hatterene|88/100 par
|-damage|p1a: Smeargle|42/100 par|[from] item: Rocky Helmet|[of] p2a: Hatterene
|move|p2a: Hatterene|Mystical Fire|p1a: Smeargle
|-damage|p1a: Smeargle|0 fnt
|faint|p1a: Smeargle
|
|upkeep
|inactive|Palafinnieon has 120 seconds left.
|
|t:|1757949939
|switch|p1a: Cinderace|Cinderace, M|100/100
|turn|4
|
|t:|1757949944
|move|p1a: Cinderace|Double-Edge|p2a: Hatterene
|-start|p1a: Cinderace|typechange|Normal|[from] ability: Libero
|-damage|p2a: Hatterene|13/100 par
|-damage|p1a: Cinderace|84/100|[from] item: Rocky Helmet|[of] p2a: Hatterene
|-damage|p1a: Cinderace|58/100|[from] Recoil
|move|p2a: Hatterene|Nuzzle|p1a: Cinderace
|-damage|p1a: Cinderace|52/100
|-status|p1a: Cinderace|par
|
|upkeep
|turn|5
|inactive|Palafinnieon has 120 seconds left.
|
|t:|1757949967
|move|p1a: Cinderace|Double-Edge|p2a: Hatterene
|-damage|p2a: Hatterene|0 fnt
|-damage|p1a: Cinderace|35/100 par|[from] item: Rocky Helmet|[of] p2a: Hatterene
|faint|p2a: Hatterene
|-damage|p1a: Cinderace|31/100 par|[from] Recoil
|
|upkeep
|
|t:|1757949984
|switch|p2a: Great Tusk|Great Tusk|100/100
|-damage|p2a: Great Tusk|98/100|[from] Stealth Rock
|-enditem|p2a: Great Tusk|Booster Energy
|-activate|p2a: Great Tusk|ability: Protosynthesis|[fromitem]
|-start|p2a: Great Tusk|protosynthesisspe
|turn|6
|inactive|Palafinnieon has 120 seconds left.
|
|t:|1757950000
|switch|p1a: Gholdengo|Gholdengo|100/100
|-item|p1a: Gholdengo|Air Balloon
|move|p2a: Great Tusk|Bulk Up|p2a: Great Tusk
|-boost|p2a: Great Tusk|atk|1
|-boost|p2a: Great Tusk|def|1
|
|upkeep
|turn|7
|
|t:|1757950009
|-end|p2a: Great Tusk|Protosynthesis|[silent]
|switch|p2a: Ogerpon|Ogerpon-Wellspring, F|100/100
|-damage|p2a: Ogerpon|88/100|[from] Stealth Rock
|move|p1a: Gholdengo|Dazzling Gleam|p2a: Ogerpon
|-damage|p2a: Ogerpon|53/100
|
|upkeep
|turn|8
|
|t:|1757950013
|switch|p1a: Cinderace|Cinderace, M|31/100 par
|move|p2a: Ogerpon|Ivy Cudgel|p1a: Cinderace|[anim] Ivy Cudgel Water
|-supereffective|p1a: Cinderace
|-damage|p1a: Cinderace|0 fnt
|faint|p1a: Cinderace
|
|upkeep
|
|t:|1757950024
|switch|p1a: Polteageist|Polteageist|100/100
|turn|9
|
|t:|1757950028
|move|p2a: Ogerpon|Ivy Cudgel|p1a: Polteageist|[anim] Ivy Cudgel Water
|-damage|p1a: Polteageist|28/100
|-start|p2a: Ogerpon|Disable|Ivy Cudgel|[from] ability: Cursed Body|[of] p1a: Polteageist
|move|p1a: Polteageist|Shell Smash|p1a: Polteageist
|-unboost|p1a: Polteageist|def|1
|-unboost|p1a: Polteageist|spd|1
|-boost|p1a: Polteageist|atk|2
|-boost|p1a: Polteageist|spa|2
|-boost|p1a: Polteageist|spe|2
|-enditem|p1a: Polteageist|White Herb
|-clearnegativeboost|p1a: Polteageist|[silent]
|
|upkeep
|turn|10
|
|t:|1757950034
|move|p1a: Polteageist|Strength Sap|p2a: Ogerpon
|-unboost|p2a: Ogerpon|atk|1
|-heal|p1a: Polteageist|100/100
|move|p2a: Ogerpon|Power Whip|p1a: Polteageist
|-damage|p1a: Polteageist|35/100
|
|upkeep
|turn|11
|
|t:|1757950043
|switch|p2a: Iron Moth|Iron Moth|100/100
|-damage|p2a: Iron Moth|76/100|[from] Stealth Rock
|-enditem|p2a: Iron Moth|Booster Energy
|-activate|p2a: Iron Moth|ability: Quark Drive|[fromitem]
|-start|p2a: Iron Moth|quarkdrivespe
|move|p1a: Polteageist|Strength Sap|p2a: Iron Moth
|-unboost|p2a: Iron Moth|atk|1
|-heal|p1a: Polteageist|75/100
|
|upkeep
|turn|12
|
|t:|1757950049
|move|p2a: Iron Moth|Fiery Dance|p1a: Polteageist
|-damage|p1a: Polteageist|38/100
|-boost|p2a: Iron Moth|spa|1
|move|p1a: Polteageist|Stored Power|p2a: Iron Moth
|-supereffective|p2a: Iron Moth
|-damage|p2a: Iron Moth|0 fnt
|faint|p2a: Iron Moth
|-end|p2a: Iron Moth|Quark Drive|[silent]
|
|upkeep
|
|t:|1757950056
|switch|p2a: Deoxys|Deoxys-Speed|100/100
|-damage|p2a: Deoxys|88/100|[from] Stealth Rock
|-ability|p2a: Deoxys|Pressure
|turn|13
|
|t:|1757950059
|move|p2a: Deoxys|Shadow Ball|p1a: Polteageist
|-supereffective|p1a: Polteageist
|-damage|p1a: Polteageist|0 fnt
|faint|p1a: Polteageist
|-damage|p2a: Deoxys|78/100|[from] item: Life Orb
|
|upkeep
|
|t:|1757950064
|switch|p1a: Gholdengo|Gholdengo|100/100
|-item|p1a: Gholdengo|Air Balloon
|turn|14
|
|t:|1757950068
|move|p2a: Deoxys|Shadow Ball|p1a: Gholdengo
|-supereffective|p1a: Gholdengo
|-damage|p1a: Gholdengo|25/100
|-enditem|p1a: Gholdengo|Air Balloon
|-damage|p2a: Deoxys|68/100|[from] item: Life Orb
|move|p1a: Gholdengo|Shadow Ball|p2a: Deoxys
|-supereffective|p2a: Deoxys
|-damage|p2a: Deoxys|0 fnt
|faint|p2a: Deoxys
|
|upkeep
|
|t:|1757950075
|switch|p2a: Ogerpon|Ogerpon-Wellspring, F|53/100
|-damage|p2a: Ogerpon|41/100|[from] Stealth Rock
|turn|15
|
|t:|1757950079
|move|p2a: Ogerpon|Ivy Cudgel|p1a: Gholdengo|[anim] Ivy Cudgel Water
|-damage|p1a: Gholdengo|0 fnt
|faint|p1a: Gholdengo
|
|upkeep
|
|t:|1757950085
|switch|p1a: Zapdos|Zapdos-Galar|100/100
|turn|16
|
|t:|1757950088
|move|p1a: Zapdos|Thunderous Kick|p2a: Ogerpon
|-damage|p2a: Ogerpon|0 fnt
|faint|p2a: Ogerpon
|
|upkeep
|
|t:|1757950098
|switch|p2a: Dragonite|Dragonite, M|100/100
|-damage|p2a: Dragonite|75/100|[from] Stealth Rock
|turn|17
|
|t:|1757950105
|move|p2a: Dragonite|Extreme Speed|p1a: Zapdos
|-damage|p1a: Zapdos|46/100
|move|p1a: Zapdos|Thunderous Kick|p2a: Dragonite
|-resisted|p2a: Dragonite
|-damage|p2a: Dragonite|52/100
|-unboost|p2a: Dragonite|def|1
|
|upkeep
|turn|18
|inactive|Palafinnieon has 120 seconds left.
|
|t:|1757950140
|-terastallize|p1a: Zapdos|Steel
|move|p2a: Dragonite|Extreme Speed|p1a: Zapdos
|-resisted|p1a: Zapdos
|-damage|p1a: Zapdos|20/100
|move|p1a: Zapdos|Knock Off|p2a: Dragonite
|-damage|p2a: Dragonite|2/100
|-enditem|p2a: Dragonite|Choice Band|[from] move: Knock Off|[of] p1a: Zapdos
|
|upkeep
|turn|19
|
|t:|1757950152
|move|p1a: Zapdos|Knock Off|p2a: Dragonite
|-damage|p2a: Dragonite|0 fnt
|faint|p2a: Dragonite
|
|upkeep
|
|t:|1757950154
|switch|p2a: Great Tusk|Great Tusk|98/100
|-damage|p2a: Great Tusk|95/100|[from] Stealth Rock
|turn|20
|
|t:|1757950167
|switch|p1a: Toxtricity|Toxtricity, M|100/100
|-terastallize|p2a: Great Tusk|Poison
|move|p2a: Great Tusk|Bulk Up|p2a: Great Tusk
|-boost|p2a: Great Tusk|atk|1
|-boost|p2a: Great Tusk|def|1
|
|upkeep
|turn|21
|
|t:|1757950173
|move|p2a: Great Tusk|Headlong Rush|p1a: Toxtricity
|-supereffective|p1a: Toxtricity
|-damage|p1a: Toxtricity|0 fnt
|-unboost|p2a: Great Tusk|def|1
|-unboost|p2a: Great Tusk|spd|1
|faint|p1a: Toxtricity
|
|upkeep
|
|t:|1757950176
|switch|p1a: Zapdos|Zapdos-Galar, tera:Steel|20/100
|turn|22
|
|t:|1757950178
|move|p1a: Zapdos|Brave Bird|p2a: Great Tusk
|-crit|p2a: Great Tusk
|-damage|p2a: Great Tusk|36/100
|-damage|p1a: Zapdos|0 fnt|[from] Recoil
|faint|p1a: Zapdos
|
|win|theonlydork
|raw|Palafinnieon's rating: 1556 &rarr; <strong>1536</strong><br />(-20 for losing)
|raw|theonlydork's rating: 1549 &rarr; <strong>1569</strong><br />(+20 for winning)
|l|☆Palafinnieon
|player|p1|
|l|‽theonlydork
|player|p2|
