|j|‽ltx nemosse
|j|☆Failbor21
|inactive|Battle timer is ON: inactive players will automatically lose when time's up.
|j|*Lady Monita ☀
|t:|1757951246
|gametype|singles
|player|p1|ltx nemosse|#teamballo2025|
|player|p2|Failbor21|saturn|
|gen|9
|tier|[Gen 9] OU
|rated|Tournament battle
|rule|HP Percentage Mod: HP is shown in percentages
|rule|Endless Battle Clause: Forcing endless battles is banned
|rule|Species Clause: Limit one of each Pokémon
|rule|OHKO Clause: OHKO moves are banned
|rule|Evasion Items Clause: Evasion items are banned
|rule|Evasion Moves Clause: Evasion moves are banned
|rule|Evasion Abilities Clause: Evasion abilities are banned
|rule|Sleep Moves Clause: Sleep-inducing moves are banned
|clearpoke
|poke|p1|Lokix, M|
|poke|p1|Alomomola, M|
|poke|p1|Great Tusk|
|poke|p1|Zapdos|
|poke|p1|Iron Crown|
|poke|p1|Zamazenta-*|
|poke|p2|Weezing-Galar, M|
|poke|p2|Gliscor, F|
|poke|p2|Slowking, F|
|poke|p2|Kingambit, F|
|poke|p2|Zamazenta-*|
|poke|p2|Garganacl, M|
|teampreview
|j| tomato spicies
|l| tomato spicies
|
|t:|1757951274
|teamsize|p1|6
|teamsize|p2|6
|start
|switch|p1a: Great Tusk|Great Tusk|100/100
|switch|p2a: Gliscor|Gliscor, F, shiny|100/100
|turn|1
|
|t:|1757951286
|move|p1a: Great Tusk|Knock Off|p2a: Gliscor
|-damage|p2a: Gliscor|79/100
|-enditem|p2a: Gliscor|Toxic Orb|[from] move: Knock Off|[of] p1a: Great Tusk
|move|p2a: Gliscor|Knock Off|p1a: Great Tusk
|-resisted|p1a: Great Tusk
|-damage|p1a: Great Tusk|94/100
|-enditem|p1a: Great Tusk|Heavy-Duty Boots|[from] move: Knock Off|[of] p2a: Gliscor
|
|upkeep
|turn|2
|
|t:|1757951306
|move|p1a: Great Tusk|Stealth Rock|p2a: Gliscor
|-sidestart|p2: Failbor21|move: Stealth Rock
|move|p2a: Gliscor|Earthquake|p1a: Great Tusk
|-damage|p1a: Great Tusk|75/100
|
|upkeep
|turn|3
|
|t:|1757951317
|-end|p1a: Great Tusk|Protosynthesis|[silent]
|switch|p1a: Alomomola|Alomomola, M|100/100
|move|p2a: Gliscor|Earthquake|p1a: Alomomola
|-crit|p1a: Alomomola
|-damage|p1a: Alomomola|65/100
|
|upkeep
|turn|4
|
|t:|1757951323
|switch|p2a: Slowking|Slowking, F, shiny|100/100
|move|p1a: Alomomola|Scald|p2a: Slowking
|-resisted|p2a: Slowking
|-damage|p2a: Slowking|96/100
|-status|p2a: Slowking|brn
|
|-damage|p2a: Slowking|90/100 brn|[from] brn
|upkeep
|turn|5
|
|t:|1757951327
|move|p1a: Alomomola|Flip Turn|p2a: Slowking
|-resisted|p2a: Slowking
|-crit|p2a: Slowking
|-damage|p2a: Slowking|78/100 brn
|
|t:|1757951341
|switch|p1a: Lokix|Lokix, M|100/100|[from] Flip Turn
|move|p2a: Slowking|Future Sight|p1a: Lokix
|-start|p2a: Slowking|move: Future Sight
|
|-damage|p2a: Slowking|72/100 brn|[from] brn
|upkeep
|turn|6
|
|t:|1757951346
|switch|p2a: Weezing|Weezing-Galar, M, shiny|100/100
|-ability|p2a: Weezing|Neutralizing Gas
|move|p1a: Lokix|U-turn|p2a: Weezing
|-resisted|p2a: Weezing
|-damage|p2a: Weezing|92/100
|
|t:|1757951348
|switch|p1a: Iron Crown|Iron Crown|100/100|[from] U-turn
|
|upkeep
|turn|7
|
|t:|1757951358
|-end|p2a: Weezing|ability: Neutralizing Gas
|switch|p2a: Slowking|Slowking, F, shiny|100/100 brn
|move|p1a: Iron Crown|Tachyon Cutter|p2a: Slowking
|-resisted|p2a: Slowking
|-damage|p2a: Slowking|89/100 brn
|-resisted|p2a: Slowking
|-damage|p2a: Slowking|79/100 brn
|-hitcount|p2a: Slowking|2
|
|-end|p1a: Iron Crown|move: Future Sight
|-resisted|p1a: Iron Crown
|-damage|p1a: Iron Crown|90/100
|-damage|p2a: Slowking|73/100 brn|[from] brn
|upkeep
|turn|8
|
|t:|1757951365
|-end|p1a: Iron Crown|Quark Drive|[silent]
|switch|p1a: Alomomola|Alomomola, M|98/100
|move|p2a: Slowking|Thunder Wave|p1a: Alomomola
|-status|p1a: Alomomola|par
|
|-damage|p2a: Slowking|66/100 brn|[from] brn
|upkeep
|turn|9
|
|t:|1757951369
|cant|p1a: Alomomola|par
|move|p2a: Slowking|Future Sight|p1a: Alomomola
|-start|p2a: Slowking|move: Future Sight
|
|-damage|p2a: Slowking|60/100 brn|[from] brn
|upkeep
|turn|10
|
|t:|1757951376
|move|p1a: Alomomola|Flip Turn|p2a: Slowking
|-resisted|p2a: Slowking
|-damage|p2a: Slowking|52/100 brn
|
|t:|1757951378
|switch|p1a: Great Tusk|Great Tusk|75/100|[from] Flip Turn
|-prepare|p2a: Slowking|Chilly Reception|[premajor]
|move|p2a: Slowking|Chilly Reception|p2a: Slowking
|-weather|Snowscape
|
|t:|1757951396
|switch|p2a: Zamazenta|Zamazenta|100/100|[from] Chilly Reception
|-damage|p2a: Zamazenta|94/100|[from] Stealth Rock
|-ability|p2a: Zamazenta|Dauntless Shield|boost
|-boost|p2a: Zamazenta|def|1
|
|-weather|Snowscape|[upkeep]
|-heal|p2a: Zamazenta|100/100|[from] item: Leftovers
|upkeep
|turn|11
|
|t:|1757951405
|-end|p1a: Great Tusk|Protosynthesis|[silent]
|switch|p1a: Alomomola|Alomomola, M|100/100 par
|move|p2a: Zamazenta|Iron Defense|p2a: Zamazenta
|-boost|p2a: Zamazenta|def|2
|
|-weather|Snowscape|[upkeep]
|-end|p1a: Alomomola|move: Future Sight
|-crit|p1a: Alomomola
|-damage|p1a: Alomomola|69/100 par
|upkeep
|turn|12
|
|t:|1757951411
|switch|p1a: Zapdos|Zapdos|100/100
|move|p2a: Zamazenta|Iron Defense|p2a: Zamazenta
|-boost|p2a: Zamazenta|def|2
|
|-weather|Snowscape|[upkeep]
|upkeep
|turn|13
|j| Ominous Void
|
|t:|1757951430
|-terastallize|p2a: Zamazenta|Fire
|move|p2a: Zamazenta|Iron Defense|p2a: Zamazenta
|-boost|p2a: Zamazenta|def|1
|move|p1a: Zapdos|Thunder Wave|p2a: Zamazenta
|-status|p2a: Zamazenta|par
|
|-weather|Snowscape|[upkeep]
|upkeep
|turn|14
|
|t:|1757951438
|move|p1a: Zapdos|Hurricane|p2a: Zamazenta
|-damage|p2a: Zamazenta|64/100 par
|move|p2a: Zamazenta|Body Press|p1a: Zapdos
|-resisted|p1a: Zapdos
|-damage|p1a: Zapdos|51/100
|
|-weather|none
|-heal|p2a: Zamazenta|70/100 par|[from] item: Leftovers
|upkeep
|turn|15
|l| Ominous Void
|
|t:|1757951445
|move|p1a: Zapdos|Hurricane|p2a: Zamazenta
|-damage|p2a: Zamazenta|36/100 par
|move|p2a: Zamazenta|Rest|p2a: Zamazenta
|-status|p2a: Zamazenta|slp|[from] move: Rest
|-heal|p2a: Zamazenta|100/100 slp|[silent]
|
|upkeep
|turn|16
|
|t:|1757951451
|switch|p1a: Zamazenta|Zamazenta|100/100
|-ability|p1a: Zamazenta|Dauntless Shield|boost
|-boost|p1a: Zamazenta|def|1
|cant|p2a: Zamazenta|slp
|
|upkeep
|turn|17
|
|t:|1757951454
|cant|p2a: Zamazenta|slp
|move|p1a: Zamazenta|Roar|p2a: Zamazenta
|drag|p2a: Weezing|Weezing-Galar, M, shiny|92/100
|-ability|p2a: Weezing|Neutralizing Gas
|
|upkeep
|turn|18
|
|t:|1757951458
|switch|p1a: Iron Crown|Iron Crown|90/100
|move|p2a: Weezing|Will-O-Wisp|p1a: Iron Crown
|-status|p1a: Iron Crown|brn
|
|-damage|p1a: Iron Crown|84/100 brn|[from] brn
|upkeep
|turn|19
|
|t:|1757951461
|-end|p2a: Weezing|ability: Neutralizing Gas
|switch|p2a: Slowking|Slowking, F, shiny|85/100 brn
|move|p1a: Iron Crown|Volt Switch|p2a: Slowking
|-supereffective|p2a: Slowking
|-damage|p2a: Slowking|46/100 brn
|
|t:|1757951464
|-end|p1a: Iron Crown|Quark Drive|[silent]
|switch|p1a: Lokix|Lokix, M|100/100|[from] Volt Switch
|
|-damage|p2a: Slowking|40/100 brn|[from] brn
|upkeep
|turn|20
|
|t:|1757951468
|switch|p2a: Weezing|Weezing-Galar, M, shiny|92/100
|-ability|p2a: Weezing|Neutralizing Gas
|move|p1a: Lokix|U-turn|p2a: Weezing
|-resisted|p2a: Weezing
|-damage|p2a: Weezing|84/100
|
|t:|1757951469
|switch|p1a: Iron Crown|Iron Crown|84/100 brn|[from] U-turn
|
|-damage|p1a: Iron Crown|77/100 brn|[from] brn
|upkeep
|turn|21
|
|t:|1757951476
|-end|p2a: Weezing|ability: Neutralizing Gas
|switch|p2a: Slowking|Slowking, F, shiny|73/100 brn
|move|p1a: Iron Crown|Tachyon Cutter|p2a: Slowking
|-resisted|p2a: Slowking
|-damage|p2a: Slowking|63/100 brn
|-resisted|p2a: Slowking
|-damage|p2a: Slowking|51/100 brn
|-hitcount|p2a: Slowking|2
|
|-damage|p1a: Iron Crown|71/100 brn|[from] brn
|-damage|p2a: Slowking|45/100 brn|[from] brn
|upkeep
|turn|22
|
|t:|1757951482
|-end|p1a: Iron Crown|Quark Drive|[silent]
|switch|p1a: Zapdos|Zapdos|51/100
|-prepare|p2a: Slowking|Chilly Reception|[premajor]
|move|p2a: Slowking|Chilly Reception|p2a: Slowking
|-weather|Snowscape
|
|t:|1757951487
|switch|p2a: Garganacl|Garganacl, M|100/100|[from] Chilly Reception
|-damage|p2a: Garganacl|88/100|[from] Stealth Rock
|
|-weather|Snowscape|[upkeep]
|-heal|p2a: Garganacl|94/100|[from] item: Leftovers
|upkeep
|turn|23
|
|t:|1757951491
|move|p1a: Zapdos|Volt Switch|p2a: Garganacl
|-damage|p2a: Garganacl|75/100
|
|t:|1757951492
|switch|p1a: Great Tusk|Great Tusk|75/100|[from] Volt Switch
|move|p2a: Garganacl|Salt Cure|p1a: Great Tusk
|-resisted|p1a: Great Tusk
|-damage|p1a: Great Tusk|73/100
|-start|p1a: Great Tusk|Salt Cure
|
|-weather|Snowscape|[upkeep]
|-heal|p2a: Garganacl|81/100|[from] item: Leftovers
|-damage|p1a: Great Tusk|60/100|[from] Salt Cure
|upkeep
|turn|24
|
|t:|1757951496
|move|p2a: Garganacl|Protect|p2a: Garganacl
|-singleturn|p2a: Garganacl|Protect
|move|p1a: Great Tusk|Knock Off|p2a: Garganacl
|-activate|p2a: Garganacl|move: Protect
|
|-weather|Snowscape|[upkeep]
|-heal|p2a: Garganacl|87/100|[from] item: Leftovers
|-damage|p1a: Great Tusk|48/100|[from] Salt Cure
|upkeep
|turn|25
|
|t:|1757951503
|switch|p2a: Gliscor|Gliscor, F, shiny|79/100
|-damage|p2a: Gliscor|66/100|[from] Stealth Rock
|move|p1a: Great Tusk|Knock Off|p2a: Gliscor
|-damage|p2a: Gliscor|52/100
|
|-weather|Snowscape|[upkeep]
|-damage|p1a: Great Tusk|35/100|[from] Salt Cure
|upkeep
|turn|26
|
|t:|1757951515
|-end|p1a: Great Tusk|Protosynthesis|[silent]
|switch|p1a: Alomomola|Alomomola, M|100/100 par
|move|p2a: Gliscor|Swords Dance|p2a: Gliscor
|-boost|p2a: Gliscor|atk|2
|
|-weather|none
|upkeep
|turn|27
|
|t:|1757951520
|switch|p2a: Slowking|Slowking, F, shiny|79/100 brn
|move|p1a: Alomomola|Flip Turn|p2a: Slowking
|-resisted|p2a: Slowking
|-damage|p2a: Slowking|70/100 brn
|
|t:|1757951524
|switch|p1a: Lokix|Lokix, M|100/100|[from] Flip Turn
|
|-damage|p2a: Slowking|64/100 brn|[from] brn
|upkeep
|turn|28
|
|t:|1757951528
|switch|p2a: Weezing|Weezing-Galar, M, shiny|84/100
|-ability|p2a: Weezing|Neutralizing Gas
|move|p1a: Lokix|U-turn|p2a: Weezing
|-resisted|p2a: Weezing
|-damage|p2a: Weezing|76/100
|
|t:|1757951530
|switch|p1a: Zapdos|Zapdos|51/100|[from] U-turn
|
|upkeep
|turn|29
|
|t:|1757951535
|-end|p2a: Weezing|ability: Neutralizing Gas
|switch|p2a: Garganacl|Garganacl, M|87/100
|-damage|p2a: Garganacl|75/100|[from] Stealth Rock
|move|p1a: Zapdos|Hurricane|p2a: Garganacl
|-resisted|p2a: Garganacl
|-damage|p2a: Garganacl|60/100
|
|-heal|p2a: Garganacl|66/100|[from] item: Leftovers
|upkeep
|turn|30
|
|t:|1757951539
|move|p1a: Zapdos|Volt Switch|p2a: Garganacl
|-damage|p2a: Garganacl|45/100
|
|t:|1757951541
|switch|p1a: Great Tusk|Great Tusk|35/100|[from] Volt Switch
|move|p2a: Garganacl|Salt Cure|p1a: Great Tusk
|-resisted|p1a: Great Tusk
|-damage|p1a: Great Tusk|33/100
|-start|p1a: Great Tusk|Salt Cure
|
|-heal|p2a: Garganacl|51/100|[from] item: Leftovers
|-damage|p1a: Great Tusk|21/100|[from] Salt Cure
|upkeep
|turn|31
|
|t:|1757951547
|move|p2a: Garganacl|Protect|p2a: Garganacl
|-singleturn|p2a: Garganacl|Protect
|move|p1a: Great Tusk|Headlong Rush|p2a: Garganacl
|-activate|p2a: Garganacl|move: Protect
|
|-heal|p2a: Garganacl|57/100|[from] item: Leftovers
|-damage|p1a: Great Tusk|8/100|[from] Salt Cure
|upkeep
|turn|32
|
|t:|1757951552
|switch|p2a: Gliscor|Gliscor, F, shiny|52/100
|-damage|p2a: Gliscor|39/100|[from] Stealth Rock
|move|p1a: Great Tusk|Headlong Rush|p2a: Gliscor
|-immune|p2a: Gliscor
|
|-damage|p1a: Great Tusk|0 fnt|[from] Salt Cure
|faint|p1a: Great Tusk
|-end|p1a: Great Tusk|Protosynthesis|[silent]
|upkeep
|
|t:|1757951557
|switch|p1a: Iron Crown|Iron Crown|71/100 brn
|turn|33
|
|t:|1757951562
|move|p2a: Gliscor|Protect|p2a: Gliscor
|-singleturn|p2a: Gliscor|Protect
|move|p1a: Iron Crown|Tachyon Cutter|p2a: Gliscor
|-activate|p2a: Gliscor|move: Protect
|
|-damage|p1a: Iron Crown|65/100 brn|[from] brn
|upkeep
|turn|34
|
|t:|1757951566
|-end|p1a: Iron Crown|Quark Drive|[silent]
|switch|p1a: Lokix|Lokix, M|100/100
|switch|p2a: Slowking|Slowking, F, shiny|97/100 brn
|
|-damage|p2a: Slowking|91/100 brn|[from] brn
|upkeep
|turn|35
|
|t:|1757951571
|switch|p2a: Weezing|Weezing-Galar, M, shiny|76/100
|-ability|p2a: Weezing|Neutralizing Gas
|move|p1a: Lokix|U-turn|p2a: Weezing
|-resisted|p2a: Weezing
|-damage|p2a: Weezing|68/100
|
|t:|1757951572
|switch|p1a: Zapdos|Zapdos|51/100|[from] U-turn
|
|upkeep
|turn|36
|
|t:|1757951578
|-end|p2a: Weezing|ability: Neutralizing Gas
|switch|p2a: Gliscor|Gliscor, F, shiny|39/100
|-damage|p2a: Gliscor|27/100|[from] Stealth Rock
|move|p1a: Zapdos|Volt Switch|p2a: Gliscor
|-immune|p2a: Gliscor
|
|upkeep
|turn|37
|
|t:|1757951582
|switch|p2a: Garganacl|Garganacl, M|57/100
|-damage|p2a: Garganacl|45/100|[from] Stealth Rock
|move|p1a: Zapdos|Roost|p1a: Zapdos
|-heal|p1a: Zapdos|100/100
|-singleturn|p1a: Zapdos|move: Roost
|
|-heal|p2a: Garganacl|51/100|[from] item: Leftovers
|upkeep
|turn|38
|
|t:|1757951587
|move|p1a: Zapdos|Volt Switch|p2a: Garganacl
|-damage|p2a: Garganacl|32/100
|
|t:|1757951589
|switch|p1a: Zamazenta|Zamazenta|100/100|[from] Volt Switch
|move|p2a: Garganacl|Recover|p2a: Garganacl
|-heal|p2a: Garganacl|82/100
|
|-heal|p2a: Garganacl|89/100|[from] item: Leftovers
|upkeep
|turn|39
|
|t:|1757951595
|move|p1a: Zamazenta|Body Press|p2a: Garganacl
|-supereffective|p2a: Garganacl
|-damage|p2a: Garganacl|50/100
|move|p2a: Garganacl|Stealth Rock|p1a: Zamazenta
|-sidestart|p1: ltx nemosse|move: Stealth Rock
|
|-heal|p2a: Garganacl|56/100|[from] item: Leftovers
|upkeep
|turn|40
|
|t:|1757951600
|switch|p1a: Zapdos|Zapdos|100/100
|move|p2a: Garganacl|Protect||[still]
|-fail|p2a: Garganacl
|
|-heal|p2a: Garganacl|62/100|[from] item: Leftovers
|upkeep
|turn|41
|
|t:|1757951603
|move|p1a: Zapdos|Volt Switch|p2a: Garganacl
|-crit|p2a: Garganacl
|-damage|p2a: Garganacl|33/100
|
|t:|1757951606
|switch|p1a: Zamazenta|Zamazenta|100/100|[from] Volt Switch
|-damage|p1a: Zamazenta|94/100|[from] Stealth Rock
|move|p2a: Garganacl|Recover|p2a: Garganacl
|-heal|p2a: Garganacl|83/100
|
|-heal|p1a: Zamazenta|100/100|[from] item: Leftovers
|-heal|p2a: Garganacl|89/100|[from] item: Leftovers
|upkeep
|turn|42
|
|t:|1757951612
|switch|p2a: Weezing|Weezing-Galar, M, shiny|68/100
|-ability|p2a: Weezing|Neutralizing Gas
|move|p1a: Zamazenta|Body Press|p2a: Weezing
|-resisted|p2a: Weezing
|-damage|p2a: Weezing|63/100
|
|upkeep
|turn|43
|
|t:|1757951618
|switch|p1a: Iron Crown|Iron Crown|65/100 brn
|-damage|p1a: Iron Crown|59/100 brn|[from] Stealth Rock
|move|p2a: Weezing|Pain Split|p1a: Iron Crown
|-sethp|p1a: Iron Crown|62/100 brn|[from] move: Pain Split|[silent]
|-sethp|p2a: Weezing|60/100|[from] move: Pain Split
|
|-damage|p1a: Iron Crown|56/100 brn|[from] brn
|upkeep
|turn|44
|
|t:|1757951626
|-end|p2a: Weezing|ability: Neutralizing Gas
|switch|p2a: Gliscor|Gliscor, F, shiny|27/100
|-damage|p2a: Gliscor|14/100|[from] Stealth Rock
|move|p1a: Iron Crown|Volt Switch|p2a: Gliscor
|-immune|p2a: Gliscor
|
|-damage|p1a: Iron Crown|49/100 brn|[from] brn
|upkeep
|turn|45
|j| Atarialex
|
|t:|1757951632
|-end|p1a: Iron Crown|Quark Drive|[silent]
|switch|p1a: Zapdos|Zapdos|100/100
|move|p2a: Gliscor|Knock Off|p1a: Zapdos
|-damage|p1a: Zapdos|84/100
|-status|p2a: Gliscor|par|[from] ability: Static|[of] p1a: Zapdos
|-enditem|p1a: Zapdos|Heavy-Duty Boots|[from] move: Knock Off|[of] p2a: Gliscor
|
|upkeep
|turn|46
|
|t:|1757951638
|switch|p2a: Garganacl|Garganacl, M|89/100
|-damage|p2a: Garganacl|76/100|[from] Stealth Rock
|move|p1a: Zapdos|Volt Switch|p2a: Garganacl
|-damage|p2a: Garganacl|56/100
|
|t:|1757951641
|switch|p1a: Zamazenta|Zamazenta|100/100|[from] Volt Switch
|-damage|p1a: Zamazenta|94/100|[from] Stealth Rock
|
|-heal|p1a: Zamazenta|100/100|[from] item: Leftovers
|-heal|p2a: Garganacl|63/100|[from] item: Leftovers
|upkeep
|turn|47
|j| BLUNDER POLlCY
|
|t:|1757951644
|move|p2a: Garganacl|Protect|p2a: Garganacl
|-singleturn|p2a: Garganacl|Protect
|move|p1a: Zamazenta|Iron Defense|p1a: Zamazenta
|-boost|p1a: Zamazenta|def|2
|
|-heal|p2a: Garganacl|69/100|[from] item: Leftovers
|upkeep
|turn|48
|
|t:|1757951651
|switch|p1a: Iron Crown|Iron Crown|49/100 brn
|-damage|p1a: Iron Crown|43/100 brn|[from] Stealth Rock
|switch|p2a: Weezing|Weezing-Galar, M, shiny|60/100
|-ability|p2a: Weezing|Neutralizing Gas
|
|-damage|p1a: Iron Crown|37/100 brn|[from] brn
|upkeep
|turn|49
|
|t:|1757951655
|-end|p2a: Weezing|ability: Neutralizing Gas
|switch|p2a: Slowking|Slowking, F, shiny|100/100 brn
|move|p1a: Iron Crown|Tachyon Cutter|p2a: Slowking
|-resisted|p2a: Slowking
|-damage|p2a: Slowking|88/100 brn
|-resisted|p2a: Slowking
|-damage|p2a: Slowking|77/100 brn
|-hitcount|p2a: Slowking|2
|
|-damage|p1a: Iron Crown|31/100 brn|[from] brn
|-damage|p2a: Slowking|71/100 brn|[from] brn
|upkeep
|turn|50
|
|t:|1757951661
|move|p1a: Iron Crown|Tachyon Cutter|p2a: Slowking
|-resisted|p2a: Slowking
|-damage|p2a: Slowking|60/100 brn
|-resisted|p2a: Slowking
|-damage|p2a: Slowking|48/100 brn
|-hitcount|p2a: Slowking|2
|-prepare|p2a: Slowking|Chilly Reception|[premajor]
|move|p2a: Slowking|Chilly Reception|p2a: Slowking
|-weather|Snowscape
|
|t:|1757951666
|switch|p2a: Kingambit|Kingambit, F|100/100|[from] Chilly Reception
|-damage|p2a: Kingambit|94/100|[from] Stealth Rock
|-item|p2a: Kingambit|Air Balloon
|
|-weather|Snowscape|[upkeep]
|-damage|p1a: Iron Crown|24/100 brn|[from] brn
|upkeep
|turn|51
|
|t:|1757951671
|-end|p1a: Iron Crown|Quark Drive|[silent]
|switch|p1a: Zamazenta|Zamazenta|100/100
|-damage|p1a: Zamazenta|94/100|[from] Stealth Rock
|move|p2a: Kingambit|Iron Head|p1a: Zamazenta
|-damage|p1a: Zamazenta|58/100
|
|-weather|Snowscape|[upkeep]
|-heal|p1a: Zamazenta|64/100|[from] item: Leftovers
|upkeep
|turn|52
|
|t:|1757951676
|switch|p1a: Iron Crown|Iron Crown|24/100 brn
|-damage|p1a: Iron Crown|18/100 brn|[from] Stealth Rock
|-end|p2a: Kingambit|fallenundefined|[silent]
|switch|p2a: Weezing|Weezing-Galar, M, shiny|60/100
|-ability|p2a: Weezing|Neutralizing Gas
|
|-weather|Snowscape|[upkeep]
|-damage|p1a: Iron Crown|12/100 brn|[from] brn
|upkeep
|turn|53
|
|t:|1757951683
|-end|p2a: Weezing|ability: Neutralizing Gas
|switch|p2a: Gliscor|Gliscor, F, shiny|14/100 par
|-damage|p2a: Gliscor|2/100 par|[from] Stealth Rock
|move|p1a: Iron Crown|Tachyon Cutter|p2a: Gliscor
|-damage|p2a: Gliscor|0 fnt
|faint|p2a: Gliscor
|-hitcount|p2: Gliscor|1
|
|-weather|Snowscape|[upkeep]
|-damage|p1a: Iron Crown|6/100 brn|[from] brn
|upkeep
|
|t:|1757951685
|switch|p2a: Slowking|Slowking, F, shiny|82/100 brn
|turn|54
|
|t:|1757951690
|move|p1a: Iron Crown|Tachyon Cutter|p2a: Slowking
|-resisted|p2a: Slowking
|-damage|p2a: Slowking|71/100 brn
|-resisted|p2a: Slowking
|-damage|p2a: Slowking|59/100 brn
|-hitcount|p2a: Slowking|2
|-prepare|p2a: Slowking|Chilly Reception|[premajor]
|move|p2a: Slowking|Chilly Reception|p2a: Slowking
|
|t:|1757951695
|switch|p2a: Garganacl|Garganacl, M|69/100|[from] Chilly Reception
|-damage|p2a: Garganacl|56/100|[from] Stealth Rock
|
|-weather|none
|-heal|p2a: Garganacl|63/100|[from] item: Leftovers
|-damage|p1a: Iron Crown|0 fnt|[from] brn
|faint|p1a: Iron Crown
|-end|p1a: Iron Crown|Quark Drive|[silent]
|upkeep
|
|t:|1757951698
|switch|p1a: Zamazenta|Zamazenta|64/100
|-damage|p1a: Zamazenta|58/100|[from] Stealth Rock
|turn|55
|
|t:|1757951704
|switch|p2a: Weezing|Weezing-Galar, M, shiny|60/100
|-ability|p2a: Weezing|Neutralizing Gas
|move|p1a: Zamazenta|Body Press|p2a: Weezing
|-resisted|p2a: Weezing
|-crit|p2a: Weezing
|-damage|p2a: Weezing|52/100
|
|-heal|p1a: Zamazenta|64/100|[from] item: Leftovers
|upkeep
|turn|56
|
|t:|1757951706
|switch|p1a: Alomomola|Alomomola, M|100/100 par
|-damage|p1a: Alomomola|88/100 par|[from] Stealth Rock
|move|p2a: Weezing|Strange Steam|p1a: Alomomola
|-damage|p1a: Alomomola|73/100 par
|
|upkeep
|turn|57
|
|t:|1757951710
|move|p2a: Weezing|Pain Split|p1a: Alomomola
|-sethp|p1a: Alomomola|55/100 par|[from] move: Pain Split|[silent]
|-sethp|p2a: Weezing|78/100|[from] move: Pain Split
|cant|p1a: Alomomola|par
|
|upkeep
|turn|58
|
|t:|1757951713
|-end|p2a: Weezing|ability: Neutralizing Gas
|switch|p2a: Slowking|Slowking, F, shiny|92/100 brn
|move|p1a: Alomomola|Scald|p2a: Slowking
|-resisted|p2a: Slowking
|-damage|p2a: Slowking|88/100 brn
|
|-damage|p2a: Slowking|82/100 brn|[from] brn
|upkeep
|turn|59
|
|t:|1757951717
|switch|p1a: Lokix|Lokix, M|100/100
|-damage|p1a: Lokix|76/100|[from] Stealth Rock
|move|p2a: Slowking|Future Sight|p1a: Lokix
|-start|p2a: Slowking|move: Future Sight
|
|-damage|p2a: Slowking|76/100 brn|[from] brn
|upkeep
|turn|60
|
|t:|1757951721
|switch|p2a: Weezing|Weezing-Galar, M, shiny|78/100
|-ability|p2a: Weezing|Neutralizing Gas
|move|p1a: Lokix|Knock Off|p2a: Weezing
|-resisted|p2a: Weezing
|-damage|p2a: Weezing|56/100
|-enditem|p2a: Weezing|Heavy-Duty Boots|[from] move: Knock Off|[of] p1a: Lokix
|
|upkeep
|turn|61
|
|t:|1757951726
|switch|p1a: Alomomola|Alomomola, M|88/100 par
|-damage|p1a: Alomomola|75/100 par|[from] Stealth Rock
|move|p2a: Weezing|Defog|p1a: Alomomola
|-unboost|p1a: Alomomola|evasion|1
|-sideend|p1: ltx nemosse|Stealth Rock|[from] move: Defog|[of] p2a: Weezing
|-sideend|p2: Failbor21|Stealth Rock|[from] move: Defog|[of] p2a: Weezing
|
|-end|p1a: Alomomola|move: Future Sight
|-damage|p1a: Alomomola|52/100 par
|upkeep
|turn|62
|j|+Taka
|
|t:|1757951734
|-end|p2a: Weezing|ability: Neutralizing Gas
|switch|p2a: Slowking|Slowking, F, shiny|100/100 brn
|move|p1a: Alomomola|Flip Turn|p2a: Slowking
|-resisted|p2a: Slowking
|-damage|p2a: Slowking|92/100 brn
|j| tomato spicies
|
|t:|1757951737
|switch|p1a: Lokix|Lokix, M|76/100|[from] Flip Turn
|
|-damage|p2a: Slowking|86/100 brn|[from] brn
|upkeep
|turn|63
|
|t:|1757951740
|switch|p2a: Weezing|Weezing-Galar, M, shiny|56/100
|-ability|p2a: Weezing|Neutralizing Gas
|-terastallize|p1a: Lokix|Bug
|move|p1a: Lokix|U-turn|p2a: Weezing
|-resisted|p2a: Weezing
|-damage|p2a: Weezing|44/100
|
|t:|1757951742
|switch|p1a: Zapdos|Zapdos|84/100|[from] U-turn
|
|upkeep
|turn|64
|l| tomato spicies
|
|t:|1757951746
|-end|p2a: Weezing|ability: Neutralizing Gas
|switch|p2a: Garganacl|Garganacl, M|63/100
|move|p1a: Zapdos|Volt Switch|p2a: Garganacl
|-damage|p2a: Garganacl|44/100
|
|t:|1757951753
|switch|p1a: Lokix|Lokix, M, tera:Bug|76/100|[from] Volt Switch
|
|-heal|p2a: Garganacl|50/100|[from] item: Leftovers
|upkeep
|turn|65
|
|t:|1757951756
|move|p2a: Garganacl|Protect|p2a: Garganacl
|-singleturn|p2a: Garganacl|Protect
|move|p1a: Lokix|U-turn|p2a: Garganacl
|-activate|p2a: Garganacl|move: Protect
|
|-heal|p2a: Garganacl|56/100|[from] item: Leftovers
|upkeep
|turn|66
|
|t:|1757951771
|move|p1a: Lokix|U-turn|p2a: Garganacl
|-damage|p2a: Garganacl|10/100
|
|t:|1757951774
|switch|p1a: Zapdos|Zapdos|84/100|[from] U-turn
|move|p2a: Garganacl|Recover|p2a: Garganacl
|-heal|p2a: Garganacl|61/100
|
|-heal|p2a: Garganacl|67/100|[from] item: Leftovers
|upkeep
|turn|67
|
|t:|1757951788
|move|p1a: Zapdos|Volt Switch|p2a: Garganacl
|-damage|p2a: Garganacl|47/100
|
|t:|1757951791
|switch|p1a: Zamazenta|Zamazenta|64/100|[from] Volt Switch
|move|p2a: Garganacl|Stealth Rock|p1a: Zamazenta
|-sidestart|p1: ltx nemosse|move: Stealth Rock
|
|-heal|p1a: Zamazenta|71/100|[from] item: Leftovers
|-heal|p2a: Garganacl|54/100|[from] item: Leftovers
|upkeep
|turn|68
|
|t:|1757951796
|move|p2a: Garganacl|Protect|p2a: Garganacl
|-singleturn|p2a: Garganacl|Protect
|move|p1a: Zamazenta|Body Press|p2a: Garganacl
|-activate|p2a: Garganacl|move: Protect
|
|-heal|p1a: Zamazenta|77/100|[from] item: Leftovers
|-heal|p2a: Garganacl|60/100|[from] item: Leftovers
|upkeep
|turn|69
|
|t:|1757951798
|switch|p2a: Weezing|Weezing-Galar, M, shiny|44/100
|-ability|p2a: Weezing|Neutralizing Gas
|move|p1a: Zamazenta|Body Press|p2a: Weezing
|-resisted|p2a: Weezing
|-damage|p2a: Weezing|39/100
|
|-heal|p1a: Zamazenta|83/100|[from] item: Leftovers
|upkeep
|turn|70
|
|t:|1757951803
|switch|p1a: Zapdos|Zapdos|84/100
|-damage|p1a: Zapdos|59/100|[from] Stealth Rock
|move|p2a: Weezing|Pain Split|p1a: Zapdos
|-sethp|p1a: Zapdos|46/100|[from] move: Pain Split|[silent]
|-sethp|p2a: Weezing|53/100|[from] move: Pain Split
|
|upkeep
|turn|71
|
|t:|1757951818
|-end|p2a: Weezing|ability: Neutralizing Gas
|switch|p2a: Zamazenta|Zamazenta, tera:Fire|100/100 slp
|move|p1a: Zapdos|Volt Switch|p2a: Zamazenta
|-damage|p2a: Zamazenta|76/100 slp
|
|t:|1757951825
|switch|p1a: Alomomola|Alomomola, M|85/100 par|[from] Volt Switch
|-damage|p1a: Alomomola|73/100 par|[from] Stealth Rock
|
|-heal|p2a: Zamazenta|82/100 slp|[from] item: Leftovers
|upkeep
|turn|72
|
|t:|1757951829
|-curestatus|p2a: Zamazenta|slp|[msg]
|move|p2a: Zamazenta|Iron Defense|p2a: Zamazenta
|-boost|p2a: Zamazenta|def|2
|move|p1a: Alomomola|Flip Turn|p2a: Zamazenta
|-supereffective|p2a: Zamazenta
|-damage|p2a: Zamazenta|69/100
|
|t:|1757951832
|switch|p1a: Zamazenta|Zamazenta|83/100|[from] Flip Turn
|-damage|p1a: Zamazenta|77/100|[from] Stealth Rock
|
|-heal|p1a: Zamazenta|83/100|[from] item: Leftovers
|-heal|p2a: Zamazenta|75/100|[from] item: Leftovers
|upkeep
|turn|73
|j| Jouos
|
|t:|1757951836
|move|p1a: Zamazenta|Iron Defense|p1a: Zamazenta
|-boost|p1a: Zamazenta|def|2
|move|p2a: Zamazenta|Body Press|p1a: Zamazenta
|-damage|p1a: Zamazenta|56/100
|
|-heal|p1a: Zamazenta|62/100|[from] item: Leftovers
|-heal|p2a: Zamazenta|81/100|[from] item: Leftovers
|upkeep
|turn|74
|
|t:|1757951840
|move|p2a: Zamazenta|Iron Defense|p2a: Zamazenta
|-boost|p2a: Zamazenta|def|2
|move|p1a: Zamazenta|Roar|p2a: Zamazenta
|drag|p2a: Kingambit|Kingambit, F|94/100
|-activate|p2a: Kingambit|ability: Supreme Overlord
|-start|p2a: Kingambit|fallen1|[silent]
|-item|p2a: Kingambit|Air Balloon
|
|-heal|p1a: Zamazenta|68/100|[from] item: Leftovers
|upkeep
|turn|75
|
|t:|1757951844
|-end|p2a: Kingambit|fallen1|[silent]
|switch|p2a: Weezing|Weezing-Galar, M, shiny|53/100
|-ability|p2a: Weezing|Neutralizing Gas
|move|p1a: Zamazenta|Body Press|p2a: Weezing
|-resisted|p2a: Weezing
|-damage|p2a: Weezing|43/100
|
|-heal|p1a: Zamazenta|75/100|[from] item: Leftovers
|upkeep
|turn|76
|
|t:|1757951850
|switch|p1a: Zapdos|Zapdos|46/100
|-damage|p1a: Zapdos|22/100|[from] Stealth Rock
|move|p2a: Weezing|Strange Steam|p1a: Zapdos
|-damage|p1a: Zapdos|0 fnt
|faint|p1a: Zapdos
|
|upkeep
|
|t:|1757951852
|switch|p1a: Alomomola|Alomomola, M|100/100 par
|-damage|p1a: Alomomola|88/100 par|[from] Stealth Rock
|turn|77
|
|t:|1757951855
|move|p2a: Weezing|Pain Split|p1a: Alomomola
|-sethp|p1a: Alomomola|59/100 par|[from] move: Pain Split|[silent]
|-sethp|p2a: Weezing|84/100|[from] move: Pain Split
|move|p1a: Alomomola|Scald|p2a: Weezing
|-damage|p2a: Weezing|67/100
|-status|p2a: Weezing|brn
|
|-damage|p2a: Weezing|61/100 brn|[from] brn
|upkeep
|turn|78
|
|t:|1757951870
|move|p2a: Weezing|Strange Steam|p1a: Alomomola
|-damage|p1a: Alomomola|44/100 par
|move|p1a: Alomomola|Flip Turn|p2a: Weezing
|-damage|p2a: Weezing|49/100 brn
|
|t:|1757951885
|switch|p1a: Lokix|Lokix, M, tera:Bug|76/100|[from] Flip Turn
|-damage|p1a: Lokix|51/100|[from] Stealth Rock
|
|-damage|p2a: Weezing|43/100 brn|[from] brn
|upkeep
|turn|79
|
|t:|1757951896
|move|p1a: Lokix|U-turn|p2a: Weezing
|-resisted|p2a: Weezing
|-damage|p2a: Weezing|31/100 brn
|
|t:|1757951897
|switch|p1a: Alomomola|Alomomola, M|44/100 par|[from] U-turn
|-damage|p1a: Alomomola|31/100 par|[from] Stealth Rock
|move|p2a: Weezing|Pain Split|p1a: Alomomola
|-sethp|p1a: Alomomola|27/100 par|[from] move: Pain Split|[silent]
|-sethp|p2a: Weezing|38/100 brn|[from] move: Pain Split
|
|-damage|p2a: Weezing|32/100 brn|[from] brn
|upkeep
|turn|80
|
|t:|1757951905
|move|p2a: Weezing|Strange Steam|p1a: Alomomola
|-damage|p1a: Alomomola|11/100 par
|move|p1a: Alomomola|Flip Turn|p2a: Weezing
|-damage|p2a: Weezing|21/100 brn
|
|t:|1757951909
|switch|p1a: Lokix|Lokix, M, tera:Bug|51/100|[from] Flip Turn
|-damage|p1a: Lokix|26/100|[from] Stealth Rock
|
|-damage|p2a: Weezing|15/100 brn|[from] brn
|upkeep
|turn|81
|
|t:|1757951922
|-end|p2a: Weezing|ability: Neutralizing Gas
|switch|p2a: Zamazenta|Zamazenta, tera:Fire|81/100
|move|p1a: Lokix|First Impression|p2a: Zamazenta
|-resisted|p2a: Zamazenta
|-damage|p2a: Zamazenta|18/100
|
|-heal|p2a: Zamazenta|24/100|[from] item: Leftovers
|upkeep
|turn|82
|
|t:|1757951931
|switch|p1a: Zamazenta|Zamazenta|75/100
|-damage|p1a: Zamazenta|68/100|[from] Stealth Rock
|move|p2a: Zamazenta|Iron Defense|p2a: Zamazenta
|-boost|p2a: Zamazenta|def|2
|
|-heal|p1a: Zamazenta|75/100|[from] item: Leftovers
|-heal|p2a: Zamazenta|30/100|[from] item: Leftovers
|upkeep
|turn|83
|
|t:|1757951933
|move|p1a: Zamazenta|Iron Defense|p1a: Zamazenta
|-boost|p1a: Zamazenta|def|2
|move|p2a: Zamazenta|Body Press|p1a: Zamazenta
|-damage|p1a: Zamazenta|47/100
|
|-heal|p1a: Zamazenta|53/100|[from] item: Leftovers
|-heal|p2a: Zamazenta|36/100|[from] item: Leftovers
|upkeep
|turn|84
|
|t:|1757951939
|move|p2a: Zamazenta|Body Press|p1a: Zamazenta
|-damage|p1a: Zamazenta|27/100
|move|p1a: Zamazenta|Roar|p2a: Zamazenta
|drag|p2a: Slowking|Slowking, F, shiny|100/100 brn
|
|-heal|p1a: Zamazenta|33/100|[from] item: Leftovers
|-damage|p2a: Slowking|94/100 brn|[from] brn
|upkeep
|turn|85
|
|t:|1757951943
|move|p1a: Zamazenta|Crunch|p2a: Slowking
|-supereffective|p2a: Slowking
|-damage|p2a: Slowking|51/100 brn
|move|p2a: Slowking|Future Sight|p1a: Zamazenta
|-start|p2a: Slowking|move: Future Sight
|
|-heal|p1a: Zamazenta|40/100|[from] item: Leftovers
|-damage|p2a: Slowking|45/100 brn|[from] brn
|upkeep
|turn|86
|j| dubwool12345
|l|+Taka
|
|t:|1757951952
|move|p1a: Zamazenta|Crunch|p2a: Slowking
|-supereffective|p2a: Slowking
|-damage|p2a: Slowking|2/100 brn
|move|p2a: Slowking|Thunder Wave|p1a: Zamazenta|[miss]
|-miss|p2a: Slowking|p1a: Zamazenta
|
|-heal|p1a: Zamazenta|46/100|[from] item: Leftovers
|-damage|p2a: Slowking|0 fnt|[from] brn
|faint|p2a: Slowking
|upkeep
|
|t:|1757951961
|switch|p2a: Kingambit|Kingambit, F|94/100
|-activate|p2a: Kingambit|ability: Supreme Overlord
|-start|p2a: Kingambit|fallen2|[silent]
|-item|p2a: Kingambit|Air Balloon
|turn|87
|l| dubwool12345
|
|t:|1757951970
|switch|p1a: Alomomola|Alomomola, M|11/100 par
|-damage|p1a: Alomomola|0 fnt|[from] Stealth Rock
|faint|p1a: Alomomola
|-end|p2a: Kingambit|fallen2|[silent]
|switch|p2a: Weezing|Weezing-Galar, M, shiny|15/100 brn
|-ability|p2a: Weezing|Neutralizing Gas
|
|-hint|Future Sight did not hit because the target is fainted.
|-damage|p2a: Weezing|9/100 brn|[from] brn
|upkeep
|
|t:|1757951974
|switch|p1a: Lokix|Lokix, M, tera:Bug|26/100
|-damage|p1a: Lokix|2/100|[from] Stealth Rock
|turn|88
|
|t:|1757951983
|-end|p2a: Weezing|ability: Neutralizing Gas
|switch|p2a: Kingambit|Kingambit, F|94/100
|-activate|p2a: Kingambit|ability: Supreme Overlord
|-start|p2a: Kingambit|fallen2|[silent]
|-item|p2a: Kingambit|Air Balloon
|move|p1a: Lokix|U-turn|p2a: Kingambit
|-damage|p2a: Kingambit|42/100
|-enditem|p2a: Kingambit|Air Balloon
|
|t:|1757951985
|switch|p1a: Zamazenta|Zamazenta|46/100|[from] U-turn
|-damage|p1a: Zamazenta|40/100|[from] Stealth Rock
|
|-heal|p1a: Zamazenta|46/100|[from] item: Leftovers
|upkeep
|turn|89
|
|t:|1757951988
|move|p1a: Zamazenta|Iron Defense|p1a: Zamazenta
|-boost|p1a: Zamazenta|def|2
|move|p2a: Kingambit|Iron Head|p1a: Zamazenta
|-damage|p1a: Zamazenta|23/100
|
|-heal|p1a: Zamazenta|30/100|[from] item: Leftovers
|upkeep
|turn|90
|
|t:|1757951995
|move|p1a: Zamazenta|Iron Defense|p1a: Zamazenta
|-boost|p1a: Zamazenta|def|2
|move|p2a: Kingambit|Iron Head|p1a: Zamazenta
|-damage|p1a: Zamazenta|15/100
|
|-heal|p1a: Zamazenta|21/100|[from] item: Leftovers
|upkeep
|turn|91
|
|t:|1757952000
|move|p1a: Zamazenta|Body Press|p2a: Kingambit
|-supereffective|p2a: Kingambit
|-damage|p2a: Kingambit|0 fnt
|faint|p2a: Kingambit
|-end|p2a: Kingambit|fallen2|[silent]
|
|-heal|p1a: Zamazenta|27/100|[from] item: Leftovers
|upkeep
|
|t:|1757952003
|switch|p2a: Weezing|Weezing-Galar, M, shiny|9/100 brn
|-ability|p2a: Weezing|Neutralizing Gas
|turn|92
|
|t:|1757952004
|move|p1a: Zamazenta|Body Press|p2a: Weezing
|-resisted|p2a: Weezing
|-damage|p2a: Weezing|0 fnt
|faint|p2a: Weezing
|-end|p2a: Weezing|ability: Neutralizing Gas
|
|-heal|p1a: Zamazenta|33/100|[from] item: Leftovers
|upkeep
|
|t:|1757952008
|switch|p2a: Zamazenta|Zamazenta, tera:Fire|36/100
|turn|93
|
|t:|1757952010
|move|p1a: Zamazenta|Body Press|p2a: Zamazenta
|-damage|p2a: Zamazenta|0 fnt
|faint|p2a: Zamazenta
|
|-heal|p1a: Zamazenta|40/100|[from] item: Leftovers
|upkeep
|
|t:|1757952012
|switch|p2a: Garganacl|Garganacl, M|60/100
|turn|94
|l| BLUNDER POLlCY
|
|t:|1757952014
|move|p1a: Zamazenta|Body Press|p2a: Garganacl
|-supereffective|p2a: Garganacl
|-damage|p2a: Garganacl|0 fnt
|faint|p2a: Garganacl
|
|win|ltx nemosse
|n|‽ltx nemosse|ltxnemosse
|n|☆Failbor21|failbor21
|n|*Lady Monita ☀|ladymonita
|n| Atarialex|atarialex
|n| Jouos|jouos
|l|*Lady Monita ☀
|c|☆Failbor21|gg
|l| Jouos
