|j|☆Aimsss
|j|☆ImageryBless
|t:|1757912894
|gametype|singles
|player|p1|Aimsss|policeman-gen4|1396
|player|p2|ImageryBless|170|1451
|gen|9
|tier|[Gen 9] OU
|rated|
|rule|HP Percentage Mod: HP is shown in percentages
|rule|Endless Battle Clause: Forcing endless battles is banned
|rule|Species Clause: Limit one of each Pokémon
|rule|OHKO Clause: OHKO moves are banned
|rule|Evasion Items Clause: Evasion items are banned
|rule|Evasion Moves Clause: Evasion moves are banned
|rule|Evasion Abilities Clause: Evasion abilities are banned
|rule|Sleep Moves Clause: Sleep-inducing moves are banned
|clearpoke
|poke|p1|Dragapult, M|
|poke|p1|Kingambit, F|
|poke|p1|Hawlucha, F|
|poke|p1|Glimmora, M|
|poke|p1|Chesnaught, M|
|poke|p1|Gallade, M|
|poke|p2|Iron Moth|
|poke|p2|Ting-Lu|
|poke|p2|Torkoal, F|
|poke|p2|Walking Wake|
|poke|p2|Great Tusk|
|poke|p2|Slither Wing|
|teampreview
|
|t:|1757912906
|teamsize|p1|6
|teamsize|p2|6
|start
|switch|p1a: Chesnaught|Chesnaught, M|100/100
|switch|p2a: Walking Wake|Walking Wake|100/100
|turn|1
|
|t:|1757912914
|move|p2a: Walking Wake|Draco Meteor|p1a: Chesnaught
|-damage|p1a: Chesnaught|13/100
|-unboost|p2a: Walking Wake|spa|2
|-enditem|p1a: Chesnaught|Sitrus Berry|[eat]
|-heal|p1a: Chesnaught|38/100|[from] item: Sitrus Berry
|move|p1a: Chesnaught|Belly Drum||[still]
|-fail|p1a: Chesnaught
|
|upkeep
|turn|2
|
|t:|1757912923
|move|p2a: Walking Wake|Draco Meteor|p1a: Chesnaught
|-damage|p1a: Chesnaught|0 fnt
|-unboost|p2a: Walking Wake|spa|2
|faint|p1a: Chesnaught
|
|upkeep
|
|t:|1757912930
|switch|p1a: Hawlucha|Hawlucha, F|100/100
|turn|3
|
|t:|1757912933
|-end|p2a: Walking Wake|Protosynthesis|[silent]
|switch|p2a: Torkoal|Torkoal, F|100/100
|-weather|SunnyDay|[from] ability: Drought|[of] p2a: Torkoal
|move|p1a: Hawlucha|Swords Dance|p1a: Hawlucha
|-boost|p1a: Hawlucha|atk|2
|
|-weather|SunnyDay|[upkeep]
|upkeep
|turn|4
|
|t:|1757912942
|move|p1a: Hawlucha|Taunt|p2a: Torkoal
|-start|p2a: Torkoal|move: Taunt
|cant|p2a: Torkoal|move: Taunt|Will-O-Wisp
|
|-weather|SunnyDay|[upkeep]
|upkeep
|turn|5
|
|t:|1757912960
|switch|p2a: Slither Wing|Slither Wing|100/100
|-activate|p2a: Slither Wing|ability: Protosynthesis
|-start|p2a: Slither Wing|protosynthesisatk
|move|p1a: Hawlucha|Swords Dance|p1a: Hawlucha
|-boost|p1a: Hawlucha|atk|2
|
|-weather|SunnyDay|[upkeep]
|upkeep
|turn|6
|
|t:|1757912973
|move|p1a: Hawlucha|Acrobatics|p2a: Slither Wing
|-supereffective|p2a: Slither Wing
|-damage|p2a: Slither Wing|0 fnt
|faint|p2a: Slither Wing
|-end|p2a: Slither Wing|Protosynthesis|[silent]
|
|-weather|SunnyDay|[upkeep]
|upkeep
|
|t:|1757912979
|switch|p2a: Walking Wake|Walking Wake|100/100
|-activate|p2a: Walking Wake|ability: Protosynthesis
|-start|p2a: Walking Wake|protosynthesisspe
|turn|7
|
|t:|1757912984
|-terastallize|p1a: Hawlucha|Steel
|move|p2a: Walking Wake|Hydro Steam|p1a: Hawlucha
|-damage|p1a: Hawlucha|0 fnt
|faint|p1a: Hawlucha
|
|-weather|SunnyDay|[upkeep]
|upkeep
|c|☆Aimsss|Insane
|
|t:|1757913002
|switch|p1a: Dragapult|Dragapult, M|100/100
|turn|8
|
|t:|1757913012
|-end|p2a: Walking Wake|Protosynthesis|[silent]
|switch|p2a: Ting-Lu|Ting-Lu|100/100
|-ability|p2a: Ting-Lu|Vessel of Ruin
|move|p1a: Dragapult|Dragon Darts|p2a: Ting-Lu
|-damage|p2a: Ting-Lu|89/100
|-anim|p1a: Dragapult|Dragon Darts|p2a: Ting-Lu
|-damage|p2a: Ting-Lu|77/100
|
|-weather|SunnyDay|[upkeep]
|upkeep
|turn|9
|
|t:|1757913023
|switch|p1a: Glimmora|Glimmora, M|100/100
|-item|p1a: Glimmora|Air Balloon
|move|p2a: Ting-Lu|Spikes|p1a: Glimmora
|-sidestart|p1: Aimsss|Spikes
|
|-weather|SunnyDay|[upkeep]
|upkeep
|turn|10
|
|t:|1757913031
|switch|p2a: Walking Wake|Walking Wake|100/100
|-activate|p2a: Walking Wake|ability: Protosynthesis
|-start|p2a: Walking Wake|protosynthesisspe
|move|p1a: Glimmora|Stealth Rock|p2a: Walking Wake
|-sidestart|p2: ImageryBless|move: Stealth Rock
|
|-weather|none
|-end|p2a: Walking Wake|Protosynthesis
|upkeep
|turn|11
|
|t:|1757913042
|move|p2a: Walking Wake|Hydro Steam|p1a: Glimmora
|-supereffective|p1a: Glimmora
|-damage|p1a: Glimmora|0 fnt
|-enditem|p1a: Glimmora|Air Balloon
|faint|p1a: Glimmora
|
|upkeep
|
|t:|1757913050
|switch|p1a: Gallade|Gallade, M, shiny|100/100
|-damage|p1a: Gallade|88/100|[from] Spikes
|turn|12
|
|t:|1757913059
|-end|p2a: Walking Wake|Protosynthesis|[silent]
|switch|p2a: Torkoal|Torkoal, F|100/100
|-damage|p2a: Torkoal|76/100|[from] Stealth Rock
|-weather|SunnyDay|[from] ability: Drought|[of] p2a: Torkoal
|move|p1a: Gallade|Agility|p1a: Gallade
|-boost|p1a: Gallade|spe|2
|
|-weather|SunnyDay|[upkeep]
|upkeep
|turn|13
|
|t:|1757913069
|move|p1a: Gallade|Agility|p1a: Gallade
|-boost|p1a: Gallade|spe|2
|move|p2a: Torkoal|Will-O-Wisp|p1a: Gallade
|-status|p1a: Gallade|brn
|
|-weather|SunnyDay|[upkeep]
|-damage|p1a: Gallade|82/100 brn|[from] brn
|upkeep
|turn|14
|
|t:|1757913080
|move|p1a: Gallade|Sacred Sword|p2a: Torkoal
|-damage|p2a: Torkoal|54/100
|move|p2a: Torkoal|Lava Plume|p1a: Gallade
|-damage|p1a: Gallade|46/100 brn
|-enditem|p1a: Gallade|Sitrus Berry|[eat]
|-heal|p1a: Gallade|71/100 brn|[from] item: Sitrus Berry
|
|-weather|SunnyDay|[upkeep]
|-damage|p1a: Gallade|65/100 brn|[from] brn
|upkeep
|turn|15
|
|t:|1757913092
|move|p1a: Gallade|Psycho Cut|p2a: Torkoal
|-damage|p2a: Torkoal|38/100
|move|p2a: Torkoal|Rapid Spin|p1a: Gallade
|-damage|p1a: Gallade|49/100 brn
|-boost|p2a: Torkoal|spe|1
|-sideend|p2: ImageryBless|Stealth Rock|[from] move: Rapid Spin|[of] p2a: Torkoal
|
|-weather|SunnyDay|[upkeep]
|-damage|p1a: Gallade|42/100 brn|[from] brn
|upkeep
|turn|16
|
|t:|1757913103
|switch|p2a: Walking Wake|Walking Wake|100/100
|-activate|p2a: Walking Wake|ability: Protosynthesis
|-start|p2a: Walking Wake|protosynthesisspe
|move|p1a: Gallade|Sacred Sword|p2a: Walking Wake
|-damage|p2a: Walking Wake|61/100
|
|-weather|SunnyDay|[upkeep]
|-damage|p1a: Gallade|36/100 brn|[from] brn
|upkeep
|turn|17
|
|t:|1757913117
|move|p1a: Gallade|Sacred Sword|p2a: Walking Wake
|-damage|p2a: Walking Wake|22/100
|move|p2a: Walking Wake|Hydro Steam|p1a: Gallade
|-damage|p1a: Gallade|0 fnt
|faint|p1a: Gallade
|
|-weather|SunnyDay|[upkeep]
|upkeep
|
|t:|1757913139
|switch|p1a: Kingambit|Kingambit, F|100/100
|-damage|p1a: Kingambit|88/100|[from] Spikes
|turn|18
|
|t:|1757913144
|move|p2a: Walking Wake|Hydro Steam|p1a: Kingambit
|-damage|p1a: Kingambit|0 fnt
|faint|p1a: Kingambit
|
|-weather|SunnyDay|[upkeep]
|upkeep
|-message|Aimsss forfeited.
|
|win|ImageryBless
|raw|Aimsss's rating: 1396 &rarr; <strong>1379</strong><br />(-17 for losing)
|raw|ImageryBless's rating: 1451 &rarr; <strong>1468</strong><br />(+17 for winning)
|l|☆Aimsss
|player|p1|
|l|☆ImageryBless
|player|p2|
