|j|‽shgfx10
|j|☆thekikiofficial
|t:|1757844862
|gametype|singles
|player|p1|shgfx10|bugcatcher-gen4dp|1313
|player|p2|thekikiofficial|2|1253
|gen|9
|tier|[Gen 9] OU
|rated|
|rule|HP Percentage Mod: HP is shown in percentages
|rule|Endless Battle Clause: Forcing endless battles is banned
|rule|Species Clause: Limit one of each Pokémon
|rule|OHKO Clause: OHKO moves are banned
|rule|Evasion Items Clause: Evasion items are banned
|rule|Evasion Moves Clause: Evasion moves are banned
|rule|Evasion Abilities Clause: Evasion abilities are banned
|rule|Sleep Moves Clause: Sleep-inducing moves are banned
|clearpoke
|poke|p1|Ogerpon-Wellspring, F|
|poke|p1|Slowking-Galar, M|
|poke|p1|Dragapult, M|
|poke|p1|Great Tusk|
|poke|p1|Kingambit, M|
|poke|p1|Moltres|
|poke|p2|Gliscor, F|
|poke|p2|Cinderace, F|
|poke|p2|Meowscarada, M|
|poke|p2|Murkrow, F|
|poke|p2|Glimmora, F|
|poke|p2|Walking Wake|
|teampreview
|inactive|Battle timer is ON: inactive players will automatically lose when time's up. (requested by thekikiofficial)
|
|t:|1757844867
|teamsize|p1|6
|teamsize|p2|6
|start
|switch|p1a: Slowking|Slowking-Galar, M|100/100
|switch|p2a: Glimmora|Glimmora, F|100/100
|-item|p2a: Glimmora|Air Balloon
|turn|1
|
|t:|1757844875
|move|p2a: Glimmora|Stealth Rock|p1a: Slowking
|-sidestart|p1: shgfx10|move: Stealth Rock
|move|p1a: Slowking|Future Sight|p2a: Glimmora
|-start|p1a: Slowking|move: Future Sight
|
|upkeep
|turn|2
|
|t:|1757844880
|switch|p2a: Murkrow|Murkrow, F|100/100
|move|p1a: Slowking|Thunder Wave|p2a: Murkrow
|-status|p2a: Murkrow|par
|
|upkeep
|turn|3
|
|t:|1757844886
|move|p2a: Murkrow|Thunder Wave|p1a: Slowking
|-status|p1a: Slowking|par
|-prepare|p1a: Slowking|Chilly Reception|[premajor]
|cant|p1a: Slowking|par
|
|-end|p2a: Murkrow|move: Future Sight
|-immune|p2a: Murkrow
|upkeep
|turn|4
|
|t:|1757844895
|cant|p2a: Murkrow|par
|-prepare|p1a: Slowking|Chilly Reception|[premajor]
|move|p1a: Slowking|Chilly Reception|p1a: Slowking
|-weather|Snowscape
|
|t:|1757844911
|switch|p1a: Great Tusk|Great Tusk|100/100|[from] Chilly Reception
|-damage|p1a: Great Tusk|98/100|[from] Stealth Rock
|
|-weather|Snowscape|[upkeep]
|upkeep
|turn|5
|
|t:|1757844919
|move|p2a: Murkrow|Tailwind|p2a: Murkrow
|-sidestart|p2: thekikiofficial|move: Tailwind
|move|p1a: Great Tusk|Stealth Rock|p2a: Murkrow
|-sidestart|p2: thekikiofficial|move: Stealth Rock
|
|-weather|Snowscape|[upkeep]
|upkeep
|turn|6
|
|t:|1757844925
|move|p1a: Great Tusk|Rapid Spin|p2a: Murkrow
|-damage|p2a: Murkrow|74/100 par
|-boost|p1a: Great Tusk|spe|1
|-sideend|p1: shgfx10|Stealth Rock|[from] move: Rapid Spin|[of] p1a: Great Tusk
|cant|p2a: Murkrow|par
|
|-weather|Snowscape|[upkeep]
|upkeep
|turn|7
|
|t:|1757844944
|move|p1a: Great Tusk|Ice Spinner|p2a: Murkrow
|-supereffective|p2a: Murkrow
|-damage|p2a: Murkrow|0 fnt
|faint|p2a: Murkrow
|
|-weather|Snowscape|[upkeep]
|upkeep
|
|t:|1757844953
|switch|p2a: Meowscarada|Meowscarada, M|100/100
|turn|8
|
|t:|1757844956
|move|p2a: Meowscarada|Flower Trick|p1a: Great Tusk
|-start|p2a: Meowscarada|typechange|Grass|[from] ability: Protean
|-supereffective|p1a: Great Tusk
|-crit|p1a: Great Tusk
|-damage|p1a: Great Tusk|28/100
|move|p1a: Great Tusk|Ice Spinner|p2a: Meowscarada
|-supereffective|p2a: Meowscarada
|-damage|p2a: Meowscarada|8/100
|
|-weather|none
|-sideend|p2: thekikiofficial|move: Tailwind
|upkeep
|turn|9
|
|t:|1757844972
|switch|p2a: Cinderace|Cinderace, F|100/100
|move|p1a: Great Tusk|Ice Spinner|p2a: Cinderace
|-resisted|p2a: Cinderace
|-damage|p2a: Cinderace|77/100
|
|upkeep
|turn|10
|
|t:|1757844983
|move|p2a: Cinderace|Sucker Punch|p1a: Great Tusk
|-start|p2a: Cinderace|typechange|Dark|[from] ability: Libero
|-resisted|p1a: Great Tusk
|-damage|p1a: Great Tusk|16/100
|-damage|p2a: Cinderace|60/100|[from] item: Rocky Helmet|[of] p1a: Great Tusk
|move|p1a: Great Tusk|Headlong Rush|p2a: Cinderace
|-damage|p2a: Cinderace|0 fnt
|-unboost|p1a: Great Tusk|def|1
|-unboost|p1a: Great Tusk|spd|1
|faint|p2a: Cinderace
|
|upkeep
|inactive|thekikiofficial has 120 seconds left.
|
|t:|1757845005
|switch|p2a: Gliscor|Gliscor, F|100/100
|-damage|p2a: Gliscor|88/100|[from] Stealth Rock
|turn|11
|
|t:|1757845010
|-terastallize|p2a: Gliscor|Water
|move|p1a: Great Tusk|Ice Spinner|p2a: Gliscor
|-resisted|p2a: Gliscor
|-damage|p2a: Gliscor|74/100
|move|p2a: Gliscor|Crabhammer|p1a: Great Tusk
|-supereffective|p1a: Great Tusk
|-damage|p1a: Great Tusk|0 fnt
|-damage|p2a: Gliscor|57/100|[from] item: Rocky Helmet|[of] p1a: Great Tusk
|faint|p1a: Great Tusk
|-end|p1a: Great Tusk|Protosynthesis|[silent]
|
|-status|p2a: Gliscor|tox|[from] item: Toxic Orb
|upkeep
|
|t:|1757845014
|switch|p1a: Ogerpon|Ogerpon-Wellspring, F|100/100
|turn|12
|
|t:|1757845027
|switch|p2a: Glimmora|Glimmora, F|100/100
|-damage|p2a: Glimmora|88/100|[from] Stealth Rock
|-item|p2a: Glimmora|Air Balloon
|move|p1a: Ogerpon|Power Whip|p2a: Glimmora|[miss]
|-miss|p1a: Ogerpon|p2a: Glimmora
|
|upkeep
|turn|13
|
|t:|1757845057
|move|p1a: Ogerpon|Ivy Cudgel|p2a: Glimmora|[anim] Ivy Cudgel Water
|-supereffective|p2a: Glimmora
|-damage|p2a: Glimmora|0 fnt
|-activate|p2a: Glimmora|ability: Toxic Debris
|-sidestart|p1: shgfx10|move: Toxic Spikes
|-enditem|p2a: Glimmora|Air Balloon
|faint|p2a: Glimmora
|
|upkeep
|-message|thekikiofficial forfeited.
|
|win|shgfx10
|raw|shgfx10's rating: 1313 &rarr; <strong>1330</strong><br />(+17 for winning)
|raw|thekikiofficial's rating: 1253 &rarr; <strong>1232</strong><br />(-21 for losing)
|l|☆thekikiofficial
|player|p2|
