|j|☆Pinoitaliano
|j|☆Gurden
|t:|1757909977
|gametype|singles
|player|p1|Pinoitaliano|allister|1058
|player|p2|Gurden|265|1007
|gen|9
|tier|[Gen 9] OU
|rated|
|rule|HP Percentage Mod: HP is shown in percentages
|rule|Endless Battle Clause: Forcing endless battles is banned
|rule|Species Clause: Limit one of each Pokémon
|rule|OHKO Clause: OHKO moves are banned
|rule|Evasion Items Clause: Evasion items are banned
|rule|Evasion Moves Clause: Evasion moves are banned
|rule|Evasion Abilities Clause: Evasion abilities are banned
|rule|Sleep Moves Clause: Sleep-inducing moves are banned
|clearpoke
|poke|p1|Malamar, F|
|poke|p1|Galvantula, M|
|poke|p1|Cinderace, F|
|poke|p1|Sceptile, F|
|poke|p1|Flygon, F|
|poke|p1|Rhyperior, F|
|poke|p2|Primeape, F|
|poke|p2|Kingdra, F|
|poke|p2|Scream Tail|
|poke|p2|Samurott-Hisui, F|
|poke|p2|Arcanine-Hisui, M|
|poke|p2|Bastiodon, M|
|teampreview
|inactive|Battle timer is ON: inactive players will automatically lose when time's up. (requested by Pinoitaliano)
|
|t:|1757909983
|teamsize|p1|6
|teamsize|p2|6
|start
|switch|p1a: Galvantula|Galvantula, M|100/100
|switch|p2a: Bastiodon|Bastiodon, M|100/100
|turn|1
|
|t:|1757909990
|move|p1a: Galvantula|Sticky Web|p2a: Bastiodon
|-sidestart|p2: Gurden|move: Sticky Web
|move|p2a: Bastiodon|Stealth Rock|p1a: Galvantula
|-sidestart|p1: Pinoitaliano|move: Stealth Rock
|
|upkeep
|turn|2
|
|t:|1757909996
|move|p1a: Galvantula|Volt Switch|p2a: Bastiodon
|-damage|p2a: Bastiodon|77/100
|
|t:|1757910000
|switch|p1a: Cinderace|Cinderace, F|100/100|[from] Volt Switch
|move|p2a: Bastiodon|Body Press|p1a: Cinderace
|-damage|p1a: Cinderace|45/100
|
|upkeep
|turn|3
|
|t:|1757910012
|move|p1a: Cinderace|Court Change|p1a: Cinderace
|-start|p1a: Cinderace|typechange|Normal|[from] ability: Libero
|-swapsideconditions
|-activate|p1a: Cinderace|move: Court Change
|move|p2a: Bastiodon|Metal Burst||[still]
|-fail|p2a: Bastiodon
|
|upkeep
|turn|4
|
|t:|1757910022
|move|p1a: Cinderace|U-turn|p2a: Bastiodon
|-resisted|p2a: Bastiodon
|-damage|p2a: Bastiodon|72/100
|
|t:|1757910034
|switch|p1a: Flygon|Flygon, F|100/100|[from] U-turn
|move|p2a: Bastiodon|Metal Burst|p1a: Flygon
|-damage|p1a: Flygon|92/100
|
|upkeep
|turn|5
|
|t:|1757910042
|move|p1a: Flygon|Dragon Dance|p1a: Flygon
|-boost|p1a: Flygon|atk|1
|-boost|p1a: Flygon|spe|1
|move|p2a: Bastiodon|Metal Burst||[still]
|-fail|p2a: Bastiodon
|
|upkeep
|turn|6
|
|t:|1757910049
|move|p1a: Flygon|Dragon Dance|p1a: Flygon
|-boost|p1a: Flygon|atk|1
|-boost|p1a: Flygon|spe|1
|move|p2a: Bastiodon|Body Press|p1a: Flygon
|-damage|p1a: Flygon|40/100
|
|upkeep
|turn|7
|
|t:|1757910057
|move|p1a: Flygon|Earthquake|p2a: Bastiodon
|-supereffective|p2a: Bastiodon
|-damage|p2a: Bastiodon|0 fnt
|faint|p2a: Bastiodon
|-damage|p1a: Flygon|30/100|[from] item: Life Orb
|
|upkeep
|
|t:|1757910070
|switch|p2a: Samurott|Samurott-Hisui, F|100/100
|-damage|p2a: Samurott|88/100|[from] Stealth Rock
|turn|8
|
|t:|1757910077
|move|p1a: Flygon|Dragon Claw|p2a: Samurott
|-damage|p2a: Samurott|0 fnt
|faint|p2a: Samurott
|-damage|p1a: Flygon|20/100|[from] item: Life Orb
|
|upkeep
|-message|Gurden forfeited.
|
|win|Pinoitaliano
|raw|Pinoitaliano's rating: 1058 &rarr; <strong>1085</strong><br />(+27 for winning)
|raw|Gurden's rating: 1007 &rarr; <strong>1000</strong><br />(-7 for losing)
|l|☆Gurden
|player|p2|
