|j|☆young dc
|j|☆doomfletch
|t:|1757845353
|gametype|singles
|player|p1|young dc|266|1413
|player|p2|doomfletch|170|1381
|gen|9
|tier|[Gen 9] OU
|rated|
|rule|HP Percentage Mod: HP is shown in percentages
|rule|Endless Battle Clause: Forcing endless battles is banned
|rule|Species Clause: Limit one of each Pokémon
|rule|OHKO Clause: OHKO moves are banned
|rule|Evasion Items Clause: Evasion items are banned
|rule|Evasion Moves Clause: Evasion moves are banned
|rule|Evasion Abilities Clause: Evasion abilities are banned
|rule|Sleep Moves Clause: Sleep-inducing moves are banned
|clearpoke
|poke|p1|Iron Valiant|
|poke|p1|Landorus-Therian, M|
|poke|p1|Iron Moth|
|poke|p1|Ceruledge, F|
|poke|p1|Kingambit, M|
|poke|p1|Deoxys-Speed|
|poke|p2|Hydreigon, M|
|poke|p2|Slowking-Galar, M|
|poke|p2|Great Tusk|
|poke|p2|Corviknight, M|
|poke|p2|Crawdaunt, F|
|poke|p2|Raikou|
|teampreview
|inactive|Battle timer is ON: inactive players will automatically lose when time's up. (requested by young dc)
|
|t:|1757845359
|teamsize|p1|6
|teamsize|p2|6
|start
|switch|p1a: Iron Valiant|Iron Valiant|100/100
|switch|p2a: Raikou|Raikou|100/100
|-enditem|p1a: Iron Valiant|Booster Energy
|-activate|p1a: Iron Valiant|ability: Quark Drive|[fromitem]
|-start|p1a: Iron Valiant|quarkdrivespe
|turn|1
|
|t:|1757845370
|move|p1a: Iron Valiant|Knock Off|p2a: Raikou
|-damage|p2a: Raikou|59/100
|-enditem|p2a: Raikou|Heavy-Duty Boots|[from] move: Knock Off|[of] p1a: Iron Valiant
|move|p2a: Raikou|Scald|p1a: Iron Valiant
|-damage|p1a: Iron Valiant|45/100
|-status|p1a: Iron Valiant|brn
|
|-damage|p1a: Iron Valiant|39/100 brn|[from] brn
|upkeep
|turn|2
|
|t:|1757845381
|move|p1a: Iron Valiant|Moonblast|p2a: Raikou
|-damage|p2a: Raikou|15/100
|-unboost|p2a: Raikou|spa|1
|move|p2a: Raikou|Scald|p1a: Iron Valiant
|-damage|p1a: Iron Valiant|4/100 brn
|
|-damage|p1a: Iron Valiant|0 fnt|[from] brn
|faint|p1a: Iron Valiant
|-end|p1a: Iron Valiant|Quark Drive|[silent]
|upkeep
|
|t:|1757845390
|switch|p1a: Ceruledge|Ceruledge, F|100/100
|turn|3
|
|t:|1757845394
|switch|p2a: Corviknight|Corviknight, M|100/100
|-ability|p2a: Corviknight|Pressure
|move|p1a: Ceruledge|Shadow Sneak|p2a: Corviknight
|-damage|p2a: Corviknight|87/100
|-damage|p1a: Ceruledge|84/100|[from] item: Rocky Helmet|[of] p2a: Corviknight
|
|upkeep
|turn|4
|
|t:|1757845402
|switch|p2a: Hydreigon|Hydreigon, M|100/100
|move|p1a: Ceruledge|Bitter Blade|p2a: Hydreigon
|-resisted|p2a: Hydreigon
|-damage|p2a: Hydreigon|73/100
|-heal|p1a: Ceruledge|99/100|[from] drain|[of] p2a: Hydreigon
|
|upkeep
|turn|5
|
|t:|1757845414
|switch|p1a: Kingambit|Kingambit, M|100/100
|-activate|p1a: Kingambit|ability: Supreme Overlord
|-start|p1a: Kingambit|fallen1|[silent]
|move|p2a: Hydreigon|Dark Pulse|p1a: Kingambit
|-resisted|p1a: Kingambit
|-damage|p1a: Kingambit|77/100
|
|upkeep
|turn|6
|
|t:|1757845423
|switch|p2a: Corviknight|Corviknight, M|87/100
|-ability|p2a: Corviknight|Pressure
|move|p1a: Kingambit|Iron Head|p2a: Corviknight
|-resisted|p2a: Corviknight
|-damage|p2a: Corviknight|72/100
|-damage|p1a: Kingambit|61/100|[from] item: Rocky Helmet|[of] p2a: Corviknight
|
|upkeep
|turn|7
|
|t:|1757845430
|-end|p1a: Kingambit|fallen1|[silent]
|switch|p1a: Landorus|Landorus-Therian, M|100/100
|-ability|p1a: Landorus|Intimidate|boost
|-unboost|p2a: Corviknight|atk|1
|move|p2a: Corviknight|Roost|p2a: Corviknight
|-heal|p2a: Corviknight|100/100
|-singleturn|p2a: Corviknight|move: Roost
|
|upkeep
|turn|8
|
|t:|1757845440
|move|p1a: Landorus|Stealth Rock|p2a: Corviknight
|-sidestart|p2: doomfletch|move: Stealth Rock
|move|p2a: Corviknight|Iron Defense|p2a: Corviknight
|-boost|p2a: Corviknight|def|2
|
|upkeep
|turn|9
|
|t:|1757845448
|switch|p2a: Slowking|Slowking-Galar, M|100/100
|-damage|p2a: Slowking|88/100|[from] Stealth Rock
|move|p1a: Landorus|Taunt|p2a: Slowking
|-start|p2a: Slowking|move: Taunt
|
|upkeep
|turn|10
|
|t:|1757845456
|switch|p2a: Corviknight|Corviknight, M|100/100
|-damage|p2a: Corviknight|88/100|[from] Stealth Rock
|-ability|p2a: Corviknight|Pressure
|move|p1a: Landorus|U-turn|p2a: Corviknight
|-resisted|p2a: Corviknight
|-damage|p2a: Corviknight|85/100
|-damage|p1a: Landorus|84/100|[from] item: Rocky Helmet|[of] p2a: Corviknight
|
|t:|1757845459
|switch|p1a: Iron Moth|Iron Moth|100/100|[from] U-turn
|-enditem|p1a: Iron Moth|Booster Energy
|-activate|p1a: Iron Moth|ability: Quark Drive|[fromitem]
|-start|p1a: Iron Moth|quarkdrivespa
|
|upkeep
|turn|11
|
|t:|1757845468
|switch|p2a: Slowking|Slowking-Galar, M|100/100
|-damage|p2a: Slowking|88/100|[from] Stealth Rock
|move|p1a: Iron Moth|Fiery Dance|p2a: Slowking
|-damage|p2a: Slowking|60/100
|
|upkeep
|turn|12
|
|t:|1757845477
|-end|p1a: Iron Moth|Quark Drive|[silent]
|switch|p1a: Kingambit|Kingambit, M|61/100
|-activate|p1a: Kingambit|ability: Supreme Overlord
|-start|p1a: Kingambit|fallen1|[silent]
|move|p2a: Slowking|Psyshock|p1a: Kingambit
|-immune|p1a: Kingambit
|
|upkeep
|turn|13
|
|t:|1757845484
|-terastallize|p2a: Slowking|Fairy
|move|p1a: Kingambit|Swords Dance|p1a: Kingambit
|-boost|p1a: Kingambit|atk|2
|move|p2a: Slowking|Flamethrower|p1a: Kingambit
|-supereffective|p1a: Kingambit
|-damage|p1a: Kingambit|0 fnt
|faint|p1a: Kingambit
|-end|p1a: Kingambit|fallen1|[silent]
|
|upkeep
|
|t:|1757845491
|switch|p1a: Ceruledge|Ceruledge, F|99/100
|turn|14
|
|t:|1757845496
|switch|p2a: Great Tusk|Great Tusk|100/100
|move|p1a: Ceruledge|Swords Dance|p1a: Ceruledge
|-boost|p1a: Ceruledge|atk|2
|
|upkeep
|turn|15
|
|t:|1757845507
|-terastallize|p1a: Ceruledge|Bug
|move|p2a: Great Tusk|Headlong Rush|p1a: Ceruledge
|-resisted|p1a: Ceruledge
|-damage|p1a: Ceruledge|52/100
|-unboost|p2a: Great Tusk|def|1
|-unboost|p2a: Great Tusk|spd|1
|-ability|p1a: Ceruledge|Weak Armor|boost
|-unboost|p1a: Ceruledge|def|1
|-boost|p1a: Ceruledge|spe|2
|move|p1a: Ceruledge|Bitter Blade|p2a: Great Tusk
|-damage|p2a: Great Tusk|0 fnt
|-heal|p1a: Ceruledge|100/100|[from] drain|[of] p2a: Great Tusk
|faint|p2a: Great Tusk
|-end|p2a: Great Tusk|Protosynthesis|[silent]
|
|upkeep
|inactive|doomfletch has 120 seconds left.
|
|t:|1757845533
|switch|p2a: Hydreigon|Hydreigon, M|73/100
|-damage|p2a: Hydreigon|60/100|[from] Stealth Rock
|turn|16
|
|t:|1757845541
|move|p1a: Ceruledge|Poltergeist|p2a: Hydreigon
|-activate|p2a: Hydreigon|move: Poltergeist|Choice Scarf
|-resisted|p2a: Hydreigon
|-damage|p2a: Hydreigon|1/100
|move|p2a: Hydreigon|Dark Pulse|p1a: Ceruledge
|-damage|p1a: Ceruledge|55/100
|
|upkeep
|turn|17
|
|t:|1757845548
|move|p1a: Ceruledge|Bitter Blade|p2a: Hydreigon
|-resisted|p2a: Hydreigon
|-damage|p2a: Hydreigon|0 fnt
|-heal|p1a: Ceruledge|55/100|[from] drain|[of] p2a: Hydreigon
|faint|p2a: Hydreigon
|
|upkeep
|
|t:|1757845553
|switch|p2a: Crawdaunt|Crawdaunt, F|100/100
|-damage|p2a: Crawdaunt|88/100|[from] Stealth Rock
|turn|18
|
|t:|1757845569
|move|p1a: Ceruledge|Shadow Sneak|p2a: Crawdaunt
|-resisted|p2a: Crawdaunt
|-damage|p2a: Crawdaunt|57/100
|move|p2a: Crawdaunt|Aqua Jet|p1a: Ceruledge
|-damage|p1a: Ceruledge|0 fnt
|faint|p1a: Ceruledge
|
|upkeep
|
|t:|1757845581
|switch|p1a: Landorus|Landorus-Therian, M|84/100
|-ability|p1a: Landorus|Intimidate|boost
|-unboost|p2a: Crawdaunt|atk|1
|turn|19
|
|t:|1757845586
|switch|p2a: Corviknight|Corviknight, M|85/100
|-damage|p2a: Corviknight|73/100|[from] Stealth Rock
|-ability|p2a: Corviknight|Pressure
|move|p1a: Landorus|U-turn|p2a: Corviknight
|-resisted|p2a: Corviknight
|-damage|p2a: Corviknight|70/100
|-damage|p1a: Landorus|68/100|[from] item: Rocky Helmet|[of] p2a: Corviknight
|
|t:|1757845589
|switch|p1a: Iron Moth|Iron Moth|100/100|[from] U-turn
|
|upkeep
|turn|20
|
|t:|1757845600
|move|p1a: Iron Moth|Fiery Dance|p2a: Corviknight
|-supereffective|p2a: Corviknight
|-damage|p2a: Corviknight|0 fnt
|-boost|p1a: Iron Moth|spa|1
|faint|p2a: Corviknight
|
|upkeep
|
|t:|1757845606
|switch|p2a: Slowking|Slowking-Galar, M, tera:Fairy|93/100
|-damage|p2a: Slowking|81/100|[from] Stealth Rock
|turn|21
|
|t:|1757845609
|move|p1a: Iron Moth|Sludge Wave|p2a: Slowking
|-supereffective|p2a: Slowking
|-damage|p2a: Slowking|2/100
|move|p2a: Slowking|Psyshock|p1a: Iron Moth
|-supereffective|p1a: Iron Moth
|-damage|p1a: Iron Moth|0 fnt
|faint|p1a: Iron Moth
|-end|p1a: Iron Moth|Quark Drive|[silent]
|
|upkeep
|
|t:|1757845615
|switch|p1a: Landorus|Landorus-Therian, M|68/100
|-ability|p1a: Landorus|Intimidate|boost
|-unboost|p2a: Slowking|atk|1
|turn|22
|
|t:|1757845619
|move|p1a: Landorus|U-turn|p2a: Slowking
|-resisted|p2a: Slowking
|-damage|p2a: Slowking|0 fnt
|faint|p2a: Slowking
|
|t:|1757845622
|switch|p1a: Deoxys|Deoxys-Speed|100/100|[from] U-turn
|-ability|p1a: Deoxys|Pressure
|
|upkeep
|
|t:|1757845627
|switch|p2a: Crawdaunt|Crawdaunt, F|57/100
|-damage|p2a: Crawdaunt|44/100|[from] Stealth Rock
|turn|23
|
|t:|1757845638
|move|p2a: Crawdaunt|Aqua Jet|p1a: Deoxys
|-damage|p1a: Deoxys|27/100
|move|p1a: Deoxys|Superpower|p2a: Crawdaunt
|-supereffective|p2a: Crawdaunt
|-damage|p2a: Crawdaunt|0 fnt
|-unboost|p1a: Deoxys|atk|1
|-unboost|p1a: Deoxys|def|1
|faint|p2a: Crawdaunt
|-damage|p1a: Deoxys|18/100|[from] item: Life Orb
|
|upkeep
|-message|doomfletch forfeited.
|
|win|young dc
|raw|young dc's rating: 1413 &rarr; <strong>1431</strong><br />(+18 for winning)
|raw|doomfletch's rating: 1381 &rarr; <strong>1363</strong><br />(-18 for losing)
|l|☆doomfletch
|player|p2|
|l|☆young dc
|player|p1|
