|j|☆HGalliumh
|j|☆literallyntd
|t:|1757840024
|gametype|singles
|player|p1|HGalliumh|dawn|1596
|player|p2|literallyntd|shadowtriad|1590
|gen|9
|tier|[Gen 9] OU
|rated|
|rule|HP Percentage Mod: HP is shown in percentages
|rule|Endless Battle Clause: Forcing endless battles is banned
|rule|Species Clause: Limit one of each Pokémon
|rule|OHKO Clause: OHKO moves are banned
|rule|Evasion Items Clause: Evasion items are banned
|rule|Evasion Moves Clause: Evasion moves are banned
|rule|Evasion Abilities Clause: Evasion abilities are banned
|rule|Sleep Moves Clause: Sleep-inducing moves are banned
|clearpoke
|poke|p1|Primarina, M|
|poke|p1|Alomomola, F|
|poke|p1|Hydrapple, F|
|poke|p1|Great Tusk|
|poke|p1|Gholdengo|
|poke|p1|Moltres|
|poke|p2|Iron Boulder|
|poke|p2|Slowking-Galar, F|
|poke|p2|Meowscarada, M|
|poke|p2|Corviknight, M|
|poke|p2|Great Tusk|
|poke|p2|Dragonite, F|
|teampreview
|inactive|Battle timer is ON: inactive players will automatically lose when time's up. (requested by HGalliumh)
|inactive|literallyntd also wants the timer to be on.
|
|t:|1757840042
|teamsize|p1|6
|teamsize|p2|6
|start
|switch|p1a: Primarina|Primarina, M|100/100
|switch|p2a: Iron Boulder|Iron Boulder|100/100
|turn|1
|
|t:|1757840055
|-terastallize|p2a: Iron Boulder|Rock
|move|p2a: Iron Boulder|Mighty Cleave|p1a: Primarina
|-damage|p1a: Primarina|0 fnt
|faint|p1a: Primarina
|
|upkeep
|
|t:|1757840063
|switch|p1a: Great Tusk|Great Tusk|100/100
|turn|2
|
|t:|1757840067
|-end|p2a: Iron Boulder|Quark Drive|[silent]
|switch|p2a: Great Tusk|Great Tusk|100/100
|move|p1a: Great Tusk|Stealth Rock|p2a: Great Tusk
|-sidestart|p2: literallyntd|move: Stealth Rock
|
|upkeep
|turn|3
|
|t:|1757840071
|-end|p1a: Great Tusk|Protosynthesis|[silent]
|switch|p1a: Moltres|Moltres|100/100
|move|p2a: Great Tusk|Stealth Rock|p1a: Moltres
|-sidestart|p1: HGalliumh|move: Stealth Rock
|
|upkeep
|turn|4
|
|t:|1757840074
|-end|p2a: Great Tusk|Protosynthesis|[silent]
|switch|p2a: Slowking|Slowking-Galar, F|100/100
|move|p1a: Moltres|Hurricane|p2a: Slowking
|-damage|p2a: Slowking|64/100
|
|upkeep
|turn|5
|
|t:|1757840080
|move|p1a: Moltres|U-turn|p2a: Slowking
|-damage|p2a: Slowking|50/100
|
|t:|1757840082
|switch|p1a: Gholdengo|Gholdengo|100/100|[from] U-turn
|-damage|p1a: Gholdengo|94/100|[from] Stealth Rock
|-prepare|p2a: Slowking|Chilly Reception|[premajor]
|move|p2a: Slowking|Chilly Reception|p2a: Slowking
|-weather|Snowscape
|
|t:|1757840094
|switch|p2a: Meowscarada|Meowscarada, M|100/100|[from] Chilly Reception
|-damage|p2a: Meowscarada|88/100|[from] Stealth Rock
|
|-weather|Snowscape|[upkeep]
|upkeep
|turn|6
|
|t:|1757840101
|move|p2a: Meowscarada|Knock Off|p1a: Gholdengo
|-start|p2a: Meowscarada|typechange|Dark|[from] ability: Protean
|-supereffective|p1a: Gholdengo
|-damage|p1a: Gholdengo|0 fnt
|-enditem|p1a: Gholdengo|Choice Scarf|[from] move: Knock Off|[of] p2a: Meowscarada
|faint|p1a: Gholdengo
|
|-weather|Snowscape|[upkeep]
|upkeep
|inactive|HGalliumh has 120 seconds left.
|
|t:|1757840131
|switch|p1a: Hydrapple|Hydrapple, F|100/100
|-damage|p1a: Hydrapple|88/100|[from] Stealth Rock
|turn|7
|
|t:|1757840141
|switch|p2a: Corviknight|Corviknight, M|100/100
|-damage|p2a: Corviknight|88/100|[from] Stealth Rock
|-ability|p2a: Corviknight|Pressure
|move|p1a: Hydrapple|Nasty Plot|p1a: Hydrapple
|-boost|p1a: Hydrapple|spa|2
|
|-weather|Snowscape|[upkeep]
|upkeep
|turn|8
|
|t:|1757840156
|move|p2a: Corviknight|U-turn|p1a: Hydrapple
|-supereffective|p1a: Hydrapple
|-damage|p1a: Hydrapple|73/100
|-damage|p2a: Corviknight|72/100|[from] item: Rocky Helmet|[of] p1a: Hydrapple
|
|t:|1757840160
|switch|p2a: Slowking|Slowking-Galar, F|83/100|[from] U-turn
|move|p1a: Hydrapple|Fickle Beam|p2a: Slowking
|-damage|p2a: Slowking|44/100
|
|-weather|Snowscape|[upkeep]
|upkeep
|turn|9
|
|t:|1757840170
|switch|p2a: Corviknight|Corviknight, M|72/100
|-damage|p2a: Corviknight|59/100|[from] Stealth Rock
|-ability|p2a: Corviknight|Pressure
|move|p1a: Hydrapple|Earth Power|p2a: Corviknight
|-immune|p2a: Corviknight
|
|-weather|none
|upkeep
|turn|10
|
|t:|1757840174
|switch|p1a: Moltres|Moltres|100/100
|move|p2a: Corviknight|Roost|p2a: Corviknight
|-heal|p2a: Corviknight|100/100
|-singleturn|p2a: Corviknight|move: Roost
|
|upkeep
|turn|11
|
|t:|1757840189
|switch|p2a: Slowking|Slowking-Galar, F|78/100
|move|p1a: Moltres|U-turn|p2a: Slowking
|-damage|p2a: Slowking|63/100
|
|t:|1757840194
|switch|p1a: Great Tusk|Great Tusk|100/100|[from] U-turn
|
|upkeep
|turn|12
|
|t:|1757840201
|switch|p2a: Great Tusk|Great Tusk|100/100
|move|p1a: Great Tusk|Rapid Spin|p2a: Great Tusk
|-damage|p2a: Great Tusk|89/100
|-boost|p1a: Great Tusk|spe|1
|-sideend|p1: HGalliumh|Stealth Rock|[from] move: Rapid Spin|[of] p1a: Great Tusk
|
|upkeep
|turn|13
|
|t:|1757840216
|-end|p1a: Great Tusk|Protosynthesis|[silent]
|switch|p1a: Hydrapple|Hydrapple, F|100/100
|move|p2a: Great Tusk|Stealth Rock|p1a: Hydrapple
|-sidestart|p1: HGalliumh|move: Stealth Rock
|
|upkeep
|turn|14
|
|t:|1757840237
|-end|p2a: Great Tusk|Protosynthesis|[silent]
|switch|p2a: Slowking|Slowking-Galar, F|96/100
|move|p1a: Hydrapple|Nasty Plot|p1a: Hydrapple
|-boost|p1a: Hydrapple|spa|2
|
|upkeep
|turn|15
|
|t:|1757840246
|move|p1a: Hydrapple|Nasty Plot|p1a: Hydrapple
|-boost|p1a: Hydrapple|spa|2
|move|p2a: Slowking|Future Sight|p1a: Hydrapple
|-start|p2a: Slowking|move: Future Sight
|
|upkeep
|turn|16
|
|t:|1757840253
|move|p1a: Hydrapple|Earth Power|p2a: Slowking
|-supereffective|p2a: Slowking
|-damage|p2a: Slowking|5/100
|move|p2a: Slowking|Sludge Bomb|p1a: Hydrapple
|-supereffective|p1a: Hydrapple
|-damage|p1a: Hydrapple|34/100
|-status|p1a: Hydrapple|psn
|
|-damage|p1a: Hydrapple|22/100 psn|[from] psn
|upkeep
|turn|17
|
|t:|1757840261
|switch|p2a: Corviknight|Corviknight, M|100/100
|-damage|p2a: Corviknight|88/100|[from] Stealth Rock
|-ability|p2a: Corviknight|Pressure
|move|p1a: Hydrapple|Fickle Beam|p2a: Corviknight
|-resisted|p2a: Corviknight
|-damage|p2a: Corviknight|39/100
|
|-end|p1a: Hydrapple|move: Future Sight
|-damage|p1a: Hydrapple|0 fnt
|faint|p1a: Hydrapple
|upkeep
|
|t:|1757840265
|switch|p1a: Moltres|Moltres|100/100
|turn|18
|
|t:|1757840287
|switch|p2a: Dragonite|Dragonite, F|100/100
|move|p1a: Moltres|Flamethrower|p2a: Dragonite
|-resisted|p2a: Dragonite
|-damage|p2a: Dragonite|90/100
|
|upkeep
|turn|19
|
|t:|1757840293
|move|p1a: Moltres|Hurricane|p2a: Dragonite
|-damage|p2a: Dragonite|33/100
|move|p2a: Dragonite|Dragon Tail|p1a: Moltres
|-damage|p1a: Moltres|66/100
|drag|p1a: Great Tusk|Great Tusk|100/100
|
|upkeep
|turn|20
|
|t:|1757840300
|switch|p2a: Great Tusk|Great Tusk|89/100
|move|p1a: Great Tusk|Rapid Spin|p2a: Great Tusk
|-damage|p2a: Great Tusk|78/100
|-boost|p1a: Great Tusk|spe|1
|-sideend|p1: HGalliumh|Stealth Rock|[from] move: Rapid Spin|[of] p1a: Great Tusk
|
|upkeep
|turn|21
|
|t:|1757840318
|-end|p1a: Great Tusk|Protosynthesis|[silent]
|switch|p1a: Moltres|Moltres|66/100
|move|p2a: Great Tusk|Stealth Rock|p1a: Moltres
|-sidestart|p1: HGalliumh|move: Stealth Rock
|
|upkeep
|turn|22
|
|t:|1757840322
|-end|p2a: Great Tusk|Protosynthesis|[silent]
|switch|p2a: Slowking|Slowking-Galar, F|38/100
|move|p1a: Moltres|Hurricane|p2a: Slowking|[miss]
|-miss|p1a: Moltres|p2a: Slowking
|
|upkeep
|turn|23
|
|t:|1757840330
|switch|p2a: Dragonite|Dragonite, F|33/100
|move|p1a: Moltres|Hurricane|p2a: Dragonite|[miss]
|-miss|p1a: Moltres|p2a: Dragonite
|
|upkeep
|turn|24
|
|t:|1757840335
|move|p1a: Moltres|Roost|p1a: Moltres
|-heal|p1a: Moltres|100/100
|-singleturn|p1a: Moltres|move: Roost
|move|p2a: Dragonite|Dragon Tail|p1a: Moltres
|-damage|p1a: Moltres|63/100
|drag|p1a: Alomomola|Alomomola, F|100/100
|-damage|p1a: Alomomola|88/100|[from] Stealth Rock
|
|upkeep
|turn|25
|
|t:|1757840342
|move|p2a: Dragonite|Roost|p2a: Dragonite
|-heal|p2a: Dragonite|83/100
|-singleturn|p2a: Dragonite|move: Roost
|move|p1a: Alomomola|Play Rough|p2a: Dragonite
|-supereffective|p2a: Dragonite
|-damage|p2a: Dragonite|55/100
|
|upkeep
|turn|26
|
|t:|1757840346
|switch|p2a: Slowking|Slowking-Galar, F|71/100
|move|p1a: Alomomola|Flip Turn|p2a: Slowking
|-damage|p2a: Slowking|55/100
|
|t:|1757840349
|switch|p1a: Great Tusk|Great Tusk|100/100|[from] Flip Turn
|
|upkeep
|turn|27
|
|t:|1757840354
|switch|p2a: Great Tusk|Great Tusk|78/100
|move|p1a: Great Tusk|Rapid Spin|p2a: Great Tusk
|-damage|p2a: Great Tusk|68/100
|-boost|p1a: Great Tusk|spe|1
|-sideend|p1: HGalliumh|Stealth Rock|[from] move: Rapid Spin|[of] p1a: Great Tusk
|
|upkeep
|turn|28
|
|t:|1757840366
|move|p1a: Great Tusk|Headlong Rush|p2a: Great Tusk
|-damage|p2a: Great Tusk|27/100
|-unboost|p1a: Great Tusk|def|1
|-unboost|p1a: Great Tusk|spd|1
|move|p2a: Great Tusk|Ice Spinner|p1a: Great Tusk
|-supereffective|p1a: Great Tusk
|-damage|p1a: Great Tusk|54/100
|
|upkeep
|turn|29
|
|t:|1757840375
|-end|p1a: Great Tusk|Protosynthesis|[silent]
|switch|p1a: Moltres|Moltres|63/100
|move|p2a: Great Tusk|Rapid Spin|p1a: Moltres
|-damage|p1a: Moltres|48/100
|-boost|p2a: Great Tusk|spe|1
|-sideend|p2: literallyntd|Stealth Rock|[from] move: Rapid Spin|[of] p2a: Great Tusk
|
|upkeep
|turn|30
|
|t:|1757840382
|-end|p2a: Great Tusk|Protosynthesis|[silent]
|switch|p2a: Slowking|Slowking-Galar, F|88/100
|move|p1a: Moltres|U-turn|p2a: Slowking
|-damage|p2a: Slowking|72/100
|
|t:|1757840385
|switch|p1a: Great Tusk|Great Tusk|54/100|[from] U-turn
|
|upkeep
|turn|31
|
|t:|1757840394
|switch|p2a: Meowscarada|Meowscarada, M|88/100
|move|p1a: Great Tusk|Headlong Rush|p2a: Meowscarada
|-resisted|p2a: Meowscarada
|-damage|p2a: Meowscarada|36/100
|-unboost|p1a: Great Tusk|def|1
|-unboost|p1a: Great Tusk|spd|1
|
|upkeep
|turn|32
|
|t:|1757840402
|-end|p1a: Great Tusk|Protosynthesis|[silent]
|switch|p1a: Moltres|Moltres|48/100
|move|p2a: Meowscarada|Knock Off|p1a: Moltres
|-start|p2a: Meowscarada|typechange|Dark|[from] ability: Protean
|-damage|p1a: Moltres|4/100
|-enditem|p1a: Moltres|Heavy-Duty Boots|[from] move: Knock Off|[of] p2a: Meowscarada
|
|upkeep
|turn|33
|
|t:|1757840412
|switch|p1a: Alomomola|Alomomola, F|100/100
|move|p2a: Meowscarada|Knock Off|p1a: Alomomola
|-damage|p1a: Alomomola|67/100
|-enditem|p1a: Alomomola|Assault Vest|[from] move: Knock Off|[of] p2a: Meowscarada
|
|upkeep
|turn|34
|
|t:|1757840433
|switch|p2a: Dragonite|Dragonite, F|55/100
|move|p1a: Alomomola|Flip Turn|p2a: Dragonite
|-resisted|p2a: Dragonite
|-damage|p2a: Dragonite|47/100
|
|t:|1757840454
|switch|p1a: Moltres|Moltres|4/100|[from] Flip Turn
|
|upkeep
|turn|35
|
|t:|1757840458
|move|p2a: Dragonite|Extreme Speed|p1a: Moltres
|-damage|p1a: Moltres|0 fnt
|faint|p1a: Moltres
|
|upkeep
|-message|HGalliumh forfeited.
|
|win|literallyntd
|raw|HGalliumh's rating: 1596 &rarr; <strong>1576</strong><br />(-20 for losing)
|raw|literallyntd's rating: 1590 &rarr; <strong>1610</strong><br />(+20 for winning)
|l|☆HGalliumh
|player|p1|
