|j|☆taipan11
|j|☆RiaSingh2121
|t:|1757849244
|gametype|singles
|player|p1|taipan11|2|1183
|player|p2|RiaSingh2121|266|1182
|gen|9
|tier|[Gen 9] OU
|rated|
|rule|HP Percentage Mod: HP is shown in percentages
|rule|Endless Battle Clause: Forcing endless battles is banned
|rule|Species Clause: Limit one of each Pokémon
|rule|OHKO Clause: OHKO moves are banned
|rule|Evasion Items Clause: Evasion items are banned
|rule|Evasion Moves Clause: Evasion moves are banned
|rule|Evasion Abilities Clause: Evasion abilities are banned
|rule|Sleep Moves Clause: Sleep-inducing moves are banned
|clearpoke
|poke|p1|Ninetales, M|
|poke|p1|Dragonite, F|
|poke|p1|Venusaur, M|
|poke|p1|Hatterene, F|
|poke|p1|Great Tusk|
|poke|p1|Walking Wake|
|poke|p2|Regice|
|poke|p2|Ninetales-Alola, F|
|poke|p2|Mandibuzz, F|
|poke|p2|Clodsire, M|
|poke|p2|Dondozo, M|
|poke|p2|Bastiodon, F|
|teampreview
|
|t:|1757849263
|teamsize|p1|6
|teamsize|p2|6
|start
|switch|p1a: Kurama Chakra Mode|Ninetales, M|100/100
|switch|p2a: Bastiodon|Bastiodon, F|100/100
|-weather|SunnyDay|[from] ability: Drought|[of] p1a: Kurama Chakra Mode
|turn|1
|
|t:|1757849292
|move|p1a: Kurama Chakra Mode|Flamethrower|p2a: Bastiodon
|-damage|p2a: Bastiodon|75/100
|move|p2a: Bastiodon|Body Press|p1a: Kurama Chakra Mode
|-damage|p1a: Kurama Chakra Mode|63/100
|
|-weather|SunnyDay|[upkeep]
|-heal|p2a: Bastiodon|82/100|[from] item: Leftovers
|upkeep
|turn|2
|
|t:|1757849305
|move|p1a: Kurama Chakra Mode|Will-O-Wisp|p2a: Bastiodon|[miss]
|-miss|p1a: Kurama Chakra Mode|p2a: Bastiodon
|move|p2a: Bastiodon|Iron Defense|p2a: Bastiodon
|-boost|p2a: Bastiodon|def|2
|
|-weather|SunnyDay|[upkeep]
|-heal|p2a: Bastiodon|88/100|[from] item: Leftovers
|upkeep
|turn|3
|
|t:|1757849316
|move|p1a: Kurama Chakra Mode|Will-O-Wisp|p2a: Bastiodon
|-status|p2a: Bastiodon|brn
|move|p2a: Bastiodon|Body Press|p1a: Kurama Chakra Mode
|-crit|p1a: Kurama Chakra Mode
|-damage|p1a: Kurama Chakra Mode|14/100
|
|-weather|SunnyDay|[upkeep]
|-heal|p2a: Bastiodon|94/100 brn|[from] item: Leftovers
|-damage|p2a: Bastiodon|88/100 brn|[from] brn
|upkeep
|turn|4
|
|t:|1757849331
|switch|p1a: Lynrd Spynrd|Great Tusk|100/100
|-activate|p1a: Lynrd Spynrd|ability: Protosynthesis
|-start|p1a: Lynrd Spynrd|protosynthesisspe
|move|p2a: Bastiodon|Body Press|p1a: Lynrd Spynrd
|-damage|p1a: Lynrd Spynrd|84/100
|-damage|p2a: Bastiodon|71/100 brn|[from] item: Rocky Helmet|[of] p1a: Lynrd Spynrd
|
|-weather|SunnyDay|[upkeep]
|-heal|p2a: Bastiodon|77/100 brn|[from] item: Leftovers
|-damage|p2a: Bastiodon|71/100 brn|[from] brn
|upkeep
|turn|5
|
|t:|1757849343
|switch|p2a: Dondozo|Dondozo, M|100/100
|move|p1a: Lynrd Spynrd|Headlong Rush|p2a: Dondozo
|-damage|p2a: Dondozo|77/100
|-unboost|p1a: Lynrd Spynrd|def|1
|-unboost|p1a: Lynrd Spynrd|spd|1
|
|-weather|SunnyDay|[upkeep]
|upkeep
|turn|6
|
|t:|1757849355
|-end|p1a: Lynrd Spynrd|Protosynthesis|[silent]
|switch|p1a: Venu Vidi Vici|Venusaur, M|100/100
|move|p2a: Dondozo|Wave Crash|p1a: Venu Vidi Vici
|-resisted|p1a: Venu Vidi Vici
|-damage|p1a: Venu Vidi Vici|88/100
|-damage|p2a: Dondozo|74/100|[from] Recoil
|
|-weather|SunnyDay|[upkeep]
|upkeep
|turn|7
|
|t:|1757849365
|switch|p2a: Ninetales|Ninetales-Alola, F|100/100
|-weather|Snowscape|[from] ability: Snow Warning|[of] p2a: Ninetales
|move|p1a: Venu Vidi Vici|Giga Drain|p2a: Ninetales
|-damage|p2a: Ninetales|40/100
|-heal|p1a: Venu Vidi Vici|100/100|[from] drain|[of] p2a: Ninetales
|-damage|p1a: Venu Vidi Vici|91/100|[from] item: Life Orb
|
|-weather|Snowscape|[upkeep]
|upkeep
|turn|8
|
|t:|1757849390
|switch|p2a: Clodsire|Clodsire, M|100/100
|switch|p1a: Kurama Chakra Mode|Ninetales, M|14/100
|-weather|SunnyDay|[from] ability: Drought|[of] p1a: Kurama Chakra Mode
|
|-weather|SunnyDay|[upkeep]
|upkeep
|turn|9
|
|t:|1757849404
|switch|p1a: Die w A Smile|Hatterene, F|100/100
|move|p2a: Clodsire|Earthquake|p1a: Die w A Smile
|-crit|p1a: Die w A Smile
|-damage|p1a: Die w A Smile|63/100
|-enditem|p1a: Die w A Smile|Eject Button
|
|t:|1757849418
|switch|p1a: Lynrd Spynrd|Great Tusk|84/100
|-activate|p1a: Lynrd Spynrd|ability: Protosynthesis
|-start|p1a: Lynrd Spynrd|protosynthesisspe
|
|-weather|SunnyDay|[upkeep]
|upkeep
|turn|10
|
|t:|1757849430
|switch|p2a: Mandibuzz|Mandibuzz, F|100/100
|move|p1a: Lynrd Spynrd|Stealth Rock|p2a: Mandibuzz
|-sidestart|p2: RiaSingh2121|move: Stealth Rock
|
|-weather|SunnyDay|[upkeep]
|upkeep
|turn|11
|
|t:|1757849437
|-end|p1a: Lynrd Spynrd|Protosynthesis|[silent]
|switch|p1a: Dubya|Walking Wake|100/100
|-activate|p1a: Dubya|ability: Protosynthesis
|-start|p1a: Dubya|protosynthesisspa
|move|p2a: Mandibuzz|Defog|p1a: Dubya
|-unboost|p1a: Dubya|evasion|1
|-sideend|p2: RiaSingh2121|Stealth Rock|[from] move: Defog|[of] p2a: Mandibuzz
|
|-weather|SunnyDay|[upkeep]
|upkeep
|turn|12
|
|t:|1757849454
|move|p1a: Dubya|Hydro Steam|p2a: Mandibuzz
|-damage|p2a: Mandibuzz|0 fnt
|faint|p2a: Mandibuzz
|
|-weather|SunnyDay|[upkeep]
|upkeep
|
|t:|1757849464
|switch|p2a: Ninetales|Ninetales-Alola, F|40/100
|-weather|Snowscape|[from] ability: Snow Warning|[of] p2a: Ninetales
|-end|p1a: Dubya|Protosynthesis
|turn|13
|
|t:|1757849472
|-end|p1a: Dubya|Protosynthesis|[silent]
|switch|p1a: Kurama Chakra Mode|Ninetales, M|14/100
|-weather|SunnyDay|[from] ability: Drought|[of] p1a: Kurama Chakra Mode
|move|p2a: Ninetales|Aurora Veil||[still]
|-fail|p2a: Ninetales
|
|-weather|SunnyDay|[upkeep]
|upkeep
|turn|14
|-message|RiaSingh2121 forfeited.
|
|win|taipan11
|raw|taipan11's rating: 1183 &rarr; <strong>1208</strong><br />(+25 for winning)
|raw|RiaSingh2121's rating: 1182 &rarr; <strong>1157</strong><br />(-25 for losing)
|l|☆RiaSingh2121
|player|p2|
|l|☆taipan11
|player|p1|
