|j|☆deviljr12
|j|☆kekeyu
|t:|1757908774
|gametype|singles
|player|p1|deviljr12|2|1356
|player|p2|kekeyu|backersf|1410
|gen|9
|tier|[Gen 9] OU
|rated|
|rule|HP Percentage Mod: HP is shown in percentages
|rule|Endless Battle Clause: Forcing endless battles is banned
|rule|Species Clause: Limit one of each Pokémon
|rule|OHKO Clause: OHKO moves are banned
|rule|Evasion Items Clause: Evasion items are banned
|rule|Evasion Moves Clause: Evasion moves are banned
|rule|Evasion Abilities Clause: Evasion abilities are banned
|rule|Sleep Moves Clause: Sleep-inducing moves are banned
|clearpoke
|poke|p1|Torkoal, M|
|poke|p1|Venusaur, M|
|poke|p1|Heatran, M|
|poke|p1|Walking Wake|
|poke|p1|Scizor, M|
|poke|p1|Hatterene, F|
|poke|p2|Alomomola, M|
|poke|p2|Corviknight, F|
|poke|p2|Ting-Lu|
|poke|p2|Clefable, F|
|poke|p2|Slowking-Galar, M|
|poke|p2|Dragonite, F|
|teampreview
|
|t:|1757908792
|teamsize|p1|6
|teamsize|p2|6
|start
|switch|p1a: Rabbit|Scizor, M, shiny|100/100
|switch|p2a: Ting-Lu|Ting-Lu|100/100
|-ability|p2a: Ting-Lu|Vessel of Ruin
|turn|1
|
|t:|1757908803
|switch|p2a: Alomomola|Alomomola, M|100/100
|move|p1a: Rabbit|U-turn|p2a: Alomomola
|-damage|p2a: Alomomola|68/100
|-damage|p1a: Rabbit|84/100|[from] item: Rocky Helmet|[of] p2a: Alomomola
|
|t:|1757908814
|switch|p1a: Bard|Torkoal, M, shiny|100/100|[from] U-turn
|-weather|SunnyDay|[from] ability: Drought|[of] p1a: Bard
|
|-weather|SunnyDay|[upkeep]
|upkeep
|turn|2
|
|t:|1757908828
|move|p2a: Alomomola|Flip Turn|p1a: Bard
|-supereffective|p1a: Bard
|-damage|p1a: Bard|89/100
|
|t:|1757908831
|switch|p2a: Slowking|Slowking-Galar, M|100/100|[from] Flip Turn
|move|p1a: Bard|Will-O-Wisp|p2a: Slowking
|-status|p2a: Slowking|brn
|
|-weather|SunnyDay|[upkeep]
|-damage|p2a: Slowking|94/100 brn|[from] brn
|upkeep
|turn|3
|
|t:|1757908850
|switch|p2a: Ting-Lu|Ting-Lu|100/100
|-ability|p2a: Ting-Lu|Vessel of Ruin
|move|p1a: Bard|Stealth Rock|p2a: Ting-Lu
|-sidestart|p2: kekeyu|move: Stealth Rock
|
|-weather|SunnyDay|[upkeep]
|upkeep
|turn|4
|
|t:|1757908858
|switch|p2a: Slowking|Slowking-Galar, M|100/100 brn
|-damage|p2a: Slowking|88/100 brn|[from] Stealth Rock
|move|p1a: Bard|Will-O-Wisp|p2a: Slowking
|-fail|p2a: Slowking|brn
|
|-weather|SunnyDay|[upkeep]
|-damage|p2a: Slowking|82/100 brn|[from] brn
|upkeep
|turn|5
|
|t:|1757908870
|switch|p1a: Hooka|Hatterene, F, shiny|100/100
|move|p2a: Slowking|Sludge Bomb|p1a: Hooka
|-supereffective|p1a: Hooka
|-damage|p1a: Hooka|4/100
|
|-weather|SunnyDay|[upkeep]
|-heal|p1a: Hooka|10/100|[from] item: Leftovers
|-damage|p2a: Slowking|76/100 brn|[from] brn
|upkeep
|turn|6
|
|t:|1757908881
|move|p2a: Slowking|Flamethrower|p1a: Hooka
|-crit|p1a: Hooka
|-damage|p1a: Hooka|0 fnt
|faint|p1a: Hooka
|
|-weather|SunnyDay|[upkeep]
|-damage|p2a: Slowking|70/100 brn|[from] brn
|upkeep
|
|t:|1757908889
|switch|p1a: Zeke|Heatran, M, shiny|100/100
|turn|7
|
|t:|1757908892
|switch|p2a: Alomomola|Alomomola, M|100/100
|-damage|p2a: Alomomola|88/100|[from] Stealth Rock
|move|p1a: Zeke|Magma Storm|p2a: Alomomola
|-resisted|p2a: Alomomola
|-damage|p2a: Alomomola|33/100
|-activate|p2a: Alomomola|move: Magma Storm|[of] p1a: Zeke
|
|-weather|SunnyDay|[upkeep]
|-damage|p2a: Alomomola|21/100|[from] move: Magma Storm|[partiallytrapped]
|upkeep
|turn|8
|
|t:|1757908905
|move|p2a: Alomomola|Protect|p2a: Alomomola
|-singleturn|p2a: Alomomola|Protect
|move|p1a: Zeke|Magma Storm|p2a: Alomomola
|-activate|p2a: Alomomola|move: Protect
|
|-weather|none
|-damage|p2a: Alomomola|9/100|[from] move: Magma Storm|[partiallytrapped]
|upkeep
|turn|9
|
|t:|1757908913
|move|p1a: Zeke|Magma Storm|p2a: Alomomola
|-resisted|p2a: Alomomola
|-damage|p2a: Alomomola|0 fnt
|faint|p2a: Alomomola
|
|upkeep
|
|t:|1757908915
|switch|p2a: Ting-Lu|Ting-Lu|100/100
|-damage|p2a: Ting-Lu|94/100|[from] Stealth Rock
|-ability|p2a: Ting-Lu|Vessel of Ruin
|turn|10
|
|t:|1757908926
|switch|p1a: Bard|Torkoal, M, shiny|89/100
|-weather|SunnyDay|[from] ability: Drought|[of] p1a: Bard
|move|p2a: Ting-Lu|Earthquake|p1a: Bard
|-supereffective|p1a: Bard
|-damage|p1a: Bard|32/100
|
|-weather|SunnyDay|[upkeep]
|-heal|p2a: Ting-Lu|100/100|[from] item: Leftovers
|upkeep
|turn|11
|
|t:|1757908937
|switch|p1a: Rabbit|Scizor, M, shiny|84/100
|move|p2a: Ting-Lu|Earthquake|p1a: Rabbit
|-damage|p1a: Rabbit|46/100
|
|-weather|SunnyDay|[upkeep]
|upkeep
|turn|12
|
|t:|1757908945
|switch|p2a: Corviknight|Corviknight, F, shiny|100/100
|-damage|p2a: Corviknight|88/100|[from] Stealth Rock
|-ability|p2a: Corviknight|Pressure
|move|p1a: Rabbit|U-turn|p2a: Corviknight
|-resisted|p2a: Corviknight
|-damage|p2a: Corviknight|80/100
|-damage|p1a: Rabbit|29/100|[from] item: Rocky Helmet|[of] p2a: Corviknight
|
|t:|1757908954
|switch|p1a: Zeke|Heatran, M, shiny|100/100|[from] U-turn
|
|-weather|SunnyDay|[upkeep]
|upkeep
|turn|13
|
|t:|1757908960
|switch|p2a: Ting-Lu|Ting-Lu|100/100
|-damage|p2a: Ting-Lu|94/100|[from] Stealth Rock
|-ability|p2a: Ting-Lu|Vessel of Ruin
|move|p1a: Zeke|Magma Storm|p2a: Ting-Lu
|-damage|p2a: Ting-Lu|60/100
|-activate|p2a: Ting-Lu|move: Magma Storm|[of] p1a: Zeke
|
|-weather|SunnyDay|[upkeep]
|-heal|p2a: Ting-Lu|66/100|[from] item: Leftovers
|-damage|p2a: Ting-Lu|54/100|[from] move: Magma Storm|[partiallytrapped]
|upkeep
|turn|14
|
|t:|1757908973
|switch|p1a: MurderLarry|Venusaur, M, shiny|100/100
|move|p2a: Ting-Lu|Earthquake|p1a: MurderLarry
|-damage|p1a: MurderLarry|47/100
|
|-weather|SunnyDay|[upkeep]
|-heal|p2a: Ting-Lu|60/100|[from] item: Leftovers
|-end|p2a: Ting-Lu|Magma Storm|[partiallytrapped]|[silent]
|upkeep
|turn|15
|
|t:|1757908981
|move|p1a: MurderLarry|Giga Drain|p2a: Ting-Lu
|-supereffective|p2a: Ting-Lu
|-crit|p2a: Ting-Lu
|-damage|p2a: Ting-Lu|1/100
|-heal|p1a: MurderLarry|98/100|[from] drain|[of] p2a: Ting-Lu
|-damage|p1a: MurderLarry|88/100|[from] item: Life Orb
|move|p2a: Ting-Lu|Earthquake|p1a: MurderLarry
|-damage|p1a: MurderLarry|37/100
|
|-weather|SunnyDay|[upkeep]
|-heal|p2a: Ting-Lu|7/100|[from] item: Leftovers
|upkeep
|turn|16
|
|t:|1757908992
|move|p1a: MurderLarry|Weather Ball|p2a: Ting-Lu
|-damage|p2a: Ting-Lu|0 fnt
|faint|p2a: Ting-Lu
|-damage|p1a: MurderLarry|27/100|[from] item: Life Orb
|
|-weather|SunnyDay|[upkeep]
|upkeep
|
|t:|1757908995
|switch|p2a: Slowking|Slowking-Galar, M|100/100 brn
|-damage|p2a: Slowking|88/100 brn|[from] Stealth Rock
|turn|17
|
|t:|1757909003
|move|p1a: MurderLarry|Weather Ball|p2a: Slowking
|-damage|p2a: Slowking|56/100 brn
|-damage|p1a: MurderLarry|17/100|[from] item: Life Orb
|move|p2a: Slowking|Ice Beam|p1a: MurderLarry
|-supereffective|p1a: MurderLarry
|-damage|p1a: MurderLarry|0 fnt
|faint|p1a: MurderLarry
|
|-weather|none
|-damage|p2a: Slowking|50/100 brn|[from] brn
|upkeep
|
|t:|1757909020
|switch|p1a: Rabbit|Scizor, M, shiny|29/100
|turn|18
|
|t:|1757909030
|switch|p2a: Corviknight|Corviknight, F, shiny|80/100
|-damage|p2a: Corviknight|68/100|[from] Stealth Rock
|-ability|p2a: Corviknight|Pressure
|move|p1a: Rabbit|Knock Off|p2a: Corviknight
|-damage|p2a: Corviknight|31/100
|-damage|p1a: Rabbit|12/100|[from] item: Rocky Helmet|[of] p2a: Corviknight
|-enditem|p2a: Corviknight|Rocky Helmet|[from] move: Knock Off|[of] p1a: Rabbit
|
|upkeep
|turn|19
|
|t:|1757909040
|move|p2a: Corviknight|Roost|p2a: Corviknight
|-heal|p2a: Corviknight|81/100
|-singleturn|p2a: Corviknight|move: Roost
|move|p1a: Rabbit|Knock Off|p2a: Corviknight
|-damage|p2a: Corviknight|57/100
|
|upkeep
|turn|20
|
|t:|1757909052
|switch|p1a: Bard|Torkoal, M, shiny|32/100
|-weather|SunnyDay|[from] ability: Drought|[of] p1a: Bard
|move|p2a: Corviknight|Defog|p1a: Bard
|-unboost|p1a: Bard|evasion|1
|-sideend|p2: kekeyu|Stealth Rock|[from] move: Defog|[of] p2a: Corviknight
|
|-weather|SunnyDay|[upkeep]
|upkeep
|turn|21
|inactive|Battle timer is ON: inactive players will automatically lose when time's up. (requested by deviljr12)
|
|t:|1757909093
|switch|p2a: Slowking|Slowking-Galar, M|83/100 brn
|switch|p1a: Zeke|Heatran, M, shiny|100/100
|
|-weather|SunnyDay|[upkeep]
|-damage|p2a: Slowking|77/100 brn|[from] brn
|upkeep
|turn|22
|
|t:|1757909101
|switch|p2a: Dragonite|Dragonite, F|100/100
|move|p1a: Zeke|Magma Storm|p2a: Dragonite
|-resisted|p2a: Dragonite
|-damage|p2a: Dragonite|81/100
|-activate|p2a: Dragonite|move: Magma Storm|[of] p1a: Zeke
|
|-weather|SunnyDay|[upkeep]
|-heal|p2a: Dragonite|87/100|[from] item: Leftovers
|-damage|p2a: Dragonite|74/100|[from] move: Magma Storm|[partiallytrapped]
|upkeep
|turn|23
|
|t:|1757909128
|-terastallize|p1a: Zeke|Flying
|move|p2a: Dragonite|Dragon Dance|p2a: Dragonite
|-boost|p2a: Dragonite|atk|1
|-boost|p2a: Dragonite|spe|1
|move|p1a: Zeke|Power Gem|p2a: Dragonite
|-supereffective|p2a: Dragonite
|-damage|p2a: Dragonite|19/100
|
|-weather|SunnyDay|[upkeep]
|-heal|p2a: Dragonite|25/100|[from] item: Leftovers
|-damage|p2a: Dragonite|13/100|[from] move: Magma Storm|[partiallytrapped]
|upkeep
|turn|24
|
|t:|1757909143
|-terastallize|p2a: Dragonite|Dragon
|move|p2a: Dragonite|Outrage|p1a: Zeke
|-damage|p1a: Zeke|0 fnt
|faint|p1a: Zeke
|
|-weather|SunnyDay|[upkeep]
|-heal|p2a: Dragonite|19/100|[from] item: Leftovers
|-end|p2a: Dragonite|Magma Storm|[partiallytrapped]|[silent]
|upkeep
|
|t:|1757909152
|switch|p1a: Rabbit|Scizor, M, shiny|12/100
|turn|25
|
|t:|1757909169
|move|p1a: Rabbit|Bullet Punch|p2a: Dragonite
|-damage|p2a: Dragonite|0 fnt
|faint|p2a: Dragonite
|
|-weather|SunnyDay|[upkeep]
|upkeep
|
|t:|1757909175
|switch|p2a: Corviknight|Corviknight, F, shiny|57/100
|-ability|p2a: Corviknight|Pressure
|turn|26
|
|t:|1757909199
|switch|p1a: Wakanda|Walking Wake|100/100
|-activate|p1a: Wakanda|ability: Protosynthesis
|-start|p1a: Wakanda|protosynthesisspa
|move|p2a: Corviknight|Body Press|p1a: Wakanda
|-damage|p1a: Wakanda|71/100
|
|-weather|SunnyDay|[upkeep]
|upkeep
|turn|27
|
|t:|1757909213
|switch|p2a: Slowking|Slowking-Galar, M|100/100 brn
|move|p1a: Wakanda|Weather Ball|p2a: Slowking
|-damage|p2a: Slowking|66/100 brn
|
|-weather|none
|-end|p1a: Wakanda|Protosynthesis
|-damage|p2a: Slowking|60/100 brn|[from] brn
|upkeep
|turn|28
|
|t:|1757909224
|-end|p1a: Wakanda|Protosynthesis|[silent]
|switch|p1a: Bard|Torkoal, M, shiny|32/100
|-weather|SunnyDay|[from] ability: Drought|[of] p1a: Bard
|move|p2a: Slowking|Sludge Bomb|p1a: Bard
|-damage|p1a: Bard|0 fnt
|faint|p1a: Bard
|
|-weather|SunnyDay|[upkeep]
|-damage|p2a: Slowking|54/100 brn|[from] brn
|upkeep
|inactive|deviljr12 has 120 seconds left.
|
|t:|1757909242
|switch|p1a: Wakanda|Walking Wake|71/100
|-activate|p1a: Wakanda|ability: Protosynthesis
|-start|p1a: Wakanda|protosynthesisspa
|turn|29
|inactive|kekeyu has 120 seconds left.
|
|t:|1757909280
|move|p1a: Wakanda|Hydro Steam|p2a: Slowking
|-damage|p2a: Slowking|12/100 brn
|move|p2a: Slowking|Sludge Bomb|p1a: Wakanda
|-damage|p1a: Wakanda|9/100
|-status|p1a: Wakanda|psn
|
|-weather|SunnyDay|[upkeep]
|-damage|p1a: Wakanda|0 fnt|[from] psn
|faint|p1a: Wakanda
|-end|p1a: Wakanda|Protosynthesis|[silent]
|-damage|p2a: Slowking|6/100 brn|[from] brn
|upkeep
|inactive|deviljr12 has 120 seconds left.
|
|t:|1757909297
|switch|p1a: Rabbit|Scizor, M, shiny|12/100
|turn|30
|inactive|deviljr12 has 120 seconds left.
|
|t:|1757909313
|move|p1a: Rabbit|Bullet Punch|p2a: Slowking
|-damage|p2a: Slowking|0 fnt
|faint|p2a: Slowking
|
|-weather|SunnyDay|[upkeep]
|upkeep
|
|t:|1757909315
|switch|p2a: Corviknight|Corviknight, F, shiny|57/100
|-ability|p2a: Corviknight|Pressure
|turn|31
|inactive|deviljr12 has 120 seconds left.
|
|t:|1757909322
|move|p1a: Rabbit|Bullet Punch|p2a: Corviknight
|-resisted|p2a: Corviknight
|-damage|p2a: Corviknight|41/100
|move|p2a: Corviknight|Body Press|p1a: Rabbit
|-crit|p1a: Rabbit
|-damage|p1a: Rabbit|0 fnt
|faint|p1a: Rabbit
|
|win|kekeyu
|raw|deviljr12's rating: 1356 &rarr; <strong>1339</strong><br />(-17 for losing)
|raw|kekeyu's rating: 1410 &rarr; <strong>1427</strong><br />(+17 for winning)
|l|☆deviljr12
|player|p1|
|l|☆kekeyu
|player|p2|
