|j|☆Firebreathe
|j|☆noyourghetto
|t:|1757894855
|gametype|singles
|player|p1|Firebreathe|gambler|1240
|player|p2|noyourghetto|benga|1227
|gen|9
|tier|[Gen 9] OU
|rated|
|rule|HP Percentage Mod: HP is shown in percentages
|rule|Endless Battle Clause: Forcing endless battles is banned
|rule|Species Clause: Limit one of each Pokémon
|rule|OHKO Clause: OHKO moves are banned
|rule|Evasion Items Clause: Evasion items are banned
|rule|Evasion Moves Clause: Evasion moves are banned
|rule|Evasion Abilities Clause: Evasion abilities are banned
|rule|Sleep Moves Clause: Sleep-inducing moves are banned
|clearpoke
|poke|p1|Sawsbuck-Winter, M|
|poke|p1|Torkoal, M|
|poke|p1|Lilligant-Hisui, F|
|poke|p1|Cinderace, M|
|poke|p1|Zamazenta-*|
|poke|p1|Walking Wake|
|poke|p2|Gliscor, M|
|poke|p2|Quaquaval, M|
|poke|p2|Scizor, M|
|poke|p2|Dragonite, F|
|poke|p2|Skeledirge, F|
|poke|p2|Glimmora, M|
|teampreview
|inactive|Battle timer is ON: inactive players will automatically lose when time's up. (requested by Firebreathe)
|
|t:|1757894862
|teamsize|p1|6
|teamsize|p2|6
|start
|switch|p1a: Torkoal|Torkoal, M|100/100
|switch|p2a: Glimmora|Glimmora, M|100/100
|-weather|SunnyDay|[from] ability: Drought|[of] p1a: Torkoal
|turn|1
|
|t:|1757894872
|move|p2a: Glimmora|Stealth Rock|p1a: Torkoal
|-sidestart|p1: Firebreathe|move: Stealth Rock
|move|p1a: Torkoal|Stealth Rock|p2a: Glimmora
|-sidestart|p2: noyourghetto|move: Stealth Rock
|
|-weather|SunnyDay|[upkeep]
|upkeep
|turn|2
|
|t:|1757894878
|move|p2a: Glimmora|Power Gem|p1a: Torkoal
|-supereffective|p1a: Torkoal
|-damage|p1a: Torkoal|26/100
|move|p1a: Torkoal|Earth Power|p2a: Glimmora
|-supereffective|p2a: Glimmora
|-damage|p2a: Glimmora|8/100
|
|-weather|SunnyDay|[upkeep]
|upkeep
|turn|3
|
|t:|1757894890
|move|p2a: Glimmora|Power Gem|p1a: Torkoal
|-supereffective|p1a: Torkoal
|-damage|p1a: Torkoal|0 fnt
|faint|p1a: Torkoal
|
|-weather|SunnyDay|[upkeep]
|upkeep
|
|t:|1757894902
|switch|p1a: Sawsbuck|Sawsbuck-Winter, M|100/100
|-damage|p1a: Sawsbuck|88/100|[from] Stealth Rock
|turn|4
|
|t:|1757894912
|move|p1a: Sawsbuck|Horn Leech|p2a: Glimmora
|-damage|p2a: Glimmora|0 fnt
|-heal|p1a: Sawsbuck|93/100|[from] drain|[of] p2a: Glimmora
|-activate|p2a: Glimmora|ability: Toxic Debris
|-sidestart|p1: Firebreathe|move: Toxic Spikes
|faint|p2a: Glimmora
|-damage|p1a: Sawsbuck|83/100|[from] item: Life Orb
|
|-weather|SunnyDay|[upkeep]
|upkeep
|
|t:|1757894936
|switch|p2a: Liege|Scizor, M|100/100
|-damage|p2a: Liege|88/100|[from] Stealth Rock
|turn|5
|
|t:|1757894941
|switch|p1a: Cinderace|Cinderace, M|100/100
|-damage|p1a: Cinderace|76/100|[from] Stealth Rock
|-status|p1a: Cinderace|psn
|move|p2a: Liege|U-turn|p1a: Cinderace
|-resisted|p1a: Cinderace
|-damage|p1a: Cinderace|51/100 psn
|
|t:|1757894953
|switch|p2a: Louis|Skeledirge, F|100/100|[from] U-turn
|
|-weather|SunnyDay|[upkeep]
|-damage|p1a: Cinderace|38/100 psn|[from] psn
|upkeep
|turn|6
|
|t:|1757894962
|move|p1a: Cinderace|U-turn|p2a: Louis
|-start|p1a: Cinderace|typechange|Bug|[from] ability: Libero
|-resisted|p2a: Louis
|-damage|p2a: Louis|90/100
|
|t:|1757894967
|switch|p1a: Walking Wake|Walking Wake|100/100|[from] U-turn
|-damage|p1a: Walking Wake|88/100|[from] Stealth Rock
|-status|p1a: Walking Wake|psn
|-activate|p1a: Walking Wake|ability: Protosynthesis
|-start|p1a: Walking Wake|protosynthesisspe
|move|p2a: Louis|Hex|p1a: Walking Wake
|-damage|p1a: Walking Wake|31/100 psn
|
|-weather|SunnyDay|[upkeep]
|-damage|p1a: Walking Wake|19/100 psn|[from] psn
|upkeep
|turn|7
|
|t:|1757894983
|move|p1a: Walking Wake|Draco Meteor|p2a: Louis
|-damage|p2a: Louis|17/100
|-unboost|p1a: Walking Wake|spa|2
|move|p2a: Louis|Hex|p1a: Walking Wake
|-crit|p1a: Walking Wake
|-damage|p1a: Walking Wake|0 fnt
|faint|p1a: Walking Wake
|-end|p1a: Walking Wake|Protosynthesis|[silent]
|
|-weather|SunnyDay|[upkeep]
|upkeep
|
|t:|1757894986
|switch|p1a: Sawsbuck|Sawsbuck-Winter, M|83/100
|-damage|p1a: Sawsbuck|70/100|[from] Stealth Rock
|-status|p1a: Sawsbuck|psn
|turn|8
|
|t:|1757895009
|switch|p2a: Nightwing|Gliscor, M|100/100
|-damage|p2a: Nightwing|88/100|[from] Stealth Rock
|move|p1a: Sawsbuck|High Horsepower|p2a: Nightwing
|-immune|p2a: Nightwing
|
|-weather|none
|-damage|p1a: Sawsbuck|58/100 psn|[from] psn
|-status|p2a: Nightwing|tox|[from] item: Toxic Orb
|upkeep
|turn|9
|-message|Firebreathe forfeited.
|
|win|noyourghetto
|raw|Firebreathe's rating: 1240 &rarr; <strong>1214</strong><br />(-26 for losing)
|raw|noyourghetto's rating: 1227 &rarr; <strong>1253</strong><br />(+26 for winning)
|l|☆Firebreathe
|player|p1|
|l|☆noyourghetto
|player|p2|
