|j|☆SittinGamer
|j|☆lucashwin196
|t:|1757915462
|gametype|singles
|player|p1|SittinGamer|dawn-gen4pt|1597
|player|p2|lucashwin196|blue|1591
|gen|9
|tier|[Gen 9] OU
|rated|
|rule|HP Percentage Mod: HP is shown in percentages
|rule|Endless Battle Clause: Forcing endless battles is banned
|rule|Species Clause: Limit one of each Pokémon
|rule|OHKO Clause: OHKO moves are banned
|rule|Evasion Items Clause: Evasion items are banned
|rule|Evasion Moves Clause: Evasion moves are banned
|rule|Evasion Abilities Clause: Evasion abilities are banned
|rule|Sleep Moves Clause: Sleep-inducing moves are banned
|clearpoke
|poke|p1|Infernape, F|
|poke|p1|Samurott-Hisui, F|
|poke|p1|Gholdengo|
|poke|p1|Hatterene, F|
|poke|p1|Great Tusk|
|poke|p1|Zamazenta-*|
|poke|p2|Great Tusk|
|poke|p2|Slowking-Galar, M|
|poke|p2|Alomomola, M|
|poke|p2|Kingambit, M|
|poke|p2|Dragapult, F|
|poke|p2|Dragonite, F|
|teampreview
|inactive|Battle timer is ON: inactive players will automatically lose when time's up. (requested by lucashwin196)
|
|t:|1757915473
|teamsize|p1|6
|teamsize|p2|6
|start
|switch|p1a: Gholdengo|Gholdengo|100/100
|switch|p2a: Alomomola|Alomomola, M|100/100
|turn|1
|
|t:|1757915483
|switch|p1a: Hatterene|Hatterene, F|100/100
|switch|p2a: Kingambit|Kingambit, M|100/100
|
|upkeep
|turn|2
|
|t:|1757915489
|switch|p1a: Samurott|Samurott-Hisui, F|100/100
|move|p2a: Kingambit|Kowtow Cleave|p1a: Samurott
|-resisted|p1a: Samurott
|-damage|p1a: Samurott|74/100
|
|upkeep
|turn|3
|
|t:|1757915494
|-end|p2a: Kingambit|fallenundefined|[silent]
|switch|p2a: Alomomola|Alomomola, M|100/100
|move|p1a: Samurott|Ceaseless Edge|p2a: Alomomola
|-crit|p2a: Alomomola
|-damage|p2a: Alomomola|70/100
|-sidestart|p2: lucashwin196|Spikes
|
|upkeep
|turn|4
|
|t:|1757915497
|move|p1a: Samurott|Knock Off|p2a: Alomomola
|-damage|p2a: Alomomola|46/100
|-enditem|p2a: Alomomola|Heavy-Duty Boots|[from] move: Knock Off|[of] p1a: Samurott
|move|p2a: Alomomola|Scald|p1a: Samurott
|-resisted|p1a: Samurott
|-damage|p1a: Samurott|69/100
|
|upkeep
|turn|5
|
|t:|1757915501
|move|p1a: Samurott|Ceaseless Edge|p2a: Alomomola
|-damage|p2a: Alomomola|26/100
|-sidestart|p2: lucashwin196|Spikes
|move|p2a: Alomomola|Wish|p2a: Alomomola
|
|upkeep
|turn|6
|
|t:|1757915505
|move|p1a: Samurott|Razor Shell|p2a: Alomomola
|-resisted|p2a: Alomomola
|-damage|p2a: Alomomola|14/100
|move|p2a: Alomomola|Scald|p1a: Samurott
|-resisted|p1a: Samurott
|-damage|p1a: Samurott|63/100
|
|-heal|p2a: Alomomola|64/100|[from] move: Wish|[wisher] Alomomola
|upkeep
|turn|7
|
|t:|1757915509
|move|p1a: Samurott|Ceaseless Edge|p2a: Alomomola|[miss]
|-miss|p1a: Samurott|p2a: Alomomola
|move|p2a: Alomomola|Scald|p1a: Samurott
|-resisted|p1a: Samurott
|-damage|p1a: Samurott|58/100
|
|upkeep
|turn|8
|
|t:|1757915511
|move|p1a: Samurott|Ceaseless Edge|p2a: Alomomola
|-damage|p2a: Alomomola|42/100
|-sidestart|p2: lucashwin196|Spikes
|move|p2a: Alomomola|Scald|p1a: Samurott
|-resisted|p1a: Samurott
|-damage|p1a: Samurott|53/100
|-status|p1a: Samurott|brn
|
|-damage|p1a: Samurott|47/100 brn|[from] brn
|upkeep
|turn|9
|
|t:|1757915514
|move|p1a: Samurott|Razor Shell|p2a: Alomomola
|-resisted|p2a: Alomomola
|-damage|p2a: Alomomola|35/100
|-unboost|p2a: Alomomola|def|1
|move|p2a: Alomomola|Wish|p2a: Alomomola
|
|-damage|p1a: Samurott|40/100 brn|[from] brn
|upkeep
|turn|10
|
|t:|1757915523
|move|p2a: Alomomola|Protect|p2a: Alomomola
|-singleturn|p2a: Alomomola|Protect
|move|p1a: Samurott|Razor Shell|p2a: Alomomola
|-activate|p2a: Alomomola|move: Protect
|
|-heal|p2a: Alomomola|85/100|[from] move: Wish|[wisher] Alomomola
|-damage|p1a: Samurott|34/100 brn|[from] brn
|upkeep
|turn|11
|
|t:|1757915526
|move|p1a: Samurott|Razor Shell|p2a: Alomomola
|-resisted|p2a: Alomomola
|-damage|p2a: Alomomola|75/100
|-unboost|p2a: Alomomola|def|1
|move|p2a: Alomomola|Wish|p2a: Alomomola
|
|-damage|p1a: Samurott|28/100 brn|[from] brn
|upkeep
|turn|12
|
|t:|1757915529
|move|p1a: Samurott|Ceaseless Edge|p2a: Alomomola
|-damage|p2a: Alomomola|52/100
|move|p2a: Alomomola|Flip Turn|p1a: Samurott
|-resisted|p1a: Samurott
|-damage|p1a: Samurott|20/100 brn
|
|t:|1757915533
|switch|p2a: Great Tusk|Great Tusk|100/100|[from] Flip Turn
|-damage|p2a: Great Tusk|76/100|[from] Spikes
|
|-heal|p2a: Great Tusk|100/100|[from] move: Wish|[wisher] Alomomola
|-damage|p1a: Samurott|14/100 brn|[from] brn
|upkeep
|turn|13
|
|t:|1757915544
|-terastallize|p1a: Samurott|Ghost
|move|p2a: Great Tusk|Headlong Rush|p1a: Samurott
|-damage|p1a: Samurott|0 fnt
|-unboost|p2a: Great Tusk|def|1
|-unboost|p2a: Great Tusk|spd|1
|faint|p1a: Samurott
|
|upkeep
|
|t:|1757915548
|switch|p1a: Gholdengo|Gholdengo|100/100
|turn|14
|
|t:|1757915553
|move|p1a: Gholdengo|Shadow Ball|p2a: Great Tusk
|-damage|p2a: Great Tusk|12/100
|move|p2a: Great Tusk|Headlong Rush|p1a: Gholdengo
|-supereffective|p1a: Gholdengo
|-damage|p1a: Gholdengo|0 fnt
|-unboost|p2a: Great Tusk|def|1
|-unboost|p2a: Great Tusk|spd|1
|faint|p1a: Gholdengo
|
|upkeep
|
|t:|1757915559
|switch|p1a: Infernape|Infernape, F|100/100
|turn|15
|
|t:|1757915563
|move|p1a: Infernape|Knock Off|p2a: Great Tusk
|-resisted|p2a: Great Tusk
|-crit|p2a: Great Tusk
|-damage|p2a: Great Tusk|0 fnt
|-damage|p1a: Infernape|84/100|[from] item: Rocky Helmet|[of] p2a: Great Tusk
|-enditem|p2a: Great Tusk|Rocky Helmet|[from] move: Knock Off|[of] p1a: Infernape
|faint|p2a: Great Tusk
|-end|p2a: Great Tusk|Protosynthesis|[silent]
|
|upkeep
|
|t:|1757915566
|switch|p2a: Alomomola|Alomomola, M|86/100
|-damage|p2a: Alomomola|61/100|[from] Spikes
|turn|16
|
|t:|1757915570
|move|p1a: Infernape|Stealth Rock|p2a: Alomomola
|-sidestart|p2: lucashwin196|move: Stealth Rock
|move|p2a: Alomomola|Flip Turn|p1a: Infernape
|-supereffective|p1a: Infernape
|-damage|p1a: Infernape|30/100
|
|t:|1757915575
|switch|p2a: Dragapult|Dragapult, F|100/100|[from] Flip Turn
|
|upkeep
|turn|17
|
|t:|1757915580
|switch|p1a: Hatterene|Hatterene, F|100/100
|move|p2a: Dragapult|Dragon Darts|p1a: Hatterene
|-immune|p1a: Hatterene
|
|upkeep
|turn|18
|
|t:|1757915587
|move|p2a: Dragapult|U-turn|p1a: Hatterene
|-damage|p1a: Hatterene|77/100
|
|t:|1757915593
|switch|p2a: Slowking|Slowking-Galar, M|100/100|[from] U-turn
|move|p1a: Hatterene|Mystical Fire|p2a: Slowking
|-damage|p2a: Slowking|85/100
|-unboost|p2a: Slowking|spa|1
|
|upkeep
|turn|19
|
|t:|1757915598
|move|p1a: Hatterene|Psyshock|p2a: Slowking
|-damage|p2a: Slowking|38/100
|-prepare|p2a: Slowking|Chilly Reception|[premajor]
|move|p2a: Slowking|Chilly Reception|p2a: Slowking
|-weather|Snowscape
|
|t:|1757915624
|switch|p2a: Kingambit|Kingambit, M|100/100|[from] Chilly Reception
|-damage|p2a: Kingambit|76/100|[from] Spikes
|-damage|p2a: Kingambit|69/100|[from] Stealth Rock
|-activate|p2a: Kingambit|ability: Supreme Overlord
|-start|p2a: Kingambit|fallen1|[silent]
|
|-weather|Snowscape|[upkeep]
|-heal|p2a: Kingambit|76/100|[from] item: Leftovers
|upkeep
|turn|20
|
|t:|1757915633
|move|p2a: Kingambit|Kowtow Cleave|p1a: Hatterene
|-damage|p1a: Hatterene|10/100
|move|p1a: Hatterene|Mystical Fire|p2a: Kingambit
|-supereffective|p2a: Kingambit
|-damage|p2a: Kingambit|13/100
|-unboost|p2a: Kingambit|spa|1
|
|-weather|Snowscape|[upkeep]
|-heal|p2a: Kingambit|20/100|[from] item: Leftovers
|upkeep
|turn|21
|
|t:|1757915640
|move|p2a: Kingambit|Kowtow Cleave|p1a: Hatterene
|-damage|p1a: Hatterene|0 fnt
|faint|p1a: Hatterene
|
|-weather|Snowscape|[upkeep]
|-heal|p2a: Kingambit|26/100|[from] item: Leftovers
|upkeep
|
|t:|1757915648
|switch|p1a: Infernape|Infernape, F|30/100
|turn|22
|
|t:|1757915651
|move|p1a: Infernape|Vacuum Wave|p2a: Kingambit
|-supereffective|p2a: Kingambit
|-damage|p2a: Kingambit|0 fnt
|faint|p2a: Kingambit
|-end|p2a: Kingambit|fallen1|[silent]
|
|-weather|Snowscape|[upkeep]
|upkeep
|
|t:|1757915653
|switch|p2a: Dragapult|Dragapult, F|100/100
|turn|23
|
|t:|1757915663
|move|p2a: Dragapult|Dragon Darts|p1a: Infernape
|-damage|p1a: Infernape|0 fnt
|faint|p1a: Infernape
|
|-weather|none
|upkeep
|
|t:|1757915664
|switch|p1a: Great Tusk|Great Tusk|100/100
|-enditem|p1a: Great Tusk|Booster Energy
|-activate|p1a: Great Tusk|ability: Protosynthesis|[fromitem]
|-start|p1a: Great Tusk|protosynthesisatk
|turn|24
|
|t:|1757915672
|-terastallize|p2a: Dragapult|Fairy
|move|p2a: Dragapult|Will-O-Wisp|p1a: Great Tusk
|-status|p1a: Great Tusk|brn
|move|p1a: Great Tusk|Knock Off|p2a: Dragapult
|-resisted|p2a: Dragapult
|-damage|p2a: Dragapult|87/100
|-enditem|p2a: Dragapult|Heavy-Duty Boots|[from] move: Knock Off|[of] p1a: Great Tusk
|
|-damage|p1a: Great Tusk|94/100 brn|[from] brn
|upkeep
|turn|25
|
|t:|1757915679
|move|p2a: Dragapult|Hex|p1a: Great Tusk
|-damage|p1a: Great Tusk|21/100 brn
|move|p1a: Great Tusk|Rapid Spin|p2a: Dragapult
|-damage|p2a: Dragapult|73/100
|-boost|p1a: Great Tusk|spe|1
|
|-damage|p1a: Great Tusk|15/100 brn|[from] brn
|upkeep
|turn|26
|
|t:|1757915687
|move|p1a: Great Tusk|Headlong Rush|p2a: Dragapult
|-damage|p2a: Dragapult|26/100
|-unboost|p1a: Great Tusk|def|1
|-unboost|p1a: Great Tusk|spd|1
|move|p2a: Dragapult|Hex|p1a: Great Tusk
|-damage|p1a: Great Tusk|0 fnt
|faint|p1a: Great Tusk
|-end|p1a: Great Tusk|Protosynthesis|[silent]
|
|upkeep
|
|t:|1757915689
|switch|p1a: Zamazenta|Zamazenta|100/100
|-ability|p1a: Zamazenta|Dauntless Shield|boost
|-boost|p1a: Zamazenta|def|1
|turn|27
|
|t:|1757915694
|move|p2a: Dragapult|Will-O-Wisp|p1a: Zamazenta|[miss]
|-miss|p2a: Dragapult|p1a: Zamazenta
|move|p1a: Zamazenta|Iron Defense|p1a: Zamazenta
|-boost|p1a: Zamazenta|def|2
|
|upkeep
|turn|28
|
|t:|1757915700
|move|p2a: Dragapult|Will-O-Wisp|p1a: Zamazenta
|-status|p1a: Zamazenta|brn
|move|p1a: Zamazenta|Body Press|p2a: Dragapult
|-resisted|p2a: Dragapult
|-damage|p2a: Dragapult|0 fnt
|faint|p2a: Dragapult
|
|-damage|p1a: Zamazenta|94/100 brn|[from] brn
|upkeep
|
|t:|1757915703
|switch|p2a: Alomomola|Alomomola, M|94/100
|-damage|p2a: Alomomola|69/100|[from] Spikes
|-damage|p2a: Alomomola|57/100|[from] Stealth Rock
|turn|29
|
|t:|1757915706
|move|p1a: Zamazenta|Iron Defense|p1a: Zamazenta
|-boost|p1a: Zamazenta|def|2
|move|p2a: Alomomola|Wish|p2a: Alomomola
|
|-heal|p1a: Zamazenta|100/100 brn|[from] item: Leftovers
|-damage|p1a: Zamazenta|94/100 brn|[from] brn
|upkeep
|turn|30
|
|t:|1757915710
|move|p2a: Alomomola|Protect|p2a: Alomomola
|-singleturn|p2a: Alomomola|Protect
|move|p1a: Zamazenta|Body Press|p2a: Alomomola
|-activate|p2a: Alomomola|move: Protect
|
|-heal|p2a: Alomomola|100/100|[from] move: Wish|[wisher] Alomomola
|-heal|p1a: Zamazenta|100/100 brn|[from] item: Leftovers
|-damage|p1a: Zamazenta|94/100 brn|[from] brn
|upkeep
|turn|31
|
|t:|1757915716
|move|p1a: Zamazenta|Iron Defense|p1a: Zamazenta
|-boost|p1a: Zamazenta|def|1
|move|p2a: Alomomola|Wish|p2a: Alomomola
|
|-heal|p1a: Zamazenta|100/100 brn|[from] item: Leftovers
|-damage|p1a: Zamazenta|94/100 brn|[from] brn
|upkeep
|turn|32
|
|t:|1757915720
|move|p1a: Zamazenta|Body Press|p2a: Alomomola
|-damage|p2a: Alomomola|65/100
|move|p2a: Alomomola|Scald|p1a: Zamazenta
|-damage|p1a: Zamazenta|84/100 brn
|
|-heal|p2a: Alomomola|100/100|[from] move: Wish|[wisher] Alomomola
|-heal|p1a: Zamazenta|90/100 brn|[from] item: Leftovers
|-damage|p1a: Zamazenta|84/100 brn|[from] brn
|upkeep
|turn|33
|
|t:|1757915724
|move|p2a: Alomomola|Flip Turn|p1a: Zamazenta
|-damage|p1a: Zamazenta|81/100 brn
|
|t:|1757915728
|switch|p2a: Slowking|Slowking-Galar, M|71/100|[from] Flip Turn
|move|p1a: Zamazenta|Roar|p2a: Slowking
|drag|p2a: Alomomola|Alomomola, M|100/100
|-damage|p2a: Alomomola|76/100|[from] Spikes
|-damage|p2a: Alomomola|63/100|[from] Stealth Rock
|
|-heal|p1a: Zamazenta|87/100 brn|[from] item: Leftovers
|-damage|p1a: Zamazenta|81/100 brn|[from] brn
|upkeep
|turn|34
|
|t:|1757915731
|move|p1a: Zamazenta|Body Press|p2a: Alomomola
|-damage|p2a: Alomomola|25/100
|move|p2a: Alomomola|Wish|p2a: Alomomola
|
|-heal|p1a: Zamazenta|87/100 brn|[from] item: Leftovers
|-damage|p1a: Zamazenta|81/100 brn|[from] brn
|upkeep
|turn|35
|
|t:|1757915734
|move|p2a: Alomomola|Protect|p2a: Alomomola
|-singleturn|p2a: Alomomola|Protect
|move|p1a: Zamazenta|Roar|p2a: Alomomola
|drag|p2a: Slowking|Slowking-Galar, M|100/100
|
|-heal|p1a: Zamazenta|87/100 brn|[from] item: Leftovers
|-damage|p1a: Zamazenta|81/100 brn|[from] brn
|upkeep
|turn|36
|
|t:|1757915737
|move|p1a: Zamazenta|Crunch|p2a: Slowking
|-supereffective|p2a: Slowking
|-damage|p2a: Slowking|80/100
|move|p2a: Slowking|Future Sight|p1a: Zamazenta
|-start|p2a: Slowking|move: Future Sight
|
|-heal|p1a: Zamazenta|87/100 brn|[from] item: Leftovers
|-damage|p1a: Zamazenta|81/100 brn|[from] brn
|upkeep
|turn|37
|-message|SittinGamer forfeited.
|
|win|lucashwin196
|raw|SittinGamer's rating: 1597 &rarr; <strong>1577</strong><br />(-20 for losing)
|raw|lucashwin196's rating: 1591 &rarr; <strong>1611</strong><br />(+20 for winning)
|l|☆SittinGamer
|player|p1|
|l|☆lucashwin196
|player|p2|
