|j|☆waha8
|j|☆HuevozRancheroz
|t:|1757830307
|gametype|singles
|player|p1|waha8|102|1247
|player|p2|HuevozRancheroz|rosa|1265
|gen|9
|tier|[Gen 9] OU
|rated|
|rule|HP Percentage Mod: HP is shown in percentages
|rule|Endless Battle Clause: Forcing endless battles is banned
|rule|Species Clause: Limit one of each Pokémon
|rule|OHKO Clause: OHKO moves are banned
|rule|Evasion Items Clause: Evasion items are banned
|rule|Evasion Moves Clause: Evasion moves are banned
|rule|Evasion Abilities Clause: Evasion abilities are banned
|rule|Sleep Moves Clause: Sleep-inducing moves are banned
|clearpoke
|poke|p1|Blaziken, M|
|poke|p1|Ninetales, M|
|poke|p1|Indeedee, M|
|poke|p1|Hatterene, F|
|poke|p1|Slowbro-Galar, M|
|poke|p1|Cinderace, F|
|poke|p2|Pincurchin, M|
|poke|p2|Iron Moth|
|poke|p2|Iron Leaves|
|poke|p2|Weezing-Galar, M|
|poke|p2|Alomomola, M|
|poke|p2|Primarina, F|
|teampreview
|inactive|Battle timer is ON: inactive players will automatically lose when time's up. (requested by HuevozRancheroz)
|
|t:|1757830319
|teamsize|p1|6
|teamsize|p2|6
|start
|switch|p1a: Kurama|Ninetales, M|100/100
|switch|p2a: Pincurchin|Pincurchin, M|100/100
|-weather|SunnyDay|[from] ability: Drought|[of] p1a: Kurama
|-fieldstart|move: Electric Terrain|[from] ability: Electric Surge|[of] p2a: Pincurchin
|turn|1
|
|t:|1757830326
|move|p1a: Kurama|Weather Ball|p2a: Pincurchin
|-damage|p2a: Pincurchin|24/100
|move|p2a: Pincurchin|Thunder Wave|p1a: Kurama
|-status|p1a: Kurama|par
|
|-weather|SunnyDay|[upkeep]
|upkeep
|turn|2
|
|t:|1757830333
|move|p1a: Kurama|Solar Beam||[still]
|-prepare|p1a: Kurama|Solar Beam
|-anim|p1a: Kurama|Solar Beam|p2a: Pincurchin
|-damage|p2a: Pincurchin|0 fnt
|faint|p2a: Pincurchin
|
|-weather|SunnyDay|[upkeep]
|upkeep
|
|t:|1757830344
|switch|p2a: Iron Moth|Iron Moth|100/100
|-item|p2a: Iron Moth|Air Balloon
|-activate|p2a: Iron Moth|ability: Quark Drive
|-start|p2a: Iron Moth|quarkdrivespe
|turn|3
|
|t:|1757830350
|-terastallize|p2a: Iron Moth|Fire
|move|p2a: Iron Moth|Fiery Dance|p1a: Kurama
|-resisted|p1a: Kurama
|-damage|p1a: Kurama|51/100 par
|move|p1a: Kurama|Psyshock|p2a: Iron Moth
|-damage|p2a: Iron Moth|68/100
|-enditem|p2a: Iron Moth|Air Balloon
|
|-weather|SunnyDay|[upkeep]
|upkeep
|turn|4
|
|t:|1757830360
|move|p2a: Iron Moth|Fiery Dance|p1a: Kurama
|-resisted|p1a: Kurama
|-damage|p1a: Kurama|6/100 par
|move|p1a: Kurama|Weather Ball|p2a: Iron Moth
|-resisted|p2a: Iron Moth
|-damage|p2a: Iron Moth|39/100
|
|-weather|SunnyDay|[upkeep]
|upkeep
|turn|5
|
|t:|1757830367
|switch|p1a: DeeDee|Indeedee, M|100/100
|-fieldstart|move: Psychic Terrain|[from] ability: Psychic Surge|[of] p1a: DeeDee
|-end|p2a: Iron Moth|Quark Drive
|move|p2a: Iron Moth|Fiery Dance|p1a: DeeDee
|-damage|p1a: DeeDee|0 fnt
|-boost|p2a: Iron Moth|spa|1
|faint|p1a: DeeDee
|
|-weather|SunnyDay|[upkeep]
|upkeep
|
|t:|1757830378
|switch|p1a: WildWest|Slowbro-Galar, M|100/100
|turn|6
|-activate|p1a: WildWest|item: Quick Claw
|
|t:|1757830385
|move|p1a: WildWest|Expanding Force|p2a: Iron Moth
|-damage|p2a: Iron Moth|0 fnt
|faint|p2a: Iron Moth
|-end|p2a: Iron Moth|Quark Drive|[silent]
|
|-weather|SunnyDay|[upkeep]
|upkeep
|
|t:|1757830400
|switch|p2a: Iron Leaves|Iron Leaves|100/100
|turn|7
|-activate|p1a: WildWest|item: Quick Claw
|
|t:|1757830406
|move|p1a: WildWest|Nasty Plot|p1a: WildWest
|-boost|p1a: WildWest|spa|2
|move|p2a: Iron Leaves|Swords Dance|p2a: Iron Leaves
|-boost|p2a: Iron Leaves|atk|2
|
|-weather|SunnyDay|[upkeep]
|upkeep
|turn|8
|-activate|p1a: WildWest|item: Quick Claw
|
|t:|1757830413
|move|p1a: WildWest|Shell Side Arm|p2a: Iron Leaves|[anim] Shell Side Arm Special
|-supereffective|p2a: Iron Leaves
|-damage|p2a: Iron Leaves|0 fnt
|-hint|Special Shell Side Arm
|faint|p2a: Iron Leaves
|-end|p2a: Iron Leaves|Quark Drive|[silent]
|
|-weather|none
|upkeep
|
|t:|1757830426
|switch|p2a: Primarina|Primarina, F|100/100
|turn|9
|-activate|p1a: WildWest|item: Quick Claw
|
|t:|1757830430
|move|p1a: WildWest|Expanding Force|p2a: Primarina
|-damage|p2a: Primarina|12/100
|move|p2a: Primarina|Psychic|p1a: WildWest
|-damage|p1a: WildWest|50/100
|
|upkeep
|turn|10
|
|t:|1757830437
|move|p2a: Primarina|Psychic|p1a: WildWest
|-damage|p1a: WildWest|0 fnt
|faint|p1a: WildWest
|
|upkeep
|
|t:|1757830442
|switch|p1a: Kurama|Ninetales, M|6/100 par
|-weather|SunnyDay|[from] ability: Drought|[of] p1a: Kurama
|turn|11
|
|t:|1757830446
|move|p1a: Kurama|Solar Beam||[still]
|-prepare|p1a: Kurama|Solar Beam
|-anim|p1a: Kurama|Solar Beam|p2a: Primarina
|-supereffective|p2a: Primarina
|-damage|p2a: Primarina|0 fnt
|faint|p2a: Primarina
|
|-weather|SunnyDay|[upkeep]
|upkeep
|-message|HuevozRancheroz forfeited.
|
|win|waha8
|raw|waha8's rating: 1247 &rarr; <strong>1273</strong><br />(+26 for winning)
|raw|HuevozRancheroz's rating: 1265 &rarr; <strong>1239</strong><br />(-26 for losing)
|l|☆HuevozRancheroz
|player|p2|
|l|☆waha8
|player|p1|
