|j|☆barbphobic
|j|☆dragonfandan
|t:|1757795349
|gametype|singles
|player|p1|barbphobic|waitress-gen4|1175
|player|p2|dragonfandan|lance|1125
|gen|9
|tier|[Gen 9] OU
|rated|
|rule|HP Percentage Mod: HP is shown in percentages
|rule|Endless Battle Clause: Forcing endless battles is banned
|rule|Species Clause: Limit one of each Pokémon
|rule|OHKO Clause: OHKO moves are banned
|rule|Evasion Items Clause: Evasion items are banned
|rule|Evasion Moves Clause: Evasion moves are banned
|rule|Evasion Abilities Clause: Evasion abilities are banned
|rule|Sleep Moves Clause: Sleep-inducing moves are banned
|clearpoke
|poke|p1|Kingambit, F|
|poke|p1|Bisharp, M|
|poke|p1|Grimmsnarl, M|
|poke|p1|Incineroar, M|
|poke|p1|Krookodile, F|
|poke|p1|Cacturne, F|
|poke|p2|Thundurus-Therian, M|
|poke|p2|Primarina, M|
|poke|p2|Great Tusk|
|poke|p2|Garganacl, F|
|poke|p2|Rillaboom, M|
|poke|p2|Gholdengo|
|teampreview
|
|t:|1757795359
|teamsize|p1|6
|teamsize|p2|6
|start
|switch|p1a: DA SUBSTANCE|Grimmsnarl, M|100/100
|switch|p2a: Great Tusk|Great Tusk|100/100
|turn|1
|inactive|Battle timer is ON: inactive players will automatically lose when time's up. (requested by dragonfandan)
|
|t:|1757795366
|move|p1a: DA SUBSTANCE|Reflect|p1a: DA SUBSTANCE
|-sidestart|p1: barbphobic|Reflect
|move|p2a: Great Tusk|Stealth Rock|p1a: DA SUBSTANCE
|-sidestart|p1: barbphobic|move: Stealth Rock
|
|upkeep
|turn|2
|
|t:|1757795372
|-end|p2a: Great Tusk|Protosynthesis|[silent]
|switch|p2a: Garganacl|Garganacl, F|100/100
|move|p1a: DA SUBSTANCE|Parting Shot|p2a: Garganacl
|-unboost|p2a: Garganacl|atk|1
|-unboost|p2a: Garganacl|spa|1
|
|t:|1757795379
|switch|p1a: PENNYWISE|Cacturne, F|100/100|[from] Parting Shot
|-damage|p1a: PENNYWISE|88/100|[from] Stealth Rock
|
|upkeep
|turn|3
|
|t:|1757795386
|move|p1a: PENNYWISE|Nasty Plot|p1a: PENNYWISE
|-boost|p1a: PENNYWISE|spa|2
|move|p2a: Garganacl|Iron Defense|p2a: Garganacl
|-boost|p2a: Garganacl|def|2
|
|upkeep
|turn|4
|
|t:|1757795392
|move|p1a: PENNYWISE|Giga Drain|p2a: Garganacl
|-supereffective|p2a: Garganacl
|-damage|p2a: Garganacl|0 fnt
|-heal|p1a: PENNYWISE|100/100|[from] drain|[of] p2a: Garganacl
|faint|p2a: Garganacl
|
|upkeep
|
|t:|1757795401
|switch|p2a: Thundurus|Thundurus-Therian, M|100/100
|turn|5
|
|t:|1757795406
|-terastallize|p2a: Thundurus|Flying
|move|p2a: Thundurus|Tera Blast|p1a: PENNYWISE|[anim] Tera Blast Flying
|-supereffective|p1a: PENNYWISE
|-damage|p1a: PENNYWISE|0 fnt
|faint|p1a: PENNYWISE
|
|upkeep
|
|t:|1757795411
|switch|p1a: DA SUBSTANCE|Grimmsnarl, M|100/100
|-damage|p1a: DA SUBSTANCE|88/100|[from] Stealth Rock
|turn|6
|
|t:|1757795416
|move|p1a: DA SUBSTANCE|Light Screen|p1a: DA SUBSTANCE
|-sidestart|p1: barbphobic|move: Light Screen
|move|p2a: Thundurus|Tera Blast|p1a: DA SUBSTANCE|[anim] Tera Blast Flying
|-damage|p1a: DA SUBSTANCE|66/100
|
|upkeep
|turn|7
|
|t:|1757795422
|switch|p2a: Rillaboom|Rillaboom, M|100/100
|-fieldstart|move: Grassy Terrain|[from] ability: Grassy Surge|[of] p2a: Rillaboom
|move|p1a: DA SUBSTANCE|Parting Shot|p2a: Rillaboom
|-unboost|p2a: Rillaboom|atk|1
|-unboost|p2a: Rillaboom|spa|1
|
|t:|1757795429
|switch|p1a: MYERS|Incineroar, M|100/100|[from] Parting Shot
|-damage|p1a: MYERS|76/100|[from] Stealth Rock
|-ability|p1a: MYERS|Intimidate|boost
|-unboost|p2a: Rillaboom|atk|1
|
|-heal|p1a: MYERS|82/100|[from] Grassy Terrain
|upkeep
|turn|8
|
|t:|1757795438
|switch|p2a: Primarina|Primarina, M|100/100
|move|p1a: MYERS|Fire Punch|p2a: Primarina
|-resisted|p2a: Primarina
|-damage|p2a: Primarina|79/100
|
|-heal|p2a: Primarina|85/100|[from] Grassy Terrain
|-heal|p1a: MYERS|88/100|[from] Grassy Terrain
|-sideend|p1: barbphobic|Reflect
|upkeep
|turn|9
|
|t:|1757795448
|move|p1a: MYERS|Parting Shot|p2a: Primarina
|-unboost|p2a: Primarina|atk|1
|-unboost|p2a: Primarina|spa|1
|
|t:|1757795452
|switch|p1a: KRUGER|Bisharp, M|100/100|[from] Parting Shot
|-damage|p1a: KRUGER|95/100|[from] Stealth Rock
|move|p2a: Primarina|Surf|p1a: KRUGER
|-damage|p1a: KRUGER|79/100
|
|-heal|p1a: KRUGER|85/100|[from] Grassy Terrain
|-heal|p2a: Primarina|91/100|[from] Grassy Terrain
|upkeep
|turn|10
|
|t:|1757795464
|switch|p2a: Great Tusk|Great Tusk|100/100
|move|p1a: KRUGER|Swords Dance|p1a: KRUGER
|-boost|p1a: KRUGER|atk|2
|
|-heal|p1a: KRUGER|91/100|[from] Grassy Terrain
|upkeep
|turn|11
|
|t:|1757795473
|-terastallize|p1a: KRUGER|Dark
|move|p2a: Great Tusk|Headlong Rush|p1a: KRUGER
|-damage|p1a: KRUGER|51/100
|-unboost|p2a: Great Tusk|def|1
|-unboost|p2a: Great Tusk|spd|1
|move|p1a: KRUGER|Throat Chop|p2a: Great Tusk
|-resisted|p2a: Great Tusk
|-damage|p2a: Great Tusk|41/100
|-start|p2a: Great Tusk|Throat Chop|[silent]
|
|-heal|p2a: Great Tusk|47/100|[from] Grassy Terrain
|-heal|p1a: KRUGER|57/100|[from] Grassy Terrain
|-fieldend|move: Grassy Terrain
|upkeep
|turn|12
|
|t:|1757795488
|-end|p2a: Great Tusk|Protosynthesis|[silent]
|switch|p2a: Primarina|Primarina, M|91/100
|move|p1a: KRUGER|Sucker Punch||[still]
|-fail|p1a: KRUGER
|
|upkeep
|turn|13
|
|t:|1757795494
|move|p1a: KRUGER|Iron Head|p2a: Primarina
|-damage|p2a: Primarina|0 fnt
|faint|p2a: Primarina
|
|-sideend|p1: barbphobic|move: Light Screen
|upkeep
|
|t:|1757795501
|switch|p2a: Rillaboom|Rillaboom, M|100/100
|-fieldstart|move: Grassy Terrain|[from] ability: Grassy Surge|[of] p2a: Rillaboom
|turn|14
|
|t:|1757795506
|move|p2a: Rillaboom|Grassy Glide|p1a: KRUGER
|-damage|p1a: KRUGER|19/100
|move|p1a: KRUGER|Throat Chop|p2a: Rillaboom
|-damage|p2a: Rillaboom|0 fnt
|faint|p2a: Rillaboom
|
|-heal|p1a: KRUGER|25/100|[from] Grassy Terrain
|upkeep
|
|t:|1757795516
|switch|p2a: Great Tusk|Great Tusk|47/100
|turn|15
|
|t:|1757795519
|move|p1a: KRUGER|Sucker Punch|p2a: Great Tusk
|-resisted|p2a: Great Tusk
|-damage|p2a: Great Tusk|11/100
|move|p2a: Great Tusk|Headlong Rush|p1a: KRUGER
|-damage|p1a: KRUGER|0 fnt
|-unboost|p2a: Great Tusk|def|1
|-unboost|p2a: Great Tusk|spd|1
|faint|p1a: KRUGER
|
|-heal|p2a: Great Tusk|17/100|[from] Grassy Terrain
|upkeep
|
|t:|1757795525
|switch|p1a: DA SUBSTANCE|Grimmsnarl, M|66/100
|-damage|p1a: DA SUBSTANCE|54/100|[from] Stealth Rock
|turn|16
|
|t:|1757795536
|move|p2a: Great Tusk|Headlong Rush|p1a: DA SUBSTANCE
|-damage|p1a: DA SUBSTANCE|0 fnt
|-unboost|p2a: Great Tusk|def|1
|-unboost|p2a: Great Tusk|spd|1
|faint|p1a: DA SUBSTANCE
|
|-heal|p2a: Great Tusk|23/100|[from] Grassy Terrain
|upkeep
|
|t:|1757795539
|switch|p1a: JIGSAW|Kingambit, F|100/100
|-damage|p1a: JIGSAW|94/100|[from] Stealth Rock
|-activate|p1a: JIGSAW|ability: Supreme Overlord
|-start|p1a: JIGSAW|fallen3|[silent]
|turn|17
|
|t:|1757795549
|-end|p2a: Great Tusk|Protosynthesis|[silent]
|switch|p2a: Thundurus|Thundurus-Therian, M, tera:Flying|100/100
|move|p1a: JIGSAW|Sucker Punch||[still]
|-fail|p1a: JIGSAW
|
|-heal|p1a: JIGSAW|100/100|[from] Grassy Terrain
|upkeep
|turn|18
|
|t:|1757795556
|move|p2a: Thundurus|Focus Blast|p1a: JIGSAW
|-supereffective|p1a: JIGSAW
|-damage|p1a: JIGSAW|0 fnt
|faint|p1a: JIGSAW
|-end|p1a: JIGSAW|fallen3|[silent]
|
|-fieldend|move: Grassy Terrain
|upkeep
|
|t:|1757795561
|switch|p1a: GHOSTFACE|Krookodile, F|100/100
|-damage|p1a: GHOSTFACE|94/100|[from] Stealth Rock
|turn|19
|
|t:|1757795567
|move|p2a: Thundurus|Focus Blast|p1a: GHOSTFACE|[miss]
|-miss|p2a: Thundurus|p1a: GHOSTFACE
|move|p1a: GHOSTFACE|Gunk Shot|p2a: Thundurus
|-damage|p2a: Thundurus|45/100
|
|upkeep
|turn|20
|
|t:|1757795574
|switch|p1a: MYERS|Incineroar, M|88/100
|-damage|p1a: MYERS|63/100|[from] Stealth Rock
|-ability|p1a: MYERS|Intimidate|boost
|-unboost|p2a: Thundurus|atk|1
|move|p2a: Thundurus|Focus Blast|p1a: MYERS|[miss]
|-miss|p2a: Thundurus|p1a: MYERS
|
|upkeep
|turn|21
|
|t:|1757795582
|move|p2a: Thundurus|Focus Blast|p1a: MYERS
|-supereffective|p1a: MYERS
|-damage|p1a: MYERS|0 fnt
|faint|p1a: MYERS
|
|upkeep
|
|t:|1757795585
|switch|p1a: GHOSTFACE|Krookodile, F|94/100
|-damage|p1a: GHOSTFACE|88/100|[from] Stealth Rock
|turn|22
|
|t:|1757795590
|move|p2a: Thundurus|Focus Blast|p1a: GHOSTFACE
|-supereffective|p1a: GHOSTFACE
|-damage|p1a: GHOSTFACE|0 fnt
|faint|p1a: GHOSTFACE
|
|win|dragonfandan
|raw|barbphobic's rating: 1175 &rarr; <strong>1146</strong><br />(-29 for losing)
|raw|dragonfandan's rating: 1125 &rarr; <strong>1154</strong><br />(+29 for winning)
|l|☆barbphobic
|player|p1|
|l|☆dragonfandan
|player|p2|
