|j|☆TeamGiantDouche
|j|☆rewa00
|t:|1757862363
|gametype|singles
|player|p1|TeamGiantDouche|101|1159
|player|p2|rewa00|cyrus|1167
|gen|9
|tier|[Gen 9] OU
|rated|
|rule|HP Percentage Mod: HP is shown in percentages
|rule|Endless Battle Clause: Forcing endless battles is banned
|rule|Species Clause: Limit one of each Pokémon
|rule|OHKO Clause: OHKO moves are banned
|rule|Evasion Items Clause: Evasion items are banned
|rule|Evasion Moves Clause: Evasion moves are banned
|rule|Evasion Abilities Clause: Evasion abilities are banned
|rule|Sleep Moves Clause: Sleep-inducing moves are banned
|clearpoke
|poke|p1|Dragapult, M|
|poke|p1|Glimmora, M|
|poke|p1|Comfey, M|
|poke|p1|Kingambit, M|
|poke|p1|Ogerpon-Wellspring, F|
|poke|p1|Blaziken, M|
|poke|p2|Rampardos, M|
|poke|p2|Gyarados, F|
|poke|p2|Gogoat, M|
|poke|p2|Rotom-Heat|
|poke|p2|Forretress, M|
|poke|p2|Dragapult, F|
|teampreview
|
|t:|1757862372
|teamsize|p1|6
|teamsize|p2|6
|start
|switch|p1a: Dragapult|Dragapult, M, shiny|100/100
|switch|p2a: Dragapult|Dragapult, F|100/100
|turn|1
|
|t:|1757862378
|move|p2a: Dragapult|Dragon Darts|p1a: Dragapult
|-supereffective|p1a: Dragapult
|-damage|p1a: Dragapult|28/100
|-anim|p2a: Dragapult|Dragon Darts|p1a: Dragapult
|-supereffective|p1a: Dragapult
|-damage|p1a: Dragapult|0 fnt
|faint|p1a: Dragapult
|
|upkeep
|
|t:|1757862382
|switch|p1a: Comfey|Comfey, M, shiny|100/100
|turn|2
|
|t:|1757862388
|switch|p2a: Rotom|Rotom-Heat|100/100
|move|p1a: Comfey|Substitute|p1a: Comfey
|-start|p1a: Comfey|Substitute
|-damage|p1a: Comfey|76/100
|
|upkeep
|turn|3
|
|t:|1757862392
|move|p2a: Rotom|Thunderbolt|p1a: Comfey
|-end|p1a: Comfey|Substitute
|move|p1a: Comfey|Calm Mind|p1a: Comfey
|-boost|p1a: Comfey|spa|1
|-boost|p1a: Comfey|spd|1
|
|upkeep
|turn|4
|
|t:|1757862398
|switch|p2a: Rampardos|Rampardos, M|100/100
|-ability|p2a: Rampardos|Mold Breaker
|move|p1a: Comfey|Calm Mind|p1a: Comfey
|-boost|p1a: Comfey|spa|1
|-boost|p1a: Comfey|spd|1
|
|upkeep
|turn|5
|
|t:|1757862405
|move|p1a: Comfey|Draining Kiss|p2a: Rampardos
|-damage|p2a: Rampardos|47/100
|-heal|p1a: Comfey|100/100|[from] drain|[of] p2a: Rampardos
|-damage|p1a: Comfey|91/100|[from] item: Life Orb
|move|p2a: Rampardos|Iron Head|p1a: Comfey
|-supereffective|p1a: Comfey
|-damage|p1a: Comfey|1/100
|
|upkeep
|turn|6
|
|t:|1757862409
|switch|p2a: Rotom|Rotom-Heat|100/100
|move|p1a: Comfey|Draining Kiss|p2a: Rotom
|-resisted|p2a: Rotom
|-damage|p2a: Rotom|71/100
|-heal|p1a: Comfey|23/100|[from] drain|[of] p2a: Rotom
|-damage|p1a: Comfey|13/100|[from] item: Life Orb
|
|upkeep
|turn|7
|
|t:|1757862420
|move|p1a: Comfey|Draining Kiss|p2a: Rotom
|-resisted|p2a: Rotom
|-damage|p2a: Rotom|39/100
|-heal|p1a: Comfey|37/100|[from] drain|[of] p2a: Rotom
|-damage|p1a: Comfey|27/100|[from] item: Life Orb
|move|p2a: Rotom|Volt Switch|p1a: Comfey
|-damage|p1a: Comfey|14/100
|
|t:|1757862427
|switch|p2a: Forretress|Forretress, M|100/100|[from] Volt Switch
|
|upkeep
|turn|8
|
|t:|1757862431
|move|p1a: Comfey|Draining Kiss|p2a: Forretress
|-resisted|p2a: Forretress
|-damage|p2a: Forretress|63/100
|-heal|p1a: Comfey|46/100|[from] drain|[of] p2a: Forretress
|-damage|p1a: Comfey|36/100|[from] item: Life Orb
|move|p2a: Forretress|Earthquake|p1a: Comfey
|-damage|p1a: Comfey|11/100
|
|upkeep
|turn|9
|
|t:|1757862440
|move|p1a: Comfey|Draining Kiss|p2a: Forretress
|-resisted|p2a: Forretress
|-damage|p2a: Forretress|23/100
|-heal|p1a: Comfey|46/100|[from] drain|[of] p2a: Forretress
|-enditem|p2a: Forretress|Sitrus Berry|[eat]
|-heal|p2a: Forretress|48/100|[from] item: Sitrus Berry
|-damage|p1a: Comfey|36/100|[from] item: Life Orb
|move|p2a: Forretress|Earthquake|p1a: Comfey
|-damage|p1a: Comfey|8/100
|
|upkeep
|turn|10
|
|t:|1757862449
|move|p1a: Comfey|Draining Kiss|p2a: Forretress
|-resisted|p2a: Forretress
|-damage|p2a: Forretress|8/100
|-heal|p1a: Comfey|43/100|[from] drain|[of] p2a: Forretress
|-damage|p1a: Comfey|33/100|[from] item: Life Orb
|move|p2a: Forretress|Earthquake|p1a: Comfey
|-damage|p1a: Comfey|6/100
|
|upkeep
|turn|11
|
|t:|1757862453
|move|p1a: Comfey|Draining Kiss|p2a: Forretress
|-resisted|p2a: Forretress
|-damage|p2a: Forretress|0 fnt
|-heal|p1a: Comfey|13/100|[from] drain|[of] p2a: Forretress
|faint|p2a: Forretress
|-damage|p1a: Comfey|3/100|[from] item: Life Orb
|
|upkeep
|
|t:|1757862457
|switch|p2a: Rotom|Rotom-Heat|39/100
|turn|12
|
|t:|1757862461
|move|p1a: Comfey|Draining Kiss|p2a: Rotom
|-resisted|p2a: Rotom
|-damage|p2a: Rotom|12/100
|-heal|p1a: Comfey|23/100|[from] drain|[of] p2a: Rotom
|-damage|p1a: Comfey|14/100|[from] item: Life Orb
|move|p2a: Rotom|Thunderbolt|p1a: Comfey
|-damage|p1a: Comfey|0 fnt
|faint|p1a: Comfey
|
|upkeep
|
|t:|1757862474
|switch|p1a: Ogerpon|Ogerpon-Wellspring, F|100/100
|turn|13
|
|t:|1757862478
|move|p2a: Rotom|Thunderbolt|p1a: Ogerpon
|-damage|p1a: Ogerpon|61/100
|move|p1a: Ogerpon|Spikes|p2a: Rotom
|-sidestart|p2: rewa00|Spikes
|
|upkeep
|turn|14
|
|t:|1757862487
|move|p2a: Rotom|Thunderbolt|p1a: Ogerpon
|-damage|p1a: Ogerpon|23/100
|move|p1a: Ogerpon|Ivy Cudgel|p2a: Rotom|[anim] Ivy Cudgel Water
|-supereffective|p2a: Rotom
|-damage|p2a: Rotom|0 fnt
|faint|p2a: Rotom
|
|upkeep
|
|t:|1757862495
|switch|p2a: Gogoat|Gogoat, M|100/100
|-damage|p2a: Gogoat|88/100|[from] Spikes
|turn|15
|
|t:|1757862499
|move|p1a: Ogerpon|U-turn|p2a: Gogoat
|-supereffective|p2a: Gogoat
|-damage|p2a: Gogoat|45/100
|
|t:|1757862502
|switch|p1a: Glimmora|Glimmora, M, shiny|100/100|[from] U-turn
|move|p2a: Gogoat|Horn Leech|p1a: Glimmora
|-damage|p1a: Glimmora|82/100
|-heal|p2a: Gogoat|52/100|[from] drain|[of] p1a: Glimmora
|-activate|p1a: Glimmora|ability: Toxic Debris
|-sidestart|p2: rewa00|move: Toxic Spikes
|-enditem|p1a: Glimmora|Red Card|[of] p2a: Gogoat
|drag|p2a: Rampardos|Rampardos, M|47/100
|-damage|p2a: Rampardos|35/100|[from] Spikes
|-status|p2a: Rampardos|psn
|-ability|p2a: Rampardos|Mold Breaker
|
|-damage|p2a: Rampardos|22/100 psn|[from] psn
|upkeep
|turn|16
|
|t:|1757862508
|move|p1a: Glimmora|Earth Power|p2a: Rampardos
|-supereffective|p2a: Rampardos
|-damage|p2a: Rampardos|0 fnt
|faint|p2a: Rampardos
|
|upkeep
|
|t:|1757862513
|switch|p2a: Gyarados|Gyarados, F|100/100
|-ability|p2a: Gyarados|Intimidate|boost
|-unboost|p1a: Glimmora|atk|1
|turn|17
|
|t:|1757862521
|move|p1a: Glimmora|Power Gem|p2a: Gyarados
|-supereffective|p2a: Gyarados
|-damage|p2a: Gyarados|44/100
|move|p2a: Gyarados|Earthquake|p1a: Glimmora
|-supereffective|p1a: Glimmora
|-damage|p1a: Glimmora|0 fnt
|-activate|p1a: Glimmora|ability: Toxic Debris
|-sidestart|p2: rewa00|move: Toxic Spikes
|faint|p1a: Glimmora
|
|upkeep
|
|t:|1757862532
|switch|p1a: Blaziken|Blaziken, M, shiny|100/100
|turn|18
|
|t:|1757862537
|move|p1a: Blaziken|Protect|p1a: Blaziken
|-singleturn|p1a: Blaziken|Protect
|move|p2a: Gyarados|Earthquake|p1a: Blaziken
|-activate|p1a: Blaziken|move: Protect
|
|-ability|p1a: Blaziken|Speed Boost|boost
|-boost|p1a: Blaziken|spe|1
|upkeep
|turn|19
|
|t:|1757862540
|move|p1a: Blaziken|Knock Off|p2a: Gyarados
|-damage|p2a: Gyarados|0 fnt
|-enditem|p2a: Gyarados|Choice Band|[from] move: Knock Off|[of] p1a: Blaziken
|faint|p2a: Gyarados
|-damage|p1a: Blaziken|91/100|[from] item: Life Orb
|
|-ability|p1a: Blaziken|Speed Boost|boost
|-boost|p1a: Blaziken|spe|1
|upkeep
|
|t:|1757862545
|switch|p2a: Dragapult|Dragapult, F|100/100
|-damage|p2a: Dragapult|88/100|[from] Spikes
|-status|p2a: Dragapult|tox
|turn|20
|
|t:|1757862549
|move|p1a: Blaziken|Knock Off|p2a: Dragapult
|-supereffective|p2a: Dragapult
|-damage|p2a: Dragapult|0 fnt
|-enditem|p2a: Dragapult|Power Herb|[from] move: Knock Off|[of] p1a: Blaziken
|faint|p2a: Dragapult
|-damage|p1a: Blaziken|81/100|[from] item: Life Orb
|
|-ability|p1a: Blaziken|Speed Boost|boost
|-boost|p1a: Blaziken|spe|1
|upkeep
|
|t:|1757862551
|switch|p2a: Gogoat|Gogoat, M|52/100
|-damage|p2a: Gogoat|40/100|[from] Spikes
|-status|p2a: Gogoat|tox
|turn|21
|-message|rewa00 forfeited.
|
|win|TeamGiantDouche
|raw|TeamGiantDouche's rating: 1159 &rarr; <strong>1185</strong><br />(+26 for winning)
|raw|rewa00's rating: 1167 &rarr; <strong>1141</strong><br />(-26 for losing)
|l|☆rewa00
|player|p2|
|l|☆TeamGiantDouche
|player|p1|
