|j|☆roommate108
|j|☆Running to Im
|t:|1757825602
|gametype|singles
|player|p1|roommate108|102|1187
|player|p2|Running to Im|170|1137
|gen|9
|tier|[Gen 9] OU
|rated|
|rule|HP Percentage Mod: HP is shown in percentages
|rule|Endless Battle Clause: Forcing endless battles is banned
|rule|Species Clause: Limit one of each Pokémon
|rule|OHKO Clause: OHKO moves are banned
|rule|Evasion Items Clause: Evasion items are banned
|rule|Evasion Moves Clause: Evasion moves are banned
|rule|Evasion Abilities Clause: Evasion abilities are banned
|rule|Sleep Moves Clause: Sleep-inducing moves are banned
|clearpoke
|poke|p1|Great Tusk|
|poke|p1|Brambleghast, M|
|poke|p1|Moltres|
|poke|p1|Ting-Lu|
|poke|p1|Kleavor, F|
|poke|p1|Dragonite, F|
|poke|p2|Raichu, F|
|poke|p2|Keldeo-Resolute|
|poke|p2|Iron Treads|
|poke|p2|Moltres|
|poke|p2|Sinistcha|
|poke|p2|Slowking-Galar, M|
|teampreview
|inactive|Battle timer is ON: inactive players will automatically lose when time's up. (requested by Running to Im)
|
|t:|1757825617
|teamsize|p1|6
|teamsize|p2|6
|start
|switch|p1a: Kleavor|Kleavor, F|100/100
|switch|p2a: Iron Treads|Iron Treads|100/100
|turn|1
|
|t:|1757825628
|move|p1a: Kleavor|U-turn|p2a: Iron Treads
|-resisted|p2a: Iron Treads
|-damage|p2a: Iron Treads|86/100
|
|t:|1757825634
|switch|p1a: Great Tusk|Great Tusk|100/100|[from] U-turn
|-enditem|p1a: Great Tusk|Booster Energy
|-activate|p1a: Great Tusk|ability: Protosynthesis|[fromitem]
|-start|p1a: Great Tusk|protosynthesisatk
|move|p2a: Iron Treads|Rapid Spin|p1a: Great Tusk
|-damage|p1a: Great Tusk|91/100
|-boost|p2a: Iron Treads|spe|1
|
|-heal|p2a: Iron Treads|93/100|[from] item: Leftovers
|upkeep
|turn|2
|
|t:|1757825643
|-end|p2a: Iron Treads|Quark Drive|[silent]
|switch|p2a: Moltres|Moltres|100/100
|move|p1a: Great Tusk|Headlong Rush|p2a: Moltres
|-immune|p2a: Moltres
|
|upkeep
|turn|3
|
|t:|1757825647
|move|p1a: Great Tusk|Head Smash|p2a: Moltres
|-supereffective|p2a: Moltres
|-damage|p2a: Moltres|0 fnt
|faint|p2a: Moltres
|-damage|p1a: Great Tusk|39/100|[from] Recoil
|
|upkeep
|
|t:|1757825652
|switch|p2a: Raichu|Raichu, F, shiny|100/100
|turn|4
|
|t:|1757825661
|move|p2a: Raichu|Grass Knot|p1a: Great Tusk
|-supereffective|p1a: Great Tusk
|-damage|p1a: Great Tusk|0 fnt
|faint|p1a: Great Tusk
|-end|p1a: Great Tusk|Protosynthesis|[silent]
|
|upkeep
|
|t:|1757825664
|switch|p1a: Kleavor|Kleavor, F|100/100
|turn|5
|
|t:|1757825673
|switch|p2a: Iron Treads|Iron Treads|93/100
|move|p1a: Kleavor|Stone Axe|p2a: Iron Treads
|-resisted|p2a: Iron Treads
|-damage|p2a: Iron Treads|82/100
|-sidestart|p2: Running to Im|move: Stealth Rock
|
|-heal|p2a: Iron Treads|88/100|[from] item: Leftovers
|upkeep
|turn|6
|
|t:|1757825677
|move|p1a: Kleavor|U-turn|p2a: Iron Treads
|-resisted|p2a: Iron Treads
|-damage|p2a: Iron Treads|73/100
|
|t:|1757825679
|switch|p1a: Brambleghast|Brambleghast, M|100/100|[from] U-turn
|move|p2a: Iron Treads|Stealth Rock|p1a: Brambleghast
|-sidestart|p1: roommate108|move: Stealth Rock
|
|-heal|p2a: Iron Treads|80/100|[from] item: Leftovers
|upkeep
|turn|7
|
|t:|1757825687
|move|p1a: Brambleghast|Power Whip|p2a: Iron Treads
|-damage|p2a: Iron Treads|13/100
|-damage|p1a: Brambleghast|91/100|[from] item: Life Orb
|move|p2a: Iron Treads|Knock Off|p1a: Brambleghast
|-supereffective|p1a: Brambleghast
|-damage|p1a: Brambleghast|0 fnt
|-enditem|p1a: Brambleghast|Life Orb|[from] move: Knock Off|[of] p2a: Iron Treads
|faint|p1a: Brambleghast
|
|-heal|p2a: Iron Treads|20/100|[from] item: Leftovers
|upkeep
|
|t:|1757825702
|switch|p1a: Dragonite|Dragonite, F|100/100
|turn|8
|
|t:|1757825706
|move|p1a: Dragonite|Dragon Dance|p1a: Dragonite
|-boost|p1a: Dragonite|atk|1
|-boost|p1a: Dragonite|spe|1
|move|p2a: Iron Treads|Rapid Spin|p1a: Dragonite
|-damage|p1a: Dragonite|93/100
|-boost|p2a: Iron Treads|spe|1
|-sideend|p2: Running to Im|Stealth Rock|[from] move: Rapid Spin|[of] p2a: Iron Treads
|
|-heal|p2a: Iron Treads|26/100|[from] item: Leftovers
|upkeep
|turn|9
|
|t:|1757825712
|move|p1a: Dragonite|Dragon Dance|p1a: Dragonite
|-boost|p1a: Dragonite|atk|1
|-boost|p1a: Dragonite|spe|1
|move|p2a: Iron Treads|Knock Off|p1a: Dragonite
|-damage|p1a: Dragonite|68/100
|-enditem|p1a: Dragonite|Heavy-Duty Boots|[from] move: Knock Off|[of] p2a: Iron Treads
|
|-heal|p2a: Iron Treads|32/100|[from] item: Leftovers
|upkeep
|turn|10
|
|t:|1757825723
|move|p1a: Dragonite|Low Kick|p2a: Iron Treads
|-supereffective|p2a: Iron Treads
|-damage|p2a: Iron Treads|0 fnt
|faint|p2a: Iron Treads
|-end|p2a: Iron Treads|Quark Drive|[silent]
|
|upkeep
|
|t:|1757825733
|switch|p2a: Sinistcha|Sinistcha|100/100
|turn|11
|
|t:|1757825739
|move|p1a: Dragonite|Ice Spinner|p2a: Sinistcha
|-supereffective|p2a: Sinistcha
|-damage|p2a: Sinistcha|24/100
|move|p2a: Sinistcha|Strength Sap|p1a: Dragonite
|-unboost|p1a: Dragonite|atk|1
|-heal|p2a: Sinistcha|100/100
|
|upkeep
|turn|12
|
|t:|1757825756
|switch|p1a: Kleavor|Kleavor, F|100/100
|-damage|p1a: Kleavor|76/100|[from] Stealth Rock
|move|p2a: Sinistcha|Strength Sap|p1a: Kleavor
|-unboost|p1a: Kleavor|atk|1
|
|upkeep
|turn|13
|
|t:|1757825763
|move|p1a: Kleavor|Stone Axe|p2a: Sinistcha
|-damage|p2a: Sinistcha|75/100
|-sidestart|p2: Running to Im|move: Stealth Rock
|move|p2a: Sinistcha|Calm Mind|p2a: Sinistcha
|-boost|p2a: Sinistcha|spa|1
|-boost|p2a: Sinistcha|spd|1
|
|-heal|p2a: Sinistcha|81/100|[from] item: Leftovers
|upkeep
|turn|14
|
|t:|1757825766
|move|p1a: Kleavor|U-turn|p2a: Sinistcha
|-damage|p2a: Sinistcha|65/100
|
|t:|1757825770
|switch|p1a: Moltres|Moltres|100/100|[from] U-turn
|move|p2a: Sinistcha|Calm Mind|p2a: Sinistcha
|-boost|p2a: Sinistcha|spa|1
|-boost|p2a: Sinistcha|spd|1
|
|-heal|p2a: Sinistcha|71/100|[from] item: Leftovers
|upkeep
|turn|15
|
|t:|1757825775
|move|p1a: Moltres|Hurricane|p2a: Sinistcha
|-supereffective|p2a: Sinistcha
|-damage|p2a: Sinistcha|18/100
|move|p2a: Sinistcha|Matcha Gotcha|p1a: Moltres
|-resisted|p1a: Moltres
|-damage|p1a: Moltres|84/100
|-heal|p2a: Sinistcha|27/100|[from] drain|[of] p1a: Moltres
|
|-heal|p2a: Sinistcha|33/100|[from] item: Leftovers
|upkeep
|turn|16
|
|t:|1757825784
|-terastallize|p2a: Sinistcha|Poison
|move|p1a: Moltres|Hurricane|p2a: Sinistcha|[miss]
|-miss|p1a: Moltres|p2a: Sinistcha
|move|p2a: Sinistcha|Strength Sap|p1a: Moltres
|-unboost|p1a: Moltres|atk|1
|-heal|p2a: Sinistcha|87/100
|
|-heal|p2a: Sinistcha|93/100|[from] item: Leftovers
|upkeep
|turn|17
|
|t:|1757825791
|move|p1a: Moltres|Will-O-Wisp|p2a: Sinistcha
|-status|p2a: Sinistcha|brn
|move|p2a: Sinistcha|Calm Mind|p2a: Sinistcha
|-boost|p2a: Sinistcha|spa|1
|-boost|p2a: Sinistcha|spd|1
|
|-heal|p2a: Sinistcha|99/100 brn|[from] item: Leftovers
|-damage|p2a: Sinistcha|96/100 brn|[from] brn
|upkeep
|turn|18
|
|t:|1757825800
|switch|p1a: Ting-Lu|Ting-Lu|100/100
|-damage|p1a: Ting-Lu|94/100|[from] Stealth Rock
|-ability|p1a: Ting-Lu|Vessel of Ruin
|move|p2a: Sinistcha|Shadow Ball|p1a: Ting-Lu
|-resisted|p1a: Ting-Lu
|-damage|p1a: Ting-Lu|78/100
|
|-heal|p2a: Sinistcha|100/100 brn|[from] item: Leftovers
|-heal|p1a: Ting-Lu|84/100|[from] item: Leftovers
|-damage|p2a: Sinistcha|98/100 brn|[from] brn
|upkeep
|turn|19
|
|t:|1757825810
|move|p2a: Sinistcha|Strength Sap|p1a: Ting-Lu
|-unboost|p1a: Ting-Lu|atk|1
|-heal|p2a: Sinistcha|100/100 brn
|move|p1a: Ting-Lu|Whirlwind|p2a: Sinistcha
|drag|p2a: Raichu|Raichu, F, shiny|100/100
|-damage|p2a: Raichu|88/100|[from] Stealth Rock
|
|-heal|p1a: Ting-Lu|91/100|[from] item: Leftovers
|upkeep
|turn|20
|
|t:|1757825816
|move|p2a: Raichu|Grass Knot|p1a: Ting-Lu
|-supereffective|p1a: Ting-Lu
|-damage|p1a: Ting-Lu|52/100
|move|p1a: Ting-Lu|Spikes|p2a: Raichu
|-sidestart|p2: Running to Im|Spikes
|
|-heal|p1a: Ting-Lu|58/100|[from] item: Leftovers
|upkeep
|turn|21
|
|t:|1757825823
|switch|p1a: Moltres|Moltres|84/100
|move|p2a: Raichu|Grass Knot|p1a: Moltres
|-resisted|p1a: Moltres
|-damage|p1a: Moltres|75/100
|
|upkeep
|turn|22
|
|t:|1757825841
|switch|p2a: Sinistcha|Sinistcha, tera:Poison|100/100 brn
|-damage|p2a: Sinistcha|88/100 brn|[from] Stealth Rock
|-damage|p2a: Sinistcha|76/100 brn|[from] Spikes
|move|p1a: Moltres|Will-O-Wisp|p2a: Sinistcha
|-fail|p2a: Sinistcha|brn
|
|-heal|p2a: Sinistcha|82/100 brn|[from] item: Leftovers
|-damage|p2a: Sinistcha|79/100 brn|[from] brn
|upkeep
|turn|23
|
|t:|1757825847
|move|p1a: Moltres|Hurricane|p2a: Sinistcha
|-damage|p2a: Sinistcha|24/100 brn
|move|p2a: Sinistcha|Strength Sap|p1a: Moltres
|-unboost|p1a: Moltres|atk|1
|-heal|p2a: Sinistcha|77/100 brn
|
|-heal|p2a: Sinistcha|83/100 brn|[from] item: Leftovers
|-damage|p2a: Sinistcha|81/100 brn|[from] brn
|upkeep
|turn|24
|
|t:|1757825853
|move|p1a: Moltres|Hurricane|p2a: Sinistcha
|-damage|p2a: Sinistcha|25/100 brn
|move|p2a: Sinistcha|Calm Mind|p2a: Sinistcha
|-boost|p2a: Sinistcha|spa|1
|-boost|p2a: Sinistcha|spd|1
|
|-heal|p2a: Sinistcha|31/100 brn|[from] item: Leftovers
|-damage|p2a: Sinistcha|28/100 brn|[from] brn
|upkeep
|turn|25
|
|t:|1757825860
|move|p1a: Moltres|Hurricane|p2a: Sinistcha
|-damage|p2a: Sinistcha|0 fnt
|faint|p2a: Sinistcha
|
|upkeep
|
|t:|1757825862
|switch|p2a: Raichu|Raichu, F, shiny|88/100
|-damage|p2a: Raichu|76/100|[from] Stealth Rock
|-damage|p2a: Raichu|64/100|[from] Spikes
|turn|26
|
|t:|1757825867
|move|p2a: Raichu|Grass Knot|p1a: Moltres
|-resisted|p1a: Moltres
|-damage|p1a: Moltres|67/100
|-status|p2a: Raichu|brn|[from] ability: Flame Body|[of] p1a: Moltres
|move|p1a: Moltres|Flamethrower|p2a: Raichu
|-damage|p2a: Raichu|7/100 brn
|
|-damage|p2a: Raichu|1/100 brn|[from] brn
|upkeep
|turn|27
|
|t:|1757825872
|move|p2a: Raichu|Grass Knot|p1a: Moltres
|-resisted|p1a: Moltres
|-damage|p1a: Moltres|59/100
|move|p1a: Moltres|Tailwind|p1a: Moltres
|-sidestart|p1: roommate108|move: Tailwind
|
|-damage|p2a: Raichu|0 fnt|[from] brn
|faint|p2a: Raichu
|upkeep
|
|t:|1757825874
|switch|p2a: Keldeo|Keldeo-Resolute|100/100
|-damage|p2a: Keldeo|94/100|[from] Stealth Rock
|-damage|p2a: Keldeo|82/100|[from] Spikes
|turn|28
|
|t:|1757825878
|move|p1a: Moltres|Hurricane|p2a: Keldeo
|-supereffective|p2a: Keldeo
|-damage|p2a: Keldeo|0 fnt
|faint|p2a: Keldeo
|
|upkeep
|l|☆Running to Im
|inactive|Running to Im disconnected and has a minute to reconnect!
|player|p2|
|inactive|Running to Im has 30 seconds to reconnect!
|inactive|Running to Im has 20 seconds to reconnect!
|inactive|Running to Im has 15 seconds to reconnect!
|inactive|Running to Im has 10 seconds to reconnect!
|inactive|Running to Im has 5 seconds to reconnect!
|-message|Running to Im lost due to inactivity.
|
|win|roommate108
|raw|roommate108's rating: 1187 &rarr; <strong>1208</strong><br />(+21 for winning)
|raw|Running to Im's rating: 1137 &rarr; <strong>1116</strong><br />(-21 for losing)
|l|☆roommate108
|player|p1|
