|j|☆pbjojo
|j|☆Junior jacces
|t:|1757825065
|gametype|singles
|player|p1|pbjojo|hoopster|1333
|player|p2|Junior jacces|lucas-gen4pt|1332
|gen|9
|tier|[Gen 9] OU
|rated|
|rule|HP Percentage Mod: HP is shown in percentages
|rule|Endless Battle Clause: Forcing endless battles is banned
|rule|Species Clause: Limit one of each Pokémon
|rule|OHKO Clause: OHKO moves are banned
|rule|Evasion Items Clause: Evasion items are banned
|rule|Evasion Moves Clause: Evasion moves are banned
|rule|Evasion Abilities Clause: Evasion abilities are banned
|rule|Sleep Moves Clause: Sleep-inducing moves are banned
|clearpoke
|poke|p1|Zamazenta-*|
|poke|p1|Pecharunt|
|poke|p1|Kyurem|
|poke|p1|Ninetales-Alola, M|
|poke|p1|Araquanid, M|
|poke|p1|Avalugg, M|
|poke|p2|Primarina, F|
|poke|p2|Cinderace, F|
|poke|p2|Kingambit, F|
|poke|p2|Raging Bolt|
|poke|p2|Slowking-Galar, M|
|poke|p2|Tornadus-Therian, M|
|teampreview
|
|t:|1757825075
|teamsize|p1|6
|teamsize|p2|6
|start
|switch|p1a: spidy|Araquanid, M, shiny|100/100
|switch|p2a: Tornadus|Tornadus-Therian, M|100/100
|turn|1
|
|t:|1757825091
|switch|p1a: hehe|Ninetales-Alola, M, shiny|100/100
|-weather|Snowscape|[from] ability: Snow Warning|[of] p1a: hehe
|move|p2a: Tornadus|Bleakwind Storm|p1a: hehe
|-damage|p1a: hehe|56/100
|
|-weather|Snowscape|[upkeep]
|upkeep
|turn|2
|
|t:|1757825101
|move|p2a: Tornadus|Knock Off|p1a: hehe
|-resisted|p1a: hehe
|-damage|p1a: hehe|46/100
|-enditem|p1a: hehe|Icy Rock|[from] move: Knock Off|[of] p2a: Tornadus
|move|p1a: hehe|Aurora Veil|p1a: hehe
|-sidestart|p1: pbjojo|move: Aurora Veil
|
|-weather|Snowscape|[upkeep]
|upkeep
|turn|3
|
|t:|1757825107
|switch|p2a: Slowking|Slowking-Galar, M|100/100
|move|p1a: hehe|Blizzard|p2a: Slowking
|-damage|p2a: Slowking|69/100
|
|-weather|Snowscape|[upkeep]
|upkeep
|turn|4
|
|t:|1757825120
|switch|p1a: zaza|Zamazenta, shiny|100/100
|-ability|p1a: zaza|Dauntless Shield|boost
|-boost|p1a: zaza|def|1
|move|p2a: Slowking|Future Sight|p1a: zaza
|-start|p2a: Slowking|move: Future Sight
|
|-weather|Snowscape|[upkeep]
|upkeep
|turn|5
|
|t:|1757825152
|switch|p2a: Tornadus|Tornadus-Therian, M|100/100
|move|p1a: zaza|Crunch|p2a: Tornadus
|-damage|p2a: Tornadus|58/100
|-damage|p1a: zaza|91/100|[from] item: Life Orb
|
|-weather|Snowscape|[upkeep]
|upkeep
|turn|6
|
|t:|1757825168
|switch|p1a: TABLE|Avalugg, M|100/100
|move|p2a: Tornadus|Bleakwind Storm|p1a: TABLE
|-damage|p1a: TABLE|73/100
|
|-weather|Snowscape|[upkeep]
|-heal|p1a: TABLE|79/100|[from] ability: Ice Body
|-end|p1a: TABLE|move: Future Sight
|-damage|p1a: TABLE|33/100
|-heal|p1a: TABLE|40/100|[from] item: Leftovers
|-sideend|p1: pbjojo|move: Aurora Veil
|upkeep
|turn|7
|
|t:|1757825179
|move|p2a: Tornadus|Heat Wave|p1a: TABLE
|-supereffective|p1a: TABLE
|-damage|p1a: TABLE|0 fnt
|faint|p1a: TABLE
|
|-weather|Snowscape|[upkeep]
|upkeep
|
|t:|1757825198
|switch|p1a: fukmedry|Pecharunt|100/100
|turn|8
|
|t:|1757825224
|move|p2a: Tornadus|Bleakwind Storm|p1a: fukmedry|[miss]
|-miss|p2a: Tornadus|p1a: fukmedry
|move|p1a: fukmedry|Malignant Chain|p2a: Tornadus
|-damage|p2a: Tornadus|26/100
|
|-weather|none
|upkeep
|turn|9
|
|t:|1757825232
|switch|p2a: Slowking|Slowking-Galar, M|100/100
|move|p1a: fukmedry|Malignant Chain|p2a: Slowking
|-resisted|p2a: Slowking
|-damage|p2a: Slowking|88/100
|
|upkeep
|turn|10
|
|t:|1757825263
|move|p1a: fukmedry|Parting Shot|p2a: Slowking
|-unboost|p2a: Slowking|atk|1
|-unboost|p2a: Slowking|spa|1
|
|t:|1757825267
|switch|p1a: zaza|Zamazenta, shiny|91/100|[from] Parting Shot
|move|p2a: Slowking|Future Sight|p1a: zaza
|-start|p2a: Slowking|move: Future Sight
|
|upkeep
|turn|11
|
|t:|1757825277
|move|p1a: zaza|Crunch|p2a: Slowking
|-supereffective|p2a: Slowking
|-crit|p2a: Slowking
|-damage|p2a: Slowking|0 fnt
|faint|p2a: Slowking
|-damage|p1a: zaza|81/100|[from] item: Life Orb
|
|upkeep
|
|t:|1757825280
|switch|p2a: Tornadus|Tornadus-Therian, M|59/100
|turn|12
|
|t:|1757825302
|switch|p1a: fukmedry|Pecharunt|100/100
|move|p2a: Tornadus|Bleakwind Storm|p1a: fukmedry
|-damage|p1a: fukmedry|63/100
|-unboost|p1a: fukmedry|spe|1
|
|-end|p1a: fukmedry|move: Future Sight
|-supereffective|p1a: fukmedry
|-damage|p1a: fukmedry|0 fnt
|faint|p1a: fukmedry
|upkeep
|inactive|Battle timer is ON: inactive players will automatically lose when time's up. (requested by Junior jacces)
|
|t:|1757825318
|switch|p1a: hehe|Ninetales-Alola, M, shiny|46/100
|-weather|Snowscape|[from] ability: Snow Warning|[of] p1a: hehe
|turn|13
|
|t:|1757825332
|move|p2a: Tornadus|Heat Wave|p1a: hehe
|-supereffective|p1a: hehe
|-damage|p1a: hehe|0 fnt
|faint|p1a: hehe
|
|-weather|Snowscape|[upkeep]
|upkeep
|
|t:|1757825339
|switch|p1a: kaiju|Kyurem, shiny|100/100
|-ability|p1a: kaiju|Pressure
|turn|14
|
|t:|1757825347
|-terastallize|p1a: kaiju|Ground
|move|p2a: Tornadus|Focus Blast|p1a: kaiju
|-damage|p1a: kaiju|72/100
|move|p1a: kaiju|Freeze-Dry|p2a: Tornadus
|-supereffective|p2a: Tornadus
|-damage|p2a: Tornadus|0 fnt
|faint|p2a: Tornadus
|
|-weather|Snowscape|[upkeep]
|upkeep
|
|t:|1757825353
|switch|p2a: Primarina|Primarina, F|100/100
|turn|15
|
|t:|1757825358
|move|p1a: kaiju|Freeze-Dry|p2a: Primarina
|-supereffective|p2a: Primarina
|-damage|p2a: Primarina|15/100
|move|p2a: Primarina|Hydro Pump|p1a: kaiju
|-supereffective|p1a: kaiju
|-damage|p1a: kaiju|0 fnt
|faint|p1a: kaiju
|
|-weather|Snowscape|[upkeep]
|upkeep
|
|t:|1757825367
|switch|p1a: zaza|Zamazenta, shiny|81/100
|turn|16
|
|t:|1757825371
|move|p1a: zaza|Quick Attack|p2a: Primarina
|-damage|p2a: Primarina|0 fnt
|faint|p2a: Primarina
|-damage|p1a: zaza|71/100|[from] item: Life Orb
|
|-weather|Snowscape|[upkeep]
|upkeep
|
|t:|1757825374
|switch|p2a: Raging Bolt|Raging Bolt|100/100
|-enditem|p2a: Raging Bolt|Booster Energy
|-activate|p2a: Raging Bolt|ability: Protosynthesis|[fromitem]
|-start|p2a: Raging Bolt|protosynthesisspa
|turn|17
|
|t:|1757825385
|switch|p1a: spidy|Araquanid, M, shiny|100/100
|move|p2a: Raging Bolt|Calm Mind|p2a: Raging Bolt
|-boost|p2a: Raging Bolt|spa|1
|-boost|p2a: Raging Bolt|spd|1
|
|-weather|none
|upkeep
|turn|18
|
|t:|1757825398
|move|p2a: Raging Bolt|Thunderbolt|p1a: spidy
|-supereffective|p1a: spidy
|-damage|p1a: spidy|0 fnt
|faint|p1a: spidy
|
|upkeep
|
|t:|1757825402
|switch|p1a: zaza|Zamazenta, shiny|71/100
|turn|19
|
|t:|1757825409
|move|p2a: Raging Bolt|Thunderclap|p1a: zaza
|-damage|p1a: zaza|0 fnt
|faint|p1a: zaza
|
|win|Junior jacces
|raw|pbjojo's rating: 1333 &rarr; <strong>1314</strong><br />(-19 for losing)
|raw|Junior jacces's rating: 1351 &rarr; <strong>1370</strong><br />(+19 for winning)
|l|☆Junior jacces
|player|p2|
|l|☆pbjojo
|player|p1|
