|j|☆blazingshadow46
|j|☆Ninjarushyt
|t:|1757822380
|gametype|singles
|player|p1|blazingshadow46|ghetsis|1284
|player|p2|Ninjarushyt|unknown|1345
|gen|9
|tier|[Gen 9] OU
|rated|
|rule|HP Percentage Mod: HP is shown in percentages
|rule|Endless Battle Clause: Forcing endless battles is banned
|rule|Species Clause: Limit one of each Pokémon
|rule|OHKO Clause: OHKO moves are banned
|rule|Evasion Items Clause: Evasion items are banned
|rule|Evasion Moves Clause: Evasion moves are banned
|rule|Evasion Abilities Clause: Evasion abilities are banned
|rule|Sleep Moves Clause: Sleep-inducing moves are banned
|clearpoke
|poke|p1|Noivern, M|
|poke|p1|Chandelure, F|
|poke|p1|Krookodile, M|
|poke|p1|Slowking-Galar, F|
|poke|p1|Scizor, M|
|poke|p1|Great Tusk|
|poke|p2|Ursaluna, M|
|poke|p2|Kyurem|
|poke|p2|Gholdengo|
|poke|p2|Dragapult, M|
|poke|p2|Weezing-Galar, M|
|poke|p2|Zamazenta-*|
|teampreview
|inactive|Battle timer is ON: inactive players will automatically lose when time's up. (requested by blazingshadow46)
|inactive|Ninjarushyt has 120 seconds left.
|
|t:|1757822417
|teamsize|p1|6
|teamsize|p2|6
|start
|switch|p1a: Wombat|Noivern, M|100/100
|switch|p2a: Kyurem|Kyurem|100/100
|-ability|p2a: Kyurem|Pressure
|turn|1
|
|t:|1757822429
|switch|p2a: Weezing|Weezing-Galar, M|100/100
|-ability|p2a: Weezing|Neutralizing Gas
|move|p1a: Wombat|Draco Meteor|p2a: Weezing
|-immune|p2a: Weezing
|
|upkeep
|turn|2
|
|t:|1757822441
|-end|p2a: Weezing|ability: Neutralizing Gas
|switch|p2a: Ursaluna|Ursaluna, M|100/100
|move|p1a: Wombat|U-turn|p2a: Ursaluna
|-damage|p2a: Ursaluna|93/100
|
|t:|1757822448
|switch|p1a: Knee Surgery|Great Tusk|100/100|[from] U-turn
|
|-heal|p2a: Ursaluna|99/100|[from] item: Leftovers
|upkeep
|turn|3
|
|t:|1757822476
|move|p1a: Knee Surgery|Stealth Rock|p2a: Ursaluna
|-sidestart|p2: Ninjarushyt|move: Stealth Rock
|move|p2a: Ursaluna|Bulk Up|p2a: Ursaluna
|-boost|p2a: Ursaluna|atk|1
|-boost|p2a: Ursaluna|def|1
|
|-heal|p2a: Ursaluna|100/100|[from] item: Leftovers
|upkeep
|turn|4
|
|t:|1757822482
|move|p1a: Knee Surgery|Close Combat|p2a: Ursaluna
|-supereffective|p2a: Ursaluna
|-damage|p2a: Ursaluna|48/100
|-unboost|p1a: Knee Surgery|def|1
|-unboost|p1a: Knee Surgery|spd|1
|move|p2a: Ursaluna|Bulk Up|p2a: Ursaluna
|-boost|p2a: Ursaluna|atk|1
|-boost|p2a: Ursaluna|def|1
|
|-heal|p2a: Ursaluna|55/100|[from] item: Leftovers
|upkeep
|turn|5
|
|t:|1757822489
|move|p2a: Ursaluna|Protect|p2a: Ursaluna
|-singleturn|p2a: Ursaluna|Protect
|move|p1a: Knee Surgery|Close Combat|p2a: Ursaluna
|-activate|p2a: Ursaluna|move: Protect
|
|-heal|p2a: Ursaluna|61/100|[from] item: Leftovers
|upkeep
|turn|6
|
|t:|1757822501
|move|p1a: Knee Surgery|Close Combat|p2a: Ursaluna
|-supereffective|p2a: Ursaluna
|-damage|p2a: Ursaluna|19/100
|-unboost|p1a: Knee Surgery|def|1
|-unboost|p1a: Knee Surgery|spd|1
|move|p2a: Ursaluna|High Horsepower|p1a: Knee Surgery
|-damage|p1a: Knee Surgery|23/100
|-damage|p2a: Ursaluna|3/100|[from] item: Rocky Helmet|[of] p1a: Knee Surgery
|
|-heal|p2a: Ursaluna|9/100|[from] item: Leftovers
|upkeep
|turn|7
|
|t:|1757822511
|move|p1a: Knee Surgery|Rapid Spin|p2a: Ursaluna
|-damage|p2a: Ursaluna|4/100
|-boost|p1a: Knee Surgery|spe|1
|move|p2a: Ursaluna|Body Slam|p1a: Knee Surgery
|-damage|p1a: Knee Surgery|0 fnt
|-damage|p2a: Ursaluna|0 fnt|[from] item: Rocky Helmet|[of] p1a: Knee Surgery
|faint|p1a: Knee Surgery
|-end|p1a: Knee Surgery|Protosynthesis|[silent]
|faint|p2a: Ursaluna
|
|upkeep
|inactive|Ninjarushyt has 120 seconds left.
|
|t:|1757822532
|switch|p1a: Krooked Nose|Krookodile, M|100/100
|switch|p2a: Dragapult|Dragapult, M|100/100
|turn|8
|inactive|Ninjarushyt has 120 seconds left.
|
|t:|1757822570
|move|p1a: Krooked Nose|Knock Off|p2a: Dragapult
|-supereffective|p2a: Dragapult
|-damage|p2a: Dragapult|0 fnt
|-enditem|p2a: Dragapult|Heavy-Duty Boots|[from] move: Knock Off|[of] p1a: Krooked Nose
|faint|p2a: Dragapult
|-ability|p1a: Krooked Nose|Moxie|boost
|-boost|p1a: Krooked Nose|atk|1
|
|upkeep
|inactive|Ninjarushyt has 90 seconds left.
|inactive|Ninjarushyt has 60 seconds left.
|
|t:|1757822633
|switch|p2a: Weezing|Weezing-Galar, M|100/100
|-ability|p2a: Weezing|Neutralizing Gas
|turn|9
|
|t:|1757822638
|switch|p1a: Shell Rotation|Slowking-Galar, F|100/100
|move|p2a: Weezing|Will-O-Wisp|p1a: Shell Rotation
|-status|p1a: Shell Rotation|brn
|
|-damage|p1a: Shell Rotation|94/100 brn|[from] brn
|upkeep
|turn|10
|
|t:|1757822649
|-end|p2a: Weezing|ability: Neutralizing Gas
|switch|p2a: Gholdengo|Gholdengo|100/100
|move|p1a: Shell Rotation|Future Sight|p2a: Gholdengo
|-start|p1a: Shell Rotation|move: Future Sight
|
|-damage|p1a: Shell Rotation|88/100 brn|[from] brn
|upkeep
|turn|11
|
|t:|1757822672
|move|p2a: Gholdengo|Nasty Plot|p2a: Gholdengo
|-boost|p2a: Gholdengo|spa|2
|-prepare|p1a: Shell Rotation|Chilly Reception|[premajor]
|move|p1a: Shell Rotation|Chilly Reception|p1a: Shell Rotation
|-weather|Snowscape
|
|t:|1757822675
|switch|p1a: Krooked Nose|Krookodile, M|100/100|[from] Chilly Reception
|
|-weather|Snowscape|[upkeep]
|upkeep
|turn|12
|
|t:|1757822709
|-terastallize|p1a: Krooked Nose|Ground
|-terastallize|p2a: Gholdengo|Fairy
|move|p1a: Krooked Nose|Earthquake|p2a: Gholdengo
|-damage|p2a: Gholdengo|33/100
|move|p2a: Gholdengo|Make It Rain|p1a: Krooked Nose
|-damage|p1a: Krooked Nose|0 fnt
|-unboost|p2a: Gholdengo|spa|1
|faint|p1a: Krooked Nose
|
|-weather|Snowscape|[upkeep]
|-end|p2a: Gholdengo|move: Future Sight
|-damage|p2a: Gholdengo|0 fnt
|faint|p2a: Gholdengo
|upkeep
|inactive|Ninjarushyt has 30 seconds left.
|inactive|blazingshadow46 has 120 seconds left.
|
|t:|1757822746
|switch|p1a: SS Stall trooper|Chandelure, F|100/100
|switch|p2a: Weezing|Weezing-Galar, M|100/100
|-ability|p2a: Weezing|Neutralizing Gas
|turn|13
|inactive|Ninjarushyt has 30 seconds left.
|
|t:|1757822764
|move|p1a: SS Stall trooper|Overheat|p2a: Weezing
|-damage|p2a: Weezing|0 fnt
|-unboost|p1a: SS Stall trooper|spa|2
|faint|p2a: Weezing
|-end|p2a: Weezing|ability: Neutralizing Gas
|
|-weather|Snowscape|[upkeep]
|upkeep
|inactive|Ninjarushyt has 30 seconds left this turn.
|inactive|Ninjarushyt has 20 seconds left.
|inactive|Ninjarushyt has 15 seconds left.
|inactive|Ninjarushyt has 10 seconds left.
|
|t:|1757822784
|switch|p2a: Zamazenta|Zamazenta|100/100
|-damage|p2a: Zamazenta|94/100|[from] Stealth Rock
|-ability|p2a: Zamazenta|Dauntless Shield|boost
|-boost|p2a: Zamazenta|def|1
|turn|14
|inactive|Ninjarushyt has 20 seconds left this turn.
|inactive|Ninjarushyt has 15 seconds left.
|
|t:|1757822793
|switch|p1a: Shell Rotation|Slowking-Galar, F|100/100 brn
|move|p2a: Zamazenta|Iron Defense|p2a: Zamazenta
|-boost|p2a: Zamazenta|def|2
|
|-weather|Snowscape|[upkeep]
|-heal|p2a: Zamazenta|100/100|[from] item: Leftovers
|-damage|p1a: Shell Rotation|94/100 brn|[from] brn
|upkeep
|turn|15
|inactive|Ninjarushyt has 25 seconds left this turn.
|inactive|Ninjarushyt has 20 seconds left.
|
|t:|1757822800
|move|p2a: Zamazenta|Crunch|p1a: Shell Rotation
|-supereffective|p1a: Shell Rotation
|-damage|p1a: Shell Rotation|48/100 brn
|move|p1a: Shell Rotation|Future Sight|p2a: Zamazenta
|-start|p1a: Shell Rotation|move: Future Sight
|
|-weather|none
|-damage|p1a: Shell Rotation|42/100 brn|[from] brn
|upkeep
|turn|16
|inactive|Ninjarushyt has 30 seconds left this turn.
|
|t:|1757822806
|move|p2a: Zamazenta|Crunch|p1a: Shell Rotation
|-supereffective|p1a: Shell Rotation
|-damage|p1a: Shell Rotation|0 fnt
|faint|p1a: Shell Rotation
|
|upkeep
|
|t:|1757822809
|switch|p1a: Wombat|Noivern, M|100/100
|turn|17
|inactive|Ninjarushyt has 30 seconds left.
|inactive|Ninjarushyt has 20 seconds left.
|inactive|Ninjarushyt has 15 seconds left.
|
|t:|1757822836
|move|p2a: Zamazenta|Substitute|p2a: Zamazenta
|-start|p2a: Zamazenta|Substitute
|-damage|p2a: Zamazenta|75/100
|move|p1a: Wombat|Draco Meteor|p2a: Zamazenta
|-damage|p2a: Zamazenta|29/100
|-unboost|p1a: Wombat|spa|2
|
|-end|p2a: Zamazenta|move: Future Sight
|-supereffective|p2a: Zamazenta
|-end|p2a: Zamazenta|Substitute
|-heal|p2a: Zamazenta|35/100|[from] item: Leftovers
|upkeep
|turn|18
|inactive|Ninjarushyt has 25 seconds left this turn.
|inactive|Ninjarushyt has 20 seconds left.
|inactive|Ninjarushyt has 15 seconds left.
|
|t:|1757822848
|move|p2a: Zamazenta|Body Press|p1a: Wombat
|-resisted|p1a: Wombat
|-damage|p1a: Wombat|47/100
|move|p1a: Wombat|Hurricane|p2a: Zamazenta
|-supereffective|p2a: Zamazenta
|-damage|p2a: Zamazenta|1/100
|-start|p2a: Zamazenta|confusion
|
|-heal|p2a: Zamazenta|7/100|[from] item: Leftovers
|upkeep
|turn|19
|inactive|Ninjarushyt has 25 seconds left this turn.
|inactive|Ninjarushyt has 20 seconds left.
|inactive|Ninjarushyt has 15 seconds left.
|
|t:|1757822861
|switch|p1a: SS Stall trooper|Chandelure, F|100/100
|-activate|p2a: Zamazenta|confusion
|-damage|p2a: Zamazenta|4/100|[from] confusion
|
|-heal|p2a: Zamazenta|10/100|[from] item: Leftovers
|upkeep
|turn|20
|inactive|Ninjarushyt has 25 seconds left this turn.
|inactive|Ninjarushyt has 20 seconds left.
|
|t:|1757822870
|-activate|p2a: Zamazenta|confusion
|move|p2a: Zamazenta|Crunch|p1a: SS Stall trooper
|-supereffective|p1a: SS Stall trooper
|-damage|p1a: SS Stall trooper|35/100
|move|p1a: SS Stall trooper|Shadow Ball|p2a: Zamazenta
|-damage|p2a: Zamazenta|0 fnt
|faint|p2a: Zamazenta
|
|upkeep
|inactive|Ninjarushyt has 25 seconds left this turn.
|inactive|Ninjarushyt has 20 seconds left.
|
|t:|1757822878
|switch|p2a: Kyurem|Kyurem|100/100
|-damage|p2a: Kyurem|75/100|[from] Stealth Rock
|-ability|p2a: Kyurem|Pressure
|turn|21
|inactive|Ninjarushyt has 30 seconds left this turn.
|inactive|Ninjarushyt has 20 seconds left.
|inactive|Ninjarushyt has 15 seconds left.
|
|t:|1757822895
|move|p2a: Kyurem|Ice Beam|p1a: SS Stall trooper
|-resisted|p1a: SS Stall trooper
|-damage|p1a: SS Stall trooper|0 fnt
|faint|p1a: SS Stall trooper
|
|upkeep
|
|t:|1757822899
|switch|p1a: Safety Scizors|Scizor, M|100/100
|turn|22
|inactive|Ninjarushyt has 30 seconds left this turn.
|
|t:|1757822902
|move|p1a: Safety Scizors|Bullet Punch|p2a: Kyurem
|-supereffective|p2a: Kyurem
|-damage|p2a: Kyurem|15/100
|move|p2a: Kyurem|Ice Beam|p1a: Safety Scizors
|-resisted|p1a: Safety Scizors
|-damage|p1a: Safety Scizors|57/100
|
|-heal|p1a: Safety Scizors|63/100|[from] item: Leftovers
|upkeep
|turn|23
|-message|Ninjarushyt forfeited.
|
|win|blazingshadow46
|raw|blazingshadow46's rating: 1284 &rarr; <strong>1313</strong><br />(+29 for winning)
|raw|Ninjarushyt's rating: 1345 &rarr; <strong>1322</strong><br />(-23 for losing)
|l|☆Ninjarushyt
|player|p2|
|c|☆blazingshadow46|gg
|l|☆blazingshadow46
|player|p1|
