|j|☆Harabon
|j|☆diav
|t:|1757838929
|gametype|singles
|player|p1|Harabon|169|1612
|player|p2|diav|artist-gen4|1577
|gen|9
|tier|[Gen 9] OU
|rated|
|rule|HP Percentage Mod: HP is shown in percentages
|rule|Endless Battle Clause: Forcing endless battles is banned
|rule|Species Clause: Limit one of each Pokémon
|rule|OHKO Clause: OHKO moves are banned
|rule|Evasion Items Clause: Evasion items are banned
|rule|Evasion Moves Clause: Evasion moves are banned
|rule|Evasion Abilities Clause: Evasion abilities are banned
|rule|Sleep Moves Clause: Sleep-inducing moves are banned
|clearpoke
|poke|p1|Pelipper, M|
|poke|p1|Tornadus-Therian, M|
|poke|p1|Barraskewda, M|
|poke|p1|Overqwil, M|
|poke|p1|Raging Bolt|
|poke|p1|Iron Treads|
|poke|p2|Slowking-Galar, M|
|poke|p2|Raging Bolt|
|poke|p2|Scizor, F|
|poke|p2|Moltres|
|poke|p2|Meowscarada, F|
|poke|p2|Great Tusk|
|teampreview
|inactive|Battle timer is ON: inactive players will automatically lose when time's up. (requested by Harabon)
|inactive|diav also wants the timer to be on.
|
|t:|1757838946
|teamsize|p1|6
|teamsize|p2|6
|start
|switch|p1a: Iron Treads|Iron Treads|100/100
|switch|p2a: Meowscarada|Meowscarada, F|100/100
|turn|1
|
|t:|1757838959
|move|p2a: Meowscarada|Knock Off|p1a: Iron Treads
|-start|p2a: Meowscarada|typechange|Dark|[from] ability: Protean
|-damage|p1a: Iron Treads|58/100
|-enditem|p1a: Iron Treads|Eject Button|[from] move: Knock Off|[of] p2a: Meowscarada
|move|p1a: Iron Treads|Stealth Rock|p2a: Meowscarada
|-sidestart|p2: diav|move: Stealth Rock
|
|upkeep
|turn|2
|
|t:|1757838971
|switch|p2a: Great Tusk|Great Tusk|100/100
|-end|p1a: Iron Treads|Quark Drive|[silent]
|switch|p1a: Raging Bolt|Raging Bolt|100/100
|
|upkeep
|turn|3
|
|t:|1757838976
|-end|p1a: Raging Bolt|Protosynthesis|[silent]
|switch|p1a: Pelipper|Pelipper, M|100/100
|-weather|RainDance|[from] ability: Drizzle|[of] p1a: Pelipper
|move|p2a: Great Tusk|Headlong Rush|p1a: Pelipper
|-immune|p1a: Pelipper
|
|-weather|RainDance|[upkeep]
|upkeep
|turn|4
|
|t:|1757838980
|-end|p2a: Great Tusk|Protosynthesis|[silent]
|switch|p2a: Slowking|Slowking-Galar, M|100/100
|move|p1a: Pelipper|U-turn|p2a: Slowking
|-damage|p2a: Slowking|92/100
|
|t:|1757838984
|switch|p1a: Overqwil|Overqwil, M|100/100|[from] U-turn
|
|-weather|RainDance|[upkeep]
|upkeep
|turn|5
|
|t:|1757838988
|move|p1a: Overqwil|Swords Dance|p1a: Overqwil
|-boost|p1a: Overqwil|atk|2
|move|p2a: Slowking|Thunder Wave|p1a: Overqwil
|-status|p1a: Overqwil|par
|
|-weather|RainDance|[upkeep]
|upkeep
|turn|6
|
|t:|1757838994
|switch|p2a: Moltres|Moltres|100/100
|cant|p1a: Overqwil|par
|
|-weather|RainDance|[upkeep]
|upkeep
|turn|7
|
|t:|1757838997
|move|p1a: Overqwil|Liquidation|p2a: Moltres
|-supereffective|p2a: Moltres
|-damage|p2a: Moltres|0 fnt
|faint|p2a: Moltres
|-damage|p1a: Overqwil|91/100 par|[from] item: Life Orb
|
|-weather|RainDance|[upkeep]
|upkeep
|
|t:|1757839004
|switch|p2a: Great Tusk|Great Tusk|100/100
|turn|8
|
|t:|1757839007
|move|p2a: Great Tusk|Headlong Rush|p1a: Overqwil
|-supereffective|p1a: Overqwil
|-damage|p1a: Overqwil|0 fnt
|-unboost|p2a: Great Tusk|def|1
|-unboost|p2a: Great Tusk|spd|1
|faint|p1a: Overqwil
|
|-weather|RainDance|[upkeep]
|upkeep
|
|t:|1757839013
|switch|p1a: Barraskewda|Barraskewda, M|100/100
|turn|9
|
|t:|1757839017
|-end|p2a: Great Tusk|Protosynthesis|[silent]
|switch|p2a: Raging Bolt|Raging Bolt|100/100
|-damage|p2a: Raging Bolt|88/100|[from] Stealth Rock
|move|p1a: Barraskewda|Flip Turn|p2a: Raging Bolt
|-resisted|p2a: Raging Bolt
|-damage|p2a: Raging Bolt|53/100
|
|t:|1757839028
|switch|p1a: Raging Bolt|Raging Bolt|100/100|[from] Flip Turn
|
|-weather|RainDance|[upkeep]
|upkeep
|turn|10
|
|t:|1757839032
|-terastallize|p1a: Raging Bolt|Fairy
|move|p2a: Raging Bolt|Dragon Pulse|p1a: Raging Bolt
|-immune|p1a: Raging Bolt
|move|p1a: Raging Bolt|Dragon Pulse|p2a: Raging Bolt
|-supereffective|p2a: Raging Bolt
|-damage|p2a: Raging Bolt|0 fnt
|faint|p2a: Raging Bolt
|-end|p2a: Raging Bolt|Protosynthesis|[silent]
|
|-weather|none
|upkeep
|
|t:|1757839035
|switch|p2a: Scizor|Scizor, F|100/100
|-damage|p2a: Scizor|88/100|[from] Stealth Rock
|turn|11
|
|t:|1757839041
|-end|p1a: Raging Bolt|Protosynthesis|[silent]
|switch|p1a: Pelipper|Pelipper, M|100/100
|-weather|RainDance|[from] ability: Drizzle|[of] p1a: Pelipper
|move|p2a: Scizor|U-turn|p1a: Pelipper
|-resisted|p1a: Pelipper
|-damage|p1a: Pelipper|77/100
|
|t:|1757839044
|switch|p2a: Slowking|Slowking-Galar, M|100/100|[from] U-turn
|
|-weather|RainDance|[upkeep]
|upkeep
|turn|12
|
|t:|1757839054
|switch|p1a: Tornadus|Tornadus-Therian, M|100/100
|-prepare|p2a: Slowking|Chilly Reception|[premajor]
|move|p2a: Slowking|Chilly Reception|p2a: Slowking
|-weather|Snowscape
|
|t:|1757839058
|switch|p2a: Meowscarada|Meowscarada, F|100/100|[from] Chilly Reception
|-damage|p2a: Meowscarada|88/100|[from] Stealth Rock
|
|-weather|Snowscape|[upkeep]
|upkeep
|turn|13
|
|t:|1757839066
|switch|p1a: Iron Treads|Iron Treads|58/100
|move|p2a: Meowscarada|Triple Axel|p1a: Iron Treads
|-start|p2a: Meowscarada|typechange|Ice|[from] ability: Protean
|-damage|p1a: Iron Treads|49/100
|-damage|p1a: Iron Treads|33/100
|-damage|p1a: Iron Treads|8/100
|-hitcount|p1a: Iron Treads|3
|
|-weather|Snowscape|[upkeep]
|upkeep
|turn|14
|
|t:|1757839075
|move|p2a: Meowscarada|Triple Axel|p1a: Iron Treads|[miss]
|-miss|p2a: Meowscarada|p1a: Iron Treads
|move|p1a: Iron Treads|Rapid Spin|p2a: Meowscarada
|-damage|p2a: Meowscarada|71/100
|-boost|p1a: Iron Treads|spe|1
|
|-weather|Snowscape|[upkeep]
|upkeep
|turn|15
|
|t:|1757839079
|switch|p2a: Great Tusk|Great Tusk|100/100
|move|p1a: Iron Treads|Stone Edge|p2a: Great Tusk
|-resisted|p2a: Great Tusk
|-damage|p2a: Great Tusk|95/100
|
|-weather|Snowscape|[upkeep]
|upkeep
|turn|16
|
|t:|1757839086
|-end|p1a: Iron Treads|Quark Drive|[silent]
|switch|p1a: Pelipper|Pelipper, M|77/100
|-weather|RainDance|[from] ability: Drizzle|[of] p1a: Pelipper
|move|p2a: Great Tusk|Rapid Spin|p1a: Pelipper
|-damage|p1a: Pelipper|64/100
|-boost|p2a: Great Tusk|spe|1
|-sideend|p2: diav|Stealth Rock|[from] move: Rapid Spin|[of] p2a: Great Tusk
|
|-weather|RainDance|[upkeep]
|upkeep
|turn|17
|
|t:|1757839089
|move|p2a: Great Tusk|Head Smash|p1a: Pelipper
|-supereffective|p1a: Pelipper
|-damage|p1a: Pelipper|0 fnt
|faint|p1a: Pelipper
|-damage|p2a: Great Tusk|68/100|[from] Recoil
|
|-weather|RainDance|[upkeep]
|upkeep
|
|t:|1757839096
|switch|p1a: Barraskewda|Barraskewda, M|100/100
|turn|18
|
|t:|1757839103
|-end|p2a: Great Tusk|Protosynthesis|[silent]
|switch|p2a: Meowscarada|Meowscarada, F|71/100
|move|p1a: Barraskewda|Liquidation|p2a: Meowscarada
|-resisted|p2a: Meowscarada
|-damage|p2a: Meowscarada|0 fnt
|faint|p2a: Meowscarada
|
|-weather|RainDance|[upkeep]
|upkeep
|
|t:|1757839106
|switch|p2a: Slowking|Slowking-Galar, M|100/100
|turn|19
|
|t:|1757839108
|-terastallize|p2a: Slowking|Water
|move|p1a: Barraskewda|Liquidation|p2a: Slowking
|-resisted|p2a: Slowking
|-damage|p2a: Slowking|49/100
|-prepare|p2a: Slowking|Chilly Reception|[premajor]
|move|p2a: Slowking|Chilly Reception|p2a: Slowking
|-weather|Snowscape
|
|t:|1757839111
|switch|p2a: Scizor|Scizor, F|88/100|[from] Chilly Reception
|
|-weather|Snowscape|[upkeep]
|upkeep
|turn|20
|
|t:|1757839116
|switch|p1a: Iron Treads|Iron Treads|8/100
|move|p2a: Scizor|U-turn|p1a: Iron Treads
|-resisted|p1a: Iron Treads
|-damage|p1a: Iron Treads|0 fnt
|faint|p1a: Iron Treads
|-end|p1a: Iron Treads|Quark Drive|[silent]
|
|t:|1757839119
|switch|p2a: Great Tusk|Great Tusk|68/100|[from] U-turn
|
|-weather|Snowscape|[upkeep]
|upkeep
|
|t:|1757839121
|switch|p1a: Tornadus|Tornadus-Therian, M|100/100
|turn|21
|
|t:|1757839124
|-end|p2a: Great Tusk|Protosynthesis|[silent]
|switch|p2a: Slowking|Slowking-Galar, M, tera:Water|83/100
|move|p1a: Tornadus|Weather Ball|p2a: Slowking
|-resisted|p2a: Slowking
|-damage|p2a: Slowking|69/100
|
|-weather|Snowscape|[upkeep]
|upkeep
|turn|22
|
|t:|1757839134
|switch|p1a: Barraskewda|Barraskewda, M|100/100
|move|p2a: Slowking|Future Sight|p1a: Barraskewda
|-start|p2a: Slowking|move: Future Sight
|
|-weather|Snowscape|[upkeep]
|upkeep
|turn|23
|
|t:|1757839137
|move|p1a: Barraskewda|Close Combat|p2a: Slowking
|-damage|p2a: Slowking|0 fnt
|-unboost|p1a: Barraskewda|def|1
|-unboost|p1a: Barraskewda|spd|1
|faint|p2a: Slowking
|
|-weather|none
|upkeep
|
|t:|1757839143
|switch|p2a: Great Tusk|Great Tusk|68/100
|turn|24
|
|t:|1757839147
|move|p1a: Barraskewda|Close Combat|p2a: Great Tusk
|-damage|p2a: Great Tusk|19/100
|-unboost|p1a: Barraskewda|def|1
|-unboost|p1a: Barraskewda|spd|1
|move|p2a: Great Tusk|Rapid Spin|p1a: Barraskewda
|-damage|p1a: Barraskewda|34/100
|-boost|p2a: Great Tusk|spe|1
|
|-end|p1a: Barraskewda|move: Future Sight
|-damage|p1a: Barraskewda|0 fnt
|faint|p1a: Barraskewda
|upkeep
|
|t:|1757839153
|switch|p1a: Tornadus|Tornadus-Therian, M|100/100
|turn|25
|
|t:|1757839158
|move|p2a: Great Tusk|Ice Spinner|p1a: Tornadus
|-supereffective|p1a: Tornadus
|-damage|p1a: Tornadus|25/100
|move|p1a: Tornadus|Weather Ball|p2a: Great Tusk
|-damage|p2a: Great Tusk|0 fnt
|faint|p2a: Great Tusk
|-end|p2a: Great Tusk|Protosynthesis|[silent]
|
|upkeep
|
|t:|1757839160
|switch|p2a: Scizor|Scizor, F|88/100
|turn|26
|
|t:|1757839165
|move|p2a: Scizor|Bullet Punch|p1a: Tornadus
|-damage|p1a: Tornadus|0 fnt
|faint|p1a: Tornadus
|
|upkeep
|
|t:|1757839168
|switch|p1a: Raging Bolt|Raging Bolt, tera:Fairy|100/100
|turn|27
|
|t:|1757839171
|move|p2a: Scizor|Bullet Punch|p1a: Raging Bolt
|-supereffective|p1a: Raging Bolt
|-damage|p1a: Raging Bolt|21/100
|move|p1a: Raging Bolt|Thunderbolt|p2a: Scizor
|-damage|p2a: Scizor|16/100
|
|-heal|p1a: Raging Bolt|27/100|[from] item: Leftovers
|upkeep
|turn|28
|
|t:|1757839175
|move|p2a: Scizor|Bullet Punch|p1a: Raging Bolt
|-supereffective|p1a: Raging Bolt
|-damage|p1a: Raging Bolt|0 fnt
|faint|p1a: Raging Bolt
|-end|p1a: Raging Bolt|Protosynthesis|[silent]
|
|win|diav
|raw|Harabon's rating: 1612 &rarr; <strong>1590</strong><br />(-22 for losing)
|raw|diav's rating: 1577 &rarr; <strong>1599</strong><br />(+22 for winning)
|l|☆Harabon
|player|p1|
|l|☆diav
|player|p2|
