|j|☆Us sad
|j|☆UncleQuack
|t:|1757816331
|gametype|singles
|player|p1|Us sad|1|1332
|player|p2|UncleQuack|harlequin|1328
|gen|9
|tier|[Gen 9] OU
|rated|
|rule|HP Percentage Mod: HP is shown in percentages
|rule|Endless Battle Clause: Forcing endless battles is banned
|rule|Species Clause: Limit one of each Pokémon
|rule|OHKO Clause: OHKO moves are banned
|rule|Evasion Items Clause: Evasion items are banned
|rule|Evasion Moves Clause: Evasion moves are banned
|rule|Evasion Abilities Clause: Evasion abilities are banned
|rule|Sleep Moves Clause: Sleep-inducing moves are banned
|clearpoke
|poke|p1|Iron Treads|
|poke|p1|Walking Wake|
|poke|p1|Clefable, F|
|poke|p1|Meowscarada, F|
|poke|p1|Moltres|
|poke|p1|Pecharunt|
|poke|p2|Scovillain, F|
|poke|p2|Walking Wake|
|poke|p2|Torkoal, F|
|poke|p2|Ceruledge, M|
|poke|p2|Iron Moth|
|poke|p2|Ditto|
|teampreview
|inactive|Battle timer is ON: inactive players will automatically lose when time's up. (requested by UncleQuack)
|inactive|Us sad also wants the timer to be on.
|
|t:|1757816350
|teamsize|p1|6
|teamsize|p2|6
|start
|switch|p1a: Walking Wake|Walking Wake|100/100
|switch|p2a: Dylan|Ditto|100/100
|-transform|p2a: Dylan|p1a: Walking Wake|[from] ability: Imposter
|turn|1
|
|t:|1757816361
|-end|p1a: Walking Wake|Protosynthesis|[silent]
|switch|p1a: Clefable|Clefable, F|100/100
|move|p2a: Dylan|Draco Meteor|p1a: Clefable
|-immune|p1a: Clefable
|
|upkeep
|turn|2
|
|t:|1757816372
|-end|p2a: Dylan|Protosynthesis|[silent]
|switch|p2a: Cigarette Grandpa|Torkoal, F|100/100
|-weather|SunnyDay|[from] ability: Drought|[of] p2a: Cigarette Grandpa
|move|p1a: Clefable|Stealth Rock|p2a: Cigarette Grandpa
|-sidestart|p2: UncleQuack|move: Stealth Rock
|
|-weather|SunnyDay|[upkeep]
|upkeep
|turn|3
|
|t:|1757816377
|move|p1a: Clefable|Thunder Wave|p2a: Cigarette Grandpa
|-status|p2a: Cigarette Grandpa|par
|move|p2a: Cigarette Grandpa|Lava Plume|p1a: Clefable
|-damage|p1a: Clefable|68/100
|
|-weather|SunnyDay|[upkeep]
|-heal|p1a: Clefable|74/100|[from] item: Leftovers
|upkeep
|turn|4
|
|t:|1757816380
|move|p1a: Clefable|Moonblast|p2a: Cigarette Grandpa
|-resisted|p2a: Cigarette Grandpa
|-damage|p2a: Cigarette Grandpa|78/100 par
|move|p2a: Cigarette Grandpa|Rapid Spin|p1a: Clefable
|-damage|p1a: Clefable|66/100
|-boost|p2a: Cigarette Grandpa|spe|1
|-sideend|p2: UncleQuack|Stealth Rock|[from] move: Rapid Spin|[of] p2a: Cigarette Grandpa
|
|-weather|SunnyDay|[upkeep]
|-heal|p1a: Clefable|72/100|[from] item: Leftovers
|upkeep
|turn|5
|
|t:|1757816391
|switch|p2a: Johnny Storm|Ceruledge, M|100/100
|move|p1a: Clefable|Thunder Wave|p2a: Johnny Storm
|-status|p2a: Johnny Storm|par
|
|-weather|SunnyDay|[upkeep]
|-heal|p1a: Clefable|78/100|[from] item: Leftovers
|upkeep
|turn|6
|
|t:|1757816400
|switch|p1a: Moltres|Moltres|100/100
|cant|p2a: Johnny Storm|par
|
|-weather|SunnyDay|[upkeep]
|upkeep
|turn|7
|
|t:|1757816402
|move|p2a: Johnny Storm|Swords Dance|p2a: Johnny Storm
|-boost|p2a: Johnny Storm|atk|2
|move|p1a: Moltres|Roar|p2a: Johnny Storm
|drag|p2a: Cigarette Grandpa|Torkoal, F|78/100 par
|
|-weather|SunnyDay|[upkeep]
|upkeep
|turn|8
|
|t:|1757816410
|switch|p1a: Clefable|Clefable, F|78/100
|cant|p2a: Cigarette Grandpa|par
|
|-weather|SunnyDay|[upkeep]
|-heal|p1a: Clefable|85/100|[from] item: Leftovers
|upkeep
|turn|9
|
|t:|1757816415
|move|p1a: Clefable|Stealth Rock|p2a: Cigarette Grandpa
|-sidestart|p2: UncleQuack|move: Stealth Rock
|cant|p2a: Cigarette Grandpa|par
|
|-weather|none
|-heal|p1a: Clefable|91/100|[from] item: Leftovers
|upkeep
|turn|10
|
|t:|1757816429
|switch|p1a: Pecharunt|Pecharunt|100/100
|switch|p2a: Johnny Storm|Ceruledge, M|100/100 par
|-damage|p2a: Johnny Storm|76/100 par|[from] Stealth Rock
|
|upkeep
|turn|11
|
|t:|1757816434
|move|p2a: Johnny Storm|Shadow Sneak|p1a: Pecharunt
|-supereffective|p1a: Pecharunt
|-damage|p1a: Pecharunt|74/100
|move|p1a: Pecharunt|Parting Shot|p2a: Johnny Storm
|-unboost|p2a: Johnny Storm|atk|1
|-unboost|p2a: Johnny Storm|spa|1
|
|t:|1757816437
|switch|p1a: Walking Wake|Walking Wake|100/100|[from] Parting Shot
|
|upkeep
|turn|12
|
|t:|1757816446
|move|p1a: Walking Wake|Draco Meteor|p2a: Johnny Storm
|-damage|p2a: Johnny Storm|0 fnt
|-unboost|p1a: Walking Wake|spa|2
|faint|p2a: Johnny Storm
|
|upkeep
|
|t:|1757816450
|switch|p2a: Wake & Bake|Walking Wake|100/100
|-damage|p2a: Wake & Bake|88/100|[from] Stealth Rock
|turn|13
|
|t:|1757816464
|-end|p1a: Walking Wake|Protosynthesis|[silent]
|switch|p1a: Clefable|Clefable, F|91/100
|move|p2a: Wake & Bake|Hydro Steam|p1a: Clefable
|-damage|p1a: Clefable|37/100
|
|-heal|p1a: Clefable|43/100|[from] item: Leftovers
|upkeep
|turn|14
|
|t:|1757816472
|-end|p2a: Wake & Bake|Protosynthesis|[silent]
|switch|p2a: Cigarette Grandpa|Torkoal, F|78/100 par
|-damage|p2a: Cigarette Grandpa|53/100 par|[from] Stealth Rock
|-weather|SunnyDay|[from] ability: Drought|[of] p2a: Cigarette Grandpa
|-terastallize|p1a: Clefable|Water
|move|p1a: Clefable|Thunder Wave|p2a: Cigarette Grandpa
|-fail|p2a: Cigarette Grandpa|par
|
|-weather|SunnyDay|[upkeep]
|-heal|p1a: Clefable|49/100|[from] item: Leftovers
|upkeep
|turn|15
|
|t:|1757816481
|switch|p1a: Pecharunt|Pecharunt|74/100
|move|p2a: Cigarette Grandpa|Stealth Rock|p1a: Pecharunt
|-sidestart|p1: Us sad|move: Stealth Rock
|
|-weather|SunnyDay|[upkeep]
|upkeep
|turn|16
|
|t:|1757816488
|move|p1a: Pecharunt|Shadow Ball|p2a: Cigarette Grandpa
|-damage|p2a: Cigarette Grandpa|22/100 par
|-unboost|p2a: Cigarette Grandpa|spd|1
|move|p2a: Cigarette Grandpa|Lava Plume|p1a: Pecharunt
|-damage|p1a: Pecharunt|40/100
|
|-weather|SunnyDay|[upkeep]
|upkeep
|turn|17
|
|t:|1757816494
|switch|p2a: Wake & Bake|Walking Wake|88/100
|-damage|p2a: Wake & Bake|76/100|[from] Stealth Rock
|-activate|p2a: Wake & Bake|ability: Protosynthesis
|-start|p2a: Wake & Bake|protosynthesisspe
|move|p1a: Pecharunt|Recover|p1a: Pecharunt
|-heal|p1a: Pecharunt|90/100
|
|-weather|SunnyDay|[upkeep]
|upkeep
|turn|18
|
|t:|1757816499
|move|p2a: Wake & Bake|Hydro Steam|p1a: Pecharunt
|-damage|p1a: Pecharunt|1/100
|move|p1a: Pecharunt|Malignant Chain|p2a: Wake & Bake
|-damage|p2a: Wake & Bake|41/100
|-status|p2a: Wake & Bake|tox
|-start|p2a: Wake & Bake|confusion|[from] ability: Poison Puppeteer|[of] p1a: Pecharunt
|
|-weather|SunnyDay|[upkeep]
|-damage|p2a: Wake & Bake|35/100 tox|[from] psn
|upkeep
|turn|19
|
|t:|1757816505
|-activate|p2a: Wake & Bake|confusion
|move|p2a: Wake & Bake|Hydro Steam|p1a: Pecharunt
|-damage|p1a: Pecharunt|0 fnt
|faint|p1a: Pecharunt
|
|-weather|SunnyDay|[upkeep]
|-damage|p2a: Wake & Bake|23/100 tox|[from] psn
|upkeep
|
|t:|1757816509
|switch|p1a: Walking Wake|Walking Wake|100/100
|-damage|p1a: Walking Wake|88/100|[from] Stealth Rock
|-activate|p1a: Walking Wake|ability: Protosynthesis
|-start|p1a: Walking Wake|protosynthesisspe
|turn|20
|
|t:|1757816515
|-activate|p2a: Wake & Bake|confusion
|-damage|p2a: Wake & Bake|17/100 tox|[from] confusion
|move|p1a: Walking Wake|Dragon Pulse|p2a: Wake & Bake
|-supereffective|p2a: Wake & Bake
|-damage|p2a: Wake & Bake|0 fnt
|faint|p2a: Wake & Bake
|-end|p2a: Wake & Bake|Protosynthesis|[silent]
|
|-weather|SunnyDay|[upkeep]
|upkeep
|
|t:|1757816523
|switch|p2a: Dylan|Ditto|100/100
|-damage|p2a: Dylan|88/100|[from] Stealth Rock
|-transform|p2a: Dylan|p1a: Walking Wake|[from] ability: Imposter
|turn|21
|
|t:|1757816528
|-end|p1a: Walking Wake|Protosynthesis|[silent]
|switch|p1a: Clefable|Clefable, F, tera:Water|49/100
|move|p2a: Dylan|Draco Meteor|p1a: Clefable
|-damage|p1a: Clefable|0 fnt
|-unboost|p2a: Dylan|spa|2
|faint|p1a: Clefable
|
|-weather|none
|upkeep
|
|t:|1757816534
|switch|p1a: Walking Wake|Walking Wake|88/100
|-damage|p1a: Walking Wake|76/100|[from] Stealth Rock
|turn|22
|
|t:|1757816538
|-end|p2a: Dylan|Protosynthesis|[silent]
|switch|p2a: Cigarette Grandpa|Torkoal, F|22/100 par
|-damage|p2a: Cigarette Grandpa|0 fnt|[from] Stealth Rock
|faint|p2a: Cigarette Grandpa
|move|p1a: Walking Wake|Dragon Pulse|p2: Cigarette Grandpa|[notarget]
|-fail|p1a: Walking Wake
|
|upkeep
|
|t:|1757816542
|switch|p2a: Dylan|Ditto|88/100
|-damage|p2a: Dylan|76/100|[from] Stealth Rock
|-transform|p2a: Dylan|p1a: Walking Wake|[from] ability: Imposter
|turn|23
|
|t:|1757816551
|-end|p1a: Walking Wake|Protosynthesis|[silent]
|switch|p1a: Moltres|Moltres|100/100
|move|p2a: Dylan|Draco Meteor|p1a: Moltres
|-damage|p1a: Moltres|45/100
|-unboost|p2a: Dylan|spa|2
|
|upkeep
|turn|24
|
|t:|1757816556
|-end|p2a: Dylan|Protosynthesis|[silent]
|switch|p2a: Scovillain|Scovillain, F|100/100
|-damage|p2a: Scovillain|76/100|[from] Stealth Rock
|move|p1a: Moltres|Roost|p1a: Moltres
|-heal|p1a: Moltres|95/100
|-singleturn|p1a: Moltres|move: Roost
|
|upkeep
|turn|25
|
|t:|1757816570
|move|p2a: Scovillain|Flamethrower|p1a: Moltres
|-resisted|p1a: Moltres
|-damage|p1a: Moltres|70/100
|-damage|p2a: Scovillain|66/100|[from] item: Life Orb
|move|p1a: Moltres|Flamethrower|p2a: Scovillain
|-damage|p2a: Scovillain|4/100
|
|upkeep
|turn|26
|
|t:|1757816577
|move|p2a: Scovillain|Flamethrower|p1a: Moltres
|-resisted|p1a: Moltres
|-damage|p1a: Moltres|45/100
|-damage|p2a: Scovillain|0 fnt|[from] item: Life Orb
|faint|p2a: Scovillain
|move|p1a: Moltres|Roost|p1a: Moltres
|-heal|p1a: Moltres|95/100
|-singleturn|p1a: Moltres|move: Roost
|
|upkeep
|
|t:|1757816586
|switch|p2a: Igris|Iron Moth|100/100
|-damage|p2a: Igris|76/100|[from] Stealth Rock
|-enditem|p2a: Igris|Booster Energy
|-activate|p2a: Igris|ability: Quark Drive|[fromitem]
|-start|p2a: Igris|quarkdrivespe
|turn|27
|
|t:|1757816589
|move|p2a: Igris|Fiery Dance|p1a: Moltres
|-resisted|p1a: Moltres
|-damage|p1a: Moltres|79/100
|-boost|p2a: Igris|spa|1
|move|p1a: Moltres|Flamethrower|p2a: Igris
|-resisted|p2a: Igris
|-damage|p2a: Igris|59/100
|
|upkeep
|turn|28
|
|t:|1757816592
|move|p2a: Igris|Fiery Dance|p1a: Moltres
|-resisted|p1a: Moltres
|-damage|p1a: Moltres|52/100
|-boost|p2a: Igris|spa|1
|move|p1a: Moltres|Roar|p2a: Igris
|-end|p2a: Igris|Quark Drive|[silent]
|drag|p2a: Dylan|Ditto|76/100
|-damage|p2a: Dylan|63/100|[from] Stealth Rock
|-transform|p2a: Dylan|p1a: Moltres|[from] ability: Imposter
|
|upkeep
|turn|29
|
|t:|1757816604
|move|p1a: Moltres|Roost|p1a: Moltres
|-heal|p1a: Moltres|100/100
|-singleturn|p1a: Moltres|move: Roost
|move|p2a: Dylan|Roar|p1a: Moltres
|drag|p1a: Meowscarada|Meowscarada, F|100/100
|
|upkeep
|turn|30
|
|t:|1757816613
|switch|p1a: Moltres|Moltres|100/100
|move|p2a: Dylan|Roar|p1a: Moltres
|drag|p1a: Walking Wake|Walking Wake|76/100
|-damage|p1a: Walking Wake|64/100|[from] Stealth Rock
|
|upkeep
|turn|31
|
|t:|1757816616
|move|p1a: Walking Wake|Hydro Steam|p2a: Dylan
|-supereffective|p2a: Dylan
|-damage|p2a: Dylan|0 fnt
|faint|p2a: Dylan
|
|upkeep
|
|t:|1757816620
|switch|p2a: Igris|Iron Moth|59/100
|-damage|p2a: Igris|35/100|[from] Stealth Rock
|turn|32
|
|t:|1757816623
|-terastallize|p2a: Igris|Fairy
|move|p2a: Igris|Dazzling Gleam|p1a: Walking Wake
|-supereffective|p1a: Walking Wake
|-damage|p1a: Walking Wake|0 fnt
|faint|p1a: Walking Wake
|-end|p1a: Walking Wake|Protosynthesis|[silent]
|
|upkeep
|
|t:|1757816629
|switch|p1a: Meowscarada|Meowscarada, F|100/100
|turn|33
|
|t:|1757816632
|move|p1a: Meowscarada|Flower Trick|p2a: Igris
|-start|p1a: Meowscarada|typechange|Grass|[from] ability: Protean
|-crit|p2a: Igris
|-damage|p2a: Igris|0 fnt
|faint|p2a: Igris
|-end|p2a: Igris|Quark Drive|[silent]
|
|win|Us sad
|raw|Us sad's rating: 1349 &rarr; <strong>1368</strong><br />(+19 for winning)
|raw|UncleQuack's rating: 1328 &rarr; <strong>1309</strong><br />(-19 for losing)
|l|☆UncleQuack
|player|p2|
|l|☆Us sad
|player|p1|
