|j|☆56dgdfj
|j|☆Toxic Smite
|t:|1757912238
|gametype|singles
|player|p1|56dgdfj|bugcatcher-gen4dp|1243
|player|p2|Toxic Smite|gambler|1265
|gen|9
|tier|[Gen 9] OU
|rated|
|rule|HP Percentage Mod: HP is shown in percentages
|rule|Endless Battle Clause: Forcing endless battles is banned
|rule|Species Clause: Limit one of each Pokémon
|rule|OHKO Clause: OHKO moves are banned
|rule|Evasion Items Clause: Evasion items are banned
|rule|Evasion Moves Clause: Evasion moves are banned
|rule|Evasion Abilities Clause: Evasion abilities are banned
|rule|Sleep Moves Clause: Sleep-inducing moves are banned
|clearpoke
|poke|p1|Thundurus-Therian, M|
|poke|p1|Cinderace, F|
|poke|p1|Quaquaval, M|
|poke|p1|Clefable, F|
|poke|p1|Pecharunt|
|poke|p1|Iron Boulder|
|poke|p2|Raging Bolt|
|poke|p2|Zapdos|
|poke|p2|Electrode-Hisui|
|poke|p2|Rotom|
|poke|p2|Iron Hands|
|poke|p2|Morpeko, F|
|teampreview
|inactive|Battle timer is ON: inactive players will automatically lose when time's up. (requested by 56dgdfj)
|
|t:|1757912262
|teamsize|p1|6
|teamsize|p2|6
|start
|switch|p1a: Thundurus|Thundurus-Therian, M|100/100
|switch|p2a: Iron Hands|Iron Hands|100/100
|turn|1
|
|t:|1757912268
|-terastallize|p1a: Thundurus|Fairy
|move|p1a: Thundurus|Tera Blast|p2a: Iron Hands|[anim] Tera Blast Fairy
|-supereffective|p2a: Iron Hands
|-damage|p2a: Iron Hands|0 fnt
|faint|p2a: Iron Hands
|-end|p2a: Iron Hands|Quark Drive|[silent]
|
|upkeep
|
|t:|1757912284
|switch|p2a: Electrode|Electrode-Hisui|100/100
|turn|2
|
|t:|1757912286
|move|p2a: Electrode|Substitute|p2a: Electrode
|-start|p2a: Electrode|Substitute
|-damage|p2a: Electrode|76/100
|move|p1a: Thundurus|Tera Blast|p2a: Electrode|[anim] Tera Blast Fairy
|-end|p2a: Electrode|Substitute
|
|-heal|p2a: Electrode|82/100|[from] item: Leftovers
|upkeep
|turn|3
|
|t:|1757912292
|move|p2a: Electrode|Leech Seed|p1a: Thundurus
|-start|p1a: Thundurus|move: Leech Seed
|move|p1a: Thundurus|Tera Blast|p2a: Electrode|[anim] Tera Blast Fairy
|-damage|p2a: Electrode|0 fnt
|faint|p2a: Electrode
|
|upkeep
|
|t:|1757912297
|switch|p2a: Zapdos|Zapdos, shiny|100/100
|turn|4
|
|t:|1757912300
|move|p1a: Thundurus|Tera Blast|p2a: Zapdos|[anim] Tera Blast Fairy
|-damage|p2a: Zapdos|20/100
|move|p2a: Zapdos|Charge|p2a: Zapdos
|-boost|p2a: Zapdos|spd|1
|-start|p2a: Zapdos|Charge
|
|-damage|p1a: Thundurus|88/100|[from] Leech Seed|[of] p2a: Zapdos
|-heal|p2a: Zapdos|32/100|[silent]
|upkeep
|turn|5
|
|t:|1757912310
|move|p1a: Thundurus|Tera Blast|p2a: Zapdos|[anim] Tera Blast Fairy
|-damage|p2a: Zapdos|0 fnt
|faint|p2a: Zapdos
|
|upkeep
|
|t:|1757912317
|switch|p2a: Morpeko|Morpeko, F|100/100
|turn|6
|
|t:|1757912324
|-terastallize|p2a: Morpeko|Flying
|move|p1a: Thundurus|Tera Blast|p2a: Morpeko|[anim] Tera Blast Fairy
|-damage|p2a: Morpeko|0 fnt
|faint|p2a: Morpeko
|
|upkeep
|-message|Toxic Smite forfeited.
|
|win|56dgdfj
|raw|56dgdfj's rating: 1243 &rarr; <strong>1270</strong><br />(+27 for winning)
|raw|Toxic Smite's rating: 1265 &rarr; <strong>1238</strong><br />(-27 for losing)
|l|☆Toxic Smite
|player|p2|
|l|☆56dgdfj
|player|p1|
