|j|☆quetzuma
|j|☆emma5.7
|t:|1757860916
|gametype|singles
|player|p1|quetzuma|drayden|1399
|player|p2|emma5.7|cynthia-gen4|1415
|gen|9
|tier|[Gen 9] OU
|rated|
|rule|HP Percentage Mod: HP is shown in percentages
|rule|Endless Battle Clause: Forcing endless battles is banned
|rule|Species Clause: Limit one of each Pokémon
|rule|OHKO Clause: OHKO moves are banned
|rule|Evasion Items Clause: Evasion items are banned
|rule|Evasion Moves Clause: Evasion moves are banned
|rule|Evasion Abilities Clause: Evasion abilities are banned
|rule|Sleep Moves Clause: Sleep-inducing moves are banned
|clearpoke
|poke|p1|Moltres|
|poke|p1|Krookodile, F|
|poke|p1|Pelipper, F|
|poke|p1|Qwilfish, F|
|poke|p1|Iron Treads|
|poke|p1|Raging Bolt|
|poke|p2|Zamazenta-*|
|poke|p2|Latias, F|
|poke|p2|Gholdengo|
|poke|p2|Dragonite, F|
|poke|p2|Weavile, F|
|poke|p2|Araquanid, F|
|teampreview
|inactive|Battle timer is ON: inactive players will automatically lose when time's up. (requested by quetzuma)
|
|t:|1757860928
|teamsize|p1|6
|teamsize|p2|6
|start
|switch|p1a: Qwilfish|Qwilfish, F|100/100
|switch|p2a: Araquanid|Araquanid, F|100/100
|turn|1
|
|t:|1757860934
|move|p1a: Qwilfish|Barb Barrage|p2a: Araquanid
|-damage|p2a: Araquanid|73/100
|-status|p2a: Araquanid|psn
|move|p2a: Araquanid|Sticky Web|p1a: Qwilfish
|-sidestart|p1: quetzuma|move: Sticky Web
|
|-damage|p2a: Araquanid|60/100 psn|[from] psn
|upkeep
|turn|2
|
|t:|1757860943
|move|p1a: Qwilfish|Swords Dance|p1a: Qwilfish
|-boost|p1a: Qwilfish|atk|2
|move|p2a: Araquanid|Surf|p1a: Qwilfish
|-resisted|p1a: Qwilfish
|-damage|p1a: Qwilfish|44/100
|
|-damage|p2a: Araquanid|48/100 psn|[from] psn
|upkeep
|turn|3
|
|t:|1757860951
|move|p1a: Qwilfish|Scale Shot|p2a: Araquanid|[miss]
|-miss|p1a: Qwilfish|p2a: Araquanid
|move|p2a: Araquanid|Surf|p1a: Qwilfish
|-resisted|p1a: Qwilfish
|-damage|p1a: Qwilfish|0 fnt
|faint|p1a: Qwilfish
|
|-damage|p2a: Araquanid|36/100 psn|[from] psn
|upkeep
|
|t:|1757860964
|switch|p1a: Pelipper|Pelipper, F, shiny|100/100
|-weather|RainDance|[from] ability: Drizzle|[of] p1a: Pelipper
|turn|4
|
|t:|1757860969
|move|p1a: Pelipper|Hurricane|p2a: Araquanid
|-supereffective|p2a: Araquanid
|-damage|p2a: Araquanid|0 fnt
|faint|p2a: Araquanid
|
|-weather|RainDance|[upkeep]
|upkeep
|
|t:|1757860976
|switch|p2a: Weavile|Weavile, F|100/100
|turn|5
|
|t:|1757860980
|move|p2a: Weavile|Swords Dance|p2a: Weavile
|-boost|p2a: Weavile|atk|2
|move|p1a: Pelipper|Surf|p2a: Weavile
|-damage|p2a: Weavile|33/100
|
|-weather|RainDance|[upkeep]
|upkeep
|turn|6
|
|t:|1757860988
|move|p2a: Weavile|Knock Off|p1a: Pelipper
|-damage|p1a: Pelipper|1/100
|-enditem|p1a: Pelipper|Damp Rock|[from] move: Knock Off|[of] p2a: Weavile
|-damage|p2a: Weavile|23/100|[from] item: Life Orb
|move|p1a: Pelipper|U-turn|p2a: Weavile
|-supereffective|p2a: Weavile
|-damage|p2a: Weavile|0 fnt
|faint|p2a: Weavile
|
|t:|1757861000
|switch|p1a: Iron Treads|Iron Treads|100/100|[from] U-turn
|-activate|p1a: Iron Treads|move: Sticky Web
|-unboost|p1a: Iron Treads|spe|1
|
|-weather|RainDance|[upkeep]
|upkeep
|
|t:|1757861007
|switch|p2a: Gholdengo|Gholdengo|100/100
|turn|7
|
|t:|1757861011
|-end|p1a: Iron Treads|Quark Drive|[silent]
|switch|p1a: Pelipper|Pelipper, F, shiny|1/100
|move|p2a: Gholdengo|Shadow Ball|p1a: Pelipper
|-damage|p1a: Pelipper|0 fnt
|faint|p1a: Pelipper
|
|-weather|RainDance|[upkeep]
|upkeep
|
|t:|1757861015
|switch|p1a: Raging Bolt|Raging Bolt|100/100
|-activate|p1a: Raging Bolt|move: Sticky Web
|-unboost|p1a: Raging Bolt|spe|1
|turn|8
|
|t:|1757861024
|move|p2a: Gholdengo|Nasty Plot|p2a: Gholdengo
|-boost|p2a: Gholdengo|spa|2
|move|p1a: Raging Bolt|Thunder|p2a: Gholdengo
|-damage|p2a: Gholdengo|43/100
|
|-weather|RainDance|[upkeep]
|upkeep
|turn|9
|
|t:|1757861033
|move|p2a: Gholdengo|Shadow Ball|p1a: Raging Bolt
|-damage|p1a: Raging Bolt|45/100
|move|p1a: Raging Bolt|Thunder|p2a: Gholdengo
|-damage|p2a: Gholdengo|0 fnt
|faint|p2a: Gholdengo
|
|-weather|RainDance|[upkeep]
|-heal|p1a: Raging Bolt|51/100|[from] item: Leftovers
|upkeep
|
|t:|1757861043
|switch|p2a: Latias|Latias, F|100/100
|turn|10
|
|t:|1757861048
|-terastallize|p2a: Latias|Steel
|move|p2a: Latias|Calm Mind|p2a: Latias
|-boost|p2a: Latias|spa|1
|-boost|p2a: Latias|spd|1
|move|p1a: Raging Bolt|Dragon Pulse|p2a: Latias
|-resisted|p2a: Latias
|-damage|p2a: Latias|87/100
|
|-weather|RainDance|[upkeep]
|-heal|p2a: Latias|93/100|[from] item: Leftovers
|-heal|p1a: Raging Bolt|57/100|[from] item: Leftovers
|upkeep
|turn|11
|
|t:|1757861063
|-end|p1a: Raging Bolt|Protosynthesis|[silent]
|switch|p1a: Iron Treads|Iron Treads|100/100
|-activate|p1a: Iron Treads|move: Sticky Web
|-unboost|p1a: Iron Treads|spe|1
|move|p2a: Latias|Calm Mind|p2a: Latias
|-boost|p2a: Latias|spa|1
|-boost|p2a: Latias|spd|1
|
|-weather|none
|-heal|p2a: Latias|99/100|[from] item: Leftovers
|upkeep
|turn|12
|
|t:|1757861073
|move|p2a: Latias|Agility|p2a: Latias
|-boost|p2a: Latias|spe|2
|move|p1a: Iron Treads|Rapid Spin|p2a: Latias
|-resisted|p2a: Latias
|-damage|p2a: Latias|93/100
|-boost|p1a: Iron Treads|spe|1
|-sideend|p1: quetzuma|Sticky Web|[from] move: Rapid Spin|[of] p1a: Iron Treads
|
|-heal|p2a: Latias|99/100|[from] item: Leftovers
|upkeep
|turn|13
|
|t:|1757861084
|move|p2a: Latias|Calm Mind|p2a: Latias
|-boost|p2a: Latias|spa|1
|-boost|p2a: Latias|spd|1
|move|p1a: Iron Treads|Knock Off|p2a: Latias
|-damage|p2a: Latias|75/100
|-enditem|p2a: Latias|Leftovers|[from] move: Knock Off|[of] p1a: Iron Treads
|
|upkeep
|turn|14
|
|t:|1757861092
|move|p2a: Latias|Agility|p2a: Latias
|-boost|p2a: Latias|spe|2
|move|p1a: Iron Treads|Stealth Rock|p2a: Latias
|-sidestart|p2: emma5.7|move: Stealth Rock
|
|upkeep
|turn|15
|
|t:|1757861098
|move|p2a: Latias|Calm Mind|p2a: Latias
|-boost|p2a: Latias|spa|1
|-boost|p2a: Latias|spd|1
|move|p1a: Iron Treads|Knock Off|p2a: Latias
|-crit|p2a: Latias
|-damage|p2a: Latias|48/100
|
|upkeep
|turn|16
|
|t:|1757861105
|move|p2a: Latias|Calm Mind|p2a: Latias
|-boost|p2a: Latias|spa|1
|-boost|p2a: Latias|spd|1
|move|p1a: Iron Treads|Knock Off|p2a: Latias
|-damage|p2a: Latias|31/100
|
|upkeep
|turn|17
|
|t:|1757861112
|move|p2a: Latias|Stored Power|p1a: Iron Treads
|-resisted|p1a: Iron Treads
|-damage|p1a: Iron Treads|0 fnt
|faint|p1a: Iron Treads
|-end|p1a: Iron Treads|Quark Drive|[silent]
|
|upkeep
|
|t:|1757861114
|switch|p1a: Krookodile|Krookodile, F|100/100
|turn|18
|
|t:|1757861120
|-terastallize|p1a: Krookodile|Electric
|move|p2a: Latias|Draining Kiss|p1a: Krookodile
|-damage|p1a: Krookodile|33/100
|-heal|p2a: Latias|79/100|[from] drain|[of] p1a: Krookodile
|move|p1a: Krookodile|Tera Blast|p2a: Latias|[anim] Tera Blast Electric
|-damage|p2a: Latias|42/100
|
|upkeep
|turn|19
|
|t:|1757861130
|move|p2a: Latias|Draining Kiss|p1a: Krookodile
|-damage|p1a: Krookodile|0 fnt
|-heal|p2a: Latias|65/100|[from] drain|[of] p1a: Krookodile
|faint|p1a: Krookodile
|
|upkeep
|
|t:|1757861132
|switch|p1a: Raging Bolt|Raging Bolt|57/100
|turn|20
|
|t:|1757861138
|move|p1a: Raging Bolt|Thunderclap|p2a: Latias
|-damage|p2a: Latias|56/100
|move|p2a: Latias|Draining Kiss|p1a: Raging Bolt
|-supereffective|p1a: Raging Bolt
|-damage|p1a: Raging Bolt|0 fnt
|-heal|p2a: Latias|100/100|[from] drain|[of] p1a: Raging Bolt
|faint|p1a: Raging Bolt
|-end|p1a: Raging Bolt|Protosynthesis|[silent]
|
|upkeep
|-message|quetzuma forfeited.
|
|win|emma5.7
|raw|quetzuma's rating: 1399 &rarr; <strong>1380</strong><br />(-19 for losing)
|raw|emma5.7's rating: 1415 &rarr; <strong>1434</strong><br />(+19 for winning)
|l|☆quetzuma
|player|p1|
|l|☆emma5.7
|player|p2|
|j|☆emma5.7
|player|p2|emma5.7|cynthia-gen4|
