|j|☆gamemode c
|j|☆Mafia Cynthia
|t:|1757953760
|gametype|singles
|player|p1|gamemode c|barry|1141
|player|p2|Mafia Cynthia|cynthia|1147
|gen|9
|tier|[Gen 9] OU
|rated|
|rule|HP Percentage Mod: HP is shown in percentages
|rule|Endless Battle Clause: Forcing endless battles is banned
|rule|Species Clause: Limit one of each Pokémon
|rule|OHKO Clause: OHKO moves are banned
|rule|Evasion Items Clause: Evasion items are banned
|rule|Evasion Moves Clause: Evasion moves are banned
|rule|Evasion Abilities Clause: Evasion abilities are banned
|rule|Sleep Moves Clause: Sleep-inducing moves are banned
|clearpoke
|poke|p1|Kingambit, M|
|poke|p1|Cottonee, L1, M|
|poke|p1|Gliscor, M|
|poke|p1|Dondozo, F|
|poke|p1|Quaquaval, F|
|poke|p1|Alomomola, M|
|poke|p2|Galvantula, F|
|poke|p2|Ariados, F|
|poke|p2|Araquanid, M|
|poke|p2|Spidops, F|
|poke|p2|Great Tusk|
|poke|p2|Regice|
|teampreview
|inactive|Battle timer is ON: inactive players will automatically lose when time's up. (requested by gamemode c)
|inactive|Mafia Cynthia also wants the timer to be on.
|j| ClipperTime
|
|t:|1757953768
|teamsize|p1|6
|teamsize|p2|6
|start
|switch|p1a: Cottonee|Cottonee, L1, M|100/100
|switch|p2a: Galvantula|Galvantula, F, shiny|100/100
|turn|1
|
|t:|1757953774
|move|p2a: Galvantula|Sticky Web|p1a: Cottonee
|-sidestart|p1: gamemode c|move: Sticky Web
|move|p1a: Cottonee|Endeavor|p2a: Galvantula
|-damage|p2a: Galvantula|5/100
|
|upkeep
|turn|2
|
|t:|1757953781
|move|p1a: Cottonee|Leech Seed|p2a: Galvantula
|-start|p2a: Galvantula|move: Leech Seed
|move|p2a: Galvantula|Bug Buzz|p1a: Cottonee
|-crit|p1a: Cottonee
|-enditem|p1a: Cottonee|Focus Sash
|-damage|p1a: Cottonee|9/100
|
|-damage|p2a: Galvantula|0 fnt|[from] Leech Seed|[of] p1a: Cottonee
|-heal|p1a: Cottonee|100/100|[silent]
|faint|p2a: Galvantula
|upkeep
|
|t:|1757953796
|switch|p2a: Spidops|Spidops, F|100/100
|turn|3
|
|t:|1757953800
|move|p1a: Cottonee|Leech Seed|p2a: Spidops
|-start|p2a: Spidops|move: Leech Seed
|move|p2a: Spidops|Circle Throw|p1a: Cottonee
|-resisted|p1a: Cottonee
|-damage|p1a: Cottonee|0 fnt
|faint|p1a: Cottonee
|
|upkeep
|
|t:|1757953813
|switch|p1a: Gliscor|Gliscor, M|100/100
|turn|4
|
|t:|1757953828
|move|p1a: Gliscor|Substitute|p1a: Gliscor
|-start|p1a: Gliscor|Substitute
|-damage|p1a: Gliscor|76/100
|move|p2a: Spidops|Circle Throw|p1a: Gliscor
|-resisted|p1a: Gliscor
|-crit|p1a: Gliscor
|-activate|p1a: Gliscor|move: Substitute|[damage]
|
|-damage|p2a: Spidops|88/100|[from] Leech Seed|[of] p1a: Gliscor
|-heal|p1a: Gliscor|87/100|[silent]
|-status|p1a: Gliscor|tox|[from] item: Toxic Orb
|upkeep
|turn|5
|
|t:|1757953837
|move|p2a: Spidops|Silk Trap|p2a: Spidops
|-singleturn|p2a: Spidops|Protect
|move|p1a: Gliscor|Toxic|p2a: Spidops
|-status|p2a: Spidops|tox
|
|-damage|p2a: Spidops|76/100 tox|[from] Leech Seed|[of] p1a: Gliscor
|-heal|p1a: Gliscor|98/100 tox|[silent]
|-heal|p1a: Gliscor|100/100 tox|[from] ability: Poison Heal
|-damage|p2a: Spidops|70/100 tox|[from] psn
|upkeep
|turn|6
|
|t:|1757953853
|switch|p2a: Great Tusk|Great Tusk|100/100
|-enditem|p2a: Great Tusk|Booster Energy
|-activate|p2a: Great Tusk|ability: Protosynthesis|[fromitem]
|-start|p2a: Great Tusk|protosynthesisatk
|move|p1a: Gliscor|Protect||[still]
|-fail|p1a: Gliscor
|
|upkeep
|turn|7
|
|t:|1757953862
|move|p1a: Gliscor|Toxic|p2a: Great Tusk
|-status|p2a: Great Tusk|tox
|move|p2a: Great Tusk|Rapid Spin|p1a: Gliscor
|-activate|p1a: Gliscor|move: Substitute|[damage]
|-boost|p2a: Great Tusk|spe|1
|
|-damage|p2a: Great Tusk|94/100 tox|[from] psn
|upkeep
|turn|8
|
|t:|1757953871
|move|p1a: Gliscor|Protect|p1a: Gliscor
|-singleturn|p1a: Gliscor|Protect
|move|p2a: Great Tusk|Rapid Spin|p1a: Gliscor
|-activate|p1a: Gliscor|move: Protect
|
|-damage|p2a: Great Tusk|82/100 tox|[from] psn
|upkeep
|turn|9
|
|t:|1757953878
|move|p2a: Great Tusk|Ice Spinner|p1a: Gliscor
|-supereffective|p1a: Gliscor
|-end|p1a: Gliscor|Substitute
|move|p1a: Gliscor|Substitute|p1a: Gliscor
|-start|p1a: Gliscor|Substitute
|-damage|p1a: Gliscor|76/100 tox
|
|-damage|p2a: Great Tusk|63/100 tox|[from] psn
|-heal|p1a: Gliscor|88/100 tox|[from] ability: Poison Heal
|upkeep
|turn|10
|
|t:|1757953886
|move|p1a: Gliscor|Protect|p1a: Gliscor
|-singleturn|p1a: Gliscor|Protect
|move|p2a: Great Tusk|Ice Spinner|p1a: Gliscor
|-activate|p1a: Gliscor|move: Protect
|
|-damage|p2a: Great Tusk|39/100 tox|[from] psn
|-heal|p1a: Gliscor|100/100 tox|[from] ability: Poison Heal
|upkeep
|turn|11
|
|t:|1757953896
|move|p2a: Great Tusk|Ice Spinner|p1a: Gliscor
|-supereffective|p1a: Gliscor
|-end|p1a: Gliscor|Substitute
|move|p1a: Gliscor|Substitute|p1a: Gliscor
|-start|p1a: Gliscor|Substitute
|-damage|p1a: Gliscor|76/100 tox
|
|-damage|p2a: Great Tusk|8/100 tox|[from] psn
|-heal|p1a: Gliscor|88/100 tox|[from] ability: Poison Heal
|upkeep
|turn|12
|
|t:|1757953905
|move|p1a: Gliscor|Protect|p1a: Gliscor
|-singleturn|p1a: Gliscor|Protect
|move|p2a: Great Tusk|Ice Spinner|p1a: Gliscor
|-activate|p1a: Gliscor|move: Protect
|
|-damage|p2a: Great Tusk|0 fnt|[from] psn
|faint|p2a: Great Tusk
|-end|p2a: Great Tusk|Protosynthesis|[silent]
|-heal|p1a: Gliscor|100/100 tox|[from] ability: Poison Heal
|upkeep
|
|t:|1757953920
|switch|p2a: Regice|Regice|100/100
|turn|13
|
|t:|1757953932
|move|p1a: Gliscor|Toxic|p2a: Regice
|-status|p2a: Regice|tox
|move|p2a: Regice|Ice Beam|p1a: Gliscor
|-supereffective|p1a: Gliscor
|-end|p1a: Gliscor|Substitute
|
|-damage|p2a: Regice|95/100 tox|[from] psn
|upkeep
|turn|14
|
|t:|1757953939
|move|p1a: Gliscor|Substitute|p1a: Gliscor
|-start|p1a: Gliscor|Substitute
|-damage|p1a: Gliscor|76/100 tox
|move|p2a: Regice|Ice Beam|p1a: Gliscor
|-supereffective|p1a: Gliscor
|-end|p1a: Gliscor|Substitute
|
|-heal|p1a: Gliscor|88/100 tox|[from] ability: Poison Heal
|-damage|p2a: Regice|83/100 tox|[from] psn
|upkeep
|turn|15
|
|t:|1757953948
|move|p1a: Gliscor|Protect|p1a: Gliscor
|-singleturn|p1a: Gliscor|Protect
|move|p2a: Regice|Ice Beam|p1a: Gliscor
|-activate|p1a: Gliscor|move: Protect
|
|-heal|p1a: Gliscor|100/100 tox|[from] ability: Poison Heal
|-damage|p2a: Regice|65/100 tox|[from] psn
|upkeep
|turn|16
|
|t:|1757953955
|move|p1a: Gliscor|Substitute|p1a: Gliscor
|-start|p1a: Gliscor|Substitute
|-damage|p1a: Gliscor|76/100 tox
|move|p2a: Regice|Ice Beam|p1a: Gliscor
|-supereffective|p1a: Gliscor
|-end|p1a: Gliscor|Substitute
|
|-heal|p1a: Gliscor|88/100 tox|[from] ability: Poison Heal
|-damage|p2a: Regice|41/100 tox|[from] psn
|upkeep
|turn|17
|c|☆gamemode c|toxic stall of doom
|
|t:|1757953967
|move|p1a: Gliscor|Protect|p1a: Gliscor
|-singleturn|p1a: Gliscor|Protect
|move|p2a: Regice|Ice Beam|p1a: Gliscor
|-activate|p1a: Gliscor|move: Protect
|
|-heal|p1a: Gliscor|100/100 tox|[from] ability: Poison Heal
|-damage|p2a: Regice|11/100 tox|[from] psn
|upkeep
|turn|18
|inactive|Mafia Cynthia has 120 seconds left.
|inactive|Mafia Cynthia has 90 seconds left.
|
|t:|1757954028
|move|p1a: Gliscor|Substitute|p1a: Gliscor
|-start|p1a: Gliscor|Substitute
|-damage|p1a: Gliscor|76/100 tox
|move|p2a: Regice|Ice Beam|p1a: Gliscor
|-supereffective|p1a: Gliscor
|-end|p1a: Gliscor|Substitute
|
|-heal|p1a: Gliscor|88/100 tox|[from] ability: Poison Heal
|-damage|p2a: Regice|0 fnt|[from] psn
|faint|p2a: Regice
|upkeep
|inactive|Mafia Cynthia has 90 seconds left.
|
|t:|1757954040
|switch|p2a: Araquanid|Araquanid, M, shiny|100/100
|turn|19
|
|t:|1757954047
|move|p1a: Gliscor|Protect|p1a: Gliscor
|-singleturn|p1a: Gliscor|Protect
|move|p2a: Araquanid|Ice Beam|p1a: Gliscor
|-activate|p1a: Gliscor|move: Protect
|
|-heal|p1a: Gliscor|100/100 tox|[from] ability: Poison Heal
|upkeep
|turn|20
|
|t:|1757954057
|-terastallize|p1a: Gliscor|Water
|move|p1a: Gliscor|Toxic|p2a: Araquanid
|-status|p2a: Araquanid|tox
|move|p2a: Araquanid|Ice Beam|p1a: Gliscor
|-resisted|p1a: Gliscor
|-damage|p1a: Gliscor|88/100 tox
|
|-heal|p1a: Gliscor|100/100 tox|[from] ability: Poison Heal
|-damage|p2a: Araquanid|94/100 tox|[from] psn
|upkeep
|turn|21
|inactive|Mafia Cynthia has 90 seconds left.
|
|t:|1757954085
|switch|p2a: Ariados|Ariados, F|100/100
|move|p1a: Gliscor|Substitute|p1a: Gliscor
|-start|p1a: Gliscor|Substitute
|-damage|p1a: Gliscor|76/100 tox
|
|-heal|p1a: Gliscor|88/100 tox|[from] ability: Poison Heal
|upkeep
|turn|22
|inactive|Mafia Cynthia has 90 seconds left.
|
|t:|1757954104
|move|p1a: Gliscor|Protect|p1a: Gliscor
|-singleturn|p1a: Gliscor|Protect
|move|p2a: Ariados|Cross Poison|p1a: Gliscor
|-activate|p1a: Gliscor|move: Protect
|
|-heal|p1a: Gliscor|100/100 tox|[from] ability: Poison Heal
|upkeep
|turn|23
|
|t:|1757954111
|move|p1a: Gliscor|Earthquake|p2a: Ariados
|-damage|p2a: Ariados|58/100
|move|p2a: Ariados|Cross Poison|p1a: Gliscor
|-crit|p1a: Gliscor
|-end|p1a: Gliscor|Substitute
|
|upkeep
|turn|24
|inactive|Mafia Cynthia has 90 seconds left.
|
|t:|1757954120
|move|p1a: Gliscor|Earthquake|p2a: Ariados
|-damage|p2a: Ariados|17/100
|move|p2a: Ariados|Cross Poison|p1a: Gliscor
|-crit|p1a: Gliscor
|-damage|p1a: Gliscor|57/100 tox
|
|-heal|p1a: Gliscor|70/100 tox|[from] ability: Poison Heal
|upkeep
|turn|25
|inactive|Mafia Cynthia has 90 seconds left.
|
|t:|1757954154
|move|p1a: Gliscor|Earthquake|p2a: Ariados
|-damage|p2a: Ariados|0 fnt
|faint|p2a: Ariados
|
|-heal|p1a: Gliscor|82/100 tox|[from] ability: Poison Heal
|upkeep
|
|t:|1757954165
|switch|p2a: Spidops|Spidops, F|70/100 tox
|turn|26
|
|t:|1757954170
|move|p1a: Gliscor|Substitute|p1a: Gliscor
|-start|p1a: Gliscor|Substitute
|-damage|p1a: Gliscor|57/100 tox
|move|p2a: Spidops|Circle Throw|p1a: Gliscor
|-activate|p1a: Gliscor|move: Substitute|[damage]
|
|-heal|p1a: Gliscor|70/100 tox|[from] ability: Poison Heal
|-damage|p2a: Spidops|63/100 tox|[from] psn
|upkeep
|turn|27
|inactive|Mafia Cynthia has 60 seconds left.
|
|t:|1757954206
|move|p2a: Spidops|Silk Trap|p2a: Spidops
|-singleturn|p2a: Spidops|Protect
|move|p1a: Gliscor|Earthquake|p2a: Spidops
|-activate|p2a: Spidops|move: Protect
|
|-heal|p1a: Gliscor|82/100 tox|[from] ability: Poison Heal
|-damage|p2a: Spidops|51/100 tox|[from] psn
|upkeep
|turn|28
|
|t:|1757954231
|move|p2a: Spidops|Silk Trap||[still]
|-fail|p2a: Spidops
|move|p1a: Gliscor|Earthquake|p2a: Spidops
|-resisted|p2a: Spidops
|-damage|p2a: Spidops|32/100 tox
|
|-heal|p1a: Gliscor|95/100 tox|[from] ability: Poison Heal
|-damage|p2a: Spidops|14/100 tox|[from] psn
|upkeep
|turn|29
|inactive|Mafia Cynthia has 30 seconds left.
|
|t:|1757954252
|move|p2a: Spidops|Silk Trap|p2a: Spidops
|-singleturn|p2a: Spidops|Protect
|move|p1a: Gliscor|Earthquake|p2a: Spidops
|-activate|p2a: Spidops|move: Protect
|
|-heal|p1a: Gliscor|100/100 tox|[from] ability: Poison Heal
|-damage|p2a: Spidops|0 fnt|[from] psn
|faint|p2a: Spidops
|upkeep
|inactive|Mafia Cynthia has 30 seconds left this turn.
|
|t:|1757954261
|switch|p2a: Araquanid|Araquanid, M, shiny|94/100 tox
|turn|30
|inactive|Mafia Cynthia has 30 seconds left.
|
|t:|1757954267
|move|p1a: Gliscor|Protect|p1a: Gliscor
|-singleturn|p1a: Gliscor|Protect
|move|p2a: Araquanid|Bug Buzz|p1a: Gliscor
|-activate|p1a: Gliscor|move: Protect
|
|-damage|p2a: Araquanid|88/100 tox|[from] psn
|upkeep
|turn|31
|inactive|Mafia Cynthia has 30 seconds left.
|
|t:|1757954283
|move|p1a: Gliscor|Earthquake|p2a: Araquanid
|-resisted|p2a: Araquanid
|-damage|p2a: Araquanid|70/100 tox
|move|p2a: Araquanid|Bug Buzz|p1a: Gliscor
|-damage|p1a: Gliscor|63/100 tox
|
|-heal|p1a: Gliscor|76/100 tox|[from] ability: Poison Heal
|-damage|p2a: Araquanid|57/100 tox|[from] psn
|upkeep
|turn|32
|inactive|Mafia Cynthia has 30 seconds left.
|
|t:|1757954293
|move|p1a: Gliscor|Protect|p1a: Gliscor
|-singleturn|p1a: Gliscor|Protect
|move|p2a: Araquanid|Bug Buzz|p1a: Gliscor
|-activate|p1a: Gliscor|move: Protect
|
|-heal|p1a: Gliscor|88/100 tox|[from] ability: Poison Heal
|-damage|p2a: Araquanid|39/100 tox|[from] psn
|upkeep
|turn|33
|inactive|Mafia Cynthia has 30 seconds left.
|inactive|Mafia Cynthia has 20 seconds left.
|
|t:|1757954313
|move|p1a: Gliscor|Earthquake|p2a: Araquanid
|-resisted|p2a: Araquanid
|-damage|p2a: Araquanid|20/100 tox
|move|p2a: Araquanid|Bug Buzz|p1a: Gliscor
|-crit|p1a: Gliscor
|-damage|p1a: Gliscor|35/100 tox
|
|-heal|p1a: Gliscor|48/100 tox|[from] ability: Poison Heal
|-damage|p2a: Araquanid|0 fnt|[from] psn
|faint|p2a: Araquanid
|
|win|gamemode c
|raw|gamemode c's rating: 1141 &rarr; <strong>1166</strong><br />(+25 for winning)
|raw|Mafia Cynthia's rating: 1147 &rarr; <strong>1122</strong><br />(-25 for losing)
|l|☆Mafia Cynthia
|player|p2|
|l| ClipperTime
