|j|☆adinos
|j|☆d3proxd
|t:|1757829420
|gametype|singles
|player|p1|adinos|riley|
|player|p2|d3proxd|veteran|
|gen|9
|tier|[Gen 9] OU
|rule|HP Percentage Mod: HP is shown in percentages
|rule|Endless Battle Clause: Forcing endless battles is banned
|rule|Species Clause: Limit one of each Pokémon
|rule|OHKO Clause: OHKO moves are banned
|rule|Evasion Items Clause: Evasion items are banned
|rule|Evasion Moves Clause: Evasion moves are banned
|rule|Evasion Abilities Clause: Evasion abilities are banned
|rule|Sleep Moves Clause: Sleep-inducing moves are banned
|clearpoke
|poke|p1|Zamazenta-*|
|poke|p1|Ninetales-Alola, F|
|poke|p1|Darkrai|
|poke|p1|Ceruledge, F|
|poke|p1|Gliscor, M|
|poke|p1|Hatterene, F|
|poke|p2|Pikachu, F|
|poke|p2|Noivern, F|
|poke|p2|Hawlucha, M|
|poke|p2|Goodra, M|
|poke|p2|Greninja-*, M|
|poke|p2|Talonflame, F|
|teampreview
|
|t:|1757829444
|teamsize|p1|6
|teamsize|p2|6
|start
|switch|p1a: Hatterene|Hatterene, F|100/100
|switch|p2a: Hawlucha|Hawlucha, M|100/100
|turn|1
|
|t:|1757829459
|switch|p2a: Goodra|Goodra, M|100/100
|move|p1a: Hatterene|Draining Kiss|p2a: Goodra
|-supereffective|p2a: Goodra
|-damage|p2a: Goodra|81/100
|-ability|p2a: Goodra|Gooey
|-unboost|p1a: Hatterene|spe|1
|
|upkeep
|turn|2
|j| idiyat
|
|t:|1757829471
|move|p2a: Goodra|Sludge Wave|p1a: Hatterene
|-supereffective|p1a: Hatterene
|-damage|p1a: Hatterene|41/100
|move|p1a: Hatterene|Mystical Fire|p2a: Goodra
|-resisted|p2a: Goodra
|-damage|p2a: Goodra|77/100
|-unboost|p2a: Goodra|spa|1
|
|-heal|p1a: Hatterene|47/100|[from] item: Leftovers
|upkeep
|turn|3
|
|t:|1757829482
|move|p2a: Goodra|Sludge Wave|p1a: Hatterene
|-supereffective|p1a: Hatterene
|-crit|p1a: Hatterene
|-damage|p1a: Hatterene|0 fnt
|faint|p1a: Hatterene
|
|upkeep
|
|t:|1757829489
|switch|p1a: Gliscor|Gliscor, M|100/100
|turn|4
|
|t:|1757829501
|switch|p2a: Greninja|Greninja, M|100/100
|move|p1a: Gliscor|Swords Dance|p1a: Gliscor
|-boost|p1a: Gliscor|atk|2
|
|-status|p1a: Gliscor|tox|[from] item: Toxic Orb
|upkeep
|turn|5
|
|t:|1757829512
|-terastallize|p1a: Gliscor|Normal
|move|p2a: Greninja|Ice Beam|p1a: Gliscor
|-damage|p1a: Gliscor|71/100 tox
|-damage|p2a: Greninja|91/100|[from] item: Life Orb
|move|p1a: Gliscor|Agility|p1a: Gliscor
|-boost|p1a: Gliscor|spe|2
|
|-heal|p1a: Gliscor|83/100 tox|[from] ability: Poison Heal
|upkeep
|turn|6
|c|☆adinos|Lol
|
|t:|1757829520
|switch|p2a: Hawlucha|Hawlucha, M|100/100
|move|p1a: Gliscor|Facade|p2a: Hawlucha
|-damage|p2a: Hawlucha|0 fnt
|faint|p2a: Hawlucha
|
|-heal|p1a: Gliscor|96/100 tox|[from] ability: Poison Heal
|upkeep
|
|t:|1757829522
|switch|p2a: Noivern|Noivern, F|100/100
|turn|7
|c|☆d3proxd|Ded
|
|t:|1757829529
|move|p1a: Gliscor|Facade|p2a: Noivern
|-damage|p2a: Noivern|0 fnt
|faint|p2a: Noivern
|
|-heal|p1a: Gliscor|100/100 tox|[from] ability: Poison Heal
|upkeep
|
|t:|1757829532
|switch|p2a: Pikachu|Pikachu, F|100/100
|turn|8
|c|☆adinos|Dyt goodra can tank
|
|t:|1757829537
|move|p2a: Pikachu|Fake Out|p1a: Gliscor
|-damage|p1a: Gliscor|90/100 tox
|cant|p1a: Gliscor|flinch
|
|-heal|p1a: Gliscor|100/100 tox|[from] ability: Poison Heal
|upkeep
|turn|9
|
|t:|1757829542
|move|p1a: Gliscor|Facade|p2a: Pikachu
|-damage|p2a: Pikachu|0 fnt
|faint|p2a: Pikachu
|
|upkeep
|c|☆d3proxd|No
|
|t:|1757829547
|switch|p2a: Goodra|Goodra, M|77/100
|turn|10
|c|☆adinos|Pensive
|
|t:|1757829551
|move|p1a: Gliscor|Facade|p2a: Goodra
|-damage|p2a: Goodra|0 fnt
|-ability|p2a: Goodra|Gooey
|-unboost|p1a: Gliscor|spe|1
|faint|p2a: Goodra
|
|upkeep
|
|t:|1757829554
|switch|p2a: Talonflame|Talonflame, F|100/100
|turn|11
|c|☆adinos|Oh
|c|☆adinos|Gale wings
|c|☆adinos|Prio
|
|t:|1757829562
|move|p2a: Talonflame|Brave Bird|p1a: Gliscor
|-damage|p1a: Gliscor|69/100 tox
|-damage|p2a: Talonflame|89/100|[from] Recoil
|move|p1a: Gliscor|Facade|p2a: Talonflame
|-damage|p2a: Talonflame|0 fnt
|faint|p2a: Talonflame
|
|-heal|p1a: Gliscor|81/100 tox|[from] ability: Poison Heal
|upkeep
|c|☆adinos|Gg
|
|t:|1757829568
|switch|p2a: Greninja|Greninja, M|91/100
|turn|12
|
|t:|1757829570
|move|p1a: Gliscor|Facade|p2a: Greninja
|-damage|p2a: Greninja|0 fnt
|faint|p2a: Greninja
|
|win|adinos
|c|☆d3proxd|Gg
|c| idiyat|Lol
