|j|☆susumu808
|j|☆Liquid_kami
|t:|1757835098
|gametype|singles
|player|p1|susumu808|cyrus|1247
|player|p2|Liquid_kami|266|1316
|gen|9
|tier|[Gen 9] OU
|rated|
|rule|HP Percentage Mod: HP is shown in percentages
|rule|Endless Battle Clause: Forcing endless battles is banned
|rule|Species Clause: Limit one of each Pokémon
|rule|OHKO Clause: OHKO moves are banned
|rule|Evasion Items Clause: Evasion items are banned
|rule|Evasion Moves Clause: Evasion moves are banned
|rule|Evasion Abilities Clause: Evasion abilities are banned
|rule|Sleep Moves Clause: Sleep-inducing moves are banned
|clearpoke
|poke|p1|Blaziken, F|
|poke|p1|Serperior, F|
|poke|p1|Gyarados, M|
|poke|p1|Kommo-o, M|
|poke|p1|Dragonite, M|
|poke|p1|Deoxys-Defense|
|poke|p2|Glimmora, F|
|poke|p2|Landorus-Therian, M|
|poke|p2|Corviknight, M|
|poke|p2|Walking Wake|
|poke|p2|Iron Valiant|
|poke|p2|Sinistcha-Masterpiece|
|teampreview
|
|t:|1757835111
|teamsize|p1|6
|teamsize|p2|6
|start
|switch|p1a: Deoxys|Deoxys-Defense|100/100
|switch|p2a: Glimmora|Glimmora, F|100/100
|-ability|p1a: Deoxys|Pressure
|turn|1
|
|t:|1757835117
|-terastallize|p1a: Deoxys|Poison
|move|p2a: Glimmora|Stealth Rock|p1a: Deoxys
|-sidestart|p1: susumu808|move: Stealth Rock
|move|p1a: Deoxys|Agility|p1a: Deoxys
|-boost|p1a: Deoxys|spe|2
|
|upkeep
|turn|2
|
|t:|1757835122
|move|p1a: Deoxys|Cosmic Power|p1a: Deoxys
|-boost|p1a: Deoxys|def|1
|-boost|p1a: Deoxys|spd|1
|move|p2a: Glimmora|Earth Power|p1a: Deoxys
|-supereffective|p1a: Deoxys
|-damage|p1a: Deoxys|74/100
|
|-heal|p1a: Deoxys|80/100|[from] item: Leftovers
|upkeep
|turn|3
|
|t:|1757835131
|switch|p2a: Landorus|Landorus-Therian, M|100/100
|-ability|p2a: Landorus|Intimidate|boost
|-unboost|p1a: Deoxys|atk|1
|move|p1a: Deoxys|Cosmic Power|p1a: Deoxys
|-boost|p1a: Deoxys|def|1
|-boost|p1a: Deoxys|spd|1
|
|-heal|p1a: Deoxys|86/100|[from] item: Leftovers
|upkeep
|turn|4
|
|t:|1757835134
|-terastallize|p2a: Landorus|Ground
|move|p1a: Deoxys|Cosmic Power|p1a: Deoxys
|-boost|p1a: Deoxys|def|1
|-boost|p1a: Deoxys|spd|1
|move|p2a: Landorus|Earthquake|p1a: Deoxys
|-supereffective|p1a: Deoxys
|-damage|p1a: Deoxys|23/100
|
|-heal|p1a: Deoxys|29/100|[from] item: Leftovers
|upkeep
|turn|5
|
|t:|1757835138
|move|p1a: Deoxys|Recover|p1a: Deoxys
|-heal|p1a: Deoxys|79/100
|move|p2a: Landorus|Earthquake|p1a: Deoxys
|-supereffective|p1a: Deoxys
|-damage|p1a: Deoxys|17/100
|
|-heal|p1a: Deoxys|24/100|[from] item: Leftovers
|upkeep
|turn|6
|
|t:|1757835142
|move|p1a: Deoxys|Recover|p1a: Deoxys
|-heal|p1a: Deoxys|74/100
|move|p2a: Landorus|Earthquake|p1a: Deoxys
|-supereffective|p1a: Deoxys
|-damage|p1a: Deoxys|13/100
|
|-heal|p1a: Deoxys|19/100|[from] item: Leftovers
|upkeep
|turn|7
|
|t:|1757835145
|move|p1a: Deoxys|Recover|p1a: Deoxys
|-heal|p1a: Deoxys|69/100
|move|p2a: Landorus|Earthquake|p1a: Deoxys
|-supereffective|p1a: Deoxys
|-damage|p1a: Deoxys|9/100
|
|-heal|p1a: Deoxys|15/100|[from] item: Leftovers
|upkeep
|turn|8
|
|t:|1757835152
|move|p1a: Deoxys|Recover|p1a: Deoxys
|-heal|p1a: Deoxys|65/100
|move|p2a: Landorus|Earthquake|p1a: Deoxys
|-supereffective|p1a: Deoxys
|-damage|p1a: Deoxys|0 fnt
|faint|p1a: Deoxys
|
|upkeep
|
|t:|1757835155
|switch|p1a: Serperior|Serperior, F|100/100
|-damage|p1a: Serperior|88/100|[from] Stealth Rock
|turn|9
|inactive|Battle timer is ON: inactive players will automatically lose when time's up. (requested by susumu808)
|
|t:|1757835162
|move|p1a: Serperior|Leaf Storm|p2a: Landorus
|-supereffective|p2a: Landorus
|-damage|p2a: Landorus|0 fnt
|-boost|p1a: Serperior|spa|2
|faint|p2a: Landorus
|
|upkeep
|
|t:|1757835165
|switch|p2a: Glimmora|Glimmora, F|100/100
|turn|10
|
|t:|1757835176
|move|p1a: Serperior|Leaf Storm|p2a: Glimmora
|-enditem|p2a: Glimmora|Focus Sash
|-damage|p2a: Glimmora|1/100
|-boost|p1a: Serperior|spa|2
|move|p2a: Glimmora|Sludge Wave|p1a: Serperior
|-supereffective|p1a: Serperior
|-damage|p1a: Serperior|0 fnt
|faint|p1a: Serperior
|
|upkeep
|
|t:|1757835186
|switch|p1a: Gyarados|Gyarados, M|100/100
|-damage|p1a: Gyarados|75/100|[from] Stealth Rock
|turn|11
|
|t:|1757835196
|move|p2a: Glimmora|Sludge Wave|p1a: Gyarados
|-damage|p1a: Gyarados|22/100
|move|p1a: Gyarados|Dragon Dance|p1a: Gyarados
|-boost|p1a: Gyarados|atk|1
|-boost|p1a: Gyarados|spe|1
|
|upkeep
|turn|12
|
|t:|1757835198
|move|p1a: Gyarados|Waterfall|p2a: Glimmora
|-supereffective|p2a: Glimmora
|-crit|p2a: Glimmora
|-damage|p2a: Glimmora|0 fnt
|-activate|p2a: Glimmora|ability: Toxic Debris
|-sidestart|p1: susumu808|move: Toxic Spikes
|faint|p2a: Glimmora
|-ability|p1a: Gyarados|Moxie|boost
|-boost|p1a: Gyarados|atk|1
|
|upkeep
|
|t:|1757835200
|switch|p2a: Corviknight|Corviknight, M|100/100
|turn|13
|
|t:|1757835204
|move|p1a: Gyarados|Waterfall|p2a: Corviknight
|-damage|p2a: Corviknight|52/100
|-damage|p1a: Gyarados|5/100|[from] item: Rocky Helmet|[of] p2a: Corviknight
|cant|p2a: Corviknight|flinch
|
|upkeep
|turn|14
|
|t:|1757835212
|move|p1a: Gyarados|Waterfall|p2a: Corviknight
|-damage|p2a: Corviknight|1/100
|-damage|p1a: Gyarados|0 fnt|[from] item: Rocky Helmet|[of] p2a: Corviknight
|faint|p1a: Gyarados
|move|p2a: Corviknight|Roost|p2a: Corviknight
|-heal|p2a: Corviknight|51/100
|-singleturn|p2a: Corviknight|move: Roost
|
|upkeep
|
|t:|1757835218
|switch|p1a: Kommo-o|Kommo-o, M|100/100
|-damage|p1a: Kommo-o|94/100|[from] Stealth Rock
|-status|p1a: Kommo-o|psn
|turn|15
|
|t:|1757835227
|move|p1a: Kommo-o|Clangorous Soul|p1a: Kommo-o
|-boost|p1a: Kommo-o|atk|1
|-boost|p1a: Kommo-o|def|1
|-boost|p1a: Kommo-o|spa|1
|-boost|p1a: Kommo-o|spd|1
|-boost|p1a: Kommo-o|spe|1
|-damage|p1a: Kommo-o|61/100 psn
|move|p2a: Corviknight|U-turn|p1a: Kommo-o
|-resisted|p1a: Kommo-o
|-damage|p1a: Kommo-o|57/100 psn
|
|t:|1757835231
|switch|p2a: Iron Valiant|Iron Valiant|100/100|[from] U-turn
|-enditem|p2a: Iron Valiant|Booster Energy
|-activate|p2a: Iron Valiant|ability: Quark Drive|[fromitem]
|-start|p2a: Iron Valiant|quarkdrivespe
|
|-damage|p1a: Kommo-o|44/100 psn|[from] psn
|upkeep
|turn|16
|
|t:|1757835237
|move|p2a: Iron Valiant|Swords Dance|p2a: Iron Valiant
|-boost|p2a: Iron Valiant|atk|2
|move|p1a: Kommo-o|Poison Jab|p2a: Iron Valiant
|-supereffective|p2a: Iron Valiant
|-damage|p2a: Iron Valiant|2/100
|
|-damage|p1a: Kommo-o|32/100 psn|[from] psn
|upkeep
|turn|17
|
|t:|1757835243
|move|p2a: Iron Valiant|Close Combat|p1a: Kommo-o
|-damage|p1a: Kommo-o|0 fnt
|-unboost|p2a: Iron Valiant|def|1
|-unboost|p2a: Iron Valiant|spd|1
|faint|p1a: Kommo-o
|
|upkeep
|
|t:|1757835244
|switch|p1a: Dragonite|Dragonite, M, shiny|100/100
|-damage|p1a: Dragonite|75/100|[from] Stealth Rock
|turn|18
|
|t:|1757835247
|move|p1a: Dragonite|Extreme Speed|p2a: Iron Valiant
|-damage|p2a: Iron Valiant|0 fnt
|faint|p2a: Iron Valiant
|-end|p2a: Iron Valiant|Quark Drive|[silent]
|
|-heal|p1a: Dragonite|82/100|[from] item: Leftovers
|upkeep
|
|t:|1757835249
|switch|p2a: Corviknight|Corviknight, M|51/100
|turn|19
|
|t:|1757835253
|move|p1a: Dragonite|Dragon Dance|p1a: Dragonite
|-boost|p1a: Dragonite|atk|1
|-boost|p1a: Dragonite|spe|1
|move|p2a: Corviknight|Roost|p2a: Corviknight
|-heal|p2a: Corviknight|100/100
|-singleturn|p2a: Corviknight|move: Roost
|
|-heal|p1a: Dragonite|88/100|[from] item: Leftovers
|upkeep
|turn|20
|
|t:|1757835267
|move|p1a: Dragonite|Dragon Dance|p1a: Dragonite
|-boost|p1a: Dragonite|atk|1
|-boost|p1a: Dragonite|spe|1
|move|p2a: Corviknight|U-turn|p1a: Dragonite
|-resisted|p1a: Dragonite
|-damage|p1a: Dragonite|81/100
|
|t:|1757835270
|switch|p2a: Walking Wake|Walking Wake|100/100|[from] U-turn
|
|-heal|p1a: Dragonite|87/100|[from] item: Leftovers
|upkeep
|turn|21
|
|t:|1757835280
|move|p1a: Dragonite|Earthquake|p2a: Walking Wake
|-crit|p2a: Walking Wake
|-damage|p2a: Walking Wake|0 fnt
|faint|p2a: Walking Wake
|-end|p2a: Walking Wake|Protosynthesis|[silent]
|
|-heal|p1a: Dragonite|93/100|[from] item: Leftovers
|upkeep
|
|t:|1757835284
|switch|p2a: Corviknight|Corviknight, M|100/100
|turn|22
|
|t:|1757835287
|move|p1a: Dragonite|Dragon Dance|p1a: Dragonite
|-boost|p1a: Dragonite|atk|1
|-boost|p1a: Dragonite|spe|1
|move|p2a: Corviknight|U-turn|p1a: Dragonite
|-resisted|p1a: Dragonite
|-damage|p1a: Dragonite|85/100
|
|t:|1757835288
|switch|p2a: Sinistcha|Sinistcha-Masterpiece|100/100|[from] U-turn
|
|-heal|p1a: Dragonite|91/100|[from] item: Leftovers
|upkeep
|turn|23
|
|t:|1757835292
|move|p1a: Dragonite|Dragon Dance|p1a: Dragonite
|-boost|p1a: Dragonite|atk|1
|-boost|p1a: Dragonite|spe|1
|move|p2a: Sinistcha|Strength Sap|p1a: Dragonite
|-unboost|p1a: Dragonite|atk|1
|
|-heal|p1a: Dragonite|97/100|[from] item: Leftovers
|upkeep
|turn|24
|
|t:|1757835300
|move|p1a: Dragonite|Dragon Dance|p1a: Dragonite
|-boost|p1a: Dragonite|atk|1
|-boost|p1a: Dragonite|spe|1
|move|p2a: Sinistcha|Strength Sap|p1a: Dragonite
|-unboost|p1a: Dragonite|atk|1
|
|-heal|p1a: Dragonite|100/100|[from] item: Leftovers
|upkeep
|turn|25
|
|t:|1757835306
|move|p1a: Dragonite|Dragon Dance|p1a: Dragonite
|-boost|p1a: Dragonite|atk|1
|-boost|p1a: Dragonite|spe|1
|move|p2a: Sinistcha|Strength Sap|p1a: Dragonite
|-unboost|p1a: Dragonite|atk|1
|
|upkeep
|turn|26
|
|t:|1757835311
|move|p1a: Dragonite|Dragon Dance|p1a: Dragonite
|-boost|p1a: Dragonite|atk|1
|-boost|p1a: Dragonite|spe|0
|move|p2a: Sinistcha|Strength Sap|p1a: Dragonite
|-unboost|p1a: Dragonite|atk|1
|
|upkeep
|turn|27
|
|t:|1757835329
|move|p1a: Dragonite|Dragon Dance|p1a: Dragonite
|-boost|p1a: Dragonite|atk|1
|-boost|p1a: Dragonite|spe|0
|move|p2a: Sinistcha|Matcha Gotcha|p1a: Dragonite
|-resisted|p1a: Dragonite
|-damage|p1a: Dragonite|96/100
|-status|p1a: Dragonite|brn
|
|-heal|p1a: Dragonite|100/100 brn|[from] item: Leftovers
|-damage|p1a: Dragonite|94/100 brn|[from] brn
|upkeep
|turn|28
|
|t:|1757835333
|move|p1a: Dragonite|Dragon Dance|p1a: Dragonite
|-boost|p1a: Dragonite|atk|1
|-boost|p1a: Dragonite|spe|0
|move|p2a: Sinistcha|Strength Sap|p1a: Dragonite
|-unboost|p1a: Dragonite|atk|1
|
|-heal|p1a: Dragonite|100/100 brn|[from] item: Leftovers
|-damage|p1a: Dragonite|94/100 brn|[from] brn
|upkeep
|turn|29
|
|t:|1757835336
|move|p1a: Dragonite|Dragon Dance|p1a: Dragonite
|-boost|p1a: Dragonite|atk|1
|-boost|p1a: Dragonite|spe|0
|move|p2a: Sinistcha|Strength Sap|p1a: Dragonite
|-unboost|p1a: Dragonite|atk|1
|
|-heal|p1a: Dragonite|100/100 brn|[from] item: Leftovers
|-damage|p1a: Dragonite|94/100 brn|[from] brn
|upkeep
|turn|30
|
|t:|1757835339
|move|p1a: Dragonite|Dragon Dance|p1a: Dragonite
|-boost|p1a: Dragonite|atk|1
|-boost|p1a: Dragonite|spe|0
|move|p2a: Sinistcha|Shadow Ball|p1a: Dragonite
|-damage|p1a: Dragonite|57/100 brn
|-unboost|p1a: Dragonite|spd|1
|
|-heal|p1a: Dragonite|63/100 brn|[from] item: Leftovers
|-damage|p1a: Dragonite|57/100 brn|[from] brn
|upkeep
|turn|31
|
|t:|1757835341
|move|p1a: Dragonite|Dragon Dance|p1a: Dragonite
|-boost|p1a: Dragonite|atk|1
|-boost|p1a: Dragonite|spe|0
|move|p2a: Sinistcha|Shadow Ball|p1a: Dragonite
|-crit|p1a: Dragonite
|-damage|p1a: Dragonite|0 fnt
|faint|p1a: Dragonite
|
|upkeep
|
|t:|1757835343
|switch|p1a: Blaziken|Blaziken, F, shiny|100/100
|-damage|p1a: Blaziken|88/100|[from] Stealth Rock
|-status|p1a: Blaziken|psn
|turn|32
|
|t:|1757835347
|move|p1a: Blaziken|Swords Dance|p1a: Blaziken
|-boost|p1a: Blaziken|atk|2
|move|p2a: Sinistcha|Strength Sap|p1a: Blaziken
|-unboost|p1a: Blaziken|atk|1
|
|-damage|p1a: Blaziken|76/100 psn|[from] psn
|-ability|p1a: Blaziken|Speed Boost|boost
|-boost|p1a: Blaziken|spe|1
|upkeep
|turn|33
|
|t:|1757835350
|move|p1a: Blaziken|Earthquake|p2a: Sinistcha
|-resisted|p2a: Sinistcha
|-damage|p2a: Sinistcha|85/100
|move|p2a: Sinistcha|Strength Sap|p1a: Blaziken
|-unboost|p1a: Blaziken|atk|1
|-heal|p2a: Sinistcha|100/100
|
|-damage|p1a: Blaziken|64/100 psn|[from] psn
|-ability|p1a: Blaziken|Speed Boost|boost
|-boost|p1a: Blaziken|spe|1
|upkeep
|turn|34
|
|t:|1757835354
|move|p1a: Blaziken|Earthquake|p2a: Sinistcha
|-resisted|p2a: Sinistcha
|-damage|p2a: Sinistcha|89/100
|move|p2a: Sinistcha|Shadow Ball|p1a: Blaziken
|-damage|p1a: Blaziken|14/100 psn
|
|-damage|p1a: Blaziken|2/100 psn|[from] psn
|-ability|p1a: Blaziken|Speed Boost|boost
|-boost|p1a: Blaziken|spe|1
|upkeep
|turn|35
|
|t:|1757835356
|switch|p2a: Corviknight|Corviknight, M|100/100
|move|p1a: Blaziken|Earthquake|p2a: Corviknight
|-immune|p2a: Corviknight
|
|-damage|p1a: Blaziken|0 fnt|[from] psn
|faint|p1a: Blaziken
|
|win|Liquid_kami
|raw|susumu808's rating: 1247 &rarr; <strong>1227</strong><br />(-20 for losing)
|raw|Liquid_kami's rating: 1316 &rarr; <strong>1332</strong><br />(+16 for winning)
|l|☆Liquid_kami
|player|p2|
|l|☆susumu808
|player|p1|
