|j|☆Zethful_LW
|j|☆tatacool
|t:|1757839285
|gametype|singles
|player|p1|Zethful_LW|liza|1140
|player|p2|tatacool|170|1124
|gen|9
|tier|[Gen 9] OU
|rated|
|rule|HP Percentage Mod: HP is shown in percentages
|rule|Endless Battle Clause: Forcing endless battles is banned
|rule|Species Clause: Limit one of each Pokémon
|rule|OHKO Clause: OHKO moves are banned
|rule|Evasion Items Clause: Evasion items are banned
|rule|Evasion Moves Clause: Evasion moves are banned
|rule|Evasion Abilities Clause: Evasion abilities are banned
|rule|Sleep Moves Clause: Sleep-inducing moves are banned
|clearpoke
|poke|p1|Darkrai|
|poke|p1|Pecharunt|
|poke|p1|Slowking, M|
|poke|p1|Zamazenta-*|
|poke|p1|Landorus-Therian, M|
|poke|p1|Cinderace, F|
|poke|p2|Alomomola, F|
|poke|p2|Slaking, M|
|poke|p2|Cinccino, F|
|poke|p2|Great Tusk|
|poke|p2|Walking Wake|
|poke|p2|Ninetales, M|
|teampreview
|inactive|Battle timer is ON: inactive players will automatically lose when time's up. (requested by Zethful_LW)
|
|t:|1757839312
|teamsize|p1|6
|teamsize|p2|6
|start
|switch|p1a: Landorus|Landorus-Therian, M|100/100
|switch|p2a: Ninetales|Ninetales, M, shiny|100/100
|-ability|p1a: Landorus|Intimidate|boost
|-unboost|p2a: Ninetales|atk|1
|-weather|SunnyDay|[from] ability: Drought|[of] p2a: Ninetales
|turn|1
|
|t:|1757839321
|move|p1a: Landorus|Earthquake|p2a: Ninetales
|-supereffective|p2a: Ninetales
|-damage|p2a: Ninetales|0 fnt
|faint|p2a: Ninetales
|
|-weather|SunnyDay|[upkeep]
|upkeep
|
|t:|1757839328
|switch|p2a: Great Tusk|Great Tusk|100/100
|-activate|p2a: Great Tusk|ability: Protosynthesis
|-start|p2a: Great Tusk|protosynthesisdef
|turn|2
|
|t:|1757839335
|switch|p1a: Pecharunt|Pecharunt|100/100
|move|p2a: Great Tusk|Stealth Rock|p1a: Pecharunt
|-sidestart|p1: Zethful_LW|move: Stealth Rock
|
|-weather|SunnyDay|[upkeep]
|upkeep
|turn|3
|
|t:|1757839347
|move|p1a: Pecharunt|Malignant Chain|p2a: Great Tusk
|-resisted|p2a: Great Tusk
|-damage|p2a: Great Tusk|81/100
|move|p2a: Great Tusk|Earthquake|p1a: Pecharunt
|-supereffective|p1a: Pecharunt
|-damage|p1a: Pecharunt|50/100
|
|-weather|SunnyDay|[upkeep]
|upkeep
|turn|4
|
|t:|1757839360
|move|p1a: Pecharunt|Parting Shot|p2a: Great Tusk
|-unboost|p2a: Great Tusk|atk|1
|-unboost|p2a: Great Tusk|spa|1
|
|t:|1757839363
|switch|p1a: Landorus|Landorus-Therian, M|100/100|[from] Parting Shot
|-damage|p1a: Landorus|88/100|[from] Stealth Rock
|-ability|p1a: Landorus|Intimidate|boost
|-unboost|p2a: Great Tusk|atk|1
|move|p2a: Great Tusk|Earthquake|p1a: Landorus
|-immune|p1a: Landorus
|
|-weather|SunnyDay|[upkeep]
|upkeep
|turn|5
|
|t:|1757839387
|move|p1a: Landorus|Earthquake|p2a: Great Tusk
|-damage|p2a: Great Tusk|60/100
|move|p2a: Great Tusk|Roar|p1a: Landorus
|drag|p1a: Zamazenta|Zamazenta|100/100
|-damage|p1a: Zamazenta|94/100|[from] Stealth Rock
|-ability|p1a: Zamazenta|Dauntless Shield|boost
|-boost|p1a: Zamazenta|def|1
|
|-weather|SunnyDay|[upkeep]
|-heal|p1a: Zamazenta|100/100|[from] item: Leftovers
|upkeep
|turn|6
|
|t:|1757839406
|move|p1a: Zamazenta|Iron Defense|p1a: Zamazenta
|-boost|p1a: Zamazenta|def|2
|move|p2a: Great Tusk|Roar|p1a: Zamazenta
|drag|p1a: Landorus|Landorus-Therian, M|88/100
|-damage|p1a: Landorus|76/100|[from] Stealth Rock
|-ability|p1a: Landorus|Intimidate|boost
|-unboost|p2a: Great Tusk|atk|1
|
|-weather|SunnyDay|[upkeep]
|upkeep
|turn|7
|inactive|Zethful_LW has 120 seconds left.
|
|t:|1757839423
|-end|p2a: Great Tusk|Protosynthesis|[silent]
|switch|p2a: Alomomola|Alomomola, F, shiny|100/100
|move|p1a: Landorus|Earthquake|p2a: Alomomola
|-damage|p2a: Alomomola|69/100
|
|-weather|SunnyDay|[upkeep]
|upkeep
|turn|8
|
|t:|1757839432
|switch|p1a: Slowking|Slowking, M|100/100
|move|p2a: Alomomola|Wish|p2a: Alomomola
|
|-weather|none
|upkeep
|turn|9
|
|t:|1757839439
|move|p2a: Alomomola|Flip Turn|p1a: Slowking
|-resisted|p1a: Slowking
|-damage|p1a: Slowking|94/100
|
|t:|1757839442
|switch|p2a: Great Tusk|Great Tusk|60/100|[from] Flip Turn
|move|p1a: Slowking|Thunder Wave|p2a: Great Tusk
|-immune|p2a: Great Tusk
|
|-heal|p2a: Great Tusk|100/100|[from] move: Wish|[wisher] Alomomola
|upkeep
|turn|10
|
|t:|1757839452
|move|p1a: Slowking|Future Sight|p2a: Great Tusk
|-start|p1a: Slowking|move: Future Sight
|move|p2a: Great Tusk|Roar|p1a: Slowking
|drag|p1a: Zamazenta|Zamazenta|100/100
|-damage|p1a: Zamazenta|94/100|[from] Stealth Rock
|
|-heal|p1a: Zamazenta|100/100|[from] item: Leftovers
|upkeep
|turn|11
|
|t:|1757839462
|-end|p2a: Great Tusk|Protosynthesis|[silent]
|switch|p2a: Alomomola|Alomomola, F, shiny|100/100
|move|p1a: Zamazenta|Iron Defense|p1a: Zamazenta
|-boost|p1a: Zamazenta|def|2
|
|upkeep
|turn|12
|
|t:|1757839473
|move|p1a: Zamazenta|Body Press|p2a: Alomomola
|-damage|p2a: Alomomola|62/100
|move|p2a: Alomomola|Mirror Coat||[still]
|-fail|p2a: Alomomola
|
|-end|p2a: Alomomola|move: Future Sight
|-damage|p2a: Alomomola|16/100
|upkeep
|turn|13
|
|t:|1757839492
|move|p1a: Zamazenta|Body Press|p2a: Alomomola
|-damage|p2a: Alomomola|0 fnt
|faint|p2a: Alomomola
|
|upkeep
|
|t:|1757839494
|switch|p2a: Walking Wake|Walking Wake|100/100
|turn|14
|inactive|Zethful_LW has 120 seconds left.
|
|t:|1757839529
|-terastallize|p2a: Walking Wake|Fairy
|move|p2a: Walking Wake|Tera Blast|p1a: Zamazenta|[anim] Tera Blast Fairy
|-supereffective|p1a: Zamazenta
|-damage|p1a: Zamazenta|22/100
|move|p1a: Zamazenta|Body Press|p2a: Walking Wake
|-resisted|p2a: Walking Wake
|-damage|p2a: Walking Wake|60/100
|
|-heal|p1a: Zamazenta|28/100|[from] item: Leftovers
|upkeep
|turn|15
|inactive|Zethful_LW has 120 seconds left.
|
|t:|1757839557
|-terastallize|p1a: Zamazenta|Fighting
|move|p2a: Walking Wake|Tera Blast|p1a: Zamazenta|[anim] Tera Blast Fairy
|-supereffective|p1a: Zamazenta
|-damage|p1a: Zamazenta|0 fnt
|faint|p1a: Zamazenta
|
|upkeep
|
|t:|1757839586
|switch|p1a: Slowking|Slowking, M|100/100
|turn|16
|
|t:|1757839595
|-end|p2a: Walking Wake|Protosynthesis|[silent]
|switch|p2a: Slaking|Slaking, M|100/100
|move|p1a: Slowking|Thunder Wave|p2a: Slaking
|-status|p2a: Slaking|par
|
|upkeep
|turn|17
|
|t:|1757839602
|move|p2a: Slaking|Knock Off|p1a: Slowking
|-supereffective|p1a: Slowking
|-damage|p1a: Slowking|0 fnt
|-enditem|p1a: Slowking|Heavy-Duty Boots|[from] move: Knock Off|[of] p2a: Slaking
|faint|p1a: Slowking
|
|upkeep
|
|t:|1757839614
|switch|p1a: Cinderace|Cinderace, F|100/100
|-damage|p1a: Cinderace|76/100|[from] Stealth Rock
|turn|18
|
|t:|1757839619
|switch|p2a: Great Tusk|Great Tusk|100/100
|move|p1a: Cinderace|High Jump Kick|p2a: Great Tusk|[miss]
|-miss|p1a: Cinderace|p2a: Great Tusk
|-damage|p1a: Cinderace|26/100|[from] highjumpkick
|
|upkeep
|turn|19
|inactive|Zethful_LW has 120 seconds left.
|
|t:|1757839630
|switch|p1a: Landorus|Landorus-Therian, M|76/100
|-damage|p1a: Landorus|64/100|[from] Stealth Rock
|-ability|p1a: Landorus|Intimidate|boost
|-unboost|p2a: Great Tusk|atk|1
|move|p2a: Great Tusk|Roar|p1a: Landorus
|drag|p1a: Darkrai|Darkrai|100/100
|-damage|p1a: Darkrai|88/100|[from] Stealth Rock
|
|upkeep
|turn|20
|inactive|Zethful_LW has 120 seconds left.
|
|t:|1757839641
|move|p1a: Darkrai|Ice Beam|p2a: Great Tusk
|-supereffective|p2a: Great Tusk
|-damage|p2a: Great Tusk|11/100
|move|p2a: Great Tusk|Roar|p1a: Darkrai
|drag|p1a: Landorus|Landorus-Therian, M|64/100
|-damage|p1a: Landorus|52/100|[from] Stealth Rock
|-ability|p1a: Landorus|Intimidate|boost
|-unboost|p2a: Great Tusk|atk|1
|
|upkeep
|turn|21
|inactive|Zethful_LW has 120 seconds left.
|
|t:|1757839654
|move|p1a: Landorus|Earthquake|p2a: Great Tusk
|-damage|p2a: Great Tusk|0 fnt
|faint|p2a: Great Tusk
|-end|p2a: Great Tusk|Protosynthesis|[silent]
|
|upkeep
|
|t:|1757839661
|switch|p2a: Walking Wake|Walking Wake, tera:Fairy|60/100
|turn|22
|
|t:|1757839667
|move|p2a: Walking Wake|Hydro Steam|p1a: Landorus
|-supereffective|p1a: Landorus
|-damage|p1a: Landorus|0 fnt
|faint|p1a: Landorus
|
|upkeep
|
|t:|1757839675
|switch|p1a: Darkrai|Darkrai|88/100
|-damage|p1a: Darkrai|76/100|[from] Stealth Rock
|turn|23
|
|t:|1757839679
|move|p2a: Walking Wake|Hydro Steam|p1a: Darkrai
|-damage|p1a: Darkrai|21/100
|move|p1a: Darkrai|Sludge Bomb|p2a: Walking Wake
|-supereffective|p2a: Walking Wake
|-damage|p2a: Walking Wake|0 fnt
|faint|p2a: Walking Wake
|-end|p2a: Walking Wake|Protosynthesis|[silent]
|
|upkeep
|
|t:|1757839690
|switch|p2a: Slaking|Slaking, M|100/100 par
|turn|24
|
|t:|1757839695
|move|p1a: Darkrai|Dark Pulse|p2a: Slaking
|-crit|p2a: Slaking
|-damage|p2a: Slaking|32/100 par
|cant|p2a: Slaking|flinch
|
|upkeep
|turn|25
|
|t:|1757839701
|cant|p2a: Slaking|ability: Truant
|move|p1a: Darkrai|Dark Pulse|p2a: Slaking
|-damage|p2a: Slaking|0 fnt
|faint|p2a: Slaking
|
|upkeep
|
|t:|1757839703
|switch|p2a: Cinccino|Cinccino, F|100/100
|turn|26
|
|t:|1757839711
|switch|p1a: Pecharunt|Pecharunt|50/100
|move|p2a: Cinccino|Tail Slap|p1a: Pecharunt
|-immune|p1a: Pecharunt
|
|upkeep
|turn|27
|
|t:|1757839717
|move|p2a: Cinccino|Tidy Up|p2a: Cinccino
|-sideend|p1: Zethful_LW|Stealth Rock
|-activate|p2a: Cinccino|move: Tidy Up
|-boost|p2a: Cinccino|atk|1
|-boost|p2a: Cinccino|spe|1
|move|p1a: Pecharunt|Malignant Chain|p2a: Cinccino
|-damage|p2a: Cinccino|45/100
|
|upkeep
|turn|28
|
|t:|1757839726
|move|p2a: Cinccino|Rock Blast|p1a: Pecharunt
|-damage|p1a: Pecharunt|40/100
|-damage|p1a: Pecharunt|31/100
|-damage|p1a: Pecharunt|22/100
|-damage|p1a: Pecharunt|12/100
|-hitcount|p1a: Pecharunt|4
|move|p1a: Pecharunt|Malignant Chain|p2a: Cinccino
|-damage|p2a: Cinccino|0 fnt
|faint|p2a: Cinccino
|
|win|Zethful_LW
|raw|Zethful_LW's rating: 1140 &rarr; <strong>1164</strong><br />(+24 for winning)
|raw|tatacool's rating: 1124 &rarr; <strong>1100</strong><br />(-24 for losing)
|l|☆tatacool
|player|p2|
|l|☆Zethful_LW
|player|p1|
