|j|☆ncdr
|j|☆hungrymane
|t:|1757842602
|gametype|singles
|player|p1|ncdr|flannery|1591
|player|p2|hungrymane|101|1648
|gen|9
|tier|[Gen 9] OU
|rated|
|rule|HP Percentage Mod: HP is shown in percentages
|rule|Endless Battle Clause: Forcing endless battles is banned
|rule|Species Clause: Limit one of each Pokémon
|rule|OHKO Clause: OHKO moves are banned
|rule|Evasion Items Clause: Evasion items are banned
|rule|Evasion Moves Clause: Evasion moves are banned
|rule|Evasion Abilities Clause: Evasion abilities are banned
|rule|Sleep Moves Clause: Sleep-inducing moves are banned
|clearpoke
|poke|p1|Hydreigon, F|
|poke|p1|Great Tusk|
|poke|p1|Tyranitar, F|
|poke|p1|Moltres|
|poke|p1|Ninetales-Alola, M|
|poke|p1|Kingambit, M|
|poke|p2|Serperior, M|
|poke|p2|Gholdengo|
|poke|p2|Tentacruel, M|
|poke|p2|Landorus-Therian, M|
|poke|p2|Tinkaton, F|
|poke|p2|Zapdos|
|teampreview
|
|t:|1757842645
|teamsize|p1|6
|teamsize|p2|6
|start
|switch|p1a: Great Tusk|Great Tusk|100/100
|switch|p2a: Tentacruel|Tentacruel, M|100/100
|turn|1
|inactive|Battle timer is ON: inactive players will automatically lose when time's up. (requested by ncdr)
|
|t:|1757842651
|-terastallize|p2a: Tentacruel|Water
|move|p1a: Great Tusk|Headlong Rush|p2a: Tentacruel
|-damage|p2a: Tentacruel|16/100
|-unboost|p1a: Great Tusk|def|1
|-unboost|p1a: Great Tusk|spd|1
|move|p2a: Tentacruel|Surf|p1a: Great Tusk
|-supereffective|p1a: Great Tusk
|-damage|p1a: Great Tusk|0 fnt
|faint|p1a: Great Tusk
|-end|p1a: Great Tusk|Protosynthesis|[silent]
|
|upkeep
|c|☆hungrymane|Easiest click of my LIFEZ
|inactive|ncdr has 120 seconds left.
|inactive|ncdr has 90 seconds left.
|
|t:|1757842712
|switch|p1a: Ninetales|Ninetales-Alola, M, shiny|100/100
|-weather|Snowscape|[from] ability: Snow Warning|[of] p1a: Ninetales
|turn|2
|
|t:|1757842718
|switch|p2a: Tinkaton|Tinkaton, F|100/100
|-ability|p2a: Tinkaton|Mold Breaker
|move|p1a: Ninetales|Aurora Veil|p1a: Ninetales
|-sidestart|p1: ncdr|move: Aurora Veil
|
|-weather|Snowscape|[upkeep]
|upkeep
|turn|3
|inactive|ncdr has 120 seconds left.
|
|t:|1757842749
|switch|p1a: Moltres|Moltres|100/100
|move|p2a: Tinkaton|Stealth Rock|p1a: Moltres
|-sidestart|p1: ncdr|move: Stealth Rock
|
|-weather|Snowscape|[upkeep]
|upkeep
|turn|4
|inactive|hungrymane has 120 seconds left.
|
|t:|1757842790
|move|p2a: Tinkaton|Knock Off|p1a: Moltres
|-damage|p1a: Moltres|94/100
|-enditem|p1a: Moltres|Heavy-Duty Boots|[from] move: Knock Off|[of] p2a: Tinkaton
|move|p1a: Moltres|Air Slash|p2a: Tinkaton
|-resisted|p2a: Tinkaton
|-damage|p2a: Tinkaton|89/100
|
|-weather|Snowscape|[upkeep]
|-heal|p2a: Tinkaton|95/100|[from] item: Leftovers
|upkeep
|turn|5
|
|t:|1757842797
|move|p2a: Tinkaton|Encore|p1a: Moltres
|-start|p1a: Moltres|Encore
|move|p1a: Moltres|Air Slash|p2a: Tinkaton
|-resisted|p2a: Tinkaton
|-damage|p2a: Tinkaton|84/100
|
|-weather|Snowscape|[upkeep]
|-heal|p2a: Tinkaton|90/100|[from] item: Leftovers
|upkeep
|turn|6
|
|t:|1757842804
|switch|p2a: Landorus|Landorus-Therian, M|100/100
|-ability|p2a: Landorus|Intimidate|boost
|-unboost|p1a: Moltres|atk|1
|switch|p1a: Hydreigon|Hydreigon, F|100/100
|-damage|p1a: Hydreigon|88/100|[from] Stealth Rock
|
|-weather|none
|-heal|p1a: Hydreigon|94/100|[from] item: Leftovers
|upkeep
|turn|7
|l|☆ncdr
|inactive|ncdr disconnected and has a minute to reconnect!
|player|p1|
|inactive|ncdr has 30 seconds to reconnect!
|inactive|ncdr has 20 seconds to reconnect!
|inactive|ncdr has 15 seconds to reconnect!
|inactive|ncdr has 10 seconds to reconnect!
|inactive|ncdr has 5 seconds to reconnect!
|-message|ncdr lost due to inactivity.
|
|win|hungrymane
|raw|ncdr's rating: 1591 &rarr; <strong>1574</strong><br />(-17 for losing)
|raw|hungrymane's rating: 1648 &rarr; <strong>1665</strong><br />(+17 for winning)
