|j|☆cvgtf
|j|☆henryallain
|t:|1757867258
|gametype|singles
|player|p1|cvgtf|265|1262
|player|p2|henryallain|266|1241
|gen|9
|tier|[Gen 9] OU
|rated|
|rule|HP Percentage Mod: HP is shown in percentages
|rule|Endless Battle Clause: Forcing endless battles is banned
|rule|Species Clause: Limit one of each Pokémon
|rule|OHKO Clause: OHKO moves are banned
|rule|Evasion Items Clause: Evasion items are banned
|rule|Evasion Moves Clause: Evasion moves are banned
|rule|Evasion Abilities Clause: Evasion abilities are banned
|rule|Sleep Moves Clause: Sleep-inducing moves are banned
|clearpoke
|poke|p1|Scyther, F|
|poke|p1|Salamence, F|
|poke|p1|Armarouge, F|
|poke|p1|Mamoswine, M|
|poke|p1|Cyclizar, M|
|poke|p1|Empoleon, F|
|poke|p2|Dachsbun, M|
|poke|p2|Corviknight, F|
|poke|p2|Umbreon, F|
|poke|p2|Ribombee, M|
|poke|p2|Hoopa-Unbound|
|poke|p2|Arcanine-Hisui, M|
|teampreview
|
|t:|1757867270
|teamsize|p1|6
|teamsize|p2|6
|start
|switch|p1a: Cyclizar|Cyclizar, M|100/100
|switch|p2a: Arcanine|Arcanine-Hisui, M|100/100
|turn|1
|inactive|Battle timer is ON: inactive players will automatically lose when time's up. (requested by henryallain)
|
|t:|1757867276
|move|p2a: Arcanine|Close Combat|p1a: Cyclizar
|-supereffective|p1a: Cyclizar
|-damage|p1a: Cyclizar|0 fnt
|-unboost|p2a: Arcanine|def|1
|-unboost|p2a: Arcanine|spd|1
|faint|p1a: Cyclizar
|
|upkeep
|
|t:|1757867284
|switch|p1a: Armarouge|Armarouge, F|100/100
|turn|2
|
|t:|1757867290
|switch|p2a: Dachsbun|Dachsbun, M|100/100
|move|p1a: Armarouge|Armor Cannon|p2a: Dachsbun
|-ability|p2a: Dachsbun|Well-Baked Body|boost
|-boost|p2a: Dachsbun|def|2
|
|upkeep
|turn|3
|
|t:|1757867304
|move|p1a: Armarouge|Psyshock|p2a: Dachsbun
|-damage|p2a: Dachsbun|85/100
|move|p2a: Dachsbun|Body Press|p1a: Armarouge
|-resisted|p1a: Armarouge
|-damage|p1a: Armarouge|69/100
|-ability|p1a: Armarouge|Weak Armor|boost
|-unboost|p1a: Armarouge|def|1
|-boost|p1a: Armarouge|spe|2
|
|-heal|p2a: Dachsbun|91/100|[from] item: Leftovers
|upkeep
|turn|4
|
|t:|1757867318
|move|p1a: Armarouge|Aura Sphere|p2a: Dachsbun
|-resisted|p2a: Dachsbun
|-damage|p2a: Dachsbun|74/100
|move|p2a: Dachsbun|Body Press|p1a: Armarouge
|-resisted|p1a: Armarouge
|-damage|p1a: Armarouge|21/100
|-ability|p1a: Armarouge|Weak Armor|boost
|-unboost|p1a: Armarouge|def|1
|-boost|p1a: Armarouge|spe|2
|
|-heal|p2a: Dachsbun|80/100|[from] item: Leftovers
|upkeep
|turn|5
|
|t:|1757867330
|move|p1a: Armarouge|Aura Sphere|p2a: Dachsbun
|-resisted|p2a: Dachsbun
|-damage|p2a: Dachsbun|64/100
|move|p2a: Dachsbun|Body Press|p1a: Armarouge
|-resisted|p1a: Armarouge
|-damage|p1a: Armarouge|0 fnt
|faint|p1a: Armarouge
|
|-heal|p2a: Dachsbun|70/100|[from] item: Leftovers
|upkeep
|
|t:|1757867345
|switch|p1a: Salamence|Salamence, F|100/100
|-ability|p1a: Salamence|Intimidate|boost
|-unboost|p2a: Dachsbun|atk|1
|turn|6
|
|t:|1757867356
|move|p1a: Salamence|Air Slash|p2a: Dachsbun
|-crit|p2a: Dachsbun
|-damage|p2a: Dachsbun|17/100
|move|p2a: Dachsbun|Play Rough|p1a: Salamence
|-supereffective|p1a: Salamence
|-damage|p1a: Salamence|77/100
|
|-heal|p2a: Dachsbun|23/100|[from] item: Leftovers
|upkeep
|turn|7
|
|t:|1757867364
|move|p2a: Dachsbun|Protect|p2a: Dachsbun
|-singleturn|p2a: Dachsbun|Protect
|move|p1a: Salamence|Air Slash|p2a: Dachsbun
|-activate|p2a: Dachsbun|move: Protect
|
|-heal|p2a: Dachsbun|28/100|[from] item: Leftovers
|upkeep
|turn|8
|
|t:|1757867372
|move|p1a: Salamence|Air Slash|p2a: Dachsbun
|-damage|p2a: Dachsbun|0 fnt
|faint|p2a: Dachsbun
|
|upkeep
|
|t:|1757867375
|switch|p2a: Arcanine|Arcanine-Hisui, M|100/100
|turn|9
|
|t:|1757867383
|switch|p1a: Empoleon|Empoleon, F|100/100
|move|p2a: Arcanine|Head Smash|p1a: Empoleon
|-resisted|p1a: Empoleon
|-damage|p1a: Empoleon|65/100
|
|-heal|p1a: Empoleon|71/100|[from] item: Leftovers
|upkeep
|turn|10
|
|t:|1757867392
|switch|p2a: Umbreon|Umbreon, F|100/100
|move|p1a: Empoleon|Stealth Rock|p2a: Umbreon
|-sidestart|p2: henryallain|move: Stealth Rock
|
|-heal|p1a: Empoleon|77/100|[from] item: Leftovers
|upkeep
|turn|11
|
|t:|1757867404
|switch|p1a: Scyther|Scyther, F|100/100
|move|p2a: Umbreon|Foul Play|p1a: Scyther
|-damage|p1a: Scyther|32/100
|
|upkeep
|turn|12
|
|t:|1757867425
|switch|p2a: Arcanine|Arcanine-Hisui, M|100/100
|-damage|p2a: Arcanine|76/100|[from] Stealth Rock
|move|p1a: Scyther|Close Combat|p2a: Arcanine
|-supereffective|p2a: Arcanine
|-damage|p2a: Arcanine|0 fnt
|-unboost|p1a: Scyther|def|1
|-unboost|p1a: Scyther|spd|1
|faint|p2a: Arcanine
|
|upkeep
|inactive|henryallain has 120 seconds left.
|
|t:|1757867445
|switch|p2a: Ribombee|Ribombee, M|100/100
|-damage|p2a: Ribombee|76/100|[from] Stealth Rock
|turn|13
|inactive|henryallain has 120 seconds left.
|
|t:|1757867450
|move|p2a: Ribombee|Moonblast|p1a: Scyther
|-damage|p1a: Scyther|0 fnt
|faint|p1a: Scyther
|
|upkeep
|
|t:|1757867456
|switch|p1a: Mamoswine|Mamoswine, M|100/100
|turn|14
|
|t:|1757867461
|move|p2a: Ribombee|Sticky Web|p1a: Mamoswine
|-sidestart|p1: cvgtf|move: Sticky Web
|move|p1a: Mamoswine|Icicle Crash|p2a: Ribombee
|-damage|p2a: Ribombee|0 fnt
|faint|p2a: Ribombee
|
|upkeep
|
|t:|1757867468
|switch|p2a: Umbreon|Umbreon, F|100/100
|-damage|p2a: Umbreon|88/100|[from] Stealth Rock
|turn|15
|
|t:|1757867474
|move|p1a: Mamoswine|Icicle Crash|p2a: Umbreon
|-damage|p2a: Umbreon|29/100
|cant|p2a: Umbreon|flinch
|
|-heal|p2a: Umbreon|36/100|[from] item: Leftovers
|upkeep
|turn|16
|inactive|henryallain has 120 seconds left.
|
|t:|1757867523
|move|p2a: Umbreon|Protect|p2a: Umbreon
|-singleturn|p2a: Umbreon|Protect
|move|p1a: Mamoswine|Icicle Crash|p2a: Umbreon
|-activate|p2a: Umbreon|move: Protect
|
|-heal|p2a: Umbreon|42/100|[from] item: Leftovers
|upkeep
|turn|17
|
|t:|1757867530
|move|p1a: Mamoswine|Icicle Crash|p2a: Umbreon
|-damage|p2a: Umbreon|0 fnt
|faint|p2a: Umbreon
|
|upkeep
|
|t:|1757867532
|switch|p2a: Corviknight|Corviknight, F|100/100
|-damage|p2a: Corviknight|88/100|[from] Stealth Rock
|turn|18
|
|t:|1757867537
|move|p1a: Mamoswine|Icicle Crash|p2a: Corviknight
|-damage|p2a: Corviknight|31/100
|move|p2a: Corviknight|Iron Defense|p2a: Corviknight
|-boost|p2a: Corviknight|def|2
|
|-heal|p2a: Corviknight|38/100|[from] item: Leftovers
|upkeep
|turn|19
|
|t:|1757867543
|move|p1a: Mamoswine|Icicle Crash|p2a: Corviknight
|-damage|p2a: Corviknight|8/100
|move|p2a: Corviknight|Roost|p2a: Corviknight
|-heal|p2a: Corviknight|58/100
|-singleturn|p2a: Corviknight|move: Roost
|
|-heal|p2a: Corviknight|65/100|[from] item: Leftovers
|upkeep
|turn|20
|
|t:|1757867552
|move|p1a: Mamoswine|Icicle Crash|p2a: Corviknight
|-crit|p2a: Corviknight
|-damage|p2a: Corviknight|0 fnt
|faint|p2a: Corviknight
|
|upkeep
|-message|henryallain forfeited.
|
|win|cvgtf
|raw|cvgtf's rating: 1262 &rarr; <strong>1285</strong><br />(+23 for winning)
|raw|henryallain's rating: 1241 &rarr; <strong>1218</strong><br />(-23 for losing)
|l|☆henryallain
|player|p2|
|l|☆cvgtf
|player|p1|
