|j|☆ablazekicked
|j|☆JACKJACK166
|t:|1757925684
|gametype|singles
|player|p1|ablazekicked|byron|1344
|player|p2|JACKJACK166|169|1360
|gen|9
|tier|[Gen 9] OU
|rated|
|rule|HP Percentage Mod: HP is shown in percentages
|rule|Endless Battle Clause: Forcing endless battles is banned
|rule|Species Clause: Limit one of each Pokémon
|rule|OHKO Clause: OHKO moves are banned
|rule|Evasion Items Clause: Evasion items are banned
|rule|Evasion Moves Clause: Evasion moves are banned
|rule|Evasion Abilities Clause: Evasion abilities are banned
|rule|Sleep Moves Clause: Sleep-inducing moves are banned
|clearpoke
|poke|p1|Dondozo, M|
|poke|p1|Blissey, F|
|poke|p1|Corviknight, F|
|poke|p1|Weezing-Galar, F|
|poke|p1|Gliscor, M|
|poke|p1|Toxapex, M|
|poke|p2|Alomomola, F|
|poke|p2|Tornadus-Therian, M|
|poke|p2|Hydrapple, F|
|poke|p2|Cyclizar, F|
|poke|p2|Mienshao, F|
|poke|p2|Toxapex, F|
|teampreview
|
|t:|1757925711
|teamsize|p1|6
|teamsize|p2|6
|start
|switch|p1a: Toxapex|Toxapex, M|100/100
|switch|p2a: Cyclizar|Cyclizar, F|100/100
|turn|1
|
|t:|1757925729
|move|p2a: Cyclizar|Knock Off|p1a: Toxapex
|-damage|p1a: Toxapex|66/100
|-enditem|p1a: Toxapex|Leftovers|[from] move: Knock Off|[of] p2a: Cyclizar
|move|p1a: Toxapex|Toxic Spikes|p2a: Cyclizar
|-sidestart|p2: JACKJACK166|move: Toxic Spikes
|
|upkeep
|turn|2
|
|t:|1757925739
|switch|p2a: Tornadus|Tornadus-Therian, M|100/100
|move|p1a: Toxapex|Recover|p1a: Toxapex
|-heal|p1a: Toxapex|100/100
|
|upkeep
|turn|3
|
|t:|1757925750
|-terastallize|p2a: Tornadus|Flying
|move|p2a: Tornadus|Bleakwind Storm|p1a: Toxapex
|-damage|p1a: Toxapex|37/100
|move|p1a: Toxapex|Toxic|p2a: Tornadus
|-status|p2a: Tornadus|tox
|
|-damage|p2a: Tornadus|94/100 tox|[from] psn
|upkeep
|turn|4
|
|t:|1757925768
|switch|p1a: Blissey|Blissey, F|100/100
|move|p2a: Tornadus|Bleakwind Storm|p1a: Blissey
|-damage|p1a: Blissey|71/100
|
|-heal|p1a: Blissey|77/100|[from] item: Leftovers
|-damage|p2a: Tornadus|82/100 tox|[from] psn
|upkeep
|turn|5
|
|t:|1757925777
|switch|p2a: Toxapex|Toxapex, F|100/100
|-sideend|p2: JACKJACK166|move: Toxic Spikes|[of] p2a: Toxapex
|move|p1a: Blissey|Calm Mind|p1a: Blissey
|-boost|p1a: Blissey|spa|1
|-boost|p1a: Blissey|spd|1
|
|-heal|p1a: Blissey|83/100|[from] item: Leftovers
|upkeep
|turn|6
|
|t:|1757925786
|move|p1a: Blissey|Stealth Rock|p2a: Toxapex
|-sidestart|p2: JACKJACK166|move: Stealth Rock
|move|p2a: Toxapex|Liquidation|p1a: Blissey
|-damage|p1a: Blissey|64/100
|
|-heal|p1a: Blissey|71/100|[from] item: Leftovers
|upkeep
|turn|7
|
|t:|1757925792
|move|p1a: Blissey|Seismic Toss|p2a: Toxapex
|-damage|p2a: Toxapex|68/100
|move|p2a: Toxapex|Liquidation|p1a: Blissey
|-damage|p1a: Blissey|52/100
|
|-heal|p1a: Blissey|58/100|[from] item: Leftovers
|-heal|p2a: Toxapex|74/100|[from] item: Leftovers
|upkeep
|turn|8
|
|t:|1757925801
|move|p1a: Blissey|Soft-Boiled|p1a: Blissey
|-heal|p1a: Blissey|100/100
|move|p2a: Toxapex|Liquidation|p1a: Blissey
|-damage|p1a: Blissey|81/100
|-unboost|p1a: Blissey|def|1
|
|-heal|p1a: Blissey|87/100|[from] item: Leftovers
|-heal|p2a: Toxapex|80/100|[from] item: Leftovers
|upkeep
|turn|9
|
|t:|1757925818
|switch|p1a: Toxapex|Toxapex, M|70/100
|switch|p2a: Cyclizar|Cyclizar, F|100/100
|-damage|p2a: Cyclizar|88/100|[from] Stealth Rock
|
|upkeep
|turn|10
|
|t:|1757925825
|move|p2a: Cyclizar|Double-Edge|p1a: Toxapex
|-crit|p1a: Toxapex
|-damage|p1a: Toxapex|0 fnt
|faint|p1a: Toxapex
|-damage|p2a: Cyclizar|63/100|[from] Recoil
|
|upkeep
|
|t:|1757925838
|switch|p1a: Gliscor|Gliscor, M|100/100
|turn|11
|
|t:|1757925864
|move|p1a: Gliscor|Protect|p1a: Gliscor
|-singleturn|p1a: Gliscor|Protect
|move|p2a: Cyclizar|Double-Edge|p1a: Gliscor
|-activate|p1a: Gliscor|move: Protect
|
|-status|p1a: Gliscor|tox|[from] item: Toxic Orb
|upkeep
|turn|12
|
|t:|1757925877
|move|p2a: Cyclizar|Double-Edge|p1a: Gliscor
|-damage|p1a: Gliscor|35/100 tox
|-damage|p2a: Cyclizar|36/100|[from] Recoil
|move|p1a: Gliscor|Knock Off|p2a: Cyclizar
|-damage|p2a: Cyclizar|3/100
|-enditem|p2a: Cyclizar|Choice Band|[from] move: Knock Off|[of] p1a: Gliscor
|
|-heal|p1a: Gliscor|48/100 tox|[from] ability: Poison Heal
|upkeep
|turn|13
|
|t:|1757925900
|move|p1a: Gliscor|Protect|p1a: Gliscor
|-singleturn|p1a: Gliscor|Protect
|move|p2a: Cyclizar|Double-Edge|p1a: Gliscor
|-activate|p1a: Gliscor|move: Protect
|
|-heal|p1a: Gliscor|60/100 tox|[from] ability: Poison Heal
|upkeep
|turn|14
|inactive|Battle timer is ON: inactive players will automatically lose when time's up. (requested by ablazekicked)
|
|t:|1757925916
|switch|p2a: Toxapex|Toxapex, F|100/100
|-damage|p2a: Toxapex|88/100|[from] Stealth Rock
|switch|p1a: Corviknight|Corviknight, F|100/100
|-ability|p1a: Corviknight|Pressure
|
|-heal|p2a: Toxapex|94/100|[from] item: Leftovers
|upkeep
|turn|15
|
|t:|1757925926
|move|p1a: Corviknight|Iron Defense|p1a: Corviknight
|-boost|p1a: Corviknight|def|2
|move|p2a: Toxapex|Toxic Spikes|p1a: Corviknight
|-sidestart|p1: ablazekicked|move: Toxic Spikes
|
|-heal|p2a: Toxapex|100/100|[from] item: Leftovers
|upkeep
|turn|16
|
|t:|1757925941
|switch|p2a: Tornadus|Tornadus-Therian, M, tera:Flying|100/100 tox
|-damage|p2a: Tornadus|75/100 tox|[from] Stealth Rock
|move|p1a: Corviknight|Iron Defense|p1a: Corviknight
|-boost|p1a: Corviknight|def|2
|
|-damage|p2a: Tornadus|69/100 tox|[from] psn
|upkeep
|turn|17
|
|t:|1757925949
|move|p2a: Tornadus|Heat Wave|p1a: Corviknight
|-supereffective|p1a: Corviknight
|-damage|p1a: Corviknight|17/100
|move|p1a: Corviknight|Body Press|p2a: Tornadus
|-resisted|p2a: Tornadus
|-damage|p2a: Tornadus|17/100 tox
|
|-heal|p1a: Corviknight|23/100|[from] item: Leftovers
|-damage|p2a: Tornadus|5/100 tox|[from] psn
|upkeep
|turn|18
|
|t:|1757925961
|switch|p2a: Alomomola|Alomomola, F|100/100
|-damage|p2a: Alomomola|88/100|[from] Stealth Rock
|switch|p1a: Dondozo|Dondozo, M|100/100
|-status|p1a: Dondozo|psn
|
|-damage|p1a: Dondozo|88/100 psn|[from] psn
|upkeep
|turn|19
|
|t:|1757925972
|move|p2a: Alomomola|Flip Turn|p1a: Dondozo
|-resisted|p1a: Dondozo
|-damage|p1a: Dondozo|84/100 psn
|
|t:|1757925976
|switch|p2a: Hydrapple|Hydrapple, F|100/100|[from] Flip Turn
|-damage|p2a: Hydrapple|88/100|[from] Stealth Rock
|move|p1a: Dondozo|Avalanche|p2a: Hydrapple
|-supereffective|p2a: Hydrapple
|-damage|p2a: Hydrapple|48/100
|
|-heal|p1a: Dondozo|90/100 psn|[from] item: Leftovers
|-damage|p1a: Dondozo|78/100 psn|[from] psn
|upkeep
|turn|20
|
|t:|1757925998
|switch|p2a: Alomomola|Alomomola, F|100/100
|-damage|p2a: Alomomola|88/100|[from] Stealth Rock
|switch|p1a: Corviknight|Corviknight, F|23/100
|-ability|p1a: Corviknight|Pressure
|
|-heal|p1a: Corviknight|29/100|[from] item: Leftovers
|upkeep
|turn|21
|
|t:|1757926007
|move|p1a: Corviknight|Roost|p1a: Corviknight
|-heal|p1a: Corviknight|79/100
|-singleturn|p1a: Corviknight|move: Roost
|move|p2a: Alomomola|Scald|p1a: Corviknight
|-damage|p1a: Corviknight|68/100
|
|-heal|p1a: Corviknight|74/100|[from] item: Leftovers
|upkeep
|turn|22
|
|t:|1757926023
|switch|p1a: Dondozo|Dondozo, M|78/100 psn
|move|p2a: Alomomola|Scald|p1a: Dondozo
|-resisted|p1a: Dondozo
|-damage|p1a: Dondozo|71/100 psn
|
|-heal|p1a: Dondozo|78/100 psn|[from] item: Leftovers
|-damage|p1a: Dondozo|65/100 psn|[from] psn
|upkeep
|turn|23
|
|t:|1757926032
|move|p2a: Alomomola|Wish|p2a: Alomomola
|move|p1a: Dondozo|Avalanche|p2a: Alomomola
|-resisted|p2a: Alomomola
|-damage|p2a: Alomomola|84/100
|-damage|p1a: Dondozo|49/100 psn|[from] item: Rocky Helmet|[of] p2a: Alomomola
|
|-heal|p1a: Dondozo|55/100 psn|[from] item: Leftovers
|-damage|p1a: Dondozo|43/100 psn|[from] psn
|upkeep
|turn|24
|
|t:|1757926043
|move|p2a: Alomomola|Flip Turn|p1a: Dondozo
|-resisted|p1a: Dondozo
|-damage|p1a: Dondozo|39/100 psn
|
|t:|1757926049
|switch|p2a: Mienshao|Mienshao, F|100/100|[from] Flip Turn
|-damage|p2a: Mienshao|94/100|[from] Stealth Rock
|move|p1a: Dondozo|Avalanche|p2a: Mienshao
|-damage|p2a: Mienshao|68/100
|
|-heal|p2a: Mienshao|100/100|[from] move: Wish|[wisher] Alomomola
|-heal|p1a: Dondozo|46/100 psn|[from] item: Leftovers
|-damage|p1a: Dondozo|33/100 psn|[from] psn
|upkeep
|turn|25
|inactive|JACKJACK166 has 120 seconds left.
|
|t:|1757926086
|move|p2a: Mienshao|Close Combat|p1a: Dondozo
|-damage|p1a: Dondozo|0 fnt
|-unboost|p2a: Mienshao|def|1
|-unboost|p2a: Mienshao|spd|1
|faint|p1a: Dondozo
|-damage|p2a: Mienshao|91/100|[from] item: Life Orb
|
|upkeep
|
|t:|1757926096
|switch|p1a: Weezing|Weezing-Galar, F|100/100
|-ability|p1a: Weezing|Neutralizing Gas
|-sideend|p1: ablazekicked|move: Toxic Spikes|[of] p1a: Weezing
|turn|26
|inactive|JACKJACK166 has 120 seconds left.
|
|t:|1757926107
|move|p2a: Mienshao|Knock Off|p1a: Weezing
|-resisted|p1a: Weezing
|-damage|p1a: Weezing|86/100
|-enditem|p1a: Weezing|Heavy-Duty Boots|[from] move: Knock Off|[of] p2a: Mienshao
|-damage|p2a: Mienshao|81/100|[from] item: Life Orb
|move|p1a: Weezing|Strange Steam|p2a: Mienshao
|-supereffective|p2a: Mienshao
|-damage|p2a: Mienshao|0 fnt
|faint|p2a: Mienshao
|
|upkeep
|inactive|JACKJACK166 has 120 seconds left.
|
|t:|1757926137
|switch|p2a: Cyclizar|Cyclizar, F|36/100
|-damage|p2a: Cyclizar|24/100|[from] Stealth Rock
|turn|27
|
|t:|1757926144
|switch|p2a: Toxapex|Toxapex, F|100/100
|-damage|p2a: Toxapex|88/100|[from] Stealth Rock
|move|p1a: Weezing|Strange Steam|p2a: Toxapex|[miss]
|-miss|p1a: Weezing|p2a: Toxapex
|
|-heal|p2a: Toxapex|94/100|[from] item: Leftovers
|upkeep
|turn|28
|
|t:|1757926155
|move|p1a: Weezing|Will-O-Wisp|p2a: Toxapex
|-status|p2a: Toxapex|brn
|move|p2a: Toxapex|Liquidation|p1a: Weezing
|-damage|p1a: Weezing|81/100
|
|-heal|p2a: Toxapex|100/100 brn|[from] item: Leftovers
|-damage|p2a: Toxapex|94/100 brn|[from] brn
|upkeep
|turn|29
|
|t:|1757926169
|-end|p1a: Weezing|ability: Neutralizing Gas
|switch|p1a: Gliscor|Gliscor, M|60/100 tox
|move|p2a: Toxapex|Liquidation|p1a: Gliscor
|-supereffective|p1a: Gliscor
|-damage|p1a: Gliscor|46/100 tox
|
|-heal|p2a: Toxapex|100/100 brn|[from] item: Leftovers
|-heal|p1a: Gliscor|58/100 tox|[from] ability: Poison Heal
|-damage|p2a: Toxapex|94/100 brn|[from] brn
|upkeep
|turn|30
|
|t:|1757926189
|switch|p2a: Hydrapple|Hydrapple, F|81/100
|-damage|p2a: Hydrapple|68/100|[from] Stealth Rock
|move|p1a: Gliscor|Earthquake|p2a: Hydrapple
|-resisted|p2a: Hydrapple
|-damage|p2a: Hydrapple|56/100
|
|-heal|p1a: Gliscor|71/100 tox|[from] ability: Poison Heal
|upkeep
|turn|31
|
|t:|1757926205
|switch|p1a: Weezing|Weezing-Galar, F|81/100
|-ability|p1a: Weezing|Neutralizing Gas
|move|p2a: Hydrapple|Giga Drain|p1a: Weezing
|-resisted|p1a: Weezing
|-damage|p1a: Weezing|46/100
|-heal|p2a: Hydrapple|70/100|[from] drain|[of] p1a: Weezing
|-damage|p2a: Hydrapple|60/100|[from] item: Life Orb
|
|upkeep
|turn|32
|
|t:|1757926215
|move|p1a: Weezing|Pain Split|p2a: Hydrapple
|-sethp|p2a: Hydrapple|49/100|[from] move: Pain Split|[silent]
|-sethp|p1a: Weezing|60/100|[from] move: Pain Split
|move|p2a: Hydrapple|Earth Power|p1a: Weezing
|-supereffective|p1a: Weezing
|-damage|p1a: Weezing|0 fnt
|faint|p1a: Weezing
|-end|p1a: Weezing|ability: Neutralizing Gas
|-damage|p2a: Hydrapple|39/100|[from] item: Life Orb
|
|upkeep
|
|t:|1757926226
|switch|p1a: Blissey|Blissey, F|87/100
|turn|33
|
|t:|1757926250
|move|p1a: Blissey|Calm Mind|p1a: Blissey
|-boost|p1a: Blissey|spa|1
|-boost|p1a: Blissey|spd|1
|move|p2a: Hydrapple|Nasty Plot|p2a: Hydrapple
|-boost|p2a: Hydrapple|spa|2
|
|-heal|p1a: Blissey|93/100|[from] item: Leftovers
|upkeep
|turn|34
|
|t:|1757926258
|move|p1a: Blissey|Seismic Toss|p2a: Hydrapple
|-damage|p2a: Hydrapple|15/100
|move|p2a: Hydrapple|Giga Drain|p1a: Blissey
|-damage|p1a: Blissey|70/100
|-heal|p2a: Hydrapple|33/100|[from] drain|[of] p1a: Blissey
|-damage|p2a: Hydrapple|23/100|[from] item: Life Orb
|
|-heal|p1a: Blissey|77/100|[from] item: Leftovers
|upkeep
|turn|35
|
|t:|1757926271
|switch|p2a: Toxapex|Toxapex, F|100/100 brn
|-damage|p2a: Toxapex|88/100 brn|[from] Stealth Rock
|move|p1a: Blissey|Seismic Toss|p2a: Toxapex
|-damage|p2a: Toxapex|55/100 brn
|
|-heal|p1a: Blissey|83/100|[from] item: Leftovers
|-heal|p2a: Toxapex|61/100 brn|[from] item: Leftovers
|-damage|p2a: Toxapex|55/100 brn|[from] brn
|upkeep
|turn|36
|
|t:|1757926284
|switch|p2a: Alomomola|Alomomola, F|100/100
|-damage|p2a: Alomomola|88/100|[from] Stealth Rock
|move|p1a: Blissey|Seismic Toss|p2a: Alomomola
|-damage|p2a: Alomomola|69/100
|-damage|p1a: Blissey|66/100|[from] item: Rocky Helmet|[of] p2a: Alomomola
|
|-heal|p1a: Blissey|73/100|[from] item: Leftovers
|upkeep
|turn|37
|
|t:|1757926296
|move|p2a: Alomomola|Wish|p2a: Alomomola
|move|p1a: Blissey|Calm Mind|p1a: Blissey
|-boost|p1a: Blissey|spa|1
|-boost|p1a: Blissey|spd|1
|
|-heal|p1a: Blissey|79/100|[from] item: Leftovers
|upkeep
|turn|38
|
|t:|1757926309
|move|p2a: Alomomola|Flip Turn|p1a: Blissey
|-damage|p1a: Blissey|61/100
|
|t:|1757926320
|switch|p2a: Cyclizar|Cyclizar, F|24/100|[from] Flip Turn
|-damage|p2a: Cyclizar|11/100|[from] Stealth Rock
|move|p1a: Blissey|Seismic Toss|p2a: Cyclizar
|-damage|p2a: Cyclizar|0 fnt
|faint|p2a: Cyclizar
|
|-heal|p1a: Blissey|68/100|[from] item: Leftovers
|upkeep
|inactive|JACKJACK166 has 90 seconds left.
|
|t:|1757926333
|switch|p2a: Hydrapple|Hydrapple, F|56/100
|-damage|p2a: Hydrapple|44/100|[from] Stealth Rock
|turn|39
|
|t:|1757926338
|move|p1a: Blissey|Seismic Toss|p2a: Hydrapple
|-damage|p2a: Hydrapple|19/100
|move|p2a: Hydrapple|Nasty Plot|p2a: Hydrapple
|-boost|p2a: Hydrapple|spa|2
|
|-heal|p1a: Blissey|74/100|[from] item: Leftovers
|upkeep
|turn|40
|
|t:|1757926348
|switch|p2a: Alomomola|Alomomola, F|100/100
|-damage|p2a: Alomomola|88/100|[from] Stealth Rock
|move|p1a: Blissey|Seismic Toss|p2a: Alomomola
|-damage|p2a: Alomomola|69/100
|-damage|p1a: Blissey|57/100|[from] item: Rocky Helmet|[of] p2a: Alomomola
|
|-heal|p1a: Blissey|64/100|[from] item: Leftovers
|upkeep
|turn|41
|
|t:|1757926358
|move|p2a: Alomomola|Body Slam|p1a: Blissey
|-damage|p1a: Blissey|49/100
|-status|p1a: Blissey|par
|move|p1a: Blissey|Soft-Boiled|p1a: Blissey
|-heal|p1a: Blissey|99/100 par
|
|-heal|p1a: Blissey|100/100 par|[from] item: Leftovers
|upkeep
|turn|42
|
|t:|1757926367
|move|p2a: Alomomola|Wish|p2a: Alomomola
|move|p1a: Blissey|Calm Mind|p1a: Blissey
|-boost|p1a: Blissey|spa|1
|-boost|p1a: Blissey|spd|1
|
|upkeep
|turn|43
|
|t:|1757926375
|move|p2a: Alomomola|Flip Turn|p1a: Blissey
|-damage|p1a: Blissey|82/100 par
|
|t:|1757926378
|switch|p2a: Hydrapple|Hydrapple, F|53/100|[from] Flip Turn
|-damage|p2a: Hydrapple|40/100|[from] Stealth Rock
|move|p1a: Blissey|Seismic Toss|p2a: Hydrapple
|-damage|p2a: Hydrapple|16/100
|
|-heal|p2a: Hydrapple|80/100|[from] move: Wish|[wisher] Alomomola
|-heal|p1a: Blissey|88/100 par|[from] item: Leftovers
|upkeep
|turn|44
|inactive|JACKJACK166 has 120 seconds left.
|
|t:|1757926392
|move|p2a: Hydrapple|Nasty Plot|p2a: Hydrapple
|-boost|p2a: Hydrapple|spa|2
|cant|p1a: Blissey|par
|
|-heal|p1a: Blissey|95/100 par|[from] item: Leftovers
|upkeep
|turn|45
|inactive|JACKJACK166 has 120 seconds left.
|
|t:|1757926399
|move|p2a: Hydrapple|Nasty Plot|p2a: Hydrapple
|-boost|p2a: Hydrapple|spa|2
|move|p1a: Blissey|Seismic Toss|p2a: Hydrapple
|-damage|p2a: Hydrapple|56/100
|
|-heal|p1a: Blissey|100/100 par|[from] item: Leftovers
|upkeep
|turn|46
|
|t:|1757926407
|move|p2a: Hydrapple|Nasty Plot|p2a: Hydrapple
|-boost|p2a: Hydrapple|spa|2
|move|p1a: Blissey|Seismic Toss|p2a: Hydrapple
|-damage|p2a: Hydrapple|32/100
|
|upkeep
|turn|47
|
|t:|1757926414
|move|p2a: Hydrapple|Giga Drain|p1a: Blissey
|-damage|p1a: Blissey|77/100 par
|-heal|p2a: Hydrapple|51/100|[from] drain|[of] p1a: Blissey
|-damage|p2a: Hydrapple|41/100|[from] item: Life Orb
|move|p1a: Blissey|Seismic Toss|p2a: Hydrapple
|-damage|p2a: Hydrapple|17/100
|
|-heal|p1a: Blissey|83/100 par|[from] item: Leftovers
|upkeep
|turn|48
|
|t:|1757926423
|move|p2a: Hydrapple|Giga Drain|p1a: Blissey
|-damage|p1a: Blissey|56/100 par
|-heal|p2a: Hydrapple|38/100|[from] drain|[of] p1a: Blissey
|-damage|p2a: Hydrapple|29/100|[from] item: Life Orb
|move|p1a: Blissey|Seismic Toss|p2a: Hydrapple
|-damage|p2a: Hydrapple|5/100
|
|-heal|p1a: Blissey|62/100 par|[from] item: Leftovers
|upkeep
|turn|49
|
|t:|1757926439
|move|p2a: Hydrapple|Giga Drain|p1a: Blissey
|-damage|p1a: Blissey|36/100 par
|-heal|p2a: Hydrapple|25/100|[from] drain|[of] p1a: Blissey
|-damage|p2a: Hydrapple|15/100|[from] item: Life Orb
|cant|p1a: Blissey|par
|
|-heal|p1a: Blissey|43/100 par|[from] item: Leftovers
|upkeep
|turn|50
|
|t:|1757926449
|move|p2a: Hydrapple|Giga Drain|p1a: Blissey
|-damage|p1a: Blissey|15/100 par
|-heal|p2a: Hydrapple|37/100|[from] drain|[of] p1a: Blissey
|-damage|p2a: Hydrapple|27/100|[from] item: Life Orb
|cant|p1a: Blissey|par
|
|-heal|p1a: Blissey|21/100 par|[from] item: Leftovers
|upkeep
|turn|51
|
|t:|1757926457
|-curestatus|p1a: Blissey|par|[from] ability: Natural Cure
|switch|p1a: Corviknight|Corviknight, F|74/100
|-ability|p1a: Corviknight|Pressure
|move|p2a: Hydrapple|Giga Drain|p1a: Corviknight
|-resisted|p1a: Corviknight
|-damage|p1a: Corviknight|21/100
|-heal|p2a: Hydrapple|53/100|[from] drain|[of] p1a: Corviknight
|-damage|p2a: Hydrapple|43/100|[from] item: Life Orb
|
|-heal|p1a: Corviknight|27/100|[from] item: Leftovers
|upkeep
|turn|52
|
|t:|1757926469
|move|p1a: Corviknight|Body Press|p2a: Hydrapple
|-damage|p2a: Hydrapple|24/100
|move|p2a: Hydrapple|Giga Drain|p1a: Corviknight
|-resisted|p1a: Corviknight
|-damage|p1a: Corviknight|0 fnt
|-heal|p2a: Hydrapple|37/100|[from] drain|[of] p1a: Corviknight
|faint|p1a: Corviknight
|-damage|p2a: Hydrapple|27/100|[from] item: Life Orb
|
|upkeep
|
|t:|1757926472
|switch|p1a: Blissey|Blissey, F|21/100
|turn|53
|-message|ablazekicked forfeited.
|
|win|JACKJACK166
|raw|ablazekicked's rating: 1344 &rarr; <strong>1325</strong><br />(-19 for losing)
|raw|JACKJACK166's rating: 1360 &rarr; <strong>1379</strong><br />(+19 for winning)
|l|☆ablazekicked
|player|p1|
|l|☆JACKJACK166
|player|p2|
