|j|☆YEAAAAAH
|j|☆AP97
|t:|1757863078
|gametype|singles
|player|p1|YEAAAAAH|burgh|1139
|player|p2|AP97|chuck|1190
|gen|9
|tier|[Gen 9] OU
|rated|
|rule|HP Percentage Mod: HP is shown in percentages
|rule|Endless Battle Clause: Forcing endless battles is banned
|rule|Species Clause: Limit one of each Pokémon
|rule|OHKO Clause: OHKO moves are banned
|rule|Evasion Items Clause: Evasion items are banned
|rule|Evasion Moves Clause: Evasion moves are banned
|rule|Evasion Abilities Clause: Evasion abilities are banned
|rule|Sleep Moves Clause: Sleep-inducing moves are banned
|clearpoke
|poke|p1|Malamar, F|
|poke|p1|Rillaboom, M|
|poke|p1|Chesnaught, M|
|poke|p1|Munkidori, M|
|poke|p1|Primarina, F|
|poke|p1|Thundurus-Therian, M|
|poke|p2|Iron Crown|
|poke|p2|Mandibuzz, F|
|poke|p2|Landorus-Therian, M|
|poke|p2|Ceruledge, M|
|poke|p2|Kingambit, M|
|poke|p2|Toxapex, F|
|teampreview
|inactive|Battle timer is ON: inactive players will automatically lose when time's up. (requested by AP97)
|
|t:|1757863092
|teamsize|p1|6
|teamsize|p2|6
|start
|switch|p1a: Munkidori|Munkidori, M|100/100
|switch|p2a: Mandibuzz|Mandibuzz, F|100/100
|turn|1
|
|t:|1757863104
|switch|p1a: Thundurus|Thundurus-Therian, M, shiny|100/100
|switch|p2a: Iron Crown|Iron Crown|100/100
|
|upkeep
|turn|2
|
|t:|1757863111
|move|p1a: Thundurus|Volt Switch|p2a: Iron Crown
|-damage|p2a: Iron Crown|61/100
|
|t:|1757863115
|switch|p1a: Munkidori|Munkidori, M|100/100|[from] Volt Switch
|move|p2a: Iron Crown|Psychic Noise|p1a: Munkidori
|-damage|p1a: Munkidori|72/100
|-start|p1a: Munkidori|move: Heal Block
|
|upkeep
|turn|3
|
|t:|1757863127
|-end|p2a: Iron Crown|Quark Drive|[silent]
|switch|p2a: Kingambit|Kingambit, M|100/100
|move|p1a: Munkidori|Fake Out|p2a: Kingambit
|-resisted|p2a: Kingambit
|-damage|p2a: Kingambit|98/100
|
|-end|p1a: Munkidori|move: Heal Block
|upkeep
|turn|4
|
|t:|1757863136
|-terastallize|p1a: Munkidori|Fighting
|move|p1a: Munkidori|Tera Blast|p2a: Kingambit|[anim] Tera Blast Fighting
|-supereffective|p2a: Kingambit
|-damage|p2a: Kingambit|0 fnt
|faint|p2a: Kingambit
|-end|p2a: Kingambit|fallenundefined|[silent]
|
|upkeep
|
|t:|1757863143
|switch|p2a: Ceruledge|Ceruledge, M|100/100
|turn|5
|
|t:|1757863147
|move|p1a: Munkidori|Psychic Noise|p2a: Ceruledge
|-damage|p2a: Ceruledge|60/100
|-start|p2a: Ceruledge|move: Heal Block
|move|p2a: Ceruledge|Swords Dance|p2a: Ceruledge
|-boost|p2a: Ceruledge|atk|2
|
|upkeep
|turn|6
|
|t:|1757863161
|move|p2a: Ceruledge|Shadow Sneak|p1a: Munkidori
|-damage|p1a: Munkidori|14/100
|move|p1a: Munkidori|Psychic Noise|p2a: Ceruledge
|-damage|p2a: Ceruledge|15/100
|
|-end|p2a: Ceruledge|move: Heal Block
|upkeep
|turn|7
|
|t:|1757863170
|move|p2a: Ceruledge|Shadow Sneak|p1a: Munkidori
|-damage|p1a: Munkidori|0 fnt
|faint|p1a: Munkidori
|
|upkeep
|
|t:|1757863173
|switch|p1a: Rillaboom|Rillaboom, M, shiny|100/100
|-fieldstart|move: Grassy Terrain|[from] ability: Grassy Surge|[of] p1a: Rillaboom
|turn|8
|
|t:|1757863178
|move|p1a: Rillaboom|Grassy Glide|p2a: Ceruledge
|-resisted|p2a: Ceruledge
|-damage|p2a: Ceruledge|0 fnt
|faint|p2a: Ceruledge
|
|upkeep
|
|t:|1757863184
|switch|p2a: Iron Crown|Iron Crown|61/100
|turn|9
|
|t:|1757863189
|move|p2a: Iron Crown|Tachyon Cutter|p1a: Rillaboom
|-crit|p1a: Rillaboom
|-damage|p1a: Rillaboom|68/100
|-damage|p1a: Rillaboom|44/100
|-hitcount|p1a: Rillaboom|2
|move|p1a: Rillaboom|High Horsepower|p2a: Iron Crown
|-supereffective|p2a: Iron Crown
|-damage|p2a: Iron Crown|0 fnt
|faint|p2a: Iron Crown
|-end|p2a: Iron Crown|Quark Drive|[silent]
|
|-heal|p1a: Rillaboom|50/100|[from] Grassy Terrain
|upkeep
|
|t:|1757863201
|switch|p2a: Mandibuzz|Mandibuzz, F|100/100
|turn|10
|
|t:|1757863204
|move|p1a: Rillaboom|U-turn|p2a: Mandibuzz
|-damage|p2a: Mandibuzz|81/100
|
|t:|1757863206
|switch|p1a: Malamar|Malamar, F, shiny|100/100|[from] U-turn
|move|p2a: Mandibuzz|Toxic|p1a: Malamar
|-status|p1a: Malamar|tox
|
|-damage|p1a: Malamar|94/100 tox|[from] psn
|upkeep
|turn|11
|
|t:|1757863216
|move|p2a: Mandibuzz|Foul Play|p1a: Malamar
|-damage|p1a: Malamar|68/100 tox
|move|p1a: Malamar|Superpower|p2a: Mandibuzz
|-damage|p2a: Mandibuzz|61/100
|-boost|p1a: Malamar|atk|1
|-boost|p1a: Malamar|def|1
|
|-heal|p1a: Malamar|74/100 tox|[from] Grassy Terrain
|-heal|p1a: Malamar|80/100 tox|[from] item: Leftovers
|-damage|p1a: Malamar|68/100 tox|[from] psn
|upkeep
|turn|12
|
|t:|1757863230
|switch|p2a: Toxapex|Toxapex, F|100/100
|move|p1a: Malamar|Knock Off|p2a: Toxapex
|-damage|p2a: Toxapex|73/100
|-enditem|p2a: Toxapex|Leftovers|[from] move: Knock Off|[of] p1a: Malamar
|
|-heal|p1a: Malamar|74/100 tox|[from] Grassy Terrain
|-heal|p1a: Malamar|80/100 tox|[from] item: Leftovers
|-heal|p2a: Toxapex|79/100|[from] Grassy Terrain
|-damage|p1a: Malamar|62/100 tox|[from] psn
|-fieldend|move: Grassy Terrain
|upkeep
|turn|13
|
|t:|1757863245
|move|p1a: Malamar|Superpower|p2a: Toxapex
|-resisted|p2a: Toxapex
|-damage|p2a: Toxapex|66/100
|-boost|p1a: Malamar|atk|1
|-boost|p1a: Malamar|def|1
|move|p2a: Toxapex|Haze|p2a: Toxapex
|-clearallboost
|
|-heal|p1a: Malamar|68/100 tox|[from] item: Leftovers
|-damage|p1a: Malamar|43/100 tox|[from] psn
|upkeep
|turn|14
|
|t:|1757863257
|move|p1a: Malamar|Psycho Cut|p2a: Toxapex
|-supereffective|p2a: Toxapex
|-damage|p2a: Toxapex|39/100
|move|p2a: Toxapex|Chilling Water|p1a: Malamar
|-damage|p1a: Malamar|34/100 tox
|-boost|p1a: Malamar|atk|1
|
|-heal|p1a: Malamar|40/100 tox|[from] item: Leftovers
|-damage|p1a: Malamar|9/100 tox|[from] psn
|upkeep
|turn|15
|
|t:|1757863267
|move|p2a: Toxapex|Baneful Bunker|p2a: Toxapex
|-singleturn|p2a: Toxapex|move: Protect
|move|p1a: Malamar|Psycho Cut|p2a: Toxapex
|-activate|p2a: Toxapex|move: Protect
|
|-heal|p1a: Malamar|16/100 tox|[from] item: Leftovers
|-damage|p1a: Malamar|0 fnt|[from] psn
|faint|p1a: Malamar
|upkeep
|
|t:|1757863296
|switch|p1a: Rillaboom|Rillaboom, M, shiny|50/100
|-fieldstart|move: Grassy Terrain|[from] ability: Grassy Surge|[of] p1a: Rillaboom
|turn|16
|
|t:|1757863303
|switch|p2a: Mandibuzz|Mandibuzz, F|61/100
|move|p1a: Rillaboom|Wood Hammer|p2a: Mandibuzz
|-resisted|p2a: Mandibuzz
|-damage|p2a: Mandibuzz|31/100
|-damage|p1a: Rillaboom|38/100|[from] Recoil
|
|-heal|p1a: Rillaboom|44/100|[from] Grassy Terrain
|upkeep
|turn|17
|
|t:|1757863313
|move|p1a: Rillaboom|U-turn|p2a: Mandibuzz
|-damage|p2a: Mandibuzz|12/100
|
|t:|1757863315
|switch|p1a: Chesnaught|Chesnaught, M, shiny|100/100|[from] U-turn
|move|p2a: Mandibuzz|Roost|p2a: Mandibuzz
|-heal|p2a: Mandibuzz|62/100
|-singleturn|p2a: Mandibuzz|move: Roost
|
|-heal|p2a: Mandibuzz|68/100|[from] Grassy Terrain
|upkeep
|turn|18
|
|t:|1757863325
|move|p1a: Chesnaught|Belly Drum|p1a: Chesnaught
|-damage|p1a: Chesnaught|50/100
|-setboost|p1a: Chesnaught|atk|6|[from] move: Belly Drum
|-enditem|p1a: Chesnaught|Sitrus Berry|[eat]
|-heal|p1a: Chesnaught|75/100|[from] item: Sitrus Berry
|move|p2a: Mandibuzz|Toxic|p1a: Chesnaught
|-status|p1a: Chesnaught|tox
|
|-heal|p1a: Chesnaught|81/100 tox|[from] Grassy Terrain
|-damage|p1a: Chesnaught|75/100 tox|[from] psn
|upkeep
|turn|19
|
|t:|1757863340
|switch|p2a: Landorus|Landorus-Therian, M|100/100
|-ability|p2a: Landorus|Intimidate|boost
|-unboost|p1a: Chesnaught|atk|1
|move|p1a: Chesnaught|Drain Punch|p2a: Landorus
|-resisted|p2a: Landorus
|-damage|p2a: Landorus|36/100
|-heal|p1a: Chesnaught|100/100 tox|[from] drain|[of] p2a: Landorus
|
|-heal|p2a: Landorus|42/100|[from] item: Leftovers
|-damage|p1a: Chesnaught|89/100 tox|[from] psn
|upkeep
|turn|20
|
|t:|1757863356
|move|p1a: Chesnaught|Grassy Glide|p2a: Landorus
|-damage|p2a: Landorus|0 fnt
|faint|p2a: Landorus
|
|-heal|p1a: Chesnaught|95/100 tox|[from] Grassy Terrain
|-damage|p1a: Chesnaught|77/100 tox|[from] psn
|-fieldend|move: Grassy Terrain
|upkeep
|-message|AP97 forfeited.
|
|win|YEAAAAAH
|raw|YEAAAAAH's rating: 1139 &rarr; <strong>1168</strong><br />(+29 for winning)
|raw|AP97's rating: 1190 &rarr; <strong>1161</strong><br />(-29 for losing)
|l|☆AP97
|player|p2|
|l|☆YEAAAAAH
|player|p1|
