|j|☆Ajusmill3
|j|☆quixic4
|t:|1757834730
|gametype|singles
|player|p1|Ajusmill3|1|1051
|player|p2|quixic4|2|1084
|gen|9
|tier|[Gen 9] OU
|rated|
|rule|HP Percentage Mod: HP is shown in percentages
|rule|Endless Battle Clause: Forcing endless battles is banned
|rule|Species Clause: Limit one of each Pokémon
|rule|OHKO Clause: OHKO moves are banned
|rule|Evasion Items Clause: Evasion items are banned
|rule|Evasion Moves Clause: Evasion moves are banned
|rule|Evasion Abilities Clause: Evasion abilities are banned
|rule|Sleep Moves Clause: Sleep-inducing moves are banned
|clearpoke
|poke|p1|Ceruledge, F|
|poke|p1|Umbreon, M|
|poke|p1|Garchomp, M|
|poke|p1|Porygon-Z|
|poke|p1|Scizor, M|
|poke|p1|Clefable, M|
|poke|p2|Sinistcha|
|poke|p2|Polteageist|
|poke|p2|Hydrapple, M|
|poke|p2|Flapple, F|
|poke|p2|Appletun, M|
|poke|p2|Dipplin, F|
|teampreview
|inactive|Battle timer is ON: inactive players will automatically lose when time's up. (requested by quixic4)
|
|t:|1757834737
|teamsize|p1|6
|teamsize|p2|6
|start
|switch|p1a: Clefable|Clefable, M|100/100
|switch|p2a: Polteageist|Polteageist|100/100
|turn|1
|
|t:|1757834743
|move|p2a: Polteageist|Shell Smash|p2a: Polteageist
|-unboost|p2a: Polteageist|def|1
|-unboost|p2a: Polteageist|spd|1
|-boost|p2a: Polteageist|atk|2
|-boost|p2a: Polteageist|spa|2
|-boost|p2a: Polteageist|spe|2
|move|p1a: Clefable|Stealth Rock|p2a: Polteageist
|-sidestart|p2: quixic4|move: Stealth Rock
|
|upkeep
|turn|2
|
|t:|1757834752
|move|p2a: Polteageist|Shell Smash|p2a: Polteageist
|-unboost|p2a: Polteageist|def|1
|-unboost|p2a: Polteageist|spd|1
|-boost|p2a: Polteageist|atk|2
|-boost|p2a: Polteageist|spa|2
|-boost|p2a: Polteageist|spe|2
|move|p1a: Clefable|Thunderbolt|p2a: Polteageist
|-damage|p2a: Polteageist|57/100
|
|upkeep
|turn|3
|
|t:|1757834763
|move|p2a: Polteageist|Nasty Plot|p2a: Polteageist
|-boost|p2a: Polteageist|spa|2
|move|p1a: Clefable|Thunderbolt|p2a: Polteageist
|-damage|p2a: Polteageist|9/100
|
|upkeep
|turn|4
|
|t:|1757834770
|move|p2a: Polteageist|Giga Drain|p1a: Clefable
|-damage|p1a: Clefable|0 fnt
|-heal|p2a: Polteageist|84/100|[from] drain|[of] p1a: Clefable
|faint|p1a: Clefable
|
|upkeep
|
|t:|1757834780
|switch|p1a: Ceruledge|Ceruledge, F|100/100
|turn|5
|
|t:|1757834784
|move|p2a: Polteageist|Stored Power|p1a: Ceruledge
|-enditem|p1a: Ceruledge|Focus Sash
|-damage|p1a: Ceruledge|1/100
|move|p1a: Ceruledge|Bulk Up|p1a: Ceruledge
|-boost|p1a: Ceruledge|atk|1
|-boost|p1a: Ceruledge|def|1
|
|upkeep
|turn|6
|
|t:|1757834799
|switch|p2a: Dipplin|Dipplin, F|100/100
|-damage|p2a: Dipplin|88/100|[from] Stealth Rock
|-ability|p2a: Dipplin|Supersweet Syrup
|-unboost|p1a: Ceruledge|evasion|1
|move|p1a: Ceruledge|Shadow Sneak|p2a: Dipplin
|-damage|p2a: Dipplin|70/100
|
|upkeep
|turn|7
|
|t:|1757834811
|move|p1a: Ceruledge|Bitter Blade|p2a: Dipplin
|-damage|p2a: Dipplin|26/100
|-heal|p1a: Ceruledge|28/100|[from] drain|[of] p2a: Dipplin
|move|p2a: Dipplin|Draco Meteor|p1a: Ceruledge
|-damage|p1a: Ceruledge|0 fnt
|-unboost|p2a: Dipplin|spa|2
|faint|p1a: Ceruledge
|-enditem|p2a: Dipplin|White Herb
|-clearnegativeboost|p2a: Dipplin|[silent]
|
|upkeep
|
|t:|1757834826
|switch|p1a: Garchomp|Garchomp, M|100/100
|turn|8
|
|t:|1757834833
|move|p1a: Garchomp|Swords Dance|p1a: Garchomp
|-boost|p1a: Garchomp|atk|2
|move|p2a: Dipplin|Draco Meteor|p1a: Garchomp
|-supereffective|p1a: Garchomp
|-damage|p1a: Garchomp|10/100
|-unboost|p2a: Dipplin|spa|2
|
|upkeep
|turn|9
|
|t:|1757834844
|move|p1a: Garchomp|Scale Shot|p2a: Dipplin
|-supereffective|p2a: Dipplin
|-damage|p2a: Dipplin|0 fnt
|faint|p2a: Dipplin
|-hitcount|p2: Dipplin|1
|-unboost|p1a: Garchomp|def|1
|-boost|p1a: Garchomp|spe|1
|
|upkeep
|
|t:|1757834865
|switch|p2a: Polteageist|Polteageist|84/100
|-damage|p2a: Polteageist|72/100|[from] Stealth Rock
|turn|10
|
|t:|1757834873
|move|p1a: Garchomp|Scale Shot|p2a: Polteageist
|-damage|p2a: Polteageist|26/100
|-ability|p2a: Polteageist|Weak Armor|boost
|-unboost|p2a: Polteageist|def|1
|-boost|p2a: Polteageist|spe|2
|-damage|p2a: Polteageist|0 fnt
|faint|p2a: Polteageist
|-hitcount|p2: Polteageist|2
|-unboost|p1a: Garchomp|def|1
|-boost|p1a: Garchomp|spe|1
|
|upkeep
|
|t:|1757834883
|switch|p2a: Appletun|Appletun, M|100/100
|-damage|p2a: Appletun|88/100|[from] Stealth Rock
|turn|11
|
|t:|1757834888
|move|p1a: Garchomp|Scale Shot|p2a: Appletun
|-supereffective|p2a: Appletun
|-damage|p2a: Appletun|34/100
|-supereffective|p2a: Appletun
|-damage|p2a: Appletun|0 fnt
|faint|p2a: Appletun
|-hitcount|p2: Appletun|2
|-unboost|p1a: Garchomp|def|1
|-boost|p1a: Garchomp|spe|1
|
|upkeep
|
|t:|1757834896
|switch|p2a: Sinistcha|Sinistcha|100/100
|-damage|p2a: Sinistcha|88/100|[from] Stealth Rock
|turn|12
|
|t:|1757834904
|move|p1a: Garchomp|Poison Jab|p2a: Sinistcha
|-damage|p2a: Sinistcha|35/100
|-damage|p1a: Garchomp|0 fnt|[from] item: Rocky Helmet|[of] p2a: Sinistcha
|faint|p1a: Garchomp
|move|p2a: Sinistcha|Iron Defense|p2a: Sinistcha
|-boost|p2a: Sinistcha|def|2
|
|upkeep
|
|t:|1757834913
|switch|p1a: Porygon-Z|Porygon-Z|100/100
|-ability|p1a: Porygon-Z|Download|boost
|-boost|p1a: Porygon-Z|spa|1
|turn|13
|
|t:|1757834918
|move|p1a: Porygon-Z|Ice Beam|p2a: Sinistcha
|-supereffective|p2a: Sinistcha
|-damage|p2a: Sinistcha|0 fnt
|faint|p2a: Sinistcha
|
|upkeep
|
|t:|1757834922
|switch|p2a: Hydrapple|Hydrapple, M|100/100
|-damage|p2a: Hydrapple|88/100|[from] Stealth Rock
|turn|14
|
|t:|1757834927
|move|p1a: Porygon-Z|Ice Beam|p2a: Hydrapple
|-supereffective|p2a: Hydrapple
|-damage|p2a: Hydrapple|0 fnt
|faint|p2a: Hydrapple
|
|upkeep
|
|t:|1757834931
|switch|p2a: Flapple|Flapple, F|100/100
|-damage|p2a: Flapple|88/100|[from] Stealth Rock
|turn|15
|
|t:|1757834943
|-terastallize|p2a: Flapple|Ghost
|move|p1a: Porygon-Z|Ice Beam|p2a: Flapple
|-damage|p2a: Flapple|0 fnt
|faint|p2a: Flapple
|
|win|Ajusmill3
|raw|Ajusmill3's rating: 1051 &rarr; <strong>1086</strong><br />(+35 for winning)
|raw|quixic4's rating: 1084 &rarr; <strong>1059</strong><br />(-25 for losing)
|l|☆quixic4
|player|p2|
|l|☆Ajusmill3
|player|p1|
