|j|☆Shabooya1
|j|☆Pepepeponez
|t:|1757953462
|gametype|singles
|player|p1|Shabooya1|unknown|1454
|player|p2|Pepepeponez|2|1454
|gen|9
|tier|[Gen 9] OU
|rated|
|rule|HP Percentage Mod: HP is shown in percentages
|rule|Endless Battle Clause: Forcing endless battles is banned
|rule|Species Clause: Limit one of each Pokémon
|rule|OHKO Clause: OHKO moves are banned
|rule|Evasion Items Clause: Evasion items are banned
|rule|Evasion Moves Clause: Evasion moves are banned
|rule|Evasion Abilities Clause: Evasion abilities are banned
|rule|Sleep Moves Clause: Sleep-inducing moves are banned
|clearpoke
|poke|p1|Cresselia, F|
|poke|p1|Torkoal, F|
|poke|p1|Mimikyu, F|
|poke|p1|Iron Hands|
|poke|p1|Hatterene, F|
|poke|p1|Araquanid, F|
|poke|p2|Kingambit, M|
|poke|p2|Zamazenta-*|
|poke|p2|Dragonite, F|
|poke|p2|Dragapult, F|
|poke|p2|Iron Treads|
|poke|p2|Iron Valiant|
|teampreview
|inactive|Battle timer is ON: inactive players will automatically lose when time's up. (requested by Pepepeponez)
|
|t:|1757953485
|teamsize|p1|6
|teamsize|p2|6
|start
|switch|p1a: Araquanid|Araquanid, F, shiny|100/100
|switch|p2a: Iron Treads|Iron Treads|100/100
|turn|1
|
|t:|1757953489
|move|p2a: Iron Treads|Stealth Rock|p1a: Araquanid
|-sidestart|p1: Shabooya1|move: Stealth Rock
|move|p1a: Araquanid|Liquidation|p2a: Iron Treads
|-supereffective|p2a: Iron Treads
|-damage|p2a: Iron Treads|0 fnt
|faint|p2a: Iron Treads
|-end|p2a: Iron Treads|Quark Drive|[silent]
|
|upkeep
|
|t:|1757953503
|switch|p2a: Dragapult|Dragapult, F|100/100
|turn|2
|
|t:|1757953511
|move|p2a: Dragapult|Shadow Ball|p1a: Araquanid
|-damage|p1a: Araquanid|57/100
|-unboost|p1a: Araquanid|spd|1
|move|p1a: Araquanid|Liquidation|p2a: Dragapult
|-resisted|p2a: Dragapult
|-damage|p2a: Dragapult|40/100
|
|upkeep
|turn|3
|
|t:|1757953517
|move|p2a: Dragapult|Shadow Ball|p1a: Araquanid
|-crit|p1a: Araquanid
|-damage|p1a: Araquanid|0 fnt
|faint|p1a: Araquanid
|
|upkeep
|
|t:|1757953519
|switch|p1a: Hatterene|Hatterene, F|100/100
|-damage|p1a: Hatterene|88/100|[from] Stealth Rock
|turn|4
|
|t:|1757953521
|move|p2a: Dragapult|Shadow Ball|p1a: Hatterene
|-supereffective|p1a: Hatterene
|-damage|p1a: Hatterene|0 fnt
|faint|p1a: Hatterene
|
|upkeep
|
|t:|1757953526
|switch|p1a: Hit me|Mimikyu, F, shiny|100/100
|-damage|p1a: Hit me|88/100|[from] Stealth Rock
|turn|5
|
|t:|1757953527
|move|p1a: Hit me|Shadow Sneak|p2a: Dragapult
|-supereffective|p2a: Dragapult
|-damage|p2a: Dragapult|0 fnt
|faint|p2a: Dragapult
|
|upkeep
|
|t:|1757953531
|switch|p2a: Zamazenta|Zamazenta|100/100
|-ability|p2a: Zamazenta|Dauntless Shield|boost
|-boost|p2a: Zamazenta|def|1
|turn|6
|
|t:|1757953537
|move|p2a: Zamazenta|Iron Defense|p2a: Zamazenta
|-boost|p2a: Zamazenta|def|2
|move|p1a: Hit me|Trick Room|p1a: Hit me
|-fieldstart|move: Trick Room|[of] p1a: Hit me
|
|upkeep
|turn|7
|
|t:|1757953541
|move|p1a: Hit me|Play Rough|p2a: Zamazenta
|-supereffective|p2a: Zamazenta
|-damage|p2a: Zamazenta|77/100
|move|p2a: Zamazenta|Crunch|p1a: Hit me
|-activate|p1a: Hit me|ability: Disguise
|-damage|p1a: Hit me|88/100
|-unboost|p1a: Hit me|def|1
|detailschange|p1a: Hit me|Mimikyu-Busted, F, shiny
|-damage|p1a: Hit me|76/100|[from] pokemon: Mimikyu-Busted
|-enditem|p1a: Hit me|Red Card|[of] p2a: Zamazenta
|drag|p2a: Iron Valiant|Iron Valiant|100/100
|-enditem|p2a: Iron Valiant|Booster Energy
|-activate|p2a: Iron Valiant|ability: Quark Drive|[fromitem]
|-start|p2a: Iron Valiant|quarkdrivespe
|
|upkeep
|turn|8
|
|t:|1757953552
|move|p1a: Hit me|Play Rough|p2a: Iron Valiant
|-supereffective|p2a: Iron Valiant
|-damage|p2a: Iron Valiant|0 fnt
|faint|p2a: Iron Valiant
|-end|p2a: Iron Valiant|Quark Drive|[silent]
|
|upkeep
|
|t:|1757953561
|switch|p2a: Zamazenta|Zamazenta|77/100
|turn|9
|
|t:|1757953564
|move|p1a: Hit me|Play Rough|p2a: Zamazenta
|-supereffective|p2a: Zamazenta
|-damage|p2a: Zamazenta|14/100
|move|p2a: Zamazenta|Crunch|p1a: Hit me
|-damage|p1a: Hit me|33/100
|
|-heal|p2a: Zamazenta|21/100|[from] item: Leftovers
|upkeep
|turn|10
|
|t:|1757953568
|move|p1a: Hit me|Play Rough|p2a: Zamazenta
|-supereffective|p2a: Zamazenta
|-damage|p2a: Zamazenta|0 fnt
|faint|p2a: Zamazenta
|
|-fieldend|move: Trick Room
|upkeep
|
|t:|1757953573
|switch|p2a: Dragonite|Dragonite, F|100/100
|turn|11
|
|t:|1757953576
|move|p2a: Dragonite|Earthquake|p1a: Hit me
|-damage|p1a: Hit me|0 fnt
|faint|p1a: Hit me
|
|upkeep
|
|t:|1757953579
|switch|p1a: Git gud|Cresselia, F, shiny|100/100
|-damage|p1a: Git gud|88/100|[from] Stealth Rock
|turn|12
|
|t:|1757953586
|-terastallize|p2a: Dragonite|Normal
|move|p2a: Dragonite|Dragon Dance|p2a: Dragonite
|-boost|p2a: Dragonite|atk|1
|-boost|p2a: Dragonite|spe|1
|move|p1a: Git gud|Trick Room|p1a: Git gud
|-fieldstart|move: Trick Room|[of] p1a: Git gud
|
|upkeep
|turn|13
|
|t:|1757953591
|move|p2a: Dragonite|Extreme Speed|p1a: Git gud
|-damage|p1a: Git gud|43/100
|move|p1a: Git gud|Psychic|p2a: Dragonite
|-damage|p2a: Dragonite|88/100
|
|upkeep
|turn|14
|
|t:|1757953595
|move|p2a: Dragonite|Extreme Speed|p1a: Git gud
|-damage|p1a: Git gud|0 fnt
|faint|p1a: Git gud
|
|upkeep
|
|t:|1757953597
|switch|p1a: Iron Hands|Iron Hands|100/100
|-damage|p1a: Iron Hands|94/100|[from] Stealth Rock
|-enditem|p1a: Iron Hands|Booster Energy
|-activate|p1a: Iron Hands|ability: Quark Drive|[fromitem]
|-start|p1a: Iron Hands|quarkdriveatk
|turn|15
|
|t:|1757953602
|move|p2a: Dragonite|Extreme Speed|p1a: Iron Hands
|-damage|p1a: Iron Hands|49/100
|move|p1a: Iron Hands|Drain Punch|p2a: Dragonite
|-supereffective|p2a: Dragonite
|-damage|p2a: Dragonite|0 fnt
|-heal|p1a: Iron Hands|76/100|[from] drain|[of] p2a: Dragonite
|faint|p2a: Dragonite
|
|upkeep
|
|t:|1757953606
|switch|p2a: Kingambit|Kingambit, M|100/100
|-activate|p2a: Kingambit|ability: Supreme Overlord
|-start|p2a: Kingambit|fallen5|[silent]
|turn|16
|
|t:|1757953615
|move|p1a: Iron Hands|Drain Punch|p2a: Kingambit
|-supereffective|p2a: Kingambit
|-damage|p2a: Kingambit|0 fnt
|-heal|p1a: Iron Hands|100/100|[from] drain|[of] p2a: Kingambit
|faint|p2a: Kingambit
|-end|p2a: Kingambit|fallen5|[silent]
|
|win|Shabooya1
|raw|Shabooya1's rating: 1454 &rarr; <strong>1474</strong><br />(+20 for winning)
|raw|Pepepeponez's rating: 1454 &rarr; <strong>1434</strong><br />(-20 for losing)
|l|☆Pepepeponez
|player|p2|
|l|☆Shabooya1
|player|p1|
