|j|☆Pergame
|j|☆levi6969
|t:|1757911609
|gametype|singles
|player|p1|Pergame|266|1312
|player|p2|levi6969|169|1310
|gen|9
|tier|[Gen 9] OU
|rated|
|rule|HP Percentage Mod: HP is shown in percentages
|rule|Endless Battle Clause: Forcing endless battles is banned
|rule|Species Clause: Limit one of each Pokémon
|rule|OHKO Clause: OHKO moves are banned
|rule|Evasion Items Clause: Evasion items are banned
|rule|Evasion Moves Clause: Evasion moves are banned
|rule|Evasion Abilities Clause: Evasion abilities are banned
|rule|Sleep Moves Clause: Sleep-inducing moves are banned
|clearpoke
|poke|p1|Toxapex, F|
|poke|p1|Hippowdon, F|
|poke|p1|Great Tusk|
|poke|p1|Iron Moth|
|poke|p1|Meowscarada, F|
|poke|p1|Walking Wake|
|poke|p2|Hoopa|
|poke|p2|Landorus-Therian, M|
|poke|p2|Weezing-Galar, F|
|poke|p2|Kingambit, F|
|poke|p2|Raging Bolt|
|poke|p2|Zamazenta-*|
|teampreview
|
|t:|1757911622
|teamsize|p1|6
|teamsize|p2|6
|start
|switch|p1a: Meowscarada|Meowscarada, F|100/100
|switch|p2a: Landorus|Landorus-Therian, M, shiny|100/100
|-ability|p2a: Landorus|Intimidate|boost
|-unboost|p1a: Meowscarada|atk|1
|turn|1
|
|t:|1757911635
|move|p1a: Meowscarada|U-turn|p2a: Landorus
|-start|p1a: Meowscarada|typechange|Bug|[from] ability: Protean
|-resisted|p2a: Landorus
|-damage|p2a: Landorus|85/100
|-damage|p1a: Meowscarada|84/100|[from] item: Rocky Helmet|[of] p2a: Landorus
|inactive|Battle timer is ON: inactive players will automatically lose when time's up. (requested by levi6969)
|
|t:|1757911661
|switch|p1a: Hippowdon|Hippowdon, F|100/100|[from] U-turn
|-weather|Sandstorm|[from] ability: Sand Stream|[of] p1a: Hippowdon
|move|p2a: Landorus|Stealth Rock|p1a: Hippowdon
|-sidestart|p1: Pergame|move: Stealth Rock
|
|-weather|Sandstorm|[upkeep]
|upkeep
|turn|2
|
|t:|1757911672
|move|p2a: Landorus|Taunt|p1a: Hippowdon
|-start|p1a: Hippowdon|move: Taunt
|cant|p1a: Hippowdon|move: Taunt|Stealth Rock
|
|-weather|Sandstorm|[upkeep]
|upkeep
|turn|3
|inactive|Pergame has 120 seconds left.
|l|☆Pergame
|inactive|Pergame disconnected and has a minute to reconnect!
|player|p1|
|j|☆Pergame
|inactive|Pergame reconnected and has 100 seconds left.
|player|p1|Pergame|266|
|
|t:|1757911726
|switch|p1a: Walking Wake|Walking Wake|100/100
|-damage|p1a: Walking Wake|88/100|[from] Stealth Rock
|move|p2a: Landorus|Earth Power|p1a: Walking Wake
|-damage|p1a: Walking Wake|51/100
|
|-weather|Sandstorm|[upkeep]
|-damage|p1a: Walking Wake|45/100|[from] Sandstorm
|upkeep
|turn|4
|
|t:|1757911738
|switch|p2a: Weezing|Weezing-Galar, F, shiny|100/100
|-ability|p2a: Weezing|Neutralizing Gas
|move|p1a: Walking Wake|Scald|p2a: Weezing
|-damage|p2a: Weezing|44/100
|
|-weather|Sandstorm|[upkeep]
|-damage|p1a: Walking Wake|38/100|[from] Sandstorm
|-damage|p2a: Weezing|38/100|[from] Sandstorm
|upkeep
|turn|5
|
|t:|1757911748
|-end|p2a: Weezing|ability: Neutralizing Gas
|switch|p2a: Raging Bolt|Raging Bolt|100/100
|move|p1a: Walking Wake|Scald|p2a: Raging Bolt
|-resisted|p2a: Raging Bolt
|-damage|p2a: Raging Bolt|88/100
|
|-weather|none
|upkeep
|turn|6
|
|t:|1757911758
|-end|p1a: Walking Wake|Protosynthesis|[silent]
|switch|p1a: Hippowdon|Hippowdon, F|100/100
|-damage|p1a: Hippowdon|94/100|[from] Stealth Rock
|-weather|Sandstorm|[from] ability: Sand Stream|[of] p1a: Hippowdon
|move|p2a: Raging Bolt|Thunderclap||[still]
|-fail|p2a: Raging Bolt
|
|-weather|Sandstorm|[upkeep]
|-damage|p2a: Raging Bolt|82/100|[from] Sandstorm
|-heal|p1a: Hippowdon|100/100|[from] item: Leftovers
|upkeep
|turn|7
|
|t:|1757911777
|-end|p2a: Raging Bolt|Protosynthesis|[silent]
|switch|p2a: Hoopa|Hoopa|100/100
|move|p1a: Hippowdon|Stealth Rock|p2a: Hoopa
|-sidestart|p2: levi6969|move: Stealth Rock
|
|-weather|Sandstorm|[upkeep]
|-damage|p2a: Hoopa|94/100|[from] Sandstorm
|upkeep
|turn|8
|
|t:|1757911790
|move|p2a: Hoopa|Substitute|p2a: Hoopa
|-start|p2a: Hoopa|Substitute
|-damage|p2a: Hoopa|70/100
|move|p1a: Hippowdon|Earthquake|p2a: Hoopa
|-end|p2a: Hoopa|Substitute
|
|-weather|Sandstorm|[upkeep]
|-damage|p2a: Hoopa|64/100|[from] Sandstorm
|upkeep
|turn|9
|
|t:|1757911800
|move|p2a: Hoopa|Hyperspace Hole|p1a: Hippowdon
|-damage|p1a: Hippowdon|62/100
|move|p1a: Hippowdon|Earthquake|p2a: Hoopa
|-damage|p2a: Hoopa|0 fnt
|faint|p2a: Hoopa
|
|-weather|Sandstorm|[upkeep]
|-heal|p1a: Hippowdon|68/100|[from] item: Leftovers
|upkeep
|-message|levi6969 forfeited.
|
|win|Pergame
|raw|Pergame's rating: 1312 &rarr; <strong>1332</strong><br />(+20 for winning)
|raw|levi6969's rating: 1310 &rarr; <strong>1290</strong><br />(-20 for losing)
|l|☆levi6969
|player|p2|
|l|☆Pergame
|player|p1|
