|j|☆plk1234
|j|☆sudks
|t:|1757938546
|gametype|singles
|player|p1|plk1234|101|1369
|player|p2|sudks|101|1423
|gen|9
|tier|[Gen 9] OU
|rated|
|rule|HP Percentage Mod: HP is shown in percentages
|rule|Endless Battle Clause: Forcing endless battles is banned
|rule|Species Clause: Limit one of each Pokémon
|rule|OHKO Clause: OHKO moves are banned
|rule|Evasion Items Clause: Evasion items are banned
|rule|Evasion Moves Clause: Evasion moves are banned
|rule|Evasion Abilities Clause: Evasion abilities are banned
|rule|Sleep Moves Clause: Sleep-inducing moves are banned
|clearpoke
|poke|p1|Blastoise, M|
|poke|p1|Manaphy|
|poke|p1|Dragonite, F|
|poke|p1|Decidueye, F|
|poke|p1|Zapdos-Galar|
|poke|p1|Heatran, M|
|poke|p2|Ninetales, M|
|poke|p2|Venusaur, M|
|poke|p2|Raging Bolt|
|poke|p2|Great Tusk|
|poke|p2|Kingambit, F|
|poke|p2|Iron Crown|
|teampreview
|inactive|Battle timer is ON: inactive players will automatically lose when time's up. (requested by plk1234)
|
|t:|1757938566
|teamsize|p1|6
|teamsize|p2|6
|start
|switch|p1a: Heatran|Heatran, M|100/100
|switch|p2a: Great Tusk|Great Tusk|100/100
|-item|p1a: Heatran|Air Balloon
|turn|1
|
|t:|1757938574
|move|p2a: Great Tusk|Knock Off|p1a: Heatran
|-damage|p1a: Heatran|75/100
|-enditem|p1a: Heatran|Air Balloon
|move|p1a: Heatran|Lava Plume|p2a: Great Tusk
|-damage|p2a: Great Tusk|71/100
|-status|p2a: Great Tusk|brn
|
|-damage|p2a: Great Tusk|65/100 brn|[from] brn
|upkeep
|turn|2
|
|t:|1757938593
|-terastallize|p1a: Heatran|Grass
|move|p2a: Great Tusk|Close Combat|p1a: Heatran
|-damage|p1a: Heatran|54/100
|-unboost|p2a: Great Tusk|def|1
|-unboost|p2a: Great Tusk|spd|1
|move|p1a: Heatran|Lava Plume|p2a: Great Tusk
|-damage|p2a: Great Tusk|19/100 brn
|
|-damage|p2a: Great Tusk|13/100 brn|[from] brn
|upkeep
|turn|3
|
|t:|1757938611
|-end|p2a: Great Tusk|Protosynthesis|[silent]
|switch|p2a: Ninetales|Ninetales, M|100/100
|-weather|SunnyDay|[from] ability: Drought|[of] p2a: Ninetales
|move|p1a: Heatran|Earth Power|p2a: Ninetales
|-supereffective|p2a: Ninetales
|-damage|p2a: Ninetales|37/100
|
|-weather|SunnyDay|[upkeep]
|upkeep
|turn|4
|
|t:|1757938623
|move|p2a: Ninetales|Weather Ball|p1a: Heatran
|-start|p1a: Heatran|ability: Flash Fire
|move|p1a: Heatran|Stealth Rock|p2a: Ninetales
|-sidestart|p2: sudks|move: Stealth Rock
|
|-weather|SunnyDay|[upkeep]
|upkeep
|turn|5
|
|t:|1757938636
|switch|p2a: Raging Bolt|Raging Bolt|100/100
|-damage|p2a: Raging Bolt|88/100|[from] Stealth Rock
|-activate|p2a: Raging Bolt|ability: Protosynthesis
|-start|p2a: Raging Bolt|protosynthesisspa
|move|p1a: Heatran|Lava Plume|p2a: Raging Bolt
|-resisted|p2a: Raging Bolt
|-damage|p2a: Raging Bolt|54/100
|
|-weather|SunnyDay|[upkeep]
|-heal|p2a: Raging Bolt|60/100|[from] item: Leftovers
|upkeep
|turn|6
|
|t:|1757938658
|move|p2a: Raging Bolt|Dragon Pulse|p1a: Heatran
|-damage|p1a: Heatran|6/100
|move|p1a: Heatran|Earth Power|p2a: Raging Bolt
|-supereffective|p2a: Raging Bolt
|-damage|p2a: Raging Bolt|16/100
|
|-weather|SunnyDay|[upkeep]
|-heal|p2a: Raging Bolt|22/100|[from] item: Leftovers
|upkeep
|turn|7
|
|t:|1757938672
|move|p2a: Raging Bolt|Dragon Pulse|p1a: Heatran
|-damage|p1a: Heatran|0 fnt
|faint|p1a: Heatran
|
|-weather|SunnyDay|[upkeep]
|-heal|p2a: Raging Bolt|29/100|[from] item: Leftovers
|upkeep
|
|t:|1757938684
|switch|p1a: Decidueye|Decidueye, F|100/100
|turn|8
|
|t:|1757938696
|move|p2a: Raging Bolt|Thunderclap|p1a: Decidueye
|-resisted|p1a: Decidueye
|-damage|p1a: Decidueye|77/100
|move|p1a: Decidueye|Leaf Blade|p2a: Raging Bolt
|-resisted|p2a: Raging Bolt
|-crit|p2a: Raging Bolt
|-damage|p2a: Raging Bolt|0 fnt
|faint|p2a: Raging Bolt
|-end|p2a: Raging Bolt|Protosynthesis|[silent]
|
|-weather|SunnyDay|[upkeep]
|upkeep
|
|t:|1757938706
|switch|p2a: Ninetales|Ninetales, M|37/100
|-damage|p2a: Ninetales|12/100|[from] Stealth Rock
|turn|9
|
|t:|1757938714
|move|p1a: Decidueye|Shadow Sneak|p2a: Ninetales
|-crit|p2a: Ninetales
|-damage|p2a: Ninetales|0 fnt
|faint|p2a: Ninetales
|
|-weather|SunnyDay|[upkeep]
|upkeep
|
|t:|1757938723
|switch|p2a: Venusaur|Venusaur, M|100/100
|-damage|p2a: Venusaur|88/100|[from] Stealth Rock
|turn|10
|
|t:|1757938736
|move|p1a: Decidueye|Shadow Sneak|p2a: Venusaur
|-crit|p2a: Venusaur
|-damage|p2a: Venusaur|46/100
|move|p2a: Venusaur|Growth|p2a: Venusaur
|-boost|p2a: Venusaur|atk|2
|-boost|p2a: Venusaur|spa|2
|
|-weather|none
|upkeep
|turn|11
|
|t:|1757938744
|move|p1a: Decidueye|Shadow Sneak|p2a: Venusaur
|-damage|p2a: Venusaur|21/100
|move|p2a: Venusaur|Weather Ball|p1a: Decidueye
|-immune|p1a: Decidueye
|
|upkeep
|turn|12
|l|☆plk1234
|inactive|plk1234 disconnected and has a minute to reconnect!
|player|p1|
|j|☆plk1234
|inactive|plk1234 reconnected and has 110 seconds left.
|player|p1|plk1234|101|
|
|t:|1757938789
|move|p1a: Decidueye|Shadow Sneak|p2a: Venusaur
|-damage|p2a: Venusaur|0 fnt
|faint|p2a: Venusaur
|
|upkeep
|
|t:|1757938797
|switch|p2a: Kingambit|Kingambit, F|100/100
|-damage|p2a: Kingambit|94/100|[from] Stealth Rock
|-activate|p2a: Kingambit|ability: Supreme Overlord
|-start|p2a: Kingambit|fallen3|[silent]
|turn|13
|inactive|plk1234 has 120 seconds left.
|
|t:|1757938809
|move|p1a: Decidueye|Leaf Blade|p2a: Kingambit
|-resisted|p2a: Kingambit
|-damage|p2a: Kingambit|78/100
|move|p2a: Kingambit|Kowtow Cleave|p1a: Decidueye
|-supereffective|p1a: Decidueye
|-damage|p1a: Decidueye|0 fnt
|faint|p1a: Decidueye
|
|upkeep
|inactive|plk1234 has 120 seconds left.
|
|t:|1757938825
|switch|p1a: Blastoise|Blastoise, M|100/100
|turn|14
|inactive|sudks has 120 seconds left.
|
|t:|1757938858
|move|p1a: Blastoise|Aura Sphere|p2a: Kingambit
|-supereffective|p2a: Kingambit
|-damage|p2a: Kingambit|11/100
|move|p2a: Kingambit|Kowtow Cleave|p1a: Blastoise
|-damage|p1a: Blastoise|24/100
|
|upkeep
|turn|15
|inactive|plk1234 has 120 seconds left.
|l|☆plk1234
|inactive|plk1234 disconnected and has a minute to reconnect!
|player|p1|
|j|☆plk1234
|inactive|plk1234 reconnected and has 95 seconds left.
|player|p1|plk1234|101|
|
|t:|1757938897
|move|p2a: Kingambit|Sucker Punch||[still]
|-fail|p2a: Kingambit
|move|p1a: Blastoise|Shell Smash|p1a: Blastoise
|-unboost|p1a: Blastoise|def|1
|-unboost|p1a: Blastoise|spd|1
|-boost|p1a: Blastoise|atk|2
|-boost|p1a: Blastoise|spa|2
|-boost|p1a: Blastoise|spe|2
|-enditem|p1a: Blastoise|White Herb
|-clearnegativeboost|p1a: Blastoise|[silent]
|
|upkeep
|turn|16
|
|t:|1757938907
|move|p2a: Kingambit|Sucker Punch||[still]
|-fail|p2a: Kingambit
|move|p1a: Blastoise|Shell Smash|p1a: Blastoise
|-unboost|p1a: Blastoise|def|1
|-unboost|p1a: Blastoise|spd|1
|-boost|p1a: Blastoise|atk|2
|-boost|p1a: Blastoise|spa|2
|-boost|p1a: Blastoise|spe|2
|
|upkeep
|turn|17
|
|t:|1757938916
|move|p2a: Kingambit|Sucker Punch|p1a: Blastoise
|-damage|p1a: Blastoise|0 fnt
|faint|p1a: Blastoise
|
|upkeep
|
|t:|1757938929
|switch|p1a: Manaphy|Manaphy|100/100
|turn|18
|
|t:|1757938934
|move|p1a: Manaphy|Acid Armor|p1a: Manaphy
|-boost|p1a: Manaphy|def|2
|move|p2a: Kingambit|Kowtow Cleave|p1a: Manaphy
|-damage|p1a: Manaphy|70/100
|
|-heal|p1a: Manaphy|76/100|[from] item: Leftovers
|upkeep
|turn|19
|
|t:|1757938944
|move|p1a: Manaphy|Scald|p2a: Kingambit
|-damage|p2a: Kingambit|0 fnt
|faint|p2a: Kingambit
|-end|p2a: Kingambit|fallen3|[silent]
|
|-heal|p1a: Manaphy|83/100|[from] item: Leftovers
|upkeep
|
|t:|1757938952
|switch|p2a: Iron Crown|Iron Crown|100/100
|-damage|p2a: Iron Crown|94/100|[from] Stealth Rock
|turn|20
|inactive|plk1234 has 120 seconds left.
|
|t:|1757938958
|move|p2a: Iron Crown|Psychic|p1a: Manaphy
|-damage|p1a: Manaphy|49/100
|move|p1a: Manaphy|Calm Mind|p1a: Manaphy
|-boost|p1a: Manaphy|spa|1
|-boost|p1a: Manaphy|spd|1
|
|-heal|p1a: Manaphy|55/100|[from] item: Leftovers
|upkeep
|turn|21
|
|t:|1757938967
|move|p2a: Iron Crown|Volt Switch|p1a: Manaphy
|-supereffective|p1a: Manaphy
|-damage|p1a: Manaphy|32/100
|
|t:|1757938971
|-end|p2a: Iron Crown|Quark Drive|[silent]
|switch|p2a: Great Tusk|Great Tusk|13/100 brn|[from] Volt Switch
|-damage|p2a: Great Tusk|10/100 brn|[from] Stealth Rock
|move|p1a: Manaphy|Scald|p2a: Great Tusk
|-supereffective|p2a: Great Tusk
|-damage|p2a: Great Tusk|0 fnt
|faint|p2a: Great Tusk
|-end|p2a: Great Tusk|Protosynthesis|[silent]
|
|-heal|p1a: Manaphy|38/100|[from] item: Leftovers
|upkeep
|
|t:|1757938981
|switch|p2a: Iron Crown|Iron Crown|94/100
|-damage|p2a: Iron Crown|88/100|[from] Stealth Rock
|turn|22
|
|t:|1757938987
|move|p2a: Iron Crown|Volt Switch|p1a: Manaphy
|-supereffective|p1a: Manaphy
|-damage|p1a: Manaphy|15/100
|move|p1a: Manaphy|Scald|p2a: Iron Crown
|-damage|p2a: Iron Crown|44/100
|
|-heal|p1a: Manaphy|21/100|[from] item: Leftovers
|upkeep
|turn|23
|
|t:|1757938997
|move|p2a: Iron Crown|Volt Switch|p1a: Manaphy
|-supereffective|p1a: Manaphy
|-damage|p1a: Manaphy|0 fnt
|faint|p1a: Manaphy
|
|upkeep
|
|t:|1757939003
|switch|p1a: Zapdos|Zapdos-Galar|100/100
|turn|24
|
|t:|1757939008
|move|p1a: Zapdos|Knock Off|p2a: Iron Crown
|-supereffective|p2a: Iron Crown
|-damage|p2a: Iron Crown|0 fnt
|faint|p2a: Iron Crown
|-end|p2a: Iron Crown|Quark Drive|[silent]
|
|win|plk1234
|raw|plk1234's rating: 1369 &rarr; <strong>1392</strong><br />(+23 for winning)
|raw|sudks's rating: 1423 &rarr; <strong>1400</strong><br />(-23 for losing)
|l|☆sudks
|player|p2|
|l|☆plk1234
|player|p1|
