|j|☆Shshgshejejdd
|j|☆Aeroneoooo
|t:|1757868566
|gametype|singles
|player|p1|Shshgshejejdd|101|1162
|player|p2|Aeroneoooo|1|1146
|gen|9
|tier|[Gen 9] OU
|rated|
|rule|HP Percentage Mod: HP is shown in percentages
|rule|Endless Battle Clause: Forcing endless battles is banned
|rule|Species Clause: Limit one of each Pokémon
|rule|OHKO Clause: OHKO moves are banned
|rule|Evasion Items Clause: Evasion items are banned
|rule|Evasion Moves Clause: Evasion moves are banned
|rule|Evasion Abilities Clause: Evasion abilities are banned
|rule|Sleep Moves Clause: Sleep-inducing moves are banned
|clearpoke
|poke|p1|Chandelure, F|
|poke|p1|Haxorus, M|
|poke|p1|Hitmontop, M|
|poke|p1|Whimsicott, M|
|poke|p1|Samurott-Hisui, F|
|poke|p1|Scizor, M|
|poke|p2|Braviary-Hisui, M|
|poke|p2|Flareon, F|
|poke|p2|Gliscor, F|
|poke|p2|Dragapult, F|
|poke|p2|Gengar, M|
|poke|p2|Latios, M|
|teampreview
|
|t:|1757868578
|teamsize|p1|6
|teamsize|p2|6
|start
|switch|p1a: Beyblade|Hitmontop, M, shiny|100/100
|switch|p2a: Dragapult|Dragapult, F|100/100
|turn|1
|
|t:|1757868587
|move|p2a: Dragapult|Shadow Ball|p1a: Beyblade
|-damage|p1a: Beyblade|49/100
|move|p1a: Beyblade|Triple Axel|p2a: Dragapult
|-supereffective|p2a: Dragapult
|-damage|p2a: Dragapult|77/100
|-supereffective|p2a: Dragapult
|-damage|p2a: Dragapult|27/100
|-supereffective|p2a: Dragapult
|-damage|p2a: Dragapult|0 fnt
|faint|p2a: Dragapult
|-hitcount|p2: Dragapult|3
|
|upkeep
|
|t:|1757868596
|switch|p2a: Flareon|Flareon, F|100/100
|turn|2
|
|t:|1757868601
|switch|p1a: Candle|Chandelure, F|100/100
|move|p2a: Flareon|Flame Charge|p1a: Candle
|-start|p1a: Candle|ability: Flash Fire
|
|-status|p2a: Flareon|tox|[from] item: Toxic Orb
|upkeep
|turn|3
|
|t:|1757868607
|move|p1a: Candle|Shadow Ball|p2a: Flareon
|-damage|p2a: Flareon|44/100 tox
|move|p2a: Flareon|Trailblaze|p1a: Candle
|-resisted|p1a: Candle
|-damage|p1a: Candle|81/100
|-boost|p2a: Flareon|spe|1
|
|-damage|p2a: Flareon|38/100 tox|[from] psn
|upkeep
|turn|4
|
|t:|1757868613
|move|p1a: Candle|Shadow Ball|p2a: Flareon
|-damage|p2a: Flareon|0 fnt
|faint|p2a: Flareon
|
|upkeep
|
|t:|1757868625
|switch|p2a: Gliscor|Gliscor, F|100/100
|turn|5
|
|t:|1757868628
|move|p1a: Candle|Shadow Ball|p2a: Gliscor
|-damage|p2a: Gliscor|39/100
|move|p2a: Gliscor|Knock Off|p1a: Candle
|-supereffective|p1a: Candle
|-damage|p1a: Candle|0 fnt
|-enditem|p1a: Candle|Choice Scarf|[from] move: Knock Off|[of] p2a: Gliscor
|faint|p1a: Candle
|
|-status|p2a: Gliscor|tox|[from] item: Toxic Orb
|upkeep
|
|t:|1757868637
|switch|p1a: Marshmallow|Whimsicott, M, shiny|100/100
|turn|6
|
|t:|1757868643
|move|p1a: Marshmallow|Leech Seed|p2a: Gliscor|[miss]
|-miss|p1a: Marshmallow|p2a: Gliscor
|move|p2a: Gliscor|Facade|p1a: Marshmallow
|-damage|p1a: Marshmallow|55/100
|
|-heal|p1a: Marshmallow|61/100|[from] item: Leftovers
|-heal|p2a: Gliscor|52/100 tox|[from] ability: Poison Heal
|upkeep
|turn|7
|
|t:|1757868649
|move|p1a: Marshmallow|Encore|p2a: Gliscor
|-start|p2a: Gliscor|Encore
|move|p2a: Gliscor|Facade|p1a: Marshmallow
|-damage|p1a: Marshmallow|9/100
|
|-heal|p1a: Marshmallow|16/100|[from] item: Leftovers
|-heal|p2a: Gliscor|64/100 tox|[from] ability: Poison Heal
|upkeep
|turn|8
|
|t:|1757868656
|move|p1a: Marshmallow|Protect|p1a: Marshmallow
|-singleturn|p1a: Marshmallow|Protect
|move|p2a: Gliscor|Facade|p1a: Marshmallow
|-activate|p1a: Marshmallow|move: Protect
|
|-heal|p1a: Marshmallow|22/100|[from] item: Leftovers
|-heal|p2a: Gliscor|76/100 tox|[from] ability: Poison Heal
|upkeep
|turn|9
|
|t:|1757868662
|move|p1a: Marshmallow|Leech Seed|p2a: Gliscor
|-start|p2a: Gliscor|move: Leech Seed
|move|p2a: Gliscor|Facade|p1a: Marshmallow
|-damage|p1a: Marshmallow|0 fnt
|faint|p1a: Marshmallow
|
|-heal|p2a: Gliscor|89/100 tox|[from] ability: Poison Heal
|-end|p2a: Gliscor|Encore
|upkeep
|
|t:|1757868669
|switch|p1a: Sensei Dilly|Samurott-Hisui, F|100/100
|turn|10
|
|t:|1757868680
|move|p1a: Sensei Dilly|Ceaseless Edge|p2a: Gliscor
|-damage|p2a: Gliscor|42/100 tox
|-sidestart|p2: Aeroneoooo|Spikes
|move|p2a: Gliscor|Facade|p1a: Sensei Dilly
|-crit|p1a: Sensei Dilly
|-damage|p1a: Sensei Dilly|25/100
|
|-damage|p2a: Gliscor|30/100 tox|[from] Leech Seed|[of] p1a: Sensei Dilly
|-heal|p1a: Sensei Dilly|36/100|[silent]
|-heal|p2a: Gliscor|42/100 tox|[from] ability: Poison Heal
|upkeep
|turn|11
|
|t:|1757868690
|move|p1a: Sensei Dilly|Ceaseless Edge|p2a: Gliscor
|-damage|p2a: Gliscor|0 fnt
|-sidestart|p2: Aeroneoooo|Spikes
|faint|p2a: Gliscor
|
|upkeep
|
|t:|1757868693
|switch|p2a: Gengar|Gengar, M|100/100
|-damage|p2a: Gengar|84/100|[from] Spikes
|turn|12
|
|t:|1757868698
|move|p2a: Gengar|Shadow Ball|p1a: Sensei Dilly
|-resisted|p1a: Sensei Dilly
|-damage|p1a: Sensei Dilly|0 fnt
|faint|p1a: Sensei Dilly
|
|upkeep
|
|t:|1757868702
|switch|p1a: Critter|Scizor, M, shiny|100/100
|turn|13
|
|t:|1757868705
|move|p2a: Gengar|Shadow Ball|p1a: Critter
|-damage|p1a: Critter|19/100
|move|p1a: Critter|Knock Off|p2a: Gengar
|-supereffective|p2a: Gengar
|-crit|p2a: Gengar
|-damage|p2a: Gengar|0 fnt
|-enditem|p2a: Gengar|Choice Specs|[from] move: Knock Off|[of] p1a: Critter
|faint|p2a: Gengar
|
|upkeep
|
|t:|1757868713
|switch|p2a: Braviary|Braviary-Hisui, M|100/100
|turn|14
|
|t:|1757868715
|move|p2a: Braviary|Esper Wing|p1a: Critter
|-resisted|p1a: Critter
|-damage|p1a: Critter|0 fnt
|-boost|p2a: Braviary|spe|1
|faint|p1a: Critter
|
|upkeep
|
|t:|1757868723
|switch|p1a: Beyblade|Hitmontop, M, shiny|49/100
|turn|15
|
|t:|1757868727
|move|p1a: Beyblade|Fake Out|p2a: Braviary
|-damage|p2a: Braviary|80/100
|cant|p2a: Braviary|flinch
|
|upkeep
|turn|16
|
|t:|1757868729
|move|p2a: Braviary|Esper Wing|p1a: Beyblade
|-supereffective|p1a: Beyblade
|-damage|p1a: Beyblade|0 fnt
|-boost|p2a: Braviary|spe|1
|faint|p1a: Beyblade
|
|upkeep
|
|t:|1757868731
|switch|p1a: King|Haxorus, M, shiny|100/100
|-ability|p1a: King|Mold Breaker
|turn|17
|
|t:|1757868743
|-terastallize|p1a: King|Steel
|move|p2a: Braviary|Dazzling Gleam|p1a: King
|-resisted|p1a: King
|-damage|p1a: King|55/100
|move|p1a: King|Swords Dance|p1a: King
|-boost|p1a: King|atk|2
|
|upkeep
|turn|18
|
|t:|1757868751
|move|p2a: Braviary|Heat Wave|p1a: King
|-supereffective|p1a: King
|-damage|p1a: King|0 fnt
|faint|p1a: King
|
|win|Aeroneoooo
|raw|Shshgshejejdd's rating: 1162 &rarr; <strong>1136</strong><br />(-26 for losing)
|raw|Aeroneoooo's rating: 1146 &rarr; <strong>1172</strong><br />(+26 for winning)
|l|☆Shshgshejejdd
|player|p1|
