|j|☆Tiquem
|j|☆0v3rk1ll3r
|t:|1757806546
|gametype|singles
|player|p1|Tiquem|dawn-gen4pt|1289
|player|p2|0v3rk1ll3r|hilbert|1240
|gen|9
|tier|[Gen 9] OU
|rated|
|rule|HP Percentage Mod: HP is shown in percentages
|rule|Endless Battle Clause: Forcing endless battles is banned
|rule|Species Clause: Limit one of each Pokémon
|rule|OHKO Clause: OHKO moves are banned
|rule|Evasion Items Clause: Evasion items are banned
|rule|Evasion Moves Clause: Evasion moves are banned
|rule|Evasion Abilities Clause: Evasion abilities are banned
|rule|Sleep Moves Clause: Sleep-inducing moves are banned
|clearpoke
|poke|p1|Iron Crown|
|poke|p1|Iron Hands|
|poke|p1|Grimmsnarl, M|
|poke|p1|Great Tusk|
|poke|p1|Dragonite, F|
|poke|p1|Glimmora, M|
|poke|p2|Samurott-Hisui, F|
|poke|p2|Tornadus-Therian, M|
|poke|p2|Pecharunt|
|poke|p2|Great Tusk|
|poke|p2|Clefable, F|
|poke|p2|Zamazenta-*|
|teampreview
|inactive|Battle timer is ON: inactive players will automatically lose when time's up. (requested by Tiquem)
|
|t:|1757806551
|teamsize|p1|6
|teamsize|p2|6
|start
|switch|p1a: Grimmsnarl|Grimmsnarl, M, shiny|100/100
|switch|p2a: Great Tusk|Great Tusk|100/100
|turn|1
|
|t:|1757806557
|move|p1a: Grimmsnarl|Reflect|p1a: Grimmsnarl
|-sidestart|p1: Tiquem|Reflect
|move|p2a: Great Tusk|Stealth Rock|p1a: Grimmsnarl
|-sidestart|p1: Tiquem|move: Stealth Rock
|
|upkeep
|turn|2
|
|t:|1757806562
|move|p1a: Grimmsnarl|Light Screen|p1a: Grimmsnarl
|-sidestart|p1: Tiquem|move: Light Screen
|move|p2a: Great Tusk|Knock Off|p1a: Grimmsnarl
|-resisted|p1a: Grimmsnarl
|-damage|p1a: Grimmsnarl|97/100
|-enditem|p1a: Grimmsnarl|Light Clay|[from] move: Knock Off|[of] p2a: Great Tusk
|
|upkeep
|turn|3
|
|t:|1757806570
|move|p2a: Great Tusk|Headlong Rush|p1a: Grimmsnarl
|-damage|p1a: Grimmsnarl|70/100
|-unboost|p2a: Great Tusk|def|1
|-unboost|p2a: Great Tusk|spd|1
|move|p1a: Grimmsnarl|Spirit Break|p2a: Great Tusk
|-supereffective|p2a: Great Tusk
|-damage|p2a: Great Tusk|41/100
|-unboost|p2a: Great Tusk|spa|1
|
|upkeep
|turn|4
|
|t:|1757806590
|-end|p2a: Great Tusk|Protosynthesis|[silent]
|switch|p2a: Pecharunt|Pecharunt|100/100
|move|p1a: Grimmsnarl|Spirit Break|p2a: Pecharunt
|-resisted|p2a: Pecharunt
|-damage|p2a: Pecharunt|93/100
|-unboost|p2a: Pecharunt|spa|1
|
|upkeep
|turn|5
|
|t:|1757806599
|move|p1a: Grimmsnarl|Parting Shot|p2a: Pecharunt
|-unboost|p2a: Pecharunt|atk|1
|-unboost|p2a: Pecharunt|spa|1
|
|t:|1757806605
|switch|p1a: Glimmora|Glimmora, M|100/100|[from] Parting Shot
|-damage|p1a: Glimmora|88/100|[from] Stealth Rock
|move|p2a: Pecharunt|Parting Shot|p1a: Glimmora
|-unboost|p1a: Glimmora|atk|1
|-unboost|p1a: Glimmora|spa|1
|
|t:|1757806614
|switch|p2a: Samurott|Samurott-Hisui, F|100/100|[from] Parting Shot
|
|upkeep
|turn|6
|
|t:|1757806623
|-terastallize|p1a: Glimmora|Fairy
|move|p1a: Glimmora|Meteor Beam||[still]
|-prepare|p1a: Glimmora|Meteor Beam
|-boost|p1a: Glimmora|spa|1
|-enditem|p1a: Glimmora|Power Herb
|-anim|p1a: Glimmora|Meteor Beam|p2a: Samurott|[miss]
|-miss|p1a: Glimmora|p2a: Samurott
|move|p2a: Samurott|Razor Shell|p1a: Glimmora
|-damage|p1a: Glimmora|59/100
|-unboost|p1a: Glimmora|def|1
|-activate|p1a: Glimmora|ability: Toxic Debris
|-sidestart|p2: 0v3rk1ll3r|move: Toxic Spikes
|
|upkeep
|turn|7
|
|t:|1757806636
|switch|p2a: Great Tusk|Great Tusk|41/100
|move|p1a: Glimmora|Dazzling Gleam|p2a: Great Tusk
|-supereffective|p2a: Great Tusk
|-damage|p2a: Great Tusk|0 fnt
|faint|p2a: Great Tusk
|-end|p2a: Great Tusk|Protosynthesis|[silent]
|
|upkeep
|
|t:|1757806646
|switch|p2a: Pecharunt|Pecharunt|93/100
|-sideend|p2: 0v3rk1ll3r|move: Toxic Spikes|[of] p2a: Pecharunt
|turn|8
|
|t:|1757806655
|move|p1a: Glimmora|Earth Power|p2a: Pecharunt
|-supereffective|p2a: Pecharunt
|-damage|p2a: Pecharunt|21/100
|move|p2a: Pecharunt|Malignant Chain|p1a: Glimmora
|-supereffective|p1a: Glimmora
|-damage|p1a: Glimmora|18/100
|
|-sideend|p1: Tiquem|Reflect
|upkeep
|turn|9
|
|t:|1757806659
|move|p1a: Glimmora|Earth Power|p2a: Pecharunt
|-supereffective|p2a: Pecharunt
|-damage|p2a: Pecharunt|0 fnt
|faint|p2a: Pecharunt
|
|-sideend|p1: Tiquem|move: Light Screen
|upkeep
|
|t:|1757806668
|switch|p2a: Tornadus|Tornadus-Therian, M|100/100
|turn|10
|
|t:|1757806688
|switch|p1a: Grimmsnarl|Grimmsnarl, M, shiny|70/100
|-damage|p1a: Grimmsnarl|58/100|[from] Stealth Rock
|move|p2a: Tornadus|Nasty Plot|p2a: Tornadus
|-boost|p2a: Tornadus|spa|2
|
|upkeep
|turn|11
|
|t:|1757806695
|move|p1a: Grimmsnarl|Light Screen|p1a: Grimmsnarl
|-sidestart|p1: Tiquem|move: Light Screen
|move|p2a: Tornadus|Bleakwind Storm|p1a: Grimmsnarl
|-damage|p1a: Grimmsnarl|0 fnt
|faint|p1a: Grimmsnarl
|-damage|p2a: Tornadus|91/100|[from] item: Life Orb
|
|upkeep
|inactive|Tiquem has 120 seconds left.
|
|t:|1757806736
|switch|p1a: Dragonite|Dragonite, F|100/100
|-damage|p1a: Dragonite|76/100|[from] Stealth Rock
|turn|12
|
|t:|1757806742
|move|p2a: Tornadus|Bleakwind Storm|p1a: Dragonite
|-damage|p1a: Dragonite|10/100
|-damage|p2a: Tornadus|81/100|[from] item: Life Orb
|move|p1a: Dragonite|Scale Shot|p2a: Tornadus
|-damage|p2a: Tornadus|61/100
|-damage|p2a: Tornadus|40/100
|-damage|p2a: Tornadus|21/100
|-damage|p2a: Tornadus|2/100
|-damage|p2a: Tornadus|0 fnt
|faint|p2a: Tornadus
|-hitcount|p2: Tornadus|5
|-unboost|p1a: Dragonite|def|1
|-boost|p1a: Dragonite|spe|1
|
|upkeep
|
|t:|1757806760
|switch|p2a: Samurott|Samurott-Hisui, F|100/100
|turn|13
|
|t:|1757806766
|move|p1a: Dragonite|Scale Shot|p2a: Samurott
|-damage|p2a: Samurott|84/100
|-damage|p2a: Samurott|67/100
|-damage|p2a: Samurott|50/100
|-damage|p2a: Samurott|32/100
|-damage|p2a: Samurott|15/100
|-hitcount|p2a: Samurott|5
|-unboost|p1a: Dragonite|def|1
|-boost|p1a: Dragonite|spe|1
|move|p2a: Samurott|Ceaseless Edge|p1a: Dragonite
|-damage|p1a: Dragonite|0 fnt
|-sidestart|p1: Tiquem|Spikes
|faint|p1a: Dragonite
|
|upkeep
|inactive|Tiquem has 120 seconds left.
|
|t:|1757806778
|switch|p1a: Iron Hands|Iron Hands|100/100
|-damage|p1a: Iron Hands|94/100|[from] Stealth Rock
|-damage|p1a: Iron Hands|82/100|[from] Spikes
|turn|14
|
|t:|1757806781
|move|p2a: Samurott|Sucker Punch|p1a: Iron Hands
|-resisted|p1a: Iron Hands
|-damage|p1a: Iron Hands|73/100
|move|p1a: Iron Hands|Drain Punch|p2a: Samurott
|-supereffective|p2a: Samurott
|-damage|p2a: Samurott|0 fnt
|-heal|p1a: Iron Hands|78/100|[from] drain|[of] p2a: Samurott
|faint|p2a: Samurott
|
|-heal|p1a: Iron Hands|84/100|[from] item: Leftovers
|upkeep
|
|t:|1757806785
|switch|p2a: Clefable|Clefable, F|100/100
|turn|15
|
|t:|1757806796
|-end|p1a: Iron Hands|Quark Drive|[silent]
|switch|p1a: Iron Crown|Iron Crown|100/100
|-damage|p1a: Iron Crown|94/100|[from] Stealth Rock
|-damage|p1a: Iron Crown|82/100|[from] Spikes
|-enditem|p1a: Iron Crown|Booster Energy
|-activate|p1a: Iron Crown|ability: Quark Drive|[fromitem]
|-start|p1a: Iron Crown|quarkdrivespe
|move|p2a: Clefable|Calm Mind|p2a: Clefable
|-boost|p2a: Clefable|spa|1
|-boost|p2a: Clefable|spd|1
|
|-sideend|p1: Tiquem|move: Light Screen
|upkeep
|turn|16
|
|t:|1757806805
|-terastallize|p2a: Clefable|Water
|move|p1a: Iron Crown|Calm Mind|p1a: Iron Crown
|-boost|p1a: Iron Crown|spa|1
|-boost|p1a: Iron Crown|spd|1
|move|p2a: Clefable|Flamethrower|p1a: Iron Crown
|-supereffective|p1a: Iron Crown
|-damage|p1a: Iron Crown|44/100
|
|upkeep
|turn|17
|
|t:|1757806821
|move|p1a: Iron Crown|Calm Mind|p1a: Iron Crown
|-boost|p1a: Iron Crown|spa|1
|-boost|p1a: Iron Crown|spd|1
|move|p2a: Clefable|Flamethrower|p1a: Iron Crown
|-supereffective|p1a: Iron Crown
|-damage|p1a: Iron Crown|17/100
|
|upkeep
|turn|18
|
|t:|1757806824
|move|p1a: Iron Crown|Stored Power|p2a: Clefable
|-damage|p2a: Clefable|42/100
|move|p2a: Clefable|Flamethrower|p1a: Iron Crown
|-supereffective|p1a: Iron Crown
|-damage|p1a: Iron Crown|0 fnt
|faint|p1a: Iron Crown
|-end|p1a: Iron Crown|Quark Drive|[silent]
|
|-heal|p2a: Clefable|48/100|[from] item: Leftovers
|upkeep
|
|t:|1757806826
|switch|p1a: Iron Hands|Iron Hands|84/100
|-damage|p1a: Iron Hands|78/100|[from] Stealth Rock
|-damage|p1a: Iron Hands|65/100|[from] Spikes
|turn|19
|
|t:|1757806829
|move|p2a: Clefable|Moonlight|p2a: Clefable
|-heal|p2a: Clefable|98/100
|move|p1a: Iron Hands|Thunder Punch|p2a: Clefable
|-supereffective|p2a: Clefable
|-damage|p2a: Clefable|37/100
|
|-heal|p2a: Clefable|43/100|[from] item: Leftovers
|-heal|p1a: Iron Hands|71/100|[from] item: Leftovers
|upkeep
|turn|20
|
|t:|1757806836
|move|p2a: Clefable|Moonblast|p1a: Iron Hands
|-supereffective|p1a: Iron Hands
|-damage|p1a: Iron Hands|1/100
|move|p1a: Iron Hands|Thunder Punch|p2a: Clefable
|-supereffective|p2a: Clefable
|-damage|p2a: Clefable|0 fnt
|faint|p2a: Clefable
|
|-heal|p1a: Iron Hands|7/100|[from] item: Leftovers
|upkeep
|
|t:|1757806838
|switch|p2a: Zamazenta|Zamazenta|100/100
|-ability|p2a: Zamazenta|Dauntless Shield|boost
|-boost|p2a: Zamazenta|def|1
|turn|21
|
|t:|1757806848
|move|p2a: Zamazenta|Heavy Slam|p1a: Iron Hands
|-resisted|p1a: Iron Hands
|-damage|p1a: Iron Hands|3/100
|move|p1a: Iron Hands|Drain Punch|p2a: Zamazenta
|-damage|p2a: Zamazenta|75/100
|-heal|p1a: Iron Hands|11/100|[from] drain|[of] p2a: Zamazenta
|
|-heal|p1a: Iron Hands|17/100|[from] item: Leftovers
|upkeep
|turn|22
|
|t:|1757806858
|move|p2a: Zamazenta|Stone Edge|p1a: Iron Hands
|-resisted|p1a: Iron Hands
|-crit|p1a: Iron Hands
|-damage|p1a: Iron Hands|1/100
|move|p1a: Iron Hands|Drain Punch|p2a: Zamazenta
|-damage|p2a: Zamazenta|52/100
|-heal|p1a: Iron Hands|9/100|[from] drain|[of] p2a: Zamazenta
|
|-heal|p1a: Iron Hands|15/100|[from] item: Leftovers
|upkeep
|turn|23
|
|t:|1757806863
|move|p2a: Zamazenta|Close Combat|p1a: Iron Hands
|-damage|p1a: Iron Hands|0 fnt
|-unboost|p2a: Zamazenta|def|1
|-unboost|p2a: Zamazenta|spd|1
|faint|p1a: Iron Hands
|-end|p1a: Iron Hands|Quark Drive|[silent]
|
|upkeep
|
|t:|1757806871
|switch|p1a: Great Tusk|Great Tusk|100/100
|-damage|p1a: Great Tusk|98/100|[from] Stealth Rock
|-damage|p1a: Great Tusk|85/100|[from] Spikes
|-enditem|p1a: Great Tusk|Booster Energy
|-activate|p1a: Great Tusk|ability: Protosynthesis|[fromitem]
|-start|p1a: Great Tusk|protosynthesisspe
|turn|24
|
|t:|1757806878
|move|p1a: Great Tusk|Headlong Rush|p2a: Zamazenta
|-crit|p2a: Zamazenta
|-damage|p2a: Zamazenta|0 fnt
|-unboost|p1a: Great Tusk|def|1
|-unboost|p1a: Great Tusk|spd|1
|faint|p2a: Zamazenta
|
|win|Tiquem
|raw|Tiquem's rating: 1289 &rarr; <strong>1310</strong><br />(+21 for winning)
|raw|0v3rk1ll3r's rating: 1240 &rarr; <strong>1219</strong><br />(-21 for losing)
|l|☆0v3rk1ll3r
|player|p2|
