|j|☆comedordenamoradas
|j|☆BattleBeedrill
|t:|1757859409
|gametype|singles
|player|p1|comedordenamoradas|blackbelt-gen4dp|1424
|player|p2|BattleBeedrill|swimmerf|1364
|gen|9
|tier|[Gen 9] OU
|rated|
|rule|HP Percentage Mod: HP is shown in percentages
|rule|Endless Battle Clause: Forcing endless battles is banned
|rule|Species Clause: Limit one of each Pokémon
|rule|OHKO Clause: OHKO moves are banned
|rule|Evasion Items Clause: Evasion items are banned
|rule|Evasion Moves Clause: Evasion moves are banned
|rule|Evasion Abilities Clause: Evasion abilities are banned
|rule|Sleep Moves Clause: Sleep-inducing moves are banned
|clearpoke
|poke|p1|Dragapult, F|
|poke|p1|Necrozma|
|poke|p1|Primarina, F|
|poke|p1|Dragonite, F|
|poke|p1|Deoxys-Speed|
|poke|p1|Kingambit, M|
|poke|p2|Glimmora, F|
|poke|p2|Ogerpon-Wellspring, F|
|poke|p2|Hatterene, F|
|poke|p2|Iron Moth|
|poke|p2|Dragonite, F|
|poke|p2|Kingambit, F|
|teampreview
|
|t:|1757859428
|teamsize|p1|6
|teamsize|p2|6
|start
|switch|p1a: Kingambit|Kingambit, M|100/100
|switch|p2a: The Advocate|Glimmora, F|100/100
|turn|1
|
|t:|1757859450
|move|p2a: The Advocate|Stealth Rock|p1a: Kingambit
|-sidestart|p1: comedordenamoradas|move: Stealth Rock
|move|p1a: Kingambit|Iron Head|p2a: The Advocate
|-supereffective|p2a: The Advocate
|-enditem|p2a: The Advocate|Focus Sash
|-damage|p2a: The Advocate|1/100
|-activate|p2a: The Advocate|ability: Toxic Debris
|-sidestart|p1: comedordenamoradas|move: Toxic Spikes
|
|upkeep
|turn|2
|
|t:|1757859460
|move|p2a: The Advocate|Mud Shot|p1a: Kingambit
|-supereffective|p1a: Kingambit
|-damage|p1a: Kingambit|53/100
|-unboost|p1a: Kingambit|spe|1
|move|p1a: Kingambit|Iron Head|p2a: The Advocate
|-supereffective|p2a: The Advocate
|-damage|p2a: The Advocate|0 fnt
|-activate|p2a: The Advocate|ability: Toxic Debris
|-sidestart|p1: comedordenamoradas|move: Toxic Spikes
|faint|p2a: The Advocate
|
|-heal|p1a: Kingambit|59/100|[from] item: Leftovers
|upkeep
|inactive|Battle timer is ON: inactive players will automatically lose when time's up. (requested by comedordenamoradas)
|
|t:|1757859485
|switch|p2a: Satan|Dragonite, F|100/100
|turn|3
|
|t:|1757859506
|move|p2a: Satan|Dragon Dance|p2a: Satan
|-boost|p2a: Satan|atk|1
|-boost|p2a: Satan|spe|1
|move|p1a: Kingambit|Kowtow Cleave|p2a: Satan
|-damage|p2a: Satan|77/100
|
|-heal|p1a: Kingambit|65/100|[from] item: Leftovers
|upkeep
|turn|4
|
|t:|1757859515
|move|p2a: Satan|Earthquake|p1a: Kingambit
|-supereffective|p1a: Kingambit
|-damage|p1a: Kingambit|0 fnt
|faint|p1a: Kingambit
|-end|p1a: Kingambit|fallenundefined|[silent]
|
|upkeep
|
|t:|1757859519
|switch|p1a: Dragonita|Dragonite, F|100/100
|turn|5
|
|t:|1757859523
|move|p2a: Satan|Ice Spinner|p1a: Dragonita
|-supereffective|p1a: Dragonita
|-damage|p1a: Dragonita|0 fnt
|faint|p1a: Dragonita
|
|upkeep
|c|☆comedordenamoradas|FICKER
|c|☆comedordenamoradas|i TERA
|c|☆comedordenamoradas|BS
|
|t:|1757859533
|switch|p1a: Dragapulta|Dragapult, F, shiny|100/100
|-damage|p1a: Dragapulta|88/100|[from] Stealth Rock
|-status|p1a: Dragapulta|tox
|turn|6
|c|☆BattleBeedrill|lol
|
|t:|1757859540
|-terastallize|p2a: Satan|Normal
|move|p1a: Dragapulta|Draco Meteor|p2a: Satan
|-damage|p2a: Satan|30/100
|-unboost|p1a: Dragapulta|spa|2
|move|p2a: Satan|Ice Spinner|p1a: Dragapulta
|-supereffective|p1a: Dragapulta
|-damage|p1a: Dragapulta|0 fnt
|faint|p1a: Dragapulta
|
|upkeep
|
|t:|1757859554
|switch|p1a: Prima|Primarina, F, shiny|100/100
|-damage|p1a: Prima|88/100|[from] Stealth Rock
|-status|p1a: Prima|tox
|turn|7
|
|t:|1757859573
|move|p2a: Satan|Earthquake|p1a: Prima
|-damage|p1a: Prima|13/100 tox
|move|p1a: Prima|Moonblast|p2a: Satan
|-damage|p2a: Satan|0 fnt
|faint|p2a: Satan
|
|-damage|p1a: Prima|7/100 tox|[from] psn
|upkeep
|
|t:|1757859579
|switch|p2a: The Idol|Iron Moth|100/100
|-enditem|p2a: The Idol|Booster Energy
|-activate|p2a: The Idol|ability: Quark Drive|[fromitem]
|-start|p2a: The Idol|quarkdrivespe
|turn|8
|inactive|comedordenamoradas has 120 seconds left.
|
|t:|1757859609
|move|p2a: The Idol|Fiery Dance|p1a: Prima
|-resisted|p1a: Prima
|-crit|p1a: Prima
|-damage|p1a: Prima|0 fnt
|-boost|p2a: The Idol|spa|1
|faint|p1a: Prima
|
|upkeep
|
|t:|1757859612
|switch|p1a: Goza na Boquinha|Necrozma, shiny|100/100
|-damage|p1a: Goza na Boquinha|88/100|[from] Stealth Rock
|-status|p1a: Goza na Boquinha|tox
|-enditem|p1a: Goza na Boquinha|Lum Berry|[eat]
|-curestatus|p1a: Goza na Boquinha|tox|[msg]
|turn|9
|inactive|BattleBeedrill has 120 seconds left.
|
|t:|1757859660
|move|p2a: The Idol|Fiery Dance|p1a: Goza na Boquinha
|-damage|p1a: Goza na Boquinha|24/100
|-boost|p2a: The Idol|spa|1
|move|p1a: Goza na Boquinha|Dragon Dance|p1a: Goza na Boquinha
|-boost|p1a: Goza na Boquinha|atk|1
|-boost|p1a: Goza na Boquinha|spe|1
|
|upkeep
|turn|10
|inactive|comedordenamoradas has 120 seconds left.
|
|t:|1757859692
|move|p2a: The Idol|Fiery Dance|p1a: Goza na Boquinha
|-damage|p1a: Goza na Boquinha|0 fnt
|-boost|p2a: The Idol|spa|1
|faint|p1a: Goza na Boquinha
|
|upkeep
|
|t:|1757859694
|switch|p1a: Deoxys|Deoxys-Speed, shiny|100/100
|-damage|p1a: Deoxys|88/100|[from] Stealth Rock
|-status|p1a: Deoxys|tox
|-ability|p1a: Deoxys|Pressure
|turn|11
|
|t:|1757859700
|move|p2a: The Idol|Fiery Dance|p1a: Deoxys
|-damage|p1a: Deoxys|0 fnt
|faint|p1a: Deoxys
|
|win|BattleBeedrill
|raw|comedordenamoradas's rating: 1424 &rarr; <strong>1401</strong><br />(-23 for losing)
|raw|BattleBeedrill's rating: 1364 &rarr; <strong>1387</strong><br />(+23 for winning)
|c|☆BattleBeedrill|gg
|c|☆BattleBeedrill|wp
|l|☆comedordenamoradas
|player|p1|
|l|☆BattleBeedrill
|player|p2|
