|j|☆Gameprom4
|j|☆yesterdaymister
|t:|1757854967
|gametype|singles
|player|p1|Gameprom4|265|1660
|player|p2|yesterdaymister|striker|1677
|gen|9
|tier|[Gen 9] OU
|rated|
|rule|HP Percentage Mod: HP is shown in percentages
|rule|Endless Battle Clause: Forcing endless battles is banned
|rule|Species Clause: Limit one of each Pokémon
|rule|OHKO Clause: OHKO moves are banned
|rule|Evasion Items Clause: Evasion items are banned
|rule|Evasion Moves Clause: Evasion moves are banned
|rule|Evasion Abilities Clause: Evasion abilities are banned
|rule|Sleep Moves Clause: Sleep-inducing moves are banned
|clearpoke
|poke|p1|Kyurem|
|poke|p1|Primarina, F|
|poke|p1|Iron Hands|
|poke|p1|Scizor, M|
|poke|p1|Araquanid, M|
|poke|p1|Great Tusk|
|poke|p2|Ninetales, F|
|poke|p2|Ceruledge, M|
|poke|p2|Venusaur, F|
|poke|p2|Hatterene, F|
|poke|p2|Great Tusk|
|poke|p2|Walking Wake|
|teampreview
|inactive|Battle timer is ON: inactive players will automatically lose when time's up. (requested by yesterdaymister)
|inactive|Gameprom4 also wants the timer to be on.
|
|t:|1757854977
|teamsize|p1|6
|teamsize|p2|6
|start
|switch|p1a: Araquanid|Araquanid, M|100/100
|switch|p2a: arda guler|Ninetales, F|100/100
|-weather|SunnyDay|[from] ability: Drought|[of] p2a: arda guler
|turn|1
|
|t:|1757854980
|switch|p2a: maccabi|Hatterene, F|100/100
|move|p1a: Araquanid|Sticky Web|p2a: maccabi
|move|p2a: maccabi|Sticky Web|p1a: Araquanid|[from] ability: Magic Bounce
|-sidestart|p1: Gameprom4|move: Sticky Web
|
|-weather|SunnyDay|[upkeep]
|upkeep
|turn|2
|
|t:|1757854984
|move|p1a: Araquanid|Surf|p2a: maccabi
|-damage|p2a: maccabi|71/100
|-enditem|p2a: maccabi|Eject Button
|
|t:|1757854989
|switch|p2a: hans vanaken|Venusaur, F|100/100
|
|-weather|SunnyDay|[upkeep]
|upkeep
|turn|3
|
|t:|1757854994
|switch|p2a: maccabi|Hatterene, F|71/100
|move|p1a: Araquanid|Sticky Web|p2a: maccabi
|move|p2a: maccabi|Sticky Web||[from] ability: Magic Bounce|[still]
|-fail|p2a: maccabi
|
|-weather|SunnyDay|[upkeep]
|upkeep
|turn|4
|
|t:|1757854998
|move|p1a: Araquanid|Surf|p2a: maccabi
|-damage|p2a: maccabi|43/100
|move|p2a: maccabi|Psychic Noise|p1a: Araquanid
|-damage|p1a: Araquanid|76/100
|-start|p1a: Araquanid|move: Heal Block
|
|-weather|SunnyDay|[upkeep]
|upkeep
|turn|5
|
|t:|1757855001
|move|p1a: Araquanid|Surf|p2a: maccabi
|-damage|p2a: maccabi|14/100
|move|p2a: maccabi|Dazzling Gleam|p1a: Araquanid
|-damage|p1a: Araquanid|47/100
|
|-weather|SunnyDay|[upkeep]
|-end|p1a: Araquanid|move: Heal Block
|upkeep
|turn|6
|
|t:|1757855003
|switch|p2a: hans vanaken|Venusaur, F|100/100
|move|p1a: Araquanid|Sticky Web|p2a: hans vanaken
|-sidestart|p2: yesterdaymister|move: Sticky Web
|
|-weather|SunnyDay|[upkeep]
|upkeep
|turn|7
|
|t:|1757855010
|move|p1a: Araquanid|Endure|p1a: Araquanid
|-singleturn|p1a: Araquanid|move: Endure
|move|p2a: hans vanaken|Sludge Bomb|p1a: Araquanid
|-damage|p1a: Araquanid|5/100
|-damage|p2a: hans vanaken|91/100|[from] item: Life Orb
|
|-weather|SunnyDay|[upkeep]
|upkeep
|turn|8
|-enditem|p1a: Araquanid|Custap Berry|[eat]
|-activate|p1a: Araquanid|item: Custap Berry|[consumed]
|
|t:|1757855013
|switch|p2a: maccabi|Hatterene, F|14/100
|-activate|p2a: maccabi|move: Sticky Web
|-unboost|p2a: maccabi|spe|1
|move|p1a: Araquanid|Endeavor|p2a: maccabi
|-damage|p2a: maccabi|5/100
|
|-weather|none
|upkeep
|turn|9
|
|t:|1757855028
|move|p1a: Araquanid|Endeavor|p2a: maccabi
|-immune|p2a: maccabi
|move|p2a: maccabi|Dazzling Gleam|p1a: Araquanid
|-damage|p1a: Araquanid|0 fnt
|faint|p1a: Araquanid
|
|upkeep
|
|t:|1757855030
|switch|p1a: Great Tusk|Great Tusk|100/100
|-activate|p1a: Great Tusk|move: Sticky Web
|-unboost|p1a: Great Tusk|spe|1
|-enditem|p1a: Great Tusk|Booster Energy
|-activate|p1a: Great Tusk|ability: Protosynthesis|[fromitem]
|-start|p1a: Great Tusk|protosynthesisatk
|turn|10
|
|t:|1757855037
|switch|p2a: lebron|Ceruledge, M|100/100
|-activate|p2a: lebron|move: Sticky Web
|-unboost|p2a: lebron|spe|1
|move|p1a: Great Tusk|Rapid Spin|p2a: lebron
|-immune|p2a: lebron
|
|upkeep
|turn|11
|
|t:|1757855040
|move|p2a: lebron|Swords Dance|p2a: lebron
|-boost|p2a: lebron|atk|2
|move|p1a: Great Tusk|Knock Off|p2a: lebron
|-supereffective|p2a: lebron
|-enditem|p2a: lebron|Focus Sash
|-damage|p2a: lebron|1/100
|-ability|p2a: lebron|Weak Armor|boost
|-unboost|p2a: lebron|def|1
|-boost|p2a: lebron|spe|2
|
|upkeep
|turn|12
|
|t:|1757855058
|-terastallize|p2a: lebron|Fairy
|move|p2a: lebron|Tera Blast|p1a: Great Tusk|[anim] Tera Blast Fairy
|-supereffective|p1a: Great Tusk
|-damage|p1a: Great Tusk|0 fnt
|faint|p1a: Great Tusk
|-end|p1a: Great Tusk|Protosynthesis|[silent]
|
|upkeep
|
|t:|1757855063
|switch|p1a: Scizor|Scizor, M|100/100
|-activate|p1a: Scizor|move: Sticky Web
|-unboost|p1a: Scizor|spe|1
|turn|13
|
|t:|1757855067
|switch|p2a: mignolet|Great Tusk|100/100
|-activate|p2a: mignolet|move: Sticky Web
|-unboost|p2a: mignolet|spe|1
|move|p1a: Scizor|Bullet Punch|p2a: mignolet
|-damage|p2a: mignolet|69/100
|-damage|p1a: Scizor|84/100|[from] item: Rocky Helmet|[of] p2a: mignolet
|
|upkeep
|turn|14
|
|t:|1757855071
|move|p1a: Scizor|Bullet Punch|p2a: mignolet
|-damage|p2a: mignolet|35/100
|-damage|p1a: Scizor|67/100|[from] item: Rocky Helmet|[of] p2a: mignolet
|move|p2a: mignolet|Rapid Spin|p1a: Scizor
|-resisted|p1a: Scizor
|-crit|p1a: Scizor
|-damage|p1a: Scizor|54/100
|-boost|p2a: mignolet|spe|1
|-sideend|p2: yesterdaymister|Sticky Web|[from] move: Rapid Spin|[of] p2a: mignolet
|
|upkeep
|turn|15
|
|t:|1757855081
|move|p1a: Scizor|Bullet Punch|p2a: mignolet
|-damage|p2a: mignolet|5/100
|-damage|p1a: Scizor|37/100|[from] item: Rocky Helmet|[of] p2a: mignolet
|move|p2a: mignolet|Headlong Rush|p1a: Scizor
|-damage|p1a: Scizor|0 fnt
|-unboost|p2a: mignolet|def|1
|-unboost|p2a: mignolet|spd|1
|faint|p1a: Scizor
|
|upkeep
|j| Nikator98
|
|t:|1757855086
|switch|p1a: Iron Hands|Iron Hands|100/100
|-activate|p1a: Iron Hands|move: Sticky Web
|-unboost|p1a: Iron Hands|spe|1
|turn|16
|l| Nikator98
|
|t:|1757855093
|move|p2a: mignolet|Headlong Rush|p1a: Iron Hands
|-supereffective|p1a: Iron Hands
|-damage|p1a: Iron Hands|24/100
|-unboost|p2a: mignolet|def|1
|-unboost|p2a: mignolet|spd|1
|move|p1a: Iron Hands|Earthquake|p2a: mignolet
|-damage|p2a: mignolet|0 fnt
|faint|p2a: mignolet
|-end|p2a: mignolet|Protosynthesis|[silent]
|
|upkeep
|
|t:|1757855103
|switch|p2a: arda guler|Ninetales, F|100/100
|-weather|SunnyDay|[from] ability: Drought|[of] p2a: arda guler
|turn|17
|
|t:|1757855105
|switch|p2a: maccabi|Hatterene, F|5/100
|move|p1a: Iron Hands|Earthquake|p2a: maccabi
|-damage|p2a: maccabi|0 fnt
|faint|p2a: maccabi
|
|-weather|SunnyDay|[upkeep]
|upkeep
|
|t:|1757855108
|switch|p2a: chama|Walking Wake|100/100
|-activate|p2a: chama|ability: Protosynthesis
|-start|p2a: chama|protosynthesisspa
|turn|18
|
|t:|1757855114
|move|p2a: chama|Hydro Steam|p1a: Iron Hands
|-damage|p1a: Iron Hands|0 fnt
|faint|p1a: Iron Hands
|-end|p1a: Iron Hands|Quark Drive|[silent]
|
|-weather|SunnyDay|[upkeep]
|upkeep
|
|t:|1757855116
|switch|p1a: Primarina|Primarina, F|100/100
|-activate|p1a: Primarina|move: Sticky Web
|-unboost|p1a: Primarina|spe|1
|turn|19
|
|t:|1757855121
|-end|p2a: chama|Protosynthesis|[silent]
|switch|p2a: lebron|Ceruledge, M, tera:Fairy|1/100
|move|p1a: Primarina|Moonblast|p2a: lebron
|-damage|p2a: lebron|0 fnt
|faint|p2a: lebron
|
|-weather|SunnyDay|[upkeep]
|upkeep
|
|t:|1757855123
|switch|p2a: hans vanaken|Venusaur, F|91/100
|turn|20
|
|t:|1757855131
|switch|p1a: Kyurem|Kyurem|100/100
|-activate|p1a: Kyurem|move: Sticky Web
|-unboost|p1a: Kyurem|spe|1
|-ability|p1a: Kyurem|Pressure
|move|p2a: hans vanaken|Growth|p2a: hans vanaken
|-boost|p2a: hans vanaken|atk|2
|-boost|p2a: hans vanaken|spa|2
|
|-weather|SunnyDay|[upkeep]
|upkeep
|turn|21
|
|t:|1757855137
|move|p2a: hans vanaken|Weather Ball|p1a: Kyurem
|-damage|p1a: Kyurem|0 fnt
|faint|p1a: Kyurem
|-damage|p2a: hans vanaken|81/100|[from] item: Life Orb
|
|-weather|SunnyDay|[upkeep]
|upkeep
|-message|Gameprom4 forfeited.
|
|win|yesterdaymister
|raw|Gameprom4's rating: 1660 &rarr; <strong>1641</strong><br />(-19 for losing)
|raw|yesterdaymister's rating: 1677 &rarr; <strong>1696</strong><br />(+19 for winning)
|l|☆Gameprom4
|player|p1|
|l|☆yesterdaymister
|player|p2|
