|j|☆spacemeatsheep
|j|☆Vineetnhm
|t:|1757830888
|gametype|singles
|player|p1|spacemeatsheep|bugsy|1101
|player|p2|Vineetnhm|101|1129
|gen|9
|tier|[Gen 9] OU
|rated|
|rule|HP Percentage Mod: HP is shown in percentages
|rule|Endless Battle Clause: Forcing endless battles is banned
|rule|Species Clause: Limit one of each Pokémon
|rule|OHKO Clause: OHKO moves are banned
|rule|Evasion Items Clause: Evasion items are banned
|rule|Evasion Moves Clause: Evasion moves are banned
|rule|Evasion Abilities Clause: Evasion abilities are banned
|rule|Sleep Moves Clause: Sleep-inducing moves are banned
|clearpoke
|poke|p1|Hatterene, F|
|poke|p1|Araquanid, F|
|poke|p1|Cresselia, F|
|poke|p1|Gyarados, F|
|poke|p1|Hydrapple, F|
|poke|p1|Arcanine-Hisui, F|
|poke|p2|Decidueye-Hisui, F|
|poke|p2|Hydrapple, M|
|poke|p2|Gholdengo|
|poke|p2|Porygon2|
|poke|p2|Slowking-Galar, F|
|poke|p2|Banette, F|
|teampreview
|inactive|Battle timer is ON: inactive players will automatically lose when time's up. (requested by Vineetnhm)
|
|t:|1757830900
|teamsize|p1|6
|teamsize|p2|6
|start
|switch|p1a: Hatterene|Hatterene, F|100/100
|switch|p2a: Porygon2|Porygon2|100/100
|-ability|p2a: Porygon2|Download|boost
|-boost|p2a: Porygon2|atk|1
|turn|1
|
|t:|1757830923
|switch|p2a: Slowking|Slowking-Galar, F|100/100
|move|p1a: Hatterene|Trick Room|p1a: Hatterene
|-fieldstart|move: Trick Room|[of] p1a: Hatterene
|
|upkeep
|turn|2
|inactive|spacemeatsheep has 120 seconds left.
|
|t:|1757830967
|switch|p1a: Cresselia|Cresselia, F|100/100
|move|p2a: Slowking|Sludge Bomb|p1a: Cresselia
|-damage|p1a: Cresselia|72/100
|-status|p1a: Cresselia|psn
|
|-damage|p1a: Cresselia|60/100 psn|[from] psn
|upkeep
|turn|3
|
|t:|1757830975
|move|p2a: Slowking|Sludge Bomb|p1a: Cresselia
|-damage|p1a: Cresselia|32/100 psn
|move|p1a: Cresselia|Reflect|p1a: Cresselia
|-sidestart|p1: spacemeatsheep|Reflect
|
|-damage|p1a: Cresselia|19/100 psn|[from] psn
|upkeep
|turn|4
|
|t:|1757830995
|switch|p1a: Gyarados|Gyarados, F|100/100
|move|p2a: Slowking|Sludge Bomb|p1a: Gyarados
|-damage|p1a: Gyarados|51/100
|
|upkeep
|turn|5
|inactive|spacemeatsheep has 90 seconds left.
|
|t:|1757831010
|-terastallize|p1a: Gyarados|Ground
|move|p2a: Slowking|Sludge Bomb|p1a: Gyarados
|-resisted|p1a: Gyarados
|-damage|p1a: Gyarados|28/100
|move|p1a: Gyarados|Dragon Dance|p1a: Gyarados
|-boost|p1a: Gyarados|atk|1
|-boost|p1a: Gyarados|spe|1
|
|-fieldend|move: Trick Room
|upkeep
|turn|6
|inactive|spacemeatsheep has 90 seconds left.
|
|t:|1757831032
|-terastallize|p2a: Slowking|Flying
|move|p1a: Gyarados|Earthquake|p2a: Slowking
|-immune|p2a: Slowking
|move|p2a: Slowking|Trick Room|p2a: Slowking
|-fieldstart|move: Trick Room|[of] p2a: Slowking
|
|upkeep
|turn|7
|c|☆spacemeatsheep|l
|inactive|spacemeatsheep has 60 seconds left.
|inactive|spacemeatsheep has 30 seconds left.
|
|t:|1757831093
|switch|p1a: Araquanid|Araquanid, F|100/100
|move|p2a: Slowking|Eerie Spell|p1a: Araquanid
|-damage|p1a: Araquanid|70/100
|
|-sideend|p1: spacemeatsheep|Reflect
|upkeep
|turn|8
|inactive|spacemeatsheep has 30 seconds left.
|
|t:|1757831106
|move|p2a: Slowking|Sludge Bomb|p1a: Araquanid
|-damage|p1a: Araquanid|30/100
|move|p1a: Araquanid|Liquidation|p2a: Slowking
|-crit|p2a: Slowking
|-damage|p2a: Slowking|0 fnt
|faint|p2a: Slowking
|
|upkeep
|
|t:|1757831117
|switch|p2a: Porygon2|Porygon2|100/100
|-ability|p2a: Porygon2|Download|boost
|-boost|p2a: Porygon2|atk|1
|turn|9
|inactive|spacemeatsheep has 30 seconds left.
|
|t:|1757831135
|move|p1a: Araquanid|Leech Life|p2a: Porygon2
|-damage|p2a: Porygon2|78/100
|-heal|p1a: Araquanid|41/100|[from] drain|[of] p2a: Porygon2
|move|p2a: Porygon2|Tri Attack|p1a: Araquanid
|-damage|p1a: Araquanid|8/100
|
|upkeep
|turn|10
|
|t:|1757831143
|move|p1a: Araquanid|Infestation|p2a: Porygon2
|-damage|p2a: Porygon2|75/100
|-activate|p2a: Porygon2|move: Infestation|[of] p1a: Araquanid
|move|p2a: Porygon2|Tri Attack|p1a: Araquanid
|-damage|p1a: Araquanid|0 fnt
|faint|p1a: Araquanid
|
|-end|p2a: Porygon2|Infestation|[partiallytrapped]|[silent]
|-fieldend|move: Trick Room
|upkeep
|inactive|spacemeatsheep has 30 seconds left.
|inactive|spacemeatsheep has 20 seconds left.
|inactive|spacemeatsheep has 15 seconds left.
|
|t:|1757831171
|switch|p1a: Hydrapple|Hydrapple, F|100/100
|turn|11
|inactive|spacemeatsheep has 25 seconds left this turn.
|
|t:|1757831178
|switch|p2a: Banette|Banette, F|100/100
|-item|p1a: Hydrapple|Leftovers|[from] ability: Frisk|[of] p2a: Banette
|move|p1a: Hydrapple|Nasty Plot|p1a: Hydrapple
|-boost|p1a: Hydrapple|spa|2
|
|upkeep
|turn|12
|
|t:|1757831183
|move|p2a: Banette|Poltergeist|p1a: Hydrapple
|-activate|p1a: Hydrapple|move: Poltergeist|Leftovers
|-damage|p1a: Hydrapple|41/100
|-damage|p2a: Banette|91/100|[from] item: Life Orb
|move|p1a: Hydrapple|Fickle Beam|p2a: Banette
|-damage|p2a: Banette|0 fnt
|faint|p2a: Banette
|
|-heal|p1a: Hydrapple|48/100|[from] item: Leftovers
|upkeep
|
|t:|1757831189
|switch|p2a: Gholdengo|Gholdengo|100/100
|-item|p2a: Gholdengo|Air Balloon
|turn|13
|inactive|spacemeatsheep has 30 seconds left.
|
|t:|1757831214
|move|p2a: Gholdengo|Shadow Ball|p1a: Hydrapple
|-damage|p1a: Hydrapple|4/100
|move|p1a: Hydrapple|Giga Drain|p2a: Gholdengo
|-resisted|p2a: Gholdengo
|-damage|p2a: Gholdengo|58/100
|-heal|p1a: Hydrapple|20/100|[from] drain|[of] p2a: Gholdengo
|-enditem|p2a: Gholdengo|Air Balloon
|
|-heal|p1a: Hydrapple|26/100|[from] item: Leftovers
|upkeep
|turn|14
|c|☆Vineetnhm|Fast
|inactive|spacemeatsheep has 30 seconds left.
|
|t:|1757831230
|switch|p1a: Arcanine|Arcanine-Hisui, F|100/100
|-ability|p1a: Arcanine|Intimidate|boost
|-unboost|p2a: Gholdengo|atk|1
|move|p2a: Gholdengo|Shadow Ball|p1a: Arcanine
|-crit|p1a: Arcanine
|-damage|p1a: Arcanine|19/100
|
|upkeep
|turn|15
|inactive|spacemeatsheep has 30 seconds left.
|
|t:|1757831242
|move|p1a: Arcanine|Flare Blitz|p2a: Gholdengo
|-supereffective|p2a: Gholdengo
|-damage|p2a: Gholdengo|0 fnt
|faint|p2a: Gholdengo
|-damage|p1a: Arcanine|2/100|[from] Recoil
|
|upkeep
|
|t:|1757831253
|switch|p2a: Porygon2|Porygon2|75/100
|-ability|p2a: Porygon2|Download|boost
|-boost|p2a: Porygon2|atk|1
|turn|16
|inactive|spacemeatsheep has 30 seconds left.
|
|t:|1757831269
|move|p1a: Arcanine|Rock Blast|p2a: Porygon2
|-damage|p2a: Porygon2|66/100
|-damage|p2a: Porygon2|56/100
|-damage|p2a: Porygon2|47/100
|-damage|p2a: Porygon2|38/100
|-hitcount|p2a: Porygon2|4
|move|p2a: Porygon2|Trick Room|p2a: Porygon2
|-fieldstart|move: Trick Room|[of] p2a: Porygon2
|
|upkeep
|turn|17
|inactive|spacemeatsheep has 30 seconds left.
|inactive|spacemeatsheep has 20 seconds left.
|
|t:|1757831287
|move|p2a: Porygon2|Recover|p2a: Porygon2
|-heal|p2a: Porygon2|88/100
|move|p1a: Arcanine|Rock Blast|p2a: Porygon2
|-damage|p2a: Porygon2|78/100
|-damage|p2a: Porygon2|69/100
|-damage|p2a: Porygon2|60/100
|-damage|p2a: Porygon2|51/100
|-hitcount|p2a: Porygon2|4
|
|upkeep
|turn|18
|inactive|spacemeatsheep has 30 seconds left this turn.
|inactive|spacemeatsheep has 20 seconds left.
|inactive|spacemeatsheep has 15 seconds left.
|inactive|spacemeatsheep has 10 seconds left.
|inactive|spacemeatsheep has 5 seconds left.
|
|t:|1757831315
|move|p2a: Porygon2|Recover|p2a: Porygon2
|-heal|p2a: Porygon2|100/100
|move|p1a: Arcanine|Flare Blitz|p2a: Porygon2
|-crit|p2a: Porygon2
|-damage|p2a: Porygon2|32/100
|-damage|p1a: Arcanine|0 fnt|[from] Recoil
|faint|p1a: Arcanine
|
|upkeep
|inactive|spacemeatsheep has 10 seconds left this turn.
|inactive|spacemeatsheep has 5 seconds left.
|
|t:|1757831323
|switch|p1a: Cresselia|Cresselia, F|19/100 psn
|turn|19
|inactive|spacemeatsheep has 15 seconds left this turn.
|inactive|Vineetnhm has 120 seconds left.
|
|t:|1757831357
|move|p2a: Porygon2|Shadow Ball|p1a: Cresselia
|-supereffective|p1a: Cresselia
|-damage|p1a: Cresselia|0 fnt
|faint|p1a: Cresselia
|
|upkeep
|inactive|spacemeatsheep has 20 seconds left this turn.
|inactive|spacemeatsheep has 15 seconds left.
|inactive|spacemeatsheep has 10 seconds left.
|
|t:|1757831369
|switch|p1a: Hydrapple|Hydrapple, F|60/100
|turn|20
|inactive|spacemeatsheep has 20 seconds left this turn.
|inactive|Vineetnhm has 120 seconds left.
|inactive|spacemeatsheep has 15 seconds left.
|
|t:|1757831393
|switch|p2a: Hydrapple|Hydrapple, M|100/100
|move|p1a: Hydrapple|Draco Meteor|p2a: Hydrapple
|-supereffective|p2a: Hydrapple
|-damage|p2a: Hydrapple|0 fnt
|-unboost|p1a: Hydrapple|spa|2
|faint|p2a: Hydrapple
|
|-heal|p1a: Hydrapple|66/100|[from] item: Leftovers
|-fieldend|move: Trick Room
|upkeep
|
|t:|1757831398
|switch|p2a: Porygon2|Porygon2|32/100
|-ability|p2a: Porygon2|Download|boost
|-boost|p2a: Porygon2|spa|1
|turn|21
|inactive|spacemeatsheep has 30 seconds left this turn.
|
|t:|1757831401
|switch|p1a: Hatterene|Hatterene, F|100/100
|move|p2a: Porygon2|Recover|p2a: Porygon2
|-heal|p2a: Porygon2|82/100
|
|upkeep
|turn|22
|inactive|spacemeatsheep has 30 seconds left.
|
|t:|1757831414
|move|p2a: Porygon2|Shadow Ball|p1a: Hatterene
|-supereffective|p1a: Hatterene
|-damage|p1a: Hatterene|44/100
|-unboost|p1a: Hatterene|spd|1
|move|p1a: Hatterene|Dazzling Gleam|p2a: Porygon2
|-damage|p2a: Porygon2|57/100
|
|-heal|p1a: Hatterene|50/100|[from] item: Leftovers
|upkeep
|turn|23
|inactive|spacemeatsheep has 30 seconds left.
|
|t:|1757831424
|move|p2a: Porygon2|Shadow Ball|p1a: Hatterene
|-supereffective|p1a: Hatterene
|-damage|p1a: Hatterene|0 fnt
|faint|p1a: Hatterene
|
|upkeep
|inactive|spacemeatsheep has 30 seconds left.
|inactive|spacemeatsheep has 20 seconds left.
|inactive|spacemeatsheep has 15 seconds left.
|
|t:|1757831446
|switch|p1a: Gyarados|Gyarados, F, tera:Ground|28/100
|turn|24
|inactive|spacemeatsheep has 25 seconds left this turn.
|
|t:|1757831453
|move|p1a: Gyarados|Earthquake|p2a: Porygon2
|-damage|p2a: Porygon2|10/100
|move|p2a: Porygon2|Tri Attack|p1a: Gyarados
|-damage|p1a: Gyarados|0 fnt
|faint|p1a: Gyarados
|
|upkeep
|inactive|spacemeatsheep has 30 seconds left this turn.
|
|t:|1757831459
|switch|p1a: Hydrapple|Hydrapple, F|99/100
|turn|25
|
|t:|1757831463
|move|p2a: Porygon2|Tri Attack|p1a: Hydrapple
|-damage|p1a: Hydrapple|43/100
|move|p1a: Hydrapple|Nasty Plot|p1a: Hydrapple
|-boost|p1a: Hydrapple|spa|2
|
|-heal|p1a: Hydrapple|50/100|[from] item: Leftovers
|upkeep
|turn|26
|
|t:|1757831473
|move|p2a: Porygon2|Tri Attack|p1a: Hydrapple
|-damage|p1a: Hydrapple|0 fnt
|faint|p1a: Hydrapple
|
|win|Vineetnhm
|raw|spacemeatsheep's rating: 1101 &rarr; <strong>1078</strong><br />(-23 for losing)
|raw|Vineetnhm's rating: 1129 &rarr; <strong>1152</strong><br />(+23 for winning)
|c|☆spacemeatsheep|gg
|l|☆spacemeatsheep
|player|p1|
|j|☆spacemeatsheep
|player|p1|spacemeatsheep|bugsy|
|l|☆Vineetnhm
|player|p2|
