|j|☆Astro Toad 123
|j|☆bottom drawer
|t:|1757867115
|gametype|singles
|player|p1|Astro Toad 123|dawn-gen4pt|1379
|player|p2|bottom drawer|169|1329
|gen|9
|tier|[Gen 9] OU
|rated|
|rule|HP Percentage Mod: HP is shown in percentages
|rule|Endless Battle Clause: Forcing endless battles is banned
|rule|Species Clause: Limit one of each Pokémon
|rule|OHKO Clause: OHKO moves are banned
|rule|Evasion Items Clause: Evasion items are banned
|rule|Evasion Moves Clause: Evasion moves are banned
|rule|Evasion Abilities Clause: Evasion abilities are banned
|rule|Sleep Moves Clause: Sleep-inducing moves are banned
|clearpoke
|poke|p1|Torkoal, M|
|poke|p1|Walking Wake|
|poke|p1|Scovillain, M|
|poke|p1|Raging Bolt|
|poke|p1|Lilligant-Hisui, F|
|poke|p1|Corviknight, F|
|poke|p2|Lokix, M|
|poke|p2|Araquanid, M|
|poke|p2|Hoopa-Unbound|
|poke|p2|Great Tusk|
|poke|p2|Gholdengo|
|poke|p2|Raging Bolt|
|teampreview
|
|t:|1757867134
|teamsize|p1|6
|teamsize|p2|6
|start
|switch|p1a: Raging Bolt|Raging Bolt|100/100
|switch|p2a: Araquanid|Araquanid, M|100/100
|turn|1
|
|t:|1757867138
|move|p1a: Raging Bolt|Thunderbolt|p2a: Araquanid
|-supereffective|p2a: Araquanid
|-damage|p2a: Araquanid|0 fnt
|faint|p2a: Araquanid
|
|upkeep
|
|t:|1757867144
|switch|p2a: Hoopa|Hoopa-Unbound|100/100
|turn|2
|
|t:|1757867150
|-end|p1a: Raging Bolt|Protosynthesis|[silent]
|switch|p1a: Torkoal|Torkoal, M|100/100
|-weather|SunnyDay|[from] ability: Drought|[of] p1a: Torkoal
|move|p2a: Hoopa|Knock Off|p1a: Torkoal
|-damage|p1a: Torkoal|73/100
|-enditem|p1a: Torkoal|Heat Rock|[from] move: Knock Off|[of] p2a: Hoopa
|
|-weather|SunnyDay|[upkeep]
|upkeep
|turn|3
|
|t:|1757867159
|move|p2a: Hoopa|Psychic Noise|p1a: Torkoal
|-damage|p1a: Torkoal|15/100
|-start|p1a: Torkoal|move: Heal Block
|move|p1a: Torkoal|Will-O-Wisp|p2a: Hoopa
|-status|p2a: Hoopa|brn
|
|-weather|SunnyDay|[upkeep]
|-damage|p2a: Hoopa|95/100 brn|[from] brn
|upkeep
|turn|4
|
|t:|1757867171
|switch|p1a: Raging Bolt|Raging Bolt|100/100
|-activate|p1a: Raging Bolt|ability: Protosynthesis
|-start|p1a: Raging Bolt|protosynthesisspa
|move|p2a: Hoopa|Knock Off|p1a: Raging Bolt
|-damage|p1a: Raging Bolt|81/100
|-enditem|p1a: Raging Bolt|Choice Specs|[from] move: Knock Off|[of] p2a: Hoopa
|
|-weather|SunnyDay|[upkeep]
|-damage|p2a: Hoopa|89/100 brn|[from] brn
|upkeep
|turn|5
|
|t:|1757867181
|move|p2a: Hoopa|Psychic Noise|p1a: Raging Bolt
|-damage|p1a: Raging Bolt|42/100
|-start|p1a: Raging Bolt|move: Heal Block
|move|p1a: Raging Bolt|Dragon Pulse|p2a: Hoopa
|-damage|p2a: Hoopa|46/100 brn
|
|-weather|SunnyDay|[upkeep]
|-damage|p2a: Hoopa|40/100 brn|[from] brn
|upkeep
|turn|6
|
|t:|1757867203
|move|p2a: Hoopa|Psychic Noise|p1a: Raging Bolt
|-damage|p1a: Raging Bolt|4/100
|move|p1a: Raging Bolt|Dragon Pulse|p2a: Hoopa
|-damage|p2a: Hoopa|2/100 brn
|
|-weather|SunnyDay|[upkeep]
|-damage|p2a: Hoopa|0 fnt|[from] brn
|faint|p2a: Hoopa
|-end|p1a: Raging Bolt|move: Heal Block
|upkeep
|
|t:|1757867209
|switch|p2a: Lokix|Lokix, M|100/100
|turn|7
|
|t:|1757867213
|move|p2a: Lokix|First Impression|p1a: Raging Bolt
|-damage|p1a: Raging Bolt|0 fnt
|faint|p1a: Raging Bolt
|-end|p1a: Raging Bolt|Protosynthesis|[silent]
|
|-weather|SunnyDay|[upkeep]
|upkeep
|
|t:|1757867219
|switch|p1a: Scovillain|Scovillain, M|100/100
|turn|8
|
|t:|1757867228
|switch|p2a: Gholdengo|Gholdengo|100/100
|-item|p2a: Gholdengo|Air Balloon
|move|p1a: Scovillain|Flamethrower|p2a: Gholdengo
|-supereffective|p2a: Gholdengo
|-damage|p2a: Gholdengo|0 fnt
|-enditem|p2a: Gholdengo|Air Balloon
|faint|p2a: Gholdengo
|
|-weather|SunnyDay|[upkeep]
|upkeep
|
|t:|1757867231
|switch|p2a: Lokix|Lokix, M|100/100
|turn|9
|
|t:|1757867238
|switch|p1a: Corviknight|Corviknight, F|100/100
|-ability|p1a: Corviknight|Pressure
|-terastallize|p2a: Lokix|Bug
|move|p2a: Lokix|First Impression|p1a: Corviknight
|-resisted|p1a: Corviknight
|-damage|p1a: Corviknight|64/100
|
|-weather|none
|-heal|p1a: Corviknight|71/100|[from] item: Leftovers
|upkeep
|turn|10
|
|t:|1757867247
|switch|p2a: Raging Bolt|Raging Bolt|100/100
|move|p1a: Corviknight|U-turn|p2a: Raging Bolt
|-damage|p2a: Raging Bolt|88/100
|
|t:|1757867250
|switch|p1a: Torkoal|Torkoal, M|15/100|[from] U-turn
|-weather|SunnyDay|[from] ability: Drought|[of] p1a: Torkoal
|-activate|p2a: Raging Bolt|ability: Protosynthesis
|-start|p2a: Raging Bolt|protosynthesisspa
|
|-weather|SunnyDay|[upkeep]
|upkeep
|turn|11
|
|t:|1757867254
|move|p2a: Raging Bolt|Volt Switch|p1a: Torkoal
|-damage|p1a: Torkoal|0 fnt
|faint|p1a: Torkoal
|
|t:|1757867265
|-end|p2a: Raging Bolt|Protosynthesis|[silent]
|switch|p2a: Lokix|Lokix, M, tera:Bug|100/100|[from] Volt Switch
|
|-weather|SunnyDay|[upkeep]
|upkeep
|
|t:|1757867271
|switch|p1a: Corviknight|Corviknight, F|71/100
|-ability|p1a: Corviknight|Pressure
|turn|12
|
|t:|1757867276
|move|p2a: Lokix|U-turn|p1a: Corviknight
|-resisted|p1a: Corviknight
|-damage|p1a: Corviknight|45/100
|
|t:|1757867279
|switch|p2a: Raging Bolt|Raging Bolt|88/100|[from] U-turn
|-activate|p2a: Raging Bolt|ability: Protosynthesis
|-start|p2a: Raging Bolt|protosynthesisspa
|move|p1a: Corviknight|Roost|p1a: Corviknight
|-heal|p1a: Corviknight|95/100
|-singleturn|p1a: Corviknight|move: Roost
|
|-weather|SunnyDay|[upkeep]
|-heal|p1a: Corviknight|100/100|[from] item: Leftovers
|upkeep
|turn|13
|
|t:|1757867286
|switch|p1a: Lilligant|Lilligant-Hisui, F, shiny|100/100
|move|p2a: Raging Bolt|Thunderbolt|p1a: Lilligant
|-resisted|p1a: Lilligant
|-damage|p1a: Lilligant|56/100
|
|-weather|SunnyDay|[upkeep]
|upkeep
|turn|14
|
|t:|1757867292
|move|p1a: Lilligant|Triple Axel|p2a: Raging Bolt
|-supereffective|p2a: Raging Bolt
|-damage|p2a: Raging Bolt|70/100
|-supereffective|p2a: Raging Bolt
|-damage|p2a: Raging Bolt|40/100
|-supereffective|p2a: Raging Bolt
|-damage|p2a: Raging Bolt|0 fnt
|faint|p2a: Raging Bolt
|-end|p2a: Raging Bolt|Protosynthesis|[silent]
|-hitcount|p2: Raging Bolt|3
|-damage|p1a: Lilligant|46/100|[from] item: Life Orb
|
|-weather|none
|upkeep
|
|t:|1757867296
|switch|p2a: Lokix|Lokix, M, tera:Bug|100/100
|turn|15
|
|t:|1757867303
|move|p2a: Lokix|Knock Off|p1a: Lilligant
|-resisted|p1a: Lilligant
|-damage|p1a: Lilligant|0 fnt
|-enditem|p1a: Lilligant|Life Orb|[from] move: Knock Off|[of] p2a: Lokix
|faint|p1a: Lilligant
|
|upkeep
|
|t:|1757867308
|switch|p1a: Scovillain|Scovillain, M|100/100
|turn|16
|
|t:|1757867311
|switch|p2a: Great Tusk|Great Tusk|100/100
|move|p1a: Scovillain|Flamethrower|p2a: Great Tusk
|-damage|p2a: Great Tusk|6/100
|
|upkeep
|turn|17
|
|t:|1757867317
|move|p2a: Great Tusk|Headlong Rush|p1a: Scovillain
|-damage|p1a: Scovillain|2/100
|-unboost|p2a: Great Tusk|def|1
|-unboost|p2a: Great Tusk|spd|1
|move|p1a: Scovillain|Flamethrower|p2a: Great Tusk
|-damage|p2a: Great Tusk|0 fnt
|faint|p2a: Great Tusk
|-end|p2a: Great Tusk|Protosynthesis|[silent]
|
|upkeep
|
|t:|1757867320
|switch|p2a: Lokix|Lokix, M, tera:Bug|100/100
|turn|18
|
|t:|1757867322
|move|p2a: Lokix|Leech Life|p1a: Scovillain
|-damage|p1a: Scovillain|0 fnt
|faint|p1a: Scovillain
|
|upkeep
|
|t:|1757867325
|switch|p1a: Corviknight|Corviknight, F|100/100
|-ability|p1a: Corviknight|Pressure
|turn|19
|
|t:|1757867339
|move|p2a: Lokix|Leech Life|p1a: Corviknight
|-resisted|p1a: Corviknight
|-damage|p1a: Corviknight|69/100
|move|p1a: Corviknight|Brave Bird|p2a: Lokix
|-supereffective|p2a: Lokix
|-damage|p2a: Lokix|0 fnt
|faint|p2a: Lokix
|-damage|p1a: Corviknight|46/100|[from] Recoil
|
|win|Astro Toad 123
|raw|Astro Toad 123's rating: 1379 &rarr; <strong>1396</strong><br />(+17 for winning)
|raw|bottom drawer's rating: 1329 &rarr; <strong>1312</strong><br />(-17 for losing)
|l|☆bottom drawer
|player|p2|
|l|☆Astro Toad 123
|player|p1|
