|j|☆Incognito260
|j|☆tscher
|t:|1757834994
|gametype|singles
|player|p1|Incognito260|hilbert|1257
|player|p2|tscher|102|1235
|gen|9
|tier|[Gen 9] OU
|rated|
|rule|HP Percentage Mod: HP is shown in percentages
|rule|Endless Battle Clause: Forcing endless battles is banned
|rule|Species Clause: Limit one of each Pokémon
|rule|OHKO Clause: OHKO moves are banned
|rule|Evasion Items Clause: Evasion items are banned
|rule|Evasion Moves Clause: Evasion moves are banned
|rule|Evasion Abilities Clause: Evasion abilities are banned
|rule|Sleep Moves Clause: Sleep-inducing moves are banned
|clearpoke
|poke|p1|Heatran, F|
|poke|p1|Dragapult, F|
|poke|p1|Meowscarada, F|
|poke|p1|Kingambit, F|
|poke|p1|Ogerpon-Wellspring, F|
|poke|p1|Iron Hands|
|poke|p2|Froslass, F|
|poke|p2|Darkrai|
|poke|p2|Heatran, F|
|poke|p2|Great Tusk|
|poke|p2|Kyurem|
|poke|p2|Scizor, F|
|teampreview
|inactive|Battle timer is ON: inactive players will automatically lose when time's up. (requested by Incognito260)
|
|t:|1757834999
|teamsize|p1|6
|teamsize|p2|6
|start
|switch|p1a: Heatran|Heatran, F|100/100
|switch|p2a: Froslass|Froslass, F|100/100
|turn|1
|
|t:|1757835007
|move|p2a: Froslass|Trick|p1a: Heatran
|-activate|p2a: Froslass|move: Trick|[of] p1a: Heatran
|-item|p1a: Heatran|Choice Scarf|[from] move: Trick
|-item|p2a: Froslass|Life Orb|[from] move: Trick
|move|p1a: Heatran|Magma Storm|p2a: Froslass|[miss]
|-miss|p1a: Heatran|p2a: Froslass
|
|upkeep
|turn|2
|
|t:|1757835015
|switch|p1a: Ogerpon|Ogerpon-Wellspring, F|100/100
|switch|p2a: Heatran|Heatran, F|100/100
|
|upkeep
|turn|3
|
|t:|1757835030
|-terastallize|p2a: Heatran|Grass
|move|p1a: Ogerpon|Swords Dance|p1a: Ogerpon
|-boost|p1a: Ogerpon|atk|2
|move|p2a: Heatran|Magma Storm|p1a: Ogerpon
|-damage|p1a: Ogerpon|35/100
|-activate|p1a: Ogerpon|move: Magma Storm|[of] p2a: Heatran
|
|-damage|p1a: Ogerpon|22/100|[from] move: Magma Storm|[partiallytrapped]
|upkeep
|turn|4
|
|t:|1757835038
|move|p1a: Ogerpon|Power Whip|p2a: Heatran
|-resisted|p2a: Heatran
|-damage|p2a: Heatran|24/100
|move|p2a: Heatran|Stealth Rock|p1a: Ogerpon
|-sidestart|p1: Incognito260|move: Stealth Rock
|
|-heal|p2a: Heatran|31/100|[from] item: Leftovers
|-damage|p1a: Ogerpon|10/100|[from] move: Magma Storm|[partiallytrapped]
|upkeep
|turn|5
|
|t:|1757835043
|move|p1a: Ogerpon|Ivy Cudgel|p2a: Heatran|[anim] Ivy Cudgel Water
|-resisted|p2a: Heatran
|-damage|p2a: Heatran|0 fnt
|faint|p2a: Heatran
|
|-end|p1a: Ogerpon|Magma Storm|[partiallytrapped]|[silent]
|upkeep
|
|t:|1757835053
|switch|p2a: Darkrai|Darkrai|100/100
|turn|6
|
|t:|1757835055
|move|p2a: Darkrai|Dark Pulse|p1a: Ogerpon
|-damage|p1a: Ogerpon|0 fnt
|faint|p1a: Ogerpon
|
|upkeep
|
|t:|1757835060
|switch|p1a: LeBron James|Iron Hands, shiny|100/100
|-damage|p1a: LeBron James|94/100|[from] Stealth Rock
|-enditem|p1a: LeBron James|Booster Energy
|-activate|p1a: LeBron James|ability: Quark Drive|[fromitem]
|-start|p1a: LeBron James|quarkdriveatk
|turn|7
|
|t:|1757835063
|switch|p2a: Froslass|Froslass, F|100/100
|move|p1a: LeBron James|Swords Dance|p1a: LeBron James
|-boost|p1a: LeBron James|atk|2
|
|upkeep
|turn|8
|
|t:|1757835067
|move|p2a: Froslass|Destiny Bond|p2a: Froslass
|-singlemove|p2a: Froslass|Destiny Bond
|move|p1a: LeBron James|Supercell Slam|p2a: Froslass
|-damage|p2a: Froslass|0 fnt
|faint|p2a: Froslass
|-activate|p2a: Froslass|move: Destiny Bond
|faint|p1a: LeBron James
|-end|p1a: LeBron James|Quark Drive|[silent]
|
|upkeep
|
|t:|1757835088
|switch|p2a: Darkrai|Darkrai|100/100
|switch|p1a: Dragapult|Dragapult, F, shiny|100/100
|-damage|p1a: Dragapult|88/100|[from] Stealth Rock
|turn|9
|
|t:|1757835090
|move|p1a: Dragapult|Draco Meteor|p2a: Darkrai
|-damage|p2a: Darkrai|0 fnt
|-unboost|p1a: Dragapult|spa|2
|faint|p2a: Darkrai
|
|upkeep
|
|t:|1757835102
|switch|p2a: Scizor|Scizor, F|100/100
|turn|10
|
|t:|1757835105
|switch|p1a: Heatran|Heatran, F|100/100
|-damage|p1a: Heatran|88/100|[from] Stealth Rock
|move|p2a: Scizor|Knock Off|p1a: Heatran
|-damage|p1a: Heatran|51/100
|-enditem|p1a: Heatran|Choice Scarf|[from] move: Knock Off|[of] p2a: Scizor
|
|upkeep
|turn|11
|
|t:|1757835111
|switch|p2a: Kyurem|Kyurem|100/100
|-ability|p2a: Kyurem|Pressure
|move|p1a: Heatran|Overheat|p2a: Kyurem
|-damage|p2a: Kyurem|28/100
|-unboost|p1a: Heatran|spa|2
|
|upkeep
|turn|12
|
|t:|1757835119
|move|p2a: Kyurem|Freeze-Dry|p1a: Heatran
|-resisted|p1a: Heatran
|-crit|p1a: Heatran
|-damage|p1a: Heatran|30/100
|move|p1a: Heatran|Power Gem|p2a: Kyurem
|-supereffective|p2a: Kyurem
|-damage|p2a: Kyurem|1/100
|
|upkeep
|turn|13
|
|t:|1757835122
|move|p2a: Kyurem|Freeze-Dry|p1a: Heatran
|-resisted|p1a: Heatran
|-damage|p1a: Heatran|15/100
|move|p1a: Heatran|Power Gem|p2a: Kyurem
|-supereffective|p2a: Kyurem
|-damage|p2a: Kyurem|0 fnt
|faint|p2a: Kyurem
|
|upkeep
|
|t:|1757835125
|switch|p2a: Great Tusk|Great Tusk|100/100
|turn|14
|
|t:|1757835128
|move|p2a: Great Tusk|Rapid Spin|p1a: Heatran
|-resisted|p1a: Heatran
|-damage|p1a: Heatran|6/100
|-boost|p2a: Great Tusk|spe|1
|move|p1a: Heatran|Overheat|p2a: Great Tusk
|-damage|p2a: Great Tusk|46/100
|-unboost|p1a: Heatran|spa|2
|
|upkeep
|turn|15
|
|t:|1757835134
|move|p2a: Great Tusk|Rapid Spin|p1a: Heatran
|-resisted|p1a: Heatran
|-damage|p1a: Heatran|0 fnt
|-boost|p2a: Great Tusk|spe|1
|faint|p1a: Heatran
|
|upkeep
|
|t:|1757835137
|switch|p1a: Kingambit|Kingambit, F|100/100
|-damage|p1a: Kingambit|94/100|[from] Stealth Rock
|-activate|p1a: Kingambit|ability: Supreme Overlord
|-start|p1a: Kingambit|fallen3|[silent]
|turn|16
|
|t:|1757835139
|move|p2a: Great Tusk|Close Combat|p1a: Kingambit
|-supereffective|p1a: Kingambit
|-enditem|p1a: Kingambit|Chople Berry|[eat]
|-enditem|p1a: Kingambit|Chople Berry|[weaken]
|-damage|p1a: Kingambit|30/100
|-unboost|p2a: Great Tusk|def|1
|-unboost|p2a: Great Tusk|spd|1
|move|p1a: Kingambit|Metal Burst|p2a: Great Tusk
|-damage|p2a: Great Tusk|0 fnt
|faint|p2a: Great Tusk
|-end|p2a: Great Tusk|Protosynthesis|[silent]
|
|upkeep
|
|t:|1757835143
|switch|p2a: Scizor|Scizor, F|100/100
|turn|17
|
|t:|1757835149
|move|p2a: Scizor|U-turn|p1a: Kingambit
|-damage|p1a: Kingambit|6/100
|move|p1a: Kingambit|Kowtow Cleave|p2a: Scizor
|-damage|p2a: Scizor|48/100
|
|upkeep
|turn|18
|
|t:|1757835151
|move|p2a: Scizor|Bullet Punch|p1a: Kingambit
|-resisted|p1a: Kingambit
|-crit|p1a: Kingambit
|-damage|p1a: Kingambit|0 fnt
|faint|p1a: Kingambit
|-end|p1a: Kingambit|fallen3|[silent]
|
|upkeep
|
|t:|1757835153
|switch|p1a: Meowscarada|Meowscarada, F, shiny|100/100
|-damage|p1a: Meowscarada|88/100|[from] Stealth Rock
|turn|19
|
|t:|1757835156
|move|p1a: Meowscarada|Knock Off|p2a: Scizor
|-start|p1a: Meowscarada|typechange|Dark|[from] ability: Protean
|-damage|p2a: Scizor|0 fnt
|-enditem|p2a: Scizor|Heavy-Duty Boots|[from] move: Knock Off|[of] p1a: Meowscarada
|faint|p2a: Scizor
|
|win|Incognito260
|raw|Incognito260's rating: 1257 &rarr; <strong>1280</strong><br />(+23 for winning)
|raw|tscher's rating: 1235 &rarr; <strong>1212</strong><br />(-23 for losing)
|l|☆tscher
|player|p2|
|l|☆Incognito260
|player|p1|
