|j|☆go b3yond
|j|☆CFMathMaster
|t:|1757845899
|gametype|singles
|player|p1|go b3yond|bruno|1483
|player|p2|CFMathMaster|pilot|1482
|gen|9
|tier|[Gen 9] OU
|rated|
|rule|HP Percentage Mod: HP is shown in percentages
|rule|Endless Battle Clause: Forcing endless battles is banned
|rule|Species Clause: Limit one of each Pokémon
|rule|OHKO Clause: OHKO moves are banned
|rule|Evasion Items Clause: Evasion items are banned
|rule|Evasion Moves Clause: Evasion moves are banned
|rule|Evasion Abilities Clause: Evasion abilities are banned
|rule|Sleep Moves Clause: Sleep-inducing moves are banned
|clearpoke
|poke|p1|Torkoal, M|
|poke|p1|Brute Bonnet|
|poke|p1|Hatterene, F|
|poke|p1|Walking Wake|
|poke|p1|Thundurus-Therian, M|
|poke|p1|Ceruledge, M|
|poke|p2|Hatterene, F|
|poke|p2|Cinderace, M|
|poke|p2|Gholdengo|
|poke|p2|Dragonite, F|
|poke|p2|Raging Bolt|
|poke|p2|Lokix, M|
|teampreview
|inactive|Battle timer is ON: inactive players will automatically lose when time's up. (requested by go b3yond)
|
|t:|1757845923
|teamsize|p1|6
|teamsize|p2|6
|start
|switch|p1a: GREAT Bait|Torkoal, M, shiny|100/100
|switch|p2a: Raging Bolt|Raging Bolt|100/100
|-weather|SunnyDay|[from] ability: Drought|[of] p1a: GREAT Bait
|-activate|p2a: Raging Bolt|ability: Protosynthesis
|-start|p2a: Raging Bolt|protosynthesisspa
|turn|1
|
|t:|1757845945
|switch|p1a: Hatterene|Hatterene, F|100/100
|move|p2a: Raging Bolt|Dragon Pulse|p1a: Hatterene
|-immune|p1a: Hatterene
|
|-weather|SunnyDay|[upkeep]
|upkeep
|turn|2
|
|t:|1757845951
|switch|p1a: Thundurus|Thundurus-Therian, M|100/100
|move|p2a: Raging Bolt|Calm Mind|p2a: Raging Bolt
|-boost|p2a: Raging Bolt|spa|1
|-boost|p2a: Raging Bolt|spd|1
|
|-weather|SunnyDay|[upkeep]
|upkeep
|turn|3
|
|t:|1757845957
|-terastallize|p1a: Thundurus|Fairy
|move|p1a: Thundurus|Weather Ball|p2a: Raging Bolt
|-resisted|p2a: Raging Bolt
|-damage|p2a: Raging Bolt|71/100
|move|p2a: Raging Bolt|Dragon Pulse|p1a: Thundurus
|-immune|p1a: Thundurus
|
|-weather|SunnyDay|[upkeep]
|upkeep
|turn|4
|
|t:|1757845970
|-end|p2a: Raging Bolt|Protosynthesis|[silent]
|switch|p2a: Cinderace|Cinderace, M|100/100
|move|p1a: Thundurus|Weather Ball|p2a: Cinderace
|-resisted|p2a: Cinderace
|-damage|p2a: Cinderace|40/100
|
|-weather|SunnyDay|[upkeep]
|upkeep
|turn|5
|
|t:|1757845977
|switch|p1a: Walking Wake|Walking Wake|100/100
|-activate|p1a: Walking Wake|ability: Protosynthesis
|-start|p1a: Walking Wake|protosynthesisspe
|move|p2a: Cinderace|Pyro Ball|p1a: Walking Wake
|-resisted|p1a: Walking Wake
|-damage|p1a: Walking Wake|77/100
|
|-weather|SunnyDay|[upkeep]
|upkeep
|turn|6
|
|t:|1757845985
|switch|p2a: Raging Bolt|Raging Bolt|71/100
|-activate|p2a: Raging Bolt|ability: Protosynthesis
|-start|p2a: Raging Bolt|protosynthesisspa
|move|p1a: Walking Wake|Hydro Steam|p2a: Raging Bolt
|-resisted|p2a: Raging Bolt
|-damage|p2a: Raging Bolt|40/100
|
|-weather|SunnyDay|[upkeep]
|upkeep
|turn|7
|
|t:|1757845996
|-end|p2a: Raging Bolt|Protosynthesis|[silent]
|switch|p2a: Gholdengo|Gholdengo|100/100
|move|p1a: Walking Wake|Draco Meteor|p2a: Gholdengo
|-resisted|p2a: Gholdengo
|-damage|p2a: Gholdengo|64/100
|-unboost|p1a: Walking Wake|spa|2
|
|-weather|SunnyDay|[upkeep]
|upkeep
|turn|8
|
|t:|1757846006
|move|p1a: Walking Wake|Flip Turn|p2a: Gholdengo
|-damage|p2a: Gholdengo|55/100
|
|t:|1757846014
|-end|p1a: Walking Wake|Protosynthesis|[silent]
|switch|p1a: Brute Bonnet|Brute Bonnet|100/100|[from] Flip Turn
|-activate|p1a: Brute Bonnet|ability: Protosynthesis
|-start|p1a: Brute Bonnet|protosynthesisatk
|move|p2a: Gholdengo|Trick|p1a: Brute Bonnet
|-activate|p2a: Gholdengo|move: Trick|[of] p1a: Brute Bonnet
|-item|p1a: Brute Bonnet|Choice Scarf|[from] move: Trick
|-item|p2a: Gholdengo|Loaded Dice|[from] move: Trick
|
|-weather|none
|-end|p1a: Brute Bonnet|Protosynthesis
|upkeep
|turn|9
|
|t:|1757846042
|switch|p2a: Lokix|Lokix, M|100/100
|-end|p1a: Brute Bonnet|Protosynthesis|[silent]
|switch|p1a: GREAT Bait|Torkoal, M, shiny|100/100
|-weather|SunnyDay|[from] ability: Drought|[of] p1a: GREAT Bait
|
|-weather|SunnyDay|[upkeep]
|upkeep
|turn|10
|
|t:|1757846049
|move|p2a: Lokix|U-turn|p1a: GREAT Bait
|-resisted|p1a: GREAT Bait
|-damage|p1a: GREAT Bait|61/100
|
|t:|1757846054
|switch|p2a: Raging Bolt|Raging Bolt|40/100|[from] U-turn
|-activate|p2a: Raging Bolt|ability: Protosynthesis
|-start|p2a: Raging Bolt|protosynthesisspa
|move|p1a: GREAT Bait|Overheat|p2a: Raging Bolt
|-resisted|p2a: Raging Bolt
|-damage|p2a: Raging Bolt|0 fnt
|-unboost|p1a: GREAT Bait|spa|2
|faint|p2a: Raging Bolt
|-end|p2a: Raging Bolt|Protosynthesis|[silent]
|
|-weather|SunnyDay|[upkeep]
|upkeep
|inactive|CFMathMaster has 120 seconds left.
|
|t:|1757846088
|switch|p2a: Dragonite|Dragonite, F|100/100
|turn|11
|
|t:|1757846095
|switch|p1a: Hatterene|Hatterene, F|100/100
|move|p2a: Dragonite|Dragon Dance|p2a: Dragonite
|-boost|p2a: Dragonite|atk|1
|-boost|p2a: Dragonite|spe|1
|
|-weather|SunnyDay|[upkeep]
|upkeep
|turn|12
|
|t:|1757846105
|switch|p1a: Brute Bonnet|Brute Bonnet|100/100
|-activate|p1a: Brute Bonnet|ability: Protosynthesis
|-start|p1a: Brute Bonnet|protosynthesisatk
|move|p2a: Dragonite|Dragon Dance|p2a: Dragonite
|-boost|p2a: Dragonite|atk|1
|-boost|p2a: Dragonite|spe|1
|
|-weather|SunnyDay|[upkeep]
|upkeep
|turn|13
|
|t:|1757846113
|-terastallize|p2a: Dragonite|Flying
|move|p1a: Brute Bonnet|Sucker Punch|p2a: Dragonite
|-damage|p2a: Dragonite|74/100
|move|p2a: Dragonite|Tera Blast|p1a: Brute Bonnet|[anim] Tera Blast Flying
|-supereffective|p1a: Brute Bonnet
|-damage|p1a: Brute Bonnet|0 fnt
|faint|p1a: Brute Bonnet
|-end|p1a: Brute Bonnet|Protosynthesis|[silent]
|
|-weather|SunnyDay|[upkeep]
|upkeep
|
|t:|1757846129
|switch|p1a: Ceruledge|Ceruledge, M|100/100
|turn|14
|
|t:|1757846133
|move|p2a: Dragonite|Tera Blast|p1a: Ceruledge|[anim] Tera Blast Flying
|-enditem|p1a: Ceruledge|Focus Sash
|-damage|p1a: Ceruledge|1/100
|-ability|p1a: Ceruledge|Weak Armor|boost
|-unboost|p1a: Ceruledge|def|1
|-boost|p1a: Ceruledge|spe|2
|move|p1a: Ceruledge|Swords Dance|p1a: Ceruledge
|-boost|p1a: Ceruledge|atk|2
|
|-weather|SunnyDay|[upkeep]
|upkeep
|turn|15
|
|t:|1757846136
|move|p1a: Ceruledge|Bitter Blade|p2a: Dragonite
|-damage|p2a: Dragonite|0 fnt
|-heal|p1a: Ceruledge|42/100|[from] drain|[of] p2a: Dragonite
|faint|p2a: Dragonite
|
|-weather|SunnyDay|[upkeep]
|upkeep
|
|t:|1757846141
|switch|p2a: Lokix|Lokix, M|100/100
|turn|16
|
|t:|1757846148
|move|p2a: Lokix|First Impression|p1a: Ceruledge
|-resisted|p1a: Ceruledge
|-damage|p1a: Ceruledge|0 fnt
|faint|p1a: Ceruledge
|
|-weather|none
|upkeep
|
|t:|1757846150
|switch|p1a: GREAT Bait|Torkoal, M, shiny|61/100
|-weather|SunnyDay|[from] ability: Drought|[of] p1a: GREAT Bait
|turn|17
|
|t:|1757846161
|switch|p2a: Cinderace|Cinderace, M|40/100
|move|p1a: GREAT Bait|Overheat|p2a: Cinderace
|-resisted|p2a: Cinderace
|-damage|p2a: Cinderace|0 fnt
|-unboost|p1a: GREAT Bait|spa|2
|faint|p2a: Cinderace
|
|-weather|SunnyDay|[upkeep]
|upkeep
|
|t:|1757846165
|switch|p2a: Hatterene|Hatterene, F|100/100
|turn|18
|
|t:|1757846168
|switch|p1a: Hatterene|Hatterene, F|100/100
|move|p2a: Hatterene|Calm Mind|p2a: Hatterene
|-boost|p2a: Hatterene|spa|1
|-boost|p2a: Hatterene|spd|1
|
|-weather|SunnyDay|[upkeep]
|upkeep
|turn|19
|
|t:|1757846173
|move|p1a: Hatterene|Nuzzle|p2a: Hatterene
|-damage|p2a: Hatterene|97/100
|-status|p2a: Hatterene|par
|move|p2a: Hatterene|Psychic Noise|p1a: Hatterene
|-resisted|p1a: Hatterene
|-damage|p1a: Hatterene|74/100
|-start|p1a: Hatterene|move: Heal Block
|-enditem|p1a: Hatterene|Eject Button
|
|t:|1757846181
|switch|p1a: Thundurus|Thundurus-Therian, M, tera:Fairy|100/100
|
|-weather|SunnyDay|[upkeep]
|-heal|p2a: Hatterene|100/100 par|[from] item: Leftovers
|upkeep
|turn|20
|
|t:|1757846185
|move|p1a: Thundurus|Weather Ball|p2a: Hatterene
|-damage|p2a: Hatterene|39/100 par
|cant|p2a: Hatterene|par
|
|-weather|SunnyDay|[upkeep]
|-heal|p2a: Hatterene|45/100 par|[from] item: Leftovers
|upkeep
|turn|21
|
|t:|1757846190
|move|p1a: Thundurus|Weather Ball|p2a: Hatterene
|-damage|p2a: Hatterene|0 fnt
|faint|p2a: Hatterene
|
|-weather|SunnyDay|[upkeep]
|upkeep
|
|t:|1757846199
|switch|p2a: Lokix|Lokix, M|100/100
|turn|22
|
|t:|1757846202
|move|p2a: Lokix|First Impression|p1a: Thundurus
|-resisted|p1a: Thundurus
|-damage|p1a: Thundurus|0 fnt
|faint|p1a: Thundurus
|
|-weather|SunnyDay|[upkeep]
|upkeep
|
|t:|1757846206
|switch|p1a: Walking Wake|Walking Wake|77/100
|-activate|p1a: Walking Wake|ability: Protosynthesis
|-start|p1a: Walking Wake|protosynthesisspe
|turn|23
|
|t:|1757846211
|move|p2a: Lokix|First Impression||[still]
|-hint|First Impression only works on your first turn out.
|-fail|p2a: Lokix
|move|p1a: Walking Wake|Flamethrower|p2a: Lokix
|-supereffective|p2a: Lokix
|-damage|p2a: Lokix|0 fnt
|faint|p2a: Lokix
|
|-weather|SunnyDay|[upkeep]
|upkeep
|
|t:|1757846213
|switch|p2a: Gholdengo|Gholdengo|55/100
|turn|24
|
|t:|1757846215
|move|p1a: Walking Wake|Flamethrower|p2a: Gholdengo
|-supereffective|p2a: Gholdengo
|-damage|p2a: Gholdengo|0 fnt
|faint|p2a: Gholdengo
|
|win|go b3yond
|raw|go b3yond's rating: 1483 &rarr; <strong>1503</strong><br />(+20 for winning)
|raw|CFMathMaster's rating: 1482 &rarr; <strong>1462</strong><br />(-20 for losing)
|l|☆CFMathMaster
|player|p2|
|c|☆go b3yond|Gg
|l|☆go b3yond
|player|p1|
