|j|☆TotallySkilled
|j|☆jungkolo
|t:|1757831888
|gametype|singles
|player|p1|TotallySkilled|guzma|1562
|player|p2|jungkolo|bugcatcher-gen4dp|1529
|gen|9
|tier|[Gen 9] OU
|rated|
|rule|HP Percentage Mod: HP is shown in percentages
|rule|Endless Battle Clause: Forcing endless battles is banned
|rule|Species Clause: Limit one of each Pokémon
|rule|OHKO Clause: OHKO moves are banned
|rule|Evasion Items Clause: Evasion items are banned
|rule|Evasion Moves Clause: Evasion moves are banned
|rule|Evasion Abilities Clause: Evasion abilities are banned
|rule|Sleep Moves Clause: Sleep-inducing moves are banned
|clearpoke
|poke|p1|Moltres-Galar|
|poke|p1|Araquanid, M|
|poke|p1|Garchomp, F|
|poke|p1|Great Tusk|
|poke|p1|Sinistcha|
|poke|p1|Raging Bolt|
|poke|p2|Pecharunt|
|poke|p2|Chansey, F|
|poke|p2|Enamorus, F|
|poke|p2|Ogerpon-Wellspring, F|
|poke|p2|Great Tusk|
|poke|p2|Kingambit, M|
|teampreview
|
|t:|1757831919
|teamsize|p1|6
|teamsize|p2|6
|start
|switch|p1a: Garchomp|Garchomp, F|100/100
|switch|p2a: Great Tusk|Great Tusk|100/100
|turn|1
|
|t:|1757831927
|move|p2a: Great Tusk|Ice Spinner|p1a: Garchomp
|-supereffective|p1a: Garchomp
|-damage|p1a: Garchomp|36/100
|-damage|p2a: Great Tusk|88/100|[from] ability: Rough Skin|[of] p1a: Garchomp
|-damage|p2a: Great Tusk|72/100|[from] item: Rocky Helmet|[of] p1a: Garchomp
|move|p1a: Garchomp|Stealth Rock|p2a: Great Tusk
|-sidestart|p2: jungkolo|move: Stealth Rock
|
|upkeep
|turn|2
|
|t:|1757831937
|switch|p1a: Sinistcha|Sinistcha|100/100
|move|p2a: Great Tusk|Rapid Spin|p1a: Sinistcha
|-immune|p1a: Sinistcha
|
|upkeep
|turn|3
|
|t:|1757831944
|-end|p2a: Great Tusk|Protosynthesis|[silent]
|switch|p2a: Margaret|Chansey, F|100/100
|-damage|p2a: Margaret|88/100|[from] Stealth Rock
|move|p1a: Sinistcha|Matcha Gotcha|p2a: Margaret
|-damage|p2a: Margaret|78/100
|-status|p2a: Margaret|brn
|
|-damage|p2a: Margaret|72/100 brn|[from] brn
|upkeep
|turn|4
|
|t:|1757831951
|switch|p1a: Araquanid|Araquanid, M|100/100
|move|p2a: Margaret|Stealth Rock|p1a: Araquanid
|-sidestart|p1: TotallySkilled|move: Stealth Rock
|
|-damage|p2a: Margaret|66/100 brn|[from] brn
|upkeep
|turn|5
|
|t:|1757831967
|-curestatus|p2a: Margaret|brn|[from] ability: Natural Cure
|switch|p2a: Ogerpon|Ogerpon-Wellspring, F|100/100
|-damage|p2a: Ogerpon|88/100|[from] Stealth Rock
|move|p1a: Araquanid|Sticky Web|p2a: Ogerpon
|-sidestart|p2: jungkolo|move: Sticky Web
|
|upkeep
|turn|6
|j| heatraniac
|l| heatraniac
|
|t:|1757831975
|switch|p1a: Sinistcha|Sinistcha|100/100
|move|p2a: Ogerpon|U-turn|p1a: Sinistcha
|-damage|p1a: Sinistcha|81/100
|
|t:|1757831984
|switch|p2a: Margaret|Chansey, F|66/100|[from] U-turn
|-damage|p2a: Margaret|53/100|[from] Stealth Rock
|-activate|p2a: Margaret|move: Sticky Web
|-unboost|p2a: Margaret|spe|1
|
|upkeep
|turn|7
|
|t:|1757832006
|switch|p1a: Garchomp|Garchomp, F|36/100
|-damage|p1a: Garchomp|30/100|[from] Stealth Rock
|move|p2a: Margaret|Soft-Boiled|p2a: Margaret
|-heal|p2a: Margaret|100/100
|
|upkeep
|turn|8
|
|t:|1757832013
|switch|p2a: Enamorus|Enamorus, F|100/100
|-damage|p2a: Enamorus|76/100|[from] Stealth Rock
|move|p1a: Garchomp|Spikes|p2a: Enamorus
|-sidestart|p2: jungkolo|Spikes
|
|upkeep
|turn|9
|
|t:|1757832028
|move|p2a: Enamorus|Moonblast|p1a: Garchomp
|-supereffective|p1a: Garchomp
|-damage|p1a: Garchomp|0 fnt
|faint|p1a: Garchomp
|
|upkeep
|
|t:|1757832065
|switch|p1a: Raging Bolt|Raging Bolt|100/100
|-damage|p1a: Raging Bolt|88/100|[from] Stealth Rock
|-enditem|p1a: Raging Bolt|Booster Energy
|-activate|p1a: Raging Bolt|ability: Protosynthesis|[fromitem]
|-start|p1a: Raging Bolt|protosynthesisspa
|turn|10
|
|t:|1757832068
|switch|p2a: Margaret|Chansey, F|100/100
|-damage|p2a: Margaret|88/100|[from] Stealth Rock
|-activate|p2a: Margaret|move: Sticky Web
|-unboost|p2a: Margaret|spe|1
|-damage|p2a: Margaret|76/100|[from] Spikes
|move|p1a: Raging Bolt|Thunderclap||[still]
|-fail|p1a: Raging Bolt
|
|upkeep
|turn|11
|
|t:|1757832083
|-end|p1a: Raging Bolt|Protosynthesis|[silent]
|switch|p1a: Araquanid|Araquanid, M|100/100
|-damage|p1a: Araquanid|75/100|[from] Stealth Rock
|move|p2a: Margaret|Thunder Wave|p1a: Araquanid
|-status|p1a: Araquanid|par
|
|upkeep
|turn|12
|
|t:|1757832089
|switch|p2a: Ogerpon|Ogerpon-Wellspring, F|88/100
|-damage|p2a: Ogerpon|76/100|[from] Stealth Rock
|-activate|p2a: Ogerpon|move: Sticky Web
|-unboost|p2a: Ogerpon|spe|1
|-damage|p2a: Ogerpon|64/100|[from] Spikes
|move|p1a: Araquanid|Surf|p2a: Ogerpon
|-heal|p2a: Ogerpon|89/100|[from] ability: Water Absorb|[of] p1a: Araquanid
|
|upkeep
|turn|13
|
|t:|1757832099
|move|p2a: Ogerpon|Knock Off|p1a: Araquanid
|-damage|p1a: Araquanid|39/100 par
|-enditem|p1a: Araquanid|Custap Berry|[from] move: Knock Off|[of] p2a: Ogerpon
|move|p1a: Araquanid|Endeavor|p2a: Ogerpon
|-damage|p2a: Ogerpon|44/100
|
|upkeep
|turn|14
|
|t:|1757832111
|move|p2a: Ogerpon|Encore|p1a: Araquanid
|-start|p1a: Araquanid|Encore
|move|p1a: Araquanid|Endeavor|p2a: Ogerpon
|-immune|p2a: Ogerpon
|
|upkeep
|turn|15
|
|t:|1757832115
|switch|p1a: Sinistcha|Sinistcha|81/100
|move|p2a: Ogerpon|U-turn|p1a: Sinistcha
|-damage|p1a: Sinistcha|60/100
|
|t:|1757832133
|switch|p2a: Pecharunt|Pecharunt|100/100|[from] U-turn
|-damage|p2a: Pecharunt|88/100|[from] Stealth Rock
|-activate|p2a: Pecharunt|move: Sticky Web
|-unboost|p2a: Pecharunt|spe|1
|-damage|p2a: Pecharunt|76/100|[from] Spikes
|
|upkeep
|turn|16
|
|t:|1757832141
|switch|p1a: Great Tusk|Great Tusk|100/100
|-damage|p1a: Great Tusk|98/100|[from] Stealth Rock
|-enditem|p1a: Great Tusk|Booster Energy
|-activate|p1a: Great Tusk|ability: Protosynthesis|[fromitem]
|-start|p1a: Great Tusk|protosynthesisatk
|move|p2a: Pecharunt|Malignant Chain|p1a: Great Tusk
|-resisted|p1a: Great Tusk
|-damage|p1a: Great Tusk|74/100
|
|upkeep
|turn|17
|
|t:|1757832155
|switch|p2a: Enamorus|Enamorus, F|76/100
|-damage|p2a: Enamorus|51/100|[from] Stealth Rock
|move|p1a: Great Tusk|Knock Off|p2a: Enamorus
|-resisted|p2a: Enamorus
|-damage|p2a: Enamorus|17/100
|-enditem|p2a: Enamorus|Expert Belt|[from] move: Knock Off|[of] p1a: Great Tusk
|
|upkeep
|turn|18
|
|t:|1757832161
|-terastallize|p1a: Great Tusk|Steel
|move|p2a: Enamorus|Moonblast|p1a: Great Tusk
|-resisted|p1a: Great Tusk
|-damage|p1a: Great Tusk|33/100
|move|p1a: Great Tusk|Rapid Spin|p2a: Enamorus
|-damage|p2a: Enamorus|0 fnt
|-boost|p1a: Great Tusk|spe|1
|-sideend|p1: TotallySkilled|Stealth Rock|[from] move: Rapid Spin|[of] p1a: Great Tusk
|faint|p2a: Enamorus
|
|upkeep
|
|t:|1757832175
|switch|p2a: Great Tusk|Great Tusk|72/100
|turn|19
|
|t:|1757832179
|-end|p1a: Great Tusk|Protosynthesis|[silent]
|switch|p1a: Sinistcha|Sinistcha|60/100
|move|p2a: Great Tusk|Rapid Spin|p1a: Sinistcha
|-immune|p1a: Sinistcha
|
|upkeep
|turn|20
|
|t:|1757832193
|-end|p2a: Great Tusk|Protosynthesis|[silent]
|switch|p2a: Pecharunt|Pecharunt|76/100
|-damage|p2a: Pecharunt|63/100|[from] Stealth Rock
|-activate|p2a: Pecharunt|move: Sticky Web
|-unboost|p2a: Pecharunt|spe|1
|-damage|p2a: Pecharunt|51/100|[from] Spikes
|move|p1a: Sinistcha|Shadow Ball|p2a: Pecharunt
|-supereffective|p2a: Pecharunt
|-damage|p2a: Pecharunt|0 fnt
|faint|p2a: Pecharunt
|
|upkeep
|
|t:|1757832201
|switch|p2a: Margaret|Chansey, F|76/100
|-damage|p2a: Margaret|63/100|[from] Stealth Rock
|-activate|p2a: Margaret|move: Sticky Web
|-unboost|p2a: Margaret|spe|1
|-damage|p2a: Margaret|51/100|[from] Spikes
|turn|21
|
|t:|1757832205
|move|p1a: Sinistcha|Calm Mind|p1a: Sinistcha
|-boost|p1a: Sinistcha|spa|1
|-boost|p1a: Sinistcha|spd|1
|move|p2a: Margaret|Soft-Boiled|p2a: Margaret
|-heal|p2a: Margaret|100/100
|
|upkeep
|turn|22
|
|t:|1757832210
|move|p1a: Sinistcha|Matcha Gotcha|p2a: Margaret
|-damage|p2a: Margaret|86/100
|-heal|p1a: Sinistcha|75/100|[from] drain|[of] p2a: Margaret
|move|p2a: Margaret|Thunder Wave|p1a: Sinistcha
|-status|p1a: Sinistcha|par
|
|upkeep
|turn|23
|
|t:|1757832219
|switch|p2a: Ogerpon|Ogerpon-Wellspring, F|44/100
|-damage|p2a: Ogerpon|31/100|[from] Stealth Rock
|-activate|p2a: Ogerpon|move: Sticky Web
|-unboost|p2a: Ogerpon|spe|1
|-damage|p2a: Ogerpon|19/100|[from] Spikes
|move|p1a: Sinistcha|Calm Mind|p1a: Sinistcha
|-boost|p1a: Sinistcha|spa|1
|-boost|p1a: Sinistcha|spd|1
|
|upkeep
|turn|24
|
|t:|1757832226
|switch|p1a: Araquanid|Araquanid, M|39/100 par
|move|p2a: Ogerpon|Knock Off|p1a: Araquanid
|-damage|p1a: Araquanid|13/100 par
|
|upkeep
|turn|25
|
|t:|1757832235
|move|p2a: Ogerpon|Knock Off|p1a: Araquanid
|-damage|p1a: Araquanid|0 fnt
|faint|p1a: Araquanid
|
|upkeep
|
|t:|1757832239
|switch|p1a: Moltres|Moltres-Galar|100/100
|turn|26
|
|t:|1757832248
|move|p1a: Moltres|Fiery Wrath|p2a: Ogerpon
|-damage|p2a: Ogerpon|0 fnt
|faint|p2a: Ogerpon
|
|upkeep
|j| LegitimatePotato
|
|t:|1757832257
|switch|p2a: Margaret|Chansey, F|86/100
|-damage|p2a: Margaret|74/100|[from] Stealth Rock
|-activate|p2a: Margaret|move: Sticky Web
|-unboost|p2a: Margaret|spe|1
|-damage|p2a: Margaret|62/100|[from] Spikes
|turn|27
|
|t:|1757832262
|move|p1a: Moltres|Taunt|p2a: Margaret
|-start|p2a: Margaret|move: Taunt
|cant|p2a: Margaret|move: Taunt|Soft-Boiled
|
|upkeep
|turn|28
|
|t:|1757832265
|move|p1a: Moltres|Nasty Plot|p1a: Moltres
|-boost|p1a: Moltres|spa|2
|move|p2a: Margaret|Seismic Toss|p1a: Moltres
|-damage|p1a: Moltres|70/100
|
|-heal|p1a: Moltres|76/100|[from] item: Leftovers
|upkeep
|turn|29
|
|t:|1757832272
|move|p1a: Moltres|Fiery Wrath|p2a: Margaret
|-damage|p2a: Margaret|36/100
|move|p2a: Margaret|Seismic Toss|p1a: Moltres
|-damage|p1a: Moltres|45/100
|-ability|p1a: Moltres|Berserk|boost
|-boost|p1a: Moltres|spa|1
|
|-heal|p1a: Moltres|51/100|[from] item: Leftovers
|-end|p2a: Margaret|move: Taunt
|upkeep
|turn|30
|j| kopoxokop
|
|t:|1757832302
|move|p1a: Moltres|Taunt|p2a: Margaret
|-start|p2a: Margaret|move: Taunt
|move|p2a: Margaret|Seismic Toss|p1a: Moltres
|-damage|p1a: Moltres|20/100
|-ability|p1a: Moltres|Berserk|boost
|-boost|p1a: Moltres|spa|1
|
|-heal|p1a: Moltres|27/100|[from] item: Leftovers
|upkeep
|turn|31
|
|t:|1757832304
|move|p1a: Moltres|Fiery Wrath|p2a: Margaret
|-damage|p2a: Margaret|0 fnt
|faint|p2a: Margaret
|
|-heal|p1a: Moltres|33/100|[from] item: Leftovers
|upkeep
|
|t:|1757832308
|switch|p2a: Kingambit|Kingambit, M|100/100
|-damage|p2a: Kingambit|94/100|[from] Stealth Rock
|-activate|p2a: Kingambit|move: Sticky Web
|-unboost|p2a: Kingambit|spe|1
|-damage|p2a: Kingambit|82/100|[from] Spikes
|-activate|p2a: Kingambit|ability: Supreme Overlord
|-start|p2a: Kingambit|fallen4|[silent]
|turn|32
|
|t:|1757832320
|move|p2a: Kingambit|Sucker Punch|p1a: Moltres
|-resisted|p1a: Moltres
|-damage|p1a: Moltres|2/100
|move|p1a: Moltres|Fiery Wrath|p2a: Kingambit
|-resisted|p2a: Kingambit
|-damage|p2a: Kingambit|18/100
|
|-heal|p1a: Moltres|8/100|[from] item: Leftovers
|upkeep
|turn|33
|
|t:|1757832326
|move|p2a: Kingambit|Sucker Punch||[still]
|-fail|p2a: Kingambit
|move|p1a: Moltres|Taunt|p2a: Kingambit
|-start|p2a: Kingambit|move: Taunt
|
|-heal|p1a: Moltres|14/100|[from] item: Leftovers
|upkeep
|turn|34
|
|t:|1757832331
|move|p2a: Kingambit|Sucker Punch|p1a: Moltres
|-resisted|p1a: Moltres
|-damage|p1a: Moltres|0 fnt
|faint|p1a: Moltres
|
|upkeep
|
|t:|1757832335
|switch|p1a: Raging Bolt|Raging Bolt|88/100
|turn|35
|
|t:|1757832340
|move|p1a: Raging Bolt|Thunderclap|p2a: Kingambit
|-damage|p2a: Kingambit|0 fnt
|faint|p2a: Kingambit
|-end|p2a: Kingambit|fallen4|[silent]
|
|upkeep
|
|t:|1757832342
|switch|p2a: Great Tusk|Great Tusk|72/100
|turn|36
|
|t:|1757832348
|move|p2a: Great Tusk|Rapid Spin|p1a: Raging Bolt
|-damage|p1a: Raging Bolt|71/100
|-boost|p2a: Great Tusk|spe|1
|-sideend|p2: jungkolo|Spikes|[from] move: Rapid Spin|[of] p2a: Great Tusk
|-sideend|p2: jungkolo|Stealth Rock|[from] move: Rapid Spin|[of] p2a: Great Tusk
|-sideend|p2: jungkolo|Sticky Web|[from] move: Rapid Spin|[of] p2a: Great Tusk
|move|p1a: Raging Bolt|Dragon Pulse|p2a: Great Tusk
|-crit|p2a: Great Tusk
|-damage|p2a: Great Tusk|0 fnt
|faint|p2a: Great Tusk
|-end|p2a: Great Tusk|Protosynthesis|[silent]
|
|win|TotallySkilled
|raw|TotallySkilled's rating: 1562 &rarr; <strong>1580</strong><br />(+18 for winning)
|raw|jungkolo's rating: 1529 &rarr; <strong>1511</strong><br />(-18 for losing)
|j| HGalliumh
|l|☆jungkolo
|player|p2|
|l|☆TotallySkilled
|player|p1|
|l| LegitimatePotato
|l| HGalliumh
