|inactive|Battle timer is ON: inactive players will automatically lose when time's up.
|badge|p2|bronze|gen9monotype|100-6
|uhtml|medal-msg|<div class="broadcast-blue">Curious what those medals under the avatar are? PS now has Ladder Seasons! For more information, check out the <a href="https://www.smogon.com/forums/threads/3740067/">thread on Smogon.</a></div>
|t:|1757794073
|gametype|singles
|player|p1|xdRudi.exe|#1v1plviiithwackeys|
|player|p2|Tuff Tuff|gentleman-gen4dp|
|gen|9
|tier|[Gen 9] OU
|rule|HP Percentage Mod: HP is shown in percentages
|rule|Endless Battle Clause: Forcing endless battles is banned
|rule|Species Clause: Limit one of each Pokémon
|rule|OHKO Clause: OHKO moves are banned
|rule|Evasion Items Clause: Evasion items are banned
|rule|Evasion Moves Clause: Evasion moves are banned
|rule|Evasion Abilities Clause: Evasion abilities are banned
|rule|Sleep Moves Clause: Sleep-inducing moves are banned
|clearpoke
|poke|p1|Darkrai|
|poke|p1|Garchomp, F|
|poke|p1|Corviknight, M|
|poke|p1|Alomomola, M|
|poke|p1|Weezing-Galar, M|
|poke|p1|Ogerpon, F|
|poke|p2|Kyurem|
|poke|p2|Landorus-Therian, M|
|poke|p2|Hatterene, F|
|poke|p2|Darkrai|
|poke|p2|Cinderace, F|
|poke|p2|Iron Valiant|
|teampreview
|c|☆xdRudi.exe|hf
|c|☆Tuff Tuff|u2
|inactive|xdRudi.exe has 270 seconds left.
|inactive|Tuff Tuff has 270 seconds left.
|inactive|xdRudi.exe has 240 seconds left.
|inactive|Tuff Tuff has 240 seconds left.
|inactive|xdRudi.exe has 210 seconds left.
|inactive|Tuff Tuff has 210 seconds left.
|inactive|Tuff Tuff has 180 seconds left.
|inactive|Tuff Tuff has 150 seconds left.
|inactive|Tuff Tuff has 120 seconds left.
|
|t:|1757794261
|teamsize|p1|6
|teamsize|p2|6
|start
|switch|p1a: Darkrai|Darkrai|100/100
|switch|p2a: Sunspots|Cinderace, F|100/100
|turn|1
|inactive|Tuff Tuff has 180 seconds left.
|inactive|xdRudi.exe has 240 seconds left.
|inactive|Tuff Tuff has 150 seconds left.
|inactive|xdRudi.exe has 210 seconds left.
|inactive|Tuff Tuff has 120 seconds left.
|inactive|Tuff Tuff has 90 seconds left.
|
|t:|1757794366
|switch|p2a: Kingdom of Cards|Kyurem|100/100
|-ability|p2a: Kingdom of Cards|Pressure
|move|p1a: Darkrai|Dark Pulse|p2a: Kingdom of Cards
|-damage|p2a: Kingdom of Cards|41/100
|
|upkeep
|turn|2
|inactive|xdRudi.exe has 210 seconds left.
|
|t:|1757794394
|switch|p1a: Corviknight|Corviknight, M|100/100
|-ability|p1a: Corviknight|Pressure
|switch|p2a: again&again|Darkrai|100/100
|
|upkeep
|turn|3
|
|t:|1757794407
|switch|p2a: Diary of Jane|Landorus-Therian, M|100/100
|-ability|p2a: Diary of Jane|Intimidate|boost
|-unboost|p1a: Corviknight|atk|1
|move|p1a: Corviknight|U-turn|p2a: Diary of Jane
|-resisted|p2a: Diary of Jane
|-damage|p2a: Diary of Jane|96/100
|-damage|p1a: Corviknight|84/100|[from] item: Rocky Helmet|[of] p2a: Diary of Jane
|c|+Fantos13|Sitz mit Bäumchen, Becjs und Hennkx am Charly saufen
|
|t:|1757794413
|switch|p1a: Darkrai|Darkrai|100/100|[from] U-turn
|
|upkeep
|turn|4
|c|+Fantos13|Gewinn ma
|inactive|Tuff Tuff has 90 seconds left.
|
|t:|1757794446
|switch|p2a: Sunspots|Cinderace, F|100/100
|move|p1a: Darkrai|Ice Beam|p2a: Sunspots
|-resisted|p2a: Sunspots
|-damage|p2a: Sunspots|69/100
|
|upkeep
|turn|5
|inactive|xdRudi.exe has 210 seconds left.
|inactive|Tuff Tuff has 60 seconds left.
|
|t:|1757794486
|switch|p1a: Alomomola|Alomomola, M|100/100
|switch|p2a: Kingdom of Cards|Kyurem|41/100
|-ability|p2a: Kingdom of Cards|Pressure
|
|upkeep
|turn|6
|inactive|xdRudi.exe has 210 seconds left.
|
|t:|1757794492
|move|p2a: Kingdom of Cards|Substitute|p2a: Kingdom of Cards
|-start|p2a: Kingdom of Cards|Substitute
|-damage|p2a: Kingdom of Cards|16/100
|move|p1a: Alomomola|Flip Turn|p2a: Kingdom of Cards
|-resisted|p2a: Kingdom of Cards
|-activate|p2a: Kingdom of Cards|move: Substitute|[damage]
|inactive|xdRudi.exe has 210 seconds left.
|
|t:|1757794498
|switch|p1a: Ogerpon|Ogerpon, F|100/100|[from] Flip Turn
|
|upkeep
|turn|7
|
|t:|1757794501
|move|p1a: Ogerpon|Encore|p2a: Kingdom of Cards
|-start|p2a: Kingdom of Cards|Encore
|move|p2a: Kingdom of Cards|Substitute|p2a: Kingdom of Cards
|-fail|p2a: Kingdom of Cards|move: Substitute
|
|upkeep
|turn|8
|inactive|Tuff Tuff has 60 seconds left.
|
|t:|1757794523
|switch|p2a: Die Like This|Hatterene, F|100/100
|move|p1a: Ogerpon|Ivy Cudgel|p2a: Die Like This
|-damage|p2a: Die Like This|56/100
|
|upkeep
|turn|9
|
|t:|1757794542
|move|p1a: Ogerpon|U-turn|p2a: Die Like This
|-damage|p2a: Die Like This|35/100
|inactive|xdRudi.exe has 210 seconds left.
|
|t:|1757794561
|switch|p1a: Corviknight|Corviknight, M|84/100|[from] U-turn
|-ability|p1a: Corviknight|Pressure
|move|p2a: Die Like This|Draining Kiss|p1a: Corviknight
|-resisted|p1a: Corviknight
|-damage|p1a: Corviknight|76/100
|-heal|p2a: Die Like This|42/100|[from] drain|[of] p1a: Corviknight
|
|-heal|p1a: Corviknight|82/100|[from] item: Leftovers
|upkeep
|turn|10
|inactive|xdRudi.exe has 210 seconds left.
|inactive|Tuff Tuff has 30 seconds left.
|
|t:|1757794596
|move|p1a: Corviknight|Brave Bird|p2a: Die Like This
|-damage|p2a: Die Like This|12/100
|-damage|p1a: Corviknight|74/100|[from] Recoil
|move|p2a: Die Like This|Draining Kiss|p1a: Corviknight
|-resisted|p1a: Corviknight
|-damage|p1a: Corviknight|66/100
|-heal|p2a: Die Like This|20/100|[from] drain|[of] p1a: Corviknight
|
|-heal|p1a: Corviknight|72/100|[from] item: Leftovers
|upkeep
|turn|11
|inactive|Tuff Tuff has 30 seconds left.
|inactive|xdRudi.exe has 210 seconds left.
|inactive|Tuff Tuff has 20 seconds left.
|
|t:|1757794613
|switch|p2a: Diary of Jane|Landorus-Therian, M|96/100
|-ability|p2a: Diary of Jane|Intimidate|boost
|-unboost|p1a: Corviknight|atk|1
|move|p1a: Corviknight|Roost|p1a: Corviknight
|-heal|p1a: Corviknight|100/100
|-singleturn|p1a: Corviknight|move: Roost
|
|upkeep
|turn|12
|inactive|Tuff Tuff has 30 seconds left this turn.
|inactive|xdRudi.exe has 210 seconds left.
|inactive|Tuff Tuff has 20 seconds left.
|
|t:|1757794628
|switch|p1a: Alomomola|Alomomola, M|100/100
|move|p2a: Diary of Jane|Stealth Rock|p1a: Alomomola
|-sidestart|p1: xdRudi.exe|move: Stealth Rock
|
|upkeep
|turn|13
|inactive|Tuff Tuff has 30 seconds left this turn.
|inactive|xdRudi.exe has 210 seconds left.
|inactive|Tuff Tuff has 20 seconds left.
|
|t:|1757794653
|move|p2a: Diary of Jane|Earth Power|p1a: Alomomola
|-damage|p1a: Alomomola|84/100
|move|p1a: Alomomola|Flip Turn|p2a: Diary of Jane
|-supereffective|p2a: Diary of Jane
|-damage|p2a: Diary of Jane|64/100
|-damage|p1a: Alomomola|67/100|[from] item: Rocky Helmet|[of] p2a: Diary of Jane
|
|t:|1757794662
|switch|p1a: Darkrai|Darkrai|100/100|[from] Flip Turn
|-damage|p1a: Darkrai|88/100|[from] Stealth Rock
|
|upkeep
|turn|14
|inactive|Tuff Tuff has 30 seconds left.
|inactive|Tuff Tuff has 20 seconds left.
|inactive|Tuff Tuff has 15 seconds left.
|
|t:|1757794684
|-terastallize|p2a: Diary of Jane|Water
|move|p1a: Darkrai|Ice Beam|p2a: Diary of Jane
|-resisted|p2a: Diary of Jane
|-damage|p2a: Diary of Jane|37/100
|move|p2a: Diary of Jane|U-turn|p1a: Darkrai
|-supereffective|p1a: Darkrai
|-damage|p1a: Darkrai|38/100
|inactive|Tuff Tuff has 20 seconds left this turn.
|inactive|Tuff Tuff has 15 seconds left.
|inactive|Tuff Tuff has 10 seconds left.
|
|t:|1757794694
|switch|p2a: Sunspots|Cinderace, F|69/100|[from] U-turn
|
|upkeep
|turn|15
|inactive|Tuff Tuff has 20 seconds left this turn.
|inactive|Tuff Tuff has 15 seconds left.
|inactive|xdRudi.exe has 210 seconds left.
|inactive|Tuff Tuff has 10 seconds left.
|
|t:|1757794709
|switch|p1a: Alomomola|Alomomola, M|100/100
|-damage|p1a: Alomomola|88/100|[from] Stealth Rock
|switch|p2a: again&again|Darkrai|100/100
|
|upkeep
|turn|16
|inactive|Tuff Tuff has 20 seconds left this turn.
|inactive|Tuff Tuff has 15 seconds left.
|
|t:|1757794717
|move|p2a: again&again|Dark Pulse|p1a: Alomomola
|-damage|p1a: Alomomola|66/100
|move|p1a: Alomomola|Flip Turn|p2a: again&again
|-damage|p2a: again&again|79/100
|
|t:|1757794723
|switch|p1a: Corviknight|Corviknight, M|100/100|[from] Flip Turn
|-damage|p1a: Corviknight|88/100|[from] Stealth Rock
|-ability|p1a: Corviknight|Pressure
|
|-heal|p1a: Corviknight|94/100|[from] item: Leftovers
|upkeep
|turn|17
|inactive|Tuff Tuff has 30 seconds left this turn.
|inactive|Tuff Tuff has 20 seconds left.
|
|t:|1757794733
|move|p2a: again&again|Nasty Plot|p2a: again&again
|-boost|p2a: again&again|spa|2
|move|p1a: Corviknight|Brave Bird|p2a: again&again
|-damage|p2a: again&again|31/100
|-damage|p1a: Corviknight|83/100|[from] Recoil
|
|-heal|p1a: Corviknight|89/100|[from] item: Leftovers
|upkeep
|turn|18
|inactive|Tuff Tuff has 30 seconds left this turn.
|
|t:|1757794757
|move|p2a: again&again|Dark Pulse|p1a: Corviknight
|-damage|p1a: Corviknight|27/100
|move|p1a: Corviknight|U-turn|p2a: again&again
|-supereffective|p2a: again&again
|-damage|p2a: again&again|0 fnt
|faint|p2a: again&again
|
|t:|1757794766
|switch|p1a: Ogerpon|Ogerpon, F|100/100|[from] U-turn
|
|upkeep
|inactive|Tuff Tuff has 30 seconds left.
|
|t:|1757794772
|switch|p2a: Sunspots|Cinderace, F|69/100
|turn|19
|
|t:|1757794777
|switch|p1a: Alomomola|Alomomola, M|99/100
|-damage|p1a: Alomomola|87/100|[from] Stealth Rock
|move|p2a: Sunspots|Pyro Ball|p1a: Alomomola
|-resisted|p1a: Alomomola
|-damage|p1a: Alomomola|64/100
|
|upkeep
|turn|20
|
|t:|1757794792
|switch|p2a: Diary of Jane|Landorus-Therian, M, tera:Water|37/100
|-ability|p2a: Diary of Jane|Intimidate|boost
|-unboost|p1a: Alomomola|atk|1
|move|p1a: Alomomola|Flip Turn|p2a: Diary of Jane
|-resisted|p2a: Diary of Jane
|-damage|p2a: Diary of Jane|33/100
|-damage|p1a: Alomomola|47/100|[from] item: Rocky Helmet|[of] p2a: Diary of Jane
|inactive|xdRudi.exe has 240 seconds left.
|
|t:|1757794798
|switch|p1a: Ogerpon|Ogerpon, F|100/100|[from] Flip Turn
|
|upkeep
|turn|21
|
|t:|1757794804
|move|p1a: Ogerpon|Ivy Cudgel|p2a: Diary of Jane
|-supereffective|p2a: Diary of Jane
|-damage|p2a: Diary of Jane|0 fnt
|faint|p2a: Diary of Jane
|
|upkeep
|
|t:|1757794806
|switch|p2a: Sunspots|Cinderace, F|69/100
|turn|22
|inactive|Tuff Tuff has 60 seconds left.
|
|t:|1757794815
|switch|p1a: Corviknight|Corviknight, M|27/100
|-damage|p1a: Corviknight|15/100|[from] Stealth Rock
|-ability|p1a: Corviknight|Pressure
|move|p2a: Sunspots|Swords Dance|p2a: Sunspots
|-boost|p2a: Sunspots|atk|2
|
|-heal|p1a: Corviknight|21/100|[from] item: Leftovers
|upkeep
|turn|23
|inactive|xdRudi.exe has 270 seconds left.
|inactive|Tuff Tuff has 60 seconds left.
|
|t:|1757794840
|move|p2a: Sunspots|Swords Dance|p2a: Sunspots
|-boost|p2a: Sunspots|atk|2
|move|p1a: Corviknight|Brave Bird|p2a: Sunspots
|-damage|p2a: Sunspots|16/100
|-damage|p1a: Corviknight|8/100|[from] Recoil
|
|-heal|p1a: Corviknight|14/100|[from] item: Leftovers
|upkeep
|turn|24
|
|t:|1757794849
|move|p2a: Sunspots|Low Kick|p1a: Corviknight
|-damage|p1a: Corviknight|0 fnt
|faint|p1a: Corviknight
|
|upkeep
|inactive|xdRudi.exe has 270 seconds left.
|
|t:|1757794883
|switch|p1a: Garchomp|Garchomp, F|100/100
|-damage|p1a: Garchomp|94/100|[from] Stealth Rock
|turn|25
|inactive|Tuff Tuff has 60 seconds left.
|
|t:|1757794907
|move|p2a: Sunspots|Pyro Ball|p1a: Garchomp
|-resisted|p1a: Garchomp
|-damage|p1a: Garchomp|18/100
|move|p1a: Garchomp|Earthquake|p2a: Sunspots
|-supereffective|p2a: Sunspots
|-damage|p2a: Sunspots|0 fnt
|faint|p2a: Sunspots
|
|upkeep
|inactive|Tuff Tuff has 30 seconds left.
|inactive|Tuff Tuff has 20 seconds left.
|inactive|Tuff Tuff has 15 seconds left.
|inactive|Tuff Tuff has 10 seconds left.
|
|t:|1757794952
|switch|p2a: Die Like This|Hatterene, F|20/100
|turn|26
|inactive|Tuff Tuff has 20 seconds left this turn.
|inactive|xdRudi.exe has 240 seconds left.
|-enditem|p2a: Die Like This|Custap Berry|[eat]
|-activate|p2a: Die Like This|item: Custap Berry|[consumed]
|
|t:|1757795012
|move|p2a: Die Like This|Healing Wish|p2a: Die Like This
|faint|p2a: Die Like This
|move|p1a: Garchomp|Stealth Rock|p2: Die Like This
|-sidestart|p2: Tuff Tuff|move: Stealth Rock
|
|upkeep
|inactive|Tuff Tuff has 25 seconds left this turn.
|inactive|Tuff Tuff has 20 seconds left.
|inactive|Tuff Tuff has 15 seconds left.
|
|t:|1757795026
|switch|p2a: Kingdom of Cards|Kyurem|16/100
|-heal|p2a: Kingdom of Cards|100/100|[from] move: Healing Wish
|-damage|p2a: Kingdom of Cards|76/100|[from] Stealth Rock
|-ability|p2a: Kingdom of Cards|Pressure
|turn|27
|inactive|Tuff Tuff has 25 seconds left this turn.
|inactive|Tuff Tuff has 20 seconds left.
|inactive|Tuff Tuff has 15 seconds left.
|
|t:|1757795045
|move|p2a: Kingdom of Cards|Icicle Spear|p1a: Garchomp
|-supereffective|p1a: Garchomp
|-damage|p1a: Garchomp|0 fnt
|faint|p1a: Garchomp
|-hitcount|p1: Garchomp|1
|
|upkeep
|inactive|xdRudi.exe has 210 seconds left.
|inactive|xdRudi.exe has 180 seconds left.
|
|t:|1757795089
|switch|p1a: Darkrai|Darkrai|38/100
|-damage|p1a: Darkrai|26/100|[from] Stealth Rock
|turn|28
|inactive|Tuff Tuff has 30 seconds left this turn.
|
|t:|1757795097
|move|p1a: Darkrai|Dark Pulse|p2a: Kingdom of Cards
|-damage|p2a: Kingdom of Cards|12/100
|move|p2a: Kingdom of Cards|Dragon Dance|p2a: Kingdom of Cards
|-boost|p2a: Kingdom of Cards|atk|1
|-boost|p2a: Kingdom of Cards|spe|1
|
|upkeep
|turn|29
|
|t:|1757795102
|move|p2a: Kingdom of Cards|Icicle Spear|p1a: Darkrai
|-damage|p1a: Darkrai|2/100
|-damage|p1a: Darkrai|0 fnt
|faint|p1a: Darkrai
|-hitcount|p1: Darkrai|2
|
|upkeep
|inactive|xdRudi.exe has 180 seconds left.
|
|t:|1757795130
|switch|p1a: Ogerpon|Ogerpon, F|100/100
|turn|30
|
|t:|1757795144
|-terastallize|p1a: Ogerpon|Grass
|detailschange|p1a: Ogerpon|Ogerpon-Teal-Tera, F, tera:Grass
|-ability|p1a: Ogerpon|Embody Aspect (Teal)|boost
|-boost|p1a: Ogerpon|spe|1
|move|p1a: Ogerpon|Ivy Cudgel|p2a: Kingdom of Cards
|-resisted|p2a: Kingdom of Cards
|-damage|p2a: Kingdom of Cards|0 fnt
|faint|p2a: Kingdom of Cards
|
|upkeep
|
|t:|1757795147
|switch|p2a: Breakeven|Iron Valiant|100/100
|-damage|p2a: Breakeven|94/100|[from] Stealth Rock
|-enditem|p2a: Breakeven|Booster Energy
|-activate|p2a: Breakeven|ability: Quark Drive|[fromitem]
|-start|p2a: Breakeven|quarkdrivespe
|turn|31
|
|t:|1757795159
|move|p2a: Breakeven|Moonblast|p1a: Ogerpon
|-damage|p1a: Ogerpon|47/100
|move|p1a: Ogerpon|Ivy Cudgel|p2a: Breakeven
|-damage|p2a: Breakeven|8/100
|
|upkeep
|turn|32
|
|t:|1757795171
|move|p2a: Breakeven|Moonblast|p1a: Ogerpon
|-damage|p1a: Ogerpon|0 fnt
|faint|p1a: Ogerpon
|detailschange|p1: Ogerpon|Ogerpon, F|[silent]
|
|upkeep
|inactive|xdRudi.exe has 180 seconds left.
|
|t:|1757795195
|switch|p1a: Weezing|Weezing-Galar, M|100/100
|-damage|p1a: Weezing|88/100|[from] Stealth Rock
|turn|33
|
|t:|1757795206
|move|p2a: Breakeven|Moonblast|p1a: Weezing
|-resisted|p1a: Weezing
|-damage|p1a: Weezing|58/100
|-unboost|p1a: Weezing|spa|1
|move|p1a: Weezing|Sludge Bomb|p2a: Breakeven
|-supereffective|p2a: Breakeven
|-damage|p2a: Breakeven|0 fnt
|faint|p2a: Breakeven
|-end|p2a: Breakeven|Quark Drive|[silent]
|
|win|xdRudi.exe
|c|☆Tuff Tuff|gg
|player|p2|
|c|☆xdRudi.exe|gg
