|j|☆Devrai
|j|☆JacezZ
|t:|1757906637
|gametype|singles
|player|p1|Devrai|zinnia|1456
|player|p2|JacezZ|blackbelt-gen4dp|1459
|gen|9
|tier|[Gen 9] OU
|rated|
|rule|HP Percentage Mod: HP is shown in percentages
|rule|Endless Battle Clause: Forcing endless battles is banned
|rule|Species Clause: Limit one of each Pokémon
|rule|OHKO Clause: OHKO moves are banned
|rule|Evasion Items Clause: Evasion items are banned
|rule|Evasion Moves Clause: Evasion moves are banned
|rule|Evasion Abilities Clause: Evasion abilities are banned
|rule|Sleep Moves Clause: Sleep-inducing moves are banned
|clearpoke
|poke|p1|Araquanid, M|
|poke|p1|Skeledirge, F|
|poke|p1|Enamorus, F|
|poke|p1|Iron Treads|
|poke|p1|Latios, M|
|poke|p1|Raichu, F|
|poke|p2|Swampert, F|
|poke|p2|Slowking-Galar, F|
|poke|p2|Thundurus-Therian, M|
|poke|p2|Ogerpon-Cornerstone, F|
|poke|p2|Gholdengo|
|poke|p2|Great Tusk|
|teampreview
|
|t:|1757906651
|teamsize|p1|6
|teamsize|p2|6
|start
|switch|p1a: Bubble Buddy|Araquanid, M, shiny|100/100
|switch|p2a: Pert Maxing|Swampert, F|100/100
|turn|1
|
|t:|1757906655
|move|p2a: Pert Maxing|Stealth Rock|p1a: Bubble Buddy
|-sidestart|p1: Devrai|move: Stealth Rock
|move|p1a: Bubble Buddy|Sticky Web|p2a: Pert Maxing
|-sidestart|p2: JacezZ|move: Sticky Web
|
|upkeep
|turn|2
|l|☆Devrai
|player|p1|
|j|☆Devrai
|player|p1|Devrai|zinnia|
|
|t:|1757906722
|move|p1a: Bubble Buddy|Liquidation|p2a: Pert Maxing
|-damage|p2a: Pert Maxing|64/100
|move|p2a: Pert Maxing|Roar|p1a: Bubble Buddy
|drag|p1a: Ampere|Raichu, F|100/100
|-damage|p1a: Ampere|88/100|[from] Stealth Rock
|
|upkeep
|turn|3
|
|t:|1757906734
|move|p1a: Ampere|Encore|p2a: Pert Maxing
|-start|p2a: Pert Maxing|Encore
|move|p2a: Pert Maxing|Roar|p1a: Ampere
|drag|p1a: Mistress|Enamorus, F, shiny|100/100
|-damage|p1a: Mistress|76/100|[from] Stealth Rock
|
|upkeep
|turn|4
|
|t:|1757906739
|switch|p2a: Slowking|Slowking-Galar, F|100/100
|-activate|p2a: Slowking|move: Sticky Web
|-unboost|p2a: Slowking|spe|1
|move|p1a: Mistress|Draining Kiss|p2a: Slowking
|-resisted|p2a: Slowking
|-damage|p2a: Slowking|93/100
|-heal|p1a: Mistress|83/100|[from] drain|[of] p2a: Slowking
|
|upkeep
|turn|5
|
|t:|1757906742
|switch|p1a: Treadmill|Iron Treads, shiny|100/100
|-prepare|p2a: Slowking|Chilly Reception|[premajor]
|move|p2a: Slowking|Chilly Reception|p2a: Slowking
|-weather|Snowscape
|
|t:|1757906747
|switch|p2a: Great Tusk|Great Tusk|100/100|[from] Chilly Reception
|
|-weather|Snowscape|[upkeep]
|upkeep
|turn|6
|
|t:|1757906756
|-terastallize|p1a: Treadmill|Ghost
|move|p1a: Treadmill|Stealth Rock|p2a: Great Tusk
|-sidestart|p2: JacezZ|move: Stealth Rock
|move|p2a: Great Tusk|Rapid Spin|p1a: Treadmill
|-immune|p1a: Treadmill
|
|-weather|Snowscape|[upkeep]
|upkeep
|turn|7
|
|t:|1757906762
|move|p1a: Treadmill|Rapid Spin|p2a: Great Tusk
|-damage|p2a: Great Tusk|91/100
|-boost|p1a: Treadmill|spe|1
|-sideend|p1: Devrai|Stealth Rock|[from] move: Rapid Spin|[of] p1a: Treadmill
|move|p2a: Great Tusk|Knock Off|p1a: Treadmill
|-supereffective|p1a: Treadmill
|-damage|p1a: Treadmill|57/100
|-enditem|p1a: Treadmill|Heavy-Duty Boots|[from] move: Knock Off|[of] p2a: Great Tusk
|
|-weather|Snowscape|[upkeep]
|upkeep
|turn|8
|
|t:|1757906766
|move|p1a: Treadmill|Knock Off|p2a: Great Tusk
|-resisted|p2a: Great Tusk
|-damage|p2a: Great Tusk|83/100
|-enditem|p2a: Great Tusk|Heavy-Duty Boots|[from] move: Knock Off|[of] p1a: Treadmill
|move|p2a: Great Tusk|Headlong Rush|p1a: Treadmill
|-damage|p1a: Treadmill|16/100
|-unboost|p2a: Great Tusk|def|1
|-unboost|p2a: Great Tusk|spd|1
|
|-weather|Snowscape|[upkeep]
|upkeep
|turn|9
|
|t:|1757906772
|move|p1a: Treadmill|Earthquake|p2a: Great Tusk
|-damage|p2a: Great Tusk|44/100
|move|p2a: Great Tusk|Ice Spinner|p1a: Treadmill
|-damage|p1a: Treadmill|0 fnt
|faint|p1a: Treadmill
|-end|p1a: Treadmill|Quark Drive|[silent]
|
|-weather|none
|upkeep
|
|t:|1757906774
|switch|p1a: Jet Lag|Latios, M, shiny|100/100
|turn|10
|
|t:|1757906777
|-end|p2a: Great Tusk|Protosynthesis|[silent]
|switch|p2a: Slowking|Slowking-Galar, F|100/100
|-activate|p2a: Slowking|move: Sticky Web
|-unboost|p2a: Slowking|spe|1
|-damage|p2a: Slowking|88/100|[from] Stealth Rock
|move|p1a: Jet Lag|Luster Purge|p2a: Slowking
|-damage|p2a: Slowking|58/100
|
|upkeep
|turn|11
|
|t:|1757906779
|move|p1a: Jet Lag|Luster Purge|p2a: Slowking
|-damage|p2a: Slowking|30/100
|-prepare|p2a: Slowking|Chilly Reception|[premajor]
|move|p2a: Slowking|Chilly Reception|p2a: Slowking
|-weather|Snowscape
|
|t:|1757906786
|switch|p2a: Gholdengo|Gholdengo|100/100|[from] Chilly Reception
|-activate|p2a: Gholdengo|move: Sticky Web
|-unboost|p2a: Gholdengo|spe|1
|-damage|p2a: Gholdengo|94/100|[from] Stealth Rock
|
|-weather|Snowscape|[upkeep]
|upkeep
|turn|12
|
|t:|1757906793
|switch|p1a: Ampere|Raichu, F|88/100
|move|p2a: Gholdengo|Shadow Ball|p1a: Ampere
|-damage|p1a: Ampere|17/100
|
|-weather|Snowscape|[upkeep]
|upkeep
|turn|13
|
|t:|1757906797
|switch|p2a: Pert Maxing|Swampert, F|64/100
|-activate|p2a: Pert Maxing|move: Sticky Web
|-unboost|p2a: Pert Maxing|spe|1
|-damage|p2a: Pert Maxing|58/100|[from] Stealth Rock
|move|p1a: Ampere|Thunderbolt|p2a: Pert Maxing
|-immune|p2a: Pert Maxing
|
|-weather|Snowscape|[upkeep]
|upkeep
|turn|14
|
|t:|1757906801
|switch|p1a: Mistress|Enamorus, F, shiny|83/100
|move|p2a: Pert Maxing|Stealth Rock|p1a: Mistress
|-sidestart|p1: Devrai|move: Stealth Rock
|
|-weather|Snowscape|[upkeep]
|upkeep
|turn|15
|
|t:|1757906805
|move|p1a: Mistress|Superpower|p2a: Pert Maxing
|-damage|p2a: Pert Maxing|27/100
|-boost|p1a: Mistress|atk|1
|-boost|p1a: Mistress|def|1
|move|p2a: Pert Maxing|Flip Turn|p1a: Mistress
|-damage|p1a: Mistress|49/100
|
|t:|1757906820
|switch|p2a: Gholdengo|Gholdengo|94/100|[from] Flip Turn
|-activate|p2a: Gholdengo|move: Sticky Web
|-unboost|p2a: Gholdengo|spe|1
|-damage|p2a: Gholdengo|88/100|[from] Stealth Rock
|
|-weather|none
|upkeep
|turn|16
|
|t:|1757906824
|move|p1a: Mistress|Earth Power|p2a: Gholdengo
|-supereffective|p2a: Gholdengo
|-damage|p2a: Gholdengo|15/100
|move|p2a: Gholdengo|Shadow Ball|p1a: Mistress
|-damage|p1a: Mistress|10/100
|
|upkeep
|turn|17
|
|t:|1757906838
|switch|p2a: Pert Maxing|Swampert, F|27/100
|-activate|p2a: Pert Maxing|move: Sticky Web
|-unboost|p2a: Pert Maxing|spe|1
|-damage|p2a: Pert Maxing|21/100|[from] Stealth Rock
|move|p1a: Mistress|Draining Kiss|p2a: Pert Maxing
|-damage|p2a: Pert Maxing|6/100
|-heal|p1a: Mistress|24/100|[from] drain|[of] p2a: Pert Maxing
|
|upkeep
|turn|18
|
|t:|1757906841
|move|p1a: Mistress|Superpower|p2a: Pert Maxing
|-damage|p2a: Pert Maxing|0 fnt
|-boost|p1a: Mistress|atk|1
|-boost|p1a: Mistress|def|1
|faint|p2a: Pert Maxing
|
|upkeep
|
|t:|1757906844
|switch|p2a: Slowking|Slowking-Galar, F|63/100
|-activate|p2a: Slowking|move: Sticky Web
|-unboost|p2a: Slowking|spe|1
|-damage|p2a: Slowking|51/100|[from] Stealth Rock
|turn|19
|
|t:|1757906846
|move|p1a: Mistress|Earth Power|p2a: Slowking
|-supereffective|p2a: Slowking
|-damage|p2a: Slowking|14/100
|move|p2a: Slowking|Sludge Bomb|p1a: Mistress
|-supereffective|p1a: Mistress
|-damage|p1a: Mistress|0 fnt
|faint|p1a: Mistress
|
|upkeep
|
|t:|1757906848
|switch|p1a: Jet Lag|Latios, M, shiny|100/100
|-damage|p1a: Jet Lag|88/100|[from] Stealth Rock
|turn|20
|
|t:|1757906852
|switch|p2a: Gholdengo|Gholdengo|15/100
|-activate|p2a: Gholdengo|move: Sticky Web
|-unboost|p2a: Gholdengo|spe|1
|-damage|p2a: Gholdengo|9/100|[from] Stealth Rock
|move|p1a: Jet Lag|Luster Purge|p2a: Gholdengo
|-resisted|p2a: Gholdengo
|-damage|p2a: Gholdengo|0 fnt
|faint|p2a: Gholdengo
|
|upkeep
|
|t:|1757906858
|switch|p2a: Great Tusk|Great Tusk|44/100
|-activate|p2a: Great Tusk|move: Sticky Web
|-unboost|p2a: Great Tusk|spe|1
|-damage|p2a: Great Tusk|41/100|[from] Stealth Rock
|turn|21
|
|t:|1757906861
|-terastallize|p2a: Great Tusk|Dark
|move|p1a: Jet Lag|Luster Purge|p2a: Great Tusk
|-immune|p2a: Great Tusk
|move|p2a: Great Tusk|Rapid Spin|p1a: Jet Lag
|-damage|p1a: Jet Lag|69/100
|-boost|p2a: Great Tusk|spe|1
|-sideend|p2: JacezZ|Stealth Rock|[from] move: Rapid Spin|[of] p2a: Great Tusk
|-sideend|p2: JacezZ|Sticky Web|[from] move: Rapid Spin|[of] p2a: Great Tusk
|
|upkeep
|turn|22
|-message|Devrai forfeited.
|
|win|JacezZ
|raw|Devrai's rating: 1456 &rarr; <strong>1436</strong><br />(-20 for losing)
|raw|JacezZ's rating: 1459 &rarr; <strong>1479</strong><br />(+20 for winning)
|l|☆Devrai
|player|p1|
