|j|☆lolproplayer
|j|☆g9ougamer
|t:|1757919756
|gametype|singles
|player|p1|lolproplayer|pokekid|1631
|player|p2|g9ougamer|n|1606
|gen|9
|tier|[Gen 9] OU
|rated|
|rule|HP Percentage Mod: HP is shown in percentages
|rule|Endless Battle Clause: Forcing endless battles is banned
|rule|Species Clause: Limit one of each Pokémon
|rule|OHKO Clause: OHKO moves are banned
|rule|Evasion Items Clause: Evasion items are banned
|rule|Evasion Moves Clause: Evasion moves are banned
|rule|Evasion Abilities Clause: Evasion abilities are banned
|rule|Sleep Moves Clause: Sleep-inducing moves are banned
|clearpoke
|poke|p1|Ursaluna, M|
|poke|p1|Cresselia, F|
|poke|p1|Iron Hands|
|poke|p1|Volcanion|
|poke|p1|Hatterene, F|
|poke|p1|Porygon2|
|poke|p2|Dragonite, F|
|poke|p2|Hatterene, F|
|poke|p2|Great Tusk|
|poke|p2|Ceruledge, F|
|poke|p2|Ting-Lu|
|poke|p2|Kyurem|
|teampreview
|inactive|Battle timer is ON: inactive players will automatically lose when time's up. (requested by lolproplayer)
|
|t:|1757919782
|teamsize|p1|6
|teamsize|p2|6
|start
|switch|p1a: Neckless|Porygon2|100/100
|switch|p2a: Ceruledge|Ceruledge, F|100/100
|-ability|p1a: Neckless|Download|boost
|-boost|p1a: Neckless|atk|1
|turn|1
|
|t:|1757919792
|move|p2a: Ceruledge|Swords Dance|p2a: Ceruledge
|-boost|p2a: Ceruledge|atk|2
|move|p1a: Neckless|Trick Room|p1a: Neckless
|-fieldstart|move: Trick Room|[of] p1a: Neckless
|
|upkeep
|turn|2
|
|t:|1757919811
|-terastallize|p1a: Neckless|Ground
|move|p1a: Neckless|Tera Blast|p2a: Ceruledge|[anim] Tera Blast Ground
|-supereffective|p2a: Ceruledge
|-damage|p2a: Ceruledge|14/100
|move|p2a: Ceruledge|Close Combat|p1a: Neckless
|-damage|p1a: Neckless|45/100
|-unboost|p2a: Ceruledge|def|1
|-unboost|p2a: Ceruledge|spd|1
|
|upkeep
|turn|3
|
|t:|1757919820
|move|p2a: Ceruledge|Shadow Sneak|p1a: Neckless
|-damage|p1a: Neckless|18/100
|move|p1a: Neckless|Ice Beam|p2a: Ceruledge
|-resisted|p2a: Ceruledge
|-damage|p2a: Ceruledge|0 fnt
|faint|p2a: Ceruledge
|
|upkeep
|
|t:|1757919825
|switch|p2a: Hatterene|Hatterene, F|100/100
|turn|4
|
|t:|1757919829
|switch|p1a: AssFrasser|Ursaluna, M|100/100
|move|p2a: Hatterene|Psyshock|p1a: AssFrasser
|-damage|p1a: AssFrasser|71/100
|
|-status|p1a: AssFrasser|brn|[from] item: Flame Orb
|upkeep
|turn|5
|
|t:|1757919841
|switch|p2a: Ting-Lu|Ting-Lu|100/100
|-ability|p2a: Ting-Lu|Vessel of Ruin
|move|p1a: AssFrasser|Facade|p2a: Ting-Lu
|-damage|p2a: Ting-Lu|34/100
|
|-heal|p2a: Ting-Lu|40/100|[from] item: Leftovers
|-damage|p1a: AssFrasser|65/100 brn|[from] brn
|-fieldend|move: Trick Room
|upkeep
|turn|6
|
|t:|1757919852
|move|p2a: Ting-Lu|Ruination|p1a: AssFrasser
|-damage|p1a: AssFrasser|33/100 brn
|move|p1a: AssFrasser|Facade|p2a: Ting-Lu
|-damage|p2a: Ting-Lu|0 fnt
|faint|p2a: Ting-Lu
|
|-damage|p1a: AssFrasser|27/100 brn|[from] brn
|upkeep
|
|t:|1757919856
|switch|p2a: Kyurem|Kyurem|100/100
|-ability|p2a: Kyurem|Pressure
|turn|7
|
|t:|1757919869
|switch|p1a: Molester|Volcanion|100/100
|move|p2a: Kyurem|Draco Meteor|p1a: Molester
|-damage|p1a: Molester|0 fnt
|-unboost|p2a: Kyurem|spa|2
|faint|p1a: Molester
|
|upkeep
|
|t:|1757919877
|switch|p1a: queer|Hatterene, F|100/100
|turn|8
|
|t:|1757919884
|switch|p2a: Hatterene|Hatterene, F|100/100
|move|p1a: queer|Trick Room|p1a: queer
|-fieldstart|move: Trick Room|[of] p1a: queer
|
|upkeep
|turn|9
|
|t:|1757919897
|move|p1a: queer|Dazzling Gleam|p2a: Hatterene
|-damage|p2a: Hatterene|68/100
|move|p2a: Hatterene|Psychic Noise|p1a: queer
|-resisted|p1a: queer
|-damage|p1a: queer|81/100
|-start|p1a: queer|move: Heal Block
|
|upkeep
|turn|10
|
|t:|1757919912
|move|p1a: queer|Dazzling Gleam|p2a: Hatterene
|-crit|p2a: Hatterene
|-damage|p2a: Hatterene|23/100
|move|p2a: Hatterene|Draining Kiss|p1a: queer
|-crit|p1a: queer
|-damage|p1a: queer|40/100
|-heal|p2a: Hatterene|53/100|[from] drain|[of] p1a: queer
|
|-end|p1a: queer|move: Heal Block
|upkeep
|turn|11
|
|t:|1757919921
|move|p1a: queer|Healing Wish|p1a: queer
|faint|p1a: queer
|move|p2a: Hatterene|Draining Kiss|p1: queer|[notarget]
|-fail|p2a: Hatterene
|
|upkeep
|
|t:|1757919934
|switch|p1a: AssFrasser|Ursaluna, M|27/100 brn
|-heal|p1a: AssFrasser|100/100|[from] move: Healing Wish
|turn|12
|
|t:|1757919944
|move|p1a: AssFrasser|Protect|p1a: AssFrasser
|-singleturn|p1a: AssFrasser|Protect
|move|p2a: Hatterene|Draining Kiss|p1a: AssFrasser
|-activate|p1a: AssFrasser|move: Protect
|
|-fieldend|move: Trick Room
|-status|p1a: AssFrasser|brn|[from] item: Flame Orb
|upkeep
|turn|13
|
|t:|1757919955
|switch|p2a: Great Tusk|Great Tusk|100/100
|move|p1a: AssFrasser|Facade|p2a: Great Tusk
|-damage|p2a: Great Tusk|36/100
|
|-heal|p2a: Great Tusk|42/100|[from] item: Leftovers
|-damage|p1a: AssFrasser|94/100 brn|[from] brn
|upkeep
|turn|14
|
|t:|1757919972
|move|p2a: Great Tusk|Ice Spinner|p1a: AssFrasser
|-supereffective|p1a: AssFrasser
|-damage|p1a: AssFrasser|61/100 brn
|move|p1a: AssFrasser|Facade|p2a: Great Tusk
|-damage|p2a: Great Tusk|0 fnt
|faint|p2a: Great Tusk
|-end|p2a: Great Tusk|Protosynthesis|[silent]
|
|-damage|p1a: AssFrasser|54/100 brn|[from] brn
|upkeep
|
|t:|1757919976
|switch|p2a: Kyurem|Kyurem|100/100
|-ability|p2a: Kyurem|Pressure
|turn|15
|
|t:|1757919984
|move|p1a: AssFrasser|Protect|p1a: AssFrasser
|-singleturn|p1a: AssFrasser|Protect
|move|p2a: Kyurem|Ice Beam|p1a: AssFrasser
|-activate|p1a: AssFrasser|move: Protect
|
|-damage|p1a: AssFrasser|48/100 brn|[from] brn
|upkeep
|turn|16
|
|t:|1757919999
|switch|p1a: Moonboy|Cresselia, F, shiny|100/100
|move|p2a: Kyurem|Ice Beam|p1a: Moonboy
|-damage|p1a: Moonboy|57/100
|
|upkeep
|turn|17
|
|t:|1757920005
|move|p2a: Kyurem|Ice Beam|p1a: Moonboy
|-damage|p1a: Moonboy|15/100
|move|p1a: Moonboy|Trick Room|p1a: Moonboy
|-fieldstart|move: Trick Room|[of] p1a: Moonboy
|
|upkeep
|turn|18
|
|t:|1757920010
|move|p1a: Moonboy|Lunar Dance|p1a: Moonboy
|faint|p1a: Moonboy
|move|p2a: Kyurem|Ice Beam|p1: Moonboy|[notarget]
|-fail|p2a: Kyurem
|
|upkeep
|
|t:|1757920018
|switch|p1a: AssFrasser|Ursaluna, M|48/100 brn
|-heal|p1a: AssFrasser|100/100|[from] move: Lunar Dance
|turn|19
|
|t:|1757920024
|switch|p2a: Hatterene|Hatterene, F|53/100
|move|p1a: AssFrasser|Protect||[still]
|-fail|p1a: AssFrasser
|
|-status|p1a: AssFrasser|brn|[from] item: Flame Orb
|upkeep
|turn|20
|
|t:|1757920030
|move|p1a: AssFrasser|Facade|p2a: Hatterene
|-damage|p2a: Hatterene|0 fnt
|faint|p2a: Hatterene
|
|-damage|p1a: AssFrasser|94/100 brn|[from] brn
|upkeep
|j| king of spycrabs
|
|t:|1757920039
|switch|p2a: Dragonite|Dragonite, F|100/100
|turn|21
|
|t:|1757920043
|move|p1a: AssFrasser|Facade|p2a: Dragonite
|-damage|p2a: Dragonite|40/100
|move|p2a: Dragonite|Roost|p2a: Dragonite
|-heal|p2a: Dragonite|90/100
|-singleturn|p2a: Dragonite|move: Roost
|
|-heal|p2a: Dragonite|96/100|[from] item: Leftovers
|-damage|p1a: AssFrasser|88/100 brn|[from] brn
|-fieldend|move: Trick Room
|upkeep
|turn|22
|
|t:|1757920054
|move|p2a: Dragonite|Roost|p2a: Dragonite
|-heal|p2a: Dragonite|100/100
|-singleturn|p2a: Dragonite|move: Roost
|move|p1a: AssFrasser|Facade|p2a: Dragonite
|-damage|p2a: Dragonite|36/100
|
|-heal|p2a: Dragonite|42/100|[from] item: Leftovers
|-damage|p1a: AssFrasser|82/100 brn|[from] brn
|upkeep
|turn|23
|
|t:|1757920063
|move|p2a: Dragonite|Earthquake|p1a: AssFrasser
|-damage|p1a: AssFrasser|58/100 brn
|move|p1a: AssFrasser|Facade|p2a: Dragonite
|-damage|p2a: Dragonite|0 fnt
|faint|p2a: Dragonite
|
|-damage|p1a: AssFrasser|52/100 brn|[from] brn
|upkeep
|
|t:|1757920066
|switch|p2a: Kyurem|Kyurem|100/100
|-ability|p2a: Kyurem|Pressure
|turn|24
|
|t:|1757920076
|-terastallize|p2a: Kyurem|Ground
|move|p2a: Kyurem|Earth Power|p1a: AssFrasser
|-damage|p1a: AssFrasser|0 fnt
|faint|p1a: AssFrasser
|
|upkeep
|
|t:|1757920089
|switch|p1a: Neckless|Porygon2, tera:Ground|18/100
|-ability|p1a: Neckless|Download|boost
|-boost|p1a: Neckless|atk|1
|turn|25
|
|t:|1757920096
|move|p2a: Kyurem|Earth Power|p1a: Neckless
|-damage|p1a: Neckless|0 fnt
|faint|p1a: Neckless
|
|upkeep
|
|t:|1757920100
|switch|p1a: Iron Hands|Iron Hands|100/100
|-enditem|p1a: Iron Hands|Booster Energy
|-activate|p1a: Iron Hands|ability: Quark Drive|[fromitem]
|-start|p1a: Iron Hands|quarkdriveatk
|turn|26
|
|t:|1757920106
|move|p2a: Kyurem|Earth Power|p1a: Iron Hands
|-supereffective|p1a: Iron Hands
|-damage|p1a: Iron Hands|0 fnt
|faint|p1a: Iron Hands
|-end|p1a: Iron Hands|Quark Drive|[silent]
|
|win|g9ougamer
|raw|lolproplayer's rating: 1631 &rarr; <strong>1610</strong><br />(-21 for losing)
|raw|g9ougamer's rating: 1606 &rarr; <strong>1627</strong><br />(+21 for winning)
|c|☆lolproplayer|gg
|l|☆lolproplayer
|player|p1|
|l| king of spycrabs
|l|☆g9ougamer
|player|p2|
