|j|☆Obling
|j|☆Yz99999
|t:|1757944549
|gametype|singles
|player|p1|Obling|player-go|1652
|player|p2|Yz99999|265|1687
|gen|9
|tier|[Gen 9] OU
|rated|
|rule|HP Percentage Mod: HP is shown in percentages
|rule|Endless Battle Clause: Forcing endless battles is banned
|rule|Species Clause: Limit one of each Pokémon
|rule|OHKO Clause: OHKO moves are banned
|rule|Evasion Items Clause: Evasion items are banned
|rule|Evasion Moves Clause: Evasion moves are banned
|rule|Evasion Abilities Clause: Evasion abilities are banned
|rule|Sleep Moves Clause: Sleep-inducing moves are banned
|clearpoke
|poke|p1|Kingambit, F|
|poke|p1|Ogerpon-Wellspring, F|
|poke|p1|Latias, F|
|poke|p1|Iron Valiant|
|poke|p1|Iron Moth|
|poke|p1|Azumarill, F|
|poke|p2|Garganacl, F|
|poke|p2|Corviknight, F|
|poke|p2|Great Tusk|
|poke|p2|Scizor, F|
|poke|p2|Raging Bolt|
|poke|p2|Maushold|
|teampreview
|inactive|Battle timer is ON: inactive players will automatically lose when time's up. (requested by Obling)
|
|t:|1757944579
|teamsize|p1|6
|teamsize|p2|6
|start
|switch|p1a: Azumarill|Azumarill, F|100/100
|switch|p2a: Maushold|Maushold|100/100
|turn|1
|
|t:|1757944584
|-terastallize|p2a: Maushold|Normal
|move|p2a: Maushold|Population Bomb|p1a: Azumarill
|-damage|p1a: Azumarill|85/100
|-damage|p1a: Azumarill|69/100
|-damage|p1a: Azumarill|53/100
|-damage|p1a: Azumarill|37/100
|-damage|p1a: Azumarill|21/100
|-damage|p1a: Azumarill|5/100
|-damage|p1a: Azumarill|0 fnt
|faint|p1a: Azumarill
|-hitcount|p1: Azumarill|7
|
|upkeep
|
|t:|1757944588
|switch|p1a: Iron Valiant|Iron Valiant|100/100
|-enditem|p1a: Iron Valiant|Booster Energy
|-activate|p1a: Iron Valiant|ability: Quark Drive|[fromitem]
|-start|p1a: Iron Valiant|quarkdrivespe
|turn|2
|
|t:|1757944596
|switch|p2a: Corviknight|Corviknight, F|100/100
|-ability|p2a: Corviknight|Pressure
|move|p1a: Iron Valiant|Close Combat|p2a: Corviknight
|-damage|p2a: Corviknight|46/100
|-unboost|p1a: Iron Valiant|def|1
|-unboost|p1a: Iron Valiant|spd|1
|-damage|p1a: Iron Valiant|84/100|[from] item: Rocky Helmet|[of] p2a: Corviknight
|
|upkeep
|turn|3
|
|t:|1757944599
|move|p1a: Iron Valiant|Close Combat|p2a: Corviknight
|-damage|p2a: Corviknight|0 fnt
|-unboost|p1a: Iron Valiant|def|1
|-unboost|p1a: Iron Valiant|spd|1
|-damage|p1a: Iron Valiant|67/100|[from] item: Rocky Helmet|[of] p2a: Corviknight
|faint|p2a: Corviknight
|
|upkeep
|
|t:|1757944601
|switch|p2a: Scizor|Scizor, F|100/100
|turn|4
|
|t:|1757944604
|-end|p1a: Iron Valiant|Quark Drive|[silent]
|switch|p1a: Iron Moth|Iron Moth|100/100
|-enditem|p1a: Iron Moth|Booster Energy
|-activate|p1a: Iron Moth|ability: Quark Drive|[fromitem]
|-start|p1a: Iron Moth|quarkdrivespa
|move|p2a: Scizor|U-turn|p1a: Iron Moth
|-resisted|p1a: Iron Moth
|-damage|p1a: Iron Moth|77/100
|
|t:|1757944606
|switch|p2a: Maushold|Maushold, tera:Normal|100/100|[from] U-turn
|
|upkeep
|turn|5
|
|t:|1757944610
|move|p2a: Maushold|Population Bomb|p1a: Iron Moth
|-damage|p1a: Iron Moth|53/100
|-damage|p1a: Iron Moth|30/100
|-damage|p1a: Iron Moth|5/100
|-damage|p1a: Iron Moth|0 fnt
|faint|p1a: Iron Moth
|-end|p1a: Iron Moth|Quark Drive|[silent]
|-hitcount|p1: Iron Moth|4
|
|upkeep
|
|t:|1757944612
|switch|p1a: Iron Valiant|Iron Valiant|67/100
|turn|6
|
|t:|1757944615
|switch|p2a: Scizor|Scizor, F|100/100
|move|p1a: Iron Valiant|Close Combat|p2a: Scizor
|-damage|p2a: Scizor|40/100
|-unboost|p1a: Iron Valiant|def|1
|-unboost|p1a: Iron Valiant|spd|1
|
|upkeep
|turn|7
|
|t:|1757944621
|-end|p1a: Iron Valiant|Quark Drive|[silent]
|switch|p1a: Ogerpon|Ogerpon-Wellspring, F|100/100
|move|p2a: Scizor|Bullet Punch|p1a: Ogerpon
|-resisted|p1a: Ogerpon
|-damage|p1a: Ogerpon|68/100
|
|upkeep
|turn|8
|
|t:|1757944626
|switch|p2a: Raging Bolt|Raging Bolt|100/100
|move|p1a: Ogerpon|Ivy Cudgel|p2a: Raging Bolt|[anim] Ivy Cudgel Water
|-resisted|p2a: Raging Bolt
|-damage|p2a: Raging Bolt|75/100
|
|upkeep
|turn|9
|
|t:|1757944630
|move|p1a: Ogerpon|Swords Dance|p1a: Ogerpon
|-boost|p1a: Ogerpon|atk|2
|move|p2a: Raging Bolt|Volt Switch|p1a: Ogerpon
|-damage|p1a: Ogerpon|0 fnt
|faint|p1a: Ogerpon
|
|t:|1757944632
|-end|p2a: Raging Bolt|Protosynthesis|[silent]
|switch|p2a: Scizor|Scizor, F|40/100|[from] Volt Switch
|
|upkeep
|
|t:|1757944638
|switch|p1a: Latias|Latias, F|100/100
|turn|10
|
|t:|1757944641
|switch|p2a: Maushold|Maushold, tera:Normal|100/100
|move|p1a: Latias|Calm Mind|p1a: Latias
|-boost|p1a: Latias|spa|1
|-boost|p1a: Latias|spd|1
|
|upkeep
|turn|11
|
|t:|1757944643
|move|p2a: Maushold|Population Bomb|p1a: Latias
|-damage|p1a: Latias|86/100
|-damage|p1a: Latias|69/100
|-damage|p1a: Latias|55/100
|-damage|p1a: Latias|40/100
|-damage|p1a: Latias|25/100
|-damage|p1a: Latias|11/100
|-damage|p1a: Latias|0 fnt
|faint|p1a: Latias
|-hitcount|p1: Latias|7
|
|upkeep
|
|t:|1757944645
|switch|p1a: Iron Valiant|Iron Valiant|67/100
|turn|12
|
|t:|1757944652
|move|p1a: Iron Valiant|Close Combat|p2a: Maushold
|-supereffective|p2a: Maushold
|-damage|p2a: Maushold|0 fnt
|-unboost|p1a: Iron Valiant|def|1
|-unboost|p1a: Iron Valiant|spd|1
|faint|p2a: Maushold
|
|upkeep
|
|t:|1757944654
|switch|p2a: Scizor|Scizor, F|40/100
|turn|13
|
|t:|1757944655
|move|p2a: Scizor|Bullet Punch|p1a: Iron Valiant
|-supereffective|p1a: Iron Valiant
|-damage|p1a: Iron Valiant|0 fnt
|faint|p1a: Iron Valiant
|-end|p1a: Iron Valiant|Quark Drive|[silent]
|
|upkeep
|
|t:|1757944657
|switch|p1a: Kingambit|Kingambit, F|100/100
|-activate|p1a: Kingambit|ability: Supreme Overlord
|-start|p1a: Kingambit|fallen5|[silent]
|turn|14
|
|t:|1757944662
|switch|p2a: Great Tusk|Great Tusk|100/100
|move|p1a: Kingambit|Swords Dance|p1a: Kingambit
|-boost|p1a: Kingambit|atk|2
|
|upkeep
|turn|15
|
|t:|1757944664
|-terastallize|p1a: Kingambit|Dark
|move|p2a: Great Tusk|Headlong Rush|p1a: Kingambit
|-damage|p1a: Kingambit|43/100
|-unboost|p2a: Great Tusk|def|1
|-unboost|p2a: Great Tusk|spd|1
|move|p1a: Kingambit|Iron Head|p2a: Great Tusk
|-damage|p2a: Great Tusk|0 fnt
|faint|p2a: Great Tusk
|-end|p2a: Great Tusk|Protosynthesis|[silent]
|
|upkeep
|
|t:|1757944666
|switch|p2a: Raging Bolt|Raging Bolt|75/100
|turn|16
|
|t:|1757944671
|move|p2a: Raging Bolt|Thunderclap||[still]
|-fail|p2a: Raging Bolt
|move|p1a: Kingambit|Swords Dance|p1a: Kingambit
|-boost|p1a: Kingambit|atk|2
|
|upkeep
|turn|17
|
|t:|1757944673
|move|p2a: Raging Bolt|Thunderclap|p1a: Kingambit
|-damage|p1a: Kingambit|0 fnt
|faint|p1a: Kingambit
|-end|p1a: Kingambit|fallen5|[silent]
|
|win|Yz99999
|raw|Obling's rating: 1652 &rarr; <strong>1634</strong><br />(-18 for losing)
|raw|Yz99999's rating: 1687 &rarr; <strong>1705</strong><br />(+18 for winning)
|l|☆Obling
|player|p1|
|l|☆Yz99999
|player|p2|
