|j|☆sleep2501340442
|j|☆chaheed
|t:|1757830289
|gametype|singles
|player|p1|sleep2501340442|idol|1608
|player|p2|chaheed|ninjaboy|1714
|gen|9
|tier|[Gen 9] OU
|rated|
|rule|HP Percentage Mod: HP is shown in percentages
|rule|Endless Battle Clause: Forcing endless battles is banned
|rule|Species Clause: Limit one of each Pokémon
|rule|OHKO Clause: OHKO moves are banned
|rule|Evasion Items Clause: Evasion items are banned
|rule|Evasion Moves Clause: Evasion moves are banned
|rule|Evasion Abilities Clause: Evasion abilities are banned
|rule|Sleep Moves Clause: Sleep-inducing moves are banned
|clearpoke
|poke|p1|Slowking-Galar, M|
|poke|p1|Kyurem|
|poke|p1|Cinderace, F|
|poke|p1|Landorus-Therian, M|
|poke|p1|Kingambit, M|
|poke|p1|Iron Valiant|
|poke|p2|Dragonite, F|
|poke|p2|Dragapult, M|
|poke|p2|Iron Moth|
|poke|p2|Greninja-*, M|
|poke|p2|Serperior, M|
|poke|p2|Iron Treads|
|teampreview
|inactive|Battle timer is ON: inactive players will automatically lose when time's up. (requested by chaheed)
|
|t:|1757830296
|teamsize|p1|6
|teamsize|p2|6
|start
|switch|p1a: Cinderace|Cinderace, F|100/100
|switch|p2a: Dragapult|Dragapult, M|100/100
|turn|1
|
|t:|1757830301
|move|p2a: Dragapult|Dragon Darts|p1a: Cinderace
|-damage|p1a: Cinderace|69/100
|-anim|p2a: Dragapult|Dragon Darts|p1a: Cinderace
|-damage|p1a: Cinderace|40/100
|move|p1a: Cinderace|U-turn|p2a: Dragapult
|-start|p1a: Cinderace|typechange|Bug|[from] ability: Libero
|-resisted|p2a: Dragapult
|-damage|p2a: Dragapult|76/100
|
|t:|1757830307
|switch|p1a: Kingambit|Kingambit, M|100/100|[from] U-turn
|
|upkeep
|turn|2
|
|t:|1757830311
|-end|p1a: Kingambit|fallenundefined|[silent]
|switch|p1a: Kyurem|Kyurem|100/100
|-ability|p1a: Kyurem|Pressure
|move|p2a: Dragapult|Will-O-Wisp|p1a: Kyurem|[miss]
|-miss|p2a: Dragapult|p1a: Kyurem
|
|upkeep
|turn|3
|j| LuLuNaNaRaRa
|
|t:|1757830319
|switch|p1a: Slowking|Slowking-Galar, M|100/100
|move|p2a: Dragapult|Dragon Darts|p1a: Slowking
|-damage|p1a: Slowking|76/100
|-anim|p2a: Dragapult|Dragon Darts|p1a: Slowking
|-damage|p1a: Slowking|55/100
|
|-heal|p1a: Slowking|61/100|[from] item: Leftovers
|upkeep
|turn|4
|
|t:|1757830326
|move|p2a: Dragapult|Dragon Darts|p1a: Slowking
|-damage|p1a: Slowking|36/100
|-anim|p2a: Dragapult|Dragon Darts|p1a: Slowking
|-damage|p1a: Slowking|13/100
|move|p1a: Slowking|Thunder Wave|p2a: Dragapult
|-status|p2a: Dragapult|par
|
|-heal|p1a: Slowking|20/100|[from] item: Leftovers
|upkeep
|turn|5
|
|t:|1757830337
|switch|p1a: Kingambit|Kingambit, M|100/100
|cant|p2a: Dragapult|par
|
|upkeep
|turn|6
|
|t:|1757830352
|-end|p1a: Kingambit|fallenundefined|[silent]
|switch|p1a: Slowking|Slowking-Galar, M|53/100
|move|p2a: Dragapult|Will-O-Wisp|p1a: Slowking
|-status|p1a: Slowking|brn
|
|-heal|p1a: Slowking|59/100 brn|[from] item: Leftovers
|-damage|p1a: Slowking|53/100 brn|[from] brn
|upkeep
|turn|7
|
|t:|1757830359
|move|p2a: Dragapult|Hex|p1a: Slowking
|-supereffective|p1a: Slowking
|-damage|p1a: Slowking|0 fnt
|faint|p1a: Slowking
|
|upkeep
|
|t:|1757830377
|switch|p1a: Kyurem|Kyurem|100/100
|-ability|p1a: Kyurem|Pressure
|turn|8
|
|t:|1757830383
|move|p1a: Kyurem|Freeze-Dry|p2a: Dragapult
|-supereffective|p2a: Dragapult
|-damage|p2a: Dragapult|0 fnt
|faint|p2a: Dragapult
|
|upkeep
|
|t:|1757830391
|switch|p2a: Iron Treads|Iron Treads|100/100
|-enditem|p2a: Iron Treads|Booster Energy
|-activate|p2a: Iron Treads|ability: Quark Drive|[fromitem]
|-start|p2a: Iron Treads|quarkdrivespe
|turn|9
|
|t:|1757830398
|switch|p1a: Landorus|Landorus-Therian, M|100/100
|-ability|p1a: Landorus|Intimidate|boost
|-unboost|p2a: Iron Treads|atk|1
|move|p2a: Iron Treads|Ice Spinner|p1a: Landorus
|-supereffective|p1a: Landorus
|-damage|p1a: Landorus|52/100
|-damage|p2a: Iron Treads|84/100|[from] item: Rocky Helmet|[of] p1a: Landorus
|
|upkeep
|turn|10
|
|t:|1757830407
|move|p2a: Iron Treads|Stealth Rock|p1a: Landorus
|-sidestart|p1: sleep2501340442|move: Stealth Rock
|move|p1a: Landorus|Earthquake|p2a: Iron Treads
|-supereffective|p2a: Iron Treads
|-damage|p2a: Iron Treads|4/100
|
|upkeep
|turn|11
|
|t:|1757830413
|move|p2a: Iron Treads|Ice Spinner|p1a: Landorus
|-supereffective|p1a: Landorus
|-damage|p1a: Landorus|1/100
|-damage|p2a: Iron Treads|0 fnt|[from] item: Rocky Helmet|[of] p1a: Landorus
|faint|p2a: Iron Treads
|-end|p2a: Iron Treads|Quark Drive|[silent]
|move|p1a: Landorus|U-turn|p2: Iron Treads|[notarget]
|-fail|p1a: Landorus
|
|upkeep
|
|t:|1757830441
|switch|p2a: Serperior|Serperior, M|100/100
|turn|12
|
|t:|1757830444
|move|p2a: Serperior|Leaf Storm|p1a: Landorus|[miss]
|-miss|p2a: Serperior|p1a: Landorus
|move|p1a: Landorus|U-turn|p2a: Serperior
|-supereffective|p2a: Serperior
|-damage|p2a: Serperior|48/100
|
|t:|1757830447
|switch|p1a: Cinderace|Cinderace, F|40/100|[from] U-turn
|
|upkeep
|turn|13
|
|t:|1757830456
|move|p2a: Serperior|Endure|p2a: Serperior
|-singleturn|p2a: Serperior|move: Endure
|move|p1a: Cinderace|U-turn|p2a: Serperior
|-start|p1a: Cinderace|typechange|Bug|[from] ability: Libero
|-supereffective|p2a: Serperior
|-activate|p2a: Serperior|move: Endure
|-damage|p2a: Serperior|1/100
|
|t:|1757830460
|switch|p1a: Landorus|Landorus-Therian, M|1/100|[from] U-turn
|-damage|p1a: Landorus|0 fnt|[from] Stealth Rock
|faint|p1a: Landorus
|
|upkeep
|
|t:|1757830461
|switch|p1a: Cinderace|Cinderace, F|40/100
|turn|14
|-enditem|p2a: Serperior|Custap Berry|[eat]
|-activate|p2a: Serperior|item: Custap Berry|[consumed]
|
|t:|1757830469
|move|p2a: Serperior|Leaf Storm|p1a: Cinderace
|-resisted|p1a: Cinderace
|-damage|p1a: Cinderace|9/100
|-boost|p2a: Serperior|spa|2
|move|p1a: Cinderace|U-turn|p2a: Serperior
|-start|p1a: Cinderace|typechange|Bug|[from] ability: Libero
|-supereffective|p2a: Serperior
|-damage|p2a: Serperior|0 fnt
|faint|p2a: Serperior
|
|t:|1757830488
|switch|p1a: Kingambit|Kingambit, M|100/100|[from] U-turn
|-damage|p1a: Kingambit|94/100|[from] Stealth Rock
|-activate|p1a: Kingambit|ability: Supreme Overlord
|-start|p1a: Kingambit|fallen2|[silent]
|
|-heal|p1a: Kingambit|100/100|[from] item: Leftovers
|upkeep
|
|t:|1757830499
|switch|p2a: Dragonite|Dragonite, F|100/100
|turn|15
|inactive|sleep2501340442 has 120 seconds left.
|
|t:|1757830530
|move|p2a: Dragonite|Fire Punch|p1a: Kingambit
|-supereffective|p1a: Kingambit
|-damage|p1a: Kingambit|56/100
|move|p1a: Kingambit|Kowtow Cleave|p2a: Dragonite
|-damage|p2a: Dragonite|69/100
|
|-heal|p1a: Kingambit|63/100|[from] item: Leftovers
|upkeep
|turn|16
|l|☆sleep2501340442
|inactive|sleep2501340442 disconnected and has a minute to reconnect!
|player|p1|
|l| LuLuNaNaRaRa
|inactive|sleep2501340442 has 30 seconds to reconnect!
|inactive|sleep2501340442 has 20 seconds to reconnect!
|inactive|sleep2501340442 has 15 seconds to reconnect!
|inactive|sleep2501340442 has 10 seconds to reconnect!
|j|☆sleep2501340442
|inactive|sleep2501340442 reconnected and has 80 seconds left.
|player|p1|sleep2501340442|idol|
|
|t:|1757830585
|move|p2a: Dragonite|Fire Punch|p1a: Kingambit
|-supereffective|p1a: Kingambit
|-damage|p1a: Kingambit|22/100
|move|p1a: Kingambit|Kowtow Cleave|p2a: Dragonite
|-damage|p2a: Dragonite|0 fnt
|faint|p2a: Dragonite
|
|-heal|p1a: Kingambit|28/100|[from] item: Leftovers
|upkeep
|
|t:|1757830593
|switch|p2a: Greninja|Greninja, M|100/100
|turn|17
|
|t:|1757830599
|move|p2a: Greninja|Surf|p1a: Kingambit
|-damage|p1a: Kingambit|0 fnt
|faint|p1a: Kingambit
|-end|p1a: Kingambit|fallen2|[silent]
|-ability|p2a: Greninja|Battle Bond|boost
|-boost|p2a: Greninja|atk|1
|-boost|p2a: Greninja|spa|1
|-boost|p2a: Greninja|spe|1
|-activate|p2a: Greninja|ability: Battle Bond
|-damage|p2a: Greninja|91/100|[from] item: Life Orb
|
|upkeep
|inactive|sleep2501340442 has 90 seconds left.
|
|t:|1757830610
|switch|p1a: Kyurem|Kyurem|100/100
|-damage|p1a: Kyurem|76/100|[from] Stealth Rock
|-ability|p1a: Kyurem|Pressure
|turn|18
|
|t:|1757830615
|move|p2a: Greninja|Dark Pulse|p1a: Kyurem
|-damage|p1a: Kyurem|13/100
|-damage|p2a: Greninja|81/100|[from] item: Life Orb
|move|p1a: Kyurem|Freeze-Dry|p2a: Greninja
|-supereffective|p2a: Greninja
|-damage|p2a: Greninja|0 fnt
|faint|p2a: Greninja
|
|upkeep
|
|t:|1757830622
|switch|p2a: Iron Moth|Iron Moth|100/100
|-enditem|p2a: Iron Moth|Booster Energy
|-activate|p2a: Iron Moth|ability: Quark Drive|[fromitem]
|-start|p2a: Iron Moth|quarkdrivespe
|turn|19
|
|t:|1757830627
|move|p2a: Iron Moth|Fiery Dance|p1a: Kyurem
|-damage|p1a: Kyurem|0 fnt
|-boost|p2a: Iron Moth|spa|1
|faint|p1a: Kyurem
|
|upkeep
|j| LuLuNaNaRaRa
|l| LuLuNaNaRaRa
|
|t:|1757830636
|switch|p1a: Cinderace|Cinderace, F|9/100
|turn|20
|inactive|sleep2501340442 has 120 seconds left.
|
|t:|1757830646
|move|p2a: Iron Moth|Fiery Dance|p1a: Cinderace
|-resisted|p1a: Cinderace
|-damage|p1a: Cinderace|0 fnt
|-boost|p2a: Iron Moth|spa|1
|faint|p1a: Cinderace
|
|upkeep
|
|t:|1757830648
|switch|p1a: Iron Valiant|Iron Valiant|100/100
|-damage|p1a: Iron Valiant|94/100|[from] Stealth Rock
|-enditem|p1a: Iron Valiant|Booster Energy
|-activate|p1a: Iron Valiant|ability: Quark Drive|[fromitem]
|-start|p1a: Iron Valiant|quarkdrivespe
|turn|21
|
|t:|1757830658
|-terastallize|p1a: Iron Valiant|Fairy
|-terastallize|p2a: Iron Moth|Grass
|move|p1a: Iron Valiant|Moonblast|p2a: Iron Moth
|-damage|p2a: Iron Moth|36/100
|move|p2a: Iron Moth|Fiery Dance|p1a: Iron Valiant
|-damage|p1a: Iron Valiant|0 fnt
|-boost|p2a: Iron Moth|spa|1
|faint|p1a: Iron Valiant
|-end|p1a: Iron Valiant|Quark Drive|[silent]
|
|win|chaheed
|raw|sleep2501340442's rating: 1608 &rarr; <strong>1594</strong><br />(-14 for losing)
|raw|chaheed's rating: 1714 &rarr; <strong>1728</strong><br />(+14 for winning)
|l|☆sleep2501340442
|player|p1|
|l|☆chaheed
|player|p2|
