|j|☆x miffy
|j|‽firepowah
|t:|1757824581
|gametype|singles
|player|p1|x miffy|preschooler|1563
|player|p2|firepowah|169|1676
|gen|9
|tier|[Gen 9] OU
|rated|
|rule|HP Percentage Mod: HP is shown in percentages
|rule|Endless Battle Clause: Forcing endless battles is banned
|rule|Species Clause: Limit one of each Pokémon
|rule|OHKO Clause: OHKO moves are banned
|rule|Evasion Items Clause: Evasion items are banned
|rule|Evasion Moves Clause: Evasion moves are banned
|rule|Evasion Abilities Clause: Evasion abilities are banned
|rule|Sleep Moves Clause: Sleep-inducing moves are banned
|clearpoke
|poke|p1|Excadrill, M|
|poke|p1|Garganacl, M|
|poke|p1|Dragapult, M|
|poke|p1|Tyranitar, F|
|poke|p1|Pecharunt|
|poke|p1|Moltres|
|poke|p2|Kingambit, F|
|poke|p2|Gliscor, M|
|poke|p2|Great Tusk|
|poke|p2|Samurott-Hisui, F|
|poke|p2|Pecharunt|
|poke|p2|Raging Bolt|
|teampreview
|inactive|Battle timer is ON: inactive players will automatically lose when time's up. (requested by x miffy)
|j| Zygrade5678
|
|t:|1757824612
|teamsize|p1|6
|teamsize|p2|6
|start
|switch|p1a: Tyranitar|Tyranitar, F|100/100
|switch|p2a: Kingambit|Kingambit, F, shiny|100/100
|-weather|Sandstorm|[from] ability: Sand Stream|[of] p1a: Tyranitar
|turn|1
|
|t:|1757824626
|switch|p1a: Moltres|Moltres|100/100
|-terastallize|p2a: Kingambit|Fire
|move|p2a: Kingambit|Iron Head|p1a: Moltres
|-resisted|p1a: Moltres
|-damage|p1a: Moltres|78/100
|
|-weather|Sandstorm|[upkeep]
|-damage|p1a: Moltres|72/100|[from] Sandstorm
|-damage|p2a: Kingambit|94/100|[from] Sandstorm
|upkeep
|turn|2
|
|t:|1757824635
|-end|p2a: Kingambit|fallenundefined|[silent]
|switch|p2a: Gliscor|Gliscor, M, shiny|100/100
|move|p1a: Moltres|U-turn|p2a: Gliscor
|-resisted|p2a: Gliscor
|-damage|p2a: Gliscor|95/100
|
|t:|1757824644
|switch|p1a: Tyranitar|Tyranitar, F|100/100|[from] U-turn
|
|-weather|Sandstorm|[upkeep]
|-status|p2a: Gliscor|tox|[from] item: Toxic Orb
|upkeep
|turn|3
|
|t:|1757824648
|move|p2a: Gliscor|Protect|p2a: Gliscor
|-singleturn|p2a: Gliscor|Protect
|move|p1a: Tyranitar|Stealth Rock|p2a: Gliscor
|-sidestart|p2: firepowah|move: Stealth Rock
|
|-weather|Sandstorm|[upkeep]
|-heal|p2a: Gliscor|100/100 tox|[from] ability: Poison Heal
|upkeep
|turn|4
|
|t:|1757824652
|move|p2a: Gliscor|Earthquake|p1a: Tyranitar
|-supereffective|p1a: Tyranitar
|-damage|p1a: Tyranitar|50/100
|move|p1a: Tyranitar|Ice Beam|p2a: Gliscor
|-supereffective|p2a: Gliscor
|-damage|p2a: Gliscor|34/100 tox
|
|-weather|Sandstorm|[upkeep]
|-heal|p2a: Gliscor|46/100 tox|[from] ability: Poison Heal
|upkeep
|turn|5
|
|t:|1757824658
|switch|p1a: Moltres|Moltres|72/100
|move|p2a: Gliscor|Earthquake|p1a: Moltres
|-immune|p1a: Moltres
|
|-weather|Sandstorm|[upkeep]
|-damage|p1a: Moltres|66/100|[from] Sandstorm
|-heal|p2a: Gliscor|59/100 tox|[from] ability: Poison Heal
|upkeep
|turn|6
|
|t:|1757824666
|move|p2a: Gliscor|Facade|p1a: Moltres
|-damage|p1a: Moltres|43/100
|move|p1a: Moltres|U-turn|p2a: Gliscor
|-resisted|p2a: Gliscor
|-damage|p2a: Gliscor|53/100 tox
|
|t:|1757824680
|switch|p1a: Garganacl|Garganacl, M|100/100|[from] U-turn
|
|-weather|Sandstorm|[upkeep]
|-heal|p2a: Gliscor|65/100 tox|[from] ability: Poison Heal
|upkeep
|turn|7
|
|t:|1757824684
|move|p2a: Gliscor|Swords Dance|p2a: Gliscor
|-boost|p2a: Gliscor|atk|2
|move|p1a: Garganacl|Iron Defense|p1a: Garganacl
|-boost|p1a: Garganacl|def|2
|
|-weather|Sandstorm|[upkeep]
|-heal|p2a: Gliscor|78/100 tox|[from] ability: Poison Heal
|upkeep
|turn|8
|
|t:|1757824688
|move|p2a: Gliscor|Swords Dance|p2a: Gliscor
|-boost|p2a: Gliscor|atk|2
|move|p1a: Garganacl|Salt Cure|p2a: Gliscor
|-damage|p2a: Gliscor|67/100 tox
|-start|p2a: Gliscor|Salt Cure
|
|-weather|none
|-heal|p2a: Gliscor|80/100 tox|[from] ability: Poison Heal
|-damage|p2a: Gliscor|67/100 tox|[from] Salt Cure
|upkeep
|turn|9
|
|t:|1757824690
|move|p2a: Gliscor|Earthquake|p1a: Garganacl
|-supereffective|p1a: Garganacl
|-damage|p1a: Garganacl|34/100
|move|p1a: Garganacl|Iron Defense|p1a: Garganacl
|-boost|p1a: Garganacl|def|2
|
|-heal|p1a: Garganacl|40/100|[from] item: Leftovers
|-heal|p2a: Gliscor|80/100 tox|[from] ability: Poison Heal
|-damage|p2a: Gliscor|67/100 tox|[from] Salt Cure
|upkeep
|turn|10
|
|t:|1757824695
|-terastallize|p1a: Garganacl|Water
|move|p2a: Gliscor|Earthquake|p1a: Garganacl
|-damage|p1a: Garganacl|18/100
|move|p1a: Garganacl|Recover|p1a: Garganacl
|-heal|p1a: Garganacl|68/100
|
|-heal|p1a: Garganacl|74/100|[from] item: Leftovers
|-heal|p2a: Gliscor|80/100 tox|[from] ability: Poison Heal
|-damage|p2a: Gliscor|67/100 tox|[from] Salt Cure
|upkeep
|turn|11
|
|t:|1757824708
|switch|p2a: Pecharunt|Pecharunt|100/100
|move|p1a: Garganacl|Salt Cure|p2a: Pecharunt
|-damage|p2a: Pecharunt|93/100
|-start|p2a: Pecharunt|Salt Cure
|
|-heal|p1a: Garganacl|80/100|[from] item: Leftovers
|-damage|p2a: Pecharunt|81/100|[from] Salt Cure
|upkeep
|turn|12
|
|t:|1757824716
|move|p2a: Pecharunt|Parting Shot|p1a: Garganacl
|-unboost|p1a: Garganacl|atk|1
|-unboost|p1a: Garganacl|spa|1
|
|t:|1757824717
|switch|p2a: Gliscor|Gliscor, M, shiny|67/100 tox|[from] Parting Shot
|-damage|p2a: Gliscor|55/100 tox|[from] Stealth Rock
|move|p1a: Garganacl|Iron Defense|p1a: Garganacl
|-boost|p1a: Garganacl|def|2
|
|-heal|p1a: Garganacl|87/100|[from] item: Leftovers
|-heal|p2a: Gliscor|67/100 tox|[from] ability: Poison Heal
|upkeep
|turn|13
|
|t:|1757824722
|move|p2a: Gliscor|Protect|p2a: Gliscor
|-singleturn|p2a: Gliscor|Protect
|move|p1a: Garganacl|Salt Cure|p2a: Gliscor
|-activate|p2a: Gliscor|move: Protect
|
|-heal|p1a: Garganacl|93/100|[from] item: Leftovers
|-heal|p2a: Gliscor|80/100 tox|[from] ability: Poison Heal
|upkeep
|turn|14
|
|t:|1757824727
|switch|p2a: Pecharunt|Pecharunt|81/100
|move|p1a: Garganacl|Salt Cure|p2a: Pecharunt
|-damage|p2a: Pecharunt|77/100
|-start|p2a: Pecharunt|Salt Cure
|
|-heal|p1a: Garganacl|99/100|[from] item: Leftovers
|-damage|p2a: Pecharunt|64/100|[from] Salt Cure
|upkeep
|turn|15
|
|t:|1757824738
|move|p2a: Pecharunt|Malignant Chain|p1a: Garganacl
|-damage|p1a: Garganacl|78/100
|move|p1a: Garganacl|Iron Defense|p1a: Garganacl
|-boost|p1a: Garganacl|def|0
|
|-heal|p1a: Garganacl|84/100|[from] item: Leftovers
|-damage|p2a: Pecharunt|52/100|[from] Salt Cure
|upkeep
|turn|16
|
|t:|1757824743
|move|p2a: Pecharunt|Recover|p2a: Pecharunt
|-heal|p2a: Pecharunt|100/100
|move|p1a: Garganacl|Salt Cure|p2a: Pecharunt
|-damage|p2a: Pecharunt|96/100
|
|-heal|p1a: Garganacl|91/100|[from] item: Leftovers
|-damage|p2a: Pecharunt|83/100|[from] Salt Cure
|upkeep
|turn|17
|
|t:|1757824753
|switch|p2a: Gliscor|Gliscor, M, shiny|80/100 tox
|-damage|p2a: Gliscor|67/100 tox|[from] Stealth Rock
|move|p1a: Garganacl|Salt Cure|p2a: Gliscor
|-damage|p2a: Gliscor|60/100 tox
|-start|p2a: Gliscor|Salt Cure
|
|-heal|p1a: Garganacl|97/100|[from] item: Leftovers
|-heal|p2a: Gliscor|72/100 tox|[from] ability: Poison Heal
|-damage|p2a: Gliscor|60/100 tox|[from] Salt Cure
|upkeep
|turn|18
|
|t:|1757824763
|move|p2a: Gliscor|Protect|p2a: Gliscor
|-singleturn|p2a: Gliscor|Protect
|move|p1a: Garganacl|Body Press|p2a: Gliscor
|-activate|p2a: Gliscor|move: Protect
|
|-heal|p1a: Garganacl|100/100|[from] item: Leftovers
|-heal|p2a: Gliscor|72/100 tox|[from] ability: Poison Heal
|-damage|p2a: Gliscor|60/100 tox|[from] Salt Cure
|upkeep
|turn|19
|
|t:|1757824770
|move|p2a: Gliscor|Earthquake|p1a: Garganacl
|-damage|p1a: Garganacl|95/100
|move|p1a: Garganacl|Salt Cure|p2a: Gliscor
|-damage|p2a: Gliscor|53/100 tox
|
|-heal|p1a: Garganacl|100/100|[from] item: Leftovers
|-heal|p2a: Gliscor|65/100 tox|[from] ability: Poison Heal
|-damage|p2a: Gliscor|53/100 tox|[from] Salt Cure
|upkeep
|turn|20
|
|t:|1757824774
|switch|p2a: Pecharunt|Pecharunt|83/100
|move|p1a: Garganacl|Body Press|p2a: Pecharunt
|-immune|p2a: Pecharunt
|
|upkeep
|turn|21
|
|t:|1757824795
|move|p2a: Pecharunt|Malignant Chain|p1a: Garganacl
|-damage|p1a: Garganacl|77/100
|move|p1a: Garganacl|Salt Cure|p2a: Pecharunt
|-damage|p2a: Pecharunt|79/100
|-start|p2a: Pecharunt|Salt Cure
|
|-heal|p1a: Garganacl|84/100|[from] item: Leftovers
|-damage|p2a: Pecharunt|66/100|[from] Salt Cure
|upkeep
|turn|22
|
|t:|1757824804
|switch|p1a: Excadrill|Excadrill, M|100/100
|-item|p1a: Excadrill|Air Balloon
|move|p2a: Pecharunt|Foul Play|p1a: Excadrill
|-damage|p1a: Excadrill|55/100
|-enditem|p1a: Excadrill|Air Balloon
|
|-damage|p2a: Pecharunt|54/100|[from] Salt Cure
|upkeep
|turn|23
|
|t:|1757824812
|switch|p2a: Great Tusk|Great Tusk|100/100
|move|p1a: Excadrill|Iron Head|p2a: Great Tusk
|-damage|p2a: Great Tusk|69/100
|
|upkeep
|turn|24
|
|t:|1757824821
|switch|p1a: Moltres|Moltres|43/100
|move|p2a: Great Tusk|Knock Off|p1a: Moltres
|-damage|p1a: Moltres|21/100
|-enditem|p1a: Moltres|Heavy-Duty Boots|[from] move: Knock Off|[of] p2a: Great Tusk
|
|upkeep
|turn|25
|
|t:|1757824828
|-end|p2a: Great Tusk|Protosynthesis|[silent]
|switch|p2a: Samurott|Samurott-Hisui, F|100/100
|-damage|p2a: Samurott|88/100|[from] Stealth Rock
|move|p1a: Moltres|Roost|p1a: Moltres
|-heal|p1a: Moltres|72/100
|-singleturn|p1a: Moltres|move: Roost
|
|upkeep
|turn|26
|
|t:|1757824832
|switch|p1a: Pecharunt|Pecharunt|100/100
|move|p2a: Samurott|Ceaseless Edge|p1a: Pecharunt
|-supereffective|p1a: Pecharunt
|-damage|p1a: Pecharunt|59/100
|-sidestart|p1: x miffy|Spikes
|
|upkeep
|turn|27
|inactive|x miffy has 120 seconds left.
|inactive|x miffy has 90 seconds left.
|j| wgw2333
|inactive|x miffy has 60 seconds left.
|inactive|x miffy has 30 seconds left.
|inactive|x miffy has 20 seconds left.
|inactive|x miffy has 15 seconds left.
|inactive|x miffy has 10 seconds left.
|inactive|x miffy has 5 seconds left.
|-message|x miffy lost due to inactivity.
|
|win|firepowah
|raw|x miffy's rating: 1563 &rarr; <strong>1550</strong><br />(-13 for losing)
|raw|firepowah's rating: 1694 &rarr; <strong>1707</strong><br />(+13 for winning)
|l|‽firepowah
|player|p2|
|l| Zygrade5678
|l| wgw2333
