|j|☆pkamash1
|j|☆RobLaxxxxx
|t:|1757870405
|gametype|singles
|player|p1|pkamash1|1|1421
|player|p2|RobLaxxxxx|266|1405
|gen|9
|tier|[Gen 9] OU
|rated|
|rule|HP Percentage Mod: HP is shown in percentages
|rule|Endless Battle Clause: Forcing endless battles is banned
|rule|Species Clause: Limit one of each Pokémon
|rule|OHKO Clause: OHKO moves are banned
|rule|Evasion Items Clause: Evasion items are banned
|rule|Evasion Moves Clause: Evasion moves are banned
|rule|Evasion Abilities Clause: Evasion abilities are banned
|rule|Sleep Moves Clause: Sleep-inducing moves are banned
|clearpoke
|poke|p1|Gliscor, F|
|poke|p1|Dondozo, F|
|poke|p1|Slowking-Galar, M|
|poke|p1|Corviknight, M|
|poke|p1|Darkrai|
|poke|p1|Kyurem|
|poke|p2|Slither Wing|
|poke|p2|Azumarill, M|
|poke|p2|Sandy Shocks|
|poke|p2|Latios, M|
|poke|p2|Iron Jugulis|
|poke|p2|Pecharunt|
|teampreview
|inactive|Battle timer is ON: inactive players will automatically lose when time's up. (requested by RobLaxxxxx)
|
|t:|1757870416
|teamsize|p1|6
|teamsize|p2|6
|start
|switch|p1a: Gliscor|Gliscor, F|100/100
|switch|p2a: Slither Wing|Slither Wing|100/100
|turn|1
|
|t:|1757870427
|move|p1a: Gliscor|Knock Off|p2a: Slither Wing
|-resisted|p2a: Slither Wing
|-damage|p2a: Slither Wing|90/100
|-enditem|p2a: Slither Wing|Mirror Herb|[from] move: Knock Off|[of] p1a: Gliscor
|move|p2a: Slither Wing|U-turn|p1a: Gliscor
|-resisted|p1a: Gliscor
|-damage|p1a: Gliscor|89/100
|
|t:|1757870446
|-end|p2a: Slither Wing|Protosynthesis|[silent]
|switch|p2a: Latios|Latios, M|100/100|[from] U-turn
|
|-status|p1a: Gliscor|tox|[from] item: Toxic Orb
|upkeep
|turn|2
|
|t:|1757870454
|move|p2a: Latios|Draco Meteor|p1a: Gliscor
|-damage|p1a: Gliscor|0 fnt
|-unboost|p2a: Latios|spa|2
|faint|p1a: Gliscor
|
|upkeep
|
|t:|1757870469
|switch|p1a: Darkrai|Darkrai|100/100
|turn|3
|
|t:|1757870474
|switch|p2a: Slither Wing|Slither Wing|90/100
|move|p1a: Darkrai|Nasty Plot|p1a: Darkrai
|-boost|p1a: Darkrai|spa|2
|
|upkeep
|turn|4
|
|t:|1757870481
|move|p2a: Slither Wing|First Impression|p1a: Darkrai
|-supereffective|p1a: Darkrai
|-damage|p1a: Darkrai|0 fnt
|faint|p1a: Darkrai
|
|upkeep
|
|t:|1757870490
|switch|p1a: Slowking|Slowking-Galar, M|100/100
|turn|5
|
|t:|1757870495
|move|p2a: Slither Wing|U-turn|p1a: Slowking
|-damage|p1a: Slowking|60/100
|
|t:|1757870502
|-end|p2a: Slither Wing|Protosynthesis|[silent]
|switch|p2a: Iron Jugulis|Iron Jugulis|100/100|[from] U-turn
|-enditem|p2a: Iron Jugulis|Booster Energy
|-activate|p2a: Iron Jugulis|ability: Quark Drive|[fromitem]
|-start|p2a: Iron Jugulis|quarkdrivespe
|move|p1a: Slowking|Future Sight|p2a: Iron Jugulis
|-start|p1a: Slowking|move: Future Sight
|
|-heal|p1a: Slowking|66/100|[from] item: Leftovers
|upkeep
|turn|6
|
|t:|1757870513
|move|p2a: Iron Jugulis|Earth Power|p1a: Slowking
|-supereffective|p1a: Slowking
|-damage|p1a: Slowking|29/100
|-prepare|p1a: Slowking|Chilly Reception|[premajor]
|move|p1a: Slowking|Chilly Reception|p1a: Slowking
|-weather|Snowscape
|
|t:|1757870519
|switch|p1a: Kyurem|Kyurem|100/100|[from] Chilly Reception
|-ability|p1a: Kyurem|Pressure
|
|-weather|Snowscape|[upkeep]
|upkeep
|turn|7
|
|t:|1757870530
|move|p2a: Iron Jugulis|Knock Off|p1a: Kyurem
|-damage|p1a: Kyurem|85/100
|-enditem|p1a: Kyurem|Loaded Dice|[from] move: Knock Off|[of] p2a: Iron Jugulis
|move|p1a: Kyurem|Dragon Dance|p1a: Kyurem
|-boost|p1a: Kyurem|atk|1
|-boost|p1a: Kyurem|spe|1
|
|-weather|Snowscape|[upkeep]
|-end|p2a: Iron Jugulis|move: Future Sight
|-immune|p2a: Iron Jugulis
|upkeep
|turn|8
|
|t:|1757870540
|move|p2a: Iron Jugulis|Hurricane|p1a: Kyurem
|-damage|p1a: Kyurem|33/100
|move|p1a: Kyurem|Icicle Spear|p2a: Iron Jugulis
|-supereffective|p2a: Iron Jugulis
|-damage|p2a: Iron Jugulis|53/100
|-supereffective|p2a: Iron Jugulis
|-crit|p2a: Iron Jugulis
|-damage|p2a: Iron Jugulis|0 fnt
|faint|p2a: Iron Jugulis
|-end|p2a: Iron Jugulis|Quark Drive|[silent]
|-hitcount|p2: Iron Jugulis|2
|
|-weather|Snowscape|[upkeep]
|upkeep
|
|t:|1757870552
|switch|p2a: Pecharunt|Pecharunt|100/100
|turn|9
|
|t:|1757870558
|move|p1a: Kyurem|Icicle Spear|p2a: Pecharunt
|-damage|p2a: Pecharunt|90/100
|-damage|p2a: Pecharunt|81/100
|-damage|p2a: Pecharunt|72/100
|-damage|p2a: Pecharunt|63/100
|-hitcount|p2a: Pecharunt|4
|move|p2a: Pecharunt|Malignant Chain|p1a: Kyurem
|-damage|p1a: Kyurem|1/100
|-status|p1a: Kyurem|tox
|-start|p1a: Kyurem|confusion|[from] ability: Poison Puppeteer|[of] p2a: Pecharunt
|
|-weather|Snowscape|[upkeep]
|-damage|p1a: Kyurem|0 fnt|[from] psn
|faint|p1a: Kyurem
|upkeep
|
|t:|1757870572
|switch|p1a: Slowking|Slowking-Galar, M|63/100
|turn|10
|
|t:|1757870579
|move|p2a: Pecharunt|Recover|p2a: Pecharunt
|-heal|p2a: Pecharunt|100/100
|move|p1a: Slowking|Future Sight|p2a: Pecharunt
|-start|p1a: Slowking|move: Future Sight
|
|-weather|none
|-heal|p1a: Slowking|69/100|[from] item: Leftovers
|upkeep
|turn|11
|
|t:|1757870586
|switch|p1a: Dondozo|Dondozo, F|100/100
|move|p2a: Pecharunt|Parting Shot|p1a: Dondozo
|-unboost|p1a: Dondozo|atk|1
|-unboost|p1a: Dondozo|spa|1
|
|t:|1757870594
|switch|p2a: Latios|Latios, M|100/100|[from] Parting Shot
|
|upkeep
|turn|12
|
|t:|1757870609
|switch|p1a: Slowking|Slowking-Galar, M|100/100
|move|p2a: Latios|Luster Purge|p1a: Slowking
|-damage|p1a: Slowking|61/100
|-unboost|p1a: Slowking|spd|1
|
|-end|p2a: Latios|move: Future Sight
|-resisted|p2a: Latios
|-damage|p2a: Latios|76/100
|-heal|p1a: Slowking|68/100|[from] item: Leftovers
|upkeep
|turn|13
|
|t:|1757870620
|move|p2a: Latios|Luster Purge|p1a: Slowking
|-damage|p1a: Slowking|8/100
|move|p1a: Slowking|Sludge Bomb|p2a: Latios
|-damage|p2a: Latios|41/100
|
|-heal|p1a: Slowking|14/100|[from] item: Leftovers
|upkeep
|turn|14
|
|t:|1757870629
|switch|p1a: Corviknight|Corviknight, M|100/100
|-ability|p1a: Corviknight|Pressure
|move|p2a: Latios|Luster Purge|p1a: Corviknight
|-resisted|p1a: Corviknight
|-damage|p1a: Corviknight|69/100
|-unboost|p1a: Corviknight|spd|1
|
|-heal|p1a: Corviknight|75/100|[from] item: Leftovers
|upkeep
|turn|15
|
|t:|1757870642
|move|p2a: Latios|Thunderbolt|p1a: Corviknight
|-supereffective|p1a: Corviknight
|-damage|p1a: Corviknight|0 fnt
|faint|p1a: Corviknight
|
|upkeep
|
|t:|1757870648
|switch|p1a: Dondozo|Dondozo, F|100/100
|turn|16
|
|t:|1757870654
|move|p2a: Latios|Thunderbolt|p1a: Dondozo
|-supereffective|p1a: Dondozo
|-damage|p1a: Dondozo|35/100
|move|p1a: Dondozo|Waterfall|p2a: Latios
|-resisted|p2a: Latios
|-damage|p2a: Latios|22/100
|
|-heal|p1a: Dondozo|42/100|[from] item: Leftovers
|upkeep
|turn|17
|
|t:|1757870662
|move|p2a: Latios|Thunderbolt|p1a: Dondozo
|-supereffective|p1a: Dondozo
|-damage|p1a: Dondozo|0 fnt
|faint|p1a: Dondozo
|
|upkeep
|
|t:|1757870666
|switch|p1a: Slowking|Slowking-Galar, M|47/100
|turn|18
|
|t:|1757870671
|move|p2a: Latios|Luster Purge|p1a: Slowking
|-damage|p1a: Slowking|12/100
|-unboost|p1a: Slowking|spd|1
|move|p1a: Slowking|Sludge Bomb|p2a: Latios
|-damage|p2a: Latios|0 fnt
|faint|p2a: Latios
|
|-heal|p1a: Slowking|18/100|[from] item: Leftovers
|upkeep
|
|t:|1757870675
|switch|p2a: Sandy Shocks|Sandy Shocks|100/100
|turn|19
|
|t:|1757870682
|move|p2a: Sandy Shocks|Volt Switch|p1a: Slowking
|-damage|p1a: Slowking|0 fnt
|faint|p1a: Slowking
|
|win|RobLaxxxxx
|raw|pkamash1's rating: 1421 &rarr; <strong>1400</strong><br />(-21 for losing)
|raw|RobLaxxxxx's rating: 1405 &rarr; <strong>1426</strong><br />(+21 for winning)
|c|☆RobLaxxxxx|gg
|l|☆pkamash1
|player|p1|
|l|☆RobLaxxxxx
|player|p2|
