|j|☆DavidEdgerunner
|j|☆LikeEmerald
|t:|1757854278
|gametype|singles
|player|p1|DavidEdgerunner|swimmer|1130
|player|p2|LikeEmerald|102|1086
|gen|9
|tier|[Gen 9] OU
|rated|
|rule|HP Percentage Mod: HP is shown in percentages
|rule|Endless Battle Clause: Forcing endless battles is banned
|rule|Species Clause: Limit one of each Pokémon
|rule|OHKO Clause: OHKO moves are banned
|rule|Evasion Items Clause: Evasion items are banned
|rule|Evasion Moves Clause: Evasion moves are banned
|rule|Evasion Abilities Clause: Evasion abilities are banned
|rule|Sleep Moves Clause: Sleep-inducing moves are banned
|clearpoke
|poke|p1|Vikavolt, F|
|poke|p1|Clawitzer, M|
|poke|p1|Toxapex, M|
|poke|p1|Dodrio, M|
|poke|p1|Dragonite, M|
|poke|p1|Serperior, F|
|poke|p2|Spidops, M|
|poke|p2|Ting-Lu|
|poke|p2|Samurott-Hisui, F|
|poke|p2|Sinistcha|
|poke|p2|Iron Crown|
|poke|p2|Enamorus, F|
|teampreview
|
|t:|1757854287
|teamsize|p1|6
|teamsize|p2|6
|start
|switch|p1a: Vikavolt|Vikavolt, F, shiny|100/100
|switch|p2a: Spidops|Spidops, M|100/100
|turn|1
|
|t:|1757854294
|move|p1a: Vikavolt|Sticky Web|p2a: Spidops
|-sidestart|p2: LikeEmerald|move: Sticky Web
|move|p2a: Spidops|Knock Off|p1a: Vikavolt
|-damage|p1a: Vikavolt|65/100
|-enditem|p1a: Vikavolt|Focus Sash|[from] move: Knock Off|[of] p2a: Spidops
|
|upkeep
|turn|2
|
|t:|1757854301
|move|p1a: Vikavolt|Thunderbolt|p2a: Spidops
|-damage|p2a: Spidops|40/100
|-enditem|p2a: Spidops|Red Card|[of] p1a: Vikavolt
|drag|p1a: Dragonite|Dragonite, M|100/100
|move|p2a: Spidops|Circle Throw|p1a: Dragonite
|-resisted|p1a: Dragonite
|-damage|p1a: Dragonite|92/100
|drag|p1a: Dodrio|Dodrio, M|100/100
|
|upkeep
|turn|3
|
|t:|1757854308
|move|p1a: Dodrio|Swords Dance|p1a: Dodrio
|-boost|p1a: Dodrio|atk|2
|move|p2a: Spidops|Knock Off|p1a: Dodrio
|-damage|p1a: Dodrio|56/100
|-enditem|p1a: Dodrio|Focus Sash|[from] move: Knock Off|[of] p2a: Spidops
|
|upkeep
|turn|4
|
|t:|1757854313
|move|p1a: Dodrio|Drill Run|p2a: Spidops
|-resisted|p2a: Spidops
|-damage|p2a: Spidops|11/100
|move|p2a: Spidops|Circle Throw|p1a: Dodrio
|-damage|p1a: Dodrio|26/100
|drag|p1a: Vikavolt|Vikavolt, F, shiny|65/100
|
|upkeep
|turn|5
|
|t:|1757854324
|switch|p2a: Ting-Lu|Ting-Lu|100/100
|-ability|p2a: Ting-Lu|Vessel of Ruin
|move|p1a: Vikavolt|Bug Buzz|p2a: Ting-Lu
|-supereffective|p2a: Ting-Lu
|-damage|p2a: Ting-Lu|35/100
|
|upkeep
|turn|6
|
|t:|1757854329
|move|p1a: Vikavolt|Bug Buzz|p2a: Ting-Lu
|-supereffective|p2a: Ting-Lu
|-damage|p2a: Ting-Lu|0 fnt
|faint|p2a: Ting-Lu
|
|upkeep
|
|t:|1757854336
|switch|p2a: Iron Crown|Iron Crown|100/100
|-activate|p2a: Iron Crown|move: Sticky Web
|-unboost|p2a: Iron Crown|spe|1
|turn|7
|
|t:|1757854341
|move|p2a: Iron Crown|Air Slash|p1a: Vikavolt
|-damage|p1a: Vikavolt|28/100
|move|p1a: Vikavolt|Bug Buzz|p2a: Iron Crown
|-damage|p2a: Iron Crown|45/100
|-enditem|p2a: Iron Crown|Sitrus Berry|[eat]
|-heal|p2a: Iron Crown|70/100|[from] item: Sitrus Berry
|
|upkeep
|turn|8
|
|t:|1757854350
|move|p2a: Iron Crown|Psychic|p1a: Vikavolt
|-damage|p1a: Vikavolt|0 fnt
|faint|p1a: Vikavolt
|
|upkeep
|
|t:|1757854371
|switch|p1a: Clawitzer|Clawitzer, M, shiny|100/100
|turn|9
|
|t:|1757854381
|move|p1a: Clawitzer|Aura Sphere|p2a: Iron Crown
|-damage|p2a: Iron Crown|7/100
|move|p2a: Iron Crown|Psychic|p1a: Clawitzer
|-damage|p1a: Clawitzer|42/100
|
|upkeep
|turn|10
|
|t:|1757854389
|switch|p1a: Dragonite|Dragonite, M|92/100
|move|p2a: Iron Crown|Psychic|p1a: Dragonite
|-crit|p1a: Dragonite
|-damage|p1a: Dragonite|23/100
|
|upkeep
|turn|11
|c|☆DavidEdgerunner|erm
|c|☆DavidEdgerunner|whyd you attack again
|c|☆DavidEdgerunner|you couldve had a major advantage on me
|
|t:|1757854414
|move|p1a: Dragonite|Earthquake|p2a: Iron Crown
|-supereffective|p2a: Iron Crown
|-damage|p2a: Iron Crown|0 fnt
|faint|p2a: Iron Crown
|-end|p2a: Iron Crown|Quark Drive|[silent]
|
|upkeep
|
|t:|1757854428
|switch|p2a: Enamorus|Enamorus, F|100/100
|turn|12
|
|t:|1757854437
|move|p2a: Enamorus|Draining Kiss|p1a: Dragonite
|-supereffective|p1a: Dragonite
|-damage|p1a: Dragonite|0 fnt
|faint|p1a: Dragonite
|
|upkeep
|
|t:|1757854444
|switch|p1a: Toxapex|Toxapex, M|100/100
|turn|13
|
|t:|1757854460
|switch|p2a: Sinistcha|Sinistcha|100/100
|-activate|p2a: Sinistcha|move: Sticky Web
|-unboost|p2a: Sinistcha|spe|1
|move|p1a: Toxapex|Toxic|p2a: Sinistcha
|-status|p2a: Sinistcha|tox
|
|-damage|p2a: Sinistcha|94/100 tox|[from] psn
|upkeep
|turn|14
|
|t:|1757854472
|-terastallize|p1a: Toxapex|Fairy
|move|p2a: Sinistcha|Matcha Gotcha|p1a: Toxapex|[miss]
|-miss|p2a: Sinistcha|p1a: Toxapex
|move|p1a: Toxapex|Surf|p2a: Sinistcha
|-resisted|p2a: Sinistcha
|-damage|p2a: Sinistcha|83/100 tox
|
|-damage|p2a: Sinistcha|70/100 tox|[from] psn
|upkeep
|turn|15
|
|t:|1757854487
|move|p2a: Sinistcha|Matcha Gotcha|p1a: Toxapex|[miss]
|-miss|p2a: Sinistcha|p1a: Toxapex
|move|p1a: Toxapex|Surf|p2a: Sinistcha
|-resisted|p2a: Sinistcha
|-damage|p2a: Sinistcha|60/100 tox
|
|-damage|p2a: Sinistcha|42/100 tox|[from] psn
|upkeep
|turn|16
|
|t:|1757854491
|move|p2a: Sinistcha|Strength Sap|p1a: Toxapex
|-unboost|p1a: Toxapex|atk|1
|-heal|p2a: Sinistcha|76/100 tox
|move|p1a: Toxapex|Surf|p2a: Sinistcha
|-resisted|p2a: Sinistcha
|-damage|p2a: Sinistcha|64/100 tox
|
|-damage|p2a: Sinistcha|40/100 tox|[from] psn
|upkeep
|turn|17
|
|t:|1757854495
|move|p2a: Sinistcha|Matcha Gotcha|p1a: Toxapex|[miss]
|-miss|p2a: Sinistcha|p1a: Toxapex
|move|p1a: Toxapex|Surf|p2a: Sinistcha
|-resisted|p2a: Sinistcha
|-damage|p2a: Sinistcha|29/100 tox
|
|-damage|p2a: Sinistcha|0 fnt|[from] psn
|faint|p2a: Sinistcha
|upkeep
|
|t:|1757854505
|switch|p2a: Enamorus|Enamorus, F|100/100
|turn|18
|c|☆DavidEdgerunner|alright..
|
|t:|1757854509
|-terastallize|p2a: Enamorus|Stellar
|move|p2a: Enamorus|Sludge Bomb|p1a: Toxapex
|-supereffective|p1a: Toxapex
|-damage|p1a: Toxapex|41/100
|move|p1a: Toxapex|Toxic|p2a: Enamorus
|-status|p2a: Enamorus|tox
|
|-damage|p2a: Enamorus|94/100 tox|[from] psn
|upkeep
|turn|19
|
|t:|1757854515
|move|p2a: Enamorus|Sludge Bomb|p1a: Toxapex
|-supereffective|p1a: Toxapex
|-damage|p1a: Toxapex|0 fnt
|faint|p1a: Toxapex
|
|-damage|p2a: Enamorus|82/100 tox|[from] psn
|upkeep
|
|t:|1757854518
|switch|p1a: Serperior|Serperior, F|100/100
|turn|20
|
|t:|1757854525
|move|p1a: Serperior|Leaf Storm|p2a: Enamorus
|-resisted|p2a: Enamorus
|-damage|p2a: Enamorus|51/100 tox
|-boost|p1a: Serperior|spa|2
|move|p2a: Enamorus|Sludge Bomb|p1a: Serperior
|-supereffective|p1a: Serperior
|-damage|p1a: Serperior|24/100
|
|-heal|p1a: Serperior|30/100|[from] item: Leftovers
|-damage|p2a: Enamorus|32/100 tox|[from] psn
|upkeep
|turn|21
|
|t:|1757854530
|move|p1a: Serperior|Leaf Storm|p2a: Enamorus
|-resisted|p2a: Enamorus
|-damage|p2a: Enamorus|0 fnt
|-boost|p1a: Serperior|spa|2
|faint|p2a: Enamorus
|
|-heal|p1a: Serperior|37/100|[from] item: Leftovers
|upkeep
|
|t:|1757854533
|switch|p2a: Spidops|Spidops, M|11/100
|-activate|p2a: Spidops|move: Sticky Web
|-unboost|p2a: Spidops|spe|1
|turn|22
|
|t:|1757854538
|move|p2a: Spidops|First Impression|p1a: Serperior
|-supereffective|p1a: Serperior
|-damage|p1a: Serperior|0 fnt
|faint|p1a: Serperior
|
|upkeep
|
|t:|1757854541
|switch|p1a: Dodrio|Dodrio, M|26/100
|turn|23
|
|t:|1757854547
|move|p1a: Dodrio|Drill Run|p2a: Spidops
|-resisted|p2a: Spidops
|-damage|p2a: Spidops|0 fnt
|faint|p2a: Spidops
|
|upkeep
|
|t:|1757854550
|switch|p2a: Samurott|Samurott-Hisui, F|100/100
|-activate|p2a: Samurott|move: Sticky Web
|-unboost|p2a: Samurott|spe|1
|turn|24
|
|t:|1757854556
|move|p1a: Dodrio|Low Kick|p2a: Samurott
|-supereffective|p2a: Samurott
|-damage|p2a: Samurott|31/100
|move|p2a: Samurott|Ceaseless Edge|p1a: Dodrio
|-damage|p1a: Dodrio|0 fnt
|-sidestart|p1: DavidEdgerunner|Spikes
|faint|p1a: Dodrio
|
|upkeep
|
|t:|1757854558
|switch|p1a: Clawitzer|Clawitzer, M, shiny|42/100
|-damage|p1a: Clawitzer|30/100|[from] Spikes
|turn|25
|
|t:|1757854562
|move|p2a: Samurott|Ceaseless Edge|p1a: Clawitzer
|-damage|p1a: Clawitzer|0 fnt
|-sidestart|p1: DavidEdgerunner|Spikes
|faint|p1a: Clawitzer
|
|win|LikeEmerald
|raw|DavidEdgerunner's rating: 1130 &rarr; <strong>1102</strong><br />(-28 for losing)
|raw|LikeEmerald's rating: 1086 &rarr; <strong>1117</strong><br />(+31 for winning)
|l|☆DavidEdgerunner
|player|p1|
|c|☆LikeEmerald|gg
|l|☆LikeEmerald
|player|p2|
