|j|☆Devrai
|j|☆Gulptubus
|t:|1757908537
|gametype|singles
|player|p1|Devrai|zinnia|1429
|player|p2|Gulptubus|pokemonranger-gen4|1486
|gen|9
|tier|[Gen 9] OU
|rated|
|rule|HP Percentage Mod: HP is shown in percentages
|rule|Endless Battle Clause: Forcing endless battles is banned
|rule|Species Clause: Limit one of each Pokémon
|rule|OHKO Clause: OHKO moves are banned
|rule|Evasion Items Clause: Evasion items are banned
|rule|Evasion Moves Clause: Evasion moves are banned
|rule|Evasion Abilities Clause: Evasion abilities are banned
|rule|Sleep Moves Clause: Sleep-inducing moves are banned
|clearpoke
|poke|p1|Araquanid, M|
|poke|p1|Skeledirge, F|
|poke|p1|Enamorus, F|
|poke|p1|Iron Treads|
|poke|p1|Latios, M|
|poke|p1|Raichu, F|
|poke|p2|Latios, M|
|poke|p2|Toxapex, F|
|poke|p2|Darkrai|
|poke|p2|Corviknight, F|
|poke|p2|Iron Treads|
|poke|p2|Gliscor, M|
|teampreview
|
|t:|1757908561
|teamsize|p1|6
|teamsize|p2|6
|start
|switch|p1a: Bubble Buddy|Araquanid, M, shiny|100/100
|switch|p2a: Latios|Latios, M|100/100
|turn|1
|
|t:|1757908564
|move|p2a: Latios|Substitute|p2a: Latios
|-start|p2a: Latios|Substitute
|-damage|p2a: Latios|76/100
|move|p1a: Bubble Buddy|Sticky Web|p2a: Latios
|-sidestart|p2: Gulptubus|move: Sticky Web
|
|-heal|p2a: Latios|82/100|[from] item: Leftovers
|upkeep
|turn|2
|
|t:|1757908567
|move|p2a: Latios|Luster Purge|p1a: Bubble Buddy
|-damage|p1a: Bubble Buddy|63/100
|-unboost|p1a: Bubble Buddy|spd|1
|move|p1a: Bubble Buddy|Leech Life|p2a: Latios
|-supereffective|p2a: Latios
|-end|p2a: Latios|Substitute
|-heal|p1a: Bubble Buddy|74/100|[from] drain|[of] p2a: Latios
|
|-heal|p2a: Latios|88/100|[from] item: Leftovers
|-heal|p1a: Bubble Buddy|80/100|[from] item: Leftovers
|upkeep
|turn|3
|
|t:|1757908576
|-terastallize|p2a: Latios|Steel
|move|p2a: Latios|Luster Purge|p1a: Bubble Buddy
|-damage|p1a: Bubble Buddy|24/100
|move|p1a: Bubble Buddy|Leech Life|p2a: Latios
|-resisted|p2a: Latios
|-damage|p2a: Latios|74/100
|-heal|p1a: Bubble Buddy|30/100|[from] drain|[of] p2a: Latios
|
|-heal|p2a: Latios|80/100|[from] item: Leftovers
|-heal|p1a: Bubble Buddy|36/100|[from] item: Leftovers
|upkeep
|turn|4
|
|t:|1757908579
|move|p2a: Latios|Luster Purge|p1a: Bubble Buddy
|-damage|p1a: Bubble Buddy|0 fnt
|faint|p1a: Bubble Buddy
|
|-heal|p2a: Latios|86/100|[from] item: Leftovers
|upkeep
|
|t:|1757908581
|switch|p1a: Mistress|Enamorus, F, shiny|100/100
|turn|5
|
|t:|1757908584
|-terastallize|p1a: Mistress|Stellar
|move|p2a: Latios|Substitute|p2a: Latios
|-start|p2a: Latios|Substitute
|-damage|p2a: Latios|61/100
|move|p1a: Mistress|Tera Blast|p2a: Latios|[anim] Tera Blast Stellar
|-supereffective|p2a: Latios
|-end|p2a: Latios|Substitute
|-boost|p1a: Mistress|atk|1
|-boost|p1a: Mistress|spa|1
|
|-heal|p2a: Latios|67/100|[from] item: Leftovers
|upkeep
|turn|6
|
|t:|1757908587
|move|p2a: Latios|Luster Purge|p1a: Mistress
|-damage|p1a: Mistress|54/100
|move|p1a: Mistress|Tera Blast|p2a: Latios|[anim] Tera Blast Stellar
|-supereffective|p2a: Latios
|-damage|p2a: Latios|0 fnt
|-boost|p1a: Mistress|atk|1
|-boost|p1a: Mistress|spa|1
|faint|p2a: Latios
|
|upkeep
|
|t:|1757908599
|switch|p2a: Toxapex|Toxapex, F|100/100
|-activate|p2a: Toxapex|move: Sticky Web
|-unboost|p2a: Toxapex|spe|1
|turn|7
|
|t:|1757908605
|move|p1a: Mistress|Earth Power|p2a: Toxapex
|-supereffective|p2a: Toxapex
|-damage|p2a: Toxapex|11/100
|move|p2a: Toxapex|Haze|p2a: Toxapex
|-clearallboost
|
|-heal|p2a: Toxapex|17/100|[from] item: Leftovers
|upkeep
|turn|8
|c|☆Devrai|You could have raised my spdef and that would have been funny
|
|t:|1757908617
|switch|p2a: Gliscor|Gliscor, M|100/100
|move|p1a: Mistress|Tera Blast|p2a: Gliscor|[anim] Tera Blast Stellar
|-damage|p2a: Gliscor|63/100
|-boost|p1a: Mistress|atk|1
|-boost|p1a: Mistress|spa|1
|
|-status|p2a: Gliscor|tox|[from] item: Toxic Orb
|upkeep
|turn|9
|
|t:|1757908627
|move|p1a: Mistress|Draining Kiss|p2a: Gliscor
|-damage|p2a: Gliscor|0 fnt
|-heal|p1a: Mistress|100/100|[from] drain|[of] p2a: Gliscor
|faint|p2a: Gliscor
|
|upkeep
|
|t:|1757908634
|switch|p2a: Iron Treads|Iron Treads|100/100
|-activate|p2a: Iron Treads|move: Sticky Web
|-unboost|p2a: Iron Treads|spe|1
|turn|10
|
|t:|1757908640
|move|p1a: Mistress|Earth Power|p2a: Iron Treads
|-supereffective|p2a: Iron Treads
|-damage|p2a: Iron Treads|29/100
|move|p2a: Iron Treads|Rapid Spin|p1a: Mistress
|-damage|p1a: Mistress|78/100
|-boost|p2a: Iron Treads|spe|1
|-sideend|p2: Gulptubus|Sticky Web|[from] move: Rapid Spin|[of] p2a: Iron Treads
|
|-heal|p2a: Iron Treads|35/100|[from] item: Leftovers
|upkeep
|turn|11
|
|t:|1757908644
|move|p1a: Mistress|Superpower|p2a: Iron Treads
|-supereffective|p2a: Iron Treads
|-damage|p2a: Iron Treads|0 fnt
|-boost|p1a: Mistress|atk|1
|-boost|p1a: Mistress|def|1
|faint|p2a: Iron Treads
|-end|p2a: Iron Treads|Quark Drive|[silent]
|
|upkeep
|
|t:|1757908650
|switch|p2a: Darkrai|Darkrai|100/100
|turn|12
|
|t:|1757908655
|move|p2a: Darkrai|Ice Beam|p1a: Mistress
|-supereffective|p1a: Mistress
|-damage|p1a: Mistress|0 fnt
|faint|p1a: Mistress
|
|upkeep
|
|t:|1757908662
|switch|p1a: Treadmill|Iron Treads, shiny|100/100
|turn|13
|
|t:|1757908667
|switch|p2a: Toxapex|Toxapex, F|50/100
|move|p1a: Treadmill|Knock Off|p2a: Toxapex
|-damage|p2a: Toxapex|30/100
|-enditem|p2a: Toxapex|Leftovers|[from] move: Knock Off|[of] p1a: Treadmill
|
|upkeep
|turn|14
|
|t:|1757908674
|switch|p2a: Corviknight|Corviknight, F|100/100
|-ability|p2a: Corviknight|Pressure
|move|p1a: Treadmill|Stealth Rock|p2a: Corviknight
|-sidestart|p2: Gulptubus|move: Stealth Rock
|
|upkeep
|turn|15
|
|t:|1757908677
|-end|p1a: Treadmill|Quark Drive|[silent]
|switch|p1a: King Gator|Skeledirge, F, shiny|100/100
|move|p2a: Corviknight|Iron Defense|p2a: Corviknight
|-boost|p2a: Corviknight|def|2
|
|upkeep
|turn|16
|
|t:|1757908683
|move|p1a: King Gator|Will-O-Wisp|p2a: Corviknight
|-status|p2a: Corviknight|brn
|move|p2a: Corviknight|Defog|p1a: King Gator
|-unboost|p1a: King Gator|evasion|1
|-sideend|p2: Gulptubus|Stealth Rock|[from] move: Defog|[of] p2a: Corviknight
|
|-damage|p2a: Corviknight|94/100 brn|[from] brn
|upkeep
|turn|17
|
|t:|1757908687
|switch|p2a: Toxapex|Toxapex, F|63/100
|move|p1a: King Gator|Will-O-Wisp|p2a: Toxapex
|-status|p2a: Toxapex|brn
|
|-damage|p2a: Toxapex|57/100 brn|[from] brn
|upkeep
|turn|18
|
|t:|1757908692
|switch|p1a: Treadmill|Iron Treads, shiny|100/100
|move|p2a: Toxapex|Toxic|p1a: Treadmill
|-immune|p1a: Treadmill
|
|-damage|p2a: Toxapex|51/100 brn|[from] brn
|upkeep
|turn|19
|
|t:|1757908697
|move|p1a: Treadmill|Stealth Rock|p2a: Toxapex
|-sidestart|p2: Gulptubus|move: Stealth Rock
|move|p2a: Toxapex|Recover|p2a: Toxapex
|-heal|p2a: Toxapex|100/100 brn
|
|-damage|p2a: Toxapex|94/100 brn|[from] brn
|upkeep
|turn|20
|
|t:|1757908701
|-end|p1a: Treadmill|Quark Drive|[silent]
|switch|p1a: King Gator|Skeledirge, F, shiny|100/100
|switch|p2a: Corviknight|Corviknight, F|94/100 brn
|-damage|p2a: Corviknight|82/100 brn|[from] Stealth Rock
|-ability|p2a: Corviknight|Pressure
|
|-heal|p2a: Corviknight|88/100 brn|[from] item: Leftovers
|-damage|p2a: Corviknight|82/100 brn|[from] brn
|upkeep
|turn|21
|
|t:|1757908704
|move|p1a: King Gator|Torch Song|p2a: Corviknight
|-supereffective|p2a: Corviknight
|-damage|p2a: Corviknight|12/100 brn
|-boost|p1a: King Gator|spa|1
|move|p2a: Corviknight|Defog|p1a: King Gator
|-unboost|p1a: King Gator|evasion|1
|-sideend|p2: Gulptubus|Stealth Rock|[from] move: Defog|[of] p2a: Corviknight
|
|-heal|p2a: Corviknight|18/100 brn|[from] item: Leftovers
|-damage|p2a: Corviknight|12/100 brn|[from] brn
|upkeep
|turn|22
|
|t:|1757908710
|switch|p2a: Toxapex|Toxapex, F|100/100 brn
|move|p1a: King Gator|Torch Song|p2a: Toxapex
|-resisted|p2a: Toxapex
|-damage|p2a: Toxapex|84/100 brn
|-boost|p1a: King Gator|spa|1
|
|-damage|p2a: Toxapex|78/100 brn|[from] brn
|upkeep
|turn|23
|
|t:|1757908713
|move|p1a: King Gator|Hex|p2a: Toxapex
|-damage|p2a: Toxapex|15/100 brn
|move|p2a: Toxapex|Surf|p1a: King Gator
|-supereffective|p1a: King Gator
|-damage|p1a: King Gator|69/100
|
|-heal|p1a: King Gator|75/100|[from] item: Leftovers
|-damage|p2a: Toxapex|8/100 brn|[from] brn
|upkeep
|turn|24
|
|t:|1757908717
|move|p1a: King Gator|Torch Song|p2a: Toxapex
|-resisted|p2a: Toxapex
|-damage|p2a: Toxapex|0 fnt
|-boost|p1a: King Gator|spa|1
|faint|p2a: Toxapex
|
|-heal|p1a: King Gator|82/100|[from] item: Leftovers
|upkeep
|
|t:|1757908719
|switch|p2a: Darkrai|Darkrai|100/100
|turn|25
|
|t:|1757908727
|switch|p1a: Ampere|Raichu, F|100/100
|move|p2a: Darkrai|Dark Pulse|p1a: Ampere
|-damage|p1a: Ampere|0 fnt
|faint|p1a: Ampere
|
|upkeep
|
|t:|1757908731
|switch|p1a: Treadmill|Iron Treads, shiny|100/100
|turn|26
|
|t:|1757908734
|switch|p2a: Corviknight|Corviknight, F|12/100 brn
|-ability|p2a: Corviknight|Pressure
|move|p1a: Treadmill|Knock Off|p2a: Corviknight
|-damage|p2a: Corviknight|0 fnt
|-enditem|p2a: Corviknight|Leftovers|[from] move: Knock Off|[of] p1a: Treadmill
|faint|p2a: Corviknight
|
|upkeep
|
|t:|1757908736
|switch|p2a: Darkrai|Darkrai|100/100
|turn|27
|
|t:|1757908738
|move|p2a: Darkrai|Dark Pulse|p1a: Treadmill
|-damage|p1a: Treadmill|21/100
|move|p1a: Treadmill|Earthquake|p2a: Darkrai
|-damage|p2a: Darkrai|47/100
|
|upkeep
|turn|28
|
|t:|1757908741
|move|p2a: Darkrai|Dark Pulse|p1a: Treadmill
|-damage|p1a: Treadmill|0 fnt
|faint|p1a: Treadmill
|-end|p1a: Treadmill|Quark Drive|[silent]
|
|upkeep
|
|t:|1757908742
|switch|p1a: King Gator|Skeledirge, F, shiny|82/100
|turn|29
|
|t:|1757908744
|move|p2a: Darkrai|Dark Pulse|p1a: King Gator
|-supereffective|p1a: King Gator
|-damage|p1a: King Gator|0 fnt
|faint|p1a: King Gator
|
|upkeep
|-message|Devrai forfeited.
|
|win|Gulptubus
|raw|Devrai's rating: 1429 &rarr; <strong>1412</strong><br />(-17 for losing)
|raw|Gulptubus's rating: 1486 &rarr; <strong>1503</strong><br />(+17 for winning)
|l|☆Devrai
|player|p1|
|c|☆Gulptubus|darkrai mog
