|badge|p1|bronze|gen9ou|100-6
|uhtml|medal-msg|<div class="broadcast-blue">Curious what those medals under the avatar are? PS now has Ladder Seasons! For more information, check out the <a href="https://www.smogon.com/forums/threads/3740067/">thread on Smogon.</a></div>
|j|☆Ctannn
|j|☆Mortifi
|t:|1757840053
|gametype|singles
|player|p1|Ctannn|102|1904
|player|p2|Mortifi|pokemaniac|1783
|gen|9
|tier|[Gen 9] OU
|rated|
|rule|HP Percentage Mod: HP is shown in percentages
|rule|Endless Battle Clause: Forcing endless battles is banned
|rule|Species Clause: Limit one of each Pokémon
|rule|OHKO Clause: OHKO moves are banned
|rule|Evasion Items Clause: Evasion items are banned
|rule|Evasion Moves Clause: Evasion moves are banned
|rule|Evasion Abilities Clause: Evasion abilities are banned
|rule|Sleep Moves Clause: Sleep-inducing moves are banned
|clearpoke
|poke|p1|Rillaboom, M|
|poke|p1|Gholdengo|
|poke|p1|Cinderace, F|
|poke|p1|Raging Bolt|
|poke|p1|Slowking-Galar, F|
|poke|p1|Landorus-Therian, M|
|poke|p2|Primarina, F|
|poke|p2|Deoxys-Speed|
|poke|p2|Great Tusk|
|poke|p2|Raging Bolt|
|poke|p2|Gholdengo|
|poke|p2|Skarmory, F|
|teampreview
|inactive|Battle timer is ON: inactive players will automatically lose when time's up. (requested by Ctannn)
|inactive|Mortifi has 120 seconds left.
|
|t:|1757840094
|teamsize|p1|6
|teamsize|p2|6
|start
|switch|p1a: Raging Bolt|Raging Bolt|100/100
|switch|p2a: Great Tusk|Great Tusk|100/100
|turn|1
|
|t:|1757840105
|move|p2a: Great Tusk|Headlong Rush|p1a: Raging Bolt
|-supereffective|p1a: Raging Bolt
|-damage|p1a: Raging Bolt|0 fnt
|-unboost|p2a: Great Tusk|def|1
|-unboost|p2a: Great Tusk|spd|1
|faint|p1a: Raging Bolt
|-end|p1a: Raging Bolt|Protosynthesis|[silent]
|
|upkeep
|j| thodoras edition
|
|t:|1757840110
|switch|p1a: Gholdengo|Gholdengo|100/100
|turn|2
|j| buluofen
|j| sujisuji
|
|t:|1757840117
|-end|p2a: Great Tusk|Protosynthesis|[silent]
|switch|p2a: Raging Bolt|Raging Bolt|100/100
|move|p1a: Gholdengo|Trick|p2a: Raging Bolt
|-activate|p1a: Gholdengo|move: Trick|[of] p2a: Raging Bolt
|-item|p2a: Raging Bolt|Choice Scarf|[from] move: Trick
|-item|p1a: Gholdengo|Assault Vest|[from] move: Trick
|
|upkeep
|turn|3
|l| sujisuji
|
|t:|1757840132
|move|p2a: Raging Bolt|Volt Switch|p1a: Gholdengo
|-damage|p1a: Gholdengo|66/100
|
|t:|1757840144
|-end|p2a: Raging Bolt|Protosynthesis|[silent]
|switch|p2a: Primarina|Primarina, F|100/100|[from] Volt Switch
|move|p1a: Gholdengo|Shadow Ball|p2a: Primarina
|-damage|p2a: Primarina|61/100
|
|upkeep
|turn|4
|j| heatraniac
|
|t:|1757840155
|move|p1a: Gholdengo|Make It Rain|p2a: Primarina
|-damage|p2a: Primarina|4/100
|-unboost|p1a: Gholdengo|spa|1
|move|p2a: Primarina|Flip Turn|p1a: Gholdengo
|-damage|p1a: Gholdengo|49/100
|l| heatraniac
|
|t:|1757840165
|switch|p2a: Great Tusk|Great Tusk|100/100|[from] Flip Turn
|
|upkeep
|turn|5
|
|t:|1757840171
|move|p2a: Great Tusk|Knock Off|p1a: Gholdengo
|-supereffective|p1a: Gholdengo
|-damage|p1a: Gholdengo|0 fnt
|-enditem|p1a: Gholdengo|Assault Vest|[from] move: Knock Off|[of] p2a: Great Tusk
|faint|p1a: Gholdengo
|
|upkeep
|
|t:|1757840176
|switch|p1a: Slowking|Slowking-Galar, F|100/100
|turn|6
|l| thodoras edition
|
|t:|1757840185
|-end|p2a: Great Tusk|Protosynthesis|[silent]
|switch|p2a: Gholdengo|Gholdengo|100/100
|move|p1a: Slowking|Psychic|p2a: Gholdengo
|-resisted|p2a: Gholdengo
|-damage|p2a: Gholdengo|87/100
|
|upkeep
|turn|7
|
|t:|1757840194
|move|p2a: Gholdengo|Thunder Wave|p1a: Slowking
|-status|p1a: Slowking|par
|-prepare|p1a: Slowking|Chilly Reception|[premajor]
|move|p1a: Slowking|Chilly Reception|p1a: Slowking
|-weather|Snowscape
|
|t:|1757840200
|switch|p1a: Landorus|Landorus-Therian, M|100/100|[from] Chilly Reception
|-ability|p1a: Landorus|Intimidate|boost
|-unboost|p2a: Gholdengo|atk|1
|
|-weather|Snowscape|[upkeep]
|upkeep
|turn|8
|
|t:|1757840207
|switch|p2a: Skarmory|Skarmory, F|100/100
|move|p1a: Landorus|Stealth Rock|p2a: Skarmory
|-sidestart|p2: Mortifi|move: Stealth Rock
|
|-weather|Snowscape|[upkeep]
|upkeep
|turn|9
|
|t:|1757840213
|switch|p1a: Cinderace|Cinderace, F|100/100
|move|p2a: Skarmory|Spikes|p1a: Cinderace
|-sidestart|p1: Ctannn|Spikes
|
|-weather|Snowscape|[upkeep]
|upkeep
|turn|10
|
|t:|1757840219
|switch|p2a: Great Tusk|Great Tusk|100/100
|move|p1a: Cinderace|Pyro Ball|p2a: Great Tusk
|-damage|p2a: Great Tusk|59/100
|
|-weather|Snowscape|[upkeep]
|upkeep
|turn|11
|
|t:|1757840227
|move|p1a: Cinderace|High Jump Kick|p2a: Great Tusk
|-start|p1a: Cinderace|typechange|Fighting|[from] ability: Libero
|-damage|p2a: Great Tusk|9/100
|move|p2a: Great Tusk|Knock Off|p1a: Cinderace
|-resisted|p1a: Cinderace
|-damage|p1a: Cinderace|77/100
|-enditem|p1a: Cinderace|Heavy-Duty Boots|[from] move: Knock Off|[of] p2a: Great Tusk
|
|-weather|none
|upkeep
|turn|12
|
|t:|1757840246
|-end|p2a: Great Tusk|Protosynthesis|[silent]
|switch|p2a: Primarina|Primarina, F|4/100
|-damage|p2a: Primarina|0 fnt|[from] Stealth Rock
|faint|p2a: Primarina
|move|p1a: Cinderace|Pyro Ball|p2: Primarina|[notarget]
|-fail|p1a: Cinderace
|
|upkeep
|
|t:|1757840252
|switch|p2a: Deoxys|Deoxys-Speed|100/100
|-ability|p2a: Deoxys|Pressure
|turn|13
|l| buluofen
|
|t:|1757840263
|switch|p1a: Slowking|Slowking-Galar, F|100/100 par
|-damage|p1a: Slowking|88/100 par|[from] Spikes
|move|p2a: Deoxys|Teleport|p2a: Deoxys
|
|t:|1757840272
|switch|p2a: Great Tusk|Great Tusk|9/100|[from] Teleport
|
|upkeep
|turn|14
|
|t:|1757840277
|move|p2a: Great Tusk|Knock Off|p1a: Slowking
|-supereffective|p1a: Slowking
|-damage|p1a: Slowking|41/100 par
|-damage|p2a: Great Tusk|0 fnt|[from] item: Rocky Helmet|[of] p1a: Slowking
|faint|p2a: Great Tusk
|-end|p2a: Great Tusk|Protosynthesis|[silent]
|move|p1a: Slowking|Future Sight|p2: Great Tusk
|-start|p1a: Slowking|move: Future Sight
|
|upkeep
|
|t:|1757840298
|switch|p2a: Gholdengo|Gholdengo|87/100
|turn|15
|
|t:|1757840306
|switch|p1a: Landorus|Landorus-Therian, M|100/100
|-ability|p1a: Landorus|Intimidate|boost
|-unboost|p2a: Gholdengo|atk|1
|move|p2a: Gholdengo|Hex|p1a: Landorus
|-damage|p1a: Landorus|68/100
|
|upkeep
|turn|16
|
|t:|1757840317
|switch|p2a: Deoxys|Deoxys-Speed|100/100
|-ability|p2a: Deoxys|Pressure
|move|p1a: Landorus|Earthquake|p2a: Deoxys
|-damage|p2a: Deoxys|50/100
|
|-end|p2a: Deoxys|move: Future Sight
|-resisted|p2a: Deoxys
|-damage|p2a: Deoxys|22/100
|upkeep
|turn|17
|j| ertyplm
|
|t:|1757840345
|switch|p2a: Skarmory|Skarmory, F|100/100
|-damage|p2a: Skarmory|88/100|[from] Stealth Rock
|move|p1a: Landorus|U-turn|p2a: Skarmory
|-resisted|p2a: Skarmory
|-damage|p2a: Skarmory|85/100
|-damage|p1a: Landorus|52/100|[from] item: Rocky Helmet|[of] p2a: Skarmory
|
|t:|1757840350
|switch|p1a: Cinderace|Cinderace, F|77/100|[from] U-turn
|-damage|p1a: Cinderace|65/100|[from] Spikes
|
|upkeep
|turn|18
|
|t:|1757840362
|switch|p2a: Raging Bolt|Raging Bolt|100/100
|-damage|p2a: Raging Bolt|88/100|[from] Stealth Rock
|move|p1a: Cinderace|Pyro Ball|p2a: Raging Bolt
|-resisted|p2a: Raging Bolt
|-damage|p2a: Raging Bolt|65/100
|
|upkeep
|turn|19
|
|t:|1757840372
|move|p1a: Cinderace|U-turn|p2a: Raging Bolt
|-start|p1a: Cinderace|typechange|Bug|[from] ability: Libero
|-damage|p2a: Raging Bolt|36/100
|
|t:|1757840376
|switch|p1a: Slowking|Slowking-Galar, F|74/100 par|[from] U-turn
|-damage|p1a: Slowking|62/100 par|[from] Spikes
|move|p2a: Raging Bolt|Draco Meteor|p1a: Slowking
|-damage|p1a: Slowking|0 fnt
|-unboost|p2a: Raging Bolt|spa|2
|faint|p1a: Slowking
|
|upkeep
|inactive|Ctannn has 120 seconds left.
|
|t:|1757840407
|switch|p1a: Cinderace|Cinderace, F|65/100
|-damage|p1a: Cinderace|53/100|[from] Spikes
|turn|20
|
|t:|1757840416
|move|p1a: Cinderace|High Jump Kick|p2a: Raging Bolt|[miss]
|-start|p1a: Cinderace|typechange|Fighting|[from] ability: Libero
|-miss|p1a: Cinderace|p2a: Raging Bolt
|-damage|p1a: Cinderace|3/100|[from] highjumpkick
|move|p2a: Raging Bolt|Draco Meteor|p1a: Cinderace
|-damage|p1a: Cinderace|0 fnt
|-unboost|p2a: Raging Bolt|spa|2
|faint|p1a: Cinderace
|
|upkeep
|
|t:|1757840422
|switch|p1a: Rillaboom|Rillaboom, M|100/100
|-damage|p1a: Rillaboom|88/100|[from] Spikes
|-fieldstart|move: Grassy Terrain|[from] ability: Grassy Surge|[of] p1a: Rillaboom
|turn|21
|c|☆Mortifi|rough miss sry
|
|t:|1757840433
|-end|p2a: Raging Bolt|Protosynthesis|[silent]
|switch|p2a: Skarmory|Skarmory, F|85/100
|-damage|p2a: Skarmory|73/100|[from] Stealth Rock
|move|p1a: Rillaboom|Swords Dance|p1a: Rillaboom
|-boost|p1a: Rillaboom|atk|2
|
|-heal|p1a: Rillaboom|94/100|[from] Grassy Terrain
|upkeep
|turn|22
|
|t:|1757840445
|move|p1a: Rillaboom|Swords Dance|p1a: Rillaboom
|-boost|p1a: Rillaboom|atk|2
|move|p2a: Skarmory|Roost|p2a: Skarmory
|-heal|p2a: Skarmory|100/100
|-singleturn|p2a: Skarmory|move: Roost
|
|-heal|p1a: Rillaboom|100/100|[from] Grassy Terrain
|upkeep
|turn|23
|
|t:|1757840454
|-terastallize|p1a: Rillaboom|Grass
|move|p1a: Rillaboom|Wood Hammer|p2a: Skarmory
|-resisted|p2a: Skarmory
|-damage|p2a: Skarmory|36/100
|-damage|p1a: Rillaboom|84/100|[from] item: Rocky Helmet|[of] p2a: Skarmory
|-damage|p1a: Rillaboom|63/100|[from] Recoil
|move|p2a: Skarmory|Iron Defense|p2a: Skarmory
|-boost|p2a: Skarmory|def|2
|
|-heal|p1a: Rillaboom|69/100|[from] Grassy Terrain
|upkeep
|turn|24
|
|t:|1757840465
|move|p1a: Rillaboom|Wood Hammer|p2a: Skarmory
|-resisted|p2a: Skarmory
|-damage|p2a: Skarmory|3/100
|-damage|p1a: Rillaboom|53/100|[from] item: Rocky Helmet|[of] p2a: Skarmory
|-damage|p1a: Rillaboom|42/100|[from] Recoil
|move|p2a: Skarmory|Roost|p2a: Skarmory
|-heal|p2a: Skarmory|53/100
|-singleturn|p2a: Skarmory|move: Roost
|
|-heal|p1a: Rillaboom|49/100|[from] Grassy Terrain
|-heal|p2a: Skarmory|59/100|[from] Grassy Terrain
|upkeep
|turn|25
|
|t:|1757840477
|move|p1a: Rillaboom|Drain Punch|p2a: Skarmory
|-damage|p2a: Skarmory|35/100
|-heal|p1a: Rillaboom|61/100|[from] drain|[of] p2a: Skarmory
|-damage|p1a: Rillaboom|44/100|[from] item: Rocky Helmet|[of] p2a: Skarmory
|move|p2a: Skarmory|Roost|p2a: Skarmory
|-heal|p2a: Skarmory|85/100
|-singleturn|p2a: Skarmory|move: Roost
|
|-heal|p1a: Rillaboom|51/100|[from] Grassy Terrain
|-heal|p2a: Skarmory|91/100|[from] Grassy Terrain
|-fieldend|move: Grassy Terrain
|upkeep
|turn|26
|
|t:|1757840487
|move|p1a: Rillaboom|Drain Punch|p2a: Skarmory
|-damage|p2a: Skarmory|65/100
|-heal|p1a: Rillaboom|64/100|[from] drain|[of] p2a: Skarmory
|-damage|p1a: Rillaboom|47/100|[from] item: Rocky Helmet|[of] p2a: Skarmory
|move|p2a: Skarmory|Iron Defense|p2a: Skarmory
|-boost|p2a: Skarmory|def|2
|
|upkeep
|turn|27
|
|t:|1757840500
|move|p1a: Rillaboom|Drain Punch|p2a: Skarmory
|-crit|p2a: Skarmory
|-damage|p2a: Skarmory|0 fnt
|-heal|p1a: Rillaboom|79/100|[from] drain|[of] p2a: Skarmory
|-damage|p1a: Rillaboom|62/100|[from] item: Rocky Helmet|[of] p2a: Skarmory
|faint|p2a: Skarmory
|
|upkeep
|
|t:|1757840512
|switch|p2a: Deoxys|Deoxys-Speed|22/100
|-ability|p2a: Deoxys|Pressure
|turn|28
|
|t:|1757840518
|switch|p1a: Landorus|Landorus-Therian, M|52/100
|-ability|p1a: Landorus|Intimidate|boost
|-unboost|p2a: Deoxys|atk|1
|move|p2a: Deoxys|Psycho Boost|p1a: Landorus
|-damage|p1a: Landorus|8/100
|-unboost|p2a: Deoxys|spa|2
|
|upkeep
|turn|29
|
|t:|1757840547
|move|p1a: Landorus|Stealth Rock||[still]
|-fail|p1a: Landorus
|move|p2a: Deoxys|Teleport|p2a: Deoxys
|inactive|Mortifi has 120 seconds left.
|
|t:|1757840561
|switch|p2a: Raging Bolt|Raging Bolt|36/100|[from] Teleport
|-damage|p2a: Raging Bolt|23/100|[from] Stealth Rock
|
|upkeep
|turn|30
|
|t:|1757840567
|move|p2a: Raging Bolt|Draco Meteor|p1a: Landorus
|-damage|p1a: Landorus|0 fnt
|-unboost|p2a: Raging Bolt|spa|2
|faint|p1a: Landorus
|
|upkeep
|
|t:|1757840569
|switch|p1a: Rillaboom|Rillaboom, M, tera:Grass|62/100
|-damage|p1a: Rillaboom|50/100|[from] Spikes
|-fieldstart|move: Grassy Terrain|[from] ability: Grassy Surge|[of] p1a: Rillaboom
|turn|31
|
|t:|1757840576
|move|p2a: Raging Bolt|Draco Meteor|p1a: Rillaboom
|-damage|p1a: Rillaboom|0 fnt
|-unboost|p2a: Raging Bolt|spa|2
|faint|p1a: Rillaboom
|
|win|Mortifi
|raw|Ctannn's rating: 1904 &rarr; <strong>1877</strong><br />(-27 for losing)
|raw|Mortifi's rating: 1783 &rarr; <strong>1810</strong><br />(+27 for winning)
|l|☆Ctannn
|player|p1|
|l| ertyplm
|l|☆Mortifi
|player|p2|
