|j|☆YumeKasumi76
|j|☆monkey ramen
|t:|1757788883
|gametype|singles
|player|p1|YumeKasumi76|265|1537
|player|p2|monkey ramen|hilda-wonderlauncher|1529
|gen|9
|tier|[Gen 9] OU
|rated|
|rule|HP Percentage Mod: HP is shown in percentages
|rule|Endless Battle Clause: Forcing endless battles is banned
|rule|Species Clause: Limit one of each Pokémon
|rule|OHKO Clause: OHKO moves are banned
|rule|Evasion Items Clause: Evasion items are banned
|rule|Evasion Moves Clause: Evasion moves are banned
|rule|Evasion Abilities Clause: Evasion abilities are banned
|rule|Sleep Moves Clause: Sleep-inducing moves are banned
|clearpoke
|poke|p1|Cobalion|
|poke|p1|Weezing-Galar, M|
|poke|p1|Lokix, F|
|poke|p1|Arboliva, M|
|poke|p1|Ceruledge, F|
|poke|p1|Latios, M|
|poke|p2|Alomomola, F|
|poke|p2|Dragapult, M|
|poke|p2|Lokix, F|
|poke|p2|Weezing-Galar, F|
|poke|p2|Slowking-Galar, M|
|poke|p2|Ting-Lu|
|teampreview
|inactive|Battle timer is ON: inactive players will automatically lose when time's up. (requested by monkey ramen)
|
|t:|1757788891
|teamsize|p1|6
|teamsize|p2|6
|start
|switch|p1a: Iverson|Latios, M|100/100
|switch|p2a: Lokix|Lokix, F|100/100
|turn|1
|
|t:|1757788898
|switch|p1a: Ironhyde|Cobalion|100/100
|move|p2a: Lokix|First Impression|p1a: Ironhyde
|-resisted|p1a: Ironhyde
|-crit|p1a: Ironhyde
|-damage|p1a: Ironhyde|65/100
|-damage|p2a: Lokix|84/100|[from] item: Rocky Helmet|[of] p1a: Ironhyde
|
|upkeep
|turn|2
|
|t:|1757788908
|switch|p2a: Alomomola|Alomomola, F|100/100
|move|p1a: Ironhyde|Volt Switch|p2a: Alomomola
|-supereffective|p2a: Alomomola
|-damage|p2a: Alomomola|64/100
|
|t:|1757788914
|switch|p1a: M'affald|Weezing-Galar, M|100/100|[from] Volt Switch
|-ability|p1a: M'affald|Neutralizing Gas
|
|upkeep
|turn|3
|
|t:|1757788924
|switch|p2a: Ting-Lu|Ting-Lu|100/100
|move|p1a: M'affald|Sludge Bomb|p2a: Ting-Lu
|-resisted|p2a: Ting-Lu
|-damage|p2a: Ting-Lu|93/100
|
|-heal|p2a: Ting-Lu|99/100|[from] item: Leftovers
|upkeep
|turn|4
|
|t:|1757788940
|move|p1a: M'affald|Will-O-Wisp|p2a: Ting-Lu
|-status|p2a: Ting-Lu|brn
|move|p2a: Ting-Lu|Spikes|p1a: M'affald
|-sidestart|p1: YumeKasumi76|Spikes
|
|-heal|p2a: Ting-Lu|100/100 brn|[from] item: Leftovers
|-damage|p2a: Ting-Lu|94/100 brn|[from] brn
|upkeep
|turn|5
|
|t:|1757788948
|move|p1a: M'affald|Defog|p2a: Ting-Lu
|-unboost|p2a: Ting-Lu|evasion|1
|-sideend|p1: YumeKasumi76|Spikes|[from] move: Defog|[of] p1a: M'affald
|move|p2a: Ting-Lu|Ruination|p1a: M'affald
|-damage|p1a: M'affald|51/100
|
|-heal|p2a: Ting-Lu|100/100 brn|[from] item: Leftovers
|-damage|p2a: Ting-Lu|94/100 brn|[from] brn
|upkeep
|turn|6
|
|t:|1757788954
|move|p1a: M'affald|Pain Split|p2a: Ting-Lu
|-sethp|p2a: Ting-Lu|64/100 brn|[from] move: Pain Split|[silent]
|-sethp|p1a: M'affald|98/100|[from] move: Pain Split
|move|p2a: Ting-Lu|Whirlwind|p1a: M'affald
|-end|p1a: M'affald|ability: Neutralizing Gas
|-ability|p2a: Ting-Lu|Vessel of Ruin
|drag|p1a: Ironhyde|Cobalion|65/100
|
|-heal|p2a: Ting-Lu|70/100 brn|[from] item: Leftovers
|-damage|p2a: Ting-Lu|64/100 brn|[from] brn
|upkeep
|turn|7
|
|t:|1757788965
|switch|p2a: Alomomola|Alomomola, F|64/100
|move|p1a: Ironhyde|Body Press|p2a: Alomomola
|-damage|p2a: Alomomola|42/100
|
|upkeep
|turn|8
|
|t:|1757788969
|switch|p1a: M'affald|Weezing-Galar, M|98/100
|-ability|p1a: M'affald|Neutralizing Gas
|move|p2a: Alomomola|Flip Turn|p1a: M'affald
|-damage|p1a: M'affald|88/100
|
|t:|1757788972
|switch|p2a: Slowking|Slowking-Galar, M|100/100|[from] Flip Turn
|
|upkeep
|turn|9
|
|t:|1757788980
|-end|p1a: M'affald|ability: Neutralizing Gas
|switch|p1a: Satsuki|Lokix, F, shiny|100/100
|move|p2a: Slowking|Future Sight|p1a: Satsuki
|-start|p2a: Slowking|move: Future Sight
|
|upkeep
|turn|10
|
|t:|1757788986
|switch|p2a: Weezing|Weezing-Galar, F|100/100
|-ability|p2a: Weezing|Neutralizing Gas
|move|p1a: Satsuki|Knock Off|p2a: Weezing
|-resisted|p2a: Weezing
|-damage|p2a: Weezing|75/100
|-enditem|p2a: Weezing|Heavy-Duty Boots|[from] move: Knock Off|[of] p1a: Satsuki
|
|upkeep
|turn|11
|
|t:|1757788992
|switch|p1a: Jalter|Ceruledge, F|100/100
|move|p2a: Weezing|Strange Steam|p1a: Jalter
|-resisted|p1a: Jalter
|-damage|p1a: Jalter|89/100
|
|-end|p1a: Jalter|move: Future Sight
|-damage|p1a: Jalter|55/100
|-heal|p1a: Jalter|61/100|[from] item: Leftovers
|upkeep
|turn|12
|
|t:|1757788997
|-end|p2a: Weezing|ability: Neutralizing Gas
|switch|p2a: Alomomola|Alomomola, F|42/100
|move|p1a: Jalter|Bitter Blade|p2a: Alomomola
|-resisted|p2a: Alomomola
|-damage|p2a: Alomomola|32/100
|-heal|p1a: Jalter|70/100|[from] drain|[of] p2a: Alomomola
|
|-heal|p1a: Jalter|76/100|[from] item: Leftovers
|upkeep
|turn|13
|
|t:|1757789002
|switch|p1a: M'affald|Weezing-Galar, M|88/100
|-ability|p1a: M'affald|Neutralizing Gas
|move|p2a: Alomomola|Flip Turn|p1a: M'affald
|-damage|p1a: M'affald|77/100
|
|t:|1757789005
|switch|p2a: Slowking|Slowking-Galar, M|100/100|[from] Flip Turn
|
|upkeep
|turn|14
|
|t:|1757789013
|-end|p1a: M'affald|ability: Neutralizing Gas
|switch|p1a: Jalter|Ceruledge, F|76/100
|move|p2a: Slowking|Sludge Bomb|p1a: Jalter
|-resisted|p1a: Jalter
|-damage|p1a: Jalter|64/100
|
|-heal|p1a: Jalter|70/100|[from] item: Leftovers
|upkeep
|turn|15
|
|t:|1757789017
|move|p1a: Jalter|Poltergeist|p2a: Slowking
|-activate|p2a: Slowking|move: Poltergeist|Heavy-Duty Boots
|-supereffective|p2a: Slowking
|-damage|p2a: Slowking|5/100
|move|p2a: Slowking|Thunder Wave|p1a: Jalter
|-status|p1a: Jalter|par
|
|-heal|p1a: Jalter|76/100 par|[from] item: Leftovers
|upkeep
|turn|16
|
|t:|1757789022
|switch|p2a: Alomomola|Alomomola, F|32/100
|cant|p1a: Jalter|par
|
|-heal|p1a: Jalter|82/100 par|[from] item: Leftovers
|upkeep
|turn|17
|
|t:|1757789026
|switch|p1a: M'affald|Weezing-Galar, M|77/100
|-ability|p1a: M'affald|Neutralizing Gas
|move|p2a: Alomomola|Wish|p2a: Alomomola
|
|upkeep
|turn|18
|
|t:|1757789035
|move|p2a: Alomomola|Protect|p2a: Alomomola
|-singleturn|p2a: Alomomola|Protect
|move|p1a: M'affald|Sludge Bomb|p2a: Alomomola
|-activate|p2a: Alomomola|move: Protect
|
|-heal|p2a: Alomomola|82/100|[from] move: Wish|[wisher] Alomomola
|upkeep
|turn|19
|
|t:|1757789037
|switch|p2a: Slowking|Slowking-Galar, M|38/100
|move|p1a: M'affald|Sludge Bomb|p2a: Slowking
|-resisted|p2a: Slowking
|-damage|p2a: Slowking|29/100
|
|upkeep
|turn|20
|
|t:|1757789045
|-end|p1a: M'affald|ability: Neutralizing Gas
|switch|p1a: Ironhyde|Cobalion|65/100
|move|p2a: Slowking|Sludge Bomb|p1a: Ironhyde
|-immune|p1a: Ironhyde
|
|upkeep
|turn|21
|
|t:|1757789049
|switch|p2a: Ting-Lu|Ting-Lu|64/100 brn
|-ability|p2a: Ting-Lu|Vessel of Ruin
|move|p1a: Ironhyde|Stealth Rock|p2a: Ting-Lu
|-sidestart|p2: monkey ramen|move: Stealth Rock
|
|-heal|p2a: Ting-Lu|70/100 brn|[from] item: Leftovers
|-damage|p2a: Ting-Lu|64/100 brn|[from] brn
|upkeep
|turn|22
|
|t:|1757789055
|switch|p2a: Alomomola|Alomomola, F|82/100
|move|p1a: Ironhyde|Body Press|p2a: Alomomola
|-crit|p2a: Alomomola
|-damage|p2a: Alomomola|49/100
|
|upkeep
|turn|23
|
|t:|1757789059
|move|p1a: Ironhyde|Volt Switch|p2a: Alomomola
|-supereffective|p2a: Alomomola
|-damage|p2a: Alomomola|15/100
|
|t:|1757789062
|switch|p1a: M'affald|Weezing-Galar, M|77/100|[from] Volt Switch
|-ability|p1a: M'affald|Neutralizing Gas
|move|p2a: Alomomola|Wish|p2a: Alomomola
|
|upkeep
|turn|24
|
|t:|1757789066
|move|p1a: M'affald|Will-O-Wisp|p2a: Alomomola
|-status|p2a: Alomomola|brn
|move|p2a: Alomomola|Flip Turn|p1a: M'affald
|-damage|p1a: M'affald|72/100
|
|t:|1757789071
|switch|p2a: Slowking|Slowking-Galar, M|62/100|[from] Flip Turn
|
|-heal|p2a: Slowking|100/100|[from] move: Wish|[wisher] Alomomola
|upkeep
|turn|25
|
|t:|1757789080
|-end|p1a: M'affald|ability: Neutralizing Gas
|switch|p1a: Ironhyde|Cobalion|65/100
|move|p2a: Slowking|Future Sight|p1a: Ironhyde
|-start|p2a: Slowking|move: Future Sight
|
|upkeep
|turn|26
|
|t:|1757789085
|move|p1a: Ironhyde|Body Press|p2a: Slowking
|-resisted|p2a: Slowking
|-damage|p2a: Slowking|90/100
|-prepare|p2a: Slowking|Chilly Reception|[premajor]
|move|p2a: Slowking|Chilly Reception|p2a: Slowking
|-weather|Snowscape
|
|t:|1757789088
|switch|p2a: Alomomola|Alomomola, F|15/100 brn|[from] Chilly Reception
|
|-weather|Snowscape|[upkeep]
|-damage|p2a: Alomomola|8/100 brn|[from] brn
|upkeep
|turn|27
|
|t:|1757789096
|switch|p2a: Slowking|Slowking-Galar, M|100/100
|move|p1a: Ironhyde|Volt Switch|p2a: Slowking
|-damage|p2a: Slowking|91/100
|
|t:|1757789100
|switch|p1a: Satsuki|Lokix, F, shiny|100/100|[from] Volt Switch
|
|-weather|Snowscape|[upkeep]
|-end|p1a: Satsuki|move: Future Sight
|-immune|p1a: Satsuki
|upkeep
|turn|28
|
|t:|1757789104
|switch|p2a: Weezing|Weezing-Galar, F|75/100
|-ability|p2a: Weezing|Neutralizing Gas
|-damage|p2a: Weezing|63/100|[from] Stealth Rock
|move|p1a: Satsuki|Knock Off|p2a: Weezing
|-resisted|p2a: Weezing
|-damage|p2a: Weezing|48/100
|
|-weather|Snowscape|[upkeep]
|upkeep
|turn|29
|
|t:|1757789109
|switch|p1a: Jalter|Ceruledge, F|82/100 par
|move|p2a: Weezing|Pain Split|p1a: Jalter
|-sethp|p1a: Jalter|65/100 par|[from] move: Pain Split|[silent]
|-sethp|p2a: Weezing|66/100|[from] move: Pain Split
|
|-weather|Snowscape|[upkeep]
|-heal|p1a: Jalter|71/100 par|[from] item: Leftovers
|upkeep
|turn|30
|
|t:|1757789114
|move|p2a: Weezing|Defog|p1a: Jalter
|-unboost|p1a: Jalter|evasion|1
|-sideend|p2: monkey ramen|Stealth Rock|[from] move: Defog|[of] p2a: Weezing
|move|p1a: Jalter|Poltergeist||[still]
|-fail|p1a: Jalter
|
|-weather|none
|-heal|p1a: Jalter|77/100 par|[from] item: Leftovers
|upkeep
|turn|31
|
|t:|1757789117
|-end|p2a: Weezing|ability: Neutralizing Gas
|switch|p2a: Alomomola|Alomomola, F|42/100 brn
|move|p1a: Jalter|Bitter Blade|p2a: Alomomola
|-resisted|p2a: Alomomola
|-damage|p2a: Alomomola|31/100 brn
|-heal|p1a: Jalter|85/100 par|[from] drain|[of] p2a: Alomomola
|
|-heal|p1a: Jalter|91/100 par|[from] item: Leftovers
|-damage|p2a: Alomomola|25/100 brn|[from] brn
|upkeep
|turn|32
|
|t:|1757789126
|switch|p1a: Ironhyde|Cobalion|65/100
|move|p2a: Alomomola|Flip Turn|p1a: Ironhyde
|-damage|p1a: Ironhyde|60/100
|-damage|p2a: Alomomola|9/100 brn|[from] item: Rocky Helmet|[of] p1a: Ironhyde
|
|t:|1757789135
|switch|p2a: Dragapult|Dragapult, M|100/100|[from] Flip Turn
|
|upkeep
|turn|33
|
|t:|1757789141
|switch|p1a: Pantheon|Arboliva, M|100/100
|move|p2a: Dragapult|Will-O-Wisp|p1a: Pantheon
|-status|p1a: Pantheon|brn
|
|-damage|p1a: Pantheon|94/100 brn|[from] brn
|upkeep
|turn|34
|
|t:|1757789147
|move|p2a: Dragapult|U-turn|p1a: Pantheon
|-supereffective|p1a: Pantheon
|-damage|p1a: Pantheon|55/100 brn
|-fieldstart|move: Grassy Terrain|[from] ability: Seed Sower|[of] p1a: Pantheon
|
|t:|1757789149
|switch|p2a: Lokix|Lokix, F|84/100|[from] U-turn
|move|p1a: Pantheon|Earth Power|p2a: Lokix
|-resisted|p2a: Lokix
|-damage|p2a: Lokix|54/100
|
|-heal|p2a: Lokix|60/100|[from] Grassy Terrain
|-heal|p1a: Pantheon|62/100 brn|[from] Grassy Terrain
|-damage|p1a: Pantheon|55/100 brn|[from] brn
|upkeep
|turn|35
|
|t:|1757789153
|switch|p1a: M'affald|Weezing-Galar, M|72/100
|-ability|p1a: M'affald|Neutralizing Gas
|move|p2a: Lokix|U-turn|p1a: M'affald
|-resisted|p1a: M'affald
|-damage|p1a: M'affald|64/100
|
|t:|1757789158
|switch|p2a: Slowking|Slowking-Galar, M|100/100|[from] U-turn
|
|-heal|p1a: M'affald|70/100|[from] Grassy Terrain
|upkeep
|turn|36
|
|t:|1757789166
|-end|p1a: M'affald|ability: Neutralizing Gas
|switch|p1a: Satsuki|Lokix, F, shiny|100/100
|move|p2a: Slowking|Future Sight|p1a: Satsuki
|-start|p2a: Slowking|move: Future Sight
|
|upkeep
|turn|37
|
|t:|1757789169
|switch|p2a: Weezing|Weezing-Galar, F|66/100
|-ability|p2a: Weezing|Neutralizing Gas
|move|p1a: Satsuki|U-turn|p2a: Weezing
|-resisted|p2a: Weezing
|-damage|p2a: Weezing|57/100
|
|t:|1757789172
|switch|p1a: Iverson|Latios, M|100/100|[from] U-turn
|
|-heal|p2a: Weezing|63/100|[from] Grassy Terrain
|upkeep
|turn|38
|
|t:|1757789181
|move|p1a: Iverson|Flip Turn|p2a: Weezing
|-damage|p2a: Weezing|56/100
|
|t:|1757789185
|switch|p1a: Jalter|Ceruledge, F|91/100 par|[from] Flip Turn
|move|p2a: Weezing|Strange Steam|p1a: Jalter
|-resisted|p1a: Jalter
|-damage|p1a: Jalter|81/100 par
|
|-end|p1a: Jalter|move: Future Sight
|-damage|p1a: Jalter|48/100 par
|-heal|p2a: Weezing|62/100|[from] Grassy Terrain
|-heal|p1a: Jalter|54/100 par|[from] Grassy Terrain
|-heal|p1a: Jalter|61/100 par|[from] item: Leftovers
|-fieldend|move: Grassy Terrain
|upkeep
|turn|39
|
|t:|1757789193
|-end|p2a: Weezing|ability: Neutralizing Gas
|switch|p2a: Alomomola|Alomomola, F|42/100 brn
|switch|p1a: Satsuki|Lokix, F, shiny|100/100
|
|-damage|p2a: Alomomola|36/100 brn|[from] brn
|upkeep
|turn|40
|
|t:|1757789200
|switch|p2a: Weezing|Weezing-Galar, F|62/100
|-ability|p2a: Weezing|Neutralizing Gas
|move|p1a: Satsuki|U-turn|p2a: Weezing
|-resisted|p2a: Weezing
|-damage|p2a: Weezing|53/100
|
|t:|1757789203
|switch|p1a: Iverson|Latios, M|100/100|[from] U-turn
|
|upkeep
|turn|41
|
|t:|1757789207
|-end|p2a: Weezing|ability: Neutralizing Gas
|switch|p2a: Slowking|Slowking-Galar, M|100/100
|move|p1a: Iverson|Flip Turn|p2a: Slowking
|-damage|p2a: Slowking|89/100
|
|t:|1757789211
|switch|p1a: Satsuki|Lokix, F, shiny|100/100|[from] Flip Turn
|
|upkeep
|turn|42
|
|t:|1757789213
|switch|p2a: Alomomola|Alomomola, F|69/100 brn
|move|p1a: Satsuki|U-turn|p2a: Alomomola
|-damage|p2a: Alomomola|42/100 brn
|
|t:|1757789216
|switch|p1a: M'affald|Weezing-Galar, M|70/100|[from] U-turn
|-ability|p1a: M'affald|Neutralizing Gas
|
|-damage|p2a: Alomomola|36/100 brn|[from] brn
|upkeep
|turn|43
|
|t:|1757789219
|-end|p1a: M'affald|ability: Neutralizing Gas
|switch|p1a: Satsuki|Lokix, F, shiny|100/100
|switch|p2a: Slowking|Slowking-Galar, M|100/100
|
|upkeep
|turn|44
|
|t:|1757789222
|move|p1a: Satsuki|U-turn|p2a: Slowking
|-damage|p2a: Slowking|52/100
|
|t:|1757789225
|switch|p1a: Jalter|Ceruledge, F|61/100 par|[from] U-turn
|move|p2a: Slowking|Sludge Bomb|p1a: Jalter
|-resisted|p1a: Jalter
|-damage|p1a: Jalter|48/100 par
|
|-heal|p1a: Jalter|54/100 par|[from] item: Leftovers
|upkeep
|turn|45
|
|t:|1757789229
|switch|p1a: Satsuki|Lokix, F, shiny|100/100
|switch|p2a: Alomomola|Alomomola, F|69/100 brn
|
|-damage|p2a: Alomomola|63/100 brn|[from] brn
|upkeep
|turn|46
|
|t:|1757789235
|move|p1a: Satsuki|Knock Off|p2a: Alomomola
|-damage|p2a: Alomomola|27/100 brn
|-enditem|p2a: Alomomola|Heavy-Duty Boots|[from] move: Knock Off|[of] p1a: Satsuki
|move|p2a: Alomomola|Wish|p2a: Alomomola
|
|-damage|p2a: Alomomola|21/100 brn|[from] brn
|upkeep
|turn|47
|
|t:|1757789245
|switch|p1a: Ironhyde|Cobalion|60/100
|move|p2a: Alomomola|Protect||[still]
|-fail|p2a: Alomomola
|
|-heal|p2a: Alomomola|71/100 brn|[from] move: Wish|[wisher] Alomomola
|-damage|p2a: Alomomola|65/100 brn|[from] brn
|upkeep
|turn|48
|
|t:|1757789253
|move|p1a: Ironhyde|Stealth Rock|p2a: Alomomola
|-sidestart|p2: monkey ramen|move: Stealth Rock
|move|p2a: Alomomola|Scald|p1a: Ironhyde
|-damage|p1a: Ironhyde|42/100
|-status|p1a: Ironhyde|brn
|
|-damage|p1a: Ironhyde|36/100 brn|[from] brn
|-damage|p2a: Alomomola|58/100 brn|[from] brn
|upkeep
|turn|49
|
|t:|1757789258
|move|p1a: Ironhyde|Volt Switch|p2a: Alomomola
|-supereffective|p2a: Alomomola
|-damage|p2a: Alomomola|21/100 brn
|
|t:|1757789262
|switch|p1a: M'affald|Weezing-Galar, M|70/100|[from] Volt Switch
|-ability|p1a: M'affald|Neutralizing Gas
|move|p2a: Alomomola|Wish|p2a: Alomomola
|
|-damage|p2a: Alomomola|15/100 brn|[from] brn
|upkeep
|turn|50
|
|t:|1757789268
|-end|p1a: M'affald|ability: Neutralizing Gas
|switch|p1a: Satsuki|Lokix, F, shiny|100/100
|move|p2a: Alomomola|Protect||[still]
|-fail|p2a: Alomomola
|
|-heal|p2a: Alomomola|65/100 brn|[from] move: Wish|[wisher] Alomomola
|-damage|p2a: Alomomola|59/100 brn|[from] brn
|upkeep
|turn|51
|
|t:|1757789273
|move|p1a: Satsuki|U-turn|p2a: Alomomola
|-damage|p2a: Alomomola|32/100 brn
|
|t:|1757789275
|switch|p1a: Iverson|Latios, M|100/100|[from] U-turn
|move|p2a: Alomomola|Wish|p2a: Alomomola
|
|-damage|p2a: Alomomola|26/100 brn|[from] brn
|upkeep
|turn|52
|
|t:|1757789277
|move|p1a: Iverson|Draco Meteor|p2a: Alomomola
|-damage|p2a: Alomomola|0 fnt
|-unboost|p1a: Iverson|spa|2
|faint|p2a: Alomomola
|
|upkeep
|
|t:|1757789281
|switch|p2a: Dragapult|Dragapult, M|100/100
|turn|53
|
|t:|1757789285
|switch|p2a: Slowking|Slowking-Galar, M|85/100
|move|p1a: Iverson|Draco Meteor|p2a: Slowking
|-damage|p2a: Slowking|63/100
|-unboost|p1a: Iverson|spa|2
|
|upkeep
|turn|54
|
|t:|1757789289
|switch|p1a: Ironhyde|Cobalion|36/100 brn
|-prepare|p2a: Slowking|Chilly Reception|[premajor]
|move|p2a: Slowking|Chilly Reception|p2a: Slowking
|-weather|Snowscape
|
|t:|1757789292
|switch|p2a: Dragapult|Dragapult, M|100/100|[from] Chilly Reception
|
|-weather|Snowscape|[upkeep]
|-damage|p1a: Ironhyde|30/100 brn|[from] brn
|upkeep
|turn|55
|
|t:|1757789295
|switch|p1a: Pantheon|Arboliva, M|55/100 brn
|move|p2a: Dragapult|Hex|p1a: Pantheon
|-immune|p1a: Pantheon
|
|-weather|Snowscape|[upkeep]
|-damage|p1a: Pantheon|49/100 brn|[from] brn
|upkeep
|turn|56
|
|t:|1757789298
|move|p2a: Dragapult|Dragon Darts|p1a: Pantheon
|-damage|p1a: Pantheon|29/100 brn
|-fieldstart|move: Grassy Terrain|[from] ability: Seed Sower|[of] p1a: Pantheon
|-anim|p2a: Dragapult|Dragon Darts|p1a: Pantheon
|-damage|p1a: Pantheon|7/100 brn
|move|p1a: Pantheon|Giga Drain|p2a: Dragapult
|-resisted|p2a: Dragapult
|-damage|p2a: Dragapult|62/100
|-heal|p1a: Pantheon|25/100 brn|[from] drain|[of] p2a: Dragapult
|
|-weather|Snowscape|[upkeep]
|-heal|p2a: Dragapult|68/100|[from] Grassy Terrain
|-heal|p1a: Pantheon|31/100 brn|[from] Grassy Terrain
|-damage|p1a: Pantheon|25/100 brn|[from] brn
|upkeep
|turn|57
|
|t:|1757789301
|switch|p1a: M'affald|Weezing-Galar, M|70/100
|-ability|p1a: M'affald|Neutralizing Gas
|move|p2a: Dragapult|Dragon Darts|p1a: M'affald
|-immune|p1a: M'affald
|
|-weather|Snowscape|[upkeep]
|-heal|p2a: Dragapult|74/100|[from] Grassy Terrain
|-heal|p1a: M'affald|76/100|[from] Grassy Terrain
|upkeep
|turn|58
|
|t:|1757789305
|-end|p1a: M'affald|ability: Neutralizing Gas
|switch|p1a: Jalter|Ceruledge, F|54/100 par
|move|p2a: Dragapult|U-turn|p1a: Jalter
|-resisted|p1a: Jalter
|-damage|p1a: Jalter|49/100 par
|
|t:|1757789313
|switch|p2a: Lokix|Lokix, F|60/100|[from] U-turn
|-damage|p2a: Lokix|35/100|[from] Stealth Rock
|
|-weather|none
|-heal|p2a: Lokix|41/100|[from] Grassy Terrain
|-heal|p1a: Jalter|55/100 par|[from] Grassy Terrain
|-heal|p1a: Jalter|61/100 par|[from] item: Leftovers
|upkeep
|turn|59
|
|t:|1757789316
|switch|p1a: M'affald|Weezing-Galar, M|76/100
|-ability|p1a: M'affald|Neutralizing Gas
|move|p2a: Lokix|Leech Life|p1a: M'affald
|-resisted|p1a: M'affald
|-damage|p1a: M'affald|66/100
|-heal|p2a: Lokix|47/100|[from] drain|[of] p1a: M'affald
|
|-heal|p2a: Lokix|54/100|[from] Grassy Terrain
|-heal|p1a: M'affald|72/100|[from] Grassy Terrain
|upkeep
|turn|60
|
|t:|1757789329
|switch|p2a: Slowking|Slowking-Galar, M|97/100
|-end|p1a: M'affald|ability: Neutralizing Gas
|switch|p1a: Satsuki|Lokix, F, shiny|100/100
|
|-heal|p2a: Slowking|100/100|[from] Grassy Terrain
|-fieldend|move: Grassy Terrain
|upkeep
|turn|61
|
|t:|1757789333
|switch|p2a: Weezing|Weezing-Galar, F|53/100
|-ability|p2a: Weezing|Neutralizing Gas
|-damage|p2a: Weezing|41/100|[from] Stealth Rock
|move|p1a: Satsuki|U-turn|p2a: Weezing
|-resisted|p2a: Weezing
|-damage|p2a: Weezing|33/100
|
|t:|1757789339
|switch|p1a: Ironhyde|Cobalion|30/100 brn|[from] U-turn
|
|-damage|p1a: Ironhyde|24/100 brn|[from] brn
|upkeep
|turn|62
|
|t:|1757789343
|move|p1a: Ironhyde|Steel Beam|p2a: Weezing
|-supereffective|p2a: Weezing
|-damage|p2a: Weezing|0 fnt
|-damage|p1a: Ironhyde|0 fnt|[from] steelbeam
|faint|p1a: Ironhyde
|faint|p2a: Weezing
|-end|p2a: Weezing|ability: Neutralizing Gas
|
|upkeep
|
|t:|1757789351
|switch|p1a: Iverson|Latios, M|100/100
|switch|p2a: Dragapult|Dragapult, M|74/100
|turn|63
|
|t:|1757789356
|switch|p2a: Slowking|Slowking-Galar, M|100/100
|move|p1a: Iverson|Flip Turn|p2a: Slowking
|-damage|p2a: Slowking|89/100
|
|t:|1757789359
|switch|p1a: Satsuki|Lokix, F, shiny|100/100|[from] Flip Turn
|
|upkeep
|turn|64
|
|t:|1757789364
|switch|p2a: Ting-Lu|Ting-Lu|64/100 brn
|-damage|p2a: Ting-Lu|57/100 brn|[from] Stealth Rock
|-ability|p2a: Ting-Lu|Vessel of Ruin
|move|p1a: Satsuki|Knock Off|p2a: Ting-Lu
|-resisted|p2a: Ting-Lu
|-crit|p2a: Ting-Lu
|-damage|p2a: Ting-Lu|2/100 brn
|-enditem|p2a: Ting-Lu|Leftovers|[from] move: Knock Off|[of] p1a: Satsuki
|
|-damage|p2a: Ting-Lu|0 fnt|[from] brn
|faint|p2a: Ting-Lu
|upkeep
|
|t:|1757789369
|switch|p2a: Dragapult|Dragapult, M|74/100
|turn|65
|
|t:|1757789373
|switch|p1a: Pantheon|Arboliva, M|25/100 brn
|move|p2a: Dragapult|U-turn|p1a: Pantheon
|-supereffective|p1a: Pantheon
|-damage|p1a: Pantheon|0 fnt
|-fieldstart|move: Grassy Terrain|[from] ability: Seed Sower|[of] p1a: Pantheon
|faint|p1a: Pantheon
|
|t:|1757789376
|switch|p2a: Lokix|Lokix, F|54/100|[from] U-turn
|-damage|p2a: Lokix|29/100|[from] Stealth Rock
|
|-heal|p2a: Lokix|35/100|[from] Grassy Terrain
|upkeep
|
|t:|1757789379
|switch|p1a: M'affald|Weezing-Galar, M|72/100
|-ability|p1a: M'affald|Neutralizing Gas
|turn|66
|
|t:|1757789382
|move|p2a: Lokix|U-turn|p1a: M'affald
|-resisted|p1a: M'affald
|-damage|p1a: M'affald|64/100
|
|t:|1757789384
|switch|p2a: Slowking|Slowking-Galar, M|100/100|[from] U-turn
|move|p1a: M'affald|Will-O-Wisp|p2a: Slowking
|-status|p2a: Slowking|brn
|
|-heal|p1a: M'affald|70/100|[from] Grassy Terrain
|-damage|p2a: Slowking|94/100 brn|[from] brn
|upkeep
|turn|67
|
|t:|1757789390
|-end|p1a: M'affald|ability: Neutralizing Gas
|switch|p1a: Jalter|Ceruledge, F|61/100 par
|-prepare|p2a: Slowking|Chilly Reception|[premajor]
|move|p2a: Slowking|Chilly Reception|p2a: Slowking
|-weather|Snowscape
|
|t:|1757789393
|switch|p2a: Dragapult|Dragapult, M|74/100|[from] Chilly Reception
|
|-weather|Snowscape|[upkeep]
|-heal|p2a: Dragapult|80/100|[from] Grassy Terrain
|-heal|p1a: Jalter|67/100 par|[from] Grassy Terrain
|-heal|p1a: Jalter|73/100 par|[from] item: Leftovers
|upkeep
|turn|68
|
|t:|1757789395
|cant|p1a: Jalter|par
|move|p2a: Dragapult|Hex|p1a: Jalter
|-supereffective|p1a: Jalter
|-damage|p1a: Jalter|0 fnt
|faint|p1a: Jalter
|
|-weather|Snowscape|[upkeep]
|-heal|p2a: Dragapult|86/100|[from] Grassy Terrain
|upkeep
|
|t:|1757789397
|switch|p1a: Iverson|Latios, M|100/100
|turn|69
|
|t:|1757789401
|switch|p2a: Slowking|Slowking-Galar, M|100/100 brn
|move|p1a: Iverson|Luster Purge|p2a: Slowking
|-damage|p2a: Slowking|68/100 brn
|
|-weather|Snowscape|[upkeep]
|-heal|p2a: Slowking|74/100 brn|[from] Grassy Terrain
|-damage|p2a: Slowking|68/100 brn|[from] brn
|-fieldend|move: Grassy Terrain
|upkeep
|turn|70
|
|t:|1757789405
|switch|p1a: Satsuki|Lokix, F, shiny|100/100
|-prepare|p2a: Slowking|Chilly Reception|[premajor]
|move|p2a: Slowking|Chilly Reception|p2a: Slowking
|
|t:|1757789407
|switch|p2a: Dragapult|Dragapult, M|86/100|[from] Chilly Reception
|
|-weather|Snowscape|[upkeep]
|upkeep
|turn|71
|
|t:|1757789411
|-terastallize|p1a: Satsuki|Bug
|move|p1a: Satsuki|First Impression|p2a: Dragapult
|-resisted|p2a: Dragapult
|-damage|p2a: Dragapult|0 fnt
|faint|p2a: Dragapult
|
|-weather|none
|upkeep
|c|☆monkey ramen|gg
|-message|monkey ramen forfeited.
|
|win|YumeKasumi76
|raw|YumeKasumi76's rating: 1537 &rarr; <strong>1557</strong><br />(+20 for winning)
|raw|monkey ramen's rating: 1529 &rarr; <strong>1509</strong><br />(-20 for losing)
|l|☆monkey ramen
|player|p2|
|l|☆YumeKasumi76
|player|p1|
