|j|☆GarbagioFilth
|j|☆Escavalier Esquire
|t:|1757787739
|gametype|singles
|player|p1|GarbagioFilth|byron|1416
|player|p2|Escavalier Esquire|gentleman-gen4|1413
|gen|9
|tier|[Gen 9] OU
|rated|
|rule|HP Percentage Mod: HP is shown in percentages
|rule|Endless Battle Clause: Forcing endless battles is banned
|rule|Species Clause: Limit one of each Pokémon
|rule|OHKO Clause: OHKO moves are banned
|rule|Evasion Items Clause: Evasion items are banned
|rule|Evasion Moves Clause: Evasion moves are banned
|rule|Evasion Abilities Clause: Evasion abilities are banned
|rule|Sleep Moves Clause: Sleep-inducing moves are banned
|clearpoke
|poke|p1|Dondozo, F|
|poke|p1|Blissey, F|
|poke|p1|Corviknight, F|
|poke|p1|Weezing-Galar, F|
|poke|p1|Gliscor, M|
|poke|p1|Toxapex, M|
|poke|p2|Torterra, F|
|poke|p2|Garchomp, F|
|poke|p2|Sylveon, M|
|poke|p2|Dragonite, F|
|poke|p2|Kingambit, F|
|poke|p2|Volcanion|
|teampreview
|inactive|Battle timer is ON: inactive players will automatically lose when time's up. (requested by Escavalier Esquire)
|
|t:|1757787763
|teamsize|p1|6
|teamsize|p2|6
|start
|switch|p1a: Stallmate|Gliscor, M|100/100
|switch|p2a: Ivan|Torterra, F|100/100
|turn|1
|
|t:|1757787780
|move|p1a: Stallmate|Protect|p1a: Stallmate
|-singleturn|p1a: Stallmate|Protect
|move|p2a: Ivan|Shell Smash|p2a: Ivan
|-unboost|p2a: Ivan|def|1
|-unboost|p2a: Ivan|spd|1
|-boost|p2a: Ivan|atk|2
|-boost|p2a: Ivan|spa|2
|-boost|p2a: Ivan|spe|2
|
|-status|p1a: Stallmate|tox|[from] item: Toxic Orb
|upkeep
|turn|2
|inactive|GarbagioFilth has 120 seconds left.
|
|t:|1757787827
|switch|p1a: Stalinski|Corviknight, F|100/100
|-ability|p1a: Stalinski|Pressure
|move|p2a: Ivan|Wood Hammer|p1a: Stalinski
|-resisted|p1a: Stalinski
|-damage|p1a: Stalinski|77/100
|-damage|p2a: Ivan|91/100|[from] Recoil
|
|-heal|p1a: Stalinski|83/100|[from] item: Leftovers
|upkeep
|turn|3
|inactive|Escavalier Esquire has 120 seconds left.
|
|t:|1757787867
|move|p2a: Ivan|Shell Smash|p2a: Ivan
|-unboost|p2a: Ivan|def|1
|-unboost|p2a: Ivan|spd|1
|-boost|p2a: Ivan|atk|2
|-boost|p2a: Ivan|spa|2
|-boost|p2a: Ivan|spe|2
|move|p1a: Stalinski|Iron Defense|p1a: Stalinski
|-boost|p1a: Stalinski|def|2
|
|-heal|p1a: Stalinski|90/100|[from] item: Leftovers
|upkeep
|turn|4
|inactive|Escavalier Esquire has 120 seconds left.
|
|t:|1757787883
|switch|p2a: Literally Me|Volcanion|100/100
|move|p1a: Stalinski|Body Press|p2a: Literally Me
|-damage|p2a: Literally Me|50/100
|
|-heal|p1a: Stalinski|96/100|[from] item: Leftovers
|upkeep
|turn|5
|
|t:|1757787909
|switch|p1a: Stallking|Toxapex, M|100/100
|move|p2a: Literally Me|Fire Blast|p1a: Stallking
|-resisted|p1a: Stallking
|-damage|p1a: Stallking|70/100
|
|-heal|p1a: Stallking|76/100|[from] item: Leftovers
|upkeep
|turn|6
|
|t:|1757787937
|switch|p2a: Ivan|Torterra, F|91/100
|move|p1a: Stallking|Toxic|p2a: Ivan
|-status|p2a: Ivan|tox
|
|-heal|p1a: Stallking|82/100|[from] item: Leftovers
|-damage|p2a: Ivan|85/100 tox|[from] psn
|upkeep
|turn|7
|
|t:|1757787942
|switch|p1a: Stalinski|Corviknight, F|96/100
|-ability|p1a: Stalinski|Pressure
|move|p2a: Ivan|Shell Smash|p2a: Ivan
|-unboost|p2a: Ivan|def|1
|-unboost|p2a: Ivan|spd|1
|-boost|p2a: Ivan|atk|2
|-boost|p2a: Ivan|spa|2
|-boost|p2a: Ivan|spe|2
|
|-heal|p1a: Stalinski|100/100|[from] item: Leftovers
|-damage|p2a: Ivan|73/100 tox|[from] psn
|upkeep
|turn|8
|inactive|Escavalier Esquire has 90 seconds left.
|
|t:|1757787995
|-terastallize|p2a: Ivan|Rock
|move|p2a: Ivan|Stone Edge|p1a: Stalinski|[miss]
|-miss|p2a: Ivan|p1a: Stalinski
|move|p1a: Stalinski|Iron Defense|p1a: Stalinski
|-boost|p1a: Stalinski|def|2
|
|-damage|p2a: Ivan|55/100 tox|[from] psn
|upkeep
|turn|9
|inactive|Escavalier Esquire has 60 seconds left.
|
|t:|1757788019
|move|p2a: Ivan|Stone Edge|p1a: Stalinski
|-damage|p1a: Stalinski|70/100
|move|p1a: Stalinski|Iron Defense|p1a: Stalinski
|-boost|p1a: Stalinski|def|2
|
|-heal|p1a: Stalinski|77/100|[from] item: Leftovers
|-damage|p2a: Ivan|31/100 tox|[from] psn
|upkeep
|turn|10
|
|t:|1757788031
|move|p2a: Ivan|Stone Edge|p1a: Stalinski|[miss]
|-miss|p2a: Ivan|p1a: Stalinski
|move|p1a: Stalinski|Body Press|p2a: Ivan
|-supereffective|p2a: Ivan
|-damage|p2a: Ivan|0 fnt
|faint|p2a: Ivan
|
|-heal|p1a: Stalinski|83/100|[from] item: Leftovers
|upkeep
|
|t:|1757788035
|switch|p2a: Literally Me|Volcanion|50/100
|turn|11
|inactive|GarbagioFilth has 120 seconds left.
|
|t:|1757788045
|switch|p1a: Stallking|Toxapex, M|100/100
|move|p2a: Literally Me|Earth Power|p1a: Stallking
|-supereffective|p1a: Stallking
|-damage|p1a: Stallking|34/100
|
|-heal|p1a: Stallking|40/100|[from] item: Leftovers
|upkeep
|turn|12
|inactive|GarbagioFilth has 120 seconds left.
|inactive|Escavalier Esquire has 90 seconds left.
|
|t:|1757788061
|switch|p1a: Stallmate|Gliscor, M|100/100 tox
|move|p2a: Literally Me|Earth Power|p1a: Stallmate
|-immune|p1a: Stallmate
|
|upkeep
|turn|13
|inactive|GarbagioFilth has 120 seconds left.
|inactive|Escavalier Esquire has 90 seconds left.
|
|t:|1757788073
|switch|p2a: Ryan Gosling|Kingambit, F|100/100
|-activate|p2a: Ryan Gosling|ability: Supreme Overlord
|-start|p2a: Ryan Gosling|fallen1|[silent]
|move|p1a: Stallmate|Protect||[still]
|-fail|p1a: Stallmate
|
|upkeep
|turn|14
|inactive|GarbagioFilth has 120 seconds left.
|inactive|Escavalier Esquire has 90 seconds left.
|
|t:|1757788100
|move|p1a: Stallmate|Earthquake|p2a: Ryan Gosling
|-supereffective|p2a: Ryan Gosling
|-damage|p2a: Ryan Gosling|45/100
|move|p2a: Ryan Gosling|Swords Dance|p2a: Ryan Gosling
|-boost|p2a: Ryan Gosling|atk|2
|
|-heal|p2a: Ryan Gosling|51/100|[from] item: Leftovers
|upkeep
|turn|15
|inactive|GarbagioFilth has 120 seconds left.
|
|t:|1757788112
|switch|p1a: Stalin|Dondozo, F|100/100
|-end|p2a: Ryan Gosling|fallen1|[silent]
|switch|p2a: Puff|Dragonite, F|100/100
|
|upkeep
|turn|16
|inactive|GarbagioFilth has 120 seconds left.
|-message|Escavalier Esquire forfeited.
|
|win|GarbagioFilth
|raw|GarbagioFilth's rating: 1416 &rarr; <strong>1436</strong><br />(+20 for winning)
|raw|Escavalier Esquire's rating: 1413 &rarr; <strong>1393</strong><br />(-20 for losing)
|l|☆Escavalier Esquire
|player|p2|
|l|☆GarbagioFilth
|player|p1|
