|j|☆Broadsword115
|j|☆Funny mustash man
|t:|1757897477
|gametype|singles
|player|p1|Broadsword115|266|1122
|player|p2|Funny mustash man|170|1101
|gen|9
|tier|[Gen 9] OU
|rated|
|rule|HP Percentage Mod: HP is shown in percentages
|rule|Endless Battle Clause: Forcing endless battles is banned
|rule|Species Clause: Limit one of each Pokémon
|rule|OHKO Clause: OHKO moves are banned
|rule|Evasion Items Clause: Evasion items are banned
|rule|Evasion Moves Clause: Evasion moves are banned
|rule|Evasion Abilities Clause: Evasion abilities are banned
|rule|Sleep Moves Clause: Sleep-inducing moves are banned
|clearpoke
|poke|p1|Metagross|
|poke|p1|Zapdos-Galar|
|poke|p1|Swampert, F|
|poke|p1|Zebstrika, M|
|poke|p1|Grimmsnarl, M|
|poke|p1|Brambleghast, F|
|poke|p2|Gliscor, M|
|poke|p2|Scizor, M|
|poke|p2|Ogerpon-Cornerstone, F|
|poke|p2|Kyurem|
|poke|p2|Incineroar, M|
|poke|p2|Raging Bolt|
|teampreview
|
|t:|1757897484
|teamsize|p1|6
|teamsize|p2|6
|start
|switch|p1a: Grimmsnarl|Grimmsnarl, M|100/100
|switch|p2a: Ogerpon|Ogerpon-Cornerstone, F|100/100
|turn|1
|
|t:|1757897496
|move|p1a: Grimmsnarl|Reflect|p1a: Grimmsnarl
|-sidestart|p1: Broadsword115|Reflect
|move|p2a: Ogerpon|Ivy Cudgel|p1a: Grimmsnarl|[anim] Ivy Cudgel Rock
|-damage|p1a: Grimmsnarl|62/100
|
|upkeep
|turn|2
|
|t:|1757897503
|move|p1a: Grimmsnarl|Light Screen|p1a: Grimmsnarl
|-sidestart|p1: Broadsword115|move: Light Screen
|move|p2a: Ogerpon|Brick Break|p1a: Grimmsnarl
|-sideend|p1: Broadsword115|Reflect
|-sideend|p1: Broadsword115|move: Light Screen
|-damage|p1a: Grimmsnarl|24/100
|
|upkeep
|turn|3
|
|t:|1757897509
|move|p1a: Grimmsnarl|Parting Shot|p2a: Ogerpon
|-unboost|p2a: Ogerpon|atk|1
|-unboost|p2a: Ogerpon|spa|1
|
|t:|1757897519
|switch|p1a: Metagross|Metagross, shiny|100/100|[from] Parting Shot
|move|p2a: Ogerpon|Brick Break|p1a: Metagross
|-damage|p1a: Metagross|87/100
|
|upkeep
|turn|4
|
|t:|1757897526
|switch|p2a: Gliscor|Gliscor, M|100/100
|move|p1a: Metagross|Meteor Beam||[still]
|-prepare|p1a: Metagross|Meteor Beam
|-boost|p1a: Metagross|spa|1
|-enditem|p1a: Metagross|Power Herb
|-anim|p1a: Metagross|Meteor Beam|p2a: Gliscor
|-damage|p2a: Gliscor|15/100
|
|-status|p2a: Gliscor|tox|[from] item: Toxic Orb
|upkeep
|turn|5
|
|t:|1757897535
|move|p2a: Gliscor|Knock Off|p1a: Metagross
|-supereffective|p1a: Metagross
|-damage|p1a: Metagross|59/100
|move|p1a: Metagross|Psychic Noise|p2a: Gliscor
|-damage|p2a: Gliscor|0 fnt
|faint|p2a: Gliscor
|
|upkeep
|
|t:|1757897548
|switch|p2a: Incineroar|Incineroar, M|100/100
|-ability|p2a: Incineroar|Intimidate|boost
|-fail|p1a: Metagross|unboost|[from] ability: Clear Body|[of] p1a: Metagross
|turn|6
|inactive|Battle timer is ON: inactive players will automatically lose when time's up. (requested by Funny mustash man)
|
|t:|1757897566
|-terastallize|p1a: Metagross|Water
|move|p1a: Metagross|Meteor Beam||[still]
|-prepare|p1a: Metagross|Meteor Beam
|-boost|p1a: Metagross|spa|1
|move|p2a: Incineroar|Flare Blitz|p1a: Metagross
|-resisted|p1a: Metagross
|-damage|p1a: Metagross|34/100
|-status|p1a: Metagross|brn
|-damage|p2a: Incineroar|93/100|[from] Recoil
|
|-damage|p1a: Metagross|28/100 brn|[from] brn
|upkeep
|turn|7
|
|t:|1757897579
|switch|p2a: Ogerpon|Ogerpon-Cornerstone, F|100/100
|move|p1a: Metagross|Meteor Beam|p2a: Ogerpon|[from] lockedmove
|-crit|p2a: Ogerpon
|-ability|p2a: Ogerpon|Sturdy
|-damage|p2a: Ogerpon|1/100
|
|-damage|p1a: Metagross|22/100 brn|[from] brn
|upkeep
|turn|8
|
|t:|1757897589
|move|p2a: Ogerpon|Horn Leech|p1a: Metagross
|-supereffective|p1a: Metagross
|-damage|p1a: Metagross|0 fnt
|-heal|p2a: Ogerpon|14/100|[from] drain|[of] p1a: Metagross
|faint|p1a: Metagross
|
|upkeep
|
|t:|1757897592
|switch|p1a: Swampert|Swampert, F|100/100
|turn|9
|
|t:|1757897596
|switch|p1a: Zebstrika|Zebstrika, M|100/100
|move|p2a: Ogerpon|Horn Leech|p1a: Zebstrika
|-ability|p1a: Zebstrika|Sap Sipper|boost
|-boost|p1a: Zebstrika|atk|1
|
|upkeep
|turn|10
|
|t:|1757897603
|switch|p2a: Incineroar|Incineroar, M|93/100
|-ability|p2a: Incineroar|Intimidate|boost
|-unboost|p1a: Zebstrika|atk|1
|move|p1a: Zebstrika|Trailblaze|p2a: Incineroar
|-resisted|p2a: Incineroar
|-damage|p2a: Incineroar|84/100
|-boost|p1a: Zebstrika|spe|1
|-damage|p1a: Zebstrika|84/100|[from] item: Rocky Helmet|[of] p2a: Incineroar
|-damage|p1a: Zebstrika|74/100|[from] item: Life Orb
|
|upkeep
|turn|11
|
|t:|1757897613
|switch|p1a: Swampert|Swampert, F|100/100
|move|p2a: Incineroar|Knock Off|p1a: Swampert
|-damage|p1a: Swampert|54/100
|-enditem|p1a: Swampert|Assault Vest|[from] move: Knock Off|[of] p2a: Incineroar
|
|upkeep
|turn|12
|inactive|Broadsword115 has 120 seconds left.
|
|t:|1757897665
|move|p2a: Incineroar|Parting Shot|p1a: Swampert
|-unboost|p1a: Swampert|atk|1
|-unboost|p1a: Swampert|spa|1
|
|t:|1757897672
|switch|p2a: Kyurem|Kyurem|100/100|[from] Parting Shot
|-ability|p2a: Kyurem|Pressure
|move|p1a: Swampert|Flip Turn|p2a: Kyurem
|-resisted|p2a: Kyurem
|-damage|p2a: Kyurem|91/100
|inactive|Broadsword115 has 90 seconds left.
|
|t:|1757897711
|switch|p1a: Zapdos|Zapdos-Galar|100/100|[from] Flip Turn
|
|upkeep
|turn|13
|
|t:|1757897720
|-terastallize|p2a: Kyurem|Dragon
|move|p1a: Zapdos|Close Combat|p2a: Kyurem
|-crit|p2a: Kyurem
|-damage|p2a: Kyurem|4/100
|-unboost|p1a: Zapdos|def|1
|-unboost|p1a: Zapdos|spd|1
|-enditem|p1a: Zapdos|White Herb
|-clearnegativeboost|p1a: Zapdos|[silent]
|move|p2a: Kyurem|Ice Beam|p1a: Zapdos
|-supereffective|p1a: Zapdos
|-damage|p1a: Zapdos|0 fnt
|faint|p1a: Zapdos
|
|upkeep
|
|t:|1757897725
|switch|p1a: Zebstrika|Zebstrika, M|74/100
|turn|14
|
|t:|1757897736
|move|p1a: Zebstrika|Flame Charge|p2a: Kyurem
|-resisted|p2a: Kyurem
|-damage|p2a: Kyurem|0 fnt
|-boost|p1a: Zebstrika|spe|1
|faint|p2a: Kyurem
|-damage|p1a: Zebstrika|64/100|[from] item: Life Orb
|
|upkeep
|
|t:|1757897740
|switch|p2a: Scizor|Scizor, M|100/100
|turn|15
|
|t:|1757897743
|move|p2a: Scizor|Bullet Punch|p1a: Zebstrika
|-resisted|p1a: Zebstrika
|-damage|p1a: Zebstrika|22/100
|-damage|p2a: Scizor|91/100|[from] item: Life Orb
|move|p1a: Zebstrika|Flame Charge|p2a: Scizor
|-supereffective|p2a: Scizor
|-damage|p2a: Scizor|13/100
|-boost|p1a: Zebstrika|spe|1
|-damage|p1a: Zebstrika|13/100|[from] item: Life Orb
|
|upkeep
|turn|16
|
|t:|1757897769
|move|p2a: Scizor|Bullet Punch|p1a: Zebstrika
|-resisted|p1a: Zebstrika
|-damage|p1a: Zebstrika|0 fnt
|faint|p1a: Zebstrika
|-damage|p2a: Scizor|3/100|[from] item: Life Orb
|
|upkeep
|inactive|Broadsword115 has 90 seconds left.
|
|t:|1757897782
|switch|p1a: Grimmsnarl|Grimmsnarl, M|24/100
|turn|17
|inactive|Broadsword115 has 90 seconds left.
|
|t:|1757897813
|move|p2a: Scizor|Bullet Punch|p1a: Grimmsnarl
|-supereffective|p1a: Grimmsnarl
|-damage|p1a: Grimmsnarl|0 fnt
|faint|p1a: Grimmsnarl
|-damage|p2a: Scizor|0 fnt|[from] item: Life Orb
|faint|p2a: Scizor
|
|upkeep
|inactive|Broadsword115 has 60 seconds left.
|inactive|Broadsword115 has 30 seconds left.
|inactive|Broadsword115 has 20 seconds left.
|inactive|Broadsword115 has 15 seconds left.
|inactive|Broadsword115 has 10 seconds left.
|inactive|Broadsword115 has 5 seconds left.
|-message|Broadsword115 lost due to inactivity.
|
|win|Funny mustash man
|raw|Broadsword115's rating: 1122 &rarr; <strong>1095</strong><br />(-27 for losing)
|raw|Funny mustash man's rating: 1101 &rarr; <strong>1128</strong><br />(+27 for winning)
|l|☆Funny mustash man
|player|p2|
