|j|☆bucooo
|j|☆Pokemon of Color
|t:|1757920185
|gametype|singles
|player|p1|bucooo|ingo|1325
|player|p2|Pokemon of Color|265|1304
|gen|9
|tier|[Gen 9] OU
|rated|
|rule|HP Percentage Mod: HP is shown in percentages
|rule|Endless Battle Clause: Forcing endless battles is banned
|rule|Species Clause: Limit one of each Pokémon
|rule|OHKO Clause: OHKO moves are banned
|rule|Evasion Items Clause: Evasion items are banned
|rule|Evasion Moves Clause: Evasion moves are banned
|rule|Evasion Abilities Clause: Evasion abilities are banned
|rule|Sleep Moves Clause: Sleep-inducing moves are banned
|clearpoke
|poke|p1|Slowbro, M|
|poke|p1|Fezandipiti, M|
|poke|p1|Krookodile, F|
|poke|p1|Talonflame, F|
|poke|p1|Zapdos-Galar|
|poke|p1|Porygon-Z|
|poke|p2|Noivern, M|
|poke|p2|Great Tusk|
|poke|p2|Ceruledge, M|
|poke|p2|Articuno-Galar|
|poke|p2|Goodra-Hisui, F|
|poke|p2|Cloyster, F|
|teampreview
|inactive|Battle timer is ON: inactive players will automatically lose when time's up. (requested by bucooo)
|
|t:|1757920200
|teamsize|p1|6
|teamsize|p2|6
|start
|switch|p1a: Zapdos|Zapdos-Galar|100/100
|switch|p2a: Great Tusk|Great Tusk|100/100
|turn|1
|
|t:|1757920227
|-end|p2a: Great Tusk|Protosynthesis|[silent]
|switch|p2a: Cloyster|Cloyster, F|100/100
|move|p1a: Zapdos|U-turn|p2a: Cloyster
|-damage|p2a: Cloyster|83/100
|
|t:|1757920236
|switch|p1a: Porygon-Z|Porygon-Z|100/100|[from] U-turn
|-ability|p1a: Porygon-Z|Download|boost
|-boost|p1a: Porygon-Z|spa|1
|
|upkeep
|turn|2
|
|t:|1757920242
|switch|p2a: Goodra|Goodra-Hisui, F|100/100
|move|p1a: Porygon-Z|Shadow Ball|p2a: Goodra
|-damage|p2a: Goodra|83/100
|
|upkeep
|turn|3
|
|t:|1757920257
|switch|p1a: Krookodile|Krookodile, F|100/100
|-ability|p1a: Krookodile|Intimidate|boost
|-unboost|p2a: Goodra|atk|1
|move|p2a: Goodra|Dragon Pulse|p1a: Krookodile
|-damage|p1a: Krookodile|43/100
|
|upkeep
|turn|4
|
|t:|1757920269
|switch|p2a: Noivern|Noivern, M|100/100
|move|p1a: Krookodile|Stone Edge|p2a: Noivern
|-supereffective|p2a: Noivern
|-damage|p2a: Noivern|0 fnt
|faint|p2a: Noivern
|
|upkeep
|
|t:|1757920280
|switch|p2a: Cloyster|Cloyster, F|83/100
|turn|5
|
|t:|1757920283
|move|p1a: Krookodile|Stone Edge|p2a: Cloyster
|-supereffective|p2a: Cloyster
|-damage|p2a: Cloyster|5/100
|move|p2a: Cloyster|Shell Smash|p2a: Cloyster
|-unboost|p2a: Cloyster|def|1
|-unboost|p2a: Cloyster|spd|1
|-boost|p2a: Cloyster|atk|2
|-boost|p2a: Cloyster|spa|2
|-boost|p2a: Cloyster|spe|2
|-enditem|p2a: Cloyster|White Herb
|-clearnegativeboost|p2a: Cloyster|[silent]
|
|upkeep
|turn|6
|
|t:|1757920294
|move|p2a: Cloyster|Icicle Spear|p1a: Krookodile
|-supereffective|p1a: Krookodile
|-damage|p1a: Krookodile|0 fnt
|faint|p1a: Krookodile
|-hitcount|p1: Krookodile|1
|
|upkeep
|
|t:|1757920296
|switch|p1a: Slowbro|Slowbro, M|100/100
|turn|7
|
|t:|1757920302
|-terastallize|p2a: Cloyster|Electric
|move|p2a: Cloyster|Tera Blast|p1a: Slowbro|[anim] Tera Blast Electric
|-supereffective|p1a: Slowbro
|-damage|p1a: Slowbro|10/100
|move|p1a: Slowbro|Body Press|p2a: Cloyster
|-damage|p2a: Cloyster|0 fnt
|faint|p2a: Cloyster
|
|upkeep
|
|t:|1757920317
|switch|p2a: Articuno|Articuno-Galar|100/100
|turn|8
|
|t:|1757920327
|switch|p1a: Porygon-Z|Porygon-Z|100/100
|-ability|p1a: Porygon-Z|Download|boost
|-boost|p1a: Porygon-Z|spa|1
|move|p2a: Articuno|Calm Mind|p2a: Articuno
|-boost|p2a: Articuno|spa|1
|-boost|p2a: Articuno|spd|1
|
|upkeep
|turn|9
|
|t:|1757920335
|move|p1a: Porygon-Z|Thunderbolt|p2a: Articuno
|-supereffective|p2a: Articuno
|-damage|p2a: Articuno|28/100
|-enditem|p2a: Articuno|Weakness Policy
|-boost|p2a: Articuno|atk|2|[from] item: Weakness Policy
|-boost|p2a: Articuno|spa|2|[from] item: Weakness Policy
|move|p2a: Articuno|Calm Mind|p2a: Articuno
|-boost|p2a: Articuno|spa|1
|-boost|p2a: Articuno|spd|1
|
|upkeep
|turn|10
|
|t:|1757920348
|move|p1a: Porygon-Z|Thunderbolt|p2a: Articuno
|-supereffective|p2a: Articuno
|-damage|p2a: Articuno|0 fnt
|faint|p2a: Articuno
|
|upkeep
|
|t:|1757920355
|switch|p2a: Great Tusk|Great Tusk|100/100
|turn|11
|
|t:|1757920360
|move|p1a: Porygon-Z|Ice Beam|p2a: Great Tusk
|-supereffective|p2a: Great Tusk
|-damage|p2a: Great Tusk|0 fnt
|faint|p2a: Great Tusk
|-end|p2a: Great Tusk|Protosynthesis|[silent]
|
|upkeep
|
|t:|1757920379
|switch|p2a: Goodra|Goodra-Hisui, F|83/100
|turn|12
|
|t:|1757920392
|switch|p1a: Zapdos|Zapdos-Galar|100/100
|move|p2a: Goodra|Dragon Pulse|p1a: Zapdos
|-damage|p1a: Zapdos|52/100
|
|upkeep
|turn|13
|
|t:|1757920400
|move|p1a: Zapdos|Knock Off|p2a: Goodra
|-damage|p2a: Goodra|52/100
|-ability|p2a: Goodra|Gooey
|-unboost|p1a: Zapdos|spe|1
|-ability|p1a: Zapdos|Defiant|boost
|-boost|p1a: Zapdos|atk|2
|-enditem|p2a: Goodra|Assault Vest|[from] move: Knock Off|[of] p1a: Zapdos
|move|p2a: Goodra|Thunderbolt|p1a: Zapdos
|-supereffective|p1a: Zapdos
|-damage|p1a: Zapdos|0 fnt
|faint|p1a: Zapdos
|
|upkeep
|
|t:|1757920412
|switch|p1a: Porygon-Z|Porygon-Z|100/100
|-ability|p1a: Porygon-Z|Download|boost
|-boost|p1a: Porygon-Z|atk|1
|turn|14
|
|t:|1757920417
|-terastallize|p1a: Porygon-Z|Ground
|move|p1a: Porygon-Z|Tera Blast|p2a: Goodra|[anim] Tera Blast Ground
|-supereffective|p2a: Goodra
|-damage|p2a: Goodra|0 fnt
|faint|p2a: Goodra
|
|upkeep
|
|t:|1757920425
|switch|p2a: Ceruledge|Ceruledge, M|100/100
|turn|15
|
|t:|1757920428
|move|p1a: Porygon-Z|Tera Blast|p2a: Ceruledge|[anim] Tera Blast Ground
|-supereffective|p2a: Ceruledge
|-enditem|p2a: Ceruledge|Focus Sash
|-damage|p2a: Ceruledge|1/100
|move|p2a: Ceruledge|Swords Dance|p2a: Ceruledge
|-boost|p2a: Ceruledge|atk|2
|
|upkeep
|turn|16
|
|t:|1757920433
|move|p1a: Porygon-Z|Tera Blast|p2a: Ceruledge|[anim] Tera Blast Ground
|-supereffective|p2a: Ceruledge
|-damage|p2a: Ceruledge|0 fnt
|faint|p2a: Ceruledge
|
|win|bucooo
|raw|bucooo's rating: 1325 &rarr; <strong>1344</strong><br />(+19 for winning)
|raw|Pokemon of Color's rating: 1304 &rarr; <strong>1285</strong><br />(-19 for losing)
|l|☆Pokemon of Color
|player|p2|
|l|☆bucooo
|player|p1|
