|j|‽icefox
|j|☆quolius
|t:|1757940132
|gametype|singles
|player|p1|icefox|giovanni|1383
|player|p2|quolius|170|1393
|gen|9
|tier|[Gen 9] OU
|rated|
|rule|HP Percentage Mod: HP is shown in percentages
|rule|Endless Battle Clause: Forcing endless battles is banned
|rule|Species Clause: Limit one of each Pokémon
|rule|OHKO Clause: OHKO moves are banned
|rule|Evasion Items Clause: Evasion items are banned
|rule|Evasion Moves Clause: Evasion moves are banned
|rule|Evasion Abilities Clause: Evasion abilities are banned
|rule|Sleep Moves Clause: Sleep-inducing moves are banned
|clearpoke
|poke|p1|Meowscarada, M|
|poke|p1|Hydreigon, M|
|poke|p1|Bisharp, M|
|poke|p1|Samurott-Hisui, F|
|poke|p1|Sableye, F|
|poke|p1|Muk-Alola, F|
|poke|p2|Ogerpon, F|
|poke|p2|Samurott-Hisui, M|
|poke|p2|Heatran, M|
|poke|p2|Rillaboom, M|
|poke|p2|Clefable, M|
|poke|p2|Landorus-Therian, M|
|teampreview
|inactive|Battle timer is ON: inactive players will automatically lose when time's up. (requested by quolius)
|
|t:|1757940143
|teamsize|p1|6
|teamsize|p2|6
|start
|switch|p1a: Samurott|Samurott-Hisui, F|100/100
|switch|p2a: Landorus|Landorus-Therian, M|100/100
|-ability|p2a: Landorus|Intimidate|boost
|-unboost|p1a: Samurott|atk|1
|turn|1
|
|t:|1757940148
|switch|p1a: Sableye|Sableye, F|100/100
|move|p2a: Landorus|U-turn|p1a: Sableye
|-damage|p1a: Sableye|66/100
|
|t:|1757940173
|switch|p2a: Samurott|Samurott-Hisui, M|100/100|[from] U-turn
|
|-heal|p1a: Sableye|72/100|[from] item: Leftovers
|upkeep
|turn|2
|
|t:|1757940179
|switch|p1a: Samurott|Samurott-Hisui, F|100/100
|move|p2a: Samurott|Ceaseless Edge|p1a: Samurott|[miss]
|-miss|p2a: Samurott|p1a: Samurott
|
|upkeep
|turn|3
|
|t:|1757940185
|move|p2a: Samurott|Ceaseless Edge|p1a: Samurott
|-resisted|p1a: Samurott
|-damage|p1a: Samurott|73/100
|-sidestart|p1: icefox|Spikes
|move|p1a: Samurott|Sacred Sword|p2a: Samurott
|-supereffective|p2a: Samurott
|-damage|p2a: Samurott|0 fnt
|faint|p2a: Samurott
|
|upkeep
|
|t:|1757940188
|switch|p2a: Landorus|Landorus-Therian, M|100/100
|-ability|p2a: Landorus|Intimidate|boost
|-unboost|p1a: Samurott|atk|1
|turn|4
|
|t:|1757940193
|move|p2a: Landorus|U-turn|p1a: Samurott
|-supereffective|p1a: Samurott
|-damage|p1a: Samurott|5/100
|
|t:|1757940198
|switch|p2a: Rillaboom|Rillaboom, M|100/100|[from] U-turn
|-fieldstart|move: Grassy Terrain|[from] ability: Grassy Surge|[of] p2a: Rillaboom
|move|p1a: Samurott|Ceaseless Edge|p2a: Rillaboom
|-damage|p2a: Rillaboom|66/100
|-sidestart|p2: quolius|Spikes
|
|-heal|p2a: Rillaboom|72/100|[from] Grassy Terrain
|-heal|p1a: Samurott|11/100|[from] Grassy Terrain
|upkeep
|turn|5
|
|t:|1757940211
|move|p2a: Rillaboom|Grassy Glide|p1a: Samurott
|-supereffective|p1a: Samurott
|-damage|p1a: Samurott|0 fnt
|faint|p1a: Samurott
|
|-heal|p2a: Rillaboom|79/100|[from] Grassy Terrain
|upkeep
|
|t:|1757940217
|switch|p1a: Meowscarada|Meowscarada, M|100/100
|-damage|p1a: Meowscarada|88/100|[from] Spikes
|turn|6
|
|t:|1757940224
|switch|p2a: Landorus|Landorus-Therian, M|100/100
|-ability|p2a: Landorus|Intimidate|boost
|-unboost|p1a: Meowscarada|atk|1
|move|p1a: Meowscarada|U-turn|p2a: Landorus
|-start|p1a: Meowscarada|typechange|Bug|[from] ability: Protean
|-resisted|p2a: Landorus
|-damage|p2a: Landorus|87/100
|
|t:|1757940236
|switch|p1a: Hydreigon|Hydreigon, M|100/100|[from] U-turn
|
|upkeep
|turn|7
|
|t:|1757940239
|move|p2a: Landorus|U-turn|p1a: Hydreigon
|-supereffective|p1a: Hydreigon
|-damage|p1a: Hydreigon|42/100
|
|t:|1757940242
|switch|p2a: Heatran|Heatran, M|100/100|[from] U-turn
|-damage|p2a: Heatran|88/100|[from] Spikes
|move|p1a: Hydreigon|Dark Pulse|p2a: Heatran
|-damage|p2a: Heatran|52/100
|
|-heal|p2a: Heatran|58/100|[from] Grassy Terrain
|-heal|p2a: Heatran|64/100|[from] item: Leftovers
|upkeep
|turn|8
|
|t:|1757940255
|switch|p1a: Muk|Muk-Alola, F|100/100
|-damage|p1a: Muk|88/100|[from] Spikes
|switch|p2a: Clefable|Clefable, M|100/100
|
|-heal|p1a: Muk|94/100|[from] Grassy Terrain
|-fieldend|move: Grassy Terrain
|upkeep
|turn|9
|
|t:|1757940263
|switch|p2a: Landorus|Landorus-Therian, M|87/100
|-ability|p2a: Landorus|Intimidate|boost
|-unboost|p1a: Muk|atk|1
|move|p1a: Muk|Poison Jab|p2a: Landorus
|-resisted|p2a: Landorus
|-damage|p2a: Landorus|75/100
|-status|p2a: Landorus|psn|[from] ability: Poison Touch|[of] p1a: Muk
|
|-damage|p2a: Landorus|63/100 psn|[from] psn
|upkeep
|turn|10
|inactive|icefox has 120 seconds left.
|
|t:|1757940296
|switch|p1a: Meowscarada|Meowscarada, M|88/100
|-damage|p1a: Meowscarada|76/100|[from] Spikes
|move|p2a: Landorus|U-turn|p1a: Meowscarada
|-supereffective|p1a: Meowscarada
|-damage|p1a: Meowscarada|0 fnt
|faint|p1a: Meowscarada
|
|t:|1757940310
|switch|p2a: Rillaboom|Rillaboom, M|79/100|[from] U-turn
|-damage|p2a: Rillaboom|66/100|[from] Spikes
|-fieldstart|move: Grassy Terrain|[from] ability: Grassy Surge|[of] p2a: Rillaboom
|
|-heal|p2a: Rillaboom|72/100|[from] Grassy Terrain
|upkeep
|inactive|icefox has 120 seconds left.
|
|t:|1757940322
|switch|p1a: Hydreigon|Hydreigon, M|42/100
|turn|11
|
|t:|1757940328
|switch|p2a: Heatran|Heatran, M|64/100
|-damage|p2a: Heatran|52/100|[from] Spikes
|move|p1a: Hydreigon|Draco Meteor|p2a: Heatran
|-resisted|p2a: Heatran
|-damage|p2a: Heatran|21/100
|-unboost|p1a: Hydreigon|spa|2
|
|-heal|p2a: Heatran|27/100|[from] Grassy Terrain
|-heal|p2a: Heatran|34/100|[from] item: Leftovers
|upkeep
|turn|12
|inactive|icefox has 120 seconds left.
|
|t:|1757940352
|switch|p1a: Muk|Muk-Alola, F|94/100
|-damage|p1a: Muk|82/100|[from] Spikes
|move|p2a: Heatran|Stealth Rock|p1a: Muk
|-sidestart|p1: icefox|move: Stealth Rock
|
|-heal|p2a: Heatran|40/100|[from] Grassy Terrain
|-heal|p2a: Heatran|46/100|[from] item: Leftovers
|-heal|p1a: Muk|88/100|[from] Grassy Terrain
|upkeep
|turn|13
|
|t:|1757940362
|move|p2a: Heatran|Will-O-Wisp|p1a: Muk|[miss]
|-miss|p2a: Heatran|p1a: Muk
|move|p1a: Muk|Knock Off|p2a: Heatran
|-damage|p2a: Heatran|15/100
|-enditem|p2a: Heatran|Leftovers|[from] move: Knock Off|[of] p1a: Muk
|
|-heal|p2a: Heatran|21/100|[from] Grassy Terrain
|-heal|p1a: Muk|94/100|[from] Grassy Terrain
|upkeep
|turn|14
|inactive|icefox has 120 seconds left.
|
|t:|1757940386
|move|p2a: Heatran|Will-O-Wisp|p1a: Muk
|-status|p1a: Muk|brn
|move|p1a: Muk|Drain Punch|p2a: Heatran
|-supereffective|p2a: Heatran
|-damage|p2a: Heatran|5/100
|-heal|p1a: Muk|100/100 brn|[from] drain|[of] p2a: Heatran
|
|-heal|p2a: Heatran|12/100|[from] Grassy Terrain
|-damage|p1a: Muk|94/100 brn|[from] brn
|-fieldend|move: Grassy Terrain
|upkeep
|turn|15
|
|t:|1757940395
|move|p2a: Heatran|Earth Power|p1a: Muk
|-supereffective|p1a: Muk
|-damage|p1a: Muk|74/100 brn
|move|p1a: Muk|Drain Punch|p2a: Heatran
|-supereffective|p2a: Heatran
|-damage|p2a: Heatran|0 fnt
|-heal|p1a: Muk|79/100 brn|[from] drain|[of] p2a: Heatran
|faint|p2a: Heatran
|
|-damage|p1a: Muk|73/100 brn|[from] brn
|upkeep
|
|t:|1757940410
|switch|p2a: Landorus|Landorus-Therian, M|63/100 psn
|-ability|p2a: Landorus|Intimidate|boost
|-unboost|p1a: Muk|atk|1
|turn|16
|
|t:|1757940413
|move|p2a: Landorus|Earthquake|p1a: Muk
|-supereffective|p1a: Muk
|-damage|p1a: Muk|0 fnt
|faint|p1a: Muk
|
|-damage|p2a: Landorus|51/100 psn|[from] psn
|upkeep
|
|t:|1757940416
|switch|p1a: Hydreigon|Hydreigon, M|42/100
|-damage|p1a: Hydreigon|30/100|[from] Stealth Rock
|turn|17
|
|t:|1757940430
|switch|p2a: Clefable|Clefable, M|100/100
|move|p1a: Hydreigon|Flash Cannon|p2a: Clefable
|-supereffective|p2a: Clefable
|-damage|p2a: Clefable|20/100
|
|-heal|p2a: Clefable|26/100|[from] item: Leftovers
|upkeep
|turn|18
|
|t:|1757940438
|move|p1a: Hydreigon|Flash Cannon|p2a: Clefable
|-supereffective|p2a: Clefable
|-damage|p2a: Clefable|0 fnt
|faint|p2a: Clefable
|
|upkeep
|
|t:|1757940445
|switch|p2a: Landorus|Landorus-Therian, M|51/100 psn
|-ability|p2a: Landorus|Intimidate|boost
|-unboost|p1a: Hydreigon|atk|1
|turn|19
|
|t:|1757940449
|switch|p1a: Sableye|Sableye, F|72/100
|-damage|p1a: Sableye|59/100|[from] Spikes
|-damage|p1a: Sableye|47/100|[from] Stealth Rock
|move|p2a: Landorus|U-turn|p1a: Sableye
|-damage|p1a: Sableye|7/100
|
|t:|1757940467
|switch|p2a: Rillaboom|Rillaboom, M|72/100|[from] U-turn
|-damage|p2a: Rillaboom|60/100|[from] Spikes
|-fieldstart|move: Grassy Terrain|[from] ability: Grassy Surge|[of] p2a: Rillaboom
|
|-heal|p2a: Rillaboom|66/100|[from] Grassy Terrain
|-heal|p1a: Sableye|13/100|[from] Grassy Terrain
|-heal|p1a: Sableye|20/100|[from] item: Leftovers
|upkeep
|turn|20
|
|t:|1757940489
|switch|p2a: Landorus|Landorus-Therian, M|51/100 psn
|-ability|p2a: Landorus|Intimidate|boost
|-unboost|p1a: Sableye|atk|1
|move|p1a: Sableye|Will-O-Wisp||[still]
|-fail|p1a: Sableye
|
|-heal|p1a: Sableye|26/100|[from] Grassy Terrain
|-heal|p1a: Sableye|32/100|[from] item: Leftovers
|-damage|p2a: Landorus|38/100 psn|[from] psn
|upkeep
|turn|21
|
|t:|1757940492
|move|p1a: Sableye|Recover|p1a: Sableye
|-heal|p1a: Sableye|82/100
|move|p2a: Landorus|U-turn|p1a: Sableye
|-damage|p1a: Sableye|43/100
|
|t:|1757940498
|switch|p2a: Rillaboom|Rillaboom, M|66/100|[from] U-turn
|-damage|p2a: Rillaboom|54/100|[from] Spikes
|
|-heal|p2a: Rillaboom|60/100|[from] Grassy Terrain
|-heal|p1a: Sableye|49/100|[from] Grassy Terrain
|-heal|p1a: Sableye|55/100|[from] item: Leftovers
|upkeep
|turn|22
|
|t:|1757940505
|move|p1a: Sableye|Will-O-Wisp|p2a: Rillaboom
|-status|p2a: Rillaboom|brn
|move|p2a: Rillaboom|Wood Hammer|p1a: Sableye
|-damage|p1a: Sableye|0 fnt
|faint|p1a: Sableye
|-damage|p2a: Rillaboom|44/100 brn|[from] Recoil
|
|-heal|p2a: Rillaboom|50/100 brn|[from] Grassy Terrain
|-damage|p2a: Rillaboom|44/100 brn|[from] brn
|upkeep
|
|t:|1757940513
|switch|p1a: Bisharp|Bisharp, M, shiny|100/100
|-damage|p1a: Bisharp|88/100|[from] Spikes
|-damage|p1a: Bisharp|82/100|[from] Stealth Rock
|turn|23
|
|t:|1757940522
|-terastallize|p2a: Rillaboom|Grass
|move|p2a: Rillaboom|Wood Hammer|p1a: Bisharp
|-resisted|p1a: Bisharp
|-damage|p1a: Bisharp|52/100
|-damage|p2a: Rillaboom|35/100 brn|[from] Recoil
|move|p1a: Bisharp|Swords Dance|p1a: Bisharp
|-boost|p1a: Bisharp|atk|2
|
|-heal|p2a: Rillaboom|41/100 brn|[from] Grassy Terrain
|-heal|p1a: Bisharp|59/100|[from] Grassy Terrain
|-damage|p2a: Rillaboom|35/100 brn|[from] brn
|-fieldend|move: Grassy Terrain
|upkeep
|turn|24
|
|t:|1757940546
|move|p1a: Bisharp|Sucker Punch|p2a: Rillaboom
|-damage|p2a: Rillaboom|0 fnt
|faint|p2a: Rillaboom
|
|upkeep
|
|t:|1757940548
|switch|p2a: Ogerpon|Ogerpon, F|100/100
|turn|25
|
|t:|1757940553
|-terastallize|p1a: Bisharp|Dark
|move|p1a: Bisharp|Sucker Punch|p2a: Ogerpon
|-damage|p2a: Ogerpon|0 fnt
|faint|p2a: Ogerpon
|
|upkeep
|
|t:|1757940557
|switch|p2a: Landorus|Landorus-Therian, M|38/100 psn
|-ability|p2a: Landorus|Intimidate|boost
|-unboost|p1a: Bisharp|atk|1
|-ability|p1a: Bisharp|Defiant|boost
|-boost|p1a: Bisharp|atk|2
|turn|26
|
|t:|1757940563
|move|p1a: Bisharp|Sucker Punch|p2a: Landorus
|-damage|p2a: Landorus|0 fnt
|faint|p2a: Landorus
|
|win|icefox
|raw|icefox's rating: 1383 &rarr; <strong>1404</strong><br />(+21 for winning)
|raw|quolius's rating: 1393 &rarr; <strong>1372</strong><br />(-21 for losing)
|l|☆quolius
|player|p2|
