|j|☆jusjakob
|j|☆DickbuttWasTaken
|t:|1757825513
|gametype|singles
|player|p1|jusjakob|266|1113
|player|p2|DickbuttWasTaken|clown|1113
|gen|9
|tier|[Gen 9] OU
|rated|
|rule|HP Percentage Mod: HP is shown in percentages
|rule|Endless Battle Clause: Forcing endless battles is banned
|rule|Species Clause: Limit one of each Pokémon
|rule|OHKO Clause: OHKO moves are banned
|rule|Evasion Items Clause: Evasion items are banned
|rule|Evasion Moves Clause: Evasion moves are banned
|rule|Evasion Abilities Clause: Evasion abilities are banned
|rule|Sleep Moves Clause: Sleep-inducing moves are banned
|clearpoke
|poke|p1|Toxapex, M|
|poke|p1|Landorus-Therian, M|
|poke|p1|Talonflame, M|
|poke|p1|Abomasnow, M|
|poke|p1|Galvantula, M|
|poke|p1|Espeon, F|
|poke|p2|Blaziken, F|
|poke|p2|Metagross|
|poke|p2|Chesnaught, M|
|poke|p2|Garchomp, F|
|poke|p2|Tentacruel, M|
|poke|p2|Greninja-*, M|
|teampreview
|inactive|Battle timer is ON: inactive players will automatically lose when time's up. (requested by DickbuttWasTaken)
|
|t:|1757825560
|teamsize|p1|6
|teamsize|p2|6
|start
|switch|p1a: Galvantula|Galvantula, M|100/100
|switch|p2a: Greninja|Greninja, M|100/100
|turn|1
|
|t:|1757825572
|move|p1a: Galvantula|Sticky Web|p2a: Greninja
|-sidestart|p2: DickbuttWasTaken|move: Sticky Web
|move|p2a: Greninja|Toxic Spikes|p1a: Galvantula
|-sidestart|p1: jusjakob|move: Toxic Spikes
|
|upkeep
|turn|2
|
|t:|1757825579
|move|p1a: Galvantula|Thunder|p2a: Greninja
|-supereffective|p2a: Greninja
|-enditem|p2a: Greninja|Focus Sash
|-damage|p2a: Greninja|1/100
|move|p2a: Greninja|Toxic Spikes|p1a: Galvantula
|-sidestart|p1: jusjakob|move: Toxic Spikes
|
|upkeep
|turn|3
|
|t:|1757825588
|move|p2a: Greninja|Water Shuriken|p1a: Galvantula
|-damage|p1a: Galvantula|80/100
|-damage|p1a: Galvantula|59/100
|-crit|p1a: Galvantula
|-damage|p1a: Galvantula|25/100
|-damage|p1a: Galvantula|4/100
|-hitcount|p1a: Galvantula|4
|move|p1a: Galvantula|Bug Buzz|p2a: Greninja
|-supereffective|p2a: Greninja
|-damage|p2a: Greninja|0 fnt
|faint|p2a: Greninja
|
|upkeep
|
|t:|1757825601
|switch|p2a: Metagross|Metagross, shiny|100/100
|-activate|p2a: Metagross|move: Sticky Web
|-fail|p2a: Metagross|unboost|[from] ability: Clear Body|[of] p2a: Metagross
|turn|4
|
|t:|1757825618
|switch|p1a: Landorus|Landorus-Therian, M|100/100
|-ability|p1a: Landorus|Intimidate|boost
|-fail|p2a: Metagross|unboost|[from] ability: Clear Body|[of] p2a: Metagross
|move|p2a: Metagross|Bullet Punch|p1a: Landorus
|-damage|p1a: Landorus|78/100
|-damage|p2a: Metagross|84/100|[from] item: Rocky Helmet|[of] p1a: Landorus
|-damage|p2a: Metagross|74/100|[from] item: Life Orb
|
|upkeep
|turn|5
|
|t:|1757825630
|move|p2a: Metagross|Protect|p2a: Metagross
|-singleturn|p2a: Metagross|Protect
|move|p1a: Landorus|Earthquake|p2a: Metagross
|-activate|p2a: Metagross|move: Protect
|
|upkeep
|turn|6
|inactive|DickbuttWasTaken has 120 seconds left.
|
|t:|1757825667
|switch|p2a: Chesnaught|Chesnaught, M|100/100
|move|p1a: Landorus|Earthquake|p2a: Chesnaught
|-resisted|p2a: Chesnaught
|-damage|p2a: Chesnaught|82/100
|
|upkeep
|turn|7
|inactive|DickbuttWasTaken has 120 seconds left.
|
|t:|1757825674
|move|p1a: Landorus|Fly||[still]
|-prepare|p1a: Landorus|Fly
|move|p2a: Chesnaught|Leech Seed|p1a: Landorus|[miss]
|-miss|p2a: Chesnaught|p1a: Landorus
|
|upkeep
|turn|8
|
|t:|1757825678
|move|p2a: Chesnaught|Spiky Shield|p2a: Chesnaught
|-singleturn|p2a: Chesnaught|move: Protect
|move|p1a: Landorus|Fly|p2a: Chesnaught|[from] lockedmove
|-activate|p2a: Chesnaught|move: Protect
|-damage|p1a: Landorus|65/100|[from] Spiky Shield|[of] p2a: Chesnaught
|
|upkeep
|turn|9
|
|t:|1757825685
|move|p1a: Landorus|Fly||[still]
|-prepare|p1a: Landorus|Fly
|move|p2a: Chesnaught|Leech Seed|p1a: Landorus|[miss]
|-miss|p2a: Chesnaught|p1a: Landorus
|
|upkeep
|turn|10
|
|t:|1757825689
|move|p2a: Chesnaught|Spiky Shield|p2a: Chesnaught
|-singleturn|p2a: Chesnaught|move: Protect
|move|p1a: Landorus|Fly|p2a: Chesnaught|[from] lockedmove
|-activate|p2a: Chesnaught|move: Protect
|-damage|p1a: Landorus|53/100|[from] Spiky Shield|[of] p2a: Chesnaught
|
|upkeep
|turn|11
|
|t:|1757825695
|move|p1a: Landorus|U-turn|p2a: Chesnaught
|-damage|p2a: Chesnaught|65/100
|
|t:|1757825699
|switch|p1a: Talonflame|Talonflame, M|100/100|[from] U-turn
|move|p2a: Chesnaught|Leech Seed|p1a: Talonflame
|-start|p1a: Talonflame|move: Leech Seed
|
|-damage|p1a: Talonflame|88/100|[from] Leech Seed|[of] p2a: Chesnaught
|-heal|p2a: Chesnaught|76/100|[silent]
|upkeep
|turn|12
|
|t:|1757825706
|move|p2a: Chesnaught|Spiky Shield|p2a: Chesnaught
|-singleturn|p2a: Chesnaught|move: Protect
|move|p1a: Talonflame|Swords Dance|p1a: Talonflame
|-boost|p1a: Talonflame|atk|2
|
|-damage|p1a: Talonflame|76/100|[from] Leech Seed|[of] p2a: Chesnaught
|-heal|p2a: Chesnaught|88/100|[silent]
|upkeep
|turn|13
|
|t:|1757825716
|switch|p2a: Tentacruel|Tentacruel, M|100/100
|-activate|p2a: Tentacruel|move: Sticky Web
|-unboost|p2a: Tentacruel|spe|1
|move|p1a: Talonflame|Swords Dance|p1a: Talonflame
|-boost|p1a: Talonflame|atk|2
|
|-damage|p1a: Talonflame|63/100|[from] Leech Seed|[of] p2a: Tentacruel
|upkeep
|turn|14
|
|t:|1757825728
|move|p2a: Tentacruel|Protect|p2a: Tentacruel
|-singleturn|p2a: Tentacruel|Protect
|move|p1a: Talonflame|Brave Bird|p2a: Tentacruel
|-activate|p2a: Tentacruel|move: Protect
|
|-damage|p1a: Talonflame|51/100|[from] Leech Seed|[of] p2a: Tentacruel
|upkeep
|turn|15
|
|t:|1757825751
|move|p1a: Talonflame|Roost|p1a: Talonflame
|-heal|p1a: Talonflame|100/100
|-singleturn|p1a: Talonflame|move: Roost
|move|p2a: Tentacruel|Toxic|p1a: Talonflame
|-status|p1a: Talonflame|tox
|
|-damage|p1a: Talonflame|88/100 tox|[from] Leech Seed|[of] p2a: Tentacruel
|-damage|p1a: Talonflame|82/100 tox|[from] psn
|upkeep
|turn|16
|
|t:|1757825765
|move|p2a: Tentacruel|Protect|p2a: Tentacruel
|-singleturn|p2a: Tentacruel|Protect
|move|p1a: Talonflame|Roost|p1a: Talonflame
|-heal|p1a: Talonflame|100/100 tox
|-singleturn|p1a: Talonflame|move: Roost
|
|-damage|p1a: Talonflame|88/100 tox|[from] Leech Seed|[of] p2a: Tentacruel
|-damage|p1a: Talonflame|76/100 tox|[from] psn
|upkeep
|turn|17
|
|t:|1757825780
|move|p1a: Talonflame|Brave Bird|p2a: Tentacruel
|-damage|p2a: Tentacruel|0 fnt
|faint|p2a: Tentacruel
|-damage|p1a: Talonflame|36/100 tox|[from] Recoil
|
|-damage|p1a: Talonflame|17/100 tox|[from] psn
|upkeep
|
|t:|1757825789
|switch|p2a: Metagross|Metagross, shiny|74/100
|-activate|p2a: Metagross|move: Sticky Web
|-fail|p2a: Metagross|unboost|[from] ability: Clear Body|[of] p2a: Metagross
|turn|18
|
|t:|1757825810
|move|p2a: Metagross|Bullet Punch|p1a: Talonflame
|-resisted|p1a: Talonflame
|-damage|p1a: Talonflame|0 fnt
|faint|p1a: Talonflame
|-damage|p2a: Metagross|64/100|[from] item: Life Orb
|
|upkeep
|inactive|jusjakob has 120 seconds left.
|
|t:|1757825832
|switch|p1a: Landorus|Landorus-Therian, M|53/100
|-ability|p1a: Landorus|Intimidate|boost
|-fail|p2a: Metagross|unboost|[from] ability: Clear Body|[of] p2a: Metagross
|turn|19
|inactive|jusjakob has 120 seconds left.
|
|t:|1757825838
|move|p2a: Metagross|Protect|p2a: Metagross
|-singleturn|p2a: Metagross|Protect
|move|p1a: Landorus|Earthquake|p2a: Metagross
|-activate|p2a: Metagross|move: Protect
|
|upkeep
|turn|20
|
|t:|1757825844
|switch|p2a: Chesnaught|Chesnaught, M|88/100
|move|p1a: Landorus|Earthquake|p2a: Chesnaught
|-resisted|p2a: Chesnaught
|-damage|p2a: Chesnaught|72/100
|
|upkeep
|turn|21
|
|t:|1757825849
|move|p1a: Landorus|Fly||[still]
|-prepare|p1a: Landorus|Fly
|move|p2a: Chesnaught|Leech Seed|p1a: Landorus|[miss]
|-miss|p2a: Chesnaught|p1a: Landorus
|
|upkeep
|turn|22
|
|t:|1757825853
|move|p2a: Chesnaught|Spiky Shield|p2a: Chesnaught
|-singleturn|p2a: Chesnaught|move: Protect
|move|p1a: Landorus|Fly|p2a: Chesnaught|[from] lockedmove
|-activate|p2a: Chesnaught|move: Protect
|-damage|p1a: Landorus|41/100|[from] Spiky Shield|[of] p2a: Chesnaught
|
|upkeep
|turn|23
|
|t:|1757825859
|move|p1a: Landorus|Fly||[still]
|-prepare|p1a: Landorus|Fly
|move|p2a: Chesnaught|Leech Seed|p1a: Landorus|[miss]
|-miss|p2a: Chesnaught|p1a: Landorus
|
|upkeep
|turn|24
|
|t:|1757825863
|move|p2a: Chesnaught|Spiky Shield|p2a: Chesnaught
|-singleturn|p2a: Chesnaught|move: Protect
|move|p1a: Landorus|Fly|p2a: Chesnaught|[from] lockedmove
|-activate|p2a: Chesnaught|move: Protect
|-damage|p1a: Landorus|29/100|[from] Spiky Shield|[of] p2a: Chesnaught
|
|upkeep
|turn|25
|
|t:|1757825873
|switch|p1a: Abomasnow|Abomasnow, M|100/100
|-status|p1a: Abomasnow|tox
|-weather|Snowscape|[from] ability: Snow Warning|[of] p1a: Abomasnow
|move|p2a: Chesnaught|Leech Seed|p1a: Abomasnow
|-immune|p1a: Abomasnow
|
|-weather|Snowscape|[upkeep]
|-damage|p1a: Abomasnow|94/100 tox|[from] psn
|upkeep
|turn|26
|
|t:|1757825887
|move|p2a: Chesnaught|Spiky Shield|p2a: Chesnaught
|-singleturn|p2a: Chesnaught|move: Protect
|move|p1a: Abomasnow|Blizzard|p2a: Chesnaught
|-activate|p2a: Chesnaught|move: Protect
|
|-weather|Snowscape|[upkeep]
|-heal|p1a: Abomasnow|100/100 tox|[from] item: Leftovers
|-damage|p1a: Abomasnow|88/100 tox|[from] psn
|upkeep
|turn|27
|inactive|jusjakob has 120 seconds left.
|
|t:|1757825927
|switch|p2a: Blaziken|Blaziken, F|100/100
|-activate|p2a: Blaziken|move: Sticky Web
|-unboost|p2a: Blaziken|spe|1
|move|p1a: Abomasnow|Blizzard|p2a: Blaziken
|-resisted|p2a: Blaziken
|-damage|p2a: Blaziken|71/100
|
|-weather|Snowscape|[upkeep]
|-heal|p1a: Abomasnow|94/100 tox|[from] item: Leftovers
|-damage|p1a: Abomasnow|75/100 tox|[from] psn
|upkeep
|turn|28
|
|t:|1757825943
|switch|p1a: Toxapex|Toxapex, M|100/100
|-sideend|p1: jusjakob|move: Toxic Spikes|[of] p1a: Toxapex
|move|p2a: Blaziken|Flare Blitz|p1a: Toxapex
|-resisted|p1a: Toxapex
|-damage|p1a: Toxapex|74/100
|-damage|p2a: Blaziken|62/100|[from] Recoil
|-damage|p2a: Blaziken|52/100|[from] item: Life Orb
|
|-weather|Snowscape|[upkeep]
|-heal|p1a: Toxapex|80/100|[from] item: Black Sludge
|-ability|p2a: Blaziken|Speed Boost|boost
|-boost|p2a: Blaziken|spe|1
|upkeep
|turn|29
|inactive|DickbuttWasTaken has 120 seconds left.
|
|t:|1757825959
|move|p2a: Blaziken|Earthquake|p1a: Toxapex
|-supereffective|p1a: Toxapex
|-damage|p1a: Toxapex|18/100
|-damage|p2a: Blaziken|42/100|[from] item: Life Orb
|move|p1a: Toxapex|Toxic|p2a: Blaziken
|-status|p2a: Blaziken|tox
|
|-weather|none
|-heal|p1a: Toxapex|25/100|[from] item: Black Sludge
|-damage|p2a: Blaziken|36/100 tox|[from] psn
|-ability|p2a: Blaziken|Speed Boost|boost
|-boost|p2a: Blaziken|spe|1
|upkeep
|turn|30
|inactive|DickbuttWasTaken has 120 seconds left.
|inactive|jusjakob has 120 seconds left.
|inactive|jusjakob has 90 seconds left.
|
|t:|1757826020
|move|p1a: Toxapex|Baneful Bunker|p1a: Toxapex
|-singleturn|p1a: Toxapex|move: Protect
|move|p2a: Blaziken|Earthquake|p1a: Toxapex
|-activate|p1a: Toxapex|move: Protect
|
|-heal|p1a: Toxapex|31/100|[from] item: Black Sludge
|-damage|p2a: Blaziken|24/100 tox|[from] psn
|-ability|p2a: Blaziken|Speed Boost|boost
|-boost|p2a: Blaziken|spe|1
|upkeep
|turn|31
|inactive|jusjakob has 60 seconds left.
|
|t:|1757826056
|move|p2a: Blaziken|Earthquake|p1a: Toxapex
|-supereffective|p1a: Toxapex
|-damage|p1a: Toxapex|0 fnt
|faint|p1a: Toxapex
|-damage|p2a: Blaziken|14/100 tox|[from] item: Life Orb
|
|-damage|p2a: Blaziken|0 fnt|[from] psn
|faint|p2a: Blaziken
|upkeep
|
|t:|1757826069
|switch|p2a: Chesnaught|Chesnaught, M|72/100
|switch|p1a: Espeon|Espeon, F|100/100
|turn|32
|
|t:|1757826091
|switch|p2a: Metagross|Metagross, shiny|64/100
|-activate|p2a: Metagross|move: Sticky Web
|-fail|p2a: Metagross|unboost|[from] ability: Clear Body|[of] p2a: Metagross
|move|p1a: Espeon|Calm Mind|p1a: Espeon
|-boost|p1a: Espeon|spa|1
|-boost|p1a: Espeon|spd|1
|
|upkeep
|turn|33
|
|t:|1757826100
|move|p1a: Espeon|Calm Mind|p1a: Espeon
|-boost|p1a: Espeon|spa|1
|-boost|p1a: Espeon|spd|1
|move|p2a: Metagross|Meteor Mash|p1a: Espeon
|-damage|p1a: Espeon|0 fnt
|faint|p1a: Espeon
|-damage|p2a: Metagross|54/100|[from] item: Life Orb
|
|upkeep
|
|t:|1757826112
|switch|p1a: Landorus|Landorus-Therian, M|29/100
|-ability|p1a: Landorus|Intimidate|boost
|-fail|p2a: Metagross|unboost|[from] ability: Clear Body|[of] p2a: Metagross
|turn|34
|
|t:|1757826117
|move|p2a: Metagross|Protect|p2a: Metagross
|-singleturn|p2a: Metagross|Protect
|move|p1a: Landorus|Fly||[still]
|-prepare|p1a: Landorus|Fly
|
|upkeep
|turn|35
|
|t:|1757826125
|switch|p2a: Garchomp|Garchomp, F|100/100
|-activate|p2a: Garchomp|move: Sticky Web
|-unboost|p2a: Garchomp|spe|1
|move|p1a: Landorus|Fly|p2a: Garchomp|[from] lockedmove
|-damage|p2a: Garchomp|60/100
|-damage|p1a: Landorus|16/100|[from] ability: Rough Skin|[of] p2a: Garchomp
|
|upkeep
|turn|36
|inactive|jusjakob has 60 seconds left.
|inactive|DickbuttWasTaken has 120 seconds left.
|
|t:|1757826153
|move|p1a: Landorus|U-turn|p2a: Garchomp
|-damage|p2a: Garchomp|40/100
|-damage|p1a: Landorus|4/100|[from] ability: Rough Skin|[of] p2a: Garchomp
|
|t:|1757826164
|switch|p1a: Abomasnow|Abomasnow, M|75/100 tox|[from] U-turn
|-weather|Snowscape|[from] ability: Snow Warning|[of] p1a: Abomasnow
|move|p2a: Garchomp|Rock Tomb|p1a: Abomasnow
|-supereffective|p1a: Abomasnow
|-damage|p1a: Abomasnow|30/100 tox
|-unboost|p1a: Abomasnow|spe|1
|
|-weather|Snowscape|[upkeep]
|-heal|p1a: Abomasnow|36/100 tox|[from] item: Leftovers
|-damage|p1a: Abomasnow|30/100 tox|[from] psn
|upkeep
|turn|37
|inactive|DickbuttWasTaken has 120 seconds left.
|
|t:|1757826182
|move|p2a: Garchomp|Rock Tomb|p1a: Abomasnow
|-supereffective|p1a: Abomasnow
|-damage|p1a: Abomasnow|0 fnt
|faint|p1a: Abomasnow
|
|-weather|Snowscape|[upkeep]
|upkeep
|
|t:|1757826194
|switch|p1a: Galvantula|Galvantula, M|4/100
|turn|38
|inactive|DickbuttWasTaken has 120 seconds left.
|
|t:|1757826216
|move|p1a: Galvantula|Bug Buzz|p2a: Garchomp
|-damage|p2a: Garchomp|0 fnt
|faint|p2a: Garchomp
|
|-weather|Snowscape|[upkeep]
|upkeep
|
|t:|1757826223
|switch|p2a: Metagross|Metagross, shiny|54/100
|-activate|p2a: Metagross|move: Sticky Web
|-fail|p2a: Metagross|unboost|[from] ability: Clear Body|[of] p2a: Metagross
|turn|39
|inactive|jusjakob has 60 seconds left.
|
|t:|1757826260
|move|p2a: Metagross|Bullet Punch|p1a: Galvantula
|-resisted|p1a: Galvantula
|-damage|p1a: Galvantula|0 fnt
|faint|p1a: Galvantula
|-damage|p2a: Metagross|44/100|[from] item: Life Orb
|
|-weather|Snowscape|[upkeep]
|upkeep
|
|t:|1757826262
|switch|p1a: Landorus|Landorus-Therian, M|4/100
|-ability|p1a: Landorus|Intimidate|boost
|-fail|p2a: Metagross|unboost|[from] ability: Clear Body|[of] p2a: Metagross
|turn|40
|inactive|DickbuttWasTaken has 120 seconds left.
|
|t:|1757826275
|move|p2a: Metagross|Bullet Punch|p1a: Landorus
|-damage|p1a: Landorus|0 fnt
|-damage|p2a: Metagross|28/100|[from] item: Rocky Helmet|[of] p1a: Landorus
|faint|p1a: Landorus
|-damage|p2a: Metagross|18/100|[from] item: Life Orb
|
|win|DickbuttWasTaken
|raw|jusjakob's rating: 1113 &rarr; <strong>1088</strong><br />(-25 for losing)
|raw|DickbuttWasTaken's rating: 1113 &rarr; <strong>1138</strong><br />(+25 for winning)
|l|☆DickbuttWasTaken
|player|p2|
