|j|☆mayuhara
|j|☆c3rrot
|t:|1757926441
|gametype|singles
|player|p1|mayuhara|ghetsis|1535
|player|p2|c3rrot|proton|1506
|gen|9
|tier|[Gen 9] OU
|rated|
|rule|HP Percentage Mod: HP is shown in percentages
|rule|Endless Battle Clause: Forcing endless battles is banned
|rule|Species Clause: Limit one of each Pokémon
|rule|OHKO Clause: OHKO moves are banned
|rule|Evasion Items Clause: Evasion items are banned
|rule|Evasion Moves Clause: Evasion moves are banned
|rule|Evasion Abilities Clause: Evasion abilities are banned
|rule|Sleep Moves Clause: Sleep-inducing moves are banned
|clearpoke
|poke|p1|Zapdos|
|poke|p1|Ting-Lu|
|poke|p1|Slowking-Galar, M|
|poke|p1|Zamazenta-*|
|poke|p1|Dragonite, F|
|poke|p1|Gholdengo|
|poke|p2|Alomomola, F|
|poke|p2|Dragapult, F|
|poke|p2|Cinderace, M|
|poke|p2|Kingambit, M|
|poke|p2|Weavile, F|
|poke|p2|Zapdos|
|teampreview
|inactive|Battle timer is ON: inactive players will automatically lose when time's up. (requested by c3rrot)
|inactive|mayuhara also wants the timer to be on.
|inactive|mayuhara has 120 seconds left.
|
|t:|1757926477
|teamsize|p1|6
|teamsize|p2|6
|start
|switch|p1a: Ting-Lu|Ting-Lu|100/100
|switch|p2a: Weavile|Weavile, F|100/100
|-ability|p2a: Weavile|Pressure
|-ability|p1a: Ting-Lu|Vessel of Ruin
|turn|1
|
|t:|1757926491
|move|p2a: Weavile|Triple Axel|p1a: Ting-Lu
|-supereffective|p1a: Ting-Lu
|-damage|p1a: Ting-Lu|85/100
|-supereffective|p1a: Ting-Lu
|-damage|p1a: Ting-Lu|51/100
|-supereffective|p1a: Ting-Lu
|-damage|p1a: Ting-Lu|6/100
|-hitcount|p1a: Ting-Lu|3
|move|p1a: Ting-Lu|Stealth Rock|p2a: Weavile
|-sidestart|p2: c3rrot|move: Stealth Rock
|
|upkeep
|turn|2
|
|t:|1757926499
|switch|p1a: Zapdos|Zapdos|100/100
|move|p2a: Weavile|Triple Axel|p1a: Zapdos
|-supereffective|p1a: Zapdos
|-damage|p1a: Zapdos|80/100
|-supereffective|p1a: Zapdos
|-damage|p1a: Zapdos|38/100
|-supereffective|p1a: Zapdos
|-damage|p1a: Zapdos|0 fnt
|faint|p1a: Zapdos
|-hitcount|p1: Zapdos|3
|
|upkeep
|
|t:|1757926506
|switch|p1a: Zamazenta|Zamazenta|100/100
|-ability|p1a: Zamazenta|Dauntless Shield|boost
|-boost|p1a: Zamazenta|def|1
|turn|3
|
|t:|1757926511
|switch|p2a: Zapdos|Zapdos|100/100
|move|p1a: Zamazenta|Close Combat|p2a: Zapdos
|-resisted|p2a: Zapdos
|-damage|p2a: Zapdos|81/100
|-unboost|p1a: Zamazenta|def|1
|-unboost|p1a: Zamazenta|spd|1
|
|upkeep
|turn|4
|
|t:|1757926517
|switch|p1a: Ting-Lu|Ting-Lu|6/100
|-ability|p1a: Ting-Lu|Vessel of Ruin
|move|p2a: Zapdos|Volt Switch|p1a: Ting-Lu
|-immune|p1a: Ting-Lu
|
|upkeep
|turn|5
|
|t:|1757926523
|move|p2a: Zapdos|Hurricane|p1a: Ting-Lu|[miss]
|-miss|p2a: Zapdos|p1a: Ting-Lu
|move|p1a: Ting-Lu|Ruination|p2a: Zapdos
|-damage|p2a: Zapdos|41/100
|
|upkeep
|turn|6
|
|t:|1757926535
|move|p2a: Zapdos|Hurricane|p1a: Ting-Lu|[miss]
|-miss|p2a: Zapdos|p1a: Ting-Lu
|move|p1a: Ting-Lu|Ruination|p2a: Zapdos
|-damage|p2a: Zapdos|21/100
|
|upkeep
|turn|7
|
|t:|1757926539
|move|p2a: Zapdos|Hurricane|p1a: Ting-Lu|[miss]
|-miss|p2a: Zapdos|p1a: Ting-Lu
|move|p1a: Ting-Lu|Whirlwind|p2a: Zapdos
|drag|p2a: Dragapult|Dragapult, F|100/100
|-damage|p2a: Dragapult|88/100|[from] Stealth Rock
|
|upkeep
|turn|8
|
|t:|1757926550
|move|p2a: Dragapult|U-turn|p1a: Ting-Lu
|-supereffective|p1a: Ting-Lu
|-damage|p1a: Ting-Lu|0 fnt
|faint|p1a: Ting-Lu
|
|t:|1757926562
|switch|p2a: Zapdos|Zapdos|21/100|[from] U-turn
|
|upkeep
|
|t:|1757926571
|switch|p1a: Zamazenta|Zamazenta|100/100
|turn|9
|
|t:|1757926590
|move|p1a: Zamazenta|Stone Edge|p2a: Zapdos
|-supereffective|p2a: Zapdos
|-damage|p2a: Zapdos|0 fnt
|faint|p2a: Zapdos
|
|upkeep
|
|t:|1757926594
|switch|p2a: Kingambit|Kingambit, M|100/100
|-damage|p2a: Kingambit|94/100|[from] Stealth Rock
|-activate|p2a: Kingambit|ability: Supreme Overlord
|-start|p2a: Kingambit|fallen1|[silent]
|turn|10
|
|t:|1757926597
|move|p1a: Zamazenta|Close Combat|p2a: Kingambit
|-supereffective|p2a: Kingambit
|-damage|p2a: Kingambit|0 fnt
|-unboost|p1a: Zamazenta|def|1
|-unboost|p1a: Zamazenta|spd|1
|faint|p2a: Kingambit
|-end|p2a: Kingambit|fallen1|[silent]
|
|upkeep
|
|t:|1757926604
|switch|p2a: Dragapult|Dragapult, F|88/100
|-damage|p2a: Dragapult|76/100|[from] Stealth Rock
|turn|11
|
|t:|1757926609
|switch|p1a: Slowking|Slowking-Galar, M|100/100
|move|p2a: Dragapult|Draco Meteor|p1a: Slowking
|-damage|p1a: Slowking|52/100
|-unboost|p2a: Dragapult|spa|2
|
|upkeep
|turn|12
|
|t:|1757926613
|switch|p2a: Cinderace|Cinderace, M|100/100
|move|p1a: Slowking|Thunder Wave|p2a: Cinderace
|-status|p2a: Cinderace|par
|
|upkeep
|turn|13
|
|t:|1757926618
|switch|p1a: Zamazenta|Zamazenta|100/100
|move|p2a: Cinderace|Court Change|p2a: Cinderace
|-start|p2a: Cinderace|typechange|Normal|[from] ability: Libero
|-swapsideconditions
|-activate|p2a: Cinderace|move: Court Change
|
|upkeep
|turn|14
|
|t:|1757926632
|move|p1a: Zamazenta|Close Combat|p2a: Cinderace
|-supereffective|p2a: Cinderace
|-damage|p2a: Cinderace|0 fnt
|-unboost|p1a: Zamazenta|def|1
|-unboost|p1a: Zamazenta|spd|1
|faint|p2a: Cinderace
|
|upkeep
|
|t:|1757926635
|switch|p2a: Dragapult|Dragapult, F|76/100
|turn|15
|
|t:|1757926644
|switch|p1a: Slowking|Slowking-Galar, M|85/100
|-terastallize|p2a: Dragapult|Ghost
|move|p2a: Dragapult|Shadow Ball|p1a: Slowking
|-supereffective|p1a: Slowking
|-damage|p1a: Slowking|2/100
|
|upkeep
|turn|16
|
|t:|1757926650
|move|p2a: Dragapult|Shadow Ball|p1a: Slowking
|-supereffective|p1a: Slowking
|-damage|p1a: Slowking|0 fnt
|faint|p1a: Slowking
|
|upkeep
|
|t:|1757926655
|switch|p1a: Zamazenta|Zamazenta|100/100
|turn|17
|
|t:|1757926658
|switch|p2a: Alomomola|Alomomola, F|100/100
|move|p1a: Zamazenta|Crunch|p2a: Alomomola
|-damage|p2a: Alomomola|84/100
|
|upkeep
|turn|18
|
|t:|1757926662
|switch|p1a: Gholdengo|Gholdengo|100/100
|move|p2a: Alomomola|Scald|p1a: Gholdengo
|-crit|p1a: Gholdengo
|-damage|p1a: Gholdengo|81/100
|-status|p1a: Gholdengo|brn
|
|-damage|p1a: Gholdengo|75/100 brn|[from] brn
|upkeep
|turn|19
|
|t:|1757926670
|move|p1a: Gholdengo|Thunder Wave|p2a: Alomomola
|-status|p2a: Alomomola|par
|move|p2a: Alomomola|Flip Turn|p1a: Gholdengo
|-damage|p1a: Gholdengo|63/100 brn
|
|t:|1757926673
|switch|p2a: Dragapult|Dragapult, F, tera:Ghost|76/100|[from] Flip Turn
|
|-damage|p1a: Gholdengo|57/100 brn|[from] brn
|upkeep
|turn|20
|
|t:|1757926678
|-terastallize|p1a: Gholdengo|Fairy
|move|p2a: Dragapult|Shadow Ball|p1a: Gholdengo
|-damage|p1a: Gholdengo|0 fnt
|faint|p1a: Gholdengo
|
|upkeep
|
|t:|1757926686
|switch|p1a: Dragonite|Dragonite, F|100/100
|turn|21
|
|t:|1757926692
|move|p2a: Dragapult|Shadow Ball|p1a: Dragonite
|-damage|p1a: Dragonite|62/100
|move|p1a: Dragonite|Dragon Dance|p1a: Dragonite
|-boost|p1a: Dragonite|atk|1
|-boost|p1a: Dragonite|spe|1
|
|upkeep
|turn|22
|
|t:|1757926698
|move|p2a: Dragapult|Shadow Ball|p1a: Dragonite
|-damage|p1a: Dragonite|0 fnt
|faint|p1a: Dragonite
|
|upkeep
|
|t:|1757926700
|switch|p1a: Zamazenta|Zamazenta|100/100
|turn|23
|
|t:|1757926725
|move|p2a: Dragapult|Shadow Ball|p1a: Zamazenta
|-damage|p1a: Zamazenta|39/100
|move|p1a: Zamazenta|Close Combat|p2a: Dragapult
|-immune|p2a: Dragapult
|
|upkeep
|turn|24
|
|t:|1757926739
|move|p2a: Dragapult|Shadow Ball|p1a: Zamazenta
|-damage|p1a: Zamazenta|0 fnt
|faint|p1a: Zamazenta
|
|win|c3rrot
|raw|mayuhara's rating: 1535 &rarr; <strong>1513</strong><br />(-22 for losing)
|raw|c3rrot's rating: 1506 &rarr; <strong>1528</strong><br />(+22 for winning)
|l|☆mayuhara
|player|p1|
|l|☆c3rrot
|player|p2|
