|j|☆Moistham
|j|☆3idk
|t:|1757866627
|gametype|singles
|player|p1|Moistham|102|1601
|player|p2|3idk|lusamine-masters|1646
|gen|9
|tier|[Gen 9] OU
|rated|
|rule|HP Percentage Mod: HP is shown in percentages
|rule|Endless Battle Clause: Forcing endless battles is banned
|rule|Species Clause: Limit one of each Pokémon
|rule|OHKO Clause: OHKO moves are banned
|rule|Evasion Items Clause: Evasion items are banned
|rule|Evasion Moves Clause: Evasion moves are banned
|rule|Evasion Abilities Clause: Evasion abilities are banned
|rule|Sleep Moves Clause: Sleep-inducing moves are banned
|clearpoke
|poke|p1|Blaziken, F|
|poke|p1|Salamence, F|
|poke|p1|Ambipom, F|
|poke|p1|Houndstone, M|
|poke|p1|Iron Hands|
|poke|p1|Scizor, M|
|poke|p2|Tyranitar, F|
|poke|p2|Excadrill, F|
|poke|p2|Keldeo-Resolute|
|poke|p2|Tornadus-Therian, M|
|poke|p2|Heatran, F|
|poke|p2|Hydrapple, M|
|teampreview
|inactive|Battle timer is ON: inactive players will automatically lose when time's up. (requested by 3idk)
|
|t:|1757866655
|teamsize|p1|6
|teamsize|p2|6
|start
|switch|p1a: Ambipom|Ambipom, F|100/100
|switch|p2a: Tornadus|Tornadus-Therian, M|100/100
|turn|1
|
|t:|1757866661
|switch|p2a: Heatran|Heatran, F|100/100
|move|p1a: Ambipom|Low Kick|p2a: Heatran
|-supereffective|p2a: Heatran
|-damage|p2a: Heatran|29/100
|-status|p1a: Ambipom|brn|[from] ability: Flame Body|[of] p2a: Heatran
|
|-heal|p2a: Heatran|35/100|[from] item: Leftovers
|-damage|p1a: Ambipom|94/100 brn|[from] brn
|upkeep
|turn|2
|
|t:|1757866670
|switch|p2a: Tornadus|Tornadus-Therian, M|100/100
|move|p1a: Ambipom|Low Kick|p2a: Tornadus
|-resisted|p2a: Tornadus
|-damage|p2a: Tornadus|94/100
|
|-damage|p1a: Ambipom|88/100 brn|[from] brn
|upkeep
|turn|3
|
|t:|1757866673
|move|p2a: Tornadus|Bleakwind Storm|p1a: Ambipom
|-damage|p1a: Ambipom|31/100 brn
|move|p1a: Ambipom|Triple Axel|p2a: Tornadus
|-supereffective|p2a: Tornadus
|-damage|p2a: Tornadus|83/100
|-supereffective|p2a: Tornadus
|-damage|p2a: Tornadus|60/100
|-supereffective|p2a: Tornadus
|-damage|p2a: Tornadus|25/100
|-hitcount|p2a: Tornadus|3
|
|-damage|p1a: Ambipom|25/100 brn|[from] brn
|upkeep
|turn|4
|
|t:|1757866681
|move|p2a: Tornadus|U-turn|p1a: Ambipom
|-damage|p1a: Ambipom|3/100 brn
|
|t:|1757866686
|switch|p2a: Hydrapple|Hydrapple, M|100/100|[from] U-turn
|move|p1a: Ambipom|Low Kick|p2a: Hydrapple
|-damage|p2a: Hydrapple|94/100
|-damage|p1a: Ambipom|0 fnt|[from] item: Rocky Helmet|[of] p2a: Hydrapple
|faint|p1a: Ambipom
|
|upkeep
|
|t:|1757866702
|switch|p1a: Scizor|Scizor, M|100/100
|turn|5
|
|t:|1757866708
|switch|p2a: Heatran|Heatran, F|35/100
|move|p1a: Scizor|Swords Dance|p1a: Scizor
|-boost|p1a: Scizor|atk|2
|
|-heal|p2a: Heatran|41/100|[from] item: Leftovers
|upkeep
|turn|6
|
|t:|1757866718
|move|p2a: Heatran|Magma Storm|p1a: Scizor
|-supereffective|p1a: Scizor
|-damage|p1a: Scizor|0 fnt
|faint|p1a: Scizor
|
|-heal|p2a: Heatran|48/100|[from] item: Leftovers
|upkeep
|
|t:|1757866725
|switch|p1a: Blaziken|Blaziken, F|100/100
|turn|7
|
|t:|1757866727
|move|p1a: Blaziken|Swords Dance|p1a: Blaziken
|-boost|p1a: Blaziken|atk|2
|move|p2a: Heatran|Earth Power|p1a: Blaziken
|-supereffective|p1a: Blaziken
|-damage|p1a: Blaziken|27/100
|
|-heal|p2a: Heatran|54/100|[from] item: Leftovers
|-ability|p1a: Blaziken|Speed Boost|boost
|-boost|p1a: Blaziken|spe|1
|upkeep
|turn|8
|
|t:|1757866731
|switch|p2a: Hydrapple|Hydrapple, M|100/100
|move|p1a: Blaziken|Knock Off|p2a: Hydrapple
|-damage|p2a: Hydrapple|53/100
|-damage|p1a: Blaziken|10/100|[from] item: Rocky Helmet|[of] p2a: Hydrapple
|-enditem|p2a: Hydrapple|Rocky Helmet|[from] move: Knock Off|[of] p1a: Blaziken
|-damage|p1a: Blaziken|0 fnt|[from] item: Life Orb
|faint|p1a: Blaziken
|
|upkeep
|
|t:|1757866735
|switch|p1a: Iron Hands|Iron Hands|100/100
|-enditem|p1a: Iron Hands|Booster Energy
|-activate|p1a: Iron Hands|ability: Quark Drive|[fromitem]
|-start|p1a: Iron Hands|quarkdriveatk
|turn|9
|
|t:|1757866744
|switch|p2a: Heatran|Heatran, F|54/100
|move|p1a: Iron Hands|Drain Punch|p2a: Heatran
|-supereffective|p2a: Heatran
|-damage|p2a: Heatran|0 fnt
|faint|p2a: Heatran
|
|upkeep
|
|t:|1757866754
|switch|p2a: Tornadus|Tornadus-Therian, M|58/100
|turn|10
|
|t:|1757866757
|move|p2a: Tornadus|Bleakwind Storm|p1a: Iron Hands
|-damage|p1a: Iron Hands|65/100
|move|p1a: Iron Hands|Thunder Punch|p2a: Tornadus
|-supereffective|p2a: Tornadus
|-damage|p2a: Tornadus|0 fnt
|faint|p2a: Tornadus
|
|upkeep
|
|t:|1757866761
|switch|p2a: Excadrill|Excadrill, F|100/100
|-item|p2a: Excadrill|Air Balloon
|turn|11
|
|t:|1757866764
|-terastallize|p2a: Excadrill|Ghost
|-terastallize|p1a: Iron Hands|Grass
|move|p2a: Excadrill|Earthquake|p1a: Iron Hands
|-resisted|p1a: Iron Hands
|-damage|p1a: Iron Hands|48/100
|move|p1a: Iron Hands|Drain Punch|p2a: Excadrill
|-immune|p2a: Excadrill
|
|upkeep
|turn|12
|
|t:|1757866775
|move|p2a: Excadrill|Iron Head|p1a: Iron Hands
|-damage|p1a: Iron Hands|19/100
|cant|p1a: Iron Hands|flinch
|
|upkeep
|turn|13
|
|t:|1757866779
|move|p2a: Excadrill|Iron Head|p1a: Iron Hands
|-damage|p1a: Iron Hands|0 fnt
|faint|p1a: Iron Hands
|-end|p1a: Iron Hands|Quark Drive|[silent]
|
|upkeep
|
|t:|1757866782
|switch|p1a: Houndstone|Houndstone, M|100/100
|turn|14
|
|t:|1757866787
|switch|p2a: Hydrapple|Hydrapple, M|86/100
|move|p1a: Houndstone|Poltergeist||[still]
|-fail|p1a: Houndstone
|
|upkeep
|turn|15
|-message|Moistham forfeited.
|
|win|3idk
|raw|Moistham's rating: 1601 &rarr; <strong>1584</strong><br />(-17 for losing)
|raw|3idk's rating: 1646 &rarr; <strong>1663</strong><br />(+17 for winning)
|l|☆Moistham
|player|p1|
|l|☆3idk
|player|p2|
