|j|☆charizandra
|j|☆cptbluex
|t:|1757901124
|gametype|singles
|player|p1|charizandra|cynthia-gen4|1151
|player|p2|cptbluex|266|1115
|gen|9
|tier|[Gen 9] OU
|rated|
|rule|HP Percentage Mod: HP is shown in percentages
|rule|Endless Battle Clause: Forcing endless battles is banned
|rule|Species Clause: Limit one of each Pokémon
|rule|OHKO Clause: OHKO moves are banned
|rule|Evasion Items Clause: Evasion items are banned
|rule|Evasion Moves Clause: Evasion moves are banned
|rule|Evasion Abilities Clause: Evasion abilities are banned
|rule|Sleep Moves Clause: Sleep-inducing moves are banned
|clearpoke
|poke|p1|Zapdos|
|poke|p1|Rotom-Wash|
|poke|p1|Galvantula, F|
|poke|p1|Iron Hands|
|poke|p1|Eelektross, F|
|poke|p1|Luxray, M|
|poke|p2|Latios, M|
|poke|p2|Gholdengo|
|poke|p2|Great Tusk|
|poke|p2|Glimmora, F|
|poke|p2|Kingambit, M|
|poke|p2|Gliscor, M|
|teampreview
|
|t:|1757901132
|teamsize|p1|6
|teamsize|p2|6
|start
|switch|p1a: Rotom|Rotom-Wash|100/100
|switch|p2a: Glimmora|Glimmora, F|100/100
|turn|1
|
|t:|1757901138
|move|p1a: Rotom|Trick|p2a: Glimmora
|-activate|p1a: Rotom|move: Trick|[of] p2a: Glimmora
|-item|p2a: Glimmora|Choice Scarf|[from] move: Trick
|-item|p1a: Rotom|Rocky Helmet|[from] move: Trick
|move|p2a: Glimmora|Stealth Rock|p1a: Rotom
|-sidestart|p1: charizandra|move: Stealth Rock
|
|upkeep
|turn|2
|inactive|Battle timer is ON: inactive players will automatically lose when time's up. (requested by charizandra)
|inactive|cptbluex has 120 seconds left.
|
|t:|1757901242
|switch|p2a: Gholdengo|Gholdengo|100/100
|move|p1a: Rotom|Hydro Pump|p2a: Gholdengo
|-damage|p2a: Gholdengo|47/100
|
|upkeep
|turn|3
|
|t:|1757901254
|move|p2a: Gholdengo|Shadow Ball|p1a: Rotom
|-damage|p1a: Rotom|43/100
|move|p1a: Rotom|Hydro Pump|p2a: Gholdengo
|-damage|p2a: Gholdengo|0 fnt
|faint|p2a: Gholdengo
|
|upkeep
|
|t:|1757901277
|switch|p2a: Glimmora|Glimmora, F|100/100
|turn|4
|
|t:|1757901285
|move|p2a: Glimmora|Toxic|p1a: Rotom
|-status|p1a: Rotom|tox
|move|p1a: Rotom|Hydro Pump|p2a: Glimmora
|-supereffective|p2a: Glimmora
|-damage|p2a: Glimmora|0 fnt
|faint|p2a: Glimmora
|
|-damage|p1a: Rotom|37/100 tox|[from] psn
|upkeep
|
|t:|1757901295
|switch|p2a: Gliscor|Gliscor, M|100/100
|turn|5
|
|t:|1757901299
|move|p1a: Rotom|Trick|p2a: Gliscor
|-activate|p1a: Rotom|move: Trick|[of] p2a: Gliscor
|-item|p2a: Gliscor|Rocky Helmet|[from] move: Trick
|-item|p1a: Rotom|Toxic Orb|[from] move: Trick
|move|p2a: Gliscor|Substitute|p2a: Gliscor
|-start|p2a: Gliscor|Substitute
|-damage|p2a: Gliscor|76/100
|
|-damage|p1a: Rotom|25/100 tox|[from] psn
|upkeep
|turn|6
|
|t:|1757901311
|move|p2a: Gliscor|Protect|p2a: Gliscor
|-singleturn|p2a: Gliscor|Protect
|move|p1a: Rotom|Hydro Pump|p2a: Gliscor
|-activate|p2a: Gliscor|move: Protect
|
|-damage|p1a: Rotom|6/100 tox|[from] psn
|upkeep
|turn|7
|
|t:|1757901319
|move|p2a: Gliscor|Protect||[still]
|-fail|p2a: Gliscor
|move|p1a: Rotom|Hydro Pump|p2a: Gliscor
|-supereffective|p2a: Gliscor
|-end|p2a: Gliscor|Substitute
|
|-damage|p1a: Rotom|0 fnt|[from] psn
|faint|p1a: Rotom
|upkeep
|
|t:|1757901331
|switch|p1a: Iron Hands|Iron Hands|100/100
|-damage|p1a: Iron Hands|94/100|[from] Stealth Rock
|-enditem|p1a: Iron Hands|Booster Energy
|-activate|p1a: Iron Hands|ability: Quark Drive|[fromitem]
|-start|p1a: Iron Hands|quarkdriveatk
|turn|8
|
|t:|1757901341
|move|p1a: Iron Hands|Fake Out|p2a: Gliscor
|-damage|p2a: Gliscor|62/100
|-damage|p1a: Iron Hands|78/100|[from] item: Rocky Helmet|[of] p2a: Gliscor
|cant|p2a: Gliscor|flinch
|
|upkeep
|turn|9
|
|t:|1757901347
|move|p2a: Gliscor|Earthquake|p1a: Iron Hands
|-supereffective|p1a: Iron Hands
|-damage|p1a: Iron Hands|40/100
|move|p1a: Iron Hands|Ice Punch|p2a: Gliscor
|-supereffective|p2a: Gliscor
|-damage|p2a: Gliscor|0 fnt
|-damage|p1a: Iron Hands|23/100|[from] item: Rocky Helmet|[of] p2a: Gliscor
|faint|p2a: Gliscor
|
|upkeep
|
|t:|1757901368
|switch|p2a: Latios|Latios, M|100/100
|turn|10
|
|t:|1757901375
|move|p2a: Latios|Psychic|p1a: Iron Hands
|-supereffective|p1a: Iron Hands
|-damage|p1a: Iron Hands|0 fnt
|faint|p1a: Iron Hands
|-end|p1a: Iron Hands|Quark Drive|[silent]
|
|upkeep
|
|t:|1757901378
|switch|p1a: Zapdos|Zapdos|100/100
|-damage|p1a: Zapdos|76/100|[from] Stealth Rock
|turn|11
|
|t:|1757901385
|move|p2a: Latios|Calm Mind|p2a: Latios
|-boost|p2a: Latios|spa|1
|-boost|p2a: Latios|spd|1
|move|p1a: Zapdos|Discharge|p2a: Latios
|-resisted|p2a: Latios
|-damage|p2a: Latios|85/100
|
|upkeep
|turn|12
|
|t:|1757901394
|move|p2a: Latios|Psychic|p1a: Zapdos
|-damage|p1a: Zapdos|0 fnt
|faint|p1a: Zapdos
|
|upkeep
|
|t:|1757901397
|switch|p1a: Galvantula|Galvantula, F|100/100
|-damage|p1a: Galvantula|76/100|[from] Stealth Rock
|turn|13
|
|t:|1757901402
|move|p2a: Latios|Draco Meteor|p1a: Galvantula
|-damage|p1a: Galvantula|0 fnt
|-unboost|p2a: Latios|spa|2
|faint|p1a: Galvantula
|
|upkeep
|
|t:|1757901406
|switch|p1a: Luxray|Luxray, M|100/100
|-damage|p1a: Luxray|88/100|[from] Stealth Rock
|-ability|p1a: Luxray|Intimidate|boost
|-unboost|p2a: Latios|atk|1
|turn|14
|
|t:|1757901413
|move|p2a: Latios|Calm Mind|p2a: Latios
|-boost|p2a: Latios|spa|1
|-boost|p2a: Latios|spd|1
|move|p1a: Luxray|Play Rough|p2a: Latios
|-supereffective|p2a: Latios
|-damage|p2a: Latios|0 fnt
|faint|p2a: Latios
|
|upkeep
|
|t:|1757901421
|switch|p2a: Kingambit|Kingambit, M|100/100
|-activate|p2a: Kingambit|ability: Supreme Overlord
|-start|p2a: Kingambit|fallen4|[silent]
|turn|15
|
|t:|1757901429
|move|p1a: Luxray|Play Rough|p2a: Kingambit
|-damage|p2a: Kingambit|77/100
|move|p2a: Kingambit|Iron Head|p1a: Luxray
|-resisted|p1a: Luxray
|-damage|p1a: Luxray|35/100
|-damage|p2a: Kingambit|67/100|[from] item: Life Orb
|
|upkeep
|turn|16
|
|t:|1757901437
|move|p2a: Kingambit|Sucker Punch|p1a: Luxray
|-damage|p1a: Luxray|0 fnt
|faint|p1a: Luxray
|-damage|p2a: Kingambit|57/100|[from] item: Life Orb
|
|upkeep
|
|t:|1757901439
|switch|p1a: Eelektross|Eelektross, F|100/100
|-damage|p1a: Eelektross|88/100|[from] Stealth Rock
|turn|17
|
|t:|1757901447
|move|p2a: Kingambit|Zen Headbutt|p1a: Eelektross|[miss]
|-miss|p2a: Kingambit|p1a: Eelektross
|move|p1a: Eelektross|Coil|p1a: Eelektross
|-boost|p1a: Eelektross|atk|1
|-boost|p1a: Eelektross|def|1
|-boost|p1a: Eelektross|accuracy|1
|
|-heal|p1a: Eelektross|94/100|[from] item: Leftovers
|upkeep
|turn|18
|
|t:|1757901456
|move|p1a: Eelektross|Coil|p1a: Eelektross
|-boost|p1a: Eelektross|atk|1
|-boost|p1a: Eelektross|def|1
|-boost|p1a: Eelektross|accuracy|1
|move|p2a: Kingambit|Zen Headbutt|p1a: Eelektross
|-damage|p1a: Eelektross|63/100
|-damage|p2a: Kingambit|48/100|[from] item: Life Orb
|
|-heal|p1a: Eelektross|69/100|[from] item: Leftovers
|upkeep
|turn|19
|
|t:|1757901466
|move|p1a: Eelektross|Coil|p1a: Eelektross
|-boost|p1a: Eelektross|atk|1
|-boost|p1a: Eelektross|def|1
|-boost|p1a: Eelektross|accuracy|1
|move|p2a: Kingambit|Zen Headbutt|p1a: Eelektross
|-damage|p1a: Eelektross|44/100
|-damage|p2a: Kingambit|38/100|[from] item: Life Orb
|
|-heal|p1a: Eelektross|50/100|[from] item: Leftovers
|upkeep
|turn|20
|
|t:|1757901476
|move|p1a: Eelektross|Drain Punch|p2a: Kingambit
|-supereffective|p2a: Kingambit
|-crit|p2a: Kingambit
|-damage|p2a: Kingambit|0 fnt
|-heal|p1a: Eelektross|70/100|[from] drain|[of] p2a: Kingambit
|faint|p2a: Kingambit
|-end|p2a: Kingambit|fallen4|[silent]
|
|-heal|p1a: Eelektross|76/100|[from] item: Leftovers
|upkeep
|
|t:|1757901484
|switch|p2a: Great Tusk|Great Tusk|100/100
|turn|21
|
|t:|1757901495
|move|p2a: Great Tusk|Knock Off|p1a: Eelektross
|-damage|p1a: Eelektross|60/100
|-enditem|p1a: Eelektross|Leftovers|[from] move: Knock Off|[of] p2a: Great Tusk
|move|p1a: Eelektross|Zen Headbutt|p2a: Great Tusk
|-supereffective|p2a: Great Tusk
|-damage|p2a: Great Tusk|3/100
|
|upkeep
|turn|22
|
|t:|1757901503
|move|p2a: Great Tusk|Close Combat|p1a: Eelektross
|-damage|p1a: Eelektross|34/100
|-unboost|p2a: Great Tusk|def|1
|-unboost|p2a: Great Tusk|spd|1
|move|p1a: Eelektross|Drain Punch|p2a: Great Tusk
|-damage|p2a: Great Tusk|0 fnt
|-heal|p1a: Eelektross|36/100|[from] drain|[of] p2a: Great Tusk
|faint|p2a: Great Tusk
|-end|p2a: Great Tusk|Protosynthesis|[silent]
|
|win|charizandra
|raw|charizandra's rating: 1151 &rarr; <strong>1173</strong><br />(+22 for winning)
|raw|cptbluex's rating: 1115 &rarr; <strong>1093</strong><br />(-22 for losing)
|l|☆cptbluex
|player|p2|
