|j|☆him duncan
|j|☆Lych0966
|t:|1757909821
|gametype|singles
|player|p1|him duncan|1|1344
|player|p2|Lych0966|giovanni|1380
|gen|9
|tier|[Gen 9] OU
|rated|
|rule|HP Percentage Mod: HP is shown in percentages
|rule|Endless Battle Clause: Forcing endless battles is banned
|rule|Species Clause: Limit one of each Pokémon
|rule|OHKO Clause: OHKO moves are banned
|rule|Evasion Items Clause: Evasion items are banned
|rule|Evasion Moves Clause: Evasion moves are banned
|rule|Evasion Abilities Clause: Evasion abilities are banned
|rule|Sleep Moves Clause: Sleep-inducing moves are banned
|clearpoke
|poke|p1|Darkrai|
|poke|p1|Corviknight, F|
|poke|p1|Weezing-Galar, M|
|poke|p1|Garchomp, M|
|poke|p1|Alomomola, M|
|poke|p1|Ogerpon, F|
|poke|p2|Landorus-Therian, M|
|poke|p2|Greninja-*, M|
|poke|p2|Dragonite, M|
|poke|p2|Meowscarada, M|
|poke|p2|Iron Valiant|
|poke|p2|Cinderace, M|
|teampreview
|inactive|Battle timer is ON: inactive players will automatically lose when time's up. (requested by him duncan)
|
|t:|1757909841
|teamsize|p1|6
|teamsize|p2|6
|start
|switch|p1a: Darkrai|Darkrai|100/100
|switch|p2a: CARTMAN|Dragonite, M|100/100
|turn|1
|
|t:|1757909847
|-terastallize|p2a: CARTMAN|Normal
|move|p1a: Darkrai|Ice Beam|p2a: CARTMAN
|-crit|p2a: CARTMAN
|-damage|p2a: CARTMAN|66/100
|move|p2a: CARTMAN|Dragon Dance|p2a: CARTMAN
|-boost|p2a: CARTMAN|atk|1
|-boost|p2a: CARTMAN|spe|1
|
|upkeep
|turn|2
|
|t:|1757909854
|switch|p1a: Corviknight|Corviknight, F|100/100
|-ability|p1a: Corviknight|Pressure
|move|p2a: CARTMAN|Extreme Speed|p1a: Corviknight
|-resisted|p1a: Corviknight
|-damage|p1a: Corviknight|71/100
|
|-heal|p1a: Corviknight|77/100|[from] item: Leftovers
|upkeep
|turn|3
|
|t:|1757909858
|switch|p2a: Chef.CRETIN|Cinderace, M|100/100
|move|p1a: Corviknight|Brave Bird|p2a: Chef.CRETIN
|-damage|p2a: Chef.CRETIN|45/100
|-damage|p1a: Corviknight|64/100|[from] Recoil
|
|-heal|p1a: Corviknight|70/100|[from] item: Leftovers
|upkeep
|turn|4
|
|t:|1757909865
|switch|p1a: Weezing|Weezing-Galar, M|100/100
|-ability|p1a: Weezing|Neutralizing Gas
|move|p2a: Chef.CRETIN|Pyro Ball|p1a: Weezing
|-crit|p1a: Weezing
|-damage|p1a: Weezing|43/100
|
|-heal|p1a: Weezing|49/100|[from] item: Leftovers
|upkeep
|turn|5
|
|t:|1757909876
|-end|p1a: Weezing|ability: Neutralizing Gas
|switch|p1a: Alomomola|Alomomola, M|100/100
|move|p2a: Chef.CRETIN|Pyro Ball|p1a: Alomomola
|-resisted|p1a: Alomomola
|-damage|p1a: Alomomola|80/100
|
|upkeep
|turn|6
|
|t:|1757909879
|move|p2a: Chef.CRETIN|U-turn|p1a: Alomomola
|-start|p2a: Chef.CRETIN|typechange|Bug|[from] ability: Libero
|-damage|p1a: Alomomola|59/100
|
|t:|1757909883
|switch|p2a: EAUMOPHOBE|Greninja, M|100/100|[from] U-turn
|move|p1a: Alomomola|Flip Turn|p2a: EAUMOPHOBE
|-resisted|p2a: EAUMOPHOBE
|-damage|p2a: EAUMOPHOBE|87/100
|
|t:|1757909897
|switch|p1a: Weezing|Weezing-Galar, M|49/100|[from] Flip Turn
|-ability|p1a: Weezing|Neutralizing Gas
|
|-heal|p1a: Weezing|55/100|[from] item: Leftovers
|upkeep
|turn|7
|
|t:|1757909903
|-end|p1a: Weezing|ability: Neutralizing Gas
|switch|p1a: Alomomola|Alomomola, M|92/100
|move|p2a: EAUMOPHOBE|Hydro Pump|p1a: Alomomola
|-resisted|p1a: Alomomola
|-damage|p1a: Alomomola|75/100
|-damage|p2a: EAUMOPHOBE|77/100|[from] item: Life Orb
|
|upkeep
|turn|8
|
|t:|1757909912
|switch|p2a: TRAVELO|Meowscarada, M|100/100
|move|p1a: Alomomola|Flip Turn|p2a: TRAVELO
|-resisted|p2a: TRAVELO
|-damage|p2a: TRAVELO|88/100
|
|t:|1757909919
|switch|p1a: Darkrai|Darkrai|100/100|[from] Flip Turn
|
|upkeep
|turn|9
|
|t:|1757909926
|switch|p2a: CARTMAN|Dragonite, M, tera:Normal|66/100
|move|p1a: Darkrai|Ice Beam|p2a: CARTMAN
|-damage|p2a: CARTMAN|22/100
|-status|p2a: CARTMAN|frz
|
|upkeep
|turn|10
|
|t:|1757909931
|-curestatus|p2a: CARTMAN|frz|[msg]
|move|p2a: CARTMAN|Extreme Speed|p1a: Darkrai
|-damage|p1a: Darkrai|34/100
|move|p1a: Darkrai|Ice Beam|p2a: CARTMAN
|-crit|p2a: CARTMAN
|-damage|p2a: CARTMAN|0 fnt
|faint|p2a: CARTMAN
|
|upkeep
|
|t:|1757909940
|switch|p2a: EAUMOPHOBE|Greninja, M|77/100
|turn|11
|
|t:|1757909944
|switch|p1a: Alomomola|Alomomola, M|100/100
|move|p2a: EAUMOPHOBE|Water Shuriken|p1a: Alomomola
|-resisted|p1a: Alomomola
|-damage|p1a: Alomomola|98/100
|-resisted|p1a: Alomomola
|-damage|p1a: Alomomola|95/100
|-hitcount|p1a: Alomomola|2
|-damage|p2a: EAUMOPHOBE|67/100|[from] item: Life Orb
|
|upkeep
|turn|12
|
|t:|1757909951
|switch|p2a: TRAVELO|Meowscarada, M|88/100
|move|p1a: Alomomola|Flip Turn|p2a: TRAVELO
|-resisted|p2a: TRAVELO
|-damage|p2a: TRAVELO|76/100
|
|t:|1757909955
|switch|p1a: Darkrai|Darkrai|34/100|[from] Flip Turn
|
|upkeep
|turn|13
|
|t:|1757909957
|move|p2a: TRAVELO|Sucker Punch|p1a: Darkrai
|-start|p2a: TRAVELO|typechange|Dark|[from] ability: Protean
|-resisted|p1a: Darkrai
|-damage|p1a: Darkrai|4/100
|move|p1a: Darkrai|Ice Beam|p2a: TRAVELO
|-damage|p2a: TRAVELO|6/100
|
|upkeep
|turn|14
|
|t:|1757909965
|switch|p1a: Garchomp|Garchomp, M|100/100
|switch|p2a: EAUMOPHOBE|Greninja, M|67/100
|
|upkeep
|turn|15
|
|t:|1757909969
|switch|p1a: Alomomola|Alomomola, M|100/100
|move|p2a: EAUMOPHOBE|Ice Beam|p1a: Alomomola
|-resisted|p1a: Alomomola
|-damage|p1a: Alomomola|90/100
|-damage|p2a: EAUMOPHOBE|57/100|[from] item: Life Orb
|
|upkeep
|turn|16
|
|t:|1757909981
|move|p2a: EAUMOPHOBE|Dark Pulse|p1a: Alomomola
|-damage|p1a: Alomomola|65/100
|-damage|p2a: EAUMOPHOBE|48/100|[from] item: Life Orb
|cant|p1a: Alomomola|flinch
|
|upkeep
|turn|17
|
|t:|1757909987
|move|p2a: EAUMOPHOBE|Dark Pulse|p1a: Alomomola
|-damage|p1a: Alomomola|40/100
|-damage|p2a: EAUMOPHOBE|38/100|[from] item: Life Orb
|cant|p1a: Alomomola|flinch
|
|upkeep
|turn|18
|
|t:|1757909993
|switch|p1a: Weezing|Weezing-Galar, M|55/100
|-ability|p1a: Weezing|Neutralizing Gas
|move|p2a: EAUMOPHOBE|Dark Pulse|p1a: Weezing
|-resisted|p1a: Weezing
|-damage|p1a: Weezing|24/100
|-damage|p2a: EAUMOPHOBE|28/100|[from] item: Life Orb
|
|-heal|p1a: Weezing|30/100|[from] item: Leftovers
|upkeep
|turn|19
|
|t:|1757910006
|-end|p1a: Weezing|ability: Neutralizing Gas
|switch|p1a: Alomomola|Alomomola, M|73/100
|move|p2a: EAUMOPHOBE|Hydro Pump|p1a: Alomomola|[miss]
|-miss|p2a: EAUMOPHOBE|p1a: Alomomola
|
|upkeep
|turn|20
|
|t:|1757910010
|move|p2a: EAUMOPHOBE|Dark Pulse|p1a: Alomomola
|-damage|p1a: Alomomola|49/100
|-damage|p2a: EAUMOPHOBE|18/100|[from] item: Life Orb
|move|p1a: Alomomola|Flip Turn|p2a: EAUMOPHOBE
|-resisted|p2a: EAUMOPHOBE
|-damage|p2a: EAUMOPHOBE|4/100
|
|t:|1757910021
|switch|p1a: Darkrai|Darkrai|4/100|[from] Flip Turn
|
|upkeep
|turn|21
|
|t:|1757910025
|switch|p1a: Alomomola|Alomomola, M|82/100
|move|p2a: EAUMOPHOBE|Water Shuriken|p1a: Alomomola
|-resisted|p1a: Alomomola
|-damage|p1a: Alomomola|80/100
|-resisted|p1a: Alomomola
|-damage|p1a: Alomomola|77/100
|-resisted|p1a: Alomomola
|-damage|p1a: Alomomola|75/100
|-resisted|p1a: Alomomola
|-damage|p1a: Alomomola|72/100
|-resisted|p1a: Alomomola
|-crit|p1a: Alomomola
|-damage|p1a: Alomomola|69/100
|-hitcount|p1a: Alomomola|5
|-damage|p2a: EAUMOPHOBE|0 fnt|[from] item: Life Orb
|faint|p2a: EAUMOPHOBE
|
|upkeep
|
|t:|1757910029
|switch|p2a: TRAVELO|Meowscarada, M|6/100
|turn|22
|
|t:|1757910036
|switch|p1a: Corviknight|Corviknight, F|70/100
|-ability|p1a: Corviknight|Pressure
|move|p2a: TRAVELO|Flower Trick|p1a: Corviknight
|-start|p2a: TRAVELO|typechange|Grass|[from] ability: Protean
|-resisted|p1a: Corviknight
|-crit|p1a: Corviknight
|-damage|p1a: Corviknight|54/100
|
|-heal|p1a: Corviknight|61/100|[from] item: Leftovers
|upkeep
|turn|23
|
|t:|1757910051
|switch|p2a: Chef.CRETIN|Cinderace, M|45/100
|move|p1a: Corviknight|U-turn|p2a: Chef.CRETIN
|-resisted|p2a: Chef.CRETIN
|-damage|p2a: Chef.CRETIN|35/100
|
|t:|1757910058
|switch|p1a: Garchomp|Garchomp, M|100/100|[from] U-turn
|
|upkeep
|turn|24
|
|t:|1757910063
|move|p2a: Chef.CRETIN|High Jump Kick|p1a: Garchomp
|-start|p2a: Chef.CRETIN|typechange|Fighting|[from] ability: Libero
|-damage|p1a: Garchomp|62/100
|-damage|p2a: Chef.CRETIN|23/100|[from] ability: Rough Skin|[of] p1a: Garchomp
|-damage|p2a: Chef.CRETIN|6/100|[from] item: Rocky Helmet|[of] p1a: Garchomp
|move|p1a: Garchomp|Earthquake|p2a: Chef.CRETIN
|-damage|p2a: Chef.CRETIN|0 fnt
|faint|p2a: Chef.CRETIN
|
|upkeep
|
|t:|1757910087
|switch|p2a: FERNANDO|Landorus-Therian, M|100/100
|-ability|p2a: FERNANDO|Intimidate|boost
|-unboost|p1a: Garchomp|atk|1
|turn|25
|
|t:|1757910092
|move|p2a: FERNANDO|Earthquake|p1a: Garchomp
|-damage|p1a: Garchomp|26/100
|move|p1a: Garchomp|Dragon Tail|p2a: FERNANDO
|-damage|p2a: FERNANDO|80/100
|drag|p2a: TRAVELO|Meowscarada, M|6/100
|
|upkeep
|turn|26
|
|t:|1757910114
|switch|p2a: FERNANDO|Landorus-Therian, M|80/100
|-ability|p2a: FERNANDO|Intimidate|boost
|-unboost|p1a: Garchomp|atk|1
|move|p1a: Garchomp|Stealth Rock|p2a: FERNANDO
|-sidestart|p2: Lych0966|move: Stealth Rock
|
|upkeep
|turn|27
|
|t:|1757910125
|move|p2a: FERNANDO|Earthquake|p1a: Garchomp
|-damage|p1a: Garchomp|0 fnt
|faint|p1a: Garchomp
|
|upkeep
|
|t:|1757910128
|switch|p1a: Ogerpon|Ogerpon, F|100/100
|turn|28
|
|t:|1757910131
|-terastallize|p1a: Ogerpon|Grass
|detailschange|p1a: Ogerpon|Ogerpon-Teal-Tera, F, tera:Grass
|-ability|p1a: Ogerpon|Embody Aspect (Teal)|boost
|-boost|p1a: Ogerpon|spe|1
|move|p1a: Ogerpon|Ivy Cudgel|p2a: FERNANDO
|-damage|p2a: FERNANDO|9/100
|move|p2a: FERNANDO|Earthquake|p1a: Ogerpon
|-resisted|p1a: Ogerpon
|-damage|p1a: Ogerpon|59/100
|
|upkeep
|turn|29
|
|t:|1757910139
|move|p1a: Ogerpon|Ivy Cudgel|p2a: FERNANDO
|-damage|p2a: FERNANDO|0 fnt
|faint|p2a: FERNANDO
|
|upkeep
|
|t:|1757910143
|switch|p2a: TRAVELO|Meowscarada, M|6/100
|-damage|p2a: TRAVELO|0 fnt|[from] Stealth Rock
|faint|p2a: TRAVELO
|
|t:|1757910144
|switch|p2a: RICK-DE-FER|Iron Valiant|100/100
|-damage|p2a: RICK-DE-FER|94/100|[from] Stealth Rock
|-enditem|p2a: RICK-DE-FER|Booster Energy
|-activate|p2a: RICK-DE-FER|ability: Quark Drive|[fromitem]
|-start|p2a: RICK-DE-FER|quarkdrivespe
|turn|30
|
|t:|1757910147
|move|p2a: RICK-DE-FER|Moonblast|p1a: Ogerpon
|-damage|p1a: Ogerpon|0 fnt
|faint|p1a: Ogerpon
|detailschange|p1: Ogerpon|Ogerpon, F|[silent]
|
|upkeep
|
|t:|1757910154
|switch|p1a: Alomomola|Alomomola, M|100/100
|turn|31
|
|t:|1757910157
|move|p2a: RICK-DE-FER|Thunderbolt|p1a: Alomomola
|-supereffective|p1a: Alomomola
|-damage|p1a: Alomomola|68/100
|move|p1a: Alomomola|Mirror Coat|p2a: RICK-DE-FER
|-damage|p2a: RICK-DE-FER|0 fnt
|faint|p2a: RICK-DE-FER
|-end|p2a: RICK-DE-FER|Quark Drive|[silent]
|
|win|him duncan
|raw|him duncan's rating: 1344 &rarr; <strong>1366</strong><br />(+22 for winning)
|raw|Lych0966's rating: 1380 &rarr; <strong>1358</strong><br />(-22 for losing)
|l|☆him duncan
|player|p1|
|l|☆Lych0966
|player|p2|
