|j|☆Huvygamers
|j|☆y TX ya en el
|t:|1757827814
|gametype|singles
|player|p1|Huvygamers|lady-gen4|1043
|player|p2|y TX ya en el|hiker-gen4|1057
|gen|9
|tier|[Gen 9] OU
|rated|
|rule|HP Percentage Mod: HP is shown in percentages
|rule|Endless Battle Clause: Forcing endless battles is banned
|rule|Species Clause: Limit one of each Pokémon
|rule|OHKO Clause: OHKO moves are banned
|rule|Evasion Items Clause: Evasion items are banned
|rule|Evasion Moves Clause: Evasion moves are banned
|rule|Evasion Abilities Clause: Evasion abilities are banned
|rule|Sleep Moves Clause: Sleep-inducing moves are banned
|clearpoke
|poke|p1|Dragapult, M|
|poke|p1|Great Tusk|
|poke|p1|Iron Valiant|
|poke|p1|Ting-Lu|
|poke|p1|Gholdengo|
|poke|p1|Kingambit, M|
|poke|p2|Meowscarada, F|
|poke|p2|Tsareena, F|
|poke|p2|Gardevoir, F|
|poke|p2|Hatterene, F|
|poke|p2|Salazzle, F|
|poke|p2|Tinkaton, F|
|teampreview
|
|t:|1757827827
|teamsize|p1|6
|teamsize|p2|6
|start
|switch|p1a: Dragapult|Dragapult, M|100/100
|switch|p2a: Meowscarada|Meowscarada, F, shiny|100/100
|turn|1
|
|t:|1757827837
|switch|p2a: Tinkaton|Tinkaton, F, shiny|100/100
|-item|p2a: Tinkaton|Air Balloon
|move|p1a: Dragapult|Flamethrower|p2a: Tinkaton
|-supereffective|p2a: Tinkaton
|-damage|p2a: Tinkaton|39/100
|-enditem|p2a: Tinkaton|Air Balloon
|
|upkeep
|turn|2
|
|t:|1757827845
|-terastallize|p2a: Tinkaton|Flying
|move|p1a: Dragapult|Flamethrower|p2a: Tinkaton
|-damage|p2a: Tinkaton|13/100
|-status|p2a: Tinkaton|brn
|move|p2a: Tinkaton|Thunder Wave|p1a: Dragapult
|-status|p1a: Dragapult|par
|
|-damage|p2a: Tinkaton|7/100 brn|[from] brn
|upkeep
|turn|3
|
|t:|1757827853
|move|p2a: Tinkaton|Stealth Rock|p1a: Dragapult
|-sidestart|p1: Huvygamers|move: Stealth Rock
|cant|p1a: Dragapult|par
|
|-damage|p2a: Tinkaton|0 fnt|[from] brn
|faint|p2a: Tinkaton
|upkeep
|
|t:|1757827858
|switch|p2a: Gardevoir|Gardevoir, F, shiny|100/100
|-ability|p2a: Gardevoir|Infiltrator|Trace|[from] ability: Trace|[of] p1a: Dragapult
|turn|4
|
|t:|1757827879
|switch|p1a: Ting-Lu|Ting-Lu|100/100
|-damage|p1a: Ting-Lu|94/100|[from] Stealth Rock
|-ability|p1a: Ting-Lu|Vessel of Ruin
|move|p2a: Gardevoir|Mystical Fire|p1a: Ting-Lu
|-damage|p1a: Ting-Lu|78/100
|-unboost|p1a: Ting-Lu|spa|1
|
|-heal|p1a: Ting-Lu|84/100|[from] item: Leftovers
|upkeep
|turn|5
|
|t:|1757827886
|switch|p2a: Hatterene|Hatterene, F, shiny|100/100
|move|p1a: Ting-Lu|Ruination|p2a: Hatterene
|-damage|p2a: Hatterene|50/100
|
|-heal|p1a: Ting-Lu|91/100|[from] item: Leftovers
|-heal|p2a: Hatterene|56/100|[from] item: Leftovers
|upkeep
|turn|6
|
|t:|1757827893
|move|p1a: Ting-Lu|Ruination|p2a: Hatterene
|-damage|p2a: Hatterene|28/100
|move|p2a: Hatterene|Draining Kiss|p1a: Ting-Lu
|-supereffective|p1a: Ting-Lu
|-damage|p1a: Ting-Lu|55/100
|-heal|p2a: Hatterene|72/100|[from] drain|[of] p1a: Ting-Lu
|
|-heal|p1a: Ting-Lu|61/100|[from] item: Leftovers
|-heal|p2a: Hatterene|78/100|[from] item: Leftovers
|upkeep
|turn|7
|
|t:|1757827898
|move|p1a: Ting-Lu|Ruination|p2a: Hatterene
|-damage|p2a: Hatterene|39/100
|move|p2a: Hatterene|Draining Kiss|p1a: Ting-Lu
|-supereffective|p1a: Ting-Lu
|-damage|p1a: Ting-Lu|28/100
|-heal|p2a: Hatterene|80/100|[from] drain|[of] p1a: Ting-Lu
|
|-heal|p1a: Ting-Lu|34/100|[from] item: Leftovers
|-heal|p2a: Hatterene|86/100|[from] item: Leftovers
|upkeep
|turn|8
|
|t:|1757827905
|-terastallize|p1a: Ting-Lu|Dark
|move|p1a: Ting-Lu|Ruination|p2a: Hatterene|[miss]
|-miss|p1a: Ting-Lu|p2a: Hatterene
|move|p2a: Hatterene|Draining Kiss|p1a: Ting-Lu
|-supereffective|p1a: Ting-Lu
|-damage|p1a: Ting-Lu|0 fnt
|-heal|p2a: Hatterene|100/100|[from] drain|[of] p1a: Ting-Lu
|faint|p1a: Ting-Lu
|
|upkeep
|
|t:|1757827917
|switch|p1a: Gholdengo|Gholdengo|100/100
|-damage|p1a: Gholdengo|94/100|[from] Stealth Rock
|-item|p1a: Gholdengo|Air Balloon
|turn|9
|
|t:|1757827921
|switch|p2a: Salazzle|Salazzle, F, shiny|100/100
|move|p1a: Gholdengo|Make It Rain|p2a: Salazzle
|-resisted|p2a: Salazzle
|-damage|p2a: Salazzle|37/100
|-unboost|p1a: Gholdengo|spa|1
|
|upkeep
|turn|10
|
|t:|1757827927
|move|p2a: Salazzle|Fire Blast|p1a: Gholdengo
|-supereffective|p1a: Gholdengo
|-damage|p1a: Gholdengo|0 fnt
|-enditem|p1a: Gholdengo|Air Balloon
|faint|p1a: Gholdengo
|
|upkeep
|
|t:|1757827933
|switch|p1a: Iron Valiant|Iron Valiant|100/100
|-damage|p1a: Iron Valiant|94/100|[from] Stealth Rock
|-enditem|p1a: Iron Valiant|Booster Energy
|-activate|p1a: Iron Valiant|ability: Quark Drive|[fromitem]
|-start|p1a: Iron Valiant|quarkdrivespa
|turn|11
|
|t:|1757827935
|move|p2a: Salazzle|Venoshock|p1a: Iron Valiant
|-supereffective|p1a: Iron Valiant
|-damage|p1a: Iron Valiant|0 fnt
|faint|p1a: Iron Valiant
|-end|p1a: Iron Valiant|Quark Drive|[silent]
|
|upkeep
|
|t:|1757827940
|switch|p1a: Dragapult|Dragapult, M|100/100 par
|-damage|p1a: Dragapult|88/100 par|[from] Stealth Rock
|turn|12
|
|t:|1757827964
|move|p2a: Salazzle|Fire Blast|p1a: Dragapult|[miss]
|-miss|p2a: Salazzle|p1a: Dragapult
|move|p1a: Dragapult|Draco Meteor|p2a: Salazzle
|-damage|p2a: Salazzle|0 fnt
|-unboost|p1a: Dragapult|spa|2
|faint|p2a: Salazzle
|
|upkeep
|
|t:|1757827970
|switch|p2a: Gardevoir|Gardevoir, F, shiny|100/100
|-ability|p2a: Gardevoir|Infiltrator|Trace|[from] ability: Trace|[of] p1a: Dragapult
|turn|13
|
|t:|1757827976
|switch|p1a: Kingambit|Kingambit, M|100/100
|-damage|p1a: Kingambit|94/100|[from] Stealth Rock
|-activate|p1a: Kingambit|ability: Supreme Overlord
|-start|p1a: Kingambit|fallen3|[silent]
|move|p2a: Gardevoir|Moonblast|p1a: Kingambit
|-damage|p1a: Kingambit|44/100
|
|upkeep
|turn|14
|
|t:|1757827983
|switch|p2a: Tsareena|Tsareena, F, shiny|100/100
|move|p1a: Kingambit|Sucker Punch||[still]
|cant|p2a: Tsareena|ability: Queenly Majesty|Sucker Punch|[of] p1a: Kingambit
|
|upkeep
|turn|15
|
|t:|1757827989
|move|p2a: Tsareena|High Jump Kick|p1a: Kingambit|[miss]
|-miss|p2a: Tsareena|p1a: Kingambit
|-damage|p2a: Tsareena|50/100|[from] highjumpkick
|move|p1a: Kingambit|Iron Head|p2a: Tsareena
|-damage|p2a: Tsareena|0 fnt
|faint|p2a: Tsareena
|
|upkeep
|
|t:|1757828003
|switch|p2a: Gardevoir|Gardevoir, F, shiny|100/100
|-ability|p2a: Gardevoir|Supreme Overlord|Trace|[from] ability: Trace|[of] p1a: Kingambit
|-activate|p2a: Gardevoir|ability: Supreme Overlord
|-start|p2a: Gardevoir|fallen3|[silent]
|turn|16
|
|t:|1757828011
|move|p2a: Gardevoir|Moonblast|p1a: Kingambit
|-damage|p1a: Kingambit|0 fnt
|faint|p1a: Kingambit
|-end|p1a: Kingambit|fallen3|[silent]
|
|upkeep
|
|t:|1757828016
|switch|p1a: Great Tusk|Great Tusk|100/100
|-damage|p1a: Great Tusk|98/100|[from] Stealth Rock
|turn|17
|
|t:|1757828039
|move|p2a: Gardevoir|Moonblast|p1a: Great Tusk
|-supereffective|p1a: Great Tusk
|-damage|p1a: Great Tusk|0 fnt
|faint|p1a: Great Tusk
|-end|p1a: Great Tusk|Protosynthesis|[silent]
|
|upkeep
|
|t:|1757828043
|switch|p1a: Dragapult|Dragapult, M|88/100 par
|-damage|p1a: Dragapult|76/100 par|[from] Stealth Rock
|turn|18
|
|t:|1757828048
|move|p2a: Gardevoir|Moonblast|p1a: Dragapult
|-supereffective|p1a: Dragapult
|-damage|p1a: Dragapult|0 fnt
|faint|p1a: Dragapult
|
|win|y TX ya en el
|raw|Huvygamers's rating: 1043 &rarr; <strong>1027</strong><br />(-16 for losing)
|raw|y TX ya en el's rating: 1057 &rarr; <strong>1087</strong><br />(+30 for winning)
|l|☆Huvygamers
|player|p1|
