|j|☆YourFriendSanti
|j|☆Rhyenn
|t:|1757912588
|gametype|singles
|player|p1|YourFriendSanti|hilbert-wonderlauncher|1149
|player|p2|Rhyenn|infielder|1159
|gen|9
|tier|[Gen 9] OU
|rated|
|rule|HP Percentage Mod: HP is shown in percentages
|rule|Endless Battle Clause: Forcing endless battles is banned
|rule|Species Clause: Limit one of each Pokémon
|rule|OHKO Clause: OHKO moves are banned
|rule|Evasion Items Clause: Evasion items are banned
|rule|Evasion Moves Clause: Evasion moves are banned
|rule|Evasion Abilities Clause: Evasion abilities are banned
|rule|Sleep Moves Clause: Sleep-inducing moves are banned
|clearpoke
|poke|p1|Revavroom, F|
|poke|p1|Lokix, M|
|poke|p1|Ninetales-Alola, M|
|poke|p1|Skeledirge, F|
|poke|p1|Great Tusk|
|poke|p1|Iron Hands|
|poke|p2|Zamazenta-*|
|poke|p2|Hoopa-Unbound|
|poke|p2|Iron Moth|
|poke|p2|Kingambit, M|
|poke|p2|Hatterene, F|
|poke|p2|Landorus-Therian, M|
|teampreview
|
|t:|1757912595
|teamsize|p1|6
|teamsize|p2|6
|start
|switch|p1a: Iron Hands|Iron Hands|100/100
|switch|p2a: Hat Witch|Hatterene, F, shiny|100/100
|turn|1
|
|t:|1757912604
|switch|p2a: Garfield|Landorus-Therian, M, shiny|100/100
|-ability|p2a: Garfield|Intimidate|boost
|-unboost|p1a: Iron Hands|atk|1
|move|p1a: Iron Hands|Supercell Slam|p2a: Garfield
|-immune|p2a: Garfield
|-damage|p1a: Iron Hands|50/100|[from] supercellslam
|
|upkeep
|turn|2
|
|t:|1757912624
|move|p2a: Garfield|U-turn|p1a: Iron Hands
|-resisted|p1a: Iron Hands
|-damage|p1a: Iron Hands|44/100
|
|t:|1757912635
|switch|p2a: Pinky|Zamazenta, shiny|100/100|[from] U-turn
|-ability|p2a: Pinky|Dauntless Shield|boost
|-boost|p2a: Pinky|def|1
|move|p1a: Iron Hands|Ice Punch|p2a: Pinky
|-damage|p2a: Pinky|92/100
|
|-heal|p2a: Pinky|98/100|[from] item: Leftovers
|upkeep
|turn|3
|
|t:|1757912647
|switch|p2a: Garfield|Landorus-Therian, M, shiny|100/100
|-ability|p2a: Garfield|Intimidate|boost
|-unboost|p1a: Iron Hands|atk|1
|move|p1a: Iron Hands|Supercell Slam|p2a: Garfield
|-immune|p2a: Garfield
|-damage|p1a: Iron Hands|0 fnt|[from] supercellslam
|faint|p1a: Iron Hands
|-end|p1a: Iron Hands|Quark Drive|[silent]
|
|upkeep
|
|t:|1757912656
|switch|p1a: Ninetales|Ninetales-Alola, M|100/100
|-weather|Snowscape|[from] ability: Snow Warning|[of] p1a: Ninetales
|turn|4
|
|t:|1757912670
|switch|p2a: Hat Witch|Hatterene, F, shiny|100/100
|move|p1a: Ninetales|Aurora Veil|p1a: Ninetales
|-sidestart|p1: YourFriendSanti|move: Aurora Veil
|
|-weather|Snowscape|[upkeep]
|upkeep
|turn|5
|
|t:|1757912678
|move|p1a: Ninetales|Blizzard|p2a: Hat Witch
|-damage|p2a: Hat Witch|61/100
|-status|p2a: Hat Witch|frz
|cant|p2a: Hat Witch|frz
|
|-weather|Snowscape|[upkeep]
|-heal|p2a: Hat Witch|67/100 frz|[from] item: Leftovers
|upkeep
|turn|6
|
|t:|1757912688
|switch|p1a: Asgore's Truck|Revavroom, F|100/100
|-item|p1a: Asgore's Truck|Air Balloon
|-curestatus|p2a: Hat Witch|frz|[msg]
|move|p2a: Hat Witch|Mystical Fire|p1a: Asgore's Truck
|-supereffective|p1a: Asgore's Truck
|-damage|p1a: Asgore's Truck|64/100
|-unboost|p1a: Asgore's Truck|spa|1
|-enditem|p1a: Asgore's Truck|Air Balloon
|
|-weather|Snowscape|[upkeep]
|-heal|p2a: Hat Witch|73/100|[from] item: Leftovers
|upkeep
|turn|7
|
|t:|1757912710
|switch|p2a: Garfield|Landorus-Therian, M, shiny|100/100
|-ability|p2a: Garfield|Intimidate|boost
|-unboost|p1a: Asgore's Truck|atk|1
|move|p1a: Asgore's Truck|Iron Head|p2a: Garfield
|-damage|p2a: Garfield|69/100
|
|-weather|Snowscape|[upkeep]
|upkeep
|turn|8
|
|t:|1757912724
|switch|p1a: Ninetales|Ninetales-Alola, M|100/100
|move|p2a: Garfield|Earthquake|p1a: Ninetales
|-damage|p1a: Ninetales|73/100
|
|-weather|none
|upkeep
|turn|9
|
|t:|1757912736
|switch|p2a: Motthew|Iron Moth|100/100
|move|p1a: Ninetales|Blizzard|p2a: Motthew|[miss]
|-miss|p1a: Ninetales|p2a: Motthew
|
|upkeep
|turn|10
|
|t:|1757912747
|switch|p1a: Skeledirge|Skeledirge, F|100/100
|move|p2a: Motthew|Flamethrower|p1a: Skeledirge
|-resisted|p1a: Skeledirge
|-damage|p1a: Skeledirge|90/100
|
|upkeep
|turn|11
|
|t:|1757912754
|move|p2a: Motthew|Sludge Wave|p1a: Skeledirge
|-resisted|p1a: Skeledirge
|-damage|p1a: Skeledirge|80/100
|move|p1a: Skeledirge|Hex|p2a: Motthew
|-damage|p2a: Motthew|82/100
|
|-sideend|p1: YourFriendSanti|move: Aurora Veil
|upkeep
|turn|12
|
|t:|1757912766
|move|p2a: Motthew|Discharge|p1a: Skeledirge
|-damage|p1a: Skeledirge|58/100
|move|p1a: Skeledirge|Slack Off|p1a: Skeledirge
|-heal|p1a: Skeledirge|100/100
|
|upkeep
|turn|13
|
|t:|1757912774
|move|p2a: Motthew|Discharge|p1a: Skeledirge
|-damage|p1a: Skeledirge|78/100
|move|p1a: Skeledirge|Torch Song|p2a: Motthew
|-resisted|p2a: Motthew
|-damage|p2a: Motthew|72/100
|-boost|p1a: Skeledirge|spa|1
|
|upkeep
|turn|14
|
|t:|1757912784
|move|p2a: Motthew|Discharge|p1a: Skeledirge
|-damage|p1a: Skeledirge|56/100
|-status|p1a: Skeledirge|par
|move|p1a: Skeledirge|Torch Song|p2a: Motthew
|-resisted|p2a: Motthew
|-damage|p2a: Motthew|57/100
|-boost|p1a: Skeledirge|spa|1
|
|upkeep
|turn|15
|
|t:|1757912798
|-end|p2a: Motthew|Quark Drive|[silent]
|switch|p2a: Garfield|Landorus-Therian, M, shiny|69/100
|-ability|p2a: Garfield|Intimidate|boost
|-unboost|p1a: Skeledirge|atk|1
|move|p1a: Skeledirge|Slack Off|p1a: Skeledirge
|-heal|p1a: Skeledirge|100/100 par
|
|upkeep
|turn|16
|
|t:|1757912812
|move|p2a: Garfield|Taunt|p1a: Skeledirge
|-start|p1a: Skeledirge|move: Taunt
|cant|p1a: Skeledirge|move: Taunt|Will-O-Wisp
|
|upkeep
|turn|17
|
|t:|1757912818
|move|p2a: Garfield|Stealth Rock|p1a: Skeledirge
|-sidestart|p1: YourFriendSanti|move: Stealth Rock
|cant|p1a: Skeledirge|par
|
|upkeep
|turn|18
|
|t:|1757912823
|move|p2a: Garfield|Earthquake|p1a: Skeledirge
|-supereffective|p1a: Skeledirge
|-damage|p1a: Skeledirge|11/100 par
|cant|p1a: Skeledirge|par
|
|-end|p1a: Skeledirge|move: Taunt
|upkeep
|turn|19
|
|t:|1757912831
|move|p2a: Garfield|U-turn|p1a: Skeledirge
|-resisted|p1a: Skeledirge
|-damage|p1a: Skeledirge|7/100 par
|
|t:|1757912835
|switch|p2a: Motthew|Iron Moth|57/100|[from] U-turn
|move|p1a: Skeledirge|Hex|p2a: Motthew
|-damage|p2a: Motthew|23/100
|
|upkeep
|turn|20
|
|t:|1757912843
|move|p2a: Motthew|Sludge Wave|p1a: Skeledirge
|-resisted|p1a: Skeledirge
|-damage|p1a: Skeledirge|0 fnt
|faint|p1a: Skeledirge
|
|upkeep
|
|t:|1757912852
|switch|p1a: Lokix|Lokix, M|100/100
|-damage|p1a: Lokix|76/100|[from] Stealth Rock
|turn|21
|
|t:|1757912860
|-end|p2a: Motthew|Quark Drive|[silent]
|switch|p2a: Show Gun|Kingambit, M, shiny|100/100
|move|p1a: Lokix|First Impression|p2a: Show Gun
|-damage|p2a: Show Gun|66/100
|-damage|p1a: Lokix|59/100|[from] item: Rocky Helmet|[of] p2a: Show Gun
|
|upkeep
|turn|22
|
|t:|1757912869
|move|p1a: Lokix|Sucker Punch|p2a: Show Gun
|-resisted|p2a: Show Gun
|-damage|p2a: Show Gun|35/100
|-damage|p1a: Lokix|43/100|[from] item: Rocky Helmet|[of] p2a: Show Gun
|move|p2a: Show Gun|Sucker Punch||[still]
|-fail|p2a: Show Gun
|
|upkeep
|turn|23
|
|t:|1757912877
|move|p1a: Lokix|Knock Off|p2a: Show Gun
|-resisted|p2a: Show Gun
|-damage|p2a: Show Gun|0 fnt
|-damage|p1a: Lokix|26/100|[from] item: Rocky Helmet|[of] p2a: Show Gun
|-enditem|p2a: Show Gun|Rocky Helmet|[from] move: Knock Off|[of] p1a: Lokix
|faint|p2a: Show Gun
|-end|p2a: Show Gun|fallenundefined|[silent]
|
|upkeep
|
|t:|1757912880
|switch|p2a: Garfield|Landorus-Therian, M, shiny|69/100
|-ability|p2a: Garfield|Intimidate|boost
|-unboost|p1a: Lokix|atk|1
|turn|24
|
|t:|1757912887
|move|p2a: Garfield|Taunt|p1a: Lokix
|-start|p1a: Lokix|move: Taunt
|move|p1a: Lokix|Knock Off|p2a: Garfield
|-damage|p2a: Garfield|27/100
|-enditem|p2a: Garfield|Heavy-Duty Boots|[from] move: Knock Off|[of] p1a: Lokix
|
|upkeep
|turn|25
|
|t:|1757912897
|switch|p2a: Hat Witch|Hatterene, F, shiny|73/100
|move|p1a: Lokix|Sucker Punch||[still]
|-fail|p1a: Lokix
|
|-heal|p2a: Hat Witch|78/100|[from] item: Leftovers
|upkeep
|turn|26
|
|t:|1757912910
|move|p1a: Lokix|U-turn|p2a: Hat Witch
|-damage|p2a: Hat Witch|53/100
|
|t:|1757912916
|switch|p1a: Ninetales|Ninetales-Alola, M|73/100|[from] U-turn
|-damage|p1a: Ninetales|48/100|[from] Stealth Rock
|-weather|Snowscape|[from] ability: Snow Warning|[of] p1a: Ninetales
|move|p2a: Hat Witch|Mystical Fire|p1a: Ninetales
|-supereffective|p1a: Ninetales
|-damage|p1a: Ninetales|0 fnt
|faint|p1a: Ninetales
|
|-weather|Snowscape|[upkeep]
|-heal|p2a: Hat Witch|59/100|[from] item: Leftovers
|upkeep
|
|t:|1757912928
|switch|p1a: Lokix|Lokix, M|26/100
|-damage|p1a: Lokix|1/100|[from] Stealth Rock
|turn|27
|
|t:|1757912943
|-terastallize|p1a: Lokix|Bug
|-terastallize|p2a: Hat Witch|Fire
|move|p1a: Lokix|First Impression|p2a: Hat Witch
|-resisted|p2a: Hat Witch
|-damage|p2a: Hat Witch|0 fnt
|faint|p2a: Hat Witch
|
|-weather|Snowscape|[upkeep]
|upkeep
|
|t:|1757912956
|switch|p2a: Pinky|Zamazenta, shiny|98/100
|turn|28
|
|t:|1757912961
|move|p2a: Pinky|Iron Defense|p2a: Pinky
|-boost|p2a: Pinky|def|2
|move|p1a: Lokix|Knock Off|p2a: Pinky
|-resisted|p2a: Pinky
|-damage|p2a: Pinky|76/100
|-enditem|p2a: Pinky|Leftovers|[from] move: Knock Off|[of] p1a: Lokix
|
|-weather|Snowscape|[upkeep]
|upkeep
|turn|29
|
|t:|1757912970
|move|p1a: Lokix|Sucker Punch||[still]
|-fail|p1a: Lokix
|move|p2a: Pinky|Iron Defense|p2a: Pinky
|-boost|p2a: Pinky|def|2
|
|-weather|Snowscape|[upkeep]
|upkeep
|turn|30
|
|t:|1757912977
|move|p2a: Pinky|Iron Defense|p2a: Pinky
|-boost|p2a: Pinky|def|2
|move|p1a: Lokix|U-turn|p2a: Pinky
|-resisted|p2a: Pinky
|-damage|p2a: Pinky|67/100
|
|t:|1757912982
|switch|p1a: Asgore's Truck|Revavroom, F|64/100|[from] U-turn
|-damage|p1a: Asgore's Truck|58/100|[from] Stealth Rock
|
|-weather|none
|upkeep
|turn|31
|
|t:|1757912990
|move|p2a: Pinky|Substitute|p2a: Pinky
|-start|p2a: Pinky|Substitute
|-damage|p2a: Pinky|42/100
|move|p1a: Asgore's Truck|Shift Gear|p1a: Asgore's Truck
|-boost|p1a: Asgore's Truck|spe|2
|-boost|p1a: Asgore's Truck|atk|1
|
|upkeep
|turn|32
|
|t:|1757912997
|move|p1a: Asgore's Truck|Shift Gear|p1a: Asgore's Truck
|-boost|p1a: Asgore's Truck|spe|2
|-boost|p1a: Asgore's Truck|atk|1
|move|p2a: Pinky|Body Press|p1a: Asgore's Truck
|-damage|p1a: Asgore's Truck|0 fnt
|faint|p1a: Asgore's Truck
|
|upkeep
|
|t:|1757913004
|switch|p1a: Lokix|Lokix, M, tera:Bug|1/100
|-damage|p1a: Lokix|0 fnt|[from] Stealth Rock
|faint|p1a: Lokix
|
|t:|1757913006
|switch|p1a: Great Tusk|Great Tusk|100/100
|-damage|p1a: Great Tusk|98/100|[from] Stealth Rock
|turn|33
|
|t:|1757913013
|move|p2a: Pinky|Body Press|p1a: Great Tusk
|-damage|p1a: Great Tusk|33/100
|move|p1a: Great Tusk|Earthquake|p2a: Pinky
|-activate|p2a: Pinky|move: Substitute|[damage]
|
|upkeep
|turn|34
|-message|YourFriendSanti forfeited.
|
|win|Rhyenn
|raw|YourFriendSanti's rating: 1149 &rarr; <strong>1125</strong><br />(-24 for losing)
|raw|Rhyenn's rating: 1159 &rarr; <strong>1183</strong><br />(+24 for winning)
|l|☆YourFriendSanti
|player|p1|
