|j|☆MadKingPropla201
|j|☆jibreel69
|t:|1757854768
|gametype|singles
|player|p1|MadKingPropla201|veteran|1306
|player|p2|jibreel69|265|1358
|gen|9
|tier|[Gen 9] OU
|rated|
|rule|HP Percentage Mod: HP is shown in percentages
|rule|Endless Battle Clause: Forcing endless battles is banned
|rule|Species Clause: Limit one of each Pokémon
|rule|OHKO Clause: OHKO moves are banned
|rule|Evasion Items Clause: Evasion items are banned
|rule|Evasion Moves Clause: Evasion moves are banned
|rule|Evasion Abilities Clause: Evasion abilities are banned
|rule|Sleep Moves Clause: Sleep-inducing moves are banned
|clearpoke
|poke|p1|Raging Bolt|
|poke|p1|Meowscarada, F|
|poke|p1|Corviknight, M|
|poke|p1|Slowking-Galar, M|
|poke|p1|Gliscor, F|
|poke|p1|Sinistcha|
|poke|p2|Iron Moth|
|poke|p2|Ting-Lu|
|poke|p2|Torkoal, M|
|poke|p2|Walking Wake|
|poke|p2|Great Tusk|
|poke|p2|Slither Wing|
|teampreview
|inactive|Battle timer is ON: inactive players will automatically lose when time's up. (requested by MadKingPropla201)
|
|t:|1757854781
|teamsize|p1|6
|teamsize|p2|6
|start
|switch|p1a: Gliscor|Gliscor, F|100/100
|switch|p2a: Great Tusk|Great Tusk|100/100
|turn|1
|
|t:|1757854791
|move|p1a: Gliscor|Protect|p1a: Gliscor
|-singleturn|p1a: Gliscor|Protect
|move|p2a: Great Tusk|Bulk Up|p2a: Great Tusk
|-boost|p2a: Great Tusk|atk|1
|-boost|p2a: Great Tusk|def|1
|
|-status|p1a: Gliscor|tox|[from] item: Toxic Orb
|upkeep
|turn|2
|
|t:|1757854801
|move|p2a: Great Tusk|Ice Spinner|p1a: Gliscor
|-supereffective|p1a: Gliscor
|-damage|p1a: Gliscor|0 fnt
|faint|p1a: Gliscor
|
|upkeep
|
|t:|1757854806
|switch|p1a: Sinistcha|Sinistcha|100/100
|turn|3
|
|t:|1757854813
|-end|p2a: Great Tusk|Protosynthesis|[silent]
|switch|p2a: Torkoal|Torkoal, M|100/100
|-weather|SunnyDay|[from] ability: Drought|[of] p2a: Torkoal
|move|p1a: Sinistcha|Matcha Gotcha|p2a: Torkoal
|-resisted|p2a: Torkoal
|-damage|p2a: Torkoal|74/100
|
|-weather|SunnyDay|[upkeep]
|upkeep
|turn|4
|
|t:|1757854824
|switch|p1a: Raging Bolt|Raging Bolt|100/100
|-activate|p1a: Raging Bolt|ability: Protosynthesis
|-start|p1a: Raging Bolt|protosynthesisspa
|move|p2a: Torkoal|Stealth Rock|p1a: Raging Bolt
|-sidestart|p1: MadKingPropla201|move: Stealth Rock
|
|-weather|SunnyDay|[upkeep]
|upkeep
|turn|5
|
|t:|1757854832
|switch|p2a: Ting-Lu|Ting-Lu|100/100
|-ability|p2a: Ting-Lu|Vessel of Ruin
|move|p1a: Raging Bolt|Calm Mind|p1a: Raging Bolt
|-boost|p1a: Raging Bolt|spa|1
|-boost|p1a: Raging Bolt|spd|1
|
|-weather|SunnyDay|[upkeep]
|upkeep
|turn|6
|
|t:|1757854844
|move|p1a: Raging Bolt|Dragon Pulse|p2a: Ting-Lu
|-damage|p2a: Ting-Lu|64/100
|move|p2a: Ting-Lu|Whirlwind|p1a: Raging Bolt
|-end|p1a: Raging Bolt|Protosynthesis|[silent]
|drag|p1a: Slowking|Slowking-Galar, M|100/100
|-damage|p1a: Slowking|88/100|[from] Stealth Rock
|
|-weather|SunnyDay|[upkeep]
|-heal|p1a: Slowking|94/100|[from] item: Leftovers
|upkeep
|turn|7
|
|t:|1757854852
|move|p2a: Ting-Lu|Spikes|p1a: Slowking
|-sidestart|p1: MadKingPropla201|Spikes
|-prepare|p1a: Slowking|Chilly Reception|[premajor]
|move|p1a: Slowking|Chilly Reception|p1a: Slowking
|-weather|Snowscape
|
|t:|1757854858
|switch|p1a: Corviknight|Corviknight, M|100/100|[from] Chilly Reception
|-ability|p1a: Corviknight|Pressure
|
|-weather|Snowscape|[upkeep]
|upkeep
|turn|8
|
|t:|1757854867
|switch|p2a: Iron Moth|Iron Moth|100/100
|move|p1a: Corviknight|Taunt|p2a: Iron Moth
|-start|p2a: Iron Moth|move: Taunt
|
|-weather|Snowscape|[upkeep]
|upkeep
|turn|9
|
|t:|1757854874
|move|p2a: Iron Moth|Fiery Dance|p1a: Corviknight
|-supereffective|p1a: Corviknight
|-damage|p1a: Corviknight|0 fnt
|faint|p1a: Corviknight
|
|-weather|Snowscape|[upkeep]
|upkeep
|
|t:|1757854882
|switch|p1a: Meowscarada|Meowscarada, F|100/100
|-damage|p1a: Meowscarada|88/100|[from] Stealth Rock
|-damage|p1a: Meowscarada|76/100|[from] Spikes
|turn|10
|
|t:|1757854903
|-end|p2a: Iron Moth|Quark Drive|[silent]
|switch|p2a: Slither Wing|Slither Wing|100/100
|move|p1a: Meowscarada|Knock Off|p2a: Slither Wing
|-start|p1a: Meowscarada|typechange|Dark|[from] ability: Protean
|-resisted|p2a: Slither Wing
|-damage|p2a: Slither Wing|71/100
|-enditem|p2a: Slither Wing|Choice Band|[from] move: Knock Off|[of] p1a: Meowscarada
|
|-weather|Snowscape|[upkeep]
|upkeep
|turn|11
|
|t:|1757854913
|switch|p1a: Slowking|Slowking-Galar, M|100/100
|-damage|p1a: Slowking|88/100|[from] Stealth Rock
|-damage|p1a: Slowking|76/100|[from] Spikes
|move|p2a: Slither Wing|U-turn|p1a: Slowking
|-damage|p1a: Slowking|35/100
|
|t:|1757854929
|-end|p2a: Slither Wing|Protosynthesis|[silent]
|switch|p2a: Iron Moth|Iron Moth|100/100|[from] U-turn
|
|-weather|none
|-heal|p1a: Slowking|41/100|[from] item: Leftovers
|upkeep
|turn|12
|
|t:|1757854935
|move|p2a: Iron Moth|Fiery Dance|p1a: Slowking
|-damage|p1a: Slowking|0 fnt
|faint|p1a: Slowking
|
|upkeep
|
|t:|1757854940
|switch|p1a: Meowscarada|Meowscarada, F|76/100
|-damage|p1a: Meowscarada|64/100|[from] Stealth Rock
|-damage|p1a: Meowscarada|51/100|[from] Spikes
|turn|13
|
|t:|1757854949
|-end|p2a: Iron Moth|Quark Drive|[silent]
|switch|p2a: Slither Wing|Slither Wing|71/100
|move|p1a: Meowscarada|U-turn|p2a: Slither Wing
|-start|p1a: Meowscarada|typechange|Bug|[from] ability: Protean
|-resisted|p2a: Slither Wing
|-damage|p2a: Slither Wing|48/100
|
|t:|1757854960
|switch|p1a: Raging Bolt|Raging Bolt|100/100|[from] U-turn
|-damage|p1a: Raging Bolt|88/100|[from] Stealth Rock
|-damage|p1a: Raging Bolt|76/100|[from] Spikes
|
|-heal|p1a: Raging Bolt|82/100|[from] item: Leftovers
|upkeep
|turn|14
|
|t:|1757854969
|move|p1a: Raging Bolt|Calm Mind|p1a: Raging Bolt
|-boost|p1a: Raging Bolt|spa|1
|-boost|p1a: Raging Bolt|spd|1
|move|p2a: Slither Wing|U-turn|p1a: Raging Bolt
|-damage|p1a: Raging Bolt|44/100
|
|t:|1757854986
|-end|p2a: Slither Wing|Protosynthesis|[silent]
|switch|p2a: Great Tusk|Great Tusk|100/100|[from] U-turn
|
|-heal|p1a: Raging Bolt|51/100|[from] item: Leftovers
|upkeep
|turn|15
|
|t:|1757854996
|move|p2a: Great Tusk|Headlong Rush|p1a: Raging Bolt
|-supereffective|p1a: Raging Bolt
|-damage|p1a: Raging Bolt|0 fnt
|-unboost|p2a: Great Tusk|def|1
|-unboost|p2a: Great Tusk|spd|1
|faint|p1a: Raging Bolt
|-end|p1a: Raging Bolt|Protosynthesis|[silent]
|
|upkeep
|
|t:|1757855000
|switch|p1a: Sinistcha|Sinistcha|100/100
|-damage|p1a: Sinistcha|88/100|[from] Stealth Rock
|-damage|p1a: Sinistcha|76/100|[from] Spikes
|turn|16
|
|t:|1757855006
|-end|p2a: Great Tusk|Protosynthesis|[silent]
|switch|p2a: Torkoal|Torkoal, M|74/100
|-weather|SunnyDay|[from] ability: Drought|[of] p2a: Torkoal
|move|p1a: Sinistcha|Giga Drain|p2a: Torkoal
|-resisted|p2a: Torkoal
|-damage|p2a: Torkoal|49/100
|-heal|p1a: Sinistcha|92/100|[from] drain|[of] p2a: Torkoal
|
|-weather|SunnyDay|[upkeep]
|upkeep
|turn|17
|
|t:|1757855029
|switch|p2a: Slither Wing|Slither Wing|48/100
|-activate|p2a: Slither Wing|ability: Protosynthesis
|-start|p2a: Slither Wing|protosynthesisatk
|-terastallize|p1a: Sinistcha|Dark
|move|p1a: Sinistcha|Shadow Ball|p2a: Slither Wing
|-damage|p2a: Slither Wing|4/100
|
|-weather|SunnyDay|[upkeep]
|upkeep
|turn|18
|
|t:|1757855043
|move|p2a: Slither Wing|First Impression|p1a: Sinistcha
|-supereffective|p1a: Sinistcha
|-damage|p1a: Sinistcha|0 fnt
|faint|p1a: Sinistcha
|
|-weather|SunnyDay|[upkeep]
|upkeep
|
|t:|1757855047
|switch|p1a: Meowscarada|Meowscarada, F|51/100
|-damage|p1a: Meowscarada|39/100|[from] Stealth Rock
|-damage|p1a: Meowscarada|27/100|[from] Spikes
|turn|19
|inactive|jibreel69 has 120 seconds left.
|l|☆jibreel69
|inactive|jibreel69 disconnected and has a minute to reconnect!
|player|p2|
|j|☆jibreel69
|inactive|jibreel69 reconnected and has 115 seconds left.
|player|p2|jibreel69|265|
|
|t:|1757855095
|-end|p2a: Slither Wing|Protosynthesis|[silent]
|switch|p2a: Iron Moth|Iron Moth|100/100
|move|p1a: Meowscarada|Flower Trick|p2a: Iron Moth
|-start|p1a: Meowscarada|typechange|Grass|[from] ability: Protean
|-resisted|p2a: Iron Moth
|-crit|p2a: Iron Moth
|-damage|p2a: Iron Moth|81/100
|
|-weather|SunnyDay|[upkeep]
|upkeep
|turn|20
|
|t:|1757855106
|move|p1a: Meowscarada|Flower Trick|p2a: Iron Moth
|-resisted|p2a: Iron Moth
|-crit|p2a: Iron Moth
|-damage|p2a: Iron Moth|60/100
|move|p2a: Iron Moth|Fiery Dance|p1a: Meowscarada
|-supereffective|p1a: Meowscarada
|-damage|p1a: Meowscarada|0 fnt
|-boost|p2a: Iron Moth|spa|1
|faint|p1a: Meowscarada
|
|win|jibreel69
|raw|MadKingPropla201's rating: 1306 &rarr; <strong>1289</strong><br />(-17 for losing)
|raw|jibreel69's rating: 1358 &rarr; <strong>1375</strong><br />(+17 for winning)
