|j|☆nescauzuxx
|j|☆icidswi
|t:|1757948435
|gametype|singles
|player|p1|nescauzuxx|brock|1075
|player|p2|icidswi|265|1086
|gen|9
|tier|[Gen 9] OU
|rated|
|rule|HP Percentage Mod: HP is shown in percentages
|rule|Endless Battle Clause: Forcing endless battles is banned
|rule|Species Clause: Limit one of each Pokémon
|rule|OHKO Clause: OHKO moves are banned
|rule|Evasion Items Clause: Evasion items are banned
|rule|Evasion Moves Clause: Evasion moves are banned
|rule|Evasion Abilities Clause: Evasion abilities are banned
|rule|Sleep Moves Clause: Sleep-inducing moves are banned
|clearpoke
|poke|p1|Araquanid, M|
|poke|p1|Breloom, F|
|poke|p1|Garchomp, F|
|poke|p1|Arcanine-Hisui, F|
|poke|p1|Lilligant-Hisui, F|
|poke|p1|Toxtricity, M|
|poke|p2|Persian-Alola, F|
|poke|p2|Charizard, F|
|poke|p2|Latios, M|
|poke|p2|Feraligatr, F|
|poke|p2|Polteageist|
|poke|p2|Vikavolt, F|
|teampreview
|inactive|Battle timer is ON: inactive players will automatically lose when time's up. (requested by icidswi)
|
|t:|1757948448
|teamsize|p1|6
|teamsize|p2|6
|start
|switch|p1a: Araquanid|Araquanid, M, shiny|100/100
|switch|p2a: Vikavolt|Vikavolt, F|100/100
|turn|1
|
|t:|1757948454
|-terastallize|p1a: Araquanid|Ground
|move|p2a: Vikavolt|Thunderbolt|p1a: Araquanid
|-immune|p1a: Araquanid
|move|p1a: Araquanid|Sticky Web|p2a: Vikavolt
|-sidestart|p2: icidswi|move: Sticky Web
|
|upkeep
|turn|2
|
|t:|1757948472
|move|p2a: Vikavolt|Energy Ball|p1a: Araquanid
|-supereffective|p1a: Araquanid
|-damage|p1a: Araquanid|36/100
|move|p1a: Araquanid|Substitute|p1a: Araquanid
|-start|p1a: Araquanid|Substitute
|-damage|p1a: Araquanid|11/100
|
|upkeep
|turn|3
|
|t:|1757948477
|move|p2a: Vikavolt|Sticky Web|p1a: Araquanid
|-sidestart|p1: nescauzuxx|move: Sticky Web
|move|p1a: Araquanid|Endeavor|p2a: Vikavolt
|-damage|p2a: Vikavolt|11/100
|
|upkeep
|turn|4
|
|t:|1757948493
|move|p2a: Vikavolt|Thunderbolt|p1a: Araquanid
|-immune|p1a: Araquanid
|move|p1a: Araquanid|Infestation|p2a: Vikavolt
|-damage|p2a: Vikavolt|7/100
|-activate|p2a: Vikavolt|move: Infestation|[of] p1a: Araquanid
|
|-damage|p2a: Vikavolt|0 fnt|[from] move: Infestation|[partiallytrapped]
|faint|p2a: Vikavolt
|upkeep
|
|t:|1757948497
|switch|p2a: Charizard|Charizard, F, shiny|100/100
|turn|5
|
|t:|1757948505
|-terastallize|p2a: Charizard|Steel
|move|p2a: Charizard|Flame Charge|p1a: Araquanid
|-activate|p1a: Araquanid|move: Substitute|[damage]
|-boost|p2a: Charizard|spe|1
|move|p1a: Araquanid|Endeavor|p2a: Charizard
|-damage|p2a: Charizard|13/100
|-enditem|p2a: Charizard|Sitrus Berry|[eat]
|-heal|p2a: Charizard|38/100|[from] item: Sitrus Berry
|
|upkeep
|turn|6
|
|t:|1757948531
|move|p2a: Charizard|Acrobatics|p1a: Araquanid
|-end|p1a: Araquanid|Substitute
|move|p1a: Araquanid|Infestation|p2a: Charizard
|-resisted|p2a: Charizard
|-damage|p2a: Charizard|35/100
|-activate|p2a: Charizard|move: Infestation|[of] p1a: Araquanid
|
|-damage|p2a: Charizard|23/100|[from] move: Infestation|[partiallytrapped]
|upkeep
|turn|7
|
|t:|1757948542
|move|p2a: Charizard|Acrobatics|p1a: Araquanid
|-damage|p1a: Araquanid|0 fnt
|-damage|p2a: Charizard|6/100|[from] item: Rocky Helmet|[of] p1a: Araquanid
|faint|p1a: Araquanid
|
|-end|p2a: Charizard|Infestation|[partiallytrapped]|[silent]
|upkeep
|
|t:|1757948551
|switch|p1a: Breloom|Breloom, F, shiny|100/100
|-activate|p1a: Breloom|move: Sticky Web
|-unboost|p1a: Breloom|spe|1
|turn|8
|
|t:|1757948558
|move|p1a: Breloom|Mach Punch|p2a: Charizard
|-supereffective|p2a: Charizard
|-damage|p2a: Charizard|0 fnt
|faint|p2a: Charizard
|-damage|p1a: Breloom|91/100|[from] item: Life Orb
|
|upkeep
|
|t:|1757948562
|switch|p2a: Latios|Latios, M, shiny|100/100
|turn|9
|
|t:|1757948574
|move|p2a: Latios|Dragon Dance|p2a: Latios
|-boost|p2a: Latios|atk|1
|-boost|p2a: Latios|spe|1
|move|p1a: Breloom|Rock Tomb|p2a: Latios
|-damage|p2a: Latios|44/100
|-unboost|p2a: Latios|spe|1
|-damage|p1a: Breloom|81/100|[from] item: Life Orb
|
|upkeep
|turn|10
|
|t:|1757948594
|move|p2a: Latios|Zen Headbutt|p1a: Breloom
|-supereffective|p1a: Breloom
|-damage|p1a: Breloom|0 fnt
|faint|p1a: Breloom
|
|upkeep
|
|t:|1757948602
|switch|p1a: Arcanine|Arcanine-Hisui, F|100/100
|-activate|p1a: Arcanine|move: Sticky Web
|-unboost|p1a: Arcanine|spe|1
|turn|11
|
|t:|1757948619
|move|p2a: Latios|Earthquake|p1a: Arcanine
|-supereffective|p1a: Arcanine
|-damage|p1a: Arcanine|0 fnt
|faint|p1a: Arcanine
|
|upkeep
|
|t:|1757948644
|switch|p1a: Garchomp|Garchomp, F|100/100
|-activate|p1a: Garchomp|move: Sticky Web
|-unboost|p1a: Garchomp|spe|1
|turn|12
|
|t:|1757948655
|move|p2a: Latios|Dragon Claw|p1a: Garchomp
|-supereffective|p1a: Garchomp
|-damage|p1a: Garchomp|0 fnt
|-damage|p2a: Latios|32/100|[from] ability: Rough Skin|[of] p1a: Garchomp
|-damage|p2a: Latios|15/100|[from] item: Rocky Helmet|[of] p1a: Garchomp
|faint|p1a: Garchomp
|
|upkeep
|
|t:|1757948675
|switch|p1a: Toxtricity|Toxtricity, M|100/100
|-item|p1a: Toxtricity|Air Balloon
|turn|13
|
|t:|1757948682
|move|p2a: Latios|Zen Headbutt|p1a: Toxtricity
|-supereffective|p1a: Toxtricity
|-damage|p1a: Toxtricity|0 fnt
|-enditem|p1a: Toxtricity|Air Balloon
|faint|p1a: Toxtricity
|
|upkeep
|
|t:|1757948686
|switch|p1a: Lilligant|Lilligant-Hisui, F|100/100
|-activate|p1a: Lilligant|move: Sticky Web
|-unboost|p1a: Lilligant|spe|1
|turn|14
|
|t:|1757948691
|move|p2a: Latios|Zen Headbutt|p1a: Lilligant
|-supereffective|p1a: Lilligant
|-enditem|p1a: Lilligant|Focus Sash
|-damage|p1a: Lilligant|1/100
|move|p1a: Lilligant|Victory Dance|p1a: Lilligant
|-boost|p1a: Lilligant|atk|1
|-boost|p1a: Lilligant|def|1
|-boost|p1a: Lilligant|spe|1
|
|upkeep
|turn|15
|
|t:|1757948698
|move|p2a: Latios|Dragon Claw|p1a: Lilligant
|-damage|p1a: Lilligant|0 fnt
|faint|p1a: Lilligant
|
|win|icidswi
|raw|nescauzuxx's rating: 1075 &rarr; <strong>1054</strong><br />(-21 for losing)
|raw|icidswi's rating: 1086 &rarr; <strong>1112</strong><br />(+26 for winning)
|l|☆icidswi
|player|p2|
