|j|☆revpark
|j|☆Kis Vegallomas
|t:|1757870961
|gametype|singles
|player|p1|revpark|102|1369
|player|p2|Kis Vegallomas|265|1301
|gen|9
|tier|[Gen 9] OU
|rated|
|rule|HP Percentage Mod: HP is shown in percentages
|rule|Endless Battle Clause: Forcing endless battles is banned
|rule|Species Clause: Limit one of each Pokémon
|rule|OHKO Clause: OHKO moves are banned
|rule|Evasion Items Clause: Evasion items are banned
|rule|Evasion Moves Clause: Evasion moves are banned
|rule|Evasion Abilities Clause: Evasion abilities are banned
|rule|Sleep Moves Clause: Sleep-inducing moves are banned
|clearpoke
|poke|p1|Umbreon, F|
|poke|p1|Grimmsnarl, M|
|poke|p1|Landorus-Therian, M|
|poke|p1|Heatran, F|
|poke|p1|Gliscor, F|
|poke|p1|Goodra-Hisui, M|
|poke|p2|Goodra-Hisui, M|
|poke|p2|Pecharunt|
|poke|p2|Tsareena, F|
|poke|p2|Skeledirge, F|
|poke|p2|Scizor, M|
|poke|p2|Azumarill, M|
|teampreview
|inactive|Battle timer is ON: inactive players will automatically lose when time's up. (requested by revpark)
|
|t:|1757870983
|teamsize|p1|6
|teamsize|p2|6
|start
|switch|p1a: Landorus|Landorus-Therian, M|100/100
|switch|p2a: Scizor|Scizor, M|100/100
|-ability|p1a: Landorus|Intimidate|boost
|-unboost|p2a: Scizor|atk|1
|turn|1
|
|t:|1757871001
|move|p1a: Landorus|Stealth Rock|p2a: Scizor
|-sidestart|p2: Kis Vegallomas|move: Stealth Rock
|move|p2a: Scizor|Swords Dance|p2a: Scizor
|-boost|p2a: Scizor|atk|2
|
|upkeep
|turn|2
|
|t:|1757871014
|move|p1a: Landorus|U-turn|p2a: Scizor
|-resisted|p2a: Scizor
|-damage|p2a: Scizor|86/100
|-enditem|p2a: Scizor|Red Card|[of] p1a: Landorus
|drag|p1a: Goodra|Goodra-Hisui, M|100/100
|move|p2a: Scizor|Swords Dance|p2a: Scizor
|-boost|p2a: Scizor|atk|2
|
|upkeep
|turn|3
|
|t:|1757871026
|move|p2a: Scizor|Knock Off|p1a: Goodra
|-damage|p1a: Goodra|21/100
|-ability|p1a: Goodra|Gooey
|-unboost|p2a: Scizor|spe|1
|-enditem|p1a: Goodra|Leftovers|[from] move: Knock Off|[of] p2a: Scizor
|move|p1a: Goodra|Dragon Tail|p2a: Scizor
|-resisted|p2a: Scizor
|-damage|p2a: Scizor|77/100
|drag|p2a: Pecharunt|Pecharunt|100/100
|-damage|p2a: Pecharunt|88/100|[from] Stealth Rock
|
|upkeep
|turn|4
|
|t:|1757871042
|move|p2a: Pecharunt|Nasty Plot|p2a: Pecharunt
|-boost|p2a: Pecharunt|spa|2
|move|p1a: Goodra|Draco Meteor|p2a: Pecharunt
|-damage|p2a: Pecharunt|42/100
|-unboost|p1a: Goodra|spa|2
|
|upkeep
|turn|5
|
|t:|1757871050
|move|p2a: Pecharunt|Recover|p2a: Pecharunt
|-heal|p2a: Pecharunt|92/100
|move|p1a: Goodra|Dragon Tail|p2a: Pecharunt
|-damage|p2a: Pecharunt|81/100
|drag|p2a: Scizor|Scizor, M|77/100
|-damage|p2a: Scizor|65/100|[from] Stealth Rock
|
|upkeep
|turn|6
|
|t:|1757871061
|move|p2a: Scizor|Knock Off|p1a: Goodra
|-damage|p1a: Goodra|0 fnt
|-ability|p1a: Goodra|Gooey
|-unboost|p2a: Scizor|spe|1
|faint|p1a: Goodra
|
|upkeep
|
|t:|1757871074
|switch|p1a: Heatran|Heatran, F|100/100
|-item|p1a: Heatran|Air Balloon
|turn|7
|
|t:|1757871082
|switch|p2a: Azumarill|Azumarill, M|100/100
|-damage|p2a: Azumarill|88/100|[from] Stealth Rock
|move|p1a: Heatran|Flamethrower|p2a: Azumarill
|-resisted|p2a: Azumarill
|-damage|p2a: Azumarill|62/100
|
|upkeep
|turn|8
|
|t:|1757871093
|move|p1a: Heatran|Flash Cannon|p2a: Azumarill
|-damage|p2a: Azumarill|12/100
|-unboost|p2a: Azumarill|spd|1
|move|p2a: Azumarill|Liquidation|p1a: Heatran
|-supereffective|p1a: Heatran
|-damage|p1a: Heatran|0 fnt
|-enditem|p1a: Heatran|Air Balloon
|faint|p1a: Heatran
|
|upkeep
|inactive|revpark has 120 seconds left.
|
|t:|1757871119
|switch|p1a: Landorus|Landorus-Therian, M|100/100
|-ability|p1a: Landorus|Intimidate|boost
|-unboost|p2a: Azumarill|atk|1
|turn|9
|inactive|revpark has 120 seconds left.
|
|t:|1757871137
|switch|p2a: Tsareena|Tsareena, F|100/100
|-damage|p2a: Tsareena|88/100|[from] Stealth Rock
|-terastallize|p1a: Landorus|Flying
|move|p1a: Landorus|U-turn|p2a: Tsareena
|-supereffective|p2a: Tsareena
|-damage|p2a: Tsareena|42/100
|
|t:|1757871148
|switch|p1a: Gliscor|Gliscor, F|100/100|[from] U-turn
|
|-status|p1a: Gliscor|tox|[from] item: Toxic Orb
|upkeep
|turn|10
|
|t:|1757871159
|move|p1a: Gliscor|Swords Dance|p1a: Gliscor
|-boost|p1a: Gliscor|atk|2
|move|p2a: Tsareena|Rapid Spin|p1a: Gliscor
|-damage|p1a: Gliscor|93/100 tox
|-boost|p2a: Tsareena|spe|1
|-sideend|p2: Kis Vegallomas|Stealth Rock|[from] move: Rapid Spin|[of] p2a: Tsareena
|
|-heal|p1a: Gliscor|100/100 tox|[from] ability: Poison Heal
|upkeep
|turn|11
|
|t:|1757871168
|move|p2a: Tsareena|Reflect|p2a: Tsareena
|-sidestart|p2: Kis Vegallomas|Reflect
|move|p1a: Gliscor|Knock Off|p2a: Tsareena
|-damage|p2a: Tsareena|27/100
|-enditem|p2a: Tsareena|Light Clay|[from] move: Knock Off|[of] p1a: Gliscor
|
|upkeep
|turn|12
|
|t:|1757871179
|switch|p2a: Skeledirge|Skeledirge, F|100/100
|move|p1a: Gliscor|Earthquake|p2a: Skeledirge
|-supereffective|p2a: Skeledirge
|-damage|p2a: Skeledirge|74/100
|
|upkeep
|turn|13
|
|t:|1757871186
|move|p1a: Gliscor|Knock Off|p2a: Skeledirge
|-supereffective|p2a: Skeledirge
|-damage|p2a: Skeledirge|57/100
|-enditem|p2a: Skeledirge|Covert Cloak|[from] move: Knock Off|[of] p1a: Gliscor
|move|p2a: Skeledirge|Torch Song|p1a: Gliscor
|-damage|p1a: Gliscor|54/100 tox
|-boost|p2a: Skeledirge|spa|1
|
|-heal|p1a: Gliscor|66/100 tox|[from] ability: Poison Heal
|upkeep
|turn|14
|inactive|revpark has 120 seconds left.
|
|t:|1757871206
|move|p1a: Gliscor|Earthquake|p2a: Skeledirge
|-supereffective|p2a: Skeledirge
|-damage|p2a: Skeledirge|29/100
|move|p2a: Skeledirge|Slack Off|p2a: Skeledirge
|-heal|p2a: Skeledirge|79/100
|
|-heal|p1a: Gliscor|79/100 tox|[from] ability: Poison Heal
|upkeep
|turn|15
|
|t:|1757871215
|move|p1a: Gliscor|Protect|p1a: Gliscor
|-singleturn|p1a: Gliscor|Protect
|move|p2a: Skeledirge|Torch Song|p1a: Gliscor
|-activate|p1a: Gliscor|move: Protect
|
|-heal|p1a: Gliscor|91/100 tox|[from] ability: Poison Heal
|upkeep
|turn|16
|
|t:|1757871226
|move|p1a: Gliscor|Earthquake|p2a: Skeledirge
|-supereffective|p2a: Skeledirge
|-damage|p2a: Skeledirge|53/100
|move|p2a: Skeledirge|Torch Song|p1a: Gliscor
|-damage|p1a: Gliscor|16/100 tox
|-boost|p2a: Skeledirge|spa|1
|
|-heal|p1a: Gliscor|29/100 tox|[from] ability: Poison Heal
|upkeep
|turn|17
|
|t:|1757871236
|move|p1a: Gliscor|Earthquake|p2a: Skeledirge
|-supereffective|p2a: Skeledirge
|-damage|p2a: Skeledirge|26/100
|move|p2a: Skeledirge|Slack Off|p2a: Skeledirge
|-heal|p2a: Skeledirge|76/100
|
|-heal|p1a: Gliscor|41/100 tox|[from] ability: Poison Heal
|upkeep
|turn|18
|
|t:|1757871245
|move|p1a: Gliscor|Earthquake|p2a: Skeledirge
|-supereffective|p2a: Skeledirge
|-damage|p2a: Skeledirge|49/100
|move|p2a: Skeledirge|Slack Off|p2a: Skeledirge
|-heal|p2a: Skeledirge|99/100
|
|-heal|p1a: Gliscor|54/100 tox|[from] ability: Poison Heal
|-sideend|p2: Kis Vegallomas|Reflect
|upkeep
|turn|19
|inactive|revpark has 120 seconds left.
|
|t:|1757871255
|move|p1a: Gliscor|Protect|p1a: Gliscor
|-singleturn|p1a: Gliscor|Protect
|move|p2a: Skeledirge|Torch Song|p1a: Gliscor
|-activate|p1a: Gliscor|move: Protect
|
|-heal|p1a: Gliscor|66/100 tox|[from] ability: Poison Heal
|upkeep
|turn|20
|
|t:|1757871264
|move|p1a: Gliscor|Earthquake|p2a: Skeledirge
|-supereffective|p2a: Skeledirge
|-damage|p2a: Skeledirge|47/100
|move|p2a: Skeledirge|Torch Song|p1a: Gliscor
|-damage|p1a: Gliscor|0 fnt
|-boost|p2a: Skeledirge|spa|1
|faint|p1a: Gliscor
|
|upkeep
|inactive|revpark has 120 seconds left.
|
|t:|1757871275
|switch|p1a: Landorus|Landorus-Therian, M, tera:Flying|100/100
|-ability|p1a: Landorus|Intimidate|boost
|-unboost|p2a: Skeledirge|atk|1
|turn|21
|
|t:|1757871279
|move|p1a: Landorus|Earthquake|p2a: Skeledirge
|-supereffective|p2a: Skeledirge
|-damage|p2a: Skeledirge|0 fnt
|faint|p2a: Skeledirge
|
|upkeep
|
|t:|1757871290
|switch|p2a: Pecharunt|Pecharunt|81/100
|turn|22
|
|t:|1757871301
|-terastallize|p2a: Pecharunt|Flying
|move|p1a: Landorus|Earthquake|p2a: Pecharunt
|-immune|p2a: Pecharunt
|move|p2a: Pecharunt|Malignant Chain|p1a: Landorus
|-damage|p1a: Landorus|59/100
|
|upkeep
|turn|23
|inactive|revpark has 120 seconds left.
|
|t:|1757871327
|move|p1a: Landorus|U-turn|p2a: Pecharunt
|-resisted|p2a: Pecharunt
|-damage|p2a: Pecharunt|72/100
|
|t:|1757871330
|switch|p1a: Grimmsnarl|Grimmsnarl, M|100/100|[from] U-turn
|move|p2a: Pecharunt|Nasty Plot|p2a: Pecharunt
|-boost|p2a: Pecharunt|spa|2
|
|upkeep
|turn|24
|
|t:|1757871344
|move|p1a: Grimmsnarl|Trick|p2a: Pecharunt
|-activate|p1a: Grimmsnarl|move: Trick|[of] p2a: Pecharunt
|-item|p2a: Pecharunt|Choice Specs|[from] move: Trick
|-item|p1a: Grimmsnarl|Weakness Policy|[from] move: Trick
|move|p2a: Pecharunt|Malignant Chain|p1a: Grimmsnarl
|-supereffective|p1a: Grimmsnarl
|-damage|p1a: Grimmsnarl|0 fnt
|faint|p1a: Grimmsnarl
|
|upkeep
|inactive|revpark has 120 seconds left.
|
|t:|1757871358
|switch|p1a: Umbreon|Umbreon, F|100/100
|turn|25
|
|t:|1757871364
|move|p2a: Pecharunt|Malignant Chain|p1a: Umbreon
|-damage|p1a: Umbreon|31/100
|-status|p1a: Umbreon|tox
|-start|p1a: Umbreon|confusion|[from] ability: Poison Puppeteer|[of] p2a: Pecharunt
|-activate|p1a: Umbreon|ability: Synchronize
|-status|p2a: Pecharunt|tox
|-activate|p1a: Umbreon|confusion
|-damage|p1a: Umbreon|27/100 tox|[from] confusion
|
|-heal|p1a: Umbreon|33/100 tox|[from] item: Leftovers
|-damage|p2a: Pecharunt|66/100 tox|[from] psn
|-damage|p1a: Umbreon|27/100 tox|[from] psn
|upkeep
|turn|26
|
|t:|1757871378
|move|p2a: Pecharunt|Malignant Chain|p1a: Umbreon
|-damage|p1a: Umbreon|0 fnt
|faint|p1a: Umbreon
|
|-damage|p2a: Pecharunt|54/100 tox|[from] psn
|upkeep
|
|t:|1757871386
|switch|p1a: Landorus|Landorus-Therian, M, tera:Flying|59/100
|-ability|p1a: Landorus|Intimidate|boost
|-unboost|p2a: Pecharunt|atk|1
|turn|27
|
|t:|1757871390
|move|p1a: Landorus|Tera Blast|p2a: Pecharunt|[anim] Tera Blast Flying
|-damage|p2a: Pecharunt|14/100 tox
|move|p2a: Pecharunt|Malignant Chain|p1a: Landorus
|-damage|p1a: Landorus|0 fnt
|faint|p1a: Landorus
|
|win|Kis Vegallomas
|raw|revpark's rating: 1369 &rarr; <strong>1345</strong><br />(-24 for losing)
|raw|Kis Vegallomas's rating: 1301 &rarr; <strong>1325</strong><br />(+24 for winning)
|l|☆revpark
|player|p1|
|l|☆Kis Vegallomas
|player|p2|
