|j|☆niloswan
|j|☆KingPikaPika
|t:|1757938095
|gametype|singles
|player|p1|niloswan|zinzolin|1584
|player|p2|KingPikaPika|pokekid|1635
|gen|9
|tier|[Gen 9] OU
|rated|
|rule|HP Percentage Mod: HP is shown in percentages
|rule|Endless Battle Clause: Forcing endless battles is banned
|rule|Species Clause: Limit one of each Pokémon
|rule|OHKO Clause: OHKO moves are banned
|rule|Evasion Items Clause: Evasion items are banned
|rule|Evasion Moves Clause: Evasion moves are banned
|rule|Evasion Abilities Clause: Evasion abilities are banned
|rule|Sleep Moves Clause: Sleep-inducing moves are banned
|clearpoke
|poke|p1|Iron Valiant|
|poke|p1|Tinkaton, F|
|poke|p1|Sinistcha|
|poke|p1|Great Tusk|
|poke|p1|Scizor, M|
|poke|p1|Slowbro, F|
|poke|p2|Rillaboom, M|
|poke|p2|Hydreigon, M|
|poke|p2|Jirachi|
|poke|p2|Alomomola, F|
|poke|p2|Cinderace, F|
|poke|p2|Great Tusk|
|teampreview
|inactive|Battle timer is ON: inactive players will automatically lose when time's up. (requested by niloswan)
|
|t:|1757938110
|teamsize|p1|6
|teamsize|p2|6
|start
|switch|p1a: Slowbro|Slowbro, F|100/100
|switch|p2a: Hydreigon|Hydreigon, M|100/100
|turn|1
|
|t:|1757938123
|switch|p1a: Tinkaton|Tinkaton, F|100/100
|-ability|p1a: Tinkaton|Mold Breaker
|-item|p1a: Tinkaton|Air Balloon
|move|p2a: Hydreigon|Dark Pulse|p1a: Tinkaton
|-resisted|p1a: Tinkaton
|-damage|p1a: Tinkaton|76/100
|-enditem|p1a: Tinkaton|Air Balloon
|
|upkeep
|turn|2
|
|t:|1757938137
|switch|p2a: Great Tusk|Great Tusk|100/100
|move|p1a: Tinkaton|Thunder Wave|p2a: Great Tusk
|-immune|p2a: Great Tusk
|
|upkeep
|turn|3
|
|t:|1757938143
|switch|p1a: Sinistcha|Sinistcha|100/100
|move|p2a: Great Tusk|Headlong Rush|p1a: Sinistcha
|-resisted|p1a: Sinistcha
|-damage|p1a: Sinistcha|84/100
|-unboost|p2a: Great Tusk|def|1
|-unboost|p2a: Great Tusk|spd|1
|
|-heal|p1a: Sinistcha|90/100|[from] item: Leftovers
|upkeep
|turn|4
|
|t:|1757938157
|-end|p2a: Great Tusk|Protosynthesis|[silent]
|switch|p2a: Hydreigon|Hydreigon, M|100/100
|move|p1a: Sinistcha|Calm Mind|p1a: Sinistcha
|-boost|p1a: Sinistcha|spa|1
|-boost|p1a: Sinistcha|spd|1
|
|-heal|p1a: Sinistcha|96/100|[from] item: Leftovers
|upkeep
|turn|5
|
|t:|1757938170
|switch|p1a: Tinkaton|Tinkaton, F|76/100
|-ability|p1a: Tinkaton|Mold Breaker
|move|p2a: Hydreigon|Dark Pulse|p1a: Tinkaton
|-resisted|p1a: Tinkaton
|-damage|p1a: Tinkaton|48/100
|
|upkeep
|turn|6
|
|t:|1757938177
|move|p2a: Hydreigon|Dark Pulse|p1a: Tinkaton
|-resisted|p1a: Tinkaton
|-damage|p1a: Tinkaton|23/100
|move|p1a: Tinkaton|Stealth Rock|p2a: Hydreigon
|-sidestart|p2: KingPikaPika|move: Stealth Rock
|
|upkeep
|turn|7
|
|t:|1757938189
|move|p2a: Hydreigon|Dark Pulse|p1a: Tinkaton
|-resisted|p1a: Tinkaton
|-damage|p1a: Tinkaton|0 fnt
|faint|p1a: Tinkaton
|
|upkeep
|
|t:|1757938196
|switch|p1a: Scizor|Scizor, M|100/100
|turn|8
|
|t:|1757938206
|move|p2a: Hydreigon|Dark Pulse|p1a: Scizor
|-damage|p1a: Scizor|33/100
|cant|p1a: Scizor|flinch
|
|upkeep
|turn|9
|c|☆niloswan|waaa
|
|t:|1757938223
|switch|p1a: Iron Valiant|Iron Valiant|100/100
|-enditem|p1a: Iron Valiant|Booster Energy
|-activate|p1a: Iron Valiant|ability: Quark Drive|[fromitem]
|-start|p1a: Iron Valiant|quarkdrivespe
|move|p2a: Hydreigon|Dark Pulse|p1a: Iron Valiant
|-resisted|p1a: Iron Valiant
|-damage|p1a: Iron Valiant|71/100
|
|upkeep
|turn|10
|
|t:|1757938235
|switch|p2a: Jirachi|Jirachi|100/100
|-damage|p2a: Jirachi|94/100|[from] Stealth Rock
|move|p1a: Iron Valiant|Swords Dance|p1a: Iron Valiant
|-boost|p1a: Iron Valiant|atk|2
|
|upkeep
|turn|11
|
|t:|1757938242
|-terastallize|p1a: Iron Valiant|Dark
|move|p1a: Iron Valiant|Knock Off|p2a: Jirachi
|-supereffective|p2a: Jirachi
|-damage|p2a: Jirachi|0 fnt
|-enditem|p2a: Jirachi|Covert Cloak|[from] move: Knock Off|[of] p1a: Iron Valiant
|faint|p2a: Jirachi
|
|upkeep
|
|t:|1757938248
|switch|p2a: Rillaboom|Rillaboom, M, shiny|100/100
|-damage|p2a: Rillaboom|88/100|[from] Stealth Rock
|-fieldstart|move: Grassy Terrain|[from] ability: Grassy Surge|[of] p2a: Rillaboom
|turn|12
|inactive|niloswan has 120 seconds left.
|
|t:|1757938287
|-end|p1a: Iron Valiant|Quark Drive|[silent]
|switch|p1a: Sinistcha|Sinistcha|96/100
|move|p2a: Rillaboom|Grassy Glide|p1a: Sinistcha
|-resisted|p1a: Sinistcha
|-damage|p1a: Sinistcha|77/100
|
|-heal|p2a: Rillaboom|94/100|[from] Grassy Terrain
|-heal|p1a: Sinistcha|83/100|[from] Grassy Terrain
|-heal|p1a: Sinistcha|89/100|[from] item: Leftovers
|upkeep
|turn|13
|inactive|niloswan has 120 seconds left.
|
|t:|1757938304
|switch|p2a: Cinderace|Cinderace, F|100/100
|switch|p1a: Scizor|Scizor, M|33/100
|
|-heal|p1a: Scizor|39/100|[from] Grassy Terrain
|upkeep
|turn|14
|
|t:|1757938315
|move|p2a: Cinderace|Court Change|p2a: Cinderace
|-swapsideconditions
|-activate|p2a: Cinderace|move: Court Change
|move|p1a: Scizor|Knock Off|p2a: Cinderace
|-damage|p2a: Cinderace|32/100
|-enditem|p2a: Cinderace|Heavy-Duty Boots|[from] move: Knock Off|[of] p1a: Scizor
|
|-heal|p2a: Cinderace|38/100|[from] Grassy Terrain
|-heal|p1a: Scizor|45/100|[from] Grassy Terrain
|upkeep
|turn|15
|
|t:|1757938324
|switch|p1a: Slowbro|Slowbro, F|100/100
|-damage|p1a: Slowbro|88/100|[from] Stealth Rock
|move|p2a: Cinderace|U-turn|p1a: Slowbro
|-supereffective|p1a: Slowbro
|-damage|p1a: Slowbro|68/100
|
|t:|1757938326
|switch|p2a: Hydreigon|Hydreigon, M|100/100|[from] U-turn
|
|-heal|p1a: Slowbro|74/100|[from] Grassy Terrain
|-heal|p1a: Slowbro|80/100|[from] item: Leftovers
|upkeep
|turn|16
|inactive|niloswan has 120 seconds left.
|
|t:|1757938338
|switch|p1a: Iron Valiant|Iron Valiant, tera:Dark|71/100
|-damage|p1a: Iron Valiant|59/100|[from] Stealth Rock
|move|p2a: Hydreigon|Draco Meteor|p1a: Iron Valiant
|-damage|p1a: Iron Valiant|0 fnt
|-unboost|p2a: Hydreigon|spa|2
|faint|p1a: Iron Valiant
|-end|p1a: Iron Valiant|Quark Drive|[silent]
|
|-fieldend|move: Grassy Terrain
|upkeep
|inactive|niloswan has 120 seconds left.
|
|t:|1757938362
|switch|p1a: Sinistcha|Sinistcha|89/100
|-damage|p1a: Sinistcha|76/100|[from] Stealth Rock
|turn|17
|
|t:|1757938383
|switch|p2a: Rillaboom|Rillaboom, M, shiny|94/100
|-fieldstart|move: Grassy Terrain|[from] ability: Grassy Surge|[of] p2a: Rillaboom
|move|p1a: Sinistcha|Calm Mind|p1a: Sinistcha
|-boost|p1a: Sinistcha|spa|1
|-boost|p1a: Sinistcha|spd|1
|
|-heal|p2a: Rillaboom|100/100|[from] Grassy Terrain
|-heal|p1a: Sinistcha|82/100|[from] Grassy Terrain
|-heal|p1a: Sinistcha|88/100|[from] item: Leftovers
|upkeep
|turn|18
|
|t:|1757938394
|move|p2a: Rillaboom|Knock Off|p1a: Sinistcha
|-supereffective|p1a: Sinistcha
|-damage|p1a: Sinistcha|16/100
|-enditem|p1a: Sinistcha|Leftovers|[from] move: Knock Off|[of] p2a: Rillaboom
|move|p1a: Sinistcha|Calm Mind|p1a: Sinistcha
|-boost|p1a: Sinistcha|spa|1
|-boost|p1a: Sinistcha|spd|1
|
|-heal|p1a: Sinistcha|22/100|[from] Grassy Terrain
|upkeep
|turn|19
|
|t:|1757938402
|move|p2a: Rillaboom|Knock Off|p1a: Sinistcha
|-supereffective|p1a: Sinistcha
|-damage|p1a: Sinistcha|0 fnt
|faint|p1a: Sinistcha
|
|upkeep
|c|☆niloswan|im cooked
|inactive|niloswan has 90 seconds left.
|c|☆niloswan|hax + bad move had me
|
|t:|1757938447
|switch|p1a: Great Tusk|Great Tusk|100/100
|-damage|p1a: Great Tusk|98/100|[from] Stealth Rock
|-enditem|p1a: Great Tusk|Booster Energy
|-activate|p1a: Great Tusk|ability: Protosynthesis|[fromitem]
|-start|p1a: Great Tusk|protosynthesisatk
|turn|20
|inactive|KingPikaPika has 120 seconds left.
|
|t:|1757938487
|switch|p2a: Cinderace|Cinderace, F|38/100
|move|p1a: Great Tusk|Rapid Spin|p2a: Cinderace
|-damage|p2a: Cinderace|12/100
|-boost|p1a: Great Tusk|spe|1
|-sideend|p1: niloswan|Stealth Rock|[from] move: Rapid Spin|[of] p1a: Great Tusk
|
|-heal|p1a: Great Tusk|100/100|[from] Grassy Terrain
|-heal|p2a: Cinderace|18/100|[from] Grassy Terrain
|upkeep
|turn|21
|inactive|niloswan has 90 seconds left.
|
|t:|1757938496
|move|p1a: Great Tusk|Rapid Spin|p2a: Cinderace
|-damage|p2a: Cinderace|0 fnt
|-boost|p1a: Great Tusk|spe|1
|faint|p2a: Cinderace
|
|-fieldend|move: Grassy Terrain
|upkeep
|inactive|KingPikaPika has 120 seconds left.
|
|t:|1757938519
|switch|p2a: Rillaboom|Rillaboom, M, shiny|100/100
|-fieldstart|move: Grassy Terrain|[from] ability: Grassy Surge|[of] p2a: Rillaboom
|turn|22
|
|t:|1757938524
|-terastallize|p2a: Rillaboom|Grass
|move|p2a: Rillaboom|Grassy Glide|p1a: Great Tusk
|-supereffective|p1a: Great Tusk
|-damage|p1a: Great Tusk|0 fnt
|faint|p1a: Great Tusk
|-end|p1a: Great Tusk|Protosynthesis|[silent]
|
|upkeep
|
|t:|1757938530
|switch|p1a: Scizor|Scizor, M|45/100
|turn|23
|inactive|KingPikaPika has 120 seconds left.
|
|t:|1757938553
|switch|p2a: Alomomola|Alomomola, F|100/100
|move|p1a: Scizor|U-turn|p2a: Alomomola
|-damage|p2a: Alomomola|64/100
|
|t:|1757938558
|switch|p1a: Slowbro|Slowbro, F|100/100|[from] U-turn
|
|-heal|p2a: Alomomola|70/100|[from] Grassy Terrain
|upkeep
|turn|24
|inactive|KingPikaPika has 120 seconds left.
|
|t:|1757938577
|move|p2a: Alomomola|Scald|p1a: Slowbro
|-resisted|p1a: Slowbro
|-damage|p1a: Slowbro|93/100
|move|p1a: Slowbro|Calm Mind|p1a: Slowbro
|-boost|p1a: Slowbro|spa|1
|-boost|p1a: Slowbro|spd|1
|
|-heal|p2a: Alomomola|76/100|[from] Grassy Terrain
|-heal|p1a: Slowbro|99/100|[from] Grassy Terrain
|-heal|p1a: Slowbro|100/100|[from] item: Leftovers
|upkeep
|turn|25
|
|t:|1757938586
|move|p2a: Alomomola|Flip Turn|p1a: Slowbro
|-resisted|p1a: Slowbro
|-damage|p1a: Slowbro|96/100
|inactive|KingPikaPika has 120 seconds left.
|
|t:|1757938610
|switch|p2a: Hydreigon|Hydreigon, M|100/100|[from] Flip Turn
|move|p1a: Slowbro|Calm Mind|p1a: Slowbro
|-boost|p1a: Slowbro|spa|1
|-boost|p1a: Slowbro|spd|1
|
|-heal|p1a: Slowbro|100/100|[from] Grassy Terrain
|upkeep
|turn|26
|
|t:|1757938618
|move|p2a: Hydreigon|Dark Pulse|p1a: Slowbro
|-supereffective|p1a: Slowbro
|-damage|p1a: Slowbro|38/100
|move|p1a: Slowbro|Scald|p2a: Hydreigon
|-resisted|p2a: Hydreigon
|-damage|p2a: Hydreigon|72/100
|
|-heal|p1a: Slowbro|44/100|[from] Grassy Terrain
|-heal|p1a: Slowbro|50/100|[from] item: Leftovers
|-fieldend|move: Grassy Terrain
|upkeep
|turn|27
|inactive|KingPikaPika has 120 seconds left.
|
|t:|1757938627
|move|p2a: Hydreigon|Dark Pulse|p1a: Slowbro
|-supereffective|p1a: Slowbro
|-damage|p1a: Slowbro|0 fnt
|faint|p1a: Slowbro
|
|upkeep
|-message|niloswan forfeited.
|
|win|KingPikaPika
|raw|niloswan's rating: 1584 &rarr; <strong>1568</strong><br />(-16 for losing)
|raw|KingPikaPika's rating: 1657 &rarr; <strong>1673</strong><br />(+16 for winning)
|l|☆niloswan
|player|p1|
|l|☆KingPikaPika
|player|p2|
