|j|☆Trippi-Troppi6969
|j|☆njnoijoip
|t:|1757822388
|gametype|singles
|player|p1|Trippi-Troppi6969|swimmerf-gen4|1128
|player|p2|njnoijoip|richboy|1123
|gen|9
|tier|[Gen 9] OU
|rated|
|rule|HP Percentage Mod: HP is shown in percentages
|rule|Endless Battle Clause: Forcing endless battles is banned
|rule|Species Clause: Limit one of each Pokémon
|rule|OHKO Clause: OHKO moves are banned
|rule|Evasion Items Clause: Evasion items are banned
|rule|Evasion Moves Clause: Evasion moves are banned
|rule|Evasion Abilities Clause: Evasion abilities are banned
|rule|Sleep Moves Clause: Sleep-inducing moves are banned
|clearpoke
|poke|p1|Fezandipiti, M|
|poke|p1|Ribombee, F|
|poke|p1|Great Tusk|
|poke|p1|Latios, M|
|poke|p1|Hoopa-Unbound|
|poke|p1|Chansey, F|
|poke|p2|Excadrill, F|
|poke|p2|Tyranitar, F|
|poke|p2|Garganacl, F|
|poke|p2|Skarmory, F|
|poke|p2|Dragapult, F|
|poke|p2|Alomomola, F|
|teampreview
|
|t:|1757822398
|teamsize|p1|6
|teamsize|p2|6
|start
|switch|p1a: Ribombee|Ribombee, F|100/100
|switch|p2a: Tyranitar|Tyranitar, F|100/100
|-weather|Sandstorm|[from] ability: Sand Stream|[of] p2a: Tyranitar
|turn|1
|inactive|Battle timer is ON: inactive players will automatically lose when time's up. (requested by Trippi-Troppi6969)
|
|t:|1757822407
|move|p1a: Ribombee|Sticky Web|p2a: Tyranitar
|-sidestart|p2: njnoijoip|move: Sticky Web
|move|p2a: Tyranitar|Knock Off|p1a: Ribombee
|-resisted|p1a: Ribombee
|-damage|p1a: Ribombee|61/100
|-enditem|p1a: Ribombee|Focus Sash|[from] move: Knock Off|[of] p2a: Tyranitar
|
|-weather|Sandstorm|[upkeep]
|-damage|p1a: Ribombee|55/100|[from] Sandstorm
|upkeep
|turn|2
|
|t:|1757822431
|switch|p2a: Skarmory|Skarmory, F|100/100
|move|p1a: Ribombee|Stun Spore|p2a: Skarmory|[miss]
|-miss|p1a: Ribombee|p2a: Skarmory
|
|-weather|Sandstorm|[upkeep]
|-damage|p1a: Ribombee|49/100|[from] Sandstorm
|upkeep
|turn|3
|
|t:|1757822438
|move|p1a: Ribombee|Stun Spore|p2a: Skarmory
|-status|p2a: Skarmory|par
|cant|p2a: Skarmory|par
|
|-weather|Sandstorm|[upkeep]
|-damage|p1a: Ribombee|43/100|[from] Sandstorm
|upkeep
|turn|4
|
|t:|1757822443
|move|p1a: Ribombee|U-turn|p2a: Skarmory
|-resisted|p2a: Skarmory
|-damage|p2a: Skarmory|98/100 par
|-damage|p1a: Ribombee|27/100|[from] item: Rocky Helmet|[of] p2a: Skarmory
|
|t:|1757822457
|switch|p1a: Hoopa|Hoopa-Unbound|100/100|[from] U-turn
|move|p2a: Skarmory|Spikes|p1a: Hoopa
|-sidestart|p1: Trippi-Troppi6969|Spikes
|
|-weather|Sandstorm|[upkeep]
|-damage|p1a: Hoopa|95/100|[from] Sandstorm
|upkeep
|turn|5
|
|t:|1757822479
|move|p1a: Hoopa|Drain Punch|p2a: Skarmory
|-damage|p2a: Skarmory|80/100 par
|-heal|p1a: Hoopa|100/100|[from] drain|[of] p2a: Skarmory
|-damage|p1a: Hoopa|84/100|[from] item: Rocky Helmet|[of] p2a: Skarmory
|move|p2a: Skarmory|Iron Defense|p2a: Skarmory
|-boost|p2a: Skarmory|def|2
|
|-weather|none
|upkeep
|turn|6
|
|t:|1757822488
|switch|p1a: Latios|Latios, M|100/100
|move|p2a: Skarmory|Iron Defense|p2a: Skarmory
|-boost|p2a: Skarmory|def|2
|
|upkeep
|turn|7
|
|t:|1757822495
|-terastallize|p1a: Latios|Fairy
|move|p1a: Latios|Calm Mind|p1a: Latios
|-boost|p1a: Latios|spa|1
|-boost|p1a: Latios|spd|1
|move|p2a: Skarmory|Iron Defense|p2a: Skarmory
|-boost|p2a: Skarmory|def|2
|
|upkeep
|turn|8
|
|t:|1757822507
|move|p1a: Latios|Luster Purge|p2a: Skarmory
|-resisted|p2a: Skarmory
|-damage|p2a: Skarmory|14/100 par
|-unboost|p2a: Skarmory|spd|1
|move|p2a: Skarmory|Body Press|p1a: Latios
|-resisted|p1a: Latios
|-damage|p1a: Latios|43/100
|
|upkeep
|turn|9
|
|t:|1757822515
|switch|p2a: Tyranitar|Tyranitar, F|100/100
|-weather|Sandstorm|[from] ability: Sand Stream|[of] p2a: Tyranitar
|move|p1a: Latios|Luster Purge|p2a: Tyranitar
|-immune|p2a: Tyranitar
|
|-weather|Sandstorm|[upkeep]
|-damage|p1a: Latios|37/100|[from] Sandstorm
|upkeep
|turn|10
|
|t:|1757822524
|switch|p1a: Great Tusk|Great Tusk|100/100
|move|p2a: Tyranitar|Knock Off|p1a: Great Tusk
|-resisted|p1a: Great Tusk
|-damage|p1a: Great Tusk|86/100
|-enditem|p1a: Great Tusk|Heavy-Duty Boots|[from] move: Knock Off|[of] p2a: Tyranitar
|
|-weather|Sandstorm|[upkeep]
|upkeep
|turn|11
|
|t:|1757822533
|switch|p2a: Alomomola|Alomomola, F|100/100
|move|p1a: Great Tusk|Knock Off|p2a: Alomomola
|-damage|p2a: Alomomola|79/100
|-enditem|p2a: Alomomola|Heavy-Duty Boots|[from] move: Knock Off|[of] p1a: Great Tusk
|
|-weather|Sandstorm|[upkeep]
|-damage|p2a: Alomomola|73/100|[from] Sandstorm
|upkeep
|turn|12
|
|t:|1757822539
|move|p1a: Great Tusk|Rapid Spin|p2a: Alomomola
|-damage|p2a: Alomomola|61/100
|-boost|p1a: Great Tusk|spe|1
|-sideend|p1: Trippi-Troppi6969|Spikes|[from] move: Rapid Spin|[of] p1a: Great Tusk
|move|p2a: Alomomola|Wish|p2a: Alomomola
|
|-weather|Sandstorm|[upkeep]
|-damage|p2a: Alomomola|55/100|[from] Sandstorm
|upkeep
|turn|13
|
|t:|1757822548
|move|p1a: Great Tusk|Close Combat|p2a: Alomomola
|-damage|p2a: Alomomola|11/100
|-unboost|p1a: Great Tusk|def|1
|-unboost|p1a: Great Tusk|spd|1
|move|p2a: Alomomola|Flip Turn|p1a: Great Tusk
|-supereffective|p1a: Great Tusk
|-damage|p1a: Great Tusk|56/100
|
|t:|1757822555
|switch|p2a: Skarmory|Skarmory, F|14/100 par|[from] Flip Turn
|
|-weather|none
|-heal|p2a: Skarmory|85/100 par|[from] move: Wish|[wisher] Alomomola
|upkeep
|turn|14
|
|t:|1757822570
|-end|p1a: Great Tusk|Protosynthesis|[silent]
|switch|p1a: Latios|Latios, M, tera:Fairy|37/100
|move|p2a: Skarmory|Body Press|p1a: Latios
|-resisted|p1a: Latios
|-damage|p1a: Latios|22/100
|
|upkeep
|turn|15
|
|t:|1757822595
|switch|p2a: Garganacl|Garganacl, F|100/100
|move|p1a: Latios|Calm Mind|p1a: Latios
|-boost|p1a: Latios|spa|1
|-boost|p1a: Latios|spd|1
|
|upkeep
|turn|16
|
|t:|1757822601
|move|p1a: Latios|Draco Meteor|p2a: Garganacl
|-damage|p2a: Garganacl|27/100
|-unboost|p1a: Latios|spa|2
|move|p2a: Garganacl|Salt Cure|p1a: Latios
|-damage|p1a: Latios|8/100
|-start|p1a: Latios|Salt Cure
|
|-damage|p1a: Latios|0 fnt|[from] Salt Cure
|faint|p1a: Latios
|upkeep
|
|t:|1757822608
|switch|p1a: Hoopa|Hoopa-Unbound|84/100
|turn|17
|
|t:|1757822623
|switch|p2a: Dragapult|Dragapult, F|100/100
|move|p1a: Hoopa|Hyperspace Fury|p2a: Dragapult
|-supereffective|p2a: Dragapult
|-damage|p2a: Dragapult|0 fnt
|-unboost|p1a: Hoopa|def|1
|faint|p2a: Dragapult
|
|upkeep
|
|t:|1757822627
|switch|p2a: Tyranitar|Tyranitar, F|100/100
|-weather|Sandstorm|[from] ability: Sand Stream|[of] p2a: Tyranitar
|turn|18
|
|t:|1757822634
|switch|p1a: Great Tusk|Great Tusk|56/100
|move|p2a: Tyranitar|Knock Off|p1a: Great Tusk
|-resisted|p1a: Great Tusk
|-damage|p1a: Great Tusk|47/100
|
|-weather|Sandstorm|[upkeep]
|upkeep
|turn|19
|
|t:|1757822648
|switch|p2a: Skarmory|Skarmory, F|85/100 par
|move|p1a: Great Tusk|Close Combat|p2a: Skarmory
|-damage|p2a: Skarmory|45/100 par
|-unboost|p1a: Great Tusk|def|1
|-unboost|p1a: Great Tusk|spd|1
|-damage|p1a: Great Tusk|30/100|[from] item: Rocky Helmet|[of] p2a: Skarmory
|
|-weather|Sandstorm|[upkeep]
|upkeep
|turn|20
|
|t:|1757822671
|-end|p1a: Great Tusk|Protosynthesis|[silent]
|switch|p1a: Chansey|Chansey, F|100/100
|move|p2a: Skarmory|Iron Defense|p2a: Skarmory
|-boost|p2a: Skarmory|def|2
|
|-weather|Sandstorm|[upkeep]
|-damage|p1a: Chansey|94/100|[from] Sandstorm
|upkeep
|turn|21
|
|t:|1757822680
|move|p1a: Chansey|Stealth Rock|p2a: Skarmory
|-sidestart|p2: njnoijoip|move: Stealth Rock
|cant|p2a: Skarmory|par
|
|-weather|Sandstorm|[upkeep]
|-damage|p1a: Chansey|88/100|[from] Sandstorm
|upkeep
|turn|22
|
|t:|1757822687
|move|p1a: Chansey|Seismic Toss|p2a: Skarmory
|-damage|p2a: Skarmory|15/100 par
|-damage|p1a: Chansey|71/100|[from] item: Rocky Helmet|[of] p2a: Skarmory
|cant|p2a: Skarmory|par
|
|-weather|none
|upkeep
|turn|23
|
|t:|1757822696
|switch|p2a: Tyranitar|Tyranitar, F|100/100
|-weather|Sandstorm|[from] ability: Sand Stream|[of] p2a: Tyranitar
|move|p1a: Chansey|Seismic Toss|p2a: Tyranitar
|-damage|p2a: Tyranitar|76/100
|
|-weather|Sandstorm|[upkeep]
|-damage|p1a: Chansey|65/100|[from] Sandstorm
|upkeep
|turn|24
|
|t:|1757822713
|switch|p2a: Excadrill|Excadrill, F|100/100
|-damage|p2a: Excadrill|97/100|[from] Stealth Rock
|-item|p2a: Excadrill|Air Balloon
|switch|p1a: Hoopa|Hoopa-Unbound|84/100
|
|-weather|Sandstorm|[upkeep]
|-damage|p1a: Hoopa|78/100|[from] Sandstorm
|upkeep
|turn|25
|
|t:|1757822724
|move|p2a: Excadrill|Swords Dance|p2a: Excadrill
|-boost|p2a: Excadrill|atk|2
|move|p1a: Hoopa|Drain Punch|p2a: Excadrill
|-supereffective|p2a: Excadrill
|-damage|p2a: Excadrill|8/100
|-heal|p1a: Hoopa|100/100|[from] drain|[of] p2a: Excadrill
|-enditem|p2a: Excadrill|Air Balloon
|
|-weather|Sandstorm|[upkeep]
|-damage|p1a: Hoopa|95/100|[from] Sandstorm
|upkeep
|turn|26
|
|t:|1757822733
|move|p2a: Excadrill|Earthquake|p1a: Hoopa
|-damage|p1a: Hoopa|0 fnt
|faint|p1a: Hoopa
|
|-weather|Sandstorm|[upkeep]
|upkeep
|
|t:|1757822761
|switch|p1a: Chansey|Chansey, F|65/100
|turn|27
|
|t:|1757822765
|move|p2a: Excadrill|Earthquake|p1a: Chansey
|-damage|p1a: Chansey|0 fnt
|faint|p1a: Chansey
|
|-weather|none
|upkeep
|
|t:|1757822773
|switch|p1a: Fezandipiti|Fezandipiti, M|100/100
|turn|28
|
|t:|1757822783
|move|p2a: Excadrill|Rapid Spin|p1a: Fezandipiti
|-damage|p1a: Fezandipiti|54/100
|-boost|p2a: Excadrill|spe|1
|-sideend|p2: njnoijoip|Stealth Rock|[from] move: Rapid Spin|[of] p2a: Excadrill
|-sideend|p2: njnoijoip|Sticky Web|[from] move: Rapid Spin|[of] p2a: Excadrill
|move|p1a: Fezandipiti|Brave Bird|p2a: Excadrill
|-resisted|p2a: Excadrill
|-damage|p2a: Excadrill|0 fnt
|faint|p2a: Excadrill
|-damage|p1a: Fezandipiti|51/100|[from] Recoil
|
|upkeep
|
|t:|1757822790
|switch|p2a: Alomomola|Alomomola, F|45/100
|turn|29
|
|t:|1757822796
|switch|p2a: Tyranitar|Tyranitar, F|76/100
|-weather|Sandstorm|[from] ability: Sand Stream|[of] p2a: Tyranitar
|move|p1a: Fezandipiti|Swords Dance|p1a: Fezandipiti
|-boost|p1a: Fezandipiti|atk|2
|
|-weather|Sandstorm|[upkeep]
|-damage|p1a: Fezandipiti|45/100|[from] Sandstorm
|upkeep
|turn|30
|
|t:|1757822806
|switch|p2a: Alomomola|Alomomola, F|78/100
|move|p1a: Fezandipiti|Gunk Shot|p2a: Alomomola
|-damage|p2a: Alomomola|15/100
|
|-weather|Sandstorm|[upkeep]
|-damage|p1a: Fezandipiti|39/100|[from] Sandstorm
|-damage|p2a: Alomomola|9/100|[from] Sandstorm
|upkeep
|turn|31
|
|t:|1757822814
|move|p2a: Alomomola|Protect|p2a: Alomomola
|-singleturn|p2a: Alomomola|Protect
|move|p1a: Fezandipiti|Gunk Shot|p2a: Alomomola
|-activate|p2a: Alomomola|move: Protect
|
|-weather|Sandstorm|[upkeep]
|-damage|p1a: Fezandipiti|33/100|[from] Sandstorm
|-damage|p2a: Alomomola|3/100|[from] Sandstorm
|upkeep
|turn|32
|
|t:|1757822825
|switch|p2a: Skarmory|Skarmory, F|15/100 par
|move|p1a: Fezandipiti|Brave Bird|p2a: Skarmory
|-resisted|p2a: Skarmory
|-damage|p2a: Skarmory|0 fnt
|-damage|p1a: Fezandipiti|16/100|[from] item: Rocky Helmet|[of] p2a: Skarmory
|faint|p2a: Skarmory
|-damage|p1a: Fezandipiti|11/100|[from] Recoil
|
|-weather|Sandstorm|[upkeep]
|-damage|p1a: Fezandipiti|5/100|[from] Sandstorm
|upkeep
|
|t:|1757822830
|switch|p2a: Alomomola|Alomomola, F|36/100
|turn|33
|
|t:|1757822838
|move|p2a: Alomomola|Protect|p2a: Alomomola
|-singleturn|p2a: Alomomola|Protect
|move|p1a: Fezandipiti|Gunk Shot|p2a: Alomomola
|-activate|p2a: Alomomola|move: Protect
|
|-weather|none
|upkeep
|turn|34
|
|t:|1757822847
|switch|p2a: Tyranitar|Tyranitar, F|76/100
|-weather|Sandstorm|[from] ability: Sand Stream|[of] p2a: Tyranitar
|move|p1a: Fezandipiti|Gunk Shot|p2a: Tyranitar
|-resisted|p2a: Tyranitar
|-damage|p2a: Tyranitar|30/100
|
|-weather|Sandstorm|[upkeep]
|-damage|p1a: Fezandipiti|0 fnt|[from] Sandstorm
|faint|p1a: Fezandipiti
|upkeep
|
|t:|1757822859
|switch|p1a: Ribombee|Ribombee, F|27/100
|turn|35
|
|t:|1757822865
|move|p1a: Ribombee|Moonblast|p2a: Tyranitar
|-supereffective|p2a: Tyranitar
|-damage|p2a: Tyranitar|6/100
|-unboost|p2a: Tyranitar|spa|1
|move|p2a: Tyranitar|Knock Off|p1a: Ribombee
|-resisted|p1a: Ribombee
|-damage|p1a: Ribombee|0 fnt
|faint|p1a: Ribombee
|
|-weather|Sandstorm|[upkeep]
|upkeep
|
|t:|1757822873
|switch|p1a: Great Tusk|Great Tusk|30/100
|turn|36
|
|t:|1757822878
|move|p1a: Great Tusk|Rapid Spin|p2a: Tyranitar
|-resisted|p2a: Tyranitar
|-damage|p2a: Tyranitar|0 fnt
|-boost|p1a: Great Tusk|spe|1
|faint|p2a: Tyranitar
|
|-weather|Sandstorm|[upkeep]
|upkeep
|
|t:|1757822882
|switch|p2a: Alomomola|Alomomola, F|69/100
|turn|37
|
|t:|1757822890
|move|p1a: Great Tusk|Close Combat|p2a: Alomomola
|-damage|p2a: Alomomola|28/100
|-unboost|p1a: Great Tusk|def|1
|-unboost|p1a: Great Tusk|spd|1
|move|p2a: Alomomola|Scald|p1a: Great Tusk
|-supereffective|p1a: Great Tusk
|-damage|p1a: Great Tusk|0 fnt
|faint|p1a: Great Tusk
|-end|p1a: Great Tusk|Protosynthesis|[silent]
|
|win|njnoijoip
|raw|Trippi-Troppi6969's rating: 1128 &rarr; <strong>1103</strong><br />(-25 for losing)
|raw|njnoijoip's rating: 1123 &rarr; <strong>1148</strong><br />(+25 for winning)
|l|☆Trippi-Troppi6969
|player|p1|
|l|☆njnoijoip
|player|p2|
