|j|☆jessies boyfriend
|j|☆Dubyaz13
|t:|1757900865
|gametype|singles
|player|p1|jessies boyfriend|brock|1434
|player|p2|Dubyaz13|linebacker|1430
|gen|9
|tier|[Gen 9] OU
|rated|
|rule|HP Percentage Mod: HP is shown in percentages
|rule|Endless Battle Clause: Forcing endless battles is banned
|rule|Species Clause: Limit one of each Pokémon
|rule|OHKO Clause: OHKO moves are banned
|rule|Evasion Items Clause: Evasion items are banned
|rule|Evasion Moves Clause: Evasion moves are banned
|rule|Evasion Abilities Clause: Evasion abilities are banned
|rule|Sleep Moves Clause: Sleep-inducing moves are banned
|clearpoke
|poke|p1|Munkidori, M|
|poke|p1|Fezandipiti, M|
|poke|p1|Okidogi, M|
|poke|p1|Corviknight, M|
|poke|p1|Porygon-Z|
|poke|p1|Zangoose, F|
|poke|p2|Iron Moth|
|poke|p2|Ting-Lu|
|poke|p2|Torkoal, M|
|poke|p2|Walking Wake|
|poke|p2|Great Tusk|
|poke|p2|Slither Wing|
|teampreview
|inactive|Battle timer is ON: inactive players will automatically lose when time's up. (requested by jessies boyfriend)
|
|t:|1757900877
|teamsize|p1|6
|teamsize|p2|6
|start
|switch|p1a: Munkidori|Munkidori, M|100/100
|switch|p2a: Torkoal|Torkoal, M|100/100
|-weather|SunnyDay|[from] ability: Drought|[of] p2a: Torkoal
|turn|1
|
|t:|1757900889
|move|p1a: Munkidori|U-turn|p2a: Torkoal
|-resisted|p2a: Torkoal
|-damage|p2a: Torkoal|97/100
|
|t:|1757900891
|switch|p1a: Zangoose|Zangoose, F, shiny|100/100|[from] U-turn
|move|p2a: Torkoal|Stealth Rock|p1a: Zangoose
|-sidestart|p1: jessies boyfriend|move: Stealth Rock
|
|-weather|SunnyDay|[upkeep]
|-status|p1a: Zangoose|tox|[from] item: Toxic Orb
|upkeep
|turn|2
|
|t:|1757900896
|move|p1a: Zangoose|Agility|p1a: Zangoose
|-boost|p1a: Zangoose|spe|2
|move|p2a: Torkoal|Lava Plume|p1a: Zangoose
|-damage|p1a: Zangoose|33/100 tox
|
|-weather|SunnyDay|[upkeep]
|-damage|p1a: Zangoose|27/100 tox|[from] psn
|upkeep
|turn|3
|
|t:|1757900904
|move|p1a: Zangoose|Swords Dance|p1a: Zangoose
|-boost|p1a: Zangoose|atk|2
|move|p2a: Torkoal|Lava Plume|p1a: Zangoose
|-damage|p1a: Zangoose|0 fnt
|faint|p1a: Zangoose
|
|-weather|SunnyDay|[upkeep]
|upkeep
|
|t:|1757900911
|switch|p1a: Munkidori|Munkidori, M|100/100
|-damage|p1a: Munkidori|88/100|[from] Stealth Rock
|turn|4
|
|t:|1757900917
|move|p1a: Munkidori|Focus Blast|p2a: Torkoal
|-damage|p2a: Torkoal|41/100
|-status|p2a: Torkoal|tox|[from] ability: Toxic Chain|[of] p1a: Munkidori
|move|p2a: Torkoal|Lava Plume|p1a: Munkidori
|-damage|p1a: Munkidori|48/100
|
|-weather|SunnyDay|[upkeep]
|-damage|p2a: Torkoal|35/100 tox|[from] psn
|upkeep
|turn|5
|
|t:|1757900929
|switch|p2a: Ting-Lu|Ting-Lu|100/100
|-ability|p2a: Ting-Lu|Vessel of Ruin
|move|p1a: Munkidori|Focus Blast|p2a: Ting-Lu
|-supereffective|p2a: Ting-Lu
|-damage|p2a: Ting-Lu|65/100
|-status|p2a: Ting-Lu|tox|[from] ability: Toxic Chain|[of] p1a: Munkidori
|
|-weather|SunnyDay|[upkeep]
|-damage|p2a: Ting-Lu|58/100 tox|[from] psn
|upkeep
|turn|6
|
|t:|1757900932
|move|p1a: Munkidori|Focus Blast|p2a: Ting-Lu|[miss]
|-miss|p1a: Munkidori|p2a: Ting-Lu
|move|p2a: Ting-Lu|Spikes|p1a: Munkidori
|-sidestart|p1: jessies boyfriend|Spikes
|
|-weather|SunnyDay|[upkeep]
|-damage|p2a: Ting-Lu|46/100 tox|[from] psn
|upkeep
|turn|7
|
|t:|1757900937
|move|p1a: Munkidori|Focus Blast|p2a: Ting-Lu|[miss]
|-miss|p1a: Munkidori|p2a: Ting-Lu
|move|p2a: Ting-Lu|Spikes|p1a: Munkidori
|-sidestart|p1: jessies boyfriend|Spikes
|
|-weather|SunnyDay|[upkeep]
|-damage|p2a: Ting-Lu|27/100 tox|[from] psn
|upkeep
|turn|8
|
|t:|1757900939
|move|p1a: Munkidori|Focus Blast|p2a: Ting-Lu
|-supereffective|p2a: Ting-Lu
|-damage|p2a: Ting-Lu|0 fnt
|faint|p2a: Ting-Lu
|
|-weather|none
|upkeep
|
|t:|1757900942
|switch|p2a: Torkoal|Torkoal, M|35/100 tox
|-weather|SunnyDay|[from] ability: Drought|[of] p2a: Torkoal
|turn|9
|
|t:|1757900949
|switch|p2a: Great Tusk|Great Tusk|100/100
|-activate|p2a: Great Tusk|ability: Protosynthesis
|-start|p2a: Great Tusk|protosynthesisspe
|move|p1a: Munkidori|Focus Blast|p2a: Great Tusk
|-damage|p2a: Great Tusk|42/100
|-status|p2a: Great Tusk|tox|[from] ability: Toxic Chain|[of] p1a: Munkidori
|
|-weather|SunnyDay|[upkeep]
|-damage|p2a: Great Tusk|36/100 tox|[from] psn
|upkeep
|turn|10
|
|t:|1757900958
|switch|p1a: Corviknight|Corviknight, M|100/100
|-damage|p1a: Corviknight|88/100|[from] Stealth Rock
|-ability|p1a: Corviknight|Pressure
|move|p2a: Great Tusk|Headlong Rush|p1a: Corviknight
|-immune|p1a: Corviknight
|
|-weather|SunnyDay|[upkeep]
|-damage|p2a: Great Tusk|23/100 tox|[from] psn
|upkeep
|turn|11
|
|t:|1757900965
|-end|p2a: Great Tusk|Protosynthesis|[silent]
|switch|p2a: Iron Moth|Iron Moth|100/100
|move|p1a: Corviknight|Defog|p2a: Iron Moth
|-unboost|p2a: Iron Moth|evasion|1
|-sideend|p1: jessies boyfriend|Spikes|[from] move: Defog|[of] p1a: Corviknight
|-sideend|p1: jessies boyfriend|Stealth Rock|[from] move: Defog|[of] p1a: Corviknight
|
|-weather|SunnyDay|[upkeep]
|upkeep
|turn|12
|
|t:|1757900981
|switch|p1a: Fezandipiti|Fezandipiti, M|100/100
|-terastallize|p2a: Iron Moth|Fire
|move|p2a: Iron Moth|Fiery Dance|p1a: Fezandipiti
|-damage|p1a: Fezandipiti|26/100
|-boost|p2a: Iron Moth|spa|1
|
|-weather|SunnyDay|[upkeep]
|upkeep
|turn|13
|
|t:|1757900988
|move|p2a: Iron Moth|Fiery Dance|p1a: Fezandipiti
|-damage|p1a: Fezandipiti|0 fnt
|faint|p1a: Fezandipiti
|
|-weather|SunnyDay|[upkeep]
|upkeep
|
|t:|1757900995
|switch|p1a: Munkidori|Munkidori, M|48/100
|turn|14
|
|t:|1757900997
|move|p1a: Munkidori|U-turn|p2a: Iron Moth
|-resisted|p2a: Iron Moth
|-damage|p2a: Iron Moth|91/100
|
|t:|1757900999
|switch|p1a: Corviknight|Corviknight, M|88/100|[from] U-turn
|-ability|p1a: Corviknight|Pressure
|move|p2a: Iron Moth|Fiery Dance|p1a: Corviknight
|-supereffective|p1a: Corviknight
|-damage|p1a: Corviknight|0 fnt
|-boost|p2a: Iron Moth|spa|1
|faint|p1a: Corviknight
|
|-weather|SunnyDay|[upkeep]
|upkeep
|
|t:|1757901002
|switch|p1a: Munkidori|Munkidori, M|48/100
|turn|15
|
|t:|1757901007
|move|p1a: Munkidori|Psychic|p2a: Iron Moth
|-damage|p2a: Iron Moth|37/100
|move|p2a: Iron Moth|Fiery Dance|p1a: Munkidori
|-damage|p1a: Munkidori|0 fnt
|-boost|p2a: Iron Moth|spa|1
|faint|p1a: Munkidori
|
|-weather|SunnyDay|[upkeep]
|upkeep
|
|t:|1757901014
|switch|p1a: ♾️|Porygon-Z, shiny|100/100
|-ability|p1a: ♾️|Download|boost
|-boost|p1a: ♾️|atk|1
|turn|16
|
|t:|1757901017
|move|p1a: ♾️|Endure|p1a: ♾️
|-singleturn|p1a: ♾️|move: Endure
|move|p2a: Iron Moth|Fiery Dance|p1a: ♾️
|-activate|p1a: ♾️|move: Endure
|-damage|p1a: ♾️|1/100
|-boost|p2a: Iron Moth|spa|1
|
|-weather|none
|upkeep
|turn|17
|-enditem|p1a: ♾️|Custap Berry|[eat]
|-activate|p1a: ♾️|item: Custap Berry|[consumed]
|
|t:|1757901021
|move|p1a: ♾️|Tri Attack|p2a: Iron Moth
|-damage|p2a: Iron Moth|0 fnt
|faint|p2a: Iron Moth
|-end|p2a: Iron Moth|Quark Drive|[silent]
|
|upkeep
|
|t:|1757901025
|switch|p2a: Torkoal|Torkoal, M|35/100 tox
|-weather|SunnyDay|[from] ability: Drought|[of] p2a: Torkoal
|turn|18
|
|t:|1757901029
|move|p1a: ♾️|Tri Attack|p2a: Torkoal
|-damage|p2a: Torkoal|0 fnt
|faint|p2a: Torkoal
|
|-weather|SunnyDay|[upkeep]
|upkeep
|
|t:|1757901032
|switch|p2a: Walking Wake|Walking Wake|100/100
|-activate|p2a: Walking Wake|ability: Protosynthesis
|-start|p2a: Walking Wake|protosynthesisspe
|turn|19
|
|t:|1757901041
|move|p1a: ♾️|Endure|p1a: ♾️
|-singleturn|p1a: ♾️|move: Endure
|move|p2a: Walking Wake|Hydro Steam|p1a: ♾️
|-activate|p1a: ♾️|move: Endure
|-damage|p1a: ♾️|1/100
|
|-weather|SunnyDay|[upkeep]
|upkeep
|turn|20
|
|t:|1757901045
|move|p2a: Walking Wake|Hydro Steam|p1a: ♾️
|-damage|p1a: ♾️|0 fnt
|faint|p1a: ♾️
|
|-weather|SunnyDay|[upkeep]
|upkeep
|
|t:|1757901047
|switch|p1a: Okidogi|Okidogi, M|100/100
|turn|21
|
|t:|1757901051
|-terastallize|p1a: Okidogi|Fighting
|move|p2a: Walking Wake|Hydro Steam|p1a: Okidogi
|-damage|p1a: Okidogi|11/100
|move|p1a: Okidogi|Drain Punch|p2a: Walking Wake
|-damage|p2a: Walking Wake|54/100
|-heal|p1a: Okidogi|32/100|[from] drain|[of] p2a: Walking Wake
|-status|p2a: Walking Wake|tox|[from] ability: Toxic Chain|[of] p1a: Okidogi
|
|-weather|SunnyDay|[upkeep]
|-heal|p1a: Okidogi|38/100|[from] item: Leftovers
|-damage|p2a: Walking Wake|47/100 tox|[from] psn
|upkeep
|turn|22
|
|t:|1757901056
|move|p2a: Walking Wake|Hydro Steam|p1a: Okidogi
|-damage|p1a: Okidogi|0 fnt
|faint|p1a: Okidogi
|
|win|Dubyaz13
|raw|jessies boyfriend's rating: 1434 &rarr; <strong>1414</strong><br />(-20 for losing)
|raw|Dubyaz13's rating: 1430 &rarr; <strong>1450</strong><br />(+20 for winning)
|l|☆jessies boyfriend
|player|p1|
|l|☆Dubyaz13
|player|p2|
