|j|☆birbirb
|j|☆Reukra671
|t:|1757910985
|gametype|singles
|player|p1|birbirb|pokemaniac|1380
|player|p2|Reukra671|winona|1396
|gen|9
|tier|[Gen 9] OU
|rated|
|rule|HP Percentage Mod: HP is shown in percentages
|rule|Endless Battle Clause: Forcing endless battles is banned
|rule|Species Clause: Limit one of each Pokémon
|rule|OHKO Clause: OHKO moves are banned
|rule|Evasion Items Clause: Evasion items are banned
|rule|Evasion Moves Clause: Evasion moves are banned
|rule|Evasion Abilities Clause: Evasion abilities are banned
|rule|Sleep Moves Clause: Sleep-inducing moves are banned
|clearpoke
|poke|p1|Landorus-Therian, M|
|poke|p1|Zamazenta-*|
|poke|p1|Pecharunt|
|poke|p1|Samurott-Hisui, M|
|poke|p1|Latios, M|
|poke|p1|Scizor, F|
|poke|p2|Politoed, F|
|poke|p2|Thundurus-Therian, M|
|poke|p2|Tinkaton, F|
|poke|p2|Barraskewda, M|
|poke|p2|Lokix, F|
|poke|p2|Sinistcha|
|teampreview
|
|t:|1757910993
|teamsize|p1|6
|teamsize|p2|6
|start
|switch|p1a: Samurott|Samurott-Hisui, M|100/100
|switch|p2a: Politoed|Politoed, F, shiny|100/100
|-weather|RainDance|[from] ability: Drizzle|[of] p2a: Politoed
|turn|1
|
|t:|1757910998
|move|p1a: Samurott|Ceaseless Edge|p2a: Politoed
|-damage|p2a: Politoed|60/100
|-sidestart|p2: Reukra671|Spikes
|move|p2a: Politoed|Focus Blast|p1a: Samurott|[miss]
|-miss|p2a: Politoed|p1a: Samurott
|
|-weather|RainDance|[upkeep]
|upkeep
|turn|2
|
|t:|1757911011
|switch|p2a: Lokix|Lokix, F|100/100
|move|p1a: Samurott|Ceaseless Edge|p2a: Lokix
|-resisted|p2a: Lokix
|-damage|p2a: Lokix|63/100
|-sidestart|p2: Reukra671|Spikes
|
|-weather|RainDance|[upkeep]
|upkeep
|turn|3
|
|t:|1757911014
|switch|p1a: Landorus|Landorus-Therian, M|100/100
|-ability|p1a: Landorus|Intimidate|boost
|-unboost|p2a: Lokix|atk|1
|move|p2a: Lokix|U-turn|p1a: Landorus
|-resisted|p1a: Landorus
|-damage|p1a: Landorus|80/100
|-damage|p2a: Lokix|47/100|[from] item: Rocky Helmet|[of] p1a: Landorus
|
|t:|1757911016
|switch|p2a: Thundurus|Thundurus-Therian, M, shiny|100/100|[from] U-turn
|
|-weather|RainDance|[upkeep]
|upkeep
|turn|4
|
|t:|1757911019
|move|p1a: Landorus|Smack Down|p2a: Thundurus
|-supereffective|p2a: Thundurus
|-damage|p2a: Thundurus|50/100
|-start|p2a: Thundurus|Smack Down
|move|p2a: Thundurus|Weather Ball|p1a: Landorus
|-supereffective|p1a: Landorus
|-crit|p1a: Landorus
|-damage|p1a: Landorus|0 fnt
|faint|p1a: Landorus
|
|-weather|RainDance|[upkeep]
|upkeep
|
|t:|1757911026
|switch|p1a: Latios|Latios, M|100/100
|turn|5
|
|t:|1757911030
|switch|p2a: Tinkaton|Tinkaton, F|100/100
|-damage|p2a: Tinkaton|84/100|[from] Spikes
|move|p1a: Latios|Psychic Noise|p2a: Tinkaton
|-resisted|p2a: Tinkaton
|-damage|p2a: Tinkaton|67/100
|-start|p2a: Tinkaton|move: Heal Block
|
|-weather|RainDance|[upkeep]
|upkeep
|turn|6
|
|t:|1757911039
|switch|p1a: Pecharunt|Pecharunt|100/100
|move|p2a: Tinkaton|Knock Off|p1a: Pecharunt
|-supereffective|p1a: Pecharunt
|-damage|p1a: Pecharunt|78/100
|-enditem|p1a: Pecharunt|Heavy-Duty Boots|[from] move: Knock Off|[of] p2a: Tinkaton
|
|-weather|RainDance|[upkeep]
|-end|p2a: Tinkaton|move: Heal Block
|upkeep
|turn|7
|
|t:|1757911044
|move|p1a: Pecharunt|Parting Shot|p2a: Tinkaton
|-unboost|p2a: Tinkaton|atk|1
|-unboost|p2a: Tinkaton|spa|1
|
|t:|1757911066
|switch|p1a: Scizor|Scizor, F|100/100|[from] Parting Shot
|move|p2a: Tinkaton|Stealth Rock|p1a: Scizor
|-sidestart|p1: birbirb|move: Stealth Rock
|
|-weather|RainDance|[upkeep]
|-heal|p2a: Tinkaton|73/100|[from] item: Leftovers
|upkeep
|turn|8
|
|t:|1757911086
|switch|p2a: Sinistcha|Sinistcha|100/100
|-damage|p2a: Sinistcha|84/100|[from] Spikes
|move|p1a: Scizor|Bullet Punch|p2a: Sinistcha
|-damage|p2a: Sinistcha|61/100
|
|-weather|none
|-heal|p2a: Sinistcha|67/100|[from] item: Leftovers
|upkeep
|turn|9
|
|t:|1757911090
|move|p1a: Scizor|Knock Off|p2a: Sinistcha
|-supereffective|p2a: Sinistcha
|-damage|p2a: Sinistcha|9/100
|-enditem|p2a: Sinistcha|Leftovers|[from] move: Knock Off|[of] p1a: Scizor
|move|p2a: Sinistcha|Calm Mind|p2a: Sinistcha
|-boost|p2a: Sinistcha|spa|1
|-boost|p2a: Sinistcha|spd|1
|
|upkeep
|turn|10
|
|t:|1757911095
|move|p1a: Scizor|Bullet Punch|p2a: Sinistcha
|-damage|p2a: Sinistcha|0 fnt
|faint|p2a: Sinistcha
|
|upkeep
|
|t:|1757911097
|switch|p2a: Politoed|Politoed, F, shiny|60/100
|-damage|p2a: Politoed|44/100|[from] Spikes
|-weather|RainDance|[from] ability: Drizzle|[of] p2a: Politoed
|turn|11
|
|t:|1757911113
|move|p1a: Scizor|Knock Off|p2a: Politoed
|-damage|p2a: Politoed|12/100
|-enditem|p2a: Politoed|Damp Rock|[from] move: Knock Off|[of] p1a: Scizor
|move|p2a: Politoed|Weather Ball|p1a: Scizor
|-damage|p1a: Scizor|30/100
|
|-weather|RainDance|[upkeep]
|upkeep
|turn|12
|
|t:|1757911117
|move|p1a: Scizor|Knock Off|p2a: Politoed
|-damage|p2a: Politoed|0 fnt
|faint|p2a: Politoed
|
|-weather|RainDance|[upkeep]
|upkeep
|
|t:|1757911119
|switch|p2a: Barraskewda|Barraskewda, M, shiny|100/100
|-damage|p2a: Barraskewda|84/100|[from] Spikes
|turn|13
|
|t:|1757911124
|move|p1a: Scizor|Bullet Punch|p2a: Barraskewda
|-resisted|p2a: Barraskewda
|-damage|p2a: Barraskewda|56/100
|move|p2a: Barraskewda|Flip Turn|p1a: Scizor
|-damage|p1a: Scizor|0 fnt
|faint|p1a: Scizor
|
|t:|1757911131
|switch|p2a: Thundurus|Thundurus-Therian, M, shiny|50/100|[from] Flip Turn
|
|-weather|RainDance|[upkeep]
|upkeep
|
|t:|1757911152
|switch|p1a: Samurott|Samurott-Hisui, M|100/100
|-damage|p1a: Samurott|88/100|[from] Stealth Rock
|turn|14
|
|t:|1757911157
|-terastallize|p1a: Samurott|Ground
|move|p2a: Thundurus|Volt Switch|p1a: Samurott
|-immune|p1a: Samurott
|move|p1a: Samurott|Ceaseless Edge|p2a: Thundurus
|-damage|p2a: Thundurus|0 fnt
|-sidestart|p2: Reukra671|Spikes
|faint|p2a: Thundurus
|
|-weather|RainDance|[upkeep]
|upkeep
|
|t:|1757911159
|switch|p2a: Barraskewda|Barraskewda, M, shiny|56/100
|-damage|p2a: Barraskewda|32/100|[from] Spikes
|turn|15
|
|t:|1757911166
|-terastallize|p2a: Barraskewda|Water
|move|p1a: Samurott|Aqua Jet|p2a: Barraskewda
|-resisted|p2a: Barraskewda
|-damage|p2a: Barraskewda|6/100
|move|p2a: Barraskewda|Liquidation|p1a: Samurott
|-supereffective|p1a: Samurott
|-damage|p1a: Samurott|0 fnt
|faint|p1a: Samurott
|
|-weather|RainDance|[upkeep]
|upkeep
|
|t:|1757911171
|switch|p1a: Zamazenta|Zamazenta|100/100
|-damage|p1a: Zamazenta|94/100|[from] Stealth Rock
|-ability|p1a: Zamazenta|Dauntless Shield|boost
|-boost|p1a: Zamazenta|def|1
|turn|16
|
|t:|1757911173
|move|p2a: Barraskewda|Liquidation|p1a: Zamazenta
|-crit|p1a: Zamazenta
|-damage|p1a: Zamazenta|0 fnt
|faint|p1a: Zamazenta
|
|-weather|RainDance|[upkeep]
|upkeep
|
|t:|1757911176
|switch|p1a: Pecharunt|Pecharunt|78/100
|-damage|p1a: Pecharunt|65/100|[from] Stealth Rock
|turn|17
|
|t:|1757911180
|move|p2a: Barraskewda|Liquidation|p1a: Pecharunt
|-damage|p1a: Pecharunt|0 fnt
|faint|p1a: Pecharunt
|
|-weather|RainDance|[upkeep]
|upkeep
|-message|birbirb forfeited.
|
|win|Reukra671
|raw|birbirb's rating: 1380 &rarr; <strong>1361</strong><br />(-19 for losing)
|raw|Reukra671's rating: 1396 &rarr; <strong>1415</strong><br />(+19 for winning)
|l|☆birbirb
|player|p1|
