|j|☆maatmatos
|j|☆Skylines spinning
|t:|1757868038
|gametype|singles
|player|p1|maatmatos|unknown|1464
|player|p2|Skylines spinning|erika-gen2|1449
|gen|9
|tier|[Gen 9] OU
|rated|
|rule|HP Percentage Mod: HP is shown in percentages
|rule|Endless Battle Clause: Forcing endless battles is banned
|rule|Species Clause: Limit one of each Pokémon
|rule|OHKO Clause: OHKO moves are banned
|rule|Evasion Items Clause: Evasion items are banned
|rule|Evasion Moves Clause: Evasion moves are banned
|rule|Evasion Abilities Clause: Evasion abilities are banned
|rule|Sleep Moves Clause: Sleep-inducing moves are banned
|clearpoke
|poke|p1|Vaporeon, M|
|poke|p1|Enamorus, F|
|poke|p1|Corviknight, F|
|poke|p1|Dragapult, F|
|poke|p1|Ursaluna, F|
|poke|p1|Heatran, F|
|poke|p2|Iron Treads|
|poke|p2|Ogerpon-Wellspring, F|
|poke|p2|Kingambit, F|
|poke|p2|Cinderace, F|
|poke|p2|Iron Valiant|
|poke|p2|Yanmega, M|
|teampreview
|inactive|Battle timer is ON: inactive players will automatically lose when time's up. (requested by Skylines spinning)
|
|t:|1757868046
|teamsize|p1|6
|teamsize|p2|6
|start
|switch|p1a: Dragapult|Dragapult, F|100/100
|switch|p2a: Yanmega|Yanmega, M, shiny|100/100
|turn|1
|
|t:|1757868051
|move|p1a: Dragapult|Light Screen|p1a: Dragapult
|-sidestart|p1: maatmatos|move: Light Screen
|move|p2a: Yanmega|Bug Buzz|p1a: Dragapult
|-resisted|p1a: Dragapult
|-damage|p1a: Dragapult|57/100
|
|upkeep
|turn|2
|
|t:|1757868058
|switch|p2a: Cinderace|Cinderace, F, shiny|100/100
|move|p1a: Dragapult|Reflect|p1a: Dragapult
|-sidestart|p1: maatmatos|Reflect
|
|upkeep
|turn|3
|
|t:|1757868067
|move|p1a: Dragapult|Dragon Darts|p2a: Cinderace
|-damage|p2a: Cinderace|65/100
|-anim|p1a: Dragapult|Dragon Darts|p2a: Cinderace
|-damage|p2a: Cinderace|31/100
|move|p2a: Cinderace|Court Change|p2a: Cinderace
|-swapsideconditions
|-activate|p2a: Cinderace|move: Court Change
|
|upkeep
|turn|4
|
|t:|1757868077
|switch|p2a: Iron Valiant|Iron Valiant|100/100
|-enditem|p2a: Iron Valiant|Booster Energy
|-activate|p2a: Iron Valiant|ability: Quark Drive|[fromitem]
|-start|p2a: Iron Valiant|quarkdrivespe
|move|p1a: Dragapult|Dragon Darts|p2a: Iron Valiant
|-immune|p2a: Iron Valiant
|
|upkeep
|turn|5
|
|t:|1757868087
|switch|p1a: Vaporeon|Vaporeon, M|100/100
|move|p2a: Iron Valiant|Moonblast|p1a: Vaporeon
|-damage|p1a: Vaporeon|75/100
|-unboost|p1a: Vaporeon|spa|1
|
|-heal|p1a: Vaporeon|81/100|[from] item: Leftovers
|upkeep
|turn|6
|
|t:|1757868095
|move|p2a: Iron Valiant|Knock Off|p1a: Vaporeon
|-damage|p1a: Vaporeon|48/100
|-enditem|p1a: Vaporeon|Leftovers|[from] move: Knock Off|[of] p2a: Iron Valiant
|move|p1a: Vaporeon|Roar|p2a: Iron Valiant
|-end|p2a: Iron Valiant|Quark Drive|[silent]
|drag|p2a: Cinderace|Cinderace, F, shiny|31/100
|
|upkeep
|turn|7
|
|t:|1757868105
|move|p2a: Cinderace|U-turn|p1a: Vaporeon
|-damage|p1a: Vaporeon|25/100
|
|t:|1757868110
|switch|p2a: Ogerpon|Ogerpon-Wellspring, F|100/100|[from] U-turn
|move|p1a: Vaporeon|Flip Turn|p2a: Ogerpon
|-immune|p2a: Ogerpon|[from] ability: Water Absorb
|
|upkeep
|turn|8
|
|t:|1757868118
|move|p2a: Ogerpon|Swords Dance|p2a: Ogerpon
|-boost|p2a: Ogerpon|atk|2
|move|p1a: Vaporeon|Roar|p2a: Ogerpon
|drag|p2a: Kingambit|Kingambit, F|100/100
|
|-sideend|p2: Skylines spinning|move: Light Screen
|upkeep
|turn|9
|
|t:|1757868125
|move|p2a: Kingambit|Kowtow Cleave|p1a: Vaporeon
|-damage|p1a: Vaporeon|0 fnt
|faint|p1a: Vaporeon
|
|-sideend|p2: Skylines spinning|Reflect
|upkeep
|
|t:|1757868130
|switch|p1a: Dragapult|Dragapult, F|57/100
|turn|10
|
|t:|1757868134
|move|p1a: Dragapult|Reflect|p1a: Dragapult
|-sidestart|p1: maatmatos|Reflect
|move|p2a: Kingambit|Kowtow Cleave|p1a: Dragapult
|-supereffective|p1a: Dragapult
|-damage|p1a: Dragapult|0 fnt
|faint|p1a: Dragapult
|
|upkeep
|
|t:|1757868148
|switch|p1a: Ursaluna|Ursaluna, F|100/100
|turn|11
|
|t:|1757868156
|-end|p2a: Kingambit|fallenundefined|[silent]
|switch|p2a: Iron Valiant|Iron Valiant|100/100
|move|p1a: Ursaluna|Swords Dance|p1a: Ursaluna
|-boost|p1a: Ursaluna|atk|2
|
|-status|p1a: Ursaluna|brn|[from] item: Flame Orb
|upkeep
|turn|12
|
|t:|1757868162
|move|p2a: Iron Valiant|Encore|p1a: Ursaluna
|-start|p1a: Ursaluna|Encore
|move|p1a: Ursaluna|Swords Dance|p1a: Ursaluna
|-boost|p1a: Ursaluna|atk|2
|
|-damage|p1a: Ursaluna|94/100 brn|[from] brn
|upkeep
|turn|13
|
|t:|1757868169
|switch|p1a: Heatran|Heatran, F|100/100
|move|p2a: Iron Valiant|Knock Off|p1a: Heatran
|-damage|p1a: Heatran|88/100
|-enditem|p1a: Heatran|Assault Vest|[from] move: Knock Off|[of] p2a: Iron Valiant
|
|upkeep
|turn|14
|
|t:|1757868184
|move|p2a: Iron Valiant|Thunderbolt|p1a: Heatran
|-damage|p1a: Heatran|65/100
|move|p1a: Heatran|Flash Cannon|p2a: Iron Valiant
|-supereffective|p2a: Iron Valiant
|-damage|p2a: Iron Valiant|0 fnt
|faint|p2a: Iron Valiant
|-end|p2a: Iron Valiant|Quark Drive|[silent]
|
|upkeep
|
|t:|1757868189
|switch|p2a: Iron Treads|Iron Treads|100/100
|-enditem|p2a: Iron Treads|Booster Energy
|-activate|p2a: Iron Treads|ability: Quark Drive|[fromitem]
|-start|p2a: Iron Treads|quarkdrivespe
|turn|15
|
|t:|1757868194
|switch|p1a: Corviknight|Corviknight, F|100/100
|move|p2a: Iron Treads|Earth Power|p1a: Corviknight
|-immune|p1a: Corviknight
|
|upkeep
|turn|16
|
|t:|1757868200
|move|p2a: Iron Treads|Stealth Rock|p1a: Corviknight
|-sidestart|p1: maatmatos|move: Stealth Rock
|move|p1a: Corviknight|U-turn|p2a: Iron Treads
|-resisted|p2a: Iron Treads
|-crit|p2a: Iron Treads
|-damage|p2a: Iron Treads|91/100
|
|t:|1757868209
|switch|p1a: Ursaluna|Ursaluna, F|94/100 brn|[from] U-turn
|-damage|p1a: Ursaluna|88/100 brn|[from] Stealth Rock
|
|-damage|p1a: Ursaluna|82/100 brn|[from] brn
|upkeep
|turn|17
|
|t:|1757868221
|move|p2a: Iron Treads|Earth Power|p1a: Ursaluna
|-damage|p1a: Ursaluna|51/100 brn
|move|p1a: Ursaluna|Fire Punch|p2a: Iron Treads
|-supereffective|p2a: Iron Treads
|-damage|p2a: Iron Treads|5/100
|
|-damage|p1a: Ursaluna|45/100 brn|[from] brn
|-sideend|p1: maatmatos|Reflect
|upkeep
|turn|18
|
|t:|1757868229
|move|p2a: Iron Treads|Steel Beam|p1a: Ursaluna
|-damage|p1a: Ursaluna|0 fnt
|-damage|p2a: Iron Treads|0 fnt|[from] steelbeam
|faint|p2a: Iron Treads
|-end|p2a: Iron Treads|Quark Drive|[silent]
|faint|p1a: Ursaluna
|
|upkeep
|
|t:|1757868239
|switch|p2a: Ogerpon|Ogerpon-Wellspring, F|100/100
|switch|p1a: Corviknight|Corviknight, F|100/100
|-damage|p1a: Corviknight|88/100|[from] Stealth Rock
|turn|19
|
|t:|1757868244
|move|p2a: Ogerpon|Swords Dance|p2a: Ogerpon
|-boost|p2a: Ogerpon|atk|2
|move|p1a: Corviknight|Defog|p2a: Ogerpon
|-unboost|p2a: Ogerpon|evasion|1
|-sideend|p1: maatmatos|Stealth Rock|[from] move: Defog|[of] p1a: Corviknight
|
|upkeep
|turn|20
|
|t:|1757868250
|move|p2a: Ogerpon|Ivy Cudgel|p1a: Corviknight|[anim] Ivy Cudgel Water
|-damage|p1a: Corviknight|21/100
|move|p1a: Corviknight|U-turn|p2a: Ogerpon
|-supereffective|p2a: Ogerpon
|-damage|p2a: Ogerpon|64/100
|
|t:|1757868257
|switch|p1a: Heatran|Heatran, F|65/100|[from] U-turn
|
|upkeep
|turn|21
|
|t:|1757868264
|switch|p1a: Corviknight|Corviknight, F|21/100
|-terastallize|p2a: Ogerpon|Water
|detailschange|p2a: Ogerpon|Ogerpon-Wellspring-Tera, F, tera:Water
|-ability|p2a: Ogerpon|Embody Aspect (Wellspring)|boost
|-boost|p2a: Ogerpon|spd|1
|move|p2a: Ogerpon|Ivy Cudgel|p1a: Corviknight|[anim] Ivy Cudgel Water
|-damage|p1a: Corviknight|0 fnt
|faint|p1a: Corviknight
|
|upkeep
|
|t:|1757868273
|switch|p1a: Enamorus|Enamorus, F|100/100
|turn|22
|
|t:|1757868284
|-terastallize|p1a: Enamorus|Stellar
|move|p1a: Enamorus|Tera Blast|p2a: Ogerpon|[anim] Tera Blast Stellar
|-supereffective|p2a: Ogerpon
|-damage|p2a: Ogerpon|0 fnt
|-boost|p1a: Enamorus|atk|1
|-boost|p1a: Enamorus|spa|1
|faint|p2a: Ogerpon
|detailschange|p2: Ogerpon|Ogerpon-Wellspring, F|[silent]
|
|upkeep
|
|t:|1757868291
|switch|p2a: Yanmega|Yanmega, M, shiny|100/100
|turn|23
|
|t:|1757868294
|move|p1a: Enamorus|Tera Blast|p2a: Yanmega|[anim] Tera Blast Stellar
|-damage|p2a: Yanmega|10/100
|-boost|p1a: Enamorus|atk|1
|-boost|p1a: Enamorus|spa|1
|move|p2a: Yanmega|Air Slash|p1a: Enamorus
|-damage|p1a: Enamorus|22/100
|
|upkeep
|turn|24
|
|t:|1757868301
|move|p1a: Enamorus|Tera Blast|p2a: Yanmega|[anim] Tera Blast Stellar
|-damage|p2a: Yanmega|0 fnt
|-boost|p1a: Enamorus|atk|1
|-boost|p1a: Enamorus|spa|1
|faint|p2a: Yanmega
|
|upkeep
|
|t:|1757868307
|switch|p2a: Kingambit|Kingambit, F|100/100
|-activate|p2a: Kingambit|ability: Supreme Overlord
|-start|p2a: Kingambit|fallen4|[silent]
|turn|25
|
|t:|1757868313
|switch|p1a: Heatran|Heatran, F|65/100
|move|p2a: Kingambit|Sucker Punch||[still]
|-fail|p2a: Kingambit
|
|upkeep
|turn|26
|
|t:|1757868318
|-end|p2a: Kingambit|fallen4|[silent]
|switch|p2a: Cinderace|Cinderace, F, shiny|31/100
|move|p1a: Heatran|Flamethrower|p2a: Cinderace
|-resisted|p2a: Cinderace
|-damage|p2a: Cinderace|0 fnt
|faint|p2a: Cinderace
|
|upkeep
|
|t:|1757868324
|switch|p2a: Kingambit|Kingambit, F|100/100
|-activate|p2a: Kingambit|ability: Supreme Overlord
|-start|p2a: Kingambit|fallen5|[silent]
|turn|27
|
|t:|1757868328
|move|p2a: Kingambit|Kowtow Cleave|p1a: Heatran
|-damage|p1a: Heatran|0 fnt
|faint|p1a: Heatran
|
|upkeep
|
|t:|1757868332
|switch|p1a: Enamorus|Enamorus, F, tera:Stellar|22/100
|turn|28
|
|t:|1757868336
|move|p2a: Kingambit|Sucker Punch|p1a: Enamorus
|-resisted|p1a: Enamorus
|-damage|p1a: Enamorus|0 fnt
|faint|p1a: Enamorus
|
|win|Skylines spinning
|raw|maatmatos's rating: 1464 &rarr; <strong>1443</strong><br />(-21 for losing)
|raw|Skylines spinning's rating: 1449 &rarr; <strong>1470</strong><br />(+21 for winning)
|l|☆Skylines spinning
|player|p2|
|l|☆maatmatos
|player|p1|
