|j|☆Mahp860226
|j|☆Vaismele234941
|t:|1757921367
|gametype|singles
|player|p1|Mahp860226|1|1142
|player|p2|Vaismele234941|1|1079
|gen|9
|tier|[Gen 9] OU
|rated|
|rule|HP Percentage Mod: HP is shown in percentages
|rule|Endless Battle Clause: Forcing endless battles is banned
|rule|Species Clause: Limit one of each Pokémon
|rule|OHKO Clause: OHKO moves are banned
|rule|Evasion Items Clause: Evasion items are banned
|rule|Evasion Moves Clause: Evasion moves are banned
|rule|Evasion Abilities Clause: Evasion abilities are banned
|rule|Sleep Moves Clause: Sleep-inducing moves are banned
|clearpoke
|poke|p1|Mimikyu, M|
|poke|p1|Corviknight, F|
|poke|p1|Lokix, F|
|poke|p1|Heatran, F|
|poke|p1|Clodsire, M|
|poke|p1|Gengar, M|
|poke|p2|Luxray, M|
|poke|p2|Iron Moth|
|poke|p2|Tsareena, F|
|poke|p2|Kingdra, M|
|poke|p2|Scream Tail|
|poke|p2|Orthworm, F|
|teampreview
|inactive|Battle timer is ON: inactive players will automatically lose when time's up. (requested by Vaismele234941)
|
|t:|1757921379
|teamsize|p1|6
|teamsize|p2|6
|start
|switch|p1a: Clodsire|Clodsire, M|100/100
|switch|p2a: Orthworm|Orthworm, F|100/100
|turn|1
|
|t:|1757921394
|switch|p1a: Gengar|Gengar, M|100/100
|move|p2a: Orthworm|Earthquake|p1a: Gengar
|-supereffective|p1a: Gengar
|-damage|p1a: Gengar|0 fnt
|faint|p1a: Gengar
|
|upkeep
|
|t:|1757921406
|switch|p1a: Corviknight|Corviknight, F|100/100
|turn|2
|
|t:|1757921411
|move|p1a: Corviknight|Body Press|p2a: Orthworm
|-supereffective|p2a: Orthworm
|-damage|p2a: Orthworm|64/100
|move|p2a: Orthworm|Stealth Rock|p1a: Corviknight
|-sidestart|p1: Mahp860226|move: Stealth Rock
|
|-heal|p2a: Orthworm|70/100|[from] item: Leftovers
|upkeep
|turn|3
|
|t:|1757921430
|switch|p2a: Luxray|Luxray, M|100/100
|move|p1a: Corviknight|Defog|p2a: Luxray
|-unboost|p2a: Luxray|evasion|1
|-sideend|p1: Mahp860226|Stealth Rock|[from] move: Defog|[of] p1a: Corviknight
|
|upkeep
|turn|4
|
|t:|1757921437
|switch|p1a: Clodsire|Clodsire, M|100/100
|move|p2a: Luxray|Wild Charge|p1a: Clodsire
|-immune|p1a: Clodsire
|
|upkeep
|turn|5
|
|t:|1757921450
|switch|p2a: Orthworm|Orthworm, F|70/100
|move|p1a: Clodsire|Toxic|p2a: Orthworm
|-immune|p2a: Orthworm
|
|-heal|p2a: Orthworm|76/100|[from] item: Leftovers
|upkeep
|turn|6
|
|t:|1757921459
|switch|p1a: Heatran|Heatran, F|100/100
|move|p2a: Orthworm|Stealth Rock|p1a: Heatran
|-sidestart|p1: Mahp860226|move: Stealth Rock
|
|-heal|p2a: Orthworm|82/100|[from] item: Leftovers
|upkeep
|turn|7
|
|t:|1757921471
|-terastallize|p1a: Heatran|Flying
|-terastallize|p2a: Orthworm|Water
|move|p1a: Heatran|Lava Plume|p2a: Orthworm
|-resisted|p2a: Orthworm
|-damage|p2a: Orthworm|48/100
|move|p2a: Orthworm|Earthquake|p1a: Heatran
|-immune|p1a: Heatran
|
|-heal|p2a: Orthworm|54/100|[from] item: Leftovers
|upkeep
|turn|8
|
|t:|1757921486
|move|p1a: Heatran|Dragon Pulse|p2a: Orthworm
|-damage|p2a: Orthworm|5/100
|move|p2a: Orthworm|Tera Blast|p1a: Heatran|[anim] Tera Blast Water
|-damage|p1a: Heatran|74/100
|
|-heal|p2a: Orthworm|11/100|[from] item: Leftovers
|upkeep
|turn|9
|
|t:|1757921495
|move|p1a: Heatran|Dragon Pulse|p2a: Orthworm
|-damage|p2a: Orthworm|0 fnt
|faint|p2a: Orthworm
|
|upkeep
|
|t:|1757921500
|switch|p2a: Luxray|Luxray, M|100/100
|turn|10
|
|t:|1757921505
|switch|p1a: Clodsire|Clodsire, M|100/100
|-damage|p1a: Clodsire|94/100|[from] Stealth Rock
|move|p2a: Luxray|Wild Charge|p1a: Clodsire
|-immune|p1a: Clodsire
|
|-heal|p1a: Clodsire|100/100|[from] item: Black Sludge
|upkeep
|turn|11
|
|t:|1757921516
|move|p2a: Luxray|Trailblaze|p1a: Clodsire
|-damage|p1a: Clodsire|76/100
|-boost|p2a: Luxray|spe|1
|move|p1a: Clodsire|Toxic|p2a: Luxray
|-status|p2a: Luxray|tox
|
|-heal|p1a: Clodsire|82/100|[from] item: Black Sludge
|-damage|p2a: Luxray|94/100 tox|[from] psn
|upkeep
|turn|12
|
|t:|1757921529
|move|p2a: Luxray|Ice Fang|p1a: Clodsire
|-supereffective|p1a: Clodsire
|-damage|p1a: Clodsire|15/100
|move|p1a: Clodsire|Earthquake|p2a: Luxray
|-supereffective|p2a: Luxray
|-damage|p2a: Luxray|33/100 tox
|
|-heal|p1a: Clodsire|22/100|[from] item: Black Sludge
|-damage|p2a: Luxray|21/100 tox|[from] psn
|upkeep
|turn|13
|
|t:|1757921540
|switch|p1a: Corviknight|Corviknight, F|100/100
|-damage|p1a: Corviknight|88/100|[from] Stealth Rock
|move|p2a: Luxray|Ice Fang|p1a: Corviknight
|-damage|p1a: Corviknight|77/100
|-damage|p2a: Luxray|4/100 tox|[from] item: Rocky Helmet|[of] p1a: Corviknight
|
|-damage|p2a: Luxray|0 fnt|[from] psn
|faint|p2a: Luxray
|upkeep
|
|t:|1757921549
|switch|p2a: Iron Moth|Iron Moth|100/100
|-enditem|p2a: Iron Moth|Booster Energy
|-activate|p2a: Iron Moth|ability: Quark Drive|[fromitem]
|-start|p2a: Iron Moth|quarkdrivespe
|turn|14
|
|t:|1757921557
|switch|p1a: Heatran|Heatran, F, tera:Flying|74/100
|-damage|p1a: Heatran|49/100|[from] Stealth Rock
|move|p2a: Iron Moth|Fiery Dance|p1a: Heatran
|-start|p1a: Heatran|ability: Flash Fire
|
|upkeep
|turn|15
|
|t:|1757921570
|move|p2a: Iron Moth|Sludge Wave|p1a: Heatran
|-damage|p1a: Heatran|24/100
|move|p1a: Heatran|Earth Power|p2a: Iron Moth
|-supereffective|p2a: Iron Moth
|-damage|p2a: Iron Moth|0 fnt
|faint|p2a: Iron Moth
|-end|p2a: Iron Moth|Quark Drive|[silent]
|
|upkeep
|
|t:|1757921577
|switch|p2a: Kingdra|Kingdra, M|100/100
|turn|16
|
|t:|1757921586
|move|p2a: Kingdra|Dragon Dance|p2a: Kingdra
|-boost|p2a: Kingdra|atk|1
|-boost|p2a: Kingdra|spe|1
|move|p1a: Heatran|Dragon Pulse|p2a: Kingdra
|-supereffective|p2a: Kingdra
|-damage|p2a: Kingdra|19/100
|
|upkeep
|turn|17
|
|t:|1757921595
|move|p2a: Kingdra|Liquidation|p1a: Heatran
|-damage|p1a: Heatran|0 fnt
|faint|p1a: Heatran
|
|upkeep
|
|t:|1757921601
|switch|p1a: Lokix|Lokix, F|100/100
|-damage|p1a: Lokix|75/100|[from] Stealth Rock
|turn|18
|
|t:|1757921608
|switch|p2a: Scream Tail|Scream Tail|100/100
|move|p1a: Lokix|First Impression|p2a: Scream Tail
|-damage|p2a: Scream Tail|69/100
|
|-heal|p2a: Scream Tail|75/100|[from] item: Leftovers
|upkeep
|turn|19
|
|t:|1757921628
|move|p2a: Scream Tail|Dazzling Gleam|p1a: Lokix
|-supereffective|p1a: Lokix
|-damage|p1a: Lokix|0 fnt
|faint|p1a: Lokix
|
|-heal|p2a: Scream Tail|81/100|[from] item: Leftovers
|upkeep
|
|t:|1757921636
|switch|p1a: Clodsire|Clodsire, M|22/100
|-damage|p1a: Clodsire|15/100|[from] Stealth Rock
|turn|20
|
|t:|1757921641
|move|p2a: Scream Tail|Psychic Noise|p1a: Clodsire
|-supereffective|p1a: Clodsire
|-damage|p1a: Clodsire|0 fnt
|faint|p1a: Clodsire
|
|-heal|p2a: Scream Tail|87/100|[from] item: Leftovers
|upkeep
|
|t:|1757921651
|switch|p1a: Mimikyu|Mimikyu, M|100/100
|-damage|p1a: Mimikyu|88/100|[from] Stealth Rock
|turn|21
|
|t:|1757921656
|move|p2a: Scream Tail|Thunder Wave|p1a: Mimikyu
|-status|p1a: Mimikyu|par
|move|p1a: Mimikyu|Swords Dance|p1a: Mimikyu
|-boost|p1a: Mimikyu|atk|2
|
|-heal|p2a: Scream Tail|94/100|[from] item: Leftovers
|upkeep
|turn|22
|
|t:|1757921665
|move|p2a: Scream Tail|Psychic Noise|p1a: Mimikyu
|-activate|p1a: Mimikyu|ability: Disguise
|-damage|p1a: Mimikyu|88/100 par
|-start|p1a: Mimikyu|move: Heal Block
|detailschange|p1a: Mimikyu|Mimikyu-Busted, M
|-damage|p1a: Mimikyu|76/100 par|[from] pokemon: Mimikyu-Busted
|move|p1a: Mimikyu|Swords Dance|p1a: Mimikyu
|-boost|p1a: Mimikyu|atk|2
|
|-heal|p2a: Scream Tail|99/100|[from] item: Leftovers
|upkeep
|turn|23
|
|t:|1757921680
|move|p2a: Scream Tail|Dazzling Gleam|p1a: Mimikyu
|-damage|p1a: Mimikyu|52/100 par
|cant|p1a: Mimikyu|par
|
|-heal|p2a: Scream Tail|100/100|[from] item: Leftovers
|-end|p1a: Mimikyu|move: Heal Block
|upkeep
|turn|24
|
|t:|1757921689
|move|p2a: Scream Tail|Dazzling Gleam|p1a: Mimikyu
|-damage|p1a: Mimikyu|28/100 par
|move|p1a: Mimikyu|Play Rough|p2a: Scream Tail|[miss]
|-miss|p1a: Mimikyu|p2a: Scream Tail
|
|upkeep
|turn|25
|
|t:|1757921696
|move|p2a: Scream Tail|Dazzling Gleam|p1a: Mimikyu
|-damage|p1a: Mimikyu|4/100 par
|move|p1a: Mimikyu|Play Rough|p2a: Scream Tail
|-damage|p2a: Scream Tail|0 fnt
|faint|p2a: Scream Tail
|-end|p2a: Scream Tail|Protosynthesis|[silent]
|-damage|p1a: Mimikyu|0 fnt|[from] item: Life Orb
|faint|p1a: Mimikyu
|
|upkeep
|
|t:|1757921719
|switch|p2a: Tsareena|Tsareena, F|100/100
|switch|p1a: Corviknight|Corviknight, F|77/100
|-damage|p1a: Corviknight|65/100|[from] Stealth Rock
|turn|26
|
|t:|1757921726
|move|p2a: Tsareena|Trop Kick|p1a: Corviknight
|-resisted|p1a: Corviknight
|-damage|p1a: Corviknight|60/100
|-ability|p1a: Corviknight|Mirror Armor
|-unboost|p2a: Tsareena|atk|1
|-damage|p2a: Tsareena|84/100|[from] item: Rocky Helmet|[of] p1a: Corviknight
|move|p1a: Corviknight|Roost|p1a: Corviknight
|-heal|p1a: Corviknight|100/100
|-singleturn|p1a: Corviknight|move: Roost
|
|upkeep
|turn|27
|
|t:|1757921738
|move|p2a: Tsareena|Triple Axel|p1a: Corviknight
|-damage|p1a: Corviknight|98/100
|-damage|p2a: Tsareena|67/100|[from] item: Rocky Helmet|[of] p1a: Corviknight
|-damage|p1a: Corviknight|91/100
|-damage|p2a: Tsareena|50/100|[from] item: Rocky Helmet|[of] p1a: Corviknight
|-enditem|p2a: Tsareena|Sitrus Berry|[eat]
|-heal|p2a: Tsareena|75/100|[from] item: Sitrus Berry
|-hitcount|p1a: Corviknight|2
|move|p1a: Corviknight|Body Press|p2a: Tsareena
|-damage|p2a: Tsareena|47/100
|
|upkeep
|turn|28
|inactive|Vaismele234941 has 120 seconds left.
|
|t:|1757921774
|move|p2a: Tsareena|Rapid Spin|p1a: Corviknight
|-resisted|p1a: Corviknight
|-damage|p1a: Corviknight|88/100
|-boost|p2a: Tsareena|spe|1
|-damage|p2a: Tsareena|31/100|[from] item: Rocky Helmet|[of] p1a: Corviknight
|move|p1a: Corviknight|Roost|p1a: Corviknight
|-heal|p1a: Corviknight|100/100
|-singleturn|p1a: Corviknight|move: Roost
|
|upkeep
|turn|29
|
|t:|1757921785
|switch|p2a: Kingdra|Kingdra, M|19/100
|move|p1a: Corviknight|Body Press|p2a: Kingdra
|-damage|p2a: Kingdra|0 fnt
|faint|p2a: Kingdra
|
|upkeep
|
|t:|1757921791
|switch|p2a: Tsareena|Tsareena, F|31/100
|turn|30
|
|t:|1757921795
|move|p2a: Tsareena|Trop Kick|p1a: Corviknight
|-resisted|p1a: Corviknight
|-damage|p1a: Corviknight|95/100
|-ability|p1a: Corviknight|Mirror Armor
|-unboost|p2a: Tsareena|atk|1
|-damage|p2a: Tsareena|14/100|[from] item: Rocky Helmet|[of] p1a: Corviknight
|move|p1a: Corviknight|U-turn|p2a: Tsareena
|-supereffective|p2a: Tsareena
|-damage|p2a: Tsareena|0 fnt
|faint|p2a: Tsareena
|
|win|Mahp860226
|raw|Mahp860226's rating: 1098 &rarr; <strong>1122</strong><br />(+24 for winning)
|raw|Vaismele234941's rating: 1079 &rarr; <strong>1058</strong><br />(-21 for losing)
|l|☆Vaismele234941
|player|p2|
