|j|☆wtffdryvsr
|j|☆leafsel
|t:|1757824527
|gametype|singles
|player|p1|wtffdryvsr|101|1131
|player|p2|leafsel|unknown|1184
|gen|9
|tier|[Gen 9] OU
|rated|
|rule|HP Percentage Mod: HP is shown in percentages
|rule|Endless Battle Clause: Forcing endless battles is banned
|rule|Species Clause: Limit one of each Pokémon
|rule|OHKO Clause: OHKO moves are banned
|rule|Evasion Items Clause: Evasion items are banned
|rule|Evasion Moves Clause: Evasion moves are banned
|rule|Evasion Abilities Clause: Evasion abilities are banned
|rule|Sleep Moves Clause: Sleep-inducing moves are banned
|clearpoke
|poke|p1|Weavile, M|
|poke|p1|Iron Valiant|
|poke|p1|Landorus-Therian, M|
|poke|p1|Alomomola, M|
|poke|p1|Hydrapple, F|
|poke|p1|Cinderace, M|
|poke|p2|Tyranitar, F|
|poke|p2|Gholdengo|
|poke|p2|Gliscor, F|
|poke|p2|Iron Valiant|
|poke|p2|Corviknight, F|
|poke|p2|Ogerpon-Wellspring, F|
|teampreview
|inactive|Battle timer is ON: inactive players will automatically lose when time's up. (requested by wtffdryvsr)
|
|t:|1757824533
|teamsize|p1|6
|teamsize|p2|6
|start
|switch|p1a: Iron Valiant|Iron Valiant|100/100
|switch|p2a: Gliscor|Gliscor, F|100/100
|turn|1
|
|t:|1757824546
|move|p1a: Iron Valiant|Moonblast|p2a: Gliscor
|-damage|p2a: Gliscor|42/100
|-unboost|p2a: Gliscor|spa|1
|move|p2a: Gliscor|Knock Off|p1a: Iron Valiant
|-resisted|p1a: Iron Valiant
|-damage|p1a: Iron Valiant|94/100
|-enditem|p1a: Iron Valiant|Choice Specs|[from] move: Knock Off|[of] p2a: Gliscor
|
|-status|p2a: Gliscor|tox|[from] item: Toxic Orb
|upkeep
|turn|2
|
|t:|1757824558
|move|p2a: Gliscor|Protect|p2a: Gliscor
|-singleturn|p2a: Gliscor|Protect
|move|p1a: Iron Valiant|Moonblast|p2a: Gliscor
|-activate|p2a: Gliscor|move: Protect
|
|-heal|p2a: Gliscor|55/100 tox|[from] ability: Poison Heal
|upkeep
|turn|3
|
|t:|1757824573
|-end|p1a: Iron Valiant|Quark Drive|[silent]
|switch|p1a: Alomomola|Alomomola, M|100/100
|switch|p2a: Tyranitar|Tyranitar, F|100/100
|-weather|Sandstorm|[from] ability: Sand Stream|[of] p2a: Tyranitar
|
|-weather|Sandstorm|[upkeep]
|-damage|p1a: Alomomola|94/100|[from] Sandstorm
|upkeep
|turn|4
|
|t:|1757824587
|move|p2a: Tyranitar|Thunder Wave|p1a: Alomomola
|-status|p1a: Alomomola|par
|move|p1a: Alomomola|Flip Turn|p2a: Tyranitar
|-supereffective|p2a: Tyranitar
|-damage|p2a: Tyranitar|73/100
|
|t:|1757824595
|switch|p1a: Landorus|Landorus-Therian, M|100/100|[from] Flip Turn
|-ability|p1a: Landorus|Intimidate|boost
|-unboost|p2a: Tyranitar|atk|1
|
|-weather|Sandstorm|[upkeep]
|-heal|p2a: Tyranitar|79/100|[from] item: Leftovers
|upkeep
|turn|5
|inactive|leafsel has 120 seconds left.
|
|t:|1757824626
|move|p1a: Landorus|Substitute|p1a: Landorus
|-start|p1a: Landorus|Substitute
|-damage|p1a: Landorus|76/100
|move|p2a: Tyranitar|Ice Beam|p1a: Landorus
|-supereffective|p1a: Landorus
|-end|p1a: Landorus|Substitute
|
|-weather|Sandstorm|[upkeep]
|-heal|p1a: Landorus|82/100|[from] item: Leftovers
|-heal|p2a: Tyranitar|86/100|[from] item: Leftovers
|upkeep
|turn|6
|c|☆leafsel|get outta here
|
|t:|1757824642
|move|p1a: Landorus|Substitute|p1a: Landorus
|-start|p1a: Landorus|Substitute
|-damage|p1a: Landorus|57/100
|move|p2a: Tyranitar|Ice Beam|p1a: Landorus
|-supereffective|p1a: Landorus
|-end|p1a: Landorus|Substitute
|
|-weather|Sandstorm|[upkeep]
|-heal|p1a: Landorus|63/100|[from] item: Leftovers
|-heal|p2a: Tyranitar|92/100|[from] item: Leftovers
|upkeep
|turn|7
|inactive|leafsel has 120 seconds left.
|
|t:|1757824671
|switch|p1a: Alomomola|Alomomola, M|100/100 par
|move|p2a: Tyranitar|Ice Beam|p1a: Alomomola
|-resisted|p1a: Alomomola
|-damage|p1a: Alomomola|95/100 par
|
|-weather|none
|-heal|p2a: Tyranitar|98/100|[from] item: Leftovers
|upkeep
|turn|8
|inactive|leafsel has 120 seconds left.
|
|t:|1757824680
|switch|p2a: Ogerpon|Ogerpon-Wellspring, F|100/100
|move|p1a: Alomomola|Mirror Coat||[still]
|-fail|p1a: Alomomola
|
|upkeep
|turn|9
|
|t:|1757824689
|move|p2a: Ogerpon|Substitute|p2a: Ogerpon
|-start|p2a: Ogerpon|Substitute
|-damage|p2a: Ogerpon|76/100
|move|p1a: Alomomola|Flip Turn|p2a: Ogerpon
|-heal|p2a: Ogerpon|100/100|[from] ability: Water Absorb|[of] p1a: Alomomola
|
|upkeep
|turn|10
|c|☆leafsel|tysm
|
|t:|1757824700
|move|p2a: Ogerpon|Swords Dance|p2a: Ogerpon
|-boost|p2a: Ogerpon|atk|2
|move|p1a: Alomomola|Body Slam|p2a: Ogerpon
|-activate|p2a: Ogerpon|move: Substitute|[damage]
|
|upkeep
|turn|11
|
|t:|1757824712
|switch|p1a: Hydrapple|Hydrapple, F|100/100
|move|p2a: Ogerpon|Trailblaze|p1a: Hydrapple
|-resisted|p1a: Hydrapple
|-damage|p1a: Hydrapple|91/100
|-boost|p2a: Ogerpon|spe|1
|
|upkeep
|turn|12
|
|t:|1757824723
|move|p2a: Ogerpon|Swords Dance|p2a: Ogerpon
|-boost|p2a: Ogerpon|atk|2
|move|p1a: Hydrapple|Giga Drain|p2a: Ogerpon
|-end|p2a: Ogerpon|Substitute
|-heal|p1a: Hydrapple|92/100|[from] drain|[of] p2a: Ogerpon
|
|upkeep
|turn|13
|
|t:|1757824732
|move|p2a: Ogerpon|Ivy Cudgel|p1a: Hydrapple|[anim] Ivy Cudgel Water
|-resisted|p1a: Hydrapple
|-damage|p1a: Hydrapple|64/100
|move|p1a: Hydrapple|Giga Drain|p2a: Ogerpon
|-damage|p2a: Ogerpon|57/100
|-heal|p1a: Hydrapple|80/100|[from] drain|[of] p2a: Ogerpon
|
|upkeep
|turn|14
|
|t:|1757824746
|switch|p2a: Corviknight|Corviknight, F|100/100
|-ability|p2a: Corviknight|Pressure
|move|p1a: Hydrapple|Giga Drain|p2a: Corviknight
|-resisted|p2a: Corviknight
|-damage|p2a: Corviknight|91/100
|-heal|p1a: Hydrapple|85/100|[from] drain|[of] p2a: Corviknight
|
|upkeep
|turn|15
|
|t:|1757824756
|switch|p1a: Alomomola|Alomomola, M|100/100 par
|move|p2a: Corviknight|Brave Bird|p1a: Alomomola
|-damage|p1a: Alomomola|74/100 par
|-damage|p2a: Corviknight|79/100|[from] Recoil
|
|upkeep
|turn|16
|
|t:|1757824775
|move|p2a: Corviknight|U-turn|p1a: Alomomola
|-damage|p1a: Alomomola|63/100 par
|
|t:|1757824778
|switch|p2a: Ogerpon|Ogerpon-Wellspring, F|57/100|[from] U-turn
|cant|p1a: Alomomola|par
|
|upkeep
|turn|17
|
|t:|1757824786
|switch|p1a: Hydrapple|Hydrapple, F|100/100
|move|p2a: Ogerpon|Swords Dance|p2a: Ogerpon
|-boost|p2a: Ogerpon|atk|2
|
|upkeep
|turn|18
|
|t:|1757824794
|switch|p2a: Corviknight|Corviknight, F|79/100
|-ability|p2a: Corviknight|Pressure
|move|p1a: Hydrapple|Giga Drain|p2a: Corviknight
|-resisted|p2a: Corviknight
|-damage|p2a: Corviknight|71/100
|
|upkeep
|turn|19
|
|t:|1757824809
|switch|p1a: Alomomola|Alomomola, M|96/100 par
|move|p2a: Corviknight|Roost|p2a: Corviknight
|-heal|p2a: Corviknight|100/100
|-singleturn|p2a: Corviknight|move: Roost
|
|upkeep
|turn|20
|
|t:|1757824817
|move|p2a: Corviknight|U-turn|p1a: Alomomola
|-damage|p1a: Alomomola|85/100 par
|
|t:|1757824822
|switch|p2a: Ogerpon|Ogerpon-Wellspring, F|57/100|[from] U-turn
|move|p1a: Alomomola|Body Slam|p2a: Ogerpon
|-damage|p2a: Ogerpon|36/100
|
|upkeep
|turn|21
|
|t:|1757824830
|switch|p1a: Hydrapple|Hydrapple, F|100/100
|move|p2a: Ogerpon|Trailblaze|p1a: Hydrapple
|-resisted|p1a: Hydrapple
|-damage|p1a: Hydrapple|95/100
|-boost|p2a: Ogerpon|spe|1
|
|upkeep
|turn|22
|
|t:|1757824841
|switch|p2a: Corviknight|Corviknight, F|100/100
|-ability|p2a: Corviknight|Pressure
|move|p1a: Hydrapple|Fickle Beam|p2a: Corviknight|[anim] Fickle Beam All Out
|-activate|p1a: Hydrapple|move: Fickle Beam
|-resisted|p2a: Corviknight
|-damage|p2a: Corviknight|59/100
|
|upkeep
|turn|23
|
|t:|1757824850
|switch|p1a: Alomomola|Alomomola, M|100/100 par
|move|p2a: Corviknight|Roost|p2a: Corviknight
|-heal|p2a: Corviknight|100/100
|-singleturn|p2a: Corviknight|move: Roost
|
|upkeep
|turn|24
|
|t:|1757824873
|move|p2a: Corviknight|U-turn|p1a: Alomomola
|-damage|p1a: Alomomola|89/100 par
|
|t:|1757824876
|switch|p2a: Gliscor|Gliscor, F|55/100 tox|[from] U-turn
|move|p1a: Alomomola|Body Slam|p2a: Gliscor
|-damage|p2a: Gliscor|43/100 tox
|
|-heal|p2a: Gliscor|56/100 tox|[from] ability: Poison Heal
|upkeep
|turn|25
|
|t:|1757824889
|move|p2a: Gliscor|Toxic Spikes|p1a: Alomomola
|-sidestart|p1: wtffdryvsr|move: Toxic Spikes
|cant|p1a: Alomomola|par
|
|-heal|p2a: Gliscor|68/100 tox|[from] ability: Poison Heal
|upkeep
|turn|26
|
|t:|1757824901
|switch|p1a: Hydrapple|Hydrapple, F|100/100
|move|p2a: Gliscor|Knock Off|p1a: Hydrapple
|-damage|p1a: Hydrapple|87/100
|-enditem|p1a: Hydrapple|Heavy-Duty Boots|[from] move: Knock Off|[of] p2a: Gliscor
|
|-heal|p2a: Gliscor|81/100 tox|[from] ability: Poison Heal
|upkeep
|turn|27
|
|t:|1757824921
|switch|p2a: Corviknight|Corviknight, F|100/100
|-ability|p2a: Corviknight|Pressure
|move|p1a: Hydrapple|Giga Drain|p2a: Corviknight
|-resisted|p2a: Corviknight
|-damage|p2a: Corviknight|92/100
|-heal|p1a: Hydrapple|91/100|[from] drain|[of] p2a: Corviknight
|
|upkeep
|turn|28
|
|t:|1757824936
|switch|p1a: Alomomola|Alomomola, M|100/100 par
|move|p2a: Corviknight|Brave Bird|p1a: Alomomola
|-damage|p1a: Alomomola|70/100 par
|-damage|p2a: Corviknight|79/100|[from] Recoil
|
|upkeep
|turn|29
|
|t:|1757824955
|move|p2a: Corviknight|U-turn|p1a: Alomomola
|-damage|p1a: Alomomola|59/100 par
|
|t:|1757824958
|switch|p2a: Gliscor|Gliscor, F|81/100 tox|[from] U-turn
|cant|p1a: Alomomola|par
|
|-heal|p2a: Gliscor|93/100 tox|[from] ability: Poison Heal
|upkeep
|turn|30
|
|t:|1757824964
|switch|p1a: Landorus|Landorus-Therian, M|63/100
|-ability|p1a: Landorus|Intimidate|boost
|-unboost|p2a: Gliscor|atk|1
|move|p2a: Gliscor|Knock Off|p1a: Landorus
|-damage|p1a: Landorus|46/100
|-enditem|p1a: Landorus|Leftovers|[from] move: Knock Off|[of] p2a: Gliscor
|
|-heal|p2a: Gliscor|100/100 tox|[from] ability: Poison Heal
|upkeep
|turn|31
|
|t:|1757824981
|switch|p2a: Corviknight|Corviknight, F|79/100
|-ability|p2a: Corviknight|Pressure
|move|p1a: Landorus|Substitute|p1a: Landorus
|-start|p1a: Landorus|Substitute
|-damage|p1a: Landorus|22/100
|
|upkeep
|turn|32
|inactive|leafsel has 120 seconds left.
|
|t:|1757825017
|switch|p2a: Tyranitar|Tyranitar, F|98/100
|-weather|Sandstorm|[from] ability: Sand Stream|[of] p2a: Tyranitar
|move|p1a: Landorus|Smack Down|p2a: Tyranitar
|-damage|p2a: Tyranitar|83/100
|
|-weather|Sandstorm|[upkeep]
|-heal|p2a: Tyranitar|89/100|[from] item: Leftovers
|upkeep
|turn|33
|
|t:|1757825028
|move|p1a: Landorus|Earthquake|p2a: Tyranitar
|-supereffective|p2a: Tyranitar
|-damage|p2a: Tyranitar|0 fnt
|faint|p2a: Tyranitar
|
|-weather|Sandstorm|[upkeep]
|upkeep
|inactive|leafsel has 120 seconds left.
|
|t:|1757825054
|switch|p2a: Gliscor|Gliscor, F|100/100 tox
|turn|34
|
|t:|1757825080
|move|p1a: Landorus|Smack Down|p2a: Gliscor
|-damage|p2a: Gliscor|87/100 tox
|-start|p2a: Gliscor|Smack Down
|move|p2a: Gliscor|Knock Off|p1a: Landorus
|-activate|p1a: Landorus|move: Substitute|[damage]
|
|-weather|Sandstorm|[upkeep]
|-heal|p2a: Gliscor|99/100 tox|[from] ability: Poison Heal
|upkeep
|turn|35
|inactive|leafsel has 120 seconds left.
|
|t:|1757825093
|switch|p2a: Corviknight|Corviknight, F|79/100
|-ability|p2a: Corviknight|Pressure
|move|p1a: Landorus|Earthquake|p2a: Corviknight
|-immune|p2a: Corviknight
|
|-weather|Sandstorm|[upkeep]
|upkeep
|turn|36
|
|t:|1757825103
|move|p1a: Landorus|Smack Down|p2a: Corviknight
|-damage|p2a: Corviknight|67/100
|-start|p2a: Corviknight|Smack Down
|move|p2a: Corviknight|Brave Bird|p1a: Landorus
|-end|p1a: Landorus|Substitute
|-damage|p2a: Corviknight|65/100|[from] Recoil|[of] p1a: Landorus
|
|-weather|none
|upkeep
|turn|37
|inactive|wtffdryvsr has 120 seconds left.
|inactive|leafsel has 120 seconds left.
|
|t:|1757825133
|switch|p1a: Cinderace|Cinderace, M|100/100
|switch|p2a: Gliscor|Gliscor, F|99/100 tox
|
|-heal|p2a: Gliscor|100/100 tox|[from] ability: Poison Heal
|upkeep
|turn|38
|inactive|leafsel has 120 seconds left.
|inactive|wtffdryvsr has 90 seconds left.
|inactive|leafsel has 90 seconds left.
|
|t:|1757825188
|switch|p1a: Alomomola|Alomomola, M|92/100 par
|move|p2a: Gliscor|Earthquake|p1a: Alomomola
|-damage|p1a: Alomomola|65/100 par
|
|upkeep
|turn|39
|inactive|leafsel has 90 seconds left.
|inactive|wtffdryvsr has 60 seconds left.
|
|t:|1757825230
|switch|p1a: Landorus|Landorus-Therian, M|22/100
|-ability|p1a: Landorus|Intimidate|boost
|-unboost|p2a: Gliscor|atk|1
|move|p2a: Gliscor|Toxic Spikes|p1a: Landorus
|-sidestart|p1: wtffdryvsr|move: Toxic Spikes
|
|upkeep
|turn|40
|inactive|leafsel has 90 seconds left.
|
|t:|1757825262
|switch|p2a: Gholdengo|Gholdengo|100/100
|move|p1a: Landorus|Smack Down|p2a: Gholdengo
|-resisted|p2a: Gholdengo
|-damage|p2a: Gholdengo|90/100
|
|upkeep
|turn|41
|
|t:|1757825270
|-terastallize|p2a: Gholdengo|Fairy
|move|p1a: Landorus|Earthquake|p2a: Gholdengo
|-damage|p2a: Gholdengo|23/100
|move|p2a: Gholdengo|Shadow Ball|p1a: Landorus
|-damage|p1a: Landorus|0 fnt
|faint|p1a: Landorus
|
|upkeep
|inactive|wtffdryvsr has 30 seconds left.
|
|t:|1757825295
|switch|p1a: Cinderace|Cinderace, M|100/100
|turn|42
|
|t:|1757825302
|move|p1a: Cinderace|Court Change|p1a: Cinderace
|-swapsideconditions
|-activate|p1a: Cinderace|move: Court Change
|move|p2a: Gholdengo|Recover|p2a: Gholdengo
|-heal|p2a: Gholdengo|73/100
|
|upkeep
|turn|43
|inactive|leafsel has 90 seconds left.
|inactive|wtffdryvsr has 30 seconds left.
|
|t:|1757825326
|switch|p1a: Alomomola|Alomomola, M|99/100 par
|switch|p2a: Gliscor|Gliscor, F|100/100 tox
|
|upkeep
|turn|44
|inactive|wtffdryvsr has 30 seconds left.
|inactive|leafsel has 90 seconds left.
|
|t:|1757825344
|switch|p2a: Corviknight|Corviknight, F|65/100
|-ability|p2a: Corviknight|Pressure
|switch|p1a: Iron Valiant|Iron Valiant|94/100
|
|upkeep
|turn|45
|inactive|wtffdryvsr has 30 seconds left.
|inactive|leafsel has 90 seconds left.
|inactive|wtffdryvsr has 20 seconds left.
|inactive|wtffdryvsr has 15 seconds left.
|
|t:|1757825368
|switch|p2a: Gliscor|Gliscor, F|100/100 tox
|-terastallize|p1a: Iron Valiant|Electric
|move|p1a: Iron Valiant|Thunderbolt|p2a: Gliscor
|-immune|p2a: Gliscor
|
|upkeep
|turn|46
|inactive|wtffdryvsr has 25 seconds left this turn.
|inactive|wtffdryvsr has 20 seconds left.
|inactive|leafsel has 90 seconds left.
|inactive|wtffdryvsr has 15 seconds left.
|
|t:|1757825381
|-end|p1a: Iron Valiant|Quark Drive|[silent]
|switch|p1a: Hydrapple|Hydrapple, F|100/100
|move|p2a: Gliscor|Earthquake|p1a: Hydrapple
|-resisted|p1a: Hydrapple
|-damage|p1a: Hydrapple|90/100
|
|upkeep
|turn|47
|inactive|wtffdryvsr has 25 seconds left this turn.
|inactive|wtffdryvsr has 20 seconds left.
|inactive|wtffdryvsr has 15 seconds left.
|
|t:|1757825393
|move|p2a: Gliscor|Toxic Spikes|p1a: Hydrapple
|-sidestart|p1: wtffdryvsr|move: Toxic Spikes
|move|p1a: Hydrapple|Fickle Beam|p2a: Gliscor|[anim] Fickle Beam All Out
|-activate|p1a: Hydrapple|move: Fickle Beam
|-damage|p2a: Gliscor|27/100 tox
|
|-heal|p2a: Gliscor|39/100 tox|[from] ability: Poison Heal
|upkeep
|turn|48
|inactive|wtffdryvsr has 25 seconds left this turn.
|inactive|wtffdryvsr has 20 seconds left.
|
|t:|1757825405
|switch|p2a: Corviknight|Corviknight, F|65/100
|-ability|p2a: Corviknight|Pressure
|move|p1a: Hydrapple|Fickle Beam|p2a: Corviknight
|-resisted|p2a: Corviknight
|-damage|p2a: Corviknight|44/100
|
|upkeep
|turn|49
|inactive|wtffdryvsr has 30 seconds left this turn.
|inactive|wtffdryvsr has 20 seconds left.
|
|t:|1757825416
|switch|p1a: Alomomola|Alomomola, M|100/100 par
|move|p2a: Corviknight|Roost|p2a: Corviknight
|-heal|p2a: Corviknight|94/100
|-singleturn|p2a: Corviknight|move: Roost
|
|upkeep
|turn|50
|inactive|wtffdryvsr has 30 seconds left this turn.
|inactive|wtffdryvsr has 20 seconds left.
|inactive|wtffdryvsr has 15 seconds left.
|inactive|wtffdryvsr has 10 seconds left.
|inactive|wtffdryvsr has 5 seconds left.
|
|t:|1757825442
|move|p2a: Corviknight|Defog|p1a: Alomomola
|-unboost|p1a: Alomomola|evasion|1
|-sideend|p1: wtffdryvsr|Toxic Spikes|[from] move: Defog|[of] p2a: Corviknight
|-sideend|p2: leafsel|Toxic Spikes|[from] move: Defog|[of] p2a: Corviknight
|move|p1a: Alomomola|Flip Turn|p2a: Corviknight
|-damage|p2a: Corviknight|84/100
|-damage|p1a: Alomomola|84/100 par|[from] item: Rocky Helmet|[of] p2a: Corviknight
|inactive|wtffdryvsr has 10 seconds left this turn.
|inactive|wtffdryvsr has 5 seconds left.
|
|t:|1757825452
|switch|p1a: Iron Valiant|Iron Valiant, tera:Electric|94/100|[from] Flip Turn
|
|upkeep
|turn|51
|inactive|wtffdryvsr has 15 seconds left this turn.
|inactive|wtffdryvsr has 10 seconds left.
|inactive|leafsel has 120 seconds left.
|inactive|wtffdryvsr has 5 seconds left.
|
|t:|1757825465
|switch|p2a: Gliscor|Gliscor, F|39/100 tox
|move|p1a: Iron Valiant|Moonblast|p2a: Gliscor
|-damage|p2a: Gliscor|1/100 tox
|
|-heal|p2a: Gliscor|14/100 tox|[from] ability: Poison Heal
|upkeep
|turn|52
|inactive|wtffdryvsr has 15 seconds left this turn.
|inactive|wtffdryvsr has 10 seconds left.
|
|t:|1757825472
|move|p2a: Gliscor|Protect|p2a: Gliscor
|-singleturn|p2a: Gliscor|Protect
|move|p1a: Iron Valiant|Moonblast|p2a: Gliscor
|-activate|p2a: Gliscor|move: Protect
|
|-heal|p2a: Gliscor|26/100 tox|[from] ability: Poison Heal
|upkeep
|turn|53
|inactive|wtffdryvsr has 20 seconds left this turn.
|inactive|wtffdryvsr has 15 seconds left.
|
|t:|1757825483
|switch|p2a: Ogerpon|Ogerpon-Wellspring, F|36/100
|move|p1a: Iron Valiant|Moonblast|p2a: Ogerpon
|-damage|p2a: Ogerpon|0 fnt
|faint|p2a: Ogerpon
|
|upkeep
|inactive|leafsel has 120 seconds left.
|
|t:|1757825500
|switch|p2a: Gholdengo|Gholdengo, tera:Fairy|73/100
|turn|54
|inactive|wtffdryvsr has 30 seconds left this turn.
|inactive|leafsel has 120 seconds left.
|inactive|wtffdryvsr has 20 seconds left.
|
|t:|1757825510
|-end|p1a: Iron Valiant|Quark Drive|[silent]
|switch|p1a: Alomomola|Alomomola, M|100/100 par
|move|p2a: Gholdengo|Make It Rain|p1a: Alomomola
|-resisted|p1a: Alomomola
|-damage|p1a: Alomomola|78/100 par
|-unboost|p2a: Gholdengo|spa|1
|
|upkeep
|turn|55
|inactive|wtffdryvsr has 30 seconds left this turn.
|inactive|wtffdryvsr has 20 seconds left.
|
|t:|1757825520
|move|p2a: Gholdengo|Recover|p2a: Gholdengo
|-heal|p2a: Gholdengo|100/100
|move|p1a: Alomomola|Mirror Coat||[still]
|-fail|p1a: Alomomola
|
|upkeep
|turn|56
|inactive|wtffdryvsr has 30 seconds left this turn.
|
|t:|1757825529
|switch|p2a: Gliscor|Gliscor, F|26/100 tox
|cant|p1a: Alomomola|par
|
|-heal|p2a: Gliscor|39/100 tox|[from] ability: Poison Heal
|upkeep
|turn|57
|inactive|wtffdryvsr has 30 seconds left.
|
|t:|1757825540
|switch|p1a: Hydrapple|Hydrapple, F|100/100
|move|p2a: Gliscor|Protect||[still]
|-fail|p2a: Gliscor
|
|-heal|p2a: Gliscor|51/100 tox|[from] ability: Poison Heal
|upkeep
|turn|58
|inactive|wtffdryvsr has 30 seconds left.
|
|t:|1757825554
|switch|p2a: Corviknight|Corviknight, F|84/100
|-ability|p2a: Corviknight|Pressure
|move|p1a: Hydrapple|Fickle Beam|p2a: Corviknight
|-resisted|p2a: Corviknight
|-damage|p2a: Corviknight|64/100
|
|upkeep
|turn|59
|inactive|wtffdryvsr has 30 seconds left.
|
|t:|1757825565
|switch|p1a: Alomomola|Alomomola, M|100/100 par
|move|p2a: Corviknight|Roost|p2a: Corviknight
|-heal|p2a: Corviknight|100/100
|-singleturn|p2a: Corviknight|move: Roost
|
|upkeep
|turn|60
|inactive|wtffdryvsr has 30 seconds left.
|inactive|wtffdryvsr has 20 seconds left.
|
|t:|1757825595
|move|p2a: Corviknight|U-turn|p1a: Alomomola
|-damage|p1a: Alomomola|89/100 par
|inactive|leafsel has 120 seconds left.
|
|t:|1757825625
|switch|p2a: Gholdengo|Gholdengo, tera:Fairy|100/100|[from] U-turn
|move|p1a: Alomomola|Flip Turn|p2a: Gholdengo
|-crit|p2a: Gholdengo
|-damage|p2a: Gholdengo|72/100
|inactive|wtffdryvsr has 30 seconds left this turn.
|inactive|wtffdryvsr has 20 seconds left.
|
|t:|1757825639
|switch|p1a: Hydrapple|Hydrapple, F|100/100|[from] Flip Turn
|
|upkeep
|turn|61
|inactive|wtffdryvsr has 30 seconds left this turn.
|inactive|wtffdryvsr has 20 seconds left.
|
|t:|1757825652
|move|p2a: Gholdengo|Make It Rain|p1a: Hydrapple
|-damage|p1a: Hydrapple|12/100
|-unboost|p2a: Gholdengo|spa|1
|move|p1a: Hydrapple|Giga Drain|p2a: Gholdengo
|-damage|p2a: Gholdengo|26/100
|-heal|p1a: Hydrapple|29/100|[from] drain|[of] p2a: Gholdengo
|
|upkeep
|turn|62
|inactive|wtffdryvsr has 30 seconds left this turn.
|inactive|wtffdryvsr has 20 seconds left.
|
|t:|1757825666
|switch|p1a: Alomomola|Alomomola, M|100/100 par
|move|p2a: Gholdengo|Recover|p2a: Gholdengo
|-heal|p2a: Gholdengo|76/100
|
|upkeep
|turn|63
|inactive|wtffdryvsr has 30 seconds left this turn.
|inactive|wtffdryvsr has 20 seconds left.
|inactive|leafsel has 120 seconds left.
|
|t:|1757825680
|move|p2a: Gholdengo|Nasty Plot|p2a: Gholdengo
|-boost|p2a: Gholdengo|spa|2
|move|p1a: Alomomola|Body Slam|p2a: Gholdengo
|-damage|p2a: Gholdengo|60/100
|-status|p2a: Gholdengo|par
|
|upkeep
|turn|64
|inactive|wtffdryvsr has 30 seconds left this turn.
|inactive|wtffdryvsr has 20 seconds left.
|
|t:|1757825691
|move|p2a: Gholdengo|Recover|p2a: Gholdengo
|-heal|p2a: Gholdengo|100/100 par
|move|p1a: Alomomola|Flip Turn|p2a: Gholdengo
|-damage|p2a: Gholdengo|83/100 par
|inactive|wtffdryvsr has 25 seconds left this turn.
|inactive|wtffdryvsr has 20 seconds left.
|inactive|wtffdryvsr has 15 seconds left.
|inactive|wtffdryvsr has 10 seconds left.
|
|t:|1757825709
|switch|p1a: Cinderace|Cinderace, M|100/100|[from] Flip Turn
|
|upkeep
|turn|65
|inactive|wtffdryvsr has 20 seconds left this turn.
|inactive|wtffdryvsr has 15 seconds left.
|
|t:|1757825719
|move|p1a: Cinderace|U-turn|p2a: Gholdengo
|-resisted|p2a: Gholdengo
|-crit|p2a: Gholdengo
|-damage|p2a: Gholdengo|67/100 par
|inactive|wtffdryvsr has 20 seconds left this turn.
|inactive|wtffdryvsr has 15 seconds left.
|
|t:|1757825725
|switch|p1a: Alomomola|Alomomola, M|100/100 par|[from] U-turn
|move|p2a: Gholdengo|Make It Rain|p1a: Alomomola
|-resisted|p1a: Alomomola
|-damage|p1a: Alomomola|70/100 par
|-unboost|p2a: Gholdengo|spa|1
|
|upkeep
|turn|66
|inactive|wtffdryvsr has 25 seconds left this turn.
|inactive|wtffdryvsr has 20 seconds left.
|inactive|wtffdryvsr has 15 seconds left.
|inactive|wtffdryvsr has 10 seconds left.
|
|t:|1757825741
|cant|p2a: Gholdengo|par
|cant|p1a: Alomomola|par
|
|upkeep
|turn|67
|inactive|wtffdryvsr has 20 seconds left this turn.
|inactive|wtffdryvsr has 15 seconds left.
|
|t:|1757825748
|move|p2a: Gholdengo|Nasty Plot|p2a: Gholdengo
|-boost|p2a: Gholdengo|spa|2
|move|p1a: Alomomola|Mirror Coat||[still]
|-fail|p1a: Alomomola
|
|upkeep
|turn|68
|inactive|wtffdryvsr has 25 seconds left this turn.
|inactive|wtffdryvsr has 20 seconds left.
|
|t:|1757825757
|move|p2a: Gholdengo|Recover|p2a: Gholdengo
|-heal|p2a: Gholdengo|100/100 par
|move|p1a: Alomomola|Mirror Coat||[still]
|-fail|p1a: Alomomola
|
|upkeep
|turn|69
|inactive|wtffdryvsr has 30 seconds left this turn.
|
|t:|1757825764
|move|p2a: Gholdengo|Nasty Plot|p2a: Gholdengo
|-boost|p2a: Gholdengo|spa|2
|move|p1a: Alomomola|Mirror Coat||[still]
|-fail|p1a: Alomomola
|
|upkeep
|turn|70
|inactive|wtffdryvsr has 30 seconds left.
|
|t:|1757825775
|move|p2a: Gholdengo|Shadow Ball|p1a: Alomomola
|-damage|p1a: Alomomola|0 fnt
|faint|p1a: Alomomola
|
|upkeep
|inactive|wtffdryvsr has 30 seconds left this turn.
|inactive|wtffdryvsr has 20 seconds left.
|inactive|wtffdryvsr has 15 seconds left.
|
|t:|1757825795
|switch|p1a: Iron Valiant|Iron Valiant, tera:Electric|94/100
|turn|71
|inactive|wtffdryvsr has 25 seconds left this turn.
|inactive|wtffdryvsr has 20 seconds left.
|
|t:|1757825803
|move|p1a: Iron Valiant|Thunderbolt|p2a: Gholdengo
|-damage|p2a: Gholdengo|45/100 par
|move|p2a: Gholdengo|Make It Rain|p1a: Iron Valiant
|-resisted|p1a: Iron Valiant
|-damage|p1a: Iron Valiant|0 fnt
|-unboost|p2a: Gholdengo|spa|1
|faint|p1a: Iron Valiant
|-end|p1a: Iron Valiant|Quark Drive|[silent]
|
|upkeep
|inactive|wtffdryvsr has 25 seconds left this turn.
|inactive|wtffdryvsr has 20 seconds left.
|inactive|wtffdryvsr has 15 seconds left.
|
|t:|1757825814
|switch|p1a: Weavile|Weavile, M|100/100
|-ability|p1a: Weavile|Pressure
|turn|72
|inactive|wtffdryvsr has 25 seconds left this turn.
|inactive|wtffdryvsr has 20 seconds left.
|
|t:|1757825820
|move|p1a: Weavile|Icicle Crash|p2a: Gholdengo
|-damage|p2a: Gholdengo|0 fnt
|faint|p2a: Gholdengo
|
|upkeep
|
|t:|1757825833
|switch|p2a: Corviknight|Corviknight, F|100/100
|-ability|p2a: Corviknight|Pressure
|turn|73
|inactive|wtffdryvsr has 30 seconds left.
|
|t:|1757825846
|move|p1a: Weavile|Icicle Crash|p2a: Corviknight
|-damage|p2a: Corviknight|76/100
|cant|p2a: Corviknight|flinch
|
|upkeep
|turn|74
|inactive|wtffdryvsr has 30 seconds left.
|
|t:|1757825874
|move|p1a: Weavile|Icicle Crash|p2a: Corviknight
|-damage|p2a: Corviknight|52/100
|move|p2a: Corviknight|Roost|p2a: Corviknight
|-heal|p2a: Corviknight|100/100
|-singleturn|p2a: Corviknight|move: Roost
|
|upkeep
|turn|75
|inactive|wtffdryvsr has 30 seconds left.
|inactive|wtffdryvsr has 20 seconds left.
|inactive|leafsel has 120 seconds left.
|inactive|wtffdryvsr has 15 seconds left.
|inactive|wtffdryvsr has 10 seconds left.
|
|t:|1757825903
|switch|p1a: Cinderace|Cinderace, M|100/100
|move|p2a: Corviknight|Brave Bird|p1a: Cinderace
|-damage|p1a: Cinderace|60/100
|-damage|p2a: Corviknight|88/100|[from] Recoil
|
|upkeep
|turn|76
|inactive|wtffdryvsr has 20 seconds left this turn.
|inactive|wtffdryvsr has 15 seconds left.
|inactive|wtffdryvsr has 10 seconds left.
|inactive|leafsel has 120 seconds left.
|
|t:|1757825939
|switch|p2a: Gliscor|Gliscor, F|51/100 tox
|move|p1a: Cinderace|Will-O-Wisp||[still]
|-fail|p1a: Cinderace
|
|-heal|p2a: Gliscor|64/100 tox|[from] ability: Poison Heal
|upkeep
|turn|77
|inactive|wtffdryvsr has 20 seconds left this turn.
|inactive|wtffdryvsr has 15 seconds left.
|inactive|wtffdryvsr has 10 seconds left.
|
|t:|1757825952
|move|p1a: Cinderace|Pyro Ball|p2a: Gliscor
|-damage|p2a: Gliscor|28/100 tox
|move|p2a: Gliscor|Toxic Spikes|p1a: Cinderace
|-sidestart|p1: wtffdryvsr|move: Toxic Spikes
|
|-heal|p2a: Gliscor|40/100 tox|[from] ability: Poison Heal
|upkeep
|turn|78
|inactive|wtffdryvsr has 20 seconds left this turn.
|inactive|wtffdryvsr has 15 seconds left.
|inactive|wtffdryvsr has 10 seconds left.
|
|t:|1757825965
|move|p2a: Gliscor|Protect|p2a: Gliscor
|-singleturn|p2a: Gliscor|Protect
|move|p1a: Cinderace|U-turn|p2a: Gliscor
|-activate|p2a: Gliscor|move: Protect
|
|-heal|p2a: Gliscor|53/100 tox|[from] ability: Poison Heal
|upkeep
|turn|79
|inactive|wtffdryvsr has 20 seconds left this turn.
|inactive|wtffdryvsr has 15 seconds left.
|
|t:|1757825982
|move|p1a: Cinderace|U-turn|p2a: Gliscor
|-resisted|p2a: Gliscor
|-damage|p2a: Gliscor|45/100 tox
|inactive|wtffdryvsr has 20 seconds left this turn.
|
|t:|1757825986
|switch|p1a: Hydrapple|Hydrapple, F|63/100|[from] U-turn
|-status|p1a: Hydrapple|psn
|move|p2a: Gliscor|Earthquake|p1a: Hydrapple
|-resisted|p1a: Hydrapple
|-damage|p1a: Hydrapple|50/100 psn
|
|-heal|p2a: Gliscor|58/100 tox|[from] ability: Poison Heal
|-damage|p1a: Hydrapple|38/100 psn|[from] psn
|upkeep
|turn|80
|inactive|wtffdryvsr has 30 seconds left this turn.
|inactive|wtffdryvsr has 20 seconds left.
|
|t:|1757825998
|move|p2a: Gliscor|Protect|p2a: Gliscor
|-singleturn|p2a: Gliscor|Protect
|move|p1a: Hydrapple|Giga Drain|p2a: Gliscor
|-activate|p2a: Gliscor|move: Protect
|
|-heal|p2a: Gliscor|70/100 tox|[from] ability: Poison Heal
|-damage|p1a: Hydrapple|25/100 psn|[from] psn
|upkeep
|turn|81
|inactive|wtffdryvsr has 30 seconds left this turn.
|inactive|wtffdryvsr has 20 seconds left.
|inactive|leafsel has 90 seconds left.
|
|t:|1757826029
|switch|p2a: Corviknight|Corviknight, F|88/100
|-ability|p2a: Corviknight|Pressure
|move|p1a: Hydrapple|Giga Drain|p2a: Corviknight
|-resisted|p2a: Corviknight
|-damage|p2a: Corviknight|80/100
|-heal|p1a: Hydrapple|29/100 psn|[from] drain|[of] p2a: Corviknight
|
|-damage|p1a: Hydrapple|17/100 psn|[from] psn
|upkeep
|turn|82
|inactive|wtffdryvsr has 30 seconds left this turn.
|inactive|wtffdryvsr has 20 seconds left.
|inactive|wtffdryvsr has 15 seconds left.
|inactive|wtffdryvsr has 10 seconds left.
|inactive|wtffdryvsr has 5 seconds left.
|
|t:|1757826055
|move|p2a: Corviknight|U-turn|p1a: Hydrapple
|-supereffective|p1a: Hydrapple
|-damage|p1a: Hydrapple|0 fnt
|faint|p1a: Hydrapple
|
|t:|1757826058
|switch|p2a: Gliscor|Gliscor, F|70/100 tox|[from] U-turn
|
|-heal|p2a: Gliscor|83/100 tox|[from] ability: Poison Heal
|upkeep
|inactive|wtffdryvsr has 15 seconds left this turn.
|inactive|wtffdryvsr has 10 seconds left.
|
|t:|1757826066
|switch|p1a: Cinderace|Cinderace, M|60/100
|turn|83
|inactive|wtffdryvsr has 20 seconds left this turn.
|c|☆leafsel|you got this
|inactive|wtffdryvsr has 15 seconds left.
|inactive|wtffdryvsr has 10 seconds left.
|c|☆wtffdryvsr|哥们儿，这把我差不多也要输了 ，真的不行啊 ，不是玩儿这个你真的开心吗
|inactive|wtffdryvsr has 5 seconds left.
|
|t:|1757826081
|move|p1a: Cinderace|Pyro Ball|p2a: Gliscor
|-damage|p2a: Gliscor|43/100 tox
|move|p2a: Gliscor|Earthquake|p1a: Cinderace
|-supereffective|p1a: Cinderace
|-damage|p1a: Cinderace|0 fnt
|faint|p1a: Cinderace
|
|-heal|p2a: Gliscor|55/100 tox|[from] ability: Poison Heal
|upkeep
|inactive|wtffdryvsr has 10 seconds left this turn.
|inactive|wtffdryvsr has 5 seconds left.
|-message|wtffdryvsr lost due to inactivity.
|
|win|leafsel
|raw|wtffdryvsr's rating: 1131 &rarr; <strong>1110</strong><br />(-21 for losing)
|raw|leafsel's rating: 1184 &rarr; <strong>1205</strong><br />(+21 for winning)
|c|☆wtffdryvsr|让给你了 ，真他妈恶心
|c|☆wtffdryvsr|这是我打过最长的一把
