|badge|p1|bronze|gen9ou|100-6
|uhtml|medal-msg|<div class="broadcast-blue">Curious what those medals under the avatar are? PS now has Ladder Seasons! For more information, check out the <a href="https://www.smogon.com/forums/threads/3740067/">thread on Smogon.</a></div>
|j|☆Mr Tpen
|j|☆Flex Plays Only
|t:|1757862211
|gametype|singles
|player|p1|Mr Tpen|2|1820
|player|p2|Flex Plays Only|miku-fairy|1794
|gen|9
|tier|[Gen 9] OU
|rated|
|rule|HP Percentage Mod: HP is shown in percentages
|rule|Endless Battle Clause: Forcing endless battles is banned
|rule|Species Clause: Limit one of each Pokémon
|rule|OHKO Clause: OHKO moves are banned
|rule|Evasion Items Clause: Evasion items are banned
|rule|Evasion Moves Clause: Evasion moves are banned
|rule|Evasion Abilities Clause: Evasion abilities are banned
|rule|Sleep Moves Clause: Sleep-inducing moves are banned
|clearpoke
|poke|p1|Enamorus, F|
|poke|p1|Kyurem|
|poke|p1|Landorus-Therian, M|
|poke|p1|Kingambit, F|
|poke|p1|Ogerpon-Wellspring, F|
|poke|p1|Glimmora, F|
|poke|p2|Kingambit, F|
|poke|p2|Hatterene, F|
|poke|p2|Tornadus-Therian, M|
|poke|p2|Zamazenta-*|
|poke|p2|Iron Crown|
|poke|p2|Great Tusk|
|teampreview
|inactive|Battle timer is ON: inactive players will automatically lose when time's up. (requested by Mr Tpen)
|
|t:|1757862223
|teamsize|p1|6
|teamsize|p2|6
|start
|switch|p1a: Ogerpon|Ogerpon-Wellspring, F|100/100
|switch|p2a: Tornadus|Tornadus-Therian, M|100/100
|turn|1
|
|t:|1757862226
|switch|p1a: Glimmora|Glimmora, F|100/100
|move|p2a: Tornadus|Bleakwind Storm|p1a: Glimmora
|-resisted|p1a: Glimmora
|-damage|p1a: Glimmora|80/100
|-enditem|p1a: Glimmora|Red Card|[of] p2a: Tornadus
|drag|p2a: Iron Crown|Iron Crown|100/100
|
|upkeep
|turn|2
|
|t:|1757862230
|switch|p1a: Ogerpon|Ogerpon-Wellspring, F|100/100
|move|p2a: Iron Crown|Volt Switch|p1a: Ogerpon
|-damage|p1a: Ogerpon|74/100
|
|t:|1757862236
|-end|p2a: Iron Crown|Quark Drive|[silent]
|switch|p2a: Tornadus|Tornadus-Therian, M|100/100|[from] Volt Switch
|
|upkeep
|turn|3
|
|t:|1757862239
|switch|p1a: Kyurem|Kyurem|100/100
|-ability|p1a: Kyurem|Pressure
|move|p2a: Tornadus|Bleakwind Storm|p1a: Kyurem
|-damage|p1a: Kyurem|64/100
|
|upkeep
|turn|4
|
|t:|1757862242
|move|p1a: Kyurem|Ice Beam|p2a: Tornadus
|-supereffective|p2a: Tornadus
|-damage|p2a: Tornadus|33/100
|move|p2a: Tornadus|Knock Off|p1a: Kyurem
|-damage|p1a: Kyurem|44/100
|-enditem|p1a: Kyurem|Choice Scarf|[from] move: Knock Off|[of] p2a: Tornadus
|
|upkeep
|turn|5
|
|t:|1757862246
|switch|p2a: Iron Crown|Iron Crown|100/100
|move|p1a: Kyurem|Ice Beam|p2a: Iron Crown
|-resisted|p2a: Iron Crown
|-damage|p2a: Iron Crown|84/100
|-status|p2a: Iron Crown|frz
|
|upkeep
|turn|6
|
|t:|1757862248
|cant|p2a: Iron Crown|frz
|move|p1a: Kyurem|Earth Power|p2a: Iron Crown
|-supereffective|p2a: Iron Crown
|-damage|p2a: Iron Crown|37/100 frz
|
|upkeep
|turn|7
|
|t:|1757862250
|cant|p2a: Iron Crown|frz
|move|p1a: Kyurem|Earth Power|p2a: Iron Crown
|-supereffective|p2a: Iron Crown
|-damage|p2a: Iron Crown|0 fnt
|faint|p2a: Iron Crown
|-end|p2a: Iron Crown|Quark Drive|[silent]
|
|upkeep
|c|☆Flex Plays Only|Outplayed
|c|☆Flex Plays Only|unfort
|
|t:|1757862267
|switch|p2a: Hatterene|Hatterene, F|100/100
|turn|8
|
|t:|1757862270
|switch|p1a: Landorus|Landorus-Therian, M|100/100
|-ability|p1a: Landorus|Intimidate|boost
|-unboost|p2a: Hatterene|atk|1
|move|p2a: Hatterene|Draining Kiss|p1a: Landorus
|-damage|p1a: Landorus|77/100
|-damage|p2a: Hatterene|84/100|[from] item: Rocky Helmet|[of] p1a: Landorus
|
|upkeep
|turn|9
|
|t:|1757862275
|switch|p2a: Great Tusk|Great Tusk|100/100
|move|p1a: Landorus|Earthquake|p2a: Great Tusk
|-damage|p2a: Great Tusk|63/100
|
|upkeep
|turn|10
|
|t:|1757862278
|switch|p1a: Ogerpon|Ogerpon-Wellspring, F|74/100
|move|p2a: Great Tusk|Stealth Rock|p1a: Ogerpon
|-sidestart|p1: Mr Tpen|move: Stealth Rock
|
|upkeep
|turn|11
|
|t:|1757862280
|-end|p2a: Great Tusk|Protosynthesis|[silent]
|switch|p2a: Zamazenta|Zamazenta|100/100
|-ability|p2a: Zamazenta|Dauntless Shield|boost
|-boost|p2a: Zamazenta|def|1
|move|p1a: Ogerpon|Ivy Cudgel|p2a: Zamazenta|[anim] Ivy Cudgel Water
|-damage|p2a: Zamazenta|69/100
|
|-heal|p2a: Zamazenta|75/100|[from] item: Leftovers
|upkeep
|turn|12
|
|t:|1757862286
|switch|p1a: Glimmora|Glimmora, F|80/100
|-damage|p1a: Glimmora|68/100|[from] Stealth Rock
|move|p2a: Zamazenta|Body Press|p1a: Glimmora
|-damage|p1a: Glimmora|36/100
|-activate|p1a: Glimmora|ability: Toxic Debris
|-sidestart|p2: Flex Plays Only|move: Toxic Spikes
|
|-heal|p2a: Zamazenta|82/100|[from] item: Leftovers
|upkeep
|turn|13
|
|t:|1757862289
|move|p2a: Zamazenta|Body Press|p1a: Glimmora
|-damage|p1a: Glimmora|2/100
|-activate|p1a: Glimmora|ability: Toxic Debris
|-sidestart|p2: Flex Plays Only|move: Toxic Spikes
|move|p1a: Glimmora|Mortal Spin|p2a: Zamazenta
|-damage|p2a: Zamazenta|78/100
|-status|p2a: Zamazenta|psn
|-sideend|p1: Mr Tpen|Stealth Rock|[from] move: Mortal Spin|[of] p1a: Glimmora
|
|-heal|p2a: Zamazenta|85/100 psn|[from] item: Leftovers
|-damage|p2a: Zamazenta|72/100 psn|[from] psn
|upkeep
|turn|14
|
|t:|1757862292
|switch|p1a: Landorus|Landorus-Therian, M|77/100
|-ability|p1a: Landorus|Intimidate|boost
|-unboost|p2a: Zamazenta|atk|1
|move|p2a: Zamazenta|Body Press|p1a: Landorus
|-resisted|p1a: Landorus
|-damage|p1a: Landorus|54/100
|-damage|p2a: Zamazenta|56/100 psn|[from] item: Rocky Helmet|[of] p1a: Landorus
|
|-heal|p2a: Zamazenta|62/100 psn|[from] item: Leftovers
|-damage|p2a: Zamazenta|49/100 psn|[from] psn
|upkeep
|turn|15
|
|t:|1757862298
|move|p2a: Zamazenta|Iron Defense|p2a: Zamazenta
|-boost|p2a: Zamazenta|def|2
|move|p1a: Landorus|Stealth Rock|p2a: Zamazenta
|-sidestart|p2: Flex Plays Only|move: Stealth Rock
|
|-heal|p2a: Zamazenta|56/100 psn|[from] item: Leftovers
|-damage|p2a: Zamazenta|43/100 psn|[from] psn
|upkeep
|turn|16
|
|t:|1757862302
|move|p2a: Zamazenta|Body Press|p1a: Landorus
|-resisted|p1a: Landorus
|-damage|p1a: Landorus|16/100
|-damage|p2a: Zamazenta|27/100 psn|[from] item: Rocky Helmet|[of] p1a: Landorus
|move|p1a: Landorus|Earthquake|p2a: Zamazenta
|-damage|p2a: Zamazenta|12/100 psn
|
|-heal|p2a: Zamazenta|18/100 psn|[from] item: Leftovers
|-damage|p2a: Zamazenta|6/100 psn|[from] psn
|upkeep
|turn|17
|
|t:|1757862307
|-terastallize|p1a: Landorus|Ghost
|move|p2a: Zamazenta|Body Press|p1a: Landorus
|-immune|p1a: Landorus
|move|p1a: Landorus|Earthquake|p2a: Zamazenta
|-damage|p2a: Zamazenta|0 fnt
|faint|p2a: Zamazenta
|
|upkeep
|
|t:|1757862313
|switch|p2a: Tornadus|Tornadus-Therian, M|66/100
|-damage|p2a: Tornadus|41/100|[from] Stealth Rock
|turn|18
|
|t:|1757862318
|switch|p1a: Glimmora|Glimmora, F|2/100
|move|p2a: Tornadus|Knock Off|p1a: Glimmora
|-damage|p1a: Glimmora|0 fnt
|faint|p1a: Glimmora
|
|upkeep
|
|t:|1757862321
|switch|p1a: Kyurem|Kyurem|44/100
|-ability|p1a: Kyurem|Pressure
|turn|19
|
|t:|1757862323
|move|p2a: Tornadus|Bleakwind Storm|p1a: Kyurem
|-damage|p1a: Kyurem|9/100
|move|p1a: Kyurem|Ice Beam|p2a: Tornadus
|-supereffective|p2a: Tornadus
|-damage|p2a: Tornadus|0 fnt
|faint|p2a: Tornadus
|
|upkeep
|
|t:|1757862327
|switch|p2a: Kingambit|Kingambit, F, shiny|100/100
|-damage|p2a: Kingambit|94/100|[from] Stealth Rock
|-activate|p2a: Kingambit|ability: Supreme Overlord
|-start|p2a: Kingambit|fallen3|[silent]
|turn|20
|
|t:|1757862332
|switch|p1a: Enamorus|Enamorus, F|100/100
|move|p2a: Kingambit|Swords Dance|p2a: Kingambit
|-boost|p2a: Kingambit|atk|2
|
|-heal|p2a: Kingambit|100/100|[from] item: Leftovers
|upkeep
|turn|21
|
|t:|1757862338
|-terastallize|p2a: Kingambit|Fairy
|move|p1a: Enamorus|Superpower|p2a: Kingambit
|-resisted|p2a: Kingambit
|-damage|p2a: Kingambit|89/100
|-boost|p1a: Enamorus|atk|1
|-boost|p1a: Enamorus|def|1
|move|p2a: Kingambit|Swords Dance|p2a: Kingambit
|-boost|p2a: Kingambit|atk|2
|
|-heal|p2a: Kingambit|96/100|[from] item: Leftovers
|upkeep
|turn|22
|
|t:|1757862342
|switch|p1a: Landorus|Landorus-Therian, M, tera:Ghost|16/100
|-ability|p1a: Landorus|Intimidate|boost
|-unboost|p2a: Kingambit|atk|1
|move|p2a: Kingambit|Tera Blast|p1a: Landorus|[anim] Tera Blast Fairy
|-damage|p1a: Landorus|0 fnt
|faint|p1a: Landorus
|
|-heal|p2a: Kingambit|100/100|[from] item: Leftovers
|upkeep
|
|t:|1757862344
|switch|p1a: Kingambit|Kingambit, F|100/100
|-activate|p1a: Kingambit|ability: Supreme Overlord
|-start|p1a: Kingambit|fallen2|[silent]
|-item|p1a: Kingambit|Air Balloon
|turn|23
|j| Disscratch
|
|t:|1757862346
|move|p1a: Kingambit|Iron Head|p2a: Kingambit
|-supereffective|p2a: Kingambit
|-damage|p2a: Kingambit|31/100
|move|p2a: Kingambit|Tera Blast|p1a: Kingambit|[anim] Tera Blast Fairy
|-damage|p1a: Kingambit|0 fnt
|-enditem|p1a: Kingambit|Air Balloon
|faint|p1a: Kingambit
|-end|p1a: Kingambit|fallen2|[silent]
|
|-heal|p2a: Kingambit|37/100|[from] item: Leftovers
|upkeep
|
|t:|1757862350
|switch|p1a: Enamorus|Enamorus, F|100/100
|turn|24
|
|t:|1757862355
|move|p2a: Kingambit|Sucker Punch|p1a: Enamorus
|-resisted|p1a: Enamorus
|-damage|p1a: Enamorus|15/100
|move|p1a: Enamorus|Moonblast|p2a: Kingambit
|-damage|p2a: Kingambit|0 fnt
|faint|p2a: Kingambit
|-end|p2a: Kingambit|fallen3|[silent]
|
|upkeep
|
|t:|1757862357
|switch|p2a: Hatterene|Hatterene, F|84/100
|-status|p2a: Hatterene|tox
|-damage|p2a: Hatterene|72/100 tox|[from] Stealth Rock
|turn|25
|
|t:|1757862360
|move|p1a: Enamorus|Moonblast|p2a: Hatterene
|-damage|p2a: Hatterene|38/100 tox
|move|p2a: Hatterene|Draining Kiss|p1a: Enamorus
|-damage|p1a: Enamorus|0 fnt
|-heal|p2a: Hatterene|48/100 tox|[from] drain|[of] p1a: Enamorus
|faint|p1a: Enamorus
|
|-damage|p2a: Hatterene|42/100 tox|[from] psn
|upkeep
|
|t:|1757862362
|switch|p1a: Ogerpon|Ogerpon-Wellspring, F|74/100
|turn|26
|
|t:|1757862363
|move|p1a: Ogerpon|Ivy Cudgel|p2a: Hatterene|[anim] Ivy Cudgel Water
|-damage|p2a: Hatterene|0 fnt
|faint|p2a: Hatterene
|
|upkeep
|
|t:|1757862365
|switch|p2a: Great Tusk|Great Tusk|63/100
|-status|p2a: Great Tusk|tox
|-damage|p2a: Great Tusk|60/100 tox|[from] Stealth Rock
|turn|27
|
|t:|1757862366
|move|p1a: Ogerpon|Ivy Cudgel|p2a: Great Tusk|[anim] Ivy Cudgel Water
|-supereffective|p2a: Great Tusk
|-damage|p2a: Great Tusk|0 fnt
|faint|p2a: Great Tusk
|-end|p2a: Great Tusk|Protosynthesis|[silent]
|
|win|Mr Tpen
|raw|Mr Tpen's rating: 1820 &rarr; <strong>1839</strong><br />(+19 for winning)
|raw|Flex Plays Only's rating: 1794 &rarr; <strong>1775</strong><br />(-19 for losing)
|c|☆Flex Plays Only|Wp!
|l|☆Flex Plays Only
|player|p2|
|c|☆Mr Tpen|Gg
|l|☆Mr Tpen
|player|p1|
|l| Disscratch
