|j|☆biglilcuh
|j|☆RoddyJ
|t:|1757910868
|gametype|singles
|player|p1|biglilcuh|101|1409
|player|p2|RoddyJ|ethan|1389
|gen|9
|tier|[Gen 9] OU
|rated|
|rule|HP Percentage Mod: HP is shown in percentages
|rule|Endless Battle Clause: Forcing endless battles is banned
|rule|Species Clause: Limit one of each Pokémon
|rule|OHKO Clause: OHKO moves are banned
|rule|Evasion Items Clause: Evasion items are banned
|rule|Evasion Moves Clause: Evasion moves are banned
|rule|Evasion Abilities Clause: Evasion abilities are banned
|rule|Sleep Moves Clause: Sleep-inducing moves are banned
|clearpoke
|poke|p1|Pecharunt|
|poke|p1|Zapdos|
|poke|p1|Cinderace, M|
|poke|p1|Latios, M|
|poke|p1|Crawdaunt, F|
|poke|p1|Iron Treads|
|poke|p2|Iron Crown|
|poke|p2|Articuno-Galar|
|poke|p2|Kingambit, M|
|poke|p2|Weezing-Galar, M|
|poke|p2|Muk-Alola, M|
|poke|p2|Goodra-Hisui, F|
|teampreview
|inactive|Battle timer is ON: inactive players will automatically lose when time's up. (requested by biglilcuh)
|
|t:|1757910895
|teamsize|p1|6
|teamsize|p2|6
|start
|switch|p1a: Crawdaunt|Crawdaunt, F|100/100
|switch|p2a: Muk|Muk-Alola, M, shiny|100/100
|turn|1
|
|t:|1757910901
|switch|p2a: Goodra|Goodra-Hisui, F, shiny|100/100
|move|p1a: Crawdaunt|Crabhammer|p2a: Goodra|[miss]
|-miss|p1a: Crawdaunt|p2a: Goodra
|
|upkeep
|turn|2
|
|t:|1757910906
|switch|p1a: Iron Treads|Iron Treads|100/100
|move|p2a: Goodra|Dragon Pulse|p1a: Iron Treads
|-resisted|p1a: Iron Treads
|-damage|p1a: Iron Treads|84/100
|
|upkeep
|turn|3
|
|t:|1757910913
|move|p1a: Iron Treads|Knock Off|p2a: Goodra
|-damage|p2a: Goodra|73/100
|-ability|p2a: Goodra|Gooey
|-unboost|p1a: Iron Treads|spe|1
|-enditem|p2a: Goodra|Assault Vest|[from] move: Knock Off|[of] p1a: Iron Treads
|move|p2a: Goodra|Flamethrower|p1a: Iron Treads
|-supereffective|p1a: Iron Treads
|-damage|p1a: Iron Treads|41/100
|
|upkeep
|turn|4
|
|t:|1757910922
|move|p1a: Iron Treads|Earthquake|p2a: Goodra
|-supereffective|p2a: Goodra
|-damage|p2a: Goodra|0 fnt
|faint|p2a: Goodra
|
|upkeep
|
|t:|1757910933
|switch|p2a: Articuno|Articuno-Galar, shiny|100/100
|turn|5
|
|t:|1757910936
|move|p2a: Articuno|Agility|p2a: Articuno
|-boost|p2a: Articuno|spe|2
|move|p1a: Iron Treads|Knock Off|p2a: Articuno
|-supereffective|p2a: Articuno
|-damage|p2a: Articuno|42/100
|-enditem|p2a: Articuno|Weakness Policy
|-boost|p2a: Articuno|atk|2|[from] item: Weakness Policy
|-boost|p2a: Articuno|spa|2|[from] item: Weakness Policy
|
|upkeep
|turn|6
|
|t:|1757910943
|move|p2a: Articuno|Stored Power|p1a: Iron Treads
|-resisted|p1a: Iron Treads
|-damage|p1a: Iron Treads|0 fnt
|faint|p1a: Iron Treads
|-end|p1a: Iron Treads|Quark Drive|[silent]
|
|upkeep
|
|t:|1757910947
|switch|p1a: Crawdaunt|Crawdaunt, F|100/100
|turn|7
|
|t:|1757910951
|-terastallize|p2a: Articuno|Fighting
|move|p1a: Crawdaunt|Aqua Jet|p2a: Articuno
|-damage|p2a: Articuno|0 fnt
|faint|p2a: Articuno
|
|upkeep
|
|t:|1757910959
|switch|p2a: Muk|Muk-Alola, M, shiny|100/100
|turn|8
|
|t:|1757910964
|switch|p1a: Pecharunt|Pecharunt|100/100
|move|p2a: Muk|Knock Off|p1a: Pecharunt
|-supereffective|p1a: Pecharunt
|-damage|p1a: Pecharunt|55/100
|-damage|p2a: Muk|84/100|[from] item: Rocky Helmet|[of] p1a: Pecharunt
|-enditem|p1a: Pecharunt|Rocky Helmet|[from] move: Knock Off|[of] p2a: Muk
|
|upkeep
|turn|9
|
|t:|1757910968
|move|p1a: Pecharunt|Recover|p1a: Pecharunt
|-heal|p1a: Pecharunt|100/100
|move|p2a: Muk|Knock Off|p1a: Pecharunt
|-supereffective|p1a: Pecharunt
|-damage|p1a: Pecharunt|69/100
|
|upkeep
|turn|10
|
|t:|1757910972
|move|p1a: Pecharunt|Foul Play|p2a: Muk
|-resisted|p2a: Muk
|-damage|p2a: Muk|69/100
|move|p2a: Muk|Knock Off|p1a: Pecharunt
|-supereffective|p1a: Pecharunt
|-damage|p1a: Pecharunt|35/100
|
|upkeep
|turn|11
|
|t:|1757910977
|move|p1a: Pecharunt|Recover|p1a: Pecharunt
|-heal|p1a: Pecharunt|85/100
|move|p2a: Muk|Knock Off|p1a: Pecharunt
|-supereffective|p1a: Pecharunt
|-damage|p1a: Pecharunt|53/100
|
|upkeep
|turn|12
|
|t:|1757910984
|move|p1a: Pecharunt|Foul Play|p2a: Muk
|-resisted|p2a: Muk
|-damage|p2a: Muk|52/100
|move|p2a: Muk|Knock Off|p1a: Pecharunt
|-supereffective|p1a: Pecharunt
|-damage|p1a: Pecharunt|20/100
|
|upkeep
|turn|13
|
|t:|1757910989
|move|p1a: Pecharunt|Recover|p1a: Pecharunt
|-heal|p1a: Pecharunt|70/100
|move|p2a: Muk|Knock Off|p1a: Pecharunt
|-supereffective|p1a: Pecharunt
|-damage|p1a: Pecharunt|38/100
|
|upkeep
|turn|14
|
|t:|1757910992
|move|p1a: Pecharunt|Recover|p1a: Pecharunt
|-heal|p1a: Pecharunt|88/100
|move|p2a: Muk|Knock Off|p1a: Pecharunt
|-supereffective|p1a: Pecharunt
|-damage|p1a: Pecharunt|53/100
|
|upkeep
|turn|15
|
|t:|1757910999
|move|p1a: Pecharunt|Recover|p1a: Pecharunt
|-heal|p1a: Pecharunt|100/100
|move|p2a: Muk|Knock Off|p1a: Pecharunt
|-supereffective|p1a: Pecharunt
|-crit|p1a: Pecharunt
|-damage|p1a: Pecharunt|54/100
|
|upkeep
|turn|16
|
|t:|1757911001
|move|p1a: Pecharunt|Recover|p1a: Pecharunt
|-heal|p1a: Pecharunt|100/100
|move|p2a: Muk|Knock Off|p1a: Pecharunt
|-supereffective|p1a: Pecharunt
|-damage|p1a: Pecharunt|65/100
|
|upkeep
|turn|17
|
|t:|1757911006
|switch|p1a: Cinderace|Cinderace, M|100/100
|move|p2a: Muk|Knock Off|p1a: Cinderace
|-damage|p1a: Cinderace|44/100
|-status|p1a: Cinderace|psn|[from] ability: Poison Touch|[of] p2a: Muk
|-enditem|p1a: Cinderace|Heavy-Duty Boots|[from] move: Knock Off|[of] p2a: Muk
|
|-damage|p1a: Cinderace|32/100 psn|[from] psn
|upkeep
|turn|18
|
|t:|1757911012
|move|p1a: Cinderace|Will-O-Wisp|p2a: Muk
|-status|p2a: Muk|brn
|move|p2a: Muk|Knock Off|p1a: Cinderace
|-damage|p1a: Cinderace|15/100 psn
|
|-damage|p1a: Cinderace|2/100 psn|[from] psn
|-damage|p2a: Muk|46/100 brn|[from] brn
|upkeep
|turn|19
|
|t:|1757911015
|move|p2a: Muk|Shadow Sneak|p1a: Cinderace
|-damage|p1a: Cinderace|0 fnt
|faint|p1a: Cinderace
|
|-damage|p2a: Muk|40/100 brn|[from] brn
|upkeep
|
|t:|1757911018
|switch|p1a: Pecharunt|Pecharunt|65/100
|turn|20
|
|t:|1757911021
|switch|p2a: Weezing|Weezing-Galar, M, shiny|100/100
|move|p1a: Pecharunt|Recover|p1a: Pecharunt
|-heal|p1a: Pecharunt|100/100
|
|upkeep
|turn|21
|
|t:|1757911025
|switch|p2a: Muk|Muk-Alola, M, shiny|40/100 brn
|move|p1a: Pecharunt|Malignant Chain|p2a: Muk
|-resisted|p2a: Muk
|-damage|p2a: Muk|30/100 brn
|
|-damage|p2a: Muk|24/100 brn|[from] brn
|upkeep
|turn|22
|
|t:|1757911028
|move|p1a: Pecharunt|Hex|p2a: Muk
|-resisted|p2a: Muk
|-damage|p2a: Muk|10/100 brn
|move|p2a: Muk|Knock Off|p1a: Pecharunt
|-supereffective|p1a: Pecharunt
|-damage|p1a: Pecharunt|85/100
|
|-damage|p2a: Muk|4/100 brn|[from] brn
|upkeep
|turn|23
|
|t:|1757911031
|move|p1a: Pecharunt|Hex|p2a: Muk
|-resisted|p2a: Muk
|-crit|p2a: Muk
|-damage|p2a: Muk|0 fnt
|faint|p2a: Muk
|
|upkeep
|
|t:|1757911036
|switch|p2a: Kingambit|Kingambit, M, shiny|100/100
|-activate|p2a: Kingambit|ability: Supreme Overlord
|-start|p2a: Kingambit|fallen3|[silent]
|turn|24
|
|t:|1757911041
|switch|p1a: Latios|Latios, M|100/100
|move|p2a: Kingambit|Kowtow Cleave|p1a: Latios
|-supereffective|p1a: Latios
|-damage|p1a: Latios|0 fnt
|faint|p1a: Latios
|
|upkeep
|
|t:|1757911045
|switch|p1a: Crawdaunt|Crawdaunt, F|100/100
|turn|25
|
|t:|1757911050
|move|p2a: Kingambit|Low Kick|p1a: Crawdaunt
|-supereffective|p1a: Crawdaunt
|-damage|p1a: Crawdaunt|34/100
|move|p1a: Crawdaunt|Close Combat|p2a: Kingambit
|-supereffective|p2a: Kingambit
|-damage|p2a: Kingambit|0 fnt
|-unboost|p1a: Crawdaunt|def|1
|-unboost|p1a: Crawdaunt|spd|1
|faint|p2a: Kingambit
|-end|p2a: Kingambit|fallen3|[silent]
|
|upkeep
|
|t:|1757911054
|switch|p2a: Weezing|Weezing-Galar, M, shiny|100/100
|turn|26
|
|t:|1757911059
|switch|p1a: Zapdos|Zapdos|100/100
|move|p2a: Weezing|Strange Steam|p1a: Zapdos
|-damage|p1a: Zapdos|75/100
|
|upkeep
|turn|27
|
|t:|1757911064
|move|p1a: Zapdos|Hurricane|p2a: Weezing|[miss]
|-miss|p1a: Zapdos|p2a: Weezing
|move|p2a: Weezing|Strange Steam|p1a: Zapdos
|-damage|p1a: Zapdos|52/100
|-start|p1a: Zapdos|confusion
|
|upkeep
|turn|28
|
|t:|1757911066
|-activate|p1a: Zapdos|confusion
|move|p1a: Zapdos|Hurricane|p2a: Weezing
|-damage|p2a: Weezing|31/100
|-start|p2a: Weezing|confusion
|-activate|p2a: Weezing|confusion
|move|p2a: Weezing|Acid Spray|p1a: Zapdos
|-damage|p1a: Zapdos|40/100
|-unboost|p1a: Zapdos|spd|2
|
|-heal|p2a: Weezing|37/100|[from] item: Leftovers
|upkeep
|turn|29
|
|t:|1757911069
|-end|p1a: Zapdos|confusion
|move|p1a: Zapdos|Volt Switch|p2a: Weezing
|-damage|p2a: Weezing|0 fnt
|faint|p2a: Weezing
|
|t:|1757911077
|switch|p1a: Pecharunt|Pecharunt|85/100|[from] Volt Switch
|
|upkeep
|
|t:|1757911079
|switch|p2a: Iron Crown|Iron Crown|100/100
|turn|30
|
|t:|1757911086
|-terastallize|p1a: Pecharunt|Dark
|move|p2a: Iron Crown|Calm Mind|p2a: Iron Crown
|-boost|p2a: Iron Crown|spa|1
|-boost|p2a: Iron Crown|spd|1
|move|p1a: Pecharunt|Foul Play|p2a: Iron Crown
|-supereffective|p2a: Iron Crown
|-damage|p2a: Iron Crown|64/100
|-enditem|p2a: Iron Crown|Weakness Policy
|-boost|p2a: Iron Crown|atk|2|[from] item: Weakness Policy
|-boost|p2a: Iron Crown|spa|2|[from] item: Weakness Policy
|
|upkeep
|turn|31
|
|t:|1757911094
|move|p2a: Iron Crown|Tachyon Cutter|p1a: Pecharunt
|-damage|p1a: Pecharunt|29/100
|-damage|p1a: Pecharunt|0 fnt
|faint|p1a: Pecharunt
|-hitcount|p1: Pecharunt|2
|
|upkeep
|
|t:|1757911097
|switch|p1a: Zapdos|Zapdos|40/100
|turn|32
|
|t:|1757911101
|move|p2a: Iron Crown|Stored Power|p1a: Zapdos
|-damage|p1a: Zapdos|0 fnt
|faint|p1a: Zapdos
|
|upkeep
|
|t:|1757911104
|switch|p1a: Crawdaunt|Crawdaunt, F|34/100
|turn|33
|
|t:|1757911105
|move|p1a: Crawdaunt|Aqua Jet|p2a: Iron Crown
|-damage|p2a: Iron Crown|24/100
|move|p2a: Iron Crown|Tachyon Cutter|p1a: Crawdaunt
|-resisted|p1a: Crawdaunt
|-crit|p1a: Crawdaunt
|-damage|p1a: Crawdaunt|0 fnt
|faint|p1a: Crawdaunt
|-hitcount|p1: Crawdaunt|1
|
|win|RoddyJ
|raw|biglilcuh's rating: 1409 &rarr; <strong>1388</strong><br />(-21 for losing)
|raw|RoddyJ's rating: 1389 &rarr; <strong>1410</strong><br />(+21 for winning)
|l|☆RoddyJ
|player|p2|
|l|☆biglilcuh
|player|p1|
