|j|☆Freerunner_11
|j|☆Lgm4905
|t:|1757918523
|gametype|singles
|player|p1|Freerunner_11|dancer|1157
|player|p2|Lgm4905|2|1160
|gen|9
|tier|[Gen 9] OU
|rated|
|rule|HP Percentage Mod: HP is shown in percentages
|rule|Endless Battle Clause: Forcing endless battles is banned
|rule|Species Clause: Limit one of each Pokémon
|rule|OHKO Clause: OHKO moves are banned
|rule|Evasion Items Clause: Evasion items are banned
|rule|Evasion Moves Clause: Evasion moves are banned
|rule|Evasion Abilities Clause: Evasion abilities are banned
|rule|Sleep Moves Clause: Sleep-inducing moves are banned
|clearpoke
|poke|p1|Malamar, F|
|poke|p1|Mudsdale, F|
|poke|p1|Milotic, F|
|poke|p1|Gallade, M|
|poke|p1|Corviknight, M|
|poke|p1|Dragapult, M|
|poke|p2|Kingambit, F|
|poke|p2|Great Tusk|
|poke|p2|Mandibuzz, F|
|poke|p2|Tinkaton, F|
|poke|p2|Mew|
|poke|p2|Beartic, M|
|teampreview
|
|t:|1757918532
|teamsize|p1|6
|teamsize|p2|6
|start
|switch|p1a: Corviknight|Corviknight, M, shiny|100/100
|switch|p2a: Great Tusk|Great Tusk|100/100
|turn|1
|
|t:|1757918538
|move|p2a: Great Tusk|Stealth Rock|p1a: Corviknight
|-sidestart|p1: Freerunner_11|move: Stealth Rock
|move|p1a: Corviknight|Brave Bird|p2a: Great Tusk
|-supereffective|p2a: Great Tusk
|-damage|p2a: Great Tusk|47/100
|-damage|p1a: Corviknight|84/100|[from] Recoil
|
|upkeep
|turn|2
|
|t:|1757918556
|move|p2a: Great Tusk|Ice Spinner|p1a: Corviknight
|-damage|p1a: Corviknight|63/100
|-damage|p2a: Great Tusk|30/100|[from] item: Rocky Helmet|[of] p1a: Corviknight
|move|p1a: Corviknight|Defog|p2a: Great Tusk
|-unboost|p2a: Great Tusk|evasion|1
|-sideend|p1: Freerunner_11|Stealth Rock|[from] move: Defog|[of] p1a: Corviknight
|
|upkeep
|turn|3
|
|t:|1757918563
|move|p2a: Great Tusk|Stealth Rock|p1a: Corviknight
|-sidestart|p1: Freerunner_11|move: Stealth Rock
|move|p1a: Corviknight|Brave Bird|p2a: Great Tusk
|-supereffective|p2a: Great Tusk
|-damage|p2a: Great Tusk|0 fnt
|faint|p2a: Great Tusk
|-end|p2a: Great Tusk|Protosynthesis|[silent]
|-damage|p1a: Corviknight|54/100|[from] Recoil
|
|upkeep
|
|t:|1757918578
|switch|p2a: Tinkaton|Tinkaton, F|100/100
|-item|p2a: Tinkaton|Air Balloon
|turn|4
|
|t:|1757918585
|move|p2a: Tinkaton|Encore|p1a: Corviknight
|-start|p1a: Corviknight|Encore
|move|p1a: Corviknight|Brave Bird|p2a: Tinkaton
|-resisted|p2a: Tinkaton
|-damage|p2a: Tinkaton|79/100
|-enditem|p2a: Tinkaton|Air Balloon
|-damage|p1a: Corviknight|48/100|[from] Recoil
|-enditem|p1a: Corviknight|Rocky Helmet|[silent]|[from] ability: Pickpocket|[of] p1a: Corviknight
|-item|p2a: Tinkaton|Rocky Helmet|[from] ability: Pickpocket|[of] p1a: Corviknight
|
|upkeep
|turn|5
|
|t:|1757918605
|switch|p1a: Mudsdale|Mudsdale, F|100/100
|-damage|p1a: Mudsdale|94/100|[from] Stealth Rock
|move|p2a: Tinkaton|Gigaton Hammer|p1a: Mudsdale
|-damage|p1a: Mudsdale|67/100
|-ability|p1a: Mudsdale|Stamina|boost
|-boost|p1a: Mudsdale|def|1
|
|-heal|p1a: Mudsdale|73/100|[from] item: Leftovers
|upkeep
|turn|6
|
|t:|1757918616
|move|p2a: Tinkaton|Knock Off|p1a: Mudsdale
|-damage|p1a: Mudsdale|66/100
|-ability|p1a: Mudsdale|Stamina|boost
|-boost|p1a: Mudsdale|def|1
|-enditem|p1a: Mudsdale|Leftovers|[from] move: Knock Off|[of] p2a: Tinkaton
|move|p1a: Mudsdale|Iron Defense|p1a: Mudsdale
|-boost|p1a: Mudsdale|def|2
|
|upkeep
|turn|7
|
|t:|1757918628
|move|p2a: Tinkaton|Encore|p1a: Mudsdale
|-start|p1a: Mudsdale|Encore
|move|p1a: Mudsdale|Iron Defense|p1a: Mudsdale
|-boost|p1a: Mudsdale|def|2
|
|upkeep
|turn|8
|
|t:|1757918634
|move|p2a: Tinkaton|Knock Off|p1a: Mudsdale
|-crit|p1a: Mudsdale
|-damage|p1a: Mudsdale|55/100
|move|p1a: Mudsdale|Iron Defense|p1a: Mudsdale
|-boost|p1a: Mudsdale|def|0
|
|upkeep
|turn|9
|
|t:|1757918640
|move|p2a: Tinkaton|Knock Off|p1a: Mudsdale
|-damage|p1a: Mudsdale|53/100
|move|p1a: Mudsdale|Iron Defense|p1a: Mudsdale
|-boost|p1a: Mudsdale|def|0
|
|-end|p1a: Mudsdale|Encore
|upkeep
|turn|10
|
|t:|1757918648
|move|p2a: Tinkaton|Encore|p1a: Mudsdale
|-start|p1a: Mudsdale|Encore
|move|p1a: Mudsdale|Iron Defense|p1a: Mudsdale
|-boost|p1a: Mudsdale|def|0
|
|upkeep
|turn|11
|
|t:|1757918656
|move|p2a: Tinkaton|Knock Off|p1a: Mudsdale
|-damage|p1a: Mudsdale|51/100
|move|p1a: Mudsdale|Iron Defense|p1a: Mudsdale
|-boost|p1a: Mudsdale|def|0
|
|upkeep
|turn|12
|
|t:|1757918664
|move|p2a: Tinkaton|Knock Off|p1a: Mudsdale
|-damage|p1a: Mudsdale|49/100
|move|p1a: Mudsdale|Iron Defense|p1a: Mudsdale
|-boost|p1a: Mudsdale|def|0
|
|-end|p1a: Mudsdale|Encore
|upkeep
|turn|13
|
|t:|1757918688
|switch|p1a: Gallade|Gallade, M, shiny|100/100
|-damage|p1a: Gallade|94/100|[from] Stealth Rock
|move|p2a: Tinkaton|Encore||[still]
|-fail|p2a: Tinkaton
|
|upkeep
|turn|14
|
|t:|1757918696
|move|p2a: Tinkaton|Knock Off|p1a: Gallade
|-damage|p1a: Gallade|63/100
|-enditem|p1a: Gallade|Assault Vest|[from] move: Knock Off|[of] p2a: Tinkaton
|move|p1a: Gallade|Knock Off|p2a: Tinkaton
|-resisted|p2a: Tinkaton
|-damage|p2a: Tinkaton|62/100
|-damage|p1a: Gallade|47/100|[from] item: Rocky Helmet|[of] p2a: Tinkaton
|-enditem|p2a: Tinkaton|Rocky Helmet|[from] move: Knock Off|[of] p1a: Gallade
|
|upkeep
|turn|15
|
|t:|1757918705
|move|p2a: Tinkaton|Gigaton Hammer|p1a: Gallade
|-damage|p1a: Gallade|0 fnt
|faint|p1a: Gallade
|
|upkeep
|
|t:|1757918718
|switch|p1a: Mudsdale|Mudsdale, F|49/100
|-damage|p1a: Mudsdale|43/100|[from] Stealth Rock
|turn|16
|
|t:|1757918730
|move|p2a: Tinkaton|Knock Off|p1a: Mudsdale
|-damage|p1a: Mudsdale|36/100
|-ability|p1a: Mudsdale|Stamina|boost
|-boost|p1a: Mudsdale|def|1
|move|p1a: Mudsdale|Body Press|p2a: Tinkaton
|-damage|p2a: Tinkaton|21/100
|
|upkeep
|turn|17
|
|t:|1757918743
|move|p2a: Tinkaton|Gigaton Hammer|p1a: Mudsdale
|-damage|p1a: Mudsdale|19/100
|-ability|p1a: Mudsdale|Stamina|boost
|-boost|p1a: Mudsdale|def|1
|move|p1a: Mudsdale|Body Press|p2a: Tinkaton
|-damage|p2a: Tinkaton|0 fnt
|faint|p2a: Tinkaton
|
|upkeep
|
|t:|1757918749
|switch|p2a: Beartic|Beartic, M|100/100
|turn|18
|
|t:|1757918758
|-terastallize|p1a: Mudsdale|Water
|move|p2a: Beartic|Icicle Spear|p1a: Mudsdale
|-resisted|p1a: Mudsdale
|-damage|p1a: Mudsdale|17/100
|-ability|p1a: Mudsdale|Stamina|boost
|-boost|p1a: Mudsdale|def|1
|-resisted|p1a: Mudsdale
|-damage|p1a: Mudsdale|15/100
|-ability|p1a: Mudsdale|Stamina|boost
|-boost|p1a: Mudsdale|def|1
|-resisted|p1a: Mudsdale
|-damage|p1a: Mudsdale|13/100
|-ability|p1a: Mudsdale|Stamina|boost
|-boost|p1a: Mudsdale|def|1
|-resisted|p1a: Mudsdale
|-damage|p1a: Mudsdale|12/100
|-ability|p1a: Mudsdale|Stamina|boost
|-boost|p1a: Mudsdale|def|1
|-hitcount|p1a: Mudsdale|4
|move|p1a: Mudsdale|Body Press|p2a: Beartic
|-supereffective|p2a: Beartic
|-crit|p2a: Beartic
|-damage|p2a: Beartic|0 fnt
|faint|p2a: Beartic
|
|upkeep
|
|t:|1757918767
|switch|p2a: Mew|Mew|100/100
|turn|19
|
|t:|1757918784
|move|p2a: Mew|Psychic|p1a: Mudsdale
|-crit|p1a: Mudsdale
|-damage|p1a: Mudsdale|0 fnt
|faint|p1a: Mudsdale
|
|upkeep
|
|t:|1757918792
|switch|p1a: Corviknight|Corviknight, M, shiny|48/100
|-damage|p1a: Corviknight|35/100|[from] Stealth Rock
|turn|20
|
|t:|1757918798
|move|p2a: Mew|Will-O-Wisp|p1a: Corviknight
|-status|p1a: Corviknight|brn
|move|p1a: Corviknight|Roost|p1a: Corviknight
|-heal|p1a: Corviknight|85/100 brn
|-singleturn|p1a: Corviknight|move: Roost
|
|-damage|p1a: Corviknight|79/100 brn|[from] brn
|upkeep
|turn|21
|
|t:|1757918807
|move|p2a: Mew|Psychic|p1a: Corviknight
|-resisted|p1a: Corviknight
|-damage|p1a: Corviknight|66/100 brn
|move|p1a: Corviknight|Defog|p2a: Mew
|-unboost|p2a: Mew|evasion|1
|-sideend|p1: Freerunner_11|Stealth Rock|[from] move: Defog|[of] p1a: Corviknight
|
|-damage|p1a: Corviknight|59/100 brn|[from] brn
|upkeep
|turn|22
|
|t:|1757918816
|move|p2a: Mew|Taunt|p1a: Corviknight
|-start|p1a: Corviknight|move: Taunt
|move|p1a: Corviknight|U-turn|p2a: Mew
|-supereffective|p2a: Mew
|-damage|p2a: Mew|91/100
|
|t:|1757918823
|switch|p1a: Malamar|Malamar, F|100/100|[from] U-turn
|
|upkeep
|turn|23
|
|t:|1757918831
|move|p2a: Mew|Will-O-Wisp|p1a: Malamar
|-status|p1a: Malamar|brn
|move|p1a: Malamar|Knock Off|p2a: Mew
|-supereffective|p2a: Mew
|-damage|p2a: Mew|69/100
|-enditem|p2a: Mew|Heavy-Duty Boots|[from] move: Knock Off|[of] p1a: Malamar
|
|-damage|p1a: Malamar|94/100 brn|[from] brn
|upkeep
|turn|24
|
|t:|1757918844
|move|p2a: Mew|Knock Off|p1a: Malamar
|-damage|p1a: Malamar|74/100 brn
|-enditem|p1a: Malamar|Leftovers|[from] move: Knock Off|[of] p2a: Mew
|move|p1a: Malamar|Superpower|p2a: Mew
|-resisted|p2a: Mew
|-damage|p2a: Mew|65/100
|-boost|p1a: Malamar|atk|1
|-boost|p1a: Malamar|def|1
|
|-damage|p1a: Malamar|68/100 brn|[from] brn
|upkeep
|turn|25
|
|t:|1757918857
|switch|p2a: Mandibuzz|Mandibuzz, F|100/100
|move|p1a: Malamar|Superpower|p2a: Mandibuzz
|-damage|p2a: Mandibuzz|89/100
|-boost|p1a: Malamar|atk|1
|-boost|p1a: Malamar|def|1
|
|-damage|p1a: Malamar|61/100 brn|[from] brn
|upkeep
|turn|26
|
|t:|1757918870
|move|p2a: Mandibuzz|Iron Defense|p2a: Mandibuzz
|-boost|p2a: Mandibuzz|def|2
|move|p1a: Malamar|Knock Off|p2a: Mandibuzz
|-resisted|p2a: Mandibuzz
|-damage|p2a: Mandibuzz|84/100
|-enditem|p2a: Mandibuzz|Heavy-Duty Boots|[from] move: Knock Off|[of] p1a: Malamar
|
|-damage|p1a: Malamar|55/100 brn|[from] brn
|upkeep
|turn|27
|
|t:|1757918891
|move|p2a: Mandibuzz|Iron Defense|p2a: Mandibuzz
|-boost|p2a: Mandibuzz|def|2
|move|p1a: Malamar|Superpower|p2a: Mandibuzz
|-damage|p2a: Mandibuzz|80/100
|-boost|p1a: Malamar|atk|1
|-boost|p1a: Malamar|def|1
|
|-damage|p1a: Malamar|49/100 brn|[from] brn
|upkeep
|turn|28
|
|t:|1757918904
|move|p2a: Mandibuzz|Iron Defense|p2a: Mandibuzz
|-boost|p2a: Mandibuzz|def|2
|move|p1a: Malamar|Rest|p1a: Malamar
|-status|p1a: Malamar|slp|[from] move: Rest
|-heal|p1a: Malamar|100/100 slp|[silent]
|
|upkeep
|turn|29
|
|t:|1757918913
|switch|p1a: Milotic|Milotic, F, shiny|100/100
|move|p2a: Mandibuzz|Toxic|p1a: Milotic
|-status|p1a: Milotic|tox
|
|-damage|p1a: Milotic|94/100 tox|[from] psn
|upkeep
|turn|30
|
|t:|1757918922
|move|p1a: Milotic|Ice Beam|p2a: Mandibuzz
|-supereffective|p2a: Mandibuzz
|-damage|p2a: Mandibuzz|34/100
|move|p2a: Mandibuzz|Foul Play|p1a: Milotic
|-damage|p1a: Milotic|78/100 tox
|
|-heal|p1a: Milotic|84/100 tox|[from] item: Leftovers
|-damage|p1a: Milotic|72/100 tox|[from] psn
|upkeep
|turn|31
|
|t:|1757918937
|move|p1a: Milotic|Haze|p1a: Milotic
|-clearallboost
|move|p2a: Mandibuzz|Roost|p2a: Mandibuzz
|-heal|p2a: Mandibuzz|84/100
|-singleturn|p2a: Mandibuzz|move: Roost
|
|-heal|p1a: Milotic|78/100 tox|[from] item: Leftovers
|-damage|p1a: Milotic|60/100 tox|[from] psn
|upkeep
|turn|32
|
|t:|1757918946
|move|p1a: Milotic|Aqua Ring|p1a: Milotic
|-start|p1a: Milotic|Aqua Ring
|move|p2a: Mandibuzz|Iron Defense|p2a: Mandibuzz
|-boost|p2a: Mandibuzz|def|2
|
|-heal|p1a: Milotic|66/100 tox|[from] item: Leftovers
|-heal|p1a: Milotic|72/100 tox|[from] Aqua Ring
|-damage|p1a: Milotic|48/100 tox|[from] psn
|upkeep
|turn|33
|
|t:|1757918955
|move|p1a: Milotic|Ice Beam|p2a: Mandibuzz
|-supereffective|p2a: Mandibuzz
|-damage|p2a: Mandibuzz|36/100
|move|p2a: Mandibuzz|Roost|p2a: Mandibuzz
|-heal|p2a: Mandibuzz|86/100
|-singleturn|p2a: Mandibuzz|move: Roost
|
|-heal|p1a: Milotic|54/100 tox|[from] item: Leftovers
|-heal|p1a: Milotic|60/100 tox|[from] Aqua Ring
|-damage|p1a: Milotic|30/100 tox|[from] psn
|upkeep
|turn|34
|
|t:|1757918969
|move|p1a: Milotic|Ice Beam|p2a: Mandibuzz
|-supereffective|p2a: Mandibuzz
|-damage|p2a: Mandibuzz|40/100
|move|p2a: Mandibuzz|Foul Play|p1a: Milotic
|-damage|p1a: Milotic|13/100 tox
|
|-heal|p1a: Milotic|19/100 tox|[from] item: Leftovers
|-heal|p1a: Milotic|25/100 tox|[from] Aqua Ring
|-damage|p1a: Milotic|0 fnt|[from] psn
|faint|p1a: Milotic
|upkeep
|
|t:|1757918981
|switch|p1a: Corviknight|Corviknight, M, shiny|59/100 brn
|turn|35
|
|t:|1757918985
|move|p2a: Mandibuzz|Roost|p2a: Mandibuzz
|-heal|p2a: Mandibuzz|90/100
|-singleturn|p2a: Mandibuzz|move: Roost
|move|p1a: Corviknight|U-turn|p2a: Mandibuzz
|-supereffective|p2a: Mandibuzz
|-damage|p2a: Mandibuzz|86/100
|
|t:|1757919015
|switch|p1a: Malamar|Malamar, F|100/100 slp|[from] U-turn
|
|upkeep
|turn|36
|
|t:|1757919027
|move|p2a: Mandibuzz|Iron Defense|p2a: Mandibuzz
|-boost|p2a: Mandibuzz|def|2
|cant|p1a: Malamar|slp
|move|p1a: Malamar|Sleep Talk|p1a: Malamar
|move|p1a: Malamar|Knock Off|p2a: Mandibuzz|[from] move: Sleep Talk
|-resisted|p2a: Mandibuzz
|-damage|p2a: Mandibuzz|83/100
|
|upkeep
|turn|37
|
|t:|1757919039
|move|p2a: Mandibuzz|Iron Defense|p2a: Mandibuzz
|-boost|p2a: Mandibuzz|def|2
|cant|p1a: Malamar|slp
|move|p1a: Malamar|Sleep Talk|p1a: Malamar
|move|p1a: Malamar|Superpower|p2a: Mandibuzz|[from] move: Sleep Talk
|-damage|p2a: Mandibuzz|80/100
|-boost|p1a: Malamar|atk|1
|-boost|p1a: Malamar|def|1
|
|upkeep
|turn|38
|
|t:|1757919056
|move|p2a: Mandibuzz|Foul Play|p1a: Malamar
|-damage|p1a: Malamar|68/100 slp
|-curestatus|p1a: Malamar|slp|[msg]
|move|p1a: Malamar|Superpower|p2a: Mandibuzz
|-crit|p2a: Mandibuzz
|-damage|p2a: Mandibuzz|45/100
|-boost|p1a: Malamar|atk|1
|-boost|p1a: Malamar|def|1
|
|upkeep
|turn|39
|
|t:|1757919068
|move|p2a: Mandibuzz|Toxic|p1a: Malamar
|-status|p1a: Malamar|tox
|move|p1a: Malamar|Superpower|p2a: Mandibuzz
|-crit|p2a: Mandibuzz
|-damage|p2a: Mandibuzz|4/100
|-boost|p1a: Malamar|atk|1
|-boost|p1a: Malamar|def|1
|
|-damage|p1a: Malamar|61/100 tox|[from] psn
|upkeep
|turn|40
|
|t:|1757919078
|move|p2a: Mandibuzz|Roost|p2a: Mandibuzz
|-heal|p2a: Mandibuzz|54/100
|-singleturn|p2a: Mandibuzz|move: Roost
|move|p1a: Malamar|Superpower|p2a: Mandibuzz
|-supereffective|p2a: Mandibuzz
|-damage|p2a: Mandibuzz|36/100
|-boost|p1a: Malamar|atk|1
|-boost|p1a: Malamar|def|1
|
|-damage|p1a: Malamar|49/100 tox|[from] psn
|upkeep
|turn|41
|
|t:|1757919091
|move|p2a: Mandibuzz|Roost|p2a: Mandibuzz
|-heal|p2a: Mandibuzz|86/100
|-singleturn|p2a: Mandibuzz|move: Roost
|move|p1a: Malamar|Rest|p1a: Malamar
|-status|p1a: Malamar|slp|[from] move: Rest
|-heal|p1a: Malamar|100/100 slp|[silent]
|
|upkeep
|turn|42
|
|t:|1757919104
|move|p2a: Mandibuzz|Foul Play|p1a: Malamar
|-crit|p1a: Malamar
|-damage|p1a: Malamar|0 fnt
|faint|p1a: Malamar
|
|upkeep
|
|t:|1757919119
|switch|p1a: Dragapult|Dragapult, M|100/100
|turn|43
|
|t:|1757919125
|move|p1a: Dragapult|Draco Meteor|p2a: Mandibuzz
|-damage|p2a: Mandibuzz|49/100
|-unboost|p1a: Dragapult|spa|2
|move|p2a: Mandibuzz|Toxic|p1a: Dragapult
|-status|p1a: Dragapult|tox
|
|-damage|p1a: Dragapult|95/100 tox|[from] psn
|upkeep
|turn|44
|
|t:|1757919135
|move|p1a: Dragapult|Draco Meteor|p2a: Mandibuzz
|-damage|p2a: Mandibuzz|33/100
|-unboost|p1a: Dragapult|spa|2
|move|p2a: Mandibuzz|Roost|p2a: Mandibuzz
|-heal|p2a: Mandibuzz|83/100
|-singleturn|p2a: Mandibuzz|move: Roost
|
|-damage|p1a: Dragapult|83/100 tox|[from] psn
|upkeep
|turn|45
|
|t:|1757919147
|move|p1a: Dragapult|U-turn|p2a: Mandibuzz
|-damage|p2a: Mandibuzz|80/100
|
|t:|1757919150
|switch|p1a: Corviknight|Corviknight, M, shiny|59/100 brn|[from] U-turn
|move|p2a: Mandibuzz|Roost|p2a: Mandibuzz
|-heal|p2a: Mandibuzz|100/100
|-singleturn|p2a: Mandibuzz|move: Roost
|
|-damage|p1a: Corviknight|53/100 brn|[from] brn
|upkeep
|turn|46
|
|t:|1757919160
|move|p2a: Mandibuzz|Foul Play|p1a: Corviknight
|-damage|p1a: Corviknight|32/100 brn
|move|p1a: Corviknight|U-turn|p2a: Mandibuzz
|-damage|p2a: Mandibuzz|99/100
|
|t:|1757919168
|switch|p1a: Dragapult|Dragapult, M|83/100 tox|[from] U-turn
|
|-damage|p1a: Dragapult|77/100 tox|[from] psn
|upkeep
|turn|47
|
|t:|1757919178
|move|p1a: Dragapult|Draco Meteor|p2a: Mandibuzz
|-damage|p2a: Mandibuzz|66/100
|-unboost|p1a: Dragapult|spa|2
|move|p2a: Mandibuzz|Foul Play|p1a: Dragapult
|-supereffective|p1a: Dragapult
|-damage|p1a: Dragapult|0 fnt
|faint|p1a: Dragapult
|
|upkeep
|
|t:|1757919187
|switch|p1a: Corviknight|Corviknight, M, shiny|32/100 brn
|turn|48
|
|t:|1757919193
|move|p2a: Mandibuzz|Roost|p2a: Mandibuzz
|-heal|p2a: Mandibuzz|100/100
|-singleturn|p2a: Mandibuzz|move: Roost
|move|p1a: Corviknight|Roost|p1a: Corviknight
|-heal|p1a: Corviknight|82/100 brn
|-singleturn|p1a: Corviknight|move: Roost
|
|-damage|p1a: Corviknight|76/100 brn|[from] brn
|upkeep
|turn|49
|
|t:|1757919218
|move|p2a: Mandibuzz|Foul Play|p1a: Corviknight
|-damage|p1a: Corviknight|54/100 brn
|move|p1a: Corviknight|Brave Bird|p2a: Mandibuzz
|-damage|p2a: Mandibuzz|98/100
|-damage|p1a: Corviknight|53/100 brn|[from] Recoil
|
|-damage|p1a: Corviknight|47/100 brn|[from] brn
|upkeep
|turn|50
|
|t:|1757919230
|move|p2a: Mandibuzz|Foul Play|p1a: Corviknight
|-damage|p1a: Corviknight|26/100 brn
|move|p1a: Corviknight|Roost|p1a: Corviknight
|-heal|p1a: Corviknight|76/100 brn
|-singleturn|p1a: Corviknight|move: Roost
|
|-damage|p1a: Corviknight|70/100 brn|[from] brn
|upkeep
|turn|51
|
|t:|1757919240
|move|p2a: Mandibuzz|Foul Play|p1a: Corviknight
|-damage|p1a: Corviknight|50/100 brn
|move|p1a: Corviknight|U-turn|p2a: Mandibuzz
|-damage|p2a: Mandibuzz|97/100
|
|-damage|p1a: Corviknight|44/100 brn|[from] brn
|upkeep
|turn|52
|
|t:|1757919269
|move|p2a: Mandibuzz|Foul Play|p1a: Corviknight
|-damage|p1a: Corviknight|24/100 brn
|move|p1a: Corviknight|Brave Bird|p2a: Mandibuzz
|-damage|p2a: Mandibuzz|94/100
|-damage|p1a: Corviknight|23/100 brn|[from] Recoil
|
|-damage|p1a: Corviknight|17/100 brn|[from] brn
|upkeep
|turn|53
|
|t:|1757919278
|move|p2a: Mandibuzz|Foul Play|p1a: Corviknight
|-damage|p1a: Corviknight|0 fnt
|faint|p1a: Corviknight
|
|win|Lgm4905
|raw|Freerunner_11's rating: 1157 &rarr; <strong>1132</strong><br />(-25 for losing)
|raw|Lgm4905's rating: 1160 &rarr; <strong>1185</strong><br />(+25 for winning)
|c|☆Lgm4905|Gg
|c|☆Freerunner_11|gg
|l|☆Lgm4905
|player|p2|
