|j|☆randombananaYAY
|j|‽myree
|t:|1757915470
|gametype|singles
|player|p1|randombananaYAY|2|1564
|player|p2|myree|benga|1571
|gen|9
|tier|[Gen 9] OU
|rated|
|rule|HP Percentage Mod: HP is shown in percentages
|rule|Endless Battle Clause: Forcing endless battles is banned
|rule|Species Clause: Limit one of each Pokémon
|rule|OHKO Clause: OHKO moves are banned
|rule|Evasion Items Clause: Evasion items are banned
|rule|Evasion Moves Clause: Evasion moves are banned
|rule|Evasion Abilities Clause: Evasion abilities are banned
|rule|Sleep Moves Clause: Sleep-inducing moves are banned
|clearpoke
|poke|p1|Alomomola, M|
|poke|p1|Gliscor, F|
|poke|p1|Dondozo, F|
|poke|p1|Blissey, F|
|poke|p1|Toxapex, M|
|poke|p1|Clodsire, F|
|poke|p2|Iron Valiant|
|poke|p2|Slither Wing|
|poke|p2|Ogerpon-Cornerstone, F|
|poke|p2|Wo-Chien|
|poke|p2|Garganacl, F|
|poke|p2|Pecharunt|
|teampreview
|
|t:|1757915481
|teamsize|p1|6
|teamsize|p2|6
|start
|switch|p1a: Gliscor|Gliscor, F|100/100
|switch|p2a: Ogerpon|Ogerpon-Cornerstone, F|100/100
|turn|1
|
|t:|1757915490
|switch|p2a: Garganacl|Garganacl, F|100/100
|move|p1a: Gliscor|Protect||[still]
|-fail|p1a: Gliscor
|
|-status|p1a: Gliscor|tox|[from] item: Toxic Orb
|upkeep
|turn|2
|
|t:|1757915495
|move|p1a: Gliscor|Knock Off|p2a: Garganacl
|-damage|p2a: Garganacl|87/100
|-enditem|p2a: Garganacl|Leftovers|[from] move: Knock Off|[of] p1a: Gliscor
|move|p2a: Garganacl|Curse|p2a: Garganacl
|-unboost|p2a: Garganacl|spe|1
|-boost|p2a: Garganacl|atk|1
|-boost|p2a: Garganacl|def|1
|
|upkeep
|turn|3
|
|t:|1757915503
|move|p1a: Gliscor|Spikes|p2a: Garganacl
|-sidestart|p2: myree|Spikes
|move|p2a: Garganacl|Salt Cure|p1a: Gliscor
|-damage|p1a: Gliscor|84/100 tox
|-start|p1a: Gliscor|Salt Cure
|
|-heal|p1a: Gliscor|97/100 tox|[from] ability: Poison Heal
|-damage|p1a: Gliscor|84/100 tox|[from] Salt Cure
|upkeep
|turn|4
|
|t:|1757915506
|move|p1a: Gliscor|Spikes|p2a: Garganacl
|-sidestart|p2: myree|Spikes
|move|p2a: Garganacl|Curse|p2a: Garganacl
|-unboost|p2a: Garganacl|spe|1
|-boost|p2a: Garganacl|atk|1
|-boost|p2a: Garganacl|def|1
|
|-heal|p1a: Gliscor|97/100 tox|[from] ability: Poison Heal
|-damage|p1a: Gliscor|84/100 tox|[from] Salt Cure
|upkeep
|turn|5
|
|t:|1757915509
|move|p1a: Gliscor|Spikes|p2a: Garganacl
|-sidestart|p2: myree|Spikes
|move|p2a: Garganacl|Salt Cure|p1a: Gliscor
|-damage|p1a: Gliscor|63/100 tox
|
|-heal|p1a: Gliscor|76/100 tox|[from] ability: Poison Heal
|-damage|p1a: Gliscor|63/100 tox|[from] Salt Cure
|upkeep
|turn|6
|
|t:|1757915548
|switch|p1a: Clodsire|Clodsire, F|100/100
|move|p2a: Garganacl|Salt Cure|p1a: Clodsire
|-resisted|p1a: Clodsire
|-damage|p1a: Clodsire|94/100
|-start|p1a: Clodsire|Salt Cure
|
|-damage|p1a: Clodsire|82/100|[from] Salt Cure
|upkeep
|turn|7
|
|t:|1757915557
|switch|p1a: Gliscor|Gliscor, F|63/100 tox
|move|p2a: Garganacl|Earthquake|p1a: Gliscor
|-immune|p1a: Gliscor
|
|-heal|p1a: Gliscor|76/100 tox|[from] ability: Poison Heal
|upkeep
|turn|8
|
|t:|1757915567
|move|p1a: Gliscor|Protect|p1a: Gliscor
|-singleturn|p1a: Gliscor|Protect
|move|p2a: Garganacl|Salt Cure|p1a: Gliscor
|-activate|p1a: Gliscor|move: Protect
|
|-heal|p1a: Gliscor|88/100 tox|[from] ability: Poison Heal
|upkeep
|turn|9
|
|t:|1757915575
|move|p1a: Gliscor|Knock Off|p2a: Garganacl
|-damage|p2a: Garganacl|82/100
|move|p2a: Garganacl|Salt Cure|p1a: Gliscor
|-damage|p1a: Gliscor|66/100 tox
|-start|p1a: Gliscor|Salt Cure
|
|-heal|p1a: Gliscor|78/100 tox|[from] ability: Poison Heal
|-damage|p1a: Gliscor|66/100 tox|[from] Salt Cure
|upkeep
|turn|10
|inactive|Battle timer is ON: inactive players will automatically lose when time's up. (requested by myree)
|
|t:|1757915589
|switch|p1a: Toxapex|Toxapex, M|100/100
|move|p2a: Garganacl|Earthquake|p1a: Toxapex
|-supereffective|p1a: Toxapex
|-damage|p1a: Toxapex|45/100
|
|upkeep
|turn|11
|
|t:|1757915602
|-terastallize|p1a: Toxapex|Grass
|move|p1a: Toxapex|Haze|p1a: Toxapex
|-clearallboost
|move|p2a: Garganacl|Earthquake|p1a: Toxapex
|-resisted|p1a: Toxapex
|-damage|p1a: Toxapex|38/100
|
|upkeep
|turn|12
|
|t:|1757915616
|switch|p1a: Clodsire|Clodsire, F|82/100
|move|p2a: Garganacl|Curse|p2a: Garganacl
|-unboost|p2a: Garganacl|spe|1
|-boost|p2a: Garganacl|atk|1
|-boost|p2a: Garganacl|def|1
|
|upkeep
|turn|13
|
|t:|1757915622
|switch|p1a: Toxapex|Toxapex, M, tera:Grass|72/100
|move|p2a: Garganacl|Earthquake|p1a: Toxapex
|-resisted|p1a: Toxapex
|-damage|p1a: Toxapex|62/100
|
|upkeep
|turn|14
|
|t:|1757915629
|move|p1a: Toxapex|Haze|p1a: Toxapex
|-clearallboost
|move|p2a: Garganacl|Salt Cure|p1a: Toxapex
|-damage|p1a: Toxapex|54/100
|-start|p1a: Toxapex|Salt Cure
|
|-damage|p1a: Toxapex|42/100|[from] Salt Cure
|upkeep
|turn|15
|
|t:|1757915638
|move|p1a: Toxapex|Infestation|p2a: Garganacl
|-damage|p2a: Garganacl|80/100
|-activate|p2a: Garganacl|move: Infestation|[of] p1a: Toxapex
|move|p2a: Garganacl|Curse|p2a: Garganacl
|-unboost|p2a: Garganacl|spe|1
|-boost|p2a: Garganacl|atk|1
|-boost|p2a: Garganacl|def|1
|
|-damage|p1a: Toxapex|30/100|[from] Salt Cure
|-damage|p2a: Garganacl|68/100|[from] move: Infestation|[partiallytrapped]
|upkeep
|turn|16
|
|t:|1757915644
|move|p1a: Toxapex|Recover|p1a: Toxapex
|-heal|p1a: Toxapex|80/100
|move|p2a: Garganacl|Salt Cure|p1a: Toxapex
|-damage|p1a: Toxapex|67/100
|
|-damage|p1a: Toxapex|54/100|[from] Salt Cure
|-damage|p2a: Garganacl|55/100|[from] move: Infestation|[partiallytrapped]
|upkeep
|turn|17
|
|t:|1757915650
|move|p1a: Toxapex|Haze|p1a: Toxapex
|-clearallboost
|move|p2a: Garganacl|Salt Cure|p1a: Toxapex
|-damage|p1a: Toxapex|46/100
|
|-damage|p2a: Garganacl|43/100|[from] move: Infestation|[partiallytrapped]
|-damage|p1a: Toxapex|34/100|[from] Salt Cure
|upkeep
|turn|18
|
|t:|1757915657
|switch|p1a: Gliscor|Gliscor, F|66/100 tox
|move|p2a: Garganacl|Recover|p2a: Garganacl
|-heal|p2a: Garganacl|93/100
|
|-heal|p1a: Gliscor|78/100 tox|[from] ability: Poison Heal
|-end|p2a: Garganacl|Infestation|[partiallytrapped]|[silent]
|upkeep
|turn|19
|
|t:|1757915664
|switch|p1a: Toxapex|Toxapex, M, tera:Grass|67/100
|move|p2a: Garganacl|Curse|p2a: Garganacl
|-unboost|p2a: Garganacl|spe|1
|-boost|p2a: Garganacl|atk|1
|-boost|p2a: Garganacl|def|1
|
|upkeep
|turn|20
|
|t:|1757915670
|move|p1a: Toxapex|Haze|p1a: Toxapex
|-clearallboost
|move|p2a: Garganacl|Salt Cure|p1a: Toxapex
|-damage|p1a: Toxapex|59/100
|-start|p1a: Toxapex|Salt Cure
|
|-damage|p1a: Toxapex|47/100|[from] Salt Cure
|upkeep
|turn|21
|
|t:|1757915678
|switch|p1a: Gliscor|Gliscor, F|78/100 tox
|move|p2a: Garganacl|Curse|p2a: Garganacl
|-unboost|p2a: Garganacl|spe|1
|-boost|p2a: Garganacl|atk|1
|-boost|p2a: Garganacl|def|1
|
|-heal|p1a: Gliscor|91/100 tox|[from] ability: Poison Heal
|upkeep
|turn|22
|
|t:|1757915684
|switch|p1a: Toxapex|Toxapex, M, tera:Grass|80/100
|move|p2a: Garganacl|Curse|p2a: Garganacl
|-unboost|p2a: Garganacl|spe|1
|-boost|p2a: Garganacl|atk|1
|-boost|p2a: Garganacl|def|1
|
|upkeep
|turn|23
|
|t:|1757915696
|move|p1a: Toxapex|Haze|p1a: Toxapex
|-clearallboost
|move|p2a: Garganacl|Salt Cure|p1a: Toxapex
|-damage|p1a: Toxapex|71/100
|-start|p1a: Toxapex|Salt Cure
|
|-damage|p1a: Toxapex|59/100|[from] Salt Cure
|upkeep
|turn|24
|
|t:|1757915704
|switch|p1a: Gliscor|Gliscor, F|91/100 tox
|move|p2a: Garganacl|Salt Cure|p1a: Gliscor
|-damage|p1a: Gliscor|79/100 tox
|-start|p1a: Gliscor|Salt Cure
|
|-heal|p1a: Gliscor|91/100 tox|[from] ability: Poison Heal
|-damage|p1a: Gliscor|79/100 tox|[from] Salt Cure
|upkeep
|turn|25
|
|t:|1757915711
|switch|p1a: Toxapex|Toxapex, M, tera:Grass|92/100
|move|p2a: Garganacl|Curse|p2a: Garganacl
|-unboost|p2a: Garganacl|spe|1
|-boost|p2a: Garganacl|atk|1
|-boost|p2a: Garganacl|def|1
|
|upkeep
|turn|26
|
|t:|1757915725
|move|p1a: Toxapex|Haze|p1a: Toxapex
|-clearallboost
|move|p2a: Garganacl|Salt Cure|p1a: Toxapex
|-damage|p1a: Toxapex|83/100
|-start|p1a: Toxapex|Salt Cure
|
|-damage|p1a: Toxapex|71/100|[from] Salt Cure
|upkeep
|turn|27
|
|t:|1757915734
|switch|p1a: Gliscor|Gliscor, F|79/100 tox
|move|p2a: Garganacl|Salt Cure|p1a: Gliscor
|-damage|p1a: Gliscor|68/100 tox
|-start|p1a: Gliscor|Salt Cure
|
|-heal|p1a: Gliscor|80/100 tox|[from] ability: Poison Heal
|-damage|p1a: Gliscor|68/100 tox|[from] Salt Cure
|upkeep
|turn|28
|
|t:|1757915740
|switch|p1a: Toxapex|Toxapex, M, tera:Grass|100/100
|switch|p2a: Pecharunt|Pecharunt|100/100
|-damage|p2a: Pecharunt|76/100|[from] Spikes
|
|upkeep
|turn|29
|
|t:|1757915750
|switch|p2a: Slither Wing|Slither Wing|100/100
|switch|p1a: Gliscor|Gliscor, F|68/100 tox
|
|-heal|p1a: Gliscor|80/100 tox|[from] ability: Poison Heal
|upkeep
|turn|30
|
|t:|1757915762
|-end|p2a: Slither Wing|Protosynthesis|[silent]
|switch|p2a: Ogerpon|Ogerpon-Cornerstone, F|100/100
|-damage|p2a: Ogerpon|76/100|[from] Spikes
|move|p1a: Gliscor|Protect||[still]
|-fail|p1a: Gliscor
|
|-heal|p1a: Gliscor|93/100 tox|[from] ability: Poison Heal
|upkeep
|turn|31
|
|t:|1757915774
|move|p2a: Ogerpon|Swords Dance|p2a: Ogerpon
|-boost|p2a: Ogerpon|atk|2
|move|p1a: Gliscor|Poison Jab|p2a: Ogerpon
|-damage|p2a: Ogerpon|54/100
|-status|p2a: Ogerpon|psn
|
|-damage|p2a: Ogerpon|41/100 psn|[from] psn
|-heal|p1a: Gliscor|100/100 tox|[from] ability: Poison Heal
|upkeep
|turn|32
|
|t:|1757915783
|move|p1a: Gliscor|Protect|p1a: Gliscor
|-singleturn|p1a: Gliscor|Protect
|move|p2a: Ogerpon|Horn Leech|p1a: Gliscor
|-activate|p1a: Gliscor|move: Protect
|
|-damage|p2a: Ogerpon|29/100 psn|[from] psn
|upkeep
|turn|33
|
|t:|1757915787
|switch|p1a: Toxapex|Toxapex, M, tera:Grass|100/100
|move|p2a: Ogerpon|Horn Leech|p1a: Toxapex
|-resisted|p1a: Toxapex
|-damage|p1a: Toxapex|72/100
|-heal|p2a: Ogerpon|42/100 psn|[from] drain|[of] p1a: Toxapex
|
|-damage|p2a: Ogerpon|30/100 psn|[from] psn
|upkeep
|turn|34
|
|t:|1757915807
|move|p2a: Ogerpon|Ivy Cudgel|p1a: Toxapex|[anim] Ivy Cudgel Rock
|-damage|p1a: Toxapex|6/100
|move|p1a: Toxapex|Recover|p1a: Toxapex
|-heal|p1a: Toxapex|56/100
|
|-damage|p2a: Ogerpon|18/100 psn|[from] psn
|upkeep
|turn|35
|
|t:|1757915818
|switch|p1a: Alomomola|Alomomola, M|100/100
|move|p2a: Ogerpon|Ivy Cudgel|p1a: Alomomola|[anim] Ivy Cudgel Rock
|-damage|p1a: Alomomola|36/100
|
|-damage|p2a: Ogerpon|5/100 psn|[from] psn
|upkeep
|turn|36
|
|t:|1757915828
|move|p1a: Alomomola|Protect|p1a: Alomomola
|-singleturn|p1a: Alomomola|Protect
|move|p2a: Ogerpon|Horn Leech|p1a: Alomomola
|-activate|p1a: Alomomola|move: Protect
|
|-damage|p2a: Ogerpon|0 fnt|[from] psn
|faint|p2a: Ogerpon
|upkeep
|
|t:|1757915835
|switch|p2a: Iron Valiant|Iron Valiant|100/100
|turn|37
|
|t:|1757915841
|switch|p1a: Clodsire|Clodsire, F|82/100
|move|p2a: Iron Valiant|Thunderbolt|p1a: Clodsire
|-immune|p1a: Clodsire
|
|upkeep
|turn|38
|
|t:|1757915847
|-end|p2a: Iron Valiant|Quark Drive|[silent]
|switch|p2a: Garganacl|Garganacl, F|93/100
|-damage|p2a: Garganacl|68/100|[from] Spikes
|move|p1a: Clodsire|Poison Sting|p2a: Garganacl
|-resisted|p2a: Garganacl
|-damage|p2a: Garganacl|67/100
|
|upkeep
|turn|39
|
|t:|1757915856
|switch|p1a: Toxapex|Toxapex, M, tera:Grass|89/100
|move|p2a: Garganacl|Salt Cure|p1a: Toxapex
|-damage|p1a: Toxapex|80/100
|-start|p1a: Toxapex|Salt Cure
|
|-damage|p1a: Toxapex|68/100|[from] Salt Cure
|upkeep
|turn|40
|
|t:|1757915860
|switch|p1a: Gliscor|Gliscor, F|100/100 tox
|move|p2a: Garganacl|Curse|p2a: Garganacl
|-unboost|p2a: Garganacl|spe|1
|-boost|p2a: Garganacl|atk|1
|-boost|p2a: Garganacl|def|1
|
|upkeep
|turn|41
|
|t:|1757915879
|switch|p1a: Toxapex|Toxapex, M, tera:Grass|100/100
|move|p2a: Garganacl|Salt Cure|p1a: Toxapex
|-damage|p1a: Toxapex|89/100
|-start|p1a: Toxapex|Salt Cure
|
|-damage|p1a: Toxapex|76/100|[from] Salt Cure
|upkeep
|turn|42
|
|t:|1757915886
|switch|p2a: Slither Wing|Slither Wing|100/100
|move|p1a: Toxapex|Haze|p1a: Toxapex
|-clearallboost
|
|-damage|p1a: Toxapex|64/100|[from] Salt Cure
|upkeep
|turn|43
|
|t:|1757915901
|-end|p2a: Slither Wing|Protosynthesis|[silent]
|switch|p2a: Wo-Chien|Wo-Chien|100/100
|-damage|p2a: Wo-Chien|76/100|[from] Spikes
|-ability|p2a: Wo-Chien|Tablets of Ruin
|switch|p1a: Gliscor|Gliscor, F|100/100 tox
|
|-heal|p2a: Wo-Chien|82/100|[from] item: Leftovers
|upkeep
|turn|44
|
|t:|1757915909
|switch|p2a: Pecharunt|Pecharunt|76/100
|-damage|p2a: Pecharunt|51/100|[from] Spikes
|move|p1a: Gliscor|Knock Off|p2a: Pecharunt
|-supereffective|p2a: Pecharunt
|-damage|p2a: Pecharunt|28/100
|-damage|p1a: Gliscor|84/100 tox|[from] item: Rocky Helmet|[of] p2a: Pecharunt
|-enditem|p2a: Pecharunt|Rocky Helmet|[from] move: Knock Off|[of] p1a: Gliscor
|
|-heal|p1a: Gliscor|96/100 tox|[from] ability: Poison Heal
|upkeep
|turn|45
|
|t:|1757915920
|move|p1a: Gliscor|Knock Off|p2a: Pecharunt
|-supereffective|p2a: Pecharunt
|-crit|p2a: Pecharunt
|-damage|p2a: Pecharunt|7/100
|move|p2a: Pecharunt|Recover|p2a: Pecharunt
|-heal|p2a: Pecharunt|57/100
|
|-heal|p1a: Gliscor|100/100 tox|[from] ability: Poison Heal
|upkeep
|turn|46
|
|t:|1757915925
|move|p1a: Gliscor|Knock Off|p2a: Pecharunt
|-supereffective|p2a: Pecharunt
|-damage|p2a: Pecharunt|43/100
|move|p2a: Pecharunt|Shadow Ball|p1a: Gliscor
|-crit|p1a: Gliscor
|-damage|p1a: Gliscor|67/100 tox
|-unboost|p1a: Gliscor|spd|1
|
|-heal|p1a: Gliscor|79/100 tox|[from] ability: Poison Heal
|upkeep
|turn|47
|
|t:|1757915933
|switch|p1a: Blissey|Blissey, F|100/100
|move|p2a: Pecharunt|Recover|p2a: Pecharunt
|-heal|p2a: Pecharunt|93/100
|
|upkeep
|turn|48
|
|t:|1757915940
|move|p2a: Pecharunt|Malignant Chain|p1a: Blissey
|-damage|p1a: Blissey|89/100
|-status|p1a: Blissey|tox
|-start|p1a: Blissey|confusion|[from] ability: Poison Puppeteer|[of] p2a: Pecharunt
|-activate|p1a: Blissey|confusion
|move|p1a: Blissey|Stealth Rock|p2a: Pecharunt
|-sidestart|p2: myree|move: Stealth Rock
|
|-damage|p1a: Blissey|83/100 tox|[from] psn
|upkeep
|turn|49
|
|t:|1757915953
|-curestatus|p1a: Blissey|tox|[from] ability: Natural Cure
|switch|p1a: Gliscor|Gliscor, F|79/100 tox
|move|p2a: Pecharunt|Curse|p1a: Gliscor
|-start|p1a: Gliscor|Curse|[of] p2a: Pecharunt
|-damage|p2a: Pecharunt|43/100
|
|-heal|p1a: Gliscor|91/100 tox|[from] ability: Poison Heal
|-damage|p1a: Gliscor|67/100 tox|[from] Curse
|upkeep
|turn|50
|
|t:|1757915961
|switch|p1a: Blissey|Blissey, F|83/100
|move|p2a: Pecharunt|Recover|p2a: Pecharunt
|-heal|p2a: Pecharunt|93/100
|
|upkeep
|turn|51
|-message|myree forfeited.
|
|win|randombananaYAY
|raw|randombananaYAY's rating: 1564 &rarr; <strong>1584</strong><br />(+20 for winning)
|raw|myree's rating: 1571 &rarr; <strong>1551</strong><br />(-20 for losing)
|l|‽myree
|player|p2|
|l|☆randombananaYAY
|player|p1|
