|j|☆peleg_r
|j|☆itssree
|t:|1757846616
|gametype|singles
|player|p1|peleg_r|harlequin|1076
|player|p2|itssree|unknown|1057
|gen|9
|tier|[Gen 9] OU
|rated|
|rule|HP Percentage Mod: HP is shown in percentages
|rule|Endless Battle Clause: Forcing endless battles is banned
|rule|Species Clause: Limit one of each Pokémon
|rule|OHKO Clause: OHKO moves are banned
|rule|Evasion Items Clause: Evasion items are banned
|rule|Evasion Moves Clause: Evasion moves are banned
|rule|Evasion Abilities Clause: Evasion abilities are banned
|rule|Sleep Moves Clause: Sleep-inducing moves are banned
|clearpoke
|poke|p1|Pelipper, F|
|poke|p1|Ludicolo, M|
|poke|p1|Weezing-Galar, F|
|poke|p1|Clodsire, F|
|poke|p1|Great Tusk|
|poke|p1|Porygon2|
|poke|p2|Blaziken, F|
|poke|p2|Garchomp, F|
|poke|p2|Rotom-Wash|
|poke|p2|Corviknight, M|
|poke|p2|Dragapult, M|
|poke|p2|Slaking, F|
|teampreview
|
|t:|1757846621
|teamsize|p1|6
|teamsize|p2|6
|start
|switch|p1a: Pelipper|Pelipper, F, shiny|100/100
|switch|p2a: Rotom|Rotom-Wash|100/100
|-weather|RainDance|[from] ability: Drizzle|[of] p1a: Pelipper
|turn|1
|inactive|Battle timer is ON: inactive players will automatically lose when time's up. (requested by itssree)
|
|t:|1757846651
|switch|p1a: Clodsire|Clodsire, F, shiny|100/100
|move|p2a: Rotom|Hydro Pump|p1a: Clodsire
|-supereffective|p1a: Clodsire
|-damage|p1a: Clodsire|40/100
|
|-weather|RainDance|[upkeep]
|-heal|p1a: Clodsire|46/100|[from] item: Leftovers
|upkeep
|turn|2
|inactive|peleg_r has 120 seconds left.
|
|t:|1757846690
|move|p2a: Rotom|Hydro Pump|p1a: Clodsire
|-supereffective|p1a: Clodsire
|-damage|p1a: Clodsire|0 fnt
|faint|p1a: Clodsire
|
|-weather|RainDance|[upkeep]
|upkeep
|
|t:|1757846716
|switch|p1a: Jr.|Ludicolo, M, shiny|100/100
|turn|3
|inactive|peleg_r has 90 seconds left.
|c|☆itssree|hurry up
|
|t:|1757846731
|switch|p2a: Corviknight|Corviknight, M|100/100
|-ability|p2a: Corviknight|Pressure
|move|p1a: Jr.|Giga Drain|p2a: Corviknight
|-resisted|p2a: Corviknight
|-damage|p2a: Corviknight|93/100
|
|-weather|RainDance|[upkeep]
|-heal|p2a: Corviknight|99/100|[from] item: Leftovers
|upkeep
|turn|4
|inactive|peleg_r has 90 seconds left.
|
|t:|1757846752
|switch|p1a: Porygon2|Porygon2, shiny|100/100
|-ability|p1a: Porygon2|Pressure|Trace|[from] ability: Trace|[of] p2a: Corviknight
|-ability|p1a: Porygon2|Pressure
|move|p2a: Corviknight|Brave Bird|p1a: Porygon2
|-damage|p1a: Porygon2|76/100
|-damage|p2a: Corviknight|92/100|[from] Recoil
|
|-weather|RainDance|[upkeep]
|-heal|p2a: Corviknight|98/100|[from] item: Leftovers
|upkeep
|turn|5
|
|t:|1757846768
|switch|p2a: nuke|Slaking, F, shiny|100/100
|move|p1a: Porygon2|Trick Room|p1a: Porygon2
|-fieldstart|move: Trick Room|[of] p1a: Porygon2
|
|-weather|none
|upkeep
|turn|6
|
|t:|1757846789
|switch|p1a: Great Tusk|Great Tusk|100/100
|move|p2a: nuke|Double-Edge|p1a: Great Tusk
|-damage|p1a: Great Tusk|31/100
|-damage|p2a: nuke|81/100|[from] Recoil
|
|upkeep
|turn|7
|
|t:|1757846802
|switch|p2a: Dragapult|Dragapult, M|100/100
|move|p1a: Great Tusk|Smack Down|p2a: Dragapult
|-damage|p2a: Dragapult|77/100
|
|upkeep
|turn|8
|inactive|peleg_r has 60 seconds left.
|
|t:|1757846818
|switch|p2a: Garchomp|Garchomp, F|100/100
|move|p1a: Great Tusk|Iron Head|p2a: Garchomp
|-damage|p2a: Garchomp|82/100
|-damage|p1a: Great Tusk|19/100|[from] ability: Rough Skin|[of] p2a: Garchomp
|-damage|p1a: Great Tusk|2/100|[from] item: Rocky Helmet|[of] p2a: Garchomp
|
|upkeep
|turn|9
|inactive|peleg_r has 60 seconds left.
|l|☆peleg_r
|inactive|peleg_r disconnected and has a minute to reconnect!
|player|p1|
|inactive|peleg_r has 30 seconds left.
|inactive|peleg_r has 20 seconds left.
|inactive|peleg_r has 15 seconds left.
|inactive|peleg_r has 10 seconds left.
|inactive|peleg_r has 5 seconds left.
|-message|peleg_r lost due to inactivity.
|
|win|itssree
|raw|peleg_r's rating: 1076 &rarr; <strong>1053</strong><br />(-23 for losing)
|raw|itssree's rating: 1057 &rarr; <strong>1090</strong><br />(+33 for winning)
