|j|☆upover
|j|☆fakedin
|t:|1757920679
|gametype|singles
|player|p1|upover|cowgirl|1111
|player|p2|fakedin|1|1111
|gen|9
|tier|[Gen 9] OU
|rated|
|rule|HP Percentage Mod: HP is shown in percentages
|rule|Endless Battle Clause: Forcing endless battles is banned
|rule|Species Clause: Limit one of each Pokémon
|rule|OHKO Clause: OHKO moves are banned
|rule|Evasion Items Clause: Evasion items are banned
|rule|Evasion Moves Clause: Evasion moves are banned
|rule|Evasion Abilities Clause: Evasion abilities are banned
|rule|Sleep Moves Clause: Sleep-inducing moves are banned
|clearpoke
|poke|p1|Typhlosion-Hisui, M|
|poke|p1|Torkoal, F|
|poke|p1|Raging Bolt|
|poke|p1|Corviknight, F|
|poke|p1|Lilligant-Hisui, F|
|poke|p1|Alomomola, F|
|poke|p2|Great Tusk|
|poke|p2|Comfey, F|
|poke|p2|Whimsicott, F|
|poke|p2|Iron Moth|
|poke|p2|Walking Wake|
|poke|p2|Ninetales, F|
|teampreview
|
|t:|1757920718
|teamsize|p1|6
|teamsize|p2|6
|start
|switch|p1a: Typhlosion|Typhlosion-Hisui, M|100/100
|switch|p2a: Great Tusk|Great Tusk|100/100
|-item|p2a: Great Tusk|Rocky Helmet|[from] ability: Frisk|[of] p1a: Typhlosion
|turn|1
|
|t:|1757920730
|switch|p1a: Corviknight|Corviknight, F|100/100
|-ability|p1a: Corviknight|Pressure
|move|p2a: Great Tusk|Stealth Rock|p1a: Corviknight
|-sidestart|p1: upover|move: Stealth Rock
|
|upkeep
|turn|2
|
|t:|1757920747
|-end|p2a: Great Tusk|Protosynthesis|[silent]
|switch|p2a: Ninetales|Ninetales, F|100/100
|-weather|SunnyDay|[from] ability: Drought|[of] p2a: Ninetales
|move|p1a: Corviknight|Brave Bird|p2a: Ninetales
|-damage|p2a: Ninetales|58/100
|-damage|p1a: Corviknight|88/100|[from] Recoil
|
|-weather|SunnyDay|[upkeep]
|upkeep
|turn|3
|
|t:|1757920758
|switch|p1a: Alomomola|Alomomola, F|100/100
|move|p2a: Ninetales|Weather Ball|p1a: Alomomola
|-resisted|p1a: Alomomola
|-damage|p1a: Alomomola|75/100
|
|-weather|SunnyDay|[upkeep]
|upkeep
|turn|4
|
|t:|1757920770
|switch|p2a: Whimsicott|Whimsicott, F|100/100
|move|p1a: Alomomola|Wish|p1a: Alomomola
|
|-weather|SunnyDay|[upkeep]
|upkeep
|turn|5
|
|t:|1757920793
|switch|p1a: Corviknight|Corviknight, F|88/100
|-damage|p1a: Corviknight|76/100|[from] Stealth Rock
|-ability|p1a: Corviknight|Pressure
|move|p2a: Whimsicott|Growth|p2a: Whimsicott
|-boost|p2a: Whimsicott|atk|2
|-boost|p2a: Whimsicott|spa|2
|
|-weather|SunnyDay|[upkeep]
|-heal|p1a: Corviknight|100/100|[from] move: Wish|[wisher] Alomomola
|upkeep
|turn|6
|
|t:|1757920820
|-terastallize|p2a: Whimsicott|Water
|move|p2a: Whimsicott|Shadow Ball|p1a: Corviknight
|-damage|p1a: Corviknight|65/100
|-damage|p2a: Whimsicott|91/100|[from] item: Life Orb
|move|p1a: Corviknight|Brave Bird|p2a: Whimsicott
|-damage|p2a: Whimsicott|42/100
|-damage|p1a: Corviknight|53/100|[from] Recoil
|
|-weather|SunnyDay|[upkeep]
|upkeep
|turn|7
|inactive|Battle timer is ON: inactive players will automatically lose when time's up. (requested by upover)
|
|t:|1757920863
|switch|p2a: Ninetales|Ninetales, F|58/100
|move|p1a: Corviknight|Defog|p2a: Ninetales
|-unboost|p2a: Ninetales|evasion|1
|-sideend|p1: upover|Stealth Rock|[from] move: Defog|[of] p1a: Corviknight
|
|-weather|SunnyDay|[upkeep]
|upkeep
|turn|8
|
|t:|1757920883
|switch|p2a: Whimsicott|Whimsicott, F, tera:Water|42/100
|switch|p1a: Alomomola|Alomomola, F|100/100
|
|-weather|SunnyDay|[upkeep]
|upkeep
|turn|9
|
|t:|1757920904
|switch|p1a: Lilligant|Lilligant-Hisui, F|100/100
|move|p2a: Whimsicott|Giga Drain|p1a: Lilligant
|-resisted|p1a: Lilligant
|-damage|p1a: Lilligant|71/100
|-heal|p2a: Whimsicott|56/100|[from] drain|[of] p1a: Lilligant
|-damage|p2a: Whimsicott|46/100|[from] item: Life Orb
|
|-weather|none
|upkeep
|turn|10
|inactive|fakedin has 120 seconds left.
|
|t:|1757920923
|switch|p2a: Walking Wake|Walking Wake|100/100
|move|p1a: Lilligant|Victory Dance|p1a: Lilligant
|-boost|p1a: Lilligant|atk|1
|-boost|p1a: Lilligant|def|1
|-boost|p1a: Lilligant|spe|1
|
|upkeep
|turn|11
|inactive|fakedin has 120 seconds left.
|
|t:|1757920937
|move|p1a: Lilligant|Close Combat|p2a: Walking Wake
|-damage|p2a: Walking Wake|12/100
|-unboost|p1a: Lilligant|def|1
|-unboost|p1a: Lilligant|spd|1
|move|p2a: Walking Wake|Flip Turn|p1a: Lilligant
|-resisted|p1a: Lilligant
|-damage|p1a: Lilligant|59/100
|inactive|fakedin has 120 seconds left.
|
|t:|1757920944
|-end|p2a: Walking Wake|Protosynthesis|[silent]
|switch|p2a: Iron Moth|Iron Moth|100/100|[from] Flip Turn
|-enditem|p2a: Iron Moth|Booster Energy
|-activate|p2a: Iron Moth|ability: Quark Drive|[fromitem]
|-start|p2a: Iron Moth|quarkdrivespa
|
|upkeep
|turn|12
|
|t:|1757920964
|switch|p1a: Torkoal|Torkoal, F|100/100
|-weather|SunnyDay|[from] ability: Drought|[of] p1a: Torkoal
|move|p2a: Iron Moth|Fiery Dance|p1a: Torkoal
|-resisted|p1a: Torkoal
|-damage|p1a: Torkoal|39/100
|-boost|p2a: Iron Moth|spa|1
|
|-weather|SunnyDay|[upkeep]
|upkeep
|turn|13
|
|t:|1757920974
|switch|p1a: Alomomola|Alomomola, F|100/100
|move|p2a: Iron Moth|Fiery Dance|p1a: Alomomola
|-resisted|p1a: Alomomola
|-damage|p1a: Alomomola|23/100
|-boost|p2a: Iron Moth|spa|1
|
|-weather|SunnyDay|[upkeep]
|upkeep
|turn|14
|
|t:|1757920984
|move|p2a: Iron Moth|Fiery Dance|p1a: Alomomola
|-resisted|p1a: Alomomola
|-damage|p1a: Alomomola|0 fnt
|faint|p1a: Alomomola
|
|-weather|SunnyDay|[upkeep]
|upkeep
|
|t:|1757921012
|switch|p1a: Lilligant|Lilligant-Hisui, F|59/100
|turn|15
|
|t:|1757921016
|move|p1a: Lilligant|Close Combat|p2a: Iron Moth
|-resisted|p2a: Iron Moth
|-damage|p2a: Iron Moth|52/100
|-unboost|p1a: Lilligant|def|1
|-unboost|p1a: Lilligant|spd|1
|move|p2a: Iron Moth|Fiery Dance|p1a: Lilligant
|-supereffective|p1a: Lilligant
|-damage|p1a: Lilligant|0 fnt
|faint|p1a: Lilligant
|
|-weather|SunnyDay|[upkeep]
|upkeep
|
|t:|1757921025
|switch|p1a: Raging Bolt|Raging Bolt|100/100
|-item|p1a: Raging Bolt|Air Balloon
|-activate|p1a: Raging Bolt|ability: Protosynthesis
|-start|p1a: Raging Bolt|protosynthesisspa
|turn|16
|inactive|fakedin has 120 seconds left.
|
|t:|1757921061
|move|p1a: Raging Bolt|Thunderclap|p2a: Iron Moth
|-damage|p2a: Iron Moth|0 fnt
|faint|p2a: Iron Moth
|-end|p2a: Iron Moth|Quark Drive|[silent]
|
|-weather|SunnyDay|[upkeep]
|upkeep
|
|t:|1757921071
|switch|p2a: Great Tusk|Great Tusk|100/100
|-activate|p2a: Great Tusk|ability: Protosynthesis
|-start|p2a: Great Tusk|protosynthesisspe
|turn|17
|
|t:|1757921082
|move|p2a: Great Tusk|Stealth Rock|p1a: Raging Bolt
|-sidestart|p1: upover|move: Stealth Rock
|move|p1a: Raging Bolt|Dragon Pulse|p2a: Great Tusk
|-damage|p2a: Great Tusk|9/100
|
|-weather|SunnyDay|[upkeep]
|upkeep
|turn|18
|inactive|fakedin has 120 seconds left.
|
|t:|1757921097
|move|p2a: Great Tusk|Ice Spinner|p1a: Raging Bolt
|-supereffective|p1a: Raging Bolt
|-damage|p1a: Raging Bolt|61/100
|-enditem|p1a: Raging Bolt|Air Balloon
|move|p1a: Raging Bolt|Calm Mind|p1a: Raging Bolt
|-boost|p1a: Raging Bolt|spa|1
|-boost|p1a: Raging Bolt|spd|1
|
|-weather|SunnyDay|[upkeep]
|upkeep
|turn|19
|inactive|fakedin has 120 seconds left.
|
|t:|1757921110
|-end|p1a: Raging Bolt|Protosynthesis|[silent]
|switch|p1a: Corviknight|Corviknight, F|53/100
|-damage|p1a: Corviknight|41/100|[from] Stealth Rock
|-ability|p1a: Corviknight|Pressure
|move|p2a: Great Tusk|Headlong Rush|p1a: Corviknight
|-immune|p1a: Corviknight
|
|-weather|none
|-end|p2a: Great Tusk|Protosynthesis
|upkeep
|turn|20
|inactive|fakedin has 120 seconds left.
|
|t:|1757921123
|-end|p2a: Great Tusk|Protosynthesis|[silent]
|switch|p2a: Ninetales|Ninetales, F|58/100
|-weather|SunnyDay|[from] ability: Drought|[of] p2a: Ninetales
|move|p1a: Corviknight|Defog|p2a: Ninetales
|-unboost|p2a: Ninetales|evasion|1
|-sideend|p1: upover|Stealth Rock|[from] move: Defog|[of] p1a: Corviknight
|
|-weather|SunnyDay|[upkeep]
|upkeep
|turn|21
|inactive|fakedin has 120 seconds left.
|
|t:|1757921138
|switch|p1a: Torkoal|Torkoal, F|39/100
|move|p2a: Ninetales|Healing Wish|p2a: Ninetales
|faint|p2a: Ninetales
|
|-weather|SunnyDay|[upkeep]
|upkeep
|inactive|fakedin has 120 seconds left.
|
|t:|1757921145
|switch|p2a: Walking Wake|Walking Wake|12/100
|-heal|p2a: Walking Wake|100/100|[from] move: Healing Wish
|-activate|p2a: Walking Wake|ability: Protosynthesis
|-start|p2a: Walking Wake|protosynthesisspe
|turn|22
|inactive|fakedin has 120 seconds left.
|
|t:|1757921157
|move|p2a: Walking Wake|Hydro Steam|p1a: Torkoal
|-supereffective|p1a: Torkoal
|-damage|p1a: Torkoal|0 fnt
|faint|p1a: Torkoal
|
|-weather|SunnyDay|[upkeep]
|upkeep
|
|t:|1757921163
|switch|p1a: Raging Bolt|Raging Bolt|61/100
|-activate|p1a: Raging Bolt|ability: Protosynthesis
|-start|p1a: Raging Bolt|protosynthesisspa
|turn|23
|
|t:|1757921170
|move|p1a: Raging Bolt|Thunderclap|p2a: Walking Wake
|-damage|p2a: Walking Wake|63/100
|move|p2a: Walking Wake|Draco Meteor|p1a: Raging Bolt
|-supereffective|p1a: Raging Bolt
|-damage|p1a: Raging Bolt|0 fnt
|-unboost|p2a: Walking Wake|spa|2
|faint|p1a: Raging Bolt
|-end|p1a: Raging Bolt|Protosynthesis|[silent]
|
|-weather|SunnyDay|[upkeep]
|upkeep
|
|t:|1757921178
|switch|p1a: Typhlosion|Typhlosion-Hisui, M|100/100
|-item|p2a: Walking Wake|Assault Vest|[from] ability: Frisk|[of] p1a: Typhlosion
|turn|24
|
|t:|1757921183
|-terastallize|p1a: Typhlosion|Fire
|move|p2a: Walking Wake|Flip Turn|p1a: Typhlosion
|-supereffective|p1a: Typhlosion
|-damage|p1a: Typhlosion|80/100
|
|t:|1757921190
|-end|p2a: Walking Wake|Protosynthesis|[silent]
|switch|p2a: Great Tusk|Great Tusk|9/100|[from] Flip Turn
|-activate|p2a: Great Tusk|ability: Protosynthesis
|-start|p2a: Great Tusk|protosynthesisspe
|move|p1a: Typhlosion|Eruption|p2a: Great Tusk
|-damage|p2a: Great Tusk|0 fnt
|faint|p2a: Great Tusk
|-end|p2a: Great Tusk|Protosynthesis|[silent]
|
|-weather|SunnyDay|[upkeep]
|upkeep
|
|t:|1757921213
|switch|p2a: Walking Wake|Walking Wake|63/100
|-activate|p2a: Walking Wake|ability: Protosynthesis
|-start|p2a: Walking Wake|protosynthesisspe
|turn|25
|
|t:|1757921224
|move|p2a: Walking Wake|Hydro Steam|p1a: Typhlosion
|-supereffective|p1a: Typhlosion
|-damage|p1a: Typhlosion|0 fnt
|faint|p1a: Typhlosion
|
|-weather|SunnyDay|[upkeep]
|upkeep
|-message|upover forfeited.
|
|win|fakedin
|raw|upover's rating: 1111 &rarr; <strong>1086</strong><br />(-25 for losing)
|raw|fakedin's rating: 1111 &rarr; <strong>1136</strong><br />(+25 for winning)
|l|☆upover
|player|p1|
|l|☆fakedin
|player|p2|
