|j|☆melikebread
|j|☆Intp Logician
|t:|1757838630
|gametype|singles
|player|p1|melikebread|riley|1027
|player|p2|Intp Logician|170|1077
|gen|9
|tier|[Gen 9] OU
|rated|
|rule|HP Percentage Mod: HP is shown in percentages
|rule|Endless Battle Clause: Forcing endless battles is banned
|rule|Species Clause: Limit one of each Pokémon
|rule|OHKO Clause: OHKO moves are banned
|rule|Evasion Items Clause: Evasion items are banned
|rule|Evasion Moves Clause: Evasion moves are banned
|rule|Evasion Abilities Clause: Evasion abilities are banned
|rule|Sleep Moves Clause: Sleep-inducing moves are banned
|clearpoke
|poke|p1|Dragapult, F|
|poke|p1|Magnezone|
|poke|p1|Landorus-Therian, M|
|poke|p1|Slowking-Galar, F|
|poke|p1|Cinderace, M|
|poke|p1|Ogerpon-Wellspring, F|
|poke|p2|Ogerpon-Wellspring, F|
|poke|p2|Dragapult, M|
|poke|p2|Mimikyu, M|
|poke|p2|Moltres|
|poke|p2|Iron Treads|
|poke|p2|Slowking-Galar, M|
|teampreview
|
|t:|1757838653
|teamsize|p1|6
|teamsize|p2|6
|start
|switch|p1a: Cinderace|Cinderace, M|100/100
|switch|p2a: Moltres|Moltres|100/100
|turn|1
|
|t:|1757838661
|move|p1a: Cinderace|U-turn|p2a: Moltres
|-start|p1a: Cinderace|typechange|Bug|[from] ability: Libero
|-resisted|p2a: Moltres
|-damage|p2a: Moltres|92/100
|-status|p1a: Cinderace|brn|[from] ability: Flame Body|[of] p2a: Moltres
|
|t:|1757838666
|switch|p1a: Ogerpon|Ogerpon-Wellspring, F|100/100|[from] U-turn
|move|p2a: Moltres|U-turn|p1a: Ogerpon
|-supereffective|p1a: Ogerpon
|-damage|p1a: Ogerpon|63/100
|inactive|Battle timer is ON: inactive players will automatically lose when time's up. (requested by Intp Logician)
|
|t:|1757838680
|switch|p2a: Dragapult|Dragapult, M|100/100|[from] U-turn
|
|upkeep
|turn|2
|
|t:|1757838693
|move|p2a: Dragapult|U-turn|p1a: Ogerpon
|-supereffective|p1a: Ogerpon
|-damage|p1a: Ogerpon|0 fnt
|faint|p1a: Ogerpon
|
|t:|1757838709
|switch|p2a: Moltres|Moltres|92/100|[from] U-turn
|
|upkeep
|
|t:|1757838718
|switch|p1a: Dragapult|Dragapult, F|100/100
|turn|3
|
|t:|1757838726
|move|p1a: Dragapult|Draco Meteor|p2a: Moltres|[miss]
|-miss|p1a: Dragapult|p2a: Moltres
|move|p2a: Moltres|Will-O-Wisp|p1a: Dragapult
|-status|p1a: Dragapult|brn
|
|-damage|p1a: Dragapult|95/100 brn|[from] brn
|upkeep
|turn|4
|
|t:|1757838743
|switch|p2a: Mimikyu|Mimikyu, M|100/100
|move|p1a: Dragapult|Draco Meteor|p2a: Mimikyu
|-immune|p2a: Mimikyu
|
|-damage|p1a: Dragapult|89/100 brn|[from] brn
|upkeep
|turn|5
|
|t:|1757838753
|switch|p1a: Magnezone|Magnezone|100/100
|-item|p1a: Magnezone|Air Balloon
|move|p2a: Mimikyu|Swords Dance|p2a: Mimikyu
|-boost|p2a: Mimikyu|atk|2
|
|upkeep
|turn|6
|
|t:|1757838764
|move|p2a: Mimikyu|Shadow Sneak|p1a: Magnezone
|-damage|p1a: Magnezone|78/100
|-enditem|p1a: Magnezone|Air Balloon
|move|p1a: Magnezone|Tri Attack|p2a: Mimikyu
|-immune|p2a: Mimikyu
|
|upkeep
|turn|7
|
|t:|1757838772
|move|p2a: Mimikyu|Swords Dance|p2a: Mimikyu
|-boost|p2a: Mimikyu|atk|2
|move|p1a: Magnezone|Volt Switch|p2a: Mimikyu
|-activate|p2a: Mimikyu|ability: Disguise
|-damage|p2a: Mimikyu|100/100
|detailschange|p2a: Mimikyu|Mimikyu-Busted, M
|-damage|p2a: Mimikyu|88/100|[from] pokemon: Mimikyu-Busted
|-enditem|p2a: Mimikyu|Red Card|[of] p1a: Magnezone
|drag|p1a: Landorus|Landorus-Therian, M|100/100
|-ability|p1a: Landorus|Intimidate|boost
|-unboost|p2a: Mimikyu|atk|1
|
|upkeep
|turn|8
|
|t:|1757838795
|move|p1a: Landorus|Earthquake|p2a: Mimikyu
|-damage|p2a: Mimikyu|11/100
|move|p2a: Mimikyu|Play Rough|p1a: Landorus
|-damage|p1a: Landorus|22/100
|
|upkeep
|turn|9
|
|t:|1757838805
|switch|p2a: Moltres|Moltres|92/100
|move|p1a: Landorus|Earthquake|p2a: Moltres
|-immune|p2a: Moltres
|
|upkeep
|turn|10
|
|t:|1757838814
|switch|p1a: Slowking|Slowking-Galar, F|100/100
|move|p2a: Moltres|Fire Blast|p1a: Slowking
|-damage|p1a: Slowking|67/100
|
|-heal|p1a: Slowking|73/100|[from] item: Leftovers
|upkeep
|turn|11
|
|t:|1757838827
|move|p2a: Moltres|Will-O-Wisp|p1a: Slowking|[miss]
|-miss|p2a: Moltres|p1a: Slowking
|move|p1a: Slowking|Psychic|p2a: Moltres
|-damage|p2a: Moltres|66/100
|
|-heal|p1a: Slowking|79/100|[from] item: Leftovers
|upkeep
|turn|12
|
|t:|1757838838
|switch|p1a: Dragapult|Dragapult, F|89/100 brn
|move|p2a: Moltres|Roost|p2a: Moltres
|-heal|p2a: Moltres|100/100
|-singleturn|p2a: Moltres|move: Roost
|
|-damage|p1a: Dragapult|83/100 brn|[from] brn
|upkeep
|turn|13
|
|t:|1757838849
|move|p1a: Dragapult|Shadow Ball|p2a: Moltres
|-damage|p2a: Moltres|66/100
|move|p2a: Moltres|Roost|p2a: Moltres
|-heal|p2a: Moltres|100/100
|-singleturn|p2a: Moltres|move: Roost
|
|-damage|p1a: Dragapult|77/100 brn|[from] brn
|upkeep
|turn|14
|
|t:|1757838862
|switch|p1a: Slowking|Slowking-Galar, F|100/100
|move|p2a: Moltres|U-turn|p1a: Slowking
|-damage|p1a: Slowking|90/100
|
|t:|1757838870
|switch|p2a: Dragapult|Dragapult, M|100/100|[from] U-turn
|
|-heal|p1a: Slowking|96/100|[from] item: Leftovers
|upkeep
|turn|15
|
|t:|1757838885
|switch|p1a: Magnezone|Magnezone|78/100
|-terastallize|p2a: Dragapult|Dragon
|move|p2a: Dragapult|Dragon Darts|p1a: Magnezone
|-resisted|p1a: Magnezone
|-damage|p1a: Magnezone|55/100
|-anim|p2a: Dragapult|Dragon Darts|p1a: Magnezone
|-resisted|p1a: Magnezone
|-damage|p1a: Magnezone|31/100
|
|upkeep
|turn|16
|
|t:|1757838899
|move|p2a: Dragapult|Dragon Darts|p1a: Magnezone
|-resisted|p1a: Magnezone
|-damage|p1a: Magnezone|6/100
|-anim|p2a: Dragapult|Dragon Darts|p1a: Magnezone
|-resisted|p1a: Magnezone
|-damage|p1a: Magnezone|0 fnt
|faint|p1a: Magnezone
|
|upkeep
|
|t:|1757838909
|switch|p1a: Dragapult|Dragapult, F|77/100 brn
|turn|17
|
|t:|1757838915
|switch|p2a: Mimikyu|Mimikyu-Busted, M|11/100
|move|p1a: Dragapult|Draco Meteor|p2a: Mimikyu
|-immune|p2a: Mimikyu
|
|-damage|p1a: Dragapult|71/100 brn|[from] brn
|upkeep
|turn|18
|
|t:|1757838931
|switch|p1a: Slowking|Slowking-Galar, F|100/100
|switch|p2a: Dragapult|Dragapult, M, tera:Dragon|100/100
|
|upkeep
|turn|19
|
|t:|1757838940
|move|p2a: Dragapult|Dragon Darts|p1a: Slowking
|-damage|p1a: Slowking|62/100
|-anim|p2a: Dragapult|Dragon Darts|p1a: Slowking
|-damage|p1a: Slowking|27/100
|move|p1a: Slowking|Sludge Bomb|p2a: Dragapult
|-damage|p2a: Dragapult|54/100
|
|-heal|p1a: Slowking|33/100|[from] item: Leftovers
|upkeep
|turn|20
|
|t:|1757838951
|switch|p1a: Landorus|Landorus-Therian, M|22/100
|-ability|p1a: Landorus|Intimidate|boost
|-unboost|p2a: Dragapult|atk|1
|move|p2a: Dragapult|Dragon Darts|p1a: Landorus
|-damage|p1a: Landorus|0 fnt
|faint|p1a: Landorus
|
|upkeep
|
|t:|1757838962
|switch|p1a: Dragapult|Dragapult, F|71/100 brn
|turn|21
|inactive|Intp Logician has 120 seconds left.
|
|t:|1757838999
|switch|p2a: Slowking|Slowking-Galar, M|100/100
|move|p1a: Dragapult|Shadow Ball|p2a: Slowking
|-supereffective|p2a: Slowking
|-damage|p2a: Slowking|53/100
|
|-damage|p1a: Dragapult|65/100 brn|[from] brn
|upkeep
|turn|22
|inactive|Intp Logician has 120 seconds left.
|
|t:|1757839010
|switch|p1a: Cinderace|Cinderace, M|100/100 brn
|move|p2a: Slowking|Foul Play|p1a: Cinderace
|-damage|p1a: Cinderace|56/100 brn
|
|-damage|p1a: Cinderace|50/100 brn|[from] brn
|upkeep
|turn|23
|inactive|Intp Logician has 120 seconds left.
|
|t:|1757839023
|switch|p2a: Moltres|Moltres|100/100
|move|p1a: Cinderace|High Jump Kick|p2a: Moltres
|-start|p1a: Cinderace|typechange|Fighting|[from] ability: Libero
|-resisted|p2a: Moltres
|-damage|p2a: Moltres|86/100
|
|-damage|p1a: Cinderace|44/100 brn|[from] brn
|upkeep
|turn|24
|inactive|Intp Logician has 120 seconds left.
|
|t:|1757839039
|move|p1a: Cinderace|U-turn|p2a: Moltres
|-resisted|p2a: Moltres
|-damage|p2a: Moltres|84/100
|
|t:|1757839043
|switch|p1a: Slowking|Slowking-Galar, F|66/100|[from] U-turn
|move|p2a: Moltres|U-turn|p1a: Slowking
|-damage|p1a: Slowking|55/100
|inactive|Intp Logician has 120 seconds left.
|
|t:|1757839051
|switch|p2a: Dragapult|Dragapult, M, tera:Dragon|54/100|[from] U-turn
|
|-heal|p1a: Slowking|61/100|[from] item: Leftovers
|upkeep
|turn|25
|
|t:|1757839063
|move|p2a: Dragapult|Dragon Darts|p1a: Slowking
|-damage|p1a: Slowking|24/100
|-anim|p2a: Dragapult|Dragon Darts|p1a: Slowking
|-damage|p1a: Slowking|0 fnt
|faint|p1a: Slowking
|
|upkeep
|
|t:|1757839070
|switch|p1a: Dragapult|Dragapult, F|65/100 brn
|turn|26
|inactive|Intp Logician has 120 seconds left.
|
|t:|1757839121
|switch|p2a: Slowking|Slowking-Galar, M|87/100
|move|p1a: Dragapult|Draco Meteor|p2a: Slowking
|-damage|p2a: Slowking|45/100
|-unboost|p1a: Dragapult|spa|2
|
|-damage|p1a: Dragapult|59/100 brn|[from] brn
|upkeep
|turn|27
|inactive|Intp Logician has 90 seconds left.
|
|t:|1757839139
|switch|p1a: Cinderace|Cinderace, M|44/100 brn
|move|p2a: Slowking|Foul Play|p1a: Cinderace
|-damage|p1a: Cinderace|0 fnt
|faint|p1a: Cinderace
|
|upkeep
|
|t:|1757839149
|switch|p1a: Dragapult|Dragapult, F|59/100 brn
|turn|28
|
|t:|1757839158
|switch|p2a: Moltres|Moltres|84/100
|move|p1a: Dragapult|Shadow Ball|p2a: Moltres
|-damage|p2a: Moltres|47/100
|-unboost|p2a: Moltres|spd|1
|
|-damage|p1a: Dragapult|53/100 brn|[from] brn
|upkeep
|turn|29
|
|t:|1757839172
|move|p1a: Dragapult|Shadow Ball|p2a: Moltres
|-damage|p2a: Moltres|0 fnt
|faint|p2a: Moltres
|
|-damage|p1a: Dragapult|47/100 brn|[from] brn
|upkeep
|
|t:|1757839180
|switch|p2a: Mimikyu|Mimikyu-Busted, M|11/100
|turn|30
|
|t:|1757839183
|-terastallize|p1a: Dragapult|Dragon
|move|p2a: Mimikyu|Shadow Sneak|p1a: Dragapult
|-damage|p1a: Dragapult|29/100 brn
|move|p1a: Dragapult|Shadow Ball|p2a: Mimikyu
|-supereffective|p2a: Mimikyu
|-damage|p2a: Mimikyu|0 fnt
|faint|p2a: Mimikyu
|
|-damage|p1a: Dragapult|23/100 brn|[from] brn
|upkeep
|
|t:|1757839202
|switch|p2a: Iron Treads|Iron Treads|100/100
|turn|31
|
|t:|1757839214
|move|p1a: Dragapult|Shadow Ball|p2a: Iron Treads
|-damage|p2a: Iron Treads|21/100
|move|p2a: Iron Treads|Earthquake|p1a: Dragapult
|-damage|p1a: Dragapult|0 fnt
|faint|p1a: Dragapult
|
|win|Intp Logician
|raw|melikebread's rating: 1027 &rarr; <strong>1015</strong><br />(-12 for losing)
|raw|Intp Logician's rating: 1077 &rarr; <strong>1101</strong><br />(+24 for winning)
|l|☆melikebread
|player|p1|
