|j|☆skater66
|j|☆Yajityyy
|t:|1757958856
|gametype|singles
|player|p1|skater66|170|1311
|player|p2|Yajityyy|burglar|1315
|gen|9
|tier|[Gen 9] OU
|rated|
|rule|HP Percentage Mod: HP is shown in percentages
|rule|Endless Battle Clause: Forcing endless battles is banned
|rule|Species Clause: Limit one of each Pokémon
|rule|OHKO Clause: OHKO moves are banned
|rule|Evasion Items Clause: Evasion items are banned
|rule|Evasion Moves Clause: Evasion moves are banned
|rule|Evasion Abilities Clause: Evasion abilities are banned
|rule|Sleep Moves Clause: Sleep-inducing moves are banned
|clearpoke
|poke|p1|Porygon2|
|poke|p1|Pecharunt|
|poke|p1|Cloyster, M|
|poke|p1|Ditto|
|poke|p1|Samurott-Hisui, M|
|poke|p1|Iron Valiant|
|poke|p2|Glimmora, F|
|poke|p2|Ogerpon-Wellspring, F|
|poke|p2|Hatterene, F|
|poke|p2|Iron Moth|
|poke|p2|Dragonite, F|
|poke|p2|Kingambit, F|
|teampreview
|inactive|Battle timer is ON: inactive players will automatically lose when time's up. (requested by Yajityyy)
|c|☆Yajityyy|Gl
|inactive|skater66 has 120 seconds left.
|
|t:|1757958898
|teamsize|p1|6
|teamsize|p2|6
|start
|switch|p1a: Samurott|Samurott-Hisui, M|100/100
|switch|p2a: The Advocate|Glimmora, F|100/100
|turn|1
|
|t:|1757958903
|move|p1a: Samurott|Flip Turn|p2a: The Advocate
|-supereffective|p2a: The Advocate
|-crit|p2a: The Advocate
|-enditem|p2a: The Advocate|Focus Sash
|-damage|p2a: The Advocate|1/100
|-activate|p2a: The Advocate|ability: Toxic Debris
|-sidestart|p1: skater66|move: Toxic Spikes
|
|t:|1757958913
|switch|p1a: Pecharunt|Pecharunt|100/100|[from] Flip Turn
|-sideend|p1: skater66|move: Toxic Spikes|[of] p1a: Pecharunt
|move|p2a: The Advocate|Energy Ball|p1a: Pecharunt
|-resisted|p1a: Pecharunt
|-damage|p1a: Pecharunt|82/100
|
|upkeep
|turn|2
|
|t:|1757958922
|move|p2a: The Advocate|Mud Shot|p1a: Pecharunt
|-supereffective|p1a: Pecharunt
|-damage|p1a: Pecharunt|39/100
|-unboost|p1a: Pecharunt|spe|1
|move|p1a: Pecharunt|Shadow Ball|p2a: The Advocate
|-damage|p2a: The Advocate|0 fnt
|faint|p2a: The Advocate
|
|upkeep
|
|t:|1757958930
|switch|p2a: The Ogerponzi|Ogerpon-Wellspring, F|100/100
|turn|3
|
|t:|1757958941
|move|p2a: The Ogerponzi|Knock Off|p1a: Pecharunt
|-supereffective|p1a: Pecharunt
|-crit|p1a: Pecharunt
|-damage|p1a: Pecharunt|0 fnt
|-enditem|p1a: Pecharunt|Heavy-Duty Boots|[from] move: Knock Off|[of] p2a: The Ogerponzi
|faint|p1a: Pecharunt
|
|upkeep
|
|t:|1757958949
|switch|p1a: Porygon2|Porygon2, shiny|100/100
|-ability|p1a: Porygon2|Download|boost
|-boost|p1a: Porygon2|atk|1
|turn|4
|
|t:|1757958955
|move|p2a: The Ogerponzi|Knock Off|p1a: Porygon2
|-damage|p1a: Porygon2|73/100
|-enditem|p1a: Porygon2|Eviolite|[from] move: Knock Off|[of] p2a: The Ogerponzi
|move|p1a: Porygon2|Discharge|p2a: The Ogerponzi
|-damage|p2a: The Ogerponzi|78/100
|
|upkeep
|turn|5
|
|t:|1757958964
|move|p2a: The Ogerponzi|Ivy Cudgel|p1a: Porygon2|[anim] Ivy Cudgel Water
|-damage|p1a: Porygon2|16/100
|move|p1a: Porygon2|Discharge|p2a: The Ogerponzi
|-damage|p2a: The Ogerponzi|57/100
|
|upkeep
|turn|6
|
|t:|1757958971
|move|p2a: The Ogerponzi|Horn Leech|p1a: Porygon2
|-crit|p1a: Porygon2
|-damage|p1a: Porygon2|0 fnt
|-heal|p2a: The Ogerponzi|66/100|[from] drain|[of] p1a: Porygon2
|faint|p1a: Porygon2
|
|upkeep
|
|t:|1757958977
|switch|p1a: Cloyster|Cloyster, M|100/100
|turn|7
|
|t:|1757958983
|move|p2a: The Ogerponzi|Horn Leech|p1a: Cloyster
|-supereffective|p1a: Cloyster
|-damage|p1a: Cloyster|26/100
|-heal|p2a: The Ogerponzi|96/100|[from] drain|[of] p1a: Cloyster
|move|p1a: Cloyster|Shell Smash|p1a: Cloyster
|-unboost|p1a: Cloyster|def|1
|-unboost|p1a: Cloyster|spd|1
|-boost|p1a: Cloyster|atk|2
|-boost|p1a: Cloyster|spa|2
|-boost|p1a: Cloyster|spe|2
|
|upkeep
|turn|8
|
|t:|1757958999
|-terastallize|p2a: The Ogerponzi|Water
|detailschange|p2a: The Ogerponzi|Ogerpon-Wellspring-Tera, F, tera:Water
|-ability|p2a: The Ogerponzi|Embody Aspect (Wellspring)|boost
|-boost|p2a: The Ogerponzi|spd|1
|move|p1a: Cloyster|Icicle Spear|p2a: The Ogerponzi
|-resisted|p2a: The Ogerponzi
|-damage|p2a: The Ogerponzi|81/100
|-resisted|p2a: The Ogerponzi
|-damage|p2a: The Ogerponzi|67/100
|-resisted|p2a: The Ogerponzi
|-damage|p2a: The Ogerponzi|52/100
|-resisted|p2a: The Ogerponzi
|-damage|p2a: The Ogerponzi|35/100
|-resisted|p2a: The Ogerponzi
|-damage|p2a: The Ogerponzi|20/100
|-hitcount|p2a: The Ogerponzi|5
|move|p2a: The Ogerponzi|Horn Leech|p1a: Cloyster
|-supereffective|p1a: Cloyster
|-damage|p1a: Cloyster|0 fnt
|-heal|p2a: The Ogerponzi|31/100|[from] drain|[of] p1a: Cloyster
|faint|p1a: Cloyster
|
|upkeep
|-message|skater66 forfeited.
|
|win|Yajityyy
|raw|skater66's rating: 1311 &rarr; <strong>1291</strong><br />(-20 for losing)
|raw|Yajityyy's rating: 1315 &rarr; <strong>1335</strong><br />(+20 for winning)
|l|☆skater66
|player|p1|
