|j|☆Jiva08
|j|☆closejavi
|html|<table width="100%"><tr><td align="left">Jiva08</td><td align="right">closejavi</tr><tr><td align="left"><i class="fa fa-circle-o"></i> <i class="fa fa-circle-o"></i> </td><td align="right"><i class="fa fa-circle-o"></i> <i class="fa fa-circle"></i> </tr></table>
|uhtml|bestof|<h2><strong>Game 2</strong> of <a href="/game-bestof3-gen9ou-2441536619">a best-of-3</a></h2>
|t:|1757866161
|gametype|singles
|player|p1|Jiva08|pokemaniac|
|player|p2|closejavi|boarder|
|gen|9
|tier|[Gen 9] OU
|rule|HP Percentage Mod: HP is shown in percentages
|rule|Endless Battle Clause: Forcing endless battles is banned
|rule|Species Clause: Limit one of each Pokémon
|rule|OHKO Clause: OHKO moves are banned
|rule|Evasion Items Clause: Evasion items are banned
|rule|Evasion Moves Clause: Evasion moves are banned
|rule|Evasion Abilities Clause: Evasion abilities are banned
|rule|Sleep Moves Clause: Sleep-inducing moves are banned
|raw|<div class="infobox"><details class="readmore"><summary><strong>6 custom rules:</strong></summary> Force Open Team Sheets, Anything Goes, maxteamsize=8, Picked Team Size = 6, Adjust Level = 100, bestof=3</details></div>
|clearpoke
|poke|p1|Mudsdale, F|
|poke|p1|Dragonite, M|
|poke|p1|Gholdengo|
|poke|p1|Skarmory, M|
|poke|p1|Pelipper, M|
|poke|p1|Maushold-Four|
|poke|p1|Garchomp, F|
|poke|p1|Scovillain, M|
|poke|p2|Gholdengo|
|poke|p2|Alomomola, F|
|poke|p2|Cinderace, F|
|poke|p2|Primarina, M|
|poke|p2|Lokix, M|
|poke|p2|Garchomp, M|
|poke|p2|Glimmora, M|
|poke|p2|Kilowattrel, F|
|teampreview|6
|showteam|p1|Mudsdale||Leftovers|Stamina|BodySlam,CloseCombat,Earthquake,StealthRock|||F||||,,,,,Ground]Dragonite||ExpertBelt|InnerFocus|DragonDance,DragonClaw,Earthquake,ExtremeSpeed|||M||||,,,,,Dragon]Gholdengo||LifeOrb|GoodasGold|DazzlingGleam,MakeItRain,PowerGem,Protect|||||||,,,,,Steel]Skarmory||OranBerry|Sturdy|StealthRock,Spikes,Protect,Roar|||M||||,,,,,Steel]Pelipper||DampRock|Drizzle|Hurricane,Surf,Protect,Tailwind|||M||||,,,,,Water]Maushold-Four||LoadedDice|FriendGuard|Protect,Rest,PopulationBomb,Substitute|||||||,,,,,Normal]Garchomp||FocusSash|RoughSkin|DragonClaw,SwordsDance,Earthquake,ShadowClaw|||F||||,,,,,Dragon]Scovillain||Charcoal|Insomnia|EnergyBall,Flamethrower,Protect,WillOWisp|||M||||,,,,,Grass
|showteam|p2|Gholdengo||AirBalloon|GoodasGold|NastyPlot,ShadowBall,MakeItRain,FocusBlast|||||||,,,,,Fairy]Alomomola||Leftovers|Regenerator|Wish,FlipTurn,Protect,Scald|||F||||,,,,,Water]Cinderace||HeavyDutyBoots|Blaze|WillOWisp,Uturn,PyroBall,CourtChange|||F||||,,,,,Ghost]Primarina||AssaultVest|Torrent|Surf,Moonblast,FlipTurn,PsychicNoise|||M||||,,,,,Steel]Lokix||ChoiceBand|TintedLens|FirstImpression,Uturn,KnockOff,LeechLife|||M||||,,,,,Bug]Garchomp||RockyHelmet|RoughSkin|Earthquake,DragonTail,StealthRock,Spikes|||M||||,,,,,Ghost]Glimmora||FocusSash|ToxicDebris|StealthRock,MortalSpin,PowerGem,EarthPower|||M||||,,,,,Ghost]Kilowattrel||HeavyDutyBoots|VoltAbsorb|AirSlash,Thunderbolt,VoltSwitch,Uproar|||F||||,,,,,Steel
|
|t:|1757866311
|teamsize|p1|6
|teamsize|p2|6
|start
|switch|p1a: Skarmory|Skarmory, M|100/100
|switch|p2a: Garchomp|Garchomp, M|100/100
|turn|1
|inactive|Battle timer is ON: inactive players will automatically lose when time's up. (requested by closejavi)
|
|t:|1757866324
|move|p1a: Skarmory|Stealth Rock|p2a: Garchomp
|-sidestart|p2: closejavi|move: Stealth Rock
|move|p2a: Garchomp|Dragon Tail|p1a: Skarmory
|-resisted|p1a: Skarmory
|-damage|p1a: Skarmory|93/100
|drag|p1a: Pelipper|Pelipper, M|100/100
|-weather|RainDance|[from] ability: Drizzle|[of] p1a: Pelipper
|
|-weather|RainDance|[upkeep]
|upkeep
|turn|2
|
|t:|1757866339
|move|p2a: Garchomp|Stealth Rock|p1a: Pelipper
|-sidestart|p1: Jiva08|move: Stealth Rock
|move|p1a: Pelipper|Surf|p2a: Garchomp
|-damage|p2a: Garchomp|61/100
|
|-weather|RainDance|[upkeep]
|upkeep
|turn|3
|
|t:|1757866356
|move|p2a: Garchomp|Spikes|p1a: Pelipper
|-sidestart|p1: Jiva08|Spikes
|move|p1a: Pelipper|Surf|p2a: Garchomp
|-damage|p2a: Garchomp|19/100
|
|-weather|RainDance|[upkeep]
|upkeep
|turn|4
|
|t:|1757866368
|switch|p2a: Kilowattrel|Kilowattrel, F|100/100
|move|p1a: Pelipper|Surf|p2a: Kilowattrel
|-damage|p2a: Kilowattrel|22/100
|
|-weather|RainDance|[upkeep]
|upkeep
|turn|5
|
|t:|1757866376
|move|p1a: Pelipper|Protect|p1a: Pelipper
|-singleturn|p1a: Pelipper|Protect
|move|p2a: Kilowattrel|Thunderbolt|p1a: Pelipper
|-activate|p1a: Pelipper|move: Protect
|
|-weather|RainDance|[upkeep]
|upkeep
|turn|6
|
|t:|1757866390
|switch|p1a: Skarmory|Skarmory, M|93/100
|-damage|p1a: Skarmory|81/100|[from] Stealth Rock
|move|p2a: Kilowattrel|Thunderbolt|p1a: Skarmory
|-supereffective|p1a: Skarmory
|-damage|p1a: Skarmory|0 fnt
|faint|p1a: Skarmory
|
|-weather|RainDance|[upkeep]
|upkeep
|
|t:|1757866398
|switch|p1a: Maushold|Maushold-Four|100/100
|-damage|p1a: Maushold|88/100|[from] Stealth Rock
|-damage|p1a: Maushold|76/100|[from] Spikes
|turn|7
|
|t:|1757866406
|move|p2a: Kilowattrel|Thunderbolt|p1a: Maushold
|-damage|p1a: Maushold|23/100
|move|p1a: Maushold|Population Bomb|p2a: Kilowattrel
|-damage|p2a: Kilowattrel|13/100
|-damage|p2a: Kilowattrel|2/100
|-damage|p2a: Kilowattrel|0 fnt
|faint|p2a: Kilowattrel
|-hitcount|p2: Kilowattrel|3
|
|-weather|RainDance|[upkeep]
|upkeep
|
|t:|1757866423
|switch|p2a: Cinderace|Cinderace, F|100/100
|turn|8
|
|t:|1757866430
|move|p2a: Cinderace|Pyro Ball|p1a: Maushold
|-damage|p1a: Maushold|0 fnt
|faint|p1a: Maushold
|
|-weather|none
|upkeep
|
|t:|1757866436
|switch|p1a: Pelipper|Pelipper, M|100/100
|-damage|p1a: Pelipper|76/100|[from] Stealth Rock
|-weather|RainDance|[from] ability: Drizzle|[of] p1a: Pelipper
|turn|9
|
|t:|1757866441
|move|p2a: Cinderace|U-turn|p1a: Pelipper
|-resisted|p1a: Pelipper
|-crit|p1a: Pelipper
|-damage|p1a: Pelipper|66/100
|
|t:|1757866448
|switch|p2a: Alomomola|Alomomola, F|100/100|[from] U-turn
|-damage|p2a: Alomomola|88/100|[from] Stealth Rock
|move|p1a: Pelipper|Surf|p2a: Alomomola
|-resisted|p2a: Alomomola
|-damage|p2a: Alomomola|69/100
|
|-weather|RainDance|[upkeep]
|-heal|p2a: Alomomola|75/100|[from] item: Leftovers
|upkeep
|turn|10
|
|t:|1757866464
|move|p1a: Pelipper|Hurricane|p2a: Alomomola
|-damage|p2a: Alomomola|41/100
|move|p2a: Alomomola|Wish|p2a: Alomomola
|
|-weather|RainDance|[upkeep]
|-heal|p2a: Alomomola|47/100|[from] item: Leftovers
|upkeep
|turn|11
|
|t:|1757866474
|move|p2a: Alomomola|Protect|p2a: Alomomola
|-singleturn|p2a: Alomomola|Protect
|move|p1a: Pelipper|Surf|p2a: Alomomola
|-activate|p2a: Alomomola|move: Protect
|
|-weather|RainDance|[upkeep]
|-heal|p2a: Alomomola|97/100|[from] move: Wish|[wisher] Alomomola
|-heal|p2a: Alomomola|100/100|[from] item: Leftovers
|upkeep
|turn|12
|
|t:|1757866484
|move|p1a: Pelipper|Protect|p1a: Pelipper
|-singleturn|p1a: Pelipper|Protect
|move|p2a: Alomomola|Flip Turn|p1a: Pelipper
|-activate|p1a: Pelipper|move: Protect
|
|-weather|RainDance|[upkeep]
|upkeep
|turn|13
|
|t:|1757866493
|move|p1a: Pelipper|Hurricane|p2a: Alomomola
|-damage|p2a: Alomomola|65/100
|move|p2a: Alomomola|Flip Turn|p1a: Pelipper
|-resisted|p1a: Pelipper
|-damage|p1a: Pelipper|56/100
|
|t:|1757866501
|switch|p2a: Lokix|Lokix, M|100/100|[from] Flip Turn
|-damage|p2a: Lokix|76/100|[from] Stealth Rock
|
|-weather|RainDance|[upkeep]
|upkeep
|turn|14
|
|t:|1757866507
|move|p2a: Lokix|First Impression|p1a: Pelipper
|-resisted|p1a: Pelipper
|-damage|p1a: Pelipper|3/100
|move|p1a: Pelipper|Tailwind|p1a: Pelipper
|-sidestart|p1: Jiva08|move: Tailwind
|
|-weather|RainDance|[upkeep]
|upkeep
|turn|15
|
|t:|1757866519
|switch|p2a: Alomomola|Alomomola, F|99/100
|-damage|p2a: Alomomola|86/100|[from] Stealth Rock
|move|p1a: Pelipper|Hurricane|p2a: Alomomola
|-damage|p2a: Alomomola|53/100
|
|-weather|RainDance|[upkeep]
|-heal|p2a: Alomomola|60/100|[from] item: Leftovers
|upkeep
|turn|16
|
|t:|1757866527
|move|p1a: Pelipper|Hurricane|p2a: Alomomola
|-damage|p2a: Alomomola|28/100
|move|p2a: Alomomola|Wish|p2a: Alomomola
|
|-weather|none
|-heal|p2a: Alomomola|34/100|[from] item: Leftovers
|upkeep
|turn|17
|
|t:|1757866534
|move|p2a: Alomomola|Protect|p2a: Alomomola
|-singleturn|p2a: Alomomola|Protect
|move|p1a: Pelipper|Tailwind||[still]
|-fail|p1a: Pelipper
|
|-heal|p2a: Alomomola|84/100|[from] move: Wish|[wisher] Alomomola
|-heal|p2a: Alomomola|90/100|[from] item: Leftovers
|-sideend|p1: Jiva08|move: Tailwind
|upkeep
|turn|18
|
|t:|1757866543
|move|p1a: Pelipper|Tailwind|p1a: Pelipper
|-sidestart|p1: Jiva08|move: Tailwind
|move|p2a: Alomomola|Flip Turn|p1a: Pelipper
|-resisted|p1a: Pelipper
|-damage|p1a: Pelipper|0 fnt
|faint|p1a: Pelipper
|
|t:|1757866562
|switch|p2a: Glimmora|Glimmora, M, shiny|100/100|[from] Flip Turn
|-damage|p2a: Glimmora|88/100|[from] Stealth Rock
|
|upkeep
|
|t:|1757866569
|switch|p1a: Garchomp|Garchomp, F|100/100
|-damage|p1a: Garchomp|94/100|[from] Stealth Rock
|-damage|p1a: Garchomp|82/100|[from] Spikes
|turn|19
|
|t:|1757866586
|move|p1a: Garchomp|Swords Dance|p1a: Garchomp
|-boost|p1a: Garchomp|atk|2
|move|p2a: Glimmora|Mortal Spin|p1a: Garchomp
|-resisted|p1a: Garchomp
|-damage|p1a: Garchomp|79/100
|-status|p1a: Garchomp|psn
|-damage|p2a: Glimmora|76/100|[from] ability: Rough Skin|[of] p1a: Garchomp
|-sideend|p2: closejavi|Stealth Rock|[from] move: Mortal Spin|[of] p2a: Glimmora
|
|-damage|p1a: Garchomp|67/100 psn|[from] psn
|upkeep
|turn|20
|
|t:|1757866603
|move|p1a: Garchomp|Shadow Claw|p2a: Glimmora
|-damage|p2a: Glimmora|16/100
|-activate|p2a: Glimmora|ability: Toxic Debris
|-sidestart|p1: Jiva08|move: Toxic Spikes
|move|p2a: Glimmora|Power Gem|p1a: Garchomp
|-resisted|p1a: Garchomp
|-damage|p1a: Garchomp|43/100 psn
|
|-damage|p1a: Garchomp|30/100 psn|[from] psn
|upkeep
|turn|21
|
|t:|1757866614
|move|p1a: Garchomp|Shadow Claw|p2a: Glimmora
|-damage|p2a: Glimmora|0 fnt
|-activate|p2a: Glimmora|ability: Toxic Debris
|-sidestart|p1: Jiva08|move: Toxic Spikes
|faint|p2a: Glimmora
|
|-damage|p1a: Garchomp|18/100 psn|[from] psn
|-sideend|p1: Jiva08|move: Tailwind
|upkeep
|
|t:|1757866622
|switch|p2a: Alomomola|Alomomola, F|100/100
|turn|22
|
|t:|1757866626
|move|p1a: Garchomp|Dragon Claw|p2a: Alomomola
|-damage|p2a: Alomomola|47/100
|move|p2a: Alomomola|Wish|p2a: Alomomola
|
|-heal|p2a: Alomomola|53/100|[from] item: Leftovers
|-damage|p1a: Garchomp|6/100 psn|[from] psn
|upkeep
|turn|23
|
|t:|1757866633
|move|p2a: Alomomola|Protect|p2a: Alomomola
|-singleturn|p2a: Alomomola|Protect
|move|p1a: Garchomp|Dragon Claw|p2a: Alomomola
|-activate|p2a: Alomomola|move: Protect
|
|-heal|p2a: Alomomola|100/100|[from] move: Wish|[wisher] Alomomola
|-damage|p1a: Garchomp|0 fnt|[from] psn
|faint|p1a: Garchomp
|upkeep
|
|t:|1757866642
|switch|p1a: Scovillain|Scovillain, M|100/100
|-damage|p1a: Scovillain|76/100|[from] Stealth Rock
|-damage|p1a: Scovillain|63/100|[from] Spikes
|-status|p1a: Scovillain|tox
|turn|24
|
|t:|1757866659
|switch|p2a: Garchomp|Garchomp, M|19/100
|move|p1a: Scovillain|Energy Ball|p2a: Garchomp
|-damage|p2a: Garchomp|0 fnt
|faint|p2a: Garchomp
|
|-damage|p1a: Scovillain|57/100 tox|[from] psn
|upkeep
|
|t:|1757866668
|switch|p2a: Lokix|Lokix, M|76/100
|turn|25
|
|t:|1757866671
|move|p2a: Lokix|First Impression|p1a: Scovillain
|-damage|p1a: Scovillain|0 fnt
|faint|p1a: Scovillain
|
|upkeep
|
|t:|1757866676
|switch|p1a: Gholdengo|Gholdengo|100/100
|-damage|p1a: Gholdengo|94/100|[from] Stealth Rock
|-damage|p1a: Gholdengo|82/100|[from] Spikes
|turn|26
|
|t:|1757866692
|switch|p2a: Alomomola|Alomomola, F|100/100
|move|p1a: Gholdengo|Dazzling Gleam|p2a: Alomomola
|-damage|p2a: Alomomola|68/100
|-damage|p1a: Gholdengo|72/100|[from] item: Life Orb
|
|-heal|p2a: Alomomola|74/100|[from] item: Leftovers
|upkeep
|turn|27
|
|t:|1757866700
|move|p1a: Gholdengo|Make It Rain|p2a: Alomomola
|-resisted|p2a: Alomomola
|-damage|p2a: Alomomola|35/100
|-unboost|p1a: Gholdengo|spa|1
|-damage|p1a: Gholdengo|62/100|[from] item: Life Orb
|move|p2a: Alomomola|Wish|p2a: Alomomola
|
|-heal|p2a: Alomomola|41/100|[from] item: Leftovers
|upkeep
|turn|28
|
|t:|1757866711
|move|p2a: Alomomola|Protect|p2a: Alomomola
|-singleturn|p2a: Alomomola|Protect
|move|p1a: Gholdengo|Dazzling Gleam|p2a: Alomomola
|-activate|p2a: Alomomola|move: Protect
|
|-heal|p2a: Alomomola|91/100|[from] move: Wish|[wisher] Alomomola
|-heal|p2a: Alomomola|97/100|[from] item: Leftovers
|upkeep
|turn|29
|
|t:|1757866720
|move|p1a: Gholdengo|Dazzling Gleam|p2a: Alomomola
|-damage|p2a: Alomomola|76/100
|-damage|p1a: Gholdengo|53/100|[from] item: Life Orb
|move|p2a: Alomomola|Flip Turn|p1a: Gholdengo
|-damage|p1a: Gholdengo|33/100
|
|t:|1757866726
|switch|p2a: Cinderace|Cinderace, F|100/100|[from] Flip Turn
|
|upkeep
|turn|30
|
|t:|1757866729
|move|p2a: Cinderace|Pyro Ball|p1a: Gholdengo
|-supereffective|p1a: Gholdengo
|-damage|p1a: Gholdengo|0 fnt
|faint|p1a: Gholdengo
|
|win|closejavi
|c|☆closejavi|gg
