|j|☆Wodsferty
|j|☆sehega
|t:|1757812740
|gametype|singles
|player|p1|Wodsferty|giovanni|1123
|player|p2|sehega|266|1094
|gen|9
|tier|[Gen 9] OU
|rated|
|rule|HP Percentage Mod: HP is shown in percentages
|rule|Endless Battle Clause: Forcing endless battles is banned
|rule|Species Clause: Limit one of each Pokémon
|rule|OHKO Clause: OHKO moves are banned
|rule|Evasion Items Clause: Evasion items are banned
|rule|Evasion Moves Clause: Evasion moves are banned
|rule|Evasion Abilities Clause: Evasion abilities are banned
|rule|Sleep Moves Clause: Sleep-inducing moves are banned
|clearpoke
|poke|p1|Blaziken, M|
|poke|p1|Dragonite, F|
|poke|p1|Iron Moth|
|poke|p1|Ambipom, F|
|poke|p1|Pachirisu, M|
|poke|p1|Araquanid, F|
|poke|p2|Cinderace, M|
|poke|p2|Kingambit, F|
|poke|p2|Primarina, M|
|poke|p2|Ogerpon-Wellspring, F|
|poke|p2|Ursaluna, F|
|poke|p2|Latios, M|
|teampreview
|
|t:|1757812757
|teamsize|p1|6
|teamsize|p2|6
|start
|switch|p1a: Araquanid|Araquanid, F|100/100
|switch|p2a: Primarina|Primarina, M, shiny|100/100
|turn|1
|inactive|Battle timer is ON: inactive players will automatically lose when time's up. (requested by sehega)
|
|t:|1757812778
|move|p2a: Primarina|Calm Mind|p2a: Primarina
|-boost|p2a: Primarina|spa|1
|-boost|p2a: Primarina|spd|1
|move|p1a: Araquanid|Sticky Web|p2a: Primarina
|-sidestart|p2: sehega|move: Sticky Web
|
|upkeep
|turn|2
|
|t:|1757812784
|move|p2a: Primarina|Moonblast|p1a: Araquanid
|-damage|p1a: Araquanid|38/100
|move|p1a: Araquanid|Reflect|p1a: Araquanid
|-sidestart|p1: Wodsferty|Reflect
|
|upkeep
|turn|3
|
|t:|1757812789
|move|p2a: Primarina|Moonblast|p1a: Araquanid
|-damage|p1a: Araquanid|0 fnt
|faint|p1a: Araquanid
|
|upkeep
|inactive|Wodsferty has 120 seconds left.
|
|t:|1757812824
|switch|p1a: Pachirisu|Pachirisu, M|100/100
|turn|4
|inactive|sehega has 120 seconds left.
|
|t:|1757812857
|-terastallize|p2a: Primarina|Ground
|move|p1a: Pachirisu|Nuzzle|p2a: Primarina
|-immune|p2a: Primarina
|move|p2a: Primarina|Hyper Voice|p1a: Pachirisu
|-enditem|p1a: Pachirisu|Focus Sash
|-damage|p1a: Pachirisu|1/100
|-enditem|p2a: Primarina|Throat Spray
|-boost|p2a: Primarina|spa|1|[from] item: Throat Spray
|
|upkeep
|turn|5
|
|t:|1757812865
|move|p1a: Pachirisu|Endeavor|p2a: Primarina
|-damage|p2a: Primarina|1/100
|move|p2a: Primarina|Moonblast|p1a: Pachirisu
|-damage|p1a: Pachirisu|0 fnt
|faint|p1a: Pachirisu
|
|upkeep
|
|t:|1757812870
|switch|p1a: Dragonite|Dragonite, F|100/100
|turn|6
|
|t:|1757812876
|move|p1a: Dragonite|Earthquake|p2a: Primarina
|-damage|p2a: Primarina|0 fnt
|faint|p2a: Primarina
|
|-sideend|p1: Wodsferty|Reflect
|upkeep
|
|t:|1757812896
|switch|p2a: Latios|Latios, M|100/100
|turn|7
|
|t:|1757812902
|move|p2a: Latios|Draco Meteor|p1a: Dragonite
|-supereffective|p1a: Dragonite
|-damage|p1a: Dragonite|17/100
|-unboost|p2a: Latios|spa|2
|-enditem|p1a: Dragonite|Weakness Policy
|-boost|p1a: Dragonite|atk|2|[from] item: Weakness Policy
|-boost|p1a: Dragonite|spa|2|[from] item: Weakness Policy
|move|p1a: Dragonite|Dragon Dance|p1a: Dragonite
|-boost|p1a: Dragonite|atk|1
|-boost|p1a: Dragonite|spe|1
|
|upkeep
|turn|8
|
|t:|1757812914
|-terastallize|p1a: Dragonite|Steel
|move|p1a: Dragonite|Iron Head|p2a: Latios
|-damage|p2a: Latios|0 fnt
|faint|p2a: Latios
|
|upkeep
|
|t:|1757812923
|switch|p2a: Ursaluna|Ursaluna, F|100/100
|-activate|p2a: Ursaluna|move: Sticky Web
|-unboost|p2a: Ursaluna|spe|1
|turn|9
|
|t:|1757812932
|move|p1a: Dragonite|Iron Head|p2a: Ursaluna
|-damage|p2a: Ursaluna|14/100
|cant|p2a: Ursaluna|flinch
|
|-status|p2a: Ursaluna|brn|[from] item: Flame Orb
|upkeep
|turn|10
|
|t:|1757812948
|move|p1a: Dragonite|Iron Head|p2a: Ursaluna
|-damage|p2a: Ursaluna|0 fnt
|faint|p2a: Ursaluna
|
|upkeep
|
|t:|1757812954
|switch|p2a: Cinderace|Cinderace, M, shiny|100/100
|-activate|p2a: Cinderace|move: Sticky Web
|-unboost|p2a: Cinderace|spe|1
|turn|11
|
|t:|1757812965
|move|p1a: Dragonite|Extreme Speed|p2a: Cinderace
|-damage|p2a: Cinderace|0 fnt
|faint|p2a: Cinderace
|
|upkeep
|-message|sehega forfeited.
|
|win|Wodsferty
|raw|Wodsferty's rating: 1123 &rarr; <strong>1146</strong><br />(+23 for winning)
|raw|sehega's rating: 1094 &rarr; <strong>1072</strong><br />(-22 for losing)
|l|☆sehega
|player|p2|
|c|☆Wodsferty|ggs
