|j|☆yesterdaymister
|j|☆thatonedude21
|inactive|Battle timer is ON: inactive players will automatically lose when time's up.
|t:|1757820053
|gametype|singles
|player|p1|yesterdaymister|striker|
|player|p2|thatonedude21|1|
|gen|9
|tier|[Gen 9] OU
|rated|Tournament battle
|rule|HP Percentage Mod: HP is shown in percentages
|rule|Endless Battle Clause: Forcing endless battles is banned
|rule|Species Clause: Limit one of each Pokémon
|rule|OHKO Clause: OHKO moves are banned
|rule|Evasion Items Clause: Evasion items are banned
|rule|Evasion Moves Clause: Evasion moves are banned
|rule|Evasion Abilities Clause: Evasion abilities are banned
|rule|Sleep Moves Clause: Sleep-inducing moves are banned
|clearpoke
|poke|p1|Ninetales, M|
|poke|p1|Ceruledge, M|
|poke|p1|Venusaur, M|
|poke|p1|Hatterene, F|
|poke|p1|Great Tusk|
|poke|p1|Walking Wake|
|poke|p2|Glimmora, M|
|poke|p2|Iron Valiant|
|poke|p2|Arcanine-Hisui, M|
|poke|p2|Hippowdon, M|
|poke|p2|Alomomola, F|
|poke|p2|Raging Bolt|
|teampreview
|inactive|yesterdaymister also wants the timer to be on.
|inactive|thatonedude21 also wants the timer to be on.
|j| glowingrobot
|j| alxiz⏣⏑⏣
|j|#Setsu
|c| glowingrobot|oooh weather wars
|c| alxiz⏣⏑⏣|yeesterdaymister
|j| blabala
|j| Flapsman
|j| zReptar
|inactive|yesterdaymister has 120 seconds left.
|c|☆yesterdaymister|his weather cooks my weather
|c| alxiz⏣⏑⏣|your avatar looks like a cinderace
|c|☆yesterdaymister|but why hippowdown and not ttar?
|j|^CloudyEJ
|j| Reukra671
|
|t:|1757820096
|teamsize|p1|6
|teamsize|p2|6
|start
|switch|p1a: chama|Walking Wake|100/100
|switch|p2a: Glimmora|Glimmora, M|100/100
|turn|1
|c| alxiz⏣⏑⏣|less weaknesses
|l|^CloudyEJ
|j| ExecutiveExeggcute
|l| Reukra671
|
|t:|1757820110
|move|p1a: chama|Hydro Steam|p2a: Glimmora
|-supereffective|p2a: Glimmora
|-enditem|p2a: Glimmora|Focus Sash
|-damage|p2a: Glimmora|1/100
|move|p2a: Glimmora|Stealth Rock|p1a: chama
|-sidestart|p1: yesterdaymister|move: Stealth Rock
|
|upkeep
|turn|2
|
|t:|1757820117
|move|p1a: chama|Hydro Steam|p2a: Glimmora
|-supereffective|p2a: Glimmora
|-damage|p2a: Glimmora|0 fnt
|faint|p2a: Glimmora
|
|upkeep
|
|t:|1757820118
|switch|p2a: Raging Bolt|Raging Bolt|100/100
|turn|3
|c| glowingrobot|hippos kill more people per annum than kaiju
|
|t:|1757820128
|-end|p1a: chama|Protosynthesis|[silent]
|switch|p1a: maccabi|Hatterene, F|100/100
|-damage|p1a: maccabi|88/100|[from] Stealth Rock
|-end|p2a: Raging Bolt|Protosynthesis|[silent]
|switch|p2a: Hippowdon|Hippowdon, M|100/100
|-weather|Sandstorm|[from] ability: Sand Stream|[of] p2a: Hippowdon
|
|-weather|Sandstorm|[upkeep]
|-damage|p1a: maccabi|82/100|[from] Sandstorm
|upkeep
|turn|4
|
|t:|1757820139
|switch|p1a: mignolet|Great Tusk|100/100
|-damage|p1a: mignolet|98/100|[from] Stealth Rock
|move|p2a: Hippowdon|Curse|p2a: Hippowdon
|-unboost|p2a: Hippowdon|spe|1
|-boost|p2a: Hippowdon|atk|1
|-boost|p2a: Hippowdon|def|1
|
|-weather|Sandstorm|[upkeep]
|upkeep
|turn|5
|c| alxiz⏣⏑⏣|ttar is a dragon fight me
|
|t:|1757820142
|move|p1a: mignolet|Rapid Spin|p2a: Hippowdon
|-damage|p2a: Hippowdon|95/100
|-boost|p1a: mignolet|spe|1
|-damage|p1a: mignolet|81/100|[from] item: Rocky Helmet|[of] p2a: Hippowdon
|-sideend|p1: yesterdaymister|Stealth Rock|[from] move: Rapid Spin|[of] p1a: mignolet
|move|p2a: Hippowdon|Curse|p2a: Hippowdon
|-unboost|p2a: Hippowdon|spe|1
|-boost|p2a: Hippowdon|atk|1
|-boost|p2a: Hippowdon|def|1
|
|-weather|Sandstorm|[upkeep]
|upkeep
|turn|6
|l| ExecutiveExeggcute
|
|t:|1757820149
|-end|p1a: mignolet|Protosynthesis|[silent]
|switch|p1a: arda guler|Ninetales, M|100/100
|-weather|SunnyDay|[from] ability: Drought|[of] p1a: arda guler
|move|p2a: Hippowdon|Earthquake|p1a: arda guler
|-supereffective|p1a: arda guler
|-damage|p1a: arda guler|0 fnt
|faint|p1a: arda guler
|
|-weather|SunnyDay|[upkeep]
|upkeep
|c|☆yesterdaymister|shit
|c| glowingrobot|he's clearly godzilla
|
|t:|1757820161
|switch|p1a: chama|Walking Wake|100/100
|-activate|p1a: chama|ability: Protosynthesis
|-start|p1a: chama|protosynthesisspa
|turn|7
|c| glowingrobot|which means he's a nuclear lizard, not a dragon
|c| alxiz⏣⏑⏣|he learns ddance
|
|t:|1757820168
|switch|p2a: Alomomola|Alomomola, F|100/100
|move|p1a: chama|Hydro Steam|p2a: Alomomola
|-resisted|p2a: Alomomola
|-damage|p2a: Alomomola|19/100
|
|-weather|SunnyDay|[upkeep]
|upkeep
|turn|8
|
|t:|1757820179
|switch|p2a: Hippowdon|Hippowdon, M|95/100
|-weather|Sandstorm|[from] ability: Sand Stream|[of] p2a: Hippowdon
|-end|p1a: chama|Protosynthesis
|move|p1a: chama|Hydro Steam|p2a: Hippowdon
|-supereffective|p2a: Hippowdon
|-damage|p2a: Hippowdon|0 fnt
|faint|p2a: Hippowdon
|
|-weather|Sandstorm|[upkeep]
|-damage|p1a: chama|94/100|[from] Sandstorm
|upkeep
|c| alxiz⏣⏑⏣|magcargo is a horse
|
|t:|1757820184
|switch|p2a: Raging Bolt|Raging Bolt|100/100
|turn|9
|c| glowingrobot|I can do the chicken dance, does that make me poultry?
|c| alxiz⏣⏑⏣|it learns high horse power
|
|t:|1757820189
|-end|p1a: chama|Protosynthesis|[silent]
|switch|p1a: maccabi|Hatterene, F|82/100
|move|p2a: Raging Bolt|Calm Mind|p2a: Raging Bolt
|-boost|p2a: Raging Bolt|spa|1
|-boost|p2a: Raging Bolt|spd|1
|
|-weather|Sandstorm|[upkeep]
|-damage|p2a: Raging Bolt|94/100|[from] Sandstorm
|-damage|p1a: maccabi|76/100|[from] Sandstorm
|-heal|p2a: Raging Bolt|100/100|[from] item: Leftovers
|upkeep
|turn|10
|
|t:|1757820192
|move|p2a: Raging Bolt|Weather Ball|p1a: maccabi
|-crit|p1a: maccabi
|-damage|p1a: maccabi|0 fnt
|faint|p1a: maccabi
|
|-weather|Sandstorm|[upkeep]
|-damage|p2a: Raging Bolt|94/100|[from] Sandstorm
|-heal|p2a: Raging Bolt|100/100|[from] item: Leftovers
|upkeep
|c| alxiz⏣⏑⏣|yes
|
|t:|1757820203
|switch|p1a: chama|Walking Wake|94/100
|turn|11
|
|t:|1757820206
|move|p1a: chama|Draco Meteor|p2a: Raging Bolt
|-supereffective|p2a: Raging Bolt
|-damage|p2a: Raging Bolt|0 fnt
|-unboost|p1a: chama|spa|2
|faint|p2a: Raging Bolt
|-end|p2a: Raging Bolt|Protosynthesis|[silent]
|
|-weather|Sandstorm|[upkeep]
|-damage|p1a: chama|88/100|[from] Sandstorm
|upkeep
|
|t:|1757820214
|switch|p2a: Arcanine|Arcanine-Hisui, M|100/100
|-ability|p2a: Arcanine|Intimidate|boost
|-unboost|p1a: chama|atk|1
|turn|12
|
|t:|1757820219
|-end|p1a: chama|Protosynthesis|[silent]
|switch|p1a: mignolet|Great Tusk|81/100
|move|p2a: Arcanine|Stone Edge|p1a: mignolet
|-resisted|p1a: mignolet
|-damage|p1a: mignolet|74/100
|
|-weather|none
|upkeep
|turn|13
|
|t:|1757820227
|switch|p2a: Alomomola|Alomomola, F|52/100
|move|p1a: mignolet|Headlong Rush|p2a: Alomomola
|-damage|p2a: Alomomola|27/100
|-unboost|p1a: mignolet|def|1
|-unboost|p1a: mignolet|spd|1
|-damage|p1a: mignolet|57/100|[from] item: Rocky Helmet|[of] p2a: Alomomola
|
|upkeep
|turn|14
|
|t:|1757820230
|move|p1a: mignolet|Headlong Rush|p2a: Alomomola
|-damage|p2a: Alomomola|0 fnt
|-unboost|p1a: mignolet|def|1
|-unboost|p1a: mignolet|spd|1
|-damage|p1a: mignolet|40/100|[from] item: Rocky Helmet|[of] p2a: Alomomola
|faint|p2a: Alomomola
|
|upkeep
|j| doso749
|
|t:|1757820233
|switch|p2a: Iron Valiant|Iron Valiant|100/100
|turn|15
|
|t:|1757820237
|-end|p1a: mignolet|Protosynthesis|[silent]
|switch|p1a: hans vanaken|Venusaur, M|100/100
|move|p2a: Iron Valiant|Moonblast|p1a: hans vanaken
|-resisted|p1a: hans vanaken
|-damage|p1a: hans vanaken|68/100
|-damage|p2a: Iron Valiant|91/100|[from] item: Life Orb
|
|upkeep
|turn|16
|l| doso749
|
|t:|1757820243
|-end|p2a: Iron Valiant|Quark Drive|[silent]
|switch|p2a: Arcanine|Arcanine-Hisui, M|100/100
|-ability|p2a: Arcanine|Intimidate|boost
|-unboost|p1a: hans vanaken|atk|1
|move|p1a: hans vanaken|Giga Drain|p2a: Arcanine
|-damage|p2a: Arcanine|70/100
|-heal|p1a: hans vanaken|88/100|[from] drain|[of] p2a: Arcanine
|-damage|p1a: hans vanaken|78/100|[from] item: Life Orb
|
|upkeep
|turn|17
|
|t:|1757820251
|move|p1a: hans vanaken|Giga Drain|p2a: Arcanine
|-damage|p2a: Arcanine|41/100
|-heal|p1a: hans vanaken|97/100|[from] drain|[of] p2a: Arcanine
|-damage|p1a: hans vanaken|87/100|[from] item: Life Orb
|move|p2a: Arcanine|Temper Flare|p1a: hans vanaken
|-supereffective|p1a: hans vanaken
|-damage|p1a: hans vanaken|0 fnt
|faint|p1a: hans vanaken
|
|upkeep
|
|t:|1757820255
|switch|p1a: mignolet|Great Tusk|40/100
|turn|18
|
|t:|1757820262
|move|p1a: mignolet|Headlong Rush|p2a: Arcanine
|-supereffective|p2a: Arcanine
|-damage|p2a: Arcanine|0 fnt
|-unboost|p1a: mignolet|def|1
|-unboost|p1a: mignolet|spd|1
|faint|p2a: Arcanine
|
|upkeep
|
|t:|1757820263
|switch|p2a: Iron Valiant|Iron Valiant|91/100
|turn|19
|
|t:|1757820270
|move|p2a: Iron Valiant|Moonblast|p1a: mignolet
|-supereffective|p1a: mignolet
|-damage|p1a: mignolet|0 fnt
|faint|p1a: mignolet
|-end|p1a: mignolet|Protosynthesis|[silent]
|-damage|p2a: Iron Valiant|81/100|[from] item: Life Orb
|
|upkeep
|
|t:|1757820272
|switch|p1a: lebron|Ceruledge, M|100/100
|turn|20
|
|t:|1757820281
|move|p2a: Iron Valiant|Knock Off|p1a: lebron
|-supereffective|p1a: lebron
|-enditem|p1a: lebron|Focus Sash
|-damage|p1a: lebron|1/100
|-ability|p1a: lebron|Weak Armor|boost
|-unboost|p1a: lebron|def|1
|-boost|p1a: lebron|spe|2
|-damage|p2a: Iron Valiant|71/100|[from] item: Life Orb
|move|p1a: lebron|Bitter Blade|p2a: Iron Valiant
|-damage|p2a: Iron Valiant|16/100
|-heal|p1a: lebron|28/100|[from] drain|[of] p2a: Iron Valiant
|
|upkeep
|turn|21
|c|☆yesterdaymister|gg
|c|☆thatonedude21|Gg
|
|t:|1757820289
|move|p1a: lebron|Bitter Blade|p2a: Iron Valiant
|-damage|p2a: Iron Valiant|0 fnt
|-heal|p1a: lebron|36/100|[from] drain|[of] p2a: Iron Valiant
|faint|p2a: Iron Valiant
|-end|p2a: Iron Valiant|Quark Drive|[silent]
|
|win|yesterdaymister
|n|☆yesterdaymister|yesterdaymister
|n|☆thatonedude21|thatonedude21
|n| glowingrobot|glowingrobot
|n| alxiz⏣⏑⏣|alxiz
|n|~Setsu|setsu
|n| blabala|blabala
|n| Flapsman|flapsman
|n| zReptar|zreptar
