|j|☆OminousGengar
|j|☆fianso-95
|t:|1757917747
|gametype|singles
|player|p1|OminousGengar|eusine|1302
|player|p2|fianso-95|palmer|1363
|gen|9
|tier|[Gen 9] OU
|rated|
|rule|HP Percentage Mod: HP is shown in percentages
|rule|Endless Battle Clause: Forcing endless battles is banned
|rule|Species Clause: Limit one of each Pokémon
|rule|OHKO Clause: OHKO moves are banned
|rule|Evasion Items Clause: Evasion items are banned
|rule|Evasion Moves Clause: Evasion moves are banned
|rule|Evasion Abilities Clause: Evasion abilities are banned
|rule|Sleep Moves Clause: Sleep-inducing moves are banned
|clearpoke
|poke|p1|Talonflame, F|
|poke|p1|Pelipper, M|
|poke|p1|Barraskewda, M|
|poke|p1|Toxicroak, F|
|poke|p1|Hatterene, F|
|poke|p1|Iron Treads|
|poke|p2|Landorus-Therian, M|
|poke|p2|Volcanion|
|poke|p2|Weavile, F|
|poke|p2|Azelf|
|poke|p2|Dragonite, M|
|poke|p2|Zapdos|
|teampreview
|inactive|Battle timer is ON: inactive players will automatically lose when time's up. (requested by fianso-95)
|
|t:|1757917758
|teamsize|p1|6
|teamsize|p2|6
|start
|switch|p1a: Barraskewda|Barraskewda, M|100/100
|switch|p2a: Azelf|Azelf|100/100
|turn|1
|
|t:|1757917767
|move|p1a: Barraskewda|Flip Turn|p2a: Azelf
|-damage|p2a: Azelf|28/100
|
|t:|1757917771
|switch|p1a: Hatterene|Hatterene, F|100/100|[from] Flip Turn
|move|p2a: Azelf|Explosion|p1a: Hatterene
|-damage|p1a: Hatterene|11/100
|faint|p2a: Azelf
|-enditem|p1a: Hatterene|Eject Button
|
|t:|1757917778
|switch|p1a: Pelipper|Pelipper, M|100/100
|-weather|RainDance|[from] ability: Drizzle|[of] p1a: Pelipper
|
|-weather|RainDance|[upkeep]
|upkeep
|
|t:|1757917782
|switch|p2a: Zapdos|Zapdos|100/100
|turn|2
|
|t:|1757917786
|switch|p1a: Iron Treads|Iron Treads|100/100
|move|p2a: Zapdos|Hurricane|p1a: Iron Treads
|-resisted|p1a: Iron Treads
|-damage|p1a: Iron Treads|44/100
|
|-weather|RainDance|[upkeep]
|-heal|p1a: Iron Treads|50/100|[from] item: Leftovers
|upkeep
|turn|3
|
|t:|1757917796
|move|p1a: Iron Treads|Stealth Rock|p2a: Zapdos
|-sidestart|p2: fianso-95|move: Stealth Rock
|move|p2a: Zapdos|Hurricane|p1a: Iron Treads
|-resisted|p1a: Iron Treads
|-damage|p1a: Iron Treads|0 fnt
|faint|p1a: Iron Treads
|-end|p1a: Iron Treads|Quark Drive|[silent]
|
|-weather|RainDance|[upkeep]
|upkeep
|
|t:|1757917801
|switch|p1a: Barraskewda|Barraskewda, M|100/100
|turn|4
|
|t:|1757917806
|switch|p2a: Volcanion|Volcanion|100/100
|-damage|p2a: Volcanion|76/100|[from] Stealth Rock
|move|p1a: Barraskewda|Flip Turn|p2a: Volcanion
|-heal|p2a: Volcanion|100/100|[from] ability: Water Absorb|[of] p1a: Barraskewda
|
|-weather|RainDance|[upkeep]
|upkeep
|turn|5
|
|t:|1757917810
|switch|p1a: Hatterene|Hatterene, F|11/100
|move|p2a: Volcanion|Sludge Bomb|p1a: Hatterene
|-supereffective|p1a: Hatterene
|-damage|p1a: Hatterene|0 fnt
|faint|p1a: Hatterene
|
|-weather|RainDance|[upkeep]
|upkeep
|
|t:|1757917815
|switch|p1a: Toxicroak|Toxicroak, F|100/100
|turn|6
|
|t:|1757917820
|switch|p2a: Landorus|Landorus-Therian, M|100/100
|-damage|p2a: Landorus|88/100|[from] Stealth Rock
|-ability|p2a: Landorus|Intimidate|boost
|-unboost|p1a: Toxicroak|atk|1
|move|p1a: Toxicroak|Drain Punch|p2a: Landorus
|-resisted|p2a: Landorus
|-damage|p2a: Landorus|78/100
|
|-weather|RainDance|[upkeep]
|upkeep
|turn|7
|
|t:|1757917826
|switch|p1a: Barraskewda|Barraskewda, M|100/100
|move|p2a: Landorus|U-turn|p1a: Barraskewda
|-damage|p1a: Barraskewda|45/100
|
|t:|1757917832
|switch|p2a: Volcanion|Volcanion|100/100|[from] U-turn
|-damage|p2a: Volcanion|76/100|[from] Stealth Rock
|
|-weather|RainDance|[upkeep]
|upkeep
|turn|8
|
|t:|1757917836
|move|p1a: Barraskewda|Close Combat|p2a: Volcanion
|-damage|p2a: Volcanion|17/100
|-unboost|p1a: Barraskewda|def|1
|-unboost|p1a: Barraskewda|spd|1
|move|p2a: Volcanion|Scorching Sands|p1a: Barraskewda
|-crit|p1a: Barraskewda
|-damage|p1a: Barraskewda|0 fnt
|faint|p1a: Barraskewda
|
|-weather|none
|upkeep
|
|t:|1757917844
|switch|p1a: Pelipper|Pelipper, M|100/100
|-weather|RainDance|[from] ability: Drizzle|[of] p1a: Pelipper
|turn|9
|
|t:|1757917853
|switch|p2a: Weavile|Weavile, F|100/100
|-damage|p2a: Weavile|76/100|[from] Stealth Rock
|-ability|p2a: Weavile|Pressure
|move|p1a: Pelipper|Hurricane|p2a: Weavile
|-damage|p2a: Weavile|23/100
|
|-weather|RainDance|[upkeep]
|upkeep
|turn|10
|
|t:|1757917864
|switch|p1a: Toxicroak|Toxicroak, F|100/100
|move|p2a: Weavile|Knock Off|p1a: Toxicroak
|-resisted|p1a: Toxicroak
|-damage|p1a: Toxicroak|70/100
|-damage|p2a: Weavile|7/100|[from] item: Rocky Helmet|[of] p1a: Toxicroak
|-enditem|p1a: Toxicroak|Rocky Helmet|[from] move: Knock Off|[of] p2a: Weavile
|
|-weather|RainDance|[upkeep]
|-heal|p1a: Toxicroak|83/100|[from] ability: Dry Skin
|upkeep
|turn|11
|
|t:|1757917870
|move|p2a: Weavile|Ice Shard|p1a: Toxicroak
|-crit|p1a: Toxicroak
|-damage|p1a: Toxicroak|44/100
|move|p1a: Toxicroak|Knock Off|p2a: Weavile
|-resisted|p2a: Weavile
|-damage|p2a: Weavile|0 fnt
|-enditem|p2a: Weavile|Focus Sash|[from] move: Knock Off|[of] p1a: Toxicroak
|faint|p2a: Weavile
|
|-weather|RainDance|[upkeep]
|-heal|p1a: Toxicroak|56/100|[from] ability: Dry Skin
|upkeep
|
|t:|1757917874
|switch|p2a: Zapdos|Zapdos|100/100
|-damage|p2a: Zapdos|76/100|[from] Stealth Rock
|turn|12
|
|t:|1757917877
|move|p2a: Zapdos|Discharge|p1a: Toxicroak
|-damage|p1a: Toxicroak|2/100
|move|p1a: Toxicroak|Toxic|p2a: Zapdos
|-status|p2a: Zapdos|tox
|
|-weather|RainDance|[upkeep]
|-heal|p1a: Toxicroak|14/100|[from] ability: Dry Skin
|-damage|p2a: Zapdos|69/100 tox|[from] psn
|upkeep
|turn|13
|
|t:|1757917884
|move|p2a: Zapdos|Discharge|p1a: Toxicroak
|-damage|p1a: Toxicroak|0 fnt
|faint|p1a: Toxicroak
|
|-weather|RainDance|[upkeep]
|-damage|p2a: Zapdos|57/100 tox|[from] psn
|upkeep
|
|t:|1757917893
|switch|p1a: Talonflame|Talonflame, F|100/100
|turn|14
|
|t:|1757917895
|-terastallize|p1a: Talonflame|Flying
|move|p1a: Talonflame|Hurricane|p2a: Zapdos
|-resisted|p2a: Zapdos
|-damage|p2a: Zapdos|7/100 tox
|-start|p2a: Zapdos|confusion
|-activate|p2a: Zapdos|confusion
|move|p2a: Zapdos|Discharge|p1a: Talonflame
|-supereffective|p1a: Talonflame
|-damage|p1a: Talonflame|0 fnt
|faint|p1a: Talonflame
|
|-weather|RainDance|[upkeep]
|-damage|p2a: Zapdos|0 fnt|[from] psn
|faint|p2a: Zapdos
|upkeep
|
|t:|1757917906
|switch|p1a: Pelipper|Pelipper, M|100/100
|switch|p2a: Dragonite|Dragonite, M|100/100
|-damage|p2a: Dragonite|76/100|[from] Stealth Rock
|turn|15
|
|t:|1757917908
|move|p2a: Dragonite|Dragon Claw|p1a: Pelipper
|-damage|p1a: Pelipper|66/100
|move|p1a: Pelipper|Hurricane|p2a: Dragonite
|-damage|p2a: Dragonite|34/100
|
|-weather|RainDance|[upkeep]
|upkeep
|turn|16
|
|t:|1757917916
|move|p2a: Dragonite|Dragon Claw|p1a: Pelipper
|-damage|p1a: Pelipper|33/100
|move|p1a: Pelipper|Roost|p1a: Pelipper
|-heal|p1a: Pelipper|83/100
|-singleturn|p1a: Pelipper|move: Roost
|
|-weather|none
|upkeep
|turn|17
|
|t:|1757917924
|move|p2a: Dragonite|Dragon Claw|p1a: Pelipper
|-damage|p1a: Pelipper|48/100
|move|p1a: Pelipper|Hurricane|p2a: Dragonite|[miss]
|-miss|p1a: Pelipper|p2a: Dragonite
|
|upkeep
|turn|18
|
|t:|1757917927
|move|p2a: Dragonite|Dragon Claw|p1a: Pelipper
|-damage|p1a: Pelipper|15/100
|move|p1a: Pelipper|Roost|p1a: Pelipper
|-heal|p1a: Pelipper|66/100
|-singleturn|p1a: Pelipper|move: Roost
|
|upkeep
|turn|19
|
|t:|1757917929
|move|p2a: Dragonite|Dragon Claw|p1a: Pelipper
|-damage|p1a: Pelipper|33/100
|move|p1a: Pelipper|Roost|p1a: Pelipper
|-heal|p1a: Pelipper|83/100
|-singleturn|p1a: Pelipper|move: Roost
|
|upkeep
|turn|20
|
|t:|1757917931
|move|p2a: Dragonite|Dragon Claw|p1a: Pelipper
|-damage|p1a: Pelipper|50/100
|move|p1a: Pelipper|Hurricane|p2a: Dragonite|[miss]
|-miss|p1a: Pelipper|p2a: Dragonite
|
|upkeep
|turn|21
|
|t:|1757917933
|move|p2a: Dragonite|Dragon Claw|p1a: Pelipper
|-damage|p1a: Pelipper|17/100
|move|p1a: Pelipper|Roost|p1a: Pelipper
|-heal|p1a: Pelipper|67/100
|-singleturn|p1a: Pelipper|move: Roost
|
|upkeep
|turn|22
|
|t:|1757917936
|move|p2a: Dragonite|Dragon Claw|p1a: Pelipper
|-damage|p1a: Pelipper|32/100
|move|p1a: Pelipper|Roost|p1a: Pelipper
|-heal|p1a: Pelipper|82/100
|-singleturn|p1a: Pelipper|move: Roost
|
|upkeep
|turn|23
|
|t:|1757917937
|move|p2a: Dragonite|Dragon Claw|p1a: Pelipper
|-damage|p1a: Pelipper|47/100
|move|p1a: Pelipper|Hurricane|p2a: Dragonite
|-damage|p2a: Dragonite|0 fnt
|faint|p2a: Dragonite
|
|upkeep
|
|t:|1757917941
|switch|p2a: Landorus|Landorus-Therian, M|78/100
|-damage|p2a: Landorus|66/100|[from] Stealth Rock
|-ability|p2a: Landorus|Intimidate|boost
|-unboost|p1a: Pelipper|atk|1
|turn|24
|
|t:|1757917946
|move|p2a: Landorus|Rock Slide|p1a: Pelipper
|-supereffective|p1a: Pelipper
|-damage|p1a: Pelipper|3/100
|move|p1a: Pelipper|Roost|p1a: Pelipper
|-heal|p1a: Pelipper|53/100
|-singleturn|p1a: Pelipper|move: Roost
|
|upkeep
|turn|25
|
|t:|1757917949
|move|p2a: Landorus|Rock Slide|p1a: Pelipper
|-supereffective|p1a: Pelipper
|-damage|p1a: Pelipper|8/100
|cant|p1a: Pelipper|flinch
|
|upkeep
|turn|26
|
|t:|1757917952
|move|p2a: Landorus|Rock Slide|p1a: Pelipper
|-supereffective|p1a: Pelipper
|-damage|p1a: Pelipper|0 fnt
|faint|p1a: Pelipper
|
|win|fianso-95
|raw|OminousGengar's rating: 1302 &rarr; <strong>1285</strong><br />(-17 for losing)
|raw|fianso-95's rating: 1363 &rarr; <strong>1380</strong><br />(+17 for winning)
|l|☆fianso-95
|player|p2|
|l|☆OminousGengar
|player|p1|
