|j|☆heatedrhombus
|j|☆A1Randy
|t:|1757901704
|gametype|singles
|player|p1|heatedrhombus|2|1512
|player|p2|A1Randy|burglar|1561
|gen|9
|tier|[Gen 9] OU
|rated|
|rule|HP Percentage Mod: HP is shown in percentages
|rule|Endless Battle Clause: Forcing endless battles is banned
|rule|Species Clause: Limit one of each Pokémon
|rule|OHKO Clause: OHKO moves are banned
|rule|Evasion Items Clause: Evasion items are banned
|rule|Evasion Moves Clause: Evasion moves are banned
|rule|Evasion Abilities Clause: Evasion abilities are banned
|rule|Sleep Moves Clause: Sleep-inducing moves are banned
|clearpoke
|poke|p1|Entei|
|poke|p1|Kyurem|
|poke|p1|Gholdengo|
|poke|p1|Zapdos|
|poke|p1|Chandelure, F|
|poke|p1|Great Tusk|
|poke|p2|Iron Crown|
|poke|p2|Kyurem|
|poke|p2|Dragonite, M|
|poke|p2|Kingambit, F|
|poke|p2|Iron Valiant|
|poke|p2|Hoopa-Unbound|
|teampreview
|inactive|Battle timer is ON: inactive players will automatically lose when time's up. (requested by heatedrhombus)
|
|t:|1757901733
|teamsize|p1|6
|teamsize|p2|6
|start
|switch|p1a: Gholdengo|Gholdengo|100/100
|switch|p2a: Hoopa|Hoopa-Unbound|100/100
|turn|1
|
|t:|1757901737
|switch|p1a: Great Tusk|Great Tusk|100/100
|move|p2a: Hoopa|Dark Pulse|p1a: Great Tusk
|-resisted|p1a: Great Tusk
|-damage|p1a: Great Tusk|68/100
|
|upkeep
|turn|2
|
|t:|1757901750
|switch|p2a: Iron Crown|Iron Crown|100/100
|move|p1a: Great Tusk|Stealth Rock|p2a: Iron Crown
|-sidestart|p2: A1Randy|move: Stealth Rock
|
|upkeep
|turn|3
|
|t:|1757901758
|-end|p1a: Great Tusk|Protosynthesis|[silent]
|switch|p1a: Gholdengo|Gholdengo|100/100
|move|p2a: Iron Crown|Psychic|p1a: Gholdengo
|-resisted|p1a: Gholdengo
|-damage|p1a: Gholdengo|70/100
|
|upkeep
|turn|4
|
|t:|1757901762
|-end|p2a: Iron Crown|Quark Drive|[silent]
|switch|p2a: Hoopa|Hoopa-Unbound|100/100
|-damage|p2a: Hoopa|88/100|[from] Stealth Rock
|move|p1a: Gholdengo|Shadow Ball|p2a: Hoopa
|-damage|p2a: Hoopa|50/100
|
|upkeep
|turn|5
|
|t:|1757901779
|switch|p1a: Great Tusk|Great Tusk|68/100
|-terastallize|p2a: Hoopa|Water
|move|p2a: Hoopa|Tera Blast|p1a: Great Tusk|[anim] Tera Blast Water
|-supereffective|p1a: Great Tusk
|-damage|p1a: Great Tusk|0 fnt
|faint|p1a: Great Tusk
|-end|p1a: Great Tusk|Protosynthesis|[silent]
|
|upkeep
|
|t:|1757901784
|switch|p1a: Kyurem|Kyurem|100/100
|-ability|p1a: Kyurem|Pressure
|turn|6
|
|t:|1757901787
|switch|p2a: Iron Crown|Iron Crown|100/100
|-damage|p2a: Iron Crown|94/100|[from] Stealth Rock
|move|p1a: Kyurem|Substitute|p1a: Kyurem
|-start|p1a: Kyurem|Substitute
|-damage|p1a: Kyurem|76/100
|
|-heal|p1a: Kyurem|82/100|[from] item: Leftovers
|upkeep
|turn|7
|
|t:|1757901791
|move|p2a: Iron Crown|Tachyon Cutter|p1a: Kyurem
|-supereffective|p1a: Kyurem
|-end|p1a: Kyurem|Substitute
|-supereffective|p1a: Kyurem
|-damage|p1a: Kyurem|29/100
|-hitcount|p1a: Kyurem|2
|move|p1a: Kyurem|Earth Power|p2a: Iron Crown
|-supereffective|p2a: Iron Crown
|-damage|p2a: Iron Crown|36/100
|
|-heal|p1a: Kyurem|35/100|[from] item: Leftovers
|upkeep
|turn|8
|
|t:|1757901795
|switch|p1a: Gholdengo|Gholdengo|70/100
|move|p2a: Iron Crown|Tachyon Cutter|p1a: Gholdengo
|-resisted|p1a: Gholdengo
|-damage|p1a: Gholdengo|54/100
|-resisted|p1a: Gholdengo
|-damage|p1a: Gholdengo|40/100
|-hitcount|p1a: Gholdengo|2
|
|upkeep
|turn|9
|
|t:|1757901803
|move|p2a: Iron Crown|Tachyon Cutter|p1a: Gholdengo
|-resisted|p1a: Gholdengo
|-damage|p1a: Gholdengo|24/100
|-resisted|p1a: Gholdengo
|-damage|p1a: Gholdengo|7/100
|-hitcount|p1a: Gholdengo|2
|move|p1a: Gholdengo|Shadow Ball|p2a: Iron Crown
|-supereffective|p2a: Iron Crown
|-damage|p2a: Iron Crown|0 fnt
|faint|p2a: Iron Crown
|-end|p2a: Iron Crown|Quark Drive|[silent]
|
|upkeep
|
|t:|1757901807
|switch|p2a: Hoopa|Hoopa-Unbound, tera:Water|50/100
|-damage|p2a: Hoopa|38/100|[from] Stealth Rock
|turn|10
|
|t:|1757901818
|move|p1a: Gholdengo|Shadow Ball|p2a: Hoopa
|-damage|p2a: Hoopa|0 fnt
|faint|p2a: Hoopa
|
|upkeep
|
|t:|1757901828
|switch|p2a: Kingambit|Kingambit, F|100/100
|-damage|p2a: Kingambit|94/100|[from] Stealth Rock
|-activate|p2a: Kingambit|ability: Supreme Overlord
|-start|p2a: Kingambit|fallen2|[silent]
|turn|11
|
|t:|1757901831
|switch|p1a: Zapdos|Zapdos|100/100
|-ability|p1a: Zapdos|Pressure
|move|p2a: Kingambit|Kowtow Cleave|p1a: Zapdos
|-damage|p1a: Zapdos|58/100
|
|upkeep
|turn|12
|
|t:|1757901836
|-end|p2a: Kingambit|fallen2|[silent]
|switch|p2a: Kyurem|Kyurem|100/100
|-damage|p2a: Kyurem|75/100|[from] Stealth Rock
|-ability|p2a: Kyurem|Pressure
|move|p1a: Zapdos|Thunder Wave|p2a: Kyurem
|-status|p2a: Kyurem|par
|
|upkeep
|turn|13
|
|t:|1757901843
|move|p1a: Zapdos|Volt Switch|p2a: Kyurem
|-resisted|p2a: Kyurem
|-damage|p2a: Kyurem|61/100 par
|
|t:|1757901847
|switch|p1a: Kyurem|Kyurem|35/100|[from] Volt Switch
|-ability|p1a: Kyurem|Pressure
|move|p2a: Kyurem|Icicle Spear|p1a: Kyurem
|-damage|p1a: Kyurem|21/100
|-damage|p1a: Kyurem|8/100
|-damage|p1a: Kyurem|0 fnt
|faint|p1a: Kyurem
|-hitcount|p1: Kyurem|3
|
|upkeep
|
|t:|1757901848
|switch|p1a: Chandelure|Chandelure, F|100/100
|turn|14
|
|t:|1757901863
|move|p1a: Chandelure|Flamethrower|p2a: Kyurem
|-damage|p2a: Kyurem|16/100 par
|cant|p2a: Kyurem|par
|
|upkeep
|turn|15
|
|t:|1757901870
|move|p1a: Chandelure|Flamethrower|p2a: Kyurem
|-damage|p2a: Kyurem|0 fnt
|faint|p2a: Kyurem
|
|upkeep
|
|t:|1757901880
|switch|p2a: Dragonite|Dragonite, M|100/100
|-damage|p2a: Dragonite|75/100|[from] Stealth Rock
|turn|16
|
|t:|1757901884
|switch|p1a: Gholdengo|Gholdengo|7/100
|move|p2a: Dragonite|Scale Shot|p1a: Gholdengo
|-resisted|p1a: Gholdengo
|-damage|p1a: Gholdengo|0 fnt
|faint|p1a: Gholdengo
|-hitcount|p1: Gholdengo|1
|-unboost|p2a: Dragonite|def|1
|-boost|p2a: Dragonite|spe|1
|
|upkeep
|
|t:|1757901891
|switch|p1a: Chandelure|Chandelure, F|100/100
|turn|17
|
|t:|1757901893
|-terastallize|p1a: Chandelure|Ice
|move|p1a: Chandelure|Tera Blast|p2a: Dragonite|[anim] Tera Blast Ice
|-supereffective|p2a: Dragonite
|-damage|p2a: Dragonite|0 fnt
|faint|p2a: Dragonite
|
|upkeep
|
|t:|1757901898
|switch|p2a: Kingambit|Kingambit, F|94/100
|-damage|p2a: Kingambit|88/100|[from] Stealth Rock
|-activate|p2a: Kingambit|ability: Supreme Overlord
|-start|p2a: Kingambit|fallen4|[silent]
|turn|18
|
|t:|1757901901
|switch|p1a: Zapdos|Zapdos|58/100
|-ability|p1a: Zapdos|Pressure
|move|p2a: Kingambit|Kowtow Cleave|p1a: Zapdos
|-damage|p1a: Zapdos|0 fnt
|faint|p1a: Zapdos
|
|upkeep
|
|t:|1757901903
|switch|p1a: Entei|Entei|100/100
|-ability|p1a: Entei|Pressure
|turn|19
|
|t:|1757901921
|move|p2a: Kingambit|Sucker Punch|p1a: Entei
|-damage|p1a: Entei|53/100
|move|p1a: Entei|Lava Plume|p2a: Kingambit
|-supereffective|p2a: Kingambit
|-damage|p2a: Kingambit|35/100
|
|-heal|p1a: Entei|59/100|[from] item: Leftovers
|upkeep
|turn|20
|
|t:|1757901926
|move|p1a: Entei|Substitute|p1a: Entei
|-start|p1a: Entei|Substitute
|-damage|p1a: Entei|34/100
|move|p2a: Kingambit|Kowtow Cleave|p1a: Entei
|-end|p1a: Entei|Substitute
|
|-heal|p1a: Entei|40/100|[from] item: Leftovers
|upkeep
|turn|21
|
|t:|1757901928
|move|p1a: Entei|Substitute|p1a: Entei
|-start|p1a: Entei|Substitute
|-damage|p1a: Entei|15/100
|move|p2a: Kingambit|Kowtow Cleave|p1a: Entei
|-end|p1a: Entei|Substitute
|
|-heal|p1a: Entei|21/100|[from] item: Leftovers
|upkeep
|turn|22
|
|t:|1757901931
|move|p2a: Kingambit|Sucker Punch|p1a: Entei
|-damage|p1a: Entei|0 fnt
|faint|p1a: Entei
|
|upkeep
|
|t:|1757901933
|switch|p1a: Chandelure|Chandelure, F, tera:Ice|100/100
|turn|23
|
|t:|1757901935
|move|p2a: Kingambit|Sucker Punch|p1a: Chandelure
|-damage|p1a: Chandelure|16/100
|move|p1a: Chandelure|Flamethrower|p2a: Kingambit
|-supereffective|p2a: Kingambit
|-damage|p2a: Kingambit|0 fnt
|faint|p2a: Kingambit
|-end|p2a: Kingambit|fallen4|[silent]
|
|upkeep
|
|t:|1757901937
|switch|p2a: Iron Valiant|Iron Valiant, shiny|100/100
|-damage|p2a: Iron Valiant|94/100|[from] Stealth Rock
|turn|24
|
|t:|1757901939
|move|p2a: Iron Valiant|Vacuum Wave|p1a: Chandelure
|-supereffective|p1a: Chandelure
|-damage|p1a: Chandelure|0 fnt
|faint|p1a: Chandelure
|-damage|p2a: Iron Valiant|85/100|[from] item: Life Orb
|
|win|A1Randy
|raw|heatedrhombus's rating: 1512 &rarr; <strong>1495</strong><br />(-17 for losing)
|raw|A1Randy's rating: 1561 &rarr; <strong>1578</strong><br />(+17 for winning)
|l|☆heatedrhombus
|player|p1|
|l|☆A1Randy
|player|p2|
