|j|☆are you jesus?
|j|☆Vaismele234941
|t:|1757904021
|gametype|singles
|player|p1|are you jesus?|grimsley|1064
|player|p2|Vaismele234941|102|1073
|gen|9
|tier|[Gen 9] OU
|rated|
|rule|HP Percentage Mod: HP is shown in percentages
|rule|Endless Battle Clause: Forcing endless battles is banned
|rule|Species Clause: Limit one of each Pokémon
|rule|OHKO Clause: OHKO moves are banned
|rule|Evasion Items Clause: Evasion items are banned
|rule|Evasion Moves Clause: Evasion moves are banned
|rule|Evasion Abilities Clause: Evasion abilities are banned
|rule|Sleep Moves Clause: Sleep-inducing moves are banned
|clearpoke
|poke|p1|Donphan, F|
|poke|p1|Slowking, F|
|poke|p1|Thundurus-Therian, M|
|poke|p1|Terrakion|
|poke|p1|Lokix, F|
|poke|p1|Chandelure, M|
|poke|p2|Luxray, M|
|poke|p2|Iron Moth|
|poke|p2|Tsareena, F|
|poke|p2|Kingdra, M|
|poke|p2|Scream Tail|
|poke|p2|Orthworm, F|
|teampreview
|c|☆are you jesus?|hi
|
|t:|1757904041
|teamsize|p1|6
|teamsize|p2|6
|start
|switch|p1a: Lokix|Lokix, F|100/100
|switch|p2a: Orthworm|Orthworm, F|100/100
|turn|1
|inactive|Battle timer is ON: inactive players will automatically lose when time's up. (requested by Vaismele234941)
|
|t:|1757904053
|move|p1a: Lokix|U-turn|p2a: Orthworm
|-resisted|p2a: Orthworm
|-damage|p2a: Orthworm|73/100
|-damage|p1a: Lokix|91/100|[from] item: Life Orb
|
|t:|1757904058
|switch|p1a: Chandelure|Chandelure, M|100/100|[from] U-turn
|move|p2a: Orthworm|Body Press|p1a: Chandelure
|-immune|p1a: Chandelure
|
|-heal|p2a: Orthworm|79/100|[from] item: Leftovers
|upkeep
|turn|2
|
|t:|1757904070
|-terastallize|p2a: Orthworm|Water
|move|p1a: Chandelure|Flamethrower|p2a: Orthworm
|-resisted|p2a: Orthworm
|-damage|p2a: Orthworm|39/100
|-status|p2a: Orthworm|brn
|move|p2a: Orthworm|Tera Blast|p1a: Chandelure|[anim] Tera Blast Water
|-supereffective|p1a: Chandelure
|-damage|p1a: Chandelure|54/100
|
|-heal|p2a: Orthworm|45/100 brn|[from] item: Leftovers
|-damage|p2a: Orthworm|39/100 brn|[from] brn
|upkeep
|turn|3
|
|t:|1757904081
|switch|p1a: Thundurus|Thundurus-Therian, M|100/100
|move|p2a: Orthworm|Stealth Rock|p1a: Thundurus
|-sidestart|p1: are you jesus?|move: Stealth Rock
|
|-heal|p2a: Orthworm|45/100 brn|[from] item: Leftovers
|-damage|p2a: Orthworm|39/100 brn|[from] brn
|upkeep
|turn|4
|
|t:|1757904090
|move|p1a: Thundurus|Sludge Wave|p2a: Orthworm
|-damage|p2a: Orthworm|0 fnt
|faint|p2a: Orthworm
|
|upkeep
|
|t:|1757904100
|switch|p2a: Scream Tail|Scream Tail|100/100
|turn|5
|
|t:|1757904106
|move|p2a: Scream Tail|Dazzling Gleam|p1a: Thundurus
|-damage|p1a: Thundurus|74/100
|move|p1a: Thundurus|Taunt|p2a: Scream Tail
|-start|p2a: Scream Tail|move: Taunt
|
|upkeep
|turn|6
|
|t:|1757904111
|move|p2a: Scream Tail|Dazzling Gleam|p1a: Thundurus
|-damage|p1a: Thundurus|45/100
|move|p1a: Thundurus|Sludge Wave|p2a: Scream Tail
|-supereffective|p2a: Scream Tail
|-damage|p2a: Scream Tail|54/100
|
|-heal|p2a: Scream Tail|60/100|[from] item: Leftovers
|upkeep
|turn|7
|
|t:|1757904121
|switch|p1a: Chandelure|Chandelure, M|54/100
|-damage|p1a: Chandelure|29/100|[from] Stealth Rock
|move|p2a: Scream Tail|Dazzling Gleam|p1a: Chandelure
|-resisted|p1a: Chandelure
|-damage|p1a: Chandelure|15/100
|
|-heal|p2a: Scream Tail|66/100|[from] item: Leftovers
|upkeep
|turn|8
|
|t:|1757904129
|move|p1a: Chandelure|Shadow Ball|p2a: Scream Tail
|-supereffective|p2a: Scream Tail
|-damage|p2a: Scream Tail|2/100
|move|p2a: Scream Tail|Dazzling Gleam|p1a: Chandelure
|-resisted|p1a: Chandelure
|-damage|p1a: Chandelure|1/100
|
|-heal|p2a: Scream Tail|9/100|[from] item: Leftovers
|-end|p2a: Scream Tail|move: Taunt
|upkeep
|turn|9
|
|t:|1757904147
|move|p1a: Chandelure|Shadow Ball|p2a: Scream Tail
|-supereffective|p2a: Scream Tail
|-crit|p2a: Scream Tail
|-damage|p2a: Scream Tail|0 fnt
|faint|p2a: Scream Tail
|-end|p2a: Scream Tail|Protosynthesis|[silent]
|
|upkeep
|inactive|Vaismele234941 has 120 seconds left.
|
|t:|1757904170
|switch|p2a: Luxray|Luxray, M|100/100
|turn|10
|
|t:|1757904173
|move|p1a: Chandelure|Shadow Ball|p2a: Luxray
|-damage|p2a: Luxray|39/100
|-unboost|p2a: Luxray|spd|1
|move|p2a: Luxray|Trailblaze|p1a: Chandelure
|-resisted|p1a: Chandelure
|-damage|p1a: Chandelure|0 fnt
|-boost|p2a: Luxray|spe|1
|faint|p1a: Chandelure
|
|-status|p2a: Luxray|brn|[from] item: Flame Orb
|upkeep
|
|t:|1757904178
|switch|p1a: Donphan|Donphan, F|100/100
|-damage|p1a: Donphan|94/100|[from] Stealth Rock
|turn|11
|
|t:|1757904191
|move|p2a: Luxray|Facade|p1a: Donphan
|-damage|p1a: Donphan|56/100
|-damage|p2a: Luxray|23/100 brn|[from] item: Rocky Helmet|[of] p1a: Donphan
|move|p1a: Donphan|Rapid Spin|p2a: Luxray
|-damage|p2a: Luxray|6/100 brn
|-boost|p1a: Donphan|spe|1
|-sideend|p1: are you jesus?|Stealth Rock|[from] move: Rapid Spin|[of] p1a: Donphan
|
|-damage|p2a: Luxray|0 fnt|[from] brn
|faint|p2a: Luxray
|upkeep
|
|t:|1757904200
|switch|p2a: Tsareena|Tsareena, F|100/100
|turn|12
|
|t:|1757904204
|move|p1a: Donphan|Knock Off|p2a: Tsareena
|-damage|p2a: Tsareena|73/100
|-enditem|p2a: Tsareena|Assault Vest|[from] move: Knock Off|[of] p1a: Donphan
|move|p2a: Tsareena|Trop Kick|p1a: Donphan
|-supereffective|p1a: Donphan
|-damage|p1a: Donphan|12/100
|-unboost|p1a: Donphan|atk|1
|-damage|p2a: Tsareena|56/100|[from] item: Rocky Helmet|[of] p1a: Donphan
|
|upkeep
|turn|13
|
|t:|1757904214
|move|p1a: Donphan|Stealth Rock|p2a: Tsareena
|-sidestart|p2: Vaismele234941|move: Stealth Rock
|move|p2a: Tsareena|Trop Kick|p1a: Donphan
|-supereffective|p1a: Donphan
|-damage|p1a: Donphan|0 fnt
|-damage|p2a: Tsareena|39/100|[from] item: Rocky Helmet|[of] p1a: Donphan
|faint|p1a: Donphan
|
|upkeep
|
|t:|1757904219
|switch|p1a: Thundurus|Thundurus-Therian, M|45/100
|turn|14
|
|t:|1757904222
|move|p1a: Thundurus|Sludge Wave|p2a: Tsareena
|-supereffective|p2a: Tsareena
|-damage|p2a: Tsareena|0 fnt
|faint|p2a: Tsareena
|
|upkeep
|
|t:|1757904227
|switch|p2a: Iron Moth|Iron Moth|100/100
|-damage|p2a: Iron Moth|76/100|[from] Stealth Rock
|-enditem|p2a: Iron Moth|Booster Energy
|-activate|p2a: Iron Moth|ability: Quark Drive|[fromitem]
|-start|p2a: Iron Moth|quarkdrivespe
|turn|15
|
|t:|1757904233
|move|p2a: Iron Moth|Fiery Dance|p1a: Thundurus
|-damage|p1a: Thundurus|0 fnt
|-boost|p2a: Iron Moth|spa|1
|faint|p1a: Thundurus
|
|upkeep
|
|t:|1757904236
|switch|p1a: Terrakion|Terrakion|100/100
|turn|16
|
|t:|1757904242
|-terastallize|p1a: Terrakion|Rock
|move|p2a: Iron Moth|Energy Ball|p1a: Terrakion
|-supereffective|p1a: Terrakion
|-damage|p1a: Terrakion|0 fnt
|faint|p1a: Terrakion
|
|upkeep
|
|t:|1757904248
|switch|p1a: Slowking|Slowking, F|100/100
|turn|17
|c|☆are you jesus?|:(
|
|t:|1757904254
|move|p2a: Iron Moth|Energy Ball|p1a: Slowking
|-supereffective|p1a: Slowking
|-crit|p1a: Slowking
|-damage|p1a: Slowking|16/100
|move|p1a: Slowking|Scald|p2a: Iron Moth
|-supereffective|p2a: Iron Moth
|-damage|p2a: Iron Moth|20/100
|
|-heal|p1a: Slowking|22/100|[from] item: Leftovers
|upkeep
|turn|18
|
|t:|1757904264
|move|p2a: Iron Moth|Energy Ball|p1a: Slowking
|-supereffective|p1a: Slowking
|-damage|p1a: Slowking|0 fnt
|faint|p1a: Slowking
|
|upkeep
|
|t:|1757904266
|switch|p1a: Lokix|Lokix, F|91/100
|turn|19
|
|t:|1757904271
|move|p1a: Lokix|First Impression|p2a: Iron Moth
|-resisted|p2a: Iron Moth
|-damage|p2a: Iron Moth|0 fnt
|faint|p2a: Iron Moth
|-end|p2a: Iron Moth|Quark Drive|[silent]
|-damage|p1a: Lokix|81/100|[from] item: Life Orb
|
|upkeep
|
|t:|1757904276
|switch|p2a: Kingdra|Kingdra, M|100/100
|-damage|p2a: Kingdra|88/100|[from] Stealth Rock
|turn|20
|
|t:|1757904283
|move|p1a: Lokix|Leech Life|p2a: Kingdra
|-damage|p2a: Kingdra|33/100
|-heal|p1a: Lokix|100/100|[from] drain|[of] p2a: Kingdra
|-damage|p1a: Lokix|91/100|[from] item: Life Orb
|move|p2a: Kingdra|Dragon Dance|p2a: Kingdra
|-boost|p2a: Kingdra|atk|1
|-boost|p2a: Kingdra|spe|1
|
|upkeep
|turn|21
|
|t:|1757904297
|move|p2a: Kingdra|Liquidation|p1a: Lokix
|-damage|p1a: Lokix|6/100
|move|p1a: Lokix|Knock Off|p2a: Kingdra
|-damage|p2a: Kingdra|0 fnt
|-enditem|p2a: Kingdra|Scope Lens|[from] move: Knock Off|[of] p1a: Lokix
|faint|p2a: Kingdra
|-damage|p1a: Lokix|0 fnt|[from] item: Life Orb
|faint|p1a: Lokix
|
|win|are you jesus?
|raw|are you jesus?'s rating: 1064 &rarr; <strong>1095</strong><br />(+31 for winning)
|raw|Vaismele234941's rating: 1073 &rarr; <strong>1052</strong><br />(-21 for losing)
|l|☆are you jesus?
|player|p1|
