|j|☆ZroHdog
|j|☆LikeEmerald
|t:|1757845599
|gametype|singles
|player|p1|ZroHdog|wattson|1165
|player|p2|LikeEmerald|102|1111
|gen|9
|tier|[Gen 9] OU
|rated|
|rule|HP Percentage Mod: HP is shown in percentages
|rule|Endless Battle Clause: Forcing endless battles is banned
|rule|Species Clause: Limit one of each Pokémon
|rule|OHKO Clause: OHKO moves are banned
|rule|Evasion Items Clause: Evasion items are banned
|rule|Evasion Moves Clause: Evasion moves are banned
|rule|Evasion Abilities Clause: Evasion abilities are banned
|rule|Sleep Moves Clause: Sleep-inducing moves are banned
|clearpoke
|poke|p1|Chansey, F|
|poke|p1|Cinderace, F|
|poke|p1|Maushold-Four|
|poke|p1|Corviknight, M|
|poke|p1|Dragapult, M|
|poke|p1|Lokix, M|
|poke|p2|Tsareena, F|
|poke|p2|Pachirisu, F|
|poke|p2|Primeape, F|
|poke|p2|Appletun, F|
|poke|p2|Honchkrow, F|
|poke|p2|Corviknight, F|
|teampreview
|inactive|Battle timer is ON: inactive players will automatically lose when time's up. (requested by ZroHdog)
|
|t:|1757845615
|teamsize|p1|6
|teamsize|p2|6
|start
|switch|p1a: Corviknight|Corviknight, M|100/100
|switch|p2a: Primeape|Primeape, F, shiny|100/100
|-ability|p1a: Corviknight|Pressure
|turn|1
|l|☆LikeEmerald
|inactive|LikeEmerald disconnected and has a minute to reconnect!
|player|p2|
|j|☆LikeEmerald
|inactive|LikeEmerald reconnected and has 140 seconds left.
|player|p2|LikeEmerald|102|
|
|t:|1757845634
|move|p2a: Primeape|U-turn|p1a: Corviknight
|-resisted|p1a: Corviknight
|-damage|p1a: Corviknight|97/100
|
|t:|1757845637
|switch|p2a: Corviknight|Corviknight, F, shiny|100/100|[from] U-turn
|move|p1a: Corviknight|Reflect|p1a: Corviknight
|-sidestart|p1: ZroHdog|Reflect
|
|upkeep
|turn|2
|
|t:|1757845645
|move|p2a: Corviknight|Agility|p2a: Corviknight
|-boost|p2a: Corviknight|spe|2
|move|p1a: Corviknight|U-turn|p2a: Corviknight
|-resisted|p2a: Corviknight
|-damage|p2a: Corviknight|97/100
|
|t:|1757845652
|switch|p1a: Cinderace|Cinderace, F|100/100|[from] U-turn
|
|-heal|p2a: Corviknight|100/100|[from] item: Leftovers
|upkeep
|turn|3
|
|t:|1757845662
|-terastallize|p2a: Corviknight|Dark
|move|p1a: Cinderace|Pyro Ball|p2a: Corviknight
|-damage|p2a: Corviknight|48/100
|move|p2a: Corviknight|Bulk Up|p2a: Corviknight
|-boost|p2a: Corviknight|atk|1
|-boost|p2a: Corviknight|def|1
|
|-heal|p2a: Corviknight|54/100|[from] item: Leftovers
|upkeep
|turn|4
|
|t:|1757845681
|move|p1a: Cinderace|Pyro Ball|p2a: Corviknight
|-damage|p2a: Corviknight|18/100
|move|p2a: Corviknight|Power Trip|p1a: Cinderace
|-damage|p1a: Cinderace|51/100
|
|-heal|p2a: Corviknight|24/100|[from] item: Leftovers
|upkeep
|turn|5
|
|t:|1757845708
|move|p1a: Cinderace|Pyro Ball|p2a: Corviknight
|-damage|p2a: Corviknight|0 fnt
|faint|p2a: Corviknight
|
|upkeep
|inactive|LikeEmerald has 120 seconds left.
|
|t:|1757845719
|switch|p2a: Pachirisu|Pachirisu, F, shiny|100/100
|turn|6
|
|t:|1757845722
|move|p1a: Cinderace|Pyro Ball|p2a: Pachirisu
|-damage|p2a: Pachirisu|18/100
|move|p2a: Pachirisu|Nuzzle|p1a: Cinderace
|-damage|p1a: Cinderace|48/100
|-status|p1a: Cinderace|par
|
|-heal|p2a: Pachirisu|24/100|[from] item: Leftovers
|upkeep
|turn|7
|
|t:|1757845733
|move|p2a: Pachirisu|Charm|p1a: Cinderace
|-unboost|p1a: Cinderace|atk|2
|move|p1a: Cinderace|Pyro Ball|p2a: Pachirisu
|-damage|p2a: Pachirisu|0 fnt
|faint|p2a: Pachirisu
|
|upkeep
|
|t:|1757845743
|switch|p2a: Honchkrow|Honchkrow, F, shiny|100/100
|turn|8
|
|t:|1757845748
|move|p1a: Cinderace|Pyro Ball|p2a: Honchkrow|[miss]
|-miss|p1a: Cinderace|p2a: Honchkrow
|move|p2a: Honchkrow|Psychic Noise|p1a: Cinderace
|-damage|p1a: Cinderace|14/100 par
|-start|p1a: Cinderace|move: Heal Block
|
|-sideend|p1: ZroHdog|Reflect
|upkeep
|turn|9
|
|t:|1757845758
|move|p2a: Honchkrow|Sucker Punch|p1a: Cinderace
|-damage|p1a: Cinderace|0 fnt
|faint|p1a: Cinderace
|-ability|p2a: Honchkrow|Moxie|boost
|-boost|p2a: Honchkrow|atk|1
|
|upkeep
|
|t:|1757845772
|switch|p1a: Corviknight|Corviknight, M|97/100
|-ability|p1a: Corviknight|Pressure
|turn|10
|
|t:|1757845777
|move|p2a: Honchkrow|Heat Wave|p1a: Corviknight|[miss]
|-miss|p2a: Honchkrow|p1a: Corviknight
|move|p1a: Corviknight|Reflect|p1a: Corviknight
|-sidestart|p1: ZroHdog|Reflect
|
|upkeep
|turn|11
|
|t:|1757845783
|move|p2a: Honchkrow|Heat Wave|p1a: Corviknight|[miss]
|-miss|p2a: Honchkrow|p1a: Corviknight
|move|p1a: Corviknight|U-turn|p2a: Honchkrow
|-damage|p2a: Honchkrow|78/100
|
|t:|1757845790
|switch|p1a: Maushold|Maushold-Four|100/100|[from] U-turn
|
|upkeep
|turn|12
|
|t:|1757845799
|move|p1a: Maushold|Population Bomb|p2a: Honchkrow
|-damage|p2a: Honchkrow|59/100
|-crit|p2a: Honchkrow
|-damage|p2a: Honchkrow|28/100
|-damage|p2a: Honchkrow|9/100
|-damage|p2a: Honchkrow|0 fnt
|faint|p2a: Honchkrow
|-hitcount|p2: Honchkrow|4
|
|upkeep
|
|t:|1757845816
|switch|p2a: Primeape|Primeape, F, shiny|100/100
|turn|13
|
|t:|1757845822
|-terastallize|p1a: Maushold|Ghost
|move|p1a: Maushold|Tidy Up|p1a: Maushold
|-boost|p1a: Maushold|atk|1
|-boost|p1a: Maushold|spe|1
|move|p2a: Primeape|Drain Punch|p1a: Maushold
|-immune|p1a: Maushold
|
|upkeep
|turn|14
|
|t:|1757845831
|move|p1a: Maushold|Population Bomb|p2a: Primeape
|-damage|p2a: Primeape|69/100
|-damage|p2a: Primeape|33/100
|-damage|p2a: Primeape|0 fnt
|faint|p2a: Primeape
|-hitcount|p2: Primeape|3
|
|upkeep
|
|t:|1757845839
|switch|p2a: Appletun|Appletun, F, shiny|100/100
|turn|15
|
|t:|1757845843
|move|p1a: Maushold|Population Bomb|p2a: Appletun
|-damage|p2a: Appletun|83/100
|-hitcount|p2a: Appletun|1
|move|p2a: Appletun|Gyro Ball|p1a: Maushold
|-damage|p1a: Maushold|79/100
|
|upkeep
|turn|16
|
|t:|1757845854
|move|p1a: Maushold|Population Bomb|p2a: Appletun
|-crit|p2a: Appletun
|-damage|p2a: Appletun|55/100
|-crit|p2a: Appletun
|-damage|p2a: Appletun|28/100
|-damage|p2a: Appletun|12/100
|-damage|p2a: Appletun|0 fnt
|faint|p2a: Appletun
|-hitcount|p2: Appletun|4
|
|upkeep
|
|t:|1757845857
|switch|p2a: Tsareena|Tsareena, F, shiny|100/100
|turn|17
|
|t:|1757845866
|move|p1a: Maushold|Population Bomb|p2a: Tsareena
|-crit|p2a: Tsareena
|-damage|p2a: Tsareena|68/100
|-hitcount|p2a: Tsareena|1
|move|p2a: Tsareena|Trop Kick|p1a: Maushold
|-damage|p1a: Maushold|53/100
|-unboost|p1a: Maushold|atk|1
|
|-sideend|p1: ZroHdog|Reflect
|upkeep
|turn|18
|
|t:|1757845876
|move|p1a: Maushold|Population Bomb|p2a: Tsareena
|-damage|p2a: Tsareena|54/100
|-damage|p2a: Tsareena|40/100
|-crit|p2a: Tsareena
|-damage|p2a: Tsareena|16/100
|-damage|p2a: Tsareena|1/100
|-damage|p2a: Tsareena|0 fnt
|faint|p2a: Tsareena
|-hitcount|p2: Tsareena|5
|
|win|ZroHdog
|raw|ZroHdog's rating: 1165 &rarr; <strong>1186</strong><br />(+21 for winning)
|raw|LikeEmerald's rating: 1111 &rarr; <strong>1090</strong><br />(-21 for losing)
|l|☆LikeEmerald
|player|p2|
|l|☆ZroHdog
|player|p1|
