|j|☆yxnghajile
|j|☆cro$$w1n
|t:|1757811143
|gametype|singles
|player|p1|yxnghajile|argenta|1389
|player|p2|cro$$w1n|266|1375
|gen|9
|tier|[Gen 9] OU
|rated|
|rule|HP Percentage Mod: HP is shown in percentages
|rule|Endless Battle Clause: Forcing endless battles is banned
|rule|Species Clause: Limit one of each Pokémon
|rule|OHKO Clause: OHKO moves are banned
|rule|Evasion Items Clause: Evasion items are banned
|rule|Evasion Moves Clause: Evasion moves are banned
|rule|Evasion Abilities Clause: Evasion abilities are banned
|rule|Sleep Moves Clause: Sleep-inducing moves are banned
|clearpoke
|poke|p1|Great Tusk|
|poke|p1|Moltres|
|poke|p1|Raging Bolt|
|poke|p1|Walking Wake|
|poke|p1|Ninetales, F|
|poke|p1|Iron Treads|
|poke|p2|Incineroar, F|
|poke|p2|Blissey, F|
|poke|p2|Garganacl, M|
|poke|p2|Garchomp, M|
|poke|p2|Mimikyu, F|
|poke|p2|Forretress, F|
|teampreview
|inactive|Battle timer is ON: inactive players will automatically lose when time's up. (requested by yxnghajile)
|
|t:|1757811158
|teamsize|p1|6
|teamsize|p2|6
|start
|switch|p1a: Ninetales|Ninetales, F|100/100
|switch|p2a: Sith|Mimikyu, F, shiny|100/100
|-weather|SunnyDay|[from] ability: Drought|[of] p1a: Ninetales
|turn|1
|
|t:|1757811167
|switch|p1a: Moltres|Moltres|100/100
|move|p2a: Sith|Substitute|p2a: Sith
|-start|p2a: Sith|Substitute
|-damage|p2a: Sith|76/100
|
|-weather|SunnyDay|[upkeep]
|-heal|p2a: Sith|82/100|[from] item: Leftovers
|upkeep
|turn|2
|
|t:|1757811177
|move|p2a: Sith|Curse|p1a: Moltres
|-start|p1a: Moltres|Curse|[of] p2a: Sith
|-damage|p2a: Sith|32/100
|move|p1a: Moltres|Flamethrower|p2a: Sith
|-end|p2a: Sith|Substitute
|
|-weather|SunnyDay|[upkeep]
|-heal|p2a: Sith|38/100|[from] item: Leftovers
|-damage|p1a: Moltres|76/100|[from] Curse
|upkeep
|turn|3
|
|t:|1757811189
|move|p2a: Sith|Substitute|p2a: Sith
|-start|p2a: Sith|Substitute
|-damage|p2a: Sith|13/100
|move|p1a: Moltres|U-turn|p2a: Sith
|-resisted|p2a: Sith
|-activate|p2a: Sith|move: Substitute|[damage]
|
|t:|1757811199
|switch|p1a: Iron Treads|Iron Treads|100/100|[from] U-turn
|
|-weather|SunnyDay|[upkeep]
|-heal|p2a: Sith|19/100|[from] item: Leftovers
|upkeep
|turn|4
|
|t:|1757811207
|move|p2a: Sith|Will-O-Wisp|p1a: Iron Treads
|-status|p1a: Iron Treads|brn
|move|p1a: Iron Treads|Knock Off|p2a: Sith
|-activate|p2a: Sith|move: Substitute|[damage]
|
|-weather|SunnyDay|[upkeep]
|-heal|p2a: Sith|25/100|[from] item: Leftovers
|-damage|p1a: Iron Treads|94/100 brn|[from] brn
|upkeep
|turn|5
|
|t:|1757811217
|move|p2a: Sith|Pain Split|p1a: Iron Treads
|-sethp|p1a: Iron Treads|57/100 brn|[from] move: Pain Split|[silent]
|-sethp|p2a: Sith|70/100|[from] move: Pain Split
|move|p1a: Iron Treads|Knock Off|p2a: Sith
|-end|p2a: Sith|Substitute
|
|-weather|SunnyDay|[upkeep]
|-heal|p2a: Sith|76/100|[from] item: Leftovers
|-damage|p1a: Iron Treads|51/100 brn|[from] brn
|upkeep
|turn|6
|
|t:|1757811228
|move|p2a: Sith|Substitute|p2a: Sith
|-start|p2a: Sith|Substitute
|-damage|p2a: Sith|51/100
|move|p1a: Iron Treads|Volt Switch|p2a: Sith
|-activate|p2a: Sith|move: Substitute|[damage]
|
|t:|1757811238
|-end|p1a: Iron Treads|Quark Drive|[silent]
|switch|p1a: Moltres|Moltres|76/100|[from] Volt Switch
|
|-weather|SunnyDay|[upkeep]
|-heal|p2a: Sith|57/100|[from] item: Leftovers
|upkeep
|turn|7
|
|t:|1757811245
|move|p2a: Sith|Curse|p1a: Moltres
|-start|p1a: Moltres|Curse|[of] p2a: Sith
|-damage|p2a: Sith|7/100
|move|p1a: Moltres|Flamethrower|p2a: Sith
|-end|p2a: Sith|Substitute
|
|-weather|SunnyDay|[upkeep]
|-heal|p2a: Sith|13/100|[from] item: Leftovers
|-damage|p1a: Moltres|51/100|[from] Curse
|upkeep
|turn|8
|
|t:|1757811258
|switch|p2a: Ink|Incineroar, F, shiny|100/100
|-ability|p2a: Ink|Intimidate|boost
|-unboost|p1a: Moltres|atk|1
|move|p1a: Moltres|Flamethrower|p2a: Ink
|-resisted|p2a: Ink
|-damage|p2a: Ink|73/100
|
|-weather|none
|-damage|p1a: Moltres|26/100|[from] Curse
|upkeep
|turn|9
|
|t:|1757811269
|switch|p1a: Iron Treads|Iron Treads|51/100 brn
|move|p2a: Ink|Fake Out|p1a: Iron Treads
|-resisted|p1a: Iron Treads
|-damage|p1a: Iron Treads|47/100 brn
|
|-damage|p1a: Iron Treads|41/100 brn|[from] brn
|upkeep
|turn|10
|
|t:|1757811285
|switch|p2a: Turbo|Garchomp, M|100/100
|move|p1a: Iron Treads|Volt Switch|p2a: Turbo
|-immune|p2a: Turbo
|
|-damage|p1a: Iron Treads|35/100 brn|[from] brn
|upkeep
|turn|11
|
|t:|1757811296
|-end|p1a: Iron Treads|Quark Drive|[silent]
|switch|p1a: Walking Wake|Walking Wake|100/100
|move|p2a: Turbo|Stealth Rock|p1a: Walking Wake
|-sidestart|p1: yxnghajile|move: Stealth Rock
|
|upkeep
|turn|12
|
|t:|1757811303
|switch|p2a: bunK|Blissey, F|100/100
|move|p1a: Walking Wake|Draco Meteor|p2a: bunK
|-damage|p2a: bunK|79/100
|-unboost|p1a: Walking Wake|spa|2
|
|-heal|p2a: bunK|86/100|[from] item: Leftovers
|upkeep
|turn|13
|
|t:|1757811314
|move|p1a: Walking Wake|Flip Turn|p2a: bunK
|-damage|p2a: bunK|55/100
|
|t:|1757811317
|-end|p1a: Walking Wake|Protosynthesis|[silent]
|switch|p1a: Great Tusk|Great Tusk|100/100|[from] Flip Turn
|-damage|p1a: Great Tusk|98/100|[from] Stealth Rock
|move|p2a: bunK|Seismic Toss|p1a: Great Tusk
|-damage|p1a: Great Tusk|71/100
|
|-heal|p2a: bunK|61/100|[from] item: Leftovers
|upkeep
|turn|14
|
|t:|1757811328
|switch|p2a: Sith|Mimikyu, F, shiny|13/100
|move|p1a: Great Tusk|Rapid Spin|p2a: Sith
|-immune|p2a: Sith
|
|-heal|p2a: Sith|19/100|[from] item: Leftovers
|upkeep
|turn|15
|
|t:|1757811339
|-terastallize|p1a: Great Tusk|Fire
|move|p2a: Sith|Will-O-Wisp|p1a: Great Tusk
|-immune|p1a: Great Tusk
|move|p1a: Great Tusk|Temper Flare|p2a: Sith
|-activate|p2a: Sith|ability: Disguise
|-damage|p2a: Sith|19/100
|detailschange|p2a: Sith|Mimikyu-Busted, F, shiny
|-damage|p2a: Sith|7/100|[from] pokemon: Mimikyu-Busted
|
|-heal|p2a: Sith|13/100|[from] item: Leftovers
|upkeep
|turn|16
|
|t:|1757811353
|move|p2a: Sith|Curse|p1a: Great Tusk
|-start|p1a: Great Tusk|Curse|[of] p2a: Sith
|-damage|p2a: Sith|0 fnt
|faint|p2a: Sith
|move|p1a: Great Tusk|Headlong Rush|p2: Sith|[notarget]
|-fail|p1a: Great Tusk
|
|-damage|p1a: Great Tusk|46/100|[from] Curse
|upkeep
|
|t:|1757811365
|switch|p2a: Ink|Incineroar, F, shiny|73/100
|-ability|p2a: Ink|Intimidate|boost
|-unboost|p1a: Great Tusk|atk|1
|turn|17
|
|t:|1757811386
|-end|p1a: Great Tusk|Protosynthesis|[silent]
|switch|p1a: Iron Treads|Iron Treads|35/100 brn
|-damage|p1a: Iron Treads|32/100 brn|[from] Stealth Rock
|move|p2a: Ink|Fake Out|p1a: Iron Treads
|-resisted|p1a: Iron Treads
|-damage|p1a: Iron Treads|27/100 brn
|
|-damage|p1a: Iron Treads|21/100 brn|[from] brn
|upkeep
|turn|18
|
|t:|1757811397
|switch|p2a: Larry|Forretress, F|100/100
|move|p1a: Iron Treads|Rapid Spin|p2a: Larry
|-resisted|p2a: Larry
|-damage|p2a: Larry|99/100
|-boost|p1a: Iron Treads|spe|1
|-sideend|p1: yxnghajile|Stealth Rock|[from] move: Rapid Spin|[of] p1a: Iron Treads
|
|-damage|p1a: Iron Treads|15/100 brn|[from] brn
|upkeep
|turn|19
|
|t:|1757811408
|move|p1a: Iron Treads|Knock Off|p2a: Larry
|-crit|p2a: Larry
|-damage|p2a: Larry|89/100
|-enditem|p2a: Larry|Heavy-Duty Boots|[from] move: Knock Off|[of] p1a: Iron Treads
|move|p2a: Larry|Stealth Rock|p1a: Iron Treads
|-sidestart|p1: yxnghajile|move: Stealth Rock
|
|-damage|p1a: Iron Treads|9/100 brn|[from] brn
|upkeep
|turn|20
|
|t:|1757811417
|move|p1a: Iron Treads|Rapid Spin|p2a: Larry
|-resisted|p2a: Larry
|-damage|p2a: Larry|87/100
|-boost|p1a: Iron Treads|spe|1
|-sideend|p1: yxnghajile|Stealth Rock|[from] move: Rapid Spin|[of] p1a: Iron Treads
|move|p2a: Larry|Spikes|p1a: Iron Treads
|-sidestart|p1: yxnghajile|Spikes
|
|-damage|p1a: Iron Treads|3/100 brn|[from] brn
|upkeep
|turn|21
|
|t:|1757811428
|move|p1a: Iron Treads|Rapid Spin|p2a: Larry
|-resisted|p2a: Larry
|-damage|p2a: Larry|85/100
|-boost|p1a: Iron Treads|spe|1
|-sideend|p1: yxnghajile|Spikes|[from] move: Rapid Spin|[of] p1a: Iron Treads
|move|p2a: Larry|Stealth Rock|p1a: Iron Treads
|-sidestart|p1: yxnghajile|move: Stealth Rock
|
|-damage|p1a: Iron Treads|0 fnt|[from] brn
|faint|p1a: Iron Treads
|-end|p1a: Iron Treads|Quark Drive|[silent]
|upkeep
|
|t:|1757811431
|switch|p1a: Moltres|Moltres|26/100
|turn|22
|
|t:|1757811441
|switch|p2a: bunK|Blissey, F|61/100
|move|p1a: Moltres|Roost|p1a: Moltres
|-heal|p1a: Moltres|76/100
|-singleturn|p1a: Moltres|move: Roost
|
|-heal|p2a: bunK|68/100|[from] item: Leftovers
|upkeep
|turn|23
|
|t:|1757811453
|move|p1a: Moltres|U-turn|p2a: bunK
|-damage|p2a: bunK|40/100
|
|t:|1757811460
|switch|p1a: Ninetales|Ninetales, F|100/100|[from] U-turn
|-damage|p1a: Ninetales|76/100|[from] Stealth Rock
|-weather|SunnyDay|[from] ability: Drought|[of] p1a: Ninetales
|move|p2a: bunK|Soft-Boiled|p2a: bunK
|-heal|p2a: bunK|90/100
|
|-weather|SunnyDay|[upkeep]
|-heal|p2a: bunK|96/100|[from] item: Leftovers
|upkeep
|turn|24
|
|t:|1757811472
|switch|p2a: Ink|Incineroar, F, shiny|73/100
|-ability|p2a: Ink|Intimidate|boost
|-unboost|p1a: Ninetales|atk|1
|move|p1a: Ninetales|Healing Wish|p1a: Ninetales
|faint|p1a: Ninetales
|
|-weather|SunnyDay|[upkeep]
|upkeep
|
|t:|1757811476
|switch|p1a: Great Tusk|Great Tusk, tera:Fire|46/100
|-heal|p1a: Great Tusk|100/100|[from] move: Healing Wish
|-damage|p1a: Great Tusk|76/100|[from] Stealth Rock
|-activate|p1a: Great Tusk|ability: Protosynthesis
|-start|p1a: Great Tusk|protosynthesisatk
|turn|25
|
|t:|1757811495
|move|p1a: Great Tusk|Rapid Spin|p2a: Ink
|-damage|p2a: Ink|52/100
|-boost|p1a: Great Tusk|spe|1
|-sideend|p1: yxnghajile|Stealth Rock|[from] move: Rapid Spin|[of] p1a: Great Tusk
|move|p2a: Ink|Knock Off|p1a: Great Tusk
|-damage|p1a: Great Tusk|39/100
|-enditem|p1a: Great Tusk|Assault Vest|[from] move: Knock Off|[of] p2a: Ink
|
|-weather|SunnyDay|[upkeep]
|upkeep
|turn|26
|
|t:|1757811507
|move|p1a: Great Tusk|Headlong Rush|p2a: Ink
|-supereffective|p2a: Ink
|-damage|p2a: Ink|0 fnt
|-unboost|p1a: Great Tusk|def|1
|-unboost|p1a: Great Tusk|spd|1
|faint|p2a: Ink
|
|-weather|SunnyDay|[upkeep]
|upkeep
|
|t:|1757811523
|switch|p2a: Larry|Forretress, F|85/100
|turn|27
|
|t:|1757811529
|move|p1a: Great Tusk|Temper Flare|p2a: Larry
|-supereffective|p2a: Larry
|-damage|p2a: Larry|0 fnt
|faint|p2a: Larry
|
|-weather|SunnyDay|[upkeep]
|upkeep
|
|t:|1757811540
|switch|p2a: Turbo|Garchomp, M|100/100
|turn|28
|
|t:|1757811545
|move|p1a: Great Tusk|Ice Spinner|p2a: Turbo
|-supereffective|p2a: Turbo
|-damage|p2a: Turbo|0 fnt
|-damage|p1a: Great Tusk|27/100|[from] ability: Rough Skin|[of] p2a: Turbo
|-damage|p1a: Great Tusk|10/100|[from] item: Rocky Helmet|[of] p2a: Turbo
|faint|p2a: Turbo
|
|-weather|SunnyDay|[upkeep]
|upkeep
|
|t:|1757811555
|switch|p2a: Fubar|Garganacl, M|100/100
|turn|29
|
|t:|1757811560
|-terastallize|p2a: Fubar|Ghost
|move|p1a: Great Tusk|Headlong Rush|p2a: Fubar
|-damage|p2a: Fubar|49/100
|-unboost|p1a: Great Tusk|def|1
|-unboost|p1a: Great Tusk|spd|1
|move|p2a: Fubar|Salt Cure|p1a: Great Tusk
|-supereffective|p1a: Great Tusk
|-damage|p1a: Great Tusk|0 fnt
|faint|p1a: Great Tusk
|-end|p1a: Great Tusk|Protosynthesis|[silent]
|
|-weather|SunnyDay|[upkeep]
|-heal|p2a: Fubar|55/100|[from] item: Leftovers
|upkeep
|
|t:|1757811564
|switch|p1a: Walking Wake|Walking Wake|100/100
|-activate|p1a: Walking Wake|ability: Protosynthesis
|-start|p1a: Walking Wake|protosynthesisspe
|turn|30
|
|t:|1757811578
|move|p2a: Fubar|Protect|p2a: Fubar
|-singleturn|p2a: Fubar|Protect
|move|p1a: Walking Wake|Hydro Steam|p2a: Fubar
|-activate|p2a: Fubar|move: Protect
|
|-weather|none
|-end|p1a: Walking Wake|Protosynthesis
|-heal|p2a: Fubar|61/100|[from] item: Leftovers
|upkeep
|turn|31
|
|t:|1757811588
|-end|p1a: Walking Wake|Protosynthesis|[silent]
|switch|p1a: Moltres|Moltres|76/100
|switch|p2a: bunK|Blissey, F|96/100
|
|-heal|p2a: bunK|100/100|[from] item: Leftovers
|upkeep
|turn|32
|
|t:|1757811597
|move|p1a: Moltres|Sunny Day|p1a: Moltres
|-weather|SunnyDay
|move|p2a: bunK|Seismic Toss|p1a: Moltres
|-damage|p1a: Moltres|50/100
|-status|p2a: bunK|brn|[from] ability: Flame Body|[of] p1a: Moltres
|
|-weather|SunnyDay|[upkeep]
|-damage|p2a: bunK|94/100 brn|[from] brn
|upkeep
|turn|33
|
|t:|1757811608
|move|p1a: Moltres|Roost|p1a: Moltres
|-heal|p1a: Moltres|99/100
|-singleturn|p1a: Moltres|move: Roost
|move|p2a: bunK|Seismic Toss|p1a: Moltres
|-damage|p1a: Moltres|74/100
|
|-weather|SunnyDay|[upkeep]
|-heal|p2a: bunK|100/100 brn|[from] item: Leftovers
|-damage|p2a: bunK|94/100 brn|[from] brn
|upkeep
|turn|34
|
|t:|1757811619
|move|p1a: Moltres|U-turn|p2a: bunK
|-damage|p2a: bunK|64/100 brn
|
|t:|1757811632
|switch|p1a: Raging Bolt|Raging Bolt|100/100|[from] U-turn
|-activate|p1a: Raging Bolt|ability: Protosynthesis
|-start|p1a: Raging Bolt|protosynthesisspa
|move|p2a: bunK|Seismic Toss|p1a: Raging Bolt
|-damage|p1a: Raging Bolt|75/100
|
|-weather|SunnyDay|[upkeep]
|-heal|p2a: bunK|70/100 brn|[from] item: Leftovers
|-damage|p2a: bunK|64/100 brn|[from] brn
|upkeep
|turn|35
|
|t:|1757811646
|move|p1a: Raging Bolt|Weather Ball|p2a: bunK
|-damage|p2a: bunK|34/100 brn
|-damage|p1a: Raging Bolt|65/100|[from] item: Life Orb
|move|p2a: bunK|Soft-Boiled|p2a: bunK
|-heal|p2a: bunK|84/100 brn
|
|-weather|SunnyDay|[upkeep]
|-heal|p2a: bunK|90/100 brn|[from] item: Leftovers
|-damage|p2a: bunK|84/100 brn|[from] brn
|upkeep
|turn|36
|
|t:|1757811659
|move|p1a: Raging Bolt|Volt Switch|p2a: bunK
|-damage|p2a: bunK|65/100 brn
|-damage|p1a: Raging Bolt|55/100|[from] item: Life Orb
|
|t:|1757811662
|-end|p1a: Raging Bolt|Protosynthesis|[silent]
|switch|p1a: Moltres|Moltres|74/100|[from] Volt Switch
|move|p2a: bunK|Seismic Toss|p1a: Moltres
|-damage|p1a: Moltres|48/100
|
|-weather|none
|-heal|p2a: bunK|71/100 brn|[from] item: Leftovers
|-damage|p2a: bunK|65/100 brn|[from] brn
|upkeep
|turn|37
|
|t:|1757811674
|-curestatus|p2a: bunK|brn|[from] ability: Natural Cure
|switch|p2a: Fubar|Garganacl, M, tera:Ghost|61/100
|move|p1a: Moltres|Sunny Day|p1a: Moltres
|-weather|SunnyDay
|
|-weather|SunnyDay|[upkeep]
|-heal|p2a: Fubar|67/100|[from] item: Leftovers
|upkeep
|turn|38
|
|t:|1757811683
|move|p1a: Moltres|U-turn|p2a: Fubar
|-resisted|p2a: Fubar
|-damage|p2a: Fubar|63/100
|
|t:|1757811686
|switch|p1a: Raging Bolt|Raging Bolt|55/100|[from] U-turn
|-activate|p1a: Raging Bolt|ability: Protosynthesis
|-start|p1a: Raging Bolt|protosynthesisspa
|move|p2a: Fubar|Salt Cure|p1a: Raging Bolt
|-damage|p1a: Raging Bolt|41/100
|-start|p1a: Raging Bolt|Salt Cure
|
|-weather|SunnyDay|[upkeep]
|-heal|p2a: Fubar|69/100|[from] item: Leftovers
|-damage|p1a: Raging Bolt|29/100|[from] Salt Cure
|upkeep
|turn|39
|
|t:|1757811699
|move|p2a: Fubar|Protect|p2a: Fubar
|-singleturn|p2a: Fubar|Protect
|move|p1a: Raging Bolt|Volt Switch|p2a: Fubar
|-activate|p2a: Fubar|move: Protect
|
|-weather|SunnyDay|[upkeep]
|-heal|p2a: Fubar|75/100|[from] item: Leftovers
|-damage|p1a: Raging Bolt|16/100|[from] Salt Cure
|upkeep
|turn|40
|
|t:|1757811714
|move|p1a: Raging Bolt|Volt Switch|p2a: Fubar
|-damage|p2a: Fubar|15/100
|-damage|p1a: Raging Bolt|6/100|[from] item: Life Orb
|
|t:|1757811716
|-end|p1a: Raging Bolt|Protosynthesis|[silent]
|switch|p1a: Walking Wake|Walking Wake|100/100|[from] Volt Switch
|-activate|p1a: Walking Wake|ability: Protosynthesis
|-start|p1a: Walking Wake|protosynthesisspe
|move|p2a: Fubar|Recover|p2a: Fubar
|-heal|p2a: Fubar|65/100
|
|-weather|SunnyDay|[upkeep]
|-heal|p2a: Fubar|71/100|[from] item: Leftovers
|upkeep
|turn|41
|-message|yxnghajile forfeited.
|
|win|cro$$w1n
|raw|yxnghajile's rating: 1389 &rarr; <strong>1368</strong><br />(-21 for losing)
|raw|cro$$w1n's rating: 1375 &rarr; <strong>1396</strong><br />(+21 for winning)
|l|☆yxnghajile
|player|p1|
|l|☆cro$$w1n
|player|p2|
