|inactive|Battle timer is ON: inactive players will automatically lose when time's up.
|t:|1757789983
|gametype|singles
|player|p1|SOULWIND|#scl5foxes2|
|player|p2|oldspicemike|#scl5terrors|
|gen|9
|tier|[Gen 9] OU
|rule|HP Percentage Mod: HP is shown in percentages
|rule|Endless Battle Clause: Forcing endless battles is banned
|rule|Species Clause: Limit one of each Pokémon
|rule|OHKO Clause: OHKO moves are banned
|rule|Evasion Items Clause: Evasion items are banned
|rule|Evasion Moves Clause: Evasion moves are banned
|rule|Evasion Abilities Clause: Evasion abilities are banned
|rule|Sleep Moves Clause: Sleep-inducing moves are banned
|clearpoke
|poke|p1|Kyurem|
|poke|p1|Gliscor, F|
|poke|p1|Gholdengo|
|poke|p1|Dragonite, F|
|poke|p1|Slowking-Galar, F|
|poke|p1|Great Tusk|
|poke|p2|Ogerpon-Wellspring, F|
|poke|p2|Pecharunt|
|poke|p2|Kingambit, M|
|poke|p2|Kyurem|
|poke|p2|Iron Valiant|
|poke|p2|Landorus-Therian, M|
|teampreview
|rated|Smogon Champions League
|c|☆oldspicemike|hf
|c|☆SOULWIND|hf
|inactive|SOULWIND has 270 seconds left.
|inactive|oldspicemike has 270 seconds left.
|inactive|SOULWIND has 240 seconds left.
|inactive|oldspicemike has 240 seconds left.
|inactive|oldspicemike has 210 seconds left.
|inactive|SOULWIND has 210 seconds left.
|
|t:|1757790085
|teamsize|p1|6
|teamsize|p2|6
|start
|switch|p1a: Kyurem|Kyurem|100/100
|switch|p2a: Kyurem|Kyurem|100/100
|-ability|p1a: Kyurem|Pressure
|-ability|p2a: Kyurem|Pressure
|turn|1
|inactive|oldspicemike has 240 seconds left.
|
|t:|1757790136
|switch|p1a: Slowking|Slowking-Galar, F|100/100
|move|p2a: Kyurem|Scale Shot|p1a: Slowking
|-damage|p1a: Slowking|90/100
|-crit|p1a: Slowking
|-damage|p1a: Slowking|72/100
|-crit|p1a: Slowking
|-damage|p1a: Slowking|54/100
|-damage|p1a: Slowking|43/100
|-hitcount|p1a: Slowking|4
|-unboost|p2a: Kyurem|def|1
|-boost|p2a: Kyurem|spe|1
|
|-heal|p1a: Slowking|49/100|[from] item: Black Sludge
|upkeep
|turn|2
|inactive|oldspicemike has 210 seconds left.
|inactive|oldspicemike has 180 seconds left.
|
|t:|1757790206
|switch|p1a: Gholdengo|Gholdengo|100/100
|-terastallize|p2a: Kyurem|Ground
|move|p2a: Kyurem|Substitute|p2a: Kyurem
|-start|p2a: Kyurem|Substitute
|-damage|p2a: Kyurem|76/100
|
|upkeep
|turn|3
|inactive|SOULWIND has 270 seconds left.
|inactive|SOULWIND has 240 seconds left.
|inactive|SOULWIND has 210 seconds left.
|
|t:|1757790292
|move|p2a: Kyurem|Earth Power|p1a: Gholdengo
|-supereffective|p1a: Gholdengo
|-damage|p1a: Gholdengo|10/100
|move|p1a: Gholdengo|Shadow Ball|p2a: Kyurem
|-end|p2a: Kyurem|Substitute
|
|upkeep
|turn|4
|inactive|SOULWIND has 210 seconds left.
|
|t:|1757790320
|move|p2a: Kyurem|Earth Power|p1a: Gholdengo
|-supereffective|p1a: Gholdengo
|-damage|p1a: Gholdengo|0 fnt
|faint|p1a: Gholdengo
|
|upkeep
|inactive|SOULWIND has 180 seconds left.
|inactive|SOULWIND has 150 seconds left.
|inactive|SOULWIND has 120 seconds left.
|
|t:|1757790400
|switch|p1a: Gliscor|Gliscor, F|100/100
|turn|5
|inactive|oldspicemike has 180 seconds left.
|
|t:|1757790431
|move|p1a: Gliscor|Protect|p1a: Gliscor
|-singleturn|p1a: Gliscor|Protect
|move|p2a: Kyurem|Ice Beam|p1a: Gliscor
|-activate|p1a: Gliscor|move: Protect
|
|-status|p1a: Gliscor|tox|[from] item: Toxic Orb
|upkeep
|turn|6
|inactive|SOULWIND has 120 seconds left.
|inactive|oldspicemike has 150 seconds left.
|
|t:|1757790471
|-terastallize|p1a: Gliscor|Ghost
|move|p2a: Kyurem|Ice Beam|p1a: Gliscor
|-damage|p1a: Gliscor|64/100 tox
|move|p1a: Gliscor|Knock Off|p2a: Kyurem
|-damage|p2a: Kyurem|47/100
|-enditem|p2a: Kyurem|Loaded Dice|[from] move: Knock Off|[of] p1a: Gliscor
|
|-heal|p1a: Gliscor|76/100 tox|[from] ability: Poison Heal
|upkeep
|turn|7
|inactive|oldspicemike has 120 seconds left.
|
|t:|1757790518
|switch|p2a: Landorus|Landorus-Therian, M|100/100
|-ability|p2a: Landorus|Intimidate|boost
|-unboost|p1a: Gliscor|atk|1
|move|p1a: Gliscor|Spikes|p2a: Landorus
|-sidestart|p2: oldspicemike|Spikes
|
|-heal|p1a: Gliscor|89/100 tox|[from] ability: Poison Heal
|upkeep
|turn|8
|
|t:|1757790524
|move|p2a: Landorus|Stealth Rock|p1a: Gliscor
|-sidestart|p1: SOULWIND|move: Stealth Rock
|move|p1a: Gliscor|Knock Off|p2a: Landorus
|-damage|p2a: Landorus|88/100
|-damage|p1a: Gliscor|72/100 tox|[from] item: Rocky Helmet|[of] p2a: Landorus
|-enditem|p2a: Landorus|Rocky Helmet|[from] move: Knock Off|[of] p1a: Gliscor
|
|-heal|p1a: Gliscor|85/100 tox|[from] ability: Poison Heal
|upkeep
|turn|9
|
|t:|1757790529
|move|p2a: Landorus|Taunt|p1a: Gliscor
|-start|p1a: Gliscor|move: Taunt
|cant|p1a: Gliscor|move: Taunt|Spikes
|
|-heal|p1a: Gliscor|97/100 tox|[from] ability: Poison Heal
|upkeep
|turn|10
|
|t:|1757790537
|move|p2a: Landorus|U-turn|p1a: Gliscor
|-resisted|p1a: Gliscor
|-damage|p1a: Gliscor|89/100 tox
|
|t:|1757790540
|switch|p2a: Ogerpon|Ogerpon-Wellspring, F|100/100|[from] U-turn
|-damage|p2a: Ogerpon|88/100|[from] Spikes
|move|p1a: Gliscor|U-turn|p2a: Ogerpon
|-supereffective|p2a: Ogerpon
|-damage|p2a: Ogerpon|61/100
|inactive|SOULWIND has 150 seconds left.
|
|t:|1757790562
|switch|p1a: Dragonite|Dragonite, F|100/100|[from] U-turn
|
|upkeep
|turn|11
|
|t:|1757790573
|switch|p2a: Landorus|Landorus-Therian, M|88/100
|-ability|p2a: Landorus|Intimidate|boost
|-unboost|p1a: Dragonite|atk|1
|move|p1a: Dragonite|Dragon Tail|p2a: Landorus
|-damage|p2a: Landorus|65/100
|drag|p2a: Pecharunt|Pecharunt|100/100
|
|upkeep
|turn|12
|inactive|SOULWIND has 150 seconds left.
|
|t:|1757790592
|switch|p1a: Slowking|Slowking-Galar, F|82/100
|-damage|p1a: Slowking|70/100|[from] Stealth Rock
|move|p2a: Pecharunt|Parting Shot|p1a: Slowking
|-unboost|p1a: Slowking|atk|1
|-unboost|p1a: Slowking|spa|1
|inactive|oldspicemike has 120 seconds left.
|
|t:|1757790629
|switch|p2a: Landorus|Landorus-Therian, M|65/100|[from] Parting Shot
|-ability|p2a: Landorus|Intimidate|boost
|-unboost|p1a: Slowking|atk|1
|
|-heal|p1a: Slowking|76/100|[from] item: Black Sludge
|upkeep
|turn|13
|
|t:|1757790642
|switch|p1a: Dragonite|Dragonite, F|100/100
|move|p2a: Landorus|Earthquake|p1a: Dragonite
|-immune|p1a: Dragonite
|
|upkeep
|turn|14
|
|t:|1757790653
|move|p2a: Landorus|U-turn|p1a: Dragonite
|-resisted|p1a: Dragonite
|-damage|p1a: Dragonite|95/100
|
|t:|1757790658
|switch|p2a: Pecharunt|Pecharunt|100/100|[from] U-turn
|move|p1a: Dragonite|Earthquake|p2a: Pecharunt
|-supereffective|p2a: Pecharunt
|-damage|p2a: Pecharunt|63/100
|
|upkeep
|turn|15
|
|t:|1757790673
|move|p2a: Pecharunt|Recover|p2a: Pecharunt
|-heal|p2a: Pecharunt|100/100
|move|p1a: Dragonite|Dragon Tail|p2a: Pecharunt
|-damage|p2a: Pecharunt|84/100
|drag|p2a: Ogerpon|Ogerpon-Wellspring, F|61/100
|-damage|p2a: Ogerpon|49/100|[from] Spikes
|
|upkeep
|turn|16
|inactive|oldspicemike has 120 seconds left.
|inactive|oldspicemike has 90 seconds left.
|
|t:|1757790724
|move|p1a: Dragonite|Extreme Speed|p2a: Ogerpon
|-damage|p2a: Ogerpon|9/100
|move|p2a: Ogerpon|Play Rough|p1a: Dragonite
|-supereffective|p1a: Dragonite
|-damage|p1a: Dragonite|25/100
|
|upkeep
|turn|17
|
|t:|1757790733
|move|p1a: Dragonite|Extreme Speed|p2a: Ogerpon
|-damage|p2a: Ogerpon|0 fnt
|faint|p2a: Ogerpon
|
|upkeep
|inactive|oldspicemike has 90 seconds left.
|
|t:|1757790745
|switch|p2a: Kyurem|Kyurem, tera:Ground|47/100
|-damage|p2a: Kyurem|35/100|[from] Spikes
|-ability|p2a: Kyurem|Pressure
|turn|18
|inactive|SOULWIND has 180 seconds left.
|inactive|SOULWIND has 150 seconds left.
|inactive|SOULWIND has 120 seconds left.
|inactive|SOULWIND has 90 seconds left.
|
|t:|1757790851
|switch|p1a: Slowking|Slowking-Galar, F|100/100
|-damage|p1a: Slowking|88/100|[from] Stealth Rock
|move|p2a: Kyurem|Ice Beam|p1a: Slowking
|-damage|p1a: Slowking|61/100
|
|-heal|p1a: Slowking|67/100|[from] item: Black Sludge
|upkeep
|turn|19
|
|t:|1757790857
|move|p2a: Kyurem|Earth Power|p1a: Slowking
|-supereffective|p1a: Slowking
|-damage|p1a: Slowking|16/100
|-prepare|p1a: Slowking|Chilly Reception|[premajor]
|move|p1a: Slowking|Chilly Reception|p1a: Slowking
|-weather|Snowscape
|
|t:|1757790860
|switch|p1a: Gliscor|Gliscor, F, tera:Ghost|89/100 tox|[from] Chilly Reception
|-damage|p1a: Gliscor|76/100 tox|[from] Stealth Rock
|
|-weather|Snowscape|[upkeep]
|-heal|p1a: Gliscor|89/100 tox|[from] ability: Poison Heal
|upkeep
|turn|20
|inactive|oldspicemike has 90 seconds left.
|
|t:|1757790888
|move|p2a: Kyurem|Earth Power|p1a: Gliscor
|-damage|p1a: Gliscor|47/100 tox
|move|p1a: Gliscor|Spikes|p2a: Kyurem
|-sidestart|p2: oldspicemike|Spikes
|
|-weather|Snowscape|[upkeep]
|-heal|p1a: Gliscor|59/100 tox|[from] ability: Poison Heal
|upkeep
|turn|21
|
|t:|1757790896
|move|p1a: Gliscor|Protect|p1a: Gliscor
|-singleturn|p1a: Gliscor|Protect
|move|p2a: Kyurem|Earth Power|p1a: Gliscor
|-activate|p1a: Gliscor|move: Protect
|
|-weather|Snowscape|[upkeep]
|-heal|p1a: Gliscor|72/100 tox|[from] ability: Poison Heal
|upkeep
|turn|22
|inactive|SOULWIND has 120 seconds left.
|inactive|SOULWIND has 90 seconds left.
|inactive|oldspicemike has 90 seconds left.
|
|t:|1757790961
|move|p2a: Kyurem|Earth Power|p1a: Gliscor
|-damage|p1a: Gliscor|31/100 tox
|move|p1a: Gliscor|Spikes|p2a: Kyurem
|-sidestart|p2: oldspicemike|Spikes
|
|-weather|Snowscape|[upkeep]
|-heal|p1a: Gliscor|44/100 tox|[from] ability: Poison Heal
|upkeep
|turn|23
|
|t:|1757790966
|move|p1a: Gliscor|Protect|p1a: Gliscor
|-singleturn|p1a: Gliscor|Protect
|move|p2a: Kyurem|Substitute|p2a: Kyurem
|-start|p2a: Kyurem|Substitute
|-damage|p2a: Kyurem|10/100
|
|-weather|none
|-heal|p1a: Gliscor|56/100 tox|[from] ability: Poison Heal
|upkeep
|turn|24
|inactive|SOULWIND has 90 seconds left.
|inactive|SOULWIND has 60 seconds left.
|
|t:|1757791029
|move|p2a: Kyurem|Earth Power|p1a: Gliscor
|-damage|p1a: Gliscor|17/100 tox
|move|p1a: Gliscor|U-turn|p2a: Kyurem
|-activate|p2a: Kyurem|move: Substitute|[damage]
|inactive|SOULWIND has 30 seconds left.
|inactive|SOULWIND has 20 seconds left.
|
|t:|1757791050
|switch|p1a: Slowking|Slowking-Galar, F|50/100|[from] U-turn
|-damage|p1a: Slowking|37/100|[from] Stealth Rock
|
|-heal|p1a: Slowking|43/100|[from] item: Black Sludge
|upkeep
|turn|25
|inactive|SOULWIND has 30 seconds left this turn.
|
|t:|1757791063
|switch|p1a: Dragonite|Dragonite, F|25/100
|move|p2a: Kyurem|Ice Beam|p1a: Dragonite
|-supereffective|p1a: Dragonite
|-damage|p1a: Dragonite|0 fnt
|faint|p1a: Dragonite
|
|upkeep
|inactive|SOULWIND has 30 seconds left this turn.
|inactive|SOULWIND has 20 seconds left.
|inactive|SOULWIND has 15 seconds left.
|inactive|SOULWIND has 10 seconds left.
|
|t:|1757791083
|switch|p1a: Slowking|Slowking-Galar, F|77/100
|-damage|p1a: Slowking|64/100|[from] Stealth Rock
|turn|26
|inactive|SOULWIND has 20 seconds left this turn.
|
|t:|1757791087
|move|p2a: Kyurem|Earth Power|p1a: Slowking
|-supereffective|p1a: Slowking
|-damage|p1a: Slowking|12/100
|-unboost|p1a: Slowking|spd|1
|move|p1a: Slowking|Flamethrower|p2a: Kyurem
|-end|p2a: Kyurem|Substitute
|
|-heal|p1a: Slowking|18/100|[from] item: Black Sludge
|upkeep
|turn|27
|inactive|SOULWIND has 30 seconds left this turn.
|
|t:|1757791096
|move|p2a: Kyurem|Ice Beam|p1a: Slowking
|-damage|p1a: Slowking|0 fnt
|faint|p1a: Slowking
|
|upkeep
|inactive|SOULWIND has 30 seconds left this turn.
|
|t:|1757791099
|switch|p1a: Kyurem|Kyurem|100/100
|-damage|p1a: Kyurem|76/100|[from] Stealth Rock
|-ability|p1a: Kyurem|Pressure
|turn|28
|
|t:|1757791113
|move|p2a: Kyurem|Ice Beam|p1a: Kyurem
|-damage|p1a: Kyurem|30/100
|move|p1a: Kyurem|Ice Beam|p2a: Kyurem
|-supereffective|p2a: Kyurem
|-damage|p2a: Kyurem|0 fnt
|faint|p2a: Kyurem
|
|upkeep
|
|t:|1757791120
|switch|p2a: Iron Valiant|Iron Valiant|100/100
|-damage|p2a: Iron Valiant|76/100|[from] Spikes
|-enditem|p2a: Iron Valiant|Booster Energy
|-activate|p2a: Iron Valiant|ability: Quark Drive|[fromitem]
|-start|p2a: Iron Valiant|quarkdrivespe
|turn|29
|
|t:|1757791126
|move|p2a: Iron Valiant|Moonblast|p1a: Kyurem
|-supereffective|p1a: Kyurem
|-damage|p1a: Kyurem|0 fnt
|faint|p1a: Kyurem
|
|upkeep
|c|☆SOULWIND|gg
|-message|SOULWIND forfeited.
|
|win|oldspicemike
|player|p1|
|c|☆oldspicemike|gg
|player|p2|
