|j|☆omari p
|j|☆abdkkgja
|t:|1757903704
|gametype|singles
|player|p1|omari p|pokemonrangerf|1576
|player|p2|abdkkgja|lacey|1623
|gen|9
|tier|[Gen 9] OU
|rated|
|rule|HP Percentage Mod: HP is shown in percentages
|rule|Endless Battle Clause: Forcing endless battles is banned
|rule|Species Clause: Limit one of each Pokémon
|rule|OHKO Clause: OHKO moves are banned
|rule|Evasion Items Clause: Evasion items are banned
|rule|Evasion Moves Clause: Evasion moves are banned
|rule|Evasion Abilities Clause: Evasion abilities are banned
|rule|Sleep Moves Clause: Sleep-inducing moves are banned
|clearpoke
|poke|p1|Thundurus-Therian, M|
|poke|p1|Cinderace, F|
|poke|p1|Mandibuzz, F|
|poke|p1|Latios, M|
|poke|p1|Deoxys-Speed|
|poke|p1|Iron Hands|
|poke|p2|Iron Moth|
|poke|p2|Mew|
|poke|p2|Ninetales-Alola, M|
|poke|p2|Maushold|
|poke|p2|Salamence, M|
|poke|p2|Garchomp, M|
|teampreview
|
|t:|1757903720
|teamsize|p1|6
|teamsize|p2|6
|start
|switch|p1a: Cinderace|Cinderace, F|100/100
|switch|p2a: Garchomp|Garchomp, M|100/100
|turn|1
|
|t:|1757903723
|switch|p1a: Mandibuzz|Mandibuzz, F, shiny|100/100
|move|p2a: Garchomp|Draco Meteor|p1a: Mandibuzz
|-damage|p1a: Mandibuzz|36/100
|-unboost|p2a: Garchomp|spa|2
|-damage|p2a: Garchomp|91/100|[from] item: Life Orb
|
|upkeep
|turn|2
|
|t:|1757903731
|switch|p2a: Maushold|Maushold|100/100
|move|p1a: Mandibuzz|Roost|p1a: Mandibuzz
|-heal|p1a: Mandibuzz|86/100
|-singleturn|p1a: Mandibuzz|move: Roost
|
|upkeep
|turn|3
|
|t:|1757903733
|move|p2a: Maushold|Encore|p1a: Mandibuzz
|-start|p1a: Mandibuzz|Encore
|move|p1a: Mandibuzz|Roost|p1a: Mandibuzz
|-heal|p1a: Mandibuzz|100/100
|-singleturn|p1a: Mandibuzz|move: Roost
|
|upkeep
|turn|4
|
|t:|1757903736
|switch|p1a: Latios|Latios, M|100/100
|move|p2a: Maushold|Tidy Up|p2a: Maushold
|-boost|p2a: Maushold|atk|1
|-boost|p2a: Maushold|spe|1
|
|upkeep
|turn|5
|
|t:|1757903738
|switch|p1a: Mandibuzz|Mandibuzz, F, shiny|100/100
|move|p2a: Maushold|Bite|p1a: Mandibuzz
|-resisted|p1a: Mandibuzz
|-damage|p1a: Mandibuzz|91/100
|-damage|p2a: Maushold|84/100|[from] item: Rocky Helmet|[of] p1a: Mandibuzz
|
|upkeep
|turn|6
|
|t:|1757903742
|move|p2a: Maushold|Population Bomb|p1a: Mandibuzz
|-damage|p1a: Mandibuzz|82/100
|-damage|p2a: Maushold|67/100|[from] item: Rocky Helmet|[of] p1a: Mandibuzz
|-damage|p1a: Mandibuzz|72/100
|-damage|p2a: Maushold|51/100|[from] item: Rocky Helmet|[of] p1a: Mandibuzz
|-damage|p1a: Mandibuzz|62/100
|-damage|p2a: Maushold|34/100|[from] item: Rocky Helmet|[of] p1a: Mandibuzz
|-damage|p1a: Mandibuzz|52/100
|-damage|p2a: Maushold|17/100|[from] item: Rocky Helmet|[of] p1a: Mandibuzz
|-damage|p1a: Mandibuzz|42/100
|-damage|p2a: Maushold|1/100|[from] item: Rocky Helmet|[of] p1a: Mandibuzz
|-damage|p1a: Mandibuzz|32/100
|-damage|p2a: Maushold|0 fnt|[from] item: Rocky Helmet|[of] p1a: Mandibuzz
|faint|p2a: Maushold
|-hitcount|p1a: Mandibuzz|6
|move|p1a: Mandibuzz|Foul Play|p2: Maushold|[notarget]
|-fail|p1a: Mandibuzz
|
|upkeep
|inactive|Battle timer is ON: inactive players will automatically lose when time's up. (requested by omari p)
|
|t:|1757903744
|switch|p2a: Blutgang|Mew, shiny|100/100
|turn|7
|
|t:|1757903755
|move|p2a: Blutgang|Dragon Dance|p2a: Blutgang
|-boost|p2a: Blutgang|atk|1
|-boost|p2a: Blutgang|spe|1
|move|p1a: Mandibuzz|Roost|p1a: Mandibuzz
|-heal|p1a: Mandibuzz|82/100
|-singleturn|p1a: Mandibuzz|move: Roost
|
|upkeep
|turn|8
|
|t:|1757903757
|move|p2a: Blutgang|Icicle Spear|p1a: Mandibuzz
|-supereffective|p1a: Mandibuzz
|-damage|p1a: Mandibuzz|69/100
|-supereffective|p1a: Mandibuzz
|-damage|p1a: Mandibuzz|54/100
|-supereffective|p1a: Mandibuzz
|-damage|p1a: Mandibuzz|40/100
|-supereffective|p1a: Mandibuzz
|-damage|p1a: Mandibuzz|26/100
|-supereffective|p1a: Mandibuzz
|-damage|p1a: Mandibuzz|13/100
|-hitcount|p1a: Mandibuzz|5
|move|p1a: Mandibuzz|Foul Play|p2a: Blutgang
|-supereffective|p2a: Blutgang
|-damage|p2a: Blutgang|0 fnt
|faint|p2a: Blutgang
|
|upkeep
|
|t:|1757903760
|switch|p2a: Salamence|Salamence, M|100/100
|turn|9
|
|t:|1757903763
|move|p2a: Salamence|Dual Wingbeat|p1a: Mandibuzz
|-damage|p1a: Mandibuzz|0 fnt
|-damage|p2a: Salamence|84/100|[from] item: Rocky Helmet|[of] p1a: Mandibuzz
|faint|p1a: Mandibuzz
|-ability|p2a: Salamence|Moxie|boost
|-boost|p2a: Salamence|atk|1
|-hitcount|p1: Mandibuzz|1
|
|upkeep
|
|t:|1757903766
|switch|p1a: Deoxys|Deoxys-Speed|100/100
|-ability|p1a: Deoxys|Pressure
|turn|10
|
|t:|1757903769
|move|p1a: Deoxys|Ice Beam|p2a: Salamence
|-supereffective|p2a: Salamence
|-damage|p2a: Salamence|0 fnt
|faint|p2a: Salamence
|
|upkeep
|-message|abdkkgja forfeited.
|
|win|omari p
|raw|omari p's rating: 1576 &rarr; <strong>1599</strong><br />(+23 for winning)
|raw|abdkkgja's rating: 1623 &rarr; <strong>1600</strong><br />(-23 for losing)
|l|☆abdkkgja
|player|p2|
