|j|☆shadow xdash
|j|☆me destroy you 15
|t:|1757833590
|gametype|singles
|player|p1|shadow xdash|red|1177
|player|p2|me destroy you 15|flint|1114
|gen|9
|tier|[Gen 9] OU
|rated|
|rule|HP Percentage Mod: HP is shown in percentages
|rule|Endless Battle Clause: Forcing endless battles is banned
|rule|Species Clause: Limit one of each Pokémon
|rule|OHKO Clause: OHKO moves are banned
|rule|Evasion Items Clause: Evasion items are banned
|rule|Evasion Moves Clause: Evasion moves are banned
|rule|Evasion Abilities Clause: Evasion abilities are banned
|rule|Sleep Moves Clause: Sleep-inducing moves are banned
|clearpoke
|poke|p1|Corviknight, M|
|poke|p1|Iron Boulder|
|poke|p1|Lokix, F|
|poke|p1|Meowscarada, F|
|poke|p1|Gengar, M|
|poke|p1|Thundurus-Therian, M|
|poke|p2|Blastoise, M|
|poke|p2|Charizard, M|
|poke|p2|Vileplume, F|
|poke|p2|Forretress, M|
|poke|p2|Gengar, F|
|poke|p2|Electivire, M|
|teampreview
|inactive|Battle timer is ON: inactive players will automatically lose when time's up. (requested by shadow xdash)
|inactive|me destroy you 15 has 120 seconds left.
|
|t:|1757833624
|teamsize|p1|6
|teamsize|p2|6
|start
|switch|p1a: Gengar|Gengar, M|100/100
|switch|p2a: Electivire|Electivire, M|100/100
|turn|1
|
|t:|1757833630
|move|p1a: Gengar|Shadow Ball|p2a: Electivire
|-damage|p2a: Electivire|42/100
|-unboost|p2a: Electivire|spd|1
|move|p2a: Electivire|Wild Charge|p1a: Gengar
|-enditem|p1a: Gengar|Focus Sash
|-damage|p1a: Gengar|1/100
|-damage|p2a: Electivire|20/100|[from] Recoil
|-damage|p2a: Electivire|10/100|[from] item: Life Orb
|
|upkeep
|turn|2
|
|t:|1757833641
|switch|p2a: Forretress|Forretress, M|100/100
|move|p1a: Gengar|Shadow Ball|p2a: Forretress
|-damage|p2a: Forretress|55/100
|
|-heal|p2a: Forretress|61/100|[from] item: Leftovers
|upkeep
|turn|3
|
|t:|1757833650
|move|p1a: Gengar|Shadow Ball|p2a: Forretress
|-damage|p2a: Forretress|22/100
|move|p2a: Forretress|Lunge|p1a: Gengar
|-resisted|p1a: Gengar
|-damage|p1a: Gengar|0 fnt
|-start|p2a: Forretress|Disable|Lunge|[from] ability: Cursed Body|[of] p1a: Gengar
|faint|p1a: Gengar
|
|-heal|p2a: Forretress|28/100|[from] item: Leftovers
|upkeep
|
|t:|1757833660
|switch|p1a: Iron Boulder|Iron Boulder|100/100
|-enditem|p1a: Iron Boulder|Booster Energy
|-activate|p1a: Iron Boulder|ability: Quark Drive|[fromitem]
|-start|p1a: Iron Boulder|quarkdrivespe
|turn|4
|
|t:|1757833665
|move|p1a: Iron Boulder|Mighty Cleave|p2a: Forretress
|-damage|p2a: Forretress|0 fnt
|faint|p2a: Forretress
|
|upkeep
|
|t:|1757833670
|switch|p2a: Gengar|Gengar, F|100/100
|turn|5
|
|t:|1757833674
|move|p1a: Iron Boulder|Zen Headbutt|p2a: Gengar
|-supereffective|p2a: Gengar
|-enditem|p2a: Gengar|Focus Sash
|-damage|p2a: Gengar|1/100
|move|p2a: Gengar|Shadow Ball|p1a: Iron Boulder
|-supereffective|p1a: Iron Boulder
|-damage|p1a: Iron Boulder|12/100
|
|upkeep
|turn|6
|
|t:|1757833682
|move|p1a: Iron Boulder|Mighty Cleave|p2a: Gengar
|-damage|p2a: Gengar|0 fnt
|faint|p2a: Gengar
|
|upkeep
|
|t:|1757833687
|switch|p2a: Charizard|Charizard, M|100/100
|turn|7
|
|t:|1757833690
|move|p1a: Iron Boulder|Mighty Cleave|p2a: Charizard
|-supereffective|p2a: Charizard
|-damage|p2a: Charizard|0 fnt
|faint|p2a: Charizard
|
|upkeep
|
|t:|1757833697
|switch|p2a: Blastoise|Blastoise, M|100/100
|turn|8
|
|t:|1757833701
|move|p1a: Iron Boulder|Close Combat|p2a: Blastoise
|-damage|p2a: Blastoise|69/100
|-unboost|p1a: Iron Boulder|def|1
|-unboost|p1a: Iron Boulder|spd|1
|move|p2a: Blastoise|Shell Smash|p2a: Blastoise
|-unboost|p2a: Blastoise|def|1
|-unboost|p2a: Blastoise|spd|1
|-boost|p2a: Blastoise|atk|2
|-boost|p2a: Blastoise|spa|2
|-boost|p2a: Blastoise|spe|2
|-enditem|p2a: Blastoise|White Herb
|-clearnegativeboost|p2a: Blastoise|[silent]
|
|upkeep
|turn|9
|
|t:|1757833712
|move|p1a: Iron Boulder|Zen Headbutt|p2a: Blastoise
|-damage|p2a: Blastoise|33/100
|move|p2a: Blastoise|Surf|p1a: Iron Boulder
|-supereffective|p1a: Iron Boulder
|-damage|p1a: Iron Boulder|0 fnt
|faint|p1a: Iron Boulder
|-end|p1a: Iron Boulder|Quark Drive|[silent]
|
|upkeep
|
|t:|1757833716
|switch|p1a: Lokix|Lokix, F|100/100
|turn|10
|
|t:|1757833722
|move|p1a: Lokix|First Impression|p2a: Blastoise
|-damage|p2a: Blastoise|0 fnt
|faint|p2a: Blastoise
|-damage|p1a: Lokix|91/100|[from] item: Life Orb
|
|upkeep
|
|t:|1757833730
|switch|p2a: Electivire|Electivire, M|10/100
|turn|11
|
|t:|1757833733
|move|p1a: Lokix|Sucker Punch|p2a: Electivire
|-damage|p2a: Electivire|0 fnt
|faint|p2a: Electivire
|-damage|p1a: Lokix|81/100|[from] item: Life Orb
|
|upkeep
|
|t:|1757833739
|switch|p2a: Vileplume|Vileplume, F|100/100
|turn|12
|
|t:|1757833743
|move|p1a: Lokix|Leech Life|p2a: Vileplume
|-damage|p2a: Vileplume|56/100
|-heal|p1a: Lokix|100/100|[from] drain|[of] p2a: Vileplume
|-damage|p1a: Lokix|91/100|[from] item: Life Orb
|move|p2a: Vileplume|Sludge Bomb|p1a: Lokix
|-damage|p1a: Lokix|24/100
|-status|p1a: Lokix|psn
|
|-heal|p2a: Vileplume|62/100|[from] item: Leftovers
|-damage|p1a: Lokix|11/100 psn|[from] psn
|upkeep
|turn|13
|
|t:|1757833756
|move|p1a: Lokix|Knock Off|p2a: Vileplume
|-damage|p2a: Vileplume|9/100
|-enditem|p2a: Vileplume|Leftovers|[from] move: Knock Off|[of] p1a: Lokix
|-damage|p1a: Lokix|2/100 psn|[from] item: Life Orb
|move|p2a: Vileplume|Leech Seed|p1a: Lokix|[miss]
|-miss|p2a: Vileplume|p1a: Lokix
|
|-damage|p1a: Lokix|0 fnt|[from] psn
|faint|p1a: Lokix
|upkeep
|
|t:|1757833762
|switch|p1a: Corviknight|Corviknight, M, shiny|100/100
|turn|14
|
|t:|1757833769
|move|p1a: Corviknight|Drill Peck|p2a: Vileplume
|-supereffective|p2a: Vileplume
|-damage|p2a: Vileplume|0 fnt
|faint|p2a: Vileplume
|
|win|shadow xdash
|raw|shadow xdash's rating: 1177 &rarr; <strong>1198</strong><br />(+21 for winning)
|raw|me destroy you 15's rating: 1114 &rarr; <strong>1093</strong><br />(-21 for losing)
|l|☆me destroy you 15
|player|p2|
|l|☆shadow xdash
|player|p1|
