|j|☆xw haha
|j|☆adow
|t:|1757834942
|gametype|singles
|player|p1|xw haha|volkner|1257
|player|p2|adow|veteran|1199
|gen|9
|tier|[Gen 9] OU
|rated|
|rule|HP Percentage Mod: HP is shown in percentages
|rule|Endless Battle Clause: Forcing endless battles is banned
|rule|Species Clause: Limit one of each Pokémon
|rule|OHKO Clause: OHKO moves are banned
|rule|Evasion Items Clause: Evasion items are banned
|rule|Evasion Moves Clause: Evasion moves are banned
|rule|Evasion Abilities Clause: Evasion abilities are banned
|rule|Sleep Moves Clause: Sleep-inducing moves are banned
|clearpoke
|poke|p1|Hatterene, F|
|poke|p1|Farigiraf, F|
|poke|p1|Meowscarada, F|
|poke|p1|Great Tusk|
|poke|p1|Toxapex, M|
|poke|p1|Raging Bolt|
|poke|p2|Ninetales-Alola, F|
|poke|p2|Skeledirge, F|
|poke|p2|Toucannon, F|
|poke|p2|Iron Hands|
|poke|p2|Araquanid, F|
|poke|p2|Komala, M|
|teampreview
|inactive|Battle timer is ON: inactive players will automatically lose when time's up. (requested by xw haha)
|inactive|adow has 120 seconds left.
|
|t:|1757834995
|teamsize|p1|6
|teamsize|p2|6
|start
|switch|p1a: Meowscarada|Meowscarada, F|100/100
|switch|p2a: Iron Hands|Iron Hands|100/100
|turn|1
|
|t:|1757835006
|switch|p1a: Great Tusk|Great Tusk|100/100
|move|p2a: Iron Hands|Swords Dance|p2a: Iron Hands
|-boost|p2a: Iron Hands|atk|2
|
|upkeep
|turn|2
|inactive|adow has 120 seconds left.
|
|t:|1757835037
|move|p1a: Great Tusk|Headlong Rush|p2a: Iron Hands
|-supereffective|p2a: Iron Hands
|-damage|p2a: Iron Hands|18/100
|-unboost|p1a: Great Tusk|def|1
|-unboost|p1a: Great Tusk|spd|1
|move|p2a: Iron Hands|Ice Punch|p1a: Great Tusk
|-supereffective|p1a: Great Tusk
|-damage|p1a: Great Tusk|0 fnt
|faint|p1a: Great Tusk
|-end|p1a: Great Tusk|Protosynthesis|[silent]
|
|upkeep
|
|t:|1757835048
|switch|p1a: Meowscarada|Meowscarada, F|100/100
|turn|3
|
|t:|1757835054
|move|p1a: Meowscarada|Flower Trick|p2a: Iron Hands
|-start|p1a: Meowscarada|typechange|Grass|[from] ability: Protean
|-crit|p2a: Iron Hands
|-damage|p2a: Iron Hands|0 fnt
|faint|p2a: Iron Hands
|-end|p2a: Iron Hands|Quark Drive|[silent]
|
|upkeep
|
|t:|1757835060
|switch|p2a: Ninetales|Ninetales-Alola, F, shiny|100/100
|-weather|Snowscape|[from] ability: Snow Warning|[of] p2a: Ninetales
|turn|4
|
|t:|1757835073
|move|p1a: Meowscarada|Flower Trick|p2a: Ninetales
|-crit|p2a: Ninetales
|-damage|p2a: Ninetales|48/100
|move|p2a: Ninetales|Aurora Veil|p2a: Ninetales
|-sidestart|p2: adow|move: Aurora Veil
|
|-weather|Snowscape|[upkeep]
|upkeep
|turn|5
|
|t:|1757835081
|switch|p2a: Skeledirge|Skeledirge, F|100/100
|move|p1a: Meowscarada|Flower Trick|p2a: Skeledirge
|-resisted|p2a: Skeledirge
|-crit|p2a: Skeledirge
|-damage|p2a: Skeledirge|69/100
|-enditem|p2a: Skeledirge|Red Card|[of] p1a: Meowscarada
|drag|p1a: Toxapex|Toxapex, M|100/100
|
|-weather|Snowscape|[upkeep]
|upkeep
|turn|6
|
|t:|1757835096
|switch|p2a: Komala|Komala, M|100/100
|-ability|p2a: Komala|Comatose
|move|p1a: Toxapex|Toxic|p2a: Komala
|-immune|p2a: Komala|[from] ability: Comatose
|
|-weather|Snowscape|[upkeep]
|upkeep
|turn|7
|
|t:|1757835118
|switch|p1a: Farigiraf|Farigiraf, F|100/100
|move|p2a: Komala|Rapid Spin|p1a: Farigiraf
|-damage|p1a: Farigiraf|87/100
|-boost|p2a: Komala|spe|1
|-damage|p2a: Komala|84/100|[from] item: Rocky Helmet|[of] p1a: Farigiraf
|
|-weather|Snowscape|[upkeep]
|-heal|p2a: Komala|90/100|[from] item: Leftovers
|upkeep
|turn|8
|
|t:|1757835135
|move|p2a: Komala|U-turn|p1a: Farigiraf
|-supereffective|p1a: Farigiraf
|-damage|p1a: Farigiraf|60/100
|-damage|p2a: Komala|74/100|[from] item: Rocky Helmet|[of] p1a: Farigiraf
|
|t:|1757835140
|switch|p2a: Araquanid|Araquanid, F|100/100|[from] U-turn
|move|p1a: Farigiraf|Trick Room|p1a: Farigiraf
|-fieldstart|move: Trick Room|[of] p1a: Farigiraf
|
|-weather|none
|upkeep
|turn|9
|
|t:|1757835150
|switch|p1a: Hatterene|Hatterene, F|100/100
|move|p2a: Araquanid|Surf|p1a: Hatterene
|-damage|p1a: Hatterene|58/100
|
|upkeep
|turn|10
|
|t:|1757835162
|move|p1a: Hatterene|Dazzling Gleam|p2a: Araquanid
|-damage|p2a: Araquanid|80/100
|move|p2a: Araquanid|Infestation|p1a: Hatterene
|-damage|p1a: Hatterene|53/100
|-activate|p1a: Hatterene|move: Infestation|[of] p2a: Araquanid
|
|-damage|p1a: Hatterene|37/100|[from] move: Infestation|[partiallytrapped]
|upkeep
|-enditem|p1a: Hatterene|Sitrus Berry|[eat]
|-heal|p1a: Hatterene|62/100|[from] item: Sitrus Berry
|turn|11
|
|t:|1757835181
|move|p1a: Hatterene|Mystical Fire|p2a: Araquanid
|-damage|p2a: Araquanid|74/100
|-unboost|p2a: Araquanid|spa|1
|move|p2a: Araquanid|Leech Life|p1a: Hatterene
|-damage|p1a: Hatterene|40/100
|-heal|p2a: Araquanid|84/100|[from] drain|[of] p1a: Hatterene
|
|-damage|p1a: Hatterene|23/100|[from] move: Infestation|[partiallytrapped]
|-sideend|p2: adow|move: Aurora Veil
|upkeep
|turn|12
|
|t:|1757835205
|move|p1a: Hatterene|Psychic|p2a: Araquanid
|-damage|p2a: Araquanid|40/100
|move|p2a: Araquanid|Leech Life|p1a: Hatterene
|-damage|p1a: Hatterene|3/100
|-heal|p2a: Araquanid|50/100|[from] drain|[of] p1a: Hatterene
|
|-damage|p1a: Hatterene|0 fnt|[from] move: Infestation|[partiallytrapped]
|faint|p1a: Hatterene
|-fieldend|move: Trick Room
|upkeep
|
|t:|1757835218
|switch|p1a: Raging Bolt|Raging Bolt|100/100
|turn|13
|inactive|adow has 120 seconds left.
|
|t:|1757835252
|move|p1a: Raging Bolt|Volt Switch|p2a: Araquanid
|-supereffective|p2a: Araquanid
|-damage|p2a: Araquanid|0 fnt
|faint|p2a: Araquanid
|
|t:|1757835258
|-end|p1a: Raging Bolt|Protosynthesis|[silent]
|switch|p1a: Meowscarada|Meowscarada, F|100/100|[from] Volt Switch
|
|upkeep
|inactive|adow has 120 seconds left.
|inactive|adow has 90 seconds left.
|-message|adow forfeited.
|
|win|xw haha
|raw|xw haha's rating: 1257 &rarr; <strong>1276</strong><br />(+19 for winning)
|raw|adow's rating: 1179 &rarr; <strong>1160</strong><br />(-19 for losing)
|l|☆adow
|player|p2|
|l|☆xw haha
|player|p1|
