|j|☆beanzzzz4me
|j|☆arriot
|t:|1757844855
|gametype|singles
|player|p1|beanzzzz4me|rood|1349
|player|p2|arriot|caitlin|1333
|gen|9
|tier|[Gen 9] OU
|rated|
|rule|HP Percentage Mod: HP is shown in percentages
|rule|Endless Battle Clause: Forcing endless battles is banned
|rule|Species Clause: Limit one of each Pokémon
|rule|OHKO Clause: OHKO moves are banned
|rule|Evasion Items Clause: Evasion items are banned
|rule|Evasion Moves Clause: Evasion moves are banned
|rule|Evasion Abilities Clause: Evasion abilities are banned
|rule|Sleep Moves Clause: Sleep-inducing moves are banned
|clearpoke
|poke|p1|Indeedee, M|
|poke|p1|Hatterene, F|
|poke|p1|Ursaluna, F|
|poke|p1|Iron Hands|
|poke|p1|Hoopa-Unbound|
|poke|p1|Mimikyu, F|
|poke|p2|Dragonite, M|
|poke|p2|Keldeo-Resolute|
|poke|p2|Maushold|
|poke|p2|Ninetales-Alola, F|
|poke|p2|Gyarados, F|
|poke|p2|Rhyperior, F|
|teampreview
|inactive|Battle timer is ON: inactive players will automatically lose when time's up. (requested by beanzzzz4me)
|
|t:|1757844894
|teamsize|p1|6
|teamsize|p2|6
|start
|switch|p1a: Subaru|Indeedee, M, shiny|100/100
|switch|p2a: Keldeo|Keldeo-Resolute|100/100
|-fieldstart|move: Psychic Terrain|[from] ability: Psychic Surge|[of] p1a: Subaru
|turn|1
|
|t:|1757844910
|move|p2a: Keldeo|Surf|p1a: Subaru
|-damage|p1a: Subaru|30/100
|move|p1a: Subaru|Expanding Force|p2a: Keldeo
|-supereffective|p2a: Keldeo
|-damage|p2a: Keldeo|0 fnt
|faint|p2a: Keldeo
|
|upkeep
|
|t:|1757844922
|switch|p2a: Dragonite|Dragonite, M|100/100
|turn|2
|
|t:|1757844929
|move|p2a: Dragonite|Dragon Dance|p2a: Dragonite
|-boost|p2a: Dragonite|atk|1
|-boost|p2a: Dragonite|spe|1
|move|p1a: Subaru|Trick Room|p1a: Subaru
|-fieldstart|move: Trick Room|[of] p1a: Subaru
|
|upkeep
|turn|3
|inactive|arriot has 120 seconds left.
|
|t:|1757844966
|move|p1a: Subaru|Encore|p2a: Dragonite
|-start|p2a: Dragonite|Encore
|move|p2a: Dragonite|Dragon Dance|p2a: Dragonite
|-boost|p2a: Dragonite|atk|1
|-boost|p2a: Dragonite|spe|1
|
|upkeep
|turn|4
|inactive|arriot has 120 seconds left.
|
|t:|1757844973
|move|p1a: Subaru|Expanding Force|p2a: Dragonite
|-damage|p2a: Dragonite|72/100
|move|p2a: Dragonite|Dragon Dance|p2a: Dragonite
|-boost|p2a: Dragonite|atk|1
|-boost|p2a: Dragonite|spe|1
|
|upkeep
|turn|5
|
|t:|1757844980
|move|p1a: Subaru|Healing Wish|p1a: Subaru
|faint|p1a: Subaru
|move|p2a: Dragonite|Dragon Dance|p2a: Dragonite
|-boost|p2a: Dragonite|atk|1
|-boost|p2a: Dragonite|spe|1
|
|-end|p2a: Dragonite|Encore
|upkeep
|
|t:|1757844997
|switch|p1a: Mimi|Mimikyu, F, shiny|100/100
|turn|6
|
|t:|1757845002
|move|p1a: Mimi|Play Rough|p2a: Dragonite
|-supereffective|p2a: Dragonite
|-damage|p2a: Dragonite|5/100
|move|p2a: Dragonite|Flamethrower|p1a: Mimi
|-activate|p1a: Mimi|ability: Disguise
|-damage|p1a: Mimi|100/100
|detailschange|p1a: Mimi|Mimikyu-Busted, F, shiny
|-damage|p1a: Mimi|88/100|[from] pokemon: Mimikyu-Busted
|-enditem|p1a: Mimi|Red Card|[of] p2a: Dragonite
|drag|p2a: Maushold|Maushold|100/100
|
|-fieldend|move: Trick Room
|upkeep
|turn|7
|
|t:|1757845020
|move|p2a: Maushold|Bite|p1a: Mimi
|-damage|p1a: Mimi|69/100
|move|p1a: Mimi|Trick Room|p1a: Mimi
|-fieldstart|move: Trick Room|[of] p1a: Mimi
|
|upkeep
|turn|8
|
|t:|1757845038
|switch|p1a: LEBRON|Iron Hands, shiny|100/100
|-enditem|p1a: LEBRON|Booster Energy
|-activate|p1a: LEBRON|ability: Quark Drive|[fromitem]
|-start|p1a: LEBRON|quarkdriveatk
|move|p2a: Maushold|Encore||[still]
|-fail|p2a: Maushold
|
|-fieldend|move: Psychic Terrain
|upkeep
|turn|9
|
|t:|1757845055
|switch|p2a: Dragonite|Dragonite, M|5/100
|move|p1a: LEBRON|Close Combat|p2a: Dragonite
|-resisted|p2a: Dragonite
|-damage|p2a: Dragonite|0 fnt
|-unboost|p1a: LEBRON|def|1
|-unboost|p1a: LEBRON|spd|1
|faint|p2a: Dragonite
|
|upkeep
|
|t:|1757845068
|switch|p2a: Ninetales|Ninetales-Alola, F|100/100
|-weather|Snowscape|[from] ability: Snow Warning|[of] p2a: Ninetales
|turn|10
|
|t:|1757845073
|move|p1a: LEBRON|Heavy Slam|p2a: Ninetales
|-supereffective|p2a: Ninetales
|-damage|p2a: Ninetales|0 fnt
|faint|p2a: Ninetales
|
|-weather|Snowscape|[upkeep]
|upkeep
|
|t:|1757845090
|switch|p2a: Maushold|Maushold|100/100
|turn|11
|
|t:|1757845099
|-terastallize|p2a: Maushold|Ghost
|move|p1a: LEBRON|Supercell Slam|p2a: Maushold
|-damage|p2a: Maushold|0 fnt
|faint|p2a: Maushold
|
|-weather|Snowscape|[upkeep]
|-fieldend|move: Trick Room
|upkeep
|
|t:|1757845112
|switch|p2a: Gyarados|Gyarados, F|100/100
|turn|12
|
|t:|1757845118
|move|p2a: Gyarados|Earthquake|p1a: LEBRON
|-supereffective|p1a: LEBRON
|-damage|p1a: LEBRON|24/100
|move|p1a: LEBRON|Supercell Slam|p2a: Gyarados
|-supereffective|p2a: Gyarados
|-damage|p2a: Gyarados|0 fnt
|faint|p2a: Gyarados
|
|-weather|Snowscape|[upkeep]
|upkeep
|
|t:|1757845128
|switch|p2a: Rhyperior|Rhyperior, F|100/100
|turn|13
|-message|arriot forfeited.
|
|win|beanzzzz4me
|raw|beanzzzz4me's rating: 1349 &rarr; <strong>1368</strong><br />(+19 for winning)
|raw|arriot's rating: 1333 &rarr; <strong>1314</strong><br />(-19 for losing)
|l|☆arriot
|player|p2|
|l|☆beanzzzz4me
|player|p1|
