|j|☆gonichupamatracas
|j|☆Dhdydhdbdhdhdbd
|t:|1757916687
|gametype|singles
|player|p1|gonichupamatracas|shadowtriad|1066
|player|p2|Dhdydhdbdhdhdbd|265|1066
|gen|9
|tier|[Gen 9] OU
|rated|
|rule|HP Percentage Mod: HP is shown in percentages
|rule|Endless Battle Clause: Forcing endless battles is banned
|rule|Species Clause: Limit one of each Pokémon
|rule|OHKO Clause: OHKO moves are banned
|rule|Evasion Items Clause: Evasion items are banned
|rule|Evasion Moves Clause: Evasion moves are banned
|rule|Evasion Abilities Clause: Evasion abilities are banned
|rule|Sleep Moves Clause: Sleep-inducing moves are banned
|clearpoke
|poke|p1|Landorus-Therian, M|
|poke|p1|Gholdengo|
|poke|p1|Primarina, F|
|poke|p1|Glastrier|
|poke|p1|Vikavolt, M|
|poke|p1|Cinderace, M|
|poke|p2|Chandelure, F|
|poke|p2|Vaporeon, M|
|poke|p2|Hitmontop, M|
|poke|p2|Whimsicott, M|
|poke|p2|Samurott-Hisui, M|
|poke|p2|Scizor, F|
|teampreview
|
|t:|1757916709
|teamsize|p1|6
|teamsize|p2|6
|start
|switch|p1a: Cinderace|Cinderace, M|100/100
|switch|p2a: Hitmontop|Hitmontop, M|100/100
|turn|1
|
|t:|1757916717
|move|p2a: Hitmontop|Fake Out|p1a: Cinderace
|-damage|p1a: Cinderace|76/100
|cant|p1a: Cinderace|flinch
|
|upkeep
|turn|2
|
|t:|1757916724
|switch|p2a: Chandelure|Chandelure, F|100/100
|move|p1a: Cinderace|Will-O-Wisp|p2a: Chandelure
|-start|p2a: Chandelure|ability: Flash Fire
|
|upkeep
|turn|3
|
|t:|1757916732
|move|p2a: Chandelure|Flamethrower|p1a: Cinderace
|-resisted|p1a: Cinderace
|-damage|p1a: Cinderace|25/100
|move|p1a: Cinderace|U-turn|p2a: Chandelure
|-start|p1a: Cinderace|typechange|Bug|[from] ability: Libero
|-resisted|p2a: Chandelure
|-damage|p2a: Chandelure|88/100
|
|t:|1757916745
|switch|p1a: Primarina|Primarina, F|100/100|[from] U-turn
|
|upkeep
|turn|4
|
|t:|1757916755
|-end|p2a: Chandelure|ability: Flash Fire|[silent]
|switch|p2a: Vaporeon|Vaporeon, M, shiny|100/100
|move|p1a: Primarina|Flip Turn|p2a: Vaporeon
|-immune|p2a: Vaporeon|[from] ability: Water Absorb
|
|upkeep
|turn|5
|
|t:|1757916765
|move|p1a: Primarina|Moonblast|p2a: Vaporeon
|-damage|p2a: Vaporeon|73/100
|move|p2a: Vaporeon|Flip Turn|p1a: Primarina
|-resisted|p1a: Primarina
|-damage|p1a: Primarina|91/100
|
|t:|1757916774
|switch|p2a: Whimsicott|Whimsicott, M, shiny|100/100|[from] Flip Turn
|
|upkeep
|turn|6
|
|t:|1757916812
|move|p2a: Whimsicott|Leech Seed|p1a: Primarina
|-start|p1a: Primarina|move: Leech Seed
|move|p1a: Primarina|Flip Turn|p2a: Whimsicott
|-resisted|p2a: Whimsicott
|-damage|p2a: Whimsicott|93/100
|
|t:|1757916846
|switch|p1a: Glastrier|Glastrier|100/100|[from] Flip Turn
|
|-heal|p2a: Whimsicott|99/100|[from] item: Leftovers
|upkeep
|turn|7
|
|t:|1757916855
|move|p2a: Whimsicott|Protect|p2a: Whimsicott
|-singleturn|p2a: Whimsicott|Protect
|move|p1a: Glastrier|Avalanche|p2a: Whimsicott
|-activate|p2a: Whimsicott|move: Protect
|
|-heal|p2a: Whimsicott|100/100|[from] item: Leftovers
|upkeep
|turn|8
|
|t:|1757916861
|switch|p2a: Chandelure|Chandelure, F|88/100
|move|p1a: Glastrier|Avalanche|p2a: Chandelure
|-resisted|p2a: Chandelure
|-crit|p2a: Chandelure
|-damage|p2a: Chandelure|57/100
|
|upkeep
|turn|9
|
|t:|1757916869
|move|p2a: Chandelure|Energy Ball|p1a: Glastrier
|-damage|p1a: Glastrier|72/100
|move|p1a: Glastrier|Bulldoze|p2a: Chandelure
|-supereffective|p2a: Chandelure
|-damage|p2a: Chandelure|3/100
|-unboost|p2a: Chandelure|spe|1
|
|upkeep
|turn|10
|
|t:|1757916885
|move|p2a: Chandelure|Energy Ball|p1a: Glastrier
|-damage|p1a: Glastrier|47/100
|-unboost|p1a: Glastrier|spd|1
|move|p1a: Glastrier|Bulldoze|p2a: Chandelure
|-supereffective|p2a: Chandelure
|-damage|p2a: Chandelure|0 fnt
|faint|p2a: Chandelure
|-ability|p1a: Glastrier|Chilling Neigh|boost
|-boost|p1a: Glastrier|atk|1
|
|upkeep
|
|t:|1757916893
|switch|p2a: Scizor|Scizor, F|100/100
|turn|11
|
|t:|1757916905
|move|p2a: Scizor|U-turn|p1a: Glastrier
|-damage|p1a: Glastrier|17/100
|
|t:|1757916909
|switch|p2a: Vaporeon|Vaporeon, M, shiny|73/100|[from] U-turn
|move|p1a: Glastrier|Body Press|p2a: Vaporeon
|-damage|p2a: Vaporeon|47/100
|
|-heal|p2a: Vaporeon|53/100|[from] item: Leftovers
|upkeep
|turn|12
|
|t:|1757916918
|move|p2a: Vaporeon|Wish|p2a: Vaporeon
|move|p1a: Glastrier|Body Press|p2a: Vaporeon
|-damage|p2a: Vaporeon|25/100
|
|-heal|p2a: Vaporeon|31/100|[from] item: Leftovers
|upkeep
|turn|13
|
|t:|1757916925
|move|p2a: Vaporeon|Scald|p1a: Glastrier
|-crit|p1a: Glastrier
|-damage|p1a: Glastrier|0 fnt
|faint|p1a: Glastrier
|
|-heal|p2a: Vaporeon|81/100|[from] move: Wish|[wisher] Vaporeon
|-heal|p2a: Vaporeon|87/100|[from] item: Leftovers
|upkeep
|
|t:|1757916935
|switch|p1a: Vikavolt|Vikavolt, M|100/100
|turn|14
|
|t:|1757916939
|switch|p2a: Hitmontop|Hitmontop, M|100/100
|move|p1a: Vikavolt|Thunderbolt|p2a: Hitmontop
|-crit|p2a: Hitmontop
|-damage|p2a: Hitmontop|28/100
|-status|p2a: Hitmontop|par
|
|upkeep
|turn|15
|
|t:|1757916945
|move|p2a: Hitmontop|Fake Out|p1a: Vikavolt
|-damage|p1a: Vikavolt|84/100
|cant|p1a: Vikavolt|flinch
|
|upkeep
|turn|16
|
|t:|1757916947
|move|p1a: Vikavolt|Volt Switch|p2a: Hitmontop
|-damage|p2a: Hitmontop|0 fnt
|faint|p2a: Hitmontop
|
|t:|1757916955
|switch|p1a: Cinderace|Cinderace, M|25/100|[from] Volt Switch
|
|upkeep
|
|t:|1757916959
|switch|p2a: Samurott|Samurott-Hisui, M|100/100
|turn|17
|
|t:|1757916966
|move|p2a: Samurott|Aqua Jet|p1a: Cinderace
|-supereffective|p1a: Cinderace
|-crit|p1a: Cinderace
|-damage|p1a: Cinderace|0 fnt
|faint|p1a: Cinderace
|-damage|p2a: Samurott|91/100|[from] item: Life Orb
|
|upkeep
|
|t:|1757916973
|switch|p1a: Vikavolt|Vikavolt, M|84/100
|turn|18
|
|t:|1757916980
|move|p2a: Samurott|Ceaseless Edge|p1a: Vikavolt|[miss]
|-miss|p2a: Samurott|p1a: Vikavolt
|move|p1a: Vikavolt|Thunderbolt|p2a: Samurott
|-supereffective|p2a: Samurott
|-damage|p2a: Samurott|0 fnt
|faint|p2a: Samurott
|
|upkeep
|
|t:|1757916988
|switch|p2a: Scizor|Scizor, F|100/100
|turn|19
|
|t:|1757917018
|move|p2a: Scizor|Knock Off|p1a: Vikavolt
|-damage|p1a: Vikavolt|27/100
|-enditem|p1a: Vikavolt|Heavy-Duty Boots|[from] move: Knock Off|[of] p2a: Scizor
|move|p1a: Vikavolt|Volt Switch|p2a: Scizor
|-damage|p2a: Scizor|44/100
|
|t:|1757917023
|switch|p1a: Landorus|Landorus-Therian, M|100/100|[from] Volt Switch
|-ability|p1a: Landorus|Intimidate|boost
|-unboost|p2a: Scizor|atk|1
|
|upkeep
|turn|20
|
|t:|1757917032
|move|p1a: Landorus|Earthquake|p2a: Scizor
|-damage|p2a: Scizor|0 fnt
|faint|p2a: Scizor
|
|upkeep
|
|t:|1757917034
|switch|p2a: Vaporeon|Vaporeon, M, shiny|87/100
|turn|21
|
|t:|1757917046
|move|p1a: Landorus|U-turn|p2a: Vaporeon
|-damage|p2a: Vaporeon|67/100
|
|t:|1757917049
|switch|p1a: Vikavolt|Vikavolt, M|27/100|[from] U-turn
|move|p2a: Vaporeon|Scald|p1a: Vikavolt
|-damage|p1a: Vikavolt|0 fnt
|faint|p1a: Vikavolt
|
|-heal|p2a: Vaporeon|73/100|[from] item: Leftovers
|upkeep
|
|t:|1757917059
|switch|p1a: Gholdengo|Gholdengo|100/100
|-item|p1a: Gholdengo|Air Balloon
|turn|22
|
|t:|1757917073
|move|p1a: Gholdengo|Thunder Wave|p2a: Vaporeon
|-status|p2a: Vaporeon|par
|cant|p2a: Vaporeon|par
|
|-heal|p2a: Vaporeon|79/100 par|[from] item: Leftovers
|upkeep
|turn|23
|
|t:|1757917085
|move|p1a: Gholdengo|Hex|p2a: Vaporeon
|-damage|p2a: Vaporeon|24/100 par
|move|p2a: Vaporeon|Scald|p1a: Gholdengo
|-damage|p1a: Gholdengo|70/100
|-status|p1a: Gholdengo|brn
|-enditem|p1a: Gholdengo|Air Balloon
|
|-heal|p2a: Vaporeon|31/100 par|[from] item: Leftovers
|-damage|p1a: Gholdengo|64/100 brn|[from] brn
|upkeep
|turn|24
|
|t:|1757917092
|switch|p2a: Whimsicott|Whimsicott, M, shiny|100/100
|move|p1a: Gholdengo|Hex|p2a: Whimsicott
|-damage|p2a: Whimsicott|63/100
|
|-heal|p2a: Whimsicott|69/100|[from] item: Leftovers
|-damage|p1a: Gholdengo|58/100 brn|[from] brn
|upkeep
|turn|25
|
|t:|1757917099
|move|p2a: Whimsicott|Protect|p2a: Whimsicott
|-singleturn|p2a: Whimsicott|Protect
|move|p1a: Gholdengo|Make It Rain|p2a: Whimsicott
|-activate|p2a: Whimsicott|move: Protect
|
|-heal|p2a: Whimsicott|75/100|[from] item: Leftovers
|-damage|p1a: Gholdengo|52/100 brn|[from] brn
|upkeep
|turn|26
|
|t:|1757917107
|move|p2a: Whimsicott|Leech Seed|p1a: Gholdengo
|-immune|p1a: Gholdengo|[from] ability: Good as Gold
|move|p1a: Gholdengo|Recover|p1a: Gholdengo
|-heal|p1a: Gholdengo|100/100 brn
|
|-heal|p2a: Whimsicott|81/100|[from] item: Leftovers
|-damage|p1a: Gholdengo|94/100 brn|[from] brn
|upkeep
|turn|27
|-message|Dhdydhdbdhdhdbd forfeited.
|
|win|gonichupamatracas
|raw|gonichupamatracas's rating: 1066 &rarr; <strong>1096</strong><br />(+30 for winning)
|raw|Dhdydhdbdhdhdbd's rating: 1066 &rarr; <strong>1046</strong><br />(-20 for losing)
|l|☆Dhdydhdbdhdhdbd
|player|p2|
|l|☆gonichupamatracas
|player|p1|
