|j|☆popswrong4laughing
|j|☆TirTire
|t:|1757809885
|gametype|singles
|player|p1|popswrong4laughing|galacticgrunt|1452
|player|p2|TirTire|bugcatcher-gen4dp|1443
|gen|9
|tier|[Gen 9] OU
|rated|
|rule|HP Percentage Mod: HP is shown in percentages
|rule|Endless Battle Clause: Forcing endless battles is banned
|rule|Species Clause: Limit one of each Pokémon
|rule|OHKO Clause: OHKO moves are banned
|rule|Evasion Items Clause: Evasion items are banned
|rule|Evasion Moves Clause: Evasion moves are banned
|rule|Evasion Abilities Clause: Evasion abilities are banned
|rule|Sleep Moves Clause: Sleep-inducing moves are banned
|clearpoke
|poke|p1|Tornadus-Therian, M|
|poke|p1|Thundurus, M|
|poke|p1|Landorus-Therian, M|
|poke|p1|Entei|
|poke|p1|Suicune|
|poke|p1|Raging Bolt|
|poke|p2|Araquanid, M|
|poke|p2|Ogerpon-Wellspring, F|
|poke|p2|Gholdengo|
|poke|p2|Iron Moth|
|poke|p2|Raging Bolt|
|poke|p2|Enamorus, F|
|teampreview
|
|t:|1757809889
|teamsize|p1|6
|teamsize|p2|6
|start
|switch|p1a: Thundurus|Thundurus, M|100/100
|switch|p2a: Aesop Rock|Araquanid, M|100/100
|turn|1
|
|t:|1757809898
|move|p1a: Thundurus|Thunderbolt|p2a: Aesop Rock
|-supereffective|p2a: Aesop Rock
|-damage|p2a: Aesop Rock|48/100
|move|p2a: Aesop Rock|Sticky Web|p1a: Thundurus
|-sidestart|p1: popswrong4laughing|move: Sticky Web
|
|upkeep
|turn|2
|
|t:|1757809904
|switch|p2a: MF DOOM|Raging Bolt|100/100
|move|p1a: Thundurus|Thunderbolt|p2a: MF DOOM
|-resisted|p2a: MF DOOM
|-damage|p2a: MF DOOM|89/100
|
|-heal|p2a: MF DOOM|95/100|[from] item: Leftovers
|upkeep
|turn|3
|
|t:|1757809912
|switch|p1a: Landorus|Landorus-Therian, M|100/100
|-ability|p1a: Landorus|Intimidate|boost
|-unboost|p2a: MF DOOM|atk|1
|-end|p2a: MF DOOM|Protosynthesis|[silent]
|switch|p2a: Aesop Rock|Araquanid, M|48/100
|
|upkeep
|turn|4
|
|t:|1757809919
|move|p1a: Landorus|U-turn|p2a: Aesop Rock
|-damage|p2a: Aesop Rock|26/100
|
|t:|1757809921
|switch|p1a: Suicune|Suicune|100/100|[from] U-turn
|-activate|p1a: Suicune|move: Sticky Web
|-unboost|p1a: Suicune|spe|1
|-ability|p1a: Suicune|Pressure
|move|p2a: Aesop Rock|Surf|p1a: Suicune
|-resisted|p1a: Suicune
|-damage|p1a: Suicune|86/100
|
|-heal|p1a: Suicune|92/100|[from] item: Leftovers
|upkeep
|turn|5
|
|t:|1757809931
|move|p1a: Suicune|Ice Beam|p2a: Aesop Rock
|-resisted|p2a: Aesop Rock
|-damage|p2a: Aesop Rock|18/100
|move|p2a: Aesop Rock|Endeavor|p1a: Suicune
|-damage|p1a: Suicune|16/100
|
|-heal|p1a: Suicune|22/100|[from] item: Leftovers
|upkeep
|turn|6
|
|t:|1757809946
|switch|p2a: Damon Albarn|Iron Moth|100/100
|-enditem|p2a: Damon Albarn|Booster Energy
|-activate|p2a: Damon Albarn|ability: Quark Drive|[fromitem]
|-start|p2a: Damon Albarn|quarkdrivespa
|move|p1a: Suicune|Ice Beam|p2a: Damon Albarn
|-resisted|p2a: Damon Albarn
|-damage|p2a: Damon Albarn|87/100
|-status|p2a: Damon Albarn|frz
|
|-heal|p1a: Suicune|28/100|[from] item: Leftovers
|upkeep
|turn|7
|
|t:|1757809956
|cant|p2a: Damon Albarn|frz
|move|p1a: Suicune|Scald|p2a: Damon Albarn
|-supereffective|p2a: Damon Albarn
|-damage|p2a: Damon Albarn|15/100 frz
|-curestatus|p2a: Damon Albarn|frz|[msg]
|
|-heal|p1a: Suicune|34/100|[from] item: Leftovers
|upkeep
|turn|8
|c|☆TirTire|thanks
|
|t:|1757809965
|switch|p1a: Entei|Entei|100/100
|move|p2a: Damon Albarn|Energy Ball|p1a: Entei
|-resisted|p1a: Entei
|-damage|p1a: Entei|74/100
|-unboost|p1a: Entei|spd|1
|
|upkeep
|turn|9
|
|t:|1757809972
|move|p1a: Entei|Extreme Speed|p2a: Damon Albarn
|-damage|p2a: Damon Albarn|0 fnt
|faint|p2a: Damon Albarn
|-end|p2a: Damon Albarn|Quark Drive|[silent]
|
|upkeep
|
|t:|1757809981
|switch|p2a: Childish Gambino|Ogerpon-Wellspring, F|100/100
|turn|10
|
|t:|1757809985
|move|p2a: Childish Gambino|Ivy Cudgel|p1a: Entei|[anim] Ivy Cudgel Water
|-supereffective|p1a: Entei
|-crit|p1a: Entei
|-damage|p1a: Entei|0 fnt
|faint|p1a: Entei
|
|upkeep
|
|t:|1757809990
|switch|p1a: Tornadus|Tornadus-Therian, M|100/100
|turn|11
|
|t:|1757809994
|switch|p2a: Daveed Digs|Gholdengo|100/100
|move|p1a: Tornadus|Bleakwind Storm|p2a: Daveed Digs
|-resisted|p2a: Daveed Digs
|-damage|p2a: Daveed Digs|62/100
|-damage|p1a: Tornadus|91/100|[from] item: Life Orb
|
|-heal|p2a: Daveed Digs|68/100|[from] item: Leftovers
|upkeep
|turn|12
|
|t:|1757810002
|move|p1a: Tornadus|Heat Wave|p2a: Daveed Digs|[miss]
|-miss|p1a: Tornadus|p2a: Daveed Digs
|move|p2a: Daveed Digs|Shadow Ball|p1a: Tornadus
|-damage|p1a: Tornadus|37/100
|
|-heal|p2a: Daveed Digs|74/100|[from] item: Leftovers
|upkeep
|turn|13
|
|t:|1757810010
|switch|p2a: Aesop Rock|Araquanid, M|18/100
|move|p1a: Tornadus|Heat Wave|p2a: Aesop Rock
|-damage|p2a: Aesop Rock|5/100
|-damage|p1a: Tornadus|27/100|[from] item: Life Orb
|
|upkeep
|turn|14
|-enditem|p2a: Aesop Rock|Custap Berry|[eat]
|-activate|p2a: Aesop Rock|item: Custap Berry|[consumed]
|
|t:|1757810017
|move|p2a: Aesop Rock|Surf|p1a: Tornadus
|-damage|p1a: Tornadus|0 fnt
|faint|p1a: Tornadus
|
|upkeep
|
|t:|1757810020
|switch|p1a: Landorus|Landorus-Therian, M|100/100
|-ability|p1a: Landorus|Intimidate|boost
|-unboost|p2a: Aesop Rock|atk|1
|turn|15
|
|t:|1757810026
|move|p1a: Landorus|U-turn|p2a: Aesop Rock
|-damage|p2a: Aesop Rock|0 fnt
|faint|p2a: Aesop Rock
|
|t:|1757810030
|switch|p1a: Sneaky Bolt|Raging Bolt|100/100|[from] U-turn
|-activate|p1a: Sneaky Bolt|move: Sticky Web
|-unboost|p1a: Sneaky Bolt|spe|1
|-enditem|p1a: Sneaky Bolt|Booster Energy
|-activate|p1a: Sneaky Bolt|ability: Protosynthesis|[fromitem]
|-start|p1a: Sneaky Bolt|protosynthesisspa
|
|upkeep
|
|t:|1757810036
|switch|p2a: MF DOOM|Raging Bolt|95/100
|turn|16
|
|t:|1757810038
|-terastallize|p1a: Sneaky Bolt|Fairy
|move|p2a: MF DOOM|Draco Meteor|p1a: Sneaky Bolt
|-immune|p1a: Sneaky Bolt
|move|p1a: Sneaky Bolt|Dragon Pulse|p2a: MF DOOM
|-supereffective|p2a: MF DOOM
|-damage|p2a: MF DOOM|0 fnt
|faint|p2a: MF DOOM
|-end|p2a: MF DOOM|Protosynthesis|[silent]
|
|upkeep
|
|t:|1757810050
|switch|p2a: Daveed Digs|Gholdengo|74/100
|turn|17
|
|t:|1757810053
|move|p2a: Daveed Digs|Substitute|p2a: Daveed Digs
|-start|p2a: Daveed Digs|Substitute
|-damage|p2a: Daveed Digs|49/100
|move|p1a: Sneaky Bolt|Thunderbolt|p2a: Daveed Digs
|-end|p2a: Daveed Digs|Substitute
|
|-heal|p2a: Daveed Digs|55/100|[from] item: Leftovers
|upkeep
|turn|18
|
|t:|1757810060
|-end|p1a: Sneaky Bolt|Protosynthesis|[silent]
|switch|p1a: Landorus|Landorus-Therian, M|100/100
|-ability|p1a: Landorus|Intimidate|boost
|-unboost|p2a: Daveed Digs|atk|1
|move|p2a: Daveed Digs|Make It Rain|p1a: Landorus
|-damage|p1a: Landorus|28/100
|-unboost|p2a: Daveed Digs|spa|1
|
|-heal|p2a: Daveed Digs|61/100|[from] item: Leftovers
|upkeep
|turn|19
|
|t:|1757810070
|switch|p2a: ISSBROKIE|Enamorus, F|100/100
|move|p1a: Landorus|Stealth Rock|p2a: ISSBROKIE
|-sidestart|p2: TirTire|move: Stealth Rock
|
|upkeep
|turn|20
|
|t:|1757810075
|move|p2a: ISSBROKIE|Moonblast|p1a: Landorus
|-damage|p1a: Landorus|0 fnt
|faint|p1a: Landorus
|-damage|p2a: ISSBROKIE|91/100|[from] item: Life Orb
|
|upkeep
|
|t:|1757810081
|switch|p1a: Thundurus|Thundurus, M|100/100
|turn|21
|
|t:|1757810088
|-terastallize|p2a: ISSBROKIE|Steel
|move|p1a: Thundurus|Thunderbolt|p2a: ISSBROKIE
|-damage|p2a: ISSBROKIE|29/100
|move|p2a: ISSBROKIE|Moonblast|p1a: Thundurus
|-damage|p1a: Thundurus|4/100
|-damage|p2a: ISSBROKIE|19/100|[from] item: Life Orb
|
|upkeep
|turn|22
|
|t:|1757810096
|move|p1a: Thundurus|Thunderbolt|p2a: ISSBROKIE
|-damage|p2a: ISSBROKIE|0 fnt
|faint|p2a: ISSBROKIE
|
|upkeep
|
|t:|1757810105
|switch|p2a: Daveed Digs|Gholdengo|61/100
|-damage|p2a: Daveed Digs|55/100|[from] Stealth Rock
|turn|23
|
|t:|1757810108
|move|p1a: Thundurus|Thunderbolt|p2a: Daveed Digs
|-damage|p2a: Daveed Digs|0 fnt
|faint|p2a: Daveed Digs
|
|upkeep
|
|t:|1757810112
|switch|p2a: Childish Gambino|Ogerpon-Wellspring, F|100/100
|-damage|p2a: Childish Gambino|88/100|[from] Stealth Rock
|turn|24
|
|t:|1757810115
|move|p1a: Thundurus|Thunderbolt|p2a: Childish Gambino
|-damage|p2a: Childish Gambino|34/100
|move|p2a: Childish Gambino|U-turn|p1a: Thundurus
|-resisted|p1a: Thundurus
|-damage|p1a: Thundurus|0 fnt
|faint|p1a: Thundurus
|
|upkeep
|
|t:|1757810118
|switch|p1a: Sneaky Bolt|Raging Bolt, tera:Fairy|100/100
|-activate|p1a: Sneaky Bolt|move: Sticky Web
|-unboost|p1a: Sneaky Bolt|spe|1
|turn|25
|
|t:|1757810124
|move|p2a: Childish Gambino|Ivy Cudgel|p1a: Sneaky Bolt|[anim] Ivy Cudgel Water
|-damage|p1a: Sneaky Bolt|34/100
|move|p1a: Sneaky Bolt|Thunderbolt|p2a: Childish Gambino
|-damage|p2a: Childish Gambino|0 fnt
|faint|p2a: Childish Gambino
|
|win|popswrong4laughing
|raw|popswrong4laughing's rating: 1452 &rarr; <strong>1471</strong><br />(+19 for winning)
|raw|TirTire's rating: 1443 &rarr; <strong>1424</strong><br />(-19 for losing)
|c|☆popswrong4laughing|gg
|c|☆TirTire|gg
|l|☆TirTire
|player|p2|
