|j|☆wuppygirl
|j|☆wangeoyt27
|t:|1757941907
|gametype|singles
|player|p1|wuppygirl|waitress|1192
|player|p2|wangeoyt27|2|1132
|gen|9
|tier|[Gen 9] OU
|rated|
|rule|HP Percentage Mod: HP is shown in percentages
|rule|Endless Battle Clause: Forcing endless battles is banned
|rule|Species Clause: Limit one of each Pokémon
|rule|OHKO Clause: OHKO moves are banned
|rule|Evasion Items Clause: Evasion items are banned
|rule|Evasion Moves Clause: Evasion moves are banned
|rule|Evasion Abilities Clause: Evasion abilities are banned
|rule|Sleep Moves Clause: Sleep-inducing moves are banned
|clearpoke
|poke|p1|Indeedee, M|
|poke|p1|Hatterene, F|
|poke|p1|Ursaluna, F|
|poke|p1|Iron Hands|
|poke|p1|Hoopa-Unbound|
|poke|p1|Mimikyu, F|
|poke|p2|Jumpluff, M|
|poke|p2|Eelektross, M|
|poke|p2|Vaporeon, F|
|poke|p2|Charizard, M|
|poke|p2|Snorlax, M|
|poke|p2|Torkoal, M|
|teampreview
|inactive|Battle timer is ON: inactive players will automatically lose when time's up. (requested by wangeoyt27)
|
|t:|1757941921
|teamsize|p1|6
|teamsize|p2|6
|start
|switch|p1a: Ursaluna|Ursaluna, F, shiny|100/100
|switch|p2a: Fumón|Torkoal, M|100/100
|-weather|SunnyDay|[from] ability: Drought|[of] p2a: Fumón
|turn|1
|
|t:|1757941926
|move|p1a: Ursaluna|Facade|p2a: Fumón
|-damage|p2a: Fumón|70/100
|move|p2a: Fumón|Will-O-Wisp|p1a: Ursaluna
|-status|p1a: Ursaluna|brn
|
|-weather|SunnyDay|[upkeep]
|-damage|p1a: Ursaluna|94/100 brn|[from] brn
|upkeep
|turn|2
|inactive|wangeoyt27 has 120 seconds left.
|
|t:|1757941969
|move|p1a: Ursaluna|Facade|p2a: Fumón
|-damage|p2a: Fumón|0 fnt
|faint|p2a: Fumón
|
|-weather|SunnyDay|[upkeep]
|-damage|p1a: Ursaluna|88/100 brn|[from] brn
|upkeep
|
|t:|1757941977
|switch|p2a: Quema traseros|Charizard, M|100/100
|turn|3
|inactive|wuppygirl has 120 seconds left.
|
|t:|1757942017
|switch|p1a: Mimikyu|Mimikyu, F, shiny|100/100
|move|p2a: Quema traseros|Flamethrower|p1a: Mimikyu
|-activate|p1a: Mimikyu|ability: Disguise
|-damage|p1a: Mimikyu|100/100
|-status|p1a: Mimikyu|brn
|detailschange|p1a: Mimikyu|Mimikyu-Busted, F, shiny
|-damage|p1a: Mimikyu|88/100 brn|[from] pokemon: Mimikyu-Busted
|-enditem|p1a: Mimikyu|Red Card|[of] p2a: Quema traseros
|drag|p2a: Boomer|Snorlax, M|100/100
|
|-weather|SunnyDay|[upkeep]
|-damage|p1a: Mimikyu|82/100 brn|[from] brn
|upkeep
|turn|4
|inactive|wuppygirl has 120 seconds left.
|inactive|wangeoyt27 has 120 seconds left.
|
|t:|1757942033
|move|p2a: Boomer|Earthquake|p1a: Mimikyu
|-damage|p1a: Mimikyu|49/100 brn
|move|p1a: Mimikyu|Trick Room|p1a: Mimikyu
|-fieldstart|move: Trick Room|[of] p1a: Mimikyu
|
|-weather|SunnyDay|[upkeep]
|-damage|p1a: Mimikyu|43/100 brn|[from] brn
|upkeep
|turn|5
|inactive|wangeoyt27 has 120 seconds left.
|inactive|wuppygirl has 120 seconds left.
|
|t:|1757942053
|move|p2a: Boomer|Earthquake|p1a: Mimikyu
|-crit|p1a: Mimikyu
|-damage|p1a: Mimikyu|0 fnt
|faint|p1a: Mimikyu
|
|-weather|none
|upkeep
|
|t:|1757942057
|switch|p1a: Ursaluna|Ursaluna, F, shiny|88/100 brn
|turn|6
|inactive|wangeoyt27 has 120 seconds left.
|
|t:|1757942074
|move|p2a: Boomer|Body Slam|p1a: Ursaluna
|-damage|p1a: Ursaluna|55/100 brn
|move|p1a: Ursaluna|Facade|p2a: Boomer
|-damage|p2a: Boomer|0 fnt
|faint|p2a: Boomer
|
|-damage|p1a: Ursaluna|49/100 brn|[from] brn
|upkeep
|
|t:|1757942085
|switch|p2a: Violador|Jumpluff, M|100/100
|turn|7
|
|t:|1757942093
|move|p2a: Violador|Protect|p2a: Violador
|-singleturn|p2a: Violador|Protect
|move|p1a: Ursaluna|Facade|p2a: Violador
|-activate|p2a: Violador|move: Protect
|
|-damage|p1a: Ursaluna|43/100 brn|[from] brn
|upkeep
|turn|8
|inactive|wangeoyt27 has 120 seconds left.
|
|t:|1757942111
|switch|p2a: Quema traseros|Charizard, M|100/100
|move|p1a: Ursaluna|Facade|p2a: Quema traseros
|-damage|p2a: Quema traseros|0 fnt
|faint|p2a: Quema traseros
|
|-damage|p1a: Ursaluna|37/100 brn|[from] brn
|-fieldend|move: Trick Room
|upkeep
|
|t:|1757942124
|switch|p2a: Violador|Jumpluff, M|100/100
|turn|9
|
|t:|1757942132
|switch|p1a: Indeedee|Indeedee, M, shiny|100/100
|-fieldstart|move: Psychic Terrain|[from] ability: Psychic Surge|[of] p1a: Indeedee
|move|p2a: Violador|Leech Seed|p1a: Indeedee
|-start|p1a: Indeedee|move: Leech Seed
|
|-damage|p1a: Indeedee|88/100|[from] Leech Seed|[of] p2a: Violador
|upkeep
|turn|10
|inactive|wangeoyt27 has 120 seconds left.
|
|t:|1757942138
|switch|p2a: Kacha abuelas|Eelektross, M|100/100
|switch|p1a: Hatterene|Hatterene, F, shiny|100/100
|
|upkeep
|turn|11
|
|t:|1757942143
|move|p2a: Kacha abuelas|Knock Off|p1a: Hatterene
|-damage|p1a: Hatterene|71/100
|-enditem|p1a: Hatterene|Life Orb|[from] move: Knock Off|[of] p2a: Kacha abuelas
|-damage|p2a: Kacha abuelas|91/100|[from] item: Life Orb
|move|p1a: Hatterene|Trick Room|p1a: Hatterene
|-fieldstart|move: Trick Room|[of] p1a: Hatterene
|
|upkeep
|turn|12
|
|t:|1757942155
|move|p1a: Hatterene|Expanding Force|p2a: Kacha abuelas
|-damage|p2a: Kacha abuelas|0 fnt
|faint|p2a: Kacha abuelas
|
|upkeep
|
|t:|1757942159
|switch|p2a: Cariñosa|Vaporeon, F|100/100
|turn|13
|
|t:|1757942165
|move|p1a: Hatterene|Expanding Force|p2a: Cariñosa
|-damage|p2a: Cariñosa|29/100
|move|p2a: Cariñosa|Scald|p1a: Hatterene
|-damage|p1a: Hatterene|33/100
|
|-heal|p2a: Cariñosa|35/100|[from] item: Leftovers
|upkeep
|turn|14
|
|t:|1757942172
|move|p2a: Cariñosa|Protect|p2a: Cariñosa
|-singleturn|p2a: Cariñosa|Protect
|move|p1a: Hatterene|Expanding Force|p2a: Cariñosa
|-activate|p2a: Cariñosa|move: Protect
|
|-heal|p2a: Cariñosa|42/100|[from] item: Leftovers
|upkeep
|turn|15
|
|t:|1757942174
|move|p1a: Hatterene|Expanding Force|p2a: Cariñosa
|-crit|p2a: Cariñosa
|-damage|p2a: Cariñosa|0 fnt
|faint|p2a: Cariñosa
|
|-fieldend|move: Trick Room
|upkeep
|
|t:|1757942176
|switch|p2a: Violador|Jumpluff, M|100/100
|turn|16
|
|t:|1757942179
|move|p2a: Violador|Leech Seed|p1a: Hatterene
|move|p1a: Hatterene|Leech Seed|p2a: Violador|[from] ability: Magic Bounce
|-immune|p2a: Violador
|move|p1a: Hatterene|Trick Room|p1a: Hatterene
|-fieldstart|move: Trick Room|[of] p1a: Hatterene
|
|-fieldend|move: Psychic Terrain
|upkeep
|turn|17
|inactive|wangeoyt27 has 120 seconds left.
|inactive|wangeoyt27 has 90 seconds left.
|inactive|wangeoyt27 has 60 seconds left.
|inactive|wangeoyt27 has 30 seconds left.
|inactive|wangeoyt27 has 20 seconds left.
|inactive|wangeoyt27 has 15 seconds left.
|inactive|wangeoyt27 has 10 seconds left.
|inactive|wangeoyt27 has 5 seconds left.
|-message|wangeoyt27 lost due to inactivity.
|
|win|wuppygirl
|raw|wuppygirl's rating: 1192 &rarr; <strong>1213</strong><br />(+21 for winning)
|raw|wangeoyt27's rating: 1132 &rarr; <strong>1111</strong><br />(-21 for losing)
