|j|☆AnonymousJon
|j|☆disco 2003
|t:|1757911542
|gametype|singles
|player|p1|AnonymousJon|workerice|1763
|player|p2|disco 2003|policeman-gen4|1742
|gen|9
|tier|[Gen 9] OU
|rated|
|rule|HP Percentage Mod: HP is shown in percentages
|rule|Endless Battle Clause: Forcing endless battles is banned
|rule|Species Clause: Limit one of each Pokémon
|rule|OHKO Clause: OHKO moves are banned
|rule|Evasion Items Clause: Evasion items are banned
|rule|Evasion Moves Clause: Evasion moves are banned
|rule|Evasion Abilities Clause: Evasion abilities are banned
|rule|Sleep Moves Clause: Sleep-inducing moves are banned
|clearpoke
|poke|p1|Great Tusk|
|poke|p1|Ogerpon-Cornerstone, F|
|poke|p1|Rillaboom, F|
|poke|p1|Tyranitar, F|
|poke|p1|Corviknight, F|
|poke|p1|Dragapult, F|
|poke|p2|Dragonite, F|
|poke|p2|Zamazenta-*|
|poke|p2|Landorus-Therian, M|
|poke|p2|Gholdengo|
|poke|p2|Darkrai|
|poke|p2|Hatterene, F|
|teampreview
|inactive|Battle timer is ON: inactive players will automatically lose when time's up. (requested by AnonymousJon)
|j| hoopsspooh
|l| hoopsspooh
|
|t:|1757911573
|teamsize|p1|6
|teamsize|p2|6
|start
|switch|p1a: Dragapult|Dragapult, F|100/100
|switch|p2a: Darkrai|Darkrai|100/100
|turn|1
|
|t:|1757911579
|switch|p1a: Tyranitar|Tyranitar, F|100/100
|-weather|Sandstorm|[from] ability: Sand Stream|[of] p1a: Tyranitar
|move|p2a: Darkrai|Will-O-Wisp|p1a: Tyranitar
|-status|p1a: Tyranitar|brn
|
|-weather|Sandstorm|[upkeep]
|-damage|p2a: Darkrai|95/100|[from] Sandstorm
|-damage|p1a: Tyranitar|94/100 brn|[from] brn
|upkeep
|turn|2
|
|t:|1757911585
|move|p2a: Darkrai|Taunt|p1a: Tyranitar
|-start|p1a: Tyranitar|move: Taunt
|move|p1a: Tyranitar|Knock Off|p2a: Darkrai
|-resisted|p2a: Darkrai
|-damage|p2a: Darkrai|82/100
|-enditem|p2a: Darkrai|Heavy-Duty Boots|[from] move: Knock Off|[of] p1a: Tyranitar
|
|-weather|Sandstorm|[upkeep]
|-damage|p2a: Darkrai|76/100|[from] Sandstorm
|-heal|p1a: Tyranitar|100/100 brn|[from] item: Leftovers
|-damage|p1a: Tyranitar|94/100 brn|[from] brn
|upkeep
|turn|3
|
|t:|1757911598
|move|p2a: Darkrai|Will-O-Wisp|p1a: Tyranitar
|-fail|p1a: Tyranitar|brn
|move|p1a: Tyranitar|Knock Off|p2a: Darkrai
|-resisted|p2a: Darkrai
|-damage|p2a: Darkrai|68/100
|
|-weather|Sandstorm|[upkeep]
|-damage|p2a: Darkrai|62/100|[from] Sandstorm
|-heal|p1a: Tyranitar|100/100 brn|[from] item: Leftovers
|-damage|p1a: Tyranitar|94/100 brn|[from] brn
|upkeep
|turn|4
|
|t:|1757911603
|move|p2a: Darkrai|Will-O-Wisp|p1a: Tyranitar|[miss]
|-miss|p2a: Darkrai|p1a: Tyranitar
|move|p1a: Tyranitar|Knock Off|p2a: Darkrai
|-resisted|p2a: Darkrai
|-damage|p2a: Darkrai|54/100
|
|-weather|Sandstorm|[upkeep]
|-damage|p2a: Darkrai|48/100|[from] Sandstorm
|-heal|p1a: Tyranitar|100/100 brn|[from] item: Leftovers
|-damage|p1a: Tyranitar|94/100 brn|[from] brn
|-end|p1a: Tyranitar|move: Taunt
|upkeep
|turn|5
|
|t:|1757911616
|move|p2a: Darkrai|Taunt|p1a: Tyranitar
|-start|p1a: Tyranitar|move: Taunt
|move|p1a: Tyranitar|Stone Edge|p2a: Darkrai
|-damage|p2a: Darkrai|22/100
|
|-weather|none
|-heal|p1a: Tyranitar|100/100 brn|[from] item: Leftovers
|-damage|p1a: Tyranitar|94/100 brn|[from] brn
|upkeep
|turn|6
|j| isaac_gam3r
|l| isaac_gam3r
|
|t:|1757911627
|switch|p2a: Landorus|Landorus-Therian, M|100/100
|-ability|p2a: Landorus|Intimidate|boost
|-unboost|p1a: Tyranitar|atk|1
|move|p1a: Tyranitar|Knock Off|p2a: Landorus
|-damage|p2a: Landorus|87/100
|-damage|p1a: Tyranitar|78/100 brn|[from] item: Rocky Helmet|[of] p2a: Landorus
|-enditem|p2a: Landorus|Rocky Helmet|[from] move: Knock Off|[of] p1a: Tyranitar
|
|-heal|p1a: Tyranitar|84/100 brn|[from] item: Leftovers
|-damage|p1a: Tyranitar|78/100 brn|[from] brn
|upkeep
|turn|7
|
|t:|1757911636
|switch|p1a: Corviknight|Corviknight, F|100/100
|-ability|p1a: Corviknight|Pressure
|move|p2a: Landorus|U-turn|p1a: Corviknight
|-resisted|p1a: Corviknight
|-damage|p1a: Corviknight|97/100
|-damage|p2a: Landorus|70/100|[from] item: Rocky Helmet|[of] p1a: Corviknight
|
|t:|1757911643
|switch|p2a: Gholdengo|Gholdengo|100/100|[from] U-turn
|
|upkeep
|turn|8
|
|t:|1757911647
|switch|p1a: Tyranitar|Tyranitar, F|78/100 brn
|-weather|Sandstorm|[from] ability: Sand Stream|[of] p1a: Tyranitar
|move|p2a: Gholdengo|Thunderbolt|p1a: Tyranitar
|-damage|p1a: Tyranitar|63/100 brn
|
|-weather|Sandstorm|[upkeep]
|-heal|p1a: Tyranitar|70/100 brn|[from] item: Leftovers
|-damage|p1a: Tyranitar|63/100 brn|[from] brn
|upkeep
|turn|9
|
|t:|1757911654
|switch|p2a: Landorus|Landorus-Therian, M|70/100
|-ability|p2a: Landorus|Intimidate|boost
|-unboost|p1a: Tyranitar|atk|1
|move|p1a: Tyranitar|Knock Off|p2a: Landorus
|-damage|p2a: Landorus|61/100
|
|-weather|Sandstorm|[upkeep]
|-heal|p1a: Tyranitar|70/100 brn|[from] item: Leftovers
|-damage|p1a: Tyranitar|63/100 brn|[from] brn
|upkeep
|turn|10
|
|t:|1757911663
|switch|p1a: Corviknight|Corviknight, F|97/100
|-ability|p1a: Corviknight|Pressure
|move|p2a: Landorus|Stealth Rock|p1a: Corviknight
|-sidestart|p1: AnonymousJon|move: Stealth Rock
|
|-weather|Sandstorm|[upkeep]
|upkeep
|turn|11
|
|t:|1757911669
|move|p2a: Landorus|Taunt|p1a: Corviknight
|-start|p1a: Corviknight|move: Taunt
|move|p1a: Corviknight|U-turn|p2a: Landorus
|-resisted|p2a: Landorus
|-damage|p2a: Landorus|55/100
|
|t:|1757911672
|switch|p1a: Great Tusk|Great Tusk|100/100|[from] U-turn
|-damage|p1a: Great Tusk|98/100|[from] Stealth Rock
|
|-weather|Sandstorm|[upkeep]
|upkeep
|turn|12
|
|t:|1757911677
|move|p2a: Landorus|U-turn|p1a: Great Tusk
|-resisted|p1a: Great Tusk
|-damage|p1a: Great Tusk|90/100
|
|t:|1757911683
|switch|p2a: Darkrai|Darkrai|22/100|[from] U-turn
|move|p1a: Great Tusk|Rapid Spin|p2a: Darkrai
|-damage|p2a: Darkrai|4/100
|-boost|p1a: Great Tusk|spe|1
|-sideend|p1: AnonymousJon|Stealth Rock|[from] move: Rapid Spin|[of] p1a: Great Tusk
|
|-weather|none
|upkeep
|turn|13
|
|t:|1757911693
|switch|p2a: Gholdengo|Gholdengo|100/100
|-end|p1a: Great Tusk|Protosynthesis|[silent]
|switch|p1a: Tyranitar|Tyranitar, F|63/100 brn
|-weather|Sandstorm|[from] ability: Sand Stream|[of] p1a: Tyranitar
|
|-weather|Sandstorm|[upkeep]
|-heal|p1a: Tyranitar|70/100 brn|[from] item: Leftovers
|-damage|p1a: Tyranitar|63/100 brn|[from] brn
|upkeep
|turn|14
|
|t:|1757911701
|move|p2a: Gholdengo|Make It Rain|p1a: Tyranitar
|-supereffective|p1a: Tyranitar
|-damage|p1a: Tyranitar|0 fnt
|-unboost|p2a: Gholdengo|spa|1
|faint|p1a: Tyranitar
|
|-weather|Sandstorm|[upkeep]
|upkeep
|
|t:|1757911707
|switch|p1a: Corviknight|Corviknight, F|97/100
|-ability|p1a: Corviknight|Pressure
|turn|15
|
|t:|1757911710
|move|p2a: Gholdengo|Nasty Plot|p2a: Gholdengo
|-boost|p2a: Gholdengo|spa|2
|move|p1a: Corviknight|U-turn|p2a: Gholdengo
|-resisted|p2a: Gholdengo
|-damage|p2a: Gholdengo|97/100
|
|t:|1757911713
|switch|p1a: Great Tusk|Great Tusk|90/100|[from] U-turn
|
|-weather|Sandstorm|[upkeep]
|upkeep
|turn|16
|
|t:|1757911718
|switch|p2a: Landorus|Landorus-Therian, M|55/100
|-ability|p2a: Landorus|Intimidate|boost
|-unboost|p1a: Great Tusk|atk|1
|move|p1a: Great Tusk|Headlong Rush|p2a: Landorus
|-immune|p2a: Landorus
|
|-weather|Sandstorm|[upkeep]
|upkeep
|turn|17
|
|t:|1757911733
|switch|p2a: Gholdengo|Gholdengo|97/100
|-end|p1a: Great Tusk|Protosynthesis|[silent]
|switch|p1a: Rillaboom|Rillaboom, F|100/100
|-fieldstart|move: Grassy Terrain|[from] ability: Grassy Surge|[of] p1a: Rillaboom
|
|-weather|none
|-heal|p2a: Gholdengo|100/100|[from] Grassy Terrain
|upkeep
|turn|18
|
|t:|1757911745
|move|p1a: Rillaboom|Wood Hammer|p2a: Gholdengo
|-resisted|p2a: Gholdengo
|-damage|p2a: Gholdengo|33/100
|-damage|p1a: Rillaboom|78/100|[from] Recoil
|move|p2a: Gholdengo|Make It Rain|p1a: Rillaboom
|-damage|p1a: Rillaboom|0 fnt
|-unboost|p2a: Gholdengo|spa|1
|faint|p1a: Rillaboom
|
|-heal|p2a: Gholdengo|39/100|[from] Grassy Terrain
|upkeep
|
|t:|1757911753
|switch|p1a: Dragapult|Dragapult, F|100/100
|turn|19
|
|t:|1757911768
|switch|p2a: Landorus|Landorus-Therian, M|55/100
|-ability|p2a: Landorus|Intimidate|boost
|-fail|p1a: Dragapult|unboost|[from] ability: Clear Body|[of] p1a: Dragapult
|move|p1a: Dragapult|Substitute|p1a: Dragapult
|-start|p1a: Dragapult|Substitute
|-damage|p1a: Dragapult|76/100
|
|-heal|p1a: Dragapult|82/100|[from] Grassy Terrain
|-heal|p1a: Dragapult|88/100|[from] item: Leftovers
|upkeep
|turn|20
|
|t:|1757911775
|move|p1a: Dragapult|Will-O-Wisp|p2a: Landorus
|-status|p2a: Landorus|brn
|move|p2a: Landorus|Taunt|p1a: Dragapult
|-start|p1a: Dragapult|move: Taunt
|
|-heal|p1a: Dragapult|94/100|[from] Grassy Terrain
|-heal|p1a: Dragapult|100/100|[from] item: Leftovers
|-damage|p2a: Landorus|49/100 brn|[from] brn
|upkeep
|turn|21
|
|t:|1757911785
|switch|p2a: Darkrai|Darkrai|4/100
|move|p1a: Dragapult|Hex|p2a: Darkrai
|-resisted|p2a: Darkrai
|-crit|p2a: Darkrai
|-damage|p2a: Darkrai|0 fnt
|faint|p2a: Darkrai
|
|-fieldend|move: Grassy Terrain
|upkeep
|
|t:|1757911792
|switch|p2a: Hatterene|Hatterene, F|100/100
|turn|22
|
|t:|1757911797
|move|p1a: Dragapult|Hex|p2a: Hatterene
|-supereffective|p2a: Hatterene
|-damage|p2a: Hatterene|66/100
|move|p2a: Hatterene|Psychic Noise|p1a: Dragapult
|-damage|p1a: Dragapult|45/100
|-start|p1a: Dragapult|move: Heal Block
|
|upkeep
|turn|23
|
|t:|1757911804
|switch|p1a: Corviknight|Corviknight, F|97/100
|-ability|p1a: Corviknight|Pressure
|move|p2a: Hatterene|Psychic Noise|p1a: Corviknight
|-resisted|p1a: Corviknight
|-damage|p1a: Corviknight|77/100
|-start|p1a: Corviknight|move: Heal Block
|
|upkeep
|turn|24
|
|t:|1757911813
|switch|p2a: Landorus|Landorus-Therian, M|49/100 brn
|-ability|p2a: Landorus|Intimidate|boost
|-unboost|p1a: Corviknight|atk|1
|move|p1a: Corviknight|U-turn|p2a: Landorus
|-resisted|p2a: Landorus
|-damage|p2a: Landorus|45/100 brn
|
|t:|1757911820
|switch|p1a: Ogerpon|Ogerpon-Cornerstone, F|100/100|[from] U-turn
|
|-damage|p2a: Landorus|39/100 brn|[from] brn
|upkeep
|turn|25
|
|t:|1757911823
|move|p1a: Ogerpon|Ivy Cudgel|p2a: Landorus|[anim] Ivy Cudgel Rock
|-damage|p2a: Landorus|0 fnt
|faint|p2a: Landorus
|
|upkeep
|
|t:|1757911829
|switch|p2a: Zamazenta|Zamazenta|100/100
|-ability|p2a: Zamazenta|Dauntless Shield|boost
|-boost|p2a: Zamazenta|def|1
|turn|26
|
|t:|1757911839
|switch|p1a: Corviknight|Corviknight, F|77/100
|-ability|p1a: Corviknight|Pressure
|move|p2a: Zamazenta|Crunch|p1a: Corviknight
|-damage|p1a: Corviknight|63/100
|-damage|p2a: Zamazenta|84/100|[from] item: Rocky Helmet|[of] p1a: Corviknight
|
|-heal|p2a: Zamazenta|90/100|[from] item: Leftovers
|upkeep
|turn|27
|
|t:|1757911845
|move|p2a: Zamazenta|Iron Defense|p2a: Zamazenta
|-boost|p2a: Zamazenta|def|2
|move|p1a: Corviknight|U-turn|p2a: Zamazenta
|-resisted|p2a: Zamazenta
|-damage|p2a: Zamazenta|88/100
|
|t:|1757911847
|switch|p1a: Dragapult|Dragapult, F|45/100|[from] U-turn
|
|-heal|p1a: Dragapult|51/100|[from] item: Leftovers
|-heal|p2a: Zamazenta|94/100|[from] item: Leftovers
|upkeep
|turn|28
|
|t:|1757911852
|-terastallize|p2a: Zamazenta|Fire
|move|p1a: Dragapult|Will-O-Wisp|p2a: Zamazenta
|-immune|p2a: Zamazenta
|move|p2a: Zamazenta|Crunch|p1a: Dragapult
|-supereffective|p1a: Dragapult
|-damage|p1a: Dragapult|0 fnt
|faint|p1a: Dragapult
|
|-heal|p2a: Zamazenta|99/100|[from] item: Leftovers
|upkeep
|
|t:|1757911855
|switch|p1a: Ogerpon|Ogerpon-Cornerstone, F|100/100
|turn|29
|
|t:|1757911862
|move|p2a: Zamazenta|Body Press|p1a: Ogerpon
|-supereffective|p1a: Ogerpon
|-ability|p1a: Ogerpon|Sturdy
|-damage|p1a: Ogerpon|1/100
|move|p1a: Ogerpon|Ivy Cudgel|p2a: Zamazenta|[anim] Ivy Cudgel Rock
|-supereffective|p2a: Zamazenta
|-damage|p2a: Zamazenta|67/100
|
|-heal|p2a: Zamazenta|73/100|[from] item: Leftovers
|upkeep
|turn|30
|-message|AnonymousJon forfeited.
|
|win|disco 2003
|raw|AnonymousJon's rating: 1763 &rarr; <strong>1742</strong><br />(-21 for losing)
|raw|disco 2003's rating: 1742 &rarr; <strong>1763</strong><br />(+21 for winning)
|l|☆AnonymousJon
|player|p1|
|l|☆disco 2003
|player|p2|
