|j|☆abdkkgja
|j|☆harrisonharry
|t:|1757905482
|gametype|singles
|player|p1|abdkkgja|lacey|1638
|player|p2|harrisonharry|2|1734
|gen|9
|tier|[Gen 9] OU
|rated|
|rule|HP Percentage Mod: HP is shown in percentages
|rule|Endless Battle Clause: Forcing endless battles is banned
|rule|Species Clause: Limit one of each Pokémon
|rule|OHKO Clause: OHKO moves are banned
|rule|Evasion Items Clause: Evasion items are banned
|rule|Evasion Moves Clause: Evasion moves are banned
|rule|Evasion Abilities Clause: Evasion abilities are banned
|rule|Sleep Moves Clause: Sleep-inducing moves are banned
|clearpoke
|poke|p1|Iron Moth|
|poke|p1|Mew|
|poke|p1|Ninetales-Alola, F|
|poke|p1|Maushold|
|poke|p1|Salamence, M|
|poke|p1|Garchomp, M|
|poke|p2|Gliscor, F|
|poke|p2|Ting-Lu|
|poke|p2|Ogerpon-Wellspring, F|
|poke|p2|Gholdengo|
|poke|p2|Dragonite, M|
|poke|p2|Glimmora, F|
|teampreview
|j| ennd13
|
|t:|1757905521
|teamsize|p1|6
|teamsize|p2|6
|start
|switch|p1a: Garchomp|Garchomp, M|100/100
|switch|p2a: Glimmora|Glimmora, F|100/100
|turn|1
|
|t:|1757905527
|switch|p2a: Gliscor|Gliscor, F|100/100
|move|p1a: Garchomp|Stealth Rock|p2a: Gliscor
|-sidestart|p2: harrisonharry|move: Stealth Rock
|
|-status|p2a: Gliscor|tox|[from] item: Toxic Orb
|upkeep
|turn|2
|
|t:|1757905531
|switch|p1a: Ninetales|Ninetales-Alola, F, shiny|100/100
|-weather|Snowscape|[from] ability: Snow Warning|[of] p1a: Ninetales
|move|p2a: Gliscor|Earthquake|p1a: Ninetales
|-damage|p1a: Ninetales|73/100
|
|-weather|Snowscape|[upkeep]
|upkeep
|turn|3
|
|t:|1757905539
|switch|p2a: Ogerpon|Ogerpon-Wellspring, F|100/100
|-damage|p2a: Ogerpon|88/100|[from] Stealth Rock
|move|p1a: Ninetales|Aurora Veil|p1a: Ninetales
|-sidestart|p1: abdkkgja|move: Aurora Veil
|
|-weather|Snowscape|[upkeep]
|upkeep
|turn|4
|
|t:|1757905544
|move|p2a: Ogerpon|Encore|p1a: Ninetales
|-start|p1a: Ninetales|Encore
|move|p1a: Ninetales|Aurora Veil||[still]
|-fail|p1a: Ninetales
|
|-weather|Snowscape|[upkeep]
|upkeep
|turn|5
|j| meelll0
|
|t:|1757905555
|switch|p1a: Salamence|Salamence, M|100/100
|move|p2a: Ogerpon|Knock Off|p1a: Salamence
|-damage|p1a: Salamence|77/100
|-enditem|p1a: Salamence|Razor Claw|[from] move: Knock Off|[of] p2a: Ogerpon
|
|-weather|Snowscape|[upkeep]
|upkeep
|turn|6
|j| BigShteve
|
|t:|1757905561
|move|p2a: Ogerpon|U-turn|p1a: Salamence
|-resisted|p1a: Salamence
|-damage|p1a: Salamence|69/100
|
|t:|1757905564
|switch|p2a: Ting-Lu|Ting-Lu|100/100|[from] U-turn
|-damage|p2a: Ting-Lu|94/100|[from] Stealth Rock
|-ability|p2a: Ting-Lu|Vessel of Ruin
|move|p1a: Salamence|Dragon Dance|p1a: Salamence
|-boost|p1a: Salamence|atk|1
|-boost|p1a: Salamence|spe|1
|
|-weather|none
|-heal|p2a: Ting-Lu|100/100|[from] item: Leftovers
|upkeep
|turn|7
|
|t:|1757905568
|move|p1a: Salamence|Dual Wingbeat|p2a: Ting-Lu
|-damage|p2a: Ting-Lu|82/100
|-damage|p2a: Ting-Lu|62/100
|-hitcount|p2a: Ting-Lu|2
|move|p2a: Ting-Lu|Stealth Rock|p1a: Salamence
|-sidestart|p1: abdkkgja|move: Stealth Rock
|
|-heal|p2a: Ting-Lu|68/100|[from] item: Leftovers
|upkeep
|turn|8
|
|t:|1757905571
|move|p1a: Salamence|Dual Wingbeat|p2a: Ting-Lu
|-damage|p2a: Ting-Lu|47/100
|-damage|p2a: Ting-Lu|28/100
|-hitcount|p2a: Ting-Lu|2
|move|p2a: Ting-Lu|Whirlwind|p1a: Salamence
|drag|p1a: Garchomp|Garchomp, M|100/100
|-damage|p1a: Garchomp|94/100|[from] Stealth Rock
|
|-heal|p2a: Ting-Lu|34/100|[from] item: Leftovers
|upkeep
|turn|9
|
|t:|1757905574
|move|p1a: Garchomp|Earth Power|p2a: Ting-Lu
|-crit|p2a: Ting-Lu
|-damage|p2a: Ting-Lu|4/100
|-damage|p1a: Garchomp|85/100|[from] item: Life Orb
|move|p2a: Ting-Lu|Ruination|p1a: Garchomp
|-damage|p1a: Garchomp|43/100
|
|-heal|p2a: Ting-Lu|10/100|[from] item: Leftovers
|upkeep
|turn|10
|
|t:|1757905583
|move|p1a: Garchomp|Draco Meteor|p2a: Ting-Lu
|-crit|p2a: Ting-Lu
|-damage|p2a: Ting-Lu|0 fnt
|-unboost|p1a: Garchomp|spa|2
|faint|p2a: Ting-Lu
|-damage|p1a: Garchomp|33/100|[from] item: Life Orb
|
|-sideend|p1: abdkkgja|move: Aurora Veil
|upkeep
|
|t:|1757905586
|switch|p2a: Ogerpon|Ogerpon-Wellspring, F|88/100
|-damage|p2a: Ogerpon|76/100|[from] Stealth Rock
|turn|11
|
|t:|1757905591
|switch|p1a: Salamence|Salamence, M|69/100
|-damage|p1a: Salamence|44/100|[from] Stealth Rock
|move|p2a: Ogerpon|Ivy Cudgel|p1a: Salamence|[anim] Ivy Cudgel Water
|-resisted|p1a: Salamence
|-damage|p1a: Salamence|8/100
|
|upkeep
|turn|12
|
|t:|1757905594
|move|p2a: Ogerpon|Ivy Cudgel|p1a: Salamence|[anim] Ivy Cudgel Water
|-resisted|p1a: Salamence
|-damage|p1a: Salamence|0 fnt
|faint|p1a: Salamence
|
|upkeep
|
|t:|1757905601
|switch|p1a: Maushold|Maushold|100/100
|-damage|p1a: Maushold|88/100|[from] Stealth Rock
|turn|13
|
|t:|1757905609
|switch|p2a: Gholdengo|Gholdengo|100/100
|-damage|p2a: Gholdengo|94/100|[from] Stealth Rock
|move|p1a: Maushold|Population Bomb|p2a: Gholdengo
|-immune|p2a: Gholdengo
|
|upkeep
|turn|14
|
|t:|1757905614
|switch|p1a: Garchomp|Garchomp, M|33/100
|-damage|p1a: Garchomp|27/100|[from] Stealth Rock
|move|p2a: Gholdengo|Make It Rain|p1a: Garchomp
|-damage|p1a: Garchomp|0 fnt
|-unboost|p2a: Gholdengo|spa|1
|faint|p1a: Garchomp
|
|upkeep
|
|t:|1757905631
|switch|p1a: Blutgang|Mew, shiny|100/100
|-damage|p1a: Blutgang|88/100|[from] Stealth Rock
|turn|15
|
|t:|1757905638
|switch|p2a: Ogerpon|Ogerpon-Wellspring, F|76/100
|-damage|p2a: Ogerpon|64/100|[from] Stealth Rock
|move|p1a: Blutgang|Dragon Dance|p1a: Blutgang
|-boost|p1a: Blutgang|atk|1
|-boost|p1a: Blutgang|spe|1
|
|upkeep
|turn|16
|
|t:|1757905670
|move|p1a: Blutgang|Icicle Spear|p2a: Ogerpon
|-damage|p2a: Ogerpon|49/100
|-damage|p2a: Ogerpon|34/100
|-damage|p2a: Ogerpon|19/100
|-damage|p2a: Ogerpon|5/100
|-damage|p2a: Ogerpon|0 fnt
|faint|p2a: Ogerpon
|-hitcount|p2: Ogerpon|5
|
|upkeep
|
|t:|1757905681
|switch|p2a: Glimmora|Glimmora, F|100/100
|-damage|p2a: Glimmora|88/100|[from] Stealth Rock
|turn|17
|
|t:|1757905696
|-terastallize|p2a: Glimmora|Ghost
|move|p1a: Blutgang|Icicle Spear|p2a: Glimmora
|-damage|p2a: Glimmora|79/100
|-activate|p2a: Glimmora|ability: Toxic Debris
|-sidestart|p1: abdkkgja|move: Toxic Spikes
|-damage|p2a: Glimmora|69/100
|-activate|p2a: Glimmora|ability: Toxic Debris
|-sidestart|p1: abdkkgja|move: Toxic Spikes
|-damage|p2a: Glimmora|60/100
|-damage|p2a: Glimmora|50/100
|-hitcount|p2a: Glimmora|4
|-enditem|p2a: Glimmora|Red Card|[of] p1a: Blutgang
|drag|p1a: Maushold|Maushold|88/100
|-damage|p1a: Maushold|76/100|[from] Stealth Rock
|-status|p1a: Maushold|tox
|move|p2a: Glimmora|Power Gem|p1a: Maushold
|-damage|p1a: Maushold|25/100 tox
|
|-damage|p1a: Maushold|19/100 tox|[from] psn
|upkeep
|turn|18
|
|t:|1757905703
|switch|p2a: Gholdengo|Gholdengo|94/100
|-damage|p2a: Gholdengo|88/100|[from] Stealth Rock
|move|p1a: Maushold|Tidy Up|p1a: Maushold
|-sideend|p1: abdkkgja|Toxic Spikes
|-sideend|p1: abdkkgja|Stealth Rock
|-sideend|p2: harrisonharry|Stealth Rock
|-activate|p1a: Maushold|move: Tidy Up
|-boost|p1a: Maushold|atk|1
|-boost|p1a: Maushold|spe|1
|
|-damage|p1a: Maushold|7/100 tox|[from] psn
|upkeep
|turn|19
|
|t:|1757905721
|switch|p2a: Glimmora|Glimmora, F, tera:Ghost|50/100
|move|p1a: Maushold|Bite|p2a: Glimmora
|-supereffective|p2a: Glimmora
|-damage|p2a: Glimmora|0 fnt
|-activate|p2a: Glimmora|ability: Toxic Debris
|-sidestart|p1: abdkkgja|move: Toxic Spikes
|faint|p2a: Glimmora
|
|-damage|p1a: Maushold|0 fnt|[from] psn
|faint|p1a: Maushold
|upkeep
|
|t:|1757905728
|switch|p1a: Ninetales|Ninetales-Alola, F, shiny|73/100
|switch|p2a: Gholdengo|Gholdengo|88/100
|-status|p1a: Ninetales|psn
|-weather|Snowscape|[from] ability: Snow Warning|[of] p1a: Ninetales
|turn|20
|
|t:|1757905732
|switch|p1a: Iron Moth|Iron Moth|100/100
|-sideend|p1: abdkkgja|move: Toxic Spikes|[of] p1a: Iron Moth
|-enditem|p1a: Iron Moth|Booster Energy
|-activate|p1a: Iron Moth|ability: Quark Drive|[fromitem]
|-start|p1a: Iron Moth|quarkdrivespe
|move|p2a: Gholdengo|Make It Rain|p1a: Iron Moth
|-resisted|p1a: Iron Moth
|-damage|p1a: Iron Moth|70/100
|-unboost|p2a: Gholdengo|spa|1
|
|-weather|Snowscape|[upkeep]
|upkeep
|turn|21
|
|t:|1757905737
|-end|p1a: Iron Moth|Quark Drive|[silent]
|switch|p1a: Ninetales|Ninetales-Alola, F, shiny|73/100 psn
|switch|p2a: Gliscor|Gliscor, F|100/100 tox
|
|-weather|Snowscape|[upkeep]
|-damage|p1a: Ninetales|61/100 psn|[from] psn
|upkeep
|turn|22
|
|t:|1757905753
|switch|p2a: Gholdengo|Gholdengo|88/100
|move|p1a: Ninetales|Aurora Veil|p1a: Ninetales
|-sidestart|p1: abdkkgja|move: Aurora Veil
|
|-weather|Snowscape|[upkeep]
|-damage|p1a: Ninetales|48/100 psn|[from] psn
|upkeep
|turn|23
|
|t:|1757905773
|move|p2a: Gholdengo|Trick|p1a: Ninetales
|-activate|p2a: Gholdengo|move: Trick|[of] p1a: Ninetales
|-item|p1a: Ninetales|Choice Scarf|[from] move: Trick
|-item|p2a: Gholdengo|Light Clay|[from] move: Trick
|move|p1a: Ninetales|Freeze-Dry|p2a: Gholdengo
|-resisted|p2a: Gholdengo
|-damage|p2a: Gholdengo|76/100
|
|-weather|Snowscape|[upkeep]
|-damage|p1a: Ninetales|36/100 psn|[from] psn
|upkeep
|turn|24
|
|t:|1757905783
|switch|p1a: Iron Moth|Iron Moth|70/100
|move|p2a: Gholdengo|Shadow Ball|p1a: Iron Moth
|-damage|p1a: Iron Moth|46/100
|
|-weather|none
|upkeep
|turn|25
|
|t:|1757905787
|switch|p2a: Gliscor|Gliscor, F|100/100 tox
|move|p1a: Iron Moth|Dazzling Gleam|p2a: Gliscor
|-damage|p2a: Gliscor|68/100 tox
|
|-heal|p2a: Gliscor|80/100 tox|[from] ability: Poison Heal
|upkeep
|turn|26
|
|t:|1757905793
|-end|p1a: Iron Moth|Quark Drive|[silent]
|switch|p1a: Blutgang|Mew, shiny|88/100
|move|p2a: Gliscor|Protect||[still]
|-fail|p2a: Gliscor
|
|-heal|p2a: Gliscor|93/100 tox|[from] ability: Poison Heal
|upkeep
|turn|27
|
|t:|1757905795
|switch|p2a: Gholdengo|Gholdengo|76/100
|move|p1a: Blutgang|Dragon Dance|p1a: Blutgang
|-boost|p1a: Blutgang|atk|1
|-boost|p1a: Blutgang|spe|1
|
|upkeep
|turn|28
|
|t:|1757905803
|-terastallize|p1a: Blutgang|Fighting
|move|p1a: Blutgang|Dragon Dance|p1a: Blutgang
|-boost|p1a: Blutgang|atk|1
|-boost|p1a: Blutgang|spe|1
|move|p2a: Gholdengo|Thunder Wave|p1a: Blutgang
|-status|p1a: Blutgang|par
|-activate|p1a: Blutgang|ability: Synchronize
|-status|p2a: Gholdengo|par
|
|upkeep
|turn|29
|
|t:|1757905811
|cant|p1a: Blutgang|par
|move|p2a: Gholdengo|Shadow Ball|p1a: Blutgang
|-damage|p1a: Blutgang|67/100 par
|
|-sideend|p1: abdkkgja|move: Aurora Veil
|upkeep
|turn|30
|
|t:|1757905815
|move|p1a: Blutgang|Icicle Spear|p2a: Gholdengo
|-resisted|p2a: Gholdengo
|-damage|p2a: Gholdengo|67/100 par
|-resisted|p2a: Gholdengo
|-damage|p2a: Gholdengo|58/100 par
|-resisted|p2a: Gholdengo
|-damage|p2a: Gholdengo|49/100 par
|-resisted|p2a: Gholdengo
|-damage|p2a: Gholdengo|39/100 par
|-hitcount|p2a: Gholdengo|4
|move|p2a: Gholdengo|Make It Rain|p1a: Blutgang
|-damage|p1a: Blutgang|10/100 par
|-unboost|p2a: Gholdengo|spa|1
|
|upkeep
|turn|31
|
|t:|1757905817
|cant|p1a: Blutgang|par
|move|p2a: Gholdengo|Shadow Ball|p1a: Blutgang
|-damage|p1a: Blutgang|0 fnt
|faint|p1a: Blutgang
|
|upkeep
|
|t:|1757905822
|switch|p1a: Iron Moth|Iron Moth|46/100
|turn|32
|
|t:|1757905825
|switch|p2a: Gliscor|Gliscor, F|93/100 tox
|move|p1a: Iron Moth|Fiery Dance|p2a: Gliscor
|-damage|p2a: Gliscor|38/100 tox
|-boost|p1a: Iron Moth|spa|1
|
|-heal|p2a: Gliscor|51/100 tox|[from] ability: Poison Heal
|upkeep
|turn|33
|
|t:|1757905828
|move|p2a: Gliscor|Protect|p2a: Gliscor
|-singleturn|p2a: Gliscor|Protect
|move|p1a: Iron Moth|Fiery Dance|p2a: Gliscor
|-activate|p2a: Gliscor|move: Protect
|
|-heal|p2a: Gliscor|63/100 tox|[from] ability: Poison Heal
|upkeep
|turn|34
|
|t:|1757905829
|move|p1a: Iron Moth|Fiery Dance|p2a: Gliscor
|-damage|p2a: Gliscor|0 fnt
|-boost|p1a: Iron Moth|spa|1
|faint|p2a: Gliscor
|
|upkeep
|
|t:|1757905832
|switch|p2a: Dragonite|Dragonite, M|100/100
|turn|35
|
|t:|1757905836
|move|p1a: Iron Moth|Psychic|p2a: Dragonite
|-damage|p2a: Dragonite|71/100
|move|p2a: Dragonite|Earthquake|p1a: Iron Moth
|-supereffective|p1a: Iron Moth
|-damage|p1a: Iron Moth|0 fnt
|faint|p1a: Iron Moth
|-end|p1a: Iron Moth|Quark Drive|[silent]
|
|upkeep
|-message|abdkkgja forfeited.
|
|win|harrisonharry
|raw|abdkkgja's rating: 1638 &rarr; <strong>1623</strong><br />(-15 for losing)
|raw|harrisonharry's rating: 1734 &rarr; <strong>1749</strong><br />(+15 for winning)
|l|☆abdkkgja
|player|p1|
|l|☆harrisonharry
|player|p2|
|l| BigShteve
|l| ennd13
