|j|☆hungrymane
|j|☆mResss
|t:|1757851973
|gametype|singles
|player|p1|hungrymane|101|1618
|player|p2|mResss|veteran|1579
|gen|9
|tier|[Gen 9] OU
|rated|
|rule|HP Percentage Mod: HP is shown in percentages
|rule|Endless Battle Clause: Forcing endless battles is banned
|rule|Species Clause: Limit one of each Pokémon
|rule|OHKO Clause: OHKO moves are banned
|rule|Evasion Items Clause: Evasion items are banned
|rule|Evasion Moves Clause: Evasion moves are banned
|rule|Evasion Abilities Clause: Evasion abilities are banned
|rule|Sleep Moves Clause: Sleep-inducing moves are banned
|clearpoke
|poke|p1|Regidrago|
|poke|p1|Drifblim, M|
|poke|p1|Azelf|
|poke|p1|Samurott-Hisui, M|
|poke|p1|Mimikyu, F|
|poke|p1|Kingambit, F|
|poke|p2|Latios, M|
|poke|p2|Rotom-Wash|
|poke|p2|Gholdengo|
|poke|p2|Ting-Lu|
|poke|p2|Iron Valiant|
|poke|p2|Hydreigon, F|
|teampreview
|inactive|Battle timer is ON: inactive players will automatically lose when time's up. (requested by mResss)
|
|t:|1757851985
|teamsize|p1|6
|teamsize|p2|6
|start
|switch|p1a: Samurott|Samurott-Hisui, M|100/100
|switch|p2a: Lancer|Rotom-Wash|100/100
|turn|1
|
|t:|1757851990
|move|p1a: Samurott|Ceaseless Edge|p2a: Lancer
|-damage|p2a: Lancer|51/100
|-sidestart|p2: mResss|Spikes
|move|p2a: Lancer|Volt Switch|p1a: Samurott
|-supereffective|p1a: Samurott
|-damage|p1a: Samurott|22/100
|
|t:|1757852000
|switch|p2a: Susie|Hydreigon, F|100/100|[from] Volt Switch
|
|upkeep
|turn|2
|j| Nikator98
|
|t:|1757852018
|switch|p1a: Mimikyu|Mimikyu, F|100/100
|move|p2a: Susie|U-turn|p1a: Mimikyu
|-activate|p1a: Mimikyu|ability: Disguise
|-damage|p1a: Mimikyu|100/100
|detailschange|p1a: Mimikyu|Mimikyu-Busted, F
|-damage|p1a: Mimikyu|88/100|[from] pokemon: Mimikyu-Busted
|-enditem|p1a: Mimikyu|Red Card|[of] p2a: Susie
|drag|p2a: Noelle|Ting-Lu|100/100
|-damage|p2a: Noelle|88/100|[from] Spikes
|-ability|p2a: Noelle|Vessel of Ruin
|
|-heal|p2a: Noelle|94/100|[from] item: Leftovers
|upkeep
|turn|3
|
|t:|1757852035
|switch|p1a: Azelf|Azelf|100/100
|move|p2a: Noelle|Whirlwind|p1a: Azelf
|drag|p1a: Regidrago|Regidrago|100/100
|
|-heal|p2a: Noelle|100/100|[from] item: Leftovers
|upkeep
|turn|4
|
|t:|1757852048
|move|p1a: Regidrago|Dragon Dance|p1a: Regidrago
|-boost|p1a: Regidrago|atk|1
|-boost|p1a: Regidrago|spe|1
|move|p2a: Noelle|Stealth Rock|p1a: Regidrago
|-sidestart|p1: hungrymane|move: Stealth Rock
|
|upkeep
|turn|5
|
|t:|1757852052
|move|p1a: Regidrago|Scale Shot|p2a: Noelle|[miss]
|-miss|p1a: Regidrago|p2a: Noelle
|move|p2a: Noelle|Whirlwind|p1a: Regidrago
|drag|p1a: Drifblim|Drifblim, M|100/100
|-damage|p1a: Drifblim|76/100|[from] Stealth Rock
|
|upkeep
|turn|6
|
|t:|1757852067
|switch|p1a: Azelf|Azelf|100/100
|-damage|p1a: Azelf|88/100|[from] Stealth Rock
|switch|p2a: Susie|Hydreigon, F|100/100
|
|upkeep
|turn|7
|
|t:|1757852089
|move|p1a: Azelf|Stealth Rock|p2a: Susie
|-sidestart|p2: mResss|move: Stealth Rock
|move|p2a: Susie|Dark Pulse|p1a: Azelf
|-supereffective|p1a: Azelf
|-damage|p1a: Azelf|0 fnt
|faint|p1a: Azelf
|
|upkeep
|
|t:|1757852094
|switch|p1a: Kingambit|Kingambit, F|100/100
|-damage|p1a: Kingambit|94/100|[from] Stealth Rock
|-activate|p1a: Kingambit|ability: Supreme Overlord
|-start|p1a: Kingambit|fallen1|[silent]
|turn|8
|
|t:|1757852104
|switch|p2a: Noelle|Ting-Lu|100/100
|-damage|p2a: Noelle|88/100|[from] Spikes
|-damage|p2a: Noelle|82/100|[from] Stealth Rock
|-ability|p2a: Noelle|Vessel of Ruin
|move|p1a: Kingambit|Kowtow Cleave|p2a: Noelle
|-resisted|p2a: Noelle
|-damage|p2a: Noelle|65/100
|
|-heal|p2a: Noelle|71/100|[from] item: Leftovers
|upkeep
|turn|9
|
|t:|1757852115
|-end|p1a: Kingambit|fallen1|[silent]
|switch|p1a: Mimikyu|Mimikyu-Busted, F|88/100
|-damage|p1a: Mimikyu|76/100|[from] Stealth Rock
|move|p2a: Noelle|Earthquake|p1a: Mimikyu
|-damage|p1a: Mimikyu|44/100
|
|-heal|p2a: Noelle|77/100|[from] item: Leftovers
|upkeep
|turn|10
|
|t:|1757852120
|move|p1a: Mimikyu|Will-O-Wisp|p2a: Noelle
|-status|p2a: Noelle|brn
|move|p2a: Noelle|Whirlwind|p1a: Mimikyu
|drag|p1a: Samurott|Samurott-Hisui, M|22/100
|-damage|p1a: Samurott|10/100|[from] Stealth Rock
|
|-heal|p2a: Noelle|84/100 brn|[from] item: Leftovers
|-damage|p2a: Noelle|77/100 brn|[from] brn
|upkeep
|turn|11
|
|t:|1757852142
|switch|p2a: Susie|Hydreigon, F|100/100
|-damage|p2a: Susie|88/100|[from] Stealth Rock
|move|p1a: Samurott|Aqua Cutter|p2a: Susie
|-resisted|p2a: Susie
|-damage|p2a: Susie|49/100
|
|upkeep
|turn|12
|
|t:|1757852146
|switch|p1a: Drifblim|Drifblim, M|76/100
|-damage|p1a: Drifblim|51/100|[from] Stealth Rock
|move|p2a: Susie|U-turn|p1a: Drifblim
|-resisted|p1a: Drifblim
|-damage|p1a: Drifblim|47/100
|-enditem|p1a: Drifblim|Red Card|[of] p2a: Susie
|drag|p2a: Noelle|Ting-Lu|77/100 brn
|-damage|p2a: Noelle|65/100 brn|[from] Spikes
|-damage|p2a: Noelle|59/100 brn|[from] Stealth Rock
|-ability|p2a: Noelle|Vessel of Ruin
|
|-heal|p2a: Noelle|65/100 brn|[from] item: Leftovers
|-damage|p2a: Noelle|59/100 brn|[from] brn
|upkeep
|turn|13
|
|t:|1757852166
|switch|p2a: Kris|Iron Valiant|100/100
|move|p1a: Drifblim|Explosion|p2a: Kris
|-damage|p2a: Kris|13/100
|faint|p1a: Drifblim
|
|upkeep
|
|t:|1757852171
|switch|p1a: Kingambit|Kingambit, F|94/100
|-damage|p1a: Kingambit|88/100|[from] Stealth Rock
|-activate|p1a: Kingambit|ability: Supreme Overlord
|-start|p1a: Kingambit|fallen2|[silent]
|turn|14
|
|t:|1757852184
|-end|p2a: Kris|Quark Drive|[silent]
|switch|p2a: Lancer|Rotom-Wash|51/100
|-damage|p2a: Lancer|38/100|[from] Stealth Rock
|-end|p1a: Kingambit|fallen2|[silent]
|switch|p1a: Samurott|Samurott-Hisui, M|10/100
|-damage|p1a: Samurott|0 fnt|[from] Stealth Rock
|faint|p1a: Samurott
|
|-heal|p2a: Lancer|45/100|[from] item: Leftovers
|upkeep
|
|t:|1757852188
|switch|p1a: Regidrago|Regidrago|100/100
|-damage|p1a: Regidrago|88/100|[from] Stealth Rock
|turn|15
|
|t:|1757852196
|move|p1a: Regidrago|Dragon Dance|p1a: Regidrago
|-boost|p1a: Regidrago|atk|1
|-boost|p1a: Regidrago|spe|1
|move|p2a: Lancer|Will-O-Wisp|p1a: Regidrago
|-status|p1a: Regidrago|brn
|
|-heal|p2a: Lancer|51/100|[from] item: Leftovers
|-damage|p1a: Regidrago|82/100 brn|[from] brn
|upkeep
|turn|16
|
|t:|1757852205
|move|p1a: Regidrago|Dragon Dance|p1a: Regidrago
|-boost|p1a: Regidrago|atk|1
|-boost|p1a: Regidrago|spe|1
|move|p2a: Lancer|Volt Switch|p1a: Regidrago
|-resisted|p1a: Regidrago
|-damage|p1a: Regidrago|69/100 brn
|
|t:|1757852214
|switch|p2a: Queen|Gholdengo|100/100|[from] Volt Switch
|-damage|p2a: Queen|88/100|[from] Spikes
|-damage|p2a: Queen|82/100|[from] Stealth Rock
|
|-damage|p1a: Regidrago|63/100 brn|[from] brn
|upkeep
|turn|17
|
|t:|1757852224
|move|p1a: Regidrago|Fire Fang|p2a: Queen
|-supereffective|p2a: Queen
|-damage|p2a: Queen|54/100
|-damage|p1a: Regidrago|46/100 brn|[from] item: Rocky Helmet|[of] p2a: Queen
|move|p2a: Queen|Hex|p1a: Regidrago
|-damage|p1a: Regidrago|0 fnt
|faint|p1a: Regidrago
|
|upkeep
|
|t:|1757852236
|switch|p1a: Kingambit|Kingambit, F|88/100
|-damage|p1a: Kingambit|82/100|[from] Stealth Rock
|-activate|p1a: Kingambit|ability: Supreme Overlord
|-start|p1a: Kingambit|fallen4|[silent]
|turn|18
|j| IWasBornFaat
|
|t:|1757852245
|move|p2a: Queen|Thunder Wave|p1a: Kingambit
|-status|p1a: Kingambit|par
|move|p1a: Kingambit|Swords Dance|p1a: Kingambit
|-boost|p1a: Kingambit|atk|2
|
|upkeep
|turn|19
|
|t:|1757852254
|move|p2a: Queen|Hex|p1a: Kingambit
|-resisted|p1a: Kingambit
|-damage|p1a: Kingambit|54/100 par
|move|p1a: Kingambit|Swords Dance|p1a: Kingambit
|-boost|p1a: Kingambit|atk|2
|
|upkeep
|turn|20
|
|t:|1757852259
|move|p1a: Kingambit|Sucker Punch|p2a: Queen
|-supereffective|p2a: Queen
|-damage|p2a: Queen|0 fnt
|-damage|p1a: Kingambit|38/100 par|[from] item: Rocky Helmet|[of] p2a: Queen
|faint|p2a: Queen
|
|upkeep
|
|t:|1757852263
|switch|p2a: Ralsei|Latios, M|100/100
|-damage|p2a: Ralsei|88/100|[from] Stealth Rock
|turn|21
|
|t:|1757852267
|cant|p1a: Kingambit|par
|move|p2a: Ralsei|Trick|p1a: Kingambit
|-activate|p2a: Ralsei|move: Trick|[of] p1a: Kingambit
|-item|p1a: Kingambit|Choice Scarf|[from] move: Trick
|-item|p2a: Ralsei|Black Glasses|[from] move: Trick
|
|upkeep
|turn|22
|
|t:|1757852278
|-terastallize|p1a: Kingambit|Ghost
|move|p2a: Ralsei|Draco Meteor|p1a: Kingambit
|-damage|p1a: Kingambit|0 fnt
|-unboost|p2a: Ralsei|spa|2
|faint|p1a: Kingambit
|-end|p1a: Kingambit|fallen4|[silent]
|
|upkeep
|-message|hungrymane forfeited.
|
|win|mResss
|raw|hungrymane's rating: 1618 &rarr; <strong>1596</strong><br />(-22 for losing)
|raw|mResss's rating: 1579 &rarr; <strong>1601</strong><br />(+22 for winning)
|l|☆hungrymane
|player|p1|
|l|☆mResss
|player|p2|
