|j|☆fregene97
|j|☆School1138
|t:|1757953330
|gametype|singles
|player|p1|fregene97|red|1361
|player|p2|School1138|morty|1407
|gen|9
|tier|[Gen 9] OU
|rated|
|rule|HP Percentage Mod: HP is shown in percentages
|rule|Endless Battle Clause: Forcing endless battles is banned
|rule|Species Clause: Limit one of each Pokémon
|rule|OHKO Clause: OHKO moves are banned
|rule|Evasion Items Clause: Evasion items are banned
|rule|Evasion Moves Clause: Evasion moves are banned
|rule|Evasion Abilities Clause: Evasion abilities are banned
|rule|Sleep Moves Clause: Sleep-inducing moves are banned
|clearpoke
|poke|p1|Dragonite, M|
|poke|p1|Lucario, F|
|poke|p1|Goodra-Hisui, F|
|poke|p1|Snorlax, F|
|poke|p1|Hawlucha, M|
|poke|p1|Greninja-*, M|
|poke|p2|Moltres-Galar|
|poke|p2|Iron Valiant|
|poke|p2|Iron Moth|
|poke|p2|Kingambit, F|
|poke|p2|Dragonite, M|
|poke|p2|Samurott-Hisui, F|
|teampreview
|inactive|Battle timer is ON: inactive players will automatically lose when time's up. (requested by School1138)
|
|t:|1757953341
|teamsize|p1|6
|teamsize|p2|6
|start
|switch|p1a: Snorlax|Snorlax, F|100/100
|switch|p2a: Samurott|Samurott-Hisui, F, shiny|100/100
|turn|1
|
|t:|1757953346
|move|p2a: Samurott|Ceaseless Edge|p1a: Snorlax
|-damage|p1a: Snorlax|59/100
|-sidestart|p1: fregene97|Spikes
|move|p1a: Snorlax|Body Slam|p2a: Samurott
|-damage|p2a: Samurott|40/100
|-status|p2a: Samurott|par
|
|-heal|p1a: Snorlax|65/100|[from] item: Leftovers
|upkeep
|turn|2
|
|t:|1757953357
|cant|p2a: Samurott|par
|move|p1a: Snorlax|Curse|p1a: Snorlax
|-unboost|p1a: Snorlax|spe|1
|-boost|p1a: Snorlax|atk|1
|-boost|p1a: Snorlax|def|1
|
|-heal|p1a: Snorlax|71/100|[from] item: Leftovers
|upkeep
|turn|3
|
|t:|1757953365
|move|p2a: Samurott|Ceaseless Edge|p1a: Snorlax|[miss]
|-miss|p2a: Samurott|p1a: Snorlax
|move|p1a: Snorlax|Curse|p1a: Snorlax
|-unboost|p1a: Snorlax|spe|1
|-boost|p1a: Snorlax|atk|1
|-boost|p1a: Snorlax|def|1
|
|-heal|p1a: Snorlax|77/100|[from] item: Leftovers
|upkeep
|turn|4
|
|t:|1757953374
|move|p2a: Samurott|Ceaseless Edge|p1a: Snorlax
|-damage|p1a: Snorlax|54/100
|-sidestart|p1: fregene97|Spikes
|move|p1a: Snorlax|Curse|p1a: Snorlax
|-unboost|p1a: Snorlax|spe|1
|-boost|p1a: Snorlax|atk|1
|-boost|p1a: Snorlax|def|1
|
|-heal|p1a: Snorlax|60/100|[from] item: Leftovers
|upkeep
|turn|5
|
|t:|1757953382
|move|p2a: Samurott|Ceaseless Edge|p1a: Snorlax
|-damage|p1a: Snorlax|42/100
|-sidestart|p1: fregene97|Spikes
|move|p1a: Snorlax|Curse|p1a: Snorlax
|-unboost|p1a: Snorlax|spe|1
|-boost|p1a: Snorlax|atk|1
|-boost|p1a: Snorlax|def|1
|
|-heal|p1a: Snorlax|48/100|[from] item: Leftovers
|upkeep
|turn|6
|
|t:|1757953391
|move|p2a: Samurott|Ceaseless Edge|p1a: Snorlax
|-damage|p1a: Snorlax|32/100
|move|p1a: Snorlax|Rest|p1a: Snorlax
|-status|p1a: Snorlax|slp|[from] move: Rest
|-heal|p1a: Snorlax|100/100 slp|[silent]
|
|upkeep
|turn|7
|
|t:|1757953399
|move|p2a: Samurott|Knock Off|p1a: Snorlax
|-damage|p1a: Snorlax|86/100 slp
|-enditem|p1a: Snorlax|Leftovers|[from] move: Knock Off|[of] p2a: Samurott
|cant|p1a: Snorlax|slp
|
|upkeep
|turn|8
|
|t:|1757953409
|move|p2a: Samurott|Razor Shell|p1a: Snorlax
|-damage|p1a: Snorlax|67/100 slp
|-unboost|p1a: Snorlax|def|1
|cant|p1a: Snorlax|slp
|
|upkeep
|turn|9
|
|t:|1757953415
|move|p2a: Samurott|Razor Shell|p1a: Snorlax
|-damage|p1a: Snorlax|46/100 slp
|-curestatus|p1a: Snorlax|slp|[msg]
|move|p1a: Snorlax|Body Slam|p2a: Samurott
|-damage|p2a: Samurott|0 fnt
|faint|p2a: Samurott
|
|upkeep
|inactive|School1138 has 120 seconds left.
|inactive|School1138 has 90 seconds left.
|
|t:|1757953491
|switch|p2a: Iron Valiant|Iron Valiant, shiny|100/100
|-enditem|p2a: Iron Valiant|Booster Energy
|-activate|p2a: Iron Valiant|ability: Quark Drive|[fromitem]
|-start|p2a: Iron Valiant|quarkdrivespe
|turn|10
|
|t:|1757953496
|-terastallize|p1a: Snorlax|Ground
|move|p2a: Iron Valiant|Close Combat|p1a: Snorlax
|-crit|p1a: Snorlax
|-damage|p1a: Snorlax|0 fnt
|-unboost|p2a: Iron Valiant|def|1
|-unboost|p2a: Iron Valiant|spd|1
|faint|p1a: Snorlax
|
|upkeep
|
|t:|1757953502
|switch|p1a: Lucario|Lucario, F|100/100
|-damage|p1a: Lucario|76/100|[from] Spikes
|turn|11
|inactive|School1138 has 90 seconds left.
|
|t:|1757953507
|-end|p2a: Iron Valiant|Quark Drive|[silent]
|switch|p2a: Iron Moth|Iron Moth|100/100
|-enditem|p2a: Iron Moth|Booster Energy
|-activate|p2a: Iron Moth|ability: Quark Drive|[fromitem]
|-start|p2a: Iron Moth|quarkdrivespe
|move|p1a: Lucario|Bulk Up|p1a: Lucario
|-boost|p1a: Lucario|atk|1
|-boost|p1a: Lucario|def|1
|
|upkeep
|turn|12
|inactive|fregene97 has 120 seconds left.
|
|t:|1757953555
|move|p1a: Lucario|Extreme Speed|p2a: Iron Moth
|-damage|p2a: Iron Moth|21/100
|-damage|p1a: Lucario|66/100|[from] item: Life Orb
|move|p2a: Iron Moth|Fiery Dance|p1a: Lucario
|-supereffective|p1a: Lucario
|-damage|p1a: Lucario|0 fnt
|faint|p1a: Lucario
|
|upkeep
|
|t:|1757953560
|switch|p1a: Greninja|Greninja, M|100/100
|-damage|p1a: Greninja|76/100|[from] Spikes
|turn|13
|
|t:|1757953566
|move|p1a: Greninja|Water Shuriken|p2a: Iron Moth
|-supereffective|p2a: Iron Moth
|-damage|p2a: Iron Moth|3/100
|-supereffective|p2a: Iron Moth
|-damage|p2a: Iron Moth|0 fnt
|faint|p2a: Iron Moth
|-end|p2a: Iron Moth|Quark Drive|[silent]
|-ability|p1a: Greninja|Battle Bond|boost
|-boost|p1a: Greninja|atk|1
|-boost|p1a: Greninja|spa|1
|-boost|p1a: Greninja|spe|1
|-activate|p1a: Greninja|ability: Battle Bond
|-hitcount|p2: Iron Moth|2
|-damage|p1a: Greninja|66/100|[from] item: Life Orb
|
|upkeep
|
|t:|1757953579
|switch|p2a: Dragonite|Dragonite, M|100/100
|turn|14
|inactive|fregene97 has 120 seconds left.
|
|t:|1757953597
|move|p2a: Dragonite|Extreme Speed|p1a: Greninja
|-damage|p1a: Greninja|11/100
|move|p1a: Greninja|Ice Beam|p2a: Dragonite
|-supereffective|p2a: Dragonite
|-damage|p2a: Dragonite|0 fnt
|faint|p2a: Dragonite
|-damage|p1a: Greninja|1/100|[from] item: Life Orb
|
|upkeep
|
|t:|1757953605
|switch|p2a: Kingambit|Kingambit, F|100/100
|-activate|p2a: Kingambit|ability: Supreme Overlord
|-start|p2a: Kingambit|fallen3|[silent]
|-item|p2a: Kingambit|Air Balloon
|turn|15
|
|t:|1757953613
|move|p1a: Greninja|Water Shuriken|p2a: Kingambit
|-damage|p2a: Kingambit|87/100
|-enditem|p2a: Kingambit|Air Balloon
|-damage|p2a: Kingambit|72/100
|-damage|p2a: Kingambit|59/100
|-damage|p2a: Kingambit|46/100
|-damage|p2a: Kingambit|32/100
|-hitcount|p2a: Kingambit|5
|-damage|p1a: Greninja|0 fnt|[from] item: Life Orb
|faint|p1a: Greninja
|move|p2a: Kingambit|Sucker Punch|p1: Greninja|[notarget]
|-fail|p2a: Kingambit
|
|upkeep
|
|t:|1757953621
|switch|p1a: Dragonite|Dragonite, M|100/100
|turn|16
|inactive|School1138 has 120 seconds left.
|
|t:|1757953628
|move|p1a: Dragonite|Dragon Dance|p1a: Dragonite
|-boost|p1a: Dragonite|atk|1
|-boost|p1a: Dragonite|spe|1
|move|p2a: Kingambit|Iron Head|p1a: Dragonite
|-damage|p1a: Dragonite|66/100
|
|upkeep
|turn|17
|
|t:|1757953636
|move|p2a: Kingambit|Sucker Punch|p1a: Dragonite
|-damage|p1a: Dragonite|7/100
|move|p1a: Dragonite|Fire Punch|p2a: Kingambit
|-supereffective|p2a: Kingambit
|-damage|p2a: Kingambit|0 fnt
|faint|p2a: Kingambit
|-end|p2a: Kingambit|fallen3|[silent]
|
|upkeep
|
|t:|1757953643
|switch|p2a: Moltres|Moltres-Galar|100/100
|turn|18
|
|t:|1757953649
|-terastallize|p2a: Moltres|Fairy
|move|p1a: Dragonite|Scale Shot|p2a: Moltres
|-immune|p2a: Moltres
|move|p2a: Moltres|Tera Blast|p1a: Dragonite|[anim] Tera Blast Fairy
|-supereffective|p1a: Dragonite
|-damage|p1a: Dragonite|0 fnt
|faint|p1a: Dragonite
|
|upkeep
|
|t:|1757953653
|switch|p1a: Goodra|Goodra-Hisui, F|100/100
|-damage|p1a: Goodra|76/100|[from] Spikes
|turn|19
|
|t:|1757953672
|move|p2a: Moltres|Tera Blast|p1a: Goodra|[anim] Tera Blast Fairy
|-damage|p1a: Goodra|60/100
|move|p1a: Goodra|Flash Cannon|p2a: Moltres
|-supereffective|p2a: Moltres
|-damage|p2a: Moltres|31/100
|-unboost|p2a: Moltres|spd|1
|-ability|p2a: Moltres|Berserk|boost
|-boost|p2a: Moltres|spa|1
|-enditem|p2a: Moltres|Sitrus Berry|[eat]
|-heal|p2a: Moltres|56/100|[from] item: Sitrus Berry
|
|upkeep
|turn|20
|
|t:|1757953683
|move|p2a: Moltres|Tera Blast|p1a: Goodra|[anim] Tera Blast Fairy
|-damage|p1a: Goodra|35/100
|move|p1a: Goodra|Flash Cannon|p2a: Moltres
|-supereffective|p2a: Moltres
|-damage|p2a: Moltres|0 fnt
|faint|p2a: Moltres
|
|upkeep
|
|t:|1757953689
|switch|p2a: Iron Valiant|Iron Valiant, shiny|100/100
|turn|21
|
|t:|1757953703
|move|p2a: Iron Valiant|Close Combat|p1a: Goodra
|-supereffective|p1a: Goodra
|-damage|p1a: Goodra|0 fnt
|-unboost|p2a: Iron Valiant|def|1
|-unboost|p2a: Iron Valiant|spd|1
|faint|p1a: Goodra
|
|upkeep
|
|t:|1757953705
|switch|p1a: Hawlucha|Hawlucha, M|100/100
|turn|22
|
|t:|1757953720
|move|p2a: Iron Valiant|Moonblast|p1a: Hawlucha
|-supereffective|p1a: Hawlucha
|-damage|p1a: Hawlucha|0 fnt
|faint|p1a: Hawlucha
|
|win|School1138
|raw|fregene97's rating: 1361 &rarr; <strong>1344</strong><br />(-17 for losing)
|raw|School1138's rating: 1407 &rarr; <strong>1424</strong><br />(+17 for winning)
|l|☆School1138
|player|p2|
|l|☆fregene97
|player|p1|
