|j|‽ayerbe
|j|☆omari p
|t:|1757944187
|gametype|singles
|player|p1|ayerbe|blackbelt-gen4dp|1553
|player|p2|omari p|pokemonrangerf|1554
|gen|9
|tier|[Gen 9] OU
|rated|
|rule|HP Percentage Mod: HP is shown in percentages
|rule|Endless Battle Clause: Forcing endless battles is banned
|rule|Species Clause: Limit one of each Pokémon
|rule|OHKO Clause: OHKO moves are banned
|rule|Evasion Items Clause: Evasion items are banned
|rule|Evasion Moves Clause: Evasion moves are banned
|rule|Evasion Abilities Clause: Evasion abilities are banned
|rule|Sleep Moves Clause: Sleep-inducing moves are banned
|clearpoke
|poke|p1|Scizor, M|
|poke|p1|Garganacl, M|
|poke|p1|Great Tusk|
|poke|p1|Raging Bolt|
|poke|p1|Ting-Lu|
|poke|p1|Gholdengo|
|poke|p2|Cinderace, F|
|poke|p2|Deoxys-Speed|
|poke|p2|Dragonite, M|
|poke|p2|Dragapult, F|
|poke|p2|Kingambit, M|
|poke|p2|Mandibuzz, F|
|teampreview
|inactive|Battle timer is ON: inactive players will automatically lose when time's up. (requested by ayerbe)
|j| cryyysneasel
|j| prod cc
|inactive|omari p has 120 seconds left.
|
|t:|1757944238
|teamsize|p1|6
|teamsize|p2|6
|start
|switch|p1a: Scizor|Scizor, M|100/100
|switch|p2a: Cinderace|Cinderace, F|100/100
|turn|1
|
|t:|1757944242
|switch|p1a: Garganacl|Garganacl, M|100/100
|move|p2a: Cinderace|Pyro Ball|p1a: Garganacl
|-resisted|p1a: Garganacl
|-damage|p1a: Garganacl|80/100
|-damage|p2a: Cinderace|91/100|[from] item: Life Orb
|
|-heal|p1a: Garganacl|86/100|[from] item: Leftovers
|upkeep
|turn|2
|
|t:|1757944246
|move|p2a: Cinderace|Low Kick|p1a: Garganacl
|-start|p2a: Cinderace|typechange|Fighting|[from] ability: Libero
|-supereffective|p1a: Garganacl
|-damage|p1a: Garganacl|0 fnt
|faint|p1a: Garganacl
|-damage|p2a: Cinderace|81/100|[from] item: Life Orb
|
|upkeep
|
|t:|1757944266
|switch|p1a: Raging Bolt|Raging Bolt|100/100
|turn|3
|
|t:|1757944272
|switch|p2a: Deoxys|Deoxys-Speed|100/100
|-ability|p2a: Deoxys|Pressure
|move|p1a: Raging Bolt|Dragon Pulse|p2a: Deoxys
|-damage|p2a: Deoxys|22/100
|
|upkeep
|turn|4
|
|t:|1757944280
|move|p1a: Raging Bolt|Thunderclap||[still]
|-fail|p1a: Raging Bolt
|move|p2a: Deoxys|Stealth Rock|p1a: Raging Bolt
|-sidestart|p1: ayerbe|move: Stealth Rock
|
|upkeep
|turn|5
|
|t:|1757944283
|move|p2a: Deoxys|Ice Beam|p1a: Raging Bolt
|-supereffective|p1a: Raging Bolt
|-damage|p1a: Raging Bolt|71/100
|move|p1a: Raging Bolt|Volt Switch|p2a: Deoxys
|-damage|p2a: Deoxys|0 fnt
|faint|p2a: Deoxys
|
|t:|1757944295
|-end|p1a: Raging Bolt|Protosynthesis|[silent]
|switch|p1a: Great Tusk|Great Tusk|100/100|[from] Volt Switch
|
|upkeep
|
|t:|1757944299
|switch|p2a: Dragapult|Dragapult, F|100/100
|turn|6
|
|t:|1757944302
|-end|p1a: Great Tusk|Protosynthesis|[silent]
|switch|p1a: Ting-Lu|Ting-Lu|100/100
|-damage|p1a: Ting-Lu|94/100|[from] Stealth Rock
|-ability|p1a: Ting-Lu|Vessel of Ruin
|move|p2a: Dragapult|Draco Meteor|p1a: Ting-Lu
|-damage|p1a: Ting-Lu|62/100
|-unboost|p2a: Dragapult|spa|2
|-damage|p2a: Dragapult|91/100|[from] item: Life Orb
|
|-heal|p1a: Ting-Lu|69/100|[from] item: Leftovers
|upkeep
|turn|7
|
|t:|1757944311
|switch|p2a: Mandibuzz|Mandibuzz, F, shiny|100/100
|move|p1a: Ting-Lu|Stealth Rock|p2a: Mandibuzz
|-sidestart|p2: omari p|move: Stealth Rock
|
|-heal|p1a: Ting-Lu|75/100|[from] item: Leftovers
|upkeep
|turn|8
|
|t:|1757944315
|move|p2a: Mandibuzz|Defog|p1a: Ting-Lu
|-unboost|p1a: Ting-Lu|evasion|1
|-sideend|p1: ayerbe|Stealth Rock|[from] move: Defog|[of] p2a: Mandibuzz
|-sideend|p2: omari p|Stealth Rock|[from] move: Defog|[of] p2a: Mandibuzz
|move|p1a: Ting-Lu|Spikes|p2a: Mandibuzz
|-sidestart|p2: omari p|Spikes
|
|-heal|p1a: Ting-Lu|81/100|[from] item: Leftovers
|upkeep
|turn|9
|
|t:|1757944317
|move|p2a: Mandibuzz|Toxic|p1a: Ting-Lu
|-status|p1a: Ting-Lu|tox
|move|p1a: Ting-Lu|Stealth Rock|p2a: Mandibuzz
|-sidestart|p2: omari p|move: Stealth Rock
|
|-heal|p1a: Ting-Lu|87/100 tox|[from] item: Leftovers
|-damage|p1a: Ting-Lu|81/100 tox|[from] psn
|upkeep
|turn|10
|
|t:|1757944320
|switch|p1a: Gholdengo|Gholdengo|100/100
|move|p2a: Mandibuzz|Defog|p1a: Gholdengo
|-immune|p1a: Gholdengo|[from] ability: Good as Gold
|
|upkeep
|turn|11
|
|t:|1757944324
|move|p1a: Gholdengo|Trick|p2a: Mandibuzz
|-activate|p1a: Gholdengo|move: Trick|[of] p2a: Mandibuzz
|-item|p2a: Mandibuzz|Choice Scarf|[from] move: Trick
|-item|p1a: Gholdengo|Rocky Helmet|[from] move: Trick
|move|p2a: Mandibuzz|Foul Play|p1a: Gholdengo
|-supereffective|p1a: Gholdengo
|-damage|p1a: Gholdengo|64/100
|-damage|p2a: Mandibuzz|84/100|[from] item: Rocky Helmet|[of] p1a: Gholdengo
|
|upkeep
|turn|12
|
|t:|1757944331
|switch|p1a: Ting-Lu|Ting-Lu|81/100 tox
|-ability|p1a: Ting-Lu|Vessel of Ruin
|move|p2a: Mandibuzz|Foul Play|p1a: Ting-Lu
|-resisted|p1a: Ting-Lu
|-damage|p1a: Ting-Lu|71/100 tox
|
|-heal|p1a: Ting-Lu|77/100 tox|[from] item: Leftovers
|-damage|p1a: Ting-Lu|71/100 tox|[from] psn
|upkeep
|turn|13
|
|t:|1757944334
|move|p2a: Mandibuzz|Foul Play|p1a: Ting-Lu
|-resisted|p1a: Ting-Lu
|-damage|p1a: Ting-Lu|60/100 tox
|move|p1a: Ting-Lu|Whirlwind|p2a: Mandibuzz
|drag|p2a: Cinderace|Cinderace, F|81/100
|-damage|p2a: Cinderace|68/100|[from] Spikes
|-damage|p2a: Cinderace|43/100|[from] Stealth Rock
|
|-heal|p1a: Ting-Lu|66/100 tox|[from] item: Leftovers
|-damage|p1a: Ting-Lu|54/100 tox|[from] psn
|upkeep
|turn|14
|
|t:|1757944338
|move|p2a: Cinderace|Low Kick|p1a: Ting-Lu
|-start|p2a: Cinderace|typechange|Fighting|[from] ability: Libero
|-supereffective|p1a: Ting-Lu
|-damage|p1a: Ting-Lu|0 fnt
|faint|p1a: Ting-Lu
|-damage|p2a: Cinderace|33/100|[from] item: Life Orb
|
|upkeep
|
|t:|1757944342
|switch|p1a: Scizor|Scizor, M|100/100
|turn|15
|
|t:|1757944350
|move|p2a: Cinderace|Sucker Punch|p1a: Scizor
|-damage|p1a: Scizor|65/100
|-damage|p2a: Cinderace|23/100|[from] item: Life Orb
|move|p1a: Scizor|Bullet Punch|p2a: Cinderace
|-damage|p2a: Cinderace|0 fnt
|faint|p2a: Cinderace
|
|upkeep
|
|t:|1757944354
|switch|p2a: Kingambit|Kingambit, M|100/100
|-damage|p2a: Kingambit|88/100|[from] Spikes
|-damage|p2a: Kingambit|82/100|[from] Stealth Rock
|-activate|p2a: Kingambit|ability: Supreme Overlord
|-start|p2a: Kingambit|fallen2|[silent]
|turn|16
|
|t:|1757944358
|move|p1a: Scizor|U-turn|p2a: Kingambit
|-damage|p2a: Kingambit|50/100
|
|t:|1757944360
|switch|p1a: Great Tusk|Great Tusk|100/100|[from] U-turn
|move|p2a: Kingambit|Swords Dance|p2a: Kingambit
|-boost|p2a: Kingambit|atk|2
|
|upkeep
|turn|17
|
|t:|1757944364
|move|p2a: Kingambit|Sucker Punch|p1a: Great Tusk
|-resisted|p1a: Great Tusk
|-damage|p1a: Great Tusk|66/100
|move|p1a: Great Tusk|Headlong Rush|p2a: Kingambit
|-supereffective|p2a: Kingambit
|-damage|p2a: Kingambit|0 fnt
|-unboost|p1a: Great Tusk|def|1
|-unboost|p1a: Great Tusk|spd|1
|faint|p2a: Kingambit
|-end|p2a: Kingambit|fallen2|[silent]
|
|upkeep
|
|t:|1757944367
|switch|p2a: Dragonite|Dragonite, M|100/100
|turn|18
|
|t:|1757944371
|move|p1a: Great Tusk|Rapid Spin|p2a: Dragonite
|-damage|p2a: Dragonite|93/100
|-boost|p1a: Great Tusk|spe|1
|move|p2a: Dragonite|Dragon Dance|p2a: Dragonite
|-boost|p2a: Dragonite|atk|1
|-boost|p2a: Dragonite|spe|1
|
|upkeep
|turn|19
|
|t:|1757944376
|-terastallize|p2a: Dragonite|Flying
|move|p1a: Great Tusk|Ice Spinner|p2a: Dragonite
|-supereffective|p2a: Dragonite
|-damage|p2a: Dragonite|37/100
|move|p2a: Dragonite|Dragon Dance|p2a: Dragonite
|-boost|p2a: Dragonite|atk|1
|-boost|p2a: Dragonite|spe|1
|
|upkeep
|turn|20
|
|t:|1757944386
|move|p2a: Dragonite|Tera Blast|p1a: Great Tusk|[anim] Tera Blast Flying
|-supereffective|p1a: Great Tusk
|-damage|p1a: Great Tusk|0 fnt
|faint|p1a: Great Tusk
|-end|p1a: Great Tusk|Protosynthesis|[silent]
|
|upkeep
|
|t:|1757944388
|switch|p1a: Scizor|Scizor, M|65/100
|turn|21
|
|t:|1757944390
|move|p2a: Dragonite|Extreme Speed|p1a: Scizor
|-resisted|p1a: Scizor
|-damage|p1a: Scizor|37/100
|move|p1a: Scizor|Bullet Punch|p2a: Dragonite
|-damage|p2a: Dragonite|0 fnt
|faint|p2a: Dragonite
|
|upkeep
|
|t:|1757944394
|switch|p2a: Mandibuzz|Mandibuzz, F, shiny|84/100
|-damage|p2a: Mandibuzz|59/100|[from] Stealth Rock
|turn|22
|
|t:|1757944397
|switch|p1a: Gholdengo|Gholdengo|64/100
|move|p2a: Mandibuzz|Foul Play|p1a: Gholdengo
|-supereffective|p1a: Gholdengo
|-damage|p1a: Gholdengo|27/100
|-damage|p2a: Mandibuzz|42/100|[from] item: Rocky Helmet|[of] p1a: Gholdengo
|
|upkeep
|turn|23
|
|t:|1757944407
|move|p2a: Mandibuzz|Foul Play|p1a: Gholdengo
|-supereffective|p1a: Gholdengo
|-damage|p1a: Gholdengo|0 fnt
|-damage|p2a: Mandibuzz|26/100|[from] item: Rocky Helmet|[of] p1a: Gholdengo
|faint|p1a: Gholdengo
|
|upkeep
|
|t:|1757944415
|switch|p1a: Raging Bolt|Raging Bolt|71/100
|turn|24
|
|t:|1757944419
|move|p1a: Raging Bolt|Thunderclap|p2a: Mandibuzz
|-supereffective|p2a: Mandibuzz
|-damage|p2a: Mandibuzz|0 fnt
|faint|p2a: Mandibuzz
|
|upkeep
|
|t:|1757944421
|switch|p2a: Dragapult|Dragapult, F|91/100
|-damage|p2a: Dragapult|78/100|[from] Spikes
|-damage|p2a: Dragapult|66/100|[from] Stealth Rock
|turn|25
|
|t:|1757944423
|-terastallize|p1a: Raging Bolt|Flying
|move|p2a: Dragapult|Dragon Darts|p1a: Raging Bolt
|-damage|p1a: Raging Bolt|50/100
|-anim|p2a: Dragapult|Dragon Darts|p1a: Raging Bolt
|-damage|p1a: Raging Bolt|27/100
|-damage|p2a: Dragapult|56/100|[from] item: Life Orb
|move|p1a: Raging Bolt|Dragon Pulse|p2a: Dragapult
|-supereffective|p2a: Dragapult
|-damage|p2a: Dragapult|0 fnt
|faint|p2a: Dragapult
|
|win|ayerbe
|raw|ayerbe's rating: 1553 &rarr; <strong>1573</strong><br />(+20 for winning)
|raw|omari p's rating: 1554 &rarr; <strong>1534</strong><br />(-20 for losing)
|l|☆omari p
|player|p2|
|l|‽ayerbe
|player|p1|
