|j|☆Train3rBlack
|j|☆susumu808
|t:|1757910449
|gametype|singles
|player|p1|Train3rBlack|marshal|1222
|player|p2|susumu808|cyrus|1215
|gen|9
|tier|[Gen 9] OU
|rated|
|rule|HP Percentage Mod: HP is shown in percentages
|rule|Endless Battle Clause: Forcing endless battles is banned
|rule|Species Clause: Limit one of each Pokémon
|rule|OHKO Clause: OHKO moves are banned
|rule|Evasion Items Clause: Evasion items are banned
|rule|Evasion Moves Clause: Evasion moves are banned
|rule|Evasion Abilities Clause: Evasion abilities are banned
|rule|Sleep Moves Clause: Sleep-inducing moves are banned
|clearpoke
|poke|p1|Skeledirge, F|
|poke|p1|Corviknight, F|
|poke|p1|Ting-Lu|
|poke|p1|Iron Valiant|
|poke|p1|Slowking-Galar, F|
|poke|p1|Ogerpon-Wellspring, F|
|poke|p2|Blaziken, F|
|poke|p2|Serperior, M|
|poke|p2|Gyarados, M|
|poke|p2|Kommo-o, M|
|poke|p2|Dragonite, F|
|poke|p2|Deoxys-Defense|
|teampreview
|
|t:|1757910455
|teamsize|p1|6
|teamsize|p2|6
|start
|switch|p1a: Ting-Lu|Ting-Lu, shiny|100/100
|switch|p2a: Gyarados|Gyarados, M|100/100
|-ability|p1a: Ting-Lu|Vessel of Ruin
|turn|1
|
|t:|1757910462
|move|p2a: Gyarados|Earthquake|p1a: Ting-Lu
|-damage|p1a: Ting-Lu|83/100
|move|p1a: Ting-Lu|Stealth Rock|p2a: Gyarados
|-sidestart|p2: susumu808|move: Stealth Rock
|
|-heal|p1a: Ting-Lu|89/100|[from] item: Leftovers
|upkeep
|turn|2
|
|t:|1757910466
|move|p2a: Gyarados|Waterfall|p1a: Ting-Lu
|-supereffective|p1a: Ting-Lu
|-damage|p1a: Ting-Lu|47/100
|move|p1a: Ting-Lu|Ruination|p2a: Gyarados
|-damage|p2a: Gyarados|50/100
|
|-heal|p1a: Ting-Lu|53/100|[from] item: Leftovers
|upkeep
|turn|3
|
|t:|1757910468
|move|p2a: Gyarados|Waterfall|p1a: Ting-Lu
|-supereffective|p1a: Ting-Lu
|-damage|p1a: Ting-Lu|6/100
|move|p1a: Ting-Lu|Whirlwind|p2a: Gyarados
|drag|p2a: Deoxys|Deoxys-Defense|100/100
|-damage|p2a: Deoxys|88/100|[from] Stealth Rock
|-ability|p2a: Deoxys|Pressure
|
|-heal|p2a: Deoxys|94/100|[from] item: Leftovers
|-heal|p1a: Ting-Lu|12/100|[from] item: Leftovers
|upkeep
|turn|4
|
|t:|1757910474
|switch|p2a: Serperior|Serperior, M|100/100
|-damage|p2a: Serperior|88/100|[from] Stealth Rock
|move|p1a: Ting-Lu|Whirlwind|p2a: Serperior
|drag|p2a: Blaziken|Blaziken, F, shiny|100/100
|-damage|p2a: Blaziken|88/100|[from] Stealth Rock
|
|-heal|p1a: Ting-Lu|19/100|[from] item: Leftovers
|upkeep
|turn|5
|
|t:|1757910482
|move|p2a: Blaziken|Earthquake|p1a: Ting-Lu
|-damage|p1a: Ting-Lu|1/100
|move|p1a: Ting-Lu|Whirlwind|p2a: Blaziken
|drag|p2a: Dragonite|Dragonite, F, shiny|100/100
|-damage|p2a: Dragonite|75/100|[from] Stealth Rock
|
|-heal|p2a: Dragonite|82/100|[from] item: Leftovers
|-heal|p1a: Ting-Lu|7/100|[from] item: Leftovers
|upkeep
|turn|6
|
|t:|1757910489
|move|p2a: Dragonite|Earthquake|p1a: Ting-Lu
|-damage|p1a: Ting-Lu|0 fnt
|faint|p1a: Ting-Lu
|
|-heal|p2a: Dragonite|88/100|[from] item: Leftovers
|upkeep
|
|t:|1757910495
|switch|p1a: Slowking|Slowking-Galar, F, shiny|100/100
|turn|7
|
|t:|1757910501
|-terastallize|p2a: Dragonite|Ground
|move|p2a: Dragonite|Dragon Dance|p2a: Dragonite
|-boost|p2a: Dragonite|atk|1
|-boost|p2a: Dragonite|spe|1
|move|p1a: Slowking|Ice Beam|p2a: Dragonite
|-supereffective|p2a: Dragonite
|-damage|p2a: Dragonite|20/100
|-status|p2a: Dragonite|frz
|
|-heal|p2a: Dragonite|26/100 frz|[from] item: Leftovers
|upkeep
|turn|8
|
|t:|1757910513
|cant|p2a: Dragonite|frz
|move|p1a: Slowking|Sludge Bomb|p2a: Dragonite
|-resisted|p2a: Dragonite
|-damage|p2a: Dragonite|0 fnt
|faint|p2a: Dragonite
|
|upkeep
|inactive|Battle timer is ON: inactive players will automatically lose when time's up. (requested by Train3rBlack)
|inactive|susumu808 has 120 seconds left.
|
|t:|1757910571
|switch|p2a: Deoxys|Deoxys-Defense|94/100
|-damage|p2a: Deoxys|82/100|[from] Stealth Rock
|-ability|p2a: Deoxys|Pressure
|turn|9
|
|t:|1757910594
|move|p2a: Deoxys|Agility|p2a: Deoxys
|-boost|p2a: Deoxys|spe|2
|move|p1a: Slowking|Sludge Bomb|p2a: Deoxys
|-damage|p2a: Deoxys|53/100
|
|-heal|p2a: Deoxys|59/100|[from] item: Leftovers
|upkeep
|turn|10
|
|t:|1757910600
|move|p2a: Deoxys|Cosmic Power|p2a: Deoxys
|-boost|p2a: Deoxys|def|1
|-boost|p2a: Deoxys|spd|1
|move|p1a: Slowking|Sludge Bomb|p2a: Deoxys
|-crit|p2a: Deoxys
|-damage|p2a: Deoxys|8/100
|
|-heal|p2a: Deoxys|15/100|[from] item: Leftovers
|upkeep
|turn|11
|
|t:|1757910610
|move|p2a: Deoxys|Recover|p2a: Deoxys
|-heal|p2a: Deoxys|65/100
|move|p1a: Slowking|Sludge Bomb|p2a: Deoxys
|-damage|p2a: Deoxys|44/100
|
|-heal|p2a: Deoxys|50/100|[from] item: Leftovers
|upkeep
|turn|12
|
|t:|1757910616
|move|p2a: Deoxys|Cosmic Power|p2a: Deoxys
|-boost|p2a: Deoxys|def|1
|-boost|p2a: Deoxys|spd|1
|move|p1a: Slowking|Sludge Bomb|p2a: Deoxys
|-damage|p2a: Deoxys|33/100
|
|-heal|p2a: Deoxys|40/100|[from] item: Leftovers
|upkeep
|turn|13
|
|t:|1757910623
|move|p2a: Deoxys|Cosmic Power|p2a: Deoxys
|-boost|p2a: Deoxys|def|1
|-boost|p2a: Deoxys|spd|1
|move|p1a: Slowking|Sludge Bomb|p2a: Deoxys
|-damage|p2a: Deoxys|26/100
|
|-heal|p2a: Deoxys|33/100|[from] item: Leftovers
|upkeep
|turn|14
|
|t:|1757910629
|move|p2a: Deoxys|Stored Power|p1a: Slowking
|-damage|p1a: Slowking|73/100
|move|p1a: Slowking|Sludge Bomb|p2a: Deoxys
|-damage|p2a: Deoxys|19/100
|
|-heal|p2a: Deoxys|25/100|[from] item: Leftovers
|upkeep
|turn|15
|
|t:|1757910636
|move|p2a: Deoxys|Cosmic Power|p2a: Deoxys
|-boost|p2a: Deoxys|def|1
|-boost|p2a: Deoxys|spd|1
|move|p1a: Slowking|Sludge Bomb|p2a: Deoxys
|-damage|p2a: Deoxys|13/100
|-status|p2a: Deoxys|psn
|
|-heal|p2a: Deoxys|19/100 psn|[from] item: Leftovers
|-damage|p2a: Deoxys|7/100 psn|[from] psn
|upkeep
|turn|16
|
|t:|1757910649
|move|p2a: Deoxys|Recover|p2a: Deoxys
|-heal|p2a: Deoxys|57/100 psn
|move|p1a: Slowking|Future Sight|p2a: Deoxys
|-start|p1a: Slowking|move: Future Sight
|
|-heal|p2a: Deoxys|63/100 psn|[from] item: Leftovers
|-damage|p2a: Deoxys|50/100 psn|[from] psn
|upkeep
|turn|17
|
|t:|1757910662
|switch|p1a: Corviknight|Corviknight, F, shiny|100/100
|-ability|p1a: Corviknight|Pressure
|move|p2a: Deoxys|Cosmic Power|p2a: Deoxys
|-boost|p2a: Deoxys|def|1
|-boost|p2a: Deoxys|spd|1
|
|-heal|p2a: Deoxys|57/100 psn|[from] item: Leftovers
|-damage|p2a: Deoxys|44/100 psn|[from] psn
|upkeep
|turn|18
|
|t:|1757910680
|move|p2a: Deoxys|Recover|p2a: Deoxys
|-heal|p2a: Deoxys|94/100 psn
|move|p1a: Corviknight|Brave Bird|p2a: Deoxys
|-damage|p2a: Deoxys|87/100 psn
|-damage|p1a: Corviknight|99/100|[from] Recoil
|
|-end|p2a: Deoxys|move: Future Sight
|-resisted|p2a: Deoxys
|-damage|p2a: Deoxys|81/100 psn
|-heal|p2a: Deoxys|87/100 psn|[from] item: Leftovers
|-damage|p2a: Deoxys|75/100 psn|[from] psn
|upkeep
|turn|19
|
|t:|1757910693
|move|p2a: Deoxys|Cosmic Power|p2a: Deoxys
|-boost|p2a: Deoxys|def|1
|-boost|p2a: Deoxys|spd|1
|move|p1a: Corviknight|Iron Head|p2a: Deoxys
|-damage|p2a: Deoxys|70/100 psn
|
|-heal|p2a: Deoxys|76/100 psn|[from] item: Leftovers
|-damage|p2a: Deoxys|64/100 psn|[from] psn
|upkeep
|turn|20
|
|t:|1757910704
|move|p2a: Deoxys|Recover|p2a: Deoxys
|-heal|p2a: Deoxys|100/100 psn
|move|p1a: Corviknight|Iron Head|p2a: Deoxys
|-damage|p2a: Deoxys|96/100 psn
|
|-heal|p2a: Deoxys|100/100 psn|[from] item: Leftovers
|-damage|p2a: Deoxys|88/100 psn|[from] psn
|upkeep
|turn|21
|
|t:|1757910712
|move|p2a: Deoxys|Agility|p2a: Deoxys
|-boost|p2a: Deoxys|spe|2
|move|p1a: Corviknight|Iron Head|p2a: Deoxys
|-damage|p2a: Deoxys|84/100 psn
|
|-heal|p2a: Deoxys|90/100 psn|[from] item: Leftovers
|-damage|p2a: Deoxys|77/100 psn|[from] psn
|upkeep
|turn|22
|
|t:|1757910725
|move|p2a: Deoxys|Agility|p2a: Deoxys
|-boost|p2a: Deoxys|spe|2
|move|p1a: Corviknight|Iron Head|p2a: Deoxys
|-damage|p2a: Deoxys|73/100 psn
|
|-heal|p2a: Deoxys|79/100 psn|[from] item: Leftovers
|-damage|p2a: Deoxys|66/100 psn|[from] psn
|upkeep
|turn|23
|
|t:|1757910737
|move|p2a: Deoxys|Stored Power|p1a: Corviknight
|-resisted|p1a: Corviknight
|-crit|p1a: Corviknight
|-damage|p1a: Corviknight|19/100
|move|p1a: Corviknight|Iron Head|p2a: Deoxys
|-damage|p2a: Deoxys|61/100 psn
|
|-heal|p2a: Deoxys|68/100 psn|[from] item: Leftovers
|-damage|p2a: Deoxys|55/100 psn|[from] psn
|upkeep
|turn|24
|
|t:|1757910746
|move|p2a: Deoxys|Stored Power|p1a: Corviknight
|-resisted|p1a: Corviknight
|-damage|p1a: Corviknight|0 fnt
|faint|p1a: Corviknight
|
|-heal|p2a: Deoxys|61/100 psn|[from] item: Leftovers
|-damage|p2a: Deoxys|49/100 psn|[from] psn
|upkeep
|
|t:|1757910767
|switch|p1a: Skeledirge|Skeledirge, F, shiny|100/100
|turn|25
|
|t:|1757910777
|move|p2a: Deoxys|Stored Power|p1a: Skeledirge
|-damage|p1a: Skeledirge|0 fnt
|faint|p1a: Skeledirge
|
|-heal|p2a: Deoxys|55/100 psn|[from] item: Leftovers
|-damage|p2a: Deoxys|43/100 psn|[from] psn
|upkeep
|
|t:|1757910791
|switch|p1a: Slowking|Slowking-Galar, F, shiny|100/100
|turn|26
|
|t:|1757910796
|move|p2a: Deoxys|Stored Power|p1a: Slowking
|-damage|p1a: Slowking|43/100
|move|p1a: Slowking|Future Sight|p2a: Deoxys
|-start|p1a: Slowking|move: Future Sight
|
|-heal|p2a: Deoxys|49/100 psn|[from] item: Leftovers
|-damage|p2a: Deoxys|36/100 psn|[from] psn
|upkeep
|turn|27
|
|t:|1757910799
|move|p2a: Deoxys|Stored Power|p1a: Slowking
|-damage|p1a: Slowking|0 fnt
|faint|p1a: Slowking
|
|-heal|p2a: Deoxys|43/100 psn|[from] item: Leftovers
|-damage|p2a: Deoxys|30/100 psn|[from] psn
|upkeep
|
|t:|1757910808
|switch|p1a: Ogerpon|Ogerpon-Wellspring, F|100/100
|turn|28
|
|t:|1757910819
|-terastallize|p1a: Ogerpon|Water
|detailschange|p1a: Ogerpon|Ogerpon-Wellspring-Tera, F, tera:Water
|-ability|p1a: Ogerpon|Embody Aspect (Wellspring)|boost
|-boost|p1a: Ogerpon|spd|1
|move|p2a: Deoxys|Stored Power|p1a: Ogerpon
|-damage|p1a: Ogerpon|11/100
|move|p1a: Ogerpon|Knock Off|p2a: Deoxys
|-supereffective|p2a: Deoxys
|-damage|p2a: Deoxys|16/100 psn
|-enditem|p2a: Deoxys|Leftovers|[from] move: Knock Off|[of] p1a: Ogerpon
|
|-end|p2a: Deoxys|move: Future Sight
|-resisted|p2a: Deoxys
|-damage|p2a: Deoxys|10/100 psn
|-damage|p2a: Deoxys|0 fnt|[from] psn
|faint|p2a: Deoxys
|upkeep
|
|t:|1757910828
|switch|p2a: Serperior|Serperior, M|88/100
|-damage|p2a: Serperior|76/100|[from] Stealth Rock
|turn|29
|
|t:|1757910837
|move|p2a: Serperior|Leaf Storm|p1a: Ogerpon
|-supereffective|p1a: Ogerpon
|-damage|p1a: Ogerpon|0 fnt
|-boost|p2a: Serperior|spa|2
|faint|p1a: Ogerpon
|detailschange|p1: Ogerpon|Ogerpon-Wellspring, F|[silent]
|
|upkeep
|
|t:|1757910839
|switch|p1a: Iron Valiant|Iron Valiant|100/100
|-enditem|p1a: Iron Valiant|Booster Energy
|-activate|p1a: Iron Valiant|ability: Quark Drive|[fromitem]
|-start|p1a: Iron Valiant|quarkdrivespe
|turn|30
|
|t:|1757910853
|move|p1a: Iron Valiant|Calm Mind|p1a: Iron Valiant
|-boost|p1a: Iron Valiant|spa|1
|-boost|p1a: Iron Valiant|spd|1
|move|p2a: Serperior|Leaf Storm|p1a: Iron Valiant
|-damage|p1a: Iron Valiant|0 fnt
|-boost|p2a: Serperior|spa|2
|faint|p1a: Iron Valiant
|-end|p1a: Iron Valiant|Quark Drive|[silent]
|
|win|susumu808
|raw|Train3rBlack's rating: 1222 &rarr; <strong>1196</strong><br />(-26 for losing)
|raw|susumu808's rating: 1215 &rarr; <strong>1241</strong><br />(+26 for winning)
|l|☆Train3rBlack
|player|p1|
