|j|☆456dd66ws
|j|☆TrueBananaman41
|t:|1757858485
|gametype|singles
|player|p1|456dd66ws|cyclist|1337
|player|p2|TrueBananaman41|brycenman|1311
|gen|9
|tier|[Gen 9] OU
|rated|
|rule|HP Percentage Mod: HP is shown in percentages
|rule|Endless Battle Clause: Forcing endless battles is banned
|rule|Species Clause: Limit one of each Pokémon
|rule|OHKO Clause: OHKO moves are banned
|rule|Evasion Items Clause: Evasion items are banned
|rule|Evasion Moves Clause: Evasion moves are banned
|rule|Evasion Abilities Clause: Evasion abilities are banned
|rule|Sleep Moves Clause: Sleep-inducing moves are banned
|clearpoke
|poke|p1|Dragapult, M|
|poke|p1|Mimikyu, M|
|poke|p1|Maushold-Four|
|poke|p1|Staraptor, M|
|poke|p1|Iron Crown|
|poke|p1|Lycanroc-Dusk, M|
|poke|p2|Chesnaught, F|
|poke|p2|Zapdos|
|poke|p2|Pelipper, M|
|poke|p2|Iron Valiant|
|poke|p2|Ogerpon-Wellspring, F|
|poke|p2|Iron Treads|
|teampreview
|inactive|Battle timer is ON: inactive players will automatically lose when time's up. (requested by 456dd66ws)
|c|☆TrueBananaman41|glhf
|
|t:|1757858509
|teamsize|p1|6
|teamsize|p2|6
|start
|switch|p1a: Maushold|Maushold-Four|100/100
|switch|p2a: Iron Treads|Iron Treads|100/100
|-enditem|p2a: Iron Treads|Booster Energy
|-activate|p2a: Iron Treads|ability: Quark Drive|[fromitem]
|-start|p2a: Iron Treads|quarkdrivespe
|turn|1
|
|t:|1757858519
|switch|p1a: Mimikyu|Mimikyu, M|100/100
|move|p2a: Iron Treads|Iron Head|p1a: Mimikyu
|-activate|p1a: Mimikyu|ability: Disguise
|-damage|p1a: Mimikyu|100/100
|detailschange|p1a: Mimikyu|Mimikyu-Busted, M
|-damage|p1a: Mimikyu|88/100|[from] pokemon: Mimikyu-Busted
|-enditem|p1a: Mimikyu|Red Card|[of] p2a: Iron Treads
|-end|p2a: Iron Treads|Quark Drive|[silent]
|drag|p2a: Iron Valiant|Iron Valiant|100/100
|-enditem|p2a: Iron Valiant|Booster Energy
|-activate|p2a: Iron Valiant|ability: Quark Drive|[fromitem]
|-start|p2a: Iron Valiant|quarkdrivespe
|
|upkeep
|turn|2
|
|t:|1757858536
|-end|p2a: Iron Valiant|Quark Drive|[silent]
|switch|p2a: Iron Treads|Iron Treads|100/100
|move|p1a: Mimikyu|Thunder Wave|p2a: Iron Treads
|-immune|p2a: Iron Treads
|
|upkeep
|turn|3
|
|t:|1757858544
|move|p2a: Iron Treads|Iron Head|p1a: Mimikyu
|-supereffective|p1a: Mimikyu
|-damage|p1a: Mimikyu|0 fnt
|faint|p1a: Mimikyu
|
|upkeep
|
|t:|1757858554
|switch|p1a: Lycanroc|Lycanroc-Dusk, M|100/100
|turn|4
|
|t:|1757858560
|-end|p2a: Iron Treads|Quark Drive|[silent]
|switch|p2a: Chesnaught|Chesnaught, F|100/100
|move|p1a: Lycanroc|Close Combat|p2a: Chesnaught
|-damage|p2a: Chesnaught|71/100
|-unboost|p1a: Lycanroc|def|1
|-unboost|p1a: Lycanroc|spd|1
|-damage|p1a: Lycanroc|84/100|[from] item: Rocky Helmet|[of] p2a: Chesnaught
|
|upkeep
|turn|5
|
|t:|1757858572
|switch|p1a: Dragapult|Dragapult, M|100/100
|move|p2a: Chesnaught|Leech Seed|p1a: Dragapult
|-start|p1a: Dragapult|move: Leech Seed
|
|-damage|p1a: Dragapult|88/100|[from] Leech Seed|[of] p2a: Chesnaught
|-heal|p2a: Chesnaught|83/100|[silent]
|upkeep
|turn|6
|
|t:|1757858579
|move|p2a: Chesnaught|Spiky Shield|p2a: Chesnaught
|-singleturn|p2a: Chesnaught|move: Protect
|move|p1a: Dragapult|Dragon Darts|p2a: Chesnaught
|-activate|p2a: Chesnaught|move: Protect
|
|-damage|p1a: Dragapult|76/100|[from] Leech Seed|[of] p2a: Chesnaught
|-heal|p2a: Chesnaught|95/100|[silent]
|upkeep
|turn|7
|
|t:|1757858591
|move|p1a: Dragapult|Dragon Dance|p1a: Dragapult
|-boost|p1a: Dragapult|atk|1
|-boost|p1a: Dragapult|spe|1
|move|p2a: Chesnaught|Knock Off|p1a: Dragapult
|-supereffective|p1a: Dragapult
|-crit|p1a: Dragapult
|-damage|p1a: Dragapult|0 fnt
|-enditem|p1a: Dragapult|Life Orb|[from] move: Knock Off|[of] p2a: Chesnaught
|faint|p1a: Dragapult
|
|upkeep
|
|t:|1757858602
|switch|p1a: Staraptor|Staraptor, M|100/100
|turn|8
|
|t:|1757858610
|switch|p2a: Zapdos|Zapdos|100/100
|move|p1a: Staraptor|Brave Bird|p2a: Zapdos
|-resisted|p2a: Zapdos
|-damage|p2a: Zapdos|53/100
|-damage|p1a: Staraptor|84/100|[from] Recoil
|
|upkeep
|turn|9
|
|t:|1757858619
|move|p1a: Staraptor|Brave Bird|p2a: Zapdos
|-resisted|p2a: Zapdos
|-damage|p2a: Zapdos|4/100
|-status|p1a: Staraptor|par|[from] ability: Static|[of] p2a: Zapdos
|-damage|p1a: Staraptor|68/100 par|[from] Recoil
|move|p2a: Zapdos|Thunderbolt|p1a: Staraptor
|-supereffective|p1a: Staraptor
|-damage|p1a: Staraptor|0 fnt
|faint|p1a: Staraptor
|
|upkeep
|
|t:|1757858628
|switch|p1a: Maushold|Maushold-Four|100/100
|turn|10
|
|t:|1757858633
|move|p1a: Maushold|Tidy Up|p1a: Maushold
|-boost|p1a: Maushold|atk|1
|-boost|p1a: Maushold|spe|1
|move|p2a: Zapdos|Thunderbolt|p1a: Maushold
|-damage|p1a: Maushold|40/100
|
|upkeep
|turn|11
|
|t:|1757858639
|move|p1a: Maushold|Population Bomb|p2a: Zapdos
|-damage|p2a: Zapdos|0 fnt
|faint|p2a: Zapdos
|-hitcount|p2: Zapdos|1
|
|upkeep
|
|t:|1757858642
|switch|p2a: Chesnaught|Chesnaught, F|95/100
|turn|12
|
|t:|1757858650
|switch|p1a: Iron Crown|Iron Crown|100/100
|-enditem|p1a: Iron Crown|Booster Energy
|-activate|p1a: Iron Crown|ability: Quark Drive|[fromitem]
|-start|p1a: Iron Crown|quarkdrivespe
|-terastallize|p2a: Chesnaught|Steel
|move|p2a: Chesnaught|Body Press|p1a: Iron Crown
|-damage|p1a: Iron Crown|55/100
|
|upkeep
|turn|13
|
|t:|1757858664
|move|p1a: Iron Crown|Tachyon Cutter|p2a: Chesnaught
|-resisted|p2a: Chesnaught
|-damage|p2a: Chesnaught|81/100
|-resisted|p2a: Chesnaught
|-damage|p2a: Chesnaught|67/100
|-hitcount|p2a: Chesnaught|2
|move|p2a: Chesnaught|Body Press|p1a: Iron Crown
|-damage|p1a: Iron Crown|15/100
|
|upkeep
|turn|14
|-message|456dd66ws forfeited.
|
|win|TrueBananaman41
|raw|456dd66ws's rating: 1337 &rarr; <strong>1316</strong><br />(-21 for losing)
|raw|TrueBananaman41's rating: 1311 &rarr; <strong>1332</strong><br />(+21 for winning)
|l|☆456dd66ws
|player|p1|
|l|☆TrueBananaman41
|player|p2|
