|j|☆scuffed gamer
|j|☆franfox7u7r
|t:|1757870537
|gametype|singles
|player|p1|scuffed gamer|170|1349
|player|p2|franfox7u7r|harlequin|1355
|gen|9
|tier|[Gen 9] OU
|rated|
|rule|HP Percentage Mod: HP is shown in percentages
|rule|Endless Battle Clause: Forcing endless battles is banned
|rule|Species Clause: Limit one of each Pokémon
|rule|OHKO Clause: OHKO moves are banned
|rule|Evasion Items Clause: Evasion items are banned
|rule|Evasion Moves Clause: Evasion moves are banned
|rule|Evasion Abilities Clause: Evasion abilities are banned
|rule|Sleep Moves Clause: Sleep-inducing moves are banned
|clearpoke
|poke|p1|Great Tusk|
|poke|p1|Kingambit, M|
|poke|p1|Raging Bolt|
|poke|p1|Walking Wake|
|poke|p1|Ninetales, F|
|poke|p1|Ceruledge, F|
|poke|p2|Pecharunt|
|poke|p2|Munkidori, M|
|poke|p2|Okidogi, M|
|poke|p2|Fezandipiti, M|
|poke|p2|Muk-Alola, M|
|poke|p2|Weezing-Galar, M|
|teampreview
|
|t:|1757870548
|teamsize|p1|6
|teamsize|p2|6
|start
|switch|p1a: Ninetales|Ninetales, F|100/100
|switch|p2a: Muk|Muk-Alola, M|100/100
|-weather|SunnyDay|[from] ability: Drought|[of] p1a: Ninetales
|turn|1
|
|t:|1757870564
|move|p1a: Ninetales|Scorching Sands|p2a: Muk
|-supereffective|p2a: Muk
|-damage|p2a: Muk|80/100
|move|p2a: Muk|Knock Off|p1a: Ninetales
|-damage|p1a: Ninetales|47/100
|-enditem|p1a: Ninetales|Heat Rock|[from] move: Knock Off|[of] p2a: Muk
|
|-weather|SunnyDay|[upkeep]
|-heal|p2a: Muk|86/100|[from] item: Black Sludge
|upkeep
|turn|2
|
|t:|1757870576
|move|p1a: Ninetales|Scorching Sands|p2a: Muk
|-supereffective|p2a: Muk
|-damage|p2a: Muk|65/100
|-status|p2a: Muk|brn
|move|p2a: Muk|Knock Off|p1a: Ninetales
|-damage|p1a: Ninetales|30/100
|
|-weather|SunnyDay|[upkeep]
|-heal|p2a: Muk|71/100 brn|[from] item: Black Sludge
|-damage|p2a: Muk|65/100 brn|[from] brn
|upkeep
|turn|3
|inactive|Battle timer is ON: inactive players will automatically lose when time's up. (requested by scuffed gamer)
|
|t:|1757870593
|switch|p2a: Munkidori|Munkidori, M|100/100
|move|p1a: Ninetales|Scorching Sands|p2a: Munkidori
|-supereffective|p2a: Munkidori
|-damage|p2a: Munkidori|55/100
|-status|p2a: Munkidori|brn
|
|-weather|SunnyDay|[upkeep]
|-damage|p2a: Munkidori|49/100 brn|[from] brn
|upkeep
|turn|4
|
|t:|1757870603
|move|p2a: Munkidori|Psychic|p1a: Ninetales
|-damage|p1a: Ninetales|0 fnt
|faint|p1a: Ninetales
|
|-weather|SunnyDay|[upkeep]
|-damage|p2a: Munkidori|43/100 brn|[from] brn
|upkeep
|
|t:|1757870609
|switch|p1a: Walking Wake|Walking Wake|100/100
|-activate|p1a: Walking Wake|ability: Protosynthesis
|-start|p1a: Walking Wake|protosynthesisspe
|turn|5
|
|t:|1757870615
|switch|p2a: Muk|Muk-Alola, M|65/100 brn
|move|p1a: Walking Wake|Hydro Steam|p2a: Muk
|-damage|p2a: Muk|27/100 brn
|
|-weather|SunnyDay|[upkeep]
|-heal|p2a: Muk|33/100 brn|[from] item: Black Sludge
|-damage|p2a: Muk|27/100 brn|[from] brn
|upkeep
|turn|6
|
|t:|1757870621
|move|p2a: Muk|Shadow Sneak|p1a: Walking Wake
|-damage|p1a: Walking Wake|95/100
|move|p1a: Walking Wake|Hydro Steam|p2a: Muk
|-damage|p2a: Muk|0 fnt
|faint|p2a: Muk
|
|-weather|SunnyDay|[upkeep]
|upkeep
|
|t:|1757870631
|switch|p2a: Fezandipiti|Fezandipiti, M|100/100
|turn|7
|
|t:|1757870642
|move|p1a: Walking Wake|Hydro Steam|p2a: Fezandipiti
|-damage|p2a: Fezandipiti|67/100
|move|p2a: Fezandipiti|Play Rough|p1a: Walking Wake
|-supereffective|p1a: Walking Wake
|-crit|p1a: Walking Wake
|-damage|p1a: Walking Wake|0 fnt
|faint|p1a: Walking Wake
|-end|p1a: Walking Wake|Protosynthesis|[silent]
|
|-weather|SunnyDay|[upkeep]
|upkeep
|
|t:|1757870646
|switch|p1a: Great Tusk|Great Tusk|100/100
|-activate|p1a: Great Tusk|ability: Protosynthesis
|-start|p1a: Great Tusk|protosynthesisatk
|turn|8
|
|t:|1757870655
|switch|p2a: Weezing|Weezing-Galar, M|100/100
|move|p1a: Great Tusk|Headlong Rush|p2a: Weezing
|-immune|p2a: Weezing|[from] ability: Levitate
|
|-weather|none
|-end|p1a: Great Tusk|Protosynthesis
|upkeep
|turn|9
|
|t:|1757870667
|-end|p1a: Great Tusk|Protosynthesis|[silent]
|switch|p1a: Kingambit|Kingambit, M|100/100
|-activate|p1a: Kingambit|ability: Supreme Overlord
|-start|p1a: Kingambit|fallen2|[silent]
|-item|p1a: Kingambit|Air Balloon
|move|p2a: Weezing|Will-O-Wisp|p1a: Kingambit
|-status|p1a: Kingambit|brn
|
|-damage|p1a: Kingambit|94/100 brn|[from] brn
|upkeep
|turn|10
|-message|scuffed gamer forfeited.
|
|win|franfox7u7r
|raw|scuffed gamer's rating: 1349 &rarr; <strong>1329</strong><br />(-20 for losing)
|raw|franfox7u7r's rating: 1355 &rarr; <strong>1375</strong><br />(+20 for winning)
|l|☆scuffed gamer
|player|p1|
|l|☆franfox7u7r
|player|p2|
