|j|☆pikachu12200
|j|☆Mesnaj
|t:|1757788921
|gametype|singles
|player|p1|pikachu12200|gentleman-gen4dp|1244
|player|p2|Mesnaj|shadowtriad|1283
|gen|9
|tier|[Gen 9] OU
|rated|
|rule|HP Percentage Mod: HP is shown in percentages
|rule|Endless Battle Clause: Forcing endless battles is banned
|rule|Species Clause: Limit one of each Pokémon
|rule|OHKO Clause: OHKO moves are banned
|rule|Evasion Items Clause: Evasion items are banned
|rule|Evasion Moves Clause: Evasion moves are banned
|rule|Evasion Abilities Clause: Evasion abilities are banned
|rule|Sleep Moves Clause: Sleep-inducing moves are banned
|clearpoke
|poke|p1|Dragonite, M|
|poke|p1|Gholdengo|
|poke|p1|Gliscor, F|
|poke|p1|Garganacl, F|
|poke|p1|Ogerpon-Wellspring, F|
|poke|p1|Cinderace, F|
|poke|p2|Bisharp, M|
|poke|p2|Gholdengo|
|poke|p2|Glimmora, M|
|poke|p2|Lurantis, F|
|poke|p2|Drifblim, M|
|poke|p2|Toxtricity, M|
|teampreview
|inactive|Battle timer is ON: inactive players will automatically lose when time's up. (requested by pikachu12200)
|
|t:|1757788936
|teamsize|p1|6
|teamsize|p2|6
|start
|switch|p1a: Gholdengo|Gholdengo, shiny|100/100
|switch|p2a: Rakia|Glimmora, M, shiny|100/100
|-item|p1a: Gholdengo|Air Balloon
|turn|1
|
|t:|1757788947
|move|p2a: Rakia|Stealth Rock|p1a: Gholdengo
|-sidestart|p1: pikachu12200|move: Stealth Rock
|move|p1a: Gholdengo|Make It Rain|p2a: Rakia
|-supereffective|p2a: Rakia
|-enditem|p2a: Rakia|Focus Sash
|-damage|p2a: Rakia|1/100
|-unboost|p1a: Gholdengo|spa|1
|
|upkeep
|turn|2
|
|t:|1757788958
|move|p2a: Rakia|Spikes|p1a: Gholdengo
|-sidestart|p1: pikachu12200|Spikes
|move|p1a: Gholdengo|Shadow Ball|p2a: Rakia
|-damage|p2a: Rakia|0 fnt
|faint|p2a: Rakia
|
|upkeep
|
|t:|1757788962
|switch|p2a: Buffa-beat|Toxtricity, M|100/100
|turn|3
|
|t:|1757788980
|move|p1a: Gholdengo|Nasty Plot|p1a: Gholdengo
|-boost|p1a: Gholdengo|spa|2
|move|p2a: Buffa-beat|Shift Gear|p2a: Buffa-beat
|-boost|p2a: Buffa-beat|spe|2
|-boost|p2a: Buffa-beat|atk|1
|
|upkeep
|turn|4
|
|t:|1757788988
|move|p2a: Buffa-beat|Overdrive|p1a: Gholdengo
|-damage|p1a: Gholdengo|24/100
|-enditem|p1a: Gholdengo|Air Balloon
|-damage|p2a: Buffa-beat|91/100|[from] item: Life Orb
|move|p1a: Gholdengo|Make It Rain|p2a: Buffa-beat
|-resisted|p2a: Buffa-beat
|-damage|p2a: Buffa-beat|33/100
|-unboost|p1a: Gholdengo|spa|1
|
|upkeep
|turn|5
|
|t:|1757789002
|move|p2a: Buffa-beat|Overdrive|p1a: Gholdengo
|-damage|p1a: Gholdengo|0 fnt
|faint|p1a: Gholdengo
|-damage|p2a: Buffa-beat|23/100|[from] item: Life Orb
|
|upkeep
|
|t:|1757789011
|switch|p1a: Gliscor|Gliscor, F, shiny|100/100
|-damage|p1a: Gliscor|88/100|[from] Stealth Rock
|turn|6
|inactive|Mesnaj has 120 seconds left.
|
|t:|1757789055
|move|p2a: Buffa-beat|Psychic Noise|p1a: Gliscor
|-damage|p1a: Gliscor|27/100
|-start|p1a: Gliscor|move: Heal Block
|-damage|p2a: Buffa-beat|13/100|[from] item: Life Orb
|move|p1a: Gliscor|Knock Off|p2a: Buffa-beat
|-damage|p2a: Buffa-beat|0 fnt
|-enditem|p2a: Buffa-beat|Life Orb|[from] move: Knock Off|[of] p1a: Gliscor
|faint|p2a: Buffa-beat
|
|-status|p1a: Gliscor|tox|[from] item: Toxic Orb
|upkeep
|
|t:|1757789070
|switch|p2a: Sugh-za-Deva|Lurantis, F|100/100
|turn|7
|
|t:|1757789073
|move|p1a: Gliscor|Protect|p1a: Gliscor
|-singleturn|p1a: Gliscor|Protect
|move|p2a: Sugh-za-Deva|Leaf Storm|p1a: Gliscor
|-activate|p1a: Gliscor|move: Protect
|
|-end|p1a: Gliscor|move: Heal Block
|upkeep
|turn|8
|
|t:|1757789085
|switch|p1a: Cinderace|Cinderace, F|100/100
|move|p2a: Sugh-za-Deva|Leaf Storm|p1a: Cinderace
|-resisted|p1a: Cinderace
|-damage|p1a: Cinderace|72/100
|-boost|p2a: Sugh-za-Deva|spa|2
|
|upkeep
|turn|9
|
|t:|1757789094
|move|p1a: Cinderace|Court Change|p1a: Cinderace
|-start|p1a: Cinderace|typechange|Normal|[from] ability: Libero
|-swapsideconditions
|-activate|p1a: Cinderace|move: Court Change
|move|p2a: Sugh-za-Deva|Superpower|p1a: Cinderace
|-supereffective|p1a: Cinderace
|-damage|p1a: Cinderace|0 fnt
|-boost|p2a: Sugh-za-Deva|atk|1
|-boost|p2a: Sugh-za-Deva|def|1
|faint|p1a: Cinderace
|
|upkeep
|
|t:|1757789104
|switch|p1a: Gliscor|Gliscor, F, shiny|27/100 tox
|turn|10
|
|t:|1757789116
|move|p1a: Gliscor|Protect|p1a: Gliscor
|-singleturn|p1a: Gliscor|Protect
|move|p2a: Sugh-za-Deva|Superpower|p1a: Gliscor
|-activate|p1a: Gliscor|move: Protect
|
|-heal|p1a: Gliscor|40/100 tox|[from] ability: Poison Heal
|upkeep
|turn|11
|
|t:|1757789133
|move|p1a: Gliscor|Dual Wingbeat|p2a: Sugh-za-Deva
|-supereffective|p2a: Sugh-za-Deva
|-damage|p2a: Sugh-za-Deva|77/100
|-supereffective|p2a: Sugh-za-Deva
|-damage|p2a: Sugh-za-Deva|54/100
|-hitcount|p2a: Sugh-za-Deva|2
|move|p2a: Sugh-za-Deva|Superpower|p1a: Gliscor
|-resisted|p1a: Gliscor
|-damage|p1a: Gliscor|11/100 tox
|-boost|p2a: Sugh-za-Deva|atk|1
|-boost|p2a: Sugh-za-Deva|def|1
|
|-heal|p1a: Gliscor|24/100 tox|[from] ability: Poison Heal
|upkeep
|turn|12
|
|t:|1757789147
|move|p1a: Gliscor|Dual Wingbeat|p2a: Sugh-za-Deva
|-supereffective|p2a: Sugh-za-Deva
|-damage|p2a: Sugh-za-Deva|35/100
|-supereffective|p2a: Sugh-za-Deva
|-damage|p2a: Sugh-za-Deva|15/100
|-hitcount|p2a: Sugh-za-Deva|2
|move|p2a: Sugh-za-Deva|Superpower|p1a: Gliscor
|-resisted|p1a: Gliscor
|-damage|p1a: Gliscor|0 fnt
|-boost|p2a: Sugh-za-Deva|atk|1
|-boost|p2a: Sugh-za-Deva|def|1
|faint|p1a: Gliscor
|
|upkeep
|
|t:|1757789160
|switch|p1a: Dragonite|Dragonite, M, shiny|100/100
|turn|13
|
|t:|1757789164
|move|p1a: Dragonite|Extreme Speed|p2a: Sugh-za-Deva
|-damage|p2a: Sugh-za-Deva|2/100
|move|p2a: Sugh-za-Deva|Knock Off|p1a: Dragonite
|-damage|p1a: Dragonite|60/100
|-enditem|p1a: Dragonite|Heavy-Duty Boots|[from] move: Knock Off|[of] p2a: Sugh-za-Deva
|
|upkeep
|turn|14
|
|t:|1757789173
|move|p1a: Dragonite|Extreme Speed|p2a: Sugh-za-Deva
|-damage|p2a: Sugh-za-Deva|0 fnt
|faint|p2a: Sugh-za-Deva
|
|upkeep
|
|t:|1757789175
|switch|p2a: Ghost|Drifblim, M|100/100
|-damage|p2a: Ghost|75/100|[from] Stealth Rock
|turn|15
|
|t:|1757789182
|switch|p1a: Garganacl|Garganacl, F, shiny|100/100
|move|p2a: Ghost|Defog|p1a: Garganacl
|-unboost|p1a: Garganacl|evasion|1
|-sideend|p2: Mesnaj|Spikes|[from] move: Defog|[of] p2a: Ghost
|-sideend|p2: Mesnaj|Stealth Rock|[from] move: Defog|[of] p2a: Ghost
|
|upkeep
|turn|16
|
|t:|1757789194
|move|p2a: Ghost|Strength Sap|p1a: Garganacl
|-unboost|p1a: Garganacl|atk|1
|-heal|p2a: Ghost|100/100
|move|p1a: Garganacl|Salt Cure|p2a: Ghost
|-supereffective|p2a: Ghost
|-damage|p2a: Ghost|79/100
|-start|p2a: Ghost|Salt Cure
|
|-damage|p2a: Ghost|66/100|[from] Salt Cure
|upkeep
|turn|17
|
|t:|1757789205
|move|p2a: Ghost|Strength Sap|p1a: Garganacl
|-unboost|p1a: Garganacl|atk|1
|-heal|p2a: Ghost|98/100
|move|p1a: Garganacl|Iron Defense|p1a: Garganacl
|-boost|p1a: Garganacl|def|2
|
|-damage|p2a: Ghost|85/100|[from] Salt Cure
|upkeep
|turn|18
|
|t:|1757789215
|move|p2a: Ghost|Strength Sap|p1a: Garganacl
|-unboost|p1a: Garganacl|atk|1
|-heal|p2a: Ghost|100/100
|move|p1a: Garganacl|Iron Defense|p1a: Garganacl
|-boost|p1a: Garganacl|def|2
|
|-damage|p2a: Ghost|88/100|[from] Salt Cure
|upkeep
|turn|19
|
|t:|1757789227
|move|p2a: Ghost|Strength Sap|p1a: Garganacl
|-unboost|p1a: Garganacl|atk|1
|-heal|p2a: Ghost|100/100
|move|p1a: Garganacl|Iron Defense|p1a: Garganacl
|-boost|p1a: Garganacl|def|2
|
|-damage|p2a: Ghost|88/100|[from] Salt Cure
|upkeep
|turn|20
|
|t:|1757789239
|move|p2a: Ghost|Destiny Bond|p2a: Ghost
|-singlemove|p2a: Ghost|Destiny Bond
|move|p1a: Garganacl|Salt Cure|p2a: Ghost
|-supereffective|p2a: Ghost
|-damage|p2a: Ghost|76/100
|
|-damage|p2a: Ghost|64/100|[from] Salt Cure
|upkeep
|turn|21
|
|t:|1757789249
|move|p2a: Ghost|Strength Sap|p1a: Garganacl
|-unboost|p1a: Garganacl|atk|1
|-heal|p2a: Ghost|79/100
|move|p1a: Garganacl|Salt Cure|p2a: Ghost
|-supereffective|p2a: Ghost
|-crit|p2a: Ghost
|-damage|p2a: Ghost|22/100
|
|-damage|p2a: Ghost|10/100|[from] Salt Cure
|upkeep
|turn|22
|
|t:|1757789261
|move|p2a: Ghost|Destiny Bond|p2a: Ghost
|-singlemove|p2a: Ghost|Destiny Bond
|move|p1a: Garganacl|Iron Defense|p1a: Garganacl
|-boost|p1a: Garganacl|def|0
|
|-damage|p2a: Ghost|0 fnt|[from] Salt Cure
|faint|p2a: Ghost
|upkeep
|c|☆pikachu12200|Lol
|inactive|Mesnaj has 120 seconds left.
|
|t:|1757789292
|switch|p2a: Hyper-Muteki|Gholdengo|100/100
|turn|23
|
|t:|1757789300
|move|p2a: Hyper-Muteki|Make It Rain|p1a: Garganacl
|-supereffective|p1a: Garganacl
|-damage|p1a: Garganacl|3/100
|-unboost|p2a: Hyper-Muteki|spa|1
|move|p1a: Garganacl|Salt Cure|p2a: Hyper-Muteki
|-resisted|p2a: Hyper-Muteki
|-damage|p2a: Hyper-Muteki|98/100
|-start|p2a: Hyper-Muteki|Salt Cure
|
|-damage|p2a: Hyper-Muteki|73/100|[from] Salt Cure
|upkeep
|turn|24
|
|t:|1757789317
|move|p2a: Hyper-Muteki|Make It Rain|p1a: Garganacl
|-supereffective|p1a: Garganacl
|-damage|p1a: Garganacl|0 fnt
|-unboost|p2a: Hyper-Muteki|spa|1
|faint|p1a: Garganacl
|
|-damage|p2a: Hyper-Muteki|48/100|[from] Salt Cure
|upkeep
|
|t:|1757789326
|switch|p1a: Ogerpon|Ogerpon-Wellspring, F|100/100
|turn|25
|
|t:|1757789340
|-terastallize|p1a: Ogerpon|Water
|detailschange|p1a: Ogerpon|Ogerpon-Wellspring-Tera, F, tera:Water
|-ability|p1a: Ogerpon|Embody Aspect (Wellspring)|boost
|-boost|p1a: Ogerpon|spd|1
|move|p2a: Hyper-Muteki|Make It Rain|p1a: Ogerpon
|-resisted|p1a: Ogerpon
|-crit|p1a: Ogerpon
|-damage|p1a: Ogerpon|42/100
|-unboost|p2a: Hyper-Muteki|spa|1
|move|p1a: Ogerpon|Ivy Cudgel|p2a: Hyper-Muteki|[anim] Ivy Cudgel Water
|-damage|p2a: Hyper-Muteki|0 fnt
|faint|p2a: Hyper-Muteki
|
|upkeep
|
|t:|1757789342
|switch|p2a: Faiz-ø|Bisharp, M|100/100
|turn|26
|
|t:|1757789360
|move|p1a: Ogerpon|Superpower|p2a: Faiz-ø
|-supereffective|p2a: Faiz-ø
|-damage|p2a: Faiz-ø|0 fnt
|-unboost|p1a: Ogerpon|atk|1
|-unboost|p1a: Ogerpon|def|1
|faint|p2a: Faiz-ø
|
|win|pikachu12200
|raw|pikachu12200's rating: 1244 &rarr; <strong>1272</strong><br />(+28 for winning)
|raw|Mesnaj's rating: 1283 &rarr; <strong>1255</strong><br />(-28 for losing)
|l|☆Mesnaj
|player|p2|
