|j|☆dengdengni
|j|☆frozenmoon77
|t:|1757928547
|gametype|singles
|player|p1|dengdengni|scientist|1423
|player|p2|frozenmoon77|1|1470
|gen|9
|tier|[Gen 9] OU
|rated|
|rule|HP Percentage Mod: HP is shown in percentages
|rule|Endless Battle Clause: Forcing endless battles is banned
|rule|Species Clause: Limit one of each Pokémon
|rule|OHKO Clause: OHKO moves are banned
|rule|Evasion Items Clause: Evasion items are banned
|rule|Evasion Moves Clause: Evasion moves are banned
|rule|Evasion Abilities Clause: Evasion abilities are banned
|rule|Sleep Moves Clause: Sleep-inducing moves are banned
|clearpoke
|poke|p1|Gholdengo|
|poke|p1|Samurott-Hisui, M|
|poke|p1|Great Tusk|
|poke|p1|Moltres|
|poke|p1|Dragapult, M|
|poke|p1|Kingambit, M|
|poke|p2|Krookodile, M|
|poke|p2|Pecharunt|
|poke|p2|Slowking-Galar, M|
|poke|p2|Comfey, M|
|poke|p2|Tornadus-Therian, M|
|poke|p2|Cinderace, M|
|teampreview
|inactive|Battle timer is ON: inactive players will automatically lose when time's up. (requested by frozenmoon77)
|
|t:|1757928560
|teamsize|p1|6
|teamsize|p2|6
|start
|switch|p1a: Samurott|Samurott-Hisui, M|100/100
|switch|p2a: Comfey|Comfey, M|100/100
|turn|1
|
|t:|1757928569
|move|p2a: Comfey|Draining Kiss|p1a: Samurott
|-supereffective|p1a: Samurott
|-damage|p1a: Samurott|24/100
|-damage|p2a: Comfey|91/100|[from] item: Life Orb
|move|p1a: Samurott|Ceaseless Edge|p2a: Comfey
|-resisted|p2a: Comfey
|-damage|p2a: Comfey|66/100
|-sidestart|p2: frozenmoon77|Spikes
|
|upkeep
|turn|2
|
|t:|1757928580
|switch|p1a: Moltres|Moltres, shiny|100/100
|move|p2a: Comfey|Draining Kiss|p1a: Moltres
|-resisted|p1a: Moltres
|-damage|p1a: Moltres|86/100
|-heal|p2a: Comfey|79/100|[from] drain|[of] p1a: Moltres
|-damage|p2a: Comfey|69/100|[from] item: Life Orb
|
|upkeep
|turn|3
|
|t:|1757928589
|move|p2a: Comfey|Leech Seed|p1a: Moltres
|-start|p1a: Moltres|move: Leech Seed
|move|p1a: Moltres|Flamethrower|p2a: Comfey
|-damage|p2a: Comfey|30/100
|
|-damage|p1a: Moltres|74/100|[from] Leech Seed|[of] p2a: Comfey
|-heal|p2a: Comfey|46/100|[silent]
|upkeep
|turn|4
|
|t:|1757928598
|switch|p1a: Gholdengo|Gholdengo|100/100
|-item|p1a: Gholdengo|Air Balloon
|move|p2a: Comfey|Calm Mind|p2a: Comfey
|-boost|p2a: Comfey|spa|1
|-boost|p2a: Comfey|spd|1
|
|upkeep
|turn|5
|
|t:|1757928612
|switch|p2a: Krookodile|Krookodile, M|100/100
|-damage|p2a: Krookodile|88/100|[from] Spikes
|move|p1a: Gholdengo|Nasty Plot|p1a: Gholdengo
|-boost|p1a: Gholdengo|spa|2
|
|upkeep
|turn|6
|
|t:|1757928620
|switch|p1a: Moltres|Moltres, shiny|74/100
|move|p2a: Krookodile|Knock Off|p1a: Moltres
|-damage|p1a: Moltres|41/100
|-status|p2a: Krookodile|brn|[from] ability: Flame Body|[of] p1a: Moltres
|-enditem|p1a: Moltres|Heavy-Duty Boots|[from] move: Knock Off|[of] p2a: Krookodile
|
|-damage|p2a: Krookodile|82/100 brn|[from] brn
|upkeep
|turn|7
|
|t:|1757928629
|switch|p2a: Cinderace|Cinderace, M|100/100
|move|p1a: Moltres|Roost|p1a: Moltres
|-heal|p1a: Moltres|91/100
|-singleturn|p1a: Moltres|move: Roost
|
|upkeep
|turn|8
|
|t:|1757928636
|move|p2a: Cinderace|Court Change|p2a: Cinderace
|-start|p2a: Cinderace|typechange|Normal|[from] ability: Libero
|-swapsideconditions
|-activate|p2a: Cinderace|move: Court Change
|move|p1a: Moltres|Will-O-Wisp|p2a: Cinderace
|-status|p2a: Cinderace|brn
|
|-damage|p2a: Cinderace|95/100 brn|[from] brn
|upkeep
|turn|9
|
|t:|1757928645
|switch|p2a: Slowking|Slowking-Galar, M|100/100
|move|p1a: Moltres|Flamethrower|p2a: Slowking
|-damage|p2a: Slowking|83/100
|
|upkeep
|turn|10
|
|t:|1757928654
|move|p1a: Moltres|U-turn|p2a: Slowking
|-damage|p2a: Slowking|70/100
|
|t:|1757928659
|switch|p1a: Kingambit|Kingambit, M, shiny|100/100|[from] U-turn
|-damage|p1a: Kingambit|88/100|[from] Spikes
|move|p2a: Slowking|Future Sight|p1a: Kingambit
|-start|p2a: Slowking|move: Future Sight
|
|-heal|p1a: Kingambit|94/100|[from] item: Leftovers
|upkeep
|turn|11
|
|t:|1757928671
|switch|p2a: Cinderace|Cinderace, M|95/100 brn
|move|p1a: Kingambit|Kowtow Cleave|p2a: Cinderace
|-damage|p2a: Cinderace|28/100 brn
|
|-heal|p1a: Kingambit|100/100|[from] item: Leftovers
|-damage|p2a: Cinderace|22/100 brn|[from] brn
|upkeep
|turn|12
|
|t:|1757928680
|-end|p1a: Kingambit|fallenundefined|[silent]
|switch|p1a: Moltres|Moltres, shiny|91/100
|move|p2a: Cinderace|High Jump Kick|p1a: Moltres
|-start|p2a: Cinderace|typechange|Fighting|[from] ability: Libero
|-resisted|p1a: Moltres
|-damage|p1a: Moltres|81/100
|
|-end|p1a: Moltres|move: Future Sight
|-damage|p1a: Moltres|24/100
|-damage|p2a: Cinderace|16/100 brn|[from] brn
|upkeep
|turn|13
|
|t:|1757928695
|move|p2a: Cinderace|U-turn|p1a: Moltres
|-resisted|p1a: Moltres
|-damage|p1a: Moltres|22/100
|
|t:|1757928700
|switch|p2a: Pecharunt|Pecharunt|100/100|[from] U-turn
|move|p1a: Moltres|Roost|p1a: Moltres
|-heal|p1a: Moltres|72/100
|-singleturn|p1a: Moltres|move: Roost
|
|upkeep
|turn|14
|
|t:|1757928708
|switch|p1a: Kingambit|Kingambit, M, shiny|100/100
|-damage|p1a: Kingambit|88/100|[from] Spikes
|move|p2a: Pecharunt|Parting Shot|p1a: Kingambit
|-unboost|p1a: Kingambit|atk|1
|-unboost|p1a: Kingambit|spa|1
|
|t:|1757928720
|switch|p2a: Cinderace|Cinderace, M|16/100 brn|[from] Parting Shot
|
|-heal|p1a: Kingambit|94/100|[from] item: Leftovers
|-damage|p2a: Cinderace|10/100 brn|[from] brn
|upkeep
|turn|15
|
|t:|1757928730
|move|p1a: Kingambit|Sucker Punch|p2a: Cinderace
|-damage|p2a: Cinderace|0 fnt
|faint|p2a: Cinderace
|
|-heal|p1a: Kingambit|100/100|[from] item: Leftovers
|upkeep
|
|t:|1757928742
|switch|p2a: Slowking|Slowking-Galar, M|100/100
|turn|16
|
|t:|1757928750
|move|p1a: Kingambit|Swords Dance|p1a: Kingambit
|-boost|p1a: Kingambit|atk|2
|move|p2a: Slowking|Flamethrower|p1a: Kingambit
|-supereffective|p1a: Kingambit
|-crit|p1a: Kingambit
|-damage|p1a: Kingambit|25/100
|
|-heal|p1a: Kingambit|31/100|[from] item: Leftovers
|upkeep
|turn|17
|
|t:|1757928759
|switch|p2a: Pecharunt|Pecharunt|100/100
|move|p1a: Kingambit|Sucker Punch||[still]
|-fail|p1a: Kingambit
|
|-heal|p1a: Kingambit|38/100|[from] item: Leftovers
|upkeep
|turn|18
|
|t:|1757928770
|move|p2a: Pecharunt|Foul Play|p1a: Kingambit
|-resisted|p1a: Kingambit
|-damage|p1a: Kingambit|21/100
|move|p1a: Kingambit|Kowtow Cleave|p2a: Pecharunt
|-supereffective|p2a: Pecharunt
|-crit|p2a: Pecharunt
|-damage|p2a: Pecharunt|7/100
|-damage|p1a: Kingambit|4/100|[from] item: Rocky Helmet|[of] p2a: Pecharunt
|
|-heal|p1a: Kingambit|10/100|[from] item: Leftovers
|upkeep
|turn|19
|
|t:|1757928779
|move|p1a: Kingambit|Sucker Punch||[still]
|-fail|p1a: Kingambit
|move|p2a: Pecharunt|Recover|p2a: Pecharunt
|-heal|p2a: Pecharunt|57/100
|
|-heal|p1a: Kingambit|16/100|[from] item: Leftovers
|upkeep
|turn|20
|
|t:|1757928790
|move|p2a: Pecharunt|Recover|p2a: Pecharunt
|-heal|p2a: Pecharunt|100/100
|move|p1a: Kingambit|Kowtow Cleave|p2a: Pecharunt
|-supereffective|p2a: Pecharunt
|-damage|p2a: Pecharunt|34/100
|-damage|p1a: Kingambit|0 fnt|[from] item: Rocky Helmet|[of] p2a: Pecharunt
|faint|p1a: Kingambit
|-end|p1a: Kingambit|fallenundefined|[silent]
|
|upkeep
|
|t:|1757928794
|switch|p1a: Samurott|Samurott-Hisui, M|24/100
|-damage|p1a: Samurott|12/100|[from] Spikes
|turn|21
|
|t:|1757928812
|move|p1a: Samurott|Ceaseless Edge|p2a: Pecharunt
|-supereffective|p2a: Pecharunt
|-damage|p2a: Pecharunt|0 fnt
|-damage|p1a: Samurott|0 fnt|[from] item: Rocky Helmet|[of] p2a: Pecharunt
|faint|p2a: Pecharunt
|faint|p1a: Samurott
|
|upkeep
|
|t:|1757928828
|switch|p1a: Gholdengo|Gholdengo|100/100
|switch|p2a: Krookodile|Krookodile, M|82/100 brn
|-item|p1a: Gholdengo|Air Balloon
|turn|22
|
|t:|1757928836
|switch|p1a: Moltres|Moltres, shiny|72/100
|move|p2a: Krookodile|Stone Edge|p1a: Moltres|[miss]
|-miss|p2a: Krookodile|p1a: Moltres
|
|-damage|p2a: Krookodile|76/100 brn|[from] brn
|upkeep
|turn|23
|
|t:|1757928844
|switch|p1a: Great Tusk|Great Tusk, shiny|100/100
|-damage|p1a: Great Tusk|88/100|[from] Spikes
|move|p2a: Krookodile|Stone Edge|p1a: Great Tusk
|-resisted|p1a: Great Tusk
|-damage|p1a: Great Tusk|85/100
|
|-heal|p1a: Great Tusk|92/100|[from] item: Leftovers
|-damage|p2a: Krookodile|70/100 brn|[from] brn
|upkeep
|turn|24
|
|t:|1757928856
|switch|p2a: Tornadus|Tornadus-Therian, M|100/100
|move|p1a: Great Tusk|Rapid Spin|p2a: Tornadus
|-damage|p2a: Tornadus|74/100
|-boost|p1a: Great Tusk|spe|1
|-sideend|p1: dengdengni|Spikes|[from] move: Rapid Spin|[of] p1a: Great Tusk
|
|-heal|p1a: Great Tusk|98/100|[from] item: Leftovers
|upkeep
|turn|25
|
|t:|1757928864
|move|p1a: Great Tusk|Ice Spinner|p2a: Tornadus
|-supereffective|p2a: Tornadus
|-damage|p2a: Tornadus|0 fnt
|faint|p2a: Tornadus
|
|-heal|p1a: Great Tusk|100/100|[from] item: Leftovers
|upkeep
|
|t:|1757928870
|switch|p2a: Comfey|Comfey, M|46/100
|turn|26
|
|t:|1757928887
|-end|p1a: Great Tusk|Protosynthesis|[silent]
|switch|p1a: Gholdengo|Gholdengo|100/100
|-item|p1a: Gholdengo|Air Balloon
|-terastallize|p2a: Comfey|Fairy
|move|p2a: Comfey|Draining Kiss|p1a: Gholdengo
|-resisted|p1a: Gholdengo
|-damage|p1a: Gholdengo|81/100
|-heal|p2a: Comfey|64/100|[from] drain|[of] p1a: Gholdengo
|-enditem|p1a: Gholdengo|Air Balloon
|-damage|p2a: Comfey|54/100|[from] item: Life Orb
|
|upkeep
|turn|27
|
|t:|1757928898
|switch|p2a: Krookodile|Krookodile, M|70/100 brn
|move|p1a: Gholdengo|Make It Rain|p2a: Krookodile
|-damage|p2a: Krookodile|3/100 brn
|-unboost|p1a: Gholdengo|spa|1
|
|-damage|p2a: Krookodile|0 fnt|[from] brn
|faint|p2a: Krookodile
|upkeep
|
|t:|1757928908
|switch|p2a: Slowking|Slowking-Galar, M|100/100
|turn|28
|
|t:|1757928914
|-terastallize|p1a: Gholdengo|Water
|move|p1a: Gholdengo|Nasty Plot|p1a: Gholdengo
|-boost|p1a: Gholdengo|spa|2
|move|p2a: Slowking|Future Sight|p1a: Gholdengo
|-start|p2a: Slowking|move: Future Sight
|
|upkeep
|turn|29
|
|t:|1757928920
|move|p1a: Gholdengo|Shadow Ball|p2a: Slowking
|-supereffective|p2a: Slowking
|-crit|p2a: Slowking
|-damage|p2a: Slowking|18/100
|move|p2a: Slowking|Sludge Bomb|p1a: Gholdengo
|-damage|p1a: Gholdengo|41/100
|
|upkeep
|turn|30
|
|t:|1757928927
|move|p1a: Gholdengo|Shadow Ball|p2a: Slowking
|-supereffective|p2a: Slowking
|-damage|p2a: Slowking|0 fnt
|faint|p2a: Slowking
|
|-end|p1a: Gholdengo|move: Future Sight
|-damage|p1a: Gholdengo|0 fnt
|faint|p1a: Gholdengo
|upkeep
|
|t:|1757928935
|switch|p1a: Moltres|Moltres, shiny|72/100
|switch|p2a: Comfey|Comfey, M, tera:Fairy|54/100
|turn|31
|
|t:|1757928954
|switch|p1a: Great Tusk|Great Tusk, shiny|100/100
|move|p2a: Comfey|Leech Seed|p1a: Great Tusk
|-start|p1a: Great Tusk|move: Leech Seed
|
|-damage|p1a: Great Tusk|88/100|[from] Leech Seed|[of] p2a: Comfey
|-heal|p2a: Comfey|69/100|[silent]
|upkeep
|turn|32
|
|t:|1757928960
|-end|p1a: Great Tusk|Protosynthesis|[silent]
|switch|p1a: Dragapult|Dragapult, M, shiny|100/100
|move|p2a: Comfey|Draining Kiss|p1a: Dragapult
|-supereffective|p1a: Dragapult
|-damage|p1a: Dragapult|0 fnt
|-heal|p2a: Comfey|100/100|[from] drain|[of] p1a: Dragapult
|faint|p1a: Dragapult
|-damage|p2a: Comfey|91/100|[from] item: Life Orb
|
|upkeep
|
|t:|1757928964
|switch|p1a: Great Tusk|Great Tusk, shiny|88/100
|turn|33
|
|t:|1757928970
|move|p2a: Comfey|Draining Kiss|p1a: Great Tusk
|-supereffective|p1a: Great Tusk
|-damage|p1a: Great Tusk|0 fnt
|-heal|p2a: Comfey|100/100|[from] drain|[of] p1a: Great Tusk
|faint|p1a: Great Tusk
|-end|p1a: Great Tusk|Protosynthesis|[silent]
|-damage|p2a: Comfey|91/100|[from] item: Life Orb
|
|upkeep
|
|t:|1757928972
|switch|p1a: Moltres|Moltres, shiny|72/100
|turn|34
|
|t:|1757928978
|move|p2a: Comfey|Leech Seed|p1a: Moltres|[miss]
|-miss|p2a: Comfey|p1a: Moltres
|move|p1a: Moltres|Flamethrower|p2a: Comfey
|-damage|p2a: Comfey|53/100
|
|upkeep
|turn|35
|
|t:|1757928985
|move|p2a: Comfey|Leech Seed|p1a: Moltres|[miss]
|-miss|p2a: Comfey|p1a: Moltres
|move|p1a: Moltres|Flamethrower|p2a: Comfey
|-damage|p2a: Comfey|18/100
|
|upkeep
|turn|36
|
|t:|1757928991
|move|p2a: Comfey|Draining Kiss|p1a: Moltres
|-resisted|p1a: Moltres
|-damage|p1a: Moltres|50/100
|-heal|p2a: Comfey|38/100|[from] drain|[of] p1a: Moltres
|-damage|p2a: Comfey|29/100|[from] item: Life Orb
|move|p1a: Moltres|Flamethrower|p2a: Comfey
|-damage|p2a: Comfey|0 fnt
|faint|p2a: Comfey
|
|win|dengdengni
|raw|dengdengni's rating: 1423 &rarr; <strong>1446</strong><br />(+23 for winning)
|raw|frozenmoon77's rating: 1470 &rarr; <strong>1447</strong><br />(-23 for losing)
|l|☆dengdengni
|player|p1|
|l|☆frozenmoon77
|player|p2|
