|j|☆lolcano46
|j|☆driderwebs
|t:|1757812386
|gametype|singles
|player|p1|lolcano46|fisherman-gen4|1592
|player|p2|driderwebs|1|1616
|gen|9
|tier|[Gen 9] OU
|rated|
|rule|HP Percentage Mod: HP is shown in percentages
|rule|Endless Battle Clause: Forcing endless battles is banned
|rule|Species Clause: Limit one of each Pokémon
|rule|OHKO Clause: OHKO moves are banned
|rule|Evasion Items Clause: Evasion items are banned
|rule|Evasion Moves Clause: Evasion moves are banned
|rule|Evasion Abilities Clause: Evasion abilities are banned
|rule|Sleep Moves Clause: Sleep-inducing moves are banned
|clearpoke
|poke|p1|Azelf|
|poke|p1|Ogerpon-Wellspring, F|
|poke|p1|Scizor, F|
|poke|p1|Gengar, M|
|poke|p1|Raging Bolt|
|poke|p1|Cinderace, F|
|poke|p2|Iron Valiant|
|poke|p2|Garganacl, M|
|poke|p2|Moltres|
|poke|p2|Iron Treads|
|poke|p2|Meowscarada, F|
|poke|p2|Araquanid, M|
|teampreview
|inactive|Battle timer is ON: inactive players will automatically lose when time's up. (requested by lolcano46)
|
|t:|1757812395
|teamsize|p1|6
|teamsize|p2|6
|start
|switch|p1a: Gengar|Gengar, M|100/100
|switch|p2a: Meowscarada|Meowscarada, F|100/100
|turn|1
|j| nesnot
|
|t:|1757812404
|move|p1a: Gengar|Sludge Bomb|p2a: Meowscarada
|-supereffective|p2a: Meowscarada
|-damage|p2a: Meowscarada|0 fnt
|faint|p2a: Meowscarada
|
|upkeep
|
|t:|1757812412
|switch|p2a: Iron Treads|Iron Treads|100/100
|turn|2
|
|t:|1757812421
|switch|p1a: Azelf|Azelf|100/100
|move|p2a: Iron Treads|Iron Head|p1a: Azelf
|-damage|p1a: Azelf|43/100
|
|upkeep
|turn|3
|
|t:|1757812428
|move|p1a: Azelf|Flamethrower|p2a: Iron Treads
|-supereffective|p2a: Iron Treads
|-damage|p2a: Iron Treads|0 fnt
|faint|p2a: Iron Treads
|-end|p2a: Iron Treads|Quark Drive|[silent]
|
|upkeep
|
|t:|1757812435
|switch|p2a: Araquanid|Araquanid, M|100/100
|turn|4
|
|t:|1757812440
|move|p1a: Azelf|Thunderbolt|p2a: Araquanid
|-supereffective|p2a: Araquanid
|-damage|p2a: Araquanid|61/100
|-status|p2a: Araquanid|par
|move|p2a: Araquanid|Liquidation|p1a: Azelf
|-damage|p1a: Azelf|0 fnt
|faint|p1a: Azelf
|
|upkeep
|
|t:|1757812446
|switch|p1a: Gengar|Gengar, M|100/100
|turn|5
|
|t:|1757812449
|move|p1a: Gengar|Trick|p2a: Araquanid
|-activate|p1a: Gengar|move: Trick|[of] p2a: Araquanid
|-item|p2a: Araquanid|Choice Scarf|[from] move: Trick
|-item|p1a: Gengar|Assault Vest|[from] move: Trick
|move|p2a: Araquanid|Liquidation|p1a: Gengar
|-crit|p1a: Gengar
|-damage|p1a: Gengar|0 fnt
|-start|p2a: Araquanid|Disable|Liquidation|[from] ability: Cursed Body|[of] p1a: Gengar
|faint|p1a: Gengar
|
|upkeep
|
|t:|1757812455
|switch|p1a: Ogerpon|Ogerpon-Wellspring, F|100/100
|turn|6
|
|t:|1757812465
|switch|p2a: Garganacl|Garganacl, M|100/100
|move|p1a: Ogerpon|Swords Dance|p1a: Ogerpon
|-boost|p1a: Ogerpon|atk|2
|
|upkeep
|turn|7
|
|t:|1757812469
|-terastallize|p1a: Ogerpon|Water
|detailschange|p1a: Ogerpon|Ogerpon-Wellspring-Tera, F, tera:Water
|-ability|p1a: Ogerpon|Embody Aspect (Wellspring)|boost
|-boost|p1a: Ogerpon|spd|1
|-terastallize|p2a: Garganacl|Ghost
|move|p1a: Ogerpon|Horn Leech|p2a: Garganacl
|-damage|p2a: Garganacl|54/100
|move|p2a: Garganacl|Salt Cure|p1a: Ogerpon
|-damage|p1a: Ogerpon|82/100
|-start|p1a: Ogerpon|Salt Cure
|
|-heal|p2a: Garganacl|60/100|[from] item: Leftovers
|-damage|p1a: Ogerpon|57/100|[from] Salt Cure
|upkeep
|turn|8
|
|t:|1757812482
|switch|p1a: Raging Bolt|Raging Bolt|100/100
|-enditem|p1a: Raging Bolt|Booster Energy
|-activate|p1a: Raging Bolt|ability: Protosynthesis|[fromitem]
|-start|p1a: Raging Bolt|protosynthesisspa
|move|p2a: Garganacl|Protect||[still]
|-fail|p2a: Garganacl
|
|-heal|p2a: Garganacl|67/100|[from] item: Leftovers
|upkeep
|turn|9
|
|t:|1757812494
|move|p1a: Raging Bolt|Thunderbolt|p2a: Garganacl
|-damage|p2a: Garganacl|3/100
|move|p2a: Garganacl|Salt Cure|p1a: Raging Bolt
|-damage|p1a: Raging Bolt|86/100
|-start|p1a: Raging Bolt|Salt Cure
|
|-heal|p2a: Garganacl|9/100|[from] item: Leftovers
|-damage|p1a: Raging Bolt|74/100|[from] Salt Cure
|upkeep
|turn|10
|
|t:|1757812500
|-end|p1a: Raging Bolt|Protosynthesis|[silent]
|switch|p1a: Scizor|Scizor, F|100/100
|move|p2a: Garganacl|Protect||[still]
|-fail|p2a: Garganacl
|
|-heal|p2a: Garganacl|15/100|[from] item: Leftovers
|upkeep
|turn|11
|
|t:|1757812504
|switch|p2a: Araquanid|Araquanid, M|61/100 par
|move|p1a: Scizor|Knock Off|p2a: Araquanid
|-damage|p2a: Araquanid|20/100 par
|-enditem|p2a: Araquanid|Choice Scarf|[from] move: Knock Off|[of] p1a: Scizor
|
|upkeep
|turn|12
|
|t:|1757812510
|move|p1a: Scizor|Knock Off|p2a: Araquanid
|-damage|p2a: Araquanid|0 fnt
|faint|p2a: Araquanid
|
|upkeep
|
|t:|1757812512
|switch|p2a: Moltres|Moltres|100/100
|turn|13
|
|t:|1757812519
|move|p2a: Moltres|U-turn|p1a: Scizor
|-resisted|p1a: Scizor
|-damage|p1a: Scizor|92/100
|
|t:|1757812523
|switch|p2a: Garganacl|Garganacl, M, tera:Ghost|15/100|[from] U-turn
|move|p1a: Scizor|Knock Off|p2a: Garganacl
|-supereffective|p2a: Garganacl
|-damage|p2a: Garganacl|0 fnt
|-enditem|p2a: Garganacl|Leftovers|[from] move: Knock Off|[of] p1a: Scizor
|faint|p2a: Garganacl
|
|upkeep
|
|t:|1757812525
|switch|p2a: Moltres|Moltres|100/100
|turn|14
|
|t:|1757812531
|move|p2a: Moltres|Hurricane|p1a: Scizor
|-damage|p1a: Scizor|10/100
|-start|p1a: Scizor|confusion
|-activate|p1a: Scizor|confusion
|move|p1a: Scizor|Knock Off|p2a: Moltres
|-damage|p2a: Moltres|64/100
|-enditem|p2a: Moltres|Heavy-Duty Boots|[from] move: Knock Off|[of] p1a: Scizor
|
|upkeep
|turn|15
|
|t:|1757812544
|-activate|p1a: Scizor|confusion
|move|p1a: Scizor|Bullet Punch|p2a: Moltres
|-resisted|p2a: Moltres
|-damage|p2a: Moltres|45/100
|move|p2a: Moltres|Hurricane|p1a: Scizor|[miss]
|-miss|p2a: Moltres|p1a: Scizor
|
|upkeep
|turn|16
|
|t:|1757812550
|switch|p1a: Raging Bolt|Raging Bolt|74/100
|move|p2a: Moltres|Roost|p2a: Moltres
|-heal|p2a: Moltres|95/100
|-singleturn|p2a: Moltres|move: Roost
|
|upkeep
|turn|17
|
|t:|1757812556
|move|p1a: Raging Bolt|Thunderbolt|p2a: Moltres
|-supereffective|p2a: Moltres
|-damage|p2a: Moltres|0 fnt
|faint|p2a: Moltres
|
|upkeep
|
|t:|1757812559
|switch|p2a: Iron Valiant|Iron Valiant|100/100
|-enditem|p2a: Iron Valiant|Booster Energy
|-activate|p2a: Iron Valiant|ability: Quark Drive|[fromitem]
|-start|p2a: Iron Valiant|quarkdrivespe
|turn|18
|
|t:|1757812564
|move|p2a: Iron Valiant|Moonblast|p1a: Raging Bolt
|-supereffective|p1a: Raging Bolt
|-damage|p1a: Raging Bolt|0 fnt
|faint|p1a: Raging Bolt
|-end|p1a: Raging Bolt|Protosynthesis|[silent]
|
|upkeep
|
|t:|1757812566
|switch|p1a: Cinderace|Cinderace, F|100/100
|turn|19
|
|t:|1757812571
|move|p2a: Iron Valiant|Aura Sphere|p1a: Cinderace
|-damage|p1a: Cinderace|46/100
|move|p1a: Cinderace|Pyro Ball|p2a: Iron Valiant
|-damage|p2a: Iron Valiant|29/100
|-status|p2a: Iron Valiant|brn
|
|-damage|p2a: Iron Valiant|23/100 brn|[from] brn
|upkeep
|turn|20
|
|t:|1757812579
|move|p1a: Cinderace|Sucker Punch|p2a: Iron Valiant
|-start|p1a: Cinderace|typechange|Dark|[from] ability: Libero
|-resisted|p2a: Iron Valiant
|-damage|p2a: Iron Valiant|11/100 brn
|move|p2a: Iron Valiant|Aura Sphere|p1a: Cinderace
|-supereffective|p1a: Cinderace
|-damage|p1a: Cinderace|0 fnt
|faint|p1a: Cinderace
|
|-damage|p2a: Iron Valiant|5/100 brn|[from] brn
|upkeep
|
|t:|1757812589
|switch|p1a: Scizor|Scizor, F|10/100
|turn|21
|
|t:|1757812593
|move|p2a: Iron Valiant|Vacuum Wave|p1a: Scizor
|-damage|p1a: Scizor|0 fnt
|faint|p1a: Scizor
|
|-damage|p2a: Iron Valiant|0 fnt|[from] brn
|faint|p2a: Iron Valiant
|-end|p2a: Iron Valiant|Quark Drive|[silent]
|
|win|lolcano46
|raw|lolcano46's rating: 1592 &rarr; <strong>1613</strong><br />(+21 for winning)
|raw|driderwebs's rating: 1616 &rarr; <strong>1595</strong><br />(-21 for losing)
|l|☆driderwebs
|player|p2|
|l|☆lolcano46
|player|p1|
|l| nesnot
