|j|☆1jogador
|j|☆nog_fcg
|t:|1757798010
|gametype|singles
|player|p1|1jogador|266|1144
|player|p2|nog_fcg|2|1178
|gen|9
|tier|[Gen 9] OU
|rated|
|rule|HP Percentage Mod: HP is shown in percentages
|rule|Endless Battle Clause: Forcing endless battles is banned
|rule|Species Clause: Limit one of each Pokémon
|rule|OHKO Clause: OHKO moves are banned
|rule|Evasion Items Clause: Evasion items are banned
|rule|Evasion Moves Clause: Evasion moves are banned
|rule|Evasion Abilities Clause: Evasion abilities are banned
|rule|Sleep Moves Clause: Sleep-inducing moves are banned
|clearpoke
|poke|p1|Dragonite, F|
|poke|p1|Pelipper, M|
|poke|p1|Raichu, M|
|poke|p1|Banette, M|
|poke|p1|Greninja-*, M|
|poke|p1|Chesnaught, F|
|poke|p2|Darkrai|
|poke|p2|Dragonite, F|
|poke|p2|Ceruledge, F|
|poke|p2|Garganacl, F|
|poke|p2|Tyranitar, M|
|poke|p2|Greninja-*, M|
|teampreview
|
|t:|1757798024
|teamsize|p1|6
|teamsize|p2|6
|start
|switch|p1a: Chesnaught|Chesnaught, F, shiny|100/100
|switch|p2a: Garganacl|Garganacl, F|100/100
|turn|1
|
|t:|1757798044
|move|p1a: Chesnaught|Drain Punch|p2a: Garganacl
|-supereffective|p2a: Garganacl
|-damage|p2a: Garganacl|64/100
|move|p2a: Garganacl|Salt Cure|p1a: Chesnaught
|-resisted|p1a: Chesnaught
|-damage|p1a: Chesnaught|95/100
|-start|p1a: Chesnaught|Salt Cure
|
|-heal|p2a: Garganacl|71/100|[from] item: Leftovers
|-damage|p1a: Chesnaught|83/100|[from] Salt Cure
|upkeep
|turn|2
|
|t:|1757798054
|move|p1a: Chesnaught|Drain Punch|p2a: Garganacl
|-supereffective|p2a: Garganacl
|-damage|p2a: Garganacl|36/100
|-heal|p1a: Chesnaught|100/100|[from] drain|[of] p2a: Garganacl
|move|p2a: Garganacl|Recover|p2a: Garganacl
|-heal|p2a: Garganacl|86/100
|
|-heal|p2a: Garganacl|92/100|[from] item: Leftovers
|-damage|p1a: Chesnaught|88/100|[from] Salt Cure
|upkeep
|turn|3
|
|t:|1757798063
|move|p1a: Chesnaught|Wood Hammer|p2a: Garganacl
|-supereffective|p2a: Garganacl
|-damage|p2a: Garganacl|38/100
|-damage|p1a: Chesnaught|69/100|[from] Recoil
|move|p2a: Garganacl|Stealth Rock|p1a: Chesnaught
|-sidestart|p1: 1jogador|move: Stealth Rock
|
|-heal|p2a: Garganacl|44/100|[from] item: Leftovers
|-damage|p1a: Chesnaught|57/100|[from] Salt Cure
|upkeep
|turn|4
|
|t:|1757798077
|switch|p1a: Pelipper|Pelipper, M|100/100
|-damage|p1a: Pelipper|76/100|[from] Stealth Rock
|-weather|RainDance|[from] ability: Drizzle|[of] p1a: Pelipper
|-terastallize|p2a: Garganacl|Steel
|move|p2a: Garganacl|Recover|p2a: Garganacl
|-heal|p2a: Garganacl|94/100
|
|-weather|RainDance|[upkeep]
|-heal|p2a: Garganacl|100/100|[from] item: Leftovers
|upkeep
|turn|5
|
|t:|1757798090
|move|p1a: Pelipper|Hurricane|p2a: Garganacl
|-resisted|p2a: Garganacl
|-damage|p2a: Garganacl|79/100
|-start|p2a: Garganacl|confusion
|-activate|p2a: Garganacl|confusion
|-damage|p2a: Garganacl|74/100|[from] confusion
|
|-weather|RainDance|[upkeep]
|-heal|p2a: Garganacl|80/100|[from] item: Leftovers
|upkeep
|turn|6
|
|t:|1757798103
|move|p1a: Pelipper|Hurricane|p2a: Garganacl
|-resisted|p2a: Garganacl
|-crit|p2a: Garganacl
|-damage|p2a: Garganacl|51/100
|-end|p2a: Garganacl|confusion
|move|p2a: Garganacl|Salt Cure|p1a: Pelipper
|-supereffective|p1a: Pelipper
|-damage|p1a: Pelipper|50/100
|-start|p1a: Pelipper|Salt Cure
|
|-weather|RainDance|[upkeep]
|-heal|p2a: Garganacl|57/100|[from] item: Leftovers
|-damage|p1a: Pelipper|25/100|[from] Salt Cure
|upkeep
|turn|7
|
|t:|1757798110
|move|p1a: Pelipper|Hurricane|p2a: Garganacl
|-resisted|p2a: Garganacl
|-damage|p2a: Garganacl|36/100
|move|p2a: Garganacl|Recover|p2a: Garganacl
|-heal|p2a: Garganacl|86/100
|
|-weather|RainDance|[upkeep]
|-heal|p2a: Garganacl|92/100|[from] item: Leftovers
|-damage|p1a: Pelipper|0 fnt|[from] Salt Cure
|faint|p1a: Pelipper
|upkeep
|
|t:|1757798118
|switch|p1a: Chesnaught|Chesnaught, F, shiny|57/100
|-damage|p1a: Chesnaught|51/100|[from] Stealth Rock
|turn|8
|
|t:|1757798122
|move|p1a: Chesnaught|Drain Punch|p2a: Garganacl
|-supereffective|p2a: Garganacl
|-damage|p2a: Garganacl|59/100
|-heal|p1a: Chesnaught|68/100|[from] drain|[of] p2a: Garganacl
|move|p2a: Garganacl|Salt Cure|p1a: Chesnaught
|-resisted|p1a: Chesnaught
|-damage|p1a: Chesnaught|63/100
|-start|p1a: Chesnaught|Salt Cure
|
|-weather|RainDance|[upkeep]
|-heal|p2a: Garganacl|65/100|[from] item: Leftovers
|-damage|p1a: Chesnaught|51/100|[from] Salt Cure
|upkeep
|turn|9
|
|t:|1757798128
|move|p1a: Chesnaught|Drain Punch|p2a: Garganacl
|-supereffective|p2a: Garganacl
|-damage|p2a: Garganacl|31/100
|-heal|p1a: Chesnaught|69/100|[from] drain|[of] p2a: Garganacl
|move|p2a: Garganacl|Recover|p2a: Garganacl
|-heal|p2a: Garganacl|81/100
|
|-weather|RainDance|[upkeep]
|-heal|p2a: Garganacl|87/100|[from] item: Leftovers
|-damage|p1a: Chesnaught|57/100|[from] Salt Cure
|upkeep
|turn|10
|
|t:|1757798134
|move|p1a: Chesnaught|Drain Punch|p2a: Garganacl
|-supereffective|p2a: Garganacl
|-damage|p2a: Garganacl|51/100
|-heal|p1a: Chesnaught|76/100|[from] drain|[of] p2a: Garganacl
|move|p2a: Garganacl|Earthquake|p1a: Chesnaught
|-resisted|p1a: Chesnaught
|-damage|p1a: Chesnaught|68/100
|
|-weather|RainDance|[upkeep]
|-heal|p2a: Garganacl|57/100|[from] item: Leftovers
|-damage|p1a: Chesnaught|56/100|[from] Salt Cure
|upkeep
|turn|11
|
|t:|1757798137
|move|p1a: Chesnaught|Drain Punch|p2a: Garganacl
|-supereffective|p2a: Garganacl
|-damage|p2a: Garganacl|22/100
|-heal|p1a: Chesnaught|75/100|[from] drain|[of] p2a: Garganacl
|move|p2a: Garganacl|Recover|p2a: Garganacl
|-heal|p2a: Garganacl|72/100
|
|-weather|none
|-heal|p2a: Garganacl|78/100|[from] item: Leftovers
|-damage|p1a: Chesnaught|62/100|[from] Salt Cure
|upkeep
|turn|12
|
|t:|1757798151
|move|p1a: Chesnaught|Drain Punch|p2a: Garganacl
|-supereffective|p2a: Garganacl
|-damage|p2a: Garganacl|44/100
|-heal|p1a: Chesnaught|80/100|[from] drain|[of] p2a: Garganacl
|move|p2a: Garganacl|Recover|p2a: Garganacl
|-heal|p2a: Garganacl|94/100
|
|-heal|p2a: Garganacl|99/100|[from] item: Leftovers
|-damage|p1a: Chesnaught|68/100|[from] Salt Cure
|upkeep
|turn|13
|
|t:|1757798156
|move|p1a: Chesnaught|Drain Punch|p2a: Garganacl
|-supereffective|p2a: Garganacl
|-damage|p2a: Garganacl|68/100
|-heal|p1a: Chesnaught|85/100|[from] drain|[of] p2a: Garganacl
|move|p2a: Garganacl|Earthquake|p1a: Chesnaught
|-resisted|p1a: Chesnaught
|-damage|p1a: Chesnaught|77/100
|
|-heal|p2a: Garganacl|75/100|[from] item: Leftovers
|-damage|p1a: Chesnaught|64/100|[from] Salt Cure
|upkeep
|turn|14
|
|t:|1757798169
|move|p1a: Chesnaught|Drain Punch|p2a: Garganacl
|-supereffective|p2a: Garganacl
|-damage|p2a: Garganacl|37/100
|-heal|p1a: Chesnaught|84/100|[from] drain|[of] p2a: Garganacl
|move|p2a: Garganacl|Salt Cure|p1a: Chesnaught
|-resisted|p1a: Chesnaught
|-damage|p1a: Chesnaught|79/100
|
|-heal|p2a: Garganacl|43/100|[from] item: Leftovers
|-damage|p1a: Chesnaught|67/100|[from] Salt Cure
|upkeep
|turn|15
|
|t:|1757798173
|move|p1a: Chesnaught|Drain Punch|p2a: Garganacl
|-supereffective|p2a: Garganacl
|-damage|p2a: Garganacl|10/100
|-heal|p1a: Chesnaught|84/100|[from] drain|[of] p2a: Garganacl
|move|p2a: Garganacl|Recover|p2a: Garganacl
|-heal|p2a: Garganacl|60/100
|
|-heal|p2a: Garganacl|67/100|[from] item: Leftovers
|-damage|p1a: Chesnaught|72/100|[from] Salt Cure
|upkeep
|turn|16
|
|t:|1757798176
|move|p1a: Chesnaught|Drain Punch|p2a: Garganacl
|-supereffective|p2a: Garganacl
|-damage|p2a: Garganacl|32/100
|-heal|p1a: Chesnaught|90/100|[from] drain|[of] p2a: Garganacl
|move|p2a: Garganacl|Recover|p2a: Garganacl
|-heal|p2a: Garganacl|82/100
|
|-heal|p2a: Garganacl|88/100|[from] item: Leftovers
|-damage|p1a: Chesnaught|78/100|[from] Salt Cure
|upkeep
|turn|17
|
|t:|1757798180
|switch|p2a: Ceruledge|Ceruledge, F|100/100
|move|p1a: Chesnaught|Drain Punch|p2a: Ceruledge
|-immune|p2a: Ceruledge
|
|-damage|p1a: Chesnaught|66/100|[from] Salt Cure
|upkeep
|turn|18
|
|t:|1757798190
|switch|p1a: Greninja|Greninja, M|100/100
|-damage|p1a: Greninja|88/100|[from] Stealth Rock
|move|p2a: Ceruledge|Swords Dance|p2a: Ceruledge
|-boost|p2a: Ceruledge|atk|2
|
|upkeep
|turn|19
|
|t:|1757798199
|-terastallize|p1a: Greninja|Water
|move|p1a: Greninja|Water Shuriken|p2a: Ceruledge
|-supereffective|p2a: Ceruledge
|-crit|p2a: Ceruledge
|-damage|p2a: Ceruledge|63/100
|-supereffective|p2a: Ceruledge
|-damage|p2a: Ceruledge|40/100
|-supereffective|p2a: Ceruledge
|-damage|p2a: Ceruledge|19/100
|-supereffective|p2a: Ceruledge
|-damage|p2a: Ceruledge|0 fnt
|faint|p2a: Ceruledge
|-ability|p1a: Greninja|Battle Bond|boost
|-boost|p1a: Greninja|atk|1
|-boost|p1a: Greninja|spa|1
|-boost|p1a: Greninja|spe|1
|-activate|p1a: Greninja|ability: Battle Bond
|-hitcount|p2: Ceruledge|4
|
|upkeep
|
|t:|1757798215
|switch|p2a: Dragonite|Dragonite, F|100/100
|turn|20
|
|t:|1757798236
|switch|p1a: Raichu|Raichu, M, shiny|100/100
|-damage|p1a: Raichu|88/100|[from] Stealth Rock
|-item|p1a: Raichu|Air Balloon
|move|p2a: Dragonite|Extreme Speed|p1a: Raichu
|-crit|p1a: Raichu
|-damage|p1a: Raichu|0 fnt
|-enditem|p1a: Raichu|Air Balloon
|faint|p1a: Raichu
|
|upkeep
|
|t:|1757798245
|switch|p1a: Dragonite|Dragonite, F|100/100
|-damage|p1a: Dragonite|76/100|[from] Stealth Rock
|turn|21
|
|t:|1757798255
|move|p2a: Dragonite|Extreme Speed|p1a: Dragonite
|-damage|p1a: Dragonite|27/100
|move|p1a: Dragonite|Fly||[still]
|-prepare|p1a: Dragonite|Fly
|
|-heal|p1a: Dragonite|33/100|[from] item: Leftovers
|upkeep
|turn|22
|
|t:|1757798263
|move|p2a: Dragonite|Extreme Speed|p1a: Dragonite|[miss]
|-miss|p2a: Dragonite|p1a: Dragonite
|move|p1a: Dragonite|Fly|p2a: Dragonite|[from] lockedmove|[miss]
|-miss|p1a: Dragonite|p2a: Dragonite
|
|-heal|p1a: Dragonite|39/100|[from] item: Leftovers
|upkeep
|turn|23
|
|t:|1757798282
|move|p2a: Dragonite|Extreme Speed|p1a: Dragonite
|-damage|p1a: Dragonite|0 fnt
|faint|p1a: Dragonite
|
|upkeep
|
|t:|1757798289
|switch|p1a: Chesnaught|Chesnaught, F, shiny|66/100
|-damage|p1a: Chesnaught|60/100|[from] Stealth Rock
|turn|24
|
|t:|1757798298
|move|p1a: Chesnaught|Spiky Shield|p1a: Chesnaught
|-singleturn|p1a: Chesnaught|move: Protect
|move|p2a: Dragonite|Extreme Speed|p1a: Chesnaught
|-activate|p1a: Chesnaught|move: Protect
|-damage|p2a: Dragonite|88/100|[from] Spiky Shield|[of] p1a: Chesnaught
|
|upkeep
|turn|25
|
|t:|1757798305
|move|p2a: Dragonite|Extreme Speed|p1a: Chesnaught
|-damage|p1a: Chesnaught|31/100
|-damage|p2a: Dragonite|72/100|[from] item: Rocky Helmet|[of] p1a: Chesnaught
|move|p1a: Chesnaught|Drain Punch|p2a: Dragonite
|-resisted|p2a: Dragonite
|-damage|p2a: Dragonite|53/100
|-heal|p1a: Chesnaught|39/100|[from] drain|[of] p2a: Dragonite
|
|upkeep
|turn|26
|
|t:|1757798315
|move|p1a: Chesnaught|Spiky Shield|p1a: Chesnaught
|-singleturn|p1a: Chesnaught|move: Protect
|move|p2a: Dragonite|Extreme Speed|p1a: Chesnaught
|-activate|p1a: Chesnaught|move: Protect
|-damage|p2a: Dragonite|41/100|[from] Spiky Shield|[of] p1a: Chesnaught
|
|upkeep
|turn|27
|
|t:|1757798322
|move|p2a: Dragonite|Extreme Speed|p1a: Chesnaught
|-damage|p1a: Chesnaught|8/100
|-damage|p2a: Dragonite|24/100|[from] item: Rocky Helmet|[of] p1a: Chesnaught
|move|p1a: Chesnaught|Drain Punch|p2a: Dragonite
|-resisted|p2a: Dragonite
|-damage|p2a: Dragonite|5/100
|-heal|p1a: Chesnaught|17/100|[from] drain|[of] p2a: Dragonite
|
|upkeep
|turn|28
|
|t:|1757798332
|move|p1a: Chesnaught|Spiky Shield|p1a: Chesnaught
|-singleturn|p1a: Chesnaught|move: Protect
|-activate|p2a: Dragonite|move: Struggle
|move|p2a: Dragonite|Struggle|p1a: Chesnaught
|-activate|p1a: Chesnaught|move: Protect
|-damage|p2a: Dragonite|0 fnt|[from] Spiky Shield|[of] p1a: Chesnaught
|faint|p2a: Dragonite
|
|upkeep
|
|t:|1757798341
|switch|p2a: Greninja|Greninja, M|100/100
|turn|29
|
|t:|1757798361
|switch|p1a: Banette|Banette, M|100/100
|-damage|p1a: Banette|88/100|[from] Stealth Rock
|move|p2a: Greninja|Dark Pulse|p1a: Banette
|-supereffective|p1a: Banette
|-damage|p1a: Banette|0 fnt
|faint|p1a: Banette
|-ability|p2a: Greninja|Battle Bond|boost
|-boost|p2a: Greninja|atk|1
|-boost|p2a: Greninja|spa|1
|-boost|p2a: Greninja|spe|1
|-activate|p2a: Greninja|ability: Battle Bond
|
|upkeep
|
|t:|1757798375
|switch|p1a: Greninja|Greninja, M, tera:Water|88/100
|-damage|p1a: Greninja|76/100|[from] Stealth Rock
|turn|30
|inactive|Battle timer is ON: inactive players will automatically lose when time's up. (requested by nog_fcg)
|
|t:|1757798381
|move|p1a: Greninja|Water Shuriken|p2a: Greninja
|-resisted|p2a: Greninja
|-damage|p2a: Greninja|93/100
|-resisted|p2a: Greninja
|-crit|p2a: Greninja
|-damage|p2a: Greninja|82/100
|-resisted|p2a: Greninja
|-damage|p2a: Greninja|75/100
|-resisted|p2a: Greninja
|-damage|p2a: Greninja|67/100
|-resisted|p2a: Greninja
|-damage|p2a: Greninja|60/100
|-hitcount|p2a: Greninja|5
|move|p2a: Greninja|Dark Pulse|p1a: Greninja
|-damage|p1a: Greninja|0 fnt
|faint|p1a: Greninja
|
|upkeep
|
|t:|1757798392
|switch|p1a: Chesnaught|Chesnaught, F, shiny|17/100
|-damage|p1a: Chesnaught|11/100|[from] Stealth Rock
|turn|31
|
|t:|1757798399
|move|p1a: Chesnaught|Spiky Shield|p1a: Chesnaught
|-singleturn|p1a: Chesnaught|move: Protect
|move|p2a: Greninja|Dark Pulse|p1a: Chesnaught
|-activate|p1a: Chesnaught|move: Protect
|
|upkeep
|turn|32
|
|t:|1757798402
|move|p2a: Greninja|Dark Pulse|p1a: Chesnaught
|-resisted|p1a: Chesnaught
|-damage|p1a: Chesnaught|0 fnt
|faint|p1a: Chesnaught
|
|win|nog_fcg
|raw|1jogador's rating: 1144 &rarr; <strong>1121</strong><br />(-23 for losing)
|raw|nog_fcg's rating: 1178 &rarr; <strong>1201</strong><br />(+23 for winning)
|l|☆1jogador
|player|p1|
|l|☆nog_fcg
|player|p2|
