|j|☆tomatic
|j|☆JasmineThia
|t:|1757854048
|gametype|singles
|player|p1|tomatic|blackbelt-gen4dp|1579
|player|p2|JasmineThia|serena-masters3|1591
|gen|9
|tier|[Gen 9] OU
|rated|
|rule|HP Percentage Mod: HP is shown in percentages
|rule|Endless Battle Clause: Forcing endless battles is banned
|rule|Species Clause: Limit one of each Pokémon
|rule|OHKO Clause: OHKO moves are banned
|rule|Evasion Items Clause: Evasion items are banned
|rule|Evasion Moves Clause: Evasion moves are banned
|rule|Evasion Abilities Clause: Evasion abilities are banned
|rule|Sleep Moves Clause: Sleep-inducing moves are banned
|clearpoke
|poke|p1|Maushold-Four|
|poke|p1|Scizor, F|
|poke|p1|Landorus-Therian, M|
|poke|p1|Dragonite, F|
|poke|p1|Hatterene, F|
|poke|p1|Rotom-Wash|
|poke|p2|Weavile, F|
|poke|p2|Sinistcha|
|poke|p2|Gliscor, M|
|poke|p2|Great Tusk|
|poke|p2|Gholdengo|
|poke|p2|Walking Wake|
|teampreview
|inactive|Battle timer is ON: inactive players will automatically lose when time's up. (requested by JasmineThia)
|inactive|tomatic has 120 seconds left.
|
|t:|1757854136
|teamsize|p1|6
|teamsize|p2|6
|start
|switch|p1a: Rotom|Rotom-Wash|100/100
|switch|p2a: Walking Wake|Walking Wake|100/100
|turn|1
|
|t:|1757854148
|move|p1a: Rotom|Trick|p2a: Walking Wake
|-activate|p1a: Rotom|move: Trick|[of] p2a: Walking Wake
|-item|p2a: Walking Wake|Choice Scarf|[from] move: Trick
|-item|p1a: Rotom|Heavy-Duty Boots|[from] move: Trick
|move|p2a: Walking Wake|Knock Off|p1a: Rotom
|-damage|p1a: Rotom|78/100
|-enditem|p1a: Rotom|Heavy-Duty Boots|[from] move: Knock Off|[of] p2a: Walking Wake
|
|upkeep
|turn|2
|
|t:|1757854158
|-end|p2a: Walking Wake|Protosynthesis|[silent]
|switch|p2a: Gliscor|Gliscor, M|100/100
|move|p1a: Rotom|Volt Switch|p2a: Gliscor
|-immune|p2a: Gliscor
|
|-status|p2a: Gliscor|tox|[from] item: Toxic Orb
|upkeep
|turn|3
|
|t:|1757854162
|switch|p2a: Walking Wake|Walking Wake|100/100
|move|p1a: Rotom|Hydro Pump|p2a: Walking Wake
|-resisted|p2a: Walking Wake
|-damage|p2a: Walking Wake|87/100
|
|upkeep
|turn|4
|
|t:|1757854169
|move|p2a: Walking Wake|Draco Meteor|p1a: Rotom
|-damage|p1a: Rotom|0 fnt
|-unboost|p2a: Walking Wake|spa|2
|faint|p1a: Rotom
|
|upkeep
|
|t:|1757854184
|switch|p1a: Scizor|Scizor, F|100/100
|turn|5
|
|t:|1757854188
|-end|p2a: Walking Wake|Protosynthesis|[silent]
|switch|p2a: Sinistcha|Sinistcha|100/100
|move|p1a: Scizor|Swords Dance|p1a: Scizor
|-boost|p1a: Scizor|atk|2
|
|upkeep
|turn|6
|
|t:|1757854203
|-terastallize|p1a: Scizor|Fire
|move|p1a: Scizor|Swords Dance|p1a: Scizor
|-boost|p1a: Scizor|atk|2
|move|p2a: Sinistcha|Strength Sap|p1a: Scizor
|-unboost|p1a: Scizor|atk|1
|
|upkeep
|turn|7
|
|t:|1757854208
|move|p1a: Scizor|Knock Off|p2a: Sinistcha
|-supereffective|p2a: Sinistcha
|-damage|p2a: Sinistcha|0 fnt
|-enditem|p2a: Sinistcha|Heavy-Duty Boots|[from] move: Knock Off|[of] p1a: Scizor
|faint|p2a: Sinistcha
|
|upkeep
|
|t:|1757854214
|switch|p2a: Walking Wake|Walking Wake|87/100
|turn|8
|
|t:|1757854228
|switch|p1a: Hatterene|Hatterene, F|100/100
|move|p2a: Walking Wake|Scald|p1a: Hatterene
|-damage|p1a: Hatterene|76/100
|-status|p1a: Hatterene|brn
|
|-damage|p1a: Hatterene|70/100 brn|[from] brn
|upkeep
|turn|9
|
|t:|1757854236
|-end|p2a: Walking Wake|Protosynthesis|[silent]
|switch|p2a: Gliscor|Gliscor, M|100/100 tox
|move|p1a: Hatterene|Psychic Noise|p2a: Gliscor
|-damage|p2a: Gliscor|68/100 tox
|-start|p2a: Gliscor|move: Heal Block
|
|-damage|p1a: Hatterene|64/100 brn|[from] brn
|upkeep
|turn|10
|j| xmagic_247
|
|t:|1757854238
|move|p2a: Gliscor|Knock Off|p1a: Hatterene
|-damage|p1a: Hatterene|39/100 brn
|-enditem|p1a: Hatterene|Assault Vest|[from] move: Knock Off|[of] p2a: Gliscor
|move|p1a: Hatterene|Psychic Noise|p2a: Gliscor
|-damage|p2a: Gliscor|32/100 tox
|
|-damage|p1a: Hatterene|33/100 brn|[from] brn
|-end|p2a: Gliscor|move: Heal Block
|upkeep
|turn|11
|
|t:|1757854249
|move|p2a: Gliscor|Protect|p2a: Gliscor
|-singleturn|p2a: Gliscor|Protect
|move|p1a: Hatterene|Draining Kiss|p2a: Gliscor
|-activate|p2a: Gliscor|move: Protect
|
|-heal|p2a: Gliscor|44/100 tox|[from] ability: Poison Heal
|-damage|p1a: Hatterene|27/100 brn|[from] brn
|upkeep
|turn|12
|
|t:|1757854252
|move|p2a: Gliscor|Knock Off|p1a: Hatterene
|-damage|p1a: Hatterene|12/100 brn
|move|p1a: Hatterene|Psychic Noise|p2a: Gliscor
|-damage|p2a: Gliscor|8/100 tox
|-start|p2a: Gliscor|move: Heal Block
|
|-damage|p1a: Hatterene|6/100 brn|[from] brn
|upkeep
|turn|13
|
|t:|1757854257
|switch|p1a: Landorus|Landorus-Therian, M|100/100
|-ability|p1a: Landorus|Intimidate|boost
|-unboost|p2a: Gliscor|atk|1
|move|p2a: Gliscor|Knock Off|p1a: Landorus
|-damage|p1a: Landorus|87/100
|-damage|p2a: Gliscor|0 fnt|[from] item: Rocky Helmet|[of] p1a: Landorus
|faint|p2a: Gliscor
|
|upkeep
|
|t:|1757854263
|switch|p2a: Weavile|Weavile, F|100/100
|-ability|p2a: Weavile|Pressure
|turn|14
|
|t:|1757854269
|switch|p1a: Hatterene|Hatterene, F|6/100 brn
|move|p2a: Weavile|Triple Axel|p1a: Hatterene
|-damage|p1a: Hatterene|0 fnt
|faint|p1a: Hatterene
|-hitcount|p1: Hatterene|1
|
|upkeep
|
|t:|1757854274
|switch|p1a: Scizor|Scizor, F, tera:Fire|100/100
|turn|15
|
|t:|1757854279
|switch|p2a: Gholdengo|Gholdengo|100/100
|-item|p2a: Gholdengo|Air Balloon
|move|p1a: Scizor|Knock Off|p2a: Gholdengo
|-supereffective|p2a: Gholdengo
|-damage|p2a: Gholdengo|43/100
|-enditem|p2a: Gholdengo|Air Balloon
|
|upkeep
|turn|16
|
|t:|1757854288
|switch|p1a: Landorus|Landorus-Therian, M|87/100
|-ability|p1a: Landorus|Intimidate|boost
|-unboost|p2a: Gholdengo|atk|1
|move|p2a: Gholdengo|Shadow Ball|p1a: Landorus
|-damage|p1a: Landorus|46/100
|
|upkeep
|turn|17
|
|t:|1757854295
|move|p1a: Landorus|Stealth Rock|p2a: Gholdengo
|-sidestart|p2: JasmineThia|move: Stealth Rock
|move|p2a: Gholdengo|Shadow Ball|p1a: Landorus
|-damage|p1a: Landorus|5/100
|
|upkeep
|turn|18
|
|t:|1757854300
|switch|p2a: Great Tusk|Great Tusk|100/100
|-damage|p2a: Great Tusk|98/100|[from] Stealth Rock
|move|p1a: Landorus|Earth Power|p2a: Great Tusk
|-damage|p2a: Great Tusk|54/100
|
|upkeep
|turn|19
|
|t:|1757854308
|move|p1a: Landorus|Earth Power|p2a: Great Tusk
|-damage|p2a: Great Tusk|8/100
|move|p2a: Great Tusk|Rapid Spin|p1a: Landorus
|-damage|p1a: Landorus|0 fnt
|-boost|p2a: Great Tusk|spe|1
|-damage|p2a: Great Tusk|0 fnt|[from] item: Rocky Helmet|[of] p1a: Landorus
|faint|p1a: Landorus
|faint|p2a: Great Tusk
|-end|p2a: Great Tusk|Protosynthesis|[silent]
|
|upkeep
|
|t:|1757854325
|switch|p1a: Scizor|Scizor, F, tera:Fire|100/100
|switch|p2a: Walking Wake|Walking Wake|87/100
|-damage|p2a: Walking Wake|75/100|[from] Stealth Rock
|turn|20
|
|t:|1757854335
|move|p2a: Walking Wake|Scald|p1a: Scizor
|-supereffective|p1a: Scizor
|-damage|p1a: Scizor|0 fnt
|faint|p1a: Scizor
|
|upkeep
|
|t:|1757854345
|switch|p1a: Dragonite|Dragonite, F|100/100
|turn|21
|
|t:|1757854349
|move|p2a: Walking Wake|Scald|p1a: Dragonite
|-resisted|p1a: Dragonite
|-damage|p1a: Dragonite|89/100
|-status|p1a: Dragonite|brn
|move|p1a: Dragonite|Dragon Dance|p1a: Dragonite
|-boost|p1a: Dragonite|atk|1
|-boost|p1a: Dragonite|spe|1
|
|-heal|p1a: Dragonite|95/100 brn|[from] item: Leftovers
|-damage|p1a: Dragonite|89/100 brn|[from] brn
|upkeep
|turn|22
|
|t:|1757854355
|-end|p2a: Walking Wake|Protosynthesis|[silent]
|switch|p2a: Weavile|Weavile, F|100/100
|-damage|p2a: Weavile|76/100|[from] Stealth Rock
|-ability|p2a: Weavile|Pressure
|move|p1a: Dragonite|Dragon Dance|p1a: Dragonite
|-boost|p1a: Dragonite|atk|1
|-boost|p1a: Dragonite|spe|1
|
|-heal|p1a: Dragonite|95/100 brn|[from] item: Leftovers
|-damage|p1a: Dragonite|89/100 brn|[from] brn
|upkeep
|turn|23
|
|t:|1757854359
|move|p2a: Weavile|Ice Shard|p1a: Dragonite
|-supereffective|p1a: Dragonite
|-damage|p1a: Dragonite|0 fnt
|faint|p1a: Dragonite
|
|upkeep
|
|t:|1757854362
|switch|p1a: Maushold|Maushold-Four|100/100
|turn|24
|
|t:|1757854367
|switch|p2a: Gholdengo|Gholdengo|43/100
|-damage|p2a: Gholdengo|37/100|[from] Stealth Rock
|move|p1a: Maushold|Tidy Up|p1a: Maushold
|-sideend|p2: JasmineThia|Stealth Rock
|-activate|p1a: Maushold|move: Tidy Up
|-boost|p1a: Maushold|atk|1
|-boost|p1a: Maushold|spe|1
|
|upkeep
|turn|25
|
|t:|1757854369
|move|p1a: Maushold|Bite|p2a: Gholdengo
|-supereffective|p2a: Gholdengo
|-damage|p2a: Gholdengo|0 fnt
|faint|p2a: Gholdengo
|
|upkeep
|
|t:|1757854372
|switch|p2a: Walking Wake|Walking Wake|75/100
|turn|26
|
|t:|1757854376
|move|p1a: Maushold|Population Bomb|p2a: Walking Wake
|-damage|p2a: Walking Wake|58/100
|-damage|p2a: Walking Wake|40/100
|-damage|p2a: Walking Wake|22/100
|-damage|p2a: Walking Wake|4/100
|-damage|p2a: Walking Wake|0 fnt
|faint|p2a: Walking Wake
|-end|p2a: Walking Wake|Protosynthesis|[silent]
|-hitcount|p2: Walking Wake|5
|
|upkeep
|
|t:|1757854381
|switch|p2a: Weavile|Weavile, F|76/100
|-ability|p2a: Weavile|Pressure
|turn|27
|
|t:|1757854383
|-terastallize|p2a: Weavile|Ice
|move|p2a: Weavile|Ice Shard|p1a: Maushold
|-damage|p1a: Maushold|38/100
|move|p1a: Maushold|Population Bomb|p2a: Weavile
|-damage|p2a: Weavile|49/100
|-damage|p2a: Weavile|20/100
|-damage|p2a: Weavile|0 fnt
|faint|p2a: Weavile
|-hitcount|p2: Weavile|3
|
|win|tomatic
|raw|tomatic's rating: 1579 &rarr; <strong>1600</strong><br />(+21 for winning)
|raw|JasmineThia's rating: 1591 &rarr; <strong>1570</strong><br />(-21 for losing)
|l|☆JasmineThia
|player|p2|
|c|☆tomatic|gg
|l| xmagic_247
|l|☆tomatic
|player|p1|
