|j|☆SittinGamer
|j|‽oehtwashere
|t:|1757960709
|gametype|singles
|player|p1|SittinGamer|dawn-gen4pt|1604
|player|p2|oehtwashere|supernerd|1694
|gen|9
|tier|[Gen 9] OU
|rated|
|rule|HP Percentage Mod: HP is shown in percentages
|rule|Endless Battle Clause: Forcing endless battles is banned
|rule|Species Clause: Limit one of each Pokémon
|rule|OHKO Clause: OHKO moves are banned
|rule|Evasion Items Clause: Evasion items are banned
|rule|Evasion Moves Clause: Evasion moves are banned
|rule|Evasion Abilities Clause: Evasion abilities are banned
|rule|Sleep Moves Clause: Sleep-inducing moves are banned
|clearpoke
|poke|p1|Infernape, F|
|poke|p1|Samurott-Hisui, M|
|poke|p1|Gholdengo|
|poke|p1|Hatterene, F|
|poke|p1|Great Tusk|
|poke|p1|Zamazenta-*|
|poke|p2|Raikou|
|poke|p2|Scizor, F|
|poke|p2|Clefable, F|
|poke|p2|Zamazenta-*|
|poke|p2|Sinistcha|
|poke|p2|Ting-Lu|
|teampreview
|inactive|Battle timer is ON: inactive players will automatically lose when time's up. (requested by oehtwashere)
|
|t:|1757960718
|teamsize|p1|6
|teamsize|p2|6
|start
|switch|p1a: Infernape|Infernape, F|100/100
|switch|p2a: Scizor|Scizor, F|100/100
|turn|1
|
|t:|1757960723
|switch|p2a: Clefable|Clefable, F|100/100
|move|p1a: Infernape|Stealth Rock|p2a: Clefable
|-sidestart|p2: oehtwashere|move: Stealth Rock
|
|upkeep
|turn|2
|
|t:|1757960728
|switch|p1a: Hatterene|Hatterene, F|100/100
|move|p2a: Clefable|Moonblast|p1a: Hatterene
|-damage|p1a: Hatterene|80/100
|
|upkeep
|turn|3
|
|t:|1757960732
|switch|p2a: Ting-Lu|Ting-Lu|100/100
|-damage|p2a: Ting-Lu|94/100|[from] Stealth Rock
|-ability|p2a: Ting-Lu|Vessel of Ruin
|move|p1a: Hatterene|Draining Kiss|p2a: Ting-Lu
|-supereffective|p2a: Ting-Lu
|-damage|p2a: Ting-Lu|71/100
|-heal|p1a: Hatterene|100/100|[from] drain|[of] p2a: Ting-Lu
|
|-heal|p2a: Ting-Lu|77/100|[from] item: Leftovers
|upkeep
|turn|4
|
|t:|1757960736
|switch|p2a: Scizor|Scizor, F|100/100
|move|p1a: Hatterene|Draining Kiss|p2a: Scizor
|-resisted|p2a: Scizor
|-damage|p2a: Scizor|84/100
|
|upkeep
|turn|5
|
|t:|1757960744
|-terastallize|p1a: Hatterene|Water
|move|p2a: Scizor|U-turn|p1a: Hatterene
|-damage|p1a: Hatterene|57/100
|
|t:|1757960747
|switch|p2a: Clefable|Clefable, F|100/100|[from] U-turn
|move|p1a: Hatterene|Mystical Fire|p2a: Clefable
|-damage|p2a: Clefable|74/100
|-unboost|p2a: Clefable|spa|1
|
|-heal|p2a: Clefable|80/100|[from] item: Leftovers
|upkeep
|turn|6
|
|t:|1757960753
|move|p2a: Clefable|Wish|p2a: Clefable
|move|p1a: Hatterene|Draining Kiss|p2a: Clefable
|-damage|p2a: Clefable|57/100
|-heal|p1a: Hatterene|79/100|[from] drain|[of] p2a: Clefable
|
|-heal|p2a: Clefable|63/100|[from] item: Leftovers
|upkeep
|turn|7
|
|t:|1757960755
|switch|p2a: Raikou|Raikou|100/100
|-ability|p2a: Raikou|Pressure
|move|p1a: Hatterene|Psychic Noise|p2a: Raikou
|-crit|p2a: Raikou
|-damage|p2a: Raikou|37/100
|-start|p2a: Raikou|move: Heal Block
|
|upkeep
|turn|8
|
|t:|1757960759
|move|p2a: Raikou|Volt Switch|p1a: Hatterene
|-supereffective|p1a: Hatterene
|-damage|p1a: Hatterene|35/100
|
|t:|1757960762
|switch|p2a: Scizor|Scizor, F|84/100|[from] Volt Switch
|move|p1a: Hatterene|Psyshock|p2a: Scizor
|-resisted|p2a: Scizor
|-damage|p2a: Scizor|58/100
|
|upkeep
|turn|9
|
|t:|1757960774
|move|p2a: Scizor|U-turn|p1a: Hatterene
|-damage|p1a: Hatterene|0 fnt
|faint|p1a: Hatterene
|
|t:|1757960780
|switch|p2a: Clefable|Clefable, F|63/100|[from] U-turn
|
|-heal|p2a: Clefable|69/100|[from] item: Leftovers
|upkeep
|
|t:|1757960791
|switch|p1a: Gholdengo|Gholdengo|100/100
|turn|10
|
|t:|1757960794
|switch|p2a: Ting-Lu|Ting-Lu|77/100
|-damage|p2a: Ting-Lu|71/100|[from] Stealth Rock
|-ability|p2a: Ting-Lu|Vessel of Ruin
|move|p1a: Gholdengo|Trick|p2a: Ting-Lu
|-activate|p1a: Gholdengo|move: Trick|[of] p2a: Ting-Lu
|-item|p2a: Ting-Lu|Choice Scarf|[from] move: Trick
|-item|p1a: Gholdengo|Leftovers|[from] move: Trick
|
|upkeep
|turn|11
|
|t:|1757960800
|switch|p1a: Samurott|Samurott-Hisui, M|100/100
|move|p2a: Ting-Lu|Ruination|p1a: Samurott
|-damage|p1a: Samurott|51/100
|
|upkeep
|turn|12
|
|t:|1757960807
|switch|p2a: Clefable|Clefable, F|69/100
|move|p1a: Samurott|Razor Shell|p2a: Clefable
|-damage|p2a: Clefable|34/100
|-unboost|p2a: Clefable|def|1
|
|-heal|p2a: Clefable|40/100|[from] item: Leftovers
|upkeep
|turn|13
|
|t:|1757960813
|move|p2a: Clefable|Protect|p2a: Clefable
|-singleturn|p2a: Clefable|Protect
|move|p1a: Samurott|Ceaseless Edge|p2a: Clefable
|-activate|p2a: Clefable|move: Protect
|
|-heal|p2a: Clefable|47/100|[from] item: Leftovers
|upkeep
|turn|14
|
|t:|1757960820
|switch|p2a: Zamazenta|Zamazenta|100/100
|-damage|p2a: Zamazenta|94/100|[from] Stealth Rock
|-ability|p2a: Zamazenta|Dauntless Shield|boost
|-boost|p2a: Zamazenta|def|1
|move|p1a: Samurott|Razor Shell|p2a: Zamazenta|[miss]
|-miss|p1a: Samurott|p2a: Zamazenta
|
|-heal|p2a: Zamazenta|100/100|[from] item: Leftovers
|upkeep
|turn|15
|
|t:|1757960826
|switch|p1a: Zamazenta|Zamazenta|100/100
|-ability|p1a: Zamazenta|Dauntless Shield|boost
|-boost|p1a: Zamazenta|def|1
|move|p2a: Zamazenta|Crunch|p1a: Zamazenta
|-resisted|p1a: Zamazenta
|-damage|p1a: Zamazenta|95/100
|
|-heal|p1a: Zamazenta|100/100|[from] item: Leftovers
|upkeep
|turn|16
|
|t:|1757960830
|move|p2a: Zamazenta|Iron Defense|p2a: Zamazenta
|-boost|p2a: Zamazenta|def|2
|move|p1a: Zamazenta|Roar|p2a: Zamazenta
|drag|p2a: Sinistcha|Sinistcha|100/100
|
|upkeep
|turn|17
|
|t:|1757960840
|switch|p1a: Infernape|Infernape, F|100/100
|move|p2a: Sinistcha|Matcha Gotcha|p1a: Infernape|[miss]
|-miss|p2a: Sinistcha|p1a: Infernape
|
|upkeep
|turn|18
|
|t:|1757960845
|move|p1a: Infernape|Knock Off|p2a: Sinistcha
|-supereffective|p2a: Sinistcha
|-damage|p2a: Sinistcha|66/100
|-enditem|p2a: Sinistcha|Heavy-Duty Boots|[from] move: Knock Off|[of] p1a: Infernape
|move|p2a: Sinistcha|Strength Sap|p1a: Infernape
|-unboost|p1a: Infernape|atk|1
|-heal|p2a: Sinistcha|100/100
|
|upkeep
|turn|19
|
|t:|1757960852
|switch|p1a: Samurott|Samurott-Hisui, M|51/100
|move|p2a: Sinistcha|Calm Mind|p2a: Sinistcha
|-boost|p2a: Sinistcha|spa|1
|-boost|p2a: Sinistcha|spd|1
|
|upkeep
|turn|20
|
|t:|1757960855
|move|p1a: Samurott|Ceaseless Edge|p2a: Sinistcha
|-supereffective|p2a: Sinistcha
|-damage|p2a: Sinistcha|46/100
|-sidestart|p2: oehtwashere|Spikes
|move|p2a: Sinistcha|Strength Sap|p1a: Samurott
|-unboost|p1a: Samurott|atk|1
|-heal|p2a: Sinistcha|100/100
|
|upkeep
|turn|21
|
|t:|1757960862
|switch|p1a: Gholdengo|Gholdengo|100/100
|move|p2a: Sinistcha|Matcha Gotcha|p1a: Gholdengo
|-resisted|p1a: Gholdengo
|-damage|p1a: Gholdengo|71/100
|
|-heal|p1a: Gholdengo|77/100|[from] item: Leftovers
|upkeep
|turn|22
|
|t:|1757960867
|move|p1a: Gholdengo|Shadow Ball|p2a: Sinistcha
|-supereffective|p2a: Sinistcha
|-damage|p2a: Sinistcha|36/100
|move|p2a: Sinistcha|Shadow Ball|p1a: Gholdengo
|-supereffective|p1a: Gholdengo
|-damage|p1a: Gholdengo|0 fnt
|faint|p1a: Gholdengo
|
|upkeep
|
|t:|1757960870
|switch|p1a: Samurott|Samurott-Hisui, M|51/100
|turn|23
|
|t:|1757960881
|-terastallize|p2a: Sinistcha|Poison
|move|p1a: Samurott|Knock Off|p2a: Sinistcha
|-damage|p2a: Sinistcha|16/100
|move|p2a: Sinistcha|Strength Sap|p1a: Samurott
|-unboost|p1a: Samurott|atk|1
|-heal|p2a: Sinistcha|100/100
|
|upkeep
|turn|24
|
|t:|1757960890
|move|p1a: Samurott|Ceaseless Edge|p2a: Sinistcha
|-damage|p2a: Sinistcha|82/100
|-sidestart|p2: oehtwashere|Spikes
|move|p2a: Sinistcha|Matcha Gotcha|p1a: Samurott
|-supereffective|p1a: Samurott
|-damage|p1a: Samurott|0 fnt
|-heal|p2a: Sinistcha|100/100|[from] drain|[of] p1a: Samurott
|faint|p1a: Samurott
|
|upkeep
|
|t:|1757960893
|switch|p1a: Great Tusk|Great Tusk|100/100
|-enditem|p1a: Great Tusk|Booster Energy
|-activate|p1a: Great Tusk|ability: Protosynthesis|[fromitem]
|-start|p1a: Great Tusk|protosynthesisatk
|turn|25
|
|t:|1757960901
|switch|p2a: Ting-Lu|Ting-Lu|71/100
|-damage|p2a: Ting-Lu|65/100|[from] Stealth Rock
|-damage|p2a: Ting-Lu|48/100|[from] Spikes
|-ability|p2a: Ting-Lu|Vessel of Ruin
|move|p1a: Great Tusk|Headlong Rush|p2a: Ting-Lu
|-damage|p2a: Ting-Lu|7/100
|-unboost|p1a: Great Tusk|def|1
|-unboost|p1a: Great Tusk|spd|1
|
|upkeep
|turn|26
|
|t:|1757960908
|move|p1a: Great Tusk|Rapid Spin|p2a: Ting-Lu
|-damage|p2a: Ting-Lu|0 fnt
|-boost|p1a: Great Tusk|spe|1
|faint|p2a: Ting-Lu
|
|upkeep
|
|t:|1757960917
|switch|p2a: Zamazenta|Zamazenta|100/100
|-damage|p2a: Zamazenta|94/100|[from] Stealth Rock
|-damage|p2a: Zamazenta|78/100|[from] Spikes
|turn|27
|
|t:|1757960922
|move|p1a: Great Tusk|Knock Off|p2a: Zamazenta
|-resisted|p2a: Zamazenta
|-damage|p2a: Zamazenta|62/100
|-enditem|p2a: Zamazenta|Leftovers|[from] move: Knock Off|[of] p1a: Great Tusk
|move|p2a: Zamazenta|Body Press|p1a: Great Tusk
|-damage|p1a: Great Tusk|68/100
|
|upkeep
|turn|28
|
|t:|1757960927
|move|p1a: Great Tusk|Ice Spinner|p2a: Zamazenta
|-damage|p2a: Zamazenta|37/100
|move|p2a: Zamazenta|Body Press|p1a: Great Tusk
|-damage|p1a: Great Tusk|34/100
|
|upkeep
|turn|29
|
|t:|1757960932
|move|p1a: Great Tusk|Headlong Rush|p2a: Zamazenta
|-damage|p2a: Zamazenta|0 fnt
|-unboost|p1a: Great Tusk|def|1
|-unboost|p1a: Great Tusk|spd|1
|faint|p2a: Zamazenta
|
|upkeep
|
|t:|1757960937
|switch|p2a: Scizor|Scizor, F|58/100
|turn|30
|
|t:|1757960939
|-end|p1a: Great Tusk|Protosynthesis|[silent]
|switch|p1a: Zamazenta|Zamazenta|100/100
|move|p2a: Scizor|Bullet Punch|p1a: Zamazenta
|-damage|p1a: Zamazenta|76/100
|
|-heal|p1a: Zamazenta|82/100|[from] item: Leftovers
|upkeep
|turn|31
|
|t:|1757960943
|switch|p2a: Clefable|Clefable, F|47/100
|move|p1a: Zamazenta|Body Press|p2a: Clefable
|-resisted|p2a: Clefable
|-damage|p2a: Clefable|33/100
|
|-heal|p1a: Zamazenta|89/100|[from] item: Leftovers
|-heal|p2a: Clefable|39/100|[from] item: Leftovers
|upkeep
|turn|32
|
|t:|1757960947
|switch|p1a: Infernape|Infernape, F|100/100
|move|p2a: Clefable|Wish|p2a: Clefable
|
|-heal|p2a: Clefable|45/100|[from] item: Leftovers
|upkeep
|turn|33
|
|t:|1757960956
|move|p1a: Infernape|Overheat|p2a: Clefable
|-damage|p2a: Clefable|0 fnt
|-unboost|p1a: Infernape|spa|2
|faint|p2a: Clefable
|
|upkeep
|
|t:|1757960963
|switch|p2a: Raikou|Raikou|37/100
|-ability|p2a: Raikou|Pressure
|turn|34
|
|t:|1757960968
|move|p2a: Raikou|Scald|p1a: Infernape
|-supereffective|p1a: Infernape
|-damage|p1a: Infernape|23/100
|move|p1a: Infernape|Knock Off|p2a: Raikou
|-damage|p2a: Raikou|6/100
|-enditem|p2a: Raikou|Heavy-Duty Boots|[from] move: Knock Off|[of] p1a: Infernape
|
|upkeep
|turn|35
|
|t:|1757960974
|move|p1a: Infernape|Vacuum Wave|p2a: Raikou
|-damage|p2a: Raikou|0 fnt
|faint|p2a: Raikou
|
|upkeep
|
|t:|1757960976
|switch|p2a: Sinistcha|Sinistcha, tera:Poison|100/100
|-damage|p2a: Sinistcha|88/100|[from] Stealth Rock
|-damage|p2a: Sinistcha|72/100|[from] Spikes
|turn|36
|
|t:|1757960985
|switch|p1a: Great Tusk|Great Tusk|34/100
|move|p2a: Sinistcha|Strength Sap|p1a: Great Tusk
|-unboost|p1a: Great Tusk|atk|1
|-heal|p2a: Sinistcha|100/100
|
|upkeep
|turn|37
|
|t:|1757960991
|move|p1a: Great Tusk|Headlong Rush|p2a: Sinistcha
|-supereffective|p2a: Sinistcha
|-damage|p2a: Sinistcha|45/100
|-unboost|p1a: Great Tusk|def|1
|-unboost|p1a: Great Tusk|spd|1
|move|p2a: Sinistcha|Matcha Gotcha|p1a: Great Tusk
|-supereffective|p1a: Great Tusk
|-damage|p1a: Great Tusk|0 fnt
|-heal|p2a: Sinistcha|65/100|[from] drain|[of] p1a: Great Tusk
|faint|p1a: Great Tusk
|-end|p1a: Great Tusk|Protosynthesis|[silent]
|
|upkeep
|
|t:|1757960994
|switch|p1a: Infernape|Infernape, F|23/100
|turn|38
|
|t:|1757960999
|move|p1a: Infernape|Overheat|p2a: Sinistcha
|-damage|p2a: Sinistcha|12/100
|-unboost|p1a: Infernape|spa|2
|move|p2a: Sinistcha|Strength Sap|p1a: Infernape
|-unboost|p1a: Infernape|atk|1
|-heal|p2a: Sinistcha|84/100
|
|upkeep
|turn|39
|
|t:|1757961005
|switch|p1a: Zamazenta|Zamazenta|89/100
|move|p2a: Sinistcha|Shadow Ball|p1a: Zamazenta
|-damage|p1a: Zamazenta|64/100
|
|-heal|p1a: Zamazenta|70/100|[from] item: Leftovers
|upkeep
|turn|40
|
|t:|1757961007
|move|p2a: Sinistcha|Matcha Gotcha|p1a: Zamazenta
|-damage|p1a: Zamazenta|44/100
|-heal|p2a: Sinistcha|98/100|[from] drain|[of] p1a: Zamazenta
|move|p1a: Zamazenta|Roar|p2a: Sinistcha
|drag|p2a: Scizor|Scizor, F|58/100
|
|-heal|p1a: Zamazenta|50/100|[from] item: Leftovers
|upkeep
|turn|41
|
|t:|1757961014
|move|p1a: Zamazenta|Iron Defense|p1a: Zamazenta
|-boost|p1a: Zamazenta|def|2
|move|p2a: Scizor|Close Combat|p1a: Zamazenta
|-damage|p1a: Zamazenta|33/100
|-unboost|p2a: Scizor|def|1
|-unboost|p2a: Scizor|spd|1
|
|-heal|p1a: Zamazenta|40/100|[from] item: Leftovers
|upkeep
|turn|42
|
|t:|1757961019
|move|p1a: Zamazenta|Body Press|p2a: Scizor
|-damage|p2a: Scizor|0 fnt
|faint|p2a: Scizor
|
|-heal|p1a: Zamazenta|46/100|[from] item: Leftovers
|upkeep
|
|t:|1757961021
|switch|p2a: Sinistcha|Sinistcha, tera:Poison|98/100
|-damage|p2a: Sinistcha|86/100|[from] Stealth Rock
|-damage|p2a: Sinistcha|69/100|[from] Spikes
|turn|43
|
|t:|1757961025
|move|p1a: Zamazenta|Iron Defense|p1a: Zamazenta
|-boost|p1a: Zamazenta|def|2
|move|p2a: Sinistcha|Strength Sap|p1a: Zamazenta
|-unboost|p1a: Zamazenta|atk|1
|-heal|p2a: Sinistcha|100/100
|
|-heal|p1a: Zamazenta|52/100|[from] item: Leftovers
|upkeep
|turn|44
|
|t:|1757961028
|move|p1a: Zamazenta|Iron Defense|p1a: Zamazenta
|-boost|p1a: Zamazenta|def|2
|move|p2a: Sinistcha|Matcha Gotcha|p1a: Zamazenta
|-damage|p1a: Zamazenta|27/100
|
|-heal|p1a: Zamazenta|33/100|[from] item: Leftovers
|upkeep
|turn|45
|
|t:|1757961030
|move|p1a: Zamazenta|Body Press|p2a: Sinistcha
|-resisted|p2a: Sinistcha
|-damage|p2a: Sinistcha|58/100
|move|p2a: Sinistcha|Matcha Gotcha|p1a: Zamazenta
|-damage|p1a: Zamazenta|8/100
|-heal|p2a: Sinistcha|72/100|[from] drain|[of] p1a: Zamazenta
|-status|p1a: Zamazenta|brn
|
|-heal|p1a: Zamazenta|15/100 brn|[from] item: Leftovers
|-damage|p1a: Zamazenta|8/100 brn|[from] brn
|upkeep
|turn|46
|
|t:|1757961035
|move|p1a: Zamazenta|Body Press|p2a: Sinistcha
|-resisted|p2a: Sinistcha
|-damage|p2a: Sinistcha|48/100
|move|p2a: Sinistcha|Strength Sap|p1a: Zamazenta
|-unboost|p1a: Zamazenta|atk|1
|-heal|p2a: Sinistcha|100/100
|
|-heal|p1a: Zamazenta|15/100 brn|[from] item: Leftovers
|-damage|p1a: Zamazenta|8/100 brn|[from] brn
|upkeep
|turn|47
|
|t:|1757961042
|move|p1a: Zamazenta|Body Press|p2a: Sinistcha
|-resisted|p2a: Sinistcha
|-damage|p2a: Sinistcha|76/100
|move|p2a: Sinistcha|Shadow Ball|p1a: Zamazenta
|-crit|p1a: Zamazenta
|-damage|p1a: Zamazenta|0 fnt
|faint|p1a: Zamazenta
|
|upkeep
|
|t:|1757961043
|switch|p1a: Infernape|Infernape, F|23/100
|turn|48
|
|t:|1757961048
|move|p1a: Infernape|Overheat|p2a: Sinistcha
|-damage|p2a: Sinistcha|24/100
|-unboost|p1a: Infernape|spa|2
|move|p2a: Sinistcha|Shadow Ball|p1a: Infernape
|-damage|p1a: Infernape|0 fnt
|faint|p1a: Infernape
|
|win|oehtwashere
|raw|SittinGamer's rating: 1604 &rarr; <strong>1589</strong><br />(-15 for losing)
|raw|oehtwashere's rating: 1694 &rarr; <strong>1709</strong><br />(+15 for winning)
|l|☆SittinGamer
|player|p1|
