|j|☆hungrymane
|j|☆Scarifier
|t:|1757841557
|gametype|singles
|player|p1|hungrymane|101|1675
|player|p2|Scarifier|102|1543
|gen|9
|tier|[Gen 9] OU
|rated|
|rule|HP Percentage Mod: HP is shown in percentages
|rule|Endless Battle Clause: Forcing endless battles is banned
|rule|Species Clause: Limit one of each Pokémon
|rule|OHKO Clause: OHKO moves are banned
|rule|Evasion Items Clause: Evasion items are banned
|rule|Evasion Moves Clause: Evasion moves are banned
|rule|Evasion Abilities Clause: Evasion abilities are banned
|rule|Sleep Moves Clause: Sleep-inducing moves are banned
|clearpoke
|poke|p1|Darkrai|
|poke|p1|Iron Valiant|
|poke|p1|Greninja-*, F|
|poke|p1|Hitmonlee, M|
|poke|p1|Indeedee, M|
|poke|p1|Zapdos|
|poke|p2|Toxapex, M|
|poke|p2|Gliscor, M|
|poke|p2|Blissey, F|
|poke|p2|Dondozo, F|
|poke|p2|Moltres|
|poke|p2|Cresselia, F|
|teampreview
|inactive|Battle timer is ON: inactive players will automatically lose when time's up. (requested by Scarifier)
|
|t:|1757841568
|teamsize|p1|6
|teamsize|p2|6
|start
|switch|p1a: Iron Valiant|Iron Valiant|100/100
|switch|p2a: Gliscor|Gliscor, M|100/100
|-enditem|p1a: Iron Valiant|Booster Energy
|-activate|p1a: Iron Valiant|ability: Quark Drive|[fromitem]
|-start|p1a: Iron Valiant|quarkdrivespe
|turn|1
|
|t:|1757841574
|switch|p2a: Toxapex|Toxapex, M|100/100
|move|p1a: Iron Valiant|Knock Off|p2a: Toxapex
|-damage|p2a: Toxapex|80/100
|-enditem|p2a: Toxapex|Heavy-Duty Boots|[from] move: Knock Off|[of] p1a: Iron Valiant
|
|upkeep
|turn|2
|
|t:|1757841580
|-end|p1a: Iron Valiant|Quark Drive|[silent]
|switch|p1a: Indeedee|Indeedee, M|100/100
|-fieldstart|move: Psychic Terrain|[from] ability: Psychic Surge|[of] p1a: Indeedee
|move|p2a: Toxapex|Poison Jab|p1a: Indeedee
|-damage|p1a: Indeedee|58/100
|
|upkeep
|turn|3
|
|t:|1757841585
|move|p2a: Toxapex|Baneful Bunker|p2a: Toxapex
|-singleturn|p2a: Toxapex|move: Protect
|move|p1a: Indeedee|Trick|p2a: Toxapex
|-activate|p2a: Toxapex|move: Protect
|
|upkeep
|turn|4
|
|t:|1757841594
|move|p1a: Indeedee|Trick|p2a: Toxapex
|-activate|p1a: Indeedee|move: Trick|[of] p2a: Toxapex
|-item|p2a: Toxapex|Choice Scarf|[from] move: Trick
|-enditem|p1a: Indeedee|Choice Scarf|[silent]|[from] move: Trick
|move|p2a: Toxapex|Toxic Spikes|p1a: Indeedee
|-sidestart|p1: hungrymane|move: Toxic Spikes
|
|upkeep
|turn|5
|
|t:|1757841605
|switch|p2a: Blissey|Blissey, F|100/100
|move|p1a: Indeedee|Trick|p2a: Blissey
|-activate|p1a: Indeedee|move: Trick|[of] p2a: Blissey
|-enditem|p2a: Blissey|Heavy-Duty Boots|[silent]|[from] move: Trick
|-item|p1a: Indeedee|Heavy-Duty Boots|[from] move: Trick
|
|upkeep
|turn|6
|j| Netey
|l| Netey
|
|t:|1757841613
|move|p1a: Indeedee|Expanding Force|p2a: Blissey
|-crit|p2a: Blissey
|-damage|p2a: Blissey|70/100
|move|p2a: Blissey|Stealth Rock|p1a: Indeedee
|-sidestart|p1: hungrymane|move: Stealth Rock
|
|-fieldend|move: Psychic Terrain
|upkeep
|turn|7
|
|t:|1757841617
|switch|p1a: Greninja|Greninja, F|100/100
|-status|p1a: Greninja|psn
|-damage|p1a: Greninja|88/100 psn|[from] Stealth Rock
|move|p2a: Blissey|Soft-Boiled|p2a: Blissey
|-heal|p2a: Blissey|100/100
|
|-damage|p1a: Greninja|76/100 psn|[from] psn
|upkeep
|turn|8
|j| Disscratch
|
|t:|1757841622
|move|p1a: Greninja|Spikes|p2a: Blissey
|-start|p1a: Greninja|typechange|Ground|[from] ability: Protean
|-sidestart|p2: Scarifier|Spikes
|move|p2a: Blissey|Seismic Toss|p1a: Greninja
|-damage|p1a: Greninja|41/100 psn
|-damage|p2a: Blissey|84/100|[from] item: Rocky Helmet|[of] p1a: Greninja
|
|-damage|p1a: Greninja|29/100 psn|[from] psn
|upkeep
|turn|9
|
|t:|1757841628
|move|p1a: Greninja|Spikes|p2a: Blissey
|-sidestart|p2: Scarifier|Spikes
|move|p2a: Blissey|Seismic Toss|p1a: Greninja
|-damage|p1a: Greninja|0 fnt
|-damage|p2a: Blissey|67/100|[from] item: Rocky Helmet|[of] p1a: Greninja
|faint|p1a: Greninja
|
|upkeep
|
|t:|1757841634
|switch|p1a: Hitmonlee|Hitmonlee, M|100/100
|-status|p1a: Hitmonlee|psn
|-damage|p1a: Hitmonlee|94/100 psn|[from] Stealth Rock
|turn|10
|
|t:|1757841641
|switch|p2a: Toxapex|Toxapex, M|100/100
|-damage|p2a: Toxapex|84/100|[from] Spikes
|move|p1a: Hitmonlee|Rapid Spin|p2a: Toxapex
|-damage|p2a: Toxapex|73/100
|-boost|p1a: Hitmonlee|spe|1
|-sideend|p1: hungrymane|Toxic Spikes|[from] move: Rapid Spin|[of] p1a: Hitmonlee
|-sideend|p1: hungrymane|Stealth Rock|[from] move: Rapid Spin|[of] p1a: Hitmonlee
|
|-damage|p1a: Hitmonlee|82/100 psn|[from] psn
|upkeep
|turn|11
|
|t:|1757841647
|move|p1a: Hitmonlee|Swords Dance|p1a: Hitmonlee
|-boost|p1a: Hitmonlee|atk|2
|move|p2a: Toxapex|Poison Jab|p1a: Hitmonlee
|-crit|p1a: Hitmonlee
|-damage|p1a: Hitmonlee|19/100 psn
|
|-damage|p1a: Hitmonlee|7/100 psn|[from] psn
|upkeep
|turn|12
|
|t:|1757841659
|switch|p1a: Indeedee|Indeedee, M|58/100
|-fieldstart|move: Psychic Terrain|[from] ability: Psychic Surge|[of] p1a: Indeedee
|move|p2a: Toxapex|Poison Jab|p1a: Indeedee
|-damage|p1a: Indeedee|14/100
|
|upkeep
|turn|13
|
|t:|1757841676
|switch|p2a: Cresselia|Cresselia, F|100/100
|move|p1a: Indeedee|Healing Wish|p1a: Indeedee
|faint|p1a: Indeedee
|
|upkeep
|
|t:|1757841684
|switch|p1a: Iron Valiant|Iron Valiant|100/100
|turn|14
|
|t:|1757841693
|switch|p2a: Toxapex|Toxapex, M|100/100
|-damage|p2a: Toxapex|84/100|[from] Spikes
|move|p1a: Iron Valiant|Swords Dance|p1a: Iron Valiant
|-boost|p1a: Iron Valiant|atk|2
|
|upkeep
|turn|15
|
|t:|1757841704
|move|p1a: Iron Valiant|Close Combat|p2a: Toxapex
|-resisted|p2a: Toxapex
|-damage|p2a: Toxapex|45/100
|-unboost|p1a: Iron Valiant|def|1
|-unboost|p1a: Iron Valiant|spd|1
|move|p2a: Toxapex|Toxic|p1a: Iron Valiant
|-status|p1a: Iron Valiant|tox
|
|-damage|p1a: Iron Valiant|94/100 tox|[from] psn
|upkeep
|turn|16
|j| Ctannn
|
|t:|1757841724
|switch|p2a: Moltres|Moltres|100/100
|move|p1a: Iron Valiant|Knock Off|p2a: Moltres
|-damage|p2a: Moltres|54/100
|-enditem|p2a: Moltres|Heavy-Duty Boots|[from] move: Knock Off|[of] p1a: Iron Valiant
|
|-damage|p1a: Iron Valiant|82/100 tox|[from] psn
|-fieldend|move: Psychic Terrain
|upkeep
|turn|17
|
|t:|1757841730
|move|p1a: Iron Valiant|Swords Dance|p1a: Iron Valiant
|-boost|p1a: Iron Valiant|atk|2
|move|p2a: Moltres|Roost|p2a: Moltres
|-heal|p2a: Moltres|100/100
|-singleturn|p2a: Moltres|move: Roost
|
|-damage|p1a: Iron Valiant|63/100 tox|[from] psn
|upkeep
|turn|18
|
|t:|1757841733
|move|p1a: Iron Valiant|Close Combat|p2a: Moltres
|-resisted|p2a: Moltres
|-damage|p2a: Moltres|41/100
|-unboost|p1a: Iron Valiant|def|1
|-unboost|p1a: Iron Valiant|spd|1
|move|p2a: Moltres|Flamethrower|p1a: Iron Valiant
|-damage|p1a: Iron Valiant|0 fnt
|faint|p1a: Iron Valiant
|-end|p1a: Iron Valiant|Quark Drive|[silent]
|
|upkeep
|
|t:|1757841736
|switch|p1a: Darkrai|Darkrai|100/100
|turn|19
|
|t:|1757841743
|-terastallize|p1a: Darkrai|Dark
|move|p1a: Darkrai|Dark Pulse|p2a: Moltres
|-damage|p2a: Moltres|0 fnt
|faint|p2a: Moltres
|
|upkeep
|l| Ctannn
|
|t:|1757841752
|switch|p2a: Blissey|Blissey, F|67/100
|-damage|p2a: Blissey|50/100|[from] Spikes
|turn|20
|
|t:|1757841756
|move|p1a: Darkrai|Dark Pulse|p2a: Blissey
|-damage|p2a: Blissey|32/100
|cant|p2a: Blissey|flinch
|
|upkeep
|turn|21
|
|t:|1757841760
|move|p1a: Darkrai|Dark Pulse|p2a: Blissey
|-damage|p2a: Blissey|10/100
|cant|p2a: Blissey|flinch
|
|upkeep
|turn|22
|
|t:|1757841767
|move|p1a: Darkrai|Dark Pulse|p2a: Blissey
|-damage|p2a: Blissey|0 fnt
|faint|p2a: Blissey
|
|upkeep
|
|t:|1757841771
|switch|p2a: Dondozo|Dondozo, F|100/100
|turn|23
|
|t:|1757841773
|-terastallize|p2a: Dondozo|Fighting
|move|p1a: Darkrai|Dark Pulse|p2a: Dondozo
|-resisted|p2a: Dondozo
|-damage|p2a: Dondozo|54/100
|move|p2a: Dondozo|Body Press|p1a: Darkrai
|-supereffective|p1a: Darkrai
|-damage|p1a: Darkrai|0 fnt
|faint|p1a: Darkrai
|
|upkeep
|
|t:|1757841783
|switch|p1a: Zapdos|Zapdos|100/100
|-ability|p1a: Zapdos|Pressure
|turn|24
|
|t:|1757841794
|switch|p2a: Gliscor|Gliscor, M|100/100
|move|p1a: Zapdos|Charge|p1a: Zapdos
|-boost|p1a: Zapdos|spd|1
|-start|p1a: Zapdos|Charge
|
|-status|p2a: Gliscor|tox|[from] item: Toxic Orb
|upkeep
|turn|25
|j| amimec
|
|t:|1757841807
|move|p1a: Zapdos|Substitute|p1a: Zapdos
|-start|p1a: Zapdos|Substitute
|-damage|p1a: Zapdos|75/100
|move|p2a: Gliscor|Knock Off|p1a: Zapdos
|-activate|p1a: Zapdos|move: Substitute|[damage]
|
|-heal|p1a: Zapdos|82/100|[from] item: Leftovers
|upkeep
|turn|26
|
|t:|1757841815
|move|p1a: Zapdos|Protect|p1a: Zapdos
|-singleturn|p1a: Zapdos|Protect
|move|p2a: Gliscor|Knock Off|p1a: Zapdos
|-activate|p1a: Zapdos|move: Protect
|
|-heal|p1a: Zapdos|88/100|[from] item: Leftovers
|upkeep
|turn|27
|
|t:|1757841817
|move|p1a: Zapdos|Charge|p1a: Zapdos
|-boost|p1a: Zapdos|spd|1
|-start|p1a: Zapdos|Charge
|move|p2a: Gliscor|Knock Off|p1a: Zapdos
|-end|p1a: Zapdos|Substitute
|
|-heal|p1a: Zapdos|94/100|[from] item: Leftovers
|upkeep
|turn|28
|
|t:|1757841823
|switch|p2a: Cresselia|Cresselia, F|100/100
|move|p1a: Zapdos|Substitute|p1a: Zapdos
|-start|p1a: Zapdos|Substitute
|-damage|p1a: Zapdos|69/100
|
|-heal|p1a: Zapdos|75/100|[from] item: Leftovers
|upkeep
|turn|29
|
|t:|1757841828
|move|p1a: Zapdos|Discharge|p2a: Cresselia
|-damage|p2a: Cresselia|62/100
|-end|p1a: Zapdos|Charge|[silent]
|move|p2a: Cresselia|Calm Mind|p2a: Cresselia
|-boost|p2a: Cresselia|spa|1
|-boost|p2a: Cresselia|spd|1
|
|-heal|p1a: Zapdos|82/100|[from] item: Leftovers
|upkeep
|turn|30
|
|t:|1757841835
|move|p1a: Zapdos|Charge|p1a: Zapdos
|-boost|p1a: Zapdos|spd|1
|-start|p1a: Zapdos|Charge
|move|p2a: Cresselia|Calm Mind|p2a: Cresselia
|-boost|p2a: Cresselia|spa|1
|-boost|p2a: Cresselia|spd|1
|
|-heal|p1a: Zapdos|88/100|[from] item: Leftovers
|upkeep
|turn|31
|
|t:|1757841839
|move|p1a: Zapdos|Discharge|p2a: Cresselia
|-damage|p2a: Cresselia|41/100
|-end|p1a: Zapdos|Charge|[silent]
|move|p2a: Cresselia|Moonlight|p2a: Cresselia
|-heal|p2a: Cresselia|91/100
|
|-heal|p1a: Zapdos|94/100|[from] item: Leftovers
|upkeep
|turn|32
|l| amimec
|
|t:|1757841854
|move|p1a: Zapdos|Charge|p1a: Zapdos
|-boost|p1a: Zapdos|spd|1
|-start|p1a: Zapdos|Charge
|move|p2a: Cresselia|Calm Mind|p2a: Cresselia
|-boost|p2a: Cresselia|spa|1
|-boost|p2a: Cresselia|spd|1
|
|-heal|p1a: Zapdos|100/100|[from] item: Leftovers
|upkeep
|turn|33
|
|t:|1757841858
|move|p1a: Zapdos|Charge|p1a: Zapdos
|-boost|p1a: Zapdos|spd|1
|-start|p1a: Zapdos|Charge
|move|p2a: Cresselia|Calm Mind|p2a: Cresselia
|-boost|p2a: Cresselia|spa|1
|-boost|p2a: Cresselia|spd|1
|
|upkeep
|turn|34
|
|t:|1757841859
|move|p1a: Zapdos|Charge|p1a: Zapdos
|-boost|p1a: Zapdos|spd|1
|-start|p1a: Zapdos|Charge
|move|p2a: Cresselia|Calm Mind|p2a: Cresselia
|-boost|p2a: Cresselia|spa|1
|-boost|p2a: Cresselia|spd|1
|
|upkeep
|turn|35
|
|t:|1757841863
|move|p1a: Zapdos|Discharge|p2a: Cresselia
|-damage|p2a: Cresselia|80/100
|-end|p1a: Zapdos|Charge|[silent]
|move|p2a: Cresselia|Calm Mind|p2a: Cresselia
|-boost|p2a: Cresselia|spa|1
|-boost|p2a: Cresselia|spd|1
|
|upkeep
|turn|36
|
|t:|1757841866
|move|p1a: Zapdos|Discharge|p2a: Cresselia
|-damage|p2a: Cresselia|76/100
|move|p2a: Cresselia|Stored Power|p1a: Zapdos
|-end|p1a: Zapdos|Substitute
|
|upkeep
|turn|37
|
|t:|1757841871
|move|p1a: Zapdos|Protect|p1a: Zapdos
|-singleturn|p1a: Zapdos|Protect
|move|p2a: Cresselia|Moonlight|p2a: Cresselia
|-heal|p2a: Cresselia|100/100
|
|upkeep
|turn|38
|
|t:|1757841874
|move|p1a: Zapdos|Substitute|p1a: Zapdos
|-start|p1a: Zapdos|Substitute
|-damage|p1a: Zapdos|75/100
|move|p2a: Cresselia|Stored Power|p1a: Zapdos
|-crit|p1a: Zapdos
|-end|p1a: Zapdos|Substitute
|
|-heal|p1a: Zapdos|82/100|[from] item: Leftovers
|upkeep
|turn|39
|
|t:|1757841887
|move|p1a: Zapdos|Substitute|p1a: Zapdos
|-start|p1a: Zapdos|Substitute
|-damage|p1a: Zapdos|57/100
|move|p2a: Cresselia|Stored Power|p1a: Zapdos
|-end|p1a: Zapdos|Substitute
|
|-heal|p1a: Zapdos|63/100|[from] item: Leftovers
|upkeep
|turn|40
|
|t:|1757841892
|move|p1a: Zapdos|Protect|p1a: Zapdos
|-singleturn|p1a: Zapdos|Protect
|move|p2a: Cresselia|Moonblast|p1a: Zapdos
|-activate|p1a: Zapdos|move: Protect
|
|-heal|p1a: Zapdos|69/100|[from] item: Leftovers
|upkeep
|turn|41
|
|t:|1757841896
|move|p1a: Zapdos|Substitute|p1a: Zapdos
|-start|p1a: Zapdos|Substitute
|-damage|p1a: Zapdos|44/100
|move|p2a: Cresselia|Stored Power|p1a: Zapdos
|-end|p1a: Zapdos|Substitute
|
|-heal|p1a: Zapdos|50/100|[from] item: Leftovers
|upkeep
|turn|42
|
|t:|1757841900
|move|p1a: Zapdos|Substitute|p1a: Zapdos
|-start|p1a: Zapdos|Substitute
|-damage|p1a: Zapdos|25/100
|move|p2a: Cresselia|Moonblast|p1a: Zapdos
|-activate|p1a: Zapdos|move: Substitute|[damage]
|
|-heal|p1a: Zapdos|32/100|[from] item: Leftovers
|upkeep
|turn|43
|
|t:|1757841903
|move|p1a: Zapdos|Protect|p1a: Zapdos
|-singleturn|p1a: Zapdos|Protect
|move|p2a: Cresselia|Moonblast|p1a: Zapdos
|-activate|p1a: Zapdos|move: Protect
|
|-heal|p1a: Zapdos|38/100|[from] item: Leftovers
|upkeep
|turn|44
|
|t:|1757841906
|move|p1a: Zapdos|Protect|p1a: Zapdos
|-singleturn|p1a: Zapdos|Protect
|move|p2a: Cresselia|Moonblast|p1a: Zapdos
|-activate|p1a: Zapdos|move: Protect
|
|-heal|p1a: Zapdos|44/100|[from] item: Leftovers
|upkeep
|turn|45
|
|t:|1757841913
|move|p1a: Zapdos|Charge|p1a: Zapdos
|-boost|p1a: Zapdos|spd|0
|-start|p1a: Zapdos|Charge
|move|p2a: Cresselia|Moonblast|p1a: Zapdos
|-crit|p1a: Zapdos
|-end|p1a: Zapdos|Substitute
|
|-heal|p1a: Zapdos|50/100|[from] item: Leftovers
|upkeep
|turn|46
|
|t:|1757841920
|move|p1a: Zapdos|Protect|p1a: Zapdos
|-singleturn|p1a: Zapdos|Protect
|move|p2a: Cresselia|Stored Power|p1a: Zapdos
|-activate|p1a: Zapdos|move: Protect
|
|-heal|p1a: Zapdos|57/100|[from] item: Leftovers
|upkeep
|turn|47
|
|t:|1757841923
|move|p1a: Zapdos|Substitute|p1a: Zapdos
|-start|p1a: Zapdos|Substitute
|-damage|p1a: Zapdos|32/100
|move|p2a: Cresselia|Stored Power|p1a: Zapdos
|-end|p1a: Zapdos|Substitute
|
|-heal|p1a: Zapdos|38/100|[from] item: Leftovers
|upkeep
|turn|48
|
|t:|1757841928
|move|p1a: Zapdos|Protect|p1a: Zapdos
|-singleturn|p1a: Zapdos|Protect
|move|p2a: Cresselia|Stored Power|p1a: Zapdos
|-activate|p1a: Zapdos|move: Protect
|
|-heal|p1a: Zapdos|44/100|[from] item: Leftovers
|upkeep
|turn|49
|
|t:|1757841933
|move|p1a: Zapdos|Substitute|p1a: Zapdos
|-start|p1a: Zapdos|Substitute
|-damage|p1a: Zapdos|19/100
|move|p2a: Cresselia|Stored Power|p1a: Zapdos
|-end|p1a: Zapdos|Substitute
|
|-heal|p1a: Zapdos|25/100|[from] item: Leftovers
|upkeep
|turn|50
|
|t:|1757841941
|switch|p2a: Gliscor|Gliscor, M|100/100 tox
|move|p1a: Zapdos|Protect||[still]
|-fail|p1a: Zapdos
|
|-heal|p1a: Zapdos|32/100|[from] item: Leftovers
|upkeep
|turn|51
|
|t:|1757841950
|move|p1a: Zapdos|Protect|p1a: Zapdos
|-singleturn|p1a: Zapdos|Protect
|move|p2a: Gliscor|Spikes|p1a: Zapdos
|-sidestart|p1: hungrymane|Spikes
|
|-heal|p1a: Zapdos|38/100|[from] item: Leftovers
|upkeep
|turn|52
|
|t:|1757841954
|move|p1a: Zapdos|Substitute|p1a: Zapdos
|-start|p1a: Zapdos|Substitute
|-damage|p1a: Zapdos|13/100
|move|p2a: Gliscor|Spikes|p1a: Zapdos
|-sidestart|p1: hungrymane|Spikes
|
|-heal|p1a: Zapdos|19/100|[from] item: Leftovers
|upkeep
|turn|53
|
|t:|1757841958
|move|p1a: Zapdos|Protect|p1a: Zapdos
|-singleturn|p1a: Zapdos|Protect
|move|p2a: Gliscor|Spikes|p1a: Zapdos
|-sidestart|p1: hungrymane|Spikes
|
|-heal|p1a: Zapdos|25/100|[from] item: Leftovers
|upkeep
|turn|54
|
|t:|1757841963
|move|p1a: Zapdos|Charge|p1a: Zapdos
|-boost|p1a: Zapdos|spd|0
|-start|p1a: Zapdos|Charge
|move|p2a: Gliscor|Spikes||[still]
|-fail|p2a: Gliscor
|
|-heal|p1a: Zapdos|32/100|[from] item: Leftovers
|upkeep
|turn|55
|
|t:|1757841971
|move|p1a: Zapdos|Charge|p1a: Zapdos
|-boost|p1a: Zapdos|spd|0
|-start|p1a: Zapdos|Charge
|move|p2a: Gliscor|Spikes||[still]
|-fail|p2a: Gliscor
|
|-heal|p1a: Zapdos|38/100|[from] item: Leftovers
|upkeep
|turn|56
|
|t:|1757841976
|move|p1a: Zapdos|Charge|p1a: Zapdos
|-boost|p1a: Zapdos|spd|0
|-start|p1a: Zapdos|Charge
|move|p2a: Gliscor|Spikes||[still]
|-fail|p2a: Gliscor
|
|-heal|p1a: Zapdos|44/100|[from] item: Leftovers
|upkeep
|turn|57
|
|t:|1757841978
|move|p1a: Zapdos|Charge|p1a: Zapdos
|-boost|p1a: Zapdos|spd|0
|-start|p1a: Zapdos|Charge
|move|p2a: Gliscor|Spikes||[still]
|-fail|p2a: Gliscor
|
|-heal|p1a: Zapdos|50/100|[from] item: Leftovers
|upkeep
|turn|58
|
|t:|1757841980
|move|p1a: Zapdos|Charge|p1a: Zapdos
|-boost|p1a: Zapdos|spd|0
|-start|p1a: Zapdos|Charge
|move|p2a: Gliscor|Spikes||[still]
|-fail|p2a: Gliscor
|
|-heal|p1a: Zapdos|57/100|[from] item: Leftovers
|upkeep
|turn|59
|
|t:|1757841981
|move|p1a: Zapdos|Charge|p1a: Zapdos
|-boost|p1a: Zapdos|spd|0
|-start|p1a: Zapdos|Charge
|move|p2a: Gliscor|Spikes||[still]
|-fail|p2a: Gliscor
|
|-heal|p1a: Zapdos|63/100|[from] item: Leftovers
|upkeep
|turn|60
|
|t:|1757841983
|move|p1a: Zapdos|Discharge|p2a: Gliscor
|-immune|p2a: Gliscor
|-end|p1a: Zapdos|Charge|[silent]
|move|p2a: Gliscor|Spikes||[still]
|-fail|p2a: Gliscor
|
|-heal|p1a: Zapdos|69/100|[from] item: Leftovers
|upkeep
|turn|61
|
|t:|1757841985
|move|p1a: Zapdos|Charge|p1a: Zapdos
|-boost|p1a: Zapdos|spd|0
|-start|p1a: Zapdos|Charge
|move|p2a: Gliscor|Spikes||[still]
|-fail|p2a: Gliscor
|
|-heal|p1a: Zapdos|75/100|[from] item: Leftovers
|upkeep
|turn|62
|
|t:|1757841988
|move|p1a: Zapdos|Discharge|p2a: Gliscor
|-immune|p2a: Gliscor
|-end|p1a: Zapdos|Charge|[silent]
|move|p2a: Gliscor|Spikes||[still]
|-fail|p2a: Gliscor
|
|-heal|p1a: Zapdos|82/100|[from] item: Leftovers
|upkeep
|turn|63
|
|t:|1757841990
|move|p1a: Zapdos|Charge|p1a: Zapdos
|-boost|p1a: Zapdos|spd|0
|-start|p1a: Zapdos|Charge
|move|p2a: Gliscor|Spikes||[still]
|-fail|p2a: Gliscor
|
|-heal|p1a: Zapdos|88/100|[from] item: Leftovers
|upkeep
|turn|64
|
|t:|1757841994
|move|p1a: Zapdos|Discharge|p2a: Gliscor
|-immune|p2a: Gliscor
|-end|p1a: Zapdos|Charge|[silent]
|move|p2a: Gliscor|Spikes||[still]
|-fail|p2a: Gliscor
|
|-heal|p1a: Zapdos|94/100|[from] item: Leftovers
|upkeep
|turn|65
|
|t:|1757841995
|move|p1a: Zapdos|Discharge|p2a: Gliscor
|-immune|p2a: Gliscor
|move|p2a: Gliscor|Spikes||[still]
|-fail|p2a: Gliscor
|
|-heal|p1a: Zapdos|100/100|[from] item: Leftovers
|upkeep
|turn|66
|
|t:|1757841998
|move|p1a: Zapdos|Charge|p1a: Zapdos
|-boost|p1a: Zapdos|spd|0
|-start|p1a: Zapdos|Charge
|move|p2a: Gliscor|Spikes||[still]
|-fail|p2a: Gliscor
|
|upkeep
|turn|67
|
|t:|1757842003
|move|p2a: Gliscor|Protect|p2a: Gliscor
|-singleturn|p2a: Gliscor|Protect
|move|p1a: Zapdos|Discharge|p2a: Gliscor
|-activate|p2a: Gliscor|move: Protect
|-end|p1a: Zapdos|Charge|[silent]
|
|upkeep
|turn|68
|
|t:|1757842008
|move|p2a: Gliscor|Protect|p2a: Gliscor
|-singleturn|p2a: Gliscor|Protect
|move|p1a: Zapdos|Charge|p1a: Zapdos
|-boost|p1a: Zapdos|spd|0
|-start|p1a: Zapdos|Charge
|
|upkeep
|turn|69
|
|t:|1757842011
|move|p2a: Gliscor|Protect||[still]
|-fail|p2a: Gliscor
|move|p1a: Zapdos|Discharge|p2a: Gliscor
|-immune|p2a: Gliscor
|-end|p1a: Zapdos|Charge|[silent]
|
|upkeep
|turn|70
|
|t:|1757842013
|move|p2a: Gliscor|Protect|p2a: Gliscor
|-singleturn|p2a: Gliscor|Protect
|move|p1a: Zapdos|Discharge|p2a: Gliscor
|-activate|p2a: Gliscor|move: Protect
|
|upkeep
|turn|71
|
|t:|1757842015
|move|p2a: Gliscor|Protect||[still]
|-fail|p2a: Gliscor
|move|p1a: Zapdos|Charge|p1a: Zapdos
|-boost|p1a: Zapdos|spd|0
|-start|p1a: Zapdos|Charge
|
|upkeep
|turn|72
|
|t:|1757842017
|move|p1a: Zapdos|Protect|p1a: Zapdos
|-singleturn|p1a: Zapdos|Protect
|move|p2a: Gliscor|Protect||[still]
|-fail|p2a: Gliscor
|
|upkeep
|turn|73
|
|t:|1757842019
|move|p2a: Gliscor|Protect|p2a: Gliscor
|-singleturn|p2a: Gliscor|Protect
|move|p1a: Zapdos|Substitute|p1a: Zapdos
|-fail|p1a: Zapdos|move: Substitute
|
|upkeep
|turn|74
|
|t:|1757842021
|move|p2a: Gliscor|Protect||[still]
|-fail|p2a: Gliscor
|move|p1a: Zapdos|Charge|p1a: Zapdos
|-boost|p1a: Zapdos|spd|0
|-start|p1a: Zapdos|Charge
|
|upkeep
|turn|75
|
|t:|1757842023
|switch|p2a: Toxapex|Toxapex, M|79/100
|-damage|p2a: Toxapex|62/100|[from] Spikes
|move|p1a: Zapdos|Charge|p1a: Zapdos
|-boost|p1a: Zapdos|spd|0
|-start|p1a: Zapdos|Charge
|
|upkeep
|turn|76
|
|t:|1757842037
|switch|p1a: Hitmonlee|Hitmonlee, M|7/100 psn
|-heal|p1a: Hitmonlee|100/100|[from] move: Healing Wish
|-damage|p1a: Hitmonlee|76/100|[from] Spikes
|move|p2a: Toxapex|Baneful Bunker||[still]
|-fail|p2a: Toxapex
|
|upkeep
|turn|77
|
|t:|1757842047
|switch|p2a: Dondozo|Dondozo, F, tera:Fighting|54/100
|move|p1a: Hitmonlee|Swords Dance|p1a: Hitmonlee
|-boost|p1a: Hitmonlee|atk|2
|
|upkeep
|turn|78
|
|t:|1757842052
|move|p1a: Hitmonlee|Close Combat|p2a: Dondozo
|-damage|p2a: Dondozo|27/100
|-unboost|p1a: Hitmonlee|def|1
|-unboost|p1a: Hitmonlee|spd|1
|move|p2a: Dondozo|Body Press|p1a: Hitmonlee
|-damage|p1a: Hitmonlee|0 fnt
|faint|p1a: Hitmonlee
|
|upkeep
|
|t:|1757842054
|switch|p1a: Zapdos|Zapdos|100/100
|-ability|p1a: Zapdos|Pressure
|turn|79
|
|t:|1757842056
|move|p1a: Zapdos|Charge|p1a: Zapdos
|-boost|p1a: Zapdos|spd|1
|-start|p1a: Zapdos|Charge
|move|p2a: Dondozo|Rest|p2a: Dondozo
|-status|p2a: Dondozo|slp|[from] move: Rest
|-heal|p2a: Dondozo|100/100 slp|[silent]
|
|upkeep
|turn|80
|
|t:|1757842062
|switch|p2a: Gliscor|Gliscor, M|100/100 tox
|move|p1a: Zapdos|Discharge|p2a: Gliscor
|-immune|p2a: Gliscor
|-end|p1a: Zapdos|Charge|[silent]
|
|upkeep
|turn|81
|
|t:|1757842068
|switch|p2a: Dondozo|Dondozo, F, tera:Fighting|100/100 slp
|move|p1a: Zapdos|Discharge|p2a: Dondozo
|-damage|p2a: Dondozo|71/100 slp
|
|upkeep
|turn|82
|
|t:|1757842071
|switch|p2a: Gliscor|Gliscor, M|100/100 tox
|move|p1a: Zapdos|Discharge|p2a: Gliscor
|-immune|p2a: Gliscor
|
|upkeep
|turn|83
|
|t:|1757842074
|switch|p2a: Dondozo|Dondozo, F, tera:Fighting|71/100 slp
|move|p1a: Zapdos|Discharge|p2a: Dondozo
|-damage|p2a: Dondozo|41/100 slp
|
|upkeep
|turn|84
|
|t:|1757842077
|move|p1a: Zapdos|Charge|p1a: Zapdos
|-boost|p1a: Zapdos|spd|1
|-start|p1a: Zapdos|Charge
|cant|p2a: Dondozo|slp
|
|upkeep
|turn|85
|
|t:|1757842081
|move|p1a: Zapdos|Substitute|p1a: Zapdos
|-start|p1a: Zapdos|Substitute
|-damage|p1a: Zapdos|75/100
|cant|p2a: Dondozo|slp
|
|-heal|p1a: Zapdos|82/100|[from] item: Leftovers
|upkeep
|turn|86
|
|t:|1757842084
|switch|p2a: Gliscor|Gliscor, M|100/100 tox
|move|p1a: Zapdos|Discharge|p2a: Gliscor
|-immune|p2a: Gliscor
|-end|p1a: Zapdos|Charge|[silent]
|
|-heal|p1a: Zapdos|88/100|[from] item: Leftovers
|upkeep
|turn|87
|
|t:|1757842087
|switch|p2a: Dondozo|Dondozo, F, tera:Fighting|41/100 slp
|move|p1a: Zapdos|Discharge|p2a: Dondozo
|-damage|p2a: Dondozo|8/100 slp
|
|-heal|p1a: Zapdos|94/100|[from] item: Leftovers
|upkeep
|turn|88
|
|t:|1757842090
|switch|p2a: Gliscor|Gliscor, M|100/100 tox
|move|p1a: Zapdos|Discharge|p2a: Gliscor
|-immune|p2a: Gliscor
|
|-heal|p1a: Zapdos|100/100|[from] item: Leftovers
|upkeep
|turn|89
|
|t:|1757842092
|switch|p2a: Dondozo|Dondozo, F, tera:Fighting|8/100 slp
|move|p1a: Zapdos|Discharge|p2a: Dondozo
|-damage|p2a: Dondozo|0 fnt
|faint|p2a: Dondozo
|
|upkeep
|
|t:|1757842094
|switch|p2a: Toxapex|Toxapex, M|96/100
|-damage|p2a: Toxapex|79/100|[from] Spikes
|turn|90
|
|t:|1757842097
|move|p2a: Toxapex|Baneful Bunker|p2a: Toxapex
|-singleturn|p2a: Toxapex|move: Protect
|move|p1a: Zapdos|Charge|p1a: Zapdos
|-boost|p1a: Zapdos|spd|1
|-start|p1a: Zapdos|Charge
|
|upkeep
|turn|91
|
|t:|1757842103
|switch|p2a: Gliscor|Gliscor, M|100/100 tox
|move|p1a: Zapdos|Protect||[still]
|-fail|p1a: Zapdos
|
|upkeep
|turn|92
|
|t:|1757842105
|switch|p2a: Toxapex|Toxapex, M|100/100
|-damage|p2a: Toxapex|84/100|[from] Spikes
|move|p1a: Zapdos|Protect||[still]
|-fail|p1a: Zapdos
|
|upkeep
|turn|93
|
|t:|1757842107
|switch|p2a: Gliscor|Gliscor, M|100/100 tox
|move|p1a: Zapdos|Protect||[still]
|-fail|p1a: Zapdos
|
|upkeep
|turn|94
|
|t:|1757842111
|move|p1a: Zapdos|Protect|p1a: Zapdos
|-singleturn|p1a: Zapdos|Protect
|move|p2a: Gliscor|Protect||[still]
|-fail|p2a: Gliscor
|
|upkeep
|turn|95
|
|t:|1757842115
|move|p1a: Zapdos|Protect|p1a: Zapdos
|-singleturn|p1a: Zapdos|Protect
|move|p2a: Gliscor|Protect||[still]
|-fail|p2a: Gliscor
|
|upkeep
|turn|96
|
|t:|1757842118
|switch|p2a: Toxapex|Toxapex, M|100/100
|-damage|p2a: Toxapex|84/100|[from] Spikes
|move|p1a: Zapdos|Charge|p1a: Zapdos
|-boost|p1a: Zapdos|spd|1
|-start|p1a: Zapdos|Charge
|
|upkeep
|turn|97
|
|t:|1757842121
|move|p1a: Zapdos|Charge|p1a: Zapdos
|-boost|p1a: Zapdos|spd|1
|-start|p1a: Zapdos|Charge
|move|p2a: Toxapex|Poison Jab|p1a: Zapdos
|-activate|p1a: Zapdos|move: Substitute|[damage]
|
|upkeep
|turn|98
|
|t:|1757842124
|switch|p2a: Gliscor|Gliscor, M|100/100 tox
|move|p1a: Zapdos|Charge|p1a: Zapdos
|-boost|p1a: Zapdos|spd|1
|-start|p1a: Zapdos|Charge
|
|upkeep
|turn|99
|
|t:|1757842130
|switch|p2a: Toxapex|Toxapex, M|100/100
|-damage|p2a: Toxapex|84/100|[from] Spikes
|move|p1a: Zapdos|Discharge|p2a: Toxapex
|-supereffective|p2a: Toxapex
|-damage|p2a: Toxapex|0 fnt
|faint|p2a: Toxapex
|-end|p1a: Zapdos|Charge|[silent]
|
|upkeep
|
|t:|1757842134
|switch|p2a: Gliscor|Gliscor, M|100/100 tox
|turn|100
|
|t:|1757842138
|move|p1a: Zapdos|Charge|p1a: Zapdos
|-boost|p1a: Zapdos|spd|0
|-start|p1a: Zapdos|Charge
|move|p2a: Gliscor|Earthquake|p1a: Zapdos
|-immune|p1a: Zapdos
|
|upkeep
|turn|101
|
|t:|1757842143
|move|p1a: Zapdos|Discharge|p2a: Gliscor
|-immune|p2a: Gliscor
|-end|p1a: Zapdos|Charge|[silent]
|move|p2a: Gliscor|Earthquake|p1a: Zapdos
|-immune|p1a: Zapdos
|
|upkeep
|turn|102
|
|t:|1757842148
|move|p1a: Zapdos|Charge|p1a: Zapdos
|-boost|p1a: Zapdos|spd|0
|-start|p1a: Zapdos|Charge
|move|p2a: Gliscor|Earthquake|p1a: Zapdos
|-immune|p1a: Zapdos
|
|upkeep
|turn|103
|
|t:|1757842153
|move|p1a: Zapdos|Substitute|p1a: Zapdos
|-fail|p1a: Zapdos|move: Substitute
|move|p2a: Gliscor|Earthquake|p1a: Zapdos
|-immune|p1a: Zapdos
|
|upkeep
|turn|104
|
|t:|1757842155
|move|p1a: Zapdos|Substitute|p1a: Zapdos
|-fail|p1a: Zapdos|move: Substitute
|move|p2a: Gliscor|Earthquake|p1a: Zapdos
|-immune|p1a: Zapdos
|
|upkeep
|turn|105
|
|t:|1757842157
|move|p1a: Zapdos|Charge|p1a: Zapdos
|-boost|p1a: Zapdos|spd|0
|-start|p1a: Zapdos|Charge
|move|p2a: Gliscor|Earthquake|p1a: Zapdos
|-immune|p1a: Zapdos
|
|upkeep
|turn|106
|
|t:|1757842160
|move|p1a: Zapdos|Discharge|p2a: Gliscor
|-immune|p2a: Gliscor
|-end|p1a: Zapdos|Charge|[silent]
|move|p2a: Gliscor|Earthquake|p1a: Zapdos
|-immune|p1a: Zapdos
|
|upkeep
|turn|107
|-message|hungrymane forfeited.
|
|win|Scarifier
|raw|hungrymane's rating: 1675 &rarr; <strong>1648</strong><br />(-27 for losing)
|raw|Scarifier's rating: 1543 &rarr; <strong>1570</strong><br />(+27 for winning)
|l|☆hungrymane
|player|p1|
|l| Disscratch
|l|☆Scarifier
|player|p2|
