|j|☆RainingFlamigos
|j|☆River Rocket
|t:|1757816057
|gametype|singles
|player|p1|RainingFlamigos|blue|1457
|player|p2|River Rocket|pokemaniac|1431
|gen|9
|tier|[Gen 9] OU
|rated|
|rule|HP Percentage Mod: HP is shown in percentages
|rule|Endless Battle Clause: Forcing endless battles is banned
|rule|Species Clause: Limit one of each Pokémon
|rule|OHKO Clause: OHKO moves are banned
|rule|Evasion Items Clause: Evasion items are banned
|rule|Evasion Moves Clause: Evasion moves are banned
|rule|Evasion Abilities Clause: Evasion abilities are banned
|rule|Sleep Moves Clause: Sleep-inducing moves are banned
|clearpoke
|poke|p1|Flamigo, M|
|poke|p1|Garganacl, F|
|poke|p1|Slowking-Galar, F|
|poke|p1|Great Tusk|
|poke|p1|Zapdos|
|poke|p1|Kingambit, M|
|poke|p2|Dragapult, M|
|poke|p2|Glimmora, M|
|poke|p2|Comfey, M|
|poke|p2|Kingambit, M|
|poke|p2|Ogerpon-Wellspring, F|
|poke|p2|Blaziken, M|
|teampreview
|inactive|Battle timer is ON: inactive players will automatically lose when time's up. (requested by RainingFlamigos)
|c|☆RainingFlamigos|Hf
|c|☆River Rocket|u 2
|
|t:|1757816071
|teamsize|p1|6
|teamsize|p2|6
|start
|switch|p1a: Slowking|Slowking-Galar, F|100/100
|switch|p2a: Blaziken|Blaziken, M, shiny|100/100
|turn|1
|
|t:|1757816076
|move|p2a: Blaziken|Knock Off|p1a: Slowking
|-supereffective|p1a: Slowking
|-damage|p1a: Slowking|7/100
|-enditem|p1a: Slowking|Heavy-Duty Boots|[from] move: Knock Off|[of] p2a: Blaziken
|-damage|p2a: Blaziken|91/100|[from] item: Life Orb
|move|p1a: Slowking|Future Sight|p2a: Blaziken
|-start|p1a: Slowking|move: Future Sight
|
|-ability|p2a: Blaziken|Speed Boost|boost
|-boost|p2a: Blaziken|spe|1
|upkeep
|turn|2
|
|t:|1757816081
|switch|p1a: Zapdos|Zapdos|100/100
|move|p2a: Blaziken|Knock Off|p1a: Zapdos
|-damage|p1a: Zapdos|69/100
|-status|p2a: Blaziken|par|[from] ability: Static|[of] p1a: Zapdos
|-enditem|p1a: Zapdos|Heavy-Duty Boots|[from] move: Knock Off|[of] p2a: Blaziken
|-damage|p2a: Blaziken|81/100 par|[from] item: Life Orb
|
|-ability|p2a: Blaziken|Speed Boost|boost
|-boost|p2a: Blaziken|spe|1
|upkeep
|turn|3
|
|t:|1757816091
|move|p2a: Blaziken|Protect|p2a: Blaziken
|-singleturn|p2a: Blaziken|Protect
|move|p1a: Zapdos|U-turn|p2a: Blaziken
|-activate|p2a: Blaziken|move: Protect
|
|-end|p2a: Blaziken|move: Future Sight
|-supereffective|p2a: Blaziken
|-damage|p2a: Blaziken|0 fnt
|faint|p2a: Blaziken
|upkeep
|
|t:|1757816100
|switch|p2a: Glimmora|Glimmora, M, shiny|100/100
|turn|4
|
|t:|1757816103
|move|p1a: Zapdos|Discharge|p2a: Glimmora
|-damage|p2a: Glimmora|62/100
|-status|p2a: Glimmora|par
|-enditem|p2a: Glimmora|Red Card|[of] p1a: Zapdos
|drag|p1a: Kingambit|Kingambit, M|100/100
|move|p2a: Glimmora|Power Gem|p1a: Kingambit
|-resisted|p1a: Kingambit
|-damage|p1a: Kingambit|82/100
|
|-heal|p1a: Kingambit|88/100|[from] item: Leftovers
|upkeep
|turn|5
|
|t:|1757816114
|move|p1a: Kingambit|Iron Head|p2a: Glimmora
|-supereffective|p2a: Glimmora
|-damage|p2a: Glimmora|0 fnt
|-activate|p2a: Glimmora|ability: Toxic Debris
|-sidestart|p1: RainingFlamigos|move: Toxic Spikes
|faint|p2a: Glimmora
|
|-heal|p1a: Kingambit|94/100|[from] item: Leftovers
|upkeep
|
|t:|1757816122
|switch|p2a: Comfey|Comfey, M, shiny|100/100
|turn|6
|
|t:|1757816126
|-terastallize|p2a: Comfey|Ground
|move|p2a: Comfey|Tera Blast|p1a: Kingambit|[anim] Tera Blast Ground
|-supereffective|p1a: Kingambit
|-damage|p1a: Kingambit|4/100
|-damage|p2a: Comfey|91/100|[from] item: Life Orb
|move|p1a: Kingambit|Iron Head|p2a: Comfey
|-damage|p2a: Comfey|29/100
|
|-heal|p1a: Kingambit|10/100|[from] item: Leftovers
|upkeep
|turn|7
|
|t:|1757816134
|move|p2a: Comfey|Draining Kiss|p1a: Kingambit
|-damage|p1a: Kingambit|0 fnt
|-heal|p2a: Comfey|38/100|[from] drain|[of] p1a: Kingambit
|faint|p1a: Kingambit
|-end|p1a: Kingambit|fallenundefined|[silent]
|-damage|p2a: Comfey|28/100|[from] item: Life Orb
|
|upkeep
|
|t:|1757816142
|switch|p1a: Zapdos|Zapdos|69/100
|turn|8
|
|t:|1757816150
|move|p1a: Zapdos|Hurricane|p2a: Comfey
|-damage|p2a: Comfey|0 fnt
|faint|p2a: Comfey
|
|upkeep
|
|t:|1757816154
|switch|p2a: Dragapult|Dragapult, M, shiny|100/100
|turn|9
|
|t:|1757816157
|move|p2a: Dragapult|Draco Meteor|p1a: Zapdos
|-damage|p1a: Zapdos|0 fnt
|-unboost|p2a: Dragapult|spa|2
|faint|p1a: Zapdos
|-damage|p2a: Dragapult|91/100|[from] item: Life Orb
|
|upkeep
|
|t:|1757816161
|switch|p1a: Garganacl|Garganacl, F|100/100
|turn|10
|
|t:|1757816172
|move|p2a: Dragapult|Dragon Darts|p1a: Garganacl
|-damage|p1a: Garganacl|83/100
|-anim|p2a: Dragapult|Dragon Darts|p1a: Garganacl
|-damage|p1a: Garganacl|65/100
|-damage|p2a: Dragapult|81/100|[from] item: Life Orb
|move|p1a: Garganacl|Salt Cure|p2a: Dragapult
|-damage|p2a: Dragapult|60/100
|-start|p2a: Dragapult|Salt Cure
|
|-heal|p1a: Garganacl|71/100|[from] item: Leftovers
|-damage|p2a: Dragapult|48/100|[from] Salt Cure
|upkeep
|turn|11
|
|t:|1757816177
|switch|p2a: Ogerpon|Ogerpon-Wellspring, F|100/100
|move|p1a: Garganacl|Salt Cure|p2a: Ogerpon
|-damage|p2a: Ogerpon|81/100
|-start|p2a: Ogerpon|Salt Cure
|
|-heal|p1a: Garganacl|77/100|[from] item: Leftovers
|-damage|p2a: Ogerpon|56/100|[from] Salt Cure
|upkeep
|turn|12
|
|t:|1757816184
|move|p1a: Garganacl|Protect|p1a: Garganacl
|-singleturn|p1a: Garganacl|Protect
|move|p2a: Ogerpon|Taunt|p1a: Garganacl
|-activate|p1a: Garganacl|move: Protect
|
|-heal|p1a: Garganacl|83/100|[from] item: Leftovers
|-damage|p2a: Ogerpon|31/100|[from] Salt Cure
|upkeep
|turn|13
|
|t:|1757816190
|switch|p1a: Slowking|Slowking-Galar, F|40/100
|-sideend|p1: RainingFlamigos|move: Toxic Spikes|[of] p1a: Slowking
|move|p2a: Ogerpon|Ivy Cudgel|p1a: Slowking|[anim] Ivy Cudgel Water
|-damage|p1a: Slowking|0 fnt
|faint|p1a: Slowking
|
|-damage|p2a: Ogerpon|6/100|[from] Salt Cure
|upkeep
|
|t:|1757816195
|switch|p1a: Garganacl|Garganacl, F|83/100
|turn|14
|
|t:|1757816200
|switch|p2a: Dragapult|Dragapult, M, shiny|48/100
|move|p1a: Garganacl|Stealth Rock|p2a: Dragapult
|-sidestart|p2: River Rocket|move: Stealth Rock
|
|-heal|p1a: Garganacl|90/100|[from] item: Leftovers
|upkeep
|turn|15
|
|t:|1757816203
|move|p2a: Dragapult|Draco Meteor|p1a: Garganacl
|-damage|p1a: Garganacl|46/100
|-unboost|p2a: Dragapult|spa|2
|-damage|p2a: Dragapult|38/100|[from] item: Life Orb
|move|p1a: Garganacl|Recover|p1a: Garganacl
|-heal|p1a: Garganacl|96/100
|
|-heal|p1a: Garganacl|100/100|[from] item: Leftovers
|upkeep
|turn|16
|
|t:|1757816208
|move|p2a: Dragapult|Dragon Darts|p1a: Garganacl
|-damage|p1a: Garganacl|81/100
|-anim|p2a: Dragapult|Dragon Darts|p1a: Garganacl
|-damage|p1a: Garganacl|61/100
|-damage|p2a: Dragapult|28/100|[from] item: Life Orb
|move|p1a: Garganacl|Salt Cure|p2a: Dragapult
|-damage|p2a: Dragapult|11/100
|-start|p2a: Dragapult|Salt Cure
|
|-heal|p1a: Garganacl|67/100|[from] item: Leftovers
|-damage|p2a: Dragapult|0 fnt|[from] Salt Cure
|faint|p2a: Dragapult
|upkeep
|
|t:|1757816211
|switch|p2a: Ogerpon|Ogerpon-Wellspring, F|6/100
|-damage|p2a: Ogerpon|0 fnt|[from] Stealth Rock
|faint|p2a: Ogerpon
|
|t:|1757816212
|switch|p2a: Kingambit|Kingambit, M, shiny|100/100
|-damage|p2a: Kingambit|94/100|[from] Stealth Rock
|-activate|p2a: Kingambit|ability: Supreme Overlord
|-start|p2a: Kingambit|fallen5|[silent]
|turn|17
|
|t:|1757816216
|-terastallize|p1a: Garganacl|Water
|move|p2a: Kingambit|Iron Head|p1a: Garganacl
|-resisted|p1a: Garganacl
|-damage|p1a: Garganacl|44/100
|move|p1a: Garganacl|Salt Cure|p2a: Kingambit
|-resisted|p2a: Kingambit
|-damage|p2a: Kingambit|89/100
|-start|p2a: Kingambit|Salt Cure
|
|-heal|p2a: Kingambit|95/100|[from] item: Leftovers
|-heal|p1a: Garganacl|51/100|[from] item: Leftovers
|-damage|p2a: Kingambit|70/100|[from] Salt Cure
|upkeep
|turn|18
|
|t:|1757816224
|move|p1a: Garganacl|Protect|p1a: Garganacl
|-singleturn|p1a: Garganacl|Protect
|move|p2a: Kingambit|Kowtow Cleave|p1a: Garganacl
|-activate|p1a: Garganacl|move: Protect
|
|-heal|p2a: Kingambit|77/100|[from] item: Leftovers
|-heal|p1a: Garganacl|57/100|[from] item: Leftovers
|-damage|p2a: Kingambit|52/100|[from] Salt Cure
|upkeep
|turn|19
|
|t:|1757816229
|move|p2a: Kingambit|Kowtow Cleave|p1a: Garganacl
|-damage|p1a: Garganacl|9/100
|move|p1a: Garganacl|Stealth Rock||[still]
|-fail|p1a: Garganacl
|
|-heal|p2a: Kingambit|58/100|[from] item: Leftovers
|-heal|p1a: Garganacl|15/100|[from] item: Leftovers
|-damage|p2a: Kingambit|33/100|[from] Salt Cure
|upkeep
|turn|20
|
|t:|1757816234
|move|p2a: Kingambit|Swords Dance|p2a: Kingambit
|-boost|p2a: Kingambit|atk|2
|move|p1a: Garganacl|Stealth Rock||[still]
|-fail|p1a: Garganacl
|
|-heal|p2a: Kingambit|39/100|[from] item: Leftovers
|-heal|p1a: Garganacl|21/100|[from] item: Leftovers
|-damage|p2a: Kingambit|15/100|[from] Salt Cure
|upkeep
|turn|21
|
|t:|1757816239
|move|p1a: Garganacl|Protect|p1a: Garganacl
|-singleturn|p1a: Garganacl|Protect
|move|p2a: Kingambit|Kowtow Cleave|p1a: Garganacl
|-activate|p1a: Garganacl|move: Protect
|
|-heal|p2a: Kingambit|21/100|[from] item: Leftovers
|-heal|p1a: Garganacl|28/100|[from] item: Leftovers
|-damage|p2a: Kingambit|0 fnt|[from] Salt Cure
|faint|p2a: Kingambit
|-end|p2a: Kingambit|fallen5|[silent]
|
|win|RainingFlamigos
|raw|RainingFlamigos's rating: 1457 &rarr; <strong>1476</strong><br />(+19 for winning)
|raw|River Rocket's rating: 1431 &rarr; <strong>1412</strong><br />(-19 for losing)
|c|☆RainingFlamigos|Gg
|l|☆River Rocket
|player|p2|
|l|☆RainingFlamigos
|player|p1|
