|j|☆potayo
|j|☆KingKaido107
|t:|1757899466
|gametype|singles
|player|p1|potayo|1|1658
|player|p2|KingKaido107|dragontamer-gen6|1708
|gen|9
|tier|[Gen 9] OU
|rated|
|rule|HP Percentage Mod: HP is shown in percentages
|rule|Endless Battle Clause: Forcing endless battles is banned
|rule|Species Clause: Limit one of each Pokémon
|rule|OHKO Clause: OHKO moves are banned
|rule|Evasion Items Clause: Evasion items are banned
|rule|Evasion Moves Clause: Evasion moves are banned
|rule|Evasion Abilities Clause: Evasion abilities are banned
|rule|Sleep Moves Clause: Sleep-inducing moves are banned
|clearpoke
|poke|p1|Hatterene, F|
|poke|p1|Cresselia, F|
|poke|p1|Hoopa-Unbound|
|poke|p1|Rabsca, F|
|poke|p1|Mimikyu, M|
|poke|p1|Kingambit, F|
|poke|p2|Slowking-Galar, M|
|poke|p2|Kyurem|
|poke|p2|Cinderace, F|
|poke|p2|Tornadus-Therian, M|
|poke|p2|Hydrapple, F|
|poke|p2|Kingambit, M|
|teampreview
|inactive|Battle timer is ON: inactive players will automatically lose when time's up. (requested by KingKaido107)
|inactive|KingKaido107 has 120 seconds left.
|inactive|KingKaido107 has 90 seconds left.
|
|t:|1757899552
|teamsize|p1|6
|teamsize|p2|6
|start
|switch|p1a: Kingambit|Kingambit, F|100/100
|switch|p2a: Depressed Drunk|Slowking-Galar, M|100/100
|turn|1
|
|t:|1757899559
|move|p1a: Kingambit|Low Kick|p2a: Depressed Drunk
|-resisted|p2a: Depressed Drunk
|-damage|p2a: Depressed Drunk|91/100
|move|p2a: Depressed Drunk|Focus Blast|p1a: Kingambit
|-supereffective|p1a: Kingambit
|-damage|p1a: Kingambit|0 fnt
|faint|p1a: Kingambit
|-end|p1a: Kingambit|fallenundefined|[silent]
|
|upkeep
|c|☆potayo|lol
|
|t:|1757899566
|switch|p1a: Rabsca|Rabsca, F|100/100
|turn|2
|
|t:|1757899569
|move|p1a: Rabsca|Revival Blessing|p1a: Rabsca
|-enditem|p1a: Rabsca|Leppa Berry|[eat]
|-activate|p1a: Rabsca|item: Leppa Berry|Revival Blessing|[consumed]
|
|t:|1757899571
|-heal|p1: Kingambit|50/100|[from] move: Revival Blessing
|move|p2a: Depressed Drunk|Sludge Bomb|p1a: Rabsca
|-damage|p1a: Rabsca|68/100
|
|upkeep
|turn|3
|
|t:|1757899575
|switch|p1a: Kingambit|Kingambit, F|50/100
|-activate|p1a: Kingambit|ability: Supreme Overlord
|-start|p1a: Kingambit|fallen1|[silent]
|move|p2a: Depressed Drunk|Sludge Bomb|p1a: Kingambit
|-immune|p1a: Kingambit
|
|upkeep
|turn|4
|
|t:|1757899578
|move|p1a: Kingambit|Low Kick|p2a: Depressed Drunk
|-resisted|p2a: Depressed Drunk
|-damage|p2a: Depressed Drunk|81/100
|move|p2a: Depressed Drunk|Focus Blast|p1a: Kingambit|[miss]
|-miss|p2a: Depressed Drunk|p1a: Kingambit
|
|upkeep
|turn|5
|
|t:|1757899586
|-end|p1a: Kingambit|fallen1|[silent]
|switch|p1a: Rabsca|Rabsca, F|68/100
|move|p2a: Depressed Drunk|Focus Blast|p1a: Rabsca|[miss]
|-miss|p2a: Depressed Drunk|p1a: Rabsca
|
|upkeep
|turn|6
|
|t:|1757899592
|switch|p1a: Kingambit|Kingambit, F|50/100
|-activate|p1a: Kingambit|ability: Supreme Overlord
|-start|p1a: Kingambit|fallen1|[silent]
|move|p2a: Depressed Drunk|Sludge Bomb|p1a: Kingambit
|-immune|p1a: Kingambit
|
|upkeep
|turn|7
|
|t:|1757899595
|move|p1a: Kingambit|Kowtow Cleave|p2a: Depressed Drunk
|-supereffective|p2a: Depressed Drunk
|-enditem|p2a: Depressed Drunk|Colbur Berry|[eat]
|-enditem|p2a: Depressed Drunk|Colbur Berry|[weaken]
|-damage|p2a: Depressed Drunk|21/100
|move|p2a: Depressed Drunk|Focus Blast|p1a: Kingambit
|-supereffective|p1a: Kingambit
|-damage|p1a: Kingambit|0 fnt
|faint|p1a: Kingambit
|-end|p1a: Kingambit|fallen1|[silent]
|
|upkeep
|
|t:|1757899601
|switch|p1a: Rabsca|Rabsca, F|68/100
|turn|8
|
|t:|1757899603
|move|p1a: Rabsca|Revival Blessing|p1a: Rabsca
|
|t:|1757899605
|-heal|p1: Kingambit|50/100|[from] move: Revival Blessing
|move|p2a: Depressed Drunk|Sludge Bomb|p1a: Rabsca
|-damage|p1a: Rabsca|37/100
|-status|p1a: Rabsca|psn
|-activate|p1a: Rabsca|ability: Synchronize
|-immune|p2a: Depressed Drunk
|
|-damage|p1a: Rabsca|25/100 psn|[from] psn
|upkeep
|turn|9
|
|t:|1757899612
|switch|p2a: Boro Breath|Cinderace, F|100/100
|move|p1a: Rabsca|Psychic Noise|p2a: Boro Breath
|-damage|p2a: Boro Breath|56/100
|-start|p2a: Boro Breath|move: Heal Block
|
|-damage|p1a: Rabsca|12/100 psn|[from] psn
|upkeep
|turn|10
|
|t:|1757899616
|move|p2a: Boro Breath|Pyro Ball|p1a: Rabsca
|-supereffective|p1a: Rabsca
|-damage|p1a: Rabsca|0 fnt
|faint|p1a: Rabsca
|
|-end|p2a: Boro Breath|move: Heal Block
|upkeep
|
|t:|1757899621
|switch|p1a: Hatterene|Hatterene, F|100/100
|turn|11
|
|t:|1757899623
|move|p2a: Boro Breath|U-turn|p1a: Hatterene
|-start|p2a: Boro Breath|typechange|Bug|[from] ability: Libero
|-damage|p1a: Hatterene|73/100
|-damage|p2a: Boro Breath|40/100|[from] item: Rocky Helmet|[of] p1a: Hatterene
|
|t:|1757899624
|switch|p2a: Depressed Drunk|Slowking-Galar, M|54/100|[from] U-turn
|move|p1a: Hatterene|Trick Room|p1a: Hatterene
|-fieldstart|move: Trick Room|[of] p1a: Hatterene
|
|upkeep
|turn|12
|
|t:|1757899639
|switch|p1a: Kingambit|Kingambit, F|50/100
|-activate|p1a: Kingambit|ability: Supreme Overlord
|-start|p1a: Kingambit|fallen3|[silent]
|-prepare|p2a: Depressed Drunk|Chilly Reception|[premajor]
|move|p2a: Depressed Drunk|Chilly Reception|p2a: Depressed Drunk
|-weather|Snowscape
|
|t:|1757899647
|switch|p2a: Ragnaraku|Kyurem|100/100|[from] Chilly Reception
|-ability|p2a: Ragnaraku|Pressure
|
|-weather|Snowscape|[upkeep]
|upkeep
|turn|13
|
|t:|1757899655
|switch|p2a: Laughing Drunk|Hydrapple, F|100/100
|move|p1a: Kingambit|Low Kick|p2a: Laughing Drunk
|-damage|p2a: Laughing Drunk|65/100
|-damage|p1a: Kingambit|34/100|[from] item: Rocky Helmet|[of] p2a: Laughing Drunk
|
|-weather|Snowscape|[upkeep]
|upkeep
|turn|14
|
|t:|1757899661
|-end|p1a: Kingambit|fallen3|[silent]
|switch|p1a: Hoopa|Hoopa-Unbound|100/100
|move|p2a: Laughing Drunk|Giga Drain|p1a: Hoopa
|-damage|p1a: Hoopa|83/100
|-heal|p2a: Laughing Drunk|72/100|[from] drain|[of] p1a: Hoopa
|
|-weather|Snowscape|[upkeep]
|upkeep
|turn|15
|
|t:|1757899668
|switch|p2a: Thieving Drunk|Tornadus-Therian, M|100/100
|move|p1a: Hoopa|Hyperspace Fury|p2a: Thieving Drunk
|-damage|p2a: Thieving Drunk|34/100
|-unboost|p1a: Hoopa|def|1
|
|-weather|Snowscape|[upkeep]
|-fieldend|move: Trick Room
|upkeep
|turn|16
|
|t:|1757899679
|switch|p1a: Hatterene|Hatterene, F|73/100
|move|p2a: Thieving Drunk|U-turn|p1a: Hatterene
|-damage|p1a: Hatterene|61/100
|-damage|p2a: Thieving Drunk|17/100|[from] item: Rocky Helmet|[of] p1a: Hatterene
|
|t:|1757899681
|switch|p2a: Ragnaraku|Kyurem|100/100|[from] U-turn
|-ability|p2a: Ragnaraku|Pressure
|
|-weather|none
|upkeep
|turn|17
|inactive|potayo has 120 seconds left.
|
|t:|1757899714
|move|p2a: Ragnaraku|Freeze-Dry|p1a: Hatterene
|-damage|p1a: Hatterene|0 fnt
|faint|p1a: Hatterene
|
|upkeep
|
|t:|1757899717
|switch|p1a: Kingambit|Kingambit, F|34/100
|-activate|p1a: Kingambit|ability: Supreme Overlord
|-start|p1a: Kingambit|fallen4|[silent]
|turn|18
|
|t:|1757899724
|switch|p2a: Laughing Drunk|Hydrapple, F|100/100
|move|p1a: Kingambit|Iron Head|p2a: Laughing Drunk
|-damage|p2a: Laughing Drunk|41/100
|-damage|p1a: Kingambit|17/100|[from] item: Rocky Helmet|[of] p2a: Laughing Drunk
|
|upkeep
|turn|19
|
|t:|1757899729
|move|p1a: Kingambit|Iron Head|p2a: Laughing Drunk
|-damage|p2a: Laughing Drunk|0 fnt
|-damage|p1a: Kingambit|1/100|[from] item: Rocky Helmet|[of] p2a: Laughing Drunk
|faint|p2a: Laughing Drunk
|
|upkeep
|
|t:|1757899732
|switch|p2a: Boro Breath|Cinderace, F|40/100
|turn|20
|
|t:|1757899737
|-end|p1a: Kingambit|fallen4|[silent]
|switch|p1a: Cresselia|Cresselia, F|100/100
|move|p2a: Boro Breath|U-turn|p1a: Cresselia
|-start|p2a: Boro Breath|typechange|Bug|[from] ability: Libero
|-supereffective|p1a: Cresselia
|-damage|p1a: Cresselia|67/100
|
|t:|1757899739
|switch|p2a: Ragnaraku|Kyurem|100/100|[from] U-turn
|-ability|p2a: Ragnaraku|Pressure
|
|upkeep
|turn|21
|
|t:|1757899743
|move|p2a: Ragnaraku|Draco Meteor|p1a: Cresselia
|-damage|p1a: Cresselia|0 fnt
|-unboost|p2a: Ragnaraku|spa|2
|faint|p1a: Cresselia
|
|upkeep
|
|t:|1757899748
|switch|p1a: Mimikyu|Mimikyu, M|100/100
|turn|22
|
|t:|1757899751
|switch|p2a: Thieving Drunk|Tornadus-Therian, M|50/100
|move|p1a: Mimikyu|Trick Room|p1a: Mimikyu
|-fieldstart|move: Trick Room|[of] p1a: Mimikyu
|
|upkeep
|turn|23
|
|t:|1757899761
|switch|p1a: Hoopa|Hoopa-Unbound|83/100
|move|p2a: Thieving Drunk|U-turn|p1a: Hoopa
|-supereffective|p1a: Hoopa
|-damage|p1a: Hoopa|0 fnt
|faint|p1a: Hoopa
|
|t:|1757899765
|switch|p2a: Depressed Drunk|Slowking-Galar, M|88/100|[from] U-turn
|
|upkeep
|j| Large_Rodent
|
|t:|1757899767
|switch|p1a: Kingambit|Kingambit, F|1/100
|-activate|p1a: Kingambit|ability: Supreme Overlord
|-start|p1a: Kingambit|fallen5|[silent]
|turn|24
|
|t:|1757899770
|move|p1a: Kingambit|Sucker Punch|p2a: Depressed Drunk
|-supereffective|p2a: Depressed Drunk
|-damage|p2a: Depressed Drunk|0 fnt
|faint|p2a: Depressed Drunk
|
|upkeep
|
|t:|1757899772
|switch|p2a: Boro Breath|Cinderace, F|40/100
|turn|25
|
|t:|1757899778
|-end|p1a: Kingambit|fallen5|[silent]
|switch|p1a: Mimikyu|Mimikyu, M|100/100
|move|p2a: Boro Breath|Will-O-Wisp|p1a: Mimikyu
|-status|p1a: Mimikyu|brn
|
|-damage|p1a: Mimikyu|94/100 brn|[from] brn
|upkeep
|turn|26
|
|t:|1757899785
|move|p1a: Mimikyu|Will-O-Wisp|p2a: Boro Breath
|-immune|p2a: Boro Breath
|move|p2a: Boro Breath|U-turn|p1a: Mimikyu
|-start|p2a: Boro Breath|typechange|Bug|[from] ability: Libero
|-activate|p1a: Mimikyu|ability: Disguise
|-damage|p1a: Mimikyu|94/100 brn
|detailschange|p1a: Mimikyu|Mimikyu-Busted, M
|-damage|p1a: Mimikyu|82/100 brn|[from] pokemon: Mimikyu-Busted
|-enditem|p1a: Mimikyu|Red Card|[of] p2a: Boro Breath
|drag|p2a: Raging Drunk|Kingambit, M|100/100
|-activate|p2a: Raging Drunk|ability: Supreme Overlord
|-start|p2a: Raging Drunk|fallen2|[silent]
|
|-damage|p1a: Mimikyu|76/100 brn|[from] brn
|-fieldend|move: Trick Room
|upkeep
|turn|27
|
|t:|1757899790
|-end|p2a: Raging Drunk|fallen2|[silent]
|switch|p2a: Boro Breath|Cinderace, F|40/100
|move|p1a: Mimikyu|Trick Room|p1a: Mimikyu
|-fieldstart|move: Trick Room|[of] p1a: Mimikyu
|
|-damage|p1a: Mimikyu|70/100 brn|[from] brn
|upkeep
|turn|28
|
|t:|1757899793
|move|p1a: Mimikyu|Destiny Bond|p1a: Mimikyu
|-singlemove|p1a: Mimikyu|Destiny Bond
|move|p2a: Boro Breath|U-turn|p1a: Mimikyu
|-start|p2a: Boro Breath|typechange|Bug|[from] ability: Libero
|-resisted|p1a: Mimikyu
|-damage|p1a: Mimikyu|63/100 brn
|
|t:|1757899796
|switch|p2a: Thieving Drunk|Tornadus-Therian, M|84/100|[from] U-turn
|
|-damage|p1a: Mimikyu|57/100 brn|[from] brn
|upkeep
|turn|29
|
|t:|1757899799
|move|p1a: Mimikyu|Will-O-Wisp|p2a: Thieving Drunk
|-status|p2a: Thieving Drunk|brn
|move|p2a: Thieving Drunk|U-turn|p1a: Mimikyu
|-resisted|p1a: Mimikyu
|-damage|p1a: Mimikyu|55/100 brn
|
|t:|1757899801
|switch|p2a: Boro Breath|Cinderace, F|40/100|[from] U-turn
|
|-damage|p1a: Mimikyu|49/100 brn|[from] brn
|upkeep
|turn|30
|
|t:|1757899804
|move|p1a: Mimikyu|Curse|p2a: Boro Breath
|-start|p2a: Boro Breath|Curse|[of] p1a: Mimikyu
|-damage|p1a: Mimikyu|0 fnt
|faint|p1a: Mimikyu
|move|p2a: Boro Breath|U-turn|p1: Mimikyu|[notarget]
|-fail|p2a: Boro Breath
|
|-damage|p2a: Boro Breath|15/100|[from] Curse
|upkeep
|-message|potayo forfeited.
|
|win|KingKaido107
|raw|potayo's rating: 1658 &rarr; <strong>1641</strong><br />(-17 for losing)
|raw|KingKaido107's rating: 1708 &rarr; <strong>1725</strong><br />(+17 for winning)
|l|☆potayo
|player|p1|
|l|☆KingKaido107
|player|p2|
