|j|‽jcandjc
|j|☆The FBI Agent
|t:|1757945786
|gametype|singles
|player|p1|jcandjc|red|1165
|player|p2|The FBI Agent|giovanni|1156
|gen|9
|tier|[Gen 9] OU
|rated|
|rule|HP Percentage Mod: HP is shown in percentages
|rule|Endless Battle Clause: Forcing endless battles is banned
|rule|Species Clause: Limit one of each Pokémon
|rule|OHKO Clause: OHKO moves are banned
|rule|Evasion Items Clause: Evasion items are banned
|rule|Evasion Moves Clause: Evasion moves are banned
|rule|Evasion Abilities Clause: Evasion abilities are banned
|rule|Sleep Moves Clause: Sleep-inducing moves are banned
|clearpoke
|poke|p1|Serperior, M|
|poke|p1|Conkeldurr, F|
|poke|p1|Alomomola, M|
|poke|p1|Mienshao, F|
|poke|p1|Amoonguss, M|
|poke|p1|Mandibuzz, F|
|poke|p2|Vileplume, F|
|poke|p2|Chandelure, F|
|poke|p2|Dragonite, M|
|poke|p2|Barraskewda, M|
|poke|p2|Cyclizar, M|
|poke|p2|Zarude|
|teampreview
|inactive|Battle timer is ON: inactive players will automatically lose when time's up. (requested by jcandjc)
|
|t:|1757945802
|teamsize|p1|6
|teamsize|p2|6
|start
|switch|p1a: Amoonguss|Amoonguss, M|100/100
|switch|p2a: Teson jr.|Vileplume, F|100/100
|turn|1
|
|t:|1757945822
|move|p2a: Teson jr.|Sludge Bomb|p1a: Amoonguss
|-damage|p1a: Amoonguss|78/100
|move|p1a: Amoonguss|Clear Smog|p2a: Teson jr.
|-damage|p2a: Teson jr.|85/100
|-clearboost|p2a: Teson jr.
|
|-heal|p1a: Amoonguss|84/100|[from] item: Black Sludge
|upkeep
|turn|2
|
|t:|1757945844
|switch|p2a: Wamboo|Chandelure, F|100/100
|switch|p1a: Mienshao|Mienshao, F|100/100
|
|upkeep
|turn|3
|
|t:|1757945864
|move|p1a: Mienshao|Knock Off|p2a: Wamboo
|-supereffective|p2a: Wamboo
|-damage|p2a: Wamboo|8/100
|-enditem|p2a: Wamboo|Choice Scarf|[from] move: Knock Off|[of] p1a: Mienshao
|move|p2a: Wamboo|Fire Blast|p1a: Mienshao
|-damage|p1a: Mienshao|0 fnt
|faint|p1a: Mienshao
|
|upkeep
|
|t:|1757945873
|switch|p1a: Serperior|Serperior, M|100/100
|turn|4
|
|t:|1757945893
|switch|p2a: Teson jr.|Vileplume, F|85/100
|move|p1a: Serperior|Leaf Storm|p2a: Teson jr.
|-resisted|p2a: Teson jr.
|-damage|p2a: Teson jr.|75/100
|-boost|p1a: Serperior|spa|2
|
|upkeep
|turn|5
|inactive|jcandjc has 120 seconds left.
|
|t:|1757945908
|switch|p1a: Conkeldurr|Conkeldurr, F|100/100
|move|p2a: Teson jr.|Sludge Bomb|p1a: Conkeldurr
|-damage|p1a: Conkeldurr|65/100
|
|-status|p1a: Conkeldurr|brn|[from] item: Flame Orb
|upkeep
|turn|6
|inactive|jcandjc has 120 seconds left.
|
|t:|1757945919
|move|p2a: Teson jr.|Strength Sap|p1a: Conkeldurr
|-unboost|p1a: Conkeldurr|atk|1
|-heal|p2a: Teson jr.|100/100
|move|p1a: Conkeldurr|Facade|p2a: Teson jr.
|-damage|p2a: Teson jr.|60/100
|-damage|p1a: Conkeldurr|49/100 brn|[from] item: Rocky Helmet|[of] p2a: Teson jr.
|
|-damage|p1a: Conkeldurr|43/100 brn|[from] brn
|upkeep
|turn|7
|inactive|jcandjc has 120 seconds left.
|
|t:|1757945948
|switch|p1a: Mandibuzz|Mandibuzz, F|100/100
|move|p2a: Teson jr.|Strength Sap|p1a: Mandibuzz
|-unboost|p1a: Mandibuzz|atk|1
|-heal|p2a: Teson jr.|98/100
|
|upkeep
|turn|8
|inactive|jcandjc has 90 seconds left.
|
|t:|1757945983
|switch|p2a: not forg|Barraskewda, M|100/100
|move|p1a: Mandibuzz|Foul Play|p2a: not forg
|-damage|p2a: not forg|12/100
|
|upkeep
|turn|9
|inactive|jcandjc has 90 seconds left.
|
|t:|1757945990
|switch|p1a: Alomomola|Alomomola, M|100/100
|move|p2a: not forg|Liquidation|p1a: Alomomola
|-resisted|p1a: Alomomola
|-damage|p1a: Alomomola|83/100
|-damage|p2a: not forg|0 fnt|[from] item: Rocky Helmet|[of] p1a: Alomomola
|faint|p2a: not forg
|
|upkeep
|
|t:|1757945997
|switch|p2a: Bob Bucci|Zarude|100/100
|turn|10
|
|t:|1757946003
|switch|p1a: Serperior|Serperior, M|100/100
|move|p2a: Bob Bucci|Knock Off|p1a: Serperior
|-damage|p1a: Serperior|50/100
|-enditem|p1a: Serperior|Leftovers|[from] move: Knock Off|[of] p2a: Bob Bucci
|
|upkeep
|turn|11
|inactive|jcandjc has 90 seconds left.
|
|t:|1757946024
|move|p2a: Bob Bucci|Knock Off|p1a: Serperior
|-damage|p1a: Serperior|12/100
|move|p1a: Serperior|Glare|p2a: Bob Bucci
|-status|p2a: Bob Bucci|par
|
|upkeep
|turn|12
|
|t:|1757946033
|switch|p1a: Mandibuzz|Mandibuzz, F|100/100
|move|p2a: Bob Bucci|Knock Off|p1a: Mandibuzz
|-resisted|p1a: Mandibuzz
|-damage|p1a: Mandibuzz|83/100
|-enditem|p1a: Mandibuzz|Heavy-Duty Boots|[from] move: Knock Off|[of] p2a: Bob Bucci
|
|upkeep
|turn|13
|
|t:|1757946042
|switch|p2a: motorbron|Cyclizar, M|100/100
|move|p1a: Mandibuzz|Foul Play|p2a: motorbron
|-damage|p2a: motorbron|58/100
|
|upkeep
|turn|14
|
|t:|1757946059
|move|p2a: motorbron|U-turn|p1a: Mandibuzz
|-damage|p1a: Mandibuzz|72/100
|
|t:|1757946064
|switch|p2a: Soy Sauce|Dragonite, M|100/100|[from] U-turn
|move|p1a: Mandibuzz|Foul Play|p2a: Soy Sauce
|-damage|p2a: Soy Sauce|69/100
|
|upkeep
|turn|15
|
|t:|1757946070
|move|p2a: Soy Sauce|Ice Spinner|p1a: Mandibuzz
|-supereffective|p1a: Mandibuzz
|-damage|p1a: Mandibuzz|4/100
|move|p1a: Mandibuzz|Toxic|p2a: Soy Sauce|[miss]
|-miss|p1a: Mandibuzz|p2a: Soy Sauce
|
|upkeep
|turn|16
|
|t:|1757946077
|switch|p1a: Alomomola|Alomomola, M|100/100
|move|p2a: Soy Sauce|Ice Spinner|p1a: Alomomola
|-resisted|p1a: Alomomola
|-damage|p1a: Alomomola|88/100
|-damage|p2a: Soy Sauce|52/100|[from] item: Rocky Helmet|[of] p1a: Alomomola
|
|upkeep
|turn|17
|
|t:|1757946087
|switch|p2a: Teson jr.|Vileplume, F|98/100
|move|p1a: Alomomola|Flip Turn|p2a: Teson jr.
|-resisted|p2a: Teson jr.
|-damage|p2a: Teson jr.|92/100
|-damage|p1a: Alomomola|71/100|[from] item: Rocky Helmet|[of] p2a: Teson jr.
|
|t:|1757946100
|switch|p1a: Amoonguss|Amoonguss, M|100/100|[from] Flip Turn
|
|upkeep
|turn|18
|
|t:|1757946108
|switch|p2a: motorbron|Cyclizar, M|91/100
|move|p1a: Amoonguss|Clear Smog|p2a: motorbron
|-damage|p2a: motorbron|69/100
|-clearboost|p2a: motorbron
|
|upkeep
|turn|19
|inactive|jcandjc has 120 seconds left.
|
|t:|1757946115
|switch|p1a: Alomomola|Alomomola, M|100/100
|move|p2a: motorbron|U-turn|p1a: Alomomola
|-damage|p1a: Alomomola|92/100
|-damage|p2a: motorbron|53/100|[from] item: Rocky Helmet|[of] p1a: Alomomola
|
|t:|1757946128
|switch|p2a: Bob Bucci|Zarude|100/100 par|[from] U-turn
|
|upkeep
|turn|20
|
|t:|1757946140
|move|p2a: Bob Bucci|Knock Off|p1a: Alomomola
|-damage|p1a: Alomomola|64/100
|-damage|p2a: Bob Bucci|84/100 par|[from] item: Rocky Helmet|[of] p1a: Alomomola
|-enditem|p1a: Alomomola|Rocky Helmet|[from] move: Knock Off|[of] p2a: Bob Bucci
|move|p1a: Alomomola|Wish|p1a: Alomomola
|
|upkeep
|turn|21
|
|t:|1757946150
|switch|p2a: Teson jr.|Vileplume, F|92/100
|switch|p1a: Conkeldurr|Conkeldurr, F|43/100 brn
|
|-heal|p1a: Conkeldurr|100/100 brn|[from] move: Wish|[wisher] Alomomola
|-damage|p1a: Conkeldurr|94/100 brn|[from] brn
|upkeep
|turn|22
|
|t:|1757946162
|move|p2a: Teson jr.|Giga Drain|p1a: Conkeldurr
|-damage|p1a: Conkeldurr|66/100 brn
|-heal|p2a: Teson jr.|100/100|[from] drain|[of] p1a: Conkeldurr
|move|p1a: Conkeldurr|Knock Off|p2a: Teson jr.
|-damage|p2a: Teson jr.|58/100
|-damage|p1a: Conkeldurr|50/100 brn|[from] item: Rocky Helmet|[of] p2a: Teson jr.
|-enditem|p2a: Teson jr.|Rocky Helmet|[from] move: Knock Off|[of] p1a: Conkeldurr
|
|-damage|p1a: Conkeldurr|43/100 brn|[from] brn
|upkeep
|turn|23
|
|t:|1757946180
|switch|p2a: Soy Sauce|Dragonite, M|52/100
|switch|p1a: Amoonguss|Amoonguss, M|100/100
|
|upkeep
|turn|24
|
|t:|1757946189
|switch|p1a: Alomomola|Alomomola, M|97/100
|move|p2a: Soy Sauce|Outrage|p1a: Alomomola
|-damage|p1a: Alomomola|43/100
|
|upkeep
|turn|25
|
|t:|1757946201
|move|p2a: Soy Sauce|Outrage|p1a: Alomomola|[from] lockedmove
|-damage|p1a: Alomomola|0 fnt
|faint|p1a: Alomomola
|
|upkeep
|
|t:|1757946206
|switch|p1a: Serperior|Serperior, M|12/100
|turn|26
|
|t:|1757946210
|move|p1a: Serperior|Dragon Pulse|p2a: Soy Sauce
|-supereffective|p2a: Soy Sauce
|-damage|p2a: Soy Sauce|14/100
|move|p2a: Soy Sauce|Outrage|p1a: Serperior|[from] lockedmove
|-damage|p1a: Serperior|0 fnt
|faint|p1a: Serperior
|-start|p2a: Soy Sauce|confusion|[fatigue]
|
|upkeep
|
|t:|1757946218
|switch|p1a: Conkeldurr|Conkeldurr, F|43/100 brn
|turn|27
|
|t:|1757946223
|move|p1a: Conkeldurr|Mach Punch|p2a: Soy Sauce
|-resisted|p2a: Soy Sauce
|-damage|p2a: Soy Sauce|0 fnt
|faint|p2a: Soy Sauce
|
|-damage|p1a: Conkeldurr|37/100 brn|[from] brn
|upkeep
|
|t:|1757946229
|switch|p2a: Wamboo|Chandelure, F|8/100
|turn|28
|
|t:|1757946239
|-terastallize|p1a: Conkeldurr|Normal
|move|p2a: Wamboo|Fire Blast|p1a: Conkeldurr
|-damage|p1a: Conkeldurr|0 fnt
|faint|p1a: Conkeldurr
|
|upkeep
|
|t:|1757946247
|switch|p1a: Mandibuzz|Mandibuzz, F|4/100
|turn|29
|
|t:|1757946251
|move|p2a: Wamboo|Shadow Ball|p1a: Mandibuzz
|-resisted|p1a: Mandibuzz
|-crit|p1a: Mandibuzz
|-damage|p1a: Mandibuzz|0 fnt
|faint|p1a: Mandibuzz
|
|upkeep
|
|t:|1757946257
|switch|p1a: Amoonguss|Amoonguss, M|100/100
|turn|30
|-message|jcandjc forfeited.
|
|win|The FBI Agent
|raw|jcandjc's rating: 1165 &rarr; <strong>1139</strong><br />(-26 for losing)
|raw|The FBI Agent's rating: 1156 &rarr; <strong>1182</strong><br />(+26 for winning)
|l|‽jcandjc
|player|p1|
|l|☆The FBI Agent
|player|p2|
