|j|☆mach95a113
|j|☆Grime_Cat
|t:|1757823429
|gametype|singles
|player|p1|mach95a113|gardenia|1048
|player|p2|Grime_Cat|169|1000
|gen|9
|tier|[Gen 9] OU
|rated|
|rule|HP Percentage Mod: HP is shown in percentages
|rule|Endless Battle Clause: Forcing endless battles is banned
|rule|Species Clause: Limit one of each Pokémon
|rule|OHKO Clause: OHKO moves are banned
|rule|Evasion Items Clause: Evasion items are banned
|rule|Evasion Moves Clause: Evasion moves are banned
|rule|Evasion Abilities Clause: Evasion abilities are banned
|rule|Sleep Moves Clause: Sleep-inducing moves are banned
|clearpoke
|poke|p1|Cinderace, F|
|poke|p1|Dragapult, M|
|poke|p1|Zapdos|
|poke|p1|Landorus-Therian, M|
|poke|p1|Samurott-Hisui, F|
|poke|p1|Pecharunt|
|poke|p2|Banette, F|
|poke|p2|Cottonee, L1, M|
|poke|p2|Ditto|
|poke|p2|Ting-Lu|
|poke|p2|Kilowattrel, M|
|teampreview
|c|☆mach95a113|Good luck!
|c|☆Grime_Cat|good luck!!
|c|☆Grime_Cat|hope we have a good game :)
|
|t:|1757823458
|teamsize|p1|6
|teamsize|p2|5
|start
|switch|p1a: Weretiger|Landorus-Therian, M|100/100
|switch|p2a: Ting-Lu|Ting-Lu|100/100
|-ability|p1a: Weretiger|Intimidate|boost
|-unboost|p2a: Ting-Lu|atk|1
|-ability|p2a: Ting-Lu|Vessel of Ruin
|turn|1
|
|t:|1757823466
|move|p1a: Weretiger|Taunt|p2a: Ting-Lu
|-start|p2a: Ting-Lu|move: Taunt
|cant|p2a: Ting-Lu|move: Taunt|Stealth Rock
|
|upkeep
|turn|2
|
|t:|1757823472
|move|p1a: Weretiger|Stealth Rock|p2a: Ting-Lu
|-sidestart|p2: Grime_Cat|move: Stealth Rock
|move|p2a: Ting-Lu|Earthquake|p1a: Weretiger
|-immune|p1a: Weretiger
|
|upkeep
|turn|3
|
|t:|1757823481
|switch|p2a: Ditto|Ditto, shiny|100/100
|-damage|p2a: Ditto|88/100|[from] Stealth Rock
|-transform|p2a: Ditto|p1a: Weretiger|[from] ability: Imposter
|-ability|p2a: Ditto|Intimidate|boost
|-unboost|p1a: Weretiger|atk|1
|move|p1a: Weretiger|Earthquake|p2a: Ditto
|-immune|p2a: Ditto
|
|upkeep
|turn|4
|
|t:|1757823506
|move|p2a: Ditto|Taunt|p1a: Weretiger
|-start|p1a: Weretiger|move: Taunt
|move|p1a: Weretiger|U-turn|p2a: Ditto
|-resisted|p2a: Ditto
|-damage|p2a: Ditto|79/100
|
|t:|1757823526
|switch|p1a: Samiroth|Samurott-Hisui, F, shiny|100/100|[from] U-turn
|
|upkeep
|turn|5
|
|t:|1757823533
|switch|p2a: Oystercatcher|Kilowattrel, M|100/100
|-damage|p2a: Oystercatcher|76/100|[from] Stealth Rock
|move|p1a: Samiroth|Knock Off|p2a: Oystercatcher
|-damage|p2a: Oystercatcher|19/100
|
|upkeep
|turn|6
|
|t:|1757823549
|move|p1a: Samiroth|Sucker Punch|p2a: Oystercatcher
|-damage|p2a: Oystercatcher|0 fnt
|faint|p2a: Oystercatcher
|
|upkeep
|
|t:|1757823561
|switch|p2a: Ting-Lu|Ting-Lu|100/100
|-damage|p2a: Ting-Lu|94/100|[from] Stealth Rock
|-ability|p2a: Ting-Lu|Vessel of Ruin
|turn|7
|
|t:|1757823572
|move|p1a: Samiroth|Knock Off|p2a: Ting-Lu
|-resisted|p2a: Ting-Lu
|-damage|p2a: Ting-Lu|86/100
|move|p2a: Ting-Lu|Stealth Rock|p1a: Samiroth
|-sidestart|p1: mach95a113|move: Stealth Rock
|
|upkeep
|turn|8
|
|t:|1757823582
|move|p1a: Samiroth|Ceaseless Edge|p2a: Ting-Lu
|-resisted|p2a: Ting-Lu
|-damage|p2a: Ting-Lu|73/100
|-sidestart|p2: Grime_Cat|Spikes
|move|p2a: Ting-Lu|Earthquake|p1a: Samiroth
|-damage|p1a: Samiroth|41/100
|
|upkeep
|turn|9
|
|t:|1757823598
|move|p1a: Samiroth|Flip Turn|p2a: Ting-Lu
|-supereffective|p2a: Ting-Lu
|-damage|p2a: Ting-Lu|42/100
|
|t:|1757823605
|switch|p1a: Weretiger|Landorus-Therian, M|100/100|[from] Flip Turn
|-damage|p1a: Weretiger|88/100|[from] Stealth Rock
|-ability|p1a: Weretiger|Intimidate|boost
|-unboost|p2a: Ting-Lu|atk|1
|move|p2a: Ting-Lu|Earthquake|p1a: Weretiger
|-immune|p1a: Weretiger
|
|upkeep
|turn|10
|
|t:|1757823621
|move|p1a: Weretiger|U-turn|p2a: Ting-Lu
|-supereffective|p2a: Ting-Lu
|-damage|p2a: Ting-Lu|19/100
|
|t:|1757823626
|switch|p1a: The Wingsmould|Pecharunt|100/100|[from] U-turn
|-damage|p1a: The Wingsmould|88/100|[from] Stealth Rock
|-item|p1a: The Wingsmould|Air Balloon
|move|p2a: Ting-Lu|Taunt|p1a: The Wingsmould
|-start|p1a: The Wingsmould|move: Taunt
|
|upkeep
|turn|11
|
|t:|1757823636
|move|p1a: The Wingsmould|Malignant Chain|p2a: Ting-Lu
|-resisted|p2a: Ting-Lu
|-damage|p2a: Ting-Lu|10/100
|move|p2a: Ting-Lu|Whirlwind|p1a: The Wingsmould
|drag|p1a: Samiroth|Samurott-Hisui, F, shiny|41/100
|-damage|p1a: Samiroth|28/100|[from] Stealth Rock
|
|upkeep
|turn|12
|
|t:|1757823645
|move|p1a: Samiroth|Flip Turn|p2a: Ting-Lu
|-supereffective|p2a: Ting-Lu
|-crit|p2a: Ting-Lu
|-damage|p2a: Ting-Lu|0 fnt
|faint|p2a: Ting-Lu
|
|t:|1757823656
|switch|p1a: Weretiger|Landorus-Therian, M|88/100|[from] Flip Turn
|-damage|p1a: Weretiger|76/100|[from] Stealth Rock
|
|upkeep
|
|t:|1757823661
|switch|p2a: Fluffball|Cottonee, L1, M|100/100
|-damage|p2a: Fluffball|92/100|[from] Stealth Rock
|-damage|p2a: Fluffball|84/100|[from] Spikes
|turn|13
|
|t:|1757823671
|move|p2a: Fluffball|Substitute|p2a: Fluffball
|-start|p2a: Fluffball|Substitute
|-damage|p2a: Fluffball|59/100
|move|p1a: Weretiger|U-turn|p2a: Fluffball
|-end|p2a: Fluffball|Substitute
|
|t:|1757823677
|switch|p1a: Omega|Dragapult, M|100/100|[from] U-turn
|
|upkeep
|turn|14
|
|t:|1757823682
|move|p2a: Fluffball|Leech Seed|p1a: Omega
|-start|p1a: Omega|move: Leech Seed
|move|p1a: Omega|U-turn|p2a: Fluffball
|-damage|p2a: Fluffball|0 fnt
|faint|p2a: Fluffball
|
|t:|1757823699
|switch|p1a: Weretiger|Landorus-Therian, M|76/100|[from] U-turn
|-damage|p1a: Weretiger|63/100|[from] Stealth Rock
|
|upkeep
|
|t:|1757823715
|switch|p2a: Betty|Banette, F|100/100
|-damage|p2a: Betty|88/100|[from] Stealth Rock
|-damage|p2a: Betty|76/100|[from] Spikes
|turn|15
|
|t:|1757823726
|move|p1a: Weretiger|U-turn|p2a: Betty
|-resisted|p2a: Betty
|-damage|p2a: Betty|61/100
|
|t:|1757823731
|switch|p1a: Samiroth|Samurott-Hisui, F, shiny|28/100|[from] U-turn
|-damage|p1a: Samiroth|16/100|[from] Stealth Rock
|move|p2a: Betty|Thunder Wave|p1a: Samiroth
|-status|p1a: Samiroth|par
|
|-heal|p2a: Betty|67/100|[from] item: Leftovers
|upkeep
|turn|16
|
|t:|1757823743
|move|p2a: Betty|Shadow Sneak|p1a: Samiroth
|-resisted|p1a: Samiroth
|-damage|p1a: Samiroth|7/100 par
|move|p1a: Samiroth|Knock Off|p2a: Betty
|-supereffective|p2a: Betty
|-damage|p2a: Betty|0 fnt
|-start|p1a: Samiroth|Disable|Knock Off|[from] ability: Cursed Body|[of] p2a: Betty
|-enditem|p2a: Betty|Leftovers|[from] move: Knock Off|[of] p1a: Samiroth
|faint|p2a: Betty
|
|upkeep
|
|t:|1757823751
|switch|p2a: Ditto|Ditto, shiny|79/100
|-damage|p2a: Ditto|67/100|[from] Stealth Rock
|-damage|p2a: Ditto|54/100|[from] Spikes
|-transform|p2a: Ditto|p1a: Samiroth|[from] ability: Imposter
|turn|17
|
|t:|1757823766
|move|p1a: Samiroth|Sucker Punch|p2a: Ditto
|-resisted|p2a: Ditto
|-damage|p2a: Ditto|33/100
|move|p2a: Ditto|Ceaseless Edge|p1a: Samiroth
|-resisted|p1a: Samiroth
|-damage|p1a: Samiroth|0 fnt
|-sidestart|p1: mach95a113|Spikes
|faint|p1a: Samiroth
|
|upkeep
|
|t:|1757823776
|switch|p1a: Weretiger|Landorus-Therian, M|63/100
|-damage|p1a: Weretiger|51/100|[from] Stealth Rock
|-ability|p1a: Weretiger|Intimidate|boost
|-unboost|p2a: Ditto|atk|1
|turn|18
|
|t:|1757823781
|move|p2a: Ditto|Ceaseless Edge|p1a: Weretiger|[miss]
|-miss|p2a: Ditto|p1a: Weretiger
|move|p1a: Weretiger|U-turn|p2a: Ditto
|-supereffective|p2a: Ditto
|-damage|p2a: Ditto|0 fnt
|faint|p2a: Ditto
|
|win|mach95a113
|raw|mach95a113's rating: 1048 &rarr; <strong>1076</strong><br />(+28 for winning)
|raw|Grime_Cat's rating: 1000 &rarr; <strong>1000</strong><br />(+0 for losing)
|c|☆Grime_Cat|gg!
|c|☆mach95a113|Ggs
|l|☆Grime_Cat
|player|p2|
