|j|☆brxinfreez
|j|☆Billy Shimmy
|t:|1757953795
|gametype|singles
|player|p1|brxinfreez|ogreclan|1335
|player|p2|Billy Shimmy|101|1298
|gen|9
|tier|[Gen 9] OU
|rated|
|rule|HP Percentage Mod: HP is shown in percentages
|rule|Endless Battle Clause: Forcing endless battles is banned
|rule|Species Clause: Limit one of each Pokémon
|rule|OHKO Clause: OHKO moves are banned
|rule|Evasion Items Clause: Evasion items are banned
|rule|Evasion Moves Clause: Evasion moves are banned
|rule|Evasion Abilities Clause: Evasion abilities are banned
|rule|Sleep Moves Clause: Sleep-inducing moves are banned
|clearpoke
|poke|p1|Servine, M|
|poke|p1|Sinistcha|
|poke|p1|Dragapult, F|
|poke|p1|Great Tusk|
|poke|p1|Iron Moth|
|poke|p1|Kingambit, F|
|poke|p2|Carbink, L1|
|poke|p2|Hoopa-Unbound|
|poke|p2|Ursaluna, M|
|poke|p2|Hatterene, F|
|poke|p2|Indeedee, M|
|poke|p2|Iron Hands|
|teampreview
|inactive|Battle timer is ON: inactive players will automatically lose when time's up. (requested by brxinfreez)
|
|t:|1757953801
|teamsize|p1|6
|teamsize|p2|6
|start
|switch|p1a: Servine|Servine, M|100/100
|switch|p2a: Carbink|Carbink, L1, shiny|100/100
|turn|1
|
|t:|1757953804
|move|p1a: Servine|Glare|p2a: Carbink
|-status|p2a: Carbink|par
|move|p2a: Carbink|Trick Room|p2a: Carbink
|-fieldstart|move: Trick Room|[of] p2a: Carbink
|
|-damage|p2a: Carbink|92/100 par|[from] item: Black Sludge
|upkeep
|turn|2
|
|t:|1757953817
|move|p2a: Carbink|Spikes|p1a: Servine
|-sidestart|p1: brxinfreez|Spikes
|move|p1a: Servine|Knock Off|p2a: Carbink
|-resisted|p2a: Carbink
|-damage|p2a: Carbink|0 fnt
|-enditem|p2a: Carbink|Black Sludge|[from] move: Knock Off|[of] p1a: Servine
|faint|p2a: Carbink
|
|upkeep
|
|t:|1757953838
|switch|p2a: Iron Hands|Iron Hands|100/100
|-enditem|p2a: Iron Hands|Booster Energy
|-activate|p2a: Iron Hands|ability: Quark Drive|[fromitem]
|-start|p2a: Iron Hands|quarkdriveatk
|turn|3
|
|t:|1757953853
|move|p2a: Iron Hands|Swords Dance|p2a: Iron Hands
|-boost|p2a: Iron Hands|atk|2
|move|p1a: Servine|Leech Seed|p2a: Iron Hands
|-start|p2a: Iron Hands|move: Leech Seed
|
|-damage|p2a: Iron Hands|88/100|[from] Leech Seed|[of] p1a: Servine
|upkeep
|turn|4
|
|t:|1757953872
|switch|p1a: Sinistcha|Sinistcha|100/100
|-damage|p1a: Sinistcha|88/100|[from] Spikes
|move|p2a: Iron Hands|Fire Punch|p1a: Sinistcha
|-supereffective|p1a: Sinistcha
|-damage|p1a: Sinistcha|32/100
|
|-heal|p1a: Sinistcha|38/100|[from] item: Leftovers
|-damage|p2a: Iron Hands|76/100|[from] Leech Seed|[of] p1a: Sinistcha
|-heal|p1a: Sinistcha|56/100|[silent]
|upkeep
|turn|5
|
|t:|1757953882
|move|p2a: Iron Hands|Fire Punch|p1a: Sinistcha
|-supereffective|p1a: Sinistcha
|-damage|p1a: Sinistcha|2/100
|move|p1a: Sinistcha|Strength Sap|p2a: Iron Hands
|-unboost|p2a: Iron Hands|atk|1
|-heal|p1a: Sinistcha|100/100
|
|-damage|p2a: Iron Hands|64/100|[from] Leech Seed|[of] p1a: Sinistcha
|-fieldend|move: Trick Room
|upkeep
|turn|6
|
|t:|1757953893
|-end|p2a: Iron Hands|Quark Drive|[silent]
|switch|p2a: Indeedee|Indeedee, M|100/100
|-fieldstart|move: Psychic Terrain|[from] ability: Psychic Surge|[of] p2a: Indeedee
|move|p1a: Sinistcha|Strength Sap|p2a: Indeedee
|-unboost|p2a: Indeedee|atk|1
|
|upkeep
|turn|7
|
|t:|1757953908
|move|p1a: Sinistcha|Matcha Gotcha|p2a: Indeedee
|-crit|p2a: Indeedee
|-damage|p2a: Indeedee|46/100
|move|p2a: Indeedee|Trick Room|p2a: Indeedee
|-fieldstart|move: Trick Room|[of] p2a: Indeedee
|
|upkeep
|turn|8
|
|t:|1757953919
|switch|p1a: Servine|Servine, M|100/100
|-damage|p1a: Servine|88/100|[from] Spikes
|switch|p2a: Hoopa|Hoopa-Unbound|100/100
|-enditem|p2a: Hoopa|Psychic Seed
|-boost|p2a: Hoopa|spd|1|[from] item: Psychic Seed
|
|upkeep
|turn|9
|
|t:|1757953928
|move|p2a: Hoopa|Expanding Force|p1a: Servine
|-damage|p1a: Servine|0 fnt
|faint|p1a: Servine
|-item|p2a: Hoopa|Eviolite|[from] ability: Magician|[of] p1: Servine
|
|upkeep
|
|t:|1757953942
|switch|p1a: Kingambit|Kingambit, F|100/100
|-damage|p1a: Kingambit|88/100|[from] Spikes
|-activate|p1a: Kingambit|ability: Supreme Overlord
|-start|p1a: Kingambit|fallen1|[silent]
|turn|10
|inactive|Billy Shimmy has 120 seconds left.
|
|t:|1757953987
|-terastallize|p1a: Kingambit|Ghost
|move|p2a: Hoopa|Focus Blast|p1a: Kingambit
|-immune|p1a: Kingambit
|move|p1a: Kingambit|Kowtow Cleave|p2a: Hoopa
|-damage|p2a: Hoopa|20/100
|
|-heal|p1a: Kingambit|94/100|[from] item: Leftovers
|upkeep
|turn|11
|
|t:|1757954004
|-end|p1a: Kingambit|fallen1|[silent]
|switch|p1a: Dragapult|Dragapult, F|100/100
|move|p2a: Hoopa|Expanding Force|p1a: Dragapult
|-damage|p1a: Dragapult|0 fnt
|faint|p1a: Dragapult
|
|-fieldend|move: Trick Room
|upkeep
|
|t:|1757954017
|switch|p1a: Iron Moth|Iron Moth|100/100
|-damage|p1a: Iron Moth|88/100|[from] Spikes
|-enditem|p1a: Iron Moth|Booster Energy
|-activate|p1a: Iron Moth|ability: Quark Drive|[fromitem]
|-start|p1a: Iron Moth|quarkdrivespe
|turn|12
|
|t:|1757954024
|move|p1a: Iron Moth|Substitute|p1a: Iron Moth
|-start|p1a: Iron Moth|Substitute
|-damage|p1a: Iron Moth|63/100
|move|p2a: Hoopa|Trick Room|p2a: Hoopa
|-fieldstart|move: Trick Room|[of] p2a: Hoopa
|
|upkeep
|turn|13
|inactive|Billy Shimmy has 120 seconds left.
|
|t:|1757954030
|move|p2a: Hoopa|Hyperspace Fury|p1a: Iron Moth
|-crit|p1a: Iron Moth
|-damage|p1a: Iron Moth|0 fnt
|-unboost|p2a: Hoopa|def|1
|faint|p1a: Iron Moth
|-end|p1a: Iron Moth|Quark Drive|[silent]
|
|-fieldend|move: Psychic Terrain
|upkeep
|
|t:|1757954035
|switch|p1a: Great Tusk|Great Tusk|100/100
|-damage|p1a: Great Tusk|88/100|[from] Spikes
|turn|14
|
|t:|1757954041
|move|p2a: Hoopa|Expanding Force|p1a: Great Tusk
|-supereffective|p1a: Great Tusk
|-damage|p1a: Great Tusk|0 fnt
|faint|p1a: Great Tusk
|-end|p1a: Great Tusk|Protosynthesis|[silent]
|
|upkeep
|
|t:|1757954044
|switch|p1a: Kingambit|Kingambit, F, tera:Ghost|94/100
|-damage|p1a: Kingambit|82/100|[from] Spikes
|-activate|p1a: Kingambit|ability: Supreme Overlord
|-start|p1a: Kingambit|fallen4|[silent]
|turn|15
|
|t:|1757954047
|move|p2a: Hoopa|Hyperspace Fury|p1a: Kingambit
|-supereffective|p1a: Kingambit
|-damage|p1a: Kingambit|0 fnt
|-unboost|p2a: Hoopa|def|1
|faint|p1a: Kingambit
|-end|p1a: Kingambit|fallen4|[silent]
|
|upkeep
|
|t:|1757954050
|switch|p1a: Sinistcha|Sinistcha|100/100
|-damage|p1a: Sinistcha|88/100|[from] Spikes
|turn|16
|
|t:|1757954053
|move|p2a: Hoopa|Hyperspace Fury|p1a: Sinistcha
|-supereffective|p1a: Sinistcha
|-damage|p1a: Sinistcha|19/100
|-unboost|p2a: Hoopa|def|1
|move|p1a: Sinistcha|Matcha Gotcha|p2a: Hoopa
|-damage|p2a: Hoopa|3/100
|-heal|p1a: Sinistcha|28/100|[from] drain|[of] p2a: Hoopa
|
|-heal|p1a: Sinistcha|34/100|[from] item: Leftovers
|-fieldend|move: Trick Room
|upkeep
|turn|17
|
|t:|1757954056
|move|p1a: Sinistcha|Strength Sap|p2a: Hoopa
|-unboost|p2a: Hoopa|atk|1
|-heal|p1a: Sinistcha|100/100
|move|p2a: Hoopa|Hyperspace Fury|p1a: Sinistcha
|-supereffective|p1a: Sinistcha
|-damage|p1a: Sinistcha|52/100
|-unboost|p2a: Hoopa|def|1
|
|-heal|p1a: Sinistcha|58/100|[from] item: Leftovers
|upkeep
|turn|18
|
|t:|1757954061
|move|p1a: Sinistcha|Matcha Gotcha|p2a: Hoopa
|-damage|p2a: Hoopa|0 fnt
|-heal|p1a: Sinistcha|59/100|[from] drain|[of] p2a: Hoopa
|faint|p2a: Hoopa
|
|-heal|p1a: Sinistcha|66/100|[from] item: Leftovers
|upkeep
|
|t:|1757954071
|switch|p2a: Indeedee|Indeedee, M|46/100
|-fieldstart|move: Psychic Terrain|[from] ability: Psychic Surge|[of] p2a: Indeedee
|turn|19
|
|t:|1757954074
|move|p1a: Sinistcha|Calm Mind|p1a: Sinistcha
|-boost|p1a: Sinistcha|spa|1
|-boost|p1a: Sinistcha|spd|1
|move|p2a: Indeedee|Trick Room|p2a: Indeedee
|-fieldstart|move: Trick Room|[of] p2a: Indeedee
|
|-heal|p1a: Sinistcha|72/100|[from] item: Leftovers
|upkeep
|turn|20
|
|t:|1757954078
|move|p1a: Sinistcha|Calm Mind|p1a: Sinistcha
|-boost|p1a: Sinistcha|spa|1
|-boost|p1a: Sinistcha|spd|1
|move|p2a: Indeedee|Encore|p1a: Sinistcha
|-start|p1a: Sinistcha|Encore
|
|-heal|p1a: Sinistcha|78/100|[from] item: Leftovers
|upkeep
|turn|21
|
|t:|1757954082
|move|p1a: Sinistcha|Calm Mind|p1a: Sinistcha
|-boost|p1a: Sinistcha|spa|1
|-boost|p1a: Sinistcha|spd|1
|move|p2a: Indeedee|Healing Wish|p2a: Indeedee
|faint|p2a: Indeedee
|
|-heal|p1a: Sinistcha|84/100|[from] item: Leftovers
|upkeep
|
|t:|1757954103
|switch|p2a: Hatterene|Hatterene, F|100/100
|turn|22
|
|t:|1757954106
|move|p2a: Hatterene|Psychic Noise|p1a: Sinistcha
|-damage|p1a: Sinistcha|54/100
|-start|p1a: Sinistcha|move: Heal Block
|move|p1a: Sinistcha|Calm Mind|p1a: Sinistcha
|-boost|p1a: Sinistcha|spa|1
|-boost|p1a: Sinistcha|spd|1
|
|upkeep
|turn|23
|
|t:|1757954111
|move|p2a: Hatterene|Psychic Noise|p1a: Sinistcha
|-damage|p1a: Sinistcha|31/100
|move|p1a: Sinistcha|Calm Mind|p1a: Sinistcha
|-boost|p1a: Sinistcha|spa|1
|-boost|p1a: Sinistcha|spd|1
|
|-end|p1a: Sinistcha|Encore
|-end|p1a: Sinistcha|move: Heal Block
|-fieldend|move: Trick Room
|upkeep
|turn|24
|
|t:|1757954117
|move|p1a: Sinistcha|Matcha Gotcha|p2a: Hatterene
|-enditem|p2a: Hatterene|Focus Sash
|-damage|p2a: Hatterene|1/100
|-heal|p1a: Sinistcha|77/100|[from] drain|[of] p2a: Hatterene
|move|p2a: Hatterene|Psychic Noise|p1a: Sinistcha
|-damage|p1a: Sinistcha|57/100
|-start|p1a: Sinistcha|move: Heal Block
|
|upkeep
|turn|25
|
|t:|1757954122
|move|p1a: Sinistcha|Shadow Ball|p2a: Hatterene
|-supereffective|p2a: Hatterene
|-damage|p2a: Hatterene|0 fnt
|faint|p2a: Hatterene
|
|-end|p1a: Sinistcha|move: Heal Block
|upkeep
|
|t:|1757954128
|switch|p2a: Iron Hands|Iron Hands|64/100
|-heal|p2a: Iron Hands|100/100|[from] move: Healing Wish
|turn|26
|
|t:|1757954132
|move|p1a: Sinistcha|Matcha Gotcha|p2a: Iron Hands
|-damage|p2a: Iron Hands|0 fnt
|-heal|p1a: Sinistcha|100/100|[from] drain|[of] p2a: Iron Hands
|faint|p2a: Iron Hands
|-end|p2a: Iron Hands|Quark Drive|[silent]
|
|-fieldend|move: Psychic Terrain
|upkeep
|
|t:|1757954135
|switch|p2a: Ursaluna|Ursaluna, M|100/100
|turn|27
|
|t:|1757954137
|move|p1a: Sinistcha|Matcha Gotcha|p2a: Ursaluna
|-supereffective|p2a: Ursaluna
|-damage|p2a: Ursaluna|0 fnt
|faint|p2a: Ursaluna
|
|win|brxinfreez
|raw|brxinfreez's rating: 1335 &rarr; <strong>1353</strong><br />(+18 for winning)
|raw|Billy Shimmy's rating: 1298 &rarr; <strong>1276</strong><br />(-22 for losing)
|l|☆Billy Shimmy
|player|p2|
