|j|☆YourFriendSanti
|j|☆enguiamaluca
|t:|1757790834
|gametype|singles
|player|p1|YourFriendSanti|hilbert-wonderlauncher|1091
|player|p2|enguiamaluca|n|1109
|gen|9
|tier|[Gen 9] OU
|rated|
|rule|HP Percentage Mod: HP is shown in percentages
|rule|Endless Battle Clause: Forcing endless battles is banned
|rule|Species Clause: Limit one of each Pokémon
|rule|OHKO Clause: OHKO moves are banned
|rule|Evasion Items Clause: Evasion items are banned
|rule|Evasion Moves Clause: Evasion moves are banned
|rule|Evasion Abilities Clause: Evasion abilities are banned
|rule|Sleep Moves Clause: Sleep-inducing moves are banned
|clearpoke
|poke|p1|Lilligant, F|
|poke|p1|Pawmot, F|
|poke|p1|Rillaboom, F|
|poke|p1|Skeledirge, M|
|poke|p1|Hatterene, F|
|poke|p1|Torkoal, F|
|poke|p2|Ceruledge, F|
|poke|p2|Grimmsnarl, M|
|poke|p2|Ogerpon-Wellspring, F|
|poke|p2|Deoxys-Speed|
|poke|p2|Excadrill, M|
|poke|p2|Zapdos|
|teampreview
|
|t:|1757790860
|teamsize|p1|6
|teamsize|p2|6
|start
|switch|p1a: Torkoal|Torkoal, F|100/100
|switch|p2a: Driver|Grimmsnarl, M|100/100
|-weather|SunnyDay|[from] ability: Drought|[of] p1a: Torkoal
|turn|1
|
|t:|1757790873
|switch|p1a: Lilligant|Lilligant, F|100/100
|move|p2a: Driver|Light Screen|p2a: Driver
|-sidestart|p2: enguiamaluca|move: Light Screen
|
|-weather|SunnyDay|[upkeep]
|upkeep
|turn|2
|
|t:|1757790879
|move|p2a: Driver|Reflect|p2a: Driver
|-sidestart|p2: enguiamaluca|Reflect
|move|p1a: Lilligant|Growth|p1a: Lilligant
|-boost|p1a: Lilligant|atk|2
|-boost|p1a: Lilligant|spa|2
|
|-weather|SunnyDay|[upkeep]
|upkeep
|turn|3
|
|t:|1757790886
|move|p2a: Driver|Parting Shot|p1a: Lilligant
|-unboost|p1a: Lilligant|atk|1
|-unboost|p1a: Lilligant|spa|1
|
|t:|1757790892
|switch|p2a: Sandler|Ceruledge, F|100/100|[from] Parting Shot
|move|p1a: Lilligant|Growth|p1a: Lilligant
|-boost|p1a: Lilligant|atk|2
|-boost|p1a: Lilligant|spa|2
|
|-weather|SunnyDay|[upkeep]
|upkeep
|turn|4
|
|t:|1757790909
|-terastallize|p1a: Lilligant|Fire
|move|p1a: Lilligant|Weather Ball|p2a: Sandler
|-resisted|p2a: Sandler
|-damage|p2a: Sandler|33/100
|-damage|p1a: Lilligant|91/100|[from] item: Life Orb
|move|p2a: Sandler|Bitter Blade|p1a: Lilligant
|-resisted|p1a: Lilligant
|-damage|p1a: Lilligant|37/100
|-heal|p2a: Sandler|59/100|[from] drain|[of] p1a: Lilligant
|
|-weather|SunnyDay|[upkeep]
|upkeep
|turn|5
|
|t:|1757790935
|-terastallize|p2a: Sandler|Ghost
|move|p2a: Sandler|Shadow Sneak|p1a: Lilligant
|-damage|p1a: Lilligant|0 fnt
|faint|p1a: Lilligant
|
|-weather|SunnyDay|[upkeep]
|upkeep
|
|t:|1757790946
|switch|p1a: Rillaboom|Rillaboom, F|100/100
|-fieldstart|move: Grassy Terrain|[from] ability: Grassy Surge|[of] p1a: Rillaboom
|turn|6
|
|t:|1757790951
|move|p2a: Sandler|Bitter Blade|p1a: Rillaboom
|-supereffective|p1a: Rillaboom
|-damage|p1a: Rillaboom|0 fnt
|-heal|p2a: Sandler|100/100|[from] drain|[of] p1a: Rillaboom
|faint|p1a: Rillaboom
|
|-weather|SunnyDay|[upkeep]
|upkeep
|
|t:|1757790979
|switch|p1a: Skeledirge|Skeledirge, M|100/100
|turn|7
|
|t:|1757790982
|move|p2a: Sandler|Swords Dance|p2a: Sandler
|-boost|p2a: Sandler|atk|2
|move|p1a: Skeledirge|Hex|p2a: Sandler
|-supereffective|p2a: Sandler
|-damage|p2a: Sandler|72/100
|-enditem|p2a: Sandler|Weakness Policy
|-boost|p2a: Sandler|atk|2|[from] item: Weakness Policy
|-boost|p2a: Sandler|spa|2|[from] item: Weakness Policy
|
|-weather|SunnyDay|[upkeep]
|-heal|p2a: Sandler|78/100|[from] Grassy Terrain
|upkeep
|turn|8
|-message|YourFriendSanti forfeited.
|
|win|enguiamaluca
|raw|YourFriendSanti's rating: 1091 &rarr; <strong>1069</strong><br />(-22 for losing)
|raw|enguiamaluca's rating: 1109 &rarr; <strong>1133</strong><br />(+24 for winning)
|l|☆YourFriendSanti
|player|p1|
