|j|☆Pikka888
|j|☆Edward Wang
|t:|1757833583
|gametype|singles
|player|p1|Pikka888|2|1313
|player|p2|Edward Wang|preschooler|1291
|gen|9
|tier|[Gen 9] OU
|rated|
|rule|HP Percentage Mod: HP is shown in percentages
|rule|Endless Battle Clause: Forcing endless battles is banned
|rule|Species Clause: Limit one of each Pokémon
|rule|OHKO Clause: OHKO moves are banned
|rule|Evasion Items Clause: Evasion items are banned
|rule|Evasion Moves Clause: Evasion moves are banned
|rule|Evasion Abilities Clause: Evasion abilities are banned
|rule|Sleep Moves Clause: Sleep-inducing moves are banned
|clearpoke
|poke|p1|Mew|
|poke|p1|Sinistcha|
|poke|p1|Iron Treads|
|poke|p1|Iron Boulder|
|poke|p1|Enamorus, F|
|poke|p1|Ceruledge, M|
|poke|p2|Garganacl, F|
|poke|p2|Jirachi|
|poke|p2|Serperior, F|
|poke|p2|Weezing-Galar, M|
|poke|p2|Landorus-Therian, M|
|poke|p2|Blissey, F|
|teampreview
|
|t:|1757833589
|teamsize|p1|6
|teamsize|p2|6
|start
|switch|p1a: The avatar|Mew|100/100
|switch|p2a: Landorus|Landorus-Therian, M|100/100
|-ability|p2a: Landorus|Intimidate|boost
|-unboost|p1a: The avatar|atk|1
|turn|1
|
|t:|1757833596
|move|p2a: Landorus|U-turn|p1a: The avatar
|-supereffective|p1a: The avatar
|-damage|p1a: The avatar|58/100
|-enditem|p1a: The avatar|Red Card|[of] p2a: Landorus
|drag|p2a: Garganacl|Garganacl, F, shiny|100/100
|-item|p2a: Garganacl|Air Balloon
|move|p1a: The avatar|Will-O-Wisp|p2a: Garganacl
|-immune|p2a: Garganacl|[from] ability: Purifying Salt
|
|upkeep
|turn|2
|
|t:|1757833603
|switch|p2a: Jirachi|Jirachi|100/100
|move|p1a: The avatar|Stealth Rock|p2a: Jirachi
|-sidestart|p2: Edward Wang|move: Stealth Rock
|
|upkeep
|turn|3
|
|t:|1757833607
|move|p2a: Jirachi|Cosmic Power|p2a: Jirachi
|-boost|p2a: Jirachi|def|1
|-boost|p2a: Jirachi|spd|1
|move|p1a: The avatar|Will-O-Wisp|p2a: Jirachi
|-status|p2a: Jirachi|brn
|
|-damage|p2a: Jirachi|94/100 brn|[from] brn
|upkeep
|turn|4
|
|t:|1757833611
|move|p2a: Jirachi|Cosmic Power|p2a: Jirachi
|-boost|p2a: Jirachi|def|1
|-boost|p2a: Jirachi|spd|1
|move|p1a: The avatar|Taunt|p2a: Jirachi
|-start|p2a: Jirachi|move: Taunt
|
|-damage|p2a: Jirachi|88/100 brn|[from] brn
|upkeep
|turn|5
|
|t:|1757833619
|switch|p1a: The blue spirit|Ceruledge, M|100/100
|move|p2a: Jirachi|Ice Punch|p1a: The blue spirit
|-resisted|p1a: The blue spirit
|-damage|p1a: The blue spirit|94/100
|-ability|p1a: The blue spirit|Weak Armor|boost
|-unboost|p1a: The blue spirit|def|1
|-boost|p1a: The blue spirit|spe|2
|
|-damage|p2a: Jirachi|82/100 brn|[from] brn
|upkeep
|turn|6
|
|t:|1757833626
|move|p1a: The blue spirit|Swords Dance|p1a: The blue spirit
|-boost|p1a: The blue spirit|atk|2
|move|p2a: Jirachi|Stored Power|p1a: The blue spirit
|-damage|p1a: The blue spirit|53/100
|
|-damage|p2a: Jirachi|76/100 brn|[from] brn
|upkeep
|turn|7
|
|t:|1757833633
|move|p1a: The blue spirit|Bitter Blade|p2a: Jirachi
|-supereffective|p2a: Jirachi
|-damage|p2a: Jirachi|1/100 brn
|-heal|p1a: The blue spirit|100/100|[from] drain|[of] p2a: Jirachi
|-enditem|p2a: Jirachi|Weakness Policy
|-boost|p2a: Jirachi|atk|2|[from] item: Weakness Policy
|-boost|p2a: Jirachi|spa|2|[from] item: Weakness Policy
|move|p2a: Jirachi|Stored Power|p1a: The blue spirit
|-enditem|p1a: The blue spirit|Focus Sash
|-damage|p1a: The blue spirit|1/100
|
|-damage|p2a: Jirachi|0 fnt|[from] brn
|faint|p2a: Jirachi
|upkeep
|
|t:|1757833642
|switch|p2a: Garganacl|Garganacl, F, shiny|100/100
|-damage|p2a: Garganacl|88/100|[from] Stealth Rock
|-item|p2a: Garganacl|Air Balloon
|turn|8
|
|t:|1757833645
|move|p1a: The blue spirit|Destiny Bond|p1a: The blue spirit
|-singlemove|p1a: The blue spirit|Destiny Bond
|move|p2a: Garganacl|Salt Cure|p1a: The blue spirit
|-supereffective|p1a: The blue spirit
|-damage|p1a: The blue spirit|0 fnt
|faint|p1a: The blue spirit
|-activate|p1a: The blue spirit|move: Destiny Bond
|faint|p2a: Garganacl
|
|upkeep
|
|t:|1757833658
|switch|p1a: Yip Yip|Iron Treads, shiny|100/100
|switch|p2a: Weezing|Weezing-Galar, M|100/100
|-ability|p2a: Weezing|Neutralizing Gas
|-damage|p2a: Weezing|88/100|[from] Stealth Rock
|turn|9
|
|t:|1757833666
|-terastallize|p2a: Weezing|Flying
|move|p1a: Yip Yip|Earthquake|p2a: Weezing
|-immune|p2a: Weezing
|move|p2a: Weezing|Will-O-Wisp|p1a: Yip Yip
|-status|p1a: Yip Yip|brn
|
|-damage|p2a: Weezing|76/100|[from] item: Black Sludge
|-damage|p1a: Yip Yip|94/100 brn|[from] brn
|upkeep
|turn|10
|
|t:|1757833670
|move|p1a: Yip Yip|Volt Switch|p2a: Weezing
|-supereffective|p2a: Weezing
|-damage|p2a: Weezing|54/100
|
|t:|1757833673
|-end|p1a: Yip Yip|Quark Drive|[silent]
|switch|p1a: The avatar|Mew|58/100|[from] Volt Switch
|move|p2a: Weezing|Defog|p1a: The avatar
|-unboost|p1a: The avatar|evasion|1
|-sideend|p2: Edward Wang|Stealth Rock|[from] move: Defog|[of] p2a: Weezing
|
|-damage|p2a: Weezing|42/100|[from] item: Black Sludge
|upkeep
|turn|11
|
|t:|1757833678
|move|p1a: The avatar|Stealth Rock|p2a: Weezing
|-sidestart|p2: Edward Wang|move: Stealth Rock
|move|p2a: Weezing|Toxic|p1a: The avatar
|-status|p1a: The avatar|tox
|
|-damage|p2a: Weezing|30/100|[from] item: Black Sludge
|-damage|p1a: The avatar|52/100 tox|[from] psn
|upkeep
|turn|12
|
|t:|1757833681
|move|p1a: The avatar|Taunt|p2a: Weezing
|-start|p2a: Weezing|move: Taunt
|cant|p2a: Weezing|move: Taunt|Defog
|
|-damage|p2a: Weezing|17/100|[from] item: Black Sludge
|-damage|p1a: The avatar|40/100 tox|[from] psn
|upkeep
|turn|13
|
|t:|1757833686
|move|p1a: The avatar|Spikes|p2a: Weezing
|-sidestart|p2: Edward Wang|Spikes
|-activate|p2a: Weezing|move: Struggle
|move|p2a: Weezing|Struggle|p1a: The avatar
|-damage|p1a: The avatar|32/100 tox
|-damage|p2a: Weezing|0 fnt|[from] recoil
|faint|p2a: Weezing
|-end|p2a: Weezing|ability: Neutralizing Gas
|
|-damage|p1a: The avatar|14/100 tox|[from] psn
|upkeep
|
|t:|1757833689
|switch|p2a: Serperior|Serperior, F|100/100
|-damage|p2a: Serperior|88/100|[from] Stealth Rock
|-damage|p2a: Serperior|76/100|[from] Spikes
|turn|14
|
|t:|1757833693
|move|p2a: Serperior|Leaf Storm|p1a: The avatar
|-damage|p1a: The avatar|0 fnt
|-boost|p2a: Serperior|spa|2
|faint|p1a: The avatar
|
|-heal|p2a: Serperior|82/100|[from] item: Leftovers
|upkeep
|
|t:|1757833703
|switch|p1a: Hair loopies|Enamorus, F, shiny|100/100
|turn|15
|
|t:|1757833711
|move|p1a: Hair loopies|Moonblast|p2a: Serperior
|-damage|p2a: Serperior|27/100
|move|p2a: Serperior|Leaf Storm|p1a: Hair loopies
|-resisted|p1a: Hair loopies
|-damage|p1a: Hair loopies|51/100
|-boost|p2a: Serperior|spa|2
|
|-heal|p2a: Serperior|34/100|[from] item: Leftovers
|upkeep
|turn|16
|
|t:|1757833715
|move|p1a: Hair loopies|Moonblast|p2a: Serperior
|-damage|p2a: Serperior|0 fnt
|faint|p2a: Serperior
|
|upkeep
|
|t:|1757833718
|switch|p2a: Blissey|Blissey, F, shiny|100/100
|-damage|p2a: Blissey|88/100|[from] Stealth Rock
|-damage|p2a: Blissey|76/100|[from] Spikes
|turn|17
|
|t:|1757833722
|switch|p1a: Leaves on the vine|Sinistcha, shiny|100/100
|move|p2a: Blissey|Ice Beam|p1a: Leaves on the vine
|-supereffective|p1a: Leaves on the vine
|-damage|p1a: Leaves on the vine|10/100
|
|upkeep
|turn|18
|
|t:|1757833727
|-terastallize|p1a: Leaves on the vine|Poison
|move|p1a: Leaves on the vine|Strength Sap|p2a: Blissey
|-unboost|p2a: Blissey|atk|1
|-heal|p1a: Leaves on the vine|16/100
|move|p2a: Blissey|Ice Beam|p1a: Leaves on the vine
|-damage|p1a: Leaves on the vine|0 fnt
|faint|p1a: Leaves on the vine
|
|upkeep
|
|t:|1757833730
|switch|p1a: The boulder|Iron Boulder|100/100
|-enditem|p1a: The boulder|Booster Energy
|-activate|p1a: The boulder|ability: Quark Drive|[fromitem]
|-start|p1a: The boulder|quarkdrivespe
|turn|19
|
|t:|1757833734
|switch|p2a: Landorus|Landorus-Therian, M|100/100
|-damage|p2a: Landorus|88/100|[from] Stealth Rock
|-ability|p2a: Landorus|Intimidate|boost
|-unboost|p1a: The boulder|atk|1
|move|p1a: The boulder|Mighty Cleave|p2a: Landorus
|-damage|p2a: Landorus|49/100
|
|upkeep
|turn|20
|
|t:|1757833737
|move|p1a: The boulder|Mighty Cleave|p2a: Landorus
|-damage|p2a: Landorus|11/100
|move|p2a: Landorus|Earthquake|p1a: The boulder
|-supereffective|p1a: The boulder
|-damage|p1a: The boulder|0 fnt
|faint|p1a: The boulder
|-end|p1a: The boulder|Quark Drive|[silent]
|
|upkeep
|
|t:|1757833741
|switch|p1a: Hair loopies|Enamorus, F, shiny|51/100
|turn|21
|
|t:|1757833744
|move|p1a: Hair loopies|Healing Wish|p1a: Hair loopies
|faint|p1a: Hair loopies
|move|p2a: Landorus|Earthquake|p1: Hair loopies|[notarget]
|-fail|p2a: Landorus
|
|upkeep
|
|t:|1757833748
|switch|p1a: Yip Yip|Iron Treads, shiny|94/100 brn
|-heal|p1a: Yip Yip|100/100|[from] move: Healing Wish
|-enditem|p1a: Yip Yip|Booster Energy
|-activate|p1a: Yip Yip|ability: Quark Drive|[fromitem]
|-start|p1a: Yip Yip|quarkdrivespe
|turn|22
|
|t:|1757833751
|move|p1a: Yip Yip|Ice Spinner|p2a: Landorus
|-supereffective|p2a: Landorus
|-damage|p2a: Landorus|0 fnt
|faint|p2a: Landorus
|
|upkeep
|
|t:|1757833753
|switch|p2a: Blissey|Blissey, F, shiny|76/100
|-damage|p2a: Blissey|63/100|[from] Stealth Rock
|-damage|p2a: Blissey|51/100|[from] Spikes
|turn|23
|
|t:|1757833756
|move|p1a: Yip Yip|Earthquake|p2a: Blissey
|-damage|p2a: Blissey|0 fnt
|faint|p2a: Blissey
|
|win|Pikka888
|raw|Pikka888's rating: 1313 &rarr; <strong>1332</strong><br />(+19 for winning)
|raw|Edward Wang's rating: 1291 &rarr; <strong>1268</strong><br />(-23 for losing)
|l|☆Pikka888
|player|p1|
|l|☆Edward Wang
|player|p2|
