|j|☆Monkartx
|j|☆pikazard66
|t:|1757894534
|gametype|singles
|player|p1|Monkartx|dancer|1215
|player|p2|pikazard66|2|1220
|gen|9
|tier|[Gen 9] OU
|rated|
|rule|HP Percentage Mod: HP is shown in percentages
|rule|Endless Battle Clause: Forcing endless battles is banned
|rule|Species Clause: Limit one of each Pokémon
|rule|OHKO Clause: OHKO moves are banned
|rule|Evasion Items Clause: Evasion items are banned
|rule|Evasion Moves Clause: Evasion moves are banned
|rule|Evasion Abilities Clause: Evasion abilities are banned
|rule|Sleep Moves Clause: Sleep-inducing moves are banned
|clearpoke
|poke|p1|Greninja-*, M|
|poke|p1|Corviknight, F|
|poke|p1|Dragapult, M|
|poke|p1|Deoxys-Speed|
|poke|p1|Zamazenta-*|
|poke|p1|Forretress, F|
|poke|p2|Bisharp, F|
|poke|p2|Chansey, F|
|poke|p2|Gligar, F|
|poke|p2|Scyther, M|
|poke|p2|Duraludon, F|
|poke|p2|Qwilfish-Hisui, F|
|teampreview
|
|t:|1757894546
|teamsize|p1|6
|teamsize|p2|6
|start
|switch|p1a: Forretress|Forretress, F|100/100
|switch|p2a: Scyther|Scyther, M|100/100
|turn|1
|
|t:|1757894552
|move|p2a: Scyther|Swords Dance|p2a: Scyther
|-boost|p2a: Scyther|atk|2
|move|p1a: Forretress|Stealth Rock|p2a: Scyther
|-sidestart|p2: pikazard66|move: Stealth Rock
|
|upkeep
|turn|2
|
|t:|1757894559
|move|p2a: Scyther|Dual Wingbeat|p1a: Forretress
|-damage|p1a: Forretress|61/100
|-damage|p1a: Forretress|20/100
|-hitcount|p1a: Forretress|2
|-enditem|p1a: Forretress|Red Card|[of] p2a: Scyther
|drag|p2a: Bisharp|Bisharp, F, shiny|100/100
|-damage|p2a: Bisharp|95/100|[from] Stealth Rock
|move|p1a: Forretress|Spikes|p2a: Bisharp
|-sidestart|p2: pikazard66|Spikes
|
|upkeep
|turn|3
|
|t:|1757894579
|-terastallize|p2a: Bisharp|Ghost
|move|p2a: Bisharp|Swords Dance|p2a: Bisharp
|-boost|p2a: Bisharp|atk|2
|move|p1a: Forretress|Spikes|p2a: Bisharp
|-sidestart|p2: pikazard66|Spikes
|
|upkeep
|turn|4
|
|t:|1757894587
|move|p2a: Bisharp|Throat Chop|p1a: Forretress
|-damage|p1a: Forretress|0 fnt
|faint|p1a: Forretress
|
|upkeep
|
|t:|1757894599
|switch|p1a: Deoxys|Deoxys-Speed|100/100
|-ability|p1a: Deoxys|Pressure
|turn|5
|
|t:|1757894604
|move|p1a: Deoxys|Nasty Plot|p1a: Deoxys
|-boost|p1a: Deoxys|spa|2
|move|p2a: Bisharp|Throat Chop|p1a: Deoxys
|-supereffective|p1a: Deoxys
|-enditem|p1a: Deoxys|Focus Sash
|-damage|p1a: Deoxys|1/100
|-start|p1a: Deoxys|Throat Chop|[silent]
|
|upkeep
|turn|6
|
|t:|1757894612
|move|p2a: Bisharp|Sucker Punch|p1a: Deoxys
|-supereffective|p1a: Deoxys
|-damage|p1a: Deoxys|0 fnt
|faint|p1a: Deoxys
|
|upkeep
|
|t:|1757894621
|switch|p1a: Greninja|Greninja, M|100/100
|turn|7
|
|t:|1757894629
|move|p1a: Greninja|Dark Pulse|p2a: Bisharp
|-supereffective|p2a: Bisharp
|-damage|p2a: Bisharp|8/100
|-damage|p1a: Greninja|91/100|[from] item: Life Orb
|cant|p2a: Bisharp|flinch
|
|upkeep
|turn|8
|
|t:|1757894635
|move|p2a: Bisharp|Sucker Punch|p1a: Greninja
|-resisted|p1a: Greninja
|-damage|p1a: Greninja|26/100
|move|p1a: Greninja|Dark Pulse|p2a: Bisharp
|-supereffective|p2a: Bisharp
|-damage|p2a: Bisharp|0 fnt
|faint|p2a: Bisharp
|-ability|p1a: Greninja|Battle Bond|boost
|-boost|p1a: Greninja|atk|1
|-boost|p1a: Greninja|spa|1
|-boost|p1a: Greninja|spe|1
|-activate|p1a: Greninja|ability: Battle Bond
|-damage|p1a: Greninja|16/100|[from] item: Life Orb
|
|upkeep
|
|t:|1757894644
|switch|p2a: Chansey|Chansey, F|100/100
|-damage|p2a: Chansey|88/100|[from] Stealth Rock
|-damage|p2a: Chansey|71/100|[from] Spikes
|turn|9
|
|t:|1757894655
|move|p1a: Greninja|Dark Pulse|p2a: Chansey
|-damage|p2a: Chansey|50/100
|-damage|p1a: Greninja|6/100|[from] item: Life Orb
|move|p2a: Chansey|Seismic Toss|p1a: Greninja
|-damage|p1a: Greninja|0 fnt
|faint|p1a: Greninja
|
|upkeep
|
|t:|1757894665
|switch|p1a: Corviknight|Corviknight, F|100/100
|turn|10
|
|t:|1757894668
|move|p1a: Corviknight|Bulk Up|p1a: Corviknight
|-boost|p1a: Corviknight|atk|1
|-boost|p1a: Corviknight|def|1
|move|p2a: Chansey|Thunder Wave|p1a: Corviknight|[miss]
|-miss|p2a: Chansey|p1a: Corviknight
|
|upkeep
|turn|11
|
|t:|1757894675
|move|p1a: Corviknight|Body Press|p2a: Chansey
|-supereffective|p2a: Chansey
|-damage|p2a: Chansey|1/100
|move|p2a: Chansey|Thunder Wave|p1a: Corviknight
|-status|p1a: Corviknight|par
|
|upkeep
|turn|12
|
|t:|1757894684
|move|p2a: Chansey|Soft-Boiled|p2a: Chansey
|-heal|p2a: Chansey|51/100
|move|p1a: Corviknight|Body Press|p2a: Chansey
|-supereffective|p2a: Chansey
|-damage|p2a: Chansey|6/100
|
|upkeep
|turn|13
|
|t:|1757894690
|move|p2a: Chansey|Soft-Boiled|p2a: Chansey
|-heal|p2a: Chansey|57/100
|move|p1a: Corviknight|Bulk Up|p1a: Corviknight
|-boost|p1a: Corviknight|atk|1
|-boost|p1a: Corviknight|def|1
|
|upkeep
|turn|14
|
|t:|1757894697
|move|p2a: Chansey|Stealth Rock|p1a: Corviknight
|-sidestart|p1: Monkartx|move: Stealth Rock
|cant|p1a: Corviknight|par
|
|upkeep
|turn|15
|
|t:|1757894700
|move|p2a: Chansey|Soft-Boiled|p2a: Chansey
|-heal|p2a: Chansey|100/100
|cant|p1a: Corviknight|par
|
|upkeep
|turn|16
|
|t:|1757894716
|switch|p2a: Gligar|Gligar, F, shiny|100/100
|-damage|p2a: Gligar|88/100|[from] Stealth Rock
|move|p1a: Corviknight|Body Press|p2a: Gligar
|-resisted|p2a: Gligar
|-damage|p2a: Gligar|70/100
|
|upkeep
|turn|17
|
|t:|1757894727
|move|p2a: Gligar|Knock Off|p1a: Corviknight
|-damage|p1a: Corviknight|92/100 par
|-damage|p2a: Gligar|53/100|[from] item: Rocky Helmet|[of] p1a: Corviknight
|-enditem|p1a: Corviknight|Rocky Helmet|[from] move: Knock Off|[of] p2a: Gligar
|move|p1a: Corviknight|Brave Bird|p2a: Gligar
|-damage|p2a: Gligar|0 fnt
|faint|p2a: Gligar
|-damage|p1a: Corviknight|78/100 par|[from] Recoil
|
|upkeep
|
|t:|1757894743
|switch|p2a: Duraludon|Duraludon, F|100/100
|-damage|p2a: Duraludon|94/100|[from] Stealth Rock
|-damage|p2a: Duraludon|78/100|[from] Spikes
|turn|18
|
|t:|1757894748
|move|p2a: Duraludon|Iron Defense|p2a: Duraludon
|-boost|p2a: Duraludon|def|2
|move|p1a: Corviknight|Body Press|p2a: Duraludon
|-supereffective|p2a: Duraludon
|-damage|p2a: Duraludon|47/100
|
|upkeep
|turn|19
|
|t:|1757894757
|move|p2a: Duraludon|Iron Defense|p2a: Duraludon
|-boost|p2a: Duraludon|def|2
|move|p1a: Corviknight|Body Press|p2a: Duraludon
|-supereffective|p2a: Duraludon
|-damage|p2a: Duraludon|27/100
|
|upkeep
|turn|20
|
|t:|1757894763
|move|p2a: Duraludon|Iron Defense|p2a: Duraludon
|-boost|p2a: Duraludon|def|2
|cant|p1a: Corviknight|par
|
|upkeep
|turn|21
|
|t:|1757894768
|move|p2a: Duraludon|Body Press|p1a: Corviknight
|-damage|p1a: Corviknight|47/100 par
|move|p1a: Corviknight|Body Press|p2a: Duraludon
|-supereffective|p2a: Duraludon
|-damage|p2a: Duraludon|12/100
|
|upkeep
|turn|22
|
|t:|1757894774
|move|p2a: Duraludon|Body Press|p1a: Corviknight
|-damage|p1a: Corviknight|16/100 par
|cant|p1a: Corviknight|par
|
|upkeep
|turn|23
|
|t:|1757894783
|move|p2a: Duraludon|Body Press|p1a: Corviknight
|-damage|p1a: Corviknight|0 fnt
|faint|p1a: Corviknight
|
|upkeep
|
|t:|1757894794
|switch|p1a: Dragapult|Dragapult, M|100/100
|turn|24
|
|t:|1757894803
|move|p1a: Dragapult|Hex|p2a: Duraludon
|-damage|p2a: Duraludon|0 fnt
|faint|p2a: Duraludon
|
|upkeep
|
|t:|1757894809
|switch|p2a: Chansey|Chansey, F|100/100
|-damage|p2a: Chansey|88/100|[from] Stealth Rock
|-damage|p2a: Chansey|71/100|[from] Spikes
|turn|25
|
|t:|1757894818
|-terastallize|p1a: Dragapult|Dragon
|move|p1a: Dragapult|Draco Meteor|p2a: Chansey
|-damage|p2a: Chansey|47/100
|-unboost|p1a: Dragapult|spa|2
|move|p2a: Chansey|Thunder Wave|p1a: Dragapult
|-status|p1a: Dragapult|par
|
|upkeep
|turn|26
|
|t:|1757894827
|switch|p1a: Zamazenta|Zamazenta|100/100
|-damage|p1a: Zamazenta|94/100|[from] Stealth Rock
|-ability|p1a: Zamazenta|Dauntless Shield|boost
|-boost|p1a: Zamazenta|def|1
|move|p2a: Chansey|Thunder Wave|p1a: Zamazenta
|-status|p1a: Zamazenta|par
|
|upkeep
|turn|27
|
|t:|1757894842
|move|p1a: Zamazenta|Body Press|p2a: Chansey
|-supereffective|p2a: Chansey
|-damage|p2a: Chansey|0 fnt
|faint|p2a: Chansey
|
|upkeep
|
|t:|1757894848
|switch|p2a: Scyther|Scyther, M|100/100
|-damage|p2a: Scyther|51/100|[from] Stealth Rock
|turn|28
|
|t:|1757894855
|move|p2a: Scyther|Dual Wingbeat|p1a: Zamazenta
|-supereffective|p1a: Zamazenta
|-damage|p1a: Zamazenta|65/100 par
|-supereffective|p1a: Zamazenta
|-damage|p1a: Zamazenta|35/100 par
|-hitcount|p1a: Zamazenta|2
|move|p1a: Zamazenta|Stone Edge|p2a: Scyther
|-supereffective|p2a: Scyther
|-damage|p2a: Scyther|0 fnt
|faint|p2a: Scyther
|
|upkeep
|
|t:|1757894862
|switch|p2a: Qwilfish|Qwilfish-Hisui, F, shiny|100/100
|-damage|p2a: Qwilfish|88/100|[from] Stealth Rock
|-damage|p2a: Qwilfish|72/100|[from] Spikes
|-ability|p2a: Qwilfish|Intimidate|boost
|-unboost|p1a: Zamazenta|atk|1
|turn|29
|
|t:|1757894874
|move|p2a: Qwilfish|Barb Barrage|p1a: Zamazenta
|-damage|p1a: Zamazenta|21/100 par
|move|p1a: Zamazenta|Body Press|p2a: Qwilfish
|-damage|p2a: Qwilfish|16/100
|
|upkeep
|turn|30
|
|t:|1757894881
|move|p2a: Qwilfish|Barb Barrage|p1a: Zamazenta
|-damage|p1a: Zamazenta|8/100 par
|move|p1a: Zamazenta|Body Press|p2a: Qwilfish
|-damage|p2a: Qwilfish|0 fnt
|faint|p2a: Qwilfish
|
|win|Monkartx
|raw|Monkartx's rating: 1215 &rarr; <strong>1240</strong><br />(+25 for winning)
|raw|pikazard66's rating: 1220 &rarr; <strong>1195</strong><br />(-25 for losing)
|l|☆pikazard66
|player|p2|
|c|☆Monkartx|gg
|l|☆Monkartx
|player|p1|
