|j|☆lzc123456
|j|☆Scarifier
|t:|1757841213
|gametype|singles
|player|p1|lzc123456|cynthia-gen4|1604
|player|p2|Scarifier|102|1560
|gen|9
|tier|[Gen 9] OU
|rated|
|rule|HP Percentage Mod: HP is shown in percentages
|rule|Endless Battle Clause: Forcing endless battles is banned
|rule|Species Clause: Limit one of each Pokémon
|rule|OHKO Clause: OHKO moves are banned
|rule|Evasion Items Clause: Evasion items are banned
|rule|Evasion Moves Clause: Evasion moves are banned
|rule|Evasion Abilities Clause: Evasion abilities are banned
|rule|Sleep Moves Clause: Sleep-inducing moves are banned
|clearpoke
|poke|p1|Alomomola, F|
|poke|p1|Serperior, F|
|poke|p1|Garchomp, M|
|poke|p1|Iron Treads|
|poke|p1|Pelipper, M|
|poke|p1|Zamazenta-*|
|poke|p2|Toxapex, F|
|poke|p2|Gliscor, M|
|poke|p2|Blissey, F|
|poke|p2|Dondozo, F|
|poke|p2|Moltres|
|poke|p2|Cresselia, F|
|teampreview
|inactive|Battle timer is ON: inactive players will automatically lose when time's up. (requested by Scarifier)
|
|t:|1757841223
|teamsize|p1|6
|teamsize|p2|6
|start
|switch|p1a: 盖鸥卡|Pelipper, M, shiny|100/100
|switch|p2a: Gliscor|Gliscor, M|100/100
|-weather|RainDance|[from] ability: Drizzle|[of] p1a: 盖鸥卡
|turn|1
|
|t:|1757841229
|move|p2a: Gliscor|Protect|p2a: Gliscor
|-singleturn|p2a: Gliscor|Protect
|move|p1a: 盖鸥卡|Hydro Pump|p2a: Gliscor
|-activate|p2a: Gliscor|move: Protect
|
|-weather|RainDance|[upkeep]
|-status|p2a: Gliscor|tox|[from] item: Toxic Orb
|upkeep
|turn|2
|
|t:|1757841239
|switch|p2a: Blissey|Blissey, F|100/100
|move|p1a: 盖鸥卡|Hydro Pump|p2a: Blissey
|-damage|p2a: Blissey|67/100
|
|-weather|RainDance|[upkeep]
|upkeep
|turn|3
|
|t:|1757841251
|switch|p1a: 蛇姐|Serperior, F, shiny|100/100
|move|p2a: Blissey|Soft-Boiled|p2a: Blissey
|-heal|p2a: Blissey|100/100
|
|-weather|RainDance|[upkeep]
|upkeep
|turn|4
|
|t:|1757841256
|move|p1a: 蛇姐|Substitute|p1a: 蛇姐
|-start|p1a: 蛇姐|Substitute
|-damage|p1a: 蛇姐|76/100
|move|p2a: Blissey|Seismic Toss|p1a: 蛇姐
|-end|p1a: 蛇姐|Substitute
|
|-weather|RainDance|[upkeep]
|-heal|p1a: 蛇姐|82/100|[from] item: Leftovers
|upkeep
|turn|5
|
|t:|1757841258
|move|p1a: 蛇姐|Leech Seed|p2a: Blissey
|-start|p2a: Blissey|move: Leech Seed
|move|p2a: Blissey|Seismic Toss|p1a: 蛇姐
|-damage|p1a: 蛇姐|51/100
|
|-weather|none
|-heal|p1a: 蛇姐|57/100|[from] item: Leftovers
|-damage|p2a: Blissey|88/100|[from] Leech Seed|[of] p1a: 蛇姐
|-heal|p1a: 蛇姐|85/100|[silent]
|upkeep
|turn|6
|
|t:|1757841263
|switch|p2a: Moltres|Moltres|100/100
|move|p1a: 蛇姐|Glare|p2a: Moltres
|-status|p2a: Moltres|par
|
|-heal|p1a: 蛇姐|91/100|[from] item: Leftovers
|upkeep
|turn|7
|
|t:|1757841269
|switch|p1a: 盖鸥卡|Pelipper, M, shiny|100/100
|-weather|RainDance|[from] ability: Drizzle|[of] p1a: 盖鸥卡
|move|p2a: Moltres|Flamethrower|p1a: 盖鸥卡
|-resisted|p1a: 盖鸥卡
|-crit|p1a: 盖鸥卡
|-damage|p1a: 盖鸥卡|78/100
|
|-weather|RainDance|[upkeep]
|upkeep
|turn|8
|
|t:|1757841276
|switch|p2a: Blissey|Blissey, F|88/100
|move|p1a: 盖鸥卡|Weather Ball|p2a: Blissey
|-crit|p2a: Blissey
|-damage|p2a: Blissey|45/100
|
|-weather|RainDance|[upkeep]
|upkeep
|turn|9
|
|t:|1757841290
|switch|p1a: 减10大王|Garchomp, M, shiny|100/100
|move|p2a: Blissey|Soft-Boiled|p2a: Blissey
|-heal|p2a: Blissey|95/100
|
|-weather|RainDance|[upkeep]
|upkeep
|turn|10
|
|t:|1757841296
|switch|p2a: Moltres|Moltres|100/100 par
|move|p1a: 减10大王|Stealth Rock|p2a: Moltres
|-sidestart|p2: Scarifier|move: Stealth Rock
|
|-weather|RainDance|[upkeep]
|upkeep
|turn|11
|
|t:|1757841304
|switch|p1a: 脏活累活|Alomomola, F|100/100
|move|p2a: Moltres|Will-O-Wisp|p1a: 脏活累活
|-status|p1a: 脏活累活|brn
|
|-weather|none
|-damage|p1a: 脏活累活|94/100 brn|[from] brn
|upkeep
|turn|12
|
|t:|1757841310
|move|p1a: 脏活累活|Flip Turn|p2a: Moltres
|-supereffective|p2a: Moltres
|-damage|p2a: Moltres|88/100 par
|
|t:|1757841314
|switch|p1a: 盖鸥卡|Pelipper, M, shiny|78/100|[from] Flip Turn
|-weather|RainDance|[from] ability: Drizzle|[of] p1a: 盖鸥卡
|cant|p2a: Moltres|par
|
|-weather|RainDance|[upkeep]
|upkeep
|turn|13
|
|t:|1757841323
|switch|p2a: Blissey|Blissey, F|95/100
|move|p1a: 盖鸥卡|Hydro Pump|p2a: Blissey
|-damage|p2a: Blissey|65/100
|
|-weather|RainDance|[upkeep]
|upkeep
|turn|14
|
|t:|1757841330
|switch|p1a: 蛇姐|Serperior, F, shiny|91/100
|move|p2a: Blissey|Stealth Rock|p1a: 蛇姐
|-sidestart|p1: lzc123456|move: Stealth Rock
|
|-weather|RainDance|[upkeep]
|-heal|p1a: 蛇姐|97/100|[from] item: Leftovers
|upkeep
|turn|15
|
|t:|1757841343
|switch|p2a: Moltres|Moltres|88/100 par
|move|p1a: 蛇姐|Leech Seed|p2a: Moltres
|-start|p2a: Moltres|move: Leech Seed
|
|-weather|RainDance|[upkeep]
|-heal|p1a: 蛇姐|100/100|[from] item: Leftovers
|-damage|p2a: Moltres|76/100 par|[from] Leech Seed|[of] p1a: 蛇姐
|upkeep
|turn|16
|
|t:|1757841348
|switch|p1a: 小铁|Iron Treads|100/100
|-damage|p1a: 小铁|98/100|[from] Stealth Rock
|cant|p2a: Moltres|par
|
|-weather|none
|-damage|p2a: Moltres|64/100 par|[from] Leech Seed|[of] p1a: 小铁
|-heal|p1a: 小铁|100/100|[silent]
|upkeep
|turn|17
|
|t:|1757841356
|move|p1a: 小铁|Knock Off|p2a: Moltres
|-damage|p2a: Moltres|47/100 par
|-enditem|p2a: Moltres|Heavy-Duty Boots|[from] move: Knock Off|[of] p1a: 小铁
|cant|p2a: Moltres|par
|
|-damage|p2a: Moltres|34/100 par|[from] Leech Seed|[of] p1a: 小铁
|upkeep
|turn|18
|j| kopoxokop
|
|t:|1757841363
|move|p1a: 小铁|Rapid Spin|p2a: Moltres
|-damage|p2a: Moltres|26/100 par
|-boost|p1a: 小铁|spe|1
|-sideend|p1: lzc123456|Stealth Rock|[from] move: Rapid Spin|[of] p1a: 小铁
|move|p2a: Moltres|Roost|p2a: Moltres
|-heal|p2a: Moltres|76/100 par
|-singleturn|p2a: Moltres|move: Roost
|
|-damage|p2a: Moltres|64/100 par|[from] Leech Seed|[of] p1a: 小铁
|upkeep
|turn|19
|
|t:|1757841369
|move|p1a: 小铁|Volt Switch|p2a: Moltres
|-supereffective|p2a: Moltres
|-damage|p2a: Moltres|40/100 par
|
|t:|1757841372
|-end|p1a: 小铁|Quark Drive|[silent]
|switch|p1a: 盖鸥卡|Pelipper, M, shiny|78/100|[from] Volt Switch
|-weather|RainDance|[from] ability: Drizzle|[of] p1a: 盖鸥卡
|move|p2a: Moltres|Flamethrower|p1a: 盖鸥卡
|-resisted|p1a: 盖鸥卡
|-damage|p1a: 盖鸥卡|60/100
|
|-weather|RainDance|[upkeep]
|-damage|p2a: Moltres|27/100 par|[from] Leech Seed|[of] p1a: 盖鸥卡
|-heal|p1a: 盖鸥卡|78/100|[silent]
|upkeep
|turn|20
|
|t:|1757841380
|move|p1a: 盖鸥卡|Weather Ball|p2a: Moltres
|-supereffective|p2a: Moltres
|-damage|p2a: Moltres|0 fnt
|faint|p2a: Moltres
|
|-weather|RainDance|[upkeep]
|upkeep
|
|t:|1757841383
|switch|p2a: Blissey|Blissey, F|65/100
|turn|21
|
|t:|1757841385
|move|p1a: 盖鸥卡|Weather Ball|p2a: Blissey
|-damage|p2a: Blissey|37/100
|move|p2a: Blissey|Stealth Rock|p1a: 盖鸥卡
|-sidestart|p1: lzc123456|move: Stealth Rock
|
|-weather|RainDance|[upkeep]
|upkeep
|turn|22
|
|t:|1757841393
|-terastallize|p1a: 盖鸥卡|Water
|move|p1a: 盖鸥卡|Weather Ball|p2a: Blissey
|-damage|p2a: Blissey|0 fnt
|faint|p2a: Blissey
|
|-weather|RainDance|[upkeep]
|upkeep
|
|t:|1757841398
|switch|p2a: Toxapex|Toxapex, F|100/100
|turn|23
|
|t:|1757841411
|switch|p1a: 小铁|Iron Treads|100/100
|-damage|p1a: 小铁|98/100|[from] Stealth Rock
|switch|p2a: Gliscor|Gliscor, M|100/100 tox
|-damage|p2a: Gliscor|88/100 tox|[from] Stealth Rock
|
|-weather|none
|-heal|p2a: Gliscor|100/100 tox|[from] ability: Poison Heal
|upkeep
|turn|24
|
|t:|1757841413
|move|p1a: 小铁|Rapid Spin|p2a: Gliscor
|-damage|p2a: Gliscor|93/100 tox
|-boost|p1a: 小铁|spe|1
|-sideend|p1: lzc123456|Stealth Rock|[from] move: Rapid Spin|[of] p1a: 小铁
|move|p2a: Gliscor|Earthquake|p1a: 小铁
|-supereffective|p1a: 小铁
|-damage|p1a: 小铁|47/100
|
|-heal|p2a: Gliscor|100/100 tox|[from] ability: Poison Heal
|upkeep
|turn|25
|
|t:|1757841419
|-end|p1a: 小铁|Quark Drive|[silent]
|switch|p1a: 减10大王|Garchomp, M, shiny|100/100
|move|p2a: Gliscor|Knock Off|p1a: 减10大王
|-damage|p1a: 减10大王|87/100
|-damage|p2a: Gliscor|88/100 tox|[from] ability: Rough Skin|[of] p1a: 减10大王
|-damage|p2a: Gliscor|72/100 tox|[from] item: Rocky Helmet|[of] p1a: 减10大王
|-enditem|p1a: 减10大王|Rocky Helmet|[from] move: Knock Off|[of] p2a: Gliscor
|
|-heal|p2a: Gliscor|84/100 tox|[from] ability: Poison Heal
|upkeep
|turn|26
|
|t:|1757841423
|move|p2a: Gliscor|Spikes|p1a: 减10大王
|-sidestart|p1: lzc123456|Spikes
|move|p1a: 减10大王|Dragon Tail|p2a: Gliscor
|-damage|p2a: Gliscor|68/100 tox
|drag|p2a: Cresselia|Cresselia, F|100/100
|-damage|p2a: Cresselia|88/100|[from] Stealth Rock
|
|upkeep
|turn|27
|
|t:|1757841432
|move|p1a: 减10大王|Spikes|p2a: Cresselia
|-sidestart|p2: Scarifier|Spikes
|move|p2a: Cresselia|Moonblast|p1a: 减10大王
|-supereffective|p1a: 减10大王
|-damage|p1a: 减10大王|54/100
|
|upkeep
|turn|28
|
|t:|1757841438
|switch|p1a: 脏活累活|Alomomola, F|100/100 brn
|-damage|p1a: 脏活累活|88/100 brn|[from] Spikes
|move|p2a: Cresselia|Moonblast|p1a: 脏活累活
|-damage|p1a: 脏活累活|78/100 brn
|
|-damage|p1a: 脏活累活|72/100 brn|[from] brn
|upkeep
|turn|29
|
|t:|1757841446
|move|p2a: Cresselia|Calm Mind|p2a: Cresselia
|-boost|p2a: Cresselia|spa|1
|-boost|p2a: Cresselia|spd|1
|move|p1a: 脏活累活|Flip Turn|p2a: Cresselia
|-damage|p2a: Cresselia|83/100
|
|t:|1757841455
|switch|p1a: 蛇姐|Serperior, F, shiny|100/100|[from] Flip Turn
|-damage|p1a: 蛇姐|88/100|[from] Spikes
|
|-heal|p1a: 蛇姐|94/100|[from] item: Leftovers
|upkeep
|turn|30
|
|t:|1757841466
|switch|p2a: Toxapex|Toxapex, F|100/100
|move|p1a: 蛇姐|Glare|p2a: Toxapex
|-status|p2a: Toxapex|par
|
|-heal|p1a: 蛇姐|100/100|[from] item: Leftovers
|upkeep
|turn|31
|
|t:|1757841471
|move|p1a: 蛇姐|Substitute|p1a: 蛇姐
|-start|p1a: 蛇姐|Substitute
|-damage|p1a: 蛇姐|76/100
|cant|p2a: Toxapex|par
|
|-heal|p1a: 蛇姐|82/100|[from] item: Leftovers
|upkeep
|turn|32
|
|t:|1757841475
|move|p1a: 蛇姐|Leech Seed|p2a: Toxapex
|-start|p2a: Toxapex|move: Leech Seed
|cant|p2a: Toxapex|par
|
|-heal|p1a: 蛇姐|88/100|[from] item: Leftovers
|-damage|p2a: Toxapex|88/100 par|[from] Leech Seed|[of] p1a: 蛇姐
|-heal|p1a: 蛇姐|99/100|[silent]
|upkeep
|turn|33
|
|t:|1757841483
|move|p1a: 蛇姐|Leaf Storm|p2a: Toxapex
|-damage|p2a: Toxapex|55/100 par
|-boost|p1a: 蛇姐|spa|2
|move|p2a: Toxapex|Poison Jab|p1a: 蛇姐
|-supereffective|p1a: 蛇姐
|-end|p1a: 蛇姐|Substitute
|
|-heal|p1a: 蛇姐|100/100|[from] item: Leftovers
|-damage|p2a: Toxapex|42/100 par|[from] Leech Seed|[of] p1a: 蛇姐
|upkeep
|turn|34
|
|t:|1757841490
|move|p1a: 蛇姐|Substitute|p1a: 蛇姐
|-start|p1a: 蛇姐|Substitute
|-damage|p1a: 蛇姐|76/100
|move|p2a: Toxapex|Poison Jab|p1a: 蛇姐
|-supereffective|p1a: 蛇姐
|-end|p1a: 蛇姐|Substitute
|
|-heal|p1a: 蛇姐|82/100|[from] item: Leftovers
|-damage|p2a: Toxapex|30/100 par|[from] Leech Seed|[of] p1a: 蛇姐
|-heal|p1a: 蛇姐|93/100|[silent]
|upkeep
|turn|35
|
|t:|1757841500
|switch|p2a: Cresselia|Cresselia, F|83/100
|-damage|p2a: Cresselia|71/100|[from] Stealth Rock
|move|p1a: 蛇姐|Leaf Storm|p2a: Cresselia|[miss]
|-miss|p1a: 蛇姐|p2a: Cresselia
|
|-heal|p1a: 蛇姐|99/100|[from] item: Leftovers
|upkeep
|turn|36
|
|t:|1757841505
|-terastallize|p2a: Cresselia|Steel
|move|p1a: 蛇姐|Glare|p2a: Cresselia
|-status|p2a: Cresselia|par
|cant|p2a: Cresselia|par
|
|-heal|p1a: 蛇姐|100/100|[from] item: Leftovers
|upkeep
|turn|37
|
|t:|1757841511
|move|p1a: 蛇姐|Leech Seed|p2a: Cresselia
|-start|p2a: Cresselia|move: Leech Seed
|move|p2a: Cresselia|Calm Mind|p2a: Cresselia
|-boost|p2a: Cresselia|spa|1
|-boost|p2a: Cresselia|spd|1
|
|-damage|p2a: Cresselia|59/100 par|[from] Leech Seed|[of] p1a: 蛇姐
|upkeep
|turn|38
|
|t:|1757841516
|move|p1a: 蛇姐|Substitute|p1a: 蛇姐
|-start|p1a: 蛇姐|Substitute
|-damage|p1a: 蛇姐|76/100
|cant|p2a: Cresselia|par
|
|-heal|p1a: 蛇姐|82/100|[from] item: Leftovers
|-damage|p2a: Cresselia|46/100 par|[from] Leech Seed|[of] p1a: 蛇姐
|-heal|p1a: 蛇姐|99/100|[silent]
|upkeep
|turn|39
|
|t:|1757841519
|move|p1a: 蛇姐|Leaf Storm|p2a: Cresselia
|-resisted|p2a: Cresselia
|-damage|p2a: Cresselia|31/100 par
|-boost|p1a: 蛇姐|spa|2
|cant|p2a: Cresselia|par
|
|-heal|p1a: 蛇姐|100/100|[from] item: Leftovers
|-damage|p2a: Cresselia|19/100 par|[from] Leech Seed|[of] p1a: 蛇姐
|upkeep
|turn|40
|-message|Scarifier forfeited.
|
|win|lzc123456
|raw|lzc123456's rating: 1604 &rarr; <strong>1621</strong><br />(+17 for winning)
|raw|Scarifier's rating: 1560 &rarr; <strong>1543</strong><br />(-17 for losing)
|l|☆Scarifier
|player|p2|
