|j|☆Eel56
|j|☆3idk
|t:|1757826050
|gametype|singles
|player|p1|Eel56|266|1727
|player|p2|3idk|lusamine-masters|1743
|gen|9
|tier|[Gen 9] OU
|rated|
|rule|HP Percentage Mod: HP is shown in percentages
|rule|Endless Battle Clause: Forcing endless battles is banned
|rule|Species Clause: Limit one of each Pokémon
|rule|OHKO Clause: OHKO moves are banned
|rule|Evasion Items Clause: Evasion items are banned
|rule|Evasion Moves Clause: Evasion moves are banned
|rule|Evasion Abilities Clause: Evasion abilities are banned
|rule|Sleep Moves Clause: Sleep-inducing moves are banned
|clearpoke
|poke|p1|Gholdengo|
|poke|p1|Zamazenta-*|
|poke|p1|Ting-Lu|
|poke|p1|Clefable, F|
|poke|p1|Dragonite, M|
|poke|p1|Deoxys-Speed|
|poke|p2|Tyranitar, M|
|poke|p2|Excadrill, M|
|poke|p2|Keldeo-Resolute|
|poke|p2|Tornadus-Therian, M|
|poke|p2|Heatran, M|
|poke|p2|Hydrapple, F|
|teampreview
|inactive|Battle timer is ON: inactive players will automatically lose when time's up. (requested by 3idk)
|
|t:|1757826065
|teamsize|p1|6
|teamsize|p2|6
|start
|switch|p1a: Moonrock 350|Clefable, F|100/100
|switch|p2a: Tornadus|Tornadus-Therian, M|100/100
|turn|1
|
|t:|1757826072
|move|p2a: Tornadus|Taunt|p1a: Moonrock 350
|-start|p1a: Moonrock 350|move: Taunt
|move|p1a: Moonrock 350|Knock Off|p2a: Tornadus
|-damage|p2a: Tornadus|84/100
|-enditem|p2a: Tornadus|Heavy-Duty Boots|[from] move: Knock Off|[of] p1a: Moonrock 350
|
|upkeep
|turn|2
|
|t:|1757826079
|move|p2a: Tornadus|Bleakwind Storm|p1a: Moonrock 350
|-damage|p1a: Moonrock 350|67/100
|-unboost|p1a: Moonrock 350|spe|1
|move|p1a: Moonrock 350|Moonblast|p2a: Tornadus
|-crit|p2a: Tornadus
|-damage|p2a: Tornadus|33/100
|
|upkeep
|turn|3
|
|t:|1757826089
|move|p2a: Tornadus|U-turn|p1a: Moonrock 350
|-resisted|p1a: Moonrock 350
|-damage|p1a: Moonrock 350|61/100
|-damage|p2a: Tornadus|16/100|[from] item: Rocky Helmet|[of] p1a: Moonrock 350
|
|t:|1757826097
|switch|p2a: Heatran|Heatran, M|100/100|[from] U-turn
|move|p1a: Moonrock 350|Knock Off|p2a: Heatran
|-damage|p2a: Heatran|88/100
|-status|p1a: Moonrock 350|brn|[from] ability: Flame Body|[of] p2a: Heatran
|-enditem|p2a: Heatran|Leftovers|[from] move: Knock Off|[of] p1a: Moonrock 350
|
|-end|p1a: Moonrock 350|move: Taunt
|upkeep
|turn|4
|
|t:|1757826109
|switch|p2a: Tornadus|Tornadus-Therian, M|49/100
|switch|p1a: Up Bowl On Em|Ting-Lu|100/100
|-ability|p1a: Up Bowl On Em|Vessel of Ruin
|
|upkeep
|turn|5
|
|t:|1757826126
|move|p2a: Tornadus|Taunt|p1a: Up Bowl On Em
|-start|p1a: Up Bowl On Em|move: Taunt
|move|p1a: Up Bowl On Em|Ruination|p2a: Tornadus
|-damage|p2a: Tornadus|25/100
|
|upkeep
|turn|6
|
|t:|1757826131
|switch|p1a: Moonrock 350|Clefable, F|61/100 brn
|move|p2a: Tornadus|U-turn|p1a: Moonrock 350
|-resisted|p1a: Moonrock 350
|-damage|p1a: Moonrock 350|55/100 brn
|-damage|p2a: Tornadus|8/100|[from] item: Rocky Helmet|[of] p1a: Moonrock 350
|
|t:|1757826140
|switch|p2a: Tyranitar|Tyranitar, M|100/100|[from] U-turn
|-weather|Sandstorm|[from] ability: Sand Stream|[of] p2a: Tyranitar
|
|-weather|Sandstorm|[upkeep]
|upkeep
|turn|7
|
|t:|1757826148
|switch|p1a: Up Bowl On Em|Ting-Lu|100/100
|-ability|p1a: Up Bowl On Em|Vessel of Ruin
|move|p2a: Tyranitar|Low Kick|p1a: Up Bowl On Em
|-supereffective|p1a: Up Bowl On Em
|-damage|p1a: Up Bowl On Em|28/100
|
|-weather|Sandstorm|[upkeep]
|-heal|p1a: Up Bowl On Em|34/100|[from] item: Leftovers
|upkeep
|turn|8
|
|t:|1757826158
|switch|p2a: Tornadus|Tornadus-Therian, M|41/100
|switch|p1a: Moonrock 350|Clefable, F|55/100 brn
|
|-weather|Sandstorm|[upkeep]
|-damage|p2a: Tornadus|35/100|[from] Sandstorm
|upkeep
|turn|9
|
|t:|1757826167
|switch|p2a: Heatran|Heatran, M|88/100
|move|p1a: Moonrock 350|Stealth Rock|p2a: Heatran
|-sidestart|p2: 3idk|move: Stealth Rock
|
|-weather|Sandstorm|[upkeep]
|upkeep
|turn|10
|
|t:|1757826174
|switch|p1a: Up Bowl On Em|Ting-Lu|34/100
|-ability|p1a: Up Bowl On Em|Vessel of Ruin
|move|p2a: Heatran|Magma Storm|p1a: Up Bowl On Em
|-damage|p1a: Up Bowl On Em|16/100
|-activate|p1a: Up Bowl On Em|move: Magma Storm|[of] p2a: Heatran
|
|-weather|none
|-heal|p1a: Up Bowl On Em|22/100|[from] item: Leftovers
|-damage|p1a: Up Bowl On Em|10/100|[from] move: Magma Storm|[partiallytrapped]
|upkeep
|turn|11
|
|t:|1757826178
|move|p2a: Heatran|Earth Power|p1a: Up Bowl On Em
|-damage|p1a: Up Bowl On Em|0 fnt
|faint|p1a: Up Bowl On Em
|
|upkeep
|
|t:|1757826182
|switch|p1a: Secret Service|Dragonite, M|100/100
|turn|12
|
|t:|1757826190
|switch|p2a: Hydrapple|Hydrapple, F|100/100
|-damage|p2a: Hydrapple|88/100|[from] Stealth Rock
|move|p1a: Secret Service|Dragon Tail|p2a: Hydrapple
|-supereffective|p2a: Hydrapple
|-damage|p2a: Hydrapple|49/100
|-damage|p1a: Secret Service|84/100|[from] item: Rocky Helmet|[of] p2a: Hydrapple
|drag|p2a: Keldeo|Keldeo-Resolute|100/100
|-damage|p2a: Keldeo|94/100|[from] Stealth Rock
|
|upkeep
|turn|13
|
|t:|1757826201
|move|p2a: Keldeo|Flip Turn|p1a: Secret Service
|-resisted|p1a: Secret Service
|-damage|p1a: Secret Service|77/100
|
|t:|1757826205
|switch|p2a: Tyranitar|Tyranitar, M|100/100|[from] Flip Turn
|-damage|p2a: Tyranitar|88/100|[from] Stealth Rock
|-weather|Sandstorm|[from] ability: Sand Stream|[of] p2a: Tyranitar
|move|p1a: Secret Service|Roost|p1a: Secret Service
|-heal|p1a: Secret Service|100/100
|-singleturn|p1a: Secret Service|move: Roost
|
|-weather|Sandstorm|[upkeep]
|-damage|p1a: Secret Service|94/100|[from] Sandstorm
|upkeep
|turn|14
|
|t:|1757826221
|switch|p1a: CClifford|Zamazenta|100/100
|-ability|p1a: CClifford|Dauntless Shield|boost
|-boost|p1a: CClifford|def|1
|move|p2a: Tyranitar|Ice Punch|p1a: CClifford
|-damage|p1a: CClifford|75/100
|
|-weather|Sandstorm|[upkeep]
|-damage|p1a: CClifford|69/100|[from] Sandstorm
|upkeep
|turn|15
|
|t:|1757826230
|switch|p2a: Hydrapple|Hydrapple, F|82/100
|-damage|p2a: Hydrapple|70/100|[from] Stealth Rock
|move|p1a: CClifford|Ice Fang|p2a: Hydrapple
|-supereffective|p2a: Hydrapple
|-damage|p2a: Hydrapple|21/100
|-damage|p1a: CClifford|52/100|[from] item: Rocky Helmet|[of] p2a: Hydrapple
|
|-weather|Sandstorm|[upkeep]
|-damage|p1a: CClifford|46/100|[from] Sandstorm
|-damage|p2a: Hydrapple|15/100|[from] Sandstorm
|upkeep
|turn|16
|
|t:|1757826240
|switch|p2a: Keldeo|Keldeo-Resolute|94/100
|-damage|p2a: Keldeo|88/100|[from] Stealth Rock
|move|p1a: CClifford|Close Combat|p2a: Keldeo
|-damage|p2a: Keldeo|16/100
|-unboost|p1a: CClifford|def|1
|-unboost|p1a: CClifford|spd|1
|
|-weather|Sandstorm|[upkeep]
|-damage|p1a: CClifford|40/100|[from] Sandstorm
|-damage|p2a: Keldeo|9/100|[from] Sandstorm
|upkeep
|turn|17
|
|t:|1757826247
|move|p2a: Keldeo|Vacuum Wave|p1a: CClifford
|-damage|p1a: CClifford|2/100
|move|p1a: CClifford|Close Combat|p2a: Keldeo
|-damage|p2a: Keldeo|0 fnt
|-unboost|p1a: CClifford|def|1
|-unboost|p1a: CClifford|spd|1
|faint|p2a: Keldeo
|
|-weather|none
|upkeep
|j| firemaniac
|
|t:|1757826253
|switch|p2a: Tornadus|Tornadus-Therian, M|69/100
|-damage|p2a: Tornadus|44/100|[from] Stealth Rock
|turn|18
|
|t:|1757826258
|switch|p2a: Tyranitar|Tyranitar, M|88/100
|-damage|p2a: Tyranitar|76/100|[from] Stealth Rock
|-weather|Sandstorm|[from] ability: Sand Stream|[of] p2a: Tyranitar
|move|p1a: CClifford|Stone Edge|p2a: Tyranitar|[miss]
|-miss|p1a: CClifford|p2a: Tyranitar
|
|-weather|Sandstorm|[upkeep]
|-damage|p1a: CClifford|0 fnt|[from] Sandstorm
|faint|p1a: CClifford
|upkeep
|
|t:|1757826279
|switch|p1a: Secret Service|Dragonite, M|94/100
|turn|19
|
|t:|1757826286
|switch|p1a: Djengo Unrained|Gholdengo|100/100
|move|p2a: Tyranitar|Ice Punch|p1a: Djengo Unrained
|-resisted|p1a: Djengo Unrained
|-damage|p1a: Djengo Unrained|86/100
|
|-weather|Sandstorm|[upkeep]
|upkeep
|turn|20
|
|t:|1757826292
|switch|p2a: Heatran|Heatran, M|88/100
|-damage|p2a: Heatran|76/100|[from] Stealth Rock
|move|p1a: Djengo Unrained|Nasty Plot|p1a: Djengo Unrained
|-boost|p1a: Djengo Unrained|spa|2
|
|-weather|Sandstorm|[upkeep]
|upkeep
|turn|21
|
|t:|1757826298
|move|p1a: Djengo Unrained|Shadow Ball|p2a: Heatran
|-damage|p2a: Heatran|27/100
|-unboost|p2a: Heatran|spd|1
|move|p2a: Heatran|Magma Storm|p1a: Djengo Unrained
|-supereffective|p1a: Djengo Unrained
|-damage|p1a: Djengo Unrained|11/100
|-activate|p1a: Djengo Unrained|move: Magma Storm|[of] p2a: Heatran
|
|-weather|Sandstorm|[upkeep]
|-damage|p1a: Djengo Unrained|0 fnt|[from] move: Magma Storm|[partiallytrapped]
|faint|p1a: Djengo Unrained
|upkeep
|
|t:|1757826308
|switch|p1a: Dude Nasty Asf|Deoxys-Speed|100/100
|-ability|p1a: Dude Nasty Asf|Pressure
|turn|22
|
|t:|1757826315
|move|p1a: Dude Nasty Asf|Thunderbolt|p2a: Heatran
|-damage|p2a: Heatran|0 fnt
|faint|p2a: Heatran
|
|-weather|none
|upkeep
|
|t:|1757826321
|switch|p2a: Tornadus|Tornadus-Therian, M|77/100
|-damage|p2a: Tornadus|52/100|[from] Stealth Rock
|turn|23
|
|t:|1757826330
|switch|p2a: Tyranitar|Tyranitar, M|76/100
|-damage|p2a: Tyranitar|64/100|[from] Stealth Rock
|-weather|Sandstorm|[from] ability: Sand Stream|[of] p2a: Tyranitar
|move|p1a: Dude Nasty Asf|Thunderbolt|p2a: Tyranitar
|-damage|p2a: Tyranitar|44/100
|
|-weather|Sandstorm|[upkeep]
|-damage|p1a: Dude Nasty Asf|94/100|[from] Sandstorm
|upkeep
|turn|24
|
|t:|1757826339
|switch|p1a: Moonrock 350|Clefable, F|55/100 brn
|move|p2a: Tyranitar|Knock Off|p1a: Moonrock 350
|-resisted|p1a: Moonrock 350
|-damage|p1a: Moonrock 350|21/100 brn
|-damage|p2a: Tyranitar|28/100|[from] item: Rocky Helmet|[of] p1a: Moonrock 350
|-enditem|p1a: Moonrock 350|Rocky Helmet|[from] move: Knock Off|[of] p2a: Tyranitar
|
|-weather|Sandstorm|[upkeep]
|upkeep
|turn|25
|
|t:|1757826346
|move|p2a: Tyranitar|Knock Off|p1a: Moonrock 350
|-resisted|p1a: Moonrock 350
|-damage|p1a: Moonrock 350|0 fnt
|faint|p1a: Moonrock 350
|
|-weather|Sandstorm|[upkeep]
|upkeep
|
|t:|1757826348
|switch|p1a: Secret Service|Dragonite, M|94/100
|turn|26
|
|t:|1757826358
|switch|p2a: Tornadus|Tornadus-Therian, M|85/100
|-damage|p2a: Tornadus|60/100|[from] Stealth Rock
|move|p1a: Secret Service|Dragon Tail|p2a: Tornadus
|-damage|p2a: Tornadus|20/100
|drag|p2a: Hydrapple|Hydrapple, F|48/100
|-damage|p2a: Hydrapple|36/100|[from] Stealth Rock
|
|-weather|Sandstorm|[upkeep]
|-damage|p1a: Secret Service|88/100|[from] Sandstorm
|-damage|p2a: Hydrapple|30/100|[from] Sandstorm
|upkeep
|turn|27
|
|t:|1757826371
|switch|p2a: Tornadus|Tornadus-Therian, M|54/100
|-damage|p2a: Tornadus|29/100|[from] Stealth Rock
|-terastallize|p1a: Secret Service|Normal
|move|p1a: Secret Service|Extreme Speed|p2a: Tornadus
|-damage|p2a: Tornadus|0 fnt
|faint|p2a: Tornadus
|
|-weather|none
|upkeep
|
|t:|1757826379
|switch|p2a: Excadrill|Excadrill, M|100/100
|-damage|p2a: Excadrill|97/100|[from] Stealth Rock
|-item|p2a: Excadrill|Air Balloon
|turn|28
|
|t:|1757826384
|move|p2a: Excadrill|Rapid Spin|p1a: Secret Service
|-damage|p1a: Secret Service|70/100
|-boost|p2a: Excadrill|spe|1
|-sideend|p2: 3idk|Stealth Rock|[from] move: Rapid Spin|[of] p2a: Excadrill
|move|p1a: Secret Service|Dragon Tail|p2a: Excadrill
|-resisted|p2a: Excadrill
|-damage|p2a: Excadrill|70/100
|-enditem|p2a: Excadrill|Air Balloon
|drag|p2a: Hydrapple|Hydrapple, F|63/100
|
|upkeep
|turn|29
|
|t:|1757826392
|-terastallize|p2a: Hydrapple|Fairy
|move|p1a: Secret Service|Roost|p1a: Secret Service
|-heal|p1a: Secret Service|100/100
|move|p2a: Hydrapple|Fickle Beam|p1a: Secret Service|[anim] Fickle Beam All Out
|-activate|p2a: Hydrapple|move: Fickle Beam
|-damage|p1a: Secret Service|69/100
|
|upkeep
|turn|30
|
|t:|1757826404
|move|p1a: Secret Service|Roost|p1a: Secret Service
|-heal|p1a: Secret Service|100/100
|move|p2a: Hydrapple|Fickle Beam|p1a: Secret Service|[anim] Fickle Beam All Out
|-activate|p2a: Hydrapple|move: Fickle Beam
|-damage|p1a: Secret Service|72/100
|
|upkeep
|turn|31
|
|t:|1757826410
|move|p1a: Secret Service|Earthquake|p2a: Hydrapple
|-damage|p2a: Hydrapple|40/100
|move|p2a: Hydrapple|Giga Drain|p1a: Secret Service
|-damage|p1a: Secret Service|44/100
|-heal|p2a: Hydrapple|52/100|[from] drain|[of] p1a: Secret Service
|
|upkeep
|turn|32
|-message|Eel56 forfeited.
|
|win|3idk
|raw|Eel56's rating: 1727 &rarr; <strong>1708</strong><br />(-19 for losing)
|raw|3idk's rating: 1743 &rarr; <strong>1762</strong><br />(+19 for winning)
|l|☆Eel56
|player|p1|
|l|☆3idk
|player|p2|
