|j|☆TheMerryMadman77
|j|☆Papagayo33
|t:|1757789119
|gametype|singles
|player|p1|TheMerryMadman77|morty-masters|1089
|player|p2|Papagayo33|youngster-gen4dp|1126
|gen|9
|tier|[Gen 9] OU
|rated|
|rule|HP Percentage Mod: HP is shown in percentages
|rule|Endless Battle Clause: Forcing endless battles is banned
|rule|Species Clause: Limit one of each Pokémon
|rule|OHKO Clause: OHKO moves are banned
|rule|Evasion Items Clause: Evasion items are banned
|rule|Evasion Moves Clause: Evasion moves are banned
|rule|Evasion Abilities Clause: Evasion abilities are banned
|rule|Sleep Moves Clause: Sleep-inducing moves are banned
|clearpoke
|poke|p1|Luxray, F|
|poke|p1|Swampert, M|
|poke|p1|Gogoat, M|
|poke|p1|Houndoom, F|
|poke|p1|Klefki, M|
|poke|p1|Altaria, M|
|poke|p2|Dragapult, F|
|poke|p2|Slowbro, M|
|poke|p2|Empoleon, M|
|poke|p2|Gliscor, F|
|poke|p2|Darkrai|
|poke|p2|Weezing-Galar, F|
|teampreview
|inactive|Battle timer is ON: inactive players will automatically lose when time's up. (requested by TheMerryMadman77)
|
|t:|1757789127
|teamsize|p1|6
|teamsize|p2|6
|start
|switch|p1a: Klefki|Klefki, M|100/100
|switch|p2a: Gliscor|Gliscor, F|100/100
|turn|1
|
|t:|1757789139
|move|p1a: Klefki|Switcheroo|p2a: Gliscor
|-activate|p1a: Klefki|move: Trick|[of] p2a: Gliscor
|-item|p2a: Gliscor|Lagging Tail|[from] move: Switcheroo
|-item|p1a: Klefki|Toxic Orb|[from] move: Switcheroo
|move|p2a: Gliscor|Stealth Rock|p1a: Klefki
|-sidestart|p1: TheMerryMadman77|move: Stealth Rock
|
|upkeep
|turn|2
|
|t:|1757789152
|switch|p1a: Swampert|Swampert, M|100/100
|-damage|p1a: Swampert|94/100|[from] Stealth Rock
|move|p2a: Gliscor|Spikes|p1a: Swampert
|-sidestart|p1: TheMerryMadman77|Spikes
|
|-heal|p1a: Swampert|100/100|[from] item: Leftovers
|upkeep
|turn|3
|
|t:|1757789157
|move|p1a: Swampert|Bulk Up|p1a: Swampert
|-boost|p1a: Swampert|atk|1
|-boost|p1a: Swampert|def|1
|move|p2a: Gliscor|Toxic|p1a: Swampert
|-status|p1a: Swampert|tox
|
|-damage|p1a: Swampert|94/100 tox|[from] psn
|upkeep
|turn|4
|
|t:|1757789162
|move|p1a: Swampert|Liquidation|p2a: Gliscor
|-supereffective|p2a: Gliscor
|-damage|p2a: Gliscor|21/100
|move|p2a: Gliscor|Knock Off|p1a: Swampert
|-damage|p1a: Swampert|81/100 tox
|-enditem|p1a: Swampert|Leftovers|[from] move: Knock Off|[of] p2a: Gliscor
|
|-damage|p1a: Swampert|69/100 tox|[from] psn
|upkeep
|turn|5
|
|t:|1757789165
|switch|p2a: Slowbro|Slowbro, M|100/100
|move|p1a: Swampert|Liquidation|p2a: Slowbro
|-resisted|p2a: Slowbro
|-damage|p2a: Slowbro|80/100
|-unboost|p2a: Slowbro|def|1
|
|-heal|p2a: Slowbro|86/100|[from] item: Leftovers
|-damage|p1a: Swampert|50/100 tox|[from] psn
|upkeep
|turn|6
|
|t:|1757789173
|move|p1a: Swampert|Earthquake|p2a: Slowbro
|-damage|p2a: Slowbro|21/100
|move|p2a: Slowbro|Scald|p1a: Swampert
|-damage|p1a: Swampert|26/100 tox
|
|-heal|p2a: Slowbro|27/100|[from] item: Leftovers
|-damage|p1a: Swampert|1/100 tox|[from] psn
|upkeep
|turn|7
|
|t:|1757789180
|switch|p2a: Gliscor|Gliscor, F|21/100
|move|p1a: Swampert|Earthquake|p2a: Gliscor
|-immune|p2a: Gliscor
|
|-damage|p1a: Swampert|0 fnt|[from] psn
|faint|p1a: Swampert
|upkeep
|
|t:|1757789183
|switch|p1a: Altaria|Altaria, M|100/100
|-damage|p1a: Altaria|76/100|[from] Stealth Rock
|-ability|p1a: Altaria|Cloud Nine
|turn|8
|
|t:|1757789203
|move|p1a: Altaria|Defog|p2a: Gliscor
|-unboost|p2a: Gliscor|evasion|1
|-sideend|p1: TheMerryMadman77|Spikes|[from] move: Defog|[of] p1a: Altaria
|-sideend|p1: TheMerryMadman77|Stealth Rock|[from] move: Defog|[of] p1a: Altaria
|move|p2a: Gliscor|Toxic|p1a: Altaria
|-status|p1a: Altaria|tox
|
|-damage|p1a: Altaria|70/100 tox|[from] psn
|upkeep
|turn|9
|
|t:|1757789211
|switch|p2a: Slowbro|Slowbro, M|60/100
|move|p1a: Altaria|Ice Beam|p2a: Slowbro
|-resisted|p2a: Slowbro
|-damage|p2a: Slowbro|48/100
|
|-heal|p2a: Slowbro|54/100|[from] item: Leftovers
|-damage|p1a: Altaria|57/100 tox|[from] psn
|upkeep
|turn|10
|
|t:|1757789217
|switch|p1a: Gogoat|Gogoat, M|100/100
|move|p2a: Slowbro|Slack Off|p2a: Slowbro
|-heal|p2a: Slowbro|100/100
|
|upkeep
|turn|11
|
|t:|1757789229
|switch|p2a: Dragapult|Dragapult, F, shiny|100/100
|move|p1a: Gogoat|Leech Seed|p2a: Dragapult
|-start|p2a: Dragapult|move: Leech Seed
|
|-damage|p2a: Dragapult|88/100|[from] Leech Seed|[of] p1a: Gogoat
|upkeep
|turn|12
|
|t:|1757789234
|move|p2a: Dragapult|Will-O-Wisp|p1a: Gogoat
|-status|p1a: Gogoat|brn
|move|p1a: Gogoat|Earthquake|p2a: Dragapult
|-damage|p2a: Dragapult|76/100
|
|-heal|p2a: Dragapult|82/100|[from] item: Leftovers
|-damage|p2a: Dragapult|70/100|[from] Leech Seed|[of] p1a: Gogoat
|-damage|p1a: Gogoat|94/100 brn|[from] brn
|upkeep
|turn|13
|
|t:|1757789242
|switch|p2a: Slowbro|Slowbro, M|100/100
|switch|p1a: Luxray|Luxray, F|100/100
|
|-status|p1a: Luxray|brn|[from] item: Flame Orb
|upkeep
|turn|14
|
|t:|1757789254
|switch|p2a: Dragapult|Dragapult, F, shiny|70/100
|move|p1a: Luxray|Trailblaze|p2a: Dragapult
|-resisted|p2a: Dragapult
|-damage|p2a: Dragapult|56/100
|-boost|p1a: Luxray|spe|1
|
|-heal|p2a: Dragapult|62/100|[from] item: Leftovers
|-damage|p1a: Luxray|95/100 brn|[from] brn
|upkeep
|turn|15
|
|t:|1757789263
|move|p1a: Luxray|Crunch|p2a: Dragapult
|-supereffective|p2a: Dragapult
|-damage|p2a: Dragapult|0 fnt
|faint|p2a: Dragapult
|
|-damage|p1a: Luxray|89/100 brn|[from] brn
|upkeep
|
|t:|1757789272
|switch|p2a: Slowbro|Slowbro, M|100/100
|turn|16
|inactive|TheMerryMadman77 has 120 seconds left.
|
|t:|1757789304
|-terastallize|p2a: Slowbro|Poison
|move|p1a: Luxray|Supercell Slam|p2a: Slowbro
|-damage|p2a: Slowbro|55/100
|move|p2a: Slowbro|Scald|p1a: Luxray
|-damage|p1a: Luxray|51/100 brn
|
|-heal|p2a: Slowbro|61/100|[from] item: Leftovers
|-damage|p1a: Luxray|45/100 brn|[from] brn
|upkeep
|turn|17
|
|t:|1757789313
|move|p1a: Luxray|Facade|p2a: Slowbro
|-damage|p2a: Slowbro|18/100
|move|p2a: Slowbro|Scald|p1a: Luxray
|-damage|p1a: Luxray|4/100 brn
|
|-heal|p2a: Slowbro|24/100|[from] item: Leftovers
|-damage|p1a: Luxray|0 fnt|[from] brn
|faint|p1a: Luxray
|upkeep
|
|t:|1757789322
|switch|p1a: Gogoat|Gogoat, M|94/100 brn
|turn|18
|
|t:|1757789334
|switch|p2a: Darkrai|Darkrai|100/100
|move|p1a: Gogoat|Horn Leech|p2a: Darkrai
|-damage|p2a: Darkrai|84/100
|-heal|p1a: Gogoat|100/100 brn|[from] drain|[of] p2a: Darkrai
|
|-damage|p1a: Gogoat|94/100 brn|[from] brn
|upkeep
|turn|19
|
|t:|1757789342
|move|p2a: Darkrai|Dark Pulse|p1a: Gogoat
|-damage|p1a: Gogoat|54/100 brn
|move|p1a: Gogoat|Leech Seed|p2a: Darkrai
|-start|p2a: Darkrai|move: Leech Seed
|
|-damage|p2a: Darkrai|72/100|[from] Leech Seed|[of] p1a: Gogoat
|-heal|p1a: Gogoat|64/100 brn|[silent]
|-damage|p1a: Gogoat|57/100 brn|[from] brn
|upkeep
|turn|20
|
|t:|1757789354
|switch|p2a: Slowbro|Slowbro, M, tera:Poison|57/100
|move|p1a: Gogoat|Milk Drink|p1a: Gogoat
|-heal|p1a: Gogoat|100/100 brn
|
|-heal|p2a: Slowbro|63/100|[from] item: Leftovers
|-damage|p1a: Gogoat|94/100 brn|[from] brn
|upkeep
|turn|21
|inactive|Papagayo33 has 120 seconds left.
|l|☆Papagayo33
|inactive|Papagayo33 disconnected and has a minute to reconnect!
|player|p2|
|inactive|Papagayo33 has 30 seconds to reconnect!
|inactive|Papagayo33 has 20 seconds to reconnect!
|inactive|Papagayo33 has 15 seconds to reconnect!
|inactive|Papagayo33 has 10 seconds to reconnect!
|inactive|Papagayo33 has 5 seconds to reconnect!
|-message|Papagayo33 lost due to inactivity.
|
|win|TheMerryMadman77
|raw|TheMerryMadman77's rating: 1089 &rarr; <strong>1118</strong><br />(+29 for winning)
|raw|Papagayo33's rating: 1126 &rarr; <strong>1098</strong><br />(-28 for losing)
|l|☆TheMerryMadman77
|player|p1|
