|j|☆MAGAboominGOOCH
|j|☆mood1e
|t:|1757824886
|gametype|singles
|player|p1|MAGAboominGOOCH|supernerd|
|player|p2|mood1e|palmer|
|gen|9
|tier|[Gen 9] OU
|rule|HP Percentage Mod: HP is shown in percentages
|rule|Endless Battle Clause: Forcing endless battles is banned
|rule|Species Clause: Limit one of each Pokémon
|rule|OHKO Clause: OHKO moves are banned
|rule|Evasion Items Clause: Evasion items are banned
|rule|Evasion Moves Clause: Evasion moves are banned
|rule|Evasion Abilities Clause: Evasion abilities are banned
|rule|Sleep Moves Clause: Sleep-inducing moves are banned
|clearpoke
|poke|p1|Slowbro, M|
|poke|p1|Kingdra, F|
|poke|p1|Basculegion, M|
|poke|p1|Copperajah, M|
|poke|p1|Florges-White, F|
|poke|p1|Chesnaught, M|
|poke|p2|Arcanine, M|
|poke|p2|Suicune|
|poke|p2|Gengar, M|
|poke|p2|Azelf|
|poke|p2|Scrafty, M|
|poke|p2|Sableye, F|
|teampreview
|
|t:|1757824905
|teamsize|p1|6
|teamsize|p2|6
|start
|switch|p1a: Florges|Florges-White, F|100/100
|switch|p2a: Scrafty|Scrafty, M|100/100
|-ability|p2a: Scrafty|Intimidate|boost
|-unboost|p1a: Florges|atk|1
|turn|1
|
|t:|1757824912
|move|p2a: Scrafty|Fake Out|p1a: Florges
|-damage|p1a: Florges|83/100
|cant|p1a: Florges|flinch
|
|-heal|p1a: Florges|89/100|[from] item: Leftovers
|upkeep
|turn|2
|
|t:|1757824933
|switch|p1a: Copperajah|Copperajah, M|100/100
|move|p2a: Scrafty|Poison Jab|p1a: Copperajah
|-immune|p1a: Copperajah
|
|upkeep
|turn|3
|
|t:|1757824942
|move|p2a: Scrafty|Drain Punch|p1a: Copperajah
|-supereffective|p1a: Copperajah
|-damage|p1a: Copperajah|33/100
|move|p1a: Copperajah|Play Rough|p2a: Scrafty
|-supereffective|p2a: Scrafty
|-damage|p2a: Scrafty|0 fnt
|faint|p2a: Scrafty
|
|upkeep
|
|t:|1757824952
|switch|p2a: Lassie|Suicune|100/100
|-ability|p2a: Lassie|Pressure
|turn|4
|
|t:|1757824961
|switch|p1a: Slowbro|Slowbro, M|100/100
|move|p2a: Lassie|Calm Mind|p2a: Lassie
|-boost|p2a: Lassie|spa|1
|-boost|p2a: Lassie|spd|1
|
|upkeep
|turn|5
|
|t:|1757824970
|move|p2a: Lassie|Calm Mind|p2a: Lassie
|-boost|p2a: Lassie|spa|1
|-boost|p2a: Lassie|spd|1
|move|p1a: Slowbro|Trick Room|p1a: Slowbro
|-fieldstart|move: Trick Room|[of] p1a: Slowbro
|
|upkeep
|turn|6
|
|t:|1757824978
|move|p1a: Slowbro|Scald|p2a: Lassie
|-resisted|p2a: Lassie
|-damage|p2a: Lassie|93/100
|-status|p2a: Lassie|brn
|move|p2a: Lassie|Calm Mind|p2a: Lassie
|-boost|p2a: Lassie|spa|1
|-boost|p2a: Lassie|spd|1
|
|-heal|p2a: Lassie|99/100 brn|[from] item: Leftovers
|-damage|p2a: Lassie|93/100 brn|[from] brn
|upkeep
|turn|7
|
|t:|1757824989
|switch|p1a: Chesnaught|Chesnaught, M|100/100
|move|p2a: Lassie|Calm Mind|p2a: Lassie
|-boost|p2a: Lassie|spa|1
|-boost|p2a: Lassie|spd|1
|
|-heal|p2a: Lassie|99/100 brn|[from] item: Leftovers
|-damage|p2a: Lassie|93/100 brn|[from] brn
|upkeep
|turn|8
|
|t:|1757824998
|-terastallize|p2a: Lassie|Flying
|move|p1a: Chesnaught|Bullet Seed|p2a: Lassie
|-resisted|p2a: Lassie
|-damage|p2a: Lassie|90/100 brn
|-resisted|p2a: Lassie
|-damage|p2a: Lassie|86/100 brn
|-resisted|p2a: Lassie
|-damage|p2a: Lassie|82/100 brn
|-resisted|p2a: Lassie
|-damage|p2a: Lassie|78/100 brn
|-resisted|p2a: Lassie
|-damage|p2a: Lassie|75/100 brn
|-hitcount|p2a: Lassie|5
|move|p2a: Lassie|Scald|p1a: Chesnaught
|-resisted|p1a: Chesnaught
|-damage|p1a: Chesnaught|52/100
|
|-heal|p2a: Lassie|81/100 brn|[from] item: Leftovers
|-damage|p2a: Lassie|75/100 brn|[from] brn
|upkeep
|turn|9
|
|t:|1757825050
|move|p1a: Chesnaught|Hammer Arm|p2a: Lassie|[miss]
|-miss|p1a: Chesnaught|p2a: Lassie
|move|p2a: Lassie|Scald|p1a: Chesnaught
|-resisted|p1a: Chesnaught
|-damage|p1a: Chesnaught|5/100
|
|-heal|p2a: Lassie|81/100 brn|[from] item: Leftovers
|-damage|p2a: Lassie|75/100 brn|[from] brn
|-fieldend|move: Trick Room
|upkeep
|turn|10
|
|t:|1757825060
|switch|p1a: Slowbro|Slowbro, M|100/100
|move|p2a: Lassie|Scald|p1a: Slowbro
|-resisted|p1a: Slowbro
|-damage|p1a: Slowbro|54/100
|
|-heal|p2a: Lassie|81/100 brn|[from] item: Leftovers
|-damage|p2a: Lassie|75/100 brn|[from] brn
|upkeep
|turn|11
|
|t:|1757825069
|move|p2a: Lassie|Calm Mind|p2a: Lassie
|-boost|p2a: Lassie|spa|1
|-boost|p2a: Lassie|spd|1
|move|p1a: Slowbro|Trick Room|p1a: Slowbro
|-fieldstart|move: Trick Room|[of] p1a: Slowbro
|
|-heal|p2a: Lassie|81/100 brn|[from] item: Leftovers
|-damage|p2a: Lassie|75/100 brn|[from] brn
|upkeep
|turn|12
|
|t:|1757825076
|move|p1a: Slowbro|Psychic|p2a: Lassie
|-damage|p2a: Lassie|66/100 brn
|move|p2a: Lassie|Calm Mind|p2a: Lassie
|-boost|p2a: Lassie|spa|1
|-boost|p2a: Lassie|spd|1
|
|-heal|p2a: Lassie|73/100 brn|[from] item: Leftovers
|-damage|p2a: Lassie|66/100 brn|[from] brn
|upkeep
|turn|13
|
|t:|1757825084
|move|p1a: Slowbro|Psychic|p2a: Lassie
|-damage|p2a: Lassie|57/100 brn
|move|p2a: Lassie|Scald|p1a: Slowbro
|-resisted|p1a: Slowbro
|-damage|p1a: Slowbro|0 fnt
|faint|p1a: Slowbro
|
|-heal|p2a: Lassie|64/100 brn|[from] item: Leftovers
|-damage|p2a: Lassie|57/100 brn|[from] brn
|upkeep
|
|t:|1757825088
|switch|p1a: Copperajah|Copperajah, M|33/100
|turn|14
|
|t:|1757825097
|move|p1a: Copperajah|Rock Slide|p2a: Lassie
|-supereffective|p2a: Lassie
|-damage|p2a: Lassie|7/100 brn
|move|p2a: Lassie|Rest|p2a: Lassie
|-status|p2a: Lassie|slp|[from] move: Rest
|-heal|p2a: Lassie|100/100 slp|[silent]
|
|upkeep
|turn|15
|
|t:|1757825107
|move|p1a: Copperajah|Rock Slide|p2a: Lassie
|-supereffective|p2a: Lassie
|-damage|p2a: Lassie|44/100 slp
|cant|p2a: Lassie|slp
|move|p2a: Lassie|Sleep Talk|p2a: Lassie
|move|p2a: Lassie|Rest||[from] move: Sleep Talk|[still]
|-fail|p2a: Lassie
|
|-heal|p2a: Lassie|50/100 slp|[from] item: Leftovers
|-fieldend|move: Trick Room
|upkeep
|turn|16
|
|t:|1757825122
|cant|p2a: Lassie|slp
|move|p2a: Lassie|Sleep Talk|p2a: Lassie
|move|p2a: Lassie|Rest||[from] move: Sleep Talk|[still]
|-fail|p2a: Lassie
|move|p1a: Copperajah|Rock Slide|p2a: Lassie
|-supereffective|p2a: Lassie
|-damage|p2a: Lassie|0 fnt
|faint|p2a: Lassie
|
|upkeep
|
|t:|1757825134
|switch|p2a: Escanor|Arcanine, M|100/100
|-ability|p2a: Escanor|Intimidate|boost
|-unboost|p1a: Copperajah|atk|1
|turn|17
|
|t:|1757825143
|switch|p1a: Chesnaught|Chesnaught, M|5/100
|move|p2a: Escanor|Wild Charge|p1a: Chesnaught
|-resisted|p1a: Chesnaught
|-damage|p1a: Chesnaught|0 fnt
|faint|p1a: Chesnaught
|-damage|p2a: Escanor|99/100|[from] Recoil
|
|upkeep
|
|t:|1757825165
|switch|p1a: Basculegion|Basculegion, M|100/100
|turn|18
|
|t:|1757825178
|-terastallize|p1a: Basculegion|Water
|move|p1a: Basculegion|Aqua Jet|p2a: Escanor
|-supereffective|p2a: Escanor
|-damage|p2a: Escanor|8/100
|move|p2a: Escanor|Wild Charge|p1a: Basculegion
|-supereffective|p1a: Basculegion
|-damage|p1a: Basculegion|0 fnt
|faint|p1a: Basculegion
|-damage|p2a: Escanor|0 fnt|[from] Recoil
|faint|p2a: Escanor
|
|upkeep
|
|t:|1757825189
|switch|p2a: Vision|Azelf|100/100
|switch|p1a: Kingdra|Kingdra, F, shiny|100/100
|turn|19
|
|t:|1757825204
|move|p2a: Vision|Knock Off|p1a: Kingdra
|-damage|p1a: Kingdra|58/100
|-enditem|p1a: Kingdra|Loaded Dice|[from] move: Knock Off|[of] p2a: Vision
|move|p1a: Kingdra|Scale Shot|p2a: Vision
|-damage|p2a: Vision|84/100
|-damage|p2a: Vision|66/100
|-hitcount|p2a: Vision|2
|-unboost|p1a: Kingdra|def|1
|-boost|p1a: Kingdra|spe|1
|
|upkeep
|turn|20
|
|t:|1757825219
|move|p1a: Kingdra|Liquidation|p2a: Vision
|-damage|p2a: Vision|10/100
|move|p2a: Vision|U-turn|p1a: Kingdra
|-damage|p1a: Kingdra|7/100
|
|t:|1757825240
|switch|p2a: Chesire|Gengar, M|100/100|[from] U-turn
|-item|p2a: Chesire|Air Balloon
|
|upkeep
|turn|21
|
|t:|1757825257
|move|p1a: Kingdra|Scale Shot|p2a: Chesire
|-damage|p2a: Chesire|78/100
|-start|p1a: Kingdra|Disable|Scale Shot|[from] ability: Cursed Body|[of] p2a: Chesire
|-enditem|p2a: Chesire|Air Balloon
|-damage|p2a: Chesire|58/100
|-damage|p2a: Chesire|37/100
|-damage|p2a: Chesire|15/100
|-hitcount|p2a: Chesire|4
|-unboost|p1a: Kingdra|def|1
|-boost|p1a: Kingdra|spe|1
|move|p2a: Chesire|Shadow Ball|p1a: Kingdra
|-damage|p1a: Kingdra|0 fnt
|faint|p1a: Kingdra
|
|upkeep
|
|t:|1757825274
|switch|p1a: Florges|Florges-White, F|89/100
|turn|22
|
|t:|1757825284
|move|p2a: Chesire|Sludge Wave|p1a: Florges
|-supereffective|p1a: Florges
|-damage|p1a: Florges|30/100
|move|p1a: Florges|Moonblast|p2a: Chesire
|-resisted|p2a: Chesire
|-damage|p2a: Chesire|0 fnt
|faint|p2a: Chesire
|
|-heal|p1a: Florges|36/100|[from] item: Leftovers
|upkeep
|
|t:|1757825299
|switch|p2a: Vision|Azelf|10/100
|turn|23
|
|t:|1757825310
|move|p2a: Vision|Explosion|p1a: Florges
|-damage|p1a: Florges|0 fnt
|faint|p2a: Vision
|faint|p1a: Florges
|
|upkeep
|
|t:|1757825314
|switch|p2a: Sableye|Sableye, F|100/100
|switch|p1a: Copperajah|Copperajah, M|33/100
|turn|24
|
|t:|1757825321
|move|p2a: Sableye|Will-O-Wisp|p1a: Copperajah|[miss]
|-miss|p2a: Sableye|p1a: Copperajah
|move|p1a: Copperajah|Play Rough|p2a: Sableye
|-supereffective|p2a: Sableye
|-damage|p2a: Sableye|0 fnt
|faint|p2a: Sableye
|
|win|MAGAboominGOOCH
