|j|☆22doodle
|j|☆BattleBeedrill
|t:|1757932417
|gametype|singles
|player|p1|22doodle|lucas|1512
|player|p2|BattleBeedrill|swimmerf|1411
|gen|9
|tier|[Gen 9] OU
|rated|
|rule|HP Percentage Mod: HP is shown in percentages
|rule|Endless Battle Clause: Forcing endless battles is banned
|rule|Species Clause: Limit one of each Pokémon
|rule|OHKO Clause: OHKO moves are banned
|rule|Evasion Items Clause: Evasion items are banned
|rule|Evasion Moves Clause: Evasion moves are banned
|rule|Evasion Abilities Clause: Evasion abilities are banned
|rule|Sleep Moves Clause: Sleep-inducing moves are banned
|clearpoke
|poke|p1|Slowking-Galar, L99, F|
|poke|p1|Samurott-Hisui, M|
|poke|p1|Iron Treads|
|poke|p1|Dragonite, F|
|poke|p1|Moltres|
|poke|p1|Dragapult, F|
|poke|p2|Glimmora, F|
|poke|p2|Ogerpon-Wellspring, F|
|poke|p2|Hatterene, F|
|poke|p2|Iron Moth|
|poke|p2|Dragonite, F|
|poke|p2|Kingambit, F|
|teampreview
|
|t:|1757932442
|teamsize|p1|6
|teamsize|p2|6
|start
|switch|p1a: not plausible|Iron Treads|100/100
|switch|p2a: The Advocate|Glimmora, F|100/100
|turn|1
|
|t:|1757932450
|move|p1a: not plausible|Earthquake|p2a: The Advocate
|-supereffective|p2a: The Advocate
|-enditem|p2a: The Advocate|Focus Sash
|-damage|p2a: The Advocate|1/100
|-activate|p2a: The Advocate|ability: Toxic Debris
|-sidestart|p1: 22doodle|move: Toxic Spikes
|move|p2a: The Advocate|Energy Ball|p1a: not plausible
|-damage|p1a: not plausible|48/100
|
|upkeep
|turn|2
|
|t:|1757932460
|move|p1a: not plausible|Rapid Spin|p2a: The Advocate
|-resisted|p2a: The Advocate
|-damage|p2a: The Advocate|0 fnt
|-boost|p1a: not plausible|spe|1
|-activate|p2a: The Advocate|ability: Toxic Debris
|-sidestart|p1: 22doodle|move: Toxic Spikes
|-sideend|p1: 22doodle|Toxic Spikes|[from] move: Rapid Spin|[of] p1a: not plausible
|faint|p2a: The Advocate
|
|upkeep
|
|t:|1757932465
|switch|p2a: The Ogerponzi|Ogerpon-Wellspring, F|100/100
|turn|3
|
|t:|1757932473
|move|p1a: not plausible|Stealth Rock|p2a: The Ogerponzi
|-sidestart|p2: BattleBeedrill|move: Stealth Rock
|move|p2a: The Ogerponzi|Ivy Cudgel|p1a: not plausible|[anim] Ivy Cudgel Water
|-supereffective|p1a: not plausible
|-damage|p1a: not plausible|0 fnt
|faint|p1a: not plausible
|-end|p1a: not plausible|Quark Drive|[silent]
|
|upkeep
|
|t:|1757932477
|switch|p1a: to hell|Dragonite, F|100/100
|turn|4
|
|t:|1757932495
|move|p2a: The Ogerponzi|Knock Off|p1a: to hell
|-damage|p1a: to hell|82/100
|-enditem|p1a: to hell|Sharp Beak|[from] move: Knock Off|[of] p2a: The Ogerponzi
|move|p1a: to hell|Dragon Dance|p1a: to hell
|-boost|p1a: to hell|atk|1
|-boost|p1a: to hell|spe|1
|
|upkeep
|turn|5
|
|t:|1757932501
|move|p1a: to hell|Dragon Dance|p1a: to hell
|-boost|p1a: to hell|atk|1
|-boost|p1a: to hell|spe|1
|move|p2a: The Ogerponzi|U-turn|p1a: to hell
|-resisted|p1a: to hell
|-damage|p1a: to hell|68/100
|
|t:|1757932504
|switch|p2a: The Witch|Hatterene, F|100/100|[from] U-turn
|-damage|p2a: The Witch|88/100|[from] Stealth Rock
|
|-heal|p2a: The Witch|94/100|[from] item: Leftovers
|upkeep
|turn|6
|
|t:|1757932512
|-terastallize|p1a: to hell|Flying
|move|p1a: to hell|Tera Blast|p2a: The Witch|[anim] Tera Blast Flying
|-damage|p2a: The Witch|0 fnt
|faint|p2a: The Witch
|
|upkeep
|
|t:|1757932518
|switch|p2a: The Leader|Kingambit, F|100/100
|-damage|p2a: The Leader|94/100|[from] Stealth Rock
|-activate|p2a: The Leader|ability: Supreme Overlord
|-start|p2a: The Leader|fallen2|[silent]
|turn|7
|
|t:|1757932546
|move|p1a: to hell|Roost|p1a: to hell
|-heal|p1a: to hell|100/100
|-hint|If a Terastallized Pokemon uses Roost, it remains Flying-type.
|move|p2a: The Leader|Kowtow Cleave|p1a: to hell
|-damage|p1a: to hell|65/100
|
|upkeep
|turn|8
|l|☆BattleBeedrill
|player|p2|
|inactive|Battle timer is ON: inactive players will automatically lose when time's up. (requested by 22doodle)
|inactive|BattleBeedrill has 30 seconds to reconnect!
|inactive|BattleBeedrill has 20 seconds to reconnect!
|inactive|BattleBeedrill has 15 seconds to reconnect!
|inactive|BattleBeedrill has 10 seconds to reconnect!
|inactive|BattleBeedrill has 5 seconds to reconnect!
|-message|BattleBeedrill lost due to inactivity.
|
|win|22doodle
|raw|22doodle's rating: 1512 &rarr; <strong>1526</strong><br />(+14 for winning)
|raw|BattleBeedrill's rating: 1411 &rarr; <strong>1397</strong><br />(-14 for losing)
