|j|☆jarrodbennett
|j|☆Pig Perfect
|t:|1757897991
|gametype|singles
|player|p1|jarrodbennett|101|1454
|player|p2|Pig Perfect|workerice|1558
|gen|9
|tier|[Gen 9] OU
|rated|
|rule|HP Percentage Mod: HP is shown in percentages
|rule|Endless Battle Clause: Forcing endless battles is banned
|rule|Species Clause: Limit one of each Pokémon
|rule|OHKO Clause: OHKO moves are banned
|rule|Evasion Items Clause: Evasion items are banned
|rule|Evasion Moves Clause: Evasion moves are banned
|rule|Evasion Abilities Clause: Evasion abilities are banned
|rule|Sleep Moves Clause: Sleep-inducing moves are banned
|clearpoke
|poke|p1|Ribombee, M|
|poke|p1|Cinderace, M|
|poke|p1|Serperior, M|
|poke|p1|Hitmonlee, M|
|poke|p1|Empoleon, M|
|poke|p1|Kingambit, M|
|poke|p2|Great Tusk|
|poke|p2|Hatterene, F|
|poke|p2|Ninetales, F|
|poke|p2|Raging Bolt|
|poke|p2|Slither Wing|
|poke|p2|Walking Wake|
|teampreview
|
|t:|1757898001
|teamsize|p1|6
|teamsize|p2|6
|start
|switch|p1a: Ya Like Jazz?|Ribombee, M|100/100
|switch|p2a: Ninetales|Ninetales, F|100/100
|-weather|SunnyDay|[from] ability: Drought|[of] p2a: Ninetales
|turn|1
|
|t:|1757898008
|switch|p2a: Hatterene|Hatterene, F|100/100
|move|p1a: Ya Like Jazz?|Sticky Web|p2a: Hatterene
|move|p2a: Hatterene|Sticky Web|p1a: Ya Like Jazz?|[from] ability: Magic Bounce
|-sidestart|p1: jarrodbennett|move: Sticky Web
|
|-weather|SunnyDay|[upkeep]
|upkeep
|turn|2
|
|t:|1757898018
|move|p1a: Ya Like Jazz?|Struggle Bug|p2a: Hatterene
|-damage|p2a: Hatterene|78/100
|-unboost|p2a: Hatterene|spa|1
|-enditem|p2a: Hatterene|Eject Button
|
|t:|1757898034
|switch|p2a: Walking Wake|Walking Wake|100/100
|-activate|p2a: Walking Wake|ability: Protosynthesis
|-start|p2a: Walking Wake|protosynthesisspe
|
|-weather|SunnyDay|[upkeep]
|upkeep
|turn|3
|
|t:|1757898041
|move|p2a: Walking Wake|Flip Turn|p1a: Ya Like Jazz?
|-damage|p1a: Ya Like Jazz?|83/100
|
|t:|1757898046
|-end|p2a: Walking Wake|Protosynthesis|[silent]
|switch|p2a: Hatterene|Hatterene, F|78/100|[from] Flip Turn
|move|p1a: Ya Like Jazz?|Moonblast|p2a: Hatterene
|-damage|p2a: Hatterene|38/100
|
|-weather|SunnyDay|[upkeep]
|upkeep
|turn|4
|
|t:|1757898055
|move|p1a: Ya Like Jazz?|Moonblast|p2a: Hatterene
|-damage|p2a: Hatterene|0 fnt
|faint|p2a: Hatterene
|
|-weather|SunnyDay|[upkeep]
|upkeep
|
|t:|1757898057
|switch|p2a: Walking Wake|Walking Wake|100/100
|-activate|p2a: Walking Wake|ability: Protosynthesis
|-start|p2a: Walking Wake|protosynthesisspe
|turn|5
|
|t:|1757898066
|move|p2a: Walking Wake|Hydro Steam|p1a: Ya Like Jazz?
|-damage|p1a: Ya Like Jazz?|0 fnt
|faint|p1a: Ya Like Jazz?
|
|-weather|SunnyDay|[upkeep]
|upkeep
|
|t:|1757898078
|switch|p1a: Kickin' Nugget|Hitmonlee, M|100/100
|-activate|p1a: Kickin' Nugget|move: Sticky Web
|-unboost|p1a: Kickin' Nugget|spe|1
|-enditem|p1a: Kickin' Nugget|White Herb
|-clearnegativeboost|p1a: Kickin' Nugget|[silent]
|turn|6
|
|t:|1757898095
|-terastallize|p2a: Walking Wake|Water
|move|p1a: Kickin' Nugget|Swords Dance|p1a: Kickin' Nugget
|-boost|p1a: Kickin' Nugget|atk|2
|move|p2a: Walking Wake|Hydro Steam|p1a: Kickin' Nugget
|-damage|p1a: Kickin' Nugget|3/100
|
|-weather|SunnyDay|[upkeep]
|upkeep
|turn|7
|c|☆jarrodbennett|Damn
|c|☆jarrodbennett|Nice, Hitmonlee.
|
|t:|1757898117
|-end|p2a: Walking Wake|Protosynthesis|[silent]
|switch|p2a: Great Tusk|Great Tusk|100/100
|-activate|p2a: Great Tusk|ability: Protosynthesis
|-start|p2a: Great Tusk|protosynthesisatk
|move|p1a: Kickin' Nugget|Close Combat|p2a: Great Tusk
|-damage|p2a: Great Tusk|8/100
|-unboost|p1a: Kickin' Nugget|def|1
|-unboost|p1a: Kickin' Nugget|spd|1
|
|-weather|SunnyDay|[upkeep]
|upkeep
|turn|8
|
|t:|1757898129
|move|p1a: Kickin' Nugget|Knock Off|p2a: Great Tusk
|-resisted|p2a: Great Tusk
|-damage|p2a: Great Tusk|0 fnt
|-enditem|p2a: Great Tusk|Heavy-Duty Boots|[from] move: Knock Off|[of] p1a: Kickin' Nugget
|faint|p2a: Great Tusk
|-end|p2a: Great Tusk|Protosynthesis|[silent]
|
|-weather|none
|upkeep
|
|t:|1757898135
|switch|p2a: Slither Wing|Slither Wing|100/100
|turn|9
|
|t:|1757898138
|move|p1a: Kickin' Nugget|Upper Hand|p2a: Slither Wing
|-resisted|p2a: Slither Wing
|-damage|p2a: Slither Wing|56/100
|cant|p2a: Slither Wing|flinch
|
|upkeep
|turn|10
|
|t:|1757898152
|move|p1a: Kickin' Nugget|Close Combat|p2a: Slither Wing
|-resisted|p2a: Slither Wing
|-damage|p2a: Slither Wing|0 fnt
|-unboost|p1a: Kickin' Nugget|def|1
|-unboost|p1a: Kickin' Nugget|spd|1
|faint|p2a: Slither Wing
|-end|p2a: Slither Wing|Protosynthesis|[silent]
|
|upkeep
|
|t:|1757898154
|switch|p2a: Ninetales|Ninetales, F|100/100
|-weather|SunnyDay|[from] ability: Drought|[of] p2a: Ninetales
|turn|11
|
|t:|1757898162
|move|p1a: Kickin' Nugget|Close Combat|p2a: Ninetales
|-damage|p2a: Ninetales|0 fnt
|-unboost|p1a: Kickin' Nugget|def|1
|-unboost|p1a: Kickin' Nugget|spd|1
|faint|p2a: Ninetales
|
|-weather|SunnyDay|[upkeep]
|upkeep
|
|t:|1757898165
|switch|p2a: Raging Bolt|Raging Bolt|100/100
|-activate|p2a: Raging Bolt|ability: Protosynthesis
|-start|p2a: Raging Bolt|protosynthesisspa
|turn|12
|
|t:|1757898174
|move|p1a: Kickin' Nugget|Upper Hand||[still]
|-fail|p1a: Kickin' Nugget
|move|p2a: Raging Bolt|Dragon Pulse|p1a: Kickin' Nugget
|-damage|p1a: Kickin' Nugget|0 fnt
|faint|p1a: Kickin' Nugget
|-damage|p2a: Raging Bolt|91/100|[from] item: Life Orb
|
|-weather|SunnyDay|[upkeep]
|upkeep
|
|t:|1757898184
|switch|p1a: Taking a Dump|Kingambit, M|100/100
|-activate|p1a: Taking a Dump|move: Sticky Web
|-unboost|p1a: Taking a Dump|spe|1
|-ability|p1a: Taking a Dump|Defiant|boost
|-boost|p1a: Taking a Dump|atk|2
|turn|13
|
|t:|1757898194
|move|p2a: Raging Bolt|Weather Ball|p1a: Taking a Dump
|-supereffective|p1a: Taking a Dump
|-damage|p1a: Taking a Dump|0 fnt
|faint|p1a: Taking a Dump
|-damage|p2a: Raging Bolt|81/100|[from] item: Life Orb
|
|-weather|SunnyDay|[upkeep]
|upkeep
|
|t:|1757898204
|switch|p1a: Big Z|Empoleon, M|100/100
|-activate|p1a: Big Z|move: Sticky Web
|-unboost|p1a: Big Z|spe|1
|-ability|p1a: Big Z|Competitive|boost
|-boost|p1a: Big Z|spa|2
|turn|14
|
|t:|1757898210
|move|p2a: Raging Bolt|Thunderclap|p1a: Big Z
|-supereffective|p1a: Big Z
|-damage|p1a: Big Z|10/100
|-damage|p2a: Raging Bolt|71/100|[from] item: Life Orb
|move|p1a: Big Z|Ice Beam|p2a: Raging Bolt
|-supereffective|p2a: Raging Bolt
|-damage|p2a: Raging Bolt|0 fnt
|faint|p2a: Raging Bolt
|-end|p2a: Raging Bolt|Protosynthesis|[silent]
|
|-weather|SunnyDay|[upkeep]
|upkeep
|
|t:|1757898212
|switch|p2a: Walking Wake|Walking Wake, tera:Water|100/100
|-activate|p2a: Walking Wake|ability: Protosynthesis
|-start|p2a: Walking Wake|protosynthesisspe
|turn|15
|
|t:|1757898225
|move|p1a: Big Z|Vacuum Wave|p2a: Walking Wake
|-damage|p2a: Walking Wake|75/100
|move|p2a: Walking Wake|Hydro Steam|p1a: Big Z
|-resisted|p1a: Big Z
|-damage|p1a: Big Z|0 fnt
|faint|p1a: Big Z
|
|-weather|SunnyDay|[upkeep]
|upkeep
|
|t:|1757898234
|switch|p1a: Slytherin|Serperior, M|100/100
|-activate|p1a: Slytherin|move: Sticky Web
|-boost|p1a: Slytherin|spe|1
|turn|16
|
|t:|1757898239
|move|p1a: Slytherin|Leaf Storm|p2a: Walking Wake
|-supereffective|p2a: Walking Wake
|-damage|p2a: Walking Wake|0 fnt
|-boost|p1a: Slytherin|spa|2
|faint|p2a: Walking Wake
|-end|p2a: Walking Wake|Protosynthesis|[silent]
|
|win|jarrodbennett
|raw|jarrodbennett's rating: 1454 &rarr; <strong>1480</strong><br />(+26 for winning)
|raw|Pig Perfect's rating: 1558 &rarr; <strong>1532</strong><br />(-26 for losing)
|l|☆Pig Perfect
|player|p2|
|c|☆jarrodbennett|Gg
|l|☆jarrodbennett
|player|p1|
