|j|☆1digo11
|j|☆enrique2503
|t:|1757857003
|gametype|singles
|player|p1|1digo11|bellelba|1172
|player|p2|enrique2503|ghetsis|1249
|gen|9
|tier|[Gen 9] OU
|rated|
|rule|HP Percentage Mod: HP is shown in percentages
|rule|Endless Battle Clause: Forcing endless battles is banned
|rule|Species Clause: Limit one of each Pokémon
|rule|OHKO Clause: OHKO moves are banned
|rule|Evasion Items Clause: Evasion items are banned
|rule|Evasion Moves Clause: Evasion moves are banned
|rule|Evasion Abilities Clause: Evasion abilities are banned
|rule|Sleep Moves Clause: Sleep-inducing moves are banned
|clearpoke
|poke|p1|Landorus-Therian, M|
|poke|p1|Hatterene, F|
|poke|p1|Dragapult, M|
|poke|p1|Ogerpon-Wellspring, F|
|poke|p1|Heatran, M|
|poke|p1|Gholdengo|
|poke|p2|Araquanid, M|
|poke|p2|Serperior, M|
|poke|p2|Zamazenta-*|
|poke|p2|Gholdengo|
|poke|p2|Garchomp, M|
|poke|p2|Kingambit, M|
|teampreview
|
|t:|1757857016
|teamsize|p1|6
|teamsize|p2|6
|start
|switch|p1a: Landorus|Landorus-Therian, M|100/100
|switch|p2a: Araquanid|Araquanid, M|100/100
|-ability|p1a: Landorus|Intimidate|boost
|-unboost|p2a: Araquanid|atk|1
|turn|1
|
|t:|1757857023
|move|p1a: Landorus|U-turn|p2a: Araquanid
|-damage|p2a: Araquanid|74/100
|
|t:|1757857025
|switch|p1a: Hatterene|Hatterene, F|100/100|[from] U-turn
|move|p2a: Araquanid|Sticky Web|p1a: Hatterene
|move|p1a: Hatterene|Sticky Web|p2a: Araquanid|[from] ability: Magic Bounce
|-sidestart|p2: enrique2503|move: Sticky Web
|
|upkeep
|turn|2
|
|t:|1757857034
|switch|p1a: Ogerpon|Ogerpon-Wellspring, F|100/100
|move|p2a: Araquanid|Endure||[still]
|-fail|p2a: Araquanid
|
|upkeep
|turn|3
|
|t:|1757857039
|move|p2a: Araquanid|Endure|p2a: Araquanid
|-singleturn|p2a: Araquanid|move: Endure
|move|p1a: Ogerpon|Encore|p2a: Araquanid
|-start|p2a: Araquanid|Encore
|
|upkeep
|turn|4
|
|t:|1757857045
|move|p2a: Araquanid|Endure|p2a: Araquanid
|-singleturn|p2a: Araquanid|move: Endure
|move|p1a: Ogerpon|Swords Dance|p1a: Ogerpon
|-boost|p1a: Ogerpon|atk|2
|
|upkeep
|turn|5
|
|t:|1757857053
|move|p2a: Araquanid|Endure||[still]
|-fail|p2a: Araquanid
|move|p1a: Ogerpon|Swords Dance|p1a: Ogerpon
|-boost|p1a: Ogerpon|atk|2
|
|upkeep
|turn|6
|
|t:|1757857059
|move|p2a: Araquanid|Endure|p2a: Araquanid
|-singleturn|p2a: Araquanid|move: Endure
|move|p1a: Ogerpon|Horn Leech|p2a: Araquanid
|-activate|p2a: Araquanid|move: Endure
|-damage|p2a: Araquanid|1/100
|
|-end|p2a: Araquanid|Encore
|upkeep
|turn|7
|-enditem|p2a: Araquanid|Custap Berry|[eat]
|-activate|p2a: Araquanid|item: Custap Berry|[consumed]
|
|t:|1757857066
|switch|p1a: Hatterene|Hatterene, F|100/100
|move|p2a: Araquanid|Sticky Web|p1a: Hatterene
|move|p1a: Hatterene|Sticky Web||[from] ability: Magic Bounce|[still]
|-fail|p1a: Hatterene
|
|upkeep
|turn|8
|
|t:|1757857074
|move|p2a: Araquanid|Surf|p1a: Hatterene
|-damage|p1a: Hatterene|39/100
|move|p1a: Hatterene|Draining Kiss|p2a: Araquanid
|-damage|p2a: Araquanid|0 fnt
|-heal|p1a: Hatterene|39/100|[from] drain|[of] p2a: Araquanid
|faint|p2a: Araquanid
|
|-heal|p1a: Hatterene|45/100|[from] item: Leftovers
|upkeep
|
|t:|1757857083
|switch|p2a: Serperior|Serperior, M|100/100
|-activate|p2a: Serperior|move: Sticky Web
|-boost|p2a: Serperior|spe|1
|turn|9
|c|☆enrique2503|ggs
|
|t:|1757857092
|-terastallize|p2a: Serperior|Stellar
|move|p2a: Serperior|Leaf Storm|p1a: Hatterene
|-damage|p1a: Hatterene|0 fnt
|-boost|p2a: Serperior|spa|2
|faint|p1a: Hatterene
|
|upkeep
|
|t:|1757857097
|switch|p1a: Heatran|Heatran, M|100/100
|turn|10
|
|t:|1757857102
|move|p2a: Serperior|Tera Blast|p1a: Heatran|[anim] Tera Blast Stellar
|-damage|p1a: Heatran|61/100
|-boost|p2a: Serperior|atk|1
|-boost|p2a: Serperior|spa|1
|move|p1a: Heatran|Magma Storm|p2a: Serperior
|-supereffective|p2a: Serperior
|-damage|p2a: Serperior|0 fnt
|faint|p2a: Serperior
|
|-heal|p1a: Heatran|68/100|[from] item: Leftovers
|upkeep
|c|☆1digo11|are you sure?
|c|☆1digo11|lmao
|
|t:|1757857117
|switch|p2a: temu koraidon|Garchomp, M|100/100
|-activate|p2a: temu koraidon|move: Sticky Web
|-unboost|p2a: temu koraidon|spe|1
|turn|11
|
|t:|1757857123
|switch|p1a: Landorus|Landorus-Therian, M|100/100
|-ability|p1a: Landorus|Intimidate|boost
|-unboost|p2a: temu koraidon|atk|1
|move|p2a: temu koraidon|Scale Shot|p1a: Landorus
|-damage|p1a: Landorus|89/100
|-damage|p1a: Landorus|79/100
|-damage|p1a: Landorus|69/100
|-damage|p1a: Landorus|59/100
|-damage|p1a: Landorus|49/100
|-hitcount|p1a: Landorus|5
|-unboost|p2a: temu koraidon|def|1
|-boost|p2a: temu koraidon|spe|1
|
|upkeep
|turn|12
|c|☆enrique2503|ik i said for u
|
|t:|1757857141
|move|p1a: Landorus|Earthquake|p2a: temu koraidon
|-crit|p2a: temu koraidon
|-damage|p2a: temu koraidon|0 fnt
|faint|p2a: temu koraidon
|
|upkeep
|
|t:|1757857149
|switch|p2a: Zamazenta|Zamazenta|100/100
|-activate|p2a: Zamazenta|move: Sticky Web
|-unboost|p2a: Zamazenta|spe|1
|-ability|p2a: Zamazenta|Dauntless Shield|boost
|-boost|p2a: Zamazenta|def|1
|turn|13
|
|t:|1757857156
|switch|p1a: Heatran|Heatran, M|68/100
|move|p2a: Zamazenta|Iron Defense|p2a: Zamazenta
|-boost|p2a: Zamazenta|def|2
|
|-heal|p1a: Heatran|74/100|[from] item: Leftovers
|upkeep
|turn|14
|
|t:|1757857163
|move|p2a: Zamazenta|Body Press|p1a: Heatran
|-supereffective|p1a: Heatran
|-damage|p1a: Heatran|0 fnt
|faint|p1a: Heatran
|
|upkeep
|
|t:|1757857168
|switch|p1a: Gholdengo|Gholdengo|100/100
|turn|15
|c|☆enrique2503|ok,ok
|
|t:|1757857174
|move|p1a: Gholdengo|Make It Rain|p2a: Zamazenta
|-damage|p2a: Zamazenta|53/100
|-unboost|p1a: Gholdengo|spa|1
|move|p2a: Zamazenta|Crunch|p1a: Gholdengo
|-supereffective|p1a: Gholdengo
|-damage|p1a: Gholdengo|47/100
|
|-heal|p2a: Zamazenta|59/100|[from] item: Leftovers
|upkeep
|turn|16
|
|t:|1757857183
|switch|p1a: Landorus|Landorus-Therian, M|49/100
|-ability|p1a: Landorus|Intimidate|boost
|-unboost|p2a: Zamazenta|atk|1
|move|p2a: Zamazenta|Crunch|p1a: Landorus
|-damage|p1a: Landorus|34/100
|-unboost|p1a: Landorus|def|1
|
|-heal|p2a: Zamazenta|65/100|[from] item: Leftovers
|upkeep
|turn|17
|
|t:|1757857193
|move|p1a: Landorus|U-turn|p2a: Zamazenta
|-resisted|p2a: Zamazenta
|-damage|p2a: Zamazenta|61/100
|
|t:|1757857196
|switch|p1a: Gholdengo|Gholdengo|47/100|[from] U-turn
|move|p2a: Zamazenta|Iron Defense|p2a: Zamazenta
|-boost|p2a: Zamazenta|def|2
|
|-heal|p2a: Zamazenta|67/100|[from] item: Leftovers
|upkeep
|turn|18
|
|t:|1757857204
|move|p1a: Gholdengo|Make It Rain|p2a: Zamazenta
|-damage|p2a: Zamazenta|17/100
|-unboost|p1a: Gholdengo|spa|1
|move|p2a: Zamazenta|Crunch|p1a: Gholdengo
|-supereffective|p1a: Gholdengo
|-damage|p1a: Gholdengo|17/100
|
|-heal|p2a: Zamazenta|23/100|[from] item: Leftovers
|upkeep
|turn|19
|
|t:|1757857215
|move|p1a: Gholdengo|Make It Rain|p2a: Zamazenta
|-damage|p2a: Zamazenta|0 fnt
|-unboost|p1a: Gholdengo|spa|1
|faint|p2a: Zamazenta
|
|upkeep
|
|t:|1757857221
|switch|p2a: Gholdengo|Gholdengo|100/100
|-item|p2a: Gholdengo|Air Balloon
|turn|20
|
|t:|1757857235
|switch|p1a: Landorus|Landorus-Therian, M|34/100
|-ability|p1a: Landorus|Intimidate|boost
|-unboost|p2a: Gholdengo|atk|1
|move|p2a: Gholdengo|Nasty Plot|p2a: Gholdengo
|-boost|p2a: Gholdengo|spa|2
|
|upkeep
|turn|21
|
|t:|1757857250
|move|p1a: Landorus|U-turn|p2a: Gholdengo
|-resisted|p2a: Gholdengo
|-damage|p2a: Gholdengo|94/100
|-enditem|p2a: Gholdengo|Air Balloon
|
|t:|1757857254
|switch|p1a: Dragapult|Dragapult, M|100/100|[from] U-turn
|move|p2a: Gholdengo|Make It Rain|p1a: Dragapult
|-damage|p1a: Dragapult|0 fnt
|-unboost|p2a: Gholdengo|spa|1
|faint|p1a: Dragapult
|
|upkeep
|
|t:|1757857257
|switch|p1a: Landorus|Landorus-Therian, M|34/100
|-ability|p1a: Landorus|Intimidate|boost
|-unboost|p2a: Gholdengo|atk|1
|turn|22
|
|t:|1757857267
|-terastallize|p1a: Landorus|Ground
|move|p1a: Landorus|Earthquake|p2a: Gholdengo
|-supereffective|p2a: Gholdengo
|-damage|p2a: Gholdengo|0 fnt
|faint|p2a: Gholdengo
|
|upkeep
|
|t:|1757857273
|switch|p2a: Kingambit|Kingambit, M|100/100
|-activate|p2a: Kingambit|move: Sticky Web
|-unboost|p2a: Kingambit|spe|1
|-activate|p2a: Kingambit|ability: Supreme Overlord
|-start|p2a: Kingambit|fallen5|[silent]
|turn|23
|
|t:|1757857279
|switch|p1a: Ogerpon|Ogerpon-Wellspring, F|100/100
|move|p2a: Kingambit|Sucker Punch||[still]
|-fail|p2a: Kingambit
|
|upkeep
|turn|24
|
|t:|1757857287
|move|p2a: Kingambit|Sucker Punch||[still]
|-fail|p2a: Kingambit
|move|p1a: Ogerpon|Encore|p2a: Kingambit
|-start|p2a: Kingambit|Encore
|
|upkeep
|turn|25
|
|t:|1757857292
|move|p2a: Kingambit|Sucker Punch|p1a: Ogerpon
|-damage|p1a: Ogerpon|13/100
|move|p1a: Ogerpon|Ivy Cudgel|p2a: Kingambit|[anim] Ivy Cudgel Water
|-crit|p2a: Kingambit
|-damage|p2a: Kingambit|27/100
|
|-heal|p2a: Kingambit|34/100|[from] item: Leftovers
|upkeep
|turn|26
|
|t:|1757857299
|move|p2a: Kingambit|Sucker Punch||[still]
|-fail|p2a: Kingambit
|move|p1a: Ogerpon|Swords Dance|p1a: Ogerpon
|-boost|p1a: Ogerpon|atk|2
|
|-heal|p2a: Kingambit|40/100|[from] item: Leftovers
|upkeep
|turn|27
|
|t:|1757857305
|move|p2a: Kingambit|Sucker Punch||[still]
|-fail|p2a: Kingambit
|move|p1a: Ogerpon|Swords Dance|p1a: Ogerpon
|-boost|p1a: Ogerpon|atk|2
|
|-heal|p2a: Kingambit|46/100|[from] item: Leftovers
|-end|p2a: Kingambit|Encore
|upkeep
|turn|28
|
|t:|1757857312
|move|p2a: Kingambit|Sucker Punch||[still]
|-fail|p2a: Kingambit
|move|p1a: Ogerpon|Encore|p2a: Kingambit
|-start|p2a: Kingambit|Encore
|
|-heal|p2a: Kingambit|52/100|[from] item: Leftovers
|upkeep
|turn|29
|
|t:|1757857319
|move|p2a: Kingambit|Sucker Punch||[still]
|-fail|p2a: Kingambit
|move|p1a: Ogerpon|Swords Dance|p1a: Ogerpon
|-boost|p1a: Ogerpon|atk|2
|
|-heal|p2a: Kingambit|58/100|[from] item: Leftovers
|upkeep
|turn|30
|
|t:|1757857325
|move|p2a: Kingambit|Sucker Punch||[still]
|-fail|p2a: Kingambit
|move|p1a: Ogerpon|Swords Dance|p1a: Ogerpon
|-boost|p1a: Ogerpon|atk|0
|
|-heal|p2a: Kingambit|64/100|[from] item: Leftovers
|-end|p2a: Kingambit|Encore
|upkeep
|turn|31
|
|t:|1757857334
|move|p1a: Ogerpon|Ivy Cudgel|p2a: Kingambit|[anim] Ivy Cudgel Water
|-damage|p2a: Kingambit|0 fnt
|faint|p2a: Kingambit
|-end|p2a: Kingambit|fallen5|[silent]
|
|win|1digo11
|raw|1digo11's rating: 1172 &rarr; <strong>1202</strong><br />(+30 for winning)
|raw|enrique2503's rating: 1249 &rarr; <strong>1219</strong><br />(-30 for losing)
|c|☆1digo11|gg wp
|c|☆enrique2503|gg wp
