|j|☆fregene97
|j|☆twister xx-pro
|t:|1757940187
|gametype|singles
|player|p1|fregene97|benga|1319
|player|p2|twister xx-pro|cynthia|1353
|gen|9
|tier|[Gen 9] OU
|rated|
|rule|HP Percentage Mod: HP is shown in percentages
|rule|Endless Battle Clause: Forcing endless battles is banned
|rule|Species Clause: Limit one of each Pokémon
|rule|OHKO Clause: OHKO moves are banned
|rule|Evasion Items Clause: Evasion items are banned
|rule|Evasion Moves Clause: Evasion moves are banned
|rule|Evasion Abilities Clause: Evasion abilities are banned
|rule|Sleep Moves Clause: Sleep-inducing moves are banned
|clearpoke
|poke|p1|Feraligatr, F|
|poke|p1|Raging Bolt|
|poke|p1|Iron Valiant|
|poke|p1|Torterra, F|
|poke|p1|Ceruledge, F|
|poke|p1|Iron Boulder|
|poke|p2|Azelf|
|poke|p2|Weezing-Galar, F|
|poke|p2|Rillaboom, F|
|poke|p2|Iron Moth|
|poke|p2|Darkrai|
|poke|p2|Cloyster, F|
|teampreview
|inactive|Battle timer is ON: inactive players will automatically lose when time's up. (requested by twister xx-pro)
|
|t:|1757940193
|teamsize|p1|6
|teamsize|p2|6
|start
|switch|p1a: Raging Bolt|Raging Bolt|100/100
|switch|p2a: Weezing|Weezing-Galar, F|100/100
|-ability|p2a: Weezing|Neutralizing Gas
|turn|1
|
|t:|1757940202
|move|p1a: Raging Bolt|Thunderbolt|p2a: Weezing
|-damage|p2a: Weezing|27/100
|move|p2a: Weezing|Strange Steam|p1a: Raging Bolt
|-supereffective|p1a: Raging Bolt
|-damage|p1a: Raging Bolt|49/100
|-start|p1a: Raging Bolt|confusion
|
|-heal|p2a: Weezing|33/100|[from] item: Black Sludge
|upkeep
|turn|2
|
|t:|1757940213
|-activate|p1a: Raging Bolt|confusion
|move|p1a: Raging Bolt|Thunderbolt|p2a: Weezing
|-damage|p2a: Weezing|0 fnt
|faint|p2a: Weezing
|-end|p2a: Weezing|ability: Neutralizing Gas
|
|upkeep
|
|t:|1757940223
|switch|p2a: Azelf|Azelf|100/100
|turn|3
|
|t:|1757940230
|move|p2a: Azelf|Dazzling Gleam|p1a: Raging Bolt
|-supereffective|p1a: Raging Bolt
|-damage|p1a: Raging Bolt|0 fnt
|faint|p1a: Raging Bolt
|-end|p1a: Raging Bolt|Protosynthesis|[silent]
|
|upkeep
|
|t:|1757940233
|switch|p1a: Ceruledge|Ceruledge, F|100/100
|turn|4
|
|t:|1757940241
|switch|p2a: Darkrai|Darkrai|100/100
|move|p1a: Ceruledge|Swords Dance|p1a: Ceruledge
|-boost|p1a: Ceruledge|atk|2
|
|upkeep
|turn|5
|
|t:|1757940248
|move|p2a: Darkrai|Dark Pulse|p1a: Ceruledge
|-supereffective|p1a: Ceruledge
|-enditem|p1a: Ceruledge|Focus Sash
|-damage|p1a: Ceruledge|1/100
|move|p1a: Ceruledge|Bitter Blade|p2a: Darkrai
|-damage|p2a: Darkrai|0 fnt
|-heal|p1a: Ceruledge|49/100|[from] drain|[of] p2a: Darkrai
|faint|p2a: Darkrai
|
|upkeep
|
|t:|1757940257
|switch|p2a: Cloyster|Cloyster, F|100/100
|turn|6
|
|t:|1757940268
|move|p1a: Ceruledge|Poltergeist|p2a: Cloyster
|-activate|p2a: Cloyster|move: Poltergeist|Focus Sash
|-damage|p2a: Cloyster|6/100
|move|p2a: Cloyster|Liquidation|p1a: Ceruledge
|-supereffective|p1a: Ceruledge
|-damage|p1a: Ceruledge|0 fnt
|faint|p1a: Ceruledge
|
|upkeep
|
|t:|1757940274
|switch|p1a: Iron Valiant|Iron Valiant|100/100
|-enditem|p1a: Iron Valiant|Booster Energy
|-activate|p1a: Iron Valiant|ability: Quark Drive|[fromitem]
|-start|p1a: Iron Valiant|quarkdrivespe
|turn|7
|
|t:|1757940281
|move|p1a: Iron Valiant|Moonblast|p2a: Cloyster
|-damage|p2a: Cloyster|0 fnt
|faint|p2a: Cloyster
|
|upkeep
|
|t:|1757940287
|switch|p2a: Rillaboom|Rillaboom, F|100/100
|-fieldstart|move: Grassy Terrain|[from] ability: Grassy Surge|[of] p2a: Rillaboom
|turn|8
|
|t:|1757940294
|move|p1a: Iron Valiant|Moonblast|p2a: Rillaboom
|-damage|p2a: Rillaboom|67/100
|move|p2a: Rillaboom|Drum Beating|p1a: Iron Valiant
|-damage|p1a: Iron Valiant|29/100
|-unboost|p1a: Iron Valiant|spe|1
|
|-heal|p1a: Iron Valiant|35/100|[from] Grassy Terrain
|-heal|p2a: Rillaboom|73/100|[from] Grassy Terrain
|upkeep
|turn|9
|
|t:|1757940302
|move|p1a: Iron Valiant|Moonblast|p2a: Rillaboom
|-damage|p2a: Rillaboom|34/100
|-unboost|p2a: Rillaboom|spa|1
|move|p2a: Rillaboom|Drum Beating|p1a: Iron Valiant
|-damage|p1a: Iron Valiant|0 fnt
|faint|p1a: Iron Valiant
|-end|p1a: Iron Valiant|Quark Drive|[silent]
|
|-heal|p2a: Rillaboom|41/100|[from] Grassy Terrain
|upkeep
|
|t:|1757940319
|switch|p1a: Torterra|Torterra, F|100/100
|turn|10
|
|t:|1757940323
|move|p1a: Torterra|Rock Blast|p2a: Rillaboom
|-damage|p2a: Rillaboom|33/100
|-damage|p2a: Rillaboom|25/100
|-damage|p2a: Rillaboom|18/100
|-crit|p2a: Rillaboom
|-damage|p2a: Rillaboom|7/100
|-damage|p2a: Rillaboom|0 fnt
|faint|p2a: Rillaboom
|-hitcount|p2: Rillaboom|5
|
|upkeep
|
|t:|1757940332
|switch|p2a: Iron Moth|Iron Moth|100/100
|-enditem|p2a: Iron Moth|Booster Energy
|-activate|p2a: Iron Moth|ability: Quark Drive|[fromitem]
|-start|p2a: Iron Moth|quarkdrivespa
|turn|11
|
|t:|1757940341
|-terastallize|p2a: Iron Moth|Grass
|-terastallize|p1a: Torterra|Rock
|move|p2a: Iron Moth|Fiery Dance|p1a: Torterra
|-resisted|p1a: Torterra
|-damage|p1a: Torterra|67/100
|-boost|p2a: Iron Moth|spa|1
|move|p1a: Torterra|Rock Blast|p2a: Iron Moth
|-damage|p2a: Iron Moth|77/100
|-damage|p2a: Iron Moth|54/100
|-damage|p2a: Iron Moth|32/100
|-damage|p2a: Iron Moth|9/100
|-damage|p2a: Iron Moth|0 fnt
|faint|p2a: Iron Moth
|-end|p2a: Iron Moth|Quark Drive|[silent]
|-hitcount|p2: Iron Moth|5
|
|-heal|p1a: Torterra|73/100|[from] Grassy Terrain
|upkeep
|
|t:|1757940356
|switch|p2a: Azelf|Azelf|100/100
|turn|12
|
|t:|1757940366
|move|p2a: Azelf|Mystical Power|p1a: Torterra
|-damage|p1a: Torterra|28/100
|-boost|p2a: Azelf|spa|1
|move|p1a: Torterra|Rock Blast|p2a: Azelf
|-damage|p2a: Azelf|80/100
|-damage|p2a: Azelf|59/100
|-damage|p2a: Azelf|39/100
|-damage|p2a: Azelf|19/100
|-hitcount|p2a: Azelf|4
|
|-heal|p1a: Torterra|34/100|[from] Grassy Terrain
|-fieldend|move: Grassy Terrain
|upkeep
|turn|13
|
|t:|1757940377
|move|p2a: Azelf|Mystical Power|p1a: Torterra
|-damage|p1a: Torterra|0 fnt
|-boost|p2a: Azelf|spa|1
|faint|p1a: Torterra
|
|upkeep
|
|t:|1757940392
|switch|p1a: Iron Boulder|Iron Boulder|100/100
|-enditem|p1a: Iron Boulder|Booster Energy
|-activate|p1a: Iron Boulder|ability: Quark Drive|[fromitem]
|-start|p1a: Iron Boulder|quarkdrivespe
|turn|14
|
|t:|1757940400
|move|p1a: Iron Boulder|Mighty Cleave|p2a: Azelf
|-damage|p2a: Azelf|0 fnt
|faint|p2a: Azelf
|
|win|fregene97
|raw|fregene97's rating: 1319 &rarr; <strong>1341</strong><br />(+22 for winning)
|raw|twister xx-pro's rating: 1353 &rarr; <strong>1331</strong><br />(-22 for losing)
|l|☆twister xx-pro
|player|p2|
|l|☆fregene97
|player|p1|
