|j|☆lazorcat
|j|☆hotsauce2910
|t:|1757828861
|gametype|singles
|player|p1|lazorcat|iris-gen5bw2|
|player|p2|hotsauce2910|170|
|gen|9
|tier|[Gen 9] OU
|rule|HP Percentage Mod: HP is shown in percentages
|rule|Endless Battle Clause: Forcing endless battles is banned
|rule|Species Clause: Limit one of each Pokémon
|rule|OHKO Clause: OHKO moves are banned
|rule|Evasion Items Clause: Evasion items are banned
|rule|Evasion Moves Clause: Evasion moves are banned
|rule|Evasion Abilities Clause: Evasion abilities are banned
|rule|Sleep Moves Clause: Sleep-inducing moves are banned
|clearpoke
|poke|p1|Carbink|
|poke|p1|Gliscor, F|
|poke|p1|Talonflame, M|
|poke|p1|Ogerpon, F|
|poke|p1|Toxtricity-Low-Key, F|
|poke|p1|Typhlosion-Hisui, M|
|poke|p2|Rotom-Heat|
|poke|p2|Toxapex, F|
|poke|p2|Landorus-Therian, M|
|poke|p2|Mamoswine, M|
|poke|p2|Corviknight, M|
|poke|p2|Garganacl, F|
|teampreview
|
|t:|1757828883
|teamsize|p1|6
|teamsize|p2|6
|start
|switch|p1a: Gliscor|Gliscor, F, shiny|100/100
|switch|p2a: Salty Man|Garganacl, F|100/100
|turn|1
|
|t:|1757828902
|move|p1a: Gliscor|Stealth Rock|p2a: Salty Man
|-sidestart|p2: hotsauce2910|move: Stealth Rock
|move|p2a: Salty Man|Salt Cure|p1a: Gliscor
|-damage|p1a: Gliscor|91/100
|-start|p1a: Gliscor|Salt Cure
|
|-damage|p1a: Gliscor|78/100|[from] Salt Cure
|-status|p1a: Gliscor|tox|[from] item: Toxic Orb
|upkeep
|turn|2
|
|t:|1757828916
|switch|p1a: Ogerpon|Ogerpon, F|100/100
|move|p2a: Salty Man|Salt Cure|p1a: Ogerpon
|-damage|p1a: Ogerpon|80/100
|-start|p1a: Ogerpon|Salt Cure
|
|-heal|p1a: Ogerpon|86/100|[from] item: Leftovers
|-damage|p1a: Ogerpon|74/100|[from] Salt Cure
|upkeep
|turn|3
|
|t:|1757828923
|move|p2a: Salty Man|Protect|p2a: Salty Man
|-singleturn|p2a: Salty Man|Protect
|move|p1a: Ogerpon|Knock Off|p2a: Salty Man
|-activate|p2a: Salty Man|move: Protect
|
|-heal|p1a: Ogerpon|80/100|[from] item: Leftovers
|-damage|p1a: Ogerpon|68/100|[from] Salt Cure
|upkeep
|turn|4
|
|t:|1757828936
|switch|p2a: Bird|Corviknight, M, shiny|100/100
|-damage|p2a: Bird|88/100|[from] Stealth Rock
|move|p1a: Ogerpon|Horn Leech|p2a: Bird
|-resisted|p2a: Bird
|-damage|p2a: Bird|81/100
|-heal|p1a: Ogerpon|72/100|[from] drain|[of] p2a: Bird
|-damage|p1a: Ogerpon|56/100|[from] item: Rocky Helmet|[of] p2a: Bird
|
|-heal|p1a: Ogerpon|62/100|[from] item: Leftovers
|-damage|p1a: Ogerpon|49/100|[from] Salt Cure
|upkeep
|turn|5
|
|t:|1757828950
|switch|p1a: Toxtricity|Toxtricity-Low-Key, F|100/100
|move|p2a: Bird|Iron Defense|p2a: Bird
|-boost|p2a: Bird|def|2
|
|upkeep
|turn|6
|
|t:|1757828957
|switch|p2a: Baihu|Landorus-Therian, M|100/100
|-damage|p2a: Baihu|88/100|[from] Stealth Rock
|-ability|p2a: Baihu|Intimidate|boost
|-unboost|p1a: Toxtricity|atk|1
|move|p1a: Toxtricity|Overdrive|p2a: Baihu
|-immune|p2a: Baihu
|
|upkeep
|turn|7
|
|t:|1757828967
|switch|p1a: Gliscor|Gliscor, F, shiny|78/100 tox
|move|p2a: Baihu|Stone Edge|p1a: Gliscor
|-damage|p1a: Gliscor|53/100 tox
|
|-heal|p1a: Gliscor|66/100 tox|[from] ability: Poison Heal
|upkeep
|turn|8
|
|t:|1757828984
|switch|p2a: Salty Man|Garganacl, F|100/100
|-damage|p2a: Salty Man|88/100|[from] Stealth Rock
|move|p1a: Gliscor|Toxic|p2a: Salty Man
|-immune|p2a: Salty Man|[from] ability: Purifying Salt
|
|-heal|p2a: Salty Man|94/100|[from] item: Leftovers
|-heal|p1a: Gliscor|78/100 tox|[from] ability: Poison Heal
|upkeep
|turn|9
|
|t:|1757828991
|switch|p2a: Fred Upton|Rotom-Heat, shiny|100/100
|move|p1a: Gliscor|Earthquake|p2a: Fred Upton
|-immune|p2a: Fred Upton|[from] ability: Levitate
|
|-heal|p1a: Gliscor|91/100 tox|[from] ability: Poison Heal
|upkeep
|turn|10
|
|t:|1757828999
|switch|p2a: Bird|Corviknight, M, shiny|81/100
|-damage|p2a: Bird|69/100|[from] Stealth Rock
|move|p1a: Gliscor|Toxic|p2a: Bird
|-immune|p2a: Bird
|
|-heal|p1a: Gliscor|100/100 tox|[from] ability: Poison Heal
|upkeep
|turn|11
|
|t:|1757829006
|switch|p1a: Toxtricity|Toxtricity-Low-Key, F|100/100
|move|p2a: Bird|Roost|p2a: Bird
|-heal|p2a: Bird|100/100
|-singleturn|p2a: Bird|move: Roost
|
|upkeep
|turn|12
|
|t:|1757829021
|switch|p2a: Fred Upton|Rotom-Heat, shiny|100/100
|move|p1a: Toxtricity|Boomburst|p2a: Fred Upton
|-damage|p2a: Fred Upton|36/100
|
|upkeep
|turn|13
|
|t:|1757829025
|move|p1a: Toxtricity|Boomburst|p2a: Fred Upton
|-damage|p2a: Fred Upton|0 fnt
|faint|p2a: Fred Upton
|
|upkeep
|
|t:|1757829033
|switch|p2a: Manny|Mamoswine, M|100/100
|-damage|p2a: Manny|88/100|[from] Stealth Rock
|turn|14
|
|t:|1757829037
|switch|p1a: Gliscor|Gliscor, F, shiny|100/100 tox
|move|p2a: Manny|Earthquake|p1a: Gliscor
|-immune|p1a: Gliscor
|
|upkeep
|turn|15
|
|t:|1757829041
|move|p2a: Manny|Icicle Crash|p1a: Gliscor
|-supereffective|p1a: Gliscor
|-damage|p1a: Gliscor|0 fnt
|faint|p1a: Gliscor
|
|upkeep
|
|t:|1757829062
|switch|p1a: Typhlosion|Typhlosion-Hisui, M, shiny|100/100
|turn|16
|
|t:|1757829066
|switch|p2a: Evil|Toxapex, F|100/100
|-damage|p2a: Evil|88/100|[from] Stealth Rock
|move|p1a: Typhlosion|Eruption|p2a: Evil
|-resisted|p2a: Evil
|-damage|p2a: Evil|61/100
|
|-heal|p2a: Evil|68/100|[from] item: Black Sludge
|upkeep
|turn|17
|
|t:|1757829074
|switch|p1a: Talonflame|Talonflame, M|100/100
|move|p2a: Evil|Toxic|p1a: Talonflame
|-status|p1a: Talonflame|tox
|
|-heal|p2a: Evil|74/100|[from] item: Black Sludge
|-damage|p1a: Talonflame|94/100 tox|[from] psn
|upkeep
|turn|18
|
|t:|1757829081
|move|p1a: Talonflame|Will-O-Wisp|p2a: Evil
|-status|p2a: Evil|brn
|move|p2a: Evil|Toxic Spikes|p1a: Talonflame
|-sidestart|p1: lazorcat|move: Toxic Spikes
|
|-heal|p2a: Evil|80/100 brn|[from] item: Black Sludge
|-damage|p1a: Talonflame|82/100 tox|[from] psn
|-damage|p2a: Evil|74/100 brn|[from] brn
|upkeep
|turn|19
|
|t:|1757829091
|move|p1a: Talonflame|Brave Bird|p2a: Evil
|-damage|p2a: Evil|49/100 brn
|-damage|p1a: Talonflame|75/100 tox|[from] Recoil
|move|p2a: Evil|Toxic Spikes|p1a: Talonflame
|-sidestart|p1: lazorcat|move: Toxic Spikes
|
|-heal|p2a: Evil|55/100 brn|[from] item: Black Sludge
|-damage|p1a: Talonflame|57/100 tox|[from] psn
|-damage|p2a: Evil|49/100 brn|[from] brn
|upkeep
|turn|20
|
|t:|1757829100
|switch|p2a: Salty Man|Garganacl, F|94/100
|-damage|p2a: Salty Man|82/100|[from] Stealth Rock
|move|p1a: Talonflame|Defog|p2a: Salty Man
|-unboost|p2a: Salty Man|evasion|1
|-sideend|p2: hotsauce2910|Stealth Rock|[from] move: Defog|[of] p1a: Talonflame
|-sideend|p1: lazorcat|Toxic Spikes|[from] move: Defog|[of] p1a: Talonflame
|
|-heal|p2a: Salty Man|88/100|[from] item: Leftovers
|-damage|p1a: Talonflame|32/100 tox|[from] psn
|upkeep
|turn|21
|
|t:|1757829109
|switch|p1a: Carbink|Carbink|100/100
|move|p2a: Salty Man|Earthquake|p1a: Carbink
|-supereffective|p1a: Carbink
|-damage|p1a: Carbink|64/100
|
|-heal|p2a: Salty Man|94/100|[from] item: Leftovers
|upkeep
|turn|22
|
|t:|1757829116
|move|p1a: Carbink|Reflect|p1a: Carbink
|-sidestart|p1: lazorcat|Reflect
|move|p2a: Salty Man|Salt Cure|p1a: Carbink
|-damage|p1a: Carbink|58/100
|-start|p1a: Carbink|Salt Cure
|
|-heal|p2a: Salty Man|100/100|[from] item: Leftovers
|-damage|p1a: Carbink|46/100|[from] Salt Cure
|upkeep
|turn|23
|
|t:|1757829123
|switch|p1a: Ogerpon|Ogerpon, F|49/100
|move|p2a: Salty Man|Earthquake|p1a: Ogerpon
|-resisted|p1a: Ogerpon
|-damage|p1a: Ogerpon|42/100
|
|-heal|p1a: Ogerpon|48/100|[from] item: Leftovers
|upkeep
|turn|24
|
|t:|1757829125
|move|p1a: Ogerpon|Swords Dance|p1a: Ogerpon
|-boost|p1a: Ogerpon|atk|2
|move|p2a: Salty Man|Salt Cure|p1a: Ogerpon
|-crit|p1a: Ogerpon
|-damage|p1a: Ogerpon|18/100
|-start|p1a: Ogerpon|Salt Cure
|
|-heal|p1a: Ogerpon|24/100|[from] item: Leftovers
|-damage|p1a: Ogerpon|12/100|[from] Salt Cure
|upkeep
|turn|25
|
|t:|1757829142
|switch|p1a: Carbink|Carbink|46/100
|move|p2a: Salty Man|Protect||[still]
|-fail|p2a: Salty Man
|
|upkeep
|turn|26
|
|t:|1757829146
|move|p1a: Carbink|Iron Defense|p1a: Carbink
|-boost|p1a: Carbink|def|2
|move|p2a: Salty Man|Salt Cure|p1a: Carbink
|-damage|p1a: Carbink|43/100
|-start|p1a: Carbink|Salt Cure
|
|-damage|p1a: Carbink|31/100|[from] Salt Cure
|upkeep
|turn|27
|
|t:|1757829150
|move|p1a: Carbink|Light Screen|p1a: Carbink
|-sidestart|p1: lazorcat|move: Light Screen
|move|p2a: Salty Man|Salt Cure|p1a: Carbink
|-damage|p1a: Carbink|28/100
|
|-damage|p1a: Carbink|16/100|[from] Salt Cure
|upkeep
|turn|28
|
|t:|1757829153
|move|p1a: Carbink|Body Press|p2a: Salty Man
|-supereffective|p2a: Salty Man
|-damage|p2a: Salty Man|43/100
|move|p2a: Salty Man|Earthquake|p1a: Carbink
|-supereffective|p1a: Carbink
|-damage|p1a: Carbink|7/100
|
|-heal|p2a: Salty Man|49/100|[from] item: Leftovers
|-damage|p1a: Carbink|0 fnt|[from] Salt Cure
|faint|p1a: Carbink
|upkeep
|
|t:|1757829157
|switch|p1a: Ogerpon|Ogerpon, F|12/100
|turn|29
|
|t:|1757829163
|switch|p2a: Bird|Corviknight, M, shiny|100/100
|move|p1a: Ogerpon|Horn Leech|p2a: Bird
|-resisted|p2a: Bird
|-damage|p2a: Bird|93/100
|-heal|p1a: Ogerpon|17/100|[from] drain|[of] p2a: Bird
|-damage|p1a: Ogerpon|0 fnt|[from] item: Rocky Helmet|[of] p2a: Bird
|faint|p1a: Ogerpon
|
|-sideend|p1: lazorcat|Reflect
|upkeep
|
|t:|1757829171
|switch|p1a: Typhlosion|Typhlosion-Hisui, M, shiny|100/100
|turn|30
|
|t:|1757829180
|switch|p2a: Evil|Toxapex, F|82/100 brn
|-terastallize|p1a: Typhlosion|Fire
|move|p1a: Typhlosion|Eruption|p2a: Evil
|-resisted|p2a: Evil
|-damage|p2a: Evil|44/100 brn
|
|-heal|p2a: Evil|50/100 brn|[from] item: Black Sludge
|-damage|p2a: Evil|44/100 brn|[from] brn
|upkeep
|turn|31
|
|t:|1757829197
|switch|p1a: Toxtricity|Toxtricity-Low-Key, F|100/100
|move|p2a: Evil|Toxic|p1a: Toxtricity
|-immune|p1a: Toxtricity
|
|-heal|p2a: Evil|50/100 brn|[from] item: Black Sludge
|-damage|p2a: Evil|44/100 brn|[from] brn
|upkeep
|turn|32
|
|t:|1757829206
|switch|p2a: Manny|Mamoswine, M|88/100
|move|p1a: Toxtricity|Boomburst|p2a: Manny
|-damage|p2a: Manny|0 fnt
|faint|p2a: Manny
|
|upkeep
|
|t:|1757829218
|switch|p2a: Baihu|Landorus-Therian, M|88/100
|-ability|p2a: Baihu|Intimidate|boost
|-unboost|p1a: Toxtricity|atk|1
|turn|33
|
|t:|1757829235
|switch|p1a: Talonflame|Talonflame, M|32/100 tox
|move|p2a: Baihu|Earthquake|p1a: Talonflame
|-immune|p1a: Talonflame
|
|-damage|p1a: Talonflame|26/100 tox|[from] psn
|upkeep
|turn|34
|
|t:|1757829242
|switch|p2a: Salty Man|Garganacl, F|49/100
|move|p1a: Talonflame|Will-O-Wisp|p2a: Salty Man
|-immune|p2a: Salty Man|[from] ability: Purifying Salt
|
|-heal|p2a: Salty Man|55/100|[from] item: Leftovers
|-damage|p1a: Talonflame|14/100 tox|[from] psn
|-sideend|p1: lazorcat|move: Light Screen
|upkeep
|turn|35
|
|t:|1757829250
|move|p1a: Talonflame|Roost|p1a: Talonflame
|-heal|p1a: Talonflame|64/100 tox
|-singleturn|p1a: Talonflame|move: Roost
|move|p2a: Salty Man|Salt Cure|p1a: Talonflame
|-supereffective|p1a: Talonflame
|-damage|p1a: Talonflame|27/100 tox
|-start|p1a: Talonflame|Salt Cure
|
|-heal|p2a: Salty Man|61/100|[from] item: Leftovers
|-damage|p1a: Talonflame|8/100 tox|[from] psn
|-damage|p1a: Talonflame|0 fnt|[from] Salt Cure
|faint|p1a: Talonflame
|upkeep
|
|t:|1757829264
|switch|p1a: Typhlosion|Typhlosion-Hisui, M, shiny, tera:Fire|100/100
|turn|36
|
|t:|1757829267
|move|p1a: Typhlosion|Eruption|p2a: Salty Man
|-resisted|p2a: Salty Man
|-damage|p2a: Salty Man|14/100
|move|p2a: Salty Man|Salt Cure|p1a: Typhlosion
|-supereffective|p1a: Typhlosion
|-crit|p1a: Typhlosion
|-damage|p1a: Typhlosion|40/100
|-start|p1a: Typhlosion|Salt Cure
|
|-heal|p2a: Salty Man|20/100|[from] item: Leftovers
|-damage|p1a: Typhlosion|28/100|[from] Salt Cure
|upkeep
|turn|37
|
|t:|1757829278
|move|p2a: Salty Man|Protect|p2a: Salty Man
|-singleturn|p2a: Salty Man|Protect
|move|p1a: Typhlosion|Focus Blast|p2a: Salty Man
|-activate|p2a: Salty Man|move: Protect
|
|-heal|p2a: Salty Man|26/100|[from] item: Leftovers
|-damage|p1a: Typhlosion|15/100|[from] Salt Cure
|upkeep
|turn|38
|
|t:|1757829283
|move|p1a: Typhlosion|Focus Blast|p2a: Salty Man
|-supereffective|p2a: Salty Man
|-damage|p2a: Salty Man|0 fnt
|faint|p2a: Salty Man
|
|-damage|p1a: Typhlosion|3/100|[from] Salt Cure
|upkeep
|
|t:|1757829295
|switch|p2a: Baihu|Landorus-Therian, M|88/100
|-ability|p2a: Baihu|Intimidate|boost
|-unboost|p1a: Typhlosion|atk|1
|turn|39
|
|t:|1757829300
|move|p2a: Baihu|Earthquake|p1a: Typhlosion
|-supereffective|p1a: Typhlosion
|-damage|p1a: Typhlosion|0 fnt
|faint|p1a: Typhlosion
|
|upkeep
|
|t:|1757829302
|switch|p1a: Toxtricity|Toxtricity-Low-Key, F|100/100
|turn|40
|
|t:|1757829313
|move|p2a: Baihu|Earthquake|p1a: Toxtricity
|-supereffective|p1a: Toxtricity
|-damage|p1a: Toxtricity|0 fnt
|faint|p1a: Toxtricity
|
|win|hotsauce2910
