|j|☆Possibly Human
|j|☆eech1221
|t:|1757899810
|gametype|singles
|player|p1|Possibly Human|caitlin|1126
|player|p2|eech1221|265|1158
|gen|9
|tier|[Gen 9] OU
|rated|
|rule|HP Percentage Mod: HP is shown in percentages
|rule|Endless Battle Clause: Forcing endless battles is banned
|rule|Species Clause: Limit one of each Pokémon
|rule|OHKO Clause: OHKO moves are banned
|rule|Evasion Items Clause: Evasion items are banned
|rule|Evasion Moves Clause: Evasion moves are banned
|rule|Evasion Abilities Clause: Evasion abilities are banned
|rule|Sleep Moves Clause: Sleep-inducing moves are banned
|clearpoke
|poke|p1|Alomomola, M|
|poke|p1|Mabosstiff, M|
|poke|p1|Thundurus-Therian, M|
|poke|p1|Primarina, M|
|poke|p1|Maushold|
|poke|p1|Lokix, M|
|poke|p2|Malamar, M|
|poke|p2|Iron Crown|
|poke|p2|Slowbro, F|
|poke|p2|Braviary-Hisui, M|
|poke|p2|Indeedee, M|
|poke|p2|Armarouge, M|
|teampreview
|
|t:|1757899839
|teamsize|p1|6
|teamsize|p2|6
|start
|switch|p1a: Maushold|Maushold|100/100
|switch|p2a: Slowbro|Slowbro, F|100/100
|turn|1
|
|t:|1757899847
|move|p1a: Maushold|Thunder Wave|p2a: Slowbro
|-status|p2a: Slowbro|par
|cant|p2a: Slowbro|par
|
|upkeep
|turn|2
|
|t:|1757899857
|move|p1a: Maushold|Population Bomb|p2a: Slowbro
|-damage|p2a: Slowbro|91/100 par
|-damage|p2a: Slowbro|82/100 par
|-damage|p2a: Slowbro|73/100 par
|-damage|p2a: Slowbro|64/100 par
|-damage|p2a: Slowbro|54/100 par
|-damage|p2a: Slowbro|45/100 par
|-damage|p2a: Slowbro|36/100 par
|-damage|p2a: Slowbro|26/100 par
|-damage|p2a: Slowbro|17/100 par
|-damage|p2a: Slowbro|8/100 par
|-hitcount|p2a: Slowbro|10
|move|p2a: Slowbro|Muddy Water|p1a: Maushold
|-damage|p1a: Maushold|36/100
|
|-heal|p2a: Slowbro|14/100 par|[from] item: Leftovers
|upkeep
|turn|3
|
|t:|1757899876
|move|p1a: Maushold|U-turn|p2a: Slowbro
|-supereffective|p2a: Slowbro
|-damage|p2a: Slowbro|0 fnt
|faint|p2a: Slowbro
|
|t:|1757899886
|switch|p1a: Alomomola|Alomomola, M|100/100|[from] U-turn
|
|upkeep
|
|t:|1757899903
|switch|p2a: Indeedee|Indeedee, M|100/100
|-fieldstart|move: Psychic Terrain|[from] ability: Psychic Surge|[of] p2a: Indeedee
|turn|4
|
|t:|1757899909
|move|p2a: Indeedee|Calm Mind|p2a: Indeedee
|-boost|p2a: Indeedee|spa|1
|-boost|p2a: Indeedee|spd|1
|move|p1a: Alomomola|Mirror Coat||[still]
|-fail|p1a: Alomomola
|
|upkeep
|turn|5
|
|t:|1757899920
|move|p2a: Indeedee|Expanding Force|p1a: Alomomola
|-damage|p1a: Alomomola|0 fnt
|faint|p1a: Alomomola
|
|upkeep
|
|t:|1757899932
|switch|p1a: Maushold|Maushold|36/100
|turn|6
|
|t:|1757899959
|move|p1a: Maushold|Thunder Wave|p2a: Indeedee
|-status|p2a: Indeedee|par
|move|p2a: Indeedee|Hyper Voice|p1a: Maushold
|-damage|p1a: Maushold|0 fnt
|faint|p1a: Maushold
|
|upkeep
|
|t:|1757899967
|switch|p1a: Lokix|Lokix, M|100/100
|turn|7
|
|t:|1757899980
|move|p1a: Lokix|U-turn|p2a: Indeedee
|-supereffective|p2a: Indeedee
|-damage|p2a: Indeedee|0 fnt
|faint|p2a: Indeedee
|
|t:|1757899984
|switch|p1a: Thundurus|Thundurus-Therian, M|100/100|[from] U-turn
|
|upkeep
|
|t:|1757900002
|switch|p2a: Iron Crown|Iron Crown|100/100
|-enditem|p2a: Iron Crown|Booster Energy
|-activate|p2a: Iron Crown|ability: Quark Drive|[fromitem]
|-start|p2a: Iron Crown|quarkdrivespa
|turn|8
|
|t:|1757900019
|move|p1a: Thundurus|Volt Switch|p2a: Iron Crown
|-damage|p2a: Iron Crown|44/100
|
|t:|1757900027
|switch|p1a: Lokix|Lokix, M|100/100|[from] Volt Switch
|move|p2a: Iron Crown|Psychic Noise|p1a: Lokix
|-immune|p1a: Lokix
|
|-fieldend|move: Psychic Terrain
|upkeep
|turn|9
|
|t:|1757900034
|move|p1a: Lokix|First Impression|p2a: Iron Crown
|-damage|p2a: Iron Crown|7/100
|move|p2a: Iron Crown|Tachyon Cutter|p1a: Lokix
|-crit|p1a: Lokix
|-damage|p1a: Lokix|0 fnt
|faint|p1a: Lokix
|-hitcount|p1: Lokix|1
|
|upkeep
|
|t:|1757900042
|switch|p1a: Thundurus|Thundurus-Therian, M|100/100
|turn|10
|
|t:|1757900045
|move|p1a: Thundurus|Volt Switch|p2a: Iron Crown
|-crit|p2a: Iron Crown
|-damage|p2a: Iron Crown|0 fnt
|faint|p2a: Iron Crown
|-end|p2a: Iron Crown|Quark Drive|[silent]
|
|t:|1757900052
|switch|p1a: Mabosstiff|Mabosstiff, M|100/100|[from] Volt Switch
|
|upkeep
|
|t:|1757900084
|switch|p2a: Armarouge|Armarouge, M|100/100
|turn|11
|
|t:|1757900092
|-terastallize|p1a: Mabosstiff|Dark
|-terastallize|p2a: Armarouge|Fighting
|move|p1a: Mabosstiff|Crunch|p2a: Armarouge
|-resisted|p2a: Armarouge
|-damage|p2a: Armarouge|65/100
|-ability|p2a: Armarouge|Weak Armor|boost
|-unboost|p2a: Armarouge|def|1
|-boost|p2a: Armarouge|spe|2
|move|p2a: Armarouge|Aura Sphere|p1a: Mabosstiff
|-supereffective|p1a: Mabosstiff
|-damage|p1a: Mabosstiff|0 fnt
|faint|p1a: Mabosstiff
|
|upkeep
|
|t:|1757900105
|switch|p1a: Primarina|Primarina, M|100/100
|turn|12
|
|t:|1757900114
|move|p2a: Armarouge|Expanding Force|p1a: Primarina
|-damage|p1a: Primarina|77/100
|move|p1a: Primarina|Moonblast|p2a: Armarouge
|-supereffective|p2a: Armarouge
|-damage|p2a: Armarouge|0 fnt
|faint|p2a: Armarouge
|
|upkeep
|
|t:|1757900129
|switch|p2a: Braviary|Braviary-Hisui, M|100/100
|turn|13
|
|t:|1757900134
|move|p2a: Braviary|Esper Wing|p1a: Primarina
|-damage|p1a: Primarina|57/100
|-boost|p2a: Braviary|spe|1
|move|p1a: Primarina|Shadow Ball|p2a: Braviary
|-supereffective|p2a: Braviary
|-damage|p2a: Braviary|39/100
|
|upkeep
|turn|14
|
|t:|1757900145
|move|p2a: Braviary|Esper Wing|p1a: Primarina
|-damage|p1a: Primarina|35/100
|-boost|p2a: Braviary|spe|1
|move|p1a: Primarina|Shadow Ball|p2a: Braviary
|-supereffective|p2a: Braviary
|-damage|p2a: Braviary|0 fnt
|faint|p2a: Braviary
|
|upkeep
|
|t:|1757900155
|switch|p2a: Malamar|Malamar, M|100/100
|turn|15
|
|t:|1757900159
|move|p2a: Malamar|Psycho Cut|p1a: Primarina
|-damage|p1a: Primarina|11/100
|move|p1a: Primarina|Moonblast|p2a: Malamar
|-supereffective|p2a: Malamar
|-damage|p2a: Malamar|0 fnt
|faint|p2a: Malamar
|
|win|Possibly Human
|raw|Possibly Human's rating: 1126 &rarr; <strong>1153</strong><br />(+27 for winning)
|raw|eech1221's rating: 1158 &rarr; <strong>1131</strong><br />(-27 for losing)
|l|☆eech1221
|player|p2|
|l|☆Possibly Human
|player|p1|
