|j|☆psychic boy clancy
|j|☆Black Man Lover
|t:|1757906492
|gametype|singles
|player|p1|psychic boy clancy|pryce|1600
|player|p2|Black Man Lover|emmet|1548
|gen|9
|tier|[Gen 9] OU
|rated|
|rule|HP Percentage Mod: HP is shown in percentages
|rule|Endless Battle Clause: Forcing endless battles is banned
|rule|Species Clause: Limit one of each Pokémon
|rule|OHKO Clause: OHKO moves are banned
|rule|Evasion Items Clause: Evasion items are banned
|rule|Evasion Moves Clause: Evasion moves are banned
|rule|Evasion Abilities Clause: Evasion abilities are banned
|rule|Sleep Moves Clause: Sleep-inducing moves are banned
|clearpoke
|poke|p1|Darkrai|
|poke|p1|Weezing-Galar, F|
|poke|p1|Alomomola, M|
|poke|p1|Garchomp, F|
|poke|p1|Corviknight, M|
|poke|p1|Ogerpon, F|
|poke|p2|Darkrai|
|poke|p2|Iron Jugulis|
|poke|p2|Iron Treads|
|poke|p2|Primarina, F|
|poke|p2|Cinderace, F|
|poke|p2|Raging Bolt|
|teampreview
|
|t:|1757906503
|teamsize|p1|6
|teamsize|p2|6
|start
|switch|p1a: Corviknight|Corviknight, M|100/100
|switch|p2a: Darkrai|Darkrai|100/100
|-ability|p1a: Corviknight|Pressure
|turn|1
|inactive|Battle timer is ON: inactive players will automatically lose when time's up. (requested by psychic boy clancy)
|
|t:|1757906511
|move|p2a: Darkrai|Dark Pulse|p1a: Corviknight
|-damage|p1a: Corviknight|60/100
|move|p1a: Corviknight|U-turn|p2a: Darkrai
|-supereffective|p2a: Darkrai
|-damage|p2a: Darkrai|63/100
|
|t:|1757906526
|switch|p1a: Alomomola|Alomomola, M|100/100|[from] U-turn
|
|upkeep
|turn|2
|
|t:|1757906539
|move|p2a: Darkrai|Dark Pulse|p1a: Alomomola
|-damage|p1a: Alomomola|68/100
|move|p1a: Alomomola|Flip Turn|p2a: Darkrai
|-damage|p2a: Darkrai|41/100
|
|t:|1757906550
|switch|p1a: Darkrai|Darkrai|100/100|[from] Flip Turn
|
|upkeep
|turn|3
|
|t:|1757906557
|switch|p2a: Primarina|Primarina, F|100/100
|move|p1a: Darkrai|Ice Beam|p2a: Primarina
|-resisted|p2a: Primarina
|-damage|p2a: Primarina|86/100
|
|upkeep
|turn|4
|
|t:|1757906586
|switch|p1a: Alomomola|Alomomola, M|100/100
|move|p2a: Primarina|Flip Turn|p1a: Alomomola
|-resisted|p1a: Alomomola
|-damage|p1a: Alomomola|95/100
|
|t:|1757906588
|switch|p2a: Iron Treads|Iron Treads|100/100|[from] Flip Turn
|-item|p2a: Iron Treads|Air Balloon
|
|upkeep
|turn|5
|
|t:|1757906599
|move|p2a: Iron Treads|Stealth Rock|p1a: Alomomola
|-sidestart|p1: psychic boy clancy|move: Stealth Rock
|move|p1a: Alomomola|Flip Turn|p2a: Iron Treads
|-supereffective|p2a: Iron Treads
|-damage|p2a: Iron Treads|71/100
|-enditem|p2a: Iron Treads|Air Balloon
|
|t:|1757906605
|switch|p1a: Garchomp|Garchomp, F|100/100|[from] Flip Turn
|-damage|p1a: Garchomp|94/100|[from] Stealth Rock
|
|upkeep
|turn|6
|
|t:|1757906628
|-end|p2a: Iron Treads|Quark Drive|[silent]
|switch|p2a: Iron Jugulis|Iron Jugulis|100/100
|-enditem|p2a: Iron Jugulis|Booster Energy
|-activate|p2a: Iron Jugulis|ability: Quark Drive|[fromitem]
|-start|p2a: Iron Jugulis|quarkdrivespe
|move|p1a: Garchomp|Spikes|p2a: Iron Jugulis
|-sidestart|p2: Black Man Lover|Spikes
|
|upkeep
|turn|7
|
|t:|1757906637
|switch|p1a: Alomomola|Alomomola, M|100/100
|-damage|p1a: Alomomola|88/100|[from] Stealth Rock
|move|p2a: Iron Jugulis|Dark Pulse|p1a: Alomomola
|-damage|p1a: Alomomola|70/100
|
|upkeep
|turn|8
|
|t:|1757906647
|move|p2a: Iron Jugulis|Hurricane|p1a: Alomomola
|-damage|p1a: Alomomola|43/100
|move|p1a: Alomomola|Scald|p2a: Iron Jugulis
|-damage|p2a: Iron Jugulis|84/100
|
|upkeep
|turn|9
|
|t:|1757906660
|move|p2a: Iron Jugulis|Dark Pulse|p1a: Alomomola
|-damage|p1a: Alomomola|24/100
|move|p1a: Alomomola|Flip Turn|p2a: Iron Jugulis
|-damage|p2a: Iron Jugulis|63/100
|
|t:|1757906669
|switch|p1a: Corviknight|Corviknight, M|60/100|[from] Flip Turn
|-damage|p1a: Corviknight|48/100|[from] Stealth Rock
|-ability|p1a: Corviknight|Pressure
|
|-heal|p1a: Corviknight|54/100|[from] item: Leftovers
|upkeep
|turn|10
|
|t:|1757906678
|move|p2a: Iron Jugulis|Taunt|p1a: Corviknight
|-start|p1a: Corviknight|move: Taunt
|cant|p1a: Corviknight|move: Taunt|Roost
|
|-heal|p1a: Corviknight|60/100|[from] item: Leftovers
|upkeep
|turn|11
|
|t:|1757906686
|move|p2a: Iron Jugulis|Dark Pulse|p1a: Corviknight
|-damage|p1a: Corviknight|31/100
|move|p1a: Corviknight|Brave Bird|p2a: Iron Jugulis
|-damage|p2a: Iron Jugulis|18/100
|-damage|p1a: Corviknight|19/100|[from] Recoil
|
|-heal|p1a: Corviknight|25/100|[from] item: Leftovers
|upkeep
|turn|12
|
|t:|1757906696
|move|p2a: Iron Jugulis|Dark Pulse|p1a: Corviknight
|-damage|p1a: Corviknight|0 fnt
|faint|p1a: Corviknight
|
|upkeep
|
|t:|1757906703
|switch|p1a: Alomomola|Alomomola, M|57/100
|-damage|p1a: Alomomola|45/100|[from] Stealth Rock
|turn|13
|
|t:|1757906712
|move|p2a: Iron Jugulis|Hurricane|p1a: Alomomola
|-damage|p1a: Alomomola|19/100
|move|p1a: Alomomola|Flip Turn|p2a: Iron Jugulis
|-crit|p2a: Iron Jugulis
|-damage|p2a: Iron Jugulis|0 fnt
|faint|p2a: Iron Jugulis
|-end|p2a: Iron Jugulis|Quark Drive|[silent]
|
|t:|1757906735
|switch|p1a: Garchomp|Garchomp, F|94/100|[from] Flip Turn
|-damage|p1a: Garchomp|88/100|[from] Stealth Rock
|
|upkeep
|inactive|Black Man Lover has 120 seconds left.
|
|t:|1757906765
|switch|p2a: Raging Bolt|Raging Bolt|100/100
|-damage|p2a: Raging Bolt|88/100|[from] Spikes
|-enditem|p2a: Raging Bolt|Booster Energy
|-activate|p2a: Raging Bolt|ability: Protosynthesis|[fromitem]
|-start|p2a: Raging Bolt|protosynthesisspa
|turn|14
|
|t:|1757906772
|-terastallize|p2a: Raging Bolt|Flying
|move|p2a: Raging Bolt|Calm Mind|p2a: Raging Bolt
|-boost|p2a: Raging Bolt|spa|1
|-boost|p2a: Raging Bolt|spd|1
|move|p1a: Garchomp|Earthquake|p2a: Raging Bolt
|-immune|p2a: Raging Bolt
|
|upkeep
|turn|15
|
|t:|1757906782
|move|p2a: Raging Bolt|Dragon Pulse|p1a: Garchomp
|-supereffective|p1a: Garchomp
|-damage|p1a: Garchomp|0 fnt
|faint|p1a: Garchomp
|
|upkeep
|
|t:|1757906792
|switch|p1a: Ogerpon|Ogerpon, F|100/100
|turn|16
|
|t:|1757906800
|move|p1a: Ogerpon|Encore|p2a: Raging Bolt
|-start|p2a: Raging Bolt|Encore
|move|p2a: Raging Bolt|Dragon Pulse|p1a: Ogerpon
|-damage|p1a: Ogerpon|0 fnt
|faint|p1a: Ogerpon
|
|upkeep
|
|t:|1757906808
|switch|p1a: Alomomola|Alomomola, M|52/100
|-damage|p1a: Alomomola|40/100|[from] Stealth Rock
|turn|17
|
|t:|1757906812
|move|p2a: Raging Bolt|Dragon Pulse|p1a: Alomomola
|-damage|p1a: Alomomola|0 fnt
|faint|p1a: Alomomola
|
|upkeep
|
|t:|1757906817
|switch|p1a: Darkrai|Darkrai|100/100
|-damage|p1a: Darkrai|88/100|[from] Stealth Rock
|turn|18
|
|t:|1757906823
|move|p1a: Darkrai|Ice Beam|p2a: Raging Bolt
|-supereffective|p2a: Raging Bolt
|-damage|p2a: Raging Bolt|28/100
|move|p2a: Raging Bolt|Dragon Pulse|p1a: Darkrai
|-damage|p1a: Darkrai|0 fnt
|faint|p1a: Darkrai
|
|-end|p2a: Raging Bolt|Encore
|upkeep
|c|☆Black Man Lover|bro
|
|t:|1757906832
|switch|p1a: Weezing|Weezing-Galar, F|100/100
|-ability|p1a: Weezing|Neutralizing Gas
|-damage|p1a: Weezing|88/100|[from] Stealth Rock
|turn|19
|c|☆Black Man Lover|why not go to your fairy
|c|☆Black Man Lover|while encore
|
|t:|1757906840
|move|p2a: Raging Bolt|Thunderbolt|p1a: Weezing
|-damage|p1a: Weezing|0 fnt
|faint|p1a: Weezing
|-end|p1a: Weezing|ability: Neutralizing Gas
|
|win|Black Man Lover
|raw|psychic boy clancy's rating: 1600 &rarr; <strong>1577</strong><br />(-23 for losing)
|raw|Black Man Lover's rating: 1548 &rarr; <strong>1571</strong><br />(+23 for winning)
|c|☆Black Man Lover|gg
|l|☆psychic boy clancy
|player|p1|
|l|☆Black Man Lover
|player|p2|
