|j|☆eucalipto69!
|j|☆bishop1
|t:|1757830596
|gametype|singles
|player|p1|eucalipto69!|266|1461
|player|p2|bishop1|265|1446
|gen|9
|tier|[Gen 9] OU
|rated|
|rule|HP Percentage Mod: HP is shown in percentages
|rule|Endless Battle Clause: Forcing endless battles is banned
|rule|Species Clause: Limit one of each Pokémon
|rule|OHKO Clause: OHKO moves are banned
|rule|Evasion Items Clause: Evasion items are banned
|rule|Evasion Moves Clause: Evasion moves are banned
|rule|Evasion Abilities Clause: Evasion abilities are banned
|rule|Sleep Moves Clause: Sleep-inducing moves are banned
|clearpoke
|poke|p1|Ceruledge, M|
|poke|p1|Torkoal, M|
|poke|p1|Walking Wake|
|poke|p1|Hoopa-Unbound|
|poke|p1|Landorus-Therian, M|
|poke|p1|Venusaur, M|
|poke|p2|Zamazenta-*|
|poke|p2|Ninetales-Alola, F|
|poke|p2|Darkrai|
|poke|p2|Ceruledge, F|
|poke|p2|Gliscor, M|
|poke|p2|Hatterene, F|
|teampreview
|
|t:|1757830617
|teamsize|p1|6
|teamsize|p2|6
|start
|switch|p1a: Walking Wake|Walking Wake|100/100
|switch|p2a: Gliscor|Gliscor, M|100/100
|turn|1
|
|t:|1757830634
|switch|p2a: Hatterene|Hatterene, F|100/100
|move|p1a: Walking Wake|Sunny Day|p1a: Walking Wake
|-weather|SunnyDay
|-activate|p1a: Walking Wake|ability: Protosynthesis
|-start|p1a: Walking Wake|protosynthesisspe
|
|-weather|SunnyDay|[upkeep]
|upkeep
|turn|2
|inactive|Battle timer is ON: inactive players will automatically lose when time's up. (requested by eucalipto69!)
|
|t:|1757830650
|-terastallize|p1a: Walking Wake|Water
|move|p1a: Walking Wake|Hydro Steam|p2a: Hatterene
|-damage|p2a: Hatterene|0 fnt
|faint|p2a: Hatterene
|-damage|p1a: Walking Wake|91/100|[from] item: Life Orb
|
|-weather|SunnyDay|[upkeep]
|upkeep
|
|t:|1757830656
|switch|p2a: Ninetales|Ninetales-Alola, F|100/100
|-weather|Snowscape|[from] ability: Snow Warning|[of] p2a: Ninetales
|-end|p1a: Walking Wake|Protosynthesis
|turn|3
|
|t:|1757830666
|switch|p2a: Gliscor|Gliscor, M|100/100
|-end|p1a: Walking Wake|Protosynthesis|[silent]
|switch|p1a: Torkoal|Torkoal, M|100/100
|-weather|SunnyDay|[from] ability: Drought|[of] p1a: Torkoal
|
|-weather|SunnyDay|[upkeep]
|-status|p2a: Gliscor|tox|[from] item: Toxic Orb
|upkeep
|turn|4
|
|t:|1757830671
|switch|p1a: Landorus|Landorus-Therian, M|100/100
|-ability|p1a: Landorus|Intimidate|boost
|-unboost|p2a: Gliscor|atk|1
|move|p2a: Gliscor|Agility|p2a: Gliscor
|-boost|p2a: Gliscor|spe|2
|
|-weather|SunnyDay|[upkeep]
|upkeep
|turn|5
|
|t:|1757830677
|move|p2a: Gliscor|Swords Dance|p2a: Gliscor
|-boost|p2a: Gliscor|atk|2
|move|p1a: Landorus|Taunt|p2a: Gliscor
|-start|p2a: Gliscor|move: Taunt
|
|-weather|SunnyDay|[upkeep]
|upkeep
|turn|6
|
|t:|1757830686
|move|p2a: Gliscor|Facade|p1a: Landorus
|-damage|p1a: Landorus|55/100
|-damage|p2a: Gliscor|84/100 tox|[from] item: Rocky Helmet|[of] p1a: Landorus
|move|p1a: Landorus|U-turn|p2a: Gliscor
|-resisted|p2a: Gliscor
|-damage|p2a: Gliscor|75/100 tox
|
|t:|1757830693
|switch|p1a: Walking Wake|Walking Wake, tera:Water|91/100|[from] U-turn
|-activate|p1a: Walking Wake|ability: Protosynthesis
|-start|p1a: Walking Wake|protosynthesisspe
|
|-weather|SunnyDay|[upkeep]
|-heal|p2a: Gliscor|88/100 tox|[from] ability: Poison Heal
|upkeep
|turn|7
|
|t:|1757830697
|-end|p1a: Walking Wake|Protosynthesis|[silent]
|switch|p1a: Landorus|Landorus-Therian, M|55/100
|-ability|p1a: Landorus|Intimidate|boost
|-unboost|p2a: Gliscor|atk|1
|-terastallize|p2a: Gliscor|Normal
|move|p2a: Gliscor|Facade|p1a: Landorus
|-damage|p1a: Landorus|8/100
|-damage|p2a: Gliscor|72/100 tox|[from] item: Rocky Helmet|[of] p1a: Landorus
|
|-weather|SunnyDay|[upkeep]
|-heal|p2a: Gliscor|84/100 tox|[from] ability: Poison Heal
|upkeep
|turn|8
|
|t:|1757830706
|move|p2a: Gliscor|Facade|p1a: Landorus
|-damage|p1a: Landorus|0 fnt
|-damage|p2a: Gliscor|68/100 tox|[from] item: Rocky Helmet|[of] p1a: Landorus
|faint|p1a: Landorus
|
|-weather|SunnyDay|[upkeep]
|-heal|p2a: Gliscor|80/100 tox|[from] ability: Poison Heal
|-end|p2a: Gliscor|move: Taunt
|upkeep
|
|t:|1757830722
|switch|p1a: Walking Wake|Walking Wake, tera:Water|91/100
|-activate|p1a: Walking Wake|ability: Protosynthesis
|-start|p1a: Walking Wake|protosynthesisspe
|turn|9
|
|t:|1757830725
|switch|p2a: Ceruledge|Ceruledge, F|100/100
|move|p1a: Walking Wake|Hydro Steam|p2a: Ceruledge
|-supereffective|p2a: Ceruledge
|-damage|p2a: Ceruledge|0 fnt
|faint|p2a: Ceruledge
|-damage|p1a: Walking Wake|81/100|[from] item: Life Orb
|
|-weather|SunnyDay|[upkeep]
|upkeep
|inactive|bishop1 has 120 seconds left.
|
|t:|1757830763
|switch|p2a: Zamazenta|Zamazenta|100/100
|-ability|p2a: Zamazenta|Dauntless Shield|boost
|-boost|p2a: Zamazenta|def|1
|turn|10
|
|t:|1757830770
|move|p1a: Walking Wake|Hydro Steam|p2a: Zamazenta
|-damage|p2a: Zamazenta|0 fnt
|faint|p2a: Zamazenta
|-damage|p1a: Walking Wake|71/100|[from] item: Life Orb
|
|-weather|none
|-end|p1a: Walking Wake|Protosynthesis
|upkeep
|
|t:|1757830780
|switch|p2a: Darkrai|Darkrai|100/100
|turn|11
|
|t:|1757830783
|-end|p1a: Walking Wake|Protosynthesis|[silent]
|switch|p1a: Hoopa|Hoopa-Unbound|100/100
|move|p2a: Darkrai|Nasty Plot|p2a: Darkrai
|-boost|p2a: Darkrai|spa|2
|
|upkeep
|turn|12
|
|t:|1757830788
|move|p2a: Darkrai|Focus Blast|p1a: Hoopa|[miss]
|-miss|p2a: Darkrai|p1a: Hoopa
|move|p1a: Hoopa|Drain Punch|p2a: Darkrai
|-supereffective|p2a: Darkrai
|-damage|p2a: Darkrai|25/100
|
|-heal|p2a: Darkrai|31/100|[from] item: Leftovers
|upkeep
|turn|13
|
|t:|1757830794
|move|p2a: Darkrai|Dark Pulse|p1a: Hoopa
|-damage|p1a: Hoopa|49/100
|move|p1a: Hoopa|Knock Off|p2a: Darkrai
|-resisted|p2a: Darkrai
|-damage|p2a: Darkrai|0 fnt
|-enditem|p2a: Darkrai|Leftovers|[from] move: Knock Off|[of] p1a: Hoopa
|faint|p2a: Darkrai
|
|upkeep
|
|t:|1757830799
|switch|p2a: Ninetales|Ninetales-Alola, F|100/100
|-weather|Snowscape|[from] ability: Snow Warning|[of] p2a: Ninetales
|turn|14
|
|t:|1757830804
|switch|p2a: Gliscor|Gliscor, M, tera:Normal|80/100 tox
|switch|p1a: Torkoal|Torkoal, M|100/100
|-weather|SunnyDay|[from] ability: Drought|[of] p1a: Torkoal
|
|-weather|SunnyDay|[upkeep]
|-heal|p2a: Gliscor|93/100 tox|[from] ability: Poison Heal
|upkeep
|turn|15
|
|t:|1757830814
|switch|p1a: Ceruledge|Ceruledge, M|100/100
|move|p2a: Gliscor|Agility|p2a: Gliscor
|-boost|p2a: Gliscor|spe|2
|
|-weather|SunnyDay|[upkeep]
|-heal|p2a: Gliscor|100/100 tox|[from] ability: Poison Heal
|upkeep
|turn|16
|
|t:|1757830819
|move|p2a: Gliscor|Swords Dance|p2a: Gliscor
|-boost|p2a: Gliscor|atk|2
|move|p1a: Ceruledge|Bitter Blade|p2a: Gliscor
|-damage|p2a: Gliscor|51/100 tox
|
|-weather|SunnyDay|[upkeep]
|-heal|p2a: Gliscor|64/100 tox|[from] ability: Poison Heal
|upkeep
|turn|17
|
|t:|1757830826
|move|p2a: Gliscor|Earthquake|p1a: Ceruledge
|-supereffective|p1a: Ceruledge
|-damage|p1a: Ceruledge|0 fnt
|faint|p1a: Ceruledge
|
|-weather|SunnyDay|[upkeep]
|-heal|p2a: Gliscor|76/100 tox|[from] ability: Poison Heal
|upkeep
|
|t:|1757830828
|switch|p1a: Venusaur|Venusaur, M|100/100
|turn|18
|
|t:|1757830837
|move|p1a: Venusaur|Giga Drain|p2a: Gliscor
|-damage|p2a: Gliscor|42/100 tox
|move|p2a: Gliscor|Facade|p1a: Venusaur
|-enditem|p1a: Venusaur|Focus Sash
|-damage|p1a: Venusaur|1/100
|
|-weather|SunnyDay|[upkeep]
|-heal|p2a: Gliscor|54/100 tox|[from] ability: Poison Heal
|upkeep
|turn|19
|
|t:|1757830841
|move|p1a: Venusaur|Giga Drain|p2a: Gliscor
|-damage|p2a: Gliscor|20/100 tox
|-heal|p1a: Venusaur|21/100|[from] drain|[of] p2a: Gliscor
|move|p2a: Gliscor|Facade|p1a: Venusaur
|-damage|p1a: Venusaur|0 fnt
|faint|p1a: Venusaur
|
|-weather|SunnyDay|[upkeep]
|-heal|p2a: Gliscor|33/100 tox|[from] ability: Poison Heal
|upkeep
|
|t:|1757830848
|switch|p1a: Torkoal|Torkoal, M|100/100
|turn|20
|
|t:|1757830850
|move|p2a: Gliscor|Earthquake|p1a: Torkoal
|-supereffective|p1a: Torkoal
|-damage|p1a: Torkoal|13/100
|move|p1a: Torkoal|Overheat|p2a: Gliscor
|-damage|p2a: Gliscor|0 fnt
|-unboost|p1a: Torkoal|spa|2
|faint|p2a: Gliscor
|
|-weather|SunnyDay|[upkeep]
|upkeep
|-message|bishop1 forfeited.
|
|win|eucalipto69!
|raw|eucalipto69!'s rating: 1461 &rarr; <strong>1480</strong><br />(+19 for winning)
|raw|bishop1's rating: 1446 &rarr; <strong>1427</strong><br />(-19 for losing)
|l|☆bishop1
|player|p2|
|l|☆eucalipto69!
|player|p1|
