|j|☆LousiV
|j|☆ojanseii
|t:|1757820230
|gametype|singles
|player|p1|LousiV|101|1265
|player|p2|ojanseii|pokekid|1285
|gen|9
|tier|[Gen 9] OU
|rated|
|rule|HP Percentage Mod: HP is shown in percentages
|rule|Endless Battle Clause: Forcing endless battles is banned
|rule|Species Clause: Limit one of each Pokémon
|rule|OHKO Clause: OHKO moves are banned
|rule|Evasion Items Clause: Evasion items are banned
|rule|Evasion Moves Clause: Evasion moves are banned
|rule|Evasion Abilities Clause: Evasion abilities are banned
|rule|Sleep Moves Clause: Sleep-inducing moves are banned
|clearpoke
|poke|p1|Hariyama, F|
|poke|p1|Mandibuzz, F|
|poke|p1|Hippowdon, F|
|poke|p1|Reuniclus, M|
|poke|p1|Glalie, F|
|poke|p1|Magnezone|
|poke|p2|Darkrai|
|poke|p2|Great Tusk|
|poke|p2|Ogerpon-Wellspring, F|
|poke|p2|Gholdengo|
|poke|p2|Dragonite, F|
|poke|p2|Gliscor, M|
|teampreview
|inactive|Battle timer is ON: inactive players will automatically lose when time's up. (requested by LousiV)
|c|☆ojanseii|GLHF
|
|t:|1757820243
|teamsize|p1|6
|teamsize|p2|6
|start
|switch|p1a: Glalie|Glalie, F|100/100
|switch|p2a: Gliscor|Gliscor, M|100/100
|turn|1
|
|t:|1757820248
|move|p2a: Gliscor|Protect|p2a: Gliscor
|-singleturn|p2a: Gliscor|Protect
|move|p1a: Glalie|Spikes|p2a: Gliscor
|-sidestart|p2: ojanseii|Spikes
|
|-status|p2a: Gliscor|tox|[from] item: Toxic Orb
|upkeep
|turn|2
|
|t:|1757820256
|-terastallize|p2a: Gliscor|Water
|move|p2a: Gliscor|Toxic|p1a: Glalie
|-status|p1a: Glalie|tox
|move|p1a: Glalie|Freeze-Dry|p2a: Gliscor
|-supereffective|p2a: Gliscor
|-damage|p2a: Gliscor|54/100 tox
|
|-heal|p2a: Gliscor|66/100 tox|[from] ability: Poison Heal
|-damage|p1a: Glalie|94/100 tox|[from] psn
|upkeep
|turn|3
|
|t:|1757820266
|move|p2a: Gliscor|Knock Off|p1a: Glalie
|-damage|p1a: Glalie|72/100 tox
|-enditem|p1a: Glalie|Leftovers|[from] move: Knock Off|[of] p2a: Gliscor
|move|p1a: Glalie|Spikes|p2a: Gliscor
|-sidestart|p2: ojanseii|Spikes
|
|-heal|p2a: Gliscor|79/100 tox|[from] ability: Poison Heal
|-damage|p1a: Glalie|60/100 tox|[from] psn
|upkeep
|turn|4
|
|t:|1757820274
|move|p2a: Gliscor|Spikes|p1a: Glalie
|-sidestart|p1: LousiV|Spikes
|move|p1a: Glalie|Spikes|p2a: Gliscor
|-sidestart|p2: ojanseii|Spikes
|
|-heal|p2a: Gliscor|91/100 tox|[from] ability: Poison Heal
|-damage|p1a: Glalie|42/100 tox|[from] psn
|upkeep
|turn|5
|
|t:|1757820281
|move|p2a: Gliscor|Spikes|p1a: Glalie
|-sidestart|p1: LousiV|Spikes
|move|p1a: Glalie|Freeze-Dry|p2a: Gliscor
|-supereffective|p2a: Gliscor
|-damage|p2a: Gliscor|43/100 tox
|
|-heal|p2a: Gliscor|56/100 tox|[from] ability: Poison Heal
|-damage|p1a: Glalie|18/100 tox|[from] psn
|upkeep
|turn|6
|
|t:|1757820289
|move|p2a: Gliscor|Spikes|p1a: Glalie
|-sidestart|p1: LousiV|Spikes
|move|p1a: Glalie|Freeze-Dry|p2a: Gliscor
|-supereffective|p2a: Gliscor
|-damage|p2a: Gliscor|7/100 tox
|
|-heal|p2a: Gliscor|20/100 tox|[from] ability: Poison Heal
|-damage|p1a: Glalie|0 fnt|[from] psn
|faint|p1a: Glalie
|upkeep
|
|t:|1757820291
|switch|p1a: Magnezone|Magnezone|100/100
|-damage|p1a: Magnezone|76/100|[from] Spikes
|turn|7
|
|t:|1757820300
|move|p2a: Gliscor|Protect|p2a: Gliscor
|-singleturn|p2a: Gliscor|Protect
|move|p1a: Magnezone|Flash Cannon|p2a: Gliscor
|-activate|p2a: Gliscor|move: Protect
|
|-heal|p2a: Gliscor|32/100 tox|[from] ability: Poison Heal
|upkeep
|turn|8
|
|t:|1757820310
|switch|p2a: Great Tusk|Great Tusk|100/100
|move|p1a: Magnezone|Flash Cannon|p2a: Great Tusk
|-damage|p2a: Great Tusk|0 fnt
|faint|p2a: Great Tusk
|-end|p2a: Great Tusk|Protosynthesis|[silent]
|
|upkeep
|
|t:|1757820318
|switch|p2a: Dragonite|Dragonite, F|100/100
|turn|9
|
|t:|1757820320
|move|p2a: Dragonite|Earthquake|p1a: Magnezone
|-supereffective|p1a: Magnezone
|-damage|p1a: Magnezone|0 fnt
|faint|p1a: Magnezone
|
|upkeep
|
|t:|1757820323
|switch|p1a: Mandibuzz|Mandibuzz, F|100/100
|turn|10
|
|t:|1757820327
|switch|p2a: Gholdengo|Gholdengo|100/100
|-item|p2a: Gholdengo|Air Balloon
|move|p1a: Mandibuzz|Foul Play|p2a: Gholdengo
|-supereffective|p2a: Gholdengo
|-damage|p2a: Gholdengo|79/100
|-enditem|p2a: Gholdengo|Air Balloon
|
|upkeep
|turn|11
|
|t:|1757820335
|move|p2a: Gholdengo|Thunder Wave|p1a: Mandibuzz
|-status|p1a: Mandibuzz|par
|cant|p1a: Mandibuzz|par
|
|upkeep
|turn|12
|
|t:|1757820340
|move|p2a: Gholdengo|Dazzling Gleam|p1a: Mandibuzz
|-supereffective|p1a: Mandibuzz
|-damage|p1a: Mandibuzz|61/100 par
|move|p1a: Mandibuzz|U-turn|p2a: Gholdengo
|-resisted|p2a: Gholdengo
|-damage|p2a: Gholdengo|77/100
|
|t:|1757820345
|switch|p1a: Hariyama|Hariyama, F|100/100|[from] U-turn
|-damage|p1a: Hariyama|76/100|[from] Spikes
|
|-status|p1a: Hariyama|brn|[from] item: Flame Orb
|upkeep
|turn|13
|
|t:|1757820351
|move|p2a: Gholdengo|Hex|p1a: Hariyama
|-damage|p1a: Hariyama|10/100 brn
|move|p1a: Hariyama|Headlong Rush|p2a: Gholdengo
|-supereffective|p2a: Gholdengo
|-damage|p2a: Gholdengo|0 fnt
|-unboost|p1a: Hariyama|def|1
|-unboost|p1a: Hariyama|spd|1
|faint|p2a: Gholdengo
|
|-damage|p1a: Hariyama|4/100 brn|[from] brn
|upkeep
|
|t:|1757820362
|switch|p2a: Dragonite|Dragonite, F|100/100
|turn|14
|
|t:|1757820366
|move|p2a: Dragonite|Extreme Speed|p1a: Hariyama
|-crit|p1a: Hariyama
|-damage|p1a: Hariyama|0 fnt
|faint|p1a: Hariyama
|
|upkeep
|
|t:|1757820369
|switch|p1a: Mandibuzz|Mandibuzz, F|61/100 par
|turn|15
|
|t:|1757820377
|move|p2a: Dragonite|Extreme Speed|p1a: Mandibuzz
|-damage|p1a: Mandibuzz|42/100 par
|cant|p1a: Mandibuzz|par
|
|-heal|p1a: Mandibuzz|48/100 par|[from] item: Leftovers
|upkeep
|turn|16
|
|t:|1757820384
|move|p2a: Dragonite|Extreme Speed|p1a: Mandibuzz
|-damage|p1a: Mandibuzz|32/100 par
|move|p1a: Mandibuzz|Defog|p2a: Dragonite
|-unboost|p2a: Dragonite|evasion|1
|-sideend|p2: ojanseii|Spikes|[from] move: Defog|[of] p1a: Mandibuzz
|-sideend|p1: LousiV|Spikes|[from] move: Defog|[of] p1a: Mandibuzz
|
|-heal|p1a: Mandibuzz|38/100 par|[from] item: Leftovers
|upkeep
|turn|17
|
|t:|1757820398
|switch|p2a: Darkrai|Darkrai|100/100
|move|p1a: Mandibuzz|Foul Play|p2a: Darkrai
|-resisted|p2a: Darkrai
|-damage|p2a: Darkrai|87/100
|
|-heal|p2a: Darkrai|93/100|[from] item: Leftovers
|-heal|p1a: Mandibuzz|44/100 par|[from] item: Leftovers
|upkeep
|turn|18
|
|t:|1757820408
|move|p2a: Darkrai|Nasty Plot|p2a: Darkrai
|-boost|p2a: Darkrai|spa|2
|move|p1a: Mandibuzz|U-turn|p2a: Darkrai
|-supereffective|p2a: Darkrai
|-damage|p2a: Darkrai|70/100
|
|t:|1757820413
|switch|p1a: Hippowdon|Hippowdon, F|100/100|[from] U-turn
|-weather|Sandstorm|[from] ability: Sand Stream|[of] p1a: Hippowdon
|
|-weather|Sandstorm|[upkeep]
|-damage|p2a: Darkrai|64/100|[from] Sandstorm
|-heal|p2a: Darkrai|70/100|[from] item: Leftovers
|upkeep
|turn|19
|
|t:|1757820421
|move|p2a: Darkrai|Ice Beam|p1a: Hippowdon
|-supereffective|p1a: Hippowdon
|-damage|p1a: Hippowdon|0 fnt
|faint|p1a: Hippowdon
|
|-weather|Sandstorm|[upkeep]
|-damage|p2a: Darkrai|64/100|[from] Sandstorm
|-heal|p2a: Darkrai|70/100|[from] item: Leftovers
|upkeep
|
|t:|1757820425
|switch|p1a: Reuniclus|Reuniclus, M|100/100
|turn|20
|
|t:|1757820431
|-terastallize|p1a: Reuniclus|Fighting
|move|p2a: Darkrai|Dark Pulse|p1a: Reuniclus
|-resisted|p1a: Reuniclus
|-damage|p1a: Reuniclus|70/100
|move|p1a: Reuniclus|Psychic Noise|p2a: Darkrai
|-immune|p2a: Darkrai
|
|-weather|Sandstorm|[upkeep]
|-damage|p2a: Darkrai|64/100|[from] Sandstorm
|-heal|p2a: Darkrai|70/100|[from] item: Leftovers
|upkeep
|turn|21
|
|t:|1757820441
|move|p2a: Darkrai|Ice Beam|p1a: Reuniclus
|-damage|p1a: Reuniclus|18/100
|move|p1a: Reuniclus|Focus Blast|p2a: Darkrai
|-supereffective|p2a: Darkrai
|-damage|p2a: Darkrai|0 fnt
|faint|p2a: Darkrai
|
|-weather|Sandstorm|[upkeep]
|upkeep
|
|t:|1757820452
|switch|p2a: Dragonite|Dragonite, F|100/100
|turn|22
|
|t:|1757820456
|move|p2a: Dragonite|Extreme Speed|p1a: Reuniclus
|-damage|p1a: Reuniclus|0 fnt
|faint|p1a: Reuniclus
|
|-weather|none
|upkeep
|
|t:|1757820464
|switch|p1a: Mandibuzz|Mandibuzz, F|44/100 par
|turn|23
|
|t:|1757820480
|move|p2a: Dragonite|Extreme Speed|p1a: Mandibuzz
|-damage|p1a: Mandibuzz|26/100 par
|cant|p1a: Mandibuzz|par
|
|-heal|p1a: Mandibuzz|32/100 par|[from] item: Leftovers
|upkeep
|turn|24
|
|t:|1757820488
|switch|p2a: Ogerpon|Ogerpon-Wellspring, F|100/100
|cant|p1a: Mandibuzz|par
|
|-heal|p1a: Mandibuzz|38/100 par|[from] item: Leftovers
|upkeep
|turn|25
|
|t:|1757820494
|move|p2a: Ogerpon|Ivy Cudgel|p1a: Mandibuzz|[anim] Ivy Cudgel Water
|-damage|p1a: Mandibuzz|6/100 par
|move|p1a: Mandibuzz|Roost|p1a: Mandibuzz
|-heal|p1a: Mandibuzz|56/100 par
|-singleturn|p1a: Mandibuzz|move: Roost
|
|-heal|p1a: Mandibuzz|63/100 par|[from] item: Leftovers
|upkeep
|turn|26
|
|t:|1757820510
|move|p2a: Ogerpon|Knock Off|p1a: Mandibuzz
|-resisted|p1a: Mandibuzz
|-damage|p1a: Mandibuzz|52/100 par
|-enditem|p1a: Mandibuzz|Leftovers|[from] move: Knock Off|[of] p2a: Ogerpon
|cant|p1a: Mandibuzz|par
|
|upkeep
|turn|27
|
|t:|1757820516
|move|p2a: Ogerpon|U-turn|p1a: Mandibuzz
|-damage|p1a: Mandibuzz|36/100 par
|
|t:|1757820519
|switch|p2a: Gliscor|Gliscor, M, tera:Water|32/100 tox|[from] U-turn
|cant|p1a: Mandibuzz|par
|
|-heal|p2a: Gliscor|45/100 tox|[from] ability: Poison Heal
|upkeep
|turn|28
|
|t:|1757820526
|move|p2a: Gliscor|Knock Off|p1a: Mandibuzz
|-resisted|p1a: Mandibuzz
|-damage|p1a: Mandibuzz|32/100 par
|move|p1a: Mandibuzz|Foul Play|p2a: Gliscor
|-damage|p2a: Gliscor|21/100 tox
|
|-heal|p2a: Gliscor|33/100 tox|[from] ability: Poison Heal
|upkeep
|turn|29
|
|t:|1757820534
|switch|p2a: Ogerpon|Ogerpon-Wellspring, F|100/100
|move|p1a: Mandibuzz|Roost|p1a: Mandibuzz
|-heal|p1a: Mandibuzz|82/100 par
|-singleturn|p1a: Mandibuzz|move: Roost
|
|upkeep
|turn|30
|
|t:|1757820541
|move|p2a: Ogerpon|Ivy Cudgel|p1a: Mandibuzz|[anim] Ivy Cudgel Water
|-damage|p1a: Mandibuzz|47/100 par
|move|p1a: Mandibuzz|Foul Play|p2a: Ogerpon
|-damage|p2a: Ogerpon|43/100
|
|upkeep
|turn|31
|
|t:|1757820548
|move|p2a: Ogerpon|Ivy Cudgel|p1a: Mandibuzz|[anim] Ivy Cudgel Water
|-damage|p1a: Mandibuzz|16/100 par
|cant|p1a: Mandibuzz|par
|
|upkeep
|turn|32
|
|t:|1757820553
|move|p2a: Ogerpon|Ivy Cudgel|p1a: Mandibuzz|[anim] Ivy Cudgel Water
|-damage|p1a: Mandibuzz|0 fnt
|faint|p1a: Mandibuzz
|
|win|ojanseii
|raw|LousiV's rating: 1265 &rarr; <strong>1241</strong><br />(-24 for losing)
|raw|ojanseii's rating: 1285 &rarr; <strong>1309</strong><br />(+24 for winning)
|l|☆LousiV
|player|p1|
|l|☆ojanseii
|player|p2|
