|j|☆Mr-Mongol
|j|☆Vitoran
|t:|1757869615
|gametype|singles
|player|p1|Mr-Mongol|alec-anime|1607
|player|p2|Vitoran|#rbyplvmightymagmars|1677
|gen|9
|tier|[Gen 9] OU
|rated|
|rule|HP Percentage Mod: HP is shown in percentages
|rule|Endless Battle Clause: Forcing endless battles is banned
|rule|Species Clause: Limit one of each Pokémon
|rule|OHKO Clause: OHKO moves are banned
|rule|Evasion Items Clause: Evasion items are banned
|rule|Evasion Moves Clause: Evasion moves are banned
|rule|Evasion Abilities Clause: Evasion abilities are banned
|rule|Sleep Moves Clause: Sleep-inducing moves are banned
|clearpoke
|poke|p1|Ceruledge, M|
|poke|p1|Raging Bolt|
|poke|p1|Latias, F|
|poke|p1|Kyurem|
|poke|p1|Ninetales-Alola, F|
|poke|p1|Iron Moth|
|poke|p2|Weavile, M|
|poke|p2|Samurott-Hisui, M|
|poke|p2|Gholdengo|
|poke|p2|Great Tusk|
|poke|p2|Pecharunt|
|poke|p2|Kingambit, M|
|teampreview
|inactive|Battle timer is ON: inactive players will automatically lose when time's up. (requested by Vitoran)
|inactive|Vitoran has 120 seconds left.
|c|☆Vitoran|glhf
|
|t:|1757869666
|teamsize|p1|6
|teamsize|p2|6
|start
|switch|p1a: snow bunny|Ninetales-Alola, F, shiny|100/100
|switch|p2a: Great Tusk|Great Tusk|100/100
|-weather|Snowscape|[from] ability: Snow Warning|[of] p1a: snow bunny
|-enditem|p2a: Great Tusk|Booster Energy
|-activate|p2a: Great Tusk|ability: Protosynthesis|[fromitem]
|-start|p2a: Great Tusk|protosynthesisspe
|turn|1
|
|t:|1757869677
|move|p2a: Great Tusk|Stealth Rock|p1a: snow bunny
|-sidestart|p1: Mr-Mongol|move: Stealth Rock
|move|p1a: snow bunny|Aurora Veil|p1a: snow bunny
|-sidestart|p1: Mr-Mongol|move: Aurora Veil
|
|-weather|Snowscape|[upkeep]
|upkeep
|turn|2
|
|t:|1757869683
|move|p2a: Great Tusk|Headlong Rush|p1a: snow bunny
|-damage|p1a: snow bunny|74/100
|-unboost|p2a: Great Tusk|def|1
|-unboost|p2a: Great Tusk|spd|1
|move|p1a: snow bunny|Moonblast|p2a: Great Tusk
|-supereffective|p2a: Great Tusk
|-damage|p2a: Great Tusk|0 fnt
|faint|p2a: Great Tusk
|-end|p2a: Great Tusk|Protosynthesis|[silent]
|
|-weather|Snowscape|[upkeep]
|upkeep
|
|t:|1757869702
|switch|p2a: Gholdengo|Gholdengo|100/100
|turn|3
|
|t:|1757869713
|switch|p1a: 50/50|Raging Bolt|100/100
|-damage|p1a: 50/50|88/100|[from] Stealth Rock
|-enditem|p1a: 50/50|Booster Energy
|-activate|p1a: 50/50|ability: Protosynthesis|[fromitem]
|-start|p1a: 50/50|protosynthesisspa
|move|p2a: Gholdengo|Trick|p1a: 50/50
|-activate|p2a: Gholdengo|move: Trick|[of] p1a: 50/50
|-item|p1a: 50/50|Choice Scarf|[from] move: Trick
|-enditem|p2a: Gholdengo|Choice Scarf|[silent]|[from] move: Trick
|
|-weather|Snowscape|[upkeep]
|upkeep
|turn|4
|
|t:|1757869738
|switch|p2a: Weavile|Weavile, M|100/100
|-ability|p2a: Weavile|Pressure
|move|p1a: 50/50|Thunderbolt|p2a: Weavile
|-damage|p2a: Weavile|2/100
|
|-weather|Snowscape|[upkeep]
|upkeep
|turn|5
|
|t:|1757869745
|move|p2a: Weavile|Triple Axel|p1a: 50/50
|-supereffective|p1a: 50/50
|-damage|p1a: 50/50|75/100
|-supereffective|p1a: 50/50
|-damage|p1a: 50/50|51/100
|-supereffective|p1a: 50/50
|-damage|p1a: 50/50|14/100
|-hitcount|p1a: 50/50|3
|move|p1a: 50/50|Thunderbolt|p2a: Weavile
|-damage|p2a: Weavile|0 fnt
|faint|p2a: Weavile
|
|-weather|none
|upkeep
|
|t:|1757869758
|switch|p2a: Kingambit|Kingambit, M|100/100
|-activate|p2a: Kingambit|ability: Supreme Overlord
|-start|p2a: Kingambit|fallen2|[silent]
|turn|6
|
|t:|1757869760
|move|p2a: Kingambit|Sucker Punch|p1a: 50/50
|-damage|p1a: 50/50|0 fnt
|faint|p1a: 50/50
|-end|p1a: 50/50|Protosynthesis|[silent]
|
|upkeep
|
|t:|1757869770
|switch|p1a: bury the light|Ceruledge, M, shiny|100/100
|-damage|p1a: bury the light|76/100|[from] Stealth Rock
|turn|7
|
|t:|1757869774
|-end|p2a: Kingambit|fallen2|[silent]
|switch|p2a: Samurott|Samurott-Hisui, M|100/100
|move|p1a: bury the light|Bitter Blade|p2a: Samurott
|-resisted|p2a: Samurott
|-damage|p2a: Samurott|73/100
|-heal|p1a: bury the light|91/100|[from] drain|[of] p2a: Samurott
|
|upkeep
|turn|8
|
|t:|1757869780
|move|p1a: bury the light|Swords Dance|p1a: bury the light
|-boost|p1a: bury the light|atk|2
|move|p2a: Samurott|Ceaseless Edge|p1a: bury the light
|-supereffective|p1a: bury the light
|-damage|p1a: bury the light|19/100
|-ability|p1a: bury the light|Weak Armor|boost
|-unboost|p1a: bury the light|def|1
|-boost|p1a: bury the light|spe|2
|-enditem|p1a: bury the light|Weakness Policy
|-boost|p1a: bury the light|atk|2|[from] item: Weakness Policy
|-boost|p1a: bury the light|spa|2|[from] item: Weakness Policy
|-sidestart|p1: Mr-Mongol|Spikes
|
|-sideend|p1: Mr-Mongol|move: Aurora Veil
|upkeep
|turn|9
|
|t:|1757869784
|move|p2a: Samurott|Aqua Jet|p1a: bury the light
|-supereffective|p1a: bury the light
|-damage|p1a: bury the light|0 fnt
|faint|p1a: bury the light
|
|upkeep
|
|t:|1757869787
|switch|p1a: snow bunny|Ninetales-Alola, F, shiny|74/100
|-damage|p1a: snow bunny|50/100|[from] Stealth Rock
|-damage|p1a: snow bunny|37/100|[from] Spikes
|-weather|Snowscape|[from] ability: Snow Warning|[of] p1a: snow bunny
|turn|10
|
|t:|1757869797
|switch|p2a: Gholdengo|Gholdengo|100/100
|move|p1a: snow bunny|Moonblast|p2a: Gholdengo
|-resisted|p2a: Gholdengo
|-damage|p2a: Gholdengo|81/100
|
|-weather|Snowscape|[upkeep]
|upkeep
|turn|11
|
|t:|1757869808
|move|p1a: snow bunny|Aurora Veil|p1a: snow bunny
|-sidestart|p1: Mr-Mongol|move: Aurora Veil
|move|p2a: Gholdengo|Trick|p1a: snow bunny
|-activate|p2a: Gholdengo|move: Trick|[of] p1a: snow bunny
|-enditem|p1a: snow bunny|Light Clay|[silent]|[from] move: Trick
|-item|p2a: Gholdengo|Light Clay|[from] move: Trick
|
|-weather|Snowscape|[upkeep]
|upkeep
|turn|12
|
|t:|1757869819
|switch|p1a: rng my ahh|Kyurem, shiny|100/100
|-damage|p1a: rng my ahh|76/100|[from] Stealth Rock
|-damage|p1a: rng my ahh|63/100|[from] Spikes
|-ability|p1a: rng my ahh|Pressure
|move|p2a: Gholdengo|Shadow Ball|p1a: rng my ahh
|-damage|p1a: rng my ahh|44/100
|
|-weather|Snowscape|[upkeep]
|upkeep
|turn|13
|
|t:|1757869829
|move|p2a: Gholdengo|Make It Rain|p1a: rng my ahh
|-supereffective|p1a: rng my ahh
|-damage|p1a: rng my ahh|0 fnt
|-unboost|p2a: Gholdengo|spa|1
|faint|p1a: rng my ahh
|
|-weather|Snowscape|[upkeep]
|upkeep
|
|t:|1757869833
|switch|p1a: realpsyspam|Latias, F, shiny|100/100
|-damage|p1a: realpsyspam|88/100|[from] Stealth Rock
|turn|14
|
|t:|1757869842
|-terastallize|p1a: realpsyspam|Steel
|move|p1a: realpsyspam|Calm Mind|p1a: realpsyspam
|-boost|p1a: realpsyspam|spa|1
|-boost|p1a: realpsyspam|spd|1
|move|p2a: Gholdengo|Trick|p1a: realpsyspam
|-activate|p2a: Gholdengo|move: Trick|[of] p1a: realpsyspam
|-item|p1a: realpsyspam|Light Clay|[from] move: Trick
|-item|p2a: Gholdengo|Leftovers|[from] move: Trick
|
|-weather|none
|-heal|p2a: Gholdengo|87/100|[from] item: Leftovers
|upkeep
|turn|15
|
|t:|1757869860
|switch|p2a: Pecharunt|Pecharunt|100/100
|-item|p2a: Pecharunt|Air Balloon
|move|p1a: realpsyspam|Calm Mind|p1a: realpsyspam
|-boost|p1a: realpsyspam|spa|1
|-boost|p1a: realpsyspam|spd|1
|
|upkeep
|turn|16
|
|t:|1757869866
|-terastallize|p2a: Pecharunt|Dark
|move|p1a: realpsyspam|Stored Power|p2a: Pecharunt
|-immune|p2a: Pecharunt
|move|p2a: Pecharunt|Parting Shot|p1a: realpsyspam
|-unboost|p1a: realpsyspam|atk|1
|-unboost|p1a: realpsyspam|spa|1
|
|t:|1757869873
|switch|p2a: Kingambit|Kingambit, M|100/100|[from] Parting Shot
|-activate|p2a: Kingambit|ability: Supreme Overlord
|-start|p2a: Kingambit|fallen2|[silent]
|
|upkeep
|turn|17
|
|t:|1757869886
|-end|p2a: Kingambit|fallen2|[silent]
|switch|p2a: Pecharunt|Pecharunt, tera:Dark|100/100
|-item|p2a: Pecharunt|Air Balloon
|move|p1a: realpsyspam|Aura Sphere|p2a: Pecharunt
|-supereffective|p2a: Pecharunt
|-damage|p2a: Pecharunt|19/100
|-enditem|p2a: Pecharunt|Air Balloon
|
|upkeep
|turn|18
|
|t:|1757869893
|move|p1a: realpsyspam|Aura Sphere|p2a: Pecharunt
|-supereffective|p2a: Pecharunt
|-damage|p2a: Pecharunt|0 fnt
|faint|p2a: Pecharunt
|
|-sideend|p1: Mr-Mongol|move: Aurora Veil
|upkeep
|
|t:|1757869898
|switch|p2a: Samurott|Samurott-Hisui, M|73/100
|turn|19
|
|t:|1757869901
|move|p1a: realpsyspam|Aura Sphere|p2a: Samurott
|-supereffective|p2a: Samurott
|-damage|p2a: Samurott|0 fnt
|faint|p2a: Samurott
|
|upkeep
|
|t:|1757869905
|switch|p2a: Gholdengo|Gholdengo|87/100
|turn|20
|
|t:|1757869911
|move|p1a: realpsyspam|Calm Mind|p1a: realpsyspam
|-boost|p1a: realpsyspam|spa|1
|-boost|p1a: realpsyspam|spd|1
|move|p2a: Gholdengo|Shadow Ball|p1a: realpsyspam
|-damage|p1a: realpsyspam|72/100
|
|-heal|p2a: Gholdengo|93/100|[from] item: Leftovers
|upkeep
|turn|21
|
|t:|1757869917
|move|p1a: realpsyspam|Stored Power|p2a: Gholdengo
|-resisted|p2a: Gholdengo
|-damage|p2a: Gholdengo|22/100
|move|p2a: Gholdengo|Shadow Ball|p1a: realpsyspam
|-damage|p1a: realpsyspam|57/100
|
|-heal|p2a: Gholdengo|28/100|[from] item: Leftovers
|upkeep
|turn|22
|
|t:|1757869922
|move|p1a: realpsyspam|Stored Power|p2a: Gholdengo
|-resisted|p2a: Gholdengo
|-damage|p2a: Gholdengo|0 fnt
|faint|p2a: Gholdengo
|
|upkeep
|
|t:|1757869925
|switch|p2a: Kingambit|Kingambit, M|100/100
|-activate|p2a: Kingambit|ability: Supreme Overlord
|-start|p2a: Kingambit|fallen5|[silent]
|turn|23
|
|t:|1757869928
|move|p1a: realpsyspam|Aura Sphere|p2a: Kingambit
|-supereffective|p2a: Kingambit
|-damage|p2a: Kingambit|0 fnt
|faint|p2a: Kingambit
|-end|p2a: Kingambit|fallen5|[silent]
|
|win|Mr-Mongol
|raw|Mr-Mongol's rating: 1607 &rarr; <strong>1631</strong><br />(+24 for winning)
|raw|Vitoran's rating: 1677 &rarr; <strong>1653</strong><br />(-24 for losing)
|l|☆Vitoran
|player|p2|
|l|☆Mr-Mongol
|player|p1|
