|j|☆Mysterion-911
|j|☆Dionaeamuscipul
|t:|1757868608
|gametype|singles
|player|p1|Mysterion-911|lucas|1244
|player|p2|Dionaeamuscipul|1|1277
|gen|9
|tier|[Gen 9] OU
|rated|
|rule|HP Percentage Mod: HP is shown in percentages
|rule|Endless Battle Clause: Forcing endless battles is banned
|rule|Species Clause: Limit one of each Pokémon
|rule|OHKO Clause: OHKO moves are banned
|rule|Evasion Items Clause: Evasion items are banned
|rule|Evasion Moves Clause: Evasion moves are banned
|rule|Evasion Abilities Clause: Evasion abilities are banned
|rule|Sleep Moves Clause: Sleep-inducing moves are banned
|clearpoke
|poke|p1|Glimmora, F|
|poke|p1|Necrozma|
|poke|p1|Zamazenta-*|
|poke|p1|Dragonite, M|
|poke|p1|Primarina, F|
|poke|p1|Kingambit, M|
|poke|p2|Jumpluff, M|
|poke|p2|Yanmega, M|
|poke|p2|Darkrai|
|poke|p2|Scizor, M|
|poke|p2|Moltres|
|poke|p2|Araquanid, F|
|teampreview
|inactive|Battle timer is ON: inactive players will automatically lose when time's up. (requested by Mysterion-911)
|
|t:|1757868621
|teamsize|p1|6
|teamsize|p2|6
|start
|switch|p1a: Glimmora|Glimmora, F|100/100
|switch|p2a: Jumpluff|Jumpluff, M|100/100
|turn|1
|
|t:|1757868638
|move|p2a: Jumpluff|Stun Spore|p1a: Glimmora
|-status|p1a: Glimmora|par
|move|p1a: Glimmora|Sludge Wave|p2a: Jumpluff
|-supereffective|p2a: Jumpluff
|-damage|p2a: Jumpluff|0 fnt
|faint|p2a: Jumpluff
|
|upkeep
|
|t:|1757868647
|switch|p2a: Scizor|Scizor, M|100/100
|turn|2
|
|t:|1757868660
|move|p2a: Scizor|Swords Dance|p2a: Scizor
|-boost|p2a: Scizor|atk|2
|cant|p1a: Glimmora|par
|
|upkeep
|turn|3
|inactive|Mysterion-911 has 120 seconds left.
|
|t:|1757868714
|move|p2a: Scizor|Trailblaze|p1a: Glimmora
|-damage|p1a: Glimmora|26/100 par
|-boost|p2a: Scizor|spe|1
|-activate|p1a: Glimmora|ability: Toxic Debris
|-sidestart|p2: Dionaeamuscipul|move: Toxic Spikes
|move|p1a: Glimmora|Earth Power|p2a: Scizor
|-damage|p2a: Scizor|51/100
|
|-heal|p2a: Scizor|57/100|[from] item: Leftovers
|upkeep
|turn|4
|
|t:|1757868728
|move|p2a: Scizor|Trailblaze|p1a: Glimmora
|-damage|p1a: Glimmora|0 fnt
|-boost|p2a: Scizor|spe|1
|-activate|p1a: Glimmora|ability: Toxic Debris
|-sidestart|p2: Dionaeamuscipul|move: Toxic Spikes
|faint|p1a: Glimmora
|
|-heal|p2a: Scizor|63/100|[from] item: Leftovers
|upkeep
|
|t:|1757868742
|switch|p1a: Necrozma|Necrozma|100/100
|turn|5
|
|t:|1757868746
|move|p2a: Scizor|Bug Bite|p1a: Necrozma
|-supereffective|p1a: Necrozma
|-damage|p1a: Necrozma|0 fnt
|faint|p1a: Necrozma
|
|-heal|p2a: Scizor|69/100|[from] item: Leftovers
|upkeep
|
|t:|1757868752
|switch|p1a: Zamazenta|Zamazenta|100/100
|-ability|p1a: Zamazenta|Dauntless Shield|boost
|-boost|p1a: Zamazenta|def|1
|turn|6
|
|t:|1757868757
|move|p1a: Zamazenta|Body Press|p2a: Scizor
|-damage|p2a: Scizor|13/100
|move|p2a: Scizor|Bug Bite|p1a: Zamazenta
|-resisted|p1a: Zamazenta
|-damage|p1a: Zamazenta|74/100
|
|-heal|p1a: Zamazenta|80/100|[from] item: Leftovers
|-heal|p2a: Scizor|19/100|[from] item: Leftovers
|upkeep
|turn|7
|inactive|Mysterion-911 has 120 seconds left.
|
|t:|1757868765
|move|p2a: Scizor|Bullet Punch|p1a: Zamazenta
|-damage|p1a: Zamazenta|48/100
|move|p1a: Zamazenta|Body Press|p2a: Scizor
|-damage|p2a: Scizor|0 fnt
|faint|p2a: Scizor
|
|-heal|p1a: Zamazenta|54/100|[from] item: Leftovers
|upkeep
|
|t:|1757868772
|switch|p2a: Yanmega|Yanmega, M|100/100
|turn|8
|
|t:|1757868776
|move|p2a: Yanmega|Protect|p2a: Yanmega
|-singleturn|p2a: Yanmega|Protect
|move|p1a: Zamazenta|Body Press|p2a: Yanmega
|-activate|p2a: Yanmega|move: Protect
|
|-heal|p1a: Zamazenta|60/100|[from] item: Leftovers
|-ability|p2a: Yanmega|Speed Boost|boost
|-boost|p2a: Yanmega|spe|1
|upkeep
|turn|9
|
|t:|1757868789
|move|p1a: Zamazenta|Body Press|p2a: Yanmega
|-resisted|p2a: Yanmega
|-damage|p2a: Yanmega|83/100
|move|p2a: Yanmega|Air Slash|p1a: Zamazenta
|-supereffective|p1a: Zamazenta
|-damage|p1a: Zamazenta|0 fnt
|faint|p1a: Zamazenta
|
|-ability|p2a: Yanmega|Speed Boost|boost
|-boost|p2a: Yanmega|spe|1
|upkeep
|inactive|Mysterion-911 has 120 seconds left.
|
|t:|1757868830
|switch|p1a: Dragonite|Dragonite, M|100/100
|turn|10
|
|t:|1757868833
|move|p2a: Yanmega|Air Slash|p1a: Dragonite
|-damage|p1a: Dragonite|79/100
|cant|p1a: Dragonite|flinch
|
|-heal|p1a: Dragonite|85/100|[from] item: Leftovers
|-ability|p2a: Yanmega|Speed Boost|boost
|-boost|p2a: Yanmega|spe|1
|upkeep
|turn|11
|
|t:|1757868847
|move|p2a: Yanmega|Air Slash|p1a: Dragonite
|-damage|p1a: Dragonite|40/100
|move|p1a: Dragonite|Dragon Dance|p1a: Dragonite
|-boost|p1a: Dragonite|atk|1
|-boost|p1a: Dragonite|spe|1
|
|-heal|p1a: Dragonite|46/100|[from] item: Leftovers
|-ability|p2a: Yanmega|Speed Boost|boost
|-boost|p2a: Yanmega|spe|1
|upkeep
|turn|12
|inactive|Mysterion-911 has 90 seconds left.
|
|t:|1757868882
|-terastallize|p1a: Dragonite|Normal
|move|p1a: Dragonite|Extreme Speed|p2a: Yanmega
|-damage|p2a: Yanmega|9/100
|move|p2a: Yanmega|Air Slash|p1a: Dragonite
|-damage|p1a: Dragonite|2/100
|
|-heal|p1a: Dragonite|8/100|[from] item: Leftovers
|-ability|p2a: Yanmega|Speed Boost|boost
|-boost|p2a: Yanmega|spe|1
|upkeep
|turn|13
|inactive|Mysterion-911 has 90 seconds left.
|
|t:|1757868904
|switch|p2a: Moltres|Moltres|100/100
|move|p1a: Dragonite|Extreme Speed|p2a: Moltres
|-damage|p2a: Moltres|34/100
|
|-heal|p1a: Dragonite|14/100|[from] item: Leftovers
|upkeep
|turn|14
|
|t:|1757868931
|move|p1a: Dragonite|Extreme Speed|p2a: Moltres
|-damage|p2a: Moltres|0 fnt
|faint|p2a: Moltres
|
|-heal|p1a: Dragonite|20/100|[from] item: Leftovers
|upkeep
|
|t:|1757868936
|switch|p2a: Araquanid|Araquanid, F|100/100
|-status|p2a: Araquanid|tox
|turn|15
|
|t:|1757868944
|move|p1a: Dragonite|Extreme Speed|p2a: Araquanid
|-damage|p2a: Araquanid|2/100 tox
|move|p2a: Araquanid|Liquidation|p1a: Dragonite
|-damage|p1a: Dragonite|0 fnt
|faint|p1a: Dragonite
|
|-heal|p2a: Araquanid|8/100 tox|[from] item: Leftovers
|-damage|p2a: Araquanid|2/100 tox|[from] psn
|upkeep
|
|t:|1757868961
|switch|p1a: Kingambit|Kingambit, M|100/100
|-activate|p1a: Kingambit|ability: Supreme Overlord
|-start|p1a: Kingambit|fallen4|[silent]
|turn|16
|
|t:|1757868968
|move|p1a: Kingambit|Kowtow Cleave|p2a: Araquanid
|-damage|p2a: Araquanid|0 fnt
|faint|p2a: Araquanid
|
|upkeep
|
|t:|1757868974
|switch|p2a: Darkrai|Darkrai|100/100
|-status|p2a: Darkrai|tox
|turn|17
|
|t:|1757868980
|-terastallize|p2a: Darkrai|Dark
|move|p2a: Darkrai|Dark Pulse|p1a: Kingambit
|-resisted|p1a: Kingambit
|-damage|p1a: Kingambit|63/100
|-damage|p2a: Darkrai|91/100 tox|[from] item: Life Orb
|move|p1a: Kingambit|Low Kick|p2a: Darkrai
|-supereffective|p2a: Darkrai
|-damage|p2a: Darkrai|0 fnt
|faint|p2a: Darkrai
|
|upkeep
|
|t:|1757868991
|switch|p2a: Yanmega|Yanmega, M|9/100
|turn|18
|
|t:|1757868998
|move|p2a: Yanmega|Bug Buzz|p1a: Kingambit
|-damage|p1a: Kingambit|17/100
|-unboost|p1a: Kingambit|spd|1
|move|p1a: Kingambit|Kowtow Cleave|p2a: Yanmega
|-damage|p2a: Yanmega|0 fnt
|faint|p2a: Yanmega
|
|win|Mysterion-911
|raw|Mysterion-911's rating: 1244 &rarr; <strong>1271</strong><br />(+27 for winning)
|raw|Dionaeamuscipul's rating: 1277 &rarr; <strong>1250</strong><br />(-27 for losing)
|l|☆Mysterion-911
|player|p1|
|l|☆Dionaeamuscipul
|player|p2|
