|j|☆PkScept
|j|☆jessieenjoyerez
|t:|1757862564
|gametype|singles
|player|p1|PkScept|169|1321
|player|p2|jessieenjoyerez|cynthia|1338
|gen|9
|tier|[Gen 9] OU
|rated|
|rule|HP Percentage Mod: HP is shown in percentages
|rule|Endless Battle Clause: Forcing endless battles is banned
|rule|Species Clause: Limit one of each Pokémon
|rule|OHKO Clause: OHKO moves are banned
|rule|Evasion Items Clause: Evasion items are banned
|rule|Evasion Moves Clause: Evasion moves are banned
|rule|Evasion Abilities Clause: Evasion abilities are banned
|rule|Sleep Moves Clause: Sleep-inducing moves are banned
|clearpoke
|poke|p1|Ursaluna, M|
|poke|p1|Ninetales-Alola, F|
|poke|p1|Dragonite, F|
|poke|p1|Darkrai|
|poke|p1|Rillaboom, M|
|poke|p1|Skeledirge, F|
|poke|p2|Ogerpon-Wellspring, F|
|poke|p2|Garchomp, F|
|poke|p2|Thundurus-Therian, M|
|poke|p2|Kingambit, F|
|poke|p2|Iron Valiant|
|poke|p2|Amoonguss, F|
|teampreview
|inactive|Battle timer is ON: inactive players will automatically lose when time's up. (requested by jessieenjoyerez)
|inactive|PkScept has 120 seconds left.
|
|t:|1757862598
|teamsize|p1|6
|teamsize|p2|6
|start
|switch|p1a: Rillaboom|Rillaboom, M|100/100
|switch|p2a: Garchomp|Garchomp, F, shiny|100/100
|-fieldstart|move: Grassy Terrain|[from] ability: Grassy Surge|[of] p1a: Rillaboom
|turn|1
|
|t:|1757862611
|switch|p2a: Amoonguss|Amoonguss, F|100/100
|switch|p1a: Ninetales|Ninetales-Alola, F|100/100
|-weather|Snowscape|[from] ability: Snow Warning|[of] p1a: Ninetales
|
|-weather|Snowscape|[upkeep]
|upkeep
|turn|2
|
|t:|1757862635
|move|p1a: Ninetales|Blizzard|p2a: Amoonguss
|-supereffective|p2a: Amoonguss
|-damage|p2a: Amoonguss|21/100
|move|p2a: Amoonguss|Toxic|p1a: Ninetales
|-status|p1a: Ninetales|tox
|
|-weather|Snowscape|[upkeep]
|-heal|p2a: Amoonguss|27/100|[from] Grassy Terrain
|-damage|p1a: Ninetales|95/100 tox|[from] psn
|upkeep
|turn|3
|inactive|PkScept has 120 seconds left.
|inactive|PkScept has 90 seconds left.
|
|t:|1757862685
|switch|p2a: Kingambit|Kingambit, F|100/100
|move|p1a: Ninetales|Blizzard|p2a: Kingambit
|-resisted|p2a: Kingambit
|-damage|p2a: Kingambit|81/100
|
|-weather|Snowscape|[upkeep]
|-heal|p1a: Ninetales|100/100 tox|[from] Grassy Terrain
|-heal|p2a: Kingambit|87/100|[from] Grassy Terrain
|-damage|p1a: Ninetales|89/100 tox|[from] psn
|upkeep
|turn|4
|
|t:|1757862694
|move|p1a: Ninetales|Aurora Veil|p1a: Ninetales
|-sidestart|p1: PkScept|move: Aurora Veil
|move|p2a: Kingambit|Iron Head|p1a: Ninetales
|-supereffective|p1a: Ninetales
|-damage|p1a: Ninetales|6/100 tox
|
|-weather|Snowscape|[upkeep]
|-heal|p1a: Ninetales|12/100 tox|[from] Grassy Terrain
|-heal|p2a: Kingambit|94/100|[from] Grassy Terrain
|-damage|p1a: Ninetales|0 fnt|[from] psn
|faint|p1a: Ninetales
|upkeep
|
|t:|1757862698
|switch|p1a: Ursaluna|Ursaluna, M, shiny|100/100
|turn|5
|
|t:|1757862711
|move|p1a: Ursaluna|Bulk Up|p1a: Ursaluna
|-boost|p1a: Ursaluna|atk|1
|-boost|p1a: Ursaluna|def|1
|move|p2a: Kingambit|Swords Dance|p2a: Kingambit
|-boost|p2a: Kingambit|atk|2
|
|-weather|none
|-heal|p2a: Kingambit|99/100|[from] Grassy Terrain
|upkeep
|turn|6
|
|t:|1757862719
|move|p2a: Kingambit|Sucker Punch||[still]
|-fail|p2a: Kingambit
|move|p1a: Ursaluna|Bulk Up|p1a: Ursaluna
|-boost|p1a: Ursaluna|atk|1
|-boost|p1a: Ursaluna|def|1
|
|-heal|p2a: Kingambit|100/100|[from] Grassy Terrain
|upkeep
|turn|7
|
|t:|1757862724
|move|p1a: Ursaluna|High Horsepower|p2a: Kingambit
|-supereffective|p2a: Kingambit
|-damage|p2a: Kingambit|0 fnt
|faint|p2a: Kingambit
|-end|p2a: Kingambit|fallenundefined|[silent]
|
|upkeep
|
|t:|1757862727
|switch|p2a: Thundurus|Thundurus-Therian, M, shiny|100/100
|turn|8
|
|t:|1757862731
|move|p2a: Thundurus|Grass Knot|p1a: Ursaluna
|-supereffective|p1a: Ursaluna
|-damage|p1a: Ursaluna|65/100
|-damage|p2a: Thundurus|91/100|[from] item: Life Orb
|move|p1a: Ursaluna|Body Slam|p2a: Thundurus
|-damage|p2a: Thundurus|0 fnt
|faint|p2a: Thundurus
|
|-heal|p1a: Ursaluna|71/100|[from] Grassy Terrain
|-heal|p1a: Ursaluna|77/100|[from] item: Leftovers
|-fieldend|move: Grassy Terrain
|upkeep
|
|t:|1757862737
|switch|p2a: Amoonguss|Amoonguss, F|60/100
|turn|9
|
|t:|1757862751
|move|p1a: Ursaluna|High Horsepower|p2a: Amoonguss
|-crit|p2a: Amoonguss
|-damage|p2a: Amoonguss|0 fnt
|faint|p2a: Amoonguss
|
|-heal|p1a: Ursaluna|83/100|[from] item: Leftovers
|upkeep
|inactive|jessieenjoyerez has 120 seconds left.
|-message|jessieenjoyerez forfeited.
|
|win|PkScept
|raw|PkScept's rating: 1321 &rarr; <strong>1342</strong><br />(+21 for winning)
|raw|jessieenjoyerez's rating: 1338 &rarr; <strong>1317</strong><br />(-21 for losing)
|l|☆jessieenjoyerez
|player|p2|
|l|☆PkScept
|player|p1|
