|j|☆Free6lackpanther
|j|☆Basikone
|t:|1757944755
|gametype|singles
|player|p1|Free6lackpanther|102|1365
|player|p2|Basikone|170|1373
|gen|9
|tier|[Gen 9] OU
|rated|
|rule|HP Percentage Mod: HP is shown in percentages
|rule|Endless Battle Clause: Forcing endless battles is banned
|rule|Species Clause: Limit one of each Pokémon
|rule|OHKO Clause: OHKO moves are banned
|rule|Evasion Items Clause: Evasion items are banned
|rule|Evasion Moves Clause: Evasion moves are banned
|rule|Evasion Abilities Clause: Evasion abilities are banned
|rule|Sleep Moves Clause: Sleep-inducing moves are banned
|clearpoke
|poke|p1|Rotom-Wash|
|poke|p1|Ninetales-Alola, F|
|poke|p1|Raging Bolt|
|poke|p1|Tinkaton, F|
|poke|p1|Dragonite, M|
|poke|p1|Scizor, F|
|poke|p2|Scizor, M|
|poke|p2|Jolteon, F|
|poke|p2|Araquanid, M|
|poke|p2|Magnezone|
|poke|p2|Donphan, F|
|poke|p2|Ting-Lu|
|teampreview
|inactive|Battle timer is ON: inactive players will automatically lose when time's up. (requested by Free6lackpanther)
|
|t:|1757944764
|teamsize|p1|6
|teamsize|p2|6
|start
|switch|p1a: Rotom|Rotom-Wash|100/100
|switch|p2a: Araquanid|Araquanid, M|100/100
|turn|1
|
|t:|1757944775
|move|p1a: Rotom|Volt Switch|p2a: Araquanid
|-supereffective|p2a: Araquanid
|-damage|p2a: Araquanid|58/100
|
|t:|1757944794
|switch|p1a: Scizor|Scizor, F|100/100|[from] Volt Switch
|move|p2a: Araquanid|Mirror Coat|p1a: Scizor
|-damage|p1a: Scizor|17/100
|
|-heal|p1a: Scizor|23/100|[from] item: Leftovers
|upkeep
|turn|2
|
|t:|1757944807
|switch|p2a: Scizor|Scizor, M|100/100
|move|p1a: Scizor|Dual Wingbeat|p2a: Scizor
|-damage|p2a: Scizor|79/100
|-damage|p2a: Scizor|55/100
|-hitcount|p2a: Scizor|2
|
|-heal|p1a: Scizor|29/100|[from] item: Leftovers
|upkeep
|turn|3
|
|t:|1757944822
|switch|p1a: Rotom|Rotom-Wash|100/100
|move|p2a: Scizor|U-turn|p1a: Rotom
|-damage|p1a: Rotom|55/100
|
|t:|1757944830
|switch|p2a: Magnezone|Magnezone|100/100|[from] U-turn
|
|-heal|p1a: Rotom|61/100|[from] item: Leftovers
|upkeep
|turn|4
|
|t:|1757944837
|move|p1a: Rotom|Pain Split|p2a: Magnezone
|-sethp|p2a: Magnezone|77/100|[from] move: Pain Split|[silent]
|-sethp|p1a: Rotom|87/100|[from] move: Pain Split
|move|p2a: Magnezone|Thunderbolt|p1a: Rotom
|-damage|p1a: Rotom|33/100
|
|-heal|p1a: Rotom|39/100|[from] item: Leftovers
|upkeep
|turn|5
|
|t:|1757944846
|move|p1a: Rotom|Volt Switch|p2a: Magnezone
|-resisted|p2a: Magnezone
|-damage|p2a: Magnezone|69/100
|
|t:|1757944851
|switch|p1a: Tinkaton|Tinkaton, F|100/100|[from] Volt Switch
|-ability|p1a: Tinkaton|Mold Breaker
|move|p2a: Magnezone|Body Press|p1a: Tinkaton
|-damage|p1a: Tinkaton|51/100
|
|-heal|p1a: Tinkaton|57/100|[from] item: Leftovers
|upkeep
|turn|6
|
|t:|1757944863
|move|p1a: Tinkaton|Knock Off|p2a: Magnezone
|-damage|p2a: Magnezone|53/100
|-enditem|p2a: Magnezone|Assault Vest|[from] move: Knock Off|[of] p1a: Tinkaton
|move|p2a: Magnezone|Thunderbolt|p1a: Tinkaton
|-damage|p1a: Tinkaton|0 fnt
|faint|p1a: Tinkaton
|
|upkeep
|
|t:|1757944873
|switch|p1a: Ninetales|Ninetales-Alola, F|100/100
|-weather|Snowscape|[from] ability: Snow Warning|[of] p1a: Ninetales
|turn|7
|
|t:|1757944878
|move|p1a: Ninetales|Aurora Veil|p1a: Ninetales
|-sidestart|p1: Free6lackpanther|move: Aurora Veil
|move|p2a: Magnezone|Flash Cannon|p1a: Ninetales
|-supereffective|p1a: Ninetales
|-damage|p1a: Ninetales|0 fnt
|faint|p1a: Ninetales
|
|-weather|Snowscape|[upkeep]
|upkeep
|
|t:|1757944886
|switch|p1a: Dragonite|Dragonite, M|100/100
|turn|8
|
|t:|1757944890
|move|p1a: Dragonite|Dragon Dance|p1a: Dragonite
|-boost|p1a: Dragonite|atk|1
|-boost|p1a: Dragonite|spe|1
|move|p2a: Magnezone|Thunderbolt|p1a: Dragonite
|-damage|p1a: Dragonite|88/100
|
|-weather|Snowscape|[upkeep]
|-heal|p1a: Dragonite|94/100|[from] item: Leftovers
|upkeep
|turn|9
|
|t:|1757944900
|switch|p2a: Ting-Lu|Ting-Lu|100/100
|-ability|p2a: Ting-Lu|Vessel of Ruin
|-terastallize|p1a: Dragonite|Normal
|move|p1a: Dragonite|Dragon Dance|p1a: Dragonite
|-boost|p1a: Dragonite|atk|1
|-boost|p1a: Dragonite|spe|1
|
|-weather|Snowscape|[upkeep]
|-heal|p1a: Dragonite|100/100|[from] item: Leftovers
|upkeep
|turn|10
|
|t:|1757944911
|move|p1a: Dragonite|Earthquake|p2a: Ting-Lu
|-damage|p2a: Ting-Lu|61/100
|-enditem|p2a: Ting-Lu|Red Card|[of] p1a: Dragonite
|drag|p1a: Scizor|Scizor, F|29/100
|move|p2a: Ting-Lu|Whirlwind|p1a: Scizor
|drag|p1a: Rotom|Rotom-Wash|39/100
|
|-weather|Snowscape|[upkeep]
|-heal|p1a: Rotom|45/100|[from] item: Leftovers
|upkeep
|turn|11
|
|t:|1757944923
|move|p1a: Rotom|Hydro Pump|p2a: Ting-Lu
|-supereffective|p2a: Ting-Lu
|-damage|p2a: Ting-Lu|25/100
|move|p2a: Ting-Lu|Stealth Rock|p1a: Rotom
|-sidestart|p1: Free6lackpanther|move: Stealth Rock
|
|-weather|none
|-heal|p1a: Rotom|51/100|[from] item: Leftovers
|upkeep
|turn|12
|
|t:|1757944932
|move|p1a: Rotom|Hydro Pump|p2a: Ting-Lu
|-supereffective|p2a: Ting-Lu
|-damage|p2a: Ting-Lu|0 fnt
|faint|p2a: Ting-Lu
|
|-heal|p1a: Rotom|58/100|[from] item: Leftovers
|upkeep
|
|t:|1757944936
|switch|p2a: Araquanid|Araquanid, M|58/100
|turn|13
|
|t:|1757944959
|move|p1a: Rotom|Will-O-Wisp|p2a: Araquanid
|-immune|p2a: Araquanid|[from] ability: Water Bubble
|move|p2a: Araquanid|Leech Life|p1a: Rotom
|-damage|p1a: Rotom|46/100
|-heal|p2a: Araquanid|63/100|[from] drain|[of] p1a: Rotom
|
|-heal|p1a: Rotom|52/100|[from] item: Leftovers
|upkeep
|turn|14
|
|t:|1757944969
|move|p1a: Rotom|Volt Switch|p2a: Araquanid
|-supereffective|p2a: Araquanid
|-damage|p2a: Araquanid|25/100
|
|t:|1757944972
|switch|p1a: Scizor|Scizor, F|29/100|[from] Volt Switch
|-damage|p1a: Scizor|16/100|[from] Stealth Rock
|move|p2a: Araquanid|Mirror Coat|p1a: Scizor
|-damage|p1a: Scizor|0 fnt
|faint|p1a: Scizor
|
|-sideend|p1: Free6lackpanther|move: Aurora Veil
|upkeep
|inactive|Free6lackpanther has 120 seconds left.
|
|t:|1757944993
|switch|p1a: Dragonite|Dragonite, M, tera:Normal|100/100
|-damage|p1a: Dragonite|88/100|[from] Stealth Rock
|turn|15
|
|t:|1757944998
|move|p1a: Dragonite|Dragon Dance|p1a: Dragonite
|-boost|p1a: Dragonite|atk|1
|-boost|p1a: Dragonite|spe|1
|move|p2a: Araquanid|Liquidation|p1a: Dragonite
|-damage|p1a: Dragonite|20/100
|
|-heal|p1a: Dragonite|27/100|[from] item: Leftovers
|upkeep
|turn|16
|
|t:|1757945007
|move|p1a: Dragonite|Extreme Speed|p2a: Araquanid
|-damage|p2a: Araquanid|0 fnt
|faint|p2a: Araquanid
|
|-heal|p1a: Dragonite|33/100|[from] item: Leftovers
|upkeep
|
|t:|1757945011
|switch|p2a: Scizor|Scizor, M|55/100
|turn|17
|
|t:|1757945020
|move|p2a: Scizor|Bullet Punch|p1a: Dragonite
|-damage|p1a: Dragonite|0 fnt
|faint|p1a: Dragonite
|
|upkeep
|
|t:|1757945028
|switch|p1a: Rotom|Rotom-Wash|52/100
|-damage|p1a: Rotom|40/100|[from] Stealth Rock
|turn|18
|
|t:|1757945032
|switch|p2a: Jolteon|Jolteon, F|100/100
|-item|p2a: Jolteon|Air Balloon
|move|p1a: Rotom|Will-O-Wisp|p2a: Jolteon
|-status|p2a: Jolteon|brn
|
|-heal|p1a: Rotom|46/100|[from] item: Leftovers
|-damage|p2a: Jolteon|94/100 brn|[from] brn
|upkeep
|turn|19
|
|t:|1757945044
|move|p2a: Jolteon|Calm Mind|p2a: Jolteon
|-boost|p2a: Jolteon|spa|1
|-boost|p2a: Jolteon|spd|1
|move|p1a: Rotom|Pain Split|p2a: Jolteon
|-sethp|p2a: Jolteon|73/100 brn|[from] move: Pain Split|[silent]
|-sethp|p1a: Rotom|65/100|[from] move: Pain Split
|
|-heal|p1a: Rotom|71/100|[from] item: Leftovers
|-damage|p2a: Jolteon|66/100 brn|[from] brn
|upkeep
|turn|20
|
|t:|1757945055
|move|p2a: Jolteon|Thunderbolt|p1a: Rotom
|-damage|p1a: Rotom|10/100
|move|p1a: Rotom|Hydro Pump|p2a: Jolteon
|-damage|p2a: Jolteon|32/100 brn
|-enditem|p2a: Jolteon|Air Balloon
|
|-heal|p1a: Rotom|16/100|[from] item: Leftovers
|-damage|p2a: Jolteon|26/100 brn|[from] brn
|upkeep
|turn|21
|
|t:|1757945069
|move|p2a: Jolteon|Alluring Voice|p1a: Rotom
|-damage|p1a: Rotom|0 fnt
|faint|p1a: Rotom
|
|-damage|p2a: Jolteon|20/100 brn|[from] brn
|upkeep
|
|t:|1757945075
|switch|p1a: Raging Bolt|Raging Bolt|100/100
|-damage|p1a: Raging Bolt|88/100|[from] Stealth Rock
|turn|22
|
|t:|1757945080
|move|p2a: Jolteon|Alluring Voice|p1a: Raging Bolt
|-supereffective|p1a: Raging Bolt
|-damage|p1a: Raging Bolt|23/100
|move|p1a: Raging Bolt|Calm Mind|p1a: Raging Bolt
|-boost|p1a: Raging Bolt|spa|1
|-boost|p1a: Raging Bolt|spd|1
|
|-heal|p1a: Raging Bolt|29/100|[from] item: Leftovers
|-damage|p2a: Jolteon|13/100 brn|[from] brn
|upkeep
|turn|23
|
|t:|1757945090
|move|p1a: Raging Bolt|Thunderclap|p2a: Jolteon
|-heal|p2a: Jolteon|38/100 brn|[from] ability: Volt Absorb|[of] p1a: Raging Bolt
|move|p2a: Jolteon|Alluring Voice|p1a: Raging Bolt
|-supereffective|p1a: Raging Bolt
|-damage|p1a: Raging Bolt|0 fnt
|faint|p1a: Raging Bolt
|-end|p1a: Raging Bolt|Protosynthesis|[silent]
|
|win|Basikone
|raw|Free6lackpanther's rating: 1365 &rarr; <strong>1345</strong><br />(-20 for losing)
|raw|Basikone's rating: 1373 &rarr; <strong>1393</strong><br />(+20 for winning)
|l|☆Free6lackpanther
|player|p1|
|l|☆Basikone
|player|p2|
