|j|☆charizandra
|j|☆Puki7zL
|t:|1757818771
|gametype|singles
|player|p1|charizandra|cynthia-gen4|1138
|player|p2|Puki7zL|bruno|1077
|gen|9
|tier|[Gen 9] OU
|rated|
|rule|HP Percentage Mod: HP is shown in percentages
|rule|Endless Battle Clause: Forcing endless battles is banned
|rule|Species Clause: Limit one of each Pokémon
|rule|OHKO Clause: OHKO moves are banned
|rule|Evasion Items Clause: Evasion items are banned
|rule|Evasion Moves Clause: Evasion moves are banned
|rule|Evasion Abilities Clause: Evasion abilities are banned
|rule|Sleep Moves Clause: Sleep-inducing moves are banned
|clearpoke
|poke|p1|Araquanid, F|
|poke|p1|Kleavor, M|
|poke|p1|Scizor, F|
|poke|p1|Heracross, M|
|poke|p1|Yanmega, M|
|poke|p1|Vikavolt, M|
|poke|p2|Gholdengo|
|poke|p2|Zamazenta-*|
|poke|p2|Ting-Lu|
|poke|p2|Clefable, F|
|poke|p2|Dragonite, M|
|poke|p2|Deoxys-Speed|
|teampreview
|
|t:|1757818814
|teamsize|p1|6
|teamsize|p2|6
|start
|switch|p1a: Kleavor|Kleavor, M|100/100
|switch|p2a: Secret Service|Dragonite, M|100/100
|turn|1
|
|t:|1757818826
|move|p1a: Kleavor|Stone Axe|p2a: Secret Service
|-supereffective|p2a: Secret Service
|-damage|p2a: Secret Service|50/100
|-sidestart|p2: Puki7zL|move: Stealth Rock
|move|p2a: Secret Service|Earthquake|p1a: Kleavor
|-damage|p1a: Kleavor|50/100
|
|upkeep
|turn|2
|
|t:|1757818841
|-terastallize|p2a: Secret Service|Normal
|move|p2a: Secret Service|Extreme Speed|p1a: Kleavor
|-resisted|p1a: Kleavor
|-damage|p1a: Kleavor|21/100
|move|p1a: Kleavor|Stone Axe|p2a: Secret Service
|-damage|p2a: Secret Service|0 fnt
|faint|p2a: Secret Service
|
|upkeep
|
|t:|1757818849
|switch|p2a: Djengo Unrained|Gholdengo|100/100
|turn|3
|
|t:|1757818859
|move|p1a: Kleavor|Night Slash|p2a: Djengo Unrained
|-supereffective|p2a: Djengo Unrained
|-damage|p2a: Djengo Unrained|50/100
|move|p2a: Djengo Unrained|Nasty Plot|p2a: Djengo Unrained
|-boost|p2a: Djengo Unrained|spa|2
|
|upkeep
|turn|4
|
|t:|1757818866
|move|p1a: Kleavor|Night Slash|p2a: Djengo Unrained
|-supereffective|p2a: Djengo Unrained
|-damage|p2a: Djengo Unrained|0 fnt
|faint|p2a: Djengo Unrained
|
|upkeep
|
|t:|1757818869
|switch|p2a: CClifford|Zamazenta|100/100
|-ability|p2a: CClifford|Dauntless Shield|boost
|-boost|p2a: CClifford|def|1
|turn|5
|
|t:|1757818875
|move|p2a: CClifford|Ice Fang|p1a: Kleavor
|-damage|p1a: Kleavor|0 fnt
|faint|p1a: Kleavor
|
|upkeep
|
|t:|1757818885
|switch|p1a: Vikavolt|Vikavolt, M|100/100
|turn|6
|
|t:|1757818895
|move|p2a: CClifford|Stone Edge|p1a: Vikavolt
|-supereffective|p1a: Vikavolt
|-damage|p1a: Vikavolt|13/100
|move|p1a: Vikavolt|Thunderbolt|p2a: CClifford
|-damage|p2a: CClifford|46/100
|-damage|p1a: Vikavolt|3/100|[from] item: Life Orb
|
|upkeep
|turn|7
|
|t:|1757818901
|move|p2a: CClifford|Ice Fang|p1a: Vikavolt
|-damage|p1a: Vikavolt|0 fnt
|faint|p1a: Vikavolt
|
|upkeep
|
|t:|1757818905
|switch|p1a: Yanmega|Yanmega, M|100/100
|turn|8
|
|t:|1757818918
|move|p2a: CClifford|Stone Edge|p1a: Yanmega
|-supereffective|p1a: Yanmega
|-damage|p1a: Yanmega|0 fnt
|faint|p1a: Yanmega
|
|upkeep
|
|t:|1757818927
|switch|p1a: Araquanid|Araquanid, F|100/100
|turn|9
|
|t:|1757818933
|move|p2a: CClifford|Close Combat|p1a: Araquanid
|-resisted|p1a: Araquanid
|-damage|p1a: Araquanid|71/100
|-unboost|p2a: CClifford|def|1
|-unboost|p2a: CClifford|spd|1
|move|p1a: Araquanid|Liquidation|p2a: CClifford
|-damage|p2a: CClifford|0 fnt
|faint|p2a: CClifford
|
|upkeep
|
|t:|1757818938
|switch|p2a: Dude Nasty Asf|Deoxys-Speed|100/100
|-ability|p2a: Dude Nasty Asf|Pressure
|turn|10
|
|t:|1757818946
|move|p2a: Dude Nasty Asf|Thunderbolt|p1a: Araquanid
|-supereffective|p1a: Araquanid
|-damage|p1a: Araquanid|26/100
|move|p1a: Araquanid|Mirror Coat|p2a: Dude Nasty Asf
|-damage|p2a: Dude Nasty Asf|0 fnt
|faint|p2a: Dude Nasty Asf
|
|upkeep
|
|t:|1757818950
|switch|p2a: Moonrock 350|Clefable, F|100/100
|turn|11
|
|t:|1757818957
|move|p2a: Moonrock 350|Moonblast|p1a: Araquanid
|-damage|p1a: Araquanid|2/100
|move|p1a: Araquanid|Liquidation|p2a: Moonrock 350
|-damage|p2a: Moonrock 350|48/100
|-damage|p1a: Araquanid|0 fnt|[from] item: Rocky Helmet|[of] p2a: Moonrock 350
|faint|p1a: Araquanid
|
|upkeep
|
|t:|1757818965
|switch|p1a: Scizor|Scizor, F|100/100
|turn|12
|
|t:|1757818976
|move|p1a: Scizor|Swords Dance|p1a: Scizor
|-boost|p1a: Scizor|atk|2
|move|p2a: Moonrock 350|Knock Off|p1a: Scizor
|-damage|p1a: Scizor|86/100
|-enditem|p1a: Scizor|Leftovers|[from] move: Knock Off|[of] p2a: Moonrock 350
|
|upkeep
|turn|13
|
|t:|1757818981
|move|p1a: Scizor|Bullet Punch|p2a: Moonrock 350
|-supereffective|p2a: Moonrock 350
|-damage|p2a: Moonrock 350|0 fnt
|-damage|p1a: Scizor|70/100|[from] item: Rocky Helmet|[of] p2a: Moonrock 350
|faint|p2a: Moonrock 350
|
|upkeep
|
|t:|1757818984
|switch|p2a: Up Bowl On Em|Ting-Lu|100/100
|-damage|p2a: Up Bowl On Em|94/100|[from] Stealth Rock
|-ability|p2a: Up Bowl On Em|Vessel of Ruin
|turn|14
|
|t:|1757818992
|move|p1a: Scizor|Trailblaze|p2a: Up Bowl On Em
|-supereffective|p2a: Up Bowl On Em
|-damage|p2a: Up Bowl On Em|29/100
|-boost|p1a: Scizor|spe|1
|move|p2a: Up Bowl On Em|Earthquake|p1a: Scizor
|-damage|p1a: Scizor|35/100
|
|-heal|p2a: Up Bowl On Em|35/100|[from] item: Leftovers
|upkeep
|turn|15
|
|t:|1757819002
|move|p1a: Scizor|Trailblaze|p2a: Up Bowl On Em
|-supereffective|p2a: Up Bowl On Em
|-damage|p2a: Up Bowl On Em|0 fnt
|-boost|p1a: Scizor|spe|1
|faint|p2a: Up Bowl On Em
|
|win|charizandra
|raw|charizandra's rating: 1138 &rarr; <strong>1159</strong><br />(+21 for winning)
|raw|Puki7zL's rating: 1077 &rarr; <strong>1059</strong><br />(-18 for losing)
|l|☆Puki7zL
|player|p2|
