|j|☆Dunoks
|j|☆asterclan
|inactive|Battle timer is ON: inactive players will automatically lose when time's up.
|t:|1757786801
|gametype|singles
|player|p1|Dunoks|#fcl9mighty|
|player|p2|asterclan|brycen|
|gen|9
|tier|[Gen 9] OU
|rated|Tournament battle
|rule|HP Percentage Mod: HP is shown in percentages
|rule|Endless Battle Clause: Forcing endless battles is banned
|rule|Species Clause: Limit one of each Pokémon
|rule|OHKO Clause: OHKO moves are banned
|rule|Evasion Items Clause: Evasion items are banned
|rule|Evasion Moves Clause: Evasion moves are banned
|rule|Evasion Abilities Clause: Evasion abilities are banned
|rule|Sleep Moves Clause: Sleep-inducing moves are banned
|clearpoke
|poke|p1|Zamazenta-*|
|poke|p1|Ceruledge, F|
|poke|p1|Kyurem|
|poke|p1|Ninetales-Alola, M|
|poke|p1|Hatterene, F|
|poke|p1|Darkrai|
|poke|p2|Samurott-Hisui, F|
|poke|p2|Iron Crown|
|poke|p2|Raging Bolt|
|poke|p2|Ogerpon-Cornerstone, F|
|poke|p2|Tornadus, M|
|poke|p2|Excadrill, M|
|teampreview
|j|*Lady Monita ☀
|
|t:|1757786823
|teamsize|p1|6
|teamsize|p2|6
|start
|switch|p1a: Ninetales|Ninetales-Alola, M|100/100
|switch|p2a: Tornadus|Tornadus, M|100/100
|-weather|Snowscape|[from] ability: Snow Warning|[of] p1a: Ninetales
|turn|1
|
|t:|1757786838
|move|p2a: Tornadus|Sunny Day|p2a: Tornadus
|-weather|SunnyDay
|move|p1a: Ninetales|Aurora Veil||[still]
|-fail|p1a: Ninetales
|
|-weather|SunnyDay|[upkeep]
|upkeep
|turn|2
|
|t:|1757786841
|move|p2a: Tornadus|Weather Ball|p1a: Ninetales
|-supereffective|p1a: Ninetales
|-damage|p1a: Ninetales|5/100
|move|p1a: Ninetales|Snowscape|p1a: Ninetales
|-weather|Snowscape
|
|-weather|Snowscape|[upkeep]
|upkeep
|turn|3
|
|t:|1757786846
|switch|p1a: Hatterene|Hatterene, F|100/100
|move|p2a: Tornadus|Sunny Day|p2a: Tornadus
|-weather|SunnyDay
|
|-weather|SunnyDay|[upkeep]
|upkeep
|turn|4
|
|t:|1757786849
|move|p2a: Tornadus|Sludge Wave|p1a: Hatterene
|-supereffective|p1a: Hatterene
|-damage|p1a: Hatterene|31/100
|move|p1a: Hatterene|Calm Mind|p1a: Hatterene
|-boost|p1a: Hatterene|spa|1
|-boost|p1a: Hatterene|spd|1
|
|-weather|SunnyDay|[upkeep]
|-heal|p1a: Hatterene|37/100|[from] item: Leftovers
|upkeep
|turn|5
|
|t:|1757786854
|move|p2a: Tornadus|Sludge Wave|p1a: Hatterene
|-supereffective|p1a: Hatterene
|-crit|p1a: Hatterene
|-damage|p1a: Hatterene|0 fnt
|faint|p1a: Hatterene
|
|-weather|SunnyDay|[upkeep]
|upkeep
|
|t:|1757786855
|switch|p1a: Ceruledge|Ceruledge, F|100/100
|turn|6
|
|t:|1757786857
|move|p2a: Tornadus|Tailwind|p2a: Tornadus
|-sidestart|p2: asterclan|move: Tailwind
|move|p1a: Ceruledge|Bitter Blade|p2a: Tornadus
|-damage|p2a: Tornadus|11/100
|
|-weather|SunnyDay|[upkeep]
|upkeep
|turn|7
|
|t:|1757786864
|switch|p2a: Raging Bolt|Raging Bolt|100/100
|-activate|p2a: Raging Bolt|ability: Protosynthesis
|-start|p2a: Raging Bolt|protosynthesisspa
|move|p1a: Ceruledge|Bulk Up|p1a: Ceruledge
|-boost|p1a: Ceruledge|atk|1
|-boost|p1a: Ceruledge|def|1
|
|-weather|SunnyDay|[upkeep]
|upkeep
|turn|8
|
|t:|1757786869
|move|p2a: Raging Bolt|Thunderbolt|p1a: Ceruledge
|-damage|p1a: Ceruledge|31/100
|move|p1a: Ceruledge|Bitter Blade|p2a: Raging Bolt
|-resisted|p2a: Raging Bolt
|-damage|p2a: Raging Bolt|67/100
|-heal|p1a: Ceruledge|53/100|[from] drain|[of] p2a: Raging Bolt
|
|-weather|SunnyDay|[upkeep]
|upkeep
|turn|9
|
|t:|1757786874
|switch|p1a: Ninetales|Ninetales-Alola, M|5/100
|-weather|Snowscape|[from] ability: Snow Warning|[of] p1a: Ninetales
|-end|p2a: Raging Bolt|Protosynthesis
|move|p2a: Raging Bolt|Thunderclap||[still]
|-fail|p2a: Raging Bolt
|
|-weather|Snowscape|[upkeep]
|-sideend|p2: asterclan|move: Tailwind
|upkeep
|turn|10
|
|t:|1757786879
|move|p2a: Raging Bolt|Thunderclap||[still]
|-fail|p2a: Raging Bolt
|move|p1a: Ninetales|Aurora Veil|p1a: Ninetales
|-sidestart|p1: Dunoks|move: Aurora Veil
|
|-weather|Snowscape|[upkeep]
|upkeep
|turn|11
|
|t:|1757786882
|move|p2a: Raging Bolt|Thunderclap||[still]
|-fail|p2a: Raging Bolt
|move|p1a: Ninetales|Encore|p2a: Raging Bolt
|-start|p2a: Raging Bolt|Encore
|
|-weather|Snowscape|[upkeep]
|upkeep
|turn|12
|
|t:|1757786885
|switch|p1a: Kyurem|Kyurem|100/100
|-ability|p1a: Kyurem|Pressure
|move|p2a: Raging Bolt|Thunderclap||[still]
|-fail|p2a: Raging Bolt
|
|-weather|Snowscape|[upkeep]
|upkeep
|turn|13
|
|t:|1757786891
|-end|p2a: Raging Bolt|Protosynthesis|[silent]
|switch|p2a: Iron Crown|Iron Crown|100/100
|move|p1a: Kyurem|Dragon Dance|p1a: Kyurem
|-boost|p1a: Kyurem|atk|1
|-boost|p1a: Kyurem|spe|1
|
|-weather|none
|upkeep
|turn|14
|
|t:|1757786896
|-terastallize|p1a: Kyurem|Electric
|move|p1a: Kyurem|Substitute|p1a: Kyurem
|-start|p1a: Kyurem|Substitute
|-damage|p1a: Kyurem|76/100
|move|p2a: Iron Crown|Tachyon Cutter|p1a: Kyurem
|-resisted|p1a: Kyurem
|-activate|p1a: Kyurem|move: Substitute|[damage]
|-resisted|p1a: Kyurem
|-activate|p1a: Kyurem|move: Substitute|[damage]
|-hitcount|p1a: Kyurem|2
|
|upkeep
|turn|15
|
|t:|1757786903
|-end|p2a: Iron Crown|Quark Drive|[silent]
|switch|p2a: Ogerpon|Ogerpon-Cornerstone, F|100/100
|move|p1a: Kyurem|Dragon Dance|p1a: Kyurem
|-boost|p1a: Kyurem|atk|1
|-boost|p1a: Kyurem|spe|1
|
|upkeep
|turn|16
|
|t:|1757786909
|-terastallize|p2a: Ogerpon|Rock
|detailschange|p2a: Ogerpon|Ogerpon-Cornerstone-Tera, F, tera:Rock
|-ability|p2a: Ogerpon|Embody Aspect (Cornerstone)|boost
|-boost|p2a: Ogerpon|def|1
|move|p1a: Kyurem|Icicle Spear|p2a: Ogerpon
|-damage|p2a: Ogerpon|75/100
|-damage|p2a: Ogerpon|49/100
|-damage|p2a: Ogerpon|21/100
|-damage|p2a: Ogerpon|0 fnt
|faint|p2a: Ogerpon
|detailschange|p2: Ogerpon|Ogerpon-Cornerstone, F|[silent]
|-hitcount|p2: Ogerpon|4
|
|upkeep
|j| Failbor21
|
|t:|1757786919
|switch|p2a: Tornadus|Tornadus, M|11/100
|turn|17
|
|t:|1757786922
|move|p2a: Tornadus|Sunny Day|p2a: Tornadus
|-weather|SunnyDay
|move|p1a: Kyurem|Dragon Dance|p1a: Kyurem
|-boost|p1a: Kyurem|atk|1
|-boost|p1a: Kyurem|spe|1
|
|-weather|SunnyDay|[upkeep]
|-sideend|p1: Dunoks|move: Aurora Veil
|upkeep
|turn|18
|
|t:|1757786928
|move|p2a: Tornadus|Tailwind|p2a: Tornadus
|-sidestart|p2: asterclan|move: Tailwind
|move|p1a: Kyurem|Icicle Spear|p2a: Tornadus
|-supereffective|p2a: Tornadus
|-damage|p2a: Tornadus|0 fnt
|faint|p2a: Tornadus
|-hitcount|p2: Tornadus|1
|
|-weather|SunnyDay|[upkeep]
|upkeep
|j| Nisahott1e
|
|t:|1757786935
|switch|p2a: Raging Bolt|Raging Bolt|67/100
|-activate|p2a: Raging Bolt|ability: Protosynthesis
|-start|p2a: Raging Bolt|protosynthesisspa
|turn|19
|
|t:|1757786939
|move|p1a: Kyurem|Icicle Spear|p2a: Raging Bolt
|-supereffective|p2a: Raging Bolt
|-damage|p2a: Raging Bolt|11/100
|-supereffective|p2a: Raging Bolt
|-damage|p2a: Raging Bolt|0 fnt
|faint|p2a: Raging Bolt
|-end|p2a: Raging Bolt|Protosynthesis|[silent]
|-hitcount|p2: Raging Bolt|2
|
|-weather|SunnyDay|[upkeep]
|upkeep
|
|t:|1757786942
|switch|p2a: Iron Crown|Iron Crown|100/100
|turn|20
|
|t:|1757786951
|move|p1a: Kyurem|Tera Blast|p2a: Iron Crown|[anim] Tera Blast Electric
|-damage|p2a: Iron Crown|0 fnt
|faint|p2a: Iron Crown
|-end|p2a: Iron Crown|Quark Drive|[silent]
|
|-weather|SunnyDay|[upkeep]
|upkeep
|
|t:|1757786956
|switch|p2a: Excadrill|Excadrill, M|100/100
|-ability|p2a: Excadrill|Mold Breaker
|turn|21
|
|t:|1757786962
|move|p1a: Kyurem|Icicle Spear|p2a: Excadrill
|-damage|p2a: Excadrill|52/100
|-damage|p2a: Excadrill|0 fnt
|faint|p2a: Excadrill
|-hitcount|p2: Excadrill|2
|
|-weather|SunnyDay|[upkeep]
|-sideend|p2: asterclan|move: Tailwind
|upkeep
|
|t:|1757786965
|switch|p2a: Samurott|Samurott-Hisui, F|100/100
|turn|22
|l| Nisahott1e
|
|t:|1757786968
|move|p1a: Kyurem|Tera Blast|p2a: Samurott|[anim] Tera Blast Electric
|-supereffective|p2a: Samurott
|-damage|p2a: Samurott|0 fnt
|faint|p2a: Samurott
|
|win|Dunoks
|n|☆Dunoks|dunoks
|n|☆asterclan|asterclan
|n|*Lady Monita ☀|ladymonita
|n| Failbor21|failbor21
|l|*Lady Monita ☀
|l|☆asterclan
|player|p2|
|l|☆Dunoks
|player|p1|
