|j|☆moron tester
|j|☆PepeNike
|t:|1757896207
|gametype|singles
|player|p1|moron tester|101|1430
|player|p2|PepeNike|102|1396
|gen|9
|tier|[Gen 9] OU
|rated|
|rule|HP Percentage Mod: HP is shown in percentages
|rule|Endless Battle Clause: Forcing endless battles is banned
|rule|Species Clause: Limit one of each Pokémon
|rule|OHKO Clause: OHKO moves are banned
|rule|Evasion Items Clause: Evasion items are banned
|rule|Evasion Moves Clause: Evasion moves are banned
|rule|Evasion Abilities Clause: Evasion abilities are banned
|rule|Sleep Moves Clause: Sleep-inducing moves are banned
|clearpoke
|poke|p1|Great Tusk|
|poke|p1|Tyranitar, M|
|poke|p1|Araquanid, M|
|poke|p1|Pecharunt|
|poke|p1|Moltres|
|poke|p1|Jolteon, M|
|poke|p2|Milotic, M|
|poke|p2|Kingambit, M|
|poke|p2|Serperior, F|
|poke|p2|Araquanid, M|
|poke|p2|Cinderace, M|
|poke|p2|Malamar, F|
|teampreview
|inactive|Battle timer is ON: inactive players will automatically lose when time's up. (requested by PepeNike)
|
|t:|1757896235
|teamsize|p1|6
|teamsize|p2|6
|start
|switch|p1a: Jolteon|Jolteon, M|100/100
|switch|p2a: Araquanid|Araquanid, M|100/100
|turn|1
|
|t:|1757896263
|move|p1a: Jolteon|Calm Mind|p1a: Jolteon
|-boost|p1a: Jolteon|spa|1
|-boost|p1a: Jolteon|spd|1
|move|p2a: Araquanid|Sticky Web|p1a: Jolteon
|-sidestart|p1: moron tester|move: Sticky Web
|
|upkeep
|turn|2
|
|t:|1757896265
|move|p1a: Jolteon|Thunderbolt|p2a: Araquanid
|-supereffective|p2a: Araquanid
|-damage|p2a: Araquanid|0 fnt
|faint|p2a: Araquanid
|
|upkeep
|inactive|PepeNike has 120 seconds left.
|
|t:|1757896301
|switch|p2a: Cinderace|Cinderace, M|100/100
|turn|3
|
|t:|1757896304
|move|p1a: Jolteon|Thunderbolt|p2a: Cinderace
|-damage|p2a: Cinderace|21/100
|move|p2a: Cinderace|Court Change|p2a: Cinderace
|-start|p2a: Cinderace|typechange|Normal|[from] ability: Libero
|-swapsideconditions
|-activate|p2a: Cinderace|move: Court Change
|
|upkeep
|turn|4
|inactive|PepeNike has 120 seconds left.
|
|t:|1757896310
|move|p1a: Jolteon|Thunderbolt|p2a: Cinderace
|-damage|p2a: Cinderace|0 fnt
|faint|p2a: Cinderace
|
|upkeep
|
|t:|1757896315
|switch|p2a: Malamar|Malamar, F|100/100
|-activate|p2a: Malamar|move: Sticky Web
|-boost|p2a: Malamar|spe|1
|turn|5
|
|t:|1757896319
|move|p2a: Malamar|Superpower|p1a: Jolteon
|-damage|p1a: Jolteon|39/100
|-boost|p2a: Malamar|atk|1
|-boost|p2a: Malamar|def|1
|move|p1a: Jolteon|Alluring Voice|p2a: Malamar
|-supereffective|p2a: Malamar
|-damage|p2a: Malamar|0 fnt
|faint|p2a: Malamar
|
|upkeep
|
|t:|1757896332
|switch|p2a: Serperior|Serperior, F|100/100
|-activate|p2a: Serperior|move: Sticky Web
|-boost|p2a: Serperior|spe|1
|turn|6
|
|t:|1757896337
|switch|p1a: Araquanid|Araquanid, M|100/100
|move|p2a: Serperior|Leaf Storm|p1a: Araquanid
|-damage|p1a: Araquanid|62/100
|-boost|p2a: Serperior|spa|2
|
|upkeep
|turn|7
|inactive|PepeNike has 120 seconds left.
|
|t:|1757896372
|-terastallize|p2a: Serperior|Grass
|move|p2a: Serperior|Leaf Storm|p1a: Araquanid
|-crit|p1a: Araquanid
|-damage|p1a: Araquanid|0 fnt
|-boost|p2a: Serperior|spa|2
|faint|p1a: Araquanid
|
|upkeep
|
|t:|1757896375
|switch|p1a: Moltres|Moltres|100/100
|turn|8
|
|t:|1757896379
|move|p2a: Serperior|Leaf Storm|p1a: Moltres
|-resisted|p1a: Moltres
|-damage|p1a: Moltres|53/100
|-boost|p2a: Serperior|spa|2
|move|p1a: Moltres|Flamethrower|p2a: Serperior
|-supereffective|p2a: Serperior
|-damage|p2a: Serperior|16/100
|
|-heal|p2a: Serperior|22/100|[from] item: Leftovers
|upkeep
|turn|9
|
|t:|1757896386
|switch|p1a: Tyranitar|Tyranitar, M|100/100
|-weather|Sandstorm|[from] ability: Sand Stream|[of] p1a: Tyranitar
|move|p2a: Serperior|Leaf Storm|p1a: Tyranitar
|-supereffective|p1a: Tyranitar
|-damage|p1a: Tyranitar|0 fnt
|faint|p1a: Tyranitar
|
|-weather|Sandstorm|[upkeep]
|-damage|p2a: Serperior|16/100|[from] Sandstorm
|-heal|p2a: Serperior|22/100|[from] item: Leftovers
|upkeep
|
|t:|1757896387
|switch|p1a: Moltres|Moltres|53/100
|turn|10
|
|t:|1757896392
|move|p2a: Serperior|Leaf Storm|p1a: Moltres
|-resisted|p1a: Moltres
|-damage|p1a: Moltres|0 fnt
|faint|p1a: Moltres
|
|-weather|Sandstorm|[upkeep]
|-damage|p2a: Serperior|16/100|[from] Sandstorm
|-heal|p2a: Serperior|22/100|[from] item: Leftovers
|upkeep
|
|t:|1757896398
|switch|p1a: Jolteon|Jolteon, M|39/100
|turn|11
|
|t:|1757896402
|move|p2a: Serperior|Leaf Storm|p1a: Jolteon
|-crit|p1a: Jolteon
|-damage|p1a: Jolteon|0 fnt
|faint|p1a: Jolteon
|
|-weather|Sandstorm|[upkeep]
|-damage|p2a: Serperior|16/100|[from] Sandstorm
|-heal|p2a: Serperior|22/100|[from] item: Leftovers
|upkeep
|
|t:|1757896406
|switch|p1a: Pecharunt|Pecharunt|100/100
|turn|12
|inactive|PepeNike has 120 seconds left.
|
|t:|1757896450
|move|p2a: Serperior|Leaf Storm|p1a: Pecharunt
|-resisted|p1a: Pecharunt
|-damage|p1a: Pecharunt|0 fnt
|faint|p1a: Pecharunt
|
|-weather|Sandstorm|[upkeep]
|-damage|p2a: Serperior|16/100|[from] Sandstorm
|-heal|p2a: Serperior|22/100|[from] item: Leftovers
|upkeep
|
|t:|1757896453
|switch|p1a: Great Tusk|Great Tusk|100/100
|turn|13
|
|t:|1757896456
|move|p2a: Serperior|Leaf Storm|p1a: Great Tusk|[miss]
|-miss|p2a: Serperior|p1a: Great Tusk
|move|p1a: Great Tusk|Rapid Spin|p2a: Serperior
|-damage|p2a: Serperior|0 fnt
|-boost|p1a: Great Tusk|spe|1
|faint|p2a: Serperior
|
|-weather|none
|upkeep
|
|t:|1757896458
|switch|p2a: Milotic|Milotic, M|100/100
|-activate|p2a: Milotic|move: Sticky Web
|-unboost|p2a: Milotic|spe|1
|-ability|p2a: Milotic|Competitive|boost
|-boost|p2a: Milotic|spa|2
|turn|14
|-message|moron tester forfeited.
|
|win|PepeNike
|raw|moron tester's rating: 1430 &rarr; <strong>1408</strong><br />(-22 for losing)
|raw|PepeNike's rating: 1396 &rarr; <strong>1418</strong><br />(+22 for winning)
|l|☆moron tester
|player|p1|
|l|☆PepeNike
|player|p2|
