|j|☆Docter_Peng99
|j|☆Leader Alastor
|t:|1757862519
|gametype|singles
|player|p1|Docter_Peng99|drayton|1379
|player|p2|Leader Alastor|blue|1348
|gen|9
|tier|[Gen 9] OU
|rated|
|rule|HP Percentage Mod: HP is shown in percentages
|rule|Endless Battle Clause: Forcing endless battles is banned
|rule|Species Clause: Limit one of each Pokémon
|rule|OHKO Clause: OHKO moves are banned
|rule|Evasion Items Clause: Evasion items are banned
|rule|Evasion Moves Clause: Evasion moves are banned
|rule|Evasion Abilities Clause: Evasion abilities are banned
|rule|Sleep Moves Clause: Sleep-inducing moves are banned
|clearpoke
|poke|p1|Clodsire, M|
|poke|p1|Iron Crown|
|poke|p1|Primarina, F|
|poke|p1|Great Tusk|
|poke|p1|Skeledirge, M|
|poke|p1|Kingambit, M|
|poke|p2|Ceruledge, M|
|poke|p2|Iron Valiant|
|poke|p2|Lilligant, F|
|poke|p2|Cloyster, F|
|poke|p2|Noivern, F|
|poke|p2|Malamar, F|
|teampreview
|inactive|Battle timer is ON: inactive players will automatically lose when time's up. (requested by Leader Alastor)
|
|t:|1757862527
|teamsize|p1|6
|teamsize|p2|6
|start
|switch|p1a: GodClod|Clodsire, M, shiny|100/100
|switch|p2a: Trident|Cloyster, F|100/100
|turn|1
|
|t:|1757862531
|move|p2a: Trident|Icicle Spear|p1a: GodClod
|-supereffective|p1a: GodClod
|-damage|p1a: GodClod|76/100
|-supereffective|p1a: GodClod
|-damage|p1a: GodClod|51/100
|-supereffective|p1a: GodClod
|-damage|p1a: GodClod|26/100
|-supereffective|p1a: GodClod
|-damage|p1a: GodClod|1/100
|-supereffective|p1a: GodClod
|-damage|p1a: GodClod|0 fnt
|faint|p1a: GodClod
|-hitcount|p1: GodClod|5
|
|upkeep
|
|t:|1757862538
|switch|p1a: Iron Judgement|Iron Crown|100/100
|turn|2
|
|t:|1757862541
|move|p1a: Iron Judgement|Tachyon Cutter|p2a: Trident
|-damage|p2a: Trident|33/100
|-damage|p2a: Trident|0 fnt
|faint|p2a: Trident
|-hitcount|p2: Trident|2
|
|upkeep
|
|t:|1757862546
|switch|p2a: Flamberge|Ceruledge, M|100/100
|turn|3
|
|t:|1757862548
|move|p1a: Iron Judgement|Future Sight|p2a: Flamberge
|-start|p1a: Iron Judgement|move: Future Sight
|move|p2a: Flamberge|Bitter Blade|p1a: Iron Judgement
|-supereffective|p1a: Iron Judgement
|-damage|p1a: Iron Judgement|10/100
|
|upkeep
|turn|4
|
|t:|1757862555
|-terastallize|p2a: Flamberge|Dark
|move|p1a: Iron Judgement|Volt Switch|p2a: Flamberge
|-damage|p2a: Flamberge|71/100
|
|t:|1757862572
|-end|p1a: Iron Judgement|Quark Drive|[silent]
|switch|p1a: Shirahoshi|Primarina, F|100/100|[from] Volt Switch
|move|p2a: Flamberge|Bulk Up|p2a: Flamberge
|-boost|p2a: Flamberge|atk|1
|-boost|p2a: Flamberge|def|1
|
|upkeep
|turn|5
|
|t:|1757862577
|move|p2a: Flamberge|Bitter Blade|p1a: Shirahoshi
|-resisted|p1a: Shirahoshi
|-damage|p1a: Shirahoshi|51/100
|-heal|p2a: Flamberge|99/100|[from] drain|[of] p1a: Shirahoshi
|move|p1a: Shirahoshi|Moonblast|p2a: Flamberge
|-supereffective|p2a: Flamberge
|-damage|p2a: Flamberge|0 fnt
|faint|p2a: Flamberge
|
|-hint|Future Sight did not hit because the target is fainted.
|upkeep
|
|t:|1757862590
|switch|p2a: Gladius|Lilligant, F|100/100
|turn|6
|
|t:|1757862593
|move|p2a: Gladius|Quiver Dance|p2a: Gladius
|-boost|p2a: Gladius|spa|1
|-boost|p2a: Gladius|spd|1
|-boost|p2a: Gladius|spe|1
|move|p1a: Shirahoshi|Moonblast|p2a: Gladius
|-damage|p2a: Gladius|50/100
|
|upkeep
|turn|7
|
|t:|1757862599
|move|p2a: Gladius|Giga Drain|p1a: Shirahoshi
|-supereffective|p1a: Shirahoshi
|-damage|p1a: Shirahoshi|0 fnt
|-heal|p2a: Gladius|79/100|[from] drain|[of] p1a: Shirahoshi
|faint|p1a: Shirahoshi
|
|upkeep
|
|t:|1757862601
|switch|p1a: Nightmare|Skeledirge, M|100/100
|turn|8
|
|t:|1757862603
|move|p2a: Gladius|Leech Seed|p1a: Nightmare
|-start|p1a: Nightmare|move: Leech Seed
|move|p1a: Nightmare|Torch Song|p2a: Gladius
|-supereffective|p2a: Gladius
|-damage|p2a: Gladius|0 fnt
|-boost|p1a: Nightmare|spa|1
|faint|p2a: Gladius
|
|upkeep
|
|t:|1757862607
|switch|p2a: Scimitar|Noivern, F|100/100
|turn|9
|
|t:|1757862611
|move|p2a: Scimitar|Air Slash|p1a: Nightmare
|-damage|p1a: Nightmare|78/100
|move|p1a: Nightmare|Will-O-Wisp|p2a: Scimitar
|-status|p2a: Scimitar|brn
|
|-damage|p1a: Nightmare|65/100|[from] Leech Seed|[of] p2a: Scimitar
|-damage|p2a: Scimitar|94/100 brn|[from] brn
|upkeep
|turn|10
|
|t:|1757862617
|move|p2a: Scimitar|Air Slash|p1a: Nightmare
|-damage|p1a: Nightmare|43/100
|move|p1a: Nightmare|Slack Off|p1a: Nightmare
|-heal|p1a: Nightmare|93/100
|
|-damage|p1a: Nightmare|81/100|[from] Leech Seed|[of] p2a: Scimitar
|-heal|p2a: Scimitar|100/100 brn|[silent]
|-damage|p2a: Scimitar|94/100 brn|[from] brn
|upkeep
|turn|11
|
|t:|1757862621
|move|p2a: Scimitar|Air Slash|p1a: Nightmare
|-damage|p1a: Nightmare|59/100
|move|p1a: Nightmare|Hex|p2a: Scimitar
|-damage|p2a: Scimitar|7/100 brn
|
|-damage|p1a: Nightmare|47/100|[from] Leech Seed|[of] p2a: Scimitar
|-heal|p2a: Scimitar|24/100 brn|[silent]
|-damage|p2a: Scimitar|18/100 brn|[from] brn
|upkeep
|turn|12
|
|t:|1757862625
|move|p2a: Scimitar|Air Slash|p1a: Nightmare
|-damage|p1a: Nightmare|25/100
|cant|p1a: Nightmare|flinch
|
|-damage|p1a: Nightmare|13/100|[from] Leech Seed|[of] p2a: Scimitar
|-heal|p2a: Scimitar|34/100 brn|[silent]
|-damage|p2a: Scimitar|28/100 brn|[from] brn
|upkeep
|turn|13
|
|t:|1757862629
|switch|p1a: Iron Judgement|Iron Crown|10/100
|move|p2a: Scimitar|Air Slash|p1a: Iron Judgement
|-resisted|p1a: Iron Judgement
|-damage|p1a: Iron Judgement|0 fnt
|faint|p1a: Iron Judgement
|-end|p1a: Iron Judgement|Quark Drive|[silent]
|
|-damage|p2a: Scimitar|22/100 brn|[from] brn
|upkeep
|
|t:|1757862631
|switch|p1a: Nightmare|Skeledirge, M|13/100
|turn|14
|
|t:|1757862633
|move|p2a: Scimitar|Air Slash|p1a: Nightmare
|-damage|p1a: Nightmare|0 fnt
|faint|p1a: Nightmare
|
|-damage|p2a: Scimitar|16/100 brn|[from] brn
|upkeep
|
|t:|1757862635
|switch|p1a: Checkmate|Kingambit, M, shiny|100/100
|-activate|p1a: Checkmate|ability: Supreme Overlord
|-start|p1a: Checkmate|fallen4|[silent]
|turn|15
|
|t:|1757862641
|move|p1a: Checkmate|Sucker Punch|p2a: Scimitar
|-damage|p2a: Scimitar|0 fnt
|faint|p2a: Scimitar
|
|upkeep
|
|t:|1757862644
|switch|p2a: Partisan|Malamar, F|100/100
|turn|16
|inactive|Docter_Peng99 has 120 seconds left.
|
|t:|1757862689
|-end|p1a: Checkmate|fallen4|[silent]
|switch|p1a: Ancient Elephant|Great Tusk|100/100
|move|p2a: Partisan|Superpower|p1a: Ancient Elephant
|-crit|p1a: Ancient Elephant
|-damage|p1a: Ancient Elephant|59/100
|-boost|p2a: Partisan|atk|1
|-boost|p2a: Partisan|def|1
|
|upkeep
|turn|17
|
|t:|1757862692
|move|p1a: Ancient Elephant|Headlong Rush|p2a: Partisan
|-damage|p2a: Partisan|61/100
|-unboost|p1a: Ancient Elephant|def|1
|-unboost|p1a: Ancient Elephant|spd|1
|move|p2a: Partisan|Psycho Cut|p1a: Ancient Elephant
|-supereffective|p1a: Ancient Elephant
|-damage|p1a: Ancient Elephant|0 fnt
|faint|p1a: Ancient Elephant
|-end|p1a: Ancient Elephant|Protosynthesis|[silent]
|
|upkeep
|
|t:|1757862694
|switch|p1a: Checkmate|Kingambit, M, shiny|100/100
|-activate|p1a: Checkmate|ability: Supreme Overlord
|-start|p1a: Checkmate|fallen5|[silent]
|turn|18
|
|t:|1757862698
|-terastallize|p1a: Checkmate|Ghost
|move|p1a: Checkmate|Swords Dance|p1a: Checkmate
|-boost|p1a: Checkmate|atk|2
|move|p2a: Partisan|Superpower|p1a: Checkmate
|-immune|p1a: Checkmate
|
|upkeep
|turn|19
|
|t:|1757862700
|move|p1a: Checkmate|Kowtow Cleave|p2a: Partisan
|-crit|p2a: Partisan
|-damage|p2a: Partisan|0 fnt
|faint|p2a: Partisan
|
|upkeep
|
|t:|1757862704
|switch|p2a: Glaive|Iron Valiant|100/100
|-enditem|p2a: Glaive|Booster Energy
|-activate|p2a: Glaive|ability: Quark Drive|[fromitem]
|-start|p2a: Glaive|quarkdrivespe
|turn|20
|
|t:|1757862707
|move|p2a: Glaive|Knock Off|p1a: Checkmate
|-supereffective|p1a: Checkmate
|-damage|p1a: Checkmate|40/100
|-enditem|p1a: Checkmate|Leftovers|[from] move: Knock Off|[of] p2a: Glaive
|move|p1a: Checkmate|Iron Head|p2a: Glaive
|-supereffective|p2a: Glaive
|-damage|p2a: Glaive|0 fnt
|faint|p2a: Glaive
|-end|p2a: Glaive|Quark Drive|[silent]
|
|win|Docter_Peng99
|raw|Docter_Peng99's rating: 1379 &rarr; <strong>1397</strong><br />(+18 for winning)
|raw|Leader Alastor's rating: 1348 &rarr; <strong>1330</strong><br />(-18 for losing)
|l|☆Leader Alastor
|player|p2|
|c|☆Docter_Peng99|gg
|l|☆Docter_Peng99
|player|p1|
