|j|☆Zu 2 The T0p
|j|☆lupiit
|t:|1757905627
|gametype|singles
|player|p1|Zu 2 The T0p|102|1495
|player|p2|lupiit|dragontamer|1504
|gen|9
|tier|[Gen 9] OU
|rated|
|rule|HP Percentage Mod: HP is shown in percentages
|rule|Endless Battle Clause: Forcing endless battles is banned
|rule|Species Clause: Limit one of each Pokémon
|rule|OHKO Clause: OHKO moves are banned
|rule|Evasion Items Clause: Evasion items are banned
|rule|Evasion Moves Clause: Evasion moves are banned
|rule|Evasion Abilities Clause: Evasion abilities are banned
|rule|Sleep Moves Clause: Sleep-inducing moves are banned
|clearpoke
|poke|p1|Regidrago|
|poke|p1|Alomomola, M|
|poke|p1|Zamazenta-*|
|poke|p1|Weezing-Galar, M|
|poke|p1|Hoopa-Unbound|
|poke|p1|Wo-Chien|
|poke|p2|Mew|
|poke|p2|Kyurem|
|poke|p2|Garganacl, F|
|poke|p2|Rillaboom, M|
|poke|p2|Cinderace, F|
|poke|p2|Skeledirge, F|
|teampreview
|inactive|Battle timer is ON: inactive players will automatically lose when time's up. (requested by lupiit)
|c|☆Zu 2 The T0p|Glhf
|
|t:|1757905637
|teamsize|p1|6
|teamsize|p2|6
|start
|switch|p1a: Regidrago|Regidrago|100/100
|switch|p2a: Mew|Mew|100/100
|turn|1
|
|t:|1757905640
|-terastallize|p1a: Regidrago|Dragon
|move|p1a: Regidrago|Dragon Energy|p2a: Mew
|-damage|p2a: Mew|0 fnt
|faint|p2a: Mew
|
|upkeep
|
|t:|1757905644
|switch|p2a: Rillaboom|Rillaboom, M|100/100
|-fieldstart|move: Grassy Terrain|[from] ability: Grassy Surge|[of] p2a: Rillaboom
|turn|2
|
|t:|1757905649
|move|p1a: Regidrago|Dragon Energy|p2a: Rillaboom
|-crit|p2a: Rillaboom
|-damage|p2a: Rillaboom|0 fnt
|faint|p2a: Rillaboom
|
|upkeep
|c|☆lupiit|dude
|c|☆lupiit|I am AV
|c|☆Zu 2 The T0p|Oh
|c|☆Zu 2 The T0p|Sorry
|c|☆lupiit|u imbecil
|
|t:|1757905663
|switch|p2a: Garganacl|Garganacl, F|100/100
|turn|3
|c|☆Zu 2 The T0p|Idk how that makes me am imbecil don't be rude
|
|t:|1757905679
|switch|p1a: Alomomola|Alomomola, M, shiny|100/100
|move|p2a: Garganacl|Salt Cure|p1a: Alomomola
|-damage|p1a: Alomomola|93/100
|-start|p1a: Alomomola|Salt Cure
|
|-heal|p1a: Alomomola|99/100|[from] Grassy Terrain
|-damage|p1a: Alomomola|74/100|[from] Salt Cure
|upkeep
|turn|4
|
|t:|1757905683
|move|p2a: Garganacl|Protect|p2a: Garganacl
|-singleturn|p2a: Garganacl|Protect
|move|p1a: Alomomola|Flip Turn|p2a: Garganacl
|-activate|p2a: Garganacl|move: Protect
|
|-heal|p1a: Alomomola|81/100|[from] Grassy Terrain
|-damage|p1a: Alomomola|56/100|[from] Salt Cure
|upkeep
|turn|5
|
|t:|1757905685
|move|p1a: Alomomola|Flip Turn|p2a: Garganacl
|-supereffective|p2a: Garganacl
|-crit|p2a: Garganacl
|-damage|p2a: Garganacl|71/100
|
|t:|1757905689
|switch|p1a: Wo-Chien|Wo-Chien|100/100|[from] Flip Turn
|-ability|p1a: Wo-Chien|Tablets of Ruin
|move|p2a: Garganacl|Salt Cure|p1a: Wo-Chien
|-damage|p1a: Wo-Chien|91/100
|-start|p1a: Wo-Chien|Salt Cure
|
|-heal|p1a: Wo-Chien|98/100|[from] Grassy Terrain
|-heal|p1a: Wo-Chien|100/100|[from] item: Leftovers
|-heal|p2a: Garganacl|77/100|[from] Grassy Terrain
|-heal|p2a: Garganacl|83/100|[from] item: Leftovers
|-damage|p1a: Wo-Chien|88/100|[from] Salt Cure
|upkeep
|turn|6
|
|t:|1757905692
|switch|p2a: Kyurem|Kyurem|100/100
|-ability|p2a: Kyurem|Pressure
|move|p1a: Wo-Chien|Ruination|p2a: Kyurem
|-damage|p2a: Kyurem|50/100
|
|-heal|p2a: Kyurem|57/100|[from] Grassy Terrain
|-heal|p1a: Wo-Chien|94/100|[from] Grassy Terrain
|-heal|p1a: Wo-Chien|100/100|[from] item: Leftovers
|-damage|p1a: Wo-Chien|88/100|[from] Salt Cure
|-fieldend|move: Grassy Terrain
|upkeep
|turn|7
|
|t:|1757905698
|move|p1a: Wo-Chien|Protect|p1a: Wo-Chien
|-singleturn|p1a: Wo-Chien|Protect
|move|p2a: Kyurem|Freeze-Dry|p1a: Wo-Chien
|-activate|p1a: Wo-Chien|move: Protect
|
|-heal|p1a: Wo-Chien|94/100|[from] item: Leftovers
|-damage|p1a: Wo-Chien|82/100|[from] Salt Cure
|upkeep
|turn|8
|
|t:|1757905703
|switch|p2a: Cinderace|Cinderace, F|100/100
|switch|p1a: Hoopa|Hoopa-Unbound|100/100
|
|upkeep
|turn|9
|
|t:|1757905706
|switch|p1a: Alomomola|Alomomola, M, shiny|89/100
|move|p2a: Cinderace|U-turn|p1a: Alomomola
|-damage|p1a: Alomomola|77/100
|
|t:|1757905708
|switch|p2a: Kyurem|Kyurem|57/100|[from] U-turn
|-ability|p2a: Kyurem|Pressure
|
|upkeep
|turn|10
|
|t:|1757905711
|move|p1a: Alomomola|Protect|p1a: Alomomola
|-singleturn|p1a: Alomomola|Protect
|move|p2a: Kyurem|Freeze-Dry|p1a: Alomomola
|-activate|p1a: Alomomola|move: Protect
|
|upkeep
|turn|11
|
|t:|1757905714
|switch|p1a: Hoopa|Hoopa-Unbound|100/100
|move|p2a: Kyurem|Freeze-Dry|p1a: Hoopa
|-damage|p1a: Hoopa|72/100
|-status|p1a: Hoopa|frz
|
|upkeep
|turn|12
|
|t:|1757905721
|switch|p2a: Cinderace|Cinderace, F|100/100
|-curestatus|p1a: Hoopa|frz|[msg]
|move|p1a: Hoopa|Knock Off|p2a: Cinderace
|-damage|p2a: Cinderace|25/100
|-enditem|p2a: Cinderace|Heavy-Duty Boots|[from] move: Knock Off|[of] p1a: Hoopa
|
|upkeep
|turn|13
|c|☆lupiit|0 rng
|c|☆lupiit|count your blessings kid
|-message|lupiit forfeited.
|
|win|Zu 2 The T0p
|raw|Zu 2 The T0p's rating: 1495 &rarr; <strong>1516</strong><br />(+21 for winning)
|raw|lupiit's rating: 1504 &rarr; <strong>1483</strong><br />(-21 for losing)
|l|☆lupiit
|player|p2|
