|j|☆hydrappl3
|j|☆spaghettibadass
|t:|1757834662
|gametype|singles
|player|p1|hydrappl3|shadowtriad|1429
|player|p2|spaghettibadass|170|1470
|gen|9
|tier|[Gen 9] OU
|rated|
|rule|HP Percentage Mod: HP is shown in percentages
|rule|Endless Battle Clause: Forcing endless battles is banned
|rule|Species Clause: Limit one of each Pokémon
|rule|OHKO Clause: OHKO moves are banned
|rule|Evasion Items Clause: Evasion items are banned
|rule|Evasion Moves Clause: Evasion moves are banned
|rule|Evasion Abilities Clause: Evasion abilities are banned
|rule|Sleep Moves Clause: Sleep-inducing moves are banned
|clearpoke
|poke|p1|Darkrai|
|poke|p1|Landorus-Therian, M|
|poke|p1|Dragonite, M|
|poke|p1|Gholdengo|
|poke|p1|Samurott-Hisui, F|
|poke|p1|Scizor, F|
|poke|p2|Cresselia, F|
|poke|p2|Hatterene, F|
|poke|p2|Iron Hands|
|poke|p2|Ursaluna, F|
|poke|p2|Torkoal, F|
|poke|p2|Scream Tail|
|teampreview
|
|t:|1757834677
|teamsize|p1|6
|teamsize|p2|6
|start
|switch|p1a: Samurott|Samurott-Hisui, F, shiny|100/100
|switch|p2a: Hatterene|Hatterene, F|100/100
|turn|1
|
|t:|1757834682
|move|p1a: Samurott|Ceaseless Edge|p2a: Hatterene
|-damage|p2a: Hatterene|48/100
|-sidestart|p2: spaghettibadass|Spikes
|move|p2a: Hatterene|Trick Room|p2a: Hatterene
|-fieldstart|move: Trick Room|[of] p2a: Hatterene
|
|upkeep
|turn|2
|
|t:|1757834697
|switch|p1a: Scizor|Scizor, F, shiny|100/100
|move|p2a: Hatterene|Misty Explosion|p1a: Scizor
|-resisted|p1a: Scizor
|-damage|p1a: Scizor|59/100
|faint|p2a: Hatterene
|
|upkeep
|inactive|Battle timer is ON: inactive players will automatically lose when time's up. (requested by hydrappl3)
|
|t:|1757834717
|switch|p2a: Ursaluna|Ursaluna, F|100/100
|-damage|p2a: Ursaluna|88/100|[from] Spikes
|turn|3
|
|t:|1757834727
|switch|p1a: Landorus|Landorus-Therian, M|100/100
|-ability|p1a: Landorus|Intimidate|boost
|-unboost|p2a: Ursaluna|atk|1
|move|p2a: Ursaluna|Swords Dance|p2a: Ursaluna
|-boost|p2a: Ursaluna|atk|2
|
|-status|p2a: Ursaluna|brn|[from] item: Flame Orb
|upkeep
|turn|4
|
|t:|1757834736
|switch|p1a: Gholdengo|Gholdengo, shiny|100/100
|move|p2a: Ursaluna|Fire Punch|p1a: Gholdengo
|-supereffective|p1a: Gholdengo
|-damage|p1a: Gholdengo|8/100
|
|-damage|p2a: Ursaluna|82/100 brn|[from] brn
|upkeep
|turn|5
|
|t:|1757834745
|switch|p1a: Landorus|Landorus-Therian, M|100/100
|-ability|p1a: Landorus|Intimidate|boost
|-unboost|p2a: Ursaluna|atk|1
|move|p2a: Ursaluna|Fire Punch|p1a: Landorus
|-damage|p1a: Landorus|53/100
|-damage|p2a: Ursaluna|65/100 brn|[from] item: Rocky Helmet|[of] p1a: Landorus
|
|-damage|p2a: Ursaluna|59/100 brn|[from] brn
|-fieldend|move: Trick Room
|upkeep
|turn|6
|
|t:|1757834764
|move|p1a: Landorus|Stealth Rock|p2a: Ursaluna
|-sidestart|p2: spaghettibadass|move: Stealth Rock
|move|p2a: Ursaluna|Fire Punch|p1a: Landorus
|-damage|p1a: Landorus|8/100
|-damage|p2a: Ursaluna|42/100 brn|[from] item: Rocky Helmet|[of] p1a: Landorus
|
|-damage|p2a: Ursaluna|36/100 brn|[from] brn
|upkeep
|turn|7
|inactive|spaghettibadass has 120 seconds left.
|
|t:|1757834794
|move|p1a: Landorus|U-turn|p2a: Ursaluna
|-damage|p2a: Ursaluna|22/100 brn
|
|t:|1757834804
|switch|p1a: Dragonite|Dragonite, M, shiny|100/100|[from] U-turn
|move|p2a: Ursaluna|Fire Punch|p1a: Dragonite
|-resisted|p1a: Dragonite
|-damage|p1a: Dragonite|88/100
|
|-damage|p2a: Ursaluna|16/100 brn|[from] brn
|upkeep
|turn|8
|
|t:|1757834812
|move|p1a: Dragonite|Earthquake|p2a: Ursaluna
|-damage|p2a: Ursaluna|0 fnt
|faint|p2a: Ursaluna
|
|upkeep
|
|t:|1757834818
|switch|p2a: Scream Tail|Scream Tail|100/100
|-damage|p2a: Scream Tail|88/100|[from] Spikes
|-damage|p2a: Scream Tail|76/100|[from] Stealth Rock
|turn|9
|
|t:|1757834829
|move|p1a: Dragonite|Dragon Dance|p1a: Dragonite
|-boost|p1a: Dragonite|atk|1
|-boost|p1a: Dragonite|spe|1
|move|p2a: Scream Tail|Trick Room|p2a: Scream Tail
|-fieldstart|move: Trick Room|[of] p2a: Scream Tail
|
|upkeep
|turn|10
|
|t:|1757834833
|move|p1a: Dragonite|Extreme Speed|p2a: Scream Tail
|-damage|p2a: Scream Tail|42/100
|move|p2a: Scream Tail|Misty Explosion|p1a: Dragonite
|-supereffective|p1a: Dragonite
|-damage|p1a: Dragonite|36/100
|faint|p2a: Scream Tail
|-end|p2a: Scream Tail|Protosynthesis|[silent]
|
|upkeep
|
|t:|1757834841
|switch|p2a: Iron Hands|Iron Hands|100/100
|-damage|p2a: Iron Hands|88/100|[from] Spikes
|-damage|p2a: Iron Hands|82/100|[from] Stealth Rock
|-enditem|p2a: Iron Hands|Booster Energy
|-activate|p2a: Iron Hands|ability: Quark Drive|[fromitem]
|-start|p2a: Iron Hands|quarkdriveatk
|turn|11
|
|t:|1757834849
|move|p2a: Iron Hands|Ice Punch|p1a: Dragonite
|-supereffective|p1a: Dragonite
|-crit|p1a: Dragonite
|-damage|p1a: Dragonite|0 fnt
|faint|p1a: Dragonite
|
|upkeep
|
|t:|1757834852
|switch|p1a: Landorus|Landorus-Therian, M|8/100
|-ability|p1a: Landorus|Intimidate|boost
|-unboost|p2a: Iron Hands|atk|1
|turn|12
|
|t:|1757834865
|move|p2a: Iron Hands|Close Combat|p1a: Landorus
|-resisted|p1a: Landorus
|-damage|p1a: Landorus|0 fnt
|-unboost|p2a: Iron Hands|def|1
|-unboost|p2a: Iron Hands|spd|1
|-damage|p2a: Iron Hands|65/100|[from] item: Rocky Helmet|[of] p1a: Landorus
|faint|p1a: Landorus
|
|upkeep
|
|t:|1757834869
|switch|p1a: Scizor|Scizor, F, shiny|59/100
|turn|13
|
|t:|1757834892
|move|p2a: Iron Hands|Close Combat|p1a: Scizor
|-damage|p1a: Scizor|0 fnt
|-unboost|p2a: Iron Hands|def|1
|-unboost|p2a: Iron Hands|spd|1
|faint|p1a: Scizor
|
|-fieldend|move: Trick Room
|upkeep
|inactive|hydrappl3 has 120 seconds left.
|
|t:|1757834913
|switch|p1a: Gholdengo|Gholdengo, shiny|8/100
|turn|14
|
|t:|1757834933
|-end|p2a: Iron Hands|Quark Drive|[silent]
|switch|p2a: Torkoal|Torkoal, F|100/100
|-damage|p2a: Torkoal|88/100|[from] Spikes
|-damage|p2a: Torkoal|63/100|[from] Stealth Rock
|-weather|SunnyDay|[from] ability: Drought|[of] p2a: Torkoal
|move|p1a: Gholdengo|Nasty Plot|p1a: Gholdengo
|-boost|p1a: Gholdengo|spa|2
|
|-weather|SunnyDay|[upkeep]
|upkeep
|turn|15
|
|t:|1757834944
|move|p1a: Gholdengo|Shadow Ball|p2a: Torkoal
|-damage|p2a: Torkoal|0 fnt
|faint|p2a: Torkoal
|
|-weather|SunnyDay|[upkeep]
|upkeep
|
|t:|1757834950
|switch|p2a: Cresselia|Cresselia, F|100/100
|-damage|p2a: Cresselia|88/100|[from] Stealth Rock
|turn|16
|
|t:|1757834957
|-terastallize|p2a: Cresselia|Fairy
|move|p1a: Gholdengo|Shadow Ball|p2a: Cresselia
|-damage|p2a: Cresselia|47/100
|move|p2a: Cresselia|Trick Room|p2a: Cresselia
|-fieldstart|move: Trick Room|[of] p2a: Cresselia
|
|-weather|SunnyDay|[upkeep]
|upkeep
|turn|17
|
|t:|1757834963
|move|p2a: Cresselia|Lunar Dance|p2a: Cresselia
|faint|p2a: Cresselia
|move|p1a: Gholdengo|Recover|p1a: Gholdengo
|-heal|p1a: Gholdengo|58/100
|
|-weather|SunnyDay|[upkeep]
|upkeep
|
|t:|1757834969
|switch|p2a: Iron Hands|Iron Hands|65/100
|-heal|p2a: Iron Hands|100/100|[from] move: Lunar Dance
|-damage|p2a: Iron Hands|88/100|[from] Spikes
|-damage|p2a: Iron Hands|82/100|[from] Stealth Rock
|turn|18
|
|t:|1757834976
|move|p2a: Iron Hands|Supercell Slam|p1a: Gholdengo
|-damage|p1a: Gholdengo|13/100
|move|p1a: Gholdengo|Shadow Ball|p2a: Iron Hands
|-damage|p2a: Iron Hands|26/100
|
|-weather|none
|upkeep
|turn|19
|
|t:|1757834985
|move|p2a: Iron Hands|Supercell Slam|p1a: Gholdengo
|-damage|p1a: Gholdengo|0 fnt
|faint|p1a: Gholdengo
|
|upkeep
|
|t:|1757834990
|switch|p1a: Darkrai|Darkrai, shiny|100/100
|turn|20
|
|t:|1757835016
|-terastallize|p1a: Darkrai|Poison
|move|p2a: Iron Hands|Supercell Slam|p1a: Darkrai
|-damage|p1a: Darkrai|15/100
|move|p1a: Darkrai|Sludge Bomb|p2a: Iron Hands
|-damage|p2a: Iron Hands|0 fnt
|faint|p2a: Iron Hands
|-end|p2a: Iron Hands|Quark Drive|[silent]
|
|win|hydrappl3
|raw|hydrappl3's rating: 1429 &rarr; <strong>1451</strong><br />(+22 for winning)
|raw|spaghettibadass's rating: 1470 &rarr; <strong>1448</strong><br />(-22 for losing)
|l|☆spaghettibadass
|player|p2|
|l|☆hydrappl3
|player|p1|
