|j|☆loneslopeman
|j|‽Sd2014
|t:|1757910293
|gametype|singles
|player|p1|loneslopeman|1|1141
|player|p2|Sd2014|2|1090
|gen|9
|tier|[Gen 9] OU
|rated|
|rule|HP Percentage Mod: HP is shown in percentages
|rule|Endless Battle Clause: Forcing endless battles is banned
|rule|Species Clause: Limit one of each Pokémon
|rule|OHKO Clause: OHKO moves are banned
|rule|Evasion Items Clause: Evasion items are banned
|rule|Evasion Moves Clause: Evasion moves are banned
|rule|Evasion Abilities Clause: Evasion abilities are banned
|rule|Sleep Moves Clause: Sleep-inducing moves are banned
|clearpoke
|poke|p1|Zarude-Dada|
|poke|p1|Torkoal, M|
|poke|p1|Scream Tail|
|poke|p1|Great Tusk|
|poke|p1|Zamazenta-*|
|poke|p1|Walking Wake|
|poke|p2|Ninetales-Alola, F|
|poke|p2|Excadrill, M|
|poke|p2|Ribombee, F|
|poke|p2|Armarouge, M|
|poke|p2|Hydrapple, F|
|poke|p2|Gyarados, F|
|teampreview
|inactive|Battle timer is ON: inactive players will automatically lose when time's up. (requested by Sd2014)
|
|t:|1757910303
|teamsize|p1|6
|teamsize|p2|6
|start
|switch|p1a: Torkoal|Torkoal, M|100/100
|switch|p2a: Ribombee|Ribombee, F|100/100
|-weather|SunnyDay|[from] ability: Drought|[of] p1a: Torkoal
|turn|1
|
|t:|1757910309
|move|p2a: Ribombee|Stun Spore|p1a: Torkoal
|-status|p1a: Torkoal|par
|move|p1a: Torkoal|Lava Plume|p2a: Ribombee
|-supereffective|p2a: Ribombee
|-enditem|p2a: Ribombee|Focus Sash
|-damage|p2a: Ribombee|1/100
|-status|p2a: Ribombee|brn
|
|-weather|SunnyDay|[upkeep]
|-damage|p2a: Ribombee|0 fnt|[from] brn
|faint|p2a: Ribombee
|upkeep
|
|t:|1757910319
|switch|p2a: Ninetales|Ninetales-Alola, F|100/100
|-weather|Snowscape|[from] ability: Snow Warning|[of] p2a: Ninetales
|turn|2
|
|t:|1757910336
|switch|p1a: Scream Tail|Scream Tail|100/100
|move|p2a: Ninetales|Aurora Veil|p2a: Ninetales
|-sidestart|p2: Sd2014|move: Aurora Veil
|
|-weather|Snowscape|[upkeep]
|upkeep
|turn|3
|
|t:|1757910343
|move|p2a: Ninetales|Encore||[still]
|-fail|p2a: Ninetales
|move|p1a: Scream Tail|Reflect|p1a: Scream Tail
|-sidestart|p1: loneslopeman|Reflect
|
|-weather|Snowscape|[upkeep]
|upkeep
|turn|4
|
|t:|1757910347
|-end|p1a: Scream Tail|Protosynthesis|[silent]
|switch|p1a: Torkoal|Torkoal, M|100/100 par
|-weather|SunnyDay|[from] ability: Drought|[of] p1a: Torkoal
|move|p2a: Ninetales|Encore||[still]
|-fail|p2a: Ninetales
|
|-weather|SunnyDay|[upkeep]
|upkeep
|turn|5
|
|t:|1757910355
|switch|p2a: Armarouge|Armarouge, M|100/100
|cant|p1a: Torkoal|par
|
|-weather|SunnyDay|[upkeep]
|upkeep
|turn|6
|
|t:|1757910373
|switch|p1a: Scream Tail|Scream Tail|100/100
|-activate|p1a: Scream Tail|ability: Protosynthesis
|-start|p1a: Scream Tail|protosynthesisspd
|move|p2a: Armarouge|Calm Mind|p2a: Armarouge
|-boost|p2a: Armarouge|spa|1
|-boost|p2a: Armarouge|spd|1
|
|-weather|SunnyDay|[upkeep]
|upkeep
|turn|7
|
|t:|1757910379
|move|p1a: Scream Tail|Thunder Wave|p2a: Armarouge|[miss]
|-miss|p1a: Scream Tail|p2a: Armarouge
|move|p2a: Armarouge|Calm Mind|p2a: Armarouge
|-boost|p2a: Armarouge|spa|1
|-boost|p2a: Armarouge|spd|1
|
|-weather|SunnyDay|[upkeep]
|upkeep
|turn|8
|
|t:|1757910384
|move|p1a: Scream Tail|Thunder Wave|p2a: Armarouge
|-status|p2a: Armarouge|par
|move|p2a: Armarouge|Flamethrower|p1a: Scream Tail
|-damage|p1a: Scream Tail|23/100
|
|-weather|SunnyDay|[upkeep]
|upkeep
|turn|9
|
|t:|1757910411
|move|p1a: Scream Tail|Psychic Noise|p2a: Armarouge
|-resisted|p2a: Armarouge
|-damage|p2a: Armarouge|98/100 par
|-start|p2a: Armarouge|move: Heal Block
|move|p2a: Armarouge|Flamethrower|p1a: Scream Tail
|-damage|p1a: Scream Tail|0 fnt
|faint|p1a: Scream Tail
|-end|p1a: Scream Tail|Protosynthesis|[silent]
|
|-weather|SunnyDay|[upkeep]
|-sideend|p2: Sd2014|move: Aurora Veil
|upkeep
|inactive|loneslopeman has 120 seconds left.
|
|t:|1757910428
|switch|p1a: Great Tusk|Great Tusk|100/100
|-activate|p1a: Great Tusk|ability: Protosynthesis
|-start|p1a: Great Tusk|protosynthesisatk
|turn|10
|
|t:|1757910433
|move|p1a: Great Tusk|Earthquake|p2a: Armarouge
|-supereffective|p2a: Armarouge
|-damage|p2a: Armarouge|0 fnt
|faint|p2a: Armarouge
|
|-weather|SunnyDay|[upkeep]
|-sideend|p1: loneslopeman|Reflect
|upkeep
|
|t:|1757910437
|switch|p2a: Ninetales|Ninetales-Alola, F|100/100
|-weather|Snowscape|[from] ability: Snow Warning|[of] p2a: Ninetales
|-end|p1a: Great Tusk|Protosynthesis
|turn|11
|
|t:|1757910442
|switch|p2a: Gyarados|Gyarados, F|100/100
|-end|p1a: Great Tusk|Protosynthesis|[silent]
|switch|p1a: Torkoal|Torkoal, M|100/100 par
|-weather|SunnyDay|[from] ability: Drought|[of] p1a: Torkoal
|
|-weather|SunnyDay|[upkeep]
|upkeep
|turn|12
|
|t:|1757910454
|switch|p1a: Walking Wake|Walking Wake|100/100
|-activate|p1a: Walking Wake|ability: Protosynthesis
|-start|p1a: Walking Wake|protosynthesisspe
|move|p2a: Gyarados|Dragon Dance|p2a: Gyarados
|-boost|p2a: Gyarados|atk|1
|-boost|p2a: Gyarados|spe|1
|
|-weather|SunnyDay|[upkeep]
|upkeep
|turn|13
|
|t:|1757910464
|switch|p2a: Ninetales|Ninetales-Alola, F|100/100
|-weather|Snowscape|[from] ability: Snow Warning|[of] p2a: Ninetales
|-end|p1a: Walking Wake|Protosynthesis
|move|p1a: Walking Wake|Draco Meteor|p2a: Ninetales
|-immune|p2a: Ninetales
|
|-weather|Snowscape|[upkeep]
|upkeep
|turn|14
|
|t:|1757910472
|-end|p1a: Walking Wake|Protosynthesis|[silent]
|switch|p1a: Torkoal|Torkoal, M|100/100 par
|-weather|SunnyDay|[from] ability: Drought|[of] p1a: Torkoal
|move|p2a: Ninetales|Freeze-Dry|p1a: Torkoal
|-resisted|p1a: Torkoal
|-damage|p1a: Torkoal|82/100 par
|
|-weather|SunnyDay|[upkeep]
|upkeep
|turn|15
|
|t:|1757910481
|switch|p2a: Hydrapple|Hydrapple, F|100/100
|switch|p1a: Walking Wake|Walking Wake|100/100
|-activate|p1a: Walking Wake|ability: Protosynthesis
|-start|p1a: Walking Wake|protosynthesisspe
|
|-weather|SunnyDay|[upkeep]
|upkeep
|turn|16
|
|t:|1757910491
|move|p1a: Walking Wake|Flip Turn|p2a: Hydrapple
|-resisted|p2a: Hydrapple
|-damage|p2a: Hydrapple|99/100
|-damage|p1a: Walking Wake|91/100|[from] item: Life Orb
|
|t:|1757910498
|-end|p1a: Walking Wake|Protosynthesis|[silent]
|switch|p1a: Zarude|Zarude-Dada|100/100|[from] Flip Turn
|move|p2a: Hydrapple|Fickle Beam|p1a: Zarude
|-damage|p1a: Zarude|57/100
|
|-weather|SunnyDay|[upkeep]
|-heal|p1a: Zarude|63/100|[from] item: Leftovers
|upkeep
|turn|17
|
|t:|1757910507
|move|p1a: Zarude|Bulk Up|p1a: Zarude
|-boost|p1a: Zarude|atk|1
|-boost|p1a: Zarude|def|1
|move|p2a: Hydrapple|Fickle Beam|p1a: Zarude
|-damage|p1a: Zarude|26/100
|
|-weather|SunnyDay|[upkeep]
|-heal|p1a: Zarude|32/100|[from] item: Leftovers
|upkeep
|turn|18
|
|t:|1757910513
|move|p1a: Zarude|Synthesis|p1a: Zarude
|-heal|p1a: Zarude|99/100
|move|p2a: Hydrapple|Fickle Beam|p1a: Zarude
|-damage|p1a: Zarude|62/100
|
|-weather|SunnyDay|[upkeep]
|-heal|p1a: Zarude|68/100|[from] item: Leftovers
|upkeep
|turn|19
|
|t:|1757910518
|move|p1a: Zarude|Bulk Up|p1a: Zarude
|-boost|p1a: Zarude|atk|1
|-boost|p1a: Zarude|def|1
|move|p2a: Hydrapple|Fickle Beam|p1a: Zarude
|-crit|p1a: Zarude
|-damage|p1a: Zarude|9/100
|
|-weather|SunnyDay|[upkeep]
|-heal|p1a: Zarude|15/100|[from] item: Leftovers
|upkeep
|turn|20
|
|t:|1757910524
|move|p1a: Zarude|Synthesis|p1a: Zarude
|-heal|p1a: Zarude|81/100
|move|p2a: Hydrapple|Fickle Beam|p1a: Zarude|[anim] Fickle Beam All Out
|-activate|p2a: Hydrapple|move: Fickle Beam
|-damage|p1a: Zarude|0 fnt
|faint|p1a: Zarude
|
|-weather|SunnyDay|[upkeep]
|upkeep
|
|t:|1757910533
|switch|p1a: Great Tusk|Great Tusk|100/100
|-activate|p1a: Great Tusk|ability: Protosynthesis
|-start|p1a: Great Tusk|protosynthesisatk
|turn|21
|
|t:|1757910546
|-terastallize|p2a: Hydrapple|Water
|move|p1a: Great Tusk|Ice Spinner|p2a: Hydrapple
|-resisted|p2a: Hydrapple
|-damage|p2a: Hydrapple|84/100
|move|p2a: Hydrapple|Giga Drain|p1a: Great Tusk
|-supereffective|p1a: Great Tusk
|-damage|p1a: Great Tusk|36/100
|-heal|p2a: Hydrapple|100/100|[from] drain|[of] p1a: Great Tusk
|
|-weather|none
|-end|p1a: Great Tusk|Protosynthesis
|upkeep
|turn|22
|
|t:|1757910555
|move|p1a: Great Tusk|Supercell Slam|p2a: Hydrapple
|-supereffective|p2a: Hydrapple
|-damage|p2a: Hydrapple|40/100
|move|p2a: Hydrapple|Fickle Beam|p1a: Great Tusk|[anim] Fickle Beam All Out
|-activate|p2a: Hydrapple|move: Fickle Beam
|-damage|p1a: Great Tusk|0 fnt
|faint|p1a: Great Tusk
|-end|p1a: Great Tusk|Protosynthesis|[silent]
|
|upkeep
|
|t:|1757910565
|switch|p1a: Torkoal|Torkoal, M|82/100 par
|-weather|SunnyDay|[from] ability: Drought|[of] p1a: Torkoal
|turn|23
|
|t:|1757910571
|switch|p2a: Ninetales|Ninetales-Alola, F|100/100
|-weather|Snowscape|[from] ability: Snow Warning|[of] p2a: Ninetales
|move|p1a: Torkoal|Stealth Rock|p2a: Ninetales
|-sidestart|p2: Sd2014|move: Stealth Rock
|
|-weather|Snowscape|[upkeep]
|upkeep
|turn|24
|
|t:|1757910576
|move|p2a: Ninetales|Aurora Veil|p2a: Ninetales
|-sidestart|p2: Sd2014|move: Aurora Veil
|move|p1a: Torkoal|Lava Plume|p2a: Ninetales
|-supereffective|p2a: Ninetales
|-damage|p2a: Ninetales|72/100
|
|-weather|Snowscape|[upkeep]
|upkeep
|turn|25
|
|t:|1757910586
|switch|p1a: Walking Wake|Walking Wake|91/100
|move|p2a: Ninetales|Draining Kiss|p1a: Walking Wake
|-supereffective|p1a: Walking Wake
|-damage|p1a: Walking Wake|45/100
|-heal|p2a: Ninetales|100/100|[from] drain|[of] p1a: Walking Wake
|
|-weather|Snowscape|[upkeep]
|upkeep
|turn|26
|
|t:|1757910597
|move|p1a: Walking Wake|Flip Turn|p2a: Ninetales
|-damage|p2a: Ninetales|90/100
|-damage|p1a: Walking Wake|35/100|[from] item: Life Orb
|
|t:|1757910600
|-end|p1a: Walking Wake|Protosynthesis|[silent]
|switch|p1a: Torkoal|Torkoal, M|82/100 par|[from] Flip Turn
|-weather|SunnyDay|[from] ability: Drought|[of] p1a: Torkoal
|move|p2a: Ninetales|Freeze-Dry|p1a: Torkoal
|-resisted|p1a: Torkoal
|-damage|p1a: Torkoal|66/100 par
|
|-weather|SunnyDay|[upkeep]
|upkeep
|turn|27
|
|t:|1757910611
|move|p2a: Ninetales|Freeze-Dry|p1a: Torkoal
|-resisted|p1a: Torkoal
|-damage|p1a: Torkoal|49/100 par
|move|p1a: Torkoal|Lava Plume|p2a: Ninetales
|-supereffective|p2a: Ninetales
|-damage|p2a: Ninetales|45/100
|-status|p2a: Ninetales|brn
|
|-weather|SunnyDay|[upkeep]
|-damage|p2a: Ninetales|39/100 brn|[from] brn
|upkeep
|turn|28
|
|t:|1757910623
|switch|p1a: Walking Wake|Walking Wake|35/100
|-activate|p1a: Walking Wake|ability: Protosynthesis
|-start|p1a: Walking Wake|protosynthesisspe
|move|p2a: Ninetales|Encore||[still]
|-fail|p2a: Ninetales
|
|-weather|SunnyDay|[upkeep]
|-damage|p2a: Ninetales|33/100 brn|[from] brn
|upkeep
|turn|29
|
|t:|1757910639
|move|p1a: Walking Wake|Hydro Steam|p2a: Ninetales
|-damage|p2a: Ninetales|0 fnt
|faint|p2a: Ninetales
|-damage|p1a: Walking Wake|25/100|[from] item: Life Orb
|
|-weather|SunnyDay|[upkeep]
|upkeep
|
|t:|1757910652
|switch|p2a: Excadrill|Excadrill, M|100/100
|-damage|p2a: Excadrill|97/100|[from] Stealth Rock
|-ability|p2a: Excadrill|Mold Breaker
|-item|p2a: Excadrill|Air Balloon
|turn|30
|
|t:|1757910666
|-end|p1a: Walking Wake|Protosynthesis|[silent]
|switch|p1a: Zamazenta|Zamazenta|100/100
|-ability|p1a: Zamazenta|Dauntless Shield|boost
|-boost|p1a: Zamazenta|def|1
|move|p2a: Excadrill|Rapid Spin|p1a: Zamazenta
|-damage|p1a: Zamazenta|94/100
|-boost|p2a: Excadrill|spe|1
|-sideend|p2: Sd2014|Stealth Rock|[from] move: Rapid Spin|[of] p2a: Excadrill
|
|-weather|SunnyDay|[upkeep]
|-heal|p1a: Zamazenta|99/100|[from] item: Leftovers
|upkeep
|turn|31
|
|t:|1757910675
|move|p2a: Excadrill|Stealth Rock|p1a: Zamazenta
|-sidestart|p1: loneslopeman|move: Stealth Rock
|move|p1a: Zamazenta|Iron Defense|p1a: Zamazenta
|-boost|p1a: Zamazenta|def|2
|
|-weather|SunnyDay|[upkeep]
|-heal|p1a: Zamazenta|100/100|[from] item: Leftovers
|-sideend|p2: Sd2014|move: Aurora Veil
|upkeep
|turn|32
|
|t:|1757910686
|move|p2a: Excadrill|Earthquake|p1a: Zamazenta
|-damage|p1a: Zamazenta|89/100
|move|p1a: Zamazenta|Body Press|p2a: Excadrill
|-supereffective|p2a: Excadrill
|-damage|p2a: Excadrill|0 fnt
|-enditem|p2a: Excadrill|Air Balloon
|faint|p2a: Excadrill
|
|-weather|SunnyDay|[upkeep]
|-heal|p1a: Zamazenta|95/100|[from] item: Leftovers
|upkeep
|
|t:|1757910691
|switch|p2a: Hydrapple|Hydrapple, F, tera:Water|73/100
|turn|33
|
|t:|1757910698
|move|p1a: Zamazenta|Iron Defense|p1a: Zamazenta
|-boost|p1a: Zamazenta|def|2
|move|p2a: Hydrapple|Fickle Beam|p1a: Zamazenta|[anim] Fickle Beam All Out
|-activate|p2a: Hydrapple|move: Fickle Beam
|-damage|p1a: Zamazenta|31/100
|
|-weather|none
|-heal|p1a: Zamazenta|37/100|[from] item: Leftovers
|upkeep
|turn|34
|
|t:|1757910705
|move|p1a: Zamazenta|Body Press|p2a: Hydrapple
|-damage|p2a: Hydrapple|0 fnt
|faint|p2a: Hydrapple
|
|-heal|p1a: Zamazenta|43/100|[from] item: Leftovers
|upkeep
|
|t:|1757910708
|switch|p2a: Gyarados|Gyarados, F|100/100
|turn|35
|
|t:|1757910713
|move|p1a: Zamazenta|Body Press|p2a: Gyarados
|-resisted|p2a: Gyarados
|-damage|p2a: Gyarados|15/100
|move|p2a: Gyarados|Dragon Dance|p2a: Gyarados
|-boost|p2a: Gyarados|atk|1
|-boost|p2a: Gyarados|spe|1
|
|-heal|p2a: Gyarados|21/100|[from] item: Leftovers
|-heal|p1a: Zamazenta|49/100|[from] item: Leftovers
|upkeep
|turn|36
|
|t:|1757910719
|move|p2a: Gyarados|Waterfall|p1a: Zamazenta
|-damage|p1a: Zamazenta|38/100
|move|p1a: Zamazenta|Body Press|p2a: Gyarados
|-resisted|p2a: Gyarados
|-damage|p2a: Gyarados|0 fnt
|faint|p2a: Gyarados
|
|win|loneslopeman
|raw|loneslopeman's rating: 1141 &rarr; <strong>1162</strong><br />(+21 for winning)
|raw|Sd2014's rating: 1090 &rarr; <strong>1070</strong><br />(-20 for losing)
|l|‽Sd2014
|player|p2|
