|j|☆maxseiji
|j|☆mayuhara
|t:|1757934607
|gametype|singles
|player|p1|maxseiji|gambler|1556
|player|p2|mayuhara|ghetsis|1575
|gen|9
|tier|[Gen 9] OU
|rated|
|rule|HP Percentage Mod: HP is shown in percentages
|rule|Endless Battle Clause: Forcing endless battles is banned
|rule|Species Clause: Limit one of each Pokémon
|rule|OHKO Clause: OHKO moves are banned
|rule|Evasion Items Clause: Evasion items are banned
|rule|Evasion Moves Clause: Evasion moves are banned
|rule|Evasion Abilities Clause: Evasion abilities are banned
|rule|Sleep Moves Clause: Sleep-inducing moves are banned
|clearpoke
|poke|p1|Dragonite, F|
|poke|p1|Landorus-Therian, M|
|poke|p1|Iron Valiant|
|poke|p1|Kyurem|
|poke|p1|Hatterene, F|
|poke|p1|Ogerpon-Wellspring, F|
|poke|p2|Arcanine-Hisui, M|
|poke|p2|Gholdengo|
|poke|p2|Ogerpon-Wellspring, F|
|poke|p2|Great Tusk|
|poke|p2|Darkrai|
|poke|p2|Dragonite, M|
|teampreview
|inactive|Battle timer is ON: inactive players will automatically lose when time's up. (requested by mayuhara)
|
|t:|1757934614
|teamsize|p1|6
|teamsize|p2|6
|start
|switch|p1a: Kyurem|Kyurem|100/100
|switch|p2a: Arcanine|Arcanine-Hisui, M|100/100
|-ability|p1a: Kyurem|Pressure
|turn|1
|
|t:|1757934617
|move|p1a: Kyurem|Earth Power|p2a: Arcanine
|-supereffective|p2a: Arcanine
|-enditem|p2a: Arcanine|Focus Sash
|-damage|p2a: Arcanine|1/100
|move|p2a: Arcanine|Head Smash|p1a: Kyurem
|-supereffective|p1a: Kyurem
|-damage|p1a: Kyurem|0 fnt
|faint|p1a: Kyurem
|
|upkeep
|
|t:|1757934623
|switch|p1a: Landorus|Landorus-Therian, M|100/100
|-ability|p1a: Landorus|Intimidate|boost
|-unboost|p2a: Arcanine|atk|1
|turn|2
|
|t:|1757934632
|switch|p2a: Great Tusk|Great Tusk|100/100
|move|p1a: Landorus|U-turn|p2a: Great Tusk
|-resisted|p2a: Great Tusk
|-damage|p2a: Great Tusk|93/100
|
|t:|1757934636
|switch|p1a: Ogerpon|Ogerpon-Wellspring, F|100/100|[from] U-turn
|
|upkeep
|turn|3
|
|t:|1757934646
|-end|p2a: Great Tusk|Protosynthesis|[silent]
|switch|p2a: Arcanine|Arcanine-Hisui, M|1/100
|move|p1a: Ogerpon|Spikes|p2a: Arcanine
|-sidestart|p2: mayuhara|Spikes
|
|upkeep
|turn|4
|
|t:|1757934655
|move|p2a: Arcanine|Extreme Speed|p1a: Ogerpon
|-damage|p1a: Ogerpon|65/100
|move|p1a: Ogerpon|Knock Off|p2a: Arcanine
|-damage|p2a: Arcanine|0 fnt
|faint|p2a: Arcanine
|
|upkeep
|
|t:|1757934661
|switch|p2a: Darkrai|Darkrai|100/100
|-damage|p2a: Darkrai|88/100|[from] Spikes
|turn|5
|
|t:|1757934665
|switch|p1a: Landorus|Landorus-Therian, M|100/100
|-ability|p1a: Landorus|Intimidate|boost
|-unboost|p2a: Darkrai|atk|1
|move|p2a: Darkrai|Sludge Bomb|p1a: Landorus
|-resisted|p1a: Landorus
|-damage|p1a: Landorus|83/100
|-status|p1a: Landorus|psn
|
|-damage|p1a: Landorus|71/100 psn|[from] psn
|upkeep
|turn|6
|
|t:|1757934669
|switch|p2a: Great Tusk|Great Tusk|93/100
|move|p1a: Landorus|U-turn|p2a: Great Tusk
|-resisted|p2a: Great Tusk
|-damage|p2a: Great Tusk|85/100
|
|t:|1757934671
|switch|p1a: Ogerpon|Ogerpon-Wellspring, F|65/100|[from] U-turn
|
|upkeep
|turn|7
|j| Redeyesplayer
|
|t:|1757934678
|move|p1a: Ogerpon|U-turn|p2a: Great Tusk
|-resisted|p2a: Great Tusk
|-damage|p2a: Great Tusk|75/100
|
|t:|1757934681
|switch|p1a: Landorus|Landorus-Therian, M|71/100 psn|[from] U-turn
|-ability|p1a: Landorus|Intimidate|boost
|-unboost|p2a: Great Tusk|atk|1
|move|p2a: Great Tusk|Rapid Spin|p1a: Landorus
|-damage|p1a: Landorus|60/100 psn
|-boost|p2a: Great Tusk|spe|1
|-damage|p2a: Great Tusk|58/100|[from] item: Rocky Helmet|[of] p1a: Landorus
|-sideend|p2: mayuhara|Spikes|[from] move: Rapid Spin|[of] p2a: Great Tusk
|
|-damage|p1a: Landorus|47/100 psn|[from] psn
|upkeep
|turn|8
|
|t:|1757934685
|move|p2a: Great Tusk|Ice Spinner|p1a: Landorus
|-supereffective|p1a: Landorus
|-damage|p1a: Landorus|0 fnt
|-damage|p2a: Great Tusk|42/100|[from] item: Rocky Helmet|[of] p1a: Landorus
|faint|p1a: Landorus
|
|upkeep
|
|t:|1757934688
|switch|p1a: Ogerpon|Ogerpon-Wellspring, F|65/100
|turn|9
|
|t:|1757934699
|move|p2a: Great Tusk|Ice Spinner|p1a: Ogerpon
|-damage|p1a: Ogerpon|41/100
|move|p1a: Ogerpon|Ivy Cudgel|p2a: Great Tusk|[anim] Ivy Cudgel Water
|-supereffective|p2a: Great Tusk
|-damage|p2a: Great Tusk|0 fnt
|faint|p2a: Great Tusk
|-end|p2a: Great Tusk|Protosynthesis|[silent]
|
|upkeep
|
|t:|1757934705
|switch|p2a: Darkrai|Darkrai|88/100
|turn|10
|
|t:|1757934707
|-terastallize|p1a: Ogerpon|Water
|detailschange|p1a: Ogerpon|Ogerpon-Wellspring-Tera, F, tera:Water
|-ability|p1a: Ogerpon|Embody Aspect (Wellspring)|boost
|-boost|p1a: Ogerpon|spd|1
|move|p2a: Darkrai|Sludge Bomb|p1a: Ogerpon
|-damage|p1a: Ogerpon|15/100
|move|p1a: Ogerpon|Ivy Cudgel|p2a: Darkrai|[anim] Ivy Cudgel Water
|-damage|p2a: Darkrai|0 fnt
|faint|p2a: Darkrai
|
|upkeep
|
|t:|1757934712
|switch|p2a: Dragonite|Dragonite, M|100/100
|turn|11
|
|t:|1757934719
|switch|p1a: Hatterene|Hatterene, F|100/100
|move|p2a: Dragonite|Dragon Dance|p2a: Dragonite
|-boost|p2a: Dragonite|atk|1
|-boost|p2a: Dragonite|spe|1
|
|upkeep
|turn|12
|
|t:|1757934724
|switch|p2a: Gholdengo|Gholdengo|100/100
|-item|p2a: Gholdengo|Air Balloon
|move|p1a: Hatterene|Nuzzle|p2a: Gholdengo
|-damage|p2a: Gholdengo|98/100
|-status|p2a: Gholdengo|par
|-enditem|p2a: Gholdengo|Air Balloon
|
|upkeep
|turn|13
|
|t:|1757934737
|move|p2a: Gholdengo|Make It Rain|p1a: Hatterene
|-supereffective|p1a: Hatterene
|-damage|p1a: Hatterene|0 fnt
|-unboost|p2a: Gholdengo|spa|1
|faint|p1a: Hatterene
|
|upkeep
|
|t:|1757934742
|switch|p1a: Ogerpon|Ogerpon-Wellspring-Tera, F, tera:Water|15/100
|-ability|p1a: Ogerpon|Embody Aspect (Wellspring)|boost
|-boost|p1a: Ogerpon|spd|1
|turn|14
|
|t:|1757934746
|move|p1a: Ogerpon|Ivy Cudgel|p2a: Gholdengo|[anim] Ivy Cudgel Water
|-damage|p2a: Gholdengo|41/100 par
|move|p2a: Gholdengo|Shadow Ball|p1a: Ogerpon
|-damage|p1a: Ogerpon|0 fnt
|faint|p1a: Ogerpon
|detailschange|p1: Ogerpon|Ogerpon-Wellspring, F|[silent]
|
|upkeep
|
|t:|1757934752
|switch|p1a: Dragonite|Dragonite, F|100/100
|turn|15
|j| Ctannn
|
|t:|1757934758
|switch|p2a: Dragonite|Dragonite, M|100/100
|move|p1a: Dragonite|Dragon Dance|p1a: Dragonite
|-boost|p1a: Dragonite|atk|1
|-boost|p1a: Dragonite|spe|1
|
|upkeep
|turn|16
|
|t:|1757934770
|move|p1a: Dragonite|Ice Spinner|p2a: Dragonite
|-supereffective|p2a: Dragonite
|-damage|p2a: Dragonite|0 fnt
|faint|p2a: Dragonite
|
|upkeep
|
|t:|1757934777
|switch|p2a: Ogerpon|Ogerpon-Wellspring, F|100/100
|turn|17
|
|t:|1757934779
|move|p1a: Dragonite|Extreme Speed|p2a: Ogerpon
|-damage|p2a: Ogerpon|39/100
|move|p2a: Ogerpon|Knock Off|p1a: Dragonite
|-damage|p1a: Dragonite|78/100
|-enditem|p1a: Dragonite|Heavy-Duty Boots|[from] move: Knock Off|[of] p2a: Ogerpon
|
|upkeep
|turn|18
|
|t:|1757934782
|switch|p2a: Gholdengo|Gholdengo|41/100 par
|move|p1a: Dragonite|Extreme Speed|p2a: Gholdengo
|-immune|p2a: Gholdengo
|
|upkeep
|turn|19
|
|t:|1757934787
|-terastallize|p2a: Gholdengo|Fairy
|move|p1a: Dragonite|Earthquake|p2a: Gholdengo
|-damage|p2a: Gholdengo|0 fnt
|faint|p2a: Gholdengo
|
|upkeep
|l| Redeyesplayer
|j| RelaxandSybau
|-message|mayuhara forfeited.
|
|win|maxseiji
|raw|maxseiji's rating: 1556 &rarr; <strong>1577</strong><br />(+21 for winning)
|raw|mayuhara's rating: 1575 &rarr; <strong>1554</strong><br />(-21 for losing)
|l|☆mayuhara
|player|p2|
|l|☆maxseiji
|player|p1|
|l| RelaxandSybau
|l| Ctannn
