|j|☆lesebz
|j|☆OminousGengar
|t:|1757917375
|gametype|singles
|player|p1|lesebz|170|1276
|player|p2|OminousGengar|eusine|1325
|gen|9
|tier|[Gen 9] OU
|rated|
|rule|HP Percentage Mod: HP is shown in percentages
|rule|Endless Battle Clause: Forcing endless battles is banned
|rule|Species Clause: Limit one of each Pokémon
|rule|OHKO Clause: OHKO moves are banned
|rule|Evasion Items Clause: Evasion items are banned
|rule|Evasion Moves Clause: Evasion moves are banned
|rule|Evasion Abilities Clause: Evasion abilities are banned
|rule|Sleep Moves Clause: Sleep-inducing moves are banned
|clearpoke
|poke|p1|Darkrai|
|poke|p1|Scizor, F|
|poke|p1|Pecharunt|
|poke|p1|Iron Treads|
|poke|p1|Samurott-Hisui, F|
|poke|p1|Ogerpon-Wellspring, F|
|poke|p2|Talonflame, M|
|poke|p2|Pelipper, F|
|poke|p2|Barraskewda, F|
|poke|p2|Toxicroak, M|
|poke|p2|Hatterene, F|
|poke|p2|Iron Treads|
|teampreview
|inactive|Battle timer is ON: inactive players will automatically lose when time's up. (requested by lesebz)
|
|t:|1757917388
|teamsize|p1|6
|teamsize|p2|6
|start
|switch|p1a: Samurott|Samurott-Hisui, F|100/100
|switch|p2a: Iron Treads|Iron Treads|100/100
|turn|1
|
|t:|1757917394
|move|p1a: Samurott|Flip Turn|p2a: Iron Treads
|-supereffective|p2a: Iron Treads
|-damage|p2a: Iron Treads|49/100
|
|t:|1757917400
|switch|p1a: Iron Treads|Iron Treads|100/100|[from] Flip Turn
|-item|p1a: Iron Treads|Air Balloon
|move|p2a: Iron Treads|Stealth Rock|p1a: Iron Treads
|-sidestart|p1: lesebz|move: Stealth Rock
|
|-heal|p2a: Iron Treads|56/100|[from] item: Leftovers
|upkeep
|turn|2
|
|t:|1757917412
|-end|p2a: Iron Treads|Quark Drive|[silent]
|switch|p2a: Pelipper|Pelipper, F|100/100
|-weather|RainDance|[from] ability: Drizzle|[of] p2a: Pelipper
|move|p1a: Iron Treads|Rapid Spin|p2a: Pelipper
|-damage|p2a: Pelipper|89/100
|-boost|p1a: Iron Treads|spe|1
|-sideend|p1: lesebz|Stealth Rock|[from] move: Rapid Spin|[of] p1a: Iron Treads
|
|-weather|RainDance|[upkeep]
|upkeep
|turn|3
|
|t:|1757917425
|switch|p2a: Iron Treads|Iron Treads|56/100
|move|p1a: Iron Treads|Stone Edge|p2a: Iron Treads
|-resisted|p2a: Iron Treads
|-damage|p2a: Iron Treads|49/100
|
|-weather|RainDance|[upkeep]
|-heal|p2a: Iron Treads|55/100|[from] item: Leftovers
|upkeep
|turn|4
|
|t:|1757917436
|move|p1a: Iron Treads|Earthquake|p2a: Iron Treads
|-supereffective|p2a: Iron Treads
|-damage|p2a: Iron Treads|0 fnt
|faint|p2a: Iron Treads
|-end|p2a: Iron Treads|Quark Drive|[silent]
|
|-weather|RainDance|[upkeep]
|upkeep
|
|t:|1757917442
|switch|p2a: Barraskewda|Barraskewda, F|100/100
|turn|5
|
|t:|1757917445
|-end|p1a: Iron Treads|Quark Drive|[silent]
|switch|p1a: Ogerpon|Ogerpon-Wellspring, F|100/100
|move|p2a: Barraskewda|Waterfall|p1a: Ogerpon
|-immune|p1a: Ogerpon|[from] ability: Water Absorb
|
|-weather|RainDance|[upkeep]
|upkeep
|turn|6
|
|t:|1757917461
|switch|p2a: Toxicroak|Toxicroak, M|100/100
|move|p1a: Ogerpon|U-turn|p2a: Toxicroak
|-resisted|p2a: Toxicroak
|-damage|p2a: Toxicroak|92/100
|-damage|p1a: Ogerpon|84/100|[from] item: Rocky Helmet|[of] p2a: Toxicroak
|
|t:|1757917479
|switch|p1a: Pecharunt|Pecharunt|100/100|[from] U-turn
|
|-weather|RainDance|[upkeep]
|-heal|p2a: Toxicroak|100/100|[from] ability: Dry Skin
|upkeep
|turn|7
|
|t:|1757917492
|move|p1a: Pecharunt|Parting Shot|p2a: Toxicroak
|-unboost|p2a: Toxicroak|atk|1
|-unboost|p2a: Toxicroak|spa|1
|
|t:|1757917498
|switch|p1a: Darkrai|Darkrai|100/100|[from] Parting Shot
|move|p2a: Toxicroak|Knock Off|p1a: Darkrai
|-resisted|p1a: Darkrai
|-damage|p1a: Darkrai|90/100
|-enditem|p1a: Darkrai|Heavy-Duty Boots|[from] move: Knock Off|[of] p2a: Toxicroak
|
|-weather|RainDance|[upkeep]
|upkeep
|turn|8
|
|t:|1757917512
|switch|p1a: Pecharunt|Pecharunt|100/100
|move|p2a: Toxicroak|Drain Punch|p1a: Pecharunt
|-immune|p1a: Pecharunt
|
|-weather|RainDance|[upkeep]
|upkeep
|turn|9
|
|t:|1757917520
|move|p1a: Pecharunt|Shadow Ball|p2a: Toxicroak
|-damage|p2a: Toxicroak|69/100
|move|p2a: Toxicroak|Knock Off|p1a: Pecharunt
|-supereffective|p1a: Pecharunt
|-damage|p1a: Pecharunt|81/100
|-enditem|p1a: Pecharunt|Leftovers|[from] move: Knock Off|[of] p2a: Toxicroak
|
|-weather|none
|upkeep
|turn|10
|
|t:|1757917532
|switch|p2a: Pelipper|Pelipper, F|89/100
|-weather|RainDance|[from] ability: Drizzle|[of] p2a: Pelipper
|move|p1a: Pecharunt|Shadow Ball|p2a: Pelipper
|-damage|p2a: Pelipper|42/100
|
|-weather|RainDance|[upkeep]
|upkeep
|turn|11
|
|t:|1757917542
|switch|p2a: Toxicroak|Toxicroak, M|69/100
|move|p1a: Pecharunt|Shadow Ball|p2a: Toxicroak
|-damage|p2a: Toxicroak|40/100
|
|-weather|RainDance|[upkeep]
|-heal|p2a: Toxicroak|52/100|[from] ability: Dry Skin
|upkeep
|turn|12
|
|t:|1757917555
|move|p1a: Pecharunt|Parting Shot|p2a: Toxicroak
|-unboost|p2a: Toxicroak|atk|1
|-unboost|p2a: Toxicroak|spa|1
|
|t:|1757917561
|switch|p1a: Darkrai|Darkrai|90/100|[from] Parting Shot
|move|p2a: Toxicroak|Knock Off|p1a: Darkrai
|-resisted|p1a: Darkrai
|-crit|p1a: Darkrai
|-damage|p1a: Darkrai|76/100
|
|-weather|RainDance|[upkeep]
|-heal|p2a: Toxicroak|65/100|[from] ability: Dry Skin
|upkeep
|turn|13
|
|t:|1757917574
|switch|p1a: Pecharunt|Pecharunt|81/100
|move|p2a: Toxicroak|Drain Punch|p1a: Pecharunt
|-immune|p1a: Pecharunt
|
|-weather|RainDance|[upkeep]
|-heal|p2a: Toxicroak|77/100|[from] ability: Dry Skin
|upkeep
|turn|14
|
|t:|1757917588
|switch|p2a: Hatterene|Hatterene, F|100/100
|move|p1a: Pecharunt|Shadow Ball|p2a: Hatterene
|-supereffective|p2a: Hatterene
|-damage|p2a: Hatterene|32/100
|-enditem|p2a: Hatterene|Eject Button
|
|t:|1757917590
|switch|p2a: Barraskewda|Barraskewda, F|100/100
|
|-weather|RainDance|[upkeep]
|upkeep
|turn|15
|
|t:|1757917610
|switch|p1a: Samurott|Samurott-Hisui, F|100/100
|move|p2a: Barraskewda|Waterfall|p1a: Samurott
|-resisted|p1a: Samurott
|-damage|p1a: Samurott|43/100
|
|-weather|RainDance|[upkeep]
|upkeep
|turn|16
|
|t:|1757917618
|switch|p1a: Ogerpon|Ogerpon-Wellspring, F|84/100
|move|p2a: Barraskewda|Waterfall|p1a: Ogerpon
|-heal|p1a: Ogerpon|100/100|[from] ability: Water Absorb|[of] p2a: Barraskewda
|
|-weather|RainDance|[upkeep]
|upkeep
|turn|17
|
|t:|1757917630
|switch|p2a: Toxicroak|Toxicroak, M|77/100
|move|p1a: Ogerpon|U-turn|p2a: Toxicroak
|-resisted|p2a: Toxicroak
|-damage|p2a: Toxicroak|68/100
|-damage|p1a: Ogerpon|84/100|[from] item: Rocky Helmet|[of] p2a: Toxicroak
|
|t:|1757917638
|switch|p1a: Iron Treads|Iron Treads|100/100|[from] U-turn
|-item|p1a: Iron Treads|Air Balloon
|
|-weather|none
|upkeep
|turn|18
|
|t:|1757917657
|switch|p2a: Hatterene|Hatterene, F|32/100
|move|p1a: Iron Treads|Rapid Spin|p2a: Hatterene
|-damage|p2a: Hatterene|15/100
|-boost|p1a: Iron Treads|spe|1
|
|upkeep
|turn|19
|
|t:|1757917665
|move|p1a: Iron Treads|Rapid Spin|p2a: Hatterene
|-damage|p2a: Hatterene|0 fnt
|-boost|p1a: Iron Treads|spe|1
|faint|p2a: Hatterene
|
|upkeep
|
|t:|1757917674
|switch|p2a: Pelipper|Pelipper, F|42/100
|-weather|RainDance|[from] ability: Drizzle|[of] p2a: Pelipper
|turn|20
|
|t:|1757917683
|move|p1a: Iron Treads|Stone Edge|p2a: Pelipper
|-supereffective|p2a: Pelipper
|-damage|p2a: Pelipper|0 fnt
|faint|p2a: Pelipper
|
|-weather|RainDance|[upkeep]
|upkeep
|
|t:|1757917686
|switch|p2a: Barraskewda|Barraskewda, F|100/100
|turn|21
|
|t:|1757917695
|-end|p1a: Iron Treads|Quark Drive|[silent]
|switch|p1a: Ogerpon|Ogerpon-Wellspring, F|84/100
|move|p2a: Barraskewda|Close Combat|p1a: Ogerpon
|-damage|p1a: Ogerpon|3/100
|-unboost|p2a: Barraskewda|def|1
|-unboost|p2a: Barraskewda|spd|1
|
|-weather|RainDance|[upkeep]
|upkeep
|turn|22
|
|t:|1757917705
|switch|p2a: Toxicroak|Toxicroak, M|68/100
|switch|p1a: Pecharunt|Pecharunt|81/100
|
|-weather|RainDance|[upkeep]
|-heal|p2a: Toxicroak|81/100|[from] ability: Dry Skin
|upkeep
|turn|23
|
|t:|1757917714
|move|p1a: Pecharunt|Shadow Ball|p2a: Toxicroak
|-damage|p2a: Toxicroak|48/100
|move|p2a: Toxicroak|Toxic|p1a: Pecharunt
|-immune|p1a: Pecharunt
|
|-weather|RainDance|[upkeep]
|-heal|p2a: Toxicroak|60/100|[from] ability: Dry Skin
|upkeep
|turn|24
|
|t:|1757917727
|move|p1a: Pecharunt|Shadow Ball|p2a: Toxicroak
|-damage|p2a: Toxicroak|28/100
|move|p2a: Toxicroak|Knock Off|p1a: Pecharunt
|-supereffective|p1a: Pecharunt
|-damage|p1a: Pecharunt|59/100
|
|-weather|RainDance|[upkeep]
|-heal|p2a: Toxicroak|40/100|[from] ability: Dry Skin
|upkeep
|turn|25
|
|t:|1757917739
|move|p1a: Pecharunt|Shadow Ball|p2a: Toxicroak
|-damage|p2a: Toxicroak|11/100
|move|p2a: Toxicroak|Drain Punch|p1a: Pecharunt
|-immune|p1a: Pecharunt
|
|-weather|RainDance|[upkeep]
|-heal|p2a: Toxicroak|23/100|[from] ability: Dry Skin
|upkeep
|turn|26
|-message|OminousGengar forfeited.
|
|win|lesebz
|raw|lesebz's rating: 1276 &rarr; <strong>1305</strong><br />(+29 for winning)
|raw|OminousGengar's rating: 1325 &rarr; <strong>1302</strong><br />(-23 for losing)
|l|☆OminousGengar
|player|p2|
|l|☆lesebz
|player|p1|
