|j|☆Stealthalo
|j|☆K2Shiest.E
|t:|1757939817
|gametype|singles
|player|p1|Stealthalo|169|1477
|player|p2|K2Shiest.E|169|1549
|gen|9
|tier|[Gen 9] OU
|rated|
|rule|HP Percentage Mod: HP is shown in percentages
|rule|Endless Battle Clause: Forcing endless battles is banned
|rule|Species Clause: Limit one of each Pokémon
|rule|OHKO Clause: OHKO moves are banned
|rule|Evasion Items Clause: Evasion items are banned
|rule|Evasion Moves Clause: Evasion moves are banned
|rule|Evasion Abilities Clause: Evasion abilities are banned
|rule|Sleep Moves Clause: Sleep-inducing moves are banned
|clearpoke
|poke|p1|Blaziken, M|
|poke|p1|Slowking-Galar, F|
|poke|p1|Ursaluna, M|
|poke|p1|Mandibuzz, F|
|poke|p1|Gholdengo|
|poke|p1|Iron Valiant|
|poke|p2|Ting-Lu|
|poke|p2|Darkrai|
|poke|p2|Corviknight, M|
|poke|p2|Fezandipiti, M|
|poke|p2|Pecharunt|
|poke|p2|Latios, M|
|teampreview
|
|t:|1757939830
|teamsize|p1|6
|teamsize|p2|6
|start
|switch|p1a: Gholdengo|Gholdengo|100/100
|switch|p2a: Ting-Lu|Ting-Lu|100/100
|-ability|p2a: Ting-Lu|Vessel of Ruin
|turn|1
|
|t:|1757939838
|-terastallize|p1a: Gholdengo|Fairy
|move|p1a: Gholdengo|Dazzling Gleam|p2a: Ting-Lu
|-supereffective|p2a: Ting-Lu
|-damage|p2a: Ting-Lu|63/100
|move|p2a: Ting-Lu|Earthquake|p1a: Gholdengo
|-damage|p1a: Gholdengo|56/100
|
|-heal|p2a: Ting-Lu|69/100|[from] item: Leftovers
|upkeep
|turn|2
|
|t:|1757939849
|move|p1a: Gholdengo|Dazzling Gleam|p2a: Ting-Lu
|-supereffective|p2a: Ting-Lu
|-damage|p2a: Ting-Lu|36/100
|move|p2a: Ting-Lu|Stealth Rock|p1a: Gholdengo
|-sidestart|p1: Stealthalo|move: Stealth Rock
|
|-heal|p2a: Ting-Lu|42/100|[from] item: Leftovers
|upkeep
|turn|3
|
|t:|1757939857
|switch|p2a: Fezandipiti|Fezandipiti, M|100/100
|move|p1a: Gholdengo|Dazzling Gleam|p2a: Fezandipiti
|-resisted|p2a: Fezandipiti
|-damage|p2a: Fezandipiti|89/100
|
|upkeep
|turn|4
|
|t:|1757939865
|switch|p1a: Slowking|Slowking-Galar, F|100/100
|-damage|p1a: Slowking|88/100|[from] Stealth Rock
|move|p2a: Fezandipiti|Sludge Bomb|p1a: Slowking
|-resisted|p1a: Slowking
|-damage|p1a: Slowking|78/100
|
|-heal|p1a: Slowking|84/100|[from] item: Leftovers
|upkeep
|turn|5
|
|t:|1757939877
|switch|p2a: Ting-Lu|Ting-Lu|42/100
|-ability|p2a: Ting-Lu|Vessel of Ruin
|move|p1a: Slowking|Sludge Bomb|p2a: Ting-Lu
|-resisted|p2a: Ting-Lu
|-damage|p2a: Ting-Lu|34/100
|
|-heal|p2a: Ting-Lu|40/100|[from] item: Leftovers
|-heal|p1a: Slowking|91/100|[from] item: Leftovers
|upkeep
|turn|6
|
|t:|1757939887
|switch|p1a: Mandibuzz|Mandibuzz, F|100/100
|move|p2a: Ting-Lu|Ruination|p1a: Mandibuzz
|-damage|p1a: Mandibuzz|50/100
|
|-heal|p2a: Ting-Lu|46/100|[from] item: Leftovers
|upkeep
|turn|7
|
|t:|1757939895
|switch|p2a: Darkrai|Darkrai, shiny|100/100
|move|p1a: Mandibuzz|Defog|p2a: Darkrai
|-unboost|p2a: Darkrai|evasion|1
|-sideend|p1: Stealthalo|Stealth Rock|[from] move: Defog|[of] p1a: Mandibuzz
|
|upkeep
|turn|8
|
|t:|1757939903
|switch|p1a: Gholdengo|Gholdengo, tera:Fairy|56/100
|move|p2a: Darkrai|Knock Off|p1a: Gholdengo
|-resisted|p1a: Gholdengo
|-damage|p1a: Gholdengo|37/100
|-enditem|p1a: Gholdengo|Choice Scarf|[from] move: Knock Off|[of] p2a: Darkrai
|
|upkeep
|turn|9
|
|t:|1757939919
|switch|p1a: Ursaluna|Ursaluna, M|100/100
|move|p2a: Darkrai|Sludge Bomb|p1a: Ursaluna
|-resisted|p1a: Ursaluna
|-damage|p1a: Ursaluna|85/100
|-status|p1a: Ursaluna|psn
|
|-damage|p1a: Ursaluna|73/100 psn|[from] psn
|upkeep
|turn|10
|
|t:|1757939930
|switch|p2a: Corviknight|Corviknight, M, shiny|100/100
|-ability|p2a: Corviknight|Pressure
|switch|p1a: Blaziken|Blaziken, M|100/100
|
|upkeep
|turn|11
|
|t:|1757939941
|move|p1a: Blaziken|Flare Blitz|p2a: Corviknight
|-supereffective|p2a: Corviknight
|-damage|p2a: Corviknight|2/100
|-damage|p1a: Blaziken|84/100|[from] item: Rocky Helmet|[of] p2a: Corviknight
|-damage|p1a: Blaziken|44/100|[from] Recoil
|-damage|p1a: Blaziken|34/100|[from] item: Life Orb
|move|p2a: Corviknight|U-turn|p1a: Blaziken
|-resisted|p1a: Blaziken
|-damage|p1a: Blaziken|29/100
|
|t:|1757939954
|switch|p2a: Pecharunt|Pecharunt|100/100|[from] U-turn
|
|-ability|p1a: Blaziken|Speed Boost|boost
|-boost|p1a: Blaziken|spe|1
|upkeep
|turn|12
|
|t:|1757939961
|move|p1a: Blaziken|Earthquake|p2a: Pecharunt
|-supereffective|p2a: Pecharunt
|-damage|p2a: Pecharunt|62/100
|-damage|p1a: Blaziken|19/100|[from] item: Life Orb
|move|p2a: Pecharunt|Malignant Chain|p1a: Blaziken
|-damage|p1a: Blaziken|0 fnt
|faint|p1a: Blaziken
|
|upkeep
|
|t:|1757939970
|switch|p1a: Gholdengo|Gholdengo, tera:Fairy|37/100
|turn|13
|
|t:|1757939980
|switch|p2a: Corviknight|Corviknight, M, shiny|2/100
|-ability|p2a: Corviknight|Pressure
|move|p1a: Gholdengo|Trick|p2a: Corviknight
|-activate|p1a: Gholdengo|move: Trick|[of] p2a: Corviknight
|-enditem|p2a: Corviknight|Rocky Helmet|[silent]|[from] move: Trick
|-item|p1a: Gholdengo|Rocky Helmet|[from] move: Trick
|
|upkeep
|turn|14
|
|t:|1757939988
|move|p1a: Gholdengo|Shadow Ball|p2a: Corviknight
|-damage|p2a: Corviknight|0 fnt
|faint|p2a: Corviknight
|
|upkeep
|
|t:|1757939990
|switch|p2a: Darkrai|Darkrai, shiny|100/100
|turn|15
|
|t:|1757939998
|move|p2a: Darkrai|Ice Beam|p1a: Gholdengo
|-damage|p1a: Gholdengo|0 fnt
|faint|p1a: Gholdengo
|
|upkeep
|
|t:|1757940005
|switch|p1a: Iron Valiant|Iron Valiant|100/100
|-enditem|p1a: Iron Valiant|Booster Energy
|-activate|p1a: Iron Valiant|ability: Quark Drive|[fromitem]
|-start|p1a: Iron Valiant|quarkdrivespe
|turn|16
|
|t:|1757940014
|-terastallize|p2a: Darkrai|Poison
|move|p1a: Iron Valiant|Close Combat|p2a: Darkrai
|-resisted|p2a: Darkrai
|-damage|p2a: Darkrai|57/100
|-unboost|p1a: Iron Valiant|def|1
|-unboost|p1a: Iron Valiant|spd|1
|move|p2a: Darkrai|Sludge Bomb|p1a: Iron Valiant
|-supereffective|p1a: Iron Valiant
|-damage|p1a: Iron Valiant|0 fnt
|faint|p1a: Iron Valiant
|-end|p1a: Iron Valiant|Quark Drive|[silent]
|
|upkeep
|
|t:|1757940025
|switch|p1a: Slowking|Slowking-Galar, F|100/100
|turn|17
|
|t:|1757940030
|move|p2a: Darkrai|Knock Off|p1a: Slowking
|-supereffective|p1a: Slowking
|-damage|p1a: Slowking|39/100
|-enditem|p1a: Slowking|Leftovers|[from] move: Knock Off|[of] p2a: Darkrai
|move|p1a: Slowking|Trick Room|p1a: Slowking
|-fieldstart|move: Trick Room|[of] p1a: Slowking
|
|upkeep
|turn|18
|
|t:|1757940037
|switch|p2a: Ting-Lu|Ting-Lu|46/100
|-ability|p2a: Ting-Lu|Vessel of Ruin
|move|p1a: Slowking|Flamethrower|p2a: Ting-Lu
|-damage|p2a: Ting-Lu|33/100
|
|-heal|p2a: Ting-Lu|40/100|[from] item: Leftovers
|upkeep
|turn|19
|
|t:|1757940047
|switch|p1a: Mandibuzz|Mandibuzz, F|50/100
|move|p2a: Ting-Lu|Stealth Rock|p1a: Mandibuzz
|-sidestart|p1: Stealthalo|move: Stealth Rock
|
|-heal|p2a: Ting-Lu|46/100|[from] item: Leftovers
|upkeep
|turn|20
|
|t:|1757940055
|move|p2a: Ting-Lu|Stealth Rock||[still]
|-fail|p2a: Ting-Lu
|move|p1a: Mandibuzz|Knock Off|p2a: Ting-Lu
|-resisted|p2a: Ting-Lu
|-damage|p2a: Ting-Lu|39/100
|-enditem|p2a: Ting-Lu|Leftovers|[from] move: Knock Off|[of] p1a: Mandibuzz
|
|upkeep
|turn|21
|
|t:|1757940062
|switch|p2a: Darkrai|Darkrai, shiny, tera:Poison|57/100
|move|p1a: Mandibuzz|Defog|p2a: Darkrai
|-unboost|p2a: Darkrai|evasion|1
|-sideend|p1: Stealthalo|Stealth Rock|[from] move: Defog|[of] p1a: Mandibuzz
|
|-fieldend|move: Trick Room
|upkeep
|turn|22
|
|t:|1757940072
|move|p2a: Darkrai|Ice Beam|p1a: Mandibuzz
|-supereffective|p1a: Mandibuzz
|-damage|p1a: Mandibuzz|1/100
|move|p1a: Mandibuzz|Roost|p1a: Mandibuzz
|-heal|p1a: Mandibuzz|51/100
|-singleturn|p1a: Mandibuzz|move: Roost
|
|upkeep
|turn|23
|
|t:|1757940085
|move|p2a: Darkrai|Ice Beam|p1a: Mandibuzz
|-supereffective|p1a: Mandibuzz
|-damage|p1a: Mandibuzz|2/100
|move|p1a: Mandibuzz|U-turn|p2a: Darkrai
|-resisted|p2a: Darkrai
|-damage|p2a: Darkrai|49/100
|
|t:|1757940091
|switch|p1a: Slowking|Slowking-Galar, F|73/100|[from] U-turn
|
|upkeep
|turn|24
|
|t:|1757940100
|switch|p1a: Mandibuzz|Mandibuzz, F|2/100
|move|p2a: Darkrai|Dark Pulse|p1a: Mandibuzz
|-resisted|p1a: Mandibuzz
|-damage|p1a: Mandibuzz|0 fnt
|faint|p1a: Mandibuzz
|
|upkeep
|
|t:|1757940108
|switch|p1a: Slowking|Slowking-Galar, F|100/100
|turn|25
|
|t:|1757940112
|move|p2a: Darkrai|Dark Pulse|p1a: Slowking
|-supereffective|p1a: Slowking
|-damage|p1a: Slowking|30/100
|move|p1a: Slowking|Trick Room|p1a: Slowking
|-fieldstart|move: Trick Room|[of] p1a: Slowking
|
|upkeep
|turn|26
|
|t:|1757940119
|switch|p1a: Ursaluna|Ursaluna, M|73/100 psn
|move|p2a: Darkrai|Dark Pulse|p1a: Ursaluna
|-damage|p1a: Ursaluna|35/100 psn
|
|-damage|p1a: Ursaluna|22/100 psn|[from] psn
|upkeep
|turn|27
|
|t:|1757940128
|switch|p2a: Ting-Lu|Ting-Lu|39/100
|-ability|p2a: Ting-Lu|Vessel of Ruin
|move|p1a: Ursaluna|Facade|p2a: Ting-Lu
|-damage|p2a: Ting-Lu|0 fnt
|faint|p2a: Ting-Lu
|
|-damage|p1a: Ursaluna|10/100 psn|[from] psn
|upkeep
|
|t:|1757940131
|switch|p2a: Latios|Latios, M, shiny|100/100
|turn|28
|
|t:|1757940143
|move|p1a: Ursaluna|Facade|p2a: Latios
|-damage|p2a: Latios|0 fnt
|faint|p2a: Latios
|
|-damage|p1a: Ursaluna|0 fnt|[from] psn
|faint|p1a: Ursaluna
|upkeep
|
|t:|1757940151
|switch|p1a: Slowking|Slowking-Galar, F|63/100
|switch|p2a: Pecharunt|Pecharunt|62/100
|turn|29
|
|t:|1757940157
|move|p1a: Slowking|Psychic|p2a: Pecharunt
|-supereffective|p2a: Pecharunt
|-damage|p2a: Pecharunt|0 fnt
|faint|p2a: Pecharunt
|
|-fieldend|move: Trick Room
|upkeep
|
|t:|1757940159
|switch|p2a: Darkrai|Darkrai, shiny, tera:Poison|49/100
|turn|30
|
|t:|1757940166
|move|p2a: Darkrai|Dark Pulse|p1a: Slowking
|-supereffective|p1a: Slowking
|-damage|p1a: Slowking|0 fnt
|faint|p1a: Slowking
|
|win|K2Shiest.E
|raw|Stealthalo's rating: 1477 &rarr; <strong>1461</strong><br />(-16 for losing)
|raw|K2Shiest.E's rating: 1549 &rarr; <strong>1565</strong><br />(+16 for winning)
|l|☆K2Shiest.E
|player|p2|
|l|☆Stealthalo
|player|p1|
