|j|☆kinsword
|j|☆AbbeCey
|t:|1757931203
|gametype|singles
|player|p1|kinsword|1|1360
|player|p2|AbbeCey|benga|1331
|gen|9
|tier|[Gen 9] OU
|rated|
|rule|HP Percentage Mod: HP is shown in percentages
|rule|Endless Battle Clause: Forcing endless battles is banned
|rule|Species Clause: Limit one of each Pokémon
|rule|OHKO Clause: OHKO moves are banned
|rule|Evasion Items Clause: Evasion items are banned
|rule|Evasion Moves Clause: Evasion moves are banned
|rule|Evasion Abilities Clause: Evasion abilities are banned
|rule|Sleep Moves Clause: Sleep-inducing moves are banned
|clearpoke
|poke|p1|Iron Thorns|
|poke|p1|Manaphy|
|poke|p1|Zapdos-Galar|
|poke|p1|Excadrill, F|
|poke|p1|Enamorus-Therian, F|
|poke|p1|Overqwil, M|
|poke|p2|Iron Crown|
|poke|p2|Samurott-Hisui, M|
|poke|p2|Zapdos|
|poke|p2|Dragapult, F|
|poke|p2|Great Tusk|
|poke|p2|Iron Boulder|
|teampreview
|inactive|Battle timer is ON: inactive players will automatically lose when time's up. (requested by kinsword)
|
|t:|1757931215
|teamsize|p1|6
|teamsize|p2|6
|start
|switch|p1a: Zapdos|Zapdos-Galar|100/100
|switch|p2a: Everytime We Touch|Samurott-Hisui, M, shiny|100/100
|turn|1
|
|t:|1757931225
|move|p1a: Zapdos|Knock Off|p2a: Everytime We Touch
|-resisted|p2a: Everytime We Touch
|-damage|p2a: Everytime We Touch|78/100
|-enditem|p2a: Everytime We Touch|Choice Scarf|[from] move: Knock Off|[of] p1a: Zapdos
|move|p2a: Everytime We Touch|Ceaseless Edge|p1a: Zapdos
|-resisted|p1a: Zapdos
|-damage|p1a: Zapdos|74/100
|-sidestart|p1: kinsword|Spikes
|
|upkeep
|turn|2
|
|t:|1757931240
|switch|p1a: Enamorus|Enamorus-Therian, F|100/100
|switch|p2a: Hurikan|Zapdos, shiny|100/100
|
|upkeep
|turn|3
|
|t:|1757931254
|switch|p1a: Excadrill|Excadrill, F|100/100
|-damage|p1a: Excadrill|88/100|[from] Spikes
|-ability|p1a: Excadrill|Mold Breaker
|move|p2a: Hurikan|Discharge|p1a: Excadrill
|-immune|p1a: Excadrill
|
|upkeep
|turn|4
|
|t:|1757931264
|move|p1a: Excadrill|Rapid Spin|p2a: Hurikan
|-damage|p2a: Hurikan|88/100
|-boost|p1a: Excadrill|spe|1
|-sideend|p1: kinsword|Spikes|[from] move: Rapid Spin|[of] p1a: Excadrill
|move|p2a: Hurikan|Hurricane|p1a: Excadrill
|-resisted|p1a: Excadrill
|-damage|p1a: Excadrill|69/100
|-start|p1a: Excadrill|confusion
|
|upkeep
|turn|5
|
|t:|1757931274
|-activate|p1a: Excadrill|confusion
|-damage|p1a: Excadrill|47/100|[from] confusion
|move|p2a: Hurikan|U-turn|p1a: Excadrill
|-resisted|p1a: Excadrill
|-damage|p1a: Excadrill|37/100
|
|t:|1757931281
|switch|p2a: Everytime We Touch|Samurott-Hisui, M, shiny|78/100|[from] U-turn
|
|upkeep
|turn|6
|
|t:|1757931290
|-end|p1a: Excadrill|confusion
|move|p1a: Excadrill|Earthquake|p2a: Everytime We Touch
|-damage|p2a: Everytime We Touch|7/100
|move|p2a: Everytime We Touch|Flip Turn|p1a: Excadrill
|-supereffective|p1a: Excadrill
|-damage|p1a: Excadrill|0 fnt
|faint|p1a: Excadrill
|
|t:|1757931312
|switch|p2a: Hurikan|Zapdos, shiny|88/100|[from] Flip Turn
|
|upkeep
|
|t:|1757931316
|switch|p1a: Iron Thorns|Iron Thorns|100/100
|turn|7
|
|t:|1757931323
|move|p1a: Iron Thorns|Dragon Dance|p1a: Iron Thorns
|-boost|p1a: Iron Thorns|atk|1
|-boost|p1a: Iron Thorns|spe|1
|move|p2a: Hurikan|U-turn|p1a: Iron Thorns
|-damage|p1a: Iron Thorns|88/100
|
|t:|1757931330
|switch|p2a: Everytime We Touch|Samurott-Hisui, M, shiny|7/100|[from] U-turn
|
|upkeep
|turn|8
|
|t:|1757931337
|move|p1a: Iron Thorns|Rock Blast|p2a: Everytime We Touch
|-crit|p2a: Everytime We Touch
|-damage|p2a: Everytime We Touch|0 fnt
|faint|p2a: Everytime We Touch
|-hitcount|p2: Everytime We Touch|1
|
|upkeep
|
|t:|1757931348
|switch|p2a: Mindreader|Iron Crown|100/100
|turn|9
|
|t:|1757931356
|move|p1a: Iron Thorns|Supercell Slam|p2a: Mindreader
|-damage|p2a: Mindreader|15/100
|move|p2a: Mindreader|Tachyon Cutter|p1a: Iron Thorns
|-damage|p1a: Iron Thorns|49/100
|-damage|p1a: Iron Thorns|6/100
|-hitcount|p1a: Iron Thorns|2
|
|upkeep
|turn|10
|
|t:|1757931364
|move|p1a: Iron Thorns|Ice Punch|p2a: Mindreader
|-resisted|p2a: Mindreader
|-damage|p2a: Mindreader|0 fnt
|faint|p2a: Mindreader
|-end|p2a: Mindreader|Quark Drive|[silent]
|
|upkeep
|
|t:|1757931370
|switch|p2a: Parasite|Dragapult, F|100/100
|turn|11
|
|t:|1757931377
|move|p2a: Parasite|U-turn|p1a: Iron Thorns
|-damage|p1a: Iron Thorns|0 fnt
|faint|p1a: Iron Thorns
|-end|p1a: Iron Thorns|Quark Drive|[silent]
|
|t:|1757931382
|switch|p2a: Pump It|Great Tusk|100/100|[from] U-turn
|
|upkeep
|
|t:|1757931387
|switch|p1a: Manaphy|Manaphy|100/100
|turn|12
|
|t:|1757931396
|-end|p2a: Pump It|Protosynthesis|[silent]
|switch|p2a: Hurikan|Zapdos, shiny|88/100
|move|p1a: Manaphy|Surf|p2a: Hurikan
|-damage|p2a: Hurikan|46/100
|
|upkeep
|turn|13
|
|t:|1757931403
|move|p2a: Hurikan|Roost|p2a: Hurikan
|-heal|p2a: Hurikan|96/100
|-singleturn|p2a: Hurikan|move: Roost
|move|p1a: Manaphy|Ice Beam|p2a: Hurikan
|-damage|p2a: Hurikan|69/100
|
|upkeep
|turn|14
|
|t:|1757931418
|move|p2a: Hurikan|Discharge|p1a: Manaphy
|-supereffective|p1a: Manaphy
|-damage|p1a: Manaphy|41/100
|move|p1a: Manaphy|Ice Beam|p2a: Hurikan
|-supereffective|p2a: Hurikan
|-damage|p2a: Hurikan|13/100
|
|-heal|p1a: Manaphy|47/100|[from] item: Leftovers
|upkeep
|turn|15
|
|t:|1757931428
|move|p2a: Hurikan|Discharge|p1a: Manaphy
|-supereffective|p1a: Manaphy
|-damage|p1a: Manaphy|0 fnt
|faint|p1a: Manaphy
|
|upkeep
|
|t:|1757931434
|switch|p1a: Zapdos|Zapdos-Galar|74/100
|turn|16
|
|t:|1757931438
|switch|p2a: Pump It|Great Tusk|100/100
|move|p1a: Zapdos|Knock Off|p2a: Pump It
|-resisted|p2a: Pump It
|-damage|p2a: Pump It|88/100
|-enditem|p2a: Pump It|Heavy-Duty Boots|[from] move: Knock Off|[of] p1a: Zapdos
|
|upkeep
|turn|17
|
|t:|1757931447
|switch|p1a: Enamorus|Enamorus-Therian, F|100/100
|move|p2a: Pump It|Ice Spinner|p1a: Enamorus
|-supereffective|p1a: Enamorus
|-damage|p1a: Enamorus|47/100
|
|upkeep
|turn|18
|
|t:|1757931460
|-end|p2a: Pump It|Protosynthesis|[silent]
|switch|p2a: Revery|Iron Boulder|100/100
|-enditem|p2a: Revery|Booster Energy
|-activate|p2a: Revery|ability: Quark Drive|[fromitem]
|-start|p2a: Revery|quarkdrivespe
|-terastallize|p1a: Enamorus|Steel
|move|p1a: Enamorus|Moonblast|p2a: Revery
|-damage|p2a: Revery|45/100
|
|upkeep
|turn|19
|
|t:|1757931474
|switch|p1a: Overqwil|Overqwil, M|100/100
|-ability|p1a: Overqwil|Intimidate|boost
|-unboost|p2a: Revery|atk|1
|move|p2a: Revery|Close Combat|p1a: Overqwil
|-damage|p1a: Overqwil|75/100
|-unboost|p2a: Revery|def|1
|-unboost|p2a: Revery|spd|1
|
|-heal|p1a: Overqwil|82/100|[from] item: Leftovers
|upkeep
|turn|20
|
|t:|1757931489
|move|p2a: Revery|Mighty Cleave|p1a: Overqwil
|-damage|p1a: Overqwil|55/100
|move|p1a: Overqwil|Liquidation|p2a: Revery
|-supereffective|p2a: Revery
|-damage|p2a: Revery|0 fnt
|faint|p2a: Revery
|-end|p2a: Revery|Quark Drive|[silent]
|
|-heal|p1a: Overqwil|61/100|[from] item: Leftovers
|upkeep
|
|t:|1757931499
|switch|p2a: Hurikan|Zapdos, shiny|13/100
|turn|21
|
|t:|1757931505
|move|p2a: Hurikan|Discharge|p1a: Overqwil
|-damage|p1a: Overqwil|21/100
|move|p1a: Overqwil|Toxic|p2a: Hurikan
|-status|p2a: Hurikan|tox
|
|-heal|p1a: Overqwil|27/100|[from] item: Leftovers
|-damage|p2a: Hurikan|7/100 tox|[from] psn
|upkeep
|turn|22
|
|t:|1757931515
|switch|p1a: Enamorus|Enamorus-Therian, F, tera:Steel|47/100
|move|p2a: Hurikan|Discharge|p1a: Enamorus
|-damage|p1a: Enamorus|26/100
|-status|p1a: Enamorus|par
|
|-damage|p2a: Hurikan|0 fnt|[from] psn
|faint|p2a: Hurikan
|upkeep
|
|t:|1757931526
|switch|p2a: Parasite|Dragapult, F|100/100
|turn|23
|
|t:|1757931535
|move|p2a: Parasite|Dragon Darts|p1a: Enamorus
|-resisted|p1a: Enamorus
|-damage|p1a: Enamorus|11/100 par
|-anim|p2a: Parasite|Dragon Darts|p1a: Enamorus
|-resisted|p1a: Enamorus
|-damage|p1a: Enamorus|0 fnt
|faint|p1a: Enamorus
|
|upkeep
|
|t:|1757931543
|switch|p1a: Zapdos|Zapdos-Galar|74/100
|turn|24
|
|t:|1757931553
|move|p1a: Zapdos|Brave Bird|p2a: Parasite
|-damage|p2a: Parasite|24/100
|-damage|p1a: Zapdos|49/100|[from] Recoil
|move|p2a: Parasite|Dragon Darts|p1a: Zapdos
|-crit|p1a: Zapdos
|-damage|p1a: Zapdos|0 fnt
|faint|p1a: Zapdos
|
|upkeep
|
|t:|1757931562
|switch|p1a: Overqwil|Overqwil, M|27/100
|-ability|p1a: Overqwil|Intimidate|boost
|-fail|p2a: Parasite|unboost|[from] ability: Clear Body|[of] p2a: Parasite
|turn|25
|
|t:|1757931567
|move|p2a: Parasite|Dragon Darts|p1a: Overqwil
|-damage|p1a: Overqwil|0 fnt
|faint|p1a: Overqwil
|
|win|AbbeCey
|raw|kinsword's rating: 1360 &rarr; <strong>1338</strong><br />(-22 for losing)
|raw|AbbeCey's rating: 1331 &rarr; <strong>1353</strong><br />(+22 for winning)
|l|☆AbbeCey
|player|p2|
|l|☆kinsword
|player|p1|
|j|☆kinsword
|player|p1|kinsword|1|
|l|☆kinsword
|player|p1|
|j|☆kinsword
|player|p1|kinsword|1|
|l|☆kinsword
|player|p1|
