|j|☆EditorialMercedes
|j|☆Mafia Cynthia
|t:|1757870276
|gametype|singles
|player|p1|EditorialMercedes|blackbelt-gen4dp|1194
|player|p2|Mafia Cynthia|cynthia|1210
|gen|9
|tier|[Gen 9] OU
|rated|
|rule|HP Percentage Mod: HP is shown in percentages
|rule|Endless Battle Clause: Forcing endless battles is banned
|rule|Species Clause: Limit one of each Pokémon
|rule|OHKO Clause: OHKO moves are banned
|rule|Evasion Items Clause: Evasion items are banned
|rule|Evasion Moves Clause: Evasion moves are banned
|rule|Evasion Abilities Clause: Evasion abilities are banned
|rule|Sleep Moves Clause: Sleep-inducing moves are banned
|clearpoke
|poke|p1|Meowscarada, M|
|poke|p1|Skeledirge, F|
|poke|p1|Clodsire, F|
|poke|p1|Slowking, M|
|poke|p1|Hydrapple, F|
|poke|p1|Great Tusk|
|poke|p2|Garchomp, M|
|poke|p2|Spiritomb, M|
|poke|p2|Lucario, M|
|poke|p2|Gastrodon, M|
|poke|p2|Enamorus, F|
|poke|p2|Galvantula, F|
|teampreview
|
|t:|1757870283
|teamsize|p1|6
|teamsize|p2|6
|start
|switch|p1a: Clodsire|Clodsire, F|100/100
|switch|p2a: Poppy|Galvantula, F, shiny|100/100
|turn|1
|
|t:|1757870291
|move|p2a: Poppy|Sticky Web|p1a: Clodsire
|-sidestart|p1: EditorialMercedes|move: Sticky Web
|move|p1a: Clodsire|Stealth Rock|p2a: Poppy
|-sidestart|p2: Mafia Cynthia|move: Stealth Rock
|
|upkeep
|turn|2
|
|t:|1757870300
|move|p2a: Poppy|Bug Buzz|p1a: Clodsire
|-resisted|p1a: Clodsire
|-crit|p1a: Clodsire
|-damage|p1a: Clodsire|85/100
|move|p1a: Clodsire|Earthquake|p2a: Poppy
|-damage|p2a: Poppy|52/100
|
|-heal|p1a: Clodsire|92/100|[from] item: Leftovers
|upkeep
|turn|3
|
|t:|1757870311
|switch|p2a: Cupcake|Garchomp, M|100/100
|-damage|p2a: Cupcake|94/100|[from] Stealth Rock
|switch|p1a: Great Tusk|Great Tusk|100/100
|
|upkeep
|turn|4
|
|t:|1757870320
|-terastallize|p2a: Cupcake|Ghost
|move|p1a: Great Tusk|Rapid Spin|p2a: Cupcake
|-immune|p2a: Cupcake
|move|p2a: Cupcake|Stealth Rock|p1a: Great Tusk
|-sidestart|p1: EditorialMercedes|move: Stealth Rock
|
|upkeep
|turn|5
|
|t:|1757870328
|move|p1a: Great Tusk|Headlong Rush|p2a: Cupcake
|-damage|p2a: Cupcake|59/100
|-unboost|p1a: Great Tusk|def|1
|-unboost|p1a: Great Tusk|spd|1
|-damage|p1a: Great Tusk|88/100|[from] ability: Rough Skin|[of] p2a: Cupcake
|-damage|p1a: Great Tusk|71/100|[from] item: Rocky Helmet|[of] p2a: Cupcake
|move|p2a: Cupcake|Spikes|p1a: Great Tusk
|-sidestart|p1: EditorialMercedes|Spikes
|
|upkeep
|turn|6
|
|t:|1757870342
|-end|p1a: Great Tusk|Protosynthesis|[silent]
|switch|p1a: Clodsire|Clodsire, F|92/100
|-activate|p1a: Clodsire|move: Sticky Web
|-unboost|p1a: Clodsire|spe|1
|-damage|p1a: Clodsire|85/100|[from] Stealth Rock
|-damage|p1a: Clodsire|73/100|[from] Spikes
|move|p2a: Cupcake|Earthquake|p1a: Clodsire
|-supereffective|p1a: Clodsire
|-damage|p1a: Clodsire|0 fnt
|faint|p1a: Clodsire
|
|upkeep
|
|t:|1757870352
|switch|p1a: Hydrapple|Hydrapple, F|100/100
|-activate|p1a: Hydrapple|move: Sticky Web
|-unboost|p1a: Hydrapple|spe|1
|-damage|p1a: Hydrapple|88/100|[from] Stealth Rock
|-damage|p1a: Hydrapple|76/100|[from] Spikes
|turn|7
|
|t:|1757870362
|move|p1a: Hydrapple|Leaf Storm|p2a: Cupcake
|-damage|p2a: Cupcake|0 fnt
|-unboost|p1a: Hydrapple|spa|2
|faint|p2a: Cupcake
|-damage|p1a: Hydrapple|66/100|[from] item: Life Orb
|
|upkeep
|
|t:|1757870377
|switch|p2a: Fast granny|Enamorus, F|100/100
|-damage|p2a: Fast granny|76/100|[from] Stealth Rock
|turn|8
|
|t:|1757870382
|switch|p1a: Slowking|Slowking, M|100/100
|move|p2a: Fast granny|Moonblast|p1a: Slowking
|-damage|p1a: Slowking|71/100
|-unboost|p1a: Slowking|spa|1
|
|upkeep
|turn|9
|
|t:|1757870390
|move|p2a: Fast granny|Moonblast|p1a: Slowking
|-damage|p1a: Slowking|39/100
|move|p1a: Slowking|Thunder Wave|p2a: Fast granny
|-status|p2a: Fast granny|par
|
|upkeep
|turn|10
|
|t:|1757870398
|move|p2a: Fast granny|Moonblast|p1a: Slowking
|-damage|p1a: Slowking|10/100
|-prepare|p1a: Slowking|Chilly Reception|[premajor]
|move|p1a: Slowking|Chilly Reception|p1a: Slowking
|-weather|Snowscape
|
|t:|1757870407
|switch|p1a: Skeledirge|Skeledirge, F|100/100|[from] Chilly Reception
|
|-weather|Snowscape|[upkeep]
|upkeep
|turn|11
|
|t:|1757870419
|switch|p2a: Garden slug|Gastrodon, M|100/100
|-damage|p2a: Garden slug|94/100|[from] Stealth Rock
|move|p1a: Skeledirge|Hex|p2a: Garden slug
|-damage|p2a: Garden slug|71/100
|
|-weather|Snowscape|[upkeep]
|upkeep
|turn|12
|
|t:|1757870429
|switch|p1a: Great Tusk|Great Tusk|71/100
|move|p2a: Garden slug|Surf|p1a: Great Tusk
|-supereffective|p1a: Great Tusk
|-damage|p1a: Great Tusk|0 fnt
|faint|p1a: Great Tusk
|-end|p1a: Great Tusk|Protosynthesis|[silent]
|
|-weather|Snowscape|[upkeep]
|upkeep
|
|t:|1757870439
|switch|p1a: Hydrapple|Hydrapple, F|99/100
|-activate|p1a: Hydrapple|move: Sticky Web
|-unboost|p1a: Hydrapple|spe|1
|-damage|p1a: Hydrapple|87/100|[from] Stealth Rock
|-damage|p1a: Hydrapple|74/100|[from] Spikes
|turn|13
|
|t:|1757870447
|move|p2a: Garden slug|Ice Beam|p1a: Hydrapple
|-supereffective|p1a: Hydrapple
|-damage|p1a: Hydrapple|0 fnt
|faint|p1a: Hydrapple
|
|-weather|Snowscape|[upkeep]
|upkeep
|-message|EditorialMercedes forfeited.
|
|win|Mafia Cynthia
|raw|EditorialMercedes's rating: 1194 &rarr; <strong>1170</strong><br />(-24 for losing)
|raw|Mafia Cynthia's rating: 1210 &rarr; <strong>1234</strong><br />(+24 for winning)
|l|☆EditorialMercedes
|player|p1|
|l|☆Mafia Cynthia
|player|p2|
