|j|☆LikeEmerald
|j|☆aloiizx
|t:|1757833149
|gametype|singles
|player|p1|LikeEmerald|102|1099
|player|p2|aloiizx|266|1140
|gen|9
|tier|[Gen 9] OU
|rated|
|rule|HP Percentage Mod: HP is shown in percentages
|rule|Endless Battle Clause: Forcing endless battles is banned
|rule|Species Clause: Limit one of each Pokémon
|rule|OHKO Clause: OHKO moves are banned
|rule|Evasion Items Clause: Evasion items are banned
|rule|Evasion Moves Clause: Evasion moves are banned
|rule|Evasion Abilities Clause: Evasion abilities are banned
|rule|Sleep Moves Clause: Sleep-inducing moves are banned
|clearpoke
|poke|p1|Iron Crown|
|poke|p1|Dugtrio-Alola, F|
|poke|p1|Tyranitar, F|
|poke|p1|Houndstone, F|
|poke|p1|Clefable, F|
|poke|p1|Hydrapple, F|
|poke|p2|Scyther, M|
|poke|p2|Garganacl, M|
|poke|p2|Gengar, F|
|poke|p2|Milotic, M|
|poke|p2|Gliscor, M|
|poke|p2|Golurk|
|teampreview
|inactive|Battle timer is ON: inactive players will automatically lose when time's up. (requested by aloiizx)
|
|t:|1757833158
|teamsize|p1|6
|teamsize|p2|6
|start
|switch|p1a: Iron Crown|Iron Crown|100/100
|switch|p2a: Scyther|Scyther, M, shiny|100/100
|turn|1
|
|t:|1757833170
|switch|p2a: Garganacl|Garganacl, M|100/100
|move|p1a: Iron Crown|Volt Switch|p2a: Garganacl
|-damage|p2a: Garganacl|87/100
|
|t:|1757833180
|-end|p1a: Iron Crown|Quark Drive|[silent]
|switch|p1a: Hydrapple|Hydrapple, F, shiny|100/100|[from] Volt Switch
|
|upkeep
|turn|2
|
|t:|1757833189
|move|p1a: Hydrapple|Infestation|p2a: Garganacl
|-damage|p2a: Garganacl|82/100
|-activate|p2a: Garganacl|move: Infestation|[of] p1a: Hydrapple
|move|p2a: Garganacl|Salt Cure|p1a: Hydrapple
|-damage|p1a: Hydrapple|90/100
|-start|p1a: Hydrapple|Salt Cure
|
|-heal|p1a: Hydrapple|96/100|[from] item: Leftovers
|-damage|p1a: Hydrapple|83/100|[from] Salt Cure
|-damage|p2a: Garganacl|70/100|[from] move: Infestation|[partiallytrapped]
|upkeep
|turn|3
|
|t:|1757833193
|move|p1a: Hydrapple|Syrup Bomb|p2a: Garganacl
|-supereffective|p2a: Garganacl
|-damage|p2a: Garganacl|35/100
|-start|p2a: Garganacl|Syrup Bomb
|move|p2a: Garganacl|Heavy Slam|p1a: Hydrapple
|-damage|p1a: Hydrapple|73/100
|
|-heal|p1a: Hydrapple|80/100|[from] item: Leftovers
|-damage|p1a: Hydrapple|67/100|[from] Salt Cure
|-damage|p2a: Garganacl|23/100|[from] move: Infestation|[partiallytrapped]
|-unboost|p2a: Garganacl|spe|1
|upkeep
|turn|4
|inactive|aloiizx has 120 seconds left.
|
|t:|1757833227
|move|p1a: Hydrapple|Fickle Beam|p2a: Garganacl
|-damage|p2a: Garganacl|0 fnt
|faint|p2a: Garganacl
|
|-heal|p1a: Hydrapple|73/100|[from] item: Leftovers
|-damage|p1a: Hydrapple|61/100|[from] Salt Cure
|upkeep
|
|t:|1757833232
|switch|p2a: Gliscor|Gliscor, M|100/100
|turn|5
|
|t:|1757833236
|switch|p1a: Tyranitar|Tyranitar, F, shiny|100/100
|-weather|Sandstorm|[from] ability: Sand Stream|[of] p1a: Tyranitar
|move|p2a: Gliscor|Stealth Rock|p1a: Tyranitar
|-sidestart|p1: LikeEmerald|move: Stealth Rock
|
|-weather|Sandstorm|[upkeep]
|-status|p2a: Gliscor|tox|[from] item: Toxic Orb
|upkeep
|turn|6
|
|t:|1757833244
|move|p2a: Gliscor|Toxic|p1a: Tyranitar
|-status|p1a: Tyranitar|tox
|move|p1a: Tyranitar|Stealth Rock|p2a: Gliscor
|-sidestart|p2: aloiizx|move: Stealth Rock
|
|-weather|Sandstorm|[upkeep]
|-damage|p1a: Tyranitar|94/100 tox|[from] psn
|upkeep
|turn|7
|
|t:|1757833249
|switch|p2a: Golurk|Golurk|100/100
|-damage|p2a: Golurk|94/100|[from] Stealth Rock
|move|p1a: Tyranitar|Ice Beam|p2a: Golurk
|-supereffective|p2a: Golurk
|-damage|p2a: Golurk|50/100
|
|-weather|Sandstorm|[upkeep]
|-damage|p1a: Tyranitar|82/100 tox|[from] psn
|upkeep
|turn|8
|
|t:|1757833258
|move|p2a: Golurk|Dynamic Punch|p1a: Tyranitar
|-supereffective|p1a: Tyranitar
|-damage|p1a: Tyranitar|0 fnt
|faint|p1a: Tyranitar
|
|-weather|Sandstorm|[upkeep]
|upkeep
|
|t:|1757833268
|switch|p1a: Houndstone|Houndstone, F, shiny|100/100
|turn|9
|
|t:|1757833277
|switch|p2a: Milotic|Milotic, M|100/100
|-damage|p2a: Milotic|88/100|[from] Stealth Rock
|move|p1a: Houndstone|Poltergeist|p2a: Milotic
|-activate|p2a: Milotic|move: Poltergeist|Flame Orb
|-damage|p2a: Milotic|30/100
|
|-weather|Sandstorm|[upkeep]
|-damage|p2a: Milotic|24/100|[from] Sandstorm
|-status|p2a: Milotic|brn|[from] item: Flame Orb
|upkeep
|turn|10
|
|t:|1757833293
|move|p1a: Houndstone|Poltergeist|p2a: Milotic
|-activate|p2a: Milotic|move: Poltergeist|Flame Orb
|-damage|p2a: Milotic|0 fnt
|faint|p2a: Milotic
|
|-weather|Sandstorm|[upkeep]
|upkeep
|
|t:|1757833301
|switch|p2a: Gengar|Gengar, F|100/100
|-damage|p2a: Gengar|88/100|[from] Stealth Rock
|turn|11
|
|t:|1757833311
|move|p1a: Houndstone|Poltergeist|p2a: Gengar
|-activate|p2a: Gengar|move: Poltergeist|Choice Specs
|-supereffective|p2a: Gengar
|-damage|p2a: Gengar|0 fnt
|faint|p2a: Gengar
|
|-weather|Sandstorm|[upkeep]
|upkeep
|
|t:|1757833318
|switch|p2a: Golurk|Golurk|50/100
|-damage|p2a: Golurk|44/100|[from] Stealth Rock
|turn|12
|
|t:|1757833325
|move|p1a: Houndstone|Poltergeist|p2a: Golurk
|-activate|p2a: Golurk|move: Poltergeist|Choice Scarf
|-supereffective|p2a: Golurk
|-damage|p2a: Golurk|0 fnt
|faint|p2a: Golurk
|
|-weather|none
|upkeep
|
|t:|1757833329
|switch|p2a: Scyther|Scyther, M, shiny|100/100
|turn|13
|
|t:|1757833333
|move|p2a: Scyther|Dual Wingbeat|p1a: Houndstone|[miss]
|-miss|p2a: Scyther|p1a: Houndstone
|move|p1a: Houndstone|Will-O-Wisp|p2a: Scyther
|-status|p2a: Scyther|brn
|
|-damage|p2a: Scyther|94/100 brn|[from] brn
|upkeep
|turn|14
|
|t:|1757833340
|move|p2a: Scyther|Dual Wingbeat|p1a: Houndstone
|-damage|p1a: Houndstone|83/100
|-damage|p1a: Houndstone|65/100
|-hitcount|p1a: Houndstone|2
|move|p1a: Houndstone|Poltergeist|p2a: Scyther
|-activate|p2a: Scyther|move: Poltergeist|Heavy-Duty Boots
|-damage|p2a: Scyther|10/100 brn
|
|-damage|p2a: Scyther|4/100 brn|[from] brn
|upkeep
|turn|15
|
|t:|1757833355
|-terastallize|p2a: Scyther|Normal
|move|p2a: Scyther|Quick Attack|p1a: Houndstone
|-immune|p1a: Houndstone
|move|p1a: Houndstone|Play Rough|p2a: Scyther
|-damage|p2a: Scyther|0 fnt
|faint|p2a: Scyther
|
|upkeep
|
|t:|1757833359
|switch|p2a: Gliscor|Gliscor, M|100/100 tox
|-damage|p2a: Gliscor|88/100 tox|[from] Stealth Rock
|turn|16
|
|t:|1757833364
|move|p2a: Gliscor|Toxic|p1a: Houndstone
|-status|p1a: Houndstone|tox
|move|p1a: Houndstone|Poltergeist|p2a: Gliscor
|-activate|p2a: Gliscor|move: Poltergeist|Toxic Orb
|-damage|p2a: Gliscor|54/100 tox
|
|-heal|p2a: Gliscor|67/100 tox|[from] ability: Poison Heal
|-damage|p1a: Houndstone|59/100 tox|[from] psn
|upkeep
|turn|17
|
|t:|1757833370
|move|p2a: Gliscor|Earthquake|p1a: Houndstone
|-damage|p1a: Houndstone|19/100 tox
|move|p1a: Houndstone|Poltergeist|p2a: Gliscor
|-activate|p2a: Gliscor|move: Poltergeist|Toxic Orb
|-damage|p2a: Gliscor|33/100 tox
|
|-heal|p2a: Gliscor|45/100 tox|[from] ability: Poison Heal
|-damage|p1a: Houndstone|7/100 tox|[from] psn
|upkeep
|turn|18
|
|t:|1757833373
|move|p2a: Gliscor|Earthquake|p1a: Houndstone
|-damage|p1a: Houndstone|0 fnt
|faint|p1a: Houndstone
|
|-heal|p2a: Gliscor|58/100 tox|[from] ability: Poison Heal
|upkeep
|
|t:|1757833375
|switch|p1a: Hydrapple|Hydrapple, F, shiny|61/100
|-damage|p1a: Hydrapple|48/100|[from] Stealth Rock
|turn|19
|
|t:|1757833380
|move|p2a: Gliscor|Toxic|p1a: Hydrapple
|-status|p1a: Hydrapple|tox
|move|p1a: Hydrapple|Syrup Bomb|p2a: Gliscor|[miss]
|-miss|p1a: Hydrapple|p2a: Gliscor
|
|-heal|p1a: Hydrapple|55/100 tox|[from] item: Leftovers
|-heal|p2a: Gliscor|70/100 tox|[from] ability: Poison Heal
|-damage|p1a: Hydrapple|48/100 tox|[from] psn
|upkeep
|turn|20
|
|t:|1757833386
|move|p2a: Gliscor|Earthquake|p1a: Hydrapple
|-resisted|p1a: Hydrapple
|-damage|p1a: Hydrapple|35/100 tox
|move|p1a: Hydrapple|Syrup Bomb|p2a: Gliscor
|-damage|p2a: Gliscor|38/100 tox
|-start|p2a: Gliscor|Syrup Bomb
|
|-heal|p1a: Hydrapple|42/100 tox|[from] item: Leftovers
|-heal|p2a: Gliscor|50/100 tox|[from] ability: Poison Heal
|-damage|p1a: Hydrapple|29/100 tox|[from] psn
|-unboost|p2a: Gliscor|spe|1
|upkeep
|turn|21
|
|t:|1757833390
|move|p2a: Gliscor|Acrobatics|p1a: Hydrapple
|-supereffective|p1a: Hydrapple
|-damage|p1a: Hydrapple|3/100 tox
|move|p1a: Hydrapple|Infestation|p2a: Gliscor
|-resisted|p2a: Gliscor
|-damage|p2a: Gliscor|46/100 tox
|-activate|p2a: Gliscor|move: Infestation|[of] p1a: Hydrapple
|
|-heal|p1a: Hydrapple|9/100 tox|[from] item: Leftovers
|-heal|p2a: Gliscor|58/100 tox|[from] ability: Poison Heal
|-damage|p1a: Hydrapple|0 fnt|[from] psn
|faint|p1a: Hydrapple
|-end|p2a: Gliscor|Infestation|[partiallytrapped]|[silent]
|-unboost|p2a: Gliscor|spe|1
|upkeep
|-end|p2a: Gliscor|Syrup Bomb|[silent]
|
|t:|1757833399
|switch|p1a: Iron Crown|Iron Crown|100/100
|-damage|p1a: Iron Crown|94/100|[from] Stealth Rock
|turn|22
|
|t:|1757833409
|-terastallize|p1a: Iron Crown|Flying
|move|p1a: Iron Crown|Psychic Noise|p2a: Gliscor
|-damage|p2a: Gliscor|13/100 tox
|-start|p2a: Gliscor|move: Heal Block
|move|p2a: Gliscor|Earthquake|p1a: Iron Crown
|-immune|p1a: Iron Crown
|
|upkeep
|turn|23
|
|t:|1757833414
|move|p1a: Iron Crown|Psychic Noise|p2a: Gliscor
|-damage|p2a: Gliscor|0 fnt
|faint|p2a: Gliscor
|
|win|LikeEmerald
|raw|LikeEmerald's rating: 1099 &rarr; <strong>1127</strong><br />(+28 for winning)
|raw|aloiizx's rating: 1140 &rarr; <strong>1112</strong><br />(-28 for losing)
|l|☆aloiizx
|player|p2|
|l|☆LikeEmerald
|player|p1|
