|j|☆mathismathin
|j|☆Migstaper
|t:|1757898815
|gametype|singles
|player|p1|mathismathin|hilbert|1609
|player|p2|Migstaper|ltsurge|1645
|gen|9
|tier|[Gen 9] OU
|rated|
|rule|HP Percentage Mod: HP is shown in percentages
|rule|Endless Battle Clause: Forcing endless battles is banned
|rule|Species Clause: Limit one of each Pokémon
|rule|OHKO Clause: OHKO moves are banned
|rule|Evasion Items Clause: Evasion items are banned
|rule|Evasion Moves Clause: Evasion moves are banned
|rule|Evasion Abilities Clause: Evasion abilities are banned
|rule|Sleep Moves Clause: Sleep-inducing moves are banned
|clearpoke
|poke|p1|Mesprit|
|poke|p1|Jolteon, F|
|poke|p1|Sandslash, M|
|poke|p1|Snorlax, F|
|poke|p1|Floatzel, M|
|poke|p1|Oricorio, F|
|poke|p2|Enamorus, F|
|poke|p2|Iron Valiant|
|poke|p2|Dragapult, M|
|poke|p2|Dragonite, M|
|poke|p2|Great Tusk|
|poke|p2|Kingambit, M|
|teampreview
|inactive|Battle timer is ON: inactive players will automatically lose when time's up. (requested by Migstaper)
|
|t:|1757898841
|teamsize|p1|6
|teamsize|p2|6
|start
|switch|p1a: Mesprit|Mesprit|100/100
|switch|p2a: Paul we know|Dragapult, M, shiny|100/100
|turn|1
|j| Yunumilli
|
|t:|1757898850
|move|p2a: Paul we know|Dragon Dance|p2a: Paul we know
|-boost|p2a: Paul we know|atk|1
|-boost|p2a: Paul we know|spe|1
|move|p1a: Mesprit|Ice Beam|p2a: Paul we know
|-supereffective|p2a: Paul we know
|-damage|p2a: Paul we know|17/100
|
|upkeep
|turn|2
|
|t:|1757898857
|switch|p1a: Sandslash|Sandslash, M|100/100
|move|p2a: Paul we know|Dragon Darts|p1a: Sandslash
|-damage|p1a: Sandslash|64/100
|-anim|p2a: Paul we know|Dragon Darts|p1a: Sandslash
|-damage|p1a: Sandslash|30/100
|-damage|p2a: Paul we know|7/100|[from] item: Life Orb
|
|upkeep
|turn|3
|
|t:|1757898884
|move|p2a: Paul we know|Dragon Darts|p1a: Sandslash
|-damage|p1a: Sandslash|0 fnt
|faint|p1a: Sandslash
|-damage|p2a: Paul we know|0 fnt|[from] item: Life Orb
|faint|p2a: Paul we know
|
|upkeep
|
|t:|1757898898
|switch|p2a: Read the Bible|Enamorus, F, shiny|100/100
|switch|p1a: Jolteon|Jolteon, F|100/100
|turn|4
|
|t:|1757898907
|switch|p1a: Oricorio|Oricorio, F|100/100
|move|p2a: Read the Bible|Moonblast|p1a: Oricorio
|-resisted|p1a: Oricorio
|-damage|p1a: Oricorio|49/100
|-damage|p2a: Read the Bible|90/100|[from] item: Life Orb
|
|upkeep
|turn|5
|
|t:|1757898918
|switch|p1a: Snorlax|Snorlax, F|100/100
|move|p2a: Read the Bible|Moonblast|p1a: Snorlax
|-damage|p1a: Snorlax|71/100
|-damage|p2a: Read the Bible|80/100|[from] item: Life Orb
|
|-heal|p1a: Snorlax|77/100|[from] item: Leftovers
|upkeep
|turn|6
|
|t:|1757898937
|move|p2a: Read the Bible|Superpower|p1a: Snorlax
|-supereffective|p1a: Snorlax
|-damage|p1a: Snorlax|7/100
|-boost|p2a: Read the Bible|atk|1
|-boost|p2a: Read the Bible|def|1
|-damage|p2a: Read the Bible|70/100|[from] item: Life Orb
|move|p1a: Snorlax|Body Slam|p2a: Read the Bible
|-crit|p2a: Read the Bible
|-damage|p2a: Read the Bible|0 fnt
|faint|p2a: Read the Bible
|
|-heal|p1a: Snorlax|13/100|[from] item: Leftovers
|upkeep
|
|t:|1757898955
|switch|p2a: ROMANS 10:9|Great Tusk, shiny|100/100
|-enditem|p2a: ROMANS 10:9|Booster Energy
|-activate|p2a: ROMANS 10:9|ability: Protosynthesis|[fromitem]
|-start|p2a: ROMANS 10:9|protosynthesisatk
|turn|7
|inactive|mathismathin has 120 seconds left.
|
|t:|1757898989
|move|p2a: ROMANS 10:9|Rapid Spin|p1a: Snorlax
|-damage|p1a: Snorlax|0 fnt
|-boost|p2a: ROMANS 10:9|spe|1
|faint|p1a: Snorlax
|
|upkeep
|
|t:|1757898992
|switch|p1a: Floatzel|Floatzel, M|100/100
|turn|8
|
|t:|1757898998
|-terastallize|p1a: Floatzel|Water
|move|p1a: Floatzel|Wave Crash|p2a: ROMANS 10:9
|-supereffective|p2a: ROMANS 10:9
|-damage|p2a: ROMANS 10:9|0 fnt
|faint|p2a: ROMANS 10:9
|-end|p2a: ROMANS 10:9|Protosynthesis|[silent]
|-damage|p1a: Floatzel|61/100|[from] Recoil
|
|upkeep
|
|t:|1757899007
|switch|p2a: Habakkuk|Dragonite, M, shiny|100/100
|turn|9
|
|t:|1757899016
|move|p1a: Floatzel|Wave Crash|p2a: Habakkuk
|-resisted|p2a: Habakkuk
|-damage|p2a: Habakkuk|79/100
|-damage|p1a: Floatzel|54/100|[from] Recoil
|move|p2a: Habakkuk|Dragon Dance|p2a: Habakkuk
|-boost|p2a: Habakkuk|atk|1
|-boost|p2a: Habakkuk|spe|1
|
|upkeep
|turn|10
|
|t:|1757899029
|move|p2a: Habakkuk|Extreme Speed|p1a: Floatzel
|-damage|p1a: Floatzel|0 fnt
|faint|p1a: Floatzel
|
|upkeep
|
|t:|1757899035
|switch|p1a: Mesprit|Mesprit|100/100
|turn|11
|
|t:|1757899039
|switch|p2a: No condemnation|Kingambit, M, shiny|100/100
|-activate|p2a: No condemnation|ability: Supreme Overlord
|-start|p2a: No condemnation|fallen3|[silent]
|move|p1a: Mesprit|Ice Beam|p2a: No condemnation
|-resisted|p2a: No condemnation
|-damage|p2a: No condemnation|92/100
|
|upkeep
|turn|12
|-message|mathismathin forfeited.
|
|win|Migstaper
|raw|mathismathin's rating: 1589 &rarr; <strong>1572</strong><br />(-17 for losing)
|raw|Migstaper's rating: 1645 &rarr; <strong>1662</strong><br />(+17 for winning)
|l|☆mathismathin
|player|p1|
|l| Yunumilli
