|j|☆UltraAero
|j|☆Pootsasquatch
|t:|1757895391
|gametype|singles
|player|p1|UltraAero|dawn-gen4pt|1197
|player|p2|Pootsasquatch|janitor|1103
|gen|9
|tier|[Gen 9] OU
|rated|
|rule|HP Percentage Mod: HP is shown in percentages
|rule|Endless Battle Clause: Forcing endless battles is banned
|rule|Species Clause: Limit one of each Pokémon
|rule|OHKO Clause: OHKO moves are banned
|rule|Evasion Items Clause: Evasion items are banned
|rule|Evasion Moves Clause: Evasion moves are banned
|rule|Evasion Abilities Clause: Evasion abilities are banned
|rule|Sleep Moves Clause: Sleep-inducing moves are banned
|clearpoke
|poke|p1|Sylveon, F|
|poke|p1|Gliscor, F|
|poke|p1|Cinderace, F|
|poke|p1|Vaporeon, M|
|poke|p1|Iron Moth|
|poke|p1|Raichu-Alola, M|
|poke|p2|Perrserker, F|
|poke|p2|Lokix, F|
|poke|p2|Goodra, M|
|poke|p2|Enamorus-Therian, F|
|poke|p2|Empoleon, M|
|poke|p2|Grafaiai, M|
|teampreview
|inactive|Battle timer is ON: inactive players will automatically lose when time's up. (requested by Pootsasquatch)
|inactive|UltraAero also wants the timer to be on.
|
|t:|1757895403
|teamsize|p1|6
|teamsize|p2|6
|start
|switch|p1a: Cinderace|Cinderace, F|100/100
|switch|p2a: Grafaiai|Grafaiai, M|100/100
|turn|1
|
|t:|1757895410
|move|p1a: Cinderace|U-turn|p2a: Grafaiai
|-start|p1a: Cinderace|typechange|Bug|[from] ability: Libero
|-resisted|p2a: Grafaiai
|-damage|p2a: Grafaiai|69/100
|
|t:|1757895414
|switch|p1a: Iron Moth|Iron Moth|100/100|[from] U-turn
|-enditem|p1a: Iron Moth|Booster Energy
|-activate|p1a: Iron Moth|ability: Quark Drive|[fromitem]
|-start|p1a: Iron Moth|quarkdrivespa
|move|p2a: Grafaiai|Fling|p1a: Iron Moth
|-damage|p1a: Iron Moth|39/100
|-enditem|p2a: Grafaiai|Big Nugget|[from] move: Fling
|
|upkeep
|turn|2
|
|t:|1757895424
|move|p2a: Grafaiai|Acrobatics|p1a: Iron Moth
|-damage|p1a: Iron Moth|0 fnt
|faint|p1a: Iron Moth
|-end|p1a: Iron Moth|Quark Drive|[silent]
|
|upkeep
|
|t:|1757895433
|switch|p1a: Gliscor|Gliscor, F|100/100
|turn|3
|
|t:|1757895441
|move|p2a: Grafaiai|Double-Edge|p1a: Gliscor
|-damage|p1a: Gliscor|50/100
|-damage|p2a: Grafaiai|51/100|[from] Recoil
|move|p1a: Gliscor|Earthquake|p2a: Grafaiai
|-supereffective|p2a: Grafaiai
|-damage|p2a: Grafaiai|0 fnt
|faint|p2a: Grafaiai
|
|-status|p1a: Gliscor|tox|[from] item: Toxic Orb
|upkeep
|
|t:|1757895455
|switch|p2a: Lokix|Lokix, F|100/100
|turn|4
|
|t:|1757895458
|move|p1a: Gliscor|Protect|p1a: Gliscor
|-singleturn|p1a: Gliscor|Protect
|move|p2a: Lokix|First Impression|p1a: Gliscor
|-activate|p1a: Gliscor|move: Protect
|
|-heal|p1a: Gliscor|62/100 tox|[from] ability: Poison Heal
|upkeep
|turn|5
|
|t:|1757895465
|move|p1a: Gliscor|Knock Off|p2a: Lokix
|-resisted|p2a: Lokix
|-damage|p2a: Lokix|83/100
|-enditem|p2a: Lokix|Life Orb|[from] move: Knock Off|[of] p1a: Gliscor
|move|p2a: Lokix|Leech Life|p1a: Gliscor
|-resisted|p1a: Gliscor
|-damage|p1a: Gliscor|25/100 tox
|-heal|p2a: Lokix|99/100|[from] drain|[of] p1a: Gliscor
|
|-heal|p1a: Gliscor|37/100 tox|[from] ability: Poison Heal
|upkeep
|turn|6
|
|t:|1757895475
|move|p1a: Gliscor|Protect|p1a: Gliscor
|-singleturn|p1a: Gliscor|Protect
|move|p2a: Lokix|Trailblaze|p1a: Gliscor
|-activate|p1a: Gliscor|move: Protect
|
|-heal|p1a: Gliscor|49/100 tox|[from] ability: Poison Heal
|upkeep
|turn|7
|
|t:|1757895484
|move|p1a: Gliscor|Toxic Spikes|p2a: Lokix
|-sidestart|p2: Pootsasquatch|move: Toxic Spikes
|move|p2a: Lokix|Trailblaze|p1a: Gliscor
|-damage|p1a: Gliscor|34/100 tox
|-boost|p2a: Lokix|spe|1
|
|-heal|p1a: Gliscor|47/100 tox|[from] ability: Poison Heal
|upkeep
|turn|8
|
|t:|1757895492
|move|p2a: Lokix|Leech Life|p1a: Gliscor
|-resisted|p1a: Gliscor
|-damage|p1a: Gliscor|7/100 tox
|-heal|p2a: Lokix|100/100|[from] drain|[of] p1a: Gliscor
|move|p1a: Gliscor|Earthquake|p2a: Lokix
|-resisted|p2a: Lokix
|-crit|p2a: Lokix
|-damage|p2a: Lokix|58/100
|
|-heal|p1a: Gliscor|20/100 tox|[from] ability: Poison Heal
|upkeep
|turn|9
|
|t:|1757895502
|move|p1a: Gliscor|Protect|p1a: Gliscor
|-singleturn|p1a: Gliscor|Protect
|move|p2a: Lokix|Leech Life|p1a: Gliscor
|-activate|p1a: Gliscor|move: Protect
|
|-heal|p1a: Gliscor|32/100 tox|[from] ability: Poison Heal
|upkeep
|turn|10
|
|t:|1757895512
|move|p2a: Lokix|Leech Life|p1a: Gliscor
|-resisted|p1a: Gliscor
|-damage|p1a: Gliscor|0 fnt
|-heal|p2a: Lokix|72/100|[from] drain|[of] p1a: Gliscor
|faint|p1a: Gliscor
|
|upkeep
|
|t:|1757895519
|switch|p1a: Cinderace|Cinderace, F|100/100
|turn|11
|
|t:|1757895526
|move|p1a: Cinderace|Pyro Ball|p2a: Lokix
|-supereffective|p2a: Lokix
|-damage|p2a: Lokix|0 fnt
|faint|p2a: Lokix
|
|upkeep
|
|t:|1757895543
|switch|p2a: Enamorus|Enamorus-Therian, F|100/100
|turn|12
|
|t:|1757895550
|move|p1a: Cinderace|Iron Head|p2a: Enamorus
|-start|p1a: Cinderace|typechange|Steel|[from] ability: Libero
|-supereffective|p2a: Enamorus
|-damage|p2a: Enamorus|6/100
|cant|p2a: Enamorus|flinch
|
|-heal|p2a: Enamorus|12/100|[from] item: Leftovers
|upkeep
|turn|13
|
|t:|1757895567
|switch|p2a: Empoleon|Empoleon, M|100/100
|move|p1a: Cinderace|Iron Head|p2a: Empoleon
|-resisted|p2a: Empoleon
|-damage|p2a: Empoleon|94/100
|
|upkeep
|turn|14
|
|t:|1757895575
|move|p1a: Cinderace|U-turn|p2a: Empoleon
|-resisted|p2a: Empoleon
|-damage|p2a: Empoleon|87/100
|
|t:|1757895579
|switch|p1a: Vaporeon|Vaporeon, M|100/100|[from] U-turn
|move|p2a: Empoleon|Chilling Water|p1a: Vaporeon
|-immune|p1a: Vaporeon|[from] ability: Water Absorb
|
|upkeep
|turn|15
|
|t:|1757895586
|switch|p2a: Goodra|Goodra, M|100/100
|-status|p2a: Goodra|psn
|move|p1a: Vaporeon|Acid Armor|p1a: Vaporeon
|-boost|p1a: Vaporeon|def|2
|
|-damage|p2a: Goodra|88/100 psn|[from] psn
|upkeep
|turn|16
|
|t:|1757895593
|move|p2a: Goodra|Draco Meteor|p1a: Vaporeon
|-damage|p1a: Vaporeon|60/100
|-unboost|p2a: Goodra|spa|2
|move|p1a: Vaporeon|Calm Mind|p1a: Vaporeon
|-boost|p1a: Vaporeon|spa|1
|-boost|p1a: Vaporeon|spd|1
|
|-heal|p1a: Vaporeon|66/100|[from] item: Leftovers
|-damage|p2a: Goodra|76/100 psn|[from] psn
|upkeep
|turn|17
|
|t:|1757895603
|move|p2a: Goodra|Earthquake|p1a: Vaporeon
|-damage|p1a: Vaporeon|50/100
|move|p1a: Vaporeon|Ice Beam|p2a: Goodra
|-supereffective|p2a: Goodra
|-damage|p2a: Goodra|44/100 psn
|
|-heal|p1a: Vaporeon|57/100|[from] item: Leftovers
|-damage|p2a: Goodra|32/100 psn|[from] psn
|upkeep
|turn|18
|
|t:|1757895612
|switch|p2a: Empoleon|Empoleon, M|87/100
|move|p1a: Vaporeon|Calm Mind|p1a: Vaporeon
|-boost|p1a: Vaporeon|spa|1
|-boost|p1a: Vaporeon|spd|1
|
|-heal|p1a: Vaporeon|63/100|[from] item: Leftovers
|upkeep
|turn|19
|
|t:|1757895624
|switch|p2a: Perrserker|Perrserker, F|100/100
|move|p1a: Vaporeon|Surf|p2a: Perrserker
|-damage|p2a: Perrserker|3/100
|
|-heal|p1a: Vaporeon|69/100|[from] item: Leftovers
|upkeep
|turn|20
|
|t:|1757895631
|move|p2a: Perrserker|Fake Out|p1a: Vaporeon
|-damage|p1a: Vaporeon|61/100
|cant|p1a: Vaporeon|flinch
|
|-heal|p1a: Vaporeon|67/100|[from] item: Leftovers
|upkeep
|turn|21
|
|t:|1757895639
|move|p1a: Vaporeon|Surf|p2a: Perrserker
|-damage|p2a: Perrserker|0 fnt
|faint|p2a: Perrserker
|
|-heal|p1a: Vaporeon|74/100|[from] item: Leftovers
|upkeep
|-message|Pootsasquatch forfeited.
|
|win|UltraAero
|raw|UltraAero's rating: 1197 &rarr; <strong>1215</strong><br />(+18 for winning)
|raw|Pootsasquatch's rating: 1103 &rarr; <strong>1085</strong><br />(-18 for losing)
|l|☆Pootsasquatch
|player|p2|
|l|☆UltraAero
|player|p1|
