|j|☆ChessDennis
|j|☆enormouschilli
|t:|1757859097
|gametype|singles
|player|p1|ChessDennis|170|1395
|player|p2|enormouschilli|2|1400
|gen|9
|tier|[Gen 9] OU
|rated|
|rule|HP Percentage Mod: HP is shown in percentages
|rule|Endless Battle Clause: Forcing endless battles is banned
|rule|Species Clause: Limit one of each Pokémon
|rule|OHKO Clause: OHKO moves are banned
|rule|Evasion Items Clause: Evasion items are banned
|rule|Evasion Moves Clause: Evasion moves are banned
|rule|Evasion Abilities Clause: Evasion abilities are banned
|rule|Sleep Moves Clause: Sleep-inducing moves are banned
|clearpoke
|poke|p1|Moltres|
|poke|p1|Clodsire, M|
|poke|p1|Hatterene, F|
|poke|p1|Politoed, M|
|poke|p1|Thundurus, M|
|poke|p1|Keldeo-Resolute|
|poke|p2|Zamazenta-*|
|poke|p2|Glimmora, M|
|poke|p2|Meowscarada, F|
|poke|p2|Gholdengo|
|poke|p2|Ting-Lu|
|poke|p2|Hydrapple, F|
|teampreview
|inactive|Battle timer is ON: inactive players will automatically lose when time's up. (requested by enormouschilli)
|
|t:|1757859105
|teamsize|p1|6
|teamsize|p2|6
|start
|switch|p1a: Hatterene|Hatterene, F|100/100
|switch|p2a: Meowscarada|Meowscarada, F|100/100
|turn|1
|
|t:|1757859109
|move|p2a: Meowscarada|U-turn|p1a: Hatterene
|-start|p2a: Meowscarada|typechange|Bug|[from] ability: Protean
|-damage|p1a: Hatterene|67/100
|
|t:|1757859111
|switch|p2a: Glimmora|Glimmora, M|100/100|[from] U-turn
|move|p1a: Hatterene|Draining Kiss|p2a: Glimmora
|-resisted|p2a: Glimmora
|-damage|p2a: Glimmora|84/100
|-heal|p1a: Hatterene|80/100|[from] drain|[of] p2a: Glimmora
|
|upkeep
|turn|2
|
|t:|1757859116
|switch|p1a: Clodsire|Clodsire, M|100/100
|move|p2a: Glimmora|Power Gem|p1a: Clodsire
|-resisted|p1a: Clodsire
|-damage|p1a: Clodsire|86/100
|
|upkeep
|turn|3
|
|t:|1757859120
|move|p2a: Glimmora|Earth Power|p1a: Clodsire
|-supereffective|p1a: Clodsire
|-enditem|p1a: Clodsire|Shuca Berry|[eat]
|-enditem|p1a: Clodsire|Shuca Berry|[weaken]
|-damage|p1a: Clodsire|65/100
|move|p1a: Clodsire|Stealth Rock|p2a: Glimmora
|-sidestart|p2: enormouschilli|move: Stealth Rock
|
|upkeep
|turn|4
|
|t:|1757859126
|move|p2a: Glimmora|Earth Power|p1a: Clodsire
|-supereffective|p1a: Clodsire
|-damage|p1a: Clodsire|26/100
|move|p1a: Clodsire|Earthquake|p2a: Glimmora
|-supereffective|p2a: Glimmora
|-damage|p2a: Glimmora|0 fnt
|-activate|p2a: Glimmora|ability: Toxic Debris
|-sidestart|p1: ChessDennis|move: Toxic Spikes
|faint|p2a: Glimmora
|
|upkeep
|
|t:|1757859137
|switch|p2a: Meowscarada|Meowscarada, F|100/100
|-damage|p2a: Meowscarada|88/100|[from] Stealth Rock
|turn|5
|
|t:|1757859142
|switch|p1a: Moltres|Moltres|100/100
|move|p2a: Meowscarada|Knock Off|p1a: Moltres
|-start|p2a: Meowscarada|typechange|Dark|[from] ability: Protean
|-damage|p1a: Moltres|45/100
|-enditem|p1a: Moltres|Heavy-Duty Boots|[from] move: Knock Off|[of] p2a: Meowscarada
|
|upkeep
|turn|6
|
|t:|1757859147
|move|p2a: Meowscarada|Knock Off|p1a: Moltres
|-damage|p1a: Moltres|10/100
|move|p1a: Moltres|Roost|p1a: Moltres
|-heal|p1a: Moltres|61/100
|-singleturn|p1a: Moltres|move: Roost
|
|upkeep
|turn|7
|
|t:|1757859151
|switch|p2a: Ting-Lu|Ting-Lu|100/100
|-damage|p2a: Ting-Lu|94/100|[from] Stealth Rock
|-ability|p2a: Ting-Lu|Vessel of Ruin
|move|p1a: Moltres|Roost|p1a: Moltres
|-heal|p1a: Moltres|100/100
|-singleturn|p1a: Moltres|move: Roost
|
|-heal|p2a: Ting-Lu|100/100|[from] item: Leftovers
|upkeep
|turn|8
|
|t:|1757859154
|switch|p1a: Clodsire|Clodsire, M|26/100
|-sideend|p1: ChessDennis|move: Toxic Spikes|[of] p1a: Clodsire
|move|p2a: Ting-Lu|Ruination|p1a: Clodsire
|-damage|p1a: Clodsire|13/100
|
|upkeep
|turn|9
|
|t:|1757859159
|switch|p1a: Thundurus|Thundurus, M|100/100
|move|p2a: Ting-Lu|Earthquake|p1a: Thundurus
|-immune|p1a: Thundurus
|
|upkeep
|turn|10
|
|t:|1757859161
|move|p1a: Thundurus|Rain Dance|p1a: Thundurus
|-weather|RainDance
|move|p2a: Ting-Lu|Ruination|p1a: Thundurus
|-damage|p1a: Thundurus|51/100
|
|-weather|RainDance|[upkeep]
|upkeep
|turn|11
|
|t:|1757859172
|move|p1a: Thundurus|Weather Ball|p2a: Ting-Lu
|-supereffective|p2a: Ting-Lu
|-damage|p2a: Ting-Lu|58/100
|move|p2a: Ting-Lu|Ruination|p1a: Thundurus
|-damage|p1a: Thundurus|26/100
|
|-weather|RainDance|[upkeep]
|-heal|p2a: Ting-Lu|64/100|[from] item: Leftovers
|upkeep
|turn|12
|
|t:|1757859177
|switch|p2a: Hydrapple|Hydrapple, F|100/100
|move|p1a: Thundurus|Weather Ball|p2a: Hydrapple
|-resisted|p2a: Hydrapple
|-crit|p2a: Hydrapple
|-damage|p2a: Hydrapple|80/100
|
|-weather|RainDance|[upkeep]
|upkeep
|turn|13
|
|t:|1757859180
|move|p1a: Thundurus|Thunder|p2a: Hydrapple
|-resisted|p2a: Hydrapple
|-damage|p2a: Hydrapple|67/100
|move|p2a: Hydrapple|Fickle Beam|p1a: Thundurus
|-damage|p1a: Thundurus|0 fnt
|faint|p1a: Thundurus
|
|-weather|RainDance|[upkeep]
|upkeep
|
|t:|1757859188
|switch|p1a: Moltres|Moltres|100/100
|turn|14
|
|t:|1757859192
|move|p1a: Moltres|Hurricane|p2a: Hydrapple
|-supereffective|p2a: Hydrapple
|-damage|p2a: Hydrapple|0 fnt
|faint|p2a: Hydrapple
|
|-weather|none
|upkeep
|
|t:|1757859199
|switch|p2a: Zamazenta|Zamazenta|100/100
|-ability|p2a: Zamazenta|Dauntless Shield|boost
|-boost|p2a: Zamazenta|def|1
|turn|15
|
|t:|1757859203
|switch|p1a: Hatterene|Hatterene, F|80/100
|move|p2a: Zamazenta|Stone Edge|p1a: Hatterene
|-damage|p1a: Hatterene|48/100
|-enditem|p1a: Hatterene|Sitrus Berry|[eat]
|-heal|p1a: Hatterene|73/100|[from] item: Sitrus Berry
|
|upkeep
|turn|16
|
|t:|1757859206
|move|p2a: Zamazenta|Heavy Slam|p1a: Hatterene
|-supereffective|p1a: Hatterene
|-damage|p1a: Hatterene|0 fnt
|faint|p1a: Hatterene
|
|upkeep
|
|t:|1757859209
|switch|p1a: Politoed|Politoed, M|100/100
|-weather|RainDance|[from] ability: Drizzle|[of] p1a: Politoed
|turn|17
|
|t:|1757859229
|-terastallize|p1a: Politoed|Water
|move|p2a: Zamazenta|Close Combat|p1a: Politoed
|-damage|p1a: Politoed|35/100
|-unboost|p2a: Zamazenta|def|1
|-unboost|p2a: Zamazenta|spd|1
|move|p1a: Politoed|Weather Ball|p2a: Zamazenta
|-damage|p2a: Zamazenta|0 fnt
|faint|p2a: Zamazenta
|
|-weather|RainDance|[upkeep]
|upkeep
|
|t:|1757859235
|switch|p2a: Meowscarada|Meowscarada, F|88/100
|-damage|p2a: Meowscarada|76/100|[from] Stealth Rock
|turn|18
|
|t:|1757859241
|switch|p1a: Moltres|Moltres|100/100
|move|p2a: Meowscarada|Flower Trick|p1a: Moltres
|-start|p2a: Meowscarada|typechange|Grass|[from] ability: Protean
|-resisted|p1a: Moltres
|-crit|p1a: Moltres
|-damage|p1a: Moltres|87/100
|
|-weather|RainDance|[upkeep]
|upkeep
|turn|19
|
|t:|1757859246
|switch|p2a: Ting-Lu|Ting-Lu|64/100
|-damage|p2a: Ting-Lu|58/100|[from] Stealth Rock
|-ability|p2a: Ting-Lu|Vessel of Ruin
|move|p1a: Moltres|Weather Ball|p2a: Ting-Lu
|-supereffective|p2a: Ting-Lu
|-damage|p2a: Ting-Lu|19/100
|
|-weather|RainDance|[upkeep]
|-heal|p2a: Ting-Lu|25/100|[from] item: Leftovers
|upkeep
|turn|20
|
|t:|1757859250
|-terastallize|p2a: Ting-Lu|Water
|move|p1a: Moltres|Weather Ball|p2a: Ting-Lu
|-resisted|p2a: Ting-Lu
|-damage|p2a: Ting-Lu|14/100
|move|p2a: Ting-Lu|Rest|p2a: Ting-Lu
|-status|p2a: Ting-Lu|slp|[from] move: Rest
|-heal|p2a: Ting-Lu|100/100 slp|[silent]
|
|-weather|RainDance|[upkeep]
|upkeep
|turn|21
|
|t:|1757859257
|move|p1a: Moltres|Hurricane|p2a: Ting-Lu
|-damage|p2a: Ting-Lu|79/100 slp
|cant|p2a: Ting-Lu|slp
|move|p2a: Ting-Lu|Sleep Talk|p2a: Ting-Lu
|move|p2a: Ting-Lu|Ruination|p1a: Moltres|[from] move: Sleep Talk
|-damage|p1a: Moltres|44/100
|
|-weather|none
|-heal|p2a: Ting-Lu|85/100 slp|[from] item: Leftovers
|upkeep
|turn|22
|
|t:|1757859268
|switch|p1a: Clodsire|Clodsire, M|13/100
|cant|p2a: Ting-Lu|slp
|move|p2a: Ting-Lu|Sleep Talk|p2a: Ting-Lu
|move|p2a: Ting-Lu|Ruination|p1a: Clodsire|[from] move: Sleep Talk
|-damage|p1a: Clodsire|7/100
|
|-heal|p2a: Ting-Lu|91/100 slp|[from] item: Leftovers
|upkeep
|turn|23
|
|t:|1757859273
|-curestatus|p2a: Ting-Lu|slp|[msg]
|move|p2a: Ting-Lu|Earthquake|p1a: Clodsire
|-supereffective|p1a: Clodsire
|-damage|p1a: Clodsire|0 fnt
|faint|p1a: Clodsire
|
|-heal|p2a: Ting-Lu|98/100|[from] item: Leftovers
|upkeep
|
|t:|1757859281
|switch|p1a: Keldeo|Keldeo-Resolute|100/100
|turn|24
|
|t:|1757859285
|move|p1a: Keldeo|Secret Sword|p2a: Ting-Lu
|-damage|p2a: Ting-Lu|79/100
|move|p2a: Ting-Lu|Earthquake|p1a: Keldeo
|-damage|p1a: Keldeo|58/100
|
|-heal|p2a: Ting-Lu|85/100|[from] item: Leftovers
|upkeep
|turn|25
|
|t:|1757859290
|switch|p1a: Moltres|Moltres|44/100
|move|p2a: Ting-Lu|Ruination|p1a: Moltres
|-damage|p1a: Moltres|22/100
|
|-heal|p2a: Ting-Lu|91/100|[from] item: Leftovers
|upkeep
|turn|26
|
|t:|1757859297
|move|p1a: Moltres|Roost|p1a: Moltres
|-heal|p1a: Moltres|72/100
|-singleturn|p1a: Moltres|move: Roost
|move|p2a: Ting-Lu|Earthquake|p1a: Moltres
|-supereffective|p1a: Moltres
|-damage|p1a: Moltres|0 fnt
|faint|p1a: Moltres
|
|-heal|p2a: Ting-Lu|98/100|[from] item: Leftovers
|upkeep
|
|t:|1757859299
|switch|p1a: Politoed|Politoed, M, tera:Water|35/100
|-weather|RainDance|[from] ability: Drizzle|[of] p1a: Politoed
|turn|27
|
|t:|1757859308
|move|p1a: Politoed|Weather Ball|p2a: Ting-Lu
|-resisted|p2a: Ting-Lu
|-damage|p2a: Ting-Lu|71/100
|move|p2a: Ting-Lu|Earthquake|p1a: Politoed
|-damage|p1a: Politoed|0 fnt
|faint|p1a: Politoed
|
|-weather|RainDance|[upkeep]
|-heal|p2a: Ting-Lu|77/100|[from] item: Leftovers
|upkeep
|
|t:|1757859311
|switch|p1a: Keldeo|Keldeo-Resolute|58/100
|turn|28
|
|t:|1757859314
|move|p1a: Keldeo|Surf|p2a: Ting-Lu
|-resisted|p2a: Ting-Lu
|-damage|p2a: Ting-Lu|59/100
|move|p2a: Ting-Lu|Earthquake|p1a: Keldeo
|-damage|p1a: Keldeo|17/100
|
|-weather|RainDance|[upkeep]
|-heal|p2a: Ting-Lu|65/100|[from] item: Leftovers
|upkeep
|turn|29
|
|t:|1757859317
|move|p1a: Keldeo|Surf|p2a: Ting-Lu
|-resisted|p2a: Ting-Lu
|-damage|p2a: Ting-Lu|48/100
|move|p2a: Ting-Lu|Earthquake|p1a: Keldeo
|-damage|p1a: Keldeo|0 fnt
|faint|p1a: Keldeo
|
|win|enormouschilli
|raw|ChessDennis's rating: 1395 &rarr; <strong>1375</strong><br />(-20 for losing)
|raw|enormouschilli's rating: 1400 &rarr; <strong>1420</strong><br />(+20 for winning)
|l|☆enormouschilli
|player|p2|
|l|☆ChessDennis
|player|p1|
