|j|☆Alethino
|j|☆labeys
|t:|1757909189
|gametype|singles
|player|p1|Alethino|2|1602
|player|p2|labeys|sordward|1608
|gen|9
|tier|[Gen 9] OU
|rated|
|rule|HP Percentage Mod: HP is shown in percentages
|rule|Endless Battle Clause: Forcing endless battles is banned
|rule|Species Clause: Limit one of each Pokémon
|rule|OHKO Clause: OHKO moves are banned
|rule|Evasion Items Clause: Evasion items are banned
|rule|Evasion Moves Clause: Evasion moves are banned
|rule|Evasion Abilities Clause: Evasion abilities are banned
|rule|Sleep Moves Clause: Sleep-inducing moves are banned
|clearpoke
|poke|p1|Serperior, F|
|poke|p1|Primarina, M|
|poke|p1|Iron Treads|
|poke|p1|Scizor, F|
|poke|p1|Zamazenta-*|
|poke|p1|Tornadus-Therian, M|
|poke|p2|Samurott-Hisui, M|
|poke|p2|Iron Treads|
|poke|p2|Iron Valiant|
|poke|p2|Zapdos|
|poke|p2|Iron Moth|
|poke|p2|Skeledirge, M|
|teampreview
|inactive|Battle timer is ON: inactive players will automatically lose when time's up. (requested by labeys)
|
|t:|1757909205
|teamsize|p1|6
|teamsize|p2|6
|start
|switch|p1a: Serperior|Serperior, F|100/100
|switch|p2a: Iron Moth|Iron Moth|100/100
|turn|1
|
|t:|1757909228
|-terastallize|p1a: Serperior|Water
|move|p1a: Serperior|Tera Blast|p2a: Iron Moth|[anim] Tera Blast Water
|-supereffective|p2a: Iron Moth
|-damage|p2a: Iron Moth|13/100
|move|p2a: Iron Moth|Overheat|p1a: Serperior
|-resisted|p1a: Serperior
|-damage|p1a: Serperior|37/100
|-unboost|p2a: Iron Moth|spa|2
|
|upkeep
|turn|2
|
|t:|1757909238
|switch|p1a: Primarina|Primarina, M|100/100
|-end|p2a: Iron Moth|Quark Drive|[silent]
|switch|p2a: Zapdos|Zapdos|100/100
|
|upkeep
|turn|3
|j| GoldmanNumber2
|
|t:|1757909242
|switch|p1a: Iron Treads|Iron Treads|100/100
|move|p2a: Zapdos|Volt Switch|p1a: Iron Treads
|-immune|p1a: Iron Treads
|
|upkeep
|turn|4
|
|t:|1757909252
|move|p1a: Iron Treads|Ice Spinner|p2a: Zapdos
|-supereffective|p2a: Zapdos
|-damage|p2a: Zapdos|67/100
|-status|p1a: Iron Treads|par|[from] ability: Static|[of] p2a: Zapdos
|move|p2a: Zapdos|Hurricane|p1a: Iron Treads|[miss]
|-miss|p2a: Zapdos|p1a: Iron Treads
|
|upkeep
|turn|5
|
|t:|1757909272
|switch|p2a: Samurott|Samurott-Hisui, M|100/100
|move|p1a: Iron Treads|Volt Switch|p2a: Samurott
|-supereffective|p2a: Samurott
|-crit|p2a: Samurott
|-damage|p2a: Samurott|52/100
|
|t:|1757909277
|-end|p1a: Iron Treads|Quark Drive|[silent]
|switch|p1a: Serperior|Serperior, F, tera:Water|37/100|[from] Volt Switch
|
|upkeep
|turn|6
|
|t:|1757909280
|move|p2a: Samurott|Sucker Punch|p1a: Serperior
|-damage|p1a: Serperior|0 fnt
|faint|p1a: Serperior
|
|upkeep
|
|t:|1757909288
|switch|p1a: Tornadus|Tornadus-Therian, M|100/100
|turn|7
|
|t:|1757909291
|switch|p2a: Zapdos|Zapdos|67/100
|move|p1a: Tornadus|Bleakwind Storm|p2a: Zapdos
|-resisted|p2a: Zapdos
|-damage|p2a: Zapdos|39/100
|-unboost|p2a: Zapdos|spe|1
|-damage|p1a: Tornadus|91/100|[from] item: Life Orb
|
|upkeep
|turn|8
|
|t:|1757909312
|move|p1a: Tornadus|Heat Wave|p2a: Zapdos
|-damage|p2a: Zapdos|0 fnt
|faint|p2a: Zapdos
|-damage|p1a: Tornadus|81/100|[from] item: Life Orb
|
|upkeep
|
|t:|1757909331
|switch|p2a: Samurott|Samurott-Hisui, M|52/100
|turn|9
|
|t:|1757909344
|switch|p1a: Zamazenta|Zamazenta|100/100
|-ability|p1a: Zamazenta|Dauntless Shield|boost
|-boost|p1a: Zamazenta|def|1
|-terastallize|p2a: Samurott|Dark
|move|p2a: Samurott|Sucker Punch||[still]
|-fail|p2a: Samurott
|
|upkeep
|turn|10
|
|t:|1757909360
|switch|p2a: Skeledirge|Skeledirge, M|100/100
|move|p1a: Zamazenta|Crunch|p2a: Skeledirge
|-supereffective|p2a: Skeledirge
|-damage|p2a: Skeledirge|74/100
|
|-heal|p2a: Skeledirge|80/100|[from] item: Leftovers
|upkeep
|turn|11
|
|t:|1757909365
|switch|p1a: Primarina|Primarina, M|100/100
|move|p2a: Skeledirge|Will-O-Wisp|p1a: Primarina|[miss]
|-miss|p2a: Skeledirge|p1a: Primarina
|
|-heal|p2a: Skeledirge|86/100|[from] item: Leftovers
|upkeep
|turn|12
|
|t:|1757909371
|switch|p2a: Iron Treads|Iron Treads|100/100
|move|p1a: Primarina|Surf|p2a: Iron Treads
|-supereffective|p2a: Iron Treads
|-damage|p2a: Iron Treads|0 fnt
|faint|p2a: Iron Treads
|-end|p2a: Iron Treads|Quark Drive|[silent]
|
|upkeep
|
|t:|1757909377
|switch|p2a: Iron Moth|Iron Moth|13/100
|turn|13
|
|t:|1757909387
|switch|p1a: Iron Treads|Iron Treads|100/100 par
|move|p2a: Iron Moth|Overheat|p1a: Iron Treads
|-supereffective|p1a: Iron Treads
|-damage|p1a: Iron Treads|0 fnt
|-unboost|p2a: Iron Moth|spa|2
|faint|p1a: Iron Treads
|-end|p1a: Iron Treads|Quark Drive|[silent]
|
|upkeep
|
|t:|1757909403
|switch|p1a: Tornadus|Tornadus-Therian, M|100/100
|turn|14
|
|t:|1757909413
|-end|p2a: Iron Moth|Quark Drive|[silent]
|switch|p2a: Skeledirge|Skeledirge, M|86/100
|move|p1a: Tornadus|Bleakwind Storm|p2a: Skeledirge|[miss]
|-miss|p1a: Tornadus|p2a: Skeledirge
|
|-heal|p2a: Skeledirge|93/100|[from] item: Leftovers
|upkeep
|turn|15
|
|t:|1757909418
|move|p1a: Tornadus|Bleakwind Storm|p2a: Skeledirge
|-damage|p2a: Skeledirge|31/100
|-unboost|p2a: Skeledirge|spe|1
|-damage|p1a: Tornadus|91/100|[from] item: Life Orb
|move|p2a: Skeledirge|Torch Song|p1a: Tornadus
|-damage|p1a: Tornadus|55/100
|-boost|p2a: Skeledirge|spa|1
|
|-heal|p2a: Skeledirge|37/100|[from] item: Leftovers
|upkeep
|turn|16
|
|t:|1757909425
|move|p1a: Tornadus|Bleakwind Storm|p2a: Skeledirge
|-damage|p2a: Skeledirge|0 fnt
|faint|p2a: Skeledirge
|-damage|p1a: Tornadus|45/100|[from] item: Life Orb
|
|upkeep
|
|t:|1757909427
|switch|p2a: Samurott|Samurott-Hisui, M, tera:Dark|52/100
|turn|17
|
|t:|1757909445
|switch|p1a: Zamazenta|Zamazenta|100/100
|move|p2a: Samurott|Ceaseless Edge|p1a: Zamazenta
|-resisted|p1a: Zamazenta
|-damage|p1a: Zamazenta|70/100
|-sidestart|p1: Alethino|Spikes
|
|-heal|p1a: Zamazenta|76/100|[from] item: Leftovers
|upkeep
|turn|18
|
|t:|1757909450
|switch|p2a: Iron Moth|Iron Moth|13/100
|move|p1a: Zamazenta|Body Press|p2a: Iron Moth
|-resisted|p2a: Iron Moth
|-damage|p2a: Iron Moth|0 fnt
|faint|p2a: Iron Moth
|-end|p2a: Iron Moth|Quark Drive|[silent]
|
|-heal|p1a: Zamazenta|82/100|[from] item: Leftovers
|upkeep
|
|t:|1757909452
|switch|p2a: Iron Valiant|Iron Valiant|100/100
|turn|19
|
|t:|1757909455
|move|p1a: Zamazenta|Body Press|p2a: Iron Valiant
|-resisted|p2a: Iron Valiant
|-damage|p2a: Iron Valiant|79/100
|move|p2a: Iron Valiant|Moonblast|p1a: Zamazenta
|-supereffective|p1a: Zamazenta
|-damage|p1a: Zamazenta|5/100
|-damage|p2a: Iron Valiant|70/100|[from] item: Life Orb
|
|-heal|p1a: Zamazenta|11/100|[from] item: Leftovers
|upkeep
|turn|20
|
|t:|1757909458
|move|p1a: Zamazenta|Body Press|p2a: Iron Valiant
|-resisted|p2a: Iron Valiant
|-damage|p2a: Iron Valiant|49/100
|move|p2a: Iron Valiant|Moonblast|p1a: Zamazenta
|-supereffective|p1a: Zamazenta
|-damage|p1a: Zamazenta|0 fnt
|faint|p1a: Zamazenta
|-damage|p2a: Iron Valiant|39/100|[from] item: Life Orb
|
|upkeep
|
|t:|1757909460
|switch|p1a: Scizor|Scizor, F|100/100
|-damage|p1a: Scizor|88/100|[from] Spikes
|turn|21
|
|t:|1757909466
|move|p1a: Scizor|Bullet Punch|p2a: Iron Valiant
|-supereffective|p2a: Iron Valiant
|-damage|p2a: Iron Valiant|0 fnt
|faint|p2a: Iron Valiant
|-end|p2a: Iron Valiant|Quark Drive|[silent]
|
|upkeep
|
|t:|1757909468
|switch|p2a: Samurott|Samurott-Hisui, M, tera:Dark|52/100
|turn|22
|
|t:|1757909471
|move|p2a: Samurott|Sucker Punch|p1a: Scizor
|-damage|p1a: Scizor|19/100
|move|p1a: Scizor|Bullet Punch|p2a: Samurott
|-damage|p2a: Samurott|0 fnt
|faint|p2a: Samurott
|
|win|Alethino
|raw|Alethino's rating: 1602 &rarr; <strong>1622</strong><br />(+20 for winning)
|raw|labeys's rating: 1608 &rarr; <strong>1588</strong><br />(-20 for losing)
|c|☆labeys|gg
|c|☆Alethino|Gg
|l|☆labeys
|player|p2|
|l|☆Alethino
|player|p1|
