|j|☆cute vn
|j|☆JP3011
|t:|1757807542
|gametype|singles
|player|p1|cute vn|twins-gen4dp|
|player|p2|JP3011|265|
|gen|9
|tier|[Gen 9] OU
|rule|HP Percentage Mod: HP is shown in percentages
|rule|Endless Battle Clause: Forcing endless battles is banned
|rule|Species Clause: Limit one of each Pokémon
|rule|OHKO Clause: OHKO moves are banned
|rule|Evasion Items Clause: Evasion items are banned
|rule|Evasion Moves Clause: Evasion moves are banned
|rule|Evasion Abilities Clause: Evasion abilities are banned
|rule|Sleep Moves Clause: Sleep-inducing moves are banned
|clearpoke
|poke|p1|Garganacl, M|
|poke|p1|Slowking-Galar, F|
|poke|p1|Ting-Lu|
|poke|p1|Dragapult, F|
|poke|p1|Dragonite, M|
|poke|p1|Gholdengo|
|poke|p2|Landorus-Therian, M|
|poke|p2|Samurott-Hisui, M|
|poke|p2|Pecharunt|
|poke|p2|Scizor, F|
|poke|p2|Latios, M|
|poke|p2|Zamazenta-*|
|teampreview
|c|☆JP3011|glhf
|c|☆cute vn|gl
|inactive|Battle timer is ON: inactive players will automatically lose when time's up. (requested by cute vn)
|
|t:|1757807568
|teamsize|p1|6
|teamsize|p2|6
|start
|switch|p1a: Ting-Lu|Ting-Lu|100/100
|switch|p2a: Samurott|Samurott-Hisui, M|100/100
|-ability|p1a: Ting-Lu|Vessel of Ruin
|turn|1
|
|t:|1757807576
|move|p2a: Samurott|Razor Shell|p1a: Ting-Lu
|-supereffective|p1a: Ting-Lu
|-crit|p1a: Ting-Lu
|-damage|p1a: Ting-Lu|15/100
|move|p1a: Ting-Lu|Earthquake|p2a: Samurott
|-damage|p2a: Samurott|53/100
|
|-heal|p1a: Ting-Lu|21/100|[from] item: Leftovers
|upkeep
|turn|2
|c|☆cute vn|k
|c|☆cute vn|me
|
|t:|1757807597
|move|p2a: Samurott|Razor Shell|p1a: Ting-Lu
|-supereffective|p1a: Ting-Lu
|-damage|p1a: Ting-Lu|0 fnt
|faint|p1a: Ting-Lu
|
|upkeep
|
|t:|1757807620
|switch|p1a: Dragapult|Dragapult, F|100/100
|turn|3
|
|t:|1757807632
|move|p1a: Dragapult|Draco Meteor|p2a: Samurott|[miss]
|-miss|p1a: Dragapult|p2a: Samurott
|move|p2a: Samurott|Ceaseless Edge|p1a: Dragapult|[miss]
|-miss|p2a: Samurott|p1a: Dragapult
|
|upkeep
|turn|4
|inactive|JP3011 has 270 seconds left.
|
|t:|1757807659
|move|p1a: Dragapult|Draco Meteor|p2a: Samurott
|-damage|p2a: Samurott|3/100
|-unboost|p1a: Dragapult|spa|2
|move|p2a: Samurott|Knock Off|p1a: Dragapult
|-supereffective|p1a: Dragapult
|-damage|p1a: Dragapult|0 fnt
|-enditem|p1a: Dragapult|Heavy-Duty Boots|[from] move: Knock Off|[of] p2a: Samurott
|faint|p1a: Dragapult
|
|upkeep
|c|☆cute vn|q
|c|☆cute vn|wtyf
|c|☆cute vn|a vai se fuder
|c|☆cute vn|jogo lixo
|
|t:|1757807670
|switch|p1a: Gholdengo|Gholdengo|100/100
|turn|5
|
|t:|1757807674
|move|p1a: Gholdengo|Shadow Ball|p2a: Samurott
|-resisted|p2a: Samurott
|-crit|p2a: Samurott
|-damage|p2a: Samurott|0 fnt
|faint|p2a: Samurott
|
|upkeep
|
|t:|1757807691
|switch|p2a: Scizor|Scizor, F|100/100
|turn|6
|
|t:|1757807700
|switch|p1a: Slowking|Slowking-Galar, F|100/100
|move|p2a: Scizor|Knock Off|p1a: Slowking
|-supereffective|p1a: Slowking
|-damage|p1a: Slowking|25/100
|-enditem|p1a: Slowking|Heavy-Duty Boots|[from] move: Knock Off|[of] p2a: Scizor
|
|upkeep
|turn|7
|
|t:|1757807704
|move|p2a: Scizor|Knock Off|p1a: Slowking
|-supereffective|p1a: Slowking
|-damage|p1a: Slowking|0 fnt
|faint|p1a: Slowking
|
|upkeep
|
|t:|1757807706
|switch|p1a: Garganacl|Garganacl, M, shiny|100/100
|turn|8
|
|t:|1757807720
|switch|p2a: Zamazenta|Zamazenta|100/100
|-ability|p2a: Zamazenta|Dauntless Shield|boost
|-boost|p2a: Zamazenta|def|1
|-terastallize|p1a: Garganacl|Water
|move|p1a: Garganacl|Curse|p1a: Garganacl
|-unboost|p1a: Garganacl|spe|1
|-boost|p1a: Garganacl|atk|1
|-boost|p1a: Garganacl|def|1
|
|upkeep
|turn|9
|
|t:|1757807723
|move|p1a: Garganacl|Salt Cure|p2a: Zamazenta
|-resisted|p2a: Zamazenta
|-damage|p2a: Zamazenta|95/100
|-start|p2a: Zamazenta|Salt Cure
|move|p2a: Zamazenta|Roar|p1a: Garganacl
|drag|p1a: Gholdengo|Gholdengo|100/100
|
|-heal|p2a: Zamazenta|100/100|[from] item: Leftovers
|-damage|p2a: Zamazenta|88/100|[from] Salt Cure
|upkeep
|turn|10
|
|t:|1757807748
|move|p1a: Gholdengo|Shadow Ball|p2a: Zamazenta
|-damage|p2a: Zamazenta|54/100
|move|p2a: Zamazenta|Crunch|p1a: Gholdengo
|-supereffective|p1a: Gholdengo
|-damage|p1a: Gholdengo|55/100
|
|-heal|p2a: Zamazenta|60/100|[from] item: Leftovers
|-damage|p2a: Zamazenta|47/100|[from] Salt Cure
|upkeep
|turn|11
|
|t:|1757807753
|switch|p1a: Garganacl|Garganacl, M, shiny, tera:Water|100/100
|move|p2a: Zamazenta|Crunch|p1a: Garganacl
|-damage|p1a: Garganacl|88/100
|
|-heal|p2a: Zamazenta|53/100|[from] item: Leftovers
|-heal|p1a: Garganacl|95/100|[from] item: Leftovers
|-damage|p2a: Zamazenta|41/100|[from] Salt Cure
|upkeep
|turn|12
|
|t:|1757807758
|move|p1a: Garganacl|Earthquake|p2a: Zamazenta
|-damage|p2a: Zamazenta|29/100
|move|p2a: Zamazenta|Roar|p1a: Garganacl
|drag|p1a: Dragonite|Dragonite, M|100/100
|
|-heal|p2a: Zamazenta|35/100|[from] item: Leftovers
|-damage|p2a: Zamazenta|23/100|[from] Salt Cure
|upkeep
|turn|13
|
|t:|1757807762
|move|p2a: Zamazenta|Crunch|p1a: Dragonite
|-damage|p1a: Dragonite|91/100
|move|p1a: Dragonite|Dragon Dance|p1a: Dragonite
|-boost|p1a: Dragonite|atk|1
|-boost|p1a: Dragonite|spe|1
|
|-heal|p2a: Zamazenta|29/100|[from] item: Leftovers
|-damage|p2a: Zamazenta|16/100|[from] Salt Cure
|upkeep
|turn|14
|
|t:|1757807766
|move|p1a: Dragonite|Dragon Dance|p1a: Dragonite
|-boost|p1a: Dragonite|atk|1
|-boost|p1a: Dragonite|spe|1
|move|p2a: Zamazenta|Roar|p1a: Dragonite
|drag|p1a: Gholdengo|Gholdengo|55/100
|
|-heal|p2a: Zamazenta|23/100|[from] item: Leftovers
|-damage|p2a: Zamazenta|10/100|[from] Salt Cure
|upkeep
|turn|15
|
|t:|1757807771
|move|p1a: Gholdengo|Shadow Ball|p2a: Zamazenta
|-damage|p2a: Zamazenta|0 fnt
|faint|p2a: Zamazenta
|
|upkeep
|
|t:|1757807781
|switch|p2a: Scizor|Scizor, F|100/100
|turn|16
|
|t:|1757807785
|switch|p1a: Garganacl|Garganacl, M, shiny, tera:Water|95/100
|move|p2a: Scizor|Swords Dance|p2a: Scizor
|-boost|p2a: Scizor|atk|2
|
|-heal|p1a: Garganacl|100/100|[from] item: Leftovers
|upkeep
|turn|17
|
|t:|1757807789
|-terastallize|p2a: Scizor|Electric
|move|p2a: Scizor|Tera Blast|p1a: Garganacl|[anim] Tera Blast Electric
|-supereffective|p1a: Garganacl
|-damage|p1a: Garganacl|0 fnt
|faint|p1a: Garganacl
|
|upkeep
|
|t:|1757807796
|switch|p1a: Dragonite|Dragonite, M|91/100
|turn|18
|
|t:|1757807799
|move|p2a: Scizor|Bullet Punch|p1a: Dragonite
|-damage|p1a: Dragonite|32/100
|move|p1a: Dragonite|Earthquake|p2a: Scizor
|-supereffective|p2a: Scizor
|-damage|p2a: Scizor|9/100
|
|upkeep
|turn|19
|
|t:|1757807803
|switch|p1a: Gholdengo|Gholdengo|55/100
|move|p2a: Scizor|Bullet Punch|p1a: Gholdengo
|-resisted|p1a: Gholdengo
|-damage|p1a: Gholdengo|15/100
|
|upkeep
|turn|20
|
|t:|1757807807
|move|p2a: Scizor|Bullet Punch|p1a: Gholdengo
|-resisted|p1a: Gholdengo
|-damage|p1a: Gholdengo|0 fnt
|faint|p1a: Gholdengo
|
|upkeep
|
|t:|1757807809
|switch|p1a: Dragonite|Dragonite, M|32/100
|turn|21
|
|t:|1757807812
|move|p2a: Scizor|Bullet Punch|p1a: Dragonite
|-damage|p1a: Dragonite|0 fnt
|faint|p1a: Dragonite
|
|win|JP3011
|l|☆cute vn
|player|p1|
