|j|☆d00d guy
|j|☆hanop
|t:|1757899632
|gametype|singles
|player|p1|d00d guy|brock|1336
|player|p2|hanop|richboy|1300
|gen|9
|tier|[Gen 9] OU
|rated|
|rule|HP Percentage Mod: HP is shown in percentages
|rule|Endless Battle Clause: Forcing endless battles is banned
|rule|Species Clause: Limit one of each Pokémon
|rule|OHKO Clause: OHKO moves are banned
|rule|Evasion Items Clause: Evasion items are banned
|rule|Evasion Moves Clause: Evasion moves are banned
|rule|Evasion Abilities Clause: Evasion abilities are banned
|rule|Sleep Moves Clause: Sleep-inducing moves are banned
|clearpoke
|poke|p1|Frosmoth, M|
|poke|p1|Cinccino, M|
|poke|p1|Incineroar, M|
|poke|p1|Weezing-Galar, M|
|poke|p1|Sinistcha|
|poke|p1|Alomomola, F|
|poke|p2|Dragonite, M|
|poke|p2|Corviknight, F|
|poke|p2|Gliscor, F|
|poke|p2|Clodsire, F|
|poke|p2|Gholdengo|
|poke|p2|Iron Valiant|
|teampreview
|inactive|Battle timer is ON: inactive players will automatically lose when time's up. (requested by hanop)
|
|t:|1757899637
|teamsize|p1|6
|teamsize|p2|6
|start
|switch|p1a: Incineroar|Incineroar, M|100/100
|switch|p2a: Iron Valiant|Iron Valiant|100/100
|-ability|p1a: Incineroar|Intimidate|boost
|-unboost|p2a: Iron Valiant|atk|1
|turn|1
|
|t:|1757899647
|move|p2a: Iron Valiant|Moonblast|p1a: Incineroar
|-damage|p1a: Incineroar|53/100
|-unboost|p1a: Incineroar|spa|1
|move|p1a: Incineroar|Parting Shot|p2a: Iron Valiant
|-unboost|p2a: Iron Valiant|atk|1
|-unboost|p2a: Iron Valiant|spa|1
|
|t:|1757899658
|switch|p1a: Cinccino|Cinccino, M|100/100|[from] Parting Shot
|
|upkeep
|turn|2
|
|t:|1757899665
|move|p2a: Iron Valiant|Close Combat|p1a: Cinccino
|-supereffective|p1a: Cinccino
|-damage|p1a: Cinccino|22/100
|-unboost|p2a: Iron Valiant|def|1
|-unboost|p2a: Iron Valiant|spd|1
|move|p1a: Cinccino|Tidy Up|p1a: Cinccino
|-boost|p1a: Cinccino|atk|1
|-boost|p1a: Cinccino|spe|1
|
|upkeep
|turn|3
|
|t:|1757899673
|-end|p2a: Iron Valiant|Quark Drive|[silent]
|switch|p2a: Corviknight|Corviknight, F|100/100
|move|p1a: Cinccino|Triple Axel|p2a: Corviknight
|-damage|p2a: Corviknight|93/100
|-damage|p1a: Cinccino|6/100|[from] item: Rocky Helmet|[of] p2a: Corviknight
|-damage|p2a: Corviknight|78/100
|-damage|p1a: Cinccino|0 fnt|[from] item: Rocky Helmet|[of] p2a: Corviknight
|faint|p1a: Cinccino
|-hitcount|p2a: Corviknight|2
|
|upkeep
|
|t:|1757899683
|switch|p1a: Incineroar|Incineroar, M|53/100
|-ability|p1a: Incineroar|Intimidate|boost
|-ability|p2a: Corviknight|Mirror Armor
|-unboost|p1a: Incineroar|atk|1
|turn|4
|
|t:|1757899695
|switch|p2a: Clodsire|Clodsire, F|100/100
|move|p1a: Incineroar|Will-O-Wisp|p2a: Clodsire
|-status|p2a: Clodsire|brn
|
|-damage|p2a: Clodsire|94/100 brn|[from] brn
|upkeep
|turn|5
|
|t:|1757899703
|move|p1a: Incineroar|Knock Off|p2a: Clodsire
|-damage|p2a: Clodsire|65/100 brn
|-enditem|p2a: Clodsire|Leftovers|[from] move: Knock Off|[of] p1a: Incineroar
|move|p2a: Clodsire|Stealth Rock|p1a: Incineroar
|-sidestart|p1: d00d guy|move: Stealth Rock
|
|-damage|p2a: Clodsire|59/100 brn|[from] brn
|upkeep
|turn|6
|
|t:|1757899709
|move|p1a: Incineroar|Parting Shot|p2a: Clodsire
|-unboost|p2a: Clodsire|atk|1
|-unboost|p2a: Clodsire|spa|1
|
|t:|1757899711
|switch|p1a: Weezing|Weezing-Galar, M|100/100|[from] Parting Shot
|-ability|p1a: Weezing|Neutralizing Gas
|-damage|p1a: Weezing|88/100|[from] Stealth Rock
|move|p2a: Clodsire|Toxic Spikes|p1a: Weezing
|-sidestart|p1: d00d guy|move: Toxic Spikes
|
|-damage|p2a: Clodsire|53/100 brn|[from] brn
|upkeep
|turn|7
|
|t:|1757899716
|switch|p2a: Gholdengo|Gholdengo|100/100
|move|p1a: Weezing|Defog|p2a: Gholdengo
|-unboost|p2a: Gholdengo|evasion|1
|-sideend|p1: d00d guy|Toxic Spikes|[from] move: Defog|[of] p1a: Weezing
|-sideend|p1: d00d guy|Stealth Rock|[from] move: Defog|[of] p1a: Weezing
|
|upkeep
|turn|8
|
|t:|1757899724
|-end|p1a: Weezing|ability: Neutralizing Gas
|switch|p1a: Alomomola|Alomomola, F|100/100
|move|p2a: Gholdengo|Trick|p1a: Alomomola
|-activate|p2a: Gholdengo|move: Trick|[of] p1a: Alomomola
|-item|p1a: Alomomola|Choice Scarf|[from] move: Trick
|-item|p2a: Gholdengo|Rocky Helmet|[from] move: Trick
|
|upkeep
|turn|9
|
|t:|1757899738
|move|p2a: Gholdengo|Shadow Ball|p1a: Alomomola
|-damage|p1a: Alomomola|62/100
|move|p1a: Alomomola|Flip Turn|p2a: Gholdengo
|-damage|p2a: Gholdengo|82/100
|-damage|p1a: Alomomola|45/100|[from] item: Rocky Helmet|[of] p2a: Gholdengo
|
|t:|1757899746
|switch|p1a: Frosmoth|Frosmoth, M|100/100|[from] Flip Turn
|
|upkeep
|turn|10
|
|t:|1757899755
|-terastallize|p1a: Frosmoth|Electric
|move|p2a: Gholdengo|Make It Rain|p1a: Frosmoth
|-resisted|p1a: Frosmoth
|-damage|p1a: Frosmoth|87/100
|-unboost|p2a: Gholdengo|spa|1
|move|p1a: Frosmoth|Substitute|p1a: Frosmoth
|-start|p1a: Frosmoth|Substitute
|-damage|p1a: Frosmoth|62/100
|
|-heal|p1a: Frosmoth|68/100|[from] item: Leftovers
|upkeep
|turn|11
|
|t:|1757899774
|switch|p2a: Iron Valiant|Iron Valiant|100/100
|move|p1a: Frosmoth|Quiver Dance|p1a: Frosmoth
|-boost|p1a: Frosmoth|spa|1
|-boost|p1a: Frosmoth|spd|1
|-boost|p1a: Frosmoth|spe|1
|
|-heal|p1a: Frosmoth|74/100|[from] item: Leftovers
|upkeep
|turn|12
|
|t:|1757899782
|move|p2a: Iron Valiant|Moonblast|p1a: Frosmoth
|-activate|p1a: Frosmoth|move: Substitute|[damage]
|move|p1a: Frosmoth|Quiver Dance|p1a: Frosmoth
|-boost|p1a: Frosmoth|spa|1
|-boost|p1a: Frosmoth|spd|1
|-boost|p1a: Frosmoth|spe|1
|
|-heal|p1a: Frosmoth|80/100|[from] item: Leftovers
|upkeep
|turn|13
|inactive|hanop has 120 seconds left.
|inactive|hanop has 90 seconds left.
|inactive|hanop has 60 seconds left.
|inactive|hanop has 30 seconds left.
|inactive|hanop has 20 seconds left.
|inactive|hanop has 15 seconds left.
|inactive|hanop has 10 seconds left.
|inactive|hanop has 5 seconds left.
|-message|hanop lost due to inactivity.
|
|win|d00d guy
|raw|d00d guy's rating: 1336 &rarr; <strong>1353</strong><br />(+17 for winning)
|raw|hanop's rating: 1281 &rarr; <strong>1260</strong><br />(-21 for losing)
|l|☆d00d guy
|player|p1|
|l|☆hanop
|player|p2|
