|j|☆franfox7u7r
|j|☆KutusDaFaquinGod
|t:|1757868899
|gametype|singles
|player|p1|franfox7u7r|harlequin|1359
|player|p2|KutusDaFaquinGod|sabrina|1314
|gen|9
|tier|[Gen 9] OU
|rated|
|rule|HP Percentage Mod: HP is shown in percentages
|rule|Endless Battle Clause: Forcing endless battles is banned
|rule|Species Clause: Limit one of each Pokémon
|rule|OHKO Clause: OHKO moves are banned
|rule|Evasion Items Clause: Evasion items are banned
|rule|Evasion Moves Clause: Evasion moves are banned
|rule|Evasion Abilities Clause: Evasion abilities are banned
|rule|Sleep Moves Clause: Sleep-inducing moves are banned
|clearpoke
|poke|p1|Pecharunt|
|poke|p1|Munkidori, M|
|poke|p1|Okidogi, M|
|poke|p1|Fezandipiti, M|
|poke|p1|Muk-Alola, M|
|poke|p1|Weezing-Galar, M|
|poke|p2|Ceruledge, F|
|poke|p2|Sandy Shocks|
|poke|p2|Corviknight, M|
|poke|p2|Meowscarada, F|
|poke|p2|Primarina, M|
|poke|p2|Hawlucha, F|
|teampreview
|
|t:|1757868914
|teamsize|p1|6
|teamsize|p2|6
|start
|switch|p1a: Okidogi|Okidogi, M|100/100
|switch|p2a: Sandy Shocks|Sandy Shocks|100/100
|turn|1
|
|t:|1757868932
|move|p1a: Okidogi|Close Combat|p2a: Sandy Shocks
|-damage|p2a: Sandy Shocks|25/100
|-unboost|p1a: Okidogi|def|1
|-unboost|p1a: Okidogi|spd|1
|-status|p2a: Sandy Shocks|tox|[from] ability: Toxic Chain|[of] p1a: Okidogi
|move|p2a: Sandy Shocks|Volt Switch|p1a: Okidogi
|-damage|p1a: Okidogi|12/100
|-damage|p2a: Sandy Shocks|16/100 tox|[from] item: Life Orb
|
|t:|1757868936
|-end|p2a: Sandy Shocks|Protosynthesis|[silent]
|switch|p2a: Ceruledge|Ceruledge, F|100/100|[from] Volt Switch
|
|upkeep
|turn|2
|
|t:|1757868962
|switch|p1a: Weezing|Weezing-Galar, M|100/100
|move|p2a: Ceruledge|Swords Dance|p2a: Ceruledge
|-boost|p2a: Ceruledge|atk|2
|
|upkeep
|turn|3
|
|t:|1757868976
|move|p2a: Ceruledge|Bitter Blade|p1a: Weezing
|-damage|p1a: Weezing|43/100
|move|p1a: Weezing|Toxic|p2a: Ceruledge
|-status|p2a: Ceruledge|tox
|
|-heal|p1a: Weezing|49/100|[from] item: Leftovers
|-damage|p2a: Ceruledge|94/100 tox|[from] psn
|upkeep
|turn|4
|inactive|Battle timer is ON: inactive players will automatically lose when time's up. (requested by KutusDaFaquinGod)
|
|t:|1757868988
|switch|p1a: Pecharunt|Pecharunt|100/100
|move|p2a: Ceruledge|Poltergeist|p1a: Pecharunt
|-activate|p1a: Pecharunt|move: Poltergeist|Rocky Helmet
|-supereffective|p1a: Pecharunt
|-damage|p1a: Pecharunt|0 fnt
|faint|p1a: Pecharunt
|
|-damage|p2a: Ceruledge|82/100 tox|[from] psn
|upkeep
|
|t:|1757869001
|switch|p1a: Okidogi|Okidogi, M|12/100
|turn|5
|
|t:|1757869006
|move|p1a: Okidogi|Knock Off|p2a: Ceruledge
|-supereffective|p2a: Ceruledge
|-damage|p2a: Ceruledge|0 fnt
|-enditem|p2a: Ceruledge|Focus Sash|[from] move: Knock Off|[of] p1a: Okidogi
|faint|p2a: Ceruledge
|
|upkeep
|
|t:|1757869013
|switch|p2a: Corviknight|Corviknight, M|100/100
|-ability|p2a: Corviknight|Pressure
|turn|6
|
|t:|1757869033
|switch|p1a: Weezing|Weezing-Galar, M|49/100
|move|p2a: Corviknight|U-turn|p1a: Weezing
|-resisted|p1a: Weezing
|-damage|p1a: Weezing|47/100
|
|t:|1757869054
|switch|p2a: Primarina|Primarina, M|100/100|[from] U-turn
|
|-heal|p1a: Weezing|53/100|[from] item: Leftovers
|upkeep
|turn|7
|
|t:|1757869063
|switch|p1a: Fezandipiti|Fezandipiti, M|100/100
|move|p2a: Primarina|Psychic Noise|p1a: Fezandipiti
|-damage|p1a: Fezandipiti|77/100
|-start|p1a: Fezandipiti|move: Heal Block
|
|upkeep
|turn|8
|
|t:|1757869080
|switch|p1a: Muk|Muk-Alola, M|100/100
|switch|p2a: Corviknight|Corviknight, M|100/100
|-ability|p2a: Corviknight|Pressure
|
|upkeep
|turn|9
|
|t:|1757869096
|move|p2a: Corviknight|U-turn|p1a: Muk
|-damage|p1a: Muk|85/100
|
|t:|1757869108
|switch|p2a: Primarina|Primarina, M|100/100|[from] U-turn
|move|p1a: Muk|Knock Off|p2a: Primarina
|-resisted|p2a: Primarina
|-damage|p2a: Primarina|78/100
|-enditem|p2a: Primarina|Assault Vest|[from] move: Knock Off|[of] p1a: Muk
|
|upkeep
|turn|10
|
|t:|1757869118
|move|p2a: Primarina|Psychic Noise|p1a: Muk
|-damage|p1a: Muk|67/100
|-start|p1a: Muk|move: Heal Block
|move|p1a: Muk|Poison Jab|p2a: Primarina
|-supereffective|p2a: Primarina
|-damage|p2a: Primarina|7/100
|
|upkeep
|turn|11
|
|t:|1757869128
|move|p1a: Muk|Shadow Sneak|p2a: Primarina
|-damage|p2a: Primarina|0 fnt
|faint|p2a: Primarina
|
|-end|p1a: Muk|move: Heal Block
|upkeep
|
|t:|1757869131
|switch|p2a: Sandy Shocks|Sandy Shocks|16/100 tox
|turn|12
|
|t:|1757869149
|move|p1a: Muk|Shadow Sneak|p2a: Sandy Shocks
|-damage|p2a: Sandy Shocks|5/100 tox
|move|p2a: Sandy Shocks|Earth Power|p1a: Muk
|-supereffective|p1a: Muk
|-damage|p1a: Muk|20/100
|-damage|p2a: Sandy Shocks|0 fnt|[from] item: Life Orb
|faint|p2a: Sandy Shocks
|-end|p2a: Sandy Shocks|Protosynthesis|[silent]
|
|upkeep
|
|t:|1757869178
|switch|p2a: Meowscarada|Meowscarada, F|100/100
|turn|13
|
|t:|1757869188
|move|p1a: Muk|Shadow Sneak|p2a: Meowscarada
|-resisted|p2a: Meowscarada
|-damage|p2a: Meowscarada|93/100
|-status|p2a: Meowscarada|psn|[from] ability: Poison Touch|[of] p1a: Muk
|move|p2a: Meowscarada|U-turn|p1a: Muk
|-start|p2a: Meowscarada|typechange|Bug|[from] ability: Protean
|-damage|p1a: Muk|0 fnt
|faint|p1a: Muk
|
|t:|1757869193
|switch|p2a: Corviknight|Corviknight, M|100/100|[from] U-turn
|-ability|p2a: Corviknight|Pressure
|
|upkeep
|
|t:|1757869197
|switch|p1a: Munkidori|Munkidori, M|100/100
|turn|14
|
|t:|1757869207
|move|p1a: Munkidori|Trick|p2a: Corviknight
|-activate|p1a: Munkidori|move: Trick|[of] p2a: Corviknight
|-item|p2a: Corviknight|Choice Specs|[from] move: Trick
|-item|p1a: Munkidori|Rocky Helmet|[from] move: Trick
|move|p2a: Corviknight|U-turn|p1a: Munkidori
|-damage|p1a: Munkidori|80/100
|-damage|p2a: Corviknight|84/100|[from] item: Rocky Helmet|[of] p1a: Munkidori
|
|t:|1757869214
|switch|p2a: Meowscarada|Meowscarada, F|93/100 psn|[from] U-turn
|
|-damage|p2a: Meowscarada|80/100 psn|[from] psn
|upkeep
|turn|15
|
|t:|1757869228
|switch|p1a: Weezing|Weezing-Galar, M|53/100
|move|p2a: Meowscarada|Knock Off|p1a: Weezing
|-start|p2a: Meowscarada|typechange|Dark|[from] ability: Protean
|-resisted|p1a: Weezing
|-damage|p1a: Weezing|30/100
|-enditem|p1a: Weezing|Leftovers|[from] move: Knock Off|[of] p2a: Meowscarada
|
|-damage|p2a: Meowscarada|68/100 psn|[from] psn
|upkeep
|turn|16
|
|t:|1757869244
|move|p2a: Meowscarada|Knock Off|p1a: Weezing
|-resisted|p1a: Weezing
|-damage|p1a: Weezing|14/100
|move|p1a: Weezing|Strange Steam|p2a: Meowscarada
|-supereffective|p2a: Meowscarada
|-damage|p2a: Meowscarada|0 fnt
|faint|p2a: Meowscarada
|
|upkeep
|-message|KutusDaFaquinGod forfeited.
|
|win|franfox7u7r
|raw|franfox7u7r's rating: 1359 &rarr; <strong>1376</strong><br />(+17 for winning)
|raw|KutusDaFaquinGod's rating: 1314 &rarr; <strong>1297</strong><br />(-17 for losing)
|l|☆KutusDaFaquinGod
|player|p2|
|l|☆franfox7u7r
|player|p1|
