|j|☆saintqirex
|j|☆Ceeds1
|t:|1757830283
|gametype|singles
|player|p1|saintqirex|170|1550
|player|p2|Ceeds1|266|1543
|gen|9
|tier|[Gen 9] OU
|rated|
|rule|HP Percentage Mod: HP is shown in percentages
|rule|Endless Battle Clause: Forcing endless battles is banned
|rule|Species Clause: Limit one of each Pokémon
|rule|OHKO Clause: OHKO moves are banned
|rule|Evasion Items Clause: Evasion items are banned
|rule|Evasion Moves Clause: Evasion moves are banned
|rule|Evasion Abilities Clause: Evasion abilities are banned
|rule|Sleep Moves Clause: Sleep-inducing moves are banned
|clearpoke
|poke|p1|Meowscarada, F|
|poke|p1|Slowking-Galar, M|
|poke|p1|Zamazenta-*|
|poke|p1|Corviknight, M|
|poke|p1|Kyurem|
|poke|p1|Quaquaval, M|
|poke|p2|Iron Moth|
|poke|p2|Corviknight, F|
|poke|p2|Ting-Lu|
|poke|p2|Darkrai|
|poke|p2|Glimmora, F|
|poke|p2|Ogerpon-Wellspring, F|
|teampreview
|inactive|Battle timer is ON: inactive players will automatically lose when time's up. (requested by saintqirex)
|
|t:|1757830314
|teamsize|p1|6
|teamsize|p2|6
|start
|switch|p1a: Meowscarada|Meowscarada, F|100/100
|switch|p2a: Ting-Lu|Ting-Lu|100/100
|-ability|p2a: Ting-Lu|Vessel of Ruin
|turn|1
|
|t:|1757830326
|switch|p2a: Corviknight|Corviknight, F|100/100
|-ability|p2a: Corviknight|Pressure
|move|p1a: Meowscarada|U-turn|p2a: Corviknight
|-start|p1a: Meowscarada|typechange|Bug|[from] ability: Protean
|-resisted|p2a: Corviknight
|-damage|p2a: Corviknight|93/100
|-damage|p1a: Meowscarada|84/100|[from] item: Rocky Helmet|[of] p2a: Corviknight
|
|t:|1757830342
|switch|p1a: Quaquaval|Quaquaval, M|100/100|[from] U-turn
|
|upkeep
|turn|2
|
|t:|1757830355
|-terastallize|p1a: Quaquaval|Steel
|move|p1a: Quaquaval|Swords Dance|p1a: Quaquaval
|-boost|p1a: Quaquaval|atk|2
|move|p2a: Corviknight|U-turn|p1a: Quaquaval
|-resisted|p1a: Quaquaval
|-damage|p1a: Quaquaval|91/100
|
|t:|1757830368
|switch|p2a: Iron Moth|Iron Moth|100/100|[from] U-turn
|-enditem|p2a: Iron Moth|Booster Energy
|-activate|p2a: Iron Moth|ability: Quark Drive|[fromitem]
|-start|p2a: Iron Moth|quarkdrivespe
|
|upkeep
|turn|3
|
|t:|1757830385
|-terastallize|p2a: Iron Moth|Grass
|move|p1a: Quaquaval|Aqua Jet|p2a: Iron Moth
|-resisted|p2a: Iron Moth
|-damage|p2a: Iron Moth|74/100
|move|p2a: Iron Moth|Fiery Dance|p1a: Quaquaval
|-supereffective|p1a: Quaquaval
|-damage|p1a: Quaquaval|0 fnt
|faint|p1a: Quaquaval
|
|upkeep
|
|t:|1757830398
|switch|p1a: Kyurem|Kyurem|100/100
|-ability|p1a: Kyurem|Pressure
|turn|4
|
|t:|1757830410
|move|p2a: Iron Moth|Sludge Wave|p1a: Kyurem
|-damage|p1a: Kyurem|56/100
|move|p1a: Kyurem|Freeze-Dry|p2a: Iron Moth
|-supereffective|p2a: Iron Moth
|-damage|p2a: Iron Moth|0 fnt
|faint|p2a: Iron Moth
|-end|p2a: Iron Moth|Quark Drive|[silent]
|
|upkeep
|
|t:|1757830423
|switch|p2a: Darkrai|Darkrai|100/100
|turn|5
|
|t:|1757830436
|move|p2a: Darkrai|Knock Off|p1a: Kyurem
|-damage|p1a: Kyurem|28/100
|-enditem|p1a: Kyurem|Choice Specs|[from] move: Knock Off|[of] p2a: Darkrai
|move|p1a: Kyurem|Freeze-Dry|p2a: Darkrai
|-damage|p2a: Darkrai|48/100
|
|upkeep
|turn|6
|
|t:|1757830446
|switch|p1a: Corviknight|Corviknight, M|100/100
|move|p2a: Darkrai|Dark Pulse|p1a: Corviknight
|-damage|p1a: Corviknight|57/100
|
|upkeep
|turn|7
|
|t:|1757830455
|switch|p2a: Glimmora|Glimmora, F|100/100
|move|p1a: Corviknight|U-turn|p2a: Glimmora
|-resisted|p2a: Glimmora
|-damage|p2a: Glimmora|91/100
|-activate|p2a: Glimmora|ability: Toxic Debris
|-sidestart|p1: saintqirex|move: Toxic Spikes
|
|t:|1757830458
|switch|p1a: Slowking|Slowking-Galar, M|100/100|[from] U-turn
|-sideend|p1: saintqirex|move: Toxic Spikes|[of] p1a: Slowking
|
|upkeep
|turn|8
|
|t:|1757830468
|move|p2a: Glimmora|Meteor Beam||[still]
|-prepare|p2a: Glimmora|Meteor Beam
|-boost|p2a: Glimmora|spa|1
|-enditem|p2a: Glimmora|Power Herb
|-anim|p2a: Glimmora|Meteor Beam|p1a: Slowking
|-damage|p1a: Slowking|46/100
|move|p1a: Slowking|Thunder Wave|p2a: Glimmora
|-status|p2a: Glimmora|par
|
|upkeep
|turn|9
|
|t:|1757830476
|move|p2a: Glimmora|Earth Power|p1a: Slowking
|-supereffective|p1a: Slowking
|-damage|p1a: Slowking|0 fnt
|faint|p1a: Slowking
|
|upkeep
|
|t:|1757830492
|switch|p1a: Zamazenta|Zamazenta|100/100
|-ability|p1a: Zamazenta|Dauntless Shield|boost
|-boost|p1a: Zamazenta|def|1
|turn|10
|
|t:|1757830498
|move|p1a: Zamazenta|Substitute|p1a: Zamazenta
|-start|p1a: Zamazenta|Substitute
|-damage|p1a: Zamazenta|75/100
|cant|p2a: Glimmora|par
|
|-heal|p1a: Zamazenta|82/100|[from] item: Leftovers
|upkeep
|turn|11
|
|t:|1757830506
|move|p1a: Zamazenta|Iron Defense|p1a: Zamazenta
|-boost|p1a: Zamazenta|def|2
|move|p2a: Glimmora|Earth Power|p1a: Zamazenta
|-end|p1a: Zamazenta|Substitute
|
|-heal|p1a: Zamazenta|88/100|[from] item: Leftovers
|upkeep
|turn|12
|
|t:|1757830522
|move|p1a: Zamazenta|Substitute|p1a: Zamazenta
|-start|p1a: Zamazenta|Substitute
|-damage|p1a: Zamazenta|63/100
|move|p2a: Glimmora|Earth Power|p1a: Zamazenta
|-end|p1a: Zamazenta|Substitute
|
|-heal|p1a: Zamazenta|69/100|[from] item: Leftovers
|upkeep
|turn|13
|
|t:|1757830526
|move|p1a: Zamazenta|Substitute|p1a: Zamazenta
|-start|p1a: Zamazenta|Substitute
|-damage|p1a: Zamazenta|44/100
|cant|p2a: Glimmora|par
|
|-heal|p1a: Zamazenta|50/100|[from] item: Leftovers
|upkeep
|turn|14
|
|t:|1757830529
|move|p1a: Zamazenta|Body Press|p2a: Glimmora
|-damage|p2a: Glimmora|0 fnt
|-activate|p2a: Glimmora|ability: Toxic Debris
|-sidestart|p1: saintqirex|move: Toxic Spikes
|faint|p2a: Glimmora
|
|-heal|p1a: Zamazenta|56/100|[from] item: Leftovers
|upkeep
|
|t:|1757830534
|switch|p2a: Ting-Lu|Ting-Lu|100/100
|-ability|p2a: Ting-Lu|Vessel of Ruin
|turn|15
|
|t:|1757830537
|move|p1a: Zamazenta|Body Press|p2a: Ting-Lu
|-supereffective|p2a: Ting-Lu
|-damage|p2a: Ting-Lu|8/100
|move|p2a: Ting-Lu|Whirlwind|p1a: Zamazenta
|drag|p1a: Meowscarada|Meowscarada, F|84/100
|-status|p1a: Meowscarada|psn
|
|-heal|p2a: Ting-Lu|15/100|[from] item: Leftovers
|-damage|p1a: Meowscarada|72/100 psn|[from] psn
|upkeep
|turn|16
|
|t:|1757830552
|move|p1a: Meowscarada|U-turn|p2a: Ting-Lu
|-start|p1a: Meowscarada|typechange|Bug|[from] ability: Protean
|-supereffective|p2a: Ting-Lu
|-damage|p2a: Ting-Lu|0 fnt
|faint|p2a: Ting-Lu
|
|t:|1757830559
|switch|p1a: Corviknight|Corviknight, M|57/100|[from] U-turn
|
|upkeep
|
|t:|1757830569
|switch|p2a: Darkrai|Darkrai|48/100
|turn|17
|
|t:|1757830585
|move|p2a: Darkrai|Dark Pulse|p1a: Corviknight
|-damage|p1a: Corviknight|12/100
|move|p1a: Corviknight|Brave Bird|p2a: Darkrai
|-damage|p2a: Darkrai|0 fnt
|faint|p2a: Darkrai
|-damage|p1a: Corviknight|1/100|[from] Recoil
|
|upkeep
|
|t:|1757830592
|switch|p2a: Ogerpon|Ogerpon-Wellspring, F|100/100
|turn|18
|
|t:|1757830609
|move|p2a: Ogerpon|Ivy Cudgel|p1a: Corviknight|[anim] Ivy Cudgel Water
|-damage|p1a: Corviknight|0 fnt
|faint|p1a: Corviknight
|
|upkeep
|
|t:|1757830623
|switch|p1a: Meowscarada|Meowscarada, F|72/100 psn
|turn|19
|
|t:|1757830636
|switch|p2a: Corviknight|Corviknight, F|93/100
|-ability|p2a: Corviknight|Pressure
|move|p1a: Meowscarada|U-turn|p2a: Corviknight
|-start|p1a: Meowscarada|typechange|Bug|[from] ability: Protean
|-resisted|p2a: Corviknight
|-damage|p2a: Corviknight|86/100
|-damage|p1a: Meowscarada|55/100 psn|[from] item: Rocky Helmet|[of] p2a: Corviknight
|
|t:|1757830642
|switch|p1a: Kyurem|Kyurem|28/100|[from] U-turn
|-status|p1a: Kyurem|psn
|-ability|p1a: Kyurem|Pressure
|
|-damage|p1a: Kyurem|16/100 psn|[from] psn
|upkeep
|turn|20
|
|t:|1757830647
|move|p1a: Kyurem|Freeze-Dry|p2a: Corviknight
|-damage|p2a: Corviknight|51/100
|move|p2a: Corviknight|Roost|p2a: Corviknight
|-heal|p2a: Corviknight|100/100
|-singleturn|p2a: Corviknight|move: Roost
|
|-damage|p1a: Kyurem|4/100 psn|[from] psn
|upkeep
|turn|21
|
|t:|1757830652
|move|p1a: Kyurem|Freeze-Dry|p2a: Corviknight
|-damage|p2a: Corviknight|68/100
|move|p2a: Corviknight|Roost|p2a: Corviknight
|-heal|p2a: Corviknight|100/100
|-singleturn|p2a: Corviknight|move: Roost
|
|-damage|p1a: Kyurem|0 fnt|[from] psn
|faint|p1a: Kyurem
|upkeep
|
|t:|1757830657
|switch|p1a: Zamazenta|Zamazenta|56/100
|-status|p1a: Zamazenta|psn
|turn|22
|
|t:|1757830661
|move|p1a: Zamazenta|Iron Defense|p1a: Zamazenta
|-boost|p1a: Zamazenta|def|2
|move|p2a: Corviknight|Brave Bird|p1a: Zamazenta
|-supereffective|p1a: Zamazenta
|-damage|p1a: Zamazenta|30/100 psn
|-damage|p2a: Corviknight|92/100|[from] Recoil
|
|-heal|p1a: Zamazenta|36/100 psn|[from] item: Leftovers
|-damage|p1a: Zamazenta|24/100 psn|[from] psn
|upkeep
|turn|23
|
|t:|1757830674
|move|p1a: Zamazenta|Iron Defense|p1a: Zamazenta
|-boost|p1a: Zamazenta|def|2
|move|p2a: Corviknight|Roost|p2a: Corviknight
|-heal|p2a: Corviknight|100/100
|-singleturn|p2a: Corviknight|move: Roost
|
|-heal|p1a: Zamazenta|30/100 psn|[from] item: Leftovers
|-damage|p1a: Zamazenta|18/100 psn|[from] psn
|upkeep
|turn|24
|
|t:|1757830681
|move|p1a: Zamazenta|Body Press|p2a: Corviknight
|-damage|p2a: Corviknight|45/100
|-damage|p1a: Zamazenta|1/100 psn|[from] item: Rocky Helmet|[of] p2a: Corviknight
|move|p2a: Corviknight|Roost|p2a: Corviknight
|-heal|p2a: Corviknight|95/100
|-singleturn|p2a: Corviknight|move: Roost
|
|-heal|p1a: Zamazenta|7/100 psn|[from] item: Leftovers
|-damage|p1a: Zamazenta|0 fnt|[from] psn
|faint|p1a: Zamazenta
|upkeep
|-message|saintqirex forfeited.
|
|win|Ceeds1
|raw|saintqirex's rating: 1550 &rarr; <strong>1530</strong><br />(-20 for losing)
|raw|Ceeds1's rating: 1543 &rarr; <strong>1563</strong><br />(+20 for winning)
|l|☆saintqirex
|player|p1|
|l|☆Ceeds1
|player|p2|
