|j|☆eucalipto69!
|j|☆ABraviousTinkaton
|t:|1757899696
|gametype|singles
|player|p1|eucalipto69!|1|1559
|player|p2|ABraviousTinkaton|miku-ice|1590
|gen|9
|tier|[Gen 9] OU
|rated|
|rule|HP Percentage Mod: HP is shown in percentages
|rule|Endless Battle Clause: Forcing endless battles is banned
|rule|Species Clause: Limit one of each Pokémon
|rule|OHKO Clause: OHKO moves are banned
|rule|Evasion Items Clause: Evasion items are banned
|rule|Evasion Moves Clause: Evasion moves are banned
|rule|Evasion Abilities Clause: Evasion abilities are banned
|rule|Sleep Moves Clause: Sleep-inducing moves are banned
|clearpoke
|poke|p1|Ceruledge, M|
|poke|p1|Torkoal, M|
|poke|p1|Walking Wake|
|poke|p1|Hoopa-Unbound|
|poke|p1|Landorus-Therian, M|
|poke|p1|Venusaur, F|
|poke|p2|Great Tusk|
|poke|p2|Heatran, M|
|poke|p2|Weavile, M|
|poke|p2|Primarina, M|
|poke|p2|Ogerpon, F|
|poke|p2|Pecharunt|
|teampreview
|
|t:|1757899749
|teamsize|p1|6
|teamsize|p2|6
|start
|switch|p1a: Ceruledge|Ceruledge, M|100/100
|switch|p2a: Anonymous|Ogerpon, F|100/100
|turn|1
|
|t:|1757899765
|move|p1a: Ceruledge|Bitter Blade|p2a: Anonymous
|-supereffective|p2a: Anonymous
|-damage|p2a: Anonymous|0 fnt
|faint|p2a: Anonymous
|
|upkeep
|
|t:|1757899770
|switch|p2a: Chaos|Heatran, M, shiny|100/100
|-item|p2a: Chaos|Air Balloon
|turn|2
|
|t:|1757899773
|switch|p1a: Hoopa|Hoopa-Unbound|100/100
|move|p2a: Chaos|Stealth Rock|p1a: Hoopa
|-sidestart|p1: eucalipto69!|move: Stealth Rock
|
|upkeep
|turn|3
|
|t:|1757899781
|move|p1a: Hoopa|Knock Off|p2a: Chaos
|-damage|p2a: Chaos|41/100
|-enditem|p2a: Chaos|Air Balloon
|move|p2a: Chaos|Magma Storm|p1a: Hoopa
|-damage|p1a: Hoopa|67/100
|-activate|p1a: Hoopa|move: Magma Storm|[of] p2a: Chaos
|
|-damage|p1a: Hoopa|54/100|[from] move: Magma Storm|[partiallytrapped]
|upkeep
|turn|4
|
|t:|1757899787
|move|p1a: Hoopa|Drain Punch|p2a: Chaos
|-supereffective|p2a: Chaos
|-damage|p2a: Chaos|0 fnt
|-heal|p1a: Hoopa|76/100|[from] drain|[of] p2a: Chaos
|faint|p2a: Chaos
|
|-end|p1a: Hoopa|Magma Storm|[partiallytrapped]|[silent]
|upkeep
|
|t:|1757899789
|switch|p2a: Bandit|Weavile, M, shiny|100/100
|-ability|p2a: Bandit|Pressure
|turn|5
|
|t:|1757899792
|switch|p1a: Landorus|Landorus-Therian, M|100/100
|-damage|p1a: Landorus|88/100|[from] Stealth Rock
|-ability|p1a: Landorus|Intimidate|boost
|-unboost|p2a: Bandit|atk|1
|move|p2a: Bandit|Knock Off|p1a: Landorus
|-damage|p1a: Landorus|46/100
|-damage|p2a: Bandit|84/100|[from] item: Rocky Helmet|[of] p1a: Landorus
|-enditem|p1a: Landorus|Rocky Helmet|[from] move: Knock Off|[of] p2a: Bandit
|
|upkeep
|turn|6
|
|t:|1757899797
|switch|p2a: Behemoth|Great Tusk, shiny|100/100
|move|p1a: Landorus|U-turn|p2a: Behemoth
|-resisted|p2a: Behemoth
|-crit|p2a: Behemoth
|-damage|p2a: Behemoth|87/100
|
|t:|1757899802
|switch|p1a: Walking Wake|Walking Wake|100/100|[from] U-turn
|-damage|p1a: Walking Wake|88/100|[from] Stealth Rock
|
|upkeep
|turn|7
|
|t:|1757899804
|-end|p2a: Behemoth|Protosynthesis|[silent]
|switch|p2a: Celestine|Primarina, M, shiny|100/100
|move|p1a: Walking Wake|Sunny Day|p1a: Walking Wake
|-weather|SunnyDay
|-activate|p1a: Walking Wake|ability: Protosynthesis
|-start|p1a: Walking Wake|protosynthesisspe
|
|-weather|SunnyDay|[upkeep]
|upkeep
|turn|8
|
|t:|1757899809
|-end|p1a: Walking Wake|Protosynthesis|[silent]
|switch|p1a: Venusaur|Venusaur, F|100/100
|-damage|p1a: Venusaur|88/100|[from] Stealth Rock
|move|p2a: Celestine|Flip Turn|p1a: Venusaur
|-resisted|p1a: Venusaur
|-damage|p1a: Venusaur|84/100
|
|t:|1757899811
|switch|p2a: Overseer|Pecharunt|100/100|[from] Flip Turn
|
|-weather|SunnyDay|[upkeep]
|upkeep
|turn|9
|
|t:|1757899815
|move|p1a: Venusaur|Growth|p1a: Venusaur
|-boost|p1a: Venusaur|atk|2
|-boost|p1a: Venusaur|spa|2
|move|p2a: Overseer|Malignant Chain|p1a: Venusaur
|-damage|p1a: Venusaur|47/100
|
|-weather|SunnyDay|[upkeep]
|upkeep
|turn|10
|
|t:|1757899820
|move|p1a: Venusaur|Earth Power|p2a: Overseer
|-supereffective|p2a: Overseer
|-damage|p2a: Overseer|3/100
|move|p2a: Overseer|Malignant Chain|p1a: Venusaur
|-damage|p1a: Venusaur|13/100
|
|-weather|SunnyDay|[upkeep]
|upkeep
|turn|11
|
|t:|1757899823
|move|p1a: Venusaur|Giga Drain|p2a: Overseer
|-resisted|p2a: Overseer
|-damage|p2a: Overseer|0 fnt
|-heal|p1a: Venusaur|15/100|[from] drain|[of] p2a: Overseer
|faint|p2a: Overseer
|
|-weather|none
|upkeep
|
|t:|1757899825
|switch|p2a: Bandit|Weavile, M, shiny|84/100
|-ability|p2a: Bandit|Pressure
|turn|12
|
|t:|1757899831
|switch|p1a: Landorus|Landorus-Therian, M|46/100
|-damage|p1a: Landorus|33/100|[from] Stealth Rock
|-ability|p1a: Landorus|Intimidate|boost
|-unboost|p2a: Bandit|atk|1
|move|p2a: Bandit|Knock Off|p1a: Landorus
|-damage|p1a: Landorus|4/100
|
|upkeep
|turn|13
|
|t:|1757899841
|move|p2a: Bandit|Knock Off|p1a: Landorus
|-damage|p1a: Landorus|0 fnt
|faint|p1a: Landorus
|
|upkeep
|
|t:|1757899865
|switch|p1a: Ceruledge|Ceruledge, M|100/100
|-damage|p1a: Ceruledge|76/100|[from] Stealth Rock
|turn|14
|
|t:|1757899868
|switch|p2a: Celestine|Primarina, M, shiny|100/100
|move|p1a: Ceruledge|Bitter Blade|p2a: Celestine
|-resisted|p2a: Celestine
|-damage|p2a: Celestine|74/100
|-heal|p1a: Ceruledge|93/100|[from] drain|[of] p2a: Celestine
|
|upkeep
|turn|15
|
|t:|1757899876
|switch|p1a: Venusaur|Venusaur, F|15/100
|-damage|p1a: Venusaur|2/100|[from] Stealth Rock
|move|p2a: Celestine|Flip Turn|p1a: Venusaur
|-resisted|p1a: Venusaur
|-damage|p1a: Venusaur|0 fnt
|faint|p1a: Venusaur
|
|t:|1757899879
|switch|p2a: Behemoth|Great Tusk, shiny|87/100|[from] Flip Turn
|
|upkeep
|
|t:|1757899883
|switch|p1a: Walking Wake|Walking Wake|88/100
|-damage|p1a: Walking Wake|76/100|[from] Stealth Rock
|turn|16
|
|t:|1757899886
|-end|p1a: Walking Wake|Protosynthesis|[silent]
|switch|p1a: Torkoal|Torkoal, M|100/100
|-damage|p1a: Torkoal|75/100|[from] Stealth Rock
|-weather|SunnyDay|[from] ability: Drought|[of] p1a: Torkoal
|-activate|p2a: Behemoth|ability: Protosynthesis
|-start|p2a: Behemoth|protosynthesisatk
|-end|p2a: Behemoth|Protosynthesis|[silent]
|switch|p2a: Celestine|Primarina, M, shiny|74/100
|
|-weather|SunnyDay|[upkeep]
|upkeep
|turn|17
|
|t:|1757899892
|move|p2a: Celestine|Psychic Noise|p1a: Torkoal
|-supereffective|p1a: Torkoal
|-damage|p1a: Torkoal|23/100
|-start|p1a: Torkoal|move: Heal Block
|move|p1a: Torkoal|Rapid Spin|p2a: Celestine
|-damage|p2a: Celestine|62/100
|-boost|p1a: Torkoal|spe|1
|-sideend|p1: eucalipto69!|Stealth Rock|[from] move: Rapid Spin|[of] p1a: Torkoal
|
|-weather|SunnyDay|[upkeep]
|upkeep
|turn|18
|
|t:|1757899899
|move|p2a: Celestine|Psychic Noise|p1a: Torkoal
|-supereffective|p1a: Torkoal
|-damage|p1a: Torkoal|0 fnt
|faint|p1a: Torkoal
|
|-weather|SunnyDay|[upkeep]
|upkeep
|
|t:|1757899903
|switch|p1a: Ceruledge|Ceruledge, M|93/100
|turn|19
|
|t:|1757899915
|-terastallize|p1a: Ceruledge|Fire
|move|p1a: Ceruledge|Bitter Blade|p2a: Celestine
|-resisted|p2a: Celestine
|-damage|p2a: Celestine|10/100
|-heal|p1a: Ceruledge|100/100|[from] drain|[of] p2a: Celestine
|move|p2a: Celestine|Flip Turn|p1a: Ceruledge
|-supereffective|p1a: Ceruledge
|-damage|p1a: Ceruledge|79/100
|
|t:|1757899918
|switch|p2a: Behemoth|Great Tusk, shiny|87/100|[from] Flip Turn
|-activate|p2a: Behemoth|ability: Protosynthesis
|-start|p2a: Behemoth|protosynthesisatk
|
|-weather|SunnyDay|[upkeep]
|upkeep
|turn|20
|
|t:|1757899929
|move|p1a: Ceruledge|Bitter Blade|p2a: Behemoth
|-damage|p2a: Behemoth|15/100
|-heal|p1a: Ceruledge|100/100|[from] drain|[of] p2a: Behemoth
|move|p2a: Behemoth|Rapid Spin|p1a: Ceruledge
|-damage|p1a: Ceruledge|71/100
|-boost|p2a: Behemoth|spe|1
|
|-weather|SunnyDay|[upkeep]
|upkeep
|turn|21
|
|t:|1757899937
|move|p2a: Behemoth|Headlong Rush|p1a: Ceruledge
|-supereffective|p1a: Ceruledge
|-damage|p1a: Ceruledge|0 fnt
|-unboost|p2a: Behemoth|def|1
|-unboost|p2a: Behemoth|spd|1
|faint|p1a: Ceruledge
|
|-weather|SunnyDay|[upkeep]
|upkeep
|
|t:|1757899939
|switch|p1a: Walking Wake|Walking Wake|76/100
|-activate|p1a: Walking Wake|ability: Protosynthesis
|-start|p1a: Walking Wake|protosynthesisspe
|turn|22
|
|t:|1757899944
|move|p1a: Walking Wake|Hydro Steam|p2a: Behemoth
|-supereffective|p2a: Behemoth
|-damage|p2a: Behemoth|0 fnt
|faint|p2a: Behemoth
|-end|p2a: Behemoth|Protosynthesis|[silent]
|-damage|p1a: Walking Wake|66/100|[from] item: Life Orb
|
|-weather|SunnyDay|[upkeep]
|upkeep
|
|t:|1757899946
|switch|p2a: Celestine|Primarina, M, shiny|10/100
|turn|23
|
|t:|1757899951
|-end|p1a: Walking Wake|Protosynthesis|[silent]
|switch|p1a: Hoopa|Hoopa-Unbound|76/100
|move|p2a: Celestine|Moonblast|p1a: Hoopa
|-supereffective|p1a: Hoopa
|-damage|p1a: Hoopa|18/100
|-unboost|p1a: Hoopa|spa|1
|
|-weather|none
|upkeep
|turn|24
|
|t:|1757899959
|move|p1a: Hoopa|Thunderbolt|p2a: Celestine
|-supereffective|p2a: Celestine
|-damage|p2a: Celestine|0 fnt
|faint|p2a: Celestine
|
|upkeep
|
|t:|1757899961
|switch|p2a: Bandit|Weavile, M, shiny|84/100
|-ability|p2a: Bandit|Pressure
|turn|25
|l|☆eucalipto69!
|player|p1|
|inactive|Battle timer is ON: inactive players will automatically lose when time's up. (requested by ABraviousTinkaton)
|j|☆eucalipto69!
|inactive|eucalipto69! reconnected and has 150 seconds left.
|player|p1|eucalipto69!|1|
|inactive|eucalipto69! has 120 seconds left.
|l|☆eucalipto69!
|inactive|eucalipto69! disconnected and has a minute to reconnect!
|player|p1|
|j|☆eucalipto69!
|inactive|eucalipto69! reconnected and has 105 seconds left.
|player|p1|eucalipto69!|1|
|
|t:|1757900073
|move|p2a: Bandit|Knock Off|p1a: Hoopa
|-damage|p1a: Hoopa|0 fnt
|-enditem|p1a: Hoopa|Assault Vest|[from] move: Knock Off|[of] p2a: Bandit
|faint|p1a: Hoopa
|
|upkeep
|
|t:|1757900075
|switch|p1a: Walking Wake|Walking Wake|66/100
|turn|26
|
|t:|1757900080
|move|p2a: Bandit|Knock Off|p1a: Walking Wake
|-damage|p1a: Walking Wake|0 fnt
|-enditem|p1a: Walking Wake|Life Orb|[from] move: Knock Off|[of] p2a: Bandit
|faint|p1a: Walking Wake
|-end|p1a: Walking Wake|Protosynthesis|[silent]
|
|win|ABraviousTinkaton
|raw|eucalipto69!'s rating: 1559 &rarr; <strong>1541</strong><br />(-18 for losing)
|raw|ABraviousTinkaton's rating: 1590 &rarr; <strong>1608</strong><br />(+18 for winning)
|l|☆ABraviousTinkaton
|player|p2|
|l|☆eucalipto69!
|player|p1|
