|j|☆ZeNiN_K1
|j|☆Gengyuu
|t:|1757955946
|gametype|singles
|player|p1|ZeNiN_K1|acetrainer-gen4|1281
|player|p2|Gengyuu|dawn|1246
|gen|9
|tier|[Gen 9] OU
|rated|
|rule|HP Percentage Mod: HP is shown in percentages
|rule|Endless Battle Clause: Forcing endless battles is banned
|rule|Species Clause: Limit one of each Pokémon
|rule|OHKO Clause: OHKO moves are banned
|rule|Evasion Items Clause: Evasion items are banned
|rule|Evasion Moves Clause: Evasion moves are banned
|rule|Evasion Abilities Clause: Evasion abilities are banned
|rule|Sleep Moves Clause: Sleep-inducing moves are banned
|clearpoke
|poke|p1|Zamazenta-*|
|poke|p1|Ninetales-Alola, F|
|poke|p1|Darkrai|
|poke|p1|Ceruledge, F|
|poke|p1|Gliscor, M|
|poke|p1|Hatterene, F|
|poke|p2|Toxapex, F|
|poke|p2|Meowscarada, M|
|poke|p2|Ceruledge, F|
|poke|p2|Noivern, F|
|poke|p2|Great Tusk|
|poke|p2|Iron Moth|
|teampreview
|inactive|Battle timer is ON: inactive players will automatically lose when time's up. (requested by Gengyuu)
|
|t:|1757955964
|teamsize|p1|6
|teamsize|p2|6
|start
|switch|p1a: Ninetales|Ninetales-Alola, F|100/100
|switch|p2a: Meowscarada|Meowscarada, M|100/100
|-weather|Snowscape|[from] ability: Snow Warning|[of] p1a: Ninetales
|turn|1
|
|t:|1757955972
|move|p2a: Meowscarada|Knock Off|p1a: Ninetales
|-start|p2a: Meowscarada|typechange|Dark|[from] ability: Protean
|-resisted|p1a: Ninetales
|-damage|p1a: Ninetales|70/100
|-enditem|p1a: Ninetales|Light Clay|[from] move: Knock Off|[of] p2a: Meowscarada
|move|p1a: Ninetales|Aurora Veil|p1a: Ninetales
|-sidestart|p1: ZeNiN_K1|move: Aurora Veil
|
|-weather|Snowscape|[upkeep]
|upkeep
|turn|2
|
|t:|1757955995
|switch|p2a: Toxapex|Toxapex, F|100/100
|switch|p1a: Zamazenta|Zamazenta|100/100
|-ability|p1a: Zamazenta|Dauntless Shield|boost
|-boost|p1a: Zamazenta|def|1
|
|-weather|Snowscape|[upkeep]
|upkeep
|turn|3
|
|t:|1757956005
|move|p1a: Zamazenta|Iron Defense|p1a: Zamazenta
|-boost|p1a: Zamazenta|def|2
|move|p2a: Toxapex|Infestation|p1a: Zamazenta
|-resisted|p1a: Zamazenta
|-damage|p1a: Zamazenta|99/100
|-activate|p1a: Zamazenta|move: Infestation|[of] p2a: Toxapex
|
|-weather|Snowscape|[upkeep]
|-damage|p1a: Zamazenta|87/100|[from] move: Infestation|[partiallytrapped]
|upkeep
|turn|4
|
|t:|1757956013
|move|p1a: Zamazenta|Body Press|p2a: Toxapex
|-resisted|p2a: Toxapex
|-damage|p2a: Toxapex|68/100
|move|p2a: Toxapex|Acid Spray|p1a: Zamazenta
|-damage|p1a: Zamazenta|81/100
|-unboost|p1a: Zamazenta|spd|2
|
|-weather|Snowscape|[upkeep]
|-damage|p1a: Zamazenta|69/100|[from] move: Infestation|[partiallytrapped]
|upkeep
|turn|5
|
|t:|1757956028
|move|p1a: Zamazenta|Body Press|p2a: Toxapex
|-resisted|p2a: Toxapex
|-damage|p2a: Toxapex|34/100
|move|p2a: Toxapex|Sludge Bomb|p1a: Zamazenta
|-crit|p1a: Zamazenta
|-damage|p1a: Zamazenta|0 fnt
|faint|p1a: Zamazenta
|
|-weather|none
|-sideend|p1: ZeNiN_K1|move: Aurora Veil
|upkeep
|
|t:|1757956038
|switch|p1a: Ninetales|Ninetales-Alola, F|70/100
|-weather|Snowscape|[from] ability: Snow Warning|[of] p1a: Ninetales
|turn|6
|
|t:|1757956043
|move|p1a: Ninetales|Freeze-Dry|p2a: Toxapex
|-supereffective|p2a: Toxapex
|-damage|p2a: Toxapex|9/100
|move|p2a: Toxapex|Infestation|p1a: Ninetales
|-resisted|p1a: Ninetales
|-damage|p1a: Ninetales|68/100
|-activate|p1a: Ninetales|move: Infestation|[of] p2a: Toxapex
|
|-weather|Snowscape|[upkeep]
|-damage|p1a: Ninetales|56/100|[from] move: Infestation|[partiallytrapped]
|upkeep
|turn|7
|
|t:|1757956056
|switch|p2a: Iron Moth|Iron Moth|100/100
|-enditem|p2a: Iron Moth|Booster Energy
|-activate|p2a: Iron Moth|ability: Quark Drive|[fromitem]
|-start|p2a: Iron Moth|quarkdrivespe
|move|p1a: Ninetales|Freeze-Dry|p2a: Iron Moth
|-resisted|p2a: Iron Moth
|-damage|p2a: Iron Moth|91/100
|
|-weather|Snowscape|[upkeep]
|-end|p1a: Ninetales|Infestation|[partiallytrapped]|[silent]
|upkeep
|turn|8
|
|t:|1757956072
|switch|p1a: Gliscor|Gliscor, M|100/100
|move|p2a: Iron Moth|Fiery Dance|p1a: Gliscor
|-damage|p1a: Gliscor|60/100
|-boost|p2a: Iron Moth|spa|1
|
|-weather|Snowscape|[upkeep]
|-status|p1a: Gliscor|tox|[from] item: Toxic Orb
|upkeep
|turn|9
|
|t:|1757956086
|switch|p1a: Ceruledge|Ceruledge, F|100/100
|move|p2a: Iron Moth|Fiery Dance|p1a: Ceruledge
|-start|p1a: Ceruledge|ability: Flash Fire
|
|-weather|Snowscape|[upkeep]
|upkeep
|turn|10
|
|t:|1757956098
|-terastallize|p2a: Iron Moth|Ground
|move|p2a: Iron Moth|Tera Blast|p1a: Ceruledge|[anim] Tera Blast Ground
|-supereffective|p1a: Ceruledge
|-damage|p1a: Ceruledge|10/100
|move|p1a: Ceruledge|Bulk Up|p1a: Ceruledge
|-boost|p1a: Ceruledge|atk|1
|-boost|p1a: Ceruledge|def|1
|
|-weather|none
|upkeep
|turn|11
|
|t:|1757956110
|move|p2a: Iron Moth|Sludge Wave|p1a: Ceruledge
|-resisted|p1a: Ceruledge
|-damage|p1a: Ceruledge|0 fnt
|faint|p1a: Ceruledge
|
|upkeep
|
|t:|1757956116
|switch|p1a: Ninetales|Ninetales-Alola, F|56/100
|-weather|Snowscape|[from] ability: Snow Warning|[of] p1a: Ninetales
|turn|12
|
|t:|1757956125
|move|p2a: Iron Moth|Fiery Dance|p1a: Ninetales
|-supereffective|p1a: Ninetales
|-damage|p1a: Ninetales|0 fnt
|faint|p1a: Ninetales
|
|-weather|Snowscape|[upkeep]
|upkeep
|
|t:|1757956130
|switch|p1a: Hatterene|Hatterene, F|100/100
|turn|13
|
|t:|1757956139
|-terastallize|p1a: Hatterene|Water
|move|p2a: Iron Moth|Sludge Wave|p1a: Hatterene
|-damage|p1a: Hatterene|59/100
|move|p1a: Hatterene|Mystical Fire|p2a: Iron Moth
|-damage|p2a: Iron Moth|64/100
|-unboost|p2a: Iron Moth|spa|1
|
|-weather|Snowscape|[upkeep]
|upkeep
|turn|14
|
|t:|1757956149
|move|p2a: Iron Moth|Sludge Wave|p1a: Hatterene
|-damage|p1a: Hatterene|29/100
|move|p1a: Hatterene|Draining Kiss|p2a: Iron Moth
|-damage|p2a: Iron Moth|38/100
|-heal|p1a: Hatterene|50/100|[from] drain|[of] p2a: Iron Moth
|
|-weather|Snowscape|[upkeep]
|upkeep
|turn|15
|
|t:|1757956160
|move|p2a: Iron Moth|Sludge Wave|p1a: Hatterene
|-damage|p1a: Hatterene|21/100
|move|p1a: Hatterene|Mystical Fire|p2a: Iron Moth
|-damage|p2a: Iron Moth|13/100
|-unboost|p2a: Iron Moth|spa|1
|
|-weather|Snowscape|[upkeep]
|upkeep
|turn|16
|
|t:|1757956169
|move|p2a: Iron Moth|Sludge Wave|p1a: Hatterene
|-damage|p1a: Hatterene|1/100
|move|p1a: Hatterene|Draining Kiss|p2a: Iron Moth
|-damage|p2a: Iron Moth|0 fnt
|-heal|p1a: Hatterene|11/100|[from] drain|[of] p2a: Iron Moth
|faint|p2a: Iron Moth
|-end|p2a: Iron Moth|Quark Drive|[silent]
|
|-weather|none
|upkeep
|
|t:|1757956179
|switch|p2a: Meowscarada|Meowscarada, M|100/100
|turn|17
|
|t:|1757956189
|move|p2a: Meowscarada|U-turn|p1a: Hatterene
|-start|p2a: Meowscarada|typechange|Bug|[from] ability: Protean
|-damage|p1a: Hatterene|0 fnt
|faint|p1a: Hatterene
|
|t:|1757956197
|switch|p2a: Toxapex|Toxapex, F|42/100|[from] U-turn
|
|upkeep
|
|t:|1757956200
|switch|p1a: Darkrai|Darkrai|100/100
|turn|18
|
|t:|1757956206
|switch|p2a: Ceruledge|Ceruledge, F|100/100
|-item|p2a: Ceruledge|Air Balloon
|move|p1a: Darkrai|Psyshock|p2a: Ceruledge
|-damage|p2a: Ceruledge|59/100
|-enditem|p2a: Ceruledge|Air Balloon
|
|upkeep
|turn|19
|
|t:|1757956219
|move|p1a: Darkrai|Nasty Plot|p1a: Darkrai
|-boost|p1a: Darkrai|spa|2
|move|p2a: Ceruledge|Bitter Blade|p1a: Darkrai
|-crit|p1a: Darkrai
|-damage|p1a: Darkrai|7/100
|-heal|p2a: Ceruledge|100/100|[from] drain|[of] p1a: Darkrai
|
|-heal|p1a: Darkrai|13/100|[from] item: Leftovers
|upkeep
|turn|20
|
|t:|1757956229
|move|p2a: Ceruledge|Shadow Sneak|p1a: Darkrai
|-resisted|p1a: Darkrai
|-damage|p1a: Darkrai|0 fnt
|faint|p1a: Darkrai
|
|upkeep
|
|t:|1757956231
|switch|p1a: Gliscor|Gliscor, M|60/100 tox
|turn|21
|
|t:|1757956241
|move|p2a: Ceruledge|Flare Blitz|p1a: Gliscor
|-crit|p1a: Gliscor
|-damage|p1a: Gliscor|0 fnt
|faint|p1a: Gliscor
|-damage|p2a: Ceruledge|76/100|[from] Recoil
|
|win|Gengyuu
|raw|ZeNiN_K1's rating: 1281 &rarr; <strong>1253</strong><br />(-28 for losing)
|raw|Gengyuu's rating: 1246 &rarr; <strong>1274</strong><br />(+28 for winning)
