|j|☆kgoski tavares
|j|☆war-XGeats
|t:|1757904318
|gametype|singles
|player|p1|kgoski tavares|unknown|1124
|player|p2|war-XGeats|1|1141
|gen|9
|tier|[Gen 9] OU
|rated|
|rule|HP Percentage Mod: HP is shown in percentages
|rule|Endless Battle Clause: Forcing endless battles is banned
|rule|Species Clause: Limit one of each Pokémon
|rule|OHKO Clause: OHKO moves are banned
|rule|Evasion Items Clause: Evasion items are banned
|rule|Evasion Moves Clause: Evasion moves are banned
|rule|Evasion Abilities Clause: Evasion abilities are banned
|rule|Sleep Moves Clause: Sleep-inducing moves are banned
|clearpoke
|poke|p1|Altaria, F|
|poke|p1|Gholdengo|
|poke|p1|Corviknight, F|
|poke|p1|Gliscor, M|
|poke|p1|Salazzle, F|
|poke|p1|Alomomola, M|
|poke|p2|Gliscor, M|
|poke|p2|Scizor, M|
|poke|p2|Incineroar, M|
|poke|p2|Dragonite, M|
|poke|p2|Iron Valiant|
|poke|p2|Ogerpon-Wellspring, F|
|teampreview
|inactive|Battle timer is ON: inactive players will automatically lose when time's up. (requested by kgoski tavares)
|
|t:|1757904338
|teamsize|p1|6
|teamsize|p2|6
|start
|switch|p1a: Salazzle|Salazzle, F|100/100
|switch|p2a: Incineroar|Incineroar, M|100/100
|-ability|p2a: Incineroar|Intimidate|boost
|-unboost|p1a: Salazzle|atk|1
|turn|1
|
|t:|1757904345
|move|p2a: Incineroar|Fake Out|p1a: Salazzle
|-damage|p1a: Salazzle|79/100
|cant|p1a: Salazzle|flinch
|
|-heal|p1a: Salazzle|85/100|[from] item: Leftovers
|upkeep
|turn|2
|
|t:|1757904354
|move|p1a: Salazzle|Encore|p2a: Incineroar
|-start|p2a: Incineroar|Encore
|move|p2a: Incineroar|Fake Out||[still]
|-hint|Fake Out only works on your first turn out.
|-fail|p2a: Incineroar
|
|-heal|p1a: Salazzle|92/100|[from] item: Leftovers
|upkeep
|turn|3
|
|t:|1757904362
|switch|p2a: Ogerpon|Ogerpon-Wellspring, F|100/100
|move|p1a: Salazzle|Substitute|p1a: Salazzle
|-start|p1a: Salazzle|Substitute
|-damage|p1a: Salazzle|67/100
|
|-heal|p1a: Salazzle|73/100|[from] item: Leftovers
|upkeep
|turn|4
|
|t:|1757904366
|move|p1a: Salazzle|Toxic|p2a: Ogerpon
|-status|p2a: Ogerpon|tox
|move|p2a: Ogerpon|Spikes|p1a: Salazzle
|-sidestart|p1: kgoski tavares|Spikes
|
|-heal|p1a: Salazzle|79/100|[from] item: Leftovers
|-damage|p2a: Ogerpon|95/100 tox|[from] psn
|upkeep
|turn|5
|
|t:|1757904373
|move|p1a: Salazzle|Encore|p2a: Ogerpon
|-start|p2a: Ogerpon|Encore
|move|p2a: Ogerpon|Spikes|p1a: Salazzle
|-sidestart|p1: kgoski tavares|Spikes
|
|-heal|p1a: Salazzle|85/100|[from] item: Leftovers
|-damage|p2a: Ogerpon|83/100 tox|[from] psn
|upkeep
|turn|6
|
|t:|1757904381
|move|p1a: Salazzle|Disable|p2a: Ogerpon
|-start|p2a: Ogerpon|Disable|Spikes
|cant|p2a: Ogerpon|Disable|Spikes
|
|-heal|p1a: Salazzle|92/100|[from] item: Leftovers
|-damage|p2a: Ogerpon|65/100 tox|[from] psn
|upkeep
|turn|7
|
|t:|1757904392
|switch|p2a: Incineroar|Incineroar, M|100/100
|-ability|p2a: Incineroar|Intimidate|boost
|-immune|p1a: Salazzle
|move|p1a: Salazzle|Toxic|p2a: Incineroar
|-status|p2a: Incineroar|tox
|
|-heal|p1a: Salazzle|98/100|[from] item: Leftovers
|-damage|p2a: Incineroar|94/100 tox|[from] psn
|upkeep
|turn|8
|
|t:|1757904400
|move|p1a: Salazzle|Substitute|p1a: Salazzle
|-fail|p1a: Salazzle|move: Substitute
|move|p2a: Incineroar|Earthquake|p1a: Salazzle
|-supereffective|p1a: Salazzle
|-end|p1a: Salazzle|Substitute
|
|-heal|p1a: Salazzle|100/100|[from] item: Leftovers
|-damage|p2a: Incineroar|82/100 tox|[from] psn
|upkeep
|turn|9
|
|t:|1757904408
|move|p1a: Salazzle|Disable|p2a: Incineroar
|-start|p2a: Incineroar|Disable|Earthquake
|cant|p2a: Incineroar|Disable|Earthquake
|
|-damage|p2a: Incineroar|64/100 tox|[from] psn
|upkeep
|turn|10
|
|t:|1757904414
|switch|p2a: Ogerpon|Ogerpon-Wellspring, F|65/100 tox
|move|p1a: Salazzle|Substitute|p1a: Salazzle
|-start|p1a: Salazzle|Substitute
|-damage|p1a: Salazzle|76/100
|
|-heal|p1a: Salazzle|82/100|[from] item: Leftovers
|-damage|p2a: Ogerpon|59/100 tox|[from] psn
|upkeep
|turn|11
|
|t:|1757904418
|move|p1a: Salazzle|Toxic|p2a: Ogerpon
|-fail|p2a: Ogerpon|tox
|move|p2a: Ogerpon|Ivy Cudgel|p1a: Salazzle|[anim] Ivy Cudgel Water
|-supereffective|p1a: Salazzle
|-crit|p1a: Salazzle
|-end|p1a: Salazzle|Substitute
|
|-heal|p1a: Salazzle|88/100|[from] item: Leftovers
|-damage|p2a: Ogerpon|47/100 tox|[from] psn
|upkeep
|turn|12
|
|t:|1757904427
|move|p1a: Salazzle|Substitute|p1a: Salazzle
|-start|p1a: Salazzle|Substitute
|-damage|p1a: Salazzle|63/100
|move|p2a: Ogerpon|Ivy Cudgel|p1a: Salazzle|[anim] Ivy Cudgel Water
|-supereffective|p1a: Salazzle
|-end|p1a: Salazzle|Substitute
|
|-heal|p1a: Salazzle|70/100|[from] item: Leftovers
|-damage|p2a: Ogerpon|29/100 tox|[from] psn
|upkeep
|turn|13
|
|t:|1757904436
|move|p1a: Salazzle|Disable|p2a: Ogerpon
|-start|p2a: Ogerpon|Disable|Ivy Cudgel
|cant|p2a: Ogerpon|Disable|Ivy Cudgel
|
|-heal|p1a: Salazzle|76/100|[from] item: Leftovers
|-damage|p2a: Ogerpon|5/100 tox|[from] psn
|upkeep
|turn|14
|
|t:|1757904443
|move|p1a: Salazzle|Substitute|p1a: Salazzle
|-start|p1a: Salazzle|Substitute
|-damage|p1a: Salazzle|51/100
|move|p2a: Ogerpon|U-turn|p1a: Salazzle
|-resisted|p1a: Salazzle
|-crit|p1a: Salazzle
|-activate|p1a: Salazzle|move: Substitute|[damage]
|
|t:|1757904450
|switch|p2a: Gliscor|Gliscor, M|100/100|[from] U-turn
|
|-heal|p1a: Salazzle|57/100|[from] item: Leftovers
|-status|p2a: Gliscor|tox|[from] item: Toxic Orb
|upkeep
|turn|15
|
|t:|1757904456
|switch|p1a: Corviknight|Corviknight, F|100/100
|-ability|p1a: Corviknight|Pressure
|move|p2a: Gliscor|Substitute|p2a: Gliscor
|-start|p2a: Gliscor|Substitute
|-damage|p2a: Gliscor|76/100 tox
|
|-heal|p2a: Gliscor|88/100 tox|[from] ability: Poison Heal
|upkeep
|turn|16
|
|t:|1757904465
|move|p2a: Gliscor|Protect|p2a: Gliscor
|-singleturn|p2a: Gliscor|Protect
|move|p1a: Corviknight|Defog|p2a: Gliscor
|-activate|p2a: Gliscor|move: Protect
|
|-heal|p2a: Gliscor|100/100 tox|[from] ability: Poison Heal
|upkeep
|turn|17
|
|t:|1757904476
|switch|p2a: Incineroar|Incineroar, M|64/100 tox
|-ability|p2a: Incineroar|Intimidate|boost
|-unboost|p1a: Corviknight|atk|1
|move|p1a: Corviknight|Defog|p2a: Incineroar
|-unboost|p2a: Incineroar|evasion|1
|-sideend|p1: kgoski tavares|Spikes|[from] move: Defog|[of] p1a: Corviknight
|
|-damage|p2a: Incineroar|58/100 tox|[from] psn
|upkeep
|turn|18
|
|t:|1757904490
|switch|p1a: Alomomola|Alomomola, M|100/100
|move|p2a: Incineroar|Fake Out|p1a: Alomomola
|-damage|p1a: Alomomola|90/100
|
|-damage|p2a: Incineroar|46/100 tox|[from] psn
|upkeep
|turn|19
|
|t:|1757904500
|switch|p2a: Ogerpon|Ogerpon-Wellspring, F|5/100 tox
|move|p1a: Alomomola|Wish|p1a: Alomomola
|
|-damage|p2a: Ogerpon|0 fnt|[from] psn
|faint|p2a: Ogerpon
|upkeep
|
|t:|1757904507
|switch|p2a: Scizor|Scizor, M|100/100
|turn|20
|
|t:|1757904510
|move|p2a: Scizor|Bullet Punch|p1a: Alomomola
|-resisted|p1a: Alomomola
|-damage|p1a: Alomomola|73/100
|move|p1a: Alomomola|Flip Turn|p2a: Scizor
|-damage|p2a: Scizor|85/100
|
|t:|1757904521
|switch|p1a: Gliscor|Gliscor, M|100/100|[from] Flip Turn
|
|-status|p1a: Gliscor|tox|[from] item: Toxic Orb
|upkeep
|turn|21
|
|t:|1757904530
|-terastallize|p2a: Scizor|Ground
|move|p2a: Scizor|Bullet Punch|p1a: Gliscor
|-damage|p1a: Gliscor|66/100 tox
|move|p1a: Gliscor|Stealth Rock|p2a: Scizor
|-sidestart|p2: war-XGeats|move: Stealth Rock
|
|-heal|p1a: Gliscor|78/100 tox|[from] ability: Poison Heal
|upkeep
|turn|22
|
|t:|1757904537
|move|p2a: Scizor|Bullet Punch|p1a: Gliscor
|-damage|p1a: Gliscor|46/100 tox
|move|p1a: Gliscor|U-turn|p2a: Scizor
|-damage|p2a: Scizor|67/100
|
|t:|1757904545
|switch|p1a: Alomomola|Alomomola, M|100/100|[from] U-turn
|
|upkeep
|turn|23
|
|t:|1757904551
|switch|p2a: Gliscor|Gliscor, M|100/100 tox
|-damage|p2a: Gliscor|88/100 tox|[from] Stealth Rock
|move|p1a: Alomomola|Scald|p2a: Gliscor
|-supereffective|p2a: Gliscor
|-damage|p2a: Gliscor|58/100 tox
|
|-heal|p2a: Gliscor|70/100 tox|[from] ability: Poison Heal
|upkeep
|turn|24
|
|t:|1757904558
|move|p2a: Gliscor|Substitute|p2a: Gliscor
|-start|p2a: Gliscor|Substitute
|-damage|p2a: Gliscor|45/100 tox
|move|p1a: Alomomola|Scald|p2a: Gliscor
|-supereffective|p2a: Gliscor
|-end|p2a: Gliscor|Substitute
|
|-heal|p2a: Gliscor|58/100 tox|[from] ability: Poison Heal
|upkeep
|turn|25
|
|t:|1757904565
|move|p2a: Gliscor|Protect|p2a: Gliscor
|-singleturn|p2a: Gliscor|Protect
|move|p1a: Alomomola|Scald|p2a: Gliscor
|-activate|p2a: Gliscor|move: Protect
|
|-heal|p2a: Gliscor|70/100 tox|[from] ability: Poison Heal
|upkeep
|turn|26
|
|t:|1757904573
|move|p2a: Gliscor|Toxic|p1a: Alomomola
|-status|p1a: Alomomola|tox
|move|p1a: Alomomola|Scald|p2a: Gliscor
|-supereffective|p2a: Gliscor
|-damage|p2a: Gliscor|34/100 tox
|
|-heal|p2a: Gliscor|46/100 tox|[from] ability: Poison Heal
|-damage|p1a: Alomomola|94/100 tox|[from] psn
|upkeep
|turn|27
|
|t:|1757904581
|switch|p1a: Salazzle|Salazzle, F|57/100
|move|p2a: Gliscor|Protect||[still]
|-fail|p2a: Gliscor
|
|-heal|p1a: Salazzle|63/100|[from] item: Leftovers
|-heal|p2a: Gliscor|59/100 tox|[from] ability: Poison Heal
|upkeep
|turn|28
|
|t:|1757904589
|move|p1a: Salazzle|Encore|p2a: Gliscor
|-start|p2a: Gliscor|Encore
|move|p2a: Gliscor|Protect||[still]
|-fail|p2a: Gliscor
|
|-heal|p1a: Salazzle|70/100|[from] item: Leftovers
|-heal|p2a: Gliscor|71/100 tox|[from] ability: Poison Heal
|upkeep
|turn|29
|
|t:|1757904600
|switch|p1a: Altaria|Altaria, F|100/100
|switch|p2a: Incineroar|Incineroar, M|46/100 tox
|-damage|p2a: Incineroar|21/100 tox|[from] Stealth Rock
|-ability|p2a: Incineroar|Intimidate|boost
|-unboost|p1a: Altaria|atk|1
|
|-damage|p2a: Incineroar|15/100 tox|[from] psn
|upkeep
|turn|30
|
|t:|1757904609
|move|p1a: Altaria|Protect|p1a: Altaria
|-singleturn|p1a: Altaria|Protect
|move|p2a: Incineroar|Fake Out|p1a: Altaria
|-activate|p1a: Altaria|move: Protect
|
|-damage|p2a: Incineroar|3/100 tox|[from] psn
|upkeep
|turn|31
|
|t:|1757904616
|switch|p1a: Alomomola|Alomomola, M|100/100 tox
|move|p2a: Incineroar|U-turn|p1a: Alomomola
|-damage|p1a: Alomomola|80/100 tox
|
|t:|1757904621
|switch|p2a: Gliscor|Gliscor, M|71/100 tox|[from] U-turn
|-damage|p2a: Gliscor|59/100 tox|[from] Stealth Rock
|
|-heal|p2a: Gliscor|71/100 tox|[from] ability: Poison Heal
|-damage|p1a: Alomomola|74/100 tox|[from] psn
|upkeep
|turn|32
|
|t:|1757904629
|move|p2a: Gliscor|Protect|p2a: Gliscor
|-singleturn|p2a: Gliscor|Protect
|move|p1a: Alomomola|Flip Turn|p2a: Gliscor
|-activate|p2a: Gliscor|move: Protect
|
|-heal|p2a: Gliscor|84/100 tox|[from] ability: Poison Heal
|-damage|p1a: Alomomola|61/100 tox|[from] psn
|upkeep
|turn|33
|
|t:|1757904637
|move|p2a: Gliscor|Substitute|p2a: Gliscor
|-start|p2a: Gliscor|Substitute
|-damage|p2a: Gliscor|59/100 tox
|move|p1a: Alomomola|Flip Turn|p2a: Gliscor
|-supereffective|p2a: Gliscor
|-end|p2a: Gliscor|Substitute
|
|t:|1757904643
|switch|p1a: Gholdengo|Gholdengo|100/100|[from] Flip Turn
|
|-heal|p2a: Gliscor|71/100 tox|[from] ability: Poison Heal
|upkeep
|turn|34
|
|t:|1757904648
|move|p1a: Gholdengo|Make It Rain|p2a: Gliscor
|-damage|p2a: Gliscor|0 fnt
|-unboost|p1a: Gholdengo|spa|1
|faint|p2a: Gliscor
|
|upkeep
|
|t:|1757904655
|switch|p2a: Incineroar|Incineroar, M|3/100 tox
|-damage|p2a: Incineroar|0 fnt|[from] Stealth Rock
|faint|p2a: Incineroar
|
|t:|1757904660
|switch|p2a: Iron Valiant|Iron Valiant, shiny|100/100
|-damage|p2a: Iron Valiant|94/100|[from] Stealth Rock
|-enditem|p2a: Iron Valiant|Booster Energy
|-activate|p2a: Iron Valiant|ability: Quark Drive|[fromitem]
|-start|p2a: Iron Valiant|quarkdrivespe
|turn|35
|
|t:|1757904668
|move|p2a: Iron Valiant|Knock Off|p1a: Gholdengo
|-supereffective|p1a: Gholdengo
|-damage|p1a: Gholdengo|38/100
|-enditem|p1a: Gholdengo|Choice Scarf|[from] move: Knock Off|[of] p2a: Iron Valiant
|move|p1a: Gholdengo|Make It Rain|p2a: Iron Valiant
|-supereffective|p2a: Iron Valiant
|-damage|p2a: Iron Valiant|0 fnt
|-unboost|p1a: Gholdengo|spa|1
|faint|p2a: Iron Valiant
|-end|p2a: Iron Valiant|Quark Drive|[silent]
|
|upkeep
|
|t:|1757904678
|switch|p2a: Dragonite|Dragonite, M|100/100
|turn|36
|
|t:|1757904682
|switch|p1a: Altaria|Altaria, F|100/100
|move|p2a: Dragonite|Dragon Dance|p2a: Dragonite
|-boost|p2a: Dragonite|atk|1
|-boost|p2a: Dragonite|spe|1
|
|upkeep
|turn|37
|
|t:|1757904688
|-terastallize|p1a: Altaria|Steel
|move|p2a: Dragonite|Extreme Speed|p1a: Altaria
|-resisted|p1a: Altaria
|-damage|p1a: Altaria|76/100
|move|p1a: Altaria|Fire Spin|p2a: Dragonite
|-resisted|p2a: Dragonite
|-damage|p2a: Dragonite|99/100
|-activate|p2a: Dragonite|move: Fire Spin|[of] p1a: Altaria
|
|-heal|p1a: Altaria|82/100|[from] item: Leftovers
|-damage|p2a: Dragonite|87/100|[from] move: Fire Spin|[partiallytrapped]
|upkeep
|turn|38
|
|t:|1757904699
|move|p2a: Dragonite|Roost|p2a: Dragonite
|-heal|p2a: Dragonite|100/100
|-singleturn|p2a: Dragonite|move: Roost
|move|p1a: Altaria|Perish Song|p1a: Altaria
|-start|p1a: Altaria|perish3|[silent]
|-start|p2a: Dragonite|perish3|[silent]
|-fieldactivate|move: Perish Song
|
|-heal|p1a: Altaria|89/100|[from] item: Leftovers
|-damage|p2a: Dragonite|88/100|[from] move: Fire Spin|[partiallytrapped]
|-start|p2a: Dragonite|perish3
|-start|p1a: Altaria|perish3
|upkeep
|turn|39
|
|t:|1757904705
|move|p1a: Altaria|Protect|p1a: Altaria
|-singleturn|p1a: Altaria|Protect
|move|p2a: Dragonite|Earthquake|p1a: Altaria
|-activate|p1a: Altaria|move: Protect
|
|-heal|p1a: Altaria|95/100|[from] item: Leftovers
|-damage|p2a: Dragonite|76/100|[from] move: Fire Spin|[partiallytrapped]
|-start|p2a: Dragonite|perish2
|-start|p1a: Altaria|perish2
|upkeep
|turn|40
|
|t:|1757904710
|move|p2a: Dragonite|Earthquake|p1a: Altaria
|-supereffective|p1a: Altaria
|-damage|p1a: Altaria|0 fnt
|faint|p1a: Altaria
|
|-end|p2a: Dragonite|Fire Spin|[partiallytrapped]|[silent]
|-start|p2a: Dragonite|perish1
|upkeep
|
|t:|1757904716
|switch|p1a: Salazzle|Salazzle, F|70/100
|turn|41
|
|t:|1757904722
|switch|p1a: Corviknight|Corviknight, F|100/100
|-ability|p1a: Corviknight|Pressure
|move|p2a: Dragonite|Earthquake|p1a: Corviknight
|-immune|p1a: Corviknight
|
|-start|p2a: Dragonite|perish0
|upkeep
|faint|p2a: Dragonite
|
|t:|1757904727
|switch|p2a: Scizor|Scizor, M, tera:Ground|67/100
|-damage|p2a: Scizor|61/100|[from] Stealth Rock
|turn|42
|
|t:|1757904732
|move|p2a: Scizor|Knock Off|p1a: Corviknight
|-damage|p1a: Corviknight|69/100
|-damage|p2a: Scizor|44/100|[from] item: Rocky Helmet|[of] p1a: Corviknight
|-enditem|p1a: Corviknight|Rocky Helmet|[from] move: Knock Off|[of] p2a: Scizor
|move|p1a: Corviknight|Brave Bird|p2a: Scizor
|-damage|p2a: Scizor|8/100
|-damage|p1a: Corviknight|59/100|[from] Recoil
|
|upkeep
|turn|43
|
|t:|1757904741
|move|p2a: Scizor|Knock Off|p1a: Corviknight
|-damage|p1a: Corviknight|38/100
|move|p1a: Corviknight|Brave Bird|p2a: Scizor
|-damage|p2a: Scizor|0 fnt
|faint|p2a: Scizor
|-damage|p1a: Corviknight|36/100|[from] Recoil
|
|win|kgoski tavares
|raw|kgoski tavares's rating: 1124 &rarr; <strong>1150</strong><br />(+26 for winning)
|raw|war-XGeats's rating: 1141 &rarr; <strong>1115</strong><br />(-26 for losing)
|l|☆war-XGeats
|player|p2|
|l|☆kgoski tavares
|player|p1|
