|j|☆kirasai
|j|☆Lesnikovsky
|t:|1757829397
|gametype|singles
|player|p1|kirasai|jasmine|1104
|player|p2|Lesnikovsky|101|1128
|gen|9
|tier|[Gen 9] OU
|rated|
|rule|HP Percentage Mod: HP is shown in percentages
|rule|Endless Battle Clause: Forcing endless battles is banned
|rule|Species Clause: Limit one of each Pokémon
|rule|OHKO Clause: OHKO moves are banned
|rule|Evasion Items Clause: Evasion items are banned
|rule|Evasion Moves Clause: Evasion moves are banned
|rule|Evasion Abilities Clause: Evasion abilities are banned
|rule|Sleep Moves Clause: Sleep-inducing moves are banned
|clearpoke
|poke|p1|Lokix, M|
|poke|p1|Hatterene, F|
|poke|p1|Drifblim, M|
|poke|p1|Quaquaval, M|
|poke|p1|Indeedee-F, F|
|poke|p1|Alomomola, F|
|poke|p2|Iron Valiant|
|poke|p2|Kyurem|
|poke|p2|Greninja-*, M|
|poke|p2|Gholdengo|
|poke|p2|Great Tusk|
|poke|p2|Rillaboom, M|
|teampreview
|inactive|Battle timer is ON: inactive players will automatically lose when time's up. (requested by Lesnikovsky)
|
|t:|1757829405
|teamsize|p1|6
|teamsize|p2|6
|start
|switch|p1a: Lokix|Lokix, M|100/100
|switch|p2a: Rillaboom|Rillaboom, M|100/100
|-fieldstart|move: Grassy Terrain|[from] ability: Grassy Surge|[of] p2a: Rillaboom
|turn|1
|
|t:|1757829419
|move|p1a: Lokix|U-turn|p2a: Rillaboom
|-supereffective|p2a: Rillaboom
|-damage|p2a: Rillaboom|5/100
|c|☆kirasai|grassy glide user
|
|t:|1757829424
|switch|p1a: Indeedee|Indeedee-F, F|100/100|[from] U-turn
|-fieldstart|move: Psychic Terrain|[from] ability: Psychic Surge|[of] p1a: Indeedee
|move|p2a: Rillaboom|Drain Punch|p1a: Indeedee
|-damage|p1a: Indeedee|56/100
|-heal|p2a: Rillaboom|21/100|[from] drain|[of] p1a: Indeedee
|
|-heal|p2a: Rillaboom|27/100|[from] item: Leftovers
|upkeep
|turn|2
|inactive|Lesnikovsky has 120 seconds left.
|
|t:|1757829457
|switch|p1a: Drifblim|Drifblim, M|100/100
|move|p2a: Rillaboom|Drain Punch|p1a: Drifblim
|-immune|p1a: Drifblim
|
|-heal|p2a: Rillaboom|33/100|[from] item: Leftovers
|-status|p1a: Drifblim|brn|[from] item: Flame Orb
|upkeep
|turn|3
|inactive|Lesnikovsky has 120 seconds left.
|
|t:|1757829469
|move|p1a: Drifblim|Trick|p2a: Rillaboom
|-activate|p1a: Drifblim|move: Trick|[of] p2a: Rillaboom
|-item|p2a: Rillaboom|Flame Orb|[from] move: Trick
|-item|p1a: Drifblim|Leftovers|[from] move: Trick
|move|p2a: Rillaboom|Drum Beating|p1a: Drifblim
|-resisted|p1a: Drifblim
|-damage|p1a: Drifblim|71/100 brn
|-unboost|p1a: Drifblim|spe|1
|
|-heal|p1a: Drifblim|77/100 brn|[from] item: Leftovers
|-damage|p1a: Drifblim|71/100 brn|[from] brn
|-status|p2a: Rillaboom|brn|[from] item: Flame Orb
|upkeep
|turn|4
|inactive|Lesnikovsky has 120 seconds left.
|
|t:|1757829488
|switch|p2a: Greninja|Greninja, M|100/100
|move|p1a: Drifblim|Hex|p2a: Greninja
|-resisted|p2a: Greninja
|-damage|p2a: Greninja|72/100
|
|-heal|p1a: Drifblim|77/100 brn|[from] item: Leftovers
|-damage|p1a: Drifblim|71/100 brn|[from] brn
|upkeep
|turn|5
|inactive|Lesnikovsky has 120 seconds left.
|
|t:|1757829498
|move|p2a: Greninja|Dark Pulse|p1a: Drifblim
|-supereffective|p1a: Drifblim
|-damage|p1a: Drifblim|0 fnt
|faint|p1a: Drifblim
|-ability|p2a: Greninja|Battle Bond|boost
|-boost|p2a: Greninja|atk|1
|-boost|p2a: Greninja|spa|1
|-boost|p2a: Greninja|spe|1
|-activate|p2a: Greninja|ability: Battle Bond
|
|-fieldend|move: Psychic Terrain
|upkeep
|c|☆kirasai|whatttt
|
|t:|1757829507
|switch|p1a: Lokix|Lokix, M|100/100
|turn|6
|
|t:|1757829513
|-terastallize|p1a: Lokix|Bug
|move|p1a: Lokix|First Impression|p2a: Greninja
|-supereffective|p2a: Greninja
|-damage|p2a: Greninja|0 fnt
|faint|p2a: Greninja
|
|upkeep
|inactive|Lesnikovsky has 120 seconds left.
|
|t:|1757829524
|switch|p2a: Great Tusk|Great Tusk|100/100
|turn|7
|
|t:|1757829529
|switch|p1a: Alomomola|Alomomola, F|100/100
|move|p2a: Great Tusk|Knock Off|p1a: Alomomola
|-damage|p1a: Alomomola|85/100
|-enditem|p1a: Alomomola|Leftovers|[from] move: Knock Off|[of] p2a: Great Tusk
|
|upkeep
|turn|8
|
|t:|1757829538
|move|p2a: Great Tusk|Stealth Rock|p1a: Alomomola
|-sidestart|p1: kirasai|move: Stealth Rock
|move|p1a: Alomomola|Whirlpool|p2a: Great Tusk
|-supereffective|p2a: Great Tusk
|-damage|p2a: Great Tusk|83/100
|-activate|p2a: Great Tusk|move: Whirlpool|[of] p1a: Alomomola
|
|-heal|p2a: Great Tusk|90/100|[from] item: Leftovers
|-damage|p2a: Great Tusk|77/100|[from] move: Whirlpool|[partiallytrapped]
|upkeep
|turn|9
|
|t:|1757829555
|move|p2a: Great Tusk|Earthquake|p1a: Alomomola
|-damage|p1a: Alomomola|61/100
|move|p1a: Alomomola|Scald|p2a: Great Tusk
|-supereffective|p2a: Great Tusk
|-crit|p2a: Great Tusk
|-damage|p2a: Great Tusk|23/100
|-status|p2a: Great Tusk|brn
|
|-heal|p2a: Great Tusk|29/100 brn|[from] item: Leftovers
|-damage|p2a: Great Tusk|23/100 brn|[from] brn
|-damage|p2a: Great Tusk|10/100 brn|[from] move: Whirlpool|[partiallytrapped]
|upkeep
|turn|10
|
|t:|1757829571
|move|p2a: Great Tusk|Knock Off|p1a: Alomomola
|-damage|p1a: Alomomola|55/100
|move|p1a: Alomomola|Wish|p1a: Alomomola
|
|-heal|p2a: Great Tusk|17/100 brn|[from] item: Leftovers
|-damage|p2a: Great Tusk|10/100 brn|[from] brn
|-damage|p2a: Great Tusk|0 fnt|[from] move: Whirlpool|[partiallytrapped]
|faint|p2a: Great Tusk
|-end|p2a: Great Tusk|Protosynthesis|[silent]
|upkeep
|inactive|Lesnikovsky has 120 seconds left.
|
|t:|1757829583
|switch|p2a: Rillaboom|Rillaboom, M|33/100 brn
|-fieldstart|move: Grassy Terrain|[from] ability: Grassy Surge|[of] p2a: Rillaboom
|turn|11
|
|t:|1757829587
|switch|p1a: Indeedee|Indeedee-F, F|56/100
|-damage|p1a: Indeedee|43/100|[from] Stealth Rock
|-fieldstart|move: Psychic Terrain|[from] ability: Psychic Surge|[of] p1a: Indeedee
|move|p2a: Rillaboom|Drum Beating|p1a: Indeedee
|-damage|p1a: Indeedee|7/100
|-unboost|p1a: Indeedee|spe|1
|
|-heal|p1a: Indeedee|100/100|[from] move: Wish|[wisher] Alomomola
|-damage|p2a: Rillaboom|27/100 brn|[from] brn
|upkeep
|turn|12
|
|t:|1757829614
|switch|p1a: Quaquaval|Quaquaval, M|100/100
|-damage|p1a: Quaquaval|94/100|[from] Stealth Rock
|move|p2a: Rillaboom|Drain Punch|p1a: Quaquaval
|-damage|p1a: Quaquaval|75/100
|-heal|p2a: Rillaboom|35/100 brn|[from] drain|[of] p1a: Quaquaval
|
|-damage|p2a: Rillaboom|29/100 brn|[from] brn
|upkeep
|turn|13
|inactive|Lesnikovsky has 120 seconds left.
|
|t:|1757829645
|switch|p2a: Iron Valiant|Iron Valiant|100/100
|-enditem|p2a: Iron Valiant|Booster Energy
|-activate|p2a: Iron Valiant|ability: Quark Drive|[fromitem]
|-start|p2a: Iron Valiant|quarkdrivespe
|move|p1a: Quaquaval|Rapid Spin|p2a: Iron Valiant
|-damage|p2a: Iron Valiant|77/100
|-boost|p1a: Quaquaval|spe|1
|-sideend|p1: kirasai|Stealth Rock|[from] move: Rapid Spin|[of] p1a: Quaquaval
|
|upkeep
|turn|14
|
|t:|1757829669
|move|p2a: Iron Valiant|Psycho Cut|p1a: Quaquaval
|-supereffective|p1a: Quaquaval
|-damage|p1a: Quaquaval|0 fnt
|faint|p1a: Quaquaval
|
|upkeep
|
|t:|1757829677
|switch|p1a: Hatterene|Hatterene, F|100/100
|turn|15
|inactive|Lesnikovsky has 90 seconds left.
|
|t:|1757829704
|-end|p2a: Iron Valiant|Quark Drive|[silent]
|switch|p2a: Gholdengo|Gholdengo|100/100
|move|p1a: Hatterene|Mystical Fire|p2a: Gholdengo
|-supereffective|p2a: Gholdengo
|-damage|p2a: Gholdengo|41/100
|-unboost|p2a: Gholdengo|spa|1
|
|-heal|p2a: Gholdengo|47/100|[from] item: Leftovers
|-fieldend|move: Psychic Terrain
|upkeep
|turn|16
|inactive|Lesnikovsky has 90 seconds left.
|
|t:|1757829717
|move|p2a: Gholdengo|Recover|p2a: Gholdengo
|-heal|p2a: Gholdengo|97/100
|move|p1a: Hatterene|Mystical Fire|p2a: Gholdengo
|-supereffective|p2a: Gholdengo
|-damage|p2a: Gholdengo|34/100
|-unboost|p2a: Gholdengo|spa|1
|
|-heal|p2a: Gholdengo|40/100|[from] item: Leftovers
|upkeep
|turn|17
|inactive|Lesnikovsky has 90 seconds left.
|
|t:|1757829727
|move|p2a: Gholdengo|Recover|p2a: Gholdengo
|-heal|p2a: Gholdengo|90/100
|move|p1a: Hatterene|Mystical Fire|p2a: Gholdengo
|-supereffective|p2a: Gholdengo
|-damage|p2a: Gholdengo|24/100
|-unboost|p2a: Gholdengo|spa|1
|
|-heal|p2a: Gholdengo|30/100|[from] item: Leftovers
|upkeep
|turn|18
|inactive|Lesnikovsky has 90 seconds left.
|
|t:|1757829742
|switch|p2a: Rillaboom|Rillaboom, M|29/100 brn
|-fieldstart|move: Grassy Terrain|[from] ability: Grassy Surge|[of] p2a: Rillaboom
|move|p1a: Hatterene|Mystical Fire|p2a: Rillaboom
|-supereffective|p2a: Rillaboom
|-damage|p2a: Rillaboom|0 fnt
|faint|p2a: Rillaboom
|
|upkeep
|
|t:|1757829757
|switch|p2a: Kyurem|Kyurem|100/100
|-ability|p2a: Kyurem|Pressure
|turn|19
|
|t:|1757829775
|-terastallize|p2a: Kyurem|Fairy
|move|p2a: Kyurem|Shadow Ball|p1a: Hatterene
|-supereffective|p1a: Hatterene
|-damage|p1a: Hatterene|39/100
|move|p1a: Hatterene|Mystical Fire|p2a: Kyurem
|-damage|p2a: Kyurem|57/100
|-unboost|p2a: Kyurem|spa|1
|
|-heal|p2a: Kyurem|63/100|[from] Grassy Terrain
|-heal|p1a: Hatterene|45/100|[from] Grassy Terrain
|upkeep
|turn|20
|
|t:|1757829787
|switch|p1a: Alomomola|Alomomola, F|89/100
|move|p2a: Kyurem|Shadow Ball|p1a: Alomomola
|-damage|p1a: Alomomola|65/100
|
|-heal|p2a: Kyurem|69/100|[from] Grassy Terrain
|-heal|p1a: Alomomola|71/100|[from] Grassy Terrain
|upkeep
|turn|21
|
|t:|1757829799
|switch|p2a: Gholdengo|Gholdengo|30/100
|move|p1a: Alomomola|Whirlpool|p2a: Gholdengo
|-damage|p2a: Gholdengo|26/100
|-activate|p2a: Gholdengo|move: Whirlpool|[of] p1a: Alomomola
|
|-heal|p2a: Gholdengo|32/100|[from] Grassy Terrain
|-heal|p2a: Gholdengo|38/100|[from] item: Leftovers
|-heal|p1a: Alomomola|77/100|[from] Grassy Terrain
|-damage|p2a: Gholdengo|25/100|[from] move: Whirlpool|[partiallytrapped]
|upkeep
|turn|22
|
|t:|1757829812
|move|p2a: Gholdengo|Recover|p2a: Gholdengo
|-heal|p2a: Gholdengo|75/100
|move|p1a: Alomomola|Scald|p2a: Gholdengo
|-damage|p2a: Gholdengo|66/100
|-status|p2a: Gholdengo|brn
|
|-heal|p2a: Gholdengo|72/100 brn|[from] Grassy Terrain
|-heal|p2a: Gholdengo|79/100 brn|[from] item: Leftovers
|-heal|p1a: Alomomola|83/100|[from] Grassy Terrain
|-damage|p2a: Gholdengo|72/100 brn|[from] brn
|-damage|p2a: Gholdengo|60/100 brn|[from] move: Whirlpool|[partiallytrapped]
|-fieldend|move: Grassy Terrain
|upkeep
|turn|23
|
|t:|1757829827
|move|p2a: Gholdengo|Nasty Plot|p2a: Gholdengo
|-boost|p2a: Gholdengo|spa|2
|move|p1a: Alomomola|Wish|p1a: Alomomola
|
|-heal|p2a: Gholdengo|66/100 brn|[from] item: Leftovers
|-damage|p2a: Gholdengo|60/100 brn|[from] brn
|-damage|p2a: Gholdengo|48/100 brn|[from] move: Whirlpool|[partiallytrapped]
|upkeep
|turn|24
|
|t:|1757829838
|move|p1a: Alomomola|Protect|p1a: Alomomola
|-singleturn|p1a: Alomomola|Protect
|move|p2a: Gholdengo|Recover|p2a: Gholdengo
|-heal|p2a: Gholdengo|98/100 brn
|
|-heal|p1a: Alomomola|100/100|[from] move: Wish|[wisher] Alomomola
|-heal|p2a: Gholdengo|100/100 brn|[from] item: Leftovers
|-damage|p2a: Gholdengo|94/100 brn|[from] brn
|-damage|p2a: Gholdengo|82/100 brn|[from] move: Whirlpool|[partiallytrapped]
|upkeep
|turn|25
|
|t:|1757829853
|move|p2a: Gholdengo|Shadow Ball|p1a: Alomomola
|-damage|p1a: Alomomola|20/100
|move|p1a: Alomomola|Scald|p2a: Gholdengo
|-damage|p2a: Gholdengo|73/100 brn
|
|-heal|p2a: Gholdengo|79/100 brn|[from] item: Leftovers
|-damage|p2a: Gholdengo|73/100 brn|[from] brn
|-end|p2a: Gholdengo|Whirlpool|[partiallytrapped]
|upkeep
|turn|26
|
|t:|1757829864
|switch|p1a: Indeedee|Indeedee-F, F|100/100
|-fieldstart|move: Psychic Terrain|[from] ability: Psychic Surge|[of] p1a: Indeedee
|move|p2a: Gholdengo|Nasty Plot|p2a: Gholdengo
|-boost|p2a: Gholdengo|spa|2
|
|-heal|p2a: Gholdengo|79/100 brn|[from] item: Leftovers
|-damage|p2a: Gholdengo|73/100 brn|[from] brn
|upkeep
|turn|27
|
|t:|1757829876
|switch|p1a: Alomomola|Alomomola, F|53/100
|move|p2a: Gholdengo|Dazzling Gleam|p1a: Alomomola
|-damage|p1a: Alomomola|0 fnt
|faint|p1a: Alomomola
|
|-heal|p2a: Gholdengo|79/100 brn|[from] item: Leftovers
|-damage|p2a: Gholdengo|73/100 brn|[from] brn
|upkeep
|
|t:|1757829884
|switch|p1a: Hatterene|Hatterene, F|45/100
|turn|28
|
|t:|1757829897
|move|p2a: Gholdengo|Shadow Ball|p1a: Hatterene
|-supereffective|p1a: Hatterene
|-damage|p1a: Hatterene|0 fnt
|faint|p1a: Hatterene
|
|-heal|p2a: Gholdengo|79/100 brn|[from] item: Leftovers
|-damage|p2a: Gholdengo|73/100 brn|[from] brn
|upkeep
|
|t:|1757829902
|switch|p1a: Indeedee|Indeedee-F, F|100/100
|turn|29
|
|t:|1757829908
|move|p1a: Indeedee|Alluring Voice|p2a: Gholdengo
|-resisted|p2a: Gholdengo
|-damage|p2a: Gholdengo|65/100 brn
|move|p2a: Gholdengo|Shadow Ball|p1a: Indeedee
|-immune|p1a: Indeedee
|
|-heal|p2a: Gholdengo|71/100 brn|[from] item: Leftovers
|-damage|p2a: Gholdengo|65/100 brn|[from] brn
|upkeep
|turn|30
|inactive|Lesnikovsky has 90 seconds left.
|
|t:|1757829918
|move|p1a: Indeedee|Alluring Voice|p2a: Gholdengo
|-resisted|p2a: Gholdengo
|-damage|p2a: Gholdengo|57/100 brn
|move|p2a: Gholdengo|Dazzling Gleam|p1a: Indeedee
|-damage|p1a: Indeedee|17/100
|
|-heal|p2a: Gholdengo|63/100 brn|[from] item: Leftovers
|-damage|p2a: Gholdengo|57/100 brn|[from] brn
|-fieldend|move: Psychic Terrain
|upkeep
|turn|31
|inactive|Lesnikovsky has 90 seconds left.
|
|t:|1757829928
|move|p1a: Indeedee|Alluring Voice|p2a: Gholdengo
|-resisted|p2a: Gholdengo
|-damage|p2a: Gholdengo|49/100 brn
|move|p2a: Gholdengo|Recover|p2a: Gholdengo
|-heal|p2a: Gholdengo|99/100 brn
|
|-heal|p2a: Gholdengo|100/100 brn|[from] item: Leftovers
|-damage|p2a: Gholdengo|94/100 brn|[from] brn
|upkeep
|turn|32
|inactive|Lesnikovsky has 90 seconds left.
|
|t:|1757829938
|move|p1a: Indeedee|Alluring Voice|p2a: Gholdengo
|-resisted|p2a: Gholdengo
|-damage|p2a: Gholdengo|87/100 brn
|move|p2a: Gholdengo|Dazzling Gleam|p1a: Indeedee
|-damage|p1a: Indeedee|0 fnt
|faint|p1a: Indeedee
|
|-heal|p2a: Gholdengo|93/100 brn|[from] item: Leftovers
|-damage|p2a: Gholdengo|87/100 brn|[from] brn
|upkeep
|
|t:|1757829941
|switch|p1a: Lokix|Lokix, M, tera:Bug|100/100
|turn|33
|
|t:|1757829952
|move|p1a: Lokix|U-turn|p2a: Gholdengo
|-resisted|p2a: Gholdengo
|-damage|p2a: Gholdengo|56/100 brn
|move|p2a: Gholdengo|Dazzling Gleam|p1a: Lokix
|-damage|p1a: Lokix|0 fnt
|faint|p1a: Lokix
|
|win|Lesnikovsky
|raw|kirasai's rating: 1104 &rarr; <strong>1081</strong><br />(-23 for losing)
|raw|Lesnikovsky's rating: 1128 &rarr; <strong>1151</strong><br />(+23 for winning)
|l|☆kirasai
|player|p1|
|l|☆Lesnikovsky
|player|p2|
