|j|☆reisszx
|j|☆Sonzaisonder
|t:|1757843586
|gametype|singles
|player|p1|reisszx|red|1382
|player|p2|Sonzaisonder|steven|1417
|gen|9
|tier|[Gen 9] OU
|rated|
|rule|HP Percentage Mod: HP is shown in percentages
|rule|Endless Battle Clause: Forcing endless battles is banned
|rule|Species Clause: Limit one of each Pokémon
|rule|OHKO Clause: OHKO moves are banned
|rule|Evasion Items Clause: Evasion items are banned
|rule|Evasion Moves Clause: Evasion moves are banned
|rule|Evasion Abilities Clause: Evasion abilities are banned
|rule|Sleep Moves Clause: Sleep-inducing moves are banned
|clearpoke
|poke|p1|Blaziken, F|
|poke|p1|Dragapult, F|
|poke|p1|Comfey, F|
|poke|p1|Glimmora, F|
|poke|p1|Kingambit, M|
|poke|p1|Ogerpon-Wellspring, F|
|poke|p2|Slowking-Galar, F|
|poke|p2|Great Tusk|
|poke|p2|Hoopa-Unbound|
|poke|p2|Alomomola, M|
|poke|p2|Zamazenta-*|
|poke|p2|Raging Bolt|
|teampreview
|inactive|Battle timer is ON: inactive players will automatically lose when time's up. (requested by reisszx)
|
|t:|1757843600
|teamsize|p1|6
|teamsize|p2|6
|start
|switch|p1a: Glimmora|Glimmora, F, shiny|100/100
|switch|p2a: Slowking|Slowking-Galar, F|100/100
|turn|1
|
|t:|1757843616
|move|p1a: Glimmora|Stealth Rock|p2a: Slowking
|-sidestart|p2: Sonzaisonder|move: Stealth Rock
|move|p2a: Slowking|Future Sight|p1a: Glimmora
|-start|p2a: Slowking|move: Future Sight
|
|upkeep
|turn|2
|
|t:|1757843624
|switch|p1a: Blaziken|Blaziken, F, shiny|100/100
|move|p2a: Slowking|Sludge Bomb|p1a: Blaziken
|-damage|p1a: Blaziken|48/100
|-status|p1a: Blaziken|psn
|
|-damage|p1a: Blaziken|36/100 psn|[from] psn
|upkeep
|turn|3
|
|t:|1757843634
|switch|p2a: Alomomola|Alomomola, M|100/100
|move|p1a: Blaziken|Protect||[still]
|-fail|p1a: Blaziken
|
|-end|p1a: Blaziken|move: Future Sight
|-supereffective|p1a: Blaziken
|-damage|p1a: Blaziken|0 fnt
|faint|p1a: Blaziken
|upkeep
|
|t:|1757843644
|switch|p1a: Ogerpon|Ogerpon-Wellspring, F|100/100
|turn|4
|
|t:|1757843648
|switch|p2a: Raging Bolt|Raging Bolt|100/100
|move|p1a: Ogerpon|U-turn|p2a: Raging Bolt
|-damage|p2a: Raging Bolt|72/100
|
|t:|1757843654
|switch|p1a: Glimmora|Glimmora, F, shiny|100/100|[from] U-turn
|
|upkeep
|turn|5
|
|t:|1757843664
|move|p1a: Glimmora|Earth Power|p2a: Raging Bolt
|-supereffective|p2a: Raging Bolt
|-damage|p2a: Raging Bolt|11/100
|move|p2a: Raging Bolt|Volt Switch|p1a: Glimmora
|-damage|p1a: Glimmora|44/100
|
|t:|1757843681
|-end|p2a: Raging Bolt|Protosynthesis|[silent]
|switch|p2a: Alomomola|Alomomola, M|100/100|[from] Volt Switch
|
|upkeep
|turn|6
|
|t:|1757843698
|move|p1a: Glimmora|Mortal Spin|p2a: Alomomola
|-damage|p2a: Alomomola|96/100
|-status|p2a: Alomomola|psn
|move|p2a: Alomomola|Wish|p2a: Alomomola
|
|-damage|p2a: Alomomola|84/100 psn|[from] psn
|upkeep
|turn|7
|
|t:|1757843706
|switch|p2a: Raging Bolt|Raging Bolt|11/100
|move|p1a: Glimmora|Earth Power|p2a: Raging Bolt
|-supereffective|p2a: Raging Bolt
|-damage|p2a: Raging Bolt|0 fnt
|faint|p2a: Raging Bolt
|-end|p2a: Raging Bolt|Protosynthesis|[silent]
|
|upkeep
|
|t:|1757843734
|switch|p2a: Great Tusk|Great Tusk|100/100
|turn|8
|
|t:|1757843744
|switch|p1a: Dragapult|Dragapult, F, shiny|100/100
|move|p2a: Great Tusk|Headlong Rush|p1a: Dragapult
|-damage|p1a: Dragapult|19/100
|-unboost|p2a: Great Tusk|def|1
|-unboost|p2a: Great Tusk|spd|1
|
|upkeep
|turn|9
|
|t:|1757843757
|-end|p2a: Great Tusk|Protosynthesis|[silent]
|switch|p2a: Alomomola|Alomomola, M|100/100 psn
|move|p1a: Dragapult|Draco Meteor|p2a: Alomomola
|-damage|p2a: Alomomola|43/100 psn
|-unboost|p1a: Dragapult|spa|2
|-damage|p1a: Dragapult|9/100|[from] item: Life Orb
|
|-damage|p2a: Alomomola|31/100 psn|[from] psn
|upkeep
|turn|10
|
|t:|1757843764
|switch|p2a: Slowking|Slowking-Galar, F|100/100
|move|p1a: Dragapult|Dragon Darts|p2a: Slowking
|-damage|p2a: Slowking|75/100
|-anim|p1a: Dragapult|Dragon Darts|p2a: Slowking
|-damage|p2a: Slowking|46/100
|-damage|p1a: Dragapult|0 fnt|[from] item: Life Orb
|faint|p1a: Dragapult
|
|upkeep
|
|t:|1757843774
|switch|p1a: Ogerpon|Ogerpon-Wellspring, F|100/100
|turn|11
|
|t:|1757843794
|move|p1a: Ogerpon|Ivy Cudgel|p2a: Slowking|[anim] Ivy Cudgel Water
|-crit|p2a: Slowking
|-damage|p2a: Slowking|0 fnt
|faint|p2a: Slowking
|
|upkeep
|
|t:|1757843804
|switch|p2a: Zamazenta|Zamazenta|100/100
|-damage|p2a: Zamazenta|94/100|[from] Stealth Rock
|-ability|p2a: Zamazenta|Dauntless Shield|boost
|-boost|p2a: Zamazenta|def|1
|turn|12
|
|t:|1757843828
|switch|p1a: Glimmora|Glimmora, F, shiny|44/100
|move|p2a: Zamazenta|Iron Defense|p2a: Zamazenta
|-boost|p2a: Zamazenta|def|2
|
|-heal|p2a: Zamazenta|100/100|[from] item: Leftovers
|upkeep
|turn|13
|
|t:|1757843835
|move|p2a: Zamazenta|Body Press|p1a: Glimmora
|-damage|p1a: Glimmora|0 fnt
|-activate|p1a: Glimmora|ability: Toxic Debris
|-sidestart|p2: Sonzaisonder|move: Toxic Spikes
|faint|p1a: Glimmora
|
|upkeep
|
|t:|1757843837
|switch|p1a: Comfey|Comfey, F, shiny|100/100
|turn|14
|inactive|reisszx has 120 seconds left.
|
|t:|1757843870
|-terastallize|p2a: Zamazenta|Fire
|move|p1a: Comfey|Draining Kiss|p2a: Zamazenta
|-resisted|p2a: Zamazenta
|-damage|p2a: Zamazenta|89/100
|-damage|p1a: Comfey|91/100|[from] item: Life Orb
|move|p2a: Zamazenta|Iron Defense|p2a: Zamazenta
|-boost|p2a: Zamazenta|def|2
|
|-heal|p2a: Zamazenta|96/100|[from] item: Leftovers
|upkeep
|turn|15
|
|t:|1757843883
|move|p2a: Zamazenta|Body Press|p1a: Comfey
|-resisted|p1a: Comfey
|-damage|p1a: Comfey|22/100
|move|p1a: Comfey|Calm Mind|p1a: Comfey
|-boost|p1a: Comfey|spa|1
|-boost|p1a: Comfey|spd|1
|
|-heal|p2a: Zamazenta|100/100|[from] item: Leftovers
|upkeep
|turn|16
|
|t:|1757843894
|-terastallize|p1a: Comfey|Ground
|move|p2a: Zamazenta|Body Press|p1a: Comfey
|-damage|p1a: Comfey|0 fnt
|faint|p1a: Comfey
|
|upkeep
|
|t:|1757843898
|switch|p1a: Ogerpon|Ogerpon-Wellspring, F|100/100
|turn|17
|-message|reisszx forfeited.
|
|win|Sonzaisonder
|raw|reisszx's rating: 1382 &rarr; <strong>1364</strong><br />(-18 for losing)
|raw|Sonzaisonder's rating: 1417 &rarr; <strong>1435</strong><br />(+18 for winning)
|l|☆reisszx
|player|p1|
