|j|☆Dedenzz8
|j|☆franfox7u7r
|t:|1757895881
|gametype|singles
|player|p1|Dedenzz8|265|1321
|player|p2|franfox7u7r|harlequin|1315
|gen|9
|tier|[Gen 9] OU
|rated|
|rule|HP Percentage Mod: HP is shown in percentages
|rule|Endless Battle Clause: Forcing endless battles is banned
|rule|Species Clause: Limit one of each Pokémon
|rule|OHKO Clause: OHKO moves are banned
|rule|Evasion Items Clause: Evasion items are banned
|rule|Evasion Moves Clause: Evasion moves are banned
|rule|Evasion Abilities Clause: Evasion abilities are banned
|rule|Sleep Moves Clause: Sleep-inducing moves are banned
|clearpoke
|poke|p1|Samurott-Hisui, F|
|poke|p1|Hatterene, F|
|poke|p1|Meowscarada, F|
|poke|p1|Iron Moth|
|poke|p1|Corviknight, M|
|poke|p1|Landorus-Therian, M|
|poke|p2|Pecharunt|
|poke|p2|Munkidori, M|
|poke|p2|Okidogi, M|
|poke|p2|Fezandipiti, M|
|poke|p2|Muk-Alola, M|
|poke|p2|Weezing-Galar, M|
|teampreview
|
|t:|1757895893
|teamsize|p1|6
|teamsize|p2|6
|start
|switch|p1a: Landorus|Landorus-Therian, M|100/100
|switch|p2a: Munkidori|Munkidori, M|100/100
|-ability|p1a: Landorus|Intimidate|boost
|-unboost|p2a: Munkidori|atk|1
|turn|1
|
|t:|1757895902
|move|p1a: Landorus|Earthquake|p2a: Munkidori
|-supereffective|p2a: Munkidori
|-damage|p2a: Munkidori|0 fnt
|faint|p2a: Munkidori
|
|upkeep
|
|t:|1757895916
|switch|p2a: Weezing|Weezing-Galar, M|100/100
|turn|2
|inactive|Battle timer is ON: inactive players will automatically lose when time's up. (requested by Dedenzz8)
|
|t:|1757895928
|switch|p1a: Hatterene|Hatterene, F|100/100
|switch|p2a: Muk|Muk-Alola, M|100/100
|
|upkeep
|turn|3
|
|t:|1757895942
|move|p2a: Muk|Curse|p2a: Muk
|-unboost|p2a: Muk|spe|1
|-boost|p2a: Muk|atk|1
|-boost|p2a: Muk|def|1
|move|p1a: Hatterene|Nuzzle|p2a: Muk
|-damage|p2a: Muk|98/100
|-status|p2a: Muk|par
|
|-heal|p2a: Muk|100/100 par|[from] item: Black Sludge
|upkeep
|turn|4
|
|t:|1757895949
|switch|p1a: Landorus|Landorus-Therian, M|100/100
|-ability|p1a: Landorus|Intimidate|boost
|-unboost|p2a: Muk|atk|1
|move|p2a: Muk|Curse|p2a: Muk
|-unboost|p2a: Muk|spe|1
|-boost|p2a: Muk|atk|1
|-boost|p2a: Muk|def|1
|
|upkeep
|turn|5
|
|t:|1757895956
|-terastallize|p2a: Muk|Flying
|move|p1a: Landorus|Earthquake|p2a: Muk
|-immune|p2a: Muk
|move|p2a: Muk|Curse|p2a: Muk
|-unboost|p2a: Muk|spe|1
|-boost|p2a: Muk|atk|1
|-boost|p2a: Muk|def|1
|
|-damage|p2a: Muk|88/100 par|[from] item: Black Sludge
|upkeep
|turn|6
|
|t:|1757895968
|switch|p1a: Corviknight|Corviknight, M|100/100
|-ability|p1a: Corviknight|Pressure
|cant|p2a: Muk|par
|
|-damage|p2a: Muk|76/100 par|[from] item: Black Sludge
|upkeep
|turn|7
|
|t:|1757895977
|move|p1a: Corviknight|U-turn|p2a: Muk
|-resisted|p2a: Muk
|-damage|p2a: Muk|73/100 par
|
|t:|1757895983
|switch|p1a: Hatterene|Hatterene, F|100/100|[from] U-turn
|move|p2a: Muk|Knock Off|p1a: Hatterene
|-damage|p1a: Hatterene|30/100
|-enditem|p1a: Hatterene|Leftovers|[from] move: Knock Off|[of] p2a: Muk
|
|-damage|p2a: Muk|60/100 par|[from] item: Black Sludge
|upkeep
|turn|8
|
|t:|1757896004
|move|p2a: Muk|Shadow Sneak|p1a: Hatterene
|-supereffective|p1a: Hatterene
|-damage|p1a: Hatterene|0 fnt
|faint|p1a: Hatterene
|
|-damage|p2a: Muk|48/100 par|[from] item: Black Sludge
|upkeep
|
|t:|1757896009
|switch|p1a: Iron Moth|Iron Moth|100/100
|-enditem|p1a: Iron Moth|Booster Energy
|-activate|p1a: Iron Moth|ability: Quark Drive|[fromitem]
|-start|p1a: Iron Moth|quarkdrivespe
|turn|9
|
|t:|1757896017
|move|p1a: Iron Moth|Substitute|p1a: Iron Moth
|-start|p1a: Iron Moth|Substitute
|-damage|p1a: Iron Moth|76/100
|move|p2a: Muk|Knock Off|p1a: Iron Moth
|-end|p1a: Iron Moth|Substitute
|
|-damage|p2a: Muk|36/100 par|[from] item: Black Sludge
|upkeep
|turn|10
|
|t:|1757896025
|move|p1a: Iron Moth|Fiery Dance|p2a: Muk
|-damage|p2a: Muk|9/100 par
|-boost|p1a: Iron Moth|spa|1
|move|p2a: Muk|Knock Off|p1a: Iron Moth
|-damage|p1a: Iron Moth|0 fnt
|faint|p1a: Iron Moth
|-end|p1a: Iron Moth|Quark Drive|[silent]
|
|-damage|p2a: Muk|0 fnt|[from] item: Black Sludge
|faint|p2a: Muk
|upkeep
|
|t:|1757896038
|switch|p1a: Samurott|Samurott-Hisui, F|100/100
|switch|p2a: Weezing|Weezing-Galar, M|100/100
|turn|11
|
|t:|1757896045
|move|p1a: Samurott|Ceaseless Edge|p2a: Weezing
|-resisted|p2a: Weezing
|-damage|p2a: Weezing|85/100
|-sidestart|p2: franfox7u7r|Spikes
|move|p2a: Weezing|Will-O-Wisp|p1a: Samurott
|-status|p1a: Samurott|brn
|
|-heal|p2a: Weezing|91/100|[from] item: Leftovers
|-damage|p1a: Samurott|94/100 brn|[from] brn
|upkeep
|turn|12
|
|t:|1757896054
|move|p1a: Samurott|Ceaseless Edge|p2a: Weezing
|-resisted|p2a: Weezing
|-damage|p2a: Weezing|83/100
|-sidestart|p2: franfox7u7r|Spikes
|move|p2a: Weezing|Defog|p1a: Samurott
|-unboost|p1a: Samurott|evasion|1
|-sideend|p2: franfox7u7r|Spikes|[from] move: Defog|[of] p2a: Weezing
|
|-heal|p2a: Weezing|89/100|[from] item: Leftovers
|-damage|p1a: Samurott|88/100 brn|[from] brn
|upkeep
|turn|13
|
|t:|1757896061
|switch|p1a: Corviknight|Corviknight, M|100/100
|-ability|p1a: Corviknight|Pressure
|move|p2a: Weezing|Strange Steam|p1a: Corviknight
|-resisted|p1a: Corviknight
|-damage|p1a: Corviknight|88/100
|
|-heal|p2a: Weezing|95/100|[from] item: Leftovers
|upkeep
|turn|14
|
|t:|1757896069
|move|p1a: Corviknight|Brave Bird|p2a: Weezing
|-damage|p2a: Weezing|72/100
|-damage|p1a: Corviknight|82/100|[from] Recoil
|move|p2a: Weezing|Will-O-Wisp|p1a: Corviknight
|-status|p1a: Corviknight|brn
|
|-heal|p2a: Weezing|78/100|[from] item: Leftovers
|-damage|p1a: Corviknight|76/100 brn|[from] brn
|upkeep
|turn|15
|
|t:|1757896082
|switch|p2a: Pecharunt|Pecharunt|100/100
|move|p1a: Corviknight|Brave Bird|p2a: Pecharunt
|-damage|p2a: Pecharunt|90/100
|-damage|p1a: Corviknight|59/100 brn|[from] item: Rocky Helmet|[of] p2a: Pecharunt
|-damage|p1a: Corviknight|56/100 brn|[from] Recoil
|
|-damage|p1a: Corviknight|50/100 brn|[from] brn
|upkeep
|turn|16
|
|t:|1757896092
|move|p2a: Pecharunt|Nasty Plot|p2a: Pecharunt
|-boost|p2a: Pecharunt|spa|2
|move|p1a: Corviknight|Roost|p1a: Corviknight
|-heal|p1a: Corviknight|99/100 brn
|-singleturn|p1a: Corviknight|move: Roost
|
|-damage|p1a: Corviknight|94/100 brn|[from] brn
|upkeep
|turn|17
|
|t:|1757896106
|move|p2a: Pecharunt|Malignant Chain|p1a: Corviknight
|-immune|p1a: Corviknight
|move|p1a: Corviknight|U-turn|p2a: Pecharunt
|-resisted|p2a: Pecharunt
|-damage|p2a: Pecharunt|89/100
|-damage|p1a: Corviknight|78/100 brn|[from] item: Rocky Helmet|[of] p2a: Pecharunt
|
|t:|1757896115
|switch|p1a: Landorus|Landorus-Therian, M|100/100|[from] U-turn
|-ability|p1a: Landorus|Intimidate|boost
|-unboost|p2a: Pecharunt|atk|1
|
|upkeep
|turn|18
|
|t:|1757896118
|move|p1a: Landorus|Earthquake|p2a: Pecharunt
|-supereffective|p2a: Pecharunt
|-damage|p2a: Pecharunt|14/100
|move|p2a: Pecharunt|Malignant Chain|p1a: Landorus
|-resisted|p1a: Landorus
|-damage|p1a: Landorus|45/100
|
|upkeep
|turn|19
|
|t:|1757896128
|switch|p2a: Weezing|Weezing-Galar, M|78/100
|move|p1a: Landorus|Earthquake|p2a: Weezing
|-immune|p2a: Weezing|[from] ability: Levitate
|
|-heal|p2a: Weezing|84/100|[from] item: Leftovers
|upkeep
|turn|20
|
|t:|1757896137
|switch|p1a: Corviknight|Corviknight, M|78/100 brn
|-ability|p1a: Corviknight|Pressure
|switch|p2a: Pecharunt|Pecharunt|14/100
|
|-damage|p1a: Corviknight|72/100 brn|[from] brn
|upkeep
|turn|21
|
|t:|1757896140
|move|p2a: Pecharunt|Recover|p2a: Pecharunt
|-heal|p2a: Pecharunt|64/100
|move|p1a: Corviknight|Brave Bird|p2a: Pecharunt
|-damage|p2a: Pecharunt|53/100
|-damage|p1a: Corviknight|55/100 brn|[from] item: Rocky Helmet|[of] p2a: Pecharunt
|-damage|p1a: Corviknight|51/100 brn|[from] Recoil
|
|-damage|p1a: Corviknight|45/100 brn|[from] brn
|upkeep
|turn|22
|
|t:|1757896146
|move|p2a: Pecharunt|Recover|p2a: Pecharunt
|-heal|p2a: Pecharunt|100/100
|move|p1a: Corviknight|Roost|p1a: Corviknight
|-heal|p1a: Corviknight|95/100 brn
|-singleturn|p1a: Corviknight|move: Roost
|
|-damage|p1a: Corviknight|89/100 brn|[from] brn
|upkeep
|turn|23
|
|t:|1757896152
|move|p2a: Pecharunt|Hex|p1a: Corviknight
|-damage|p1a: Corviknight|41/100 brn
|move|p1a: Corviknight|U-turn|p2a: Pecharunt
|-resisted|p2a: Pecharunt
|-damage|p2a: Pecharunt|99/100
|-damage|p1a: Corviknight|25/100 brn|[from] item: Rocky Helmet|[of] p2a: Pecharunt
|
|t:|1757896155
|switch|p1a: Meowscarada|Meowscarada, F|100/100|[from] U-turn
|
|upkeep
|turn|24
|
|t:|1757896171
|switch|p2a: Okidogi|Okidogi, M|100/100
|move|p1a: Meowscarada|Knock Off|p2a: Okidogi
|-start|p1a: Meowscarada|typechange|Dark|[from] ability: Protean
|-resisted|p2a: Okidogi
|-damage|p2a: Okidogi|68/100
|-enditem|p2a: Okidogi|Choice Scarf|[from] move: Knock Off|[of] p1a: Meowscarada
|
|upkeep
|turn|25
|
|t:|1757896184
|switch|p1a: Corviknight|Corviknight, M|25/100 brn
|-ability|p1a: Corviknight|Pressure
|move|p2a: Okidogi|Drain Punch|p1a: Corviknight
|-damage|p1a: Corviknight|0 fnt
|-heal|p2a: Okidogi|84/100|[from] drain|[of] p1a: Corviknight
|-damage|p2a: Okidogi|67/100|[from] item: Rocky Helmet|[of] p1a: Corviknight
|faint|p1a: Corviknight
|
|upkeep
|
|t:|1757896189
|switch|p1a: Landorus|Landorus-Therian, M|45/100
|-ability|p1a: Landorus|Intimidate|boost
|-unboost|p2a: Okidogi|atk|1
|turn|26
|
|t:|1757896194
|switch|p2a: Weezing|Weezing-Galar, M|84/100
|move|p1a: Landorus|U-turn|p2a: Weezing
|-resisted|p2a: Weezing
|-crit|p2a: Weezing
|-damage|p2a: Weezing|77/100
|
|t:|1757896197
|switch|p1a: Meowscarada|Meowscarada, F|100/100|[from] U-turn
|
|-heal|p2a: Weezing|83/100|[from] item: Leftovers
|upkeep
|turn|27
|
|t:|1757896205
|move|p1a: Meowscarada|Knock Off|p2a: Weezing
|-start|p1a: Meowscarada|typechange|Dark|[from] ability: Protean
|-resisted|p2a: Weezing
|-damage|p2a: Weezing|62/100
|-enditem|p2a: Weezing|Leftovers|[from] move: Knock Off|[of] p1a: Meowscarada
|move|p2a: Weezing|Will-O-Wisp|p1a: Meowscarada
|-status|p1a: Meowscarada|brn
|
|-damage|p1a: Meowscarada|94/100 brn|[from] brn
|upkeep
|turn|28
|
|t:|1757896216
|switch|p1a: Samurott|Samurott-Hisui, F|88/100 brn
|move|p2a: Weezing|Strange Steam|p1a: Samurott
|-supereffective|p1a: Samurott
|-damage|p1a: Samurott|7/100 brn
|
|-damage|p1a: Samurott|1/100 brn|[from] brn
|upkeep
|turn|29
|
|t:|1757896223
|move|p1a: Samurott|Aqua Cutter|p2a: Weezing
|-crit|p2a: Weezing
|-damage|p2a: Weezing|36/100
|move|p2a: Weezing|Defog|p1a: Samurott
|-unboost|p1a: Samurott|evasion|1
|
|-damage|p1a: Samurott|0 fnt|[from] brn
|faint|p1a: Samurott
|upkeep
|
|t:|1757896230
|switch|p1a: Landorus|Landorus-Therian, M|45/100
|-ability|p1a: Landorus|Intimidate|boost
|-unboost|p2a: Weezing|atk|1
|turn|30
|
|t:|1757896235
|switch|p2a: Pecharunt|Pecharunt|99/100
|move|p1a: Landorus|Stone Edge|p2a: Pecharunt
|-damage|p2a: Pecharunt|73/100
|
|upkeep
|turn|31
|
|t:|1757896242
|switch|p1a: Meowscarada|Meowscarada, F|94/100 brn
|move|p2a: Pecharunt|Malignant Chain|p1a: Meowscarada
|-supereffective|p1a: Meowscarada
|-damage|p1a: Meowscarada|0 fnt
|faint|p1a: Meowscarada
|
|upkeep
|
|t:|1757896245
|switch|p1a: Landorus|Landorus-Therian, M|45/100
|-ability|p1a: Landorus|Intimidate|boost
|-unboost|p2a: Pecharunt|atk|1
|turn|32
|
|t:|1757896250
|move|p1a: Landorus|Stone Edge|p2a: Pecharunt
|-damage|p2a: Pecharunt|49/100
|move|p2a: Pecharunt|Malignant Chain|p1a: Landorus
|-resisted|p1a: Landorus
|-damage|p1a: Landorus|16/100
|
|upkeep
|turn|33
|
|t:|1757896257
|move|p1a: Landorus|Stone Edge|p2a: Pecharunt|[miss]
|-miss|p1a: Landorus|p2a: Pecharunt
|move|p2a: Pecharunt|Malignant Chain|p1a: Landorus
|-resisted|p1a: Landorus
|-damage|p1a: Landorus|0 fnt
|faint|p1a: Landorus
|
|win|franfox7u7r
|raw|Dedenzz8's rating: 1321 &rarr; <strong>1301</strong><br />(-20 for losing)
|raw|franfox7u7r's rating: 1315 &rarr; <strong>1335</strong><br />(+20 for winning)
|l|☆Dedenzz8
|player|p1|
|l|☆franfox7u7r
|player|p2|
