|j|☆ablazekicked
|j|☆Shduhsjejdhdjd
|t:|1757832332
|gametype|singles
|player|p1|ablazekicked|byron|1118
|player|p2|Shduhsjejdhdjd|266|1131
|gen|9
|tier|[Gen 9] OU
|rated|
|rule|HP Percentage Mod: HP is shown in percentages
|rule|Endless Battle Clause: Forcing endless battles is banned
|rule|Species Clause: Limit one of each Pokémon
|rule|OHKO Clause: OHKO moves are banned
|rule|Evasion Items Clause: Evasion items are banned
|rule|Evasion Moves Clause: Evasion moves are banned
|rule|Evasion Abilities Clause: Evasion abilities are banned
|rule|Sleep Moves Clause: Sleep-inducing moves are banned
|clearpoke
|poke|p1|Rillaboom, F|
|poke|p1|Slowking-Galar, F|
|poke|p1|Ceruledge, F|
|poke|p1|Kyurem|
|poke|p1|Enamorus, F|
|poke|p1|Great Tusk|
|poke|p2|Chandelure, F|
|poke|p2|Haxorus, M|
|poke|p2|Krookodile, F|
|poke|p2|Whimsicott, F|
|poke|p2|Samurott-Hisui, F|
|poke|p2|Scizor, F|
|teampreview
|
|t:|1757832346
|teamsize|p1|6
|teamsize|p2|6
|start
|switch|p1a: Enamorus|Enamorus, F|100/100
|switch|p2a: Scizor|Scizor, F|100/100
|turn|1
|
|t:|1757832370
|switch|p1a: Ceruledge|Ceruledge, F|100/100
|move|p2a: Scizor|U-turn|p1a: Ceruledge
|-resisted|p1a: Ceruledge
|-damage|p1a: Ceruledge|79/100
|-ability|p1a: Ceruledge|Weak Armor|boost
|-unboost|p1a: Ceruledge|def|1
|-boost|p1a: Ceruledge|spe|2
|
|t:|1757832379
|switch|p2a: Samurott|Samurott-Hisui, F|100/100|[from] U-turn
|
|upkeep
|turn|2
|
|t:|1757832384
|switch|p1a: Kyurem|Kyurem|100/100
|-ability|p1a: Kyurem|Pressure
|move|p2a: Samurott|Aqua Jet|p1a: Kyurem
|-resisted|p1a: Kyurem
|-damage|p1a: Kyurem|90/100
|-damage|p2a: Samurott|91/100|[from] item: Life Orb
|
|upkeep
|turn|3
|
|t:|1757832398
|switch|p2a: Whimsicott|Whimsicott, F, shiny|100/100
|move|p1a: Kyurem|Draco Meteor|p2a: Whimsicott
|-immune|p2a: Whimsicott
|
|upkeep
|turn|4
|
|t:|1757832403
|switch|p1a: Ceruledge|Ceruledge, F|79/100
|move|p2a: Whimsicott|Encore||[still]
|-fail|p2a: Whimsicott
|
|upkeep
|turn|5
|
|t:|1757832415
|switch|p2a: Chandelure|Chandelure, F|100/100
|move|p1a: Ceruledge|Poltergeist|p2a: Chandelure
|-activate|p2a: Chandelure|move: Poltergeist|Choice Scarf
|-supereffective|p2a: Chandelure
|-damage|p2a: Chandelure|0 fnt
|faint|p2a: Chandelure
|
|upkeep
|
|t:|1757832423
|switch|p2a: Krookodile|Krookodile, F|100/100
|turn|6
|
|t:|1757832431
|switch|p1a: Rillaboom|Rillaboom, F|100/100
|-fieldstart|move: Grassy Terrain|[from] ability: Grassy Surge|[of] p1a: Rillaboom
|move|p2a: Krookodile|Bulk Up|p2a: Krookodile
|-boost|p2a: Krookodile|atk|1
|-boost|p2a: Krookodile|def|1
|
|upkeep
|turn|7
|
|t:|1757832446
|-terastallize|p1a: Rillaboom|Grass
|move|p1a: Rillaboom|Grassy Glide|p2a: Krookodile
|-supereffective|p2a: Krookodile
|-damage|p2a: Krookodile|0 fnt
|faint|p2a: Krookodile
|
|upkeep
|inactive|Battle timer is ON: inactive players will automatically lose when time's up. (requested by ablazekicked)
|-message|Shduhsjejdhdjd forfeited.
|
|win|ablazekicked
|raw|ablazekicked's rating: 1118 &rarr; <strong>1144</strong><br />(+26 for winning)
|raw|Shduhsjejdhdjd's rating: 1131 &rarr; <strong>1105</strong><br />(-26 for losing)
|l|☆Shduhsjejdhdjd
|player|p2|
|l|☆ablazekicked
|player|p1|
