|j|☆sleep2501340442
|j|☆pipiadam3167
|t:|1757830679
|gametype|singles
|player|p1|sleep2501340442|idol|1594
|player|p2|pipiadam3167|psychic|1580
|gen|9
|tier|[Gen 9] OU
|rated|
|rule|HP Percentage Mod: HP is shown in percentages
|rule|Endless Battle Clause: Forcing endless battles is banned
|rule|Species Clause: Limit one of each Pokémon
|rule|OHKO Clause: OHKO moves are banned
|rule|Evasion Items Clause: Evasion items are banned
|rule|Evasion Moves Clause: Evasion moves are banned
|rule|Evasion Abilities Clause: Evasion abilities are banned
|rule|Sleep Moves Clause: Sleep-inducing moves are banned
|clearpoke
|poke|p1|Garganacl, M|
|poke|p1|Ogerpon-Wellspring, F|
|poke|p1|Zamazenta-*|
|poke|p1|Dragapult, F|
|poke|p1|Iron Treads|
|poke|p1|Moltres|
|poke|p2|Glimmora, F|
|poke|p2|Ogerpon-Wellspring, F|
|poke|p2|Hatterene, F|
|poke|p2|Iron Moth|
|poke|p2|Dragonite, F|
|poke|p2|Kingambit, F|
|teampreview
|
|t:|1757830689
|teamsize|p1|6
|teamsize|p2|6
|start
|switch|p1a: Dragapult|Dragapult, F|100/100
|switch|p2a: Glimmora|Glimmora, F|100/100
|turn|1
|
|t:|1757830696
|move|p1a: Dragapult|Shadow Ball|p2a: Glimmora
|-crit|p2a: Glimmora
|-enditem|p2a: Glimmora|Focus Sash
|-damage|p2a: Glimmora|1/100
|move|p2a: Glimmora|Mud Shot|p1a: Dragapult
|-damage|p1a: Dragapult|73/100
|-unboost|p1a: Dragapult|spe|1
|
|upkeep
|turn|2
|
|t:|1757830735
|switch|p1a: Iron Treads|Iron Treads|100/100
|move|p2a: Glimmora|Mud Shot|p1a: Iron Treads
|-supereffective|p1a: Iron Treads
|-damage|p1a: Iron Treads|46/100
|-unboost|p1a: Iron Treads|spe|1
|
|-heal|p1a: Iron Treads|52/100|[from] item: Leftovers
|upkeep
|turn|3
|
|t:|1757830746
|move|p2a: Glimmora|Mud Shot|p1a: Iron Treads
|-supereffective|p1a: Iron Treads
|-damage|p1a: Iron Treads|0 fnt
|faint|p1a: Iron Treads
|-end|p1a: Iron Treads|Quark Drive|[silent]
|
|upkeep
|
|t:|1757830750
|switch|p1a: Dragapult|Dragapult, F|73/100
|turn|4
|
|t:|1757830752
|move|p1a: Dragapult|Shadow Ball|p2a: Glimmora
|-damage|p2a: Glimmora|0 fnt
|faint|p2a: Glimmora
|
|upkeep
|
|t:|1757830760
|switch|p2a: Kingambit|Kingambit, F|100/100
|-activate|p2a: Kingambit|ability: Supreme Overlord
|-start|p2a: Kingambit|fallen1|[silent]
|turn|5
|
|t:|1757830766
|switch|p1a: Moltres|Moltres|100/100
|move|p2a: Kingambit|Iron Head|p1a: Moltres
|-resisted|p1a: Moltres
|-damage|p1a: Moltres|82/100
|
|upkeep
|turn|6
|
|t:|1757830775
|-end|p2a: Kingambit|fallen1|[silent]
|switch|p2a: Hatterene|Hatterene, F|100/100
|move|p1a: Moltres|U-turn|p2a: Hatterene
|-damage|p2a: Hatterene|89/100
|
|t:|1757830780
|switch|p1a: Dragapult|Dragapult, F|73/100|[from] U-turn
|
|-heal|p2a: Hatterene|95/100|[from] item: Leftovers
|upkeep
|turn|7
|j| Nodragondanceinrb
|
|t:|1757830798
|-terastallize|p2a: Hatterene|Water
|move|p1a: Dragapult|Shadow Ball|p2a: Hatterene
|-damage|p2a: Hatterene|33/100
|move|p2a: Hatterene|Draining Kiss|p1a: Dragapult
|-supereffective|p1a: Dragapult
|-damage|p1a: Dragapult|16/100
|-heal|p2a: Hatterene|76/100|[from] drain|[of] p1a: Dragapult
|
|-heal|p2a: Hatterene|82/100|[from] item: Leftovers
|upkeep
|turn|8
|
|t:|1757830815
|switch|p1a: Garganacl|Garganacl, M|100/100
|move|p2a: Hatterene|Psychic Noise|p1a: Garganacl
|-damage|p1a: Garganacl|79/100
|-start|p1a: Garganacl|move: Heal Block
|
|-heal|p2a: Hatterene|88/100|[from] item: Leftovers
|upkeep
|turn|9
|
|t:|1757830843
|switch|p2a: Kingambit|Kingambit, F|100/100
|-activate|p2a: Kingambit|ability: Supreme Overlord
|-start|p2a: Kingambit|fallen1|[silent]
|move|p1a: Garganacl|Salt Cure|p2a: Kingambit
|-resisted|p2a: Kingambit
|-damage|p2a: Kingambit|95/100
|-start|p2a: Kingambit|Salt Cure
|
|-damage|p2a: Kingambit|70/100|[from] Salt Cure
|-end|p1a: Garganacl|move: Heal Block
|upkeep
|turn|10
|
|t:|1757830875
|switch|p1a: Moltres|Moltres|82/100
|move|p2a: Kingambit|Swords Dance|p2a: Kingambit
|-boost|p2a: Kingambit|atk|2
|
|-damage|p2a: Kingambit|45/100|[from] Salt Cure
|upkeep
|turn|11
|
|t:|1757830882
|move|p1a: Moltres|Will-O-Wisp|p2a: Kingambit
|-status|p2a: Kingambit|brn
|move|p2a: Kingambit|Kowtow Cleave|p1a: Moltres
|-damage|p1a: Moltres|35/100
|
|-damage|p2a: Kingambit|39/100 brn|[from] brn
|-damage|p2a: Kingambit|14/100 brn|[from] Salt Cure
|upkeep
|turn|12
|
|t:|1757830890
|move|p1a: Moltres|Roost|p1a: Moltres
|-heal|p1a: Moltres|85/100
|-singleturn|p1a: Moltres|move: Roost
|move|p2a: Kingambit|Kowtow Cleave|p1a: Moltres
|-damage|p1a: Moltres|40/100
|
|-damage|p2a: Kingambit|8/100 brn|[from] brn
|-damage|p2a: Kingambit|0 fnt|[from] Salt Cure
|faint|p2a: Kingambit
|-end|p2a: Kingambit|fallen1|[silent]
|upkeep
|
|t:|1757830908
|switch|p2a: Ogerpon|Ogerpon-Wellspring, F|100/100
|turn|13
|
|t:|1757830922
|switch|p1a: Ogerpon|Ogerpon-Wellspring, F|100/100
|move|p2a: Ogerpon|U-turn|p1a: Ogerpon
|-supereffective|p1a: Ogerpon
|-damage|p1a: Ogerpon|33/100
|
|t:|1757830926
|switch|p2a: Iron Moth|Iron Moth|100/100|[from] U-turn
|-enditem|p2a: Iron Moth|Booster Energy
|-activate|p2a: Iron Moth|ability: Quark Drive|[fromitem]
|-start|p2a: Iron Moth|quarkdrivespe
|
|upkeep
|turn|14
|
|t:|1757830936
|switch|p1a: Garganacl|Garganacl, M|79/100
|move|p2a: Iron Moth|Sludge Wave|p1a: Garganacl
|-resisted|p1a: Garganacl
|-damage|p1a: Garganacl|64/100
|
|-heal|p1a: Garganacl|70/100|[from] item: Leftovers
|upkeep
|turn|15
|
|t:|1757830956
|move|p2a: Iron Moth|Fiery Dance|p1a: Garganacl
|-resisted|p1a: Garganacl
|-damage|p1a: Garganacl|57/100
|move|p1a: Garganacl|Salt Cure|p2a: Iron Moth
|-supereffective|p2a: Iron Moth
|-damage|p2a: Iron Moth|59/100
|-start|p2a: Iron Moth|Salt Cure
|
|-heal|p1a: Garganacl|63/100|[from] item: Leftovers
|-damage|p2a: Iron Moth|46/100|[from] Salt Cure
|upkeep
|turn|16
|
|t:|1757830965
|move|p2a: Iron Moth|Fiery Dance|p1a: Garganacl
|-resisted|p1a: Garganacl
|-damage|p1a: Garganacl|50/100
|-boost|p2a: Iron Moth|spa|1
|move|p1a: Garganacl|Recover|p1a: Garganacl
|-heal|p1a: Garganacl|99/100
|
|-heal|p1a: Garganacl|100/100|[from] item: Leftovers
|-damage|p2a: Iron Moth|34/100|[from] Salt Cure
|upkeep
|turn|17
|
|t:|1757830974
|move|p2a: Iron Moth|Fiery Dance|p1a: Garganacl
|-resisted|p1a: Garganacl
|-damage|p1a: Garganacl|81/100
|move|p1a: Garganacl|Curse|p1a: Garganacl
|-unboost|p1a: Garganacl|spe|1
|-boost|p1a: Garganacl|atk|1
|-boost|p1a: Garganacl|def|1
|
|-heal|p1a: Garganacl|88/100|[from] item: Leftovers
|-damage|p2a: Iron Moth|22/100|[from] Salt Cure
|upkeep
|turn|18
|
|t:|1757830986
|move|p1a: Garganacl|Protect|p1a: Garganacl
|-singleturn|p1a: Garganacl|Protect
|move|p2a: Iron Moth|Fiery Dance|p1a: Garganacl
|-activate|p1a: Garganacl|move: Protect
|
|-heal|p1a: Garganacl|94/100|[from] item: Leftovers
|-damage|p2a: Iron Moth|9/100|[from] Salt Cure
|upkeep
|turn|19
|
|t:|1757830998
|move|p2a: Iron Moth|Fiery Dance|p1a: Garganacl
|-resisted|p1a: Garganacl
|-damage|p1a: Garganacl|74/100
|move|p1a: Garganacl|Curse|p1a: Garganacl
|-unboost|p1a: Garganacl|spe|1
|-boost|p1a: Garganacl|atk|1
|-boost|p1a: Garganacl|def|1
|
|-heal|p1a: Garganacl|80/100|[from] item: Leftovers
|-damage|p2a: Iron Moth|0 fnt|[from] Salt Cure
|faint|p2a: Iron Moth
|-end|p2a: Iron Moth|Quark Drive|[silent]
|upkeep
|
|t:|1757831008
|switch|p2a: Dragonite|Dragonite, F|100/100
|turn|20
|
|t:|1757831012
|move|p2a: Dragonite|Encore|p1a: Garganacl
|-start|p1a: Garganacl|Encore
|move|p1a: Garganacl|Curse|p1a: Garganacl
|-unboost|p1a: Garganacl|spe|1
|-boost|p1a: Garganacl|atk|1
|-boost|p1a: Garganacl|def|1
|
|-heal|p1a: Garganacl|86/100|[from] item: Leftovers
|upkeep
|turn|21
|
|t:|1757831019
|switch|p1a: Moltres|Moltres|40/100
|move|p2a: Dragonite|Dragon Dance|p2a: Dragonite
|-boost|p2a: Dragonite|atk|1
|-boost|p2a: Dragonite|spe|1
|
|upkeep
|turn|22
|
|t:|1757831026
|move|p2a: Dragonite|Dragon Dance|p2a: Dragonite
|-boost|p2a: Dragonite|atk|1
|-boost|p2a: Dragonite|spe|1
|move|p1a: Moltres|Will-O-Wisp|p2a: Dragonite
|-status|p2a: Dragonite|brn
|-enditem|p2a: Dragonite|Lum Berry|[eat]
|-curestatus|p2a: Dragonite|brn|[msg]
|
|upkeep
|turn|23
|
|t:|1757831034
|move|p2a: Dragonite|Ice Spinner|p1a: Moltres
|-damage|p1a: Moltres|0 fnt
|faint|p1a: Moltres
|
|upkeep
|
|t:|1757831045
|switch|p1a: Garganacl|Garganacl, M|86/100
|turn|24
|
|t:|1757831055
|-terastallize|p1a: Garganacl|Water
|move|p2a: Dragonite|Dragon Dance|p2a: Dragonite
|-boost|p2a: Dragonite|atk|1
|-boost|p2a: Dragonite|spe|1
|move|p1a: Garganacl|Salt Cure|p2a: Dragonite
|-supereffective|p2a: Dragonite
|-damage|p2a: Dragonite|86/100
|-start|p2a: Dragonite|Salt Cure
|
|-heal|p1a: Garganacl|92/100|[from] item: Leftovers
|-damage|p2a: Dragonite|73/100|[from] Salt Cure
|upkeep
|turn|25
|
|t:|1757831069
|move|p2a: Dragonite|Dragon Dance|p2a: Dragonite
|-boost|p2a: Dragonite|atk|1
|-boost|p2a: Dragonite|spe|1
|move|p1a: Garganacl|Recover|p1a: Garganacl
|-heal|p1a: Garganacl|100/100
|
|-damage|p2a: Dragonite|61/100|[from] Salt Cure
|upkeep
|turn|26
|
|t:|1757831078
|move|p1a: Garganacl|Protect|p1a: Garganacl
|-singleturn|p1a: Garganacl|Protect
|move|p2a: Dragonite|Dragon Dance|p2a: Dragonite
|-boost|p2a: Dragonite|atk|1
|-boost|p2a: Dragonite|spe|1
|
|-damage|p2a: Dragonite|48/100|[from] Salt Cure
|upkeep
|turn|27
|
|t:|1757831085
|move|p2a: Dragonite|Earthquake|p1a: Garganacl
|-damage|p1a: Garganacl|5/100
|move|p1a: Garganacl|Recover|p1a: Garganacl
|-heal|p1a: Garganacl|55/100
|
|-heal|p1a: Garganacl|61/100|[from] item: Leftovers
|-damage|p2a: Dragonite|36/100|[from] Salt Cure
|upkeep
|turn|28
|
|t:|1757831093
|move|p1a: Garganacl|Protect|p1a: Garganacl
|-singleturn|p1a: Garganacl|Protect
|move|p2a: Dragonite|Dragon Dance|p2a: Dragonite
|-boost|p2a: Dragonite|atk|1
|-boost|p2a: Dragonite|spe|1
|
|-heal|p1a: Garganacl|68/100|[from] item: Leftovers
|-damage|p2a: Dragonite|24/100|[from] Salt Cure
|upkeep
|turn|29
|
|t:|1757831101
|switch|p1a: Dragapult|Dragapult, F|16/100
|move|p2a: Dragonite|Earthquake|p1a: Dragapult
|-damage|p1a: Dragapult|0 fnt
|faint|p1a: Dragapult
|
|-damage|p2a: Dragonite|11/100|[from] Salt Cure
|upkeep
|
|t:|1757831106
|switch|p1a: Garganacl|Garganacl, M, tera:Water|68/100
|turn|30
|
|t:|1757831110
|switch|p2a: Ogerpon|Ogerpon-Wellspring, F|100/100
|move|p1a: Garganacl|Protect||[still]
|-fail|p1a: Garganacl
|
|-heal|p1a: Garganacl|74/100|[from] item: Leftovers
|upkeep
|turn|31
|
|t:|1757831118
|move|p2a: Ogerpon|Horn Leech|p1a: Garganacl
|-supereffective|p1a: Garganacl
|-crit|p1a: Garganacl
|-damage|p1a: Garganacl|0 fnt
|faint|p1a: Garganacl
|
|upkeep
|
|t:|1757831122
|switch|p1a: Zamazenta|Zamazenta|100/100
|-ability|p1a: Zamazenta|Dauntless Shield|boost
|-boost|p1a: Zamazenta|def|1
|turn|32
|
|t:|1757831126
|move|p1a: Zamazenta|Iron Defense|p1a: Zamazenta
|-boost|p1a: Zamazenta|def|2
|move|p2a: Ogerpon|U-turn|p1a: Zamazenta
|-resisted|p1a: Zamazenta
|-damage|p1a: Zamazenta|97/100
|
|t:|1757831131
|switch|p2a: Hatterene|Hatterene, F, tera:Water|88/100|[from] U-turn
|
|-heal|p1a: Zamazenta|100/100|[from] item: Leftovers
|-heal|p2a: Hatterene|94/100|[from] item: Leftovers
|upkeep
|turn|33
|
|t:|1757831139
|move|p1a: Zamazenta|Body Press|p2a: Hatterene
|-damage|p2a: Hatterene|3/100
|move|p2a: Hatterene|Psychic Noise|p1a: Zamazenta
|-supereffective|p1a: Zamazenta
|-damage|p1a: Zamazenta|45/100
|-start|p1a: Zamazenta|move: Heal Block
|
|-heal|p2a: Hatterene|9/100|[from] item: Leftovers
|upkeep
|turn|34
|
|t:|1757831147
|move|p1a: Zamazenta|Body Press|p2a: Hatterene
|-damage|p2a: Hatterene|0 fnt
|faint|p2a: Hatterene
|
|-end|p1a: Zamazenta|move: Heal Block
|upkeep
|
|t:|1757831153
|switch|p2a: Ogerpon|Ogerpon-Wellspring, F|100/100
|turn|35
|
|t:|1757831157
|move|p1a: Zamazenta|Body Press|p2a: Ogerpon
|-damage|p2a: Ogerpon|0 fnt
|faint|p2a: Ogerpon
|
|-heal|p1a: Zamazenta|51/100|[from] item: Leftovers
|upkeep
|-message|pipiadam3167 forfeited.
|
|win|sleep2501340442
|raw|sleep2501340442's rating: 1594 &rarr; <strong>1613</strong><br />(+19 for winning)
|raw|pipiadam3167's rating: 1580 &rarr; <strong>1561</strong><br />(-19 for losing)
|l|☆pipiadam3167
|player|p2|
|l|☆sleep2501340442
|player|p1|
|l| Nodragondanceinrb
