|j|☆AndreRWright
|j|☆Draeysine
|t:|1757895522
|gametype|singles
|player|p1|AndreRWright|giovanni|1280
|player|p2|Draeysine|170|1248
|gen|9
|tier|[Gen 9] OU
|rated|
|rule|HP Percentage Mod: HP is shown in percentages
|rule|Endless Battle Clause: Forcing endless battles is banned
|rule|Species Clause: Limit one of each Pokémon
|rule|OHKO Clause: OHKO moves are banned
|rule|Evasion Items Clause: Evasion items are banned
|rule|Evasion Moves Clause: Evasion moves are banned
|rule|Evasion Abilities Clause: Evasion abilities are banned
|rule|Sleep Moves Clause: Sleep-inducing moves are banned
|clearpoke
|poke|p1|Registeel|
|poke|p1|Altaria, M|
|poke|p1|Pyroar, M|
|poke|p1|Azumarill, F|
|poke|p1|Hydrapple, F|
|poke|p1|Malamar, F|
|poke|p2|Scizor, M|
|poke|p2|Ceruledge, M|
|poke|p2|Landorus-Therian, M|
|poke|p2|Primarina, M|
|poke|p2|Iron Valiant|
|poke|p2|Latias, F|
|teampreview
|
|t:|1757895553
|teamsize|p1|6
|teamsize|p2|6
|start
|switch|p1a: Registeel|Registeel|100/100
|switch|p2a: Scizor|Scizor, M|100/100
|turn|1
|
|t:|1757895558
|move|p2a: Scizor|Knock Off|p1a: Registeel
|-damage|p1a: Registeel|78/100
|-enditem|p1a: Registeel|Leftovers|[from] move: Knock Off|[of] p2a: Scizor
|move|p1a: Registeel|Stealth Rock|p2a: Scizor
|-sidestart|p2: Draeysine|move: Stealth Rock
|
|upkeep
|turn|2
|
|t:|1757895563
|move|p2a: Scizor|Defog|p1a: Registeel
|-fail|p1a: Registeel|unboost|[from] ability: Clear Body|[of] p1a: Registeel
|-sideend|p2: Draeysine|Stealth Rock|[from] move: Defog|[of] p2a: Scizor
|move|p1a: Registeel|Ice Spinner|p2a: Scizor
|-resisted|p2a: Scizor
|-damage|p2a: Scizor|91/100
|
|upkeep
|turn|3
|
|t:|1757895567
|move|p2a: Scizor|U-turn|p1a: Registeel
|-resisted|p1a: Registeel
|-damage|p1a: Registeel|64/100
|
|t:|1757895569
|switch|p2a: Ceruledge|Ceruledge, M|100/100|[from] U-turn
|move|p1a: Registeel|Stealth Rock|p2a: Ceruledge
|-sidestart|p2: Draeysine|move: Stealth Rock
|
|upkeep
|turn|4
|
|t:|1757895580
|switch|p1a: Pyroar|Pyroar, M|100/100
|move|p2a: Ceruledge|Bulk Up|p2a: Ceruledge
|-boost|p2a: Ceruledge|atk|1
|-boost|p2a: Ceruledge|def|1
|
|upkeep
|turn|5
|
|t:|1757895590
|move|p1a: Pyroar|Noble Roar|p2a: Ceruledge
|-unboost|p2a: Ceruledge|atk|1
|-unboost|p2a: Ceruledge|spa|1
|-enditem|p1a: Pyroar|Throat Spray
|-boost|p1a: Pyroar|spa|1|[from] item: Throat Spray
|move|p2a: Ceruledge|Bulk Up|p2a: Ceruledge
|-boost|p2a: Ceruledge|atk|1
|-boost|p2a: Ceruledge|def|1
|
|upkeep
|turn|6
|
|t:|1757895596
|move|p2a: Ceruledge|Bitter Blade|p1a: Pyroar
|-resisted|p1a: Pyroar
|-damage|p1a: Pyroar|60/100
|move|p1a: Pyroar|Roar|p2a: Ceruledge
|drag|p2a: Landorus|Landorus-Therian, M|100/100
|-damage|p2a: Landorus|88/100|[from] Stealth Rock
|-ability|p2a: Landorus|Intimidate|boost
|-unboost|p1a: Pyroar|atk|1
|
|upkeep
|turn|7
|
|t:|1757895606
|move|p1a: Pyroar|Flamethrower|p2a: Landorus
|-damage|p2a: Landorus|10/100
|move|p2a: Landorus|Earthquake|p1a: Pyroar
|-supereffective|p1a: Pyroar
|-damage|p1a: Pyroar|0 fnt
|faint|p1a: Pyroar
|
|upkeep
|
|t:|1757895625
|switch|p1a: Azumarill|Azumarill, F|100/100
|turn|8
|
|t:|1757895637
|move|p2a: Landorus|U-turn|p1a: Azumarill
|-resisted|p1a: Azumarill
|-damage|p1a: Azumarill|90/100
|
|t:|1757895640
|switch|p2a: Scizor|Scizor, M|91/100|[from] U-turn
|-damage|p2a: Scizor|78/100|[from] Stealth Rock
|move|p1a: Azumarill|Knock Off|p2a: Scizor
|-damage|p2a: Scizor|67/100
|-enditem|p2a: Scizor|Sitrus Berry|[from] move: Knock Off|[of] p1a: Azumarill
|
|upkeep
|turn|9
|
|t:|1757895646
|switch|p1a: Malamar|Malamar, F|100/100
|move|p2a: Scizor|Bullet Punch|p1a: Malamar
|-damage|p1a: Malamar|64/100
|
|upkeep
|turn|10
|
|t:|1757895657
|switch|p1a: Registeel|Registeel|64/100
|move|p2a: Scizor|U-turn|p1a: Registeel
|-resisted|p1a: Registeel
|-damage|p1a: Registeel|51/100
|
|t:|1757895662
|switch|p2a: Ceruledge|Ceruledge, M|100/100|[from] U-turn
|-damage|p2a: Ceruledge|76/100|[from] Stealth Rock
|
|upkeep
|turn|11
|
|t:|1757895668
|switch|p1a: Azumarill|Azumarill, F|90/100
|move|p2a: Ceruledge|Bulk Up|p2a: Ceruledge
|-boost|p2a: Ceruledge|atk|1
|-boost|p2a: Ceruledge|def|1
|
|upkeep
|turn|12
|
|t:|1757895673
|move|p2a: Ceruledge|Bitter Blade|p1a: Azumarill
|-resisted|p1a: Azumarill
|-damage|p1a: Azumarill|65/100
|-heal|p2a: Ceruledge|88/100|[from] drain|[of] p1a: Azumarill
|move|p1a: Azumarill|Surf|p2a: Ceruledge
|-supereffective|p2a: Ceruledge
|-damage|p2a: Ceruledge|43/100
|
|upkeep
|turn|13
|
|t:|1757895686
|move|p2a: Ceruledge|Bitter Blade|p1a: Azumarill
|-resisted|p1a: Azumarill
|-damage|p1a: Azumarill|41/100
|-heal|p2a: Ceruledge|55/100|[from] drain|[of] p1a: Azumarill
|move|p1a: Azumarill|Surf|p2a: Ceruledge
|-supereffective|p2a: Ceruledge
|-damage|p2a: Ceruledge|7/100
|
|upkeep
|turn|14
|
|t:|1757895696
|switch|p2a: Primarina|Primarina, M|100/100
|-damage|p2a: Primarina|88/100|[from] Stealth Rock
|move|p1a: Azumarill|Surf|p2a: Primarina
|-resisted|p2a: Primarina
|-damage|p2a: Primarina|78/100
|
|-heal|p2a: Primarina|84/100|[from] item: Leftovers
|upkeep
|turn|15
|
|t:|1757895708
|move|p2a: Primarina|Moonblast|p1a: Azumarill
|-damage|p1a: Azumarill|10/100
|-unboost|p1a: Azumarill|spa|1
|move|p1a: Azumarill|Grass Knot|p2a: Primarina
|-supereffective|p2a: Primarina
|-damage|p2a: Primarina|72/100
|
|-heal|p2a: Primarina|78/100|[from] item: Leftovers
|upkeep
|turn|16
|
|t:|1757895715
|switch|p1a: Registeel|Registeel|51/100
|move|p2a: Primarina|Moonblast|p1a: Registeel
|-resisted|p1a: Registeel
|-damage|p1a: Registeel|39/100
|
|-heal|p2a: Primarina|84/100|[from] item: Leftovers
|upkeep
|turn|17
|
|t:|1757895723
|switch|p2a: Scizor|Scizor, M|67/100
|-damage|p2a: Scizor|54/100|[from] Stealth Rock
|move|p1a: Registeel|Thunder Wave|p2a: Scizor
|-status|p2a: Scizor|par
|
|upkeep
|turn|18
|
|t:|1757895734
|move|p1a: Registeel|Brick Break|p2a: Scizor
|-damage|p2a: Scizor|36/100 par
|move|p2a: Scizor|Defog|p1a: Registeel
|-fail|p1a: Registeel|unboost|[from] ability: Clear Body|[of] p1a: Registeel
|-sideend|p2: Draeysine|Stealth Rock|[from] move: Defog|[of] p2a: Scizor
|
|upkeep
|turn|19
|
|t:|1757895742
|move|p1a: Registeel|Stealth Rock|p2a: Scizor
|-sidestart|p2: Draeysine|move: Stealth Rock
|move|p2a: Scizor|Knock Off|p1a: Registeel
|-damage|p1a: Registeel|22/100
|
|upkeep
|turn|20
|
|t:|1757895755
|switch|p1a: Malamar|Malamar, F|64/100
|move|p2a: Scizor|Defog|p1a: Malamar
|-boost|p1a: Malamar|evasion|1
|-sideend|p2: Draeysine|Stealth Rock|[from] move: Defog|[of] p2a: Scizor
|
|upkeep
|turn|21
|
|t:|1757895774
|-terastallize|p1a: Malamar|Steel
|move|p1a: Malamar|Superpower|p2a: Scizor
|-damage|p2a: Scizor|10/100 par
|-boost|p1a: Malamar|atk|1
|-boost|p1a: Malamar|def|1
|cant|p2a: Scizor|par
|
|upkeep
|turn|22
|
|t:|1757895786
|switch|p2a: Ceruledge|Ceruledge, M|7/100
|move|p1a: Malamar|Knock Off|p2a: Ceruledge
|-supereffective|p2a: Ceruledge
|-damage|p2a: Ceruledge|0 fnt
|-enditem|p2a: Ceruledge|Covert Cloak|[from] move: Knock Off|[of] p1a: Malamar
|faint|p2a: Ceruledge
|
|upkeep
|
|t:|1757895793
|switch|p2a: Iron Valiant|Iron Valiant|100/100
|-enditem|p2a: Iron Valiant|Booster Energy
|-activate|p2a: Iron Valiant|ability: Quark Drive|[fromitem]
|-start|p2a: Iron Valiant|quarkdrivespe
|turn|23
|
|t:|1757895813
|move|p2a: Iron Valiant|Aura Sphere|p1a: Malamar
|-supereffective|p1a: Malamar
|-damage|p1a: Malamar|4/100
|move|p1a: Malamar|Rest|p1a: Malamar
|-status|p1a: Malamar|slp|[from] move: Rest
|-heal|p1a: Malamar|100/100 slp|[silent]
|-enditem|p1a: Malamar|Chesto Berry|[eat]
|-curestatus|p1a: Malamar|slp|[msg]
|
|upkeep
|turn|24
|
|t:|1757895837
|move|p2a: Iron Valiant|Aura Sphere|p1a: Malamar
|-supereffective|p1a: Malamar
|-damage|p1a: Malamar|40/100
|move|p1a: Malamar|Superpower|p2a: Iron Valiant
|-resisted|p2a: Iron Valiant
|-damage|p2a: Iron Valiant|77/100
|-boost|p1a: Malamar|atk|1
|-boost|p1a: Malamar|def|1
|
|upkeep
|turn|25
|
|t:|1757895846
|switch|p1a: Azumarill|Azumarill, F|10/100
|move|p2a: Iron Valiant|Aura Sphere|p1a: Azumarill
|-resisted|p1a: Azumarill
|-damage|p1a: Azumarill|0 fnt
|faint|p1a: Azumarill
|
|upkeep
|
|t:|1757895848
|switch|p1a: Altaria|Altaria, M|100/100
|turn|26
|
|t:|1757895850
|move|p2a: Iron Valiant|Moonblast|p1a: Altaria
|-supereffective|p1a: Altaria
|-damage|p1a: Altaria|21/100
|move|p1a: Altaria|Will-O-Wisp|p2a: Iron Valiant|[miss]
|-miss|p1a: Altaria|p2a: Iron Valiant
|
|upkeep
|turn|27
|
|t:|1757895856
|move|p2a: Iron Valiant|Moonblast|p1a: Altaria
|-supereffective|p1a: Altaria
|-damage|p1a: Altaria|0 fnt
|faint|p1a: Altaria
|
|upkeep
|
|t:|1757895861
|switch|p1a: Hydrapple|Hydrapple, F|100/100
|turn|28
|
|t:|1757895864
|move|p2a: Iron Valiant|Moonblast|p1a: Hydrapple
|-supereffective|p1a: Hydrapple
|-damage|p1a: Hydrapple|12/100
|-unboost|p1a: Hydrapple|spa|1
|move|p1a: Hydrapple|Giga Drain|p2a: Iron Valiant
|-damage|p2a: Iron Valiant|43/100
|-heal|p1a: Hydrapple|26/100|[from] drain|[of] p2a: Iron Valiant
|
|upkeep
|turn|29
|
|t:|1757895871
|move|p2a: Iron Valiant|Moonblast|p1a: Hydrapple
|-supereffective|p1a: Hydrapple
|-crit|p1a: Hydrapple
|-damage|p1a: Hydrapple|0 fnt
|faint|p1a: Hydrapple
|
|upkeep
|-message|AndreRWright forfeited.
|
|win|Draeysine
|raw|AndreRWright's rating: 1280 &rarr; <strong>1253</strong><br />(-27 for losing)
|raw|Draeysine's rating: 1248 &rarr; <strong>1275</strong><br />(+27 for winning)
|l|☆AndreRWright
|player|p1|
|l|☆Draeysine
|player|p2|
