|j|‽AttackonAsh
|j|☆crackfurryfemboys
|t:|1757939264
|gametype|singles
|player|p1|AttackonAsh|169|1257
|player|p2|crackfurryfemboys|unknownf|1273
|gen|9
|tier|[Gen 9] OU
|rated|
|rule|HP Percentage Mod: HP is shown in percentages
|rule|Endless Battle Clause: Forcing endless battles is banned
|rule|Species Clause: Limit one of each Pokémon
|rule|OHKO Clause: OHKO moves are banned
|rule|Evasion Items Clause: Evasion items are banned
|rule|Evasion Moves Clause: Evasion moves are banned
|rule|Evasion Abilities Clause: Evasion abilities are banned
|rule|Sleep Moves Clause: Sleep-inducing moves are banned
|clearpoke
|poke|p1|Quaquaval, F|
|poke|p1|Dragonite, M|
|poke|p1|Talonflame, F|
|poke|p1|Ceruledge, F|
|poke|p1|Galvantula, M|
|poke|p1|Goodra, F|
|poke|p2|Incineroar, M|
|poke|p2|Gliscor, F|
|poke|p2|Great Tusk|
|poke|p2|Hatterene, F|
|poke|p2|Dragapult, M|
|poke|p2|Ogerpon-Wellspring, F|
|teampreview
|inactive|Battle timer is ON: inactive players will automatically lose when time's up. (requested by crackfurryfemboys)
|
|t:|1757939289
|teamsize|p1|6
|teamsize|p2|6
|start
|switch|p1a: Goodra|Goodra, F|100/100
|switch|p2a: Hatterene|Hatterene, F|100/100
|turn|1
|
|t:|1757939303
|move|p1a: Goodra|Sludge Wave|p2a: Hatterene
|-supereffective|p2a: Hatterene
|-damage|p2a: Hatterene|27/100
|move|p2a: Hatterene|Calm Mind|p2a: Hatterene
|-boost|p2a: Hatterene|spa|1
|-boost|p2a: Hatterene|spd|1
|
|-heal|p2a: Hatterene|33/100|[from] item: Leftovers
|upkeep
|turn|2
|
|t:|1757939316
|-terastallize|p2a: Hatterene|Water
|move|p1a: Goodra|Sludge Wave|p2a: Hatterene
|-damage|p2a: Hatterene|11/100
|move|p2a: Hatterene|Draining Kiss|p1a: Goodra
|-supereffective|p1a: Goodra
|-damage|p1a: Goodra|72/100
|-heal|p2a: Hatterene|33/100|[from] drain|[of] p1a: Goodra
|-ability|p1a: Goodra|Gooey
|-unboost|p2a: Hatterene|spe|1
|
|-heal|p2a: Hatterene|39/100|[from] item: Leftovers
|upkeep
|turn|3
|
|t:|1757939325
|move|p1a: Goodra|Thunderbolt|p2a: Hatterene
|-supereffective|p2a: Hatterene
|-damage|p2a: Hatterene|0 fnt
|faint|p2a: Hatterene
|
|upkeep
|
|t:|1757939334
|switch|p2a: Great Tusk|Great Tusk|100/100
|-enditem|p2a: Great Tusk|Booster Energy
|-activate|p2a: Great Tusk|ability: Protosynthesis|[fromitem]
|-start|p2a: Great Tusk|protosynthesisatk
|turn|4
|
|t:|1757939337
|move|p2a: Great Tusk|Ice Spinner|p1a: Goodra
|-supereffective|p1a: Goodra
|-damage|p1a: Goodra|0 fnt
|-ability|p1a: Goodra|Gooey
|-unboost|p2a: Great Tusk|spe|1
|faint|p1a: Goodra
|
|upkeep
|
|t:|1757939341
|switch|p1a: Quaquaval|Quaquaval, F|100/100
|turn|5
|
|t:|1757939350
|-end|p2a: Great Tusk|Protosynthesis|[silent]
|switch|p2a: Ogerpon|Ogerpon-Wellspring, F|100/100
|move|p1a: Quaquaval|Brave Bird|p2a: Ogerpon
|-supereffective|p2a: Ogerpon
|-damage|p2a: Ogerpon|0 fnt
|faint|p2a: Ogerpon
|-ability|p1a: Quaquaval|Moxie|boost
|-boost|p1a: Quaquaval|atk|1
|-damage|p1a: Quaquaval|69/100|[from] Recoil
|
|upkeep
|
|t:|1757939361
|switch|p2a: Great Tusk|Great Tusk|100/100
|turn|6
|
|t:|1757939372
|move|p2a: Great Tusk|Earthquake|p1a: Quaquaval
|-damage|p1a: Quaquaval|0 fnt
|faint|p1a: Quaquaval
|
|upkeep
|
|t:|1757939375
|switch|p1a: Galvantula|Galvantula, M|100/100
|turn|7
|
|t:|1757939388
|move|p1a: Galvantula|Energy Ball|p2a: Great Tusk
|-supereffective|p2a: Great Tusk
|-damage|p2a: Great Tusk|13/100
|-unboost|p2a: Great Tusk|spd|1
|move|p2a: Great Tusk|Earthquake|p1a: Galvantula
|-enditem|p1a: Galvantula|Focus Sash
|-damage|p1a: Galvantula|1/100
|
|upkeep
|turn|8
|
|t:|1757939397
|-end|p2a: Great Tusk|Protosynthesis|[silent]
|switch|p2a: Incineroar|Incineroar, M|100/100
|-ability|p2a: Incineroar|Intimidate|boost
|-unboost|p1a: Galvantula|atk|1
|move|p1a: Galvantula|Energy Ball|p2a: Incineroar
|-resisted|p2a: Incineroar
|-damage|p2a: Incineroar|90/100
|
|upkeep
|turn|9
|
|t:|1757939404
|move|p1a: Galvantula|Sticky Web|p2a: Incineroar
|-sidestart|p2: crackfurryfemboys|move: Sticky Web
|move|p2a: Incineroar|Knock Off|p1a: Galvantula
|-damage|p1a: Galvantula|0 fnt
|faint|p1a: Galvantula
|
|upkeep
|
|t:|1757939410
|switch|p1a: Dragonite|Dragonite, M|100/100
|turn|10
|
|t:|1757939413
|move|p1a: Dragonite|Dragon Claw|p2a: Incineroar
|-damage|p2a: Incineroar|53/100
|move|p2a: Incineroar|Parting Shot|p1a: Dragonite
|-unboost|p1a: Dragonite|atk|1
|-unboost|p1a: Dragonite|spa|1
|
|t:|1757939419
|switch|p2a: Gliscor|Gliscor, F|100/100|[from] Parting Shot
|
|-status|p2a: Gliscor|tox|[from] item: Toxic Orb
|upkeep
|turn|11
|
|t:|1757939426
|switch|p1a: Ceruledge|Ceruledge, F|100/100
|move|p2a: Gliscor|Toxic|p1a: Ceruledge
|-status|p1a: Ceruledge|tox
|
|-damage|p1a: Ceruledge|94/100 tox|[from] psn
|upkeep
|turn|12
|
|t:|1757939429
|move|p2a: Gliscor|Earthquake|p1a: Ceruledge
|-supereffective|p1a: Ceruledge
|-damage|p1a: Ceruledge|0 fnt
|faint|p1a: Ceruledge
|
|upkeep
|
|t:|1757939431
|switch|p1a: Talonflame|Talonflame, F|100/100
|turn|13
|
|t:|1757939438
|move|p1a: Talonflame|Swords Dance|p1a: Talonflame
|-boost|p1a: Talonflame|atk|2
|move|p2a: Gliscor|Toxic|p1a: Talonflame
|-status|p1a: Talonflame|tox
|
|-damage|p1a: Talonflame|94/100 tox|[from] psn
|upkeep
|turn|14
|
|t:|1757939444
|switch|p2a: Incineroar|Incineroar, M|53/100
|-ability|p2a: Incineroar|Intimidate|boost
|-unboost|p1a: Talonflame|atk|1
|move|p1a: Talonflame|Swords Dance|p1a: Talonflame
|-boost|p1a: Talonflame|atk|2
|
|-damage|p1a: Talonflame|82/100 tox|[from] psn
|upkeep
|turn|15
|
|t:|1757939448
|move|p1a: Talonflame|Brave Bird|p2a: Incineroar
|-damage|p2a: Incineroar|0 fnt
|faint|p2a: Incineroar
|-damage|p1a: Talonflame|60/100 tox|[from] Recoil
|
|-damage|p1a: Talonflame|41/100 tox|[from] psn
|upkeep
|
|t:|1757939455
|switch|p2a: Great Tusk|Great Tusk|13/100
|-activate|p2a: Great Tusk|move: Sticky Web
|-unboost|p2a: Great Tusk|spe|1
|turn|16
|
|t:|1757939460
|move|p1a: Talonflame|Brave Bird|p2a: Great Tusk
|-supereffective|p2a: Great Tusk
|-damage|p2a: Great Tusk|0 fnt
|faint|p2a: Great Tusk
|-end|p2a: Great Tusk|Protosynthesis|[silent]
|-damage|p1a: Talonflame|36/100 tox|[from] Recoil
|
|-damage|p1a: Talonflame|12/100 tox|[from] psn
|upkeep
|
|t:|1757939463
|switch|p2a: Gliscor|Gliscor, F|100/100 tox
|turn|17
|
|t:|1757939467
|move|p2a: Gliscor|Protect|p2a: Gliscor
|-singleturn|p2a: Gliscor|Protect
|move|p1a: Talonflame|Roost|p1a: Talonflame
|-heal|p1a: Talonflame|62/100 tox
|-singleturn|p1a: Talonflame|move: Roost
|
|-damage|p1a: Talonflame|32/100 tox|[from] psn
|upkeep
|turn|18
|
|t:|1757939473
|move|p1a: Talonflame|Brave Bird|p2a: Gliscor
|-damage|p2a: Gliscor|20/100 tox
|-damage|p1a: Talonflame|0 fnt|[from] Recoil
|faint|p1a: Talonflame
|move|p2a: Gliscor|Earthquake|p1: Talonflame|[notarget]
|-fail|p2a: Gliscor
|
|-heal|p2a: Gliscor|32/100 tox|[from] ability: Poison Heal
|upkeep
|
|t:|1757939476
|switch|p1a: Dragonite|Dragonite, M|100/100
|turn|19
|
|t:|1757939479
|-terastallize|p1a: Dragonite|Steel
|move|p2a: Gliscor|Protect|p2a: Gliscor
|-singleturn|p2a: Gliscor|Protect
|move|p1a: Dragonite|Dragon Dance|p1a: Dragonite
|-boost|p1a: Dragonite|atk|1
|-boost|p1a: Dragonite|spe|1
|
|-heal|p2a: Gliscor|45/100 tox|[from] ability: Poison Heal
|upkeep
|turn|20
|
|t:|1757939485
|move|p1a: Dragonite|Dragon Dance|p1a: Dragonite
|-boost|p1a: Dragonite|atk|1
|-boost|p1a: Dragonite|spe|1
|move|p2a: Gliscor|Earthquake|p1a: Dragonite
|-supereffective|p1a: Dragonite
|-damage|p1a: Dragonite|68/100
|-enditem|p1a: Dragonite|Weakness Policy
|-boost|p1a: Dragonite|atk|2|[from] item: Weakness Policy
|-boost|p1a: Dragonite|spa|2|[from] item: Weakness Policy
|
|-heal|p2a: Gliscor|57/100 tox|[from] ability: Poison Heal
|upkeep
|turn|21
|
|t:|1757939490
|move|p1a: Dragonite|Dragon Claw|p2a: Gliscor
|-damage|p2a: Gliscor|0 fnt
|faint|p2a: Gliscor
|
|upkeep
|
|t:|1757939494
|switch|p2a: Dragapult|Dragapult, M|100/100
|-activate|p2a: Dragapult|move: Sticky Web
|-fail|p2a: Dragapult|unboost|[from] ability: Clear Body|[of] p2a: Dragapult
|turn|22
|
|t:|1757939496
|move|p1a: Dragonite|Dragon Claw|p2a: Dragapult
|-supereffective|p2a: Dragapult
|-damage|p2a: Dragapult|0 fnt
|faint|p2a: Dragapult
|
|win|AttackonAsh
|raw|AttackonAsh's rating: 1257 &rarr; <strong>1283</strong><br />(+26 for winning)
|raw|crackfurryfemboys's rating: 1273 &rarr; <strong>1247</strong><br />(-26 for losing)
|l|☆crackfurryfemboys
|player|p2|
|l|‽AttackonAsh
|player|p1|
|j|‽AttackonAsh
|player|p1|AttackonAsh|169|
|n|‽AttackonAsh|attackonash
|l|‽AttackonAsh
|player|p1|
|j|‽AttackonAsh
|player|p1|AttackonAsh|169|
|n|‽AttackonAsh|attackonash
|l|‽AttackonAsh
|player|p1|
