|j|☆Tactical_foul
|j|☆mathismathin
|t:|1757898150
|gametype|singles
|player|p1|Tactical_foul|1|1505
|player|p2|mathismathin|hilbert|1586
|gen|9
|tier|[Gen 9] OU
|rated|
|rule|HP Percentage Mod: HP is shown in percentages
|rule|Endless Battle Clause: Forcing endless battles is banned
|rule|Species Clause: Limit one of each Pokémon
|rule|OHKO Clause: OHKO moves are banned
|rule|Evasion Items Clause: Evasion items are banned
|rule|Evasion Moves Clause: Evasion moves are banned
|rule|Evasion Abilities Clause: Evasion abilities are banned
|rule|Sleep Moves Clause: Sleep-inducing moves are banned
|clearpoke
|poke|p1|Ogerpon-Cornerstone, F|
|poke|p1|Hatterene, F|
|poke|p1|Pecharunt|
|poke|p1|Landorus-Therian, M|
|poke|p1|Kingambit, F|
|poke|p1|Latios, M|
|poke|p2|Dusclops, F|
|poke|p2|Blissey, F|
|poke|p2|Infernape, M|
|poke|p2|Tornadus-Therian, M|
|poke|p2|Slowbro, F|
|poke|p2|Lilligant-Hisui, F|
|teampreview
|
|t:|1757898180
|teamsize|p1|6
|teamsize|p2|6
|start
|switch|p1a: Hatterene|Hatterene, F|100/100
|switch|p2a: Tornadus|Tornadus-Therian, M|100/100
|turn|1
|
|t:|1757898187
|move|p2a: Tornadus|Knock Off|p1a: Hatterene
|-damage|p1a: Hatterene|77/100
|-enditem|p1a: Hatterene|Assault Vest|[from] move: Knock Off|[of] p2a: Tornadus
|move|p1a: Hatterene|Nuzzle|p2a: Tornadus
|-supereffective|p2a: Tornadus
|-damage|p2a: Tornadus|92/100
|-status|p2a: Tornadus|par
|
|upkeep
|turn|2
|
|t:|1757898192
|move|p2a: Tornadus|U-turn|p1a: Hatterene
|-damage|p1a: Hatterene|60/100
|
|t:|1757898200
|switch|p2a: Slowbro|Slowbro, F|100/100|[from] U-turn
|move|p1a: Hatterene|Mystical Fire|p2a: Slowbro
|-resisted|p2a: Slowbro
|-damage|p2a: Slowbro|87/100
|-unboost|p2a: Slowbro|spa|1
|
|upkeep
|turn|3
|
|t:|1757898205
|move|p1a: Hatterene|Nuzzle|p2a: Slowbro
|-supereffective|p2a: Slowbro
|-damage|p2a: Slowbro|83/100
|-status|p2a: Slowbro|par
|-damage|p1a: Hatterene|44/100|[from] item: Rocky Helmet|[of] p2a: Slowbro
|move|p2a: Slowbro|Scald|p1a: Hatterene
|-damage|p1a: Hatterene|25/100
|-status|p1a: Hatterene|brn
|
|-damage|p1a: Hatterene|19/100 brn|[from] brn
|upkeep
|turn|4
|
|t:|1757898218
|move|p1a: Hatterene|Mystical Fire|p2a: Slowbro
|-resisted|p2a: Slowbro
|-damage|p2a: Slowbro|69/100 par
|-unboost|p2a: Slowbro|spa|1
|move|p2a: Slowbro|Scald|p1a: Hatterene
|-damage|p1a: Hatterene|6/100 brn
|
|-damage|p1a: Hatterene|0 fnt|[from] brn
|faint|p1a: Hatterene
|upkeep
|
|t:|1757898223
|switch|p1a: Ogerpon|Ogerpon-Cornerstone, F|100/100
|turn|5
|
|t:|1757898237
|switch|p2a: Lilligant|Lilligant-Hisui, F|100/100
|move|p1a: Ogerpon|Trailblaze|p2a: Lilligant
|-resisted|p2a: Lilligant
|-damage|p2a: Lilligant|83/100
|-boost|p1a: Ogerpon|spe|1
|
|upkeep
|turn|6
|
|t:|1757898242
|switch|p1a: Pecharunt|Pecharunt|100/100
|move|p2a: Lilligant|Low Kick|p1a: Pecharunt
|-immune|p1a: Pecharunt
|
|upkeep
|turn|7
|
|t:|1757898249
|switch|p2a: Tornadus|Tornadus-Therian, M|100/100 par
|move|p1a: Pecharunt|Parting Shot|p2a: Tornadus
|-unboost|p2a: Tornadus|atk|1
|-unboost|p2a: Tornadus|spa|1
|
|t:|1757898253
|switch|p1a: Ogerpon|Ogerpon-Cornerstone, F|100/100|[from] Parting Shot
|
|upkeep
|turn|8
|
|t:|1757898300
|switch|p2a: Lilligant|Lilligant-Hisui, F|83/100
|move|p1a: Ogerpon|Ivy Cudgel|p2a: Lilligant|[anim] Ivy Cudgel Rock
|-resisted|p2a: Lilligant
|-damage|p2a: Lilligant|47/100
|
|upkeep
|turn|9
|
|t:|1757898303
|switch|p1a: Pecharunt|Pecharunt|100/100
|move|p2a: Lilligant|Synthesis|p2a: Lilligant
|-heal|p2a: Lilligant|96/100
|
|upkeep
|turn|10
|
|t:|1757898325
|switch|p2a: Tornadus|Tornadus-Therian, M|100/100 par
|move|p1a: Pecharunt|Parting Shot|p2a: Tornadus
|-unboost|p2a: Tornadus|atk|1
|-unboost|p2a: Tornadus|spa|1
|
|t:|1757898333
|switch|p1a: Ogerpon|Ogerpon-Cornerstone, F|100/100|[from] Parting Shot
|
|upkeep
|turn|11
|
|t:|1757898342
|switch|p2a: Lilligant|Lilligant-Hisui, F|96/100
|move|p1a: Ogerpon|Ivy Cudgel|p2a: Lilligant|[anim] Ivy Cudgel Rock
|-resisted|p2a: Lilligant
|-crit|p2a: Lilligant
|-damage|p2a: Lilligant|44/100
|
|upkeep
|turn|12
|
|t:|1757898349
|switch|p1a: Pecharunt|Pecharunt|100/100
|move|p2a: Lilligant|Synthesis|p2a: Lilligant
|-heal|p2a: Lilligant|94/100
|
|upkeep
|turn|13
|
|t:|1757898359
|switch|p2a: Physical Trapper|Dusclops, F, shiny|100/100
|-ability|p2a: Physical Trapper|Pressure
|move|p1a: Pecharunt|Parting Shot|p2a: Physical Trapper
|-unboost|p2a: Physical Trapper|atk|1
|-unboost|p2a: Physical Trapper|spa|1
|
|t:|1757898375
|switch|p1a: Landorus|Landorus-Therian, M|100/100|[from] Parting Shot
|-ability|p1a: Landorus|Intimidate|boost
|-unboost|p2a: Physical Trapper|atk|1
|
|upkeep
|turn|14
|
|t:|1757898401
|move|p1a: Landorus|Stealth Rock|p2a: Physical Trapper
|-sidestart|p2: mathismathin|move: Stealth Rock
|move|p2a: Physical Trapper|Curse|p1a: Landorus
|-start|p1a: Landorus|Curse|[of] p2a: Physical Trapper
|-damage|p2a: Physical Trapper|50/100
|
|-damage|p1a: Landorus|76/100|[from] Curse
|upkeep
|turn|15
|
|t:|1757898406
|move|p1a: Landorus|U-turn|p2a: Physical Trapper
|-resisted|p2a: Physical Trapper
|-damage|p2a: Physical Trapper|45/100
|
|t:|1757898413
|switch|p1a: Pecharunt|Pecharunt|100/100|[from] U-turn
|move|p2a: Physical Trapper|Metronome|p2a: Physical Trapper
|move|p2a: Physical Trapper|Cotton Guard|p2a: Physical Trapper|[from] move: Metronome
|-boost|p2a: Physical Trapper|def|3
|
|upkeep
|turn|16
|
|t:|1757898417
|move|p1a: Pecharunt|Shadow Ball|p2a: Physical Trapper
|-supereffective|p2a: Physical Trapper
|-damage|p2a: Physical Trapper|11/100
|move|p2a: Physical Trapper|Rest|p2a: Physical Trapper
|-status|p2a: Physical Trapper|slp|[from] move: Rest
|-heal|p2a: Physical Trapper|100/100 slp|[silent]
|
|upkeep
|turn|17
|
|t:|1757898423
|move|p1a: Pecharunt|Parting Shot|p2a: Physical Trapper
|-unboost|p2a: Physical Trapper|atk|1
|-unboost|p2a: Physical Trapper|spa|1
|
|t:|1757898425
|switch|p1a: Landorus|Landorus-Therian, M|76/100|[from] Parting Shot
|-ability|p1a: Landorus|Intimidate|boost
|-unboost|p2a: Physical Trapper|atk|1
|cant|p2a: Physical Trapper|slp
|
|upkeep
|turn|18
|
|t:|1757898455
|move|p1a: Landorus|Taunt|p2a: Physical Trapper
|-start|p2a: Physical Trapper|move: Taunt
|cant|p2a: Physical Trapper|slp
|
|upkeep
|turn|19
|
|t:|1757898465
|switch|p2a: Tornadus|Tornadus-Therian, M|100/100 par
|move|p1a: Landorus|U-turn|p2a: Tornadus
|-resisted|p2a: Tornadus
|-damage|p2a: Tornadus|89/100 par
|
|t:|1757898479
|switch|p1a: Ogerpon|Ogerpon-Cornerstone, F|100/100|[from] U-turn
|
|upkeep
|turn|20
|
|t:|1757898505
|switch|p2a: Lilligant|Lilligant-Hisui, F|94/100
|move|p1a: Ogerpon|Ivy Cudgel|p2a: Lilligant|[anim] Ivy Cudgel Rock
|-resisted|p2a: Lilligant
|-damage|p2a: Lilligant|55/100
|
|upkeep
|turn|21
|
|t:|1757898514
|switch|p1a: Landorus|Landorus-Therian, M|76/100
|-ability|p1a: Landorus|Intimidate|boost
|-unboost|p2a: Lilligant|atk|1
|move|p2a: Lilligant|Synthesis|p2a: Lilligant
|-heal|p2a: Lilligant|100/100
|
|upkeep
|turn|22
|
|t:|1757898526
|switch|p1a: Pecharunt|Pecharunt|100/100
|move|p2a: Lilligant|Defog|p1a: Pecharunt
|-unboost|p1a: Pecharunt|evasion|1
|-sideend|p2: mathismathin|Stealth Rock|[from] move: Defog|[of] p2a: Lilligant
|
|upkeep
|turn|23
|
|t:|1757898533
|switch|p2a: Physical Trapper|Dusclops, F, shiny|100/100 slp
|-ability|p2a: Physical Trapper|Pressure
|move|p1a: Pecharunt|Parting Shot|p2a: Physical Trapper
|-unboost|p2a: Physical Trapper|atk|1
|-unboost|p2a: Physical Trapper|spa|1
|
|t:|1757898537
|switch|p1a: Landorus|Landorus-Therian, M|76/100|[from] Parting Shot
|-ability|p1a: Landorus|Intimidate|boost
|-unboost|p2a: Physical Trapper|atk|1
|
|upkeep
|turn|24
|
|t:|1757898558
|switch|p2a: Slowbro|Slowbro, F|100/100 par
|move|p1a: Landorus|Taunt|p2a: Slowbro
|-start|p2a: Slowbro|move: Taunt
|
|upkeep
|turn|25
|
|t:|1757898563
|move|p1a: Landorus|U-turn|p2a: Slowbro
|-supereffective|p2a: Slowbro
|-damage|p2a: Slowbro|76/100 par
|-damage|p1a: Landorus|59/100|[from] item: Rocky Helmet|[of] p2a: Slowbro
|
|t:|1757898569
|switch|p1a: Pecharunt|Pecharunt|100/100|[from] U-turn
|cant|p2a: Slowbro|par
|
|upkeep
|turn|26
|
|t:|1757898612
|switch|p2a: Tornadus|Tornadus-Therian, M|100/100 par
|move|p1a: Pecharunt|Shadow Ball|p2a: Tornadus
|-crit|p2a: Tornadus
|-damage|p2a: Tornadus|64/100 par
|
|upkeep
|turn|27
|
|t:|1757898620
|move|p1a: Pecharunt|Malignant Chain|p2a: Tornadus
|-crit|p2a: Tornadus
|-damage|p2a: Tornadus|18/100 par
|cant|p2a: Tornadus|par
|
|upkeep
|turn|28
|
|t:|1757898626
|switch|p2a: Physical Trapper|Dusclops, F, shiny|100/100 slp
|-ability|p2a: Physical Trapper|Pressure
|move|p1a: Pecharunt|Malignant Chain|p2a: Physical Trapper
|-resisted|p2a: Physical Trapper
|-damage|p2a: Physical Trapper|90/100 slp
|
|upkeep
|turn|29
|
|t:|1757898630
|move|p1a: Pecharunt|Parting Shot|p2a: Physical Trapper
|-unboost|p2a: Physical Trapper|atk|1
|-unboost|p2a: Physical Trapper|spa|1
|
|t:|1757898632
|switch|p1a: Landorus|Landorus-Therian, M|59/100|[from] Parting Shot
|-ability|p1a: Landorus|Intimidate|boost
|-unboost|p2a: Physical Trapper|atk|1
|-curestatus|p2a: Physical Trapper|slp|[msg]
|move|p2a: Physical Trapper|Curse|p1a: Landorus
|-start|p1a: Landorus|Curse|[of] p2a: Physical Trapper
|-damage|p2a: Physical Trapper|40/100
|
|-damage|p1a: Landorus|34/100|[from] Curse
|upkeep
|turn|30
|
|t:|1757898634
|move|p1a: Landorus|Stealth Rock|p2a: Physical Trapper
|-sidestart|p2: mathismathin|move: Stealth Rock
|move|p2a: Physical Trapper|Rest|p2a: Physical Trapper
|-status|p2a: Physical Trapper|slp|[from] move: Rest
|-heal|p2a: Physical Trapper|100/100 slp|[silent]
|
|-damage|p1a: Landorus|9/100|[from] Curse
|upkeep
|turn|31
|
|t:|1757898643
|move|p1a: Landorus|U-turn|p2a: Physical Trapper
|-resisted|p2a: Physical Trapper
|-damage|p2a: Physical Trapper|95/100 slp
|
|t:|1757898650
|switch|p1a: Pecharunt|Pecharunt|100/100|[from] U-turn
|cant|p2a: Physical Trapper|slp
|
|upkeep
|turn|32
|
|t:|1757898667
|switch|p2a: Blissey|Blissey, F|100/100
|move|p1a: Pecharunt|Shadow Ball|p2a: Blissey
|-immune|p2a: Blissey
|
|upkeep
|turn|33
|
|t:|1757898671
|move|p1a: Pecharunt|Malignant Chain|p2a: Blissey
|-damage|p2a: Blissey|91/100
|move|p2a: Blissey|Metronome|p2a: Blissey
|move|p2a: Blissey|Teatime||[from] move: Metronome|[still]
|-fieldactivate|move: Teatime
|-fail|p2a: Blissey|move: Teatime
|
|upkeep
|turn|34
|
|t:|1757898688
|move|p1a: Pecharunt|Malignant Chain|p2a: Blissey
|-damage|p2a: Blissey|81/100
|-status|p2a: Blissey|tox
|-start|p2a: Blissey|confusion|[from] ability: Poison Puppeteer|[of] p1a: Pecharunt
|-activate|p2a: Blissey|confusion
|move|p2a: Blissey|Metronome|p2a: Blissey
|move|p2a: Blissey|Lunge|p1a: Pecharunt|[from] move: Metronome
|-resisted|p1a: Pecharunt
|-damage|p1a: Pecharunt|99/100
|-unboost|p1a: Pecharunt|atk|1
|
|-damage|p2a: Blissey|75/100 tox|[from] psn
|upkeep
|turn|35
|
|t:|1757898710
|move|p1a: Pecharunt|Parting Shot|p2a: Blissey
|-unboost|p2a: Blissey|atk|1
|-unboost|p2a: Blissey|spa|1
|
|t:|1757898715
|switch|p1a: Landorus|Landorus-Therian, M|9/100|[from] Parting Shot
|-ability|p1a: Landorus|Intimidate|boost
|-unboost|p2a: Blissey|atk|1
|-activate|p2a: Blissey|confusion
|move|p2a: Blissey|Soft-Boiled|p2a: Blissey
|-heal|p2a: Blissey|100/100 tox
|
|-damage|p2a: Blissey|88/100 tox|[from] psn
|upkeep
|turn|36
|
|t:|1757898729
|-curestatus|p2a: Blissey|tox|[from] ability: Natural Cure
|switch|p2a: Slowbro|Slowbro, F|100/100 par
|-damage|p2a: Slowbro|88/100 par|[from] Stealth Rock
|move|p1a: Landorus|U-turn|p2a: Slowbro
|-supereffective|p2a: Slowbro
|-damage|p2a: Slowbro|63/100 par
|-damage|p1a: Landorus|0 fnt|[from] item: Rocky Helmet|[of] p2a: Slowbro
|faint|p1a: Landorus
|
|upkeep
|
|t:|1757898737
|switch|p1a: Kingambit|Kingambit, F|100/100
|-activate|p1a: Kingambit|ability: Supreme Overlord
|-start|p1a: Kingambit|fallen2|[silent]
|turn|37
|inactive|Battle timer is ON: inactive players will automatically lose when time's up. (requested by mathismathin)
|
|t:|1757898741
|switch|p2a: Infernape|Infernape, M|100/100
|-damage|p2a: Infernape|88/100|[from] Stealth Rock
|move|p1a: Kingambit|Kowtow Cleave|p2a: Infernape
|-resisted|p2a: Infernape
|-damage|p2a: Infernape|63/100
|-damage|p1a: Kingambit|84/100|[from] item: Rocky Helmet|[of] p2a: Infernape
|
|-heal|p1a: Kingambit|90/100|[from] item: Leftovers
|upkeep
|turn|38
|
|t:|1757898745
|-end|p1a: Kingambit|fallen2|[silent]
|switch|p1a: Pecharunt|Pecharunt|99/100
|move|p2a: Infernape|Slack Off|p2a: Infernape
|-heal|p2a: Infernape|100/100
|
|upkeep
|turn|39
|
|t:|1757898757
|switch|p2a: Blissey|Blissey, F|88/100
|move|p1a: Pecharunt|Malignant Chain|p2a: Blissey
|-damage|p2a: Blissey|79/100
|
|upkeep
|turn|40
|
|t:|1757898760
|move|p1a: Pecharunt|Malignant Chain|p2a: Blissey
|-damage|p2a: Blissey|70/100
|-status|p2a: Blissey|tox
|-start|p2a: Blissey|confusion|[from] ability: Poison Puppeteer|[of] p1a: Pecharunt
|-activate|p2a: Blissey|confusion
|move|p2a: Blissey|Shadow Ball|p1a: Pecharunt
|-supereffective|p1a: Pecharunt
|-damage|p1a: Pecharunt|71/100
|
|-damage|p2a: Blissey|64/100 tox|[from] psn
|upkeep
|turn|41
|
|t:|1757898769
|-curestatus|p2a: Blissey|tox|[from] ability: Natural Cure
|switch|p2a: Tornadus|Tornadus-Therian, M|51/100 par
|move|p1a: Pecharunt|Parting Shot|p2a: Tornadus
|-unboost|p2a: Tornadus|atk|1
|-unboost|p2a: Tornadus|spa|1
|
|t:|1757898775
|switch|p1a: Ogerpon|Ogerpon-Cornerstone, F|100/100|[from] Parting Shot
|
|upkeep
|turn|42
|
|t:|1757898780
|switch|p2a: Lilligant|Lilligant-Hisui, F|100/100
|move|p1a: Ogerpon|Swords Dance|p1a: Ogerpon
|-boost|p1a: Ogerpon|atk|2
|
|upkeep
|turn|43
|
|t:|1757898792
|-terastallize|p1a: Ogerpon|Rock
|detailschange|p1a: Ogerpon|Ogerpon-Cornerstone-Tera, F, tera:Rock
|-ability|p1a: Ogerpon|Embody Aspect (Cornerstone)|boost
|-boost|p1a: Ogerpon|def|1
|move|p1a: Ogerpon|Ivy Cudgel|p2a: Lilligant|[anim] Ivy Cudgel Rock
|-resisted|p2a: Lilligant
|-crit|p2a: Lilligant
|-damage|p2a: Lilligant|0 fnt
|faint|p2a: Lilligant
|
|upkeep
|c|☆mathismathin|ggwp
|-message|mathismathin forfeited.
|
|win|Tactical_foul
|raw|Tactical_foul's rating: 1505 &rarr; <strong>1532</strong><br />(+27 for winning)
|raw|mathismathin's rating: 1636 &rarr; <strong>1609</strong><br />(-27 for losing)
|l|☆mathismathin
|player|p2|
|l|☆Tactical_foul
|player|p1|
