|j|☆NaoAgawa
|j|☆Gimmicko
|t:|1757948838
|gametype|singles
|player|p1|NaoAgawa|acetrainer-gen4dp|1114
|player|p2|Gimmicko|170|1130
|gen|9
|tier|[Gen 9] OU
|rated|
|rule|HP Percentage Mod: HP is shown in percentages
|rule|Endless Battle Clause: Forcing endless battles is banned
|rule|Species Clause: Limit one of each Pokémon
|rule|OHKO Clause: OHKO moves are banned
|rule|Evasion Items Clause: Evasion items are banned
|rule|Evasion Moves Clause: Evasion moves are banned
|rule|Evasion Abilities Clause: Evasion abilities are banned
|rule|Sleep Moves Clause: Sleep-inducing moves are banned
|clearpoke
|poke|p1|Pelipper, M|
|poke|p1|Vileplume, M|
|poke|p1|Espeon, F|
|poke|p1|Scyther, M|
|poke|p1|Eelektross, M|
|poke|p1|Hydreigon, M|
|poke|p2|Magmar, F|
|poke|p2|Quagsire, F|
|poke|p2|Muk-Alola, F|
|poke|p2|Torterra, F|
|poke|p2|Cramorant, F|
|poke|p2|Dusclops, F|
|teampreview
|
|t:|1757948841
|teamsize|p1|6
|teamsize|p2|6
|start
|switch|p1a: Scyther|Scyther, M, shiny|100/100
|switch|p2a: Magmar|Magmar, F|100/100
|turn|1
|inactive|Battle timer is ON: inactive players will automatically lose when time's up. (requested by Gimmicko)
|
|t:|1757948851
|-terastallize|p1a: Scyther|Flying
|move|p1a: Scyther|Trailblaze|p2a: Magmar
|-resisted|p2a: Magmar
|-damage|p2a: Magmar|86/100
|-boost|p1a: Scyther|spe|1
|-status|p1a: Scyther|brn|[from] ability: Flame Body|[of] p2a: Magmar
|move|p2a: Magmar|Knock Off|p1a: Scyther
|-damage|p1a: Scyther|78/100 brn
|-enditem|p1a: Scyther|Eviolite|[from] move: Knock Off|[of] p2a: Magmar
|
|-damage|p1a: Scyther|72/100 brn|[from] brn
|upkeep
|turn|2
|
|t:|1757948863
|move|p1a: Scyther|Dual Wingbeat|p2a: Magmar|[miss]
|-miss|p1a: Scyther|p2a: Magmar
|move|p2a: Magmar|Flamethrower|p1a: Scyther
|-damage|p1a: Scyther|8/100 brn
|
|-damage|p1a: Scyther|2/100 brn|[from] brn
|upkeep
|turn|3
|
|t:|1757948875
|move|p2a: Magmar|Mach Punch|p1a: Scyther
|-resisted|p1a: Scyther
|-damage|p1a: Scyther|0 fnt
|faint|p1a: Scyther
|
|upkeep
|
|t:|1757948881
|switch|p1a: Espeon|Espeon, F, shiny|100/100
|turn|4
|
|t:|1757948894
|move|p1a: Espeon|Calm Mind|p1a: Espeon
|-boost|p1a: Espeon|spa|1
|-boost|p1a: Espeon|spd|1
|move|p2a: Magmar|Knock Off|p1a: Espeon
|-supereffective|p1a: Espeon
|-damage|p1a: Espeon|25/100
|-enditem|p1a: Espeon|Leftovers|[from] move: Knock Off|[of] p2a: Magmar
|
|upkeep
|turn|5
|inactive|NaoAgawa has 120 seconds left.
|
|t:|1757948943
|switch|p2a: Muk|Muk-Alola, F|100/100
|move|p1a: Espeon|Stored Power|p2a: Muk
|-immune|p2a: Muk
|
|upkeep
|turn|6
|
|t:|1757948960
|move|p1a: Espeon|Draining Kiss|p2a: Muk
|-damage|p2a: Muk|83/100
|-heal|p1a: Espeon|45/100|[from] drain|[of] p2a: Muk
|move|p2a: Muk|Knock Off|p1a: Espeon
|-supereffective|p1a: Espeon
|-damage|p1a: Espeon|0 fnt
|faint|p1a: Espeon
|
|-heal|p2a: Muk|89/100|[from] item: Leftovers
|upkeep
|
|t:|1757948974
|switch|p1a: Pelipper|Pelipper, M, shiny|100/100
|-weather|RainDance|[from] ability: Drizzle|[of] p1a: Pelipper
|turn|7
|
|t:|1757948980
|move|p1a: Pelipper|Weather Ball|p2a: Muk
|-damage|p2a: Muk|37/100
|move|p2a: Muk|Knock Off|p1a: Pelipper
|-damage|p1a: Pelipper|54/100
|-status|p1a: Pelipper|psn|[from] ability: Poison Touch|[of] p2a: Muk
|-enditem|p1a: Pelipper|Damp Rock|[from] move: Knock Off|[of] p2a: Muk
|
|-weather|RainDance|[upkeep]
|-heal|p2a: Muk|43/100|[from] item: Leftovers
|-damage|p1a: Pelipper|41/100 psn|[from] psn
|upkeep
|turn|8
|
|t:|1757948996
|switch|p2a: Quagsire|Quagsire, F, shiny|100/100
|move|p1a: Pelipper|Tailwind|p1a: Pelipper
|-sidestart|p1: NaoAgawa|move: Tailwind
|
|-weather|RainDance|[upkeep]
|-damage|p1a: Pelipper|29/100 psn|[from] psn
|upkeep
|turn|9
|
|t:|1757949004
|move|p1a: Pelipper|Hurricane|p2a: Quagsire
|-damage|p2a: Quagsire|47/100
|-start|p2a: Quagsire|confusion
|-activate|p2a: Quagsire|confusion
|-damage|p2a: Quagsire|41/100|[from] confusion
|
|-weather|RainDance|[upkeep]
|-heal|p2a: Quagsire|47/100|[from] item: Leftovers
|-damage|p1a: Pelipper|17/100 psn|[from] psn
|upkeep
|turn|10
|
|t:|1757949013
|move|p1a: Pelipper|Hurricane|p2a: Quagsire
|-damage|p2a: Quagsire|0 fnt
|faint|p2a: Quagsire
|
|-weather|RainDance|[upkeep]
|-damage|p1a: Pelipper|5/100 psn|[from] psn
|upkeep
|
|t:|1757949021
|switch|p2a: Magmar|Magmar, F|86/100
|turn|11
|
|t:|1757949026
|move|p2a: Magmar|Mach Punch|p1a: Pelipper
|-resisted|p1a: Pelipper
|-damage|p1a: Pelipper|1/100 psn
|move|p1a: Pelipper|Weather Ball|p2a: Magmar
|-supereffective|p2a: Magmar
|-damage|p2a: Magmar|0 fnt
|faint|p2a: Magmar
|
|-weather|RainDance|[upkeep]
|-damage|p1a: Pelipper|0 fnt|[from] psn
|faint|p1a: Pelipper
|-sideend|p1: NaoAgawa|move: Tailwind
|upkeep
|inactive|NaoAgawa has 120 seconds left.
|
|t:|1757949051
|switch|p2a: Cramorant|Cramorant, F|100/100
|switch|p1a: Hydreigon|Hydreigon, M, shiny|100/100
|turn|12
|inactive|NaoAgawa has 120 seconds left.
|
|t:|1757949059
|move|p1a: Hydreigon|Draco Meteor|p2a: Cramorant
|-damage|p2a: Cramorant|56/100
|-unboost|p1a: Hydreigon|spa|2
|move|p2a: Cramorant|Surf|p1a: Hydreigon
|-formechange|p2a: Cramorant|Cramorant-Gulping|
|-resisted|p1a: Hydreigon
|-damage|p1a: Hydreigon|78/100
|
|-weather|RainDance|[upkeep]
|upkeep
|turn|13
|inactive|NaoAgawa has 120 seconds left.
|
|t:|1757949070
|switch|p1a: Eelektross|Eelektross, M, shiny|100/100
|move|p2a: Cramorant|Roost|p2a: Cramorant
|-heal|p2a: Cramorant|100/100
|-singleturn|p2a: Cramorant|move: Roost
|
|-weather|RainDance|[upkeep]
|upkeep
|turn|14
|
|t:|1757949078
|-terastallize|p2a: Cramorant|Ground
|move|p2a: Cramorant|Surf|p1a: Eelektross
|-damage|p1a: Eelektross|76/100
|move|p1a: Eelektross|Thunder|p2a: Cramorant
|-immune|p2a: Cramorant
|
|-weather|none
|upkeep
|turn|15
|
|t:|1757949087
|move|p2a: Cramorant|Surf|p1a: Eelektross
|-damage|p1a: Eelektross|59/100
|move|p1a: Eelektross|Giga Drain|p2a: Cramorant
|-supereffective|p2a: Cramorant
|-damage|p2a: Cramorant|65/100
|-heal|p1a: Eelektross|79/100|[from] drain|[of] p2a: Cramorant
|-damage|p1a: Eelektross|54/100|[from] ability: Gulp Missile|[of] p2a: Cramorant
|-unboost|p1a: Eelektross|def|1
|-formechange|p2a: Cramorant|Cramorant|
|
|upkeep
|turn|16
|
|t:|1757949102
|move|p2a: Cramorant|Surf|p1a: Eelektross
|-formechange|p2a: Cramorant|Cramorant-Gulping|
|-damage|p1a: Eelektross|37/100
|move|p1a: Eelektross|Giga Drain|p2a: Cramorant
|-supereffective|p2a: Cramorant
|-damage|p2a: Cramorant|33/100
|-heal|p1a: Eelektross|54/100|[from] drain|[of] p2a: Cramorant
|-damage|p1a: Eelektross|29/100|[from] ability: Gulp Missile|[of] p2a: Cramorant
|-unboost|p1a: Eelektross|def|1
|-formechange|p2a: Cramorant|Cramorant|
|
|upkeep
|turn|17
|
|t:|1757949113
|switch|p2a: Muk|Muk-Alola, F|43/100
|move|p1a: Eelektross|Giga Drain|p2a: Muk
|-resisted|p2a: Muk
|-damage|p2a: Muk|34/100
|-heal|p1a: Eelektross|36/100|[from] drain|[of] p2a: Muk
|
|-heal|p2a: Muk|40/100|[from] item: Leftovers
|upkeep
|turn|18
|
|t:|1757949126
|move|p2a: Muk|Drain Punch|p1a: Eelektross
|-damage|p1a: Eelektross|0 fnt
|-heal|p2a: Muk|53/100|[from] drain|[of] p1a: Eelektross
|faint|p1a: Eelektross
|
|-heal|p2a: Muk|59/100|[from] item: Leftovers
|upkeep
|
|t:|1757949129
|switch|p1a: Hydreigon|Hydreigon, M, shiny|78/100
|turn|19
|
|t:|1757949134
|move|p1a: Hydreigon|Earth Power|p2a: Muk
|-supereffective|p2a: Muk
|-damage|p2a: Muk|7/100
|-unboost|p2a: Muk|spd|1
|move|p2a: Muk|Drain Punch|p1a: Hydreigon
|-supereffective|p1a: Hydreigon
|-damage|p1a: Hydreigon|24/100
|-heal|p2a: Muk|28/100|[from] drain|[of] p1a: Hydreigon
|
|-heal|p2a: Muk|34/100|[from] item: Leftovers
|upkeep
|turn|20
|
|t:|1757949145
|switch|p2a: Dusclops|Dusclops, F|100/100
|-ability|p2a: Dusclops|Pressure
|move|p1a: Hydreigon|Earth Power|p2a: Dusclops
|-damage|p2a: Dusclops|87/100
|
|upkeep
|turn|21
|
|t:|1757949152
|switch|p1a: Vileplume|Vileplume, M, shiny|100/100
|move|p2a: Dusclops|Curse|p1a: Vileplume
|-start|p1a: Vileplume|Curse|[of] p2a: Dusclops
|-damage|p2a: Dusclops|37/100
|
|-damage|p1a: Vileplume|76/100|[from] Curse
|upkeep
|turn|22
|
|t:|1757949162
|move|p1a: Vileplume|Leech Seed|p2a: Dusclops
|-start|p2a: Dusclops|move: Leech Seed
|move|p2a: Dusclops|Leech Life|p1a: Vileplume
|-damage|p1a: Vileplume|60/100
|-heal|p2a: Dusclops|45/100|[from] drain|[of] p1a: Vileplume
|
|-heal|p1a: Vileplume|66/100|[from] item: Black Sludge
|-damage|p2a: Dusclops|33/100|[from] Leech Seed|[of] p1a: Vileplume
|-heal|p1a: Vileplume|78/100|[silent]
|-damage|p1a: Vileplume|53/100|[from] Curse
|upkeep
|turn|23
|
|t:|1757949175
|switch|p2a: Cramorant|Cramorant, F, tera:Ground|33/100
|move|p1a: Vileplume|Protect||[still]
|-fail|p1a: Vileplume
|
|-heal|p1a: Vileplume|60/100|[from] item: Black Sludge
|-damage|p1a: Vileplume|35/100|[from] Curse
|upkeep
|turn|24
|
|t:|1757949184
|switch|p2a: Torterra|Torterra, F|100/100
|switch|p1a: Hydreigon|Hydreigon, M, shiny|24/100
|
|upkeep
|turn|25
|
|t:|1757949195
|switch|p2a: Dusclops|Dusclops, F|33/100
|-ability|p2a: Dusclops|Pressure
|move|p1a: Hydreigon|Dark Pulse|p2a: Dusclops
|-supereffective|p2a: Dusclops
|-damage|p2a: Dusclops|0 fnt
|faint|p2a: Dusclops
|
|upkeep
|
|t:|1757949202
|switch|p2a: Muk|Muk-Alola, F|34/100
|turn|26
|
|t:|1757949207
|move|p1a: Hydreigon|Dark Pulse|p2a: Muk
|-resisted|p2a: Muk
|-damage|p2a: Muk|17/100
|move|p2a: Muk|Drain Punch|p1a: Hydreigon
|-supereffective|p1a: Hydreigon
|-damage|p1a: Hydreigon|0 fnt
|-heal|p2a: Muk|27/100|[from] drain|[of] p1a: Hydreigon
|faint|p1a: Hydreigon
|
|-heal|p2a: Muk|33/100|[from] item: Leftovers
|upkeep
|
|t:|1757949213
|switch|p1a: Vileplume|Vileplume, M, shiny|35/100
|turn|27
|
|t:|1757949216
|move|p2a: Muk|Gunk Shot|p1a: Vileplume|[miss]
|-miss|p2a: Muk|p1a: Vileplume
|move|p1a: Vileplume|Leech Seed|p2a: Muk|[miss]
|-miss|p1a: Vileplume|p2a: Muk
|
|-heal|p2a: Muk|39/100|[from] item: Leftovers
|-heal|p1a: Vileplume|41/100|[from] item: Black Sludge
|upkeep
|turn|28
|
|t:|1757949226
|move|p2a: Muk|Gunk Shot|p1a: Vileplume
|-crit|p1a: Vileplume
|-damage|p1a: Vileplume|0 fnt
|faint|p1a: Vileplume
|
|win|Gimmicko
|raw|NaoAgawa's rating: 1114 &rarr; <strong>1090</strong><br />(-24 for losing)
|raw|Gimmicko's rating: 1130 &rarr; <strong>1154</strong><br />(+24 for winning)
|l|☆Gimmicko
|player|p2|
|l|☆NaoAgawa
|player|p1|
