|j|☆aloiizx
|j|☆spookyaudrey
|t:|1757827173
|gametype|singles
|player|p1|aloiizx|266|1118
|player|p2|spookyaudrey|clown|1147
|gen|9
|tier|[Gen 9] OU
|rated|
|rule|HP Percentage Mod: HP is shown in percentages
|rule|Endless Battle Clause: Forcing endless battles is banned
|rule|Species Clause: Limit one of each Pokémon
|rule|OHKO Clause: OHKO moves are banned
|rule|Evasion Items Clause: Evasion items are banned
|rule|Evasion Moves Clause: Evasion moves are banned
|rule|Evasion Abilities Clause: Evasion abilities are banned
|rule|Sleep Moves Clause: Sleep-inducing moves are banned
|clearpoke
|poke|p1|Rotom-Frost|
|poke|p1|Regice|
|poke|p1|Abomasnow, M|
|poke|p1|Sandslash-Alola, M|
|poke|p1|Froslass, F|
|poke|p1|Crabominable, M|
|poke|p2|Pelipper, F|
|poke|p2|Overqwil, F|
|poke|p2|Lapras, F|
|poke|p2|Swampert, F|
|poke|p2|Dragonite, F|
|poke|p2|Electrode-Hisui|
|teampreview
|inactive|Battle timer is ON: inactive players will automatically lose when time's up. (requested by spookyaudrey)
|inactive|aloiizx also wants the timer to be on.
|
|t:|1757827179
|teamsize|p1|6
|teamsize|p2|6
|start
|switch|p1a: Abomasnow|Abomasnow, M|100/100
|switch|p2a: Electrode|Electrode-Hisui|100/100
|-weather|Snowscape|[from] ability: Snow Warning|[of] p1a: Abomasnow
|turn|1
|
|t:|1757827197
|move|p2a: Electrode|Rain Dance|p2a: Electrode
|-weather|RainDance
|move|p1a: Abomasnow|Blizzard|p2a: Electrode
|-supereffective|p2a: Electrode
|-damage|p2a: Electrode|0 fnt
|faint|p2a: Electrode
|
|-weather|RainDance|[upkeep]
|upkeep
|
|t:|1757827208
|switch|p2a: Overqwil|Overqwil, F|100/100
|turn|2
|
|t:|1757827216
|switch|p1a: Regice|Regice, shiny|100/100
|move|p2a: Overqwil|Poison Jab|p1a: Regice
|-crit|p1a: Regice
|-damage|p1a: Regice|61/100
|-status|p1a: Regice|psn
|
|-weather|RainDance|[upkeep]
|-heal|p1a: Regice|67/100 psn|[from] item: Leftovers
|-damage|p1a: Regice|54/100 psn|[from] psn
|upkeep
|turn|3
|
|t:|1757827230
|move|p2a: Overqwil|Waterfall|p1a: Regice
|-damage|p1a: Regice|28/100 psn
|move|p1a: Regice|Hammer Arm|p2a: Overqwil
|-damage|p2a: Overqwil|85/100
|-unboost|p1a: Regice|spe|1
|
|-weather|RainDance|[upkeep]
|-heal|p1a: Regice|34/100 psn|[from] item: Leftovers
|-damage|p1a: Regice|22/100 psn|[from] psn
|upkeep
|turn|4
|
|t:|1757827250
|switch|p1a: Abomasnow|Abomasnow, M|100/100
|-weather|Snowscape|[from] ability: Snow Warning|[of] p1a: Abomasnow
|move|p2a: Overqwil|Poison Jab|p1a: Abomasnow
|-supereffective|p1a: Abomasnow
|-damage|p1a: Abomasnow|33/100
|
|-weather|Snowscape|[upkeep]
|upkeep
|turn|5
|
|t:|1757827261
|switch|p1a: Sandslash|Sandslash-Alola, M|100/100
|move|p2a: Overqwil|Poison Jab|p1a: Sandslash
|-immune|p1a: Sandslash
|
|-weather|Snowscape|[upkeep]
|upkeep
|turn|6
|
|t:|1757827273
|switch|p2a: Pelipper|Pelipper, F, shiny|100/100
|-weather|RainDance|[from] ability: Drizzle|[of] p2a: Pelipper
|move|p1a: Sandslash|Swords Dance|p1a: Sandslash
|-boost|p1a: Sandslash|atk|2
|
|-weather|RainDance|[upkeep]
|upkeep
|turn|7
|
|t:|1757827283
|move|p2a: Pelipper|Weather Ball|p1a: Sandslash
|-damage|p1a: Sandslash|21/100
|move|p1a: Sandslash|Triple Axel|p2a: Pelipper
|-damage|p2a: Pelipper|71/100
|-damage|p2a: Pelipper|7/100
|-damage|p2a: Pelipper|0 fnt
|faint|p2a: Pelipper
|-hitcount|p2: Pelipper|3
|-damage|p1a: Sandslash|11/100|[from] item: Life Orb
|
|-weather|RainDance|[upkeep]
|upkeep
|
|t:|1757827290
|switch|p2a: Dragonite|Dragonite, F|100/100
|turn|8
|l|☆aloiizx
|inactive|aloiizx disconnected and has a minute to reconnect!
|player|p1|
|inactive|aloiizx has 30 seconds to reconnect!
|inactive|aloiizx has 20 seconds to reconnect!
|inactive|aloiizx has 15 seconds to reconnect!
|inactive|aloiizx has 10 seconds to reconnect!
|inactive|aloiizx has 5 seconds to reconnect!
|j|☆aloiizx
|inactive|aloiizx reconnected and has 90 seconds left.
|player|p1|aloiizx|266|
|
|t:|1757827357
|move|p2a: Dragonite|Extreme Speed|p1a: Sandslash
|-resisted|p1a: Sandslash
|-damage|p1a: Sandslash|0 fnt
|faint|p1a: Sandslash
|
|-weather|RainDance|[upkeep]
|upkeep
|
|t:|1757827366
|switch|p1a: Abomasnow|Abomasnow, M|33/100
|-weather|Snowscape|[from] ability: Snow Warning|[of] p1a: Abomasnow
|turn|9
|inactive|aloiizx has 90 seconds left.
|
|t:|1757827385
|-terastallize|p2a: Dragonite|Fairy
|move|p2a: Dragonite|Dragon Dance|p2a: Dragonite
|-boost|p2a: Dragonite|atk|1
|-boost|p2a: Dragonite|spe|1
|move|p1a: Abomasnow|Blizzard|p2a: Dragonite
|-damage|p2a: Dragonite|79/100
|
|-weather|Snowscape|[upkeep]
|upkeep
|turn|10
|inactive|aloiizx has 90 seconds left.
|
|t:|1757827417
|switch|p1a: Rotom|Rotom-Frost|100/100
|move|p2a: Dragonite|Fly||[still]
|-prepare|p2a: Dragonite|Fly
|
|-weather|Snowscape|[upkeep]
|upkeep
|turn|11
|
|t:|1757827438
|move|p2a: Dragonite|Fly|p1a: Rotom|[from] lockedmove
|-resisted|p1a: Rotom
|-damage|p1a: Rotom|67/100
|move|p1a: Rotom|Volt Switch|p2a: Dragonite
|-damage|p2a: Dragonite|42/100
|
|t:|1757827446
|switch|p1a: Froslass|Froslass, F|100/100|[from] Volt Switch
|
|-weather|Snowscape|[upkeep]
|upkeep
|turn|12
|-message|spookyaudrey forfeited.
|
|win|aloiizx
|raw|aloiizx's rating: 1118 &rarr; <strong>1145</strong><br />(+27 for winning)
|raw|spookyaudrey's rating: 1147 &rarr; <strong>1120</strong><br />(-27 for losing)
|l|☆spookyaudrey
|player|p2|
|l|☆aloiizx
|player|p1|
