|j|☆Silvermoon95
|j|☆LonelySxNner
|t:|1757830795
|gametype|singles
|player|p1|Silvermoon95|2|1409
|player|p2|LonelySxNner|266|1415
|gen|9
|tier|[Gen 9] OU
|rated|
|rule|HP Percentage Mod: HP is shown in percentages
|rule|Endless Battle Clause: Forcing endless battles is banned
|rule|Species Clause: Limit one of each Pokémon
|rule|OHKO Clause: OHKO moves are banned
|rule|Evasion Items Clause: Evasion items are banned
|rule|Evasion Moves Clause: Evasion moves are banned
|rule|Evasion Abilities Clause: Evasion abilities are banned
|rule|Sleep Moves Clause: Sleep-inducing moves are banned
|clearpoke
|poke|p1|Hoopa-Unbound|
|poke|p1|Alomomola, F|
|poke|p1|Slowking-Galar, M|
|poke|p1|Cinderace, F|
|poke|p1|Dragapult, M|
|poke|p1|Primarina, F|
|poke|p2|Meloetta|
|poke|p2|Azelf|
|poke|p2|Ceruledge, M|
|poke|p2|Grimmsnarl, M|
|poke|p2|Greninja-*, M|
|poke|p2|Hoopa-Unbound|
|teampreview
|
|t:|1757830818
|teamsize|p1|6
|teamsize|p2|6
|start
|switch|p1a: Slow Prince|Slowking-Galar, M|100/100
|switch|p2a: Grimmsnarl|Grimmsnarl, M|100/100
|turn|1
|
|t:|1757830829
|move|p2a: Grimmsnarl|Light Screen|p2a: Grimmsnarl
|-sidestart|p2: LonelySxNner|move: Light Screen
|move|p1a: Slow Prince|Thunder Wave|p2a: Grimmsnarl
|-status|p2a: Grimmsnarl|par
|
|upkeep
|turn|2
|
|t:|1757830833
|cant|p2a: Grimmsnarl|par
|-prepare|p1a: Slow Prince|Chilly Reception|[premajor]
|move|p1a: Slow Prince|Chilly Reception|p1a: Slow Prince
|-weather|Snowscape
|inactive|Battle timer is ON: inactive players will automatically lose when time's up. (requested by LonelySxNner)
|
|t:|1757830850
|switch|p1a: Cinderace|Cinderace, F|100/100|[from] Chilly Reception
|
|-weather|Snowscape|[upkeep]
|upkeep
|turn|3
|
|t:|1757830853
|move|p2a: Grimmsnarl|Taunt|p1a: Cinderace
|-start|p1a: Cinderace|move: Taunt
|move|p1a: Cinderace|Pyro Ball|p2a: Grimmsnarl
|-damage|p2a: Grimmsnarl|39/100 par
|
|-weather|Snowscape|[upkeep]
|upkeep
|turn|4
|
|t:|1757830859
|move|p2a: Grimmsnarl|Reflect|p2a: Grimmsnarl
|-sidestart|p2: LonelySxNner|Reflect
|move|p1a: Cinderace|Pyro Ball|p2a: Grimmsnarl|[miss]
|-miss|p1a: Cinderace|p2a: Grimmsnarl
|
|-weather|Snowscape|[upkeep]
|upkeep
|turn|5
|
|t:|1757830865
|move|p2a: Grimmsnarl|Parting Shot|p1a: Cinderace
|-unboost|p1a: Cinderace|atk|1
|-unboost|p1a: Cinderace|spa|1
|
|t:|1757830867
|switch|p2a: Greninja|Greninja, M|100/100|[from] Parting Shot
|move|p1a: Cinderace|Pyro Ball|p2a: Greninja
|-resisted|p2a: Greninja
|-damage|p2a: Greninja|84/100
|
|-weather|Snowscape|[upkeep]
|-end|p1a: Cinderace|move: Taunt
|upkeep
|turn|6
|
|t:|1757830879
|switch|p1a: A 8 Patas|Hoopa-Unbound|100/100
|move|p2a: Greninja|Switcheroo|p1a: A 8 Patas
|-activate|p2a: Greninja|move: Trick|[of] p1a: A 8 Patas
|-item|p1a: A 8 Patas|Choice Specs|[from] move: Switcheroo
|-item|p2a: Greninja|Assault Vest|[from] move: Switcheroo
|
|-weather|none
|upkeep
|turn|7
|
|t:|1757830903
|switch|p1a: Alo No Mola|Alomomola, F|100/100
|move|p2a: Greninja|Dark Pulse|p1a: Alo No Mola
|-damage|p1a: Alo No Mola|59/100
|
|upkeep
|turn|8
|
|t:|1757830917
|move|p2a: Greninja|Dark Pulse|p1a: Alo No Mola
|-damage|p1a: Alo No Mola|17/100
|move|p1a: Alo No Mola|Mirror Coat|p2a: Greninja
|-immune|p2a: Greninja
|
|-sideend|p2: LonelySxNner|move: Light Screen
|upkeep
|turn|9
|
|t:|1757830927
|switch|p2a: Azelf|Azelf|100/100
|switch|p1a: Primarina|Primarina, F|100/100
|
|upkeep
|turn|10
|
|t:|1757830933
|move|p2a: Azelf|Explosion|p1a: Primarina
|-enditem|p2a: Azelf|Normal Gem|[from] gem
|-damage|p1a: Primarina|0 fnt
|faint|p2a: Azelf
|faint|p1a: Primarina
|
|upkeep
|
|t:|1757830945
|switch|p2a: Greninja|Greninja, M|84/100
|switch|p1a: Alo No Mola|Alomomola, F|50/100
|turn|11
|
|t:|1757830968
|move|p2a: Greninja|Dark Pulse|p1a: Alo No Mola
|-crit|p1a: Alo No Mola
|-damage|p1a: Alo No Mola|0 fnt
|faint|p1a: Alo No Mola
|-ability|p2a: Greninja|Battle Bond|boost
|-boost|p2a: Greninja|atk|1
|-boost|p2a: Greninja|spa|1
|-boost|p2a: Greninja|spe|1
|-activate|p2a: Greninja|ability: Battle Bond
|
|-sideend|p2: LonelySxNner|Reflect
|upkeep
|
|t:|1757830975
|switch|p1a: A 8 Patas|Hoopa-Unbound|100/100
|turn|12
|
|t:|1757830984
|-terastallize|p2a: Greninja|Water
|move|p2a: Greninja|Surf|p1a: A 8 Patas
|-damage|p1a: A 8 Patas|17/100
|move|p1a: A 8 Patas|Thunderbolt|p2a: Greninja
|-supereffective|p2a: Greninja
|-damage|p2a: Greninja|0 fnt
|faint|p2a: Greninja
|
|upkeep
|
|t:|1757831009
|switch|p2a: Meloetta|Meloetta|100/100
|turn|13
|
|t:|1757831013
|switch|p1a: Slow Prince|Slowking-Galar, M|100/100
|move|p2a: Meloetta|Relic Song|p1a: Slow Prince
|-damage|p1a: Slow Prince|77/100
|-formechange|p2a: Meloetta|Meloetta-Pirouette|[msg]
|-enditem|p2a: Meloetta|Throat Spray
|-boost|p2a: Meloetta|spa|1|[from] item: Throat Spray
|
|upkeep
|turn|14
|
|t:|1757831025
|move|p2a: Meloetta|Relic Song|p1a: Slow Prince
|-damage|p1a: Slow Prince|52/100
|-formechange|p2a: Meloetta|Meloetta|[msg]
|move|p1a: Slow Prince|Thunder Wave|p2a: Meloetta
|-status|p2a: Meloetta|par
|
|upkeep
|turn|15
|
|t:|1757831038
|move|p2a: Meloetta|Hyper Voice|p1a: Slow Prince
|-damage|p1a: Slow Prince|9/100
|-prepare|p1a: Slow Prince|Chilly Reception|[premajor]
|move|p1a: Slow Prince|Chilly Reception|p1a: Slow Prince
|-weather|Snowscape
|
|t:|1757831042
|switch|p1a: Dragapult|Dragapult, M|100/100|[from] Chilly Reception
|
|-weather|Snowscape|[upkeep]
|upkeep
|turn|16
|
|t:|1757831049
|move|p1a: Dragapult|U-turn|p2a: Meloetta
|-supereffective|p2a: Meloetta
|-damage|p2a: Meloetta|32/100 par
|
|t:|1757831053
|switch|p1a: Slow Prince|Slowking-Galar, M|42/100|[from] U-turn
|move|p2a: Meloetta|Psychic|p1a: Slow Prince
|-damage|p1a: Slow Prince|0 fnt
|faint|p1a: Slow Prince
|
|-weather|Snowscape|[upkeep]
|upkeep
|
|t:|1757831070
|switch|p1a: Cinderace|Cinderace, F|100/100
|turn|17
|
|t:|1757831075
|move|p1a: Cinderace|Pyro Ball|p2a: Meloetta
|-damage|p2a: Meloetta|0 fnt
|faint|p2a: Meloetta
|
|-weather|Snowscape|[upkeep]
|upkeep
|
|t:|1757831083
|switch|p2a: Grimmsnarl|Grimmsnarl, M|39/100 par
|turn|18
|
|t:|1757831093
|move|p2a: Grimmsnarl|Reflect|p2a: Grimmsnarl
|-sidestart|p2: LonelySxNner|Reflect
|move|p1a: Cinderace|Pyro Ball|p2a: Grimmsnarl
|-damage|p2a: Grimmsnarl|9/100 par
|
|-weather|Snowscape|[upkeep]
|upkeep
|turn|19
|
|t:|1757831100
|move|p2a: Grimmsnarl|Taunt|p1a: Cinderace
|-start|p1a: Cinderace|move: Taunt
|move|p1a: Cinderace|U-turn|p2a: Grimmsnarl
|-start|p1a: Cinderace|typechange|Bug|[from] ability: Libero
|-damage|p2a: Grimmsnarl|0 fnt
|faint|p2a: Grimmsnarl
|
|t:|1757831110
|switch|p1a: Dragapult|Dragapult, M|100/100|[from] U-turn
|
|-weather|none
|upkeep
|
|t:|1757831114
|switch|p2a: Ceruledge|Ceruledge, M|100/100
|turn|20
|
|t:|1757831139
|-terastallize|p1a: Dragapult|Dragon
|move|p1a: Dragapult|Dragon Darts|p2a: Ceruledge
|-damage|p2a: Ceruledge|46/100
|-ability|p2a: Ceruledge|Weak Armor|boost
|-unboost|p2a: Ceruledge|def|1
|-boost|p2a: Ceruledge|spe|2
|-anim|p1a: Dragapult|Dragon Darts|p2a: Ceruledge
|-damage|p2a: Ceruledge|0 fnt
|faint|p2a: Ceruledge
|
|upkeep
|-message|LonelySxNner forfeited.
|
|win|Silvermoon95
|raw|Silvermoon95's rating: 1409 &rarr; <strong>1429</strong><br />(+20 for winning)
|raw|LonelySxNner's rating: 1415 &rarr; <strong>1395</strong><br />(-20 for losing)
|l|☆LonelySxNner
|player|p2|
|l|☆Silvermoon95
|player|p1|
