|j|‽ayerbe
|j|☆faless
|t:|1757944545
|gametype|singles
|player|p1|ayerbe|blackbelt-gen4dp|1573
|player|p2|faless|kimonogirl-gen2|1567
|gen|9
|tier|[Gen 9] OU
|rated|
|rule|HP Percentage Mod: HP is shown in percentages
|rule|Endless Battle Clause: Forcing endless battles is banned
|rule|Species Clause: Limit one of each Pokémon
|rule|OHKO Clause: OHKO moves are banned
|rule|Evasion Items Clause: Evasion items are banned
|rule|Evasion Moves Clause: Evasion moves are banned
|rule|Evasion Abilities Clause: Evasion abilities are banned
|rule|Sleep Moves Clause: Sleep-inducing moves are banned
|clearpoke
|poke|p1|Scizor, M|
|poke|p1|Garganacl, M|
|poke|p1|Great Tusk|
|poke|p1|Raging Bolt|
|poke|p1|Ting-Lu|
|poke|p1|Gholdengo|
|poke|p2|Scizor, M|
|poke|p2|Kingambit, F|
|poke|p2|Samurott-Hisui, F|
|poke|p2|Dragapult, M|
|poke|p2|Dragonite, F|
|poke|p2|Hoopa-Unbound|
|teampreview
|inactive|Battle timer is ON: inactive players will automatically lose when time's up. (requested by ayerbe)
|
|t:|1757944549
|teamsize|p1|6
|teamsize|p2|6
|start
|switch|p1a: Scizor|Scizor, M|100/100
|switch|p2a: SWAGGED OFF A PILL|Dragapult, M|100/100
|turn|1
|
|t:|1757944553
|switch|p1a: Ting-Lu|Ting-Lu|100/100
|-ability|p1a: Ting-Lu|Vessel of Ruin
|move|p2a: SWAGGED OFF A PILL|Will-O-Wisp|p1a: Ting-Lu
|-status|p1a: Ting-Lu|brn
|
|-damage|p1a: Ting-Lu|94/100 brn|[from] brn
|upkeep
|turn|2
|
|t:|1757944561
|switch|p2a: ROTTEN $AM|Samurott-Hisui, F|100/100
|move|p1a: Ting-Lu|Stealth Rock|p2a: ROTTEN $AM
|-sidestart|p2: faless|move: Stealth Rock
|
|-heal|p1a: Ting-Lu|100/100 brn|[from] item: Leftovers
|-damage|p1a: Ting-Lu|94/100 brn|[from] brn
|upkeep
|turn|3
|
|t:|1757944564
|move|p2a: ROTTEN $AM|Razor Shell|p1a: Ting-Lu
|-supereffective|p1a: Ting-Lu
|-damage|p1a: Ting-Lu|38/100 brn
|move|p1a: Ting-Lu|Spikes|p2a: ROTTEN $AM
|-sidestart|p2: faless|Spikes
|
|-heal|p1a: Ting-Lu|44/100 brn|[from] item: Leftovers
|-damage|p1a: Ting-Lu|38/100 brn|[from] brn
|upkeep
|turn|4
|
|t:|1757944574
|switch|p1a: Raging Bolt|Raging Bolt|100/100
|move|p2a: ROTTEN $AM|Ceaseless Edge|p1a: Raging Bolt
|-damage|p1a: Raging Bolt|53/100
|-sidestart|p1: ayerbe|Spikes
|
|upkeep
|turn|5
|
|t:|1757944580
|move|p2a: ROTTEN $AM|Ceaseless Edge|p1a: Raging Bolt
|-damage|p1a: Raging Bolt|2/100
|-sidestart|p1: ayerbe|Spikes
|move|p1a: Raging Bolt|Volt Switch|p2a: ROTTEN $AM
|-supereffective|p2a: ROTTEN $AM
|-damage|p2a: ROTTEN $AM|0 fnt
|faint|p2a: ROTTEN $AM
|
|t:|1757944582
|-end|p1a: Raging Bolt|Protosynthesis|[silent]
|switch|p1a: Great Tusk|Great Tusk|100/100|[from] Volt Switch
|
|upkeep
|
|t:|1757944585
|switch|p2a: SWAGGED OFF A PILL|Dragapult, M|100/100
|-damage|p2a: SWAGGED OFF A PILL|88/100|[from] Stealth Rock
|-damage|p2a: SWAGGED OFF A PILL|76/100|[from] Spikes
|turn|6
|
|t:|1757944591
|-end|p1a: Great Tusk|Protosynthesis|[silent]
|switch|p1a: Raging Bolt|Raging Bolt|2/100
|-damage|p1a: Raging Bolt|0 fnt|[from] Spikes
|faint|p1a: Raging Bolt
|-end|p1a: Raging Bolt|Protosynthesis|[silent]
|move|p2a: SWAGGED OFF A PILL|Will-O-Wisp|p1: Raging Bolt|[notarget]
|-fail|p2a: SWAGGED OFF A PILL
|
|upkeep
|
|t:|1757944594
|switch|p1a: Gholdengo|Gholdengo|100/100
|-damage|p1a: Gholdengo|84/100|[from] Spikes
|turn|7
|
|t:|1757944597
|move|p1a: Gholdengo|Shadow Ball|p2a: SWAGGED OFF A PILL
|-supereffective|p2a: SWAGGED OFF A PILL
|-damage|p2a: SWAGGED OFF A PILL|0 fnt
|faint|p2a: SWAGGED OFF A PILL
|
|upkeep
|
|t:|1757944603
|switch|p2a: 6RACKSONMYWRISTS|Hoopa-Unbound|100/100
|-damage|p2a: 6RACKSONMYWRISTS|88/100|[from] Stealth Rock
|-damage|p2a: 6RACKSONMYWRISTS|76/100|[from] Spikes
|turn|8
|
|t:|1757944606
|switch|p1a: Great Tusk|Great Tusk|100/100
|move|p2a: 6RACKSONMYWRISTS|Substitute|p2a: 6RACKSONMYWRISTS
|-start|p2a: 6RACKSONMYWRISTS|Substitute
|-damage|p2a: 6RACKSONMYWRISTS|51/100
|
|-heal|p2a: 6RACKSONMYWRISTS|57/100|[from] item: Leftovers
|upkeep
|turn|9
|
|t:|1757944609
|move|p1a: Great Tusk|Rapid Spin|p2a: 6RACKSONMYWRISTS
|-activate|p2a: 6RACKSONMYWRISTS|move: Substitute|[damage]
|-sideend|p1: ayerbe|Spikes|[from] move: Rapid Spin|[of] p1a: Great Tusk
|-boost|p1a: Great Tusk|spe|1
|move|p2a: 6RACKSONMYWRISTS|Psychic Noise|p1a: Great Tusk
|-supereffective|p1a: Great Tusk
|-damage|p1a: Great Tusk|0 fnt
|faint|p1a: Great Tusk
|-end|p1a: Great Tusk|Protosynthesis|[silent]
|
|-heal|p2a: 6RACKSONMYWRISTS|63/100|[from] item: Leftovers
|upkeep
|
|t:|1757944615
|switch|p1a: Scizor|Scizor, M|100/100
|turn|10
|
|t:|1757944617
|move|p2a: 6RACKSONMYWRISTS|Knock Off|p1a: Scizor
|-damage|p1a: Scizor|28/100
|-enditem|p1a: Scizor|Expert Belt|[from] move: Knock Off|[of] p2a: 6RACKSONMYWRISTS
|move|p1a: Scizor|U-turn|p2a: 6RACKSONMYWRISTS
|-supereffective|p2a: 6RACKSONMYWRISTS
|-end|p2a: 6RACKSONMYWRISTS|Substitute
|
|t:|1757944632
|switch|p1a: Garganacl|Garganacl, M|100/100|[from] U-turn
|
|-heal|p2a: 6RACKSONMYWRISTS|69/100|[from] item: Leftovers
|upkeep
|turn|11
|
|t:|1757944640
|move|p2a: 6RACKSONMYWRISTS|Substitute|p2a: 6RACKSONMYWRISTS
|-start|p2a: 6RACKSONMYWRISTS|Substitute
|-damage|p2a: 6RACKSONMYWRISTS|44/100
|move|p1a: Garganacl|Salt Cure|p2a: 6RACKSONMYWRISTS
|-activate|p2a: 6RACKSONMYWRISTS|move: Substitute|[damage]
|
|-heal|p2a: 6RACKSONMYWRISTS|50/100|[from] item: Leftovers
|upkeep
|turn|12
|
|t:|1757944645
|-terastallize|p1a: Garganacl|Ghost
|move|p2a: 6RACKSONMYWRISTS|Drain Punch|p1a: Garganacl
|-immune|p1a: Garganacl
|move|p1a: Garganacl|Curse|p2a: 6RACKSONMYWRISTS
|-start|p2a: 6RACKSONMYWRISTS|Curse|[of] p1a: Garganacl
|-damage|p1a: Garganacl|50/100
|
|-heal|p2a: 6RACKSONMYWRISTS|57/100|[from] item: Leftovers
|-heal|p1a: Garganacl|57/100|[from] item: Leftovers
|-damage|p2a: 6RACKSONMYWRISTS|32/100|[from] Curse
|upkeep
|turn|13
|
|t:|1757944651
|move|p2a: 6RACKSONMYWRISTS|Knock Off|p1a: Garganacl
|-supereffective|p1a: Garganacl
|-damage|p1a: Garganacl|0 fnt
|-enditem|p1a: Garganacl|Leftovers|[from] move: Knock Off|[of] p2a: 6RACKSONMYWRISTS
|faint|p1a: Garganacl
|
|-heal|p2a: 6RACKSONMYWRISTS|38/100|[from] item: Leftovers
|-damage|p2a: 6RACKSONMYWRISTS|13/100|[from] Curse
|upkeep
|
|t:|1757944655
|switch|p1a: Ting-Lu|Ting-Lu|38/100 brn
|-ability|p1a: Ting-Lu|Vessel of Ruin
|turn|14
|
|t:|1757944658
|move|p2a: 6RACKSONMYWRISTS|Knock Off|p1a: Ting-Lu
|-resisted|p1a: Ting-Lu
|-damage|p1a: Ting-Lu|23/100 brn
|-enditem|p1a: Ting-Lu|Leftovers|[from] move: Knock Off|[of] p2a: 6RACKSONMYWRISTS
|move|p1a: Ting-Lu|Spikes|p2a: 6RACKSONMYWRISTS
|-sidestart|p2: faless|Spikes
|
|-heal|p2a: 6RACKSONMYWRISTS|19/100|[from] item: Leftovers
|-damage|p1a: Ting-Lu|16/100 brn|[from] brn
|-damage|p2a: 6RACKSONMYWRISTS|0 fnt|[from] Curse
|faint|p2a: 6RACKSONMYWRISTS
|upkeep
|
|t:|1757944673
|switch|p2a: kuwaiti bomb squad|Scizor, M|100/100
|-damage|p2a: kuwaiti bomb squad|88/100|[from] Stealth Rock
|-damage|p2a: kuwaiti bomb squad|71/100|[from] Spikes
|turn|15
|
|t:|1757944678
|switch|p1a: Gholdengo|Gholdengo|84/100
|move|p2a: kuwaiti bomb squad|Bullet Punch|p1a: Gholdengo
|-resisted|p1a: Gholdengo
|-damage|p1a: Gholdengo|59/100
|
|upkeep
|turn|16
|
|t:|1757944684
|move|p1a: Gholdengo|Thunderbolt|p2a: kuwaiti bomb squad
|-damage|p2a: kuwaiti bomb squad|26/100
|move|p2a: kuwaiti bomb squad|Knock Off|p1a: Gholdengo
|-supereffective|p1a: Gholdengo
|-damage|p1a: Gholdengo|0 fnt
|-enditem|p1a: Gholdengo|Choice Scarf|[from] move: Knock Off|[of] p2a: kuwaiti bomb squad
|faint|p1a: Gholdengo
|
|upkeep
|
|t:|1757944687
|switch|p1a: Scizor|Scizor, M|28/100
|turn|17
|
|t:|1757944690
|move|p1a: Scizor|Bullet Punch|p2a: kuwaiti bomb squad
|-resisted|p2a: kuwaiti bomb squad
|-damage|p2a: kuwaiti bomb squad|8/100
|move|p2a: kuwaiti bomb squad|Close Combat|p1a: Scizor
|-damage|p1a: Scizor|0 fnt
|-unboost|p2a: kuwaiti bomb squad|def|1
|-unboost|p2a: kuwaiti bomb squad|spd|1
|faint|p1a: Scizor
|
|upkeep
|-message|ayerbe forfeited.
|
|win|faless
|raw|ayerbe's rating: 1573 &rarr; <strong>1553</strong><br />(-20 for losing)
|raw|faless's rating: 1567 &rarr; <strong>1587</strong><br />(+20 for winning)
|l|‽ayerbe
|player|p1|
|l|☆faless
|player|p2|
