|badge|p2|bronze|gen9randombattle|100-6
|uhtml|medal-msg|<div class="broadcast-blue">Curious what those medals under the avatar are? PS now has Ladder Seasons! For more information, check out the <a href="https://www.smogon.com/forums/threads/3740067/">thread on Smogon.</a></div>
|j|‽bidooofer
|j|☆larp legion
|t:|1757809143
|gametype|singles
|player|p1|bidooofer|riley|1660
|player|p2|larp legion|clown|1612
|gen|9
|tier|[Gen 9] OU
|rated|
|rule|HP Percentage Mod: HP is shown in percentages
|rule|Endless Battle Clause: Forcing endless battles is banned
|rule|Species Clause: Limit one of each Pokémon
|rule|OHKO Clause: OHKO moves are banned
|rule|Evasion Items Clause: Evasion items are banned
|rule|Evasion Moves Clause: Evasion moves are banned
|rule|Evasion Abilities Clause: Evasion abilities are banned
|rule|Sleep Moves Clause: Sleep-inducing moves are banned
|clearpoke
|poke|p1|Torkoal, F|
|poke|p1|Walking Wake|
|poke|p1|Raging Bolt|
|poke|p1|Great Tusk|
|poke|p1|Rillaboom, M|
|poke|p1|Hatterene, F|
|poke|p2|Walking Wake|
|poke|p2|Sinistcha|
|poke|p2|Volcanion|
|poke|p2|Slowbro, F|
|poke|p2|Coalossal, M|
|poke|p2|Emboar, M|
|teampreview
|
|t:|1757809150
|teamsize|p1|6
|teamsize|p2|6
|start
|switch|p1a: Rillaboom|Rillaboom, M|100/100
|switch|p2a: Volcanion|Volcanion|100/100
|-fieldstart|move: Grassy Terrain|[from] ability: Grassy Surge|[of] p1a: Rillaboom
|turn|1
|
|t:|1757809157
|switch|p2a: Coalossal|Coalossal, M|100/100
|move|p1a: Rillaboom|Wood Hammer|p2a: Coalossal
|-damage|p2a: Coalossal|37/100
|-damage|p1a: Rillaboom|75/100|[from] Recoil
|
|-heal|p1a: Rillaboom|81/100|[from] Grassy Terrain
|-heal|p2a: Coalossal|43/100|[from] Grassy Terrain
|upkeep
|turn|2
|
|t:|1757809160
|move|p1a: Rillaboom|Wood Hammer|p2a: Coalossal
|-damage|p2a: Coalossal|0 fnt
|faint|p2a: Coalossal
|-damage|p1a: Rillaboom|63/100|[from] Recoil
|
|-heal|p1a: Rillaboom|69/100|[from] Grassy Terrain
|upkeep
|
|t:|1757809164
|switch|p2a: Emboar|Emboar, M|100/100
|turn|3
|
|t:|1757809168
|switch|p1a: Torkoal|Torkoal, F|100/100
|-weather|SunnyDay|[from] ability: Drought|[of] p1a: Torkoal
|move|p2a: Emboar|Flare Blitz|p1a: Torkoal
|-resisted|p1a: Torkoal
|-damage|p1a: Torkoal|60/100
|-damage|p2a: Emboar|88/100|[from] Recoil
|
|-weather|SunnyDay|[upkeep]
|-heal|p2a: Emboar|94/100|[from] Grassy Terrain
|-heal|p1a: Torkoal|66/100|[from] Grassy Terrain
|upkeep
|turn|4
|
|t:|1757809171
|move|p2a: Emboar|Close Combat|p1a: Torkoal
|-damage|p1a: Torkoal|19/100
|-unboost|p2a: Emboar|def|1
|-unboost|p2a: Emboar|spd|1
|move|p1a: Torkoal|Stealth Rock|p2a: Emboar
|-sidestart|p2: larp legion|move: Stealth Rock
|
|-weather|SunnyDay|[upkeep]
|-heal|p2a: Emboar|99/100|[from] Grassy Terrain
|-heal|p1a: Torkoal|25/100|[from] Grassy Terrain
|upkeep
|turn|5
|
|t:|1757809178
|switch|p1a: Walking Wake|Walking Wake|100/100
|-activate|p1a: Walking Wake|ability: Protosynthesis
|-start|p1a: Walking Wake|protosynthesisspe
|move|p2a: Emboar|Flare Blitz|p1a: Walking Wake
|-resisted|p1a: Walking Wake
|-damage|p1a: Walking Wake|70/100
|-damage|p2a: Emboar|91/100|[from] Recoil
|
|-weather|SunnyDay|[upkeep]
|-heal|p1a: Walking Wake|76/100|[from] Grassy Terrain
|-heal|p2a: Emboar|97/100|[from] Grassy Terrain
|-fieldend|move: Grassy Terrain
|upkeep
|turn|6
|
|t:|1757809184
|-end|p1a: Walking Wake|Protosynthesis|[silent]
|switch|p1a: Raging Bolt|Raging Bolt|100/100
|-activate|p1a: Raging Bolt|ability: Protosynthesis
|-start|p1a: Raging Bolt|protosynthesisspa
|move|p2a: Emboar|Close Combat|p1a: Raging Bolt
|-damage|p1a: Raging Bolt|43/100
|-unboost|p2a: Emboar|def|1
|-unboost|p2a: Emboar|spd|1
|
|-weather|SunnyDay|[upkeep]
|-heal|p1a: Raging Bolt|50/100|[from] item: Leftovers
|upkeep
|turn|7
|
|t:|1757809187
|move|p1a: Raging Bolt|Thunderclap|p2a: Emboar
|-damage|p2a: Emboar|30/100
|move|p2a: Emboar|Earthquake|p1a: Raging Bolt
|-supereffective|p1a: Raging Bolt
|-damage|p1a: Raging Bolt|0 fnt
|faint|p1a: Raging Bolt
|-end|p1a: Raging Bolt|Protosynthesis|[silent]
|
|-weather|SunnyDay|[upkeep]
|upkeep
|
|t:|1757809193
|switch|p1a: Great Tusk|Great Tusk|100/100
|-activate|p1a: Great Tusk|ability: Protosynthesis
|-start|p1a: Great Tusk|protosynthesisspe
|turn|8
|
|t:|1757809199
|switch|p2a: Sinistcha|Sinistcha|100/100
|-damage|p2a: Sinistcha|88/100|[from] Stealth Rock
|move|p1a: Great Tusk|Bulk Up|p1a: Great Tusk
|-boost|p1a: Great Tusk|atk|1
|-boost|p1a: Great Tusk|def|1
|
|-weather|SunnyDay|[upkeep]
|-heal|p2a: Sinistcha|94/100|[from] item: Leftovers
|upkeep
|turn|9
|
|t:|1757809205
|-end|p1a: Great Tusk|Protosynthesis|[silent]
|switch|p1a: Hatterene|Hatterene, F|100/100
|move|p2a: Sinistcha|Giga Drain|p1a: Hatterene
|-damage|p1a: Hatterene|75/100
|-heal|p2a: Sinistcha|100/100|[from] drain|[of] p1a: Hatterene
|
|-weather|SunnyDay|[upkeep]
|upkeep
|turn|10
|
|t:|1757809210
|move|p2a: Sinistcha|Calm Mind|p2a: Sinistcha
|-boost|p2a: Sinistcha|spa|1
|-boost|p2a: Sinistcha|spd|1
|move|p1a: Hatterene|Nuzzle|p2a: Sinistcha
|-resisted|p2a: Sinistcha
|-damage|p2a: Sinistcha|99/100
|-status|p2a: Sinistcha|par
|
|-weather|none
|-heal|p2a: Sinistcha|100/100 par|[from] item: Leftovers
|upkeep
|turn|11
|
|t:|1757809216
|switch|p2a: Emboar|Emboar, M|30/100
|-damage|p2a: Emboar|18/100|[from] Stealth Rock
|move|p1a: Hatterene|Mystical Fire|p2a: Emboar
|-resisted|p2a: Emboar
|-damage|p2a: Emboar|10/100
|-unboost|p2a: Emboar|spa|1
|
|upkeep
|turn|12
|
|t:|1757809223
|switch|p1a: Torkoal|Torkoal, F|25/100
|-weather|SunnyDay|[from] ability: Drought|[of] p1a: Torkoal
|move|p2a: Emboar|Flare Blitz|p1a: Torkoal
|-resisted|p1a: Torkoal
|-damage|p1a: Torkoal|0 fnt
|faint|p1a: Torkoal
|-damage|p2a: Emboar|2/100|[from] Recoil
|
|-weather|SunnyDay|[upkeep]
|upkeep
|
|t:|1757809226
|switch|p1a: Walking Wake|Walking Wake|76/100
|-activate|p1a: Walking Wake|ability: Protosynthesis
|-start|p1a: Walking Wake|protosynthesisspe
|turn|13
|
|t:|1757809229
|move|p1a: Walking Wake|Dragon Pulse|p2a: Emboar
|-damage|p2a: Emboar|0 fnt
|faint|p2a: Emboar
|
|-weather|SunnyDay|[upkeep]
|upkeep
|
|t:|1757809238
|switch|p2a: Sinistcha|Sinistcha|100/100 par
|-damage|p2a: Sinistcha|88/100 par|[from] Stealth Rock
|turn|14
|
|t:|1757809241
|move|p1a: Walking Wake|Flamethrower|p2a: Sinistcha
|-supereffective|p2a: Sinistcha
|-crit|p2a: Sinistcha
|-damage|p2a: Sinistcha|0 fnt
|faint|p2a: Sinistcha
|
|-weather|SunnyDay|[upkeep]
|upkeep
|
|t:|1757809248
|switch|p2a: Volcanion|Volcanion|100/100
|-damage|p2a: Volcanion|76/100|[from] Stealth Rock
|turn|15
|
|t:|1757809250
|move|p1a: Walking Wake|Dragon Pulse|p2a: Volcanion
|-damage|p2a: Volcanion|44/100
|move|p2a: Volcanion|Sludge Bomb|p1a: Walking Wake
|-damage|p1a: Walking Wake|39/100
|
|-weather|SunnyDay|[upkeep]
|upkeep
|turn|16
|
|t:|1757809255
|move|p1a: Walking Wake|Dragon Pulse|p2a: Volcanion
|-damage|p2a: Volcanion|11/100
|move|p2a: Volcanion|Sludge Bomb|p1a: Walking Wake
|-damage|p1a: Walking Wake|0 fnt
|faint|p1a: Walking Wake
|-end|p1a: Walking Wake|Protosynthesis|[silent]
|
|-weather|SunnyDay|[upkeep]
|upkeep
|
|t:|1757809264
|switch|p1a: Rillaboom|Rillaboom, M|69/100
|-fieldstart|move: Grassy Terrain|[from] ability: Grassy Surge|[of] p1a: Rillaboom
|turn|17
|
|t:|1757809267
|move|p1a: Rillaboom|U-turn|p2a: Volcanion
|-resisted|p2a: Volcanion
|-damage|p2a: Volcanion|0 fnt
|faint|p2a: Volcanion
|
|t:|1757809271
|switch|p1a: Hatterene|Hatterene, F|75/100|[from] U-turn
|
|-weather|SunnyDay|[upkeep]
|-heal|p1a: Hatterene|81/100|[from] Grassy Terrain
|upkeep
|
|t:|1757809274
|switch|p2a: Slowbro|Slowbro, F|100/100
|-damage|p2a: Slowbro|88/100|[from] Stealth Rock
|turn|18
|
|t:|1757809276
|move|p2a: Slowbro|Scald|p1a: Hatterene
|-damage|p1a: Hatterene|72/100
|move|p1a: Hatterene|Nuzzle|p2a: Slowbro
|-supereffective|p2a: Slowbro
|-damage|p2a: Slowbro|83/100
|-status|p2a: Slowbro|par
|-damage|p1a: Hatterene|56/100|[from] item: Rocky Helmet|[of] p2a: Slowbro
|
|-weather|SunnyDay|[upkeep]
|-heal|p1a: Hatterene|62/100|[from] Grassy Terrain
|-heal|p2a: Slowbro|90/100 par|[from] Grassy Terrain
|upkeep
|turn|19
|
|t:|1757809280
|move|p1a: Hatterene|Future Sight|p2a: Slowbro
|-start|p1a: Hatterene|move: Future Sight
|move|p2a: Slowbro|Scald|p1a: Hatterene
|-damage|p1a: Hatterene|52/100
|
|-weather|none
|-heal|p1a: Hatterene|58/100|[from] Grassy Terrain
|-heal|p2a: Slowbro|96/100 par|[from] Grassy Terrain
|upkeep
|turn|20
|
|t:|1757809282
|move|p1a: Hatterene|Mystical Fire|p2a: Slowbro
|-resisted|p2a: Slowbro
|-damage|p2a: Slowbro|86/100 par
|-unboost|p2a: Slowbro|spa|1
|move|p2a: Slowbro|Scald|p1a: Hatterene
|-damage|p1a: Hatterene|45/100
|
|-heal|p1a: Hatterene|51/100|[from] Grassy Terrain
|-heal|p2a: Slowbro|92/100 par|[from] Grassy Terrain
|upkeep
|turn|21
|
|t:|1757809285
|move|p1a: Hatterene|Mystical Fire|p2a: Slowbro
|-resisted|p2a: Slowbro
|-damage|p2a: Slowbro|82/100 par
|-unboost|p2a: Slowbro|spa|1
|move|p2a: Slowbro|Scald|p1a: Hatterene
|-damage|p1a: Hatterene|41/100
|
|-end|p2a: Slowbro|move: Future Sight
|-resisted|p2a: Slowbro
|-damage|p2a: Slowbro|55/100 par
|-heal|p1a: Hatterene|47/100|[from] Grassy Terrain
|-heal|p2a: Slowbro|61/100 par|[from] Grassy Terrain
|-fieldend|move: Grassy Terrain
|upkeep
|turn|22
|
|t:|1757809289
|move|p1a: Hatterene|Future Sight|p2a: Slowbro
|-start|p1a: Hatterene|move: Future Sight
|cant|p2a: Slowbro|par
|
|upkeep
|turn|23
|
|t:|1757809291
|move|p1a: Hatterene|Dazzling Gleam|p2a: Slowbro
|-damage|p2a: Slowbro|28/100 par
|cant|p2a: Slowbro|par
|
|upkeep
|turn|24
|-message|larp legion forfeited.
|
|win|bidooofer
|raw|bidooofer's rating: 1660 &rarr; <strong>1677</strong><br />(+17 for winning)
|raw|larp legion's rating: 1612 &rarr; <strong>1595</strong><br />(-17 for losing)
|l|☆larp legion
|player|p2|
|l|‽bidooofer
|player|p1|
