|j|☆NewPaimon
|j|☆Velcrostuck
|t:|1757909137
|gametype|singles
|player|p1|NewPaimon|youngster-gen4dp|1119
|player|p2|Velcrostuck|169|1073
|gen|9
|tier|[Gen 9] OU
|rated|
|rule|HP Percentage Mod: HP is shown in percentages
|rule|Endless Battle Clause: Forcing endless battles is banned
|rule|Species Clause: Limit one of each Pokémon
|rule|OHKO Clause: OHKO moves are banned
|rule|Evasion Items Clause: Evasion items are banned
|rule|Evasion Moves Clause: Evasion moves are banned
|rule|Evasion Abilities Clause: Evasion abilities are banned
|rule|Sleep Moves Clause: Sleep-inducing moves are banned
|clearpoke
|poke|p1|Araquanid, F|
|poke|p1|Blissey, F|
|poke|p1|Sinistcha|
|poke|p1|Hippowdon, M|
|poke|p1|Corviknight, F|
|poke|p1|Moltres|
|poke|p2|Ogerpon-Wellspring, F|
|poke|p2|Garganacl, F|
|poke|p2|Great Tusk|
|poke|p2|Moltres|
|poke|p2|Darkrai|
|poke|p2|Gholdengo|
|teampreview
|inactive|Battle timer is ON: inactive players will automatically lose when time's up. (requested by Velcrostuck)
|
|t:|1757909151
|teamsize|p1|6
|teamsize|p2|6
|start
|switch|p1a: Space Man|Araquanid, F, shiny|100/100
|switch|p2a: Garganacl|Garganacl, F|100/100
|turn|1
|
|t:|1757909164
|move|p1a: Space Man|Poison Jab|p2a: Garganacl
|-resisted|p2a: Garganacl
|-damage|p2a: Garganacl|95/100
|move|p2a: Garganacl|Salt Cure|p1a: Space Man
|-supereffective|p1a: Space Man
|-damage|p1a: Space Man|72/100
|-start|p1a: Space Man|Salt Cure
|
|-heal|p1a: Space Man|78/100|[from] item: Leftovers
|-heal|p2a: Garganacl|100/100|[from] item: Leftovers
|-damage|p1a: Space Man|53/100|[from] Salt Cure
|upkeep
|turn|2
|
|t:|1757909182
|switch|p1a: Noodles|Sinistcha|100/100
|move|p2a: Garganacl|Stealth Rock|p1a: Noodles
|-sidestart|p1: NewPaimon|move: Stealth Rock
|
|upkeep
|turn|3
|
|t:|1757909196
|switch|p2a: Darkrai|Darkrai|100/100
|move|p1a: Noodles|Strength Sap|p2a: Darkrai
|-unboost|p2a: Darkrai|atk|1
|
|upkeep
|turn|4
|
|t:|1757909209
|switch|p1a: Make it clap|Blissey, F, shiny|100/100
|-damage|p1a: Make it clap|88/100|[from] Stealth Rock
|move|p2a: Darkrai|Dark Pulse|p1a: Make it clap
|-damage|p1a: Make it clap|74/100
|
|-heal|p1a: Make it clap|81/100|[from] item: Leftovers
|upkeep
|turn|5
|
|t:|1757909220
|switch|p2a: Garganacl|Garganacl, F|100/100
|move|p1a: Make it clap|Stealth Rock|p2a: Garganacl
|-sidestart|p2: Velcrostuck|move: Stealth Rock
|
|-heal|p1a: Make it clap|87/100|[from] item: Leftovers
|upkeep
|turn|6
|
|t:|1757909226
|move|p1a: Make it clap|Grass Knot|p2a: Garganacl
|-supereffective|p2a: Garganacl
|-damage|p2a: Garganacl|71/100
|move|p2a: Garganacl|Salt Cure|p1a: Make it clap
|-damage|p1a: Make it clap|72/100
|-start|p1a: Make it clap|Salt Cure
|
|-heal|p1a: Make it clap|78/100|[from] item: Leftovers
|-heal|p2a: Garganacl|77/100|[from] item: Leftovers
|-damage|p1a: Make it clap|65/100|[from] Salt Cure
|upkeep
|turn|7
|
|t:|1757909242
|switch|p1a: Big Back|Hippowdon, M, shiny|100/100
|-damage|p1a: Big Back|94/100|[from] Stealth Rock
|-weather|Sandstorm|[from] ability: Sand Stream|[of] p1a: Big Back
|switch|p2a: Moltres|Moltres|100/100
|
|-weather|Sandstorm|[upkeep]
|-damage|p2a: Moltres|94/100|[from] Sandstorm
|-heal|p1a: Big Back|100/100|[from] item: Leftovers
|upkeep
|turn|8
|
|t:|1757909259
|switch|p2a: Ogerpon|Ogerpon-Wellspring, F|100/100
|-damage|p2a: Ogerpon|88/100|[from] Stealth Rock
|move|p1a: Big Back|Stone Edge|p2a: Ogerpon|[miss]
|-miss|p1a: Big Back|p2a: Ogerpon
|
|-weather|Sandstorm|[upkeep]
|-damage|p2a: Ogerpon|82/100|[from] Sandstorm
|upkeep
|turn|9
|
|t:|1757909276
|switch|p1a: Airforce One|Corviknight, F, shiny|100/100
|-ability|p1a: Airforce One|Pressure
|move|p2a: Ogerpon|Ivy Cudgel|p1a: Airforce One|[anim] Ivy Cudgel Water
|-damage|p1a: Airforce One|67/100
|
|-weather|Sandstorm|[upkeep]
|-damage|p2a: Ogerpon|76/100|[from] Sandstorm
|upkeep
|turn|10
|
|t:|1757909288
|switch|p2a: Gholdengo|Gholdengo|100/100
|-damage|p2a: Gholdengo|94/100|[from] Stealth Rock
|move|p1a: Airforce One|U-turn|p2a: Gholdengo
|-resisted|p2a: Gholdengo
|-crit|p2a: Gholdengo
|-damage|p2a: Gholdengo|88/100
|
|t:|1757909296
|switch|p1a: Pontiac|Moltres|100/100|[from] U-turn
|
|-weather|Sandstorm|[upkeep]
|-damage|p1a: Pontiac|94/100|[from] Sandstorm
|upkeep
|turn|11
|
|t:|1757909305
|switch|p2a: Moltres|Moltres|94/100
|move|p1a: Pontiac|Heat Wave|p2a: Moltres
|-resisted|p2a: Moltres
|-damage|p2a: Moltres|74/100
|
|-weather|none
|upkeep
|turn|12
|
|t:|1757909320
|switch|p1a: Big Back|Hippowdon, M, shiny|100/100
|-damage|p1a: Big Back|94/100|[from] Stealth Rock
|-weather|Sandstorm|[from] ability: Sand Stream|[of] p1a: Big Back
|move|p2a: Moltres|Brave Bird|p1a: Big Back
|-damage|p1a: Big Back|70/100
|-damage|p2a: Moltres|65/100|[from] Recoil
|
|-weather|Sandstorm|[upkeep]
|-damage|p2a: Moltres|59/100|[from] Sandstorm
|-heal|p1a: Big Back|76/100|[from] item: Leftovers
|upkeep
|turn|13
|
|t:|1757909338
|switch|p2a: Garganacl|Garganacl, F|77/100
|-damage|p2a: Garganacl|65/100|[from] Stealth Rock
|move|p1a: Big Back|Body Press|p2a: Garganacl
|-supereffective|p2a: Garganacl
|-damage|p2a: Garganacl|31/100
|
|-weather|Sandstorm|[upkeep]
|-heal|p1a: Big Back|82/100|[from] item: Leftovers
|-heal|p2a: Garganacl|38/100|[from] item: Leftovers
|upkeep
|turn|14
|
|t:|1757909352
|move|p1a: Big Back|Earthquake|p2a: Garganacl
|-supereffective|p2a: Garganacl
|-damage|p2a: Garganacl|0 fnt
|faint|p2a: Garganacl
|
|-weather|Sandstorm|[upkeep]
|-heal|p1a: Big Back|88/100|[from] item: Leftovers
|upkeep
|
|t:|1757909362
|switch|p2a: Great Tusk|Great Tusk|100/100
|turn|15
|
|t:|1757909372
|switch|p1a: Pontiac|Moltres|94/100
|move|p2a: Great Tusk|Knock Off|p1a: Pontiac
|-damage|p1a: Pontiac|62/100
|-status|p2a: Great Tusk|brn|[from] ability: Flame Body|[of] p1a: Pontiac
|-enditem|p1a: Pontiac|Heavy-Duty Boots|[from] move: Knock Off|[of] p2a: Great Tusk
|
|-weather|Sandstorm|[upkeep]
|-damage|p1a: Pontiac|56/100|[from] Sandstorm
|-damage|p2a: Great Tusk|94/100 brn|[from] brn
|upkeep
|turn|16
|
|t:|1757909387
|move|p2a: Great Tusk|Rapid Spin|p1a: Pontiac
|-damage|p1a: Pontiac|47/100
|-boost|p2a: Great Tusk|spe|1
|-sideend|p2: Velcrostuck|Stealth Rock|[from] move: Rapid Spin|[of] p2a: Great Tusk
|move|p1a: Pontiac|Roost|p1a: Pontiac
|-heal|p1a: Pontiac|97/100
|-singleturn|p1a: Pontiac|move: Roost
|
|-weather|none
|-damage|p2a: Great Tusk|88/100 brn|[from] brn
|upkeep
|turn|17
|
|t:|1757909398
|-end|p2a: Great Tusk|Protosynthesis|[silent]
|switch|p2a: Ogerpon|Ogerpon-Wellspring, F|76/100
|move|p1a: Pontiac|Scorching Sands|p2a: Ogerpon
|-resisted|p2a: Ogerpon
|-damage|p2a: Ogerpon|64/100
|-status|p2a: Ogerpon|brn
|
|-damage|p2a: Ogerpon|58/100 brn|[from] brn
|upkeep
|turn|18
|
|t:|1757909409
|switch|p1a: Airforce One|Corviknight, F, shiny|67/100
|-ability|p1a: Airforce One|Pressure
|move|p2a: Ogerpon|Ivy Cudgel|p1a: Airforce One|[anim] Ivy Cudgel Water
|-damage|p1a: Airforce One|49/100
|
|-damage|p2a: Ogerpon|52/100 brn|[from] brn
|upkeep
|turn|19
|
|t:|1757909419
|move|p2a: Ogerpon|Knock Off|p1a: Airforce One
|-damage|p1a: Airforce One|37/100
|-enditem|p1a: Airforce One|Heavy-Duty Boots|[from] move: Knock Off|[of] p2a: Ogerpon
|move|p1a: Airforce One|Roost|p1a: Airforce One
|-heal|p1a: Airforce One|87/100
|-singleturn|p1a: Airforce One|move: Roost
|
|-damage|p2a: Ogerpon|46/100 brn|[from] brn
|upkeep
|turn|20
|
|t:|1757909432
|switch|p2a: Moltres|Moltres|59/100
|move|p1a: Airforce One|U-turn|p2a: Moltres
|-resisted|p2a: Moltres
|-damage|p2a: Moltres|56/100
|
|t:|1757909439
|switch|p1a: Big Back|Hippowdon, M, shiny|88/100|[from] U-turn
|-damage|p1a: Big Back|82/100|[from] Stealth Rock
|-weather|Sandstorm|[from] ability: Sand Stream|[of] p1a: Big Back
|
|-weather|Sandstorm|[upkeep]
|-damage|p2a: Moltres|50/100|[from] Sandstorm
|-heal|p1a: Big Back|88/100|[from] item: Leftovers
|upkeep
|turn|21
|
|t:|1757909458
|switch|p2a: Ogerpon|Ogerpon-Wellspring, F|46/100 brn
|move|p1a: Big Back|Stone Edge|p2a: Ogerpon|[miss]
|-miss|p1a: Big Back|p2a: Ogerpon
|
|-weather|Sandstorm|[upkeep]
|-damage|p2a: Ogerpon|40/100 brn|[from] Sandstorm
|-heal|p1a: Big Back|95/100|[from] item: Leftovers
|-damage|p2a: Ogerpon|34/100 brn|[from] brn
|upkeep
|turn|22
|
|t:|1757909468
|switch|p1a: Airforce One|Corviknight, F, shiny|87/100
|-damage|p1a: Airforce One|75/100|[from] Stealth Rock
|-ability|p1a: Airforce One|Pressure
|move|p2a: Ogerpon|U-turn|p1a: Airforce One
|-resisted|p1a: Airforce One
|-crit|p1a: Airforce One
|-damage|p1a: Airforce One|71/100
|
|t:|1757909478
|switch|p2a: Gholdengo|Gholdengo|88/100|[from] U-turn
|
|-weather|Sandstorm|[upkeep]
|upkeep
|turn|23
|
|t:|1757909492
|move|p2a: Gholdengo|Shadow Ball|p1a: Airforce One
|-damage|p1a: Airforce One|8/100
|move|p1a: Airforce One|Defog|p2a: Gholdengo
|-immune|p2a: Gholdengo|[from] ability: Good as Gold
|
|-weather|Sandstorm|[upkeep]
|upkeep
|turn|24
|
|t:|1757909501
|switch|p1a: Make it clap|Blissey, F, shiny|65/100
|-damage|p1a: Make it clap|53/100|[from] Stealth Rock
|move|p2a: Gholdengo|Shadow Ball|p1a: Make it clap
|-immune|p1a: Make it clap
|
|-weather|none
|-heal|p1a: Make it clap|59/100|[from] item: Leftovers
|upkeep
|turn|25
|
|t:|1757909518
|switch|p2a: Moltres|Moltres|50/100
|switch|p1a: Airforce One|Corviknight, F, shiny|8/100
|-damage|p1a: Airforce One|0 fnt|[from] Stealth Rock
|faint|p1a: Airforce One
|
|upkeep
|
|t:|1757909523
|switch|p1a: Space Man|Araquanid, F, shiny|53/100
|-damage|p1a: Space Man|28/100|[from] Stealth Rock
|turn|26
|
|t:|1757909528
|move|p2a: Moltres|Brave Bird|p1a: Space Man
|-supereffective|p1a: Space Man
|-damage|p1a: Space Man|0 fnt
|faint|p1a: Space Man
|-damage|p2a: Moltres|42/100|[from] Recoil
|
|upkeep
|
|t:|1757909535
|switch|p1a: Noodles|Sinistcha|100/100
|-damage|p1a: Noodles|88/100|[from] Stealth Rock
|turn|27
|
|t:|1757909546
|move|p2a: Moltres|Will-O-Wisp|p1a: Noodles
|-status|p1a: Noodles|brn
|move|p1a: Noodles|Strength Sap|p2a: Moltres
|-unboost|p2a: Moltres|atk|1
|-heal|p1a: Noodles|100/100 brn
|
|-damage|p1a: Noodles|98/100 brn|[from] brn
|upkeep
|turn|28
|
|t:|1757909557
|move|p2a: Moltres|Roost|p2a: Moltres
|-heal|p2a: Moltres|92/100
|-singleturn|p2a: Moltres|move: Roost
|move|p1a: Noodles|Scald|p2a: Moltres
|-supereffective|p2a: Moltres
|-damage|p2a: Moltres|51/100
|
|-damage|p1a: Noodles|95/100 brn|[from] brn
|upkeep
|turn|29
|
|t:|1757909566
|switch|p2a: Ogerpon|Ogerpon-Wellspring, F|34/100 brn
|move|p1a: Noodles|Matcha Gotcha|p2a: Ogerpon
|-damage|p2a: Ogerpon|0 fnt
|-heal|p1a: Noodles|100/100 brn|[from] drain|[of] p2a: Ogerpon
|faint|p2a: Ogerpon
|
|-damage|p1a: Noodles|98/100 brn|[from] brn
|upkeep
|
|t:|1757909578
|switch|p2a: Moltres|Moltres|51/100
|turn|30
|
|t:|1757909583
|move|p2a: Moltres|Flamethrower|p1a: Noodles
|-supereffective|p1a: Noodles
|-damage|p1a: Noodles|63/100 brn
|move|p1a: Noodles|Scald|p2a: Moltres
|-supereffective|p2a: Moltres
|-damage|p2a: Moltres|5/100
|
|-damage|p1a: Noodles|60/100 brn|[from] brn
|upkeep
|turn|31
|
|t:|1757909594
|move|p2a: Moltres|Brave Bird|p1a: Noodles
|-supereffective|p1a: Noodles
|-damage|p1a: Noodles|0 fnt
|-damage|p2a: Moltres|0 fnt|[from] item: Rocky Helmet|[of] p1a: Noodles
|faint|p1a: Noodles
|faint|p2a: Moltres
|
|upkeep
|
|t:|1757909607
|switch|p2a: Darkrai|Darkrai|100/100
|switch|p1a: Big Back|Hippowdon, M, shiny|95/100
|-damage|p1a: Big Back|88/100|[from] Stealth Rock
|-weather|Sandstorm|[from] ability: Sand Stream|[of] p1a: Big Back
|turn|32
|
|t:|1757909614
|move|p2a: Darkrai|Ice Beam|p1a: Big Back
|-supereffective|p1a: Big Back
|-damage|p1a: Big Back|26/100
|move|p1a: Big Back|Body Press|p2a: Darkrai
|-supereffective|p2a: Darkrai
|-damage|p2a: Darkrai|37/100
|
|-weather|Sandstorm|[upkeep]
|-damage|p2a: Darkrai|31/100|[from] Sandstorm
|-heal|p1a: Big Back|33/100|[from] item: Leftovers
|upkeep
|turn|33
|
|t:|1757909623
|-terastallize|p1a: Big Back|Steel
|move|p2a: Darkrai|Ice Beam|p1a: Big Back
|-resisted|p1a: Big Back
|-damage|p1a: Big Back|18/100
|move|p1a: Big Back|Iron Head|p2a: Darkrai
|-damage|p2a: Darkrai|0 fnt
|faint|p2a: Darkrai
|
|-weather|Sandstorm|[upkeep]
|-heal|p1a: Big Back|24/100|[from] item: Leftovers
|upkeep
|
|t:|1757909632
|switch|p2a: Gholdengo|Gholdengo|88/100
|turn|34
|
|t:|1757909642
|move|p2a: Gholdengo|Focus Blast|p1a: Big Back|[miss]
|-miss|p2a: Gholdengo|p1a: Big Back
|move|p1a: Big Back|Earthquake|p2a: Gholdengo
|-supereffective|p2a: Gholdengo
|-damage|p2a: Gholdengo|8/100
|
|-weather|Sandstorm|[upkeep]
|-heal|p1a: Big Back|30/100|[from] item: Leftovers
|upkeep
|turn|35
|
|t:|1757909654
|move|p2a: Gholdengo|Focus Blast|p1a: Big Back
|-supereffective|p1a: Big Back
|-damage|p1a: Big Back|0 fnt
|faint|p1a: Big Back
|
|-weather|Sandstorm|[upkeep]
|upkeep
|
|t:|1757909659
|switch|p1a: Pontiac|Moltres|97/100
|-damage|p1a: Pontiac|47/100|[from] Stealth Rock
|turn|36
|
|t:|1757909663
|switch|p2a: Great Tusk|Great Tusk|88/100 brn
|move|p1a: Pontiac|Scorching Sands|p2a: Great Tusk
|-damage|p2a: Great Tusk|60/100 brn
|
|-weather|none
|-damage|p2a: Great Tusk|54/100 brn|[from] brn
|upkeep
|turn|37
|
|t:|1757909677
|move|p2a: Great Tusk|Ice Spinner|p1a: Pontiac
|-damage|p1a: Pontiac|33/100
|move|p1a: Pontiac|Roost|p1a: Pontiac
|-heal|p1a: Pontiac|83/100
|-singleturn|p1a: Pontiac|move: Roost
|
|-damage|p2a: Great Tusk|47/100 brn|[from] brn
|upkeep
|turn|38
|
|t:|1757909695
|-terastallize|p2a: Great Tusk|Ice
|move|p2a: Great Tusk|Ice Spinner|p1a: Pontiac
|-damage|p1a: Pontiac|63/100
|move|p1a: Pontiac|Heat Wave|p2a: Great Tusk|[miss]
|-miss|p1a: Pontiac|p2a: Great Tusk
|
|-damage|p2a: Great Tusk|41/100 brn|[from] brn
|upkeep
|turn|39
|-message|Velcrostuck forfeited.
|
|win|NewPaimon
|raw|NewPaimon's rating: 1119 &rarr; <strong>1141</strong><br />(+22 for winning)
|raw|Velcrostuck's rating: 1073 &rarr; <strong>1055</strong><br />(-18 for losing)
|l|☆Velcrostuck
|player|p2|
|l|☆NewPaimon
|player|p1|
