|j|☆Supa Dupa Hoopa
|j|☆bonekiller001
|t:|1757785162
|gametype|singles
|player|p1|Supa Dupa Hoopa|2|1398
|player|p2|bonekiller001|265|1402
|gen|9
|tier|[Gen 9] OU
|rated|
|rule|HP Percentage Mod: HP is shown in percentages
|rule|Endless Battle Clause: Forcing endless battles is banned
|rule|Species Clause: Limit one of each Pokémon
|rule|OHKO Clause: OHKO moves are banned
|rule|Evasion Items Clause: Evasion items are banned
|rule|Evasion Moves Clause: Evasion moves are banned
|rule|Evasion Abilities Clause: Evasion abilities are banned
|rule|Sleep Moves Clause: Sleep-inducing moves are banned
|clearpoke
|poke|p1|Great Tusk|
|poke|p1|Dragapult, F|
|poke|p1|Corviknight, M|
|poke|p1|Clodsire, F|
|poke|p1|Meowscarada, F|
|poke|p1|Toxtricity-Low-Key, M|
|poke|p2|Great Tusk|
|poke|p2|Heatran, M|
|poke|p2|Weavile, M|
|poke|p2|Primarina, M|
|poke|p2|Ogerpon, F|
|poke|p2|Pecharunt|
|teampreview
|inactive|Battle timer is ON: inactive players will automatically lose when time's up. (requested by Supa Dupa Hoopa)
|
|t:|1757785216
|teamsize|p1|6
|teamsize|p2|6
|start
|switch|p1a: Meowscarada|Meowscarada, F|100/100
|switch|p2a: Overseer|Pecharunt|100/100
|turn|1
|
|t:|1757785224
|move|p1a: Meowscarada|Knock Off|p2a: Overseer
|-start|p1a: Meowscarada|typechange|Dark|[from] ability: Protean
|-supereffective|p2a: Overseer
|-damage|p2a: Overseer|57/100
|-damage|p1a: Meowscarada|84/100|[from] item: Rocky Helmet|[of] p2a: Overseer
|-enditem|p2a: Overseer|Rocky Helmet|[from] move: Knock Off|[of] p1a: Meowscarada
|move|p2a: Overseer|Parting Shot|p1a: Meowscarada
|-unboost|p1a: Meowscarada|atk|1
|-unboost|p1a: Meowscarada|spa|1
|inactive|bonekiller001 has 120 seconds left.
|
|t:|1757785272
|switch|p2a: Celestine|Primarina, M, shiny|100/100|[from] Parting Shot
|
|upkeep
|turn|2
|
|t:|1757785277
|switch|p1a: Clodsire|Clodsire, F|100/100
|move|p2a: Celestine|Flip Turn|p1a: Clodsire
|-immune|p1a: Clodsire|[from] ability: Water Absorb
|
|upkeep
|turn|3
|inactive|bonekiller001 has 120 seconds left.
|
|t:|1757785305
|switch|p2a: Anonymous|Ogerpon, F|100/100
|move|p1a: Clodsire|Chilling Water|p2a: Anonymous
|-resisted|p2a: Anonymous
|-damage|p2a: Anonymous|97/100
|-unboost|p2a: Anonymous|atk|1
|-ability|p2a: Anonymous|Defiant|boost
|-boost|p2a: Anonymous|atk|2
|
|upkeep
|turn|4
|
|t:|1757785317
|switch|p1a: Corviknight|Corviknight, M|100/100
|-ability|p1a: Corviknight|Pressure
|move|p2a: Anonymous|Knock Off|p1a: Corviknight
|-damage|p1a: Corviknight|57/100
|-enditem|p1a: Corviknight|Leftovers|[from] move: Knock Off|[of] p2a: Anonymous
|
|upkeep
|turn|5
|
|t:|1757785325
|switch|p2a: Overseer|Pecharunt|57/100
|move|p1a: Corviknight|Roost|p1a: Corviknight
|-heal|p1a: Corviknight|100/100
|-singleturn|p1a: Corviknight|move: Roost
|
|upkeep
|turn|6
|
|t:|1757785340
|switch|p1a: Clodsire|Clodsire, F|100/100
|move|p2a: Overseer|Recover|p2a: Overseer
|-heal|p2a: Overseer|100/100
|
|upkeep
|turn|7
|
|t:|1757785348
|move|p2a: Overseer|Parting Shot|p1a: Clodsire
|-unboost|p1a: Clodsire|atk|1
|-unboost|p1a: Clodsire|spa|1
|
|t:|1757785370
|switch|p2a: Anonymous|Ogerpon, F|97/100|[from] Parting Shot
|move|p1a: Clodsire|Earthquake|p2a: Anonymous
|-resisted|p2a: Anonymous
|-damage|p2a: Anonymous|85/100
|
|upkeep
|turn|8
|
|t:|1757785378
|switch|p1a: Corviknight|Corviknight, M|100/100
|-ability|p1a: Corviknight|Pressure
|move|p2a: Anonymous|U-turn|p1a: Corviknight
|-resisted|p1a: Corviknight
|-damage|p1a: Corviknight|95/100
|
|t:|1757785381
|switch|p2a: Chaos|Heatran, M, shiny|100/100|[from] U-turn
|-item|p2a: Chaos|Air Balloon
|
|upkeep
|turn|9
|
|t:|1757785397
|switch|p1a: Dragapult|Dragapult, F|100/100
|move|p2a: Chaos|Stealth Rock|p1a: Dragapult
|-sidestart|p1: Supa Dupa Hoopa|move: Stealth Rock
|
|upkeep
|turn|10
|
|t:|1757785405
|-terastallize|p2a: Chaos|Fairy
|move|p1a: Dragapult|U-turn|p2a: Chaos
|-resisted|p2a: Chaos
|-damage|p2a: Chaos|92/100
|-enditem|p2a: Chaos|Air Balloon
|
|t:|1757785414
|switch|p1a: Clodsire|Clodsire, F|100/100|[from] U-turn
|-damage|p1a: Clodsire|94/100|[from] Stealth Rock
|move|p2a: Chaos|Magma Storm|p1a: Clodsire
|-damage|p1a: Clodsire|68/100
|-activate|p1a: Clodsire|move: Magma Storm|[of] p2a: Chaos
|
|-heal|p1a: Clodsire|74/100|[from] item: Leftovers
|-damage|p1a: Clodsire|61/100|[from] move: Magma Storm|[partiallytrapped]
|upkeep
|turn|11
|
|t:|1757785428
|move|p2a: Chaos|Earth Power|p1a: Clodsire
|-supereffective|p1a: Clodsire
|-damage|p1a: Clodsire|29/100
|move|p1a: Clodsire|Recover|p1a: Clodsire
|-heal|p1a: Clodsire|79/100
|
|-heal|p1a: Clodsire|86/100|[from] item: Leftovers
|-damage|p1a: Clodsire|73/100|[from] move: Magma Storm|[partiallytrapped]
|upkeep
|turn|12
|
|t:|1757785436
|move|p2a: Chaos|Taunt|p1a: Clodsire
|-start|p1a: Clodsire|move: Taunt
|move|p1a: Clodsire|Earthquake|p2a: Chaos
|-damage|p2a: Chaos|62/100
|
|-heal|p1a: Clodsire|79/100|[from] item: Leftovers
|-damage|p1a: Clodsire|67/100|[from] move: Magma Storm|[partiallytrapped]
|upkeep
|turn|13
|
|t:|1757785449
|switch|p2a: Behemoth|Great Tusk, shiny|100/100
|-terastallize|p1a: Clodsire|Water
|move|p1a: Clodsire|Earthquake|p2a: Behemoth
|-damage|p2a: Behemoth|79/100
|
|-heal|p1a: Clodsire|73/100|[from] item: Leftovers
|-end|p1a: Clodsire|Magma Storm|[partiallytrapped]|[silent]
|upkeep
|turn|14
|
|t:|1757785464
|switch|p1a: Corviknight|Corviknight, M|95/100
|-damage|p1a: Corviknight|83/100|[from] Stealth Rock
|-ability|p1a: Corviknight|Pressure
|move|p2a: Behemoth|Headlong Rush|p1a: Corviknight
|-immune|p1a: Corviknight
|
|upkeep
|turn|15
|
|t:|1757785474
|move|p2a: Behemoth|Rapid Spin|p1a: Corviknight
|-resisted|p1a: Corviknight
|-damage|p1a: Corviknight|78/100
|-boost|p2a: Behemoth|spe|1
|move|p1a: Corviknight|Bulk Up|p1a: Corviknight
|-boost|p1a: Corviknight|atk|1
|-boost|p1a: Corviknight|def|1
|
|upkeep
|turn|16
|
|t:|1757785482
|move|p2a: Behemoth|Close Combat|p1a: Corviknight
|-damage|p1a: Corviknight|54/100
|-unboost|p2a: Behemoth|def|1
|-unboost|p2a: Behemoth|spd|1
|move|p1a: Corviknight|Body Press|p2a: Behemoth
|-damage|p2a: Behemoth|33/100
|
|upkeep
|turn|17
|
|t:|1757785498
|-end|p2a: Behemoth|Protosynthesis|[silent]
|switch|p2a: Chaos|Heatran, M, shiny, tera:Fairy|62/100
|move|p1a: Corviknight|Power Trip|p2a: Chaos
|-resisted|p2a: Chaos
|-damage|p2a: Chaos|52/100
|
|upkeep
|turn|18
|
|t:|1757785515
|switch|p1a: Clodsire|Clodsire, F, tera:Water|73/100
|-damage|p1a: Clodsire|61/100|[from] Stealth Rock
|move|p2a: Chaos|Magma Storm|p1a: Clodsire|[miss]
|-miss|p2a: Chaos|p1a: Clodsire
|
|-heal|p1a: Clodsire|67/100|[from] item: Leftovers
|upkeep
|turn|19
|
|t:|1757785524
|switch|p2a: Anonymous|Ogerpon, F|85/100
|move|p1a: Clodsire|Toxic|p2a: Anonymous
|-status|p2a: Anonymous|tox
|
|-heal|p1a: Clodsire|73/100|[from] item: Leftovers
|-damage|p2a: Anonymous|79/100 tox|[from] psn
|upkeep
|turn|20
|
|t:|1757785541
|switch|p1a: Corviknight|Corviknight, M|54/100
|-damage|p1a: Corviknight|42/100|[from] Stealth Rock
|-ability|p1a: Corviknight|Pressure
|move|p2a: Anonymous|U-turn|p1a: Corviknight
|-resisted|p1a: Corviknight
|-damage|p1a: Corviknight|36/100
|
|t:|1757785555
|switch|p2a: Bandit|Weavile, M, shiny|100/100|[from] U-turn
|-ability|p2a: Bandit|Pressure
|
|upkeep
|turn|21
|
|t:|1757785561
|move|p2a: Bandit|Triple Axel|p1a: Corviknight|[miss]
|-miss|p2a: Bandit|p1a: Corviknight
|move|p1a: Corviknight|Roost|p1a: Corviknight
|-heal|p1a: Corviknight|86/100
|-singleturn|p1a: Corviknight|move: Roost
|
|upkeep
|turn|22
|c|☆bonekiller001|wow
|
|t:|1757785574
|switch|p2a: Overseer|Pecharunt|100/100
|move|p1a: Corviknight|Body Press|p2a: Overseer
|-immune|p2a: Overseer
|
|upkeep
|turn|23
|
|t:|1757785586
|switch|p1a: Clodsire|Clodsire, F, tera:Water|73/100
|-damage|p1a: Clodsire|61/100|[from] Stealth Rock
|move|p2a: Overseer|Shadow Ball|p1a: Clodsire
|-damage|p1a: Clodsire|46/100
|
|-heal|p1a: Clodsire|53/100|[from] item: Leftovers
|upkeep
|turn|24
|
|t:|1757785596
|move|p2a: Overseer|Parting Shot|p1a: Clodsire
|-unboost|p1a: Clodsire|atk|1
|-unboost|p1a: Clodsire|spa|1
|
|t:|1757785601
|switch|p2a: Anonymous|Ogerpon, F|79/100 tox|[from] Parting Shot
|move|p1a: Clodsire|Recover|p1a: Clodsire
|-heal|p1a: Clodsire|100/100
|
|-damage|p2a: Anonymous|73/100 tox|[from] psn
|upkeep
|turn|25
|inactive|bonekiller001 has 120 seconds left.
|inactive|bonekiller001 has 90 seconds left.
|
|t:|1757785685
|switch|p1a: Corviknight|Corviknight, M|86/100
|-damage|p1a: Corviknight|74/100|[from] Stealth Rock
|-ability|p1a: Corviknight|Pressure
|move|p2a: Anonymous|Ivy Cudgel|p1a: Corviknight
|-resisted|p1a: Corviknight
|-damage|p1a: Corviknight|62/100
|
|-damage|p2a: Anonymous|61/100 tox|[from] psn
|upkeep
|turn|26
|
|t:|1757785708
|switch|p2a: Overseer|Pecharunt|100/100
|move|p1a: Corviknight|Roost|p1a: Corviknight
|-heal|p1a: Corviknight|100/100
|-singleturn|p1a: Corviknight|move: Roost
|
|upkeep
|turn|27
|
|t:|1757785720
|switch|p1a: Meowscarada|Meowscarada, F|84/100
|-damage|p1a: Meowscarada|72/100|[from] Stealth Rock
|move|p2a: Overseer|Shadow Ball|p1a: Meowscarada
|-resisted|p1a: Meowscarada
|-damage|p1a: Meowscarada|54/100
|
|upkeep
|turn|28
|
|t:|1757785734
|move|p1a: Meowscarada|Trick|p2a: Overseer
|-start|p1a: Meowscarada|typechange|Psychic|[from] ability: Protean
|-activate|p1a: Meowscarada|move: Trick|[of] p2a: Overseer
|-item|p2a: Overseer|Choice Scarf|[from] move: Trick
|-enditem|p1a: Meowscarada|Choice Scarf|[silent]|[from] move: Trick
|move|p2a: Overseer|Malignant Chain|p1a: Meowscarada
|-damage|p1a: Meowscarada|4/100
|-status|p1a: Meowscarada|tox
|-start|p1a: Meowscarada|confusion|[from] ability: Poison Puppeteer|[of] p2a: Overseer
|
|-damage|p1a: Meowscarada|0 fnt|[from] psn
|faint|p1a: Meowscarada
|upkeep
|inactive|Supa Dupa Hoopa has 120 seconds left.
|
|t:|1757785753
|switch|p1a: Toxtricity|Toxtricity-Low-Key, M|100/100
|-damage|p1a: Toxtricity|88/100|[from] Stealth Rock
|turn|29
|inactive|bonekiller001 has 90 seconds left.
|
|t:|1757785777
|switch|p2a: Chaos|Heatran, M, shiny, tera:Fairy|52/100
|move|p1a: Toxtricity|Boomburst|p2a: Chaos
|-damage|p2a: Chaos|0 fnt
|faint|p2a: Chaos
|
|upkeep
|inactive|bonekiller001 has 60 seconds left.
|
|t:|1757785814
|switch|p2a: Behemoth|Great Tusk, shiny|33/100
|turn|30
|
|t:|1757785822
|switch|p1a: Corviknight|Corviknight, M|100/100
|-damage|p1a: Corviknight|88/100|[from] Stealth Rock
|-ability|p1a: Corviknight|Pressure
|move|p2a: Behemoth|Headlong Rush|p1a: Corviknight
|-immune|p1a: Corviknight
|
|upkeep
|turn|31
|
|t:|1757785832
|-end|p2a: Behemoth|Protosynthesis|[silent]
|switch|p2a: Overseer|Pecharunt|100/100
|move|p1a: Corviknight|Bulk Up|p1a: Corviknight
|-boost|p1a: Corviknight|atk|1
|-boost|p1a: Corviknight|def|1
|
|upkeep
|turn|32
|
|t:|1757785842
|move|p2a: Overseer|Shadow Ball|p1a: Corviknight
|-damage|p1a: Corviknight|65/100
|move|p1a: Corviknight|Bulk Up|p1a: Corviknight
|-boost|p1a: Corviknight|atk|1
|-boost|p1a: Corviknight|def|1
|
|upkeep
|turn|33
|
|t:|1757785856
|move|p2a: Overseer|Shadow Ball|p1a: Corviknight
|-damage|p1a: Corviknight|40/100
|-unboost|p1a: Corviknight|spd|1
|move|p1a: Corviknight|Roost|p1a: Corviknight
|-heal|p1a: Corviknight|90/100
|-singleturn|p1a: Corviknight|move: Roost
|
|upkeep
|turn|34
|
|t:|1757785876
|switch|p1a: Clodsire|Clodsire, F, tera:Water|100/100
|-damage|p1a: Clodsire|88/100|[from] Stealth Rock
|move|p2a: Overseer|Shadow Ball|p1a: Clodsire
|-damage|p1a: Clodsire|74/100
|
|-heal|p1a: Clodsire|80/100|[from] item: Leftovers
|upkeep
|turn|35
|
|t:|1757785896
|switch|p2a: Anonymous|Ogerpon, F|61/100 tox
|move|p1a: Clodsire|Toxic|p2a: Anonymous
|-fail|p2a: Anonymous|tox
|
|-heal|p1a: Clodsire|87/100|[from] item: Leftovers
|-damage|p2a: Anonymous|55/100 tox|[from] psn
|upkeep
|turn|36
|
|t:|1757785908
|switch|p1a: Corviknight|Corviknight, M|90/100
|-damage|p1a: Corviknight|77/100|[from] Stealth Rock
|-ability|p1a: Corviknight|Pressure
|move|p2a: Anonymous|U-turn|p1a: Corviknight
|-resisted|p1a: Corviknight
|-damage|p1a: Corviknight|73/100
|
|t:|1757785916
|switch|p2a: Celestine|Primarina, M, shiny|100/100|[from] U-turn
|
|upkeep
|turn|37
|
|t:|1757785932
|move|p1a: Corviknight|Roost|p1a: Corviknight
|-heal|p1a: Corviknight|100/100
|-singleturn|p1a: Corviknight|move: Roost
|move|p2a: Celestine|Whirlpool|p1a: Corviknight
|-damage|p1a: Corviknight|83/100
|-activate|p1a: Corviknight|move: Whirlpool|[of] p2a: Celestine
|
|-damage|p1a: Corviknight|70/100|[from] move: Whirlpool|[partiallytrapped]
|upkeep
|turn|38
|
|t:|1757785948
|move|p1a: Corviknight|Roost|p1a: Corviknight
|-heal|p1a: Corviknight|100/100
|-singleturn|p1a: Corviknight|move: Roost
|move|p2a: Celestine|Psychic Noise|p1a: Corviknight
|-damage|p1a: Corviknight|62/100
|-start|p1a: Corviknight|move: Heal Block
|
|-damage|p1a: Corviknight|50/100|[from] move: Whirlpool|[partiallytrapped]
|upkeep
|turn|39
|
|t:|1757785965
|move|p1a: Corviknight|Body Press|p2a: Celestine
|-resisted|p2a: Celestine
|-damage|p2a: Celestine|84/100
|move|p2a: Celestine|Psychic Noise|p1a: Corviknight
|-damage|p1a: Corviknight|6/100
|
|-damage|p1a: Corviknight|0 fnt|[from] move: Whirlpool|[partiallytrapped]
|faint|p1a: Corviknight
|upkeep
|inactive|Supa Dupa Hoopa has 120 seconds left.
|
|t:|1757785977
|switch|p1a: Toxtricity|Toxtricity-Low-Key, M|88/100
|-damage|p1a: Toxtricity|76/100|[from] Stealth Rock
|turn|40
|
|t:|1757785984
|switch|p2a: Overseer|Pecharunt|100/100
|move|p1a: Toxtricity|Sludge Bomb|p2a: Overseer
|-resisted|p2a: Overseer
|-damage|p2a: Overseer|84/100
|
|upkeep
|turn|41
|
|t:|1757785992
|switch|p1a: Clodsire|Clodsire, F, tera:Water|87/100
|-damage|p1a: Clodsire|74/100|[from] Stealth Rock
|move|p2a: Overseer|Parting Shot|p1a: Clodsire
|-unboost|p1a: Clodsire|atk|1
|-unboost|p1a: Clodsire|spa|1
|
|t:|1757785995
|switch|p2a: Anonymous|Ogerpon, F|55/100 tox|[from] Parting Shot
|
|-heal|p1a: Clodsire|80/100|[from] item: Leftovers
|-damage|p2a: Anonymous|49/100 tox|[from] psn
|upkeep
|turn|42
|
|t:|1757786016
|switch|p1a: Dragapult|Dragapult, F|100/100
|-damage|p1a: Dragapult|88/100|[from] Stealth Rock
|move|p2a: Anonymous|Ivy Cudgel|p1a: Dragapult
|-resisted|p1a: Dragapult
|-damage|p1a: Dragapult|35/100
|
|-damage|p2a: Anonymous|37/100 tox|[from] psn
|upkeep
|turn|43
|inactive|Supa Dupa Hoopa has 120 seconds left.
|
|t:|1757786037
|switch|p2a: Overseer|Pecharunt|84/100
|move|p1a: Dragapult|U-turn|p2a: Overseer
|-resisted|p2a: Overseer
|-damage|p2a: Overseer|83/100
|inactive|Supa Dupa Hoopa has 120 seconds left.
|
|t:|1757786044
|switch|p1a: Great Tusk|Great Tusk|100/100|[from] U-turn
|-damage|p1a: Great Tusk|98/100|[from] Stealth Rock
|-enditem|p1a: Great Tusk|Booster Energy
|-activate|p1a: Great Tusk|ability: Protosynthesis|[fromitem]
|-start|p1a: Great Tusk|protosynthesisatk
|
|upkeep
|turn|44
|
|t:|1757786051
|move|p2a: Overseer|Parting Shot|p1a: Great Tusk
|-unboost|p1a: Great Tusk|atk|1
|-unboost|p1a: Great Tusk|spa|1
|
|t:|1757786056
|switch|p2a: Behemoth|Great Tusk, shiny|33/100|[from] Parting Shot
|move|p1a: Great Tusk|Earthquake|p2a: Behemoth
|-damage|p2a: Behemoth|0 fnt
|faint|p2a: Behemoth
|-end|p2a: Behemoth|Protosynthesis|[silent]
|
|upkeep
|
|t:|1757786058
|switch|p2a: Anonymous|Ogerpon, F|37/100 tox
|turn|45
|
|t:|1757786067
|move|p2a: Anonymous|Ivy Cudgel|p1a: Great Tusk
|-supereffective|p1a: Great Tusk
|-damage|p1a: Great Tusk|0 fnt
|faint|p1a: Great Tusk
|-end|p1a: Great Tusk|Protosynthesis|[silent]
|
|-damage|p2a: Anonymous|31/100 tox|[from] psn
|upkeep
|
|t:|1757786074
|switch|p1a: Dragapult|Dragapult, F|35/100
|-damage|p1a: Dragapult|23/100|[from] Stealth Rock
|turn|46
|
|t:|1757786080
|switch|p2a: Overseer|Pecharunt|83/100
|move|p1a: Dragapult|Shadow Ball|p2a: Overseer
|-supereffective|p2a: Overseer
|-damage|p2a: Overseer|0 fnt
|faint|p2a: Overseer
|
|upkeep
|
|t:|1757786100
|switch|p2a: Celestine|Primarina, M, shiny|84/100
|turn|47
|
|t:|1757786103
|switch|p1a: Clodsire|Clodsire, F, tera:Water|80/100
|-damage|p1a: Clodsire|68/100|[from] Stealth Rock
|move|p2a: Celestine|Moonblast|p1a: Clodsire
|-damage|p1a: Clodsire|38/100
|
|-heal|p1a: Clodsire|44/100|[from] item: Leftovers
|upkeep
|turn|48
|inactive|bonekiller001 has 120 seconds left.
|
|t:|1757786140
|switch|p2a: Bandit|Weavile, M, shiny|100/100
|-ability|p2a: Bandit|Pressure
|move|p1a: Clodsire|Recover|p1a: Clodsire
|-heal|p1a: Clodsire|94/100
|
|-heal|p1a: Clodsire|100/100|[from] item: Leftovers
|upkeep
|turn|49
|inactive|bonekiller001 has 120 seconds left.
|
|t:|1757786148
|move|p2a: Bandit|Knock Off|p1a: Clodsire
|-damage|p1a: Clodsire|19/100
|-enditem|p1a: Clodsire|Leftovers|[from] move: Knock Off|[of] p2a: Bandit
|move|p1a: Clodsire|Toxic|p2a: Bandit|[miss]
|-miss|p1a: Clodsire|p2a: Bandit
|
|upkeep
|turn|50
|
|t:|1757786157
|move|p2a: Bandit|Knock Off|p1a: Clodsire
|-damage|p1a: Clodsire|0 fnt
|faint|p1a: Clodsire
|
|upkeep
|
|t:|1757786164
|switch|p1a: Dragapult|Dragapult, F|23/100
|-damage|p1a: Dragapult|11/100|[from] Stealth Rock
|turn|51
|inactive|bonekiller001 has 120 seconds left.
|
|t:|1757786186
|switch|p2a: Celestine|Primarina, M, shiny|84/100
|move|p1a: Dragapult|Draco Meteor|p2a: Celestine
|-immune|p2a: Celestine
|
|upkeep
|turn|52
|-message|Supa Dupa Hoopa forfeited.
|
|win|bonekiller001
|raw|Supa Dupa Hoopa's rating: 1398 &rarr; <strong>1378</strong><br />(-20 for losing)
|raw|bonekiller001's rating: 1402 &rarr; <strong>1422</strong><br />(+20 for winning)
|l|☆Supa Dupa Hoopa
|player|p1|
|c|☆bonekiller001|gg
|l|☆bonekiller001
|player|p2|
