|j|☆caijin
|j|☆yhgcjk
|t:|1757819694
|gametype|singles
|player|p1|caijin|bianca|1121
|player|p2|yhgcjk|unknown|1152
|gen|9
|tier|[Gen 9] OU
|rated|
|rule|HP Percentage Mod: HP is shown in percentages
|rule|Endless Battle Clause: Forcing endless battles is banned
|rule|Species Clause: Limit one of each Pokémon
|rule|OHKO Clause: OHKO moves are banned
|rule|Evasion Items Clause: Evasion items are banned
|rule|Evasion Moves Clause: Evasion moves are banned
|rule|Evasion Abilities Clause: Evasion abilities are banned
|rule|Sleep Moves Clause: Sleep-inducing moves are banned
|clearpoke
|poke|p1|Serperior, F|
|poke|p1|Meowstic, M|
|poke|p1|Chandelure, M|
|poke|p1|Pawmot, F|
|poke|p1|Noivern, M|
|poke|p1|Florges-Blue, F|
|poke|p2|Toxtricity, M|
|poke|p2|Alomomola, F|
|poke|p2|Hatterene, F|
|poke|p2|Great Tusk|
|poke|p2|Goodra-Hisui, M|
|poke|p2|Weavile, F|
|teampreview
|inactive|Battle timer is ON: inactive players will automatically lose when time's up. (requested by caijin)
|
|t:|1757819707
|teamsize|p1|6
|teamsize|p2|6
|start
|switch|p1a: Mirror|Meowstic, M|100/100
|switch|p2a: Weavile|Weavile, F|100/100
|-ability|p2a: Weavile|Pressure
|turn|1
|
|t:|1757819715
|move|p1a: Mirror|Reflect|p1a: Mirror
|-sidestart|p1: caijin|Reflect
|move|p2a: Weavile|Knock Off|p1a: Mirror
|-supereffective|p1a: Mirror
|-damage|p1a: Mirror|43/100
|-enditem|p1a: Mirror|Light Clay|[from] move: Knock Off|[of] p2a: Weavile
|
|upkeep
|turn|2
|
|t:|1757819729
|switch|p1a: Apricot|Pawmot, F|100/100
|move|p2a: Weavile|Swords Dance|p2a: Weavile
|-boost|p2a: Weavile|atk|2
|
|upkeep
|turn|3
|
|t:|1757819736
|switch|p2a: Great Tusk|Great Tusk|100/100
|move|p1a: Apricot|Mach Punch|p2a: Great Tusk
|-damage|p2a: Great Tusk|83/100
|
|upkeep
|turn|4
|
|t:|1757819748
|switch|p1a: Lisianthus|Florges-Blue, F|100/100
|move|p2a: Great Tusk|Stealth Rock|p1a: Lisianthus
|-sidestart|p1: caijin|move: Stealth Rock
|
|upkeep
|turn|5
|
|t:|1757819753
|-end|p2a: Great Tusk|Protosynthesis|[silent]
|switch|p2a: Goodra|Goodra-Hisui, M|100/100
|move|p1a: Lisianthus|Chilling Water|p2a: Goodra
|-resisted|p2a: Goodra
|-damage|p2a: Goodra|97/100
|-unboost|p2a: Goodra|atk|1
|
|upkeep
|turn|6
|
|t:|1757819770
|switch|p1a: Misty|Noivern, M|100/100
|move|p2a: Goodra|Flash Cannon|p1a: Misty
|-damage|p1a: Misty|43/100
|
|upkeep
|turn|7
|
|t:|1757819787
|move|p1a: Misty|Defog|p2a: Goodra
|-unboost|p2a: Goodra|evasion|1
|-sideend|p1: caijin|Stealth Rock|[from] move: Defog|[of] p1a: Misty
|move|p2a: Goodra|Ice Beam|p1a: Misty
|-supereffective|p1a: Misty
|-damage|p1a: Misty|0 fnt
|faint|p1a: Misty
|
|upkeep
|
|t:|1757819798
|switch|p1a: Mirror|Meowstic, M|43/100
|turn|8
|
|t:|1757819801
|switch|p2a: Weavile|Weavile, F|100/100
|-ability|p2a: Weavile|Pressure
|move|p1a: Mirror|Thunder Wave|p2a: Weavile
|-hint|Since gen 7, Dark is immune to Prankster moves.
|-immune|p2a: Weavile
|
|-sideend|p1: caijin|Reflect
|upkeep
|turn|9
|
|t:|1757819812
|move|p1a: Mirror|Reflect|p1a: Mirror
|-sidestart|p1: caijin|Reflect
|move|p2a: Weavile|Swords Dance|p2a: Weavile
|-boost|p2a: Weavile|atk|2
|
|upkeep
|turn|10
|
|t:|1757819817
|move|p1a: Mirror|Light Screen|p1a: Mirror
|-sidestart|p1: caijin|move: Light Screen
|move|p2a: Weavile|Knock Off|p1a: Mirror
|-supereffective|p1a: Mirror
|-damage|p1a: Mirror|0 fnt
|faint|p1a: Mirror
|
|upkeep
|
|t:|1757819824
|switch|p1a: Apricot|Pawmot, F|100/100
|turn|11
|
|t:|1757819830
|switch|p2a: Great Tusk|Great Tusk|83/100
|move|p1a: Apricot|Mach Punch|p2a: Great Tusk
|-damage|p2a: Great Tusk|65/100
|
|upkeep
|turn|12
|
|t:|1757819844
|move|p1a: Apricot|Ice Punch|p2a: Great Tusk
|-supereffective|p2a: Great Tusk
|-crit|p2a: Great Tusk
|-damage|p2a: Great Tusk|0 fnt
|faint|p2a: Great Tusk
|-end|p2a: Great Tusk|Protosynthesis|[silent]
|
|upkeep
|
|t:|1757819851
|switch|p2a: Hatterene|Hatterene, F|100/100
|turn|13
|
|t:|1757819859
|-terastallize|p1a: Apricot|Electric
|move|p1a: Apricot|Double Shock|p2a: Hatterene
|-damage|p2a: Hatterene|0 fnt
|-start|p1a: Apricot|typechange|Electric|[from] move: Double Shock
|faint|p2a: Hatterene
|
|-sideend|p1: caijin|Reflect
|upkeep
|
|t:|1757819870
|switch|p2a: Toxtricity|Toxtricity, M|100/100
|turn|14
|
|t:|1757819880
|move|p1a: Apricot|Double Shock|p2a: Toxtricity
|-resisted|p2a: Toxtricity
|-damage|p2a: Toxtricity|40/100
|-start|p1a: Apricot|typechange|Electric|[from] move: Double Shock
|move|p2a: Toxtricity|Boomburst|p1a: Apricot
|-damage|p1a: Apricot|25/100
|
|-sideend|p1: caijin|move: Light Screen
|upkeep
|turn|15
|-message|yhgcjk forfeited.
|
|win|caijin
|raw|caijin's rating: 1121 &rarr; <strong>1148</strong><br />(+27 for winning)
|raw|yhgcjk's rating: 1152 &rarr; <strong>1125</strong><br />(-27 for losing)
|l|☆yhgcjk
|player|p2|
|l|☆caijin
|player|p1|
