|j|☆Tetedebois
|j|☆jessies boyfriend
|t:|1757899110
|gametype|singles
|player|p1|Tetedebois|2|1423
|player|p2|jessies boyfriend|brock|1394
|gen|9
|tier|[Gen 9] OU
|rated|
|rule|HP Percentage Mod: HP is shown in percentages
|rule|Endless Battle Clause: Forcing endless battles is banned
|rule|Species Clause: Limit one of each Pokémon
|rule|OHKO Clause: OHKO moves are banned
|rule|Evasion Items Clause: Evasion items are banned
|rule|Evasion Moves Clause: Evasion moves are banned
|rule|Evasion Abilities Clause: Evasion abilities are banned
|rule|Sleep Moves Clause: Sleep-inducing moves are banned
|clearpoke
|poke|p1|Great Tusk|
|poke|p1|Gholdengo|
|poke|p1|Iron Valiant|
|poke|p1|Kingambit, F|
|poke|p1|Raging Bolt|
|poke|p1|Ogerpon-Wellspring, F|
|poke|p2|Munkidori, M|
|poke|p2|Fezandipiti, M|
|poke|p2|Okidogi, M|
|poke|p2|Corviknight, M|
|poke|p2|Porygon-Z|
|poke|p2|Hoopa-Unbound|
|teampreview
|inactive|Battle timer is ON: inactive players will automatically lose when time's up. (requested by jessies boyfriend)
|
|t:|1757899127
|teamsize|p1|6
|teamsize|p2|6
|start
|switch|p1a: Gholdengo|Gholdengo|100/100
|switch|p2a: Hoopa|Hoopa-Unbound|100/100
|turn|1
|
|t:|1757899142
|switch|p1a: Sayonara|Kingambit, F|100/100
|move|p2a: Hoopa|Trick Room|p2a: Hoopa
|-fieldstart|move: Trick Room|[of] p2a: Hoopa
|
|upkeep
|turn|2
|
|t:|1757899160
|-terastallize|p2a: Hoopa|Fighting
|move|p2a: Hoopa|Focus Blast|p1a: Sayonara
|-supereffective|p1a: Sayonara
|-damage|p1a: Sayonara|0 fnt
|faint|p1a: Sayonara
|-end|p1a: Sayonara|fallenundefined|[silent]
|-damage|p2a: Hoopa|91/100|[from] item: Life Orb
|
|upkeep
|
|t:|1757899174
|switch|p1a: Tschüss|Raging Bolt|100/100
|-enditem|p1a: Tschüss|Booster Energy
|-activate|p1a: Tschüss|ability: Protosynthesis|[fromitem]
|-start|p1a: Tschüss|protosynthesisspa
|turn|3
|inactive|Tetedebois has 120 seconds left.
|
|t:|1757899211
|move|p2a: Hoopa|Psychic|p1a: Tschüss
|-damage|p1a: Tschüss|24/100
|-damage|p2a: Hoopa|81/100|[from] item: Life Orb
|move|p1a: Tschüss|Calm Mind|p1a: Tschüss
|-boost|p1a: Tschüss|spa|1
|-boost|p1a: Tschüss|spd|1
|
|upkeep
|turn|4
|
|t:|1757899225
|move|p1a: Tschüss|Thunderclap|p2a: Hoopa
|-damage|p2a: Hoopa|11/100
|move|p2a: Hoopa|Psychic|p1a: Tschüss
|-damage|p1a: Tschüss|0 fnt
|faint|p1a: Tschüss
|-end|p1a: Tschüss|Protosynthesis|[silent]
|-damage|p2a: Hoopa|1/100|[from] item: Life Orb
|
|upkeep
|
|t:|1757899239
|switch|p1a: Gholdengo|Gholdengo|100/100
|turn|5
|inactive|Tetedebois has 90 seconds left.
|
|t:|1757899277
|move|p2a: Hoopa|Hyperspace Fury|p1a: Gholdengo
|-supereffective|p1a: Gholdengo
|-damage|p1a: Gholdengo|0 fnt
|-unboost|p2a: Hoopa|def|1
|faint|p1a: Gholdengo
|-damage|p2a: Hoopa|0 fnt|[from] item: Life Orb
|faint|p2a: Hoopa
|
|-fieldend|move: Trick Room
|upkeep
|
|t:|1757899292
|switch|p1a: Great Tusk|Great Tusk|100/100
|switch|p2a: Munkidori|Munkidori, M|100/100
|-enditem|p1a: Great Tusk|Booster Energy
|-activate|p1a: Great Tusk|ability: Protosynthesis|[fromitem]
|-start|p1a: Great Tusk|protosynthesisatk
|turn|6
|
|t:|1757899300
|move|p2a: Munkidori|Psychic|p1a: Great Tusk
|-supereffective|p1a: Great Tusk
|-damage|p1a: Great Tusk|0 fnt
|faint|p1a: Great Tusk
|-end|p1a: Great Tusk|Protosynthesis|[silent]
|
|upkeep
|
|t:|1757899306
|switch|p1a: Ciao|Ogerpon-Wellspring, F|100/100
|turn|7
|
|t:|1757899315
|switch|p2a: Corviknight|Corviknight, M|100/100
|-ability|p2a: Corviknight|Pressure
|-terastallize|p1a: Ciao|Water
|detailschange|p1a: Ciao|Ogerpon-Wellspring-Tera, F, tera:Water
|-ability|p1a: Ciao|Embody Aspect (Wellspring)|boost
|-boost|p1a: Ciao|spd|1
|move|p1a: Ciao|Swords Dance|p1a: Ciao
|-boost|p1a: Ciao|atk|2
|
|upkeep
|turn|8
|
|t:|1757899326
|move|p1a: Ciao|Ivy Cudgel|p2a: Corviknight|[anim] Ivy Cudgel Water
|-damage|p2a: Corviknight|11/100
|move|p2a: Corviknight|Body Press|p1a: Ciao
|-damage|p1a: Ciao|63/100
|
|upkeep
|turn|9
|
|t:|1757899335
|move|p1a: Ciao|Ivy Cudgel|p2a: Corviknight|[anim] Ivy Cudgel Water
|-damage|p2a: Corviknight|0 fnt
|faint|p2a: Corviknight
|
|upkeep
|
|t:|1757899343
|switch|p2a: Munkidori|Munkidori, M|100/100
|turn|10
|
|t:|1757899347
|move|p2a: Munkidori|U-turn|p1a: Ciao
|-damage|p1a: Ciao|48/100
|-status|p1a: Ciao|tox|[from] ability: Toxic Chain|[of] p2a: Munkidori
|
|t:|1757899349
|switch|p2a: Fezandipiti|Fezandipiti, M|100/100|[from] U-turn
|move|p1a: Ciao|Ivy Cudgel|p2a: Fezandipiti|[anim] Ivy Cudgel Water
|-damage|p2a: Fezandipiti|0 fnt
|faint|p2a: Fezandipiti
|
|-damage|p1a: Ciao|42/100 tox|[from] psn
|upkeep
|
|t:|1757899354
|switch|p2a: Okidogi|Okidogi, M|100/100
|turn|11
|
|t:|1757899362
|move|p1a: Ciao|Ivy Cudgel|p2a: Okidogi|[anim] Ivy Cudgel Water
|-damage|p2a: Okidogi|7/100
|move|p2a: Okidogi|Drain Punch|p1a: Ciao
|-damage|p1a: Ciao|0 fnt
|-heal|p2a: Okidogi|24/100|[from] drain|[of] p1a: Ciao
|faint|p1a: Ciao
|detailschange|p1: Ciao|Ogerpon-Wellspring, F|[silent]
|
|-heal|p2a: Okidogi|30/100|[from] item: Leftovers
|upkeep
|
|t:|1757899372
|switch|p1a: Iron Valiant|Iron Valiant|100/100
|-enditem|p1a: Iron Valiant|Booster Energy
|-activate|p1a: Iron Valiant|ability: Quark Drive|[fromitem]
|-start|p1a: Iron Valiant|quarkdrivespe
|turn|12
|
|t:|1757899388
|move|p1a: Iron Valiant|Moonblast|p2a: Okidogi
|-damage|p2a: Okidogi|0 fnt
|faint|p2a: Okidogi
|
|upkeep
|
|t:|1757899393
|switch|p2a: Munkidori|Munkidori, M|100/100
|turn|13
|
|t:|1757899397
|move|p1a: Iron Valiant|Moonblast|p2a: Munkidori
|-resisted|p2a: Munkidori
|-damage|p2a: Munkidori|75/100
|-unboost|p2a: Munkidori|spa|1
|move|p2a: Munkidori|Psychic|p1a: Iron Valiant
|-supereffective|p1a: Iron Valiant
|-damage|p1a: Iron Valiant|0 fnt
|faint|p1a: Iron Valiant
|-end|p1a: Iron Valiant|Quark Drive|[silent]
|
|win|jessies boyfriend
|raw|Tetedebois's rating: 1423 &rarr; <strong>1401</strong><br />(-22 for losing)
|raw|jessies boyfriend's rating: 1394 &rarr; <strong>1416</strong><br />(+22 for winning)
|l|☆jessies boyfriend
|player|p2|
|l|☆Tetedebois
|player|p1|
