|j|☆rookie22
|j|☆zhuangmou
|t:|1757855946
|gametype|singles
|player|p1|rookie22|iris-gen5bw2|1683
|player|p2|zhuangmou|red|1668
|gen|9
|tier|[Gen 9] OU
|rated|
|rule|HP Percentage Mod: HP is shown in percentages
|rule|Endless Battle Clause: Forcing endless battles is banned
|rule|Species Clause: Limit one of each Pokémon
|rule|OHKO Clause: OHKO moves are banned
|rule|Evasion Items Clause: Evasion items are banned
|rule|Evasion Moves Clause: Evasion moves are banned
|rule|Evasion Abilities Clause: Evasion abilities are banned
|rule|Sleep Moves Clause: Sleep-inducing moves are banned
|clearpoke
|poke|p1|Dragonite, F|
|poke|p1|Meowscarada, F|
|poke|p1|Keldeo|
|poke|p1|Iron Crown|
|poke|p1|Raging Bolt|
|poke|p1|Great Tusk|
|poke|p2|Darkrai|
|poke|p2|Great Tusk|
|poke|p2|Landorus-Therian, M|
|poke|p2|Dragapult, F|
|poke|p2|Heatran, M|
|poke|p2|Primarina, F|
|teampreview
|inactive|Battle timer is ON: inactive players will automatically lose when time's up. (requested by rookie22)
|inactive|zhuangmou also wants the timer to be on.
|inactive|rookie22 has 120 seconds left.
|inactive|zhuangmou has 120 seconds left.
|j| Nikator98
|l| Nikator98
|
|t:|1757855987
|teamsize|p1|6
|teamsize|p2|6
|start
|switch|p1a: Lisan Al Gaib|Keldeo|100/100
|switch|p2a: Heatran|Heatran, M|100/100
|turn|1
|
|t:|1757855993
|switch|p2a: Primarina|Primarina, F|100/100
|move|p1a: Lisan Al Gaib|Surf|p2a: Primarina
|-resisted|p2a: Primarina
|-damage|p2a: Primarina|83/100
|
|upkeep
|turn|2
|
|t:|1757856002
|switch|p1a: Bene Gesserit|Iron Crown|100/100
|move|p2a: Primarina|Flip Turn|p1a: Bene Gesserit
|-damage|p1a: Bene Gesserit|86/100
|inactive|zhuangmou has 120 seconds left.
|
|t:|1757856041
|switch|p2a: Heatran|Heatran, M|100/100|[from] Flip Turn
|
|upkeep
|turn|3
|inactive|zhuangmou has 120 seconds left.
|
|t:|1757856055
|move|p1a: Bene Gesserit|Volt Switch|p2a: Heatran
|-damage|p2a: Heatran|84/100
|
|t:|1757856059
|-end|p1a: Bene Gesserit|Quark Drive|[silent]
|switch|p1a: Lisan Al Gaib|Keldeo|100/100|[from] Volt Switch
|move|p2a: Heatran|Earth Power|p1a: Lisan Al Gaib
|-crit|p1a: Lisan Al Gaib
|-damage|p1a: Lisan Al Gaib|49/100
|
|-heal|p2a: Heatran|90/100|[from] item: Leftovers
|upkeep
|turn|4
|inactive|zhuangmou has 120 seconds left.
|
|t:|1757856075
|switch|p1a: Meowscarada|Meowscarada, F|100/100
|move|p2a: Heatran|Protect||[still]
|-fail|p2a: Heatran
|
|-heal|p2a: Heatran|96/100|[from] item: Leftovers
|upkeep
|turn|5
|inactive|zhuangmou has 120 seconds left.
|
|t:|1757856084
|switch|p1a: Raging Bolt|Raging Bolt|100/100
|move|p2a: Heatran|Magma Storm|p1a: Raging Bolt
|-resisted|p1a: Raging Bolt
|-damage|p1a: Raging Bolt|78/100
|-activate|p1a: Raging Bolt|move: Magma Storm|[of] p2a: Heatran
|
|-heal|p1a: Raging Bolt|84/100|[from] item: Leftovers
|-heal|p2a: Heatran|100/100|[from] item: Leftovers
|-damage|p1a: Raging Bolt|71/100|[from] move: Magma Storm|[partiallytrapped]
|upkeep
|turn|6
|inactive|zhuangmou has 120 seconds left.
|
|t:|1757856102
|switch|p2a: Great Tusk|Great Tusk|100/100
|move|p1a: Raging Bolt|Calm Mind|p1a: Raging Bolt
|-boost|p1a: Raging Bolt|spa|1
|-boost|p1a: Raging Bolt|spd|1
|
|-heal|p1a: Raging Bolt|78/100|[from] item: Leftovers
|-end|p1a: Raging Bolt|Magma Storm|[partiallytrapped]|[silent]
|upkeep
|turn|7
|inactive|zhuangmou has 120 seconds left.
|
|t:|1757856133
|-end|p1a: Raging Bolt|Protosynthesis|[silent]
|switch|p1a: Great Tusk|Great Tusk|100/100
|move|p2a: Great Tusk|Headlong Rush|p1a: Great Tusk
|-damage|p1a: Great Tusk|58/100
|-unboost|p2a: Great Tusk|def|1
|-unboost|p2a: Great Tusk|spd|1
|
|-heal|p1a: Great Tusk|64/100|[from] item: Leftovers
|upkeep
|turn|8
|inactive|zhuangmou has 90 seconds left.
|inactive|rookie22 has 120 seconds left.
|
|t:|1757856170
|move|p2a: Great Tusk|Ice Spinner|p1a: Great Tusk
|-supereffective|p1a: Great Tusk
|-damage|p1a: Great Tusk|27/100
|move|p1a: Great Tusk|Earthquake|p2a: Great Tusk
|-damage|p2a: Great Tusk|36/100
|
|-heal|p1a: Great Tusk|33/100|[from] item: Leftovers
|upkeep
|turn|9
|j| huejack
|inactive|rookie22 has 120 seconds left.
|inactive|zhuangmou has 60 seconds left.
|
|t:|1757856219
|move|p2a: Great Tusk|Ice Spinner|p1a: Great Tusk
|-supereffective|p1a: Great Tusk
|-damage|p1a: Great Tusk|0 fnt
|faint|p1a: Great Tusk
|-end|p1a: Great Tusk|Protosynthesis|[silent]
|
|upkeep
|
|t:|1757856234
|switch|p1a: Bene Gesserit|Iron Crown|86/100
|turn|10
|
|t:|1757856242
|-end|p2a: Great Tusk|Protosynthesis|[silent]
|switch|p2a: Heatran|Heatran, M|100/100
|move|p1a: Bene Gesserit|Tachyon Cutter|p2a: Heatran
|-resisted|p2a: Heatran
|-damage|p2a: Heatran|96/100
|-resisted|p2a: Heatran
|-damage|p2a: Heatran|92/100
|-hitcount|p2a: Heatran|2
|
|-heal|p2a: Heatran|98/100|[from] item: Leftovers
|upkeep
|turn|11
|inactive|rookie22 has 120 seconds left.
|j| blackddarkness
|
|t:|1757856268
|move|p1a: Bene Gesserit|Volt Switch|p2a: Heatran
|-damage|p2a: Heatran|79/100
|
|t:|1757856271
|-end|p1a: Bene Gesserit|Quark Drive|[silent]
|switch|p1a: Raging Bolt|Raging Bolt|78/100|[from] Volt Switch
|move|p2a: Heatran|Magma Storm|p1a: Raging Bolt
|-resisted|p1a: Raging Bolt
|-damage|p1a: Raging Bolt|54/100
|-activate|p1a: Raging Bolt|move: Magma Storm|[of] p2a: Heatran
|
|-heal|p1a: Raging Bolt|60/100|[from] item: Leftovers
|-heal|p2a: Heatran|85/100|[from] item: Leftovers
|-damage|p1a: Raging Bolt|48/100|[from] move: Magma Storm|[partiallytrapped]
|upkeep
|turn|12
|inactive|rookie22 has 120 seconds left.
|
|t:|1757856288
|move|p1a: Raging Bolt|Dragon Pulse|p2a: Heatran
|-resisted|p2a: Heatran
|-damage|p2a: Heatran|68/100
|move|p2a: Heatran|Earth Power|p1a: Raging Bolt
|-supereffective|p1a: Raging Bolt
|-damage|p1a: Raging Bolt|0 fnt
|faint|p1a: Raging Bolt
|-end|p1a: Raging Bolt|Protosynthesis|[silent]
|
|-heal|p2a: Heatran|74/100|[from] item: Leftovers
|upkeep
|l| blackddarkness
|inactive|rookie22 has 90 seconds left.
|
|t:|1757856317
|switch|p1a: Meowscarada|Meowscarada, F|100/100
|turn|13
|
|t:|1757856326
|move|p2a: Heatran|Protect|p2a: Heatran
|-singleturn|p2a: Heatran|Protect
|move|p1a: Meowscarada|Taunt|p2a: Heatran
|-start|p1a: Meowscarada|typechange|Dark|[from] ability: Protean
|-activate|p2a: Heatran|move: Protect
|
|-heal|p2a: Heatran|80/100|[from] item: Leftovers
|upkeep
|turn|14
|inactive|zhuangmou has 30 seconds left.
|
|t:|1757856360
|move|p1a: Meowscarada|Taunt|p2a: Heatran
|-start|p2a: Heatran|move: Taunt
|move|p2a: Heatran|Magma Storm|p1a: Meowscarada
|-damage|p1a: Meowscarada|14/100
|-activate|p1a: Meowscarada|move: Magma Storm|[of] p2a: Heatran
|
|-heal|p2a: Heatran|87/100|[from] item: Leftovers
|-damage|p1a: Meowscarada|2/100|[from] move: Magma Storm|[partiallytrapped]
|upkeep
|turn|15
|inactive|zhuangmou has 30 seconds left.
|
|t:|1757856371
|switch|p2a: Landorus|Landorus-Therian, M|100/100
|-ability|p2a: Landorus|Intimidate|boost
|-unboost|p1a: Meowscarada|atk|1
|move|p1a: Meowscarada|Knock Off|p2a: Landorus
|-damage|p2a: Landorus|81/100
|-damage|p1a: Meowscarada|0 fnt|[from] item: Rocky Helmet|[of] p2a: Landorus
|faint|p1a: Meowscarada
|
|upkeep
|j| LegitimatePotato
|
|t:|1757856377
|switch|p1a: MEGA DRAGONITE|Dragonite, F|100/100
|turn|16
|inactive|zhuangmou has 30 seconds left.
|
|t:|1757856400
|move|p1a: MEGA DRAGONITE|Dragon Dance|p1a: MEGA DRAGONITE
|-boost|p1a: MEGA DRAGONITE|atk|1
|-boost|p1a: MEGA DRAGONITE|spe|1
|move|p2a: Landorus|U-turn|p1a: MEGA DRAGONITE
|-resisted|p1a: MEGA DRAGONITE
|-damage|p1a: MEGA DRAGONITE|95/100
|inactive|zhuangmou has 30 seconds left this turn.
|l| LegitimatePotato
|inactive|zhuangmou has 20 seconds left.
|inactive|zhuangmou has 15 seconds left.
|inactive|zhuangmou has 10 seconds left.
|
|t:|1757856424
|switch|p2a: Dragapult|Dragapult, F|100/100|[from] U-turn
|
|upkeep
|turn|17
|inactive|zhuangmou has 20 seconds left this turn.
|
|t:|1757856429
|-terastallize|p1a: MEGA DRAGONITE|Flying
|-terastallize|p2a: Dragapult|Ghost
|move|p1a: MEGA DRAGONITE|Tera Blast|p2a: Dragapult|[anim] Tera Blast Flying
|-damage|p2a: Dragapult|0 fnt
|faint|p2a: Dragapult
|
|upkeep
|inactive|zhuangmou has 25 seconds left this turn.
|inactive|zhuangmou has 20 seconds left.
|
|t:|1757856437
|switch|p2a: Landorus|Landorus-Therian, M|81/100
|-ability|p2a: Landorus|Intimidate|boost
|-unboost|p1a: MEGA DRAGONITE|atk|1
|turn|18
|inactive|zhuangmou has 30 seconds left this turn.
|inactive|zhuangmou has 20 seconds left.
|inactive|zhuangmou has 15 seconds left.
|inactive|zhuangmou has 10 seconds left.
|inactive|rookie22 has 120 seconds left.
|l| huejack
|
|t:|1757856474
|switch|p2a: Heatran|Heatran, M|87/100
|move|p1a: MEGA DRAGONITE|Ice Spinner|p2a: Heatran
|-resisted|p2a: Heatran
|-damage|p2a: Heatran|81/100
|
|-heal|p2a: Heatran|87/100|[from] item: Leftovers
|upkeep
|turn|19
|inactive|zhuangmou has 20 seconds left this turn.
|inactive|zhuangmou has 15 seconds left.
|
|t:|1757856484
|switch|p2a: Landorus|Landorus-Therian, M|81/100
|-ability|p2a: Landorus|Intimidate|boost
|-unboost|p1a: MEGA DRAGONITE|atk|1
|move|p1a: MEGA DRAGONITE|Earthquake|p2a: Landorus
|-immune|p2a: Landorus
|
|upkeep
|turn|20
|inactive|zhuangmou has 25 seconds left this turn.
|inactive|zhuangmou has 20 seconds left.
|inactive|zhuangmou has 15 seconds left.
|
|t:|1757856495
|move|p1a: MEGA DRAGONITE|Dragon Dance|p1a: MEGA DRAGONITE
|-boost|p1a: MEGA DRAGONITE|atk|1
|-boost|p1a: MEGA DRAGONITE|spe|1
|move|p2a: Landorus|U-turn|p1a: MEGA DRAGONITE
|-resisted|p1a: MEGA DRAGONITE
|-damage|p1a: MEGA DRAGONITE|83/100
|inactive|zhuangmou has 20 seconds left this turn.
|inactive|zhuangmou has 15 seconds left.
|inactive|zhuangmou has 10 seconds left.
|
|t:|1757856507
|switch|p2a: Darkrai|Darkrai|100/100|[from] U-turn
|
|upkeep
|turn|21
|inactive|zhuangmou has 20 seconds left this turn.
|
|t:|1757856526
|move|p1a: MEGA DRAGONITE|Dragon Dance|p1a: MEGA DRAGONITE
|-boost|p1a: MEGA DRAGONITE|atk|1
|-boost|p1a: MEGA DRAGONITE|spe|1
|move|p2a: Darkrai|Ice Beam|p1a: MEGA DRAGONITE
|-supereffective|p1a: MEGA DRAGONITE
|-damage|p1a: MEGA DRAGONITE|0 fnt
|faint|p1a: MEGA DRAGONITE
|-damage|p2a: Darkrai|91/100|[from] item: Life Orb
|
|upkeep
|
|t:|1757856533
|switch|p1a: Lisan Al Gaib|Keldeo|49/100
|turn|22
|inactive|zhuangmou has 30 seconds left.
|
|t:|1757856551
|switch|p2a: Primarina|Primarina, F|83/100
|move|p1a: Lisan Al Gaib|Vacuum Wave|p2a: Primarina
|-resisted|p2a: Primarina
|-damage|p2a: Primarina|75/100
|
|upkeep
|turn|23
|
|t:|1757856558
|switch|p1a: Bene Gesserit|Iron Crown|86/100
|move|p2a: Primarina|Moonblast|p1a: Bene Gesserit
|-resisted|p1a: Bene Gesserit
|-damage|p1a: Bene Gesserit|71/100
|
|upkeep
|turn|24
|inactive|zhuangmou has 30 seconds left.
|
|t:|1757856573
|switch|p2a: Great Tusk|Great Tusk|36/100
|move|p1a: Bene Gesserit|Psyshock|p2a: Great Tusk
|-supereffective|p2a: Great Tusk
|-damage|p2a: Great Tusk|0 fnt
|faint|p2a: Great Tusk
|-end|p2a: Great Tusk|Protosynthesis|[silent]
|
|upkeep
|inactive|zhuangmou has 30 seconds left.
|
|t:|1757856583
|switch|p2a: Heatran|Heatran, M|87/100
|turn|25
|
|t:|1757856594
|move|p1a: Bene Gesserit|Volt Switch|p2a: Heatran
|-damage|p2a: Heatran|71/100
|
|t:|1757856604
|-end|p1a: Bene Gesserit|Quark Drive|[silent]
|switch|p1a: Lisan Al Gaib|Keldeo|49/100|[from] Volt Switch
|move|p2a: Heatran|Earth Power|p1a: Lisan Al Gaib
|-damage|p1a: Lisan Al Gaib|13/100
|
|-heal|p2a: Heatran|77/100|[from] item: Leftovers
|upkeep
|turn|26
|
|t:|1757856627
|switch|p2a: Primarina|Primarina, F|75/100
|move|p1a: Lisan Al Gaib|Air Slash|p2a: Primarina
|-damage|p2a: Primarina|53/100
|
|upkeep
|turn|27
|
|t:|1757856633
|move|p1a: Lisan Al Gaib|Air Slash|p2a: Primarina|[miss]
|-miss|p1a: Lisan Al Gaib|p2a: Primarina
|move|p2a: Primarina|Flip Turn|p1a: Lisan Al Gaib
|-resisted|p1a: Lisan Al Gaib
|-damage|p1a: Lisan Al Gaib|4/100
|
|t:|1757856652
|switch|p2a: Landorus|Landorus-Therian, M|81/100|[from] Flip Turn
|-ability|p2a: Landorus|Intimidate|boost
|-unboost|p1a: Lisan Al Gaib|atk|1
|
|upkeep
|turn|28
|c|☆rookie22|you won already gg
|-message|rookie22 forfeited.
|
|win|zhuangmou
|raw|rookie22's rating: 1683 &rarr; <strong>1662</strong><br />(-21 for losing)
|raw|zhuangmou's rating: 1668 &rarr; <strong>1689</strong><br />(+21 for winning)
|l|☆rookie22
|player|p1|
|l|☆zhuangmou
|player|p2|
