|j|☆w1ldf1st
|j|☆Goosedmefather
|t:|1757927534
|gametype|singles
|player|p1|w1ldf1st|lucas|1127
|player|p2|Goosedmefather|ethan|1132
|gen|9
|tier|[Gen 9] OU
|rated|
|rule|HP Percentage Mod: HP is shown in percentages
|rule|Endless Battle Clause: Forcing endless battles is banned
|rule|Species Clause: Limit one of each Pokémon
|rule|OHKO Clause: OHKO moves are banned
|rule|Evasion Items Clause: Evasion items are banned
|rule|Evasion Moves Clause: Evasion moves are banned
|rule|Evasion Abilities Clause: Evasion abilities are banned
|rule|Sleep Moves Clause: Sleep-inducing moves are banned
|clearpoke
|poke|p1|Blaziken, M|
|poke|p1|Grimmsnarl, M|
|poke|p1|Gliscor, M|
|poke|p1|Ogerpon-Wellspring, F|
|poke|p1|Scizor, M|
|poke|p1|Iron Valiant|
|poke|p2|Dragonite, M|
|poke|p2|Slowking-Galar, M|
|poke|p2|Weavile, F|
|poke|p2|Avalugg, F|
|poke|p2|Clefable, M|
|poke|p2|Ogerpon-Wellspring, F|
|teampreview
|
|t:|1757927544
|teamsize|p1|6
|teamsize|p2|6
|start
|switch|p1a: Even Yeagar|Grimmsnarl, M|100/100
|switch|p2a: MadHatter|Slowking-Galar, M, shiny|100/100
|turn|1
|inactive|Battle timer is ON: inactive players will automatically lose when time's up. (requested by w1ldf1st)
|
|t:|1757927559
|move|p1a: Even Yeagar|Taunt|p2a: MadHatter
|-start|p2a: MadHatter|move: Taunt
|-prepare|p2a: MadHatter|Chilly Reception|[premajor]
|cant|p2a: MadHatter|move: Taunt|Chilly Reception
|
|upkeep
|turn|2
|
|t:|1757927572
|switch|p2a: The Claw|Weavile, F|100/100
|-ability|p2a: The Claw|Pressure
|move|p1a: Even Yeagar|Light Screen|p1a: Even Yeagar
|-sidestart|p1: w1ldf1st|move: Light Screen
|
|upkeep
|turn|3
|
|t:|1757927580
|move|p1a: Even Yeagar|Reflect|p1a: Even Yeagar
|-sidestart|p1: w1ldf1st|Reflect
|move|p2a: The Claw|Brick Break|p1a: Even Yeagar
|-sideend|p1: w1ldf1st|Reflect
|-sideend|p1: w1ldf1st|move: Light Screen
|-damage|p1a: Even Yeagar|56/100
|
|upkeep
|turn|4
|
|t:|1757927588
|move|p2a: The Claw|Brick Break|p1a: Even Yeagar
|-damage|p1a: Even Yeagar|13/100
|move|p1a: Even Yeagar|Spirit Break|p2a: The Claw
|-supereffective|p2a: The Claw
|-damage|p2a: The Claw|0 fnt
|faint|p2a: The Claw
|
|upkeep
|
|t:|1757927606
|switch|p2a: BeastMode|Ogerpon-Wellspring, F|100/100
|turn|5
|
|t:|1757927611
|move|p1a: Even Yeagar|Reflect|p1a: Even Yeagar
|-sidestart|p1: w1ldf1st|Reflect
|move|p2a: BeastMode|Ivy Cudgel|p1a: Even Yeagar|[anim] Ivy Cudgel Water
|-damage|p1a: Even Yeagar|0 fnt
|faint|p1a: Even Yeagar
|
|upkeep
|
|t:|1757927621
|switch|p1a: Sanji|Blaziken, M|100/100
|turn|6
|
|t:|1757927626
|switch|p2a: MadHatter|Slowking-Galar, M, shiny|100/100
|move|p1a: Sanji|Focus Energy|p1a: Sanji
|-start|p1a: Sanji|move: Focus Energy
|
|-ability|p1a: Sanji|Speed Boost|boost
|-boost|p1a: Sanji|spe|1
|upkeep
|turn|7
|
|t:|1757927636
|move|p1a: Sanji|Protect|p1a: Sanji
|-singleturn|p1a: Sanji|Protect
|move|p2a: MadHatter|Psyshock|p1a: Sanji
|-activate|p1a: Sanji|move: Protect
|
|-ability|p1a: Sanji|Speed Boost|boost
|-boost|p1a: Sanji|spe|1
|upkeep
|turn|8
|
|t:|1757927651
|-terastallize|p1a: Sanji|Fire
|move|p1a: Sanji|Overheat|p2a: MadHatter
|-crit|p2a: MadHatter
|-damage|p2a: MadHatter|37/100
|-unboost|p1a: Sanji|spa|2
|move|p2a: MadHatter|Eerie Spell|p1a: Sanji
|-damage|p1a: Sanji|52/100
|-activate|p1a: Sanji|move: Eerie Spell|Overheat|3
|
|-ability|p1a: Sanji|Speed Boost|boost
|-boost|p1a: Sanji|spe|1
|upkeep
|turn|9
|
|t:|1757927665
|move|p1a: Sanji|Overheat|p2a: MadHatter
|-crit|p2a: MadHatter
|-damage|p2a: MadHatter|0 fnt
|-unboost|p1a: Sanji|spa|2
|faint|p2a: MadHatter
|
|-ability|p1a: Sanji|Speed Boost|boost
|-boost|p1a: Sanji|spe|1
|upkeep
|
|t:|1757927682
|switch|p2a: Martian Manhunter|Clefable, M, shiny|100/100
|turn|10
|
|t:|1757927690
|move|p1a: Sanji|Overheat|p2a: Martian Manhunter
|-crit|p2a: Martian Manhunter
|-damage|p2a: Martian Manhunter|4/100
|-unboost|p1a: Sanji|spa|2
|move|p2a: Martian Manhunter|Moonblast|p1a: Sanji
|-resisted|p1a: Sanji
|-damage|p1a: Sanji|21/100
|
|-heal|p2a: Martian Manhunter|10/100|[from] item: Leftovers
|-ability|p1a: Sanji|Speed Boost|boost
|-boost|p1a: Sanji|spe|1
|upkeep
|turn|11
|
|t:|1757927703
|move|p1a: Sanji|Overheat|p2a: Martian Manhunter
|-crit|p2a: Martian Manhunter
|-damage|p2a: Martian Manhunter|0 fnt
|faint|p2a: Martian Manhunter
|
|-ability|p1a: Sanji|Speed Boost|boost
|-boost|p1a: Sanji|spe|1
|upkeep
|-message|Goosedmefather forfeited.
|
|win|w1ldf1st
|raw|w1ldf1st's rating: 1151 &rarr; <strong>1175</strong><br />(+24 for winning)
|raw|Goosedmefather's rating: 1132 &rarr; <strong>1108</strong><br />(-24 for losing)
|l|☆Goosedmefather
|player|p2|
