|j|☆evin
|j|☆AI Builds
|t:|1757866206
|gametype|singles
|player|p1|evin|2|1519
|player|p2|AI Builds|266|1596
|gen|9
|tier|[Gen 9] OU
|rated|
|rule|HP Percentage Mod: HP is shown in percentages
|rule|Endless Battle Clause: Forcing endless battles is banned
|rule|Species Clause: Limit one of each Pokémon
|rule|OHKO Clause: OHKO moves are banned
|rule|Evasion Items Clause: Evasion items are banned
|rule|Evasion Moves Clause: Evasion moves are banned
|rule|Evasion Abilities Clause: Evasion abilities are banned
|rule|Sleep Moves Clause: Sleep-inducing moves are banned
|clearpoke
|poke|p1|Ursaluna, M|
|poke|p1|Garchomp, F|
|poke|p1|Porygon-Z|
|poke|p1|Avalugg, F|
|poke|p1|Lucario, F|
|poke|p1|Iron Valiant|
|poke|p2|Ogerpon-Wellspring, F|
|poke|p2|Hatterene, F|
|poke|p2|Dragonite, F|
|poke|p2|Gholdengo|
|poke|p2|Great Tusk|
|poke|p2|Garganacl, F|
|teampreview
|inactive|Battle timer is ON: inactive players will automatically lose when time's up. (requested by AI Builds)
|
|t:|1757866231
|teamsize|p1|6
|teamsize|p2|6
|start
|switch|p1a: Avalugg|Avalugg, F|100/100
|switch|p2a: Ogerpon|Ogerpon-Wellspring, F|100/100
|turn|1
|
|t:|1757866235
|move|p2a: Ogerpon|Ivy Cudgel|p1a: Avalugg|[anim] Ivy Cudgel Water
|-damage|p1a: Avalugg|69/100
|move|p1a: Avalugg|Icicle Crash|p2a: Ogerpon
|-damage|p2a: Ogerpon|58/100
|
|upkeep
|turn|2
|
|t:|1757866242
|move|p2a: Ogerpon|Knock Off|p1a: Avalugg
|-damage|p1a: Avalugg|48/100
|-enditem|p1a: Avalugg|Heavy-Duty Boots|[from] move: Knock Off|[of] p2a: Ogerpon
|move|p1a: Avalugg|Body Press|p2a: Ogerpon
|-damage|p2a: Ogerpon|16/100
|
|upkeep
|turn|3
|
|t:|1757866249
|move|p2a: Ogerpon|U-turn|p1a: Avalugg
|-damage|p1a: Avalugg|33/100
|
|t:|1757866252
|switch|p2a: Hatterene|Hatterene, F|100/100|[from] U-turn
|move|p1a: Avalugg|Icicle Crash|p2a: Hatterene
|-crit|p2a: Hatterene
|-damage|p2a: Hatterene|57/100
|
|upkeep
|turn|4
|
|t:|1757866262
|switch|p1a: Ursaluna|Ursaluna, M|100/100
|move|p2a: Hatterene|Draining Kiss|p1a: Ursaluna
|-crit|p1a: Ursaluna
|-damage|p1a: Ursaluna|77/100
|-heal|p2a: Hatterene|82/100|[from] drain|[of] p1a: Ursaluna
|
|-heal|p1a: Ursaluna|83/100|[from] item: Leftovers
|upkeep
|turn|5
|
|t:|1757866271
|switch|p2a: Dragonite|Dragonite, F|100/100
|move|p1a: Ursaluna|Earthquake|p2a: Dragonite
|-immune|p2a: Dragonite
|
|-heal|p1a: Ursaluna|90/100|[from] item: Leftovers
|upkeep
|turn|6
|
|t:|1757866276
|switch|p1a: Garchomp|Garchomp, F|100/100
|move|p2a: Dragonite|Encore||[still]
|-fail|p2a: Dragonite
|
|upkeep
|turn|7
|
|t:|1757866283
|switch|p2a: Hatterene|Hatterene, F|82/100
|move|p1a: Garchomp|Swords Dance|p1a: Garchomp
|-boost|p1a: Garchomp|atk|2
|
|upkeep
|turn|8
|
|t:|1757866292
|move|p1a: Garchomp|Earthquake|p2a: Hatterene
|-damage|p2a: Hatterene|0 fnt
|faint|p2a: Hatterene
|-damage|p1a: Garchomp|91/100|[from] item: Life Orb
|
|upkeep
|
|t:|1757866295
|switch|p2a: Gholdengo|Gholdengo|100/100
|turn|9
|
|t:|1757866300
|move|p2a: Gholdengo|Trick|p1a: Garchomp
|-activate|p2a: Gholdengo|move: Trick|[of] p1a: Garchomp
|-item|p1a: Garchomp|Choice Scarf|[from] move: Trick
|-item|p2a: Gholdengo|Life Orb|[from] move: Trick
|move|p1a: Garchomp|Earthquake|p2a: Gholdengo
|-supereffective|p2a: Gholdengo
|-damage|p2a: Gholdengo|0 fnt
|faint|p2a: Gholdengo
|
|upkeep
|
|t:|1757866304
|switch|p2a: Dragonite|Dragonite, F|100/100
|turn|10
|
|t:|1757866308
|switch|p1a: Avalugg|Avalugg, F|33/100
|move|p2a: Dragonite|Dragon Dance|p2a: Dragonite
|-boost|p2a: Dragonite|atk|1
|-boost|p2a: Dragonite|spe|1
|
|upkeep
|turn|11
|
|t:|1757866315
|move|p2a: Dragonite|Scale Shot|p1a: Avalugg
|-damage|p1a: Avalugg|22/100
|-damage|p1a: Avalugg|12/100
|-damage|p1a: Avalugg|2/100
|-damage|p1a: Avalugg|0 fnt
|faint|p1a: Avalugg
|-hitcount|p1: Avalugg|4
|-unboost|p2a: Dragonite|def|1
|-boost|p2a: Dragonite|spe|1
|
|upkeep
|
|t:|1757866328
|switch|p1a: Iron Valiant|Iron Valiant|100/100
|-enditem|p1a: Iron Valiant|Booster Energy
|-activate|p1a: Iron Valiant|ability: Quark Drive|[fromitem]
|-start|p1a: Iron Valiant|quarkdrivespe
|turn|12
|inactive|AI Builds has 120 seconds left.
|l|☆evin
|inactive|evin disconnected and has a minute to reconnect!
|player|p1|
|
|t:|1757866393
|-terastallize|p2a: Dragonite|Fire
|move|p2a: Dragonite|Fire Punch|p1a: Iron Valiant
|-damage|p1a: Iron Valiant|16/100
|-status|p1a: Iron Valiant|brn
|move|p1a: Iron Valiant|Moonblast|p2a: Dragonite
|-resisted|p2a: Dragonite
|-damage|p2a: Dragonite|88/100
|-unboost|p2a: Dragonite|spa|1
|
|-damage|p1a: Iron Valiant|10/100 brn|[from] brn
|upkeep
|turn|13
|j|☆evin
|inactive|evin reconnected and has 130 seconds left.
|player|p1|evin|2|
|inactive|evin has 120 seconds left.
|
|t:|1757866412
|move|p2a: Dragonite|Fire Punch|p1a: Iron Valiant
|-damage|p1a: Iron Valiant|0 fnt
|faint|p1a: Iron Valiant
|-end|p1a: Iron Valiant|Quark Drive|[silent]
|
|upkeep
|inactive|evin has 120 seconds left.
|
|t:|1757866423
|switch|p1a: Ursaluna|Ursaluna, M|90/100
|turn|14
|
|t:|1757866427
|move|p2a: Dragonite|Scale Shot|p1a: Ursaluna
|-damage|p1a: Ursaluna|77/100
|-damage|p1a: Ursaluna|62/100
|-damage|p1a: Ursaluna|48/100
|-damage|p1a: Ursaluna|33/100
|-damage|p1a: Ursaluna|18/100
|-hitcount|p1a: Ursaluna|5
|-unboost|p2a: Dragonite|def|1
|-boost|p2a: Dragonite|spe|1
|move|p1a: Ursaluna|Earthquake|p2a: Dragonite
|-supereffective|p2a: Dragonite
|-damage|p2a: Dragonite|0 fnt
|faint|p2a: Dragonite
|
|-heal|p1a: Ursaluna|25/100|[from] item: Leftovers
|upkeep
|
|t:|1757866431
|switch|p2a: Great Tusk|Great Tusk|100/100
|turn|15
|
|t:|1757866442
|switch|p1a: Porygon-Z|Porygon-Z|100/100
|move|p2a: Great Tusk|Headlong Rush|p1a: Porygon-Z
|-damage|p1a: Porygon-Z|7/100
|-unboost|p2a: Great Tusk|def|1
|-unboost|p2a: Great Tusk|spd|1
|
|upkeep
|turn|16
|
|t:|1757866448
|-end|p2a: Great Tusk|Protosynthesis|[silent]
|switch|p2a: Ogerpon|Ogerpon-Wellspring, F|16/100
|move|p1a: Porygon-Z|Ice Beam|p2a: Ogerpon
|-damage|p2a: Ogerpon|0 fnt
|faint|p2a: Ogerpon
|
|upkeep
|
|t:|1757866451
|switch|p2a: Garganacl|Garganacl, F|100/100
|turn|17
|
|t:|1757866455
|switch|p1a: Ursaluna|Ursaluna, M|25/100
|move|p2a: Garganacl|Iron Defense|p2a: Garganacl
|-boost|p2a: Garganacl|def|2
|
|-heal|p1a: Ursaluna|31/100|[from] item: Leftovers
|upkeep
|turn|18
|
|t:|1757866461
|move|p1a: Ursaluna|Earthquake|p2a: Garganacl
|-supereffective|p2a: Garganacl
|-damage|p2a: Garganacl|71/100
|move|p2a: Garganacl|Salt Cure|p1a: Ursaluna
|-resisted|p1a: Ursaluna
|-damage|p1a: Ursaluna|26/100
|-start|p1a: Ursaluna|Salt Cure
|
|-heal|p1a: Ursaluna|32/100|[from] item: Leftovers
|-heal|p2a: Garganacl|77/100|[from] item: Leftovers
|-damage|p1a: Ursaluna|20/100|[from] Salt Cure
|upkeep
|turn|19
|
|t:|1757866465
|move|p1a: Ursaluna|Rest|p1a: Ursaluna
|-status|p1a: Ursaluna|slp|[from] move: Rest
|-heal|p1a: Ursaluna|100/100 slp|[silent]
|move|p2a: Garganacl|Iron Defense|p2a: Garganacl
|-boost|p2a: Garganacl|def|2
|
|-heal|p2a: Garganacl|83/100|[from] item: Leftovers
|-damage|p1a: Ursaluna|88/100 slp|[from] Salt Cure
|upkeep
|turn|20
|
|t:|1757866468
|cant|p1a: Ursaluna|slp
|move|p1a: Ursaluna|Sleep Talk|p1a: Ursaluna
|move|p1a: Ursaluna|Rest||[from] move: Sleep Talk|[still]
|-fail|p1a: Ursaluna
|move|p2a: Garganacl|Iron Defense|p2a: Garganacl
|-boost|p2a: Garganacl|def|2
|
|-heal|p1a: Ursaluna|94/100 slp|[from] item: Leftovers
|-heal|p2a: Garganacl|89/100|[from] item: Leftovers
|-damage|p1a: Ursaluna|82/100 slp|[from] Salt Cure
|upkeep
|turn|21
|
|t:|1757866473
|cant|p1a: Ursaluna|slp
|move|p2a: Garganacl|Stealth Rock|p1a: Ursaluna
|-sidestart|p1: evin|move: Stealth Rock
|
|-heal|p1a: Ursaluna|88/100 slp|[from] item: Leftovers
|-heal|p2a: Garganacl|96/100|[from] item: Leftovers
|-damage|p1a: Ursaluna|75/100 slp|[from] Salt Cure
|upkeep
|turn|22
|
|t:|1757866477
|-curestatus|p1a: Ursaluna|slp|[msg]
|move|p1a: Ursaluna|Earthquake|p2a: Garganacl
|-supereffective|p2a: Garganacl
|-damage|p2a: Garganacl|79/100
|move|p2a: Garganacl|Salt Cure|p1a: Ursaluna
|-resisted|p1a: Ursaluna
|-damage|p1a: Ursaluna|71/100
|
|-heal|p1a: Ursaluna|77/100|[from] item: Leftovers
|-heal|p2a: Garganacl|85/100|[from] item: Leftovers
|-damage|p1a: Ursaluna|65/100|[from] Salt Cure
|upkeep
|turn|23
|
|t:|1757866482
|move|p1a: Ursaluna|Earthquake|p2a: Garganacl
|-supereffective|p2a: Garganacl
|-damage|p2a: Garganacl|71/100
|move|p2a: Garganacl|Salt Cure|p1a: Ursaluna
|-resisted|p1a: Ursaluna
|-damage|p1a: Ursaluna|60/100
|
|-heal|p1a: Ursaluna|66/100|[from] item: Leftovers
|-heal|p2a: Garganacl|77/100|[from] item: Leftovers
|-damage|p1a: Ursaluna|54/100|[from] Salt Cure
|upkeep
|turn|24
|
|t:|1757866488
|move|p1a: Ursaluna|Earthquake|p2a: Garganacl
|-supereffective|p2a: Garganacl
|-damage|p2a: Garganacl|60/100
|move|p2a: Garganacl|Salt Cure|p1a: Ursaluna
|-resisted|p1a: Ursaluna
|-damage|p1a: Ursaluna|49/100
|
|-heal|p1a: Ursaluna|55/100|[from] item: Leftovers
|-heal|p2a: Garganacl|67/100|[from] item: Leftovers
|-damage|p1a: Ursaluna|43/100|[from] Salt Cure
|upkeep
|turn|25
|
|t:|1757866492
|move|p1a: Ursaluna|Earthquake|p2a: Garganacl
|-supereffective|p2a: Garganacl
|-damage|p2a: Garganacl|50/100
|move|p2a: Garganacl|Recover|p2a: Garganacl
|-heal|p2a: Garganacl|99/100
|
|-heal|p1a: Ursaluna|49/100|[from] item: Leftovers
|-heal|p2a: Garganacl|100/100|[from] item: Leftovers
|-damage|p1a: Ursaluna|37/100|[from] Salt Cure
|upkeep
|turn|26
|
|t:|1757866497
|move|p1a: Ursaluna|Earthquake|p2a: Garganacl
|-supereffective|p2a: Garganacl
|-damage|p2a: Garganacl|84/100
|move|p2a: Garganacl|Salt Cure|p1a: Ursaluna
|-resisted|p1a: Ursaluna
|-damage|p1a: Ursaluna|32/100
|
|-heal|p1a: Ursaluna|38/100|[from] item: Leftovers
|-heal|p2a: Garganacl|90/100|[from] item: Leftovers
|-damage|p1a: Ursaluna|25/100|[from] Salt Cure
|upkeep
|turn|27
|
|t:|1757866500
|move|p1a: Ursaluna|Earthquake|p2a: Garganacl
|-supereffective|p2a: Garganacl
|-damage|p2a: Garganacl|74/100
|move|p2a: Garganacl|Iron Defense|p2a: Garganacl
|-boost|p2a: Garganacl|def|0
|
|-heal|p1a: Ursaluna|32/100|[from] item: Leftovers
|-heal|p2a: Garganacl|80/100|[from] item: Leftovers
|-damage|p1a: Ursaluna|19/100|[from] Salt Cure
|upkeep
|turn|28
|
|t:|1757866503
|move|p1a: Ursaluna|Earthquake|p2a: Garganacl
|-supereffective|p2a: Garganacl
|-damage|p2a: Garganacl|65/100
|move|p2a: Garganacl|Iron Defense|p2a: Garganacl
|-boost|p2a: Garganacl|def|0
|
|-heal|p1a: Ursaluna|25/100|[from] item: Leftovers
|-heal|p2a: Garganacl|71/100|[from] item: Leftovers
|-damage|p1a: Ursaluna|13/100|[from] Salt Cure
|upkeep
|turn|29
|
|t:|1757866520
|move|p1a: Ursaluna|Earthquake|p2a: Garganacl
|-supereffective|p2a: Garganacl
|-damage|p2a: Garganacl|56/100
|move|p2a: Garganacl|Iron Defense|p2a: Garganacl
|-boost|p2a: Garganacl|def|0
|
|-heal|p1a: Ursaluna|19/100|[from] item: Leftovers
|-heal|p2a: Garganacl|62/100|[from] item: Leftovers
|-damage|p1a: Ursaluna|7/100|[from] Salt Cure
|upkeep
|turn|30
|
|t:|1757866524
|move|p1a: Ursaluna|Earthquake|p2a: Garganacl
|-supereffective|p2a: Garganacl
|-damage|p2a: Garganacl|47/100
|move|p2a: Garganacl|Recover|p2a: Garganacl
|-heal|p2a: Garganacl|97/100
|
|-heal|p1a: Ursaluna|13/100|[from] item: Leftovers
|-heal|p2a: Garganacl|100/100|[from] item: Leftovers
|-damage|p1a: Ursaluna|0 fnt|[from] Salt Cure
|faint|p1a: Ursaluna
|upkeep
|
|t:|1757866526
|switch|p1a: Lucario|Lucario, F|100/100
|-damage|p1a: Lucario|98/100|[from] Stealth Rock
|turn|31
|
|t:|1757866530
|move|p1a: Lucario|Nasty Plot|p1a: Lucario
|-boost|p1a: Lucario|spa|2
|move|p2a: Garganacl|Salt Cure|p1a: Lucario
|-resisted|p1a: Lucario
|-damage|p1a: Lucario|92/100
|-start|p1a: Lucario|Salt Cure
|
|-damage|p1a: Lucario|67/100|[from] Salt Cure
|upkeep
|turn|32
|
|t:|1757866533
|move|p1a: Lucario|Flash Cannon|p2a: Garganacl
|-supereffective|p2a: Garganacl
|-damage|p2a: Garganacl|0 fnt
|faint|p2a: Garganacl
|-damage|p1a: Lucario|57/100|[from] item: Life Orb
|
|-damage|p1a: Lucario|33/100|[from] Salt Cure
|upkeep
|
|t:|1757866536
|switch|p2a: Great Tusk|Great Tusk|100/100
|turn|33
|
|t:|1757866540
|move|p1a: Lucario|Flash Cannon|p2a: Great Tusk
|-damage|p2a: Great Tusk|0 fnt
|faint|p2a: Great Tusk
|-end|p2a: Great Tusk|Protosynthesis|[silent]
|-damage|p1a: Lucario|23/100|[from] item: Life Orb
|
|win|evin
|raw|evin's rating: 1519 &rarr; <strong>1543</strong><br />(+24 for winning)
|raw|AI Builds's rating: 1596 &rarr; <strong>1572</strong><br />(-24 for losing)
|l|☆AI Builds
|player|p2|
|l|☆evin
|player|p1|
