|j|☆dingo2001
|j|☆10086qaz
|t:|1757828370
|gametype|singles
|player|p1|dingo2001|265|1195
|player|p2|10086qaz|dawn-gen4pt|1232
|gen|9
|tier|[Gen 9] OU
|rated|
|rule|HP Percentage Mod: HP is shown in percentages
|rule|Endless Battle Clause: Forcing endless battles is banned
|rule|Species Clause: Limit one of each Pokémon
|rule|OHKO Clause: OHKO moves are banned
|rule|Evasion Items Clause: Evasion items are banned
|rule|Evasion Moves Clause: Evasion moves are banned
|rule|Evasion Abilities Clause: Evasion abilities are banned
|rule|Sleep Moves Clause: Sleep-inducing moves are banned
|clearpoke
|poke|p1|Sinistcha|
|poke|p1|Weavile, F|
|poke|p1|Garganacl, M|
|poke|p1|Braviary-Hisui, M|
|poke|p1|Iron Hands|
|poke|p1|Gastrodon, F|
|poke|p2|Scizor, F|
|poke|p2|Landorus-Therian, M|
|poke|p2|Raging Bolt|
|poke|p2|Ogerpon-Wellspring, F|
|poke|p2|Gholdengo|
|poke|p2|Cinderace, F|
|teampreview
|inactive|Battle timer is ON: inactive players will automatically lose when time's up. (requested by 10086qaz)
|
|t:|1757828385
|teamsize|p1|6
|teamsize|p2|6
|start
|switch|p1a: Garganacl|Garganacl, M|100/100
|switch|p2a: Cinderace|Cinderace, F|100/100
|turn|1
|
|t:|1757828396
|move|p2a: Cinderace|High Jump Kick|p1a: Garganacl
|-start|p2a: Cinderace|typechange|Fighting|[from] ability: Libero
|-supereffective|p1a: Garganacl
|-damage|p1a: Garganacl|11/100
|-damage|p2a: Cinderace|84/100|[from] item: Rocky Helmet|[of] p1a: Garganacl
|move|p1a: Garganacl|Salt Cure|p2a: Cinderace
|-resisted|p2a: Cinderace
|-damage|p2a: Cinderace|74/100
|-start|p2a: Cinderace|Salt Cure
|
|-damage|p2a: Cinderace|62/100|[from] Salt Cure
|upkeep
|turn|2
|
|t:|1757828414
|switch|p2a: Scizor|Scizor, F|100/100
|switch|p1a: Sinistcha|Sinistcha|100/100
|
|upkeep
|turn|3
|
|t:|1757828433
|switch|p1a: Iron Hands|Iron Hands|100/100
|-item|p1a: Iron Hands|Air Balloon
|move|p2a: Scizor|Knock Off|p1a: Iron Hands
|-resisted|p1a: Iron Hands
|-damage|p1a: Iron Hands|85/100
|-enditem|p1a: Iron Hands|Air Balloon
|
|upkeep
|turn|4
|
|t:|1757828450
|switch|p2a: Landorus|Landorus-Therian, M|100/100
|-ability|p2a: Landorus|Intimidate|boost
|-unboost|p1a: Iron Hands|atk|1
|move|p1a: Iron Hands|Swords Dance|p1a: Iron Hands
|-boost|p1a: Iron Hands|atk|2
|
|upkeep
|turn|5
|
|t:|1757828460
|-terastallize|p1a: Iron Hands|Fighting
|move|p2a: Landorus|Earthquake|p1a: Iron Hands
|-damage|p1a: Iron Hands|52/100
|move|p1a: Iron Hands|Ice Punch|p2a: Landorus
|-supereffective|p2a: Landorus
|-damage|p2a: Landorus|0 fnt
|faint|p2a: Landorus
|
|upkeep
|
|t:|1757828472
|switch|p2a: Raging Bolt|Raging Bolt|100/100
|-enditem|p2a: Raging Bolt|Booster Energy
|-activate|p2a: Raging Bolt|ability: Protosynthesis|[fromitem]
|-start|p2a: Raging Bolt|protosynthesisspa
|turn|6
|
|t:|1757828479
|move|p2a: Raging Bolt|Thunderclap|p1a: Iron Hands
|-damage|p1a: Iron Hands|0 fnt
|faint|p1a: Iron Hands
|-end|p1a: Iron Hands|Quark Drive|[silent]
|
|upkeep
|
|t:|1757828499
|switch|p1a: Braviary|Braviary-Hisui, M|100/100
|turn|7
|
|t:|1757828503
|move|p2a: Raging Bolt|Thunderclap||[still]
|-fail|p2a: Raging Bolt
|move|p1a: Braviary|Whirlwind|p2a: Raging Bolt
|-end|p2a: Raging Bolt|Protosynthesis|[silent]
|drag|p2a: Ogerpon|Ogerpon-Wellspring, F|100/100
|
|upkeep
|turn|8
|
|t:|1757828518
|move|p2a: Ogerpon|Encore|p1a: Braviary
|-start|p1a: Braviary|Encore
|move|p1a: Braviary|Whirlwind|p2a: Ogerpon
|drag|p2a: Gholdengo|Gholdengo|100/100
|-item|p2a: Gholdengo|Air Balloon
|
|upkeep
|turn|9
|inactive|dingo2001 has 120 seconds left.
|
|t:|1757828544
|switch|p1a: Gastrodon|Gastrodon, F|100/100
|move|p2a: Gholdengo|Shadow Ball|p1a: Gastrodon
|-damage|p1a: Gastrodon|54/100
|-unboost|p1a: Gastrodon|spd|1
|
|upkeep
|turn|10
|inactive|dingo2001 has 120 seconds left.
|
|t:|1757828558
|move|p2a: Gholdengo|Shadow Ball|p1a: Gastrodon
|-damage|p1a: Gastrodon|0 fnt
|faint|p1a: Gastrodon
|
|upkeep
|inactive|dingo2001 has 120 seconds left.
|
|t:|1757828564
|switch|p1a: Weavile|Weavile, F|100/100
|turn|11
|
|t:|1757828568
|-terastallize|p2a: Gholdengo|Dark
|move|p1a: Weavile|Knock Off|p2a: Gholdengo
|-resisted|p2a: Gholdengo
|-damage|p2a: Gholdengo|67/100
|-enditem|p2a: Gholdengo|Air Balloon
|move|p2a: Gholdengo|Make It Rain|p1a: Weavile
|-supereffective|p1a: Weavile
|-damage|p1a: Weavile|0 fnt
|-unboost|p2a: Gholdengo|spa|1
|faint|p1a: Weavile
|
|upkeep
|inactive|dingo2001 has 120 seconds left.
|
|t:|1757828589
|switch|p1a: Braviary|Braviary-Hisui, M|100/100
|turn|12
|inactive|dingo2001 has 120 seconds left.
|
|t:|1757828598
|move|p2a: Gholdengo|Recover|p2a: Gholdengo
|-heal|p2a: Gholdengo|100/100
|move|p1a: Braviary|Dazzling Gleam|p2a: Gholdengo
|-supereffective|p2a: Gholdengo
|-damage|p2a: Gholdengo|47/100
|
|upkeep
|turn|13
|inactive|dingo2001 has 120 seconds left.
|
|t:|1757828613
|switch|p2a: Scizor|Scizor, F|100/100
|move|p1a: Braviary|Esper Wing|p2a: Scizor
|-resisted|p2a: Scizor
|-damage|p2a: Scizor|50/100
|-boost|p1a: Braviary|spe|1
|
|upkeep
|turn|14
|
|t:|1757828624
|move|p1a: Braviary|Esper Wing|p2a: Scizor
|-resisted|p2a: Scizor
|-crit|p2a: Scizor
|-damage|p2a: Scizor|0 fnt
|-boost|p1a: Braviary|spe|1
|faint|p2a: Scizor
|
|upkeep
|
|t:|1757828631
|switch|p2a: Raging Bolt|Raging Bolt|100/100
|turn|15
|
|t:|1757828636
|move|p2a: Raging Bolt|Thunderbolt|p1a: Braviary
|-supereffective|p1a: Braviary
|-damage|p1a: Braviary|0 fnt
|faint|p1a: Braviary
|
|upkeep
|
|t:|1757828645
|switch|p1a: Garganacl|Garganacl, M|11/100
|turn|16
|
|t:|1757828650
|move|p2a: Raging Bolt|Dragon Pulse|p1a: Garganacl
|-damage|p1a: Garganacl|0 fnt
|faint|p1a: Garganacl
|
|upkeep
|
|t:|1757828655
|switch|p1a: Sinistcha|Sinistcha|100/100
|turn|17
|
|t:|1757828663
|move|p2a: Raging Bolt|Calm Mind|p2a: Raging Bolt
|-boost|p2a: Raging Bolt|spa|1
|-boost|p2a: Raging Bolt|spd|1
|move|p1a: Sinistcha|Calm Mind|p1a: Sinistcha
|-boost|p1a: Sinistcha|spa|1
|-boost|p1a: Sinistcha|spd|1
|
|upkeep
|turn|18
|
|t:|1757828674
|move|p2a: Raging Bolt|Calm Mind|p2a: Raging Bolt
|-boost|p2a: Raging Bolt|spa|1
|-boost|p2a: Raging Bolt|spd|1
|move|p1a: Sinistcha|Calm Mind|p1a: Sinistcha
|-boost|p1a: Sinistcha|spa|1
|-boost|p1a: Sinistcha|spd|1
|
|upkeep
|turn|19
|
|t:|1757828683
|move|p2a: Raging Bolt|Calm Mind|p2a: Raging Bolt
|-boost|p2a: Raging Bolt|spa|1
|-boost|p2a: Raging Bolt|spd|1
|move|p1a: Sinistcha|Shadow Ball|p2a: Raging Bolt
|-damage|p2a: Raging Bolt|77/100
|
|upkeep
|turn|20
|
|t:|1757828691
|move|p2a: Raging Bolt|Calm Mind|p2a: Raging Bolt
|-boost|p2a: Raging Bolt|spa|1
|-boost|p2a: Raging Bolt|spd|1
|move|p1a: Sinistcha|Calm Mind|p1a: Sinistcha
|-boost|p1a: Sinistcha|spa|1
|-boost|p1a: Sinistcha|spd|1
|
|upkeep
|turn|21
|
|t:|1757828698
|move|p2a: Raging Bolt|Calm Mind|p2a: Raging Bolt
|-boost|p2a: Raging Bolt|spa|1
|-boost|p2a: Raging Bolt|spd|1
|move|p1a: Sinistcha|Calm Mind|p1a: Sinistcha
|-boost|p1a: Sinistcha|spa|1
|-boost|p1a: Sinistcha|spd|1
|
|upkeep
|turn|22
|
|t:|1757828708
|move|p2a: Raging Bolt|Calm Mind|p2a: Raging Bolt
|-boost|p2a: Raging Bolt|spa|1
|-boost|p2a: Raging Bolt|spd|1
|move|p1a: Sinistcha|Calm Mind|p1a: Sinistcha
|-boost|p1a: Sinistcha|spa|1
|-boost|p1a: Sinistcha|spd|1
|
|upkeep
|turn|23
|
|t:|1757828717
|move|p2a: Raging Bolt|Dragon Pulse|p1a: Sinistcha
|-crit|p1a: Sinistcha
|-damage|p1a: Sinistcha|0 fnt
|faint|p1a: Sinistcha
|
|win|10086qaz
|raw|dingo2001's rating: 1195 &rarr; <strong>1173</strong><br />(-22 for losing)
|raw|10086qaz's rating: 1232 &rarr; <strong>1254</strong><br />(+22 for winning)
|l|☆10086qaz
|player|p2|
|l|☆dingo2001
|player|p1|
