|j|☆ojjohi
|j|☆Flemperboi
|t:|1757946626
|gametype|singles
|player|p1|ojjohi|lucas-gen4pt|1373
|player|p2|Flemperboi|1|1348
|gen|9
|tier|[Gen 9] OU
|rated|
|rule|HP Percentage Mod: HP is shown in percentages
|rule|Endless Battle Clause: Forcing endless battles is banned
|rule|Species Clause: Limit one of each Pokémon
|rule|OHKO Clause: OHKO moves are banned
|rule|Evasion Items Clause: Evasion items are banned
|rule|Evasion Moves Clause: Evasion moves are banned
|rule|Evasion Abilities Clause: Evasion abilities are banned
|rule|Sleep Moves Clause: Sleep-inducing moves are banned
|clearpoke
|poke|p1|Torkoal, F|
|poke|p1|Hatterene, F|
|poke|p1|Raging Bolt|
|poke|p1|Slither Wing|
|poke|p1|Venusaur, F|
|poke|p1|Walking Wake|
|poke|p2|Landorus-Therian, M|
|poke|p2|Kingambit, F|
|poke|p2|Azumarill, F|
|poke|p2|Flygon, F|
|poke|p2|Gengar, F|
|poke|p2|Blastoise, F|
|teampreview
|inactive|Battle timer is ON: inactive players will automatically lose when time's up. (requested by ojjohi)
|
|t:|1757946638
|teamsize|p1|6
|teamsize|p2|6
|start
|switch|p1a: Torkoal|Torkoal, F|100/100
|switch|p2a: Gengar|Gengar, F|100/100
|-weather|SunnyDay|[from] ability: Drought|[of] p1a: Torkoal
|turn|1
|
|t:|1757946656
|switch|p1a: Slither Wing|Slither Wing|100/100
|-activate|p1a: Slither Wing|ability: Protosynthesis
|-start|p1a: Slither Wing|protosynthesisatk
|move|p2a: Gengar|Taunt|p1a: Slither Wing
|-start|p1a: Slither Wing|move: Taunt
|
|-weather|SunnyDay|[upkeep]
|upkeep
|turn|2
|
|t:|1757946661
|move|p2a: Gengar|Toxic Spikes|p1a: Slither Wing
|-sidestart|p1: ojjohi|move: Toxic Spikes
|move|p1a: Slither Wing|Earthquake|p2a: Gengar
|-supereffective|p2a: Gengar
|-enditem|p2a: Gengar|Focus Sash
|-damage|p2a: Gengar|1/100
|
|-weather|SunnyDay|[upkeep]
|upkeep
|turn|3
|
|t:|1757946666
|move|p2a: Gengar|Destiny Bond|p2a: Gengar
|-singlemove|p2a: Gengar|Destiny Bond
|move|p1a: Slither Wing|U-turn|p2a: Gengar
|-resisted|p2a: Gengar
|-damage|p2a: Gengar|0 fnt
|-start|p1a: Slither Wing|Disable|U-turn|[from] ability: Cursed Body|[of] p2a: Gengar
|faint|p2a: Gengar
|-activate|p2a: Gengar|move: Destiny Bond
|faint|p1a: Slither Wing
|-end|p1a: Slither Wing|Protosynthesis|[silent]
|
|-weather|SunnyDay|[upkeep]
|upkeep
|
|t:|1757946675
|switch|p2a: Blastoise|Blastoise, F|100/100
|switch|p1a: Venusaur|Venusaur, F|100/100
|-sideend|p1: ojjohi|move: Toxic Spikes|[of] p1a: Venusaur
|turn|4
|
|t:|1757946682
|-terastallize|p2a: Blastoise|Ice
|move|p1a: Venusaur|Growth|p1a: Venusaur
|-boost|p1a: Venusaur|atk|2
|-boost|p1a: Venusaur|spa|2
|move|p2a: Blastoise|Ice Spinner|p1a: Venusaur
|-supereffective|p1a: Venusaur
|-damage|p1a: Venusaur|6/100
|
|-weather|SunnyDay|[upkeep]
|upkeep
|turn|5
|
|t:|1757946695
|switch|p2a: Azumarill|Azumarill, F|100/100
|move|p1a: Venusaur|Weather Ball|p2a: Azumarill
|-resisted|p2a: Azumarill
|-crit|p2a: Azumarill
|-damage|p2a: Azumarill|11/100
|-enditem|p2a: Azumarill|Sitrus Berry|[eat]
|-heal|p2a: Azumarill|36/100|[from] item: Sitrus Berry
|-damage|p1a: Venusaur|0 fnt|[from] item: Life Orb
|faint|p1a: Venusaur
|
|-weather|SunnyDay|[upkeep]
|upkeep
|
|t:|1757946703
|switch|p1a: Walking Wake|Walking Wake|100/100
|-activate|p1a: Walking Wake|ability: Protosynthesis
|-start|p1a: Walking Wake|protosynthesisspe
|turn|6
|
|t:|1757946717
|switch|p2a: Landorus|Landorus-Therian, M|100/100
|-ability|p2a: Landorus|Intimidate|boost
|-unboost|p1a: Walking Wake|atk|1
|move|p1a: Walking Wake|Hydro Steam|p2a: Landorus
|-supereffective|p2a: Landorus
|-damage|p2a: Landorus|0 fnt
|faint|p2a: Landorus
|
|-weather|SunnyDay|[upkeep]
|upkeep
|
|t:|1757946723
|switch|p2a: Kingambit|Kingambit, F|100/100
|-activate|p2a: Kingambit|ability: Supreme Overlord
|-start|p2a: Kingambit|fallen2|[silent]
|turn|7
|
|t:|1757946727
|move|p2a: Kingambit|Sucker Punch|p1a: Walking Wake
|-damage|p1a: Walking Wake|43/100
|move|p1a: Walking Wake|Weather Ball|p2a: Kingambit
|-supereffective|p2a: Kingambit
|-damage|p2a: Kingambit|0 fnt
|faint|p2a: Kingambit
|-end|p2a: Kingambit|fallen2|[silent]
|
|-weather|SunnyDay|[upkeep]
|upkeep
|
|t:|1757946735
|switch|p2a: Flygon|Flygon, F|100/100
|turn|8
|
|t:|1757946741
|move|p2a: Flygon|Vacuum Wave|p1a: Walking Wake
|-damage|p1a: Walking Wake|27/100
|move|p1a: Walking Wake|Hydro Steam|p2a: Flygon
|-damage|p2a: Flygon|4/100
|
|-weather|none
|-end|p1a: Walking Wake|Protosynthesis
|upkeep
|turn|9
|
|t:|1757946746
|switch|p2a: Blastoise|Blastoise, F, tera:Ice|100/100
|move|p1a: Walking Wake|Flip Turn|p2a: Blastoise
|-damage|p2a: Blastoise|88/100
|
|t:|1757946754
|-end|p1a: Walking Wake|Protosynthesis|[silent]
|switch|p1a: Torkoal|Torkoal, F|100/100|[from] Flip Turn
|-weather|SunnyDay|[from] ability: Drought|[of] p1a: Torkoal
|
|-weather|SunnyDay|[upkeep]
|upkeep
|turn|10
|
|t:|1757946764
|switch|p2a: Flygon|Flygon, F|4/100
|switch|p1a: Hatterene|Hatterene, F, shiny|100/100
|-item|p1a: Hatterene|Air Balloon
|
|-weather|SunnyDay|[upkeep]
|upkeep
|turn|11
|
|t:|1757946773
|move|p2a: Flygon|U-turn|p1a: Hatterene
|-damage|p1a: Hatterene|90/100
|-enditem|p1a: Hatterene|Air Balloon
|
|t:|1757946776
|switch|p2a: Blastoise|Blastoise, F, tera:Ice|88/100|[from] U-turn
|move|p1a: Hatterene|Dazzling Gleam|p2a: Blastoise
|-damage|p2a: Blastoise|49/100
|
|-weather|SunnyDay|[upkeep]
|upkeep
|turn|12
|
|t:|1757946782
|move|p2a: Blastoise|Shell Smash|p2a: Blastoise
|-unboost|p2a: Blastoise|def|1
|-unboost|p2a: Blastoise|spd|1
|-boost|p2a: Blastoise|atk|2
|-boost|p2a: Blastoise|spa|2
|-boost|p2a: Blastoise|spe|2
|-enditem|p2a: Blastoise|White Herb
|-clearnegativeboost|p2a: Blastoise|[silent]
|move|p1a: Hatterene|Dazzling Gleam|p2a: Blastoise
|-damage|p2a: Blastoise|9/100
|
|-weather|SunnyDay|[upkeep]
|upkeep
|turn|13
|
|t:|1757946791
|move|p2a: Blastoise|Ice Spinner|p1a: Hatterene
|-damage|p1a: Hatterene|38/100
|move|p1a: Hatterene|Dazzling Gleam|p2a: Blastoise
|-damage|p2a: Blastoise|0 fnt
|faint|p2a: Blastoise
|
|-weather|SunnyDay|[upkeep]
|upkeep
|
|t:|1757946795
|switch|p2a: Flygon|Flygon, F|4/100
|turn|14
|
|t:|1757946800
|move|p2a: Flygon|Boomburst|p1a: Hatterene
|-damage|p1a: Hatterene|0 fnt
|faint|p1a: Hatterene
|
|-weather|SunnyDay|[upkeep]
|upkeep
|
|t:|1757946803
|switch|p1a: Walking Wake|Walking Wake|27/100
|-activate|p1a: Walking Wake|ability: Protosynthesis
|-start|p1a: Walking Wake|protosynthesisspe
|turn|15
|
|t:|1757946807
|move|p1a: Walking Wake|Hydro Steam|p2a: Flygon
|-damage|p2a: Flygon|0 fnt
|faint|p2a: Flygon
|
|-weather|SunnyDay|[upkeep]
|upkeep
|
|t:|1757946808
|switch|p2a: Azumarill|Azumarill, F|36/100
|turn|16
|
|t:|1757946816
|move|p1a: Walking Wake|Hydro Steam|p2a: Azumarill
|-resisted|p2a: Azumarill
|-damage|p2a: Azumarill|3/100
|move|p2a: Azumarill|Play Rough|p1a: Walking Wake|[miss]
|-miss|p2a: Azumarill|p1a: Walking Wake
|
|-weather|none
|-end|p1a: Walking Wake|Protosynthesis
|upkeep
|turn|17
|
|t:|1757946824
|move|p2a: Azumarill|Aqua Jet|p1a: Walking Wake
|-resisted|p1a: Walking Wake
|-damage|p1a: Walking Wake|20/100
|move|p1a: Walking Wake|Weather Ball|p2a: Azumarill
|-damage|p2a: Azumarill|0 fnt
|faint|p2a: Azumarill
|
|win|ojjohi
|raw|ojjohi's rating: 1373 &rarr; <strong>1392</strong><br />(+19 for winning)
|raw|Flemperboi's rating: 1348 &rarr; <strong>1329</strong><br />(-19 for losing)
|l|☆ojjohi
|player|p1|
|l|☆Flemperboi
|player|p2|
