|j|☆Buttologist
|j|☆findmyhair
|t:|1757813046
|gametype|singles
|player|p1|Buttologist|beauty-gen6xy|1245
|player|p2|findmyhair|acetrainercouple|1264
|gen|9
|tier|[Gen 9] OU
|rated|
|rule|HP Percentage Mod: HP is shown in percentages
|rule|Endless Battle Clause: Forcing endless battles is banned
|rule|Species Clause: Limit one of each Pokémon
|rule|OHKO Clause: OHKO moves are banned
|rule|Evasion Items Clause: Evasion items are banned
|rule|Evasion Moves Clause: Evasion moves are banned
|rule|Evasion Abilities Clause: Evasion abilities are banned
|rule|Sleep Moves Clause: Sleep-inducing moves are banned
|clearpoke
|poke|p1|Indeedee, M|
|poke|p1|Hatterene, F|
|poke|p1|Ursaluna, F|
|poke|p1|Iron Hands|
|poke|p1|Hoopa-Unbound|
|poke|p1|Mimikyu, F|
|poke|p2|Cresselia, F|
|poke|p2|Slowking-Galar, M|
|poke|p2|Iron Hands|
|poke|p2|Ursaluna, F|
|poke|p2|Crawdaunt, M|
|poke|p2|Klefki, M|
|teampreview
|inactive|Battle timer is ON: inactive players will automatically lose when time's up. (requested by findmyhair)
|inactive|Buttologist also wants the timer to be on.
|
|t:|1757813070
|teamsize|p1|6
|teamsize|p2|6
|start
|switch|p1a: Subaru|Indeedee, M, shiny|100/100
|switch|p2a: Klefki|Klefki, M|100/100
|-fieldstart|move: Psychic Terrain|[from] ability: Psychic Surge|[of] p1a: Subaru
|turn|1
|
|t:|1757813077
|switch|p1a: Satella|Hatterene, F, shiny|100/100
|move|p2a: Klefki|Light Screen|p2a: Klefki
|-sidestart|p2: findmyhair|move: Light Screen
|
|upkeep
|turn|2
|
|t:|1757813088
|switch|p2a: Slowking|Slowking-Galar, M|100/100
|move|p1a: Satella|Mystical Fire|p2a: Slowking
|-damage|p2a: Slowking|86/100
|-unboost|p2a: Slowking|spa|1
|-damage|p1a: Satella|91/100|[from] item: Life Orb
|
|-heal|p2a: Slowking|92/100|[from] item: Black Sludge
|upkeep
|turn|3
|
|t:|1757813097
|switch|p1a: Crashout YN|Ursaluna, F, shiny|100/100
|move|p2a: Slowking|Nasty Plot|p2a: Slowking
|-boost|p2a: Slowking|spa|2
|
|-heal|p2a: Slowking|98/100|[from] item: Black Sludge
|-status|p1a: Crashout YN|brn|[from] item: Flame Orb
|upkeep
|turn|4
|
|t:|1757813111
|switch|p2a: Cresselia|Cresselia, F|100/100
|move|p1a: Crashout YN|Facade|p2a: Cresselia
|-damage|p2a: Cresselia|31/100
|
|-damage|p1a: Crashout YN|94/100 brn|[from] brn
|upkeep
|turn|5
|
|t:|1757813118
|switch|p1a: Subaru|Indeedee, M, shiny|100/100
|move|p2a: Cresselia|Trick Room|p2a: Cresselia
|-fieldstart|move: Trick Room|[of] p2a: Cresselia
|
|upkeep
|turn|6
|
|t:|1757813125
|switch|p2a: Slowking|Slowking-Galar, M|100/100
|switch|p1a: King Von|Hoopa-Unbound|100/100
|-enditem|p1a: King Von|Psychic Seed
|-boost|p1a: King Von|spd|1|[from] item: Psychic Seed
|
|upkeep
|turn|7
|
|t:|1757813134
|move|p2a: Slowking|Sludge Bomb|p1a: King Von
|-damage|p1a: King Von|77/100
|-status|p1a: King Von|psn
|move|p1a: King Von|Hyperspace Fury|p2a: Slowking
|-supereffective|p2a: Slowking
|-damage|p2a: Slowking|0 fnt
|-unboost|p1a: King Von|def|1
|faint|p2a: Slowking
|-item|p1a: King Von|Black Sludge|[from] ability: Magician|[of] p2: Slowking
|
|-damage|p1a: King Von|65/100 psn|[from] item: Black Sludge
|-damage|p1a: King Von|52/100 psn|[from] psn
|upkeep
|inactive|findmyhair has 120 seconds left.
|
|t:|1757813165
|switch|p2a: Crawdaunt|Crawdaunt, M|100/100
|turn|8
|
|t:|1757813178
|move|p2a: Crawdaunt|Close Combat|p1a: King Von
|-damage|p1a: King Von|0 fnt
|-unboost|p2a: Crawdaunt|def|1
|-unboost|p2a: Crawdaunt|spd|1
|faint|p1a: King Von
|-damage|p2a: Crawdaunt|90/100|[from] item: Life Orb
|
|-sideend|p2: findmyhair|move: Light Screen
|-fieldend|move: Psychic Terrain
|upkeep
|
|t:|1757813188
|switch|p1a: LEBRON|Iron Hands, shiny|100/100
|-enditem|p1a: LEBRON|Booster Energy
|-activate|p1a: LEBRON|ability: Quark Drive|[fromitem]
|-start|p1a: LEBRON|quarkdriveatk
|turn|9
|
|t:|1757813194
|move|p2a: Crawdaunt|Knock Off|p1a: LEBRON
|-resisted|p1a: LEBRON
|-damage|p1a: LEBRON|80/100
|-damage|p2a: Crawdaunt|80/100|[from] item: Life Orb
|move|p1a: LEBRON|Close Combat|p2a: Crawdaunt
|-supereffective|p2a: Crawdaunt
|-damage|p2a: Crawdaunt|0 fnt
|-unboost|p1a: LEBRON|def|1
|-unboost|p1a: LEBRON|spd|1
|faint|p2a: Crawdaunt
|
|-fieldend|move: Trick Room
|upkeep
|
|t:|1757813209
|switch|p2a: Klefki|Klefki, M|100/100
|turn|10
|
|t:|1757813216
|-end|p1a: LEBRON|Quark Drive|[silent]
|switch|p1a: Mimi|Mimikyu, F, shiny|100/100
|move|p2a: Klefki|Reflect|p2a: Klefki
|-sidestart|p2: findmyhair|Reflect
|
|upkeep
|turn|11
|
|t:|1757813221
|move|p2a: Klefki|Light Screen|p2a: Klefki
|-sidestart|p2: findmyhair|move: Light Screen
|move|p1a: Mimi|Trick Room|p1a: Mimi
|-fieldstart|move: Trick Room|[of] p1a: Mimi
|
|upkeep
|turn|12
|
|t:|1757813227
|switch|p1a: Satella|Hatterene, F, shiny|91/100
|move|p2a: Klefki|Spikes|p1a: Satella
|move|p1a: Satella|Spikes|p2a: Klefki|[from] ability: Magic Bounce
|-sidestart|p2: findmyhair|Spikes
|
|upkeep
|turn|13
|
|t:|1757813236
|switch|p2a: Cresselia|Cresselia, F|31/100
|move|p1a: Satella|Expanding Force|p2a: Cresselia
|-resisted|p2a: Cresselia
|-damage|p2a: Cresselia|22/100
|-damage|p1a: Satella|81/100|[from] item: Life Orb
|
|upkeep
|turn|14
|
|t:|1757813249
|switch|p1a: Mimi|Mimikyu, F, shiny|100/100
|move|p2a: Cresselia|Lunar Blessing|p2a: Cresselia
|-heal|p2a: Cresselia|47/100
|
|upkeep
|turn|15
|
|t:|1757813257
|switch|p2a: Klefki|Klefki, M|100/100
|-damage|p2a: Klefki|88/100|[from] Spikes
|move|p1a: Mimi|Curse|p2a: Klefki
|-start|p2a: Klefki|Curse|[of] p1a: Mimi
|-damage|p1a: Mimi|50/100
|
|-damage|p2a: Klefki|63/100|[from] Curse
|-fieldend|move: Trick Room
|upkeep
|turn|16
|
|t:|1757813273
|switch|p1a: Satella|Hatterene, F, shiny|81/100
|switch|p2a: Cresselia|Cresselia, F|47/100
|
|upkeep
|turn|17
|
|t:|1757813278
|move|p1a: Satella|Mystical Fire|p2a: Cresselia
|-damage|p2a: Cresselia|36/100
|-unboost|p2a: Cresselia|spa|1
|-damage|p1a: Satella|71/100|[from] item: Life Orb
|move|p2a: Cresselia|Trick Room|p2a: Cresselia
|-fieldstart|move: Trick Room|[of] p2a: Cresselia
|
|-sideend|p2: findmyhair|Reflect
|upkeep
|turn|18
|
|t:|1757813285
|move|p1a: Satella|Draining Kiss|p2a: Cresselia
|-damage|p2a: Cresselia|24/100
|-heal|p1a: Satella|83/100|[from] drain|[of] p2a: Cresselia
|-damage|p1a: Satella|73/100|[from] item: Life Orb
|move|p2a: Cresselia|Lunar Blessing|p2a: Cresselia
|-heal|p2a: Cresselia|49/100
|
|-sideend|p2: findmyhair|move: Light Screen
|upkeep
|turn|19
|
|t:|1757813296
|switch|p2a: Klefki|Klefki, M|63/100
|-damage|p2a: Klefki|51/100|[from] Spikes
|move|p1a: Satella|Mystical Fire|p2a: Klefki
|-supereffective|p2a: Klefki
|-damage|p2a: Klefki|0 fnt
|faint|p2a: Klefki
|-damage|p1a: Satella|64/100|[from] item: Life Orb
|
|upkeep
|
|t:|1757813305
|switch|p2a: Ursaluna|Ursaluna, F|100/100
|-damage|p2a: Ursaluna|88/100|[from] Spikes
|turn|20
|
|t:|1757813310
|move|p1a: Satella|Expanding Force|p2a: Ursaluna
|-damage|p2a: Ursaluna|36/100
|-damage|p1a: Satella|54/100|[from] item: Life Orb
|move|p2a: Ursaluna|Earthquake|p1a: Satella
|-damage|p1a: Satella|0 fnt
|faint|p1a: Satella
|
|-status|p2a: Ursaluna|brn|[from] item: Flame Orb
|upkeep
|
|t:|1757813317
|switch|p1a: Crashout YN|Ursaluna, F, shiny|94/100 brn
|turn|21
|
|t:|1757813322
|move|p2a: Ursaluna|Earthquake|p1a: Crashout YN
|-damage|p1a: Crashout YN|30/100 brn
|move|p1a: Crashout YN|Facade|p2a: Ursaluna
|-damage|p2a: Ursaluna|0 fnt
|faint|p2a: Ursaluna
|
|-damage|p1a: Crashout YN|24/100 brn|[from] brn
|-fieldend|move: Trick Room
|upkeep
|
|t:|1757813331
|switch|p2a: Iron Hands|Iron Hands|100/100
|-damage|p2a: Iron Hands|88/100|[from] Spikes
|turn|22
|
|t:|1757813338
|switch|p1a: Mimi|Mimikyu, F, shiny|50/100
|move|p2a: Iron Hands|Fake Out|p1a: Mimi
|-immune|p1a: Mimi
|
|upkeep
|turn|23
|
|t:|1757813343
|move|p2a: Iron Hands|Ice Punch|p1a: Mimi
|-activate|p1a: Mimi|ability: Disguise
|-damage|p1a: Mimi|50/100
|-status|p1a: Mimi|frz
|detailschange|p1a: Mimi|Mimikyu-Busted, F, shiny
|-damage|p1a: Mimi|38/100 frz|[from] pokemon: Mimikyu-Busted
|-enditem|p1a: Mimi|Red Card|[of] p2a: Iron Hands
|-end|p2a: Iron Hands|Quark Drive|[silent]
|drag|p2a: Cresselia|Cresselia, F|49/100
|cant|p1a: Mimi|frz
|
|upkeep
|turn|24
|
|t:|1757813354
|cant|p1a: Mimi|frz
|move|p2a: Cresselia|Trick Room|p2a: Cresselia
|-fieldstart|move: Trick Room|[of] p2a: Cresselia
|
|upkeep
|turn|25
|
|t:|1757813358
|move|p2a: Cresselia|Psychic|p1a: Mimi
|-damage|p1a: Mimi|12/100 frz
|cant|p1a: Mimi|frz
|
|upkeep
|turn|26
|
|t:|1757813362
|move|p2a: Cresselia|Psychic|p1a: Mimi
|-damage|p1a: Mimi|0 fnt
|faint|p1a: Mimi
|
|upkeep
|
|t:|1757813367
|switch|p1a: Crashout YN|Ursaluna, F, shiny|24/100 brn
|turn|27
|
|t:|1757813372
|move|p1a: Crashout YN|Facade|p2a: Cresselia
|-damage|p2a: Cresselia|0 fnt
|faint|p2a: Cresselia
|
|-damage|p1a: Crashout YN|18/100 brn|[from] brn
|upkeep
|
|t:|1757813377
|switch|p2a: Iron Hands|Iron Hands|88/100
|-damage|p2a: Iron Hands|75/100|[from] Spikes
|turn|28
|
|t:|1757813382
|move|p2a: Iron Hands|Fake Out|p1a: Crashout YN
|-damage|p1a: Crashout YN|6/100 brn
|cant|p1a: Crashout YN|flinch
|
|-damage|p1a: Crashout YN|0 fnt|[from] brn
|faint|p1a: Crashout YN
|-fieldend|move: Trick Room
|upkeep
|
|t:|1757813386
|switch|p1a: Subaru|Indeedee, M, shiny|100/100
|-fieldstart|move: Psychic Terrain|[from] ability: Psychic Surge|[of] p1a: Subaru
|turn|29
|
|t:|1757813393
|move|p1a: Subaru|Encore|p2a: Iron Hands
|-start|p2a: Iron Hands|Encore
|move|p2a: Iron Hands|Fake Out||[still]
|-hint|Fake Out only works on your first turn out.
|-fail|p2a: Iron Hands
|
|upkeep
|turn|30
|
|t:|1757813403
|move|p2a: Iron Hands|Fake Out||[still]
|-hint|Fake Out only works on your first turn out.
|-fail|p2a: Iron Hands
|move|p1a: Subaru|Expanding Force|p2a: Iron Hands
|-supereffective|p2a: Iron Hands
|-damage|p2a: Iron Hands|7/100
|
|upkeep
|turn|31
|
|t:|1757813409
|move|p2a: Iron Hands|Fake Out||[still]
|-hint|Fake Out only works on your first turn out.
|-fail|p2a: Iron Hands
|move|p1a: Subaru|Expanding Force|p2a: Iron Hands
|-supereffective|p2a: Iron Hands
|-damage|p2a: Iron Hands|0 fnt
|faint|p2a: Iron Hands
|-end|p2a: Iron Hands|Quark Drive|[silent]
|
|win|Buttologist
|raw|Buttologist's rating: 1245 &rarr; <strong>1271</strong><br />(+26 for winning)
|raw|findmyhair's rating: 1264 &rarr; <strong>1238</strong><br />(-26 for losing)
|l|☆Buttologist
|player|p1|
|c|☆findmyhair|gg
