|inactive|Battle timer is ON: inactive players will automatically lose when time's up.
|t:|1757815396
|gametype|singles
|player|p1|Separation|acetrainerf-gen4dp|
|player|p2|imjustgray|#wcop2021ussouth|
|gen|9
|tier|[Gen 9] OU
|rule|HP Percentage Mod: HP is shown in percentages
|rule|Endless Battle Clause: Forcing endless battles is banned
|rule|Species Clause: Limit one of each Pokémon
|rule|OHKO Clause: OHKO moves are banned
|rule|Evasion Items Clause: Evasion items are banned
|rule|Evasion Moves Clause: Evasion moves are banned
|rule|Evasion Abilities Clause: Evasion abilities are banned
|rule|Sleep Moves Clause: Sleep-inducing moves are banned
|clearpoke
|poke|p1|Dondozo, F|
|poke|p1|Iron Treads|
|poke|p1|Weezing-Galar, M|
|poke|p1|Gliscor, M|
|poke|p1|Clefable, M|
|poke|p1|Darkrai|
|poke|p2|Iron Valiant|
|poke|p2|Gholdengo|
|poke|p2|Kingambit, M|
|poke|p2|Deoxys-Speed|
|poke|p2|Dragonite, F|
|poke|p2|Dragapult, F|
|teampreview
|c|☆imjustgray|hf
|c|☆Separation|hf
|inactive|Separation has 270 seconds left.
|inactive|imjustgray has 270 seconds left.
|inactive|imjustgray has 240 seconds left.
|
|t:|1757815482
|teamsize|p1|6
|teamsize|p2|6
|start
|switch|p1a: Gliscor|Gliscor, M|100/100
|switch|p2a: Dragapult|Dragapult, F|100/100
|turn|1
|
|t:|1757815486
|move|p1a: Gliscor|Protect|p1a: Gliscor
|-singleturn|p1a: Gliscor|Protect
|move|p2a: Dragapult|Substitute|p2a: Dragapult
|-start|p2a: Dragapult|Substitute
|-damage|p2a: Dragapult|76/100
|
|-status|p1a: Gliscor|tox|[from] item: Toxic Orb
|upkeep
|turn|2
|
|t:|1757815492
|move|p2a: Dragapult|Hex|p1a: Gliscor
|-damage|p1a: Gliscor|63/100 tox
|move|p1a: Gliscor|Knock Off|p2a: Dragapult
|-supereffective|p2a: Dragapult
|-end|p2a: Dragapult|Substitute
|
|-heal|p1a: Gliscor|75/100 tox|[from] ability: Poison Heal
|upkeep
|turn|3
|
|t:|1757815511
|move|p2a: Dragapult|Dragon Darts|p1a: Gliscor
|-damage|p1a: Gliscor|54/100 tox
|-anim|p2a: Dragapult|Dragon Darts|p1a: Gliscor
|-damage|p1a: Gliscor|31/100 tox
|move|p1a: Gliscor|Knock Off|p2a: Dragapult
|-supereffective|p2a: Dragapult
|-damage|p2a: Dragapult|18/100
|-enditem|p2a: Dragapult|Dragon Fang|[from] move: Knock Off|[of] p1a: Gliscor
|
|-heal|p1a: Gliscor|43/100 tox|[from] ability: Poison Heal
|upkeep
|turn|4
|
|t:|1757815532
|switch|p2a: Iron Valiant|Iron Valiant|100/100
|-enditem|p2a: Iron Valiant|Booster Energy
|-activate|p2a: Iron Valiant|ability: Quark Drive|[fromitem]
|-start|p2a: Iron Valiant|quarkdrivespe
|move|p1a: Gliscor|Protect||[still]
|-fail|p1a: Gliscor
|
|-heal|p1a: Gliscor|56/100 tox|[from] ability: Poison Heal
|upkeep
|turn|5
|
|t:|1757815539
|move|p2a: Iron Valiant|Moonblast|p1a: Gliscor
|-damage|p1a: Gliscor|16/100 tox
|-unboost|p1a: Gliscor|spa|1
|move|p1a: Gliscor|Toxic|p2a: Iron Valiant
|-status|p2a: Iron Valiant|tox
|
|-damage|p2a: Iron Valiant|94/100 tox|[from] psn
|-heal|p1a: Gliscor|28/100 tox|[from] ability: Poison Heal
|upkeep
|turn|6
|
|t:|1757815544
|move|p1a: Gliscor|Protect|p1a: Gliscor
|-singleturn|p1a: Gliscor|Protect
|move|p2a: Iron Valiant|Moonblast|p1a: Gliscor
|-activate|p1a: Gliscor|move: Protect
|
|-damage|p2a: Iron Valiant|82/100 tox|[from] psn
|-heal|p1a: Gliscor|41/100 tox|[from] ability: Poison Heal
|upkeep
|turn|7
|
|t:|1757815553
|switch|p1a: Weezing|Weezing-Galar, M|100/100
|-ability|p1a: Weezing|Neutralizing Gas
|move|p2a: Iron Valiant|Moonblast|p1a: Weezing
|-resisted|p1a: Weezing
|-damage|p1a: Weezing|67/100
|
|-damage|p2a: Iron Valiant|63/100 tox|[from] psn
|upkeep
|turn|8
|
|t:|1757815559
|move|p2a: Iron Valiant|Moonblast|p1a: Weezing
|-resisted|p1a: Weezing
|-damage|p1a: Weezing|34/100
|move|p1a: Weezing|Toxic Spikes|p2a: Iron Valiant
|-sidestart|p2: imjustgray|move: Toxic Spikes
|
|-damage|p2a: Iron Valiant|38/100 tox|[from] psn
|upkeep
|turn|9
|
|t:|1757815579
|move|p2a: Iron Valiant|Moonblast|p1a: Weezing
|-resisted|p1a: Weezing
|-damage|p1a: Weezing|5/100
|move|p1a: Weezing|Toxic Spikes|p2a: Iron Valiant
|-sidestart|p2: imjustgray|move: Toxic Spikes
|
|-damage|p2a: Iron Valiant|7/100 tox|[from] psn
|upkeep
|turn|10
|
|t:|1757815598
|move|p2a: Iron Valiant|Moonblast|p1a: Weezing
|-resisted|p1a: Weezing
|-damage|p1a: Weezing|0 fnt
|faint|p1a: Weezing
|-end|p1a: Weezing|ability: Neutralizing Gas
|
|-damage|p2a: Iron Valiant|0 fnt|[from] psn
|faint|p2a: Iron Valiant
|-end|p2a: Iron Valiant|Quark Drive|[silent]
|upkeep
|inactive|imjustgray has 270 seconds left.
|inactive|Separation has 270 seconds left.
|inactive|imjustgray has 240 seconds left.
|
|t:|1757815658
|switch|p2a: Deoxys|Deoxys-Speed|100/100
|switch|p1a: Darkrai|Darkrai|100/100
|-status|p2a: Deoxys|tox
|-ability|p2a: Deoxys|Pressure
|turn|11
|inactive|imjustgray has 240 seconds left.
|inactive|Separation has 270 seconds left.
|inactive|imjustgray has 210 seconds left.
|
|t:|1757815696
|move|p2a: Deoxys|Thunder Wave|p1a: Darkrai
|-status|p1a: Darkrai|par
|cant|p1a: Darkrai|par
|
|-damage|p2a: Deoxys|95/100 tox|[from] psn
|upkeep
|turn|12
|
|t:|1757815700
|move|p2a: Deoxys|Stealth Rock|p1a: Darkrai
|-sidestart|p1: Separation|move: Stealth Rock
|move|p1a: Darkrai|Dark Pulse|p2a: Deoxys
|-supereffective|p2a: Deoxys
|-enditem|p2a: Deoxys|Colbur Berry|[eat]
|-enditem|p2a: Deoxys|Colbur Berry|[weaken]
|-damage|p2a: Deoxys|48/100 tox
|
|-damage|p2a: Deoxys|36/100 tox|[from] psn
|upkeep
|turn|13
|inactive|Separation has 270 seconds left.
|
|t:|1757815718
|move|p2a: Deoxys|Spikes|p1a: Darkrai
|-sidestart|p1: Separation|Spikes
|move|p1a: Darkrai|Dark Pulse|p2a: Deoxys
|-supereffective|p2a: Deoxys
|-damage|p2a: Deoxys|0 fnt
|faint|p2a: Deoxys
|
|upkeep
|
|t:|1757815743
|switch|p2a: Kingambit|Kingambit, M|100/100
|-activate|p2a: Kingambit|ability: Supreme Overlord
|-start|p2a: Kingambit|fallen2|[silent]
|-item|p2a: Kingambit|Air Balloon
|turn|14
|
|t:|1757815751
|move|p2a: Kingambit|Iron Head|p1a: Darkrai
|-damage|p1a: Darkrai|25/100 par
|cant|p1a: Darkrai|flinch
|
|upkeep
|turn|15
|
|t:|1757815756
|move|p2a: Kingambit|Kowtow Cleave|p1a: Darkrai
|-resisted|p1a: Darkrai
|-damage|p1a: Darkrai|0 fnt
|faint|p1a: Darkrai
|
|upkeep
|
|t:|1757815770
|switch|p1a: Dondozo|Dondozo, F|100/100
|-damage|p1a: Dondozo|88/100|[from] Stealth Rock
|-damage|p1a: Dondozo|76/100|[from] Spikes
|turn|16
|inactive|imjustgray has 240 seconds left.
|inactive|imjustgray has 210 seconds left.
|inactive|imjustgray has 180 seconds left.
|inactive|imjustgray has 150 seconds left.
|
|t:|1757815875
|move|p2a: Kingambit|Kowtow Cleave|p1a: Dondozo
|-damage|p1a: Dondozo|39/100
|move|p1a: Dondozo|Curse|p1a: Dondozo
|-unboost|p1a: Dondozo|spe|1
|-boost|p1a: Dondozo|atk|1
|-boost|p1a: Dondozo|def|1
|
|-heal|p1a: Dondozo|45/100|[from] item: Leftovers
|upkeep
|turn|17
|inactive|imjustgray has 150 seconds left.
|inactive|imjustgray has 120 seconds left.
|
|t:|1757815914
|-end|p2a: Kingambit|fallen2|[silent]
|switch|p2a: Gholdengo|Gholdengo|100/100
|move|p1a: Dondozo|Rest|p1a: Dondozo
|-status|p1a: Dondozo|slp|[from] move: Rest
|-heal|p1a: Dondozo|100/100 slp|[silent]
|
|upkeep
|turn|18
|inactive|imjustgray has 120 seconds left.
|
|t:|1757815929
|move|p2a: Gholdengo|Shadow Ball|p1a: Dondozo
|-damage|p1a: Dondozo|79/100 slp
|cant|p1a: Dondozo|slp
|move|p1a: Dondozo|Sleep Talk|p1a: Dondozo
|move|p1a: Dondozo|Waterfall|p2a: Gholdengo|[from] move: Sleep Talk
|-damage|p2a: Gholdengo|71/100
|
|-heal|p1a: Dondozo|85/100 slp|[from] item: Leftovers
|upkeep
|turn|19
|
|t:|1757815938
|move|p2a: Gholdengo|Shadow Ball|p1a: Dondozo
|-damage|p1a: Dondozo|64/100 slp
|cant|p1a: Dondozo|slp
|move|p1a: Dondozo|Sleep Talk|p1a: Dondozo
|move|p1a: Dondozo|Waterfall|p2a: Gholdengo|[from] move: Sleep Talk
|-damage|p2a: Gholdengo|41/100
|
|-heal|p1a: Dondozo|70/100 slp|[from] item: Leftovers
|upkeep
|turn|20
|
|t:|1757815952
|move|p2a: Gholdengo|Shadow Ball|p1a: Dondozo
|-damage|p1a: Dondozo|48/100 slp
|-curestatus|p1a: Dondozo|slp|[msg]
|move|p1a: Dondozo|Curse|p1a: Dondozo
|-unboost|p1a: Dondozo|spe|1
|-boost|p1a: Dondozo|atk|1
|-boost|p1a: Dondozo|def|1
|
|-heal|p1a: Dondozo|54/100|[from] item: Leftovers
|upkeep
|turn|21
|
|t:|1757815961
|move|p2a: Gholdengo|Recover|p2a: Gholdengo
|-heal|p2a: Gholdengo|91/100
|move|p1a: Dondozo|Waterfall|p2a: Gholdengo
|-damage|p2a: Gholdengo|52/100
|
|-heal|p1a: Dondozo|60/100|[from] item: Leftovers
|upkeep
|turn|22
|
|t:|1757815969
|move|p2a: Gholdengo|Shadow Ball|p1a: Dondozo
|-damage|p1a: Dondozo|38/100
|move|p1a: Dondozo|Waterfall|p2a: Gholdengo
|-damage|p2a: Gholdengo|13/100
|
|-heal|p1a: Dondozo|44/100|[from] item: Leftovers
|upkeep
|turn|23
|inactive|imjustgray has 150 seconds left.
|inactive|imjustgray has 120 seconds left.
|
|t:|1757816008
|move|p2a: Gholdengo|Shadow Ball|p1a: Dondozo
|-damage|p1a: Dondozo|23/100
|move|p1a: Dondozo|Waterfall|p2a: Gholdengo
|-damage|p2a: Gholdengo|0 fnt
|faint|p2a: Gholdengo
|
|-heal|p1a: Dondozo|29/100|[from] item: Leftovers
|upkeep
|inactive|imjustgray has 120 seconds left.
|inactive|imjustgray has 90 seconds left.
|
|t:|1757816052
|switch|p2a: Dragapult|Dragapult, F|18/100
|-status|p2a: Dragapult|tox
|turn|24
|inactive|imjustgray has 90 seconds left.
|
|t:|1757816058
|move|p2a: Dragapult|Dragon Darts|p1a: Dondozo
|-damage|p1a: Dondozo|21/100
|-anim|p2a: Dragapult|Dragon Darts|p1a: Dondozo
|-damage|p1a: Dondozo|15/100
|move|p1a: Dondozo|Rest|p1a: Dondozo
|-status|p1a: Dondozo|slp|[from] move: Rest
|-heal|p1a: Dondozo|100/100 slp|[silent]
|
|-damage|p2a: Dragapult|12/100 tox|[from] psn
|upkeep
|turn|25
|
|t:|1757816063
|move|p2a: Dragapult|Hex|p1a: Dondozo
|-damage|p1a: Dondozo|68/100 slp
|cant|p1a: Dondozo|slp
|move|p1a: Dondozo|Sleep Talk|p1a: Dondozo
|move|p1a: Dondozo|Rest||[from] move: Sleep Talk|[still]
|-fail|p1a: Dondozo
|
|-heal|p1a: Dondozo|75/100 slp|[from] item: Leftovers
|-damage|p2a: Dragapult|0 fnt|[from] psn
|faint|p2a: Dragapult
|upkeep
|
|t:|1757816067
|switch|p2a: Kingambit|Kingambit, M|100/100
|-activate|p2a: Kingambit|ability: Supreme Overlord
|-start|p2a: Kingambit|fallen4|[silent]
|-item|p2a: Kingambit|Air Balloon
|turn|26
|
|t:|1757816070
|move|p2a: Kingambit|Kowtow Cleave|p1a: Dondozo
|-damage|p1a: Dondozo|53/100 slp
|cant|p1a: Dondozo|slp
|move|p1a: Dondozo|Sleep Talk|p1a: Dondozo
|move|p1a: Dondozo|Waterfall|p2a: Kingambit|[from] move: Sleep Talk
|-damage|p2a: Kingambit|54/100
|-enditem|p2a: Kingambit|Air Balloon
|
|-heal|p1a: Dondozo|59/100 slp|[from] item: Leftovers
|upkeep
|turn|27
|
|t:|1757816081
|move|p2a: Kingambit|Kowtow Cleave|p1a: Dondozo
|-damage|p1a: Dondozo|37/100 slp
|-curestatus|p1a: Dondozo|slp|[msg]
|move|p1a: Dondozo|Curse|p1a: Dondozo
|-unboost|p1a: Dondozo|spe|1
|-boost|p1a: Dondozo|atk|1
|-boost|p1a: Dondozo|def|1
|
|-heal|p1a: Dondozo|43/100|[from] item: Leftovers
|upkeep
|turn|28
|
|t:|1757816085
|move|p2a: Kingambit|Kowtow Cleave|p1a: Dondozo
|-damage|p1a: Dondozo|26/100
|move|p1a: Dondozo|Rest|p1a: Dondozo
|-status|p1a: Dondozo|slp|[from] move: Rest
|-heal|p1a: Dondozo|100/100 slp|[silent]
|
|upkeep
|turn|29
|
|t:|1757816088
|move|p2a: Kingambit|Kowtow Cleave|p1a: Dondozo
|-damage|p1a: Dondozo|82/100 slp
|cant|p1a: Dondozo|slp
|move|p1a: Dondozo|Sleep Talk|p1a: Dondozo
|move|p1a: Dondozo|Waterfall|p2a: Kingambit|[from] move: Sleep Talk
|-damage|p2a: Kingambit|0 fnt
|faint|p2a: Kingambit
|-end|p2a: Kingambit|fallen4|[silent]
|
|-heal|p1a: Dondozo|88/100 slp|[from] item: Leftovers
|upkeep
|
|t:|1757816089
|switch|p2a: Dragonite|Dragonite, F|100/100
|turn|30
|c|☆imjustgray|gg
|c|☆Separation|gg
|-message|imjustgray forfeited.
|
|win|Separation
|player|p2|
|player|p2|imjustgray|#wcop2021ussouth|
|player|p2|
