|j|☆HappyDude142
|j|☆Charle_phate
|t:|1757908818
|gametype|singles
|player|p1|HappyDude142|psychic-gen4|1343
|player|p2|Charle_phate|blue|1424
|gen|9
|tier|[Gen 9] OU
|rated|
|rule|HP Percentage Mod: HP is shown in percentages
|rule|Endless Battle Clause: Forcing endless battles is banned
|rule|Species Clause: Limit one of each Pokémon
|rule|OHKO Clause: OHKO moves are banned
|rule|Evasion Items Clause: Evasion items are banned
|rule|Evasion Moves Clause: Evasion moves are banned
|rule|Evasion Abilities Clause: Evasion abilities are banned
|rule|Sleep Moves Clause: Sleep-inducing moves are banned
|clearpoke
|poke|p1|Indeedee, M|
|poke|p1|Hatterene, F|
|poke|p1|Ursaluna, F|
|poke|p1|Iron Hands|
|poke|p1|Hoopa-Unbound|
|poke|p1|Mimikyu, M|
|poke|p2|Serperior, M|
|poke|p2|Rotom-Wash|
|poke|p2|Zapdos|
|poke|p2|Heatran, F|
|poke|p2|Clefable, F|
|poke|p2|Landorus-Therian, M|
|teampreview
|inactive|Battle timer is ON: inactive players will automatically lose when time's up. (requested by Charle_phate)
|
|t:|1757908824
|teamsize|p1|6
|teamsize|p2|6
|start
|switch|p1a: Subaru|Indeedee, M, shiny|100/100
|switch|p2a: Rotom|Rotom-Wash|100/100
|-fieldstart|move: Psychic Terrain|[from] ability: Psychic Surge|[of] p1a: Subaru
|turn|1
|
|t:|1757908832
|switch|p2a: Heatran|Heatran, F|100/100
|move|p1a: Subaru|Trick Room|p1a: Subaru
|-fieldstart|move: Trick Room|[of] p1a: Subaru
|
|upkeep
|turn|2
|
|t:|1757908839
|switch|p1a: King Von|Hoopa-Unbound|100/100
|-enditem|p1a: King Von|Psychic Seed
|-boost|p1a: King Von|spd|1|[from] item: Psychic Seed
|move|p2a: Heatran|Substitute|p2a: Heatran
|-start|p2a: Heatran|Substitute
|-damage|p2a: Heatran|76/100
|
|-heal|p2a: Heatran|82/100|[from] item: Leftovers
|upkeep
|turn|3
|
|t:|1757908847
|move|p1a: King Von|Hyperspace Fury|p2a: Heatran
|-damage|p2a: Heatran|42/100
|-unboost|p1a: King Von|def|1
|-item|p1a: King Von|Leftovers|[from] ability: Magician|[of] p2a: Heatran
|move|p2a: Heatran|Magma Storm|p1a: King Von
|-damage|p1a: King Von|79/100
|-activate|p1a: King Von|move: Magma Storm|[of] p2a: Heatran
|
|-heal|p1a: King Von|85/100|[from] item: Leftovers
|-damage|p1a: King Von|72/100|[from] move: Magma Storm|[partiallytrapped]
|upkeep
|turn|4
|
|t:|1757908857
|move|p1a: King Von|Hyperspace Fury|p2a: Heatran
|-crit|p2a: Heatran
|-damage|p2a: Heatran|0 fnt
|-unboost|p1a: King Von|def|1
|faint|p2a: Heatran
|
|-heal|p1a: King Von|78/100|[from] item: Leftovers
|-end|p1a: King Von|Magma Storm|[partiallytrapped]|[silent]
|upkeep
|
|t:|1757908860
|switch|p2a: Zapdos|Zapdos|100/100
|turn|5
|
|t:|1757908866
|move|p1a: King Von|Expanding Force|p2a: Zapdos
|-damage|p2a: Zapdos|10/100
|move|p2a: Zapdos|Ancient Power|p1a: King Von
|-damage|p1a: King Von|70/100
|
|-heal|p1a: King Von|76/100|[from] item: Leftovers
|-heal|p2a: Zapdos|16/100|[from] item: Leftovers
|-fieldend|move: Trick Room
|upkeep
|turn|6
|
|t:|1757908871
|move|p2a: Zapdos|Discharge|p1a: King Von
|-damage|p1a: King Von|56/100
|move|p1a: King Von|Trick Room|p1a: King Von
|-fieldstart|move: Trick Room|[of] p1a: King Von
|
|-heal|p1a: King Von|62/100|[from] item: Leftovers
|-heal|p2a: Zapdos|22/100|[from] item: Leftovers
|upkeep
|turn|7
|inactive|Charle_phate has 120 seconds left.
|
|t:|1757908901
|move|p1a: King Von|Expanding Force|p2a: Zapdos
|-damage|p2a: Zapdos|0 fnt
|faint|p2a: Zapdos
|
|-heal|p1a: King Von|68/100|[from] item: Leftovers
|upkeep
|
|t:|1757908906
|switch|p2a: Rotom|Rotom-Wash|100/100
|turn|8
|
|t:|1757908909
|move|p1a: King Von|Expanding Force|p2a: Rotom
|-damage|p2a: Rotom|0 fnt
|faint|p2a: Rotom
|
|-heal|p1a: King Von|74/100|[from] item: Leftovers
|-fieldend|move: Psychic Terrain
|upkeep
|
|t:|1757908914
|switch|p2a: Landorus|Landorus-Therian, M|100/100
|-ability|p2a: Landorus|Intimidate|boost
|-unboost|p1a: King Von|atk|1
|turn|9
|
|t:|1757908917
|move|p1a: King Von|Expanding Force|p2a: Landorus
|-damage|p2a: Landorus|39/100
|move|p2a: Landorus|Earthquake|p1a: King Von
|-damage|p1a: King Von|0 fnt
|faint|p1a: King Von
|-damage|p2a: Landorus|29/100|[from] item: Life Orb
|
|upkeep
|
|t:|1757908926
|switch|p1a: 5 Nights in TR|Ursaluna, F, shiny|100/100
|turn|10
|
|t:|1757908936
|move|p1a: 5 Nights in TR|Facade|p2a: Landorus
|-damage|p2a: Landorus|0 fnt
|faint|p2a: Landorus
|
|-fieldend|move: Trick Room
|-status|p1a: 5 Nights in TR|brn|[from] item: Flame Orb
|upkeep
|
|t:|1757908941
|switch|p2a: Serperior|Serperior, M|100/100
|turn|11
|
|t:|1757908946
|switch|p1a: Mimi|Mimikyu, M, shiny|100/100
|move|p2a: Serperior|Substitute|p2a: Serperior
|-start|p2a: Serperior|Substitute
|-damage|p2a: Serperior|75/100
|
|-heal|p2a: Serperior|82/100|[from] item: Leftovers
|upkeep
|turn|12
|
|t:|1757908949
|move|p2a: Serperior|Glare|p1a: Mimi
|-status|p1a: Mimi|par
|move|p1a: Mimi|Trick Room|p1a: Mimi
|-fieldstart|move: Trick Room|[of] p1a: Mimi
|
|-heal|p2a: Serperior|88/100|[from] item: Leftovers
|upkeep
|turn|13
|
|t:|1757908953
|move|p1a: Mimi|Curse|p2a: Serperior
|-start|p2a: Serperior|Curse|[of] p1a: Mimi
|-damage|p1a: Mimi|50/100 par
|move|p2a: Serperior|Leech Seed|p1a: Mimi
|-start|p1a: Mimi|move: Leech Seed
|
|-heal|p2a: Serperior|94/100|[from] item: Leftovers
|-damage|p1a: Mimi|38/100 par|[from] Leech Seed|[of] p2a: Serperior
|-heal|p2a: Serperior|100/100|[silent]
|-damage|p2a: Serperior|75/100|[from] Curse
|upkeep
|turn|14
|
|t:|1757908971
|switch|p2a: Clefable|Clefable, F|100/100
|move|p1a: Mimi|Destiny Bond|p1a: Mimi
|-singlemove|p1a: Mimi|Destiny Bond
|
|-damage|p1a: Mimi|26/100 par|[from] Leech Seed|[of] p2a: Clefable
|upkeep
|turn|15
|
|t:|1757908974
|cant|p1a: Mimi|par
|move|p2a: Clefable|Cosmic Power|p2a: Clefable
|-boost|p2a: Clefable|def|1
|-boost|p2a: Clefable|spd|1
|
|-damage|p1a: Mimi|13/100 par|[from] Leech Seed|[of] p2a: Clefable
|upkeep
|turn|16
|
|t:|1757908976
|cant|p1a: Mimi|par
|move|p2a: Clefable|Cosmic Power|p2a: Clefable
|-boost|p2a: Clefable|def|1
|-boost|p2a: Clefable|spd|1
|
|-damage|p1a: Mimi|1/100 par|[from] Leech Seed|[of] p2a: Clefable
|-fieldend|move: Trick Room
|upkeep
|turn|17
|
|t:|1757908980
|move|p2a: Clefable|Cosmic Power|p2a: Clefable
|-boost|p2a: Clefable|def|1
|-boost|p2a: Clefable|spd|1
|move|p1a: Mimi|Curse|p2a: Clefable
|-start|p2a: Clefable|Curse|[of] p1a: Mimi
|-damage|p1a: Mimi|0 fnt
|faint|p1a: Mimi
|
|upkeep
|
|t:|1757908985
|switch|p1a: Subaru|Indeedee, M, shiny|100/100
|-fieldstart|move: Psychic Terrain|[from] ability: Psychic Surge|[of] p1a: Subaru
|turn|18
|inactive|Charle_phate has 120 seconds left.
|
|t:|1757909024
|move|p1a: Subaru|Encore|p2a: Clefable
|-start|p2a: Clefable|Encore
|move|p2a: Clefable|Cosmic Power|p2a: Clefable
|-boost|p2a: Clefable|def|1
|-boost|p2a: Clefable|spd|1
|
|upkeep
|turn|19
|
|t:|1757909031
|move|p2a: Clefable|Cosmic Power|p2a: Clefable
|-boost|p2a: Clefable|def|1
|-boost|p2a: Clefable|spd|1
|move|p1a: Subaru|Trick Room|p1a: Subaru
|-fieldstart|move: Trick Room|[of] p1a: Subaru
|
|upkeep
|turn|20
|inactive|Charle_phate has 120 seconds left.
|inactive|Charle_phate has 90 seconds left.
|
|t:|1757909094
|switch|p1a: Satella|Hatterene, F, shiny|100/100
|move|p2a: Clefable|Cosmic Power|p2a: Clefable
|-boost|p2a: Clefable|def|1
|-boost|p2a: Clefable|spd|1
|
|-end|p2a: Clefable|Encore
|upkeep
|turn|21
|l|☆HappyDude142
|inactive|HappyDude142 disconnected and has a minute to reconnect!
|player|p1|
|j|☆HappyDude142
|inactive|HappyDude142 reconnected and has 130 seconds left.
|player|p1|HappyDude142|psychic-gen4|
|
|t:|1757909117
|move|p1a: Satella|Mystical Fire|p2a: Clefable
|-damage|p2a: Clefable|92/100
|-unboost|p2a: Clefable|spa|1
|-damage|p1a: Satella|91/100|[from] item: Life Orb
|move|p2a: Clefable|Charge Beam|p1a: Satella|[miss]
|-miss|p2a: Clefable|p1a: Satella
|
|-heal|p2a: Clefable|98/100|[from] item: Leftovers
|upkeep
|turn|22
|
|t:|1757909143
|move|p1a: Satella|Mystical Fire|p2a: Clefable
|-damage|p2a: Clefable|89/100
|-unboost|p2a: Clefable|spa|1
|-damage|p1a: Satella|81/100|[from] item: Life Orb
|move|p2a: Clefable|Charge Beam|p1a: Satella
|-crit|p1a: Satella
|-damage|p1a: Satella|64/100
|
|-heal|p2a: Clefable|95/100|[from] item: Leftovers
|upkeep
|turn|23
|inactive|HappyDude142 has 120 seconds left.
|inactive|HappyDude142 has 90 seconds left.
|inactive|HappyDude142 has 60 seconds left.
|l|☆HappyDude142
|inactive|HappyDude142 disconnected and has a minute to reconnect!
|player|p1|
|inactive|HappyDude142 has 30 seconds left.
|inactive|HappyDude142 has 20 seconds left.
|inactive|HappyDude142 has 15 seconds left.
|inactive|HappyDude142 has 10 seconds left.
|inactive|HappyDude142 has 5 seconds left.
|-message|HappyDude142 lost due to inactivity.
|
|win|Charle_phate
|raw|HappyDude142's rating: 1343 &rarr; <strong>1326</strong><br />(-17 for losing)
|raw|Charle_phate's rating: 1403 &rarr; <strong>1420</strong><br />(+17 for winning)
|l|☆Charle_phate
|player|p2|
|j|☆Charle_phate
|player|p2|Charle_phate|blue|
|l|☆Charle_phate
|player|p2|
|j|☆HappyDude142
|player|p1|HappyDude142|psychic-gen4|
|l|☆HappyDude142
|player|p1|
