|j|☆metalsandy
|j|☆Nameless Moron
|t:|1757844714
|gametype|singles
|player|p1|metalsandy|bruno|1185
|player|p2|Nameless Moron|unknown|1123
|gen|9
|tier|[Gen 9] OU
|rated|
|rule|HP Percentage Mod: HP is shown in percentages
|rule|Endless Battle Clause: Forcing endless battles is banned
|rule|Species Clause: Limit one of each Pokémon
|rule|OHKO Clause: OHKO moves are banned
|rule|Evasion Items Clause: Evasion items are banned
|rule|Evasion Moves Clause: Evasion moves are banned
|rule|Evasion Abilities Clause: Evasion abilities are banned
|rule|Sleep Moves Clause: Sleep-inducing moves are banned
|clearpoke
|poke|p1|Cinderace, F|
|poke|p1|Darkrai|
|poke|p1|Gholdengo|
|poke|p1|Ogerpon-Wellspring, F|
|poke|p1|Iron Moth|
|poke|p1|Kleavor, M|
|poke|p2|Rillaboom, F|
|poke|p2|Hatterene, F|
|poke|p2|Great Tusk|
|poke|p2|Ninetales, M|
|poke|p2|Venusaur, F|
|poke|p2|Raging Bolt|
|teampreview
|inactive|Battle timer is ON: inactive players will automatically lose when time's up. (requested by Nameless Moron)
|
|t:|1757844729
|teamsize|p1|6
|teamsize|p2|6
|start
|switch|p1a: Kleavor|Kleavor, M|100/100
|switch|p2a: Ninetales|Ninetales, M|100/100
|-weather|SunnyDay|[from] ability: Drought|[of] p2a: Ninetales
|turn|1
|
|t:|1757844739
|move|p2a: Ninetales|Will-O-Wisp|p1a: Kleavor
|-status|p1a: Kleavor|brn
|move|p1a: Kleavor|Stone Axe|p2a: Ninetales
|-supereffective|p2a: Ninetales
|-damage|p2a: Ninetales|0 fnt
|-sidestart|p2: Nameless Moron|move: Stealth Rock
|faint|p2a: Ninetales
|
|-weather|SunnyDay|[upkeep]
|-damage|p1a: Kleavor|94/100 brn|[from] brn
|upkeep
|
|t:|1757844750
|switch|p2a: Venusaur|Venusaur, F|100/100
|-damage|p2a: Venusaur|88/100|[from] Stealth Rock
|turn|2
|
|t:|1757844758
|move|p2a: Venusaur|Growth|p2a: Venusaur
|-boost|p2a: Venusaur|atk|2
|-boost|p2a: Venusaur|spa|2
|move|p1a: Kleavor|Stone Axe|p2a: Venusaur
|-damage|p2a: Venusaur|32/100
|
|-weather|SunnyDay|[upkeep]
|-damage|p1a: Kleavor|88/100 brn|[from] brn
|upkeep
|turn|3
|
|t:|1757844768
|move|p2a: Venusaur|Giga Drain|p1a: Kleavor
|-damage|p1a: Kleavor|0 fnt
|-heal|p2a: Venusaur|74/100|[from] drain|[of] p1a: Kleavor
|faint|p1a: Kleavor
|-damage|p2a: Venusaur|64/100|[from] item: Life Orb
|
|-weather|SunnyDay|[upkeep]
|upkeep
|
|t:|1757844778
|switch|p1a: Iron Moth|Iron Moth|100/100
|-enditem|p1a: Iron Moth|Booster Energy
|-activate|p1a: Iron Moth|ability: Quark Drive|[fromitem]
|-start|p1a: Iron Moth|quarkdrivespe
|turn|4
|
|t:|1757844804
|-terastallize|p2a: Venusaur|Fire
|move|p2a: Venusaur|Giga Drain|p1a: Iron Moth
|-resisted|p1a: Iron Moth
|-damage|p1a: Iron Moth|80/100
|-heal|p2a: Venusaur|74/100|[from] drain|[of] p1a: Iron Moth
|-damage|p2a: Venusaur|64/100|[from] item: Life Orb
|move|p1a: Iron Moth|Fiery Dance|p2a: Venusaur
|-resisted|p2a: Venusaur
|-damage|p2a: Venusaur|31/100
|
|-weather|SunnyDay|[upkeep]
|upkeep
|turn|5
|
|t:|1757844819
|move|p2a: Venusaur|Weather Ball|p1a: Iron Moth
|-resisted|p1a: Iron Moth
|-damage|p1a: Iron Moth|6/100
|-damage|p2a: Venusaur|21/100|[from] item: Life Orb
|move|p1a: Iron Moth|Sludge Wave|p2a: Venusaur
|-damage|p2a: Venusaur|0 fnt
|faint|p2a: Venusaur
|
|-weather|SunnyDay|[upkeep]
|upkeep
|
|t:|1757844833
|switch|p2a: Rillaboom|Rillaboom, F|100/100
|-damage|p2a: Rillaboom|88/100|[from] Stealth Rock
|-fieldstart|move: Grassy Terrain|[from] ability: Grassy Surge|[of] p2a: Rillaboom
|turn|6
|
|t:|1757844847
|-end|p1a: Iron Moth|Quark Drive|[silent]
|switch|p1a: Ogerpon|Ogerpon-Wellspring, F|100/100
|move|p2a: Rillaboom|Grassy Glide|p1a: Ogerpon
|-damage|p1a: Ogerpon|47/100
|
|-weather|SunnyDay|[upkeep]
|-heal|p1a: Ogerpon|53/100|[from] Grassy Terrain
|-heal|p2a: Rillaboom|94/100|[from] Grassy Terrain
|upkeep
|turn|7
|
|t:|1757844859
|move|p2a: Rillaboom|Grassy Glide|p1a: Ogerpon
|-damage|p1a: Ogerpon|2/100
|move|p1a: Ogerpon|Horn Leech|p2a: Rillaboom
|-resisted|p2a: Rillaboom
|-damage|p2a: Rillaboom|64/100
|-heal|p1a: Ogerpon|22/100|[from] drain|[of] p2a: Rillaboom
|
|-weather|SunnyDay|[upkeep]
|-heal|p1a: Ogerpon|28/100|[from] Grassy Terrain
|-heal|p2a: Rillaboom|70/100|[from] Grassy Terrain
|upkeep
|turn|8
|
|t:|1757844875
|move|p2a: Rillaboom|Grassy Glide|p1a: Ogerpon
|-damage|p1a: Ogerpon|0 fnt
|faint|p1a: Ogerpon
|
|-weather|none
|-heal|p2a: Rillaboom|77/100|[from] Grassy Terrain
|upkeep
|
|t:|1757844879
|switch|p1a: Gholdengo|Gholdengo|100/100
|-item|p1a: Gholdengo|Air Balloon
|turn|9
|
|t:|1757844889
|move|p2a: Rillaboom|Knock Off|p1a: Gholdengo
|-supereffective|p1a: Gholdengo
|-damage|p1a: Gholdengo|51/100
|-enditem|p1a: Gholdengo|Air Balloon
|move|p1a: Gholdengo|Shadow Ball|p2a: Rillaboom
|-damage|p2a: Rillaboom|33/100
|
|-heal|p2a: Rillaboom|39/100|[from] Grassy Terrain
|-heal|p1a: Gholdengo|57/100|[from] Grassy Terrain
|upkeep
|turn|10
|
|t:|1757844912
|move|p2a: Rillaboom|U-turn|p1a: Gholdengo
|-resisted|p1a: Gholdengo
|-damage|p1a: Gholdengo|53/100
|
|t:|1757844916
|switch|p2a: Hatterene|Hatterene, F|100/100|[from] U-turn
|-damage|p2a: Hatterene|88/100|[from] Stealth Rock
|move|p1a: Gholdengo|Shadow Ball|p2a: Hatterene
|-supereffective|p2a: Hatterene
|-damage|p2a: Hatterene|20/100
|
|-heal|p1a: Gholdengo|59/100|[from] Grassy Terrain
|-heal|p2a: Hatterene|26/100|[from] Grassy Terrain
|-heal|p2a: Hatterene|32/100|[from] item: Leftovers
|upkeep
|turn|11
|
|t:|1757844929
|move|p1a: Gholdengo|Shadow Ball|p2a: Hatterene
|-supereffective|p2a: Hatterene
|-damage|p2a: Hatterene|0 fnt
|faint|p2a: Hatterene
|
|-heal|p1a: Gholdengo|65/100|[from] Grassy Terrain
|upkeep
|
|t:|1757844936
|switch|p2a: Great Tusk|Great Tusk|100/100
|-damage|p2a: Great Tusk|98/100|[from] Stealth Rock
|turn|12
|
|t:|1757844955
|move|p2a: Great Tusk|Earthquake|p1a: Gholdengo
|-supereffective|p1a: Gholdengo
|-damage|p1a: Gholdengo|30/100
|move|p1a: Gholdengo|Shadow Ball|p2a: Great Tusk
|-damage|p2a: Great Tusk|39/100
|-unboost|p2a: Great Tusk|spd|1
|
|-heal|p2a: Great Tusk|46/100|[from] Grassy Terrain
|-heal|p1a: Gholdengo|36/100|[from] Grassy Terrain
|upkeep
|turn|13
|
|t:|1757844972
|move|p2a: Great Tusk|Ice Spinner|p1a: Gholdengo
|-resisted|p1a: Gholdengo
|-damage|p1a: Gholdengo|27/100
|-fieldend|move: Grassy Terrain
|move|p1a: Gholdengo|Shadow Ball|p2a: Great Tusk
|-damage|p2a: Great Tusk|0 fnt
|faint|p2a: Great Tusk
|-end|p2a: Great Tusk|Protosynthesis|[silent]
|
|upkeep
|-message|Nameless Moron forfeited.
|
|win|metalsandy
|raw|metalsandy's rating: 1185 &rarr; <strong>1206</strong><br />(+21 for winning)
|raw|Nameless Moron's rating: 1123 &rarr; <strong>1102</strong><br />(-21 for losing)
|l|☆metalsandy
|player|p1|
