|j|☆NaoAgawa
|j|☆jakewater
|t:|1757949347
|gametype|singles
|player|p1|NaoAgawa|acetrainer-gen4dp|1119
|player|p2|jakewater|blue|1131
|gen|9
|tier|[Gen 9] OU
|rated|
|rule|HP Percentage Mod: HP is shown in percentages
|rule|Endless Battle Clause: Forcing endless battles is banned
|rule|Species Clause: Limit one of each Pokémon
|rule|OHKO Clause: OHKO moves are banned
|rule|Evasion Items Clause: Evasion items are banned
|rule|Evasion Moves Clause: Evasion moves are banned
|rule|Evasion Abilities Clause: Evasion abilities are banned
|rule|Sleep Moves Clause: Sleep-inducing moves are banned
|clearpoke
|poke|p1|Pelipper, F|
|poke|p1|Vileplume, M|
|poke|p1|Espeon, F|
|poke|p1|Scyther, M|
|poke|p1|Eelektross, M|
|poke|p1|Hydreigon, M|
|poke|p2|Dodrio, F|
|poke|p2|Wigglytuff, M|
|poke|p2|Tatsugiri, M|
|poke|p2|Espeon, F|
|poke|p2|Exeggutor, F|
|poke|p2|Polteageist-Antique|
|teampreview
|
|t:|1757949351
|teamsize|p1|6
|teamsize|p2|6
|start
|switch|p1a: Vileplume|Vileplume, M, shiny|100/100
|switch|p2a: Espeon|Espeon, F|100/100
|turn|1
|inactive|Battle timer is ON: inactive players will automatically lose when time's up. (requested by jakewater)
|
|t:|1757949360
|-terastallize|p2a: Espeon|Poison
|move|p2a: Espeon|Psychic Noise|p1a: Vileplume
|-supereffective|p1a: Vileplume
|-damage|p1a: Vileplume|28/100
|-start|p1a: Vileplume|move: Heal Block
|move|p1a: Vileplume|Moonblast|p2a: Espeon
|-resisted|p2a: Espeon
|-damage|p2a: Espeon|84/100
|
|upkeep
|turn|2
|
|t:|1757949372
|switch|p1a: Pelipper|Pelipper, F, shiny|100/100
|-weather|RainDance|[from] ability: Drizzle|[of] p1a: Pelipper
|move|p2a: Espeon|Psychic Noise|p1a: Pelipper
|-damage|p1a: Pelipper|30/100
|-start|p1a: Pelipper|move: Heal Block
|
|-weather|RainDance|[upkeep]
|upkeep
|turn|3
|
|t:|1757949382
|switch|p1a: Eelektross|Eelektross, M, shiny|100/100
|move|p2a: Espeon|Power Gem|p1a: Eelektross
|-crit|p1a: Eelektross
|-damage|p1a: Eelektross|73/100
|
|-weather|RainDance|[upkeep]
|upkeep
|turn|4
|
|t:|1757949390
|move|p2a: Espeon|Trick|p1a: Eelektross
|-activate|p2a: Espeon|move: Trick|[of] p1a: Eelektross
|-item|p1a: Eelektross|Toxic Orb|[from] move: Trick
|-item|p2a: Espeon|Assault Vest|[from] move: Trick
|move|p1a: Eelektross|Thunder|p2a: Espeon
|-damage|p2a: Espeon|38/100
|
|-weather|RainDance|[upkeep]
|-status|p1a: Eelektross|tox|[from] item: Toxic Orb
|upkeep
|turn|5
|
|t:|1757949400
|move|p2a: Espeon|Psychic Noise|p1a: Eelektross
|-crit|p1a: Eelektross
|-damage|p1a: Eelektross|20/100 tox
|-start|p1a: Eelektross|move: Heal Block
|move|p1a: Eelektross|Thunder|p2a: Espeon
|-damage|p2a: Espeon|0 fnt
|faint|p2a: Espeon
|
|-weather|RainDance|[upkeep]
|-damage|p1a: Eelektross|14/100 tox|[from] psn
|upkeep
|
|t:|1757949414
|switch|p2a: Polteageist|Polteageist-Antique|100/100
|turn|6
|
|t:|1757949418
|move|p2a: Polteageist|Shell Smash|p2a: Polteageist
|-unboost|p2a: Polteageist|def|1
|-unboost|p2a: Polteageist|spd|1
|-boost|p2a: Polteageist|atk|2
|-boost|p2a: Polteageist|spa|2
|-boost|p2a: Polteageist|spe|2
|-enditem|p2a: Polteageist|White Herb
|-clearnegativeboost|p2a: Polteageist|[silent]
|move|p1a: Eelektross|Thunder|p2a: Polteageist
|-damage|p2a: Polteageist|38/100
|
|-weather|RainDance|[upkeep]
|-damage|p1a: Eelektross|2/100 tox|[from] psn
|-end|p1a: Eelektross|move: Heal Block
|upkeep
|turn|7
|
|t:|1757949433
|move|p2a: Polteageist|Stored Power|p1a: Eelektross
|-crit|p1a: Eelektross
|-damage|p1a: Eelektross|0 fnt
|faint|p1a: Eelektross
|
|-weather|RainDance|[upkeep]
|upkeep
|
|t:|1757949444
|switch|p1a: Scyther|Scyther, M, shiny|100/100
|turn|8
|
|t:|1757949448
|move|p2a: Polteageist|Stored Power|p1a: Scyther
|-damage|p1a: Scyther|3/100
|move|p1a: Scyther|Trailblaze|p2a: Polteageist
|-damage|p2a: Polteageist|0 fnt
|-boost|p1a: Scyther|spe|1
|faint|p2a: Polteageist
|
|-weather|RainDance|[upkeep]
|upkeep
|
|t:|1757949457
|switch|p2a: Wigglytuff|Wigglytuff, M|100/100
|turn|9
|
|t:|1757949465
|move|p1a: Scyther|Dual Wingbeat|p2a: Wigglytuff
|-damage|p2a: Wigglytuff|65/100
|-damage|p2a: Wigglytuff|30/100
|-hitcount|p2a: Wigglytuff|2
|move|p2a: Wigglytuff|Alluring Voice|p1a: Scyther
|-damage|p1a: Scyther|0 fnt
|faint|p1a: Scyther
|
|-weather|none
|-heal|p2a: Wigglytuff|36/100|[from] item: Leftovers
|upkeep
|
|t:|1757949471
|switch|p1a: Espeon|Espeon, F, shiny|100/100
|turn|10
|
|t:|1757949479
|move|p1a: Espeon|Calm Mind|p1a: Espeon
|-boost|p1a: Espeon|spa|1
|-boost|p1a: Espeon|spd|1
|move|p2a: Wigglytuff|Hyper Voice|p1a: Espeon
|-damage|p1a: Espeon|74/100
|
|-heal|p1a: Espeon|80/100|[from] item: Leftovers
|-heal|p2a: Wigglytuff|42/100|[from] item: Leftovers
|upkeep
|turn|11
|
|t:|1757949487
|move|p1a: Espeon|Calm Mind|p1a: Espeon
|-boost|p1a: Espeon|spa|1
|-boost|p1a: Espeon|spd|1
|move|p2a: Wigglytuff|Alluring Voice|p1a: Espeon
|-damage|p1a: Espeon|62/100
|-start|p1a: Espeon|confusion
|
|-heal|p1a: Espeon|69/100|[from] item: Leftovers
|-heal|p2a: Wigglytuff|48/100|[from] item: Leftovers
|upkeep
|turn|12
|
|t:|1757949498
|-activate|p1a: Espeon|confusion
|-damage|p1a: Espeon|59/100|[from] confusion
|move|p2a: Wigglytuff|Hyper Voice|p1a: Espeon
|-damage|p1a: Espeon|40/100
|
|-heal|p1a: Espeon|46/100|[from] item: Leftovers
|-heal|p2a: Wigglytuff|54/100|[from] item: Leftovers
|upkeep
|turn|13
|
|t:|1757949506
|-activate|p1a: Espeon|confusion
|move|p1a: Espeon|Stored Power|p2a: Wigglytuff
|-damage|p2a: Wigglytuff|0 fnt
|faint|p2a: Wigglytuff
|
|-heal|p1a: Espeon|53/100|[from] item: Leftovers
|upkeep
|
|t:|1757949516
|switch|p2a: Exeggutor|Exeggutor, F|100/100
|turn|14
|
|t:|1757949522
|-terastallize|p1a: Espeon|Fairy
|-activate|p1a: Espeon|confusion
|-damage|p1a: Espeon|44/100|[from] confusion
|move|p2a: Exeggutor|Psyshock|p1a: Espeon
|-damage|p1a: Espeon|0 fnt
|faint|p1a: Espeon
|
|upkeep
|
|t:|1757949551
|switch|p1a: Hydreigon|Hydreigon, M, shiny|100/100
|turn|15
|
|t:|1757949556
|move|p1a: Hydreigon|Dark Pulse|p2a: Exeggutor
|-supereffective|p2a: Exeggutor
|-damage|p2a: Exeggutor|13/100
|-enditem|p2a: Exeggutor|Sitrus Berry|[eat]
|-heal|p2a: Exeggutor|38/100|[from] item: Sitrus Berry
|move|p2a: Exeggutor|Leech Seed|p1a: Hydreigon
|-start|p1a: Hydreigon|move: Leech Seed
|
|-damage|p1a: Hydreigon|88/100|[from] Leech Seed|[of] p2a: Exeggutor
|-heal|p2a: Exeggutor|48/100|[silent]
|-item|p2a: Exeggutor|Sitrus Berry|[from] ability: Harvest
|upkeep
|-enditem|p2a: Exeggutor|Sitrus Berry|[eat]
|-heal|p2a: Exeggutor|73/100|[from] item: Sitrus Berry
|turn|16
|
|t:|1757949568
|switch|p1a: Pelipper|Pelipper, F, shiny|30/100
|-weather|RainDance|[from] ability: Drizzle|[of] p1a: Pelipper
|move|p2a: Exeggutor|Protect||[still]
|-fail|p2a: Exeggutor
|
|-weather|RainDance|[upkeep]
|upkeep
|turn|17
|
|t:|1757949577
|move|p1a: Pelipper|Hurricane|p2a: Exeggutor
|-supereffective|p2a: Exeggutor
|-damage|p2a: Exeggutor|0 fnt
|faint|p2a: Exeggutor
|
|-weather|RainDance|[upkeep]
|upkeep
|
|t:|1757949583
|switch|p2a: Dodrio|Dodrio, F|100/100
|turn|18
|
|t:|1757949587
|move|p2a: Dodrio|Double-Edge|p1a: Pelipper
|-damage|p1a: Pelipper|0 fnt
|faint|p1a: Pelipper
|-damage|p2a: Dodrio|91/100|[from] Recoil
|-damage|p2a: Dodrio|81/100|[from] item: Life Orb
|
|-weather|RainDance|[upkeep]
|upkeep
|
|t:|1757949596
|switch|p1a: Hydreigon|Hydreigon, M, shiny|88/100
|turn|19
|
|t:|1757949601
|move|p1a: Hydreigon|Dark Pulse|p2a: Dodrio
|-damage|p2a: Dodrio|7/100
|move|p2a: Dodrio|Double-Edge|p1a: Hydreigon
|-damage|p1a: Hydreigon|5/100
|-damage|p2a: Dodrio|0 fnt|[from] Recoil
|faint|p2a: Dodrio
|
|-weather|RainDance|[upkeep]
|upkeep
|
|t:|1757949610
|switch|p2a: Tatsugiri|Tatsugiri, M|100/100
|turn|20
|
|t:|1757949614
|move|p1a: Hydreigon|Dark Pulse|p2a: Tatsugiri
|-damage|p2a: Tatsugiri|51/100
|cant|p2a: Tatsugiri|flinch
|
|-weather|RainDance|[upkeep]
|-heal|p2a: Tatsugiri|57/100|[from] item: Leftovers
|upkeep
|turn|21
|
|t:|1757949622
|move|p1a: Hydreigon|Dark Pulse|p2a: Tatsugiri
|-damage|p2a: Tatsugiri|2/100
|move|p2a: Tatsugiri|Surf|p1a: Hydreigon
|-resisted|p1a: Hydreigon
|-damage|p1a: Hydreigon|0 fnt
|faint|p1a: Hydreigon
|
|-weather|RainDance|[upkeep]
|-heal|p2a: Tatsugiri|8/100|[from] item: Leftovers
|upkeep
|
|t:|1757949627
|switch|p1a: Vileplume|Vileplume, M, shiny|28/100
|turn|22
|
|t:|1757949632
|move|p1a: Vileplume|Protect|p1a: Vileplume
|-singleturn|p1a: Vileplume|Protect
|move|p2a: Tatsugiri|Dragon Pulse|p1a: Vileplume
|-activate|p1a: Vileplume|move: Protect
|
|-weather|RainDance|[upkeep]
|-heal|p2a: Tatsugiri|15/100|[from] item: Leftovers
|-heal|p1a: Vileplume|35/100|[from] item: Black Sludge
|upkeep
|turn|23
|
|t:|1757949641
|move|p2a: Tatsugiri|Dragon Pulse|p1a: Vileplume
|-damage|p1a: Vileplume|0 fnt
|faint|p1a: Vileplume
|
|win|jakewater
|raw|NaoAgawa's rating: 1119 &rarr; <strong>1095</strong><br />(-24 for losing)
|raw|jakewater's rating: 1131 &rarr; <strong>1155</strong><br />(+24 for winning)
|l|☆NaoAgawa
|player|p1|
|l|☆jakewater
|player|p2|
