|j|☆fadingstrawberry
|j|☆Alethino
|t:|1757825378
|gametype|singles
|player|p1|fadingstrawberry|swimmerf-gen4|1469
|player|p2|Alethino|1|1489
|gen|9
|tier|[Gen 9] OU
|rated|
|rule|HP Percentage Mod: HP is shown in percentages
|rule|Endless Battle Clause: Forcing endless battles is banned
|rule|Species Clause: Limit one of each Pokémon
|rule|OHKO Clause: OHKO moves are banned
|rule|Evasion Items Clause: Evasion items are banned
|rule|Evasion Moves Clause: Evasion moves are banned
|rule|Evasion Abilities Clause: Evasion abilities are banned
|rule|Sleep Moves Clause: Sleep-inducing moves are banned
|clearpoke
|poke|p1|Torkoal, F|
|poke|p1|Great Tusk|
|poke|p1|Hatterene, F|
|poke|p1|Walking Wake|
|poke|p1|Slither Wing|
|poke|p1|Raging Bolt|
|poke|p2|Serperior, F|
|poke|p2|Iron Treads|
|poke|p2|Primarina, F|
|poke|p2|Zamazenta-*|
|poke|p2|Scizor, M|
|poke|p2|Tornadus-Therian, M|
|teampreview
|j| idonteatpets
|c| idonteatpets|hi
|inactive|Battle timer is ON: inactive players will automatically lose when time's up. (requested by Alethino)
|c|☆Alethino|glhf
|inactive|Alethino has 120 seconds left.
|
|t:|1757825431
|teamsize|p1|6
|teamsize|p2|6
|start
|switch|p1a: Torkoal|Torkoal, F|100/100
|switch|p2a: Tornadus|Tornadus-Therian, M|100/100
|-weather|SunnyDay|[from] ability: Drought|[of] p1a: Torkoal
|turn|1
|c|☆fadingstrawberry|Hf
|
|t:|1757825441
|move|p2a: Tornadus|Bleakwind Storm|p1a: Torkoal
|-damage|p1a: Torkoal|21/100
|-damage|p2a: Tornadus|91/100|[from] item: Life Orb
|move|p1a: Torkoal|Stealth Rock|p2a: Tornadus
|-sidestart|p2: Alethino|move: Stealth Rock
|
|-weather|SunnyDay|[upkeep]
|upkeep
|turn|2
|
|t:|1757825455
|switch|p1a: Raging Bolt|Raging Bolt|100/100
|-activate|p1a: Raging Bolt|ability: Protosynthesis
|-start|p1a: Raging Bolt|protosynthesisspa
|move|p2a: Tornadus|Heat Wave|p1a: Raging Bolt
|-resisted|p1a: Raging Bolt
|-crit|p1a: Raging Bolt
|-damage|p1a: Raging Bolt|62/100
|-damage|p2a: Tornadus|81/100|[from] item: Life Orb
|
|-weather|SunnyDay|[upkeep]
|upkeep
|turn|3
|
|t:|1757825476
|switch|p2a: Zamazenta|Zamazenta|100/100
|-damage|p2a: Zamazenta|94/100|[from] Stealth Rock
|-ability|p2a: Zamazenta|Dauntless Shield|boost
|-boost|p2a: Zamazenta|def|1
|-end|p1a: Raging Bolt|Protosynthesis|[silent]
|switch|p1a: Great Tusk|Great Tusk|100/100
|-activate|p1a: Great Tusk|ability: Protosynthesis
|-start|p1a: Great Tusk|protosynthesisdef
|
|-weather|SunnyDay|[upkeep]
|-heal|p2a: Zamazenta|100/100|[from] item: Leftovers
|upkeep
|turn|4
|c| idonteatpets|hf
|c| idonteatpets|who should i root for
|
|t:|1757825498
|move|p1a: Great Tusk|Knock Off|p2a: Zamazenta
|-resisted|p2a: Zamazenta
|-damage|p2a: Zamazenta|93/100
|-enditem|p2a: Zamazenta|Leftovers|[from] move: Knock Off|[of] p1a: Great Tusk
|move|p2a: Zamazenta|Roar|p1a: Great Tusk
|-end|p1a: Great Tusk|Protosynthesis|[silent]
|drag|p1a: Raging Bolt|Raging Bolt|62/100
|-activate|p1a: Raging Bolt|ability: Protosynthesis
|-start|p1a: Raging Bolt|protosynthesisspa
|
|-weather|SunnyDay|[upkeep]
|upkeep
|turn|5
|
|t:|1757825505
|move|p2a: Zamazenta|Body Press|p1a: Raging Bolt
|-damage|p1a: Raging Bolt|26/100
|move|p1a: Raging Bolt|Volt Switch|p2a: Zamazenta
|-damage|p2a: Zamazenta|50/100
|
|t:|1757825511
|-end|p1a: Raging Bolt|Protosynthesis|[silent]
|switch|p1a: Walking Wake|Walking Wake|100/100|[from] Volt Switch
|-activate|p1a: Walking Wake|ability: Protosynthesis
|-start|p1a: Walking Wake|protosynthesisspe
|
|-weather|SunnyDay|[upkeep]
|upkeep
|turn|6
|
|t:|1757825520
|move|p1a: Walking Wake|Hydro Steam|p2a: Zamazenta
|-damage|p2a: Zamazenta|0 fnt
|faint|p2a: Zamazenta
|
|-weather|SunnyDay|[upkeep]
|upkeep
|
|t:|1757825526
|switch|p2a: Primarina|Primarina, F|100/100
|-damage|p2a: Primarina|88/100|[from] Stealth Rock
|turn|7
|
|t:|1757825537
|-end|p1a: Walking Wake|Protosynthesis|[silent]
|switch|p1a: Hatterene|Hatterene, F|100/100
|move|p2a: Primarina|Moonblast|p1a: Hatterene
|-damage|p1a: Hatterene|43/100
|
|-weather|SunnyDay|[upkeep]
|-heal|p1a: Hatterene|49/100|[from] item: Leftovers
|upkeep
|turn|8
|
|t:|1757825548
|switch|p1a: Raging Bolt|Raging Bolt|26/100
|-activate|p1a: Raging Bolt|ability: Protosynthesis
|-start|p1a: Raging Bolt|protosynthesisspa
|move|p2a: Primarina|Moonblast|p1a: Raging Bolt
|-supereffective|p1a: Raging Bolt
|-damage|p1a: Raging Bolt|0 fnt
|faint|p1a: Raging Bolt
|-end|p1a: Raging Bolt|Protosynthesis|[silent]
|
|-weather|none
|upkeep
|
|t:|1757825550
|switch|p1a: Torkoal|Torkoal, F|21/100
|-weather|SunnyDay|[from] ability: Drought|[of] p1a: Torkoal
|turn|9
|
|t:|1757825560
|switch|p1a: Hatterene|Hatterene, F|49/100
|move|p2a: Primarina|Psychic Noise|p1a: Hatterene
|-resisted|p1a: Hatterene
|-damage|p1a: Hatterene|34/100
|-start|p1a: Hatterene|move: Heal Block
|
|-weather|SunnyDay|[upkeep]
|upkeep
|turn|10
|
|t:|1757825565
|move|p2a: Primarina|Moonblast|p1a: Hatterene
|-damage|p1a: Hatterene|0 fnt
|faint|p1a: Hatterene
|
|-weather|SunnyDay|[upkeep]
|upkeep
|
|t:|1757825569
|switch|p1a: Slither Wing|Slither Wing|100/100
|-activate|p1a: Slither Wing|ability: Protosynthesis
|-start|p1a: Slither Wing|protosynthesisatk
|turn|11
|inactive|Alethino has 120 seconds left.
|
|t:|1757825600
|switch|p2a: Iron Treads|Iron Treads|100/100
|-damage|p2a: Iron Treads|97/100|[from] Stealth Rock
|move|p1a: Slither Wing|First Impression|p2a: Iron Treads
|-resisted|p2a: Iron Treads
|-damage|p2a: Iron Treads|73/100
|
|-weather|SunnyDay|[upkeep]
|upkeep
|turn|12
|
|t:|1757825613
|-end|p1a: Slither Wing|Protosynthesis|[silent]
|switch|p1a: Great Tusk|Great Tusk|100/100
|-activate|p1a: Great Tusk|ability: Protosynthesis
|-start|p1a: Great Tusk|protosynthesisdef
|move|p2a: Iron Treads|Rapid Spin|p1a: Great Tusk
|-damage|p1a: Great Tusk|95/100
|-boost|p2a: Iron Treads|spe|1
|-damage|p2a: Iron Treads|56/100|[from] item: Rocky Helmet|[of] p1a: Great Tusk
|-sideend|p2: Alethino|Stealth Rock|[from] move: Rapid Spin|[of] p2a: Iron Treads
|
|-weather|SunnyDay|[upkeep]
|upkeep
|turn|13
|
|t:|1757825622
|move|p2a: Iron Treads|Ice Spinner|p1a: Great Tusk
|-supereffective|p1a: Great Tusk
|-damage|p1a: Great Tusk|79/100
|-damage|p2a: Iron Treads|40/100|[from] item: Rocky Helmet|[of] p1a: Great Tusk
|move|p1a: Great Tusk|Knock Off|p2a: Iron Treads
|-damage|p2a: Iron Treads|17/100
|-enditem|p2a: Iron Treads|Assault Vest|[from] move: Knock Off|[of] p1a: Great Tusk
|
|-weather|SunnyDay|[upkeep]
|upkeep
|turn|14
|
|t:|1757825627
|move|p2a: Iron Treads|Ice Spinner|p1a: Great Tusk
|-supereffective|p1a: Great Tusk
|-damage|p1a: Great Tusk|61/100
|-damage|p2a: Iron Treads|0 fnt|[from] item: Rocky Helmet|[of] p1a: Great Tusk
|faint|p2a: Iron Treads
|-end|p2a: Iron Treads|Quark Drive|[silent]
|move|p1a: Great Tusk|Body Press|p2: Iron Treads|[notarget]
|-fail|p1a: Great Tusk
|
|-weather|SunnyDay|[upkeep]
|upkeep
|
|t:|1757825631
|switch|p2a: Serperior|Serperior, F|100/100
|turn|15
|c| idonteatpets|my money on strawberry
|
|t:|1757825635
|-end|p1a: Great Tusk|Protosynthesis|[silent]
|switch|p1a: Slither Wing|Slither Wing|100/100
|-activate|p1a: Slither Wing|ability: Protosynthesis
|-start|p1a: Slither Wing|protosynthesisatk
|move|p2a: Serperior|Leaf Storm|p1a: Slither Wing
|-resisted|p1a: Slither Wing
|-damage|p1a: Slither Wing|79/100
|-boost|p2a: Serperior|spa|2
|
|-weather|SunnyDay|[upkeep]
|upkeep
|turn|16
|c| idonteatpets|Strawberry R spin!
|c| idonteatpets|WHY NO RAPID
|c| idonteatpets|u wouldve beat serp
|c| idonteatpets|but no matter
|c| idonteatpets|u can do it
|c| idonteatpets|put your back into iut
|
|t:|1757825663
|switch|p2a: Tornadus|Tornadus-Therian, M|100/100
|move|p1a: Slither Wing|U-turn|p2a: Tornadus
|-resisted|p2a: Tornadus
|-crit|p2a: Tornadus
|-damage|p2a: Tornadus|42/100
|
|t:|1757825669
|-end|p1a: Slither Wing|Protosynthesis|[silent]
|switch|p1a: Walking Wake|Walking Wake|100/100|[from] U-turn
|-activate|p1a: Walking Wake|ability: Protosynthesis
|-start|p1a: Walking Wake|protosynthesisspe
|
|-weather|none
|-end|p1a: Walking Wake|Protosynthesis
|upkeep
|turn|17
|c| idonteatpets|AHAHAHAHA
|c| idonteatpets|ice beam
|
|t:|1757825675
|switch|p2a: Primarina|Primarina, F|88/100
|-end|p1a: Walking Wake|Protosynthesis|[silent]
|switch|p1a: Torkoal|Torkoal, F|21/100
|-weather|SunnyDay|[from] ability: Drought|[of] p1a: Torkoal
|
|-weather|SunnyDay|[upkeep]
|upkeep
|turn|18
|
|t:|1757825686
|move|p2a: Primarina|Moonblast|p1a: Torkoal
|-resisted|p1a: Torkoal
|-damage|p1a: Torkoal|0 fnt
|faint|p1a: Torkoal
|
|-weather|SunnyDay|[upkeep]
|upkeep
|
|t:|1757825691
|switch|p1a: Slither Wing|Slither Wing|79/100
|-activate|p1a: Slither Wing|ability: Protosynthesis
|-start|p1a: Slither Wing|protosynthesisatk
|turn|19
|c| idonteatpets|ice beam wouldve hurtt prim
|
|t:|1757825718
|switch|p2a: Serperior|Serperior, F|100/100
|move|p1a: Slither Wing|Close Combat|p2a: Serperior
|-damage|p2a: Serperior|0 fnt
|-unboost|p1a: Slither Wing|def|1
|-unboost|p1a: Slither Wing|spd|1
|faint|p2a: Serperior
|
|-weather|SunnyDay|[upkeep]
|upkeep
|
|t:|1757825725
|switch|p2a: Tornadus|Tornadus-Therian, M|75/100
|turn|20
|
|t:|1757825734
|-end|p1a: Slither Wing|Protosynthesis|[silent]
|switch|p1a: Walking Wake|Walking Wake|100/100
|-activate|p1a: Walking Wake|ability: Protosynthesis
|-start|p1a: Walking Wake|protosynthesisspe
|move|p2a: Tornadus|Bleakwind Storm|p1a: Walking Wake
|-damage|p1a: Walking Wake|34/100
|-damage|p2a: Tornadus|65/100|[from] item: Life Orb
|
|-weather|SunnyDay|[upkeep]
|upkeep
|turn|21
|
|t:|1757825747
|switch|p2a: Scizor|Scizor, M|100/100
|move|p1a: Walking Wake|Hydro Steam|p2a: Scizor
|-damage|p2a: Scizor|0 fnt
|faint|p2a: Scizor
|
|-weather|SunnyDay|[upkeep]
|upkeep
|c| idonteatpets|wOAH
|c| idonteatpets|My money on right one
|inactive|Alethino has 120 seconds left.
|c| idonteatpets|hydro hydro kill
|
|t:|1757825764
|switch|p2a: Primarina|Primarina, F|88/100
|turn|22
|
|t:|1757825771
|move|p1a: Walking Wake|Hydro Steam|p2a: Primarina
|-resisted|p2a: Primarina
|-damage|p2a: Primarina|62/100
|move|p2a: Primarina|Moonblast|p1a: Walking Wake
|-supereffective|p1a: Walking Wake
|-damage|p1a: Walking Wake|0 fnt
|faint|p1a: Walking Wake
|-end|p1a: Walking Wake|Protosynthesis|[silent]
|
|-weather|SunnyDay|[upkeep]
|upkeep
|
|t:|1757825774
|switch|p1a: Slither Wing|Slither Wing|79/100
|-activate|p1a: Slither Wing|ability: Protosynthesis
|-start|p1a: Slither Wing|protosynthesisatk
|turn|23
|
|t:|1757825778
|move|p1a: Slither Wing|First Impression|p2a: Primarina
|-resisted|p2a: Primarina
|-damage|p2a: Primarina|23/100
|move|p2a: Primarina|Moonblast|p1a: Slither Wing
|-supereffective|p1a: Slither Wing
|-damage|p1a: Slither Wing|17/100
|
|-weather|SunnyDay|[upkeep]
|upkeep
|turn|24
|
|t:|1757825791
|move|p1a: Slither Wing|Close Combat|p2a: Primarina
|-resisted|p2a: Primarina
|-damage|p2a: Primarina|0 fnt
|-unboost|p1a: Slither Wing|def|1
|-unboost|p1a: Slither Wing|spd|1
|faint|p2a: Primarina
|
|-weather|none
|-end|p1a: Slither Wing|Protosynthesis
|upkeep
|
|t:|1757825793
|switch|p2a: Tornadus|Tornadus-Therian, M|98/100
|turn|25
|
|t:|1757825795
|move|p2a: Tornadus|Heat Wave|p1a: Slither Wing
|-supereffective|p1a: Slither Wing
|-damage|p1a: Slither Wing|0 fnt
|faint|p1a: Slither Wing
|-end|p1a: Slither Wing|Protosynthesis|[silent]
|-damage|p2a: Tornadus|88/100|[from] item: Life Orb
|
|upkeep
|
|t:|1757825799
|switch|p1a: Great Tusk|Great Tusk|61/100
|turn|26
|
|t:|1757825811
|-terastallize|p1a: Great Tusk|Water
|move|p2a: Tornadus|Bleakwind Storm|p1a: Great Tusk|[miss]
|-miss|p2a: Tornadus|p1a: Great Tusk
|move|p1a: Great Tusk|Body Press|p2a: Tornadus
|-resisted|p2a: Tornadus
|-damage|p2a: Tornadus|55/100
|
|upkeep
|turn|27
|c|☆Alethino|gg
|
|t:|1757825820
|move|p2a: Tornadus|Grass Knot|p1a: Great Tusk
|-supereffective|p1a: Great Tusk
|-damage|p1a: Great Tusk|0 fnt
|-damage|p2a: Tornadus|39/100|[from] item: Rocky Helmet|[of] p1a: Great Tusk
|faint|p1a: Great Tusk
|-end|p1a: Great Tusk|Protosynthesis|[silent]
|-damage|p2a: Tornadus|29/100|[from] item: Life Orb
|
|win|Alethino
|raw|fadingstrawberry's rating: 1469 &rarr; <strong>1450</strong><br />(-19 for losing)
|raw|Alethino's rating: 1489 &rarr; <strong>1508</strong><br />(+19 for winning)
|c| idonteatpets|gg
|c| idonteatpets|i battle winner
|l|☆Alethino
|player|p2|
