|j|☆YQMXLL
|j|☆WoHdd
|t:|1757925980
|gametype|singles
|player|p1|YQMXLL|101|1527
|player|p2|WoHdd|red|1504
|gen|9
|tier|[Gen 9] OU
|rated|
|rule|HP Percentage Mod: HP is shown in percentages
|rule|Endless Battle Clause: Forcing endless battles is banned
|rule|Species Clause: Limit one of each Pokémon
|rule|OHKO Clause: OHKO moves are banned
|rule|Evasion Items Clause: Evasion items are banned
|rule|Evasion Moves Clause: Evasion moves are banned
|rule|Evasion Abilities Clause: Evasion abilities are banned
|rule|Sleep Moves Clause: Sleep-inducing moves are banned
|clearpoke
|poke|p1|Alomomola, M|
|poke|p1|Dondozo, M|
|poke|p1|Gliscor, F|
|poke|p1|Toxapex, F|
|poke|p1|Corviknight, F|
|poke|p1|Chansey, F|
|poke|p2|Armarouge, M|
|poke|p2|Indeedee, M|
|poke|p2|Hatterene, F|
|poke|p2|Polteageist|
|poke|p2|Iron Valiant|
|poke|p2|Cinderace, F|
|teampreview
|inactive|Battle timer is ON: inactive players will automatically lose when time's up. (requested by WoHdd)
|
|t:|1757925994
|teamsize|p1|6
|teamsize|p2|6
|start
|switch|p1a: Gliscor|Gliscor, F|100/100
|switch|p2a: Indeedee|Indeedee, M|100/100
|-fieldstart|move: Psychic Terrain|[from] ability: Psychic Surge|[of] p2a: Indeedee
|turn|1
|
|t:|1757926009
|switch|p2a: Hatterene|Hatterene, F, shiny|100/100
|switch|p1a: Alomomola|Alomomola, M|100/100
|
|upkeep
|turn|2
|
|t:|1757926018
|move|p1a: Alomomola|Protect|p1a: Alomomola
|-singleturn|p1a: Alomomola|Protect
|move|p2a: Hatterene|Nuzzle|p1a: Alomomola
|-activate|p1a: Alomomola|move: Protect
|
|upkeep
|turn|3
|
|t:|1757926025
|switch|p1a: Gliscor|Gliscor, F|100/100
|move|p2a: Hatterene|Nuzzle|p1a: Gliscor
|-immune|p1a: Gliscor
|
|-status|p1a: Gliscor|tox|[from] item: Toxic Orb
|upkeep
|turn|4
|
|t:|1757926034
|move|p1a: Gliscor|Knock Off|p2a: Hatterene
|-damage|p2a: Hatterene|83/100
|-enditem|p2a: Hatterene|Eject Button|[from] move: Knock Off|[of] p1a: Gliscor
|move|p2a: Hatterene|Psychic Noise|p1a: Gliscor
|-damage|p1a: Gliscor|39/100 tox
|-start|p1a: Gliscor|move: Heal Block
|
|upkeep
|turn|5
|
|t:|1757926046
|switch|p1a: Alomomola|Alomomola, M|100/100
|move|p2a: Hatterene|Psychic Noise|p1a: Alomomola
|-damage|p1a: Alomomola|64/100
|-start|p1a: Alomomola|move: Heal Block
|
|upkeep
|turn|6
|
|t:|1757926054
|move|p1a: Alomomola|Protect|p1a: Alomomola
|-singleturn|p1a: Alomomola|Protect
|move|p2a: Hatterene|Psychic Noise|p1a: Alomomola
|-activate|p1a: Alomomola|move: Protect
|
|-end|p1a: Alomomola|move: Heal Block
|upkeep
|turn|7
|
|t:|1757926063
|move|p1a: Alomomola|Wish|p1a: Alomomola
|move|p2a: Hatterene|Psychic Noise|p1a: Alomomola
|-damage|p1a: Alomomola|31/100
|-start|p1a: Alomomola|move: Heal Block
|
|upkeep
|turn|8
|
|t:|1757926072
|switch|p2a: Polteageist|Polteageist, shiny|100/100
|move|p1a: Alomomola|Protect||[still]
|-fail|p1a: Alomomola
|
|-end|p1a: Alomomola|move: Heal Block
|-fieldend|move: Psychic Terrain
|upkeep
|turn|9
|
|t:|1757926084
|switch|p1a: Toxapex|Toxapex, F|100/100
|move|p2a: Polteageist|Shell Smash|p2a: Polteageist
|-unboost|p2a: Polteageist|def|1
|-unboost|p2a: Polteageist|spd|1
|-boost|p2a: Polteageist|atk|2
|-boost|p2a: Polteageist|spa|2
|-boost|p2a: Polteageist|spe|2
|
|upkeep
|turn|10
|
|t:|1757926092
|move|p2a: Polteageist|Stored Power|p1a: Toxapex
|-supereffective|p1a: Toxapex
|-damage|p1a: Toxapex|0 fnt
|faint|p1a: Toxapex
|
|upkeep
|-message|YQMXLL forfeited.
|
|win|WoHdd
|raw|YQMXLL's rating: 1527 &rarr; <strong>1506</strong><br />(-21 for losing)
|raw|WoHdd's rating: 1504 &rarr; <strong>1525</strong><br />(+21 for winning)
|l|☆YQMXLL
|player|p1|
|l|☆WoHdd
|player|p2|
