|j|☆NEZK025
|j|☆khoai3
|t:|1757951895
|gametype|singles
|player|p1|NEZK025|nate|1561
|player|p2|khoai3|pokemaniac|1575
|gen|9
|tier|[Gen 9] OU
|rated|
|rule|HP Percentage Mod: HP is shown in percentages
|rule|Endless Battle Clause: Forcing endless battles is banned
|rule|Species Clause: Limit one of each Pokémon
|rule|OHKO Clause: OHKO moves are banned
|rule|Evasion Items Clause: Evasion items are banned
|rule|Evasion Moves Clause: Evasion moves are banned
|rule|Evasion Abilities Clause: Evasion abilities are banned
|rule|Sleep Moves Clause: Sleep-inducing moves are banned
|clearpoke
|poke|p1|Garganacl, F|
|poke|p1|Dragapult, F|
|poke|p1|Ogerpon-Wellspring, F|
|poke|p1|Moltres|
|poke|p1|Zamazenta-*|
|poke|p1|Iron Treads|
|poke|p2|Samurott-Hisui, F|
|poke|p2|Dragapult, M|
|poke|p2|Iron Treads|
|poke|p2|Enamorus, F|
|poke|p2|Ogerpon-Wellspring, F|
|poke|p2|Scizor, M|
|teampreview
|
|t:|1757951930
|teamsize|p1|6
|teamsize|p2|6
|start
|switch|p1a: Ogerpon|Ogerpon-Wellspring, F|100/100
|switch|p2a: Terminator|Iron Treads|100/100
|turn|1
|
|t:|1757951944
|-end|p2a: Terminator|Quark Drive|[silent]
|switch|p2a: Ivy Fury|Ogerpon-Wellspring, F|100/100
|move|p1a: Ogerpon|Swords Dance|p1a: Ogerpon
|-boost|p1a: Ogerpon|atk|2
|
|upkeep
|turn|2
|inactive|Battle timer is ON: inactive players will automatically lose when time's up. (requested by khoai3)
|
|t:|1757951956
|move|p2a: Ivy Fury|Power Whip|p1a: Ogerpon
|-damage|p1a: Ogerpon|22/100
|move|p1a: Ogerpon|Trailblaze|p2a: Ivy Fury
|-damage|p2a: Ivy Fury|26/100
|-boost|p1a: Ogerpon|spe|1
|
|upkeep
|turn|3
|
|t:|1757951966
|move|p1a: Ogerpon|Ivy Cudgel|p2a: Ivy Fury|[anim] Ivy Cudgel Water
|-heal|p2a: Ivy Fury|51/100|[from] ability: Water Absorb|[of] p1a: Ogerpon
|move|p2a: Ivy Fury|Power Whip|p1a: Ogerpon
|-damage|p1a: Ogerpon|0 fnt
|faint|p1a: Ogerpon
|
|upkeep
|c|☆NEZK025|I am dumb
|
|t:|1757951990
|switch|p1a: Zamazenta|Zamazenta|100/100
|-ability|p1a: Zamazenta|Dauntless Shield|boost
|-boost|p1a: Zamazenta|def|1
|turn|4
|inactive|khoai3 has 120 seconds left.
|
|t:|1757952023
|switch|p2a: Pixie Dust|Enamorus, F|100/100
|move|p1a: Zamazenta|Crunch|p2a: Pixie Dust
|-resisted|p2a: Pixie Dust
|-damage|p2a: Pixie Dust|80/100
|
|upkeep
|turn|5
|inactive|khoai3 has 120 seconds left.
|
|t:|1757952043
|switch|p1a: Garganacl|Garganacl, F|100/100
|move|p2a: Pixie Dust|Moonblast|p1a: Garganacl
|-damage|p1a: Garganacl|70/100
|
|-heal|p1a: Garganacl|76/100|[from] item: Leftovers
|upkeep
|turn|6
|
|t:|1757952053
|switch|p2a: Starry Night|Dragapult, M|100/100
|move|p1a: Garganacl|Salt Cure|p2a: Starry Night
|-damage|p2a: Starry Night|81/100
|-start|p2a: Starry Night|Salt Cure
|
|-heal|p1a: Garganacl|82/100|[from] item: Leftovers
|-damage|p2a: Starry Night|68/100|[from] Salt Cure
|upkeep
|turn|7
|inactive|khoai3 has 120 seconds left.
|
|t:|1757952078
|move|p2a: Starry Night|U-turn|p1a: Garganacl
|-damage|p1a: Garganacl|71/100
|
|t:|1757952081
|switch|p2a: The Bullet Slinger|Scizor, M|100/100|[from] U-turn
|move|p1a: Garganacl|Salt Cure|p2a: The Bullet Slinger
|-damage|p2a: The Bullet Slinger|86/100
|-start|p2a: The Bullet Slinger|Salt Cure
|
|-heal|p1a: Garganacl|77/100|[from] item: Leftovers
|-damage|p2a: The Bullet Slinger|61/100|[from] Salt Cure
|upkeep
|turn|8
|
|t:|1757952092
|switch|p1a: Iron Treads|Iron Treads|100/100
|move|p2a: The Bullet Slinger|U-turn|p1a: Iron Treads
|-resisted|p1a: Iron Treads
|-damage|p1a: Iron Treads|77/100
|
|t:|1757952100
|switch|p2a: Ivy Fury|Ogerpon-Wellspring, F|51/100|[from] U-turn
|
|-heal|p1a: Iron Treads|83/100|[from] item: Leftovers
|upkeep
|turn|9
|
|t:|1757952109
|-end|p1a: Iron Treads|Quark Drive|[silent]
|switch|p1a: Dragapult|Dragapult, F|100/100
|move|p2a: Ivy Fury|Ivy Cudgel|p1a: Dragapult|[anim] Ivy Cudgel Water
|-resisted|p1a: Dragapult
|-damage|p1a: Dragapult|62/100
|
|upkeep
|turn|10
|
|t:|1757952117
|switch|p2a: Terminator|Iron Treads|100/100
|move|p1a: Dragapult|U-turn|p2a: Terminator
|-resisted|p2a: Terminator
|-damage|p2a: Terminator|93/100
|
|t:|1757952123
|switch|p1a: Zamazenta|Zamazenta|100/100|[from] U-turn
|
|upkeep
|turn|11
|inactive|khoai3 has 120 seconds left.
|
|t:|1757952135
|move|p1a: Zamazenta|Close Combat|p2a: Terminator
|-supereffective|p2a: Terminator
|-damage|p2a: Terminator|0 fnt
|-unboost|p1a: Zamazenta|def|1
|-unboost|p1a: Zamazenta|spd|1
|faint|p2a: Terminator
|-end|p2a: Terminator|Quark Drive|[silent]
|
|upkeep
|inactive|khoai3 has 120 seconds left.
|
|t:|1757952155
|switch|p2a: Pixie Dust|Enamorus, F|80/100
|turn|12
|
|t:|1757952160
|switch|p1a: Garganacl|Garganacl, F|77/100
|move|p2a: Pixie Dust|Moonblast|p1a: Garganacl
|-damage|p1a: Garganacl|41/100
|
|-heal|p1a: Garganacl|47/100|[from] item: Leftovers
|upkeep
|turn|13
|inactive|khoai3 has 120 seconds left.
|
|t:|1757952171
|-terastallize|p2a: Pixie Dust|Ground
|move|p2a: Pixie Dust|Moonblast|p1a: Garganacl
|-damage|p1a: Garganacl|14/100
|move|p1a: Garganacl|Recover|p1a: Garganacl
|-heal|p1a: Garganacl|64/100
|
|-heal|p1a: Garganacl|70/100|[from] item: Leftovers
|upkeep
|turn|14
|
|t:|1757952179
|move|p2a: Pixie Dust|Moonblast|p1a: Garganacl
|-damage|p1a: Garganacl|38/100
|-unboost|p1a: Garganacl|spa|1
|move|p1a: Garganacl|Salt Cure|p2a: Pixie Dust
|-resisted|p2a: Pixie Dust
|-damage|p2a: Pixie Dust|69/100
|-start|p2a: Pixie Dust|Salt Cure
|
|-heal|p1a: Garganacl|44/100|[from] item: Leftovers
|-damage|p2a: Pixie Dust|57/100|[from] Salt Cure
|upkeep
|turn|15
|
|t:|1757952187
|move|p2a: Pixie Dust|Moonblast|p1a: Garganacl
|-damage|p1a: Garganacl|11/100
|move|p1a: Garganacl|Recover|p1a: Garganacl
|-heal|p1a: Garganacl|61/100
|
|-heal|p1a: Garganacl|67/100|[from] item: Leftovers
|-damage|p2a: Pixie Dust|44/100|[from] Salt Cure
|upkeep
|turn|16
|
|t:|1757952196
|switch|p1a: Iron Treads|Iron Treads|83/100
|move|p2a: Pixie Dust|Moonblast|p1a: Iron Treads
|-resisted|p1a: Iron Treads
|-damage|p1a: Iron Treads|63/100
|
|-heal|p1a: Iron Treads|69/100|[from] item: Leftovers
|-damage|p2a: Pixie Dust|32/100|[from] Salt Cure
|upkeep
|turn|17
|
|t:|1757952202
|switch|p2a: Roaming Sea|Samurott-Hisui, F|100/100
|move|p1a: Iron Treads|Stealth Rock|p2a: Roaming Sea
|-sidestart|p2: khoai3|move: Stealth Rock
|
|-heal|p1a: Iron Treads|76/100|[from] item: Leftovers
|upkeep
|turn|18
|
|t:|1757952211
|move|p1a: Iron Treads|Rapid Spin|p2a: Roaming Sea
|-damage|p2a: Roaming Sea|87/100
|-boost|p1a: Iron Treads|spe|1
|-damage|p1a: Iron Treads|59/100|[from] item: Rocky Helmet|[of] p2a: Roaming Sea
|move|p2a: Roaming Sea|Ceaseless Edge|p1a: Iron Treads
|-damage|p1a: Iron Treads|25/100
|-sidestart|p1: NEZK025|Spikes
|
|-heal|p1a: Iron Treads|31/100|[from] item: Leftovers
|upkeep
|turn|19
|
|t:|1757952220
|move|p1a: Iron Treads|Rapid Spin|p2a: Roaming Sea
|-damage|p2a: Roaming Sea|74/100
|-boost|p1a: Iron Treads|spe|1
|-damage|p1a: Iron Treads|14/100|[from] item: Rocky Helmet|[of] p2a: Roaming Sea
|-sideend|p1: NEZK025|Spikes|[from] move: Rapid Spin|[of] p1a: Iron Treads
|move|p2a: Roaming Sea|Swords Dance|p2a: Roaming Sea
|-boost|p2a: Roaming Sea|atk|2
|
|-heal|p1a: Iron Treads|20/100|[from] item: Leftovers
|upkeep
|turn|20
|
|t:|1757952235
|move|p1a: Iron Treads|Earthquake|p2a: Roaming Sea
|-damage|p2a: Roaming Sea|31/100
|move|p2a: Roaming Sea|Aqua Cutter|p1a: Iron Treads
|-supereffective|p1a: Iron Treads
|-damage|p1a: Iron Treads|0 fnt
|faint|p1a: Iron Treads
|-end|p1a: Iron Treads|Quark Drive|[silent]
|
|upkeep
|
|t:|1757952254
|switch|p1a: Zamazenta|Zamazenta|100/100
|turn|21
|
|t:|1757952262
|move|p2a: Roaming Sea|Sucker Punch|p1a: Zamazenta
|-resisted|p1a: Zamazenta
|-damage|p1a: Zamazenta|68/100
|move|p1a: Zamazenta|Close Combat|p2a: Roaming Sea
|-supereffective|p2a: Roaming Sea
|-damage|p2a: Roaming Sea|0 fnt
|-unboost|p1a: Zamazenta|def|1
|-unboost|p1a: Zamazenta|spd|1
|-damage|p1a: Zamazenta|51/100|[from] item: Rocky Helmet|[of] p2a: Roaming Sea
|faint|p2a: Roaming Sea
|
|upkeep
|
|t:|1757952274
|switch|p2a: Pixie Dust|Enamorus, F, tera:Ground|32/100
|-damage|p2a: Pixie Dust|26/100|[from] Stealth Rock
|turn|22
|
|t:|1757952285
|switch|p1a: Moltres|Moltres|100/100
|move|p2a: Pixie Dust|Moonblast|p1a: Moltres
|-resisted|p1a: Moltres
|-damage|p1a: Moltres|78/100
|
|upkeep
|turn|23
|
|t:|1757952293
|switch|p2a: Ivy Fury|Ogerpon-Wellspring, F|51/100
|-damage|p2a: Ivy Fury|39/100|[from] Stealth Rock
|move|p1a: Moltres|Roost|p1a: Moltres
|-heal|p1a: Moltres|100/100
|-singleturn|p1a: Moltres|move: Roost
|
|upkeep
|turn|24
|
|t:|1757952315
|switch|p1a: Dragapult|Dragapult, F|62/100
|move|p2a: Ivy Fury|Ivy Cudgel|p1a: Dragapult|[anim] Ivy Cudgel Water
|-resisted|p1a: Dragapult
|-damage|p1a: Dragapult|23/100
|
|upkeep
|turn|25
|
|t:|1757952326
|switch|p2a: The Bullet Slinger|Scizor, M|61/100
|-damage|p2a: The Bullet Slinger|49/100|[from] Stealth Rock
|move|p1a: Dragapult|U-turn|p2a: The Bullet Slinger
|-resisted|p2a: The Bullet Slinger
|-damage|p2a: The Bullet Slinger|41/100
|
|t:|1757952334
|switch|p1a: Moltres|Moltres|100/100|[from] U-turn
|
|upkeep
|turn|26
|
|t:|1757952341
|switch|p2a: Starry Night|Dragapult, M|68/100
|-damage|p2a: Starry Night|56/100|[from] Stealth Rock
|move|p1a: Moltres|Flamethrower|p2a: Starry Night
|-resisted|p2a: Starry Night
|-damage|p2a: Starry Night|32/100
|
|upkeep
|turn|27
|
|t:|1757952351
|move|p2a: Starry Night|Draco Meteor|p1a: Moltres
|-damage|p1a: Moltres|31/100
|-unboost|p2a: Starry Night|spa|2
|move|p1a: Moltres|Flamethrower|p2a: Starry Night
|-resisted|p2a: Starry Night
|-damage|p2a: Starry Night|8/100
|
|upkeep
|turn|28
|
|t:|1757952373
|switch|p1a: Garganacl|Garganacl, F|67/100
|move|p2a: Starry Night|Draco Meteor|p1a: Garganacl
|-damage|p1a: Garganacl|40/100
|-unboost|p2a: Starry Night|spa|2
|
|-heal|p1a: Garganacl|46/100|[from] item: Leftovers
|upkeep
|turn|29
|
|t:|1757952384
|switch|p2a: The Bullet Slinger|Scizor, M|41/100
|-damage|p2a: The Bullet Slinger|29/100|[from] Stealth Rock
|switch|p1a: Dragapult|Dragapult, F|23/100
|
|upkeep
|turn|30
|
|t:|1757952401
|move|p2a: The Bullet Slinger|Bullet Punch|p1a: Dragapult
|-damage|p1a: Dragapult|0 fnt
|faint|p1a: Dragapult
|
|upkeep
|
|t:|1757952405
|switch|p1a: Zamazenta|Zamazenta|51/100
|turn|31
|
|t:|1757952413
|move|p2a: The Bullet Slinger|Bullet Punch|p1a: Zamazenta
|-damage|p1a: Zamazenta|0 fnt
|faint|p1a: Zamazenta
|
|upkeep
|
|t:|1757952416
|switch|p1a: Moltres|Moltres|31/100
|turn|32
|
|t:|1757952436
|switch|p2a: Ivy Fury|Ogerpon-Wellspring, F|39/100
|-damage|p2a: Ivy Fury|27/100|[from] Stealth Rock
|move|p1a: Moltres|Roost|p1a: Moltres
|-heal|p1a: Moltres|81/100
|-singleturn|p1a: Moltres|move: Roost
|
|upkeep
|turn|33
|
|t:|1757952442
|move|p2a: Ivy Fury|Ivy Cudgel|p1a: Moltres|[anim] Ivy Cudgel Water
|-supereffective|p1a: Moltres
|-damage|p1a: Moltres|0 fnt
|faint|p1a: Moltres
|
|upkeep
|
|t:|1757952446
|switch|p1a: Garganacl|Garganacl, F|46/100
|turn|34
|
|t:|1757952449
|-terastallize|p1a: Garganacl|Electric
|move|p2a: Ivy Fury|Ivy Cudgel|p1a: Garganacl|[anim] Ivy Cudgel Water
|-damage|p1a: Garganacl|4/100
|move|p1a: Garganacl|Iron Defense|p1a: Garganacl
|-boost|p1a: Garganacl|def|2
|
|-heal|p1a: Garganacl|11/100|[from] item: Leftovers
|upkeep
|turn|35
|
|t:|1757952454
|move|p2a: Ivy Fury|Ivy Cudgel|p1a: Garganacl|[anim] Ivy Cudgel Water
|-damage|p1a: Garganacl|0 fnt
|faint|p1a: Garganacl
|
|win|khoai3
|raw|NEZK025's rating: 1561 &rarr; <strong>1542</strong><br />(-19 for losing)
|raw|khoai3's rating: 1575 &rarr; <strong>1594</strong><br />(+19 for winning)
