|j|☆Legaccyd
|j|☆Ostenberg
|t:|1757796850
|gametype|singles
|player|p1|Legaccyd|lucas|1087
|player|p2|Ostenberg|1|1118
|gen|9
|tier|[Gen 9] OU
|rated|
|rule|HP Percentage Mod: HP is shown in percentages
|rule|Endless Battle Clause: Forcing endless battles is banned
|rule|Species Clause: Limit one of each Pokémon
|rule|OHKO Clause: OHKO moves are banned
|rule|Evasion Items Clause: Evasion items are banned
|rule|Evasion Moves Clause: Evasion moves are banned
|rule|Evasion Abilities Clause: Evasion abilities are banned
|rule|Sleep Moves Clause: Sleep-inducing moves are banned
|clearpoke
|poke|p1|Emboar, M|
|poke|p1|Manaphy|
|poke|p1|Zangoose, M|
|poke|p1|Corviknight, M|
|poke|p1|Lokix, M|
|poke|p1|Hoopa-Unbound|
|poke|p2|Serperior, F|
|poke|p2|Dragonite, M|
|poke|p2|Metagross|
|poke|p2|Gyarados, M|
|poke|p2|Blaziken, M|
|poke|p2|Scizor, F|
|teampreview
|
|t:|1757796886
|teamsize|p1|6
|teamsize|p2|6
|start
|switch|p1a: Lokix|Lokix, M|100/100
|switch|p2a: Metagross|Metagross|100/100
|turn|1
|
|t:|1757796905
|switch|p2a: Dragonite|Dragonite, M|100/100
|move|p1a: Lokix|U-turn|p2a: Dragonite
|-resisted|p2a: Dragonite
|-damage|p2a: Dragonite|79/100
|-damage|p1a: Lokix|84/100|[from] item: Rocky Helmet|[of] p2a: Dragonite
|
|t:|1757796912
|switch|p1a: Manaphy|Manaphy|100/100|[from] U-turn
|
|upkeep
|turn|2
|
|t:|1757796943
|switch|p2a: Metagross|Metagross|100/100
|move|p1a: Manaphy|Ice Beam|p2a: Metagross
|-resisted|p2a: Metagross
|-damage|p2a: Metagross|87/100
|
|upkeep
|turn|3
|
|t:|1757796954
|move|p1a: Manaphy|Tail Glow|p1a: Manaphy
|-boost|p1a: Manaphy|spa|3
|move|p2a: Metagross|Knock Off|p1a: Manaphy
|-damage|p1a: Manaphy|64/100
|-enditem|p1a: Manaphy|Leftovers|[from] move: Knock Off|[of] p2a: Metagross
|
|upkeep
|turn|4
|
|t:|1757796963
|move|p1a: Manaphy|Surf|p2a: Metagross
|-damage|p2a: Metagross|0 fnt
|faint|p2a: Metagross
|
|upkeep
|
|t:|1757796980
|switch|p2a: Serperior|Serperior, F|100/100
|turn|5
|
|t:|1757796991
|switch|p1a: Corviknight|Corviknight, M|100/100
|move|p2a: Serperior|Leaf Storm|p1a: Corviknight
|-resisted|p1a: Corviknight
|-damage|p1a: Corviknight|90/100
|-boost|p2a: Serperior|spa|2
|
|upkeep
|turn|6
|
|t:|1757796999
|move|p2a: Serperior|Leaf Storm|p1a: Corviknight
|-resisted|p1a: Corviknight
|-damage|p1a: Corviknight|69/100
|-boost|p2a: Serperior|spa|2
|move|p1a: Corviknight|Taunt|p2a: Serperior
|-start|p2a: Serperior|move: Taunt
|
|upkeep
|turn|7
|
|t:|1757797012
|move|p2a: Serperior|Leaf Storm|p1a: Corviknight
|-resisted|p1a: Corviknight
|-damage|p1a: Corviknight|40/100
|-boost|p2a: Serperior|spa|2
|move|p1a: Corviknight|Roost|p1a: Corviknight
|-heal|p1a: Corviknight|90/100
|-singleturn|p1a: Corviknight|move: Roost
|
|upkeep
|turn|8
|
|t:|1757797022
|move|p2a: Serperior|Leaf Storm|p1a: Corviknight
|-resisted|p1a: Corviknight
|-damage|p1a: Corviknight|51/100
|move|p1a: Corviknight|Body Press|p2a: Serperior
|-damage|p2a: Serperior|72/100
|
|upkeep
|turn|9
|
|t:|1757797037
|switch|p1a: Emboar|Emboar, M|100/100
|move|p2a: Serperior|Leaf Storm|p1a: Emboar
|-resisted|p1a: Emboar
|-damage|p1a: Emboar|12/100
|
|-end|p2a: Serperior|move: Taunt
|upkeep
|turn|10
|
|t:|1757797048
|move|p2a: Serperior|Giga Drain|p1a: Emboar
|-resisted|p1a: Emboar
|-damage|p1a: Emboar|0 fnt
|-heal|p2a: Serperior|80/100|[from] drain|[of] p1a: Emboar
|faint|p1a: Emboar
|
|upkeep
|
|t:|1757797050
|switch|p1a: Lokix|Lokix, M|84/100
|turn|11
|
|t:|1757797066
|move|p1a: Lokix|First Impression|p2a: Serperior
|-supereffective|p2a: Serperior
|-damage|p2a: Serperior|0 fnt
|faint|p2a: Serperior
|
|upkeep
|
|t:|1757797081
|switch|p2a: Blaziken|Blaziken, M|100/100
|turn|12
|
|t:|1757797093
|switch|p1a: Hoopa|Hoopa-Unbound|100/100
|move|p2a: Blaziken|Protect||[still]
|-fail|p2a: Blaziken
|
|-ability|p2a: Blaziken|Speed Boost|boost
|-boost|p2a: Blaziken|spe|1
|upkeep
|turn|13
|
|t:|1757797122
|-terastallize|p1a: Hoopa|Psychic
|move|p2a: Blaziken|Swords Dance|p2a: Blaziken
|-boost|p2a: Blaziken|atk|2
|move|p1a: Hoopa|Zen Headbutt|p2a: Blaziken
|-supereffective|p2a: Blaziken
|-enditem|p2a: Blaziken|Focus Sash
|-damage|p2a: Blaziken|1/100
|
|-ability|p2a: Blaziken|Speed Boost|boost
|-boost|p2a: Blaziken|spe|1
|upkeep
|turn|14
|
|t:|1757797134
|switch|p1a: Manaphy|Manaphy|64/100
|move|p2a: Blaziken|Blaze Kick|p1a: Manaphy
|-resisted|p1a: Manaphy
|-crit|p1a: Manaphy
|-damage|p1a: Manaphy|2/100
|
|-ability|p2a: Blaziken|Speed Boost|boost
|-boost|p2a: Blaziken|spe|1
|upkeep
|turn|15
|
|t:|1757797150
|move|p2a: Blaziken|Protect|p2a: Blaziken
|-singleturn|p2a: Blaziken|Protect
|move|p1a: Manaphy|Ice Beam|p2a: Blaziken
|-activate|p2a: Blaziken|move: Protect
|
|-ability|p2a: Blaziken|Speed Boost|boost
|-boost|p2a: Blaziken|spe|1
|upkeep
|turn|16
|
|t:|1757797161
|move|p2a: Blaziken|Close Combat|p1a: Manaphy
|-damage|p1a: Manaphy|0 fnt
|-unboost|p2a: Blaziken|def|1
|-unboost|p2a: Blaziken|spd|1
|faint|p1a: Manaphy
|
|-ability|p2a: Blaziken|Speed Boost|boost
|-boost|p2a: Blaziken|spe|1
|upkeep
|
|t:|1757797169
|switch|p1a: Zangoose|Zangoose, M|100/100
|turn|17
|
|t:|1757797190
|move|p2a: Blaziken|Protect|p2a: Blaziken
|-singleturn|p2a: Blaziken|Protect
|move|p1a: Zangoose|Quick Attack|p2a: Blaziken
|-activate|p2a: Blaziken|move: Protect
|
|-ability|p2a: Blaziken|Speed Boost|boost
|-boost|p2a: Blaziken|spe|1
|-status|p1a: Zangoose|tox|[from] item: Toxic Orb
|upkeep
|turn|18
|
|t:|1757797206
|switch|p2a: Scizor|Scizor, F|100/100
|move|p1a: Zangoose|Quick Attack|p2a: Scizor
|-resisted|p2a: Scizor
|-damage|p2a: Scizor|86/100
|-damage|p1a: Zangoose|84/100 tox|[from] item: Rocky Helmet|[of] p2a: Scizor
|
|-damage|p1a: Zangoose|78/100 tox|[from] psn
|upkeep
|turn|19
|
|t:|1757797217
|move|p1a: Zangoose|Close Combat|p2a: Scizor
|-damage|p2a: Scizor|32/100
|-unboost|p1a: Zangoose|def|1
|-unboost|p1a: Zangoose|spd|1
|-damage|p1a: Zangoose|62/100 tox|[from] item: Rocky Helmet|[of] p2a: Scizor
|move|p2a: Scizor|Swords Dance|p2a: Scizor
|-boost|p2a: Scizor|atk|2
|
|-damage|p1a: Zangoose|50/100 tox|[from] psn
|upkeep
|turn|20
|
|t:|1757797232
|move|p1a: Zangoose|Quick Attack|p2a: Scizor
|-resisted|p2a: Scizor
|-damage|p2a: Scizor|19/100
|-damage|p1a: Zangoose|34/100 tox|[from] item: Rocky Helmet|[of] p2a: Scizor
|move|p2a: Scizor|Bullet Punch|p1a: Zangoose
|-damage|p1a: Zangoose|0 fnt
|faint|p1a: Zangoose
|
|upkeep
|
|t:|1757797239
|switch|p1a: Corviknight|Corviknight, M|51/100
|turn|21
|
|t:|1757797248
|switch|p2a: Blaziken|Blaziken, M|1/100
|move|p1a: Corviknight|Roost|p1a: Corviknight
|-heal|p1a: Corviknight|100/100
|-singleturn|p1a: Corviknight|move: Roost
|
|upkeep
|turn|22
|
|t:|1757797268
|move|p2a: Blaziken|Protect|p2a: Blaziken
|-singleturn|p2a: Blaziken|Protect
|move|p1a: Corviknight|Body Press|p2a: Blaziken
|-activate|p2a: Blaziken|move: Protect
|
|-ability|p2a: Blaziken|Speed Boost|boost
|-boost|p2a: Blaziken|spe|1
|upkeep
|turn|23
|
|t:|1757797288
|move|p2a: Blaziken|Blaze Kick|p1a: Corviknight
|-supereffective|p1a: Corviknight
|-damage|p1a: Corviknight|42/100
|-damage|p2a: Blaziken|0 fnt|[from] item: Rocky Helmet|[of] p1a: Corviknight
|faint|p2a: Blaziken
|move|p1a: Corviknight|Roost|p1a: Corviknight
|-heal|p1a: Corviknight|92/100
|-singleturn|p1a: Corviknight|move: Roost
|
|upkeep
|
|t:|1757797326
|switch|p2a: Dragonite|Dragonite, M|79/100
|turn|24
|
|t:|1757797332
|move|p2a: Dragonite|Roost|p2a: Dragonite
|-heal|p2a: Dragonite|100/100
|-singleturn|p2a: Dragonite|move: Roost
|move|p1a: Corviknight|Taunt|p2a: Dragonite
|-start|p2a: Dragonite|move: Taunt
|
|upkeep
|turn|25
|-message|Ostenberg forfeited.
|
|win|Legaccyd
|raw|Legaccyd's rating: 1087 &rarr; <strong>1116</strong><br />(+29 for winning)
|raw|Ostenberg's rating: 1118 &rarr; <strong>1091</strong><br />(-27 for losing)
|l|☆Ostenberg
|player|p2|
|l|☆Legaccyd
|player|p1|
