|j|☆yungwizop
|j|☆cro$$w1n
|t:|1757808709
|gametype|singles
|player|p1|yungwizop|burglar|1275
|player|p2|cro$$w1n|266|1338
|gen|9
|tier|[Gen 9] OU
|rated|
|rule|HP Percentage Mod: HP is shown in percentages
|rule|Endless Battle Clause: Forcing endless battles is banned
|rule|Species Clause: Limit one of each Pokémon
|rule|OHKO Clause: OHKO moves are banned
|rule|Evasion Items Clause: Evasion items are banned
|rule|Evasion Moves Clause: Evasion moves are banned
|rule|Evasion Abilities Clause: Evasion abilities are banned
|rule|Sleep Moves Clause: Sleep-inducing moves are banned
|clearpoke
|poke|p1|Orthworm, F|
|poke|p1|Slowking, M|
|poke|p1|Pecharunt|
|poke|p1|Enamorus, F|
|poke|p1|Donphan, F|
|poke|p1|Zamazenta-*|
|poke|p2|Incineroar, F|
|poke|p2|Blissey, F|
|poke|p2|Garganacl, M|
|poke|p2|Garchomp, F|
|poke|p2|Mimikyu, F|
|poke|p2|Forretress, F|
|teampreview
|
|t:|1757808723
|teamsize|p1|6
|teamsize|p2|6
|start
|switch|p1a: Orthworm|Orthworm, F|100/100
|switch|p2a: Turbo|Garchomp, F|100/100
|turn|1
|inactive|Battle timer is ON: inactive players will automatically lose when time's up. (requested by yungwizop)
|
|t:|1757808731
|move|p2a: Turbo|Earth Power|p1a: Orthworm
|-immune|p1a: Orthworm|[from] ability: Earth Eater
|move|p1a: Orthworm|Stealth Rock|p2a: Turbo
|-sidestart|p2: cro$$w1n|move: Stealth Rock
|
|upkeep
|turn|2
|
|t:|1757808739
|move|p2a: Turbo|Earth Power|p1a: Orthworm
|-immune|p1a: Orthworm|[from] ability: Earth Eater
|move|p1a: Orthworm|Coil|p1a: Orthworm
|-boost|p1a: Orthworm|atk|1
|-boost|p1a: Orthworm|def|1
|-boost|p1a: Orthworm|accuracy|1
|
|upkeep
|turn|3
|
|t:|1757808748
|move|p2a: Turbo|Fire Blast|p1a: Orthworm|[miss]
|-miss|p2a: Turbo|p1a: Orthworm
|move|p1a: Orthworm|Coil|p1a: Orthworm
|-boost|p1a: Orthworm|atk|1
|-boost|p1a: Orthworm|def|1
|-boost|p1a: Orthworm|accuracy|1
|
|upkeep
|turn|4
|
|t:|1757808759
|move|p2a: Turbo|Fire Blast|p1a: Orthworm|[miss]
|-miss|p2a: Turbo|p1a: Orthworm
|move|p1a: Orthworm|Body Press|p2a: Turbo
|-damage|p2a: Turbo|53/100
|-damage|p1a: Orthworm|88/100|[from] ability: Rough Skin|[of] p2a: Turbo
|-damage|p1a: Orthworm|71/100|[from] item: Rocky Helmet|[of] p2a: Turbo
|
|-heal|p1a: Orthworm|78/100|[from] item: Leftovers
|upkeep
|turn|5
|c|☆cro$$w1n|Fml
|
|t:|1757808773
|switch|p1a: Donphan|Donphan, F|100/100
|move|p2a: Turbo|Fire Blast|p1a: Donphan
|-crit|p1a: Donphan
|-damage|p1a: Donphan|72/100
|
|upkeep
|turn|6
|
|t:|1757808783
|move|p2a: Turbo|Draco Meteor|p1a: Donphan
|-damage|p1a: Donphan|40/100
|-unboost|p2a: Turbo|spa|2
|move|p1a: Donphan|Knock Off|p2a: Turbo
|-damage|p2a: Turbo|25/100
|-damage|p1a: Donphan|28/100|[from] ability: Rough Skin|[of] p2a: Turbo
|-damage|p1a: Donphan|11/100|[from] item: Rocky Helmet|[of] p2a: Turbo
|-enditem|p2a: Turbo|Rocky Helmet|[from] move: Knock Off|[of] p1a: Donphan
|
|upkeep
|turn|7
|
|t:|1757808795
|move|p1a: Donphan|Ice Shard|p2a: Turbo
|-supereffective|p2a: Turbo
|-damage|p2a: Turbo|0 fnt
|faint|p2a: Turbo
|
|upkeep
|
|t:|1757808805
|switch|p2a: Larry|Forretress, F|100/100
|turn|8
|
|t:|1757808809
|switch|p1a: Pecharunt|Pecharunt|100/100
|move|p2a: Larry|Stealth Rock|p1a: Pecharunt
|-sidestart|p1: yungwizop|move: Stealth Rock
|
|upkeep
|turn|9
|
|t:|1757808817
|switch|p2a: Ink|Incineroar, F, shiny|100/100
|-ability|p2a: Ink|Intimidate|boost
|-unboost|p1a: Pecharunt|atk|1
|move|p1a: Pecharunt|Shadow Ball|p2a: Ink
|-resisted|p2a: Ink
|-damage|p2a: Ink|84/100
|
|upkeep
|turn|10
|
|t:|1757808827
|move|p1a: Pecharunt|Parting Shot|p2a: Ink
|-unboost|p2a: Ink|atk|1
|-unboost|p2a: Ink|spa|1
|
|t:|1757808838
|switch|p1a: Donphan|Donphan, F|11/100|[from] Parting Shot
|-damage|p1a: Donphan|5/100|[from] Stealth Rock
|move|p2a: Ink|U-turn|p1a: Donphan
|-damage|p1a: Donphan|0 fnt
|faint|p1a: Donphan
|
|t:|1757808852
|switch|p2a: Larry|Forretress, F|100/100|[from] U-turn
|
|upkeep
|
|t:|1757808872
|switch|p1a: Orthworm|Orthworm, F|78/100
|-damage|p1a: Orthworm|71/100|[from] Stealth Rock
|turn|11
|
|t:|1757808884
|move|p1a: Orthworm|Coil|p1a: Orthworm
|-boost|p1a: Orthworm|atk|1
|-boost|p1a: Orthworm|def|1
|-boost|p1a: Orthworm|accuracy|1
|move|p2a: Larry|Spikes|p1a: Orthworm
|-sidestart|p1: yungwizop|Spikes
|
|-heal|p1a: Orthworm|78/100|[from] item: Leftovers
|upkeep
|turn|12
|
|t:|1757808894
|move|p1a: Orthworm|Coil|p1a: Orthworm
|-boost|p1a: Orthworm|atk|1
|-boost|p1a: Orthworm|def|1
|-boost|p1a: Orthworm|accuracy|1
|move|p2a: Larry|Rapid Spin|p1a: Orthworm
|-resisted|p1a: Orthworm
|-damage|p1a: Orthworm|76/100
|-boost|p2a: Larry|spe|1
|-sideend|p2: cro$$w1n|Stealth Rock|[from] move: Rapid Spin|[of] p2a: Larry
|
|-heal|p1a: Orthworm|82/100|[from] item: Leftovers
|upkeep
|turn|13
|
|t:|1757808906
|switch|p2a: Sith|Mimikyu, F, shiny|100/100
|move|p1a: Orthworm|Coil|p1a: Orthworm
|-boost|p1a: Orthworm|atk|1
|-boost|p1a: Orthworm|def|1
|-boost|p1a: Orthworm|accuracy|1
|
|-heal|p1a: Orthworm|88/100|[from] item: Leftovers
|upkeep
|turn|14
|
|t:|1757808915
|move|p2a: Sith|Curse|p1a: Orthworm
|-start|p1a: Orthworm|Curse|[of] p2a: Sith
|-damage|p2a: Sith|50/100
|move|p1a: Orthworm|Heavy Slam|p2a: Sith
|-activate|p2a: Sith|ability: Disguise
|-damage|p2a: Sith|50/100
|detailschange|p2a: Sith|Mimikyu-Busted, F, shiny
|-damage|p2a: Sith|38/100|[from] pokemon: Mimikyu-Busted
|
|-heal|p2a: Sith|44/100|[from] item: Leftovers
|-heal|p1a: Orthworm|94/100|[from] item: Leftovers
|-damage|p1a: Orthworm|69/100|[from] Curse
|upkeep
|turn|15
|
|t:|1757808929
|switch|p1a: Pecharunt|Pecharunt|100/100
|move|p2a: Sith|Substitute|p2a: Sith
|-start|p2a: Sith|Substitute
|-damage|p2a: Sith|19/100
|
|-heal|p2a: Sith|25/100|[from] item: Leftovers
|upkeep
|turn|16
|
|t:|1757808937
|move|p2a: Sith|Pain Split|p1a: Pecharunt
|-sethp|p1a: Pecharunt|62/100|[from] move: Pain Split|[silent]
|-sethp|p2a: Sith|65/100|[from] move: Pain Split
|move|p1a: Pecharunt|Shadow Ball|p2a: Sith
|-supereffective|p2a: Sith
|-end|p2a: Sith|Substitute
|
|-heal|p2a: Sith|71/100|[from] item: Leftovers
|upkeep
|turn|17
|
|t:|1757808948
|switch|p2a: bunK|Blissey, F|100/100
|move|p1a: Pecharunt|Shadow Ball|p2a: bunK
|-immune|p2a: bunK
|
|upkeep
|turn|18
|
|t:|1757808960
|move|p1a: Pecharunt|Malignant Chain|p2a: bunK
|-damage|p2a: bunK|88/100
|-status|p2a: bunK|tox
|-start|p2a: bunK|confusion|[from] ability: Poison Puppeteer|[of] p1a: Pecharunt
|-activate|p2a: bunK|confusion
|move|p2a: bunK|Shadow Ball|p1a: Pecharunt
|-supereffective|p1a: Pecharunt
|-damage|p1a: Pecharunt|26/100
|
|-heal|p2a: bunK|94/100 tox|[from] item: Leftovers
|-damage|p2a: bunK|88/100 tox|[from] psn
|upkeep
|turn|19
|
|t:|1757808976
|-curestatus|p2a: bunK|tox|[from] ability: Natural Cure
|switch|p2a: Ink|Incineroar, F, shiny|84/100
|-ability|p2a: Ink|Intimidate|boost
|-unboost|p1a: Pecharunt|atk|1
|move|p1a: Pecharunt|Recover|p1a: Pecharunt
|-heal|p1a: Pecharunt|76/100
|
|upkeep
|turn|20
|
|t:|1757808989
|move|p1a: Pecharunt|Parting Shot|p2a: Ink
|-unboost|p2a: Ink|atk|1
|-unboost|p2a: Ink|spa|1
|
|t:|1757808995
|switch|p1a: Zamazenta|Zamazenta|100/100|[from] Parting Shot
|-damage|p1a: Zamazenta|95/100|[from] Stealth Rock
|-damage|p1a: Zamazenta|82/100|[from] Spikes
|-ability|p1a: Zamazenta|Dauntless Shield|boost
|-boost|p1a: Zamazenta|def|1
|move|p2a: Ink|Will-O-Wisp|p1a: Zamazenta
|-status|p1a: Zamazenta|brn
|
|-heal|p1a: Zamazenta|88/100 brn|[from] item: Leftovers
|-damage|p1a: Zamazenta|82/100 brn|[from] brn
|upkeep
|turn|21
|
|t:|1757809010
|switch|p2a: Sith|Mimikyu-Busted, F, shiny|71/100
|move|p1a: Zamazenta|Iron Defense|p1a: Zamazenta
|-boost|p1a: Zamazenta|def|2
|
|-heal|p1a: Zamazenta|88/100 brn|[from] item: Leftovers
|-heal|p2a: Sith|77/100|[from] item: Leftovers
|-damage|p1a: Zamazenta|82/100 brn|[from] brn
|upkeep
|turn|22
|
|t:|1757809021
|move|p1a: Zamazenta|Heavy Slam|p2a: Sith
|-supereffective|p2a: Sith
|-damage|p2a: Sith|25/100
|move|p2a: Sith|Substitute|p2a: Sith
|-fail|p2a: Sith|move: Substitute|[weak]
|
|-heal|p1a: Zamazenta|88/100 brn|[from] item: Leftovers
|-heal|p2a: Sith|31/100|[from] item: Leftovers
|-damage|p1a: Zamazenta|82/100 brn|[from] brn
|upkeep
|turn|23
|
|t:|1757809032
|switch|p2a: Ink|Incineroar, F, shiny|84/100
|-ability|p2a: Ink|Intimidate|boost
|-unboost|p1a: Zamazenta|atk|1
|move|p1a: Zamazenta|Heavy Slam|p2a: Ink
|-resisted|p2a: Ink
|-damage|p2a: Ink|82/100
|
|-heal|p1a: Zamazenta|88/100 brn|[from] item: Leftovers
|-damage|p1a: Zamazenta|82/100 brn|[from] brn
|upkeep
|turn|24
|
|t:|1757809044
|move|p1a: Zamazenta|Body Press|p2a: Ink
|-supereffective|p2a: Ink
|-damage|p2a: Ink|23/100
|move|p2a: Ink|Knock Off|p1a: Zamazenta
|-resisted|p1a: Zamazenta
|-damage|p1a: Zamazenta|75/100 brn
|-enditem|p1a: Zamazenta|Leftovers|[from] move: Knock Off|[of] p2a: Ink
|
|-damage|p1a: Zamazenta|69/100 brn|[from] brn
|upkeep
|turn|25
|
|t:|1757809054
|move|p1a: Zamazenta|Body Press|p2a: Ink
|-supereffective|p2a: Ink
|-damage|p2a: Ink|0 fnt
|faint|p2a: Ink
|
|-damage|p1a: Zamazenta|63/100 brn|[from] brn
|upkeep
|
|t:|1757809063
|switch|p2a: Fubar|Garganacl, M|100/100
|turn|26
|
|t:|1757809073
|-terastallize|p2a: Fubar|Ghost
|move|p1a: Zamazenta|Body Press|p2a: Fubar
|-immune|p2a: Fubar
|move|p2a: Fubar|Substitute|p2a: Fubar
|-start|p2a: Fubar|Substitute
|-damage|p2a: Fubar|76/100
|
|-heal|p2a: Fubar|82/100|[from] item: Leftovers
|-damage|p1a: Zamazenta|57/100 brn|[from] brn
|upkeep
|turn|27
|
|t:|1757809085
|switch|p1a: Slowking|Slowking, M|100/100
|move|p2a: Fubar|Salt Cure|p1a: Slowking
|-damage|p1a: Slowking|86/100
|-start|p1a: Slowking|Salt Cure
|
|-heal|p2a: Fubar|88/100|[from] item: Leftovers
|-damage|p1a: Slowking|61/100|[from] Salt Cure
|upkeep
|turn|28
|
|t:|1757809095
|move|p2a: Fubar|Protect|p2a: Fubar
|-singleturn|p2a: Fubar|Protect
|move|p1a: Slowking|Future Sight|p2a: Fubar
|-start|p1a: Slowking|move: Future Sight
|
|-heal|p2a: Fubar|94/100|[from] item: Leftovers
|-damage|p1a: Slowking|36/100|[from] Salt Cure
|upkeep
|turn|29
|
|t:|1757809105
|move|p2a: Fubar|Substitute|p2a: Fubar
|-fail|p2a: Fubar|move: Substitute
|move|p1a: Slowking|Scald|p2a: Fubar
|-activate|p2a: Fubar|move: Substitute|[damage]
|
|-heal|p2a: Fubar|99/100|[from] item: Leftovers
|-damage|p1a: Slowking|11/100|[from] Salt Cure
|upkeep
|turn|30
|
|t:|1757809116
|switch|p1a: Pecharunt|Pecharunt|76/100
|move|p2a: Fubar|Protect||[still]
|-fail|p2a: Fubar
|
|-end|p2a: Fubar|move: Future Sight
|-end|p2a: Fubar|Substitute
|-heal|p2a: Fubar|100/100|[from] item: Leftovers
|upkeep
|turn|31
|
|t:|1757809128
|move|p1a: Pecharunt|Shadow Ball|p2a: Fubar
|-supereffective|p2a: Fubar
|-damage|p2a: Fubar|72/100
|move|p2a: Fubar|Substitute|p2a: Fubar
|-start|p2a: Fubar|Substitute
|-damage|p2a: Fubar|47/100
|
|-heal|p2a: Fubar|53/100|[from] item: Leftovers
|upkeep
|turn|32
|
|t:|1757809138
|move|p1a: Pecharunt|Shadow Ball|p2a: Fubar
|-supereffective|p2a: Fubar
|-end|p2a: Fubar|Substitute
|move|p2a: Fubar|Salt Cure|p1a: Pecharunt
|-damage|p1a: Pecharunt|65/100
|-start|p1a: Pecharunt|Salt Cure
|
|-heal|p2a: Fubar|59/100|[from] item: Leftovers
|-damage|p1a: Pecharunt|53/100|[from] Salt Cure
|upkeep
|turn|33
|
|t:|1757809149
|move|p2a: Fubar|Protect|p2a: Fubar
|-singleturn|p2a: Fubar|Protect
|move|p1a: Pecharunt|Shadow Ball|p2a: Fubar
|-activate|p2a: Fubar|move: Protect
|
|-heal|p2a: Fubar|65/100|[from] item: Leftovers
|-damage|p1a: Pecharunt|40/100|[from] Salt Cure
|upkeep
|turn|34
|
|t:|1757809161
|move|p1a: Pecharunt|Shadow Ball|p2a: Fubar
|-supereffective|p2a: Fubar
|-damage|p2a: Fubar|35/100
|move|p2a: Fubar|Recover|p2a: Fubar
|-heal|p2a: Fubar|85/100
|
|-heal|p2a: Fubar|91/100|[from] item: Leftovers
|-damage|p1a: Pecharunt|28/100|[from] Salt Cure
|upkeep
|turn|35
|
|t:|1757809174
|move|p1a: Pecharunt|Recover|p1a: Pecharunt
|-heal|p1a: Pecharunt|78/100
|move|p2a: Fubar|Substitute|p2a: Fubar
|-start|p2a: Fubar|Substitute
|-damage|p2a: Fubar|66/100
|
|-heal|p2a: Fubar|72/100|[from] item: Leftovers
|-damage|p1a: Pecharunt|65/100|[from] Salt Cure
|upkeep
|turn|36
|
|t:|1757809185
|switch|p1a: Slowking|Slowking, M|44/100
|move|p2a: Fubar|Protect||[still]
|-fail|p2a: Fubar
|
|-heal|p2a: Fubar|78/100|[from] item: Leftovers
|upkeep
|turn|37
|
|t:|1757809196
|move|p2a: Fubar|Salt Cure|p1a: Slowking
|-damage|p1a: Slowking|30/100
|-start|p1a: Slowking|Salt Cure
|move|p1a: Slowking|Future Sight|p2a: Fubar
|-start|p1a: Slowking|move: Future Sight
|
|-heal|p2a: Fubar|85/100|[from] item: Leftovers
|-damage|p1a: Slowking|5/100|[from] Salt Cure
|upkeep
|turn|38
|
|t:|1757809205
|switch|p1a: Pecharunt|Pecharunt|65/100
|move|p2a: Fubar|Salt Cure|p1a: Pecharunt
|-damage|p1a: Pecharunt|56/100
|-start|p1a: Pecharunt|Salt Cure
|
|-heal|p2a: Fubar|91/100|[from] item: Leftovers
|-damage|p1a: Pecharunt|44/100|[from] Salt Cure
|upkeep
|turn|39
|
|t:|1757809216
|move|p1a: Pecharunt|Recover|p1a: Pecharunt
|-heal|p1a: Pecharunt|94/100
|move|p2a: Fubar|Salt Cure|p1a: Pecharunt
|-damage|p1a: Pecharunt|84/100
|
|-end|p2a: Fubar|move: Future Sight
|-end|p2a: Fubar|Substitute
|-heal|p2a: Fubar|97/100|[from] item: Leftovers
|-damage|p1a: Pecharunt|72/100|[from] Salt Cure
|upkeep
|turn|40
|
|t:|1757809229
|move|p1a: Pecharunt|Parting Shot|p2a: Fubar
|-unboost|p2a: Fubar|atk|1
|-unboost|p2a: Fubar|spa|1
|
|t:|1757809232
|switch|p1a: Slowking|Slowking, M|38/100|[from] Parting Shot
|move|p2a: Fubar|Substitute|p2a: Fubar
|-start|p2a: Fubar|Substitute
|-damage|p2a: Fubar|72/100
|
|-heal|p2a: Fubar|78/100|[from] item: Leftovers
|upkeep
|turn|41
|
|t:|1757809243
|move|p2a: Fubar|Salt Cure|p1a: Slowking
|-damage|p1a: Slowking|29/100
|-start|p1a: Slowking|Salt Cure
|move|p1a: Slowking|Future Sight|p2a: Fubar
|-start|p1a: Slowking|move: Future Sight
|
|-heal|p2a: Fubar|84/100|[from] item: Leftovers
|-damage|p1a: Slowking|4/100|[from] Salt Cure
|upkeep
|turn|42
|
|t:|1757809263
|switch|p1a: Zamazenta|Zamazenta|57/100 brn
|-damage|p1a: Zamazenta|51/100 brn|[from] Stealth Rock
|-damage|p1a: Zamazenta|38/100 brn|[from] Spikes
|move|p2a: Fubar|Salt Cure|p1a: Zamazenta
|-resisted|p1a: Zamazenta
|-damage|p1a: Zamazenta|34/100 brn
|-start|p1a: Zamazenta|Salt Cure
|
|-heal|p2a: Fubar|90/100|[from] item: Leftovers
|-damage|p1a: Zamazenta|28/100 brn|[from] brn
|-damage|p1a: Zamazenta|16/100 brn|[from] Salt Cure
|upkeep
|turn|43
|
|t:|1757809279
|move|p1a: Zamazenta|Crunch|p2a: Fubar
|-supereffective|p2a: Fubar
|-activate|p2a: Fubar|move: Substitute|[damage]
|move|p2a: Fubar|Substitute|p2a: Fubar
|-fail|p2a: Fubar|move: Substitute
|
|-end|p2a: Fubar|move: Future Sight
|-end|p2a: Fubar|Substitute
|-heal|p2a: Fubar|96/100|[from] item: Leftovers
|-damage|p1a: Zamazenta|10/100 brn|[from] brn
|-damage|p1a: Zamazenta|0 fnt|[from] Salt Cure
|faint|p1a: Zamazenta
|upkeep
|
|t:|1757809288
|switch|p1a: Enamorus|Enamorus, F|100/100
|-damage|p1a: Enamorus|76/100|[from] Stealth Rock
|turn|44
|
|t:|1757809302
|-terastallize|p1a: Enamorus|Stellar
|move|p2a: Fubar|Protect|p2a: Fubar
|-singleturn|p2a: Fubar|Protect
|move|p1a: Enamorus|Tera Blast|p2a: Fubar|[anim] Tera Blast Stellar
|-activate|p2a: Fubar|move: Protect
|
|-heal|p2a: Fubar|100/100|[from] item: Leftovers
|upkeep
|turn|45
|
|t:|1757809313
|switch|p2a: bunK|Blissey, F|88/100
|move|p1a: Enamorus|Tera Blast|p2a: bunK|[anim] Tera Blast Stellar
|-damage|p2a: bunK|75/100
|-boost|p1a: Enamorus|atk|1
|-boost|p1a: Enamorus|spa|1
|
|-heal|p2a: bunK|81/100|[from] item: Leftovers
|upkeep
|turn|46
|
|t:|1757809323
|switch|p1a: Slowking|Slowking, M|37/100
|move|p2a: bunK|Seismic Toss|p1a: Slowking
|-damage|p1a: Slowking|12/100
|
|-heal|p2a: bunK|87/100|[from] item: Leftovers
|upkeep
|turn|47
|
|t:|1757809335
|switch|p1a: Pecharunt|Pecharunt|72/100
|move|p2a: bunK|Seismic Toss|p1a: Pecharunt
|-immune|p1a: Pecharunt
|
|-heal|p2a: bunK|93/100|[from] item: Leftovers
|upkeep
|turn|48
|
|t:|1757809346
|move|p1a: Pecharunt|Malignant Chain|p2a: bunK
|-damage|p2a: bunK|82/100
|move|p2a: bunK|Shadow Ball|p1a: Pecharunt
|-supereffective|p1a: Pecharunt
|-damage|p1a: Pecharunt|35/100
|
|-heal|p2a: bunK|88/100|[from] item: Leftovers
|upkeep
|turn|49
|
|t:|1757809357
|move|p1a: Pecharunt|Recover|p1a: Pecharunt
|-heal|p1a: Pecharunt|85/100
|move|p2a: bunK|Seismic Toss|p1a: Pecharunt
|-immune|p1a: Pecharunt
|
|-heal|p2a: bunK|94/100|[from] item: Leftovers
|upkeep
|turn|50
|
|t:|1757809362
|move|p1a: Pecharunt|Malignant Chain|p2a: bunK
|-damage|p2a: bunK|80/100
|move|p2a: bunK|Shadow Ball|p1a: Pecharunt
|-supereffective|p1a: Pecharunt
|-damage|p1a: Pecharunt|47/100
|
|-heal|p2a: bunK|87/100|[from] item: Leftovers
|upkeep
|turn|51
|
|t:|1757809372
|move|p1a: Pecharunt|Parting Shot|p2a: bunK
|-unboost|p2a: bunK|atk|1
|-unboost|p2a: bunK|spa|1
|
|t:|1757809378
|switch|p1a: Orthworm|Orthworm, F|69/100|[from] Parting Shot
|-damage|p1a: Orthworm|63/100|[from] Stealth Rock
|-damage|p1a: Orthworm|50/100|[from] Spikes
|move|p2a: bunK|Shadow Ball|p1a: Orthworm
|-damage|p1a: Orthworm|40/100
|
|-heal|p1a: Orthworm|46/100|[from] item: Leftovers
|-heal|p2a: bunK|93/100|[from] item: Leftovers
|upkeep
|turn|52
|
|t:|1757809392
|switch|p2a: Larry|Forretress, F|100/100
|move|p1a: Orthworm|Coil|p1a: Orthworm
|-boost|p1a: Orthworm|atk|1
|-boost|p1a: Orthworm|def|1
|-boost|p1a: Orthworm|accuracy|1
|
|-heal|p1a: Orthworm|53/100|[from] item: Leftovers
|upkeep
|turn|53
|
|t:|1757809403
|move|p1a: Orthworm|Coil|p1a: Orthworm
|-boost|p1a: Orthworm|atk|1
|-boost|p1a: Orthworm|def|1
|-boost|p1a: Orthworm|accuracy|1
|move|p2a: Larry|Spikes|p1a: Orthworm
|-sidestart|p1: yungwizop|Spikes
|
|-heal|p1a: Orthworm|59/100|[from] item: Leftovers
|upkeep
|turn|54
|
|t:|1757809412
|switch|p2a: Sith|Mimikyu-Busted, F, shiny|31/100
|move|p1a: Orthworm|Coil|p1a: Orthworm
|-boost|p1a: Orthworm|atk|1
|-boost|p1a: Orthworm|def|1
|-boost|p1a: Orthworm|accuracy|1
|
|-heal|p2a: Sith|37/100|[from] item: Leftovers
|-heal|p1a: Orthworm|65/100|[from] item: Leftovers
|upkeep
|turn|55
|
|t:|1757809422
|move|p2a: Sith|Substitute|p2a: Sith
|-start|p2a: Sith|Substitute
|-damage|p2a: Sith|13/100
|move|p1a: Orthworm|Heavy Slam|p2a: Sith
|-supereffective|p2a: Sith
|-end|p2a: Sith|Substitute
|
|-heal|p2a: Sith|19/100|[from] item: Leftovers
|-heal|p1a: Orthworm|71/100|[from] item: Leftovers
|upkeep
|turn|56
|
|t:|1757809432
|move|p2a: Sith|Will-O-Wisp|p1a: Orthworm
|-status|p1a: Orthworm|brn
|move|p1a: Orthworm|Heavy Slam|p2a: Sith
|-supereffective|p2a: Sith
|-crit|p2a: Sith
|-damage|p2a: Sith|0 fnt
|faint|p2a: Sith
|
|-heal|p1a: Orthworm|77/100 brn|[from] item: Leftovers
|-damage|p1a: Orthworm|71/100 brn|[from] brn
|upkeep
|
|t:|1757809444
|switch|p2a: Fubar|Garganacl, M, tera:Ghost|100/100
|turn|57
|
|t:|1757809459
|switch|p1a: Slowking|Slowking, M|45/100
|move|p2a: Fubar|Substitute|p2a: Fubar
|-start|p2a: Fubar|Substitute
|-damage|p2a: Fubar|76/100
|
|-heal|p2a: Fubar|82/100|[from] item: Leftovers
|upkeep
|turn|58
|
|t:|1757809469
|move|p2a: Fubar|Salt Cure|p1a: Slowking
|-damage|p1a: Slowking|30/100
|-start|p1a: Slowking|Salt Cure
|move|p1a: Slowking|Future Sight|p2a: Fubar
|-start|p1a: Slowking|move: Future Sight
|
|-heal|p2a: Fubar|88/100|[from] item: Leftovers
|-damage|p1a: Slowking|5/100|[from] Salt Cure
|upkeep
|turn|59
|
|t:|1757809480
|switch|p1a: Pecharunt|Pecharunt|47/100
|move|p2a: Fubar|Salt Cure|p1a: Pecharunt
|-damage|p1a: Pecharunt|37/100
|-start|p1a: Pecharunt|Salt Cure
|
|-heal|p2a: Fubar|94/100|[from] item: Leftovers
|-damage|p1a: Pecharunt|24/100|[from] Salt Cure
|upkeep
|turn|60
|
|t:|1757809495
|switch|p2a: Larry|Forretress, F|100/100
|move|p1a: Pecharunt|Recover|p1a: Pecharunt
|-heal|p1a: Pecharunt|74/100
|
|-end|p2a: Larry|move: Future Sight
|-resisted|p2a: Larry
|-damage|p2a: Larry|69/100
|-damage|p1a: Pecharunt|62/100|[from] Salt Cure
|upkeep
|turn|61
|
|t:|1757809506
|move|p1a: Pecharunt|Parting Shot|p2a: Larry
|-unboost|p2a: Larry|atk|1
|-unboost|p2a: Larry|spa|1
|
|t:|1757809509
|switch|p1a: Slowking|Slowking, M|38/100|[from] Parting Shot
|move|p2a: Larry|Spikes|p1a: Slowking
|-sidestart|p1: yungwizop|Spikes
|
|upkeep
|turn|62
|
|t:|1757809521
|move|p2a: Larry|Rapid Spin|p1a: Slowking
|-damage|p1a: Slowking|32/100
|-boost|p2a: Larry|spe|1
|move|p1a: Slowking|Future Sight|p2a: Larry
|-start|p1a: Slowking|move: Future Sight
|
|upkeep
|turn|63
|
|t:|1757809527
|move|p2a: Larry|Rapid Spin|p1a: Slowking
|-damage|p1a: Slowking|25/100
|-boost|p2a: Larry|spe|1
|-prepare|p1a: Slowking|Chilly Reception|[premajor]
|move|p1a: Slowking|Chilly Reception|p1a: Slowking
|-weather|Snowscape
|
|t:|1757809545
|switch|p1a: Pecharunt|Pecharunt|62/100|[from] Chilly Reception
|
|-weather|Snowscape|[upkeep]
|upkeep
|turn|64
|
|t:|1757809552
|switch|p2a: bunK|Blissey, F|93/100
|move|p1a: Pecharunt|Shadow Ball|p2a: bunK
|-immune|p2a: bunK
|
|-weather|Snowscape|[upkeep]
|-end|p2a: bunK|move: Future Sight
|-damage|p2a: bunK|80/100
|-heal|p2a: bunK|86/100|[from] item: Leftovers
|upkeep
|turn|65
|
|t:|1757809565
|move|p1a: Pecharunt|Parting Shot|p2a: bunK
|-unboost|p2a: bunK|atk|1
|-unboost|p2a: bunK|spa|1
|
|t:|1757809568
|switch|p1a: Orthworm|Orthworm, F|71/100 brn|[from] Parting Shot
|-damage|p1a: Orthworm|65/100 brn|[from] Stealth Rock
|-damage|p1a: Orthworm|40/100 brn|[from] Spikes
|move|p2a: bunK|Shadow Ball|p1a: Orthworm
|-damage|p1a: Orthworm|29/100 brn
|
|-weather|Snowscape|[upkeep]
|-heal|p1a: Orthworm|35/100 brn|[from] item: Leftovers
|-heal|p2a: bunK|93/100|[from] item: Leftovers
|-damage|p1a: Orthworm|29/100 brn|[from] brn
|upkeep
|turn|66
|
|t:|1757809584
|switch|p2a: Larry|Forretress, F|69/100
|move|p1a: Orthworm|Body Press|p2a: Larry
|-damage|p2a: Larry|63/100
|
|-weather|Snowscape|[upkeep]
|-heal|p1a: Orthworm|35/100 brn|[from] item: Leftovers
|-damage|p1a: Orthworm|29/100 brn|[from] brn
|upkeep
|turn|67
|
|t:|1757809603
|switch|p2a: Fubar|Garganacl, M, tera:Ghost|94/100
|move|p1a: Orthworm|Coil|p1a: Orthworm
|-boost|p1a: Orthworm|atk|1
|-boost|p1a: Orthworm|def|1
|-boost|p1a: Orthworm|accuracy|1
|
|-weather|none
|-heal|p1a: Orthworm|35/100 brn|[from] item: Leftovers
|-heal|p2a: Fubar|99/100|[from] item: Leftovers
|-damage|p1a: Orthworm|29/100 brn|[from] brn
|upkeep
|turn|68
|
|t:|1757809615
|switch|p1a: Slowking|Slowking, M|59/100
|move|p2a: Fubar|Substitute|p2a: Fubar
|-start|p2a: Fubar|Substitute
|-damage|p2a: Fubar|75/100
|
|-heal|p2a: Fubar|81/100|[from] item: Leftovers
|upkeep
|turn|69
|
|t:|1757809624
|move|p2a: Fubar|Salt Cure|p1a: Slowking
|-damage|p1a: Slowking|44/100
|-start|p1a: Slowking|Salt Cure
|move|p1a: Slowking|Future Sight|p2a: Fubar
|-start|p1a: Slowking|move: Future Sight
|
|-heal|p2a: Fubar|87/100|[from] item: Leftovers
|-damage|p1a: Slowking|20/100|[from] Salt Cure
|upkeep
|turn|70
|
|t:|1757809635
|move|p2a: Fubar|Salt Cure|p1a: Slowking
|-crit|p1a: Slowking
|-damage|p1a: Slowking|0 fnt
|faint|p1a: Slowking
|
|-heal|p2a: Fubar|93/100|[from] item: Leftovers
|upkeep
|
|t:|1757809644
|switch|p1a: Pecharunt|Pecharunt|62/100
|turn|71
|
|t:|1757809649
|move|p1a: Pecharunt|Shadow Ball|p2a: Fubar
|-supereffective|p2a: Fubar
|-end|p2a: Fubar|Substitute
|move|p2a: Fubar|Salt Cure|p1a: Pecharunt
|-damage|p1a: Pecharunt|51/100
|-start|p1a: Pecharunt|Salt Cure
|
|-end|p2a: Fubar|move: Future Sight
|-damage|p2a: Fubar|62/100
|-heal|p2a: Fubar|68/100|[from] item: Leftovers
|-damage|p1a: Pecharunt|38/100|[from] Salt Cure
|upkeep
|turn|72
|
|t:|1757809662
|move|p2a: Fubar|Protect|p2a: Fubar
|-singleturn|p2a: Fubar|Protect
|move|p1a: Pecharunt|Recover|p1a: Pecharunt
|-heal|p1a: Pecharunt|88/100
|
|-heal|p2a: Fubar|74/100|[from] item: Leftovers
|-damage|p1a: Pecharunt|76/100|[from] Salt Cure
|upkeep
|turn|73
|
|t:|1757809672
|switch|p2a: bunK|Blissey, F|93/100
|move|p1a: Pecharunt|Shadow Ball|p2a: bunK
|-immune|p2a: bunK
|
|-heal|p2a: bunK|99/100|[from] item: Leftovers
|-damage|p1a: Pecharunt|63/100|[from] Salt Cure
|upkeep
|turn|74
|
|t:|1757809684
|move|p1a: Pecharunt|Parting Shot|p2a: bunK
|-unboost|p2a: bunK|atk|1
|-unboost|p2a: bunK|spa|1
|
|t:|1757809688
|switch|p1a: Orthworm|Orthworm, F|29/100 brn|[from] Parting Shot
|-damage|p1a: Orthworm|23/100 brn|[from] Stealth Rock
|-damage|p1a: Orthworm|0 fnt|[from] Spikes
|faint|p1a: Orthworm
|move|p2a: bunK|Seismic Toss|p1: Orthworm|[notarget]
|-fail|p2a: bunK
|
|-heal|p2a: bunK|100/100|[from] item: Leftovers
|upkeep
|
|t:|1757809699
|switch|p1a: Enamorus|Enamorus, F, tera:Stellar|76/100
|-damage|p1a: Enamorus|51/100|[from] Stealth Rock
|turn|75
|
|t:|1757809703
|move|p1a: Enamorus|Superpower|p2a: bunK
|-supereffective|p2a: bunK
|-damage|p2a: bunK|0 fnt
|-boost|p1a: Enamorus|atk|1
|-boost|p1a: Enamorus|def|1
|faint|p2a: bunK
|
|upkeep
|
|t:|1757809711
|switch|p2a: Fubar|Garganacl, M, tera:Ghost|74/100
|turn|76
|
|t:|1757809715
|switch|p1a: Pecharunt|Pecharunt|63/100
|move|p2a: Fubar|Salt Cure|p1a: Pecharunt
|-crit|p1a: Pecharunt
|-damage|p1a: Pecharunt|48/100
|-start|p1a: Pecharunt|Salt Cure
|
|-heal|p2a: Fubar|80/100|[from] item: Leftovers
|-damage|p1a: Pecharunt|35/100|[from] Salt Cure
|upkeep
|turn|77
|
|t:|1757809727
|move|p1a: Pecharunt|Recover|p1a: Pecharunt
|-heal|p1a: Pecharunt|85/100
|move|p2a: Fubar|Substitute|p2a: Fubar
|-start|p2a: Fubar|Substitute
|-damage|p2a: Fubar|55/100
|
|-heal|p2a: Fubar|62/100|[from] item: Leftovers
|-damage|p1a: Pecharunt|73/100|[from] Salt Cure
|upkeep
|turn|78
|
|t:|1757809739
|move|p1a: Pecharunt|Shadow Ball|p2a: Fubar
|-supereffective|p2a: Fubar
|-end|p2a: Fubar|Substitute
|move|p2a: Fubar|Recover|p2a: Fubar
|-heal|p2a: Fubar|100/100
|
|-damage|p1a: Pecharunt|60/100|[from] Salt Cure
|upkeep
|turn|79
|
|t:|1757809750
|move|p1a: Pecharunt|Shadow Ball|p2a: Fubar
|-supereffective|p2a: Fubar
|-damage|p2a: Fubar|71/100
|move|p2a: Fubar|Substitute|p2a: Fubar
|-start|p2a: Fubar|Substitute
|-damage|p2a: Fubar|46/100
|
|-heal|p2a: Fubar|52/100|[from] item: Leftovers
|-damage|p1a: Pecharunt|48/100|[from] Salt Cure
|upkeep
|turn|80
|
|t:|1757809764
|move|p1a: Pecharunt|Shadow Ball|p2a: Fubar
|-supereffective|p2a: Fubar
|-end|p2a: Fubar|Substitute
|move|p2a: Fubar|Recover|p2a: Fubar
|-heal|p2a: Fubar|100/100
|
|-damage|p1a: Pecharunt|35/100|[from] Salt Cure
|upkeep
|turn|81
|
|t:|1757809774
|move|p1a: Pecharunt|Shadow Ball|p2a: Fubar
|-supereffective|p2a: Fubar
|-damage|p2a: Fubar|71/100
|move|p2a: Fubar|Substitute|p2a: Fubar
|-start|p2a: Fubar|Substitute
|-damage|p2a: Fubar|46/100
|
|-heal|p2a: Fubar|52/100|[from] item: Leftovers
|-damage|p1a: Pecharunt|23/100|[from] Salt Cure
|upkeep
|turn|82
|
|t:|1757809789
|move|p1a: Pecharunt|Shadow Ball|p2a: Fubar
|-supereffective|p2a: Fubar
|-end|p2a: Fubar|Substitute
|move|p2a: Fubar|Recover|p2a: Fubar
|-heal|p2a: Fubar|100/100
|
|-damage|p1a: Pecharunt|10/100|[from] Salt Cure
|upkeep
|turn|83
|
|t:|1757809798
|move|p1a: Pecharunt|Recover|p1a: Pecharunt
|-heal|p1a: Pecharunt|60/100
|move|p2a: Fubar|Substitute|p2a: Fubar
|-start|p2a: Fubar|Substitute
|-damage|p2a: Fubar|76/100
|
|-heal|p2a: Fubar|82/100|[from] item: Leftovers
|-damage|p1a: Pecharunt|48/100|[from] Salt Cure
|upkeep
|turn|84
|
|t:|1757809810
|move|p2a: Fubar|Protect|p2a: Fubar
|-singleturn|p2a: Fubar|Protect
|move|p1a: Pecharunt|Shadow Ball|p2a: Fubar
|-activate|p2a: Fubar|move: Protect
|
|-heal|p2a: Fubar|88/100|[from] item: Leftovers
|-damage|p1a: Pecharunt|35/100|[from] Salt Cure
|upkeep
|turn|85
|
|t:|1757809820
|move|p1a: Pecharunt|Shadow Ball|p2a: Fubar
|-supereffective|p2a: Fubar
|-end|p2a: Fubar|Substitute
|move|p2a: Fubar|Substitute|p2a: Fubar
|-start|p2a: Fubar|Substitute
|-damage|p2a: Fubar|63/100
|
|-heal|p2a: Fubar|69/100|[from] item: Leftovers
|-damage|p1a: Pecharunt|23/100|[from] Salt Cure
|upkeep
|turn|86
|
|t:|1757809832
|move|p2a: Fubar|Protect|p2a: Fubar
|-singleturn|p2a: Fubar|Protect
|move|p1a: Pecharunt|Shadow Ball|p2a: Fubar
|-activate|p2a: Fubar|move: Protect
|
|-heal|p2a: Fubar|75/100|[from] item: Leftovers
|-damage|p1a: Pecharunt|10/100|[from] Salt Cure
|upkeep
|turn|87
|
|t:|1757809842
|move|p1a: Pecharunt|Parting Shot|p2a: Fubar
|-unboost|p2a: Fubar|atk|1
|-unboost|p2a: Fubar|spa|1
|
|t:|1757809846
|switch|p1a: Enamorus|Enamorus, F, tera:Stellar|51/100|[from] Parting Shot
|-damage|p1a: Enamorus|26/100|[from] Stealth Rock
|move|p2a: Fubar|Substitute|p2a: Fubar
|-fail|p2a: Fubar|move: Substitute
|
|-heal|p2a: Fubar|81/100|[from] item: Leftovers
|upkeep
|turn|88
|
|t:|1757809856
|move|p1a: Enamorus|Tera Blast|p2a: Fubar|[anim] Tera Blast Stellar
|-supereffective|p2a: Fubar
|-end|p2a: Fubar|Substitute
|-boost|p1a: Enamorus|atk|1
|-boost|p1a: Enamorus|spa|1
|move|p2a: Fubar|Salt Cure|p1a: Enamorus
|-supereffective|p1a: Enamorus
|-damage|p1a: Enamorus|0 fnt
|faint|p1a: Enamorus
|
|-heal|p2a: Fubar|87/100|[from] item: Leftovers
|upkeep
|
|t:|1757809864
|switch|p1a: Pecharunt|Pecharunt|10/100
|turn|89
|-message|yungwizop forfeited.
|
|win|cro$$w1n
|raw|yungwizop's rating: 1275 &rarr; <strong>1254</strong><br />(-21 for losing)
|raw|cro$$w1n's rating: 1338 &rarr; <strong>1354</strong><br />(+16 for winning)
|l|☆yungwizop
|player|p1|
|l|☆cro$$w1n
|player|p2|
