|j|☆bornexplorer88
|j|☆jimaKAC
|t:|1757934409
|gametype|singles
|player|p1|bornexplorer88|169|1194
|player|p2|jimaKAC|265|1148
|gen|9
|tier|[Gen 9] OU
|rated|
|rule|HP Percentage Mod: HP is shown in percentages
|rule|Endless Battle Clause: Forcing endless battles is banned
|rule|Species Clause: Limit one of each Pokémon
|rule|OHKO Clause: OHKO moves are banned
|rule|Evasion Items Clause: Evasion items are banned
|rule|Evasion Moves Clause: Evasion moves are banned
|rule|Evasion Abilities Clause: Evasion abilities are banned
|rule|Sleep Moves Clause: Sleep-inducing moves are banned
|clearpoke
|poke|p1|Primeape, M|
|poke|p1|Scream Tail|
|poke|p1|Venomoth, M|
|poke|p1|Garchomp, F|
|poke|p1|Inteleon, M|
|poke|p1|Meowscarada, M|
|poke|p2|Blaziken, M|
|poke|p2|Alomomola, F|
|poke|p2|Meowscarada, F|
|poke|p2|Slowking-Galar, M|
|poke|p2|Altaria, F|
|poke|p2|Thundurus-Therian, M|
|teampreview
|
|t:|1757934428
|teamsize|p1|6
|teamsize|p2|6
|start
|switch|p1a: Inteleon|Inteleon, M|100/100
|switch|p2a: Slowking|Slowking-Galar, M|100/100
|turn|1
|
|t:|1757934471
|move|p1a: Inteleon|Snipe Shot|p2a: Slowking
|-damage|p2a: Slowking|74/100
|move|p2a: Slowking|Toxic Spikes|p1a: Inteleon
|-sidestart|p1: bornexplorer88|move: Toxic Spikes
|
|-heal|p2a: Slowking|80/100|[from] item: Leftovers
|upkeep
|turn|2
|
|t:|1757934487
|move|p1a: Inteleon|Snipe Shot|p2a: Slowking
|-damage|p2a: Slowking|58/100
|move|p2a: Slowking|Toxic Spikes|p1a: Inteleon
|-sidestart|p1: bornexplorer88|move: Toxic Spikes
|
|-heal|p2a: Slowking|64/100|[from] item: Leftovers
|upkeep
|turn|3
|
|t:|1757934492
|move|p1a: Inteleon|Snipe Shot|p2a: Slowking
|-damage|p2a: Slowking|41/100
|move|p2a: Slowking|Future Sight|p1a: Inteleon
|-start|p2a: Slowking|move: Future Sight
|
|-heal|p2a: Slowking|47/100|[from] item: Leftovers
|upkeep
|turn|4
|
|t:|1757934501
|switch|p2a: Altaria|Altaria, F|100/100
|move|p1a: Inteleon|Ice Beam|p2a: Altaria
|-supereffective|p2a: Altaria
|-damage|p2a: Altaria|25/100
|
|upkeep
|turn|5
|
|t:|1757934514
|switch|p2a: Slowking|Slowking-Galar, M|80/100
|move|p1a: Inteleon|Ice Shard|p2a: Slowking
|-damage|p2a: Slowking|72/100
|
|-end|p1a: Inteleon|move: Future Sight
|-damage|p1a: Inteleon|19/100
|-heal|p2a: Slowking|78/100|[from] item: Leftovers
|upkeep
|turn|6
|
|t:|1757934522
|move|p1a: Inteleon|Sucker Punch|p2a: Slowking
|-supereffective|p2a: Slowking
|-damage|p2a: Slowking|54/100
|move|p2a: Slowking|Future Sight|p1a: Inteleon
|-start|p2a: Slowking|move: Future Sight
|
|-heal|p2a: Slowking|60/100|[from] item: Leftovers
|upkeep
|turn|7
|
|t:|1757934531
|move|p1a: Inteleon|Snipe Shot|p2a: Slowking
|-damage|p2a: Slowking|35/100
|move|p2a: Slowking|Thunder Wave|p1a: Inteleon
|-status|p1a: Inteleon|par
|
|-heal|p2a: Slowking|41/100|[from] item: Leftovers
|upkeep
|turn|8
|
|t:|1757934538
|switch|p2a: Alomomola|Alomomola, F|100/100
|move|p1a: Inteleon|Snipe Shot|p2a: Alomomola
|-resisted|p2a: Alomomola
|-damage|p2a: Alomomola|77/100
|
|-end|p1a: Inteleon|move: Future Sight
|-damage|p1a: Inteleon|0 fnt
|faint|p1a: Inteleon
|upkeep
|
|t:|1757934542
|switch|p1a: Venomoth|Venomoth, M|100/100
|-sideend|p1: bornexplorer88|move: Toxic Spikes|[of] p1a: Venomoth
|turn|9
|
|t:|1757934549
|-terastallize|p1a: Venomoth|Ground
|move|p1a: Venomoth|Quiver Dance|p1a: Venomoth
|-boost|p1a: Venomoth|spa|1
|-boost|p1a: Venomoth|spd|1
|-boost|p1a: Venomoth|spe|1
|move|p2a: Alomomola|Scald|p1a: Venomoth
|-supereffective|p1a: Venomoth
|-damage|p1a: Venomoth|70/100
|-status|p1a: Venomoth|brn
|
|-heal|p1a: Venomoth|76/100 brn|[from] item: Leftovers
|-damage|p1a: Venomoth|70/100 brn|[from] brn
|upkeep
|turn|10
|
|t:|1757934560
|move|p1a: Venomoth|Quiver Dance|p1a: Venomoth
|-boost|p1a: Venomoth|spa|1
|-boost|p1a: Venomoth|spd|1
|-boost|p1a: Venomoth|spe|1
|move|p2a: Alomomola|Wish|p2a: Alomomola
|
|-heal|p1a: Venomoth|76/100 brn|[from] item: Leftovers
|-damage|p1a: Venomoth|70/100 brn|[from] brn
|upkeep
|turn|11
|
|t:|1757934562
|move|p1a: Venomoth|Sludge Wave|p2a: Alomomola
|-damage|p2a: Alomomola|0 fnt
|faint|p2a: Alomomola
|
|-heal|p1a: Venomoth|76/100 brn|[from] item: Leftovers
|-damage|p1a: Venomoth|70/100 brn|[from] brn
|upkeep
|
|t:|1757934571
|switch|p2a: Altaria|Altaria, F|25/100
|turn|12
|
|t:|1757934576
|move|p1a: Venomoth|Sludge Wave|p2a: Altaria
|-damage|p2a: Altaria|0 fnt
|faint|p2a: Altaria
|
|-heal|p1a: Venomoth|76/100 brn|[from] item: Leftovers
|-damage|p1a: Venomoth|70/100 brn|[from] brn
|upkeep
|
|t:|1757934590
|switch|p2a: Slowking|Slowking-Galar, M|75/100
|turn|13
|
|t:|1757934601
|move|p1a: Venomoth|Tera Blast|p2a: Slowking|[anim] Tera Blast Ground
|-supereffective|p2a: Slowking
|-damage|p2a: Slowking|0 fnt
|faint|p2a: Slowking
|
|-heal|p1a: Venomoth|76/100 brn|[from] item: Leftovers
|-damage|p1a: Venomoth|70/100 brn|[from] brn
|upkeep
|
|t:|1757934606
|switch|p2a: Meowscarada|Meowscarada, F|100/100
|turn|14
|
|t:|1757934613
|move|p1a: Venomoth|Bug Buzz|p2a: Meowscarada
|-supereffective|p2a: Meowscarada
|-damage|p2a: Meowscarada|0 fnt
|faint|p2a: Meowscarada
|
|-heal|p1a: Venomoth|76/100 brn|[from] item: Leftovers
|-damage|p1a: Venomoth|70/100 brn|[from] brn
|upkeep
|
|t:|1757934622
|switch|p2a: Thundurus|Thundurus-Therian, M|100/100
|turn|15
|
|t:|1757934628
|move|p1a: Venomoth|Sludge Wave|p2a: Thundurus
|-damage|p2a: Thundurus|0 fnt
|faint|p2a: Thundurus
|
|-heal|p1a: Venomoth|76/100 brn|[from] item: Leftovers
|-damage|p1a: Venomoth|70/100 brn|[from] brn
|upkeep
|
|t:|1757934630
|switch|p2a: Blaziken|Blaziken, M|100/100
|turn|16
|c|☆bornexplorer88|Moth sweep?
|
|t:|1757934643
|move|p2a: Blaziken|Protect|p2a: Blaziken
|-singleturn|p2a: Blaziken|Protect
|move|p1a: Venomoth|Tera Blast|p2a: Blaziken|[anim] Tera Blast Ground
|-activate|p2a: Blaziken|move: Protect
|
|-heal|p1a: Venomoth|76/100 brn|[from] item: Leftovers
|-damage|p1a: Venomoth|70/100 brn|[from] brn
|-ability|p2a: Blaziken|Speed Boost|boost
|-boost|p2a: Blaziken|spe|1
|upkeep
|turn|17
|
|t:|1757934659
|-terastallize|p2a: Blaziken|Fighting
|move|p1a: Venomoth|Tera Blast|p2a: Blaziken|[anim] Tera Blast Ground
|-damage|p2a: Blaziken|0 fnt
|faint|p2a: Blaziken
|
|win|bornexplorer88
|raw|bornexplorer88's rating: 1194 &rarr; <strong>1216</strong><br />(+22 for winning)
|raw|jimaKAC's rating: 1148 &rarr; <strong>1126</strong><br />(-22 for losing)
|c|☆bornexplorer88|Gg
|l|☆jimaKAC
|player|p2|
|l|☆bornexplorer88
|player|p1|
