|j|☆K2Shiest.E
|j|☆Charle_phate
|t:|1757914248
|gametype|singles
|player|p1|K2Shiest.E|1|1412
|player|p2|Charle_phate|blue|1395
|gen|9
|tier|[Gen 9] OU
|rated|
|rule|HP Percentage Mod: HP is shown in percentages
|rule|Endless Battle Clause: Forcing endless battles is banned
|rule|Species Clause: Limit one of each Pokémon
|rule|OHKO Clause: OHKO moves are banned
|rule|Evasion Items Clause: Evasion items are banned
|rule|Evasion Moves Clause: Evasion moves are banned
|rule|Evasion Abilities Clause: Evasion abilities are banned
|rule|Sleep Moves Clause: Sleep-inducing moves are banned
|clearpoke
|poke|p1|Ting-Lu|
|poke|p1|Darkrai|
|poke|p1|Corviknight, M|
|poke|p1|Fezandipiti, M|
|poke|p1|Pecharunt|
|poke|p1|Latios, M|
|poke|p2|Serperior, M|
|poke|p2|Rotom-Wash|
|poke|p2|Zapdos|
|poke|p2|Heatran, F|
|poke|p2|Clefable, M|
|poke|p2|Landorus-Therian, M|
|teampreview
|inactive|Battle timer is ON: inactive players will automatically lose when time's up. (requested by Charle_phate)
|
|t:|1757914252
|teamsize|p1|6
|teamsize|p2|6
|start
|switch|p1a: Ting-Lu|Ting-Lu|100/100
|switch|p2a: Rotom|Rotom-Wash|100/100
|-ability|p1a: Ting-Lu|Vessel of Ruin
|turn|1
|inactive|Charle_phate has 120 seconds left.
|
|t:|1757914310
|move|p2a: Rotom|Hydro Pump|p1a: Ting-Lu
|-supereffective|p1a: Ting-Lu
|-damage|p1a: Ting-Lu|60/100
|move|p1a: Ting-Lu|Stealth Rock|p2a: Rotom
|-sidestart|p2: Charle_phate|move: Stealth Rock
|
|-heal|p1a: Ting-Lu|67/100|[from] item: Leftovers
|upkeep
|turn|2
|
|t:|1757914325
|move|p2a: Rotom|Hydro Pump|p1a: Ting-Lu
|-supereffective|p1a: Ting-Lu
|-damage|p1a: Ting-Lu|24/100
|move|p1a: Ting-Lu|Spikes|p2a: Rotom
|-sidestart|p2: Charle_phate|Spikes
|
|-heal|p1a: Ting-Lu|31/100|[from] item: Leftovers
|upkeep
|turn|3
|
|t:|1757914335
|switch|p1a: Latios|Latios, M, shiny|100/100
|move|p2a: Rotom|Thunder Wave|p1a: Latios
|-status|p1a: Latios|par
|
|upkeep
|turn|4
|
|t:|1757914344
|move|p2a: Rotom|Charge Beam|p1a: Latios
|-resisted|p1a: Latios
|-damage|p1a: Latios|89/100 par
|move|p1a: Latios|Psychic Noise|p2a: Rotom
|-damage|p2a: Rotom|57/100
|-start|p2a: Rotom|move: Heal Block
|
|upkeep
|turn|5
|inactive|Charle_phate has 120 seconds left.
|
|t:|1757914352
|move|p2a: Rotom|Charge Beam|p1a: Latios
|-resisted|p1a: Latios
|-damage|p1a: Latios|78/100 par
|-boost|p2a: Rotom|spa|1
|cant|p1a: Latios|par
|
|-end|p2a: Rotom|move: Heal Block
|upkeep
|turn|6
|inactive|Charle_phate has 120 seconds left.
|
|t:|1757914368
|move|p2a: Rotom|Pain Split|p1a: Latios
|-sethp|p1a: Latios|62/100 par|[from] move: Pain Split|[silent]
|-sethp|p2a: Rotom|77/100|[from] move: Pain Split
|move|p1a: Latios|Dragon Pulse|p2a: Rotom
|-damage|p2a: Rotom|31/100
|
|-heal|p2a: Rotom|37/100|[from] item: Leftovers
|upkeep
|turn|7
|
|t:|1757914375
|move|p2a: Rotom|Pain Split|p1a: Latios
|-sethp|p1a: Latios|46/100 par|[from] move: Pain Split|[silent]
|-sethp|p2a: Rotom|57/100|[from] move: Pain Split
|move|p1a: Latios|Recover|p1a: Latios
|-heal|p1a: Latios|96/100 par
|
|-heal|p2a: Rotom|64/100|[from] item: Leftovers
|upkeep
|turn|8
|
|t:|1757914384
|move|p2a: Rotom|Charge Beam|p1a: Latios
|-resisted|p1a: Latios
|-damage|p1a: Latios|79/100 par
|-boost|p2a: Rotom|spa|1
|move|p1a: Latios|Psychic Noise|p2a: Rotom
|-damage|p2a: Rotom|16/100
|-start|p2a: Rotom|move: Heal Block
|
|upkeep
|turn|9
|
|t:|1757914394
|move|p2a: Rotom|Pain Split|p1a: Latios
|-sethp|p1a: Latios|46/100 par|[from] move: Pain Split|[silent]
|-sethp|p2a: Rotom|57/100|[from] move: Pain Split
|move|p1a: Latios|Dragon Pulse|p2a: Rotom
|-damage|p2a: Rotom|5/100
|
|-end|p2a: Rotom|move: Heal Block
|upkeep
|turn|10
|
|t:|1757914411
|switch|p2a: Heatran|Heatran, F|100/100
|-damage|p2a: Heatran|88/100|[from] Stealth Rock
|-damage|p2a: Heatran|76/100|[from] Spikes
|move|p1a: Latios|Dragon Pulse|p2a: Heatran
|-resisted|p2a: Heatran
|-damage|p2a: Heatran|61/100
|
|-heal|p2a: Heatran|68/100|[from] item: Leftovers
|upkeep
|turn|11
|
|t:|1757914423
|move|p2a: Heatran|Substitute|p2a: Heatran
|-start|p2a: Heatran|Substitute
|-damage|p2a: Heatran|43/100
|move|p1a: Latios|Aura Sphere|p2a: Heatran
|-supereffective|p2a: Heatran
|-end|p2a: Heatran|Substitute
|
|-heal|p2a: Heatran|49/100|[from] item: Leftovers
|upkeep
|turn|12
|
|t:|1757914436
|move|p2a: Heatran|Substitute|p2a: Heatran
|-start|p2a: Heatran|Substitute
|-damage|p2a: Heatran|24/100
|move|p1a: Latios|Recover|p1a: Latios
|-heal|p1a: Latios|96/100 par
|
|-heal|p2a: Heatran|30/100|[from] item: Leftovers
|upkeep
|turn|13
|
|t:|1757914440
|move|p2a: Heatran|Magma Storm|p1a: Latios|[miss]
|-miss|p2a: Heatran|p1a: Latios
|move|p1a: Latios|Aura Sphere|p2a: Heatran
|-supereffective|p2a: Heatran
|-end|p2a: Heatran|Substitute
|
|-heal|p2a: Heatran|37/100|[from] item: Leftovers
|upkeep
|turn|14
|
|t:|1757914456
|move|p2a: Heatran|Substitute|p2a: Heatran
|-start|p2a: Heatran|Substitute
|-damage|p2a: Heatran|12/100
|move|p1a: Latios|Aura Sphere|p2a: Heatran
|-supereffective|p2a: Heatran
|-end|p2a: Heatran|Substitute
|
|-heal|p2a: Heatran|18/100|[from] item: Leftovers
|upkeep
|turn|15
|
|t:|1757914463
|move|p2a: Heatran|Magma Storm|p1a: Latios
|-resisted|p1a: Latios
|-damage|p1a: Latios|74/100 par
|-activate|p1a: Latios|move: Magma Storm|[of] p2a: Heatran
|cant|p1a: Latios|par
|
|-heal|p2a: Heatran|24/100|[from] item: Leftovers
|-damage|p1a: Latios|62/100 par|[from] move: Magma Storm|[partiallytrapped]
|upkeep
|turn|16
|
|t:|1757914482
|move|p2a: Heatran|Ancient Power|p1a: Latios
|-damage|p1a: Latios|44/100 par
|move|p1a: Latios|Aura Sphere|p2a: Heatran
|-supereffective|p2a: Heatran
|-damage|p2a: Heatran|0 fnt
|faint|p2a: Heatran
|
|-end|p1a: Latios|Magma Storm|[partiallytrapped]|[silent]
|upkeep
|
|t:|1757914490
|switch|p2a: Serperior|Serperior, M|100/100
|-damage|p2a: Serperior|88/100|[from] Stealth Rock
|-damage|p2a: Serperior|76/100|[from] Spikes
|turn|17
|
|t:|1757914493
|move|p2a: Serperior|Substitute|p2a: Serperior
|-start|p2a: Serperior|Substitute
|-damage|p2a: Serperior|51/100
|move|p1a: Latios|Psychic Noise|p2a: Serperior
|-damage|p2a: Serperior|2/100
|-start|p2a: Serperior|move: Heal Block
|
|upkeep
|turn|18
|
|t:|1757914519
|move|p2a: Serperior|Leaf Storm|p1a: Latios
|-resisted|p1a: Latios
|-damage|p1a: Latios|18/100 par
|-boost|p2a: Serperior|spa|2
|move|p1a: Latios|Psychic Noise|p2a: Serperior
|-damage|p2a: Serperior|0 fnt
|faint|p2a: Serperior
|
|upkeep
|inactive|Charle_phate has 120 seconds left.
|
|t:|1757914533
|switch|p2a: Zapdos|Zapdos|100/100
|-damage|p2a: Zapdos|76/100|[from] Stealth Rock
|turn|19
|
|t:|1757914536
|move|p2a: Zapdos|Ancient Power|p1a: Latios
|-damage|p1a: Latios|0 fnt
|faint|p1a: Latios
|
|-heal|p2a: Zapdos|82/100|[from] item: Leftovers
|upkeep
|
|t:|1757914543
|switch|p1a: Darkrai|Darkrai, shiny|100/100
|turn|20
|
|t:|1757914551
|move|p1a: Darkrai|Ice Beam|p2a: Zapdos
|-supereffective|p2a: Zapdos
|-damage|p2a: Zapdos|24/100
|move|p2a: Zapdos|Discharge|p1a: Darkrai
|-damage|p1a: Darkrai|45/100
|-status|p1a: Darkrai|par
|
|-heal|p2a: Zapdos|31/100|[from] item: Leftovers
|upkeep
|turn|21
|
|t:|1757914556
|move|p2a: Zapdos|Roost|p2a: Zapdos
|-heal|p2a: Zapdos|81/100
|-singleturn|p2a: Zapdos|move: Roost
|move|p1a: Darkrai|Ice Beam|p2a: Zapdos
|-damage|p2a: Zapdos|52/100
|
|-heal|p2a: Zapdos|58/100|[from] item: Leftovers
|upkeep
|turn|22
|
|t:|1757914568
|move|p2a: Zapdos|Ancient Power|p1a: Darkrai
|-damage|p1a: Darkrai|16/100 par
|move|p1a: Darkrai|Ice Beam|p2a: Zapdos
|-supereffective|p2a: Zapdos
|-damage|p2a: Zapdos|0 fnt
|faint|p2a: Zapdos
|
|upkeep
|
|t:|1757914580
|switch|p2a: Rotom|Rotom-Wash|5/100
|-damage|p2a: Rotom|0 fnt|[from] Stealth Rock
|faint|p2a: Rotom
|
|t:|1757914581
|switch|p2a: Landorus|Landorus-Therian, M|100/100
|-damage|p2a: Landorus|88/100|[from] Stealth Rock
|-ability|p2a: Landorus|Intimidate|boost
|-unboost|p1a: Darkrai|atk|1
|turn|23
|
|t:|1757914584
|move|p2a: Landorus|Swords Dance|p2a: Landorus
|-boost|p2a: Landorus|atk|2
|move|p1a: Darkrai|Ice Beam|p2a: Landorus
|-supereffective|p2a: Landorus
|-damage|p2a: Landorus|0 fnt
|faint|p2a: Landorus
|
|upkeep
|
|t:|1757914586
|switch|p2a: Clefable|Clefable, M|100/100
|turn|24
|
|t:|1757914588
|move|p1a: Darkrai|Sludge Bomb|p2a: Clefable
|-supereffective|p2a: Clefable
|-damage|p2a: Clefable|50/100
|move|p2a: Clefable|Cosmic Power|p2a: Clefable
|-boost|p2a: Clefable|def|1
|-boost|p2a: Clefable|spd|1
|
|-heal|p2a: Clefable|56/100|[from] item: Leftovers
|upkeep
|turn|25
|
|t:|1757914608
|move|p1a: Darkrai|Knock Off|p2a: Clefable
|-resisted|p2a: Clefable
|-damage|p2a: Clefable|50/100
|-enditem|p2a: Clefable|Leftovers|[from] move: Knock Off|[of] p1a: Darkrai
|move|p2a: Clefable|Cosmic Power|p2a: Clefable
|-boost|p2a: Clefable|def|1
|-boost|p2a: Clefable|spd|1
|
|upkeep
|turn|26
|
|t:|1757914629
|switch|p1a: Pecharunt|Pecharunt|100/100
|-terastallize|p2a: Clefable|Fire
|move|p2a: Clefable|Cosmic Power|p2a: Clefable
|-boost|p2a: Clefable|def|1
|-boost|p2a: Clefable|spd|1
|
|upkeep
|turn|27
|
|t:|1757914636
|move|p1a: Pecharunt|Malignant Chain|p2a: Clefable
|-damage|p2a: Clefable|38/100
|move|p2a: Clefable|Cosmic Power|p2a: Clefable
|-boost|p2a: Clefable|def|1
|-boost|p2a: Clefable|spd|1
|
|upkeep
|turn|28
|
|t:|1757914641
|move|p1a: Pecharunt|Malignant Chain|p2a: Clefable
|-damage|p2a: Clefable|29/100
|move|p2a: Clefable|Cosmic Power|p2a: Clefable
|-boost|p2a: Clefable|def|1
|-boost|p2a: Clefable|spd|1
|
|upkeep
|turn|29
|
|t:|1757914646
|move|p1a: Pecharunt|Parting Shot|p2a: Clefable
|-unboost|p2a: Clefable|atk|1
|-unboost|p2a: Clefable|spa|1
|
|t:|1757914649
|switch|p1a: Darkrai|Darkrai, shiny|16/100 par|[from] Parting Shot
|move|p2a: Clefable|Charge Beam|p1a: Darkrai
|-damage|p1a: Darkrai|5/100 par
|-boost|p2a: Clefable|spa|1
|
|upkeep
|turn|30
|
|t:|1757914660
|move|p1a: Darkrai|Knock Off|p2a: Clefable
|-damage|p2a: Clefable|24/100
|move|p2a: Clefable|Charge Beam|p1a: Darkrai
|-damage|p1a: Darkrai|0 fnt
|-boost|p2a: Clefable|spa|1
|faint|p1a: Darkrai
|
|upkeep
|
|t:|1757914672
|switch|p1a: Fezandipiti|Fezandipiti, M|100/100
|turn|31
|
|t:|1757914685
|move|p1a: Fezandipiti|Sludge Bomb|p2a: Clefable
|-damage|p2a: Clefable|18/100
|-status|p2a: Clefable|tox|[from] ability: Toxic Chain|[of] p1a: Fezandipiti
|move|p2a: Clefable|Stored Power|p1a: Fezandipiti
|-supereffective|p1a: Fezandipiti
|-damage|p1a: Fezandipiti|8/100
|
|upkeep
|turn|32
|
|t:|1757914693
|move|p1a: Fezandipiti|Sludge Bomb|p2a: Clefable
|-damage|p2a: Clefable|12/100 tox
|move|p2a: Clefable|Draining Kiss|p1a: Fezandipiti
|-resisted|p1a: Fezandipiti
|-damage|p1a: Fezandipiti|1/100
|-heal|p2a: Clefable|17/100 tox|[from] drain|[of] p1a: Fezandipiti
|
|upkeep
|turn|33
|
|t:|1757914699
|move|p1a: Fezandipiti|Sludge Bomb|p2a: Clefable
|-damage|p2a: Clefable|11/100 tox
|move|p2a: Clefable|Charge Beam|p1a: Fezandipiti
|-damage|p1a: Fezandipiti|0 fnt
|faint|p1a: Fezandipiti
|
|upkeep
|
|t:|1757914703
|switch|p1a: Pecharunt|Pecharunt|100/100
|turn|34
|
|t:|1757914709
|move|p1a: Pecharunt|Parting Shot|p2a: Clefable
|-unboost|p2a: Clefable|atk|1
|-unboost|p2a: Clefable|spa|1
|
|t:|1757914711
|switch|p1a: Corviknight|Corviknight, M, shiny|100/100|[from] Parting Shot
|-ability|p1a: Corviknight|Pressure
|move|p2a: Clefable|Draining Kiss|p1a: Corviknight
|-resisted|p1a: Corviknight
|-damage|p1a: Corviknight|92/100
|-heal|p2a: Clefable|17/100 tox|[from] drain|[of] p1a: Corviknight
|
|upkeep
|turn|35
|
|t:|1757914726
|move|p1a: Corviknight|Body Press|p2a: Clefable
|-damage|p2a: Clefable|10/100 tox
|move|p2a: Clefable|Draining Kiss|p1a: Corviknight
|-resisted|p1a: Corviknight
|-damage|p1a: Corviknight|83/100
|-heal|p2a: Clefable|17/100 tox|[from] drain|[of] p1a: Corviknight
|
|upkeep
|turn|36
|inactive|Charle_phate has 120 seconds left.
|
|t:|1757914755
|move|p1a: Corviknight|Body Press|p2a: Clefable
|-crit|p2a: Clefable
|-damage|p2a: Clefable|0 fnt
|faint|p2a: Clefable
|
|win|K2Shiest.E
|raw|K2Shiest.E's rating: 1412 &rarr; <strong>1430</strong><br />(+18 for winning)
|raw|Charle_phate's rating: 1378 &rarr; <strong>1360</strong><br />(-18 for losing)
|l|☆K2Shiest.E
|player|p1|
|l|☆Charle_phate
|player|p2|
