|j|☆boocat2
|j|☆LT91BB incelman
|t:|1757799239
|gametype|singles
|player|p1|boocat2|akari|1267
|player|p2|LT91BB incelman|miku-ice|1322
|gen|9
|tier|[Gen 9] OU
|rated|
|rule|HP Percentage Mod: HP is shown in percentages
|rule|Endless Battle Clause: Forcing endless battles is banned
|rule|Species Clause: Limit one of each Pokémon
|rule|OHKO Clause: OHKO moves are banned
|rule|Evasion Items Clause: Evasion items are banned
|rule|Evasion Moves Clause: Evasion moves are banned
|rule|Evasion Abilities Clause: Evasion abilities are banned
|rule|Sleep Moves Clause: Sleep-inducing moves are banned
|clearpoke
|poke|p1|Kyurem|
|poke|p1|Zapdos|
|poke|p1|Slowking-Galar, M|
|poke|p1|Cinderace, F|
|poke|p1|Iron Valiant|
|poke|p1|Kingambit, M|
|poke|p2|Blaziken, F|
|poke|p2|Sinistcha|
|poke|p2|Excadrill, M|
|poke|p2|Tyranitar, F|
|poke|p2|Iron Valiant|
|poke|p2|Rotom-Wash|
|teampreview
|inactive|Battle timer is ON: inactive players will automatically lose when time's up. (requested by boocat2)
|
|t:|1757799271
|teamsize|p1|6
|teamsize|p2|6
|start
|switch|p1a: Cinderace|Cinderace, F|100/100
|switch|p2a: Rotom|Rotom-Wash|100/100
|turn|1
|
|t:|1757799275
|move|p1a: Cinderace|U-turn|p2a: Rotom
|-damage|p2a: Rotom|81/100
|
|t:|1757799279
|switch|p1a: Slowking|Slowking-Galar, M|100/100|[from] U-turn
|move|p2a: Rotom|Hydro Pump|p1a: Slowking|[miss]
|-miss|p2a: Rotom|p1a: Slowking
|
|-heal|p2a: Rotom|87/100|[from] item: Leftovers
|upkeep
|turn|2
|
|t:|1757799286
|move|p2a: Rotom|Volt Switch|p1a: Slowking
|-damage|p1a: Slowking|87/100
|
|t:|1757799290
|switch|p2a: Tyranitar|Tyranitar, F|100/100|[from] Volt Switch
|-weather|Sandstorm|[from] ability: Sand Stream|[of] p2a: Tyranitar
|move|p1a: Slowking|Future Sight|p2a: Tyranitar
|-start|p1a: Slowking|move: Future Sight
|
|-weather|Sandstorm|[upkeep]
|-damage|p1a: Slowking|81/100|[from] Sandstorm
|upkeep
|turn|3
|
|t:|1757799298
|switch|p1a: Iron Valiant|Iron Valiant|100/100
|move|p2a: Tyranitar|Stealth Rock|p1a: Iron Valiant
|-sidestart|p1: boocat2|move: Stealth Rock
|
|-weather|Sandstorm|[upkeep]
|-damage|p1a: Iron Valiant|94/100|[from] Sandstorm
|upkeep
|turn|4
|
|t:|1757799305
|switch|p2a: Rotom|Rotom-Wash|87/100
|move|p1a: Iron Valiant|Aura Sphere|p2a: Rotom
|-damage|p2a: Rotom|56/100
|
|-weather|Sandstorm|[upkeep]
|-damage|p1a: Iron Valiant|88/100|[from] Sandstorm
|-damage|p2a: Rotom|50/100|[from] Sandstorm
|-end|p2a: Rotom|move: Future Sight
|-damage|p2a: Rotom|11/100
|-heal|p2a: Rotom|17/100|[from] item: Leftovers
|upkeep
|turn|5
|
|t:|1757799313
|switch|p2a: Sinistcha|Sinistcha|100/100
|move|p1a: Iron Valiant|Aura Sphere|p2a: Sinistcha
|-immune|p2a: Sinistcha
|
|-weather|Sandstorm|[upkeep]
|-damage|p1a: Iron Valiant|82/100|[from] Sandstorm
|-damage|p2a: Sinistcha|94/100|[from] Sandstorm
|upkeep
|turn|6
|
|t:|1757799325
|-end|p1a: Iron Valiant|Quark Drive|[silent]
|switch|p1a: Zapdos|Zapdos|100/100
|move|p2a: Sinistcha|Strength Sap|p1a: Zapdos
|-unboost|p1a: Zapdos|atk|1
|-heal|p2a: Sinistcha|100/100
|
|-weather|Sandstorm|[upkeep]
|-damage|p1a: Zapdos|94/100|[from] Sandstorm
|-damage|p2a: Sinistcha|94/100|[from] Sandstorm
|upkeep
|turn|7
|
|t:|1757799329
|switch|p2a: Excadrill|Excadrill, M|100/100
|move|p1a: Zapdos|Hurricane|p2a: Excadrill
|-resisted|p2a: Excadrill
|-damage|p2a: Excadrill|69/100
|-start|p2a: Excadrill|confusion
|
|-weather|Sandstorm|[upkeep]
|-damage|p1a: Zapdos|88/100|[from] Sandstorm
|-heal|p2a: Excadrill|76/100|[from] item: Leftovers
|upkeep
|turn|8
|
|t:|1757799348
|switch|p2a: Tyranitar|Tyranitar, F|100/100
|move|p1a: Zapdos|Hurricane|p2a: Tyranitar
|-resisted|p2a: Tyranitar
|-damage|p2a: Tyranitar|92/100
|-start|p2a: Tyranitar|confusion
|
|-weather|Sandstorm|[upkeep]
|-damage|p1a: Zapdos|82/100|[from] Sandstorm
|upkeep
|turn|9
|
|t:|1757799375
|move|p1a: Zapdos|Volt Switch|p2a: Tyranitar
|-damage|p2a: Tyranitar|79/100
|
|t:|1757799380
|switch|p1a: Iron Valiant|Iron Valiant|82/100|[from] Volt Switch
|-damage|p1a: Iron Valiant|76/100|[from] Stealth Rock
|-activate|p2a: Tyranitar|confusion
|move|p2a: Tyranitar|Ice Beam|p1a: Iron Valiant
|-damage|p1a: Iron Valiant|42/100
|
|-weather|none
|upkeep
|turn|10
|
|t:|1757799388
|switch|p2a: Sinistcha|Sinistcha|94/100
|move|p1a: Iron Valiant|Shadow Ball|p2a: Sinistcha
|-supereffective|p2a: Sinistcha
|-damage|p2a: Sinistcha|34/100
|-unboost|p2a: Sinistcha|spd|1
|
|upkeep
|turn|11
|
|t:|1757799394
|switch|p2a: Tyranitar|Tyranitar, F|79/100
|-weather|Sandstorm|[from] ability: Sand Stream|[of] p2a: Tyranitar
|move|p1a: Iron Valiant|Shadow Ball|p2a: Tyranitar
|-resisted|p2a: Tyranitar
|-damage|p2a: Tyranitar|74/100
|
|-weather|Sandstorm|[upkeep]
|-damage|p1a: Iron Valiant|36/100|[from] Sandstorm
|upkeep
|turn|12
|
|t:|1757799404
|-end|p1a: Iron Valiant|Quark Drive|[silent]
|switch|p1a: Kingambit|Kingambit, M, shiny|100/100
|-damage|p1a: Kingambit|94/100|[from] Stealth Rock
|move|p2a: Tyranitar|Ice Beam|p1a: Kingambit
|-resisted|p1a: Kingambit
|-damage|p1a: Kingambit|83/100
|
|-weather|Sandstorm|[upkeep]
|-heal|p1a: Kingambit|89/100|[from] item: Leftovers
|upkeep
|turn|13
|
|t:|1757799411
|move|p1a: Kingambit|Iron Head|p2a: Tyranitar
|-supereffective|p2a: Tyranitar
|-damage|p2a: Tyranitar|0 fnt
|faint|p2a: Tyranitar
|
|-weather|Sandstorm|[upkeep]
|-heal|p1a: Kingambit|95/100|[from] item: Leftovers
|upkeep
|
|t:|1757799417
|switch|p2a: Blaziken|Blaziken, F|100/100
|turn|14
|
|t:|1757799421
|-end|p1a: Kingambit|fallenundefined|[silent]
|switch|p1a: Zapdos|Zapdos|82/100
|move|p2a: Blaziken|Fire Blast|p1a: Zapdos
|-damage|p1a: Zapdos|29/100
|-damage|p2a: Blaziken|91/100|[from] item: Life Orb
|
|-weather|Sandstorm|[upkeep]
|-damage|p2a: Blaziken|85/100|[from] Sandstorm
|-damage|p1a: Zapdos|23/100|[from] Sandstorm
|-ability|p2a: Blaziken|Speed Boost|boost
|-boost|p2a: Blaziken|spe|1
|upkeep
|turn|15
|
|t:|1757799428
|move|p2a: Blaziken|Fire Blast|p1a: Zapdos
|-damage|p1a: Zapdos|0 fnt
|faint|p1a: Zapdos
|-damage|p2a: Blaziken|75/100|[from] item: Life Orb
|
|-weather|Sandstorm|[upkeep]
|-damage|p2a: Blaziken|69/100|[from] Sandstorm
|-ability|p2a: Blaziken|Speed Boost|boost
|-boost|p2a: Blaziken|spe|1
|upkeep
|
|t:|1757799435
|switch|p1a: Slowking|Slowking-Galar, M|100/100
|turn|16
|
|t:|1757799438
|move|p2a: Blaziken|Earthquake|p1a: Slowking
|-supereffective|p1a: Slowking
|-damage|p1a: Slowking|15/100
|-damage|p2a: Blaziken|59/100|[from] item: Life Orb
|-prepare|p1a: Slowking|Chilly Reception|[premajor]
|move|p1a: Slowking|Chilly Reception|p1a: Slowking
|-weather|Snowscape
|
|t:|1757799448
|switch|p1a: Kyurem|Kyurem|100/100|[from] Chilly Reception
|-damage|p1a: Kyurem|76/100|[from] Stealth Rock
|-ability|p1a: Kyurem|Pressure
|
|-weather|Snowscape|[upkeep]
|-ability|p2a: Blaziken|Speed Boost|boost
|-boost|p2a: Blaziken|spe|1
|upkeep
|turn|17
|
|t:|1757799455
|-terastallize|p1a: Kyurem|Dragon
|move|p2a: Blaziken|Close Combat|p1a: Kyurem
|-damage|p1a: Kyurem|0 fnt
|-unboost|p2a: Blaziken|def|1
|-unboost|p2a: Blaziken|spd|1
|faint|p1a: Kyurem
|-damage|p2a: Blaziken|49/100|[from] item: Life Orb
|
|-weather|Snowscape|[upkeep]
|-ability|p2a: Blaziken|Speed Boost|boost
|-boost|p2a: Blaziken|spe|1
|upkeep
|
|t:|1757799460
|switch|p1a: Iron Valiant|Iron Valiant|36/100
|-damage|p1a: Iron Valiant|30/100|[from] Stealth Rock
|turn|18
|
|t:|1757799464
|move|p2a: Blaziken|Protect|p2a: Blaziken
|-singleturn|p2a: Blaziken|Protect
|move|p1a: Iron Valiant|Shadow Ball|p2a: Blaziken
|-activate|p2a: Blaziken|move: Protect
|
|-weather|Snowscape|[upkeep]
|-ability|p2a: Blaziken|Speed Boost|boost
|-boost|p2a: Blaziken|spe|1
|upkeep
|turn|19
|
|t:|1757799470
|move|p2a: Blaziken|Earthquake|p1a: Iron Valiant
|-damage|p1a: Iron Valiant|0 fnt
|faint|p1a: Iron Valiant
|-end|p1a: Iron Valiant|Quark Drive|[silent]
|-damage|p2a: Blaziken|39/100|[from] item: Life Orb
|
|-weather|Snowscape|[upkeep]
|-ability|p2a: Blaziken|Speed Boost|boost
|-boost|p2a: Blaziken|spe|1
|upkeep
|-message|boocat2 forfeited.
|
|win|LT91BB incelman
|raw|boocat2's rating: 1267 &rarr; <strong>1246</strong><br />(-21 for losing)
|raw|LT91BB incelman's rating: 1322 &rarr; <strong>1339</strong><br />(+17 for winning)
|l|☆boocat2
|player|p1|
