|j|☆JacquesDeAlderberg
|j|☆zhuangmou
|t:|1757864858
|gametype|singles
|player|p1|JacquesDeAlderberg|2|1760
|player|p2|zhuangmou|red|1688
|gen|9
|tier|[Gen 9] OU
|rated|
|rule|HP Percentage Mod: HP is shown in percentages
|rule|Endless Battle Clause: Forcing endless battles is banned
|rule|Species Clause: Limit one of each Pokémon
|rule|OHKO Clause: OHKO moves are banned
|rule|Evasion Items Clause: Evasion items are banned
|rule|Evasion Moves Clause: Evasion moves are banned
|rule|Evasion Abilities Clause: Evasion abilities are banned
|rule|Sleep Moves Clause: Sleep-inducing moves are banned
|clearpoke
|poke|p1|Enamorus, F|
|poke|p1|Great Tusk|
|poke|p1|Hatterene, F|
|poke|p1|Iron Crown|
|poke|p1|Ting-Lu|
|poke|p1|Sinistcha|
|poke|p2|Darkrai|
|poke|p2|Great Tusk|
|poke|p2|Landorus-Therian, M|
|poke|p2|Dragapult, F|
|poke|p2|Heatran, M|
|poke|p2|Primarina, F|
|teampreview
|inactive|Battle timer is ON: inactive players will automatically lose when time's up. (requested by zhuangmou)
|j| avernux
|inactive|zhuangmou has 120 seconds left.
|
|t:|1757864894
|teamsize|p1|6
|teamsize|p2|6
|start
|switch|p1a: Enamorus|Enamorus, F|100/100
|switch|p2a: Primarina|Primarina, F|100/100
|turn|1
|j| Hvcfhkj
|
|t:|1757864910
|move|p1a: Enamorus|Moonblast|p2a: Primarina
|-damage|p2a: Primarina|77/100
|move|p2a: Primarina|Flip Turn|p1a: Enamorus
|-damage|p1a: Enamorus|81/100
|
|t:|1757864923
|switch|p2a: Heatran|Heatran, M|100/100|[from] Flip Turn
|
|-heal|p1a: Enamorus|87/100|[from] item: Leftovers
|upkeep
|turn|2
|inactive|zhuangmou has 120 seconds left.
|l| Hvcfhkj
|l| avernux
|inactive|zhuangmou has 90 seconds left.
|
|t:|1757864981
|switch|p2a: Primarina|Primarina, F|77/100
|move|p1a: Enamorus|Substitute|p1a: Enamorus
|-start|p1a: Enamorus|Substitute
|-damage|p1a: Enamorus|62/100
|
|-heal|p1a: Enamorus|68/100|[from] item: Leftovers
|upkeep
|turn|3
|inactive|zhuangmou has 90 seconds left.
|
|t:|1757864987
|move|p1a: Enamorus|Moonblast|p2a: Primarina
|-damage|p2a: Primarina|54/100
|move|p2a: Primarina|Psychic Noise|p1a: Enamorus
|-damage|p1a: Enamorus|16/100
|-start|p1a: Enamorus|move: Heal Block
|
|upkeep
|turn|4
|
|t:|1757864995
|move|p1a: Enamorus|Moonblast|p2a: Primarina
|-damage|p2a: Primarina|32/100
|move|p2a: Primarina|Psychic Noise|p1a: Enamorus
|-damage|p1a: Enamorus|0 fnt
|faint|p1a: Enamorus
|
|upkeep
|inactive|JacquesDeAlderberg has 120 seconds left.
|j| Jey2
|inactive|JacquesDeAlderberg has 90 seconds left.
|
|t:|1757865060
|switch|p1a: Sinistcha|Sinistcha|100/100
|turn|5
|j| AmGodzchild
|inactive|zhuangmou has 90 seconds left.
|
|t:|1757865090
|move|p1a: Sinistcha|Matcha Gotcha|p2a: Primarina
|-supereffective|p2a: Primarina
|-damage|p2a: Primarina|2/100
|move|p2a: Primarina|Psychic Noise|p1a: Sinistcha
|-resisted|p1a: Sinistcha
|-damage|p1a: Sinistcha|80/100
|-start|p1a: Sinistcha|move: Heal Block
|
|upkeep
|turn|6
|inactive|zhuangmou has 90 seconds left.
|
|t:|1757865099
|move|p1a: Sinistcha|Shadow Ball|p2a: Primarina
|-damage|p2a: Primarina|0 fnt
|faint|p2a: Primarina
|
|-end|p1a: Sinistcha|move: Heal Block
|upkeep
|l| AmGodzchild
|inactive|zhuangmou has 90 seconds left.
|
|t:|1757865106
|switch|p2a: Darkrai|Darkrai|100/100
|turn|7
|
|t:|1757865110
|switch|p1a: Ting-Lu|Ting-Lu|100/100
|-ability|p1a: Ting-Lu|Vessel of Ruin
|move|p2a: Darkrai|Nasty Plot|p2a: Darkrai
|-boost|p2a: Darkrai|spa|2
|
|upkeep
|turn|8
|inactive|JacquesDeAlderberg has 120 seconds left.
|
|t:|1757865117
|move|p2a: Darkrai|Ice Beam|p1a: Ting-Lu
|-supereffective|p1a: Ting-Lu
|-damage|p1a: Ting-Lu|31/100
|-damage|p2a: Darkrai|91/100|[from] item: Life Orb
|move|p1a: Ting-Lu|Ruination|p2a: Darkrai
|-damage|p2a: Darkrai|46/100
|
|-heal|p1a: Ting-Lu|37/100|[from] item: Leftovers
|upkeep
|turn|9
|
|t:|1757865125
|move|p2a: Darkrai|Ice Beam|p1a: Ting-Lu
|-supereffective|p1a: Ting-Lu
|-damage|p1a: Ting-Lu|0 fnt
|faint|p1a: Ting-Lu
|-damage|p2a: Darkrai|36/100|[from] item: Life Orb
|
|upkeep
|
|t:|1757865127
|switch|p1a: Great Tusk|Great Tusk|100/100
|-enditem|p1a: Great Tusk|Booster Energy
|-activate|p1a: Great Tusk|ability: Protosynthesis|[fromitem]
|-start|p1a: Great Tusk|protosynthesisspe
|turn|10
|
|t:|1757865136
|switch|p2a: Landorus|Landorus-Therian, M|100/100
|-ability|p2a: Landorus|Intimidate|boost
|-unboost|p1a: Great Tusk|atk|1
|move|p1a: Great Tusk|Headlong Rush|p2a: Landorus
|-immune|p2a: Landorus
|
|upkeep
|turn|11
|
|t:|1757865142
|move|p1a: Great Tusk|Bulk Up|p1a: Great Tusk
|-boost|p1a: Great Tusk|atk|1
|-boost|p1a: Great Tusk|def|1
|move|p2a: Landorus|Psychic|p1a: Great Tusk
|-supereffective|p1a: Great Tusk
|-damage|p1a: Great Tusk|42/100
|
|upkeep
|turn|12
|
|t:|1757865156
|move|p1a: Great Tusk|Ice Spinner|p2a: Landorus
|-supereffective|p2a: Landorus
|-damage|p2a: Landorus|40/100
|-damage|p1a: Great Tusk|26/100|[from] item: Rocky Helmet|[of] p2a: Landorus
|move|p2a: Landorus|Psychic|p1a: Great Tusk
|-supereffective|p1a: Great Tusk
|-damage|p1a: Great Tusk|0 fnt
|faint|p1a: Great Tusk
|-end|p1a: Great Tusk|Protosynthesis|[silent]
|
|upkeep
|j| avernux
|
|t:|1757865163
|switch|p1a: Iron Crown|Iron Crown|100/100
|-enditem|p1a: Iron Crown|Booster Energy
|-activate|p1a: Iron Crown|ability: Quark Drive|[fromitem]
|-start|p1a: Iron Crown|quarkdrivespa
|turn|13
|
|t:|1757865174
|-terastallize|p1a: Iron Crown|Fighting
|move|p1a: Iron Crown|Agility|p1a: Iron Crown
|-boost|p1a: Iron Crown|spe|2
|move|p2a: Landorus|Earthquake|p1a: Iron Crown
|-damage|p1a: Iron Crown|51/100
|
|upkeep
|turn|14
|
|t:|1757865196
|move|p1a: Iron Crown|Stored Power|p2a: Landorus
|-damage|p2a: Landorus|0 fnt
|faint|p2a: Landorus
|
|upkeep
|j| 40 crip
|inactive|zhuangmou has 120 seconds left.
|j| wgw2333
|inactive|zhuangmou has 90 seconds left.
|
|t:|1757865262
|switch|p2a: Great Tusk|Great Tusk|100/100
|turn|15
|
|t:|1757865267
|-terastallize|p2a: Great Tusk|Steel
|move|p1a: Iron Crown|Focus Blast|p2a: Great Tusk
|-supereffective|p2a: Great Tusk
|-damage|p2a: Great Tusk|0 fnt
|faint|p2a: Great Tusk
|-end|p2a: Great Tusk|Protosynthesis|[silent]
|
|upkeep
|c|☆zhuangmou|裂开
|l| avernux
|c| Jey2|Lol
|inactive|zhuangmou has 60 seconds left.
|c|☆zhuangmou|厉害
|
|t:|1757865293
|switch|p2a: Dragapult|Dragapult, F|100/100
|turn|16
|inactive|zhuangmou has 60 seconds left.
|
|t:|1757865302
|move|p1a: Iron Crown|Calm Mind|p1a: Iron Crown
|-boost|p1a: Iron Crown|spa|1
|-boost|p1a: Iron Crown|spd|1
|move|p2a: Dragapult|Dragon Darts|p1a: Iron Crown
|-crit|p1a: Iron Crown
|-damage|p1a: Iron Crown|0 fnt
|faint|p1a: Iron Crown
|-end|p1a: Iron Crown|Quark Drive|[silent]
|
|upkeep
|c| Jey2|Lol
|l| wgw2333
|inactive|JacquesDeAlderberg has 120 seconds left.
|
|t:|1757865336
|switch|p1a: Hatterene|Hatterene, F|100/100
|turn|17
|
|t:|1757865350
|switch|p2a: Heatran|Heatran, M|100/100
|move|p1a: Hatterene|Nuzzle|p2a: Heatran
|-damage|p2a: Heatran|97/100
|-status|p2a: Heatran|par
|
|-heal|p2a: Heatran|100/100 par|[from] item: Leftovers
|upkeep
|turn|18
|
|t:|1757865358
|switch|p1a: Sinistcha|Sinistcha|80/100
|cant|p2a: Heatran|par
|
|upkeep
|turn|19
|
|t:|1757865367
|move|p1a: Sinistcha|Shadow Ball|p2a: Heatran
|-damage|p2a: Heatran|75/100 par
|-unboost|p2a: Heatran|spd|1
|cant|p2a: Heatran|par
|
|-heal|p2a: Heatran|81/100 par|[from] item: Leftovers
|upkeep
|turn|20
|
|t:|1757865372
|move|p1a: Sinistcha|Shadow Ball|p2a: Heatran
|-damage|p2a: Heatran|43/100 par
|move|p2a: Heatran|Magma Storm|p1a: Sinistcha
|-supereffective|p1a: Sinistcha
|-damage|p1a: Sinistcha|19/100
|-activate|p1a: Sinistcha|move: Magma Storm|[of] p2a: Heatran
|
|-heal|p2a: Heatran|49/100 par|[from] item: Leftovers
|-damage|p1a: Sinistcha|7/100|[from] move: Magma Storm|[partiallytrapped]
|upkeep
|turn|21
|inactive|zhuangmou has 90 seconds left.
|
|t:|1757865379
|move|p2a: Heatran|Protect|p2a: Heatran
|-singleturn|p2a: Heatran|Protect
|move|p1a: Sinistcha|Shadow Ball|p2a: Heatran
|-activate|p2a: Heatran|move: Protect
|
|-heal|p2a: Heatran|55/100 par|[from] item: Leftovers
|-damage|p1a: Sinistcha|0 fnt|[from] move: Magma Storm|[partiallytrapped]
|faint|p1a: Sinistcha
|upkeep
|
|t:|1757865381
|switch|p1a: Hatterene|Hatterene, F|100/100
|turn|22
|
|t:|1757865392
|switch|p2a: Dragapult|Dragapult, F|100/100
|move|p1a: Hatterene|Psychic Noise|p2a: Dragapult
|-damage|p2a: Dragapult|56/100
|-start|p2a: Dragapult|move: Heal Block
|
|upkeep
|turn|23
|
|t:|1757865401
|move|p2a: Dragapult|Tera Blast|p1a: Hatterene
|-damage|p1a: Hatterene|84/100
|move|p1a: Hatterene|Nuzzle|p2a: Dragapult
|-resisted|p2a: Dragapult
|-damage|p2a: Dragapult|53/100
|-status|p2a: Dragapult|par
|
|-heal|p1a: Hatterene|90/100|[from] item: Leftovers
|-end|p2a: Dragapult|move: Heal Block
|upkeep
|turn|24
|
|t:|1757865405
|move|p2a: Dragapult|Tera Blast|p1a: Hatterene
|-damage|p1a: Hatterene|73/100
|move|p1a: Hatterene|Dazzling Gleam|p2a: Dragapult
|-supereffective|p2a: Dragapult
|-damage|p2a: Dragapult|0 fnt
|faint|p2a: Dragapult
|
|-heal|p1a: Hatterene|79/100|[from] item: Leftovers
|upkeep
|
|t:|1757865410
|switch|p2a: Darkrai|Darkrai|36/100
|turn|25
|
|t:|1757865413
|move|p2a: Darkrai|Sludge Bomb|p1a: Hatterene
|-supereffective|p1a: Hatterene
|-damage|p1a: Hatterene|0 fnt
|faint|p1a: Hatterene
|-damage|p2a: Darkrai|26/100|[from] item: Life Orb
|
|win|zhuangmou
|raw|JacquesDeAlderberg's rating: 1760 &rarr; <strong>1736</strong><br />(-24 for losing)
|raw|zhuangmou's rating: 1688 &rarr; <strong>1712</strong><br />(+24 for winning)
|c|☆zhuangmou|祝你好运
|c|☆JacquesDeAlderberg|gg
|l| Jey2
|c|☆zhuangmou|gg
|l|☆JacquesDeAlderberg
|player|p1|
|j|☆JacquesDeAlderberg
|player|p1|JacquesDeAlderberg|2|
|l|☆zhuangmou
|player|p2|
