|j|☆dyata
|j|☆zskuxxz
|t:|1757862601
|gametype|singles
|player|p1|dyata|hooligans|1365
|player|p2|zskuxxz|169|1320
|gen|9
|tier|[Gen 9] OU
|rated|
|rule|HP Percentage Mod: HP is shown in percentages
|rule|Endless Battle Clause: Forcing endless battles is banned
|rule|Species Clause: Limit one of each Pokémon
|rule|OHKO Clause: OHKO moves are banned
|rule|Evasion Items Clause: Evasion items are banned
|rule|Evasion Moves Clause: Evasion moves are banned
|rule|Evasion Abilities Clause: Evasion abilities are banned
|rule|Sleep Moves Clause: Sleep-inducing moves are banned
|clearpoke
|poke|p1|Corviknight, F|
|poke|p1|Cinderace, F|
|poke|p1|Sylveon, F|
|poke|p1|Raging Bolt|
|poke|p1|Zamazenta-*|
|poke|p1|Keldeo|
|poke|p2|Dragonite, F|
|poke|p2|Zamazenta-*|
|poke|p2|Landorus-Therian, M|
|poke|p2|Gholdengo|
|poke|p2|Darkrai|
|poke|p2|Hatterene, F|
|teampreview
|
|t:|1757862606
|teamsize|p1|6
|teamsize|p2|6
|start
|switch|p1a: Cinderace|Cinderace, F|100/100
|switch|p2a: Landorus|Landorus-Therian, M|100/100
|-ability|p2a: Landorus|Intimidate|boost
|-unboost|p1a: Cinderace|atk|1
|turn|1
|
|t:|1757862611
|move|p1a: Cinderace|Pyro Ball|p2a: Landorus
|-damage|p2a: Landorus|50/100
|-status|p2a: Landorus|brn
|move|p2a: Landorus|U-turn|p1a: Cinderace
|-resisted|p1a: Cinderace
|-damage|p1a: Cinderace|92/100
|
|t:|1757862624
|switch|p2a: Hatterene|Hatterene, F|100/100|[from] U-turn
|
|upkeep
|turn|2
|
|t:|1757862645
|switch|p1a: Sylveon|Sylveon, F|100/100
|move|p2a: Hatterene|Mystical Fire|p1a: Sylveon
|-damage|p1a: Sylveon|88/100
|-unboost|p1a: Sylveon|spa|1
|
|upkeep
|turn|3
|
|t:|1757862666
|switch|p1a: Cinderace|Cinderace, F|92/100
|switch|p2a: Landorus|Landorus-Therian, M|50/100 brn
|-ability|p2a: Landorus|Intimidate|boost
|-unboost|p1a: Cinderace|atk|1
|
|-damage|p2a: Landorus|44/100 brn|[from] brn
|upkeep
|turn|4
|
|t:|1757862672
|move|p1a: Cinderace|Pyro Ball|p2a: Landorus
|-damage|p2a: Landorus|0 fnt
|faint|p2a: Landorus
|
|upkeep
|
|t:|1757862681
|switch|p2a: Dragonite|Dragonite, F|100/100
|turn|5
|
|t:|1757862703
|switch|p1a: Corviknight|Corviknight, F|100/100
|-ability|p1a: Corviknight|Pressure
|move|p2a: Dragonite|Dragon Dance|p2a: Dragonite
|-boost|p2a: Dragonite|atk|1
|-boost|p2a: Dragonite|spe|1
|
|upkeep
|turn|6
|
|t:|1757862716
|move|p2a: Dragonite|Dragon Dance|p2a: Dragonite
|-boost|p2a: Dragonite|atk|1
|-boost|p2a: Dragonite|spe|1
|move|p1a: Corviknight|U-turn|p2a: Dragonite
|-resisted|p2a: Dragonite
|-damage|p2a: Dragonite|96/100
|
|t:|1757862722
|switch|p1a: Sylveon|Sylveon, F|88/100|[from] U-turn
|
|upkeep
|turn|7
|
|t:|1757862730
|-terastallize|p2a: Dragonite|Flying
|move|p2a: Dragonite|Tera Blast|p1a: Sylveon|[anim] Tera Blast Flying
|-crit|p1a: Sylveon
|-damage|p1a: Sylveon|0 fnt
|faint|p1a: Sylveon
|
|upkeep
|
|t:|1757862764
|switch|p1a: Zamazenta|Zamazenta|100/100
|-ability|p1a: Zamazenta|Dauntless Shield|boost
|-boost|p1a: Zamazenta|def|1
|turn|8
|
|t:|1757862818
|-terastallize|p1a: Zamazenta|Steel
|move|p2a: Dragonite|Tera Blast|p1a: Zamazenta|[anim] Tera Blast Flying
|-resisted|p1a: Zamazenta
|-damage|p1a: Zamazenta|68/100
|move|p1a: Zamazenta|Crunch|p2a: Dragonite
|-damage|p2a: Dragonite|65/100
|
|-heal|p1a: Zamazenta|74/100|[from] item: Leftovers
|upkeep
|turn|9
|
|t:|1757862824
|move|p2a: Dragonite|Earthquake|p1a: Zamazenta
|-supereffective|p1a: Zamazenta
|-damage|p1a: Zamazenta|0 fnt
|faint|p1a: Zamazenta
|
|upkeep
|
|t:|1757862830
|switch|p1a: Raging Bolt|Raging Bolt|100/100
|-enditem|p1a: Raging Bolt|Booster Energy
|-activate|p1a: Raging Bolt|ability: Protosynthesis|[fromitem]
|-start|p1a: Raging Bolt|protosynthesisspa
|turn|10
|
|t:|1757862837
|move|p2a: Dragonite|Earthquake|p1a: Raging Bolt
|-supereffective|p1a: Raging Bolt
|-damage|p1a: Raging Bolt|0 fnt
|faint|p1a: Raging Bolt
|-end|p1a: Raging Bolt|Protosynthesis|[silent]
|
|upkeep
|
|t:|1757862852
|switch|p1a: Corviknight|Corviknight, F|100/100
|-ability|p1a: Corviknight|Pressure
|turn|11
|
|t:|1757862858
|move|p2a: Dragonite|Dragon Dance|p2a: Dragonite
|-boost|p2a: Dragonite|atk|1
|-boost|p2a: Dragonite|spe|1
|move|p1a: Corviknight|Brave Bird|p2a: Dragonite
|-damage|p2a: Dragonite|26/100
|-damage|p1a: Corviknight|90/100|[from] Recoil
|
|upkeep
|turn|12
|
|t:|1757862862
|move|p2a: Dragonite|Tera Blast|p1a: Corviknight|[anim] Tera Blast Flying
|-resisted|p1a: Corviknight
|-damage|p1a: Corviknight|46/100
|move|p1a: Corviknight|Brave Bird|p2a: Dragonite
|-damage|p2a: Dragonite|0 fnt
|faint|p2a: Dragonite
|-damage|p1a: Corviknight|39/100|[from] Recoil
|
|upkeep
|
|t:|1757862889
|switch|p2a: Darkrai|Darkrai|100/100
|turn|13
|
|t:|1757862894
|move|p2a: Darkrai|Taunt|p1a: Corviknight
|-start|p1a: Corviknight|move: Taunt
|cant|p1a: Corviknight|move: Taunt|Roost
|
|upkeep
|turn|14
|
|t:|1757862897
|move|p2a: Darkrai|Will-O-Wisp|p1a: Corviknight
|-status|p1a: Corviknight|brn
|move|p1a: Corviknight|U-turn|p2a: Darkrai
|-supereffective|p2a: Darkrai
|-damage|p2a: Darkrai|84/100
|
|t:|1757862902
|switch|p1a: Cinderace|Cinderace, F|92/100|[from] U-turn
|
|upkeep
|turn|15
|
|t:|1757862906
|switch|p2a: Hatterene|Hatterene, F|100/100
|move|p1a: Cinderace|U-turn|p2a: Hatterene
|-start|p1a: Cinderace|typechange|Bug|[from] ability: Libero
|-damage|p2a: Hatterene|42/100
|
|t:|1757862917
|switch|p1a: Keldeo|Keldeo|100/100|[from] U-turn
|
|upkeep
|turn|16
|
|t:|1757862929
|switch|p2a: Darkrai|Darkrai|84/100
|move|p1a: Keldeo|Surf|p2a: Darkrai
|-damage|p2a: Darkrai|31/100
|
|upkeep
|turn|17
|
|t:|1757862931
|move|p1a: Keldeo|Vacuum Wave|p2a: Darkrai
|-supereffective|p2a: Darkrai
|-damage|p2a: Darkrai|0 fnt
|faint|p2a: Darkrai
|
|upkeep
|
|t:|1757862947
|switch|p2a: Gholdengo|Gholdengo|100/100
|turn|18
|
|t:|1757862971
|move|p1a: Keldeo|Surf|p2a: Gholdengo
|-damage|p2a: Gholdengo|51/100
|move|p2a: Gholdengo|Thunderbolt|p1a: Keldeo
|-supereffective|p1a: Keldeo
|-damage|p1a: Keldeo|18/100
|
|upkeep
|turn|19
|
|t:|1757862977
|move|p1a: Keldeo|Surf|p2a: Gholdengo
|-damage|p2a: Gholdengo|3/100
|move|p2a: Gholdengo|Thunderbolt|p1a: Keldeo
|-supereffective|p1a: Keldeo
|-damage|p1a: Keldeo|0 fnt
|faint|p1a: Keldeo
|
|upkeep
|
|t:|1757862986
|switch|p1a: Cinderace|Cinderace, F|92/100
|turn|20
|
|t:|1757862993
|switch|p2a: Zamazenta|Zamazenta|100/100
|-ability|p2a: Zamazenta|Dauntless Shield|boost
|-boost|p2a: Zamazenta|def|1
|move|p1a: Cinderace|Pyro Ball|p2a: Zamazenta
|-damage|p2a: Zamazenta|55/100
|
|-heal|p2a: Zamazenta|61/100|[from] item: Leftovers
|upkeep
|turn|21
|
|t:|1757863003
|switch|p1a: Corviknight|Corviknight, F|39/100 brn
|-ability|p1a: Corviknight|Pressure
|move|p2a: Zamazenta|Iron Defense|p2a: Zamazenta
|-boost|p2a: Zamazenta|def|2
|
|-heal|p2a: Zamazenta|67/100|[from] item: Leftovers
|-damage|p1a: Corviknight|33/100 brn|[from] brn
|upkeep
|turn|22
|
|t:|1757863007
|move|p2a: Zamazenta|Body Press|p1a: Corviknight
|-damage|p1a: Corviknight|0 fnt
|-damage|p2a: Zamazenta|51/100|[from] item: Rocky Helmet|[of] p1a: Corviknight
|faint|p1a: Corviknight
|
|-heal|p2a: Zamazenta|57/100|[from] item: Leftovers
|upkeep
|
|t:|1757863010
|switch|p1a: Cinderace|Cinderace, F|92/100
|turn|23
|
|t:|1757863015
|move|p2a: Zamazenta|Body Press|p1a: Cinderace
|-damage|p1a: Cinderace|0 fnt
|faint|p1a: Cinderace
|
|win|zskuxxz
|raw|dyata's rating: 1365 &rarr; <strong>1342</strong><br />(-23 for losing)
|raw|zskuxxz's rating: 1320 &rarr; <strong>1343</strong><br />(+23 for winning)
|l|☆dyata
|player|p1|
|l|☆zskuxxz
|player|p2|
