|j|☆boredbattle
|j|☆William will
|t:|1757828510
|gametype|singles
|player|p1|boredbattle|101|1166
|player|p2|William will|101|1116
|gen|9
|tier|[Gen 9] OU
|rated|
|rule|HP Percentage Mod: HP is shown in percentages
|rule|Endless Battle Clause: Forcing endless battles is banned
|rule|Species Clause: Limit one of each Pokémon
|rule|OHKO Clause: OHKO moves are banned
|rule|Evasion Items Clause: Evasion items are banned
|rule|Evasion Moves Clause: Evasion moves are banned
|rule|Evasion Abilities Clause: Evasion abilities are banned
|rule|Sleep Moves Clause: Sleep-inducing moves are banned
|clearpoke
|poke|p1|Salazzle, F|
|poke|p1|Ariados, M|
|poke|p1|Glimmora, F|
|poke|p1|Clodsire, M|
|poke|p1|Overqwil, F|
|poke|p1|Munkidori, M|
|poke|p2|Cinderace, M|
|poke|p2|Malamar, F|
|poke|p2|Corviknight, M|
|poke|p2|Gengar, M|
|poke|p2|Ogerpon-Wellspring, F|
|poke|p2|Sylveon, F|
|teampreview
|
|t:|1757828518
|teamsize|p1|6
|teamsize|p2|6
|start
|switch|p1a: Munkidori|Munkidori, M|100/100
|switch|p2a: Gengar|Gengar, M|100/100
|turn|1
|inactive|Battle timer is ON: inactive players will automatically lose when time's up. (requested by William will)
|
|t:|1757828527
|switch|p2a: Malamar|Malamar, F|100/100
|move|p1a: Munkidori|Shadow Ball|p2a: Malamar
|-crit|p2a: Malamar
|-damage|p2a: Malamar|37/100
|-damage|p1a: Munkidori|91/100|[from] item: Life Orb
|
|-heal|p2a: Malamar|43/100|[from] item: Leftovers
|upkeep
|turn|2
|
|t:|1757828543
|move|p1a: Munkidori|Nasty Plot|p1a: Munkidori
|-boost|p1a: Munkidori|spa|2
|move|p2a: Malamar|Knock Off|p1a: Munkidori
|-supereffective|p1a: Munkidori
|-damage|p1a: Munkidori|0 fnt
|-enditem|p1a: Munkidori|Life Orb|[from] move: Knock Off|[of] p2a: Malamar
|faint|p1a: Munkidori
|
|-heal|p2a: Malamar|49/100|[from] item: Leftovers
|upkeep
|
|t:|1757828548
|switch|p1a: Ariados|Ariados, M|100/100
|turn|3
|
|t:|1757828552
|move|p2a: Malamar|Knock Off|p1a: Ariados
|-damage|p1a: Ariados|67/100
|-enditem|p1a: Ariados|Focus Sash|[from] move: Knock Off|[of] p2a: Malamar
|move|p1a: Ariados|Infestation|p2a: Malamar
|-supereffective|p2a: Malamar
|-damage|p2a: Malamar|29/100
|-activate|p2a: Malamar|move: Infestation|[of] p1a: Ariados
|
|-heal|p2a: Malamar|35/100|[from] item: Leftovers
|-damage|p2a: Malamar|22/100|[from] move: Infestation|[partiallytrapped]
|upkeep
|turn|4
|
|t:|1757828563
|move|p1a: Ariados|Sucker Punch|p2a: Malamar
|-damage|p2a: Malamar|10/100
|move|p2a: Malamar|Knock Off|p1a: Ariados
|-damage|p1a: Ariados|46/100
|
|-heal|p2a: Malamar|16/100|[from] item: Leftovers
|-damage|p2a: Malamar|4/100|[from] move: Infestation|[partiallytrapped]
|upkeep
|turn|5
|
|t:|1757828572
|move|p1a: Ariados|Sucker Punch||[still]
|-fail|p1a: Ariados
|move|p2a: Malamar|Topsy-Turvy||[still]
|-fail|p2a: Malamar
|
|-heal|p2a: Malamar|10/100|[from] item: Leftovers
|-damage|p2a: Malamar|0 fnt|[from] move: Infestation|[partiallytrapped]
|faint|p2a: Malamar
|upkeep
|
|t:|1757828580
|switch|p2a: Gengar|Gengar, M|100/100
|turn|6
|
|t:|1757828589
|switch|p1a: Overqwil|Overqwil, F|100/100
|-ability|p1a: Overqwil|Intimidate|boost
|-unboost|p2a: Gengar|atk|1
|move|p2a: Gengar|Will-O-Wisp|p1a: Overqwil
|-status|p1a: Overqwil|brn
|
|-damage|p1a: Overqwil|94/100 brn|[from] brn
|upkeep
|turn|7
|
|t:|1757828606
|switch|p2a: Corviknight|Corviknight, M|100/100
|move|p1a: Overqwil|Liquidation|p2a: Corviknight
|-damage|p2a: Corviknight|85/100
|-ability|p2a: Corviknight|Mirror Armor
|-unboost|p1a: Overqwil|def|1
|-damage|p1a: Overqwil|78/100 brn|[from] item: Rocky Helmet|[of] p2a: Corviknight
|
|-damage|p1a: Overqwil|72/100 brn|[from] brn
|upkeep
|turn|8
|
|t:|1757828617
|move|p1a: Overqwil|Liquidation|p2a: Corviknight
|-damage|p2a: Corviknight|70/100
|-damage|p1a: Overqwil|55/100 brn|[from] item: Rocky Helmet|[of] p2a: Corviknight
|move|p2a: Corviknight|Bulk Up|p2a: Corviknight
|-boost|p2a: Corviknight|atk|1
|-boost|p2a: Corviknight|def|1
|
|-damage|p1a: Overqwil|49/100 brn|[from] brn
|upkeep
|turn|9
|
|t:|1757828624
|switch|p1a: Salazzle|Salazzle, F|100/100
|move|p2a: Corviknight|Bulk Up|p2a: Corviknight
|-boost|p2a: Corviknight|atk|1
|-boost|p2a: Corviknight|def|1
|
|upkeep
|turn|10
|
|t:|1757828646
|switch|p2a: Ogerpon|Ogerpon-Wellspring, F|100/100
|move|p1a: Salazzle|Flamethrower|p2a: Ogerpon
|-damage|p2a: Ogerpon|54/100
|-status|p2a: Ogerpon|brn
|
|-damage|p2a: Ogerpon|48/100 brn|[from] brn
|upkeep
|turn|11
|
|t:|1757828663
|move|p1a: Salazzle|Sludge Bomb|p2a: Ogerpon
|-supereffective|p2a: Ogerpon
|-damage|p2a: Ogerpon|0 fnt
|faint|p2a: Ogerpon
|
|upkeep
|inactiveoff|Battle timer is now OFF.
|
|t:|1757828666
|switch|p2a: Gengar|Gengar, M|100/100
|turn|12
|
|t:|1757828675
|-terastallize|p1a: Salazzle|Ground
|move|p2a: Gengar|Trick|p1a: Salazzle
|-activate|p2a: Gengar|move: Trick|[of] p1a: Salazzle
|-item|p1a: Salazzle|Choice Scarf|[from] move: Trick
|-item|p2a: Gengar|Expert Belt|[from] move: Trick
|move|p1a: Salazzle|Tera Blast|p2a: Gengar|[anim] Tera Blast Ground
|-supereffective|p2a: Gengar
|-damage|p2a: Gengar|4/100
|
|upkeep
|turn|13
|
|t:|1757828690
|switch|p1a: Glimmora|Glimmora, F|100/100
|move|p2a: Gengar|Dark Pulse|p1a: Glimmora
|-damage|p1a: Glimmora|64/100
|
|upkeep
|turn|14
|inactive|Battle timer is ON: inactive players will automatically lose when time's up. (requested by William will)
|
|t:|1757828699
|move|p1a: Glimmora|Mortal Spin|p2a: Gengar
|-resisted|p2a: Gengar
|-damage|p2a: Gengar|2/100
|-start|p1a: Glimmora|Disable|Mortal Spin|[from] ability: Cursed Body|[of] p2a: Gengar
|move|p2a: Gengar|Trick|p1a: Glimmora
|-activate|p2a: Gengar|move: Trick|[of] p1a: Glimmora
|-item|p1a: Glimmora|Expert Belt|[from] move: Trick
|-item|p2a: Gengar|Choice Scarf|[from] move: Trick
|
|upkeep
|turn|15
|
|t:|1757828718
|move|p2a: Gengar|Dark Pulse|p1a: Glimmora
|-damage|p1a: Glimmora|29/100
|move|p1a: Glimmora|Energy Ball|p2a: Gengar
|-resisted|p2a: Gengar
|-damage|p2a: Gengar|0 fnt
|faint|p2a: Gengar
|
|upkeep
|
|t:|1757828727
|switch|p2a: Cinderace|Cinderace, M|100/100
|turn|16
|
|t:|1757828733
|switch|p1a: Clodsire|Clodsire, M|100/100
|move|p2a: Cinderace|Zen Headbutt|p1a: Clodsire
|-start|p2a: Cinderace|typechange|Psychic|[from] ability: Libero
|-supereffective|p1a: Clodsire
|-damage|p1a: Clodsire|47/100
|
|-heal|p1a: Clodsire|53/100|[from] item: Leftovers
|upkeep
|turn|17
|
|t:|1757828740
|move|p2a: Cinderace|Zen Headbutt|p1a: Clodsire
|-supereffective|p1a: Clodsire
|-damage|p1a: Clodsire|0 fnt
|faint|p1a: Clodsire
|
|upkeep
|
|t:|1757828745
|switch|p1a: Overqwil|Overqwil, F|49/100 brn
|-ability|p1a: Overqwil|Intimidate|boost
|-unboost|p2a: Cinderace|atk|1
|turn|18
|
|t:|1757828755
|switch|p2a: Corviknight|Corviknight, M|70/100
|move|p1a: Overqwil|Throat Chop|p2a: Corviknight
|-damage|p2a: Corviknight|49/100
|-start|p2a: Corviknight|Throat Chop|[silent]
|-damage|p1a: Overqwil|33/100 brn|[from] item: Rocky Helmet|[of] p2a: Corviknight
|
|-damage|p1a: Overqwil|27/100 brn|[from] brn
|upkeep
|turn|19
|
|t:|1757828761
|switch|p1a: Salazzle|Salazzle, F, tera:Ground|100/100
|move|p2a: Corviknight|Roost|p2a: Corviknight
|-heal|p2a: Corviknight|99/100
|-singleturn|p2a: Corviknight|move: Roost
|
|-end|p2a: Corviknight|Throat Chop|[silent]
|upkeep
|turn|20
|
|t:|1757828765
|switch|p2a: Sylveon|Sylveon, F|100/100
|move|p1a: Salazzle|Toxic|p2a: Sylveon
|-status|p2a: Sylveon|tox
|
|-damage|p2a: Sylveon|94/100 tox|[from] psn
|upkeep
|turn|21
|
|t:|1757828772
|switch|p1a: Overqwil|Overqwil, F|27/100 brn
|-ability|p1a: Overqwil|Intimidate|boost
|-unboost|p2a: Sylveon|atk|1
|move|p2a: Sylveon|Calm Mind|p2a: Sylveon
|-boost|p2a: Sylveon|spa|1
|-boost|p2a: Sylveon|spd|1
|
|-heal|p2a: Sylveon|100/100 tox|[from] item: Leftovers
|-damage|p2a: Sylveon|88/100 tox|[from] psn
|-damage|p1a: Overqwil|21/100 brn|[from] brn
|upkeep
|turn|22
|
|t:|1757828777
|move|p1a: Overqwil|Barb Barrage|p2a: Sylveon
|-supereffective|p2a: Sylveon
|-damage|p2a: Sylveon|10/100 tox
|move|p2a: Sylveon|Draining Kiss|p1a: Overqwil
|-damage|p1a: Overqwil|0 fnt
|-heal|p2a: Sylveon|24/100 tox|[from] drain|[of] p1a: Overqwil
|faint|p1a: Overqwil
|
|-heal|p2a: Sylveon|30/100 tox|[from] item: Leftovers
|-damage|p2a: Sylveon|12/100 tox|[from] psn
|upkeep
|
|t:|1757828782
|switch|p1a: Glimmora|Glimmora, F|29/100
|turn|23
|
|t:|1757828794
|move|p1a: Glimmora|Earth Power|p2a: Sylveon
|-damage|p2a: Sylveon|0 fnt
|faint|p2a: Sylveon
|
|upkeep
|
|t:|1757828804
|switch|p2a: Corviknight|Corviknight, M|99/100
|turn|24
|
|t:|1757828809
|switch|p1a: Salazzle|Salazzle, F, tera:Ground|100/100
|move|p2a: Corviknight|Bulk Up|p2a: Corviknight
|-boost|p2a: Corviknight|atk|1
|-boost|p2a: Corviknight|def|1
|
|upkeep
|turn|25
|
|t:|1757828819
|-terastallize|p2a: Corviknight|Ground
|move|p1a: Salazzle|Flamethrower|p2a: Corviknight
|-damage|p2a: Corviknight|64/100
|move|p2a: Corviknight|Bulk Up|p2a: Corviknight
|-boost|p2a: Corviknight|atk|1
|-boost|p2a: Corviknight|def|1
|
|upkeep
|turn|26
|
|t:|1757828825
|switch|p1a: Ariados|Ariados, M|46/100
|move|p2a: Corviknight|Body Press|p1a: Ariados
|-resisted|p1a: Ariados
|-damage|p1a: Ariados|34/100
|
|upkeep
|turn|27
|
|t:|1757828831
|move|p2a: Corviknight|Bulk Up|p2a: Corviknight
|-boost|p2a: Corviknight|atk|1
|-boost|p2a: Corviknight|def|1
|move|p1a: Ariados|Infestation|p2a: Corviknight
|-damage|p2a: Corviknight|60/100
|-activate|p2a: Corviknight|move: Infestation|[of] p1a: Ariados
|-damage|p1a: Ariados|18/100|[from] item: Rocky Helmet|[of] p2a: Corviknight
|
|-damage|p2a: Corviknight|48/100|[from] move: Infestation|[partiallytrapped]
|upkeep
|turn|28
|
|t:|1757828841
|move|p2a: Corviknight|Bulk Up|p2a: Corviknight
|-boost|p2a: Corviknight|atk|1
|-boost|p2a: Corviknight|def|1
|move|p1a: Ariados|Toxic Spikes|p2a: Corviknight
|-sidestart|p2: William will|move: Toxic Spikes
|
|-damage|p2a: Corviknight|35/100|[from] move: Infestation|[partiallytrapped]
|upkeep
|turn|29
|
|t:|1757828845
|move|p2a: Corviknight|Roost|p2a: Corviknight
|-heal|p2a: Corviknight|85/100
|move|p1a: Ariados|Toxic Spikes|p2a: Corviknight
|-sidestart|p2: William will|move: Toxic Spikes
|
|-damage|p2a: Corviknight|73/100|[from] move: Infestation|[partiallytrapped]
|upkeep
|turn|30
|
|t:|1757828849
|move|p2a: Corviknight|Body Press|p1a: Ariados
|-resisted|p1a: Ariados
|-damage|p1a: Ariados|0 fnt
|faint|p1a: Ariados
|
|-end|p2a: Corviknight|Infestation|[partiallytrapped]|[silent]
|upkeep
|
|t:|1757828853
|switch|p1a: Salazzle|Salazzle, F, tera:Ground|100/100
|turn|31
|
|t:|1757828858
|move|p1a: Salazzle|Toxic|p2a: Corviknight
|-status|p2a: Corviknight|tox
|move|p2a: Corviknight|Roost|p2a: Corviknight
|-heal|p2a: Corviknight|100/100 tox
|
|-damage|p2a: Corviknight|94/100 tox|[from] psn
|upkeep
|turn|32
|
|t:|1757828862
|switch|p1a: Glimmora|Glimmora, F|29/100
|move|p2a: Corviknight|Body Press|p1a: Glimmora
|-damage|p1a: Glimmora|0 fnt
|faint|p1a: Glimmora
|
|-damage|p2a: Corviknight|82/100 tox|[from] psn
|upkeep
|
|t:|1757828864
|switch|p1a: Salazzle|Salazzle, F, tera:Ground|100/100
|turn|33
|
|t:|1757828870
|move|p1a: Salazzle|Tera Blast|p2a: Corviknight|[anim] Tera Blast Ground
|-damage|p2a: Corviknight|51/100 tox
|move|p2a: Corviknight|Body Press|p1a: Salazzle
|-damage|p1a: Salazzle|0 fnt
|faint|p1a: Salazzle
|
|win|William will
|raw|boredbattle's rating: 1166 &rarr; <strong>1137</strong><br />(-29 for losing)
|raw|William will's rating: 1116 &rarr; <strong>1145</strong><br />(+29 for winning)
|l|☆boredbattle
|player|p1|
|l|☆William will
|player|p2|
