|j|☆Apoiguespm
|j|☆purple pastels
|t:|1757874780
|gametype|singles
|player|p1|Apoiguespm|1|1552
|player|p2|purple pastels|doubleteam|1542
|gen|9
|tier|[Gen 9] OU
|rated|
|rule|HP Percentage Mod: HP is shown in percentages
|rule|Endless Battle Clause: Forcing endless battles is banned
|rule|Species Clause: Limit one of each Pokémon
|rule|OHKO Clause: OHKO moves are banned
|rule|Evasion Items Clause: Evasion items are banned
|rule|Evasion Moves Clause: Evasion moves are banned
|rule|Evasion Abilities Clause: Evasion abilities are banned
|rule|Sleep Moves Clause: Sleep-inducing moves are banned
|clearpoke
|poke|p1|Indeedee-F, F|
|poke|p1|Hatterene, F|
|poke|p1|Polteageist|
|poke|p1|Armarouge, M|
|poke|p1|Deoxys-Speed|
|poke|p1|Great Tusk|
|poke|p2|Cinderace, M|
|poke|p2|Blaziken, F|
|poke|p2|Ogerpon-Wellspring, F|
|poke|p2|Lokix, F|
|poke|p2|Iron Treads|
|poke|p2|Dragapult, M|
|teampreview
|inactive|Battle timer is ON: inactive players will automatically lose when time's up. (requested by Apoiguespm)
|
|t:|1757874805
|teamsize|p1|6
|teamsize|p2|6
|start
|switch|p1a: Indeedee|Indeedee-F, F|100/100
|switch|p2a: Cinderace|Cinderace, M|100/100
|-fieldstart|move: Psychic Terrain|[from] ability: Psychic Surge|[of] p1a: Indeedee
|turn|1
|
|t:|1757874808
|switch|p1a: Armarouge|Armarouge, M|100/100
|move|p2a: Cinderace|Flare Blitz|p1a: Armarouge
|-resisted|p1a: Armarouge
|-damage|p1a: Armarouge|58/100
|-ability|p1a: Armarouge|Weak Armor|boost
|-unboost|p1a: Armarouge|def|1
|-boost|p1a: Armarouge|spe|2
|-damage|p2a: Cinderace|86/100|[from] Recoil
|-damage|p2a: Cinderace|76/100|[from] item: Life Orb
|
|upkeep
|turn|2
|
|t:|1757874812
|move|p1a: Armarouge|Expanding Force|p2a: Cinderace
|-damage|p2a: Cinderace|0 fnt
|faint|p2a: Cinderace
|
|upkeep
|
|t:|1757874815
|switch|p2a: rio vidal|Lokix, F|100/100
|turn|3
|
|t:|1757874823
|move|p1a: Armarouge|Armor Cannon|p2a: rio vidal
|-supereffective|p2a: rio vidal
|-enditem|p2a: rio vidal|Focus Sash
|-damage|p2a: rio vidal|1/100
|-unboost|p1a: Armarouge|def|1
|-unboost|p1a: Armarouge|spd|1
|move|p2a: rio vidal|Leech Life|p1a: Armarouge
|-damage|p1a: Armarouge|0 fnt
|-heal|p2a: rio vidal|33/100|[from] drain|[of] p1a: Armarouge
|faint|p1a: Armarouge
|
|upkeep
|
|t:|1757874828
|switch|p1a: Deoxys|Deoxys-Speed|100/100
|-ability|p1a: Deoxys|Pressure
|turn|4
|
|t:|1757874835
|switch|p2a: Dragapult|Dragapult, M|100/100
|move|p1a: Deoxys|Focus Blast|p2a: Dragapult
|-immune|p2a: Dragapult
|
|upkeep
|turn|5
|
|t:|1757874844
|switch|p2a: Iron Treads|Iron Treads|100/100
|-enditem|p2a: Iron Treads|Booster Energy
|-activate|p2a: Iron Treads|ability: Quark Drive|[fromitem]
|-start|p2a: Iron Treads|quarkdrivespe
|move|p1a: Deoxys|Expanding Force|p2a: Iron Treads
|-resisted|p2a: Iron Treads
|-damage|p2a: Iron Treads|31/100
|-damage|p1a: Deoxys|91/100|[from] item: Life Orb
|
|upkeep
|turn|6
|
|t:|1757874856
|move|p2a: Iron Treads|Stealth Rock|p1a: Deoxys
|-sidestart|p1: Apoiguespm|move: Stealth Rock
|move|p1a: Deoxys|Expanding Force|p2a: Iron Treads
|-resisted|p2a: Iron Treads
|-damage|p2a: Iron Treads|0 fnt
|faint|p2a: Iron Treads
|-end|p2a: Iron Treads|Quark Drive|[silent]
|-damage|p1a: Deoxys|81/100|[from] item: Life Orb
|
|upkeep
|
|t:|1757874864
|switch|p2a: sambucky yuri|Ogerpon-Wellspring, F|100/100
|turn|7
|
|t:|1757874866
|-terastallize|p2a: sambucky yuri|Water
|detailschange|p2a: sambucky yuri|Ogerpon-Wellspring-Tera, F, tera:Water
|-ability|p2a: sambucky yuri|Embody Aspect (Wellspring)|boost
|-boost|p2a: sambucky yuri|spd|1
|move|p1a: Deoxys|Expanding Force|p2a: sambucky yuri
|-damage|p2a: sambucky yuri|29/100
|-damage|p1a: Deoxys|71/100|[from] item: Life Orb
|move|p2a: sambucky yuri|Trailblaze|p1a: Deoxys
|-damage|p1a: Deoxys|25/100
|-boost|p2a: sambucky yuri|spe|1
|
|upkeep
|turn|8
|
|t:|1757874874
|move|p2a: sambucky yuri|Ivy Cudgel|p1a: Deoxys|[anim] Ivy Cudgel Water
|-crit|p1a: Deoxys
|-damage|p1a: Deoxys|0 fnt
|faint|p1a: Deoxys
|
|-fieldend|move: Psychic Terrain
|upkeep
|
|t:|1757874879
|switch|p1a: Indeedee|Indeedee-F, F|100/100
|-damage|p1a: Indeedee|88/100|[from] Stealth Rock
|-fieldstart|move: Psychic Terrain|[from] ability: Psychic Surge|[of] p1a: Indeedee
|turn|9
|
|t:|1757874883
|move|p2a: sambucky yuri|Ivy Cudgel|p1a: Indeedee|[anim] Ivy Cudgel Water
|-damage|p1a: Indeedee|0 fnt
|faint|p1a: Indeedee
|
|upkeep
|
|t:|1757874885
|switch|p1a: Hatterene|Hatterene, F|100/100
|-damage|p1a: Hatterene|88/100|[from] Stealth Rock
|turn|10
|
|t:|1757874894
|switch|p2a: Blaziken|Blaziken, F|100/100
|-item|p2a: Blaziken|Air Balloon
|-terastallize|p1a: Hatterene|Water
|move|p1a: Hatterene|Trick Room|p1a: Hatterene
|-fieldstart|move: Trick Room|[of] p1a: Hatterene
|
|upkeep
|turn|11
|
|t:|1757874904
|move|p1a: Hatterene|Expanding Force|p2a: Blaziken
|-supereffective|p2a: Blaziken
|-damage|p2a: Blaziken|0 fnt
|-enditem|p2a: Blaziken|Air Balloon
|faint|p2a: Blaziken
|-damage|p1a: Hatterene|78/100|[from] item: Life Orb
|
|upkeep
|
|t:|1757874920
|switch|p2a: Dragapult|Dragapult, M|100/100
|turn|12
|
|t:|1757874922
|move|p1a: Hatterene|Dazzling Gleam|p2a: Dragapult
|-supereffective|p2a: Dragapult
|-damage|p2a: Dragapult|0 fnt
|faint|p2a: Dragapult
|-damage|p1a: Hatterene|69/100|[from] item: Life Orb
|
|upkeep
|
|t:|1757874925
|switch|p2a: rio vidal|Lokix, F|33/100
|turn|13
|
|t:|1757874927
|move|p1a: Hatterene|Dazzling Gleam|p2a: rio vidal
|-supereffective|p2a: rio vidal
|-damage|p2a: rio vidal|0 fnt
|faint|p2a: rio vidal
|-damage|p1a: Hatterene|59/100|[from] item: Life Orb
|
|upkeep
|
|t:|1757874929
|switch|p2a: sambucky yuri|Ogerpon-Wellspring-Tera, F, tera:Water|29/100
|-ability|p2a: sambucky yuri|Embody Aspect (Wellspring)|boost
|-boost|p2a: sambucky yuri|spd|1
|turn|14
|
|t:|1757874931
|move|p1a: Hatterene|Expanding Force|p2a: sambucky yuri
|-damage|p2a: sambucky yuri|0 fnt
|faint|p2a: sambucky yuri
|detailschange|p2: sambucky yuri|Ogerpon-Wellspring, F|[silent]
|-damage|p1a: Hatterene|49/100|[from] item: Life Orb
|
|win|Apoiguespm
|raw|Apoiguespm's rating: 1552 &rarr; <strong>1571</strong><br />(+19 for winning)
|raw|purple pastels's rating: 1542 &rarr; <strong>1523</strong><br />(-19 for losing)
|l|☆purple pastels
|player|p2|
|l|☆Apoiguespm
|player|p1|
