|j|☆X2Muz
|j|☆aura_or_something
|t:|1757786520
|gametype|singles
|player|p1|X2Muz|birdkeeper-gen4dp|
|player|p2|aura_or_something|101|
|gen|9
|tier|[Gen 9] OU
|rule|HP Percentage Mod: HP is shown in percentages
|rule|Endless Battle Clause: Forcing endless battles is banned
|rule|Species Clause: Limit one of each Pokémon
|rule|OHKO Clause: OHKO moves are banned
|rule|Evasion Items Clause: Evasion items are banned
|rule|Evasion Moves Clause: Evasion moves are banned
|rule|Evasion Abilities Clause: Evasion abilities are banned
|rule|Sleep Moves Clause: Sleep-inducing moves are banned
|clearpoke
|poke|p1|Araquanid, F|
|poke|p1|Iron Treads|
|poke|p1|Cinderace, M|
|poke|p1|Kingambit, M|
|poke|p1|Pecharunt|
|poke|p1|Dragonite, F|
|poke|p2|Landorus-Therian, M|
|poke|p2|Dragapult, F|
|poke|p2|Corviknight, F|
|poke|p2|Serperior, F|
|poke|p2|Garganacl, F|
|poke|p2|Kingambit, M|
|teampreview
|c|☆X2Muz|hold on
|
|t:|1757786574
|teamsize|p1|6
|teamsize|p2|6
|start
|switch|p1a: Araquanid|Araquanid, F|100/100
|switch|p2a: Landorus|Landorus-Therian, M|100/100
|-ability|p2a: Landorus|Intimidate|boost
|-unboost|p1a: Araquanid|atk|1
|turn|1
|
|t:|1757786603
|move|p2a: Landorus|U-turn|p1a: Araquanid
|-damage|p1a: Araquanid|73/100
|
|t:|1757786615
|switch|p2a: Dragapult|Dragapult, F|100/100|[from] U-turn
|move|p1a: Araquanid|Sticky Web|p2a: Dragapult
|-sidestart|p2: aura_or_something|move: Sticky Web
|
|upkeep
|turn|2
|
|t:|1757786629
|switch|p1a: Kingambit|Kingambit, M|100/100
|move|p2a: Dragapult|Dragon Darts|p1a: Kingambit
|-resisted|p1a: Kingambit
|-damage|p1a: Kingambit|87/100
|-anim|p2a: Dragapult|Dragon Darts|p1a: Kingambit
|-resisted|p1a: Kingambit
|-damage|p1a: Kingambit|74/100
|-damage|p2a: Dragapult|91/100|[from] item: Life Orb
|
|upkeep
|turn|3
|
|t:|1757786654
|switch|p2a: Landorus|Landorus-Therian, M|100/100
|-ability|p2a: Landorus|Intimidate|boost
|-unboost|p1a: Kingambit|atk|1
|move|p1a: Kingambit|Kowtow Cleave|p2a: Landorus
|-damage|p2a: Landorus|57/100
|
|upkeep
|turn|4
|
|t:|1757786669
|-end|p1a: Kingambit|fallenundefined|[silent]
|switch|p1a: Dragonite|Dragonite, F|100/100
|move|p2a: Landorus|Earthquake|p1a: Dragonite
|-immune|p1a: Dragonite
|
|upkeep
|turn|5
|
|t:|1757786699
|switch|p2a: Corviknight|Corviknight, F|100/100
|-ability|p2a: Corviknight|Pressure
|move|p1a: Dragonite|Dragon Dance|p1a: Dragonite
|-boost|p1a: Dragonite|atk|1
|-boost|p1a: Dragonite|spe|1
|
|upkeep
|turn|6
|
|t:|1757786714
|move|p1a: Dragonite|Dragon Dance|p1a: Dragonite
|-boost|p1a: Dragonite|atk|1
|-boost|p1a: Dragonite|spe|1
|move|p2a: Corviknight|Brave Bird|p1a: Dragonite
|-damage|p1a: Dragonite|80/100
|-damage|p2a: Corviknight|95/100|[from] Recoil
|
|-heal|p2a: Corviknight|100/100|[from] item: Leftovers
|upkeep
|turn|7
|
|t:|1757786732
|move|p2a: Corviknight|Brave Bird|p1a: Dragonite
|-damage|p1a: Dragonite|42/100
|-damage|p2a: Corviknight|90/100|[from] Recoil
|move|p1a: Dragonite|Dragon Tail|p2a: Corviknight
|-resisted|p2a: Corviknight
|-damage|p2a: Corviknight|70/100
|drag|p2a: Serperior|Serperior, F|100/100
|-activate|p2a: Serperior|move: Sticky Web
|-boost|p2a: Serperior|spe|1
|
|upkeep
|turn|8
|c|☆aura_or_something|HEART OF THE CARDS BABY
|c|☆aura_or_something|life is good
|
|t:|1757786770
|switch|p1a: Araquanid|Araquanid, F|73/100
|move|p2a: Serperior|Dragon Pulse|p1a: Araquanid
|-damage|p1a: Araquanid|57/100
|
|upkeep
|turn|9
|
|t:|1757786782
|switch|p2a: Landorus|Landorus-Therian, M|57/100
|-ability|p2a: Landorus|Intimidate|boost
|-unboost|p1a: Araquanid|atk|1
|move|p1a: Araquanid|Endeavor|p2a: Landorus
|-immune|p2a: Landorus
|
|upkeep
|turn|10
|c|☆X2Muz|what
|c|☆X2Muz|wait what
|c|☆X2Muz|wdym imm you dont have zark
|
|t:|1757786834
|move|p2a: Landorus|U-turn|p1a: Araquanid
|-damage|p1a: Araquanid|25/100
|
|t:|1757786880
|switch|p2a: Dragapult|Dragapult, F|91/100|[from] U-turn
|-activate|p2a: Dragapult|move: Sticky Web
|-fail|p2a: Dragapult|unboost|[from] ability: Clear Body|[of] p2a: Dragapult
|move|p1a: Araquanid|Liquidation|p2a: Dragapult
|-resisted|p2a: Dragapult
|-damage|p2a: Dragapult|68/100
|
|upkeep
|turn|11
|
|t:|1757786905
|switch|p1a: Kingambit|Kingambit, M|74/100
|move|p2a: Dragapult|Dragon Darts|p1a: Kingambit
|-resisted|p1a: Kingambit
|-damage|p1a: Kingambit|61/100
|-anim|p2a: Dragapult|Dragon Darts|p1a: Kingambit
|-resisted|p1a: Kingambit
|-damage|p1a: Kingambit|48/100
|-damage|p2a: Dragapult|58/100|[from] item: Life Orb
|
|upkeep
|turn|12
|
|t:|1757786958
|switch|p2a: Corviknight|Corviknight, F|70/100
|-ability|p2a: Corviknight|Pressure
|move|p1a: Kingambit|Swords Dance|p1a: Kingambit
|-boost|p1a: Kingambit|atk|2
|
|-heal|p2a: Corviknight|76/100|[from] item: Leftovers
|upkeep
|turn|13
|
|t:|1757786977
|-end|p1a: Kingambit|fallenundefined|[silent]
|switch|p1a: Pecharunt|Pecharunt|100/100
|-item|p1a: Pecharunt|Air Balloon
|move|p2a: Corviknight|Body Press|p1a: Pecharunt
|-immune|p1a: Pecharunt
|
|-heal|p2a: Corviknight|83/100|[from] item: Leftovers
|upkeep
|turn|14
|
|t:|1757787016
|switch|p1a: Cinderace|Cinderace, M|100/100
|switch|p2a: Dragapult|Dragapult, F|58/100
|-activate|p2a: Dragapult|move: Sticky Web
|-fail|p2a: Dragapult|unboost|[from] ability: Clear Body|[of] p2a: Dragapult
|
|upkeep
|turn|15
|
|t:|1757787031
|move|p1a: Cinderace|Sucker Punch|p2a: Dragapult
|-supereffective|p2a: Dragapult
|-crit|p2a: Dragapult
|-damage|p2a: Dragapult|0 fnt
|faint|p2a: Dragapult
|
|upkeep
|
|t:|1757787060
|switch|p2a: Garganacl|Garganacl, F|100/100
|-activate|p2a: Garganacl|move: Sticky Web
|-fail|p2a: Garganacl|unboost|[from] ability: Clear Body|[of] p2a: Garganacl
|turn|16
|
|t:|1757787110
|switch|p1a: Araquanid|Araquanid, F|25/100
|move|p2a: Garganacl|Stealth Rock|p1a: Araquanid
|-sidestart|p1: X2Muz|move: Stealth Rock
|
|upkeep
|turn|17
|
|t:|1757787161
|switch|p2a: Corviknight|Corviknight, F|83/100
|-ability|p2a: Corviknight|Pressure
|move|p1a: Araquanid|Endeavor|p2a: Corviknight
|-damage|p2a: Corviknight|21/100
|
|-heal|p2a: Corviknight|28/100|[from] item: Leftovers
|upkeep
|turn|18
|
|t:|1757787229
|move|p2a: Corviknight|Body Press|p1a: Araquanid
|-resisted|p1a: Araquanid
|-damage|p1a: Araquanid|15/100
|move|p1a: Araquanid|Liquidation|p2a: Corviknight
|-damage|p2a: Corviknight|0 fnt
|faint|p2a: Corviknight
|
|upkeep
|c|☆aura_or_something|i thought youd switch
|c|☆X2Muz|i wanted to sac
|c|☆aura_or_something|im actually cooked now
|c|☆X2Muz|i had no safe switch in
|c|☆aura_or_something|yeah but i couldve gone for a brave bird
|c|☆X2Muz|ik
|c|☆aura_or_something|nice play though
|
|t:|1757787291
|switch|p2a: Landorus|Landorus-Therian, M|57/100
|-ability|p2a: Landorus|Intimidate|boost
|-unboost|p1a: Araquanid|atk|1
|turn|19
|c|☆X2Muz|i wouldve went into cinderace and gor a free sd or pyro
|
|t:|1757787309
|move|p2a: Landorus|U-turn|p1a: Araquanid
|-damage|p1a: Araquanid|0 fnt
|faint|p1a: Araquanid
|
|t:|1757787344
|switch|p2a: Serperior|Serperior, F|100/100|[from] U-turn
|-activate|p2a: Serperior|move: Sticky Web
|-boost|p2a: Serperior|spe|1
|
|upkeep
|
|t:|1757787361
|switch|p1a: Cinderace|Cinderace, M|100/100
|-damage|p1a: Cinderace|76/100|[from] Stealth Rock
|turn|20
|
|t:|1757787385
|switch|p2a: Garganacl|Garganacl, F|100/100
|-activate|p2a: Garganacl|move: Sticky Web
|-fail|p2a: Garganacl|unboost|[from] ability: Clear Body|[of] p2a: Garganacl
|move|p1a: Cinderace|Pyro Ball|p2a: Garganacl
|-resisted|p2a: Garganacl
|-damage|p2a: Garganacl|84/100
|
|upkeep
|turn|21
|c|☆aura_or_something|it feels so weird going from 8 turn matches to turn 21 with only 3 total pokemon kocked out
|
|t:|1757787444
|switch|p1a: Iron Treads|Iron Treads|100/100
|-damage|p1a: Iron Treads|97/100|[from] Stealth Rock
|-enditem|p1a: Iron Treads|Booster Energy
|-activate|p1a: Iron Treads|ability: Quark Drive|[fromitem]
|-start|p1a: Iron Treads|quarkdriveatk
|move|p2a: Garganacl|Salt Cure|p1a: Iron Treads
|-resisted|p1a: Iron Treads
|-damage|p1a: Iron Treads|94/100
|-start|p1a: Iron Treads|Salt Cure
|
|-damage|p1a: Iron Treads|69/100|[from] Salt Cure
|upkeep
|turn|22
|
|t:|1757787472
|switch|p2a: Landorus|Landorus-Therian, M|57/100
|-ability|p2a: Landorus|Intimidate|boost
|-unboost|p1a: Iron Treads|atk|1
|move|p1a: Iron Treads|Earthquake|p2a: Landorus
|-immune|p2a: Landorus
|
|-damage|p1a: Iron Treads|44/100|[from] Salt Cure
|upkeep
|turn|23
|
|t:|1757787509
|-end|p1a: Iron Treads|Quark Drive|[silent]
|switch|p1a: Pecharunt|Pecharunt|100/100
|-damage|p1a: Pecharunt|88/100|[from] Stealth Rock
|-item|p1a: Pecharunt|Air Balloon
|move|p2a: Landorus|Brick Break|p1a: Pecharunt
|-immune|p1a: Pecharunt
|
|upkeep
|turn|24
|c|☆aura_or_something|every how time do you know gang
|c|☆aura_or_something|these reads are wild
|
|t:|1757787524
|switch|p2a: Garganacl|Garganacl, F|84/100
|-activate|p2a: Garganacl|move: Sticky Web
|-fail|p2a: Garganacl|unboost|[from] ability: Clear Body|[of] p2a: Garganacl
|move|p1a: Pecharunt|Nasty Plot|p1a: Pecharunt
|-boost|p1a: Pecharunt|spa|2
|
|upkeep
|turn|25
|
|t:|1757787538
|-terastallize|p1a: Pecharunt|Fighting
|move|p1a: Pecharunt|Tera Blast|p2a: Garganacl|[anim] Tera Blast Fighting
|-supereffective|p2a: Garganacl
|-damage|p2a: Garganacl|0 fnt
|faint|p2a: Garganacl
|
|upkeep
|
|t:|1757787562
|switch|p2a: Serperior|Serperior, F|100/100
|-activate|p2a: Serperior|move: Sticky Web
|-boost|p2a: Serperior|spe|1
|turn|26
|c|☆X2Muz|i was expecting eq lol
|
|t:|1757787572
|-terastallize|p2a: Serperior|Stellar
|move|p2a: Serperior|Leaf Storm|p1a: Pecharunt
|-damage|p1a: Pecharunt|9/100
|-boost|p2a: Serperior|spa|2
|-enditem|p1a: Pecharunt|Air Balloon
|move|p1a: Pecharunt|Malignant Chain|p2a: Serperior
|-supereffective|p2a: Serperior
|-damage|p2a: Serperior|0 fnt
|faint|p2a: Serperior
|
|upkeep
|c|☆aura_or_something|nooooo
|
|t:|1757787596
|switch|p2a: Landorus|Landorus-Therian, M|57/100
|-ability|p2a: Landorus|Intimidate|boost
|-unboost|p1a: Pecharunt|atk|1
|turn|27
|c|☆X2Muz|wait
|
|t:|1757787612
|move|p2a: Landorus|U-turn|p1a: Pecharunt
|-resisted|p1a: Pecharunt
|-damage|p1a: Pecharunt|0 fnt
|faint|p1a: Pecharunt
|
|t:|1757787617
|switch|p2a: Kingambit|Kingambit, M|100/100|[from] U-turn
|-activate|p2a: Kingambit|move: Sticky Web
|-unboost|p2a: Kingambit|spe|1
|-ability|p2a: Kingambit|Defiant|boost
|-boost|p2a: Kingambit|atk|2
|
|upkeep
|
|t:|1757787651
|switch|p1a: Dragonite|Dragonite, F|42/100
|-damage|p1a: Dragonite|17/100|[from] Stealth Rock
|turn|28
|
|t:|1757787665
|move|p2a: Kingambit|Sucker Punch||[still]
|-fail|p2a: Kingambit
|move|p1a: Dragonite|Dragon Dance|p1a: Dragonite
|-boost|p1a: Dragonite|atk|1
|-boost|p1a: Dragonite|spe|1
|
|upkeep
|turn|29
|c|☆X2Muz|shit idk
|
|t:|1757787689
|move|p2a: Kingambit|Sucker Punch|p1a: Dragonite
|-damage|p1a: Dragonite|0 fnt
|faint|p1a: Dragonite
|
|upkeep
|
|t:|1757787696
|switch|p1a: Cinderace|Cinderace, M|76/100
|-damage|p1a: Cinderace|51/100|[from] Stealth Rock
|turn|30
|c|☆aura_or_something|was literally a 50/50 game tbf
|
|t:|1757787711
|move|p1a: Cinderace|Sucker Punch|p2a: Kingambit
|-resisted|p2a: Kingambit
|-crit|p2a: Kingambit
|-damage|p2a: Kingambit|89/100
|move|p2a: Kingambit|Sucker Punch||[still]
|-fail|p2a: Kingambit
|
|upkeep
|turn|31
|
|t:|1757787723
|move|p2a: Kingambit|Sucker Punch|p1a: Cinderace
|-damage|p1a: Cinderace|0 fnt
|faint|p1a: Cinderace
|
|upkeep
|
|t:|1757787731
|switch|p1a: Kingambit|Kingambit, M|48/100
|-damage|p1a: Kingambit|42/100|[from] Stealth Rock
|-activate|p1a: Kingambit|ability: Supreme Overlord
|-start|p1a: Kingambit|fallen4|[silent]
|turn|32
|
|t:|1757787740
|move|p1a: Kingambit|Sucker Punch|p2a: Kingambit
|-resisted|p2a: Kingambit
|-damage|p2a: Kingambit|66/100
|move|p2a: Kingambit|Sucker Punch||[still]
|-fail|p2a: Kingambit
|
|upkeep
|turn|33
|
|t:|1757787757
|move|p1a: Kingambit|Swords Dance|p1a: Kingambit
|-boost|p1a: Kingambit|atk|2
|move|p2a: Kingambit|Kowtow Cleave|p1a: Kingambit
|-resisted|p1a: Kingambit
|-damage|p1a: Kingambit|0 fnt
|faint|p1a: Kingambit
|-end|p1a: Kingambit|fallen4|[silent]
|
|upkeep
|-message|X2Muz forfeited.
|
|win|aura_or_something
|l|☆X2Muz
|player|p1|
|c|☆aura_or_something|ggs
|c|☆aura_or_something|reg h next?
|j|☆X2Muz
|player|p1|X2Muz|birdkeeper-gen4dp|
|l|☆aura_or_something
|player|p2|
