|j|☆douadyrabbit
|j|☆Random_UserFr
|t:|1757911440
|gametype|singles
|player|p1|douadyrabbit|pokefanf-gen2|1201
|player|p2|Random_UserFr|ltsurge|1191
|gen|9
|tier|[Gen 9] OU
|rated|
|rule|HP Percentage Mod: HP is shown in percentages
|rule|Endless Battle Clause: Forcing endless battles is banned
|rule|Species Clause: Limit one of each Pokémon
|rule|OHKO Clause: OHKO moves are banned
|rule|Evasion Items Clause: Evasion items are banned
|rule|Evasion Moves Clause: Evasion moves are banned
|rule|Evasion Abilities Clause: Evasion abilities are banned
|rule|Sleep Moves Clause: Sleep-inducing moves are banned
|clearpoke
|poke|p1|Slowking, M|
|poke|p1|Blissey, F|
|poke|p1|Alomomola, F|
|poke|p1|Clefable, F|
|poke|p1|Hatterene, F|
|poke|p1|Slowbro, M|
|poke|p2|Dragonite, F|
|poke|p2|Dragapult, M|
|poke|p2|Corviknight, F|
|poke|p2|Slowking-Galar, F|
|poke|p2|Great Tusk|
|poke|p2|Manaphy|
|teampreview
|
|t:|1757911454
|teamsize|p1|6
|teamsize|p2|6
|start
|switch|p1a: Slowbro|Slowbro, M|100/100
|switch|p2a: Dragonite|Dragonite, F|100/100
|turn|1
|inactive|Battle timer is ON: inactive players will automatically lose when time's up. (requested by douadyrabbit)
|inactive|douadyrabbit has 120 seconds left.
|
|t:|1757911485
|switch|p1a: Clefable|Clefable, F|100/100
|move|p2a: Dragonite|Dragon Dance|p2a: Dragonite
|-boost|p2a: Dragonite|atk|1
|-boost|p2a: Dragonite|spe|1
|
|upkeep
|turn|2
|
|t:|1757911496
|-terastallize|p2a: Dragonite|Normal
|move|p2a: Dragonite|Dragon Dance|p2a: Dragonite
|-boost|p2a: Dragonite|atk|1
|-boost|p2a: Dragonite|spe|1
|move|p1a: Clefable|Thunder Wave|p2a: Dragonite
|-status|p2a: Dragonite|par
|-enditem|p2a: Dragonite|Lum Berry|[eat]
|-curestatus|p2a: Dragonite|par|[msg]
|
|upkeep
|turn|3
|
|t:|1757911509
|move|p2a: Dragonite|Earthquake|p1a: Clefable
|-damage|p1a: Clefable|73/100
|move|p1a: Clefable|Thunder Wave|p2a: Dragonite
|-status|p2a: Dragonite|par
|
|-heal|p1a: Clefable|79/100|[from] item: Leftovers
|upkeep
|turn|4
|
|t:|1757911519
|move|p2a: Dragonite|Extreme Speed|p1a: Clefable
|-damage|p1a: Clefable|47/100
|move|p1a: Clefable|Wish|p1a: Clefable
|
|-heal|p1a: Clefable|53/100|[from] item: Leftovers
|upkeep
|turn|5
|
|t:|1757911529
|move|p2a: Dragonite|Dragon Dance|p2a: Dragonite
|-boost|p2a: Dragonite|atk|1
|-boost|p2a: Dragonite|spe|1
|move|p1a: Clefable|Moonblast|p2a: Dragonite
|-damage|p2a: Dragonite|83/100 par
|
|-heal|p1a: Clefable|100/100|[from] move: Wish|[wisher] Clefable
|upkeep
|turn|6
|
|t:|1757911537
|move|p2a: Dragonite|Dragon Dance|p2a: Dragonite
|-boost|p2a: Dragonite|atk|1
|-boost|p2a: Dragonite|spe|1
|move|p1a: Clefable|Wish|p1a: Clefable
|
|upkeep
|turn|7
|
|t:|1757911543
|move|p2a: Dragonite|Dragon Dance|p2a: Dragonite
|-boost|p2a: Dragonite|atk|1
|-boost|p2a: Dragonite|spe|1
|move|p1a: Clefable|Moonblast|p2a: Dragonite
|-damage|p2a: Dragonite|51/100 par
|
|upkeep
|turn|8
|
|t:|1757911551
|cant|p2a: Dragonite|par
|move|p1a: Clefable|Moonblast|p2a: Dragonite
|-damage|p2a: Dragonite|20/100 par
|
|upkeep
|turn|9
|
|t:|1757911556
|move|p2a: Dragonite|Extreme Speed|p1a: Clefable
|-damage|p1a: Clefable|65/100
|move|p1a: Clefable|Moonblast|p2a: Dragonite
|-damage|p2a: Dragonite|0 fnt
|faint|p2a: Dragonite
|
|-heal|p1a: Clefable|71/100|[from] item: Leftovers
|upkeep
|
|t:|1757911565
|switch|p2a: Manaphy|Manaphy, shiny|100/100
|turn|10
|
|t:|1757911570
|move|p2a: Manaphy|Tail Glow|p2a: Manaphy
|-boost|p2a: Manaphy|spa|3
|move|p1a: Clefable|Wish|p1a: Clefable
|
|-heal|p1a: Clefable|77/100|[from] item: Leftovers
|upkeep
|turn|11
|
|t:|1757911576
|move|p2a: Manaphy|Tail Glow|p2a: Manaphy
|-boost|p2a: Manaphy|spa|3
|move|p1a: Clefable|Thunder Wave|p2a: Manaphy
|-status|p2a: Manaphy|par
|
|-heal|p1a: Clefable|100/100|[from] move: Wish|[wisher] Clefable
|upkeep
|turn|12
|
|t:|1757911584
|move|p2a: Manaphy|Surf|p1a: Clefable
|-crit|p1a: Clefable
|-damage|p1a: Clefable|42/100
|move|p1a: Clefable|Moonblast|p2a: Manaphy
|-damage|p2a: Manaphy|69/100 par
|
|-heal|p2a: Manaphy|75/100 par|[from] item: Leftovers
|-heal|p1a: Clefable|48/100|[from] item: Leftovers
|upkeep
|turn|13
|
|t:|1757911592
|move|p2a: Manaphy|Surf|p1a: Clefable
|-damage|p1a: Clefable|10/100
|move|p1a: Clefable|Wish|p1a: Clefable
|
|-heal|p2a: Manaphy|81/100 par|[from] item: Leftovers
|-heal|p1a: Clefable|16/100|[from] item: Leftovers
|upkeep
|turn|14
|
|t:|1757911598
|cant|p2a: Manaphy|par
|move|p1a: Clefable|Calm Mind|p1a: Clefable
|-boost|p1a: Clefable|spa|1
|-boost|p1a: Clefable|spd|1
|
|-heal|p1a: Clefable|66/100|[from] move: Wish|[wisher] Clefable
|-heal|p2a: Manaphy|87/100 par|[from] item: Leftovers
|-heal|p1a: Clefable|73/100|[from] item: Leftovers
|upkeep
|turn|15
|-message|Random_UserFr forfeited.
|
|win|douadyrabbit
|raw|douadyrabbit's rating: 1201 &rarr; <strong>1225</strong><br />(+24 for winning)
|raw|Random_UserFr's rating: 1191 &rarr; <strong>1167</strong><br />(-24 for losing)
|l|☆Random_UserFr
|player|p2|
|l|☆douadyrabbit
|player|p1|
