|j|☆ju2508
|j|☆sauronikov
|t:|1757916513
|gametype|singles
|player|p1|ju2508|265|1178
|player|p2|sauronikov|101|1204
|gen|9
|tier|[Gen 9] OU
|rated|
|rule|HP Percentage Mod: HP is shown in percentages
|rule|Endless Battle Clause: Forcing endless battles is banned
|rule|Species Clause: Limit one of each Pokémon
|rule|OHKO Clause: OHKO moves are banned
|rule|Evasion Items Clause: Evasion items are banned
|rule|Evasion Moves Clause: Evasion moves are banned
|rule|Evasion Abilities Clause: Evasion abilities are banned
|rule|Sleep Moves Clause: Sleep-inducing moves are banned
|clearpoke
|poke|p1|Galvantula, F|
|poke|p1|Heracross, M|
|poke|p1|Forretress, F|
|poke|p1|Araquanid, F|
|poke|p1|Lokix, F|
|poke|p1|Venomoth, F|
|poke|p2|Grimmsnarl, M|
|poke|p2|Quaquaval, M|
|poke|p2|Rhyperior, M|
|poke|p2|Revavroom, M|
|poke|p2|Ogerpon, F|
|poke|p2|Azelf|
|teampreview
|inactive|Battle timer is ON: inactive players will automatically lose when time's up. (requested by ju2508)
|
|t:|1757916522
|teamsize|p1|6
|teamsize|p2|6
|start
|switch|p1a: Galvantula|Galvantula, F|100/100
|switch|p2a: Grimmsnarl|Grimmsnarl, M, shiny|100/100
|turn|1
|
|t:|1757916529
|move|p2a: Grimmsnarl|Taunt|p1a: Galvantula
|-start|p1a: Galvantula|move: Taunt
|move|p1a: Galvantula|Volt Switch|p2a: Grimmsnarl
|-damage|p2a: Grimmsnarl|74/100
|
|t:|1757916543
|switch|p1a: Forretress|Forretress, F|100/100|[from] Volt Switch
|
|upkeep
|turn|2
|
|t:|1757916550
|move|p2a: Grimmsnarl|Taunt|p1a: Forretress
|-start|p1a: Forretress|move: Taunt
|move|p1a: Forretress|Rapid Spin|p2a: Grimmsnarl
|-damage|p2a: Grimmsnarl|65/100
|-boost|p1a: Forretress|spe|1
|
|upkeep
|turn|3
|
|t:|1757916559
|switch|p1a: Lokix|Lokix, F|100/100
|move|p2a: Grimmsnarl|Reflect|p2a: Grimmsnarl
|-sidestart|p2: sauronikov|Reflect
|
|upkeep
|turn|4
|
|t:|1757916565
|move|p2a: Grimmsnarl|Light Screen|p2a: Grimmsnarl
|-sidestart|p2: sauronikov|move: Light Screen
|move|p1a: Lokix|U-turn|p2a: Grimmsnarl
|-damage|p2a: Grimmsnarl|42/100
|
|t:|1757916570
|switch|p1a: Galvantula|Galvantula, F|100/100|[from] U-turn
|
|upkeep
|turn|5
|
|t:|1757916581
|move|p2a: Grimmsnarl|Taunt|p1a: Galvantula
|-start|p1a: Galvantula|move: Taunt
|move|p1a: Galvantula|Bug Buzz|p2a: Grimmsnarl
|-damage|p2a: Grimmsnarl|24/100
|
|upkeep
|turn|6
|
|t:|1757916589
|move|p2a: Grimmsnarl|Parting Shot|p1a: Galvantula
|-unboost|p1a: Galvantula|atk|1
|-unboost|p1a: Galvantula|spa|1
|
|t:|1757916591
|switch|p2a: Rhyperior|Rhyperior, M, shiny|100/100|[from] Parting Shot
|move|p1a: Galvantula|Bug Buzz|p2a: Rhyperior
|-damage|p2a: Rhyperior|80/100
|
|upkeep
|turn|7
|
|t:|1757916602
|switch|p1a: Forretress|Forretress, F|100/100
|move|p2a: Rhyperior|Rock Polish|p2a: Rhyperior
|-boost|p2a: Rhyperior|spe|2
|
|upkeep
|turn|8
|
|t:|1757916610
|move|p2a: Rhyperior|Earthquake|p1a: Forretress
|-damage|p1a: Forretress|67/100
|move|p1a: Forretress|Stealth Rock|p2a: Rhyperior
|-sidestart|p2: sauronikov|move: Stealth Rock
|
|-heal|p1a: Forretress|74/100|[from] item: Leftovers
|upkeep
|turn|9
|
|t:|1757916624
|move|p2a: Rhyperior|Fire Punch|p1a: Forretress
|-supereffective|p1a: Forretress
|-damage|p1a: Forretress|15/100
|move|p1a: Forretress|Rapid Spin|p2a: Rhyperior
|-resisted|p2a: Rhyperior
|-damage|p2a: Rhyperior|78/100
|-boost|p1a: Forretress|spe|1
|
|-heal|p1a: Forretress|21/100|[from] item: Leftovers
|upkeep
|turn|10
|
|t:|1757916636
|move|p2a: Rhyperior|Stone Edge|p1a: Forretress
|-damage|p1a: Forretress|0 fnt
|faint|p1a: Forretress
|
|-sideend|p2: sauronikov|Reflect
|upkeep
|
|t:|1757916647
|switch|p1a: Araquanid|Araquanid, F|100/100
|turn|11
|
|t:|1757916656
|-terastallize|p2a: Rhyperior|Fire
|-terastallize|p1a: Araquanid|Water
|move|p2a: Rhyperior|Stone Edge|p1a: Araquanid
|-damage|p1a: Araquanid|46/100
|move|p1a: Araquanid|Liquidation|p2a: Rhyperior
|-supereffective|p2a: Rhyperior
|-damage|p2a: Rhyperior|17/100
|-enditem|p2a: Rhyperior|Weakness Policy
|-boost|p2a: Rhyperior|atk|2|[from] item: Weakness Policy
|-boost|p2a: Rhyperior|spa|2|[from] item: Weakness Policy
|
|-heal|p1a: Araquanid|52/100|[from] item: Leftovers
|-sideend|p2: sauronikov|move: Light Screen
|upkeep
|turn|12
|
|t:|1757916673
|move|p2a: Rhyperior|Earthquake|p1a: Araquanid
|-damage|p1a: Araquanid|0 fnt
|faint|p1a: Araquanid
|
|upkeep
|
|t:|1757916678
|switch|p1a: Lokix|Lokix, F|100/100
|turn|13
|
|t:|1757916681
|move|p1a: Lokix|First Impression|p2a: Rhyperior
|-resisted|p2a: Rhyperior
|-damage|p2a: Rhyperior|0 fnt
|faint|p2a: Rhyperior
|
|upkeep
|
|t:|1757916687
|switch|p2a: Revavroom|Revavroom, M, shiny|100/100
|-damage|p2a: Revavroom|94/100|[from] Stealth Rock
|turn|14
|
|t:|1757916696
|switch|p1a: Heracross|Heracross, M|100/100
|move|p2a: Revavroom|Shift Gear|p2a: Revavroom
|-boost|p2a: Revavroom|spe|2
|-boost|p2a: Revavroom|atk|1
|
|upkeep
|turn|15
|
|t:|1757916704
|move|p1a: Heracross|Close Combat|p2a: Revavroom
|-damage|p2a: Revavroom|27/100
|-unboost|p1a: Heracross|def|1
|-unboost|p1a: Heracross|spd|1
|move|p2a: Revavroom|Iron Head|p1a: Heracross
|-damage|p1a: Heracross|0 fnt
|faint|p1a: Heracross
|
|upkeep
|
|t:|1757916717
|switch|p1a: Lokix|Lokix, F|100/100
|turn|16
|
|t:|1757916723
|move|p1a: Lokix|Sucker Punch|p2a: Revavroom
|-damage|p2a: Revavroom|0 fnt
|faint|p2a: Revavroom
|
|upkeep
|
|t:|1757916725
|switch|p2a: Ogerpon|Ogerpon, F|100/100
|-damage|p2a: Ogerpon|88/100|[from] Stealth Rock
|turn|17
|
|t:|1757916732
|switch|p1a: Galvantula|Galvantula, F|100/100
|move|p2a: Ogerpon|Play Rough|p1a: Galvantula
|-damage|p1a: Galvantula|39/100
|
|upkeep
|turn|18
|
|t:|1757916744
|move|p1a: Galvantula|Sticky Web|p2a: Ogerpon
|-sidestart|p2: sauronikov|move: Sticky Web
|move|p2a: Ogerpon|Play Rough|p1a: Galvantula|[miss]
|-miss|p2a: Ogerpon|p1a: Galvantula
|
|upkeep
|turn|19
|-message|sauronikov forfeited.
|
|win|ju2508
|raw|ju2508's rating: 1178 &rarr; <strong>1205</strong><br />(+27 for winning)
|raw|sauronikov's rating: 1204 &rarr; <strong>1177</strong><br />(-27 for losing)
|l|☆sauronikov
|player|p2|
|l|☆ju2508
|player|p1|
