|j|☆DragoDar
|j|☆RighteousHideous
|t:|1757886292
|gametype|singles
|player|p1|DragoDar|drayden|1331
|player|p2|RighteousHideous|170|1263
|gen|9
|tier|[Gen 9] OU
|rated|
|rule|HP Percentage Mod: HP is shown in percentages
|rule|Endless Battle Clause: Forcing endless battles is banned
|rule|Species Clause: Limit one of each Pokémon
|rule|OHKO Clause: OHKO moves are banned
|rule|Evasion Items Clause: Evasion items are banned
|rule|Evasion Moves Clause: Evasion moves are banned
|rule|Evasion Abilities Clause: Evasion abilities are banned
|rule|Sleep Moves Clause: Sleep-inducing moves are banned
|clearpoke
|poke|p1|Muk-Alola, M|
|poke|p1|Ting-Lu|
|poke|p1|Darkrai|
|poke|p1|Moltres|
|poke|p1|Clefable, M|
|poke|p1|Dragonite, F|
|poke|p2|Corviknight, F|
|poke|p2|Lycanroc-Dusk, F|
|poke|p2|Zamazenta-*|
|poke|p2|Gholdengo|
|poke|p2|Slowking-Galar, F|
|poke|p2|Hoopa-Unbound|
|teampreview
|inactive|Battle timer is ON: inactive players will automatically lose when time's up. (requested by DragoDar)
|inactive|DragoDar has 120 seconds left.
|
|t:|1757886332
|teamsize|p1|6
|teamsize|p2|6
|start
|switch|p1a: Muk|Muk-Alola, M|100/100
|switch|p2a: Lycanroc|Lycanroc-Dusk, F|100/100
|turn|1
|
|t:|1757886343
|switch|p2a: Corviknight|Corviknight, F|100/100
|-ability|p2a: Corviknight|Pressure
|move|p1a: Muk|Knock Off|p2a: Corviknight
|-damage|p2a: Corviknight|78/100
|-damage|p1a: Muk|84/100|[from] item: Rocky Helmet|[of] p2a: Corviknight
|-enditem|p2a: Corviknight|Rocky Helmet|[from] move: Knock Off|[of] p1a: Muk
|
|upkeep
|turn|2
|
|t:|1757886361
|move|p2a: Corviknight|U-turn|p1a: Muk
|-damage|p1a: Muk|70/100
|
|t:|1757886366
|switch|p2a: Slowking|Slowking-Galar, F|100/100|[from] U-turn
|move|p1a: Muk|Drain Punch|p2a: Slowking
|-resisted|p2a: Slowking
|-damage|p2a: Slowking|95/100
|-heal|p1a: Muk|72/100|[from] drain|[of] p2a: Slowking
|
|upkeep
|turn|3
|
|t:|1757886376
|switch|p2a: Corviknight|Corviknight, F|78/100
|-ability|p2a: Corviknight|Pressure
|move|p1a: Muk|Knock Off|p2a: Corviknight
|-damage|p2a: Corviknight|63/100
|
|upkeep
|turn|4
|
|t:|1757886384
|switch|p1a: Moltres|Moltres|100/100
|move|p2a: Corviknight|Roost|p2a: Corviknight
|-heal|p2a: Corviknight|100/100
|-singleturn|p2a: Corviknight|move: Roost
|
|upkeep
|turn|5
|
|t:|1757886391
|switch|p2a: Slowking|Slowking-Galar, F|100/100
|move|p1a: Moltres|U-turn|p2a: Slowking
|-damage|p2a: Slowking|86/100
|
|t:|1757886398
|switch|p1a: Ting-Lu|Ting-Lu|100/100|[from] U-turn
|-ability|p1a: Ting-Lu|Vessel of Ruin
|
|upkeep
|turn|6
|
|t:|1757886402
|switch|p2a: Corviknight|Corviknight, F|100/100
|-ability|p2a: Corviknight|Pressure
|move|p1a: Ting-Lu|Stealth Rock|p2a: Corviknight
|-sidestart|p2: RighteousHideous|move: Stealth Rock
|
|upkeep
|turn|7
|
|t:|1757886409
|move|p2a: Corviknight|Defog|p1a: Ting-Lu
|-unboost|p1a: Ting-Lu|evasion|1
|-sideend|p2: RighteousHideous|Stealth Rock|[from] move: Defog|[of] p2a: Corviknight
|move|p1a: Ting-Lu|Ruination|p2a: Corviknight
|-damage|p2a: Corviknight|51/100
|
|upkeep
|turn|8
|
|t:|1757886415
|move|p2a: Corviknight|Roost|p2a: Corviknight
|-heal|p2a: Corviknight|100/100
|-singleturn|p2a: Corviknight|move: Roost
|move|p1a: Ting-Lu|Stealth Rock|p2a: Corviknight
|-sidestart|p2: RighteousHideous|move: Stealth Rock
|
|upkeep
|turn|9
|
|t:|1757886440
|switch|p1a: Moltres|Moltres|100/100
|move|p2a: Corviknight|Defog|p1a: Moltres
|-unboost|p1a: Moltres|evasion|1
|-sideend|p2: RighteousHideous|Stealth Rock|[from] move: Defog|[of] p2a: Corviknight
|
|upkeep
|turn|10
|
|t:|1757886446
|move|p1a: Moltres|Flamethrower|p2a: Corviknight
|-supereffective|p2a: Corviknight
|-damage|p2a: Corviknight|19/100
|-status|p2a: Corviknight|brn
|move|p2a: Corviknight|U-turn|p1a: Moltres
|-resisted|p1a: Moltres
|-damage|p1a: Moltres|99/100
|inactive|RighteousHideous has 120 seconds left.
|
|t:|1757886468
|switch|p2a: Lycanroc|Lycanroc-Dusk, F|100/100|[from] U-turn
|
|upkeep
|turn|11
|inactive|RighteousHideous has 120 seconds left.
|
|t:|1757886487
|-terastallize|p2a: Lycanroc|Fighting
|move|p2a: Lycanroc|Close Combat|p1a: Moltres
|-resisted|p1a: Moltres
|-damage|p1a: Moltres|51/100
|-unboost|p2a: Lycanroc|def|1
|-unboost|p2a: Lycanroc|spd|1
|-status|p2a: Lycanroc|brn|[from] ability: Flame Body|[of] p1a: Moltres
|move|p1a: Moltres|U-turn|p2a: Lycanroc
|-resisted|p2a: Lycanroc
|-damage|p2a: Lycanroc|83/100 brn
|-message|RighteousHideous forfeited.
|
|win|DragoDar
|raw|DragoDar's rating: 1331 &rarr; <strong>1347</strong><br />(+16 for winning)
|raw|RighteousHideous's rating: 1263 &rarr; <strong>1243</strong><br />(-20 for losing)
|l|☆RighteousHideous
|player|p2|
