|j|☆sminey
|j|☆guoqiushi
|t:|1757823680
|gametype|singles
|player|p1|sminey|170|1544
|player|p2|guoqiushi|n|1518
|gen|9
|tier|[Gen 9] OU
|rated|
|rule|HP Percentage Mod: HP is shown in percentages
|rule|Endless Battle Clause: Forcing endless battles is banned
|rule|Species Clause: Limit one of each Pokémon
|rule|OHKO Clause: OHKO moves are banned
|rule|Evasion Items Clause: Evasion items are banned
|rule|Evasion Moves Clause: Evasion moves are banned
|rule|Evasion Abilities Clause: Evasion abilities are banned
|rule|Sleep Moves Clause: Sleep-inducing moves are banned
|clearpoke
|poke|p1|Latios, M|
|poke|p1|Cinderace, F|
|poke|p1|Weavile, F|
|poke|p1|Zapdos|
|poke|p1|Clefable, F|
|poke|p1|Slowking-Galar, F|
|poke|p2|Scizor, F|
|poke|p2|Landorus-Therian, M|
|poke|p2|Alomomola, F|
|poke|p2|Meowscarada, M|
|poke|p2|Hydreigon, M|
|poke|p2|Dragapult, F|
|teampreview
|inactive|Battle timer is ON: inactive players will automatically lose when time's up. (requested by guoqiushi)
|
|t:|1757823687
|teamsize|p1|6
|teamsize|p2|6
|start
|switch|p1a: Weavile|Weavile, F|100/100
|switch|p2a: Landorus|Landorus-Therian, M|100/100
|-ability|p2a: Landorus|Intimidate|boost
|-unboost|p1a: Weavile|atk|1
|-ability|p1a: Weavile|Pressure
|turn|1
|
|t:|1757823692
|switch|p1a: Zapdos|Zapdos|100/100
|move|p2a: Landorus|U-turn|p1a: Zapdos
|-resisted|p1a: Zapdos
|-damage|p1a: Zapdos|90/100
|-status|p2a: Landorus|par|[from] ability: Static|[of] p1a: Zapdos
|j| LuLuNaNaRaRa
|
|t:|1757823699
|switch|p2a: Dragapult|Dragapult, F|100/100|[from] U-turn
|
|upkeep
|turn|2
|
|t:|1757823703
|move|p2a: Dragapult|Shadow Ball|p1a: Zapdos
|-damage|p1a: Zapdos|41/100
|move|p1a: Zapdos|Thunder Wave|p2a: Dragapult
|-status|p2a: Dragapult|par
|
|upkeep
|turn|3
|
|t:|1757823708
|move|p1a: Zapdos|Roost|p1a: Zapdos
|-heal|p1a: Zapdos|91/100
|-singleturn|p1a: Zapdos|move: Roost
|move|p2a: Dragapult|Shadow Ball|p1a: Zapdos
|-damage|p1a: Zapdos|41/100
|
|upkeep
|turn|4
|
|t:|1757823714
|move|p1a: Zapdos|Roost|p1a: Zapdos
|-heal|p1a: Zapdos|91/100
|-singleturn|p1a: Zapdos|move: Roost
|cant|p2a: Dragapult|par
|
|upkeep
|turn|5
|
|t:|1757823720
|move|p1a: Zapdos|Hurricane|p2a: Dragapult
|-damage|p2a: Dragapult|37/100 par
|cant|p2a: Dragapult|par
|
|upkeep
|turn|6
|
|t:|1757823728
|move|p1a: Zapdos|Hurricane|p2a: Dragapult
|-damage|p2a: Dragapult|0 fnt
|faint|p2a: Dragapult
|
|upkeep
|
|t:|1757823731
|switch|p2a: Landorus|Landorus-Therian, M|100/100 par
|-ability|p2a: Landorus|Intimidate|boost
|-unboost|p1a: Zapdos|atk|1
|turn|7
|
|t:|1757823736
|switch|p1a: Clefable|Clefable, F|100/100
|move|p2a: Landorus|Stone Edge|p1a: Clefable|[miss]
|-miss|p2a: Landorus|p1a: Clefable
|
|upkeep
|turn|8
|
|t:|1757823741
|switch|p2a: Scizor|Scizor, F|100/100
|move|p1a: Clefable|Moonblast|p2a: Scizor
|-resisted|p2a: Scizor
|-damage|p2a: Scizor|82/100
|-unboost|p2a: Scizor|spa|1
|
|-heal|p2a: Scizor|88/100|[from] item: Leftovers
|upkeep
|turn|9
|
|t:|1757823752
|switch|p1a: Cinderace|Cinderace, F|100/100
|move|p2a: Scizor|U-turn|p1a: Cinderace
|-resisted|p1a: Cinderace
|-damage|p1a: Cinderace|79/100
|
|t:|1757823758
|switch|p2a: Landorus|Landorus-Therian, M|100/100 par|[from] U-turn
|-ability|p2a: Landorus|Intimidate|boost
|-unboost|p1a: Cinderace|atk|1
|
|upkeep
|turn|10
|
|t:|1757823761
|move|p1a: Cinderace|U-turn|p2a: Landorus
|-start|p1a: Cinderace|typechange|Bug|[from] ability: Libero
|-resisted|p2a: Landorus
|-damage|p2a: Landorus|88/100 par
|
|t:|1757823769
|switch|p1a: Clefable|Clefable, F|100/100|[from] U-turn
|move|p2a: Landorus|U-turn|p1a: Clefable
|-resisted|p1a: Clefable
|-damage|p1a: Clefable|91/100
|
|t:|1757823776
|switch|p2a: Scizor|Scizor, F|88/100|[from] U-turn
|
|-heal|p2a: Scizor|94/100|[from] item: Leftovers
|upkeep
|turn|11
|
|t:|1757823779
|switch|p1a: Zapdos|Zapdos|91/100
|move|p2a: Scizor|U-turn|p1a: Zapdos
|-resisted|p1a: Zapdos
|-damage|p1a: Zapdos|80/100
|-status|p2a: Scizor|par|[from] ability: Static|[of] p1a: Zapdos
|
|t:|1757823786
|switch|p2a: Meowscarada|Meowscarada, M|100/100|[from] U-turn
|
|upkeep
|turn|12
|
|t:|1757823807
|switch|p1a: Weavile|Weavile, F|100/100
|-ability|p1a: Weavile|Pressure
|move|p2a: Meowscarada|Triple Axel|p1a: Weavile|[miss]
|-start|p2a: Meowscarada|typechange|Ice|[from] ability: Protean
|-miss|p2a: Meowscarada|p1a: Weavile
|
|upkeep
|turn|13
|
|t:|1757823816
|switch|p1a: Zapdos|Zapdos|80/100
|switch|p2a: Alomomola|Alomomola, F|100/100
|
|upkeep
|turn|14
|
|t:|1757823823
|switch|p2a: Landorus|Landorus-Therian, M|88/100 par
|-ability|p2a: Landorus|Intimidate|boost
|-unboost|p1a: Zapdos|atk|1
|move|p1a: Zapdos|Hurricane|p2a: Landorus
|-crit|p2a: Landorus
|-damage|p2a: Landorus|6/100 par
|
|upkeep
|turn|15
|
|t:|1757823830
|move|p1a: Zapdos|Hurricane|p2a: Landorus
|-damage|p2a: Landorus|0 fnt
|faint|p2a: Landorus
|
|upkeep
|
|t:|1757823834
|switch|p2a: Meowscarada|Meowscarada, M|100/100
|turn|16
|j| bayesian_monk
|
|t:|1757823841
|move|p2a: Meowscarada|U-turn|p1a: Zapdos
|-start|p2a: Meowscarada|typechange|Bug|[from] ability: Protean
|-resisted|p1a: Zapdos
|-damage|p1a: Zapdos|63/100
|
|t:|1757823846
|switch|p2a: Hydreigon|Hydreigon, M|100/100|[from] U-turn
|move|p1a: Zapdos|Hurricane|p2a: Hydreigon
|-damage|p2a: Hydreigon|58/100
|-start|p2a: Hydreigon|confusion
|
|-heal|p2a: Hydreigon|64/100|[from] item: Leftovers
|upkeep
|turn|17
|
|t:|1757823852
|-activate|p2a: Hydreigon|confusion
|-damage|p2a: Hydreigon|55/100|[from] confusion
|move|p1a: Zapdos|Roost|p1a: Zapdos
|-heal|p1a: Zapdos|100/100
|-singleturn|p1a: Zapdos|move: Roost
|
|-heal|p2a: Hydreigon|62/100|[from] item: Leftovers
|upkeep
|turn|18
|
|t:|1757823856
|-activate|p2a: Hydreigon|confusion
|move|p2a: Hydreigon|Substitute|p2a: Hydreigon
|-start|p2a: Hydreigon|Substitute
|-damage|p2a: Hydreigon|37/100
|move|p1a: Zapdos|Hurricane|p2a: Hydreigon
|-end|p2a: Hydreigon|Substitute
|
|-heal|p2a: Hydreigon|43/100|[from] item: Leftovers
|upkeep
|turn|19
|
|t:|1757823862
|switch|p1a: Clefable|Clefable, F|91/100
|-end|p2a: Hydreigon|confusion
|move|p2a: Hydreigon|Substitute|p2a: Hydreigon
|-start|p2a: Hydreigon|Substitute
|-damage|p2a: Hydreigon|18/100
|
|-heal|p2a: Hydreigon|24/100|[from] item: Leftovers
|upkeep
|turn|20
|
|t:|1757823864
|move|p2a: Hydreigon|Nasty Plot|p2a: Hydreigon
|-boost|p2a: Hydreigon|spa|2
|move|p1a: Clefable|Moonblast|p2a: Hydreigon
|-supereffective|p2a: Hydreigon
|-end|p2a: Hydreigon|Substitute
|
|-heal|p2a: Hydreigon|30/100|[from] item: Leftovers
|upkeep
|turn|21
|
|t:|1757823869
|-terastallize|p2a: Hydreigon|Fairy
|move|p2a: Hydreigon|Substitute|p2a: Hydreigon
|-start|p2a: Hydreigon|Substitute
|-damage|p2a: Hydreigon|5/100
|move|p1a: Clefable|Moonblast|p2a: Hydreigon
|-end|p2a: Hydreigon|Substitute
|
|-heal|p2a: Hydreigon|11/100|[from] item: Leftovers
|upkeep
|turn|22
|
|t:|1757823876
|move|p2a: Hydreigon|Tera Blast|p1a: Clefable|[anim] Tera Blast Fairy
|-damage|p1a: Clefable|60/100
|move|p1a: Clefable|Moonblast|p2a: Hydreigon
|-damage|p2a: Hydreigon|0 fnt
|faint|p2a: Hydreigon
|
|upkeep
|-message|guoqiushi forfeited.
|
|win|sminey
|raw|sminey's rating: 1544 &rarr; <strong>1563</strong><br />(+19 for winning)
|raw|guoqiushi's rating: 1518 &rarr; <strong>1499</strong><br />(-19 for losing)
|l|☆guoqiushi
|player|p2|
|l|☆sminey
|player|p1|
|l| LuLuNaNaRaRa
