|j|☆Pokemon of Color
|j|☆tonyx1234
|t:|1757856226
|gametype|singles
|player|p1|Pokemon of Color|266|1372
|player|p2|tonyx1234|n|1412
|gen|9
|tier|[Gen 9] OU
|rated|
|rule|HP Percentage Mod: HP is shown in percentages
|rule|Endless Battle Clause: Forcing endless battles is banned
|rule|Species Clause: Limit one of each Pokémon
|rule|OHKO Clause: OHKO moves are banned
|rule|Evasion Items Clause: Evasion items are banned
|rule|Evasion Moves Clause: Evasion moves are banned
|rule|Evasion Abilities Clause: Evasion abilities are banned
|rule|Sleep Moves Clause: Sleep-inducing moves are banned
|clearpoke
|poke|p1|Noivern, M|
|poke|p1|Great Tusk|
|poke|p1|Ceruledge, M|
|poke|p1|Articuno-Galar|
|poke|p1|Goodra-Hisui, F|
|poke|p1|Cloyster, F|
|poke|p2|Iron Moth|
|poke|p2|Ting-Lu|
|poke|p2|Torkoal, F|
|poke|p2|Walking Wake|
|poke|p2|Great Tusk|
|poke|p2|Slither Wing|
|teampreview
|inactive|Battle timer is ON: inactive players will automatically lose when time's up. (requested by Pokemon of Color)
|
|t:|1757856252
|teamsize|p1|6
|teamsize|p2|6
|start
|switch|p1a: Ceruledge|Ceruledge, M|100/100
|switch|p2a: Slither Wing|Slither Wing|100/100
|turn|1
|
|t:|1757856261
|move|p2a: Slither Wing|U-turn|p1a: Ceruledge
|-resisted|p1a: Ceruledge
|-damage|p1a: Ceruledge|83/100
|-ability|p1a: Ceruledge|Weak Armor|boost
|-unboost|p1a: Ceruledge|def|1
|-boost|p1a: Ceruledge|spe|2
|
|t:|1757856267
|-end|p2a: Slither Wing|Protosynthesis|[silent]
|switch|p2a: Ting-Lu|Ting-Lu|100/100|[from] U-turn
|-ability|p2a: Ting-Lu|Vessel of Ruin
|move|p1a: Ceruledge|Swords Dance|p1a: Ceruledge
|-boost|p1a: Ceruledge|atk|2
|
|upkeep
|turn|2
|
|t:|1757856279
|move|p1a: Ceruledge|Close Combat|p2a: Ting-Lu
|-supereffective|p2a: Ting-Lu
|-damage|p2a: Ting-Lu|0 fnt
|-unboost|p1a: Ceruledge|def|1
|-unboost|p1a: Ceruledge|spd|1
|-damage|p1a: Ceruledge|66/100|[from] item: Rocky Helmet|[of] p2a: Ting-Lu
|faint|p2a: Ting-Lu
|
|upkeep
|
|t:|1757856289
|switch|p2a: Torkoal|Torkoal, F|100/100
|-weather|SunnyDay|[from] ability: Drought|[of] p2a: Torkoal
|turn|3
|
|t:|1757856299
|move|p1a: Ceruledge|Bitter Blade|p2a: Torkoal
|-resisted|p2a: Torkoal
|-damage|p2a: Torkoal|54/100
|-heal|p1a: Ceruledge|89/100|[from] drain|[of] p2a: Torkoal
|move|p2a: Torkoal|Stealth Rock|p1a: Ceruledge
|-sidestart|p1: Pokemon of Color|move: Stealth Rock
|
|-weather|SunnyDay|[upkeep]
|upkeep
|turn|4
|
|t:|1757856317
|switch|p2a: Walking Wake|Walking Wake|100/100
|-activate|p2a: Walking Wake|ability: Protosynthesis
|-start|p2a: Walking Wake|protosynthesisspe
|move|p1a: Ceruledge|Bitter Blade|p2a: Walking Wake
|-resisted|p2a: Walking Wake
|-damage|p2a: Walking Wake|59/100
|-heal|p1a: Ceruledge|100/100|[from] drain|[of] p2a: Walking Wake
|
|-weather|SunnyDay|[upkeep]
|upkeep
|turn|5
|
|t:|1757856329
|move|p2a: Walking Wake|Hydro Steam|p1a: Ceruledge
|-supereffective|p1a: Ceruledge
|-enditem|p1a: Ceruledge|Focus Sash
|-damage|p1a: Ceruledge|1/100
|move|p1a: Ceruledge|Close Combat|p2a: Walking Wake
|-damage|p2a: Walking Wake|0 fnt
|-unboost|p1a: Ceruledge|def|1
|-unboost|p1a: Ceruledge|spd|1
|faint|p2a: Walking Wake
|-end|p2a: Walking Wake|Protosynthesis|[silent]
|
|-weather|SunnyDay|[upkeep]
|upkeep
|
|t:|1757856333
|switch|p2a: Slither Wing|Slither Wing|100/100
|-activate|p2a: Slither Wing|ability: Protosynthesis
|-start|p2a: Slither Wing|protosynthesisatk
|turn|6
|
|t:|1757856345
|move|p2a: Slither Wing|First Impression|p1a: Ceruledge
|-resisted|p1a: Ceruledge
|-damage|p1a: Ceruledge|0 fnt
|faint|p1a: Ceruledge
|
|-weather|SunnyDay|[upkeep]
|upkeep
|
|t:|1757856362
|switch|p1a: Great Tusk|Great Tusk|100/100
|-damage|p1a: Great Tusk|98/100|[from] Stealth Rock
|-activate|p1a: Great Tusk|ability: Protosynthesis
|-start|p1a: Great Tusk|protosynthesisatk
|turn|7
|
|t:|1757856368
|-end|p2a: Slither Wing|Protosynthesis|[silent]
|switch|p2a: Great Tusk|Great Tusk|100/100
|-activate|p2a: Great Tusk|ability: Protosynthesis
|-start|p2a: Great Tusk|protosynthesisspe
|move|p1a: Great Tusk|Rapid Spin|p2a: Great Tusk
|-damage|p2a: Great Tusk|87/100
|-boost|p1a: Great Tusk|spe|1
|-sideend|p1: Pokemon of Color|Stealth Rock|[from] move: Rapid Spin|[of] p1a: Great Tusk
|
|-weather|SunnyDay|[upkeep]
|upkeep
|turn|8
|
|t:|1757856378
|move|p2a: Great Tusk|Bulk Up|p2a: Great Tusk
|-boost|p2a: Great Tusk|atk|1
|-boost|p2a: Great Tusk|def|1
|move|p1a: Great Tusk|Ice Spinner|p2a: Great Tusk
|-supereffective|p2a: Great Tusk
|-damage|p2a: Great Tusk|54/100
|
|-weather|SunnyDay|[upkeep]
|upkeep
|turn|9
|
|t:|1757856390
|-end|p1a: Great Tusk|Protosynthesis|[silent]
|switch|p1a: Articuno|Articuno-Galar|100/100
|move|p2a: Great Tusk|Bulk Up|p2a: Great Tusk
|-boost|p2a: Great Tusk|atk|1
|-boost|p2a: Great Tusk|def|1
|
|-weather|SunnyDay|[upkeep]
|upkeep
|turn|10
|
|t:|1757856399
|-terastallize|p2a: Great Tusk|Ghost
|move|p2a: Great Tusk|Ice Spinner|p1a: Articuno
|-supereffective|p1a: Articuno
|-damage|p1a: Articuno|32/100
|-enditem|p1a: Articuno|Weakness Policy
|-boost|p1a: Articuno|atk|2|[from] item: Weakness Policy
|-boost|p1a: Articuno|spa|2|[from] item: Weakness Policy
|move|p1a: Articuno|Agility|p1a: Articuno
|-boost|p1a: Articuno|spe|2
|
|-weather|none
|-end|p2a: Great Tusk|Protosynthesis
|upkeep
|turn|11
|
|t:|1757856417
|move|p1a: Articuno|Stored Power|p2a: Great Tusk
|-damage|p2a: Great Tusk|0 fnt
|faint|p2a: Great Tusk
|-end|p2a: Great Tusk|Protosynthesis|[silent]
|
|upkeep
|
|t:|1757856420
|switch|p2a: Slither Wing|Slither Wing|100/100
|turn|12
|
|t:|1757856427
|move|p2a: Slither Wing|First Impression|p1a: Articuno
|-damage|p1a: Articuno|0 fnt
|faint|p1a: Articuno
|
|upkeep
|inactive|Pokemon of Color has 120 seconds left.
|
|t:|1757856463
|switch|p1a: Cloyster|Cloyster, F|100/100
|turn|13
|
|t:|1757856467
|-end|p2a: Slither Wing|Protosynthesis|[silent]
|switch|p2a: Torkoal|Torkoal, F|54/100
|-weather|SunnyDay|[from] ability: Drought|[of] p2a: Torkoal
|move|p1a: Cloyster|Liquidation|p2a: Torkoal
|-supereffective|p2a: Torkoal
|-damage|p2a: Torkoal|34/100
|
|-weather|SunnyDay|[upkeep]
|upkeep
|turn|14
|inactive|Pokemon of Color has 120 seconds left.
|
|t:|1757856484
|move|p1a: Cloyster|Shell Smash|p1a: Cloyster
|-unboost|p1a: Cloyster|def|1
|-unboost|p1a: Cloyster|spd|1
|-boost|p1a: Cloyster|atk|2
|-boost|p1a: Cloyster|spa|2
|-boost|p1a: Cloyster|spe|2
|-enditem|p1a: Cloyster|White Herb
|-clearnegativeboost|p1a: Cloyster|[silent]
|move|p2a: Torkoal|Lava Plume|p1a: Cloyster
|-damage|p1a: Cloyster|12/100
|
|-weather|SunnyDay|[upkeep]
|upkeep
|turn|15
|inactive|Pokemon of Color has 120 seconds left.
|
|t:|1757856498
|move|p1a: Cloyster|Liquidation|p2a: Torkoal
|-supereffective|p2a: Torkoal
|-damage|p2a: Torkoal|0 fnt
|faint|p2a: Torkoal
|
|-weather|SunnyDay|[upkeep]
|upkeep
|
|t:|1757856499
|switch|p2a: Slither Wing|Slither Wing|100/100
|-activate|p2a: Slither Wing|ability: Protosynthesis
|-start|p2a: Slither Wing|protosynthesisatk
|turn|16
|
|t:|1757856509
|move|p2a: Slither Wing|First Impression|p1a: Cloyster
|-damage|p1a: Cloyster|0 fnt
|faint|p1a: Cloyster
|
|-weather|SunnyDay|[upkeep]
|upkeep
|inactive|Pokemon of Color has 120 seconds left.
|
|t:|1757856533
|switch|p1a: Noivern|Noivern, M|100/100
|turn|17
|inactive|Pokemon of Color has 120 seconds left.
|
|t:|1757856551
|-end|p2a: Slither Wing|Protosynthesis|[silent]
|switch|p2a: Iron Moth|Iron Moth|100/100
|move|p1a: Noivern|Air Slash|p2a: Iron Moth
|-damage|p2a: Iron Moth|70/100
|
|-weather|SunnyDay|[upkeep]
|upkeep
|turn|18
|
|t:|1757856562
|move|p1a: Noivern|Psychic Noise|p2a: Iron Moth
|-supereffective|p2a: Iron Moth
|-damage|p2a: Iron Moth|25/100
|-start|p2a: Iron Moth|move: Heal Block
|-enditem|p1a: Noivern|Throat Spray
|-boost|p1a: Noivern|spa|1|[from] item: Throat Spray
|move|p2a: Iron Moth|Fiery Dance|p1a: Noivern
|-resisted|p1a: Noivern
|-damage|p1a: Noivern|36/100
|
|-weather|SunnyDay|[upkeep]
|upkeep
|turn|19
|-message|tonyx1234 forfeited.
|
|win|Pokemon of Color
|raw|Pokemon of Color's rating: 1372 &rarr; <strong>1394</strong><br />(+22 for winning)
|raw|tonyx1234's rating: 1412 &rarr; <strong>1390</strong><br />(-22 for losing)
|l|☆tonyx1234
|player|p2|
|l|☆Pokemon of Color
|player|p1|
