|j|☆kukumachine
|j|☆MikhaelSunworth
|t:|1757927807
|gametype|singles
|player|p1|kukumachine|unknown|1427
|player|p2|MikhaelSunworth|chuck|1452
|gen|9
|tier|[Gen 9] OU
|rated|
|rule|HP Percentage Mod: HP is shown in percentages
|rule|Endless Battle Clause: Forcing endless battles is banned
|rule|Species Clause: Limit one of each Pokémon
|rule|OHKO Clause: OHKO moves are banned
|rule|Evasion Items Clause: Evasion items are banned
|rule|Evasion Moves Clause: Evasion moves are banned
|rule|Evasion Abilities Clause: Evasion abilities are banned
|rule|Sleep Moves Clause: Sleep-inducing moves are banned
|clearpoke
|poke|p1|Zamazenta-*|
|poke|p1|Scizor, M|
|poke|p1|Moltres|
|poke|p1|Crawdaunt, M|
|poke|p1|Clefable, M|
|poke|p1|Latias, F|
|poke|p2|Pecharunt|
|poke|p2|Great Tusk|
|poke|p2|Landorus-Therian, M|
|poke|p2|Samurott-Hisui, F|
|poke|p2|Ting-Lu|
|poke|p2|Hoopa-Unbound|
|teampreview
|inactive|Battle timer is ON: inactive players will automatically lose when time's up. (requested by kukumachine)
|inactive|MikhaelSunworth has 120 seconds left.
|
|t:|1757927857
|teamsize|p1|6
|teamsize|p2|6
|start
|switch|p1a: Scizor|Scizor, M|100/100
|switch|p2a: The Samurai|Samurott-Hisui, F|100/100
|turn|1
|inactive|kukumachine has 120 seconds left.
|
|t:|1757927911
|move|p2a: The Samurai|Flip Turn|p1a: Scizor
|-damage|p1a: Scizor|73/100
|
|t:|1757927926
|switch|p2a: The Bulldozer|Great Tusk|100/100|[from] Flip Turn
|move|p1a: Scizor|Close Combat|p2a: The Bulldozer
|-damage|p2a: The Bulldozer|72/100
|-unboost|p1a: Scizor|def|1
|-unboost|p1a: Scizor|spd|1
|
|-heal|p2a: The Bulldozer|78/100|[from] item: Leftovers
|upkeep
|turn|2
|inactive|kukumachine has 90 seconds left.
|
|t:|1757927953
|-end|p2a: The Bulldozer|Protosynthesis|[silent]
|switch|p2a: The Samurai|Samurott-Hisui, F|100/100
|switch|p1a: Crawdaunt|Crawdaunt, M|100/100
|
|upkeep
|turn|3
|inactive|kukumachine has 90 seconds left.
|
|t:|1757927966
|move|p2a: The Samurai|Ceaseless Edge|p1a: Crawdaunt
|-resisted|p1a: Crawdaunt
|-damage|p1a: Crawdaunt|69/100
|-sidestart|p1: kukumachine|Spikes
|move|p1a: Crawdaunt|Crabhammer|p2a: The Samurai
|-resisted|p2a: The Samurai
|-damage|p2a: The Samurai|53/100
|
|upkeep
|turn|4
|
|t:|1757927978
|move|p2a: The Samurai|Knock Off|p1a: Crawdaunt
|-resisted|p1a: Crawdaunt
|-damage|p1a: Crawdaunt|40/100
|-enditem|p1a: Crawdaunt|Focus Sash|[from] move: Knock Off|[of] p2a: The Samurai
|move|p1a: Crawdaunt|Crabhammer|p2a: The Samurai
|-resisted|p2a: The Samurai
|-damage|p2a: The Samurai|4/100
|
|upkeep
|turn|5
|
|t:|1757927984
|move|p1a: Crawdaunt|Aqua Jet|p2a: The Samurai
|-resisted|p2a: The Samurai
|-crit|p2a: The Samurai
|-damage|p2a: The Samurai|0 fnt
|faint|p2a: The Samurai
|
|upkeep
|
|t:|1757927991
|switch|p2a: The Choosen One|Landorus-Therian, M|100/100
|-ability|p2a: The Choosen One|Intimidate|boost
|-unboost|p1a: Crawdaunt|atk|1
|turn|6
|
|t:|1757928008
|-terastallize|p2a: The Choosen One|Flying
|move|p1a: Crawdaunt|Aqua Jet|p2a: The Choosen One
|-damage|p2a: The Choosen One|78/100
|move|p2a: The Choosen One|Tera Blast|p1a: Crawdaunt|[anim] Tera Blast Flying
|-damage|p1a: Crawdaunt|0 fnt
|faint|p1a: Crawdaunt
|
|upkeep
|
|t:|1757928018
|switch|p1a: Latias|Latias, F|100/100
|turn|7
|
|t:|1757928024
|switch|p2a: Hoopa|Hoopa-Unbound|100/100
|move|p1a: Latias|Agility|p1a: Latias
|-boost|p1a: Latias|spe|2
|
|upkeep
|turn|8
|
|t:|1757928037
|-terastallize|p1a: Latias|Fairy
|move|p1a: Latias|Calm Mind|p1a: Latias
|-boost|p1a: Latias|spa|1
|-boost|p1a: Latias|spd|1
|move|p2a: Hoopa|Knock Off|p1a: Latias
|-resisted|p1a: Latias
|-damage|p1a: Latias|77/100
|-enditem|p1a: Latias|Weakness Policy|[from] move: Knock Off|[of] p2a: Hoopa
|
|upkeep
|turn|9
|inactive|kukumachine has 90 seconds left.
|
|t:|1757928075
|move|p1a: Latias|Draining Kiss|p2a: Hoopa
|-supereffective|p2a: Hoopa
|-damage|p2a: Hoopa|56/100
|-heal|p1a: Latias|100/100|[from] drain|[of] p2a: Hoopa
|move|p2a: Hoopa|Psychic Noise|p1a: Latias
|-damage|p1a: Latias|76/100
|-start|p1a: Latias|move: Heal Block
|
|upkeep
|turn|10
|inactive|kukumachine has 90 seconds left.
|
|t:|1757928089
|switch|p2a: The Wall|Ting-Lu|100/100
|-ability|p2a: The Wall|Vessel of Ruin
|move|p1a: Latias|Calm Mind|p1a: Latias
|-boost|p1a: Latias|spa|1
|-boost|p1a: Latias|spd|1
|
|-end|p1a: Latias|move: Heal Block
|upkeep
|turn|11
|
|t:|1757928092
|move|p1a: Latias|Draining Kiss|p2a: The Wall
|-supereffective|p2a: The Wall
|-damage|p2a: The Wall|57/100
|-heal|p1a: Latias|100/100|[from] drain|[of] p2a: The Wall
|move|p2a: The Wall|Whirlwind|p1a: Latias
|drag|p1a: Zamazenta|Zamazenta|100/100
|-damage|p1a: Zamazenta|88/100|[from] Spikes
|-ability|p1a: Zamazenta|Dauntless Shield|boost
|-boost|p1a: Zamazenta|def|1
|
|-heal|p2a: The Wall|63/100|[from] item: Leftovers
|upkeep
|turn|12
|
|t:|1757928102
|move|p1a: Zamazenta|Body Press|p2a: The Wall
|-supereffective|p2a: The Wall
|-damage|p2a: The Wall|0 fnt
|faint|p2a: The Wall
|
|upkeep
|
|t:|1757928109
|switch|p2a: The Strategist|Pecharunt|100/100
|turn|13
|
|t:|1757928131
|move|p1a: Zamazenta|Crunch|p2a: The Strategist
|-supereffective|p2a: The Strategist
|-damage|p2a: The Strategist|80/100
|-damage|p1a: Zamazenta|72/100|[from] item: Rocky Helmet|[of] p2a: The Strategist
|move|p2a: The Strategist|Parting Shot|p1a: Zamazenta
|-unboost|p1a: Zamazenta|atk|1
|-unboost|p1a: Zamazenta|spa|1
|
|t:|1757928138
|switch|p2a: The Choosen One|Landorus-Therian, M, tera:Flying|78/100|[from] Parting Shot
|-ability|p2a: The Choosen One|Intimidate|boost
|-unboost|p1a: Zamazenta|atk|1
|
|upkeep
|turn|14
|
|t:|1757928144
|move|p2a: The Choosen One|U-turn|p1a: Zamazenta
|-resisted|p1a: Zamazenta
|-damage|p1a: Zamazenta|65/100
|-damage|p2a: The Choosen One|61/100|[from] item: Rocky Helmet|[of] p1a: Zamazenta
|
|t:|1757928146
|switch|p2a: The Strategist|Pecharunt|80/100|[from] U-turn
|move|p1a: Zamazenta|Iron Defense|p1a: Zamazenta
|-boost|p1a: Zamazenta|def|2
|
|upkeep
|turn|15
|inactive|kukumachine has 120 seconds left.
|
|t:|1757928161
|move|p1a: Zamazenta|Crunch|p2a: The Strategist
|-supereffective|p2a: The Strategist
|-damage|p2a: The Strategist|71/100
|-damage|p1a: Zamazenta|49/100|[from] item: Rocky Helmet|[of] p2a: The Strategist
|move|p2a: The Strategist|Malignant Chain|p1a: Zamazenta
|-damage|p1a: Zamazenta|24/100
|
|upkeep
|turn|16
|
|t:|1757928168
|move|p1a: Zamazenta|Heavy Slam|p2a: The Strategist
|-damage|p2a: The Strategist|63/100
|-damage|p1a: Zamazenta|7/100|[from] item: Rocky Helmet|[of] p2a: The Strategist
|move|p2a: The Strategist|Recover|p2a: The Strategist
|-heal|p2a: The Strategist|100/100
|
|upkeep
|turn|17
|
|t:|1757928188
|move|p1a: Zamazenta|Crunch|p2a: The Strategist
|-supereffective|p2a: The Strategist
|-damage|p2a: The Strategist|90/100
|-damage|p1a: Zamazenta|0 fnt|[from] item: Rocky Helmet|[of] p2a: The Strategist
|faint|p1a: Zamazenta
|move|p2a: The Strategist|Foul Play|p1: Zamazenta|[notarget]
|-fail|p2a: The Strategist
|
|upkeep
|inactive|kukumachine has 120 seconds left.
|
|t:|1757928214
|switch|p1a: Scizor|Scizor, M|73/100
|-damage|p1a: Scizor|60/100|[from] Spikes
|turn|18
|
|t:|1757928237
|move|p2a: The Strategist|Foul Play|p1a: Scizor
|-damage|p1a: Scizor|24/100
|move|p1a: Scizor|Knock Off|p2a: The Strategist
|-supereffective|p2a: The Strategist
|-damage|p2a: The Strategist|57/100
|-damage|p1a: Scizor|7/100|[from] item: Rocky Helmet|[of] p2a: The Strategist
|-enditem|p2a: The Strategist|Rocky Helmet|[from] move: Knock Off|[of] p1a: Scizor
|
|upkeep
|turn|19
|
|t:|1757928246
|move|p2a: The Strategist|Recover|p2a: The Strategist
|-heal|p2a: The Strategist|100/100
|move|p1a: Scizor|Swords Dance|p1a: Scizor
|-boost|p1a: Scizor|atk|2
|
|upkeep
|turn|20
|
|t:|1757928249
|move|p1a: Scizor|Bullet Punch|p2a: The Strategist
|-damage|p2a: The Strategist|65/100
|move|p2a: The Strategist|Foul Play|p1a: Scizor
|-damage|p1a: Scizor|0 fnt
|faint|p1a: Scizor
|
|upkeep
|
|t:|1757928259
|switch|p1a: Moltres|Moltres|100/100
|turn|21
|
|t:|1757928280
|move|p1a: Moltres|Fire Spin|p2a: The Strategist
|-damage|p2a: The Strategist|50/100
|-activate|p2a: The Strategist|move: Fire Spin|[of] p1a: Moltres
|move|p2a: The Strategist|Malignant Chain|p1a: Moltres
|-damage|p1a: Moltres|73/100
|-status|p1a: Moltres|tox
|-start|p1a: Moltres|confusion|[from] ability: Poison Puppeteer|[of] p2a: The Strategist
|
|-damage|p1a: Moltres|67/100 tox|[from] psn
|-damage|p2a: The Strategist|38/100|[from] move: Fire Spin|[partiallytrapped]
|upkeep
|turn|22
|
|t:|1757928288
|-activate|p1a: Moltres|confusion
|move|p1a: Moltres|Scorching Sands|p2a: The Strategist
|-supereffective|p2a: The Strategist
|-damage|p2a: The Strategist|2/100
|move|p2a: The Strategist|Recover|p2a: The Strategist
|-heal|p2a: The Strategist|52/100
|
|-damage|p1a: Moltres|55/100 tox|[from] psn
|-damage|p2a: The Strategist|40/100|[from] move: Fire Spin|[partiallytrapped]
|upkeep
|turn|23
|
|t:|1757928295
|-activate|p1a: Moltres|confusion
|-damage|p1a: Moltres|47/100 tox|[from] confusion
|move|p2a: The Strategist|Parting Shot|p1a: Moltres
|-unboost|p1a: Moltres|atk|1
|-unboost|p1a: Moltres|spa|1
|
|t:|1757928301
|switch|p2a: Hoopa|Hoopa-Unbound|56/100|[from] Parting Shot
|
|-damage|p1a: Moltres|29/100 tox|[from] psn
|upkeep
|turn|24
|
|t:|1757928309
|-activate|p1a: Moltres|confusion
|-damage|p1a: Moltres|23/100 tox|[from] confusion
|move|p2a: Hoopa|Psychic Noise|p1a: Moltres
|-damage|p1a: Moltres|0 fnt
|faint|p1a: Moltres
|
|upkeep
|
|t:|1757928322
|switch|p1a: Clefable|Clefable, M|100/100
|-damage|p1a: Clefable|88/100|[from] Spikes
|turn|25
|
|t:|1757928328
|move|p2a: Hoopa|Psychic Noise|p1a: Clefable
|-damage|p1a: Clefable|42/100
|-start|p1a: Clefable|move: Heal Block
|move|p1a: Clefable|Calm Mind|p1a: Clefable
|-boost|p1a: Clefable|spa|1
|-boost|p1a: Clefable|spd|1
|
|upkeep
|turn|26
|
|t:|1757928337
|move|p2a: Hoopa|Psychic Noise|p1a: Clefable
|-damage|p1a: Clefable|12/100
|move|p1a: Clefable|Moonblast|p2a: Hoopa
|-supereffective|p2a: Hoopa
|-damage|p2a: Hoopa|5/100
|
|-end|p1a: Clefable|move: Heal Block
|upkeep
|turn|27
|
|t:|1757928344
|move|p2a: Hoopa|Knock Off|p1a: Clefable
|-resisted|p1a: Clefable
|-damage|p1a: Clefable|0 fnt
|-enditem|p1a: Clefable|Leftovers|[from] move: Knock Off|[of] p2a: Hoopa
|faint|p1a: Clefable
|
|upkeep
|
|t:|1757928347
|switch|p1a: Latias|Latias, F, tera:Fairy|100/100
|turn|28
|
|t:|1757928351
|move|p1a: Latias|Agility|p1a: Latias
|-boost|p1a: Latias|spe|2
|move|p2a: Hoopa|Psychic Noise|p1a: Latias
|-damage|p1a: Latias|64/100
|-start|p1a: Latias|move: Heal Block
|
|upkeep
|turn|29
|
|t:|1757928364
|move|p1a: Latias|Calm Mind|p1a: Latias
|-boost|p1a: Latias|spa|1
|-boost|p1a: Latias|spd|1
|move|p2a: Hoopa|Psychic Noise|p1a: Latias
|-damage|p1a: Latias|39/100
|
|-end|p1a: Latias|move: Heal Block
|upkeep
|turn|30
|
|t:|1757928371
|move|p1a: Latias|Draining Kiss|p2a: Hoopa
|-supereffective|p2a: Hoopa
|-damage|p2a: Hoopa|0 fnt
|-heal|p1a: Latias|42/100|[from] drain|[of] p2a: Hoopa
|faint|p2a: Hoopa
|
|upkeep
|
|t:|1757928374
|switch|p2a: The Choosen One|Landorus-Therian, M, tera:Flying|61/100
|-ability|p2a: The Choosen One|Intimidate|boost
|-unboost|p1a: Latias|atk|1
|turn|31
|
|t:|1757928386
|move|p1a: Latias|Draining Kiss|p2a: The Choosen One
|-damage|p2a: The Choosen One|6/100
|-heal|p1a: Latias|79/100|[from] drain|[of] p2a: The Choosen One
|move|p2a: The Choosen One|Tera Blast|p1a: Latias|[anim] Tera Blast Flying
|-damage|p1a: Latias|15/100
|
|upkeep
|turn|32
|
|t:|1757928400
|move|p1a: Latias|Draining Kiss|p2a: The Choosen One
|-damage|p2a: The Choosen One|0 fnt
|-heal|p1a: Latias|19/100|[from] drain|[of] p2a: The Choosen One
|faint|p2a: The Choosen One
|
|upkeep
|
|t:|1757928402
|switch|p2a: The Strategist|Pecharunt|40/100
|turn|33
|
|t:|1757928406
|move|p1a: Latias|Stored Power|p2a: The Strategist
|-supereffective|p2a: The Strategist
|-damage|p2a: The Strategist|0 fnt
|faint|p2a: The Strategist
|
|upkeep
|-message|MikhaelSunworth forfeited.
|
|win|kukumachine
|raw|kukumachine's rating: 1427 &rarr; <strong>1448</strong><br />(+21 for winning)
|raw|MikhaelSunworth's rating: 1452 &rarr; <strong>1431</strong><br />(-21 for losing)
|l|☆MikhaelSunworth
|player|p2|
|l|☆kukumachine
|player|p1|
