|j|☆lupiit
|j|☆hongbong
|t:|1757910731
|gametype|singles
|player|p1|lupiit|dragontamer|1465
|player|p2|hongbong|n|1453
|gen|9
|tier|[Gen 9] OU
|rated|
|rule|HP Percentage Mod: HP is shown in percentages
|rule|Endless Battle Clause: Forcing endless battles is banned
|rule|Species Clause: Limit one of each Pokémon
|rule|OHKO Clause: OHKO moves are banned
|rule|Evasion Items Clause: Evasion items are banned
|rule|Evasion Moves Clause: Evasion moves are banned
|rule|Evasion Abilities Clause: Evasion abilities are banned
|rule|Sleep Moves Clause: Sleep-inducing moves are banned
|clearpoke
|poke|p1|Kyurem|
|poke|p1|Latias, F|
|poke|p1|Skeledirge, M|
|poke|p1|Hoopa-Unbound|
|poke|p1|Cinderace, F|
|poke|p1|Garchomp, M|
|poke|p2|Blaziken, M|
|poke|p2|Tentacruel, M|
|poke|p2|Zoroark-Hisui, M|
|poke|p2|Lycanroc-Dusk, F|
|poke|p2|Ogerpon, F|
|poke|p2|Hoopa-Unbound|
|teampreview
|inactive|Battle timer is ON: inactive players will automatically lose when time's up. (requested by hongbong)
|inactive|lupiit also wants the timer to be on.
|
|t:|1757910746
|teamsize|p1|6
|teamsize|p2|6
|start
|switch|p1a: Cinderace|Cinderace, F|100/100
|switch|p2a: Ogerpon|Ogerpon, F|100/100
|turn|1
|
|t:|1757910754
|switch|p2a: Blaziken|Blaziken, M|100/100
|move|p1a: Cinderace|U-turn|p2a: Blaziken
|-start|p1a: Cinderace|typechange|Bug|[from] ability: Libero
|-resisted|p2a: Blaziken
|-damage|p2a: Blaziken|87/100
|
|t:|1757910758
|switch|p1a: Skeledirge|Skeledirge, M, shiny|100/100|[from] U-turn
|
|upkeep
|turn|2
|
|t:|1757910760
|move|p2a: Blaziken|Knock Off|p1a: Skeledirge
|-supereffective|p1a: Skeledirge
|-damage|p1a: Skeledirge|39/100
|-enditem|p1a: Skeledirge|Choice Specs|[from] move: Knock Off|[of] p2a: Blaziken
|move|p1a: Skeledirge|Torch Song|p2a: Blaziken
|-resisted|p2a: Blaziken
|-damage|p2a: Blaziken|57/100
|-boost|p1a: Skeledirge|spa|1
|
|-ability|p2a: Blaziken|Speed Boost|boost
|-boost|p2a: Blaziken|spe|1
|upkeep
|turn|3
|
|t:|1757910762
|move|p2a: Blaziken|Knock Off|p1a: Skeledirge
|-supereffective|p1a: Skeledirge
|-damage|p1a: Skeledirge|1/100
|move|p1a: Skeledirge|Shadow Ball|p2a: Blaziken
|-damage|p2a: Blaziken|0 fnt
|faint|p2a: Blaziken
|
|upkeep
|
|t:|1757910770
|switch|p2a: Ogerpon|Ogerpon, F|100/100
|turn|4
|
|t:|1757910775
|move|p2a: Ogerpon|U-turn|p1a: Skeledirge
|-resisted|p1a: Skeledirge
|-damage|p1a: Skeledirge|0 fnt
|faint|p1a: Skeledirge
|
|t:|1757910784
|switch|p2a: Tentacruel|Tentacruel, M|100/100|[from] U-turn
|
|upkeep
|
|t:|1757910788
|switch|p1a: Hoopa|Hoopa-Unbound|100/100
|turn|5
|
|t:|1757910796
|switch|p2a: Lycanroc|Lycanroc-Dusk, F|100/100
|move|p1a: Hoopa|Dark Pulse|p2a: Lycanroc
|-damage|p2a: Lycanroc|1/100
|
|upkeep
|turn|6
|
|t:|1757910800
|switch|p1a: Garchomp|Garchomp, M|100/100
|move|p2a: Lycanroc|Stone Edge|p1a: Garchomp
|-resisted|p1a: Garchomp
|-damage|p1a: Garchomp|87/100
|
|upkeep
|turn|7
|
|t:|1757910804
|move|p2a: Lycanroc|Endeavor|p1a: Garchomp
|-damage|p1a: Garchomp|1/100
|-damage|p2a: Lycanroc|0 fnt|[from] ability: Rough Skin|[of] p1a: Garchomp
|faint|p2a: Lycanroc
|move|p1a: Garchomp|Earthquake|p2: Lycanroc|[notarget]
|-fail|p1a: Garchomp
|
|upkeep
|
|t:|1757910818
|switch|p2a: Ogerpon|Ogerpon, F|100/100
|turn|8
|
|t:|1757910821
|move|p1a: Garchomp|Endure|p1a: Garchomp
|-singleturn|p1a: Garchomp|move: Endure
|move|p2a: Ogerpon|Ivy Cudgel|p1a: Garchomp
|-crit|p1a: Garchomp
|-activate|p1a: Garchomp|move: Endure
|-damage|p1a: Garchomp|1/100
|
|upkeep
|turn|9
|c|☆lupiit|what the hellyu
|c|☆hongbong|sry for crit
|
|t:|1757910829
|switch|p1a: Cinderace|Cinderace, F|100/100
|move|p2a: Ogerpon|Ivy Cudgel|p1a: Cinderace
|-resisted|p1a: Cinderace
|-damage|p1a: Cinderace|46/100
|
|upkeep
|turn|10
|c|☆hongbong|cudgel isnt contact
|c|☆lupiit|I KNOW
|c|☆lupiit|but why didnt u turn lol
|c|☆hongbong|sry
|c|☆hongbong|?
|c|☆hongbong|didnt wanna take chip
|c|☆lupiit|nerd
|
|t:|1757910854
|-terastallize|p2a: Ogerpon|Grass
|detailschange|p2a: Ogerpon|Ogerpon-Teal-Tera, F, tera:Grass
|-ability|p2a: Ogerpon|Embody Aspect (Teal)|boost
|-boost|p2a: Ogerpon|spe|1
|move|p2a: Ogerpon|Ivy Cudgel|p1a: Cinderace
|-resisted|p1a: Cinderace
|-damage|p1a: Cinderace|0 fnt
|faint|p1a: Cinderace
|
|upkeep
|
|t:|1757910860
|switch|p1a: Kyurem|Kyurem|100/100
|-ability|p1a: Kyurem|Pressure
|turn|11
|c|☆hongbong|damn who hurt you
|
|t:|1757910863
|switch|p2a: Tentacruel|Tentacruel, M|100/100
|move|p1a: Kyurem|Ice Beam|p2a: Tentacruel
|-resisted|p2a: Tentacruel
|-damage|p2a: Tentacruel|89/100
|
|upkeep
|turn|12
|
|t:|1757910865
|switch|p1a: Garchomp|Garchomp, M|1/100
|move|p2a: Tentacruel|Sludge Bomb|p1a: Garchomp
|-resisted|p1a: Garchomp
|-damage|p1a: Garchomp|0 fnt
|faint|p1a: Garchomp
|
|upkeep
|
|t:|1757910868
|switch|p1a: Hoopa|Hoopa-Unbound|100/100
|turn|13
|
|t:|1757910875
|move|p1a: Hoopa|Calm Mind|p1a: Hoopa
|-boost|p1a: Hoopa|spa|1
|-boost|p1a: Hoopa|spd|1
|move|p2a: Tentacruel|Flip Turn|p1a: Hoopa
|-damage|p1a: Hoopa|76/100
|
|t:|1757910876
|switch|p2a: Ogerpon|Ogerpon-Teal-Tera, F, tera:Grass|100/100|[from] Flip Turn
|-ability|p2a: Ogerpon|Embody Aspect (Teal)|boost
|-boost|p2a: Ogerpon|spe|1
|
|-heal|p1a: Hoopa|82/100|[from] item: Leftovers
|upkeep
|turn|14
|
|t:|1757910885
|switch|p1a: Kyurem|Kyurem|100/100
|-ability|p1a: Kyurem|Pressure
|move|p2a: Ogerpon|U-turn|p1a: Kyurem
|-damage|p1a: Kyurem|66/100
|
|t:|1757910891
|switch|p2a: Hoopa|Hoopa-Unbound|100/100|[from] U-turn
|
|upkeep
|turn|15
|
|t:|1757910894
|switch|p1a: Hoopa|Hoopa-Unbound|82/100
|move|p2a: Hoopa|Focus Blast|p1a: Hoopa
|-damage|p1a: Hoopa|36/100
|
|-heal|p1a: Hoopa|42/100|[from] item: Leftovers
|upkeep
|turn|16
|
|t:|1757910898
|move|p2a: Hoopa|Focus Blast|p1a: Hoopa
|-crit|p1a: Hoopa
|-damage|p1a: Hoopa|0 fnt
|faint|p1a: Hoopa
|
|upkeep
|
|t:|1757910900
|switch|p1a: Latias|Latias, F|100/100
|turn|17
|
|t:|1757910902
|move|p2a: Hoopa|Dark Pulse|p1a: Latias
|-supereffective|p1a: Latias
|-damage|p1a: Latias|17/100
|cant|p1a: Latias|flinch
|
|-heal|p1a: Latias|23/100|[from] item: Leftovers
|upkeep
|turn|18
|c|☆hongbong|sry
|-message|lupiit forfeited.
|
|win|hongbong
|raw|lupiit's rating: 1465 &rarr; <strong>1444</strong><br />(-21 for losing)
|raw|hongbong's rating: 1453 &rarr; <strong>1474</strong><br />(+21 for winning)
|l|☆lupiit
|player|p1|
|l|☆hongbong
|player|p2|
