|j|☆LT02
|j|☆iontest
|t:|1757928357
|gametype|singles
|player|p1|LT02|101|1243
|player|p2|iontest|1|1212
|gen|9
|tier|[Gen 9] OU
|rated|
|rule|HP Percentage Mod: HP is shown in percentages
|rule|Endless Battle Clause: Forcing endless battles is banned
|rule|Species Clause: Limit one of each Pokémon
|rule|OHKO Clause: OHKO moves are banned
|rule|Evasion Items Clause: Evasion items are banned
|rule|Evasion Moves Clause: Evasion moves are banned
|rule|Evasion Abilities Clause: Evasion abilities are banned
|rule|Sleep Moves Clause: Sleep-inducing moves are banned
|clearpoke
|poke|p1|Porygon-Z|
|poke|p1|Rillaboom, F|
|poke|p1|Iron Moth|
|poke|p1|Great Tusk|
|poke|p1|Alomomola, M|
|poke|p1|Grimmsnarl, M|
|poke|p2|Dragonite, F|
|poke|p2|Zamazenta-*|
|poke|p2|Landorus-Therian, M|
|poke|p2|Gholdengo|
|poke|p2|Darkrai|
|poke|p2|Hatterene, F|
|teampreview
|inactive|Battle timer is ON: inactive players will automatically lose when time's up. (requested by LT02)
|
|t:|1757928364
|teamsize|p1|6
|teamsize|p2|6
|start
|switch|p1a: Porygon-Z|Porygon-Z|100/100
|switch|p2a: Landorus|Landorus-Therian, M|100/100
|-ability|p1a: Porygon-Z|Download|boost
|-boost|p1a: Porygon-Z|atk|1
|-ability|p2a: Landorus|Intimidate|boost
|-unboost|p1a: Porygon-Z|atk|1
|turn|1
|
|t:|1757928377
|switch|p2a: Hatterene|Hatterene, F|100/100
|move|p1a: Porygon-Z|Ice Beam|p2a: Hatterene
|-damage|p2a: Hatterene|69/100
|
|upkeep
|turn|2
|
|t:|1757928392
|switch|p1a: Grimmsnarl|Grimmsnarl, M|100/100
|move|p2a: Hatterene|Draining Kiss|p1a: Grimmsnarl
|-supereffective|p1a: Grimmsnarl
|-damage|p1a: Grimmsnarl|56/100
|-heal|p2a: Hatterene|100/100|[from] drain|[of] p1a: Grimmsnarl
|
|upkeep
|turn|3
|
|t:|1757928401
|switch|p1a: Iron Moth|Iron Moth|100/100
|switch|p2a: Landorus|Landorus-Therian, M|100/100
|-ability|p2a: Landorus|Intimidate|boost
|-unboost|p1a: Iron Moth|atk|1
|
|upkeep
|turn|4
|
|t:|1757928409
|move|p1a: Iron Moth|Overheat|p2a: Landorus
|-damage|p2a: Landorus|30/100
|-unboost|p1a: Iron Moth|spa|2
|move|p2a: Landorus|Taunt|p1a: Iron Moth
|-start|p1a: Iron Moth|move: Taunt
|
|upkeep
|turn|5
|
|t:|1757928419
|switch|p2a: Hatterene|Hatterene, F|100/100
|move|p1a: Iron Moth|Overheat|p2a: Hatterene
|-damage|p2a: Hatterene|78/100
|-unboost|p1a: Iron Moth|spa|2
|
|upkeep
|turn|6
|
|t:|1757928435
|-end|p1a: Iron Moth|Quark Drive|[silent]
|switch|p1a: Rillaboom|Rillaboom, F|100/100
|-fieldstart|move: Grassy Terrain|[from] ability: Grassy Surge|[of] p1a: Rillaboom
|move|p2a: Hatterene|Psyshock|p1a: Rillaboom
|-damage|p1a: Rillaboom|61/100
|
|-heal|p1a: Rillaboom|67/100|[from] Grassy Terrain
|-heal|p2a: Hatterene|84/100|[from] Grassy Terrain
|upkeep
|turn|7
|
|t:|1757928447
|switch|p2a: Zamazenta|Zamazenta|100/100
|-ability|p2a: Zamazenta|Dauntless Shield|boost
|-boost|p2a: Zamazenta|def|1
|move|p1a: Rillaboom|Knock Off|p2a: Zamazenta
|-resisted|p2a: Zamazenta
|-damage|p2a: Zamazenta|88/100
|-enditem|p2a: Zamazenta|Leftovers|[from] move: Knock Off|[of] p1a: Rillaboom
|
|-heal|p2a: Zamazenta|94/100|[from] Grassy Terrain
|-heal|p1a: Rillaboom|73/100|[from] Grassy Terrain
|upkeep
|turn|8
|
|t:|1757928469
|switch|p1a: Porygon-Z|Porygon-Z|100/100
|-ability|p1a: Porygon-Z|Download|boost
|-boost|p1a: Porygon-Z|spa|1
|move|p2a: Zamazenta|Body Press|p1a: Porygon-Z
|-supereffective|p1a: Porygon-Z
|-damage|p1a: Porygon-Z|0 fnt
|faint|p1a: Porygon-Z
|
|-heal|p2a: Zamazenta|99/100|[from] Grassy Terrain
|upkeep
|
|t:|1757928472
|switch|p1a: Iron Moth|Iron Moth|100/100
|turn|9
|
|t:|1757928486
|switch|p2a: Hatterene|Hatterene, F|84/100
|move|p1a: Iron Moth|Fiery Dance|p2a: Hatterene
|-damage|p2a: Hatterene|53/100
|-boost|p1a: Iron Moth|spa|1
|
|-heal|p2a: Hatterene|59/100|[from] Grassy Terrain
|upkeep
|turn|10
|inactive|iontest has 120 seconds left.
|
|t:|1757928508
|-terastallize|p1a: Iron Moth|Fire
|move|p1a: Iron Moth|Fiery Dance|p2a: Hatterene
|-damage|p2a: Hatterene|8/100
|-boost|p1a: Iron Moth|spa|1
|move|p2a: Hatterene|Psyshock|p1a: Iron Moth
|-damage|p1a: Iron Moth|33/100
|
|-heal|p1a: Iron Moth|39/100|[from] Grassy Terrain
|-heal|p2a: Hatterene|14/100|[from] Grassy Terrain
|-fieldend|move: Grassy Terrain
|upkeep
|turn|11
|inactive|iontest has 120 seconds left.
|
|t:|1757928527
|move|p1a: Iron Moth|Fiery Dance|p2a: Hatterene
|-damage|p2a: Hatterene|0 fnt
|-boost|p1a: Iron Moth|spa|1
|faint|p2a: Hatterene
|
|upkeep
|
|t:|1757928536
|switch|p2a: Darkrai|Darkrai|100/100
|turn|12
|
|t:|1757928541
|move|p1a: Iron Moth|Fiery Dance|p2a: Darkrai
|-damage|p2a: Darkrai|0 fnt
|faint|p2a: Darkrai
|
|upkeep
|
|t:|1757928548
|switch|p2a: Zamazenta|Zamazenta|99/100
|turn|13
|
|t:|1757928559
|move|p1a: Iron Moth|Fiery Dance|p2a: Zamazenta
|-damage|p2a: Zamazenta|0 fnt
|-boost|p1a: Iron Moth|spa|1
|faint|p2a: Zamazenta
|
|upkeep
|
|t:|1757928567
|switch|p2a: Dragonite|Dragonite, F|100/100
|turn|14
|
|t:|1757928573
|move|p1a: Iron Moth|Fiery Dance|p2a: Dragonite
|-resisted|p2a: Dragonite
|-damage|p2a: Dragonite|58/100
|-boost|p1a: Iron Moth|spa|1
|move|p2a: Dragonite|Dragon Dance|p2a: Dragonite
|-boost|p2a: Dragonite|atk|1
|-boost|p2a: Dragonite|spe|1
|
|upkeep
|turn|15
|
|t:|1757928585
|-terastallize|p2a: Dragonite|Flying
|move|p1a: Iron Moth|Fiery Dance|p2a: Dragonite
|-damage|p2a: Dragonite|0 fnt
|-boost|p1a: Iron Moth|spa|1
|faint|p2a: Dragonite
|
|upkeep
|inactive|iontest has 120 seconds left.
|-message|iontest forfeited.
|
|win|LT02
|raw|LT02's rating: 1243 &rarr; <strong>1266</strong><br />(+23 for winning)
|raw|iontest's rating: 1212 &rarr; <strong>1189</strong><br />(-23 for losing)
|l|☆iontest
|player|p2|
