|j|☆omari p
|j|☆Rj yoip
|t:|1757822863
|gametype|singles
|player|p1|omari p|pokemonrangerf|1614
|player|p2|Rj yoip|caitlin-masters|1795
|gen|9
|tier|[Gen 9] OU
|rated|
|rule|HP Percentage Mod: HP is shown in percentages
|rule|Endless Battle Clause: Forcing endless battles is banned
|rule|Species Clause: Limit one of each Pokémon
|rule|OHKO Clause: OHKO moves are banned
|rule|Evasion Items Clause: Evasion items are banned
|rule|Evasion Moves Clause: Evasion moves are banned
|rule|Evasion Abilities Clause: Evasion abilities are banned
|rule|Sleep Moves Clause: Sleep-inducing moves are banned
|clearpoke
|poke|p1|Ting-Lu|
|poke|p1|Glastrier|
|poke|p1|Thundurus-Therian, M|
|poke|p1|Cinderace, M|
|poke|p1|Latios, M|
|poke|p1|Corviknight, F|
|poke|p2|Iron Treads|
|poke|p2|Landorus-Therian, M|
|poke|p2|Iron Valiant|
|poke|p2|Kingambit, M|
|poke|p2|Zamazenta-*|
|poke|p2|Primarina, F|
|teampreview
|inactive|Battle timer is ON: inactive players will automatically lose when time's up. (requested by Rj yoip)
|
|t:|1757822876
|teamsize|p1|6
|teamsize|p2|6
|start
|switch|p1a: Latios|Latios, M|100/100
|switch|p2a: Landorus|Landorus-Therian, M|100/100
|-ability|p2a: Landorus|Intimidate|boost
|-unboost|p1a: Latios|atk|1
|turn|1
|
|t:|1757822883
|move|p1a: Latios|Ice Beam|p2a: Landorus
|-supereffective|p2a: Landorus
|-damage|p2a: Landorus|0 fnt
|faint|p2a: Landorus
|
|upkeep
|
|t:|1757822886
|switch|p2a: Iron Valiant|Iron Valiant|100/100
|turn|2
|
|t:|1757822892
|switch|p1a: Cinderace|Cinderace, M|100/100
|move|p2a: Iron Valiant|Knock Off|p1a: Cinderace
|-damage|p1a: Cinderace|56/100
|-enditem|p1a: Cinderace|Flame Plate|[from] move: Knock Off|[of] p2a: Iron Valiant
|
|upkeep
|turn|3
|
|t:|1757822896
|move|p2a: Iron Valiant|Close Combat|p1a: Cinderace
|-damage|p1a: Cinderace|0 fnt
|-unboost|p2a: Iron Valiant|def|1
|-unboost|p2a: Iron Valiant|spd|1
|faint|p1a: Cinderace
|
|upkeep
|
|t:|1757822901
|switch|p1a: Ting-Lucifer|Ting-Lu|100/100
|-ability|p1a: Ting-Lucifer|Vessel of Ruin
|turn|4
|c|☆Rj yoip|Non max speed flame plate wtf
|
|t:|1757822907
|-end|p2a: Iron Valiant|Quark Drive|[silent]
|switch|p2a: Zamazenta|Zamazenta|100/100
|-ability|p2a: Zamazenta|Dauntless Shield|boost
|-boost|p2a: Zamazenta|def|1
|move|p1a: Ting-Lucifer|Heavy Slam|p2a: Zamazenta
|-damage|p2a: Zamazenta|87/100
|
|-heal|p2a: Zamazenta|94/100|[from] item: Leftovers
|upkeep
|turn|5
|
|t:|1757822911
|switch|p1a: Corviknight|Corviknight, F|100/100
|-ability|p1a: Corviknight|Pressure
|move|p2a: Zamazenta|Body Press|p1a: Corviknight
|-damage|p1a: Corviknight|63/100
|-damage|p2a: Zamazenta|77/100|[from] item: Rocky Helmet|[of] p1a: Corviknight
|
|-heal|p2a: Zamazenta|83/100|[from] item: Leftovers
|upkeep
|turn|6
|
|t:|1757822941
|move|p2a: Zamazenta|Iron Defense|p2a: Zamazenta
|-boost|p2a: Zamazenta|def|2
|move|p1a: Corviknight|Roost|p1a: Corviknight
|-heal|p1a: Corviknight|100/100
|-singleturn|p1a: Corviknight|move: Roost
|
|-heal|p2a: Zamazenta|89/100|[from] item: Leftovers
|upkeep
|turn|7
|inactive|omari p has 120 seconds left.
|
|t:|1757822976
|move|p2a: Zamazenta|Body Press|p1a: Corviknight
|-damage|p1a: Corviknight|38/100
|-damage|p2a: Zamazenta|73/100|[from] item: Rocky Helmet|[of] p1a: Corviknight
|move|p1a: Corviknight|Iron Defense|p1a: Corviknight
|-boost|p1a: Corviknight|def|2
|
|-heal|p2a: Zamazenta|79/100|[from] item: Leftovers
|upkeep
|turn|8
|inactive|Rj yoip has 120 seconds left.
|
|t:|1757823012
|move|p1a: Corviknight|Roost|p1a: Corviknight
|-heal|p1a: Corviknight|88/100
|-singleturn|p1a: Corviknight|move: Roost
|move|p2a: Zamazenta|Roar|p1a: Corviknight
|drag|p1a: Ting-Lucifer|Ting-Lu|100/100
|-ability|p1a: Ting-Lucifer|Vessel of Ruin
|
|-heal|p2a: Zamazenta|85/100|[from] item: Leftovers
|upkeep
|turn|9
|j| LuLuNaNaRaRa
|inactive|omari p has 120 seconds left.
|
|t:|1757823045
|switch|p1a: Latios|Latios, M|100/100
|move|p2a: Zamazenta|Body Press|p1a: Latios
|-resisted|p1a: Latios
|-damage|p1a: Latios|43/100
|
|-heal|p2a: Zamazenta|91/100|[from] item: Leftovers
|upkeep
|turn|10
|
|t:|1757823050
|move|p1a: Latios|Luster Purge|p2a: Zamazenta
|-supereffective|p2a: Zamazenta
|-damage|p2a: Zamazenta|11/100
|move|p2a: Zamazenta|Body Press|p1a: Latios
|-resisted|p1a: Latios
|-damage|p1a: Latios|0 fnt
|faint|p1a: Latios
|
|-heal|p2a: Zamazenta|17/100|[from] item: Leftovers
|upkeep
|
|t:|1757823054
|switch|p1a: Thundurus|Thundurus-Therian, M|100/100
|turn|11
|
|t:|1757823068
|move|p2a: Zamazenta|Body Press|p1a: Thundurus
|-resisted|p1a: Thundurus
|-damage|p1a: Thundurus|43/100
|move|p1a: Thundurus|Thunderbolt|p2a: Zamazenta
|-damage|p2a: Zamazenta|0 fnt
|faint|p2a: Zamazenta
|
|-heal|p1a: Thundurus|49/100|[from] item: Leftovers
|upkeep
|
|t:|1757823073
|switch|p2a: Iron Treads|Iron Treads|100/100
|-enditem|p2a: Iron Treads|Booster Energy
|-activate|p2a: Iron Treads|ability: Quark Drive|[fromitem]
|-start|p2a: Iron Treads|quarkdrivespe
|turn|12
|
|t:|1757823080
|move|p2a: Iron Treads|Ice Spinner|p1a: Thundurus
|-supereffective|p1a: Thundurus
|-damage|p1a: Thundurus|0 fnt
|faint|p1a: Thundurus
|
|upkeep
|
|t:|1757823084
|switch|p1a: Ting-Lucifer|Ting-Lu|100/100
|-ability|p1a: Ting-Lucifer|Vessel of Ruin
|turn|13
|
|t:|1757823086
|-end|p2a: Iron Treads|Quark Drive|[silent]
|switch|p2a: Primarina|Primarina, F|100/100
|move|p1a: Ting-Lucifer|Earthquake|p2a: Primarina
|-damage|p2a: Primarina|37/100
|
|upkeep
|turn|14
|
|t:|1757823090
|move|p2a: Primarina|Surf|p1a: Ting-Lucifer
|-supereffective|p1a: Ting-Lucifer
|-damage|p1a: Ting-Lucifer|46/100
|-enditem|p1a: Ting-Lucifer|Weakness Policy
|-boost|p1a: Ting-Lucifer|atk|2|[from] item: Weakness Policy
|-boost|p1a: Ting-Lucifer|spa|2|[from] item: Weakness Policy
|move|p1a: Ting-Lucifer|Earthquake|p2a: Primarina
|-damage|p2a: Primarina|0 fnt
|faint|p2a: Primarina
|
|upkeep
|
|t:|1757823092
|switch|p2a: Iron Valiant|Iron Valiant|100/100
|turn|15
|
|t:|1757823097
|move|p2a: Iron Valiant|Close Combat|p1a: Ting-Lucifer
|-supereffective|p1a: Ting-Lucifer
|-damage|p1a: Ting-Lucifer|0 fnt
|-unboost|p2a: Iron Valiant|def|1
|-unboost|p2a: Iron Valiant|spd|1
|faint|p1a: Ting-Lucifer
|
|upkeep
|
|t:|1757823099
|switch|p1a: Glastrier|Glastrier|100/100
|turn|16
|
|t:|1757823110
|-end|p2a: Iron Valiant|Quark Drive|[silent]
|switch|p2a: Iron Treads|Iron Treads|100/100
|move|p1a: Glastrier|Icicle Crash|p2a: Iron Treads|[miss]
|-miss|p1a: Glastrier|p2a: Iron Treads
|
|upkeep
|turn|17
|
|t:|1757823115
|move|p2a: Iron Treads|Iron Head|p1a: Glastrier
|-supereffective|p1a: Glastrier
|-damage|p1a: Glastrier|48/100
|move|p1a: Glastrier|Swords Dance|p1a: Glastrier
|-boost|p1a: Glastrier|atk|2
|
|-heal|p1a: Glastrier|54/100|[from] item: Leftovers
|upkeep
|turn|18
|
|t:|1757823119
|move|p2a: Iron Treads|Iron Head|p1a: Glastrier
|-supereffective|p1a: Glastrier
|-damage|p1a: Glastrier|1/100
|move|p1a: Glastrier|High Horsepower|p2a: Iron Treads
|-supereffective|p2a: Iron Treads
|-damage|p2a: Iron Treads|0 fnt
|faint|p2a: Iron Treads
|-end|p2a: Iron Treads|Quark Drive|[silent]
|-ability|p1a: Glastrier|Chilling Neigh|boost
|-boost|p1a: Glastrier|atk|1
|
|-heal|p1a: Glastrier|8/100|[from] item: Leftovers
|upkeep
|
|t:|1757823121
|switch|p2a: Iron Valiant|Iron Valiant|100/100
|turn|19
|
|t:|1757823125
|move|p2a: Iron Valiant|Moonblast|p1a: Glastrier
|-damage|p1a: Glastrier|0 fnt
|faint|p1a: Glastrier
|
|upkeep
|-message|omari p forfeited.
|
|win|Rj yoip
|raw|omari p's rating: 1614 &rarr; <strong>1604</strong><br />(-10 for losing)
|raw|Rj yoip's rating: 1795 &rarr; <strong>1805</strong><br />(+10 for winning)
|l|☆omari p
|player|p1|
|l| LuLuNaNaRaRa
