|j|☆swampertsfists
|j|☆DrMira
|t:|1757911204
|gametype|singles
|player|p1|swampertsfists|swimmerf|1180
|player|p2|DrMira|1|1154
|gen|9
|tier|[Gen 9] OU
|rated|
|rule|HP Percentage Mod: HP is shown in percentages
|rule|Endless Battle Clause: Forcing endless battles is banned
|rule|Species Clause: Limit one of each Pokémon
|rule|OHKO Clause: OHKO moves are banned
|rule|Evasion Items Clause: Evasion items are banned
|rule|Evasion Moves Clause: Evasion moves are banned
|rule|Evasion Abilities Clause: Evasion abilities are banned
|rule|Sleep Moves Clause: Sleep-inducing moves are banned
|clearpoke
|poke|p1|Lokix, M|
|poke|p1|Alomomola, F|
|poke|p1|Weezing-Galar, M|
|poke|p1|Tinkaton, F|
|poke|p1|Ogerpon-Wellspring, F|
|poke|p1|Iron Crown|
|poke|p2|Greninja-*, F|
|poke|p2|Azelf|
|poke|p2|Great Tusk|
|poke|p2|Armarouge, M|
|poke|p2|Meowscarada, F|
|poke|p2|Dragonite, F|
|teampreview
|
|t:|1757911215
|teamsize|p1|6
|teamsize|p2|6
|start
|switch|p1a: Tinkaton|Tinkaton, F, shiny|100/100
|switch|p2a: Dragonite|Dragonite, F|100/100
|turn|1
|
|t:|1757911219
|-terastallize|p2a: Dragonite|Fairy
|move|p1a: Tinkaton|Fake Out|p2a: Dragonite
|-damage|p2a: Dragonite|97/100
|cant|p2a: Dragonite|flinch
|
|-heal|p2a: Dragonite|100/100|[from] item: Leftovers
|upkeep
|turn|2
|
|t:|1757911224
|move|p2a: Dragonite|Dragon Dance|p2a: Dragonite
|-boost|p2a: Dragonite|atk|1
|-boost|p2a: Dragonite|spe|1
|move|p1a: Tinkaton|Gigaton Hammer|p2a: Dragonite
|-supereffective|p2a: Dragonite
|-damage|p2a: Dragonite|52/100
|
|-heal|p2a: Dragonite|58/100|[from] item: Leftovers
|upkeep
|turn|3
|
|t:|1757911228
|move|p2a: Dragonite|Earthquake|p1a: Tinkaton
|-supereffective|p1a: Tinkaton
|-damage|p1a: Tinkaton|0 fnt
|faint|p1a: Tinkaton
|
|-heal|p2a: Dragonite|64/100|[from] item: Leftovers
|upkeep
|
|t:|1757911239
|switch|p1a: Lokix|Lokix, M, shiny|100/100
|turn|4
|
|t:|1757911252
|-terastallize|p1a: Lokix|Bug
|move|p1a: Lokix|First Impression|p2a: Dragonite
|-resisted|p2a: Dragonite
|-damage|p2a: Dragonite|0 fnt
|faint|p2a: Dragonite
|
|upkeep
|
|t:|1757911284
|switch|p2a: Armarouge|Armarouge, M|100/100
|turn|5
|inactive|Battle timer is ON: inactive players will automatically lose when time's up. (requested by DrMira)
|
|t:|1757911309
|switch|p1a: Alomomola|Alomomola, F|100/100
|move|p2a: Armarouge|Flamethrower|p1a: Alomomola
|-resisted|p1a: Alomomola
|-damage|p1a: Alomomola|84/100
|
|-heal|p1a: Alomomola|90/100|[from] item: Leftovers
|upkeep
|turn|6
|
|t:|1757911315
|switch|p2a: Meowscarada|Meowscarada, F|100/100
|move|p1a: Alomomola|Wish|p1a: Alomomola
|
|-heal|p1a: Alomomola|96/100|[from] item: Leftovers
|upkeep
|turn|7
|
|t:|1757911321
|move|p2a: Meowscarada|Flower Trick|p1a: Alomomola
|-start|p2a: Meowscarada|typechange|Grass|[from] ability: Protean
|-supereffective|p1a: Alomomola
|-crit|p1a: Alomomola
|-damage|p1a: Alomomola|0 fnt
|faint|p1a: Alomomola
|
|upkeep
|
|t:|1757911328
|switch|p1a: Lokix|Lokix, M, shiny, tera:Bug|100/100
|turn|8
|
|t:|1757911335
|switch|p2a: Great Tusk|Great Tusk|100/100
|-enditem|p2a: Great Tusk|Booster Energy
|-activate|p2a: Great Tusk|ability: Protosynthesis|[fromitem]
|-start|p2a: Great Tusk|protosynthesisdef
|move|p1a: Lokix|First Impression|p2a: Great Tusk
|-resisted|p2a: Great Tusk
|-damage|p2a: Great Tusk|67/100
|
|upkeep
|turn|9
|
|t:|1757911364
|switch|p1a: Weezing|Weezing-Galar, M, shiny|100/100
|move|p2a: Great Tusk|Earthquake|p1a: Weezing
|-immune|p1a: Weezing|[from] ability: Levitate
|
|upkeep
|turn|10
|
|t:|1757911370
|move|p2a: Great Tusk|Stealth Rock|p1a: Weezing
|-sidestart|p1: swampertsfists|move: Stealth Rock
|move|p1a: Weezing|Strange Steam|p2a: Great Tusk
|-supereffective|p2a: Great Tusk
|-damage|p2a: Great Tusk|0 fnt
|faint|p2a: Great Tusk
|-end|p2a: Great Tusk|Protosynthesis|[silent]
|
|upkeep
|
|t:|1757911383
|switch|p2a: Azelf|Azelf|100/100
|turn|11
|inactive|swampertsfists has 120 seconds left.
|
|t:|1757911419
|move|p2a: Azelf|Mystical Power|p1a: Weezing
|-supereffective|p1a: Weezing
|-damage|p1a: Weezing|38/100
|-boost|p2a: Azelf|spa|1
|move|p1a: Weezing|Pain Split|p2a: Azelf
|-sethp|p2a: Azelf|72/100|[from] move: Pain Split|[silent]
|-sethp|p1a: Weezing|62/100|[from] move: Pain Split
|
|upkeep
|turn|12
|inactive|swampertsfists has 120 seconds left.
|
|t:|1757911450
|switch|p1a: Iron Crown|Iron Crown|100/100
|-damage|p1a: Iron Crown|94/100|[from] Stealth Rock
|move|p2a: Azelf|Mystical Power|p1a: Iron Crown
|-resisted|p1a: Iron Crown
|-damage|p1a: Iron Crown|87/100
|-boost|p2a: Azelf|spa|1
|-heal|p2a: Azelf|73/100|[from] item: Shell Bell|[of] p1a: Iron Crown
|
|upkeep
|turn|13
|inactive|swampertsfists has 90 seconds left.
|
|t:|1757911493
|move|p2a: Azelf|Shadow Ball|p1a: Iron Crown
|-supereffective|p1a: Iron Crown
|-damage|p1a: Iron Crown|26/100
|-heal|p2a: Azelf|82/100|[from] item: Shell Bell|[of] p1a: Iron Crown
|move|p1a: Iron Crown|Air Slash|p2a: Azelf
|-crit|p2a: Azelf
|-damage|p2a: Azelf|21/100
|
|upkeep
|turn|14
|
|t:|1757911510
|move|p2a: Azelf|Shadow Ball|p1a: Iron Crown
|-supereffective|p1a: Iron Crown
|-damage|p1a: Iron Crown|0 fnt
|faint|p1a: Iron Crown
|-end|p1a: Iron Crown|Quark Drive|[silent]
|-heal|p2a: Azelf|25/100|[from] item: Shell Bell|[of] p1: Iron Crown
|
|upkeep
|
|t:|1757911516
|switch|p1a: Lokix|Lokix, M, shiny, tera:Bug|100/100
|-damage|p1a: Lokix|76/100|[from] Stealth Rock
|turn|15
|
|t:|1757911527
|move|p1a: Lokix|First Impression|p2a: Azelf
|-supereffective|p2a: Azelf
|-damage|p2a: Azelf|0 fnt
|faint|p2a: Azelf
|
|upkeep
|
|t:|1757911529
|switch|p2a: Armarouge|Armarouge, M|100/100
|turn|16
|
|t:|1757911538
|switch|p1a: Weezing|Weezing-Galar, M, shiny|62/100
|move|p2a: Armarouge|Flamethrower|p1a: Weezing
|-damage|p1a: Weezing|19/100
|
|upkeep
|turn|17
|
|t:|1757911549
|move|p2a: Armarouge|Flamethrower|p1a: Weezing
|-damage|p1a: Weezing|0 fnt
|faint|p1a: Weezing
|
|upkeep
|
|t:|1757911552
|switch|p1a: Lokix|Lokix, M, shiny, tera:Bug|76/100
|-damage|p1a: Lokix|51/100|[from] Stealth Rock
|turn|18
|
|t:|1757911554
|move|p1a: Lokix|First Impression|p2a: Armarouge
|-damage|p2a: Armarouge|20/100
|move|p2a: Armarouge|Flamethrower|p1a: Lokix
|-supereffective|p1a: Lokix
|-damage|p1a: Lokix|0 fnt
|faint|p1a: Lokix
|
|upkeep
|
|t:|1757911558
|switch|p1a: Ogerpon|Ogerpon-Wellspring, F|100/100
|-damage|p1a: Ogerpon|88/100|[from] Stealth Rock
|turn|19
|inactive|swampertsfists has 120 seconds left.
|
|t:|1757911570
|move|p1a: Ogerpon|Quick Attack|p2a: Armarouge
|-damage|p2a: Armarouge|5/100
|move|p2a: Armarouge|Scorching Sands|p1a: Ogerpon
|-resisted|p1a: Ogerpon
|-damage|p1a: Ogerpon|73/100
|-status|p1a: Ogerpon|brn
|
|-damage|p1a: Ogerpon|67/100 brn|[from] brn
|upkeep
|turn|20
|
|t:|1757911575
|move|p1a: Ogerpon|Quick Attack|p2a: Armarouge
|-damage|p2a: Armarouge|0 fnt
|faint|p2a: Armarouge
|
|-damage|p1a: Ogerpon|61/100 brn|[from] brn
|upkeep
|
|t:|1757911578
|switch|p2a: Greninja|Greninja, F|100/100
|turn|21
|
|t:|1757911581
|move|p2a: Greninja|Sludge Wave|p1a: Ogerpon
|-start|p2a: Greninja|typechange|Poison|[from] ability: Protean
|-supereffective|p1a: Ogerpon
|-damage|p1a: Ogerpon|0 fnt
|faint|p1a: Ogerpon
|
|win|DrMira
|raw|swampertsfists's rating: 1180 &rarr; <strong>1153</strong><br />(-27 for losing)
|raw|DrMira's rating: 1154 &rarr; <strong>1181</strong><br />(+27 for winning)
|l|☆swampertsfists
|player|p1|
|l|☆DrMira
|player|p2|
