|j|☆deviljr12
|j|☆snoofygoofyyy
|t:|1757910129
|gametype|singles
|player|p1|deviljr12|2|1305
|player|p2|snoofygoofyyy|hilbert|1307
|gen|9
|tier|[Gen 9] OU
|rated|
|rule|HP Percentage Mod: HP is shown in percentages
|rule|Endless Battle Clause: Forcing endless battles is banned
|rule|Species Clause: Limit one of each Pokémon
|rule|OHKO Clause: OHKO moves are banned
|rule|Evasion Items Clause: Evasion items are banned
|rule|Evasion Moves Clause: Evasion moves are banned
|rule|Evasion Abilities Clause: Evasion abilities are banned
|rule|Sleep Moves Clause: Sleep-inducing moves are banned
|clearpoke
|poke|p1|Torkoal, M|
|poke|p1|Venusaur, M|
|poke|p1|Heatran, M|
|poke|p1|Walking Wake|
|poke|p1|Scizor, M|
|poke|p1|Hatterene, F|
|poke|p2|Deoxys-Speed|
|poke|p2|Darkrai|
|poke|p2|Iron Moth|
|poke|p2|Scizor, M|
|poke|p2|Great Tusk|
|poke|p2|Dragonite, F|
|teampreview
|inactive|Battle timer is ON: inactive players will automatically lose when time's up. (requested by snoofygoofyyy)
|
|t:|1757910158
|teamsize|p1|6
|teamsize|p2|6
|start
|switch|p1a: Bard|Torkoal, M, shiny|100/100
|switch|p2a: Deoxys|Deoxys-Speed|100/100
|-ability|p2a: Deoxys|Pressure
|-weather|SunnyDay|[from] ability: Drought|[of] p1a: Bard
|turn|1
|
|t:|1757910170
|move|p2a: Deoxys|Taunt|p1a: Bard
|-start|p1a: Bard|move: Taunt
|move|p1a: Bard|Rapid Spin|p2a: Deoxys
|-damage|p2a: Deoxys|89/100
|-boost|p1a: Bard|spe|1
|-damage|p1a: Bard|84/100|[from] item: Rocky Helmet|[of] p2a: Deoxys
|
|-weather|SunnyDay|[upkeep]
|upkeep
|turn|2
|
|t:|1757910181
|move|p2a: Deoxys|Psycho Boost|p1a: Bard
|-damage|p1a: Bard|29/100
|-unboost|p2a: Deoxys|spa|2
|move|p1a: Bard|Flamethrower|p2a: Deoxys
|-damage|p2a: Deoxys|42/100
|
|-weather|SunnyDay|[upkeep]
|upkeep
|turn|3
|
|t:|1757910192
|switch|p1a: Zeke|Heatran, M, shiny|100/100
|move|p2a: Deoxys|Psycho Boost|p1a: Zeke
|-resisted|p1a: Zeke
|-damage|p1a: Zeke|92/100
|-unboost|p2a: Deoxys|spa|2
|
|-weather|SunnyDay|[upkeep]
|upkeep
|turn|4
|
|t:|1757910208
|move|p2a: Deoxys|Taunt|p1a: Zeke
|-start|p1a: Zeke|move: Taunt
|move|p1a: Zeke|Magma Storm|p2a: Deoxys
|-damage|p2a: Deoxys|0 fnt
|faint|p2a: Deoxys
|
|-weather|SunnyDay|[upkeep]
|upkeep
|
|t:|1757910218
|switch|p2a: Great Tusk|Great Tusk|100/100
|-activate|p2a: Great Tusk|ability: Protosynthesis
|-start|p2a: Great Tusk|protosynthesisspe
|turn|5
|
|t:|1757910228
|switch|p1a: Hooka|Hatterene, F, shiny|100/100
|move|p2a: Great Tusk|Bulk Up|p2a: Great Tusk
|-boost|p2a: Great Tusk|atk|1
|-boost|p2a: Great Tusk|def|1
|
|-weather|SunnyDay|[upkeep]
|upkeep
|turn|6
|
|t:|1757910243
|-terastallize|p2a: Great Tusk|Electric
|move|p2a: Great Tusk|Headlong Rush|p1a: Hooka
|-damage|p1a: Hooka|32/100
|-unboost|p2a: Great Tusk|def|1
|-unboost|p2a: Great Tusk|spd|1
|move|p1a: Hooka|Draining Kiss|p2a: Great Tusk
|-damage|p2a: Great Tusk|51/100
|-heal|p1a: Hooka|82/100|[from] drain|[of] p2a: Great Tusk
|
|-weather|SunnyDay|[upkeep]
|-heal|p1a: Hooka|88/100|[from] item: Leftovers
|upkeep
|turn|7
|
|t:|1757910256
|move|p2a: Great Tusk|Headlong Rush|p1a: Hooka
|-damage|p1a: Hooka|17/100
|-unboost|p2a: Great Tusk|def|1
|-unboost|p2a: Great Tusk|spd|1
|move|p1a: Hooka|Draining Kiss|p2a: Great Tusk
|-damage|p2a: Great Tusk|0 fnt
|-heal|p1a: Hooka|69/100|[from] drain|[of] p2a: Great Tusk
|faint|p2a: Great Tusk
|-end|p2a: Great Tusk|Protosynthesis|[silent]
|
|-weather|SunnyDay|[upkeep]
|-heal|p1a: Hooka|75/100|[from] item: Leftovers
|upkeep
|
|t:|1757910273
|switch|p2a: Darkrai|Darkrai, shiny|100/100
|turn|8
|
|t:|1757910279
|move|p2a: Darkrai|Dark Pulse|p1a: Hooka
|-damage|p1a: Hooka|16/100
|-damage|p2a: Darkrai|91/100|[from] item: Life Orb
|cant|p1a: Hooka|flinch
|
|-weather|none
|-heal|p1a: Hooka|22/100|[from] item: Leftovers
|upkeep
|turn|9
|
|t:|1757910289
|move|p2a: Darkrai|Dark Pulse|p1a: Hooka
|-damage|p1a: Hooka|0 fnt
|faint|p1a: Hooka
|-damage|p2a: Darkrai|81/100|[from] item: Life Orb
|
|upkeep
|
|t:|1757910297
|switch|p1a: Bard|Torkoal, M, shiny|29/100
|-weather|SunnyDay|[from] ability: Drought|[of] p1a: Bard
|turn|10
|
|t:|1757910302
|move|p2a: Darkrai|Dark Pulse|p1a: Bard
|-damage|p1a: Bard|0 fnt
|faint|p1a: Bard
|-damage|p2a: Darkrai|71/100|[from] item: Life Orb
|
|-weather|SunnyDay|[upkeep]
|upkeep
|
|t:|1757910313
|switch|p1a: MurderLarry|Venusaur, M, shiny|100/100
|turn|11
|
|t:|1757910329
|move|p1a: MurderLarry|Sludge Bomb|p2a: Darkrai
|-damage|p2a: Darkrai|0 fnt
|faint|p2a: Darkrai
|-damage|p1a: MurderLarry|91/100|[from] item: Life Orb
|
|-weather|SunnyDay|[upkeep]
|upkeep
|inactive|snoofygoofyyy has 120 seconds left.
|
|t:|1757910355
|switch|p2a: Scizor|Scizor, M|100/100
|turn|12
|
|t:|1757910368
|move|p1a: MurderLarry|Weather Ball|p2a: Scizor
|-supereffective|p2a: Scizor
|-damage|p2a: Scizor|0 fnt
|faint|p2a: Scizor
|-damage|p1a: MurderLarry|81/100|[from] item: Life Orb
|
|-weather|SunnyDay|[upkeep]
|upkeep
|
|t:|1757910376
|switch|p2a: Dragonite|Dragonite, F|100/100
|turn|13
|
|t:|1757910384
|move|p1a: MurderLarry|Sludge Bomb|p2a: Dragonite
|-damage|p2a: Dragonite|54/100
|-damage|p1a: MurderLarry|71/100|[from] item: Life Orb
|move|p2a: Dragonite|Low Kick|p1a: MurderLarry
|-resisted|p1a: MurderLarry
|-damage|p1a: MurderLarry|46/100
|
|-weather|SunnyDay|[upkeep]
|upkeep
|turn|14
|
|t:|1757910400
|move|p1a: MurderLarry|Sludge Bomb|p2a: Dragonite
|-damage|p2a: Dragonite|2/100
|-damage|p1a: MurderLarry|36/100|[from] item: Life Orb
|move|p2a: Dragonite|Rock Slide|p1a: MurderLarry
|-damage|p1a: MurderLarry|0 fnt
|faint|p1a: MurderLarry
|
|-weather|SunnyDay|[upkeep]
|upkeep
|
|t:|1757910412
|switch|p1a: Wakanda|Walking Wake|100/100
|-activate|p1a: Wakanda|ability: Protosynthesis
|-start|p1a: Wakanda|protosynthesisspa
|turn|15
|
|t:|1757910418
|move|p2a: Dragonite|Extreme Speed|p1a: Wakanda
|-damage|p1a: Wakanda|71/100
|move|p1a: Wakanda|Hydro Steam|p2a: Dragonite
|-resisted|p2a: Dragonite
|-damage|p2a: Dragonite|0 fnt
|faint|p2a: Dragonite
|
|-weather|SunnyDay|[upkeep]
|upkeep
|
|t:|1757910428
|switch|p2a: Iron Moth|Iron Moth, shiny|100/100
|-enditem|p2a: Iron Moth|Booster Energy
|-activate|p2a: Iron Moth|ability: Quark Drive|[fromitem]
|-start|p2a: Iron Moth|quarkdrivespe
|turn|16
|
|t:|1757910435
|move|p2a: Iron Moth|Dazzling Gleam|p1a: Wakanda
|-supereffective|p1a: Wakanda
|-damage|p1a: Wakanda|0 fnt
|faint|p1a: Wakanda
|-end|p1a: Wakanda|Protosynthesis|[silent]
|
|-weather|SunnyDay|[upkeep]
|upkeep
|
|t:|1757910441
|switch|p1a: Zeke|Heatran, M, shiny|92/100
|turn|17
|
|t:|1757910461
|move|p2a: Iron Moth|Dazzling Gleam|p1a: Zeke
|-resisted|p1a: Zeke
|-damage|p1a: Zeke|88/100
|move|p1a: Zeke|Earth Power|p2a: Iron Moth
|-supereffective|p2a: Iron Moth
|-damage|p2a: Iron Moth|0 fnt
|faint|p2a: Iron Moth
|-end|p2a: Iron Moth|Quark Drive|[silent]
|
|win|deviljr12
|raw|deviljr12's rating: 1305 &rarr; <strong>1325</strong><br />(+20 for winning)
|raw|snoofygoofyyy's rating: 1307 &rarr; <strong>1287</strong><br />(-20 for losing)
|l|☆deviljr12
|player|p1|
|l|☆snoofygoofyyy
|player|p2|
