|j|☆Loolaman
|j|☆imprisonpaulgeorge
|t:|1757942078
|gametype|singles
|player|p1|Loolaman|101|1379
|player|p2|imprisonpaulgeorge|170|1416
|gen|9
|tier|[Gen 9] OU
|rated|
|rule|HP Percentage Mod: HP is shown in percentages
|rule|Endless Battle Clause: Forcing endless battles is banned
|rule|Species Clause: Limit one of each Pokémon
|rule|OHKO Clause: OHKO moves are banned
|rule|Evasion Items Clause: Evasion items are banned
|rule|Evasion Moves Clause: Evasion moves are banned
|rule|Evasion Abilities Clause: Evasion abilities are banned
|rule|Sleep Moves Clause: Sleep-inducing moves are banned
|clearpoke
|poke|p1|Skarmory, M|
|poke|p1|Pelipper, M|
|poke|p1|Ludicolo, F|
|poke|p1|Great Tusk|
|poke|p1|Goodra-Hisui, M|
|poke|p1|Zapdos|
|poke|p2|Heatran, M|
|poke|p2|Rillaboom, M|
|poke|p2|Ogerpon-Wellspring, F|
|poke|p2|Dragapult, M|
|poke|p2|Great Tusk|
|poke|p2|Bronzong|
|teampreview
|inactive|Battle timer is ON: inactive players will automatically lose when time's up. (requested by Loolaman)
|
|t:|1757942086
|teamsize|p1|6
|teamsize|p2|6
|start
|switch|p1a: Pelipper|Pelipper, M|100/100
|switch|p2a: Starscream|Dragapult, M|100/100
|-weather|RainDance|[from] ability: Drizzle|[of] p1a: Pelipper
|turn|1
|
|t:|1757942091
|switch|p2a: Starlink|Bronzong, shiny|100/100
|move|p1a: Pelipper|Hurricane|p2a: Starlink
|-resisted|p2a: Starlink
|-damage|p2a: Starlink|77/100
|
|-weather|RainDance|[upkeep]
|upkeep
|turn|2
|
|t:|1757942097
|move|p1a: Pelipper|Surf|p2a: Starlink
|-damage|p2a: Starlink|18/100
|move|p2a: Starlink|Stealth Rock|p1a: Pelipper
|-sidestart|p1: Loolaman|move: Stealth Rock
|
|-weather|RainDance|[upkeep]
|upkeep
|turn|3
|
|t:|1757942101
|switch|p2a: Starscream|Dragapult, M|100/100
|move|p1a: Pelipper|Hurricane|p2a: Starscream
|-damage|p2a: Starscream|36/100
|
|-weather|RainDance|[upkeep]
|upkeep
|turn|4
|
|t:|1757942106
|move|p2a: Starscream|Draco Meteor|p1a: Pelipper
|-damage|p1a: Pelipper|0 fnt
|-unboost|p2a: Starscream|spa|2
|faint|p1a: Pelipper
|
|-weather|RainDance|[upkeep]
|upkeep
|
|t:|1757942123
|switch|p1a: Ludicolo|Ludicolo, F|100/100
|-damage|p1a: Ludicolo|88/100|[from] Stealth Rock
|turn|5
|
|t:|1757942136
|switch|p2a: Starlink|Bronzong, shiny|18/100
|move|p1a: Ludicolo|Ice Beam|p2a: Starlink
|-resisted|p2a: Starlink
|-damage|p2a: Starlink|0 fnt
|faint|p2a: Starlink
|
|-weather|RainDance|[upkeep]
|upkeep
|
|t:|1757942140
|switch|p2a: Starforce|Ogerpon-Wellspring, F|100/100
|turn|6
|
|t:|1757942151
|switch|p1a: Skarmory|Skarmory, M|100/100
|move|p2a: Starforce|Ivy Cudgel|p1a: Skarmory|[anim] Ivy Cudgel Water
|-damage|p1a: Skarmory|48/100
|
|-weather|RainDance|[upkeep]
|upkeep
|turn|7
|
|t:|1757942162
|move|p2a: Starforce|Ivy Cudgel|p1a: Skarmory|[anim] Ivy Cudgel Water
|-damage|p1a: Skarmory|0 fnt
|faint|p1a: Skarmory
|
|-weather|RainDance|[upkeep]
|upkeep
|
|t:|1757942164
|switch|p1a: Zapdos|Zapdos|100/100
|turn|8
|
|t:|1757942176
|-terastallize|p2a: Starforce|Water
|detailschange|p2a: Starforce|Ogerpon-Wellspring-Tera, F, tera:Water
|-ability|p2a: Starforce|Embody Aspect (Wellspring)|boost
|-boost|p2a: Starforce|spd|1
|move|p2a: Starforce|Ivy Cudgel|p1a: Zapdos|[anim] Ivy Cudgel Water
|-damage|p1a: Zapdos|0 fnt
|faint|p1a: Zapdos
|
|-weather|none
|upkeep
|
|t:|1757942186
|switch|p1a: Goodra|Goodra-Hisui, M|100/100
|-damage|p1a: Goodra|94/100|[from] Stealth Rock
|turn|9
|
|t:|1757942192
|switch|p2a: Starblaze|Heatran, M|100/100
|move|p1a: Goodra|Dragon Tail|p2a: Starblaze
|-resisted|p2a: Starblaze
|-damage|p2a: Starblaze|89/100
|drag|p2a: Starburst|Great Tusk|100/100
|
|upkeep
|turn|10
|
|t:|1757942200
|switch|p1a: Great Tusk|Great Tusk|100/100
|-damage|p1a: Great Tusk|98/100|[from] Stealth Rock
|move|p2a: Starburst|Close Combat|p1a: Great Tusk
|-damage|p1a: Great Tusk|67/100
|-unboost|p2a: Starburst|def|1
|-unboost|p2a: Starburst|spd|1
|
|-heal|p1a: Great Tusk|73/100|[from] item: Leftovers
|upkeep
|turn|11
|
|t:|1757942203
|-end|p2a: Starburst|Protosynthesis|[silent]
|switch|p2a: Starscream|Dragapult, M|36/100
|move|p1a: Great Tusk|Rapid Spin|p2a: Starscream
|-immune|p2a: Starscream
|
|-heal|p1a: Great Tusk|80/100|[from] item: Leftovers
|upkeep
|turn|12
|
|t:|1757942206
|move|p2a: Starscream|Draco Meteor|p1a: Great Tusk
|-damage|p1a: Great Tusk|0 fnt
|-unboost|p2a: Starscream|spa|2
|faint|p1a: Great Tusk
|-end|p1a: Great Tusk|Protosynthesis|[silent]
|
|upkeep
|
|t:|1757942209
|switch|p1a: Goodra|Goodra-Hisui, M|94/100
|-damage|p1a: Goodra|88/100|[from] Stealth Rock
|turn|13
|
|t:|1757942212
|switch|p2a: Starblaze|Heatran, M|89/100
|move|p1a: Goodra|Dragon Tail|p2a: Starblaze
|-resisted|p2a: Starblaze
|-damage|p2a: Starblaze|76/100
|drag|p2a: Starburst|Great Tusk|100/100
|
|upkeep
|turn|14
|
|t:|1757942221
|move|p2a: Starburst|Close Combat|p1a: Goodra
|-supereffective|p1a: Goodra
|-damage|p1a: Goodra|0 fnt
|-unboost|p2a: Starburst|def|1
|-unboost|p2a: Starburst|spd|1
|faint|p1a: Goodra
|
|upkeep
|
|t:|1757942223
|switch|p1a: Ludicolo|Ludicolo, F|88/100
|-damage|p1a: Ludicolo|76/100|[from] Stealth Rock
|turn|15
|
|t:|1757942225
|-terastallize|p1a: Ludicolo|Water
|move|p2a: Starburst|Close Combat|p1a: Ludicolo
|-damage|p1a: Ludicolo|0 fnt
|-unboost|p2a: Starburst|def|1
|-unboost|p2a: Starburst|spd|1
|faint|p1a: Ludicolo
|
|win|imprisonpaulgeorge
|raw|Loolaman's rating: 1379 &rarr; <strong>1361</strong><br />(-18 for losing)
|raw|imprisonpaulgeorge's rating: 1416 &rarr; <strong>1434</strong><br />(+18 for winning)
|l|☆Loolaman
|player|p1|
|l|☆imprisonpaulgeorge
|player|p2|
