|j|☆xjwdsg
|j|☆joowin902
|t:|1757917744
|gametype|singles
|player|p1|xjwdsg|170|1153
|player|p2|joowin902|1|1183
|gen|9
|tier|[Gen 9] OU
|rated|
|rule|HP Percentage Mod: HP is shown in percentages
|rule|Endless Battle Clause: Forcing endless battles is banned
|rule|Species Clause: Limit one of each Pokémon
|rule|OHKO Clause: OHKO moves are banned
|rule|Evasion Items Clause: Evasion items are banned
|rule|Evasion Moves Clause: Evasion moves are banned
|rule|Evasion Abilities Clause: Evasion abilities are banned
|rule|Sleep Moves Clause: Sleep-inducing moves are banned
|clearpoke
|poke|p1|Tyranitar, F|
|poke|p1|Corviknight, F|
|poke|p1|Meowscarada, M|
|poke|p1|Iron Moth|
|poke|p1|Goodra, M|
|poke|p1|Gengar, M|
|poke|p2|Ogerpon-Wellspring, F|
|poke|p2|Kingambit, M|
|poke|p2|Landorus-Therian, M|
|poke|p2|Glimmora, M|
|poke|p2|Dragapult, F|
|poke|p2|Iron Valiant|
|teampreview
|inactive|Battle timer is ON: inactive players will automatically lose when time's up. (requested by xjwdsg)
|
|t:|1757917752
|teamsize|p1|6
|teamsize|p2|6
|start
|switch|p1a: 哈基米|Meowscarada, M|100/100
|switch|p2a: Glimmora|Glimmora, M|100/100
|turn|1
|
|t:|1757917758
|move|p1a: 哈基米|Flower Trick|p2a: Glimmora
|-start|p1a: 哈基米|typechange|Grass|[from] ability: Protean
|-crit|p2a: Glimmora
|-damage|p2a: Glimmora|43/100
|-activate|p2a: Glimmora|ability: Toxic Debris
|-sidestart|p1: xjwdsg|move: Toxic Spikes
|move|p2a: Glimmora|Meteor Beam||[still]
|-prepare|p2a: Glimmora|Meteor Beam
|-boost|p2a: Glimmora|spa|1
|-enditem|p2a: Glimmora|Power Herb
|-anim|p2a: Glimmora|Meteor Beam|p1a: 哈基米|[miss]
|-miss|p2a: Glimmora|p1a: 哈基米
|
|upkeep
|turn|2
|
|t:|1757917773
|move|p1a: 哈基米|Flower Trick|p2a: Glimmora
|-crit|p2a: Glimmora
|-damage|p2a: Glimmora|0 fnt
|-activate|p2a: Glimmora|ability: Toxic Debris
|-sidestart|p1: xjwdsg|move: Toxic Spikes
|faint|p2a: Glimmora
|
|upkeep
|
|t:|1757917782
|switch|p2a: Dragapult|Dragapult, F|100/100
|turn|3
|
|t:|1757917791
|move|p1a: 哈基米|Sucker Punch|p2a: Dragapult
|-supereffective|p2a: Dragapult
|-damage|p2a: Dragapult|37/100
|move|p2a: Dragapult|Flamethrower|p1a: 哈基米
|-supereffective|p1a: 哈基米
|-damage|p1a: 哈基米|0 fnt
|faint|p1a: 哈基米
|
|upkeep
|
|t:|1757917801
|switch|p1a: Gengar|Gengar, M|100/100
|-sideend|p1: xjwdsg|move: Toxic Spikes|[of] p1a: Gengar
|turn|4
|
|t:|1757917806
|switch|p2a: Kingambit|Kingambit, M|100/100
|-activate|p2a: Kingambit|ability: Supreme Overlord
|-start|p2a: Kingambit|fallen1|[silent]
|move|p1a: Gengar|Shadow Ball|p2a: Kingambit
|-resisted|p2a: Kingambit
|-damage|p2a: Kingambit|82/100
|
|-heal|p2a: Kingambit|88/100|[from] item: Leftovers
|upkeep
|turn|5
|
|t:|1757917819
|switch|p1a: 破冰大师|Iron Moth|100/100
|-enditem|p1a: 破冰大师|Booster Energy
|-activate|p1a: 破冰大师|ability: Quark Drive|[fromitem]
|-start|p1a: 破冰大师|quarkdrivespa
|move|p2a: Kingambit|Kowtow Cleave|p1a: 破冰大师
|-damage|p1a: 破冰大师|5/100
|
|-heal|p2a: Kingambit|94/100|[from] item: Leftovers
|upkeep
|turn|6
|
|t:|1757917832
|-terastallize|p2a: Kingambit|Ghost
|move|p1a: 破冰大师|Fiery Dance|p2a: Kingambit
|-damage|p2a: Kingambit|29/100
|move|p2a: Kingambit|Swords Dance|p2a: Kingambit
|-boost|p2a: Kingambit|atk|2
|
|-heal|p2a: Kingambit|35/100|[from] item: Leftovers
|upkeep
|turn|7
|
|t:|1757917846
|-end|p1a: 破冰大师|Quark Drive|[silent]
|switch|p1a: 哈基拉斯|Tyranitar, F|100/100
|-weather|Sandstorm|[from] ability: Sand Stream|[of] p1a: 哈基拉斯
|-end|p2a: Kingambit|fallen1|[silent]
|switch|p2a: Landorus|Landorus-Therian, M|100/100
|-ability|p2a: Landorus|Intimidate|boost
|-unboost|p1a: 哈基拉斯|atk|1
|
|-weather|Sandstorm|[upkeep]
|upkeep
|turn|8
|
|t:|1757917851
|move|p2a: Landorus|Stealth Rock|p1a: 哈基拉斯
|-sidestart|p1: xjwdsg|move: Stealth Rock
|move|p1a: 哈基拉斯|Ice Punch|p2a: Landorus
|-supereffective|p2a: Landorus
|-damage|p2a: Landorus|22/100
|-damage|p1a: 哈基拉斯|84/100|[from] item: Rocky Helmet|[of] p2a: Landorus
|
|-weather|Sandstorm|[upkeep]
|upkeep
|turn|9
|
|t:|1757917861
|move|p2a: Landorus|Earthquake|p1a: 哈基拉斯
|-supereffective|p1a: 哈基拉斯
|-damage|p1a: 哈基拉斯|8/100
|move|p1a: 哈基拉斯|Stealth Rock|p2a: Landorus
|-sidestart|p2: joowin902|move: Stealth Rock
|
|-weather|Sandstorm|[upkeep]
|upkeep
|turn|10
|
|t:|1757917867
|move|p2a: Landorus|Earthquake|p1a: 哈基拉斯
|-supereffective|p1a: 哈基拉斯
|-damage|p1a: 哈基拉斯|0 fnt
|faint|p1a: 哈基拉斯
|
|-weather|Sandstorm|[upkeep]
|upkeep
|
|t:|1757917879
|switch|p1a: Gengar|Gengar, M|100/100
|-damage|p1a: Gengar|88/100|[from] Stealth Rock
|turn|11
|
|t:|1757917887
|move|p1a: Gengar|Shadow Ball|p2a: Landorus
|-damage|p2a: Landorus|0 fnt
|faint|p2a: Landorus
|
|-weather|none
|upkeep
|
|t:|1757917893
|switch|p2a: Dragapult|Dragapult, F|37/100
|-damage|p2a: Dragapult|25/100|[from] Stealth Rock
|turn|12
|
|t:|1757917897
|move|p1a: Gengar|Shadow Ball|p2a: Dragapult
|-supereffective|p2a: Dragapult
|-damage|p2a: Dragapult|0 fnt
|faint|p2a: Dragapult
|
|upkeep
|
|t:|1757917904
|switch|p2a: Ogerpon|Ogerpon-Wellspring, F|100/100
|-damage|p2a: Ogerpon|88/100|[from] Stealth Rock
|turn|13
|
|t:|1757917908
|move|p1a: Gengar|Shadow Ball|p2a: Ogerpon
|-damage|p2a: Ogerpon|36/100
|move|p2a: Ogerpon|Ivy Cudgel|p1a: Gengar|[anim] Ivy Cudgel Water
|-damage|p1a: Gengar|0 fnt
|faint|p1a: Gengar
|
|upkeep
|
|t:|1757917926
|switch|p1a: Goodra|Goodra, M|100/100
|-damage|p1a: Goodra|88/100|[from] Stealth Rock
|turn|14
|
|t:|1757917931
|move|p2a: Ogerpon|Horn Leech|p1a: Goodra
|-ability|p1a: Goodra|Sap Sipper|boost
|-boost|p1a: Goodra|atk|1
|move|p1a: Goodra|Dragon Pulse|p2a: Ogerpon
|-damage|p2a: Ogerpon|0 fnt
|faint|p2a: Ogerpon
|
|upkeep
|
|t:|1757917939
|switch|p2a: Iron Valiant|Iron Valiant|100/100
|-damage|p2a: Iron Valiant|94/100|[from] Stealth Rock
|-enditem|p2a: Iron Valiant|Booster Energy
|-activate|p2a: Iron Valiant|ability: Quark Drive|[fromitem]
|-start|p2a: Iron Valiant|quarkdrivespe
|turn|15
|
|t:|1757917948
|switch|p1a: 破冰大师|Iron Moth|5/100
|-damage|p1a: 破冰大师|0 fnt|[from] Stealth Rock
|faint|p1a: 破冰大师
|-end|p1a: 破冰大师|Quark Drive|[silent]
|move|p2a: Iron Valiant|Spirit Break|p1: 破冰大师|[notarget]
|-fail|p2a: Iron Valiant
|
|upkeep
|
|t:|1757917958
|switch|p1a: 哈基米二代|Corviknight, F|100/100
|-damage|p1a: 哈基米二代|88/100|[from] Stealth Rock
|-ability|p1a: 哈基米二代|Pressure
|turn|16
|inactive|xjwdsg has 120 seconds left.
|
|t:|1757917993
|move|p2a: Iron Valiant|Knock Off|p1a: 哈基米二代
|-damage|p1a: 哈基米二代|59/100
|-enditem|p1a: 哈基米二代|Leftovers|[from] move: Knock Off|[of] p2a: Iron Valiant
|move|p1a: 哈基米二代|Iron Defense|p1a: 哈基米二代
|-boost|p1a: 哈基米二代|def|2
|
|upkeep
|turn|17
|
|t:|1757918006
|move|p2a: Iron Valiant|Spirit Break|p1a: 哈基米二代
|-resisted|p1a: 哈基米二代
|-damage|p1a: 哈基米二代|51/100
|-unboost|p1a: 哈基米二代|spa|1
|move|p1a: 哈基米二代|Roost|p1a: 哈基米二代
|-heal|p1a: 哈基米二代|100/100
|-singleturn|p1a: 哈基米二代|move: Roost
|
|upkeep
|turn|18
|
|t:|1757918030
|move|p2a: Iron Valiant|Encore|p1a: 哈基米二代
|-start|p1a: 哈基米二代|Encore
|move|p1a: 哈基米二代|Roost||[still]
|-fail|p1a: 哈基米二代|heal
|
|upkeep
|turn|19
|inactive|xjwdsg has 120 seconds left.
|
|t:|1757918052
|switch|p1a: Goodra|Goodra, M|88/100
|-damage|p1a: Goodra|76/100|[from] Stealth Rock
|move|p2a: Iron Valiant|Swords Dance|p2a: Iron Valiant
|-boost|p2a: Iron Valiant|atk|2
|
|upkeep
|turn|20
|inactive|xjwdsg has 120 seconds left.
|
|t:|1757918069
|move|p2a: Iron Valiant|Spirit Break|p1a: Goodra
|-supereffective|p1a: Goodra
|-damage|p1a: Goodra|0 fnt
|faint|p1a: Goodra
|
|upkeep
|
|t:|1757918075
|switch|p1a: 哈基米二代|Corviknight, F|100/100
|-damage|p1a: 哈基米二代|88/100|[from] Stealth Rock
|-ability|p1a: 哈基米二代|Pressure
|turn|21
|
|t:|1757918080
|move|p2a: Iron Valiant|Knock Off|p1a: 哈基米二代
|-damage|p1a: 哈基米二代|51/100
|move|p1a: 哈基米二代|Iron Head|p2a: Iron Valiant
|-supereffective|p2a: Iron Valiant
|-damage|p2a: Iron Valiant|34/100
|
|upkeep
|turn|22
|
|t:|1757918094
|move|p2a: Iron Valiant|Knock Off|p1a: 哈基米二代
|-damage|p1a: 哈基米二代|16/100
|move|p1a: 哈基米二代|Iron Head|p2a: Iron Valiant
|-supereffective|p2a: Iron Valiant
|-damage|p2a: Iron Valiant|0 fnt
|faint|p2a: Iron Valiant
|-end|p2a: Iron Valiant|Quark Drive|[silent]
|
|upkeep
|
|t:|1757918101
|switch|p2a: Kingambit|Kingambit, M, tera:Ghost|35/100
|-damage|p2a: Kingambit|23/100|[from] Stealth Rock
|-activate|p2a: Kingambit|ability: Supreme Overlord
|-start|p2a: Kingambit|fallen5|[silent]
|turn|23
|
|t:|1757918107
|move|p2a: Kingambit|Sucker Punch||[still]
|-fail|p2a: Kingambit
|move|p1a: 哈基米二代|Roost|p1a: 哈基米二代
|-heal|p1a: 哈基米二代|66/100
|-singleturn|p1a: 哈基米二代|move: Roost
|
|-heal|p2a: Kingambit|29/100|[from] item: Leftovers
|upkeep
|turn|24
|
|t:|1757918116
|move|p2a: Kingambit|Sucker Punch||[still]
|-fail|p2a: Kingambit
|move|p1a: 哈基米二代|Iron Defense|p1a: 哈基米二代
|-boost|p1a: 哈基米二代|def|2
|
|-heal|p2a: Kingambit|35/100|[from] item: Leftovers
|upkeep
|turn|25
|
|t:|1757918123
|move|p1a: 哈基米二代|Iron Head|p2a: Kingambit
|-damage|p2a: Kingambit|17/100
|move|p2a: Kingambit|Swords Dance|p2a: Kingambit
|-boost|p2a: Kingambit|atk|2
|
|-heal|p2a: Kingambit|23/100|[from] item: Leftovers
|upkeep
|turn|26
|
|t:|1757918131
|move|p2a: Kingambit|Sucker Punch||[still]
|-fail|p2a: Kingambit
|move|p1a: 哈基米二代|Iron Defense|p1a: 哈基米二代
|-boost|p1a: 哈基米二代|def|2
|
|-heal|p2a: Kingambit|29/100|[from] item: Leftovers
|upkeep
|turn|27
|
|t:|1757918135
|move|p2a: Kingambit|Sucker Punch|p1a: 哈基米二代
|-crit|p1a: 哈基米二代
|-damage|p1a: 哈基米二代|0 fnt
|faint|p1a: 哈基米二代
|
|win|joowin902
|raw|xjwdsg's rating: 1153 &rarr; <strong>1130</strong><br />(-23 for losing)
|raw|joowin902's rating: 1183 &rarr; <strong>1206</strong><br />(+23 for winning)
|l|☆xjwdsg
|player|p1|
|c|☆joowin902|gg
|l|☆joowin902
|player|p2|
