|j|☆Imurdadwithmilk
|j|☆gracias h
|t:|1757927515
|gametype|singles
|player|p1|Imurdadwithmilk|blackbelt-gen4|1167
|player|p2|gracias h|266|1179
|gen|9
|tier|[Gen 9] OU
|rated|
|rule|HP Percentage Mod: HP is shown in percentages
|rule|Endless Battle Clause: Forcing endless battles is banned
|rule|Species Clause: Limit one of each Pokémon
|rule|OHKO Clause: OHKO moves are banned
|rule|Evasion Items Clause: Evasion items are banned
|rule|Evasion Moves Clause: Evasion moves are banned
|rule|Evasion Abilities Clause: Evasion abilities are banned
|rule|Sleep Moves Clause: Sleep-inducing moves are banned
|clearpoke
|poke|p1|Darkrai|
|poke|p1|Gholdengo|
|poke|p1|Walking Wake|
|poke|p1|Raging Bolt|
|poke|p1|Primarina, F|
|poke|p1|Pecharunt|
|poke|p2|Dragonite, F|
|poke|p2|Tinkaton, F|
|poke|p2|Iron Hands|
|poke|p2|Corviknight, M|
|poke|p2|Darkrai|
|poke|p2|Rotom-Heat|
|teampreview
|inactive|Battle timer is ON: inactive players will automatically lose when time's up. (requested by Imurdadwithmilk)
|
|t:|1757927530
|teamsize|p1|6
|teamsize|p2|6
|start
|switch|p1a: Darkrai|Darkrai|100/100
|switch|p2a: Tinkaton|Tinkaton, F|100/100
|-item|p2a: Tinkaton|Air Balloon
|turn|1
|
|t:|1757927537
|move|p1a: Darkrai|Taunt|p2a: Tinkaton
|-start|p2a: Tinkaton|move: Taunt
|cant|p2a: Tinkaton|move: Taunt|Stealth Rock
|
|upkeep
|turn|2
|
|t:|1757927544
|move|p1a: Darkrai|Psychic|p2a: Tinkaton
|-resisted|p2a: Tinkaton
|-damage|p2a: Tinkaton|81/100
|-enditem|p2a: Tinkaton|Air Balloon
|-damage|p1a: Darkrai|91/100|[from] item: Life Orb
|move|p2a: Tinkaton|Gigaton Hammer|p1a: Darkrai
|-damage|p1a: Darkrai|15/100
|
|upkeep
|turn|3
|
|t:|1757927556
|move|p1a: Darkrai|Psychic|p2a: Tinkaton
|-resisted|p2a: Tinkaton
|-damage|p2a: Tinkaton|58/100
|-damage|p1a: Darkrai|5/100|[from] item: Life Orb
|move|p2a: Tinkaton|Ice Hammer|p1a: Darkrai
|-damage|p1a: Darkrai|0 fnt
|-unboost|p2a: Tinkaton|spe|1
|faint|p1a: Darkrai
|
|-end|p2a: Tinkaton|move: Taunt
|upkeep
|
|t:|1757927573
|switch|p1a: Walking Wake|Walking Wake|100/100
|turn|4
|
|t:|1757927580
|move|p1a: Walking Wake|Flamethrower|p2a: Tinkaton
|-supereffective|p2a: Tinkaton
|-damage|p2a: Tinkaton|0 fnt
|faint|p2a: Tinkaton
|
|upkeep
|
|t:|1757927595
|switch|p2a: Dragonite|Dragonite, F|100/100
|turn|5
|
|t:|1757927601
|-terastallize|p2a: Dragonite|Normal
|move|p1a: Walking Wake|Sunny Day|p1a: Walking Wake
|-weather|SunnyDay
|-activate|p1a: Walking Wake|ability: Protosynthesis
|-start|p1a: Walking Wake|protosynthesisspa
|move|p2a: Dragonite|Dragon Dance|p2a: Dragonite
|-boost|p2a: Dragonite|atk|1
|-boost|p2a: Dragonite|spe|1
|
|-weather|SunnyDay|[upkeep]
|upkeep
|turn|6
|
|t:|1757927607
|move|p2a: Dragonite|Dragon Dance|p2a: Dragonite
|-boost|p2a: Dragonite|atk|1
|-boost|p2a: Dragonite|spe|1
|move|p1a: Walking Wake|Flamethrower|p2a: Dragonite
|-crit|p2a: Dragonite
|-damage|p2a: Dragonite|44/100
|
|-weather|SunnyDay|[upkeep]
|upkeep
|turn|7
|
|t:|1757927617
|move|p2a: Dragonite|Extreme Speed|p1a: Walking Wake
|-damage|p1a: Walking Wake|0 fnt
|faint|p1a: Walking Wake
|-end|p1a: Walking Wake|Protosynthesis|[silent]
|
|-weather|SunnyDay|[upkeep]
|upkeep
|
|t:|1757927620
|switch|p1a: Gholdengo|Gholdengo|100/100
|turn|8
|
|t:|1757927625
|move|p2a: Dragonite|Earthquake|p1a: Gholdengo
|-supereffective|p1a: Gholdengo
|-damage|p1a: Gholdengo|0 fnt
|faint|p1a: Gholdengo
|
|-weather|SunnyDay|[upkeep]
|upkeep
|
|t:|1757927631
|switch|p1a: Primarina|Primarina, F|100/100
|turn|9
|
|t:|1757927634
|move|p2a: Dragonite|Earthquake|p1a: Primarina
|-damage|p1a: Primarina|0 fnt
|faint|p1a: Primarina
|
|-weather|none
|upkeep
|
|t:|1757927638
|switch|p1a: Raging Bolt|Raging Bolt|100/100
|turn|10
|
|t:|1757927640
|-terastallize|p1a: Raging Bolt|Electric
|move|p1a: Raging Bolt|Thunderclap|p2a: Dragonite
|-damage|p2a: Dragonite|0 fnt
|faint|p2a: Dragonite
|
|upkeep
|
|t:|1757927649
|switch|p2a: Iron Hands|Iron Hands|100/100
|-enditem|p2a: Iron Hands|Booster Energy
|-activate|p2a: Iron Hands|ability: Quark Drive|[fromitem]
|-start|p2a: Iron Hands|quarkdriveatk
|turn|11
|
|t:|1757927652
|move|p1a: Raging Bolt|Calm Mind|p1a: Raging Bolt
|-boost|p1a: Raging Bolt|spa|1
|-boost|p1a: Raging Bolt|spd|1
|move|p2a: Iron Hands|Close Combat|p1a: Raging Bolt
|-damage|p1a: Raging Bolt|28/100
|-unboost|p2a: Iron Hands|def|1
|-unboost|p2a: Iron Hands|spd|1
|-enditem|p1a: Raging Bolt|Sitrus Berry|[eat]
|-heal|p1a: Raging Bolt|53/100|[from] item: Sitrus Berry
|
|upkeep
|turn|12
|
|t:|1757927663
|move|p1a: Raging Bolt|Dragon Pulse|p2a: Iron Hands
|-damage|p2a: Iron Hands|13/100
|move|p2a: Iron Hands|Close Combat|p1a: Raging Bolt
|-damage|p1a: Raging Bolt|0 fnt
|-unboost|p2a: Iron Hands|def|1
|-unboost|p2a: Iron Hands|spd|1
|faint|p1a: Raging Bolt
|-end|p1a: Raging Bolt|Protosynthesis|[silent]
|
|upkeep
|
|t:|1757927669
|switch|p1a: Pecharunt|Pecharunt|100/100
|turn|13
|
|t:|1757927674
|move|p1a: Pecharunt|Nasty Plot|p1a: Pecharunt
|-boost|p1a: Pecharunt|spa|2
|move|p2a: Iron Hands|Ice Punch|p1a: Pecharunt
|-damage|p1a: Pecharunt|72/100
|
|upkeep
|turn|14
|
|t:|1757927684
|move|p1a: Pecharunt|Substitute|p1a: Pecharunt
|-start|p1a: Pecharunt|Substitute
|-damage|p1a: Pecharunt|47/100
|-enditem|p1a: Pecharunt|Sitrus Berry|[eat]
|-heal|p1a: Pecharunt|72/100|[from] item: Sitrus Berry
|move|p2a: Iron Hands|Ice Punch|p1a: Pecharunt
|-end|p1a: Pecharunt|Substitute
|
|upkeep
|turn|15
|
|t:|1757927691
|move|p1a: Pecharunt|Malignant Chain|p2a: Iron Hands
|-damage|p2a: Iron Hands|0 fnt
|faint|p2a: Iron Hands
|-end|p2a: Iron Hands|Quark Drive|[silent]
|
|upkeep
|
|t:|1757927698
|switch|p2a: Rotom|Rotom-Heat|100/100
|turn|16
|
|t:|1757927703
|move|p1a: Pecharunt|Malignant Chain|p2a: Rotom
|-damage|p2a: Rotom|0 fnt
|faint|p2a: Rotom
|
|upkeep
|
|t:|1757927707
|switch|p2a: Corviknight|Corviknight, M|100/100
|-ability|p2a: Corviknight|Pressure
|turn|17
|
|t:|1757927710
|move|p1a: Pecharunt|Shadow Ball|p2a: Corviknight
|-damage|p2a: Corviknight|37/100
|move|p2a: Corviknight|Brave Bird|p1a: Pecharunt
|-damage|p1a: Pecharunt|45/100
|-damage|p2a: Corviknight|30/100|[from] Recoil
|
|-heal|p2a: Corviknight|36/100|[from] item: Leftovers
|upkeep
|turn|18
|
|t:|1757927716
|move|p1a: Pecharunt|Shadow Ball|p2a: Corviknight
|-damage|p2a: Corviknight|0 fnt
|faint|p2a: Corviknight
|
|upkeep
|
|t:|1757927719
|switch|p2a: Darkrai|Darkrai|100/100
|turn|19
|
|t:|1757927722
|move|p2a: Darkrai|Dark Pulse|p1a: Pecharunt
|-supereffective|p1a: Pecharunt
|-damage|p1a: Pecharunt|0 fnt
|faint|p1a: Pecharunt
|
|win|gracias h
|raw|Imurdadwithmilk's rating: 1167 &rarr; <strong>1143</strong><br />(-24 for losing)
|raw|gracias h's rating: 1179 &rarr; <strong>1203</strong><br />(+24 for winning)
|l|☆Imurdadwithmilk
|player|p1|
|l|☆gracias h
|player|p2|
