|inactive|Battle timer is ON: inactive players will automatically lose when time's up.
|t:|1757871597
|gametype|singles
|player|p1|storm zone|#wcop2021latinamerica|
|player|p2|heileone2|pokemonbreederf-gen4|
|gen|9
|tier|[Gen 9] OU
|rule|HP Percentage Mod: HP is shown in percentages
|rule|Endless Battle Clause: Forcing endless battles is banned
|rule|Species Clause: Limit one of each Pokémon
|rule|OHKO Clause: OHKO moves are banned
|rule|Evasion Items Clause: Evasion items are banned
|rule|Evasion Moves Clause: Evasion moves are banned
|rule|Evasion Abilities Clause: Evasion abilities are banned
|rule|Sleep Moves Clause: Sleep-inducing moves are banned
|clearpoke
|poke|p1|Garganacl, M|
|poke|p1|Landorus-Therian, M|
|poke|p1|Corviknight, M|
|poke|p1|Weezing-Galar, M|
|poke|p1|Hoopa-Unbound|
|poke|p1|Iron Valiant|
|poke|p2|Darkrai|
|poke|p2|Raging Bolt|
|poke|p2|Gholdengo|
|poke|p2|Zamazenta-*|
|poke|p2|Landorus-Therian, M|
|poke|p2|Glimmora, M|
|teampreview
|c|☆heileone2|hf
|inactive|storm zone has 270 seconds left.
|inactive|heileone2 has 270 seconds left.
|c|☆storm zone|u2
|inactive|storm zone has 240 seconds left.
|inactive|heileone2 has 240 seconds left.
|
|t:|1757871690
|teamsize|p1|6
|teamsize|p2|6
|start
|switch|p1a: Temple|Garganacl, M, shiny|100/100
|switch|p2a: Gholdengo|Gholdengo|100/100
|turn|1
|
|t:|1757871699
|-terastallize|p1a: Temple|Water
|move|p1a: Temple|Protect|p1a: Temple
|-singleturn|p1a: Temple|Protect
|move|p2a: Gholdengo|Make It Rain|p1a: Temple
|-activate|p1a: Temple|move: Protect
|
|upkeep
|turn|2
|
|t:|1757871705
|switch|p2a: Glimmora|Glimmora, M|100/100
|move|p1a: Temple|Salt Cure|p2a: Glimmora
|-damage|p2a: Glimmora|83/100
|-start|p2a: Glimmora|Salt Cure
|-activate|p2a: Glimmora|ability: Toxic Debris
|-sidestart|p1: storm zone|move: Toxic Spikes
|
|-damage|p2a: Glimmora|71/100|[from] Salt Cure
|upkeep
|turn|3
|
|t:|1757871717
|switch|p2a: Darkrai|Darkrai|100/100
|move|p1a: Temple|Stealth Rock|p2a: Darkrai
|-sidestart|p2: heileone2|move: Stealth Rock
|
|upkeep
|turn|4
|
|t:|1757871729
|move|p2a: Darkrai|Knock Off|p1a: Temple
|-damage|p1a: Temple|77/100
|-enditem|p1a: Temple|Leftovers|[from] move: Knock Off|[of] p2a: Darkrai
|move|p1a: Temple|Salt Cure|p2a: Darkrai
|-damage|p2a: Darkrai|82/100
|-start|p2a: Darkrai|Salt Cure
|
|-damage|p2a: Darkrai|70/100|[from] Salt Cure
|upkeep
|turn|5
|
|t:|1757871741
|move|p2a: Darkrai|Dark Pulse|p1a: Temple
|-damage|p1a: Temple|40/100
|move|p1a: Temple|Recover|p1a: Temple
|-heal|p1a: Temple|90/100
|
|-damage|p2a: Darkrai|57/100|[from] Salt Cure
|upkeep
|turn|6
|
|t:|1757871752
|switch|p2a: Landorus|Landorus-Therian, M|100/100
|-damage|p2a: Landorus|88/100|[from] Stealth Rock
|-ability|p2a: Landorus|Intimidate|boost
|-unboost|p1a: Temple|atk|1
|move|p1a: Temple|Salt Cure|p2a: Landorus
|-damage|p2a: Landorus|79/100
|-start|p2a: Landorus|Salt Cure
|
|-damage|p2a: Landorus|66/100|[from] Salt Cure
|upkeep
|turn|7
|
|t:|1757871757
|move|p2a: Landorus|Stealth Rock|p1a: Temple
|-sidestart|p1: storm zone|move: Stealth Rock
|move|p1a: Temple|Salt Cure|p2a: Landorus
|-damage|p2a: Landorus|57/100
|
|-damage|p2a: Landorus|44/100|[from] Salt Cure
|upkeep
|turn|8
|
|t:|1757871766
|move|p2a: Landorus|Taunt|p1a: Temple
|-start|p1a: Temple|move: Taunt
|cant|p1a: Temple|move: Taunt|Recover
|
|-damage|p2a: Landorus|32/100|[from] Salt Cure
|upkeep
|turn|9
|
|t:|1757871771
|switch|p1a: Yami|Corviknight, M, shiny|100/100
|-damage|p1a: Yami|88/100|[from] Stealth Rock
|-ability|p1a: Yami|Pressure
|move|p2a: Landorus|U-turn|p1a: Yami
|-resisted|p1a: Yami
|-damage|p1a: Yami|84/100
|
|t:|1757871773
|switch|p2a: Glimmora|Glimmora, M|71/100|[from] U-turn
|-damage|p2a: Glimmora|58/100|[from] Stealth Rock
|
|upkeep
|turn|10
|
|t:|1757871777
|move|p2a: Glimmora|Meteor Beam||[still]
|-prepare|p2a: Glimmora|Meteor Beam
|-boost|p2a: Glimmora|spa|1
|-enditem|p2a: Glimmora|Power Herb
|-anim|p2a: Glimmora|Meteor Beam|p1a: Yami
|-damage|p1a: Yami|16/100
|move|p1a: Yami|Roost|p1a: Yami
|-heal|p1a: Yami|66/100
|-singleturn|p1a: Yami|move: Roost
|
|upkeep
|turn|11
|
|t:|1757871783
|move|p2a: Glimmora|Meteor Beam||[still]
|-prepare|p2a: Glimmora|Meteor Beam
|-boost|p2a: Glimmora|spa|1
|move|p1a: Yami|U-turn|p2a: Glimmora
|-resisted|p2a: Glimmora
|-damage|p2a: Glimmora|50/100
|-activate|p2a: Glimmora|ability: Toxic Debris
|-sidestart|p1: storm zone|move: Toxic Spikes
|
|t:|1757871787
|switch|p1a: Enten|Landorus-Therian, M, shiny|100/100|[from] U-turn
|-damage|p1a: Enten|88/100|[from] Stealth Rock
|-ability|p1a: Enten|Intimidate|boost
|-unboost|p2a: Glimmora|atk|1
|
|upkeep
|turn|12
|
|t:|1757871789
|move|p1a: Enten|Earthquake|p2a: Glimmora
|-supereffective|p2a: Glimmora
|-damage|p2a: Glimmora|0 fnt
|faint|p2a: Glimmora
|
|upkeep
|
|t:|1757871793
|switch|p2a: Landorus|Landorus-Therian, M|32/100
|-damage|p2a: Landorus|20/100|[from] Stealth Rock
|-ability|p2a: Landorus|Intimidate|boost
|-unboost|p1a: Enten|atk|1
|turn|13
|
|t:|1757871802
|switch|p1a: Yami|Corviknight, M, shiny|66/100
|-damage|p1a: Yami|53/100|[from] Stealth Rock
|-ability|p1a: Yami|Pressure
|move|p2a: Landorus|U-turn|p1a: Yami
|-resisted|p1a: Yami
|-damage|p1a: Yami|49/100
|
|t:|1757871809
|switch|p2a: Raging Bolt|Raging Bolt|100/100|[from] U-turn
|-damage|p2a: Raging Bolt|88/100|[from] Stealth Rock
|-enditem|p2a: Raging Bolt|Booster Energy
|-activate|p2a: Raging Bolt|ability: Protosynthesis|[fromitem]
|-start|p2a: Raging Bolt|protosynthesisspa
|
|upkeep
|turn|14
|
|t:|1757871816
|move|p2a: Raging Bolt|Calm Mind|p2a: Raging Bolt
|-boost|p2a: Raging Bolt|spa|1
|-boost|p2a: Raging Bolt|spd|1
|move|p1a: Yami|U-turn|p2a: Raging Bolt
|-damage|p2a: Raging Bolt|77/100
|
|t:|1757871820
|switch|p1a: Enten|Landorus-Therian, M, shiny|88/100|[from] U-turn
|-damage|p1a: Enten|76/100|[from] Stealth Rock
|-ability|p1a: Enten|Intimidate|boost
|-unboost|p2a: Raging Bolt|atk|1
|
|upkeep
|turn|15
|
|t:|1757871826
|-terastallize|p2a: Raging Bolt|Bug
|move|p1a: Enten|U-turn|p2a: Raging Bolt
|-damage|p2a: Raging Bolt|59/100
|
|t:|1757871834
|switch|p1a: Calamity|Iron Valiant, shiny|100/100|[from] U-turn
|-status|p1a: Calamity|tox
|-damage|p1a: Calamity|94/100 tox|[from] Stealth Rock
|move|p2a: Raging Bolt|Dragon Pulse|p1a: Calamity
|-immune|p1a: Calamity
|
|-damage|p1a: Calamity|88/100 tox|[from] psn
|upkeep
|turn|16
|
|t:|1757871839
|-end|p1a: Calamity|Quark Drive|[silent]
|switch|p1a: Enten|Landorus-Therian, M, shiny|76/100
|-damage|p1a: Enten|64/100|[from] Stealth Rock
|-ability|p1a: Enten|Intimidate|boost
|-unboost|p2a: Raging Bolt|atk|1
|move|p2a: Raging Bolt|Thunderclap||[still]
|-fail|p2a: Raging Bolt
|
|upkeep
|turn|17
|
|t:|1757871847
|move|p1a: Enten|U-turn|p2a: Raging Bolt
|-damage|p2a: Raging Bolt|37/100
|
|t:|1757871850
|switch|p1a: Calamity|Iron Valiant, shiny|88/100 tox|[from] U-turn
|-damage|p1a: Calamity|82/100 tox|[from] Stealth Rock
|move|p2a: Raging Bolt|Dragon Pulse|p1a: Calamity
|-immune|p1a: Calamity
|
|-damage|p1a: Calamity|76/100 tox|[from] psn
|upkeep
|turn|18
|inactive|storm zone has 270 seconds left.
|
|t:|1757871882
|move|p1a: Calamity|Vacuum Wave|p2a: Raging Bolt
|-resisted|p2a: Raging Bolt
|-damage|p2a: Raging Bolt|27/100
|move|p2a: Raging Bolt|Dragon Pulse|p1a: Calamity
|-immune|p1a: Calamity
|
|-damage|p1a: Calamity|63/100 tox|[from] psn
|upkeep
|turn|19
|
|t:|1757871890
|move|p1a: Calamity|Vacuum Wave|p2a: Raging Bolt
|-resisted|p2a: Raging Bolt
|-damage|p2a: Raging Bolt|18/100
|move|p2a: Raging Bolt|Thunderbolt|p1a: Calamity
|-damage|p1a: Calamity|0 fnt
|faint|p1a: Calamity
|-end|p1a: Calamity|Quark Drive|[silent]
|
|upkeep
|
|t:|1757871893
|switch|p1a: Enten|Landorus-Therian, M, shiny|64/100
|-damage|p1a: Enten|52/100|[from] Stealth Rock
|-ability|p1a: Enten|Intimidate|boost
|-unboost|p2a: Raging Bolt|atk|1
|turn|20
|
|t:|1757871900
|move|p1a: Enten|U-turn|p2a: Raging Bolt
|-damage|p2a: Raging Bolt|0 fnt
|faint|p2a: Raging Bolt
|-end|p2a: Raging Bolt|Protosynthesis|[silent]
|inactive|storm zone has 270 seconds left.
|
|t:|1757871920
|switch|p1a: Temple|Garganacl, M, shiny, tera:Water|90/100|[from] U-turn
|-damage|p1a: Temple|78/100|[from] Stealth Rock
|
|upkeep
|
|t:|1757871925
|switch|p2a: Gholdengo|Gholdengo|100/100
|-damage|p2a: Gholdengo|94/100|[from] Stealth Rock
|turn|21
|
|t:|1757871931
|move|p2a: Gholdengo|Trick|p1a: Temple
|-activate|p2a: Gholdengo|move: Trick|[of] p1a: Temple
|-item|p1a: Temple|Choice Scarf|[from] move: Trick
|-enditem|p2a: Gholdengo|Choice Scarf|[silent]|[from] move: Trick
|move|p1a: Temple|Salt Cure|p2a: Gholdengo
|-resisted|p2a: Gholdengo
|-damage|p2a: Gholdengo|87/100
|-start|p2a: Gholdengo|Salt Cure
|
|-damage|p2a: Gholdengo|62/100|[from] Salt Cure
|upkeep
|turn|22
|
|t:|1757871943
|switch|p2a: Landorus|Landorus-Therian, M|20/100
|-damage|p2a: Landorus|7/100|[from] Stealth Rock
|-ability|p2a: Landorus|Intimidate|boost
|-unboost|p1a: Temple|atk|1
|move|p1a: Temple|Salt Cure|p2a: Landorus
|-damage|p2a: Landorus|0 fnt
|faint|p2a: Landorus
|
|upkeep
|
|t:|1757871948
|switch|p2a: Zamazenta|Zamazenta|100/100
|-damage|p2a: Zamazenta|94/100|[from] Stealth Rock
|-ability|p2a: Zamazenta|Dauntless Shield|boost
|-boost|p2a: Zamazenta|def|1
|turn|23
|
|t:|1757871951
|switch|p1a: Sentinel|Weezing-Galar, M, shiny|100/100
|-ability|p1a: Sentinel|Neutralizing Gas
|-sideend|p1: storm zone|move: Toxic Spikes|[of] p1a: Sentinel
|move|p2a: Zamazenta|Iron Defense|p2a: Zamazenta
|-boost|p2a: Zamazenta|def|2
|
|upkeep
|turn|24
|
|t:|1757871963
|switch|p2a: Gholdengo|Gholdengo|62/100
|-damage|p2a: Gholdengo|56/100|[from] Stealth Rock
|move|p1a: Sentinel|Will-O-Wisp|p2a: Gholdengo
|-status|p2a: Gholdengo|brn
|
|-damage|p2a: Gholdengo|50/100 brn|[from] brn
|upkeep
|turn|25
|
|t:|1757871968
|-end|p1a: Sentinel|ability: Neutralizing Gas
|switch|p1a: Temple|Garganacl, M, shiny, tera:Water|78/100
|-damage|p1a: Temple|65/100|[from] Stealth Rock
|move|p2a: Gholdengo|Shadow Ball|p1a: Temple
|-damage|p1a: Temple|51/100
|-unboost|p1a: Temple|spd|1
|
|-damage|p2a: Gholdengo|44/100 brn|[from] brn
|upkeep
|turn|26
|
|t:|1757871983
|switch|p2a: Darkrai|Darkrai|57/100
|-damage|p2a: Darkrai|45/100|[from] Stealth Rock
|move|p1a: Temple|Salt Cure|p2a: Darkrai
|-damage|p2a: Darkrai|25/100
|-start|p2a: Darkrai|Salt Cure
|
|-damage|p2a: Darkrai|13/100|[from] Salt Cure
|upkeep
|turn|27
|
|t:|1757872000
|move|p2a: Darkrai|Dark Pulse|p1a: Temple
|-damage|p1a: Temple|0 fnt
|faint|p1a: Temple
|
|-damage|p2a: Darkrai|0 fnt|[from] Salt Cure
|faint|p2a: Darkrai
|upkeep
|
|t:|1757872009
|switch|p2a: Zamazenta|Zamazenta|94/100
|switch|p1a: Khaos|Hoopa-Unbound|100/100
|-damage|p2a: Zamazenta|88/100|[from] Stealth Rock
|-damage|p1a: Khaos|88/100|[from] Stealth Rock
|turn|28
|
|t:|1757872014
|move|p2a: Zamazenta|Iron Defense|p2a: Zamazenta
|-boost|p2a: Zamazenta|def|2
|move|p1a: Khaos|Psychic Noise|p2a: Zamazenta
|-supereffective|p2a: Zamazenta
|-damage|p2a: Zamazenta|0 fnt
|faint|p2a: Zamazenta
|
|upkeep
|c|☆heileone2|gg
|-message|heileone2 forfeited.
|
|win|storm zone
|c|☆storm zone|Gg
|player|p2|
