|j|☆ilikecakeok
|j|☆Puschita
|t:|1757916985
|gametype|singles
|player|p1|ilikecakeok|doctor|1366
|player|p2|Puschita|102|1348
|gen|9
|tier|[Gen 9] OU
|rated|
|rule|HP Percentage Mod: HP is shown in percentages
|rule|Endless Battle Clause: Forcing endless battles is banned
|rule|Species Clause: Limit one of each Pokémon
|rule|OHKO Clause: OHKO moves are banned
|rule|Evasion Items Clause: Evasion items are banned
|rule|Evasion Moves Clause: Evasion moves are banned
|rule|Evasion Abilities Clause: Evasion abilities are banned
|rule|Sleep Moves Clause: Sleep-inducing moves are banned
|clearpoke
|poke|p1|Dragonite, F|
|poke|p1|Zamazenta-*|
|poke|p1|Landorus-Therian, M|
|poke|p1|Gholdengo|
|poke|p1|Darkrai|
|poke|p1|Hatterene, F|
|poke|p2|Ogerpon-Cornerstone, F|
|poke|p2|Gholdengo|
|poke|p2|Iron Moth|
|poke|p2|Iron Valiant|
|poke|p2|Darkrai|
|poke|p2|Dragonite, F|
|teampreview
|j| joelpeleg
|
|t:|1757916995
|teamsize|p1|6
|teamsize|p2|6
|start
|switch|p1a: Landorus|Landorus-Therian, M|100/100
|switch|p2a: Ogerpon|Ogerpon-Cornerstone, F|100/100
|-ability|p1a: Landorus|Intimidate|boost
|-unboost|p2a: Ogerpon|atk|1
|turn|1
|
|t:|1757917008
|move|p2a: Ogerpon|Spikes|p1a: Landorus
|-sidestart|p1: ilikecakeok|Spikes
|move|p1a: Landorus|U-turn|p2a: Ogerpon
|-supereffective|p2a: Ogerpon
|-crit|p2a: Ogerpon
|-damage|p2a: Ogerpon|11/100
|
|t:|1757917016
|switch|p1a: Darkrai|Darkrai|100/100|[from] U-turn
|
|upkeep
|turn|2
|
|t:|1757917028
|move|p1a: Darkrai|Dark Pulse|p2a: Ogerpon
|-damage|p2a: Ogerpon|0 fnt
|faint|p2a: Ogerpon
|
|upkeep
|
|t:|1757917032
|switch|p2a: Iron Valiant|Iron Valiant|100/100
|turn|3
|
|t:|1757917035
|switch|p1a: Gholdengo|Gholdengo|100/100
|-damage|p1a: Gholdengo|88/100|[from] Spikes
|move|p2a: Iron Valiant|Close Combat|p1a: Gholdengo
|-immune|p1a: Gholdengo
|
|upkeep
|turn|4
|
|t:|1757917041
|-end|p2a: Iron Valiant|Quark Drive|[silent]
|switch|p2a: Iron Moth|Iron Moth|100/100
|move|p1a: Gholdengo|Make It Rain|p2a: Iron Moth
|-resisted|p2a: Iron Moth
|-damage|p2a: Iron Moth|61/100
|-unboost|p1a: Gholdengo|spa|1
|
|upkeep
|turn|5
|
|t:|1757917049
|switch|p1a: Hatterene|Hatterene, F|100/100
|-damage|p1a: Hatterene|88/100|[from] Spikes
|move|p2a: Iron Moth|Fiery Dance|p1a: Hatterene
|-damage|p1a: Hatterene|60/100
|
|upkeep
|turn|6
|
|t:|1757917053
|move|p2a: Iron Moth|Sludge Wave|p1a: Hatterene
|-supereffective|p1a: Hatterene
|-damage|p1a: Hatterene|0 fnt
|faint|p1a: Hatterene
|
|upkeep
|
|t:|1757917059
|switch|p1a: Dragonite|Dragonite, F|100/100
|turn|7
|l| joelpeleg
|
|t:|1757917078
|-end|p2a: Iron Moth|Quark Drive|[silent]
|switch|p2a: Gholdengo|Gholdengo|100/100
|-item|p2a: Gholdengo|Air Balloon
|move|p1a: Dragonite|Dragon Dance|p1a: Dragonite
|-boost|p1a: Dragonite|atk|1
|-boost|p1a: Dragonite|spe|1
|
|upkeep
|turn|8
|
|t:|1757917092
|-terastallize|p1a: Dragonite|Flying
|move|p1a: Dragonite|Dragon Dance|p1a: Dragonite
|-boost|p1a: Dragonite|atk|1
|-boost|p1a: Dragonite|spe|1
|move|p2a: Gholdengo|Make It Rain|p1a: Dragonite
|-damage|p1a: Dragonite|66/100
|-unboost|p2a: Gholdengo|spa|1
|
|upkeep
|turn|9
|
|t:|1757917096
|move|p1a: Dragonite|Tera Blast|p2a: Gholdengo|[anim] Tera Blast Flying
|-resisted|p2a: Gholdengo
|-damage|p2a: Gholdengo|41/100
|-enditem|p2a: Gholdengo|Air Balloon
|move|p2a: Gholdengo|Nasty Plot|p2a: Gholdengo
|-boost|p2a: Gholdengo|spa|2
|
|upkeep
|turn|10
|
|t:|1757917104
|move|p1a: Dragonite|Earthquake|p2a: Gholdengo
|-supereffective|p2a: Gholdengo
|-damage|p2a: Gholdengo|0 fnt
|faint|p2a: Gholdengo
|
|upkeep
|
|t:|1757917107
|switch|p2a: Dragonite|Dragonite, F|100/100
|turn|11
|
|t:|1757917112
|-terastallize|p2a: Dragonite|Dragon
|move|p1a: Dragonite|Extreme Speed|p2a: Dragonite
|-damage|p2a: Dragonite|37/100
|move|p2a: Dragonite|Extreme Speed|p1a: Dragonite
|-damage|p1a: Dragonite|31/100
|
|upkeep
|turn|12
|-message|Puschita forfeited.
|
|win|ilikecakeok
|raw|ilikecakeok's rating: 1366 &rarr; <strong>1384</strong><br />(+18 for winning)
|raw|Puschita's rating: 1326 &rarr; <strong>1308</strong><br />(-18 for losing)
|l|☆ilikecakeok
|player|p1|
