|j|☆aaWWa
|j|☆blazingshadow46
|t:|1757823178
|gametype|singles
|player|p1|aaWWa|bianca-masters|1295
|player|p2|blazingshadow46|ghetsis|1290
|gen|9
|tier|[Gen 9] OU
|rated|
|rule|HP Percentage Mod: HP is shown in percentages
|rule|Endless Battle Clause: Forcing endless battles is banned
|rule|Species Clause: Limit one of each Pokémon
|rule|OHKO Clause: OHKO moves are banned
|rule|Evasion Items Clause: Evasion items are banned
|rule|Evasion Moves Clause: Evasion moves are banned
|rule|Evasion Abilities Clause: Evasion abilities are banned
|rule|Sleep Moves Clause: Sleep-inducing moves are banned
|clearpoke
|poke|p1|Weavile, F|
|poke|p1|Pecharunt|
|poke|p1|Ting-Lu|
|poke|p1|Tinkaton, F|
|poke|p1|Keldeo-Resolute|
|poke|p1|Dragonite, F|
|poke|p2|Noivern, F|
|poke|p2|Chandelure, M|
|poke|p2|Krookodile, F|
|poke|p2|Slowking-Galar, M|
|poke|p2|Scizor, M|
|poke|p2|Great Tusk|
|teampreview
|inactive|Battle timer is ON: inactive players will automatically lose when time's up. (requested by blazingshadow46)
|inactive|aaWWa also wants the timer to be on.
|inactive|blazingshadow46 has 120 seconds left.
|inactive|blazingshadow46 has 90 seconds left.
|
|t:|1757823248
|teamsize|p1|6
|teamsize|p2|6
|start
|switch|p1a: sillie|Tinkaton, F|100/100
|switch|p2a: Krooked Nose|Krookodile, F|100/100
|-item|p1a: sillie|Air Balloon
|turn|1
|
|t:|1757823258
|switch|p2a: SS Stall trooper|Chandelure, M|100/100
|move|p1a: sillie|Stealth Rock|p2a: SS Stall trooper
|-sidestart|p2: blazingshadow46|move: Stealth Rock
|
|upkeep
|turn|2
|
|t:|1757823264
|switch|p1a: horsie|Ting-Lu|100/100
|-ability|p1a: horsie|Vessel of Ruin
|move|p2a: SS Stall trooper|Overheat|p1a: horsie
|-damage|p1a: horsie|45/100
|-unboost|p2a: SS Stall trooper|spa|2
|
|-heal|p1a: horsie|51/100|[from] item: Leftovers
|upkeep
|turn|3
|
|t:|1757823276
|switch|p2a: Knee Surgery|Great Tusk|100/100
|-damage|p2a: Knee Surgery|97/100|[from] Stealth Rock
|move|p1a: horsie|Spikes|p2a: Knee Surgery
|-sidestart|p2: blazingshadow46|Spikes
|
|-heal|p1a: horsie|57/100|[from] item: Leftovers
|upkeep
|turn|4
|
|t:|1757823279
|switch|p1a: goomie|Pecharunt|100/100
|move|p2a: Knee Surgery|Rapid Spin|p1a: goomie
|-immune|p1a: goomie
|
|upkeep
|turn|5
|
|t:|1757823284
|switch|p1a: barnie|Dragonite, F|100/100
|move|p2a: Knee Surgery|Stealth Rock|p1a: barnie
|-sidestart|p1: aaWWa|move: Stealth Rock
|
|upkeep
|turn|6
|
|t:|1757823288
|move|p2a: Knee Surgery|Ice Spinner|p1a: barnie
|-supereffective|p1a: barnie
|-damage|p1a: barnie|49/100
|move|p1a: barnie|Hurricane|p2a: Knee Surgery|[miss]
|-miss|p1a: barnie|p2a: Knee Surgery
|
|upkeep
|turn|7
|
|t:|1757823294
|-terastallize|p1a: barnie|Normal
|move|p2a: Knee Surgery|Ice Spinner|p1a: barnie
|-damage|p1a: barnie|23/100
|move|p1a: barnie|Hurricane|p2a: Knee Surgery
|-supereffective|p2a: Knee Surgery
|-damage|p2a: Knee Surgery|5/100
|
|upkeep
|turn|8
|
|t:|1757823301
|move|p1a: barnie|Extreme Speed|p2a: Knee Surgery
|-damage|p2a: Knee Surgery|0 fnt
|-damage|p1a: barnie|6/100|[from] item: Rocky Helmet|[of] p2a: Knee Surgery
|faint|p2a: Knee Surgery
|-end|p2a: Knee Surgery|Protosynthesis|[silent]
|
|upkeep
|
|t:|1757823312
|switch|p2a: Safety Scizors|Scizor, M|100/100
|-damage|p2a: Safety Scizors|88/100|[from] Stealth Rock
|-damage|p2a: Safety Scizors|76/100|[from] Spikes
|turn|9
|
|t:|1757823316
|move|p1a: barnie|Extreme Speed|p2a: Safety Scizors
|-resisted|p2a: Safety Scizors
|-damage|p2a: Safety Scizors|52/100
|move|p2a: Safety Scizors|Bullet Punch|p1a: barnie
|-damage|p1a: barnie|0 fnt
|faint|p1a: barnie
|
|-heal|p2a: Safety Scizors|58/100|[from] item: Leftovers
|upkeep
|
|t:|1757823323
|switch|p1a: ponie|Keldeo-Resolute|100/100
|turn|10
|
|t:|1757823328
|switch|p2a: Wombat|Noivern, F|100/100
|move|p1a: ponie|Hydro Pump|p2a: Wombat|[miss]
|-miss|p1a: ponie|p2a: Wombat
|
|upkeep
|turn|11
|
|t:|1757823333
|move|p2a: Wombat|Defog|p1a: ponie
|-unboost|p1a: ponie|evasion|1
|-sideend|p1: aaWWa|Stealth Rock|[from] move: Defog|[of] p2a: Wombat
|-sideend|p2: blazingshadow46|Spikes|[from] move: Defog|[of] p2a: Wombat
|-sideend|p2: blazingshadow46|Stealth Rock|[from] move: Defog|[of] p2a: Wombat
|move|p1a: ponie|Icy Wind|p2a: Wombat
|-supereffective|p2a: Wombat
|-damage|p2a: Wombat|0 fnt
|faint|p2a: Wombat
|
|upkeep
|
|t:|1757823341
|switch|p2a: SS Stall trooper|Chandelure, M|100/100
|turn|12
|
|t:|1757823345
|-terastallize|p2a: SS Stall trooper|Grass
|move|p1a: ponie|Hydro Pump|p2a: SS Stall trooper
|-resisted|p2a: SS Stall trooper
|-damage|p2a: SS Stall trooper|60/100
|move|p2a: SS Stall trooper|Energy Ball|p1a: ponie
|-supereffective|p1a: ponie
|-damage|p1a: ponie|0 fnt
|faint|p1a: ponie
|
|upkeep
|
|t:|1757823353
|switch|p1a: chewie|Weavile, F|100/100
|-ability|p1a: chewie|Pressure
|turn|13
|
|t:|1757823360
|switch|p2a: Shell Rotation|Slowking-Galar, M|100/100
|move|p1a: chewie|Triple Axel|p2a: Shell Rotation|[miss]
|-miss|p1a: chewie|p2a: Shell Rotation
|
|upkeep
|turn|14
|
|t:|1757823368
|switch|p1a: horsie|Ting-Lu|57/100
|-ability|p1a: horsie|Vessel of Ruin
|-prepare|p2a: Shell Rotation|Chilly Reception|[premajor]
|move|p2a: Shell Rotation|Chilly Reception|p2a: Shell Rotation
|-weather|Snowscape
|
|t:|1757823384
|switch|p2a: Krooked Nose|Krookodile, F|100/100|[from] Chilly Reception
|
|-weather|Snowscape|[upkeep]
|-heal|p1a: horsie|63/100|[from] item: Leftovers
|upkeep
|turn|15
|
|t:|1757823390
|move|p2a: Krooked Nose|Close Combat|p1a: horsie
|-supereffective|p1a: horsie
|-damage|p1a: horsie|19/100
|-unboost|p2a: Krooked Nose|def|1
|-unboost|p2a: Krooked Nose|spd|1
|move|p1a: horsie|Ruination|p2a: Krooked Nose
|-damage|p2a: Krooked Nose|50/100
|
|-weather|Snowscape|[upkeep]
|-heal|p1a: horsie|25/100|[from] item: Leftovers
|upkeep
|turn|16
|
|t:|1757823394
|switch|p1a: goomie|Pecharunt|100/100
|move|p2a: Krooked Nose|Close Combat|p1a: goomie
|-immune|p1a: goomie
|
|-weather|Snowscape|[upkeep]
|upkeep
|turn|17
|
|t:|1757823402
|switch|p2a: Shell Rotation|Slowking-Galar, M|100/100
|move|p1a: goomie|Parting Shot|p2a: Shell Rotation
|-unboost|p2a: Shell Rotation|atk|1
|-unboost|p2a: Shell Rotation|spa|1
|
|t:|1757823404
|switch|p1a: chewie|Weavile, F|100/100|[from] Parting Shot
|-ability|p1a: chewie|Pressure
|
|-weather|Snowscape|[upkeep]
|upkeep
|turn|18
|
|t:|1757823407
|move|p1a: chewie|Knock Off|p2a: Shell Rotation
|-supereffective|p2a: Shell Rotation
|-damage|p2a: Shell Rotation|0 fnt
|-enditem|p2a: Shell Rotation|Heavy-Duty Boots|[from] move: Knock Off|[of] p1a: chewie
|faint|p2a: Shell Rotation
|
|-weather|none
|upkeep
|
|t:|1757823409
|switch|p2a: Safety Scizors|Scizor, M|58/100
|turn|19
|
|t:|1757823422
|switch|p1a: sillie|Tinkaton, F|100/100
|-item|p1a: sillie|Air Balloon
|move|p2a: Safety Scizors|Bullet Punch|p1a: sillie
|-damage|p1a: sillie|63/100
|-enditem|p1a: sillie|Air Balloon
|-enditem|p2a: Safety Scizors|Leftovers|[silent]|[from] ability: Pickpocket|[of] p2a: Safety Scizors
|-item|p1a: sillie|Leftovers|[from] ability: Pickpocket|[of] p2a: Safety Scizors
|
|-heal|p1a: sillie|69/100|[from] item: Leftovers
|upkeep
|turn|20
|
|t:|1757823435
|switch|p2a: Krooked Nose|Krookodile, F|50/100
|move|p1a: sillie|Stealth Rock|p2a: Krooked Nose
|-sidestart|p2: blazingshadow46|move: Stealth Rock
|
|-heal|p1a: sillie|75/100|[from] item: Leftovers
|upkeep
|turn|21
|
|t:|1757823444
|switch|p1a: horsie|Ting-Lu|25/100
|-ability|p1a: horsie|Vessel of Ruin
|move|p2a: Krooked Nose|Earthquake|p1a: horsie
|-damage|p1a: horsie|0 fnt
|faint|p1a: horsie
|-ability|p2a: Krooked Nose|Moxie|boost
|-boost|p2a: Krooked Nose|atk|1
|
|upkeep
|
|t:|1757823447
|switch|p1a: chewie|Weavile, F|100/100
|-ability|p1a: chewie|Pressure
|turn|22
|
|t:|1757823457
|move|p2a: Krooked Nose|Earthquake|p1a: chewie
|-damage|p1a: chewie|0 fnt
|faint|p1a: chewie
|-ability|p2a: Krooked Nose|Moxie|boost
|-boost|p2a: Krooked Nose|atk|1
|
|upkeep
|c|☆blazingshadow46|gg
|c|☆aaWWa|g
|-message|aaWWa forfeited.
|
|win|blazingshadow46
|raw|aaWWa's rating: 1295 &rarr; <strong>1270</strong><br />(-25 for losing)
|raw|blazingshadow46's rating: 1290 &rarr; <strong>1315</strong><br />(+25 for winning)
|l|☆aaWWa
|player|p1|
|l|☆blazingshadow46
|player|p2|
