|j|☆da_one_who_plays
|j|☆Most haxed
|t:|1757813332
|gametype|singles
|player|p1|da_one_who_plays|steven|1178
|player|p2|Most haxed|101|1167
|gen|9
|tier|[Gen 9] OU
|rated|
|rule|HP Percentage Mod: HP is shown in percentages
|rule|Endless Battle Clause: Forcing endless battles is banned
|rule|Species Clause: Limit one of each Pokémon
|rule|OHKO Clause: OHKO moves are banned
|rule|Evasion Items Clause: Evasion items are banned
|rule|Evasion Moves Clause: Evasion moves are banned
|rule|Evasion Abilities Clause: Evasion abilities are banned
|rule|Sleep Moves Clause: Sleep-inducing moves are banned
|clearpoke
|poke|p1|Zamazenta-*|
|poke|p1|Ninetales-Alola, F|
|poke|p1|Iron Valiant|
|poke|p1|Ceruledge, M|
|poke|p1|Gliscor, M|
|poke|p1|Hatterene, F|
|poke|p2|Eelektross, M|
|poke|p2|Incineroar, F|
|poke|p2|Alomomola, M|
|poke|p2|Enamorus, F|
|poke|p2|Greninja-*, M|
|poke|p2|Glimmora, M|
|teampreview
|inactive|Battle timer is ON: inactive players will automatically lose when time's up. (requested by da_one_who_plays)
|j| Chronos556
|
|t:|1757813352
|teamsize|p1|6
|teamsize|p2|6
|start
|switch|p1a: Ninetales|Ninetales-Alola, F, shiny|100/100
|switch|p2a: Can you not?|Incineroar, F, shiny|100/100
|-weather|Snowscape|[from] ability: Snow Warning|[of] p1a: Ninetales
|-ability|p2a: Can you not?|Intimidate|boost
|-unboost|p1a: Ninetales|atk|1
|turn|1
|
|t:|1757813368
|switch|p1a: Ceruledge|Ceruledge, M|100/100
|move|p2a: Can you not?|Flare Blitz|p1a: Ceruledge
|-start|p1a: Ceruledge|ability: Flash Fire
|
|-weather|Snowscape|[upkeep]
|upkeep
|turn|2
|
|t:|1757813377
|switch|p2a: Glimmora|Glimmora, M|100/100
|move|p1a: Ceruledge|Bulk Up|p1a: Ceruledge
|-boost|p1a: Ceruledge|atk|1
|-boost|p1a: Ceruledge|def|1
|
|-weather|Snowscape|[upkeep]
|upkeep
|turn|3
|
|t:|1757813386
|-terastallize|p1a: Ceruledge|Grass
|move|p1a: Ceruledge|Bulk Up|p1a: Ceruledge
|-boost|p1a: Ceruledge|atk|1
|-boost|p1a: Ceruledge|def|1
|move|p2a: Glimmora|Power Gem|p1a: Ceruledge
|-damage|p1a: Ceruledge|47/100
|
|-weather|Snowscape|[upkeep]
|upkeep
|turn|4
|
|t:|1757813399
|switch|p2a: Don’t mind me|Alomomola, M, shiny|100/100
|move|p1a: Ceruledge|Bitter Blade|p2a: Don’t mind me
|-resisted|p2a: Don’t mind me
|-damage|p2a: Don’t mind me|66/100
|-heal|p1a: Ceruledge|70/100|[from] drain|[of] p2a: Don’t mind me
|
|-weather|Snowscape|[upkeep]
|upkeep
|turn|5
|
|t:|1757813408
|switch|p2a: Don’t quit when I…|Enamorus, F, shiny|100/100
|move|p1a: Ceruledge|Taunt|p2a: Don’t quit when I…
|-start|p2a: Don’t quit when I…|move: Taunt
|
|-weather|none
|upkeep
|turn|6
|
|t:|1757813426
|-terastallize|p2a: Don’t quit when I…|Stellar
|move|p2a: Don’t quit when I…|Tera Blast|p1a: Ceruledge|[anim] Tera Blast Stellar
|-supereffective|p1a: Ceruledge
|-damage|p1a: Ceruledge|2/100
|-boost|p2a: Don’t quit when I…|atk|1
|-boost|p2a: Don’t quit when I…|spa|1
|move|p1a: Ceruledge|Bitter Blade|p2a: Don’t quit when I…
|-damage|p2a: Don’t quit when I…|0 fnt
|-heal|p1a: Ceruledge|43/100|[from] drain|[of] p2a: Don’t quit when I…
|faint|p2a: Don’t quit when I…
|
|upkeep
|
|t:|1757813437
|switch|p2a: Greninja|Greninja, M|100/100
|turn|7
|
|t:|1757813441
|move|p2a: Greninja|Ice Beam|p1a: Ceruledge
|-supereffective|p1a: Ceruledge
|-damage|p1a: Ceruledge|3/100
|move|p1a: Ceruledge|Bitter Blade|p2a: Greninja
|-resisted|p2a: Greninja
|-damage|p2a: Greninja|4/100
|-heal|p1a: Ceruledge|42/100|[from] drain|[of] p2a: Greninja
|-enditem|p2a: Greninja|Lansat Berry|[eat]
|-start|p2a: Greninja|move: Focus Energy
|
|upkeep
|turn|8
|
|t:|1757813452
|move|p1a: Ceruledge|Shadow Sneak|p2a: Greninja
|-resisted|p2a: Greninja
|-damage|p2a: Greninja|0 fnt
|faint|p2a: Greninja
|
|upkeep
|c|☆Most haxed|That mf got bulk
|
|t:|1757813471
|switch|p2a: Glimmora|Glimmora, M|100/100
|turn|9
|
|t:|1757813474
|move|p1a: Ceruledge|Bitter Blade|p2a: Glimmora
|-resisted|p2a: Glimmora
|-damage|p2a: Glimmora|37/100
|-heal|p1a: Ceruledge|70/100|[from] drain|[of] p2a: Glimmora
|-activate|p2a: Glimmora|ability: Toxic Debris
|-sidestart|p1: da_one_who_plays|move: Toxic Spikes
|move|p2a: Glimmora|Sludge Bomb|p1a: Ceruledge
|-supereffective|p1a: Ceruledge
|-damage|p1a: Ceruledge|0 fnt
|faint|p1a: Ceruledge
|
|upkeep
|
|t:|1757813502
|switch|p1a: Iron Valiant|Iron Valiant, shiny|100/100
|-status|p1a: Iron Valiant|psn
|-enditem|p1a: Iron Valiant|Booster Energy
|-activate|p1a: Iron Valiant|ability: Quark Drive|[fromitem]
|-start|p1a: Iron Valiant|quarkdrivespe
|turn|10
|
|t:|1757813509
|move|p1a: Iron Valiant|Close Combat|p2a: Glimmora
|-damage|p2a: Glimmora|0 fnt
|-unboost|p1a: Iron Valiant|def|1
|-unboost|p1a: Iron Valiant|spd|1
|-activate|p2a: Glimmora|ability: Toxic Debris
|-sidestart|p1: da_one_who_plays|move: Toxic Spikes
|faint|p2a: Glimmora
|
|-damage|p1a: Iron Valiant|88/100 psn|[from] psn
|upkeep
|
|t:|1757813522
|switch|p2a: Can you not?|Incineroar, F, shiny|100/100
|-ability|p2a: Can you not?|Intimidate|boost
|-unboost|p1a: Iron Valiant|atk|1
|turn|11
|
|t:|1757813527
|switch|p2a: Don’t mind me|Alomomola, M, shiny|99/100
|move|p1a: Iron Valiant|Moonblast|p2a: Don’t mind me
|-crit|p2a: Don’t mind me
|-damage|p2a: Don’t mind me|38/100
|-unboost|p2a: Don’t mind me|spa|1
|
|-damage|p1a: Iron Valiant|76/100 psn|[from] psn
|upkeep
|turn|12
|
|t:|1757813537
|move|p2a: Don’t mind me|Protect|p2a: Don’t mind me
|-singleturn|p2a: Don’t mind me|Protect
|move|p1a: Iron Valiant|Knock Off|p2a: Don’t mind me
|-activate|p2a: Don’t mind me|move: Protect
|
|-damage|p1a: Iron Valiant|63/100 psn|[from] psn
|upkeep
|turn|13
|
|t:|1757813545
|switch|p2a: Hear me out|Eelektross, M, shiny|100/100
|move|p1a: Iron Valiant|Knock Off|p2a: Hear me out
|-damage|p2a: Hear me out|80/100
|-enditem|p2a: Hear me out|Maranga Berry|[from] move: Knock Off|[of] p1a: Iron Valiant
|
|-damage|p1a: Iron Valiant|51/100 psn|[from] psn
|upkeep
|turn|14
|
|t:|1757813559
|move|p1a: Iron Valiant|Destiny Bond|p1a: Iron Valiant
|-singlemove|p1a: Iron Valiant|Destiny Bond
|move|p2a: Hear me out|Supercell Slam|p1a: Iron Valiant
|-damage|p1a: Iron Valiant|0 fnt
|faint|p1a: Iron Valiant
|-activate|p1a: Iron Valiant|move: Destiny Bond
|-end|p1a: Iron Valiant|Quark Drive|[silent]
|faint|p2a: Hear me out
|
|upkeep
|
|t:|1757813578
|switch|p1a: Zamazenta|Zamazenta|100/100
|switch|p2a: Can you not?|Incineroar, F, shiny|100/100
|-status|p1a: Zamazenta|tox
|-ability|p1a: Zamazenta|Dauntless Shield|boost
|-boost|p1a: Zamazenta|def|1
|-ability|p2a: Can you not?|Intimidate|boost
|-unboost|p1a: Zamazenta|atk|1
|turn|15
|
|t:|1757813589
|move|p1a: Zamazenta|Iron Defense|p1a: Zamazenta
|-boost|p1a: Zamazenta|def|2
|move|p2a: Can you not?|Flare Blitz|p1a: Zamazenta
|-damage|p1a: Zamazenta|71/100 tox
|-damage|p2a: Can you not?|92/100|[from] Recoil
|
|-damage|p1a: Zamazenta|65/100 tox|[from] psn
|upkeep
|turn|16
|c|☆Most haxed|Gg
|
|t:|1757813599
|move|p1a: Zamazenta|Iron Defense|p1a: Zamazenta
|-boost|p1a: Zamazenta|def|2
|move|p2a: Can you not?|Flare Blitz|p1a: Zamazenta
|-crit|p1a: Zamazenta
|-damage|p1a: Zamazenta|0 fnt
|faint|p1a: Zamazenta
|-damage|p2a: Can you not?|73/100|[from] Recoil
|
|upkeep
|
|t:|1757813610
|switch|p1a: Gliscor|Gliscor, M, shiny|100/100
|turn|17
|
|t:|1757813615
|move|p1a: Gliscor|Earthquake|p2a: Can you not?
|-supereffective|p2a: Can you not?
|-damage|p2a: Can you not?|3/100
|move|p2a: Can you not?|Flare Blitz|p1a: Gliscor
|-damage|p1a: Gliscor|23/100
|-status|p1a: Gliscor|brn
|-damage|p2a: Can you not?|0 fnt|[from] Recoil
|faint|p2a: Can you not?
|
|-damage|p1a: Gliscor|17/100 brn|[from] brn
|upkeep
|
|t:|1757813619
|switch|p2a: Don’t mind me|Alomomola, M, shiny|72/100
|turn|18
|
|t:|1757813630
|move|p2a: Don’t mind me|Protect|p2a: Don’t mind me
|-singleturn|p2a: Don’t mind me|Protect
|move|p1a: Gliscor|Facade|p2a: Don’t mind me
|-activate|p2a: Don’t mind me|move: Protect
|
|-damage|p1a: Gliscor|10/100 brn|[from] brn
|upkeep
|turn|19
|
|t:|1757813638
|move|p1a: Gliscor|Facade|p2a: Don’t mind me
|-damage|p2a: Don’t mind me|53/100
|move|p2a: Don’t mind me|Wish|p2a: Don’t mind me
|
|-damage|p1a: Gliscor|4/100 brn|[from] brn
|upkeep
|turn|20
|c|☆Most haxed|I feel a bit better now
|
|t:|1757813652
|move|p2a: Don’t mind me|Protect|p2a: Don’t mind me
|-singleturn|p2a: Don’t mind me|Protect
|move|p1a: Gliscor|Facade|p2a: Don’t mind me
|-activate|p2a: Don’t mind me|move: Protect
|
|-heal|p2a: Don’t mind me|100/100|[from] move: Wish|[wisher] Don’t mind me
|-damage|p1a: Gliscor|0 fnt|[from] brn
|faint|p1a: Gliscor
|upkeep
|
|t:|1757813667
|switch|p1a: Ninetales|Ninetales-Alola, F, shiny|100/100
|-status|p1a: Ninetales|tox
|-weather|Snowscape|[from] ability: Snow Warning|[of] p1a: Ninetales
|turn|21
|
|t:|1757813675
|move|p1a: Ninetales|Aurora Veil|p1a: Ninetales
|-sidestart|p1: da_one_who_plays|move: Aurora Veil
|move|p2a: Don’t mind me|Wish|p2a: Don’t mind me
|
|-weather|Snowscape|[upkeep]
|-damage|p1a: Ninetales|94/100 tox|[from] psn
|upkeep
|turn|22
|
|t:|1757813685
|switch|p1a: Hatterene|Hatterene, F, shiny|100/100
|-status|p1a: Hatterene|tox
|move|p2a: Don’t mind me|Protect||[still]
|-fail|p2a: Don’t mind me
|
|-weather|Snowscape|[upkeep]
|-damage|p1a: Hatterene|95/100 tox|[from] psn
|upkeep
|turn|23
|
|t:|1757813695
|move|p2a: Don’t mind me|Wish|p2a: Don’t mind me
|move|p1a: Hatterene|Calm Mind|p1a: Hatterene
|-boost|p1a: Hatterene|spa|1
|-boost|p1a: Hatterene|spd|1
|
|-weather|Snowscape|[upkeep]
|-heal|p1a: Hatterene|100/100 tox|[from] item: Leftovers
|-damage|p1a: Hatterene|89/100 tox|[from] psn
|upkeep
|turn|24
|
|t:|1757813703
|move|p2a: Don’t mind me|Flip Turn|p1a: Hatterene
|-damage|p1a: Hatterene|82/100 tox
|move|p1a: Hatterene|Calm Mind|p1a: Hatterene
|-boost|p1a: Hatterene|spa|1
|-boost|p1a: Hatterene|spd|1
|
|-weather|Snowscape|[upkeep]
|-heal|p1a: Hatterene|88/100 tox|[from] item: Leftovers
|-damage|p1a: Hatterene|70/100 tox|[from] psn
|upkeep
|turn|25
|
|t:|1757813713
|move|p2a: Don’t mind me|Wish|p2a: Don’t mind me
|move|p1a: Hatterene|Calm Mind|p1a: Hatterene
|-boost|p1a: Hatterene|spa|1
|-boost|p1a: Hatterene|spd|1
|
|-weather|none
|-heal|p1a: Hatterene|76/100 tox|[from] item: Leftovers
|-damage|p1a: Hatterene|52/100 tox|[from] psn
|upkeep
|turn|26
|
|t:|1757813722
|move|p2a: Don’t mind me|Flip Turn|p1a: Hatterene
|-damage|p1a: Hatterene|45/100 tox
|move|p1a: Hatterene|Calm Mind|p1a: Hatterene
|-boost|p1a: Hatterene|spa|1
|-boost|p1a: Hatterene|spd|1
|
|-heal|p1a: Hatterene|51/100 tox|[from] item: Leftovers
|-damage|p1a: Hatterene|21/100 tox|[from] psn
|upkeep
|turn|27
|
|t:|1757813732
|move|p2a: Don’t mind me|Protect|p2a: Don’t mind me
|-singleturn|p2a: Don’t mind me|Protect
|move|p1a: Hatterene|Draining Kiss|p2a: Don’t mind me
|-activate|p2a: Don’t mind me|move: Protect
|
|-heal|p1a: Hatterene|27/100 tox|[from] item: Leftovers
|-damage|p1a: Hatterene|0 fnt|[from] psn
|faint|p1a: Hatterene
|upkeep
|
|t:|1757813741
|switch|p1a: Ninetales|Ninetales-Alola, F, shiny|94/100 tox
|-weather|Snowscape|[from] ability: Snow Warning|[of] p1a: Ninetales
|turn|28
|
|t:|1757813753
|move|p1a: Ninetales|Aurora Veil||[still]
|-fail|p1a: Ninetales
|move|p2a: Don’t mind me|Wish|p2a: Don’t mind me
|
|-weather|Snowscape|[upkeep]
|-damage|p1a: Ninetales|88/100 tox|[from] psn
|-sideend|p1: da_one_who_plays|move: Aurora Veil
|upkeep
|turn|29
|
|t:|1757813761
|move|p1a: Ninetales|Encore|p2a: Don’t mind me
|-start|p2a: Don’t mind me|Encore
|move|p2a: Don’t mind me|Wish||[still]
|-fail|p2a: Don’t mind me
|
|-weather|Snowscape|[upkeep]
|-damage|p1a: Ninetales|76/100 tox|[from] psn
|upkeep
|turn|30
|
|t:|1757813769
|move|p1a: Ninetales|Freeze-Dry|p2a: Don’t mind me
|-supereffective|p2a: Don’t mind me
|-damage|p2a: Don’t mind me|65/100
|-status|p2a: Don’t mind me|frz
|cant|p2a: Don’t mind me|frz
|
|-weather|Snowscape|[upkeep]
|-damage|p1a: Ninetales|58/100 tox|[from] psn
|upkeep
|turn|31
|
|t:|1757813779
|move|p1a: Ninetales|Freeze-Dry|p2a: Don’t mind me
|-supereffective|p2a: Don’t mind me
|-damage|p2a: Don’t mind me|29/100 frz
|cant|p2a: Don’t mind me|frz
|
|-weather|Snowscape|[upkeep]
|-damage|p1a: Ninetales|34/100 tox|[from] psn
|-end|p2a: Don’t mind me|Encore
|upkeep
|turn|32
|
|t:|1757813788
|cant|p2a: Don’t mind me|frz
|move|p1a: Ninetales|Freeze-Dry|p2a: Don’t mind me
|-supereffective|p2a: Don’t mind me
|-damage|p2a: Don’t mind me|0 fnt
|faint|p2a: Don’t mind me
|
|win|da_one_who_plays
|raw|da_one_who_plays's rating: 1178 &rarr; <strong>1202</strong><br />(+24 for winning)
|raw|Most haxed's rating: 1167 &rarr; <strong>1143</strong><br />(-24 for losing)
