|j|☆SapphireRedux
|j|☆LucyLikePizza
|t:|1757824798
|gametype|singles
|player|p1|SapphireRedux|lacey|1529
|player|p2|LucyLikePizza|2|1472
|gen|9
|tier|[Gen 9] OU
|rated|
|rule|HP Percentage Mod: HP is shown in percentages
|rule|Endless Battle Clause: Forcing endless battles is banned
|rule|Species Clause: Limit one of each Pokémon
|rule|OHKO Clause: OHKO moves are banned
|rule|Evasion Items Clause: Evasion items are banned
|rule|Evasion Moves Clause: Evasion moves are banned
|rule|Evasion Abilities Clause: Evasion abilities are banned
|rule|Sleep Moves Clause: Sleep-inducing moves are banned
|clearpoke
|poke|p1|Quaquaval, F|
|poke|p1|Ting-Lu|
|poke|p1|Hatterene, F|
|poke|p1|Iron Treads|
|poke|p1|Dragonite, M|
|poke|p1|Ogerpon, F|
|poke|p2|Arcanine, F|
|poke|p2|Gliscor, M|
|poke|p2|Sinistcha|
|poke|p2|Okidogi, M|
|poke|p2|Gholdengo|
|poke|p2|Darkrai|
|teampreview
|inactive|Battle timer is ON: inactive players will automatically lose when time's up. (requested by SapphireRedux)
|
|t:|1757824815
|teamsize|p1|6
|teamsize|p2|6
|start
|switch|p1a: Ting-Lu|Ting-Lu|100/100
|switch|p2a: Okidogi|Okidogi, M|100/100
|-ability|p1a: Ting-Lu|Vessel of Ruin
|turn|1
|
|t:|1757824823
|move|p2a: Okidogi|Drain Punch|p1a: Ting-Lu
|-supereffective|p1a: Ting-Lu
|-damage|p1a: Ting-Lu|60/100
|-enditem|p1a: Ting-Lu|Weakness Policy
|-boost|p1a: Ting-Lu|atk|2|[from] item: Weakness Policy
|-boost|p1a: Ting-Lu|spa|2|[from] item: Weakness Policy
|move|p1a: Ting-Lu|Earthquake|p2a: Okidogi
|-supereffective|p2a: Okidogi
|-damage|p2a: Okidogi|0 fnt
|faint|p2a: Okidogi
|
|upkeep
|
|t:|1757824835
|switch|p2a: Sinistcha|Sinistcha|100/100
|turn|2
|
|t:|1757824839
|move|p2a: Sinistcha|Matcha Gotcha|p1a: Ting-Lu
|-supereffective|p1a: Ting-Lu
|-damage|p1a: Ting-Lu|17/100
|move|p1a: Ting-Lu|Payback|p2a: Sinistcha
|-supereffective|p2a: Sinistcha
|-damage|p2a: Sinistcha|0 fnt
|faint|p2a: Sinistcha
|
|upkeep
|
|t:|1757824844
|switch|p2a: Darkrai|Darkrai|100/100
|turn|3
|
|t:|1757824847
|move|p2a: Darkrai|Ice Beam|p1a: Ting-Lu
|-supereffective|p1a: Ting-Lu
|-damage|p1a: Ting-Lu|0 fnt
|faint|p1a: Ting-Lu
|
|upkeep
|
|t:|1757824850
|switch|p1a: Iron Treads|Iron Treads|100/100
|turn|4
|
|t:|1757824853
|switch|p2a: Arcanine|Arcanine, F|100/100
|-ability|p2a: Arcanine|Intimidate|boost
|-unboost|p1a: Iron Treads|atk|1
|move|p1a: Iron Treads|Earthquake|p2a: Arcanine
|-supereffective|p2a: Arcanine
|-damage|p2a: Arcanine|28/100
|
|upkeep
|turn|5
|
|t:|1757824860
|switch|p2a: Darkrai|Darkrai|100/100
|move|p1a: Iron Treads|Earthquake|p2a: Darkrai
|-damage|p2a: Darkrai|62/100
|
|upkeep
|turn|6
|
|t:|1757824865
|move|p2a: Darkrai|Dark Pulse|p1a: Iron Treads
|-damage|p1a: Iron Treads|34/100
|move|p1a: Iron Treads|Earthquake|p2a: Darkrai
|-damage|p2a: Darkrai|22/100
|
|upkeep
|turn|7
|
|t:|1757824875
|move|p2a: Darkrai|Dark Pulse|p1a: Iron Treads
|-damage|p1a: Iron Treads|0 fnt
|faint|p1a: Iron Treads
|-end|p1a: Iron Treads|Quark Drive|[silent]
|
|upkeep
|
|t:|1757824876
|switch|p1a: Quaquaval|Quaquaval, F|100/100
|turn|8
|
|t:|1757824886
|move|p2a: Darkrai|Dark Pulse|p1a: Quaquaval
|-resisted|p1a: Quaquaval
|-damage|p1a: Quaquaval|56/100
|move|p1a: Quaquaval|Swords Dance|p1a: Quaquaval
|-boost|p1a: Quaquaval|atk|2
|
|upkeep
|turn|9
|
|t:|1757824890
|move|p2a: Darkrai|Dark Pulse|p1a: Quaquaval
|-resisted|p1a: Quaquaval
|-damage|p1a: Quaquaval|8/100
|cant|p1a: Quaquaval|flinch
|
|upkeep
|turn|10
|
|t:|1757824893
|move|p2a: Darkrai|Dark Pulse|p1a: Quaquaval
|-resisted|p1a: Quaquaval
|-damage|p1a: Quaquaval|0 fnt
|faint|p1a: Quaquaval
|
|upkeep
|
|t:|1757824898
|switch|p1a: Dragonite|Dragonite, M|100/100
|turn|11
|
|t:|1757824902
|move|p2a: Darkrai|Dark Pulse|p1a: Dragonite
|-damage|p1a: Dragonite|68/100
|move|p1a: Dragonite|Dragon Dance|p1a: Dragonite
|-boost|p1a: Dragonite|atk|1
|-boost|p1a: Dragonite|spe|1
|
|upkeep
|turn|12
|
|t:|1757824909
|move|p1a: Dragonite|Fire Punch|p2a: Darkrai
|-damage|p2a: Darkrai|0 fnt
|faint|p2a: Darkrai
|
|upkeep
|
|t:|1757824915
|switch|p2a: Gliscor|Gliscor, M|100/100
|turn|13
|
|t:|1757824917
|move|p1a: Dragonite|Dragon Dance|p1a: Dragonite
|-boost|p1a: Dragonite|atk|1
|-boost|p1a: Dragonite|spe|1
|move|p2a: Gliscor|Toxic|p1a: Dragonite
|-status|p1a: Dragonite|tox
|
|-damage|p1a: Dragonite|62/100 tox|[from] psn
|-status|p2a: Gliscor|tox|[from] item: Toxic Orb
|upkeep
|turn|14
|
|t:|1757824922
|move|p1a: Dragonite|Dragon Dance|p1a: Dragonite
|-boost|p1a: Dragonite|atk|1
|-boost|p1a: Dragonite|spe|1
|move|p2a: Gliscor|Spikes|p1a: Dragonite
|-sidestart|p1: SapphireRedux|Spikes
|
|-damage|p1a: Dragonite|49/100 tox|[from] psn
|upkeep
|turn|15
|
|t:|1757824930
|move|p1a: Dragonite|Scale Shot|p2a: Gliscor
|-damage|p2a: Gliscor|77/100 tox
|-damage|p2a: Gliscor|55/100 tox
|-damage|p2a: Gliscor|31/100 tox
|-crit|p2a: Gliscor
|-damage|p2a: Gliscor|0 fnt
|faint|p2a: Gliscor
|-hitcount|p2: Gliscor|4
|-unboost|p1a: Dragonite|def|1
|-boost|p1a: Dragonite|spe|1
|
|-damage|p1a: Dragonite|31/100 tox|[from] psn
|upkeep
|
|t:|1757824936
|switch|p2a: Arcanine|Arcanine, F|28/100
|-ability|p2a: Arcanine|Intimidate|boost
|-unboost|p1a: Dragonite|atk|1
|turn|16
|
|t:|1757824943
|switch|p2a: Gholdengo|Gholdengo|100/100
|move|p1a: Dragonite|Fire Punch|p2a: Gholdengo
|-supereffective|p2a: Gholdengo
|-damage|p2a: Gholdengo|0 fnt
|faint|p2a: Gholdengo
|
|-damage|p1a: Dragonite|6/100 tox|[from] psn
|upkeep
|
|t:|1757824946
|switch|p2a: Arcanine|Arcanine, F|28/100
|-ability|p2a: Arcanine|Intimidate|boost
|-unboost|p1a: Dragonite|atk|1
|turn|17
|
|t:|1757824951
|move|p1a: Dragonite|Fire Punch|p2a: Arcanine
|-resisted|p2a: Arcanine
|-damage|p2a: Arcanine|5/100
|move|p2a: Arcanine|Morning Sun|p2a: Arcanine
|-heal|p2a: Arcanine|55/100
|
|-damage|p1a: Dragonite|0 fnt|[from] psn
|faint|p1a: Dragonite
|upkeep
|
|t:|1757824963
|switch|p1a: Hatterene|Hatterene, F|100/100
|-damage|p1a: Hatterene|88/100|[from] Spikes
|turn|18
|
|t:|1757824968
|-terastallize|p1a: Hatterene|Water
|move|p2a: Arcanine|Flamethrower|p1a: Hatterene
|-resisted|p1a: Hatterene
|-damage|p1a: Hatterene|72/100
|move|p1a: Hatterene|Psychic Noise|p2a: Arcanine
|-damage|p2a: Arcanine|30/100
|-start|p2a: Arcanine|move: Heal Block
|
|upkeep
|turn|19
|-message|LucyLikePizza forfeited.
|
|win|SapphireRedux
|raw|SapphireRedux's rating: 1529 &rarr; <strong>1546</strong><br />(+17 for winning)
|raw|LucyLikePizza's rating: 1472 &rarr; <strong>1455</strong><br />(-17 for losing)
|l|☆LucyLikePizza
|player|p2|
|l|☆SapphireRedux
|player|p1|
