|j|☆zoro_foursword
|j|☆pelmanism
|t:|1757845628
|gametype|singles
|player|p1|zoro_foursword|rocketgrunt|1105
|player|p2|pelmanism|170|1071
|gen|9
|tier|[Gen 9] OU
|rated|
|rule|HP Percentage Mod: HP is shown in percentages
|rule|Endless Battle Clause: Forcing endless battles is banned
|rule|Species Clause: Limit one of each Pokémon
|rule|OHKO Clause: OHKO moves are banned
|rule|Evasion Items Clause: Evasion items are banned
|rule|Evasion Moves Clause: Evasion moves are banned
|rule|Evasion Abilities Clause: Evasion abilities are banned
|rule|Sleep Moves Clause: Sleep-inducing moves are banned
|clearpoke
|poke|p1|Krookodile, F|
|poke|p1|Espeon, F|
|poke|p1|Electivire, M|
|poke|p1|Haxorus, M|
|poke|p1|Ceruledge, F|
|poke|p1|Serperior, M|
|poke|p2|Great Tusk|
|poke|p2|Kingambit, F|
|poke|p2|Raging Bolt|
|poke|p2|Walking Wake|
|poke|p2|Ninetales, F|
|poke|p2|Ceruledge, M|
|teampreview
|inactive|Battle timer is ON: inactive players will automatically lose when time's up. (requested by pelmanism)
|
|t:|1757845652
|teamsize|p1|6
|teamsize|p2|6
|start
|switch|p1a: Serperior|Serperior, M, shiny|100/100
|switch|p2a: Ninetales|Ninetales, F|100/100
|-weather|SunnyDay|[from] ability: Drought|[of] p2a: Ninetales
|turn|1
|
|t:|1757845663
|switch|p1a: Krookodile|Krookodile, F|100/100
|move|p2a: Ninetales|Overheat|p1a: Krookodile
|-damage|p1a: Krookodile|7/100
|-unboost|p2a: Ninetales|spa|2
|
|-weather|SunnyDay|[upkeep]
|upkeep
|turn|2
|
|t:|1757845677
|move|p2a: Ninetales|Overheat|p1a: Krookodile
|-damage|p1a: Krookodile|0 fnt
|-unboost|p2a: Ninetales|spa|2
|faint|p1a: Krookodile
|
|-weather|SunnyDay|[upkeep]
|upkeep
|
|t:|1757845692
|switch|p1a: Electivire|Electivire, M|100/100
|turn|3
|
|t:|1757845697
|move|p2a: Ninetales|Scorching Sands|p1a: Electivire
|-supereffective|p1a: Electivire
|-damage|p1a: Electivire|85/100
|move|p1a: Electivire|Trailblaze|p2a: Ninetales
|-resisted|p2a: Ninetales
|-damage|p2a: Ninetales|88/100
|-boost|p1a: Electivire|spe|1
|
|-weather|SunnyDay|[upkeep]
|upkeep
|turn|4
|
|t:|1757845712
|move|p1a: Electivire|Earthquake|p2a: Ninetales
|-supereffective|p2a: Ninetales
|-damage|p2a: Ninetales|0 fnt
|faint|p2a: Ninetales
|
|-weather|SunnyDay|[upkeep]
|upkeep
|
|t:|1757845720
|switch|p2a: Raging Bolt|Raging Bolt|100/100
|-activate|p2a: Raging Bolt|ability: Protosynthesis
|-start|p2a: Raging Bolt|protosynthesisspa
|turn|5
|
|t:|1757845730
|move|p1a: Electivire|Earthquake|p2a: Raging Bolt
|-supereffective|p2a: Raging Bolt
|-damage|p2a: Raging Bolt|28/100
|move|p2a: Raging Bolt|Solar Beam||[still]
|-prepare|p2a: Raging Bolt|Solar Beam
|-anim|p2a: Raging Bolt|Solar Beam|p1a: Electivire
|-damage|p1a: Electivire|0 fnt
|faint|p1a: Electivire
|-damage|p2a: Raging Bolt|18/100|[from] item: Life Orb
|
|-weather|SunnyDay|[upkeep]
|upkeep
|
|t:|1757845739
|switch|p1a: Serperior|Serperior, M, shiny|100/100
|turn|6
|
|t:|1757845745
|move|p1a: Serperior|Leaf Storm|p2a: Raging Bolt
|-resisted|p2a: Raging Bolt
|-damage|p2a: Raging Bolt|0 fnt
|-boost|p1a: Serperior|spa|2
|faint|p2a: Raging Bolt
|-end|p2a: Raging Bolt|Protosynthesis|[silent]
|
|-weather|SunnyDay|[upkeep]
|upkeep
|inactive|pelmanism has 120 seconds left.
|
|t:|1757845778
|switch|p2a: Walking Wake|Walking Wake|100/100
|-activate|p2a: Walking Wake|ability: Protosynthesis
|-start|p2a: Walking Wake|protosynthesisspe
|turn|7
|
|t:|1757845787
|move|p1a: Serperior|Leaf Storm|p2a: Walking Wake
|-damage|p2a: Walking Wake|0 fnt
|-boost|p1a: Serperior|spa|2
|faint|p2a: Walking Wake
|-end|p2a: Walking Wake|Protosynthesis|[silent]
|
|-weather|SunnyDay|[upkeep]
|upkeep
|
|t:|1757845795
|switch|p2a: Great Tusk|Great Tusk|100/100
|-activate|p2a: Great Tusk|ability: Protosynthesis
|-start|p2a: Great Tusk|protosynthesisatk
|turn|8
|
|t:|1757845803
|move|p1a: Serperior|Leaf Storm|p2a: Great Tusk
|-supereffective|p2a: Great Tusk
|-damage|p2a: Great Tusk|0 fnt
|-boost|p1a: Serperior|spa|2
|faint|p2a: Great Tusk
|-end|p2a: Great Tusk|Protosynthesis|[silent]
|
|-weather|none
|upkeep
|-message|pelmanism forfeited.
|
|win|zoro_foursword
|raw|zoro_foursword's rating: 1105 &rarr; <strong>1128</strong><br />(+23 for winning)
|raw|pelmanism's rating: 1071 &rarr; <strong>1052</strong><br />(-19 for losing)
|l|☆pelmanism
|player|p2|
|l|☆zoro_foursword
|player|p1|
