|j|☆shinmyou
|j|☆luketheidiot
|t:|1757928781
|gametype|singles
|player|p1|shinmyou|dawn|1231
|player|p2|luketheidiot|iris-gen5bw2|1206
|gen|9
|tier|[Gen 9] OU
|rated|
|rule|HP Percentage Mod: HP is shown in percentages
|rule|Endless Battle Clause: Forcing endless battles is banned
|rule|Species Clause: Limit one of each Pokémon
|rule|OHKO Clause: OHKO moves are banned
|rule|Evasion Items Clause: Evasion items are banned
|rule|Evasion Moves Clause: Evasion moves are banned
|rule|Evasion Abilities Clause: Evasion abilities are banned
|rule|Sleep Moves Clause: Sleep-inducing moves are banned
|clearpoke
|poke|p1|Garganacl, M|
|poke|p1|Clodsire, M|
|poke|p1|Gliscor, M|
|poke|p1|Blissey, F|
|poke|p1|Gholdengo|
|poke|p1|Walking Wake|
|poke|p2|Inkay, M|
|poke|p2|Servine, M|
|poke|p2|Serperior, M|
|poke|p2|Enamorus, F|
|poke|p2|Lurantis, M|
|poke|p2|Malamar, F|
|teampreview
|inactive|Battle timer is ON: inactive players will automatically lose when time's up. (requested by luketheidiot)
|
|t:|1757928800
|teamsize|p1|6
|teamsize|p2|6
|start
|switch|p1a: Gliscor|Gliscor, M|100/100
|switch|p2a: Inkay|Inkay, M|100/100
|turn|1
|
|t:|1757928809
|move|p1a: Gliscor|Toxic|p2a: Inkay
|-status|p2a: Inkay|tox
|move|p2a: Inkay|Knock Off|p1a: Gliscor
|-damage|p1a: Gliscor|79/100
|-enditem|p1a: Gliscor|Toxic Orb|[from] move: Knock Off|[of] p2a: Inkay
|
|-damage|p2a: Inkay|94/100 tox|[from] psn
|upkeep
|turn|2
|
|t:|1757928820
|move|p1a: Gliscor|Substitute|p1a: Gliscor
|-start|p1a: Gliscor|Substitute
|-damage|p1a: Gliscor|54/100
|move|p2a: Inkay|Trick Room|p2a: Inkay
|-fieldstart|move: Trick Room|[of] p2a: Inkay
|
|-damage|p2a: Inkay|82/100 tox|[from] psn
|upkeep
|turn|3
|
|t:|1757928828
|move|p2a: Inkay|Superpower|p1a: Gliscor
|-resisted|p1a: Gliscor
|-activate|p1a: Gliscor|move: Substitute|[damage]
|-boost|p2a: Inkay|atk|1
|-boost|p2a: Inkay|def|1
|move|p1a: Gliscor|Facade|p2a: Inkay
|-damage|p2a: Inkay|63/100 tox
|
|-damage|p2a: Inkay|45/100 tox|[from] psn
|upkeep
|turn|4
|
|t:|1757928843
|move|p1a: Gliscor|Protect|p1a: Gliscor
|-singleturn|p1a: Gliscor|Protect
|move|p2a: Inkay|Superpower|p1a: Gliscor
|-activate|p1a: Gliscor|move: Protect
|
|-damage|p2a: Inkay|21/100 tox|[from] psn
|upkeep
|turn|5
|
|t:|1757928855
|move|p2a: Inkay|Destiny Bond|p2a: Inkay
|-singlemove|p2a: Inkay|Destiny Bond
|move|p1a: Gliscor|Substitute|p1a: Gliscor
|-fail|p1a: Gliscor|move: Substitute
|
|-damage|p2a: Inkay|0 fnt|[from] psn
|faint|p2a: Inkay
|upkeep
|
|t:|1757928864
|switch|p2a: Serperior|Serperior, M|100/100
|turn|6
|
|t:|1757928870
|move|p1a: Gliscor|Toxic|p2a: Serperior
|-status|p2a: Serperior|tox
|move|p2a: Serperior|Leaf Storm|p1a: Gliscor
|-end|p1a: Gliscor|Substitute
|-boost|p2a: Serperior|spa|2
|
|-damage|p2a: Serperior|94/100 tox|[from] psn
|-fieldend|move: Trick Room
|upkeep
|turn|7
|
|t:|1757928880
|move|p1a: Gliscor|Protect|p1a: Gliscor
|-singleturn|p1a: Gliscor|Protect
|move|p2a: Serperior|Leaf Storm|p1a: Gliscor
|-activate|p1a: Gliscor|move: Protect
|
|-heal|p2a: Serperior|100/100 tox|[from] item: Leftovers
|-damage|p2a: Serperior|88/100 tox|[from] psn
|upkeep
|turn|8
|
|t:|1757928890
|move|p1a: Gliscor|Protect|p1a: Gliscor
|-singleturn|p1a: Gliscor|Protect
|move|p2a: Serperior|Leaf Storm|p1a: Gliscor
|-activate|p1a: Gliscor|move: Protect
|
|-heal|p2a: Serperior|94/100 tox|[from] item: Leftovers
|-damage|p2a: Serperior|76/100 tox|[from] psn
|upkeep
|turn|9
|
|t:|1757928900
|move|p1a: Gliscor|Protect||[still]
|-fail|p1a: Gliscor
|move|p2a: Serperior|Leaf Storm|p1a: Gliscor
|-damage|p1a: Gliscor|0 fnt
|-boost|p2a: Serperior|spa|2
|faint|p1a: Gliscor
|
|-heal|p2a: Serperior|82/100 tox|[from] item: Leftovers
|-damage|p2a: Serperior|57/100 tox|[from] psn
|upkeep
|
|t:|1757928912
|switch|p1a: Gholdengo|Gholdengo|100/100
|turn|10
|
|t:|1757928918
|move|p2a: Serperior|Leaf Storm|p1a: Gholdengo
|-resisted|p1a: Gholdengo
|-damage|p1a: Gholdengo|25/100
|-boost|p2a: Serperior|spa|2
|move|p1a: Gholdengo|Make It Rain|p2a: Serperior
|-damage|p2a: Serperior|0 fnt
|-unboost|p1a: Gholdengo|spa|1
|faint|p2a: Serperior
|
|upkeep
|
|t:|1757928929
|switch|p2a: Lurantis|Lurantis, M|100/100
|turn|11
|
|t:|1757928933
|switch|p1a: Walking Wake|Walking Wake|100/100
|-enditem|p1a: Walking Wake|Booster Energy
|-activate|p1a: Walking Wake|ability: Protosynthesis|[fromitem]
|-start|p1a: Walking Wake|protosynthesisspa
|move|p2a: Lurantis|Knock Off|p1a: Walking Wake
|-damage|p1a: Walking Wake|75/100
|
|upkeep
|turn|12
|
|t:|1757928941
|move|p1a: Walking Wake|Flamethrower|p2a: Lurantis
|-supereffective|p2a: Lurantis
|-damage|p2a: Lurantis|15/100
|move|p2a: Lurantis|Leaf Storm|p1a: Walking Wake
|-damage|p1a: Walking Wake|31/100
|-boost|p2a: Lurantis|spa|2
|
|-heal|p2a: Lurantis|21/100|[from] item: Leftovers
|upkeep
|turn|13
|
|t:|1757928951
|move|p1a: Walking Wake|Flamethrower|p2a: Lurantis
|-supereffective|p2a: Lurantis
|-damage|p2a: Lurantis|0 fnt
|faint|p2a: Lurantis
|
|upkeep
|
|t:|1757928959
|switch|p2a: Servine|Servine, M|100/100
|turn|14
|
|t:|1757928962
|move|p1a: Walking Wake|Flamethrower|p2a: Servine
|-supereffective|p2a: Servine
|-enditem|p2a: Servine|Focus Sash
|-damage|p2a: Servine|1/100
|move|p2a: Servine|Mirror Coat|p1a: Walking Wake
|-damage|p1a: Walking Wake|0 fnt
|faint|p1a: Walking Wake
|-end|p1a: Walking Wake|Protosynthesis|[silent]
|
|upkeep
|
|t:|1757928972
|switch|p1a: Blissey|Blissey, F|100/100
|turn|15
|
|t:|1757928978
|move|p2a: Servine|Glare|p1a: Blissey
|-status|p1a: Blissey|par
|move|p1a: Blissey|Seismic Toss|p2a: Servine
|-damage|p2a: Servine|0 fnt
|faint|p2a: Servine
|
|upkeep
|
|t:|1757928982
|switch|p2a: Malamar|Malamar, F|100/100
|turn|16
|
|t:|1757928989
|move|p2a: Malamar|Superpower|p1a: Blissey
|-supereffective|p1a: Blissey
|-damage|p1a: Blissey|26/100 par
|-boost|p2a: Malamar|atk|1
|-boost|p2a: Malamar|def|1
|move|p1a: Blissey|Trick|p2a: Malamar
|-activate|p1a: Blissey|move: Trick|[of] p2a: Malamar
|-item|p2a: Malamar|Lagging Tail|[from] move: Trick
|-item|p1a: Blissey|Leftovers|[from] move: Trick
|
|-heal|p1a: Blissey|32/100 par|[from] item: Leftovers
|upkeep
|turn|17
|
|t:|1757929000
|-curestatus|p1a: Blissey|par|[from] ability: Natural Cure
|switch|p1a: Gholdengo|Gholdengo|25/100
|move|p2a: Malamar|Superpower|p1a: Gholdengo
|-immune|p1a: Gholdengo
|
|upkeep
|turn|18
|
|t:|1757929008
|-terastallize|p1a: Gholdengo|Steel
|move|p1a: Gholdengo|Make It Rain|p2a: Malamar
|-damage|p2a: Malamar|1/100
|-unboost|p1a: Gholdengo|spa|1
|move|p2a: Malamar|Knock Off|p1a: Gholdengo
|-damage|p1a: Gholdengo|0 fnt
|-enditem|p1a: Gholdengo|Focus Sash|[from] move: Knock Off|[of] p2a: Malamar
|faint|p1a: Gholdengo
|
|upkeep
|
|t:|1757929020
|switch|p1a: Blissey|Blissey, F|32/100
|turn|19
|
|t:|1757929027
|move|p1a: Blissey|Seismic Toss|p2a: Malamar
|-damage|p2a: Malamar|0 fnt
|faint|p2a: Malamar
|
|-heal|p1a: Blissey|38/100|[from] item: Leftovers
|upkeep
|
|t:|1757929029
|switch|p2a: Enamorus|Enamorus, F|100/100
|turn|20
|
|t:|1757929037
|switch|p1a: Clodsire|Clodsire, M|100/100
|move|p2a: Enamorus|Superpower|p1a: Clodsire
|-resisted|p1a: Clodsire
|-damage|p1a: Clodsire|84/100
|-boost|p2a: Enamorus|atk|1
|-boost|p2a: Enamorus|def|1
|
|-heal|p1a: Clodsire|91/100|[from] item: Black Sludge
|upkeep
|turn|21
|
|t:|1757929049
|move|p2a: Enamorus|Superpower|p1a: Clodsire
|-resisted|p1a: Clodsire
|-damage|p1a: Clodsire|67/100
|-boost|p2a: Enamorus|atk|1
|-boost|p2a: Enamorus|def|1
|move|p1a: Clodsire|Gunk Shot|p2a: Enamorus
|-supereffective|p2a: Enamorus
|-damage|p2a: Enamorus|55/100
|
|-heal|p1a: Clodsire|73/100|[from] item: Black Sludge
|upkeep
|turn|22
|
|t:|1757929060
|move|p2a: Enamorus|Superpower|p1a: Clodsire
|-resisted|p1a: Clodsire
|-damage|p1a: Clodsire|41/100
|-boost|p2a: Enamorus|atk|1
|-boost|p2a: Enamorus|def|1
|move|p1a: Clodsire|Gunk Shot|p2a: Enamorus
|-supereffective|p2a: Enamorus
|-damage|p2a: Enamorus|18/100
|-status|p2a: Enamorus|psn
|
|-heal|p1a: Clodsire|47/100|[from] item: Black Sludge
|-damage|p2a: Enamorus|6/100 psn|[from] psn
|upkeep
|turn|23
|-message|luketheidiot forfeited.
|
|win|shinmyou
|raw|shinmyou's rating: 1231 &rarr; <strong>1254</strong><br />(+23 for winning)
|raw|luketheidiot's rating: 1206 &rarr; <strong>1183</strong><br />(-23 for losing)
|l|☆luketheidiot
|player|p2|
|l|☆shinmyou
|player|p1|
