|j|☆xw haha
|j|☆tscher
|t:|1757836990
|gametype|singles
|player|p1|xw haha|volkner|1247
|player|p2|tscher|102|1271
|gen|9
|tier|[Gen 9] OU
|rated|
|rule|HP Percentage Mod: HP is shown in percentages
|rule|Endless Battle Clause: Forcing endless battles is banned
|rule|Species Clause: Limit one of each Pokémon
|rule|OHKO Clause: OHKO moves are banned
|rule|Evasion Items Clause: Evasion items are banned
|rule|Evasion Moves Clause: Evasion moves are banned
|rule|Evasion Abilities Clause: Evasion abilities are banned
|rule|Sleep Moves Clause: Sleep-inducing moves are banned
|clearpoke
|poke|p1|Cinderace, M|
|poke|p1|Corviknight, M|
|poke|p1|Iron Treads|
|poke|p1|Iron Jugulis|
|poke|p1|Clodsire, F|
|poke|p1|Raging Bolt|
|poke|p2|Froslass, F|
|poke|p2|Darkrai|
|poke|p2|Heatran, M|
|poke|p2|Great Tusk|
|poke|p2|Scizor, F|
|poke|p2|Weavile, F|
|teampreview
|inactive|Battle timer is ON: inactive players will automatically lose when time's up. (requested by xw haha)
|
|t:|1757837008
|teamsize|p1|6
|teamsize|p2|6
|start
|switch|p1a: Cinderace|Cinderace, M|100/100
|switch|p2a: Froslass|Froslass, F|100/100
|turn|1
|
|t:|1757837023
|move|p2a: Froslass|Trick|p1a: Cinderace
|-activate|p2a: Froslass|move: Trick|[of] p1a: Cinderace
|-item|p1a: Cinderace|Choice Scarf|[from] move: Trick
|-item|p2a: Froslass|Choice Band|[from] move: Trick
|move|p1a: Cinderace|U-turn|p2a: Froslass
|-start|p1a: Cinderace|typechange|Bug|[from] ability: Libero
|-resisted|p2a: Froslass
|-damage|p2a: Froslass|72/100
|
|t:|1757837040
|switch|p1a: Iron Treads|Iron Treads|100/100|[from] U-turn
|
|upkeep
|turn|2
|
|t:|1757837051
|move|p2a: Froslass|Trick|p1a: Iron Treads
|-activate|p2a: Froslass|move: Trick|[of] p1a: Iron Treads
|-item|p1a: Iron Treads|Choice Band|[from] move: Trick
|-item|p2a: Froslass|Assault Vest|[from] move: Trick
|move|p1a: Iron Treads|Iron Head|p2a: Froslass
|-supereffective|p2a: Froslass
|-damage|p2a: Froslass|0 fnt
|faint|p2a: Froslass
|
|upkeep
|
|t:|1757837070
|switch|p2a: Great Tusk|Great Tusk|100/100
|turn|3
|
|t:|1757837076
|-end|p1a: Iron Treads|Quark Drive|[silent]
|switch|p1a: Corviknight|Corviknight, M|100/100
|move|p2a: Great Tusk|Rapid Spin|p1a: Corviknight
|-resisted|p1a: Corviknight
|-damage|p1a: Corviknight|95/100
|-boost|p2a: Great Tusk|spe|1
|-damage|p2a: Great Tusk|84/100|[from] item: Rocky Helmet|[of] p1a: Corviknight
|
|upkeep
|turn|4
|
|t:|1757837085
|-end|p2a: Great Tusk|Protosynthesis|[silent]
|switch|p2a: Scizor|Scizor, F|100/100
|move|p1a: Corviknight|Brave Bird|p2a: Scizor
|-damage|p2a: Scizor|62/100
|-damage|p1a: Corviknight|84/100|[from] Recoil
|
|upkeep
|turn|5
|
|t:|1757837098
|move|p2a: Scizor|Knock Off|p1a: Corviknight
|-damage|p1a: Corviknight|61/100
|-damage|p2a: Scizor|45/100|[from] item: Rocky Helmet|[of] p1a: Corviknight
|-enditem|p1a: Corviknight|Rocky Helmet|[from] move: Knock Off|[of] p2a: Scizor
|move|p1a: Corviknight|Brave Bird|p2a: Scizor
|-damage|p2a: Scizor|5/100
|-damage|p1a: Corviknight|49/100|[from] Recoil
|
|upkeep
|turn|6
|
|t:|1757837108
|move|p2a: Scizor|U-turn|p1a: Corviknight
|-resisted|p1a: Corviknight
|-damage|p1a: Corviknight|43/100
|
|t:|1757837110
|switch|p2a: Heatran|Heatran, M|100/100|[from] U-turn
|move|p1a: Corviknight|Roost|p1a: Corviknight
|-heal|p1a: Corviknight|93/100
|-singleturn|p1a: Corviknight|move: Roost
|
|upkeep
|turn|7
|
|t:|1757837135
|switch|p1a: Iron Jugulis|Iron Jugulis|100/100
|move|p2a: Heatran|Magma Storm|p1a: Iron Jugulis|[miss]
|-miss|p2a: Heatran|p1a: Iron Jugulis
|
|upkeep
|turn|8
|
|t:|1757837145
|switch|p2a: Scizor|Scizor, F|5/100
|move|p1a: Iron Jugulis|Earth Power|p2a: Scizor
|-damage|p2a: Scizor|0 fnt
|faint|p2a: Scizor
|
|upkeep
|
|t:|1757837152
|switch|p2a: Weavile|Weavile, F|100/100
|-ability|p2a: Weavile|Pressure
|turn|9
|
|t:|1757837161
|-end|p1a: Iron Jugulis|Quark Drive|[silent]
|switch|p1a: Iron Treads|Iron Treads|100/100
|move|p2a: Weavile|Swords Dance|p2a: Weavile
|-boost|p2a: Weavile|atk|2
|
|upkeep
|turn|10
|
|t:|1757837179
|-terastallize|p1a: Iron Treads|Ground
|move|p2a: Weavile|Low Kick|p1a: Iron Treads
|-damage|p1a: Iron Treads|29/100
|move|p1a: Iron Treads|Rapid Spin|p2a: Weavile
|-damage|p2a: Weavile|57/100
|-boost|p1a: Iron Treads|spe|1
|
|upkeep
|turn|11
|
|t:|1757837192
|-terastallize|p2a: Weavile|Ghost
|move|p1a: Iron Treads|Rapid Spin|p2a: Weavile
|-immune|p2a: Weavile
|move|p2a: Weavile|Swords Dance|p2a: Weavile
|-boost|p2a: Weavile|atk|2
|
|upkeep
|turn|12
|
|t:|1757837201
|move|p1a: Iron Treads|Rapid Spin|p2a: Weavile
|-immune|p2a: Weavile
|move|p2a: Weavile|Swords Dance|p2a: Weavile
|-boost|p2a: Weavile|atk|2
|
|upkeep
|turn|13
|
|t:|1757837207
|move|p1a: Iron Treads|Rapid Spin|p2a: Weavile
|-immune|p2a: Weavile
|move|p2a: Weavile|Low Kick|p1a: Iron Treads
|-damage|p1a: Iron Treads|0 fnt
|faint|p1a: Iron Treads
|-end|p1a: Iron Treads|Quark Drive|[silent]
|
|upkeep
|
|t:|1757837217
|switch|p1a: Iron Jugulis|Iron Jugulis|100/100
|turn|14
|
|t:|1757837224
|move|p1a: Iron Jugulis|Air Slash|p2a: Weavile
|-damage|p2a: Weavile|7/100
|cant|p2a: Weavile|flinch
|
|upkeep
|turn|15
|
|t:|1757837229
|switch|p2a: Heatran|Heatran, M|100/100
|move|p1a: Iron Jugulis|Air Slash|p2a: Heatran
|-resisted|p2a: Heatran
|-damage|p2a: Heatran|83/100
|
|-heal|p2a: Heatran|89/100|[from] item: Leftovers
|upkeep
|turn|16
|
|t:|1757837240
|-end|p1a: Iron Jugulis|Quark Drive|[silent]
|switch|p1a: Raging Bolt|Raging Bolt|100/100
|move|p2a: Heatran|Stealth Rock|p1a: Raging Bolt
|-sidestart|p1: xw haha|move: Stealth Rock
|
|-heal|p2a: Heatran|96/100|[from] item: Leftovers
|upkeep
|turn|17
|
|t:|1757837250
|move|p1a: Raging Bolt|Volt Switch|p2a: Heatran
|-damage|p2a: Heatran|55/100
|
|t:|1757837259
|-end|p1a: Raging Bolt|Protosynthesis|[silent]
|switch|p1a: Iron Jugulis|Iron Jugulis|100/100|[from] Volt Switch
|-damage|p1a: Iron Jugulis|76/100|[from] Stealth Rock
|move|p2a: Heatran|Magma Storm|p1a: Iron Jugulis|[miss]
|-miss|p2a: Heatran|p1a: Iron Jugulis
|
|-heal|p2a: Heatran|61/100|[from] item: Leftovers
|upkeep
|turn|18
|
|t:|1757837269
|switch|p2a: Weavile|Weavile, F, tera:Ghost|7/100
|-ability|p2a: Weavile|Pressure
|move|p1a: Iron Jugulis|Dark Pulse|p2a: Weavile
|-supereffective|p2a: Weavile
|-damage|p2a: Weavile|0 fnt
|faint|p2a: Weavile
|
|upkeep
|
|t:|1757837275
|switch|p2a: Darkrai|Darkrai|100/100
|turn|19
|
|t:|1757837281
|move|p1a: Iron Jugulis|Dark Pulse|p2a: Darkrai
|-resisted|p2a: Darkrai
|-damage|p2a: Darkrai|75/100
|move|p2a: Darkrai|Ice Beam|p1a: Iron Jugulis
|-supereffective|p1a: Iron Jugulis
|-damage|p1a: Iron Jugulis|0 fnt
|faint|p1a: Iron Jugulis
|-end|p1a: Iron Jugulis|Quark Drive|[silent]
|
|upkeep
|
|t:|1757837299
|switch|p1a: Cinderace|Cinderace, M|100/100
|-damage|p1a: Cinderace|76/100|[from] Stealth Rock
|turn|20
|
|t:|1757837309
|switch|p2a: Heatran|Heatran, M|61/100
|move|p1a: Cinderace|Low Kick|p2a: Heatran
|-start|p1a: Cinderace|typechange|Fighting|[from] ability: Libero
|-supereffective|p2a: Heatran
|-damage|p2a: Heatran|0 fnt
|faint|p2a: Heatran
|
|upkeep
|
|t:|1757837314
|switch|p2a: Great Tusk|Great Tusk|84/100
|turn|21
|
|t:|1757837321
|switch|p1a: Corviknight|Corviknight, M|93/100
|-damage|p1a: Corviknight|81/100|[from] Stealth Rock
|move|p2a: Great Tusk|Rapid Spin|p1a: Corviknight
|-resisted|p1a: Corviknight
|-damage|p1a: Corviknight|75/100
|-boost|p2a: Great Tusk|spe|1
|
|upkeep
|turn|22
|
|t:|1757837331
|move|p2a: Great Tusk|Ice Spinner|p1a: Corviknight
|-damage|p1a: Corviknight|59/100
|move|p1a: Corviknight|Defog|p2a: Great Tusk
|-unboost|p2a: Great Tusk|evasion|1
|-sideend|p1: xw haha|Stealth Rock|[from] move: Defog|[of] p1a: Corviknight
|
|upkeep
|turn|23
|
|t:|1757837349
|-end|p2a: Great Tusk|Protosynthesis|[silent]
|switch|p2a: Darkrai|Darkrai|75/100
|move|p1a: Corviknight|Brave Bird|p2a: Darkrai
|-damage|p2a: Darkrai|29/100
|-damage|p1a: Corviknight|48/100|[from] Recoil
|
|upkeep
|turn|24
|
|t:|1757837358
|move|p2a: Darkrai|Focus Blast|p1a: Corviknight|[miss]
|-miss|p2a: Darkrai|p1a: Corviknight
|move|p1a: Corviknight|Brave Bird|p2a: Darkrai
|-damage|p2a: Darkrai|0 fnt
|faint|p2a: Darkrai
|-damage|p1a: Corviknight|41/100|[from] Recoil
|
|upkeep
|-message|tscher forfeited.
|
|win|xw haha
|raw|xw haha's rating: 1247 &rarr; <strong>1274</strong><br />(+27 for winning)
|raw|tscher's rating: 1271 &rarr; <strong>1244</strong><br />(-27 for losing)
|l|☆tscher
|player|p2|
|l|☆xw haha
|player|p1|
