|j|☆lzc123456
|j|☆hawker_mk5
|t:|1757849461
|gametype|singles
|player|p1|lzc123456|cynthia-gen4|1556
|player|p2|hawker_mk5|volkner|1515
|gen|9
|tier|[Gen 9] OU
|rated|
|rule|HP Percentage Mod: HP is shown in percentages
|rule|Endless Battle Clause: Forcing endless battles is banned
|rule|Species Clause: Limit one of each Pokémon
|rule|OHKO Clause: OHKO moves are banned
|rule|Evasion Items Clause: Evasion items are banned
|rule|Evasion Moves Clause: Evasion moves are banned
|rule|Evasion Abilities Clause: Evasion abilities are banned
|rule|Sleep Moves Clause: Sleep-inducing moves are banned
|clearpoke
|poke|p1|Alomomola, F|
|poke|p1|Serperior, F|
|poke|p1|Garchomp, M|
|poke|p1|Iron Treads|
|poke|p1|Pelipper, M|
|poke|p1|Zamazenta-*|
|poke|p2|Scizor, M|
|poke|p2|Great Tusk|
|poke|p2|Primarina, M|
|poke|p2|Kyurem|
|poke|p2|Zapdos|
|poke|p2|Gengar, M|
|teampreview
|inactive|Battle timer is ON: inactive players will automatically lose when time's up. (requested by hawker_mk5)
|
|t:|1757849477
|teamsize|p1|6
|teamsize|p2|6
|start
|switch|p1a: 蛇姐|Serperior, F, shiny|100/100
|switch|p2a: Scizor|Scizor, M|100/100
|turn|1
|
|t:|1757849483
|switch|p1a: 减10大王|Garchomp, M, shiny|100/100
|move|p2a: Scizor|Knock Off|p1a: 减10大王
|-damage|p1a: 减10大王|65/100
|-damage|p2a: Scizor|88/100|[from] ability: Rough Skin|[of] p1a: 减10大王
|-damage|p2a: Scizor|72/100|[from] item: Rocky Helmet|[of] p1a: 减10大王
|-enditem|p1a: 减10大王|Rocky Helmet|[from] move: Knock Off|[of] p2a: Scizor
|
|upkeep
|turn|2
|
|t:|1757849493
|switch|p2a: Great Tusk|Great Tusk|100/100
|move|p1a: 减10大王|Stealth Rock|p2a: Great Tusk
|-sidestart|p2: hawker_mk5|move: Stealth Rock
|
|upkeep
|turn|3
|
|t:|1757849498
|-terastallize|p1a: 减10大王|Ghost
|move|p2a: Great Tusk|Rapid Spin|p1a: 减10大王
|-immune|p1a: 减10大王
|move|p1a: 减10大王|Earthquake|p2a: Great Tusk
|-damage|p2a: Great Tusk|67/100
|
|-heal|p2a: Great Tusk|73/100|[from] item: Leftovers
|upkeep
|turn|4
|
|t:|1757849502
|move|p2a: Great Tusk|Stealth Rock|p1a: 减10大王
|-sidestart|p1: lzc123456|move: Stealth Rock
|move|p1a: 减10大王|Earthquake|p2a: Great Tusk
|-damage|p2a: Great Tusk|40/100
|
|-heal|p2a: Great Tusk|46/100|[from] item: Leftovers
|upkeep
|turn|5
|
|t:|1757849508
|-end|p2a: Great Tusk|Protosynthesis|[silent]
|switch|p2a: Zapdos|Zapdos|100/100
|move|p1a: 减10大王|Spikes|p2a: Zapdos
|-sidestart|p2: hawker_mk5|Spikes
|
|upkeep
|turn|6
|
|t:|1757849511
|switch|p1a: 小铁|Iron Treads|100/100
|-damage|p1a: 小铁|98/100|[from] Stealth Rock
|move|p2a: Zapdos|Hurricane|p1a: 小铁
|-resisted|p1a: 小铁
|-damage|p1a: 小铁|81/100
|
|upkeep
|turn|7
|
|t:|1757849520
|switch|p2a: Gengar|Gengar, M|100/100
|-damage|p2a: Gengar|88/100|[from] Stealth Rock
|-damage|p2a: Gengar|76/100|[from] Spikes
|move|p1a: 小铁|Knock Off|p2a: Gengar
|-supereffective|p2a: Gengar
|-damage|p2a: Gengar|0 fnt
|-enditem|p2a: Gengar|Choice Scarf|[from] move: Knock Off|[of] p1a: 小铁
|faint|p2a: Gengar
|
|upkeep
|
|t:|1757849525
|switch|p2a: Great Tusk|Great Tusk|46/100
|-damage|p2a: Great Tusk|43/100|[from] Stealth Rock
|-damage|p2a: Great Tusk|31/100|[from] Spikes
|turn|8
|
|t:|1757849528
|-end|p1a: 小铁|Quark Drive|[silent]
|switch|p1a: 减10大王|Garchomp, M, shiny, tera:Ghost|65/100
|-damage|p1a: 减10大王|52/100|[from] Stealth Rock
|move|p2a: Great Tusk|Headlong Rush|p1a: 减10大王
|-damage|p1a: 减10大王|14/100
|-unboost|p2a: Great Tusk|def|1
|-unboost|p2a: Great Tusk|spd|1
|-damage|p2a: Great Tusk|18/100|[from] ability: Rough Skin|[of] p1a: 减10大王
|
|-heal|p2a: Great Tusk|24/100|[from] item: Leftovers
|upkeep
|turn|9
|
|t:|1757849539
|move|p2a: Great Tusk|Headlong Rush|p1a: 减10大王
|-crit|p1a: 减10大王
|-damage|p1a: 减10大王|0 fnt
|-unboost|p2a: Great Tusk|def|1
|-unboost|p2a: Great Tusk|spd|1
|-damage|p2a: Great Tusk|12/100|[from] ability: Rough Skin|[of] p1a: 减10大王
|faint|p1a: 减10大王
|
|-heal|p2a: Great Tusk|18/100|[from] item: Leftovers
|upkeep
|
|t:|1757849548
|switch|p1a: 蛇姐|Serperior, F, shiny|100/100
|-damage|p1a: 蛇姐|88/100|[from] Stealth Rock
|turn|10
|
|t:|1757849553
|-end|p2a: Great Tusk|Protosynthesis|[silent]
|switch|p2a: Zapdos|Zapdos|100/100
|move|p1a: 蛇姐|Leaf Storm|p2a: Zapdos|[miss]
|-miss|p1a: 蛇姐|p2a: Zapdos
|
|-heal|p1a: 蛇姐|94/100|[from] item: Leftovers
|upkeep
|turn|11
|
|t:|1757849563
|move|p1a: 蛇姐|Substitute|p1a: 蛇姐
|-start|p1a: 蛇姐|Substitute
|-damage|p1a: 蛇姐|69/100
|move|p2a: Zapdos|Hurricane|p1a: 蛇姐|[miss]
|-miss|p2a: Zapdos|p1a: 蛇姐
|
|-heal|p1a: 蛇姐|76/100|[from] item: Leftovers
|upkeep
|turn|12
|
|t:|1757849568
|move|p1a: 蛇姐|Leech Seed|p2a: Zapdos|[miss]
|-miss|p1a: 蛇姐|p2a: Zapdos
|move|p2a: Zapdos|Discharge|p1a: 蛇姐
|-resisted|p1a: 蛇姐
|-end|p1a: 蛇姐|Substitute
|
|-heal|p1a: 蛇姐|82/100|[from] item: Leftovers
|upkeep
|turn|13
|
|t:|1757849581
|move|p1a: 蛇姐|Substitute|p1a: 蛇姐
|-start|p1a: 蛇姐|Substitute
|-damage|p1a: 蛇姐|57/100
|move|p2a: Zapdos|Discharge|p1a: 蛇姐
|-resisted|p1a: 蛇姐
|-activate|p1a: 蛇姐|move: Substitute|[damage]
|
|-heal|p1a: 蛇姐|63/100|[from] item: Leftovers
|upkeep
|turn|14
|
|t:|1757849586
|move|p1a: 蛇姐|Leech Seed|p2a: Zapdos
|-start|p2a: Zapdos|move: Leech Seed
|move|p2a: Zapdos|Volt Switch|p1a: 蛇姐
|-resisted|p1a: 蛇姐
|-end|p1a: 蛇姐|Substitute
|
|t:|1757849591
|switch|p2a: Scizor|Scizor, M|72/100|[from] Volt Switch
|-damage|p2a: Scizor|59/100|[from] Stealth Rock
|-damage|p2a: Scizor|47/100|[from] Spikes
|
|-heal|p1a: 蛇姐|69/100|[from] item: Leftovers
|upkeep
|turn|15
|
|t:|1757849601
|switch|p1a: 小铁|Iron Treads|81/100
|-damage|p1a: 小铁|78/100|[from] Stealth Rock
|move|p2a: Scizor|Dual Wingbeat|p1a: 小铁
|-resisted|p1a: 小铁
|-damage|p1a: 小铁|65/100
|-resisted|p1a: 小铁
|-damage|p1a: 小铁|52/100
|-hitcount|p1a: 小铁|2
|
|upkeep
|turn|16
|
|t:|1757849613
|switch|p2a: Zapdos|Zapdos|100/100
|move|p1a: 小铁|Rapid Spin|p2a: Zapdos
|-damage|p2a: Zapdos|87/100
|-boost|p1a: 小铁|spe|1
|-status|p1a: 小铁|par|[from] ability: Static|[of] p2a: Zapdos
|-sideend|p1: lzc123456|Stealth Rock|[from] move: Rapid Spin|[of] p1a: 小铁
|
|upkeep
|turn|17
|
|t:|1757849619
|move|p2a: Zapdos|Hurricane|p1a: 小铁
|-resisted|p1a: 小铁
|-damage|p1a: 小铁|34/100 par
|-start|p1a: 小铁|confusion
|-activate|p1a: 小铁|confusion
|move|p1a: 小铁|Knock Off|p2a: Zapdos
|-damage|p2a: Zapdos|64/100
|-enditem|p2a: Zapdos|Heavy-Duty Boots|[from] move: Knock Off|[of] p1a: 小铁
|
|upkeep
|turn|18
|
|t:|1757849627
|-end|p1a: 小铁|Quark Drive|[silent]
|switch|p1a: 脏活累活|Alomomola, F|100/100
|move|p2a: Zapdos|Roost|p2a: Zapdos
|-heal|p2a: Zapdos|100/100
|-singleturn|p2a: Zapdos|move: Roost
|
|upkeep
|turn|19
|
|t:|1757849634
|switch|p2a: Kyurem|Kyurem|100/100
|-damage|p2a: Kyurem|76/100|[from] Stealth Rock
|-damage|p2a: Kyurem|63/100|[from] Spikes
|-ability|p2a: Kyurem|Pressure
|move|p1a: 脏活累活|Flip Turn|p2a: Kyurem
|-resisted|p2a: Kyurem
|-damage|p2a: Kyurem|56/100
|
|t:|1757849639
|switch|p1a: 盾盾小狗|Zamazenta|100/100|[from] Flip Turn
|-ability|p1a: 盾盾小狗|Dauntless Shield|boost
|-boost|p1a: 盾盾小狗|def|1
|
|upkeep
|turn|20
|
|t:|1757849644
|switch|p2a: Zapdos|Zapdos|100/100
|-damage|p2a: Zapdos|76/100|[from] Stealth Rock
|move|p1a: 盾盾小狗|Stone Edge|p2a: Zapdos
|-supereffective|p2a: Zapdos
|-crit|p2a: Zapdos
|-damage|p2a: Zapdos|0 fnt
|faint|p2a: Zapdos
|
|upkeep
|
|t:|1757849648
|switch|p2a: Primarina|Primarina, M|100/100
|-damage|p2a: Primarina|88/100|[from] Stealth Rock
|-damage|p2a: Primarina|76/100|[from] Spikes
|turn|21
|
|t:|1757849652
|switch|p1a: 脏活累活|Alomomola, F|100/100
|move|p2a: Primarina|Moonblast|p1a: 脏活累活
|-damage|p1a: 脏活累活|72/100
|
|upkeep
|turn|22
|
|t:|1757849656
|move|p2a: Primarina|Psychic Noise|p1a: 脏活累活
|-damage|p1a: 脏活累活|57/100
|-start|p1a: 脏活累活|move: Heal Block
|move|p1a: 脏活累活|Mirror Coat|p2a: Primarina
|-damage|p2a: Primarina|31/100
|
|upkeep
|turn|23
|
|t:|1757849663
|move|p2a: Primarina|Flip Turn|p1a: 脏活累活
|-resisted|p1a: 脏活累活
|-damage|p1a: 脏活累活|49/100
|
|t:|1757849669
|switch|p2a: Scizor|Scizor, M|47/100|[from] Flip Turn
|-damage|p2a: Scizor|35/100|[from] Stealth Rock
|-damage|p2a: Scizor|23/100|[from] Spikes
|move|p1a: 脏活累活|Flip Turn|p2a: Scizor
|-damage|p2a: Scizor|6/100
|
|t:|1757849675
|switch|p1a: 小铁|Iron Treads|34/100 par|[from] Flip Turn
|
|upkeep
|turn|24
|
|t:|1757849690
|move|p2a: Scizor|Knock Off|p1a: 小铁
|-damage|p1a: 小铁|0 fnt
|-enditem|p1a: 小铁|Assault Vest|[from] move: Knock Off|[of] p2a: Scizor
|faint|p1a: 小铁
|-end|p1a: 小铁|Quark Drive|[silent]
|
|upkeep
|
|t:|1757849698
|switch|p1a: 脏活累活|Alomomola, F|82/100
|turn|25
|
|t:|1757849702
|move|p2a: Scizor|Knock Off|p1a: 脏活累活
|-damage|p1a: 脏活累活|46/100
|-enditem|p1a: 脏活累活|Assault Vest|[from] move: Knock Off|[of] p2a: Scizor
|move|p1a: 脏活累活|Flip Turn|p2a: Scizor
|-damage|p2a: Scizor|0 fnt
|faint|p2a: Scizor
|
|t:|1757849713
|switch|p1a: 蛇姐|Serperior, F, shiny|69/100|[from] Flip Turn
|
|-heal|p1a: 蛇姐|76/100|[from] item: Leftovers
|upkeep
|
|t:|1757849718
|switch|p2a: Kyurem|Kyurem|56/100
|-damage|p2a: Kyurem|31/100|[from] Stealth Rock
|-damage|p2a: Kyurem|19/100|[from] Spikes
|-ability|p2a: Kyurem|Pressure
|turn|26
|
|t:|1757849723
|move|p1a: 蛇姐|Glare|p2a: Kyurem
|-status|p2a: Kyurem|par
|move|p2a: Kyurem|Scale Shot|p1a: 蛇姐
|-damage|p1a: 蛇姐|59/100
|-damage|p1a: 蛇姐|42/100
|-damage|p1a: 蛇姐|25/100
|-damage|p1a: 蛇姐|9/100
|-damage|p1a: 蛇姐|0 fnt
|faint|p1a: 蛇姐
|-hitcount|p1: 蛇姐|5
|-unboost|p2a: Kyurem|def|1
|-boost|p2a: Kyurem|spe|1
|
|upkeep
|
|t:|1757849732
|switch|p1a: 盾盾小狗|Zamazenta|100/100
|turn|27
|
|t:|1757849742
|move|p1a: 盾盾小狗|Close Combat|p2a: Kyurem
|-supereffective|p2a: Kyurem
|-damage|p2a: Kyurem|0 fnt
|-unboost|p1a: 盾盾小狗|def|1
|-unboost|p1a: 盾盾小狗|spd|1
|faint|p2a: Kyurem
|
|upkeep
|
|t:|1757849757
|switch|p2a: Primarina|Primarina, M|31/100
|-damage|p2a: Primarina|18/100|[from] Stealth Rock
|-damage|p2a: Primarina|6/100|[from] Spikes
|turn|28
|
|t:|1757849760
|move|p1a: 盾盾小狗|Close Combat|p2a: Primarina
|-resisted|p2a: Primarina
|-damage|p2a: Primarina|0 fnt
|-unboost|p1a: 盾盾小狗|def|1
|-unboost|p1a: 盾盾小狗|spd|1
|faint|p2a: Primarina
|
|upkeep
|-message|hawker_mk5 forfeited.
|
|win|lzc123456
|raw|lzc123456's rating: 1556 &rarr; <strong>1574</strong><br />(+18 for winning)
|raw|hawker_mk5's rating: 1515 &rarr; <strong>1497</strong><br />(-18 for losing)
|l|☆hawker_mk5
|player|p2|
|l|☆lzc123456
|player|p1|
