|html|<div class="broadcast-blue"><strong>[Gen 9] OU is currently suspecting Volcarona! For information on how to participate check out the <a href="https://www.smogon.com/tools/suspects/view/208">suspect thread</a>.</strong></div>
|j|☆isaac_gam3r
|j|☆ragingsquirtle420
|t:|1778510718
|gametype|singles
|player|p1|isaac_gam3r|acetrainer-gen4dp|1644
|player|p2|ragingsquirtle420|pokemonbreederf-gen4|1664
|gen|9
|tier|[Gen 9] OU
|rated|
|rule|HP Percentage Mod: HP is shown in percentages
|rule|Endless Battle Clause: Forcing endless battles is banned
|rule|Species Clause: Limit one of each Pokémon
|rule|OHKO Clause: OHKO moves are banned
|rule|Evasion Items Clause: Evasion items are banned
|rule|Evasion Moves Clause: Evasion moves are banned
|rule|Evasion Abilities Clause: Evasion abilities are banned
|rule|Sleep Moves Clause: Sleep-inducing moves are banned
|clearpoke
|poke|p1|Primarina, F|
|poke|p1|Raging Bolt|
|poke|p1|Heatran, M|
|poke|p1|Weezing-Galar, M|
|poke|p1|Garchomp, M|
|poke|p1|Weavile, M|
|poke|p2|Kyurem|
|poke|p2|Rillaboom, M|
|poke|p2|Garganacl, F|
|poke|p2|Pecharunt|
|poke|p2|Iron Treads|
|poke|p2|Zamazenta-*|
|teampreview
|inactive|Battle timer is ON: inactive players will automatically lose when time's up. (requested by isaac_gam3r)
|j| bgnfvuy6r6ytfg
|
|t:|1778510734
|teamsize|p1|6
|teamsize|p2|6
|start
|switch|p1a: Primarina|Primarina, F, shiny|100/100
|switch|p2a: Kyurem|Kyurem|100/100
|-ability|p2a: Kyurem|Pressure
|turn|1
|
|t:|1778510744
|switch|p2a: Iron Treads|Iron Treads|100/100
|move|p1a: Primarina|Draining Kiss|p2a: Iron Treads
|-resisted|p2a: Iron Treads
|-damage|p2a: Iron Treads|87/100
|
|upkeep
|turn|2
|
|t:|1778510747
|move|p2a: Iron Treads|Knock Off|p1a: Primarina
|-resisted|p1a: Primarina
|-damage|p1a: Primarina|83/100
|-enditem|p1a: Primarina|Leftovers|[from] move: Knock Off|[of] p2a: Iron Treads
|move|p1a: Primarina|Sparkling Aria|p2a: Iron Treads
|-supereffective|p2a: Iron Treads
|-damage|p2a: Iron Treads|0 fnt
|faint|p2a: Iron Treads
|-end|p2a: Iron Treads|Quark Drive|[silent]
|
|upkeep
|
|t:|1778510751
|switch|p2a: Rillaboom|Rillaboom, M|100/100
|-fieldstart|move: Grassy Terrain|[from] ability: Grassy Surge|[of] p2a: Rillaboom
|turn|3
|
|t:|1778510752
|move|p1a: Primarina|Protect|p1a: Primarina
|-singleturn|p1a: Primarina|Protect
|move|p2a: Rillaboom|U-turn|p1a: Primarina
|-activate|p1a: Primarina|move: Protect
|
|-heal|p1a: Primarina|89/100|[from] Grassy Terrain
|upkeep
|turn|4
|
|t:|1778510755
|move|p2a: Rillaboom|U-turn|p1a: Primarina
|-resisted|p1a: Primarina
|-damage|p1a: Primarina|66/100
|
|t:|1778510761
|switch|p2a: Garganacl|Garganacl, F|100/100|[from] U-turn
|move|p1a: Primarina|Calm Mind|p1a: Primarina
|-boost|p1a: Primarina|spa|1
|-boost|p1a: Primarina|spd|1
|
|-heal|p1a: Primarina|72/100|[from] Grassy Terrain
|upkeep
|turn|5
|
|t:|1778510764
|-terastallize|p2a: Garganacl|Water
|move|p1a: Primarina|Calm Mind|p1a: Primarina
|-boost|p1a: Primarina|spa|1
|-boost|p1a: Primarina|spd|1
|move|p2a: Garganacl|Stealth Rock|p1a: Primarina
|-sidestart|p1: isaac_gam3r|move: Stealth Rock
|
|-heal|p1a: Primarina|78/100|[from] Grassy Terrain
|upkeep
|turn|6
|
|t:|1778510766
|move|p1a: Primarina|Draining Kiss|p2a: Garganacl
|-damage|p2a: Garganacl|61/100
|-heal|p1a: Primarina|100/100|[from] drain|[of] p2a: Garganacl
|move|p2a: Garganacl|Salt Cure|p1a: Primarina
|-damage|p1a: Primarina|84/100
|-start|p1a: Primarina|Salt Cure
|
|-heal|p1a: Primarina|90/100|[from] Grassy Terrain
|-heal|p2a: Garganacl|67/100|[from] Grassy Terrain
|-heal|p2a: Garganacl|74/100|[from] item: Leftovers
|-damage|p1a: Primarina|65/100|[from] Salt Cure
|upkeep
|turn|7
|
|t:|1778510769
|move|p2a: Garganacl|Protect|p2a: Garganacl
|-singleturn|p2a: Garganacl|Protect
|move|p1a: Primarina|Calm Mind|p1a: Primarina
|-boost|p1a: Primarina|spa|1
|-boost|p1a: Primarina|spd|1
|
|-heal|p1a: Primarina|71/100|[from] Grassy Terrain
|-heal|p2a: Garganacl|80/100|[from] Grassy Terrain
|-heal|p2a: Garganacl|86/100|[from] item: Leftovers
|-damage|p1a: Primarina|46/100|[from] Salt Cure
|-fieldend|move: Grassy Terrain
|upkeep
|turn|8
|
|t:|1778510772
|move|p1a: Primarina|Draining Kiss|p2a: Garganacl
|-damage|p2a: Garganacl|34/100
|-heal|p1a: Primarina|89/100|[from] drain|[of] p2a: Garganacl
|move|p2a: Garganacl|Recover|p2a: Garganacl
|-heal|p2a: Garganacl|84/100
|
|-heal|p2a: Garganacl|91/100|[from] item: Leftovers
|-damage|p1a: Primarina|64/100|[from] Salt Cure
|upkeep
|turn|9
|
|t:|1778510775
|move|p2a: Garganacl|Protect|p2a: Garganacl
|-singleturn|p2a: Garganacl|Protect
|move|p1a: Primarina|Draining Kiss|p2a: Garganacl
|-activate|p2a: Garganacl|move: Protect
|
|-heal|p2a: Garganacl|97/100|[from] item: Leftovers
|-damage|p1a: Primarina|39/100|[from] Salt Cure
|upkeep
|turn|10
|
|t:|1778510778
|switch|p2a: Pecharunt|Pecharunt|100/100
|move|p1a: Primarina|Draining Kiss|p2a: Pecharunt
|-resisted|p2a: Pecharunt
|-damage|p2a: Pecharunt|66/100
|-heal|p1a: Primarina|66/100|[from] drain|[of] p2a: Pecharunt
|
|-damage|p1a: Primarina|41/100|[from] Salt Cure
|upkeep
|turn|11
|
|t:|1778510780
|move|p2a: Pecharunt|Parting Shot|p1a: Primarina
|-unboost|p1a: Primarina|atk|1
|-unboost|p1a: Primarina|spa|1
|
|t:|1778510781
|switch|p2a: Garganacl|Garganacl, F, tera:Water|97/100|[from] Parting Shot
|move|p1a: Primarina|Sparkling Aria|p2a: Garganacl
|-resisted|p2a: Garganacl
|-damage|p2a: Garganacl|65/100
|
|-heal|p2a: Garganacl|71/100|[from] item: Leftovers
|-damage|p1a: Primarina|16/100|[from] Salt Cure
|upkeep
|turn|12
|
|t:|1778510784
|move|p2a: Garganacl|Protect|p2a: Garganacl
|-singleturn|p2a: Garganacl|Protect
|move|p1a: Primarina|Calm Mind|p1a: Primarina
|-boost|p1a: Primarina|spa|1
|-boost|p1a: Primarina|spd|1
|
|-heal|p2a: Garganacl|77/100|[from] item: Leftovers
|-damage|p1a: Primarina|0 fnt|[from] Salt Cure
|faint|p1a: Primarina
|upkeep
|
|t:|1778510785
|switch|p1a: Raging Bolt|Raging Bolt|100/100
|-damage|p1a: Raging Bolt|88/100|[from] Stealth Rock
|turn|13
|
|t:|1778510790
|switch|p2a: Pecharunt|Pecharunt|66/100
|move|p1a: Raging Bolt|Thunderbolt|p2a: Pecharunt
|-damage|p2a: Pecharunt|13/100
|
|-heal|p1a: Raging Bolt|94/100|[from] item: Leftovers
|upkeep
|turn|14
|
|t:|1778510795
|-end|p1a: Raging Bolt|Protosynthesis|[silent]
|switch|p1a: Heatran|Heatran, M|100/100
|-damage|p1a: Heatran|88/100|[from] Stealth Rock
|move|p2a: Pecharunt|Malignant Chain|p1a: Heatran
|-immune|p1a: Heatran
|
|upkeep
|turn|15
|
|t:|1778510797
|move|p2a: Pecharunt|Parting Shot|p1a: Heatran
|-unboost|p1a: Heatran|atk|1
|-unboost|p1a: Heatran|spa|1
|
|t:|1778510798
|switch|p2a: Garganacl|Garganacl, F, tera:Water|77/100|[from] Parting Shot
|move|p1a: Heatran|Lava Plume|p2a: Garganacl
|-resisted|p2a: Garganacl
|-damage|p2a: Garganacl|68/100
|
|-heal|p2a: Garganacl|75/100|[from] item: Leftovers
|upkeep
|turn|16
|
|t:|1778510800
|switch|p1a: Weezing|Weezing-Galar, M, shiny|100/100
|-damage|p1a: Weezing|88/100|[from] Stealth Rock
|move|p2a: Garganacl|Salt Cure|p1a: Weezing
|-damage|p1a: Weezing|79/100
|-start|p1a: Weezing|Salt Cure
|
|-heal|p1a: Weezing|85/100|[from] item: Black Sludge
|-heal|p2a: Garganacl|81/100|[from] item: Leftovers
|-damage|p1a: Weezing|73/100|[from] Salt Cure
|upkeep
|turn|17
|
|t:|1778510805
|move|p2a: Garganacl|Protect|p2a: Garganacl
|-singleturn|p2a: Garganacl|Protect
|move|p1a: Weezing|Defog|p2a: Garganacl
|-activate|p2a: Garganacl|move: Protect
|
|-heal|p1a: Weezing|79/100|[from] item: Black Sludge
|-heal|p2a: Garganacl|87/100|[from] item: Leftovers
|-damage|p1a: Weezing|67/100|[from] Salt Cure
|upkeep
|turn|18
|
|t:|1778510808
|switch|p2a: Pecharunt|Pecharunt|13/100
|move|p1a: Weezing|Defog|p2a: Pecharunt
|-unboost|p2a: Pecharunt|evasion|1
|-sideend|p1: isaac_gam3r|Stealth Rock|[from] move: Defog|[of] p1a: Weezing
|
|-heal|p1a: Weezing|73/100|[from] item: Black Sludge
|-damage|p1a: Weezing|60/100|[from] Salt Cure
|upkeep
|turn|19
|
|t:|1778510811
|switch|p1a: Raging Bolt|Raging Bolt|94/100
|move|p2a: Pecharunt|Recover|p2a: Pecharunt
|-heal|p2a: Pecharunt|63/100
|
|-heal|p1a: Raging Bolt|100/100|[from] item: Leftovers
|upkeep
|turn|20
|
|t:|1778510813
|-end|p1a: Raging Bolt|Protosynthesis|[silent]
|switch|p1a: Heatran|Heatran, M|88/100
|move|p2a: Pecharunt|Malignant Chain|p1a: Heatran
|-immune|p1a: Heatran
|
|upkeep
|turn|21
|
|t:|1778510815
|move|p2a: Pecharunt|Parting Shot|p1a: Heatran
|-unboost|p1a: Heatran|atk|1
|-unboost|p1a: Heatran|spa|1
|
|t:|1778510817
|switch|p2a: Garganacl|Garganacl, F, tera:Water|87/100|[from] Parting Shot
|move|p1a: Heatran|Lava Plume|p2a: Garganacl
|-resisted|p2a: Garganacl
|-damage|p2a: Garganacl|78/100
|
|-heal|p2a: Garganacl|84/100|[from] item: Leftovers
|upkeep
|turn|22
|
|t:|1778510819
|switch|p1a: Weezing|Weezing-Galar, M, shiny|60/100
|move|p2a: Garganacl|Stealth Rock|p1a: Weezing
|-sidestart|p1: isaac_gam3r|move: Stealth Rock
|
|-heal|p1a: Weezing|66/100|[from] item: Black Sludge
|-heal|p2a: Garganacl|90/100|[from] item: Leftovers
|upkeep
|turn|23
|
|t:|1778510821
|move|p1a: Weezing|Defog|p2a: Garganacl
|-unboost|p2a: Garganacl|evasion|1
|-sideend|p1: isaac_gam3r|Stealth Rock|[from] move: Defog|[of] p1a: Weezing
|move|p2a: Garganacl|Salt Cure|p1a: Weezing
|-damage|p1a: Weezing|57/100
|-start|p1a: Weezing|Salt Cure
|
|-heal|p1a: Weezing|63/100|[from] item: Black Sludge
|-heal|p2a: Garganacl|97/100|[from] item: Leftovers
|-damage|p1a: Weezing|51/100|[from] Salt Cure
|upkeep
|turn|24
|
|t:|1778510823
|move|p1a: Weezing|Pain Split|p2a: Garganacl
|-sethp|p2a: Garganacl|69/100|[from] move: Pain Split|[silent]
|-sethp|p1a: Weezing|84/100|[from] move: Pain Split
|move|p2a: Garganacl|Stealth Rock|p1a: Weezing
|-sidestart|p1: isaac_gam3r|move: Stealth Rock
|
|-heal|p1a: Weezing|90/100|[from] item: Black Sludge
|-heal|p2a: Garganacl|75/100|[from] item: Leftovers
|-damage|p1a: Weezing|77/100|[from] Salt Cure
|upkeep
|turn|25
|
|t:|1778510825
|move|p2a: Garganacl|Protect|p2a: Garganacl
|-singleturn|p2a: Garganacl|Protect
|move|p1a: Weezing|Defog|p2a: Garganacl
|-activate|p2a: Garganacl|move: Protect
|
|-heal|p1a: Weezing|83/100|[from] item: Black Sludge
|-heal|p2a: Garganacl|82/100|[from] item: Leftovers
|-damage|p1a: Weezing|71/100|[from] Salt Cure
|upkeep
|turn|26
|
|t:|1778510827
|switch|p2a: Kyurem|Kyurem|100/100
|-ability|p2a: Kyurem|Pressure
|move|p1a: Weezing|Defog|p2a: Kyurem
|-unboost|p2a: Kyurem|evasion|1
|-sideend|p1: isaac_gam3r|Stealth Rock|[from] move: Defog|[of] p1a: Weezing
|
|-heal|p1a: Weezing|77/100|[from] item: Black Sludge
|-damage|p1a: Weezing|65/100|[from] Salt Cure
|upkeep
|turn|27
|
|t:|1778510829
|switch|p1a: Weavile|Weavile, M|100/100
|-ability|p1a: Weavile|Pressure
|move|p2a: Kyurem|Substitute|p2a: Kyurem
|-start|p2a: Kyurem|Substitute
|-damage|p2a: Kyurem|76/100
|
|-heal|p2a: Kyurem|82/100|[from] item: Leftovers
|upkeep
|turn|28
|
|t:|1778510831
|move|p2a: Kyurem|Protect|p2a: Kyurem
|-singleturn|p2a: Kyurem|Protect
|move|p1a: Weavile|Knock Off|p2a: Kyurem
|-activate|p2a: Kyurem|move: Protect
|
|-heal|p2a: Kyurem|88/100|[from] item: Leftovers
|upkeep
|turn|29
|
|t:|1778510833
|move|p1a: Weavile|Knock Off|p2a: Kyurem
|-end|p2a: Kyurem|Substitute
|move|p2a: Kyurem|Earth Power|p1a: Weavile
|-damage|p1a: Weavile|60/100
|
|-heal|p2a: Kyurem|94/100|[from] item: Leftovers
|upkeep
|turn|30
|
|t:|1778510838
|move|p2a: Kyurem|Protect|p2a: Kyurem
|-singleturn|p2a: Kyurem|Protect
|move|p1a: Weavile|Knock Off|p2a: Kyurem
|-activate|p2a: Kyurem|move: Protect
|
|-heal|p2a: Kyurem|99/100|[from] item: Leftovers
|upkeep
|turn|31
|
|t:|1778510841
|switch|p2a: Zamazenta|Zamazenta|100/100
|-ability|p2a: Zamazenta|Dauntless Shield|boost
|-boost|p2a: Zamazenta|def|1
|move|p1a: Weavile|Knock Off|p2a: Zamazenta
|-resisted|p2a: Zamazenta
|-damage|p2a: Zamazenta|90/100
|-enditem|p2a: Zamazenta|Leftovers|[from] move: Knock Off|[of] p1a: Weavile
|
|upkeep
|turn|32
|
|t:|1778510847
|switch|p2a: Kyurem|Kyurem|99/100
|-ability|p2a: Kyurem|Pressure
|switch|p1a: Raging Bolt|Raging Bolt|100/100
|
|-heal|p2a: Kyurem|100/100|[from] item: Leftovers
|upkeep
|turn|33
|
|t:|1778510850
|-end|p1a: Raging Bolt|Protosynthesis|[silent]
|switch|p1a: Weavile|Weavile, M|60/100
|-ability|p1a: Weavile|Pressure
|move|p2a: Kyurem|Substitute|p2a: Kyurem
|-start|p2a: Kyurem|Substitute
|-damage|p2a: Kyurem|76/100
|
|-heal|p2a: Kyurem|82/100|[from] item: Leftovers
|upkeep
|turn|34
|
|t:|1778510852
|move|p2a: Kyurem|Protect|p2a: Kyurem
|-singleturn|p2a: Kyurem|Protect
|move|p1a: Weavile|Triple Axel|p2a: Kyurem
|-activate|p2a: Kyurem|move: Protect
|
|-heal|p2a: Kyurem|88/100|[from] item: Leftovers
|upkeep
|turn|35
|
|t:|1778510854
|move|p1a: Weavile|Low Kick|p2a: Kyurem
|-supereffective|p2a: Kyurem
|-crit|p2a: Kyurem
|-end|p2a: Kyurem|Substitute
|move|p2a: Kyurem|Earth Power|p1a: Weavile
|-damage|p1a: Weavile|20/100
|
|-heal|p2a: Kyurem|94/100|[from] item: Leftovers
|upkeep
|turn|36
|
|t:|1778510859
|move|p2a: Kyurem|Protect|p2a: Kyurem
|-singleturn|p2a: Kyurem|Protect
|move|p1a: Weavile|Triple Axel|p2a: Kyurem
|-activate|p2a: Kyurem|move: Protect
|
|-heal|p2a: Kyurem|99/100|[from] item: Leftovers
|upkeep
|turn|37
|
|t:|1778510860
|switch|p2a: Zamazenta|Zamazenta|90/100
|move|p1a: Weavile|Knock Off|p2a: Zamazenta
|-resisted|p2a: Zamazenta
|-damage|p2a: Zamazenta|79/100
|
|upkeep
|turn|38
|
|t:|1778510866
|switch|p1a: Raging Bolt|Raging Bolt|100/100
|move|p2a: Zamazenta|Crunch|p1a: Raging Bolt
|-damage|p1a: Raging Bolt|83/100
|
|-heal|p1a: Raging Bolt|89/100|[from] item: Leftovers
|upkeep
|turn|39
|j| NoirShaadow
|
|t:|1778510871
|switch|p2a: Pecharunt|Pecharunt|63/100
|move|p1a: Raging Bolt|Calm Mind|p1a: Raging Bolt
|-boost|p1a: Raging Bolt|spa|1
|-boost|p1a: Raging Bolt|spd|1
|
|-heal|p1a: Raging Bolt|95/100|[from] item: Leftovers
|upkeep
|turn|40
|
|t:|1778510875
|move|p2a: Pecharunt|Malignant Chain|p1a: Raging Bolt
|-damage|p1a: Raging Bolt|77/100
|-status|p1a: Raging Bolt|tox
|-start|p1a: Raging Bolt|confusion|[from] ability: Poison Puppeteer|[of] p2a: Pecharunt
|-activate|p1a: Raging Bolt|confusion
|move|p1a: Raging Bolt|Thunderbolt|p2a: Pecharunt
|-damage|p2a: Pecharunt|0 fnt
|faint|p2a: Pecharunt
|
|-heal|p1a: Raging Bolt|84/100 tox|[from] item: Leftovers
|-damage|p1a: Raging Bolt|77/100 tox|[from] psn
|upkeep
|
|t:|1778510880
|switch|p2a: Kyurem|Kyurem|99/100
|-ability|p2a: Kyurem|Pressure
|turn|41
|
|t:|1778510883
|-end|p1a: Raging Bolt|Protosynthesis|[silent]
|switch|p1a: Heatran|Heatran, M|88/100
|move|p2a: Kyurem|Substitute|p2a: Kyurem
|-start|p2a: Kyurem|Substitute
|-damage|p2a: Kyurem|75/100
|
|-heal|p2a: Kyurem|81/100|[from] item: Leftovers
|upkeep
|turn|42
|
|t:|1778510885
|move|p2a: Kyurem|Freeze-Dry|p1a: Heatran
|-resisted|p1a: Heatran
|-damage|p1a: Heatran|83/100
|move|p1a: Heatran|Flash Cannon|p2a: Kyurem
|-supereffective|p2a: Kyurem
|-end|p2a: Kyurem|Substitute
|
|-heal|p2a: Kyurem|88/100|[from] item: Leftovers
|upkeep
|turn|43
|
|t:|1778510887
|move|p2a: Kyurem|Earth Power|p1a: Heatran
|-supereffective|p1a: Heatran
|-damage|p1a: Heatran|15/100
|move|p1a: Heatran|Flash Cannon|p2a: Kyurem
|-supereffective|p2a: Kyurem
|-damage|p2a: Kyurem|15/100
|
|-heal|p2a: Kyurem|21/100|[from] item: Leftovers
|upkeep
|turn|44
|
|t:|1778510890
|move|p2a: Kyurem|Earth Power|p1a: Heatran
|-supereffective|p1a: Heatran
|-damage|p1a: Heatran|0 fnt
|faint|p1a: Heatran
|
|-heal|p2a: Kyurem|27/100|[from] item: Leftovers
|upkeep
|
|t:|1778510891
|switch|p1a: Weavile|Weavile, M|20/100
|-ability|p1a: Weavile|Pressure
|turn|45
|
|t:|1778510893
|move|p2a: Kyurem|Protect|p2a: Kyurem
|-singleturn|p2a: Kyurem|Protect
|move|p1a: Weavile|Triple Axel|p2a: Kyurem
|-activate|p2a: Kyurem|move: Protect
|
|-heal|p2a: Kyurem|34/100|[from] item: Leftovers
|upkeep
|turn|46
|
|t:|1778510895
|switch|p2a: Zamazenta|Zamazenta|79/100
|move|p1a: Weavile|Triple Axel|p2a: Zamazenta
|-damage|p2a: Zamazenta|72/100
|-crit|p2a: Zamazenta
|-damage|p2a: Zamazenta|50/100
|-damage|p2a: Zamazenta|28/100
|-hitcount|p2a: Zamazenta|3
|
|upkeep
|turn|47
|
|t:|1778510903
|switch|p1a: Weezing|Weezing-Galar, M, shiny|65/100
|move|p2a: Zamazenta|Body Press|p1a: Weezing
|-resisted|p1a: Weezing
|-damage|p1a: Weezing|59/100
|
|-heal|p1a: Weezing|65/100|[from] item: Black Sludge
|upkeep
|turn|48
|
|t:|1778510905
|switch|p2a: Garganacl|Garganacl, F, tera:Water|82/100
|switch|p1a: Raging Bolt|Raging Bolt|77/100 tox
|
|-heal|p1a: Raging Bolt|84/100 tox|[from] item: Leftovers
|-heal|p2a: Garganacl|88/100|[from] item: Leftovers
|-damage|p1a: Raging Bolt|77/100 tox|[from] psn
|upkeep
|turn|49
|
|t:|1778510908
|move|p1a: Raging Bolt|Thunderbolt|p2a: Garganacl
|-supereffective|p2a: Garganacl
|-damage|p2a: Garganacl|9/100
|move|p2a: Garganacl|Salt Cure|p1a: Raging Bolt
|-damage|p1a: Raging Bolt|65/100 tox
|-start|p1a: Raging Bolt|Salt Cure
|
|-heal|p1a: Raging Bolt|72/100 tox|[from] item: Leftovers
|-heal|p2a: Garganacl|15/100|[from] item: Leftovers
|-damage|p1a: Raging Bolt|59/100 tox|[from] psn
|-damage|p1a: Raging Bolt|47/100 tox|[from] Salt Cure
|upkeep
|turn|50
|
|t:|1778510911
|-end|p1a: Raging Bolt|Protosynthesis|[silent]
|switch|p1a: Weavile|Weavile, M|20/100
|-ability|p1a: Weavile|Pressure
|move|p2a: Garganacl|Protect||[still]
|-fail|p2a: Garganacl
|
|-heal|p2a: Garganacl|22/100|[from] item: Leftovers
|upkeep
|turn|51
|
|t:|1778510914
|switch|p2a: Zamazenta|Zamazenta|28/100
|move|p1a: Weavile|Knock Off|p2a: Zamazenta
|-resisted|p2a: Zamazenta
|-damage|p2a: Zamazenta|17/100
|
|upkeep
|turn|52
|
|t:|1778510919
|switch|p2a: Kyurem|Kyurem|34/100
|-ability|p2a: Kyurem|Pressure
|switch|p1a: Weezing|Weezing-Galar, M, shiny|65/100
|
|-heal|p2a: Kyurem|40/100|[from] item: Leftovers
|-heal|p1a: Weezing|71/100|[from] item: Black Sludge
|upkeep
|turn|53
|
|t:|1778510923
|move|p2a: Kyurem|Substitute|p2a: Kyurem
|-start|p2a: Kyurem|Substitute
|-damage|p2a: Kyurem|15/100
|move|p1a: Weezing|Strange Steam|p2a: Kyurem
|-supereffective|p2a: Kyurem
|-end|p2a: Kyurem|Substitute
|
|-heal|p2a: Kyurem|21/100|[from] item: Leftovers
|-heal|p1a: Weezing|77/100|[from] item: Black Sludge
|upkeep
|turn|54
|
|t:|1778510926
|move|p2a: Kyurem|Earth Power|p1a: Weezing
|-immune|p1a: Weezing|[from] ability: Levitate
|move|p1a: Weezing|Strange Steam|p2a: Kyurem
|-supereffective|p2a: Kyurem
|-damage|p2a: Kyurem|0 fnt
|faint|p2a: Kyurem
|
|-heal|p1a: Weezing|83/100|[from] item: Black Sludge
|upkeep
|
|t:|1778510930
|switch|p2a: Garganacl|Garganacl, F, tera:Water|22/100
|turn|55
|
|t:|1778510933
|move|p1a: Weezing|Strange Steam|p2a: Garganacl
|-damage|p2a: Garganacl|1/100
|move|p2a: Garganacl|Recover|p2a: Garganacl
|-heal|p2a: Garganacl|51/100
|
|-heal|p1a: Weezing|89/100|[from] item: Black Sludge
|-heal|p2a: Garganacl|57/100|[from] item: Leftovers
|upkeep
|turn|56
|
|t:|1778510939
|move|p1a: Weezing|Strange Steam|p2a: Garganacl
|-damage|p2a: Garganacl|39/100
|move|p2a: Garganacl|Salt Cure|p1a: Weezing
|-damage|p1a: Weezing|79/100
|-start|p1a: Weezing|Salt Cure
|
|-heal|p1a: Weezing|85/100|[from] item: Black Sludge
|-heal|p2a: Garganacl|45/100|[from] item: Leftovers
|-damage|p1a: Weezing|72/100|[from] Salt Cure
|upkeep
|turn|57
|
|t:|1778510943
|move|p1a: Weezing|Strange Steam|p2a: Garganacl
|-damage|p2a: Garganacl|26/100
|move|p2a: Garganacl|Recover|p2a: Garganacl
|-heal|p2a: Garganacl|76/100
|
|-heal|p1a: Weezing|78/100|[from] item: Black Sludge
|-heal|p2a: Garganacl|82/100|[from] item: Leftovers
|-damage|p1a: Weezing|66/100|[from] Salt Cure
|upkeep
|turn|58
|
|t:|1778510949
|move|p1a: Weezing|Strange Steam|p2a: Garganacl
|-damage|p2a: Garganacl|64/100
|move|p2a: Garganacl|Stealth Rock|p1a: Weezing
|-sidestart|p1: isaac_gam3r|move: Stealth Rock
|
|-heal|p1a: Weezing|72/100|[from] item: Black Sludge
|-heal|p2a: Garganacl|70/100|[from] item: Leftovers
|-damage|p1a: Weezing|60/100|[from] Salt Cure
|upkeep
|turn|59
|
|t:|1778510952
|move|p2a: Garganacl|Protect|p2a: Garganacl
|-singleturn|p2a: Garganacl|Protect
|move|p1a: Weezing|Defog|p2a: Garganacl
|-activate|p2a: Garganacl|move: Protect
|
|-heal|p1a: Weezing|66/100|[from] item: Black Sludge
|-heal|p2a: Garganacl|76/100|[from] item: Leftovers
|-damage|p1a: Weezing|53/100|[from] Salt Cure
|upkeep
|turn|60
|
|t:|1778510958
|switch|p2a: Zamazenta|Zamazenta|17/100
|move|p1a: Weezing|Defog|p2a: Zamazenta
|-unboost|p2a: Zamazenta|evasion|1
|-sideend|p1: isaac_gam3r|Stealth Rock|[from] move: Defog|[of] p1a: Weezing
|
|-heal|p1a: Weezing|59/100|[from] item: Black Sludge
|-damage|p1a: Weezing|47/100|[from] Salt Cure
|upkeep
|turn|61
|
|t:|1778510968
|switch|p2a: Garganacl|Garganacl, F, tera:Water|76/100
|move|p1a: Weezing|Strange Steam|p2a: Garganacl
|-damage|p2a: Garganacl|57/100
|
|-heal|p1a: Weezing|53/100|[from] item: Black Sludge
|-heal|p2a: Garganacl|63/100|[from] item: Leftovers
|-damage|p1a: Weezing|41/100|[from] Salt Cure
|upkeep
|turn|62
|
|t:|1778510972
|move|p1a: Weezing|Pain Split|p2a: Garganacl
|-sethp|p2a: Garganacl|48/100|[from] move: Pain Split|[silent]
|-sethp|p1a: Weezing|58/100|[from] move: Pain Split
|move|p2a: Garganacl|Stealth Rock|p1a: Weezing
|-sidestart|p1: isaac_gam3r|move: Stealth Rock
|
|-heal|p1a: Weezing|64/100|[from] item: Black Sludge
|-heal|p2a: Garganacl|54/100|[from] item: Leftovers
|-damage|p1a: Weezing|52/100|[from] Salt Cure
|upkeep
|turn|63
|
|t:|1778510976
|switch|p1a: Raging Bolt|Raging Bolt|47/100 tox
|-damage|p1a: Raging Bolt|35/100 tox|[from] Stealth Rock
|move|p2a: Garganacl|Salt Cure|p1a: Raging Bolt
|-damage|p1a: Raging Bolt|24/100 tox
|-start|p1a: Raging Bolt|Salt Cure
|
|-heal|p1a: Raging Bolt|30/100 tox|[from] item: Leftovers
|-heal|p2a: Garganacl|61/100|[from] item: Leftovers
|-damage|p1a: Raging Bolt|24/100 tox|[from] psn
|-damage|p1a: Raging Bolt|12/100 tox|[from] Salt Cure
|upkeep
|turn|64
|
|t:|1778510977
|move|p2a: Garganacl|Protect|p2a: Garganacl
|-singleturn|p2a: Garganacl|Protect
|move|p1a: Raging Bolt|Thunderbolt|p2a: Garganacl
|-activate|p2a: Garganacl|move: Protect
|
|-heal|p1a: Raging Bolt|18/100 tox|[from] item: Leftovers
|-heal|p2a: Garganacl|67/100|[from] item: Leftovers
|-damage|p1a: Raging Bolt|5/100 tox|[from] psn
|-damage|p1a: Raging Bolt|0 fnt|[from] Salt Cure
|faint|p1a: Raging Bolt
|-end|p1a: Raging Bolt|Protosynthesis|[silent]
|upkeep
|
|t:|1778510980
|switch|p1a: Weezing|Weezing-Galar, M, shiny|52/100
|-damage|p1a: Weezing|40/100|[from] Stealth Rock
|turn|65
|
|t:|1778510984
|move|p1a: Weezing|Defog|p2a: Garganacl
|-unboost|p2a: Garganacl|evasion|1
|-sideend|p1: isaac_gam3r|Stealth Rock|[from] move: Defog|[of] p1a: Weezing
|move|p2a: Garganacl|Salt Cure|p1a: Weezing
|-damage|p1a: Weezing|30/100
|-start|p1a: Weezing|Salt Cure
|
|-heal|p1a: Weezing|36/100|[from] item: Black Sludge
|-heal|p2a: Garganacl|73/100|[from] item: Leftovers
|-damage|p1a: Weezing|24/100|[from] Salt Cure
|upkeep
|turn|66
|
|t:|1778510986
|move|p2a: Garganacl|Protect|p2a: Garganacl
|-singleturn|p2a: Garganacl|Protect
|move|p1a: Weezing|Pain Split|p2a: Garganacl
|-activate|p2a: Garganacl|move: Protect
|
|-heal|p1a: Weezing|30/100|[from] item: Black Sludge
|-heal|p2a: Garganacl|79/100|[from] item: Leftovers
|-damage|p1a: Weezing|17/100|[from] Salt Cure
|upkeep
|turn|67
|
|t:|1778510988
|switch|p2a: Zamazenta|Zamazenta|17/100
|move|p1a: Weezing|Pain Split|p2a: Zamazenta
|-sethp|p2a: Zamazenta|17/100|[from] move: Pain Split|[silent]
|-sethp|p1a: Weezing|17/100|[from] move: Pain Split
|
|-heal|p1a: Weezing|23/100|[from] item: Black Sludge
|-damage|p1a: Weezing|11/100|[from] Salt Cure
|upkeep
|turn|68
|
|t:|1778510991
|move|p2a: Zamazenta|Crunch|p1a: Weezing
|-resisted|p1a: Weezing
|-crit|p1a: Weezing
|-damage|p1a: Weezing|0 fnt
|faint|p1a: Weezing
|
|upkeep
|-message|isaac_gam3r forfeited.
|
|win|ragingsquirtle420
|raw|isaac_gam3r's rating: 1644 &rarr; <strong>1625</strong><br />(-19 for losing)
|raw|ragingsquirtle420's rating: 1664 &rarr; <strong>1683</strong><br />(+19 for winning)
|l|☆isaac_gam3r
|player|p1|
|l|☆ragingsquirtle420
|player|p2|
|l| NoirShaadow
