|html|<div class="broadcast-blue"><strong>[Gen 9] OU is currently suspecting Tera Blast! For information on how to participate check out the <a href="https://www.smogon.com/tools/suspects/view/200">suspect thread</a>.</strong></div>
|j|☆Gen5OU.AntiMeta
|j|☆pantalonescondidos
|t:|1776111719
|gametype|singles
|player|p1|Gen5OU.AntiMeta|cyrus|1542
|player|p2|pantalonescondidos|169|1544
|gen|9
|tier|[Gen 9] OU
|rated|
|rule|HP Percentage Mod: HP is shown in percentages
|rule|Endless Battle Clause: Forcing endless battles is banned
|rule|Species Clause: Limit one of each Pokémon
|rule|OHKO Clause: OHKO moves are banned
|rule|Evasion Items Clause: Evasion items are banned
|rule|Evasion Moves Clause: Evasion moves are banned
|rule|Evasion Abilities Clause: Evasion abilities are banned
|rule|Sleep Moves Clause: Sleep-inducing moves are banned
|clearpoke
|poke|p1|Cinderace, M|
|poke|p1|Ninetales-Alola, F|
|poke|p1|Kyurem|
|poke|p1|Kingambit, F|
|poke|p1|Dragapult, M|
|poke|p1|Necrozma|
|poke|p2|Sylveon, F|
|poke|p2|Slowking-Galar, M|
|poke|p2|Toxapex, M|
|poke|p2|Great Tusk|
|poke|p2|Kingambit, F|
|poke|p2|Rotom-Heat|
|teampreview
|inactive|Battle timer is ON: inactive players will automatically lose when time's up. (requested by pantalonescondidos)
|inactive|Gen5OU.AntiMeta also wants the timer to be on.
|
|t:|1776111747
|teamsize|p1|6
|teamsize|p2|6
|start
|switch|p1a: brutus|Kyurem|100/100
|switch|p2a: Rotom|Rotom-Heat, shiny|100/100
|-ability|p1a: brutus|Pressure
|turn|1
|j| Foxi4
|
|t:|1776111775
|switch|p2a: Sylveon|Sylveon, F, shiny|100/100
|move|p1a: brutus|Substitute|p1a: brutus
|-start|p1a: brutus|Substitute
|-damage|p1a: brutus|76/100
|
|-heal|p1a: brutus|82/100|[from] item: Leftovers
|upkeep
|turn|2
|l|☆pantalonescondidos
|inactive|pantalonescondidos disconnected and has a minute to reconnect!
|player|p2|
|inactive|Gen5OU.AntiMeta has 120 seconds left.
|inactive|Gen5OU.AntiMeta has 90 seconds left.
|j|☆pantalonescondidos
|inactive|pantalonescondidos reconnected.
|player|p2|pantalonescondidos|169|
|
|t:|1776111853
|move|p1a: brutus|Flash Cannon|p2a: Sylveon
|-supereffective|p2a: Sylveon
|-damage|p2a: Sylveon|70/100
|move|p2a: Sylveon|Hyper Voice|p1a: brutus
|-supereffective|p1a: brutus
|-damage|p1a: brutus|10/100
|
|-heal|p1a: brutus|16/100|[from] item: Leftovers
|-heal|p2a: Sylveon|76/100|[from] item: Leftovers
|upkeep
|turn|3
|
|t:|1776111862
|move|p1a: brutus|Flash Cannon|p2a: Sylveon
|-supereffective|p2a: Sylveon
|-damage|p2a: Sylveon|41/100
|move|p2a: Sylveon|Hyper Voice|p1a: brutus
|-supereffective|p1a: brutus
|-damage|p1a: brutus|0 fnt
|faint|p1a: brutus
|
|-heal|p2a: Sylveon|47/100|[from] item: Leftovers
|upkeep
|
|t:|1776111867
|switch|p1a: goliath|Kingambit, F|100/100
|-activate|p1a: goliath|ability: Supreme Overlord
|-start|p1a: goliath|fallen1|[silent]
|turn|4
|inactive|Gen5OU.AntiMeta has 90 seconds left.
|
|t:|1776111874
|switch|p2a: Kingambit|Kingambit, F|100/100
|move|p1a: goliath|Kowtow Cleave|p2a: Kingambit
|-resisted|p2a: Kingambit
|-damage|p2a: Kingambit|82/100
|
|upkeep
|turn|5
|
|t:|1776111880
|move|p2a: Kingambit|Low Kick|p1a: goliath
|-supereffective|p1a: goliath
|-damage|p1a: goliath|0 fnt
|faint|p1a: goliath
|-end|p1a: goliath|fallen1|[silent]
|
|upkeep
|
|t:|1776111884
|switch|p1a: loki|Cinderace, M|100/100
|turn|6
|
|t:|1776111886
|-end|p2a: Kingambit|fallenundefined|[silent]
|switch|p2a: Toxapex|Toxapex, M|100/100
|move|p1a: loki|Swords Dance|p1a: loki
|-start|p1a: loki|typechange|Normal|[from] ability: Libero
|-boost|p1a: loki|atk|2
|
|upkeep
|turn|7
|inactive|Gen5OU.AntiMeta has 120 seconds left.
|
|t:|1776111891
|move|p2a: Toxapex|Baneful Bunker|p2a: Toxapex
|-singleturn|p2a: Toxapex|move: Protect
|move|p1a: loki|Swords Dance|p1a: loki
|-boost|p1a: loki|atk|2
|
|upkeep
|turn|8
|
|t:|1776111896
|move|p1a: loki|High Jump Kick|p2a: Toxapex
|-resisted|p2a: Toxapex
|-damage|p2a: Toxapex|64/100
|-damage|p1a: loki|84/100|[from] item: Rocky Helmet|[of] p2a: Toxapex
|move|p2a: Toxapex|Toxic|p1a: loki
|-status|p1a: loki|tox
|
|-damage|p1a: loki|78/100 tox|[from] psn
|upkeep
|turn|9
|
|t:|1776111902
|move|p1a: loki|Swords Dance|p1a: loki
|-boost|p1a: loki|atk|2
|move|p2a: Toxapex|Recover|p2a: Toxapex
|-heal|p2a: Toxapex|100/100
|
|-damage|p1a: loki|66/100 tox|[from] psn
|upkeep
|turn|10
|l| Foxi4
|
|t:|1776111905
|move|p2a: Toxapex|Baneful Bunker|p2a: Toxapex
|-singleturn|p2a: Toxapex|move: Protect
|move|p1a: loki|High Jump Kick|p2a: Toxapex
|-activate|p2a: Toxapex|move: Protect
|-damage|p1a: loki|16/100 tox|[from] highjumpkick
|
|-damage|p1a: loki|0 fnt|[from] psn
|faint|p1a: loki
|upkeep
|
|t:|1776111908
|switch|p1a: Dragapult|Dragapult, M|100/100
|turn|11
|
|t:|1776111910
|move|p1a: Dragapult|Thunder Wave|p2a: Toxapex
|-status|p2a: Toxapex|par
|cant|p2a: Toxapex|par
|
|upkeep
|turn|12
|
|t:|1776111914
|switch|p2a: Kingambit|Kingambit, F|82/100
|move|p1a: Dragapult|Hex|p2a: Kingambit
|-resisted|p2a: Kingambit
|-damage|p2a: Kingambit|71/100
|
|upkeep
|turn|13
|
|t:|1776111919
|-end|p2a: Kingambit|fallenundefined|[silent]
|switch|p2a: Rotom|Rotom-Heat, shiny|100/100
|move|p1a: Dragapult|Will-O-Wisp|p2a: Rotom
|-immune|p2a: Rotom
|
|upkeep
|turn|14
|
|t:|1776111925
|move|p2a: Rotom|Trick|p1a: Dragapult
|-activate|p2a: Rotom|move: Trick|[of] p1a: Dragapult
|-item|p1a: Dragapult|Choice Scarf|[from] move: Trick
|-item|p2a: Rotom|Heavy-Duty Boots|[from] move: Trick
|move|p1a: Dragapult|Dragon Darts|p2a: Rotom
|-damage|p2a: Rotom|73/100
|-anim|p1a: Dragapult|Dragon Darts|p2a: Rotom
|-damage|p2a: Rotom|47/100
|
|upkeep
|turn|15
|
|t:|1776111932
|switch|p1a: her majesty|Ninetales-Alola, F|100/100
|-weather|Snowscape|[from] ability: Snow Warning|[of] p1a: her majesty
|move|p2a: Rotom|Volt Switch|p1a: her majesty
|-damage|p1a: her majesty|64/100
|
|t:|1776111934
|switch|p2a: Sylveon|Sylveon, F, shiny|47/100|[from] Volt Switch
|
|-weather|Snowscape|[upkeep]
|-heal|p2a: Sylveon|53/100|[from] item: Leftovers
|upkeep
|turn|16
|
|t:|1776111937
|move|p1a: her majesty|Aurora Veil|p1a: her majesty
|-sidestart|p1: Gen5OU.AntiMeta|move: Aurora Veil
|move|p2a: Sylveon|Wish|p2a: Sylveon
|
|-weather|Snowscape|[upkeep]
|-heal|p2a: Sylveon|59/100|[from] item: Leftovers
|upkeep
|turn|17
|
|t:|1776111940
|move|p2a: Sylveon|Protect|p2a: Sylveon
|-singleturn|p2a: Sylveon|Protect
|move|p1a: her majesty|Encore|p2a: Sylveon
|-activate|p2a: Sylveon|move: Protect
|
|-weather|Snowscape|[upkeep]
|-heal|p2a: Sylveon|100/100|[from] move: Wish|[wisher] Sylveon
|upkeep
|turn|18
|
|t:|1776111943
|switch|p2a: Slowking|Slowking-Galar, M, shiny|100/100
|move|p1a: her majesty|Freeze-Dry|p2a: Slowking
|-damage|p2a: Slowking|90/100
|
|-weather|Snowscape|[upkeep]
|upkeep
|turn|19
|
|t:|1776111948
|switch|p1a: Dragapult|Dragapult, M|100/100
|switch|p2a: Toxapex|Toxapex, M|100/100 par
|
|-weather|none
|upkeep
|turn|20
|
|t:|1776111956
|move|p1a: Dragapult|Hex|p2a: Toxapex
|-damage|p2a: Toxapex|60/100 par
|cant|p2a: Toxapex|par
|
|upkeep
|turn|21
|
|t:|1776111959
|switch|p1a: her majesty|Ninetales-Alola, F|64/100
|-weather|Snowscape|[from] ability: Snow Warning|[of] p1a: her majesty
|switch|p2a: Sylveon|Sylveon, F, shiny|100/100
|
|-weather|Snowscape|[upkeep]
|upkeep
|turn|22
|
|t:|1776111962
|switch|p2a: Slowking|Slowking-Galar, M, shiny|100/100
|move|p1a: her majesty|Freeze-Dry|p2a: Slowking
|-damage|p2a: Slowking|90/100
|
|-weather|Snowscape|[upkeep]
|upkeep
|turn|23
|
|t:|1776111967
|move|p1a: her majesty|Freeze-Dry|p2a: Slowking
|-damage|p2a: Slowking|79/100
|move|p2a: Slowking|Future Sight|p1a: her majesty
|-start|p2a: Slowking|move: Future Sight
|
|-weather|Snowscape|[upkeep]
|-sideend|p1: Gen5OU.AntiMeta|move: Aurora Veil
|upkeep
|turn|24
|
|t:|1776111970
|move|p1a: her majesty|Aurora Veil|p1a: her majesty
|-sidestart|p1: Gen5OU.AntiMeta|move: Aurora Veil
|move|p2a: Slowking|Sludge Bomb|p1a: her majesty
|-supereffective|p1a: her majesty
|-damage|p1a: her majesty|20/100
|
|-weather|Snowscape|[upkeep]
|upkeep
|turn|25
|
|t:|1776111975
|switch|p2a: Sylveon|Sylveon, F, shiny|100/100
|move|p1a: her majesty|Chilling Water|p2a: Sylveon
|-damage|p2a: Sylveon|94/100
|-unboost|p2a: Sylveon|atk|1
|
|-weather|none
|-end|p1a: her majesty|move: Future Sight
|-crit|p1a: her majesty
|-damage|p1a: her majesty|0 fnt
|faint|p1a: her majesty
|-heal|p2a: Sylveon|99/100|[from] item: Leftovers
|upkeep
|
|t:|1776111979
|switch|p1a: bad cop >:|Necrozma, shiny|100/100
|turn|26
|
|t:|1776111982
|move|p1a: bad cop >:|Dragon Dance|p1a: bad cop >:
|-boost|p1a: bad cop >:|atk|1
|-boost|p1a: bad cop >:|spe|1
|move|p2a: Sylveon|Wish|p2a: Sylveon
|
|-heal|p2a: Sylveon|100/100|[from] item: Leftovers
|upkeep
|turn|27
|
|t:|1776111987
|move|p1a: bad cop >:|Photon Geyser|p2a: Sylveon
|-damage|p2a: Sylveon|11/100
|move|p2a: Sylveon|Roar|p1a: bad cop >:
|drag|p1a: Dragapult|Dragapult, M|100/100
|
|-heal|p2a: Sylveon|61/100|[from] move: Wish|[wisher] Sylveon
|-heal|p2a: Sylveon|67/100|[from] item: Leftovers
|upkeep
|turn|28
|
|t:|1776111993
|switch|p1a: bad cop >:|Necrozma, shiny|100/100
|move|p2a: Sylveon|Wish|p2a: Sylveon
|
|-heal|p2a: Sylveon|73/100|[from] item: Leftovers
|upkeep
|turn|29
|
|t:|1776111995
|switch|p2a: Toxapex|Toxapex, M|93/100 par
|move|p1a: bad cop >:|Photon Geyser|p2a: Toxapex
|-supereffective|p2a: Toxapex
|-damage|p2a: Toxapex|30/100 par
|
|-heal|p2a: Toxapex|95/100 par|[from] move: Wish|[wisher] Sylveon
|upkeep
|turn|30
|
|t:|1776112000
|switch|p1a: Dragapult|Dragapult, M|100/100
|switch|p2a: Kingambit|Kingambit, F|71/100
|
|upkeep
|turn|31
|
|t:|1776112005
|-end|p2a: Kingambit|fallenundefined|[silent]
|switch|p2a: Toxapex|Toxapex, M|100/100 par
|move|p1a: Dragapult|Will-O-Wisp||[still]
|-fail|p1a: Dragapult
|
|-sideend|p1: Gen5OU.AntiMeta|move: Aurora Veil
|upkeep
|turn|32
|
|t:|1776112008
|move|p1a: Dragapult|Will-O-Wisp||[still]
|-fail|p1a: Dragapult
|cant|p2a: Toxapex|par
|
|upkeep
|turn|33
|
|t:|1776112011
|switch|p1a: bad cop >:|Necrozma, shiny|100/100
|cant|p2a: Toxapex|par
|
|upkeep
|turn|34
|j| HyperStallMIA
|c|☆pantalonescondidos|...
|
|t:|1776112019
|move|p1a: bad cop >:|Photon Geyser|p2a: Toxapex
|-supereffective|p2a: Toxapex
|-damage|p2a: Toxapex|35/100 par
|cant|p2a: Toxapex|par
|
|upkeep
|turn|35
|
|t:|1776112027
|switch|p2a: Sylveon|Sylveon, F, shiny|73/100
|move|p1a: bad cop >:|Photon Geyser|p2a: Sylveon
|-damage|p2a: Sylveon|9/100
|
|-heal|p2a: Sylveon|15/100|[from] item: Leftovers
|upkeep
|turn|36
|c|☆pantalonescondidos|Lol
|
|t:|1776112037
|switch|p2a: Kingambit|Kingambit, F|71/100
|move|p1a: bad cop >:|Earthquake|p2a: Kingambit
|-supereffective|p2a: Kingambit
|-damage|p2a: Kingambit|22/100
|
|upkeep
|turn|37
|
|t:|1776112043
|-terastallize|p1a: bad cop >:|Fairy
|move|p2a: Kingambit|Sucker Punch||[still]
|-fail|p2a: Kingambit
|move|p1a: bad cop >:|Dragon Dance|p1a: bad cop >:
|-boost|p1a: bad cop >:|atk|1
|-boost|p1a: bad cop >:|spe|1
|
|upkeep
|turn|38
|
|t:|1776112049
|move|p1a: bad cop >:|Brick Break|p2a: Kingambit
|-supereffective|p2a: Kingambit
|-crit|p2a: Kingambit
|-damage|p2a: Kingambit|0 fnt
|faint|p2a: Kingambit
|-end|p2a: Kingambit|fallenundefined|[silent]
|
|upkeep
|
|t:|1776112061
|switch|p2a: Slowking|Slowking-Galar, M, shiny|100/100
|turn|39
|
|t:|1776112064
|-terastallize|p2a: Slowking|Flying
|move|p1a: bad cop >:|Photon Geyser|p2a: Slowking
|-damage|p2a: Slowking|20/100
|move|p2a: Slowking|Sludge Bomb|p1a: bad cop >:
|-supereffective|p1a: bad cop >:
|-damage|p1a: bad cop >:|46/100
|-enditem|p1a: bad cop >:|Weakness Policy
|-boost|p1a: bad cop >:|atk|2|[from] item: Weakness Policy
|-boost|p1a: bad cop >:|spa|2|[from] item: Weakness Policy
|
|upkeep
|turn|40
|
|t:|1776112070
|switch|p2a: Sylveon|Sylveon, F, shiny|15/100
|move|p1a: bad cop >:|Photon Geyser|p2a: Sylveon
|-damage|p2a: Sylveon|0 fnt
|faint|p2a: Sylveon
|
|upkeep
|c|☆Gen5OU.AntiMeta|lol
|c|☆Gen5OU.AntiMeta|gg
|c|☆pantalonescondidos|Dude that luck with paralyzis
|
|t:|1776112095
|switch|p2a: Toxapex|Toxapex, M|68/100 par
|turn|41
|
|t:|1776112098
|move|p1a: bad cop >:|Earthquake|p2a: Toxapex
|-supereffective|p2a: Toxapex
|-damage|p2a: Toxapex|0 fnt
|faint|p2a: Toxapex
|
|upkeep
|-message|pantalonescondidos forfeited.
|
|win|Gen5OU.AntiMeta
|raw|Gen5OU.AntiMeta's rating: 1519 &rarr; <strong>1540</strong><br />(+21 for winning)
|raw|pantalonescondidos's rating: 1544 &rarr; <strong>1523</strong><br />(-21 for losing)
|l|☆pantalonescondidos
|player|p2|
|c|☆Gen5OU.AntiMeta|ik
|c|☆Gen5OU.AntiMeta|this gen is brutal
