|html|<div class="broadcast-blue"><strong>[Gen 9] OU is currently suspecting Tera Blast! For information on how to participate check out the <a href="https://www.smogon.com/tools/suspects/view/200">suspect thread</a>.</strong></div>
|j|☆bigdumpie
|j|☆parkinglot12321
|t:|1776187547
|gametype|singles
|player|p1|bigdumpie|firebreather|1161
|player|p2|parkinglot12321|crasherwake|1133
|gen|9
|tier|[Gen 9] OU
|rated|
|rule|HP Percentage Mod: HP is shown in percentages
|rule|Endless Battle Clause: Forcing endless battles is banned
|rule|Species Clause: Limit one of each Pokémon
|rule|OHKO Clause: OHKO moves are banned
|rule|Evasion Items Clause: Evasion items are banned
|rule|Evasion Moves Clause: Evasion moves are banned
|rule|Evasion Abilities Clause: Evasion abilities are banned
|rule|Sleep Moves Clause: Sleep-inducing moves are banned
|clearpoke
|poke|p1|Tyranitar, F|
|poke|p1|Skarmory, F|
|poke|p1|Jirachi|
|poke|p1|Heatran, F|
|poke|p1|Mamoswine, M|
|poke|p1|Magnezone|
|poke|p2|Pelipper, M|
|poke|p2|Barraskewda, M|
|poke|p2|Zapdos|
|poke|p2|Kingdra, M|
|poke|p2|Gliscor, M|
|poke|p2|Ludicolo, F|
|teampreview
|inactive|Battle timer is ON: inactive players will automatically lose when time's up. (requested by parkinglot12321)
|
|t:|1776187556
|teamsize|p1|6
|teamsize|p2|6
|start
|switch|p1a: Chance|Skarmory, F, shiny|100/100
|switch|p2a: biggest bird|Pelipper, M, shiny|100/100
|-weather|RainDance|[from] ability: Drizzle|[of] p2a: biggest bird
|turn|1
|
|t:|1776187574
|move|p1a: Chance|Stealth Rock|p2a: biggest bird
|-sidestart|p2: parkinglot12321|move: Stealth Rock
|move|p2a: biggest bird|U-turn|p1a: Chance
|-resisted|p1a: Chance
|-damage|p1a: Chance|99/100
|-damage|p2a: biggest bird|84/100|[from] item: Rocky Helmet|[of] p1a: Chance
|
|t:|1776187583
|switch|p2a: 2nd biggest bird|Zapdos, shiny|100/100|[from] U-turn
|-damage|p2a: 2nd biggest bird|75/100|[from] Stealth Rock
|
|-weather|RainDance|[upkeep]
|upkeep
|turn|2
|
|t:|1776187599
|switch|p1a: Chuck|Tyranitar, F, shiny|100/100
|-weather|Sandstorm|[from] ability: Sand Stream|[of] p1a: Chuck
|move|p2a: 2nd biggest bird|Thunder|p1a: Chuck
|-crit|p1a: Chuck
|-damage|p1a: Chuck|46/100
|
|-weather|Sandstorm|[upkeep]
|-damage|p2a: 2nd biggest bird|69/100|[from] Sandstorm
|upkeep
|turn|3
|inactive|bigdumpie has 120 seconds left.
|inactive|parkinglot12321 has 120 seconds left.
|
|t:|1776187631
|move|p2a: 2nd biggest bird|Thunder|p1a: Chuck
|-damage|p1a: Chuck|13/100
|move|p1a: Chuck|Stone Edge|p2a: 2nd biggest bird
|-supereffective|p2a: 2nd biggest bird
|-damage|p2a: 2nd biggest bird|0 fnt
|faint|p2a: 2nd biggest bird
|
|-weather|Sandstorm|[upkeep]
|upkeep
|inactive|parkinglot12321 has 120 seconds left.
|
|t:|1776187641
|switch|p2a: biggest bird|Pelipper, M, shiny|84/100
|-damage|p2a: biggest bird|59/100|[from] Stealth Rock
|-weather|RainDance|[from] ability: Drizzle|[of] p2a: biggest bird
|turn|4
|
|t:|1776187653
|switch|p1a: Chance|Skarmory, F, shiny|99/100
|move|p2a: biggest bird|U-turn|p1a: Chance
|-resisted|p1a: Chance
|-damage|p1a: Chance|98/100
|-damage|p2a: biggest bird|42/100|[from] item: Rocky Helmet|[of] p1a: Chance
|inactive|parkinglot12321 has 120 seconds left.
|
|t:|1776187680
|switch|p2a: sushi|Barraskewda, M, shiny|100/100|[from] U-turn
|-damage|p2a: sushi|88/100|[from] Stealth Rock
|
|-weather|RainDance|[upkeep]
|upkeep
|turn|5
|inactive|bigdumpie has 120 seconds left.
|
|t:|1776187711
|move|p2a: sushi|Waterfall|p1a: Chance
|-damage|p1a: Chance|43/100
|-damage|p2a: sushi|72/100|[from] item: Rocky Helmet|[of] p1a: Chance
|-damage|p2a: sushi|62/100|[from] item: Life Orb
|move|p1a: Chance|Brave Bird|p2a: sushi
|-damage|p2a: sushi|0 fnt
|faint|p2a: sushi
|-damage|p1a: Chance|27/100|[from] Recoil
|
|-weather|RainDance|[upkeep]
|upkeep
|-message|parkinglot12321 forfeited.
|
|win|bigdumpie
|raw|bigdumpie's rating: 1161 &rarr; <strong>1184</strong><br />(+23 for winning)
|raw|parkinglot12321's rating: 1133 &rarr; <strong>1110</strong><br />(-23 for losing)
|l|☆parkinglot12321
|player|p2|
