|html|<div class="broadcast-blue"><strong>[Gen 9] OU is currently suspecting Tera Blast! For information on how to participate check out the <a href="https://www.smogon.com/tools/suspects/view/200">suspect thread</a>.</strong></div>
|j|☆AlienXotic
|j|☆nmatt26
|t:|1776053307
|gametype|singles
|player|p1|AlienXotic|266|1418
|player|p2|nmatt26|boarder|1412
|gen|9
|tier|[Gen 9] OU
|rated|
|rule|HP Percentage Mod: HP is shown in percentages
|rule|Endless Battle Clause: Forcing endless battles is banned
|rule|Species Clause: Limit one of each Pokémon
|rule|OHKO Clause: OHKO moves are banned
|rule|Evasion Items Clause: Evasion items are banned
|rule|Evasion Moves Clause: Evasion moves are banned
|rule|Evasion Abilities Clause: Evasion abilities are banned
|rule|Sleep Moves Clause: Sleep-inducing moves are banned
|clearpoke
|poke|p1|Slither Wing|
|poke|p1|Ninetales, M|
|poke|p1|Walking Wake|
|poke|p1|Iron Moth|
|poke|p1|Hatterene, F|
|poke|p1|Blaziken, M|
|poke|p2|Blaziken, M|
|poke|p2|Torkoal, M|
|poke|p2|Venusaur, F|
|poke|p2|Walking Wake|
|poke|p2|Great Tusk|
|poke|p2|Scream Tail|
|teampreview
|inactive|Battle timer is ON: inactive players will automatically lose when time's up. (requested by AlienXotic)
|
|t:|1776053326
|teamsize|p1|6
|teamsize|p2|6
|start
|switch|p1a: Renewal|Walking Wake|100/100
|switch|p2a: Walking Wake|Walking Wake|100/100
|turn|1
|
|t:|1776053338
|move|p1a: Renewal|Draco Meteor|p2a: Walking Wake
|-supereffective|p2a: Walking Wake
|-damage|p2a: Walking Wake|0 fnt
|-unboost|p1a: Renewal|spa|2
|faint|p2a: Walking Wake
|-end|p2a: Walking Wake|Protosynthesis|[silent]
|
|upkeep
|
|t:|1776053360
|switch|p2a: Scream Tail|Scream Tail, shiny|100/100
|turn|2
|
|t:|1776053371
|-end|p2a: Scream Tail|Protosynthesis|[silent]
|switch|p2a: Torkoal|Torkoal, M|100/100
|-weather|SunnyDay|[from] ability: Drought|[of] p2a: Torkoal
|-activate|p1a: Renewal|ability: Protosynthesis
|-start|p1a: Renewal|protosynthesisspe
|-end|p1a: Renewal|Protosynthesis|[silent]
|switch|p1a: Covet&Lust|Hatterene, F, shiny|100/100
|
|-weather|SunnyDay|[upkeep]
|upkeep
|turn|3
|
|t:|1776053383
|move|p1a: Covet&Lust|Nuzzle|p2a: Torkoal
|-damage|p2a: Torkoal|97/100
|-status|p2a: Torkoal|par
|cant|p2a: Torkoal|par
|
|-weather|SunnyDay|[upkeep]
|upkeep
|turn|4
|
|t:|1776053390
|move|p1a: Covet&Lust|Psychic Noise|p2a: Torkoal
|-damage|p2a: Torkoal|68/100 par
|-start|p2a: Torkoal|move: Heal Block
|move|p2a: Torkoal|Lava Plume|p1a: Covet&Lust
|-damage|p1a: Covet&Lust|60/100
|-enditem|p1a: Covet&Lust|Eject Button
|
|t:|1776053406
|switch|p1a: Beru|Slither Wing, shiny|100/100
|-activate|p1a: Beru|ability: Protosynthesis
|-start|p1a: Beru|protosynthesisatk
|
|-weather|SunnyDay|[upkeep]
|upkeep
|turn|5
|
|t:|1776053423
|move|p1a: Beru|Earthquake|p2a: Torkoal
|-supereffective|p2a: Torkoal
|-damage|p2a: Torkoal|0 fnt
|faint|p2a: Torkoal
|
|-weather|SunnyDay|[upkeep]
|upkeep
|
|t:|1776053427
|switch|p2a: Blaziken|Blaziken, M|100/100
|turn|6
|
|t:|1776053434
|-end|p1a: Beru|Protosynthesis|[silent]
|switch|p1a: Renewal|Walking Wake|100/100
|-activate|p1a: Renewal|ability: Protosynthesis
|-start|p1a: Renewal|protosynthesisspe
|move|p2a: Blaziken|Focus Energy|p2a: Blaziken
|-start|p2a: Blaziken|move: Focus Energy
|
|-weather|SunnyDay|[upkeep]
|-ability|p2a: Blaziken|Speed Boost|boost
|-boost|p2a: Blaziken|spe|1
|upkeep
|turn|7
|
|t:|1776053447
|move|p1a: Renewal|Hydro Steam|p2a: Blaziken
|-supereffective|p2a: Blaziken
|-damage|p2a: Blaziken|0 fnt
|faint|p2a: Blaziken
|
|-weather|SunnyDay|[upkeep]
|upkeep
|-message|nmatt26 forfeited.
|
|win|AlienXotic
|raw|AlienXotic's rating: 1418 &rarr; <strong>1438</strong><br />(+20 for winning)
|raw|nmatt26's rating: 1412 &rarr; <strong>1392</strong><br />(-20 for losing)
|l|☆nmatt26
|player|p2|
|l|☆AlienXotic
|player|p1|
