|html|<div class="broadcast-blue"><strong>[Gen 9] OU is currently suspecting Tera Blast! For information on how to participate check out the <a href="https://www.smogon.com/tools/suspects/view/200">suspect thread</a>.</strong></div>
|j|☆breezeboy
|j|☆Aleskz
|t:|1776263707
|gametype|singles
|player|p1|breezeboy|flannery|1103
|player|p2|Aleskz|giovanni|1052
|gen|9
|tier|[Gen 9] OU
|rated|
|rule|HP Percentage Mod: HP is shown in percentages
|rule|Endless Battle Clause: Forcing endless battles is banned
|rule|Species Clause: Limit one of each Pokémon
|rule|OHKO Clause: OHKO moves are banned
|rule|Evasion Items Clause: Evasion items are banned
|rule|Evasion Moves Clause: Evasion moves are banned
|rule|Evasion Abilities Clause: Evasion abilities are banned
|rule|Sleep Moves Clause: Sleep-inducing moves are banned
|clearpoke
|poke|p1|Rillaboom, M|
|poke|p1|Serperior, F|
|poke|p1|Heatran, F|
|poke|p1|Gholdengo|
|poke|p1|Zamazenta-*|
|poke|p1|Great Tusk|
|poke|p2|Ceruledge, F|
|poke|p2|Garganacl, M|
|poke|p2|Corviknight, M|
|poke|p2|Samurott-Hisui, M|
|poke|p2|Great Tusk|
|poke|p2|Slowking-Galar, F|
|teampreview
|
|t:|1776263724
|teamsize|p1|6
|teamsize|p2|6
|start
|switch|p1a: Heatran|Heatran, F|100/100
|switch|p2a: Slowking|Slowking-Galar, F|100/100
|-item|p1a: Heatran|Air Balloon
|turn|1
|
|t:|1776263753
|switch|p2a: Garganacl|Garganacl, M|100/100
|move|p1a: Heatran|Stealth Rock|p2a: Garganacl
|-sidestart|p2: Aleskz|move: Stealth Rock
|
|upkeep
|turn|2
|
|t:|1776263760
|move|p1a: Heatran|Taunt|p2a: Garganacl
|-start|p2a: Garganacl|move: Taunt
|move|p2a: Garganacl|Salt Cure|p1a: Heatran
|-damage|p1a: Heatran|87/100
|-start|p1a: Heatran|Salt Cure
|-enditem|p1a: Heatran|Air Balloon
|
|-damage|p1a: Heatran|62/100|[from] Salt Cure
|upkeep
|turn|3
|
|t:|1776263772
|switch|p1a: Serperior|Serperior, F|100/100
|move|p2a: Garganacl|Earthquake|p1a: Serperior
|-resisted|p1a: Serperior
|-damage|p1a: Serperior|87/100
|
|upkeep
|turn|4
|
|t:|1776263787
|switch|p2a: Slowking|Slowking-Galar, F|100/100
|move|p1a: Serperior|Glare|p2a: Slowking
|-status|p2a: Slowking|par
|
|upkeep
|turn|5
|
|t:|1776263795
|switch|p1a: Heatran|Heatran, F|62/100
|cant|p2a: Slowking|par
|
|upkeep
|turn|6
|
|t:|1776263806
|switch|p2a: Garganacl|Garganacl, M|100/100
|-damage|p2a: Garganacl|88/100|[from] Stealth Rock
|move|p1a: Heatran|Magma Storm|p2a: Garganacl
|-resisted|p2a: Garganacl
|-crit|p2a: Garganacl
|-damage|p2a: Garganacl|60/100
|-activate|p2a: Garganacl|move: Magma Storm|[of] p1a: Heatran
|
|-heal|p2a: Garganacl|66/100|[from] item: Leftovers
|-damage|p2a: Garganacl|54/100|[from] move: Magma Storm|[partiallytrapped]
|upkeep
|turn|7
|
|t:|1776263816
|move|p1a: Heatran|Taunt|p2a: Garganacl
|-start|p2a: Garganacl|move: Taunt
|move|p2a: Garganacl|Earthquake|p1a: Heatran
|-supereffective|p1a: Heatran
|-damage|p1a: Heatran|0 fnt
|faint|p1a: Heatran
|
|-heal|p2a: Garganacl|60/100|[from] item: Leftovers
|-end|p2a: Garganacl|Magma Storm|[partiallytrapped]|[silent]
|upkeep
|
|t:|1776263826
|switch|p1a: Serperior|Serperior, F|87/100
|turn|8
|
|t:|1776263832
|switch|p2a: Slowking|Slowking-Galar, F|100/100 par
|move|p1a: Serperior|Knock Off|p2a: Slowking
|-supereffective|p2a: Slowking
|-damage|p2a: Slowking|68/100 par
|-enditem|p2a: Slowking|Heavy-Duty Boots|[from] move: Knock Off|[of] p1a: Serperior
|
|upkeep
|turn|9
|
|t:|1776263844
|switch|p1a: Gholdengo|Gholdengo|100/100
|move|p2a: Slowking|Sludge Bomb|p1a: Gholdengo
|-immune|p1a: Gholdengo
|
|upkeep
|turn|10
|
|t:|1776263860
|switch|p2a: Great Tusk|Great Tusk|100/100
|move|p1a: Gholdengo|Focus Blast|p2a: Great Tusk
|-damage|p2a: Great Tusk|36/100
|-unboost|p2a: Great Tusk|spd|1
|
|upkeep
|turn|11
|
|t:|1776263871
|switch|p1a: Rillaboom|Rillaboom, M|100/100
|-fieldstart|move: Grassy Terrain|[from] ability: Grassy Surge|[of] p1a: Rillaboom
|move|p2a: Great Tusk|Ice Spinner|p1a: Rillaboom
|-supereffective|p1a: Rillaboom
|-damage|p1a: Rillaboom|45/100
|-fieldend|move: Grassy Terrain
|
|upkeep
|turn|12
|
|t:|1776263881
|move|p2a: Great Tusk|Ice Spinner|p1a: Rillaboom
|-supereffective|p1a: Rillaboom
|-damage|p1a: Rillaboom|0 fnt
|faint|p1a: Rillaboom
|
|upkeep
|
|t:|1776263886
|switch|p1a: Serperior|Serperior, F|87/100
|turn|13
|
|t:|1776263889
|move|p1a: Serperior|Leaf Storm|p2a: Great Tusk
|-supereffective|p2a: Great Tusk
|-damage|p2a: Great Tusk|0 fnt
|-boost|p1a: Serperior|spa|2
|faint|p2a: Great Tusk
|-end|p2a: Great Tusk|Protosynthesis|[silent]
|
|upkeep
|
|t:|1776263900
|switch|p2a: Ceruledge|Ceruledge, F|100/100
|-damage|p2a: Ceruledge|76/100|[from] Stealth Rock
|turn|14
|
|t:|1776263911
|move|p1a: Serperior|Leaf Storm|p2a: Ceruledge
|-resisted|p2a: Ceruledge
|-damage|p2a: Ceruledge|20/100
|-boost|p1a: Serperior|spa|2
|move|p2a: Ceruledge|Bitter Blade|p1a: Serperior
|-supereffective|p1a: Serperior
|-damage|p1a: Serperior|0 fnt
|-heal|p2a: Ceruledge|65/100|[from] drain|[of] p1a: Serperior
|faint|p1a: Serperior
|-damage|p2a: Ceruledge|55/100|[from] item: Life Orb
|
|upkeep
|
|t:|1776263924
|switch|p1a: Great Tusk|Great Tusk|100/100
|-enditem|p1a: Great Tusk|Booster Energy
|-activate|p1a: Great Tusk|ability: Protosynthesis|[fromitem]
|-start|p1a: Great Tusk|protosynthesisspe
|turn|15
|
|t:|1776263946
|switch|p2a: Samurott|Samurott-Hisui, M|100/100
|-damage|p2a: Samurott|88/100|[from] Stealth Rock
|move|p1a: Great Tusk|Headlong Rush|p2a: Samurott
|-damage|p2a: Samurott|36/100
|-unboost|p1a: Great Tusk|def|1
|-unboost|p1a: Great Tusk|spd|1
|
|upkeep
|turn|16
|
|t:|1776263957
|move|p1a: Great Tusk|Headlong Rush|p2a: Samurott
|-damage|p2a: Samurott|0 fnt
|-unboost|p1a: Great Tusk|def|1
|-unboost|p1a: Great Tusk|spd|1
|faint|p2a: Samurott
|
|upkeep
|
|t:|1776263976
|switch|p2a: Garganacl|Garganacl, M|60/100
|-damage|p2a: Garganacl|48/100|[from] Stealth Rock
|turn|17
|
|t:|1776263983
|-end|p1a: Great Tusk|Protosynthesis|[silent]
|switch|p1a: Zamazenta|Zamazenta|100/100
|-ability|p1a: Zamazenta|Dauntless Shield|boost
|-boost|p1a: Zamazenta|def|1
|move|p2a: Garganacl|Protect||[still]
|-fail|p2a: Garganacl
|
|-heal|p2a: Garganacl|54/100|[from] item: Leftovers
|upkeep
|turn|18
|
|t:|1776264015
|move|p1a: Zamazenta|Close Combat|p2a: Garganacl
|-supereffective|p2a: Garganacl
|-crit|p2a: Garganacl
|-damage|p2a: Garganacl|0 fnt
|-unboost|p1a: Zamazenta|def|1
|-unboost|p1a: Zamazenta|spd|1
|faint|p2a: Garganacl
|-damage|p1a: Zamazenta|91/100|[from] item: Life Orb
|
|upkeep
|
|t:|1776264025
|switch|p2a: Corviknight|Corviknight, M|100/100
|-damage|p2a: Corviknight|88/100|[from] Stealth Rock
|-ability|p2a: Corviknight|Pressure
|turn|19
|
|t:|1776264031
|switch|p1a: Gholdengo|Gholdengo|100/100
|move|p2a: Corviknight|Iron Defense|p2a: Corviknight
|-boost|p2a: Corviknight|def|2
|
|-heal|p2a: Corviknight|94/100|[from] item: Leftovers
|upkeep
|turn|20
|
|t:|1776264040
|move|p1a: Gholdengo|Nasty Plot|p1a: Gholdengo
|-boost|p1a: Gholdengo|spa|2
|move|p2a: Corviknight|U-turn|p1a: Gholdengo
|-resisted|p1a: Gholdengo
|-damage|p1a: Gholdengo|96/100
|
|t:|1776264046
|switch|p2a: Ceruledge|Ceruledge, F|55/100|[from] U-turn
|-damage|p2a: Ceruledge|30/100|[from] Stealth Rock
|
|upkeep
|turn|21
|
|t:|1776264052
|switch|p1a: Zamazenta|Zamazenta|91/100
|move|p2a: Ceruledge|Poltergeist|p1a: Zamazenta
|-activate|p1a: Zamazenta|move: Poltergeist|Life Orb
|-damage|p1a: Zamazenta|21/100
|-damage|p2a: Ceruledge|20/100|[from] item: Life Orb
|
|upkeep
|turn|22
|
|t:|1776264074
|move|p1a: Zamazenta|Crunch|p2a: Ceruledge
|-supereffective|p2a: Ceruledge
|-damage|p2a: Ceruledge|0 fnt
|faint|p2a: Ceruledge
|-damage|p1a: Zamazenta|11/100|[from] item: Life Orb
|
|upkeep
|
|t:|1776264078
|switch|p2a: Corviknight|Corviknight, M|94/100
|-damage|p2a: Corviknight|82/100|[from] Stealth Rock
|-ability|p2a: Corviknight|Pressure
|turn|23
|
|t:|1776264083
|move|p1a: Zamazenta|Close Combat|p2a: Corviknight
|-damage|p2a: Corviknight|9/100
|-unboost|p1a: Zamazenta|def|1
|-unboost|p1a: Zamazenta|spd|1
|-damage|p1a: Zamazenta|1/100|[from] item: Life Orb
|move|p2a: Corviknight|Drill Peck|p1a: Zamazenta
|-supereffective|p1a: Zamazenta
|-damage|p1a: Zamazenta|0 fnt
|faint|p1a: Zamazenta
|
|-heal|p2a: Corviknight|15/100|[from] item: Leftovers
|upkeep
|
|t:|1776264094
|switch|p1a: Gholdengo|Gholdengo|96/100
|turn|24
|
|t:|1776264098
|move|p1a: Gholdengo|Shadow Ball|p2a: Corviknight
|-damage|p2a: Corviknight|0 fnt
|faint|p2a: Corviknight
|
|upkeep
|
|t:|1776264100
|switch|p2a: Slowking|Slowking-Galar, F|100/100 par
|-damage|p2a: Slowking|88/100 par|[from] Stealth Rock
|turn|25
|
|t:|1776264108
|move|p1a: Gholdengo|Shadow Ball|p2a: Slowking
|-supereffective|p2a: Slowking
|-damage|p2a: Slowking|42/100 par
|move|p2a: Slowking|Future Sight|p1a: Gholdengo
|-start|p2a: Slowking|move: Future Sight
|
|upkeep
|turn|26
|
|t:|1776264113
|-terastallize|p2a: Slowking|Water
|move|p1a: Gholdengo|Shadow Ball|p2a: Slowking
|-damage|p2a: Slowking|19/100 par
|-unboost|p2a: Slowking|spd|1
|cant|p2a: Slowking|par
|
|upkeep
|turn|27
|
|t:|1776264123
|move|p1a: Gholdengo|Shadow Ball|p2a: Slowking
|-damage|p2a: Slowking|0 fnt
|faint|p2a: Slowking
|
|win|breezeboy
|raw|breezeboy's rating: 1103 &rarr; <strong>1124</strong><br />(+21 for winning)
|raw|Aleskz's rating: 1052 &rarr; <strong>1037</strong><br />(-15 for losing)
|l|☆Aleskz
|player|p2|
|c|☆breezeboy|gg
