|html|<div class="broadcast-blue"><strong>[Gen 9] OU is currently suspecting Tera Blast! For information on how to participate check out the <a href="https://www.smogon.com/tools/suspects/view/200">suspect thread</a>.</strong></div>
|j|☆jadenyng
|j|☆milk master 95
|t:|1776113734
|gametype|singles
|player|p1|jadenyng|brawly|1238
|player|p2|milk master 95|169|1284
|gen|9
|tier|[Gen 9] OU
|rated|
|rule|HP Percentage Mod: HP is shown in percentages
|rule|Endless Battle Clause: Forcing endless battles is banned
|rule|Species Clause: Limit one of each Pokémon
|rule|OHKO Clause: OHKO moves are banned
|rule|Evasion Items Clause: Evasion items are banned
|rule|Evasion Moves Clause: Evasion moves are banned
|rule|Evasion Abilities Clause: Evasion abilities are banned
|rule|Sleep Moves Clause: Sleep-inducing moves are banned
|clearpoke
|poke|p1|Tornadus, M|
|poke|p1|Toxtricity, M|
|poke|p1|Iron Valiant|
|poke|p1|Arcanine-Hisui, M|
|poke|p1|Brambleghast, M|
|poke|p1|Hydreigon, M|
|poke|p2|Ribombee, F|
|poke|p2|Great Tusk|
|poke|p2|Gholdengo|
|poke|p2|Manaphy|
|poke|p2|Kingambit, F|
|poke|p2|Iron Moth|
|teampreview
|
|t:|1776113768
|teamsize|p1|6
|teamsize|p2|6
|start
|switch|p1a: Tornadus|Tornadus, M, shiny|100/100
|switch|p2a: Ribombee|Ribombee, F|100/100
|turn|1
|inactive|Battle timer is ON: inactive players will automatically lose when time's up. (requested by jadenyng)
|
|t:|1776113787
|move|p1a: Tornadus|Taunt|p2a: Ribombee
|-start|p2a: Ribombee|move: Taunt
|cant|p2a: Ribombee|move: Taunt|Sticky Web
|
|upkeep
|turn|2
|
|t:|1776113805
|switch|p2a: Gholdengo|Gholdengo|100/100
|-item|p2a: Gholdengo|Air Balloon
|move|p1a: Tornadus|Hurricane|p2a: Gholdengo
|-resisted|p2a: Gholdengo
|-damage|p2a: Gholdengo|67/100
|-start|p2a: Gholdengo|confusion
|-enditem|p2a: Gholdengo|Air Balloon
|
|upkeep
|turn|3
|
|t:|1776113819
|move|p1a: Tornadus|Tailwind|p1a: Tornadus
|-sidestart|p1: jadenyng|move: Tailwind
|-activate|p2a: Gholdengo|confusion
|-damage|p2a: Gholdengo|62/100|[from] confusion
|
|upkeep
|turn|4
|
|t:|1776113823
|move|p1a: Tornadus|Hurricane|p2a: Gholdengo
|-resisted|p2a: Gholdengo
|-damage|p2a: Gholdengo|29/100
|-activate|p2a: Gholdengo|confusion
|move|p2a: Gholdengo|Shadow Ball|p1a: Tornadus
|-damage|p1a: Tornadus|37/100
|-enditem|p1a: Tornadus|Eject Button
|
|t:|1776113839
|switch|p1a: Brambleghast|Brambleghast, M, shiny|100/100
|-ability|p1a: Brambleghast|Wind Rider|boost
|-boost|p1a: Brambleghast|atk|1
|
|upkeep
|turn|5
|
|t:|1776113847
|move|p1a: Brambleghast|Poltergeist||[still]
|-fail|p1a: Brambleghast
|-activate|p2a: Gholdengo|confusion
|-damage|p2a: Gholdengo|24/100|[from] confusion
|
|upkeep
|turn|6
|
|t:|1776113855
|move|p1a: Brambleghast|Shadow Sneak|p2a: Gholdengo
|-supereffective|p2a: Gholdengo
|-damage|p2a: Gholdengo|0 fnt
|faint|p2a: Gholdengo
|-damage|p1a: Brambleghast|91/100|[from] item: Life Orb
|
|-sideend|p1: jadenyng|move: Tailwind
|upkeep
|
|t:|1776113861
|switch|p2a: Ribombee|Ribombee, F|100/100
|turn|7
|
|t:|1776113864
|move|p2a: Ribombee|Sticky Web|p1a: Brambleghast
|-sidestart|p1: jadenyng|move: Sticky Web
|move|p1a: Brambleghast|Rapid Spin|p2a: Ribombee
|-crit|p2a: Ribombee
|-damage|p2a: Ribombee|7/100
|-boost|p1a: Brambleghast|spe|1
|-sideend|p1: jadenyng|Sticky Web|[from] move: Rapid Spin|[of] p1a: Brambleghast
|-damage|p1a: Brambleghast|81/100|[from] item: Life Orb
|
|upkeep
|turn|8
|
|t:|1776113877
|switch|p2a: Kingambit|Kingambit, F|100/100
|-activate|p2a: Kingambit|ability: Supreme Overlord
|-start|p2a: Kingambit|fallen1|[silent]
|move|p1a: Brambleghast|Shadow Sneak|p2a: Kingambit
|-resisted|p2a: Kingambit
|-damage|p2a: Kingambit|84/100
|-damage|p1a: Brambleghast|71/100|[from] item: Life Orb
|
|-heal|p2a: Kingambit|90/100|[from] item: Leftovers
|upkeep
|turn|9
|
|t:|1776113896
|switch|p1a: Hydreigon|Hydreigon, M, shiny|100/100
|move|p2a: Kingambit|Iron Head|p1a: Hydreigon
|-damage|p1a: Hydreigon|45/100
|
|-heal|p2a: Kingambit|96/100|[from] item: Leftovers
|upkeep
|turn|10
|
|t:|1776113905
|-end|p2a: Kingambit|fallen1|[silent]
|switch|p2a: Manaphy|Manaphy|100/100
|move|p1a: Hydreigon|Stealth Rock|p2a: Manaphy
|-sidestart|p2: milk master 95|move: Stealth Rock
|
|upkeep
|turn|11
|
|t:|1776113910
|move|p2a: Manaphy|Take Heart|p2a: Manaphy
|-boost|p2a: Manaphy|spa|1
|-boost|p2a: Manaphy|spd|1
|move|p1a: Hydreigon|Draco Meteor|p2a: Manaphy
|-damage|p2a: Manaphy|64/100
|-unboost|p1a: Hydreigon|spa|2
|-enditem|p1a: Hydreigon|Eject Pack
|
|t:|1776113922
|switch|p1a: Iron Valiant|Iron Valiant, shiny|100/100
|
|-heal|p2a: Manaphy|70/100|[from] item: Leftovers
|upkeep
|turn|12
|
|t:|1776113936
|move|p1a: Iron Valiant|Thunderbolt|p2a: Manaphy
|-supereffective|p2a: Manaphy
|-damage|p2a: Manaphy|22/100
|move|p2a: Manaphy|Acid Armor|p2a: Manaphy
|-boost|p2a: Manaphy|def|2
|
|-heal|p2a: Manaphy|29/100|[from] item: Leftovers
|upkeep
|turn|13
|
|t:|1776113941
|move|p1a: Iron Valiant|Thunderbolt|p2a: Manaphy
|-supereffective|p2a: Manaphy
|-damage|p2a: Manaphy|0 fnt
|faint|p2a: Manaphy
|
|upkeep
|
|t:|1776113948
|switch|p2a: Great Tusk|Great Tusk|100/100
|-damage|p2a: Great Tusk|98/100|[from] Stealth Rock
|turn|14
|
|t:|1776113958
|-end|p1a: Iron Valiant|Quark Drive|[silent]
|switch|p1a: Hydreigon|Hydreigon, M, shiny|45/100
|move|p2a: Great Tusk|Ice Spinner|p1a: Hydreigon
|-supereffective|p1a: Hydreigon
|-damage|p1a: Hydreigon|0 fnt
|faint|p1a: Hydreigon
|
|-heal|p2a: Great Tusk|100/100|[from] item: Leftovers
|upkeep
|
|t:|1776113961
|switch|p1a: Tornadus|Tornadus, M, shiny|37/100
|turn|15
|
|t:|1776113965
|-terastallize|p2a: Great Tusk|Electric
|move|p1a: Tornadus|Hurricane|p2a: Great Tusk
|-resisted|p2a: Great Tusk
|-damage|p2a: Great Tusk|62/100
|move|p2a: Great Tusk|Rapid Spin|p1a: Tornadus
|-damage|p1a: Tornadus|11/100
|-boost|p2a: Great Tusk|spe|1
|-sideend|p2: milk master 95|Stealth Rock|[from] move: Rapid Spin|[of] p2a: Great Tusk
|
|-heal|p2a: Great Tusk|69/100|[from] item: Leftovers
|upkeep
|turn|16
|
|t:|1776113975
|move|p1a: Tornadus|Tailwind|p1a: Tornadus
|-sidestart|p1: jadenyng|move: Tailwind
|move|p2a: Great Tusk|Bulk Up|p2a: Great Tusk
|-boost|p2a: Great Tusk|atk|1
|-boost|p2a: Great Tusk|def|1
|
|-heal|p2a: Great Tusk|75/100|[from] item: Leftovers
|upkeep
|turn|17
|
|t:|1776113996
|move|p1a: Tornadus|Focus Blast|p2a: Great Tusk
|-damage|p2a: Great Tusk|16/100
|-unboost|p2a: Great Tusk|spd|1
|move|p2a: Great Tusk|Rapid Spin|p1a: Tornadus
|-crit|p1a: Tornadus
|-damage|p1a: Tornadus|0 fnt
|-boost|p2a: Great Tusk|spe|1
|faint|p1a: Tornadus
|
|-heal|p2a: Great Tusk|23/100|[from] item: Leftovers
|upkeep
|
|t:|1776114006
|switch|p1a: Iron Valiant|Iron Valiant, shiny|100/100
|turn|18
|
|t:|1776114013
|move|p1a: Iron Valiant|Vacuum Wave|p2a: Great Tusk
|-damage|p2a: Great Tusk|0 fnt
|faint|p2a: Great Tusk
|-end|p2a: Great Tusk|Protosynthesis|[silent]
|
|upkeep
|
|t:|1776114017
|switch|p2a: Iron Moth|Iron Moth|100/100
|-enditem|p2a: Iron Moth|Booster Energy
|-activate|p2a: Iron Moth|ability: Quark Drive|[fromitem]
|-start|p2a: Iron Moth|quarkdrivespe
|turn|19
|
|t:|1776114033
|-end|p1a: Iron Valiant|Quark Drive|[silent]
|switch|p1a: Brambleghast|Brambleghast, M, shiny|71/100
|-ability|p1a: Brambleghast|Wind Rider|boost
|-boost|p1a: Brambleghast|atk|1
|move|p2a: Iron Moth|Substitute|p2a: Iron Moth
|-start|p2a: Iron Moth|Substitute
|-damage|p2a: Iron Moth|75/100
|
|-sideend|p1: jadenyng|move: Tailwind
|upkeep
|turn|20
|
|t:|1776114047
|move|p1a: Brambleghast|Shadow Sneak|p2a: Iron Moth
|-end|p2a: Iron Moth|Substitute
|-damage|p1a: Brambleghast|61/100|[from] item: Life Orb
|move|p2a: Iron Moth|Fiery Dance|p1a: Brambleghast
|-supereffective|p1a: Brambleghast
|-damage|p1a: Brambleghast|0 fnt
|-boost|p2a: Iron Moth|spa|1
|faint|p1a: Brambleghast
|
|upkeep
|
|t:|1776114066
|switch|p1a: Arcanine|Arcanine-Hisui, M, shiny|100/100
|turn|21
|
|t:|1776114082
|move|p2a: Iron Moth|Substitute|p2a: Iron Moth
|-start|p2a: Iron Moth|Substitute
|-damage|p2a: Iron Moth|50/100
|move|p1a: Arcanine|Close Combat|p2a: Iron Moth
|-resisted|p2a: Iron Moth
|-end|p2a: Iron Moth|Substitute
|-unboost|p1a: Arcanine|def|1
|-unboost|p1a: Arcanine|spd|1
|
|upkeep
|turn|22
|
|t:|1776114095
|switch|p1a: Toxtricity|Toxtricity, M, shiny|100/100
|move|p2a: Iron Moth|Substitute|p2a: Iron Moth
|-start|p2a: Iron Moth|Substitute
|-damage|p2a: Iron Moth|25/100
|
|upkeep
|turn|23
|
|t:|1776114102
|move|p2a: Iron Moth|Fiery Dance|p1a: Toxtricity
|-damage|p1a: Toxtricity|10/100
|move|p1a: Toxtricity|Boomburst|p2a: Iron Moth
|-damage|p2a: Iron Moth|0 fnt
|faint|p2a: Iron Moth
|-end|p2a: Iron Moth|Quark Drive|[silent]
|
|upkeep
|
|t:|1776114109
|switch|p2a: Ribombee|Ribombee, F|7/100
|turn|24
|
|t:|1776114111
|move|p2a: Ribombee|Psychic|p1a: Toxtricity
|-supereffective|p1a: Toxtricity
|-damage|p1a: Toxtricity|0 fnt
|faint|p1a: Toxtricity
|
|upkeep
|
|t:|1776114114
|switch|p1a: Iron Valiant|Iron Valiant, shiny|100/100
|turn|25
|
|t:|1776114120
|move|p1a: Iron Valiant|Vacuum Wave|p2a: Ribombee
|-resisted|p2a: Ribombee
|-damage|p2a: Ribombee|0 fnt
|faint|p2a: Ribombee
|
|upkeep
|
|t:|1776114123
|switch|p2a: Kingambit|Kingambit, F|96/100
|-activate|p2a: Kingambit|ability: Supreme Overlord
|-start|p2a: Kingambit|fallen5|[silent]
|turn|26
|l|☆milk master 95
|inactive|milk master 95 disconnected and has a minute to reconnect!
|player|p2|
|j|☆milk master 95
|inactive|milk master 95 reconnected and has 110 seconds left.
|player|p2|milk master 95|169|
|
|t:|1776114166
|move|p1a: Iron Valiant|Vacuum Wave|p2a: Kingambit
|-supereffective|p2a: Kingambit
|-damage|p2a: Kingambit|0 fnt
|faint|p2a: Kingambit
|-end|p2a: Kingambit|fallen5|[silent]
|
|win|jadenyng
|raw|jadenyng's rating: 1210 &rarr; <strong>1240</strong><br />(+30 for winning)
|raw|milk master 95's rating: 1284 &rarr; <strong>1254</strong><br />(-30 for losing)
|c|☆milk master 95|gg
|l|☆milk master 95
|player|p2|
|l|☆jadenyng
|player|p1|
