|html|<div class="broadcast-blue"><strong>[Gen 9] OU is currently suspecting Tera Blast! For information on how to participate check out the <a href="https://www.smogon.com/tools/suspects/view/200">suspect thread</a>.</strong></div>
|j|☆Carlyle73
|j|☆ir0nv4l14nt
|t:|1776072480
|gametype|singles
|player|p1|Carlyle73|benga|1324
|player|p2|ir0nv4l14nt|ethan|1416
|gen|9
|tier|[Gen 9] OU
|rated|
|rule|HP Percentage Mod: HP is shown in percentages
|rule|Endless Battle Clause: Forcing endless battles is banned
|rule|Species Clause: Limit one of each Pokémon
|rule|OHKO Clause: OHKO moves are banned
|rule|Evasion Items Clause: Evasion items are banned
|rule|Evasion Moves Clause: Evasion moves are banned
|rule|Evasion Abilities Clause: Evasion abilities are banned
|rule|Sleep Moves Clause: Sleep-inducing moves are banned
|clearpoke
|poke|p1|Glimmora, M|
|poke|p1|Lokix, M|
|poke|p1|Slowking-Galar, M|
|poke|p1|Reuniclus, M|
|poke|p1|Hydreigon, M|
|poke|p1|Cetitan, M|
|poke|p2|Ogerpon-Wellspring, F|
|poke|p2|Samurott-Hisui, M|
|poke|p2|Dragapult, M|
|poke|p2|Iron Moth|
|poke|p2|Dragonite, M|
|poke|p2|Great Tusk|
|teampreview
|inactive|Battle timer is ON: inactive players will automatically lose when time's up. (requested by ir0nv4l14nt)
|
|t:|1776072491
|teamsize|p1|6
|teamsize|p2|6
|start
|switch|p1a: Lokix|Lokix, M|100/100
|switch|p2a: Dragapult|Dragapult, M|100/100
|turn|1
|
|t:|1776072497
|move|p2a: Dragapult|Flamethrower|p1a: Lokix
|-supereffective|p1a: Lokix
|-damage|p1a: Lokix|0 fnt
|faint|p1a: Lokix
|
|upkeep
|
|t:|1776072502
|switch|p1a: Slowking|Slowking-Galar, M|100/100
|turn|2
|
|t:|1776072505
|switch|p2a: Samurott|Samurott-Hisui, M|100/100
|-prepare|p1a: Slowking|Chilly Reception|[premajor]
|move|p1a: Slowking|Chilly Reception|p1a: Slowking
|-weather|Snowscape
|
|t:|1776072511
|switch|p1a: Glimmora|Glimmora, M|100/100|[from] Chilly Reception
|
|-weather|Snowscape|[upkeep]
|upkeep
|turn|3
|
|t:|1776072515
|move|p1a: Glimmora|Power Gem|p2a: Samurott
|-crit|p2a: Samurott
|-damage|p2a: Samurott|35/100
|move|p2a: Samurott|Ceaseless Edge|p1a: Glimmora
|-damage|p1a: Glimmora|49/100
|-activate|p1a: Glimmora|ability: Toxic Debris
|-sidestart|p2: ir0nv4l14nt|move: Toxic Spikes
|-sidestart|p1: Carlyle73|Spikes
|
|-weather|Snowscape|[upkeep]
|upkeep
|turn|4
|
|t:|1776072525
|switch|p2a: Great Tusk|Great Tusk|100/100
|-status|p2a: Great Tusk|psn
|-enditem|p2a: Great Tusk|Booster Energy
|-activate|p2a: Great Tusk|ability: Protosynthesis|[fromitem]
|-start|p2a: Great Tusk|protosynthesisatk
|move|p1a: Glimmora|Power Gem|p2a: Great Tusk
|-resisted|p2a: Great Tusk
|-damage|p2a: Great Tusk|85/100 psn
|
|-weather|Snowscape|[upkeep]
|-damage|p2a: Great Tusk|73/100 psn|[from] psn
|upkeep
|turn|5
|
|t:|1776072539
|move|p2a: Great Tusk|Rapid Spin|p1a: Glimmora
|-resisted|p1a: Glimmora
|-damage|p1a: Glimmora|34/100
|-boost|p2a: Great Tusk|spe|1
|-activate|p1a: Glimmora|ability: Toxic Debris
|-sidestart|p2: ir0nv4l14nt|move: Toxic Spikes
|-sideend|p2: ir0nv4l14nt|Toxic Spikes|[from] move: Rapid Spin|[of] p2a: Great Tusk
|move|p1a: Glimmora|Mortal Spin|p2a: Great Tusk
|-resisted|p2a: Great Tusk
|-damage|p2a: Great Tusk|71/100 psn
|-sideend|p1: Carlyle73|Spikes|[from] move: Mortal Spin|[of] p1a: Glimmora
|
|-weather|Snowscape|[upkeep]
|-damage|p2a: Great Tusk|58/100 psn|[from] psn
|upkeep
|turn|6
|
|t:|1776072548
|move|p2a: Great Tusk|Earthquake|p1a: Glimmora
|-supereffective|p1a: Glimmora
|-damage|p1a: Glimmora|0 fnt
|-activate|p1a: Glimmora|ability: Toxic Debris
|-sidestart|p2: ir0nv4l14nt|move: Toxic Spikes
|faint|p1a: Glimmora
|
|-weather|Snowscape|[upkeep]
|-damage|p2a: Great Tusk|46/100 psn|[from] psn
|upkeep
|
|t:|1776072554
|switch|p1a: Hydreigon|Hydreigon, M|100/100
|turn|7
|
|t:|1776072560
|move|p2a: Great Tusk|Rapid Spin|p1a: Hydreigon
|-damage|p1a: Hydreigon|73/100
|-boost|p2a: Great Tusk|spe|1
|-sideend|p2: ir0nv4l14nt|Toxic Spikes|[from] move: Rapid Spin|[of] p2a: Great Tusk
|move|p1a: Hydreigon|Substitute|p1a: Hydreigon
|-start|p1a: Hydreigon|Substitute
|-damage|p1a: Hydreigon|48/100
|
|-weather|Snowscape|[upkeep]
|-heal|p1a: Hydreigon|54/100|[from] item: Leftovers
|-damage|p2a: Great Tusk|33/100 psn|[from] psn
|upkeep
|turn|8
|
|t:|1776072572
|-end|p2a: Great Tusk|Protosynthesis|[silent]
|switch|p2a: Dragapult|Dragapult, M|100/100
|move|p1a: Hydreigon|Flash Cannon|p2a: Dragapult
|-damage|p2a: Dragapult|63/100
|
|-weather|Snowscape|[upkeep]
|-heal|p1a: Hydreigon|60/100|[from] item: Leftovers
|upkeep
|turn|9
|
|t:|1776072577
|-terastallize|p1a: Hydreigon|Steel
|move|p2a: Dragapult|Draco Meteor|p1a: Hydreigon
|-resisted|p1a: Hydreigon
|-damage|p1a: Hydreigon|12/100
|-unboost|p2a: Dragapult|spa|2
|move|p1a: Hydreigon|Draco Meteor|p2a: Dragapult
|-supereffective|p2a: Dragapult
|-damage|p2a: Dragapult|0 fnt
|-unboost|p1a: Hydreigon|spa|2
|faint|p2a: Dragapult
|
|-weather|none
|-heal|p1a: Hydreigon|18/100|[from] item: Leftovers
|upkeep
|
|t:|1776072587
|switch|p2a: Samurott|Samurott-Hisui, M|35/100
|turn|10
|
|t:|1776072590
|move|p1a: Hydreigon|Draco Meteor|p2a: Samurott
|-damage|p2a: Samurott|2/100
|-unboost|p1a: Hydreigon|spa|2
|move|p2a: Samurott|Ceaseless Edge|p1a: Hydreigon
|-end|p1a: Hydreigon|Substitute
|-sidestart|p1: Carlyle73|Spikes
|
|-heal|p1a: Hydreigon|24/100|[from] item: Leftovers
|upkeep
|turn|11
|
|t:|1776072597
|move|p2a: Samurott|Aqua Jet|p1a: Hydreigon
|-damage|p1a: Hydreigon|2/100
|move|p1a: Hydreigon|Nasty Plot|p1a: Hydreigon
|-boost|p1a: Hydreigon|spa|2
|
|-heal|p1a: Hydreigon|8/100|[from] item: Leftovers
|upkeep
|turn|12
|
|t:|1776072601
|move|p2a: Samurott|Aqua Jet|p1a: Hydreigon
|-damage|p1a: Hydreigon|0 fnt
|faint|p1a: Hydreigon
|
|upkeep
|
|t:|1776072603
|switch|p1a: Cetitan|Cetitan, M, shiny|100/100
|-damage|p1a: Cetitan|88/100|[from] Spikes
|turn|13
|
|t:|1776072609
|move|p1a: Cetitan|Ice Shard|p2a: Samurott
|-resisted|p2a: Samurott
|-damage|p2a: Samurott|0 fnt
|faint|p2a: Samurott
|
|upkeep
|
|t:|1776072614
|switch|p2a: Iron Moth|Iron Moth|100/100
|-enditem|p2a: Iron Moth|Booster Energy
|-activate|p2a: Iron Moth|ability: Quark Drive|[fromitem]
|-start|p2a: Iron Moth|quarkdrivespe
|turn|14
|
|t:|1776072617
|switch|p1a: Slowking|Slowking-Galar, M|100/100
|-damage|p1a: Slowking|88/100|[from] Spikes
|move|p2a: Iron Moth|Fiery Dance|p1a: Slowking
|-damage|p1a: Slowking|54/100
|-boost|p2a: Iron Moth|spa|1
|
|upkeep
|turn|15
|
|t:|1776072625
|-terastallize|p2a: Iron Moth|Grass
|move|p2a: Iron Moth|Fiery Dance|p1a: Slowking
|-crit|p1a: Slowking
|-damage|p1a: Slowking|0 fnt
|-boost|p2a: Iron Moth|spa|1
|faint|p1a: Slowking
|
|upkeep
|
|t:|1776072631
|switch|p1a: Reuniclus|Reuniclus, M|100/100
|turn|16
|
|t:|1776072634
|move|p2a: Iron Moth|Fiery Dance|p1a: Reuniclus
|-damage|p1a: Reuniclus|29/100
|-boost|p2a: Iron Moth|spa|1
|move|p1a: Reuniclus|Psychic Noise|p2a: Iron Moth
|-damage|p2a: Iron Moth|58/100
|-start|p2a: Iron Moth|move: Heal Block
|
|upkeep
|turn|17
|
|t:|1776072642
|move|p2a: Iron Moth|Fiery Dance|p1a: Reuniclus
|-damage|p1a: Reuniclus|0 fnt
|-boost|p2a: Iron Moth|spa|1
|faint|p1a: Reuniclus
|
|-end|p2a: Iron Moth|move: Heal Block
|upkeep
|
|t:|1776072644
|switch|p1a: Cetitan|Cetitan, M, shiny|88/100
|-damage|p1a: Cetitan|76/100|[from] Spikes
|turn|18
|
|t:|1776072645
|move|p1a: Cetitan|Ice Shard|p2a: Iron Moth
|-supereffective|p2a: Iron Moth
|-damage|p2a: Iron Moth|0 fnt
|faint|p2a: Iron Moth
|-end|p2a: Iron Moth|Quark Drive|[silent]
|
|upkeep
|
|t:|1776072648
|switch|p2a: Ogerpon|Ogerpon-Wellspring, F|100/100
|turn|19
|
|t:|1776072651
|move|p2a: Ogerpon|Ivy Cudgel|p1a: Cetitan|[anim] Ivy Cudgel Water
|-damage|p1a: Cetitan|19/100
|-enditem|p1a: Cetitan|Sitrus Berry|[eat]
|-heal|p1a: Cetitan|44/100|[from] item: Sitrus Berry
|move|p1a: Cetitan|Icicle Crash|p2a: Ogerpon
|-damage|p2a: Ogerpon|50/100
|
|upkeep
|turn|20
|
|t:|1776072658
|move|p1a: Cetitan|Ice Shard|p2a: Ogerpon
|-damage|p2a: Ogerpon|26/100
|move|p2a: Ogerpon|Ivy Cudgel|p1a: Cetitan|[anim] Ivy Cudgel Water
|-crit|p1a: Cetitan
|-damage|p1a: Cetitan|0 fnt
|faint|p1a: Cetitan
|
|win|ir0nv4l14nt
|raw|Carlyle73's rating: 1324 &rarr; <strong>1309</strong><br />(-15 for losing)
|raw|ir0nv4l14nt's rating: 1416 &rarr; <strong>1431</strong><br />(+15 for winning)
|l|☆Carlyle73
|player|p1|
|l|☆ir0nv4l14nt
|player|p2|
