|html|<div class="broadcast-blue"><strong>[Gen 9] OU is currently suspecting Tera Blast! For information on how to participate check out the <a href="https://www.smogon.com/tools/suspects/view/200">suspect thread</a>.</strong></div>
|j|☆peterraptor1
|j|☆Syph0n_78
|t:|1776043124
|gametype|singles
|player|p1|peterraptor1|lance|1320
|player|p2|Syph0n_78|cynthia-gen4|1387
|gen|9
|tier|[Gen 9] OU
|rated|
|rule|HP Percentage Mod: HP is shown in percentages
|rule|Endless Battle Clause: Forcing endless battles is banned
|rule|Species Clause: Limit one of each Pokémon
|rule|OHKO Clause: OHKO moves are banned
|rule|Evasion Items Clause: Evasion items are banned
|rule|Evasion Moves Clause: Evasion moves are banned
|rule|Evasion Abilities Clause: Evasion abilities are banned
|rule|Sleep Moves Clause: Sleep-inducing moves are banned
|clearpoke
|poke|p1|Haxorus, M|
|poke|p1|Dragapult, M|
|poke|p1|Metagross|
|poke|p1|Serperior, M|
|poke|p1|Hitmonlee, M|
|poke|p1|Kingambit, M|
|poke|p2|Iron Thorns|
|poke|p2|Enamorus, F|
|poke|p2|Alomomola, M|
|poke|p2|Iron Treads|
|poke|p2|Cinderace, M|
|poke|p2|Hydrapple, F|
|teampreview
|inactive|Battle timer is ON: inactive players will automatically lose when time's up. (requested by peterraptor1)
|inactive|Syph0n_78 has 120 seconds left.
|
|t:|1776043168
|teamsize|p1|6
|teamsize|p2|6
|start
|switch|p1a: Hitmonlee|Hitmonlee, M|100/100
|switch|p2a: Cinderace|Cinderace, M|100/100
|turn|1
|
|t:|1776043173
|move|p1a: Hitmonlee|Endure|p1a: Hitmonlee
|-singleturn|p1a: Hitmonlee|move: Endure
|move|p2a: Cinderace|Pyro Ball|p1a: Hitmonlee
|-activate|p1a: Hitmonlee|move: Endure
|-damage|p1a: Hitmonlee|1/100
|-status|p1a: Hitmonlee|brn
|-enditem|p1a: Hitmonlee|Liechi Berry|[eat]
|-boost|p1a: Hitmonlee|atk|1|[from] item: Liechi Berry
|
|-damage|p1a: Hitmonlee|0 fnt|[from] brn
|faint|p1a: Hitmonlee
|upkeep
|c|☆peterraptor1|are you-
|c|☆Syph0n_78|damn
|c|☆Syph0n_78|LMAOOOO
|c|☆peterraptor1|btw that Hitmonlee was Reversal
|c|☆Syph0n_78|I know
|
|t:|1776043202
|switch|p1a: Metagross|Metagross, shiny|100/100
|turn|2
|c|☆Syph0n_78|I had a funny feeling
|
|t:|1776043208
|move|p2a: Cinderace|U-turn|p1a: Metagross
|-damage|p1a: Metagross|83/100
|c|☆Syph0n_78|Wait I'm not protean
|c|☆Syph0n_78|FUCK
|c|☆peterraptor1|unless you're sash...you'd be more dead than the dinosaurs
|c|☆Syph0n_78|allg
|c|☆peterraptor1|rip
|c|☆Syph0n_78|Oh no I have sucker
|c|☆Syph0n_78|I wasn't worried
|inactive|Syph0n_78 has 120 seconds left.
|c|☆peterraptor1|damn
|c|☆Syph0n_78|Lol
|c|☆peterraptor1|i forgot cinderace gets that
|
|t:|1776043255
|switch|p2a: Alomomola|Alomomola, M|100/100|[from] U-turn
|move|p1a: Metagross|Agility|p1a: Metagross
|-boost|p1a: Metagross|spe|2
|
|upkeep
|turn|3
|c|☆Syph0n_78|Anyways have fun with this lol
|
|t:|1776043269
|switch|p1a: Serperior|Serperior, M, shiny|100/100
|move|p2a: Alomomola|Liquidation|p1a: Serperior
|-resisted|p1a: Serperior
|-damage|p1a: Serperior|68/100
|
|upkeep
|turn|4
|c|☆peterraptor1|uno reverse
|c|☆Syph0n_78|Fahhh
|inactive|Syph0n_78 has 90 seconds left.
|
|t:|1776043296
|switch|p2a: Hydrapple|Hydrapple, F|100/100
|move|p1a: Serperior|Leaf Storm|p2a: Hydrapple
|-resisted|p2a: Hydrapple
|-damage|p2a: Hydrapple|87/100
|-boost|p1a: Serperior|spa|2
|
|upkeep
|turn|5
|c|☆peterraptor1|also how tf does alomamola do THAT MUCH-
|
|t:|1776043303
|move|p1a: Serperior|Dragon Pulse|p2a: Hydrapple
|-supereffective|p2a: Hydrapple
|-damage|p2a: Hydrapple|7/100
|move|p2a: Hydrapple|Nasty Plot|p2a: Hydrapple
|-boost|p2a: Hydrapple|spa|2
|
|upkeep
|turn|6
|c|☆Syph0n_78|Oh wtf
|c|☆Syph0n_78|I didn't know serp got that
|c|☆Syph0n_78|Rip
|inactive|Syph0n_78 has 90 seconds left.
|
|t:|1776043321
|move|p1a: Serperior|Leaf Storm|p2a: Hydrapple
|-resisted|p2a: Hydrapple
|-damage|p2a: Hydrapple|0 fnt
|-boost|p1a: Serperior|spa|2
|faint|p2a: Hydrapple
|
|upkeep
|
|t:|1776043325
|switch|p2a: Cinderace|Cinderace, M|100/100
|turn|7
|c|☆peterraptor1|yeah
|inactive|Syph0n_78 has 90 seconds left.
|
|t:|1776043343
|move|p2a: Cinderace|U-turn|p1a: Serperior
|-supereffective|p1a: Serperior
|-damage|p1a: Serperior|8/100
|inactive|Syph0n_78 has 90 seconds left.
|c|☆Syph0n_78|if
|c|☆Syph0n_78|I w
|c|☆Syph0n_78|WS
|c|☆Syph0n_78|FUCKING
|c|☆Syph0n_78|PROTEAN
|c|☆Syph0n_78|I hate blaze cinderace believers
|c|☆peterraptor1|fumble of the century
|c|☆Syph0n_78|They're not real
|inactive|Syph0n_78 has 60 seconds left.
|c|☆Syph0n_78|Ight thorns you fraud
|c|☆Syph0n_78|Get out
|
|t:|1776043398
|switch|p2a: Enamorus|Enamorus, F|100/100|[from] U-turn
|move|p1a: Serperior|Giga Drain|p2a: Enamorus
|-resisted|p2a: Enamorus
|-damage|p2a: Enamorus|37/100
|-heal|p1a: Serperior|40/100|[from] drain|[of] p2a: Enamorus
|
|upkeep
|turn|8
|
|t:|1776043402
|move|p1a: Serperior|Giga Drain|p2a: Enamorus
|-resisted|p2a: Enamorus
|-damage|p2a: Enamorus|0 fnt
|-heal|p1a: Serperior|58/100|[from] drain|[of] p2a: Enamorus
|faint|p2a: Enamorus
|
|upkeep
|c|☆Syph0n_78|That's
|c|☆Syph0n_78|Not thorns
|
|t:|1776043414
|switch|p2a: Iron Thorns|Iron Thorns|100/100
|turn|9
|c|☆peterraptor1|would that not be better
|c|☆peterraptor1|bc thorns is weak to grass
|c|☆peterraptor1|while enamorus resists
|
|t:|1776043435
|-terastallize|p2a: Iron Thorns|Bug
|move|p1a: Serperior|Giga Drain|p2a: Iron Thorns
|-resisted|p2a: Iron Thorns
|-damage|p2a: Iron Thorns|46/100
|-heal|p1a: Serperior|90/100|[from] drain|[of] p2a: Iron Thorns
|move|p2a: Iron Thorns|Dragon Dance|p2a: Iron Thorns
|-boost|p2a: Iron Thorns|atk|1
|-boost|p2a: Iron Thorns|spe|1
|
|upkeep
|turn|10
|c|☆peterraptor1|oh
|c|☆Syph0n_78|Nah thorns resists
|c|☆Syph0n_78|Trust
|
|t:|1776043449
|move|p2a: Iron Thorns|Pin Missile|p1a: Serperior
|-supereffective|p1a: Serperior
|-damage|p1a: Serperior|44/100
|-supereffective|p1a: Serperior
|-damage|p1a: Serperior|0 fnt
|faint|p1a: Serperior
|-hitcount|p1: Serperior|2
|
|upkeep
|c|☆peterraptor1|OH SHIT
|c|☆Syph0n_78|(:
|c|☆peterraptor1|THATS NEW
|
|t:|1776043460
|switch|p1a: Dragapult|Dragapult, M, shiny|100/100
|turn|11
|c|☆Syph0n_78|HAHAHHA
|inactive|Syph0n_78 has 60 seconds left.
|
|t:|1776043466
|move|p1a: Dragapult|Flamethrower|p2a: Iron Thorns
|-supereffective|p2a: Iron Thorns
|-damage|p2a: Iron Thorns|0 fnt
|faint|p2a: Iron Thorns
|-end|p2a: Iron Thorns|Quark Drive|[silent]
|-damage|p1a: Dragapult|91/100|[from] item: Life Orb
|
|upkeep
|c|☆peterraptor1|anyway, now you die
|inactive|Syph0n_78 has 60 seconds left.
|c|☆Syph0n_78|lmao yea
|
|t:|1776043477
|switch|p2a: Alomomola|Alomomola, M|100/100
|turn|12
|c|☆peterraptor1|also
|inactive|Syph0n_78 has 60 seconds left.
|c|☆Syph0n_78|Uhh take that
|
|t:|1776043487
|move|p1a: Dragapult|Thunderbolt|p2a: Alomomola
|-supereffective|p2a: Alomomola
|-damage|p2a: Alomomola|26/100
|-damage|p1a: Dragapult|81/100|[from] item: Life Orb
|move|p2a: Alomomola|Play Rough|p1a: Dragapult
|-supereffective|p1a: Dragapult
|-damage|p1a: Dragapult|0 fnt
|faint|p1a: Dragapult
|
|upkeep
|c|☆peterraptor1|sure
|c|☆peterraptor1|PLAY ROUGH-
|c|☆Syph0n_78|LMAOOOO
|
|t:|1776043499
|switch|p1a: Metagross|Metagross, shiny|83/100
|turn|13
|
|t:|1776043506
|switch|p2a: Cinderace|Cinderace, M|100/100
|move|p1a: Metagross|Psychic Fangs|p2a: Cinderace
|-damage|p2a: Cinderace|32/100
|
|upkeep
|turn|14
|
|t:|1776043515
|move|p2a: Cinderace|Pyro Ball|p1a: Metagross
|-supereffective|p1a: Metagross
|-damage|p1a: Metagross|0 fnt
|faint|p1a: Metagross
|
|upkeep
|c|☆peterraptor1|WHY DOES THIS FISH DO MORE DAMAGE THAN MY DAMN HAXORUS
|
|t:|1776043527
|switch|p1a: Haxorus|Haxorus, M, shiny|100/100
|-ability|p1a: Haxorus|Mold Breaker
|turn|15
|c|☆Syph0n_78|LMFAOOOO
|
|t:|1776043539
|move|p2a: Cinderace|U-turn|p1a: Haxorus
|-damage|p1a: Haxorus|73/100
|
|t:|1776043541
|switch|p2a: Iron Treads|Iron Treads|100/100|[from] U-turn
|move|p1a: Haxorus|Dragon Dance|p1a: Haxorus
|-boost|p1a: Haxorus|atk|1
|-boost|p1a: Haxorus|spe|1
|
|upkeep
|turn|16
|
|t:|1776043546
|move|p1a: Haxorus|Close Combat|p2a: Iron Treads
|-supereffective|p2a: Iron Treads
|-damage|p2a: Iron Treads|0 fnt
|-unboost|p1a: Haxorus|def|1
|-unboost|p1a: Haxorus|spd|1
|faint|p2a: Iron Treads
|-end|p2a: Iron Treads|Quark Drive|[silent]
|
|upkeep
|inactive|Syph0n_78 has 90 seconds left.
|c|☆Syph0n_78|Uhhh
|c|☆Syph0n_78|Gl alo
|
|t:|1776043558
|switch|p2a: Alomomola|Alomomola, M|59/100
|turn|17
|inactive|Syph0n_78 has 90 seconds left.
|c|☆peterraptor1|1/10 chance you win
|
|t:|1776043567
|move|p1a: Haxorus|Scale Shot|p2a: Alomomola
|-crit|p2a: Alomomola
|-damage|p2a: Alomomola|31/100
|-damage|p2a: Alomomola|12/100
|-damage|p2a: Alomomola|0 fnt
|faint|p2a: Alomomola
|-hitcount|p2: Alomomola|3
|-unboost|p1a: Haxorus|def|1
|-boost|p1a: Haxorus|spe|1
|
|upkeep
|inactive|Syph0n_78 has 90 seconds left.
|c|☆Syph0n_78|Fahhh
|c|☆peterraptor1|well...its been fun
|c|☆peterraptor1|ggs my friend
|
|t:|1776043578
|switch|p2a: Cinderace|Cinderace, M|32/100
|turn|18
|
|t:|1776043583
|move|p2a: Cinderace|Sucker Punch|p1a: Haxorus
|-damage|p1a: Haxorus|13/100
|move|p1a: Haxorus|Scale Shot|p2a: Cinderace
|-damage|p2a: Cinderace|0 fnt
|faint|p2a: Cinderace
|-hitcount|p2: Cinderace|1
|
|win|peterraptor1
|raw|peterraptor1's rating: 1320 &rarr; <strong>1344</strong><br />(+24 for winning)
|raw|Syph0n_78's rating: 1387 &rarr; <strong>1363</strong><br />(-24 for losing)
|c|☆Syph0n_78|There's a chance if I WAS PROTEAN
|c|☆peterraptor1|yeah lol
|c|☆Syph0n_78|ight ur funny
|c|☆Syph0n_78|What's ur disc
|c|☆peterraptor1|this was the best fight I've done in a while; ggs
|c|☆peterraptor1|don't have one
|l|☆peterraptor1
|player|p1|
|c|☆Syph0n_78|Lmaoo try
