|html|<div class="broadcast-blue"><strong>[Gen 9] OU is currently suspecting Tera Blast! For information on how to participate check out the <a href="https://www.smogon.com/tools/suspects/view/200">suspect thread</a>.</strong></div>
|j|☆BuffCacture
|j|☆Dudeman737
|t:|1776057634
|gametype|singles
|player|p1|BuffCacture|2|1076
|player|p2|Dudeman737|169|1073
|gen|9
|tier|[Gen 9] OU
|rated|
|rule|HP Percentage Mod: HP is shown in percentages
|rule|Endless Battle Clause: Forcing endless battles is banned
|rule|Species Clause: Limit one of each Pokémon
|rule|OHKO Clause: OHKO moves are banned
|rule|Evasion Items Clause: Evasion items are banned
|rule|Evasion Moves Clause: Evasion moves are banned
|rule|Evasion Abilities Clause: Evasion abilities are banned
|rule|Sleep Moves Clause: Sleep-inducing moves are banned
|clearpoke
|poke|p1|Tinkaton, F|
|poke|p1|Cacturne, F|
|poke|p1|Slowbro, M|
|poke|p1|Porygon-Z|
|poke|p1|Emboar, F|
|poke|p1|Noivern, M|
|poke|p2|Garganacl, M|
|poke|p2|Kingambit, M|
|poke|p2|Maushold-Four|
|poke|p2|Greninja-*, M|
|poke|p2|Great Tusk|
|poke|p2|Gliscor, M|
|teampreview
|inactive|Battle timer is ON: inactive players will automatically lose when time's up. (requested by Dudeman737)
|
|t:|1776057667
|teamsize|p1|6
|teamsize|p2|6
|start
|switch|p1a: Tinkaton|Tinkaton, F|100/100
|switch|p2a: miceofdoom/despair|Maushold-Four|100/100
|-ability|p1a: Tinkaton|Mold Breaker
|turn|1
|inactive|Dudeman737 has 120 seconds left.
|
|t:|1776057702
|move|p2a: miceofdoom/despair|Tidy Up|p2a: miceofdoom/despair
|-boost|p2a: miceofdoom/despair|atk|1
|-boost|p2a: miceofdoom/despair|spe|1
|move|p1a: Tinkaton|Thunder Wave|p2a: miceofdoom/despair
|-status|p2a: miceofdoom/despair|par
|
|upkeep
|turn|2
|inactive|Dudeman737 has 120 seconds left.
|
|t:|1776057713
|move|p1a: Tinkaton|Gigaton Hammer|p2a: miceofdoom/despair
|-damage|p2a: miceofdoom/despair|23/100 par
|move|p2a: miceofdoom/despair|Tidy Up|p2a: miceofdoom/despair
|-boost|p2a: miceofdoom/despair|atk|1
|-boost|p2a: miceofdoom/despair|spe|1
|
|upkeep
|turn|3
|inactive|Dudeman737 has 120 seconds left.
|
|t:|1776057725
|move|p2a: miceofdoom/despair|Population Bomb|p1a: Tinkaton
|-resisted|p1a: Tinkaton
|-damage|p1a: Tinkaton|90/100
|-resisted|p1a: Tinkaton
|-damage|p1a: Tinkaton|79/100
|-resisted|p1a: Tinkaton
|-damage|p1a: Tinkaton|67/100
|-resisted|p1a: Tinkaton
|-damage|p1a: Tinkaton|56/100
|-resisted|p1a: Tinkaton
|-damage|p1a: Tinkaton|44/100
|-resisted|p1a: Tinkaton
|-damage|p1a: Tinkaton|33/100
|-resisted|p1a: Tinkaton
|-damage|p1a: Tinkaton|21/100
|-resisted|p1a: Tinkaton
|-damage|p1a: Tinkaton|10/100
|-resisted|p1a: Tinkaton
|-damage|p1a: Tinkaton|0 fnt
|faint|p1a: Tinkaton
|-hitcount|p1: Tinkaton|9
|
|upkeep
|inactive|BuffCacture has 120 seconds left.
|
|t:|1776057771
|switch|p1a: Noivern|Noivern, M|100/100
|turn|4
|
|t:|1776057783
|move|p2a: miceofdoom/despair|Population Bomb|p1a: Noivern
|-damage|p1a: Noivern|78/100
|-damage|p1a: Noivern|55/100
|-damage|p1a: Noivern|32/100
|-damage|p1a: Noivern|9/100
|-damage|p1a: Noivern|0 fnt
|faint|p1a: Noivern
|-hitcount|p1: Noivern|5
|
|upkeep
|
|t:|1776057792
|switch|p1a: Emboar|Emboar, F|100/100
|turn|5
|inactive|BuffCacture has 120 seconds left.
|
|t:|1776057813
|move|p1a: Emboar|Flare Blitz|p2a: miceofdoom/despair
|-damage|p2a: miceofdoom/despair|0 fnt
|faint|p2a: miceofdoom/despair
|-damage|p1a: Emboar|94/100|[from] Recoil
|
|upkeep
|
|t:|1776057827
|switch|p2a: lloydthegreenninja|Greninja, M|100/100
|turn|6
|
|t:|1776057834
|switch|p1a: Cacturne|Cacturne, F|100/100
|move|p2a: lloydthegreenninja|Hydro Pump|p1a: Cacturne
|-start|p2a: lloydthegreenninja|typechange|Water|[from] ability: Protean
|-immune|p1a: Cacturne|[from] ability: Water Absorb
|
|upkeep
|turn|7
|inactive|BuffCacture has 120 seconds left.
|
|t:|1776057854
|move|p2a: lloydthegreenninja|Ice Beam|p1a: Cacturne
|-supereffective|p1a: Cacturne
|-enditem|p1a: Cacturne|Focus Sash
|-damage|p1a: Cacturne|1/100
|move|p1a: Cacturne|Seed Bomb|p2a: lloydthegreenninja
|-supereffective|p2a: lloydthegreenninja
|-damage|p2a: lloydthegreenninja|0 fnt
|faint|p2a: lloydthegreenninja
|
|upkeep
|
|t:|1776057861
|switch|p2a: win condition|Kingambit, M, shiny|100/100
|-activate|p2a: win condition|ability: Supreme Overlord
|-start|p2a: win condition|fallen2|[silent]
|turn|8
|
|t:|1776057870
|move|p1a: Cacturne|Sucker Punch||[still]
|-fail|p1a: Cacturne
|move|p2a: win condition|Swords Dance|p2a: win condition
|-boost|p2a: win condition|atk|2
|
|upkeep
|turn|9
|
|t:|1776057885
|move|p1a: Cacturne|Sucker Punch||[still]
|-fail|p1a: Cacturne
|move|p2a: win condition|Swords Dance|p2a: win condition
|-boost|p2a: win condition|atk|2
|
|upkeep
|turn|10
|
|t:|1776057892
|move|p1a: Cacturne|Seed Bomb|p2a: win condition
|-resisted|p2a: win condition
|-damage|p2a: win condition|84/100
|move|p2a: win condition|Swords Dance|p2a: win condition
|-boost|p2a: win condition|atk|2
|
|upkeep
|turn|11
|
|t:|1776057898
|move|p2a: win condition|Sucker Punch|p1a: Cacturne
|-resisted|p1a: Cacturne
|-damage|p1a: Cacturne|0 fnt
|faint|p1a: Cacturne
|
|upkeep
|
|t:|1776057907
|switch|p1a: Porygon-Z|Porygon-Z|100/100
|turn|12
|
|t:|1776057920
|move|p2a: win condition|Sucker Punch||[still]
|-fail|p2a: win condition
|move|p1a: Porygon-Z|Nasty Plot|p1a: Porygon-Z
|-boost|p1a: Porygon-Z|spa|2
|
|upkeep
|turn|13
|
|t:|1776057934
|move|p1a: Porygon-Z|Tri Attack|p2a: win condition
|-resisted|p2a: win condition
|-damage|p2a: win condition|17/100
|-damage|p1a: Porygon-Z|91/100|[from] item: Life Orb
|move|p2a: win condition|Low Kick|p1a: Porygon-Z
|-supereffective|p1a: Porygon-Z
|-damage|p1a: Porygon-Z|0 fnt
|faint|p1a: Porygon-Z
|
|upkeep
|
|t:|1776057943
|switch|p1a: Emboar|Emboar, F|94/100
|turn|14
|-message|BuffCacture forfeited.
|
|win|Dudeman737
|raw|BuffCacture's rating: 1076 &rarr; <strong>1054</strong><br />(-22 for losing)
|raw|Dudeman737's rating: 1073 &rarr; <strong>1102</strong><br />(+29 for winning)
|l|☆BuffCacture
|player|p1|
|l|☆Dudeman737
|player|p2|
