|html|<div class="broadcast-blue"><strong>[Gen 9] OU is currently suspecting Tera Blast! For information on how to participate check out the <a href="https://www.smogon.com/tools/suspects/view/200">suspect thread</a>.</strong></div>
|j|☆karstagatio
|j|☆quincyst18
|t:|1776046997
|gametype|singles
|player|p1|karstagatio|zossie|1199
|player|p2|quincyst18|jogger|1260
|gen|9
|tier|[Gen 9] OU
|rated|
|rule|HP Percentage Mod: HP is shown in percentages
|rule|Endless Battle Clause: Forcing endless battles is banned
|rule|Species Clause: Limit one of each Pokémon
|rule|OHKO Clause: OHKO moves are banned
|rule|Evasion Items Clause: Evasion items are banned
|rule|Evasion Moves Clause: Evasion moves are banned
|rule|Evasion Abilities Clause: Evasion abilities are banned
|rule|Sleep Moves Clause: Sleep-inducing moves are banned
|clearpoke
|poke|p1|Dragonite, M|
|poke|p1|Great Tusk|
|poke|p1|Munkidori, M|
|poke|p1|Toxapex, M|
|poke|p1|Ambipom, M|
|poke|p1|Jumpluff, F|
|poke|p2|Meowscarada, F|
|poke|p2|Kingambit, M|
|poke|p2|Dragonite, M|
|poke|p2|Slowking, F|
|poke|p2|Cinderace, M|
|poke|p2|Great Tusk|
|teampreview
|inactive|Battle timer is ON: inactive players will automatically lose when time's up. (requested by karstagatio)
|
|t:|1776047006
|teamsize|p1|6
|teamsize|p2|6
|start
|switch|p1a: Munkidori|Munkidori, M|100/100
|switch|p2a: Cinderace|Cinderace, M|100/100
|turn|1
|
|t:|1776047011
|move|p1a: Munkidori|U-turn|p2a: Cinderace
|-resisted|p2a: Cinderace
|-damage|p2a: Cinderace|94/100
|
|t:|1776047013
|switch|p1a: Toxapex|Toxapex, M|100/100|[from] U-turn
|move|p2a: Cinderace|U-turn|p1a: Toxapex
|-resisted|p1a: Toxapex
|-damage|p1a: Toxapex|95/100
|-damage|p2a: Cinderace|78/100|[from] item: Rocky Helmet|[of] p1a: Toxapex
|
|t:|1776047020
|switch|p2a: Slowking|Slowking, F|100/100|[from] U-turn
|
|upkeep
|turn|2
|
|t:|1776047030
|switch|p1a: Munkidori|Munkidori, M|100/100
|move|p2a: Slowking|Future Sight|p1a: Munkidori
|-start|p2a: Slowking|move: Future Sight
|
|upkeep
|turn|3
|
|t:|1776047037
|switch|p2a: Great Tusk|Great Tusk|100/100
|move|p1a: Munkidori|Shadow Ball|p2a: Great Tusk
|-damage|p2a: Great Tusk|64/100
|
|upkeep
|turn|4
|
|t:|1776047050
|switch|p1a: Jumpluff|Jumpluff, F|100/100
|-end|p2a: Great Tusk|Protosynthesis|[silent]
|switch|p2a: Kingambit|Kingambit, M|100/100
|
|-end|p1a: Jumpluff|move: Future Sight
|-damage|p1a: Jumpluff|57/100
|upkeep
|turn|5
|
|t:|1776047065
|move|p1a: Jumpluff|Cotton Guard|p1a: Jumpluff
|-boost|p1a: Jumpluff|def|3
|move|p2a: Kingambit|Kowtow Cleave|p1a: Jumpluff
|-damage|p1a: Jumpluff|31/100
|
|upkeep
|turn|6
|
|t:|1776047072
|move|p1a: Jumpluff|Leech Seed|p2a: Kingambit
|-start|p2a: Kingambit|move: Leech Seed
|move|p2a: Kingambit|Kowtow Cleave|p1a: Jumpluff
|-damage|p1a: Jumpluff|3/100
|
|-damage|p2a: Kingambit|88/100|[from] Leech Seed|[of] p1a: Jumpluff
|-heal|p1a: Jumpluff|21/100|[silent]
|upkeep
|turn|7
|
|t:|1776047080
|move|p1a: Jumpluff|Protect|p1a: Jumpluff
|-singleturn|p1a: Jumpluff|Protect
|move|p2a: Kingambit|Kowtow Cleave|p1a: Jumpluff
|-activate|p1a: Jumpluff|move: Protect
|
|-heal|p2a: Kingambit|94/100|[from] item: Leftovers
|-damage|p2a: Kingambit|82/100|[from] Leech Seed|[of] p1a: Jumpluff
|-heal|p1a: Jumpluff|39/100|[silent]
|upkeep
|turn|8
|
|t:|1776047082
|move|p1a: Jumpluff|Cotton Guard|p1a: Jumpluff
|-boost|p1a: Jumpluff|def|3
|move|p2a: Kingambit|Kowtow Cleave|p1a: Jumpluff
|-damage|p1a: Jumpluff|23/100
|
|-heal|p2a: Kingambit|88/100|[from] item: Leftovers
|-damage|p2a: Kingambit|76/100|[from] Leech Seed|[of] p1a: Jumpluff
|-heal|p1a: Jumpluff|41/100|[silent]
|upkeep
|turn|9
|
|t:|1776047090
|-end|p2a: Kingambit|fallenundefined|[silent]
|switch|p2a: Cinderace|Cinderace, M|78/100
|move|p1a: Jumpluff|Protect||[still]
|-fail|p1a: Jumpluff
|
|upkeep
|turn|10
|
|t:|1776047097
|switch|p1a: Toxapex|Toxapex, M|100/100
|move|p2a: Cinderace|Will-O-Wisp|p1a: Toxapex
|-status|p1a: Toxapex|brn
|
|-damage|p1a: Toxapex|95/100 brn|[from] brn
|upkeep
|turn|11
|
|t:|1776047103
|switch|p2a: Slowking|Slowking, F|100/100
|move|p1a: Toxapex|Baneful Bunker||[still]
|-fail|p1a: Toxapex
|
|-damage|p1a: Toxapex|89/100 brn|[from] brn
|upkeep
|turn|12
|
|t:|1776047108
|move|p1a: Toxapex|Toxic Spikes|p2a: Slowking
|-sidestart|p2: quincyst18|move: Toxic Spikes
|move|p2a: Slowking|Future Sight|p1a: Toxapex
|-start|p2a: Slowking|move: Future Sight
|
|-damage|p1a: Toxapex|83/100 brn|[from] brn
|upkeep
|turn|13
|
|t:|1776047112
|switch|p1a: Munkidori|Munkidori, M|100/100
|move|p2a: Slowking|Psychic|p1a: Munkidori
|-damage|p1a: Munkidori|61/100
|
|upkeep
|turn|14
|
|t:|1776047117
|move|p1a: Munkidori|U-turn|p2a: Slowking
|-supereffective|p2a: Slowking
|-damage|p2a: Slowking|74/100
|-status|p2a: Slowking|tox|[from] ability: Toxic Chain|[of] p1a: Munkidori
|
|t:|1776047122
|switch|p1a: Ambipom|Ambipom, M|100/100|[from] U-turn
|move|p2a: Slowking|Psychic|p1a: Ambipom
|-damage|p1a: Ambipom|49/100
|-unboost|p1a: Ambipom|spd|1
|
|-end|p1a: Ambipom|move: Future Sight
|-damage|p1a: Ambipom|0 fnt
|faint|p1a: Ambipom
|-damage|p2a: Slowking|68/100 tox|[from] psn
|upkeep
|
|t:|1776047124
|switch|p1a: Dragonite|Dragonite, M|100/100
|turn|15
|
|t:|1776047134
|move|p1a: Dragonite|Substitute|p1a: Dragonite
|-start|p1a: Dragonite|Substitute
|-damage|p1a: Dragonite|76/100
|-prepare|p2a: Slowking|Chilly Reception|[premajor]
|move|p2a: Slowking|Chilly Reception|p2a: Slowking
|-weather|Snowscape
|
|t:|1776047153
|switch|p2a: Cinderace|Cinderace, M|78/100|[from] Chilly Reception
|
|-weather|Snowscape|[upkeep]
|-heal|p1a: Dragonite|82/100|[from] item: Leftovers
|upkeep
|turn|16
|
|t:|1776047163
|move|p2a: Cinderace|Court Change|p2a: Cinderace
|-swapsideconditions
|-activate|p2a: Cinderace|move: Court Change
|move|p1a: Dragonite|Dragon Dance|p1a: Dragonite
|-boost|p1a: Dragonite|atk|1
|-boost|p1a: Dragonite|spe|1
|
|-weather|Snowscape|[upkeep]
|-heal|p1a: Dragonite|88/100|[from] item: Leftovers
|upkeep
|turn|17
|
|t:|1776047168
|move|p1a: Dragonite|Dragon Dance|p1a: Dragonite
|-boost|p1a: Dragonite|atk|1
|-boost|p1a: Dragonite|spe|1
|move|p2a: Cinderace|U-turn|p1a: Dragonite
|-resisted|p1a: Dragonite
|-activate|p1a: Dragonite|move: Substitute|[damage]
|
|t:|1776047174
|switch|p2a: Dragonite|Dragonite, M|100/100|[from] U-turn
|
|-weather|Snowscape|[upkeep]
|-heal|p1a: Dragonite|94/100|[from] item: Leftovers
|upkeep
|turn|18
|
|t:|1776047177
|move|p2a: Dragonite|Extreme Speed|p1a: Dragonite
|-end|p1a: Dragonite|Substitute
|move|p1a: Dragonite|Dragon Claw|p2a: Dragonite
|-supereffective|p2a: Dragonite
|-damage|p2a: Dragonite|0 fnt
|faint|p2a: Dragonite
|
|-weather|Snowscape|[upkeep]
|-heal|p1a: Dragonite|100/100|[from] item: Leftovers
|upkeep
|
|t:|1776047183
|switch|p2a: Kingambit|Kingambit, M|76/100
|-activate|p2a: Kingambit|ability: Supreme Overlord
|-start|p2a: Kingambit|fallen1|[silent]
|turn|19
|
|t:|1776047190
|-terastallize|p2a: Kingambit|Fairy
|move|p1a: Dragonite|Substitute|p1a: Dragonite
|-start|p1a: Dragonite|Substitute
|-damage|p1a: Dragonite|76/100
|move|p2a: Kingambit|Tera Blast|p1a: Dragonite|[anim] Tera Blast Fairy
|-supereffective|p1a: Dragonite
|-end|p1a: Dragonite|Substitute
|
|-weather|none
|-heal|p1a: Dragonite|82/100|[from] item: Leftovers
|-heal|p2a: Kingambit|82/100|[from] item: Leftovers
|upkeep
|turn|20
|
|t:|1776047199
|move|p1a: Dragonite|Earthquake|p2a: Kingambit
|-damage|p2a: Kingambit|26/100
|move|p2a: Kingambit|Tera Blast|p1a: Dragonite|[anim] Tera Blast Fairy
|-supereffective|p1a: Dragonite
|-damage|p1a: Dragonite|0 fnt
|faint|p1a: Dragonite
|
|-heal|p2a: Kingambit|33/100|[from] item: Leftovers
|upkeep
|
|t:|1776047201
|switch|p1a: Toxapex|Toxapex, M|100/100 brn
|-sideend|p1: karstagatio|move: Toxic Spikes|[of] p1a: Toxapex
|turn|21
|
|t:|1776047208
|-end|p2a: Kingambit|fallen1|[silent]
|switch|p2a: Slowking|Slowking, F|100/100 tox
|move|p1a: Toxapex|Toxic Spikes|p2a: Slowking
|-sidestart|p2: quincyst18|move: Toxic Spikes
|
|-damage|p2a: Slowking|94/100 tox|[from] psn
|-damage|p1a: Toxapex|95/100 brn|[from] brn
|upkeep
|turn|22
|
|t:|1776047215
|move|p1a: Toxapex|Toxic Spikes|p2a: Slowking
|-sidestart|p2: quincyst18|move: Toxic Spikes
|move|p2a: Slowking|Psychic|p1a: Toxapex
|-supereffective|p1a: Toxapex
|-damage|p1a: Toxapex|41/100 brn
|
|-damage|p2a: Slowking|82/100 tox|[from] psn
|-damage|p1a: Toxapex|35/100 brn|[from] brn
|upkeep
|turn|23
|
|t:|1776047220
|move|p1a: Toxapex|Baneful Bunker|p1a: Toxapex
|-singleturn|p1a: Toxapex|move: Protect
|move|p2a: Slowking|Future Sight|p1a: Toxapex
|-start|p2a: Slowking|move: Future Sight
|
|-damage|p2a: Slowking|64/100 tox|[from] psn
|-damage|p1a: Toxapex|29/100 brn|[from] brn
|upkeep
|turn|24
|
|t:|1776047225
|switch|p1a: Munkidori|Munkidori, M|61/100
|-prepare|p2a: Slowking|Chilly Reception|[premajor]
|move|p2a: Slowking|Chilly Reception|p2a: Slowking
|-weather|Snowscape
|
|t:|1776047232
|switch|p2a: Meowscarada|Meowscarada, F|100/100|[from] Chilly Reception
|-status|p2a: Meowscarada|tox
|
|-weather|Snowscape|[upkeep]
|-damage|p2a: Meowscarada|94/100 tox|[from] psn
|upkeep
|turn|25
|
|t:|1776047236
|move|p2a: Meowscarada|Knock Off|p1a: Munkidori
|-start|p2a: Meowscarada|typechange|Dark|[from] ability: Protean
|-supereffective|p1a: Munkidori
|-damage|p1a: Munkidori|0 fnt
|-enditem|p1a: Munkidori|Choice Scarf|[from] move: Knock Off|[of] p2a: Meowscarada
|faint|p1a: Munkidori
|
|-weather|Snowscape|[upkeep]
|-hint|Future Sight did not hit because the target is fainted.
|-damage|p2a: Meowscarada|82/100 tox|[from] psn
|upkeep
|
|t:|1776047240
|switch|p1a: Jumpluff|Jumpluff, F|41/100
|turn|26
|
|t:|1776047248
|move|p1a: Jumpluff|Protect|p1a: Jumpluff
|-singleturn|p1a: Jumpluff|Protect
|move|p2a: Meowscarada|Knock Off|p1a: Jumpluff
|-activate|p1a: Jumpluff|move: Protect
|
|-weather|Snowscape|[upkeep]
|-damage|p2a: Meowscarada|64/100 tox|[from] psn
|upkeep
|turn|27
|
|t:|1776047250
|move|p2a: Meowscarada|Knock Off|p1a: Jumpluff
|-damage|p1a: Jumpluff|0 fnt
|-enditem|p1a: Jumpluff|Big Root|[from] move: Knock Off|[of] p2a: Meowscarada
|faint|p1a: Jumpluff
|
|-weather|Snowscape|[upkeep]
|-damage|p2a: Meowscarada|39/100 tox|[from] psn
|upkeep
|
|t:|1776047253
|switch|p1a: Toxapex|Toxapex, M|63/100 brn
|turn|28
|
|t:|1776047261
|switch|p2a: Slowking|Slowking, F|97/100 tox
|move|p1a: Toxapex|Recover|p1a: Toxapex
|-heal|p1a: Toxapex|100/100 brn
|
|-weather|none
|-damage|p2a: Slowking|91/100 tox|[from] psn
|-damage|p1a: Toxapex|95/100 brn|[from] brn
|upkeep
|turn|29
|
|t:|1776047266
|move|p1a: Toxapex|Chilling Water|p2a: Slowking
|-resisted|p2a: Slowking
|-damage|p2a: Slowking|88/100 tox
|-unboost|p2a: Slowking|atk|1
|move|p2a: Slowking|Future Sight|p1a: Toxapex
|-start|p2a: Slowking|move: Future Sight
|
|-damage|p2a: Slowking|76/100 tox|[from] psn
|-damage|p1a: Toxapex|89/100 brn|[from] brn
|upkeep
|turn|30
|
|t:|1776047273
|switch|p1a: Great Tusk|Great Tusk|100/100
|-enditem|p1a: Great Tusk|Booster Energy
|-activate|p1a: Great Tusk|ability: Protosynthesis|[fromitem]
|-start|p1a: Great Tusk|protosynthesisatk
|-prepare|p2a: Slowking|Chilly Reception|[premajor]
|move|p2a: Slowking|Chilly Reception|p2a: Slowking
|-weather|Snowscape
|
|t:|1776047292
|switch|p2a: Great Tusk|Great Tusk|64/100|[from] Chilly Reception
|-status|p2a: Great Tusk|tox
|
|-weather|Snowscape|[upkeep]
|-damage|p2a: Great Tusk|58/100 tox|[from] psn
|upkeep
|turn|31
|
|t:|1776047300
|move|p1a: Great Tusk|Ice Spinner|p2a: Great Tusk
|-supereffective|p2a: Great Tusk
|-damage|p2a: Great Tusk|22/100 tox
|-damage|p1a: Great Tusk|84/100|[from] item: Rocky Helmet|[of] p2a: Great Tusk
|move|p2a: Great Tusk|Earthquake|p1a: Great Tusk
|-damage|p1a: Great Tusk|54/100
|
|-weather|Snowscape|[upkeep]
|-end|p1a: Great Tusk|move: Future Sight
|-supereffective|p1a: Great Tusk
|-damage|p1a: Great Tusk|0 fnt
|faint|p1a: Great Tusk
|-end|p1a: Great Tusk|Protosynthesis|[silent]
|-damage|p2a: Great Tusk|9/100 tox|[from] psn
|upkeep
|
|t:|1776047303
|switch|p1a: Toxapex|Toxapex, M|100/100 brn
|turn|32
|
|t:|1776047312
|move|p1a: Toxapex|Baneful Bunker|p1a: Toxapex
|-singleturn|p1a: Toxapex|move: Protect
|move|p2a: Great Tusk|Earthquake|p1a: Toxapex
|-activate|p1a: Toxapex|move: Protect
|
|-weather|Snowscape|[upkeep]
|-damage|p2a: Great Tusk|0 fnt|[from] psn
|faint|p2a: Great Tusk
|-end|p2a: Great Tusk|Protosynthesis|[silent]
|-damage|p1a: Toxapex|95/100 brn|[from] brn
|upkeep
|-message|karstagatio forfeited.
|
|win|quincyst18
|raw|karstagatio's rating: 1199 &rarr; <strong>1178</strong><br />(-21 for losing)
|raw|quincyst18's rating: 1260 &rarr; <strong>1281</strong><br />(+21 for winning)
|l|☆karstagatio
|player|p1|
|l|☆quincyst18
|player|p2|
