|html|<div class="broadcast-blue"><strong>[Gen 9] OU is currently suspecting Tera Blast! For information on how to participate check out the <a href="https://www.smogon.com/tools/suspects/view/200">suspect thread</a>.</strong></div>
|j|☆Avery Lv.100
|j|☆Foremostslam
|t:|1776097100
|gametype|singles
|player|p1|Avery Lv.100|janitor|1348
|player|p2|Foremostslam|n|1356
|gen|9
|tier|[Gen 9] OU
|rated|
|rule|HP Percentage Mod: HP is shown in percentages
|rule|Endless Battle Clause: Forcing endless battles is banned
|rule|Species Clause: Limit one of each Pokémon
|rule|OHKO Clause: OHKO moves are banned
|rule|Evasion Items Clause: Evasion items are banned
|rule|Evasion Moves Clause: Evasion moves are banned
|rule|Evasion Abilities Clause: Evasion abilities are banned
|rule|Sleep Moves Clause: Sleep-inducing moves are banned
|clearpoke
|poke|p1|Volcanion|
|poke|p1|Dragonite, M|
|poke|p1|Tyranitar, M|
|poke|p1|Landorus-Therian, M|
|poke|p1|Iron Moth|
|poke|p1|Hoopa-Unbound|
|poke|p2|Dragapult, M|
|poke|p2|Heracross, M|
|poke|p2|Iron Moth|
|poke|p2|Landorus-Therian, M|
|poke|p2|Leavanny, M|
|poke|p2|Iron Treads|
|teampreview
|
|t:|1776097104
|teamsize|p1|6
|teamsize|p2|6
|start
|switch|p1a: Volcaronot|Iron Moth|100/100
|switch|p2a: Dragapult|Dragapult, M, shiny|100/100
|-enditem|p1a: Volcaronot|Booster Energy
|-activate|p1a: Volcaronot|ability: Quark Drive|[fromitem]
|-start|p1a: Volcaronot|quarkdrivespa
|turn|1
|
|t:|1776097131
|move|p2a: Dragapult|Draco Meteor|p1a: Volcaronot
|-damage|p1a: Volcaronot|38/100
|-unboost|p2a: Dragapult|spa|2
|-enditem|p2a: Dragapult|White Herb
|-clearnegativeboost|p2a: Dragapult|[silent]
|move|p1a: Volcaronot|Fiery Dance|p2a: Dragapult
|-resisted|p2a: Dragapult
|-damage|p2a: Dragapult|61/100
|-boost|p1a: Volcaronot|spa|1
|
|upkeep
|turn|2
|inactive|Battle timer is ON: inactive players will automatically lose when time's up. (requested by Foremostslam)
|c|☆Avery Lv.100|switching is better than herb
|
|t:|1776097169
|-end|p1a: Volcaronot|Quark Drive|[silent]
|switch|p1a: Bojack-Unbound|Hoopa-Unbound|100/100
|move|p2a: Dragapult|Draco Meteor|p1a: Bojack-Unbound
|-damage|p1a: Bojack-Unbound|60/100
|-unboost|p2a: Dragapult|spa|2
|
|upkeep
|turn|3
|
|t:|1776097179
|-terastallize|p1a: Bojack-Unbound|Fairy
|move|p2a: Dragapult|U-turn|p1a: Bojack-Unbound
|-resisted|p1a: Bojack-Unbound
|-damage|p1a: Bojack-Unbound|49/100
|-enditem|p1a: Bojack-Unbound|Sitrus Berry|[eat]
|-heal|p1a: Bojack-Unbound|74/100|[from] item: Sitrus Berry
|
|t:|1776097191
|switch|p2a: Iron Treads|Iron Treads|100/100|[from] U-turn
|-enditem|p2a: Iron Treads|Booster Energy
|-activate|p2a: Iron Treads|ability: Quark Drive|[fromitem]
|-start|p2a: Iron Treads|quarkdrivespe
|move|p1a: Bojack-Unbound|Calm Mind|p1a: Bojack-Unbound
|-boost|p1a: Bojack-Unbound|spa|1
|-boost|p1a: Bojack-Unbound|spd|1
|
|upkeep
|turn|4
|
|t:|1776097208
|switch|p1a: Landorus|Landorus-Therian, M|100/100
|-ability|p1a: Landorus|Intimidate|boost
|-unboost|p2a: Iron Treads|atk|1
|move|p2a: Iron Treads|Iron Head|p1a: Landorus
|-damage|p1a: Landorus|71/100
|
|upkeep
|turn|5
|
|t:|1776097222
|move|p2a: Iron Treads|Ice Spinner|p1a: Landorus
|-supereffective|p1a: Landorus
|-damage|p1a: Landorus|0 fnt
|faint|p1a: Landorus
|
|upkeep
|
|t:|1776097231
|switch|p1a: Sherman|Dragonite, M|100/100
|turn|6
|
|t:|1776097240
|move|p2a: Iron Treads|Ice Spinner|p1a: Sherman
|-supereffective|p1a: Sherman
|-damage|p1a: Sherman|66/100
|move|p1a: Sherman|Earthquake|p2a: Iron Treads
|-supereffective|p2a: Iron Treads
|-damage|p2a: Iron Treads|0 fnt
|faint|p2a: Iron Treads
|-end|p2a: Iron Treads|Quark Drive|[silent]
|
|upkeep
|
|t:|1776097255
|switch|p2a: Leavanny|Leavanny, M|100/100
|turn|7
|
|t:|1776097265
|switch|p1a: Volcaronot|Iron Moth|38/100
|move|p2a: Leavanny|Sticky Web|p1a: Volcaronot
|-sidestart|p1: Avery Lv.100|move: Sticky Web
|
|upkeep
|turn|8
|
|t:|1776097282
|move|p1a: Volcaronot|Fiery Dance|p2a: Leavanny
|-supereffective|p2a: Leavanny
|-enditem|p2a: Leavanny|Focus Sash
|-damage|p2a: Leavanny|1/100
|-boost|p1a: Volcaronot|spa|1
|move|p2a: Leavanny|Knock Off|p1a: Volcaronot
|-damage|p1a: Volcaronot|6/100
|
|upkeep
|turn|9
|
|t:|1776097290
|move|p1a: Volcaronot|Fiery Dance|p2a: Leavanny
|-supereffective|p2a: Leavanny
|-damage|p2a: Leavanny|0 fnt
|faint|p2a: Leavanny
|
|upkeep
|
|t:|1776097294
|switch|p2a: Dragapult|Dragapult, M, shiny|61/100
|turn|10
|
|t:|1776097299
|-end|p1a: Volcaronot|Quark Drive|[silent]
|switch|p1a: Bojack-Unbound|Hoopa-Unbound, tera:Fairy|74/100
|-activate|p1a: Bojack-Unbound|move: Sticky Web
|-unboost|p1a: Bojack-Unbound|spe|1
|move|p2a: Dragapult|Shadow Ball|p1a: Bojack-Unbound
|-damage|p1a: Bojack-Unbound|49/100
|
|upkeep
|turn|11
|
|t:|1776097309
|move|p2a: Dragapult|U-turn|p1a: Bojack-Unbound
|-resisted|p1a: Bojack-Unbound
|-damage|p1a: Bojack-Unbound|37/100
|
|t:|1776097312
|switch|p2a: Landorus|Landorus-Therian, M|100/100|[from] U-turn
|-ability|p2a: Landorus|Intimidate|boost
|-unboost|p1a: Bojack-Unbound|atk|1
|move|p1a: Bojack-Unbound|Shadow Ball|p2a: Landorus
|-damage|p2a: Landorus|50/100
|-item|p1a: Bojack-Unbound|Leftovers|[from] ability: Magician|[of] p2a: Landorus
|
|-heal|p1a: Bojack-Unbound|43/100|[from] item: Leftovers
|upkeep
|turn|12
|
|t:|1776097337
|move|p2a: Landorus|Stealth Rock|p1a: Bojack-Unbound
|-sidestart|p1: Avery Lv.100|move: Stealth Rock
|move|p1a: Bojack-Unbound|Shadow Ball|p2a: Landorus
|-damage|p2a: Landorus|3/100
|
|-heal|p1a: Bojack-Unbound|49/100|[from] item: Leftovers
|upkeep
|turn|13
|
|t:|1776097353
|move|p2a: Landorus|Earthquake|p1a: Bojack-Unbound
|-damage|p1a: Bojack-Unbound|0 fnt
|faint|p1a: Bojack-Unbound
|
|upkeep
|
|t:|1776097360
|switch|p1a: Sherman|Dragonite, M|66/100
|-damage|p1a: Sherman|42/100|[from] Stealth Rock
|turn|14
|
|t:|1776097365
|switch|p2a: Dragapult|Dragapult, M, shiny|61/100
|move|p1a: Sherman|Extreme Speed|p2a: Dragapult
|-immune|p2a: Dragapult
|
|upkeep
|turn|15
|
|t:|1776097373
|switch|p1a: The Gate|Volcanion|100/100
|-activate|p1a: The Gate|move: Sticky Web
|-unboost|p1a: The Gate|spe|1
|-damage|p1a: The Gate|76/100|[from] Stealth Rock
|move|p2a: Dragapult|Draco Meteor|p1a: The Gate
|-damage|p1a: The Gate|37/100
|-unboost|p2a: Dragapult|spa|2
|
|upkeep
|turn|16
|
|t:|1776097388
|move|p2a: Dragapult|Thunderbolt|p1a: The Gate
|-supereffective|p1a: The Gate
|-damage|p1a: The Gate|20/100
|move|p1a: The Gate|Steam Eruption|p2a: Dragapult
|-resisted|p2a: Dragapult
|-damage|p2a: Dragapult|21/100
|
|upkeep
|turn|17
|
|t:|1776097407
|switch|p1a: Reptar|Tyranitar, M|100/100
|-activate|p1a: Reptar|move: Sticky Web
|-unboost|p1a: Reptar|spe|1
|-damage|p1a: Reptar|88/100|[from] Stealth Rock
|-weather|Sandstorm|[from] ability: Sand Stream|[of] p1a: Reptar
|move|p2a: Dragapult|Draco Meteor|p1a: Reptar
|-damage|p1a: Reptar|72/100
|-unboost|p2a: Dragapult|spa|2
|
|-weather|Sandstorm|[upkeep]
|-damage|p2a: Dragapult|15/100|[from] Sandstorm
|upkeep
|turn|18
|
|t:|1776097422
|move|p2a: Dragapult|U-turn|p1a: Reptar
|-supereffective|p1a: Reptar
|-crit|p1a: Reptar
|-damage|p1a: Reptar|31/100
|
|t:|1776097425
|switch|p2a: Landorus|Landorus-Therian, M|3/100|[from] U-turn
|-ability|p2a: Landorus|Intimidate|boost
|-unboost|p1a: Reptar|atk|1
|move|p1a: Reptar|Knock Off|p2a: Landorus
|-damage|p2a: Landorus|0 fnt
|faint|p2a: Landorus
|
|-weather|Sandstorm|[upkeep]
|upkeep
|
|t:|1776097431
|switch|p2a: Heracross|Heracross, M, shiny|100/100
|turn|19
|
|t:|1776097438
|move|p2a: Heracross|Close Combat|p1a: Reptar
|-supereffective|p1a: Reptar
|-damage|p1a: Reptar|0 fnt
|-unboost|p2a: Heracross|def|1
|-unboost|p2a: Heracross|spd|1
|faint|p1a: Reptar
|
|-weather|Sandstorm|[upkeep]
|-damage|p2a: Heracross|95/100|[from] Sandstorm
|-status|p2a: Heracross|brn|[from] item: Flame Orb
|upkeep
|
|t:|1776097447
|switch|p1a: Sherman|Dragonite, M|42/100
|-damage|p1a: Sherman|17/100|[from] Stealth Rock
|turn|20
|
|t:|1776097465
|-terastallize|p2a: Heracross|Rock
|move|p2a: Heracross|Close Combat|p1a: Sherman
|-resisted|p1a: Sherman
|-damage|p1a: Sherman|0 fnt
|-unboost|p2a: Heracross|def|1
|-unboost|p2a: Heracross|spd|1
|faint|p1a: Sherman
|
|-weather|Sandstorm|[upkeep]
|-damage|p2a: Heracross|89/100 brn|[from] brn
|upkeep
|
|t:|1776097476
|switch|p1a: Volcaronot|Iron Moth|6/100
|-activate|p1a: Volcaronot|move: Sticky Web
|-unboost|p1a: Volcaronot|spe|1
|-damage|p1a: Volcaronot|0 fnt|[from] Stealth Rock
|faint|p1a: Volcaronot
|-end|p1a: Volcaronot|Quark Drive|[silent]
|
|t:|1776097481
|switch|p1a: The Gate|Volcanion|20/100
|-activate|p1a: The Gate|move: Sticky Web
|-unboost|p1a: The Gate|spe|1
|-damage|p1a: The Gate|0 fnt|[from] Stealth Rock
|faint|p1a: The Gate
|
|win|Foremostslam
|raw|Avery Lv.100's rating: 1348 &rarr; <strong>1328</strong><br />(-20 for losing)
|raw|Foremostslam's rating: 1356 &rarr; <strong>1376</strong><br />(+20 for winning)
|l|☆Foremostslam
|player|p2|
|l|☆Avery Lv.100
|player|p1|
