|html|<div class="broadcast-blue"><strong>[Gen 9] OU is currently suspecting Tera Blast! For information on how to participate check out the <a href="https://www.smogon.com/tools/suspects/view/200">suspect thread</a>.</strong></div>
|j|☆MarchingOnTogether
|j|☆redsnow0
|t:|1776082617
|gametype|singles
|player|p1|MarchingOnTogether|170|1388
|player|p2|redsnow0|169|1388
|gen|9
|tier|[Gen 9] OU
|rated|
|rule|HP Percentage Mod: HP is shown in percentages
|rule|Endless Battle Clause: Forcing endless battles is banned
|rule|Species Clause: Limit one of each Pokémon
|rule|OHKO Clause: OHKO moves are banned
|rule|Evasion Items Clause: Evasion items are banned
|rule|Evasion Moves Clause: Evasion moves are banned
|rule|Evasion Abilities Clause: Evasion abilities are banned
|rule|Sleep Moves Clause: Sleep-inducing moves are banned
|clearpoke
|poke|p1|Pelipper, M|
|poke|p1|Barraskewda, F|
|poke|p1|Thundurus-Therian, M|
|poke|p1|Iron Treads|
|poke|p1|Raging Bolt|
|poke|p1|Ogerpon-Wellspring, F|
|poke|p2|Corviknight, M|
|poke|p2|Swampert, M|
|poke|p2|Dragapult, M|
|poke|p2|Iron Valiant|
|poke|p2|Kingambit, F|
|poke|p2|Serperior, F|
|teampreview
|inactive|Battle timer is ON: inactive players will automatically lose when time's up. (requested by MarchingOnTogether)
|
|t:|1776082634
|teamsize|p1|6
|teamsize|p2|6
|start
|switch|p1a: Thundurus|Thundurus-Therian, M|100/100
|switch|p2a: Swampert|Swampert, M|100/100
|turn|1
|
|t:|1776082641
|move|p1a: Thundurus|Grass Knot|p2a: Swampert
|-supereffective|p2a: Swampert
|-damage|p2a: Swampert|28/100
|move|p2a: Swampert|Stealth Rock|p1a: Thundurus
|-sidestart|p1: MarchingOnTogether|move: Stealth Rock
|
|-heal|p2a: Swampert|34/100|[from] item: Leftovers
|upkeep
|turn|2
|
|t:|1776082650
|switch|p2a: Corviknight|Corviknight, M|100/100
|-ability|p2a: Corviknight|Pressure
|move|p1a: Thundurus|Volt Switch|p2a: Corviknight
|-supereffective|p2a: Corviknight
|-damage|p2a: Corviknight|16/100
|
|t:|1776082654
|switch|p1a: Iron Treads|Iron Treads|100/100|[from] Volt Switch
|
|upkeep
|turn|3
|
|t:|1776082660
|switch|p2a: Dragapult|Dragapult, M|100/100
|move|p1a: Iron Treads|Volt Switch|p2a: Dragapult
|-resisted|p2a: Dragapult
|-damage|p2a: Dragapult|93/100
|
|t:|1776082669
|-end|p1a: Iron Treads|Quark Drive|[silent]
|switch|p1a: Pelipper|Pelipper, M|100/100|[from] Volt Switch
|-damage|p1a: Pelipper|76/100|[from] Stealth Rock
|-weather|RainDance|[from] ability: Drizzle|[of] p1a: Pelipper
|
|-weather|RainDance|[upkeep]
|upkeep
|turn|4
|
|t:|1776082677
|switch|p1a: Iron Treads|Iron Treads|100/100
|move|p2a: Dragapult|Shadow Ball|p1a: Iron Treads
|-damage|p1a: Iron Treads|42/100
|
|-weather|RainDance|[upkeep]
|upkeep
|turn|5
|
|t:|1776082692
|-end|p1a: Iron Treads|Quark Drive|[silent]
|switch|p1a: Raging Bolt|Raging Bolt|100/100
|-damage|p1a: Raging Bolt|88/100|[from] Stealth Rock
|move|p2a: Dragapult|Shadow Ball|p1a: Raging Bolt
|-damage|p1a: Raging Bolt|49/100
|
|-weather|RainDance|[upkeep]
|upkeep
|turn|6
|
|t:|1776082706
|-terastallize|p2a: Dragapult|Ghost
|move|p2a: Dragapult|Shadow Ball|p1a: Raging Bolt
|-damage|p1a: Raging Bolt|0 fnt
|faint|p1a: Raging Bolt
|-end|p1a: Raging Bolt|Protosynthesis|[silent]
|
|-weather|RainDance|[upkeep]
|upkeep
|
|t:|1776082710
|switch|p1a: Barraskewda|Barraskewda, F|100/100
|-damage|p1a: Barraskewda|88/100|[from] Stealth Rock
|turn|7
|
|t:|1776082719
|switch|p2a: Corviknight|Corviknight, M|16/100
|-ability|p2a: Corviknight|Pressure
|move|p1a: Barraskewda|Flip Turn|p2a: Corviknight
|-damage|p2a: Corviknight|0 fnt
|-damage|p1a: Barraskewda|72/100|[from] item: Rocky Helmet|[of] p2a: Corviknight
|faint|p2a: Corviknight
|
|t:|1776082724
|switch|p1a: Ogerpon|Ogerpon-Wellspring, F|100/100|[from] Flip Turn
|-damage|p1a: Ogerpon|88/100|[from] Stealth Rock
|
|-weather|RainDance|[upkeep]
|upkeep
|
|t:|1776082736
|switch|p2a: Serperior|Serperior, F|100/100
|turn|8
|
|t:|1776082743
|move|p2a: Serperior|Leaf Storm|p1a: Ogerpon
|-damage|p1a: Ogerpon|34/100
|-boost|p2a: Serperior|spa|2
|move|p1a: Ogerpon|U-turn|p2a: Serperior
|-supereffective|p2a: Serperior
|-damage|p2a: Serperior|32/100
|
|t:|1776082749
|switch|p1a: Barraskewda|Barraskewda, F|72/100|[from] U-turn
|-damage|p1a: Barraskewda|60/100|[from] Stealth Rock
|
|-weather|RainDance|[upkeep]
|upkeep
|turn|9
|
|t:|1776082759
|switch|p2a: Swampert|Swampert, M|34/100
|move|p1a: Barraskewda|Flip Turn|p2a: Swampert
|-damage|p2a: Swampert|0 fnt
|faint|p2a: Swampert
|
|t:|1776082768
|switch|p1a: Ogerpon|Ogerpon-Wellspring, F|34/100|[from] Flip Turn
|-damage|p1a: Ogerpon|22/100|[from] Stealth Rock
|
|-weather|RainDance|[upkeep]
|upkeep
|
|t:|1776082785
|switch|p2a: Dragapult|Dragapult, M, tera:Ghost|93/100
|turn|10
|
|t:|1776082790
|move|p2a: Dragapult|Shadow Ball|p1a: Ogerpon
|-damage|p1a: Ogerpon|0 fnt
|faint|p1a: Ogerpon
|
|-weather|none
|upkeep
|
|t:|1776082793
|switch|p1a: Pelipper|Pelipper, M|76/100
|-damage|p1a: Pelipper|51/100|[from] Stealth Rock
|-weather|RainDance|[from] ability: Drizzle|[of] p1a: Pelipper
|turn|11
|
|t:|1776082801
|switch|p1a: Iron Treads|Iron Treads|42/100
|move|p2a: Dragapult|Shadow Ball|p1a: Iron Treads
|-crit|p1a: Iron Treads
|-damage|p1a: Iron Treads|0 fnt
|faint|p1a: Iron Treads
|-end|p1a: Iron Treads|Quark Drive|[silent]
|
|-weather|RainDance|[upkeep]
|upkeep
|
|t:|1776082803
|switch|p1a: Barraskewda|Barraskewda, F|60/100
|-damage|p1a: Barraskewda|48/100|[from] Stealth Rock
|turn|12
|
|t:|1776082819
|switch|p2a: Serperior|Serperior, F|32/100
|move|p1a: Barraskewda|Flip Turn|p2a: Serperior
|-resisted|p2a: Serperior
|-damage|p2a: Serperior|0 fnt
|faint|p2a: Serperior
|
|t:|1776082823
|switch|p1a: Thundurus|Thundurus-Therian, M|100/100|[from] Flip Turn
|
|-weather|RainDance|[upkeep]
|upkeep
|
|t:|1776082837
|switch|p2a: Dragapult|Dragapult, M, tera:Ghost|93/100
|turn|13
|
|t:|1776082843
|move|p2a: Dragapult|Draco Meteor|p1a: Thundurus
|-damage|p1a: Thundurus|0 fnt
|-unboost|p2a: Dragapult|spa|2
|faint|p1a: Thundurus
|
|-weather|RainDance|[upkeep]
|upkeep
|
|t:|1776082845
|switch|p1a: Barraskewda|Barraskewda, F|48/100
|-damage|p1a: Barraskewda|35/100|[from] Stealth Rock
|turn|14
|
|t:|1776082871
|move|p1a: Barraskewda|Flip Turn|p2a: Dragapult
|-damage|p2a: Dragapult|0 fnt
|faint|p2a: Dragapult
|
|t:|1776082874
|switch|p1a: Pelipper|Pelipper, M|51/100|[from] Flip Turn
|-damage|p1a: Pelipper|26/100|[from] Stealth Rock
|
|-weather|RainDance|[upkeep]
|upkeep
|
|t:|1776082881
|switch|p2a: Iron Valiant|Iron Valiant|100/100
|-enditem|p2a: Iron Valiant|Booster Energy
|-activate|p2a: Iron Valiant|ability: Quark Drive|[fromitem]
|-start|p2a: Iron Valiant|quarkdrivespe
|turn|15
|
|t:|1776082891
|move|p2a: Iron Valiant|Spirit Break|p1a: Pelipper
|-damage|p1a: Pelipper|0 fnt
|faint|p1a: Pelipper
|
|-weather|RainDance|[upkeep]
|upkeep
|
|t:|1776082894
|switch|p1a: Barraskewda|Barraskewda, F|35/100
|-damage|p1a: Barraskewda|23/100|[from] Stealth Rock
|turn|16
|
|t:|1776082899
|-terastallize|p1a: Barraskewda|Water
|move|p1a: Barraskewda|Aqua Jet|p2a: Iron Valiant
|-damage|p2a: Iron Valiant|9/100
|move|p2a: Iron Valiant|Spirit Break|p1a: Barraskewda
|-damage|p1a: Barraskewda|0 fnt
|faint|p1a: Barraskewda
|
|win|redsnow0
|raw|MarchingOnTogether's rating: 1388 &rarr; <strong>1368</strong><br />(-20 for losing)
|raw|redsnow0's rating: 1388 &rarr; <strong>1408</strong><br />(+20 for winning)
|l|☆MarchingOnTogether
|player|p1|
|l|☆redsnow0
|player|p2|
