|html|<div class="broadcast-blue"><strong>[Gen 9] OU is currently suspecting Tera Blast! For information on how to participate check out the <a href="https://www.smogon.com/tools/suspects/view/200">suspect thread</a>.</strong></div>
|j|☆yazloed
|j|☆spacer20x
|t:|1776113266
|gametype|singles
|player|p1|yazloed|janitor|1078
|player|p2|spacer20x|265|1064
|gen|9
|tier|[Gen 9] OU
|rated|
|rule|HP Percentage Mod: HP is shown in percentages
|rule|Endless Battle Clause: Forcing endless battles is banned
|rule|Species Clause: Limit one of each Pokémon
|rule|OHKO Clause: OHKO moves are banned
|rule|Evasion Items Clause: Evasion items are banned
|rule|Evasion Moves Clause: Evasion moves are banned
|rule|Evasion Abilities Clause: Evasion abilities are banned
|rule|Sleep Moves Clause: Sleep-inducing moves are banned
|clearpoke
|poke|p1|Crawdaunt, M|
|poke|p1|Torkoal, F|
|poke|p1|Garchomp, M|
|poke|p1|Fezandipiti, M|
|poke|p1|Rotom-Wash|
|poke|p1|Meganium, F|
|poke|p2|Dragapult, M|
|poke|p2|Heatran, F|
|poke|p2|Landorus-Therian, M|
|poke|p2|Dondozo, M|
|poke|p2|Iron Crown|
|poke|p2|Garganacl, M|
|teampreview
|
|t:|1776113279
|teamsize|p1|6
|teamsize|p2|6
|start
|switch|p1a: Meganium|Meganium, F|100/100
|switch|p2a: Garganacl|Garganacl, M, shiny|100/100
|turn|1
|
|t:|1776113292
|move|p1a: Meganium|Giga Drain|p2a: Garganacl
|-supereffective|p2a: Garganacl
|-damage|p2a: Garganacl|72/100
|move|p2a: Garganacl|Stealth Rock|p1a: Meganium
|-sidestart|p1: yazloed|move: Stealth Rock
|
|-heal|p2a: Garganacl|78/100|[from] item: Leftovers
|upkeep
|turn|2
|
|t:|1776113300
|move|p2a: Garganacl|Protect|p2a: Garganacl
|-singleturn|p2a: Garganacl|Protect
|move|p1a: Meganium|Reflect|p1a: Meganium
|-sidestart|p1: yazloed|Reflect
|
|-heal|p2a: Garganacl|84/100|[from] item: Leftovers
|upkeep
|turn|3
|
|t:|1776113308
|switch|p2a: Heatran|Heatran, F|100/100
|move|p1a: Meganium|Light Screen|p1a: Meganium
|-sidestart|p1: yazloed|move: Light Screen
|
|upkeep
|turn|4
|
|t:|1776113315
|move|p2a: Heatran|Magma Storm|p1a: Meganium|[miss]
|-miss|p2a: Heatran|p1a: Meganium
|move|p1a: Meganium|Knock Off|p2a: Heatran
|-damage|p2a: Heatran|83/100
|-enditem|p2a: Heatran|Leftovers|[from] move: Knock Off|[of] p1a: Meganium
|
|upkeep
|turn|5
|
|t:|1776113326
|switch|p1a: CwaDwaunt|Crawdaunt, M|100/100
|-damage|p1a: CwaDwaunt|88/100|[from] Stealth Rock
|move|p2a: Heatran|Magma Storm|p1a: CwaDwaunt|[miss]
|-miss|p2a: Heatran|p1a: CwaDwaunt
|
|upkeep
|turn|6
|
|t:|1776113337
|switch|p2a: Iron Crown|Iron Crown|100/100
|move|p1a: CwaDwaunt|Dragon Dance|p1a: CwaDwaunt
|-boost|p1a: CwaDwaunt|atk|1
|-boost|p1a: CwaDwaunt|spe|1
|
|upkeep
|turn|7
|
|t:|1776113362
|move|p1a: CwaDwaunt|Crunch|p2a: Iron Crown
|-supereffective|p2a: Iron Crown
|-damage|p2a: Iron Crown|0 fnt
|faint|p2a: Iron Crown
|-end|p2a: Iron Crown|Quark Drive|[silent]
|
|upkeep
|
|t:|1776113369
|switch|p2a: Landorus|Landorus-Therian, M|100/100
|-ability|p2a: Landorus|Intimidate|boost
|-unboost|p1a: CwaDwaunt|atk|1
|turn|8
|
|t:|1776113389
|move|p1a: CwaDwaunt|Crabhammer|p2a: Landorus
|-supereffective|p2a: Landorus
|-damage|p2a: Landorus|0 fnt
|-damage|p1a: CwaDwaunt|72/100|[from] item: Rocky Helmet|[of] p2a: Landorus
|faint|p2a: Landorus
|
|upkeep
|
|t:|1776113396
|switch|p2a: Dragapult|Dragapult, M, shiny|100/100
|turn|9
|
|t:|1776113408
|move|p2a: Dragapult|Dragon Darts|p1a: CwaDwaunt
|-damage|p1a: CwaDwaunt|40/100
|-anim|p2a: Dragapult|Dragon Darts|p1a: CwaDwaunt
|-damage|p1a: CwaDwaunt|11/100
|move|p1a: CwaDwaunt|Crunch|p2a: Dragapult
|-supereffective|p2a: Dragapult
|-crit|p2a: Dragapult
|-damage|p2a: Dragapult|0 fnt
|faint|p2a: Dragapult
|
|-sideend|p1: yazloed|Reflect
|upkeep
|
|t:|1776113422
|switch|p2a: Dondozo|Dondozo, M, shiny|100/100
|turn|10
|
|t:|1776113429
|move|p1a: CwaDwaunt|Crunch|p2a: Dondozo
|-damage|p2a: Dondozo|77/100
|move|p2a: Dondozo|Avalanche|p1a: CwaDwaunt
|-resisted|p1a: CwaDwaunt
|-damage|p1a: CwaDwaunt|0 fnt
|faint|p1a: CwaDwaunt
|
|-heal|p2a: Dondozo|83/100|[from] item: Leftovers
|-sideend|p1: yazloed|move: Light Screen
|upkeep
|
|t:|1776113435
|switch|p1a: Meganium|Meganium, F|100/100
|-damage|p1a: Meganium|88/100|[from] Stealth Rock
|turn|11
|
|t:|1776113444
|switch|p2a: Heatran|Heatran, F|83/100
|move|p1a: Meganium|Reflect|p1a: Meganium
|-sidestart|p1: yazloed|Reflect
|
|upkeep
|turn|12
|
|t:|1776113450
|move|p2a: Heatran|Magma Storm|p1a: Meganium|[miss]
|-miss|p2a: Heatran|p1a: Meganium
|move|p1a: Meganium|Light Screen|p1a: Meganium
|-sidestart|p1: yazloed|move: Light Screen
|
|upkeep
|turn|13
|
|t:|1776113456
|switch|p1a: Rotom|Rotom-Wash|100/100
|-damage|p1a: Rotom|88/100|[from] Stealth Rock
|move|p2a: Heatran|Magma Storm|p1a: Rotom
|-resisted|p1a: Rotom
|-damage|p1a: Rotom|72/100
|-activate|p1a: Rotom|move: Magma Storm|[of] p2a: Heatran
|
|-heal|p1a: Rotom|78/100|[from] item: Leftovers
|-damage|p1a: Rotom|66/100|[from] move: Magma Storm|[partiallytrapped]
|upkeep
|turn|14
|
|t:|1776113470
|move|p2a: Heatran|Will-O-Wisp|p1a: Rotom
|-status|p1a: Rotom|brn
|move|p1a: Rotom|Hydro Pump|p2a: Heatran
|-supereffective|p2a: Heatran
|-damage|p2a: Heatran|0 fnt
|faint|p2a: Heatran
|
|-heal|p1a: Rotom|72/100 brn|[from] item: Leftovers
|-damage|p1a: Rotom|66/100 brn|[from] brn
|-end|p1a: Rotom|Magma Storm|[partiallytrapped]|[silent]
|upkeep
|
|t:|1776113482
|switch|p2a: Garganacl|Garganacl, M, shiny|84/100
|turn|15
|
|t:|1776113487
|move|p1a: Rotom|Hydro Pump|p2a: Garganacl
|-supereffective|p2a: Garganacl
|-damage|p2a: Garganacl|14/100
|move|p2a: Garganacl|Salt Cure|p1a: Rotom
|-damage|p1a: Rotom|58/100 brn
|-start|p1a: Rotom|Salt Cure
|
|-heal|p1a: Rotom|64/100 brn|[from] item: Leftovers
|-heal|p2a: Garganacl|21/100|[from] item: Leftovers
|-damage|p1a: Rotom|58/100 brn|[from] brn
|-damage|p1a: Rotom|33/100 brn|[from] Salt Cure
|upkeep
|turn|16
|
|t:|1776113499
|move|p2a: Garganacl|Protect|p2a: Garganacl
|-singleturn|p2a: Garganacl|Protect
|move|p1a: Rotom|Hydro Pump|p2a: Garganacl
|-activate|p2a: Garganacl|move: Protect
|
|-heal|p1a: Rotom|40/100 brn|[from] item: Leftovers
|-heal|p2a: Garganacl|27/100|[from] item: Leftovers
|-damage|p1a: Rotom|33/100 brn|[from] brn
|-damage|p1a: Rotom|8/100 brn|[from] Salt Cure
|upkeep
|turn|17
|
|t:|1776113510
|move|p2a: Garganacl|Protect||[still]
|-fail|p2a: Garganacl
|move|p1a: Rotom|Hydro Pump|p2a: Garganacl
|-supereffective|p2a: Garganacl
|-damage|p2a: Garganacl|0 fnt
|faint|p2a: Garganacl
|
|-heal|p1a: Rotom|15/100 brn|[from] item: Leftovers
|-damage|p1a: Rotom|8/100 brn|[from] brn
|-damage|p1a: Rotom|0 fnt|[from] Salt Cure
|faint|p1a: Rotom
|upkeep
|
|t:|1776113522
|switch|p1a: Meganium|Meganium, F|88/100
|switch|p2a: Dondozo|Dondozo, M, shiny|83/100
|-damage|p1a: Meganium|76/100|[from] Stealth Rock
|turn|18
|
|t:|1776113531
|move|p1a: Meganium|Knock Off|p2a: Dondozo
|-damage|p2a: Dondozo|75/100
|-enditem|p2a: Dondozo|Leftovers|[from] move: Knock Off|[of] p1a: Meganium
|move|p2a: Dondozo|Avalanche|p1a: Meganium
|-supereffective|p1a: Meganium
|-damage|p1a: Meganium|51/100
|
|-sideend|p1: yazloed|Reflect
|upkeep
|turn|19
|
|t:|1776113541
|move|p1a: Meganium|Giga Drain|p2a: Dondozo
|-supereffective|p2a: Dondozo
|-damage|p2a: Dondozo|35/100
|-heal|p1a: Meganium|79/100|[from] drain|[of] p2a: Dondozo
|move|p2a: Dondozo|Avalanche|p1a: Meganium
|-supereffective|p1a: Meganium
|-damage|p1a: Meganium|30/100
|
|-sideend|p1: yazloed|move: Light Screen
|upkeep
|turn|20
|
|t:|1776113551
|move|p1a: Meganium|Reflect|p1a: Meganium
|-sidestart|p1: yazloed|Reflect
|move|p2a: Dondozo|Rest|p2a: Dondozo
|-status|p2a: Dondozo|slp|[from] move: Rest
|-heal|p2a: Dondozo|100/100 slp|[silent]
|
|upkeep
|turn|21
|
|t:|1776113558
|-terastallize|p1a: Meganium|Grass
|move|p1a: Meganium|Giga Drain|p2a: Dondozo
|-supereffective|p2a: Dondozo
|-damage|p2a: Dondozo|45/100 slp
|-heal|p1a: Meganium|68/100|[from] drain|[of] p2a: Dondozo
|cant|p2a: Dondozo|slp
|move|p2a: Dondozo|Sleep Talk|p2a: Dondozo
|move|p2a: Dondozo|Rest||[from] move: Sleep Talk|[still]
|-fail|p2a: Dondozo
|
|upkeep
|turn|22
|
|t:|1776113569
|move|p1a: Meganium|Giga Drain|p2a: Dondozo
|-supereffective|p2a: Dondozo
|-damage|p2a: Dondozo|0 fnt
|-heal|p1a: Meganium|99/100|[from] drain|[of] p2a: Dondozo
|faint|p2a: Dondozo
|
|win|yazloed
|raw|yazloed's rating: 1078 &rarr; <strong>1105</strong><br />(+27 for winning)
|raw|spacer20x's rating: 1064 &rarr; <strong>1045</strong><br />(-19 for losing)
|c|☆yazloed|gg
|c|☆spacer20x|GG
|l|☆yazloed
|player|p1|
|l|☆spacer20x
|player|p2|
