|html|<div class="broadcast-blue"><strong>[Gen 9] OU is currently suspecting Volcarona! For information on how to participate check out the <a href="https://www.smogon.com/tools/suspects/view/208">suspect thread</a>.</strong></div>
|j|☆Drez420
|j|☆imaginethat_17
|t:|1778510987
|gametype|singles
|player|p1|Drez420|265|1352
|player|p2|imaginethat_17|birdkeeper|1333
|gen|9
|tier|[Gen 9] OU
|rated|
|rule|HP Percentage Mod: HP is shown in percentages
|rule|Endless Battle Clause: Forcing endless battles is banned
|rule|Species Clause: Limit one of each Pokémon
|rule|OHKO Clause: OHKO moves are banned
|rule|Evasion Items Clause: Evasion items are banned
|rule|Evasion Moves Clause: Evasion moves are banned
|rule|Evasion Abilities Clause: Evasion abilities are banned
|rule|Sleep Moves Clause: Sleep-inducing moves are banned
|clearpoke
|poke|p1|Cinderace, M|
|poke|p1|Gliscor, M|
|poke|p1|Grimmsnarl, M|
|poke|p1|Goodra-Hisui, M|
|poke|p1|Vaporeon, M|
|poke|p1|Overqwil, M|
|poke|p2|Kyurem|
|poke|p2|Volcarona, M|
|poke|p2|Iron Valiant|
|poke|p2|Greninja-*, M|
|poke|p2|Ogerpon-Cornerstone, F|
|poke|p2|Raging Bolt|
|teampreview
|inactive|Battle timer is ON: inactive players will automatically lose when time's up. (requested by Drez420)
|
|t:|1778510993
|teamsize|p1|6
|teamsize|p2|6
|start
|switch|p1a: Grimmsnarl|Grimmsnarl, M|100/100
|switch|p2a: Kyurem|Kyurem|100/100
|-ability|p2a: Kyurem|Pressure
|turn|1
|
|t:|1778511021
|-terastallize|p2a: Kyurem|Fire
|move|p2a: Kyurem|Dragon Dance|p2a: Kyurem
|-boost|p2a: Kyurem|atk|1
|-boost|p2a: Kyurem|spe|1
|move|p1a: Grimmsnarl|Spirit Break|p2a: Kyurem
|-resisted|p2a: Kyurem
|-damage|p2a: Kyurem|84/100
|-unboost|p2a: Kyurem|spa|1
|
|upkeep
|turn|2
|
|t:|1778511033
|move|p1a: Grimmsnarl|Reflect|p1a: Grimmsnarl
|-sidestart|p1: Drez420|Reflect
|move|p2a: Kyurem|Icicle Spear|p1a: Grimmsnarl
|-damage|p1a: Grimmsnarl|88/100
|-damage|p1a: Grimmsnarl|75/100
|-damage|p1a: Grimmsnarl|65/100
|-damage|p1a: Grimmsnarl|53/100
|-hitcount|p1a: Grimmsnarl|4
|
|upkeep
|turn|3
|
|t:|1778511043
|move|p1a: Grimmsnarl|Parting Shot|p2a: Kyurem
|-unboost|p2a: Kyurem|atk|1
|-unboost|p2a: Kyurem|spa|1
|
|t:|1778511046
|switch|p1a: Vaporeon|Vaporeon, M|100/100|[from] Parting Shot
|move|p2a: Kyurem|Icicle Spear|p1a: Vaporeon
|-resisted|p1a: Vaporeon
|-damage|p1a: Vaporeon|97/100
|-resisted|p1a: Vaporeon
|-damage|p1a: Vaporeon|93/100
|-resisted|p1a: Vaporeon
|-damage|p1a: Vaporeon|89/100
|-resisted|p1a: Vaporeon
|-damage|p1a: Vaporeon|86/100
|-resisted|p1a: Vaporeon
|-damage|p1a: Vaporeon|82/100
|-hitcount|p1a: Vaporeon|5
|
|-heal|p1a: Vaporeon|88/100|[from] item: Leftovers
|upkeep
|turn|4
|inactive|imaginethat_17 has 120 seconds left.
|
|t:|1778511097
|move|p2a: Kyurem|Scale Shot|p1a: Vaporeon
|-damage|p1a: Vaporeon|80/100
|-damage|p1a: Vaporeon|73/100
|-damage|p1a: Vaporeon|66/100
|-damage|p1a: Vaporeon|59/100
|-hitcount|p1a: Vaporeon|4
|-unboost|p2a: Kyurem|def|1
|-boost|p2a: Kyurem|spe|1
|move|p1a: Vaporeon|Ice Beam|p2a: Kyurem
|-resisted|p2a: Kyurem
|-damage|p2a: Kyurem|71/100
|
|-heal|p1a: Vaporeon|65/100|[from] item: Leftovers
|upkeep
|turn|5
|inactive|imaginethat_17 has 90 seconds left.
|
|t:|1778511113
|move|p2a: Kyurem|Earth Power|p1a: Vaporeon
|-damage|p1a: Vaporeon|55/100
|move|p1a: Vaporeon|Scald|p2a: Kyurem
|-supereffective|p2a: Kyurem
|-damage|p2a: Kyurem|0 fnt
|faint|p2a: Kyurem
|
|-heal|p1a: Vaporeon|62/100|[from] item: Leftovers
|upkeep
|inactive|imaginethat_17 has 90 seconds left.
|
|t:|1778511122
|switch|p2a: Raging Bolt|Raging Bolt|100/100
|-enditem|p2a: Raging Bolt|Booster Energy
|-activate|p2a: Raging Bolt|ability: Protosynthesis|[fromitem]
|-start|p2a: Raging Bolt|protosynthesisspa
|turn|6
|
|t:|1778511129
|switch|p1a: Grimmsnarl|Grimmsnarl, M|53/100
|move|p2a: Raging Bolt|Calm Mind|p2a: Raging Bolt
|-boost|p2a: Raging Bolt|spa|1
|-boost|p2a: Raging Bolt|spd|1
|
|upkeep
|turn|7
|
|t:|1778511136
|move|p1a: Grimmsnarl|Light Screen|p1a: Grimmsnarl
|-sidestart|p1: Drez420|move: Light Screen
|move|p2a: Raging Bolt|Thunderbolt|p1a: Grimmsnarl
|-damage|p1a: Grimmsnarl|2/100
|-status|p1a: Grimmsnarl|par
|
|upkeep
|turn|8
|
|t:|1778511146
|switch|p1a: Gliscor|Gliscor, M|100/100
|move|p2a: Raging Bolt|Thunderbolt|p1a: Gliscor
|-immune|p1a: Gliscor
|
|-status|p1a: Gliscor|tox|[from] item: Toxic Orb
|upkeep
|turn|9
|
|t:|1778511154
|move|p2a: Raging Bolt|Dragon Pulse|p1a: Gliscor
|-damage|p1a: Gliscor|50/100 tox
|move|p1a: Gliscor|Earthquake|p2a: Raging Bolt
|-supereffective|p2a: Raging Bolt
|-damage|p2a: Raging Bolt|20/100
|
|-heal|p1a: Gliscor|62/100 tox|[from] ability: Poison Heal
|-sideend|p1: Drez420|Reflect
|upkeep
|turn|10
|inactive|imaginethat_17 has 120 seconds left.
|
|t:|1778511164
|move|p1a: Gliscor|Protect|p1a: Gliscor
|-singleturn|p1a: Gliscor|Protect
|move|p2a: Raging Bolt|Calm Mind|p2a: Raging Bolt
|-boost|p2a: Raging Bolt|spa|1
|-boost|p2a: Raging Bolt|spd|1
|
|-heal|p1a: Gliscor|74/100 tox|[from] ability: Poison Heal
|upkeep
|turn|11
|inactive|Drez420 has 120 seconds left.
|
|t:|1778511218
|switch|p1a: Grimmsnarl|Grimmsnarl, M|2/100 par
|move|p2a: Raging Bolt|Thunderbolt|p1a: Grimmsnarl
|-damage|p1a: Grimmsnarl|0 fnt
|faint|p1a: Grimmsnarl
|
|upkeep
|
|t:|1778511227
|switch|p1a: Cinderace|Cinderace, M|100/100
|turn|12
|
|t:|1778511231
|move|p2a: Raging Bolt|Thunderclap|p1a: Cinderace
|-damage|p1a: Cinderace|38/100
|move|p1a: Cinderace|U-turn|p2a: Raging Bolt
|-start|p1a: Cinderace|typechange|Bug|[from] ability: Libero
|-damage|p2a: Raging Bolt|0 fnt
|faint|p2a: Raging Bolt
|-end|p2a: Raging Bolt|Protosynthesis|[silent]
|
|t:|1778511241
|switch|p1a: Gliscor|Gliscor, M|74/100 tox|[from] U-turn
|
|-heal|p1a: Gliscor|87/100 tox|[from] ability: Poison Heal
|upkeep
|
|t:|1778511264
|switch|p2a: Greninja|Greninja, M|100/100
|turn|13
|inactive|imaginethat_17 has 120 seconds left.
|inactive|imaginethat_17 has 90 seconds left.
|
|t:|1778511321
|move|p1a: Gliscor|Protect|p1a: Gliscor
|-singleturn|p1a: Gliscor|Protect
|move|p2a: Greninja|Surf|p1a: Gliscor
|-activate|p1a: Gliscor|move: Protect
|
|-heal|p1a: Gliscor|99/100 tox|[from] ability: Poison Heal
|upkeep
|turn|14
|inactive|imaginethat_17 has 90 seconds left.
|
|t:|1778511352
|switch|p1a: Vaporeon|Vaporeon, M|62/100
|move|p2a: Greninja|Surf|p1a: Vaporeon
|-heal|p1a: Vaporeon|87/100|[from] ability: Water Absorb|[of] p2a: Greninja
|
|-heal|p1a: Vaporeon|93/100|[from] item: Leftovers
|-sideend|p1: Drez420|move: Light Screen
|upkeep
|turn|15
|inactive|Drez420 has 120 seconds left.
|
|t:|1778511368
|move|p2a: Greninja|Dark Pulse|p1a: Vaporeon
|-crit|p1a: Vaporeon
|-damage|p1a: Vaporeon|44/100
|-damage|p2a: Greninja|91/100|[from] item: Life Orb
|move|p1a: Vaporeon|Scald|p2a: Greninja
|-resisted|p2a: Greninja
|-damage|p2a: Greninja|60/100
|
|-heal|p1a: Vaporeon|50/100|[from] item: Leftovers
|upkeep
|turn|16
|inactive|Drez420 has 120 seconds left.
|
|t:|1778511382
|switch|p1a: Overqwil|Overqwil, M|100/100
|-ability|p1a: Overqwil|Intimidate|boost
|-unboost|p2a: Greninja|atk|1
|move|p2a: Greninja|Dark Pulse|p1a: Overqwil
|-resisted|p1a: Overqwil
|-crit|p1a: Overqwil
|-damage|p1a: Overqwil|61/100
|-damage|p2a: Greninja|51/100|[from] item: Life Orb
|
|-heal|p1a: Overqwil|67/100|[from] item: Leftovers
|upkeep
|turn|17
|inactive|Drez420 has 120 seconds left.
|
|t:|1778511403
|move|p2a: Greninja|Surf|p1a: Overqwil
|-damage|p1a: Overqwil|9/100
|-damage|p2a: Greninja|41/100|[from] item: Life Orb
|move|p1a: Overqwil|Poison Jab|p2a: Greninja
|-damage|p2a: Greninja|0 fnt
|faint|p2a: Greninja
|
|-heal|p1a: Overqwil|15/100|[from] item: Leftovers
|upkeep
|inactive|imaginethat_17 has 60 seconds left.
|inactive|imaginethat_17 has 30 seconds left.
|
|t:|1778511444
|switch|p2a: Ogerpon|Ogerpon-Cornerstone, F|100/100
|turn|18
|inactive|imaginethat_17 has 30 seconds left.
|inactive|imaginethat_17 has 20 seconds left.
|inactive|imaginethat_17 has 15 seconds left.
|inactive|imaginethat_17 has 10 seconds left.
|
|t:|1778511477
|switch|p1a: Goodra|Goodra-Hisui, M, shiny|100/100
|move|p2a: Ogerpon|Swords Dance|p2a: Ogerpon
|-boost|p2a: Ogerpon|atk|2
|
|upkeep
|turn|19
|inactive|imaginethat_17 has 20 seconds left this turn.
|inactive|imaginethat_17 has 15 seconds left.
|
|t:|1778511483
|move|p2a: Ogerpon|Ivy Cudgel|p1a: Goodra|[anim] Ivy Cudgel Rock
|-resisted|p1a: Goodra
|-damage|p1a: Goodra|47/100
|move|p1a: Goodra|Flash Cannon|p2a: Ogerpon
|-supereffective|p2a: Ogerpon
|-damage|p2a: Ogerpon|8/100
|
|-heal|p1a: Goodra|53/100|[from] item: Leftovers
|upkeep
|turn|20
|inactive|imaginethat_17 has 25 seconds left this turn.
|inactive|imaginethat_17 has 20 seconds left.
|
|t:|1778511493
|move|p2a: Ogerpon|Ivy Cudgel|p1a: Goodra|[anim] Ivy Cudgel Rock
|-resisted|p1a: Goodra
|-damage|p1a: Goodra|0 fnt
|faint|p1a: Goodra
|
|upkeep
|
|t:|1778511507
|switch|p1a: Overqwil|Overqwil, M|15/100
|-ability|p1a: Overqwil|Intimidate|boost
|-unboost|p2a: Ogerpon|atk|1
|turn|21
|inactive|imaginethat_17 has 30 seconds left.
|inactive|Drez420 has 120 seconds left.
|
|t:|1778511529
|move|p2a: Ogerpon|Ivy Cudgel|p1a: Overqwil|[anim] Ivy Cudgel Rock
|-damage|p1a: Overqwil|0 fnt
|faint|p1a: Overqwil
|
|upkeep
|inactive|Drez420 has 120 seconds left.
|
|t:|1778511535
|switch|p1a: Gliscor|Gliscor, M|99/100 tox
|turn|22
|
|t:|1778511538
|move|p2a: Ogerpon|Ivy Cudgel|p1a: Gliscor|[anim] Ivy Cudgel Rock
|-damage|p1a: Gliscor|29/100 tox
|move|p1a: Gliscor|Earthquake|p2a: Ogerpon
|-damage|p2a: Ogerpon|0 fnt
|faint|p2a: Ogerpon
|
|-heal|p1a: Gliscor|42/100 tox|[from] ability: Poison Heal
|upkeep
|
|t:|1778511547
|switch|p2a: Iron Valiant|Iron Valiant|100/100
|-enditem|p2a: Iron Valiant|Booster Energy
|-activate|p2a: Iron Valiant|ability: Quark Drive|[fromitem]
|-start|p2a: Iron Valiant|quarkdrivespe
|turn|23
|
|t:|1778511553
|move|p1a: Gliscor|Protect|p1a: Gliscor
|-singleturn|p1a: Gliscor|Protect
|move|p2a: Iron Valiant|Swords Dance|p2a: Iron Valiant
|-boost|p2a: Iron Valiant|atk|2
|
|-heal|p1a: Gliscor|54/100 tox|[from] ability: Poison Heal
|upkeep
|turn|24
|inactive|imaginethat_17 has 60 seconds left.
|
|t:|1778511573
|move|p2a: Iron Valiant|Spirit Break|p1a: Gliscor
|-damage|p1a: Gliscor|0 fnt
|faint|p1a: Gliscor
|
|upkeep
|
|t:|1778511578
|switch|p1a: Cinderace|Cinderace, M|38/100
|turn|25
|
|t:|1778511586
|move|p2a: Iron Valiant|Spirit Break|p1a: Cinderace
|-resisted|p1a: Cinderace
|-damage|p1a: Cinderace|0 fnt
|faint|p1a: Cinderace
|
|upkeep
|-message|Drez420 forfeited.
|
|win|imaginethat_17
|raw|Drez420's rating: 1352 &rarr; <strong>1331</strong><br />(-21 for losing)
|raw|imaginethat_17's rating: 1333 &rarr; <strong>1354</strong><br />(+21 for winning)
|l|☆Drez420
|player|p1|
|l|☆imaginethat_17
|player|p2|
