|html|<div class="broadcast-blue"><strong>[Gen 9] OU is currently suspecting Tera Blast! For information on how to participate check out the <a href="https://www.smogon.com/tools/suspects/view/200">suspect thread</a>.</strong></div>
|j|☆HIAFH
|j|☆yilang
|t:|1776127073
|gametype|singles
|player|p1|HIAFH|ingo|1654
|player|p2|yilang|preschooler|1602
|gen|9
|tier|[Gen 9] OU
|rated|
|rule|HP Percentage Mod: HP is shown in percentages
|rule|Endless Battle Clause: Forcing endless battles is banned
|rule|Species Clause: Limit one of each Pokémon
|rule|OHKO Clause: OHKO moves are banned
|rule|Evasion Items Clause: Evasion items are banned
|rule|Evasion Moves Clause: Evasion moves are banned
|rule|Evasion Abilities Clause: Evasion abilities are banned
|rule|Sleep Moves Clause: Sleep-inducing moves are banned
|clearpoke
|poke|p1|Excadrill, M|
|poke|p1|Tyranitar, M|
|poke|p1|Hydrapple, F|
|poke|p1|Alomomola, M|
|poke|p1|Hatterene, F|
|poke|p1|Zapdos|
|poke|p2|Kingambit, F|
|poke|p2|Raging Bolt|
|poke|p2|Zapdos|
|poke|p2|Great Tusk|
|poke|p2|Ogerpon-Wellspring, F|
|poke|p2|Darkrai|
|teampreview
|inactive|Battle timer is ON: inactive players will automatically lose when time's up. (requested by HIAFH)
|
|t:|1776127087
|teamsize|p1|6
|teamsize|p2|6
|start
|switch|p1a: Zapdos|Zapdos|100/100
|switch|p2a: 不是怎么老贝榨呀！|Darkrai|100/100
|-ability|p1a: Zapdos|Pressure
|turn|1
|
|t:|1776127095
|move|p2a: 不是怎么老贝榨呀！|Ice Beam|p1a: Zapdos
|-supereffective|p1a: Zapdos
|-damage|p1a: Zapdos|31/100
|move|p1a: Zapdos|Hurricane|p2a: 不是怎么老贝榨呀！
|-damage|p2a: 不是怎么老贝榨呀！|2/100
|
|upkeep
|turn|2
|
|t:|1776127112
|switch|p2a: 波荡水你不要过来呀！|Zapdos|100/100
|switch|p1a: Tyranitar|Tyranitar, M|100/100
|-weather|Sandstorm|[from] ability: Sand Stream|[of] p1a: Tyranitar
|
|-weather|Sandstorm|[upkeep]
|-damage|p2a: 波荡水你不要过来呀！|94/100|[from] Sandstorm
|upkeep
|turn|3
|
|t:|1776127121
|move|p2a: 波荡水你不要过来呀！|Volt Switch|p1a: Tyranitar
|-damage|p1a: Tyranitar|81/100
|
|t:|1776127124
|switch|p2a: 地面工具人|Great Tusk|100/100|[from] Volt Switch
|move|p1a: Tyranitar|Ice Punch|p2a: 地面工具人
|-supereffective|p2a: 地面工具人
|-damage|p2a: 地面工具人|44/100
|
|-weather|Sandstorm|[upkeep]
|upkeep
|turn|4
|
|t:|1776127139
|switch|p1a: Hydrapple|Hydrapple, F|100/100
|move|p2a: 地面工具人|Close Combat|p1a: Hydrapple
|-damage|p1a: Hydrapple|71/100
|-unboost|p2a: 地面工具人|def|1
|-unboost|p2a: 地面工具人|spd|1
|
|-weather|Sandstorm|[upkeep]
|-damage|p1a: Hydrapple|64/100|[from] Sandstorm
|upkeep
|turn|5
|
|t:|1776127151
|-end|p2a: 地面工具人|Protosynthesis|[silent]
|switch|p2a: 波荡水你不要过来呀！|Zapdos|94/100
|move|p1a: Hydrapple|Giga Drain|p2a: 波荡水你不要过来呀！
|-resisted|p2a: 波荡水你不要过来呀！
|-damage|p2a: 波荡水你不要过来呀！|79/100
|-heal|p1a: Hydrapple|72/100|[from] drain|[of] p2a: 波荡水你不要过来呀！
|
|-weather|Sandstorm|[upkeep]
|-damage|p2a: 波荡水你不要过来呀！|73/100|[from] Sandstorm
|-damage|p1a: Hydrapple|65/100|[from] Sandstorm
|upkeep
|turn|6
|
|t:|1776127166
|switch|p1a: Hatterene|Hatterene, F|100/100
|move|p2a: 波荡水你不要过来呀！|Hurricane|p1a: Hatterene|[miss]
|-miss|p2a: 波荡水你不要过来呀！|p1a: Hatterene
|
|-weather|none
|upkeep
|turn|7
|
|t:|1776127174
|move|p2a: 波荡水你不要过来呀！|Discharge|p1a: Hatterene
|-damage|p1a: Hatterene|80/100
|-status|p1a: Hatterene|par
|move|p1a: Hatterene|Nuzzle|p2a: 波荡水你不要过来呀！
|-damage|p2a: 波荡水你不要过来呀！|69/100
|
|upkeep
|turn|8
|
|t:|1776127184
|move|p2a: 波荡水你不要过来呀！|Hurricane|p1a: Hatterene
|-damage|p1a: Hatterene|51/100 par
|move|p1a: Hatterene|Psyshock|p2a: 波荡水你不要过来呀！
|-damage|p2a: 波荡水你不要过来呀！|43/100
|
|upkeep
|turn|9
|
|t:|1776127190
|move|p2a: 波荡水你不要过来呀！|Roost|p2a: 波荡水你不要过来呀！
|-heal|p2a: 波荡水你不要过来呀！|93/100
|-singleturn|p2a: 波荡水你不要过来呀！|move: Roost
|move|p1a: Hatterene|Draining Kiss|p2a: 波荡水你不要过来呀！
|-damage|p2a: 波荡水你不要过来呀！|70/100
|-heal|p1a: Hatterene|72/100 par|[from] drain|[of] p2a: 波荡水你不要过来呀！
|
|upkeep
|turn|10
|
|t:|1776127199
|move|p2a: 波荡水你不要过来呀！|Discharge|p1a: Hatterene
|-crit|p1a: Hatterene
|-damage|p1a: Hatterene|41/100 par
|move|p1a: Hatterene|Mystical Fire|p2a: 波荡水你不要过来呀！
|-crit|p2a: 波荡水你不要过来呀！
|-damage|p2a: 波荡水你不要过来呀！|38/100
|-unboost|p2a: 波荡水你不要过来呀！|spa|1
|
|upkeep
|turn|11
|
|t:|1776127207
|move|p2a: 波荡水你不要过来呀！|Roost|p2a: 波荡水你不要过来呀！
|-heal|p2a: 波荡水你不要过来呀！|88/100
|-singleturn|p2a: 波荡水你不要过来呀！|move: Roost
|move|p1a: Hatterene|Draining Kiss|p2a: 波荡水你不要过来呀！
|-damage|p2a: 波荡水你不要过来呀！|68/100
|-heal|p1a: Hatterene|60/100 par|[from] drain|[of] p2a: 波荡水你不要过来呀！
|
|upkeep
|turn|12
|
|t:|1776127215
|move|p2a: 波荡水你不要过来呀！|Volt Switch|p1a: Hatterene
|-damage|p1a: Hatterene|48/100 par
|
|t:|1776127220
|switch|p2a: 我身后就是万家灯火|Kingambit, F|100/100|[from] Volt Switch
|-item|p2a: 我身后就是万家灯火|Air Balloon
|move|p1a: Hatterene|Draining Kiss|p2a: 我身后就是万家灯火
|-crit|p2a: 我身后就是万家灯火
|-damage|p2a: 我身后就是万家灯火|65/100
|-heal|p1a: Hatterene|82/100 par|[from] drain|[of] p2a: 我身后就是万家灯火
|-enditem|p2a: 我身后就是万家灯火|Air Balloon
|
|upkeep
|turn|13
|
|t:|1776127231
|switch|p1a: Alomomola|Alomomola, M|100/100
|move|p2a: 我身后就是万家灯火|Iron Head|p1a: Alomomola
|-resisted|p1a: Alomomola
|-damage|p1a: Alomomola|88/100
|
|upkeep
|turn|14
|
|t:|1776127238
|move|p1a: Alomomola|Wish|p1a: Alomomola
|move|p2a: 我身后就是万家灯火|Swords Dance|p2a: 我身后就是万家灯火
|-boost|p2a: 我身后就是万家灯火|atk|2
|
|upkeep
|turn|15
|
|t:|1776127243
|move|p1a: Alomomola|Scald|p2a: 我身后就是万家灯火
|-damage|p2a: 我身后就是万家灯火|53/100
|move|p2a: 我身后就是万家灯火|Swords Dance|p2a: 我身后就是万家灯火
|-boost|p2a: 我身后就是万家灯火|atk|2
|
|-heal|p1a: Alomomola|100/100|[from] move: Wish|[wisher] Alomomola
|upkeep
|turn|16
|
|t:|1776127251
|move|p1a: Alomomola|Scald|p2a: 我身后就是万家灯火
|-damage|p2a: 我身后就是万家灯火|40/100
|move|p2a: 我身后就是万家灯火|Kowtow Cleave|p1a: Alomomola
|-damage|p1a: Alomomola|30/100
|
|upkeep
|turn|17
|
|t:|1776127264
|move|p1a: Alomomola|Wish|p1a: Alomomola
|move|p2a: 我身后就是万家灯火|Swords Dance|p2a: 我身后就是万家灯火
|-boost|p2a: 我身后就是万家灯火|atk|2
|
|upkeep
|turn|18
|
|t:|1776127271
|move|p2a: 我身后就是万家灯火|Sucker Punch|p1a: Alomomola
|-crit|p1a: Alomomola
|-damage|p1a: Alomomola|0 fnt
|faint|p1a: Alomomola
|
|upkeep
|
|t:|1776127285
|switch|p1a: Tyranitar|Tyranitar, M|81/100
|-weather|Sandstorm|[from] ability: Sand Stream|[of] p1a: Tyranitar
|turn|19
|
|t:|1776127298
|move|p2a: 我身后就是万家灯火|Sucker Punch|p1a: Tyranitar
|-resisted|p1a: Tyranitar
|-damage|p1a: Tyranitar|10/100
|move|p1a: Tyranitar|Stone Edge|p2a: 我身后就是万家灯火
|-resisted|p2a: 我身后就是万家灯火
|-damage|p2a: 我身后就是万家灯火|12/100
|
|-weather|Sandstorm|[upkeep]
|upkeep
|turn|20
|
|t:|1776127306
|switch|p1a: Excadrill|Excadrill, M|100/100
|move|p2a: 我身后就是万家灯火|Sucker Punch||[still]
|-fail|p2a: 我身后就是万家灯火
|
|-weather|Sandstorm|[upkeep]
|upkeep
|turn|21
|
|t:|1776127315
|-terastallize|p1a: Excadrill|Dark
|move|p1a: Excadrill|Earthquake|p2a: 我身后就是万家灯火
|-supereffective|p2a: 我身后就是万家灯火
|-crit|p2a: 我身后就是万家灯火
|-damage|p2a: 我身后就是万家灯火|0 fnt
|faint|p2a: 我身后就是万家灯火
|-end|p2a: 我身后就是万家灯火|fallenundefined|[silent]
|
|-weather|Sandstorm|[upkeep]
|upkeep
|
|t:|1776127328
|switch|p2a: 地面工具人|Great Tusk|44/100
|turn|22
|
|t:|1776127332
|move|p1a: Excadrill|Earthquake|p2a: 地面工具人
|-damage|p2a: 地面工具人|0 fnt
|faint|p2a: 地面工具人
|-end|p2a: 地面工具人|Protosynthesis|[silent]
|
|-weather|Sandstorm|[upkeep]
|upkeep
|
|t:|1776127340
|switch|p2a: 波荡水你不要过来呀！|Zapdos|68/100
|turn|23
|
|t:|1776127346
|switch|p1a: Hatterene|Hatterene, F|82/100 par
|move|p2a: 波荡水你不要过来呀！|Roost|p2a: 波荡水你不要过来呀！
|-heal|p2a: 波荡水你不要过来呀！|100/100
|-singleturn|p2a: 波荡水你不要过来呀！|move: Roost
|
|-weather|none
|upkeep
|turn|24
|
|t:|1776127354
|move|p2a: 波荡水你不要过来呀！|Hurricane|p1a: Hatterene
|-damage|p1a: Hatterene|53/100 par
|move|p1a: Hatterene|Mystical Fire|p2a: 波荡水你不要过来呀！
|-damage|p2a: 波荡水你不要过来呀！|78/100
|-unboost|p2a: 波荡水你不要过来呀！|spa|1
|
|upkeep
|turn|25
|
|t:|1776127362
|move|p2a: 波荡水你不要过来呀！|Volt Switch|p1a: Hatterene
|-damage|p1a: Hatterene|41/100 par
|
|t:|1776127364
|switch|p2a: 嘤嘤嘤我要输力（悲）|Ogerpon-Wellspring, F|100/100|[from] Volt Switch
|move|p1a: Hatterene|Draining Kiss|p2a: 嘤嘤嘤我要输力（悲）
|-damage|p2a: 嘤嘤嘤我要输力（悲）|74/100
|-heal|p1a: Hatterene|60/100 par|[from] drain|[of] p2a: 嘤嘤嘤我要输力（悲）
|
|upkeep
|turn|26
|
|t:|1776127374
|switch|p1a: Hydrapple|Hydrapple, F|99/100
|move|p2a: 嘤嘤嘤我要输力（悲）|U-turn|p1a: Hydrapple
|-supereffective|p1a: Hydrapple
|-damage|p1a: Hydrapple|67/100
|
|t:|1776127378
|switch|p2a: 梦泪在干嘛|Raging Bolt|100/100|[from] U-turn
|
|upkeep
|turn|27
|
|t:|1776127392
|move|p2a: 梦泪在干嘛|Draco Meteor|p1a: Hydrapple
|-supereffective|p1a: Hydrapple
|-damage|p1a: Hydrapple|0 fnt
|-unboost|p2a: 梦泪在干嘛|spa|2
|faint|p1a: Hydrapple
|
|upkeep
|
|t:|1776127399
|switch|p1a: Excadrill|Excadrill, M, tera:Dark|100/100
|turn|28
|
|t:|1776127403
|-end|p2a: 梦泪在干嘛|Protosynthesis|[silent]
|switch|p2a: 不是怎么老贝榨呀！|Darkrai|2/100
|move|p1a: Excadrill|Rock Slide|p2a: 不是怎么老贝榨呀！
|-damage|p2a: 不是怎么老贝榨呀！|0 fnt
|faint|p2a: 不是怎么老贝榨呀！
|
|upkeep
|
|t:|1776127407
|switch|p2a: 嘤嘤嘤我要输力（悲）|Ogerpon-Wellspring, F|74/100
|turn|29
|
|t:|1776127413
|switch|p1a: Tyranitar|Tyranitar, M|10/100
|-weather|Sandstorm|[from] ability: Sand Stream|[of] p1a: Tyranitar
|move|p2a: 嘤嘤嘤我要输力（悲）|Swords Dance|p2a: 嘤嘤嘤我要输力（悲）
|-boost|p2a: 嘤嘤嘤我要输力（悲）|atk|2
|
|-weather|Sandstorm|[upkeep]
|-damage|p2a: 嘤嘤嘤我要输力（悲）|68/100|[from] Sandstorm
|upkeep
|turn|30
|
|t:|1776127425
|switch|p1a: Zapdos|Zapdos|31/100
|-ability|p1a: Zapdos|Pressure
|move|p2a: 嘤嘤嘤我要输力（悲）|Horn Leech|p1a: Zapdos
|-resisted|p1a: Zapdos
|-damage|p1a: Zapdos|0 fnt
|-heal|p2a: 嘤嘤嘤我要输力（悲）|84/100|[from] drain|[of] p1a: Zapdos
|faint|p1a: Zapdos
|
|-weather|Sandstorm|[upkeep]
|-damage|p2a: 嘤嘤嘤我要输力（悲）|78/100|[from] Sandstorm
|upkeep
|
|t:|1776127437
|switch|p1a: Excadrill|Excadrill, M, tera:Dark|100/100
|turn|31
|
|t:|1776127441
|move|p1a: Excadrill|Iron Head|p2a: 嘤嘤嘤我要输力（悲）
|-resisted|p2a: 嘤嘤嘤我要输力（悲）
|-crit|p2a: 嘤嘤嘤我要输力（悲）
|-damage|p2a: 嘤嘤嘤我要输力（悲）|14/100
|cant|p2a: 嘤嘤嘤我要输力（悲）|flinch
|
|-weather|Sandstorm|[upkeep]
|-damage|p2a: 嘤嘤嘤我要输力（悲）|8/100|[from] Sandstorm
|upkeep
|turn|32
|c|☆yilang|？
|
|t:|1776127449
|move|p1a: Excadrill|Iron Head|p2a: 嘤嘤嘤我要输力（悲）
|-resisted|p2a: 嘤嘤嘤我要输力（悲）
|-damage|p2a: 嘤嘤嘤我要输力（悲）|0 fnt
|faint|p2a: 嘤嘤嘤我要输力（悲）
|
|-weather|Sandstorm|[upkeep]
|upkeep
|
|t:|1776127451
|switch|p2a: 波荡水你不要过来呀！|Zapdos|78/100
|turn|33
|
|t:|1776127461
|switch|p1a: Hatterene|Hatterene, F|60/100 par
|move|p2a: 波荡水你不要过来呀！|Discharge|p1a: Hatterene
|-damage|p1a: Hatterene|36/100 par
|
|-weather|none
|upkeep
|turn|34
|
|t:|1776127471
|move|p2a: 波荡水你不要过来呀！|Hurricane|p1a: Hatterene
|-damage|p1a: Hatterene|7/100 par
|move|p1a: Hatterene|Draining Kiss|p2a: 波荡水你不要过来呀！
|-damage|p2a: 波荡水你不要过来呀！|54/100
|-heal|p1a: Hatterene|29/100 par|[from] drain|[of] p2a: 波荡水你不要过来呀！
|
|upkeep
|turn|35
|
|t:|1776127479
|move|p2a: 波荡水你不要过来呀！|Hurricane|p1a: Hatterene|[miss]
|-miss|p2a: 波荡水你不要过来呀！|p1a: Hatterene
|move|p1a: Hatterene|Draining Kiss|p2a: 波荡水你不要过来呀！
|-damage|p2a: 波荡水你不要过来呀！|32/100
|-heal|p1a: Hatterene|49/100 par|[from] drain|[of] p2a: 波荡水你不要过来呀！
|
|upkeep
|turn|36
|
|t:|1776127487
|move|p2a: 波荡水你不要过来呀！|Roost|p2a: 波荡水你不要过来呀！
|-heal|p2a: 波荡水你不要过来呀！|82/100
|-singleturn|p2a: 波荡水你不要过来呀！|move: Roost
|cant|p1a: Hatterene|par
|
|upkeep
|turn|37
|
|t:|1776127493
|move|p2a: 波荡水你不要过来呀！|Discharge|p1a: Hatterene
|-damage|p1a: Hatterene|29/100 par
|move|p1a: Hatterene|Mystical Fire|p2a: 波荡水你不要过来呀！
|-damage|p2a: 波荡水你不要过来呀！|61/100
|-unboost|p2a: 波荡水你不要过来呀！|spa|1
|
|upkeep
|turn|38
|
|t:|1776127502
|move|p2a: 波荡水你不要过来呀！|Discharge|p1a: Hatterene
|-damage|p1a: Hatterene|14/100 par
|move|p1a: Hatterene|Draining Kiss|p2a: 波荡水你不要过来呀！
|-damage|p2a: 波荡水你不要过来呀！|39/100
|-heal|p1a: Hatterene|34/100 par|[from] drain|[of] p2a: 波荡水你不要过来呀！
|
|upkeep
|turn|39
|
|t:|1776127510
|move|p2a: 波荡水你不要过来呀！|Hurricane|p1a: Hatterene
|-damage|p1a: Hatterene|16/100 par
|move|p1a: Hatterene|Draining Kiss|p2a: 波荡水你不要过来呀！
|-damage|p2a: 波荡水你不要过来呀！|16/100
|-heal|p1a: Hatterene|37/100 par|[from] drain|[of] p2a: 波荡水你不要过来呀！
|
|upkeep
|turn|40
|
|t:|1776127518
|move|p2a: 波荡水你不要过来呀！|Hurricane|p1a: Hatterene
|-damage|p1a: Hatterene|16/100 par
|move|p1a: Hatterene|Draining Kiss|p2a: 波荡水你不要过来呀！
|-damage|p2a: 波荡水你不要过来呀！|0 fnt
|-heal|p1a: Hatterene|30/100 par|[from] drain|[of] p2a: 波荡水你不要过来呀！
|faint|p2a: 波荡水你不要过来呀！
|
|upkeep
|
|t:|1776127521
|switch|p2a: 梦泪在干嘛|Raging Bolt|100/100
|turn|41
|
|t:|1776127529
|move|p2a: 梦泪在干嘛|Thunderbolt|p1a: Hatterene
|-damage|p1a: Hatterene|0 fnt
|faint|p1a: Hatterene
|
|upkeep
|
|t:|1776127534
|switch|p1a: Tyranitar|Tyranitar, M|10/100
|-weather|Sandstorm|[from] ability: Sand Stream|[of] p1a: Tyranitar
|turn|42
|
|t:|1776127542
|move|p2a: 梦泪在干嘛|Thunderbolt|p1a: Tyranitar
|-damage|p1a: Tyranitar|0 fnt
|faint|p1a: Tyranitar
|
|-weather|Sandstorm|[upkeep]
|-damage|p2a: 梦泪在干嘛|94/100|[from] Sandstorm
|upkeep
|
|t:|1776127550
|switch|p1a: Excadrill|Excadrill, M, tera:Dark|100/100
|turn|43
|
|t:|1776127553
|-terastallize|p2a: 梦泪在干嘛|Fairy
|move|p1a: Excadrill|Iron Head|p2a: 梦泪在干嘛
|-supereffective|p2a: 梦泪在干嘛
|-damage|p2a: 梦泪在干嘛|0 fnt
|faint|p2a: 梦泪在干嘛
|-end|p2a: 梦泪在干嘛|Protosynthesis|[silent]
|
|win|HIAFH
|raw|HIAFH's rating: 1654 &rarr; <strong>1671</strong><br />(+17 for winning)
|raw|yilang's rating: 1602 &rarr; <strong>1585</strong><br />(-17 for losing)
|c|☆HIAFH|gg
|l|☆HIAFH
|player|p1|
|l|☆yilang
|player|p2|
|j|☆yilang
|player|p2|yilang|preschooler|
