|html|<div class="broadcast-blue"><strong>[Gen 9] OU is currently suspecting Tera Blast! For information on how to participate check out the <a href="https://www.smogon.com/tools/suspects/view/200">suspect thread</a>.</strong></div>
|j|☆count archibald
|j|☆mothfox
|t:|1776111306
|gametype|singles
|player|p1|count archibald|2|1298
|player|p2|mothfox|colress|1311
|gen|9
|tier|[Gen 9] OU
|rated|
|rule|HP Percentage Mod: HP is shown in percentages
|rule|Endless Battle Clause: Forcing endless battles is banned
|rule|Species Clause: Limit one of each Pokémon
|rule|OHKO Clause: OHKO moves are banned
|rule|Evasion Items Clause: Evasion items are banned
|rule|Evasion Moves Clause: Evasion moves are banned
|rule|Evasion Abilities Clause: Evasion abilities are banned
|rule|Sleep Moves Clause: Sleep-inducing moves are banned
|clearpoke
|poke|p1|Slowking-Galar, M|
|poke|p1|Alomomola, M|
|poke|p1|Ogerpon-Wellspring, F|
|poke|p1|Great Tusk|
|poke|p1|Kingambit, M|
|poke|p1|Kyurem|
|poke|p2|Dragonite, M|
|poke|p2|Samurott-Hisui, F|
|poke|p2|Clefable, F|
|poke|p2|Gliscor, M|
|poke|p2|Gholdengo|
|poke|p2|Zamazenta-*|
|teampreview
|inactive|Battle timer is ON: inactive players will automatically lose when time's up. (requested by mothfox)
|inactive|mothfox has 120 seconds left.
|inactive|mothfox has 90 seconds left.
|
|t:|1776111367
|teamsize|p1|6
|teamsize|p2|6
|start
|switch|p1a: Ogerpon|Ogerpon-Wellspring, F|100/100
|switch|p2a: Clefable|Clefable, F|100/100
|turn|1
|
|t:|1776111377
|move|p1a: Ogerpon|Knock Off|p2a: Clefable
|-resisted|p2a: Clefable
|-damage|p2a: Clefable|87/100
|-damage|p1a: Ogerpon|84/100|[from] item: Rocky Helmet|[of] p2a: Clefable
|-enditem|p2a: Clefable|Rocky Helmet|[from] move: Knock Off|[of] p1a: Ogerpon
|move|p2a: Clefable|Knock Off|p1a: Ogerpon
|-damage|p1a: Ogerpon|70/100
|
|upkeep
|turn|2
|
|t:|1776111405
|switch|p1a: Alomomola|Alomomola, M|100/100
|move|p2a: Clefable|Stealth Rock|p1a: Alomomola
|-sidestart|p1: count archibald|move: Stealth Rock
|
|upkeep
|turn|3
|
|t:|1776111410
|move|p2a: Clefable|Knock Off|p1a: Alomomola
|-damage|p1a: Alomomola|93/100
|-enditem|p1a: Alomomola|Rocky Helmet|[from] move: Knock Off|[of] p2a: Clefable
|move|p1a: Alomomola|Flip Turn|p2a: Clefable
|-damage|p2a: Clefable|76/100
|
|t:|1776111421
|switch|p1a: Kingambit|Kingambit, M|100/100|[from] Flip Turn
|-damage|p1a: Kingambit|94/100|[from] Stealth Rock
|
|upkeep
|turn|4
|inactive|mothfox has 120 seconds left.
|
|t:|1776111457
|switch|p2a: Zamazenta|Zamazenta|100/100
|-ability|p2a: Zamazenta|Dauntless Shield|boost
|-boost|p2a: Zamazenta|def|1
|move|p1a: Kingambit|Iron Head|p2a: Zamazenta
|-damage|p2a: Zamazenta|74/100
|
|-heal|p2a: Zamazenta|80/100|[from] item: Leftovers
|upkeep
|turn|5
|inactive|mothfox has 120 seconds left.
|
|t:|1776111468
|-end|p1a: Kingambit|fallenundefined|[silent]
|switch|p1a: Alomomola|Alomomola, M|100/100
|-damage|p1a: Alomomola|88/100|[from] Stealth Rock
|move|p2a: Zamazenta|Body Press|p1a: Alomomola
|-damage|p1a: Alomomola|61/100
|
|-heal|p2a: Zamazenta|87/100|[from] item: Leftovers
|upkeep
|turn|6
|inactive|mothfox has 120 seconds left.
|
|t:|1776111481
|switch|p2a: Samurott|Samurott-Hisui, F|100/100
|move|p1a: Alomomola|Tickle|p2a: Samurott
|-unboost|p2a: Samurott|atk|1
|-unboost|p2a: Samurott|def|1
|
|upkeep
|turn|7
|inactive|mothfox has 120 seconds left.
|
|t:|1776111492
|move|p2a: Samurott|Ceaseless Edge|p1a: Alomomola
|-damage|p1a: Alomomola|45/100
|-sidestart|p1: count archibald|Spikes
|move|p1a: Alomomola|Flip Turn|p2a: Samurott
|-resisted|p2a: Samurott
|-damage|p2a: Samurott|87/100
|
|t:|1776111502
|switch|p1a: Ogerpon|Ogerpon-Wellspring, F|70/100|[from] Flip Turn
|-damage|p1a: Ogerpon|57/100|[from] Stealth Rock
|-damage|p1a: Ogerpon|45/100|[from] Spikes
|
|upkeep
|turn|8
|inactive|mothfox has 120 seconds left.
|
|t:|1776111519
|switch|p2a: Clefable|Clefable, F|76/100
|move|p1a: Ogerpon|Trailblaze|p2a: Clefable
|-damage|p2a: Clefable|54/100
|-boost|p1a: Ogerpon|spe|1
|
|upkeep
|turn|9
|inactive|mothfox has 120 seconds left.
|
|t:|1776111537
|move|p1a: Ogerpon|Power Whip|p2a: Clefable
|-damage|p2a: Clefable|0 fnt
|faint|p2a: Clefable
|
|upkeep
|inactive|mothfox has 120 seconds left.
|
|t:|1776111545
|switch|p2a: Gholdengo|Gholdengo|100/100
|turn|10
|inactive|mothfox has 120 seconds left.
|
|t:|1776111556
|move|p1a: Ogerpon|Knock Off|p2a: Gholdengo
|-supereffective|p2a: Gholdengo
|-damage|p2a: Gholdengo|19/100
|-enditem|p2a: Gholdengo|Choice Scarf|[from] move: Knock Off|[of] p1a: Ogerpon
|move|p2a: Gholdengo|Shadow Ball|p1a: Ogerpon
|-damage|p1a: Ogerpon|0 fnt
|faint|p1a: Ogerpon
|
|upkeep
|
|t:|1776111565
|switch|p1a: Great Tusk|Great Tusk|100/100
|turn|11
|inactive|mothfox has 120 seconds left.
|
|t:|1776111587
|switch|p2a: Samurott|Samurott-Hisui, F|87/100
|move|p1a: Great Tusk|Stealth Rock|p2a: Samurott
|-sidestart|p2: mothfox|move: Stealth Rock
|
|upkeep
|turn|12
|inactive|mothfox has 120 seconds left.
|
|t:|1776111599
|move|p1a: Great Tusk|Rapid Spin|p2a: Samurott
|-damage|p2a: Samurott|69/100
|-boost|p1a: Great Tusk|spe|1
|-sideend|p1: count archibald|Spikes|[from] move: Rapid Spin|[of] p1a: Great Tusk
|-sideend|p1: count archibald|Stealth Rock|[from] move: Rapid Spin|[of] p1a: Great Tusk
|move|p2a: Samurott|Razor Shell|p1a: Great Tusk
|-supereffective|p1a: Great Tusk
|-damage|p1a: Great Tusk|23/100
|-unboost|p1a: Great Tusk|def|1
|
|upkeep
|turn|13
|inactive|mothfox has 120 seconds left.
|
|t:|1776111612
|-end|p1a: Great Tusk|Protosynthesis|[silent]
|switch|p1a: Alomomola|Alomomola, M|78/100
|move|p2a: Samurott|Ceaseless Edge|p1a: Alomomola
|-damage|p1a: Alomomola|56/100
|-sidestart|p1: count archibald|Spikes
|
|upkeep
|turn|14
|
|t:|1776111619
|move|p2a: Samurott|Ceaseless Edge|p1a: Alomomola
|-damage|p1a: Alomomola|31/100
|-sidestart|p1: count archibald|Spikes
|move|p1a: Alomomola|Wish|p1a: Alomomola
|
|upkeep
|turn|15
|
|t:|1776111624
|move|p2a: Samurott|Ceaseless Edge|p1a: Alomomola
|-damage|p1a: Alomomola|7/100
|-sidestart|p1: count archibald|Spikes
|move|p1a: Alomomola|Flip Turn|p2a: Samurott
|-resisted|p2a: Samurott
|-damage|p2a: Samurott|60/100
|
|t:|1776111632
|switch|p1a: Great Tusk|Great Tusk|23/100|[from] Flip Turn
|
|-heal|p1a: Great Tusk|95/100|[from] move: Wish|[wisher] Alomomola
|upkeep
|turn|16
|
|t:|1776111658
|switch|p2a: Zamazenta|Zamazenta|87/100
|-damage|p2a: Zamazenta|80/100|[from] Stealth Rock
|move|p1a: Great Tusk|Headlong Rush|p2a: Zamazenta
|-damage|p2a: Zamazenta|25/100
|-unboost|p1a: Great Tusk|def|1
|-unboost|p1a: Great Tusk|spd|1
|
|-heal|p2a: Zamazenta|31/100|[from] item: Leftovers
|upkeep
|turn|17
|inactive|mothfox has 120 seconds left.
|
|t:|1776111680
|switch|p2a: Dragonite|Dragonite, M|100/100
|-end|p1a: Great Tusk|Protosynthesis|[silent]
|switch|p1a: Slowking|Slowking-Galar, M|100/100
|
|upkeep
|turn|18
|
|t:|1776111687
|move|p2a: Dragonite|Dragon Dance|p2a: Dragonite
|-boost|p2a: Dragonite|atk|1
|-boost|p2a: Dragonite|spe|1
|move|p1a: Slowking|Thunder Wave|p2a: Dragonite
|-status|p2a: Dragonite|par
|
|upkeep
|turn|19
|
|t:|1776111701
|move|p2a: Dragonite|Earthquake|p1a: Slowking
|-supereffective|p1a: Slowking
|-damage|p1a: Slowking|0 fnt
|faint|p1a: Slowking
|
|upkeep
|
|t:|1776111707
|switch|p1a: Great Tusk|Great Tusk|95/100
|turn|20
|
|t:|1776111715
|move|p1a: Great Tusk|Rapid Spin|p2a: Dragonite
|-damage|p2a: Dragonite|92/100 par
|-boost|p1a: Great Tusk|spe|1
|-sideend|p1: count archibald|Spikes|[from] move: Rapid Spin|[of] p1a: Great Tusk
|cant|p2a: Dragonite|par
|
|upkeep
|turn|21
|
|t:|1776111735
|-terastallize|p2a: Dragonite|Normal
|move|p2a: Dragonite|Extreme Speed|p1a: Great Tusk
|-damage|p1a: Great Tusk|44/100
|move|p1a: Great Tusk|Ice Spinner|p2a: Dragonite
|-damage|p2a: Dragonite|63/100 par
|
|upkeep
|turn|22
|
|t:|1776111744
|-end|p1a: Great Tusk|Protosynthesis|[silent]
|switch|p1a: Alomomola|Alomomola, M|41/100
|cant|p2a: Dragonite|par
|
|upkeep
|turn|23
|
|t:|1776111750
|move|p2a: Dragonite|Extreme Speed|p1a: Alomomola
|-damage|p1a: Alomomola|0 fnt
|faint|p1a: Alomomola
|
|upkeep
|
|t:|1776111764
|switch|p1a: Kingambit|Kingambit, M|94/100
|-activate|p1a: Kingambit|ability: Supreme Overlord
|-start|p1a: Kingambit|fallen3|[silent]
|turn|24
|
|t:|1776111796
|cant|p2a: Dragonite|par
|move|p1a: Kingambit|Kowtow Cleave|p2a: Dragonite
|-damage|p2a: Dragonite|0 fnt
|faint|p2a: Dragonite
|
|upkeep
|c|☆mothfox|para moment
|c|☆count archibald|lmao
|inactive|mothfox has 120 seconds left.
|c|☆count archibald|thank god for hax
|
|t:|1776111826
|switch|p2a: Zamazenta|Zamazenta|31/100
|-damage|p2a: Zamazenta|25/100|[from] Stealth Rock
|turn|25
|c|☆mothfox|for real
|
|t:|1776111838
|-terastallize|p1a: Kingambit|Ghost
|move|p2a: Zamazenta|Body Press|p1a: Kingambit
|-immune|p1a: Kingambit
|move|p1a: Kingambit|Swords Dance|p1a: Kingambit
|-boost|p1a: Kingambit|atk|2
|
|-heal|p2a: Zamazenta|31/100|[from] item: Leftovers
|upkeep
|turn|26
|c|☆mothfox|augh
|c|☆mothfox|should've seen that coming
|
|t:|1776111855
|move|p2a: Zamazenta|Crunch|p1a: Kingambit
|-supereffective|p1a: Kingambit
|-damage|p1a: Kingambit|61/100
|move|p1a: Kingambit|Kowtow Cleave|p2a: Zamazenta
|-resisted|p2a: Zamazenta
|-damage|p2a: Zamazenta|0 fnt
|faint|p2a: Zamazenta
|
|upkeep
|
|t:|1776111862
|switch|p2a: Samurott|Samurott-Hisui, F|60/100
|-damage|p2a: Samurott|48/100|[from] Stealth Rock
|turn|27
|
|t:|1776111873
|move|p2a: Samurott|Sucker Punch|p1a: Kingambit
|-supereffective|p1a: Kingambit
|-damage|p1a: Kingambit|17/100
|move|p1a: Kingambit|Sucker Punch||[still]
|-fail|p1a: Kingambit
|
|upkeep
|turn|28
|c|☆mothfox|LMAO
|
|t:|1776111886
|move|p2a: Samurott|Sucker Punch||[still]
|-fail|p2a: Samurott
|move|p1a: Kingambit|Swords Dance|p1a: Kingambit
|-boost|p1a: Kingambit|atk|2
|
|upkeep
|turn|29
|
|t:|1776111896
|move|p2a: Samurott|Sucker Punch||[still]
|-fail|p2a: Samurott
|move|p1a: Kingambit|Swords Dance|p1a: Kingambit
|-boost|p1a: Kingambit|atk|2
|
|upkeep
|turn|30
|
|t:|1776111905
|move|p2a: Samurott|Ceaseless Edge|p1a: Kingambit
|-supereffective|p1a: Kingambit
|-damage|p1a: Kingambit|0 fnt
|-sidestart|p1: count archibald|Spikes
|faint|p1a: Kingambit
|-end|p1a: Kingambit|fallen3|[silent]
|
|upkeep
|c|☆count archibald|lmao
|
|t:|1776111916
|switch|p1a: Kyurem|Kyurem|100/100
|-damage|p1a: Kyurem|88/100|[from] Spikes
|-ability|p1a: Kyurem|Pressure
|turn|31
|
|t:|1776111925
|move|p2a: Samurott|Sucker Punch|p1a: Kyurem
|-damage|p1a: Kyurem|59/100
|move|p1a: Kyurem|Freeze-Dry|p2a: Samurott
|-supereffective|p2a: Samurott
|-damage|p2a: Samurott|0 fnt
|faint|p2a: Samurott
|
|upkeep
|
|t:|1776111935
|switch|p2a: Gholdengo|Gholdengo|19/100
|-damage|p2a: Gholdengo|13/100|[from] Stealth Rock
|turn|32
|
|t:|1776111941
|move|p1a: Kyurem|Freeze-Dry|p2a: Gholdengo
|-resisted|p2a: Gholdengo
|-damage|p2a: Gholdengo|0 fnt
|faint|p2a: Gholdengo
|
|upkeep
|
|t:|1776111949
|switch|p2a: Gliscor|Gliscor, M|100/100
|-damage|p2a: Gliscor|88/100|[from] Stealth Rock
|turn|33
|
|t:|1776111956
|move|p2a: Gliscor|Protect|p2a: Gliscor
|-singleturn|p2a: Gliscor|Protect
|move|p1a: Kyurem|Freeze-Dry|p2a: Gliscor
|-activate|p2a: Gliscor|move: Protect
|
|-status|p2a: Gliscor|tox|[from] item: Toxic Orb
|upkeep
|turn|34
|c|☆mothfox|gg
|
|t:|1776111967
|move|p1a: Kyurem|Freeze-Dry|p2a: Gliscor
|-supereffective|p2a: Gliscor
|-damage|p2a: Gliscor|0 fnt
|faint|p2a: Gliscor
|
|win|count archibald
|raw|count archibald's rating: 1298 &rarr; <strong>1324</strong><br />(+26 for winning)
|raw|mothfox's rating: 1311 &rarr; <strong>1290</strong><br />(-21 for losing)
