|html|<div class="broadcast-blue"><strong>[Gen 9] OU is currently suspecting Tera Blast! For information on how to participate check out the <a href="https://www.smogon.com/tools/suspects/view/200">suspect thread</a>.</strong></div>
|j|☆TheMatchaGotcha
|j|☆Blastoise_Choice
|t:|1776101720
|gametype|singles
|player|p1|TheMatchaGotcha|266|1620
|player|p2|Blastoise_Choice|benga|1705
|gen|9
|tier|[Gen 9] OU
|rated|
|rule|HP Percentage Mod: HP is shown in percentages
|rule|Endless Battle Clause: Forcing endless battles is banned
|rule|Species Clause: Limit one of each Pokémon
|rule|OHKO Clause: OHKO moves are banned
|rule|Evasion Items Clause: Evasion items are banned
|rule|Evasion Moves Clause: Evasion moves are banned
|rule|Evasion Abilities Clause: Evasion abilities are banned
|rule|Sleep Moves Clause: Sleep-inducing moves are banned
|clearpoke
|poke|p1|Hippowdon, M|
|poke|p1|Excadrill, F|
|poke|p1|Garganacl, M|
|poke|p1|Skarmory, F|
|poke|p1|Sinistcha|
|poke|p1|Weavile, F|
|poke|p2|Garganacl, F|
|poke|p2|Darkrai|
|poke|p2|Great Tusk|
|poke|p2|Hatterene, F|
|poke|p2|Tornadus-Therian, M|
|poke|p2|Dragonite, M|
|teampreview
|c|☆Blastoise_Choice|hf
|inactive|Battle timer is ON: inactive players will automatically lose when time's up. (requested by Blastoise_Choice)
|inactive|TheMatchaGotcha has 120 seconds left.
|
|t:|1776101762
|teamsize|p1|6
|teamsize|p2|6
|start
|switch|p1a: Weavile|Weavile, F|100/100
|switch|p2a: Darkrai|Darkrai|100/100
|-ability|p1a: Weavile|Pressure
|turn|1
|
|t:|1776101768
|move|p1a: Weavile|Triple Axel|p2a: Darkrai
|-damage|p2a: Darkrai|88/100
|-damage|p2a: Darkrai|65/100
|-damage|p2a: Darkrai|23/100
|-hitcount|p2a: Darkrai|3
|move|p2a: Darkrai|Dark Pulse|p1a: Weavile
|-resisted|p1a: Weavile
|-damage|p1a: Weavile|57/100
|
|upkeep
|turn|2
|
|t:|1776101775
|move|p2a: Darkrai|Dark Pulse|p1a: Weavile
|-resisted|p1a: Weavile
|-damage|p1a: Weavile|16/100
|move|p1a: Weavile|Knock Off|p2a: Darkrai
|-resisted|p2a: Darkrai
|-damage|p2a: Darkrai|0 fnt
|-enditem|p2a: Darkrai|Choice Specs|[from] move: Knock Off|[of] p1a: Weavile
|faint|p2a: Darkrai
|
|upkeep
|
|t:|1776101783
|switch|p2a: Hatterene|Hatterene, F|100/100
|turn|3
|
|t:|1776101789
|switch|p1a: Hippowdon|Hippowdon, M, shiny|100/100
|-weather|Sandstorm|[from] ability: Sand Stream|[of] p1a: Hippowdon
|move|p2a: Hatterene|Future Sight|p1a: Hippowdon
|-start|p2a: Hatterene|move: Future Sight
|
|-weather|Sandstorm|[upkeep]
|-damage|p2a: Hatterene|94/100|[from] Sandstorm
|upkeep
|turn|4
|
|t:|1776101796
|move|p1a: Hippowdon|Earthquake|p2a: Hatterene
|-damage|p2a: Hatterene|65/100
|move|p2a: Hatterene|Dazzling Gleam|p1a: Hippowdon
|-damage|p1a: Hippowdon|73/100
|
|-weather|Sandstorm|[upkeep]
|-damage|p2a: Hatterene|59/100|[from] Sandstorm
|upkeep
|turn|5
|
|t:|1776101804
|move|p1a: Hippowdon|Earthquake|p2a: Hatterene
|-damage|p2a: Hatterene|30/100
|move|p2a: Hatterene|Dazzling Gleam|p1a: Hippowdon
|-damage|p1a: Hippowdon|45/100
|
|-weather|Sandstorm|[upkeep]
|-damage|p2a: Hatterene|24/100|[from] Sandstorm
|-end|p1a: Hippowdon|move: Future Sight
|-damage|p1a: Hippowdon|8/100
|upkeep
|turn|6
|
|t:|1776101811
|move|p1a: Hippowdon|Slack Off|p1a: Hippowdon
|-heal|p1a: Hippowdon|58/100
|move|p2a: Hatterene|Pain Split|p1a: Hippowdon
|-sethp|p1a: Hippowdon|38/100|[from] move: Pain Split|[silent]
|-sethp|p2a: Hatterene|50/100|[from] move: Pain Split
|
|-weather|Sandstorm|[upkeep]
|-damage|p2a: Hatterene|44/100|[from] Sandstorm
|upkeep
|turn|7
|
|t:|1776101817
|switch|p2a: Dragonite|Dragonite, M|100/100
|move|p1a: Hippowdon|Earthquake|p2a: Dragonite
|-immune|p2a: Dragonite
|
|-weather|Sandstorm|[upkeep]
|-damage|p2a: Dragonite|94/100|[from] Sandstorm
|upkeep
|turn|8
|
|t:|1776101823
|switch|p1a: Skarmory|Skarmory, F|100/100
|-terastallize|p2a: Dragonite|Normal
|move|p2a: Dragonite|Extreme Speed|p1a: Skarmory
|-resisted|p1a: Skarmory
|-damage|p1a: Skarmory|83/100
|-damage|p2a: Dragonite|78/100|[from] item: Rocky Helmet|[of] p1a: Skarmory
|
|-weather|Sandstorm|[upkeep]
|-damage|p2a: Dragonite|72/100|[from] Sandstorm
|upkeep
|turn|9
|
|t:|1776101831
|switch|p1a: Excadrill|Excadrill, F|100/100
|-item|p1a: Excadrill|Air Balloon
|move|p2a: Dragonite|Roost|p2a: Dragonite
|-heal|p2a: Dragonite|100/100
|
|-weather|Sandstorm|[upkeep]
|-damage|p2a: Dragonite|94/100|[from] Sandstorm
|upkeep
|turn|10
|
|t:|1776101837
|switch|p1a: Skarmory|Skarmory, F|83/100
|switch|p2a: Tornadus|Tornadus-Therian, M, shiny|100/100
|
|-weather|none
|upkeep
|turn|11
|
|t:|1776101843
|switch|p1a: Garganacl|Garganacl, M|100/100
|move|p2a: Tornadus|Heat Wave|p1a: Garganacl
|-resisted|p1a: Garganacl
|-damage|p1a: Garganacl|92/100
|
|-heal|p1a: Garganacl|98/100|[from] item: Leftovers
|upkeep
|turn|12
|
|t:|1776101851
|move|p2a: Tornadus|Knock Off|p1a: Garganacl
|-damage|p1a: Garganacl|84/100
|-enditem|p1a: Garganacl|Leftovers|[from] move: Knock Off|[of] p2a: Tornadus
|move|p1a: Garganacl|Salt Cure|p2a: Tornadus
|-supereffective|p2a: Tornadus
|-damage|p2a: Tornadus|69/100
|-start|p2a: Tornadus|Salt Cure
|
|-damage|p2a: Tornadus|57/100|[from] Salt Cure
|upkeep
|turn|13
|
|t:|1776101859
|move|p2a: Tornadus|U-turn|p1a: Garganacl
|-damage|p1a: Garganacl|75/100
|
|t:|1776101866
|switch|p2a: Garganacl|Garganacl, F|100/100|[from] U-turn
|move|p1a: Garganacl|Salt Cure|p2a: Garganacl
|-damage|p2a: Garganacl|91/100
|-start|p2a: Garganacl|Salt Cure
|
|-heal|p2a: Garganacl|97/100|[from] item: Leftovers
|-damage|p2a: Garganacl|84/100|[from] Salt Cure
|upkeep
|turn|14
|
|t:|1776101873
|switch|p1a: Hippowdon|Hippowdon, M, shiny|38/100
|-weather|Sandstorm|[from] ability: Sand Stream|[of] p1a: Hippowdon
|move|p2a: Garganacl|Stealth Rock|p1a: Hippowdon
|-sidestart|p1: TheMatchaGotcha|move: Stealth Rock
|
|-weather|Sandstorm|[upkeep]
|-heal|p2a: Garganacl|91/100|[from] item: Leftovers
|-damage|p2a: Garganacl|78/100|[from] Salt Cure
|upkeep
|turn|15
|
|t:|1776101880
|switch|p2a: Great Tusk|Great Tusk|100/100
|-enditem|p2a: Great Tusk|Booster Energy
|-activate|p2a: Great Tusk|ability: Protosynthesis|[fromitem]
|-start|p2a: Great Tusk|protosynthesisatk
|move|p1a: Hippowdon|Slack Off|p1a: Hippowdon
|-heal|p1a: Hippowdon|88/100
|
|-weather|Sandstorm|[upkeep]
|upkeep
|turn|16
|
|t:|1776101886
|move|p2a: Great Tusk|Ice Spinner|p1a: Hippowdon
|-supereffective|p1a: Hippowdon
|-damage|p1a: Hippowdon|35/100
|move|p1a: Hippowdon|Stealth Rock|p2a: Great Tusk
|-sidestart|p2: Blastoise_Choice|move: Stealth Rock
|
|-weather|Sandstorm|[upkeep]
|upkeep
|turn|17
|
|t:|1776101892
|switch|p1a: Skarmory|Skarmory, F|83/100
|-damage|p1a: Skarmory|71/100|[from] Stealth Rock
|move|p2a: Great Tusk|Rapid Spin|p1a: Skarmory
|-resisted|p1a: Skarmory
|-damage|p1a: Skarmory|64/100
|-boost|p2a: Great Tusk|spe|1
|-damage|p2a: Great Tusk|84/100|[from] item: Rocky Helmet|[of] p1a: Skarmory
|-sideend|p2: Blastoise_Choice|Stealth Rock|[from] move: Rapid Spin|[of] p2a: Great Tusk
|
|-weather|Sandstorm|[upkeep]
|upkeep
|turn|18
|
|t:|1776101900
|-end|p2a: Great Tusk|Protosynthesis|[silent]
|switch|p2a: Tornadus|Tornadus-Therian, M, shiny|90/100
|move|p1a: Skarmory|Roost|p1a: Skarmory
|-heal|p1a: Skarmory|100/100
|-singleturn|p1a: Skarmory|move: Roost
|
|-weather|Sandstorm|[upkeep]
|-damage|p2a: Tornadus|84/100|[from] Sandstorm
|upkeep
|turn|19
|
|t:|1776101910
|move|p2a: Tornadus|Heat Wave|p1a: Skarmory
|-supereffective|p1a: Skarmory
|-damage|p1a: Skarmory|36/100
|move|p1a: Skarmory|Body Press|p2a: Tornadus
|-resisted|p2a: Tornadus
|-damage|p2a: Tornadus|67/100
|
|-weather|Sandstorm|[upkeep]
|-damage|p2a: Tornadus|61/100|[from] Sandstorm
|upkeep
|turn|20
|
|t:|1776101918
|switch|p1a: Garganacl|Garganacl, M|75/100
|-damage|p1a: Garganacl|63/100|[from] Stealth Rock
|move|p2a: Tornadus|Heat Wave|p1a: Garganacl
|-resisted|p1a: Garganacl
|-damage|p1a: Garganacl|57/100
|
|-weather|Sandstorm|[upkeep]
|-damage|p2a: Tornadus|55/100|[from] Sandstorm
|upkeep
|turn|21
|
|t:|1776101925
|move|p2a: Tornadus|U-turn|p1a: Garganacl
|-damage|p1a: Garganacl|48/100
|
|t:|1776101932
|switch|p2a: Garganacl|Garganacl, F|78/100|[from] U-turn
|move|p1a: Garganacl|Recover|p1a: Garganacl
|-heal|p1a: Garganacl|98/100
|
|-weather|none
|-heal|p2a: Garganacl|84/100|[from] item: Leftovers
|upkeep
|turn|22
|
|t:|1776101938
|move|p2a: Garganacl|Salt Cure|p1a: Garganacl
|-damage|p1a: Garganacl|89/100
|-start|p1a: Garganacl|Salt Cure
|move|p1a: Garganacl|Salt Cure|p2a: Garganacl
|-damage|p2a: Garganacl|75/100
|-start|p2a: Garganacl|Salt Cure
|
|-heal|p2a: Garganacl|81/100|[from] item: Leftovers
|-damage|p2a: Garganacl|68/100|[from] Salt Cure
|-damage|p1a: Garganacl|76/100|[from] Salt Cure
|upkeep
|turn|23
|
|t:|1776101946
|switch|p2a: Hatterene|Hatterene, F|44/100
|switch|p1a: Hippowdon|Hippowdon, M, shiny|35/100
|-damage|p1a: Hippowdon|29/100|[from] Stealth Rock
|-weather|Sandstorm|[from] ability: Sand Stream|[of] p1a: Hippowdon
|
|-weather|Sandstorm|[upkeep]
|-damage|p2a: Hatterene|38/100|[from] Sandstorm
|upkeep
|turn|24
|
|t:|1776101950
|move|p1a: Hippowdon|Earthquake|p2a: Hatterene
|-damage|p2a: Hatterene|10/100
|move|p2a: Hatterene|Pain Split|p1a: Hippowdon
|-sethp|p1a: Hippowdon|18/100|[from] move: Pain Split|[silent]
|-sethp|p2a: Hatterene|24/100|[from] move: Pain Split
|
|-weather|Sandstorm|[upkeep]
|-damage|p2a: Hatterene|18/100|[from] Sandstorm
|upkeep
|turn|25
|
|t:|1776101953
|move|p1a: Hippowdon|Stealth Rock|p2a: Hatterene
|move|p2a: Hatterene|Stealth Rock||[from] ability: Magic Bounce|[still]
|-fail|p2a: Hatterene
|move|p2a: Hatterene|Pain Split|p1a: Hippowdon
|-sethp|p1a: Hippowdon|16/100|[from] move: Pain Split|[silent]
|-sethp|p2a: Hatterene|21/100|[from] move: Pain Split
|
|-weather|Sandstorm|[upkeep]
|-damage|p2a: Hatterene|15/100|[from] Sandstorm
|upkeep
|turn|26
|
|t:|1776101957
|move|p1a: Hippowdon|Earthquake|p2a: Hatterene
|-damage|p2a: Hatterene|0 fnt
|faint|p2a: Hatterene
|
|-weather|Sandstorm|[upkeep]
|upkeep
|
|t:|1776101961
|switch|p2a: Great Tusk|Great Tusk|84/100
|turn|27
|
|t:|1776101964
|switch|p1a: Sinistcha|Sinistcha|100/100
|move|p2a: Great Tusk|Ice Spinner|p1a: Sinistcha
|-supereffective|p1a: Sinistcha
|-damage|p1a: Sinistcha|62/100
|
|-weather|Sandstorm|[upkeep]
|-damage|p1a: Sinistcha|56/100|[from] Sandstorm
|upkeep
|turn|28
|
|t:|1776101971
|-end|p2a: Great Tusk|Protosynthesis|[silent]
|switch|p2a: Tornadus|Tornadus-Therian, M, shiny|89/100
|move|p1a: Sinistcha|Strength Sap|p2a: Tornadus
|-unboost|p2a: Tornadus|atk|1
|-heal|p1a: Sinistcha|100/100
|
|-weather|Sandstorm|[upkeep]
|-damage|p2a: Tornadus|83/100|[from] Sandstorm
|-damage|p1a: Sinistcha|94/100|[from] Sandstorm
|upkeep
|turn|29
|
|t:|1776101978
|switch|p1a: Garganacl|Garganacl, M|76/100
|-damage|p1a: Garganacl|64/100|[from] Stealth Rock
|move|p2a: Tornadus|Bleakwind Storm|p1a: Garganacl
|-resisted|p1a: Garganacl
|-damage|p1a: Garganacl|56/100
|
|-weather|Sandstorm|[upkeep]
|-damage|p2a: Tornadus|76/100|[from] Sandstorm
|upkeep
|turn|30
|
|t:|1776101985
|move|p2a: Tornadus|U-turn|p1a: Garganacl
|-damage|p1a: Garganacl|50/100
|
|t:|1776101992
|switch|p2a: Garganacl|Garganacl, F|68/100|[from] U-turn
|move|p1a: Garganacl|Recover|p1a: Garganacl
|-heal|p1a: Garganacl|99/100
|
|-weather|none
|-heal|p2a: Garganacl|75/100|[from] item: Leftovers
|upkeep
|turn|31
|
|t:|1776101998
|move|p2a: Garganacl|Salt Cure|p1a: Garganacl
|-damage|p1a: Garganacl|91/100
|-start|p1a: Garganacl|Salt Cure
|move|p1a: Garganacl|Salt Cure|p2a: Garganacl
|-damage|p2a: Garganacl|65/100
|-start|p2a: Garganacl|Salt Cure
|
|-heal|p2a: Garganacl|71/100|[from] item: Leftovers
|-damage|p2a: Garganacl|58/100|[from] Salt Cure
|-damage|p1a: Garganacl|78/100|[from] Salt Cure
|upkeep
|turn|32
|
|t:|1776102006
|switch|p1a: Hippowdon|Hippowdon, M, shiny|16/100
|-damage|p1a: Hippowdon|10/100|[from] Stealth Rock
|-weather|Sandstorm|[from] ability: Sand Stream|[of] p1a: Hippowdon
|move|p2a: Garganacl|Salt Cure|p1a: Hippowdon
|-resisted|p1a: Hippowdon
|-damage|p1a: Hippowdon|4/100
|-start|p1a: Hippowdon|Salt Cure
|
|-weather|Sandstorm|[upkeep]
|-heal|p2a: Garganacl|65/100|[from] item: Leftovers
|-damage|p1a: Hippowdon|0 fnt|[from] Salt Cure
|faint|p1a: Hippowdon
|-damage|p2a: Garganacl|52/100|[from] Salt Cure
|upkeep
|
|t:|1776102009
|switch|p1a: Excadrill|Excadrill, F|100/100
|-damage|p1a: Excadrill|97/100|[from] Stealth Rock
|-item|p1a: Excadrill|Air Balloon
|turn|33
|
|t:|1776102015
|switch|p2a: Great Tusk|Great Tusk|84/100
|move|p1a: Excadrill|Swords Dance|p1a: Excadrill
|-boost|p1a: Excadrill|atk|2
|
|-weather|Sandstorm|[upkeep]
|upkeep
|turn|34
|
|t:|1776102021
|-terastallize|p1a: Excadrill|Ghost
|move|p1a: Excadrill|Earthquake|p2a: Great Tusk
|-damage|p2a: Great Tusk|0 fnt
|faint|p2a: Great Tusk
|-end|p2a: Great Tusk|Protosynthesis|[silent]
|
|-weather|Sandstorm|[upkeep]
|upkeep
|
|t:|1776102029
|switch|p2a: Garganacl|Garganacl, F|52/100
|turn|35
|
|t:|1776102036
|move|p2a: Garganacl|Protect|p2a: Garganacl
|-singleturn|p2a: Garganacl|Protect
|move|p1a: Excadrill|Iron Head|p2a: Garganacl
|-activate|p2a: Garganacl|move: Protect
|
|-weather|Sandstorm|[upkeep]
|-heal|p2a: Garganacl|58/100|[from] item: Leftovers
|upkeep
|turn|36
|
|t:|1776102039
|switch|p2a: Dragonite|Dragonite, M, tera:Normal|94/100
|move|p1a: Excadrill|Iron Head|p2a: Dragonite
|-damage|p2a: Dragonite|5/100
|
|-weather|Sandstorm|[upkeep]
|-damage|p2a: Dragonite|0 fnt|[from] Sandstorm
|faint|p2a: Dragonite
|upkeep
|
|t:|1776102044
|switch|p2a: Tornadus|Tornadus-Therian, M, shiny|100/100
|turn|37
|
|t:|1776102047
|move|p1a: Excadrill|Iron Head|p2a: Tornadus
|-damage|p2a: Tornadus|0 fnt
|faint|p2a: Tornadus
|
|-weather|Sandstorm|[upkeep]
|upkeep
|
|t:|1776102051
|switch|p2a: Garganacl|Garganacl, F|58/100
|turn|38
|
|t:|1776102054
|move|p2a: Garganacl|Protect|p2a: Garganacl
|-singleturn|p2a: Garganacl|Protect
|move|p1a: Excadrill|Earthquake|p2a: Garganacl
|-activate|p2a: Garganacl|move: Protect
|
|-weather|Sandstorm|[upkeep]
|-heal|p2a: Garganacl|65/100|[from] item: Leftovers
|upkeep
|turn|39
|
|t:|1776102058
|move|p1a: Excadrill|Earthquake|p2a: Garganacl
|-supereffective|p2a: Garganacl
|-damage|p2a: Garganacl|0 fnt
|faint|p2a: Garganacl
|
|win|TheMatchaGotcha
|raw|TheMatchaGotcha's rating: 1620 &rarr; <strong>1645</strong><br />(+25 for winning)
|raw|Blastoise_Choice's rating: 1705 &rarr; <strong>1680</strong><br />(-25 for losing)
|c|☆Blastoise_Choice|gg
|c|☆TheMatchaGotcha|gg
|c|☆TheMatchaGotcha|Kinda stalling the end for no reason tho
|l|☆TheMatchaGotcha
|player|p1|
