|html|<div class="broadcast-blue"><strong>[Gen 9] OU is currently suspecting Tera Blast! For information on how to participate check out the <a href="https://www.smogon.com/tools/suspects/view/200">suspect thread</a>.</strong></div>
|j|☆SirPlaguel
|j|☆Yttyhggvxxzz
|t:|1776033355
|gametype|singles
|player|p1|SirPlaguel|ingo|1159
|player|p2|Yttyhggvxxzz|1|1111
|gen|9
|tier|[Gen 9] OU
|rated|
|rule|HP Percentage Mod: HP is shown in percentages
|rule|Endless Battle Clause: Forcing endless battles is banned
|rule|Species Clause: Limit one of each Pokémon
|rule|OHKO Clause: OHKO moves are banned
|rule|Evasion Items Clause: Evasion items are banned
|rule|Evasion Moves Clause: Evasion moves are banned
|rule|Evasion Abilities Clause: Evasion abilities are banned
|rule|Sleep Moves Clause: Sleep-inducing moves are banned
|clearpoke
|poke|p1|Ogerpon-Wellspring, F|
|poke|p1|Clefable, F|
|poke|p1|Thundurus-Therian, M|
|poke|p1|Great Tusk|
|poke|p1|Kingambit, M|
|poke|p1|Gliscor, F|
|poke|p2|Araquanid, M|
|poke|p2|Camerupt, F|
|poke|p2|Tsareena, F|
|poke|p2|Sandslash-Alola, M|
|poke|p2|Chimecho, M|
|poke|p2|Toxtricity, M|
|teampreview
|inactive|Battle timer is ON: inactive players will automatically lose when time's up. (requested by SirPlaguel)
|inactive|Yttyhggvxxzz has 120 seconds left.
|
|t:|1776033406
|teamsize|p1|6
|teamsize|p2|6
|start
|switch|p1a: Thundurus|Thundurus-Therian, M|100/100
|switch|p2a: Araquanid|Araquanid, M|100/100
|turn|1
|
|t:|1776033411
|-terastallize|p1a: Thundurus|Flying
|move|p1a: Thundurus|Tera Blast|p2a: Araquanid|[anim] Tera Blast Flying
|-supereffective|p2a: Araquanid
|-damage|p2a: Araquanid|10/100
|move|p2a: Araquanid|Sticky Web|p1a: Thundurus
|-sidestart|p1: SirPlaguel|move: Sticky Web
|
|upkeep
|turn|2
|
|t:|1776033418
|move|p1a: Thundurus|Tera Blast|p2a: Araquanid|[anim] Tera Blast Flying
|-supereffective|p2a: Araquanid
|-damage|p2a: Araquanid|0 fnt
|faint|p2a: Araquanid
|
|upkeep
|
|t:|1776033434
|switch|p2a: Sandslash|Sandslash-Alola, M|100/100
|turn|3
|
|t:|1776033441
|switch|p1a: Kingambit|Kingambit, M|100/100
|-activate|p1a: Kingambit|move: Sticky Web
|-unboost|p1a: Kingambit|spe|1
|move|p2a: Sandslash|Icicle Crash|p1a: Kingambit
|-resisted|p1a: Kingambit
|-damage|p1a: Kingambit|85/100
|
|upkeep
|turn|4
|
|t:|1776033450
|move|p2a: Sandslash|Earthquake|p1a: Kingambit
|-supereffective|p1a: Kingambit
|-damage|p1a: Kingambit|43/100
|move|p1a: Kingambit|Brick Break|p2a: Sandslash
|-supereffective|p2a: Sandslash
|-damage|p2a: Sandslash|3/100
|
|upkeep
|turn|5
|
|t:|1776033461
|-end|p1a: Kingambit|fallenundefined|[silent]
|switch|p1a: Great Tusk|Great Tusk|100/100
|move|p2a: Sandslash|Earthquake|p1a: Great Tusk
|-damage|p1a: Great Tusk|77/100
|
|upkeep
|turn|6
|
|t:|1776033466
|move|p1a: Great Tusk|Rapid Spin|p2a: Sandslash
|-resisted|p2a: Sandslash
|-damage|p2a: Sandslash|0 fnt
|-boost|p1a: Great Tusk|spe|1
|-sideend|p1: SirPlaguel|Sticky Web|[from] move: Rapid Spin|[of] p1a: Great Tusk
|faint|p2a: Sandslash
|
|upkeep
|
|t:|1776033472
|switch|p2a: Camerupt|Camerupt, F|100/100
|turn|7
|
|t:|1776033485
|move|p1a: Great Tusk|Earthquake|p2a: Camerupt
|-supereffective|p2a: Camerupt
|-damage|p2a: Camerupt|0 fnt
|faint|p2a: Camerupt
|
|upkeep
|
|t:|1776033506
|switch|p2a: Tsareena|Tsareena, F|100/100
|turn|8
|
|t:|1776033509
|move|p1a: Great Tusk|Ice Spinner|p2a: Tsareena
|-supereffective|p2a: Tsareena
|-damage|p2a: Tsareena|35/100
|move|p2a: Tsareena|Power Whip|p1a: Great Tusk|[miss]
|-miss|p2a: Tsareena|p1a: Great Tusk
|
|upkeep
|turn|9
|
|t:|1776033515
|move|p1a: Great Tusk|Ice Spinner|p2a: Tsareena
|-supereffective|p2a: Tsareena
|-damage|p2a: Tsareena|0 fnt
|faint|p2a: Tsareena
|
|upkeep
|
|t:|1776033519
|switch|p2a: Chimecho|Chimecho, M|100/100
|turn|10
|
|t:|1776033527
|-end|p1a: Great Tusk|Protosynthesis|[silent]
|switch|p1a: Kingambit|Kingambit, M|43/100
|move|p2a: Chimecho|Future Sight|p1a: Kingambit
|-start|p2a: Chimecho|move: Future Sight
|
|upkeep
|turn|11
|
|t:|1776033534
|switch|p2a: Toxtricity|Toxtricity, M|100/100
|move|p1a: Kingambit|Kowtow Cleave|p2a: Toxtricity
|-damage|p2a: Toxtricity|37/100
|
|upkeep
|turn|12
|
|t:|1776033543
|-terastallize|p2a: Toxtricity|Electric
|move|p2a: Toxtricity|Overdrive|p1a: Kingambit
|-damage|p1a: Kingambit|0 fnt
|faint|p1a: Kingambit
|-end|p1a: Kingambit|fallenundefined|[silent]
|-enditem|p2a: Toxtricity|Throat Spray
|-boost|p2a: Toxtricity|spa|1|[from] item: Throat Spray
|
|-hint|Future Sight did not hit because the target is fainted.
|upkeep
|
|t:|1776033559
|switch|p1a: Great Tusk|Great Tusk|77/100
|turn|13
|
|t:|1776033563
|move|p1a: Great Tusk|Earthquake|p2a: Toxtricity
|-supereffective|p2a: Toxtricity
|-damage|p2a: Toxtricity|0 fnt
|faint|p2a: Toxtricity
|
|upkeep
|
|t:|1776033565
|switch|p2a: Chimecho|Chimecho, M|100/100
|turn|14
|
|t:|1776033569
|move|p1a: Great Tusk|Ice Spinner|p2a: Chimecho
|-damage|p2a: Chimecho|66/100
|move|p2a: Chimecho|Future Sight|p1a: Great Tusk
|-start|p2a: Chimecho|move: Future Sight
|
|upkeep
|turn|15
|
|t:|1776033573
|move|p1a: Great Tusk|Ice Spinner|p2a: Chimecho
|-damage|p2a: Chimecho|36/100
|move|p2a: Chimecho|Wish|p2a: Chimecho
|
|upkeep
|turn|16
|
|t:|1776033581
|move|p1a: Great Tusk|Ice Spinner|p2a: Chimecho
|-damage|p2a: Chimecho|4/100
|move|p2a: Chimecho|Heal Bell||[still]
|-activate|p2a: Chimecho|move: Heal Bell
|-fail|p2a: Chimecho
|
|-end|p1a: Great Tusk|move: Future Sight
|-supereffective|p1a: Great Tusk
|-damage|p1a: Great Tusk|0 fnt
|faint|p1a: Great Tusk
|-end|p1a: Great Tusk|Protosynthesis|[silent]
|-heal|p2a: Chimecho|54/100|[from] move: Wish|[wisher] Chimecho
|upkeep
|
|t:|1776033595
|switch|p1a: Clefable|Clefable, F|100/100
|turn|17
|
|t:|1776033598
|move|p2a: Chimecho|Future Sight|p1a: Clefable
|-start|p2a: Chimecho|move: Future Sight
|move|p1a: Clefable|Calm Mind|p1a: Clefable
|-boost|p1a: Clefable|spa|1
|-boost|p1a: Clefable|spd|1
|
|upkeep
|turn|18
|
|t:|1776033612
|move|p2a: Chimecho|Wish|p2a: Chimecho
|move|p1a: Clefable|Calm Mind|p1a: Clefable
|-boost|p1a: Clefable|spa|1
|-boost|p1a: Clefable|spd|1
|
|upkeep
|turn|19
|
|t:|1776033618
|move|p2a: Chimecho|Heal Bell||[still]
|-activate|p2a: Chimecho|move: Heal Bell
|-fail|p2a: Chimecho
|move|p1a: Clefable|Moonblast|p2a: Chimecho
|-damage|p2a: Chimecho|0 fnt
|faint|p2a: Chimecho
|
|win|SirPlaguel
|raw|SirPlaguel's rating: 1159 &rarr; <strong>1181</strong><br />(+22 for winning)
|raw|Yttyhggvxxzz's rating: 1111 &rarr; <strong>1089</strong><br />(-22 for losing)
|l|☆Yttyhggvxxzz
|player|p2|
|l|☆SirPlaguel
|player|p1|
