|html|<div class="broadcast-blue"><strong>[Gen 9] OU is currently suspecting Tera Blast! For information on how to participate check out the <a href="https://www.smogon.com/tools/suspects/view/200">suspect thread</a>.</strong></div>
|j|☆nerdy_head
|j|☆ty54196524
|t:|1776089267
|gametype|singles
|player|p1|nerdy_head|swimmer-gen4|1564
|player|p2|ty54196524|dawn|1621
|gen|9
|tier|[Gen 9] OU
|rated|
|rule|HP Percentage Mod: HP is shown in percentages
|rule|Endless Battle Clause: Forcing endless battles is banned
|rule|Species Clause: Limit one of each Pokémon
|rule|OHKO Clause: OHKO moves are banned
|rule|Evasion Items Clause: Evasion items are banned
|rule|Evasion Moves Clause: Evasion moves are banned
|rule|Evasion Abilities Clause: Evasion abilities are banned
|rule|Sleep Moves Clause: Sleep-inducing moves are banned
|clearpoke
|poke|p1|Deoxys-Speed|
|poke|p1|Ceruledge, M|
|poke|p1|Zamazenta-*|
|poke|p1|Glimmora, M|
|poke|p1|Kommo-o, M|
|poke|p1|Ogerpon-Wellspring, F|
|poke|p2|Glimmora, F|
|poke|p2|Dragapult, M|
|poke|p2|Iron Treads|
|poke|p2|Zamazenta-*|
|poke|p2|Moltres|
|poke|p2|Kingambit, F|
|teampreview
|inactive|Battle timer is ON: inactive players will automatically lose when time's up. (requested by ty54196524)
|
|t:|1776089313
|teamsize|p1|6
|teamsize|p2|6
|start
|switch|p1a: Deoxys|Deoxys-Speed|100/100
|switch|p2a: Kingambit|Kingambit, F|100/100
|-ability|p1a: Deoxys|Pressure
|-item|p2a: Kingambit|Air Balloon
|turn|1
|
|t:|1776089326
|-terastallize|p2a: Kingambit|Ghost
|move|p1a: Deoxys|Reflect|p1a: Deoxys
|-sidestart|p1: nerdy_head|Reflect
|move|p2a: Kingambit|Iron Head|p1a: Deoxys
|-damage|p1a: Deoxys|72/100
|
|upkeep
|turn|2
|
|t:|1776089336
|move|p1a: Deoxys|Light Screen|p1a: Deoxys
|-sidestart|p1: nerdy_head|move: Light Screen
|move|p2a: Kingambit|Swords Dance|p2a: Kingambit
|-boost|p2a: Kingambit|atk|2
|
|upkeep
|turn|3
|
|t:|1776089341
|move|p2a: Kingambit|Sucker Punch||[still]
|-fail|p2a: Kingambit
|move|p1a: Deoxys|Taunt|p2a: Kingambit
|-start|p2a: Kingambit|move: Taunt
|
|upkeep
|turn|4
|
|t:|1776089349
|move|p1a: Deoxys|Psycho Boost|p2a: Kingambit
|-damage|p2a: Kingambit|57/100
|-unboost|p1a: Deoxys|spa|2
|-enditem|p2a: Kingambit|Air Balloon
|move|p2a: Kingambit|Kowtow Cleave|p1a: Deoxys
|-supereffective|p1a: Deoxys
|-damage|p1a: Deoxys|0 fnt
|faint|p1a: Deoxys
|
|upkeep
|
|t:|1776089360
|switch|p1a: Kommo-o|Kommo-o, M|100/100
|turn|5
|
|t:|1776089379
|move|p1a: Kommo-o|Clangorous Soul|p1a: Kommo-o
|-boost|p1a: Kommo-o|atk|1
|-boost|p1a: Kommo-o|def|1
|-boost|p1a: Kommo-o|spa|1
|-boost|p1a: Kommo-o|spd|1
|-boost|p1a: Kommo-o|spe|1
|-damage|p1a: Kommo-o|68/100
|-enditem|p1a: Kommo-o|Throat Spray
|-boost|p1a: Kommo-o|spa|1|[from] item: Throat Spray
|move|p2a: Kingambit|Iron Head|p1a: Kommo-o
|-damage|p1a: Kommo-o|39/100
|
|upkeep
|turn|6
|
|t:|1776089396
|-end|p2a: Kingambit|fallenundefined|[silent]
|switch|p2a: Moltres|Moltres|100/100
|move|p1a: Kommo-o|Clanging Scales|p2a: Moltres
|-damage|p2a: Moltres|9/100
|-unboost|p1a: Kommo-o|def|1
|
|upkeep
|turn|7
|
|t:|1776089406
|move|p1a: Kommo-o|Boomburst|p2a: Moltres
|-damage|p2a: Moltres|0 fnt
|faint|p2a: Moltres
|
|upkeep
|
|t:|1776089411
|switch|p2a: Iron Treads|Iron Treads|100/100
|turn|8
|
|t:|1776089420
|-end|p2a: Iron Treads|Quark Drive|[silent]
|switch|p2a: Dragapult|Dragapult, M|100/100
|move|p1a: Kommo-o|Flamethrower|p2a: Dragapult
|-resisted|p2a: Dragapult
|-damage|p2a: Dragapult|66/100
|-status|p2a: Dragapult|brn
|
|-damage|p2a: Dragapult|60/100 brn|[from] brn
|-sideend|p1: nerdy_head|Reflect
|upkeep
|turn|9
|
|t:|1776089433
|switch|p2a: Iron Treads|Iron Treads|100/100
|move|p1a: Kommo-o|Clanging Scales|p2a: Iron Treads
|-resisted|p2a: Iron Treads
|-damage|p2a: Iron Treads|32/100
|-unboost|p1a: Kommo-o|def|1
|
|-sideend|p1: nerdy_head|move: Light Screen
|upkeep
|turn|10
|
|t:|1776089442
|move|p1a: Kommo-o|Flamethrower|p2a: Iron Treads
|-supereffective|p2a: Iron Treads
|-damage|p2a: Iron Treads|0 fnt
|faint|p2a: Iron Treads
|-end|p2a: Iron Treads|Quark Drive|[silent]
|
|upkeep
|
|t:|1776089447
|switch|p2a: Zamazenta|Zamazenta|100/100
|-ability|p2a: Zamazenta|Dauntless Shield|boost
|-boost|p2a: Zamazenta|def|1
|turn|11
|
|t:|1776089452
|move|p1a: Kommo-o|Boomburst|p2a: Zamazenta
|-damage|p2a: Zamazenta|24/100
|move|p2a: Zamazenta|Close Combat|p1a: Kommo-o
|-damage|p1a: Kommo-o|0 fnt
|-unboost|p2a: Zamazenta|def|1
|-unboost|p2a: Zamazenta|spd|1
|faint|p1a: Kommo-o
|
|upkeep
|inactive|nerdy_head has 120 seconds left.
|
|t:|1776089493
|switch|p1a: Glimmora|Glimmora, M|100/100
|turn|12
|
|t:|1776089500
|move|p2a: Zamazenta|Close Combat|p1a: Glimmora
|-enditem|p1a: Glimmora|Focus Sash
|-damage|p1a: Glimmora|1/100
|-unboost|p2a: Zamazenta|def|1
|-unboost|p2a: Zamazenta|spd|1
|-activate|p1a: Glimmora|ability: Toxic Debris
|-sidestart|p2: ty54196524|move: Toxic Spikes
|move|p1a: Glimmora|Stealth Rock|p2a: Zamazenta
|-sidestart|p2: ty54196524|move: Stealth Rock
|
|upkeep
|turn|13
|inactive|nerdy_head has 120 seconds left.
|
|t:|1776089513
|move|p2a: Zamazenta|Close Combat|p1a: Glimmora
|-damage|p1a: Glimmora|0 fnt
|-unboost|p2a: Zamazenta|def|1
|-unboost|p2a: Zamazenta|spd|1
|-activate|p1a: Glimmora|ability: Toxic Debris
|-sidestart|p2: ty54196524|move: Toxic Spikes
|faint|p1a: Glimmora
|
|upkeep
|
|t:|1776089522
|switch|p1a: Ceruledge|Ceruledge, M|100/100
|turn|14
|inactive|nerdy_head has 120 seconds left.
|
|t:|1776089536
|switch|p2a: Glimmora|Glimmora, F|100/100
|-sideend|p2: ty54196524|move: Toxic Spikes|[of] p2a: Glimmora
|-damage|p2a: Glimmora|88/100|[from] Stealth Rock
|move|p1a: Ceruledge|Swords Dance|p1a: Ceruledge
|-boost|p1a: Ceruledge|atk|2
|
|upkeep
|turn|15
|inactive|nerdy_head has 120 seconds left.
|
|t:|1776089545
|move|p2a: Glimmora|Meteor Beam||[still]
|-prepare|p2a: Glimmora|Meteor Beam
|-boost|p2a: Glimmora|spa|1
|-enditem|p2a: Glimmora|Power Herb
|-anim|p2a: Glimmora|Meteor Beam|p1a: Ceruledge
|-supereffective|p1a: Ceruledge
|-enditem|p1a: Ceruledge|Focus Sash
|-damage|p1a: Ceruledge|1/100
|move|p1a: Ceruledge|Poltergeist||[still]
|-fail|p1a: Ceruledge
|
|upkeep
|turn|16
|inactive|nerdy_head has 120 seconds left.
|
|t:|1776089568
|switch|p1a: Ogerpon|Ogerpon-Wellspring, F|100/100
|move|p2a: Glimmora|Earth Power|p1a: Ogerpon
|-resisted|p1a: Ogerpon
|-damage|p1a: Ogerpon|71/100
|
|upkeep
|turn|17
|
|t:|1776089579
|move|p1a: Ogerpon|Ivy Cudgel|p2a: Glimmora|[anim] Ivy Cudgel Water
|-supereffective|p2a: Glimmora
|-damage|p2a: Glimmora|0 fnt
|-activate|p2a: Glimmora|ability: Toxic Debris
|-sidestart|p1: nerdy_head|move: Toxic Spikes
|faint|p2a: Glimmora
|
|upkeep
|
|t:|1776089583
|switch|p2a: Dragapult|Dragapult, M|60/100 brn
|-damage|p2a: Dragapult|48/100 brn|[from] Stealth Rock
|turn|18
|inactive|nerdy_head has 120 seconds left.
|
|t:|1776089592
|move|p2a: Dragapult|U-turn|p1a: Ogerpon
|-supereffective|p1a: Ogerpon
|-damage|p1a: Ogerpon|48/100
|
|t:|1776089595
|switch|p2a: Zamazenta|Zamazenta|24/100|[from] U-turn
|-damage|p2a: Zamazenta|17/100|[from] Stealth Rock
|move|p1a: Ogerpon|Ivy Cudgel|p2a: Zamazenta|[anim] Ivy Cudgel Water
|-damage|p2a: Zamazenta|0 fnt
|faint|p2a: Zamazenta
|
|upkeep
|
|t:|1776089605
|switch|p2a: Kingambit|Kingambit, F, tera:Ghost|57/100
|-damage|p2a: Kingambit|45/100|[from] Stealth Rock
|-activate|p2a: Kingambit|ability: Supreme Overlord
|-start|p2a: Kingambit|fallen4|[silent]
|turn|19
|
|t:|1776089611
|move|p2a: Kingambit|Sucker Punch||[still]
|-fail|p2a: Kingambit
|move|p1a: Ogerpon|Encore|p2a: Kingambit
|-start|p2a: Kingambit|Encore
|
|upkeep
|turn|20
|
|t:|1776089617
|-end|p2a: Kingambit|fallen4|[silent]
|switch|p2a: Dragapult|Dragapult, M|48/100 brn
|-damage|p2a: Dragapult|36/100 brn|[from] Stealth Rock
|move|p1a: Ogerpon|Swords Dance|p1a: Ogerpon
|-boost|p1a: Ogerpon|atk|2
|
|-damage|p2a: Dragapult|30/100 brn|[from] brn
|upkeep
|turn|21
|
|t:|1776089627
|move|p2a: Dragapult|Draco Meteor|p1a: Ogerpon|[miss]
|-miss|p2a: Dragapult|p1a: Ogerpon
|move|p1a: Ogerpon|Ivy Cudgel|p2a: Dragapult|[anim] Ivy Cudgel Water
|-resisted|p2a: Dragapult
|-damage|p2a: Dragapult|0 fnt
|faint|p2a: Dragapult
|
|upkeep
|-message|ty54196524 forfeited.
|
|win|nerdy_head
|raw|nerdy_head's rating: 1564 &rarr; <strong>1587</strong><br />(+23 for winning)
|raw|ty54196524's rating: 1621 &rarr; <strong>1598</strong><br />(-23 for losing)
|l|☆ty54196524
|player|p2|
