|html|<div class="broadcast-blue"><strong>[Gen 9] OU is currently suspecting Tera Blast! For information on how to participate check out the <a href="https://www.smogon.com/tools/suspects/view/200">suspect thread</a>.</strong></div>
|j|☆semiconductor12
|j|☆Allium100
|t:|1776218771
|gametype|singles
|player|p1|semiconductor12|1|1086
|player|p2|Allium100|psychic|1043
|gen|9
|tier|[Gen 9] OU
|rated|
|rule|HP Percentage Mod: HP is shown in percentages
|rule|Endless Battle Clause: Forcing endless battles is banned
|rule|Species Clause: Limit one of each Pokémon
|rule|OHKO Clause: OHKO moves are banned
|rule|Evasion Items Clause: Evasion items are banned
|rule|Evasion Moves Clause: Evasion moves are banned
|rule|Evasion Abilities Clause: Evasion abilities are banned
|rule|Sleep Moves Clause: Sleep-inducing moves are banned
|clearpoke
|poke|p1|Landorus-Therian, M|
|poke|p1|Heatran, F|
|poke|p1|Serperior, F|
|poke|p1|Toxapex, F|
|poke|p1|Gliscor, F|
|poke|p1|Azumarill, M|
|poke|p2|Torkoal, F|
|poke|p2|Amoonguss, M|
|poke|p2|Walking Wake|
|poke|p2|Dragonite, M|
|poke|p2|Zoroark-Hisui, F|
|poke|p2|Great Tusk|
|teampreview
|
|t:|1776218799
|teamsize|p1|6
|teamsize|p2|6
|start
|switch|p1a: Azumarill|Azumarill, M|100/100
|switch|p2a: Walking Wake|Walking Wake|100/100
|turn|1
|inactive|Battle timer is ON: inactive players will automatically lose when time's up. (requested by semiconductor12)
|
|t:|1776218817
|-end|p2a: Walking Wake|Protosynthesis|[silent]
|switch|p2a: Amoonguss|Amoonguss, M|100/100
|move|p1a: Azumarill|Play Rough|p2a: Amoonguss
|-resisted|p2a: Amoonguss
|-damage|p2a: Amoonguss|71/100
|-damage|p1a: Azumarill|84/100|[from] item: Rocky Helmet|[of] p2a: Amoonguss
|
|upkeep
|turn|2
|
|t:|1776218839
|move|p1a: Azumarill|Belly Drum|p1a: Azumarill
|-damage|p1a: Azumarill|34/100
|-setboost|p1a: Azumarill|atk|6|[from] move: Belly Drum
|-enditem|p1a: Azumarill|Sitrus Berry|[eat]
|-heal|p1a: Azumarill|59/100|[from] item: Sitrus Berry
|move|p2a: Amoonguss|Giga Drain|p1a: Azumarill
|-supereffective|p1a: Azumarill
|-damage|p1a: Azumarill|5/100
|-heal|p2a: Amoonguss|92/100|[from] drain|[of] p1a: Azumarill
|
|upkeep
|turn|3
|c|☆semiconductor12|dang
|
|t:|1776218855
|move|p1a: Azumarill|Aqua Jet|p2a: Amoonguss
|-resisted|p2a: Amoonguss
|-damage|p2a: Amoonguss|47/100
|-damage|p1a: Azumarill|0 fnt|[from] item: Rocky Helmet|[of] p2a: Amoonguss
|faint|p1a: Azumarill
|move|p2a: Amoonguss|Giga Drain|p1: Azumarill|[notarget]
|-fail|p2a: Amoonguss
|
|upkeep
|
|t:|1776218863
|switch|p1a: Gliscor|Gliscor, F|100/100
|turn|4
|
|t:|1776218868
|move|p1a: Gliscor|Swords Dance|p1a: Gliscor
|-boost|p1a: Gliscor|atk|2
|move|p2a: Amoonguss|Stun Spore|p1a: Gliscor
|-status|p1a: Gliscor|par
|
|upkeep
|turn|5
|
|t:|1776218878
|switch|p2a: Walking Wake|Walking Wake|100/100
|cant|p1a: Gliscor|par
|
|upkeep
|turn|6
|
|t:|1776218884
|move|p2a: Walking Wake|Hydro Steam|p1a: Gliscor
|-supereffective|p1a: Gliscor
|-damage|p1a: Gliscor|5/100 par
|move|p1a: Gliscor|Facade|p2a: Walking Wake
|-damage|p2a: Walking Wake|36/100
|
|upkeep
|turn|7
|
|t:|1776218893
|move|p1a: Gliscor|Protect|p1a: Gliscor
|-singleturn|p1a: Gliscor|Protect
|move|p2a: Walking Wake|Hydro Steam|p1a: Gliscor
|-activate|p1a: Gliscor|move: Protect
|
|upkeep
|turn|8
|
|t:|1776218901
|move|p2a: Walking Wake|Hydro Steam|p1a: Gliscor
|-supereffective|p1a: Gliscor
|-damage|p1a: Gliscor|0 fnt
|faint|p1a: Gliscor
|
|upkeep
|
|t:|1776218906
|switch|p1a: Serperior|Serperior, F|100/100
|turn|9
|
|t:|1776218922
|-end|p2a: Walking Wake|Protosynthesis|[silent]
|switch|p2a: Amoonguss|Amoonguss, M|80/100
|move|p1a: Serperior|Dragon Pulse|p2a: Amoonguss
|-damage|p2a: Amoonguss|65/100
|
|upkeep
|turn|10
|
|t:|1776218932
|move|p1a: Serperior|Tera Blast|p2a: Amoonguss
|-damage|p2a: Amoonguss|52/100
|move|p2a: Amoonguss|Sludge Bomb|p1a: Serperior
|-supereffective|p1a: Serperior
|-damage|p1a: Serperior|35/100
|-status|p1a: Serperior|psn
|
|-heal|p1a: Serperior|41/100 psn|[from] item: Leftovers
|-damage|p1a: Serperior|28/100 psn|[from] psn
|upkeep
|turn|11
|
|t:|1776218942
|switch|p1a: Heatran|Heatran, F|100/100
|move|p2a: Amoonguss|Sludge Bomb|p1a: Heatran
|-immune|p1a: Heatran
|
|upkeep
|turn|12
|c|☆semiconductor12|cant belive its so bulky
|
|t:|1776218959
|-terastallize|p2a: Amoonguss|Water
|move|p1a: Heatran|Stealth Rock|p2a: Amoonguss
|-sidestart|p2: Allium100|move: Stealth Rock
|move|p2a: Amoonguss|Giga Drain|p1a: Heatran
|-resisted|p1a: Heatran
|-damage|p1a: Heatran|97/100
|-heal|p2a: Amoonguss|54/100|[from] drain|[of] p1a: Heatran
|
|-heal|p1a: Heatran|100/100|[from] item: Leftovers
|upkeep
|turn|13
|
|t:|1776218970
|switch|p2a: Walking Wake|Walking Wake|36/100
|-damage|p2a: Walking Wake|24/100|[from] Stealth Rock
|move|p1a: Heatran|Magma Storm|p2a: Walking Wake
|-resisted|p2a: Walking Wake
|-damage|p2a: Walking Wake|11/100
|-activate|p2a: Walking Wake|move: Magma Storm|[of] p1a: Heatran
|
|-damage|p2a: Walking Wake|0 fnt|[from] move: Magma Storm|[partiallytrapped]
|faint|p2a: Walking Wake
|-end|p2a: Walking Wake|Protosynthesis|[silent]
|upkeep
|
|t:|1776218986
|switch|p2a: Dragonite|Dragonite, M|100/100
|turn|14
|
|t:|1776218993
|move|p2a: Dragonite|Earthquake|p1a: Heatran
|-supereffective|p1a: Heatran
|-damage|p1a: Heatran|0 fnt
|faint|p1a: Heatran
|
|upkeep
|
|t:|1776218995
|switch|p1a: Serperior|Serperior, F|28/100 psn
|turn|15
|
|t:|1776219001
|move|p2a: Dragonite|Extreme Speed|p1a: Serperior
|-damage|p1a: Serperior|0 fnt
|faint|p1a: Serperior
|
|upkeep
|-message|semiconductor12 forfeited.
|
|win|Allium100
|raw|semiconductor12's rating: 1086 &rarr; <strong>1060</strong><br />(-26 for losing)
|raw|Allium100's rating: 1043 &rarr; <strong>1081</strong><br />(+38 for winning)
|l|☆semiconductor12
|player|p1|
