|html|<div class="broadcast-blue"><strong>[Gen 9] OU is currently suspecting Tera Blast! For information on how to participate check out the <a href="https://www.smogon.com/tools/suspects/view/200">suspect thread</a>.</strong></div>
|j|☆orange fruit
|j|☆Igoodnamename
|t:|1776097328
|gametype|singles
|player|p1|orange fruit|cynthia|1772
|player|p2|Igoodnamename|170|1710
|gen|9
|tier|[Gen 9] OU
|rated|
|rule|HP Percentage Mod: HP is shown in percentages
|rule|Endless Battle Clause: Forcing endless battles is banned
|rule|Species Clause: Limit one of each Pokémon
|rule|OHKO Clause: OHKO moves are banned
|rule|Evasion Items Clause: Evasion items are banned
|rule|Evasion Moves Clause: Evasion moves are banned
|rule|Evasion Abilities Clause: Evasion abilities are banned
|rule|Sleep Moves Clause: Sleep-inducing moves are banned
|clearpoke
|poke|p1|Tyranitar, M|
|poke|p1|Alomomola, F|
|poke|p1|Gliscor, F|
|poke|p1|Sinistcha|
|poke|p1|Cinderace, M|
|poke|p1|Iron Crown|
|poke|p2|Glimmora, M|
|poke|p2|Regidrago|
|poke|p2|Darkrai|
|poke|p2|Ogerpon-Wellspring, F|
|poke|p2|Dragapult, F|
|poke|p2|Zamazenta-*|
|teampreview
|
|t:|1776097337
|teamsize|p1|6
|teamsize|p2|6
|start
|switch|p1a: Tyranitar|Tyranitar, M|100/100
|switch|p2a: Ogerpon|Ogerpon-Wellspring, F|100/100
|-weather|Sandstorm|[from] ability: Sand Stream|[of] p1a: Tyranitar
|turn|1
|
|t:|1776097340
|switch|p1a: Sinistcha|Sinistcha|100/100
|move|p2a: Ogerpon|Spikes|p1a: Sinistcha
|-sidestart|p1: orange fruit|Spikes
|
|-weather|Sandstorm|[upkeep]
|-damage|p2a: Ogerpon|95/100|[from] Sandstorm
|-damage|p1a: Sinistcha|94/100|[from] Sandstorm
|upkeep
|turn|2
|
|t:|1776097343
|move|p2a: Ogerpon|Knock Off|p1a: Sinistcha
|-supereffective|p1a: Sinistcha
|-damage|p1a: Sinistcha|34/100
|-enditem|p1a: Sinistcha|Heavy-Duty Boots|[from] move: Knock Off|[of] p2a: Ogerpon
|move|p1a: Sinistcha|Calm Mind|p1a: Sinistcha
|-boost|p1a: Sinistcha|spa|1
|-boost|p1a: Sinistcha|spd|1
|
|-weather|Sandstorm|[upkeep]
|-damage|p2a: Ogerpon|89/100|[from] Sandstorm
|-damage|p1a: Sinistcha|28/100|[from] Sandstorm
|upkeep
|turn|3
|
|t:|1776097349
|-terastallize|p1a: Sinistcha|Poison
|move|p2a: Ogerpon|Knock Off|p1a: Sinistcha
|-damage|p1a: Sinistcha|8/100
|move|p1a: Sinistcha|Strength Sap|p2a: Ogerpon
|-unboost|p2a: Ogerpon|atk|1
|-heal|p1a: Sinistcha|100/100
|
|-weather|Sandstorm|[upkeep]
|-damage|p2a: Ogerpon|83/100|[from] Sandstorm
|-damage|p1a: Sinistcha|94/100|[from] Sandstorm
|upkeep
|turn|4
|
|t:|1776097353
|move|p2a: Ogerpon|U-turn|p1a: Sinistcha
|-resisted|p1a: Sinistcha
|-damage|p1a: Sinistcha|87/100
|
|t:|1776097355
|switch|p2a: Glimmora|Glimmora, M|100/100|[from] U-turn
|move|p1a: Sinistcha|Calm Mind|p1a: Sinistcha
|-boost|p1a: Sinistcha|spa|1
|-boost|p1a: Sinistcha|spd|1
|
|-weather|Sandstorm|[upkeep]
|-damage|p1a: Sinistcha|81/100|[from] Sandstorm
|upkeep
|turn|5
|
|t:|1776097360
|move|p2a: Glimmora|Meteor Beam||[still]
|-prepare|p2a: Glimmora|Meteor Beam
|-boost|p2a: Glimmora|spa|1
|-enditem|p2a: Glimmora|Power Herb
|-anim|p2a: Glimmora|Meteor Beam|p1a: Sinistcha
|-damage|p1a: Sinistcha|23/100
|move|p1a: Sinistcha|Matcha Gotcha|p2a: Glimmora
|-damage|p2a: Glimmora|40/100
|-heal|p1a: Sinistcha|50/100|[from] drain|[of] p2a: Glimmora
|
|-weather|none
|upkeep
|turn|6
|
|t:|1776097371
|move|p2a: Glimmora|Earth Power|p1a: Sinistcha
|-supereffective|p1a: Sinistcha
|-damage|p1a: Sinistcha|0 fnt
|faint|p1a: Sinistcha
|
|upkeep
|
|t:|1776097374
|switch|p1a: Iron Crown|Iron Crown|100/100
|-damage|p1a: Iron Crown|88/100|[from] Spikes
|turn|7
|
|t:|1776097378
|move|p1a: Iron Crown|Tachyon Cutter|p2a: Glimmora
|-supereffective|p2a: Glimmora
|-damage|p2a: Glimmora|0 fnt
|faint|p2a: Glimmora
|-hitcount|p2: Glimmora|1
|
|upkeep
|j| Eternity o2
|
|t:|1776097394
|switch|p2a: Ogerpon|Ogerpon-Wellspring, F|83/100
|turn|8
|
|t:|1776097401
|-end|p1a: Iron Crown|Quark Drive|[silent]
|switch|p1a: Alomomola|Alomomola, F|100/100
|-damage|p1a: Alomomola|88/100|[from] Spikes
|move|p2a: Ogerpon|Knock Off|p1a: Alomomola
|-damage|p1a: Alomomola|67/100
|-enditem|p1a: Alomomola|Assault Vest|[from] move: Knock Off|[of] p2a: Ogerpon
|
|upkeep
|turn|9
|
|t:|1776097408
|move|p2a: Ogerpon|Spikes|p1a: Alomomola
|-sidestart|p1: orange fruit|Spikes
|move|p1a: Alomomola|Body Slam|p2a: Ogerpon
|-damage|p2a: Ogerpon|60/100
|
|upkeep
|turn|10
|c| Eternity o2|Orange I need this team. Please send.
|
|t:|1776097416
|move|p2a: Ogerpon|Spikes|p1a: Alomomola
|-sidestart|p1: orange fruit|Spikes
|move|p1a: Alomomola|Body Slam|p2a: Ogerpon
|-damage|p2a: Ogerpon|39/100
|-status|p2a: Ogerpon|par
|
|upkeep
|turn|11
|j| punyakoko
|
|t:|1776097423
|switch|p1a: Gliscor|Gliscor, F|100/100
|move|p2a: Ogerpon|Ivy Cudgel|p1a: Gliscor|[anim] Ivy Cudgel Water
|-supereffective|p1a: Gliscor
|-crit|p1a: Gliscor
|-damage|p1a: Gliscor|0 fnt
|faint|p1a: Gliscor
|
|upkeep
|l| punyakoko
|
|t:|1776097429
|switch|p1a: Cinderace|Cinderace, M|100/100
|turn|12
|
|t:|1776097432
|move|p1a: Cinderace|Court Change|p1a: Cinderace
|-start|p1a: Cinderace|typechange|Normal|[from] ability: Libero
|-swapsideconditions
|-activate|p1a: Cinderace|move: Court Change
|move|p2a: Ogerpon|Ivy Cudgel|p1a: Cinderace|[anim] Ivy Cudgel Water
|-damage|p1a: Cinderace|14/100
|
|upkeep
|turn|13
|
|t:|1776097438
|move|p1a: Cinderace|U-turn|p2a: Ogerpon
|-supereffective|p2a: Ogerpon
|-damage|p2a: Ogerpon|0 fnt
|faint|p2a: Ogerpon
|c|☆orange fruit|That crit was so unlucky
|j| kindnessalwayswins
|
|t:|1776097456
|switch|p1a: Iron Crown|Iron Crown|88/100|[from] U-turn
|
|upkeep
|
|t:|1776097461
|switch|p2a: Darkrai|Darkrai|100/100
|-damage|p2a: Darkrai|76/100|[from] Spikes
|turn|14
|
|t:|1776097469
|move|p1a: Iron Crown|Focus Blast|p2a: Darkrai|[miss]
|-miss|p1a: Iron Crown|p2a: Darkrai
|move|p2a: Darkrai|Dark Pulse|p1a: Iron Crown
|-supereffective|p1a: Iron Crown
|-damage|p1a: Iron Crown|0 fnt
|faint|p1a: Iron Crown
|-end|p1a: Iron Crown|Quark Drive|[silent]
|
|upkeep
|c|☆orange fruit|Ffa
|c|☆orange fruit|Ffs
|
|t:|1776097478
|switch|p1a: Tyranitar|Tyranitar, M|100/100
|-weather|Sandstorm|[from] ability: Sand Stream|[of] p1a: Tyranitar
|turn|15
|
|t:|1776097483
|move|p2a: Darkrai|Knock Off|p1a: Tyranitar
|-resisted|p1a: Tyranitar
|-damage|p1a: Tyranitar|86/100
|-enditem|p1a: Tyranitar|Choice Band|[from] move: Knock Off|[of] p2a: Darkrai
|move|p1a: Tyranitar|Low Kick|p2a: Darkrai
|-supereffective|p2a: Darkrai
|-damage|p2a: Darkrai|0 fnt
|faint|p2a: Darkrai
|
|-weather|Sandstorm|[upkeep]
|upkeep
|j| Too Many Caps
|
|t:|1776097490
|switch|p2a: Zamazenta|Zamazenta|100/100
|-damage|p2a: Zamazenta|75/100|[from] Spikes
|-ability|p2a: Zamazenta|Dauntless Shield|boost
|-boost|p2a: Zamazenta|def|1
|turn|16
|
|t:|1776097494
|switch|p1a: Alomomola|Alomomola, F|100/100
|move|p2a: Zamazenta|Iron Defense|p2a: Zamazenta
|-boost|p2a: Zamazenta|def|2
|
|-weather|Sandstorm|[upkeep]
|-damage|p2a: Zamazenta|69/100|[from] Sandstorm
|-damage|p1a: Alomomola|94/100|[from] Sandstorm
|-heal|p2a: Zamazenta|75/100|[from] item: Leftovers
|upkeep
|turn|17
|
|t:|1776097502
|-terastallize|p2a: Zamazenta|Fire
|move|p2a: Zamazenta|Iron Defense|p2a: Zamazenta
|-boost|p2a: Zamazenta|def|2
|move|p1a: Alomomola|Body Slam|p2a: Zamazenta
|-damage|p2a: Zamazenta|72/100
|-status|p2a: Zamazenta|par
|
|-weather|Sandstorm|[upkeep]
|-damage|p2a: Zamazenta|66/100 par|[from] Sandstorm
|-damage|p1a: Alomomola|88/100|[from] Sandstorm
|-heal|p2a: Zamazenta|72/100 par|[from] item: Leftovers
|upkeep
|turn|18
|
|t:|1776097513
|move|p1a: Alomomola|Aqua Jet|p2a: Zamazenta
|-supereffective|p2a: Zamazenta
|-damage|p2a: Zamazenta|67/100 par
|move|p2a: Zamazenta|Body Press|p1a: Alomomola
|-damage|p1a: Alomomola|24/100
|
|-weather|Sandstorm|[upkeep]
|-damage|p2a: Zamazenta|61/100 par|[from] Sandstorm
|-damage|p1a: Alomomola|17/100|[from] Sandstorm
|-heal|p2a: Zamazenta|67/100 par|[from] item: Leftovers
|upkeep
|turn|19
|
|t:|1776097519
|move|p2a: Zamazenta|Body Press|p1a: Alomomola
|-damage|p1a: Alomomola|0 fnt
|faint|p1a: Alomomola
|
|-weather|none
|-heal|p2a: Zamazenta|73/100 par|[from] item: Leftovers
|upkeep
|
|t:|1776097532
|switch|p1a: Tyranitar|Tyranitar, M|86/100
|-weather|Sandstorm|[from] ability: Sand Stream|[of] p1a: Tyranitar
|turn|20
|
|t:|1776097535
|move|p1a: Tyranitar|Stone Edge|p2a: Zamazenta
|-supereffective|p2a: Zamazenta
|-crit|p2a: Zamazenta
|-damage|p2a: Zamazenta|0 fnt
|faint|p2a: Zamazenta
|
|-weather|Sandstorm|[upkeep]
|upkeep
|
|t:|1776097544
|switch|p2a: Regidrago|Regidrago|100/100
|-damage|p2a: Regidrago|76/100|[from] Spikes
|turn|21
|
|t:|1776097548
|move|p2a: Regidrago|Outrage|p1a: Tyranitar
|-damage|p1a: Tyranitar|0 fnt
|faint|p1a: Tyranitar
|-damage|p2a: Regidrago|66/100|[from] item: Life Orb
|
|-weather|Sandstorm|[upkeep]
|-damage|p2a: Regidrago|59/100|[from] Sandstorm
|upkeep
|
|t:|1776097555
|switch|p1a: Cinderace|Cinderace, M|14/100
|turn|22
|
|t:|1776097560
|move|p1a: Cinderace|Sucker Punch|p2a: Regidrago
|-start|p1a: Cinderace|typechange|Dark|[from] ability: Libero
|-damage|p2a: Regidrago|22/100
|move|p2a: Regidrago|Outrage|p1a: Cinderace|[from] lockedmove
|-damage|p1a: Cinderace|0 fnt
|faint|p1a: Cinderace
|-damage|p2a: Regidrago|12/100|[from] item: Life Orb
|-start|p2a: Regidrago|confusion|[fatigue]
|
|win|Igoodnamename
|raw|orange fruit's rating: 1772 &rarr; <strong>1748</strong><br />(-24 for losing)
|raw|Igoodnamename's rating: 1710 &rarr; <strong>1734</strong><br />(+24 for winning)
|c|☆Igoodnamename|ggs
|l|☆Igoodnamename
|player|p2|
|l| Eternity o2
|c|☆orange fruit|Gg
|l| kindnessalwayswins
