|html|<div class="broadcast-blue"><strong>[Gen 9] OU is currently suspecting Tera Blast! For information on how to participate check out the <a href="https://www.smogon.com/tools/suspects/view/200">suspect thread</a>.</strong></div>
|j|☆chungus mcchungus
|j|☆brogre35
|t:|1776090750
|gametype|singles
|player|p1|chungus mcchungus|sage|1632
|player|p2|brogre35|swimmer-gen4dp|1707
|gen|9
|tier|[Gen 9] OU
|rated|
|rule|HP Percentage Mod: HP is shown in percentages
|rule|Endless Battle Clause: Forcing endless battles is banned
|rule|Species Clause: Limit one of each Pokémon
|rule|OHKO Clause: OHKO moves are banned
|rule|Evasion Items Clause: Evasion items are banned
|rule|Evasion Moves Clause: Evasion moves are banned
|rule|Evasion Abilities Clause: Evasion abilities are banned
|rule|Sleep Moves Clause: Sleep-inducing moves are banned
|clearpoke
|poke|p1|Skarmory, M|
|poke|p1|Ting-Lu|
|poke|p1|Zamazenta-*|
|poke|p1|Pecharunt|
|poke|p1|Clefable, M|
|poke|p1|Walking Wake|
|poke|p2|Ninetales-Alola, F|
|poke|p2|Kyurem|
|poke|p2|Ursaluna, F|
|poke|p2|Farigiraf, M|
|poke|p2|Hatterene, F|
|poke|p2|Cresselia, F|
|teampreview
|inactive|Battle timer is ON: inactive players will automatically lose when time's up. (requested by brogre35)
|inactive|chungus mcchungus also wants the timer to be on.
|
|t:|1776090763
|teamsize|p1|6
|teamsize|p2|6
|start
|switch|p1a: Zamazenta|Zamazenta|100/100
|switch|p2a: The Good Life|Ninetales-Alola, F|100/100
|-ability|p1a: Zamazenta|Dauntless Shield|boost
|-boost|p1a: Zamazenta|def|1
|-weather|Snowscape|[from] ability: Snow Warning|[of] p2a: The Good Life
|turn|1
|
|t:|1776090769
|switch|p2a: Butterfly|Cresselia, F|100/100
|move|p1a: Zamazenta|Heavy Slam|p2a: Butterfly
|-damage|p2a: Butterfly|90/100
|
|-weather|Snowscape|[upkeep]
|upkeep
|turn|2
|
|t:|1776090776
|switch|p1a: Ting-Lu|Ting-Lu|100/100
|-ability|p1a: Ting-Lu|Vessel of Ruin
|move|p2a: Butterfly|Moonblast|p1a: Ting-Lu
|-supereffective|p1a: Ting-Lu
|-damage|p1a: Ting-Lu|86/100
|
|-weather|Snowscape|[upkeep]
|-heal|p1a: Ting-Lu|92/100|[from] item: Leftovers
|upkeep
|turn|3
|
|t:|1776090784
|switch|p2a: Pink Triangle|Hatterene, F|100/100
|move|p1a: Ting-Lu|Ruination|p2a: Pink Triangle
|-damage|p2a: Pink Triangle|51/100
|
|-weather|Snowscape|[upkeep]
|-heal|p1a: Ting-Lu|99/100|[from] item: Leftovers
|upkeep
|turn|4
|
|t:|1776090793
|move|p1a: Ting-Lu|Earthquake|p2a: Pink Triangle
|-damage|p2a: Pink Triangle|11/100
|move|p2a: Pink Triangle|Trick Room|p2a: Pink Triangle
|-fieldstart|move: Trick Room|[of] p2a: Pink Triangle
|
|-weather|Snowscape|[upkeep]
|-heal|p1a: Ting-Lu|100/100|[from] item: Leftovers
|upkeep
|turn|5
|
|t:|1776090801
|move|p2a: Pink Triangle|Misty Explosion|p1a: Ting-Lu
|-supereffective|p1a: Ting-Lu
|-damage|p1a: Ting-Lu|49/100
|faint|p2a: Pink Triangle
|move|p1a: Ting-Lu|Earthquake|p2: Pink Triangle|[notarget]
|-fail|p1a: Ting-Lu
|
|-weather|none
|-heal|p1a: Ting-Lu|55/100|[from] item: Leftovers
|upkeep
|
|t:|1776090805
|switch|p2a: El Scorcho|Ursaluna, F|100/100
|turn|6
|
|t:|1776090812
|switch|p1a: Skarmory|Skarmory, M|100/100
|move|p2a: El Scorcho|Protect||[still]
|-fail|p2a: El Scorcho
|
|-status|p2a: El Scorcho|brn|[from] item: Flame Orb
|upkeep
|turn|7
|
|t:|1776090820
|move|p2a: El Scorcho|Fire Punch|p1a: Skarmory
|-supereffective|p1a: Skarmory
|-damage|p1a: Skarmory|43/100
|-damage|p2a: El Scorcho|84/100 brn|[from] item: Rocky Helmet|[of] p1a: Skarmory
|move|p1a: Skarmory|Whirlwind|p2a: El Scorcho
|drag|p2a: Getchoo|Kyurem|100/100
|-ability|p2a: Getchoo|Pressure
|
|upkeep
|turn|8
|
|t:|1776090831
|move|p1a: Skarmory|Roost|p1a: Skarmory
|-heal|p1a: Skarmory|94/100
|-singleturn|p1a: Skarmory|move: Roost
|move|p2a: Getchoo|Dragon Dance|p2a: Getchoo
|-boost|p2a: Getchoo|atk|1
|-boost|p2a: Getchoo|spe|1
|
|-fieldend|move: Trick Room
|upkeep
|turn|9
|
|t:|1776090840
|-terastallize|p2a: Getchoo|Electric
|move|p2a: Getchoo|Tera Blast|p1a: Skarmory|[anim] Tera Blast Electric
|-supereffective|p1a: Skarmory
|-damage|p1a: Skarmory|17/100
|move|p1a: Skarmory|Whirlwind|p2a: Getchoo
|drag|p2a: Across The Sea|Farigiraf, M|100/100
|
|upkeep
|turn|10
|
|t:|1776090847
|move|p1a: Skarmory|Spikes|p2a: Across The Sea
|-sidestart|p2: brogre35|Spikes
|move|p2a: Across The Sea|Shadow Ball|p1a: Skarmory
|-damage|p1a: Skarmory|0 fnt
|faint|p1a: Skarmory
|
|upkeep
|
|t:|1776090853
|switch|p1a: Ting-Lu|Ting-Lu|55/100
|-ability|p1a: Ting-Lu|Vessel of Ruin
|turn|11
|
|t:|1776090858
|switch|p2a: El Scorcho|Ursaluna, F|84/100 brn
|-damage|p2a: El Scorcho|72/100 brn|[from] Spikes
|move|p1a: Ting-Lu|Stealth Rock|p2a: El Scorcho
|-sidestart|p2: brogre35|move: Stealth Rock
|
|-heal|p1a: Ting-Lu|61/100|[from] item: Leftovers
|-damage|p2a: El Scorcho|66/100 brn|[from] brn
|upkeep
|turn|12
|
|t:|1776090865
|move|p2a: El Scorcho|Headlong Rush|p1a: Ting-Lu
|-damage|p1a: Ting-Lu|0 fnt
|-unboost|p2a: El Scorcho|def|1
|-unboost|p2a: El Scorcho|spd|1
|faint|p1a: Ting-Lu
|
|-damage|p2a: El Scorcho|59/100 brn|[from] brn
|upkeep
|
|t:|1776090871
|switch|p1a: Walking Wake|Walking Wake|100/100
|turn|13
|
|t:|1776090878
|switch|p2a: The Good Life|Ninetales-Alola, F|100/100
|-damage|p2a: The Good Life|88/100|[from] Spikes
|-damage|p2a: The Good Life|63/100|[from] Stealth Rock
|-weather|Snowscape|[from] ability: Snow Warning|[of] p2a: The Good Life
|move|p1a: Walking Wake|Surf|p2a: The Good Life
|-damage|p2a: The Good Life|17/100
|
|-weather|Snowscape|[upkeep]
|upkeep
|turn|14
|
|t:|1776090883
|move|p2a: The Good Life|Aurora Veil|p2a: The Good Life
|-sidestart|p2: brogre35|move: Aurora Veil
|move|p1a: Walking Wake|Surf|p2a: The Good Life
|-damage|p2a: The Good Life|0 fnt
|faint|p2a: The Good Life
|
|-weather|Snowscape|[upkeep]
|upkeep
|
|t:|1776090892
|switch|p2a: Getchoo|Kyurem, tera:Electric|100/100
|-damage|p2a: Getchoo|88/100|[from] Spikes
|-damage|p2a: Getchoo|76/100|[from] Stealth Rock
|-ability|p2a: Getchoo|Pressure
|turn|15
|
|t:|1776090896
|-end|p1a: Walking Wake|Protosynthesis|[silent]
|switch|p1a: Pecharunt|Pecharunt|100/100
|move|p2a: Getchoo|Dragon Dance|p2a: Getchoo
|-boost|p2a: Getchoo|atk|1
|-boost|p2a: Getchoo|spe|1
|
|-weather|Snowscape|[upkeep]
|upkeep
|turn|16
|
|t:|1776090904
|move|p2a: Getchoo|Dragon Dance|p2a: Getchoo
|-boost|p2a: Getchoo|atk|1
|-boost|p2a: Getchoo|spe|1
|move|p1a: Pecharunt|Malignant Chain|p2a: Getchoo
|-damage|p2a: Getchoo|61/100
|
|-weather|Snowscape|[upkeep]
|upkeep
|turn|17
|inactive|chungus mcchungus has 120 seconds left.
|
|t:|1776090943
|-terastallize|p1a: Pecharunt|Dark
|move|p2a: Getchoo|Icicle Spear|p1a: Pecharunt
|-damage|p1a: Pecharunt|86/100
|-damage|p1a: Pecharunt|71/100
|-damage|p1a: Pecharunt|57/100
|-damage|p1a: Pecharunt|44/100
|-hitcount|p1a: Pecharunt|4
|move|p1a: Pecharunt|Foul Play|p2a: Getchoo
|-damage|p2a: Getchoo|14/100
|
|-weather|none
|upkeep
|turn|18
|inactive|chungus mcchungus has 120 seconds left.
|
|t:|1776090960
|move|p2a: Getchoo|Icicle Spear|p1a: Pecharunt
|-damage|p1a: Pecharunt|29/100
|-damage|p1a: Pecharunt|16/100
|-damage|p1a: Pecharunt|2/100
|-damage|p1a: Pecharunt|0 fnt
|faint|p1a: Pecharunt
|-hitcount|p1: Pecharunt|4
|
|upkeep
|
|t:|1776090966
|switch|p1a: Zamazenta|Zamazenta|100/100
|turn|19
|
|t:|1776090969
|move|p2a: Getchoo|Icicle Spear|p1a: Zamazenta
|-damage|p1a: Zamazenta|74/100
|-crit|p1a: Zamazenta
|-damage|p1a: Zamazenta|36/100
|-damage|p1a: Zamazenta|8/100
|-damage|p1a: Zamazenta|0 fnt
|faint|p1a: Zamazenta
|-hitcount|p1: Zamazenta|4
|
|upkeep
|inactive|chungus mcchungus has 120 seconds left.
|-message|chungus mcchungus forfeited.
|
|win|brogre35
|raw|chungus mcchungus's rating: 1632 &rarr; <strong>1616</strong><br />(-16 for losing)
|raw|brogre35's rating: 1707 &rarr; <strong>1723</strong><br />(+16 for winning)
|l|☆chungus mcchungus
|player|p1|
|l|☆brogre35
|player|p2|
