|html|<div class="broadcast-blue"><strong>[Gen 9] OU is currently suspecting Tera Blast! For information on how to participate check out the <a href="https://www.smogon.com/tools/suspects/view/200">suspect thread</a>.</strong></div>
|j|☆pichulasio
|j|☆Gabriel5192
|t:|1776040150
|gametype|singles
|player|p1|pichulasio|battlegirl-gen4|1603
|player|p2|Gabriel5192|jogger|1538
|gen|9
|tier|[Gen 9] OU
|rated|
|rule|HP Percentage Mod: HP is shown in percentages
|rule|Endless Battle Clause: Forcing endless battles is banned
|rule|Species Clause: Limit one of each Pokémon
|rule|OHKO Clause: OHKO moves are banned
|rule|Evasion Items Clause: Evasion items are banned
|rule|Evasion Moves Clause: Evasion moves are banned
|rule|Evasion Abilities Clause: Evasion abilities are banned
|rule|Sleep Moves Clause: Sleep-inducing moves are banned
|clearpoke
|poke|p1|Ninetales-Alola, M|
|poke|p1|Zamazenta-*|
|poke|p1|Latios, M|
|poke|p1|Ceruledge, F|
|poke|p1|Cloyster, F|
|poke|p1|Weezing-Galar, M|
|poke|p2|Ceruledge, F|
|poke|p2|Iron Valiant|
|poke|p2|Great Tusk|
|poke|p2|Dragapult, M|
|poke|p2|Slowking-Galar, F|
|poke|p2|Thundurus, M|
|teampreview
|inactive|Battle timer is ON: inactive players will automatically lose when time's up. (requested by pichulasio)
|inactive|Gabriel5192 has 120 seconds left.
|
|t:|1776040187
|teamsize|p1|6
|teamsize|p2|6
|start
|switch|p1a: Ninetales|Ninetales-Alola, M|100/100
|switch|p2a: Iron Valiant|Iron Valiant|100/100
|-weather|Snowscape|[from] ability: Snow Warning|[of] p1a: Ninetales
|-enditem|p2a: Iron Valiant|Booster Energy
|-activate|p2a: Iron Valiant|ability: Quark Drive|[fromitem]
|-start|p2a: Iron Valiant|quarkdrivespe
|turn|1
|
|t:|1776040197
|move|p2a: Iron Valiant|Moonblast|p1a: Ninetales
|-damage|p1a: Ninetales|55/100
|move|p1a: Ninetales|Encore|p2a: Iron Valiant
|-start|p2a: Iron Valiant|Encore
|
|-weather|Snowscape|[upkeep]
|upkeep
|turn|2
|
|t:|1776040205
|switch|p1a: Weezing|Weezing-Galar, M|100/100
|-ability|p1a: Weezing|Neutralizing Gas
|move|p2a: Iron Valiant|Moonblast|p1a: Weezing
|-resisted|p1a: Weezing
|-damage|p1a: Weezing|67/100
|-unboost|p1a: Weezing|spa|1
|
|-weather|Snowscape|[upkeep]
|upkeep
|turn|3
|
|t:|1776040216
|-end|p2a: Iron Valiant|Quark Drive|[silent]
|switch|p2a: Slowking|Slowking-Galar, F|100/100
|move|p1a: Weezing|Toxic|p2a: Slowking
|-immune|p2a: Slowking
|
|-weather|Snowscape|[upkeep]
|upkeep
|turn|4
|
|t:|1776040226
|-end|p1a: Weezing|ability: Neutralizing Gas
|switch|p1a: Ceruledge|Ceruledge, F|100/100
|move|p2a: Slowking|Sludge Bomb|p1a: Ceruledge
|-resisted|p1a: Ceruledge
|-damage|p1a: Ceruledge|82/100
|
|-weather|Snowscape|[upkeep]
|upkeep
|turn|5
|
|t:|1776040236
|switch|p2a: Great Tusk|Great Tusk, shiny|100/100
|move|p1a: Ceruledge|Bitter Blade|p2a: Great Tusk
|-damage|p2a: Great Tusk|77/100
|-heal|p1a: Ceruledge|99/100|[from] drain|[of] p2a: Great Tusk
|
|-weather|none
|-heal|p2a: Great Tusk|83/100|[from] item: Leftovers
|upkeep
|turn|6
|
|t:|1776040247
|switch|p1a: Ninetales|Ninetales-Alola, M|55/100
|-weather|Snowscape|[from] ability: Snow Warning|[of] p1a: Ninetales
|move|p2a: Great Tusk|Knock Off|p1a: Ninetales
|-resisted|p1a: Ninetales
|-crit|p1a: Ninetales
|-damage|p1a: Ninetales|38/100
|-enditem|p1a: Ninetales|Light Clay|[from] move: Knock Off|[of] p2a: Great Tusk
|
|-weather|Snowscape|[upkeep]
|-heal|p2a: Great Tusk|89/100|[from] item: Leftovers
|upkeep
|turn|7
|
|t:|1776040261
|-end|p2a: Great Tusk|Protosynthesis|[silent]
|switch|p2a: Slowking|Slowking-Galar, F|100/100
|move|p1a: Ninetales|Encore||[still]
|-fail|p1a: Ninetales
|
|-weather|Snowscape|[upkeep]
|upkeep
|turn|8
|
|t:|1776040268
|move|p1a: Ninetales|Aurora Veil|p1a: Ninetales
|-sidestart|p1: pichulasio|move: Aurora Veil
|move|p2a: Slowking|Future Sight|p1a: Ninetales
|-start|p2a: Slowking|move: Future Sight
|
|-weather|Snowscape|[upkeep]
|upkeep
|turn|9
|
|t:|1776040276
|switch|p1a: Ceruledge|Ceruledge, F|99/100
|switch|p2a: Iron Valiant|Iron Valiant|100/100
|
|-weather|Snowscape|[upkeep]
|upkeep
|turn|10
|
|t:|1776040289
|move|p2a: Iron Valiant|Shadow Ball|p1a: Ceruledge
|-supereffective|p1a: Ceruledge
|-damage|p1a: Ceruledge|71/100
|-unboost|p1a: Ceruledge|spd|1
|move|p1a: Ceruledge|Bitter Blade|p2a: Iron Valiant
|-damage|p2a: Iron Valiant|40/100
|-heal|p1a: Ceruledge|100/100|[from] drain|[of] p2a: Iron Valiant
|
|-weather|none
|-end|p1a: Ceruledge|move: Future Sight
|-damage|p1a: Ceruledge|61/100
|upkeep
|turn|11
|
|t:|1776040302
|move|p2a: Iron Valiant|Shadow Ball|p1a: Ceruledge
|-supereffective|p1a: Ceruledge
|-damage|p1a: Ceruledge|13/100
|move|p1a: Ceruledge|Bitter Blade|p2a: Iron Valiant
|-damage|p2a: Iron Valiant|0 fnt
|-heal|p1a: Ceruledge|33/100|[from] drain|[of] p2a: Iron Valiant
|faint|p2a: Iron Valiant
|-end|p2a: Iron Valiant|Quark Drive|[silent]
|
|upkeep
|
|t:|1776040318
|switch|p2a: Great Tusk|Great Tusk, shiny|89/100
|turn|12
|
|t:|1776040334
|switch|p1a: Cloyster|Cloyster, F, shiny|100/100
|move|p2a: Great Tusk|Bulk Up|p2a: Great Tusk
|-boost|p2a: Great Tusk|atk|1
|-boost|p2a: Great Tusk|def|1
|
|-heal|p2a: Great Tusk|96/100|[from] item: Leftovers
|-sideend|p1: pichulasio|move: Aurora Veil
|upkeep
|turn|13
|
|t:|1776040344
|move|p1a: Cloyster|Shell Smash|p1a: Cloyster
|-unboost|p1a: Cloyster|def|1
|-unboost|p1a: Cloyster|spd|1
|-boost|p1a: Cloyster|atk|2
|-boost|p1a: Cloyster|spa|2
|-boost|p1a: Cloyster|spe|2
|-enditem|p1a: Cloyster|White Herb
|-clearnegativeboost|p1a: Cloyster|[silent]
|move|p2a: Great Tusk|Knock Off|p1a: Cloyster
|-damage|p1a: Cloyster|76/100
|
|-heal|p2a: Great Tusk|100/100|[from] item: Leftovers
|upkeep
|turn|14
|
|t:|1776040356
|-terastallize|p2a: Great Tusk|Poison
|move|p1a: Cloyster|Icicle Spear|p2a: Great Tusk
|-damage|p2a: Great Tusk|93/100
|-crit|p2a: Great Tusk
|-damage|p2a: Great Tusk|75/100
|-damage|p2a: Great Tusk|68/100
|-damage|p2a: Great Tusk|61/100
|-damage|p2a: Great Tusk|53/100
|-hitcount|p2a: Great Tusk|5
|move|p2a: Great Tusk|Headlong Rush|p1a: Cloyster
|-damage|p1a: Cloyster|15/100
|-unboost|p2a: Great Tusk|def|1
|-unboost|p2a: Great Tusk|spd|1
|
|-heal|p2a: Great Tusk|59/100|[from] item: Leftovers
|upkeep
|turn|15
|
|t:|1776040375
|move|p1a: Cloyster|Icicle Spear|p2a: Great Tusk
|-damage|p2a: Great Tusk|48/100
|-damage|p2a: Great Tusk|37/100
|-damage|p2a: Great Tusk|25/100
|-damage|p2a: Great Tusk|14/100
|-damage|p2a: Great Tusk|4/100
|-hitcount|p2a: Great Tusk|5
|move|p2a: Great Tusk|Headlong Rush|p1a: Cloyster
|-damage|p1a: Cloyster|0 fnt
|-unboost|p2a: Great Tusk|def|1
|-unboost|p2a: Great Tusk|spd|1
|faint|p1a: Cloyster
|
|-heal|p2a: Great Tusk|10/100|[from] item: Leftovers
|upkeep
|
|t:|1776040385
|switch|p1a: Ceruledge|Ceruledge, F|33/100
|turn|16
|
|t:|1776040393
|move|p1a: Ceruledge|Shadow Sneak|p2a: Great Tusk
|-damage|p2a: Great Tusk|0 fnt
|faint|p2a: Great Tusk
|-end|p2a: Great Tusk|Protosynthesis|[silent]
|
|upkeep
|
|t:|1776040406
|switch|p2a: Ceruledge|Ceruledge, F|100/100
|turn|17
|
|t:|1776040415
|switch|p1a: Ninetales|Ninetales-Alola, M|38/100
|-weather|Snowscape|[from] ability: Snow Warning|[of] p1a: Ninetales
|move|p2a: Ceruledge|Swords Dance|p2a: Ceruledge
|-boost|p2a: Ceruledge|atk|2
|
|-weather|Snowscape|[upkeep]
|upkeep
|turn|18
|
|t:|1776040424
|move|p2a: Ceruledge|Shadow Sneak|p1a: Ninetales
|-damage|p1a: Ninetales|6/100
|move|p1a: Ninetales|Encore|p2a: Ceruledge
|-start|p2a: Ceruledge|Encore
|
|-weather|Snowscape|[upkeep]
|upkeep
|turn|19
|
|t:|1776040443
|-terastallize|p1a: Ninetales|Normal
|move|p2a: Ceruledge|Shadow Sneak|p1a: Ninetales
|-immune|p1a: Ninetales
|move|p1a: Ninetales|Aurora Veil|p1a: Ninetales
|-sidestart|p1: pichulasio|move: Aurora Veil
|
|-weather|Snowscape|[upkeep]
|upkeep
|turn|20
|
|t:|1776040453
|switch|p2a: Slowking|Slowking-Galar, F|100/100
|move|p1a: Ninetales|Freeze-Dry|p2a: Slowking
|-damage|p2a: Slowking|92/100
|
|-weather|Snowscape|[upkeep]
|upkeep
|turn|21
|
|t:|1776040462
|switch|p1a: Ceruledge|Ceruledge, F|33/100
|move|p2a: Slowking|Future Sight|p1a: Ceruledge
|-start|p2a: Slowking|move: Future Sight
|
|-weather|none
|upkeep
|turn|22
|
|t:|1776040479
|move|p1a: Ceruledge|Swords Dance|p1a: Ceruledge
|-boost|p1a: Ceruledge|atk|2
|move|p2a: Slowking|Sludge Bomb|p1a: Ceruledge
|-resisted|p1a: Ceruledge
|-damage|p1a: Ceruledge|23/100
|-status|p1a: Ceruledge|psn
|
|-damage|p1a: Ceruledge|10/100 psn|[from] psn
|upkeep
|turn|23
|
|t:|1776040492
|switch|p2a: Dragapult|Dragapult, M|100/100
|move|p1a: Ceruledge|Bitter Blade|p2a: Dragapult
|-resisted|p2a: Dragapult
|-damage|p2a: Dragapult|36/100
|-heal|p1a: Ceruledge|46/100 psn|[from] drain|[of] p2a: Dragapult
|
|-end|p1a: Ceruledge|move: Future Sight
|-damage|p1a: Ceruledge|17/100 psn
|-heal|p2a: Dragapult|42/100|[from] item: Leftovers
|-damage|p1a: Ceruledge|5/100 psn|[from] psn
|-sideend|p1: pichulasio|move: Aurora Veil
|upkeep
|turn|24
|
|t:|1776040508
|move|p1a: Ceruledge|Shadow Sneak|p2a: Dragapult
|-supereffective|p2a: Dragapult
|-damage|p2a: Dragapult|0 fnt
|faint|p2a: Dragapult
|
|-damage|p1a: Ceruledge|0 fnt|[from] psn
|faint|p1a: Ceruledge
|upkeep
|
|t:|1776040521
|switch|p2a: Thundurus|Thundurus, M|100/100
|switch|p1a: Ninetales|Ninetales-Alola, M, tera:Normal|6/100
|-weather|Snowscape|[from] ability: Snow Warning|[of] p1a: Ninetales
|turn|25
|
|t:|1776040529
|switch|p1a: Weezing|Weezing-Galar, M|67/100
|-ability|p1a: Weezing|Neutralizing Gas
|move|p2a: Thundurus|Thunderbolt|p1a: Weezing
|-damage|p1a: Weezing|0 fnt
|faint|p1a: Weezing
|-end|p1a: Weezing|ability: Neutralizing Gas
|-damage|p2a: Thundurus|91/100|[from] item: Life Orb
|
|-weather|Snowscape|[upkeep]
|upkeep
|
|t:|1776040535
|switch|p1a: Latios|Latios, M|100/100
|turn|26
|
|t:|1776040548
|move|p2a: Thundurus|Thunder Wave|p1a: Latios
|-status|p1a: Latios|par
|cant|p1a: Latios|par
|
|-weather|Snowscape|[upkeep]
|upkeep
|turn|27
|
|t:|1776040556
|switch|p2a: Slowking|Slowking-Galar, F|100/100
|cant|p1a: Latios|par
|
|-weather|Snowscape|[upkeep]
|upkeep
|turn|28
|
|t:|1776040564
|cant|p1a: Latios|par
|move|p2a: Slowking|Future Sight|p1a: Latios
|-start|p2a: Slowking|move: Future Sight
|
|-weather|Snowscape|[upkeep]
|upkeep
|turn|29
|
|t:|1776040570
|cant|p1a: Latios|par
|move|p2a: Slowking|Ice Beam|p1a: Latios
|-supereffective|p1a: Latios
|-damage|p1a: Latios|57/100 par
|
|-weather|none
|upkeep
|turn|30
|
|t:|1776040578
|move|p1a: Latios|Calm Mind|p1a: Latios
|-boost|p1a: Latios|spa|1
|-boost|p1a: Latios|spd|1
|move|p2a: Slowking|Ice Beam|p1a: Latios
|-supereffective|p1a: Latios
|-damage|p1a: Latios|25/100 par
|
|-end|p1a: Latios|move: Future Sight
|-resisted|p1a: Latios
|-damage|p1a: Latios|8/100 par
|upkeep
|turn|31
|
|t:|1776040588
|move|p1a: Latios|Recover|p1a: Latios
|-heal|p1a: Latios|59/100 par
|move|p2a: Slowking|Ice Beam|p1a: Latios
|-supereffective|p1a: Latios
|-crit|p1a: Latios
|-damage|p1a: Latios|0 fnt
|faint|p1a: Latios
|
|upkeep
|
|t:|1776040597
|switch|p1a: Ninetales|Ninetales-Alola, M, tera:Normal|6/100
|-weather|Snowscape|[from] ability: Snow Warning|[of] p1a: Ninetales
|turn|32
|
|t:|1776040605
|move|p1a: Ninetales|Encore|p2a: Slowking
|-start|p2a: Slowking|Encore
|move|p2a: Slowking|Ice Beam|p1a: Ninetales
|-damage|p1a: Ninetales|0 fnt
|faint|p1a: Ninetales
|
|-weather|Snowscape|[upkeep]
|upkeep
|
|t:|1776040607
|switch|p1a: Zamazenta|Zamazenta|100/100
|-ability|p1a: Zamazenta|Dauntless Shield|boost
|-boost|p1a: Zamazenta|def|1
|turn|33
|
|t:|1776040617
|switch|p2a: Thundurus|Thundurus, M|91/100
|move|p1a: Zamazenta|Iron Defense|p1a: Zamazenta
|-boost|p1a: Zamazenta|def|2
|
|-weather|Snowscape|[upkeep]
|upkeep
|turn|34
|
|t:|1776040625
|move|p2a: Thundurus|Thunder Wave|p1a: Zamazenta
|-status|p1a: Zamazenta|par
|move|p1a: Zamazenta|Body Press|p2a: Thundurus
|-resisted|p2a: Thundurus
|-damage|p2a: Thundurus|36/100
|
|-weather|Snowscape|[upkeep]
|upkeep
|turn|35
|
|t:|1776040634
|move|p2a: Thundurus|Thunderbolt|p1a: Zamazenta
|-damage|p1a: Zamazenta|55/100 par
|-damage|p2a: Thundurus|26/100|[from] item: Life Orb
|cant|p1a: Zamazenta|par
|
|-weather|Snowscape|[upkeep]
|-heal|p1a: Zamazenta|61/100 par|[from] item: Leftovers
|upkeep
|turn|36
|
|t:|1776040643
|move|p2a: Thundurus|Thunderbolt|p1a: Zamazenta
|-damage|p1a: Zamazenta|19/100 par
|-damage|p2a: Thundurus|17/100|[from] item: Life Orb
|move|p1a: Zamazenta|Body Press|p2a: Thundurus
|-resisted|p2a: Thundurus
|-damage|p2a: Thundurus|0 fnt
|faint|p2a: Thundurus
|
|-weather|none
|-heal|p1a: Zamazenta|25/100 par|[from] item: Leftovers
|upkeep
|
|t:|1776040654
|switch|p2a: Slowking|Slowking-Galar, F|100/100
|turn|37
|
|t:|1776040658
|move|p1a: Zamazenta|Crunch|p2a: Slowking
|-supereffective|p2a: Slowking
|-damage|p2a: Slowking|52/100
|move|p2a: Slowking|Future Sight|p1a: Zamazenta
|-start|p2a: Slowking|move: Future Sight
|
|-heal|p1a: Zamazenta|31/100 par|[from] item: Leftovers
|upkeep
|turn|38
|
|t:|1776040667
|move|p1a: Zamazenta|Crunch|p2a: Slowking
|-supereffective|p2a: Slowking
|-damage|p2a: Slowking|3/100
|-unboost|p2a: Slowking|def|1
|move|p2a: Slowking|Sludge Bomb|p1a: Zamazenta
|-damage|p1a: Zamazenta|6/100 par
|
|-heal|p1a: Zamazenta|12/100 par|[from] item: Leftovers
|upkeep
|turn|39
|-message|pichulasio forfeited.
|
|win|Gabriel5192
|raw|pichulasio's rating: 1603 &rarr; <strong>1579</strong><br />(-24 for losing)
|raw|Gabriel5192's rating: 1538 &rarr; <strong>1562</strong><br />(+24 for winning)
|l|☆pichulasio
|player|p1|
|l|☆Gabriel5192
|player|p2|
