|html|<div class="broadcast-blue"><strong>[Gen 9] OU is currently suspecting Tera Blast! For information on how to participate check out the <a href="https://www.smogon.com/tools/suspects/view/200">suspect thread</a>.</strong></div>
|j|☆ea.no.sports
|j|☆untoxablepex
|t:|1776208209
|gametype|singles
|player|p1|ea.no.sports|1|1083
|player|p2|untoxablepex|266|1063
|gen|9
|tier|[Gen 9] OU
|rated|
|rule|HP Percentage Mod: HP is shown in percentages
|rule|Endless Battle Clause: Forcing endless battles is banned
|rule|Species Clause: Limit one of each Pokémon
|rule|OHKO Clause: OHKO moves are banned
|rule|Evasion Items Clause: Evasion items are banned
|rule|Evasion Moves Clause: Evasion moves are banned
|rule|Evasion Abilities Clause: Evasion abilities are banned
|rule|Sleep Moves Clause: Sleep-inducing moves are banned
|clearpoke
|poke|p1|Dragapult, M|
|poke|p1|Corviknight, M|
|poke|p1|Gholdengo|
|poke|p1|Cinderace, F|
|poke|p1|Rillaboom, M|
|poke|p1|Great Tusk|
|poke|p2|Zoroark-Hisui, F|
|poke|p2|Brambleghast, M|
|poke|p2|Chandelure, M|
|poke|p2|Mimikyu, F|
|poke|p2|Sableye, M|
|poke|p2|Ceruledge, F|
|teampreview
|
|t:|1776208239
|teamsize|p1|6
|teamsize|p2|6
|start
|switch|p1a: Corviknight|Corviknight, M|100/100
|switch|p2a: Sableye|Sableye, M, shiny|100/100
|turn|1
|
|t:|1776208245
|move|p2a: Sableye|Fake Out|p1a: Corviknight
|-resisted|p1a: Corviknight
|-damage|p1a: Corviknight|97/100
|cant|p1a: Corviknight|flinch
|
|-damage|p2a: Sableye|88/100|[from] item: Black Sludge
|upkeep
|turn|2
|
|t:|1776208264
|move|p2a: Sableye|Trick|p1a: Corviknight
|-activate|p2a: Sableye|move: Trick|[of] p1a: Corviknight
|-item|p1a: Corviknight|Black Sludge|[from] move: Trick
|-item|p2a: Sableye|Assault Vest|[from] move: Trick
|move|p1a: Corviknight|Iron Head|p2a: Sableye
|-damage|p2a: Sableye|55/100
|
|-damage|p1a: Corviknight|85/100|[from] item: Black Sludge
|upkeep
|turn|3
|
|t:|1776208272
|move|p2a: Sableye|Sucker Punch|p1a: Corviknight
|-damage|p1a: Corviknight|70/100
|move|p1a: Corviknight|U-turn|p2a: Sableye
|-damage|p2a: Sableye|34/100
|
|t:|1776208279
|switch|p1a: Cinderace|Cinderace, F|100/100|[from] U-turn
|
|upkeep
|turn|4
|
|t:|1776208292
|move|p2a: Sableye|Sucker Punch|p1a: Cinderace
|-damage|p1a: Cinderace|73/100
|move|p1a: Cinderace|Pyro Ball|p2a: Sableye
|-damage|p2a: Sableye|0 fnt
|faint|p2a: Sableye
|-damage|p1a: Cinderace|63/100|[from] item: Life Orb
|
|upkeep
|
|t:|1776208301
|switch|p2a: Ceruledge|Ceruledge, F, shiny|100/100
|turn|5
|
|t:|1776208308
|move|p1a: Cinderace|Sucker Punch||[still]
|-fail|p1a: Cinderace
|move|p2a: Ceruledge|Swords Dance|p2a: Ceruledge
|-boost|p2a: Ceruledge|atk|2
|
|upkeep
|turn|6
|
|t:|1776208315
|move|p1a: Cinderace|Sucker Punch||[still]
|-fail|p1a: Cinderace
|move|p2a: Ceruledge|Swords Dance|p2a: Ceruledge
|-boost|p2a: Ceruledge|atk|2
|
|upkeep
|turn|7
|
|t:|1776208328
|move|p1a: Cinderace|Sucker Punch||[still]
|-fail|p1a: Cinderace
|move|p2a: Ceruledge|Swords Dance|p2a: Ceruledge
|-boost|p2a: Ceruledge|atk|2
|
|upkeep
|turn|8
|
|t:|1776208334
|move|p1a: Cinderace|Sucker Punch|p2a: Ceruledge
|-start|p1a: Cinderace|typechange|Dark|[from] ability: Libero
|-supereffective|p2a: Ceruledge
|-damage|p2a: Ceruledge|0 fnt
|faint|p2a: Ceruledge
|-damage|p1a: Cinderace|53/100|[from] item: Life Orb
|
|upkeep
|
|t:|1776208342
|switch|p2a: Chandelure|Chandelure, M, shiny|100/100
|turn|9
|
|t:|1776208348
|move|p1a: Cinderace|Sucker Punch||[still]
|-fail|p1a: Cinderace
|move|p2a: Chandelure|Calm Mind|p2a: Chandelure
|-boost|p2a: Chandelure|spa|1
|-boost|p2a: Chandelure|spd|1
|
|upkeep
|turn|10
|
|t:|1776208355
|switch|p1a: Great Tusk|Great Tusk|100/100
|-enditem|p1a: Great Tusk|Booster Energy
|-activate|p1a: Great Tusk|ability: Protosynthesis|[fromitem]
|-start|p1a: Great Tusk|protosynthesisdef
|move|p2a: Chandelure|Calm Mind|p2a: Chandelure
|-boost|p2a: Chandelure|spa|1
|-boost|p2a: Chandelure|spd|1
|
|upkeep
|turn|11
|
|t:|1776208366
|move|p2a: Chandelure|Extrasensory|p1a: Great Tusk
|-supereffective|p1a: Great Tusk
|-damage|p1a: Great Tusk|0 fnt
|faint|p1a: Great Tusk
|-end|p1a: Great Tusk|Protosynthesis|[silent]
|
|upkeep
|
|t:|1776208372
|switch|p1a: Dragapult|Dragapult, M|100/100
|turn|12
|
|t:|1776208378
|move|p1a: Dragapult|Phantom Force||[still]
|-prepare|p1a: Dragapult|Phantom Force
|move|p2a: Chandelure|Dark Pulse|p1a: Dragapult|[miss]
|-miss|p2a: Chandelure|p1a: Dragapult
|
|upkeep
|turn|13
|
|t:|1776208388
|move|p1a: Dragapult|Phantom Force|p2a: Chandelure|[from] lockedmove
|-immune|p2a: Chandelure
|move|p2a: Chandelure|Bitter Malice|p1a: Dragapult
|-supereffective|p1a: Dragapult
|-damage|p1a: Dragapult|0 fnt
|faint|p1a: Dragapult
|
|upkeep
|
|t:|1776208401
|switch|p1a: Gholdengo|Gholdengo|100/100
|-item|p1a: Gholdengo|Air Balloon
|turn|14
|
|t:|1776208415
|move|p2a: Chandelure|Bitter Malice|p1a: Gholdengo
|-supereffective|p1a: Gholdengo
|-damage|p1a: Gholdengo|0 fnt
|-enditem|p1a: Gholdengo|Air Balloon
|faint|p1a: Gholdengo
|
|upkeep
|
|t:|1776208424
|switch|p1a: Rillaboom|Rillaboom, M|100/100
|-fieldstart|move: Grassy Terrain|[from] ability: Grassy Surge|[of] p1a: Rillaboom
|-enditem|p1a: Rillaboom|Grassy Seed
|-boost|p1a: Rillaboom|def|1|[from] item: Grassy Seed
|turn|15
|
|t:|1776208438
|-terastallize|p1a: Rillaboom|Ground
|move|p2a: Chandelure|Bitter Malice|p1a: Rillaboom
|-damage|p1a: Rillaboom|0 fnt
|faint|p1a: Rillaboom
|
|upkeep
|
|t:|1776208446
|switch|p1a: Cinderace|Cinderace, F|53/100
|turn|16
|
|t:|1776208454
|move|p1a: Cinderace|Pyro Ball|p2a: Chandelure
|-damage|p2a: Chandelure|0 fnt
|replace|p2a: Zoroark|Zoroark-Hisui, F, shiny
|-end|p2a: Zoroark|Illusion
|faint|p2a: Zoroark
|-damage|p1a: Cinderace|43/100|[from] item: Life Orb
|
|-heal|p1a: Cinderace|49/100|[from] Grassy Terrain
|upkeep
|
|t:|1776208457
|switch|p2a: Chandelure|Chandelure, M, shiny|100/100
|turn|17
|
|t:|1776208473
|-terastallize|p2a: Chandelure|Electric
|move|p1a: Cinderace|Sucker Punch|p2a: Chandelure
|-start|p1a: Cinderace|typechange|Dark|[from] ability: Libero
|-damage|p2a: Chandelure|34/100
|-damage|p1a: Cinderace|39/100|[from] item: Life Orb
|move|p2a: Chandelure|Psychic|p1a: Cinderace
|-immune|p1a: Cinderace
|
|-heal|p1a: Cinderace|45/100|[from] Grassy Terrain
|-heal|p2a: Chandelure|40/100|[from] Grassy Terrain
|upkeep
|turn|18
|
|t:|1776208496
|switch|p2a: Mimikyu|Mimikyu, F, shiny|100/100
|move|p1a: Cinderace|Pyro Ball|p2a: Mimikyu
|-activate|p2a: Mimikyu|ability: Disguise
|-damage|p2a: Mimikyu|100/100
|detailschange|p2a: Mimikyu|Mimikyu-Busted, F, shiny
|-damage|p2a: Mimikyu|88/100|[from] pokemon: Mimikyu-Busted
|-enditem|p2a: Mimikyu|Red Card|[of] p1a: Cinderace
|drag|p1a: Corviknight|Corviknight, M|70/100
|
|-heal|p2a: Mimikyu|94/100|[from] Grassy Terrain
|-damage|p1a: Corviknight|58/100|[from] item: Black Sludge
|upkeep
|turn|19
|
|t:|1776208521
|move|p2a: Mimikyu|Shadow Claw|p1a: Corviknight
|-damage|p1a: Corviknight|34/100
|move|p1a: Corviknight|Iron Head|p2a: Mimikyu
|-supereffective|p2a: Mimikyu
|-damage|p2a: Mimikyu|10/100
|
|-heal|p2a: Mimikyu|16/100|[from] Grassy Terrain
|-damage|p1a: Corviknight|21/100|[from] item: Black Sludge
|-fieldend|move: Grassy Terrain
|upkeep
|turn|20
|
|t:|1776208532
|move|p2a: Mimikyu|Shadow Claw|p1a: Corviknight
|-damage|p1a: Corviknight|0 fnt
|faint|p1a: Corviknight
|
|upkeep
|
|t:|1776208536
|switch|p1a: Cinderace|Cinderace, F|45/100
|turn|21
|
|t:|1776208546
|move|p1a: Cinderace|Sucker Punch||[still]
|-fail|p1a: Cinderace
|move|p2a: Mimikyu|Swords Dance|p2a: Mimikyu
|-boost|p2a: Mimikyu|atk|2
|
|upkeep
|turn|22
|
|t:|1776208553
|move|p1a: Cinderace|Pyro Ball|p2a: Mimikyu
|-damage|p2a: Mimikyu|0 fnt
|faint|p2a: Mimikyu
|-damage|p1a: Cinderace|35/100|[from] item: Life Orb
|
|upkeep
|
|t:|1776208556
|switch|p2a: Chandelure|Chandelure, M, shiny, tera:Electric|40/100
|turn|23
|
|t:|1776208562
|move|p1a: Cinderace|Pyro Ball|p2a: Chandelure
|-damage|p2a: Chandelure|0 fnt
|faint|p2a: Chandelure
|-damage|p1a: Cinderace|25/100|[from] item: Life Orb
|
|upkeep
|
|t:|1776208567
|switch|p2a: Brambleghast|Brambleghast, M, shiny|100/100
|turn|24
|
|t:|1776208571
|move|p1a: Cinderace|Pyro Ball|p2a: Brambleghast
|-supereffective|p2a: Brambleghast
|-damage|p2a: Brambleghast|0 fnt
|faint|p2a: Brambleghast
|-damage|p1a: Cinderace|15/100|[from] item: Life Orb
|
|win|ea.no.sports
|raw|ea.no.sports's rating: 1083 &rarr; <strong>1109</strong><br />(+26 for winning)
|raw|untoxablepex's rating: 1063 &rarr; <strong>1045</strong><br />(-18 for losing)
|l|☆untoxablepex
|player|p2|
