|html|<div class="broadcast-blue"><strong>[Gen 9] OU is currently suspecting Tera Blast! For information on how to participate check out the <a href="https://www.smogon.com/tools/suspects/view/200">suspect thread</a>.</strong></div>
|j|☆MrPokemon3345
|j|☆magistermilitum420
|t:|1776300827
|gametype|singles
|player|p1|MrPokemon3345|lucas|1251
|player|p2|magistermilitum420|blue|1220
|gen|9
|tier|[Gen 9] OU
|rated|
|rule|HP Percentage Mod: HP is shown in percentages
|rule|Endless Battle Clause: Forcing endless battles is banned
|rule|Species Clause: Limit one of each Pokémon
|rule|OHKO Clause: OHKO moves are banned
|rule|Evasion Items Clause: Evasion items are banned
|rule|Evasion Moves Clause: Evasion moves are banned
|rule|Evasion Abilities Clause: Evasion abilities are banned
|rule|Sleep Moves Clause: Sleep-inducing moves are banned
|clearpoke
|poke|p1|Kingambit, F|
|poke|p1|Cinderace, F|
|poke|p1|Iron Valiant|
|poke|p1|Kyurem|
|poke|p1|Slowking-Galar, M|
|poke|p1|Zamazenta-*|
|poke|p2|Meowscarada, M|
|poke|p2|Great Tusk|
|poke|p2|Alomomola, F|
|poke|p2|Slowking-Galar, F|
|poke|p2|Iron Valiant|
|poke|p2|Heatran, F|
|teampreview
|inactive|Battle timer is ON: inactive players will automatically lose when time's up. (requested by MrPokemon3345)
|
|t:|1776300840
|teamsize|p1|6
|teamsize|p2|6
|start
|switch|p1a: Cinderace|Cinderace, F, shiny|100/100
|switch|p2a: Mahad|Meowscarada, M, shiny|100/100
|turn|1
|
|t:|1776300847
|move|p2a: Mahad|U-turn|p1a: Cinderace
|-start|p2a: Mahad|typechange|Bug|[from] ability: Protean
|-resisted|p1a: Cinderace
|-damage|p1a: Cinderace|78/100
|
|t:|1776300851
|switch|p2a: Charybdis|Alomomola, F, shiny|100/100|[from] U-turn
|move|p1a: Cinderace|U-turn|p2a: Charybdis
|-start|p1a: Cinderace|typechange|Bug|[from] ability: Libero
|-damage|p2a: Charybdis|83/100
|-damage|p1a: Cinderace|62/100|[from] item: Rocky Helmet|[of] p2a: Charybdis
|
|t:|1776300869
|switch|p1a: Kyurem|Kyurem, shiny|100/100|[from] U-turn
|-ability|p1a: Kyurem|Pressure
|
|upkeep
|turn|2
|
|t:|1776300879
|switch|p2a: Mithridates|Slowking-Galar, F|100/100
|move|p1a: Kyurem|Freeze-Dry|p2a: Mithridates
|-damage|p2a: Mithridates|72/100
|
|upkeep
|turn|3
|
|t:|1776300889
|switch|p1a: Slowking|Slowking-Galar, M, shiny|100/100
|move|p2a: Mithridates|Sludge Bomb|p1a: Slowking
|-resisted|p1a: Slowking
|-damage|p1a: Slowking|88/100
|
|upkeep
|turn|4
|
|t:|1776300897
|move|p2a: Mithridates|Psychic Noise|p1a: Slowking
|-damage|p1a: Slowking|65/100
|-start|p1a: Slowking|move: Heal Block
|-prepare|p1a: Slowking|Chilly Reception|[premajor]
|move|p1a: Slowking|Chilly Reception|p1a: Slowking
|-weather|Snowscape
|
|t:|1776300905
|switch|p1a: Kingambit|Kingambit, F|100/100|[from] Chilly Reception
|
|-weather|Snowscape|[upkeep]
|upkeep
|turn|5
|
|t:|1776300909
|switch|p2a: Barca|Great Tusk|100/100
|move|p1a: Kingambit|Kowtow Cleave|p2a: Barca
|-resisted|p2a: Barca
|-damage|p2a: Barca|89/100
|
|-weather|Snowscape|[upkeep]
|-heal|p2a: Barca|95/100|[from] item: Leftovers
|upkeep
|turn|6
|
|t:|1776300921
|-end|p1a: Kingambit|fallenundefined|[silent]
|switch|p1a: Zamazenta|Zamazenta|100/100
|-ability|p1a: Zamazenta|Dauntless Shield|boost
|-boost|p1a: Zamazenta|def|1
|move|p2a: Barca|Knock Off|p1a: Zamazenta
|-resisted|p1a: Zamazenta
|-damage|p1a: Zamazenta|92/100
|-enditem|p1a: Zamazenta|Heavy-Duty Boots|[from] move: Knock Off|[of] p2a: Barca
|
|-weather|Snowscape|[upkeep]
|-heal|p2a: Barca|100/100|[from] item: Leftovers
|upkeep
|turn|7
|
|t:|1776300932
|move|p1a: Zamazenta|Iron Defense|p1a: Zamazenta
|-boost|p1a: Zamazenta|def|2
|move|p2a: Barca|Stealth Rock|p1a: Zamazenta
|-sidestart|p1: MrPokemon3345|move: Stealth Rock
|
|-weather|Snowscape|[upkeep]
|upkeep
|turn|8
|
|t:|1776300941
|-end|p2a: Barca|Protosynthesis|[silent]
|switch|p2a: Pallas|Iron Valiant, shiny|100/100
|-enditem|p2a: Pallas|Booster Energy
|-activate|p2a: Pallas|ability: Quark Drive|[fromitem]
|-start|p2a: Pallas|quarkdrivespe
|move|p1a: Zamazenta|Body Press|p2a: Pallas
|-resisted|p2a: Pallas
|-damage|p2a: Pallas|54/100
|
|-weather|none
|upkeep
|turn|9
|
|t:|1776300955
|switch|p1a: Slowking|Slowking-Galar, M, shiny|99/100
|move|p2a: Pallas|Moonblast|p1a: Slowking
|-resisted|p1a: Slowking
|-damage|p1a: Slowking|84/100
|
|upkeep
|turn|10
|
|t:|1776300961
|move|p2a: Pallas|Knock Off|p1a: Slowking
|-supereffective|p1a: Slowking
|-damage|p1a: Slowking|31/100
|-enditem|p1a: Slowking|Heavy-Duty Boots|[from] move: Knock Off|[of] p2a: Pallas
|move|p1a: Slowking|Sludge Bomb|p2a: Pallas
|-supereffective|p2a: Pallas
|-damage|p2a: Pallas|0 fnt
|faint|p2a: Pallas
|-end|p2a: Pallas|Quark Drive|[silent]
|
|upkeep
|
|t:|1776300970
|switch|p2a: Mahad|Meowscarada, M, shiny|100/100
|turn|11
|
|t:|1776300974
|switch|p1a: Zamazenta|Zamazenta|92/100
|-damage|p1a: Zamazenta|86/100|[from] Stealth Rock
|move|p2a: Mahad|Knock Off|p1a: Zamazenta
|-start|p2a: Mahad|typechange|Dark|[from] ability: Protean
|-resisted|p1a: Zamazenta
|-damage|p1a: Zamazenta|72/100
|
|upkeep
|turn|12
|
|t:|1776300984
|switch|p2a: Charybdis|Alomomola, F, shiny|100/100
|move|p1a: Zamazenta|Iron Defense|p1a: Zamazenta
|-boost|p1a: Zamazenta|def|2
|
|upkeep
|turn|13
|
|t:|1776300989
|move|p1a: Zamazenta|Iron Defense|p1a: Zamazenta
|-boost|p1a: Zamazenta|def|2
|move|p2a: Charybdis|Scald|p1a: Zamazenta
|-damage|p1a: Zamazenta|59/100
|-status|p1a: Zamazenta|brn
|
|-damage|p1a: Zamazenta|53/100 brn|[from] brn
|upkeep
|turn|14
|c|☆MrPokemon3345|thats fucked
|c|☆MrPokemon3345|first scald burn
|
|t:|1776301004
|move|p1a: Zamazenta|Body Press|p2a: Charybdis
|-damage|p2a: Charybdis|74/100
|-damage|p1a: Zamazenta|36/100 brn|[from] item: Rocky Helmet|[of] p2a: Charybdis
|move|p2a: Charybdis|Scald|p1a: Zamazenta
|-damage|p1a: Zamazenta|23/100 brn
|
|-damage|p1a: Zamazenta|17/100 brn|[from] brn
|upkeep
|turn|15
|c|☆magistermilitum420|i had two games back to back, six scalds no burn
|c|☆magistermilitum420|on a dd dragonite
|c|☆magistermilitum420|it was bad
|
|t:|1776301028
|move|p1a: Zamazenta|Body Press|p2a: Charybdis
|-damage|p2a: Charybdis|47/100
|-damage|p1a: Zamazenta|0 fnt|[from] item: Rocky Helmet|[of] p2a: Charybdis
|faint|p1a: Zamazenta
|move|p2a: Charybdis|Flip Turn|p1: Zamazenta|[notarget]
|-fail|p2a: Charybdis
|
|upkeep
|c|☆MrPokemon3345|its punshing me for it now
|c|☆MrPokemon3345|rip
|
|t:|1776301042
|switch|p1a: Cinderace|Cinderace, F, shiny|62/100
|turn|16
|
|t:|1776301051
|move|p1a: Cinderace|Court Change|p1a: Cinderace
|-start|p1a: Cinderace|typechange|Normal|[from] ability: Libero
|-swapsideconditions
|-activate|p1a: Cinderace|move: Court Change
|move|p2a: Charybdis|Scald|p1a: Cinderace
|-damage|p1a: Cinderace|44/100
|
|upkeep
|turn|17
|
|t:|1776301059
|move|p1a: Cinderace|U-turn|p2a: Charybdis
|-crit|p2a: Charybdis
|-damage|p2a: Charybdis|30/100
|-damage|p1a: Cinderace|27/100|[from] item: Rocky Helmet|[of] p2a: Charybdis
|
|t:|1776301061
|switch|p1a: Kyurem|Kyurem, shiny|100/100|[from] U-turn
|-ability|p1a: Kyurem|Pressure
|move|p2a: Charybdis|Wish|p2a: Charybdis
|
|upkeep
|turn|18
|
|t:|1776301068
|switch|p2a: Vulcanus|Heatran, F, shiny|100/100
|-damage|p2a: Vulcanus|88/100|[from] Stealth Rock
|move|p1a: Kyurem|Freeze-Dry|p2a: Vulcanus
|-resisted|p2a: Vulcanus
|-crit|p2a: Vulcanus
|-damage|p2a: Vulcanus|66/100
|
|-heal|p2a: Vulcanus|100/100|[from] move: Wish|[wisher] Charybdis
|upkeep
|turn|19
|
|t:|1776301085
|switch|p1a: Cinderace|Cinderace, F, shiny|27/100
|move|p2a: Vulcanus|Overheat|p1a: Cinderace
|-resisted|p1a: Cinderace
|-damage|p1a: Cinderace|0 fnt
|-unboost|p2a: Vulcanus|spa|2
|faint|p1a: Cinderace
|
|upkeep
|
|t:|1776301105
|switch|p1a: Kyurem|Kyurem, shiny|100/100
|-ability|p1a: Kyurem|Pressure
|turn|20
|
|t:|1776301112
|switch|p2a: Mithridates|Slowking-Galar, F|100/100
|-damage|p2a: Mithridates|88/100|[from] Stealth Rock
|move|p1a: Kyurem|Earth Power|p2a: Mithridates
|-supereffective|p2a: Mithridates
|-damage|p2a: Mithridates|45/100
|
|upkeep
|turn|21
|
|t:|1776301127
|move|p1a: Kyurem|Earth Power|p2a: Mithridates
|-supereffective|p2a: Mithridates
|-damage|p2a: Mithridates|0 fnt
|faint|p2a: Mithridates
|
|upkeep
|
|t:|1776301139
|switch|p2a: Mahad|Meowscarada, M, shiny|100/100
|-damage|p2a: Mahad|88/100|[from] Stealth Rock
|turn|22
|
|t:|1776301144
|switch|p1a: Slowking|Slowking-Galar, M, shiny|65/100
|move|p2a: Mahad|Knock Off|p1a: Slowking
|-start|p2a: Mahad|typechange|Dark|[from] ability: Protean
|-supereffective|p1a: Slowking
|-crit|p1a: Slowking
|-damage|p1a: Slowking|0 fnt
|faint|p1a: Slowking
|
|upkeep
|
|t:|1776301148
|switch|p1a: Iron Valiant|Iron Valiant|100/100
|-enditem|p1a: Iron Valiant|Booster Energy
|-activate|p1a: Iron Valiant|ability: Quark Drive|[fromitem]
|-start|p1a: Iron Valiant|quarkdrivespe
|turn|23
|
|t:|1776301166
|switch|p2a: Vulcanus|Heatran, F, shiny|100/100
|-damage|p2a: Vulcanus|88/100|[from] Stealth Rock
|move|p1a: Iron Valiant|Calm Mind|p1a: Iron Valiant
|-boost|p1a: Iron Valiant|spa|1
|-boost|p1a: Iron Valiant|spd|1
|
|upkeep
|turn|24
|
|t:|1776301180
|-terastallize|p1a: Iron Valiant|Ghost
|move|p1a: Iron Valiant|Calm Mind|p1a: Iron Valiant
|-boost|p1a: Iron Valiant|spa|1
|-boost|p1a: Iron Valiant|spd|1
|move|p2a: Vulcanus|Overheat|p1a: Iron Valiant
|-crit|p1a: Iron Valiant
|-damage|p1a: Iron Valiant|0 fnt
|-unboost|p2a: Vulcanus|spa|2
|faint|p1a: Iron Valiant
|-end|p1a: Iron Valiant|Quark Drive|[silent]
|
|upkeep
|c|☆MrPokemon3345|that crit actualy mattered
|
|t:|1776301198
|switch|p1a: Kyurem|Kyurem, shiny|100/100
|-ability|p1a: Kyurem|Pressure
|turn|25
|
|t:|1776301213
|switch|p2a: Charybdis|Alomomola, F, shiny|63/100
|-damage|p2a: Charybdis|51/100|[from] Stealth Rock
|move|p1a: Kyurem|Earth Power|p2a: Charybdis
|-damage|p2a: Charybdis|0 fnt
|faint|p2a: Charybdis
|
|upkeep
|
|t:|1776301220
|switch|p2a: Mahad|Meowscarada, M, shiny|88/100
|-damage|p2a: Mahad|76/100|[from] Stealth Rock
|turn|26
|
|t:|1776301225
|move|p2a: Mahad|Knock Off|p1a: Kyurem
|-start|p2a: Mahad|typechange|Dark|[from] ability: Protean
|-damage|p1a: Kyurem|60/100
|-enditem|p1a: Kyurem|Choice Specs|[from] move: Knock Off|[of] p2a: Mahad
|move|p1a: Kyurem|Earth Power|p2a: Mahad
|-damage|p2a: Mahad|29/100
|
|upkeep
|turn|27
|
|t:|1776301239
|switch|p2a: Vulcanus|Heatran, F, shiny|88/100
|-damage|p2a: Vulcanus|76/100|[from] Stealth Rock
|move|p1a: Kyurem|Freeze-Dry|p2a: Vulcanus
|-resisted|p2a: Vulcanus
|-damage|p2a: Vulcanus|67/100
|
|upkeep
|turn|28
|
|t:|1776301249
|-terastallize|p2a: Vulcanus|Grass
|move|p1a: Kyurem|Earth Power|p2a: Vulcanus
|-resisted|p2a: Vulcanus
|-damage|p2a: Vulcanus|52/100
|move|p2a: Vulcanus|Flash Cannon|p1a: Kyurem
|-supereffective|p1a: Kyurem
|-damage|p1a: Kyurem|0 fnt
|faint|p1a: Kyurem
|
|upkeep
|
|t:|1776301252
|switch|p1a: Kingambit|Kingambit, F|100/100
|-activate|p1a: Kingambit|ability: Supreme Overlord
|-start|p1a: Kingambit|fallen5|[silent]
|turn|29
|
|t:|1776301265
|switch|p2a: Barca|Great Tusk|100/100
|-damage|p2a: Barca|98/100|[from] Stealth Rock
|move|p1a: Kingambit|Sucker Punch||[still]
|-fail|p1a: Kingambit
|
|-heal|p2a: Barca|100/100|[from] item: Leftovers
|upkeep
|turn|30
|
|t:|1776301272
|move|p2a: Barca|Knock Off|p1a: Kingambit
|-resisted|p1a: Kingambit
|-damage|p1a: Kingambit|89/100
|-enditem|p1a: Kingambit|Leftovers|[from] move: Knock Off|[of] p2a: Barca
|move|p1a: Kingambit|Swords Dance|p1a: Kingambit
|-boost|p1a: Kingambit|atk|2
|
|upkeep
|turn|31
|-message|MrPokemon3345 forfeited.
|
|win|magistermilitum420
|raw|MrPokemon3345's rating: 1251 &rarr; <strong>1224</strong><br />(-27 for losing)
|raw|magistermilitum420's rating: 1220 &rarr; <strong>1247</strong><br />(+27 for winning)
|l|☆MrPokemon3345
|player|p1|
|c|☆magistermilitum420|gg
