|html|<div class="broadcast-blue"><strong>[Gen 9] OU is currently suspecting Tera Blast! For information on how to participate check out the <a href="https://www.smogon.com/tools/suspects/view/200">suspect thread</a>.</strong></div>
|j|☆Poo-fi-Ass
|j|☆TolaSix
|t:|1776089234
|gametype|singles
|player|p1|Poo-fi-Ass|burglar|1286
|player|p2|TolaSix|infielder|1289
|gen|9
|tier|[Gen 9] OU
|rated|
|rule|HP Percentage Mod: HP is shown in percentages
|rule|Endless Battle Clause: Forcing endless battles is banned
|rule|Species Clause: Limit one of each Pokémon
|rule|OHKO Clause: OHKO moves are banned
|rule|Evasion Items Clause: Evasion items are banned
|rule|Evasion Moves Clause: Evasion moves are banned
|rule|Evasion Abilities Clause: Evasion abilities are banned
|rule|Sleep Moves Clause: Sleep-inducing moves are banned
|clearpoke
|poke|p1|Iron Moth|
|poke|p1|Kingambit, M|
|poke|p1|Dragonite, F|
|poke|p1|Ogerpon-Cornerstone, F|
|poke|p1|Iron Valiant|
|poke|p1|Raging Bolt|
|poke|p2|Ribombee, M|
|poke|p2|Empoleon, M|
|poke|p2|Serperior, F|
|poke|p2|Ogerpon, F|
|poke|p2|Malamar, M|
|poke|p2|Smeargle, M|
|teampreview
|inactive|Battle timer is ON: inactive players will automatically lose when time's up. (requested by TolaSix)
|j| ohko_smeargle
|
|t:|1776089245
|teamsize|p1|6
|teamsize|p2|6
|start
|switch|p1a: Ogerpon|Ogerpon-Cornerstone, F|100/100
|switch|p2a: Ribombee|Ribombee, M, shiny|100/100
|turn|1
|
|t:|1776089254
|move|p2a: Ribombee|Sticky Web|p1a: Ogerpon
|-sidestart|p1: Poo-fi-Ass|move: Sticky Web
|move|p1a: Ogerpon|Ivy Cudgel|p2a: Ribombee|[anim] Ivy Cudgel Rock
|-supereffective|p2a: Ribombee
|-enditem|p2a: Ribombee|Focus Sash
|-damage|p2a: Ribombee|1/100
|
|upkeep
|turn|2
|
|t:|1776089260
|move|p2a: Ribombee|Quiver Dance|p2a: Ribombee
|-boost|p2a: Ribombee|spa|1
|-boost|p2a: Ribombee|spd|1
|-boost|p2a: Ribombee|spe|1
|move|p1a: Ogerpon|Ivy Cudgel|p2a: Ribombee|[anim] Ivy Cudgel Rock
|-supereffective|p2a: Ribombee
|-damage|p2a: Ribombee|0 fnt
|faint|p2a: Ribombee
|
|upkeep
|
|t:|1776089264
|switch|p2a: Smeargle|Smeargle, M, shiny|100/100
|turn|3
|
|t:|1776089270
|move|p1a: Ogerpon|Ivy Cudgel|p2a: Smeargle|[anim] Ivy Cudgel Rock
|-enditem|p2a: Smeargle|Focus Sash
|-damage|p2a: Smeargle|1/100
|move|p2a: Smeargle|Court Change|p2a: Smeargle
|-swapsideconditions
|-activate|p2a: Smeargle|move: Court Change
|
|upkeep
|turn|4
|
|t:|1776089286
|switch|p1a: Iron Moth|Iron Moth|100/100
|-enditem|p1a: Iron Moth|Booster Energy
|-activate|p1a: Iron Moth|ability: Quark Drive|[fromitem]
|-start|p1a: Iron Moth|quarkdrivespe
|move|p2a: Smeargle|Burning Bulwark||[still]
|-fail|p2a: Smeargle
|
|upkeep
|turn|5
|
|t:|1776089291
|move|p1a: Iron Moth|Fiery Dance|p2a: Smeargle
|-damage|p2a: Smeargle|0 fnt
|-boost|p1a: Iron Moth|spa|1
|faint|p2a: Smeargle
|
|upkeep
|
|t:|1776089316
|switch|p2a: Empoleon|Empoleon, M|100/100
|-activate|p2a: Empoleon|move: Sticky Web
|-unboost|p2a: Empoleon|spe|1
|-ability|p2a: Empoleon|Competitive|boost
|-boost|p2a: Empoleon|spa|2
|turn|6
|
|t:|1776089322
|-terastallize|p1a: Iron Moth|Grass
|move|p1a: Iron Moth|Fiery Dance|p2a: Empoleon
|-damage|p2a: Empoleon|64/100
|-boost|p1a: Iron Moth|spa|1
|move|p2a: Empoleon|Surf|p1a: Iron Moth
|-resisted|p1a: Iron Moth
|-damage|p1a: Iron Moth|49/100
|
|upkeep
|turn|7
|
|t:|1776089332
|move|p1a: Iron Moth|Fiery Dance|p2a: Empoleon
|-damage|p2a: Empoleon|12/100
|-boost|p1a: Iron Moth|spa|1
|move|p2a: Empoleon|Ice Beam|p1a: Iron Moth
|-supereffective|p1a: Iron Moth
|-crit|p1a: Iron Moth
|-damage|p1a: Iron Moth|0 fnt
|faint|p1a: Iron Moth
|-end|p1a: Iron Moth|Quark Drive|[silent]
|
|upkeep
|
|t:|1776089347
|switch|p1a: Kingambit|Kingambit, M|100/100
|-activate|p1a: Kingambit|ability: Supreme Overlord
|-start|p1a: Kingambit|fallen1|[silent]
|turn|8
|
|t:|1776089350
|move|p1a: Kingambit|Sucker Punch|p2a: Empoleon
|-damage|p2a: Empoleon|0 fnt
|faint|p2a: Empoleon
|
|upkeep
|
|t:|1776089362
|switch|p2a: Malamar|Malamar, M|100/100
|-activate|p2a: Malamar|move: Sticky Web
|-boost|p2a: Malamar|spe|1
|turn|9
|
|t:|1776089375
|move|p2a: Malamar|Superpower|p1a: Kingambit
|-supereffective|p1a: Kingambit
|-damage|p1a: Kingambit|0 fnt
|-boost|p2a: Malamar|atk|1
|-boost|p2a: Malamar|def|1
|faint|p1a: Kingambit
|-end|p1a: Kingambit|fallen1|[silent]
|
|upkeep
|
|t:|1776089387
|switch|p1a: Iron Valiant|Iron Valiant|100/100
|-enditem|p1a: Iron Valiant|Booster Energy
|-activate|p1a: Iron Valiant|ability: Quark Drive|[fromitem]
|-start|p1a: Iron Valiant|quarkdrivespe
|turn|10
|
|t:|1776089397
|move|p1a: Iron Valiant|Knock Off|p2a: Malamar
|-damage|p2a: Malamar|76/100
|-enditem|p2a: Malamar|Assault Vest|[from] move: Knock Off|[of] p1a: Iron Valiant
|move|p2a: Malamar|Psycho Cut|p1a: Iron Valiant
|-supereffective|p1a: Iron Valiant
|-damage|p1a: Iron Valiant|0 fnt
|faint|p1a: Iron Valiant
|-end|p1a: Iron Valiant|Quark Drive|[silent]
|
|upkeep
|
|t:|1776089406
|switch|p1a: Raging Bolt|Raging Bolt|100/100
|-enditem|p1a: Raging Bolt|Booster Energy
|-activate|p1a: Raging Bolt|ability: Protosynthesis|[fromitem]
|-start|p1a: Raging Bolt|protosynthesisspa
|turn|11
|
|t:|1776089415
|move|p2a: Malamar|Superpower|p1a: Raging Bolt
|-damage|p1a: Raging Bolt|50/100
|-boost|p2a: Malamar|atk|1
|-boost|p2a: Malamar|def|1
|move|p1a: Raging Bolt|Thunderbolt|p2a: Malamar
|-damage|p2a: Malamar|0 fnt
|faint|p2a: Malamar
|
|upkeep
|
|t:|1776089427
|switch|p2a: Ogerpon|Ogerpon, F|100/100
|-activate|p2a: Ogerpon|move: Sticky Web
|-unboost|p2a: Ogerpon|spe|1
|-ability|p2a: Ogerpon|Defiant|boost
|-boost|p2a: Ogerpon|atk|2
|-enditem|p2a: Ogerpon|White Herb
|-clearnegativeboost|p2a: Ogerpon|[silent]
|turn|12
|
|t:|1776089438
|move|p2a: Ogerpon|Play Rough|p1a: Raging Bolt
|-supereffective|p1a: Raging Bolt
|-damage|p1a: Raging Bolt|0 fnt
|faint|p1a: Raging Bolt
|-end|p1a: Raging Bolt|Protosynthesis|[silent]
|
|upkeep
|
|t:|1776089464
|switch|p1a: Ogerpon|Ogerpon-Cornerstone, F|100/100
|turn|13
|
|t:|1776089467
|move|p1a: Ogerpon|Ivy Cudgel|p2a: Ogerpon|[anim] Ivy Cudgel Rock
|-damage|p2a: Ogerpon|25/100
|move|p2a: Ogerpon|Trailblaze|p1a: Ogerpon
|-damage|p1a: Ogerpon|37/100
|-boost|p2a: Ogerpon|spe|1
|
|upkeep
|turn|14
|
|t:|1776089476
|move|p2a: Ogerpon|Ivy Cudgel|p1a: Ogerpon
|-damage|p1a: Ogerpon|0 fnt
|faint|p1a: Ogerpon
|
|upkeep
|
|t:|1776089478
|switch|p1a: Dragonite|Dragonite, F|100/100
|turn|15
|
|t:|1776089483
|move|p2a: Ogerpon|Knock Off|p1a: Dragonite
|-damage|p1a: Dragonite|65/100
|-enditem|p1a: Dragonite|Heavy-Duty Boots|[from] move: Knock Off|[of] p2a: Ogerpon
|move|p1a: Dragonite|Dragon Dance|p1a: Dragonite
|-boost|p1a: Dragonite|atk|1
|-boost|p1a: Dragonite|spe|1
|
|upkeep
|turn|16
|
|t:|1776089491
|move|p1a: Dragonite|Extreme Speed|p2a: Ogerpon
|-damage|p2a: Ogerpon|0 fnt
|faint|p2a: Ogerpon
|
|upkeep
|
|t:|1776089494
|switch|p2a: Serperior|Serperior, F|100/100
|-activate|p2a: Serperior|move: Sticky Web
|-boost|p2a: Serperior|spe|1
|turn|17
|
|t:|1776089505
|move|p1a: Dragonite|Extreme Speed|p2a: Serperior
|-damage|p2a: Serperior|43/100
|move|p2a: Serperior|Dragon Pulse|p1a: Dragonite
|-supereffective|p1a: Dragonite
|-damage|p1a: Dragonite|24/100
|
|-heal|p2a: Serperior|50/100|[from] item: Leftovers
|upkeep
|turn|18
|
|t:|1776089522
|-terastallize|p2a: Serperior|Electric
|move|p1a: Dragonite|Extreme Speed|p2a: Serperior
|-crit|p2a: Serperior
|-damage|p2a: Serperior|0 fnt
|faint|p2a: Serperior
|
|win|Poo-fi-Ass
|raw|Poo-fi-Ass's rating: 1286 &rarr; <strong>1311</strong><br />(+25 for winning)
|raw|TolaSix's rating: 1289 &rarr; <strong>1264</strong><br />(-25 for losing)
|l| ohko_smeargle
|l|☆Poo-fi-Ass
|player|p1|
