|html|<div class="broadcast-blue"><strong>[Gen 9] OU is currently suspecting Tera Blast! For information on how to participate check out the <a href="https://www.smogon.com/tools/suspects/view/200">suspect thread</a>.</strong></div>
|j|‽Lano Del Rey2
|j|☆Dr.Aero
|t:|1776173447
|gametype|singles
|player|p1|Lano Del Rey2|swimmer-gen4dp|1190
|player|p2|Dr.Aero|camper|1188
|gen|9
|tier|[Gen 9] OU
|rated|
|rule|HP Percentage Mod: HP is shown in percentages
|rule|Endless Battle Clause: Forcing endless battles is banned
|rule|Species Clause: Limit one of each Pokémon
|rule|OHKO Clause: OHKO moves are banned
|rule|Evasion Items Clause: Evasion items are banned
|rule|Evasion Moves Clause: Evasion moves are banned
|rule|Evasion Abilities Clause: Evasion abilities are banned
|rule|Sleep Moves Clause: Sleep-inducing moves are banned
|clearpoke
|poke|p1|Rotom-Wash|
|poke|p1|Dragonite, F|
|poke|p1|Heatran, F|
|poke|p1|Sinistcha-Masterpiece|
|poke|p1|Clefable, F|
|poke|p1|Excadrill, M|
|poke|p2|Heatran, M|
|poke|p2|Corviknight, M|
|poke|p2|Kingambit, M|
|poke|p2|Gliscor, M|
|poke|p2|Iron Crown|
|poke|p2|Raging Bolt|
|teampreview
|j| ohko_smeargle
|inactive|Battle timer is ON: inactive players will automatically lose when time's up. (requested by Dr.Aero)
|inactive|Lano Del Rey2 also wants the timer to be on.
|
|t:|1776173453
|teamsize|p1|6
|teamsize|p2|6
|start
|switch|p1a: Rotom|Rotom-Wash|100/100
|switch|p2a: Iron Crown|Iron Crown|100/100
|turn|1
|
|t:|1776173460
|move|p2a: Iron Crown|Volt Switch|p1a: Rotom
|-damage|p1a: Rotom|73/100
|
|t:|1776173466
|-end|p2a: Iron Crown|Quark Drive|[silent]
|switch|p2a: Gliscor|Gliscor, M|100/100|[from] Volt Switch
|move|p1a: Rotom|Thunder Wave|p2a: Gliscor
|-immune|p2a: Gliscor
|
|-heal|p1a: Rotom|79/100|[from] item: Leftovers
|-status|p2a: Gliscor|tox|[from] item: Toxic Orb
|upkeep
|turn|2
|
|t:|1776173483
|switch|p1a: Dragonite|Dragonite, F|100/100
|move|p2a: Gliscor|Protect||[still]
|-fail|p2a: Gliscor
|
|upkeep
|turn|3
|
|t:|1776173489
|move|p1a: Dragonite|Ice Spinner|p2a: Gliscor
|-supereffective|p2a: Gliscor
|-damage|p2a: Gliscor|24/100 tox
|move|p2a: Gliscor|Toxic|p1a: Dragonite
|-status|p1a: Dragonite|tox
|
|-damage|p1a: Dragonite|94/100 tox|[from] psn
|-heal|p2a: Gliscor|36/100 tox|[from] ability: Poison Heal
|upkeep
|turn|4
|
|t:|1776173498
|move|p2a: Gliscor|Protect|p2a: Gliscor
|-singleturn|p2a: Gliscor|Protect
|move|p1a: Dragonite|Dragon Dance|p1a: Dragonite
|-boost|p1a: Dragonite|atk|1
|-boost|p1a: Dragonite|spe|1
|
|-heal|p1a: Dragonite|100/100 tox|[from] item: Leftovers
|-damage|p1a: Dragonite|88/100 tox|[from] psn
|-heal|p2a: Gliscor|49/100 tox|[from] ability: Poison Heal
|upkeep
|turn|5
|
|t:|1776173507
|switch|p2a: Corviknight|Corviknight, M|100/100
|-ability|p2a: Corviknight|Pressure
|move|p1a: Dragonite|Ice Spinner|p2a: Corviknight
|-damage|p2a: Corviknight|74/100
|
|-heal|p1a: Dragonite|94/100 tox|[from] item: Leftovers
|-heal|p2a: Corviknight|80/100|[from] item: Leftovers
|-damage|p1a: Dragonite|76/100 tox|[from] psn
|upkeep
|turn|6
|
|t:|1776173519
|switch|p1a: Heatran|Heatran, F, shiny|100/100
|move|p2a: Corviknight|U-turn|p1a: Heatran
|-resisted|p1a: Heatran
|-damage|p1a: Heatran|98/100
|
|t:|1776173525
|switch|p2a: Iron Crown|Iron Crown|100/100|[from] U-turn
|
|-heal|p1a: Heatran|100/100|[from] item: Leftovers
|upkeep
|turn|7
|
|t:|1776173534
|-terastallize|p1a: Heatran|Grass
|move|p2a: Iron Crown|Volt Switch|p1a: Heatran
|-resisted|p1a: Heatran
|-damage|p1a: Heatran|92/100
|
|t:|1776173538
|-end|p2a: Iron Crown|Quark Drive|[silent]
|switch|p2a: Gliscor|Gliscor, M|49/100 tox|[from] Volt Switch
|move|p1a: Heatran|Earth Power|p2a: Gliscor
|-immune|p2a: Gliscor
|
|-heal|p1a: Heatran|99/100|[from] item: Leftovers
|-heal|p2a: Gliscor|61/100 tox|[from] ability: Poison Heal
|upkeep
|turn|8
|
|t:|1776173549
|switch|p1a: Dragonite|Dragonite, F|76/100 tox
|move|p2a: Gliscor|Toxic|p1a: Dragonite
|-fail|p1a: Dragonite|tox
|
|-heal|p1a: Dragonite|82/100 tox|[from] item: Leftovers
|-damage|p1a: Dragonite|76/100 tox|[from] psn
|-heal|p2a: Gliscor|73/100 tox|[from] ability: Poison Heal
|upkeep
|turn|9
|
|t:|1776173560
|move|p1a: Dragonite|Roost|p1a: Dragonite
|-heal|p1a: Dragonite|100/100 tox
|-singleturn|p1a: Dragonite|move: Roost
|move|p2a: Gliscor|Knock Off|p1a: Dragonite
|-damage|p1a: Dragonite|89/100 tox
|-enditem|p1a: Dragonite|Leftovers|[from] move: Knock Off|[of] p2a: Gliscor
|
|-damage|p1a: Dragonite|77/100 tox|[from] psn
|-heal|p2a: Gliscor|86/100 tox|[from] ability: Poison Heal
|upkeep
|turn|10
|
|t:|1776173570
|move|p2a: Gliscor|Protect|p2a: Gliscor
|-singleturn|p2a: Gliscor|Protect
|move|p1a: Dragonite|Dragon Dance|p1a: Dragonite
|-boost|p1a: Dragonite|atk|1
|-boost|p1a: Dragonite|spe|1
|
|-damage|p1a: Dragonite|58/100 tox|[from] psn
|-heal|p2a: Gliscor|98/100 tox|[from] ability: Poison Heal
|upkeep
|turn|11
|
|t:|1776173579
|switch|p2a: Corviknight|Corviknight, M|80/100
|-ability|p2a: Corviknight|Pressure
|move|p1a: Dragonite|Roost|p1a: Dragonite
|-heal|p1a: Dragonite|100/100 tox
|-singleturn|p1a: Dragonite|move: Roost
|
|-heal|p2a: Corviknight|86/100|[from] item: Leftovers
|-damage|p1a: Dragonite|76/100 tox|[from] psn
|upkeep
|turn|12
|
|t:|1776173595
|switch|p1a: Heatran|Heatran, F, shiny, tera:Grass|99/100
|move|p2a: Corviknight|Brave Bird|p1a: Heatran
|-supereffective|p1a: Heatran
|-damage|p1a: Heatran|32/100
|-damage|p2a: Corviknight|65/100|[from] Recoil
|
|-heal|p1a: Heatran|38/100|[from] item: Leftovers
|-heal|p2a: Corviknight|71/100|[from] item: Leftovers
|upkeep
|turn|13
|
|t:|1776173606
|move|p1a: Heatran|Lava Plume|p2a: Corviknight
|-supereffective|p2a: Corviknight
|-crit|p2a: Corviknight
|-damage|p2a: Corviknight|0 fnt
|faint|p2a: Corviknight
|
|-heal|p1a: Heatran|44/100|[from] item: Leftovers
|upkeep
|
|t:|1776173611
|switch|p2a: Gliscor|Gliscor, M|98/100 tox
|turn|14
|
|t:|1776173617
|switch|p1a: Dragonite|Dragonite, F|76/100 tox
|move|p2a: Gliscor|U-turn|p1a: Dragonite
|-resisted|p1a: Dragonite
|-damage|p1a: Dragonite|68/100 tox
|
|t:|1776173620
|switch|p2a: Iron Crown|Iron Crown|100/100|[from] U-turn
|
|-damage|p1a: Dragonite|62/100 tox|[from] psn
|upkeep
|turn|15
|
|t:|1776173629
|move|p1a: Dragonite|Earthquake|p2a: Iron Crown
|-supereffective|p2a: Iron Crown
|-damage|p2a: Iron Crown|32/100
|move|p2a: Iron Crown|Tachyon Cutter|p1a: Dragonite
|-damage|p1a: Dragonite|36/100 tox
|-damage|p1a: Dragonite|8/100 tox
|-hitcount|p1a: Dragonite|2
|
|-damage|p1a: Dragonite|0 fnt|[from] psn
|faint|p1a: Dragonite
|upkeep
|
|t:|1776173639
|switch|p1a: Excadrill|Excadrill, M, shiny|100/100
|-ability|p1a: Excadrill|Mold Breaker
|turn|16
|
|t:|1776173646
|switch|p1a: Rotom|Rotom-Wash|79/100
|-end|p2a: Iron Crown|Quark Drive|[silent]
|switch|p2a: Gliscor|Gliscor, M|98/100 tox
|
|-heal|p1a: Rotom|85/100|[from] item: Leftovers
|-heal|p2a: Gliscor|100/100 tox|[from] ability: Poison Heal
|upkeep
|turn|17
|
|t:|1776173656
|move|p2a: Gliscor|Protect|p2a: Gliscor
|-singleturn|p2a: Gliscor|Protect
|move|p1a: Rotom|Hydro Pump|p2a: Gliscor
|-activate|p2a: Gliscor|move: Protect
|
|-heal|p1a: Rotom|92/100|[from] item: Leftovers
|upkeep
|turn|18
|
|t:|1776173669
|switch|p2a: Iron Crown|Iron Crown|32/100
|move|p1a: Rotom|Hydro Pump|p2a: Iron Crown
|-damage|p2a: Iron Crown|9/100
|
|-heal|p1a: Rotom|98/100|[from] item: Leftovers
|upkeep
|turn|19
|
|t:|1776173694
|switch|p1a: Sinistcha|Sinistcha-Masterpiece, shiny|100/100
|move|p2a: Iron Crown|Psychic Noise|p1a: Sinistcha
|-damage|p1a: Sinistcha|56/100
|-start|p1a: Sinistcha|move: Heal Block
|
|upkeep
|turn|20
|inactive|Lano Del Rey2 has 120 seconds left.
|
|t:|1776173721
|move|p2a: Iron Crown|Tachyon Cutter|p1a: Sinistcha
|-damage|p1a: Sinistcha|25/100
|-damage|p1a: Sinistcha|0 fnt
|faint|p1a: Sinistcha
|-hitcount|p1: Sinistcha|2
|
|upkeep
|
|t:|1776173735
|switch|p1a: Excadrill|Excadrill, M, shiny|100/100
|-ability|p1a: Excadrill|Mold Breaker
|turn|21
|
|t:|1776173739
|-end|p2a: Iron Crown|Quark Drive|[silent]
|switch|p2a: Heatran|Heatran, M|100/100
|move|p1a: Excadrill|Stealth Rock|p2a: Heatran
|-sidestart|p2: Dr.Aero|move: Stealth Rock
|
|upkeep
|turn|22
|inactive|Lano Del Rey2 has 120 seconds left.
|
|t:|1776173749
|switch|p2a: Gliscor|Gliscor, M|100/100 tox
|-damage|p2a: Gliscor|88/100 tox|[from] Stealth Rock
|move|p1a: Excadrill|Earthquake|p2a: Gliscor
|-immune|p2a: Gliscor
|
|-heal|p2a: Gliscor|100/100 tox|[from] ability: Poison Heal
|upkeep
|turn|23
|inactive|Lano Del Rey2 has 120 seconds left.
|
|t:|1776173764
|switch|p1a: Clefable|Clefable, F, shiny|100/100
|move|p2a: Gliscor|Knock Off|p1a: Clefable
|-resisted|p1a: Clefable
|-damage|p1a: Clefable|93/100
|-enditem|p1a: Clefable|Leftovers|[from] move: Knock Off|[of] p2a: Gliscor
|
|upkeep
|turn|24
|
|t:|1776173772
|move|p2a: Gliscor|U-turn|p1a: Clefable
|-resisted|p1a: Clefable
|-damage|p1a: Clefable|88/100
|
|t:|1776173774
|switch|p2a: Iron Crown|Iron Crown|9/100|[from] U-turn
|-damage|p2a: Iron Crown|3/100|[from] Stealth Rock
|move|p1a: Clefable|Calm Mind|p1a: Clefable
|-boost|p1a: Clefable|spa|1
|-boost|p1a: Clefable|spd|1
|
|upkeep
|turn|25
|inactive|Lano Del Rey2 has 120 seconds left.
|
|t:|1776173797
|switch|p1a: Rotom|Rotom-Wash|98/100
|move|p2a: Iron Crown|Tachyon Cutter|p1a: Rotom
|-resisted|p1a: Rotom
|-crit|p1a: Rotom
|-damage|p1a: Rotom|88/100
|-resisted|p1a: Rotom
|-damage|p1a: Rotom|80/100
|-hitcount|p1a: Rotom|2
|
|-heal|p1a: Rotom|87/100|[from] item: Leftovers
|upkeep
|turn|26
|inactive|Lano Del Rey2 has 120 seconds left.
|
|t:|1776173808
|move|p2a: Iron Crown|Psychic Noise|p1a: Rotom
|-damage|p1a: Rotom|43/100
|-start|p1a: Rotom|move: Heal Block
|move|p1a: Rotom|Volt Switch|p2a: Iron Crown
|-damage|p2a: Iron Crown|0 fnt
|faint|p2a: Iron Crown
|-end|p2a: Iron Crown|Quark Drive|[silent]
|inactive|Lano Del Rey2 has 120 seconds left.
|
|t:|1776173819
|switch|p1a: Heatran|Heatran, F, shiny, tera:Grass|44/100|[from] Volt Switch
|
|-heal|p1a: Heatran|50/100|[from] item: Leftovers
|upkeep
|
|t:|1776173826
|switch|p2a: Gliscor|Gliscor, M|100/100 tox
|-damage|p2a: Gliscor|88/100 tox|[from] Stealth Rock
|turn|27
|
|t:|1776173830
|switch|p1a: Clefable|Clefable, F, shiny|88/100
|move|p2a: Gliscor|Knock Off|p1a: Clefable
|-resisted|p1a: Clefable
|-damage|p1a: Clefable|82/100
|
|-heal|p2a: Gliscor|100/100 tox|[from] ability: Poison Heal
|upkeep
|turn|28
|
|t:|1776173837
|move|p2a: Gliscor|Toxic|p1a: Clefable
|-status|p1a: Clefable|tox
|move|p1a: Clefable|Calm Mind|p1a: Clefable
|-boost|p1a: Clefable|spa|1
|-boost|p1a: Clefable|spd|1
|
|upkeep
|turn|29
|
|t:|1776173847
|move|p2a: Gliscor|U-turn|p1a: Clefable
|-resisted|p1a: Clefable
|-damage|p1a: Clefable|76/100 tox
|
|t:|1776173849
|switch|p2a: Kingambit|Kingambit, M|100/100|[from] U-turn
|-damage|p2a: Kingambit|94/100|[from] Stealth Rock
|-activate|p2a: Kingambit|ability: Supreme Overlord
|-start|p2a: Kingambit|fallen2|[silent]
|move|p1a: Clefable|Moonblast|p2a: Kingambit
|-damage|p2a: Kingambit|52/100
|
|-heal|p2a: Kingambit|58/100|[from] item: Leftovers
|upkeep
|turn|30
|
|t:|1776173859
|move|p1a: Clefable|Flamethrower|p2a: Kingambit
|-supereffective|p2a: Kingambit
|-damage|p2a: Kingambit|8/100
|move|p2a: Kingambit|Iron Head|p1a: Clefable
|-supereffective|p1a: Clefable
|-damage|p1a: Clefable|0 fnt
|faint|p1a: Clefable
|
|-heal|p2a: Kingambit|15/100|[from] item: Leftovers
|upkeep
|
|t:|1776173873
|switch|p1a: Excadrill|Excadrill, M, shiny|100/100
|-ability|p1a: Excadrill|Mold Breaker
|turn|31
|
|t:|1776173879
|-end|p2a: Kingambit|fallen2|[silent]
|switch|p2a: Gliscor|Gliscor, M|100/100 tox
|-damage|p2a: Gliscor|88/100 tox|[from] Stealth Rock
|move|p1a: Excadrill|Iron Head|p2a: Gliscor
|-crit|p2a: Gliscor
|-damage|p2a: Gliscor|46/100 tox
|
|-heal|p2a: Gliscor|59/100 tox|[from] ability: Poison Heal
|upkeep
|turn|32
|
|t:|1776173899
|switch|p1a: Rotom|Rotom-Wash|43/100
|move|p2a: Gliscor|Knock Off|p1a: Rotom
|-damage|p1a: Rotom|25/100
|-enditem|p1a: Rotom|Leftovers|[from] move: Knock Off|[of] p2a: Gliscor
|
|-heal|p2a: Gliscor|71/100 tox|[from] ability: Poison Heal
|upkeep
|turn|33
|
|t:|1776173907
|move|p2a: Gliscor|Protect|p2a: Gliscor
|-singleturn|p2a: Gliscor|Protect
|move|p1a: Rotom|Pain Split|p2a: Gliscor
|-activate|p2a: Gliscor|move: Protect
|
|-heal|p2a: Gliscor|84/100 tox|[from] ability: Poison Heal
|upkeep
|turn|34
|
|t:|1776173917
|switch|p2a: Kingambit|Kingambit, M|15/100
|-damage|p2a: Kingambit|8/100|[from] Stealth Rock
|-activate|p2a: Kingambit|ability: Supreme Overlord
|-start|p2a: Kingambit|fallen2|[silent]
|move|p1a: Rotom|Pain Split|p2a: Kingambit
|-sethp|p2a: Kingambit|14/100|[from] move: Pain Split|[silent]
|-sethp|p1a: Rotom|18/100|[from] move: Pain Split
|
|-heal|p2a: Kingambit|20/100|[from] item: Leftovers
|upkeep
|turn|35
|
|t:|1776173928
|move|p2a: Kingambit|Sucker Punch||[still]
|-fail|p2a: Kingambit
|move|p1a: Rotom|Thunder Wave|p2a: Kingambit
|-status|p2a: Kingambit|par
|
|-heal|p2a: Kingambit|26/100 par|[from] item: Leftovers
|upkeep
|turn|36
|
|t:|1776173937
|cant|p2a: Kingambit|par
|move|p1a: Rotom|Pain Split|p2a: Kingambit
|-sethp|p2a: Kingambit|20/100 par|[from] move: Pain Split|[silent]
|-sethp|p1a: Rotom|26/100|[from] move: Pain Split
|
|-heal|p2a: Kingambit|26/100 par|[from] item: Leftovers
|upkeep
|turn|37
|
|t:|1776173945
|move|p1a: Rotom|Volt Switch|p2a: Kingambit
|-damage|p2a: Kingambit|5/100 par
|
|t:|1776173950
|switch|p1a: Heatran|Heatran, F, shiny, tera:Grass|50/100|[from] Volt Switch
|move|p2a: Kingambit|Kowtow Cleave|p1a: Heatran
|-damage|p1a: Heatran|0 fnt
|faint|p1a: Heatran
|
|-heal|p2a: Kingambit|11/100 par|[from] item: Leftovers
|upkeep
|
|t:|1776173958
|switch|p1a: Excadrill|Excadrill, M, shiny|100/100
|-ability|p1a: Excadrill|Mold Breaker
|turn|38
|
|t:|1776173963
|move|p2a: Kingambit|Sucker Punch|p1a: Excadrill
|-damage|p1a: Excadrill|31/100
|move|p1a: Excadrill|Earthquake|p2a: Kingambit
|-supereffective|p2a: Kingambit
|-damage|p2a: Kingambit|0 fnt
|faint|p2a: Kingambit
|-end|p2a: Kingambit|fallen2|[silent]
|
|-heal|p1a: Excadrill|37/100|[from] item: Leftovers
|upkeep
|
|t:|1776173971
|switch|p2a: Gliscor|Gliscor, M|84/100 tox
|-damage|p2a: Gliscor|71/100 tox|[from] Stealth Rock
|turn|39
|
|t:|1776173979
|move|p1a: Excadrill|Iron Head|p2a: Gliscor
|-damage|p2a: Gliscor|45/100 tox
|move|p2a: Gliscor|Knock Off|p1a: Excadrill
|-damage|p1a: Excadrill|5/100
|-enditem|p1a: Excadrill|Leftovers|[from] move: Knock Off|[of] p2a: Gliscor
|
|-heal|p2a: Gliscor|57/100 tox|[from] ability: Poison Heal
|upkeep
|turn|40
|
|t:|1776173988
|move|p1a: Excadrill|Iron Head|p2a: Gliscor
|-damage|p2a: Gliscor|32/100 tox
|move|p2a: Gliscor|Knock Off|p1a: Excadrill
|-damage|p1a: Excadrill|0 fnt
|faint|p1a: Excadrill
|
|-heal|p2a: Gliscor|44/100 tox|[from] ability: Poison Heal
|upkeep
|
|t:|1776173996
|switch|p1a: Rotom|Rotom-Wash|26/100
|turn|41
|
|t:|1776173998
|move|p2a: Gliscor|Protect|p2a: Gliscor
|-singleturn|p2a: Gliscor|Protect
|move|p1a: Rotom|Pain Split|p2a: Gliscor
|-activate|p2a: Gliscor|move: Protect
|
|-heal|p2a: Gliscor|57/100 tox|[from] ability: Poison Heal
|upkeep
|turn|42
|
|t:|1776174009
|move|p1a: Rotom|Pain Split|p2a: Gliscor
|-sethp|p2a: Gliscor|39/100 tox|[from] move: Pain Split|[silent]
|-sethp|p1a: Rotom|46/100|[from] move: Pain Split
|move|p2a: Gliscor|Toxic|p1a: Rotom
|-status|p1a: Rotom|tox
|
|-damage|p1a: Rotom|40/100 tox|[from] psn
|-heal|p2a: Gliscor|52/100 tox|[from] ability: Poison Heal
|upkeep
|turn|43
|-message|Lano Del Rey2 forfeited.
|
|win|Dr.Aero
|raw|Lano Del Rey2's rating: 1190 &rarr; <strong>1165</strong><br />(-25 for losing)
|raw|Dr.Aero's rating: 1188 &rarr; <strong>1213</strong><br />(+25 for winning)
|l|‽Lano Del Rey2
|player|p1|
|l| ohko_smeargle
