|html|<div class="broadcast-blue"><strong>[Gen 9] OU is currently suspecting Tera Blast! For information on how to participate check out the <a href="https://www.smogon.com/tools/suspects/view/200">suspect thread</a>.</strong></div>
|badge|p2|bronze|gen9randombattle|100-9
|uhtml|medal-msg|<div class="broadcast-blue">Curious what those medals under the avatar are? PS now has Ladder Seasons! For more information, check out the <a href="https://www.smogon.com/forums/threads/3740067/">thread on Smogon.</a></div>
|j|☆OP Earthquakes
|j|‽LT_Alt1
|t:|1776149870
|gametype|singles
|player|p1|OP Earthquakes|giovanni-masters|1713
|player|p2|LT_Alt1|265|1876
|gen|9
|tier|[Gen 9] OU
|rated|
|rule|HP Percentage Mod: HP is shown in percentages
|rule|Endless Battle Clause: Forcing endless battles is banned
|rule|Species Clause: Limit one of each Pokémon
|rule|OHKO Clause: OHKO moves are banned
|rule|Evasion Items Clause: Evasion items are banned
|rule|Evasion Moves Clause: Evasion moves are banned
|rule|Evasion Abilities Clause: Evasion abilities are banned
|rule|Sleep Moves Clause: Sleep-inducing moves are banned
|clearpoke
|poke|p1|Excadrill, M|
|poke|p1|Tyranitar, F|
|poke|p1|Hawlucha, M|
|poke|p1|Pawmot, F|
|poke|p1|Enamorus, F|
|poke|p1|Ninetales-Alola, F|
|poke|p2|Garganacl, F|
|poke|p2|Slowking-Galar, F|
|poke|p2|Kyurem|
|poke|p2|Weezing-Galar, F|
|poke|p2|Moltres|
|poke|p2|Iron Treads|
|teampreview
|inactive|Battle timer is ON: inactive players will automatically lose when time's up. (requested by OP Earthquakes)
|j| ohko_smeargle
|c|☆OP Earthquakes|Updated the team this time
|c|☆OP Earthquakes|GLHF
|c|☆OP Earthquakes|(Test)
|inactive|OP Earthquakes has 120 seconds left.
|
|t:|1776149912
|teamsize|p1|6
|teamsize|p2|6
|start
|switch|p1a: OP|Excadrill, M|100/100
|switch|p2a: Iron Treads|Iron Treads|100/100
|turn|1
|
|t:|1776149919
|switch|p1a: Itachi|Hawlucha, M, shiny|100/100
|-ability|p1a: Itachi|Mold Breaker
|move|p2a: Iron Treads|Earthquake|p1a: Itachi
|-immune|p1a: Itachi
|
|upkeep
|turn|2
|
|t:|1776149923
|move|p1a: Itachi|Encore|p2a: Iron Treads
|-start|p2a: Iron Treads|Encore
|move|p2a: Iron Treads|Earthquake|p1a: Itachi
|-immune|p1a: Itachi
|
|upkeep
|turn|3
|
|t:|1776149926
|-end|p2a: Iron Treads|Quark Drive|[silent]
|switch|p2a: Weezing|Weezing-Galar, F|100/100
|-ability|p2a: Weezing|Neutralizing Gas
|move|p1a: Itachi|Swords Dance|p1a: Itachi
|-boost|p1a: Itachi|atk|2
|
|upkeep
|turn|4
|
|t:|1776149935
|move|p1a: Itachi|Brave Bird|p2a: Weezing
|-damage|p2a: Weezing|20/100
|-damage|p1a: Itachi|74/100|[from] Recoil
|move|p2a: Weezing|Will-O-Wisp|p1a: Itachi|[miss]
|-miss|p2a: Weezing|p1a: Itachi
|
|-heal|p2a: Weezing|27/100|[from] item: Leftovers
|upkeep
|turn|5
|
|t:|1776149944
|move|p1a: Itachi|Brave Bird|p2a: Weezing
|-damage|p2a: Weezing|0 fnt
|faint|p2a: Weezing
|-end|p2a: Weezing|ability: Neutralizing Gas
|-ability|p1a: Itachi|Mold Breaker
|-damage|p1a: Itachi|66/100|[from] Recoil
|
|upkeep
|
|t:|1776149951
|switch|p2a: Moltres|Moltres|100/100
|turn|6
|
|t:|1776149954
|move|p1a: Itachi|Brave Bird|p2a: Moltres
|-damage|p2a: Moltres|33/100
|-status|p1a: Itachi|brn|[from] ability: Flame Body|[of] p2a: Moltres
|-damage|p1a: Itachi|38/100 brn|[from] Recoil
|move|p2a: Moltres|Flamethrower|p1a: Itachi
|-damage|p1a: Itachi|0 fnt
|faint|p1a: Itachi
|
|upkeep
|
|t:|1776149959
|switch|p1a: Ninetales|Ninetales-Alola, F|100/100
|-weather|Snowscape|[from] ability: Snow Warning|[of] p1a: Ninetales
|turn|7
|
|t:|1776149963
|move|p1a: Ninetales|Aurora Veil|p1a: Ninetales
|-sidestart|p1: OP Earthquakes|move: Aurora Veil
|move|p2a: Moltres|Roost|p2a: Moltres
|-heal|p2a: Moltres|83/100
|-singleturn|p2a: Moltres|move: Roost
|
|-weather|Snowscape|[upkeep]
|upkeep
|turn|8
|
|t:|1776149968
|switch|p2a: Slowking|Slowking-Galar, F|100/100
|move|p1a: Ninetales|Encore||[still]
|-fail|p1a: Ninetales
|
|-weather|Snowscape|[upkeep]
|upkeep
|turn|9
|
|t:|1776149973
|switch|p1a: The sandstorm|Tyranitar, F, shiny|100/100
|-weather|Sandstorm|[from] ability: Sand Stream|[of] p1a: The sandstorm
|-prepare|p2a: Slowking|Chilly Reception|[premajor]
|move|p2a: Slowking|Chilly Reception|p2a: Slowking
|-weather|Snowscape
|
|t:|1776149982
|switch|p2a: Garganacl|Garganacl, F|100/100|[from] Chilly Reception
|
|-weather|Snowscape|[upkeep]
|upkeep
|turn|10
|
|t:|1776149989
|move|p2a: Garganacl|Curse|p2a: Garganacl
|-unboost|p2a: Garganacl|spe|1
|-boost|p2a: Garganacl|atk|1
|-boost|p2a: Garganacl|def|1
|move|p1a: The sandstorm|Roar|p2a: Garganacl
|drag|p2a: Slowking|Slowking-Galar, F|100/100
|
|-weather|Snowscape|[upkeep]
|upkeep
|turn|11
|
|t:|1776150006
|move|p1a: The sandstorm|Stealth Rock|p2a: Slowking
|-sidestart|p2: LT_Alt1|move: Stealth Rock
|move|p2a: Slowking|Thunder Wave|p1a: The sandstorm
|-status|p1a: The sandstorm|par
|
|-weather|Snowscape|[upkeep]
|upkeep
|turn|12
|
|t:|1776150017
|switch|p1a: OP|Excadrill, M|100/100
|switch|p2a: Iron Treads|Iron Treads|100/100
|-damage|p2a: Iron Treads|97/100|[from] Stealth Rock
|
|-weather|Snowscape|[upkeep]
|-heal|p2a: Iron Treads|100/100|[from] item: Leftovers
|upkeep
|turn|13
|
|t:|1776150024
|move|p2a: Iron Treads|Earthquake|p1a: OP
|-supereffective|p1a: OP
|-damage|p1a: OP|47/100
|move|p1a: OP|Earthquake|p2a: Iron Treads
|-supereffective|p2a: Iron Treads
|-crit|p2a: Iron Treads
|-damage|p2a: Iron Treads|0 fnt
|faint|p2a: Iron Treads
|-end|p2a: Iron Treads|Quark Drive|[silent]
|
|-weather|none
|upkeep
|
|t:|1776150034
|switch|p2a: Moltres|Moltres|83/100
|turn|14
|
|t:|1776150062
|switch|p1a: Ninetales|Ninetales-Alola, F|100/100
|-weather|Snowscape|[from] ability: Snow Warning|[of] p1a: Ninetales
|move|p2a: Moltres|Flamethrower|p1a: Ninetales
|-supereffective|p1a: Ninetales
|-damage|p1a: Ninetales|63/100
|
|-weather|Snowscape|[upkeep]
|-sideend|p1: OP Earthquakes|move: Aurora Veil
|upkeep
|turn|15
|
|t:|1776150069
|move|p1a: Ninetales|Aurora Veil|p1a: Ninetales
|-sidestart|p1: OP Earthquakes|move: Aurora Veil
|move|p2a: Moltres|U-turn|p1a: Ninetales
|-resisted|p1a: Ninetales
|-damage|p1a: Ninetales|59/100
|
|t:|1776150072
|switch|p2a: Garganacl|Garganacl, F|100/100|[from] U-turn
|-damage|p2a: Garganacl|88/100|[from] Stealth Rock
|
|-weather|Snowscape|[upkeep]
|-heal|p2a: Garganacl|94/100|[from] item: Leftovers
|upkeep
|turn|16
|
|t:|1776150077
|move|p1a: Ninetales|Moonblast|p2a: Garganacl
|-damage|p2a: Garganacl|73/100
|-unboost|p2a: Garganacl|spa|1
|move|p2a: Garganacl|Curse|p2a: Garganacl
|-unboost|p2a: Garganacl|spe|1
|-boost|p2a: Garganacl|atk|1
|-boost|p2a: Garganacl|def|1
|
|-weather|Snowscape|[upkeep]
|-heal|p2a: Garganacl|79/100|[from] item: Leftovers
|upkeep
|turn|17
|
|t:|1776150081
|move|p1a: Ninetales|Encore|p2a: Garganacl
|-start|p2a: Garganacl|Encore
|move|p2a: Garganacl|Curse|p2a: Garganacl
|-unboost|p2a: Garganacl|spe|1
|-boost|p2a: Garganacl|atk|1
|-boost|p2a: Garganacl|def|1
|
|-weather|Snowscape|[upkeep]
|-heal|p2a: Garganacl|85/100|[from] item: Leftovers
|upkeep
|turn|18
|
|t:|1776150084
|switch|p1a: Enamorus|Enamorus, F|100/100
|move|p2a: Garganacl|Curse|p2a: Garganacl
|-unboost|p2a: Garganacl|spe|1
|-boost|p2a: Garganacl|atk|1
|-boost|p2a: Garganacl|def|1
|
|-weather|none
|-heal|p2a: Garganacl|91/100|[from] item: Leftovers
|upkeep
|turn|19
|
|t:|1776150093
|switch|p2a: Slowking|Slowking-Galar, F|100/100
|-damage|p2a: Slowking|88/100|[from] Stealth Rock
|-terastallize|p1a: Enamorus|Stellar
|move|p1a: Enamorus|Tera Blast|p2a: Slowking|[anim] Tera Blast Stellar
|-damage|p2a: Slowking|61/100
|-boost|p1a: Enamorus|atk|1
|-boost|p1a: Enamorus|spa|1
|
|upkeep
|turn|20
|
|t:|1776150108
|move|p1a: Enamorus|Tera Blast|p2a: Slowking|[anim] Tera Blast Stellar
|-damage|p2a: Slowking|27/100
|-boost|p1a: Enamorus|atk|1
|-boost|p1a: Enamorus|spa|1
|move|p2a: Slowking|Thunder Wave|p1a: Enamorus
|-status|p1a: Enamorus|par
|
|upkeep
|turn|21
|
|t:|1776150127
|cant|p1a: Enamorus|par
|-prepare|p2a: Slowking|Chilly Reception|[premajor]
|move|p2a: Slowking|Chilly Reception|p2a: Slowking
|-weather|Snowscape
|
|t:|1776150139
|switch|p2a: Kyurem|Kyurem|100/100|[from] Chilly Reception
|-damage|p2a: Kyurem|76/100|[from] Stealth Rock
|-ability|p2a: Kyurem|Pressure
|
|-weather|Snowscape|[upkeep]
|upkeep
|turn|22
|
|t:|1776150146
|move|p2a: Kyurem|Ice Beam|p1a: Enamorus
|-supereffective|p1a: Enamorus
|-damage|p1a: Enamorus|35/100 par
|move|p1a: Enamorus|Tera Blast|p2a: Kyurem|[anim] Tera Blast Stellar
|-damage|p2a: Kyurem|10/100
|-boost|p1a: Enamorus|atk|1
|-boost|p1a: Enamorus|spa|1
|-heal|p1a: Enamorus|46/100 par|[from] item: Shell Bell|[of] p2a: Kyurem
|
|-weather|Snowscape|[upkeep]
|-sideend|p1: OP Earthquakes|move: Aurora Veil
|upkeep
|turn|23
|
|t:|1776150152
|switch|p1a: The sandstorm|Tyranitar, F, shiny|100/100 par
|-weather|Sandstorm|[from] ability: Sand Stream|[of] p1a: The sandstorm
|move|p2a: Kyurem|Ice Beam|p1a: The sandstorm
|-damage|p1a: The sandstorm|68/100 par
|
|-weather|Sandstorm|[upkeep]
|-damage|p2a: Kyurem|4/100|[from] Sandstorm
|upkeep
|turn|24
|
|t:|1776150180
|move|p2a: Kyurem|Ice Beam|p1a: The sandstorm
|-damage|p1a: The sandstorm|34/100 par
|move|p1a: The sandstorm|Roar|p2a: Kyurem
|drag|p2a: Slowking|Slowking-Galar, F|60/100
|-damage|p2a: Slowking|47/100|[from] Stealth Rock
|
|-weather|Sandstorm|[upkeep]
|-damage|p2a: Slowking|41/100|[from] Sandstorm
|upkeep
|turn|25
|
|t:|1776150189
|switch|p1a: Ninetales|Ninetales-Alola, F|59/100
|-weather|Snowscape|[from] ability: Snow Warning|[of] p1a: Ninetales
|switch|p2a: Kyurem|Kyurem|4/100
|-damage|p2a: Kyurem|0 fnt|[from] Stealth Rock
|faint|p2a: Kyurem
|
|-weather|Snowscape|[upkeep]
|upkeep
|
|t:|1776150195
|switch|p2a: Garganacl|Garganacl, F|91/100
|-damage|p2a: Garganacl|79/100|[from] Stealth Rock
|turn|26
|
|t:|1776150207
|move|p1a: Ninetales|Aurora Veil|p1a: Ninetales
|-sidestart|p1: OP Earthquakes|move: Aurora Veil
|move|p2a: Garganacl|Salt Cure|p1a: Ninetales
|-supereffective|p1a: Ninetales
|-damage|p1a: Ninetales|44/100
|-start|p1a: Ninetales|Salt Cure
|
|-weather|Snowscape|[upkeep]
|-heal|p2a: Garganacl|85/100|[from] item: Leftovers
|-damage|p1a: Ninetales|32/100|[from] Salt Cure
|upkeep
|turn|27
|
|t:|1776150218
|switch|p1a: Enamorus|Enamorus, F, tera:Stellar|46/100 par
|move|p2a: Garganacl|Curse|p2a: Garganacl
|-unboost|p2a: Garganacl|spe|1
|-boost|p2a: Garganacl|atk|1
|-boost|p2a: Garganacl|def|1
|
|-weather|Snowscape|[upkeep]
|-heal|p2a: Garganacl|91/100|[from] item: Leftovers
|upkeep
|turn|28
|
|t:|1776150233
|move|p1a: Enamorus|Tera Blast|p2a: Garganacl|[anim] Tera Blast Stellar
|-damage|p2a: Garganacl|65/100
|-boost|p1a: Enamorus|atk|1
|-boost|p1a: Enamorus|spa|1
|-heal|p1a: Enamorus|50/100 par|[from] item: Shell Bell|[of] p2a: Garganacl
|move|p2a: Garganacl|Recover|p2a: Garganacl
|-heal|p2a: Garganacl|100/100
|
|-weather|Snowscape|[upkeep]
|upkeep
|turn|29
|j| ispeakvietnamese
|
|t:|1776150240
|cant|p1a: Enamorus|par
|move|p2a: Garganacl|Salt Cure|p1a: Enamorus
|-supereffective|p1a: Enamorus
|-damage|p1a: Enamorus|24/100 par
|-start|p1a: Enamorus|Salt Cure
|
|-weather|none
|-damage|p1a: Enamorus|12/100 par|[from] Salt Cure
|upkeep
|turn|30
|
|t:|1776150253
|switch|p1a: OP|Excadrill, M|47/100
|move|p2a: Garganacl|Recover||[still]
|-fail|p2a: Garganacl|heal
|
|upkeep
|turn|31
|
|t:|1776150263
|switch|p2a: Moltres|Moltres|83/100
|move|p1a: OP|Earthquake|p2a: Moltres
|-immune|p2a: Moltres
|
|upkeep
|turn|32
|
|t:|1776150275
|switch|p1a: The sandstorm|Tyranitar, F, shiny|34/100 par
|-weather|Sandstorm|[from] ability: Sand Stream|[of] p1a: The sandstorm
|move|p2a: Moltres|Will-O-Wisp||[still]
|-fail|p2a: Moltres
|
|-weather|Sandstorm|[upkeep]
|-damage|p2a: Moltres|77/100|[from] Sandstorm
|upkeep
|turn|33
|inactive|OP Earthquakes has 120 seconds left.
|l| ispeakvietnamese
|c|☆OP Earthquakes|How I wish tales could Hwish lol
|inactive|OP Earthquakes has 90 seconds left.
|
|t:|1776150336
|move|p2a: Moltres|U-turn|p1a: The sandstorm
|-supereffective|p1a: The sandstorm
|-damage|p1a: The sandstorm|24/100 par
|
|t:|1776150344
|switch|p2a: Slowking|Slowking-Galar, F|75/100|[from] U-turn
|-damage|p2a: Slowking|62/100|[from] Stealth Rock
|move|p1a: The sandstorm|Ice Beam|p2a: Slowking
|-damage|p2a: Slowking|46/100
|-status|p2a: Slowking|frz
|
|-weather|Sandstorm|[upkeep]
|-damage|p2a: Slowking|40/100 frz|[from] Sandstorm
|-sideend|p1: OP Earthquakes|move: Aurora Veil
|upkeep
|turn|34
|
|t:|1776150350
|switch|p1a: OP|Excadrill, M|47/100
|-prepare|p2a: Slowking|Chilly Reception|[premajor]
|cant|p2a: Slowking|frz
|
|-weather|Sandstorm|[upkeep]
|-damage|p2a: Slowking|34/100 frz|[from] Sandstorm
|upkeep
|turn|35
|
|t:|1776150361
|move|p1a: OP|Iron Head|p2a: Slowking
|-damage|p2a: Slowking|0 fnt
|faint|p2a: Slowking
|
|-weather|Sandstorm|[upkeep]
|upkeep
|
|t:|1776150364
|switch|p2a: Moltres|Moltres|77/100
|turn|36
|inactive|OP Earthquakes has 120 seconds left.
|
|t:|1776150383
|switch|p1a: Enamorus|Enamorus, F, tera:Stellar|12/100 par
|move|p2a: Moltres|Flamethrower|p1a: Enamorus
|-damage|p1a: Enamorus|0 fnt
|faint|p1a: Enamorus
|
|-weather|Sandstorm|[upkeep]
|-damage|p2a: Moltres|71/100|[from] Sandstorm
|upkeep
|
|t:|1776150388
|switch|p1a: Porunga|Pawmot, F|100/100
|turn|37
|
|t:|1776150396
|move|p1a: Porunga|Revival Blessing|p1a: Porunga
|-enditem|p1a: Porunga|Leppa Berry|[eat]
|-activate|p1a: Porunga|item: Leppa Berry|Revival Blessing|[consumed]
|
|t:|1776150399
|-heal|p1: Enamorus|50/100|[from] move: Revival Blessing
|move|p2a: Moltres|Will-O-Wisp|p1a: Porunga
|-status|p1a: Porunga|brn
|
|-weather|Sandstorm|[upkeep]
|-damage|p1a: Porunga|95/100 brn|[from] Sandstorm
|-damage|p2a: Moltres|64/100|[from] Sandstorm
|-damage|p1a: Porunga|89/100 brn|[from] brn
|upkeep
|turn|38
|
|t:|1776150405
|move|p1a: Porunga|Revival Blessing|p1a: Porunga
|
|t:|1776150408
|-heal|p1: Itachi|50/100|[from] move: Revival Blessing
|move|p2a: Moltres|Flamethrower|p1a: Porunga
|-damage|p1a: Porunga|33/100 brn
|
|-weather|Sandstorm|[upkeep]
|-damage|p1a: Porunga|27/100 brn|[from] Sandstorm
|-damage|p2a: Moltres|58/100|[from] Sandstorm
|-damage|p1a: Porunga|21/100 brn|[from] brn
|upkeep
|turn|39
|
|t:|1776150414
|move|p1a: Porunga|Rest|p1a: Porunga
|-status|p1a: Porunga|slp|[from] move: Rest
|-heal|p1a: Porunga|100/100 slp|[silent]
|move|p2a: Moltres|Roost|p2a: Moltres
|-heal|p2a: Moltres|100/100
|-singleturn|p2a: Moltres|move: Roost
|
|-weather|none
|upkeep
|turn|40
|
|t:|1776150425
|switch|p1a: The sandstorm|Tyranitar, F, shiny|24/100 par
|-weather|Sandstorm|[from] ability: Sand Stream|[of] p1a: The sandstorm
|move|p2a: Moltres|Flamethrower|p1a: The sandstorm
|-resisted|p1a: The sandstorm
|-damage|p1a: The sandstorm|11/100 par
|
|-weather|Sandstorm|[upkeep]
|-damage|p2a: Moltres|94/100|[from] Sandstorm
|upkeep
|turn|41
|
|t:|1776150433
|move|p2a: Moltres|Flamethrower|p1a: The sandstorm
|-resisted|p1a: The sandstorm
|-damage|p1a: The sandstorm|0 fnt
|faint|p1a: The sandstorm
|
|-weather|Sandstorm|[upkeep]
|-damage|p2a: Moltres|88/100|[from] Sandstorm
|upkeep
|
|t:|1776150437
|switch|p1a: Enamorus|Enamorus, F|50/100
|turn|42
|
|t:|1776150442
|move|p1a: Enamorus|Sludge Bomb|p2a: Moltres
|-damage|p2a: Moltres|55/100
|-heal|p1a: Enamorus|56/100|[from] item: Shell Bell|[of] p2a: Moltres
|move|p2a: Moltres|Flamethrower|p1a: Enamorus
|-damage|p1a: Enamorus|5/100
|
|-weather|Sandstorm|[upkeep]
|-damage|p1a: Enamorus|0 fnt|[from] Sandstorm
|-damage|p2a: Moltres|49/100|[from] Sandstorm
|faint|p1a: Enamorus
|upkeep
|
|t:|1776150451
|switch|p1a: Ninetales|Ninetales-Alola, F|32/100
|-weather|Snowscape|[from] ability: Snow Warning|[of] p1a: Ninetales
|turn|43
|
|t:|1776150461
|move|p1a: Ninetales|Aurora Veil|p1a: Ninetales
|-sidestart|p1: OP Earthquakes|move: Aurora Veil
|move|p2a: Moltres|Roost|p2a: Moltres
|-heal|p2a: Moltres|99/100
|-singleturn|p2a: Moltres|move: Roost
|
|-weather|Snowscape|[upkeep]
|upkeep
|turn|44
|
|t:|1776150465
|switch|p2a: Garganacl|Garganacl, F|100/100
|-damage|p2a: Garganacl|88/100|[from] Stealth Rock
|move|p1a: Ninetales|Encore||[still]
|-fail|p1a: Ninetales
|
|-weather|Snowscape|[upkeep]
|-heal|p2a: Garganacl|94/100|[from] item: Leftovers
|upkeep
|turn|45
|
|t:|1776150470
|switch|p1a: OP|Excadrill, M|47/100
|move|p2a: Garganacl|Salt Cure|p1a: OP
|-resisted|p1a: OP
|-damage|p1a: OP|45/100
|-start|p1a: OP|Salt Cure
|
|-weather|Snowscape|[upkeep]
|-heal|p2a: Garganacl|100/100|[from] item: Leftovers
|-damage|p1a: OP|20/100|[from] Salt Cure
|upkeep
|turn|46
|
|t:|1776150479
|switch|p1a: Porunga|Pawmot, F|100/100 slp
|switch|p2a: Moltres|Moltres|99/100
|
|-weather|Snowscape|[upkeep]
|upkeep
|turn|47
|
|t:|1776150483
|cant|p1a: Porunga|slp
|move|p1a: Porunga|Sleep Talk|p1a: Porunga
|move|p1a: Porunga|Rest||[from] move: Sleep Talk|[still]
|-fail|p1a: Porunga
|move|p2a: Moltres|Flamethrower|p1a: Porunga
|-damage|p1a: Porunga|75/100 slp
|
|-weather|none
|upkeep
|turn|48
|
|t:|1776150488
|cant|p1a: Porunga|slp
|move|p1a: Porunga|Sleep Talk|p1a: Porunga
|move|p1a: Porunga|Revival Blessing|p1a: Porunga|[from] move: Sleep Talk
|
|t:|1776150494
|-heal|p1: Enamorus|50/100|[from] move: Revival Blessing
|move|p2a: Moltres|Flamethrower|p1a: Porunga
|-damage|p1a: Porunga|48/100 slp
|
|upkeep
|turn|49
|
|t:|1776150508
|-curestatus|p1a: Porunga|slp|[msg]
|move|p1a: Porunga|Rest|p1a: Porunga
|-status|p1a: Porunga|slp|[from] move: Rest
|-heal|p1a: Porunga|100/100 slp|[silent]
|move|p2a: Moltres|Flamethrower|p1a: Porunga
|-damage|p1a: Porunga|74/100 slp
|
|upkeep
|turn|50
|
|t:|1776150520
|switch|p1a: OP|Excadrill, M|20/100
|move|p2a: Moltres|Flamethrower|p1a: OP
|-supereffective|p1a: OP
|-damage|p1a: OP|0 fnt
|faint|p1a: OP
|
|-sideend|p1: OP Earthquakes|move: Aurora Veil
|upkeep
|
|t:|1776150525
|switch|p1a: Ninetales|Ninetales-Alola, F|32/100
|-weather|Snowscape|[from] ability: Snow Warning|[of] p1a: Ninetales
|turn|51
|
|t:|1776150528
|move|p1a: Ninetales|Aurora Veil|p1a: Ninetales
|-sidestart|p1: OP Earthquakes|move: Aurora Veil
|move|p2a: Moltres|Flamethrower|p1a: Ninetales
|-supereffective|p1a: Ninetales
|-damage|p1a: Ninetales|0 fnt
|faint|p1a: Ninetales
|
|-weather|Snowscape|[upkeep]
|upkeep
|
|t:|1776150534
|switch|p1a: Porunga|Pawmot, F|74/100 slp
|turn|52
|
|t:|1776150537
|cant|p1a: Porunga|slp
|move|p1a: Porunga|Sleep Talk|p1a: Porunga
|move|p1a: Porunga|Revival Blessing|p1a: Porunga|[from] move: Sleep Talk
|
|t:|1776150542
|-heal|p1: Ninetales|50/100|[from] move: Revival Blessing
|move|p2a: Moltres|Flamethrower|p1a: Porunga
|-damage|p1a: Porunga|49/100 slp
|
|-weather|Snowscape|[upkeep]
|upkeep
|turn|53
|
|t:|1776150546
|cant|p1a: Porunga|slp
|move|p1a: Porunga|Sleep Talk|p1a: Porunga
|move|p1a: Porunga|Rest||[from] move: Sleep Talk|[still]
|-fail|p1a: Porunga
|move|p2a: Moltres|Flamethrower|p1a: Porunga
|-damage|p1a: Porunga|22/100 slp
|
|-weather|Snowscape|[upkeep]
|upkeep
|turn|54
|
|t:|1776150551
|-curestatus|p1a: Porunga|slp|[msg]
|move|p1a: Porunga|Rest|p1a: Porunga
|-status|p1a: Porunga|slp|[from] move: Rest
|-heal|p1a: Porunga|100/100 slp|[silent]
|move|p2a: Moltres|Flamethrower|p1a: Porunga
|-damage|p1a: Porunga|75/100 slp
|
|-weather|Snowscape|[upkeep]
|upkeep
|turn|55
|
|t:|1776150557
|cant|p1a: Porunga|slp
|move|p1a: Porunga|Sleep Talk|p1a: Porunga
|move|p1a: Porunga|Revival Blessing|p1a: Porunga|[from] move: Sleep Talk
|
|t:|1776150562
|-heal|p1: The sandstorm|50/100|[from] move: Revival Blessing
|move|p2a: Moltres|Flamethrower|p1a: Porunga
|-damage|p1a: Porunga|50/100 slp
|
|-weather|none
|upkeep
|turn|56
|
|t:|1776150568
|cant|p1a: Porunga|slp
|move|p1a: Porunga|Sleep Talk|p1a: Porunga
|move|p1a: Porunga|Revival Blessing|p1a: Porunga|[from] move: Sleep Talk
|
|t:|1776150572
|-heal|p1: OP|50/100|[from] move: Revival Blessing
|move|p2a: Moltres|Flamethrower|p1a: Porunga
|-damage|p1a: Porunga|22/100 slp
|
|upkeep
|turn|57
|
|t:|1776150579
|-curestatus|p1a: Porunga|slp|[msg]
|move|p1a: Porunga|Rest|p1a: Porunga
|-status|p1a: Porunga|slp|[from] move: Rest
|-heal|p1a: Porunga|100/100 slp|[silent]
|move|p2a: Moltres|Flamethrower|p1a: Porunga
|-damage|p1a: Porunga|75/100 slp
|
|upkeep
|turn|58
|j| ispeakvietnamese
|
|t:|1776150587
|switch|p1a: The sandstorm|Tyranitar, F, shiny|50/100
|-weather|Sandstorm|[from] ability: Sand Stream|[of] p1a: The sandstorm
|move|p2a: Moltres|Flamethrower|p1a: The sandstorm
|-resisted|p1a: The sandstorm
|-damage|p1a: The sandstorm|44/100
|
|-weather|Sandstorm|[upkeep]
|-damage|p2a: Moltres|93/100|[from] Sandstorm
|-sideend|p1: OP Earthquakes|move: Aurora Veil
|upkeep
|turn|59
|
|t:|1776150596
|move|p2a: Moltres|Will-O-Wisp|p1a: The sandstorm
|-status|p1a: The sandstorm|brn
|move|p1a: The sandstorm|Ice Beam|p2a: Moltres
|-damage|p2a: Moltres|67/100
|
|-weather|Sandstorm|[upkeep]
|-damage|p2a: Moltres|61/100|[from] Sandstorm
|-damage|p1a: The sandstorm|38/100 brn|[from] brn
|upkeep
|turn|60
|j| el alcachofas xdxd
|
|t:|1776150601
|move|p2a: Moltres|Flamethrower|p1a: The sandstorm
|-resisted|p1a: The sandstorm
|-damage|p1a: The sandstorm|26/100 brn
|move|p1a: The sandstorm|Roar|p2a: Moltres
|drag|p2a: Garganacl|Garganacl, F|100/100
|-damage|p2a: Garganacl|88/100|[from] Stealth Rock
|
|-weather|Sandstorm|[upkeep]
|-heal|p2a: Garganacl|94/100|[from] item: Leftovers
|-damage|p1a: The sandstorm|20/100 brn|[from] brn
|upkeep
|turn|61
|
|t:|1776150608
|switch|p1a: Ninetales|Ninetales-Alola, F|50/100
|-weather|Snowscape|[from] ability: Snow Warning|[of] p1a: Ninetales
|move|p2a: Garganacl|Curse|p2a: Garganacl
|-unboost|p2a: Garganacl|spe|1
|-boost|p2a: Garganacl|atk|1
|-boost|p2a: Garganacl|def|1
|
|-weather|Snowscape|[upkeep]
|-heal|p2a: Garganacl|100/100|[from] item: Leftovers
|upkeep
|turn|62
|inactive|LT_Alt1 has 120 seconds left.
|
|t:|1776150638
|switch|p2a: Moltres|Moltres|61/100
|move|p1a: Ninetales|Aurora Veil|p1a: Ninetales
|-sidestart|p1: OP Earthquakes|move: Aurora Veil
|
|-weather|Snowscape|[upkeep]
|upkeep
|turn|63
|c|☆OP Earthquakes|Did I dc
|c|☆OP Earthquakes|oh okay
|inactive|LT_Alt1 has 120 seconds left.
|
|t:|1776150651
|switch|p1a: The sandstorm|Tyranitar, F, shiny|20/100 brn
|-weather|Sandstorm|[from] ability: Sand Stream|[of] p1a: The sandstorm
|move|p2a: Moltres|U-turn|p1a: The sandstorm
|-supereffective|p1a: The sandstorm
|-damage|p1a: The sandstorm|11/100 brn
|
|t:|1776150656
|switch|p2a: Garganacl|Garganacl, F|100/100|[from] U-turn
|-damage|p2a: Garganacl|88/100|[from] Stealth Rock
|
|-weather|Sandstorm|[upkeep]
|-heal|p2a: Garganacl|94/100|[from] item: Leftovers
|-damage|p1a: The sandstorm|5/100 brn|[from] brn
|upkeep
|turn|64
|
|t:|1776150659
|move|p2a: Garganacl|Curse|p2a: Garganacl
|-unboost|p2a: Garganacl|spe|1
|-boost|p2a: Garganacl|atk|1
|-boost|p2a: Garganacl|def|1
|move|p1a: The sandstorm|Roar|p2a: Garganacl
|drag|p2a: Moltres|Moltres|61/100
|
|-weather|Sandstorm|[upkeep]
|-damage|p2a: Moltres|55/100|[from] Sandstorm
|-damage|p1a: The sandstorm|0 fnt|[from] brn
|faint|p1a: The sandstorm
|upkeep
|
|t:|1776150687
|switch|p1a: Enamorus|Enamorus, F|50/100
|turn|65
|
|t:|1776150691
|move|p1a: Enamorus|Sludge Bomb|p2a: Moltres
|-damage|p2a: Moltres|20/100
|-heal|p1a: Enamorus|56/100|[from] item: Shell Bell|[of] p2a: Moltres
|move|p2a: Moltres|U-turn|p1a: Enamorus
|-resisted|p1a: Enamorus
|-damage|p1a: Enamorus|54/100
|
|t:|1776150693
|switch|p2a: Garganacl|Garganacl, F|94/100|[from] U-turn
|-damage|p2a: Garganacl|82/100|[from] Stealth Rock
|
|-weather|Sandstorm|[upkeep]
|-damage|p1a: Enamorus|47/100|[from] Sandstorm
|-heal|p2a: Garganacl|88/100|[from] item: Leftovers
|upkeep
|turn|66
|
|t:|1776150698
|switch|p1a: Itachi|Hawlucha, M, shiny|50/100
|-ability|p1a: Itachi|Mold Breaker
|move|p2a: Garganacl|Salt Cure|p1a: Itachi
|-damage|p1a: Itachi|41/100
|-start|p1a: Itachi|Salt Cure
|-enditem|p1a: Itachi|Red Card|[of] p2a: Garganacl
|drag|p2a: Moltres|Moltres|20/100
|
|-weather|Sandstorm|[upkeep]
|-damage|p1a: Itachi|35/100|[from] Sandstorm
|-damage|p2a: Moltres|14/100|[from] Sandstorm
|-damage|p1a: Itachi|23/100|[from] Salt Cure
|upkeep
|turn|67
|
|t:|1776150703
|move|p1a: Itachi|Brave Bird|p2a: Moltres
|-damage|p2a: Moltres|0 fnt
|faint|p2a: Moltres
|-damage|p1a: Itachi|17/100|[from] Recoil
|
|-weather|Sandstorm|[upkeep]
|-damage|p1a: Itachi|11/100|[from] Sandstorm
|-damage|p1a: Itachi|0 fnt|[from] Salt Cure
|faint|p1a: Itachi
|upkeep
|
|t:|1776150706
|switch|p1a: OP|Excadrill, M|50/100
|switch|p2a: Garganacl|Garganacl, F|88/100
|-damage|p2a: Garganacl|76/100|[from] Stealth Rock
|turn|68
|
|t:|1776150711
|-terastallize|p2a: Garganacl|Fairy
|move|p1a: OP|Earthquake|p2a: Garganacl
|-damage|p2a: Garganacl|20/100
|move|p2a: Garganacl|Curse|p2a: Garganacl
|-unboost|p2a: Garganacl|spe|1
|-boost|p2a: Garganacl|atk|1
|-boost|p2a: Garganacl|def|1
|
|-weather|Sandstorm|[upkeep]
|-damage|p2a: Garganacl|14/100|[from] Sandstorm
|-heal|p2a: Garganacl|20/100|[from] item: Leftovers
|upkeep
|turn|69
|
|t:|1776150717
|move|p1a: OP|Earthquake|p2a: Garganacl
|-damage|p2a: Garganacl|0 fnt
|faint|p2a: Garganacl
|
|win|OP Earthquakes
|raw|OP Earthquakes's rating: 1713 &rarr; <strong>1742</strong><br />(+29 for winning)
|raw|LT_Alt1's rating: 1876 &rarr; <strong>1847</strong><br />(-29 for losing)
|l|‽LT_Alt1
|player|p2|
|l| ohko_smeargle
