|html|<div class="broadcast-blue"><strong>[Gen 9] OU is currently suspecting Tera Blast! For information on how to participate check out the <a href="https://www.smogon.com/tools/suspects/view/200">suspect thread</a>.</strong></div>
|j|☆sethypooh
|j|☆z3r0cool
|t:|1776201843
|gametype|singles
|player|p1|sethypooh|pokemaniac|1439
|player|p2|z3r0cool|lorelei-gen1|1548
|gen|9
|tier|[Gen 9] OU
|rated|
|rule|HP Percentage Mod: HP is shown in percentages
|rule|Endless Battle Clause: Forcing endless battles is banned
|rule|Species Clause: Limit one of each Pokémon
|rule|OHKO Clause: OHKO moves are banned
|rule|Evasion Items Clause: Evasion items are banned
|rule|Evasion Moves Clause: Evasion moves are banned
|rule|Evasion Abilities Clause: Evasion abilities are banned
|rule|Sleep Moves Clause: Sleep-inducing moves are banned
|clearpoke
|poke|p1|Grimmsnarl, M|
|poke|p1|Iron Treads|
|poke|p1|Raging Bolt|
|poke|p1|Deoxys-Speed|
|poke|p1|Ogerpon-Wellspring, F|
|poke|p1|Ceruledge, M|
|poke|p2|Ogerpon-Wellspring, F|
|poke|p2|Landorus-Therian, M|
|poke|p2|Arcanine-Hisui, M|
|poke|p2|Dragapult, M|
|poke|p2|Scizor, F|
|poke|p2|Kingambit, F|
|teampreview
|inactive|Battle timer is ON: inactive players will automatically lose when time's up. (requested by sethypooh)
|
|t:|1776201856
|teamsize|p1|6
|teamsize|p2|6
|start
|switch|p1a: Grimmsnarl|Grimmsnarl, M, shiny|100/100
|switch|p2a: Landorus|Landorus-Therian, M, shiny|100/100
|-ability|p2a: Landorus|Intimidate|boost
|-unboost|p1a: Grimmsnarl|atk|1
|turn|1
|
|t:|1776201866
|move|p1a: Grimmsnarl|Taunt|p2a: Landorus
|-start|p2a: Landorus|move: Taunt
|cant|p2a: Landorus|move: Taunt|Stealth Rock
|
|upkeep
|turn|2
|
|t:|1776201872
|move|p1a: Grimmsnarl|Reflect|p1a: Grimmsnarl
|-sidestart|p1: sethypooh|Reflect
|move|p2a: Landorus|U-turn|p1a: Grimmsnarl
|-damage|p1a: Grimmsnarl|85/100
|
|t:|1776201877
|switch|p2a: Kingambit|Kingambit, F|100/100|[from] U-turn
|
|upkeep
|turn|3
|
|t:|1776201887
|move|p1a: Grimmsnarl|Low Kick|p2a: Kingambit
|-supereffective|p2a: Kingambit
|-damage|p2a: Kingambit|26/100
|move|p2a: Kingambit|Swords Dance|p2a: Kingambit
|-boost|p2a: Kingambit|atk|2
|
|-heal|p2a: Kingambit|32/100|[from] item: Leftovers
|upkeep
|turn|4
|
|t:|1776201897
|-end|p2a: Kingambit|fallenundefined|[silent]
|switch|p2a: Landorus|Landorus-Therian, M, shiny|100/100
|-ability|p2a: Landorus|Intimidate|boost
|-unboost|p1a: Grimmsnarl|atk|1
|move|p1a: Grimmsnarl|Low Kick|p2a: Landorus
|-resisted|p2a: Landorus
|-crit|p2a: Landorus
|-damage|p2a: Landorus|81/100
|-damage|p1a: Grimmsnarl|68/100|[from] item: Rocky Helmet|[of] p2a: Landorus
|
|upkeep
|turn|5
|
|t:|1776201907
|move|p1a: Grimmsnarl|Taunt|p2a: Landorus
|-start|p2a: Landorus|move: Taunt
|move|p2a: Landorus|U-turn|p1a: Grimmsnarl
|-damage|p1a: Grimmsnarl|54/100
|
|t:|1776201913
|switch|p2a: Kingambit|Kingambit, F|32/100|[from] U-turn
|
|-heal|p2a: Kingambit|38/100|[from] item: Leftovers
|upkeep
|turn|6
|
|t:|1776201919
|-end|p2a: Kingambit|fallenundefined|[silent]
|switch|p2a: Landorus|Landorus-Therian, M, shiny|81/100
|-ability|p2a: Landorus|Intimidate|boost
|-unboost|p1a: Grimmsnarl|atk|1
|move|p1a: Grimmsnarl|Low Kick|p2a: Landorus
|-resisted|p2a: Landorus
|-damage|p2a: Landorus|76/100
|-damage|p1a: Grimmsnarl|37/100|[from] item: Rocky Helmet|[of] p2a: Landorus
|
|upkeep
|turn|7
|
|t:|1776201936
|switch|p1a: Ceruledge|Ceruledge, M, shiny|100/100
|move|p2a: Landorus|Taunt|p1a: Ceruledge
|-start|p1a: Ceruledge|move: Taunt
|
|upkeep
|turn|8
|
|t:|1776201946
|move|p2a: Landorus|Earth Power|p1a: Ceruledge
|-supereffective|p1a: Ceruledge
|-damage|p1a: Ceruledge|32/100
|move|p1a: Ceruledge|Poltergeist|p2a: Landorus
|-activate|p2a: Landorus|move: Poltergeist|Rocky Helmet
|-damage|p2a: Landorus|3/100
|-damage|p1a: Ceruledge|22/100|[from] item: Life Orb
|
|upkeep
|turn|9
|
|t:|1776201958
|move|p1a: Ceruledge|Shadow Sneak|p2a: Landorus
|-damage|p2a: Landorus|0 fnt
|-damage|p1a: Ceruledge|6/100|[from] item: Rocky Helmet|[of] p2a: Landorus
|faint|p2a: Landorus
|-damage|p1a: Ceruledge|0 fnt|[from] item: Life Orb
|faint|p1a: Ceruledge
|
|-sideend|p1: sethypooh|Reflect
|upkeep
|
|t:|1776201977
|switch|p2a: Arcanine|Arcanine-Hisui, M, shiny|100/100
|switch|p1a: Grimmsnarl|Grimmsnarl, M, shiny|37/100
|turn|10
|
|t:|1776201992
|move|p1a: Grimmsnarl|Reflect|p1a: Grimmsnarl
|-sidestart|p1: sethypooh|Reflect
|move|p2a: Arcanine|Flare Blitz|p1a: Grimmsnarl
|-damage|p1a: Grimmsnarl|0 fnt
|faint|p1a: Grimmsnarl
|
|upkeep
|
|t:|1776201997
|switch|p1a: Ogerpon|Ogerpon-Wellspring, F|100/100
|turn|11
|
|t:|1776202010
|switch|p2a: Dragapult|Dragapult, M, shiny|100/100
|move|p1a: Ogerpon|Trailblaze|p2a: Dragapult
|-resisted|p2a: Dragapult
|-damage|p2a: Dragapult|77/100
|-boost|p1a: Ogerpon|spe|1
|
|upkeep
|turn|12
|
|t:|1776202021
|move|p1a: Ogerpon|Play Rough|p2a: Dragapult
|-supereffective|p2a: Dragapult
|-damage|p2a: Dragapult|0 fnt
|faint|p2a: Dragapult
|
|upkeep
|inactive|z3r0cool has 120 seconds left.
|
|t:|1776202043
|switch|p2a: Scizor|Scizor, F, shiny|100/100
|turn|13
|inactive|z3r0cool has 120 seconds left.
|
|t:|1776202058
|move|p1a: Ogerpon|Ivy Cudgel|p2a: Scizor|[anim] Ivy Cudgel Water
|-damage|p2a: Scizor|34/100
|move|p2a: Scizor|Defog|p1a: Ogerpon
|-unboost|p1a: Ogerpon|evasion|1
|-sideend|p1: sethypooh|Reflect
|
|upkeep
|turn|14
|
|t:|1776202066
|move|p2a: Scizor|Bullet Punch|p1a: Ogerpon
|-resisted|p1a: Ogerpon
|-damage|p1a: Ogerpon|77/100
|move|p1a: Ogerpon|Ivy Cudgel|p2a: Scizor|[anim] Ivy Cudgel Water
|-damage|p2a: Scizor|0 fnt
|faint|p2a: Scizor
|
|upkeep
|
|t:|1776202074
|switch|p2a: Ogerpon|Ogerpon-Wellspring, F|100/100
|turn|15
|
|t:|1776202077
|move|p1a: Ogerpon|Trailblaze|p2a: Ogerpon
|-damage|p2a: Ogerpon|58/100
|-boost|p1a: Ogerpon|spe|1
|move|p2a: Ogerpon|Power Whip|p1a: Ogerpon
|-damage|p1a: Ogerpon|0 fnt
|faint|p1a: Ogerpon
|
|upkeep
|
|t:|1776202086
|switch|p1a: Deoxys|Deoxys-Speed, shiny|100/100
|-ability|p1a: Deoxys|Pressure
|turn|16
|
|t:|1776202102
|switch|p2a: Kingambit|Kingambit, F|38/100
|-activate|p2a: Kingambit|ability: Supreme Overlord
|-start|p2a: Kingambit|fallen3|[silent]
|move|p1a: Deoxys|Substitute|p1a: Deoxys
|-start|p1a: Deoxys|Substitute
|-damage|p1a: Deoxys|76/100
|
|-heal|p1a: Deoxys|82/100|[from] item: Leftovers
|-heal|p2a: Kingambit|44/100|[from] item: Leftovers
|upkeep
|turn|17
|
|t:|1776202123
|-end|p2a: Kingambit|fallen3|[silent]
|switch|p2a: Arcanine|Arcanine-Hisui, M, shiny|100/100
|move|p1a: Deoxys|Focus Blast|p2a: Arcanine|[miss]
|-miss|p1a: Deoxys|p2a: Arcanine
|
|-heal|p1a: Deoxys|88/100|[from] item: Leftovers
|upkeep
|turn|18
|
|t:|1776202132
|move|p1a: Deoxys|Focus Blast|p2a: Arcanine|[miss]
|-miss|p1a: Deoxys|p2a: Arcanine
|move|p2a: Arcanine|Flare Blitz|p1a: Deoxys
|-crit|p1a: Deoxys
|-end|p1a: Deoxys|Substitute
|
|-heal|p1a: Deoxys|94/100|[from] item: Leftovers
|upkeep
|turn|19
|
|t:|1776202141
|move|p1a: Deoxys|Focus Blast|p2a: Arcanine|[miss]
|-miss|p1a: Deoxys|p2a: Arcanine
|move|p2a: Arcanine|Flare Blitz|p1a: Deoxys
|-damage|p1a: Deoxys|11/100
|
|-heal|p1a: Deoxys|17/100|[from] item: Leftovers
|upkeep
|turn|20
|
|t:|1776202150
|move|p2a: Arcanine|Extreme Speed|p1a: Deoxys
|-damage|p1a: Deoxys|0 fnt
|faint|p1a: Deoxys
|
|upkeep
|
|t:|1776202159
|switch|p1a: Iron Treads|Iron Treads, shiny|100/100
|-enditem|p1a: Iron Treads|Booster Energy
|-activate|p1a: Iron Treads|ability: Quark Drive|[fromitem]
|-start|p1a: Iron Treads|quarkdrivespe
|turn|21
|
|t:|1776202166
|-terastallize|p2a: Arcanine|Normal
|move|p1a: Iron Treads|Earth Power|p2a: Arcanine
|-damage|p2a: Arcanine|58/100
|move|p2a: Arcanine|Flare Blitz|p1a: Iron Treads
|-supereffective|p1a: Iron Treads
|-damage|p1a: Iron Treads|1/100
|
|upkeep
|turn|22
|
|t:|1776202176
|move|p2a: Arcanine|Extreme Speed|p1a: Iron Treads
|-resisted|p1a: Iron Treads
|-damage|p1a: Iron Treads|0 fnt
|faint|p1a: Iron Treads
|-end|p1a: Iron Treads|Quark Drive|[silent]
|
|upkeep
|
|t:|1776202178
|switch|p1a: Raging Bolt|Raging Bolt|100/100
|-enditem|p1a: Raging Bolt|Booster Energy
|-activate|p1a: Raging Bolt|ability: Protosynthesis|[fromitem]
|-start|p1a: Raging Bolt|protosynthesisspa
|turn|23
|
|t:|1776202187
|move|p2a: Arcanine|Extreme Speed|p1a: Raging Bolt
|-damage|p1a: Raging Bolt|67/100
|move|p1a: Raging Bolt|Thunderclap||[still]
|-fail|p1a: Raging Bolt
|
|upkeep
|turn|24
|
|t:|1776202195
|move|p2a: Arcanine|Head Smash|p1a: Raging Bolt
|-damage|p1a: Raging Bolt|0 fnt
|faint|p1a: Raging Bolt
|-end|p1a: Raging Bolt|Protosynthesis|[silent]
|
|win|z3r0cool
|raw|sethypooh's rating: 1439 &rarr; <strong>1425</strong><br />(-14 for losing)
|raw|z3r0cool's rating: 1548 &rarr; <strong>1562</strong><br />(+14 for winning)
