|html|<div class="broadcast-blue"><strong>[Gen 9] OU is currently suspecting Tera Blast! For information on how to participate check out the <a href="https://www.smogon.com/tools/suspects/view/200">suspect thread</a>.</strong></div>
|j|☆brrbrr1
|j|☆evergreendaze
|t:|1776057932
|gametype|singles
|player|p1|brrbrr1|265|1142
|player|p2|evergreendaze|pokemaniac|1139
|gen|9
|tier|[Gen 9] OU
|rated|
|rule|HP Percentage Mod: HP is shown in percentages
|rule|Endless Battle Clause: Forcing endless battles is banned
|rule|Species Clause: Limit one of each Pokémon
|rule|OHKO Clause: OHKO moves are banned
|rule|Evasion Items Clause: Evasion items are banned
|rule|Evasion Moves Clause: Evasion moves are banned
|rule|Evasion Abilities Clause: Evasion abilities are banned
|rule|Sleep Moves Clause: Sleep-inducing moves are banned
|clearpoke
|poke|p1|Sandslash-Alola, M|
|poke|p1|Ninetales-Alola, F|
|poke|p1|Rotom-Wash|
|poke|p1|Gliscor, M|
|poke|p1|Hitmontop, M|
|poke|p1|Slowking-Galar, M|
|poke|p2|Iron Valiant|
|poke|p2|Excadrill, M|
|poke|p2|Tyranitar, M|
|poke|p2|Toxapex, M|
|poke|p2|Ogerpon-Cornerstone, F|
|poke|p2|Tornadus-Therian, M|
|teampreview
|j| ohko_smeargle
|inactive|Battle timer is ON: inactive players will automatically lose when time's up. (requested by brrbrr1)
|
|t:|1776057965
|teamsize|p1|6
|teamsize|p2|6
|start
|switch|p1a: Ninetales|Ninetales-Alola, F|100/100
|switch|p2a: Tyranitar|Tyranitar, M|100/100
|-weather|Snowscape|[from] ability: Snow Warning|[of] p1a: Ninetales
|-weather|Sandstorm|[from] ability: Sand Stream|[of] p2a: Tyranitar
|turn|1
|
|t:|1776057974
|switch|p1a: Gliscor|Gliscor, M, shiny|100/100
|move|p2a: Tyranitar|Knock Off|p1a: Gliscor
|-crit|p1a: Gliscor
|-damage|p1a: Gliscor|39/100
|-enditem|p1a: Gliscor|Toxic Orb|[from] move: Knock Off|[of] p2a: Tyranitar
|
|-weather|Sandstorm|[upkeep]
|upkeep
|turn|2
|
|t:|1776057982
|move|p1a: Gliscor|Stealth Rock|p2a: Tyranitar
|-sidestart|p2: evergreendaze|move: Stealth Rock
|move|p2a: Tyranitar|Ice Punch|p1a: Gliscor
|-supereffective|p1a: Gliscor
|-damage|p1a: Gliscor|0 fnt
|faint|p1a: Gliscor
|
|-weather|Sandstorm|[upkeep]
|upkeep
|
|t:|1776057987
|switch|p1a: Hitmontop|Hitmontop, M, shiny|100/100
|turn|3
|
|t:|1776057992
|move|p1a: Hitmontop|Mach Punch|p2a: Tyranitar
|-supereffective|p2a: Tyranitar
|-damage|p2a: Tyranitar|0 fnt
|faint|p2a: Tyranitar
|-damage|p1a: Hitmontop|91/100|[from] item: Life Orb
|
|-weather|Sandstorm|[upkeep]
|-damage|p1a: Hitmontop|85/100|[from] Sandstorm
|upkeep
|
|t:|1776058001
|switch|p2a: Iron Valiant|Iron Valiant, shiny|100/100
|-damage|p2a: Iron Valiant|94/100|[from] Stealth Rock
|turn|4
|
|t:|1776058006
|-terastallize|p1a: Hitmontop|Steel
|move|p1a: Hitmontop|Bullet Punch|p2a: Iron Valiant
|-supereffective|p2a: Iron Valiant
|-damage|p2a: Iron Valiant|0 fnt
|faint|p2a: Iron Valiant
|-end|p2a: Iron Valiant|Quark Drive|[silent]
|-damage|p1a: Hitmontop|75/100|[from] item: Life Orb
|
|-weather|Sandstorm|[upkeep]
|upkeep
|c|☆evergreendaze|learning this game is so brutal
|
|t:|1776058031
|switch|p2a: Toxapex|Toxapex, M|100/100
|-damage|p2a: Toxapex|88/100|[from] Stealth Rock
|turn|5
|
|t:|1776058041
|switch|p1a: Ninetales|Ninetales-Alola, F|100/100
|-weather|Snowscape|[from] ability: Snow Warning|[of] p1a: Ninetales
|move|p2a: Toxapex|Toxic Spikes|p1a: Ninetales
|-sidestart|p1: brrbrr1|move: Toxic Spikes
|
|-weather|Snowscape|[upkeep]
|upkeep
|turn|6
|
|t:|1776058048
|move|p1a: Ninetales|Aurora Veil|p1a: Ninetales
|-sidestart|p1: brrbrr1|move: Aurora Veil
|move|p2a: Toxapex|Toxic|p1a: Ninetales
|-status|p1a: Ninetales|tox
|
|-weather|Snowscape|[upkeep]
|-damage|p1a: Ninetales|95/100 tox|[from] psn
|upkeep
|turn|7
|
|t:|1776058055
|switch|p1a: Sandslash|Sandslash-Alola, M|100/100
|switch|p2a: Tornadus|Tornadus-Therian, M|100/100
|-damage|p2a: Tornadus|76/100|[from] Stealth Rock
|
|-weather|Snowscape|[upkeep]
|upkeep
|turn|8
|
|t:|1776058062
|move|p1a: Sandslash|Swords Dance|p1a: Sandslash
|-boost|p1a: Sandslash|atk|2
|move|p2a: Tornadus|Heat Wave|p1a: Sandslash
|-supereffective|p1a: Sandslash
|-damage|p1a: Sandslash|0 fnt
|faint|p1a: Sandslash
|
|-weather|Snowscape|[upkeep]
|upkeep
|
|t:|1776058071
|switch|p1a: Ninetales|Ninetales-Alola, F|95/100 tox
|turn|9
|
|t:|1776058075
|move|p2a: Tornadus|Heat Wave|p1a: Ninetales
|-supereffective|p1a: Ninetales
|-damage|p1a: Ninetales|45/100 tox
|move|p1a: Ninetales|Freeze-Dry|p2a: Tornadus
|-supereffective|p2a: Tornadus
|-damage|p2a: Tornadus|11/100
|
|-weather|Snowscape|[upkeep]
|-damage|p1a: Ninetales|39/100 tox|[from] psn
|upkeep
|turn|10
|
|t:|1776058083
|switch|p1a: Slowking|Slowking-Galar, M, shiny|100/100
|-sideend|p1: brrbrr1|move: Toxic Spikes|[of] p1a: Slowking
|move|p2a: Tornadus|Heat Wave|p1a: Slowking
|-damage|p1a: Slowking|83/100
|
|-weather|Snowscape|[upkeep]
|-heal|p1a: Slowking|90/100|[from] item: Black Sludge
|-sideend|p1: brrbrr1|move: Aurora Veil
|upkeep
|turn|11
|
|t:|1776058094
|switch|p2a: Excadrill|Excadrill, M|100/100
|-damage|p2a: Excadrill|97/100|[from] Stealth Rock
|move|p1a: Slowking|Future Sight|p2a: Excadrill
|-start|p1a: Slowking|move: Future Sight
|
|-weather|Snowscape|[upkeep]
|-heal|p2a: Excadrill|100/100|[from] item: Leftovers
|-heal|p1a: Slowking|96/100|[from] item: Black Sludge
|upkeep
|turn|12
|
|t:|1776058104
|move|p2a: Excadrill|Substitute|p2a: Excadrill
|-start|p2a: Excadrill|Substitute
|-damage|p2a: Excadrill|76/100
|-prepare|p1a: Slowking|Chilly Reception|[premajor]
|move|p1a: Slowking|Chilly Reception|p1a: Slowking
|
|t:|1776058107
|switch|p1a: Rotom|Rotom-Wash|100/100|[from] Chilly Reception
|
|-weather|none
|-heal|p2a: Excadrill|82/100|[from] item: Leftovers
|upkeep
|turn|13
|
|t:|1776058116
|move|p2a: Excadrill|Rock Slide|p1a: Rotom
|-damage|p1a: Rotom|75/100
|move|p1a: Rotom|Hydro Pump|p2a: Excadrill
|-supereffective|p2a: Excadrill
|-end|p2a: Excadrill|Substitute
|
|-end|p2a: Excadrill|move: Future Sight
|-resisted|p2a: Excadrill
|-damage|p2a: Excadrill|49/100
|-heal|p2a: Excadrill|55/100|[from] item: Leftovers
|-heal|p1a: Rotom|82/100|[from] item: Leftovers
|upkeep
|turn|14
|
|t:|1776058131
|switch|p2a: Toxapex|Toxapex, M|100/100
|-damage|p2a: Toxapex|88/100|[from] Stealth Rock
|move|p1a: Rotom|Will-O-Wisp|p2a: Toxapex
|-status|p2a: Toxapex|brn
|
|-heal|p1a: Rotom|88/100|[from] item: Leftovers
|-damage|p2a: Toxapex|82/100 brn|[from] brn
|upkeep
|turn|15
|
|t:|1776058142
|move|p1a: Rotom|Volt Switch|p2a: Toxapex
|-supereffective|p2a: Toxapex
|-damage|p2a: Toxapex|50/100 brn
|-enditem|p2a: Toxapex|Eject Button
|
|t:|1776058149
|switch|p2a: Ogerpon|Ogerpon-Cornerstone, F|100/100
|-damage|p2a: Ogerpon|88/100|[from] Stealth Rock
|
|-heal|p1a: Rotom|94/100|[from] item: Leftovers
|upkeep
|turn|16
|
|t:|1776058160
|switch|p1a: Hitmontop|Hitmontop, M, shiny, tera:Steel|75/100
|move|p2a: Ogerpon|Power Whip|p1a: Hitmontop
|-resisted|p1a: Hitmontop
|-damage|p1a: Hitmontop|26/100
|
|upkeep
|turn|17
|
|t:|1776058177
|switch|p2a: Toxapex|Toxapex, M|83/100 brn
|-damage|p2a: Toxapex|71/100 brn|[from] Stealth Rock
|switch|p1a: Slowking|Slowking-Galar, M, shiny|100/100
|
|-damage|p2a: Toxapex|65/100 brn|[from] brn
|upkeep
|turn|18
|
|t:|1776058186
|move|p2a: Toxapex|Recover|p2a: Toxapex
|-heal|p2a: Toxapex|100/100 brn
|move|p1a: Slowking|Future Sight|p2a: Toxapex
|-start|p1a: Slowking|move: Future Sight
|
|-damage|p2a: Toxapex|95/100 brn|[from] brn
|upkeep
|turn|19
|
|t:|1776058193
|switch|p2a: Excadrill|Excadrill, M|55/100
|-damage|p2a: Excadrill|52/100|[from] Stealth Rock
|-prepare|p1a: Slowking|Chilly Reception|[premajor]
|move|p1a: Slowking|Chilly Reception|p1a: Slowking
|-weather|Snowscape
|
|t:|1776058197
|switch|p1a: Rotom|Rotom-Wash|94/100|[from] Chilly Reception
|
|-weather|Snowscape|[upkeep]
|-heal|p2a: Excadrill|58/100|[from] item: Leftovers
|-heal|p1a: Rotom|100/100|[from] item: Leftovers
|upkeep
|turn|20
|
|t:|1776058208
|move|p2a: Excadrill|Rapid Spin|p1a: Rotom
|-damage|p1a: Rotom|84/100
|-boost|p2a: Excadrill|spe|1
|-sideend|p2: evergreendaze|Stealth Rock|[from] move: Rapid Spin|[of] p2a: Excadrill
|move|p1a: Rotom|Will-O-Wisp|p2a: Excadrill
|-status|p2a: Excadrill|brn
|
|-weather|Snowscape|[upkeep]
|-end|p2a: Excadrill|move: Future Sight
|-resisted|p2a: Excadrill
|-damage|p2a: Excadrill|25/100 brn
|-heal|p2a: Excadrill|31/100 brn|[from] item: Leftovers
|-heal|p1a: Rotom|90/100|[from] item: Leftovers
|-damage|p2a: Excadrill|25/100 brn|[from] brn
|upkeep
|turn|21
|
|t:|1776058229
|switch|p2a: Ogerpon|Ogerpon-Cornerstone, F|88/100
|move|p1a: Rotom|Hydro Pump|p2a: Ogerpon|[miss]
|-miss|p1a: Rotom|p2a: Ogerpon
|
|-weather|Snowscape|[upkeep]
|-heal|p1a: Rotom|96/100|[from] item: Leftovers
|upkeep
|turn|22
|
|t:|1776058240
|-terastallize|p2a: Ogerpon|Rock
|detailschange|p2a: Ogerpon|Ogerpon-Cornerstone-Tera, F, tera:Rock
|-ability|p2a: Ogerpon|Embody Aspect (Cornerstone)|boost
|-boost|p2a: Ogerpon|def|1
|move|p2a: Ogerpon|Ivy Cudgel|p1a: Rotom|[anim] Ivy Cudgel Rock
|-damage|p1a: Rotom|29/100
|move|p1a: Rotom|Will-O-Wisp|p2a: Ogerpon
|-status|p2a: Ogerpon|brn
|
|-weather|Snowscape|[upkeep]
|-heal|p1a: Rotom|35/100|[from] item: Leftovers
|-damage|p2a: Ogerpon|82/100 brn|[from] brn
|upkeep
|turn|23
|
|t:|1776058252
|move|p2a: Ogerpon|Power Whip|p1a: Rotom
|-supereffective|p1a: Rotom
|-damage|p1a: Rotom|0 fnt
|faint|p1a: Rotom
|
|-weather|none
|-damage|p2a: Ogerpon|76/100 brn|[from] brn
|upkeep
|
|t:|1776058258
|switch|p1a: Slowking|Slowking-Galar, M, shiny|100/100
|turn|24
|
|t:|1776058262
|move|p2a: Ogerpon|Knock Off|p1a: Slowking
|-supereffective|p1a: Slowking
|-damage|p1a: Slowking|72/100
|-enditem|p1a: Slowking|Black Sludge|[from] move: Knock Off|[of] p2a: Ogerpon
|move|p1a: Slowking|Future Sight|p2a: Ogerpon
|-start|p1a: Slowking|move: Future Sight
|
|-damage|p2a: Ogerpon|70/100 brn|[from] brn
|upkeep
|turn|25
|
|t:|1776058270
|move|p2a: Ogerpon|Ivy Cudgel|p1a: Slowking|[anim] Ivy Cudgel Rock
|-crit|p1a: Slowking
|-damage|p1a: Slowking|23/100
|-prepare|p1a: Slowking|Chilly Reception|[premajor]
|move|p1a: Slowking|Chilly Reception|p1a: Slowking
|-weather|Snowscape
|
|t:|1776058274
|switch|p1a: Ninetales|Ninetales-Alola, F|39/100 tox|[from] Chilly Reception
|
|-weather|Snowscape|[upkeep]
|-damage|p1a: Ninetales|33/100 tox|[from] psn
|-damage|p2a: Ogerpon|64/100 brn|[from] brn
|upkeep
|turn|26
|
|t:|1776058283
|move|p2a: Ogerpon|Ivy Cudgel|p1a: Ninetales|[anim] Ivy Cudgel Rock
|-supereffective|p1a: Ninetales
|-damage|p1a: Ninetales|0 fnt
|faint|p1a: Ninetales
|
|-weather|Snowscape|[upkeep]
|-end|p2a: Ogerpon|move: Future Sight
|-damage|p2a: Ogerpon|6/100 brn
|-damage|p2a: Ogerpon|0 fnt|[from] brn
|faint|p2a: Ogerpon
|detailschange|p2: Ogerpon|Ogerpon-Cornerstone, F|[silent]
|upkeep
|
|t:|1776058297
|switch|p2a: Toxapex|Toxapex, M|100/100 brn
|switch|p1a: Slowking|Slowking-Galar, M, shiny|56/100
|turn|27
|
|t:|1776058303
|move|p2a: Toxapex|Toxic Spikes|p1a: Slowking
|-sidestart|p1: brrbrr1|move: Toxic Spikes
|move|p1a: Slowking|Future Sight|p2a: Toxapex
|-start|p1a: Slowking|move: Future Sight
|
|-weather|Snowscape|[upkeep]
|-damage|p2a: Toxapex|95/100 brn|[from] brn
|upkeep
|turn|28
|
|t:|1776058310
|move|p2a: Toxapex|Toxic Spikes|p1a: Slowking
|-sidestart|p1: brrbrr1|move: Toxic Spikes
|move|p1a: Slowking|Sludge Bomb|p2a: Toxapex
|-resisted|p2a: Toxapex
|-damage|p2a: Toxapex|82/100 brn
|
|-weather|Snowscape|[upkeep]
|-damage|p2a: Toxapex|76/100 brn|[from] brn
|upkeep
|turn|29
|
|t:|1776058317
|move|p2a: Toxapex|Recover|p2a: Toxapex
|-heal|p2a: Toxapex|100/100 brn
|move|p1a: Slowking|Flamethrower|p2a: Toxapex
|-resisted|p2a: Toxapex
|-damage|p2a: Toxapex|92/100 brn
|
|-weather|none
|-end|p2a: Toxapex|move: Future Sight
|-supereffective|p2a: Toxapex
|-damage|p2a: Toxapex|27/100 brn
|-damage|p2a: Toxapex|21/100 brn|[from] brn
|upkeep
|turn|30
|
|t:|1776058327
|move|p2a: Toxapex|Recover|p2a: Toxapex
|-heal|p2a: Toxapex|71/100 brn
|move|p1a: Slowking|Future Sight|p2a: Toxapex
|-start|p1a: Slowking|move: Future Sight
|
|-damage|p2a: Toxapex|65/100 brn|[from] brn
|upkeep
|turn|31
|
|t:|1776058332
|switch|p2a: Tornadus|Tornadus-Therian, M|44/100
|move|p1a: Slowking|Sludge Bomb|p2a: Tornadus
|-damage|p2a: Tornadus|0 fnt
|faint|p2a: Tornadus
|
|upkeep
|
|t:|1776058339
|switch|p2a: Toxapex|Toxapex, M|98/100 brn
|turn|32
|
|t:|1776058343
|move|p2a: Toxapex|Recover|p2a: Toxapex
|-heal|p2a: Toxapex|100/100 brn
|move|p1a: Slowking|Sludge Bomb|p2a: Toxapex
|-resisted|p2a: Toxapex
|-damage|p2a: Toxapex|88/100 brn
|
|-end|p2a: Toxapex|move: Future Sight
|-supereffective|p2a: Toxapex
|-damage|p2a: Toxapex|19/100 brn
|-damage|p2a: Toxapex|13/100 brn|[from] brn
|upkeep
|turn|33
|
|t:|1776058353
|move|p2a: Toxapex|Recover|p2a: Toxapex
|-heal|p2a: Toxapex|63/100 brn
|move|p1a: Slowking|Future Sight|p2a: Toxapex
|-start|p1a: Slowking|move: Future Sight
|
|-damage|p2a: Toxapex|57/100 brn|[from] brn
|upkeep
|turn|34
|c|☆evergreendaze|man this just sucks
|
|t:|1776058359
|move|p2a: Toxapex|Recover|p2a: Toxapex
|-heal|p2a: Toxapex|100/100 brn
|move|p1a: Slowking|Sludge Bomb|p2a: Toxapex
|-resisted|p2a: Toxapex
|-damage|p2a: Toxapex|89/100 brn
|
|-damage|p2a: Toxapex|83/100 brn|[from] brn
|upkeep
|turn|35
|
|t:|1776058368
|move|p2a: Toxapex|Toxic Spikes||[still]
|-fail|p2a: Toxapex
|move|p1a: Slowking|Sludge Bomb|p2a: Toxapex
|-resisted|p2a: Toxapex
|-damage|p2a: Toxapex|70/100 brn
|
|-end|p2a: Toxapex|move: Future Sight
|-supereffective|p2a: Toxapex
|-damage|p2a: Toxapex|9/100 brn
|-damage|p2a: Toxapex|3/100 brn|[from] brn
|upkeep
|turn|36
|
|t:|1776058377
|move|p2a: Toxapex|Recover|p2a: Toxapex
|-heal|p2a: Toxapex|53/100 brn
|move|p1a: Slowking|Future Sight|p2a: Toxapex
|-start|p1a: Slowking|move: Future Sight
|
|-damage|p2a: Toxapex|47/100 brn|[from] brn
|upkeep
|turn|37
|
|t:|1776058384
|move|p2a: Toxapex|Recover|p2a: Toxapex
|-heal|p2a: Toxapex|97/100 brn
|move|p1a: Slowking|Sludge Bomb|p2a: Toxapex
|-resisted|p2a: Toxapex
|-damage|p2a: Toxapex|84/100 brn
|
|-damage|p2a: Toxapex|78/100 brn|[from] brn
|upkeep
|turn|38
|
|t:|1776058391
|move|p2a: Toxapex|Haze|p2a: Toxapex
|-clearallboost
|move|p1a: Slowking|Sludge Bomb|p2a: Toxapex
|-resisted|p2a: Toxapex
|-damage|p2a: Toxapex|66/100 brn
|
|-end|p2a: Toxapex|move: Future Sight
|-supereffective|p2a: Toxapex
|-damage|p2a: Toxapex|2/100 brn
|-damage|p2a: Toxapex|0 fnt|[from] brn
|faint|p2a: Toxapex
|upkeep
|
|t:|1776058401
|switch|p2a: Excadrill|Excadrill, M|25/100 brn
|turn|39
|
|t:|1776058408
|move|p2a: Excadrill|Earthquake|p1a: Slowking
|-supereffective|p1a: Slowking
|-damage|p1a: Slowking|6/100
|move|p1a: Slowking|Flamethrower|p2a: Excadrill
|-supereffective|p2a: Excadrill
|-damage|p2a: Excadrill|0 fnt
|faint|p2a: Excadrill
|
|win|brrbrr1
|raw|brrbrr1's rating: 1142 &rarr; <strong>1167</strong><br />(+25 for winning)
|raw|evergreendaze's rating: 1139 &rarr; <strong>1114</strong><br />(-25 for losing)
|l| ohko_smeargle
|l|☆brrbrr1
|player|p1|
|l|☆evergreendaze
|player|p2|
