|html|<div class="broadcast-blue"><strong>[Gen 9] OU is currently suspecting Tera Blast! For information on how to participate check out the <a href="https://www.smogon.com/tools/suspects/view/200">suspect thread</a>.</strong></div>
|j|☆Blastoise_Choice
|j|☆lich king's pet
|t:|1776120202
|gametype|singles
|player|p1|Blastoise_Choice|101|1546
|player|p2|lich king's pet|265|1602
|gen|9
|tier|[Gen 9] OU
|rated|
|rule|HP Percentage Mod: HP is shown in percentages
|rule|Endless Battle Clause: Forcing endless battles is banned
|rule|Species Clause: Limit one of each Pokémon
|rule|OHKO Clause: OHKO moves are banned
|rule|Evasion Items Clause: Evasion items are banned
|rule|Evasion Moves Clause: Evasion moves are banned
|rule|Evasion Abilities Clause: Evasion abilities are banned
|rule|Sleep Moves Clause: Sleep-inducing moves are banned
|clearpoke
|poke|p1|Garganacl, M|
|poke|p1|Darkrai|
|poke|p1|Great Tusk|
|poke|p1|Hatterene, F|
|poke|p1|Tornadus-Therian, M|
|poke|p1|Dragonite, M|
|poke|p2|Hydrapple, M|
|poke|p2|Lokix, M|
|poke|p2|Tinkaton, F|
|poke|p2|Ting-Lu|
|poke|p2|Pecharunt|
|poke|p2|Iron Valiant|
|teampreview
|c|☆Blastoise_Choice|hf
|inactive|Battle timer is ON: inactive players will automatically lose when time's up. (requested by Blastoise_Choice)
|
|t:|1776120230
|teamsize|p1|6
|teamsize|p2|6
|start
|switch|p1a: Darkrai|Darkrai|100/100
|switch|p2a: Tinkaton|Tinkaton, F|100/100
|-item|p2a: Tinkaton|Air Balloon
|turn|1
|
|t:|1776120237
|switch|p1a: Hatterene|Hatterene, F|100/100
|move|p2a: Tinkaton|Knock Off|p1a: Hatterene
|-damage|p1a: Hatterene|87/100
|-damage|p2a: Tinkaton|84/100|[from] item: Rocky Helmet|[of] p1a: Hatterene
|-enditem|p1a: Hatterene|Rocky Helmet|[from] move: Knock Off|[of] p2a: Tinkaton
|
|upkeep
|turn|2
|
|t:|1776120245
|move|p2a: Tinkaton|Gigaton Hammer|p1a: Hatterene
|-supereffective|p1a: Hatterene
|-damage|p1a: Hatterene|20/100
|move|p1a: Hatterene|Nuzzle|p2a: Tinkaton
|-damage|p2a: Tinkaton|78/100
|-status|p2a: Tinkaton|par
|-enditem|p2a: Tinkaton|Air Balloon
|
|upkeep
|turn|3
|
|t:|1776120256
|cant|p2a: Tinkaton|par
|move|p1a: Hatterene|Pain Split|p2a: Tinkaton
|-sethp|p2a: Tinkaton|48/100 par|[from] move: Pain Split|[silent]
|-sethp|p1a: Hatterene|56/100|[from] move: Pain Split
|
|upkeep
|turn|4
|
|t:|1776120262
|switch|p1a: Great Tusk|Great Tusk|100/100
|-enditem|p1a: Great Tusk|Booster Energy
|-activate|p1a: Great Tusk|ability: Protosynthesis|[fromitem]
|-start|p1a: Great Tusk|protosynthesisatk
|move|p2a: Tinkaton|Stealth Rock|p1a: Great Tusk
|-sidestart|p1: Blastoise_Choice|move: Stealth Rock
|
|upkeep
|turn|5
|
|t:|1776120272
|switch|p2a: Pecharunt|Pecharunt|100/100
|move|p1a: Great Tusk|Headlong Rush|p2a: Pecharunt
|-supereffective|p2a: Pecharunt
|-damage|p2a: Pecharunt|0 fnt
|-unboost|p1a: Great Tusk|def|1
|-unboost|p1a: Great Tusk|spd|1
|faint|p2a: Pecharunt
|
|upkeep
|
|t:|1776120275
|switch|p2a: Iron Valiant|Iron Valiant|100/100
|-enditem|p2a: Iron Valiant|Booster Energy
|-activate|p2a: Iron Valiant|ability: Quark Drive|[fromitem]
|-start|p2a: Iron Valiant|quarkdrivespe
|turn|6
|
|t:|1776120281
|move|p2a: Iron Valiant|Moonblast|p1a: Great Tusk
|-supereffective|p1a: Great Tusk
|-damage|p1a: Great Tusk|0 fnt
|faint|p1a: Great Tusk
|-end|p1a: Great Tusk|Protosynthesis|[silent]
|
|upkeep
|
|t:|1776120288
|switch|p1a: Tornadus|Tornadus-Therian, M, shiny|100/100
|-damage|p1a: Tornadus|76/100|[from] Stealth Rock
|turn|7
|
|t:|1776120307
|-end|p2a: Iron Valiant|Quark Drive|[silent]
|switch|p2a: Tinkaton|Tinkaton, F|48/100 par
|move|p1a: Tornadus|Bleakwind Storm|p2a: Tinkaton
|-resisted|p2a: Tinkaton
|-damage|p2a: Tinkaton|32/100 par
|
|upkeep
|turn|8
|
|t:|1776120313
|switch|p2a: Ting-Lu|Ting-Lu|100/100
|-ability|p2a: Ting-Lu|Vessel of Ruin
|move|p1a: Tornadus|Heat Wave|p2a: Ting-Lu
|-crit|p2a: Ting-Lu
|-damage|p2a: Ting-Lu|85/100
|
|-heal|p2a: Ting-Lu|92/100|[from] item: Leftovers
|upkeep
|turn|9
|
|t:|1776120320
|move|p1a: Tornadus|Knock Off|p2a: Ting-Lu
|-resisted|p2a: Ting-Lu
|-damage|p2a: Ting-Lu|86/100
|-enditem|p2a: Ting-Lu|Leftovers|[from] move: Knock Off|[of] p1a: Tornadus
|move|p2a: Ting-Lu|Ruination|p1a: Tornadus
|-damage|p1a: Tornadus|38/100
|
|upkeep
|turn|10
|
|t:|1776120328
|move|p1a: Tornadus|Bleakwind Storm|p2a: Ting-Lu
|-damage|p2a: Ting-Lu|72/100
|move|p2a: Ting-Lu|Heavy Slam|p1a: Tornadus
|-damage|p1a: Tornadus|5/100
|
|upkeep
|turn|11
|
|t:|1776120336
|switch|p2a: Tinkaton|Tinkaton, F|32/100 par
|move|p1a: Tornadus|U-turn|p2a: Tinkaton
|-resisted|p2a: Tinkaton
|-damage|p2a: Tinkaton|28/100 par
|-enditem|p1a: Tornadus|Assault Vest|[silent]|[from] ability: Pickpocket|[of] p1a: Tornadus
|-item|p2a: Tinkaton|Assault Vest|[from] ability: Pickpocket|[of] p1a: Tornadus
|
|t:|1776120340
|switch|p1a: Dragonite|Dragonite, M|100/100|[from] U-turn
|-damage|p1a: Dragonite|76/100|[from] Stealth Rock
|
|upkeep
|turn|12
|
|t:|1776120345
|switch|p2a: Iron Valiant|Iron Valiant|100/100
|move|p1a: Dragonite|Roost|p1a: Dragonite
|-heal|p1a: Dragonite|100/100
|-singleturn|p1a: Dragonite|move: Roost
|
|upkeep
|turn|13
|
|t:|1776120351
|move|p2a: Iron Valiant|Encore|p1a: Dragonite
|-start|p1a: Dragonite|Encore
|move|p1a: Dragonite|Roost||[still]
|-fail|p1a: Dragonite|heal
|
|upkeep
|turn|14
|
|t:|1776120368
|move|p2a: Iron Valiant|Moonblast|p1a: Dragonite
|-supereffective|p1a: Dragonite
|-damage|p1a: Dragonite|56/100
|-unboost|p1a: Dragonite|spa|1
|move|p1a: Dragonite|Roost|p1a: Dragonite
|-heal|p1a: Dragonite|100/100
|-singleturn|p1a: Dragonite|move: Roost
|
|upkeep
|turn|15
|
|t:|1776120375
|move|p2a: Iron Valiant|Moonblast|p1a: Dragonite
|-supereffective|p1a: Dragonite
|-crit|p1a: Dragonite
|-damage|p1a: Dragonite|28/100
|move|p1a: Dragonite|Roost|p1a: Dragonite
|-heal|p1a: Dragonite|78/100
|-singleturn|p1a: Dragonite|move: Roost
|
|-end|p1a: Dragonite|Encore
|upkeep
|turn|16
|j| Isabel Schmitt
|l| Isabel Schmitt
|
|t:|1776120398
|-terastallize|p1a: Dragonite|Normal
|move|p1a: Dragonite|Extreme Speed|p2a: Iron Valiant
|-damage|p2a: Iron Valiant|30/100
|move|p2a: Iron Valiant|Moonblast|p1a: Dragonite
|-damage|p1a: Dragonite|33/100
|
|upkeep
|turn|17
|
|t:|1776120411
|-terastallize|p2a: Iron Valiant|Ghost
|move|p1a: Dragonite|Extreme Speed|p2a: Iron Valiant
|-immune|p2a: Iron Valiant
|move|p2a: Iron Valiant|Moonblast|p1a: Dragonite
|-damage|p1a: Dragonite|0 fnt
|faint|p1a: Dragonite
|
|upkeep
|
|t:|1776120418
|switch|p1a: Tornadus|Tornadus-Therian, M, shiny|38/100
|-damage|p1a: Tornadus|13/100|[from] Stealth Rock
|turn|18
|
|t:|1776120430
|-end|p2a: Iron Valiant|Quark Drive|[silent]
|switch|p2a: Tinkaton|Tinkaton, F|28/100 par
|move|p1a: Tornadus|U-turn|p2a: Tinkaton
|-resisted|p2a: Tinkaton
|-damage|p2a: Tinkaton|24/100 par
|
|t:|1776120434
|switch|p1a: Garganacl|Garganacl, M|100/100|[from] U-turn
|-damage|p1a: Garganacl|88/100|[from] Stealth Rock
|
|-heal|p1a: Garganacl|94/100|[from] item: Leftovers
|upkeep
|turn|19
|
|t:|1776120441
|move|p2a: Tinkaton|Knock Off|p1a: Garganacl
|-damage|p1a: Garganacl|83/100
|-enditem|p1a: Garganacl|Leftovers|[from] move: Knock Off|[of] p2a: Tinkaton
|move|p1a: Garganacl|Stealth Rock|p2a: Tinkaton
|-sidestart|p2: lich king's pet|move: Stealth Rock
|
|upkeep
|turn|20
|
|t:|1776120445
|move|p1a: Garganacl|Protect|p1a: Garganacl
|-singleturn|p1a: Garganacl|Protect
|move|p2a: Tinkaton|Gigaton Hammer|p1a: Garganacl
|-activate|p1a: Garganacl|move: Protect
|
|upkeep
|turn|21
|
|t:|1776120449
|cant|p2a: Tinkaton|par
|move|p1a: Garganacl|Salt Cure|p2a: Tinkaton
|-resisted|p2a: Tinkaton
|-damage|p2a: Tinkaton|16/100 par
|-start|p2a: Tinkaton|Salt Cure
|
|-damage|p2a: Tinkaton|0 fnt|[from] Salt Cure
|faint|p2a: Tinkaton
|upkeep
|
|t:|1776120450
|switch|p2a: Hydrapple|Hydrapple, M|100/100
|turn|22
|
|t:|1776120457
|switch|p1a: Tornadus|Tornadus-Therian, M, shiny|46/100
|-damage|p1a: Tornadus|21/100|[from] Stealth Rock
|move|p2a: Hydrapple|Nasty Plot|p2a: Hydrapple
|-boost|p2a: Hydrapple|spa|2
|
|upkeep
|turn|23
|
|t:|1776120476
|move|p1a: Tornadus|Bleakwind Storm|p2a: Hydrapple
|-supereffective|p2a: Hydrapple
|-damage|p2a: Hydrapple|23/100
|-unboost|p2a: Hydrapple|spe|1
|move|p2a: Hydrapple|Giga Drain|p1a: Tornadus
|-resisted|p1a: Tornadus
|-damage|p1a: Tornadus|0 fnt
|-heal|p2a: Hydrapple|32/100|[from] drain|[of] p1a: Tornadus
|faint|p1a: Tornadus
|
|upkeep
|
|t:|1776120486
|switch|p1a: Darkrai|Darkrai|100/100
|-damage|p1a: Darkrai|88/100|[from] Stealth Rock
|turn|24
|
|t:|1776120506
|switch|p1a: Garganacl|Garganacl, M|83/100
|-damage|p1a: Garganacl|71/100|[from] Stealth Rock
|switch|p2a: Ting-Lu|Ting-Lu|72/100
|-damage|p2a: Ting-Lu|66/100|[from] Stealth Rock
|-ability|p2a: Ting-Lu|Vessel of Ruin
|
|upkeep
|turn|25
|
|t:|1776120513
|move|p2a: Ting-Lu|Spikes|p1a: Garganacl
|-sidestart|p1: Blastoise_Choice|Spikes
|move|p1a: Garganacl|Recover|p1a: Garganacl
|-heal|p1a: Garganacl|100/100
|
|upkeep
|turn|26
|
|t:|1776120517
|move|p2a: Ting-Lu|Ruination|p1a: Garganacl
|-damage|p1a: Garganacl|50/100
|move|p1a: Garganacl|Salt Cure|p2a: Ting-Lu
|-resisted|p2a: Ting-Lu
|-damage|p2a: Ting-Lu|62/100
|-start|p2a: Ting-Lu|Salt Cure
|
|-damage|p2a: Ting-Lu|49/100|[from] Salt Cure
|upkeep
|turn|27
|
|t:|1776120521
|switch|p2a: Iron Valiant|Iron Valiant, tera:Ghost|30/100
|-damage|p2a: Iron Valiant|18/100|[from] Stealth Rock
|move|p1a: Garganacl|Protect||[still]
|-fail|p1a: Garganacl
|
|upkeep
|turn|28
|
|t:|1776120528
|move|p1a: Garganacl|Protect|p1a: Garganacl
|-singleturn|p1a: Garganacl|Protect
|move|p2a: Iron Valiant|Close Combat|p1a: Garganacl
|-activate|p1a: Garganacl|move: Protect
|
|upkeep
|turn|29
|
|t:|1776120531
|switch|p1a: Hatterene|Hatterene, F|56/100
|-damage|p1a: Hatterene|44/100|[from] Stealth Rock
|-damage|p1a: Hatterene|32/100|[from] Spikes
|move|p2a: Iron Valiant|Close Combat|p1a: Hatterene
|-resisted|p1a: Hatterene
|-damage|p1a: Hatterene|22/100
|-unboost|p2a: Iron Valiant|def|1
|-unboost|p2a: Iron Valiant|spd|1
|
|upkeep
|turn|30
|
|t:|1776120535
|move|p2a: Iron Valiant|Moonblast|p1a: Hatterene
|-damage|p1a: Hatterene|0 fnt
|faint|p1a: Hatterene
|
|upkeep
|
|t:|1776120539
|switch|p1a: Darkrai|Darkrai|88/100
|-damage|p1a: Darkrai|76/100|[from] Stealth Rock
|-damage|p1a: Darkrai|63/100|[from] Spikes
|turn|31
|
|t:|1776120542
|move|p1a: Darkrai|Dark Pulse|p2a: Iron Valiant
|-supereffective|p2a: Iron Valiant
|-damage|p2a: Iron Valiant|0 fnt
|faint|p2a: Iron Valiant
|-end|p2a: Iron Valiant|Quark Drive|[silent]
|
|upkeep
|
|t:|1776120544
|switch|p2a: Lokix|Lokix, M|100/100
|turn|32
|
|t:|1776120550
|move|p2a: Lokix|First Impression|p1a: Darkrai
|-supereffective|p1a: Darkrai
|-damage|p1a: Darkrai|0 fnt
|faint|p1a: Darkrai
|
|upkeep
|
|t:|1776120557
|switch|p1a: Garganacl|Garganacl, M|50/100
|-damage|p1a: Garganacl|38/100|[from] Stealth Rock
|-damage|p1a: Garganacl|26/100|[from] Spikes
|turn|33
|
|t:|1776120563
|move|p1a: Garganacl|Protect|p1a: Garganacl
|-singleturn|p1a: Garganacl|Protect
|move|p2a: Lokix|U-turn|p1a: Garganacl
|-activate|p1a: Garganacl|move: Protect
|
|upkeep
|turn|34
|c|☆lich king's pet|gg
|
|t:|1776120569
|move|p2a: Lokix|U-turn|p1a: Garganacl
|-damage|p1a: Garganacl|5/100
|
|t:|1776120573
|switch|p2a: Hydrapple|Hydrapple, M|65/100|[from] U-turn
|move|p1a: Garganacl|Recover|p1a: Garganacl
|-heal|p1a: Garganacl|55/100
|
|upkeep
|turn|35
|
|t:|1776120579
|move|p2a: Hydrapple|Giga Drain|p1a: Garganacl
|-supereffective|p1a: Garganacl
|-damage|p1a: Garganacl|8/100
|-heal|p2a: Hydrapple|88/100|[from] drain|[of] p1a: Garganacl
|move|p1a: Garganacl|Recover|p1a: Garganacl
|-heal|p1a: Garganacl|58/100
|
|upkeep
|turn|36
|
|t:|1776120586
|move|p2a: Hydrapple|Nasty Plot|p2a: Hydrapple
|-boost|p2a: Hydrapple|spa|2
|move|p1a: Garganacl|Recover|p1a: Garganacl
|-heal|p1a: Garganacl|100/100
|
|upkeep
|turn|37
|
|t:|1776120592
|move|p2a: Hydrapple|Giga Drain|p1a: Garganacl
|-supereffective|p1a: Garganacl
|-damage|p1a: Garganacl|6/100
|-heal|p2a: Hydrapple|100/100|[from] drain|[of] p1a: Garganacl
|move|p1a: Garganacl|Recover|p1a: Garganacl
|-heal|p1a: Garganacl|56/100
|
|upkeep
|turn|38
|
|t:|1776120599
|move|p1a: Garganacl|Protect|p1a: Garganacl
|-singleturn|p1a: Garganacl|Protect
|move|p2a: Hydrapple|Giga Drain|p1a: Garganacl
|-activate|p1a: Garganacl|move: Protect
|
|upkeep
|turn|39
|
|t:|1776120605
|move|p2a: Hydrapple|Giga Drain|p1a: Garganacl
|-supereffective|p1a: Garganacl
|-damage|p1a: Garganacl|0 fnt
|faint|p1a: Garganacl
|
|win|lich king's pet
|raw|Blastoise_Choice's rating: 1546 &rarr; <strong>1528</strong><br />(-18 for losing)
|raw|lich king&apos;s pet's rating: 1579 &rarr; <strong>1597</strong><br />(+18 for winning)
|c|☆Blastoise_Choice|gg
