|html|<div class="broadcast-blue"><strong>[Gen 9] OU is currently suspecting Tera Blast! For information on how to participate check out the <a href="https://www.smogon.com/tools/suspects/view/200">suspect thread</a>.</strong></div>
|j|☆rampo836
|j|☆Zonoah SSJ
|t:|1776099554
|gametype|singles
|player|p1|rampo836|brawly|1149
|player|p2|Zonoah SSJ|akari|1163
|gen|9
|tier|[Gen 9] OU
|rated|
|rule|HP Percentage Mod: HP is shown in percentages
|rule|Endless Battle Clause: Forcing endless battles is banned
|rule|Species Clause: Limit one of each Pokémon
|rule|OHKO Clause: OHKO moves are banned
|rule|Evasion Items Clause: Evasion items are banned
|rule|Evasion Moves Clause: Evasion moves are banned
|rule|Evasion Abilities Clause: Evasion abilities are banned
|rule|Sleep Moves Clause: Sleep-inducing moves are banned
|clearpoke
|poke|p1|Masquerain, F|
|poke|p1|Blaziken, M|
|poke|p1|Ogerpon-Wellspring, F|
|poke|p1|Malamar, M|
|poke|p1|Latias, F|
|poke|p1|Great Tusk|
|poke|p2|Ribombee, M|
|poke|p2|Darkrai|
|poke|p2|Ogerpon-Wellspring, F|
|poke|p2|Arcanine-Hisui, M|
|poke|p2|Meowscarada, M|
|poke|p2|Gliscor, M|
|teampreview
|inactive|Battle timer is ON: inactive players will automatically lose when time's up. (requested by rampo836)
|
|t:|1776099559
|teamsize|p1|6
|teamsize|p2|6
|start
|switch|p1a: Masquerain|Masquerain, F|100/100
|switch|p2a: Mouskito|Ribombee, M|100/100
|-ability|p1a: Masquerain|Intimidate|boost
|-unboost|p2a: Mouskito|atk|1
|turn|1
|
|t:|1776099570
|move|p2a: Mouskito|Sticky Web|p1a: Masquerain
|-sidestart|p1: rampo836|move: Sticky Web
|move|p1a: Masquerain|Quiver Dance|p1a: Masquerain
|-boost|p1a: Masquerain|spa|1
|-boost|p1a: Masquerain|spd|1
|-boost|p1a: Masquerain|spe|1
|
|upkeep
|turn|2
|
|t:|1776099576
|move|p1a: Masquerain|Ice Beam|p2a: Mouskito
|-damage|p2a: Mouskito|28/100
|move|p2a: Mouskito|Stun Spore|p1a: Masquerain|[miss]
|-miss|p2a: Mouskito|p1a: Masquerain
|
|upkeep
|turn|3
|
|t:|1776099582
|move|p1a: Masquerain|Ice Beam|p2a: Mouskito
|-damage|p2a: Mouskito|0 fnt
|faint|p2a: Mouskito
|
|upkeep
|
|t:|1776099590
|switch|p2a: Freeze Corleone|Arcanine-Hisui, M, shiny|100/100
|turn|4
|
|t:|1776099593
|move|p1a: Masquerain|Shadow Ball|p2a: Freeze Corleone
|-damage|p2a: Freeze Corleone|53/100
|-unboost|p2a: Freeze Corleone|spd|1
|move|p2a: Freeze Corleone|Head Smash|p1a: Masquerain
|-supereffective|p1a: Masquerain
|-enditem|p1a: Masquerain|Focus Sash
|-damage|p1a: Masquerain|1/100
|
|upkeep
|turn|5
|
|t:|1776099601
|move|p2a: Freeze Corleone|Extreme Speed|p1a: Masquerain
|-damage|p1a: Masquerain|0 fnt
|faint|p1a: Masquerain
|
|upkeep
|
|t:|1776099607
|switch|p1a: Malamar|Malamar, M|100/100
|-activate|p1a: Malamar|move: Sticky Web
|-boost|p1a: Malamar|spe|1
|turn|6
|
|t:|1776099618
|switch|p2a: Batman|Gliscor, M|100/100
|move|p1a: Malamar|Superpower|p2a: Batman
|-resisted|p2a: Batman
|-damage|p2a: Batman|86/100
|-boost|p1a: Malamar|atk|1
|-boost|p1a: Malamar|def|1
|
|-status|p2a: Batman|tox|[from] item: Toxic Orb
|upkeep
|turn|7
|
|t:|1776099633
|move|p1a: Malamar|Knock Off|p2a: Batman
|-damage|p2a: Batman|26/100 tox
|-enditem|p2a: Batman|Toxic Orb|[from] move: Knock Off|[of] p1a: Malamar
|move|p2a: Batman|Earthquake|p1a: Malamar
|-damage|p1a: Malamar|76/100
|
|-heal|p1a: Malamar|82/100|[from] item: Leftovers
|-heal|p2a: Batman|39/100 tox|[from] ability: Poison Heal
|upkeep
|turn|8
|
|t:|1776099643
|move|p2a: Batman|Protect|p2a: Batman
|-singleturn|p2a: Batman|Protect
|move|p1a: Malamar|Superpower|p2a: Batman
|-activate|p2a: Batman|move: Protect
|
|-heal|p1a: Malamar|88/100|[from] item: Leftovers
|-heal|p2a: Batman|51/100 tox|[from] ability: Poison Heal
|upkeep
|turn|9
|
|t:|1776099652
|move|p1a: Malamar|Superpower|p2a: Batman
|-resisted|p2a: Batman
|-damage|p2a: Batman|27/100 tox
|-boost|p1a: Malamar|atk|1
|-boost|p1a: Malamar|def|1
|move|p2a: Batman|Earthquake|p1a: Malamar
|-damage|p1a: Malamar|67/100
|
|-heal|p1a: Malamar|73/100|[from] item: Leftovers
|-heal|p2a: Batman|40/100 tox|[from] ability: Poison Heal
|upkeep
|turn|10
|
|t:|1776099662
|move|p1a: Malamar|Superpower|p2a: Batman
|-resisted|p2a: Batman
|-damage|p2a: Batman|7/100 tox
|-boost|p1a: Malamar|atk|1
|-boost|p1a: Malamar|def|1
|move|p2a: Batman|Earthquake|p1a: Malamar
|-damage|p1a: Malamar|57/100
|
|-heal|p1a: Malamar|63/100|[from] item: Leftovers
|-heal|p2a: Batman|20/100 tox|[from] ability: Poison Heal
|upkeep
|turn|11
|
|t:|1776099671
|move|p1a: Malamar|Psycho Cut|p2a: Batman
|-crit|p2a: Batman
|-damage|p2a: Batman|0 fnt
|faint|p2a: Batman
|
|-heal|p1a: Malamar|69/100|[from] item: Leftovers
|upkeep
|
|t:|1776099677
|switch|p2a: Darkrai|Darkrai, shiny|100/100
|turn|12
|
|t:|1776099683
|-terastallize|p2a: Darkrai|Poison
|move|p2a: Darkrai|Ice Beam|p1a: Malamar
|-damage|p1a: Malamar|11/100
|move|p1a: Malamar|Superpower|p2a: Darkrai
|-resisted|p2a: Darkrai
|-damage|p2a: Darkrai|52/100
|-boost|p1a: Malamar|atk|1
|-boost|p1a: Malamar|def|1
|
|-heal|p1a: Malamar|17/100|[from] item: Leftovers
|upkeep
|turn|13
|
|t:|1776099692
|move|p2a: Darkrai|Ice Beam|p1a: Malamar
|-damage|p1a: Malamar|0 fnt
|faint|p1a: Malamar
|
|upkeep
|
|t:|1776099697
|switch|p1a: Great Tusk|Great Tusk|100/100
|-activate|p1a: Great Tusk|move: Sticky Web
|-unboost|p1a: Great Tusk|spe|1
|-enditem|p1a: Great Tusk|Booster Energy
|-activate|p1a: Great Tusk|ability: Protosynthesis|[fromitem]
|-start|p1a: Great Tusk|protosynthesisatk
|turn|14
|
|t:|1776099702
|move|p2a: Darkrai|Ice Beam|p1a: Great Tusk
|-supereffective|p1a: Great Tusk
|-crit|p1a: Great Tusk
|-damage|p1a: Great Tusk|0 fnt
|faint|p1a: Great Tusk
|-end|p1a: Great Tusk|Protosynthesis|[silent]
|
|upkeep
|
|t:|1776099712
|switch|p1a: Latias|Latias, F|100/100
|turn|15
|
|t:|1776099717
|move|p2a: Darkrai|Ice Beam|p1a: Latias
|-supereffective|p1a: Latias
|-damage|p1a: Latias|12/100
|move|p1a: Latias|Mist Ball|p2a: Darkrai
|-supereffective|p2a: Darkrai
|-damage|p2a: Darkrai|0 fnt
|faint|p2a: Darkrai
|
|upkeep
|
|t:|1776099728
|switch|p2a: Ogerpon|Ogerpon-Wellspring, F|100/100
|turn|16
|
|t:|1776099731
|move|p1a: Latias|Mist Ball|p2a: Ogerpon
|-damage|p2a: Ogerpon|37/100
|move|p2a: Ogerpon|Trailblaze|p1a: Latias
|-resisted|p1a: Latias
|-damage|p1a: Latias|0 fnt
|-boost|p2a: Ogerpon|spe|1
|faint|p1a: Latias
|
|upkeep
|
|t:|1776099740
|switch|p1a: Blaziken|Blaziken, M|100/100
|-activate|p1a: Blaziken|move: Sticky Web
|-unboost|p1a: Blaziken|spe|1
|turn|17
|
|t:|1776099745
|move|p2a: Ogerpon|Ivy Cudgel|p1a: Blaziken|[anim] Ivy Cudgel Water
|-supereffective|p1a: Blaziken
|-crit|p1a: Blaziken
|-damage|p1a: Blaziken|0 fnt
|faint|p1a: Blaziken
|
|upkeep
|
|t:|1776099748
|switch|p1a: Ogerpon|Ogerpon-Wellspring, F|100/100
|-activate|p1a: Ogerpon|move: Sticky Web
|-unboost|p1a: Ogerpon|spe|1
|turn|18
|
|t:|1776099755
|move|p2a: Ogerpon|Play Rough|p1a: Ogerpon
|-damage|p1a: Ogerpon|47/100
|move|p1a: Ogerpon|Horn Leech|p2a: Ogerpon
|-damage|p2a: Ogerpon|0 fnt
|-heal|p1a: Ogerpon|66/100|[from] drain|[of] p2a: Ogerpon
|faint|p2a: Ogerpon
|
|upkeep
|
|t:|1776099764
|switch|p2a: Nyah~|Meowscarada, M|100/100
|turn|19
|
|t:|1776099768
|move|p1a: Ogerpon|Spiky Shield|p1a: Ogerpon
|-singleturn|p1a: Ogerpon|move: Protect
|move|p2a: Nyah~|Flower Trick|p1a: Ogerpon
|-start|p2a: Nyah~|typechange|Grass|[from] ability: Protean
|-activate|p1a: Ogerpon|move: Protect
|
|upkeep
|turn|20
|
|t:|1776099779
|move|p2a: Nyah~|U-turn|p1a: Ogerpon
|-supereffective|p1a: Ogerpon
|-damage|p1a: Ogerpon|13/100
|
|t:|1776099782
|switch|p2a: Freeze Corleone|Arcanine-Hisui, M, shiny|53/100|[from] U-turn
|move|p1a: Ogerpon|Ivy Cudgel|p2a: Freeze Corleone|[anim] Ivy Cudgel Water
|-supereffective|p2a: Freeze Corleone
|-crit|p2a: Freeze Corleone
|-damage|p2a: Freeze Corleone|0 fnt
|faint|p2a: Freeze Corleone
|
|upkeep
|
|t:|1776099789
|switch|p2a: Nyah~|Meowscarada, M|100/100
|turn|21
|
|t:|1776099794
|move|p1a: Ogerpon|Spiky Shield|p1a: Ogerpon
|-singleturn|p1a: Ogerpon|move: Protect
|move|p2a: Nyah~|Flower Trick|p1a: Ogerpon
|-start|p2a: Nyah~|typechange|Grass|[from] ability: Protean
|-activate|p1a: Ogerpon|move: Protect
|
|upkeep
|turn|22
|
|t:|1776099801
|move|p2a: Nyah~|U-turn|p1a: Ogerpon
|-supereffective|p1a: Ogerpon
|-damage|p1a: Ogerpon|0 fnt
|faint|p1a: Ogerpon
|
|win|Zonoah SSJ
|raw|rampo836's rating: 1149 &rarr; <strong>1125</strong><br />(-24 for losing)
|raw|Zonoah SSJ's rating: 1163 &rarr; <strong>1187</strong><br />(+24 for winning)
|l|☆rampo836
|player|p1|
