|html|<div class="broadcast-blue"><strong>[Gen 9] OU is currently suspecting Tera Blast! For information on how to participate check out the <a href="https://www.smogon.com/tools/suspects/view/200">suspect thread</a>.</strong></div>
|j|☆wizardrex
|j|☆noktal3217
|t:|1776203705
|gametype|singles
|player|p1|wizardrex|170|1352
|player|p2|noktal3217|169|1342
|gen|9
|tier|[Gen 9] OU
|rated|
|rule|HP Percentage Mod: HP is shown in percentages
|rule|Endless Battle Clause: Forcing endless battles is banned
|rule|Species Clause: Limit one of each Pokémon
|rule|OHKO Clause: OHKO moves are banned
|rule|Evasion Items Clause: Evasion items are banned
|rule|Evasion Moves Clause: Evasion moves are banned
|rule|Evasion Abilities Clause: Evasion abilities are banned
|rule|Sleep Moves Clause: Sleep-inducing moves are banned
|clearpoke
|poke|p1|Indeedee, M|
|poke|p1|Hatterene, F|
|poke|p1|Hawlucha, M|
|poke|p1|Hoopa-Unbound|
|poke|p1|Armarouge, M|
|poke|p1|Maushold|
|poke|p2|Gliscor, F|
|poke|p2|Gholdengo|
|poke|p2|Great Tusk|
|poke|p2|Raging Bolt|
|poke|p2|Iron Valiant|
|poke|p2|Kingambit, F|
|teampreview
|
|t:|1776203721
|teamsize|p1|6
|teamsize|p2|6
|start
|switch|p1a: Indeedee|Indeedee, M|100/100
|switch|p2a: Gliscor|Gliscor, F|100/100
|-fieldstart|move: Psychic Terrain|[from] ability: Psychic Surge|[of] p1a: Indeedee
|turn|1
|inactive|Battle timer is ON: inactive players will automatically lose when time's up. (requested by noktal3217)
|
|t:|1776203758
|switch|p1a: Hatterene|Hatterene, F|100/100
|move|p2a: Gliscor|Spikes|p1a: Hatterene
|move|p1a: Hatterene|Spikes|p2a: Gliscor|[from] ability: Magic Bounce
|-sidestart|p2: noktal3217|Spikes
|
|-status|p2a: Gliscor|tox|[from] item: Toxic Orb
|upkeep
|turn|2
|
|t:|1776203782
|switch|p2a: Gholdengo|Gholdengo|100/100
|-item|p2a: Gholdengo|Air Balloon
|move|p1a: Hatterene|Dazzling Gleam|p2a: Gholdengo
|-resisted|p2a: Gholdengo
|-damage|p2a: Gholdengo|81/100
|-enditem|p2a: Gholdengo|Air Balloon
|
|upkeep
|turn|3
|
|t:|1776203800
|move|p2a: Gholdengo|Make It Rain|p1a: Hatterene
|-supereffective|p1a: Hatterene
|-damage|p1a: Hatterene|0 fnt
|-unboost|p2a: Gholdengo|spa|1
|faint|p1a: Hatterene
|
|upkeep
|inactive|wizardrex has 120 seconds left.
|
|t:|1776203831
|switch|p1a: Armarouge|Armarouge, M|100/100
|turn|4
|inactive|noktal3217 has 120 seconds left.
|
|t:|1776203872
|switch|p2a: Raging Bolt|Raging Bolt|100/100
|-damage|p2a: Raging Bolt|88/100|[from] Spikes
|-enditem|p2a: Raging Bolt|Booster Energy
|-activate|p2a: Raging Bolt|ability: Protosynthesis|[fromitem]
|-start|p2a: Raging Bolt|protosynthesisspa
|move|p1a: Armarouge|Armor Cannon|p2a: Raging Bolt
|-resisted|p2a: Raging Bolt
|-crit|p2a: Raging Bolt
|-damage|p2a: Raging Bolt|38/100
|-unboost|p1a: Armarouge|def|1
|-unboost|p1a: Armarouge|spd|1
|
|upkeep
|turn|5
|
|t:|1776203888
|move|p1a: Armarouge|Expanding Force|p2a: Raging Bolt
|-damage|p2a: Raging Bolt|0 fnt
|faint|p2a: Raging Bolt
|-end|p2a: Raging Bolt|Protosynthesis|[silent]
|
|upkeep
|
|t:|1776203892
|switch|p2a: Great Tusk|Great Tusk|100/100
|turn|6
|inactive|noktal3217 has 90 seconds left.
|
|t:|1776203916
|move|p2a: Great Tusk|Knock Off|p1a: Armarouge
|-supereffective|p1a: Armarouge
|-enditem|p1a: Armarouge|Focus Sash
|-damage|p1a: Armarouge|1/100
|-ability|p1a: Armarouge|Weak Armor|boost
|-unboost|p1a: Armarouge|def|1
|-boost|p1a: Armarouge|spe|2
|move|p1a: Armarouge|Expanding Force|p2a: Great Tusk
|-supereffective|p2a: Great Tusk
|-damage|p2a: Great Tusk|0 fnt
|faint|p2a: Great Tusk
|-end|p2a: Great Tusk|Protosynthesis|[silent]
|
|upkeep
|inactive|noktal3217 has 90 seconds left.
|
|t:|1776203929
|switch|p2a: Gliscor|Gliscor, F|100/100 tox
|turn|7
|inactive|noktal3217 has 90 seconds left.
|
|t:|1776203937
|move|p1a: Armarouge|Armor Cannon|p2a: Gliscor
|-damage|p2a: Gliscor|24/100 tox
|-unboost|p1a: Armarouge|def|1
|-unboost|p1a: Armarouge|spd|1
|move|p2a: Gliscor|Earthquake|p1a: Armarouge
|-supereffective|p1a: Armarouge
|-damage|p1a: Armarouge|0 fnt
|faint|p1a: Armarouge
|
|-heal|p2a: Gliscor|37/100 tox|[from] ability: Poison Heal
|upkeep
|
|t:|1776203948
|switch|p1a: Maushold|Maushold|100/100
|turn|8
|
|t:|1776203956
|move|p2a: Gliscor|Protect|p2a: Gliscor
|-singleturn|p2a: Gliscor|Protect
|move|p1a: Maushold|Tidy Up|p1a: Maushold
|-sideend|p2: noktal3217|Spikes
|-activate|p1a: Maushold|move: Tidy Up
|-boost|p1a: Maushold|atk|1
|-boost|p1a: Maushold|spe|1
|
|-heal|p2a: Gliscor|49/100 tox|[from] ability: Poison Heal
|-fieldend|move: Psychic Terrain
|upkeep
|turn|9
|inactive|noktal3217 has 90 seconds left.
|
|t:|1776203994
|move|p1a: Maushold|Encore|p2a: Gliscor
|-start|p2a: Gliscor|Encore
|move|p2a: Gliscor|Protect||[still]
|-fail|p2a: Gliscor
|
|-heal|p2a: Gliscor|62/100 tox|[from] ability: Poison Heal
|upkeep
|turn|10
|
|t:|1776204006
|switch|p2a: Gholdengo|Gholdengo|81/100
|move|p1a: Maushold|Population Bomb|p2a: Gholdengo
|-immune|p2a: Gholdengo
|
|upkeep
|turn|11
|
|t:|1776204031
|move|p1a: Maushold|Bite|p2a: Gholdengo
|-supereffective|p2a: Gholdengo
|-damage|p2a: Gholdengo|7/100
|move|p2a: Gholdengo|Nasty Plot|p2a: Gholdengo
|-boost|p2a: Gholdengo|spa|2
|
|upkeep
|turn|12
|
|t:|1776204043
|move|p1a: Maushold|Bite|p2a: Gholdengo
|-supereffective|p2a: Gholdengo
|-damage|p2a: Gholdengo|0 fnt
|faint|p2a: Gholdengo
|
|upkeep
|
|t:|1776204047
|switch|p2a: Gliscor|Gliscor, F|62/100 tox
|turn|13
|
|t:|1776204062
|move|p1a: Maushold|Population Bomb|p2a: Gliscor
|-damage|p2a: Gliscor|52/100 tox
|-damage|p2a: Gliscor|43/100 tox
|-damage|p2a: Gliscor|33/100 tox
|-damage|p2a: Gliscor|22/100 tox
|-damage|p2a: Gliscor|12/100 tox
|-damage|p2a: Gliscor|1/100 tox
|-damage|p2a: Gliscor|0 fnt
|faint|p2a: Gliscor
|-hitcount|p2: Gliscor|7
|
|upkeep
|
|t:|1776204091
|switch|p2a: Iron Valiant|Iron Valiant|100/100
|-enditem|p2a: Iron Valiant|Booster Energy
|-activate|p2a: Iron Valiant|ability: Quark Drive|[fromitem]
|-start|p2a: Iron Valiant|quarkdrivespe
|turn|14
|
|t:|1776204098
|move|p2a: Iron Valiant|Close Combat|p1a: Maushold
|-supereffective|p1a: Maushold
|-damage|p1a: Maushold|0 fnt
|-unboost|p2a: Iron Valiant|def|1
|-unboost|p2a: Iron Valiant|spd|1
|faint|p1a: Maushold
|
|upkeep
|
|t:|1776204103
|switch|p1a: Indeedee|Indeedee, M|100/100
|-fieldstart|move: Psychic Terrain|[from] ability: Psychic Surge|[of] p1a: Indeedee
|turn|15
|
|t:|1776204123
|move|p2a: Iron Valiant|Close Combat|p1a: Indeedee
|-damage|p1a: Indeedee|14/100
|-unboost|p2a: Iron Valiant|def|1
|-unboost|p2a: Iron Valiant|spd|1
|move|p1a: Indeedee|Expanding Force|p2a: Iron Valiant
|-supereffective|p2a: Iron Valiant
|-damage|p2a: Iron Valiant|0 fnt
|faint|p2a: Iron Valiant
|-end|p2a: Iron Valiant|Quark Drive|[silent]
|
|upkeep
|
|t:|1776204130
|switch|p2a: Kingambit|Kingambit, F|100/100
|-activate|p2a: Kingambit|ability: Supreme Overlord
|-start|p2a: Kingambit|fallen5|[silent]
|turn|16
|
|t:|1776204157
|switch|p1a: Hoopa|Hoopa-Unbound|100/100
|move|p2a: Kingambit|Kowtow Cleave|p1a: Hoopa
|-damage|p1a: Hoopa|0 fnt
|faint|p1a: Hoopa
|
|upkeep
|
|t:|1776204162
|switch|p1a: Hawlucha|Hawlucha, M|100/100
|-enditem|p1a: Hawlucha|Psychic Seed
|-boost|p1a: Hawlucha|spd|1|[from] item: Psychic Seed
|turn|17
|inactive|noktal3217 has 90 seconds left.
|inactive|wizardrex has 120 seconds left.
|
|t:|1776204196
|-terastallize|p2a: Kingambit|Flying
|move|p1a: Hawlucha|Swords Dance|p1a: Hawlucha
|-boost|p1a: Hawlucha|atk|2
|move|p2a: Kingambit|Swords Dance|p2a: Kingambit
|-boost|p2a: Kingambit|atk|2
|
|upkeep
|turn|18
|inactive|wizardrex has 90 seconds left.
|inactive|noktal3217 has 60 seconds left.
|
|t:|1776204238
|move|p1a: Hawlucha|Acrobatics|p2a: Kingambit
|-damage|p2a: Kingambit|30/100
|move|p2a: Kingambit|Iron Head|p1a: Hawlucha
|-damage|p1a: Hawlucha|0 fnt
|faint|p1a: Hawlucha
|
|upkeep
|inactive|wizardrex has 90 seconds left.
|
|t:|1776204243
|switch|p1a: Indeedee|Indeedee, M|14/100
|turn|19
|inactive|noktal3217 has 60 seconds left.
|
|t:|1776204256
|move|p1a: Indeedee|Expanding Force|p2a: Kingambit
|-damage|p2a: Kingambit|0 fnt
|faint|p2a: Kingambit
|-end|p2a: Kingambit|fallen5|[silent]
|
|win|wizardrex
|raw|wizardrex's rating: 1352 &rarr; <strong>1371</strong><br />(+19 for winning)
|raw|noktal3217's rating: 1342 &rarr; <strong>1323</strong><br />(-19 for losing)
|l|☆noktal3217
|player|p2|
