|html|<div class="broadcast-blue"><strong>[Gen 9] OU is currently suspecting Tera Blast! For information on how to participate check out the <a href="https://www.smogon.com/tools/suspects/view/200">suspect thread</a>.</strong></div>
|j|☆bluebuckythepro
|j|☆josh_chills123
|t:|1776085076
|gametype|singles
|player|p1|bluebuckythepro|alder|1102
|player|p2|josh_chills123|102|1154
|gen|9
|tier|[Gen 9] OU
|rated|
|rule|HP Percentage Mod: HP is shown in percentages
|rule|Endless Battle Clause: Forcing endless battles is banned
|rule|Species Clause: Limit one of each Pokémon
|rule|OHKO Clause: OHKO moves are banned
|rule|Evasion Items Clause: Evasion items are banned
|rule|Evasion Moves Clause: Evasion moves are banned
|rule|Evasion Abilities Clause: Evasion abilities are banned
|rule|Sleep Moves Clause: Sleep-inducing moves are banned
|clearpoke
|poke|p1|Swampert, M|
|poke|p1|Gholdengo|
|poke|p1|Alcremie, F|
|poke|p1|Arcanine-Hisui, F|
|poke|p1|Hawlucha, M|
|poke|p1|Raichu-Alola, M|
|poke|p2|Azelf|
|poke|p2|Great Tusk|
|poke|p2|Hatterene, F|
|poke|p2|Lilligant-Hisui, F|
|poke|p2|Torkoal, F|
|poke|p2|Walking Wake|
|teampreview
|inactive|Battle timer is ON: inactive players will automatically lose when time's up. (requested by josh_chills123)
|inactive|bluebuckythepro has 120 seconds left.
|
|t:|1776085113
|teamsize|p1|6
|teamsize|p2|6
|start
|switch|p1a: Raichu|Raichu-Alola, M|100/100
|switch|p2a: Torkoal|Torkoal, F|100/100
|-weather|SunnyDay|[from] ability: Drought|[of] p2a: Torkoal
|turn|1
|
|t:|1776085120
|move|p1a: Raichu|Surf|p2a: Torkoal
|-supereffective|p2a: Torkoal
|-damage|p2a: Torkoal|73/100
|-damage|p1a: Raichu|91/100|[from] item: Life Orb
|move|p2a: Torkoal|Stealth Rock|p1a: Raichu
|-sidestart|p1: bluebuckythepro|move: Stealth Rock
|
|-weather|SunnyDay|[upkeep]
|upkeep
|turn|2
|
|t:|1776085143
|move|p1a: Raichu|Surf|p2a: Torkoal
|-supereffective|p2a: Torkoal
|-damage|p2a: Torkoal|42/100
|-damage|p1a: Raichu|81/100|[from] item: Life Orb
|move|p2a: Torkoal|Earthquake|p1a: Raichu
|-supereffective|p1a: Raichu
|-damage|p1a: Raichu|0 fnt
|faint|p1a: Raichu
|
|-weather|SunnyDay|[upkeep]
|upkeep
|
|t:|1776085149
|switch|p1a: Swampert|Swampert, M|100/100
|-damage|p1a: Swampert|94/100|[from] Stealth Rock
|turn|3
|
|t:|1776085157
|switch|p2a: Lilligant|Lilligant-Hisui, F|100/100
|move|p1a: Swampert|Earthquake|p2a: Lilligant
|-resisted|p2a: Lilligant
|-damage|p2a: Lilligant|62/100
|
|-weather|SunnyDay|[upkeep]
|-heal|p1a: Swampert|100/100|[from] item: Leftovers
|upkeep
|turn|4
|inactive|bluebuckythepro has 120 seconds left.
|
|t:|1776085190
|move|p2a: Lilligant|Swords Dance|p2a: Lilligant
|-boost|p2a: Lilligant|atk|2
|move|p1a: Swampert|Earthquake|p2a: Lilligant
|-resisted|p2a: Lilligant
|-damage|p2a: Lilligant|22/100
|
|-weather|SunnyDay|[upkeep]
|upkeep
|turn|5
|inactive|bluebuckythepro has 120 seconds left.
|
|t:|1776085196
|move|p2a: Lilligant|Bullet Seed|p1a: Swampert
|-supereffective|p1a: Swampert
|-damage|p1a: Swampert|0 fnt
|faint|p1a: Swampert
|-hitcount|p1: Swampert|1
|
|-weather|SunnyDay|[upkeep]
|upkeep
|inactive|bluebuckythepro has 120 seconds left.
|
|t:|1776085203
|switch|p1a: Hawlucha|Hawlucha, M|100/100
|-damage|p1a: Hawlucha|88/100|[from] Stealth Rock
|-ability|p1a: Hawlucha|Mold Breaker
|turn|6
|
|t:|1776085212
|-terastallize|p2a: Lilligant|Fire
|move|p2a: Lilligant|Triple Axel|p1a: Hawlucha
|-supereffective|p1a: Hawlucha
|-damage|p1a: Hawlucha|52/100
|-supereffective|p1a: Hawlucha
|-damage|p1a: Hawlucha|0 fnt
|faint|p1a: Hawlucha
|-hitcount|p1: Hawlucha|2
|
|-weather|SunnyDay|[upkeep]
|upkeep
|inactive|bluebuckythepro has 120 seconds left.
|
|t:|1776085231
|switch|p1a: Arcanine|Arcanine-Hisui, F|100/100
|-damage|p1a: Arcanine|76/100|[from] Stealth Rock
|turn|7
|
|t:|1776085235
|move|p1a: Arcanine|Extreme Speed|p2a: Lilligant
|-damage|p2a: Lilligant|0 fnt
|faint|p2a: Lilligant
|
|-weather|SunnyDay|[upkeep]
|upkeep
|
|t:|1776085240
|switch|p2a: Walking Wake|Walking Wake|100/100
|-activate|p2a: Walking Wake|ability: Protosynthesis
|-start|p2a: Walking Wake|protosynthesisspe
|turn|8
|inactive|bluebuckythepro has 120 seconds left.
|
|t:|1776085294
|move|p2a: Walking Wake|Hydro Steam|p1a: Arcanine
|-supereffective|p1a: Arcanine
|-damage|p1a: Arcanine|0 fnt
|faint|p1a: Arcanine
|
|-weather|none
|-end|p2a: Walking Wake|Protosynthesis
|upkeep
|
|t:|1776085297
|switch|p1a: Alcremie|Alcremie, F|100/100
|-damage|p1a: Alcremie|88/100|[from] Stealth Rock
|turn|9
|
|t:|1776085304
|-end|p2a: Walking Wake|Protosynthesis|[silent]
|switch|p2a: Torkoal|Torkoal, F|42/100
|-weather|SunnyDay|[from] ability: Drought|[of] p2a: Torkoal
|move|p1a: Alcremie|Calm Mind|p1a: Alcremie
|-boost|p1a: Alcremie|spa|1
|-boost|p1a: Alcremie|spd|1
|
|-weather|SunnyDay|[upkeep]
|upkeep
|turn|10
|
|t:|1776085313
|move|p1a: Alcremie|Stored Power|p2a: Torkoal
|-damage|p2a: Torkoal|13/100
|move|p2a: Torkoal|Earthquake|p1a: Alcremie
|-damage|p1a: Alcremie|61/100
|
|-weather|SunnyDay|[upkeep]
|upkeep
|turn|11
|
|t:|1776085322
|switch|p2a: Hatterene|Hatterene, F|100/100
|move|p1a: Alcremie|Stored Power|p2a: Hatterene
|-resisted|p2a: Hatterene
|-damage|p2a: Hatterene|84/100
|-enditem|p2a: Hatterene|Eject Button
|
|t:|1776085328
|switch|p2a: Great Tusk|Great Tusk|100/100
|-activate|p2a: Great Tusk|ability: Protosynthesis
|-start|p2a: Great Tusk|protosynthesisatk
|
|-weather|SunnyDay|[upkeep]
|upkeep
|turn|12
|
|t:|1776085335
|move|p2a: Great Tusk|Headlong Rush|p1a: Alcremie
|-damage|p1a: Alcremie|0 fnt
|-unboost|p2a: Great Tusk|def|1
|-unboost|p2a: Great Tusk|spd|1
|faint|p1a: Alcremie
|
|-weather|SunnyDay|[upkeep]
|upkeep
|
|t:|1776085339
|switch|p1a: Gholdengo|Gholdengo|100/100
|-damage|p1a: Gholdengo|94/100|[from] Stealth Rock
|turn|13
|
|t:|1776085345
|move|p2a: Great Tusk|Headlong Rush|p1a: Gholdengo
|-supereffective|p1a: Gholdengo
|-damage|p1a: Gholdengo|0 fnt
|-unboost|p2a: Great Tusk|def|1
|-unboost|p2a: Great Tusk|spd|1
|faint|p1a: Gholdengo
|
|win|josh_chills123
|raw|bluebuckythepro's rating: 1102 &rarr; <strong>1081</strong><br />(-21 for losing)
|raw|josh_chills123's rating: 1154 &rarr; <strong>1175</strong><br />(+21 for winning)
|l|☆josh_chills123
|player|p2|
