|html|<div class="broadcast-blue"><strong>[Gen 9] OU is currently suspecting Tera Blast! For information on how to participate check out the <a href="https://www.smogon.com/tools/suspects/view/200">suspect thread</a>.</strong></div>
|j|☆Daycloud 2
|j|☆unknownartist720
|t:|1776107985
|gametype|singles
|player|p1|Daycloud 2|265|1104
|player|p2|unknownartist720|266|1126
|gen|9
|tier|[Gen 9] OU
|rated|
|rule|HP Percentage Mod: HP is shown in percentages
|rule|Endless Battle Clause: Forcing endless battles is banned
|rule|Species Clause: Limit one of each Pokémon
|rule|OHKO Clause: OHKO moves are banned
|rule|Evasion Items Clause: Evasion items are banned
|rule|Evasion Moves Clause: Evasion moves are banned
|rule|Evasion Abilities Clause: Evasion abilities are banned
|rule|Sleep Moves Clause: Sleep-inducing moves are banned
|clearpoke
|poke|p1|Ribombee, F|
|poke|p1|Glimmora, F|
|poke|p1|Heatran, F|
|poke|p1|Darkrai|
|poke|p1|Dragapult, M|
|poke|p1|Kommo-o, F|
|poke|p2|Hoopa-Unbound|
|poke|p2|Masquerain, M|
|poke|p2|Primeape, F|
|poke|p2|Whiscash, M|
|poke|p2|Electrode|
|poke|p2|Hypno, F|
|teampreview
|
|t:|1776107994
|teamsize|p1|6
|teamsize|p2|6
|start
|switch|p1a: Ribombee|Ribombee, F|100/100
|switch|p2a: Pinhead|Masquerain, M|100/100
|-ability|p2a: Pinhead|Intimidate|boost
|-unboost|p1a: Ribombee|atk|1
|turn|1
|
|t:|1776108007
|move|p1a: Ribombee|Sticky Web|p2a: Pinhead
|-sidestart|p2: unknownartist720|move: Sticky Web
|move|p2a: Pinhead|Sticky Web|p1a: Ribombee
|-sidestart|p1: Daycloud 2|move: Sticky Web
|
|upkeep
|turn|2
|
|t:|1776108013
|switch|p1a: Glimmora|Glimmora, F|100/100
|-activate|p1a: Glimmora|move: Sticky Web
|-unboost|p1a: Glimmora|spe|1
|move|p2a: Pinhead|Quiver Dance|p2a: Pinhead
|-boost|p2a: Pinhead|spa|1
|-boost|p2a: Pinhead|spd|1
|-boost|p2a: Pinhead|spe|1
|
|upkeep
|turn|3
|
|t:|1776108019
|move|p2a: Pinhead|Hydro Pump|p1a: Glimmora
|-supereffective|p1a: Glimmora
|-enditem|p1a: Glimmora|Focus Sash
|-damage|p1a: Glimmora|1/100
|move|p1a: Glimmora|Mortal Spin|p2a: Pinhead
|-damage|p2a: Pinhead|89/100
|-status|p2a: Pinhead|psn
|-sideend|p1: Daycloud 2|Sticky Web|[from] move: Mortal Spin|[of] p1a: Glimmora
|
|-damage|p2a: Pinhead|77/100 psn|[from] psn
|upkeep
|turn|4
|
|t:|1776108036
|move|p2a: Pinhead|Air Slash|p1a: Glimmora
|-resisted|p1a: Glimmora
|-damage|p1a: Glimmora|0 fnt
|faint|p1a: Glimmora
|
|-damage|p2a: Pinhead|65/100 psn|[from] psn
|upkeep
|
|t:|1776108045
|switch|p1a: Darkrai|Darkrai|100/100
|turn|5
|
|t:|1776108049
|move|p1a: Darkrai|Ice Beam|p2a: Pinhead
|-supereffective|p2a: Pinhead
|-damage|p2a: Pinhead|3/100 psn
|move|p2a: Pinhead|Sticky Web|p1a: Darkrai
|-sidestart|p1: Daycloud 2|move: Sticky Web
|
|-damage|p2a: Pinhead|0 fnt|[from] psn
|faint|p2a: Pinhead
|upkeep
|
|t:|1776108066
|switch|p2a: Hypnapper|Hypno, F, shiny|100/100
|-activate|p2a: Hypnapper|move: Sticky Web
|-unboost|p2a: Hypnapper|spe|1
|turn|6
|
|t:|1776108073
|switch|p1a: Heatran|Heatran, F|100/100
|-activate|p1a: Heatran|move: Sticky Web
|-unboost|p1a: Heatran|spe|1
|-terastallize|p2a: Hypnapper|Fairy
|move|p2a: Hypnapper|Dazzling Gleam|p1a: Heatran
|-resisted|p1a: Heatran
|-damage|p1a: Heatran|98/100
|
|upkeep
|turn|7
|
|t:|1776108082
|switch|p2a: Wario|Whiscash, M|100/100
|-activate|p2a: Wario|move: Sticky Web
|-unboost|p2a: Wario|spe|1
|move|p1a: Heatran|Flash Cannon|p2a: Wario
|-resisted|p2a: Wario
|-damage|p2a: Wario|79/100
|
|-heal|p2a: Wario|85/100|[from] item: Leftovers
|upkeep
|turn|8
|
|t:|1776108094
|switch|p1a: Ribombee|Ribombee, F|100/100
|-activate|p1a: Ribombee|move: Sticky Web
|-unboost|p1a: Ribombee|spe|1
|move|p2a: Wario|Dragon Dance|p2a: Wario
|-boost|p2a: Wario|atk|1
|-boost|p2a: Wario|spe|1
|
|-heal|p2a: Wario|91/100|[from] item: Leftovers
|upkeep
|turn|9
|
|t:|1776108104
|move|p1a: Ribombee|Moonblast|p2a: Wario
|-damage|p2a: Wario|38/100
|move|p2a: Wario|Dragon Dance|p2a: Wario
|-boost|p2a: Wario|atk|1
|-boost|p2a: Wario|spe|1
|
|-heal|p2a: Wario|44/100|[from] item: Leftovers
|upkeep
|turn|10
|
|t:|1776108113
|move|p2a: Wario|Earthquake|p1a: Ribombee
|-resisted|p1a: Ribombee
|-damage|p1a: Ribombee|21/100
|move|p1a: Ribombee|Moonblast|p2a: Wario
|-damage|p2a: Wario|0 fnt
|faint|p2a: Wario
|
|upkeep
|
|t:|1776108127
|switch|p2a: Hypnapper|Hypno, F, shiny, tera:Fairy|100/100
|-activate|p2a: Hypnapper|move: Sticky Web
|-unboost|p2a: Hypnapper|spe|1
|turn|11
|
|t:|1776108188
|move|p1a: Ribombee|Bug Buzz|p2a: Hypnapper
|-resisted|p2a: Hypnapper
|-crit|p2a: Hypnapper
|-damage|p2a: Hypnapper|71/100
|move|p2a: Hypnapper|Trailblaze|p1a: Ribombee
|-resisted|p1a: Ribombee
|-damage|p1a: Ribombee|14/100
|-boost|p2a: Hypnapper|spe|1
|
|-heal|p2a: Hypnapper|77/100|[from] item: Leftovers
|upkeep
|turn|12
|
|t:|1776108200
|move|p2a: Hypnapper|Trailblaze|p1a: Ribombee
|-resisted|p1a: Ribombee
|-damage|p1a: Ribombee|7/100
|-boost|p2a: Hypnapper|spe|1
|move|p1a: Ribombee|Bug Buzz|p2a: Hypnapper
|-resisted|p2a: Hypnapper
|-damage|p2a: Hypnapper|60/100
|
|-heal|p2a: Hypnapper|66/100|[from] item: Leftovers
|upkeep
|turn|13
|
|t:|1776108207
|move|p2a: Hypnapper|Trailblaze|p1a: Ribombee
|-resisted|p1a: Ribombee
|-damage|p1a: Ribombee|0 fnt
|-boost|p2a: Hypnapper|spe|1
|faint|p1a: Ribombee
|
|-heal|p2a: Hypnapper|72/100|[from] item: Leftovers
|upkeep
|
|t:|1776108213
|switch|p1a: Heatran|Heatran, F|98/100
|-activate|p1a: Heatran|move: Sticky Web
|-unboost|p1a: Heatran|spe|1
|turn|14
|
|t:|1776108245
|move|p2a: Hypnapper|Nasty Plot|p2a: Hypnapper
|-boost|p2a: Hypnapper|spa|2
|move|p1a: Heatran|Flash Cannon|p2a: Hypnapper
|-supereffective|p2a: Hypnapper
|-damage|p2a: Hypnapper|4/100
|
|-heal|p2a: Hypnapper|10/100|[from] item: Leftovers
|upkeep
|turn|15
|
|t:|1776108254
|move|p2a: Hypnapper|Psychic|p1a: Heatran
|-resisted|p1a: Heatran
|-damage|p1a: Heatran|84/100
|move|p1a: Heatran|Flamethrower|p2a: Hypnapper
|-damage|p2a: Hypnapper|0 fnt
|faint|p2a: Hypnapper
|
|upkeep
|
|t:|1776108269
|switch|p2a: FuriousG|Primeape, F|100/100
|-activate|p2a: FuriousG|move: Sticky Web
|-unboost|p2a: FuriousG|spe|1
|-ability|p2a: FuriousG|Defiant|boost
|-boost|p2a: FuriousG|atk|2
|turn|16
|
|t:|1776108283
|move|p2a: FuriousG|Bulk Up|p2a: FuriousG
|-boost|p2a: FuriousG|atk|1
|-boost|p2a: FuriousG|def|1
|move|p1a: Heatran|Flamethrower|p2a: FuriousG
|-damage|p2a: FuriousG|76/100
|
|upkeep
|turn|17
|
|t:|1776108291
|-terastallize|p1a: Heatran|Water
|move|p2a: FuriousG|Drain Punch|p1a: Heatran
|-damage|p1a: Heatran|24/100
|-heal|p2a: FuriousG|100/100|[from] drain|[of] p1a: Heatran
|move|p1a: Heatran|Flamethrower|p2a: FuriousG
|-damage|p2a: FuriousG|77/100
|
|upkeep
|turn|18
|
|t:|1776108308
|move|p2a: FuriousG|Drain Punch|p1a: Heatran
|-damage|p1a: Heatran|0 fnt
|-heal|p2a: FuriousG|91/100|[from] drain|[of] p1a: Heatran
|faint|p1a: Heatran
|
|upkeep
|
|t:|1776108319
|switch|p1a: Darkrai|Darkrai|100/100
|-activate|p1a: Darkrai|move: Sticky Web
|-unboost|p1a: Darkrai|spe|1
|turn|19
|
|t:|1776108340
|move|p1a: Darkrai|Psychic|p2a: FuriousG
|-supereffective|p2a: FuriousG
|-crit|p2a: FuriousG
|-damage|p2a: FuriousG|32/100
|move|p2a: FuriousG|Drain Punch|p1a: Darkrai
|-supereffective|p1a: Darkrai
|-damage|p1a: Darkrai|0 fnt
|-heal|p2a: FuriousG|74/100|[from] drain|[of] p1a: Darkrai
|faint|p1a: Darkrai
|
|upkeep
|
|t:|1776108346
|switch|p1a: Kommo-o|Kommo-o, F|100/100
|-activate|p1a: Kommo-o|move: Sticky Web
|-unboost|p1a: Kommo-o|spe|1
|turn|20
|
|t:|1776108359
|move|p1a: Kommo-o|Dragon Dance|p1a: Kommo-o
|-boost|p1a: Kommo-o|atk|1
|-boost|p1a: Kommo-o|spe|1
|move|p2a: FuriousG|Rage Fist|p1a: Kommo-o
|-damage|p1a: Kommo-o|0 fnt
|faint|p1a: Kommo-o
|
|upkeep
|
|t:|1776108367
|switch|p1a: Dragapult|Dragapult, M|100/100
|-activate|p1a: Dragapult|move: Sticky Web
|-fail|p1a: Dragapult|unboost|[from] ability: Clear Body|[of] p1a: Dragapult
|turn|21
|
|t:|1776108381
|move|p1a: Dragapult|Dragon Darts|p2a: FuriousG
|-damage|p2a: FuriousG|47/100
|-anim|p1a: Dragapult|Dragon Darts|p2a: FuriousG
|-damage|p2a: FuriousG|19/100
|move|p2a: FuriousG|Rage Fist|p1a: Dragapult
|-supereffective|p1a: Dragapult
|-damage|p1a: Dragapult|0 fnt
|faint|p1a: Dragapult
|
|win|unknownartist720
|raw|Daycloud 2's rating: 1104 &rarr; <strong>1081</strong><br />(-23 for losing)
|raw|unknownartist720's rating: 1126 &rarr; <strong>1149</strong><br />(+23 for winning)
|l|☆Daycloud 2
|player|p1|
|l|☆unknownartist720
|player|p2|
