|html|<div class="broadcast-blue"><strong>[Gen 9] OU is currently suspecting Volcarona! For information on how to participate check out the <a href="https://www.smogon.com/tools/suspects/view/208">suspect thread</a>.</strong></div>
|j|☆arturohdez
|j|☆overheat xyz
|t:|1778506569
|gametype|singles
|player|p1|arturohdez|lucas|1745
|player|p2|overheat xyz|170|1661
|gen|9
|tier|[Gen 9] OU
|rated|
|rule|HP Percentage Mod: HP is shown in percentages
|rule|Endless Battle Clause: Forcing endless battles is banned
|rule|Species Clause: Limit one of each Pokémon
|rule|OHKO Clause: OHKO moves are banned
|rule|Evasion Items Clause: Evasion items are banned
|rule|Evasion Moves Clause: Evasion moves are banned
|rule|Evasion Abilities Clause: Evasion abilities are banned
|rule|Sleep Moves Clause: Sleep-inducing moves are banned
|clearpoke
|poke|p1|Hatterene, F|
|poke|p1|Dragonite, M|
|poke|p1|Kingambit, M|
|poke|p1|Ogerpon-Cornerstone, F|
|poke|p1|Iron Treads|
|poke|p1|Volcarona, M|
|poke|p2|Dragapult, F|
|poke|p2|Garganacl, M|
|poke|p2|Rillaboom, F|
|poke|p2|Slowking-Galar, M|
|poke|p2|Kingambit, F|
|poke|p2|Corviknight, M|
|teampreview
|inactive|Battle timer is ON: inactive players will automatically lose when time's up. (requested by arturohdez)
|
|t:|1778506603
|teamsize|p1|6
|teamsize|p2|6
|start
|switch|p1a: Iron Treads|Iron Treads|100/100
|switch|p2a: Dragapult|Dragapult, F|100/100
|-enditem|p1a: Iron Treads|Booster Energy
|-activate|p1a: Iron Treads|ability: Quark Drive|[fromitem]
|-start|p1a: Iron Treads|quarkdrivespe
|turn|1
|
|t:|1778506607
|switch|p2a: Corviknight|Corviknight, M|100/100
|-ability|p2a: Corviknight|Pressure
|move|p1a: Iron Treads|Ice Spinner|p2a: Corviknight
|-crit|p2a: Corviknight
|-damage|p2a: Corviknight|78/100
|-damage|p1a: Iron Treads|84/100|[from] item: Rocky Helmet|[of] p2a: Corviknight
|
|upkeep
|turn|2
|
|t:|1778506609
|move|p1a: Iron Treads|Stealth Rock|p2a: Corviknight
|-sidestart|p2: overheat xyz|move: Stealth Rock
|move|p2a: Corviknight|Body Press|p1a: Iron Treads
|-supereffective|p1a: Iron Treads
|-damage|p1a: Iron Treads|39/100
|
|upkeep
|turn|3
|
|t:|1778506615
|-end|p1a: Iron Treads|Quark Drive|[silent]
|switch|p1a: Hatterene|Hatterene, F|100/100
|move|p2a: Corviknight|Defog|p1a: Hatterene
|move|p1a: Hatterene|Defog|p2a: Corviknight|[from] ability: Magic Bounce
|-unboost|p2a: Corviknight|evasion|1
|-sideend|p2: overheat xyz|Stealth Rock|[from] move: Defog|[of] p1a: Hatterene
|
|upkeep
|turn|4
|
|t:|1778506620
|switch|p2a: Slowking|Slowking-Galar, M|100/100
|move|p1a: Hatterene|Nuzzle|p2a: Slowking
|-damage|p2a: Slowking|97/100
|-status|p2a: Slowking|par
|
|upkeep
|turn|5
|
|t:|1778506628
|switch|p1a: Iron Treads|Iron Treads|39/100
|move|p2a: Slowking|Fire Blast|p1a: Iron Treads
|-supereffective|p1a: Iron Treads
|-damage|p1a: Iron Treads|0 fnt
|faint|p1a: Iron Treads
|-end|p1a: Iron Treads|Quark Drive|[silent]
|
|upkeep
|
|t:|1778506637
|switch|p1a: Dragonite|Dragonite, M|100/100
|turn|6
|
|t:|1778506644
|move|p1a: Dragonite|Dragon Dance|p1a: Dragonite
|-boost|p1a: Dragonite|atk|1
|-boost|p1a: Dragonite|spe|1
|move|p2a: Slowking|Sludge Bomb|p1a: Dragonite
|-damage|p1a: Dragonite|78/100
|-status|p1a: Dragonite|psn
|
|-damage|p1a: Dragonite|65/100 psn|[from] psn
|upkeep
|turn|7
|
|t:|1778506656
|switch|p2a: Corviknight|Corviknight, M|78/100
|-ability|p2a: Corviknight|Pressure
|move|p1a: Dragonite|Dragon Dance|p1a: Dragonite
|-boost|p1a: Dragonite|atk|1
|-boost|p1a: Dragonite|spe|1
|
|-damage|p1a: Dragonite|53/100 psn|[from] psn
|upkeep
|turn|8
|
|t:|1778506661
|move|p1a: Dragonite|Fire Punch|p2a: Corviknight
|-supereffective|p2a: Corviknight
|-damage|p2a: Corviknight|0 fnt
|-damage|p1a: Dragonite|36/100 psn|[from] item: Rocky Helmet|[of] p2a: Corviknight
|faint|p2a: Corviknight
|-damage|p1a: Dragonite|27/100 psn|[from] item: Life Orb
|
|-damage|p1a: Dragonite|14/100 psn|[from] psn
|upkeep
|
|t:|1778506672
|switch|p2a: Garganacl|Garganacl, M|100/100
|turn|9
|j| isaac_gam3r
|
|t:|1778506675
|move|p2a: Garganacl|Protect|p2a: Garganacl
|-singleturn|p2a: Garganacl|Protect
|move|p1a: Dragonite|Outrage|p2a: Garganacl
|-activate|p2a: Garganacl|move: Protect
|
|-damage|p1a: Dragonite|2/100 psn|[from] psn
|upkeep
|turn|10
|
|t:|1778506686
|move|p1a: Dragonite|Outrage|p2a: Garganacl
|-damage|p2a: Garganacl|0 fnt
|faint|p2a: Garganacl
|-damage|p1a: Dragonite|0 fnt|[from] item: Life Orb
|faint|p1a: Dragonite
|
|upkeep
|j| foxi4
|
|t:|1778506701
|switch|p1a: Hatterene|Hatterene, F|100/100
|switch|p2a: Rillaboom|Rillaboom, F|100/100
|-fieldstart|move: Grassy Terrain|[from] ability: Grassy Surge|[of] p2a: Rillaboom
|turn|11
|
|t:|1778506714
|move|p2a: Rillaboom|Wood Hammer|p1a: Hatterene
|-damage|p1a: Hatterene|5/100
|-damage|p2a: Rillaboom|84/100|[from] item: Rocky Helmet|[of] p1a: Hatterene
|-damage|p2a: Rillaboom|55/100|[from] Recoil
|move|p1a: Hatterene|Nuzzle|p2a: Rillaboom
|-resisted|p2a: Rillaboom
|-damage|p2a: Rillaboom|53/100
|-status|p2a: Rillaboom|par
|
|-heal|p2a: Rillaboom|59/100 par|[from] Grassy Terrain
|-heal|p1a: Hatterene|11/100|[from] Grassy Terrain
|upkeep
|turn|12
|
|t:|1778506721
|switch|p2a: Slowking|Slowking-Galar, M|100/100 par
|move|p1a: Hatterene|Healing Wish|p1a: Hatterene
|faint|p1a: Hatterene
|
|upkeep
|j| shadowisp
|
|t:|1778506732
|switch|p1a: Volcarona|Volcarona, M|100/100
|turn|13
|
|t:|1778506742
|move|p1a: Volcarona|Quiver Dance|p1a: Volcarona
|-boost|p1a: Volcarona|spa|1
|-boost|p1a: Volcarona|spd|1
|-boost|p1a: Volcarona|spe|1
|move|p2a: Slowking|Psychic Noise|p1a: Volcarona
|-damage|p1a: Volcarona|73/100
|-start|p1a: Volcarona|move: Heal Block
|
|upkeep
|turn|14
|
|t:|1778506750
|move|p1a: Volcarona|Quiver Dance|p1a: Volcarona
|-boost|p1a: Volcarona|spa|1
|-boost|p1a: Volcarona|spd|1
|-boost|p1a: Volcarona|spe|1
|cant|p2a: Slowking|par
|
|-end|p1a: Volcarona|move: Heal Block
|upkeep
|turn|15
|
|t:|1778506756
|move|p1a: Volcarona|Substitute|p1a: Volcarona
|-start|p1a: Volcarona|Substitute
|-damage|p1a: Volcarona|49/100
|move|p2a: Slowking|Psychic Noise|p1a: Volcarona
|-damage|p1a: Volcarona|27/100
|-start|p1a: Volcarona|move: Heal Block
|
|-fieldend|move: Grassy Terrain
|upkeep
|turn|16
|j| mad pantser
|
|t:|1778506765
|move|p1a: Volcarona|Bug Buzz|p2a: Slowking
|-damage|p2a: Slowking|11/100 par
|move|p2a: Slowking|Psychic Noise|p1a: Volcarona
|-damage|p1a: Volcarona|5/100
|
|-end|p1a: Volcarona|move: Heal Block
|upkeep
|turn|17
|
|t:|1778506777
|move|p1a: Volcarona|Flamethrower|p2a: Slowking
|-damage|p2a: Slowking|0 fnt
|faint|p2a: Slowking
|
|-heal|p1a: Volcarona|11/100|[from] item: Leftovers
|upkeep
|
|t:|1778506779
|switch|p2a: Rillaboom|Rillaboom, F|59/100 par
|-fieldstart|move: Grassy Terrain|[from] ability: Grassy Surge|[of] p2a: Rillaboom
|turn|18
|
|t:|1778506781
|cant|p2a: Rillaboom|par
|move|p1a: Volcarona|Bug Buzz|p2a: Rillaboom
|-supereffective|p2a: Rillaboom
|-damage|p2a: Rillaboom|0 fnt
|faint|p2a: Rillaboom
|
|-heal|p1a: Volcarona|17/100|[from] Grassy Terrain
|-heal|p1a: Volcarona|23/100|[from] item: Leftovers
|upkeep
|j| flamewing_phoenix
|-message|overheat xyz forfeited.
|
|win|arturohdez
|raw|arturohdez's rating: 1745 &rarr; <strong>1760</strong><br />(+15 for winning)
|raw|overheat xyz's rating: 1661 &rarr; <strong>1646</strong><br />(-15 for losing)
|l|☆overheat xyz
|player|p2|
|l| mad pantser
|l| shadowisp
