|html|<div class="broadcast-blue"><strong>[Gen 9] OU is currently suspecting Tera Blast! For information on how to participate check out the <a href="https://www.smogon.com/tools/suspects/view/200">suspect thread</a>.</strong></div>
|j|‽alfaro46
|j|☆TheH3xx
|t:|1776067497
|gametype|singles
|player|p1|alfaro46|265|1177
|player|p2|TheH3xx|benga|1173
|gen|9
|tier|[Gen 9] OU
|rated|
|rule|HP Percentage Mod: HP is shown in percentages
|rule|Endless Battle Clause: Forcing endless battles is banned
|rule|Species Clause: Limit one of each Pokémon
|rule|OHKO Clause: OHKO moves are banned
|rule|Evasion Items Clause: Evasion items are banned
|rule|Evasion Moves Clause: Evasion moves are banned
|rule|Evasion Abilities Clause: Evasion abilities are banned
|rule|Sleep Moves Clause: Sleep-inducing moves are banned
|clearpoke
|poke|p1|Ninetales-Alola, F|
|poke|p1|Sandslash-Alola, F|
|poke|p1|Slowking-Galar, F|
|poke|p1|Dragonite, M|
|poke|p1|Beartic, M|
|poke|p1|Heatran, M|
|poke|p2|Barraskewda, M|
|poke|p2|Pelipper, M|
|poke|p2|Iron Treads|
|poke|p2|Raging Bolt|
|poke|p2|Ogerpon-Wellspring, F|
|poke|p2|Rillaboom, F|
|teampreview
|
|t:|1776067512
|teamsize|p1|6
|teamsize|p2|6
|start
|switch|p1a: Dragonite|Dragonite, M|100/100
|switch|p2a: Elephant|Iron Treads|100/100
|turn|1
|
|t:|1776067524
|move|p2a: Elephant|Stealth Rock|p1a: Dragonite
|-sidestart|p1: alfaro46|move: Stealth Rock
|move|p1a: Dragonite|Dragon Dance|p1a: Dragonite
|-boost|p1a: Dragonite|atk|1
|-boost|p1a: Dragonite|spe|1
|
|upkeep
|turn|2
|
|t:|1776067528
|move|p1a: Dragonite|Dragon Dance|p1a: Dragonite
|-boost|p1a: Dragonite|atk|1
|-boost|p1a: Dragonite|spe|1
|move|p2a: Elephant|Rapid Spin|p1a: Dragonite
|-damage|p1a: Dragonite|92/100
|-boost|p2a: Elephant|spe|1
|
|upkeep
|turn|3
|
|t:|1776067535
|move|p1a: Dragonite|Dragon Dance|p1a: Dragonite
|-boost|p1a: Dragonite|atk|1
|-boost|p1a: Dragonite|spe|1
|move|p2a: Elephant|Knock Off|p1a: Dragonite
|-damage|p1a: Dragonite|58/100
|-enditem|p1a: Dragonite|Heavy-Duty Boots|[from] move: Knock Off|[of] p2a: Elephant
|
|upkeep
|turn|4
|
|t:|1776067550
|-terastallize|p2a: Elephant|Ghost
|move|p1a: Dragonite|Earthquake|p2a: Elephant
|-damage|p2a: Elephant|10/100
|move|p2a: Elephant|Knock Off|p1a: Dragonite
|-damage|p1a: Dragonite|37/100
|
|-heal|p2a: Elephant|17/100|[from] item: Leftovers
|upkeep
|turn|5
|
|t:|1776067559
|move|p1a: Dragonite|Earthquake|p2a: Elephant
|-damage|p2a: Elephant|0 fnt
|faint|p2a: Elephant
|-end|p2a: Elephant|Quark Drive|[silent]
|
|upkeep
|
|t:|1776067586
|switch|p2a: Dinosaur|Raging Bolt|100/100
|-enditem|p2a: Dinosaur|Booster Energy
|-activate|p2a: Dinosaur|ability: Protosynthesis|[fromitem]
|-start|p2a: Dinosaur|protosynthesisspa
|turn|6
|
|t:|1776067591
|move|p2a: Dinosaur|Thunderclap|p1a: Dragonite
|-damage|p1a: Dragonite|0 fnt
|faint|p1a: Dragonite
|
|upkeep
|
|t:|1776067599
|switch|p1a: Heatran|Heatran, M|100/100
|-damage|p1a: Heatran|88/100|[from] Stealth Rock
|-item|p1a: Heatran|Air Balloon
|turn|7
|
|t:|1776067602
|move|p1a: Heatran|Stealth Rock|p2a: Dinosaur
|-sidestart|p2: TheH3xx|move: Stealth Rock
|move|p2a: Dinosaur|Calm Mind|p2a: Dinosaur
|-boost|p2a: Dinosaur|spa|1
|-boost|p2a: Dinosaur|spd|1
|
|upkeep
|turn|8
|
|t:|1776067608
|move|p1a: Heatran|Magma Storm|p2a: Dinosaur
|-resisted|p2a: Dinosaur
|-damage|p2a: Dinosaur|83/100
|-activate|p2a: Dinosaur|move: Magma Storm|[of] p1a: Heatran
|move|p2a: Dinosaur|Calm Mind|p2a: Dinosaur
|-boost|p2a: Dinosaur|spa|1
|-boost|p2a: Dinosaur|spd|1
|
|-damage|p2a: Dinosaur|70/100|[from] move: Magma Storm|[partiallytrapped]
|upkeep
|turn|9
|
|t:|1776067614
|move|p2a: Dinosaur|Thunderclap||[still]
|-fail|p2a: Dinosaur
|move|p1a: Heatran|Taunt|p2a: Dinosaur
|-start|p2a: Dinosaur|move: Taunt
|
|-damage|p2a: Dinosaur|58/100|[from] move: Magma Storm|[partiallytrapped]
|upkeep
|turn|10
|
|t:|1776067620
|move|p1a: Heatran|Earth Power|p2a: Dinosaur
|-supereffective|p2a: Dinosaur
|-damage|p2a: Dinosaur|30/100
|move|p2a: Dinosaur|Thunderbolt|p1a: Heatran
|-damage|p1a: Heatran|0 fnt
|-enditem|p1a: Heatran|Air Balloon
|faint|p1a: Heatran
|
|-end|p2a: Dinosaur|Magma Storm|[partiallytrapped]|[silent]
|upkeep
|
|t:|1776067631
|switch|p1a: Ninetales|Ninetales-Alola, F|100/100
|-damage|p1a: Ninetales|76/100|[from] Stealth Rock
|-weather|Snowscape|[from] ability: Snow Warning|[of] p1a: Ninetales
|turn|11
|
|t:|1776067635
|move|p1a: Ninetales|Moonblast|p2a: Dinosaur
|-supereffective|p2a: Dinosaur
|-crit|p2a: Dinosaur
|-damage|p2a: Dinosaur|0 fnt
|faint|p2a: Dinosaur
|-end|p2a: Dinosaur|Protosynthesis|[silent]
|
|-weather|Snowscape|[upkeep]
|upkeep
|
|t:|1776067639
|switch|p2a: Duck|Pelipper, M|100/100
|-damage|p2a: Duck|76/100|[from] Stealth Rock
|-weather|RainDance|[from] ability: Drizzle|[of] p2a: Duck
|turn|12
|
|t:|1776067650
|switch|p1a: Slowking|Slowking-Galar, F|100/100
|-damage|p1a: Slowking|88/100|[from] Stealth Rock
|move|p2a: Duck|Hurricane|p1a: Slowking
|-damage|p1a: Slowking|68/100
|
|-weather|RainDance|[upkeep]
|-heal|p1a: Slowking|74/100|[from] item: Leftovers
|upkeep
|turn|13
|
|t:|1776067657
|move|p2a: Duck|Knock Off|p1a: Slowking
|-supereffective|p1a: Slowking
|-damage|p1a: Slowking|48/100
|-enditem|p1a: Slowking|Leftovers|[from] move: Knock Off|[of] p2a: Duck
|-prepare|p1a: Slowking|Chilly Reception|[premajor]
|move|p1a: Slowking|Chilly Reception|p1a: Slowking
|-weather|Snowscape
|
|t:|1776067671
|switch|p1a: Beartic|Beartic, M|100/100|[from] Chilly Reception
|-damage|p1a: Beartic|75/100|[from] Stealth Rock
|
|-weather|Snowscape|[upkeep]
|upkeep
|turn|14
|
|t:|1776067678
|switch|p2a: Monke.|Rillaboom, F|100/100
|-damage|p2a: Monke.|88/100|[from] Stealth Rock
|-fieldstart|move: Grassy Terrain|[from] ability: Grassy Surge|[of] p2a: Monke.
|move|p1a: Beartic|Swords Dance|p1a: Beartic
|-boost|p1a: Beartic|atk|2
|
|-weather|Snowscape|[upkeep]
|-heal|p1a: Beartic|82/100|[from] Grassy Terrain
|-heal|p2a: Monke.|94/100|[from] Grassy Terrain
|upkeep
|turn|15
|
|t:|1776067686
|move|p2a: Monke.|Grassy Glide|p1a: Beartic
|-damage|p1a: Beartic|39/100
|-damage|p2a: Monke.|84/100|[from] item: Life Orb
|move|p1a: Beartic|Icicle Crash|p2a: Monke.
|-supereffective|p2a: Monke.
|-damage|p2a: Monke.|0 fnt
|faint|p2a: Monke.
|-damage|p1a: Beartic|29/100|[from] item: Life Orb
|
|-weather|Snowscape|[upkeep]
|-heal|p1a: Beartic|35/100|[from] Grassy Terrain
|upkeep
|
|t:|1776067692
|switch|p2a: Arowana|Barraskewda, M|100/100
|-damage|p2a: Arowana|88/100|[from] Stealth Rock
|turn|16
|
|t:|1776067704
|switch|p2a: Duck|Pelipper, M|76/100
|-damage|p2a: Duck|51/100|[from] Stealth Rock
|-weather|RainDance|[from] ability: Drizzle|[of] p2a: Duck
|move|p1a: Beartic|Play Rough|p2a: Duck
|-damage|p2a: Duck|0 fnt
|faint|p2a: Duck
|-damage|p1a: Beartic|25/100|[from] item: Life Orb
|
|-weather|RainDance|[upkeep]
|-heal|p1a: Beartic|32/100|[from] Grassy Terrain
|upkeep
|
|t:|1776067708
|switch|p2a: Arowana|Barraskewda, M|88/100
|-damage|p2a: Arowana|76/100|[from] Stealth Rock
|turn|17
|
|t:|1776067723
|move|p2a: Arowana|Liquidation|p1a: Beartic
|-damage|p1a: Beartic|0 fnt
|faint|p1a: Beartic
|
|-weather|RainDance|[upkeep]
|-heal|p2a: Arowana|82/100|[from] Grassy Terrain
|upkeep
|
|t:|1776067726
|switch|p1a: Ninetales|Ninetales-Alola, F|76/100
|-damage|p1a: Ninetales|51/100|[from] Stealth Rock
|-weather|Snowscape|[from] ability: Snow Warning|[of] p1a: Ninetales
|turn|18
|
|t:|1776067733
|move|p2a: Arowana|Liquidation|p1a: Ninetales
|-damage|p1a: Ninetales|0 fnt
|faint|p1a: Ninetales
|
|-weather|Snowscape|[upkeep]
|-heal|p2a: Arowana|88/100|[from] Grassy Terrain
|-fieldend|move: Grassy Terrain
|upkeep
|
|t:|1776067739
|switch|p1a: Sandslash|Sandslash-Alola, F|100/100
|-damage|p1a: Sandslash|88/100|[from] Stealth Rock
|turn|19
|
|t:|1776067751
|move|p1a: Sandslash|Swords Dance|p1a: Sandslash
|-boost|p1a: Sandslash|atk|2
|move|p2a: Arowana|Liquidation|p1a: Sandslash
|-damage|p1a: Sandslash|38/100
|
|-weather|Snowscape|[upkeep]
|upkeep
|turn|20
|
|t:|1776067759
|move|p1a: Sandslash|Iron Head|p2a: Arowana
|-resisted|p2a: Arowana
|-damage|p2a: Arowana|20/100
|cant|p2a: Arowana|flinch
|
|-weather|Snowscape|[upkeep]
|upkeep
|turn|21
|-message|TheH3xx forfeited.
|
|win|alfaro46
|raw|alfaro46's rating: 1177 &rarr; <strong>1202</strong><br />(+25 for winning)
|raw|TheH3xx's rating: 1173 &rarr; <strong>1148</strong><br />(-25 for losing)
|l|☆TheH3xx
|player|p2|
