|html|<div class="broadcast-blue"><strong>[Gen 9] OU is currently suspecting Tera Blast! For information on how to participate check out the <a href="https://www.smogon.com/tools/suspects/view/200">suspect thread</a>.</strong></div>
|j|☆fraaaxn
|j|☆MugiwaraNoFrieren
|t:|1776054688
|gametype|singles
|player|p1|fraaaxn|unknownf|1624
|player|p2|MugiwaraNoFrieren|170|1587
|gen|9
|tier|[Gen 9] OU
|rated|
|rule|HP Percentage Mod: HP is shown in percentages
|rule|Endless Battle Clause: Forcing endless battles is banned
|rule|Species Clause: Limit one of each Pokémon
|rule|OHKO Clause: OHKO moves are banned
|rule|Evasion Items Clause: Evasion items are banned
|rule|Evasion Moves Clause: Evasion moves are banned
|rule|Evasion Abilities Clause: Evasion abilities are banned
|rule|Sleep Moves Clause: Sleep-inducing moves are banned
|clearpoke
|poke|p1|Ogerpon-Wellspring, F|
|poke|p1|Zamazenta-*|
|poke|p1|Moltres|
|poke|p1|Ting-Lu|
|poke|p1|Iron Treads|
|poke|p1|Pecharunt|
|poke|p2|Cinderace, M|
|poke|p2|Landorus-Therian, M|
|poke|p2|Gholdengo|
|poke|p2|Clefable, F|
|poke|p2|Mimikyu, F|
|poke|p2|Toxapex, F|
|teampreview
|inactive|Battle timer is ON: inactive players will automatically lose when time's up. (requested by fraaaxn)
|j| samurajen
|inactive|fraaaxn has 120 seconds left.
|
|t:|1776054724
|teamsize|p1|6
|teamsize|p2|6
|start
|switch|p1a: Moltres|Moltres|100/100
|switch|p2a: Clefable|Clefable, F|100/100
|turn|1
|
|t:|1776054748
|switch|p1a: Ogerpon|Ogerpon-Wellspring, F|100/100
|move|p2a: Clefable|Thunderbolt|p1a: Ogerpon
|-damage|p1a: Ogerpon|59/100
|
|upkeep
|turn|2
|
|t:|1776054757
|switch|p2a: Toxapex|Toxapex, F|100/100
|move|p1a: Ogerpon|U-turn|p2a: Toxapex
|-resisted|p2a: Toxapex
|-damage|p2a: Toxapex|91/100
|
|t:|1776054761
|switch|p1a: Iron Treads|Iron Treads|100/100|[from] U-turn
|
|-heal|p2a: Toxapex|97/100|[from] item: Leftovers
|upkeep
|turn|3
|
|t:|1776054769
|move|p1a: Iron Treads|Stealth Rock|p2a: Toxapex
|-sidestart|p2: MugiwaraNoFrieren|move: Stealth Rock
|move|p2a: Toxapex|Surf|p1a: Iron Treads
|-supereffective|p1a: Iron Treads
|-damage|p1a: Iron Treads|51/100
|
|-heal|p1a: Iron Treads|58/100|[from] item: Leftovers
|-heal|p2a: Toxapex|100/100|[from] item: Leftovers
|upkeep
|turn|4
|
|t:|1776054776
|move|p1a: Iron Treads|Ice Spinner|p2a: Toxapex
|-resisted|p2a: Toxapex
|-damage|p2a: Toxapex|91/100
|move|p2a: Toxapex|Surf|p1a: Iron Treads
|-supereffective|p1a: Iron Treads
|-damage|p1a: Iron Treads|5/100
|
|-heal|p1a: Iron Treads|11/100|[from] item: Leftovers
|-heal|p2a: Toxapex|98/100|[from] item: Leftovers
|upkeep
|turn|5
|
|t:|1776054785
|move|p1a: Iron Treads|Earthquake|p2a: Toxapex
|-supereffective|p2a: Toxapex
|-crit|p2a: Toxapex
|-damage|p2a: Toxapex|0 fnt
|faint|p2a: Toxapex
|
|-heal|p1a: Iron Treads|18/100|[from] item: Leftovers
|upkeep
|
|t:|1776054791
|switch|p2a: Cinderace|Cinderace, M|100/100
|turn|6
|
|t:|1776054795
|move|p2a: Cinderace|Pyro Ball|p1a: Iron Treads
|-supereffective|p1a: Iron Treads
|-damage|p1a: Iron Treads|0 fnt
|faint|p1a: Iron Treads
|-end|p1a: Iron Treads|Quark Drive|[silent]
|
|upkeep
|
|t:|1776054803
|switch|p1a: Pecharunt|Pecharunt|100/100
|turn|7
|
|t:|1776054806
|move|p2a: Cinderace|Court Change|p2a: Cinderace
|-start|p2a: Cinderace|typechange|Normal|[from] ability: Libero
|-swapsideconditions
|-activate|p2a: Cinderace|move: Court Change
|move|p1a: Pecharunt|Malignant Chain|p2a: Cinderace
|-damage|p2a: Cinderace|57/100
|-status|p2a: Cinderace|tox
|-start|p2a: Cinderace|confusion|[from] ability: Poison Puppeteer|[of] p1a: Pecharunt
|
|-damage|p2a: Cinderace|51/100 tox|[from] psn
|upkeep
|turn|8
|
|t:|1776054823
|switch|p2a: Gholdengo|Gholdengo|100/100
|move|p1a: Pecharunt|Parting Shot|p2a: Gholdengo
|-immune|p2a: Gholdengo|[from] ability: Good as Gold
|
|upkeep
|turn|9
|
|t:|1776054835
|switch|p2a: Mimikyu|Mimikyu, F|100/100
|switch|p1a: Ting-Lu|Ting-Lu|100/100
|-damage|p1a: Ting-Lu|94/100|[from] Stealth Rock
|-ability|p1a: Ting-Lu|Vessel of Ruin
|
|-heal|p1a: Ting-Lu|100/100|[from] item: Leftovers
|upkeep
|turn|10
|
|t:|1776054843
|move|p2a: Mimikyu|Swords Dance|p2a: Mimikyu
|-boost|p2a: Mimikyu|atk|2
|move|p1a: Ting-Lu|Earthquake|p2a: Mimikyu
|-activate|p2a: Mimikyu|ability: Disguise
|-damage|p2a: Mimikyu|100/100
|detailschange|p2a: Mimikyu|Mimikyu-Busted, F
|-damage|p2a: Mimikyu|88/100|[from] pokemon: Mimikyu-Busted
|
|upkeep
|turn|11
|
|t:|1776054851
|switch|p1a: Moltres|Moltres|100/100
|move|p2a: Mimikyu|Swords Dance|p2a: Mimikyu
|-boost|p2a: Mimikyu|atk|2
|
|upkeep
|turn|12
|
|t:|1776054862
|-terastallize|p2a: Mimikyu|Ghost
|move|p2a: Mimikyu|Shadow Claw|p1a: Moltres
|-crit|p1a: Moltres
|-damage|p1a: Moltres|0 fnt
|faint|p1a: Moltres
|-damage|p2a: Mimikyu|78/100|[from] item: Life Orb
|
|upkeep
|
|t:|1776054877
|switch|p1a: Ting-Lu|Ting-Lu|100/100
|-damage|p1a: Ting-Lu|94/100|[from] Stealth Rock
|-ability|p1a: Ting-Lu|Vessel of Ruin
|turn|13
|
|t:|1776054883
|-terastallize|p1a: Ting-Lu|Water
|move|p2a: Mimikyu|Play Rough|p1a: Ting-Lu
|-crit|p1a: Ting-Lu
|-damage|p1a: Ting-Lu|0 fnt
|faint|p1a: Ting-Lu
|-damage|p2a: Mimikyu|68/100|[from] item: Life Orb
|
|upkeep
|-message|fraaaxn forfeited.
|
|win|MugiwaraNoFrieren
|raw|fraaaxn's rating: 1624 &rarr; <strong>1602</strong><br />(-22 for losing)
|raw|MugiwaraNoFrieren's rating: 1587 &rarr; <strong>1609</strong><br />(+22 for winning)
|l|☆MugiwaraNoFrieren
|player|p2|
