|j|☆encore21768768
|j|☆Abyssal Bot
|t:|1776105535
|gametype|singles
|player|p1|encore21768768|265|
|player|p2|Abyssal Bot|supernerd|
|teamsize|p1|6
|teamsize|p2|6
|gen|9
|tier|[Gen 9] OU
|rule|Species Clause: Limit one of each Pokémon
|rule|OHKO Clause: OHKO moves are banned
|rule|Evasion Items Clause: Evasion items are banned
|rule|Evasion Moves Clause: Evasion moves are banned
|rule|Endless Battle Clause: Forcing endless battles is banned
|rule|HP Percentage Mod: HP is shown in percentages
|rule|Sleep Moves Clause: Sleep-inducing moves are banned
|clearpoke
|poke|p1|Dondozo, M|
|poke|p1|Blissey, F|
|poke|p1|Corviknight, F|
|poke|p1|Weezing-Galar, F|
|poke|p1|Gliscor, M|
|poke|p1|Toxapex, F|
|poke|p2|Kingambit, F|
|poke|p2|Cinderace, F|
|poke|p2|Landorus-Therian, M|
|poke|p2|Iron Valiant|
|poke|p2|Kyurem|
|poke|p2|Slowking-Galar, M|
|teampreview
|c|☆Abyssal Bot|**WARNING**: Expect much hax.
|inactive|Battle timer is ON: inactive players will automatically lose when time's up. (requested by Abyssal Bot)
|j|*Turbo Bottttt
|
|t:|1776105538
|start
|switch|p1a: Gliscor|Gliscor, M|100/100
|switch|p2a: Kristine|Cinderace, F, shiny|100/100
|turn|1
|
|t:|1776105540
|move|p1a: Gliscor|Protect|p1a: Gliscor
|-singleturn|p1a: Gliscor|Protect
|move|p2a: Kristine|Court Change||[still]
|-swapsideconditions
|-fail|p2a: Kristine
|
|-status|p1a: Gliscor|tox|[from] item: Toxic Orb
|upkeep
|turn|2
|
|t:|1776105544
|move|p2a: Kristine|Pyro Ball|p1a: Gliscor
|-damage|p1a: Gliscor|60/100 tox
|move|p1a: Gliscor|Knock Off|p2a: Kristine
|-damage|p2a: Kristine|74/100
|-enditem|p2a: Kristine|Heavy-Duty Boots|[from] move: Knock Off|[of] p1a: Gliscor
|
|-heal|p1a: Gliscor|73/100 tox|[from] ability: Poison Heal
|upkeep
|turn|3
|
|t:|1776105546
|move|p1a: Gliscor|Protect|p1a: Gliscor
|-singleturn|p1a: Gliscor|Protect
|move|p2a: Kristine|Pyro Ball|p1a: Gliscor
|-activate|p1a: Gliscor|move: Protect
|
|-heal|p1a: Gliscor|85/100 tox|[from] ability: Poison Heal
|upkeep
|turn|4
|
|t:|1776105549
|switch|p1a: Toxapex|Toxapex, F|100/100
|move|p2a: Kristine|Pyro Ball|p1a: Toxapex
|-resisted|p1a: Toxapex
|-damage|p1a: Toxapex|81/100
|
|-heal|p1a: Toxapex|87/100|[from] item: Leftovers
|upkeep
|turn|5
|
|t:|1776105551
|move|p2a: Kristine|Pyro Ball|p1a: Toxapex
|-resisted|p1a: Toxapex
|-damage|p1a: Toxapex|69/100
|move|p1a: Toxapex|Toxic|p2a: Kristine
|-status|p2a: Kristine|tox
|
|-heal|p1a: Toxapex|75/100|[from] item: Leftovers
|-damage|p2a: Kristine|68/100 tox|[from] psn|[of] p1a: Toxapex
|upkeep
|turn|6
|
|t:|1776105554
|move|p2a: Kristine|Pyro Ball|p1a: Toxapex
|-resisted|p1a: Toxapex
|-damage|p1a: Toxapex|57/100
|move|p1a: Toxapex|Recover|p1a: Toxapex
|-heal|p1a: Toxapex|100/100
|
|-damage|p2a: Kristine|55/100 tox|[from] psn|[of] p1a: Toxapex
|upkeep
|turn|7
|
|t:|1776105557
|move|p2a: Kristine|Court Change||[still]
|-swapsideconditions
|-fail|p2a: Kristine
|move|p1a: Toxapex|Poison Jab|p2a: Kristine
|-damage|p2a: Kristine|33/100 tox
|
|-damage|p2a: Kristine|14/100 tox|[from] psn|[of] p1a: Toxapex
|upkeep
|turn|8
|
|t:|1776105560
|move|p2a: Kristine|Pyro Ball|p1a: Toxapex
|-resisted|p1a: Toxapex
|-damage|p1a: Toxapex|68/100
|-status|p1a: Toxapex|brn
|move|p1a: Toxapex|Recover|p1a: Toxapex
|-heal|p1a: Toxapex|100/100 brn
|
|-damage|p2a: Kristine|0 tox|[from] psn|[of] p1a: Toxapex
|faint|p2a: Kristine
|-damage|p1a: Toxapex|94/100 brn|[from] brn|[of] p2: Kristine
|upkeep
|
|t:|1776105560
|switch|p2a: Daenerys|Kingambit, F|100/100
|-activate|p2a: Daenerys|ability: Supreme Overlord
|-start|p2a: Daenerys|fallen1|[silent]
|turn|9
|
|t:|1776105569
|switch|p1a: Dondozo|Dondozo, M|100/100
|move|p2a: Daenerys|Swords Dance|p2a: Daenerys
|-boost|p2a: Daenerys|atk|2
|
|upkeep
|turn|10
|
|t:|1776105571
|-end|p2a: Daenerys|fallen1|[silent]
|switch|p2a: Mr. Freeze|Kyurem, shiny|100/100
|-ability|p2a: Mr. Freeze|Pressure
|move|p1a: Dondozo|Body Press|p2a: Mr. Freeze
|-supereffective|p2a: Mr. Freeze
|-damage|p2a: Mr. Freeze|47/100
|
|upkeep
|turn|11
|
|t:|1776105576
|switch|p1a: Blissey|Blissey, F|100/100
|move|p2a: Mr. Freeze|Freeze-Dry|p1a: Blissey
|-damage|p1a: Blissey|84/100
|
|-heal|p1a: Blissey|91/100|[from] item: Leftovers
|upkeep
|turn|12
|
|t:|1776105580
|switch|p2a: Daenerys|Kingambit, F|100/100
|-activate|p2a: Daenerys|ability: Supreme Overlord
|-start|p2a: Daenerys|fallen1|[silent]
|move|p1a: Blissey|Stealth Rock|p2a: Daenerys
|-sidestart|p2: Abyssal Bot|move: Stealth Rock
|
|-heal|p1a: Blissey|97/100|[from] item: Leftovers
|upkeep
|turn|13
|
|t:|1776105584
|switch|p1a: Weezing|Weezing-Galar, F|100/100
|-ability|p1a: Weezing|Neutralizing Gas
|-end|p2a: Daenerys|fallen1|[silent]
|move|p2a: Daenerys|Iron Head|p1a: Weezing
|-supereffective|p1a: Weezing
|-damage|p1a: Weezing|41/100
|
|upkeep
|turn|14
|
|t:|1776105588
|move|p2a: Daenerys|Iron Head|p1a: Weezing
|-supereffective|p1a: Weezing
|-damage|p1a: Weezing|0
|faint|p1a: Weezing
|-end|p1a: Weezing|ability: Neutralizing Gas
|-activate|p2a: Daenerys|ability: Supreme Overlord
|-start|p2a: Daenerys|fallen1|[silent]
|
|upkeep
|
|t:|1776105592
|switch|p1a: Corviknight|Corviknight, F|100/100
|-ability|p1a: Corviknight|Pressure
|turn|15
|
|t:|1776105595
|move|p1a: Corviknight|Body Press|p2a: Daenerys
|-supereffective|p2a: Daenerys
|-damage|p2a: Daenerys|26/100
|move|p2a: Daenerys|Swords Dance|p2a: Daenerys
|-boost|p2a: Daenerys|atk|2
|
|-heal|p2a: Daenerys|32/100|[from] item: Leftovers
|upkeep
|turn|16
|
|t:|1776105598
|move|p2a: Daenerys|Sucker Punch||[still]
|-fail|p2a: Daenerys
|move|p1a: Corviknight|Iron Defense|p1a: Corviknight
|-boost|p1a: Corviknight|def|2
|
|-heal|p2a: Daenerys|38/100|[from] item: Leftovers
|upkeep
|turn|17
|
|t:|1776105599
|move|p1a: Corviknight|Body Press|p2a: Daenerys
|-supereffective|p2a: Daenerys
|-crit|p2a: Daenerys
|-damage|p2a: Daenerys|0
|faint|p2a: Daenerys
|-end|p2a: Daenerys|fallen1|[silent]
|
|upkeep
|c|☆Abyssal Bot|I should be the one who gets hax ;-;
|
|t:|1776105599
|switch|p2a: SlodogChillionaire|Slowking-Galar, M, shiny|100/100
|turn|18
|
|t:|1776105603
|move|p1a: Corviknight|Iron Defense|p1a: Corviknight
|-boost|p1a: Corviknight|def|2
|move|p2a: SlodogChillionaire|Future Sight|p1a: Corviknight
|-start|p2a: SlodogChillionaire|move: Future Sight
|
|upkeep
|turn|19
|
|t:|1776105606
|move|p1a: Corviknight|Iron Defense|p1a: Corviknight
|-boost|p1a: Corviknight|def|2
|move|p2a: SlodogChillionaire|Future Sight||[still]
|-fail|p2a: SlodogChillionaire
|
|upkeep
|turn|20
|
|t:|1776105610
|move|p1a: Corviknight|Body Press|p2a: SlodogChillionaire
|-resisted|p2a: SlodogChillionaire
|-damage|p2a: SlodogChillionaire|74/100
|move|p2a: SlodogChillionaire|Surf|p1a: Corviknight
|-damage|p1a: Corviknight|78/100
|
|-end|p1a: Corviknight|move: Future Sight
|-resisted|p1a: Corviknight
|-damage|p1a: Corviknight|57/100
|-heal|p1a: Corviknight|63/100|[from] item: Leftovers
|upkeep
|turn|21
|
|t:|1776105614
|move|p1a: Corviknight|Body Press|p2a: SlodogChillionaire
|-resisted|p2a: SlodogChillionaire
|-damage|p2a: SlodogChillionaire|45/100
|move|p2a: SlodogChillionaire|Chilly Reception|p2a: SlodogChillionaire
|-weather|Snow
|
|t:|1776105614
|switch|p2a: Homelandor|Landorus-Therian, M, shiny|100/100|[from] Chilly Reception
|-damage|p2a: Homelandor|88/100|[from] Stealth Rock|[of] p1: Blissey
|-ability|p2a: Homelandor|Intimidate|boost
|-unboost|p1a: Corviknight|atk|1
|
|-weather|Snow|[upkeep]
|-heal|p1a: Corviknight|70/100|[from] item: Leftovers
|upkeep
|turn|22
|
|t:|1776105617
|switch|p2a: SlodogChillionaire|Slowking-Galar, M, shiny|78/100
|move|p1a: Corviknight|Roost|p1a: Corviknight
|-heal|p1a: Corviknight|100/100
|-singleturn|p1a: Corviknight|move: Roost
|
|-weather|Snow|[upkeep]
|upkeep
|turn|23
|
|t:|1776105619
|move|p1a: Corviknight|Body Press|p2a: SlodogChillionaire
|-resisted|p2a: SlodogChillionaire
|-damage|p2a: SlodogChillionaire|53/100
|move|p2a: SlodogChillionaire|Chilly Reception|p2a: SlodogChillionaire
|
|t:|1776105619
|switch|p2a: Homelandor|Landorus-Therian, M, shiny|88/100|[from] Chilly Reception
|-damage|p2a: Homelandor|76/100|[from] Stealth Rock|[of] p1: Blissey
|-ability|p2a: Homelandor|Intimidate|boost
|-unboost|p1a: Corviknight|atk|1
|
|-weather|Snow|[upkeep]
|upkeep
|turn|24
|
|t:|1776105621
|switch|p2a: SlodogChillionaire|Slowking-Galar, M, shiny|87/100
|move|p1a: Corviknight|Body Press|p2a: SlodogChillionaire
|-resisted|p2a: SlodogChillionaire
|-damage|p2a: SlodogChillionaire|59/100
|
|-weather|Snow|[upkeep]
|upkeep
|turn|25
|
|t:|1776105624
|move|p1a: Corviknight|Body Press|p2a: SlodogChillionaire
|-resisted|p2a: SlodogChillionaire
|-damage|p2a: SlodogChillionaire|32/100
|move|p2a: SlodogChillionaire|Chilly Reception|p2a: SlodogChillionaire
|
|t:|1776105624
|switch|p2a: Homelandor|Landorus-Therian, M, shiny|76/100|[from] Chilly Reception
|-damage|p2a: Homelandor|63/100|[from] Stealth Rock|[of] p1: Blissey
|-ability|p2a: Homelandor|Intimidate|boost
|-unboost|p1a: Corviknight|atk|1
|
|-weather|none
|upkeep
|turn|26
|
|t:|1776105625
|switch|p2a: SlodogChillionaire|Slowking-Galar, M, shiny|65/100
|move|p1a: Corviknight|Body Press|p2a: SlodogChillionaire
|-resisted|p2a: SlodogChillionaire
|-damage|p2a: SlodogChillionaire|37/100
|
|upkeep
|turn|27
|
|t:|1776105627
|move|p1a: Corviknight|Body Press|p2a: SlodogChillionaire
|-resisted|p2a: SlodogChillionaire
|-damage|p2a: SlodogChillionaire|9/100
|move|p2a: SlodogChillionaire|Surf|p1a: Corviknight
|-damage|p1a: Corviknight|77/100
|
|-heal|p1a: Corviknight|84/100|[from] item: Leftovers
|upkeep
|turn|28
|
|t:|1776105629
|move|p1a: Corviknight|Body Press|p2a: SlodogChillionaire
|-resisted|p2a: SlodogChillionaire
|-damage|p2a: SlodogChillionaire|0
|faint|p2a: SlodogChillionaire
|
|-heal|p1a: Corviknight|90/100|[from] item: Leftovers
|upkeep
|
|t:|1776105629
|switch|p2a: Homelandor|Landorus-Therian, M, shiny|63/100
|-damage|p2a: Homelandor|51/100|[from] Stealth Rock|[of] p1: Blissey
|-ability|p2a: Homelandor|Intimidate|boost
|-unboost|p1a: Corviknight|atk|1
|turn|29
|
|t:|1776105631
|move|p2a: Homelandor|U-turn|p1a: Corviknight
|-resisted|p1a: Corviknight
|-damage|p1a: Corviknight|89/100
|
|t:|1776105631
|switch|p2a: Mr. Freeze|Kyurem, shiny|47/100|[from] U-turn
|-damage|p2a: Mr. Freeze|22/100|[from] Stealth Rock|[of] p1: Blissey
|-ability|p2a: Mr. Freeze|Pressure
|move|p1a: Corviknight|Body Press|p2a: Mr. Freeze
|-supereffective|p2a: Mr. Freeze
|-damage|p2a: Mr. Freeze|0
|faint|p2a: Mr. Freeze
|
|-heal|p1a: Corviknight|95/100|[from] item: Leftovers
|upkeep
|
|t:|1776105631
|switch|p2a: Homelandor|Landorus-Therian, M, shiny|51/100
|-damage|p2a: Homelandor|39/100|[from] Stealth Rock|[of] p1: Blissey
|-ability|p2a: Homelandor|Intimidate|boost
|-unboost|p1a: Corviknight|atk|1
|turn|30
|
|t:|1776105633
|move|p2a: Homelandor|Taunt|p1a: Corviknight
|-start|p1a: Corviknight|move: Taunt
|move|p1a: Corviknight|Body Press|p2a: Homelandor
|-resisted|p2a: Homelandor
|-damage|p2a: Homelandor|5/100
|-damage|p1a: Corviknight|79/100|[from] item: Rocky Helmet|[of] p2a: Homelandor
|
|-heal|p1a: Corviknight|85/100|[from] item: Leftovers
|upkeep
|turn|31
|
|t:|1776105635
|move|p2a: Homelandor|Stealth Rock|p1a: Corviknight
|-sidestart|p1: encore21768768|move: Stealth Rock
|move|p1a: Corviknight|Body Press|p2a: Homelandor
|-resisted|p2a: Homelandor
|-damage|p2a: Homelandor|0
|-damage|p1a: Corviknight|69/100|[from] item: Rocky Helmet|[of] p2a: Homelandor
|faint|p2a: Homelandor
|
|-heal|p1a: Corviknight|75/100|[from] item: Leftovers
|upkeep
|
|t:|1776105635
|switch|p2a: WALL-Y|Iron Valiant|100/100
|-damage|p2a: WALL-Y|94/100|[from] Stealth Rock|[of] p1: Blissey
|-enditem|p2a: WALL-Y|Booster Energy
|-activate|p2a: WALL-Y|ability: Quark Drive|[fromitem]
|-start|p2a: WALL-Y|quarkdrivespe
|turn|32
|
|t:|1776105636
|move|p2a: WALL-Y|Encore|p1a: Corviknight
|-start|p1a: Corviknight|Encore
|move|p1a: Corviknight|Body Press|p2a: WALL-Y
|-resisted|p2a: WALL-Y
|-damage|p2a: WALL-Y|22/100
|
|-heal|p1a: Corviknight|81/100|[from] item: Leftovers
|-end|p1a: Corviknight|move: Taunt
|upkeep
|turn|33
|
|t:|1776105638
|move|p2a: WALL-Y|Encore||[still]
|-fail|p2a: WALL-Y
|move|p1a: Corviknight|Body Press|p2a: WALL-Y
|-resisted|p2a: WALL-Y
|-damage|p2a: WALL-Y|0
|faint|p2a: WALL-Y
|-end|p2a: WALL-Y|Quark Drive|[silent]
|
|win|encore21768768
|c|☆Abyssal Bot|Oh, I lost. Good Game.
|l|☆Abyssal Bot
|player|p2|
|l|*Turbo Bottttt
