|html|<div class="broadcast-blue"><strong>[Gen 9] OU is currently suspecting Tera Blast! For information on how to participate check out the <a href="https://www.smogon.com/tools/suspects/view/200">suspect thread</a>.</strong></div>
|j|☆Schmoobis
|j|☆tankii
|t:|1776070633
|gametype|singles
|player|p1|Schmoobis|clown|1230
|player|p2|tankii|veteran|1167
|gen|9
|tier|[Gen 9] OU
|rated|
|rule|HP Percentage Mod: HP is shown in percentages
|rule|Endless Battle Clause: Forcing endless battles is banned
|rule|Species Clause: Limit one of each Pokémon
|rule|OHKO Clause: OHKO moves are banned
|rule|Evasion Items Clause: Evasion items are banned
|rule|Evasion Moves Clause: Evasion moves are banned
|rule|Evasion Abilities Clause: Evasion abilities are banned
|rule|Sleep Moves Clause: Sleep-inducing moves are banned
|clearpoke
|poke|p1|Tyranitar, M|
|poke|p1|Sandaconda, M|
|poke|p1|Scizor, M|
|poke|p1|Hydrapple, F|
|poke|p1|Moltres|
|poke|p1|Greninja-*, M|
|poke|p2|Ceruledge, F|
|poke|p2|Grimmsnarl, M|
|poke|p2|Iron Treads|
|poke|p2|Raging Bolt|
|poke|p2|Deoxys-Speed|
|poke|p2|Ogerpon-Wellspring, F|
|teampreview
|
|t:|1776070648
|teamsize|p1|6
|teamsize|p2|6
|start
|switch|p1a: Tyranitar|Tyranitar, M|100/100
|switch|p2a: Ogerpon|Ogerpon-Wellspring, F|100/100
|-weather|Sandstorm|[from] ability: Sand Stream|[of] p1a: Tyranitar
|turn|1
|
|t:|1776070661
|move|p2a: Ogerpon|Swords Dance|p2a: Ogerpon
|-boost|p2a: Ogerpon|atk|2
|move|p1a: Tyranitar|Knock Off|p2a: Ogerpon
|-damage|p2a: Ogerpon|48/100
|
|-weather|Sandstorm|[upkeep]
|-damage|p2a: Ogerpon|42/100|[from] Sandstorm
|upkeep
|turn|2
|
|t:|1776070671
|move|p2a: Ogerpon|Swords Dance|p2a: Ogerpon
|-boost|p2a: Ogerpon|atk|2
|move|p1a: Tyranitar|Ice Punch|p2a: Ogerpon
|-damage|p2a: Ogerpon|1/100
|-status|p2a: Ogerpon|frz
|
|-weather|Sandstorm|[upkeep]
|-damage|p2a: Ogerpon|0 fnt|[from] Sandstorm
|faint|p2a: Ogerpon
|upkeep
|c|☆tankii|youre out of your damn mind
|c|☆tankii|not swapping there
|
|t:|1776070693
|switch|p2a: Iron Treads|Iron Treads|100/100
|-enditem|p2a: Iron Treads|Booster Energy
|-activate|p2a: Iron Treads|ability: Quark Drive|[fromitem]
|-start|p2a: Iron Treads|quarkdrivespe
|turn|3
|
|t:|1776070703
|switch|p1a: Sandaconda|Sandaconda, M|100/100
|move|p2a: Iron Treads|Steel Beam|p1a: Sandaconda
|-damage|p1a: Sandaconda|59/100
|-damage|p2a: Iron Treads|50/100|[from] steelbeam
|
|-weather|Sandstorm|[upkeep]
|-heal|p1a: Sandaconda|65/100|[from] item: Leftovers
|upkeep
|turn|4
|
|t:|1776070715
|move|p2a: Iron Treads|Stealth Rock|p1a: Sandaconda
|-sidestart|p1: Schmoobis|move: Stealth Rock
|move|p1a: Sandaconda|Glare|p2a: Iron Treads
|-status|p2a: Iron Treads|par
|
|-weather|Sandstorm|[upkeep]
|-heal|p1a: Sandaconda|71/100|[from] item: Leftovers
|upkeep
|turn|5
|
|t:|1776070725
|cant|p2a: Iron Treads|par
|move|p1a: Sandaconda|Stealth Rock|p2a: Iron Treads
|-sidestart|p2: tankii|move: Stealth Rock
|
|-weather|none
|-heal|p1a: Sandaconda|77/100|[from] item: Leftovers
|upkeep
|turn|6
|
|t:|1776070735
|move|p2a: Iron Treads|Rapid Spin|p1a: Sandaconda
|-damage|p1a: Sandaconda|67/100
|-boost|p2a: Iron Treads|spe|1
|-weather|Sandstorm|[from] ability: Sand Spit|[of] p1a: Sandaconda
|-sideend|p2: tankii|Stealth Rock|[from] move: Rapid Spin|[of] p2a: Iron Treads
|move|p1a: Sandaconda|Body Press|p2a: Iron Treads
|-supereffective|p2a: Iron Treads
|-damage|p2a: Iron Treads|11/100 par
|
|-weather|Sandstorm|[upkeep]
|-heal|p1a: Sandaconda|73/100|[from] item: Leftovers
|upkeep
|turn|7
|
|t:|1776070750
|move|p2a: Iron Treads|Steel Beam|p1a: Sandaconda
|-damage|p1a: Sandaconda|31/100
|-damage|p2a: Iron Treads|0 fnt|[from] steelbeam
|faint|p2a: Iron Treads
|-end|p2a: Iron Treads|Quark Drive|[silent]
|move|p1a: Sandaconda|Body Press|p2: Iron Treads|[notarget]
|-fail|p1a: Sandaconda
|
|-weather|Sandstorm|[upkeep]
|-heal|p1a: Sandaconda|37/100|[from] item: Leftovers
|upkeep
|
|t:|1776070761
|switch|p2a: Deoxys|Deoxys-Speed|100/100
|-ability|p2a: Deoxys|Pressure
|turn|8
|
|t:|1776070772
|move|p2a: Deoxys|Psycho Boost|p1a: Sandaconda
|-damage|p1a: Sandaconda|0 fnt
|-unboost|p2a: Deoxys|spa|2
|faint|p1a: Sandaconda
|
|-weather|Sandstorm|[upkeep]
|-damage|p2a: Deoxys|94/100|[from] Sandstorm
|-heal|p2a: Deoxys|100/100|[from] item: Leftovers
|upkeep
|
|t:|1776070785
|switch|p1a: Tyranitar|Tyranitar, M|100/100
|-damage|p1a: Tyranitar|88/100|[from] Stealth Rock
|turn|9
|
|t:|1776070792
|switch|p2a: Grimmsnarl|Grimmsnarl, M|100/100
|move|p1a: Tyranitar|Knock Off|p2a: Grimmsnarl
|-resisted|p2a: Grimmsnarl
|-crit|p2a: Grimmsnarl
|-damage|p2a: Grimmsnarl|71/100
|-enditem|p2a: Grimmsnarl|Light Clay|[from] move: Knock Off|[of] p1a: Tyranitar
|
|-weather|Sandstorm|[upkeep]
|-damage|p2a: Grimmsnarl|65/100|[from] Sandstorm
|upkeep
|turn|10
|
|t:|1776070803
|move|p2a: Grimmsnarl|Low Kick|p1a: Tyranitar
|-supereffective|p1a: Tyranitar
|-damage|p1a: Tyranitar|0 fnt
|faint|p1a: Tyranitar
|
|-weather|none
|upkeep
|
|t:|1776070814
|switch|p1a: Scizor|Scizor, M|100/100
|-damage|p1a: Scizor|88/100|[from] Stealth Rock
|turn|11
|
|t:|1776070824
|move|p2a: Grimmsnarl|Reflect|p2a: Grimmsnarl
|-sidestart|p2: tankii|Reflect
|move|p1a: Scizor|Bullet Punch|p2a: Grimmsnarl
|-supereffective|p2a: Grimmsnarl
|-damage|p2a: Grimmsnarl|0 fnt
|faint|p2a: Grimmsnarl
|
|upkeep
|
|t:|1776070830
|switch|p2a: Ceruledge|Ceruledge, F|100/100
|turn|12
|
|t:|1776070836
|switch|p1a: Moltres|Moltres|100/100
|move|p2a: Ceruledge|Swords Dance|p2a: Ceruledge
|-boost|p2a: Ceruledge|atk|2
|
|upkeep
|turn|13
|
|t:|1776070848
|move|p2a: Ceruledge|Poltergeist|p1a: Moltres
|-activate|p1a: Moltres|move: Poltergeist|Heavy-Duty Boots
|-damage|p1a: Moltres|0 fnt
|faint|p1a: Moltres
|-damage|p2a: Ceruledge|91/100|[from] item: Life Orb
|
|upkeep
|
|t:|1776070860
|switch|p1a: Hydrapple|Hydrapple, F|100/100
|-damage|p1a: Hydrapple|88/100|[from] Stealth Rock
|turn|14
|
|t:|1776070868
|-terastallize|p1a: Hydrapple|Fairy
|move|p2a: Ceruledge|Bitter Blade|p1a: Hydrapple
|-damage|p1a: Hydrapple|0 fnt
|-heal|p2a: Ceruledge|100/100|[from] drain|[of] p1a: Hydrapple
|-damage|p2a: Ceruledge|84/100|[from] item: Rocky Helmet|[of] p1a: Hydrapple
|faint|p1a: Hydrapple
|-damage|p2a: Ceruledge|74/100|[from] item: Life Orb
|
|upkeep
|
|t:|1776070878
|switch|p1a: Greninja|Greninja, M|100/100
|-damage|p1a: Greninja|88/100|[from] Stealth Rock
|turn|15
|
|t:|1776070885
|switch|p2a: Deoxys|Deoxys-Speed|100/100
|-ability|p2a: Deoxys|Pressure
|move|p1a: Greninja|Water Shuriken|p2a: Deoxys
|-damage|p2a: Deoxys|88/100
|-damage|p2a: Deoxys|73/100
|-damage|p2a: Deoxys|59/100
|-damage|p2a: Deoxys|46/100
|-damage|p2a: Deoxys|33/100
|-hitcount|p2a: Deoxys|5
|-damage|p1a: Greninja|78/100|[from] item: Life Orb
|
|-heal|p2a: Deoxys|39/100|[from] item: Leftovers
|-sideend|p2: tankii|Reflect
|upkeep
|turn|16
|
|t:|1776070900
|move|p1a: Greninja|Water Shuriken|p2a: Deoxys
|-damage|p2a: Deoxys|25/100
|-damage|p2a: Deoxys|12/100
|-hitcount|p2a: Deoxys|2
|-damage|p1a: Greninja|69/100|[from] item: Life Orb
|move|p2a: Deoxys|Focus Blast|p1a: Greninja
|-supereffective|p1a: Greninja
|-damage|p1a: Greninja|0 fnt
|faint|p1a: Greninja
|
|-heal|p2a: Deoxys|18/100|[from] item: Leftovers
|upkeep
|
|t:|1776070912
|switch|p1a: Scizor|Scizor, M|88/100
|-damage|p1a: Scizor|76/100|[from] Stealth Rock
|turn|17
|
|t:|1776070924
|move|p2a: Deoxys|Focus Blast|p1a: Scizor
|-damage|p1a: Scizor|36/100
|-unboost|p1a: Scizor|spd|1
|move|p1a: Scizor|Dual Wingbeat|p2a: Deoxys
|-damage|p2a: Deoxys|0 fnt
|faint|p2a: Deoxys
|-hitcount|p2: Deoxys|1
|
|upkeep
|
|t:|1776070928
|switch|p2a: Ceruledge|Ceruledge, F|74/100
|turn|18
|
|t:|1776070935
|move|p2a: Ceruledge|Shadow Sneak|p1a: Scizor
|-damage|p1a: Scizor|5/100
|-damage|p2a: Ceruledge|64/100|[from] item: Life Orb
|move|p1a: Scizor|Dual Wingbeat|p2a: Ceruledge|[miss]
|-miss|p1a: Scizor|p2a: Ceruledge
|
|upkeep
|turn|19
|
|t:|1776070942
|move|p2a: Ceruledge|Shadow Sneak|p1a: Scizor
|-damage|p1a: Scizor|0 fnt
|faint|p1a: Scizor
|-damage|p2a: Ceruledge|54/100|[from] item: Life Orb
|
|win|tankii
|raw|Schmoobis's rating: 1230 &rarr; <strong>1201</strong><br />(-29 for losing)
|raw|tankii's rating: 1167 &rarr; <strong>1196</strong><br />(+29 for winning)
|l|☆tankii
|player|p2|
|l|☆Schmoobis
|player|p1|
