|html|<div class="broadcast-blue"><strong>[Gen 9] OU is currently suspecting Tera Blast! For information on how to participate check out the <a href="https://www.smogon.com/tools/suspects/view/200">suspect thread</a>.</strong></div>
|badge|p2|bronze|gen9ou|100-9
|uhtml|medal-msg|<div class="broadcast-blue">Curious what those medals under the avatar are? PS now has Ladder Seasons! For more information, check out the <a href="https://www.smogon.com/forums/threads/3740067/">thread on Smogon.</a></div>
|j|☆mathismathin
|j|☆hypervortex7
|t:|1776108618
|gametype|singles
|player|p1|mathismathin|bugsy-masters|1804
|player|p2|hypervortex7|gentleman-gen4dp|1893
|gen|9
|tier|[Gen 9] OU
|rated|
|rule|HP Percentage Mod: HP is shown in percentages
|rule|Endless Battle Clause: Forcing endless battles is banned
|rule|Species Clause: Limit one of each Pokémon
|rule|OHKO Clause: OHKO moves are banned
|rule|Evasion Items Clause: Evasion items are banned
|rule|Evasion Moves Clause: Evasion moves are banned
|rule|Evasion Abilities Clause: Evasion abilities are banned
|rule|Sleep Moves Clause: Sleep-inducing moves are banned
|clearpoke
|poke|p1|Chesnaught, F|
|poke|p1|Rotom-Heat|
|poke|p1|Reuniclus, M|
|poke|p1|Avalugg, F|
|poke|p1|Quagsire, M|
|poke|p1|Chansey, F|
|poke|p2|Corviknight, M|
|poke|p2|Dragonite, M|
|poke|p2|Scizor, F|
|poke|p2|Iron Moth|
|poke|p2|Greninja-*, M|
|poke|p2|Zamazenta-*|
|teampreview
|inactive|Battle timer is ON: inactive players will automatically lose when time's up. (requested by mathismathin)
|
|t:|1776108734
|teamsize|p1|6
|teamsize|p2|6
|start
|switch|p1a: Rotom|Rotom-Heat|100/100
|switch|p2a: Dragonite|Dragonite, M|100/100
|turn|1
|j| Monkey D MinMin
|
|t:|1776108755
|move|p2a: Dragonite|Dragon Dance|p2a: Dragonite
|-boost|p2a: Dragonite|atk|1
|-boost|p2a: Dragonite|spe|1
|move|p1a: Rotom|Will-O-Wisp|p2a: Dragonite
|-status|p2a: Dragonite|brn
|-enditem|p2a: Dragonite|Lum Berry|[eat]
|-curestatus|p2a: Dragonite|brn|[msg]
|
|upkeep
|turn|2
|
|t:|1776108768
|move|p2a: Dragonite|Outrage|p1a: Rotom
|-damage|p1a: Rotom|0 fnt
|faint|p1a: Rotom
|
|upkeep
|inactive|mathismathin has 120 seconds left.
|
|t:|1776108796
|switch|p1a: Avalugg|Avalugg, F|100/100
|turn|3
|
|t:|1776108813
|move|p2a: Dragonite|Outrage|p1a: Avalugg|[from] lockedmove
|-damage|p1a: Avalugg|56/100
|move|p1a: Avalugg|Avalanche|p2a: Dragonite
|-supereffective|p2a: Dragonite
|-damage|p2a: Dragonite|0 fnt
|faint|p2a: Dragonite
|
|upkeep
|
|t:|1776108817
|switch|p2a: Scizor|Scizor, F|100/100
|turn|4
|
|t:|1776108825
|move|p2a: Scizor|Swords Dance|p2a: Scizor
|-boost|p2a: Scizor|atk|2
|move|p1a: Avalugg|Recover|p1a: Avalugg
|-heal|p1a: Avalugg|100/100
|
|upkeep
|turn|5
|
|t:|1776108827
|switch|p1a: Quagsire|Quagsire, M|100/100
|move|p2a: Scizor|Bullet Punch|p1a: Quagsire
|-resisted|p1a: Quagsire
|-damage|p1a: Quagsire|85/100
|-damage|p2a: Scizor|91/100|[from] item: Life Orb
|
|-heal|p1a: Quagsire|91/100|[from] item: Leftovers
|upkeep
|turn|6
|
|t:|1776108830
|move|p2a: Scizor|Knock Off|p1a: Quagsire
|-damage|p1a: Quagsire|57/100
|-enditem|p1a: Quagsire|Leftovers|[from] move: Knock Off|[of] p2a: Scizor
|-damage|p2a: Scizor|81/100|[from] item: Life Orb
|move|p1a: Quagsire|Counter|p2a: Scizor
|-damage|p2a: Scizor|3/100
|
|upkeep
|turn|7
|
|t:|1776108833
|move|p2a: Scizor|Swords Dance|p2a: Scizor
|-boost|p2a: Scizor|atk|2
|move|p1a: Quagsire|Recover|p1a: Quagsire
|-heal|p1a: Quagsire|100/100
|
|upkeep
|turn|8
|
|t:|1776108861
|move|p2a: Scizor|Quick Attack|p1a: Quagsire
|-damage|p1a: Quagsire|79/100
|-damage|p2a: Scizor|0 fnt|[from] item: Life Orb
|faint|p2a: Scizor
|move|p1a: Quagsire|Recover|p1a: Quagsire
|-heal|p1a: Quagsire|100/100
|
|upkeep
|
|t:|1776108870
|switch|p2a: Iron Moth|Iron Moth|100/100
|-enditem|p2a: Iron Moth|Booster Energy
|-activate|p2a: Iron Moth|ability: Quark Drive|[fromitem]
|-start|p2a: Iron Moth|quarkdrivespa
|turn|9
|
|t:|1776108887
|switch|p1a: Chansey|Chansey, F|100/100
|move|p2a: Iron Moth|Substitute|p2a: Iron Moth
|-start|p2a: Iron Moth|Substitute
|-damage|p2a: Iron Moth|76/100
|
|upkeep
|turn|10
|
|t:|1776108889
|move|p2a: Iron Moth|Fiery Dance|p1a: Chansey
|-damage|p1a: Chansey|87/100
|move|p1a: Chansey|Calm Mind|p1a: Chansey
|-boost|p1a: Chansey|spa|1
|-boost|p1a: Chansey|spd|1
|
|upkeep
|turn|11
|
|t:|1776108891
|move|p2a: Iron Moth|Fiery Dance|p1a: Chansey
|-damage|p1a: Chansey|77/100
|move|p1a: Chansey|Seismic Toss|p2a: Iron Moth
|-end|p2a: Iron Moth|Substitute
|
|upkeep
|turn|12
|
|t:|1776108894
|move|p2a: Iron Moth|Fiery Dance|p1a: Chansey
|-damage|p1a: Chansey|69/100
|-boost|p2a: Iron Moth|spa|1
|move|p1a: Chansey|Stealth Rock|p2a: Iron Moth
|-sidestart|p2: hypervortex7|move: Stealth Rock
|
|upkeep
|turn|13
|
|t:|1776108897
|move|p2a: Iron Moth|Fiery Dance|p1a: Chansey
|-damage|p1a: Chansey|54/100
|-boost|p2a: Iron Moth|spa|1
|move|p1a: Chansey|Calm Mind|p1a: Chansey
|-boost|p1a: Chansey|spa|1
|-boost|p1a: Chansey|spd|1
|
|upkeep
|turn|14
|
|t:|1776108901
|move|p2a: Iron Moth|Fiery Dance|p1a: Chansey
|-damage|p1a: Chansey|41/100
|-boost|p2a: Iron Moth|spa|1
|move|p1a: Chansey|Soft-Boiled|p1a: Chansey
|-heal|p1a: Chansey|91/100
|
|upkeep
|turn|15
|
|t:|1776108903
|move|p2a: Iron Moth|Fiery Dance|p1a: Chansey
|-damage|p1a: Chansey|74/100
|-boost|p2a: Iron Moth|spa|1
|move|p1a: Chansey|Seismic Toss|p2a: Iron Moth
|-damage|p2a: Iron Moth|43/100
|
|upkeep
|turn|16
|
|t:|1776108905
|move|p2a: Iron Moth|Sludge Wave|p1a: Chansey
|-damage|p1a: Chansey|47/100
|move|p1a: Chansey|Seismic Toss|p2a: Iron Moth
|-damage|p2a: Iron Moth|9/100
|
|upkeep
|turn|17
|
|t:|1776108907
|move|p2a: Iron Moth|Sludge Wave|p1a: Chansey
|-damage|p1a: Chansey|21/100
|move|p1a: Chansey|Soft-Boiled|p1a: Chansey
|-heal|p1a: Chansey|71/100
|
|upkeep
|turn|18
|
|t:|1776108909
|move|p2a: Iron Moth|Fiery Dance|p1a: Chansey
|-damage|p1a: Chansey|51/100
|move|p1a: Chansey|Soft-Boiled|p1a: Chansey
|-heal|p1a: Chansey|100/100
|
|upkeep
|turn|19
|
|t:|1776108912
|move|p2a: Iron Moth|Sludge Wave|p1a: Chansey
|-damage|p1a: Chansey|77/100
|move|p1a: Chansey|Seismic Toss|p2a: Iron Moth
|-damage|p2a: Iron Moth|0 fnt
|faint|p2a: Iron Moth
|-end|p2a: Iron Moth|Quark Drive|[silent]
|
|upkeep
|
|t:|1776108914
|switch|p2a: Zamazenta|Zamazenta|100/100
|-damage|p2a: Zamazenta|94/100|[from] Stealth Rock
|-ability|p2a: Zamazenta|Dauntless Shield|boost
|-boost|p2a: Zamazenta|def|1
|turn|20
|j| 40 crip
|j| Jdcomix
|inactive|mathismathin has 120 seconds left.
|
|t:|1776108950
|switch|p1a: Reuniclus|Reuniclus, M|100/100
|move|p2a: Zamazenta|Iron Defense|p2a: Zamazenta
|-boost|p2a: Zamazenta|def|2
|
|-heal|p2a: Zamazenta|100/100|[from] item: Leftovers
|upkeep
|turn|21
|
|t:|1776108952
|move|p2a: Zamazenta|Substitute|p2a: Zamazenta
|-start|p2a: Zamazenta|Substitute
|-damage|p2a: Zamazenta|75/100
|move|p1a: Reuniclus|Knock Off|p2a: Zamazenta
|-resisted|p2a: Zamazenta
|-activate|p2a: Zamazenta|move: Substitute|[damage]
|
|-heal|p2a: Zamazenta|82/100|[from] item: Leftovers
|upkeep
|turn|22
|
|t:|1776108957
|-terastallize|p2a: Zamazenta|Dark
|move|p2a: Zamazenta|Crunch|p1a: Reuniclus
|-supereffective|p1a: Reuniclus
|-damage|p1a: Reuniclus|55/100
|move|p1a: Reuniclus|Psychic Noise|p2a: Zamazenta
|-immune|p2a: Zamazenta
|
|-heal|p2a: Zamazenta|88/100|[from] item: Leftovers
|-heal|p1a: Reuniclus|61/100|[from] item: Leftovers
|upkeep
|turn|23
|
|t:|1776108965
|switch|p1a: Chesnaught|Chesnaught, F|100/100
|move|p2a: Zamazenta|Crunch|p1a: Chesnaught
|-resisted|p1a: Chesnaught
|-damage|p1a: Chesnaught|92/100
|-damage|p2a: Zamazenta|71/100|[from] item: Rocky Helmet|[of] p1a: Chesnaught
|
|-heal|p2a: Zamazenta|77/100|[from] item: Leftovers
|upkeep
|turn|24
|
|t:|1776108968
|move|p2a: Zamazenta|Body Press|p1a: Chesnaught
|-damage|p1a: Chesnaught|37/100
|-damage|p2a: Zamazenta|60/100|[from] item: Rocky Helmet|[of] p1a: Chesnaught
|move|p1a: Chesnaught|Iron Defense|p1a: Chesnaught
|-boost|p1a: Chesnaught|def|2
|
|-heal|p2a: Zamazenta|66/100|[from] item: Leftovers
|upkeep
|turn|25
|
|t:|1776108971
|move|p2a: Zamazenta|Iron Defense|p2a: Zamazenta
|-boost|p2a: Zamazenta|def|2
|move|p1a: Chesnaught|Synthesis|p1a: Chesnaught
|-heal|p1a: Chesnaught|87/100
|
|-heal|p2a: Zamazenta|72/100|[from] item: Leftovers
|upkeep
|turn|26
|
|t:|1776108973
|move|p2a: Zamazenta|Body Press|p1a: Chesnaught
|-damage|p1a: Chesnaught|48/100
|-damage|p2a: Zamazenta|56/100|[from] item: Rocky Helmet|[of] p1a: Chesnaught
|move|p1a: Chesnaught|Iron Defense|p1a: Chesnaught
|-boost|p1a: Chesnaught|def|2
|
|-heal|p2a: Zamazenta|62/100|[from] item: Leftovers
|upkeep
|turn|27
|
|t:|1776108980
|move|p2a: Zamazenta|Body Press|p1a: Chesnaught
|-damage|p1a: Chesnaught|22/100
|-damage|p2a: Zamazenta|45/100|[from] item: Rocky Helmet|[of] p1a: Chesnaught
|move|p1a: Chesnaught|Synthesis|p1a: Chesnaught
|-heal|p1a: Chesnaught|72/100
|
|-heal|p2a: Zamazenta|51/100|[from] item: Leftovers
|upkeep
|turn|28
|
|t:|1776108992
|move|p2a: Zamazenta|Body Press|p1a: Chesnaught
|-damage|p1a: Chesnaught|45/100
|-damage|p2a: Zamazenta|34/100|[from] item: Rocky Helmet|[of] p1a: Chesnaught
|move|p1a: Chesnaught|Body Press|p2a: Zamazenta
|-supereffective|p2a: Zamazenta
|-end|p2a: Zamazenta|Substitute
|
|-heal|p2a: Zamazenta|40/100|[from] item: Leftovers
|upkeep
|turn|29
|
|t:|1776108995
|move|p2a: Zamazenta|Body Press|p1a: Chesnaught
|-damage|p1a: Chesnaught|19/100
|-damage|p2a: Zamazenta|24/100|[from] item: Rocky Helmet|[of] p1a: Chesnaught
|move|p1a: Chesnaught|Body Press|p2a: Zamazenta
|-supereffective|p2a: Zamazenta
|-damage|p2a: Zamazenta|0 fnt
|faint|p2a: Zamazenta
|
|upkeep
|
|t:|1776108996
|switch|p2a: Greninja|Greninja, M|100/100
|-damage|p2a: Greninja|88/100|[from] Stealth Rock
|turn|30
|
|t:|1776109004
|switch|p1a: Chansey|Chansey, F|77/100
|move|p2a: Greninja|Ice Beam|p1a: Chansey
|-damage|p1a: Chansey|69/100
|
|upkeep
|turn|31
|
|t:|1776109008
|move|p2a: Greninja|Dark Pulse|p1a: Chansey
|-damage|p1a: Chansey|59/100
|move|p1a: Chansey|Soft-Boiled|p1a: Chansey
|-heal|p1a: Chansey|100/100
|
|upkeep
|turn|32
|inactive|mathismathin has 120 seconds left.
|
|t:|1776109044
|move|p2a: Greninja|Ice Beam|p1a: Chansey
|-damage|p1a: Chansey|94/100
|move|p1a: Chansey|Seismic Toss|p2a: Greninja
|-damage|p2a: Greninja|53/100
|
|upkeep
|turn|33
|
|t:|1776109047
|move|p2a: Greninja|Ice Beam|p1a: Chansey
|-damage|p1a: Chansey|86/100
|move|p1a: Chansey|Seismic Toss|p2a: Greninja
|-damage|p2a: Greninja|18/100
|
|upkeep
|turn|34
|
|t:|1776109059
|move|p2a: Greninja|Ice Beam|p1a: Chansey
|-damage|p1a: Chansey|79/100
|move|p1a: Chansey|Seismic Toss|p2a: Greninja
|-damage|p2a: Greninja|0 fnt
|faint|p2a: Greninja
|
|upkeep
|
|t:|1776109060
|switch|p2a: Corviknight|Corviknight, M|100/100
|-damage|p2a: Corviknight|88/100|[from] Stealth Rock
|turn|35
|
|t:|1776109065
|switch|p1a: Reuniclus|Reuniclus, M|61/100
|move|p2a: Corviknight|Bulk Up|p2a: Corviknight
|-boost|p2a: Corviknight|atk|1
|-boost|p2a: Corviknight|def|1
|
|-heal|p2a: Corviknight|94/100|[from] item: Leftovers
|-heal|p1a: Reuniclus|67/100|[from] item: Leftovers
|upkeep
|turn|36
|
|t:|1776109068
|move|p2a: Corviknight|Bulk Up|p2a: Corviknight
|-boost|p2a: Corviknight|atk|1
|-boost|p2a: Corviknight|def|1
|move|p1a: Reuniclus|Knock Off|p2a: Corviknight
|-damage|p2a: Corviknight|88/100
|-enditem|p2a: Corviknight|Leftovers|[from] move: Knock Off|[of] p1a: Reuniclus
|
|-heal|p1a: Reuniclus|74/100|[from] item: Leftovers
|upkeep
|turn|37
|
|t:|1776109072
|move|p2a: Corviknight|Bulk Up|p2a: Corviknight
|-boost|p2a: Corviknight|atk|1
|-boost|p2a: Corviknight|def|1
|move|p1a: Reuniclus|Calm Mind|p1a: Reuniclus
|-boost|p1a: Reuniclus|spa|1
|-boost|p1a: Reuniclus|spd|1
|
|-heal|p1a: Reuniclus|80/100|[from] item: Leftovers
|upkeep
|turn|38
|
|t:|1776109075
|move|p2a: Corviknight|Power Trip|p1a: Reuniclus
|-supereffective|p1a: Reuniclus
|-damage|p1a: Reuniclus|0 fnt
|faint|p1a: Reuniclus
|
|upkeep
|
|t:|1776109081
|switch|p1a: Avalugg|Avalugg, F|100/100
|turn|39
|j| yua chan
|
|t:|1776109085
|move|p2a: Corviknight|Bulk Up|p2a: Corviknight
|-boost|p2a: Corviknight|atk|1
|-boost|p2a: Corviknight|def|1
|move|p1a: Avalugg|Body Press|p2a: Corviknight
|-damage|p2a: Corviknight|78/100
|
|upkeep
|turn|40
|
|t:|1776109087
|move|p2a: Corviknight|Bulk Up|p2a: Corviknight
|-boost|p2a: Corviknight|atk|1
|-boost|p2a: Corviknight|def|1
|move|p1a: Avalugg|Body Press|p2a: Corviknight
|-damage|p2a: Corviknight|68/100
|
|upkeep
|turn|41
|
|t:|1776109093
|-terastallize|p1a: Avalugg|Fighting
|move|p2a: Corviknight|Roost|p2a: Corviknight
|-heal|p2a: Corviknight|100/100
|-singleturn|p2a: Corviknight|move: Roost
|move|p1a: Avalugg|Body Press|p2a: Corviknight
|-supereffective|p2a: Corviknight
|-crit|p2a: Corviknight
|-damage|p2a: Corviknight|0 fnt
|faint|p2a: Corviknight
|
|win|mathismathin
|raw|mathismathin's rating: 1795 &rarr; <strong>1820</strong><br />(+25 for winning)
|raw|hypervortex7's rating: 1893 &rarr; <strong>1868</strong><br />(-25 for losing)
|c|☆hypervortex7|cmon
|c|☆hypervortex7|lol
|c|☆mathismathin|gg
|l|☆hypervortex7
|player|p2|
|c|☆mathismathin|counter quag like
|l|☆mathismathin
|player|p1|
