|html|<div class="broadcast-blue"><strong>[Gen 9] OU is currently suspecting Tera Blast! For information on how to participate check out the <a href="https://www.smogon.com/tools/suspects/view/200">suspect thread</a>.</strong></div>
|j|☆LLBattler
|j|☆blattyOmighty
|t:|1776046947
|gametype|singles
|player|p1|LLBattler|265|1207
|player|p2|blattyOmighty|swimmerf-gen4|1250
|gen|9
|tier|[Gen 9] OU
|rated|
|rule|HP Percentage Mod: HP is shown in percentages
|rule|Endless Battle Clause: Forcing endless battles is banned
|rule|Species Clause: Limit one of each Pokémon
|rule|OHKO Clause: OHKO moves are banned
|rule|Evasion Items Clause: Evasion items are banned
|rule|Evasion Moves Clause: Evasion moves are banned
|rule|Evasion Abilities Clause: Evasion abilities are banned
|rule|Sleep Moves Clause: Sleep-inducing moves are banned
|clearpoke
|poke|p1|Kyurem|
|poke|p1|Corviknight, M|
|poke|p1|Ting-Lu|
|poke|p1|Dondozo, M|
|poke|p1|Slowking-Galar, F|
|poke|p1|Cinderace, F|
|poke|p2|Meloetta|
|poke|p2|Flamigo, F|
|poke|p2|Salazzle, F|
|poke|p2|Kleavor, M|
|poke|p2|Serperior, M|
|poke|p2|Lapras, F|
|teampreview
|
|t:|1776046956
|teamsize|p1|6
|teamsize|p2|6
|start
|switch|p1a: Kyurem|Kyurem|100/100
|switch|p2a: Orka|Lapras, F, shiny|100/100
|-ability|p1a: Kyurem|Pressure
|turn|1
|
|t:|1776046972
|move|p1a: Kyurem|Substitute|p1a: Kyurem
|-start|p1a: Kyurem|Substitute
|-damage|p1a: Kyurem|75/100
|move|p2a: Orka|Ice Beam|p1a: Kyurem
|-end|p1a: Kyurem|Substitute
|
|-heal|p1a: Kyurem|82/100|[from] item: Leftovers
|upkeep
|turn|2
|
|t:|1776046998
|move|p1a: Kyurem|Earth Power|p2a: Orka
|-damage|p2a: Orka|76/100
|-unboost|p2a: Orka|spd|1
|move|p2a: Orka|Ice Beam|p1a: Kyurem
|-damage|p1a: Kyurem|46/100
|
|-heal|p1a: Kyurem|52/100|[from] item: Leftovers
|-heal|p2a: Orka|82/100|[from] item: Leftovers
|upkeep
|turn|3
|
|t:|1776047010
|move|p1a: Kyurem|Protect|p1a: Kyurem
|-singleturn|p1a: Kyurem|Protect
|move|p2a: Orka|Ice Beam|p1a: Kyurem
|-activate|p1a: Kyurem|move: Protect
|
|-heal|p1a: Kyurem|58/100|[from] item: Leftovers
|-heal|p2a: Orka|88/100|[from] item: Leftovers
|upkeep
|turn|4
|
|t:|1776047024
|switch|p1a: Slowking|Slowking-Galar, F|100/100
|switch|p2a: Firelord|Salazzle, F, shiny|100/100
|-item|p2a: Firelord|Air Balloon
|
|upkeep
|turn|5
|
|t:|1776047035
|switch|p2a: Ben Grimm|Kleavor, M, shiny|100/100
|-prepare|p1a: Slowking|Chilly Reception|[premajor]
|move|p1a: Slowking|Chilly Reception|p1a: Slowking
|-weather|Snowscape
|
|t:|1776047041
|switch|p1a: Ting-Lu|Ting-Lu|100/100|[from] Chilly Reception
|-ability|p1a: Ting-Lu|Vessel of Ruin
|
|-weather|Snowscape|[upkeep]
|upkeep
|turn|6
|inactive|Battle timer is ON: inactive players will automatically lose when time's up. (requested by blattyOmighty)
|
|t:|1776047048
|move|p2a: Ben Grimm|Close Combat|p1a: Ting-Lu
|-supereffective|p1a: Ting-Lu
|-damage|p1a: Ting-Lu|52/100
|-unboost|p2a: Ben Grimm|def|1
|-unboost|p2a: Ben Grimm|spd|1
|move|p1a: Ting-Lu|Earthquake|p2a: Ben Grimm
|-damage|p2a: Ben Grimm|26/100
|
|-weather|Snowscape|[upkeep]
|-heal|p1a: Ting-Lu|58/100|[from] item: Leftovers
|upkeep
|turn|7
|
|t:|1776047064
|switch|p2a: Vulture|Flamigo, F, shiny|100/100
|switch|p1a: Corviknight|Corviknight, M|100/100
|-ability|p1a: Corviknight|Pressure
|
|-weather|Snowscape|[upkeep]
|upkeep
|turn|8
|
|t:|1776047076
|move|p2a: Vulture|U-turn|p1a: Corviknight
|-resisted|p1a: Corviknight
|-damage|p1a: Corviknight|97/100
|-damage|p2a: Vulture|84/100|[from] item: Rocky Helmet|[of] p1a: Corviknight
|
|t:|1776047081
|switch|p2a: Firelord|Salazzle, F, shiny|100/100|[from] U-turn
|-item|p2a: Firelord|Air Balloon
|move|p1a: Corviknight|U-turn|p2a: Firelord
|-resisted|p2a: Firelord
|-damage|p2a: Firelord|94/100
|-enditem|p2a: Firelord|Air Balloon
|
|t:|1776047091
|switch|p1a: Ting-Lu|Ting-Lu|58/100|[from] U-turn
|-ability|p1a: Ting-Lu|Vessel of Ruin
|
|-weather|Snowscape|[upkeep]
|-heal|p1a: Ting-Lu|65/100|[from] item: Leftovers
|upkeep
|turn|9
|
|t:|1776047110
|switch|p2a: Plantman|Serperior, M, shiny|100/100
|move|p1a: Ting-Lu|Earthquake|p2a: Plantman
|-resisted|p2a: Plantman
|-damage|p2a: Plantman|79/100
|
|-weather|none
|-heal|p1a: Ting-Lu|71/100|[from] item: Leftovers
|upkeep
|turn|10
|
|t:|1776047127
|switch|p1a: Slowking|Slowking-Galar, F|100/100
|move|p2a: Plantman|Leaf Storm|p1a: Slowking|[miss]
|-miss|p2a: Plantman|p1a: Slowking
|
|upkeep
|turn|11
|-message|blattyOmighty forfeited.
|
|win|LLBattler
|raw|LLBattler's rating: 1207 &rarr; <strong>1235</strong><br />(+28 for winning)
|raw|blattyOmighty's rating: 1250 &rarr; <strong>1222</strong><br />(-28 for losing)
|l|☆LLBattler
|player|p1|
|l|☆blattyOmighty
|player|p2|
