|html|<div class="broadcast-blue"><strong>[Gen 9] OU is currently suspecting Tera Blast! For information on how to participate check out the <a href="https://www.smogon.com/tools/suspects/view/200">suspect thread</a>.</strong></div>
|j|☆nautillect
|j|☆qizrad
|t:|1776100267
|gametype|singles
|player|p1|nautillect|266|1668
|player|p2|qizrad|sage|1755
|gen|9
|tier|[Gen 9] OU
|rated|
|rule|HP Percentage Mod: HP is shown in percentages
|rule|Endless Battle Clause: Forcing endless battles is banned
|rule|Species Clause: Limit one of each Pokémon
|rule|OHKO Clause: OHKO moves are banned
|rule|Evasion Items Clause: Evasion items are banned
|rule|Evasion Moves Clause: Evasion moves are banned
|rule|Evasion Abilities Clause: Evasion abilities are banned
|rule|Sleep Moves Clause: Sleep-inducing moves are banned
|clearpoke
|poke|p1|Ogerpon-Cornerstone, F|
|poke|p1|Kyurem|
|poke|p1|Dragonite, M|
|poke|p1|Deoxys-Speed|
|poke|p1|Zamazenta-*|
|poke|p1|Maushold|
|poke|p2|Araquanid, F|
|poke|p2|Ceruledge, F|
|poke|p2|Enamorus, F|
|poke|p2|Iron Treads|
|poke|p2|Kingambit, F|
|poke|p2|Pecharunt|
|teampreview
|inactive|Battle timer is ON: inactive players will automatically lose when time's up. (requested by qizrad)
|inactive|qizrad has 120 seconds left.
|
|t:|1776100299
|teamsize|p1|6
|teamsize|p2|6
|start
|switch|p1a: Ogerpon|Ogerpon-Cornerstone, F|100/100
|switch|p2a: Promise|Iron Treads|100/100
|-enditem|p2a: Promise|Booster Energy
|-activate|p2a: Promise|ability: Quark Drive|[fromitem]
|-start|p2a: Promise|quarkdrivespe
|turn|1
|
|t:|1776100311
|move|p2a: Promise|Earth Power|p1a: Ogerpon
|-damage|p1a: Ogerpon|64/100
|move|p1a: Ogerpon|Power Whip|p2a: Promise
|-damage|p2a: Promise|39/100
|
|upkeep
|turn|2
|
|t:|1776100321
|switch|p1a: Maushold|Maushold|100/100
|move|p2a: Promise|Steel Beam|p1a: Maushold
|-damage|p1a: Maushold|23/100
|-damage|p2a: Promise|0 fnt|[from] steelbeam
|faint|p2a: Promise
|-end|p2a: Promise|Quark Drive|[silent]
|
|upkeep
|inactive|qizrad has 120 seconds left.
|inactive|qizrad has 90 seconds left.
|
|t:|1776100384
|switch|p2a: Misty|Araquanid, F|100/100
|turn|3
|
|t:|1776100413
|move|p2a: Misty|Endure|p2a: Misty
|-singleturn|p2a: Misty|move: Endure
|move|p1a: Maushold|Population Bomb|p2a: Misty
|-damage|p2a: Misty|89/100
|-damage|p2a: Misty|78/100
|-damage|p2a: Misty|66/100
|-damage|p2a: Misty|54/100
|-damage|p2a: Misty|43/100
|-damage|p2a: Misty|31/100
|-damage|p2a: Misty|19/100
|-damage|p2a: Misty|6/100
|-activate|p2a: Misty|move: Endure
|-damage|p2a: Misty|1/100
|-activate|p2a: Misty|move: Endure
|-damage|p2a: Misty|1/100
|-hitcount|p2a: Misty|10
|
|upkeep
|turn|4
|-enditem|p2a: Misty|Custap Berry|[eat]
|-activate|p2a: Misty|item: Custap Berry|[consumed]
|
|t:|1776100419
|move|p2a: Misty|Sticky Web|p1a: Maushold
|-sidestart|p1: nautillect|move: Sticky Web
|move|p1a: Maushold|Tidy Up|p1a: Maushold
|-sideend|p1: nautillect|Sticky Web
|-activate|p1a: Maushold|move: Tidy Up
|-boost|p1a: Maushold|atk|1
|-boost|p1a: Maushold|spe|1
|
|upkeep
|turn|5
|
|t:|1776100430
|switch|p2a: Nocturne|Ceruledge, F|100/100
|move|p1a: Maushold|Population Bomb|p2a: Nocturne
|-immune|p2a: Nocturne
|
|upkeep
|turn|6
|
|t:|1776100441
|move|p1a: Maushold|Tidy Up|p1a: Maushold
|-boost|p1a: Maushold|atk|1
|-boost|p1a: Maushold|spe|1
|move|p2a: Nocturne|Swords Dance|p2a: Nocturne
|-boost|p2a: Nocturne|atk|2
|
|upkeep
|turn|7
|inactive|qizrad has 120 seconds left.
|
|t:|1776100447
|-terastallize|p2a: Nocturne|Fairy
|move|p1a: Maushold|Bite|p2a: Nocturne
|-resisted|p2a: Nocturne
|-damage|p2a: Nocturne|72/100
|-ability|p2a: Nocturne|Weak Armor|boost
|-unboost|p2a: Nocturne|def|1
|-boost|p2a: Nocturne|spe|2
|move|p2a: Nocturne|Bitter Blade|p1a: Maushold
|-damage|p1a: Maushold|0 fnt
|-heal|p2a: Nocturne|82/100|[from] drain|[of] p1a: Maushold
|faint|p1a: Maushold
|-damage|p2a: Nocturne|72/100|[from] item: Life Orb
|
|upkeep
|
|t:|1776100456
|switch|p1a: Zamazenta|Zamazenta|100/100
|-ability|p1a: Zamazenta|Dauntless Shield|boost
|-boost|p1a: Zamazenta|def|1
|turn|8
|inactive|qizrad has 120 seconds left.
|
|t:|1776100473
|move|p2a: Nocturne|Tera Blast|p1a: Zamazenta|[anim] Tera Blast Fairy
|-supereffective|p1a: Zamazenta
|-damage|p1a: Zamazenta|0 fnt
|faint|p1a: Zamazenta
|-damage|p2a: Nocturne|62/100|[from] item: Life Orb
|
|upkeep
|
|t:|1776100489
|switch|p1a: Kyurem|Kyurem|100/100
|-ability|p1a: Kyurem|Pressure
|turn|9
|
|t:|1776100502
|move|p2a: Nocturne|Bitter Blade|p1a: Kyurem
|-damage|p1a: Kyurem|13/100
|-heal|p2a: Nocturne|100/100|[from] drain|[of] p1a: Kyurem
|-damage|p2a: Nocturne|91/100|[from] item: Life Orb
|move|p1a: Kyurem|Ice Beam|p2a: Nocturne
|-damage|p2a: Nocturne|43/100
|
|upkeep
|turn|10
|
|t:|1776100514
|move|p2a: Nocturne|Bitter Blade|p1a: Kyurem
|-damage|p1a: Kyurem|0 fnt
|-heal|p2a: Nocturne|51/100|[from] drain|[of] p1a: Kyurem
|faint|p1a: Kyurem
|-damage|p2a: Nocturne|41/100|[from] item: Life Orb
|
|upkeep
|
|t:|1776100516
|switch|p1a: Dragonite|Dragonite, M|100/100
|turn|11
|
|t:|1776100524
|switch|p2a: Bewitched|Pecharunt|100/100
|-item|p2a: Bewitched|Air Balloon
|-terastallize|p1a: Dragonite|Ghost
|move|p1a: Dragonite|Tera Blast|p2a: Bewitched|[anim] Tera Blast Ghost
|-supereffective|p2a: Bewitched
|-damage|p2a: Bewitched|20/100
|-enditem|p2a: Bewitched|Air Balloon
|
|upkeep
|turn|12
|
|t:|1776100537
|switch|p1a: Deoxys|Deoxys-Speed|100/100
|-ability|p1a: Deoxys|Pressure
|move|p2a: Bewitched|Destiny Bond|p2a: Bewitched
|-singlemove|p2a: Bewitched|Destiny Bond
|
|upkeep
|turn|13
|
|t:|1776100543
|switch|p1a: Ogerpon|Ogerpon-Cornerstone, F|64/100
|move|p2a: Bewitched|Shadow Ball|p1a: Ogerpon
|-damage|p1a: Ogerpon|24/100
|
|upkeep
|turn|14
|
|t:|1776100561
|switch|p2a: Trouble|Kingambit, F|100/100
|-activate|p2a: Trouble|ability: Supreme Overlord
|-start|p2a: Trouble|fallen1|[silent]
|move|p1a: Ogerpon|Knock Off|p2a: Trouble
|-resisted|p2a: Trouble
|-damage|p2a: Trouble|84/100
|-enditem|p2a: Trouble|Black Glasses|[from] move: Knock Off|[of] p1a: Ogerpon
|
|upkeep
|turn|15
|
|t:|1776100567
|move|p2a: Trouble|Sucker Punch||[still]
|-fail|p2a: Trouble
|move|p1a: Ogerpon|Taunt|p2a: Trouble
|-start|p2a: Trouble|move: Taunt
|
|upkeep
|turn|16
|
|t:|1776100574
|move|p2a: Trouble|Sucker Punch|p1a: Ogerpon
|-damage|p1a: Ogerpon|0 fnt
|faint|p1a: Ogerpon
|
|upkeep
|
|t:|1776100576
|switch|p1a: Dragonite|Dragonite, M, tera:Ghost|100/100
|turn|17
|
|t:|1776100583
|move|p1a: Dragonite|Encore|p2a: Trouble
|-start|p2a: Trouble|Encore
|move|p2a: Trouble|Sucker Punch||[still]
|-fail|p2a: Trouble
|
|upkeep
|turn|18
|
|t:|1776100592
|-end|p2a: Trouble|fallen1|[silent]
|switch|p2a: Goddess|Enamorus, F|100/100
|move|p1a: Dragonite|Dragon Dance|p1a: Dragonite
|-boost|p1a: Dragonite|atk|1
|-boost|p1a: Dragonite|spe|1
|
|upkeep
|turn|19
|
|t:|1776100621
|move|p1a: Dragonite|Tera Blast|p2a: Goddess|[anim] Tera Blast Ghost
|-damage|p2a: Goddess|0 fnt
|faint|p2a: Goddess
|
|upkeep
|
|t:|1776100630
|switch|p2a: Trouble|Kingambit, F|84/100
|-activate|p2a: Trouble|ability: Supreme Overlord
|-start|p2a: Trouble|fallen2|[silent]
|turn|20
|inactive|nautillect has 120 seconds left.
|
|t:|1776100661
|move|p1a: Dragonite|Low Kick|p2a: Trouble
|-supereffective|p2a: Trouble
|-damage|p2a: Trouble|0 fnt
|faint|p2a: Trouble
|-end|p2a: Trouble|fallen2|[silent]
|
|upkeep
|inactive|qizrad has 120 seconds left.
|
|t:|1776100694
|switch|p2a: Misty|Araquanid, F|1/100
|turn|21
|inactive|nautillect has 120 seconds left.
|-message|qizrad forfeited.
|
|win|nautillect
|raw|nautillect's rating: 1668 &rarr; <strong>1693</strong><br />(+25 for winning)
|raw|qizrad's rating: 1755 &rarr; <strong>1730</strong><br />(-25 for losing)
|l|☆qizrad
|player|p2|
|l|☆nautillect
|player|p1|
