|html|<div class="broadcast-blue"><strong>[Gen 9] OU is currently suspecting Volcarona! For information on how to participate check out the <a href="https://www.smogon.com/tools/suspects/view/208">suspect thread</a>.</strong></div>
|j|☆fascicule
|j|☆pamkin_man
|t:|1778497527
|gametype|singles
|player|p1|fascicule|norman|1138
|player|p2|pamkin_man|nate|1162
|gen|9
|tier|[Gen 9] OU
|rated|
|rule|HP Percentage Mod: HP is shown in percentages
|rule|Endless Battle Clause: Forcing endless battles is banned
|rule|Species Clause: Limit one of each Pokémon
|rule|OHKO Clause: OHKO moves are banned
|rule|Evasion Items Clause: Evasion items are banned
|rule|Evasion Moves Clause: Evasion moves are banned
|rule|Evasion Abilities Clause: Evasion abilities are banned
|rule|Sleep Moves Clause: Sleep-inducing moves are banned
|clearpoke
|poke|p1|Garganacl, F|
|poke|p1|Gliscor, M|
|poke|p1|Clefable, F|
|poke|p1|Zamazenta-*|
|poke|p1|Gholdengo|
|poke|p1|Samurott-Hisui, F|
|poke|p2|Avalugg, M|
|poke|p2|Dusclops, F|
|poke|p2|Hatterene, F|
|poke|p2|Indeedee-F, F|
|poke|p2|Garganacl, F|
|poke|p2|Torkoal, F|
|teampreview
|
|t:|1778497542
|teamsize|p1|6
|teamsize|p2|6
|start
|switch|p1a: Samurott|Samurott-Hisui, F|100/100
|switch|p2a: Dusclops|Dusclops, F|100/100
|-item|p1a: Samurott|Heavy-Duty Boots|[from] ability: Frisk|[of] p2a: Dusclops
|turn|1
|inactive|Battle timer is ON: inactive players will automatically lose when time's up. (requested by fascicule)
|inactive|pamkin_man has 120 seconds left.
|
|t:|1778497606
|move|p1a: Samurott|Ceaseless Edge|p2a: Dusclops
|-supereffective|p2a: Dusclops
|-damage|p2a: Dusclops|53/100
|-sidestart|p2: pamkin_man|Spikes
|move|p2a: Dusclops|Trick Room|p2a: Dusclops
|-fieldstart|move: Trick Room|[of] p2a: Dusclops
|
|upkeep
|turn|2
|
|t:|1778497628
|move|p2a: Dusclops|Will-O-Wisp|p1a: Samurott
|-status|p1a: Samurott|brn
|move|p1a: Samurott|Ceaseless Edge|p2a: Dusclops
|-supereffective|p2a: Dusclops
|-damage|p2a: Dusclops|29/100
|-sidestart|p2: pamkin_man|Spikes
|
|-damage|p1a: Samurott|94/100 brn|[from] brn
|upkeep
|turn|3
|
|t:|1778497644
|move|p2a: Dusclops|Brick Break|p1a: Samurott
|-supereffective|p1a: Samurott
|-damage|p1a: Samurott|65/100 brn
|move|p1a: Samurott|Ceaseless Edge|p2a: Dusclops
|-supereffective|p2a: Dusclops
|-damage|p2a: Dusclops|2/100
|-sidestart|p2: pamkin_man|Spikes
|
|-damage|p1a: Samurott|58/100 brn|[from] brn
|upkeep
|turn|4
|
|t:|1778497653
|move|p2a: Dusclops|Brick Break|p1a: Samurott
|-supereffective|p1a: Samurott
|-damage|p1a: Samurott|30/100 brn
|move|p1a: Samurott|Encore|p2a: Dusclops
|-start|p2a: Dusclops|Encore
|
|-damage|p1a: Samurott|23/100 brn|[from] brn
|upkeep
|turn|5
|
|t:|1778497661
|move|p2a: Dusclops|Brick Break|p1a: Samurott
|-supereffective|p1a: Samurott
|-damage|p1a: Samurott|0 fnt
|faint|p1a: Samurott
|
|-fieldend|move: Trick Room
|upkeep
|
|t:|1778497680
|switch|p1a: Gholdengo|Gholdengo|100/100
|turn|6
|
|t:|1778497693
|switch|p2a: Indeedee|Indeedee-F, F|100/100
|-damage|p2a: Indeedee|76/100|[from] Spikes
|-fieldstart|move: Psychic Terrain|[from] ability: Psychic Surge|[of] p2a: Indeedee
|move|p1a: Gholdengo|Shadow Ball|p2a: Indeedee
|-immune|p2a: Indeedee
|
|upkeep
|turn|7
|
|t:|1778497705
|move|p1a: Gholdengo|Recover||[still]
|-fail|p1a: Gholdengo|heal
|move|p2a: Indeedee|Trick Room|p2a: Indeedee
|-fieldstart|move: Trick Room|[of] p2a: Indeedee
|
|upkeep
|turn|8
|
|t:|1778497713
|switch|p2a: Hatterene|Hatterene, F|100/100
|-damage|p2a: Hatterene|76/100|[from] Spikes
|move|p1a: Gholdengo|Dazzling Gleam|p2a: Hatterene
|-damage|p2a: Hatterene|51/100
|
|upkeep
|turn|9
|
|t:|1778497727
|-terastallize|p2a: Hatterene|Psychic
|move|p2a: Hatterene|Expanding Force|p1a: Gholdengo
|-resisted|p1a: Gholdengo
|-damage|p1a: Gholdengo|9/100
|move|p1a: Gholdengo|Shadow Ball|p2a: Hatterene
|-supereffective|p2a: Hatterene
|-damage|p2a: Hatterene|0 fnt
|faint|p2a: Hatterene
|
|upkeep
|
|t:|1778497732
|switch|p2a: Avalugg|Avalugg, M, shiny|100/100
|-damage|p2a: Avalugg|75/100|[from] Spikes
|turn|10
|
|t:|1778497741
|move|p2a: Avalugg|Gyro Ball|p1a: Gholdengo
|-resisted|p1a: Gholdengo
|-damage|p1a: Gholdengo|0 fnt
|faint|p1a: Gholdengo
|
|upkeep
|
|t:|1778497747
|switch|p1a: Garganacl|Garganacl, F|100/100
|turn|11
|
|t:|1778497756
|move|p2a: Avalugg|Earthquake|p1a: Garganacl
|-supereffective|p1a: Garganacl
|-damage|p1a: Garganacl|56/100
|move|p1a: Garganacl|Salt Cure|p2a: Avalugg
|-supereffective|p2a: Avalugg
|-damage|p2a: Avalugg|59/100
|-start|p2a: Avalugg|Salt Cure
|
|-damage|p2a: Avalugg|47/100|[from] Salt Cure
|-fieldend|move: Trick Room
|upkeep
|turn|12
|
|t:|1778497768
|switch|p2a: Indeedee|Indeedee-F, F|76/100
|-damage|p2a: Indeedee|51/100|[from] Spikes
|move|p1a: Garganacl|Recover|p1a: Garganacl
|-heal|p1a: Garganacl|100/100
|
|upkeep
|turn|13
|
|t:|1778497775
|move|p1a: Garganacl|Salt Cure|p2a: Indeedee
|-damage|p2a: Indeedee|30/100
|-start|p2a: Indeedee|Salt Cure
|move|p2a: Indeedee|Trick Room|p2a: Indeedee
|-fieldstart|move: Trick Room|[of] p2a: Indeedee
|
|-damage|p2a: Indeedee|18/100|[from] Salt Cure
|-fieldend|move: Psychic Terrain
|upkeep
|turn|14
|
|t:|1778497785
|move|p1a: Garganacl|Salt Cure|p2a: Indeedee
|-damage|p2a: Indeedee|0 fnt
|faint|p2a: Indeedee
|
|upkeep
|
|t:|1778497790
|switch|p2a: Torkoal|Torkoal, F|100/100
|-damage|p2a: Torkoal|76/100|[from] Spikes
|-weather|SunnyDay|[from] ability: Drought|[of] p2a: Torkoal
|turn|15
|
|t:|1778497802
|move|p2a: Torkoal|Solar Beam||[still]
|-prepare|p2a: Torkoal|Solar Beam
|-anim|p2a: Torkoal|Solar Beam|p1a: Garganacl
|-supereffective|p1a: Garganacl
|-damage|p1a: Garganacl|50/100
|move|p1a: Garganacl|Salt Cure|p2a: Torkoal
|-supereffective|p2a: Torkoal
|-damage|p2a: Torkoal|54/100
|-start|p2a: Torkoal|Salt Cure
|
|-weather|SunnyDay|[upkeep]
|-damage|p2a: Torkoal|42/100|[from] Salt Cure
|upkeep
|turn|16
|
|t:|1778497815
|switch|p1a: Gliscor|Gliscor, M|100/100
|move|p2a: Torkoal|Solar Beam||[still]
|-prepare|p2a: Torkoal|Solar Beam
|-anim|p2a: Torkoal|Solar Beam|p1a: Gliscor
|-damage|p1a: Gliscor|59/100
|
|-weather|SunnyDay|[upkeep]
|-damage|p2a: Torkoal|29/100|[from] Salt Cure
|-status|p1a: Gliscor|tox|[from] item: Toxic Orb
|upkeep
|turn|17
|
|t:|1778497826
|move|p1a: Gliscor|Protect|p1a: Gliscor
|-singleturn|p1a: Gliscor|Protect
|move|p2a: Torkoal|Solar Beam||[still]
|-prepare|p2a: Torkoal|Solar Beam
|-anim|p2a: Torkoal|Solar Beam|p1a: Gliscor
|-activate|p1a: Gliscor|move: Protect
|
|-weather|SunnyDay|[upkeep]
|-heal|p1a: Gliscor|72/100 tox|[from] ability: Poison Heal
|-damage|p2a: Torkoal|17/100|[from] Salt Cure
|-fieldend|move: Trick Room
|upkeep
|turn|18
|
|t:|1778497838
|move|p1a: Gliscor|Earthquake|p2a: Torkoal
|-supereffective|p2a: Torkoal
|-damage|p2a: Torkoal|0 fnt
|faint|p2a: Torkoal
|
|-weather|SunnyDay|[upkeep]
|-heal|p1a: Gliscor|84/100 tox|[from] ability: Poison Heal
|upkeep
|
|t:|1778497842
|switch|p2a: Dusclops|Dusclops, F|2/100
|-damage|p2a: Dusclops|0 fnt|[from] Spikes
|faint|p2a: Dusclops
|
|t:|1778497851
|switch|p2a: Garganacl|Garganacl, F|100/100
|-damage|p2a: Garganacl|75/100|[from] Spikes
|turn|19
|
|t:|1778497859
|move|p1a: Gliscor|U-turn|p2a: Garganacl
|-damage|p2a: Garganacl|68/100
|
|t:|1778497865
|switch|p1a: Garganacl|Garganacl, F|50/100|[from] U-turn
|move|p2a: Garganacl|Stealth Rock|p1a: Garganacl
|-sidestart|p1: fascicule|move: Stealth Rock
|
|-weather|none
|-heal|p2a: Garganacl|74/100|[from] item: Leftovers
|upkeep
|turn|20
|
|t:|1778497877
|move|p2a: Garganacl|Protect|p2a: Garganacl
|-singleturn|p2a: Garganacl|Protect
|move|p1a: Garganacl|Iron Defense|p1a: Garganacl
|-boost|p1a: Garganacl|def|2
|
|-heal|p2a: Garganacl|80/100|[from] item: Leftovers
|upkeep
|turn|21
|
|t:|1778497885
|move|p1a: Garganacl|Iron Defense|p1a: Garganacl
|-boost|p1a: Garganacl|def|2
|move|p2a: Garganacl|Salt Cure|p1a: Garganacl
|-damage|p1a: Garganacl|47/100
|-start|p1a: Garganacl|Salt Cure
|
|-heal|p2a: Garganacl|87/100|[from] item: Leftovers
|-damage|p1a: Garganacl|35/100|[from] Salt Cure
|upkeep
|turn|22
|
|t:|1778497905
|move|p2a: Garganacl|Protect|p2a: Garganacl
|-singleturn|p2a: Garganacl|Protect
|move|p1a: Garganacl|Recover|p1a: Garganacl
|-heal|p1a: Garganacl|85/100
|
|-heal|p2a: Garganacl|93/100|[from] item: Leftovers
|-damage|p1a: Garganacl|73/100|[from] Salt Cure
|upkeep
|turn|23
|
|t:|1778497914
|switch|p2a: Avalugg|Avalugg, M, shiny|47/100
|-damage|p2a: Avalugg|22/100|[from] Spikes
|move|p1a: Garganacl|Iron Defense|p1a: Garganacl
|-boost|p1a: Garganacl|def|2
|
|-damage|p1a: Garganacl|60/100|[from] Salt Cure
|upkeep
|turn|24
|
|t:|1778497926
|move|p1a: Garganacl|Recover|p1a: Garganacl
|-heal|p1a: Garganacl|100/100
|move|p2a: Avalugg|Earthquake|p1a: Garganacl
|-supereffective|p1a: Garganacl
|-damage|p1a: Garganacl|89/100
|
|-damage|p1a: Garganacl|77/100|[from] Salt Cure
|upkeep
|turn|25
|
|t:|1778497935
|move|p1a: Garganacl|Body Press|p2a: Avalugg
|-supereffective|p2a: Avalugg
|-damage|p2a: Avalugg|0 fnt
|faint|p2a: Avalugg
|
|-damage|p1a: Garganacl|64/100|[from] Salt Cure
|upkeep
|
|t:|1778497937
|switch|p2a: Garganacl|Garganacl, F|93/100
|-damage|p2a: Garganacl|68/100|[from] Spikes
|turn|26
|
|t:|1778497945
|move|p2a: Garganacl|Protect|p2a: Garganacl
|-singleturn|p2a: Garganacl|Protect
|move|p1a: Garganacl|Body Press|p2a: Garganacl
|-activate|p2a: Garganacl|move: Protect
|
|-heal|p2a: Garganacl|74/100|[from] item: Leftovers
|-damage|p1a: Garganacl|52/100|[from] Salt Cure
|upkeep
|turn|27
|
|t:|1778497955
|move|p1a: Garganacl|Body Press|p2a: Garganacl
|-supereffective|p2a: Garganacl
|-damage|p2a: Garganacl|0 fnt
|faint|p2a: Garganacl
|
|win|fascicule
|raw|fascicule's rating: 1138 &rarr; <strong>1165</strong><br />(+27 for winning)
|raw|pamkin_man's rating: 1162 &rarr; <strong>1135</strong><br />(-27 for losing)
|l|☆pamkin_man
|player|p2|
|l|☆fascicule
|player|p1|
