|html|<div class="broadcast-blue"><strong>[Gen 9] OU is currently suspecting Tera Blast! For information on how to participate check out the <a href="https://www.smogon.com/tools/suspects/view/200">suspect thread</a>.</strong></div>
|j|☆TheRegisAreCool
|j|☆gatinou
|t:|1776260995
|gametype|singles
|player|p1|TheRegisAreCool|fisherman-gen4|1274
|player|p2|gatinou|saturn|1327
|gen|9
|tier|[Gen 9] OU
|rated|
|rule|HP Percentage Mod: HP is shown in percentages
|rule|Endless Battle Clause: Forcing endless battles is banned
|rule|Species Clause: Limit one of each Pokémon
|rule|OHKO Clause: OHKO moves are banned
|rule|Evasion Items Clause: Evasion items are banned
|rule|Evasion Moves Clause: Evasion moves are banned
|rule|Evasion Abilities Clause: Evasion abilities are banned
|rule|Sleep Moves Clause: Sleep-inducing moves are banned
|clearpoke
|poke|p1|Conkeldurr, M|
|poke|p1|Iron Moth|
|poke|p1|Glimmora, F|
|poke|p1|Kommo-o, M|
|poke|p1|Donphan, M|
|poke|p1|Ursaluna, F|
|poke|p2|Articuno-Galar|
|poke|p2|Moltres-Galar|
|poke|p2|Zapdos-Galar|
|poke|p2|Iron Valiant|
|poke|p2|Gyarados, F|
|poke|p2|Breloom, M|
|teampreview
|inactive|Battle timer is ON: inactive players will automatically lose when time's up. (requested by gatinou)
|
|t:|1776261006
|teamsize|p1|6
|teamsize|p2|6
|start
|switch|p1a: Kommo-o|Kommo-o, M|100/100
|switch|p2a: Gyarados|Gyarados, F|100/100
|turn|1
|
|t:|1776261015
|move|p2a: Gyarados|Ice Fang|p1a: Kommo-o
|-supereffective|p1a: Kommo-o
|-damage|p1a: Kommo-o|66/100
|move|p1a: Kommo-o|Clangorous Soul|p1a: Kommo-o
|-boost|p1a: Kommo-o|atk|1
|-boost|p1a: Kommo-o|def|1
|-boost|p1a: Kommo-o|spa|1
|-boost|p1a: Kommo-o|spd|1
|-boost|p1a: Kommo-o|spe|1
|-damage|p1a: Kommo-o|33/100
|
|-heal|p1a: Kommo-o|39/100|[from] item: Leftovers
|upkeep
|turn|2
|
|t:|1776261030
|move|p1a: Kommo-o|Clanging Scales|p2a: Gyarados
|-damage|p2a: Gyarados|24/100
|-unboost|p1a: Kommo-o|def|1
|move|p2a: Gyarados|Dragon Dance|p2a: Gyarados
|-boost|p2a: Gyarados|atk|1
|-boost|p2a: Gyarados|spe|1
|
|-heal|p1a: Kommo-o|45/100|[from] item: Leftovers
|upkeep
|turn|3
|
|t:|1776261036
|move|p2a: Gyarados|Ice Fang|p1a: Kommo-o
|-supereffective|p1a: Kommo-o
|-damage|p1a: Kommo-o|0 fnt
|faint|p1a: Kommo-o
|-ability|p2a: Gyarados|Moxie|boost
|-boost|p2a: Gyarados|atk|1
|
|upkeep
|
|t:|1776261045
|switch|p1a: Iron Moth|Iron Moth|100/100
|-enditem|p1a: Iron Moth|Booster Energy
|-activate|p1a: Iron Moth|ability: Quark Drive|[fromitem]
|-start|p1a: Iron Moth|quarkdrivespe
|turn|4
|
|t:|1776261051
|move|p1a: Iron Moth|Sludge Wave|p2a: Gyarados
|-damage|p2a: Gyarados|0 fnt
|faint|p2a: Gyarados
|
|upkeep
|
|t:|1776261058
|switch|p2a: EmoGuy|Articuno-Galar|100/100
|turn|5
|
|t:|1776261064
|-terastallize|p1a: Iron Moth|Flying
|move|p1a: Iron Moth|Fiery Dance|p2a: EmoGuy
|-damage|p2a: EmoGuy|60/100
|move|p2a: EmoGuy|Agility|p2a: EmoGuy
|-boost|p2a: EmoGuy|spe|2
|
|upkeep
|turn|6
|
|t:|1776261071
|move|p2a: EmoGuy|Calm Mind|p2a: EmoGuy
|-boost|p2a: EmoGuy|spa|1
|-boost|p2a: EmoGuy|spd|1
|move|p1a: Iron Moth|Fiery Dance|p2a: EmoGuy
|-damage|p2a: EmoGuy|36/100
|-boost|p1a: Iron Moth|spa|1
|
|upkeep
|turn|7
|
|t:|1776261078
|move|p2a: EmoGuy|Stored Power|p1a: Iron Moth
|-damage|p1a: Iron Moth|25/100
|move|p1a: Iron Moth|Fiery Dance|p2a: EmoGuy
|-damage|p2a: EmoGuy|1/100
|
|upkeep
|turn|8
|
|t:|1776261082
|move|p2a: EmoGuy|Stored Power|p1a: Iron Moth
|-damage|p1a: Iron Moth|0 fnt
|faint|p1a: Iron Moth
|-end|p1a: Iron Moth|Quark Drive|[silent]
|
|upkeep
|
|t:|1776261084
|switch|p1a: Conkeldurr|Conkeldurr, M|100/100
|turn|9
|
|t:|1776261088
|move|p1a: Conkeldurr|Mach Punch|p2a: EmoGuy
|-resisted|p2a: EmoGuy
|-damage|p2a: EmoGuy|0 fnt
|faint|p2a: EmoGuy
|
|-status|p1a: Conkeldurr|brn|[from] item: Flame Orb
|upkeep
|
|t:|1776261092
|switch|p2a: Zapdos|Zapdos-Galar|100/100
|turn|10
|
|t:|1776261095
|move|p2a: Zapdos|Thunderous Kick|p1a: Conkeldurr
|-damage|p1a: Conkeldurr|64/100 brn
|-unboost|p1a: Conkeldurr|def|1
|move|p1a: Conkeldurr|Facade|p2a: Zapdos
|-damage|p2a: Zapdos|3/100
|
|-damage|p1a: Conkeldurr|58/100 brn|[from] brn
|upkeep
|turn|11
|
|t:|1776261100
|move|p1a: Conkeldurr|Mach Punch|p2a: Zapdos
|-resisted|p2a: Zapdos
|-damage|p2a: Zapdos|0 fnt
|faint|p2a: Zapdos
|
|-damage|p1a: Conkeldurr|51/100 brn|[from] brn
|upkeep
|
|t:|1776261104
|switch|p2a: Moltres|Moltres-Galar|100/100
|turn|12
|
|t:|1776261111
|move|p2a: Moltres|Air Slash|p1a: Conkeldurr
|-supereffective|p1a: Conkeldurr
|-damage|p1a: Conkeldurr|0 fnt
|faint|p1a: Conkeldurr
|
|upkeep
|
|t:|1776261125
|switch|p1a: Ursaluna|Ursaluna, F|100/100
|turn|13
|
|t:|1776261131
|move|p1a: Ursaluna|Protect|p1a: Ursaluna
|-singleturn|p1a: Ursaluna|Protect
|move|p2a: Moltres|Nasty Plot|p2a: Moltres
|-boost|p2a: Moltres|spa|2
|
|-status|p1a: Ursaluna|brn|[from] item: Flame Orb
|upkeep
|turn|14
|
|t:|1776261135
|move|p2a: Moltres|Fiery Wrath|p1a: Ursaluna
|-damage|p1a: Ursaluna|19/100 brn
|move|p1a: Ursaluna|Facade|p2a: Moltres
|-damage|p2a: Moltres|0 fnt
|faint|p2a: Moltres
|
|-damage|p1a: Ursaluna|13/100 brn|[from] brn
|upkeep
|
|t:|1776261141
|switch|p2a: Breloom|Breloom, M|100/100
|turn|15
|
|t:|1776261145
|move|p2a: Breloom|Bullet Seed|p1a: Ursaluna
|-supereffective|p1a: Ursaluna
|-damage|p1a: Ursaluna|0 fnt
|faint|p1a: Ursaluna
|-hitcount|p1: Ursaluna|1
|
|upkeep
|
|t:|1776261152
|switch|p1a: Donphan|Donphan, M|100/100
|turn|16
|
|t:|1776261156
|move|p1a: Donphan|Ice Shard|p2a: Breloom
|-supereffective|p2a: Breloom
|-damage|p2a: Breloom|51/100
|move|p2a: Breloom|Bullet Seed|p1a: Donphan
|-supereffective|p1a: Donphan
|-damage|p1a: Donphan|46/100
|-supereffective|p1a: Donphan
|-damage|p1a: Donphan|0 fnt
|faint|p1a: Donphan
|-hitcount|p1: Donphan|2
|
|upkeep
|
|t:|1776261162
|switch|p1a: Glimmora|Glimmora, F|100/100
|turn|17
|
|t:|1776261164
|move|p1a: Glimmora|Sludge Bomb|p2a: Breloom
|-supereffective|p2a: Breloom
|-damage|p2a: Breloom|0 fnt
|faint|p2a: Breloom
|
|upkeep
|
|t:|1776261167
|switch|p2a: Iron Valiant|Iron Valiant|100/100
|-enditem|p2a: Iron Valiant|Booster Energy
|-activate|p2a: Iron Valiant|ability: Quark Drive|[fromitem]
|-start|p2a: Iron Valiant|quarkdrivespe
|turn|18
|
|t:|1776261174
|-terastallize|p2a: Iron Valiant|Ghost
|move|p2a: Iron Valiant|Thunderbolt|p1a: Glimmora
|-damage|p1a: Glimmora|62/100
|move|p1a: Glimmora|Sludge Bomb|p2a: Iron Valiant
|-resisted|p2a: Iron Valiant
|-damage|p2a: Iron Valiant|62/100
|-status|p2a: Iron Valiant|psn
|
|-damage|p2a: Iron Valiant|50/100 psn|[from] psn
|upkeep
|turn|19
|
|t:|1776261181
|move|p2a: Iron Valiant|Vacuum Wave|p1a: Glimmora
|-damage|p1a: Glimmora|36/100
|move|p1a: Glimmora|Power Gem|p2a: Iron Valiant
|-damage|p2a: Iron Valiant|0 fnt
|faint|p2a: Iron Valiant
|-end|p2a: Iron Valiant|Quark Drive|[silent]
|
|win|TheRegisAreCool
|raw|TheRegisAreCool's rating: 1274 &rarr; <strong>1303</strong><br />(+29 for winning)
|raw|gatinou's rating: 1327 &rarr; <strong>1304</strong><br />(-23 for losing)
