|html|<div class="broadcast-blue"><strong>[Gen 9] OU is currently suspecting Volcarona! For information on how to participate check out the <a href="https://www.smogon.com/tools/suspects/view/208">suspect thread</a>.</strong></div>
|j|☆takeyouout
|j|☆Miurez
|t:|1778509447
|gametype|singles
|player|p1|takeyouout|richboy|1687
|player|p2|Miurez|pokemonranger-gen4|1649
|gen|9
|tier|[Gen 9] OU
|rated|
|rule|HP Percentage Mod: HP is shown in percentages
|rule|Endless Battle Clause: Forcing endless battles is banned
|rule|Species Clause: Limit one of each Pokémon
|rule|OHKO Clause: OHKO moves are banned
|rule|Evasion Items Clause: Evasion items are banned
|rule|Evasion Moves Clause: Evasion moves are banned
|rule|Evasion Abilities Clause: Evasion abilities are banned
|rule|Sleep Moves Clause: Sleep-inducing moves are banned
|clearpoke
|poke|p1|Tyranitar, F|
|poke|p1|Alomomola, F|
|poke|p1|Tornadus-Therian, M|
|poke|p1|Excadrill, M|
|poke|p1|Amoonguss, M|
|poke|p1|Keldeo-Resolute|
|poke|p2|Volcarona, F|
|poke|p2|Deoxys-Speed|
|poke|p2|Hatterene, F|
|poke|p2|Great Tusk|
|poke|p2|Kingambit, F|
|poke|p2|Ogerpon-Wellspring, F|
|teampreview
|
|t:|1778509456
|teamsize|p1|6
|teamsize|p2|6
|start
|switch|p1a: Broomhilda|Tyranitar, F, shiny|100/100
|switch|p2a: Deoxys|Deoxys-Speed|100/100
|-ability|p2a: Deoxys|Pressure
|-weather|Sandstorm|[from] ability: Sand Stream|[of] p1a: Broomhilda
|turn|1
|inactive|Battle timer is ON: inactive players will automatically lose when time's up. (requested by takeyouout)
|
|t:|1778509459
|move|p2a: Deoxys|Superpower|p1a: Broomhilda
|-supereffective|p1a: Broomhilda
|-damage|p1a: Broomhilda|0 fnt
|-unboost|p2a: Deoxys|atk|1
|-unboost|p2a: Deoxys|def|1
|faint|p1a: Broomhilda
|-enditem|p2a: Deoxys|Eject Pack
|
|t:|1778509482
|switch|p2a: Ogerpon|Ogerpon-Wellspring, F|100/100
|
|-weather|Sandstorm|[upkeep]
|-damage|p2a: Ogerpon|95/100|[from] Sandstorm
|upkeep
|
|t:|1778509494
|switch|p1a: 77|Tornadus-Therian, M|100/100
|turn|2
|
|t:|1778509504
|switch|p2a: Deoxys|Deoxys-Speed|100/100
|-ability|p2a: Deoxys|Pressure
|move|p1a: 77|Nasty Plot|p1a: 77
|-boost|p1a: 77|spa|2
|
|-weather|Sandstorm|[upkeep]
|-damage|p2a: Deoxys|94/100|[from] Sandstorm
|-damage|p1a: 77|94/100|[from] Sandstorm
|upkeep
|turn|3
|
|t:|1778509511
|switch|p1a: PinkCannon|Alomomola, F, shiny|100/100
|move|p2a: Deoxys|Psycho Boost|p1a: PinkCannon
|-damage|p1a: PinkCannon|52/100
|-unboost|p2a: Deoxys|spa|2
|
|-weather|Sandstorm|[upkeep]
|-damage|p2a: Deoxys|88/100|[from] Sandstorm
|-damage|p1a: PinkCannon|46/100|[from] Sandstorm
|upkeep
|turn|4
|
|t:|1778509515
|switch|p1a: 77|Tornadus-Therian, M|100/100
|move|p2a: Deoxys|Knock Off|p1a: 77
|-damage|p1a: 77|66/100
|-enditem|p1a: 77|Life Orb|[from] move: Knock Off|[of] p2a: Deoxys
|
|-weather|Sandstorm|[upkeep]
|-damage|p2a: Deoxys|82/100|[from] Sandstorm
|-damage|p1a: 77|60/100|[from] Sandstorm
|upkeep
|turn|5
|
|t:|1778509522
|switch|p1a: PinkCannon|Alomomola, F, shiny|79/100
|move|p2a: Deoxys|Psycho Boost|p1a: PinkCannon
|-damage|p1a: PinkCannon|53/100
|-unboost|p2a: Deoxys|spa|2
|
|-weather|none
|upkeep
|turn|6
|
|t:|1778509529
|switch|p2a: Ogerpon|Ogerpon-Wellspring, F|95/100
|switch|p1a: 77|Tornadus-Therian, M|93/100
|
|upkeep
|turn|7
|
|t:|1778509540
|switch|p2a: Deoxys|Deoxys-Speed|82/100
|-ability|p2a: Deoxys|Pressure
|move|p1a: 77|Bleakwind Storm|p2a: Deoxys
|-damage|p2a: Deoxys|7/100
|
|upkeep
|turn|8
|
|t:|1778509547
|switch|p1a: PinkCannon|Alomomola, F, shiny|86/100
|move|p2a: Deoxys|Knock Off|p1a: PinkCannon
|-damage|p1a: PinkCannon|70/100
|-damage|p2a: Deoxys|0 fnt|[from] item: Rocky Helmet|[of] p1a: PinkCannon
|faint|p2a: Deoxys
|
|upkeep
|
|t:|1778509574
|switch|p2a: Volcarona|Volcarona, F|100/100
|turn|9
|inactive|Miurez has 120 seconds left.
|
|t:|1778509593
|-terastallize|p2a: Volcarona|Grass
|move|p2a: Volcarona|Quiver Dance|p2a: Volcarona
|-boost|p2a: Volcarona|spa|1
|-boost|p2a: Volcarona|spd|1
|-boost|p2a: Volcarona|spe|1
|move|p1a: PinkCannon|Light Screen|p1a: PinkCannon
|-sidestart|p1: takeyouout|move: Light Screen
|
|upkeep
|turn|10
|
|t:|1778509597
|move|p2a: Volcarona|Quiver Dance|p2a: Volcarona
|-boost|p2a: Volcarona|spa|1
|-boost|p2a: Volcarona|spd|1
|-boost|p2a: Volcarona|spe|1
|move|p1a: PinkCannon|Flip Turn|p2a: Volcarona
|-resisted|p2a: Volcarona
|-damage|p2a: Volcarona|89/100
|-status|p1a: PinkCannon|brn|[from] ability: Flame Body|[of] p2a: Volcarona
|
|t:|1778509600
|switch|p1a: 77|Tornadus-Therian, M|100/100|[from] Flip Turn
|
|upkeep
|turn|11
|n| sus req|susreq
|
|t:|1778509611
|move|p2a: Volcarona|Fiery Dance|p1a: 77
|-damage|p1a: 77|47/100
|move|p1a: 77|Bleakwind Storm|p2a: Volcarona
|-supereffective|p2a: Volcarona
|-damage|p2a: Volcarona|43/100
|
|upkeep
|turn|12
|
|t:|1778509618
|switch|p1a: 66|Amoonguss, M|100/100
|move|p2a: Volcarona|Fiery Dance|p1a: 66
|-supereffective|p1a: 66
|-damage|p1a: 66|27/100
|
|upkeep
|turn|13
|
|t:|1778509632
|move|p2a: Volcarona|Substitute|p2a: Volcarona
|-start|p2a: Volcarona|Substitute
|-damage|p2a: Volcarona|18/100
|move|p1a: 66|Toxic||[still]
|-fail|p1a: 66
|
|-sideend|p1: takeyouout|move: Light Screen
|upkeep
|turn|14
|-message|takeyouout forfeited.
|
|win|Miurez
|raw|takeyouout's rating: 1687 &rarr; <strong>1665</strong><br />(-22 for losing)
|raw|Miurez's rating: 1649 &rarr; <strong>1671</strong><br />(+22 for winning)
|l|☆takeyouout
|player|p1|
|l|☆Miurez
|player|p2|
