|html|<div class="broadcast-blue"><strong>[Gen 9] OU is currently suspecting Tera Blast! For information on how to participate check out the <a href="https://www.smogon.com/tools/suspects/view/200">suspect thread</a>.</strong></div>
|j|☆alpha_lh
|j|☆Shoven
|t:|1776036268
|gametype|singles
|player|p1|alpha_lh|cynthia|1322
|player|p2|Shoven|palmer|1351
|gen|9
|tier|[Gen 9] OU
|rated|
|rule|HP Percentage Mod: HP is shown in percentages
|rule|Endless Battle Clause: Forcing endless battles is banned
|rule|Species Clause: Limit one of each Pokémon
|rule|OHKO Clause: OHKO moves are banned
|rule|Evasion Items Clause: Evasion items are banned
|rule|Evasion Moves Clause: Evasion moves are banned
|rule|Evasion Abilities Clause: Evasion abilities are banned
|rule|Sleep Moves Clause: Sleep-inducing moves are banned
|clearpoke
|poke|p1|Iron Valiant|
|poke|p1|Iron Moth|
|poke|p1|Kingambit, M|
|poke|p1|Landorus-Therian, M|
|poke|p1|Pecharunt|
|poke|p1|Zamazenta-*|
|poke|p2|Politoed, F|
|poke|p2|Barraskewda, M|
|poke|p2|Raikou|
|poke|p2|Toxicroak, M|
|poke|p2|Mandibuzz, F|
|poke|p2|Moltres|
|teampreview
|j| ohko_smeargle
|inactive|Battle timer is ON: inactive players will automatically lose when time's up. (requested by Shoven)
|
|t:|1776036274
|teamsize|p1|6
|teamsize|p2|6
|start
|switch|p1a: Landorus|Landorus-Therian, M|100/100
|switch|p2a: Moltres|Moltres|100/100
|-ability|p1a: Landorus|Intimidate|boost
|-unboost|p2a: Moltres|atk|1
|turn|1
|
|t:|1776036282
|move|p1a: Landorus|Stealth Rock|p2a: Moltres
|-sidestart|p2: Shoven|move: Stealth Rock
|move|p2a: Moltres|Will-O-Wisp|p1a: Landorus|[miss]
|-miss|p2a: Moltres|p1a: Landorus
|
|upkeep
|turn|2
|
|t:|1776036290
|move|p1a: Landorus|U-turn|p2a: Moltres
|-resisted|p2a: Moltres
|-damage|p2a: Moltres|95/100
|
|t:|1776036297
|switch|p1a: Iron Moth|Iron Moth|100/100|[from] U-turn
|-enditem|p1a: Iron Moth|Booster Energy
|-activate|p1a: Iron Moth|ability: Quark Drive|[fromitem]
|-start|p1a: Iron Moth|quarkdrivespe
|move|p2a: Moltres|Will-O-Wisp|p1a: Iron Moth
|-immune|p1a: Iron Moth
|
|upkeep
|turn|3
|
|t:|1776036307
|move|p1a: Iron Moth|Substitute|p1a: Iron Moth
|-start|p1a: Iron Moth|Substitute
|-damage|p1a: Iron Moth|76/100
|move|p2a: Moltres|Scorching Sands|p1a: Iron Moth
|-supereffective|p1a: Iron Moth
|-end|p1a: Iron Moth|Substitute
|
|upkeep
|turn|4
|
|t:|1776036315
|-terastallize|p1a: Iron Moth|Fairy
|move|p1a: Iron Moth|Fiery Dance|p2a: Moltres
|-resisted|p2a: Moltres
|-damage|p2a: Moltres|78/100
|-boost|p1a: Iron Moth|spa|1
|move|p2a: Moltres|Scorching Sands|p1a: Iron Moth
|-damage|p1a: Iron Moth|51/100
|-status|p1a: Iron Moth|brn
|
|-damage|p1a: Iron Moth|45/100 brn|[from] brn
|upkeep
|turn|5
|
|t:|1776036330
|switch|p2a: Politoed|Politoed, F|100/100
|-damage|p2a: Politoed|88/100|[from] Stealth Rock
|-weather|RainDance|[from] ability: Drizzle|[of] p2a: Politoed
|move|p1a: Iron Moth|Sludge Wave|p2a: Politoed
|-damage|p2a: Politoed|33/100
|-status|p2a: Politoed|psn
|
|-weather|RainDance|[upkeep]
|-damage|p2a: Politoed|20/100 psn|[from] psn
|-damage|p1a: Iron Moth|39/100 brn|[from] brn
|upkeep
|turn|6
|
|t:|1776036347
|move|p1a: Iron Moth|Substitute|p1a: Iron Moth
|-start|p1a: Iron Moth|Substitute
|-damage|p1a: Iron Moth|14/100 brn
|move|p2a: Politoed|Rest|p2a: Politoed
|-status|p2a: Politoed|slp|[from] move: Rest
|-heal|p2a: Politoed|100/100 slp|[silent]
|
|-weather|RainDance|[upkeep]
|-damage|p1a: Iron Moth|8/100 brn|[from] brn
|upkeep
|turn|7
|
|t:|1776036362
|switch|p2a: Mandibuzz|Mandibuzz, F|100/100
|-damage|p2a: Mandibuzz|75/100|[from] Stealth Rock
|move|p1a: Iron Moth|Sludge Wave|p2a: Mandibuzz
|-damage|p2a: Mandibuzz|23/100
|
|-weather|RainDance|[upkeep]
|-damage|p1a: Iron Moth|2/100 brn|[from] brn
|upkeep
|turn|8
|
|t:|1776036374
|-terastallize|p2a: Mandibuzz|Steel
|move|p1a: Iron Moth|Fiery Dance|p2a: Mandibuzz
|-supereffective|p2a: Mandibuzz
|-damage|p2a: Mandibuzz|0 fnt
|faint|p2a: Mandibuzz
|
|-weather|RainDance|[upkeep]
|-damage|p1a: Iron Moth|0 fnt|[from] brn
|faint|p1a: Iron Moth
|-end|p1a: Iron Moth|Quark Drive|[silent]
|upkeep
|
|t:|1776036387
|switch|p1a: Zamazenta|Zamazenta|100/100
|switch|p2a: Raikou|Raikou, shiny|100/100
|-ability|p1a: Zamazenta|Dauntless Shield|boost
|-boost|p1a: Zamazenta|def|1
|-damage|p2a: Raikou|88/100|[from] Stealth Rock
|-ability|p2a: Raikou|Pressure
|-item|p2a: Raikou|Air Balloon
|turn|9
|
|t:|1776036397
|move|p1a: Zamazenta|Body Press|p2a: Raikou
|-damage|p2a: Raikou|26/100
|-enditem|p2a: Raikou|Air Balloon
|move|p2a: Raikou|Thunder|p1a: Zamazenta
|-damage|p1a: Zamazenta|58/100
|
|-weather|RainDance|[upkeep]
|-heal|p1a: Zamazenta|64/100|[from] item: Leftovers
|upkeep
|turn|10
|
|t:|1776036408
|switch|p2a: Moltres|Moltres|78/100
|move|p1a: Zamazenta|Body Press|p2a: Moltres
|-resisted|p2a: Moltres
|-damage|p2a: Moltres|54/100
|
|-weather|RainDance|[upkeep]
|-heal|p1a: Zamazenta|70/100|[from] item: Leftovers
|upkeep
|turn|11
|
|t:|1776036419
|move|p1a: Zamazenta|Stone Edge|p2a: Moltres
|-supereffective|p2a: Moltres
|-damage|p2a: Moltres|0 fnt
|faint|p2a: Moltres
|
|-weather|RainDance|[upkeep]
|-heal|p1a: Zamazenta|76/100|[from] item: Leftovers
|upkeep
|-message|Shoven forfeited.
|
|win|alpha_lh
|raw|alpha_lh's rating: 1322 &rarr; <strong>1344</strong><br />(+22 for winning)
|raw|Shoven's rating: 1351 &rarr; <strong>1329</strong><br />(-22 for losing)
|l|☆Shoven
|player|p2|
|l| ohko_smeargle
|l|☆alpha_lh
|player|p1|
