|html|<div class="broadcast-blue"><strong>[Gen 9] OU is currently suspecting Tera Blast! For information on how to participate check out the <a href="https://www.smogon.com/tools/suspects/view/200">suspect thread</a>.</strong></div>
|j|☆Green Arcanines
|j|☆hi im fuji
|t:|1776060427
|gametype|singles
|player|p1|Green Arcanines|101|1136
|player|p2|hi im fuji|265|1220
|gen|9
|tier|[Gen 9] OU
|rated|
|rule|HP Percentage Mod: HP is shown in percentages
|rule|Endless Battle Clause: Forcing endless battles is banned
|rule|Species Clause: Limit one of each Pokémon
|rule|OHKO Clause: OHKO moves are banned
|rule|Evasion Items Clause: Evasion items are banned
|rule|Evasion Moves Clause: Evasion moves are banned
|rule|Evasion Abilities Clause: Evasion abilities are banned
|rule|Sleep Moves Clause: Sleep-inducing moves are banned
|clearpoke
|poke|p1|Infernape, M|
|poke|p1|Cinccino, F|
|poke|p1|Swampert, M|
|poke|p1|Salamence, F|
|poke|p1|Skarmory, F|
|poke|p1|Scrafty, F|
|poke|p2|Dragonite, M|
|poke|p2|Gliscor, F|
|poke|p2|Rotom-Wash|
|poke|p2|Dragapult, M|
|poke|p2|Enamorus, F|
|poke|p2|Landorus-Therian, M|
|teampreview
|
|t:|1776060452
|teamsize|p1|6
|teamsize|p2|6
|start
|switch|p1a: Swampert|Swampert, M|100/100
|switch|p2a: Dragapult|Dragapult, M|100/100
|turn|1
|c|☆Green Arcanines|Hi Fuji
|
|t:|1776060463
|move|p2a: Dragapult|Draco Meteor|p1a: Swampert
|-damage|p1a: Swampert|41/100
|-unboost|p2a: Dragapult|spa|2
|move|p1a: Swampert|Ice Beam|p2a: Dragapult
|-supereffective|p2a: Dragapult
|-damage|p2a: Dragapult|36/100
|
|upkeep
|turn|2
|
|t:|1776060473
|switch|p2a: Rotom|Rotom-Wash|100/100
|move|p1a: Swampert|Ice Beam|p2a: Rotom
|-resisted|p2a: Rotom
|-damage|p2a: Rotom|87/100
|
|-heal|p2a: Rotom|93/100|[from] item: Leftovers
|upkeep
|turn|3
|
|t:|1776060483
|move|p2a: Rotom|Will-O-Wisp|p1a: Swampert
|-status|p1a: Swampert|brn
|move|p1a: Swampert|Flip Turn|p2a: Rotom
|-resisted|p2a: Rotom
|-damage|p2a: Rotom|90/100
|
|t:|1776060491
|switch|p1a: Scrafty|Scrafty, F|100/100|[from] Flip Turn
|
|-heal|p2a: Rotom|96/100|[from] item: Leftovers
|upkeep
|turn|4
|
|t:|1776060499
|switch|p2a: Landorus|Landorus-Therian, M|100/100
|-ability|p2a: Landorus|Intimidate|boost
|-unboost|p1a: Scrafty|atk|1
|move|p1a: Scrafty|Knock Off|p2a: Landorus
|-damage|p2a: Landorus|74/100
|-damage|p1a: Scrafty|84/100|[from] item: Rocky Helmet|[of] p2a: Landorus
|-enditem|p2a: Landorus|Rocky Helmet|[from] move: Knock Off|[of] p1a: Scrafty
|
|-heal|p1a: Scrafty|90/100|[from] item: Leftovers
|upkeep
|turn|5
|
|t:|1776060511
|switch|p1a: Skarmory|Skarmory, F|100/100
|move|p2a: Landorus|Stealth Rock|p1a: Skarmory
|-sidestart|p1: Green Arcanines|move: Stealth Rock
|
|upkeep
|turn|6
|
|t:|1776060518
|move|p2a: Landorus|U-turn|p1a: Skarmory
|-resisted|p1a: Skarmory
|-damage|p1a: Skarmory|98/100
|-damage|p2a: Landorus|57/100|[from] item: Rocky Helmet|[of] p1a: Skarmory
|
|t:|1776060523
|switch|p2a: Dragapult|Dragapult, M|36/100|[from] U-turn
|move|p1a: Skarmory|Curse|p1a: Skarmory
|-unboost|p1a: Skarmory|spe|1
|-boost|p1a: Skarmory|atk|1
|-boost|p1a: Skarmory|def|1
|
|upkeep
|turn|7
|
|t:|1776060533
|move|p2a: Dragapult|Flamethrower|p1a: Skarmory
|-supereffective|p1a: Skarmory
|-damage|p1a: Skarmory|0 fnt
|faint|p1a: Skarmory
|
|upkeep
|
|t:|1776060539
|switch|p1a: Infernape|Infernape, M|100/100
|-damage|p1a: Infernape|88/100|[from] Stealth Rock
|turn|8
|
|t:|1776060548
|switch|p2a: Landorus|Landorus-Therian, M|57/100
|-ability|p2a: Landorus|Intimidate|boost
|-unboost|p1a: Infernape|atk|1
|move|p1a: Infernape|Overheat|p2a: Landorus
|-damage|p2a: Landorus|0 fnt
|-unboost|p1a: Infernape|spa|2
|faint|p2a: Landorus
|-damage|p1a: Infernape|78/100|[from] item: Life Orb
|
|upkeep
|
|t:|1776060565
|switch|p2a: Dragonite|Dragonite, M|100/100
|turn|9
|
|t:|1776060570
|switch|p1a: Cinccino|Cinccino, F|100/100
|move|p2a: Dragonite|Dragon Dance|p2a: Dragonite
|-boost|p2a: Dragonite|atk|1
|-boost|p2a: Dragonite|spe|1
|
|upkeep
|turn|10
|
|t:|1776060582
|move|p2a: Dragonite|Outrage|p1a: Cinccino
|-damage|p1a: Cinccino|0 fnt
|-start|p2a: Dragonite|Attract|[from] ability: Cute Charm|[of] p1a: Cinccino
|faint|p1a: Cinccino
|-end|p2a: Dragonite|Attract|[silent]
|
|upkeep
|
|t:|1776060589
|switch|p1a: Scrafty|Scrafty, F|90/100
|-damage|p1a: Scrafty|84/100|[from] Stealth Rock
|turn|11
|
|t:|1776060594
|-terastallize|p1a: Scrafty|Fairy
|move|p2a: Dragonite|Outrage|p1a: Scrafty|[from] lockedmove
|-immune|p1a: Scrafty
|move|p1a: Scrafty|Dragon Dance|p1a: Scrafty
|-boost|p1a: Scrafty|atk|1
|-boost|p1a: Scrafty|spe|1
|
|-heal|p1a: Scrafty|90/100|[from] item: Leftovers
|upkeep
|turn|12
|
|t:|1776060613
|move|p2a: Dragonite|Earthquake|p1a: Scrafty
|-damage|p1a: Scrafty|20/100
|move|p1a: Scrafty|Knock Off|p2a: Dragonite
|-crit|p2a: Dragonite
|-damage|p2a: Dragonite|48/100
|-enditem|p2a: Dragonite|Heavy-Duty Boots|[from] move: Knock Off|[of] p1a: Scrafty
|
|-heal|p1a: Scrafty|26/100|[from] item: Leftovers
|upkeep
|turn|13
|
|t:|1776060622
|switch|p1a: Salamence|Salamence, F|100/100
|-damage|p1a: Salamence|76/100|[from] Stealth Rock
|move|p2a: Dragonite|Earthquake|p1a: Salamence
|-immune|p1a: Salamence
|
|upkeep
|turn|14
|
|t:|1776060630
|move|p2a: Dragonite|Ice Spinner|p1a: Salamence
|-supereffective|p1a: Salamence
|-damage|p1a: Salamence|0 fnt
|faint|p1a: Salamence
|
|upkeep
|-message|Green Arcanines forfeited.
|
|win|hi im fuji
|raw|Green Arcanines's rating: 1136 &rarr; <strong>1117</strong><br />(-19 for losing)
|raw|hi im fuji's rating: 1220 &rarr; <strong>1239</strong><br />(+19 for winning)
|l|☆Green Arcanines
|player|p1|
|c|☆hi im fuji|:^)
|l|☆hi im fuji
|player|p2|
