|html|<div class="broadcast-blue"><strong>[Gen 9] OU is currently suspecting Tera Blast! For information on how to participate check out the <a href="https://www.smogon.com/tools/suspects/view/200">suspect thread</a>.</strong></div>
|j|☆TristanPlaysPKMN
|j|☆SuchA_Nerd
|t:|1776039310
|gametype|singles
|player|p1|TristanPlaysPKMN|ghetsis|1197
|player|p2|SuchA_Nerd|170|1248
|gen|9
|tier|[Gen 9] OU
|rated|
|rule|HP Percentage Mod: HP is shown in percentages
|rule|Endless Battle Clause: Forcing endless battles is banned
|rule|Species Clause: Limit one of each Pokémon
|rule|OHKO Clause: OHKO moves are banned
|rule|Evasion Items Clause: Evasion items are banned
|rule|Evasion Moves Clause: Evasion moves are banned
|rule|Evasion Abilities Clause: Evasion abilities are banned
|rule|Sleep Moves Clause: Sleep-inducing moves are banned
|clearpoke
|poke|p1|Gogoat, M|
|poke|p1|Ceruledge, M|
|poke|p1|Raging Bolt|
|poke|p1|Garganacl, M|
|poke|p1|Araquanid, F|
|poke|p1|Braviary-Hisui, M|
|poke|p2|Torkoal, F|
|poke|p2|Chandelure, F|
|poke|p2|Heatran, M|
|poke|p2|Ninetales, F|
|poke|p2|Charizard, M|
|poke|p2|Hatterene, F|
|teampreview
|inactive|Battle timer is ON: inactive players will automatically lose when time's up. (requested by SuchA_Nerd)
|inactive|TristanPlaysPKMN also wants the timer to be on.
|
|t:|1776039335
|teamsize|p1|6
|teamsize|p2|6
|start
|switch|p1a: Plip|Araquanid, F, shiny|100/100
|switch|p2a: Ninetales|Ninetales, F|100/100
|-weather|SunnyDay|[from] ability: Drought|[of] p2a: Ninetales
|turn|1
|
|t:|1776039345
|move|p2a: Ninetales|Weather Ball|p1a: Plip
|-damage|p1a: Plip|77/100
|move|p1a: Plip|Sticky Web|p2a: Ninetales
|-sidestart|p2: SuchA_Nerd|move: Sticky Web
|
|-weather|SunnyDay|[upkeep]
|upkeep
|turn|2
|
|t:|1776039358
|switch|p2a: Hatterene|Hatterene, F|100/100
|-activate|p2a: Hatterene|move: Sticky Web
|-unboost|p2a: Hatterene|spe|1
|move|p1a: Plip|Surf|p2a: Hatterene
|-damage|p2a: Hatterene|70/100
|-enditem|p2a: Hatterene|Eject Button
|
|t:|1776039369
|switch|p2a: Charizard|Charizard, M|100/100
|
|-weather|SunnyDay|[upkeep]
|-damage|p2a: Charizard|88/100|[from] ability: Solar Power|[of] p2a: Charizard
|upkeep
|turn|3
|
|t:|1776039377
|move|p2a: Charizard|Weather Ball|p1a: Plip
|-damage|p1a: Plip|19/100
|move|p1a: Plip|Surf|p2a: Charizard
|-supereffective|p2a: Charizard
|-damage|p2a: Charizard|19/100
|
|-weather|SunnyDay|[upkeep]
|-damage|p2a: Charizard|7/100|[from] ability: Solar Power|[of] p2a: Charizard
|upkeep
|turn|4
|-enditem|p1a: Plip|Custap Berry|[eat]
|-activate|p1a: Plip|item: Custap Berry|[consumed]
|
|t:|1776039386
|move|p1a: Plip|Surf|p2a: Charizard
|-supereffective|p2a: Charizard
|-damage|p2a: Charizard|0 fnt
|faint|p2a: Charizard
|
|-weather|SunnyDay|[upkeep]
|upkeep
|
|t:|1776039404
|switch|p2a: Torkoal|Torkoal, F|100/100
|-activate|p2a: Torkoal|move: Sticky Web
|-unboost|p2a: Torkoal|spe|1
|turn|5
|
|t:|1776039410
|move|p1a: Plip|Endeavor|p2a: Torkoal
|-damage|p2a: Torkoal|19/100
|move|p2a: Torkoal|Rapid Spin|p1a: Plip
|-damage|p1a: Plip|10/100
|-boost|p2a: Torkoal|spe|1
|-sideend|p2: SuchA_Nerd|Sticky Web|[from] move: Rapid Spin|[of] p2a: Torkoal
|
|-weather|SunnyDay|[upkeep]
|upkeep
|turn|6
|
|t:|1776039423
|switch|p2a: Hatterene|Hatterene, F|70/100
|move|p1a: Plip|Surf|p2a: Hatterene
|-damage|p2a: Hatterene|44/100
|
|-weather|SunnyDay|[upkeep]
|upkeep
|turn|7
|
|t:|1776039430
|move|p1a: Plip|Endeavor|p2a: Hatterene
|-damage|p2a: Hatterene|11/100
|move|p2a: Hatterene|Mystical Fire|p1a: Plip
|-damage|p1a: Plip|0 fnt
|faint|p1a: Plip
|
|-weather|SunnyDay|[upkeep]
|upkeep
|
|t:|1776039440
|switch|p1a: Espiary|Braviary-Hisui, M, shiny|100/100
|turn|8
|
|t:|1776039445
|move|p1a: Espiary|Esper Wing|p2a: Hatterene
|-resisted|p2a: Hatterene
|-damage|p2a: Hatterene|0 fnt
|-boost|p1a: Espiary|spe|1
|faint|p2a: Hatterene
|
|-weather|none
|upkeep
|
|t:|1776039453
|switch|p2a: Torkoal|Torkoal, F|19/100
|-weather|SunnyDay|[from] ability: Drought|[of] p2a: Torkoal
|turn|9
|
|t:|1776039459
|move|p1a: Espiary|Calm Mind|p1a: Espiary
|-boost|p1a: Espiary|spa|1
|-boost|p1a: Espiary|spd|1
|move|p2a: Torkoal|Weather Ball|p1a: Espiary
|-damage|p1a: Espiary|44/100
|
|-weather|SunnyDay|[upkeep]
|-heal|p1a: Espiary|50/100|[from] item: Leftovers
|upkeep
|turn|10
|
|t:|1776039468
|move|p1a: Espiary|Esper Wing|p2a: Torkoal
|-crit|p2a: Torkoal
|-damage|p2a: Torkoal|0 fnt
|-boost|p1a: Espiary|spe|1
|faint|p2a: Torkoal
|
|-weather|SunnyDay|[upkeep]
|-heal|p1a: Espiary|56/100|[from] item: Leftovers
|upkeep
|
|t:|1776039477
|switch|p2a: Heatran|Heatran, M|100/100
|-item|p2a: Heatran|Air Balloon
|turn|11
|
|t:|1776039483
|move|p1a: Espiary|Hurricane|p2a: Heatran|[miss]
|-miss|p1a: Espiary|p2a: Heatran
|move|p2a: Heatran|Magma Storm|p1a: Espiary|[miss]
|-miss|p2a: Heatran|p1a: Espiary
|
|-weather|SunnyDay|[upkeep]
|-heal|p1a: Espiary|62/100|[from] item: Leftovers
|upkeep
|turn|12
|
|t:|1776039492
|move|p1a: Espiary|Esper Wing|p2a: Heatran
|-resisted|p2a: Heatran
|-damage|p2a: Heatran|46/100
|-boost|p1a: Espiary|spe|1
|-enditem|p2a: Heatran|Air Balloon
|move|p2a: Heatran|Flamethrower|p1a: Espiary
|-damage|p1a: Espiary|0 fnt
|faint|p1a: Espiary
|
|-weather|SunnyDay|[upkeep]
|upkeep
|
|t:|1776039504
|switch|p1a: Crusty|Garganacl, M, shiny|100/100
|turn|13
|
|t:|1776039511
|move|p2a: Heatran|Earth Power|p1a: Crusty
|-supereffective|p1a: Crusty
|-damage|p1a: Crusty|51/100
|-unboost|p1a: Crusty|spd|1
|move|p1a: Crusty|Salt Cure|p2a: Heatran
|-damage|p2a: Heatran|33/100
|-start|p2a: Heatran|Salt Cure
|
|-weather|SunnyDay|[upkeep]
|-damage|p2a: Heatran|8/100|[from] Salt Cure
|upkeep
|turn|14
|
|t:|1776039525
|move|p1a: Crusty|Protect|p1a: Crusty
|-singleturn|p1a: Crusty|Protect
|move|p2a: Heatran|Earth Power|p1a: Crusty
|-activate|p1a: Crusty|move: Protect
|
|-weather|SunnyDay|[upkeep]
|-damage|p2a: Heatran|0 fnt|[from] Salt Cure
|faint|p2a: Heatran
|upkeep
|
|t:|1776039537
|switch|p2a: Ninetales|Ninetales, F|100/100
|turn|15
|
|t:|1776039543
|move|p2a: Ninetales|Solar Beam||[still]
|-prepare|p2a: Ninetales|Solar Beam
|-anim|p2a: Ninetales|Solar Beam|p1a: Crusty
|-supereffective|p1a: Crusty
|-damage|p1a: Crusty|0 fnt
|faint|p1a: Crusty
|
|-weather|SunnyDay|[upkeep]
|upkeep
|
|t:|1776039549
|switch|p1a: TargetOfAffection|Raging Bolt|100/100
|-activate|p1a: TargetOfAffection|ability: Protosynthesis
|-start|p1a: TargetOfAffection|protosynthesisspa
|turn|16
|
|t:|1776039562
|switch|p2a: Chandelure|Chandelure, F|100/100
|move|p1a: TargetOfAffection|Calm Mind|p1a: TargetOfAffection
|-boost|p1a: TargetOfAffection|spa|1
|-boost|p1a: TargetOfAffection|spd|1
|
|-weather|none
|-end|p1a: TargetOfAffection|Protosynthesis
|upkeep
|-enditem|p1a: TargetOfAffection|Booster Energy
|-activate|p1a: TargetOfAffection|ability: Protosynthesis|[fromitem]
|-start|p1a: TargetOfAffection|protosynthesisspa
|turn|17
|
|t:|1776039573
|move|p1a: TargetOfAffection|Thunderclap||[still]
|-fail|p1a: TargetOfAffection
|move|p2a: Chandelure|Trick|p1a: TargetOfAffection
|-activate|p2a: Chandelure|move: Trick|[of] p1a: TargetOfAffection
|-item|p1a: TargetOfAffection|Choice Scarf|[from] move: Trick
|-enditem|p2a: Chandelure|Choice Scarf|[silent]|[from] move: Trick
|
|upkeep
|turn|18
|
|t:|1776039581
|switch|p2a: Ninetales|Ninetales, F|100/100
|-weather|SunnyDay|[from] ability: Drought|[of] p2a: Ninetales
|move|p1a: TargetOfAffection|Thunderbolt|p2a: Ninetales
|-damage|p2a: Ninetales|0 fnt
|faint|p2a: Ninetales
|
|-weather|SunnyDay|[upkeep]
|upkeep
|
|t:|1776039591
|switch|p2a: Chandelure|Chandelure, F|100/100
|turn|19
|
|t:|1776039596
|-terastallize|p2a: Chandelure|Ghost
|move|p1a: TargetOfAffection|Thunderbolt|p2a: Chandelure
|-damage|p2a: Chandelure|0 fnt
|faint|p2a: Chandelure
|
|win|TristanPlaysPKMN
|raw|TristanPlaysPKMN's rating: 1197 &rarr; <strong>1226</strong><br />(+29 for winning)
|raw|SuchA_Nerd's rating: 1248 &rarr; <strong>1219</strong><br />(-29 for losing)
|l|☆SuchA_Nerd
|player|p2|
|l|☆TristanPlaysPKMN
|player|p1|
