|html|<div class="broadcast-blue"><strong>[Gen 9] OU is currently suspecting Tera Blast! For information on how to participate check out the <a href="https://www.smogon.com/tools/suspects/view/200">suspect thread</a>.</strong></div>
|j|☆potato9832
|j|☆Yazzop
|t:|1776099349
|gametype|singles
|player|p1|potato9832|pokemonranger-gen4|1165
|player|p2|Yazzop|2|1136
|gen|9
|tier|[Gen 9] OU
|rated|
|rule|HP Percentage Mod: HP is shown in percentages
|rule|Endless Battle Clause: Forcing endless battles is banned
|rule|Species Clause: Limit one of each Pokémon
|rule|OHKO Clause: OHKO moves are banned
|rule|Evasion Items Clause: Evasion items are banned
|rule|Evasion Moves Clause: Evasion moves are banned
|rule|Evasion Abilities Clause: Evasion abilities are banned
|rule|Sleep Moves Clause: Sleep-inducing moves are banned
|clearpoke
|poke|p1|Chandelure, M|
|poke|p1|Araquanid, F|
|poke|p1|Frosmoth, M|
|poke|p1|Kommo-o, F|
|poke|p1|Tatsugiri-Droopy, F|
|poke|p1|Goodra-Hisui, M|
|poke|p2|Skeledirge, M|
|poke|p2|Rillaboom, M|
|poke|p2|Enamorus, F|
|poke|p2|Weavile, F|
|poke|p2|Great Tusk|
|poke|p2|Slowking-Galar, F|
|teampreview
|
|t:|1776099357
|teamsize|p1|6
|teamsize|p2|6
|start
|switch|p1a: Araquanid|Araquanid, F, shiny|100/100
|switch|p2a: Greater Than Lando|Great Tusk|100/100
|turn|1
|
|t:|1776099362
|move|p2a: Greater Than Lando|Stealth Rock|p1a: Araquanid
|-sidestart|p1: potato9832|move: Stealth Rock
|move|p1a: Araquanid|Sticky Web|p2a: Greater Than Lando
|-sidestart|p2: Yazzop|move: Sticky Web
|
|upkeep
|turn|2
|
|t:|1776099366
|move|p2a: Greater Than Lando|Rapid Spin|p1a: Araquanid
|-damage|p1a: Araquanid|85/100
|-boost|p2a: Greater Than Lando|spe|1
|-sideend|p2: Yazzop|Sticky Web|[from] move: Rapid Spin|[of] p2a: Greater Than Lando
|move|p1a: Araquanid|Liquidation|p2a: Greater Than Lando
|-supereffective|p2a: Greater Than Lando
|-damage|p2a: Greater Than Lando|17/100
|
|-heal|p1a: Araquanid|91/100|[from] item: Leftovers
|upkeep
|turn|3
|
|t:|1776099378
|-end|p2a: Greater Than Lando|Protosynthesis|[silent]
|switch|p2a: DAAAMN LES GENS!!!|Rillaboom, M|100/100
|-fieldstart|move: Grassy Terrain|[from] ability: Grassy Surge|[of] p2a: DAAAMN LES GENS!!!
|move|p1a: Araquanid|Crunch|p2a: DAAAMN LES GENS!!!
|-crit|p2a: DAAAMN LES GENS!!!
|-damage|p2a: DAAAMN LES GENS!!!|68/100
|
|-heal|p2a: DAAAMN LES GENS!!!|75/100|[from] Grassy Terrain
|-heal|p1a: Araquanid|97/100|[from] Grassy Terrain
|-heal|p1a: Araquanid|100/100|[from] item: Leftovers
|upkeep
|turn|4
|
|t:|1776099391
|-terastallize|p2a: DAAAMN LES GENS!!!|Grass
|move|p2a: DAAAMN LES GENS!!!|Wood Hammer|p1a: Araquanid
|-damage|p1a: Araquanid|0 fnt
|faint|p1a: Araquanid
|-damage|p2a: DAAAMN LES GENS!!!|45/100|[from] Recoil
|
|-heal|p2a: DAAAMN LES GENS!!!|51/100|[from] Grassy Terrain
|upkeep
|
|t:|1776099398
|switch|p1a: Tatsugiri|Tatsugiri-Droopy, F, shiny|100/100
|-damage|p1a: Tatsugiri|88/100|[from] Stealth Rock
|turn|5
|
|t:|1776099404
|switch|p2a: Kev Adams|Slowking-Galar, F|100/100
|move|p1a: Tatsugiri|Rapid Spin|p2a: Kev Adams
|-damage|p2a: Kev Adams|93/100
|-boost|p1a: Tatsugiri|spe|1
|-sideend|p1: potato9832|Stealth Rock|[from] move: Rapid Spin|[of] p1a: Tatsugiri
|
|-heal|p1a: Tatsugiri|94/100|[from] Grassy Terrain
|-heal|p2a: Kev Adams|99/100|[from] Grassy Terrain
|upkeep
|turn|6
|
|t:|1776099413
|move|p1a: Tatsugiri|Taunt|p2a: Kev Adams
|-start|p2a: Kev Adams|move: Taunt
|cant|p2a: Kev Adams|move: Taunt|Thunder Wave
|
|-heal|p1a: Tatsugiri|100/100|[from] Grassy Terrain
|-heal|p2a: Kev Adams|100/100|[from] Grassy Terrain
|upkeep
|turn|7
|
|t:|1776099419
|move|p2a: Kev Adams|Sludge Bomb|p1a: Tatsugiri
|-damage|p1a: Tatsugiri|66/100
|move|p1a: Tatsugiri|Mirror Coat|p2a: Kev Adams
|-damage|p2a: Kev Adams|41/100
|
|-heal|p1a: Tatsugiri|72/100|[from] Grassy Terrain
|-heal|p2a: Kev Adams|47/100|[from] Grassy Terrain
|-fieldend|move: Grassy Terrain
|upkeep
|turn|8
|
|t:|1776099440
|switch|p1a: Frosmoth|Frosmoth, M, shiny|100/100
|switch|p2a: Ugly Thing|Enamorus, F|100/100
|
|upkeep
|turn|9
|
|t:|1776099447
|move|p2a: Ugly Thing|Moonblast|p1a: Frosmoth
|-damage|p1a: Frosmoth|69/100
|move|p1a: Frosmoth|Quiver Dance|p1a: Frosmoth
|-boost|p1a: Frosmoth|spa|1
|-boost|p1a: Frosmoth|spd|1
|-boost|p1a: Frosmoth|spe|1
|
|-heal|p1a: Frosmoth|75/100|[from] item: Leftovers
|upkeep
|turn|10
|-message|Yazzop forfeited.
|
|win|potato9832
|raw|potato9832's rating: 1165 &rarr; <strong>1188</strong><br />(+23 for winning)
|raw|Yazzop's rating: 1136 &rarr; <strong>1113</strong><br />(-23 for losing)
|l|☆Yazzop
|player|p2|
|l|☆potato9832
|player|p1|
