|html|<div class="broadcast-blue"><strong>[Gen 9] OU is currently suspecting Tera Blast! For information on how to participate check out the <a href="https://www.smogon.com/tools/suspects/view/200">suspect thread</a>.</strong></div>
|j|☆kjojon
|j|☆ZeR0KILL
|t:|1776095531
|gametype|singles
|player|p1|kjojon|brock|1122
|player|p2|ZeR0KILL|lance|1149
|gen|9
|tier|[Gen 9] OU
|rated|
|rule|HP Percentage Mod: HP is shown in percentages
|rule|Endless Battle Clause: Forcing endless battles is banned
|rule|Species Clause: Limit one of each Pokémon
|rule|OHKO Clause: OHKO moves are banned
|rule|Evasion Items Clause: Evasion items are banned
|rule|Evasion Moves Clause: Evasion moves are banned
|rule|Evasion Abilities Clause: Evasion abilities are banned
|rule|Sleep Moves Clause: Sleep-inducing moves are banned
|clearpoke
|poke|p1|Gardevoir, F|
|poke|p1|Lurantis, F|
|poke|p1|Duraludon, M|
|poke|p1|Hitmontop, M|
|poke|p1|Necrozma|
|poke|p1|Porygon-Z|
|poke|p2|Dragonite, F|
|poke|p2|Ogerpon-Wellspring, F|
|poke|p2|Spiritomb, M|
|poke|p2|Gliscor, F|
|poke|p2|Gholdengo|
|poke|p2|Zamazenta-*|
|teampreview
|inactive|Battle timer is ON: inactive players will automatically lose when time's up. (requested by ZeR0KILL)
|
|t:|1776095540
|teamsize|p1|6
|teamsize|p2|6
|start
|switch|p1a: PoyPee|Porygon-Z, shiny|100/100
|switch|p2a: Gliscor|Gliscor, F, shiny|100/100
|turn|1
|
|t:|1776095546
|move|p2a: Gliscor|Protect|p2a: Gliscor
|-singleturn|p2a: Gliscor|Protect
|move|p1a: PoyPee|Tri Attack|p2a: Gliscor
|-activate|p2a: Gliscor|move: Protect
|
|-status|p2a: Gliscor|tox|[from] item: Toxic Orb
|upkeep
|turn|2
|
|t:|1776095555
|move|p2a: Gliscor|Toxic|p1a: PoyPee
|-status|p1a: PoyPee|tox
|move|p1a: PoyPee|Ice Beam|p2a: Gliscor
|-supereffective|p2a: Gliscor
|-damage|p2a: Gliscor|0 fnt
|faint|p2a: Gliscor
|
|-damage|p1a: PoyPee|94/100 tox|[from] psn
|upkeep
|
|t:|1776095566
|switch|p2a: Zamazenta|Zamazenta|100/100
|-ability|p2a: Zamazenta|Dauntless Shield|boost
|-boost|p2a: Zamazenta|def|1
|turn|3
|
|t:|1776095577
|move|p2a: Zamazenta|Iron Defense|p2a: Zamazenta
|-boost|p2a: Zamazenta|def|2
|move|p1a: PoyPee|Tri Attack|p2a: Zamazenta
|-damage|p2a: Zamazenta|40/100
|
|-heal|p2a: Zamazenta|46/100|[from] item: Leftovers
|-damage|p1a: PoyPee|82/100 tox|[from] psn
|upkeep
|turn|4
|
|t:|1776095581
|move|p2a: Zamazenta|Body Press|p1a: PoyPee
|-supereffective|p1a: PoyPee
|-damage|p1a: PoyPee|0 fnt
|faint|p1a: PoyPee
|
|-heal|p2a: Zamazenta|52/100|[from] item: Leftovers
|upkeep
|
|t:|1776095597
|switch|p1a: Xodium|Gardevoir, F, shiny|100/100
|-ability|p1a: Xodium|Dauntless Shield|Trace|[from] ability: Trace|[of] p2a: Zamazenta
|-ability|p1a: Xodium|Dauntless Shield|boost
|-boost|p1a: Xodium|def|1
|turn|5
|
|t:|1776095606
|move|p1a: Xodium|Moonblast|p2a: Zamazenta
|-supereffective|p2a: Zamazenta
|-damage|p2a: Zamazenta|0 fnt
|faint|p2a: Zamazenta
|
|upkeep
|
|t:|1776095614
|switch|p2a: Gholdengo|Gholdengo, shiny|100/100
|turn|6
|
|t:|1776095618
|switch|p1a: Garfiel|Hitmontop, M|100/100
|move|p2a: Gholdengo|Make It Rain|p1a: Garfiel
|-damage|p1a: Garfiel|27/100
|-unboost|p2a: Gholdengo|spa|1
|
|upkeep
|turn|7
|
|t:|1776095628
|move|p2a: Gholdengo|Make It Rain|p1a: Garfiel
|-damage|p1a: Garfiel|0 fnt
|-unboost|p2a: Gholdengo|spa|1
|faint|p1a: Garfiel
|
|upkeep
|
|t:|1776095637
|switch|p1a: R-Pyrite|Necrozma, shiny|100/100
|turn|8
|
|t:|1776095645
|switch|p2a: Spiritomb|Spiritomb, M, shiny|100/100
|move|p1a: R-Pyrite|Dragon Dance|p1a: R-Pyrite
|-boost|p1a: R-Pyrite|atk|1
|-boost|p1a: R-Pyrite|spe|1
|
|upkeep
|turn|9
|
|t:|1776095664
|move|p1a: R-Pyrite|Dragon Dance|p1a: R-Pyrite
|-boost|p1a: R-Pyrite|atk|1
|-boost|p1a: R-Pyrite|spe|1
|move|p2a: Spiritomb|Foul Play|p1a: R-Pyrite
|-supereffective|p1a: R-Pyrite
|-damage|p1a: R-Pyrite|0 fnt
|faint|p1a: R-Pyrite
|
|upkeep
|
|t:|1776095676
|switch|p1a: Libra|Lurantis, F, shiny|100/100
|turn|10
|
|t:|1776095684
|move|p1a: Libra|Leaf Storm|p2a: Spiritomb
|-damage|p2a: Spiritomb|65/100
|-boost|p1a: Libra|spa|2
|move|p2a: Spiritomb|Will-O-Wisp|p1a: Libra
|-status|p1a: Libra|brn
|
|-heal|p2a: Spiritomb|71/100|[from] item: Leftovers
|-damage|p1a: Libra|94/100 brn|[from] brn
|upkeep
|turn|11
|
|t:|1776095696
|-terastallize|p2a: Spiritomb|Grass
|move|p2a: Spiritomb|Sucker Punch|p1a: Libra
|-damage|p1a: Libra|70/100 brn
|move|p1a: Libra|Leaf Storm|p2a: Spiritomb
|-resisted|p2a: Spiritomb
|-damage|p2a: Spiritomb|35/100
|-boost|p1a: Libra|spa|2
|
|-heal|p2a: Spiritomb|42/100|[from] item: Leftovers
|-damage|p1a: Libra|63/100 brn|[from] brn
|upkeep
|turn|12
|
|t:|1776095704
|move|p1a: Libra|Leaf Storm|p2a: Spiritomb
|-resisted|p2a: Spiritomb
|-damage|p2a: Spiritomb|0 fnt
|-boost|p1a: Libra|spa|2
|faint|p2a: Spiritomb
|
|-damage|p1a: Libra|57/100 brn|[from] brn
|upkeep
|
|t:|1776095714
|switch|p2a: Gholdengo|Gholdengo, shiny|100/100
|turn|13
|
|t:|1776095723
|move|p2a: Gholdengo|Make It Rain|p1a: Libra
|-damage|p1a: Libra|8/100 brn
|-unboost|p2a: Gholdengo|spa|1
|move|p1a: Libra|Leaf Storm|p2a: Gholdengo
|-resisted|p2a: Gholdengo
|-damage|p2a: Gholdengo|11/100
|
|-damage|p1a: Libra|2/100 brn|[from] brn
|upkeep
|turn|14
|
|t:|1776095731
|move|p2a: Gholdengo|Make It Rain|p1a: Libra
|-damage|p1a: Libra|0 fnt
|-unboost|p2a: Gholdengo|spa|1
|faint|p1a: Libra
|
|upkeep
|
|t:|1776095737
|switch|p1a: Xodium|Gardevoir, F, shiny|100/100
|-ability|p1a: Xodium|Good as Gold|Trace|[from] ability: Trace|[of] p2a: Gholdengo
|turn|15
|
|t:|1776095743
|switch|p2a: Dragonite|Dragonite, F|100/100
|move|p1a: Xodium|Moonblast|p2a: Dragonite
|-supereffective|p2a: Dragonite
|-damage|p2a: Dragonite|53/100
|-unboost|p2a: Dragonite|spa|1
|
|upkeep
|turn|16
|
|t:|1776095749
|move|p1a: Xodium|Moonblast|p2a: Dragonite
|-supereffective|p2a: Dragonite
|-damage|p2a: Dragonite|0 fnt
|faint|p2a: Dragonite
|
|upkeep
|
|t:|1776095752
|switch|p2a: Gholdengo|Gholdengo, shiny|11/100
|turn|17
|
|t:|1776095756
|move|p2a: Gholdengo|Make It Rain|p1a: Xodium
|-supereffective|p1a: Xodium
|-crit|p1a: Xodium
|-damage|p1a: Xodium|0 fnt
|-unboost|p2a: Gholdengo|spa|1
|faint|p1a: Xodium
|
|upkeep
|
|t:|1776095759
|switch|p1a: Babylon|Duraludon, M, shiny|100/100
|turn|18
|
|t:|1776095765
|switch|p2a: Ogerpon|Ogerpon-Wellspring, F|100/100
|move|p1a: Babylon|Focus Energy|p1a: Babylon
|-start|p1a: Babylon|move: Focus Energy
|
|upkeep
|turn|19
|
|t:|1776095776
|move|p2a: Ogerpon|Play Rough|p1a: Babylon
|-damage|p1a: Babylon|77/100
|move|p1a: Babylon|Thunderbolt|p2a: Ogerpon
|-crit|p2a: Ogerpon
|-damage|p2a: Ogerpon|47/100
|
|upkeep
|turn|20
|
|t:|1776095781
|move|p2a: Ogerpon|Play Rough|p1a: Babylon
|-crit|p1a: Babylon
|-damage|p1a: Babylon|40/100
|move|p1a: Babylon|Thunderbolt|p2a: Ogerpon
|-crit|p2a: Ogerpon
|-damage|p2a: Ogerpon|0 fnt
|faint|p2a: Ogerpon
|
|upkeep
|
|t:|1776095784
|switch|p2a: Gholdengo|Gholdengo, shiny|11/100
|turn|21
|
|t:|1776095791
|move|p2a: Gholdengo|Shadow Ball|p1a: Babylon
|-damage|p1a: Babylon|0 fnt
|faint|p1a: Babylon
|
|win|ZeR0KILL
|raw|kjojon's rating: 1122 &rarr; <strong>1099</strong><br />(-23 for losing)
|raw|ZeR0KILL's rating: 1149 &rarr; <strong>1172</strong><br />(+23 for winning)
|c|☆kjojon|gg's
