|html|<div class="broadcast-blue"><strong>[Gen 9] OU is currently suspecting Tera Blast! For information on how to participate check out the <a href="https://www.smogon.com/tools/suspects/view/200">suspect thread</a>.</strong></div>
|j|☆Gameboyrob
|j|☆Lordbulbus17
|t:|1776062363
|gametype|singles
|player|p1|Gameboyrob|petrel|1443
|player|p2|Lordbulbus17|266|1608
|gen|9
|tier|[Gen 9] OU
|rated|
|rule|HP Percentage Mod: HP is shown in percentages
|rule|Endless Battle Clause: Forcing endless battles is banned
|rule|Species Clause: Limit one of each Pokémon
|rule|OHKO Clause: OHKO moves are banned
|rule|Evasion Items Clause: Evasion items are banned
|rule|Evasion Moves Clause: Evasion moves are banned
|rule|Evasion Abilities Clause: Evasion abilities are banned
|rule|Sleep Moves Clause: Sleep-inducing moves are banned
|clearpoke
|poke|p1|Ninetales, F|
|poke|p1|Ceruledge, M|
|poke|p1|Venusaur, M|
|poke|p1|Hatterene, F|
|poke|p1|Great Tusk|
|poke|p1|Walking Wake|
|poke|p2|Cinderace, M|
|poke|p2|Hatterene, F|
|poke|p2|Cetitan, F|
|poke|p2|Ninetales-Alola, M|
|poke|p2|Raging Bolt|
|poke|p2|Greninja-*, M|
|teampreview
|inactive|Battle timer is ON: inactive players will automatically lose when time's up. (requested by Gameboyrob)
|j| vasago
|
|t:|1776062390
|teamsize|p1|6
|teamsize|p2|6
|start
|switch|p1a: Lynrd Spynrd|Great Tusk|100/100
|switch|p2a: Raging Bolt|Raging Bolt|100/100
|turn|1
|
|t:|1776062397
|-end|p2a: Raging Bolt|Protosynthesis|[silent]
|switch|p2a: Ninetales|Ninetales-Alola, M|100/100
|-weather|Snowscape|[from] ability: Snow Warning|[of] p2a: Ninetales
|move|p1a: Lynrd Spynrd|Stealth Rock|p2a: Ninetales
|-sidestart|p2: Lordbulbus17|move: Stealth Rock
|
|-weather|Snowscape|[upkeep]
|upkeep
|turn|2
|
|t:|1776062404
|switch|p2a: Cinderace|Cinderace, M|100/100
|-end|p1a: Lynrd Spynrd|Protosynthesis|[silent]
|switch|p1a: Kurama Chakra Mode|Ninetales, F|100/100
|-weather|SunnyDay|[from] ability: Drought|[of] p1a: Kurama Chakra Mode
|
|-weather|SunnyDay|[upkeep]
|upkeep
|turn|3
|
|t:|1776062414
|-terastallize|p2a: Cinderace|Fire
|move|p2a: Cinderace|Pyro Ball|p1a: Kurama Chakra Mode
|-resisted|p1a: Kurama Chakra Mode
|-damage|p1a: Kurama Chakra Mode|34/100
|move|p1a: Kurama Chakra Mode|Flamethrower|p2a: Cinderace
|-resisted|p2a: Cinderace
|-damage|p2a: Cinderace|73/100
|
|-weather|SunnyDay|[upkeep]
|upkeep
|turn|4
|
|t:|1776062423
|switch|p1a: Die w A Smile|Hatterene, F|100/100
|move|p2a: Cinderace|Court Change|p2a: Cinderace
|-swapsideconditions
|-activate|p2a: Cinderace|move: Court Change
|
|-weather|SunnyDay|[upkeep]
|upkeep
|turn|5
|
|t:|1776062431
|move|p2a: Cinderace|Pyro Ball|p1a: Die w A Smile
|-damage|p1a: Die w A Smile|0 fnt
|faint|p1a: Die w A Smile
|
|-weather|SunnyDay|[upkeep]
|upkeep
|
|t:|1776062434
|switch|p1a: Lynrd Spynrd|Great Tusk|100/100
|-damage|p1a: Lynrd Spynrd|98/100|[from] Stealth Rock
|-activate|p1a: Lynrd Spynrd|ability: Protosynthesis
|-start|p1a: Lynrd Spynrd|protosynthesisspe
|turn|6
|
|t:|1776062440
|move|p1a: Lynrd Spynrd|Headlong Rush|p2a: Cinderace
|-supereffective|p2a: Cinderace
|-damage|p2a: Cinderace|0 fnt
|-unboost|p1a: Lynrd Spynrd|def|1
|-unboost|p1a: Lynrd Spynrd|spd|1
|faint|p2a: Cinderace
|
|-weather|SunnyDay|[upkeep]
|upkeep
|
|t:|1776062448
|switch|p2a: Ninetales|Ninetales-Alola, M|100/100
|-weather|Snowscape|[from] ability: Snow Warning|[of] p2a: Ninetales
|-end|p1a: Lynrd Spynrd|Protosynthesis
|turn|7
|
|t:|1776062454
|move|p2a: Ninetales|Moonblast|p1a: Lynrd Spynrd
|-supereffective|p1a: Lynrd Spynrd
|-damage|p1a: Lynrd Spynrd|0 fnt
|faint|p1a: Lynrd Spynrd
|-end|p1a: Lynrd Spynrd|Protosynthesis|[silent]
|
|-weather|Snowscape|[upkeep]
|upkeep
|
|t:|1776062457
|switch|p1a: Kurama Chakra Mode|Ninetales, F|34/100
|-damage|p1a: Kurama Chakra Mode|9/100|[from] Stealth Rock
|-weather|SunnyDay|[from] ability: Drought|[of] p1a: Kurama Chakra Mode
|turn|8
|
|t:|1776062466
|switch|p2a: Raging Bolt|Raging Bolt|100/100
|-activate|p2a: Raging Bolt|ability: Protosynthesis
|-start|p2a: Raging Bolt|protosynthesisspa
|switch|p1a: Dubya|Walking Wake|100/100
|-damage|p1a: Dubya|88/100|[from] Stealth Rock
|-activate|p1a: Dubya|ability: Protosynthesis
|-start|p1a: Dubya|protosynthesisspa
|
|-weather|SunnyDay|[upkeep]
|upkeep
|turn|9
|
|t:|1776062480
|-end|p2a: Raging Bolt|Protosynthesis|[silent]
|switch|p2a: Greninja|Greninja, M|100/100
|-terastallize|p1a: Dubya|Water
|move|p1a: Dubya|Hydro Steam|p2a: Greninja
|-resisted|p2a: Greninja
|-damage|p2a: Greninja|0 fnt
|faint|p2a: Greninja
|
|-weather|SunnyDay|[upkeep]
|upkeep
|
|t:|1776062488
|switch|p2a: Ninetales|Ninetales-Alola, M|100/100
|-weather|Snowscape|[from] ability: Snow Warning|[of] p2a: Ninetales
|-end|p1a: Dubya|Protosynthesis
|turn|10
|
|t:|1776062495
|move|p2a: Ninetales|Aurora Veil|p2a: Ninetales
|-sidestart|p2: Lordbulbus17|move: Aurora Veil
|move|p1a: Dubya|Hydro Steam|p2a: Ninetales
|-damage|p2a: Ninetales|56/100
|
|-weather|Snowscape|[upkeep]
|upkeep
|turn|11
|
|t:|1776062502
|move|p2a: Ninetales|Freeze-Dry|p1a: Dubya
|-supereffective|p1a: Dubya
|-damage|p1a: Dubya|40/100
|move|p1a: Dubya|Hydro Steam|p2a: Ninetales
|-damage|p2a: Ninetales|10/100
|
|-weather|Snowscape|[upkeep]
|upkeep
|turn|12
|
|t:|1776062509
|move|p2a: Ninetales|Freeze-Dry|p1a: Dubya
|-supereffective|p1a: Dubya
|-damage|p1a: Dubya|0 fnt
|faint|p1a: Dubya
|-end|p1a: Dubya|Protosynthesis|[silent]
|
|-weather|Snowscape|[upkeep]
|upkeep
|-message|Gameboyrob forfeited.
|
|win|Lordbulbus17
|raw|Gameboyrob's rating: 1443 &rarr; <strong>1432</strong><br />(-11 for losing)
|raw|Lordbulbus17's rating: 1608 &rarr; <strong>1619</strong><br />(+11 for winning)
|l|☆Gameboyrob
|player|p1|
|l|☆Lordbulbus17
|player|p2|
|l| vasago
