|html|<div class="broadcast-blue"><strong>[Gen 9] OU is currently suspecting Tera Blast! For information on how to participate check out the <a href="https://www.smogon.com/tools/suspects/view/200">suspect thread</a>.</strong></div>
|j|☆Stuart Doghaus
|j|☆unimii
|t:|1776210114
|gametype|singles
|player|p1|Stuart Doghaus|yellow|1086
|player|p2|unimii|roxie|1137
|gen|9
|tier|[Gen 9] OU
|rated|
|rule|HP Percentage Mod: HP is shown in percentages
|rule|Endless Battle Clause: Forcing endless battles is banned
|rule|Species Clause: Limit one of each Pokémon
|rule|OHKO Clause: OHKO moves are banned
|rule|Evasion Items Clause: Evasion items are banned
|rule|Evasion Moves Clause: Evasion moves are banned
|rule|Evasion Abilities Clause: Evasion abilities are banned
|rule|Sleep Moves Clause: Sleep-inducing moves are banned
|clearpoke
|poke|p1|Slither Wing|
|poke|p1|Ninetales, M|
|poke|p1|Walking Wake|
|poke|p1|Iron Moth|
|poke|p1|Tinkaton, F|
|poke|p1|Raging Bolt|
|poke|p2|Gholdengo|
|poke|p2|Garganacl, F|
|poke|p2|Polteageist|
|poke|p2|Maushold-Four|
|poke|p2|Ogerpon-Wellspring, F|
|poke|p2|Enamorus, F|
|teampreview
|inactive|Battle timer is ON: inactive players will automatically lose when time's up. (requested by unimii)
|
|t:|1776210138
|teamsize|p1|6
|teamsize|p2|6
|start
|switch|p1a: Ninetales|Ninetales, M|100/100
|switch|p2a: Sazon|Garganacl, F|100/100
|-weather|SunnyDay|[from] ability: Drought|[of] p1a: Ninetales
|turn|1
|
|t:|1776210144
|move|p1a: Ninetales|Will-O-Wisp|p2a: Sazon
|-immune|p2a: Sazon|[from] ability: Purifying Salt
|move|p2a: Sazon|Iron Defense|p2a: Sazon
|-boost|p2a: Sazon|def|2
|
|-weather|SunnyDay|[upkeep]
|upkeep
|turn|2
|
|t:|1776210152
|switch|p1a: Walk N Wake|Walking Wake|100/100
|-activate|p1a: Walk N Wake|ability: Protosynthesis
|-start|p1a: Walk N Wake|protosynthesisspe
|move|p2a: Sazon|Iron Defense|p2a: Sazon
|-boost|p2a: Sazon|def|2
|
|-weather|SunnyDay|[upkeep]
|upkeep
|turn|3
|
|t:|1776210164
|-terastallize|p2a: Sazon|Water
|move|p1a: Walk N Wake|Weather Ball|p2a: Sazon
|-resisted|p2a: Sazon
|-damage|p2a: Sazon|76/100
|move|p2a: Sazon|Salt Cure|p1a: Walk N Wake
|-damage|p1a: Walk N Wake|85/100
|-start|p1a: Walk N Wake|Salt Cure
|
|-weather|SunnyDay|[upkeep]
|-heal|p2a: Sazon|82/100|[from] item: Leftovers
|-damage|p1a: Walk N Wake|60/100|[from] Salt Cure
|upkeep
|turn|4
|
|t:|1776210177
|-end|p1a: Walk N Wake|Protosynthesis|[silent]
|switch|p1a: Iron Moth|Iron Moth|100/100
|-enditem|p1a: Iron Moth|Booster Energy
|-activate|p1a: Iron Moth|ability: Quark Drive|[fromitem]
|-start|p1a: Iron Moth|quarkdrivespa
|move|p2a: Sazon|Iron Defense|p2a: Sazon
|-boost|p2a: Sazon|def|2
|
|-weather|SunnyDay|[upkeep]
|-heal|p2a: Sazon|88/100|[from] item: Leftovers
|upkeep
|turn|5
|
|t:|1776210187
|move|p1a: Iron Moth|Sludge Wave|p2a: Sazon
|-damage|p2a: Sazon|49/100
|move|p2a: Sazon|Salt Cure|p1a: Iron Moth
|-supereffective|p1a: Iron Moth
|-damage|p1a: Iron Moth|59/100
|-start|p1a: Iron Moth|Salt Cure
|
|-weather|SunnyDay|[upkeep]
|-heal|p2a: Sazon|55/100|[from] item: Leftovers
|-damage|p1a: Iron Moth|46/100|[from] Salt Cure
|upkeep
|turn|6
|
|t:|1776210197
|-end|p1a: Iron Moth|Quark Drive|[silent]
|switch|p1a: Walk N Wake|Walking Wake|60/100
|-activate|p1a: Walk N Wake|ability: Protosynthesis
|-start|p1a: Walk N Wake|protosynthesisspe
|move|p2a: Sazon|Recover|p2a: Sazon
|-heal|p2a: Sazon|100/100
|
|-weather|SunnyDay|[upkeep]
|upkeep
|turn|7
|
|t:|1776210205
|move|p1a: Walk N Wake|Draco Meteor|p2a: Sazon
|-crit|p2a: Sazon
|-damage|p2a: Sazon|1/100
|-unboost|p1a: Walk N Wake|spa|2
|move|p2a: Sazon|Body Press|p1a: Walk N Wake
|-damage|p1a: Walk N Wake|0 fnt
|faint|p1a: Walk N Wake
|-end|p1a: Walk N Wake|Protosynthesis|[silent]
|
|-weather|SunnyDay|[upkeep]
|-heal|p2a: Sazon|7/100|[from] item: Leftovers
|upkeep
|
|t:|1776210213
|switch|p1a: Schwrm!|Slither Wing, shiny|100/100
|-activate|p1a: Schwrm!|ability: Protosynthesis
|-start|p1a: Schwrm!|protosynthesisatk
|turn|8
|
|t:|1776210219
|move|p1a: Schwrm!|U-turn|p2a: Sazon
|-damage|p2a: Sazon|0 fnt
|faint|p2a: Sazon
|
|t:|1776210231
|-end|p1a: Schwrm!|Protosynthesis|[silent]
|switch|p1a: Raging Bolt|Raging Bolt|100/100|[from] U-turn
|-activate|p1a: Raging Bolt|ability: Protosynthesis
|-start|p1a: Raging Bolt|protosynthesisspa
|
|-weather|none
|-end|p1a: Raging Bolt|Protosynthesis
|upkeep
|
|t:|1776210241
|switch|p2a: Biribinha|Polteageist|100/100
|turn|9
|
|t:|1776210252
|move|p1a: Raging Bolt|Volt Switch|p2a: Biribinha
|-damage|p2a: Biribinha|61/100
|
|t:|1776210256
|-end|p1a: Raging Bolt|Protosynthesis|[silent]
|switch|p1a: Ninetales|Ninetales, M|100/100|[from] Volt Switch
|-weather|SunnyDay|[from] ability: Drought|[of] p1a: Ninetales
|move|p2a: Biribinha|Shell Smash|p2a: Biribinha
|-unboost|p2a: Biribinha|def|1
|-unboost|p2a: Biribinha|spd|1
|-boost|p2a: Biribinha|atk|2
|-boost|p2a: Biribinha|spa|2
|-boost|p2a: Biribinha|spe|2
|
|-weather|SunnyDay|[upkeep]
|upkeep
|turn|10
|
|t:|1776210268
|move|p2a: Biribinha|Protect|p2a: Biribinha
|-singleturn|p2a: Biribinha|Protect
|move|p1a: Ninetales|Overheat|p2a: Biribinha
|-activate|p2a: Biribinha|move: Protect
|
|-weather|SunnyDay|[upkeep]
|upkeep
|turn|11
|
|t:|1776210274
|move|p2a: Biribinha|Shadow Ball|p1a: Ninetales
|-damage|p1a: Ninetales|15/100
|move|p1a: Ninetales|Overheat|p2a: Biribinha
|-damage|p2a: Biribinha|0 fnt
|-unboost|p1a: Ninetales|spa|2
|faint|p2a: Biribinha
|
|-weather|SunnyDay|[upkeep]
|upkeep
|
|t:|1776210281
|switch|p2a: Aberração|Enamorus, F|100/100
|turn|12
|
|t:|1776210288
|move|p2a: Aberração|Superpower|p1a: Ninetales
|-damage|p1a: Ninetales|0 fnt
|-boost|p2a: Aberração|atk|1
|-boost|p2a: Aberração|def|1
|faint|p1a: Ninetales
|-damage|p2a: Aberração|91/100|[from] item: Life Orb
|
|-weather|SunnyDay|[upkeep]
|upkeep
|
|t:|1776210293
|switch|p1a: Iron Moth|Iron Moth|46/100
|turn|13
|
|t:|1776210298
|move|p1a: Iron Moth|Sludge Wave|p2a: Aberração
|-supereffective|p2a: Aberração
|-damage|p2a: Aberração|0 fnt
|faint|p2a: Aberração
|
|-weather|SunnyDay|[upkeep]
|upkeep
|
|t:|1776210307
|switch|p2a: Tim Maia|Ogerpon-Wellspring, F|100/100
|turn|14
|
|t:|1776210313
|-end|p1a: Iron Moth|Quark Drive|[silent]
|switch|p1a: Schwrm!|Slither Wing, shiny|100/100
|-activate|p1a: Schwrm!|ability: Protosynthesis
|-start|p1a: Schwrm!|protosynthesisatk
|move|p2a: Tim Maia|Ivy Cudgel|p1a: Schwrm!|[anim] Ivy Cudgel Water
|-damage|p1a: Schwrm!|59/100
|
|-weather|SunnyDay|[upkeep]
|upkeep
|turn|15
|
|t:|1776210323
|-terastallize|p1a: Schwrm!|Bug
|move|p1a: Schwrm!|First Impression|p2a: Tim Maia
|-supereffective|p2a: Tim Maia
|-damage|p2a: Tim Maia|0 fnt
|faint|p2a: Tim Maia
|
|-weather|SunnyDay|[upkeep]
|upkeep
|
|t:|1776210332
|switch|p2a: Us Gabiru|Maushold-Four|100/100
|turn|16
|
|t:|1776210340
|-end|p1a: Schwrm!|Protosynthesis|[silent]
|switch|p1a: Raging Bolt|Raging Bolt|100/100
|-activate|p1a: Raging Bolt|ability: Protosynthesis
|-start|p1a: Raging Bolt|protosynthesisspa
|move|p2a: Us Gabiru|Population Bomb|p1a: Raging Bolt
|-damage|p1a: Raging Bolt|89/100
|-damage|p1a: Raging Bolt|78/100
|-damage|p1a: Raging Bolt|66/100
|-damage|p1a: Raging Bolt|56/100
|-damage|p1a: Raging Bolt|44/100
|-damage|p1a: Raging Bolt|32/100
|-damage|p1a: Raging Bolt|21/100
|-damage|p1a: Raging Bolt|10/100
|-damage|p1a: Raging Bolt|0 fnt
|faint|p1a: Raging Bolt
|-end|p1a: Raging Bolt|Protosynthesis|[silent]
|-hitcount|p1: Raging Bolt|9
|
|-weather|none
|upkeep
|
|t:|1776210344
|switch|p1a: Tinkaton|Tinkaton, F, shiny|100/100
|-item|p1a: Tinkaton|Air Balloon
|turn|17
|
|t:|1776210351
|move|p2a: Us Gabiru|Protect|p2a: Us Gabiru
|-singleturn|p2a: Us Gabiru|Protect
|move|p1a: Tinkaton|Thunder Wave|p2a: Us Gabiru
|-activate|p2a: Us Gabiru|move: Protect
|
|upkeep
|turn|18
|
|t:|1776210357
|move|p2a: Us Gabiru|Thunder Wave|p1a: Tinkaton
|-status|p1a: Tinkaton|par
|cant|p1a: Tinkaton|par
|
|upkeep
|turn|19
|
|t:|1776210367
|move|p2a: Us Gabiru|Tidy Up|p2a: Us Gabiru
|-boost|p2a: Us Gabiru|atk|1
|-boost|p2a: Us Gabiru|spe|1
|cant|p1a: Tinkaton|par
|
|upkeep
|turn|20
|
|t:|1776210384
|move|p2a: Us Gabiru|Population Bomb|p1a: Tinkaton
|-resisted|p1a: Tinkaton
|-damage|p1a: Tinkaton|91/100 par
|-enditem|p1a: Tinkaton|Air Balloon
|-resisted|p1a: Tinkaton
|-damage|p1a: Tinkaton|81/100 par
|-resisted|p1a: Tinkaton
|-damage|p1a: Tinkaton|72/100 par
|-resisted|p1a: Tinkaton
|-damage|p1a: Tinkaton|62/100 par
|-resisted|p1a: Tinkaton
|-damage|p1a: Tinkaton|52/100 par
|-resisted|p1a: Tinkaton
|-damage|p1a: Tinkaton|41/100 par
|-resisted|p1a: Tinkaton
|-damage|p1a: Tinkaton|31/100 par
|-resisted|p1a: Tinkaton
|-damage|p1a: Tinkaton|21/100 par
|-resisted|p1a: Tinkaton
|-damage|p1a: Tinkaton|11/100 par
|-resisted|p1a: Tinkaton
|-damage|p1a: Tinkaton|0 fnt
|faint|p1a: Tinkaton
|-hitcount|p1: Tinkaton|10
|
|upkeep
|
|t:|1776210388
|switch|p1a: Iron Moth|Iron Moth|46/100
|turn|21
|
|t:|1776210391
|move|p2a: Us Gabiru|Population Bomb|p1a: Iron Moth
|-damage|p1a: Iron Moth|18/100
|-damage|p1a: Iron Moth|0 fnt
|faint|p1a: Iron Moth
|-end|p1a: Iron Moth|Quark Drive|[silent]
|-hitcount|p1: Iron Moth|2
|
|upkeep
|
|t:|1776210393
|switch|p1a: Schwrm!|Slither Wing, shiny, tera:Bug|59/100
|turn|22
|
|t:|1776210402
|move|p2a: Us Gabiru|Population Bomb|p1a: Schwrm!
|-damage|p1a: Schwrm!|37/100
|-damage|p1a: Schwrm!|14/100
|-damage|p1a: Schwrm!|0 fnt
|faint|p1a: Schwrm!
|-end|p1a: Schwrm!|Protosynthesis|[silent]
|-hitcount|p1: Schwrm!|3
|
|win|unimii
|raw|Stuart Doghaus's rating: 1086 &rarr; <strong>1066</strong><br />(-20 for losing)
|raw|unimii's rating: 1137 &rarr; <strong>1158</strong><br />(+21 for winning)
|l|☆Stuart Doghaus
|player|p1|
