|html|<div class="broadcast-blue"><strong>[Gen 9] OU is currently suspecting Tera Blast! For information on how to participate check out the <a href="https://www.smogon.com/tools/suspects/view/200">suspect thread</a>.</strong></div>
|j|☆def_pid
|j|☆pinapog2
|t:|1776272380
|gametype|singles
|player|p1|def_pid|miku-ground|1343
|player|p2|pinapog2|170|1329
|gen|9
|tier|[Gen 9] OU
|rated|
|rule|HP Percentage Mod: HP is shown in percentages
|rule|Endless Battle Clause: Forcing endless battles is banned
|rule|Species Clause: Limit one of each Pokémon
|rule|OHKO Clause: OHKO moves are banned
|rule|Evasion Items Clause: Evasion items are banned
|rule|Evasion Moves Clause: Evasion moves are banned
|rule|Evasion Abilities Clause: Evasion abilities are banned
|rule|Sleep Moves Clause: Sleep-inducing moves are banned
|clearpoke
|poke|p1|Ogerpon-Wellspring, F|
|poke|p1|Raging Bolt|
|poke|p1|Alomomola, M|
|poke|p1|Cinderace, F|
|poke|p1|Kingambit, F|
|poke|p1|Landorus-Therian, M|
|poke|p2|Primarina, F|
|poke|p2|Dragonite, F|
|poke|p2|Ting-Lu|
|poke|p2|Pecharunt|
|poke|p2|Zamazenta-*|
|poke|p2|Corviknight, F|
|teampreview
|inactive|Battle timer is ON: inactive players will automatically lose when time's up. (requested by def_pid)
|
|t:|1776272405
|teamsize|p1|6
|teamsize|p2|6
|start
|switch|p1a: tall bonga|Cinderace, F|100/100
|switch|p2a: DemonSaidToDie|Primarina, F, shiny|100/100
|turn|1
|
|t:|1776272411
|move|p2a: DemonSaidToDie|Protect|p2a: DemonSaidToDie
|-singleturn|p2a: DemonSaidToDie|Protect
|move|p1a: tall bonga|U-turn|p2a: DemonSaidToDie
|-activate|p2a: DemonSaidToDie|move: Protect
|
|upkeep
|turn|2
|
|t:|1776272417
|switch|p2a: EyeOnMe|Corviknight, F|100/100
|-ability|p2a: EyeOnMe|Pressure
|move|p1a: tall bonga|Will-O-Wisp|p2a: EyeOnMe
|-status|p2a: EyeOnMe|brn
|
|-damage|p2a: EyeOnMe|94/100 brn|[from] brn
|upkeep
|turn|3
|
|t:|1776272422
|move|p1a: tall bonga|Pyro Ball|p2a: EyeOnMe
|-supereffective|p2a: EyeOnMe
|-damage|p2a: EyeOnMe|36/100 brn
|move|p2a: EyeOnMe|U-turn|p1a: tall bonga
|-resisted|p1a: tall bonga
|-damage|p1a: tall bonga|96/100
|
|t:|1776272427
|switch|p2a: FightForBlocks|Ting-Lu|100/100|[from] U-turn
|-ability|p2a: FightForBlocks|Vessel of Ruin
|
|upkeep
|turn|4
|
|t:|1776272431
|move|p1a: tall bonga|Will-O-Wisp|p2a: FightForBlocks
|-status|p2a: FightForBlocks|brn
|move|p2a: FightForBlocks|Stealth Rock|p1a: tall bonga
|-sidestart|p1: def_pid|move: Stealth Rock
|
|-damage|p2a: FightForBlocks|94/100 brn|[from] brn
|upkeep
|turn|5
|
|t:|1776272435
|move|p1a: tall bonga|Court Change|p1a: tall bonga
|-swapsideconditions
|-activate|p1a: tall bonga|move: Court Change
|move|p2a: FightForBlocks|Ruination|p1a: tall bonga
|-damage|p1a: tall bonga|48/100
|
|-heal|p2a: FightForBlocks|100/100 brn|[from] item: Leftovers
|-damage|p2a: FightForBlocks|94/100 brn|[from] brn
|upkeep
|turn|6
|
|t:|1776272442
|move|p1a: tall bonga|U-turn|p2a: FightForBlocks
|-supereffective|p2a: FightForBlocks
|-damage|p2a: FightForBlocks|72/100 brn
|
|t:|1776272448
|switch|p1a: exfoliage|Ogerpon-Wellspring, F|100/100|[from] U-turn
|move|p2a: FightForBlocks|Whirlwind|p1a: exfoliage
|drag|p1a: junon|Raging Bolt|100/100
|
|-heal|p2a: FightForBlocks|79/100 brn|[from] item: Leftovers
|-damage|p2a: FightForBlocks|72/100 brn|[from] brn
|upkeep
|turn|7
|
|t:|1776272455
|-end|p1a: junon|Protosynthesis|[silent]
|switch|p1a: big bonga|Landorus-Therian, M|100/100
|-ability|p1a: big bonga|Intimidate|boost
|-unboost|p2a: FightForBlocks|atk|1
|move|p2a: FightForBlocks|Ruination|p1a: big bonga
|-damage|p1a: big bonga|51/100
|
|-heal|p1a: big bonga|57/100|[from] item: Leftovers
|-heal|p2a: FightForBlocks|79/100 brn|[from] item: Leftovers
|-damage|p2a: FightForBlocks|72/100 brn|[from] brn
|upkeep
|turn|8
|
|t:|1776272461
|switch|p2a: EyeOnMe|Corviknight, F|36/100 brn
|-damage|p2a: EyeOnMe|24/100 brn|[from] Stealth Rock
|-ability|p2a: EyeOnMe|Pressure
|move|p1a: big bonga|Earthquake|p2a: EyeOnMe
|-immune|p2a: EyeOnMe
|
|-heal|p1a: big bonga|63/100|[from] item: Leftovers
|-damage|p2a: EyeOnMe|18/100 brn|[from] brn
|upkeep
|turn|9
|
|t:|1776272468
|move|p1a: big bonga|Stone Edge|p2a: EyeOnMe
|-damage|p2a: EyeOnMe|0 fnt
|faint|p2a: EyeOnMe
|
|-heal|p1a: big bonga|69/100|[from] item: Leftovers
|upkeep
|
|t:|1776272473
|switch|p2a: DemonSaidToDie|Primarina, F, shiny|100/100
|-damage|p2a: DemonSaidToDie|88/100|[from] Stealth Rock
|turn|10
|
|t:|1776272477
|move|p1a: big bonga|U-turn|p2a: DemonSaidToDie
|-resisted|p2a: DemonSaidToDie
|-damage|p2a: DemonSaidToDie|77/100
|
|t:|1776272478
|switch|p1a: medium bonga|Alomomola, M|100/100|[from] U-turn
|move|p2a: DemonSaidToDie|Whirlpool|p1a: medium bonga
|-resisted|p1a: medium bonga
|-damage|p1a: medium bonga|92/100
|-activate|p1a: medium bonga|move: Whirlpool|[of] p2a: DemonSaidToDie
|
|-heal|p2a: DemonSaidToDie|83/100|[from] item: Leftovers
|-damage|p1a: medium bonga|79/100|[from] move: Whirlpool|[partiallytrapped]
|upkeep
|turn|11
|
|t:|1776272485
|move|p2a: DemonSaidToDie|Protect|p2a: DemonSaidToDie
|-singleturn|p2a: DemonSaidToDie|Protect
|move|p1a: medium bonga|Flip Turn|p2a: DemonSaidToDie
|-activate|p2a: DemonSaidToDie|move: Protect
|
|-heal|p2a: DemonSaidToDie|89/100|[from] item: Leftovers
|-damage|p1a: medium bonga|67/100|[from] move: Whirlpool|[partiallytrapped]
|upkeep
|turn|12
|
|t:|1776272491
|move|p1a: medium bonga|Flip Turn|p2a: DemonSaidToDie
|-resisted|p2a: DemonSaidToDie
|-crit|p2a: DemonSaidToDie
|-damage|p2a: DemonSaidToDie|78/100
|
|t:|1776272494
|switch|p1a: exfoliage|Ogerpon-Wellspring, F|100/100|[from] Flip Turn
|move|p2a: DemonSaidToDie|Moonblast|p1a: exfoliage
|-damage|p1a: exfoliage|54/100
|-unboost|p1a: exfoliage|spa|1
|
|-heal|p2a: DemonSaidToDie|84/100|[from] item: Leftovers
|upkeep
|turn|13
|
|t:|1776272500
|switch|p2a: PossessedSoul|Pecharunt|100/100
|move|p1a: exfoliage|Horn Leech|p2a: PossessedSoul
|-resisted|p2a: PossessedSoul
|-damage|p2a: PossessedSoul|87/100
|-heal|p1a: exfoliage|62/100|[from] drain|[of] p2a: PossessedSoul
|
|upkeep
|turn|14
|
|t:|1776272506
|switch|p1a: wide bonga|Kingambit, F|100/100
|move|p2a: PossessedSoul|Nasty Plot|p2a: PossessedSoul
|-boost|p2a: PossessedSoul|spa|2
|
|upkeep
|turn|15
|
|t:|1776272515
|switch|p2a: FightForBlocks|Ting-Lu|72/100 brn
|-damage|p2a: FightForBlocks|66/100 brn|[from] Stealth Rock
|-ability|p2a: FightForBlocks|Vessel of Ruin
|-end|p1a: wide bonga|fallenundefined|[silent]
|switch|p1a: big bonga|Landorus-Therian, M|69/100
|-ability|p1a: big bonga|Intimidate|boost
|-unboost|p2a: FightForBlocks|atk|1
|
|-heal|p1a: big bonga|74/100|[from] item: Leftovers
|-heal|p2a: FightForBlocks|72/100 brn|[from] item: Leftovers
|-damage|p2a: FightForBlocks|66/100 brn|[from] brn
|upkeep
|turn|16
|
|t:|1776272524
|move|p1a: big bonga|Earthquake|p2a: FightForBlocks
|-damage|p2a: FightForBlocks|36/100 brn
|move|p2a: FightForBlocks|Stealth Rock|p1a: big bonga
|-sidestart|p1: def_pid|move: Stealth Rock
|
|-heal|p1a: big bonga|80/100|[from] item: Leftovers
|-heal|p2a: FightForBlocks|43/100 brn|[from] item: Leftovers
|-damage|p2a: FightForBlocks|36/100 brn|[from] brn
|upkeep
|turn|17
|
|t:|1776272530
|switch|p2a: NineMilliDragon|Dragonite, F|100/100
|move|p1a: big bonga|Earthquake|p2a: NineMilliDragon
|-immune|p2a: NineMilliDragon
|
|-heal|p1a: big bonga|86/100|[from] item: Leftovers
|upkeep
|turn|18
|
|t:|1776272534
|move|p1a: big bonga|Stone Edge|p2a: NineMilliDragon|[miss]
|-miss|p1a: big bonga|p2a: NineMilliDragon
|move|p2a: NineMilliDragon|Encore|p1a: big bonga
|-start|p1a: big bonga|Encore
|
|-heal|p1a: big bonga|92/100|[from] item: Leftovers
|upkeep
|turn|19
|
|t:|1776272542
|switch|p2a: PossessedSoul|Pecharunt|87/100
|move|p1a: big bonga|Stone Edge|p2a: PossessedSoul
|-damage|p2a: PossessedSoul|63/100
|
|-heal|p1a: big bonga|98/100|[from] item: Leftovers
|upkeep
|turn|20
|
|t:|1776272545
|move|p1a: big bonga|Stone Edge|p2a: PossessedSoul
|-damage|p2a: PossessedSoul|40/100
|move|p2a: PossessedSoul|Shadow Ball|p1a: big bonga
|-damage|p1a: big bonga|64/100
|
|-heal|p1a: big bonga|70/100|[from] item: Leftovers
|upkeep
|turn|21
|
|t:|1776272548
|switch|p1a: wide bonga|Kingambit, F|100/100
|-damage|p1a: wide bonga|94/100|[from] Stealth Rock
|move|p2a: PossessedSoul|Recover|p2a: PossessedSoul
|-heal|p2a: PossessedSoul|90/100
|
|upkeep
|turn|22
|
|t:|1776272555
|switch|p2a: FightForBlocks|Ting-Lu|36/100 brn
|-damage|p2a: FightForBlocks|30/100 brn|[from] Stealth Rock
|-ability|p2a: FightForBlocks|Vessel of Ruin
|move|p1a: wide bonga|Iron Head|p2a: FightForBlocks
|-damage|p2a: FightForBlocks|4/100 brn
|
|-heal|p2a: FightForBlocks|10/100 brn|[from] item: Leftovers
|-damage|p2a: FightForBlocks|4/100 brn|[from] brn
|upkeep
|turn|23
|
|t:|1776272564
|move|p1a: wide bonga|Sucker Punch|p2a: FightForBlocks
|-resisted|p2a: FightForBlocks
|-damage|p2a: FightForBlocks|0 fnt
|faint|p2a: FightForBlocks
|
|upkeep
|
|t:|1776272572
|switch|p2a: DemonSaidToDie|Primarina, F, shiny|84/100
|-damage|p2a: DemonSaidToDie|71/100|[from] Stealth Rock
|turn|24
|
|t:|1776272586
|move|p1a: wide bonga|Iron Head|p2a: DemonSaidToDie
|-damage|p2a: DemonSaidToDie|30/100
|cant|p2a: DemonSaidToDie|flinch
|
|-heal|p2a: DemonSaidToDie|36/100|[from] item: Leftovers
|upkeep
|turn|25
|
|t:|1776272590
|move|p2a: DemonSaidToDie|Protect|p2a: DemonSaidToDie
|-singleturn|p2a: DemonSaidToDie|Protect
|move|p1a: wide bonga|Kowtow Cleave|p2a: DemonSaidToDie
|-activate|p2a: DemonSaidToDie|move: Protect
|
|-heal|p2a: DemonSaidToDie|42/100|[from] item: Leftovers
|upkeep
|turn|26
|
|t:|1776272598
|switch|p2a: MindBody&Soul|Zamazenta|100/100
|-damage|p2a: MindBody&Soul|94/100|[from] Stealth Rock
|-ability|p2a: MindBody&Soul|Dauntless Shield|boost
|-boost|p2a: MindBody&Soul|def|1
|move|p1a: wide bonga|Iron Head|p2a: MindBody&Soul
|-damage|p2a: MindBody&Soul|71/100
|
|upkeep
|turn|27
|
|t:|1776272606
|-end|p1a: wide bonga|fallenundefined|[silent]
|switch|p1a: big bonga|Landorus-Therian, M|70/100
|-damage|p1a: big bonga|58/100|[from] Stealth Rock
|-ability|p1a: big bonga|Intimidate|boost
|-unboost|p2a: MindBody&Soul|atk|1
|move|p2a: MindBody&Soul|Iron Defense|p2a: MindBody&Soul
|-boost|p2a: MindBody&Soul|def|2
|
|-heal|p1a: big bonga|64/100|[from] item: Leftovers
|upkeep
|turn|28
|
|t:|1776272615
|move|p2a: MindBody&Soul|Iron Defense|p2a: MindBody&Soul
|-boost|p2a: MindBody&Soul|def|2
|move|p1a: big bonga|Earthquake|p2a: MindBody&Soul
|-damage|p2a: MindBody&Soul|59/100
|
|-heal|p1a: big bonga|70/100|[from] item: Leftovers
|upkeep
|turn|29
|
|t:|1776272619
|move|p2a: MindBody&Soul|Body Press|p1a: big bonga
|-resisted|p1a: big bonga
|-damage|p1a: big bonga|0 fnt
|faint|p1a: big bonga
|
|upkeep
|
|t:|1776272628
|switch|p1a: medium bonga|Alomomola, M|99/100
|turn|30
|
|t:|1776272631
|move|p2a: MindBody&Soul|Body Press|p1a: medium bonga
|-damage|p1a: medium bonga|31/100
|move|p1a: medium bonga|Scald|p2a: MindBody&Soul
|-damage|p2a: MindBody&Soul|48/100
|
|upkeep
|turn|31
|
|t:|1776272651
|move|p2a: MindBody&Soul|Body Press|p1a: medium bonga
|-damage|p1a: medium bonga|0 fnt
|faint|p1a: medium bonga
|
|upkeep
|
|t:|1776272655
|switch|p1a: junon|Raging Bolt|100/100
|-damage|p1a: junon|88/100|[from] Stealth Rock
|turn|32
|
|t:|1776272663
|-terastallize|p1a: junon|Fairy
|move|p2a: MindBody&Soul|Rest|p2a: MindBody&Soul
|-status|p2a: MindBody&Soul|slp|[from] move: Rest
|-heal|p2a: MindBody&Soul|100/100 slp|[silent]
|-enditem|p2a: MindBody&Soul|Chesto Berry|[eat]
|-curestatus|p2a: MindBody&Soul|slp|[msg]
|move|p1a: junon|Zap Cannon|p2a: MindBody&Soul
|-damage|p2a: MindBody&Soul|34/100
|-status|p2a: MindBody&Soul|par
|
|upkeep
|turn|33
|
|t:|1776272679
|-terastallize|p2a: MindBody&Soul|Electric
|move|p1a: junon|Dragon Pulse|p2a: MindBody&Soul
|-damage|p2a: MindBody&Soul|0 fnt
|faint|p2a: MindBody&Soul
|
|upkeep
|
|t:|1776272686
|switch|p2a: PossessedSoul|Pecharunt|90/100
|turn|34
|
|t:|1776272688
|move|p2a: PossessedSoul|Malignant Chain|p1a: junon
|-supereffective|p1a: junon
|-damage|p1a: junon|26/100
|move|p1a: junon|Zap Cannon|p2a: PossessedSoul
|-damage|p2a: PossessedSoul|18/100
|-status|p2a: PossessedSoul|par
|
|upkeep
|turn|35
|
|t:|1776272694
|move|p1a: junon|Dragon Pulse|p2a: PossessedSoul
|-damage|p2a: PossessedSoul|0 fnt
|faint|p2a: PossessedSoul
|
|upkeep
|
|t:|1776272699
|switch|p2a: NineMilliDragon|Dragonite, F|100/100
|turn|36
|
|t:|1776272702
|move|p2a: NineMilliDragon|Dragon Dance|p2a: NineMilliDragon
|-boost|p2a: NineMilliDragon|atk|1
|-boost|p2a: NineMilliDragon|spe|1
|move|p1a: junon|Zap Cannon|p2a: NineMilliDragon
|-crit|p2a: NineMilliDragon
|-damage|p2a: NineMilliDragon|48/100
|-status|p2a: NineMilliDragon|par
|
|upkeep
|turn|37
|-message|pinapog2 forfeited.
|
|win|def_pid
|raw|def_pid's rating: 1343 &rarr; <strong>1362</strong><br />(+19 for winning)
|raw|pinapog2's rating: 1329 &rarr; <strong>1310</strong><br />(-19 for losing)
|l|☆pinapog2
|player|p2|
