|html|<div class="broadcast-blue"><strong>[Gen 9] OU is currently suspecting Tera Blast! For information on how to participate check out the <a href="https://www.smogon.com/tools/suspects/view/200">suspect thread</a>.</strong></div>
|j|☆stevenash12332
|j|☆Connor ogden
|t:|1776057034
|gametype|singles
|player|p1|stevenash12332|wallace|1052
|player|p2|Connor ogden|2|1072
|gen|9
|tier|[Gen 9] OU
|rated|
|rule|HP Percentage Mod: HP is shown in percentages
|rule|Endless Battle Clause: Forcing endless battles is banned
|rule|Species Clause: Limit one of each Pokémon
|rule|OHKO Clause: OHKO moves are banned
|rule|Evasion Items Clause: Evasion items are banned
|rule|Evasion Moves Clause: Evasion moves are banned
|rule|Evasion Abilities Clause: Evasion abilities are banned
|rule|Sleep Moves Clause: Sleep-inducing moves are banned
|clearpoke
|poke|p1|Salamence, F|
|poke|p1|Garchomp, F|
|poke|p1|Dondozo, M|
|poke|p1|Heatran, F|
|poke|p1|Greninja-*, M|
|poke|p1|Hitmonlee, M|
|poke|p2|Clawitzer, F|
|poke|p2|Dragapult, F|
|poke|p2|Ting-Lu|
|poke|p2|Corviknight, M|
|poke|p2|Garchomp, F|
|poke|p2|Heatran, F|
|teampreview
|
|t:|1776057049
|teamsize|p1|6
|teamsize|p2|6
|start
|switch|p1a: Hitmonlee|Hitmonlee, M|100/100
|switch|p2a: loser|Dragapult, F|100/100
|turn|1
|
|t:|1776057060
|move|p1a: Hitmonlee|Endure|p1a: Hitmonlee
|-singleturn|p1a: Hitmonlee|move: Endure
|move|p2a: loser|Shadow Ball|p1a: Hitmonlee
|-damage|p1a: Hitmonlee|33/100
|
|upkeep
|turn|2
|
|t:|1776057068
|move|p1a: Hitmonlee|Endure|p1a: Hitmonlee
|-singleturn|p1a: Hitmonlee|move: Endure
|move|p2a: loser|Shadow Ball|p1a: Hitmonlee
|-activate|p1a: Hitmonlee|move: Endure
|-damage|p1a: Hitmonlee|1/100
|-enditem|p1a: Hitmonlee|Liechi Berry|[eat]
|-boost|p1a: Hitmonlee|atk|1|[from] item: Liechi Berry
|
|upkeep
|turn|3
|
|t:|1776057076
|move|p1a: Hitmonlee|Knock Off|p2a: loser
|-supereffective|p2a: loser
|-damage|p2a: loser|0 fnt
|-enditem|p2a: loser|Choice Specs|[from] move: Knock Off|[of] p1a: Hitmonlee
|faint|p2a: loser
|
|upkeep
|
|t:|1776057084
|switch|p2a: Highest CE output|Clawitzer, F, shiny|100/100
|turn|4
|
|t:|1776057092
|move|p1a: Hitmonlee|Upper Hand||[still]
|-fail|p1a: Hitmonlee
|move|p2a: Highest CE output|Ice Beam|p1a: Hitmonlee
|-damage|p1a: Hitmonlee|0 fnt
|faint|p1a: Hitmonlee
|-damage|p2a: Highest CE output|91/100|[from] item: Life Orb
|
|upkeep
|
|t:|1776057109
|switch|p1a: Greninja|Greninja, M|100/100
|turn|5
|
|t:|1776057114
|move|p1a: Greninja|Dark Pulse|p2a: Highest CE output
|-damage|p2a: Highest CE output|53/100
|move|p2a: Highest CE output|Aura Sphere|p1a: Greninja
|-supereffective|p1a: Greninja
|-damage|p1a: Greninja|0 fnt
|faint|p1a: Greninja
|-damage|p2a: Highest CE output|43/100|[from] item: Life Orb
|
|upkeep
|
|t:|1776057122
|switch|p1a: Heatran|Heatran, F|100/100
|turn|6
|
|t:|1776057127
|-terastallize|p1a: Heatran|Grass
|move|p1a: Heatran|Magma Storm|p2a: Highest CE output
|-resisted|p2a: Highest CE output
|-damage|p2a: Highest CE output|15/100
|-activate|p2a: Highest CE output|move: Magma Storm|[of] p1a: Heatran
|move|p2a: Highest CE output|Water Pulse|p1a: Heatran
|-resisted|p1a: Heatran
|-damage|p1a: Heatran|71/100
|-damage|p2a: Highest CE output|5/100|[from] item: Life Orb
|
|-heal|p1a: Heatran|77/100|[from] item: Leftovers
|-damage|p2a: Highest CE output|0 fnt|[from] move: Magma Storm|[partiallytrapped]
|faint|p2a: Highest CE output
|upkeep
|
|t:|1776057142
|switch|p2a: chud|Corviknight, M, shiny|100/100
|-ability|p2a: chud|Unnerve
|turn|7
|-message|stevenash12332 forfeited.
|
|win|Connor ogden
|raw|stevenash12332's rating: 1038 &rarr; <strong>1024</strong><br />(-14 for losing)
|raw|Connor ogden's rating: 1072 &rarr; <strong>1098</strong><br />(+26 for winning)
|l|☆stevenash12332
|player|p1|
|l|☆Connor ogden
|player|p2|
