|html|<div class="broadcast-blue"><strong>[Gen 9] OU is currently suspecting Tera Blast! For information on how to participate check out the <a href="https://www.smogon.com/tools/suspects/view/200">suspect thread</a>.</strong></div>
|j|☆kennojex
|j|☆TroubleFindsMe
|t:|1776049051
|gametype|singles
|player|p1|kennojex|benga|1580
|player|p2|TroubleFindsMe|rika|1712
|gen|9
|tier|[Gen 9] OU
|rated|
|rule|HP Percentage Mod: HP is shown in percentages
|rule|Endless Battle Clause: Forcing endless battles is banned
|rule|Species Clause: Limit one of each Pokémon
|rule|OHKO Clause: OHKO moves are banned
|rule|Evasion Items Clause: Evasion items are banned
|rule|Evasion Moves Clause: Evasion moves are banned
|rule|Evasion Abilities Clause: Evasion abilities are banned
|rule|Sleep Moves Clause: Sleep-inducing moves are banned
|clearpoke
|poke|p1|Primarina, F|
|poke|p1|Zarude|
|poke|p1|Cinderace, M|
|poke|p1|Gliscor, F|
|poke|p1|Okidogi, M|
|poke|p1|Dragapult, M|
|poke|p2|Cloyster, F|
|poke|p2|Iron Valiant|
|poke|p2|Moltres|
|poke|p2|Dragonite, M|
|poke|p2|Zamazenta-*|
|poke|p2|Ogerpon-Cornerstone, F|
|teampreview
|j| ohko_smeargle
|
|t:|1776049065
|teamsize|p1|6
|teamsize|p2|6
|start
|switch|p1a: Dragapult|Dragapult, M|100/100
|switch|p2a: o_o|Cloyster, F|100/100
|turn|1
|
|t:|1776049073
|move|p1a: Dragapult|U-turn|p2a: o_o
|-damage|p2a: o_o|73/100
|
|t:|1776049076
|switch|p1a: Primarina|Primarina, F|100/100|[from] U-turn
|move|p2a: o_o|Shell Smash|p2a: o_o
|-unboost|p2a: o_o|def|1
|-unboost|p2a: o_o|spd|1
|-boost|p2a: o_o|atk|2
|-boost|p2a: o_o|spa|2
|-boost|p2a: o_o|spe|2
|
|upkeep
|turn|2
|j| Shucklepilled
|
|t:|1776049088
|-terastallize|p1a: Primarina|Steel
|move|p2a: o_o|Rock Blast|p1a: Primarina
|-resisted|p1a: Primarina
|-damage|p1a: Primarina|90/100
|-resisted|p1a: Primarina
|-damage|p1a: Primarina|80/100
|-resisted|p1a: Primarina
|-damage|p1a: Primarina|69/100
|-resisted|p1a: Primarina
|-damage|p1a: Primarina|59/100
|-resisted|p1a: Primarina
|-damage|p1a: Primarina|48/100
|-hitcount|p1a: Primarina|5
|move|p1a: Primarina|Moonblast|p2a: o_o
|-damage|p2a: o_o|0 fnt
|faint|p2a: o_o
|
|upkeep
|
|t:|1776049092
|switch|p2a: AHHHH IM ON FIRE|Moltres|100/100
|turn|3
|
|t:|1776049100
|switch|p1a: Dragapult|Dragapult, M|100/100
|move|p2a: AHHHH IM ON FIRE|Flamethrower|p1a: Dragapult
|-resisted|p1a: Dragapult
|-damage|p1a: Dragapult|72/100
|
|upkeep
|turn|4
|
|t:|1776049111
|switch|p1a: Primarina|Primarina, F, tera:Steel|48/100
|move|p2a: AHHHH IM ON FIRE|Hurricane|p1a: Primarina
|-resisted|p1a: Primarina
|-damage|p1a: Primarina|24/100
|
|upkeep
|turn|5
|-enditem|p1a: Primarina|Custap Berry|[eat]
|-activate|p1a: Primarina|item: Custap Berry|[consumed]
|
|t:|1776049114
|move|p1a: Primarina|Surf|p2a: AHHHH IM ON FIRE
|-supereffective|p2a: AHHHH IM ON FIRE
|-damage|p2a: AHHHH IM ON FIRE|0 fnt
|faint|p2a: AHHHH IM ON FIRE
|
|upkeep
|
|t:|1776049119
|switch|p2a: BarneyFromDinosaur|Dragonite, M|100/100
|turn|6
|
|t:|1776049122
|move|p2a: BarneyFromDinosaur|Dragon Dance|p2a: BarneyFromDinosaur
|-boost|p2a: BarneyFromDinosaur|atk|1
|-boost|p2a: BarneyFromDinosaur|spe|1
|move|p1a: Primarina|Moonblast|p2a: BarneyFromDinosaur
|-supereffective|p2a: BarneyFromDinosaur
|-damage|p2a: BarneyFromDinosaur|45/100
|
|upkeep
|turn|7
|
|t:|1776049129
|switch|p1a: Gliscor|Gliscor, F|100/100
|-terastallize|p2a: BarneyFromDinosaur|Normal
|move|p2a: BarneyFromDinosaur|Extreme Speed|p1a: Gliscor
|-damage|p1a: Gliscor|43/100
|
|-status|p1a: Gliscor|tox|[from] item: Toxic Orb
|upkeep
|turn|8
|
|t:|1776049136
|switch|p1a: Primarina|Primarina, F, tera:Steel|24/100
|move|p2a: BarneyFromDinosaur|Dragon Dance|p2a: BarneyFromDinosaur
|-boost|p2a: BarneyFromDinosaur|atk|1
|-boost|p2a: BarneyFromDinosaur|spe|1
|
|upkeep
|turn|9
|
|t:|1776049138
|move|p2a: BarneyFromDinosaur|Extreme Speed|p1a: Primarina
|-resisted|p1a: Primarina
|-damage|p1a: Primarina|0 fnt
|faint|p1a: Primarina
|
|upkeep
|
|t:|1776049154
|switch|p1a: Dragapult|Dragapult, M|72/100
|turn|10
|
|t:|1776049160
|switch|p1a: Gliscor|Gliscor, F|43/100 tox
|move|p2a: BarneyFromDinosaur|Earthquake|p1a: Gliscor
|-immune|p1a: Gliscor
|
|-heal|p1a: Gliscor|56/100 tox|[from] ability: Poison Heal
|upkeep
|turn|11
|
|t:|1776049162
|move|p1a: Gliscor|Protect|p1a: Gliscor
|-singleturn|p1a: Gliscor|Protect
|move|p2a: BarneyFromDinosaur|Extreme Speed|p1a: Gliscor
|-activate|p1a: Gliscor|move: Protect
|
|-heal|p1a: Gliscor|68/100 tox|[from] ability: Poison Heal
|upkeep
|turn|12
|
|t:|1776049165
|switch|p1a: Dragapult|Dragapult, M|72/100
|move|p2a: BarneyFromDinosaur|Extreme Speed|p1a: Dragapult
|-immune|p1a: Dragapult
|
|upkeep
|turn|13
|
|t:|1776049168
|switch|p1a: Gliscor|Gliscor, F|68/100 tox
|move|p2a: BarneyFromDinosaur|Earthquake|p1a: Gliscor
|-immune|p1a: Gliscor
|
|-heal|p1a: Gliscor|81/100 tox|[from] ability: Poison Heal
|upkeep
|turn|14
|
|t:|1776049172
|move|p2a: BarneyFromDinosaur|Dragon Dance|p2a: BarneyFromDinosaur
|-boost|p2a: BarneyFromDinosaur|atk|1
|-boost|p2a: BarneyFromDinosaur|spe|1
|move|p1a: Gliscor|Toxic|p2a: BarneyFromDinosaur|[miss]
|-miss|p1a: Gliscor|p2a: BarneyFromDinosaur
|
|-heal|p1a: Gliscor|93/100 tox|[from] ability: Poison Heal
|upkeep
|turn|15
|
|t:|1776049179
|move|p1a: Gliscor|Protect|p1a: Gliscor
|-singleturn|p1a: Gliscor|Protect
|move|p2a: BarneyFromDinosaur|Earthquake|p1a: Gliscor
|-activate|p1a: Gliscor|move: Protect
|
|-heal|p1a: Gliscor|100/100 tox|[from] ability: Poison Heal
|upkeep
|turn|16
|
|t:|1776049181
|move|p2a: BarneyFromDinosaur|Extreme Speed|p1a: Gliscor
|-damage|p1a: Gliscor|7/100 tox
|move|p1a: Gliscor|Toxic|p2a: BarneyFromDinosaur
|-status|p2a: BarneyFromDinosaur|tox
|
|-damage|p2a: BarneyFromDinosaur|39/100 tox|[from] psn
|-heal|p1a: Gliscor|20/100 tox|[from] ability: Poison Heal
|upkeep
|turn|17
|
|t:|1776049189
|switch|p1a: Dragapult|Dragapult, M|72/100
|move|p2a: BarneyFromDinosaur|Fire Punch|p1a: Dragapult
|-resisted|p1a: Dragapult
|-damage|p1a: Dragapult|21/100
|
|-damage|p2a: BarneyFromDinosaur|26/100 tox|[from] psn
|upkeep
|turn|18
|
|t:|1776049197
|move|p2a: BarneyFromDinosaur|Fire Punch|p1a: Dragapult
|-resisted|p1a: Dragapult
|-damage|p1a: Dragapult|0 fnt
|faint|p1a: Dragapult
|
|-damage|p2a: BarneyFromDinosaur|8/100 tox|[from] psn
|upkeep
|
|t:|1776049198
|switch|p1a: Gliscor|Gliscor, F|20/100 tox
|turn|19
|
|t:|1776049201
|move|p1a: Gliscor|Protect|p1a: Gliscor
|-singleturn|p1a: Gliscor|Protect
|move|p2a: BarneyFromDinosaur|Dragon Dance|p2a: BarneyFromDinosaur
|-boost|p2a: BarneyFromDinosaur|atk|1
|-boost|p2a: BarneyFromDinosaur|spe|1
|
|-damage|p2a: BarneyFromDinosaur|0 fnt|[from] psn
|faint|p2a: BarneyFromDinosaur
|-heal|p1a: Gliscor|32/100 tox|[from] ability: Poison Heal
|upkeep
|
|t:|1776049203
|switch|p2a: #Girl|Ogerpon-Cornerstone, F|100/100
|turn|20
|
|t:|1776049211
|move|p2a: #Girl|Ivy Cudgel|p1a: Gliscor|[anim] Ivy Cudgel Rock
|-damage|p1a: Gliscor|0 fnt
|faint|p1a: Gliscor
|
|upkeep
|
|t:|1776049215
|switch|p1a: Okidogi|Okidogi, M|100/100
|turn|21
|
|t:|1776049218
|move|p2a: #Girl|Swords Dance|p2a: #Girl
|-boost|p2a: #Girl|atk|2
|move|p1a: Okidogi|Drain Punch|p2a: #Girl
|-supereffective|p2a: #Girl
|-ability|p2a: #Girl|Sturdy
|-damage|p2a: #Girl|1/100
|-status|p2a: #Girl|tox|[from] ability: Toxic Chain|[of] p1a: Okidogi
|
|-damage|p2a: #Girl|0 fnt|[from] psn
|faint|p2a: #Girl
|upkeep
|
|t:|1776049221
|switch|p2a: dogecoin !|Zamazenta|100/100
|-ability|p2a: dogecoin !|Dauntless Shield|boost
|-boost|p2a: dogecoin !|def|1
|turn|22
|
|t:|1776049226
|move|p2a: dogecoin !|Ice Fang|p1a: Okidogi
|-damage|p1a: Okidogi|75/100
|move|p1a: Okidogi|Gunk Shot|p2a: dogecoin !|[miss]
|-miss|p1a: Okidogi|p2a: dogecoin !
|
|upkeep
|turn|23
|
|t:|1776049230
|move|p2a: dogecoin !|Ice Fang|p1a: Okidogi
|-damage|p1a: Okidogi|49/100
|move|p1a: Okidogi|Gunk Shot|p2a: dogecoin !
|-damage|p2a: dogecoin !|58/100
|-status|p2a: dogecoin !|tox|[from] ability: Toxic Chain|[of] p1a: Okidogi
|
|-damage|p2a: dogecoin !|52/100 tox|[from] psn
|upkeep
|turn|24
|
|t:|1776049234
|move|p2a: dogecoin !|Ice Fang|p1a: Okidogi
|-damage|p1a: Okidogi|22/100
|move|p1a: Okidogi|Drain Punch|p2a: dogecoin !
|-damage|p2a: dogecoin !|27/100 tox
|-heal|p1a: Okidogi|33/100|[from] drain|[of] p2a: dogecoin !
|
|-damage|p2a: dogecoin !|15/100 tox|[from] psn
|upkeep
|turn|25
|
|t:|1776049240
|switch|p1a: Zarude|Zarude|100/100
|move|p2a: dogecoin !|Ice Fang|p1a: Zarude
|-supereffective|p1a: Zarude
|-damage|p1a: Zarude|40/100
|
|-damage|p2a: dogecoin !|0 fnt|[from] psn
|faint|p2a: dogecoin !
|upkeep
|
|t:|1776049243
|switch|p2a: Wokeness Unleashed|Iron Valiant|100/100
|-enditem|p2a: Wokeness Unleashed|Booster Energy
|-activate|p2a: Wokeness Unleashed|ability: Quark Drive|[fromitem]
|-start|p2a: Wokeness Unleashed|quarkdrivespe
|turn|26
|
|t:|1776049247
|move|p2a: Wokeness Unleashed|Moonblast|p1a: Zarude
|-supereffective|p1a: Zarude
|-damage|p1a: Zarude|0 fnt
|faint|p1a: Zarude
|
|upkeep
|
|t:|1776049248
|switch|p1a: Okidogi|Okidogi, M|33/100
|turn|27
|
|t:|1776049250
|move|p2a: Wokeness Unleashed|Moonblast|p1a: Okidogi
|-damage|p1a: Okidogi|0 fnt
|faint|p1a: Okidogi
|
|upkeep
|
|t:|1776049252
|switch|p1a: Cinderace|Cinderace, M|100/100
|turn|28
|
|t:|1776049254
|move|p2a: Wokeness Unleashed|Aura Sphere|p1a: Cinderace
|-damage|p1a: Cinderace|42/100
|move|p1a: Cinderace|Pyro Ball|p2a: Wokeness Unleashed
|-damage|p2a: Wokeness Unleashed|30/100
|
|upkeep
|turn|29
|
|t:|1776049262
|move|p1a: Cinderace|Sucker Punch|p2a: Wokeness Unleashed
|-start|p1a: Cinderace|typechange|Dark|[from] ability: Libero
|-resisted|p2a: Wokeness Unleashed
|-damage|p2a: Wokeness Unleashed|19/100
|move|p2a: Wokeness Unleashed|Aura Sphere|p1a: Cinderace
|-supereffective|p1a: Cinderace
|-damage|p1a: Cinderace|0 fnt
|faint|p1a: Cinderace
|
|win|TroubleFindsMe
|raw|kennojex's rating: 1580 &rarr; <strong>1567</strong><br />(-13 for losing)
|raw|TroubleFindsMe's rating: 1712 &rarr; <strong>1725</strong><br />(+13 for winning)
|l| ohko_smeargle
|l|☆kennojex
|player|p1|
|l|☆TroubleFindsMe
|player|p2|
|l| Shucklepilled
