|html|<div class="broadcast-blue"><strong>[Gen 9] OU is currently suspecting Volcarona! For information on how to participate check out the <a href="https://www.smogon.com/tools/suspects/view/208">suspect thread</a>.</strong></div>
|j|☆Acastillo631
|j|☆sylvr7070
|t:|1778513573
|gametype|singles
|player|p1|Acastillo631|silver|1614
|player|p2|sylvr7070|fairytalegirl|1662
|gen|9
|tier|[Gen 9] OU
|rated|
|rule|HP Percentage Mod: HP is shown in percentages
|rule|Endless Battle Clause: Forcing endless battles is banned
|rule|Species Clause: Limit one of each Pokémon
|rule|OHKO Clause: OHKO moves are banned
|rule|Evasion Items Clause: Evasion items are banned
|rule|Evasion Moves Clause: Evasion moves are banned
|rule|Evasion Abilities Clause: Evasion abilities are banned
|rule|Sleep Moves Clause: Sleep-inducing moves are banned
|clearpoke
|poke|p1|Iron Valiant|
|poke|p1|Sinistcha|
|poke|p1|Tyranitar, M|
|poke|p1|Klefki, F|
|poke|p1|Swampert, M|
|poke|p1|Iron Treads|
|poke|p2|Ribombee, M|
|poke|p2|Volcarona, F|
|poke|p2|Dragonite, F|
|poke|p2|Great Tusk|
|poke|p2|Gholdengo|
|poke|p2|Glimmora, M|
|teampreview
|
|t:|1778513597
|teamsize|p1|6
|teamsize|p2|6
|start
|switch|p1a: Redips|Klefki, F|100/100
|switch|p2a: Ribombee|Ribombee, M, shiny|100/100
|turn|1
|
|t:|1778513602
|move|p1a: Redips|Thunder Wave|p2a: Ribombee
|-status|p2a: Ribombee|par
|move|p2a: Ribombee|Sticky Web|p1a: Redips
|-sidestart|p1: Acastillo631|move: Sticky Web
|
|upkeep
|turn|2
|
|t:|1778513607
|move|p1a: Redips|Spikes|p2a: Ribombee
|-sidestart|p2: sylvr7070|Spikes
|move|p2a: Ribombee|Stun Spore|p1a: Redips
|-status|p1a: Redips|par
|
|upkeep
|turn|3
|
|t:|1778513613
|cant|p1a: Redips|par
|cant|p2a: Ribombee|par
|
|upkeep
|turn|4
|
|t:|1778513616
|move|p1a: Redips|Spikes|p2a: Ribombee
|-sidestart|p2: sylvr7070|Spikes
|move|p2a: Ribombee|Moonblast|p1a: Redips
|-resisted|p1a: Redips
|-damage|p1a: Redips|78/100 par
|-unboost|p1a: Redips|spa|1
|
|upkeep
|turn|5
|j| flamewing_phoenix
|j| I registered this
|
|t:|1778513630
|switch|p1a: Duff McWhalen|Swampert, M|100/100
|-activate|p1a: Duff McWhalen|move: Sticky Web
|-unboost|p1a: Duff McWhalen|spe|1
|move|p2a: Ribombee|Moonblast|p1a: Duff McWhalen
|-damage|p1a: Duff McWhalen|73/100
|
|-heal|p1a: Duff McWhalen|79/100|[from] item: Leftovers
|upkeep
|turn|6
|
|t:|1778513635
|move|p2a: Ribombee|Stun Spore|p1a: Duff McWhalen|[miss]
|-miss|p2a: Ribombee|p1a: Duff McWhalen
|move|p1a: Duff McWhalen|Knock Off|p2a: Ribombee
|-resisted|p2a: Ribombee
|-damage|p2a: Ribombee|76/100 par
|-enditem|p2a: Ribombee|Focus Sash|[from] move: Knock Off|[of] p1a: Duff McWhalen
|
|-heal|p1a: Duff McWhalen|85/100|[from] item: Leftovers
|upkeep
|turn|7
|j| Disscratch
|
|t:|1778513647
|switch|p1a: Wire Sponge|Sinistcha|100/100
|move|p2a: Ribombee|Stun Spore|p1a: Wire Sponge
|-immune|p1a: Wire Sponge
|
|upkeep
|turn|8
|
|t:|1778513652
|move|p1a: Wire Sponge|Nasty Plot|p1a: Wire Sponge
|-boost|p1a: Wire Sponge|spa|2
|move|p2a: Ribombee|Moonblast|p1a: Wire Sponge
|-damage|p1a: Wire Sponge|53/100
|
|upkeep
|turn|9
|
|t:|1778513655
|move|p1a: Wire Sponge|Matcha Gotcha|p2a: Ribombee
|-resisted|p2a: Ribombee
|-damage|p2a: Ribombee|20/100 par
|-heal|p1a: Wire Sponge|74/100|[from] drain|[of] p2a: Ribombee
|move|p2a: Ribombee|Moonblast|p1a: Wire Sponge
|-damage|p1a: Wire Sponge|30/100
|
|upkeep
|turn|10
|
|t:|1778513663
|move|p1a: Wire Sponge|Strength Sap|p2a: Ribombee
|-unboost|p2a: Ribombee|atk|1
|-heal|p1a: Wire Sponge|60/100
|move|p2a: Ribombee|Moonblast|p1a: Wire Sponge
|-damage|p1a: Wire Sponge|9/100
|
|upkeep
|turn|11
|
|t:|1778513669
|move|p1a: Wire Sponge|Shadow Ball|p2a: Ribombee
|-damage|p2a: Ribombee|0 fnt
|faint|p2a: Ribombee
|
|upkeep
|j| dilf huntr
|
|t:|1778513677
|switch|p2a: Dragonite|Dragonite, F, shiny|100/100
|turn|12
|
|t:|1778513685
|switch|p1a: Redips|Klefki, F|78/100 par
|-activate|p1a: Redips|move: Sticky Web
|-unboost|p1a: Redips|spe|1
|move|p2a: Dragonite|Fire Punch|p1a: Redips
|-supereffective|p1a: Redips
|-damage|p1a: Redips|30/100 par
|-damage|p2a: Dragonite|84/100|[from] item: Rocky Helmet|[of] p1a: Redips
|
|upkeep
|turn|13
|
|t:|1778513692
|switch|p2a: Great Tusk|Great Tusk|100/100
|-damage|p2a: Great Tusk|84/100|[from] Spikes
|-enditem|p2a: Great Tusk|Booster Energy
|-activate|p2a: Great Tusk|ability: Protosynthesis|[fromitem]
|-start|p2a: Great Tusk|protosynthesisatk
|cant|p1a: Redips|par
|
|upkeep
|turn|14
|
|t:|1778513701
|switch|p1a: Wire Sponge|Sinistcha|9/100
|move|p2a: Great Tusk|Ice Spinner|p1a: Wire Sponge
|-supereffective|p1a: Wire Sponge
|-damage|p1a: Wire Sponge|0 fnt
|faint|p1a: Wire Sponge
|
|upkeep
|
|t:|1778513707
|switch|p1a: Armored Armadillo|Iron Treads|100/100
|-item|p1a: Armored Armadillo|Air Balloon
|turn|15
|
|t:|1778513714
|-end|p2a: Great Tusk|Protosynthesis|[silent]
|switch|p2a: Gholdengo|Gholdengo|100/100
|-item|p2a: Gholdengo|Air Balloon
|move|p1a: Armored Armadillo|Knock Off|p2a: Gholdengo
|-supereffective|p2a: Gholdengo
|-damage|p2a: Gholdengo|36/100
|-enditem|p2a: Gholdengo|Air Balloon
|
|upkeep
|turn|16
|
|t:|1778513719
|move|p1a: Armored Armadillo|Earthquake|p2a: Gholdengo
|-supereffective|p2a: Gholdengo
|-damage|p2a: Gholdengo|0 fnt
|faint|p2a: Gholdengo
|
|upkeep
|
|t:|1778513721
|switch|p2a: Dragonite|Dragonite, F, shiny|84/100
|turn|17
|l| I registered this
|
|t:|1778513728
|move|p1a: Armored Armadillo|Rapid Spin|p2a: Dragonite
|-damage|p2a: Dragonite|68/100
|-boost|p1a: Armored Armadillo|spe|1
|-sideend|p1: Acastillo631|Sticky Web|[from] move: Rapid Spin|[of] p1a: Armored Armadillo
|move|p2a: Dragonite|Encore|p1a: Armored Armadillo
|-start|p1a: Armored Armadillo|Encore
|
|upkeep
|turn|18
|
|t:|1778513735
|move|p1a: Armored Armadillo|Rapid Spin|p2a: Dragonite
|-damage|p2a: Dragonite|51/100
|-boost|p1a: Armored Armadillo|spe|1
|move|p2a: Dragonite|Dragon Dance|p2a: Dragonite
|-boost|p2a: Dragonite|atk|1
|-boost|p2a: Dragonite|spe|1
|
|upkeep
|turn|19
|
|t:|1778513751
|move|p1a: Armored Armadillo|Rapid Spin|p2a: Dragonite
|-damage|p2a: Dragonite|35/100
|-boost|p1a: Armored Armadillo|spe|1
|move|p2a: Dragonite|Dragon Dance|p2a: Dragonite
|-boost|p2a: Dragonite|atk|1
|-boost|p2a: Dragonite|spe|1
|
|upkeep
|turn|20
|
|t:|1778513759
|move|p1a: Armored Armadillo|Rapid Spin|p2a: Dragonite
|-damage|p2a: Dragonite|18/100
|-boost|p1a: Armored Armadillo|spe|1
|move|p2a: Dragonite|Fire Punch|p1a: Armored Armadillo
|-supereffective|p1a: Armored Armadillo
|-damage|p1a: Armored Armadillo|0 fnt
|-enditem|p1a: Armored Armadillo|Air Balloon
|faint|p1a: Armored Armadillo
|-end|p1a: Armored Armadillo|Quark Drive|[silent]
|
|upkeep
|
|t:|1778513762
|switch|p1a: Redips|Klefki, F|30/100 par
|turn|21
|
|t:|1778513767
|cant|p1a: Redips|par
|move|p2a: Dragonite|Fire Punch|p1a: Redips
|-supereffective|p1a: Redips
|-damage|p1a: Redips|0 fnt
|-damage|p2a: Dragonite|1/100|[from] item: Rocky Helmet|[of] p1a: Redips
|faint|p1a: Redips
|
|upkeep
|
|t:|1778513771
|switch|p1a: Eregion|Tyranitar, M|100/100
|-weather|Sandstorm|[from] ability: Sand Stream|[of] p1a: Eregion
|turn|22
|
|t:|1778513777
|move|p2a: Dragonite|Scale Shot|p1a: Eregion
|-crit|p1a: Eregion
|-damage|p1a: Eregion|68/100
|-damage|p1a: Eregion|45/100
|-damage|p1a: Eregion|23/100
|-damage|p1a: Eregion|1/100
|-hitcount|p1a: Eregion|4
|-unboost|p2a: Dragonite|def|1
|-boost|p2a: Dragonite|spe|1
|move|p1a: Eregion|Knock Off|p2a: Dragonite
|-damage|p2a: Dragonite|0 fnt
|-enditem|p2a: Dragonite|Loaded Dice|[from] move: Knock Off|[of] p1a: Eregion
|faint|p2a: Dragonite
|
|-weather|Sandstorm|[upkeep]
|-heal|p1a: Eregion|7/100|[from] item: Leftovers
|upkeep
|
|t:|1778513788
|switch|p2a: Great Tusk|Great Tusk|84/100
|-damage|p2a: Great Tusk|68/100|[from] Spikes
|turn|23
|
|t:|1778513795
|move|p2a: Great Tusk|Rapid Spin|p1a: Eregion
|-resisted|p1a: Eregion
|-damage|p1a: Eregion|1/100
|-boost|p2a: Great Tusk|spe|1
|-sideend|p2: sylvr7070|Spikes|[from] move: Rapid Spin|[of] p2a: Great Tusk
|move|p1a: Eregion|Ice Beam|p2a: Great Tusk
|-supereffective|p2a: Great Tusk
|-damage|p2a: Great Tusk|5/100
|
|-weather|Sandstorm|[upkeep]
|-heal|p1a: Eregion|7/100|[from] item: Leftovers
|upkeep
|turn|24
|
|t:|1778513805
|move|p2a: Great Tusk|Ice Spinner|p1a: Eregion
|-damage|p1a: Eregion|0 fnt
|faint|p1a: Eregion
|
|-weather|Sandstorm|[upkeep]
|upkeep
|
|t:|1778513810
|switch|p1a: Sage Harpuia|Iron Valiant|100/100
|-enditem|p1a: Sage Harpuia|Booster Energy
|-activate|p1a: Sage Harpuia|ability: Quark Drive|[fromitem]
|-start|p1a: Sage Harpuia|quarkdrivespe
|turn|25
|
|t:|1778513814
|move|p1a: Sage Harpuia|Moonblast|p2a: Great Tusk
|-supereffective|p2a: Great Tusk
|-damage|p2a: Great Tusk|0 fnt
|faint|p2a: Great Tusk
|-end|p2a: Great Tusk|Protosynthesis|[silent]
|
|-weather|Sandstorm|[upkeep]
|-damage|p1a: Sage Harpuia|94/100|[from] Sandstorm
|upkeep
|
|t:|1778513816
|switch|p2a: Glimmora|Glimmora, M|100/100
|turn|26
|
|t:|1778513829
|move|p1a: Sage Harpuia|Destiny Bond|p1a: Sage Harpuia
|-singlemove|p1a: Sage Harpuia|Destiny Bond
|move|p2a: Glimmora|Dazzling Gleam|p1a: Sage Harpuia
|-supereffective|p1a: Sage Harpuia
|-damage|p1a: Sage Harpuia|0 fnt
|faint|p1a: Sage Harpuia
|-activate|p1a: Sage Harpuia|move: Destiny Bond
|-end|p1a: Sage Harpuia|Quark Drive|[silent]
|faint|p2a: Glimmora
|
|-weather|none
|upkeep
|
|t:|1778513832
|switch|p1a: Duff McWhalen|Swampert, M|85/100
|switch|p2a: Volcarona|Volcarona, F, shiny|100/100
|turn|27
|
|t:|1778513844
|-terastallize|p2a: Volcarona|Dragon
|-terastallize|p1a: Duff McWhalen|Fairy
|move|p2a: Volcarona|Will-O-Wisp|p1a: Duff McWhalen
|-status|p1a: Duff McWhalen|brn
|move|p1a: Duff McWhalen|Knock Off|p2a: Volcarona
|-damage|p2a: Volcarona|90/100
|-enditem|p2a: Volcarona|Heavy-Duty Boots|[from] move: Knock Off|[of] p1a: Duff McWhalen
|
|-heal|p1a: Duff McWhalen|92/100 brn|[from] item: Leftovers
|-damage|p1a: Duff McWhalen|85/100 brn|[from] brn
|upkeep
|turn|28
|
|t:|1778513851
|move|p2a: Volcarona|Quiver Dance|p2a: Volcarona
|-boost|p2a: Volcarona|spa|1
|-boost|p2a: Volcarona|spd|1
|-boost|p2a: Volcarona|spe|1
|move|p1a: Duff McWhalen|Earthquake|p2a: Volcarona
|-damage|p2a: Volcarona|72/100
|
|-heal|p1a: Duff McWhalen|92/100 brn|[from] item: Leftovers
|-damage|p1a: Duff McWhalen|85/100 brn|[from] brn
|upkeep
|turn|29
|
|t:|1778513857
|move|p2a: Volcarona|Flamethrower|p1a: Duff McWhalen
|-damage|p1a: Duff McWhalen|47/100 brn
|move|p1a: Duff McWhalen|Earthquake|p2a: Volcarona
|-damage|p2a: Volcarona|55/100
|
|-heal|p1a: Duff McWhalen|53/100 brn|[from] item: Leftovers
|-damage|p1a: Duff McWhalen|47/100 brn|[from] brn
|upkeep
|turn|30
|
|t:|1778513861
|move|p2a: Volcarona|Flamethrower|p1a: Duff McWhalen
|-damage|p1a: Duff McWhalen|8/100 brn
|move|p1a: Duff McWhalen|Earthquake|p2a: Volcarona
|-crit|p2a: Volcarona
|-damage|p2a: Volcarona|31/100
|
|-heal|p1a: Duff McWhalen|14/100 brn|[from] item: Leftovers
|-damage|p1a: Duff McWhalen|8/100 brn|[from] brn
|upkeep
|turn|31
|
|t:|1778513862
|move|p2a: Volcarona|Flamethrower|p1a: Duff McWhalen
|-damage|p1a: Duff McWhalen|0 fnt
|faint|p1a: Duff McWhalen
|
|win|sylvr7070
|raw|Acastillo631's rating: 1614 &rarr; <strong>1597</strong><br />(-17 for losing)
|raw|sylvr7070's rating: 1662 &rarr; <strong>1679</strong><br />(+17 for winning)
|c|☆sylvr7070|gg
|l|☆Acastillo631
|player|p1|
|l| Disscratch
|l|☆sylvr7070
|player|p2|
|l| dilf huntr
