|html|<div class="broadcast-blue"><strong>[Gen 9] OU is currently suspecting Tera Blast! For information on how to participate check out the <a href="https://www.smogon.com/tools/suspects/view/200">suspect thread</a>.</strong></div>
|j|☆bhizan
|j|☆kongjin
|t:|1776035414
|gametype|singles
|player|p1|bhizan|265|1159
|player|p2|kongjin|169|1179
|gen|9
|tier|[Gen 9] OU
|rated|
|rule|HP Percentage Mod: HP is shown in percentages
|rule|Endless Battle Clause: Forcing endless battles is banned
|rule|Species Clause: Limit one of each Pokémon
|rule|OHKO Clause: OHKO moves are banned
|rule|Evasion Items Clause: Evasion items are banned
|rule|Evasion Moves Clause: Evasion moves are banned
|rule|Evasion Abilities Clause: Evasion abilities are banned
|rule|Sleep Moves Clause: Sleep-inducing moves are banned
|clearpoke
|poke|p1|Pelipper, M|
|poke|p1|Zapdos|
|poke|p1|Floatzel, M|
|poke|p1|Corviknight, M|
|poke|p1|Drednaw, F|
|poke|p1|Kingambit, M|
|poke|p2|Great Tusk|
|poke|p2|Alomomola, F|
|poke|p2|Zapdos|
|poke|p2|Slowking-Galar, F|
|poke|p2|Iron Valiant|
|poke|p2|Corviknight, F|
|teampreview
|inactive|Battle timer is ON: inactive players will automatically lose when time's up. (requested by bhizan)
|j| ohko_smeargle
|
|t:|1776035430
|teamsize|p1|6
|teamsize|p2|6
|start
|switch|p1a: mail fraud|Pelipper, M|100/100
|switch|p2a: Zapdos|Zapdos|100/100
|-weather|RainDance|[from] ability: Drizzle|[of] p1a: mail fraud
|turn|1
|
|t:|1776035442
|switch|p1a: KFC VICTIM|Zapdos|100/100
|move|p2a: Zapdos|Volt Switch|p1a: KFC VICTIM
|-damage|p1a: KFC VICTIM|67/100
|
|t:|1776035451
|switch|p2a: Slowking|Slowking-Galar, F|100/100|[from] Volt Switch
|
|-weather|RainDance|[upkeep]
|upkeep
|turn|2
|
|t:|1776035466
|move|p1a: KFC VICTIM|Volt Switch|p2a: Slowking
|-damage|p2a: Slowking|69/100
|
|t:|1776035472
|switch|p1a: nagasaki|Kingambit, M|100/100|[from] Volt Switch
|move|p2a: Slowking|Future Sight|p1a: nagasaki
|-start|p2a: Slowking|move: Future Sight
|
|-weather|RainDance|[upkeep]
|upkeep
|turn|3
|inactive|kongjin has 120 seconds left.
|
|t:|1776035530
|switch|p2a: Corviknight|Corviknight, F|100/100
|-ability|p2a: Corviknight|Pressure
|move|p1a: nagasaki|Kowtow Cleave|p2a: Corviknight
|-damage|p2a: Corviknight|72/100
|
|-weather|RainDance|[upkeep]
|-heal|p2a: Corviknight|78/100|[from] item: Leftovers
|upkeep
|turn|4
|
|t:|1776035544
|move|p1a: nagasaki|Swords Dance|p1a: nagasaki
|-boost|p1a: nagasaki|atk|2
|move|p2a: Corviknight|U-turn|p1a: nagasaki
|-damage|p1a: nagasaki|89/100
|
|t:|1776035547
|switch|p2a: Great Tusk|Great Tusk|100/100|[from] U-turn
|
|-weather|RainDance|[upkeep]
|-end|p1a: nagasaki|move: Future Sight
|-immune|p1a: nagasaki
|-heal|p1a: nagasaki|95/100|[from] item: Leftovers
|upkeep
|turn|5
|
|t:|1776035573
|-end|p1a: nagasaki|fallenundefined|[silent]
|switch|p1a: KFC VICTIM|Zapdos|67/100
|move|p2a: Great Tusk|Close Combat|p1a: KFC VICTIM
|-resisted|p1a: KFC VICTIM
|-damage|p1a: KFC VICTIM|26/100
|-unboost|p2a: Great Tusk|def|1
|-unboost|p2a: Great Tusk|spd|1
|
|-weather|RainDance|[upkeep]
|upkeep
|turn|6
|
|t:|1776035584
|move|p2a: Great Tusk|Close Combat|p1a: KFC VICTIM
|-resisted|p1a: KFC VICTIM
|-damage|p1a: KFC VICTIM|0 fnt
|-unboost|p2a: Great Tusk|def|1
|-unboost|p2a: Great Tusk|spd|1
|faint|p1a: KFC VICTIM
|
|-weather|RainDance|[upkeep]
|upkeep
|
|t:|1776035590
|switch|p1a: foxy bingo.com|Floatzel, M|100/100
|turn|7
|inactive|kongjin has 120 seconds left.
|
|t:|1776035600
|-end|p2a: Great Tusk|Protosynthesis|[silent]
|switch|p2a: Alomomola|Alomomola, F|100/100
|move|p1a: foxy bingo.com|Liquidation|p2a: Alomomola
|-resisted|p2a: Alomomola
|-damage|p2a: Alomomola|64/100
|
|-weather|RainDance|[upkeep]
|upkeep
|turn|8
|
|t:|1776035607
|move|p1a: foxy bingo.com|Liquidation|p2a: Alomomola
|-resisted|p2a: Alomomola
|-damage|p2a: Alomomola|25/100
|move|p2a: Alomomola|Flip Turn|p1a: foxy bingo.com
|-resisted|p1a: foxy bingo.com
|-damage|p1a: foxy bingo.com|78/100
|
|t:|1776035612
|switch|p2a: Zapdos|Zapdos|100/100|[from] Flip Turn
|
|-weather|none
|upkeep
|turn|9
|inactive|bhizan has 120 seconds left.
|
|t:|1776035642
|switch|p1a: racist|Corviknight, M|100/100
|-ability|p1a: racist|Pressure
|move|p2a: Zapdos|Volt Switch|p1a: racist
|-supereffective|p1a: racist
|-damage|p1a: racist|61/100
|inactive|kongjin has 120 seconds left.
|
|t:|1776035684
|switch|p2a: Alomomola|Alomomola, F|58/100|[from] Volt Switch
|
|-heal|p1a: racist|68/100|[from] item: Leftovers
|upkeep
|turn|10
|
|t:|1776035696
|switch|p1a: true|Drednaw, F, shiny|100/100
|move|p2a: Alomomola|Flip Turn|p1a: true
|-damage|p1a: true|80/100
|
|t:|1776035703
|switch|p2a: Great Tusk|Great Tusk|100/100|[from] Flip Turn
|
|upkeep
|turn|11
|
|t:|1776035708
|switch|p1a: mail fraud|Pelipper, M|100/100
|-weather|RainDance|[from] ability: Drizzle|[of] p1a: mail fraud
|move|p2a: Great Tusk|Close Combat|p1a: mail fraud
|-resisted|p1a: mail fraud
|-damage|p1a: mail fraud|78/100
|-unboost|p2a: Great Tusk|def|1
|-unboost|p2a: Great Tusk|spd|1
|
|-weather|RainDance|[upkeep]
|upkeep
|turn|12
|inactive|bhizan has 120 seconds left.
|
|t:|1776035735
|-end|p2a: Great Tusk|Protosynthesis|[silent]
|switch|p2a: Alomomola|Alomomola, F|92/100
|move|p1a: mail fraud|Weather Ball|p2a: Alomomola
|-resisted|p2a: Alomomola
|-damage|p2a: Alomomola|81/100
|
|-weather|RainDance|[upkeep]
|upkeep
|turn|13
|
|t:|1776035744
|move|p1a: mail fraud|Hurricane|p2a: Alomomola
|-damage|p2a: Alomomola|64/100
|move|p2a: Alomomola|Flip Turn|p1a: mail fraud
|-resisted|p1a: mail fraud
|-damage|p1a: mail fraud|68/100
|
|t:|1776035768
|switch|p2a: Zapdos|Zapdos|100/100|[from] Flip Turn
|
|-weather|RainDance|[upkeep]
|upkeep
|turn|14
|
|t:|1776035786
|switch|p1a: nagasaki|Kingambit, M|95/100
|-activate|p1a: nagasaki|ability: Supreme Overlord
|-start|p1a: nagasaki|fallen1|[silent]
|move|p2a: Zapdos|Volt Switch|p1a: nagasaki
|-damage|p1a: nagasaki|64/100
|inactive|kongjin has 120 seconds left.
|
|t:|1776035820
|switch|p2a: Great Tusk|Great Tusk|100/100|[from] Volt Switch
|
|-weather|RainDance|[upkeep]
|-heal|p1a: nagasaki|70/100|[from] item: Leftovers
|upkeep
|turn|15
|
|t:|1776035838
|-terastallize|p1a: nagasaki|Flying
|move|p2a: Great Tusk|Close Combat|p1a: nagasaki
|-resisted|p1a: nagasaki
|-damage|p1a: nagasaki|45/100
|-unboost|p2a: Great Tusk|def|1
|-unboost|p2a: Great Tusk|spd|1
|move|p1a: nagasaki|Swords Dance|p1a: nagasaki
|-boost|p1a: nagasaki|atk|2
|
|-weather|RainDance|[upkeep]
|-heal|p1a: nagasaki|51/100|[from] item: Leftovers
|upkeep
|turn|16
|
|t:|1776035868
|-end|p2a: Great Tusk|Protosynthesis|[silent]
|switch|p2a: Corviknight|Corviknight, F|78/100
|-ability|p2a: Corviknight|Pressure
|move|p1a: nagasaki|Iron Head|p2a: Corviknight
|-resisted|p2a: Corviknight
|-damage|p2a: Corviknight|50/100
|
|-weather|RainDance|[upkeep]
|-heal|p1a: nagasaki|57/100|[from] item: Leftovers
|-heal|p2a: Corviknight|56/100|[from] item: Leftovers
|upkeep
|turn|17
|
|t:|1776035878
|move|p1a: nagasaki|Kowtow Cleave|p2a: Corviknight
|-damage|p2a: Corviknight|0 fnt
|faint|p2a: Corviknight
|
|-weather|RainDance|[upkeep]
|-heal|p1a: nagasaki|63/100|[from] item: Leftovers
|upkeep
|inactive|kongjin has 90 seconds left.
|inactive|kongjin has 60 seconds left.
|
|t:|1776035931
|switch|p2a: Zapdos|Zapdos|100/100
|turn|18
|inactive|bhizan has 120 seconds left.
|
|t:|1776035955
|move|p1a: nagasaki|Sucker Punch|p2a: Zapdos
|-damage|p2a: Zapdos|42/100
|-damage|p1a: nagasaki|46/100|[from] item: Rocky Helmet|[of] p2a: Zapdos
|move|p2a: Zapdos|Discharge|p1a: nagasaki
|-supereffective|p1a: nagasaki
|-damage|p1a: nagasaki|0 fnt
|faint|p1a: nagasaki
|-end|p1a: nagasaki|fallen1|[silent]
|
|-weather|none
|upkeep
|inactive|bhizan has 120 seconds left.
|
|t:|1776035965
|switch|p1a: mail fraud|Pelipper, M|68/100
|-weather|RainDance|[from] ability: Drizzle|[of] p1a: mail fraud
|turn|19
|inactive|bhizan has 120 seconds left.
|
|t:|1776035987
|switch|p2a: Alomomola|Alomomola, F|97/100
|move|p1a: mail fraud|Weather Ball|p2a: Alomomola
|-resisted|p2a: Alomomola
|-damage|p2a: Alomomola|84/100
|
|-weather|RainDance|[upkeep]
|upkeep
|turn|20
|
|t:|1776036013
|move|p1a: mail fraud|U-turn|p2a: Alomomola
|-damage|p2a: Alomomola|78/100
|
|t:|1776036025
|switch|p1a: foxy bingo.com|Floatzel, M|78/100|[from] U-turn
|move|p2a: Alomomola|Flip Turn|p1a: foxy bingo.com
|-resisted|p1a: foxy bingo.com
|-damage|p1a: foxy bingo.com|57/100
|
|t:|1776036038
|switch|p2a: Zapdos|Zapdos|42/100|[from] Flip Turn
|
|-weather|RainDance|[upkeep]
|upkeep
|turn|21
|
|t:|1776036046
|move|p1a: foxy bingo.com|Wave Crash|p2a: Zapdos
|-damage|p2a: Zapdos|0 fnt
|-damage|p1a: foxy bingo.com|41/100|[from] item: Rocky Helmet|[of] p2a: Zapdos
|-status|p1a: foxy bingo.com|par|[from] ability: Static|[of] p2a: Zapdos
|faint|p2a: Zapdos
|-damage|p1a: foxy bingo.com|24/100 par|[from] Recoil
|
|-weather|RainDance|[upkeep]
|upkeep
|
|t:|1776036062
|switch|p2a: Slowking|Slowking-Galar, F|100/100
|turn|22
|
|t:|1776036067
|-terastallize|p2a: Slowking|Water
|move|p1a: foxy bingo.com|Wave Crash|p2a: Slowking
|-resisted|p2a: Slowking
|-damage|p2a: Slowking|50/100
|-damage|p1a: foxy bingo.com|3/100 par|[from] Recoil
|move|p2a: Slowking|Future Sight|p1a: foxy bingo.com
|-start|p2a: Slowking|move: Future Sight
|
|-weather|RainDance|[upkeep]
|upkeep
|turn|23
|
|t:|1776036075
|switch|p2a: Alomomola|Alomomola, F|100/100
|move|p1a: foxy bingo.com|Wave Crash|p2a: Alomomola
|-resisted|p2a: Alomomola
|-damage|p2a: Alomomola|52/100
|-damage|p1a: foxy bingo.com|0 fnt|[from] Recoil
|faint|p1a: foxy bingo.com
|
|-weather|RainDance|[upkeep]
|upkeep
|
|t:|1776036085
|switch|p1a: true|Drednaw, F, shiny|80/100
|turn|24
|inactive|kongjin has 90 seconds left.
|inactive|kongjin has 60 seconds left.
|
|t:|1776036126
|switch|p2a: Great Tusk|Great Tusk|100/100
|move|p1a: true|Shell Smash|p1a: true
|-unboost|p1a: true|def|1
|-unboost|p1a: true|spd|1
|-boost|p1a: true|atk|2
|-boost|p1a: true|spa|2
|-boost|p1a: true|spe|2
|-enditem|p1a: true|White Herb
|-clearnegativeboost|p1a: true|[silent]
|
|-weather|RainDance|[upkeep]
|-end|p1a: true|move: Future Sight
|-damage|p1a: true|20/100
|upkeep
|turn|25
|inactive|kongjin has 60 seconds left.
|
|t:|1776036138
|move|p1a: true|Liquidation|p2a: Great Tusk
|-supereffective|p2a: Great Tusk
|-damage|p2a: Great Tusk|0 fnt
|faint|p2a: Great Tusk
|-end|p2a: Great Tusk|Protosynthesis|[silent]
|
|-weather|RainDance|[upkeep]
|upkeep
|inactive|kongjin has 60 seconds left.
|
|t:|1776036144
|switch|p2a: Alomomola|Alomomola, F|85/100
|turn|26
|
|t:|1776036151
|move|p2a: Alomomola|Aqua Jet|p1a: true
|-damage|p1a: true|2/100
|move|p1a: true|Stone Edge|p2a: Alomomola
|-damage|p2a: Alomomola|11/100
|
|-weather|none
|upkeep
|turn|27
|
|t:|1776036162
|switch|p1a: mail fraud|Pelipper, M|68/100
|-weather|RainDance|[from] ability: Drizzle|[of] p1a: mail fraud
|move|p2a: Alomomola|Aqua Jet|p1a: mail fraud
|-resisted|p1a: mail fraud
|-damage|p1a: mail fraud|62/100
|
|-weather|RainDance|[upkeep]
|upkeep
|turn|28
|
|t:|1776036170
|switch|p2a: Slowking|Slowking-Galar, F, tera:Water|83/100
|move|p1a: mail fraud|Hurricane|p2a: Slowking
|-crit|p2a: Slowking
|-damage|p2a: Slowking|38/100
|-start|p2a: Slowking|confusion
|
|-weather|RainDance|[upkeep]
|upkeep
|turn|29
|
|t:|1776036179
|move|p1a: mail fraud|Hurricane|p2a: Slowking
|-damage|p2a: Slowking|6/100
|-prepare|p2a: Slowking|Chilly Reception|[premajor]
|-activate|p2a: Slowking|confusion
|move|p2a: Slowking|Chilly Reception|p2a: Slowking
|-weather|Snowscape
|
|t:|1776036183
|switch|p2a: Alomomola|Alomomola, F|44/100|[from] Chilly Reception
|
|-weather|Snowscape|[upkeep]
|upkeep
|turn|30
|
|t:|1776036189
|move|p1a: mail fraud|U-turn|p2a: Alomomola
|-damage|p2a: Alomomola|38/100
|
|t:|1776036192
|switch|p1a: racist|Corviknight, M|68/100|[from] U-turn
|-ability|p1a: racist|Pressure
|move|p2a: Alomomola|Body Slam|p1a: racist
|-resisted|p1a: racist
|-damage|p1a: racist|62/100
|
|-weather|Snowscape|[upkeep]
|-heal|p1a: racist|68/100|[from] item: Leftovers
|upkeep
|turn|31
|
|t:|1776036207
|move|p1a: racist|Brave Bird|p2a: Alomomola
|-damage|p2a: Alomomola|8/100
|-damage|p1a: racist|55/100|[from] Recoil
|move|p2a: Alomomola|Flip Turn|p1a: racist
|-damage|p1a: racist|41/100
|
|t:|1776036214
|switch|p2a: Iron Valiant|Iron Valiant|100/100|[from] Flip Turn
|
|-weather|Snowscape|[upkeep]
|-heal|p1a: racist|47/100|[from] item: Leftovers
|upkeep
|turn|32
|
|t:|1776036221
|move|p2a: Iron Valiant|Close Combat|p1a: racist
|-damage|p1a: racist|0 fnt
|-unboost|p2a: Iron Valiant|def|1
|-unboost|p2a: Iron Valiant|spd|1
|faint|p1a: racist
|
|-weather|Snowscape|[upkeep]
|upkeep
|
|t:|1776036225
|switch|p1a: mail fraud|Pelipper, M|62/100
|-weather|RainDance|[from] ability: Drizzle|[of] p1a: mail fraud
|turn|33
|
|t:|1776036234
|-end|p2a: Iron Valiant|Quark Drive|[silent]
|switch|p2a: Alomomola|Alomomola, F|42/100
|move|p1a: mail fraud|Hurricane|p2a: Alomomola
|-damage|p2a: Alomomola|23/100
|
|-weather|RainDance|[upkeep]
|upkeep
|turn|34
|
|t:|1776036243
|move|p1a: mail fraud|Roost|p1a: mail fraud
|-heal|p1a: mail fraud|100/100
|-singleturn|p1a: mail fraud|move: Roost
|move|p2a: Alomomola|Flip Turn|p1a: mail fraud
|-resisted|p1a: mail fraud
|-damage|p1a: mail fraud|92/100
|
|t:|1776036246
|switch|p2a: Slowking|Slowking-Galar, F, tera:Water|40/100|[from] Flip Turn
|
|-weather|RainDance|[upkeep]
|upkeep
|turn|35
|
|t:|1776036257
|switch|p2a: Alomomola|Alomomola, F|56/100
|move|p1a: mail fraud|Hurricane|p2a: Alomomola
|-damage|p2a: Alomomola|38/100
|
|-weather|RainDance|[upkeep]
|upkeep
|turn|36
|
|t:|1776036264
|move|p1a: mail fraud|Hurricane|p2a: Alomomola
|-damage|p2a: Alomomola|20/100
|move|p2a: Alomomola|Flip Turn|p1a: mail fraud
|-resisted|p1a: mail fraud
|-damage|p1a: mail fraud|82/100
|
|t:|1776036267
|switch|p2a: Slowking|Slowking-Galar, F, tera:Water|73/100|[from] Flip Turn
|
|-weather|RainDance|[upkeep]
|upkeep
|turn|37
|c|☆bhizan|gc
|-message|bhizan forfeited.
|
|win|kongjin
|raw|bhizan's rating: 1159 &rarr; <strong>1135</strong><br />(-24 for losing)
|raw|kongjin's rating: 1179 &rarr; <strong>1203</strong><br />(+24 for winning)
|l|☆bhizan
|player|p1|
|l| ohko_smeargle
|l|☆kongjin
|player|p2|
