|html|<div class="broadcast-blue"><strong>[Gen 9] OU is currently suspecting Tera Blast! For information on how to participate check out the <a href="https://www.smogon.com/tools/suspects/view/200">suspect thread</a>.</strong></div>
|j|☆xu5000
|j|☆JangarRifin
|t:|1776165004
|gametype|singles
|player|p1|xu5000|2|1361
|player|p2|JangarRifin|1|1427
|gen|9
|tier|[Gen 9] OU
|rated|
|rule|HP Percentage Mod: HP is shown in percentages
|rule|Endless Battle Clause: Forcing endless battles is banned
|rule|Species Clause: Limit one of each Pokémon
|rule|OHKO Clause: OHKO moves are banned
|rule|Evasion Items Clause: Evasion items are banned
|rule|Evasion Moves Clause: Evasion moves are banned
|rule|Evasion Abilities Clause: Evasion abilities are banned
|rule|Sleep Moves Clause: Sleep-inducing moves are banned
|clearpoke
|poke|p1|Dragapult, F|
|poke|p1|Alomomola, F|
|poke|p1|Ting-Lu|
|poke|p1|Kyurem|
|poke|p1|Weezing-Galar, F|
|poke|p1|Corviknight, F|
|poke|p2|Zamazenta-*|
|poke|p2|Dragapult, F|
|poke|p2|Lokix, F|
|poke|p2|Kyurem|
|poke|p2|Iron Moth|
|poke|p2|Great Tusk|
|teampreview
|inactive|Battle timer is ON: inactive players will automatically lose when time's up. (requested by JangarRifin)
|
|t:|1776165024
|teamsize|p1|6
|teamsize|p2|6
|start
|switch|p1a: Tiffany BlueStones|Kyurem, shiny|100/100
|switch|p2a: Lokix|Lokix, F|100/100
|-ability|p1a: Tiffany BlueStones|Pressure
|turn|1
|
|t:|1776165038
|move|p1a: Tiffany BlueStones|Freeze-Dry|p2a: Lokix
|-damage|p2a: Lokix|31/100
|move|p2a: Lokix|Low Kick|p1a: Tiffany BlueStones
|-supereffective|p1a: Tiffany BlueStones
|-damage|p1a: Tiffany BlueStones|29/100
|
|-heal|p1a: Tiffany BlueStones|36/100|[from] item: Leftovers
|upkeep
|turn|2
|
|t:|1776165048
|move|p1a: Tiffany BlueStones|Substitute|p1a: Tiffany BlueStones
|-start|p1a: Tiffany BlueStones|Substitute
|-damage|p1a: Tiffany BlueStones|11/100
|move|p2a: Lokix|Low Kick|p1a: Tiffany BlueStones
|-supereffective|p1a: Tiffany BlueStones
|-end|p1a: Tiffany BlueStones|Substitute
|
|-heal|p1a: Tiffany BlueStones|17/100|[from] item: Leftovers
|upkeep
|turn|3
|
|t:|1776165051
|move|p1a: Tiffany BlueStones|Freeze-Dry|p2a: Lokix
|-damage|p2a: Lokix|0 fnt
|faint|p2a: Lokix
|
|-heal|p1a: Tiffany BlueStones|23/100|[from] item: Leftovers
|upkeep
|
|t:|1776165060
|switch|p2a: Iron Moth|Iron Moth|100/100
|turn|4
|
|t:|1776165074
|move|p2a: Iron Moth|Fiery Dance|p1a: Tiffany BlueStones
|-damage|p1a: Tiffany BlueStones|0 fnt
|faint|p1a: Tiffany BlueStones
|
|upkeep
|
|t:|1776165084
|switch|p1a: Ting-Lu|Ting-Lu|100/100
|-ability|p1a: Ting-Lu|Vessel of Ruin
|turn|5
|
|t:|1776165093
|-end|p2a: Iron Moth|Quark Drive|[silent]
|switch|p2a: Great Tusk|Great Tusk|100/100
|move|p1a: Ting-Lu|Ruination|p2a: Great Tusk
|-damage|p2a: Great Tusk|50/100
|
|upkeep
|turn|6
|
|t:|1776165101
|switch|p1a: Fogbound Lake|Alomomola, F|100/100
|move|p2a: Great Tusk|Stealth Rock|p1a: Fogbound Lake
|-sidestart|p1: xu5000|move: Stealth Rock
|
|upkeep
|turn|7
|
|t:|1776165122
|move|p2a: Great Tusk|Knock Off|p1a: Fogbound Lake
|-damage|p1a: Fogbound Lake|85/100
|-damage|p2a: Great Tusk|34/100|[from] item: Rocky Helmet|[of] p1a: Fogbound Lake
|-enditem|p1a: Fogbound Lake|Rocky Helmet|[from] move: Knock Off|[of] p2a: Great Tusk
|move|p1a: Fogbound Lake|Flip Turn|p2a: Great Tusk
|-supereffective|p2a: Great Tusk
|-damage|p2a: Great Tusk|18/100
|-damage|p1a: Fogbound Lake|68/100|[from] item: Rocky Helmet|[of] p2a: Great Tusk
|inactive|xu5000 has 120 seconds left.
|
|t:|1776165149
|switch|p1a: Weezing|Weezing-Galar, F|100/100|[from] Flip Turn
|-ability|p1a: Weezing|Neutralizing Gas
|-damage|p1a: Weezing|88/100|[from] Stealth Rock
|
|-heal|p1a: Weezing|94/100|[from] item: Leftovers
|upkeep
|turn|8
|inactive|xu5000 has 120 seconds left.
|
|t:|1776165159
|move|p2a: Great Tusk|Knock Off|p1a: Weezing
|-resisted|p1a: Weezing
|-damage|p1a: Weezing|83/100
|-enditem|p1a: Weezing|Leftovers|[from] move: Knock Off|[of] p2a: Great Tusk
|move|p1a: Weezing|Defog|p2a: Great Tusk
|-unboost|p2a: Great Tusk|evasion|1
|-sideend|p1: xu5000|Stealth Rock|[from] move: Defog|[of] p1a: Weezing
|
|upkeep
|turn|9
|inactive|xu5000 has 120 seconds left.
|
|t:|1776165170
|move|p2a: Great Tusk|Stealth Rock|p1a: Weezing
|-sidestart|p1: xu5000|move: Stealth Rock
|move|p1a: Weezing|Toxic|p2a: Great Tusk
|-status|p2a: Great Tusk|tox
|
|-damage|p2a: Great Tusk|12/100 tox|[from] psn
|upkeep
|turn|10
|inactive|xu5000 has 120 seconds left.
|
|t:|1776165184
|-end|p2a: Great Tusk|Protosynthesis|[silent]
|switch|p2a: Iron Moth|Iron Moth|100/100
|-end|p1a: Weezing|ability: Neutralizing Gas
|switch|p1a: Corviknight|Corviknight, F|100/100
|-damage|p1a: Corviknight|88/100|[from] Stealth Rock
|-ability|p1a: Corviknight|Pressure
|
|-heal|p1a: Corviknight|94/100|[from] item: Leftovers
|upkeep
|turn|11
|inactive|xu5000 has 120 seconds left.
|
|t:|1776165197
|switch|p1a: Ting-Lu|Ting-Lu|100/100
|-damage|p1a: Ting-Lu|94/100|[from] Stealth Rock
|-ability|p1a: Ting-Lu|Vessel of Ruin
|move|p2a: Iron Moth|Fiery Dance|p1a: Ting-Lu
|-damage|p1a: Ting-Lu|67/100
|
|-heal|p1a: Ting-Lu|74/100|[from] item: Leftovers
|upkeep
|turn|12
|
|t:|1776165209
|-end|p2a: Iron Moth|Quark Drive|[silent]
|switch|p2a: Great Tusk|Great Tusk|12/100 tox
|move|p1a: Ting-Lu|Earthquake|p2a: Great Tusk
|-damage|p2a: Great Tusk|0 fnt
|faint|p2a: Great Tusk
|-end|p2a: Great Tusk|Protosynthesis|[silent]
|
|-heal|p1a: Ting-Lu|80/100|[from] item: Leftovers
|upkeep
|
|t:|1776165215
|switch|p2a: Zamazenta|Zamazenta|100/100
|-ability|p2a: Zamazenta|Dauntless Shield|boost
|-boost|p2a: Zamazenta|def|1
|turn|13
|inactive|xu5000 has 120 seconds left.
|
|t:|1776165240
|-terastallize|p1a: Ting-Lu|Water
|move|p2a: Zamazenta|Close Combat|p1a: Ting-Lu
|-damage|p1a: Ting-Lu|36/100
|-unboost|p2a: Zamazenta|def|1
|-unboost|p2a: Zamazenta|spd|1
|-damage|p2a: Zamazenta|91/100|[from] item: Life Orb
|move|p1a: Ting-Lu|Ruination|p2a: Zamazenta
|-damage|p2a: Zamazenta|46/100
|
|-heal|p1a: Ting-Lu|42/100|[from] item: Leftovers
|upkeep
|turn|14
|inactive|xu5000 has 120 seconds left.
|
|t:|1776165252
|switch|p1a: Weezing|Weezing-Galar, F|83/100
|-ability|p1a: Weezing|Neutralizing Gas
|-damage|p1a: Weezing|71/100|[from] Stealth Rock
|move|p2a: Zamazenta|Crunch|p1a: Weezing
|-resisted|p1a: Weezing
|-damage|p1a: Weezing|56/100
|-unboost|p1a: Weezing|def|1
|-damage|p2a: Zamazenta|36/100|[from] item: Life Orb
|
|upkeep
|turn|15
|inactive|xu5000 has 120 seconds left.
|
|t:|1776165265
|-end|p1a: Weezing|ability: Neutralizing Gas
|switch|p1a: Fogbound Lake|Alomomola, F|100/100
|-damage|p1a: Fogbound Lake|88/100|[from] Stealth Rock
|move|p2a: Zamazenta|Iron Head|p1a: Fogbound Lake
|-resisted|p1a: Fogbound Lake
|-damage|p1a: Fogbound Lake|79/100
|-damage|p2a: Zamazenta|26/100|[from] item: Life Orb
|
|upkeep
|turn|16
|
|t:|1776165272
|move|p2a: Zamazenta|Close Combat|p1a: Fogbound Lake
|-damage|p1a: Fogbound Lake|34/100
|-unboost|p2a: Zamazenta|def|1
|-unboost|p2a: Zamazenta|spd|1
|-damage|p2a: Zamazenta|16/100|[from] item: Life Orb
|move|p1a: Fogbound Lake|Flip Turn|p2a: Zamazenta
|-damage|p2a: Zamazenta|0 fnt
|faint|p2a: Zamazenta
|inactive|xu5000 has 120 seconds left.
|
|t:|1776165286
|switch|p1a: Moody Blues|Dragapult, F|100/100|[from] Flip Turn
|-damage|p1a: Moody Blues|88/100|[from] Stealth Rock
|
|upkeep
|
|t:|1776165294
|switch|p2a: Kyurem|Kyurem|100/100
|-ability|p2a: Kyurem|Pressure
|turn|17
|inactive|xu5000 has 120 seconds left.
|
|t:|1776165315
|-terastallize|p2a: Kyurem|Fairy
|move|p1a: Moody Blues|U-turn|p2a: Kyurem
|-resisted|p2a: Kyurem
|-damage|p2a: Kyurem|84/100
|
|t:|1776165338
|switch|p1a: Fogbound Lake|Alomomola, F|68/100|[from] U-turn
|-damage|p1a: Fogbound Lake|55/100|[from] Stealth Rock
|move|p2a: Kyurem|Freeze-Dry|p1a: Fogbound Lake
|-supereffective|p1a: Fogbound Lake
|-damage|p1a: Fogbound Lake|0 fnt
|faint|p1a: Fogbound Lake
|
|upkeep
|inactive|xu5000 has 90 seconds left.
|
|t:|1776165353
|switch|p1a: Corviknight|Corviknight, F|94/100
|-damage|p1a: Corviknight|82/100|[from] Stealth Rock
|-ability|p1a: Corviknight|Pressure
|turn|18
|
|t:|1776165356
|move|p2a: Kyurem|Freeze-Dry|p1a: Corviknight
|-damage|p1a: Corviknight|58/100
|move|p1a: Corviknight|Defog|p2a: Kyurem
|-unboost|p2a: Kyurem|evasion|1
|-sideend|p1: xu5000|Stealth Rock|[from] move: Defog|[of] p1a: Corviknight
|
|-heal|p1a: Corviknight|64/100|[from] item: Leftovers
|upkeep
|turn|19
|
|t:|1776165363
|switch|p2a: Iron Moth|Iron Moth|100/100
|move|p1a: Corviknight|Brave Bird|p2a: Iron Moth
|-damage|p2a: Iron Moth|41/100
|-damage|p1a: Corviknight|50/100|[from] Recoil
|
|-heal|p1a: Corviknight|56/100|[from] item: Leftovers
|upkeep
|turn|20
|
|t:|1776165376
|switch|p1a: Moody Blues|Dragapult, F|88/100
|move|p2a: Iron Moth|Discharge|p1a: Moody Blues
|-resisted|p1a: Moody Blues
|-damage|p1a: Moody Blues|59/100
|-status|p1a: Moody Blues|par
|
|upkeep
|turn|21
|
|t:|1776165389
|-end|p2a: Iron Moth|Quark Drive|[silent]
|switch|p2a: Kyurem|Kyurem, tera:Fairy|84/100
|-ability|p2a: Kyurem|Pressure
|move|p1a: Moody Blues|Dragon Darts|p2a: Kyurem
|-immune|p2a: Kyurem
|
|upkeep
|turn|22
|
|t:|1776165416
|switch|p1a: Weezing|Weezing-Galar, F|56/100
|-ability|p1a: Weezing|Neutralizing Gas
|move|p2a: Kyurem|Freeze-Dry|p1a: Weezing
|-damage|p1a: Weezing|6/100
|
|upkeep
|turn|23
|
|t:|1776165425
|move|p1a: Weezing|Protect|p1a: Weezing
|-singleturn|p1a: Weezing|Protect
|move|p2a: Kyurem|Freeze-Dry|p1a: Weezing
|-activate|p1a: Weezing|move: Protect
|
|upkeep
|turn|24
|
|t:|1776165429
|move|p2a: Kyurem|Freeze-Dry|p1a: Weezing
|-damage|p1a: Weezing|0 fnt
|faint|p1a: Weezing
|-end|p1a: Weezing|ability: Neutralizing Gas
|-ability|p2a: Kyurem|Pressure
|
|upkeep
|
|t:|1776165433
|switch|p1a: Corviknight|Corviknight, F|56/100
|-ability|p1a: Corviknight|Pressure
|turn|25
|inactive|xu5000 has 120 seconds left.
|
|t:|1776165446
|switch|p2a: Dragapult|Dragapult, F|100/100
|move|p1a: Corviknight|Roost|p1a: Corviknight
|-heal|p1a: Corviknight|100/100
|-singleturn|p1a: Corviknight|move: Roost
|
|upkeep
|turn|26
|
|t:|1776165453
|move|p2a: Dragapult|Reflect|p2a: Dragapult
|-sidestart|p2: JangarRifin|Reflect
|move|p1a: Corviknight|Brave Bird|p2a: Dragapult
|-crit|p2a: Dragapult
|-damage|p2a: Dragapult|42/100
|-damage|p1a: Corviknight|82/100|[from] Recoil
|
|-heal|p1a: Corviknight|88/100|[from] item: Leftovers
|upkeep
|turn|27
|
|t:|1776165459
|move|p2a: Dragapult|Shadow Ball|p1a: Corviknight
|-damage|p1a: Corviknight|68/100
|move|p1a: Corviknight|Brave Bird|p2a: Dragapult
|-damage|p2a: Dragapult|20/100
|-damage|p1a: Corviknight|62/100|[from] Recoil
|
|-heal|p1a: Corviknight|68/100|[from] item: Leftovers
|upkeep
|turn|28
|
|t:|1776165465
|move|p2a: Dragapult|Shadow Ball|p1a: Corviknight
|-crit|p1a: Corviknight
|-damage|p1a: Corviknight|39/100
|move|p1a: Corviknight|Roost|p1a: Corviknight
|-heal|p1a: Corviknight|89/100
|-singleturn|p1a: Corviknight|move: Roost
|
|-heal|p1a: Corviknight|95/100|[from] item: Leftovers
|upkeep
|turn|29
|
|t:|1776165472
|move|p2a: Dragapult|Shadow Ball|p1a: Corviknight
|-damage|p1a: Corviknight|76/100
|-unboost|p1a: Corviknight|spd|1
|move|p1a: Corviknight|Defog||[still]
|-fail|p2a: Dragapult|unboost|[from] ability: Clear Body|[of] p2a: Dragapult
|-sideend|p2: JangarRifin|Reflect
|-fail|p1a: Corviknight
|
|-heal|p1a: Corviknight|82/100|[from] item: Leftovers
|upkeep
|turn|30
|
|t:|1776165479
|move|p2a: Dragapult|Reflect|p2a: Dragapult
|-sidestart|p2: JangarRifin|Reflect
|move|p1a: Corviknight|Brave Bird|p2a: Dragapult
|-damage|p2a: Dragapult|0 fnt
|faint|p2a: Dragapult
|-damage|p1a: Corviknight|76/100|[from] Recoil
|
|-heal|p1a: Corviknight|82/100|[from] item: Leftovers
|upkeep
|
|t:|1776165482
|switch|p2a: Iron Moth|Iron Moth|41/100
|turn|31
|
|t:|1776165490
|switch|p1a: Moody Blues|Dragapult, F|59/100 par
|move|p2a: Iron Moth|Discharge|p1a: Moody Blues
|-resisted|p1a: Moody Blues
|-damage|p1a: Moody Blues|28/100 par
|
|upkeep
|turn|32
|
|t:|1776165502
|-end|p2a: Iron Moth|Quark Drive|[silent]
|switch|p2a: Kyurem|Kyurem, tera:Fairy|84/100
|-ability|p2a: Kyurem|Pressure
|move|p1a: Moody Blues|U-turn|p2a: Kyurem
|-resisted|p2a: Kyurem
|-damage|p2a: Kyurem|68/100
|inactive|xu5000 has 120 seconds left.
|
|t:|1776165542
|switch|p1a: Ting-Lu|Ting-Lu, tera:Water|42/100|[from] U-turn
|-ability|p1a: Ting-Lu|Vessel of Ruin
|
|-heal|p1a: Ting-Lu|48/100|[from] item: Leftovers
|upkeep
|turn|33
|
|t:|1776165547
|switch|p1a: Corviknight|Corviknight, F|82/100
|-ability|p1a: Corviknight|Pressure
|move|p2a: Kyurem|Freeze-Dry|p1a: Corviknight
|-damage|p1a: Corviknight|58/100
|
|-heal|p1a: Corviknight|64/100|[from] item: Leftovers
|upkeep
|turn|34
|
|t:|1776165553
|move|p2a: Kyurem|Freeze-Dry|p1a: Corviknight
|-damage|p1a: Corviknight|38/100
|move|p1a: Corviknight|Roost|p1a: Corviknight
|-heal|p1a: Corviknight|88/100
|-singleturn|p1a: Corviknight|move: Roost
|
|-heal|p1a: Corviknight|94/100|[from] item: Leftovers
|upkeep
|turn|35
|
|t:|1776165558
|move|p2a: Kyurem|Freeze-Dry|p1a: Corviknight
|-damage|p1a: Corviknight|70/100
|move|p1a: Corviknight|Brave Bird|p2a: Kyurem
|-damage|p2a: Kyurem|51/100
|-damage|p1a: Corviknight|64/100|[from] Recoil
|
|-heal|p1a: Corviknight|71/100|[from] item: Leftovers
|upkeep
|turn|36
|
|t:|1776165563
|move|p2a: Kyurem|Freeze-Dry|p1a: Corviknight
|-damage|p1a: Corviknight|45/100
|-status|p1a: Corviknight|frz
|-curestatus|p1a: Corviknight|frz|[msg]
|move|p1a: Corviknight|Brave Bird|p2a: Kyurem
|-damage|p2a: Kyurem|33/100
|-damage|p1a: Corviknight|39/100|[from] Recoil
|
|-heal|p1a: Corviknight|46/100|[from] item: Leftovers
|upkeep
|turn|37
|
|t:|1776165570
|move|p2a: Kyurem|Freeze-Dry|p1a: Corviknight
|-damage|p1a: Corviknight|21/100
|move|p1a: Corviknight|Roost|p1a: Corviknight
|-heal|p1a: Corviknight|71/100
|-singleturn|p1a: Corviknight|move: Roost
|
|-heal|p1a: Corviknight|77/100|[from] item: Leftovers
|-sideend|p2: JangarRifin|Reflect
|upkeep
|turn|38
|
|t:|1776165575
|move|p2a: Kyurem|Freeze-Dry|p1a: Corviknight
|-damage|p1a: Corviknight|51/100
|move|p1a: Corviknight|Brave Bird|p2a: Kyurem
|-damage|p2a: Kyurem|0 fnt
|faint|p2a: Kyurem
|-damage|p1a: Corviknight|40/100|[from] Recoil
|
|-heal|p1a: Corviknight|47/100|[from] item: Leftovers
|upkeep
|
|t:|1776165580
|switch|p2a: Iron Moth|Iron Moth|41/100
|turn|39
|
|t:|1776165597
|move|p2a: Iron Moth|Discharge|p1a: Corviknight
|-supereffective|p1a: Corviknight
|-damage|p1a: Corviknight|0 fnt
|faint|p1a: Corviknight
|
|upkeep
|c|☆xu5000|absolutely amazing game!
|
|t:|1776165604
|switch|p1a: Ting-Lu|Ting-Lu, tera:Water|48/100
|-ability|p1a: Ting-Lu|Vessel of Ruin
|turn|40
|
|t:|1776165608
|move|p2a: Iron Moth|Discharge|p1a: Ting-Lu
|-supereffective|p1a: Ting-Lu
|-damage|p1a: Ting-Lu|8/100
|move|p1a: Ting-Lu|Earthquake|p2a: Iron Moth
|-supereffective|p2a: Iron Moth
|-damage|p2a: Iron Moth|0 fnt
|faint|p2a: Iron Moth
|-end|p2a: Iron Moth|Quark Drive|[silent]
|
|win|xu5000
|raw|xu5000's rating: 1361 &rarr; <strong>1385</strong><br />(+24 for winning)
|raw|JangarRifin's rating: 1427 &rarr; <strong>1403</strong><br />(-24 for losing)
|l|☆JangarRifin
|player|p2|
