|html|<div class="broadcast-blue"><strong>[Gen 9] OU is currently suspecting Tera Blast! For information on how to participate check out the <a href="https://www.smogon.com/tools/suspects/view/200">suspect thread</a>.</strong></div>
|j|☆zonix14
|j|‽RadiantSol
|t:|1776062955
|gametype|singles
|player|p1|zonix14|2|1277
|player|p2|RadiantSol|flint|1237
|gen|9
|tier|[Gen 9] OU
|rated|
|rule|HP Percentage Mod: HP is shown in percentages
|rule|Endless Battle Clause: Forcing endless battles is banned
|rule|Species Clause: Limit one of each Pokémon
|rule|OHKO Clause: OHKO moves are banned
|rule|Evasion Items Clause: Evasion items are banned
|rule|Evasion Moves Clause: Evasion moves are banned
|rule|Evasion Abilities Clause: Evasion abilities are banned
|rule|Sleep Moves Clause: Sleep-inducing moves are banned
|clearpoke
|poke|p1|Serperior, F|
|poke|p1|Gholdengo|
|poke|p1|Cinderace, M|
|poke|p1|Masquerain, M|
|poke|p1|Dragapult, M|
|poke|p1|Hawlucha, F|
|poke|p2|Espeon, F|
|poke|p2|Ninetales, F|
|poke|p2|Leafeon, F|
|poke|p2|Corviknight, F|
|poke|p2|Quagsire, F|
|poke|p2|Blissey, F|
|teampreview
|inactive|Battle timer is ON: inactive players will automatically lose when time's up. (requested by zonix14)
|
|t:|1776062981
|teamsize|p1|6
|teamsize|p2|6
|start
|switch|p1a: Masquerain|Masquerain, M|100/100
|switch|p2a: Ninetales|Ninetales, F, shiny|100/100
|-weather|SunnyDay|[from] ability: Drought|[of] p2a: Ninetales
|-ability|p1a: Masquerain|Intimidate|boost
|-unboost|p2a: Ninetales|atk|1
|turn|1
|
|t:|1776062986
|move|p2a: Ninetales|Overheat|p1a: Masquerain
|-supereffective|p1a: Masquerain
|-enditem|p1a: Masquerain|Focus Sash
|-damage|p1a: Masquerain|1/100
|-unboost|p2a: Ninetales|spa|2
|move|p1a: Masquerain|Sticky Web|p2a: Ninetales
|-sidestart|p2: RadiantSol|move: Sticky Web
|
|-weather|SunnyDay|[upkeep]
|upkeep
|turn|2
|
|t:|1776062991
|switch|p1a: Cinderace|Cinderace, M|100/100
|move|p2a: Ninetales|Overheat|p1a: Cinderace
|-resisted|p1a: Cinderace
|-damage|p1a: Cinderace|74/100
|-unboost|p2a: Ninetales|spa|2
|
|-weather|SunnyDay|[upkeep]
|upkeep
|turn|3
|
|t:|1776063000
|switch|p2a: Quagsire|Quagsire, F|100/100
|-activate|p2a: Quagsire|move: Sticky Web
|-unboost|p2a: Quagsire|spe|1
|move|p1a: Cinderace|Court Change|p1a: Cinderace
|-swapsideconditions
|-activate|p1a: Cinderace|move: Court Change
|
|-weather|SunnyDay|[upkeep]
|upkeep
|turn|4
|
|t:|1776063009
|move|p1a: Cinderace|Gunk Shot|p2a: Quagsire
|-resisted|p2a: Quagsire
|-damage|p2a: Quagsire|86/100
|-status|p2a: Quagsire|psn
|move|p2a: Quagsire|Stealth Rock|p1a: Cinderace
|-sidestart|p1: zonix14|move: Stealth Rock
|
|-weather|SunnyDay|[upkeep]
|-damage|p2a: Quagsire|73/100 psn|[from] psn
|upkeep
|turn|5
|
|t:|1776063015
|move|p1a: Cinderace|Gunk Shot|p2a: Quagsire|[miss]
|-miss|p1a: Cinderace|p2a: Quagsire
|move|p2a: Quagsire|Liquidation|p1a: Cinderace
|-supereffective|p1a: Cinderace
|-damage|p1a: Cinderace|41/100
|
|-weather|SunnyDay|[upkeep]
|-damage|p2a: Quagsire|61/100 psn|[from] psn
|upkeep
|turn|6
|
|t:|1776063018
|move|p1a: Cinderace|Gunk Shot|p2a: Quagsire
|-resisted|p2a: Quagsire
|-damage|p2a: Quagsire|45/100 psn
|-enditem|p2a: Quagsire|Sitrus Berry|[eat]
|-heal|p2a: Quagsire|70/100 psn|[from] item: Sitrus Berry
|move|p2a: Quagsire|Liquidation|p1a: Cinderace
|-supereffective|p1a: Cinderace
|-damage|p1a: Cinderace|6/100
|
|-weather|SunnyDay|[upkeep]
|-damage|p2a: Quagsire|57/100 psn|[from] psn
|upkeep
|turn|7
|
|t:|1776063021
|move|p1a: Cinderace|Gunk Shot|p2a: Quagsire
|-resisted|p2a: Quagsire
|-damage|p2a: Quagsire|43/100 psn
|move|p2a: Quagsire|Recover|p2a: Quagsire
|-heal|p2a: Quagsire|93/100 psn
|
|-weather|SunnyDay|[upkeep]
|-damage|p2a: Quagsire|81/100 psn|[from] psn
|upkeep
|turn|8
|
|t:|1776063028
|move|p1a: Cinderace|Court Change|p1a: Cinderace
|-swapsideconditions
|-activate|p1a: Cinderace|move: Court Change
|move|p2a: Quagsire|Liquidation|p1a: Cinderace
|-supereffective|p1a: Cinderace
|-damage|p1a: Cinderace|0 fnt
|faint|p1a: Cinderace
|
|-weather|none
|-damage|p2a: Quagsire|69/100 psn|[from] psn
|upkeep
|
|t:|1776063033
|switch|p1a: Serperior|Serperior, F|100/100
|turn|9
|
|t:|1776063041
|switch|p2a: Corviknight|Corviknight, F|100/100
|-damage|p2a: Corviknight|88/100|[from] Stealth Rock
|-ability|p2a: Corviknight|Pressure
|move|p1a: Serperior|Leaf Storm|p2a: Corviknight
|-resisted|p2a: Corviknight
|-damage|p2a: Corviknight|72/100
|-boost|p1a: Serperior|spa|2
|
|upkeep
|turn|10
|
|t:|1776063049
|move|p1a: Serperior|Leaf Storm|p2a: Corviknight
|-resisted|p2a: Corviknight
|-damage|p2a: Corviknight|42/100
|-boost|p1a: Serperior|spa|2
|move|p2a: Corviknight|Defog|p1a: Serperior
|-boost|p1a: Serperior|evasion|1
|-sideend|p2: RadiantSol|Stealth Rock|[from] move: Defog|[of] p2a: Corviknight
|-sideend|p2: RadiantSol|Sticky Web|[from] move: Defog|[of] p2a: Corviknight
|
|upkeep
|turn|11
|
|t:|1776063061
|move|p1a: Serperior|Leaf Storm|p2a: Corviknight
|-resisted|p2a: Corviknight
|-damage|p2a: Corviknight|0 fnt
|-boost|p1a: Serperior|spa|2
|faint|p2a: Corviknight
|
|upkeep
|
|t:|1776063069
|switch|p2a: Blissey|Blissey, F|100/100
|turn|12
|
|t:|1776063075
|move|p1a: Serperior|Leaf Storm|p2a: Blissey
|-damage|p2a: Blissey|39/100
|move|p2a: Blissey|Flamethrower|p1a: Serperior
|-supereffective|p1a: Serperior
|-damage|p1a: Serperior|61/100
|
|upkeep
|turn|13
|
|t:|1776063084
|switch|p2a: Ninetales|Ninetales, F, shiny|100/100
|-weather|SunnyDay|[from] ability: Drought|[of] p2a: Ninetales
|move|p1a: Serperior|Dragon Pulse|p2a: Ninetales
|-damage|p2a: Ninetales|0 fnt
|faint|p2a: Ninetales
|
|-weather|SunnyDay|[upkeep]
|upkeep
|
|t:|1776063090
|switch|p2a: Leafeon|Leafeon, F|100/100
|turn|14
|
|t:|1776063094
|-terastallize|p1a: Serperior|Ghost
|move|p2a: Leafeon|X-Scissor|p1a: Serperior|[miss]
|-miss|p2a: Leafeon|p1a: Serperior
|move|p1a: Serperior|Dragon Pulse|p2a: Leafeon
|-damage|p2a: Leafeon|0 fnt
|faint|p2a: Leafeon
|
|-weather|SunnyDay|[upkeep]
|upkeep
|
|t:|1776063100
|switch|p2a: Quagsire|Quagsire, F|69/100 psn
|turn|15
|
|t:|1776063102
|-terastallize|p2a: Quagsire|Poison
|move|p1a: Serperior|Leaf Storm|p2a: Quagsire
|-resisted|p2a: Quagsire
|-damage|p2a: Quagsire|38/100 psn
|move|p2a: Quagsire|Toxic|p1a: Serperior
|-status|p1a: Serperior|tox
|
|-weather|SunnyDay|[upkeep]
|-damage|p1a: Serperior|55/100 tox|[from] psn
|-damage|p2a: Quagsire|26/100 psn|[from] psn
|upkeep
|turn|16
|
|t:|1776063107
|move|p1a: Serperior|Dragon Pulse|p2a: Quagsire
|-damage|p2a: Quagsire|0 fnt
|faint|p2a: Quagsire
|
|-weather|SunnyDay|[upkeep]
|-damage|p1a: Serperior|42/100 tox|[from] psn
|upkeep
|
|t:|1776063112
|switch|p2a: Blissey|Blissey, F|39/100
|turn|17
|
|t:|1776063114
|move|p1a: Serperior|Dragon Pulse|p2a: Blissey
|-damage|p2a: Blissey|16/100
|move|p2a: Blissey|Flamethrower|p1a: Serperior
|-damage|p1a: Serperior|12/100 tox
|
|-weather|SunnyDay|[upkeep]
|-damage|p1a: Serperior|0 fnt|[from] psn
|faint|p1a: Serperior
|upkeep
|
|t:|1776063124
|switch|p1a: Dragapult|Dragapult, M|100/100
|turn|18
|
|t:|1776063128
|move|p1a: Dragapult|Dragon Darts|p2a: Blissey
|-damage|p2a: Blissey|0 fnt
|faint|p2a: Blissey
|-damage|p1a: Dragapult|91/100|[from] item: Life Orb
|
|-weather|SunnyDay|[upkeep]
|upkeep
|
|t:|1776063130
|switch|p2a: Espeon|Espeon, F, shiny|100/100
|turn|19
|
|t:|1776063132
|move|p1a: Dragapult|Shadow Ball|p2a: Espeon
|-supereffective|p2a: Espeon
|-damage|p2a: Espeon|0 fnt
|faint|p2a: Espeon
|-damage|p1a: Dragapult|81/100|[from] item: Life Orb
|
|win|zonix14
|raw|zonix14's rating: 1277 &rarr; <strong>1299</strong><br />(+22 for winning)
|raw|RadiantSol's rating: 1237 &rarr; <strong>1215</strong><br />(-22 for losing)
|l|‽RadiantSol
|player|p2|
|l|☆zonix14
|player|p1|
