|html|<div class="broadcast-blue"><strong>[Gen 9] OU is currently suspecting Tera Blast! For information on how to participate check out the <a href="https://www.smogon.com/tools/suspects/view/200">suspect thread</a>.</strong></div>
|j|☆chiapanco
|j|☆policyholder
|t:|1776277269
|gametype|singles
|player|p1|chiapanco|266|1314
|player|p2|policyholder|lance-gen2|1451
|gen|9
|tier|[Gen 9] OU
|rated|
|rule|HP Percentage Mod: HP is shown in percentages
|rule|Endless Battle Clause: Forcing endless battles is banned
|rule|Species Clause: Limit one of each Pokémon
|rule|OHKO Clause: OHKO moves are banned
|rule|Evasion Items Clause: Evasion items are banned
|rule|Evasion Moves Clause: Evasion moves are banned
|rule|Evasion Abilities Clause: Evasion abilities are banned
|rule|Sleep Moves Clause: Sleep-inducing moves are banned
|clearpoke
|poke|p1|Alomomola, L99, M|
|poke|p1|Ogerpon-Wellspring, F|
|poke|p1|Raging Bolt|
|poke|p1|Pecharunt|
|poke|p1|Enamorus, F|
|poke|p1|Great Tusk|
|poke|p2|Volcanion|
|poke|p2|Great Tusk|
|poke|p2|Iron Crown|
|poke|p2|Weavile, F|
|poke|p2|Clodsire, F|
|poke|p2|Dragonite, M|
|teampreview
|
|t:|1776277284
|teamsize|p1|6
|teamsize|p2|6
|start
|switch|p1a: Alomomola|Alomomola, L99, M|100/100
|switch|p2a: Iron Crown|Iron Crown|100/100
|turn|1
|
|t:|1776277288
|move|p2a: Iron Crown|Volt Switch|p1a: Alomomola
|-supereffective|p1a: Alomomola
|-damage|p1a: Alomomola|52/100
|
|t:|1776277292
|-end|p2a: Iron Crown|Quark Drive|[silent]
|switch|p2a: Weavile|Weavile, F|100/100|[from] Volt Switch
|-ability|p2a: Weavile|Pressure
|move|p1a: Alomomola|Flip Turn|p2a: Weavile
|-damage|p2a: Weavile|71/100
|
|t:|1776277294
|switch|p1a: Enamorus|Enamorus, F|100/100|[from] Flip Turn
|
|upkeep
|turn|2
|
|t:|1776277307
|switch|p2a: Clodsire|Clodsire, F|100/100
|move|p1a: Enamorus|Mystical Fire|p2a: Clodsire
|-damage|p2a: Clodsire|81/100
|-unboost|p2a: Clodsire|spa|1
|
|upkeep
|turn|3
|
|t:|1776277321
|switch|p1a: Alomomola|Alomomola, L99, M|85/100
|move|p2a: Clodsire|Toxic|p1a: Alomomola
|-status|p1a: Alomomola|tox
|
|-damage|p1a: Alomomola|79/100 tox|[from] psn
|upkeep
|turn|4
|
|t:|1776277327
|switch|p2a: Iron Crown|Iron Crown|100/100
|move|p1a: Alomomola|Flip Turn|p2a: Iron Crown
|-damage|p2a: Iron Crown|85/100
|
|t:|1776277333
|switch|p1a: Raging Bolt|Raging Bolt|100/100|[from] Flip Turn
|-enditem|p1a: Raging Bolt|Booster Energy
|-activate|p1a: Raging Bolt|ability: Protosynthesis|[fromitem]
|-start|p1a: Raging Bolt|protosynthesisspa
|
|upkeep
|turn|5
|
|t:|1776277342
|move|p2a: Iron Crown|Psychic Noise|p1a: Raging Bolt
|-damage|p1a: Raging Bolt|49/100
|-start|p1a: Raging Bolt|move: Heal Block
|move|p1a: Raging Bolt|Dragon Pulse|p2a: Iron Crown
|-resisted|p2a: Iron Crown
|-damage|p2a: Iron Crown|52/100
|
|upkeep
|turn|6
|
|t:|1776277350
|move|p1a: Raging Bolt|Thunderclap|p2a: Iron Crown
|-damage|p2a: Iron Crown|0 fnt
|faint|p2a: Iron Crown
|-end|p2a: Iron Crown|Quark Drive|[silent]
|
|-end|p1a: Raging Bolt|move: Heal Block
|upkeep
|
|t:|1776277357
|switch|p2a: Great Tusk|Great Tusk|100/100
|turn|7
|
|t:|1776277365
|-end|p1a: Raging Bolt|Protosynthesis|[silent]
|switch|p1a: Enamorus|Enamorus, F|100/100
|move|p2a: Great Tusk|Ice Spinner|p1a: Enamorus
|-supereffective|p1a: Enamorus
|-damage|p1a: Enamorus|19/100
|
|upkeep
|turn|8
|
|t:|1776277376
|-end|p2a: Great Tusk|Protosynthesis|[silent]
|switch|p2a: Clodsire|Clodsire, F|81/100
|move|p1a: Enamorus|Moonblast|p2a: Clodsire
|-resisted|p2a: Clodsire
|-damage|p2a: Clodsire|64/100
|-unboost|p2a: Clodsire|spa|1
|
|upkeep
|turn|9
|
|t:|1776277382
|switch|p1a: Alomomola|Alomomola, L99, M|100/100 tox
|move|p2a: Clodsire|Recover|p2a: Clodsire
|-heal|p2a: Clodsire|100/100
|
|-damage|p1a: Alomomola|94/100 tox|[from] psn
|upkeep
|turn|10
|
|t:|1776277386
|move|p1a: Alomomola|Flip Turn|p2a: Clodsire
|-supereffective|p2a: Clodsire
|-damage|p2a: Clodsire|76/100
|-damage|p1a: Alomomola|78/100 tox|[from] item: Rocky Helmet|[of] p2a: Clodsire
|
|t:|1776277391
|switch|p1a: Great Tusk|Great Tusk|100/100|[from] Flip Turn
|move|p2a: Clodsire|Counter|p1a: Great Tusk
|-damage|p1a: Great Tusk|48/100
|
|upkeep
|turn|11
|
|t:|1776277397
|switch|p2a: Great Tusk|Great Tusk|100/100
|move|p1a: Great Tusk|Rapid Spin|p2a: Great Tusk
|-damage|p2a: Great Tusk|89/100
|-boost|p1a: Great Tusk|spe|1
|
|upkeep
|turn|12
|
|t:|1776277403
|move|p1a: Great Tusk|Ice Spinner|p2a: Great Tusk
|-supereffective|p2a: Great Tusk
|-damage|p2a: Great Tusk|54/100
|move|p2a: Great Tusk|Stealth Rock|p1a: Great Tusk
|-sidestart|p1: chiapanco|move: Stealth Rock
|
|upkeep
|turn|13
|
|t:|1776277412
|move|p1a: Great Tusk|Rapid Spin|p2a: Great Tusk
|-crit|p2a: Great Tusk
|-damage|p2a: Great Tusk|39/100
|-boost|p1a: Great Tusk|spe|1
|-sideend|p1: chiapanco|Stealth Rock|[from] move: Rapid Spin|[of] p1a: Great Tusk
|move|p2a: Great Tusk|Ice Spinner|p1a: Great Tusk
|-supereffective|p1a: Great Tusk
|-damage|p1a: Great Tusk|11/100
|
|upkeep
|turn|14
|
|t:|1776277425
|-end|p1a: Great Tusk|Protosynthesis|[silent]
|switch|p1a: Alomomola|Alomomola, L99, M|100/100 tox
|-end|p2a: Great Tusk|Protosynthesis|[silent]
|switch|p2a: Clodsire|Clodsire, F|76/100
|
|-damage|p1a: Alomomola|94/100 tox|[from] psn
|upkeep
|turn|15
|
|t:|1776277429
|move|p1a: Alomomola|Flip Turn|p2a: Clodsire
|-supereffective|p2a: Clodsire
|-damage|p2a: Clodsire|51/100
|-damage|p1a: Alomomola|78/100 tox|[from] item: Rocky Helmet|[of] p2a: Clodsire
|
|t:|1776277432
|switch|p1a: Pecharunt|Pecharunt|100/100|[from] Flip Turn
|move|p2a: Clodsire|Earthquake|p1a: Pecharunt
|-supereffective|p1a: Pecharunt
|-damage|p1a: Pecharunt|73/100
|
|-heal|p1a: Pecharunt|79/100|[from] item: Leftovers
|upkeep
|turn|16
|
|t:|1776277435
|move|p1a: Pecharunt|Parting Shot|p2a: Clodsire
|-unboost|p2a: Clodsire|atk|1
|-unboost|p2a: Clodsire|spa|1
|
|t:|1776277437
|switch|p1a: Great Tusk|Great Tusk|11/100|[from] Parting Shot
|move|p2a: Clodsire|Recover|p2a: Clodsire
|-heal|p2a: Clodsire|100/100
|
|upkeep
|turn|17
|
|t:|1776277444
|move|p1a: Great Tusk|Headlong Rush|p2a: Clodsire
|-supereffective|p2a: Clodsire
|-damage|p2a: Clodsire|28/100
|-unboost|p1a: Great Tusk|def|1
|-unboost|p1a: Great Tusk|spd|1
|-damage|p1a: Great Tusk|0 fnt|[from] item: Rocky Helmet|[of] p2a: Clodsire
|faint|p1a: Great Tusk
|-end|p1a: Great Tusk|Protosynthesis|[silent]
|move|p2a: Clodsire|Earthquake|p1: Great Tusk|[notarget]
|-fail|p2a: Clodsire
|
|upkeep
|
|t:|1776277449
|switch|p1a: Ogerpon|Ogerpon-Wellspring, F|100/100
|turn|18
|
|t:|1776277454
|switch|p2a: Volcanion|Volcanion|100/100
|move|p1a: Ogerpon|Power Whip|p2a: Volcanion
|-damage|p2a: Volcanion|46/100
|
|upkeep
|turn|19
|
|t:|1776277459
|move|p1a: Ogerpon|Power Whip|p2a: Volcanion|[miss]
|-miss|p1a: Ogerpon|p2a: Volcanion
|move|p2a: Volcanion|Sludge Bomb|p1a: Ogerpon
|-supereffective|p1a: Ogerpon
|-damage|p1a: Ogerpon|20/100
|-status|p1a: Ogerpon|psn
|
|-damage|p1a: Ogerpon|7/100 psn|[from] psn
|upkeep
|turn|20
|c|☆chiapanco|what theeee fuck dudee
|
|t:|1776277468
|switch|p1a: Pecharunt|Pecharunt|79/100
|switch|p2a: Clodsire|Clodsire, F|28/100
|
|-heal|p1a: Pecharunt|85/100|[from] item: Leftovers
|upkeep
|turn|21
|
|t:|1776277471
|move|p1a: Pecharunt|Shadow Ball|p2a: Clodsire
|-damage|p2a: Clodsire|10/100
|move|p2a: Clodsire|Recover|p2a: Clodsire
|-heal|p2a: Clodsire|60/100
|
|-heal|p1a: Pecharunt|91/100|[from] item: Leftovers
|upkeep
|turn|22
|
|t:|1776277476
|move|p1a: Pecharunt|Shadow Ball|p2a: Clodsire
|-damage|p2a: Clodsire|43/100
|move|p2a: Clodsire|Recover|p2a: Clodsire
|-heal|p2a: Clodsire|93/100
|
|-heal|p1a: Pecharunt|97/100|[from] item: Leftovers
|upkeep
|turn|23
|
|t:|1776277479
|move|p1a: Pecharunt|Shadow Ball|p2a: Clodsire
|-damage|p2a: Clodsire|73/100
|move|p2a: Clodsire|Earthquake|p1a: Pecharunt
|-supereffective|p1a: Pecharunt
|-damage|p1a: Pecharunt|69/100
|
|-heal|p1a: Pecharunt|76/100|[from] item: Leftovers
|upkeep
|turn|24
|
|t:|1776277482
|move|p1a: Pecharunt|Shadow Ball|p2a: Clodsire
|-damage|p2a: Clodsire|56/100
|move|p2a: Clodsire|Earthquake|p1a: Pecharunt
|-supereffective|p1a: Pecharunt
|-damage|p1a: Pecharunt|49/100
|
|-heal|p1a: Pecharunt|56/100|[from] item: Leftovers
|upkeep
|turn|25
|
|t:|1776277485
|move|p1a: Pecharunt|Shadow Ball|p2a: Clodsire
|-damage|p2a: Clodsire|38/100
|move|p2a: Clodsire|Recover|p2a: Clodsire
|-heal|p2a: Clodsire|88/100
|
|-heal|p1a: Pecharunt|62/100|[from] item: Leftovers
|upkeep
|turn|26
|
|t:|1776277488
|switch|p2a: Volcanion|Volcanion|46/100
|move|p1a: Pecharunt|Shadow Ball|p2a: Volcanion
|-damage|p2a: Volcanion|28/100
|
|-heal|p1a: Pecharunt|68/100|[from] item: Leftovers
|upkeep
|turn|27
|
|t:|1776277493
|move|p1a: Pecharunt|Malignant Chain|p2a: Volcanion
|-damage|p2a: Volcanion|7/100
|-status|p2a: Volcanion|tox
|-start|p2a: Volcanion|confusion|[from] ability: Poison Puppeteer|[of] p1a: Pecharunt
|-activate|p2a: Volcanion|confusion
|move|p2a: Volcanion|Steam Eruption|p1a: Pecharunt
|-damage|p1a: Pecharunt|9/100
|
|-heal|p1a: Pecharunt|15/100|[from] item: Leftovers
|-damage|p2a: Volcanion|0 fnt|[from] psn
|faint|p2a: Volcanion
|upkeep
|
|t:|1776277518
|switch|p2a: Great Tusk|Great Tusk|39/100
|turn|28
|
|t:|1776277525
|move|p2a: Great Tusk|Headlong Rush|p1a: Pecharunt
|-supereffective|p1a: Pecharunt
|-damage|p1a: Pecharunt|0 fnt
|-unboost|p2a: Great Tusk|def|1
|-unboost|p2a: Great Tusk|spd|1
|faint|p1a: Pecharunt
|
|upkeep
|
|t:|1776277535
|switch|p1a: Enamorus|Enamorus, F|19/100
|turn|29
|
|t:|1776277542
|-end|p2a: Great Tusk|Protosynthesis|[silent]
|switch|p2a: Clodsire|Clodsire, F|88/100
|move|p1a: Enamorus|Earth Power|p2a: Clodsire
|-supereffective|p2a: Clodsire
|-damage|p2a: Clodsire|39/100
|
|upkeep
|turn|30
|
|t:|1776277547
|switch|p1a: Alomomola|Alomomola, L99, M|100/100 tox
|switch|p2a: Dragonite|Dragonite, M|100/100
|
|-damage|p1a: Alomomola|94/100 tox|[from] psn
|upkeep
|turn|31
|
|t:|1776277554
|switch|p2a: Clodsire|Clodsire, F|39/100
|move|p1a: Alomomola|Flip Turn|p2a: Clodsire
|-supereffective|p2a: Clodsire
|-damage|p2a: Clodsire|15/100
|-damage|p1a: Alomomola|78/100 tox|[from] item: Rocky Helmet|[of] p2a: Clodsire
|
|t:|1776277559
|switch|p1a: Enamorus|Enamorus, F|19/100|[from] Flip Turn
|
|upkeep
|turn|32
|
|t:|1776277563
|move|p1a: Enamorus|Moonblast|p2a: Clodsire
|-resisted|p2a: Clodsire
|-damage|p2a: Clodsire|0 fnt
|faint|p2a: Clodsire
|
|upkeep
|
|t:|1776277567
|switch|p2a: Weavile|Weavile, F|71/100
|-ability|p2a: Weavile|Pressure
|turn|33
|
|t:|1776277574
|switch|p1a: Alomomola|Alomomola, L99, M|100/100 tox
|move|p2a: Weavile|Ice Shard|p1a: Alomomola
|-resisted|p1a: Alomomola
|-damage|p1a: Alomomola|88/100 tox
|
|-damage|p1a: Alomomola|82/100 tox|[from] psn
|upkeep
|turn|34
|
|t:|1776277578
|switch|p2a: Great Tusk|Great Tusk|39/100
|move|p1a: Alomomola|Flip Turn|p2a: Great Tusk
|-supereffective|p2a: Great Tusk
|-damage|p2a: Great Tusk|17/100
|
|t:|1776277581
|switch|p1a: Enamorus|Enamorus, F|19/100|[from] Flip Turn
|
|upkeep
|turn|35
|
|t:|1776277586
|move|p1a: Enamorus|Moonblast|p2a: Great Tusk
|-supereffective|p2a: Great Tusk
|-damage|p2a: Great Tusk|0 fnt
|faint|p2a: Great Tusk
|-end|p2a: Great Tusk|Protosynthesis|[silent]
|
|upkeep
|
|t:|1776277592
|switch|p2a: Weavile|Weavile, F|71/100
|-ability|p2a: Weavile|Pressure
|turn|36
|
|t:|1776277599
|switch|p1a: Alomomola|Alomomola, L99, M|100/100 tox
|move|p2a: Weavile|Ice Shard|p1a: Alomomola
|-resisted|p1a: Alomomola
|-damage|p1a: Alomomola|90/100 tox
|
|-damage|p1a: Alomomola|83/100 tox|[from] psn
|upkeep
|turn|37
|
|t:|1776277602
|switch|p2a: Dragonite|Dragonite, M|100/100
|move|p1a: Alomomola|Wish|p1a: Alomomola
|
|-damage|p1a: Alomomola|71/100 tox|[from] psn
|upkeep
|turn|38
|
|t:|1776277622
|switch|p2a: Weavile|Weavile, F|71/100
|-ability|p2a: Weavile|Pressure
|move|p1a: Alomomola|Flip Turn|p2a: Weavile
|-damage|p2a: Weavile|42/100
|
|t:|1776277626
|switch|p1a: Ogerpon|Ogerpon-Wellspring, F|7/100 psn|[from] Flip Turn
|
|-heal|p1a: Ogerpon|95/100 psn|[from] move: Wish|[wisher] Alomomola
|-damage|p1a: Ogerpon|83/100 psn|[from] psn
|upkeep
|turn|39
|
|t:|1776277630
|move|p2a: Weavile|Triple Axel|p1a: Ogerpon
|-damage|p1a: Ogerpon|64/100 psn
|-damage|p1a: Ogerpon|28/100 psn
|-hitcount|p1a: Ogerpon|2
|move|p1a: Ogerpon|Ivy Cudgel|p2a: Weavile|[anim] Ivy Cudgel Water
|-damage|p2a: Weavile|0 fnt
|faint|p2a: Weavile
|
|-damage|p1a: Ogerpon|16/100 psn|[from] psn
|upkeep
|
|t:|1776277636
|switch|p2a: Dragonite|Dragonite, M|100/100
|turn|40
|
|t:|1776277639
|move|p1a: Ogerpon|Play Rough|p2a: Dragonite
|-supereffective|p2a: Dragonite
|-damage|p2a: Dragonite|61/100
|move|p2a: Dragonite|Dragon Dance|p2a: Dragonite
|-boost|p2a: Dragonite|atk|1
|-boost|p2a: Dragonite|spe|1
|
|-damage|p1a: Ogerpon|3/100 psn|[from] psn
|upkeep
|turn|41
|
|t:|1776277663
|-terastallize|p2a: Dragonite|Fairy
|move|p2a: Dragonite|Roost|p2a: Dragonite
|-heal|p2a: Dragonite|100/100
|move|p1a: Ogerpon|Play Rough|p2a: Dragonite
|-crit|p2a: Dragonite
|-damage|p2a: Dragonite|72/100
|
|-damage|p1a: Ogerpon|0 fnt|[from] psn
|faint|p1a: Ogerpon
|upkeep
|
|t:|1776277668
|switch|p1a: Alomomola|Alomomola, L99, M|100/100 tox
|turn|42
|
|t:|1776277672
|move|p2a: Dragonite|Dragon Dance|p2a: Dragonite
|-boost|p2a: Dragonite|atk|1
|-boost|p2a: Dragonite|spe|1
|move|p1a: Alomomola|Wish|p1a: Alomomola
|
|-damage|p1a: Alomomola|94/100 tox|[from] psn
|upkeep
|turn|43
|
|t:|1776277686
|move|p2a: Dragonite|Dragon Dance|p2a: Dragonite
|-boost|p2a: Dragonite|atk|1
|-boost|p2a: Dragonite|spe|1
|move|p1a: Alomomola|Flip Turn|p2a: Dragonite
|-damage|p2a: Dragonite|52/100
|
|t:|1776277690
|switch|p1a: Raging Bolt|Raging Bolt|49/100|[from] Flip Turn
|
|-heal|p1a: Raging Bolt|100/100|[from] move: Wish|[wisher] Alomomola
|upkeep
|turn|44
|
|t:|1776277694
|move|p2a: Dragonite|Roost|p2a: Dragonite
|-heal|p2a: Dragonite|100/100
|move|p1a: Raging Bolt|Thunderbolt|p2a: Dragonite
|-damage|p2a: Dragonite|73/100
|
|upkeep
|turn|45
|
|t:|1776277700
|move|p2a: Dragonite|Tera Blast|p1a: Raging Bolt|[anim] Tera Blast Fairy
|-supereffective|p1a: Raging Bolt
|-damage|p1a: Raging Bolt|0 fnt
|faint|p1a: Raging Bolt
|-end|p1a: Raging Bolt|Protosynthesis|[silent]
|
|upkeep
|
|t:|1776277705
|switch|p1a: Alomomola|Alomomola, L99, M|100/100 tox
|turn|46
|l|☆chiapanco
|player|p1|
|inactive|Battle timer is ON: inactive players will automatically lose when time's up. (requested by policyholder)
|inactive|chiapanco has 30 seconds to reconnect!
|c|☆policyholder|scrub
|inactive|chiapanco has 20 seconds to reconnect!
|inactive|chiapanco has 15 seconds to reconnect!
|inactive|chiapanco has 10 seconds to reconnect!
|inactive|chiapanco has 5 seconds to reconnect!
|-message|chiapanco lost due to inactivity.
|
|win|policyholder
|raw|chiapanco's rating: 1314 &rarr; <strong>1302</strong><br />(-12 for losing)
|raw|policyholder's rating: 1451 &rarr; <strong>1463</strong><br />(+12 for winning)
