|html|<div class="broadcast-blue"><strong>[Gen 9] OU is currently suspecting Tera Blast! For information on how to participate check out the <a href="https://www.smogon.com/tools/suspects/view/200">suspect thread</a>.</strong></div>
|j|☆Aahuti
|j|☆Kochu_shak
|inactive|Battle timer is ON: inactive players will automatically lose when time's up.
|t:|1776181882
|gametype|singles
|player|p1|Aahuti|101|
|player|p2|Kochu_shak|morty-masters2|
|gen|9
|tier|[Gen 9] OU
|rated|Tournament battle
|rule|HP Percentage Mod: HP is shown in percentages
|rule|Endless Battle Clause: Forcing endless battles is banned
|rule|Species Clause: Limit one of each Pokémon
|rule|OHKO Clause: OHKO moves are banned
|rule|Evasion Items Clause: Evasion items are banned
|rule|Evasion Moves Clause: Evasion moves are banned
|rule|Evasion Abilities Clause: Evasion abilities are banned
|rule|Sleep Moves Clause: Sleep-inducing moves are banned
|clearpoke
|poke|p1|Raging Bolt|
|poke|p1|Darkrai|
|poke|p1|Ogerpon-Wellspring, F|
|poke|p1|Zamazenta-*|
|poke|p1|Iron Moth|
|poke|p1|Landorus-Therian, M|
|poke|p2|Araquanid, F|
|poke|p2|Gholdengo|
|poke|p2|Iron Moth|
|poke|p2|Iron Valiant|
|poke|p2|Raging Bolt|
|poke|p2|Kingambit, F|
|teampreview
|j|*PartProfessor
|j|*PartBot
|c|*PartProfessor|G'luck!
|l|*PartProfessor
|inactive|Kochu_shak also wants the timer to be on.
|c|*PartBot|Good luck!
|
|t:|1776181886
|teamsize|p1|6
|teamsize|p2|6
|start
|switch|p1a: M Y . L I F E|Landorus-Therian, M|100/100
|switch|p2a: QUIL|Araquanid, F|100/100
|-ability|p1a: M Y . L I F E|Intimidate|boost
|-unboost|p2a: QUIL|atk|1
|turn|1
|l|*PartBot
|
|t:|1776181893
|move|p1a: M Y . L I F E|Taunt|p2a: QUIL
|-start|p2a: QUIL|move: Taunt
|cant|p2a: QUIL|move: Taunt|Sticky Web
|
|upkeep
|turn|2
|
|t:|1776181900
|move|p1a: M Y . L I F E|Stealth Rock|p2a: QUIL
|-sidestart|p2: Kochu_shak|move: Stealth Rock
|move|p2a: QUIL|Surf|p1a: M Y . L I F E
|-supereffective|p1a: M Y . L I F E
|-damage|p1a: M Y . L I F E|21/100
|
|upkeep
|turn|3
|
|t:|1776181908
|move|p1a: M Y . L I F E|Earth Power|p2a: QUIL
|-resisted|p2a: QUIL
|-damage|p2a: QUIL|90/100
|move|p2a: QUIL|Surf|p1a: M Y . L I F E
|-supereffective|p1a: M Y . L I F E
|-damage|p1a: M Y . L I F E|0 fnt
|faint|p1a: M Y . L I F E
|
|-end|p2a: QUIL|move: Taunt
|upkeep
|
|t:|1776181922
|switch|p1a: ASTROTHUNDER|Ogerpon-Wellspring, F|100/100
|turn|4
|
|t:|1776181930
|move|p1a: ASTROTHUNDER|Trailblaze|p2a: QUIL
|-damage|p2a: QUIL|62/100
|-boost|p1a: ASTROTHUNDER|spe|1
|move|p2a: QUIL|Sticky Web|p1a: ASTROTHUNDER
|-sidestart|p1: Aahuti|move: Sticky Web
|
|upkeep
|turn|5
|
|t:|1776181935
|move|p1a: ASTROTHUNDER|Swords Dance|p1a: ASTROTHUNDER
|-boost|p1a: ASTROTHUNDER|atk|2
|move|p2a: QUIL|Lunge|p1a: ASTROTHUNDER
|-supereffective|p1a: ASTROTHUNDER
|-damage|p1a: ASTROTHUNDER|65/100
|-unboost|p1a: ASTROTHUNDER|atk|1
|
|upkeep
|turn|6
|
|t:|1776181940
|move|p1a: ASTROTHUNDER|Play Rough|p2a: QUIL
|-damage|p2a: QUIL|12/100
|move|p2a: QUIL|Lunge|p1a: ASTROTHUNDER
|-supereffective|p1a: ASTROTHUNDER
|-damage|p1a: ASTROTHUNDER|26/100
|-unboost|p1a: ASTROTHUNDER|atk|1
|
|upkeep
|turn|7
|inactive|Kochu_shak has 120 seconds left.
|l|☆Kochu_shak
|inactive|Kochu_shak disconnected and has a minute to reconnect!
|player|p2|
|inactive|Kochu_shak has 30 seconds to reconnect!
|inactive|Kochu_shak has 20 seconds to reconnect!
|inactive|Kochu_shak has 15 seconds to reconnect!
|inactive|Kochu_shak has 10 seconds to reconnect!
|inactive|Kochu_shak has 5 seconds to reconnect!
|j|☆Kochu_shak
|inactive|Kochu_shak reconnected and has 60 seconds left.
|player|p2|Kochu_shak|morty-masters2|
|-enditem|p2a: QUIL|Custap Berry|[eat]
|-activate|p2a: QUIL|item: Custap Berry|[consumed]
|
|t:|1776182038
|move|p2a: QUIL|Lunge|p1a: ASTROTHUNDER
|-supereffective|p1a: ASTROTHUNDER
|-damage|p1a: ASTROTHUNDER|0 fnt
|faint|p1a: ASTROTHUNDER
|
|upkeep
|
|t:|1776182045
|switch|p1a: FANCY|Iron Moth|100/100
|-activate|p1a: FANCY|move: Sticky Web
|-unboost|p1a: FANCY|spe|1
|-enditem|p1a: FANCY|Booster Energy
|-activate|p1a: FANCY|ability: Quark Drive|[fromitem]
|-start|p1a: FANCY|quarkdrivespa
|turn|8
|
|t:|1776182051
|move|p1a: FANCY|Fiery Dance|p2a: QUIL
|-damage|p2a: QUIL|0 fnt
|faint|p2a: QUIL
|
|upkeep
|inactive|Kochu_shak has 60 seconds left.
|
|t:|1776182062
|switch|p2a: CALA|Iron Moth|100/100
|-damage|p2a: CALA|76/100|[from] Stealth Rock
|-enditem|p2a: CALA|Booster Energy
|-activate|p2a: CALA|ability: Quark Drive|[fromitem]
|-start|p2a: CALA|quarkdrivespa
|turn|9
|
|t:|1776182066
|move|p2a: CALA|Fiery Dance|p1a: FANCY
|-resisted|p1a: FANCY
|-damage|p1a: FANCY|72/100
|-boost|p2a: CALA|spa|1
|move|p1a: FANCY|Fiery Dance|p2a: CALA
|-resisted|p2a: CALA
|-damage|p2a: CALA|48/100
|-boost|p1a: FANCY|spa|1
|
|upkeep
|turn|10
|
|t:|1776182076
|move|p2a: CALA|Fiery Dance|p1a: FANCY
|-resisted|p1a: FANCY
|-damage|p1a: FANCY|31/100
|move|p1a: FANCY|Sludge Wave|p2a: CALA
|-resisted|p2a: CALA
|-damage|p2a: CALA|0 fnt
|faint|p2a: CALA
|-end|p2a: CALA|Quark Drive|[silent]
|
|upkeep
|inactive|Kochu_shak has 60 seconds left.
|
|t:|1776182111
|switch|p2a: DELI|Raging Bolt|100/100
|-damage|p2a: DELI|88/100|[from] Stealth Rock
|-enditem|p2a: DELI|Booster Energy
|-activate|p2a: DELI|ability: Protosynthesis|[fromitem]
|-start|p2a: DELI|protosynthesisspa
|turn|11
|
|t:|1776182127
|move|p2a: DELI|Thunderbolt|p1a: FANCY
|-damage|p1a: FANCY|0 fnt
|faint|p1a: FANCY
|-end|p1a: FANCY|Quark Drive|[silent]
|
|upkeep
|
|t:|1776182141
|switch|p1a: STARS ALIGN|Zamazenta, shiny|100/100
|-activate|p1a: STARS ALIGN|move: Sticky Web
|-unboost|p1a: STARS ALIGN|spe|1
|-ability|p1a: STARS ALIGN|Dauntless Shield|boost
|-boost|p1a: STARS ALIGN|def|1
|turn|12
|inactive|Kochu_shak has 60 seconds left.
|l|☆Kochu_shak
|inactive|Kochu_shak disconnected and has a minute to reconnect!
|player|p2|
|j|☆Kochu_shak
|inactive|Kochu_shak reconnected and has 35 seconds left.
|player|p2|Kochu_shak|morty-masters2|
|inactive|Kochu_shak has 30 seconds left.
|
|t:|1776182186
|move|p2a: DELI|Thunderbolt|p1a: STARS ALIGN
|-damage|p1a: STARS ALIGN|32/100
|move|p1a: STARS ALIGN|Roar|p2a: DELI
|-end|p2a: DELI|Protosynthesis|[silent]
|drag|p2a: QUZZ|Iron Valiant|100/100
|-damage|p2a: QUZZ|94/100|[from] Stealth Rock
|-enditem|p2a: QUZZ|Booster Energy
|-activate|p2a: QUZZ|ability: Quark Drive|[fromitem]
|-start|p2a: QUZZ|quarkdrivespa
|
|-heal|p1a: STARS ALIGN|38/100|[from] item: Leftovers
|upkeep
|turn|13
|
|t:|1776182193
|move|p2a: QUZZ|Moonblast|p1a: STARS ALIGN
|-supereffective|p1a: STARS ALIGN
|-damage|p1a: STARS ALIGN|0 fnt
|faint|p1a: STARS ALIGN
|
|upkeep
|
|t:|1776182200
|switch|p1a: HEADLINES|Raging Bolt|100/100
|-activate|p1a: HEADLINES|move: Sticky Web
|-unboost|p1a: HEADLINES|spe|1
|-enditem|p1a: HEADLINES|Booster Energy
|-activate|p1a: HEADLINES|ability: Protosynthesis|[fromitem]
|-start|p1a: HEADLINES|protosynthesisspa
|turn|14
|
|t:|1776182214
|move|p2a: QUZZ|Moonblast|p1a: HEADLINES
|-supereffective|p1a: HEADLINES
|-damage|p1a: HEADLINES|0 fnt
|faint|p1a: HEADLINES
|-end|p1a: HEADLINES|Protosynthesis|[silent]
|
|upkeep
|
|t:|1776182216
|switch|p1a: SLAUGHTER|Darkrai, shiny|100/100
|-activate|p1a: SLAUGHTER|move: Sticky Web
|-unboost|p1a: SLAUGHTER|spe|1
|turn|15
|inactive|Kochu_shak has 60 seconds left.
|
|t:|1776182238
|-terastallize|p1a: SLAUGHTER|Ghost
|move|p2a: QUZZ|Moonblast|p1a: SLAUGHTER
|-damage|p1a: SLAUGHTER|18/100
|-unboost|p1a: SLAUGHTER|spa|1
|move|p1a: SLAUGHTER|Sludge Bomb|p2a: QUZZ
|-supereffective|p2a: QUZZ
|-damage|p2a: QUZZ|0 fnt
|faint|p2a: QUZZ
|-end|p2a: QUZZ|Quark Drive|[silent]
|-damage|p1a: SLAUGHTER|8/100|[from] item: Life Orb
|
|upkeep
|-message|Aahuti forfeited.
|
|win|Kochu_shak
|n|☆Aahuti|aahuti
|n|☆Kochu_shak|kochushak
