|html|<div class="broadcast-blue"><strong>[Gen 9] OU is currently suspecting Tera Blast! For information on how to participate check out the <a href="https://www.smogon.com/tools/suspects/view/200">suspect thread</a>.</strong></div>
|j|☆zapplabob
|j|☆Elite Four Ozzy
|t:|1776115724
|gametype|singles
|player|p1|zapplabob|skier|1561
|player|p2|Elite Four Ozzy|265|1470
|gen|9
|tier|[Gen 9] OU
|rated|
|rule|HP Percentage Mod: HP is shown in percentages
|rule|Endless Battle Clause: Forcing endless battles is banned
|rule|Species Clause: Limit one of each Pokémon
|rule|OHKO Clause: OHKO moves are banned
|rule|Evasion Items Clause: Evasion items are banned
|rule|Evasion Moves Clause: Evasion moves are banned
|rule|Evasion Abilities Clause: Evasion abilities are banned
|rule|Sleep Moves Clause: Sleep-inducing moves are banned
|clearpoke
|poke|p1|Skeledirge, M|
|poke|p1|Ogerpon-Wellspring, F|
|poke|p1|Dragapult, M|
|poke|p1|Weezing-Galar, F|
|poke|p1|Ting-Lu|
|poke|p1|Corviknight, M|
|poke|p2|Pelipper, M|
|poke|p2|Iron Treads|
|poke|p2|Raging Bolt|
|poke|p2|Overqwil, F|
|poke|p2|Greninja-*, M|
|poke|p2|Kingambit, M|
|teampreview
|
|t:|1776115739
|teamsize|p1|6
|teamsize|p2|6
|start
|switch|p1a: FUCK|Ogerpon-Wellspring, F|100/100
|switch|p2a: Iron Treads|Iron Treads|100/100
|turn|1
|
|t:|1776115751
|-end|p2a: Iron Treads|Quark Drive|[silent]
|switch|p2a: Raging Bolt|Raging Bolt|100/100
|move|p1a: FUCK|Spikes|p2a: Raging Bolt
|-sidestart|p2: Elite Four Ozzy|Spikes
|
|upkeep
|turn|2
|
|t:|1776115764
|switch|p1a: JIMS STEAKOUT|Ting-Lu, shiny|100/100
|-ability|p1a: JIMS STEAKOUT|Vessel of Ruin
|move|p2a: Raging Bolt|Draco Meteor|p1a: JIMS STEAKOUT|[miss]
|-miss|p2a: Raging Bolt|p1a: JIMS STEAKOUT
|
|upkeep
|turn|3
|
|t:|1776115774
|-end|p2a: Raging Bolt|Protosynthesis|[silent]
|switch|p2a: Pelipper|Pelipper, M|100/100
|-weather|RainDance|[from] ability: Drizzle|[of] p2a: Pelipper
|move|p1a: JIMS STEAKOUT|Stealth Rock|p2a: Pelipper
|-sidestart|p2: Elite Four Ozzy|move: Stealth Rock
|
|-weather|RainDance|[upkeep]
|upkeep
|turn|4
|
|t:|1776115786
|move|p1a: JIMS STEAKOUT|Throat Chop|p2a: Pelipper
|-damage|p2a: Pelipper|78/100
|-start|p2a: Pelipper|Throat Chop|[silent]
|move|p2a: Pelipper|Weather Ball|p1a: JIMS STEAKOUT
|-supereffective|p1a: JIMS STEAKOUT
|-damage|p1a: JIMS STEAKOUT|60/100
|
|-weather|RainDance|[upkeep]
|-heal|p1a: JIMS STEAKOUT|67/100|[from] item: Leftovers
|upkeep
|turn|5
|
|t:|1776115800
|switch|p1a: JETWIND JOHNSON|Dragapult, M|100/100
|move|p2a: Pelipper|Hurricane|p1a: JETWIND JOHNSON
|-damage|p1a: JETWIND JOHNSON|52/100
|
|-weather|RainDance|[upkeep]
|-end|p2a: Pelipper|Throat Chop|[silent]
|upkeep
|turn|6
|
|t:|1776115835
|switch|p2a: Kingambit|Kingambit, M|100/100
|-damage|p2a: Kingambit|88/100|[from] Spikes
|-damage|p2a: Kingambit|82/100|[from] Stealth Rock
|move|p1a: JETWIND JOHNSON|Draco Meteor|p2a: Kingambit
|-resisted|p2a: Kingambit
|-damage|p2a: Kingambit|31/100
|-unboost|p1a: JETWIND JOHNSON|spa|2
|
|-weather|RainDance|[upkeep]
|upkeep
|turn|7
|
|t:|1776115849
|switch|p1a: MONTY MOLE|Corviknight, M|100/100
|-ability|p1a: MONTY MOLE|Pressure
|move|p2a: Kingambit|Kowtow Cleave|p1a: MONTY MOLE
|-damage|p1a: MONTY MOLE|65/100
|-damage|p2a: Kingambit|15/100|[from] item: Rocky Helmet|[of] p1a: MONTY MOLE
|
|-weather|RainDance|[upkeep]
|upkeep
|turn|8
|
|t:|1776115857
|-end|p2a: Kingambit|fallenundefined|[silent]
|switch|p2a: Iron Treads|Iron Treads|100/100
|-damage|p2a: Iron Treads|88/100|[from] Spikes
|-damage|p2a: Iron Treads|85/100|[from] Stealth Rock
|move|p1a: MONTY MOLE|Body Press|p2a: Iron Treads
|-supereffective|p2a: Iron Treads
|-damage|p2a: Iron Treads|41/100
|-enditem|p2a: Iron Treads|Red Card|[of] p1a: MONTY MOLE
|drag|p1a: JIMS STEAKOUT|Ting-Lu, shiny|67/100
|-ability|p1a: JIMS STEAKOUT|Vessel of Ruin
|
|-weather|RainDance|[upkeep]
|-heal|p1a: JIMS STEAKOUT|73/100|[from] item: Leftovers
|upkeep
|turn|9
|
|t:|1776115869
|switch|p1a: JETWIND JOHNSON|Dragapult, M|52/100
|move|p2a: Iron Treads|Stealth Rock|p1a: JETWIND JOHNSON
|-sidestart|p1: zapplabob|move: Stealth Rock
|
|-weather|RainDance|[upkeep]
|upkeep
|turn|10
|
|t:|1776115875
|move|p1a: JETWIND JOHNSON|Shadow Ball|p2a: Iron Treads
|-damage|p2a: Iron Treads|0 fnt
|faint|p2a: Iron Treads
|-end|p2a: Iron Treads|Quark Drive|[silent]
|
|-weather|none
|upkeep
|inactive|Battle timer is ON: inactive players will automatically lose when time's up. (requested by zapplabob)
|
|t:|1776115915
|switch|p2a: Pelipper|Pelipper, M|78/100
|-damage|p2a: Pelipper|53/100|[from] Stealth Rock
|-weather|RainDance|[from] ability: Drizzle|[of] p2a: Pelipper
|turn|11
|
|t:|1776115928
|move|p1a: JETWIND JOHNSON|Shadow Ball|p2a: Pelipper
|-damage|p2a: Pelipper|0 fnt
|faint|p2a: Pelipper
|
|-weather|RainDance|[upkeep]
|upkeep
|
|t:|1776115932
|switch|p2a: Greninja|Greninja, M|100/100
|-damage|p2a: Greninja|88/100|[from] Spikes
|-damage|p2a: Greninja|76/100|[from] Stealth Rock
|turn|12
|
|t:|1776115942
|switch|p1a: JIMS STEAKOUT|Ting-Lu, shiny|73/100
|-damage|p1a: JIMS STEAKOUT|67/100|[from] Stealth Rock
|-ability|p1a: JIMS STEAKOUT|Vessel of Ruin
|move|p2a: Greninja|Dark Pulse|p1a: JIMS STEAKOUT
|-resisted|p1a: JIMS STEAKOUT
|-damage|p1a: JIMS STEAKOUT|57/100
|-damage|p2a: Greninja|66/100|[from] item: Life Orb
|
|-weather|RainDance|[upkeep]
|-heal|p1a: JIMS STEAKOUT|63/100|[from] item: Leftovers
|upkeep
|turn|13
|
|t:|1776115955
|move|p2a: Greninja|Hydro Pump|p1a: JIMS STEAKOUT
|-supereffective|p1a: JIMS STEAKOUT
|-damage|p1a: JIMS STEAKOUT|0 fnt
|faint|p1a: JIMS STEAKOUT
|-ability|p2a: Greninja|Battle Bond|boost
|-boost|p2a: Greninja|atk|1
|-boost|p2a: Greninja|spa|1
|-boost|p2a: Greninja|spe|1
|-activate|p2a: Greninja|ability: Battle Bond
|-damage|p2a: Greninja|56/100|[from] item: Life Orb
|
|-weather|RainDance|[upkeep]
|upkeep
|
|t:|1776115968
|switch|p1a: FUCK|Ogerpon-Wellspring, F|100/100
|-damage|p1a: FUCK|88/100|[from] Stealth Rock
|turn|14
|
|t:|1776115992
|-terastallize|p1a: FUCK|Water
|detailschange|p1a: FUCK|Ogerpon-Wellspring-Tera, F, tera:Water
|-ability|p1a: FUCK|Embody Aspect (Wellspring)|boost
|-boost|p1a: FUCK|spd|1
|move|p2a: Greninja|Dark Pulse|p1a: FUCK
|-damage|p1a: FUCK|42/100
|-damage|p2a: Greninja|46/100|[from] item: Life Orb
|move|p1a: FUCK|Ivy Cudgel|p2a: Greninja|[anim] Ivy Cudgel Water
|-resisted|p2a: Greninja
|-damage|p2a: Greninja|0 fnt
|faint|p2a: Greninja
|
|-weather|RainDance|[upkeep]
|upkeep
|
|t:|1776115998
|switch|p2a: Overqwil|Overqwil, F|100/100
|-damage|p2a: Overqwil|88/100|[from] Spikes
|-damage|p2a: Overqwil|76/100|[from] Stealth Rock
|turn|15
|inactive|zapplabob has 120 seconds left.
|
|t:|1776116031
|switch|p1a: "THE FONZ"|Weezing-Galar, F|100/100
|-ability|p1a: "THE FONZ"|Neutralizing Gas
|move|p2a: Overqwil|Gunk Shot|p1a: "THE FONZ"
|-damage|p1a: "THE FONZ"|39/100
|-damage|p2a: Overqwil|66/100|[from] item: Life Orb
|
|-weather|RainDance|[upkeep]
|upkeep
|turn|16
|inactive|zapplabob has 120 seconds left.
|inactive|zapplabob has 90 seconds left.
|
|t:|1776116087
|move|p2a: Overqwil|Liquidation|p1a: "THE FONZ"
|-damage|p1a: "THE FONZ"|0 fnt
|faint|p1a: "THE FONZ"
|-end|p1a: "THE FONZ"|ability: Neutralizing Gas
|-damage|p2a: Overqwil|56/100|[from] item: Life Orb
|
|-weather|RainDance|[upkeep]
|upkeep
|inactive|zapplabob has 90 seconds left.
|
|t:|1776116109
|switch|p1a: JETWIND JOHNSON|Dragapult, M|52/100
|-damage|p1a: JETWIND JOHNSON|40/100|[from] Stealth Rock
|turn|17
|
|t:|1776116121
|move|p2a: Overqwil|Gunk Shot|p1a: JETWIND JOHNSON|[miss]
|-miss|p2a: Overqwil|p1a: JETWIND JOHNSON
|move|p1a: JETWIND JOHNSON|Draco Meteor|p2a: Overqwil
|-damage|p2a: Overqwil|0 fnt
|-unboost|p1a: JETWIND JOHNSON|spa|2
|faint|p2a: Overqwil
|
|-weather|RainDance|[upkeep]
|upkeep
|
|t:|1776116125
|switch|p2a: Raging Bolt|Raging Bolt|100/100
|-damage|p2a: Raging Bolt|88/100|[from] Spikes
|-damage|p2a: Raging Bolt|76/100|[from] Stealth Rock
|turn|18
|
|t:|1776116134
|move|p1a: JETWIND JOHNSON|Draco Meteor|p2a: Raging Bolt
|-supereffective|p2a: Raging Bolt
|-damage|p2a: Raging Bolt|25/100
|-unboost|p1a: JETWIND JOHNSON|spa|2
|move|p2a: Raging Bolt|Thunder|p1a: JETWIND JOHNSON
|-resisted|p1a: JETWIND JOHNSON
|-damage|p1a: JETWIND JOHNSON|0 fnt
|faint|p1a: JETWIND JOHNSON
|
|-weather|none
|upkeep
|inactive|zapplabob has 90 seconds left.
|
|t:|1776116153
|switch|p1a: MARK RUFFALO|Skeledirge, M, shiny|100/100
|turn|19
|
|t:|1776116163
|move|p2a: Raging Bolt|Thunder|p1a: MARK RUFFALO
|-damage|p1a: MARK RUFFALO|54/100
|-status|p1a: MARK RUFFALO|par
|move|p1a: MARK RUFFALO|Earth Power|p2a: Raging Bolt
|-supereffective|p2a: Raging Bolt
|-damage|p2a: Raging Bolt|0 fnt
|faint|p2a: Raging Bolt
|-end|p2a: Raging Bolt|Protosynthesis|[silent]
|
|upkeep
|
|t:|1776116167
|switch|p2a: Kingambit|Kingambit, M|15/100
|-damage|p2a: Kingambit|3/100|[from] Spikes
|-damage|p2a: Kingambit|0 fnt|[from] Stealth Rock
|faint|p2a: Kingambit
|-end|p2a: Kingambit|fallenundefined|[silent]
|
|win|zapplabob
|raw|zapplabob's rating: 1561 &rarr; <strong>1576</strong><br />(+15 for winning)
|raw|Elite Four Ozzy's rating: 1470 &rarr; <strong>1455</strong><br />(-15 for losing)
|l|☆Elite Four Ozzy
|player|p2|
