|html|<div class="broadcast-blue"><strong>[Gen 9] OU is currently suspecting Tera Blast! For information on how to participate check out the <a href="https://www.smogon.com/tools/suspects/view/200">suspect thread</a>.</strong></div>
|j|☆tyrion -13-
|j|☆Kailisten7
|inactive|Battle timer is ON: inactive players will automatically lose when time's up.
|t:|1776339769
|gametype|singles
|player|p1|tyrion -13-|doctor|
|player|p2|Kailisten7|benga|
|gen|9
|tier|[Gen 9] OU
|rated|Tournament battle
|rule|HP Percentage Mod: HP is shown in percentages
|rule|Endless Battle Clause: Forcing endless battles is banned
|rule|Species Clause: Limit one of each Pokémon
|rule|OHKO Clause: OHKO moves are banned
|rule|Evasion Items Clause: Evasion items are banned
|rule|Evasion Moves Clause: Evasion moves are banned
|rule|Evasion Abilities Clause: Evasion abilities are banned
|rule|Sleep Moves Clause: Sleep-inducing moves are banned
|clearpoke
|poke|p1|Ninetales, F|
|poke|p1|Blaziken, F|
|poke|p1|Walking Wake|
|poke|p1|Whimsicott, F|
|poke|p1|Great Tusk|
|poke|p1|Iron Moth|
|poke|p2|Landorus-Therian, M|
|poke|p2|Zamazenta-*|
|poke|p2|Kingambit, F|
|poke|p2|Samurott-Hisui, M|
|poke|p2|Pecharunt|
|poke|p2|Hydreigon, F|
|teampreview
|j|*Lady Monita 
|
|t:|1776339789
|teamsize|p1|6
|teamsize|p2|6
|start
|switch|p1a: borutodad|Ninetales, F|100/100
|switch|p2a: Landorus|Landorus-Therian, M|100/100
|-weather|SunnyDay|[from] ability: Drought|[of] p1a: borutodad
|-ability|p2a: Landorus|Intimidate|boost
|-unboost|p1a: borutodad|atk|1
|turn|1
|j| realooos
|
|t:|1776339794
|move|p1a: borutodad|Overheat|p2a: Landorus
|-damage|p2a: Landorus|21/100
|-unboost|p1a: borutodad|spa|2
|move|p2a: Landorus|Stealth Rock|p1a: borutodad
|-sidestart|p1: tyrion -13-|move: Stealth Rock
|
|-weather|SunnyDay|[upkeep]
|upkeep
|turn|2
|
|t:|1776339799
|move|p1a: borutodad|Encore|p2a: Landorus
|-start|p2a: Landorus|Encore
|move|p2a: Landorus|Stealth Rock||[still]
|-fail|p2a: Landorus
|
|-weather|SunnyDay|[upkeep]
|upkeep
|turn|3
|
|t:|1776339805
|switch|p1a: Treevis Scott|Whimsicott, F|100/100
|-damage|p1a: Treevis Scott|88/100|[from] Stealth Rock
|switch|p2a: Samurott|Samurott-Hisui, M|100/100
|
|-weather|SunnyDay|[upkeep]
|upkeep
|turn|4
|
|t:|1776339810
|switch|p2a: Pecharunt|Pecharunt|100/100
|move|p1a: Treevis Scott|Growth|p1a: Treevis Scott
|-boost|p1a: Treevis Scott|atk|2
|-boost|p1a: Treevis Scott|spa|2
|
|-weather|SunnyDay|[upkeep]
|upkeep
|turn|5
|
|t:|1776339815
|move|p1a: Treevis Scott|Shadow Ball|p2a: Pecharunt
|-supereffective|p2a: Pecharunt
|-damage|p2a: Pecharunt|0 fnt
|faint|p2a: Pecharunt
|-damage|p1a: Treevis Scott|78/100|[from] item: Life Orb
|
|-weather|SunnyDay|[upkeep]
|upkeep
|j| koraidonsweep
|c|☆Kailisten7|chlorophyll?
|c| realooos|venusaur exists
|l| koraidonsweep
|
|t:|1776339837
|switch|p2a: Samurott|Samurott-Hisui, M|100/100
|turn|6
|
|t:|1776339851
|move|p1a: Treevis Scott|Moonblast|p2a: Samurott
|-supereffective|p2a: Samurott
|-damage|p2a: Samurott|0 fnt
|faint|p2a: Samurott
|-damage|p1a: Treevis Scott|69/100|[from] item: Life Orb
|
|-weather|SunnyDay|[upkeep]
|upkeep
|
|t:|1776339856
|switch|p2a: Hydreigon|Hydreigon, F|100/100
|turn|7
|
|t:|1776339869
|move|p1a: Treevis Scott|Shadow Ball|p2a: Hydreigon
|-resisted|p2a: Hydreigon
|-damage|p2a: Hydreigon|68/100
|-damage|p1a: Treevis Scott|59/100|[from] item: Life Orb
|move|p2a: Hydreigon|Flash Cannon|p1a: Treevis Scott
|-supereffective|p1a: Treevis Scott
|-damage|p1a: Treevis Scott|0 fnt
|faint|p1a: Treevis Scott
|
|-weather|SunnyDay|[upkeep]
|-heal|p2a: Hydreigon|74/100|[from] item: Leftovers
|upkeep
|c|☆Kailisten7|??????
|c| realooos|the choice of all time
|c|☆tyrion -13-|i assumed you had a plan or something
|
|t:|1776339892
|switch|p1a: kenshiro|Blaziken, F|100/100
|-damage|p1a: kenshiro|88/100|[from] Stealth Rock
|turn|8
|c|☆Kailisten7|eh doesnt matter im still dead
|
|t:|1776339897
|move|p2a: Hydreigon|Substitute|p2a: Hydreigon
|-start|p2a: Hydreigon|Substitute
|-damage|p2a: Hydreigon|49/100
|move|p1a: kenshiro|Swords Dance|p1a: kenshiro
|-boost|p1a: kenshiro|atk|2
|
|-weather|none
|-heal|p2a: Hydreigon|55/100|[from] item: Leftovers
|-heal|p1a: kenshiro|94/100|[from] item: Leftovers
|-ability|p1a: kenshiro|Speed Boost|boost
|-boost|p1a: kenshiro|spe|1
|upkeep
|turn|9
|
|t:|1776339899
|move|p1a: kenshiro|Flare Blitz|p2a: Hydreigon
|-resisted|p2a: Hydreigon
|-end|p2a: Hydreigon|Substitute
|-damage|p1a: kenshiro|85/100|[from] Recoil|[of] p2a: Hydreigon
|move|p2a: Hydreigon|Draco Meteor|p1a: kenshiro
|-damage|p1a: kenshiro|0 fnt
|-unboost|p2a: Hydreigon|spa|2
|faint|p1a: kenshiro
|
|-heal|p2a: Hydreigon|62/100|[from] item: Leftovers
|upkeep
|
|t:|1776339909
|switch|p1a: borutodad|Ninetales, F|100/100
|-damage|p1a: borutodad|76/100|[from] Stealth Rock
|-weather|SunnyDay|[from] ability: Drought|[of] p1a: borutodad
|turn|10
|
|t:|1776339916
|move|p1a: borutodad|Encore|p2a: Hydreigon
|-start|p2a: Hydreigon|Encore
|move|p2a: Hydreigon|Draco Meteor|p1a: borutodad
|-damage|p1a: borutodad|40/100
|-unboost|p2a: Hydreigon|spa|2
|
|-weather|SunnyDay|[upkeep]
|-heal|p2a: Hydreigon|68/100|[from] item: Leftovers
|upkeep
|turn|11
|c| realooos|or is he
|
|t:|1776339926
|switch|p1a: Kokushibo|Iron Moth|100/100
|-damage|p1a: Kokushibo|76/100|[from] Stealth Rock
|-enditem|p1a: Kokushibo|Booster Energy
|-activate|p1a: Kokushibo|ability: Quark Drive|[fromitem]
|-start|p1a: Kokushibo|quarkdrivespe
|move|p2a: Hydreigon|Draco Meteor|p1a: Kokushibo
|-damage|p1a: Kokushibo|55/100
|-unboost|p2a: Hydreigon|spa|2
|
|-weather|SunnyDay|[upkeep]
|-heal|p2a: Hydreigon|74/100|[from] item: Leftovers
|upkeep
|turn|12
|c|☆Kailisten7|bruh im not surviving this
|
|t:|1776339939
|switch|p2a: Zamazenta|Zamazenta|100/100
|-ability|p2a: Zamazenta|Dauntless Shield|boost
|-boost|p2a: Zamazenta|def|1
|move|p1a: Kokushibo|Fiery Dance|p2a: Zamazenta
|-damage|p2a: Zamazenta|44/100
|
|-weather|SunnyDay|[upkeep]
|upkeep
|turn|13
|j| soldierjackal20
|
|t:|1776339947
|move|p1a: Kokushibo|Fiery Dance|p2a: Zamazenta
|-damage|p2a: Zamazenta|0 fnt
|-boost|p1a: Kokushibo|spa|1
|faint|p2a: Zamazenta
|
|-weather|SunnyDay|[upkeep]
|upkeep
|
|t:|1776339952
|switch|p2a: Kingambit|Kingambit, F|100/100
|-activate|p2a: Kingambit|ability: Supreme Overlord
|-start|p2a: Kingambit|fallen3|[silent]
|turn|14
|
|t:|1776339960
|move|p2a: Kingambit|Sucker Punch|p1a: Kokushibo
|-damage|p1a: Kokushibo|0 fnt
|faint|p1a: Kokushibo
|-end|p1a: Kokushibo|Quark Drive|[silent]
|
|-weather|SunnyDay|[upkeep]
|upkeep
|
|t:|1776339973
|switch|p1a: Address Me|Great Tusk|100/100
|-damage|p1a: Address Me|98/100|[from] Stealth Rock
|-activate|p1a: Address Me|ability: Protosynthesis
|-start|p1a: Address Me|protosynthesisspe
|turn|15
|c|☆Kailisten7|my biggest mistake is stealth rock in front of ninetales
|
|t:|1776339985
|-end|p2a: Kingambit|fallen3|[silent]
|switch|p2a: Landorus|Landorus-Therian, M|21/100
|-ability|p2a: Landorus|Intimidate|boost
|-unboost|p1a: Address Me|atk|1
|move|p1a: Address Me|Headlong Rush|p2a: Landorus
|-immune|p2a: Landorus
|
|-weather|SunnyDay|[upkeep]
|upkeep
|turn|16
|j| Almirante Matthew
|j| Rockychamp
|
|t:|1776339993
|move|p1a: Address Me|Rapid Spin|p2a: Landorus
|-damage|p2a: Landorus|12/100
|-boost|p1a: Address Me|spe|1
|-damage|p1a: Address Me|81/100|[from] item: Rocky Helmet|[of] p2a: Landorus
|-sideend|p1: tyrion -13-|Stealth Rock|[from] move: Rapid Spin|[of] p1a: Address Me
|move|p2a: Landorus|Earthquake|p1a: Address Me
|-damage|p1a: Address Me|50/100
|
|-weather|SunnyDay|[upkeep]
|upkeep
|turn|17
|
|t:|1776340001
|move|p1a: Address Me|Ice Spinner|p2a: Landorus
|-supereffective|p2a: Landorus
|-damage|p2a: Landorus|0 fnt
|-damage|p1a: Address Me|33/100|[from] item: Rocky Helmet|[of] p2a: Landorus
|faint|p2a: Landorus
|
|-weather|none
|-end|p1a: Address Me|Protosynthesis
|upkeep
|
|t:|1776340009
|switch|p2a: Hydreigon|Hydreigon, F|74/100
|turn|18
|
|t:|1776340016
|move|p1a: Address Me|Ice Spinner|p2a: Hydreigon
|-supereffective|p2a: Hydreigon
|-damage|p2a: Hydreigon|41/100
|move|p2a: Hydreigon|Substitute|p2a: Hydreigon
|-start|p2a: Hydreigon|Substitute
|-damage|p2a: Hydreigon|16/100
|
|-heal|p2a: Hydreigon|22/100|[from] item: Leftovers
|upkeep
|turn|19
|l| Rockychamp
|j| koraidonsweep
|
|t:|1776340023
|-terastallize|p2a: Hydreigon|Steel
|move|p1a: Address Me|Ice Spinner|p2a: Hydreigon
|-resisted|p2a: Hydreigon
|-activate|p2a: Hydreigon|move: Substitute|[damage]
|move|p2a: Hydreigon|Nasty Plot|p2a: Hydreigon
|-boost|p2a: Hydreigon|spa|2
|
|-heal|p2a: Hydreigon|28/100|[from] item: Leftovers
|upkeep
|turn|20
|l| koraidonsweep
|
|t:|1776340027
|move|p1a: Address Me|Headlong Rush|p2a: Hydreigon
|-immune|p2a: Hydreigon|[from] ability: Levitate
|move|p2a: Hydreigon|Draco Meteor|p1a: Address Me
|-damage|p1a: Address Me|0 fnt
|-unboost|p2a: Hydreigon|spa|2
|faint|p1a: Address Me
|-end|p1a: Address Me|Protosynthesis|[silent]
|
|-heal|p2a: Hydreigon|35/100|[from] item: Leftovers
|upkeep
|
|t:|1776340031
|switch|p1a: borutodad|Ninetales, F|40/100
|-weather|SunnyDay|[from] ability: Drought|[of] p1a: borutodad
|turn|21
|
|t:|1776340035
|move|p1a: borutodad|Scorching Sands|p2a: Hydreigon
|-immune|p2a: Hydreigon|[from] ability: Levitate
|move|p2a: Hydreigon|Draco Meteor|p1a: borutodad
|-damage|p1a: borutodad|0 fnt
|-unboost|p2a: Hydreigon|spa|2
|faint|p1a: borutodad
|
|-weather|SunnyDay|[upkeep]
|-heal|p2a: Hydreigon|41/100|[from] item: Leftovers
|upkeep
|c| soldierjackal20|hopium on hydreigon rn
|c|☆tyrion -13-|man what am i clicking
|c|☆Kailisten7|?????
|
|t:|1776340045
|switch|p1a: Dubya|Walking Wake|100/100
|-activate|p1a: Dubya|ability: Protosynthesis
|-start|p1a: Dubya|protosynthesisspe
|turn|22
|
|t:|1776340049
|move|p1a: Dubya|Hydro Steam|p2a: Hydreigon
|-end|p2a: Hydreigon|Substitute
|move|p2a: Hydreigon|Draco Meteor|p1a: Dubya
|-supereffective|p1a: Dubya
|-damage|p1a: Dubya|55/100
|-unboost|p2a: Hydreigon|spa|2
|
|-weather|SunnyDay|[upkeep]
|-heal|p2a: Hydreigon|47/100|[from] item: Leftovers
|upkeep
|turn|23
|j| YANDANYEMIS14
|c| soldierjackal20|lol
|
|t:|1776340054
|move|p1a: Dubya|Hydro Steam|p2a: Hydreigon
|-damage|p2a: Hydreigon|0 fnt
|faint|p2a: Hydreigon
|
|-weather|SunnyDay|[upkeep]
|upkeep
|c| realooos|bro really sold
|
|t:|1776340057
|switch|p2a: Kingambit|Kingambit, F|100/100
|-activate|p2a: Kingambit|ability: Supreme Overlord
|-start|p2a: Kingambit|fallen5|[silent]
|turn|24
|c|☆Kailisten7|oh nah bruh
|
|t:|1776340068
|-terastallize|p1a: Dubya|Fairy
|move|p2a: Kingambit|Sucker Punch|p1a: Dubya
|-resisted|p1a: Dubya
|-damage|p1a: Dubya|27/100
|move|p1a: Dubya|Hydro Steam|p2a: Kingambit
|-damage|p2a: Kingambit|41/100
|
|-weather|SunnyDay|[upkeep]
|-heal|p2a: Kingambit|47/100|[from] item: Leftovers
|upkeep
|turn|25
|c|☆Kailisten7|im dead
|c|☆tyrion -13-|lets see
|
|t:|1776340079
|move|p2a: Kingambit|Sucker Punch|p1a: Dubya
|-resisted|p1a: Dubya
|-damage|p1a: Dubya|2/100
|move|p1a: Dubya|Hydro Steam|p2a: Kingambit
|-damage|p2a: Kingambit|0 fnt
|faint|p2a: Kingambit
|-end|p2a: Kingambit|fallen5|[silent]
|
|win|tyrion -13-
|n|☆tyrion -13-|tyrion13
|n|☆Kailisten7|kailisten7
|n|*Lady Monita |ladymonita
|n| realooos|realooos
|n| soldierjackal20|soldierjackal20
|n| Almirante Matthew|almirantematthew
|n| YANDANYEMIS14|yandanyemis14
