|html|<div class="broadcast-blue"><strong>[Gen 9] OU is currently suspecting Tera Blast! For information on how to participate check out the <a href="https://www.smogon.com/tools/suspects/view/200">suspect thread</a>.</strong></div>
|j|☆fluffal bear
|j|☆manyon
|t:|1776032597
|gametype|singles
|player|p1|fluffal bear|skier|1165
|player|p2|manyon|palmer|1196
|gen|9
|tier|[Gen 9] OU
|rated|
|rule|HP Percentage Mod: HP is shown in percentages
|rule|Endless Battle Clause: Forcing endless battles is banned
|rule|Species Clause: Limit one of each Pokémon
|rule|OHKO Clause: OHKO moves are banned
|rule|Evasion Items Clause: Evasion items are banned
|rule|Evasion Moves Clause: Evasion moves are banned
|rule|Evasion Abilities Clause: Evasion abilities are banned
|rule|Sleep Moves Clause: Sleep-inducing moves are banned
|clearpoke
|poke|p1|Iron Treads|
|poke|p1|Enamorus, F|
|poke|p1|Charjabug, F|
|poke|p1|Landorus-Therian, M|
|poke|p1|Rillaboom, F|
|poke|p1|Ninetales-Alola, F|
|poke|p2|Hatterene, F|
|poke|p2|Ursaluna, M|
|poke|p2|Porygon2|
|poke|p2|Cresselia, F|
|poke|p2|Iron Hands|
|poke|p2|Volcanion|
|teampreview
|inactive|Battle timer is ON: inactive players will automatically lose when time's up. (requested by fluffal bear)
|j| ohko_smeargle
|inactive|fluffal bear has 120 seconds left.
|
|t:|1776032635
|teamsize|p1|6
|teamsize|p2|6
|start
|switch|p1a: John|Rillaboom, F|100/100
|switch|p2a: Shizuku|Hatterene, F, shiny|100/100
|-fieldstart|move: Grassy Terrain|[from] ability: Grassy Surge|[of] p1a: John
|turn|1
|
|t:|1776032648
|-terastallize|p1a: John|Grass
|move|p1a: John|Wood Hammer|p2a: Shizuku
|-enditem|p2a: Shizuku|Focus Sash
|-damage|p2a: Shizuku|1/100
|-damage|p1a: John|70/100|[from] Recoil
|move|p2a: Shizuku|Trick Room|p2a: Shizuku
|-fieldstart|move: Trick Room|[of] p2a: Shizuku
|
|-heal|p2a: Shizuku|7/100|[from] Grassy Terrain
|-heal|p1a: John|76/100|[from] Grassy Terrain
|upkeep
|turn|2
|inactive|manyon has 120 seconds left.
|
|t:|1776032682
|move|p1a: John|Grassy Glide|p2a: Shizuku
|-damage|p2a: Shizuku|0 fnt
|faint|p2a: Shizuku
|
|-heal|p1a: John|82/100|[from] Grassy Terrain
|upkeep
|
|t:|1776032687
|switch|p2a: Franklin|Porygon2|100/100
|-ability|p2a: Franklin|Download|boost
|-boost|p2a: Franklin|spa|1
|turn|3
|
|t:|1776032698
|switch|p1a: Charge a Bug|Charjabug, F|100/100
|move|p2a: Franklin|Ice Beam|p1a: Charge a Bug
|-damage|p1a: Charge a Bug|59/100
|
|-heal|p1a: Charge a Bug|65/100|[from] Grassy Terrain
|upkeep
|turn|4
|
|t:|1776032712
|move|p1a: Charge a Bug|Skitter Smack|p2a: Franklin
|-damage|p2a: Franklin|87/100
|-unboost|p2a: Franklin|spa|1
|move|p2a: Franklin|Ice Beam|p1a: Charge a Bug
|-damage|p1a: Charge a Bug|39/100
|-status|p1a: Charge a Bug|frz
|
|-heal|p1a: Charge a Bug|45/100 frz|[from] Grassy Terrain
|-heal|p2a: Franklin|93/100|[from] Grassy Terrain
|upkeep
|turn|5
|
|t:|1776032722
|cant|p1a: Charge a Bug|frz
|move|p2a: Franklin|Ice Beam|p1a: Charge a Bug
|-damage|p1a: Charge a Bug|20/100 frz
|
|-heal|p1a: Charge a Bug|26/100 frz|[from] Grassy Terrain
|-heal|p2a: Franklin|99/100|[from] Grassy Terrain
|-fieldend|move: Trick Room
|-fieldend|move: Grassy Terrain
|upkeep
|turn|6
|
|t:|1776032727
|cant|p1a: Charge a Bug|frz
|move|p2a: Franklin|Trick Room|p2a: Franklin
|-fieldstart|move: Trick Room|[of] p2a: Franklin
|
|upkeep
|turn|7
|
|t:|1776032735
|cant|p1a: Charge a Bug|frz
|move|p2a: Franklin|Ice Beam|p1a: Charge a Bug
|-damage|p1a: Charge a Bug|0 fnt
|faint|p1a: Charge a Bug
|
|upkeep
|
|t:|1776032741
|switch|p1a: Ninetales|Ninetales-Alola, F|100/100
|-weather|Snowscape|[from] ability: Snow Warning|[of] p1a: Ninetales
|turn|8
|
|t:|1776032759
|switch|p2a: shalnark|Volcanion|100/100
|move|p1a: Ninetales|Aurora Veil|p1a: Ninetales
|-sidestart|p1: fluffal bear|move: Aurora Veil
|
|-weather|Snowscape|[upkeep]
|upkeep
|turn|9
|
|t:|1776032780
|switch|p1a: Land Aiolos|Landorus-Therian, M|100/100
|-ability|p1a: Land Aiolos|Intimidate|boost
|-unboost|p2a: shalnark|atk|1
|move|p2a: shalnark|Sludge Bomb|p1a: Land Aiolos
|-resisted|p1a: Land Aiolos
|-damage|p1a: Land Aiolos|84/100
|
|-weather|Snowscape|[upkeep]
|upkeep
|turn|10
|
|t:|1776032798
|switch|p2a: Franklin|Porygon2|99/100
|-ability|p2a: Franklin|Download|boost
|-boost|p2a: Franklin|spa|1
|move|p1a: Land Aiolos|U-turn|p2a: Franklin
|-damage|p2a: Franklin|72/100
|
|t:|1776032808
|switch|p1a: Ninetales|Ninetales-Alola, F|100/100|[from] U-turn
|
|-weather|Snowscape|[upkeep]
|-fieldend|move: Trick Room
|upkeep
|turn|11
|
|t:|1776032815
|move|p1a: Ninetales|Blizzard|p2a: Franklin
|-damage|p2a: Franklin|45/100
|move|p2a: Franklin|Trick Room|p2a: Franklin
|-fieldstart|move: Trick Room|[of] p2a: Franklin
|
|-weather|Snowscape|[upkeep]
|upkeep
|turn|12
|
|t:|1776032834
|switch|p2a: shalnark|Volcanion|100/100
|move|p1a: Ninetales|Blizzard|p2a: shalnark
|-resisted|p2a: shalnark
|-damage|p2a: shalnark|89/100
|-status|p2a: shalnark|frz
|
|-weather|none
|-sideend|p1: fluffal bear|move: Aurora Veil
|upkeep
|turn|13
|
|t:|1776032848
|switch|p1a: Treads of Iron|Iron Treads|100/100
|-enditem|p1a: Treads of Iron|Booster Energy
|-activate|p1a: Treads of Iron|ability: Quark Drive|[fromitem]
|-start|p1a: Treads of Iron|quarkdriveatk
|-curestatus|p2a: shalnark|frz|[from] move: Steam Eruption
|move|p2a: shalnark|Steam Eruption|p1a: Treads of Iron
|-supereffective|p1a: Treads of Iron
|-damage|p1a: Treads of Iron|0 fnt
|faint|p1a: Treads of Iron
|-end|p1a: Treads of Iron|Quark Drive|[silent]
|
|upkeep
|
|t:|1776032861
|switch|p1a: Land Aiolos|Landorus-Therian, M|84/100
|-ability|p1a: Land Aiolos|Intimidate|boost
|-unboost|p2a: shalnark|atk|1
|turn|14
|
|t:|1776032864
|move|p2a: shalnark|Steam Eruption|p1a: Land Aiolos
|-supereffective|p1a: Land Aiolos
|-damage|p1a: Land Aiolos|0 fnt
|faint|p1a: Land Aiolos
|
|upkeep
|
|t:|1776032869
|switch|p1a: Ninetales|Ninetales-Alola, F|100/100
|-weather|Snowscape|[from] ability: Snow Warning|[of] p1a: Ninetales
|turn|15
|
|t:|1776032881
|move|p2a: shalnark|Steam Eruption|p1a: Ninetales
|-enditem|p1a: Ninetales|Focus Sash
|-damage|p1a: Ninetales|1/100
|move|p1a: Ninetales|Aurora Veil|p1a: Ninetales
|-sidestart|p1: fluffal bear|move: Aurora Veil
|
|-weather|Snowscape|[upkeep]
|-fieldend|move: Trick Room
|upkeep
|turn|16
|
|t:|1776032888
|move|p1a: Ninetales|Encore|p2a: shalnark
|-start|p2a: shalnark|Encore
|move|p2a: shalnark|Steam Eruption|p1a: Ninetales
|-damage|p1a: Ninetales|0 fnt
|faint|p1a: Ninetales
|
|-weather|Snowscape|[upkeep]
|upkeep
|
|t:|1776032890
|switch|p1a: John|Rillaboom, F, tera:Grass|82/100
|-fieldstart|move: Grassy Terrain|[from] ability: Grassy Surge|[of] p1a: John
|turn|17
|
|t:|1776032917
|switch|p2a: machi|Cresselia, F, shiny|100/100
|move|p1a: John|Wood Hammer|p2a: machi
|-damage|p2a: machi|28/100
|-damage|p1a: John|51/100|[from] Recoil
|
|-weather|Snowscape|[upkeep]
|-heal|p1a: John|57/100|[from] Grassy Terrain
|upkeep
|turn|18
|
|t:|1776032924
|move|p1a: John|Grassy Glide|p2a: machi
|-damage|p2a: machi|0 fnt
|faint|p2a: machi
|
|-weather|Snowscape|[upkeep]
|-heal|p1a: John|64/100|[from] Grassy Terrain
|upkeep
|
|t:|1776032928
|switch|p2a: phinks|Iron Hands|100/100
|-enditem|p2a: phinks|Booster Energy
|-activate|p2a: phinks|ability: Quark Drive|[fromitem]
|-start|p2a: phinks|quarkdriveatk
|turn|19
|
|t:|1776032940
|switch|p1a: Enamor Aiolos|Enamorus, F|100/100
|move|p2a: phinks|Ice Punch|p1a: Enamor Aiolos
|-supereffective|p1a: Enamor Aiolos
|-damage|p1a: Enamor Aiolos|34/100
|
|-weather|none
|-sideend|p1: fluffal bear|move: Aurora Veil
|upkeep
|turn|20
|
|t:|1776032949
|move|p1a: Enamor Aiolos|Moonblast|p2a: phinks
|-supereffective|p2a: phinks
|-damage|p2a: phinks|3/100
|move|p2a: phinks|Ice Punch|p1a: Enamor Aiolos
|-supereffective|p1a: Enamor Aiolos
|-damage|p1a: Enamor Aiolos|0 fnt
|faint|p1a: Enamor Aiolos
|
|-heal|p2a: phinks|9/100|[from] Grassy Terrain
|upkeep
|
|t:|1776032954
|switch|p1a: John|Rillaboom, F, tera:Grass|64/100
|turn|21
|
|t:|1776032959
|move|p1a: John|Grassy Glide|p2a: phinks
|-damage|p2a: phinks|0 fnt
|faint|p2a: phinks
|-end|p2a: phinks|Quark Drive|[silent]
|
|-heal|p1a: John|70/100|[from] Grassy Terrain
|-fieldend|move: Grassy Terrain
|upkeep
|
|t:|1776032975
|switch|p2a: shalnark|Volcanion|89/100
|turn|22
|
|t:|1776032982
|move|p1a: John|Wood Hammer|p2a: shalnark
|-damage|p2a: shalnark|13/100
|-damage|p1a: John|43/100|[from] Recoil
|move|p2a: shalnark|Flamethrower|p1a: John
|-supereffective|p1a: John
|-damage|p1a: John|0 fnt
|faint|p1a: John
|
|win|manyon
|raw|fluffal bear's rating: 1165 &rarr; <strong>1142</strong><br />(-23 for losing)
|raw|manyon's rating: 1196 &rarr; <strong>1219</strong><br />(+23 for winning)
|l| ohko_smeargle
|c|☆manyon|gg
|l|☆fluffal bear
|player|p1|
|l|☆manyon
|player|p2|
