|html|<div class="broadcast-blue"><strong>[Gen 9] OU is currently suspecting Tera Blast! For information on how to participate check out the <a href="https://www.smogon.com/tools/suspects/view/200">suspect thread</a>.</strong></div>
|j|☆special_turk
|j|☆Rasklat
|t:|1776199724
|gametype|singles
|player|p1|special_turk|102|1000
|player|p2|Rasklat|170|1000
|gen|9
|tier|[Gen 9] OU
|rated|
|rule|HP Percentage Mod: HP is shown in percentages
|rule|Endless Battle Clause: Forcing endless battles is banned
|rule|Species Clause: Limit one of each Pokémon
|rule|OHKO Clause: OHKO moves are banned
|rule|Evasion Items Clause: Evasion items are banned
|rule|Evasion Moves Clause: Evasion moves are banned
|rule|Evasion Abilities Clause: Evasion abilities are banned
|rule|Sleep Moves Clause: Sleep-inducing moves are banned
|clearpoke
|poke|p1|Flareon, F|
|poke|p1|Espeon, F|
|poke|p1|Umbreon, F|
|poke|p1|Vaporeon, F|
|poke|p1|Jolteon, F|
|poke|p1|Sylveon, F|
|poke|p2|Greninja-*, F|
|poke|p2|Dragonite, M|
|poke|p2|Great Tusk|
|poke|p2|Arcanine, M|
|poke|p2|Hatterene, F|
|poke|p2|Gholdengo|
|teampreview
|j| ohko_smeargle
|
|t:|1776199744
|teamsize|p1|6
|teamsize|p2|6
|start
|switch|p1a: Hair Spray|Jolteon, F|100/100
|switch|p2a: Great Tusk|Great Tusk|100/100
|turn|1
|
|t:|1776199758
|move|p1a: Hair Spray|Alluring Voice|p2a: Great Tusk
|-supereffective|p2a: Great Tusk
|-damage|p2a: Great Tusk|33/100
|move|p2a: Great Tusk|Headlong Rush|p1a: Hair Spray
|-supereffective|p1a: Hair Spray
|-damage|p1a: Hair Spray|0 fnt
|-unboost|p2a: Great Tusk|def|1
|-unboost|p2a: Great Tusk|spd|1
|faint|p1a: Hair Spray
|
|upkeep
|
|t:|1776199763
|switch|p1a: Sardines|Vaporeon, F|100/100
|turn|2
|
|t:|1776199770
|move|p2a: Great Tusk|Close Combat|p1a: Sardines
|-damage|p1a: Sardines|58/100
|-unboost|p2a: Great Tusk|def|1
|-unboost|p2a: Great Tusk|spd|1
|move|p1a: Sardines|Wish|p1a: Sardines
|
|-heal|p1a: Sardines|65/100|[from] item: Leftovers
|upkeep
|turn|3
|
|t:|1776199784
|move|p2a: Great Tusk|Rapid Spin|p1a: Sardines
|-damage|p1a: Sardines|52/100
|-boost|p2a: Great Tusk|spe|1
|move|p1a: Sardines|Scald|p2a: Great Tusk
|-supereffective|p2a: Great Tusk
|-damage|p2a: Great Tusk|0 fnt
|faint|p2a: Great Tusk
|-end|p2a: Great Tusk|Protosynthesis|[silent]
|
|-heal|p1a: Sardines|100/100|[from] move: Wish|[wisher] Sardines
|upkeep
|
|t:|1776199796
|switch|p2a: Dragonite|Dragonite, M|100/100
|turn|4
|j| Inkyyyy
|
|t:|1776199802
|move|p2a: Dragonite|Dragon Dance|p2a: Dragonite
|-boost|p2a: Dragonite|atk|1
|-boost|p2a: Dragonite|spe|1
|move|p1a: Sardines|Scald|p2a: Dragonite
|-resisted|p2a: Dragonite
|-damage|p2a: Dragonite|88/100
|-status|p2a: Dragonite|brn
|
|-heal|p2a: Dragonite|94/100 brn|[from] item: Leftovers
|-damage|p2a: Dragonite|88/100 brn|[from] brn
|upkeep
|turn|5
|
|t:|1776199817
|move|p2a: Dragonite|Dragon Dance|p2a: Dragonite
|-boost|p2a: Dragonite|atk|1
|-boost|p2a: Dragonite|spe|1
|move|p1a: Sardines|Haze|p1a: Sardines
|-clearallboost
|
|-heal|p2a: Dragonite|94/100 brn|[from] item: Leftovers
|-damage|p2a: Dragonite|88/100 brn|[from] brn
|upkeep
|turn|6
|
|t:|1776199828
|switch|p1a: Ribbons|Sylveon, F|100/100
|move|p2a: Dragonite|Dragon Dance|p2a: Dragonite
|-boost|p2a: Dragonite|atk|1
|-boost|p2a: Dragonite|spe|1
|
|-heal|p2a: Dragonite|94/100 brn|[from] item: Leftovers
|-damage|p2a: Dragonite|88/100 brn|[from] brn
|upkeep
|turn|7
|
|t:|1776199846
|switch|p2a: Arcanine|Arcanine, M|100/100
|-ability|p2a: Arcanine|Intimidate|boost
|-unboost|p1a: Ribbons|atk|1
|move|p1a: Ribbons|Tera Blast|p2a: Arcanine
|-resisted|p2a: Arcanine
|-damage|p2a: Arcanine|61/100
|
|upkeep
|turn|8
|
|t:|1776199861
|-terastallize|p2a: Arcanine|Fire
|-terastallize|p1a: Ribbons|Ground
|move|p2a: Arcanine|Extreme Speed|p1a: Ribbons
|-damage|p1a: Ribbons|56/100
|-damage|p2a: Arcanine|51/100|[from] item: Life Orb
|move|p1a: Ribbons|Tera Blast|p2a: Arcanine|[anim] Tera Blast Ground
|-supereffective|p2a: Arcanine
|-damage|p2a: Arcanine|0 fnt
|faint|p2a: Arcanine
|
|upkeep
|
|t:|1776199875
|switch|p2a: Greninja|Greninja, F|100/100
|turn|9
|
|t:|1776199885
|switch|p1a: Sardines|Vaporeon, F|100/100
|move|p2a: Greninja|Ice Beam|p1a: Sardines
|-start|p2a: Greninja|typechange|Ice|[from] ability: Protean
|-resisted|p1a: Sardines
|-damage|p1a: Sardines|86/100
|
|-heal|p1a: Sardines|92/100|[from] item: Leftovers
|upkeep
|turn|10
|
|t:|1776199898
|move|p2a: Greninja|Dark Pulse|p1a: Sardines
|-crit|p1a: Sardines
|-damage|p1a: Sardines|67/100
|move|p1a: Sardines|Wish|p1a: Sardines
|
|-heal|p1a: Sardines|73/100|[from] item: Leftovers
|upkeep
|turn|11
|
|t:|1776199906
|switch|p1a: Ribbons|Sylveon, F, tera:Ground|56/100
|move|p2a: Greninja|U-turn|p1a: Ribbons
|-damage|p1a: Ribbons|32/100
|
|t:|1776199917
|switch|p2a: Gholdengo|Gholdengo|100/100|[from] U-turn
|
|-heal|p1a: Ribbons|100/100|[from] move: Wish|[wisher] Sardines
|upkeep
|turn|12
|
|t:|1776199930
|move|p1a: Ribbons|Shadow Ball|p2a: Gholdengo
|-supereffective|p2a: Gholdengo
|-damage|p2a: Gholdengo|14/100
|-unboost|p2a: Gholdengo|spd|1
|move|p2a: Gholdengo|Make It Rain|p1a: Ribbons
|-damage|p1a: Ribbons|32/100
|-unboost|p2a: Gholdengo|spa|1
|-damage|p2a: Gholdengo|4/100|[from] item: Life Orb
|
|upkeep
|turn|13
|
|t:|1776199944
|move|p1a: Ribbons|Shadow Ball|p2a: Gholdengo
|-supereffective|p2a: Gholdengo
|-damage|p2a: Gholdengo|0 fnt
|faint|p2a: Gholdengo
|
|upkeep
|
|t:|1776199950
|switch|p2a: Greninja|Greninja, F|100/100
|turn|14
|
|t:|1776199959
|switch|p1a: Hair Gel|Flareon, F|100/100
|move|p2a: Greninja|Ice Beam|p1a: Hair Gel
|-start|p2a: Greninja|typechange|Ice|[from] ability: Protean
|-resisted|p1a: Hair Gel
|-damage|p1a: Hair Gel|79/100
|-status|p1a: Hair Gel|frz
|
|upkeep
|turn|15
|
|t:|1776199971
|move|p2a: Greninja|Surf|p1a: Hair Gel
|-supereffective|p1a: Hair Gel
|-damage|p1a: Hair Gel|8/100 frz
|cant|p1a: Hair Gel|frz
|
|upkeep
|turn|16
|
|t:|1776199978
|move|p2a: Greninja|Dark Pulse|p1a: Hair Gel
|-damage|p1a: Hair Gel|0 fnt
|faint|p1a: Hair Gel
|
|upkeep
|
|t:|1776199988
|switch|p1a: Ear Hair|Espeon, F|100/100
|turn|17
|
|t:|1776200001
|switch|p1a: Dots|Umbreon, F|100/100
|move|p2a: Greninja|Dark Pulse|p1a: Dots
|-resisted|p1a: Dots
|-damage|p1a: Dots|95/100
|
|-heal|p1a: Dots|100/100|[from] item: Leftovers
|upkeep
|turn|18
|
|t:|1776200011
|move|p2a: Greninja|U-turn|p1a: Dots
|-supereffective|p1a: Dots
|-damage|p1a: Dots|73/100
|
|t:|1776200014
|switch|p2a: Dragonite|Dragonite, M|88/100 brn|[from] U-turn
|move|p1a: Dots|Toxic||[still]
|-fail|p1a: Dots
|
|-heal|p2a: Dragonite|94/100 brn|[from] item: Leftovers
|-heal|p1a: Dots|79/100|[from] item: Leftovers
|-damage|p2a: Dragonite|88/100 brn|[from] brn
|upkeep
|turn|19
|
|t:|1776200026
|move|p2a: Dragonite|Fire Punch|p1a: Dots
|-damage|p1a: Dots|70/100
|move|p1a: Dots|Wish|p1a: Dots
|
|-heal|p2a: Dragonite|94/100 brn|[from] item: Leftovers
|-heal|p1a: Dots|76/100|[from] item: Leftovers
|-damage|p2a: Dragonite|88/100 brn|[from] brn
|upkeep
|turn|20
|
|t:|1776200047
|move|p1a: Dots|Protect|p1a: Dots
|-singleturn|p1a: Dots|Protect
|move|p2a: Dragonite|Dragon Dance|p2a: Dragonite
|-boost|p2a: Dragonite|atk|1
|-boost|p2a: Dragonite|spe|1
|
|-heal|p1a: Dots|100/100|[from] move: Wish|[wisher] Dots
|-heal|p2a: Dragonite|94/100 brn|[from] item: Leftovers
|-damage|p2a: Dragonite|88/100 brn|[from] brn
|upkeep
|turn|21
|
|t:|1776200058
|switch|p1a: Sardines|Vaporeon, F|73/100
|move|p2a: Dragonite|Dragon Dance|p2a: Dragonite
|-boost|p2a: Dragonite|atk|1
|-boost|p2a: Dragonite|spe|1
|
|-heal|p2a: Dragonite|94/100 brn|[from] item: Leftovers
|-heal|p1a: Sardines|79/100|[from] item: Leftovers
|-damage|p2a: Dragonite|88/100 brn|[from] brn
|upkeep
|turn|22
|
|t:|1776200068
|move|p2a: Dragonite|Dragon Claw|p1a: Sardines
|-damage|p1a: Sardines|49/100
|move|p1a: Sardines|Haze|p1a: Sardines
|-clearallboost
|
|-heal|p2a: Dragonite|94/100 brn|[from] item: Leftovers
|-heal|p1a: Sardines|55/100|[from] item: Leftovers
|-damage|p2a: Dragonite|88/100 brn|[from] brn
|upkeep
|turn|23
|
|t:|1776200080
|move|p2a: Dragonite|Dragon Claw|p1a: Sardines
|-damage|p1a: Sardines|41/100
|move|p1a: Sardines|Wish|p1a: Sardines
|
|-heal|p2a: Dragonite|94/100 brn|[from] item: Leftovers
|-heal|p1a: Sardines|47/100|[from] item: Leftovers
|-damage|p2a: Dragonite|88/100 brn|[from] brn
|upkeep
|turn|24
|
|t:|1776200090
|move|p1a: Sardines|Protect|p1a: Sardines
|-singleturn|p1a: Sardines|Protect
|move|p2a: Dragonite|Dragon Claw|p1a: Sardines
|-activate|p1a: Sardines|move: Protect
|
|-heal|p1a: Sardines|97/100|[from] move: Wish|[wisher] Sardines
|-heal|p2a: Dragonite|94/100 brn|[from] item: Leftovers
|-heal|p1a: Sardines|100/100|[from] item: Leftovers
|-damage|p2a: Dragonite|88/100 brn|[from] brn
|upkeep
|turn|25
|
|t:|1776200106
|switch|p2a: Hatterene|Hatterene, F|100/100
|move|p1a: Sardines|Wish|p1a: Sardines
|
|upkeep
|turn|26
|
|t:|1776200115
|switch|p1a: Ribbons|Sylveon, F, tera:Ground|32/100
|move|p2a: Hatterene|Trick Room|p2a: Hatterene
|-fieldstart|move: Trick Room|[of] p2a: Hatterene
|
|-heal|p1a: Ribbons|100/100|[from] move: Wish|[wisher] Sardines
|upkeep
|turn|27
|
|t:|1776200127
|move|p2a: Hatterene|Mystical Fire|p1a: Ribbons
|-damage|p1a: Ribbons|74/100
|-unboost|p1a: Ribbons|spa|1
|-damage|p2a: Hatterene|91/100|[from] item: Life Orb
|move|p1a: Ribbons|Shadow Ball|p2a: Hatterene
|-supereffective|p2a: Hatterene
|-damage|p2a: Hatterene|35/100
|-unboost|p2a: Hatterene|spd|1
|
|upkeep
|turn|28
|
|t:|1776200138
|move|p2a: Hatterene|Psychic|p1a: Ribbons
|-damage|p1a: Ribbons|23/100
|-damage|p2a: Hatterene|25/100|[from] item: Life Orb
|move|p1a: Ribbons|Shadow Ball|p2a: Hatterene
|-supereffective|p2a: Hatterene
|-damage|p2a: Hatterene|0 fnt
|faint|p2a: Hatterene
|
|upkeep
|
|t:|1776200147
|switch|p2a: Dragonite|Dragonite, M|88/100 brn
|turn|29
|
|t:|1776200153
|switch|p1a: Sardines|Vaporeon, F|100/100
|move|p2a: Dragonite|Fire Punch|p1a: Sardines
|-resisted|p1a: Sardines
|-damage|p1a: Sardines|96/100
|
|-heal|p1a: Sardines|100/100|[from] item: Leftovers
|-heal|p2a: Dragonite|94/100 brn|[from] item: Leftovers
|-damage|p2a: Dragonite|88/100 brn|[from] brn
|upkeep
|turn|30
|
|t:|1776200165
|move|p1a: Sardines|Wish|p1a: Sardines
|move|p2a: Dragonite|Dragon Dance|p2a: Dragonite
|-boost|p2a: Dragonite|atk|1
|-boost|p2a: Dragonite|spe|1
|
|-heal|p2a: Dragonite|94/100 brn|[from] item: Leftovers
|-damage|p2a: Dragonite|88/100 brn|[from] brn
|-fieldend|move: Trick Room
|upkeep
|turn|31
|
|t:|1776200178
|switch|p1a: Ribbons|Sylveon, F, tera:Ground|23/100
|move|p2a: Dragonite|Dragon Dance|p2a: Dragonite
|-boost|p2a: Dragonite|atk|1
|-boost|p2a: Dragonite|spe|1
|
|-heal|p1a: Ribbons|93/100|[from] move: Wish|[wisher] Sardines
|-heal|p2a: Dragonite|94/100 brn|[from] item: Leftovers
|-damage|p2a: Dragonite|88/100 brn|[from] brn
|upkeep
|turn|32
|
|t:|1776200208
|switch|p2a: Greninja|Greninja, F|100/100
|move|p1a: Ribbons|Draining Kiss|p2a: Greninja
|-supereffective|p2a: Greninja
|-damage|p2a: Greninja|5/100
|-heal|p1a: Ribbons|100/100|[from] drain|[of] p2a: Greninja
|
|upkeep
|turn|33
|inactive|Battle timer is ON: inactive players will automatically lose when time's up. (requested by special_turk)
|
|t:|1776200219
|move|p2a: Greninja|Ice Beam|p1a: Ribbons
|-start|p2a: Greninja|typechange|Ice|[from] ability: Protean
|-supereffective|p1a: Ribbons
|-damage|p1a: Ribbons|33/100
|move|p1a: Ribbons|Draining Kiss|p2a: Greninja
|-damage|p2a: Greninja|0 fnt
|-heal|p1a: Ribbons|36/100|[from] drain|[of] p2a: Greninja
|faint|p2a: Greninja
|
|upkeep
|
|t:|1776200230
|switch|p2a: Dragonite|Dragonite, M|88/100 brn
|turn|34
|
|t:|1776200234
|move|p1a: Ribbons|Draining Kiss|p2a: Dragonite
|-supereffective|p2a: Dragonite
|-damage|p2a: Dragonite|23/100 brn
|-heal|p1a: Ribbons|87/100|[from] drain|[of] p2a: Dragonite
|move|p2a: Dragonite|Fire Punch|p1a: Ribbons
|-damage|p1a: Ribbons|70/100
|-status|p1a: Ribbons|brn
|
|-heal|p2a: Dragonite|29/100 brn|[from] item: Leftovers
|-damage|p1a: Ribbons|64/100 brn|[from] brn
|-damage|p2a: Dragonite|23/100 brn|[from] brn
|upkeep
|turn|35
|-message|Rasklat forfeited.
|
|win|special_turk
|raw|special_turk's rating: 1000 &rarr; <strong>1040</strong><br />(+40 for winning)
|raw|Rasklat's rating: 1000 &rarr; <strong>1000</strong><br />(+0 for losing)
|l|☆Rasklat
|player|p2|
|l| ohko_smeargle
