|html|<div class="broadcast-blue"><strong>[Gen 9] OU is currently suspecting Tera Blast! For information on how to participate check out the <a href="https://www.smogon.com/tools/suspects/view/200">suspect thread</a>.</strong></div>
|j|☆elpets
|j|☆leontief47
|t:|1776202743
|gametype|singles
|player|p1|elpets|infielder|1714
|player|p2|leontief47|clerk|1729
|gen|9
|tier|[Gen 9] OU
|rated|
|rule|HP Percentage Mod: HP is shown in percentages
|rule|Endless Battle Clause: Forcing endless battles is banned
|rule|Species Clause: Limit one of each Pokémon
|rule|OHKO Clause: OHKO moves are banned
|rule|Evasion Items Clause: Evasion items are banned
|rule|Evasion Moves Clause: Evasion moves are banned
|rule|Evasion Abilities Clause: Evasion abilities are banned
|rule|Sleep Moves Clause: Sleep-inducing moves are banned
|clearpoke
|poke|p1|Hatterene, F|
|poke|p1|Dragonite, F|
|poke|p1|Breloom, F|
|poke|p1|Azumarill, F|
|poke|p1|Great Tusk|
|poke|p1|Skeledirge, F|
|poke|p2|Rillaboom, F|
|poke|p2|Raging Bolt|
|poke|p2|Hawlucha, F|
|poke|p2|Zamazenta-*|
|poke|p2|Ogerpon-Cornerstone, F|
|poke|p2|Iron Treads|
|teampreview
|inactive|Battle timer is ON: inactive players will automatically lose when time's up. (requested by elpets)
|
|t:|1776202749
|teamsize|p1|6
|teamsize|p2|6
|start
|switch|p1a: Azumarill|Azumarill, F|100/100
|switch|p2a: Rillaboom|Rillaboom, F|100/100
|-fieldstart|move: Grassy Terrain|[from] ability: Grassy Surge|[of] p2a: Rillaboom
|turn|1
|c|☆leontief47|long time no see
|
|t:|1776202756
|move|p2a: Rillaboom|Wood Hammer|p1a: Azumarill
|-supereffective|p1a: Azumarill
|-damage|p1a: Azumarill|0 fnt
|faint|p1a: Azumarill
|-damage|p2a: Rillaboom|67/100|[from] Recoil
|
|-heal|p2a: Rillaboom|74/100|[from] Grassy Terrain
|upkeep
|
|t:|1776202758
|switch|p1a: Dragonite|Dragonite, F|100/100
|turn|2
|
|t:|1776202760
|move|p1a: Dragonite|Dragon Dance|p1a: Dragonite
|-boost|p1a: Dragonite|atk|1
|-boost|p1a: Dragonite|spe|1
|move|p2a: Rillaboom|U-turn|p1a: Dragonite
|-resisted|p1a: Dragonite
|-damage|p1a: Dragonite|94/100
|
|t:|1776202762
|switch|p2a: Zamazenta|Zamazenta|100/100|[from] U-turn
|-ability|p2a: Zamazenta|Dauntless Shield|boost
|-boost|p2a: Zamazenta|def|1
|
|upkeep
|turn|3
|
|t:|1776202765
|move|p1a: Dragonite|Outrage|p2a: Zamazenta
|-damage|p2a: Zamazenta|45/100
|move|p2a: Zamazenta|Ice Fang|p1a: Dragonite
|-supereffective|p1a: Dragonite
|-damage|p1a: Dragonite|0 fnt
|faint|p1a: Dragonite
|-damage|p2a: Zamazenta|35/100|[from] item: Life Orb
|
|-heal|p2a: Zamazenta|41/100|[from] Grassy Terrain
|upkeep
|
|t:|1776202769
|switch|p1a: Hatterene|Hatterene, F|100/100
|turn|4
|
|t:|1776202771
|switch|p1a: Skeledirge|Skeledirge, F|100/100
|move|p2a: Zamazenta|Heavy Slam|p1a: Skeledirge
|-resisted|p1a: Skeledirge
|-crit|p1a: Skeledirge
|-damage|p1a: Skeledirge|92/100
|-damage|p2a: Zamazenta|31/100|[from] item: Life Orb
|
|-heal|p2a: Zamazenta|37/100|[from] Grassy Terrain
|-heal|p1a: Skeledirge|98/100|[from] Grassy Terrain
|upkeep
|turn|5
|
|t:|1776202781
|move|p2a: Zamazenta|Crunch|p1a: Skeledirge
|-supereffective|p1a: Skeledirge
|-damage|p1a: Skeledirge|54/100
|-damage|p2a: Zamazenta|28/100|[from] item: Life Orb
|move|p1a: Skeledirge|Torch Song|p2a: Zamazenta
|-damage|p2a: Zamazenta|0 fnt
|-boost|p1a: Skeledirge|spa|1
|faint|p2a: Zamazenta
|
|-heal|p1a: Skeledirge|60/100|[from] Grassy Terrain
|upkeep
|
|t:|1776202784
|switch|p2a: Ogerpon|Ogerpon-Cornerstone, F|100/100
|turn|6
|
|t:|1776202791
|move|p2a: Ogerpon|Ivy Cudgel|p1a: Skeledirge|[anim] Ivy Cudgel Rock
|-supereffective|p1a: Skeledirge
|-damage|p1a: Skeledirge|0 fnt
|faint|p1a: Skeledirge
|
|upkeep
|
|t:|1776202794
|switch|p1a: Ippo|Breloom, F|100/100
|turn|7
|
|t:|1776202798
|switch|p2a: Hawlucha|Hawlucha, F|100/100
|-enditem|p2a: Hawlucha|Grassy Seed
|-boost|p2a: Hawlucha|def|1|[from] item: Grassy Seed
|move|p1a: Ippo|Bullet Seed|p2a: Hawlucha
|-resisted|p2a: Hawlucha
|-damage|p2a: Hawlucha|89/100
|-resisted|p2a: Hawlucha
|-damage|p2a: Hawlucha|76/100
|-resisted|p2a: Hawlucha
|-damage|p2a: Hawlucha|64/100
|-hitcount|p2a: Hawlucha|3
|
|upkeep
|turn|8
|
|t:|1776202805
|switch|p1a: Hatterene|Hatterene, F|100/100
|move|p2a: Hawlucha|Acrobatics|p1a: Hatterene
|-damage|p1a: Hatterene|42/100
|
|-heal|p1a: Hatterene|48/100|[from] Grassy Terrain
|-heal|p1a: Hatterene|54/100|[from] item: Leftovers
|-fieldend|move: Grassy Terrain
|upkeep
|turn|9
|
|t:|1776202807
|move|p2a: Hawlucha|Acrobatics|p1a: Hatterene
|-damage|p1a: Hatterene|0 fnt
|faint|p1a: Hatterene
|
|upkeep
|-message|elpets forfeited.
|
|win|leontief47
|raw|elpets's rating: 1714 &rarr; <strong>1695</strong><br />(-19 for losing)
|raw|leontief47's rating: 1729 &rarr; <strong>1748</strong><br />(+19 for winning)
|l|☆elpets
|player|p1|
|c|☆leontief47|have an awesome day man
