|html|<div class="broadcast-blue"><strong>[Gen 9] OU is currently suspecting Tera Blast! For information on how to participate check out the <a href="https://www.smogon.com/tools/suspects/view/200">suspect thread</a>.</strong></div>
|j|☆cozyclown
|j|☆letsgogetum
|t:|1776213411
|gametype|singles
|player|p1|cozyclown|unknown|1247
|player|p2|letsgogetum|gentleman-gen4|1265
|gen|9
|tier|[Gen 9] OU
|rated|
|rule|HP Percentage Mod: HP is shown in percentages
|rule|Endless Battle Clause: Forcing endless battles is banned
|rule|Species Clause: Limit one of each Pokémon
|rule|OHKO Clause: OHKO moves are banned
|rule|Evasion Items Clause: Evasion items are banned
|rule|Evasion Moves Clause: Evasion moves are banned
|rule|Evasion Abilities Clause: Evasion abilities are banned
|rule|Sleep Moves Clause: Sleep-inducing moves are banned
|clearpoke
|poke|p1|Ting-Lu|
|poke|p1|Heatran, F|
|poke|p1|Dragapult, M|
|poke|p1|Zamazenta-*|
|poke|p1|Raging Bolt|
|poke|p1|Great Tusk|
|poke|p2|Deoxys-Speed|
|poke|p2|Ogerpon-Wellspring, F|
|poke|p2|Iron Moth|
|poke|p2|Gholdengo|
|poke|p2|Great Tusk|
|poke|p2|Dragonite, F|
|teampreview
|inactive|Battle timer is ON: inactive players will automatically lose when time's up. (requested by letsgogetum)
|inactive|cozyclown also wants the timer to be on.
|j| ohko_smeargle
|
|t:|1776213421
|teamsize|p1|6
|teamsize|p2|6
|start
|switch|p1a: Tingaling|Ting-Lu, shiny|100/100
|switch|p2a: Deoxys|Deoxys-Speed|100/100
|-ability|p2a: Deoxys|Pressure
|-ability|p1a: Tingaling|Vessel of Ruin
|turn|1
|
|t:|1776213432
|move|p2a: Deoxys|Taunt|p1a: Tingaling
|-start|p1a: Tingaling|move: Taunt
|cant|p1a: Tingaling|move: Taunt|Stealth Rock
|
|upkeep
|turn|2
|
|t:|1776213446
|move|p2a: Deoxys|Stealth Rock|p1a: Tingaling
|-sidestart|p1: cozyclown|move: Stealth Rock
|move|p1a: Tingaling|Earthquake|p2a: Deoxys
|-damage|p2a: Deoxys|42/100
|
|upkeep
|turn|3
|
|t:|1776213455
|switch|p2a: Ogerpon|Ogerpon-Wellspring, F|100/100
|move|p1a: Tingaling|Earthquake|p2a: Ogerpon
|-resisted|p2a: Ogerpon
|-crit|p2a: Ogerpon
|-damage|p2a: Ogerpon|63/100
|
|-end|p1a: Tingaling|move: Taunt
|upkeep
|turn|4
|
|t:|1776213482
|switch|p1a: Raging Bolt|Raging Bolt|100/100
|-damage|p1a: Raging Bolt|88/100|[from] Stealth Rock
|move|p2a: Ogerpon|Spikes|p1a: Raging Bolt
|-sidestart|p1: cozyclown|Spikes
|
|-heal|p1a: Raging Bolt|94/100|[from] item: Leftovers
|upkeep
|turn|5
|
|t:|1776213500
|move|p1a: Raging Bolt|Thunderclap|p2a: Ogerpon
|-damage|p2a: Ogerpon|12/100
|move|p2a: Ogerpon|Knock Off|p1a: Raging Bolt
|-damage|p1a: Raging Bolt|61/100
|-enditem|p1a: Raging Bolt|Leftovers|[from] move: Knock Off|[of] p2a: Ogerpon
|
|upkeep
|turn|6
|
|t:|1776213508
|move|p1a: Raging Bolt|Thunderclap||[still]
|-fail|p1a: Raging Bolt
|move|p2a: Ogerpon|Encore|p1a: Raging Bolt
|-start|p1a: Raging Bolt|Encore
|
|upkeep
|turn|7
|
|t:|1776213514
|move|p1a: Raging Bolt|Thunderclap||[still]
|-fail|p1a: Raging Bolt
|move|p2a: Ogerpon|Spikes|p1a: Raging Bolt
|-sidestart|p1: cozyclown|Spikes
|
|upkeep
|turn|8
|
|t:|1776213520
|move|p1a: Raging Bolt|Thunderclap||[still]
|-fail|p1a: Raging Bolt
|move|p2a: Ogerpon|Spikes|p1a: Raging Bolt
|-sidestart|p1: cozyclown|Spikes
|
|upkeep
|turn|9
|
|t:|1776213526
|move|p1a: Raging Bolt|Thunderclap||[still]
|-fail|p1a: Raging Bolt
|move|p2a: Ogerpon|Spikes||[still]
|-fail|p2a: Ogerpon
|
|-end|p1a: Raging Bolt|Encore
|upkeep
|turn|10
|
|t:|1776213534
|move|p1a: Raging Bolt|Thunderclap||[still]
|-fail|p1a: Raging Bolt
|move|p2a: Ogerpon|Encore|p1a: Raging Bolt
|-start|p1a: Raging Bolt|Encore
|
|upkeep
|turn|11
|
|t:|1776213542
|move|p1a: Raging Bolt|Thunderclap||[still]
|-fail|p1a: Raging Bolt
|move|p2a: Ogerpon|Spikes||[still]
|-fail|p2a: Ogerpon
|
|upkeep
|turn|12
|
|t:|1776213550
|move|p1a: Raging Bolt|Thunderclap||[still]
|-fail|p1a: Raging Bolt
|move|p2a: Ogerpon|Spikes||[still]
|-fail|p2a: Ogerpon
|
|-end|p1a: Raging Bolt|Encore
|upkeep
|turn|13
|
|t:|1776213563
|switch|p2a: Great Tusk|Great Tusk|100/100
|-enditem|p2a: Great Tusk|Booster Energy
|-activate|p2a: Great Tusk|ability: Protosynthesis|[fromitem]
|-start|p2a: Great Tusk|protosynthesisatk
|move|p1a: Raging Bolt|Thunder|p2a: Great Tusk
|-immune|p2a: Great Tusk
|
|upkeep
|turn|14
|
|t:|1776213574
|-end|p1a: Raging Bolt|Protosynthesis|[silent]
|switch|p1a: Tingaling|Ting-Lu, shiny|100/100
|-damage|p1a: Tingaling|94/100|[from] Stealth Rock
|-damage|p1a: Tingaling|69/100|[from] Spikes
|-ability|p1a: Tingaling|Vessel of Ruin
|move|p2a: Great Tusk|Rapid Spin|p1a: Tingaling
|-damage|p1a: Tingaling|60/100
|-boost|p2a: Great Tusk|spe|1
|
|-heal|p1a: Tingaling|66/100|[from] item: Leftovers
|upkeep
|turn|15
|
|t:|1776213597
|move|p2a: Great Tusk|Headlong Rush|p1a: Tingaling
|-damage|p1a: Tingaling|33/100
|-unboost|p2a: Great Tusk|def|1
|-unboost|p2a: Great Tusk|spd|1
|move|p1a: Tingaling|Ruination|p2a: Great Tusk
|-damage|p2a: Great Tusk|51/100
|
|-heal|p1a: Tingaling|39/100|[from] item: Leftovers
|upkeep
|turn|16
|
|t:|1776213613
|move|p2a: Great Tusk|Headlong Rush|p1a: Tingaling
|-damage|p1a: Tingaling|5/100
|-unboost|p2a: Great Tusk|def|1
|-unboost|p2a: Great Tusk|spd|1
|move|p1a: Tingaling|Earthquake|p2a: Great Tusk
|-damage|p2a: Great Tusk|0 fnt
|faint|p2a: Great Tusk
|-end|p2a: Great Tusk|Protosynthesis|[silent]
|
|-heal|p1a: Tingaling|12/100|[from] item: Leftovers
|upkeep
|
|t:|1776213617
|switch|p2a: Ogerpon|Ogerpon-Wellspring, F|12/100
|turn|17
|
|t:|1776213629
|switch|p1a: Raging Bolt|Raging Bolt|61/100
|-damage|p1a: Raging Bolt|49/100|[from] Stealth Rock
|-damage|p1a: Raging Bolt|24/100|[from] Spikes
|move|p2a: Ogerpon|Ivy Cudgel|p1a: Raging Bolt|[anim] Ivy Cudgel Water
|-resisted|p1a: Raging Bolt
|-damage|p1a: Raging Bolt|0 fnt
|faint|p1a: Raging Bolt
|-end|p1a: Raging Bolt|Protosynthesis|[silent]
|
|upkeep
|
|t:|1776213639
|switch|p1a: snipa dragon|Dragapult, M|100/100
|-damage|p1a: snipa dragon|88/100|[from] Stealth Rock
|-damage|p1a: snipa dragon|63/100|[from] Spikes
|turn|18
|
|t:|1776213648
|move|p1a: snipa dragon|Shadow Ball|p2a: Ogerpon
|-damage|p2a: Ogerpon|0 fnt
|faint|p2a: Ogerpon
|
|upkeep
|
|t:|1776213654
|switch|p2a: Gholdengo|Gholdengo|100/100
|turn|19
|
|t:|1776213657
|switch|p1a: Big T|Great Tusk|100/100
|-damage|p1a: Big T|98/100|[from] Stealth Rock
|-damage|p1a: Big T|73/100|[from] Spikes
|move|p2a: Gholdengo|Shadow Ball|p1a: Big T
|-damage|p1a: Big T|16/100
|
|-heal|p1a: Big T|22/100|[from] item: Leftovers
|upkeep
|turn|20
|
|t:|1776213670
|-end|p1a: Big T|Protosynthesis|[silent]
|switch|p1a: Air fryer|Heatran, F, shiny|100/100
|-damage|p1a: Air fryer|88/100|[from] Stealth Rock
|-damage|p1a: Air fryer|63/100|[from] Spikes
|move|p2a: Gholdengo|Shadow Ball|p1a: Air fryer
|-damage|p1a: Air fryer|37/100
|
|-heal|p1a: Air fryer|43/100|[from] item: Leftovers
|upkeep
|turn|21
|
|t:|1776213691
|-terastallize|p1a: Air fryer|Fire
|move|p2a: Gholdengo|Shadow Ball|p1a: Air fryer
|-damage|p1a: Air fryer|17/100
|move|p1a: Air fryer|Lava Plume|p2a: Gholdengo
|-supereffective|p2a: Gholdengo
|-damage|p2a: Gholdengo|0 fnt
|faint|p2a: Gholdengo
|
|-heal|p1a: Air fryer|24/100|[from] item: Leftovers
|upkeep
|
|t:|1776213708
|switch|p2a: Deoxys|Deoxys-Speed|42/100
|-ability|p2a: Deoxys|Pressure
|turn|22
|
|t:|1776213713
|move|p1a: Air fryer|Protect|p1a: Air fryer
|-singleturn|p1a: Air fryer|Protect
|move|p2a: Deoxys|Psychic|p1a: Air fryer
|-activate|p1a: Air fryer|move: Protect
|
|-heal|p1a: Air fryer|30/100|[from] item: Leftovers
|upkeep
|turn|23
|
|t:|1776213725
|move|p2a: Deoxys|Psychic|p1a: Air fryer
|-damage|p1a: Air fryer|7/100
|move|p1a: Air fryer|Lava Plume|p2a: Deoxys
|-damage|p2a: Deoxys|0 fnt
|faint|p2a: Deoxys
|
|-heal|p1a: Air fryer|13/100|[from] item: Leftovers
|upkeep
|
|t:|1776213730
|switch|p2a: Dragonite|Dragonite, F|100/100
|turn|24
|
|t:|1776213750
|move|p2a: Dragonite|Outrage|p1a: Air fryer
|-damage|p1a: Air fryer|0 fnt
|faint|p1a: Air fryer
|
|upkeep
|
|t:|1776213756
|switch|p1a: snipa dragon|Dragapult, M|63/100
|-damage|p1a: snipa dragon|51/100|[from] Stealth Rock
|-damage|p1a: snipa dragon|26/100|[from] Spikes
|turn|25
|
|t:|1776213765
|move|p1a: snipa dragon|Draco Meteor|p2a: Dragonite
|-supereffective|p2a: Dragonite
|-damage|p2a: Dragonite|6/100
|-unboost|p1a: snipa dragon|spa|2
|move|p2a: Dragonite|Outrage|p1a: snipa dragon|[from] lockedmove
|-supereffective|p1a: snipa dragon
|-damage|p1a: snipa dragon|0 fnt
|faint|p1a: snipa dragon
|-start|p2a: Dragonite|confusion|[fatigue]
|
|upkeep
|
|t:|1776213779
|switch|p1a: Big T|Great Tusk|22/100
|-damage|p1a: Big T|19/100|[from] Stealth Rock
|-damage|p1a: Big T|0 fnt|[from] Spikes
|faint|p1a: Big T
|-end|p1a: Big T|Protosynthesis|[silent]
|
|t:|1776213786
|switch|p1a: Tingaling|Ting-Lu, shiny|12/100
|-damage|p1a: Tingaling|5/100|[from] Stealth Rock
|-damage|p1a: Tingaling|0 fnt|[from] Spikes
|faint|p1a: Tingaling
|
|t:|1776213792
|switch|p1a: Big Z|Zamazenta|100/100
|-damage|p1a: Big Z|94/100|[from] Stealth Rock
|-damage|p1a: Big Z|69/100|[from] Spikes
|-ability|p1a: Big Z|Dauntless Shield|boost
|-boost|p1a: Big Z|def|1
|turn|26
|
|t:|1776213801
|move|p1a: Big Z|Body Press|p2a: Dragonite
|-resisted|p2a: Dragonite
|-damage|p2a: Dragonite|0 fnt
|faint|p2a: Dragonite
|
|-heal|p1a: Big Z|75/100|[from] item: Leftovers
|upkeep
|
|t:|1776213809
|switch|p2a: Iron Moth|Iron Moth|100/100
|-enditem|p2a: Iron Moth|Booster Energy
|-activate|p2a: Iron Moth|ability: Quark Drive|[fromitem]
|-start|p2a: Iron Moth|quarkdrivespe
|turn|27
|
|t:|1776213829
|move|p2a: Iron Moth|Sludge Wave|p1a: Big Z
|-crit|p1a: Big Z
|-damage|p1a: Big Z|20/100
|move|p1a: Big Z|Body Press|p2a: Iron Moth
|-resisted|p2a: Iron Moth
|-damage|p2a: Iron Moth|62/100
|
|-heal|p1a: Big Z|27/100|[from] item: Leftovers
|upkeep
|turn|28
|
|t:|1776213842
|move|p1a: Big Z|Protect|p1a: Big Z
|-singleturn|p1a: Big Z|Protect
|move|p2a: Iron Moth|Fiery Dance|p1a: Big Z
|-activate|p1a: Big Z|move: Protect
|
|-heal|p1a: Big Z|33/100|[from] item: Leftovers
|upkeep
|turn|29
|
|t:|1776213858
|move|p2a: Iron Moth|Fiery Dance|p1a: Big Z
|-damage|p1a: Big Z|0 fnt
|faint|p1a: Big Z
|
|win|letsgogetum
|raw|cozyclown's rating: 1247 &rarr; <strong>1223</strong><br />(-24 for losing)
|raw|letsgogetum's rating: 1265 &rarr; <strong>1289</strong><br />(+24 for winning)
|l| ohko_smeargle
