|html|<div class="broadcast-blue"><strong>[Gen 9] OU is currently suspecting Tera Blast! For information on how to participate check out the <a href="https://www.smogon.com/tools/suspects/view/200">suspect thread</a>.</strong></div>
|j|☆TheMutanabbi
|j|☆sollyman
|t:|1776104597
|gametype|singles
|player|p1|TheMutanabbi|lucas|1440
|player|p2|sollyman|sailor|1470
|gen|9
|tier|[Gen 9] OU
|rated|
|rule|HP Percentage Mod: HP is shown in percentages
|rule|Endless Battle Clause: Forcing endless battles is banned
|rule|Species Clause: Limit one of each Pokémon
|rule|OHKO Clause: OHKO moves are banned
|rule|Evasion Items Clause: Evasion items are banned
|rule|Evasion Moves Clause: Evasion moves are banned
|rule|Evasion Abilities Clause: Evasion abilities are banned
|rule|Sleep Moves Clause: Sleep-inducing moves are banned
|clearpoke
|poke|p1|Arcanine-Hisui, M|
|poke|p1|Slowking-Galar, M|
|poke|p1|Corviknight, F|
|poke|p1|Primarina, F|
|poke|p1|Meowscarada, F|
|poke|p1|Great Tusk|
|poke|p2|Kyurem|
|poke|p2|Keldeo|
|poke|p2|Iron Valiant|
|poke|p2|Garganacl, F|
|poke|p2|Corviknight, M|
|poke|p2|Pecharunt|
|teampreview
|
|t:|1776104603
|teamsize|p1|6
|teamsize|p2|6
|start
|switch|p1a: Meowscarada|Meowscarada, F|100/100
|switch|p2a: Pecharunt|Pecharunt|100/100
|turn|1
|
|t:|1776104608
|switch|p2a: Corviknight|Corviknight, M|100/100
|-ability|p2a: Corviknight|Pressure
|move|p1a: Meowscarada|Knock Off|p2a: Corviknight
|-start|p1a: Meowscarada|typechange|Dark|[from] ability: Protean
|-damage|p2a: Corviknight|72/100
|-damage|p1a: Meowscarada|84/100|[from] item: Rocky Helmet|[of] p2a: Corviknight
|-enditem|p2a: Corviknight|Rocky Helmet|[from] move: Knock Off|[of] p1a: Meowscarada
|
|upkeep
|turn|2
|
|t:|1776104615
|switch|p1a: Corviknight|Corviknight, F|100/100
|-ability|p1a: Corviknight|Pressure
|move|p2a: Corviknight|U-turn|p1a: Corviknight
|-resisted|p1a: Corviknight
|-damage|p1a: Corviknight|98/100
|-damage|p2a: Corviknight|55/100|[from] item: Rocky Helmet|[of] p1a: Corviknight
|
|t:|1776104622
|switch|p2a: Kyurem|Kyurem|100/100|[from] U-turn
|-ability|p2a: Kyurem|Pressure
|
|upkeep
|turn|3
|
|t:|1776104631
|move|p2a: Kyurem|Ice Beam|p1a: Corviknight
|-damage|p1a: Corviknight|29/100
|move|p1a: Corviknight|U-turn|p2a: Kyurem
|-damage|p2a: Kyurem|87/100
|
|t:|1776104649
|switch|p1a: Primarina|Primarina, F|100/100|[from] U-turn
|
|upkeep
|turn|4
|
|t:|1776104660
|switch|p2a: Pecharunt|Pecharunt|100/100
|move|p1a: Primarina|Surf|p2a: Pecharunt
|-damage|p2a: Pecharunt|52/100
|
|upkeep
|turn|5
|
|t:|1776104665
|move|p2a: Pecharunt|Malignant Chain|p1a: Primarina
|-supereffective|p1a: Primarina
|-damage|p1a: Primarina|59/100
|-status|p1a: Primarina|tox
|-start|p1a: Primarina|confusion|[from] ability: Poison Puppeteer|[of] p2a: Pecharunt
|-activate|p1a: Primarina|confusion
|move|p1a: Primarina|Psychic Noise|p2a: Pecharunt
|-supereffective|p2a: Pecharunt
|-damage|p2a: Pecharunt|0 fnt
|faint|p2a: Pecharunt
|
|-damage|p1a: Primarina|53/100 tox|[from] psn
|upkeep
|
|t:|1776104694
|switch|p2a: Corviknight|Corviknight, M|55/100
|-ability|p2a: Corviknight|Pressure
|turn|6
|
|t:|1776104714
|-end|p1a: Primarina|confusion
|move|p1a: Primarina|Surf|p2a: Corviknight
|-damage|p2a: Corviknight|4/100
|move|p2a: Corviknight|U-turn|p1a: Primarina
|-resisted|p1a: Primarina
|-damage|p1a: Primarina|43/100 tox
|
|t:|1776104724
|switch|p2a: Kyurem|Kyurem|87/100|[from] U-turn
|-ability|p2a: Kyurem|Pressure
|
|-damage|p1a: Primarina|31/100 tox|[from] psn
|upkeep
|turn|7
|
|t:|1776104731
|move|p2a: Kyurem|Freeze-Dry|p1a: Primarina
|-supereffective|p1a: Primarina
|-damage|p1a: Primarina|0 fnt
|faint|p1a: Primarina
|
|upkeep
|
|t:|1776104741
|switch|p1a: Arcanine|Arcanine-Hisui, M|100/100
|turn|8
|
|t:|1776104756
|switch|p2a: Keldeo|Keldeo|100/100
|move|p1a: Arcanine|Close Combat|p2a: Keldeo
|-damage|p2a: Keldeo|32/100
|-unboost|p1a: Arcanine|def|1
|-unboost|p1a: Arcanine|spd|1
|
|upkeep
|turn|9
|
|t:|1776104775
|switch|p1a: Slowking|Slowking-Galar, M|100/100
|move|p2a: Keldeo|Flip Turn|p1a: Slowking
|-damage|p1a: Slowking|86/100
|
|t:|1776104788
|switch|p2a: Iron Valiant|Iron Valiant|100/100|[from] Flip Turn
|-enditem|p2a: Iron Valiant|Booster Energy
|-activate|p2a: Iron Valiant|ability: Quark Drive|[fromitem]
|-start|p2a: Iron Valiant|quarkdrivespe
|
|upkeep
|turn|10
|
|t:|1776104804
|-terastallize|p2a: Iron Valiant|Dark
|move|p2a: Iron Valiant|Swords Dance|p2a: Iron Valiant
|-boost|p2a: Iron Valiant|atk|2
|move|p1a: Slowking|Sludge Bomb|p2a: Iron Valiant
|-damage|p2a: Iron Valiant|44/100
|-status|p2a: Iron Valiant|psn
|
|-damage|p2a: Iron Valiant|32/100 psn|[from] psn
|upkeep
|turn|11
|
|t:|1776104812
|switch|p1a: Corviknight|Corviknight, F|29/100
|-ability|p1a: Corviknight|Pressure
|move|p2a: Iron Valiant|Knock Off|p1a: Corviknight
|-damage|p1a: Corviknight|0 fnt
|-damage|p2a: Iron Valiant|15/100 psn|[from] item: Rocky Helmet|[of] p1a: Corviknight
|-enditem|p1a: Corviknight|Rocky Helmet|[from] move: Knock Off|[of] p2a: Iron Valiant
|faint|p1a: Corviknight
|
|-damage|p2a: Iron Valiant|3/100 psn|[from] psn
|upkeep
|
|t:|1776104825
|switch|p1a: Meowscarada|Meowscarada, F|84/100
|turn|12
|
|t:|1776104832
|move|p1a: Meowscarada|U-turn|p2a: Iron Valiant
|-start|p1a: Meowscarada|typechange|Bug|[from] ability: Protean
|-supereffective|p2a: Iron Valiant
|-damage|p2a: Iron Valiant|0 fnt
|faint|p2a: Iron Valiant
|-end|p2a: Iron Valiant|Quark Drive|[silent]
|
|t:|1776104837
|switch|p1a: Slowking|Slowking-Galar, M|100/100|[from] U-turn
|
|upkeep
|
|t:|1776104850
|switch|p2a: Kyurem|Kyurem|87/100
|-ability|p2a: Kyurem|Pressure
|turn|13
|
|t:|1776104856
|move|p2a: Kyurem|Draco Meteor|p1a: Slowking
|-damage|p1a: Slowking|37/100
|-unboost|p2a: Kyurem|spa|2
|move|p1a: Slowking|Future Sight|p2a: Kyurem
|-start|p1a: Slowking|move: Future Sight
|
|upkeep
|turn|14
|
|t:|1776104870
|switch|p2a: Garganacl|Garganacl, F|100/100
|-prepare|p1a: Slowking|Chilly Reception|[premajor]
|move|p1a: Slowking|Chilly Reception|p1a: Slowking
|-weather|Snowscape
|
|t:|1776104883
|switch|p1a: Great Tusk|Great Tusk|100/100|[from] Chilly Reception
|
|-weather|Snowscape|[upkeep]
|upkeep
|turn|15
|
|t:|1776104891
|switch|p2a: Corviknight|Corviknight, M|4/100
|-ability|p2a: Corviknight|Pressure
|move|p1a: Great Tusk|Stealth Rock|p2a: Corviknight
|-sidestart|p2: sollyman|move: Stealth Rock
|
|-weather|Snowscape|[upkeep]
|-end|p2a: Corviknight|move: Future Sight
|-resisted|p2a: Corviknight
|-damage|p2a: Corviknight|0 fnt
|faint|p2a: Corviknight
|upkeep
|
|t:|1776104894
|switch|p2a: Keldeo|Keldeo|32/100
|turn|16
|
|t:|1776104905
|-end|p1a: Great Tusk|Protosynthesis|[silent]
|switch|p1a: Slowking|Slowking-Galar, M|70/100
|move|p2a: Keldeo|Surf|p1a: Slowking
|-damage|p1a: Slowking|42/100
|
|-weather|Snowscape|[upkeep]
|upkeep
|turn|17
|
|t:|1776104913
|move|p2a: Keldeo|Surf|p1a: Slowking
|-damage|p1a: Slowking|14/100
|-prepare|p1a: Slowking|Chilly Reception|[premajor]
|move|p1a: Slowking|Chilly Reception|p1a: Slowking
|
|t:|1776104915
|switch|p1a: Meowscarada|Meowscarada, F|84/100|[from] Chilly Reception
|
|-weather|Snowscape|[upkeep]
|upkeep
|turn|18
|
|t:|1776104919
|move|p2a: Keldeo|Vacuum Wave|p1a: Meowscarada
|-supereffective|p1a: Meowscarada
|-damage|p1a: Meowscarada|24/100
|move|p1a: Meowscarada|Flower Trick|p2a: Keldeo
|-start|p1a: Meowscarada|typechange|Grass|[from] ability: Protean
|-supereffective|p2a: Keldeo
|-crit|p2a: Keldeo
|-damage|p2a: Keldeo|0 fnt
|faint|p2a: Keldeo
|
|-weather|none
|upkeep
|
|t:|1776104924
|switch|p2a: Kyurem|Kyurem|87/100
|-damage|p2a: Kyurem|62/100|[from] Stealth Rock
|-ability|p2a: Kyurem|Pressure
|turn|19
|
|t:|1776104941
|switch|p1a: Great Tusk|Great Tusk|100/100
|move|p2a: Kyurem|Ice Beam|p1a: Great Tusk
|-supereffective|p1a: Great Tusk
|-damage|p1a: Great Tusk|0 fnt
|faint|p1a: Great Tusk
|-end|p1a: Great Tusk|Protosynthesis|[silent]
|
|upkeep
|
|t:|1776104948
|switch|p1a: Arcanine|Arcanine-Hisui, M|100/100
|turn|20
|
|t:|1776104952
|move|p2a: Kyurem|Ice Beam|p1a: Arcanine
|-resisted|p1a: Arcanine
|-damage|p1a: Arcanine|57/100
|move|p1a: Arcanine|Flare Blitz|p2a: Kyurem
|-damage|p2a: Kyurem|0 fnt
|faint|p2a: Kyurem
|
|upkeep
|-message|sollyman forfeited.
|
|win|TheMutanabbi
|raw|TheMutanabbi's rating: 1440 &rarr; <strong>1462</strong><br />(+22 for winning)
|raw|sollyman's rating: 1470 &rarr; <strong>1448</strong><br />(-22 for losing)
|l|☆sollyman
|player|p2|
|l|☆TheMutanabbi
|player|p1|
