|html|<div class="broadcast-blue"><strong>[Gen 9] OU is currently suspecting Tera Blast! For information on how to participate check out the <a href="https://www.smogon.com/tools/suspects/view/200">suspect thread</a>.</strong></div>
|j|☆Kingozen
|j|☆abate fabs
|t:|1776098655
|gametype|singles
|player|p1|Kingozen|ghetsis-gen5bw|1277
|player|p2|abate fabs|touristf|1227
|gen|9
|tier|[Gen 9] OU
|rated|
|rule|HP Percentage Mod: HP is shown in percentages
|rule|Endless Battle Clause: Forcing endless battles is banned
|rule|Species Clause: Limit one of each Pokémon
|rule|OHKO Clause: OHKO moves are banned
|rule|Evasion Items Clause: Evasion items are banned
|rule|Evasion Moves Clause: Evasion moves are banned
|rule|Evasion Abilities Clause: Evasion abilities are banned
|rule|Sleep Moves Clause: Sleep-inducing moves are banned
|clearpoke
|poke|p1|Iron Crown|
|poke|p1|Samurott-Hisui, M|
|poke|p1|Zapdos|
|poke|p1|Dragapult, F|
|poke|p1|Great Tusk|
|poke|p1|Iron Boulder|
|poke|p2|Umbreon, F|
|poke|p2|Mandibuzz, F|
|poke|p2|Clodsire, M|
|poke|p2|Hatterene, F|
|poke|p2|Slowking, M|
|poke|p2|Crocalor, F|
|teampreview
|inactive|Battle timer is ON: inactive players will automatically lose when time's up. (requested by abate fabs)
|
|t:|1776098662
|teamsize|p1|6
|teamsize|p2|6
|start
|switch|p1a: Pump It|Great Tusk|100/100
|switch|p2a: Checktung|Slowking, M|100/100
|turn|1
|
|t:|1776098668
|move|p1a: Pump It|Stealth Rock|p2a: Checktung
|-sidestart|p2: abate fabs|move: Stealth Rock
|move|p2a: Checktung|Scald|p1a: Pump It
|-supereffective|p1a: Pump It
|-damage|p1a: Pump It|0 fnt
|faint|p1a: Pump It
|-end|p1a: Pump It|Protosynthesis|[silent]
|
|upkeep
|
|t:|1776098674
|switch|p1a: Everytime We Touch|Samurott-Hisui, M|100/100
|turn|2
|
|t:|1776098690
|switch|p2a: Checking|Mandibuzz, F|100/100
|move|p1a: Everytime We Touch|Ceaseless Edge|p2a: Checking
|-resisted|p2a: Checking
|-damage|p2a: Checking|88/100
|-sidestart|p2: abate fabs|Spikes
|
|upkeep
|turn|3
|
|t:|1776098697
|switch|p1a: Hurikan|Zapdos|100/100
|move|p2a: Checking|Toxic|p1a: Hurikan
|-status|p1a: Hurikan|tox
|
|-damage|p1a: Hurikan|94/100 tox|[from] psn
|upkeep
|turn|4
|
|t:|1776098704
|move|p1a: Hurikan|U-turn|p2a: Checking
|-damage|p2a: Checking|80/100
|
|t:|1776098709
|switch|p1a: Mindreader|Iron Crown|100/100|[from] U-turn
|move|p2a: Checking|Defog|p1a: Mindreader
|-unboost|p1a: Mindreader|evasion|1
|-sideend|p2: abate fabs|Spikes|[from] move: Defog|[of] p2a: Checking
|-sideend|p2: abate fabs|Stealth Rock|[from] move: Defog|[of] p2a: Checking
|
|upkeep
|turn|5
|
|t:|1776098716
|move|p1a: Mindreader|Volt Switch|p2a: Checking
|-supereffective|p2a: Checking
|-damage|p2a: Checking|14/100
|c|☆abate fabs|Read the mind reader's mind
|
|t:|1776098720
|-end|p1a: Mindreader|Quark Drive|[silent]
|switch|p1a: Hurikan|Zapdos|94/100 tox|[from] Volt Switch
|move|p2a: Checking|Foul Play|p1a: Hurikan
|-damage|p1a: Hurikan|75/100 tox
|
|-damage|p1a: Hurikan|69/100 tox|[from] psn
|upkeep
|turn|6
|
|t:|1776098737
|switch|p2a: Checkelung|Clodsire, M|100/100
|move|p1a: Hurikan|Hurricane|p2a: Checkelung|[miss]
|-miss|p1a: Hurikan|p2a: Checkelung
|
|-damage|p1a: Hurikan|57/100 tox|[from] psn
|upkeep
|turn|7
|
|t:|1776098743
|move|p1a: Hurikan|Roost|p1a: Hurikan
|-heal|p1a: Hurikan|100/100 tox
|-singleturn|p1a: Hurikan|move: Roost
|move|p2a: Checkelung|Stealth Rock|p1a: Hurikan
|-sidestart|p1: Kingozen|move: Stealth Rock
|
|-damage|p1a: Hurikan|82/100 tox|[from] psn
|upkeep
|turn|8
|
|t:|1776098765
|switch|p1a: Mindreader|Iron Crown|100/100
|-damage|p1a: Mindreader|94/100|[from] Stealth Rock
|move|p2a: Checkelung|Gunk Shot|p1a: Mindreader
|-immune|p1a: Mindreader
|
|upkeep
|turn|9
|
|t:|1776098779
|switch|p2a: Checkaloo|Crocalor, F|100/100
|move|p1a: Mindreader|Tachyon Cutter|p2a: Checkaloo
|-resisted|p2a: Checkaloo
|-damage|p2a: Checkaloo|90/100
|-resisted|p2a: Checkaloo
|-damage|p2a: Checkaloo|79/100
|-hitcount|p2a: Checkaloo|2
|
|upkeep
|turn|10
|
|t:|1776098787
|-end|p1a: Mindreader|Quark Drive|[silent]
|switch|p1a: Everytime We Touch|Samurott-Hisui, M|100/100
|-damage|p1a: Everytime We Touch|88/100|[from] Stealth Rock
|move|p2a: Checkaloo|Will-O-Wisp|p1a: Everytime We Touch
|-status|p1a: Everytime We Touch|brn
|
|-damage|p1a: Everytime We Touch|82/100 brn|[from] brn
|upkeep
|turn|11
|
|t:|1776098799
|move|p1a: Everytime We Touch|Ceaseless Edge|p2a: Checkaloo
|-damage|p2a: Checkaloo|60/100
|-sidestart|p2: abate fabs|Spikes
|move|p2a: Checkaloo|Fire Spin|p1a: Everytime We Touch
|-resisted|p1a: Everytime We Touch
|-damage|p1a: Everytime We Touch|73/100 brn
|-activate|p1a: Everytime We Touch|move: Fire Spin|[of] p2a: Checkaloo
|
|-damage|p1a: Everytime We Touch|67/100 brn|[from] brn
|-damage|p1a: Everytime We Touch|54/100 brn|[from] move: Fire Spin|[partiallytrapped]
|upkeep
|turn|12
|
|t:|1776098822
|move|p1a: Everytime We Touch|Ceaseless Edge|p2a: Checkaloo
|-damage|p2a: Checkaloo|42/100
|-sidestart|p2: abate fabs|Spikes
|move|p2a: Checkaloo|Slack Off|p2a: Checkaloo
|-heal|p2a: Checkaloo|92/100
|
|-damage|p1a: Everytime We Touch|48/100 brn|[from] brn
|-damage|p1a: Everytime We Touch|35/100 brn|[from] move: Fire Spin|[partiallytrapped]
|upkeep
|turn|13
|
|t:|1776098827
|move|p1a: Everytime We Touch|Ceaseless Edge|p2a: Checkaloo
|-damage|p2a: Checkaloo|76/100
|-sidestart|p2: abate fabs|Spikes
|move|p2a: Checkaloo|Flamethrower|p1a: Everytime We Touch
|-resisted|p1a: Everytime We Touch
|-damage|p1a: Everytime We Touch|13/100 brn
|
|-damage|p1a: Everytime We Touch|7/100 brn|[from] brn
|-damage|p1a: Everytime We Touch|0 fnt|[from] move: Fire Spin|[partiallytrapped]
|faint|p1a: Everytime We Touch
|upkeep
|
|t:|1776098836
|switch|p1a: Revery|Iron Boulder|100/100
|-damage|p1a: Revery|88/100|[from] Stealth Rock
|-enditem|p1a: Revery|Booster Energy
|-activate|p1a: Revery|ability: Quark Drive|[fromitem]
|-start|p1a: Revery|quarkdrivespe
|turn|14
|
|t:|1776098844
|move|p1a: Revery|Swords Dance|p1a: Revery
|-boost|p1a: Revery|atk|2
|move|p2a: Checkaloo|Will-O-Wisp|p1a: Revery
|-status|p1a: Revery|brn
|
|-damage|p1a: Revery|82/100 brn|[from] brn
|upkeep
|turn|15
|
|t:|1776098849
|move|p1a: Revery|Mighty Cleave|p2a: Checkaloo
|-supereffective|p2a: Checkaloo
|-damage|p2a: Checkaloo|41/100
|move|p2a: Checkaloo|Fire Spin|p1a: Revery
|-resisted|p1a: Revery
|-damage|p1a: Revery|76/100 brn
|-activate|p1a: Revery|move: Fire Spin|[of] p2a: Checkaloo
|
|-damage|p1a: Revery|70/100 brn|[from] brn
|-damage|p1a: Revery|58/100 brn|[from] move: Fire Spin|[partiallytrapped]
|upkeep
|turn|16
|
|t:|1776098855
|move|p1a: Revery|Mighty Cleave|p2a: Checkaloo
|-supereffective|p2a: Checkaloo
|-damage|p2a: Checkaloo|3/100
|move|p2a: Checkaloo|Slack Off|p2a: Checkaloo
|-heal|p2a: Checkaloo|53/100
|
|-damage|p1a: Revery|51/100 brn|[from] brn
|-damage|p1a: Revery|39/100 brn|[from] move: Fire Spin|[partiallytrapped]
|upkeep
|turn|17
|
|t:|1776098860
|move|p1a: Revery|Mighty Cleave|p2a: Checkaloo
|-supereffective|p2a: Checkaloo
|-damage|p2a: Checkaloo|15/100
|move|p2a: Checkaloo|Slack Off|p2a: Checkaloo
|-heal|p2a: Checkaloo|65/100
|
|-damage|p1a: Revery|33/100 brn|[from] brn
|-damage|p1a: Revery|20/100 brn|[from] move: Fire Spin|[partiallytrapped]
|upkeep
|turn|18
|
|t:|1776098866
|move|p1a: Revery|Swords Dance|p1a: Revery
|-boost|p1a: Revery|atk|2
|move|p2a: Checkaloo|Slack Off|p2a: Checkaloo
|-heal|p2a: Checkaloo|100/100
|
|-damage|p1a: Revery|14/100 brn|[from] brn
|-damage|p1a: Revery|1/100 brn|[from] move: Fire Spin|[partiallytrapped]
|upkeep
|turn|19
|
|t:|1776098867
|move|p1a: Revery|Mighty Cleave|p2a: Checkaloo
|-supereffective|p2a: Checkaloo
|-damage|p2a: Checkaloo|66/100
|move|p2a: Checkaloo|Slack Off|p2a: Checkaloo
|-heal|p2a: Checkaloo|100/100
|
|-damage|p1a: Revery|0 fnt|[from] brn
|faint|p1a: Revery
|-end|p1a: Revery|Quark Drive|[silent]
|upkeep
|
|t:|1776098873
|switch|p1a: Parasite|Dragapult, F|100/100
|-damage|p1a: Parasite|88/100|[from] Stealth Rock
|turn|20
|
|t:|1776098883
|move|p1a: Parasite|Dragon Darts|p2a: Checkaloo
|-damage|p2a: Checkaloo|74/100
|-anim|p1a: Parasite|Dragon Darts|p2a: Checkaloo
|-damage|p2a: Checkaloo|44/100
|move|p2a: Checkaloo|Will-O-Wisp|p1a: Parasite
|-status|p1a: Parasite|brn
|
|-damage|p1a: Parasite|82/100 brn|[from] brn
|upkeep
|turn|21
|-message|Kingozen forfeited.
|
|win|abate fabs
|raw|Kingozen's rating: 1277 &rarr; <strong>1248</strong><br />(-29 for losing)
|raw|abate fabs's rating: 1227 &rarr; <strong>1256</strong><br />(+29 for winning)
|l|☆Kingozen
|player|p1|
|l|☆abate fabs
|player|p2|
