|html|<div class="broadcast-blue"><strong>[Gen 9] OU is currently suspecting Tera Blast! For information on how to participate check out the <a href="https://www.smogon.com/tools/suspects/view/200">suspect thread</a>.</strong></div>
|j|☆eucalipto69!
|j|☆I buy roblox items
|t:|1776110794
|gametype|singles
|player|p1|eucalipto69!|steven|1475
|player|p2|I buy roblox items|gentleman-gen1|1537
|gen|9
|tier|[Gen 9] OU
|rated|
|rule|HP Percentage Mod: HP is shown in percentages
|rule|Endless Battle Clause: Forcing endless battles is banned
|rule|Species Clause: Limit one of each Pokémon
|rule|OHKO Clause: OHKO moves are banned
|rule|Evasion Items Clause: Evasion items are banned
|rule|Evasion Moves Clause: Evasion moves are banned
|rule|Evasion Abilities Clause: Evasion abilities are banned
|rule|Sleep Moves Clause: Sleep-inducing moves are banned
|clearpoke
|poke|p1|Haxorus, M|
|poke|p1|Grimmsnarl, M|
|poke|p1|Great Tusk|
|poke|p1|Zapdos|
|poke|p1|Kingambit, M|
|poke|p1|Typhlosion, F|
|poke|p2|Entei|
|poke|p2|Kyurem|
|poke|p2|Zamazenta-*|
|poke|p2|Quaquaval, M|
|poke|p2|Muk-Alola, F|
|poke|p2|Ceruledge, M|
|teampreview
|inactive|Battle timer is ON: inactive players will automatically lose when time's up. (requested by I buy roblox items)
|
|t:|1776110805
|teamsize|p1|6
|teamsize|p2|6
|start
|switch|p1a: Typhlosion|Typhlosion, F|100/100
|switch|p2a: Entei|Entei|100/100
|-ability|p2a: Entei|Pressure
|turn|1
|
|t:|1776110815
|move|p1a: Typhlosion|Scorching Sands|p2a: Entei
|-supereffective|p2a: Entei
|-damage|p2a: Entei|54/100
|move|p2a: Entei|Substitute|p2a: Entei
|-start|p2a: Entei|Substitute
|-damage|p2a: Entei|29/100
|
|-heal|p2a: Entei|36/100|[from] item: Leftovers
|upkeep
|turn|2
|
|t:|1776110819
|move|p2a: Entei|Protect|p2a: Entei
|-singleturn|p2a: Entei|Protect
|move|p1a: Typhlosion|Scorching Sands|p2a: Entei
|-activate|p2a: Entei|move: Protect
|
|-heal|p2a: Entei|42/100|[from] item: Leftovers
|upkeep
|turn|3
|
|t:|1776110824
|move|p1a: Typhlosion|Scorching Sands|p2a: Entei
|-supereffective|p2a: Entei
|-crit|p2a: Entei
|-end|p2a: Entei|Substitute
|move|p2a: Entei|Stomping Tantrum|p1a: Typhlosion
|-supereffective|p1a: Typhlosion
|-damage|p1a: Typhlosion|42/100
|
|-heal|p2a: Entei|48/100|[from] item: Leftovers
|upkeep
|turn|4
|
|t:|1776110829
|move|p2a: Entei|Protect|p2a: Entei
|-singleturn|p2a: Entei|Protect
|move|p1a: Typhlosion|Scorching Sands|p2a: Entei
|-activate|p2a: Entei|move: Protect
|
|-heal|p2a: Entei|54/100|[from] item: Leftovers
|upkeep
|turn|5
|
|t:|1776110830
|move|p1a: Typhlosion|Scorching Sands|p2a: Entei
|-supereffective|p2a: Entei
|-crit|p2a: Entei
|-damage|p2a: Entei|0 fnt
|faint|p2a: Entei
|
|upkeep
|
|t:|1776110838
|switch|p2a: 🥢🆙🎣|Kyurem|100/100
|-ability|p2a: 🥢🆙🎣|Pressure
|turn|6
|
|t:|1776110843
|switch|p1a: Kingambit|Kingambit, M, shiny|100/100
|move|p2a: 🥢🆙🎣|Substitute|p2a: 🥢🆙🎣
|-start|p2a: 🥢🆙🎣|Substitute
|-damage|p2a: 🥢🆙🎣|76/100
|
|-heal|p2a: 🥢🆙🎣|82/100|[from] item: Leftovers
|upkeep
|turn|7
|
|t:|1776110846
|switch|p2a: Zamazenta|Zamazenta|100/100
|-ability|p2a: Zamazenta|Dauntless Shield|boost
|-boost|p2a: Zamazenta|def|1
|move|p1a: Kingambit|Iron Head|p2a: Zamazenta
|-damage|p2a: Zamazenta|80/100
|
|-heal|p2a: Zamazenta|86/100|[from] item: Leftovers
|upkeep
|turn|8
|
|t:|1776110849
|switch|p1a: Zapdos|Zapdos|100/100
|move|p2a: Zamazenta|Substitute|p2a: Zamazenta
|-start|p2a: Zamazenta|Substitute
|-damage|p2a: Zamazenta|61/100
|
|-heal|p2a: Zamazenta|67/100|[from] item: Leftovers
|upkeep
|turn|9
|
|t:|1776110854
|move|p2a: Zamazenta|Snarl|p1a: Zapdos
|-damage|p1a: Zapdos|90/100
|-unboost|p1a: Zapdos|spa|1
|move|p1a: Zapdos|Discharge|p2a: Zamazenta
|-activate|p2a: Zamazenta|move: Substitute|[damage]
|
|-heal|p2a: Zamazenta|73/100|[from] item: Leftovers
|upkeep
|turn|10
|
|t:|1776110860
|move|p2a: Zamazenta|Snarl|p1a: Zapdos|[miss]
|-miss|p2a: Zamazenta|p1a: Zapdos
|move|p1a: Zapdos|Hurricane|p2a: Zamazenta|[miss]
|-miss|p1a: Zapdos|p2a: Zamazenta
|
|-heal|p2a: Zamazenta|79/100|[from] item: Leftovers
|upkeep
|turn|11
|
|t:|1776110869
|switch|p1a: Kingambit|Kingambit, M, shiny|100/100
|move|p2a: Zamazenta|Snarl|p1a: Kingambit
|-resisted|p1a: Kingambit
|-damage|p1a: Kingambit|97/100
|-unboost|p1a: Kingambit|spa|1
|-ability|p1a: Kingambit|Defiant|boost
|-boost|p1a: Kingambit|atk|2
|
|-heal|p2a: Zamazenta|85/100|[from] item: Leftovers
|upkeep
|turn|12
|
|t:|1776110874
|switch|p1a: Zapdos|Zapdos|90/100
|move|p2a: Zamazenta|Iron Defense|p2a: Zamazenta
|-boost|p2a: Zamazenta|def|2
|
|-heal|p2a: Zamazenta|91/100|[from] item: Leftovers
|upkeep
|turn|13
|
|t:|1776110884
|move|p2a: Zamazenta|Snarl|p1a: Zapdos
|-damage|p1a: Zapdos|79/100
|-unboost|p1a: Zapdos|spa|1
|move|p1a: Zapdos|Discharge|p2a: Zamazenta
|-end|p2a: Zamazenta|Substitute
|
|-heal|p2a: Zamazenta|97/100|[from] item: Leftovers
|upkeep
|turn|14
|
|t:|1776110890
|move|p2a: Zamazenta|Substitute|p2a: Zamazenta
|-start|p2a: Zamazenta|Substitute
|-damage|p2a: Zamazenta|72/100
|move|p1a: Zapdos|Hurricane|p2a: Zamazenta
|-supereffective|p2a: Zamazenta
|-end|p2a: Zamazenta|Substitute
|
|-heal|p2a: Zamazenta|78/100|[from] item: Leftovers
|upkeep
|turn|15
|
|t:|1776110894
|move|p2a: Zamazenta|Substitute|p2a: Zamazenta
|-start|p2a: Zamazenta|Substitute
|-damage|p2a: Zamazenta|53/100
|move|p1a: Zapdos|Hurricane|p2a: Zamazenta
|-supereffective|p2a: Zamazenta
|-end|p2a: Zamazenta|Substitute
|
|-heal|p2a: Zamazenta|59/100|[from] item: Leftovers
|upkeep
|turn|16
|
|t:|1776110898
|move|p2a: Zamazenta|Substitute|p2a: Zamazenta
|-start|p2a: Zamazenta|Substitute
|-damage|p2a: Zamazenta|35/100
|move|p1a: Zapdos|Hurricane|p2a: Zamazenta
|-supereffective|p2a: Zamazenta
|-end|p2a: Zamazenta|Substitute
|
|-heal|p2a: Zamazenta|41/100|[from] item: Leftovers
|upkeep
|turn|17
|
|t:|1776110904
|move|p2a: Zamazenta|Body Press|p1a: Zapdos
|-resisted|p1a: Zapdos
|-damage|p1a: Zapdos|37/100
|move|p1a: Zapdos|Hurricane|p2a: Zamazenta|[miss]
|-miss|p1a: Zapdos|p2a: Zamazenta
|
|-heal|p2a: Zamazenta|47/100|[from] item: Leftovers
|upkeep
|turn|18
|
|t:|1776110909
|move|p2a: Zamazenta|Body Press|p1a: Zapdos
|-resisted|p1a: Zapdos
|-damage|p1a: Zapdos|0 fnt
|faint|p1a: Zapdos
|
|-heal|p2a: Zamazenta|53/100|[from] item: Leftovers
|upkeep
|
|t:|1776110920
|switch|p1a: Grimmsnarl|Grimmsnarl, M|100/100
|turn|19
|
|t:|1776110924
|move|p1a: Grimmsnarl|Thunder Wave|p2a: Zamazenta|[miss]
|-miss|p1a: Grimmsnarl|p2a: Zamazenta
|move|p2a: Zamazenta|Substitute|p2a: Zamazenta
|-start|p2a: Zamazenta|Substitute
|-damage|p2a: Zamazenta|28/100
|
|-heal|p2a: Zamazenta|34/100|[from] item: Leftovers
|upkeep
|turn|20
|c|☆I buy roblox items|im bad
|c|☆eucalipto69!|Pf
|inactive|eucalipto69! has 120 seconds left.
|
|t:|1776110958
|move|p1a: Grimmsnarl|Reflect|p1a: Grimmsnarl
|-sidestart|p1: eucalipto69!|Reflect
|move|p2a: Zamazenta|Iron Defense|p2a: Zamazenta
|-boost|p2a: Zamazenta|def|2
|
|-heal|p2a: Zamazenta|40/100|[from] item: Leftovers
|upkeep
|turn|21
|
|t:|1776110961
|move|p1a: Grimmsnarl|Light Screen|p1a: Grimmsnarl
|-sidestart|p1: eucalipto69!|move: Light Screen
|move|p2a: Zamazenta|Body Press|p1a: Grimmsnarl
|-damage|p1a: Grimmsnarl|46/100
|
|-heal|p2a: Zamazenta|46/100|[from] item: Leftovers
|upkeep
|turn|22
|
|t:|1776110964
|move|p2a: Zamazenta|Body Press|p1a: Grimmsnarl
|-damage|p1a: Grimmsnarl|0 fnt
|faint|p1a: Grimmsnarl
|
|-heal|p2a: Zamazenta|52/100|[from] item: Leftovers
|upkeep
|
|t:|1776110966
|switch|p1a: Typhlosion|Typhlosion, F|42/100
|turn|23
|
|t:|1776110969
|move|p1a: Typhlosion|Flamethrower|p2a: Zamazenta
|-end|p2a: Zamazenta|Substitute
|move|p2a: Zamazenta|Substitute|p2a: Zamazenta
|-start|p2a: Zamazenta|Substitute
|-damage|p2a: Zamazenta|27/100
|
|-heal|p2a: Zamazenta|33/100|[from] item: Leftovers
|upkeep
|turn|24
|
|t:|1776110973
|move|p1a: Typhlosion|Flamethrower|p2a: Zamazenta
|-end|p2a: Zamazenta|Substitute
|move|p2a: Zamazenta|Body Press|p1a: Typhlosion
|-damage|p1a: Typhlosion|0 fnt
|faint|p1a: Typhlosion
|
|-heal|p2a: Zamazenta|39/100|[from] item: Leftovers
|upkeep
|
|t:|1776110975
|switch|p1a: Haxorus|Haxorus, M, shiny|100/100
|-ability|p1a: Haxorus|Mold Breaker
|turn|25
|
|t:|1776110981
|-terastallize|p1a: Haxorus|Ghost
|move|p2a: Zamazenta|Body Press|p1a: Haxorus
|-immune|p1a: Haxorus
|move|p1a: Haxorus|Swords Dance|p1a: Haxorus
|-boost|p1a: Haxorus|atk|2
|
|-heal|p2a: Zamazenta|45/100|[from] item: Leftovers
|upkeep
|turn|26
|
|t:|1776110997
|switch|p2a: Muk|Muk-Alola, F|100/100
|move|p1a: Haxorus|Swords Dance|p1a: Haxorus
|-boost|p1a: Haxorus|atk|2
|
|upkeep
|turn|27
|
|t:|1776111003
|move|p1a: Haxorus|Scale Shot|p2a: Muk
|-damage|p2a: Muk|56/100
|-damage|p2a: Muk|7/100
|-damage|p2a: Muk|0 fnt
|faint|p2a: Muk
|-hitcount|p2: Muk|3
|-unboost|p1a: Haxorus|def|1
|-boost|p1a: Haxorus|spe|1
|
|-sideend|p1: eucalipto69!|Reflect
|upkeep
|
|t:|1776111012
|switch|p2a: 🥢🆙🎣|Kyurem|82/100
|-ability|p2a: 🥢🆙🎣|Pressure
|turn|28
|
|t:|1776111014
|move|p1a: Haxorus|Iron Head|p2a: 🥢🆙🎣
|-supereffective|p2a: 🥢🆙🎣
|-damage|p2a: 🥢🆙🎣|0 fnt
|faint|p2a: 🥢🆙🎣
|
|-sideend|p1: eucalipto69!|move: Light Screen
|upkeep
|
|t:|1776111029
|switch|p2a: Quaquaval|Quaquaval, M|100/100
|turn|29
|
|t:|1776111032
|move|p1a: Haxorus|Scale Shot|p2a: Quaquaval|[miss]
|-miss|p1a: Haxorus|p2a: Quaquaval
|move|p2a: Quaquaval|Knock Off|p1a: Haxorus
|-supereffective|p1a: Haxorus
|-damage|p1a: Haxorus|0 fnt
|-enditem|p1a: Haxorus|Loaded Dice|[from] move: Knock Off|[of] p2a: Quaquaval
|faint|p1a: Haxorus
|-ability|p2a: Quaquaval|Moxie|boost
|-boost|p2a: Quaquaval|atk|1
|
|upkeep
|inactive|eucalipto69! has 120 seconds left.
|c|☆eucalipto69!|Really
|c|☆eucalipto69!|Xddd
|
|t:|1776111079
|switch|p1a: Kingambit|Kingambit, M, shiny|97/100
|turn|30
|
|t:|1776111088
|move|p1a: Kingambit|Sucker Punch|p2a: Quaquaval
|-resisted|p2a: Quaquaval
|-damage|p2a: Quaquaval|76/100
|move|p2a: Quaquaval|Close Combat|p1a: Kingambit
|-supereffective|p1a: Kingambit
|-damage|p1a: Kingambit|0 fnt
|-unboost|p2a: Quaquaval|def|1
|-unboost|p2a: Quaquaval|spd|1
|faint|p1a: Kingambit
|-ability|p2a: Quaquaval|Moxie|boost
|-boost|p2a: Quaquaval|atk|1
|
|upkeep
|
|t:|1776111091
|switch|p1a: Great Tusk|Great Tusk|100/100
|turn|31
|
|t:|1776111095
|move|p1a: Great Tusk|Headlong Rush|p2a: Quaquaval
|-damage|p2a: Quaquaval|0 fnt
|-unboost|p1a: Great Tusk|def|1
|-unboost|p1a: Great Tusk|spd|1
|faint|p2a: Quaquaval
|
|upkeep
|
|t:|1776111098
|switch|p2a: Zamazenta|Zamazenta|45/100
|turn|32
|
|t:|1776111107
|move|p2a: Zamazenta|Iron Defense|p2a: Zamazenta
|-boost|p2a: Zamazenta|def|2
|move|p1a: Great Tusk|Rapid Spin|p2a: Zamazenta
|-damage|p2a: Zamazenta|38/100
|-boost|p1a: Great Tusk|spe|1
|
|-heal|p2a: Zamazenta|44/100|[from] item: Leftovers
|upkeep
|turn|33
|
|t:|1776111113
|move|p1a: Great Tusk|Headlong Rush|p2a: Zamazenta
|-damage|p2a: Zamazenta|19/100
|-unboost|p1a: Great Tusk|def|1
|-unboost|p1a: Great Tusk|spd|1
|move|p2a: Zamazenta|Body Press|p1a: Great Tusk
|-damage|p1a: Great Tusk|6/100
|
|-heal|p2a: Zamazenta|25/100|[from] item: Leftovers
|upkeep
|turn|34
|
|t:|1776111121
|move|p1a: Great Tusk|Headlong Rush|p2a: Zamazenta
|-damage|p2a: Zamazenta|4/100
|-unboost|p1a: Great Tusk|def|1
|-unboost|p1a: Great Tusk|spd|1
|move|p2a: Zamazenta|Snarl|p1a: Great Tusk
|-resisted|p1a: Great Tusk
|-damage|p1a: Great Tusk|0 fnt
|faint|p1a: Great Tusk
|-end|p1a: Great Tusk|Protosynthesis|[silent]
|
|win|I buy roblox items
|raw|eucalipto69!'s rating: 1475 &rarr; <strong>1459</strong><br />(-16 for losing)
|raw|I buy roblox items's rating: 1537 &rarr; <strong>1553</strong><br />(+16 for winning)
|l|☆eucalipto69!
|player|p1|
|l|☆I buy roblox items
|player|p2|
