|html|<div class="broadcast-blue"><strong>[Gen 9] OU is currently suspecting Volcarona! For information on how to participate check out the <a href="https://www.smogon.com/tools/suspects/view/208">suspect thread</a>.</strong></div>
|j|☆bam2222
|j|☆MrBeastYaoi
|t:|1778507833
|gametype|singles
|player|p1|bam2222|acetrainersnowf|1000
|player|p2|MrBeastYaoi|jasmine|1000
|gen|9
|tier|[Gen 9] OU
|rated|
|rule|HP Percentage Mod: HP is shown in percentages
|rule|Endless Battle Clause: Forcing endless battles is banned
|rule|Species Clause: Limit one of each Pokémon
|rule|OHKO Clause: OHKO moves are banned
|rule|Evasion Items Clause: Evasion items are banned
|rule|Evasion Moves Clause: Evasion moves are banned
|rule|Evasion Abilities Clause: Evasion abilities are banned
|rule|Sleep Moves Clause: Sleep-inducing moves are banned
|clearpoke
|poke|p1|Barraskewda, M|
|poke|p1|Dondozo, F|
|poke|p1|Thundurus-Therian, M|
|poke|p1|Pelipper, F|
|poke|p1|Walking Wake|
|poke|p1|Kingdra, F|
|poke|p2|Tyranitar, M|
|poke|p2|Excadrill, M|
|poke|p2|Toxapex, F|
|poke|p2|Ogerpon-Cornerstone, F|
|poke|p2|Iron Valiant|
|poke|p2|Tornadus-Therian, M|
|teampreview
|
|t:|1778507848
|teamsize|p1|6
|teamsize|p2|6
|start
|switch|p1a: Thundurus|Thundurus-Therian, M, shiny|100/100
|switch|p2a: Iron Valiant|Iron Valiant|100/100
|turn|1
|
|t:|1778507856
|move|p2a: Iron Valiant|Moonblast|p1a: Thundurus
|-damage|p1a: Thundurus|5/100
|move|p1a: Thundurus|Volt Switch|p2a: Iron Valiant
|-damage|p2a: Iron Valiant|35/100
|
|t:|1778507863
|switch|p1a: Walking Wake|Walking Wake|100/100|[from] Volt Switch
|
|upkeep
|turn|2
|
|t:|1778507872
|move|p1a: Walking Wake|Hydro Pump|p2a: Iron Valiant
|-damage|p2a: Iron Valiant|0 fnt
|faint|p2a: Iron Valiant
|-end|p2a: Iron Valiant|Quark Drive|[silent]
|
|upkeep
|
|t:|1778507877
|switch|p2a: Toxapex|Toxapex, F|100/100
|turn|3
|
|t:|1778507885
|-end|p1a: Walking Wake|Protosynthesis|[silent]
|switch|p1a: Pelipper|Pelipper, F|100/100
|-weather|RainDance|[from] ability: Drizzle|[of] p1a: Pelipper
|move|p2a: Toxapex|Toxic Spikes|p1a: Pelipper
|-sidestart|p1: bam2222|move: Toxic Spikes
|
|-weather|RainDance|[upkeep]
|upkeep
|turn|4
|
|t:|1778507901
|switch|p1a: Barraskewda|Barraskewda, M, shiny|100/100
|-status|p1a: Barraskewda|psn
|move|p2a: Toxapex|Toxic Spikes|p1a: Barraskewda
|-sidestart|p1: bam2222|move: Toxic Spikes
|
|-weather|RainDance|[upkeep]
|-damage|p1a: Barraskewda|88/100 psn|[from] psn
|upkeep
|turn|5
|
|t:|1778507914
|switch|p2a: Tyranitar|Tyranitar, M|100/100
|-weather|Sandstorm|[from] ability: Sand Stream|[of] p2a: Tyranitar
|move|p1a: Barraskewda|Flip Turn|p2a: Tyranitar
|-supereffective|p2a: Tyranitar
|-damage|p2a: Tyranitar|12/100
|
|t:|1778507922
|switch|p1a: Pelipper|Pelipper, F|100/100|[from] Flip Turn
|-weather|RainDance|[from] ability: Drizzle|[of] p1a: Pelipper
|
|-weather|RainDance|[upkeep]
|upkeep
|turn|6
|
|t:|1778507931
|switch|p2a: Toxapex|Toxapex, F|100/100
|move|p1a: Pelipper|U-turn|p2a: Toxapex
|-resisted|p2a: Toxapex
|-damage|p2a: Toxapex|97/100
|-enditem|p2a: Toxapex|Eject Button
|
|t:|1778507934
|switch|p2a: Tornadus|Tornadus-Therian, M|100/100
|
|-weather|RainDance|[upkeep]
|upkeep
|turn|7
|
|t:|1778507945
|move|p2a: Tornadus|Bleakwind Storm|p1a: Pelipper
|-damage|p1a: Pelipper|0 fnt
|faint|p1a: Pelipper
|
|-weather|RainDance|[upkeep]
|upkeep
|
|t:|1778507953
|switch|p1a: Thundurus|Thundurus-Therian, M, shiny|5/100
|turn|8
|
|t:|1778507960
|switch|p2a: Tyranitar|Tyranitar, M|12/100
|-weather|Sandstorm|[from] ability: Sand Stream|[of] p2a: Tyranitar
|move|p1a: Thundurus|Thunder|p2a: Tyranitar|[miss]
|-miss|p1a: Thundurus|p2a: Tyranitar
|
|-weather|Sandstorm|[upkeep]
|-damage|p1a: Thundurus|0 fnt|[from] Sandstorm
|faint|p1a: Thundurus
|upkeep
|
|t:|1778507980
|switch|p1a: Barraskewda|Barraskewda, M, shiny|88/100 psn
|turn|9
|
|t:|1778507998
|switch|p2a: Excadrill|Excadrill, M|100/100
|move|p1a: Barraskewda|Liquidation|p2a: Excadrill
|-supereffective|p2a: Excadrill
|-damage|p2a: Excadrill|0 fnt
|faint|p2a: Excadrill
|
|-weather|Sandstorm|[upkeep]
|-damage|p1a: Barraskewda|82/100 psn|[from] Sandstorm
|-damage|p1a: Barraskewda|70/100 psn|[from] psn
|upkeep
|
|t:|1778508005
|switch|p2a: Tornadus|Tornadus-Therian, M|100/100
|turn|10
|
|t:|1778508015
|switch|p1a: Dondozo|Dondozo, F|100/100
|-status|p1a: Dondozo|tox
|move|p2a: Tornadus|Grass Knot|p1a: Dondozo
|-supereffective|p1a: Dondozo
|-damage|p1a: Dondozo|0 fnt
|-damage|p2a: Tornadus|84/100|[from] item: Rocky Helmet|[of] p1a: Dondozo
|faint|p1a: Dondozo
|
|-weather|Sandstorm|[upkeep]
|-damage|p2a: Tornadus|78/100|[from] Sandstorm
|upkeep
|
|t:|1778508030
|switch|p1a: Barraskewda|Barraskewda, M, shiny|70/100 psn
|turn|11
|
|t:|1778508039
|switch|p2a: Toxapex|Toxapex, F|100/100
|move|p1a: Barraskewda|Flip Turn|p2a: Toxapex
|-resisted|p2a: Toxapex
|-damage|p2a: Toxapex|84/100
|
|t:|1778508048
|switch|p1a: Kingdra|Kingdra, F, shiny|100/100|[from] Flip Turn
|-status|p1a: Kingdra|tox
|
|-weather|Sandstorm|[upkeep]
|-damage|p1a: Kingdra|94/100 tox|[from] Sandstorm
|-damage|p2a: Toxapex|78/100|[from] Sandstorm
|-damage|p1a: Kingdra|88/100 tox|[from] psn
|upkeep
|turn|12
|inactive|Battle timer is ON: inactive players will automatically lose when time's up. (requested by MrBeastYaoi)
|
|t:|1778508163
|move|p1a: Kingdra|Flip Turn|p2a: Toxapex
|-resisted|p2a: Toxapex
|-damage|p2a: Toxapex|69/100
|-damage|p1a: Kingdra|78/100 tox|[from] item: Life Orb
|
|t:|1778508178
|switch|p1a: Walking Wake|Walking Wake|100/100|[from] Flip Turn
|-status|p1a: Walking Wake|tox
|move|p2a: Toxapex|Recover|p2a: Toxapex
|-heal|p2a: Toxapex|100/100
|
|-weather|Sandstorm|[upkeep]
|-damage|p1a: Walking Wake|94/100 tox|[from] Sandstorm
|-damage|p2a: Toxapex|95/100|[from] Sandstorm
|-damage|p1a: Walking Wake|88/100 tox|[from] psn
|upkeep
|turn|13
|
|t:|1778508203
|move|p1a: Walking Wake|Dragon Pulse|p2a: Toxapex
|-damage|p2a: Toxapex|68/100
|move|p2a: Toxapex|Recover|p2a: Toxapex
|-heal|p2a: Toxapex|100/100
|
|-weather|Sandstorm|[upkeep]
|-damage|p1a: Walking Wake|82/100 tox|[from] Sandstorm
|-damage|p2a: Toxapex|95/100|[from] Sandstorm
|-damage|p1a: Walking Wake|70/100 tox|[from] psn
|upkeep
|turn|14
|
|t:|1778508222
|move|p1a: Walking Wake|Dragon Pulse|p2a: Toxapex
|-damage|p2a: Toxapex|66/100
|move|p2a: Toxapex|Recover|p2a: Toxapex
|-heal|p2a: Toxapex|100/100
|
|-weather|Sandstorm|[upkeep]
|-damage|p1a: Walking Wake|64/100 tox|[from] Sandstorm
|-damage|p2a: Toxapex|95/100|[from] Sandstorm
|-damage|p1a: Walking Wake|46/100 tox|[from] psn
|upkeep
|turn|15
|inactive|MrBeastYaoi has 120 seconds left.
|inactive|bam2222 has 120 seconds left.
|
|t:|1778508252
|-end|p1a: Walking Wake|Protosynthesis|[silent]
|switch|p1a: Kingdra|Kingdra, F, shiny|78/100 tox
|move|p2a: Toxapex|Recover|p2a: Toxapex
|-heal|p2a: Toxapex|100/100
|
|-weather|none
|-damage|p1a: Kingdra|72/100 tox|[from] psn
|upkeep
|turn|16
|inactive|bam2222 has 120 seconds left.
|
|t:|1778508263
|switch|p2a: Tyranitar|Tyranitar, M|12/100
|-weather|Sandstorm|[from] ability: Sand Stream|[of] p2a: Tyranitar
|move|p1a: Kingdra|Hydro Pump|p2a: Tyranitar
|-supereffective|p2a: Tyranitar
|-damage|p2a: Tyranitar|0 fnt
|faint|p2a: Tyranitar
|-damage|p1a: Kingdra|62/100 tox|[from] item: Life Orb
|
|-weather|Sandstorm|[upkeep]
|-damage|p1a: Kingdra|56/100 tox|[from] Sandstorm
|-damage|p1a: Kingdra|43/100 tox|[from] psn
|upkeep
|
|t:|1778508267
|switch|p2a: Ogerpon|Ogerpon-Cornerstone, F|100/100
|turn|17
|
|t:|1778508281
|move|p2a: Ogerpon|Ivy Cudgel|p1a: Kingdra|[anim] Ivy Cudgel Rock
|-damage|p1a: Kingdra|0 fnt
|faint|p1a: Kingdra
|
|-weather|Sandstorm|[upkeep]
|upkeep
|-message|bam2222 forfeited.
|
|win|MrBeastYaoi
|raw|bam2222's rating: 1000 &rarr; <strong>1000</strong><br />(+0 for losing)
|raw|MrBeastYaoi's rating: 1000 &rarr; <strong>1040</strong><br />(+40 for winning)
|l|☆bam2222
|player|p1|
|c|☆MrBeastYaoi|gg
