|html|<div class="broadcast-blue"><strong>[Gen 9] OU is currently suspecting Tera Blast! For information on how to participate check out the <a href="https://www.smogon.com/tools/suspects/view/200">suspect thread</a>.</strong></div>
|j|☆mona1234
|j|☆whatisherm3l0n
|t:|1776047025
|gametype|singles
|player|p1|mona1234|102|1330
|player|p2|whatisherm3l0n|acetrainer-gen4dp|1449
|gen|9
|tier|[Gen 9] OU
|rated|
|rule|HP Percentage Mod: HP is shown in percentages
|rule|Endless Battle Clause: Forcing endless battles is banned
|rule|Species Clause: Limit one of each Pokémon
|rule|OHKO Clause: OHKO moves are banned
|rule|Evasion Items Clause: Evasion items are banned
|rule|Evasion Moves Clause: Evasion moves are banned
|rule|Evasion Abilities Clause: Evasion abilities are banned
|rule|Sleep Moves Clause: Sleep-inducing moves are banned
|clearpoke
|poke|p1|Alomomola, M|
|poke|p1|Iron Valiant|
|poke|p1|Gholdengo|
|poke|p1|Cinderace, F|
|poke|p1|Iron Crown|
|poke|p1|Zapdos|
|poke|p2|Pelipper, M|
|poke|p2|Manaphy|
|poke|p2|Bruxish, F|
|poke|p2|Overqwil, M|
|poke|p2|Iron Treads|
|poke|p2|Raging Bolt|
|teampreview
|
|t:|1776047040
|teamsize|p1|6
|teamsize|p2|6
|start
|switch|p1a: Iron Valiant|Iron Valiant|100/100
|switch|p2a: Iron Treads|Iron Treads, shiny|100/100
|-enditem|p1a: Iron Valiant|Booster Energy
|-activate|p1a: Iron Valiant|ability: Quark Drive|[fromitem]
|-start|p1a: Iron Valiant|quarkdrivespe
|-enditem|p2a: Iron Treads|Booster Energy
|-activate|p2a: Iron Treads|ability: Quark Drive|[fromitem]
|-start|p2a: Iron Treads|quarkdrivespe
|turn|1
|
|t:|1776047056
|move|p1a: Iron Valiant|Close Combat|p2a: Iron Treads
|-supereffective|p2a: Iron Treads
|-damage|p2a: Iron Treads|18/100
|-unboost|p1a: Iron Valiant|def|1
|-unboost|p1a: Iron Valiant|spd|1
|move|p2a: Iron Treads|Stealth Rock|p1a: Iron Valiant
|-sidestart|p1: mona1234|move: Stealth Rock
|
|upkeep
|turn|2
|
|t:|1776047076
|-end|p2a: Iron Treads|Quark Drive|[silent]
|switch|p2a: Dr. Pelipper|Pelipper, M, shiny|100/100
|-weather|RainDance|[from] ability: Drizzle|[of] p2a: Dr. Pelipper
|move|p1a: Iron Valiant|Close Combat|p2a: Dr. Pelipper
|-resisted|p2a: Dr. Pelipper
|-crit|p2a: Dr. Pelipper
|-damage|p2a: Dr. Pelipper|73/100
|-unboost|p1a: Iron Valiant|def|1
|-unboost|p1a: Iron Valiant|spd|1
|
|-weather|RainDance|[upkeep]
|upkeep
|turn|3
|
|t:|1776047090
|-end|p1a: Iron Valiant|Quark Drive|[silent]
|switch|p1a: Iron Crown|Iron Crown|100/100
|-damage|p1a: Iron Crown|94/100|[from] Stealth Rock
|move|p2a: Dr. Pelipper|Hurricane|p1a: Iron Crown
|-resisted|p1a: Iron Crown
|-damage|p1a: Iron Crown|86/100
|-start|p1a: Iron Crown|confusion
|
|-weather|RainDance|[upkeep]
|upkeep
|turn|4
|
|t:|1776047101
|-activate|p1a: Iron Crown|confusion
|-damage|p1a: Iron Crown|80/100|[from] confusion
|move|p2a: Dr. Pelipper|U-turn|p1a: Iron Crown
|-damage|p1a: Iron Crown|72/100
|
|t:|1776047106
|switch|p2a: Manaphy|Manaphy, shiny|100/100|[from] U-turn
|
|-weather|RainDance|[upkeep]
|upkeep
|turn|5
|
|t:|1776047111
|move|p2a: Manaphy|Tail Glow|p2a: Manaphy
|-boost|p2a: Manaphy|spa|3
|-activate|p1a: Iron Crown|confusion
|move|p1a: Iron Crown|Volt Switch|p2a: Manaphy
|-supereffective|p2a: Manaphy
|-damage|p2a: Manaphy|55/100
|
|t:|1776047126
|-end|p1a: Iron Crown|Quark Drive|[silent]
|switch|p1a: Iron Valiant|Iron Valiant|100/100|[from] Volt Switch
|-damage|p1a: Iron Valiant|94/100|[from] Stealth Rock
|
|-weather|RainDance|[upkeep]
|upkeep
|turn|6
|
|t:|1776047142
|move|p1a: Iron Valiant|Moonblast|p2a: Manaphy
|-damage|p2a: Manaphy|10/100
|move|p2a: Manaphy|Surf|p1a: Iron Valiant
|-damage|p1a: Iron Valiant|0 fnt
|faint|p1a: Iron Valiant
|-end|p1a: Iron Valiant|Quark Drive|[silent]
|
|-weather|RainDance|[upkeep]
|upkeep
|
|t:|1776047149
|switch|p1a: Cinderace|Cinderace, F|100/100
|turn|7
|
|t:|1776047161
|switch|p2a: Bruxish|Bruxish, F, shiny|100/100
|move|p1a: Cinderace|Pyro Ball|p2a: Bruxish
|-resisted|p2a: Bruxish
|-damage|p2a: Bruxish|77/100
|
|-weather|RainDance|[upkeep]
|upkeep
|turn|8
|
|t:|1776047169
|move|p1a: Cinderace|Protect|p1a: Cinderace
|-start|p1a: Cinderace|typechange|Normal|[from] ability: Libero
|-singleturn|p1a: Cinderace|Protect
|move|p2a: Bruxish|Psychic Fangs|p1a: Cinderace
|-activate|p1a: Cinderace|move: Protect
|
|-weather|RainDance|[upkeep]
|upkeep
|turn|9
|
|t:|1776047181
|switch|p1a: Alomomola|Alomomola, M|100/100
|-damage|p1a: Alomomola|88/100|[from] Stealth Rock
|move|p2a: Bruxish|Psychic Fangs|p1a: Alomomola
|-damage|p1a: Alomomola|68/100
|-damage|p2a: Bruxish|60/100|[from] item: Rocky Helmet|[of] p1a: Alomomola
|
|-weather|none
|upkeep
|turn|10
|
|t:|1776047189
|switch|p2a: Raging Bolt|Raging Bolt|100/100
|-enditem|p2a: Raging Bolt|Booster Energy
|-activate|p2a: Raging Bolt|ability: Protosynthesis|[fromitem]
|-start|p2a: Raging Bolt|protosynthesisspa
|move|p1a: Alomomola|Flip Turn|p2a: Raging Bolt
|-resisted|p2a: Raging Bolt
|-damage|p2a: Raging Bolt|94/100
|
|t:|1776047204
|switch|p1a: Iron Crown|Iron Crown|72/100|[from] Flip Turn
|-damage|p1a: Iron Crown|66/100|[from] Stealth Rock
|
|upkeep
|turn|11
|
|t:|1776047219
|move|p2a: Raging Bolt|Thunderclap|p1a: Iron Crown
|-damage|p1a: Iron Crown|38/100
|move|p1a: Iron Crown|Tachyon Cutter|p2a: Raging Bolt
|-resisted|p2a: Raging Bolt
|-damage|p2a: Raging Bolt|82/100
|-resisted|p2a: Raging Bolt
|-damage|p2a: Raging Bolt|72/100
|-hitcount|p2a: Raging Bolt|2
|
|upkeep
|turn|12
|
|t:|1776047227
|move|p1a: Iron Crown|Psychic|p2a: Raging Bolt
|-damage|p2a: Raging Bolt|33/100
|move|p2a: Raging Bolt|Thunderbolt|p1a: Iron Crown
|-damage|p1a: Iron Crown|2/100
|
|upkeep
|turn|13
|
|t:|1776047234
|-end|p1a: Iron Crown|Quark Drive|[silent]
|switch|p1a: Alomomola|Alomomola, M|100/100
|-damage|p1a: Alomomola|88/100|[from] Stealth Rock
|move|p2a: Raging Bolt|Thunderclap||[still]
|-fail|p2a: Raging Bolt
|
|upkeep
|turn|14
|
|t:|1776047242
|-terastallize|p1a: Alomomola|Grass
|move|p2a: Raging Bolt|Thunderbolt|p1a: Alomomola
|-resisted|p1a: Alomomola
|-damage|p1a: Alomomola|46/100
|move|p1a: Alomomola|Wish|p1a: Alomomola
|
|upkeep
|turn|15
|
|t:|1776047259
|move|p2a: Raging Bolt|Thunderbolt|p1a: Alomomola
|-resisted|p1a: Alomomola
|-damage|p1a: Alomomola|3/100
|move|p1a: Alomomola|Flip Turn|p2a: Raging Bolt
|-resisted|p2a: Raging Bolt
|-damage|p2a: Raging Bolt|26/100
|
|t:|1776047265
|switch|p1a: Iron Crown|Iron Crown|2/100|[from] Flip Turn
|-damage|p1a: Iron Crown|0 fnt|[from] Stealth Rock
|faint|p1a: Iron Crown
|-end|p1a: Iron Crown|Quark Drive|[silent]
|
|upkeep
|
|t:|1776047269
|switch|p1a: Cinderace|Cinderace, F|100/100
|turn|16
|
|t:|1776047276
|move|p1a: Cinderace|Pyro Ball|p2a: Raging Bolt
|-resisted|p2a: Raging Bolt
|-damage|p2a: Raging Bolt|0 fnt
|faint|p2a: Raging Bolt
|-end|p2a: Raging Bolt|Protosynthesis|[silent]
|
|upkeep
|
|t:|1776047280
|switch|p2a: Dr. Pelipper|Pelipper, M, shiny|73/100
|-weather|RainDance|[from] ability: Drizzle|[of] p2a: Dr. Pelipper
|turn|17
|
|t:|1776047287
|move|p1a: Cinderace|Court Change|p1a: Cinderace
|-start|p1a: Cinderace|typechange|Normal|[from] ability: Libero
|-swapsideconditions
|-activate|p1a: Cinderace|move: Court Change
|move|p2a: Dr. Pelipper|Weather Ball|p1a: Cinderace
|-damage|p1a: Cinderace|32/100
|
|-weather|RainDance|[upkeep]
|upkeep
|turn|18
|
|t:|1776047296
|move|p1a: Cinderace|U-turn|p2a: Dr. Pelipper
|-resisted|p2a: Dr. Pelipper
|-damage|p2a: Dr. Pelipper|65/100
|
|t:|1776047299
|switch|p1a: Zapdos|Zapdos|100/100|[from] U-turn
|-ability|p1a: Zapdos|Pressure
|move|p2a: Dr. Pelipper|U-turn|p1a: Zapdos
|-resisted|p1a: Zapdos
|-damage|p1a: Zapdos|96/100
|
|t:|1776047315
|switch|p2a: Manaphy|Manaphy, shiny|10/100|[from] U-turn
|-damage|p2a: Manaphy|0 fnt|[from] Stealth Rock
|faint|p2a: Manaphy
|
|-weather|RainDance|[upkeep]
|upkeep
|
|t:|1776047332
|switch|p2a: Overqwil|Overqwil, M, shiny|100/100
|-damage|p2a: Overqwil|88/100|[from] Stealth Rock
|turn|19
|
|t:|1776047338
|move|p2a: Overqwil|Swords Dance|p2a: Overqwil
|-boost|p2a: Overqwil|atk|2
|move|p1a: Zapdos|Hurricane|p2a: Overqwil
|-damage|p2a: Overqwil|0 fnt
|faint|p2a: Overqwil
|
|-weather|RainDance|[upkeep]
|upkeep
|
|t:|1776047347
|switch|p2a: Bruxish|Bruxish, F, shiny|60/100
|-damage|p2a: Bruxish|48/100|[from] Stealth Rock
|turn|20
|
|t:|1776047359
|move|p2a: Bruxish|Wave Crash|p1a: Zapdos
|-damage|p1a: Zapdos|8/100
|-damage|p2a: Bruxish|8/100|[from] Recoil
|move|p1a: Zapdos|Discharge|p2a: Bruxish
|-supereffective|p2a: Bruxish
|-damage|p2a: Bruxish|0 fnt
|faint|p2a: Bruxish
|
|-weather|RainDance|[upkeep]
|upkeep
|
|t:|1776047370
|switch|p2a: Iron Treads|Iron Treads, shiny|18/100
|-damage|p2a: Iron Treads|15/100|[from] Stealth Rock
|turn|21
|
|t:|1776047379
|switch|p1a: Alomomola|Alomomola, M, tera:Grass|36/100
|move|p2a: Iron Treads|Rapid Spin|p1a: Alomomola
|-damage|p1a: Alomomola|30/100
|-boost|p2a: Iron Treads|spe|1
|-damage|p2a: Iron Treads|0 fnt|[from] item: Rocky Helmet|[of] p1a: Alomomola
|faint|p2a: Iron Treads
|-end|p2a: Iron Treads|Quark Drive|[silent]
|
|-weather|RainDance|[upkeep]
|upkeep
|
|t:|1776047388
|switch|p2a: Dr. Pelipper|Pelipper, M, shiny|65/100
|-damage|p2a: Dr. Pelipper|40/100|[from] Stealth Rock
|turn|22
|
|t:|1776047401
|move|p1a: Alomomola|Wish|p1a: Alomomola
|move|p2a: Dr. Pelipper|Hurricane|p1a: Alomomola
|-supereffective|p1a: Alomomola
|-damage|p1a: Alomomola|0 fnt
|faint|p1a: Alomomola
|
|-weather|RainDance|[upkeep]
|upkeep
|
|t:|1776047405
|switch|p1a: Zapdos|Zapdos|8/100
|-ability|p1a: Zapdos|Pressure
|turn|23
|
|t:|1776047419
|-terastallize|p2a: Dr. Pelipper|Ground
|move|p1a: Zapdos|Discharge|p2a: Dr. Pelipper
|-immune|p2a: Dr. Pelipper
|move|p2a: Dr. Pelipper|Weather Ball|p1a: Zapdos
|-damage|p1a: Zapdos|0 fnt
|faint|p1a: Zapdos
|
|-weather|RainDance|[upkeep]
|upkeep
|
|t:|1776047430
|switch|p1a: Gholdengo|Gholdengo|100/100
|-item|p1a: Gholdengo|Air Balloon
|turn|24
|
|t:|1776047436
|move|p1a: Gholdengo|Shadow Ball|p2a: Dr. Pelipper
|-damage|p2a: Dr. Pelipper|0 fnt
|faint|p2a: Dr. Pelipper
|
|win|mona1234
|raw|mona1234's rating: 1330 &rarr; <strong>1357</strong><br />(+27 for winning)
|raw|whatisherm3l0n's rating: 1449 &rarr; <strong>1422</strong><br />(-27 for losing)
|c|☆whatisherm3l0n|gg
|l|☆mona1234
|player|p1|
|l|☆whatisherm3l0n
|player|p2|
