|html|<div class="broadcast-blue"><strong>[Gen 9] OU is currently suspecting Tera Blast! For information on how to participate check out the <a href="https://www.smogon.com/tools/suspects/view/200">suspect thread</a>.</strong></div>
|j|☆V0ldy
|j|☆AC_Shade
|t:|1776127584
|gametype|singles
|player|p1|V0ldy|102|1735
|player|p2|AC_Shade|nobunaga-conquest|1616
|gen|9
|tier|[Gen 9] OU
|rated|
|rule|HP Percentage Mod: HP is shown in percentages
|rule|Endless Battle Clause: Forcing endless battles is banned
|rule|Species Clause: Limit one of each Pokémon
|rule|OHKO Clause: OHKO moves are banned
|rule|Evasion Items Clause: Evasion items are banned
|rule|Evasion Moves Clause: Evasion moves are banned
|rule|Evasion Abilities Clause: Evasion abilities are banned
|rule|Sleep Moves Clause: Sleep-inducing moves are banned
|clearpoke
|poke|p1|Indeedee, M|
|poke|p1|Hawlucha, F|
|poke|p1|Gallade, M|
|poke|p1|Armarouge, M|
|poke|p1|Polteageist-Antique|
|poke|p1|Excadrill, F|
|poke|p2|Entei|
|poke|p2|Hatterene, F|
|poke|p2|Tornadus-Therian, M|
|poke|p2|Great Tusk|
|poke|p2|Dragonite, F|
|poke|p2|Kingambit, F|
|teampreview
|
|t:|1776127591
|teamsize|p1|6
|teamsize|p2|6
|start
|switch|p1a: Excadrill|Excadrill, F|100/100
|switch|p2a: Entei|Entei|100/100
|-ability|p1a: Excadrill|Mold Breaker
|turn|1
|
|t:|1776127595
|move|p2a: Entei|Sacred Fire|p1a: Excadrill
|-supereffective|p1a: Excadrill
|-enditem|p1a: Excadrill|Focus Sash
|-damage|p1a: Excadrill|1/100
|-status|p1a: Excadrill|brn
|move|p1a: Excadrill|Earthquake|p2a: Entei
|-supereffective|p2a: Entei
|-damage|p2a: Entei|44/100
|
|-damage|p1a: Excadrill|0 fnt|[from] brn
|faint|p1a: Excadrill
|upkeep
|
|t:|1776127601
|switch|p1a: Indeedee|Indeedee, M|100/100
|-fieldstart|move: Psychic Terrain|[from] ability: Psychic Surge|[of] p1a: Indeedee
|turn|2
|
|t:|1776127605
|switch|p1a: Armarouge|Armarouge, M|100/100
|move|p2a: Entei|Sacred Fire|p1a: Armarouge
|-resisted|p1a: Armarouge
|-damage|p1a: Armarouge|65/100
|-ability|p1a: Armarouge|Weak Armor|boost
|-unboost|p1a: Armarouge|def|1
|-boost|p1a: Armarouge|spe|2
|
|upkeep
|turn|3
|
|t:|1776127610
|move|p1a: Armarouge|Expanding Force|p2a: Entei
|-damage|p2a: Entei|0 fnt
|faint|p2a: Entei
|
|upkeep
|
|t:|1776127614
|switch|p2a: Tornadus|Tornadus-Therian, M|100/100
|turn|4
|
|t:|1776127616
|move|p1a: Armarouge|Endure|p1a: Armarouge
|-singleturn|p1a: Armarouge|move: Endure
|move|p2a: Tornadus|Knock Off|p1a: Armarouge
|-supereffective|p1a: Armarouge
|-damage|p1a: Armarouge|1/100
|-ability|p1a: Armarouge|Weak Armor|boost
|-unboost|p1a: Armarouge|def|1
|-boost|p1a: Armarouge|spe|2
|-enditem|p1a: Armarouge|Weakness Policy
|-boost|p1a: Armarouge|atk|2|[from] item: Weakness Policy
|-boost|p1a: Armarouge|spa|2|[from] item: Weakness Policy
|
|upkeep
|turn|5
|inactive|Battle timer is ON: inactive players will automatically lose when time's up. (requested by V0ldy)
|j| Nyrkry
|
|t:|1776127653
|switch|p2a: Kingambit|Kingambit, F|100/100
|-activate|p2a: Kingambit|ability: Supreme Overlord
|-start|p2a: Kingambit|fallen1|[silent]
|move|p1a: Armarouge|Armor Cannon|p2a: Kingambit
|-supereffective|p2a: Kingambit
|-damage|p2a: Kingambit|0 fnt
|-unboost|p1a: Armarouge|def|1
|-unboost|p1a: Armarouge|spd|1
|faint|p2a: Kingambit
|-end|p2a: Kingambit|fallen1|[silent]
|
|upkeep
|
|t:|1776127660
|switch|p2a: Tornadus|Tornadus-Therian, M|100/100
|turn|6
|
|t:|1776127662
|move|p1a: Armarouge|Expanding Force|p2a: Tornadus
|-damage|p2a: Tornadus|0 fnt
|faint|p2a: Tornadus
|
|upkeep
|
|t:|1776127665
|switch|p2a: Dragonite|Dragonite, F|100/100
|turn|7
|
|t:|1776127667
|move|p1a: Armarouge|Expanding Force|p2a: Dragonite
|-damage|p2a: Dragonite|12/100
|move|p2a: Dragonite|Earthquake|p1a: Armarouge
|-supereffective|p1a: Armarouge
|-damage|p1a: Armarouge|0 fnt
|faint|p1a: Armarouge
|
|-heal|p2a: Dragonite|18/100|[from] item: Leftovers
|upkeep
|
|t:|1776127672
|switch|p1a: Polteageist|Polteageist-Antique|100/100
|turn|8
|
|t:|1776127675
|move|p2a: Dragonite|Dragon Dance|p2a: Dragonite
|-boost|p2a: Dragonite|atk|1
|-boost|p2a: Dragonite|spe|1
|move|p1a: Polteageist|Shell Smash|p1a: Polteageist
|-unboost|p1a: Polteageist|def|1
|-unboost|p1a: Polteageist|spd|1
|-boost|p1a: Polteageist|atk|2
|-boost|p1a: Polteageist|spa|2
|-boost|p1a: Polteageist|spe|2
|
|-heal|p2a: Dragonite|25/100|[from] item: Leftovers
|upkeep
|turn|9
|
|t:|1776127677
|move|p1a: Polteageist|Shadow Ball|p2a: Dragonite
|-damage|p2a: Dragonite|0 fnt
|faint|p2a: Dragonite
|
|-fieldend|move: Psychic Terrain
|upkeep
|-message|AC_Shade forfeited.
|
|win|V0ldy
|raw|V0ldy's rating: 1735 &rarr; <strong>1748</strong><br />(+13 for winning)
|raw|AC_Shade's rating: 1616 &rarr; <strong>1603</strong><br />(-13 for losing)
|l|☆AC_Shade
|player|p2|
