|html|<div class="broadcast-blue"><strong>[Gen 9] OU is currently suspecting Tera Blast! For information on how to participate check out the <a href="https://www.smogon.com/tools/suspects/view/200">suspect thread</a>.</strong></div>
|j|☆ilnhae
|j|☆too short to ride
|t:|1776032765
|gametype|singles
|player|p1|ilnhae|battlegirl-gen4|1321
|player|p2|too short to ride|scientistf|1299
|gen|9
|tier|[Gen 9] OU
|rated|
|rule|HP Percentage Mod: HP is shown in percentages
|rule|Endless Battle Clause: Forcing endless battles is banned
|rule|Species Clause: Limit one of each Pokémon
|rule|OHKO Clause: OHKO moves are banned
|rule|Evasion Items Clause: Evasion items are banned
|rule|Evasion Moves Clause: Evasion moves are banned
|rule|Evasion Abilities Clause: Evasion abilities are banned
|rule|Sleep Moves Clause: Sleep-inducing moves are banned
|clearpoke
|poke|p1|Iron Valiant|
|poke|p1|Staraptor, M|
|poke|p1|Great Tusk|
|poke|p1|Glimmora, F|
|poke|p1|Dragapult, F|
|poke|p1|Gholdengo|
|poke|p2|Deoxys-Speed|
|poke|p2|Ceruledge, M|
|poke|p2|Zamazenta-*|
|poke|p2|Ogerpon-Wellspring, F|
|poke|p2|Glimmora, F|
|poke|p2|Moltres-Galar|
|teampreview
|inactive|Battle timer is ON: inactive players will automatically lose when time's up. (requested by ilnhae)
|
|t:|1776032785
|teamsize|p1|6
|teamsize|p2|6
|start
|switch|p1a: Mammouth|Great Tusk|100/100
|switch|p2a: Deoxys|Deoxys-Speed|100/100
|-ability|p2a: Deoxys|Pressure
|turn|1
|
|t:|1776032809
|move|p2a: Deoxys|Reflect|p2a: Deoxys
|-sidestart|p2: too short to ride|Reflect
|move|p1a: Mammouth|Headlong Rush|p2a: Deoxys
|-damage|p2a: Deoxys|60/100
|-unboost|p1a: Mammouth|def|1
|-unboost|p1a: Mammouth|spd|1
|
|upkeep
|turn|2
|inactive|ilnhae has 120 seconds left.
|
|t:|1776032831
|-end|p1a: Mammouth|Protosynthesis|[silent]
|switch|p1a: PhantoRyu|Dragapult, F|100/100
|move|p2a: Deoxys|Psycho Boost|p1a: PhantoRyu
|-damage|p1a: PhantoRyu|35/100
|-unboost|p2a: Deoxys|spa|2
|
|upkeep
|turn|3
|
|t:|1776032850
|move|p2a: Deoxys|Psycho Boost|p1a: PhantoRyu
|-damage|p1a: PhantoRyu|2/100
|-unboost|p2a: Deoxys|spa|2
|move|p1a: PhantoRyu|Shadow Ball|p2a: Deoxys
|-supereffective|p2a: Deoxys
|-damage|p2a: Deoxys|0 fnt
|faint|p2a: Deoxys
|-damage|p1a: PhantoRyu|0 fnt|[from] item: Life Orb
|faint|p1a: PhantoRyu
|
|upkeep
|
|t:|1776032860
|switch|p2a: Ogerpon|Ogerpon-Wellspring, F|100/100
|switch|p1a: Grimm Aura|Glimmora, F|100/100
|turn|4
|
|t:|1776032874
|move|p2a: Ogerpon|Ivy Cudgel|p1a: Grimm Aura|[anim] Ivy Cudgel Water
|-supereffective|p1a: Grimm Aura
|-enditem|p1a: Grimm Aura|Focus Sash
|-damage|p1a: Grimm Aura|1/100
|-activate|p1a: Grimm Aura|ability: Toxic Debris
|-sidestart|p2: too short to ride|move: Toxic Spikes
|move|p1a: Grimm Aura|Stealth Rock|p2a: Ogerpon
|-sidestart|p2: too short to ride|move: Stealth Rock
|
|upkeep
|turn|5
|
|t:|1776032878
|switch|p1a: The Normal Bird|Staraptor, M, shiny|100/100
|move|p2a: Ogerpon|Ivy Cudgel|p1a: The Normal Bird|[anim] Ivy Cudgel Water
|-damage|p1a: The Normal Bird|5/100
|
|upkeep
|turn|6
|
|t:|1776032884
|switch|p2a: Glimmora|Glimmora, F|100/100
|-sideend|p2: too short to ride|move: Toxic Spikes|[of] p2a: Glimmora
|-damage|p2a: Glimmora|88/100|[from] Stealth Rock
|move|p1a: The Normal Bird|Brave Bird|p2a: Glimmora
|-resisted|p2a: Glimmora
|-damage|p2a: Glimmora|66/100
|-activate|p2a: Glimmora|ability: Toxic Debris
|-sidestart|p1: ilnhae|move: Toxic Spikes
|-damage|p1a: The Normal Bird|0 fnt|[from] Recoil
|faint|p1a: The Normal Bird
|
|upkeep
|
|t:|1776032888
|switch|p1a: Grimm Aura|Glimmora, F|1/100
|-sideend|p1: ilnhae|move: Toxic Spikes|[of] p1a: Grimm Aura
|turn|7
|
|t:|1776032912
|move|p2a: Glimmora|Mortal Spin|p1a: Grimm Aura
|-resisted|p1a: Grimm Aura
|-damage|p1a: Grimm Aura|0 fnt
|-activate|p1a: Grimm Aura|ability: Toxic Debris
|-sidestart|p2: too short to ride|move: Toxic Spikes
|-sideend|p2: too short to ride|Toxic Spikes|[from] move: Mortal Spin|[of] p2a: Glimmora
|-sideend|p2: too short to ride|Stealth Rock|[from] move: Mortal Spin|[of] p2a: Glimmora
|faint|p1a: Grimm Aura
|
|upkeep
|
|t:|1776032923
|switch|p1a: Mammouth|Great Tusk|100/100
|turn|8
|
|t:|1776032936
|switch|p2a: Moltres|Moltres-Galar|100/100
|move|p1a: Mammouth|Headlong Rush|p2a: Moltres
|-immune|p2a: Moltres
|
|-sideend|p2: too short to ride|Reflect
|upkeep
|turn|9
|
|t:|1776032945
|move|p1a: Mammouth|Ice Spinner|p2a: Moltres
|-supereffective|p2a: Moltres
|-damage|p2a: Moltres|38/100
|-ability|p2a: Moltres|Berserk|boost
|-boost|p2a: Moltres|spa|1
|-enditem|p2a: Moltres|Sitrus Berry|[eat]
|-heal|p2a: Moltres|63/100|[from] item: Sitrus Berry
|move|p2a: Moltres|Agility|p2a: Moltres
|-boost|p2a: Moltres|spe|2
|
|upkeep
|turn|10
|
|t:|1776032960
|-terastallize|p2a: Moltres|Fairy
|move|p2a: Moltres|Tera Blast|p1a: Mammouth|[anim] Tera Blast Fairy
|-supereffective|p1a: Mammouth
|-damage|p1a: Mammouth|0 fnt
|faint|p1a: Mammouth
|-end|p1a: Mammouth|Protosynthesis|[silent]
|
|upkeep
|
|t:|1776032963
|switch|p1a: Like a J|Gholdengo|100/100
|turn|11
|
|t:|1776032968
|move|p2a: Moltres|Fiery Wrath|p1a: Like a J
|-supereffective|p1a: Like a J
|-damage|p1a: Like a J|0 fnt
|faint|p1a: Like a J
|
|upkeep
|
|t:|1776032971
|switch|p1a: Metal Guts|Iron Valiant|100/100
|-enditem|p1a: Metal Guts|Booster Energy
|-activate|p1a: Metal Guts|ability: Quark Drive|[fromitem]
|-start|p1a: Metal Guts|quarkdrivespe
|turn|12
|
|t:|1776032981
|-terastallize|p1a: Metal Guts|Fairy
|move|p2a: Moltres|Tera Blast|p1a: Metal Guts|[anim] Tera Blast Fairy
|-damage|p1a: Metal Guts|0 fnt
|faint|p1a: Metal Guts
|-end|p1a: Metal Guts|Quark Drive|[silent]
|
|win|too short to ride
|raw|ilnhae's rating: 1321 &rarr; <strong>1300</strong><br />(-21 for losing)
|raw|too short to ride's rating: 1299 &rarr; <strong>1326</strong><br />(+27 for winning)
|l|☆ilnhae
|player|p1|
