|html|<div class="broadcast-blue"><strong>[Gen 9] OU is currently suspecting Tera Blast! For information on how to participate check out the <a href="https://www.smogon.com/tools/suspects/view/200">suspect thread</a>.</strong></div>
|j|☆corigible
|j|☆Alaconsay
|t:|1776085949
|gametype|singles
|player|p1|corigible|winona|1159
|player|p2|Alaconsay|170|1177
|gen|9
|tier|[Gen 9] OU
|rated|
|rule|HP Percentage Mod: HP is shown in percentages
|rule|Endless Battle Clause: Forcing endless battles is banned
|rule|Species Clause: Limit one of each Pokémon
|rule|OHKO Clause: OHKO moves are banned
|rule|Evasion Items Clause: Evasion items are banned
|rule|Evasion Moves Clause: Evasion moves are banned
|rule|Evasion Abilities Clause: Evasion abilities are banned
|rule|Sleep Moves Clause: Sleep-inducing moves are banned
|clearpoke
|poke|p1|Ribombee, F|
|poke|p1|Quaquaval, M|
|poke|p1|Oricorio-Pom-Pom, F|
|poke|p1|Jirachi|
|poke|p1|Sinistcha-Masterpiece|
|poke|p1|Glimmora, F|
|poke|p2|Primarina, M|
|poke|p2|Iron Treads|
|poke|p2|Lokix, M|
|poke|p2|Kingdra, M|
|poke|p2|Pelipper, M|
|poke|p2|Toxicroak, M|
|teampreview
|inactive|Battle timer is ON: inactive players will automatically lose when time's up. (requested by corigible)
|
|t:|1776085969
|teamsize|p1|6
|teamsize|p2|6
|start
|switch|p1a: Ribombee|Ribombee, F|100/100
|switch|p2a: Lokix|Lokix, M, shiny|100/100
|turn|1
|
|t:|1776085973
|move|p2a: Lokix|First Impression|p1a: Ribombee
|-resisted|p1a: Ribombee
|-enditem|p1a: Ribombee|Focus Sash
|-damage|p1a: Ribombee|1/100
|move|p1a: Ribombee|Sticky Web|p2a: Lokix
|-sidestart|p2: Alaconsay|move: Sticky Web
|
|upkeep
|turn|2
|
|t:|1776085986
|switch|p2a: Toxicroak|Toxicroak, M, shiny|100/100
|-activate|p2a: Toxicroak|move: Sticky Web
|-unboost|p2a: Toxicroak|spe|1
|move|p1a: Ribombee|Moonblast|p2a: Toxicroak
|-damage|p2a: Toxicroak|48/100
|
|upkeep
|turn|3
|
|t:|1776085995
|move|p1a: Ribombee|Psychic|p2a: Toxicroak
|-supereffective|p2a: Toxicroak
|-damage|p2a: Toxicroak|0 fnt
|faint|p2a: Toxicroak
|
|upkeep
|
|t:|1776086000
|switch|p2a: Iron Treads|Iron Treads, shiny|100/100
|turn|4
|
|t:|1776086004
|switch|p1a: Sinistcha|Sinistcha-Masterpiece|100/100
|move|p2a: Iron Treads|Stealth Rock|p1a: Sinistcha
|-sidestart|p1: corigible|move: Stealth Rock
|
|upkeep
|turn|5
|
|t:|1776086011
|move|p2a: Iron Treads|Ice Spinner|p1a: Sinistcha
|-supereffective|p1a: Sinistcha
|-damage|p1a: Sinistcha|67/100
|-damage|p2a: Iron Treads|84/100|[from] item: Rocky Helmet|[of] p1a: Sinistcha
|move|p1a: Sinistcha|Matcha Gotcha|p2a: Iron Treads
|-damage|p2a: Iron Treads|35/100
|-heal|p1a: Sinistcha|90/100|[from] drain|[of] p2a: Iron Treads
|
|upkeep
|turn|6
|
|t:|1776086025
|-end|p2a: Iron Treads|Quark Drive|[silent]
|switch|p2a: Pelipper|Pelipper, M, shiny|100/100
|-weather|RainDance|[from] ability: Drizzle|[of] p2a: Pelipper
|move|p1a: Sinistcha|Matcha Gotcha|p2a: Pelipper|[miss]
|-miss|p1a: Sinistcha|p2a: Pelipper
|
|-weather|RainDance|[upkeep]
|upkeep
|turn|7
|
|t:|1776086035
|switch|p1a: Glimmora|Glimmora, F|100/100
|move|p2a: Pelipper|Ice Beam|p1a: Glimmora
|-damage|p1a: Glimmora|73/100
|
|-weather|RainDance|[upkeep]
|upkeep
|turn|8
|
|t:|1776086039
|move|p1a: Glimmora|Mortal Spin|p2a: Pelipper
|-damage|p2a: Pelipper|93/100
|-status|p2a: Pelipper|psn
|-sideend|p1: corigible|Stealth Rock|[from] move: Mortal Spin|[of] p1a: Glimmora
|move|p2a: Pelipper|Surf|p1a: Glimmora
|-supereffective|p1a: Glimmora
|-damage|p1a: Glimmora|0 fnt
|faint|p1a: Glimmora
|
|-weather|RainDance|[upkeep]
|-damage|p2a: Pelipper|81/100 psn|[from] psn
|upkeep
|
|t:|1776086049
|switch|p1a: Oricorio|Oricorio-Pom-Pom, F|100/100
|turn|9
|
|t:|1776086065
|switch|p2a: Iron Treads|Iron Treads, shiny|35/100
|move|p1a: Oricorio|Revelation Dance|p2a: Iron Treads
|-immune|p2a: Iron Treads
|
|-weather|RainDance|[upkeep]
|upkeep
|turn|10
|
|t:|1776086072
|switch|p1a: Sinistcha|Sinistcha-Masterpiece|90/100
|move|p2a: Iron Treads|Stealth Rock|p1a: Sinistcha
|-sidestart|p1: corigible|move: Stealth Rock
|
|-weather|RainDance|[upkeep]
|upkeep
|turn|11
|
|t:|1776086083
|-end|p2a: Iron Treads|Quark Drive|[silent]
|switch|p2a: Kingdra|Kingdra, M, shiny|100/100
|-activate|p2a: Kingdra|move: Sticky Web
|-unboost|p2a: Kingdra|spe|1
|move|p1a: Sinistcha|Calm Mind|p1a: Sinistcha
|-boost|p1a: Sinistcha|spa|1
|-boost|p1a: Sinistcha|spd|1
|
|-weather|RainDance|[upkeep]
|upkeep
|turn|12
|
|t:|1776086089
|move|p2a: Kingdra|Hurricane|p1a: Sinistcha
|-supereffective|p1a: Sinistcha
|-damage|p1a: Sinistcha|17/100
|move|p1a: Sinistcha|Matcha Gotcha|p2a: Kingdra
|-damage|p2a: Kingdra|43/100
|-heal|p1a: Sinistcha|41/100|[from] drain|[of] p2a: Kingdra
|
|-weather|RainDance|[upkeep]
|upkeep
|turn|13
|
|t:|1776086095
|move|p2a: Kingdra|Hurricane|p1a: Sinistcha
|-supereffective|p1a: Sinistcha
|-damage|p1a: Sinistcha|0 fnt
|faint|p1a: Sinistcha
|
|-weather|none
|upkeep
|
|t:|1776086099
|switch|p1a: Oricorio|Oricorio-Pom-Pom, F|100/100
|turn|14
|
|t:|1776086102
|switch|p2a: Iron Treads|Iron Treads, shiny|35/100
|move|p1a: Oricorio|Quiver Dance|p1a: Oricorio
|-boost|p1a: Oricorio|spa|1
|-boost|p1a: Oricorio|spd|1
|-boost|p1a: Oricorio|spe|1
|
|upkeep
|turn|15
|
|t:|1776086107
|move|p1a: Oricorio|Air Slash|p2a: Iron Treads|[miss]
|-miss|p1a: Oricorio|p2a: Iron Treads
|move|p2a: Iron Treads|Rapid Spin|p1a: Oricorio
|-damage|p1a: Oricorio|74/100
|-boost|p2a: Iron Treads|spe|1
|-sideend|p2: Alaconsay|Sticky Web|[from] move: Rapid Spin|[of] p2a: Iron Treads
|
|upkeep
|turn|16
|
|t:|1776086114
|move|p2a: Iron Treads|Ice Spinner|p1a: Oricorio
|-supereffective|p1a: Oricorio
|-damage|p1a: Oricorio|0 fnt
|faint|p1a: Oricorio
|
|upkeep
|
|t:|1776086121
|switch|p1a: Quaquaval|Quaquaval, M|100/100
|-damage|p1a: Quaquaval|94/100|[from] Stealth Rock
|turn|17
|
|t:|1776086125
|-end|p2a: Iron Treads|Quark Drive|[silent]
|switch|p2a: Pelipper|Pelipper, M, shiny|81/100 psn
|-weather|RainDance|[from] ability: Drizzle|[of] p2a: Pelipper
|move|p1a: Quaquaval|Aqua Step|p2a: Pelipper
|-resisted|p2a: Pelipper
|-damage|p2a: Pelipper|36/100 psn
|-boost|p1a: Quaquaval|spe|1
|-damage|p1a: Quaquaval|84/100|[from] item: Life Orb
|
|-weather|RainDance|[upkeep]
|-damage|p2a: Pelipper|24/100 psn|[from] psn
|upkeep
|turn|18
|
|t:|1776086132
|switch|p2a: Kingdra|Kingdra, M, shiny|43/100
|move|p1a: Quaquaval|Aqua Step|p2a: Kingdra
|-resisted|p2a: Kingdra
|-damage|p2a: Kingdra|19/100
|-boost|p1a: Quaquaval|spe|1
|-damage|p1a: Quaquaval|75/100|[from] item: Life Orb
|
|-weather|RainDance|[upkeep]
|upkeep
|turn|19
|
|t:|1776086139
|move|p2a: Kingdra|Dragon Pulse|p1a: Quaquaval
|-damage|p1a: Quaquaval|4/100
|move|p1a: Quaquaval|Knock Off|p2a: Kingdra
|-damage|p2a: Kingdra|0 fnt
|-enditem|p2a: Kingdra|Choice Specs|[from] move: Knock Off|[of] p1a: Quaquaval
|faint|p2a: Kingdra
|-ability|p1a: Quaquaval|Moxie|boost
|-boost|p1a: Quaquaval|atk|1
|-damage|p1a: Quaquaval|0 fnt|[from] item: Life Orb
|faint|p1a: Quaquaval
|
|-weather|RainDance|[upkeep]
|upkeep
|
|t:|1776086144
|switch|p2a: Primarina|Primarina, M, shiny|100/100
|switch|p1a: Ribombee|Ribombee, F|1/100
|-damage|p1a: Ribombee|0 fnt|[from] Stealth Rock
|faint|p1a: Ribombee
|
|t:|1776086148
|switch|p1a: Jirachi|Jirachi|100/100
|-damage|p1a: Jirachi|94/100|[from] Stealth Rock
|turn|20
|
|t:|1776086156
|move|p1a: Jirachi|Iron Head|p2a: Primarina
|-damage|p2a: Primarina|40/100
|cant|p2a: Primarina|flinch
|
|-weather|RainDance|[upkeep]
|-heal|p2a: Primarina|46/100|[from] item: Leftovers
|upkeep
|turn|21
|
|t:|1776086162
|-terastallize|p1a: Jirachi|Steel
|move|p1a: Jirachi|Iron Head|p2a: Primarina
|-damage|p2a: Primarina|0 fnt
|faint|p2a: Primarina
|
|-weather|RainDance|[upkeep]
|upkeep
|
|t:|1776086166
|switch|p2a: Lokix|Lokix, M, shiny|100/100
|turn|22
|
|t:|1776086169
|-terastallize|p2a: Lokix|Bug
|move|p2a: Lokix|First Impression|p1a: Jirachi
|-resisted|p1a: Jirachi
|-damage|p1a: Jirachi|9/100
|move|p1a: Jirachi|Iron Head|p2a: Lokix
|-crit|p2a: Lokix
|-damage|p2a: Lokix|0 fnt
|faint|p2a: Lokix
|
|-weather|RainDance|[upkeep]
|upkeep
|
|t:|1776086177
|switch|p2a: Iron Treads|Iron Treads, shiny|35/100
|turn|23
|
|t:|1776086179
|move|p1a: Jirachi|Iron Head|p2a: Iron Treads
|-resisted|p2a: Iron Treads
|-damage|p2a: Iron Treads|12/100
|cant|p2a: Iron Treads|flinch
|
|-weather|RainDance|[upkeep]
|upkeep
|turn|24
|
|t:|1776086184
|move|p1a: Jirachi|Iron Head|p2a: Iron Treads
|-resisted|p2a: Iron Treads
|-damage|p2a: Iron Treads|0 fnt
|faint|p2a: Iron Treads
|-end|p2a: Iron Treads|Quark Drive|[silent]
|
|-weather|none
|upkeep
|
|t:|1776086185
|switch|p2a: Pelipper|Pelipper, M, shiny|24/100 psn
|-weather|RainDance|[from] ability: Drizzle|[of] p2a: Pelipper
|turn|25
|-message|Alaconsay forfeited.
|
|win|corigible
|raw|corigible's rating: 1159 &rarr; <strong>1185</strong><br />(+26 for winning)
|raw|Alaconsay's rating: 1177 &rarr; <strong>1151</strong><br />(-26 for losing)
|l|☆Alaconsay
|player|p2|
|l|☆corigible
|player|p1|
