|html|<div class="broadcast-blue"><strong>[Gen 9] OU is currently suspecting Tera Blast! For information on how to participate check out the <a href="https://www.smogon.com/tools/suspects/view/200">suspect thread</a>.</strong></div>
|j|☆FreeMoonNVolc
|j|☆jmujgbjh
|t:|1776185875
|gametype|singles
|player|p1|FreeMoonNVolc|clair|1040
|player|p2|jmujgbjh|1|1074
|gen|9
|tier|[Gen 9] OU
|rated|
|rule|HP Percentage Mod: HP is shown in percentages
|rule|Endless Battle Clause: Forcing endless battles is banned
|rule|Species Clause: Limit one of each Pokémon
|rule|OHKO Clause: OHKO moves are banned
|rule|Evasion Items Clause: Evasion items are banned
|rule|Evasion Moves Clause: Evasion moves are banned
|rule|Evasion Abilities Clause: Evasion abilities are banned
|rule|Sleep Moves Clause: Sleep-inducing moves are banned
|clearpoke
|poke|p1|Dragapult, M|
|poke|p1|Samurott-Hisui, F|
|poke|p1|Garganacl, M|
|poke|p1|Slither Wing|
|poke|p1|Iron Treads|
|poke|p1|Enamorus, F|
|poke|p2|Scovillain, M|
|poke|p2|Torkoal, M|
|poke|p2|Great Tusk|
|poke|p2|Charizard, F|
|poke|p2|Garganacl, F|
|poke|p2|Lilligant-Hisui, F|
|teampreview
|inactive|Battle timer is ON: inactive players will automatically lose when time's up. (requested by jmujgbjh)
|
|t:|1776185893
|teamsize|p1|6
|teamsize|p2|6
|start
|switch|p1a: Garganacl|Garganacl, M|100/100
|switch|p2a: Neccesary Shitmon|Torkoal, M|100/100
|-weather|SunnyDay|[from] ability: Drought|[of] p2a: Neccesary Shitmon
|turn|1
|
|t:|1776185900
|move|p1a: Garganacl|Stealth Rock|p2a: Neccesary Shitmon
|-sidestart|p2: jmujgbjh|move: Stealth Rock
|move|p2a: Neccesary Shitmon|Stealth Rock|p1a: Garganacl
|-sidestart|p1: FreeMoonNVolc|move: Stealth Rock
|
|-weather|SunnyDay|[upkeep]
|upkeep
|turn|2
|
|t:|1776185905
|move|p1a: Garganacl|Salt Cure|p2a: Neccesary Shitmon
|-supereffective|p2a: Neccesary Shitmon
|-damage|p2a: Neccesary Shitmon|85/100
|-start|p2a: Neccesary Shitmon|Salt Cure
|move|p2a: Neccesary Shitmon|Rapid Spin|p1a: Garganacl
|-resisted|p1a: Garganacl
|-damage|p1a: Garganacl|98/100
|-boost|p2a: Neccesary Shitmon|spe|1
|-sideend|p2: jmujgbjh|Stealth Rock|[from] move: Rapid Spin|[of] p2a: Neccesary Shitmon
|
|-weather|SunnyDay|[upkeep]
|-heal|p1a: Garganacl|100/100|[from] item: Leftovers
|-damage|p2a: Neccesary Shitmon|72/100|[from] Salt Cure
|upkeep
|turn|3
|
|t:|1776185913
|switch|p2a: LETS GET SPICY|Scovillain, M|100/100
|move|p1a: Garganacl|Stealth Rock|p2a: LETS GET SPICY
|-sidestart|p2: jmujgbjh|move: Stealth Rock
|
|-weather|SunnyDay|[upkeep]
|upkeep
|turn|4
|
|t:|1776185928
|switch|p1a: Dragapult|Dragapult, M, shiny|100/100
|-damage|p1a: Dragapult|88/100|[from] Stealth Rock
|move|p2a: LETS GET SPICY|Solar Beam||[still]
|-prepare|p2a: LETS GET SPICY|Solar Beam
|-anim|p2a: LETS GET SPICY|Solar Beam|p1a: Dragapult
|-resisted|p1a: Dragapult
|-damage|p1a: Dragapult|24/100
|
|-weather|SunnyDay|[upkeep]
|upkeep
|turn|5
|
|t:|1776185951
|switch|p1a: Slither Wing|Slither Wing|100/100
|-damage|p1a: Slither Wing|88/100|[from] Stealth Rock
|-activate|p1a: Slither Wing|ability: Protosynthesis
|-start|p1a: Slither Wing|protosynthesisatk
|move|p2a: LETS GET SPICY|Solar Beam||[still]
|-prepare|p2a: LETS GET SPICY|Solar Beam
|-anim|p2a: LETS GET SPICY|Solar Beam|p1a: Slither Wing
|-resisted|p1a: Slither Wing
|-damage|p1a: Slither Wing|47/100
|
|-weather|SunnyDay|[upkeep]
|upkeep
|turn|6
|
|t:|1776185973
|switch|p2a: THE OVERHEAT NUKE|Charizard, F|100/100
|-damage|p2a: THE OVERHEAT NUKE|51/100|[from] Stealth Rock
|move|p1a: Slither Wing|Morning Sun|p1a: Slither Wing
|-heal|p1a: Slither Wing|100/100
|
|-weather|SunnyDay|[upkeep]
|-damage|p2a: THE OVERHEAT NUKE|38/100|[from] ability: Solar Power|[of] p2a: THE OVERHEAT NUKE
|upkeep
|turn|7
|
|t:|1776185982
|-end|p1a: Slither Wing|Protosynthesis|[silent]
|switch|p1a: Garganacl|Garganacl, M|100/100
|-damage|p1a: Garganacl|88/100|[from] Stealth Rock
|move|p2a: THE OVERHEAT NUKE|Weather Ball|p1a: Garganacl
|-resisted|p1a: Garganacl
|-damage|p1a: Garganacl|46/100
|
|-weather|SunnyDay|[upkeep]
|-damage|p2a: THE OVERHEAT NUKE|26/100|[from] ability: Solar Power|[of] p2a: THE OVERHEAT NUKE
|-heal|p1a: Garganacl|52/100|[from] item: Leftovers
|upkeep
|turn|8
|
|t:|1776185991
|move|p1a: Garganacl|Protect|p1a: Garganacl
|-singleturn|p1a: Garganacl|Protect
|move|p2a: THE OVERHEAT NUKE|Weather Ball|p1a: Garganacl
|-activate|p1a: Garganacl|move: Protect
|
|-weather|none
|-heal|p1a: Garganacl|59/100|[from] item: Leftovers
|upkeep
|turn|9
|
|t:|1776185999
|switch|p2a: Neccesary Shitmon|Torkoal, M|72/100
|-damage|p2a: Neccesary Shitmon|47/100|[from] Stealth Rock
|-weather|SunnyDay|[from] ability: Drought|[of] p2a: Neccesary Shitmon
|move|p1a: Garganacl|Recover|p1a: Garganacl
|-heal|p1a: Garganacl|100/100
|
|-weather|SunnyDay|[upkeep]
|upkeep
|turn|10
|
|t:|1776186004
|switch|p1a: Dragapult|Dragapult, M, shiny|24/100
|-damage|p1a: Dragapult|12/100|[from] Stealth Rock
|move|p2a: Neccesary Shitmon|Solar Beam||[still]
|-prepare|p2a: Neccesary Shitmon|Solar Beam
|-anim|p2a: Neccesary Shitmon|Solar Beam|p1a: Dragapult
|-resisted|p1a: Dragapult
|-damage|p1a: Dragapult|0 fnt
|faint|p1a: Dragapult
|
|-weather|SunnyDay|[upkeep]
|upkeep
|
|t:|1776186011
|switch|p1a: Iron Treads|Iron Treads|100/100
|-damage|p1a: Iron Treads|97/100|[from] Stealth Rock
|turn|11
|
|t:|1776186018
|switch|p2a: The Hilligant|Lilligant-Hisui, F|100/100
|-damage|p2a: The Hilligant|94/100|[from] Stealth Rock
|move|p1a: Iron Treads|Earthquake|p2a: The Hilligant
|-resisted|p2a: The Hilligant
|-damage|p2a: The Hilligant|62/100
|
|-weather|SunnyDay|[upkeep]
|upkeep
|turn|12
|
|t:|1776186022
|-end|p1a: Iron Treads|Quark Drive|[silent]
|switch|p1a: Slither Wing|Slither Wing|100/100
|-damage|p1a: Slither Wing|88/100|[from] Stealth Rock
|-activate|p1a: Slither Wing|ability: Protosynthesis
|-start|p1a: Slither Wing|protosynthesisatk
|move|p2a: The Hilligant|Close Combat|p1a: Slither Wing
|-resisted|p1a: Slither Wing
|-damage|p1a: Slither Wing|61/100
|-unboost|p2a: The Hilligant|def|1
|-unboost|p2a: The Hilligant|spd|1
|-damage|p2a: The Hilligant|46/100|[from] item: Rocky Helmet|[of] p1a: Slither Wing
|-damage|p2a: The Hilligant|36/100|[from] item: Life Orb
|
|-weather|SunnyDay|[upkeep]
|upkeep
|turn|13
|
|t:|1776186028
|-terastallize|p2a: The Hilligant|Ice
|move|p2a: The Hilligant|Triple Axel|p1a: Slither Wing
|-crit|p1a: Slither Wing
|-damage|p1a: Slither Wing|46/100
|-damage|p2a: The Hilligant|20/100|[from] item: Rocky Helmet|[of] p1a: Slither Wing
|-damage|p1a: Slither Wing|26/100
|-damage|p2a: The Hilligant|3/100|[from] item: Rocky Helmet|[of] p1a: Slither Wing
|-damage|p1a: Slither Wing|0 fnt
|-damage|p2a: The Hilligant|0 fnt|[from] item: Rocky Helmet|[of] p1a: Slither Wing
|faint|p1a: Slither Wing
|-end|p1a: Slither Wing|Protosynthesis|[silent]
|faint|p2a: The Hilligant
|-hitcount|p1: Slither Wing|3
|
|-weather|SunnyDay|[upkeep]
|upkeep
|
|t:|1776186044
|switch|p2a: MyLargeTuskUpYour|Great Tusk|100/100
|switch|p1a: Enamorus|Enamorus, F|100/100
|-damage|p1a: Enamorus|76/100|[from] Stealth Rock
|-damage|p2a: MyLargeTuskUpYour|98/100|[from] Stealth Rock
|-activate|p2a: MyLargeTuskUpYour|ability: Protosynthesis
|-start|p2a: MyLargeTuskUpYour|protosynthesisatk
|turn|14
|
|t:|1776186050
|move|p1a: Enamorus|Moonblast|p2a: MyLargeTuskUpYour
|-supereffective|p2a: MyLargeTuskUpYour
|-damage|p2a: MyLargeTuskUpYour|32/100
|move|p2a: MyLargeTuskUpYour|Rapid Spin|p1a: Enamorus
|-damage|p1a: Enamorus|45/100
|-boost|p2a: MyLargeTuskUpYour|spe|1
|-sideend|p2: jmujgbjh|Stealth Rock|[from] move: Rapid Spin|[of] p2a: MyLargeTuskUpYour
|
|-weather|SunnyDay|[upkeep]
|upkeep
|turn|15
|
|t:|1776186065
|move|p1a: Enamorus|Moonblast|p2a: MyLargeTuskUpYour
|-supereffective|p2a: MyLargeTuskUpYour
|-damage|p2a: MyLargeTuskUpYour|0 fnt
|faint|p2a: MyLargeTuskUpYour
|-end|p2a: MyLargeTuskUpYour|Protosynthesis|[silent]
|
|-weather|SunnyDay|[upkeep]
|upkeep
|
|t:|1776186068
|switch|p2a: LETS GET SPICY|Scovillain, M|100/100
|turn|16
|
|t:|1776186073
|switch|p1a: Garganacl|Garganacl, M|100/100
|-damage|p1a: Garganacl|88/100|[from] Stealth Rock
|move|p2a: LETS GET SPICY|Flamethrower|p1a: Garganacl
|-resisted|p1a: Garganacl
|-damage|p1a: Garganacl|53/100
|
|-weather|none
|-heal|p1a: Garganacl|59/100|[from] item: Leftovers
|upkeep
|turn|17
|
|t:|1776186080
|switch|p2a: Neccesary Shitmon|Torkoal, M|47/100
|-weather|SunnyDay|[from] ability: Drought|[of] p2a: Neccesary Shitmon
|move|p1a: Garganacl|Stealth Rock|p2a: Neccesary Shitmon
|-sidestart|p2: jmujgbjh|move: Stealth Rock
|
|-weather|SunnyDay|[upkeep]
|-heal|p1a: Garganacl|66/100|[from] item: Leftovers
|upkeep
|turn|18
|
|t:|1776186088
|switch|p2a: THE OVERHEAT NUKE|Charizard, F|26/100
|-damage|p2a: THE OVERHEAT NUKE|0 fnt|[from] Stealth Rock
|faint|p2a: THE OVERHEAT NUKE
|move|p1a: Garganacl|Protect||[still]
|-fail|p1a: Garganacl
|
|-weather|SunnyDay|[upkeep]
|-heal|p1a: Garganacl|72/100|[from] item: Leftovers
|upkeep
|
|t:|1776186102
|switch|p2a: LETS GET SPICY|Scovillain, M|100/100
|-damage|p2a: LETS GET SPICY|76/100|[from] Stealth Rock
|turn|19
|
|t:|1776186106
|move|p1a: Garganacl|Protect|p1a: Garganacl
|-singleturn|p1a: Garganacl|Protect
|move|p2a: LETS GET SPICY|Solar Beam||[still]
|-prepare|p2a: LETS GET SPICY|Solar Beam
|-anim|p2a: LETS GET SPICY|Solar Beam|p1a: Garganacl
|-activate|p1a: Garganacl|move: Protect
|
|-weather|SunnyDay|[upkeep]
|-heal|p1a: Garganacl|78/100|[from] item: Leftovers
|upkeep
|turn|20
|
|t:|1776186114
|switch|p1a: Iron Treads|Iron Treads|97/100
|-damage|p1a: Iron Treads|94/100|[from] Stealth Rock
|move|p2a: LETS GET SPICY|Solar Beam||[still]
|-prepare|p2a: LETS GET SPICY|Solar Beam
|-anim|p2a: LETS GET SPICY|Solar Beam|p1a: Iron Treads
|-damage|p1a: Iron Treads|0 fnt
|faint|p1a: Iron Treads
|-end|p1a: Iron Treads|Quark Drive|[silent]
|
|-weather|SunnyDay|[upkeep]
|upkeep
|
|t:|1776186116
|switch|p1a: Samurott|Samurott-Hisui, F, shiny|100/100
|-damage|p1a: Samurott|88/100|[from] Stealth Rock
|turn|21
|
|t:|1776186141
|-terastallize|p1a: Samurott|Poison
|move|p2a: LETS GET SPICY|Solar Beam||[still]
|-prepare|p2a: LETS GET SPICY|Solar Beam
|-anim|p2a: LETS GET SPICY|Solar Beam|p1a: Samurott
|-resisted|p1a: Samurott
|-damage|p1a: Samurott|50/100
|move|p1a: Samurott|Ceaseless Edge|p2a: LETS GET SPICY
|-damage|p2a: LETS GET SPICY|0 fnt
|-sidestart|p2: jmujgbjh|Spikes
|faint|p2a: LETS GET SPICY
|
|-weather|SunnyDay|[upkeep]
|upkeep
|
|t:|1776186148
|switch|p2a: Sodium Chloride|Garganacl, F|100/100
|-damage|p2a: Sodium Chloride|88/100|[from] Stealth Rock
|-damage|p2a: Sodium Chloride|75/100|[from] Spikes
|turn|22
|
|t:|1776186155
|move|p1a: Samurott|Razor Shell|p2a: Sodium Chloride
|-supereffective|p2a: Sodium Chloride
|-damage|p2a: Sodium Chloride|44/100
|move|p2a: Sodium Chloride|Salt Cure|p1a: Samurott
|-damage|p1a: Samurott|35/100
|-start|p1a: Samurott|Salt Cure
|
|-weather|SunnyDay|[upkeep]
|-heal|p2a: Sodium Chloride|50/100|[from] item: Leftovers
|-damage|p1a: Samurott|23/100|[from] Salt Cure
|upkeep
|turn|23
|
|t:|1776186162
|move|p1a: Samurott|Razor Shell|p2a: Sodium Chloride
|-supereffective|p2a: Sodium Chloride
|-damage|p2a: Sodium Chloride|19/100
|move|p2a: Sodium Chloride|Recover|p2a: Sodium Chloride
|-heal|p2a: Sodium Chloride|69/100
|
|-weather|SunnyDay|[upkeep]
|-heal|p2a: Sodium Chloride|75/100|[from] item: Leftovers
|-damage|p1a: Samurott|11/100|[from] Salt Cure
|upkeep
|turn|24
|
|t:|1776186169
|move|p1a: Samurott|Razor Shell|p2a: Sodium Chloride
|-supereffective|p2a: Sodium Chloride
|-damage|p2a: Sodium Chloride|40/100
|move|p2a: Sodium Chloride|Recover|p2a: Sodium Chloride
|-heal|p2a: Sodium Chloride|90/100
|
|-weather|none
|-heal|p2a: Sodium Chloride|96/100|[from] item: Leftovers
|-damage|p1a: Samurott|0 fnt|[from] Salt Cure
|faint|p1a: Samurott
|upkeep
|
|t:|1776186173
|switch|p1a: Enamorus|Enamorus, F|45/100
|-damage|p1a: Enamorus|20/100|[from] Stealth Rock
|turn|25
|
|t:|1776186178
|move|p1a: Enamorus|Earth Power|p2a: Sodium Chloride
|-supereffective|p2a: Sodium Chloride
|-damage|p2a: Sodium Chloride|46/100
|move|p2a: Sodium Chloride|Salt Cure|p1a: Enamorus
|-supereffective|p1a: Enamorus
|-damage|p1a: Enamorus|0 fnt
|faint|p1a: Enamorus
|
|-heal|p2a: Sodium Chloride|53/100|[from] item: Leftovers
|upkeep
|
|t:|1776186182
|switch|p1a: Garganacl|Garganacl, M|78/100
|-damage|p1a: Garganacl|66/100|[from] Stealth Rock
|turn|26
|
|t:|1776186186
|move|p2a: Sodium Chloride|Salt Cure|p1a: Garganacl
|-damage|p1a: Garganacl|57/100
|-start|p1a: Garganacl|Salt Cure
|move|p1a: Garganacl|Salt Cure|p2a: Sodium Chloride
|-damage|p2a: Sodium Chloride|44/100
|-start|p2a: Sodium Chloride|Salt Cure
|
|-heal|p1a: Garganacl|63/100|[from] item: Leftovers
|-heal|p2a: Sodium Chloride|50/100|[from] item: Leftovers
|-damage|p2a: Sodium Chloride|37/100|[from] Salt Cure
|-damage|p1a: Garganacl|50/100|[from] Salt Cure
|upkeep
|turn|27
|
|t:|1776186192
|move|p1a: Garganacl|Recover|p1a: Garganacl
|-heal|p1a: Garganacl|100/100
|move|p2a: Sodium Chloride|Recover|p2a: Sodium Chloride
|-heal|p2a: Sodium Chloride|87/100
|
|-heal|p2a: Sodium Chloride|94/100|[from] item: Leftovers
|-damage|p1a: Garganacl|88/100|[from] Salt Cure
|-damage|p2a: Sodium Chloride|81/100|[from] Salt Cure
|upkeep
|turn|28
|
|t:|1776186197
|switch|p2a: Neccesary Shitmon|Torkoal, M|47/100
|-damage|p2a: Neccesary Shitmon|22/100|[from] Stealth Rock
|-damage|p2a: Neccesary Shitmon|10/100|[from] Spikes
|-weather|SunnyDay|[from] ability: Drought|[of] p2a: Neccesary Shitmon
|move|p1a: Garganacl|Salt Cure|p2a: Neccesary Shitmon
|-supereffective|p2a: Neccesary Shitmon
|-damage|p2a: Neccesary Shitmon|0 fnt
|faint|p2a: Neccesary Shitmon
|
|-weather|SunnyDay|[upkeep]
|-heal|p1a: Garganacl|94/100|[from] item: Leftovers
|-damage|p1a: Garganacl|82/100|[from] Salt Cure
|upkeep
|
|t:|1776186209
|switch|p2a: Sodium Chloride|Garganacl, F|81/100
|-damage|p2a: Sodium Chloride|69/100|[from] Stealth Rock
|-damage|p2a: Sodium Chloride|56/100|[from] Spikes
|turn|29
|
|t:|1776186212
|move|p2a: Sodium Chloride|Recover|p2a: Sodium Chloride
|-heal|p2a: Sodium Chloride|100/100
|move|p1a: Garganacl|Salt Cure|p2a: Sodium Chloride
|-damage|p2a: Sodium Chloride|91/100
|-start|p2a: Sodium Chloride|Salt Cure
|
|-weather|SunnyDay|[upkeep]
|-heal|p1a: Garganacl|88/100|[from] item: Leftovers
|-heal|p2a: Sodium Chloride|97/100|[from] item: Leftovers
|-damage|p2a: Sodium Chloride|85/100|[from] Salt Cure
|-damage|p1a: Garganacl|76/100|[from] Salt Cure
|upkeep
|turn|30
|
|t:|1776186221
|move|p1a: Garganacl|Protect|p1a: Garganacl
|-singleturn|p1a: Garganacl|Protect
|move|p2a: Sodium Chloride|Fire Punch|p1a: Garganacl
|-activate|p1a: Garganacl|move: Protect
|
|-weather|SunnyDay|[upkeep]
|-heal|p2a: Sodium Chloride|91/100|[from] item: Leftovers
|-heal|p1a: Garganacl|82/100|[from] item: Leftovers
|-damage|p2a: Sodium Chloride|79/100|[from] Salt Cure
|-damage|p1a: Garganacl|69/100|[from] Salt Cure
|upkeep
|turn|31
|
|t:|1776186227
|move|p1a: Garganacl|Salt Cure|p2a: Sodium Chloride
|-damage|p2a: Sodium Chloride|68/100
|move|p2a: Sodium Chloride|Fire Punch|p1a: Garganacl
|-resisted|p1a: Garganacl
|-damage|p1a: Garganacl|61/100
|
|-weather|SunnyDay|[upkeep]
|-heal|p1a: Garganacl|67/100|[from] item: Leftovers
|-heal|p2a: Sodium Chloride|75/100|[from] item: Leftovers
|-damage|p2a: Sodium Chloride|62/100|[from] Salt Cure
|-damage|p1a: Garganacl|55/100|[from] Salt Cure
|upkeep
|turn|32
|
|t:|1776186240
|move|p1a: Garganacl|Protect|p1a: Garganacl
|-singleturn|p1a: Garganacl|Protect
|move|p2a: Sodium Chloride|Fire Punch|p1a: Garganacl
|-activate|p1a: Garganacl|move: Protect
|
|-weather|SunnyDay|[upkeep]
|-heal|p1a: Garganacl|61/100|[from] item: Leftovers
|-heal|p2a: Sodium Chloride|68/100|[from] item: Leftovers
|-damage|p2a: Sodium Chloride|56/100|[from] Salt Cure
|-damage|p1a: Garganacl|48/100|[from] Salt Cure
|upkeep
|turn|33
|
|t:|1776186268
|move|p1a: Garganacl|Salt Cure|p2a: Sodium Chloride
|-damage|p2a: Sodium Chloride|46/100
|move|p2a: Sodium Chloride|Fire Punch|p1a: Garganacl
|-resisted|p1a: Garganacl
|-damage|p1a: Garganacl|40/100
|
|-weather|SunnyDay|[upkeep]
|-heal|p2a: Sodium Chloride|53/100|[from] item: Leftovers
|-heal|p1a: Garganacl|47/100|[from] item: Leftovers
|-damage|p1a: Garganacl|34/100|[from] Salt Cure
|-damage|p2a: Sodium Chloride|40/100|[from] Salt Cure
|upkeep
|turn|34
|
|t:|1776186278
|move|p1a: Garganacl|Protect|p1a: Garganacl
|-singleturn|p1a: Garganacl|Protect
|move|p2a: Sodium Chloride|Recover|p2a: Sodium Chloride
|-heal|p2a: Sodium Chloride|90/100
|
|-weather|SunnyDay|[upkeep]
|-heal|p2a: Sodium Chloride|96/100|[from] item: Leftovers
|-heal|p1a: Garganacl|40/100|[from] item: Leftovers
|-damage|p1a: Garganacl|28/100|[from] Salt Cure
|-damage|p2a: Sodium Chloride|84/100|[from] Salt Cure
|upkeep
|turn|35
|
|t:|1776186289
|move|p1a: Garganacl|Recover|p1a: Garganacl
|-heal|p1a: Garganacl|78/100
|move|p2a: Sodium Chloride|Stealth Rock||[still]
|-fail|p2a: Sodium Chloride
|
|-weather|none
|-heal|p1a: Garganacl|84/100|[from] item: Leftovers
|-heal|p2a: Sodium Chloride|90/100|[from] item: Leftovers
|-damage|p2a: Sodium Chloride|78/100|[from] Salt Cure
|-damage|p1a: Garganacl|72/100|[from] Salt Cure
|upkeep
|turn|36
|
|t:|1776186294
|move|p1a: Garganacl|Salt Cure|p2a: Sodium Chloride
|-damage|p2a: Sodium Chloride|68/100
|move|p2a: Sodium Chloride|Stealth Rock||[still]
|-fail|p2a: Sodium Chloride
|
|-heal|p1a: Garganacl|78/100|[from] item: Leftovers
|-heal|p2a: Sodium Chloride|74/100|[from] item: Leftovers
|-damage|p1a: Garganacl|66/100|[from] Salt Cure
|-damage|p2a: Sodium Chloride|62/100|[from] Salt Cure
|upkeep
|turn|37
|-message|jmujgbjh forfeited.
|
|win|FreeMoonNVolc
|raw|FreeMoonNVolc's rating: 1040 &rarr; <strong>1077</strong><br />(+37 for winning)
|raw|jmujgbjh's rating: 1074 &rarr; <strong>1051</strong><br />(-23 for losing)
|l|☆jmujgbjh
|player|p2|
