|html|<div class="broadcast-blue"><strong>[Gen 9] OU is currently suspecting Tera Blast! For information on how to participate check out the <a href="https://www.smogon.com/tools/suspects/view/200">suspect thread</a>.</strong></div>
|j|☆simpleboy2
|j|☆Snappo80
|t:|1776106610
|gametype|singles
|player|p1|simpleboy2|169|1364
|player|p2|Snappo80|parasollady-gen4|1343
|gen|9
|tier|[Gen 9] OU
|rated|
|rule|HP Percentage Mod: HP is shown in percentages
|rule|Endless Battle Clause: Forcing endless battles is banned
|rule|Species Clause: Limit one of each Pokémon
|rule|OHKO Clause: OHKO moves are banned
|rule|Evasion Items Clause: Evasion items are banned
|rule|Evasion Moves Clause: Evasion moves are banned
|rule|Evasion Abilities Clause: Evasion abilities are banned
|rule|Sleep Moves Clause: Sleep-inducing moves are banned
|clearpoke
|poke|p1|Maushold-Four|
|poke|p1|Serperior, M|
|poke|p1|Galvantula, F|
|poke|p1|Mimikyu, M|
|poke|p1|Iron Moth|
|poke|p1|Kingambit, M|
|poke|p2|Kyurem|
|poke|p2|Moltres|
|poke|p2|Great Tusk|
|poke|p2|Gholdengo|
|poke|p2|Clefable, F|
|poke|p2|Zamazenta-*|
|teampreview
|inactive|Battle timer is ON: inactive players will automatically lose when time's up. (requested by simpleboy2)
|
|t:|1776106625
|teamsize|p1|6
|teamsize|p2|6
|start
|switch|p1a: Brook L.|Galvantula, F|100/100
|switch|p2a: Kyurem|Kyurem, shiny|100/100
|-ability|p2a: Kyurem|Pressure
|turn|1
|
|t:|1776106634
|move|p1a: Brook L.|Sticky Web|p2a: Kyurem
|-sidestart|p2: Snappo80|move: Sticky Web
|move|p2a: Kyurem|Substitute|p2a: Kyurem
|-start|p2a: Kyurem|Substitute
|-damage|p2a: Kyurem|76/100
|
|upkeep
|turn|2
|
|t:|1776106655
|move|p1a: Brook L.|Bug Buzz|p2a: Kyurem
|-damage|p2a: Kyurem|41/100
|move|p2a: Kyurem|Dragon Dance|p2a: Kyurem
|-boost|p2a: Kyurem|atk|1
|-boost|p2a: Kyurem|spe|1
|
|upkeep
|turn|3
|
|t:|1776106661
|move|p2a: Kyurem|Icicle Spear|p1a: Brook L.
|-damage|p1a: Brook L.|63/100
|-damage|p1a: Brook L.|22/100
|-damage|p1a: Brook L.|0 fnt
|faint|p1a: Brook L.
|-hitcount|p1: Brook L.|3
|
|upkeep
|inactive|simpleboy2 has 120 seconds left.
|
|t:|1776106688
|switch|p1a: Bobby P.|Kingambit, M|100/100
|-activate|p1a: Bobby P.|ability: Supreme Overlord
|-start|p1a: Bobby P.|fallen1|[silent]
|turn|4
|inactive|simpleboy2 has 120 seconds left.
|
|t:|1776106701
|move|p2a: Kyurem|Icicle Spear|p1a: Bobby P.
|-resisted|p1a: Bobby P.
|-damage|p1a: Bobby P.|92/100
|-resisted|p1a: Bobby P.
|-damage|p1a: Bobby P.|85/100
|-resisted|p1a: Bobby P.
|-damage|p1a: Bobby P.|78/100
|-resisted|p1a: Bobby P.
|-damage|p1a: Bobby P.|71/100
|-hitcount|p1a: Bobby P.|4
|move|p1a: Bobby P.|Iron Head|p2a: Kyurem
|-supereffective|p2a: Kyurem
|-end|p2a: Kyurem|Substitute
|
|-heal|p1a: Bobby P.|77/100|[from] item: Leftovers
|upkeep
|turn|5
|inactive|simpleboy2 has 120 seconds left.
|
|t:|1776106713
|switch|p2a: Moltres|Moltres|100/100
|move|p1a: Bobby P.|Swords Dance|p1a: Bobby P.
|-boost|p1a: Bobby P.|atk|2
|
|-heal|p1a: Bobby P.|83/100|[from] item: Leftovers
|upkeep
|turn|6
|inactive|simpleboy2 has 120 seconds left.
|
|t:|1776106729
|-end|p1a: Bobby P.|fallen1|[silent]
|switch|p1a: PJ Tucker|Iron Moth|100/100
|move|p2a: Moltres|Scorching Sands|p1a: PJ Tucker
|-supereffective|p1a: PJ Tucker
|-crit|p1a: PJ Tucker
|-damage|p1a: PJ Tucker|0 fnt
|faint|p1a: PJ Tucker
|-end|p1a: PJ Tucker|Quark Drive|[silent]
|
|upkeep
|
|t:|1776106757
|switch|p1a: Bobby P.|Kingambit, M|83/100
|-activate|p1a: Bobby P.|ability: Supreme Overlord
|-start|p1a: Bobby P.|fallen2|[silent]
|turn|7
|
|t:|1776106763
|move|p2a: Moltres|Will-O-Wisp|p1a: Bobby P.
|-status|p1a: Bobby P.|brn
|move|p1a: Bobby P.|Swords Dance|p1a: Bobby P.
|-boost|p1a: Bobby P.|atk|2
|
|-heal|p1a: Bobby P.|89/100 brn|[from] item: Leftovers
|-damage|p1a: Bobby P.|83/100 brn|[from] brn
|upkeep
|turn|8
|
|t:|1776106771
|move|p2a: Moltres|Flamethrower|p1a: Bobby P.
|-supereffective|p1a: Bobby P.
|-damage|p1a: Bobby P.|10/100 brn
|move|p1a: Bobby P.|Swords Dance|p1a: Bobby P.
|-boost|p1a: Bobby P.|atk|2
|
|-heal|p1a: Bobby P.|16/100 brn|[from] item: Leftovers
|-damage|p1a: Bobby P.|10/100 brn|[from] brn
|upkeep
|turn|9
|
|t:|1776106780
|move|p1a: Bobby P.|Sucker Punch|p2a: Moltres
|-damage|p2a: Moltres|40/100
|move|p2a: Moltres|Flamethrower|p1a: Bobby P.
|-supereffective|p1a: Bobby P.
|-damage|p1a: Bobby P.|0 fnt
|faint|p1a: Bobby P.
|-end|p1a: Bobby P.|fallen2|[silent]
|
|upkeep
|inactive|simpleboy2 has 90 seconds left.
|
|t:|1776106811
|switch|p1a: Jrue H.|Serperior, M|100/100
|turn|10
|
|t:|1776106815
|move|p1a: Jrue H.|Leaf Storm|p2a: Moltres
|-resisted|p2a: Moltres
|-damage|p2a: Moltres|28/100
|-boost|p1a: Jrue H.|spa|2
|move|p2a: Moltres|Roost|p2a: Moltres
|-heal|p2a: Moltres|78/100
|-singleturn|p2a: Moltres|move: Roost
|
|upkeep
|turn|11
|
|t:|1776106829
|switch|p2a: Kyurem|Kyurem, shiny|41/100
|-activate|p2a: Kyurem|move: Sticky Web
|-unboost|p2a: Kyurem|spe|1
|-ability|p2a: Kyurem|Pressure
|move|p1a: Jrue H.|Leech Seed|p2a: Kyurem
|-start|p2a: Kyurem|move: Leech Seed
|
|-damage|p2a: Kyurem|29/100|[from] Leech Seed|[of] p1a: Jrue H.
|upkeep
|turn|12
|inactive|simpleboy2 has 90 seconds left.
|
|t:|1776106851
|-terastallize|p1a: Jrue H.|Grass
|move|p1a: Jrue H.|Leaf Storm|p2a: Kyurem
|-resisted|p2a: Kyurem
|-crit|p2a: Kyurem
|-damage|p2a: Kyurem|0 fnt
|-boost|p1a: Jrue H.|spa|2
|faint|p2a: Kyurem
|
|upkeep
|
|t:|1776106868
|switch|p2a: Clefable|Clefable, F|100/100
|turn|13
|
|t:|1776106872
|move|p1a: Jrue H.|Leech Seed|p2a: Clefable
|-start|p2a: Clefable|move: Leech Seed
|move|p2a: Clefable|Moonblast|p1a: Jrue H.
|-damage|p1a: Jrue H.|59/100
|
|-heal|p1a: Jrue H.|66/100|[from] item: Leftovers
|-damage|p2a: Clefable|88/100|[from] Leech Seed|[of] p1a: Jrue H.
|-heal|p1a: Jrue H.|82/100|[silent]
|upkeep
|turn|14
|
|t:|1776106888
|switch|p2a: Gholdengo|Gholdengo, shiny|100/100
|-item|p2a: Gholdengo|Air Balloon
|move|p1a: Jrue H.|Substitute|p1a: Jrue H.
|-start|p1a: Jrue H.|Substitute
|-damage|p1a: Jrue H.|57/100
|
|-heal|p1a: Jrue H.|64/100|[from] item: Leftovers
|upkeep
|turn|15
|
|t:|1776106896
|move|p1a: Jrue H.|Leaf Storm|p2a: Gholdengo
|-resisted|p2a: Gholdengo
|-damage|p2a: Gholdengo|0 fnt
|-boost|p1a: Jrue H.|spa|2
|-enditem|p2a: Gholdengo|Air Balloon
|faint|p2a: Gholdengo
|
|-heal|p1a: Jrue H.|70/100|[from] item: Leftovers
|upkeep
|
|t:|1776106901
|switch|p2a: Clefable|Clefable, F|88/100
|turn|16
|
|t:|1776106906
|move|p1a: Jrue H.|Leech Seed|p2a: Clefable
|-start|p2a: Clefable|move: Leech Seed
|move|p2a: Clefable|Moonblast|p1a: Jrue H.
|-end|p1a: Jrue H.|Substitute
|
|-heal|p1a: Jrue H.|76/100|[from] item: Leftovers
|-damage|p2a: Clefable|76/100|[from] Leech Seed|[of] p1a: Jrue H.
|-heal|p1a: Jrue H.|93/100|[silent]
|upkeep
|turn|17
|
|t:|1776106914
|move|p1a: Jrue H.|Substitute|p1a: Jrue H.
|-start|p1a: Jrue H.|Substitute
|-damage|p1a: Jrue H.|68/100
|move|p2a: Clefable|Wish|p2a: Clefable
|
|-heal|p1a: Jrue H.|74/100|[from] item: Leftovers
|-damage|p2a: Clefable|63/100|[from] Leech Seed|[of] p1a: Jrue H.
|-heal|p1a: Jrue H.|91/100|[silent]
|upkeep
|turn|18
|
|t:|1776106921
|move|p1a: Jrue H.|Leaf Storm|p2a: Clefable
|-crit|p2a: Clefable
|-damage|p2a: Clefable|1/100
|move|p2a: Clefable|Moonblast|p1a: Jrue H.
|-end|p1a: Jrue H.|Substitute
|
|-heal|p2a: Clefable|51/100|[from] move: Wish|[wisher] Clefable
|-heal|p1a: Jrue H.|97/100|[from] item: Leftovers
|-damage|p2a: Clefable|39/100|[from] Leech Seed|[of] p1a: Jrue H.
|-heal|p1a: Jrue H.|100/100|[silent]
|upkeep
|turn|19
|
|t:|1776106932
|move|p1a: Jrue H.|Substitute|p1a: Jrue H.
|-start|p1a: Jrue H.|Substitute
|-damage|p1a: Jrue H.|75/100
|move|p2a: Clefable|Wish|p2a: Clefable
|
|-heal|p1a: Jrue H.|82/100|[from] item: Leftovers
|-damage|p2a: Clefable|26/100|[from] Leech Seed|[of] p1a: Jrue H.
|-heal|p1a: Jrue H.|98/100|[silent]
|upkeep
|turn|20
|
|t:|1776106956
|move|p2a: Clefable|Protect|p2a: Clefable
|-singleturn|p2a: Clefable|Protect
|move|p1a: Jrue H.|Leaf Storm|p2a: Clefable
|-activate|p2a: Clefable|move: Protect
|
|-heal|p2a: Clefable|76/100|[from] move: Wish|[wisher] Clefable
|-heal|p1a: Jrue H.|100/100|[from] item: Leftovers
|-damage|p2a: Clefable|64/100|[from] Leech Seed|[of] p1a: Jrue H.
|upkeep
|turn|21
|
|t:|1776106967
|move|p2a: Clefable|Wish|p2a: Clefable
|move|p1a: Jrue H.|Dragon Tail|p2a: Clefable
|-immune|p2a: Clefable
|
|-damage|p2a: Clefable|52/100|[from] Leech Seed|[of] p1a: Jrue H.
|upkeep
|turn|22
|
|t:|1776106975
|move|p2a: Clefable|Protect|p2a: Clefable
|-singleturn|p2a: Clefable|Protect
|move|p1a: Jrue H.|Dragon Tail|p2a: Clefable
|-activate|p2a: Clefable|move: Protect
|
|-heal|p2a: Clefable|100/100|[from] move: Wish|[wisher] Clefable
|-damage|p2a: Clefable|88/100|[from] Leech Seed|[of] p1a: Jrue H.
|upkeep
|turn|23
|
|t:|1776106987
|move|p2a: Clefable|Moonblast|p1a: Jrue H.
|-end|p1a: Jrue H.|Substitute
|move|p1a: Jrue H.|Dragon Tail|p2a: Clefable
|-immune|p2a: Clefable
|
|-damage|p2a: Clefable|76/100|[from] Leech Seed|[of] p1a: Jrue H.
|upkeep
|turn|24
|
|t:|1776106997
|move|p1a: Jrue H.|Substitute|p1a: Jrue H.
|-start|p1a: Jrue H.|Substitute
|-damage|p1a: Jrue H.|75/100
|move|p2a: Clefable|Wish|p2a: Clefable
|
|-heal|p1a: Jrue H.|82/100|[from] item: Leftovers
|-damage|p2a: Clefable|63/100|[from] Leech Seed|[of] p1a: Jrue H.
|-heal|p1a: Jrue H.|98/100|[silent]
|upkeep
|turn|25
|
|t:|1776107005
|switch|p1a: Giannis A.|Maushold-Four|100/100
|move|p2a: Clefable|Moonblast|p1a: Giannis A.
|-damage|p1a: Giannis A.|49/100
|-unboost|p1a: Giannis A.|spa|1
|
|-heal|p2a: Clefable|100/100|[from] move: Wish|[wisher] Clefable
|-damage|p2a: Clefable|88/100|[from] Leech Seed|[of] p1a: Giannis A.
|-heal|p1a: Giannis A.|66/100|[silent]
|upkeep
|turn|26
|
|t:|1776107018
|switch|p2a: Moltres|Moltres|78/100
|move|p1a: Giannis A.|Tidy Up|p1a: Giannis A.
|-sideend|p2: Snappo80|Sticky Web
|-activate|p1a: Giannis A.|move: Tidy Up
|-boost|p1a: Giannis A.|atk|1
|-boost|p1a: Giannis A.|spe|1
|
|upkeep
|turn|27
|
|t:|1776107025
|move|p1a: Giannis A.|Population Bomb|p2a: Moltres
|-damage|p2a: Moltres|66/100
|-damage|p2a: Moltres|53/100
|-damage|p2a: Moltres|41/100
|-damage|p2a: Moltres|29/100
|-damage|p2a: Moltres|16/100
|-status|p1a: Giannis A.|brn|[from] ability: Flame Body|[of] p2a: Moltres
|-damage|p2a: Moltres|10/100
|-damage|p2a: Moltres|4/100
|-damage|p2a: Moltres|0 fnt
|faint|p2a: Moltres
|-hitcount|p2: Moltres|8
|
|-damage|p1a: Giannis A.|59/100 brn|[from] brn
|upkeep
|
|t:|1776107037
|switch|p2a: Zamazenta|Zamazenta|100/100
|-ability|p2a: Zamazenta|Dauntless Shield|boost
|-boost|p2a: Zamazenta|def|1
|turn|28
|
|t:|1776107043
|move|p1a: Giannis A.|Tidy Up|p1a: Giannis A.
|-boost|p1a: Giannis A.|atk|1
|-boost|p1a: Giannis A.|spe|1
|move|p2a: Zamazenta|Body Press|p1a: Giannis A.
|-supereffective|p1a: Giannis A.
|-damage|p1a: Giannis A.|0 fnt
|faint|p1a: Giannis A.
|
|upkeep
|
|t:|1776107054
|switch|p1a: Khris M.|Mimikyu, M|100/100
|turn|29
|
|t:|1776107058
|move|p2a: Zamazenta|Crunch|p1a: Khris M.
|-activate|p1a: Khris M.|ability: Disguise
|-damage|p1a: Khris M.|100/100
|-unboost|p1a: Khris M.|def|1
|detailschange|p1a: Khris M.|Mimikyu-Busted, M
|-damage|p1a: Khris M.|88/100|[from] pokemon: Mimikyu-Busted
|move|p1a: Khris M.|Swords Dance|p1a: Khris M.
|-boost|p1a: Khris M.|atk|2
|
|upkeep
|turn|30
|
|t:|1776107068
|move|p2a: Zamazenta|Crunch|p1a: Khris M.
|-damage|p1a: Khris M.|29/100
|-unboost|p1a: Khris M.|def|1
|move|p1a: Khris M.|Play Rough|p2a: Zamazenta
|-supereffective|p2a: Zamazenta
|-damage|p2a: Zamazenta|7/100
|-damage|p1a: Khris M.|19/100|[from] item: Life Orb
|
|-heal|p2a: Zamazenta|13/100|[from] item: Leftovers
|upkeep
|turn|31
|
|t:|1776107078
|move|p1a: Khris M.|Shadow Sneak|p2a: Zamazenta
|-damage|p2a: Zamazenta|0 fnt
|faint|p2a: Zamazenta
|-damage|p1a: Khris M.|9/100|[from] item: Life Orb
|
|upkeep
|
|t:|1776107080
|switch|p2a: Great Tusk|Great Tusk|100/100
|-enditem|p2a: Great Tusk|Booster Energy
|-activate|p2a: Great Tusk|ability: Protosynthesis|[fromitem]
|-start|p2a: Great Tusk|protosynthesisspe
|turn|32
|
|t:|1776107087
|move|p1a: Khris M.|Shadow Sneak|p2a: Great Tusk
|-damage|p2a: Great Tusk|74/100
|-damage|p1a: Khris M.|0 fnt|[from] item: Life Orb
|faint|p1a: Khris M.
|move|p2a: Great Tusk|Ice Spinner|p1: Khris M.|[notarget]
|-fail|p2a: Great Tusk
|
|upkeep
|
|t:|1776107093
|switch|p1a: Jrue H.|Serperior, M, tera:Grass|98/100
|turn|33
|
|t:|1776107098
|move|p2a: Great Tusk|Ice Spinner|p1a: Jrue H.
|-supereffective|p1a: Jrue H.
|-damage|p1a: Jrue H.|46/100
|move|p1a: Jrue H.|Leaf Storm|p2a: Great Tusk
|-supereffective|p2a: Great Tusk
|-damage|p2a: Great Tusk|0 fnt
|-boost|p1a: Jrue H.|spa|2
|faint|p2a: Great Tusk
|-end|p2a: Great Tusk|Protosynthesis|[silent]
|
|-heal|p1a: Jrue H.|52/100|[from] item: Leftovers
|upkeep
|
|t:|1776107100
|switch|p2a: Clefable|Clefable, F|88/100
|turn|34
|
|t:|1776107109
|move|p1a: Jrue H.|Leech Seed|p2a: Clefable
|-start|p2a: Clefable|move: Leech Seed
|move|p2a: Clefable|Wish|p2a: Clefable
|
|-heal|p1a: Jrue H.|58/100|[from] item: Leftovers
|-damage|p2a: Clefable|76/100|[from] Leech Seed|[of] p1a: Jrue H.
|-heal|p1a: Jrue H.|75/100|[silent]
|upkeep
|turn|35
|
|t:|1776107118
|move|p1a: Jrue H.|Substitute|p1a: Jrue H.
|-start|p1a: Jrue H.|Substitute
|-damage|p1a: Jrue H.|50/100
|move|p2a: Clefable|Moonblast|p1a: Jrue H.
|-end|p1a: Jrue H.|Substitute
|
|-heal|p2a: Clefable|100/100|[from] move: Wish|[wisher] Clefable
|-heal|p1a: Jrue H.|56/100|[from] item: Leftovers
|-damage|p2a: Clefable|88/100|[from] Leech Seed|[of] p1a: Jrue H.
|-heal|p1a: Jrue H.|73/100|[silent]
|upkeep
|turn|36
|
|t:|1776107128
|move|p2a: Clefable|Moonblast|p1a: Jrue H.
|-damage|p1a: Jrue H.|31/100
|move|p1a: Jrue H.|Dragon Tail|p2a: Clefable
|-immune|p2a: Clefable
|
|-heal|p1a: Jrue H.|37/100|[from] item: Leftovers
|-damage|p2a: Clefable|76/100|[from] Leech Seed|[of] p1a: Jrue H.
|-heal|p1a: Jrue H.|54/100|[silent]
|upkeep
|turn|37
|
|t:|1776107137
|move|p1a: Jrue H.|Substitute|p1a: Jrue H.
|-start|p1a: Jrue H.|Substitute
|-damage|p1a: Jrue H.|29/100
|move|p2a: Clefable|Wish|p2a: Clefable
|
|-heal|p1a: Jrue H.|35/100|[from] item: Leftovers
|-damage|p2a: Clefable|63/100|[from] Leech Seed|[of] p1a: Jrue H.
|-heal|p1a: Jrue H.|52/100|[silent]
|upkeep
|turn|38
|
|t:|1776107146
|move|p2a: Clefable|Moonblast|p1a: Jrue H.
|-end|p1a: Jrue H.|Substitute
|move|p1a: Jrue H.|Dragon Tail|p2a: Clefable
|-immune|p2a: Clefable
|
|-heal|p2a: Clefable|100/100|[from] move: Wish|[wisher] Clefable
|-heal|p1a: Jrue H.|58/100|[from] item: Leftovers
|-damage|p2a: Clefable|88/100|[from] Leech Seed|[of] p1a: Jrue H.
|-heal|p1a: Jrue H.|75/100|[silent]
|upkeep
|turn|39
|
|t:|1776107157
|move|p1a: Jrue H.|Substitute|p1a: Jrue H.
|-start|p1a: Jrue H.|Substitute
|-damage|p1a: Jrue H.|50/100
|move|p2a: Clefable|Moonblast|p1a: Jrue H.
|-end|p1a: Jrue H.|Substitute
|
|-heal|p1a: Jrue H.|56/100|[from] item: Leftovers
|-damage|p2a: Clefable|76/100|[from] Leech Seed|[of] p1a: Jrue H.
|-heal|p1a: Jrue H.|73/100|[silent]
|upkeep
|turn|40
|
|t:|1776107171
|move|p1a: Jrue H.|Substitute|p1a: Jrue H.
|-start|p1a: Jrue H.|Substitute
|-damage|p1a: Jrue H.|48/100
|move|p2a: Clefable|Wish|p2a: Clefable
|
|-heal|p1a: Jrue H.|54/100|[from] item: Leftovers
|-damage|p2a: Clefable|63/100|[from] Leech Seed|[of] p1a: Jrue H.
|-heal|p1a: Jrue H.|71/100|[silent]
|upkeep
|turn|41
|
|t:|1776107179
|move|p2a: Clefable|Moonblast|p1a: Jrue H.
|-end|p1a: Jrue H.|Substitute
|move|p1a: Jrue H.|Dragon Tail|p2a: Clefable
|-immune|p2a: Clefable
|
|-heal|p2a: Clefable|100/100|[from] move: Wish|[wisher] Clefable
|-heal|p1a: Jrue H.|77/100|[from] item: Leftovers
|-damage|p2a: Clefable|88/100|[from] Leech Seed|[of] p1a: Jrue H.
|-heal|p1a: Jrue H.|94/100|[silent]
|upkeep
|turn|42
|
|t:|1776107189
|move|p1a: Jrue H.|Substitute|p1a: Jrue H.
|-start|p1a: Jrue H.|Substitute
|-damage|p1a: Jrue H.|69/100
|move|p2a: Clefable|Moonblast|p1a: Jrue H.
|-end|p1a: Jrue H.|Substitute
|
|-heal|p1a: Jrue H.|75/100|[from] item: Leftovers
|-damage|p2a: Clefable|76/100|[from] Leech Seed|[of] p1a: Jrue H.
|-heal|p1a: Jrue H.|92/100|[silent]
|upkeep
|turn|43
|
|t:|1776107201
|move|p1a: Jrue H.|Substitute|p1a: Jrue H.
|-start|p1a: Jrue H.|Substitute
|-damage|p1a: Jrue H.|67/100
|move|p2a: Clefable|Stealth Rock|p1a: Jrue H.
|-sidestart|p1: simpleboy2|move: Stealth Rock
|
|-heal|p1a: Jrue H.|73/100|[from] item: Leftovers
|-damage|p2a: Clefable|63/100|[from] Leech Seed|[of] p1a: Jrue H.
|-heal|p1a: Jrue H.|90/100|[silent]
|upkeep
|turn|44
|c|☆Snappo80|bro
|inactive|simpleboy2 has 120 seconds left.
|c|☆Snappo80|can u attack
|
|t:|1776107235
|move|p2a: Clefable|Wish|p2a: Clefable
|move|p1a: Jrue H.|Dragon Tail|p2a: Clefable
|-immune|p2a: Clefable
|
|-heal|p1a: Jrue H.|96/100|[from] item: Leftovers
|-damage|p2a: Clefable|51/100|[from] Leech Seed|[of] p1a: Jrue H.
|-heal|p1a: Jrue H.|100/100|[silent]
|upkeep
|turn|45
|inactive|simpleboy2 has 120 seconds left.
|
|t:|1776107248
|move|p2a: Clefable|Protect|p2a: Clefable
|-singleturn|p2a: Clefable|Protect
|move|p1a: Jrue H.|Dragon Tail|p2a: Clefable
|-activate|p2a: Clefable|move: Protect
|
|-heal|p2a: Clefable|100/100|[from] move: Wish|[wisher] Clefable
|-damage|p2a: Clefable|88/100|[from] Leech Seed|[of] p1a: Jrue H.
|upkeep
|turn|46
|
|t:|1776107258
|move|p2a: Clefable|Stealth Rock||[still]
|-fail|p2a: Clefable
|move|p1a: Jrue H.|Dragon Tail|p2a: Clefable
|-immune|p2a: Clefable
|
|-damage|p2a: Clefable|76/100|[from] Leech Seed|[of] p1a: Jrue H.
|upkeep
|turn|47
|
|t:|1776107267
|move|p2a: Clefable|Stealth Rock||[still]
|-fail|p2a: Clefable
|move|p1a: Jrue H.|Dragon Tail|p2a: Clefable
|-immune|p2a: Clefable
|
|-damage|p2a: Clefable|63/100|[from] Leech Seed|[of] p1a: Jrue H.
|upkeep
|turn|48
|
|t:|1776107274
|move|p2a: Clefable|Wish|p2a: Clefable
|move|p1a: Jrue H.|Dragon Tail|p2a: Clefable
|-immune|p2a: Clefable
|
|-damage|p2a: Clefable|51/100|[from] Leech Seed|[of] p1a: Jrue H.
|upkeep
|turn|49
|
|t:|1776107282
|move|p2a: Clefable|Protect|p2a: Clefable
|-singleturn|p2a: Clefable|Protect
|move|p1a: Jrue H.|Leech Seed|p2a: Clefable
|-activate|p2a: Clefable|move: Protect
|
|-heal|p2a: Clefable|100/100|[from] move: Wish|[wisher] Clefable
|-damage|p2a: Clefable|88/100|[from] Leech Seed|[of] p1a: Jrue H.
|upkeep
|turn|50
|
|t:|1776107290
|move|p1a: Jrue H.|Leech Seed||[still]
|-fail|p1a: Jrue H.
|move|p2a: Clefable|Stealth Rock||[still]
|-fail|p2a: Clefable
|
|-damage|p2a: Clefable|76/100|[from] Leech Seed|[of] p1a: Jrue H.
|upkeep
|turn|51
|
|t:|1776107296
|move|p1a: Jrue H.|Leech Seed||[still]
|-fail|p1a: Jrue H.
|move|p2a: Clefable|Stealth Rock||[still]
|-fail|p2a: Clefable
|
|-damage|p2a: Clefable|63/100|[from] Leech Seed|[of] p1a: Jrue H.
|upkeep
|turn|52
|
|t:|1776107303
|move|p1a: Jrue H.|Leech Seed||[still]
|-fail|p1a: Jrue H.
|move|p2a: Clefable|Wish|p2a: Clefable
|
|-damage|p2a: Clefable|51/100|[from] Leech Seed|[of] p1a: Jrue H.
|upkeep
|turn|53
|
|t:|1776107311
|move|p2a: Clefable|Protect|p2a: Clefable
|-singleturn|p2a: Clefable|Protect
|move|p1a: Jrue H.|Leech Seed|p2a: Clefable
|-activate|p2a: Clefable|move: Protect
|
|-heal|p2a: Clefable|100/100|[from] move: Wish|[wisher] Clefable
|-damage|p2a: Clefable|88/100|[from] Leech Seed|[of] p1a: Jrue H.
|upkeep
|turn|54
|
|t:|1776107322
|move|p1a: Jrue H.|Leech Seed||[still]
|-fail|p1a: Jrue H.
|move|p2a: Clefable|Stealth Rock||[still]
|-fail|p2a: Clefable
|
|-damage|p2a: Clefable|76/100|[from] Leech Seed|[of] p1a: Jrue H.
|upkeep
|turn|55
|
|t:|1776107330
|move|p1a: Jrue H.|Leech Seed|p2a: Clefable|[miss]
|-miss|p1a: Jrue H.|p2a: Clefable
|move|p2a: Clefable|Moonblast|p1a: Jrue H.
|-end|p1a: Jrue H.|Substitute
|
|-damage|p2a: Clefable|63/100|[from] Leech Seed|[of] p1a: Jrue H.
|upkeep
|turn|56
|
|t:|1776107337
|move|p1a: Jrue H.|Substitute|p1a: Jrue H.
|-start|p1a: Jrue H.|Substitute
|-damage|p1a: Jrue H.|75/100
|move|p2a: Clefable|Wish|p2a: Clefable
|
|-heal|p1a: Jrue H.|82/100|[from] item: Leftovers
|-damage|p2a: Clefable|51/100|[from] Leech Seed|[of] p1a: Jrue H.
|-heal|p1a: Jrue H.|98/100|[silent]
|upkeep
|turn|57
|
|t:|1776107346
|move|p2a: Clefable|Protect|p2a: Clefable
|-singleturn|p2a: Clefable|Protect
|move|p1a: Jrue H.|Leech Seed|p2a: Clefable
|-activate|p2a: Clefable|move: Protect
|
|-heal|p2a: Clefable|100/100|[from] move: Wish|[wisher] Clefable
|-heal|p1a: Jrue H.|100/100|[from] item: Leftovers
|-damage|p2a: Clefable|88/100|[from] Leech Seed|[of] p1a: Jrue H.
|upkeep
|turn|58
|
|t:|1776107356
|move|p1a: Jrue H.|Leech Seed||[still]
|-fail|p1a: Jrue H.
|move|p2a: Clefable|Stealth Rock||[still]
|-fail|p2a: Clefable
|
|-damage|p2a: Clefable|76/100|[from] Leech Seed|[of] p1a: Jrue H.
|upkeep
|turn|59
|
|t:|1776107362
|move|p1a: Jrue H.|Leech Seed||[still]
|-fail|p1a: Jrue H.
|move|p2a: Clefable|Stealth Rock||[still]
|-fail|p2a: Clefable
|
|-damage|p2a: Clefable|63/100|[from] Leech Seed|[of] p1a: Jrue H.
|upkeep
|turn|60
|
|t:|1776107370
|move|p2a: Clefable|Wish|p2a: Clefable
|move|p1a: Jrue H.|Dragon Tail|p2a: Clefable
|-immune|p2a: Clefable
|
|-damage|p2a: Clefable|51/100|[from] Leech Seed|[of] p1a: Jrue H.
|upkeep
|turn|61
|
|t:|1776107377
|move|p2a: Clefable|Protect|p2a: Clefable
|-singleturn|p2a: Clefable|Protect
|move|p1a: Jrue H.|Dragon Tail|p2a: Clefable
|-activate|p2a: Clefable|move: Protect
|
|-heal|p2a: Clefable|100/100|[from] move: Wish|[wisher] Clefable
|-damage|p2a: Clefable|88/100|[from] Leech Seed|[of] p1a: Jrue H.
|upkeep
|turn|62
|
|t:|1776107386
|move|p2a: Clefable|Stealth Rock||[still]
|-fail|p2a: Clefable
|move|p1a: Jrue H.|Dragon Tail|p2a: Clefable
|-immune|p2a: Clefable
|
|-damage|p2a: Clefable|76/100|[from] Leech Seed|[of] p1a: Jrue H.
|upkeep
|turn|63
|
|t:|1776107395
|move|p1a: Jrue H.|Leech Seed||[still]
|-fail|p1a: Jrue H.
|move|p2a: Clefable|Stealth Rock||[still]
|-fail|p2a: Clefable
|
|-damage|p2a: Clefable|63/100|[from] Leech Seed|[of] p1a: Jrue H.
|upkeep
|turn|64
|
|t:|1776107406
|move|p2a: Clefable|Wish|p2a: Clefable
|move|p1a: Jrue H.|Dragon Tail|p2a: Clefable
|-immune|p2a: Clefable
|
|-damage|p2a: Clefable|51/100|[from] Leech Seed|[of] p1a: Jrue H.
|upkeep
|turn|65
|
|t:|1776107412
|move|p2a: Clefable|Protect|p2a: Clefable
|-singleturn|p2a: Clefable|Protect
|move|p1a: Jrue H.|Dragon Tail|p2a: Clefable
|-activate|p2a: Clefable|move: Protect
|
|-heal|p2a: Clefable|100/100|[from] move: Wish|[wisher] Clefable
|-damage|p2a: Clefable|88/100|[from] Leech Seed|[of] p1a: Jrue H.
|upkeep
|turn|66
|
|t:|1776107422
|move|p1a: Jrue H.|Substitute|p1a: Jrue H.
|-fail|p1a: Jrue H.|move: Substitute
|move|p2a: Clefable|Stealth Rock||[still]
|-fail|p2a: Clefable
|
|-damage|p2a: Clefable|76/100|[from] Leech Seed|[of] p1a: Jrue H.
|upkeep
|turn|67
|
|t:|1776107428
|move|p1a: Jrue H.|Leaf Storm|p2a: Clefable|[miss]
|-miss|p1a: Jrue H.|p2a: Clefable
|move|p2a: Clefable|Stealth Rock||[still]
|-fail|p2a: Clefable
|
|-damage|p2a: Clefable|63/100|[from] Leech Seed|[of] p1a: Jrue H.
|upkeep
|turn|68
|c|☆Snappo80|lol
|
|t:|1776107435
|move|p1a: Jrue H.|Substitute|p1a: Jrue H.
|-fail|p1a: Jrue H.|move: Substitute
|move|p2a: Clefable|Wish|p2a: Clefable
|
|-damage|p2a: Clefable|51/100|[from] Leech Seed|[of] p1a: Jrue H.
|upkeep
|turn|69
|
|t:|1776107440
|move|p2a: Clefable|Protect|p2a: Clefable
|-singleturn|p2a: Clefable|Protect
|move|p1a: Jrue H.|Substitute|p1a: Jrue H.
|-fail|p1a: Jrue H.|move: Substitute
|
|-heal|p2a: Clefable|100/100|[from] move: Wish|[wisher] Clefable
|-damage|p2a: Clefable|88/100|[from] Leech Seed|[of] p1a: Jrue H.
|upkeep
|turn|70
|
|t:|1776107448
|move|p1a: Jrue H.|Substitute|p1a: Jrue H.
|-fail|p1a: Jrue H.|move: Substitute
|move|p2a: Clefable|Moonblast|p1a: Jrue H.
|-end|p1a: Jrue H.|Substitute
|
|-damage|p2a: Clefable|76/100|[from] Leech Seed|[of] p1a: Jrue H.
|upkeep
|turn|71
|
|t:|1776107455
|move|p1a: Jrue H.|Substitute|p1a: Jrue H.
|-start|p1a: Jrue H.|Substitute
|-damage|p1a: Jrue H.|75/100
|move|p2a: Clefable|Moonblast|p1a: Jrue H.
|-end|p1a: Jrue H.|Substitute
|
|-heal|p1a: Jrue H.|82/100|[from] item: Leftovers
|-damage|p2a: Clefable|63/100|[from] Leech Seed|[of] p1a: Jrue H.
|-heal|p1a: Jrue H.|98/100|[silent]
|upkeep
|turn|72
|
|t:|1776107463
|-activate|p1a: Jrue H.|move: Struggle
|move|p1a: Jrue H.|Struggle|p2a: Clefable
|-damage|p2a: Clefable|54/100
|-damage|p1a: Jrue H.|73/100|[from] recoil
|move|p2a: Clefable|Wish|p2a: Clefable
|
|-heal|p1a: Jrue H.|80/100|[from] item: Leftovers
|-damage|p2a: Clefable|42/100|[from] Leech Seed|[of] p1a: Jrue H.
|-heal|p1a: Jrue H.|96/100|[silent]
|upkeep
|turn|73
|c|☆Snappo80|next time do the math
|c|☆Snappo80|before doing
|c|☆Snappo80|70 turns
|
|t:|1776107473
|move|p2a: Clefable|Protect|p2a: Clefable
|-singleturn|p2a: Clefable|Protect
|-activate|p1a: Jrue H.|move: Struggle
|move|p1a: Jrue H.|Struggle|p2a: Clefable
|-activate|p2a: Clefable|move: Protect
|
|-heal|p2a: Clefable|92/100|[from] move: Wish|[wisher] Clefable
|-heal|p1a: Jrue H.|100/100|[from] item: Leftovers
|-damage|p2a: Clefable|79/100|[from] Leech Seed|[of] p1a: Jrue H.
|upkeep
|turn|74
|
|t:|1776107485
|-activate|p1a: Jrue H.|move: Struggle
|move|p1a: Jrue H.|Struggle|p2a: Clefable
|-damage|p2a: Clefable|69/100
|-damage|p1a: Jrue H.|75/100|[from] recoil
|move|p2a: Clefable|Moonblast|p1a: Jrue H.
|-damage|p1a: Jrue H.|37/100
|-boost|p1a: Jrue H.|spa|1
|
|-heal|p1a: Jrue H.|43/100|[from] item: Leftovers
|-damage|p2a: Clefable|57/100|[from] Leech Seed|[of] p1a: Jrue H.
|-heal|p1a: Jrue H.|60/100|[silent]
|upkeep
|turn|75
|
|t:|1776107496
|-activate|p1a: Jrue H.|move: Struggle
|move|p1a: Jrue H.|Struggle|p2a: Clefable
|-damage|p2a: Clefable|46/100
|-damage|p1a: Jrue H.|35/100|[from] recoil
|move|p2a: Clefable|Wish|p2a: Clefable
|
|-heal|p1a: Jrue H.|41/100|[from] item: Leftovers
|-damage|p2a: Clefable|34/100|[from] Leech Seed|[of] p1a: Jrue H.
|-heal|p1a: Jrue H.|58/100|[silent]
|upkeep
|turn|76
|
|t:|1776107504
|-activate|p1a: Jrue H.|move: Struggle
|move|p1a: Jrue H.|Struggle|p2a: Clefable
|-damage|p2a: Clefable|24/100
|-damage|p1a: Jrue H.|33/100|[from] recoil
|move|p2a: Clefable|Moonblast|p1a: Jrue H.
|-crit|p1a: Jrue H.
|-damage|p1a: Jrue H.|0 fnt
|faint|p1a: Jrue H.
|
|win|Snappo80
|raw|simpleboy2's rating: 1364 &rarr; <strong>1343</strong><br />(-21 for losing)
|raw|Snappo80's rating: 1343 &rarr; <strong>1364</strong><br />(+21 for winning)
|l|☆simpleboy2
|player|p1|
|c|☆Snappo80|gg
|l|☆Snappo80
|player|p2|
