|html|<div class="broadcast-blue"><strong>[Gen 9] OU is currently suspecting Tera Blast! For information on how to participate check out the <a href="https://www.smogon.com/tools/suspects/view/200">suspect thread</a>.</strong></div>
|j|☆bottle7878
|j|☆haruuk
|t:|1776107768
|gametype|singles
|player|p1|bottle7878|265|1067
|player|p2|haruuk|benga|1099
|gen|9
|tier|[Gen 9] OU
|rated|
|rule|HP Percentage Mod: HP is shown in percentages
|rule|Endless Battle Clause: Forcing endless battles is banned
|rule|Species Clause: Limit one of each Pokémon
|rule|OHKO Clause: OHKO moves are banned
|rule|Evasion Items Clause: Evasion items are banned
|rule|Evasion Moves Clause: Evasion moves are banned
|rule|Evasion Abilities Clause: Evasion abilities are banned
|rule|Sleep Moves Clause: Sleep-inducing moves are banned
|clearpoke
|poke|p1|Sceptile, M|
|poke|p1|Gastrodon, M|
|poke|p1|Arcanine, F|
|poke|p1|Garchomp, M|
|poke|p1|Ampharos, F|
|poke|p1|Gallade, M|
|poke|p2|Conkeldurr, M|
|poke|p2|Gliscor, M|
|poke|p2|Clefable, F|
|poke|p2|Cinderace, M|
|poke|p2|Garganacl, M|
|poke|p2|Sinistcha-Masterpiece|
|teampreview
|inactive|Battle timer is ON: inactive players will automatically lose when time's up. (requested by bottle7878)
|
|t:|1776107773
|teamsize|p1|6
|teamsize|p2|6
|start
|switch|p1a: Gastrodon|Gastrodon, M|100/100
|switch|p2a: Gliscor|Gliscor, M, shiny|100/100
|turn|1
|j| ohko_smeargle
|
|t:|1776107779
|move|p2a: Gliscor|Knock Off|p1a: Gastrodon
|-damage|p1a: Gastrodon|73/100
|-activate|p1a: Gastrodon|ability: Sticky Hold
|move|p1a: Gastrodon|Stealth Rock|p2a: Gliscor
|-sidestart|p2: haruuk|move: Stealth Rock
|
|-heal|p1a: Gastrodon|79/100|[from] item: Leftovers
|-status|p2a: Gliscor|tox|[from] item: Toxic Orb
|upkeep
|turn|2
|
|t:|1776107794
|move|p2a: Gliscor|Earthquake|p1a: Gastrodon
|-damage|p1a: Gastrodon|31/100
|move|p1a: Gastrodon|Surf|p2a: Gliscor
|-supereffective|p2a: Gliscor
|-damage|p2a: Gliscor|17/100 tox
|
|-heal|p1a: Gastrodon|38/100|[from] item: Leftovers
|-heal|p2a: Gliscor|30/100 tox|[from] ability: Poison Heal
|upkeep
|turn|3
|inactive|bottle7878 has 120 seconds left.
|
|t:|1776107822
|switch|p1a: Garchomp|Garchomp, M|100/100
|move|p2a: Gliscor|Earthquake|p1a: Garchomp
|-damage|p1a: Garchomp|56/100
|
|-heal|p2a: Gliscor|42/100 tox|[from] ability: Poison Heal
|upkeep
|turn|4
|inactive|bottle7878 has 120 seconds left.
|
|t:|1776107838
|move|p2a: Gliscor|Protect|p2a: Gliscor
|-singleturn|p2a: Gliscor|Protect
|move|p1a: Garchomp|Dragon Claw|p2a: Gliscor
|-activate|p2a: Gliscor|move: Protect
|
|-heal|p2a: Gliscor|54/100 tox|[from] ability: Poison Heal
|upkeep
|turn|5
|inactive|bottle7878 has 120 seconds left.
|
|t:|1776107853
|move|p1a: Garchomp|Dragon Claw|p2a: Gliscor
|-damage|p2a: Gliscor|16/100 tox
|move|p2a: Gliscor|Knock Off|p1a: Garchomp
|-damage|p1a: Garchomp|30/100
|-damage|p2a: Gliscor|4/100 tox|[from] ability: Rough Skin|[of] p1a: Garchomp
|-damage|p2a: Gliscor|0 fnt|[from] item: Rocky Helmet|[of] p1a: Garchomp
|faint|p2a: Gliscor
|
|upkeep
|
|t:|1776107862
|switch|p2a: Clefable|Clefable, F|100/100
|turn|6
|inactive|bottle7878 has 120 seconds left.
|
|t:|1776107880
|move|p1a: Garchomp|Iron Head|p2a: Clefable
|-supereffective|p2a: Clefable
|-damage|p2a: Clefable|38/100
|move|p2a: Clefable|Moonblast|p1a: Garchomp
|-supereffective|p1a: Garchomp
|-damage|p1a: Garchomp|0 fnt
|faint|p1a: Garchomp
|
|-heal|p2a: Clefable|44/100|[from] item: Leftovers
|upkeep
|inactive|bottle7878 has 120 seconds left.
|inactive|bottle7878 has 90 seconds left.
|
|t:|1776107920
|switch|p1a: Arcanine|Arcanine, F|100/100
|-ability|p1a: Arcanine|Intimidate|boost
|-unboost|p2a: Clefable|atk|1
|turn|7
|
|t:|1776107944
|switch|p2a: Garganacl|Garganacl, M|100/100
|-damage|p2a: Garganacl|88/100|[from] Stealth Rock
|move|p1a: Arcanine|Fire Fang|p2a: Garganacl
|-resisted|p2a: Garganacl
|-damage|p2a: Garganacl|74/100
|-damage|p1a: Arcanine|84/100|[from] item: Rocky Helmet|[of] p2a: Garganacl
|
|upkeep
|turn|8
|inactive|bottle7878 has 90 seconds left.
|
|t:|1776107972
|switch|p1a: Gastrodon|Gastrodon, M|38/100
|move|p2a: Garganacl|Stealth Rock|p1a: Gastrodon
|-sidestart|p1: bottle7878|move: Stealth Rock
|
|-heal|p1a: Gastrodon|44/100|[from] item: Leftovers
|upkeep
|turn|9
|
|t:|1776107979
|-terastallize|p2a: Garganacl|Grass
|move|p2a: Garganacl|Curse|p2a: Garganacl
|-unboost|p2a: Garganacl|spe|1
|-boost|p2a: Garganacl|atk|1
|-boost|p2a: Garganacl|def|1
|move|p1a: Gastrodon|Recover|p1a: Gastrodon
|-heal|p1a: Gastrodon|94/100
|
|-heal|p1a: Gastrodon|99/100|[from] item: Leftovers
|upkeep
|turn|10
|inactive|bottle7878 has 90 seconds left.
|
|t:|1776108004
|switch|p1a: Arcanine|Arcanine, F|84/100
|-damage|p1a: Arcanine|59/100|[from] Stealth Rock
|-ability|p1a: Arcanine|Intimidate|boost
|-unboost|p2a: Garganacl|atk|1
|move|p2a: Garganacl|Curse|p2a: Garganacl
|-unboost|p2a: Garganacl|spe|1
|-boost|p2a: Garganacl|atk|1
|-boost|p2a: Garganacl|def|1
|
|upkeep
|turn|11
|
|t:|1776108016
|move|p1a: Arcanine|Fire Fang|p2a: Garganacl
|-supereffective|p2a: Garganacl
|-damage|p2a: Garganacl|41/100
|-damage|p1a: Arcanine|43/100|[from] item: Rocky Helmet|[of] p2a: Garganacl
|move|p2a: Garganacl|Salt Cure|p1a: Arcanine
|-supereffective|p1a: Arcanine
|-damage|p1a: Arcanine|0 fnt
|faint|p1a: Arcanine
|
|upkeep
|inactive|bottle7878 has 60 seconds left.
|
|t:|1776108040
|switch|p1a: Gallade|Gallade, M|100/100
|-damage|p1a: Gallade|94/100|[from] Stealth Rock
|turn|12
|
|t:|1776108048
|move|p1a: Gallade|Psycho Cut|p2a: Garganacl
|-damage|p2a: Garganacl|23/100
|move|p2a: Garganacl|Salt Cure|p1a: Gallade
|-resisted|p1a: Gallade
|-damage|p1a: Gallade|71/100
|-start|p1a: Gallade|Salt Cure
|
|-damage|p1a: Gallade|58/100|[from] Salt Cure
|upkeep
|turn|13
|
|t:|1776108055
|move|p1a: Gallade|Psycho Cut|p2a: Garganacl
|-crit|p2a: Garganacl
|-damage|p2a: Garganacl|0 fnt
|faint|p2a: Garganacl
|
|-damage|p1a: Gallade|46/100|[from] Salt Cure
|upkeep
|
|t:|1776108058
|switch|p2a: Clefable|Clefable, F|44/100
|turn|14
|
|t:|1776108068
|move|p1a: Gallade|Knock Off|p2a: Clefable
|-resisted|p2a: Clefable
|-damage|p2a: Clefable|27/100
|-enditem|p2a: Clefable|Leftovers|[from] move: Knock Off|[of] p1a: Gallade
|move|p2a: Clefable|Moonblast|p1a: Gallade
|-supereffective|p1a: Gallade
|-damage|p1a: Gallade|0 fnt
|faint|p1a: Gallade
|
|upkeep
|
|t:|1776108083
|switch|p1a: Gastrodon|Gastrodon, M|99/100
|-damage|p1a: Gastrodon|94/100|[from] Stealth Rock
|turn|15
|
|t:|1776108103
|move|p2a: Clefable|Moonblast|p1a: Gastrodon
|-damage|p1a: Gastrodon|64/100
|-unboost|p1a: Gastrodon|spa|1
|move|p1a: Gastrodon|Earthquake|p2a: Clefable
|-damage|p2a: Clefable|0 fnt
|faint|p2a: Clefable
|
|-heal|p1a: Gastrodon|70/100|[from] item: Leftovers
|upkeep
|
|t:|1776108107
|switch|p2a: Sinistcha|Sinistcha-Masterpiece|100/100
|-damage|p2a: Sinistcha|88/100|[from] Stealth Rock
|turn|16
|inactive|bottle7878 has 90 seconds left.
|
|t:|1776108135
|switch|p1a: Ampharos|Ampharos, F|100/100
|-damage|p1a: Ampharos|88/100|[from] Stealth Rock
|-item|p1a: Ampharos|Air Balloon
|move|p2a: Sinistcha|Shadow Ball|p1a: Ampharos
|-damage|p1a: Ampharos|22/100
|-enditem|p1a: Ampharos|Air Balloon
|
|upkeep
|turn|17
|
|t:|1776108146
|move|p2a: Sinistcha|Shadow Ball|p1a: Ampharos
|-damage|p1a: Ampharos|0 fnt
|faint|p1a: Ampharos
|
|upkeep
|
|t:|1776108156
|switch|p1a: Sceptile|Sceptile, M|100/100
|-damage|p1a: Sceptile|88/100|[from] Stealth Rock
|turn|18
|-message|bottle7878 forfeited.
|
|win|haruuk
|raw|bottle7878's rating: 1067 &rarr; <strong>1049</strong><br />(-18 for losing)
|raw|haruuk's rating: 1099 &rarr; <strong>1122</strong><br />(+23 for winning)
|l|☆bottle7878
|player|p1|
|l| ohko_smeargle
