|html|<div class="broadcast-blue"><strong>[Gen 9] OU is currently suspecting Tera Blast! For information on how to participate check out the <a href="https://www.smogon.com/tools/suspects/view/200">suspect thread</a>.</strong></div>
|j|☆pizzaisbettercold
|j|☆bothebeaver
|t:|1776182469
|gametype|singles
|player|p1|pizzaisbettercold|101|1131
|player|p2|bothebeaver|iris-gen5bw2|1064
|gen|9
|tier|[Gen 9] OU
|rated|
|rule|HP Percentage Mod: HP is shown in percentages
|rule|Endless Battle Clause: Forcing endless battles is banned
|rule|Species Clause: Limit one of each Pokémon
|rule|OHKO Clause: OHKO moves are banned
|rule|Evasion Items Clause: Evasion items are banned
|rule|Evasion Moves Clause: Evasion moves are banned
|rule|Evasion Abilities Clause: Evasion abilities are banned
|rule|Sleep Moves Clause: Sleep-inducing moves are banned
|clearpoke
|poke|p1|Iron Valiant|
|poke|p1|Great Tusk|
|poke|p1|Dragonite, F|
|poke|p1|Grimmsnarl, M|
|poke|p1|Glimmora, M|
|poke|p1|Kingambit, M|
|poke|p2|Smeargle, M|
|poke|p2|Toxapex, M|
|poke|p2|Kingambit, F|
|poke|p2|Corviknight, F|
|poke|p2|Grafaiai, F|
|poke|p2|Gliscor, F|
|teampreview
|inactive|Battle timer is ON: inactive players will automatically lose when time's up. (requested by pizzaisbettercold)
|
|t:|1776182475
|teamsize|p1|6
|teamsize|p2|6
|start
|switch|p1a: Iron Valiant|Iron Valiant|100/100
|switch|p2a: kevin spacey|Gliscor, F, shiny|100/100
|-enditem|p1a: Iron Valiant|Booster Energy
|-activate|p1a: Iron Valiant|ability: Quark Drive|[fromitem]
|-start|p1a: Iron Valiant|quarkdrivespe
|turn|1
|
|t:|1776182485
|switch|p2a: the iron dome|Toxapex, M, shiny|100/100
|move|p1a: Iron Valiant|Knock Off|p2a: the iron dome
|-damage|p2a: the iron dome|79/100
|-enditem|p2a: the iron dome|Black Sludge|[from] move: Knock Off|[of] p1a: Iron Valiant
|
|upkeep
|turn|2
|c|☆pizzaisbettercold|awful name on your gliscor
|c|☆bothebeaver|lol
|
|t:|1776182504
|-end|p1a: Iron Valiant|Quark Drive|[silent]
|switch|p1a: Great Tusk|Great Tusk|100/100
|-enditem|p1a: Great Tusk|Booster Energy
|-activate|p1a: Great Tusk|ability: Protosynthesis|[fromitem]
|-start|p1a: Great Tusk|protosynthesisspe
|move|p2a: the iron dome|Baneful Bunker||[still]
|-fail|p2a: the iron dome
|
|upkeep
|turn|3
|c|☆bothebeaver|they used to all have names
|
|t:|1776182515
|move|p1a: Great Tusk|Bulk Up|p1a: Great Tusk
|-boost|p1a: Great Tusk|atk|1
|-boost|p1a: Great Tusk|def|1
|move|p2a: the iron dome|Surf|p1a: Great Tusk
|-supereffective|p1a: Great Tusk
|-damage|p1a: Great Tusk|54/100
|
|upkeep
|turn|4
|
|t:|1776182523
|move|p1a: Great Tusk|Headlong Rush|p2a: the iron dome
|-supereffective|p2a: the iron dome
|-damage|p2a: the iron dome|0 fnt
|-unboost|p1a: Great Tusk|def|1
|-unboost|p1a: Great Tusk|spd|1
|faint|p2a: the iron dome
|
|upkeep
|
|t:|1776182529
|switch|p2a: kevin spacey|Gliscor, F, shiny|100/100
|turn|5
|
|t:|1776182533
|-terastallize|p2a: kevin spacey|Normal
|move|p1a: Great Tusk|Taunt|p2a: kevin spacey
|-start|p2a: kevin spacey|move: Taunt
|cant|p2a: kevin spacey|move: Taunt|Swords Dance
|
|-status|p2a: kevin spacey|tox|[from] item: Toxic Orb
|upkeep
|turn|6
|
|t:|1776182546
|move|p1a: Great Tusk|Head Smash|p2a: kevin spacey
|-damage|p2a: kevin spacey|50/100 tox
|-damage|p1a: Great Tusk|34/100|[from] Recoil
|move|p2a: kevin spacey|Facade|p1a: Great Tusk
|-crit|p1a: Great Tusk
|-damage|p1a: Great Tusk|0 fnt
|faint|p1a: Great Tusk
|-end|p1a: Great Tusk|Protosynthesis|[silent]
|
|-heal|p2a: kevin spacey|63/100 tox|[from] ability: Poison Heal
|upkeep
|
|t:|1776182556
|switch|p1a: Iron Valiant|Iron Valiant|100/100
|turn|7
|
|t:|1776182559
|move|p1a: Iron Valiant|Close Combat|p2a: kevin spacey
|-supereffective|p2a: kevin spacey
|-damage|p2a: kevin spacey|0 fnt
|-unboost|p1a: Iron Valiant|def|1
|-unboost|p1a: Iron Valiant|spd|1
|faint|p2a: kevin spacey
|
|upkeep
|
|t:|1776182568
|switch|p2a: bird|Corviknight, F, shiny|100/100
|turn|8
|
|t:|1776182576
|-terastallize|p1a: Iron Valiant|Steel
|move|p1a: Iron Valiant|Taunt|p2a: bird
|-start|p2a: bird|move: Taunt
|cant|p2a: bird|move: Taunt|Bulk Up
|
|upkeep
|turn|9
|
|t:|1776182583
|move|p1a: Iron Valiant|Close Combat|p2a: bird
|-damage|p2a: bird|58/100
|-unboost|p1a: Iron Valiant|def|1
|-unboost|p1a: Iron Valiant|spd|1
|move|p2a: bird|Body Press|p1a: Iron Valiant
|-supereffective|p1a: Iron Valiant
|-damage|p1a: Iron Valiant|0 fnt
|faint|p1a: Iron Valiant
|-end|p1a: Iron Valiant|Quark Drive|[silent]
|
|upkeep
|c|☆bothebeaver|do all ur mons have taunt lol
|
|t:|1776182594
|switch|p1a: Grimmsnarl|Grimmsnarl, M|100/100
|turn|10
|
|t:|1776182597
|move|p1a: Grimmsnarl|Thunder Wave|p2a: bird
|-status|p2a: bird|par
|move|p2a: bird|Body Press|p1a: Grimmsnarl
|-damage|p1a: Grimmsnarl|74/100
|
|-end|p2a: bird|move: Taunt
|upkeep
|turn|11
|c|☆pizzaisbettercold|nah
|
|t:|1776182608
|switch|p1a: Glimmora|Glimmora, M|100/100
|move|p2a: bird|Bulk Up|p2a: bird
|-boost|p2a: bird|atk|1
|-boost|p2a: bird|def|1
|
|upkeep
|turn|12
|
|t:|1776182616
|move|p1a: Glimmora|Stealth Rock|p2a: bird
|-sidestart|p2: bothebeaver|move: Stealth Rock
|move|p2a: bird|Bulk Up|p2a: bird
|-boost|p2a: bird|atk|1
|-boost|p2a: bird|def|1
|
|upkeep
|turn|13
|
|t:|1776182625
|switch|p1a: Grimmsnarl|Grimmsnarl, M|74/100
|move|p2a: bird|Bulk Up|p2a: bird
|-boost|p2a: bird|atk|1
|-boost|p2a: bird|def|1
|
|upkeep
|turn|14
|
|t:|1776182632
|move|p1a: Grimmsnarl|Trick|p2a: bird
|-activate|p1a: Grimmsnarl|move: Trick|[of] p2a: bird
|-item|p2a: bird|Choice Band|[from] move: Trick
|-item|p1a: Grimmsnarl|Heavy-Duty Boots|[from] move: Trick
|cant|p2a: bird|par
|
|upkeep
|turn|15
|
|t:|1776182640
|move|p1a: Grimmsnarl|Reflect|p1a: Grimmsnarl
|-sidestart|p1: pizzaisbettercold|Reflect
|move|p2a: bird|Body Press|p1a: Grimmsnarl
|-damage|p1a: Grimmsnarl|26/100
|
|upkeep
|turn|16
|
|t:|1776182652
|switch|p1a: Glimmora|Glimmora, M|100/100
|move|p2a: bird|Body Press|p1a: Glimmora
|-damage|p1a: Glimmora|48/100
|-activate|p1a: Glimmora|ability: Toxic Debris
|-sidestart|p2: bothebeaver|move: Toxic Spikes
|
|upkeep
|turn|17
|
|t:|1776182660
|move|p1a: Glimmora|Meteor Beam||[still]
|-prepare|p1a: Glimmora|Meteor Beam
|-boost|p1a: Glimmora|spa|1
|-enditem|p1a: Glimmora|Power Herb
|-anim|p1a: Glimmora|Meteor Beam|p2a: bird
|-damage|p2a: bird|0 fnt
|faint|p2a: bird
|
|upkeep
|
|t:|1776182669
|switch|p2a: the diddler|Grafaiai, F, shiny|100/100
|-damage|p2a: the diddler|88/100|[from] Stealth Rock
|-sideend|p2: bothebeaver|move: Toxic Spikes|[of] p2a: the diddler
|turn|18
|
|t:|1776182681
|move|p2a: the diddler|Knock Off|p1a: Glimmora
|-damage|p1a: Glimmora|39/100
|-activate|p1a: Glimmora|ability: Toxic Debris
|-sidestart|p2: bothebeaver|move: Toxic Spikes
|move|p1a: Glimmora|Earth Power|p2a: the diddler
|-supereffective|p2a: the diddler
|-damage|p2a: the diddler|0 fnt
|faint|p2a: the diddler
|
|upkeep
|
|t:|1776182693
|switch|p2a: charliekirky|Smeargle, M, shiny|100/100
|-damage|p2a: charliekirky|88/100|[from] Stealth Rock
|-status|p2a: charliekirky|psn
|turn|19
|
|t:|1776182704
|switch|p1a: Dragonite|Dragonite, F|100/100
|move|p2a: charliekirky|Whirlwind|p1a: Dragonite
|drag|p1a: Kingambit|Kingambit, M|100/100
|-activate|p1a: Kingambit|ability: Supreme Overlord
|-start|p1a: Kingambit|fallen2|[silent]
|
|-damage|p2a: charliekirky|76/100 psn|[from] psn
|-sideend|p1: pizzaisbettercold|Reflect
|upkeep
|turn|20
|
|t:|1776182716
|move|p2a: charliekirky|Sticky Web|p1a: Kingambit
|-sidestart|p1: pizzaisbettercold|move: Sticky Web
|move|p1a: Kingambit|Swords Dance|p1a: Kingambit
|-boost|p1a: Kingambit|atk|2
|
|-damage|p2a: charliekirky|63/100 psn|[from] psn
|upkeep
|turn|21
|c|☆bothebeaver|gg lol
|
|t:|1776182723
|move|p2a: charliekirky|Ceaseless Edge|p1a: Kingambit
|-resisted|p1a: Kingambit
|-damage|p1a: Kingambit|98/100
|-sidestart|p1: pizzaisbettercold|Spikes
|move|p1a: Kingambit|Low Kick|p2a: charliekirky
|-supereffective|p2a: charliekirky
|-damage|p2a: charliekirky|0 fnt
|faint|p2a: charliekirky
|
|upkeep
|c|☆pizzaisbettercold|could be
|c|☆pizzaisbettercold|nice to knock out charlie kirk though
|c|☆pizzaisbettercold|fuck that loser
|c|☆bothebeaver|facts
|c|☆bothebeaver|thats why that name is on smeargle
|
|t:|1776182751
|switch|p2a: fatty|Kingambit, F, shiny|100/100
|-damage|p2a: fatty|94/100|[from] Stealth Rock
|turn|22
|
|t:|1776182757
|move|p1a: Kingambit|Low Kick|p2a: fatty
|-supereffective|p2a: fatty
|-damage|p2a: fatty|0 fnt
|faint|p2a: fatty
|
|win|pizzaisbettercold
