|html|<div class="broadcast-blue"><strong>[Gen 9] OU is currently suspecting Tera Blast! For information on how to participate check out the <a href="https://www.smogon.com/tools/suspects/view/200">suspect thread</a>.</strong></div>
|j|☆ytvcrew
|j|☆R3CKLESSV1
|t:|1776057323
|gametype|singles
|player|p1|ytvcrew|169|1042
|player|p2|R3CKLESSV1|102|1000
|gen|9
|tier|[Gen 9] OU
|rated|
|rule|HP Percentage Mod: HP is shown in percentages
|rule|Endless Battle Clause: Forcing endless battles is banned
|rule|Species Clause: Limit one of each Pokémon
|rule|OHKO Clause: OHKO moves are banned
|rule|Evasion Items Clause: Evasion items are banned
|rule|Evasion Moves Clause: Evasion moves are banned
|rule|Evasion Abilities Clause: Evasion abilities are banned
|rule|Sleep Moves Clause: Sleep-inducing moves are banned
|clearpoke
|poke|p1|Sinistcha|
|poke|p1|Gliscor, F|
|poke|p1|Garganacl, M|
|poke|p1|Blissey, F|
|poke|p1|Skarmory, F|
|poke|p1|Clodsire, M|
|poke|p2|Haxorus, M|
|poke|p2|Ceruledge, M|
|poke|p2|Charizard, F|
|poke|p2|Darkrai|
|poke|p2|Dragapult, F|
|poke|p2|Gyarados, M|
|teampreview
|inactive|Battle timer is ON: inactive players will automatically lose when time's up. (requested by R3CKLESSV1)
|
|t:|1776057361
|teamsize|p1|6
|teamsize|p2|6
|start
|switch|p1a: Garganacl|Garganacl, M|100/100
|switch|p2a: Dragapult|Dragapult, F|100/100
|turn|1
|
|t:|1776057370
|move|p2a: Dragapult|Phantom Force||[still]
|-prepare|p2a: Dragapult|Phantom Force
|move|p1a: Garganacl|Stealth Rock|p2a: Dragapult
|-sidestart|p2: R3CKLESSV1|move: Stealth Rock
|
|upkeep
|turn|2
|
|t:|1776057374
|move|p2a: Dragapult|Phantom Force|p1a: Garganacl|[from] lockedmove
|-damage|p1a: Garganacl|88/100
|move|p1a: Garganacl|Salt Cure|p2a: Dragapult
|-damage|p2a: Dragapult|78/100
|-start|p2a: Dragapult|Salt Cure
|
|-damage|p2a: Dragapult|66/100|[from] Salt Cure
|upkeep
|turn|3
|
|t:|1776057383
|switch|p2a: Gyarados|Gyarados, M|100/100
|-ability|p2a: Gyarados|Intimidate|boost
|-unboost|p1a: Garganacl|atk|1
|move|p1a: Garganacl|Salt Cure|p2a: Gyarados
|-supereffective|p2a: Gyarados
|-damage|p2a: Gyarados|73/100
|-start|p2a: Gyarados|Salt Cure
|
|-damage|p2a: Gyarados|49/100|[from] Salt Cure
|upkeep
|turn|4
|
|t:|1776057397
|switch|p1a: Sinistcha|Sinistcha|100/100
|move|p2a: Gyarados|Hydro Pump|p1a: Sinistcha
|-resisted|p1a: Sinistcha
|-damage|p1a: Sinistcha|80/100
|
|-damage|p2a: Gyarados|24/100|[from] Salt Cure
|upkeep
|turn|5
|
|t:|1776057408
|switch|p2a: Dragapult|Dragapult, F|66/100
|-damage|p2a: Dragapult|54/100|[from] Stealth Rock
|move|p1a: Sinistcha|Matcha Gotcha|p2a: Dragapult|[miss]
|-miss|p1a: Sinistcha|p2a: Dragapult
|
|upkeep
|turn|6
|
|t:|1776057421
|switch|p1a: Garganacl|Garganacl, M|88/100
|move|p2a: Dragapult|Phantom Force||[still]
|-prepare|p2a: Dragapult|Phantom Force
|
|upkeep
|turn|7
|
|t:|1776057426
|move|p2a: Dragapult|Phantom Force|p1a: Garganacl|[from] lockedmove
|-damage|p1a: Garganacl|76/100
|move|p1a: Garganacl|Salt Cure|p2a: Dragapult
|-damage|p2a: Dragapult|33/100
|-start|p2a: Dragapult|Salt Cure
|
|-damage|p2a: Dragapult|21/100|[from] Salt Cure
|upkeep
|turn|8
|
|t:|1776057437
|switch|p2a: Gyarados|Gyarados, M|24/100
|-ability|p2a: Gyarados|Intimidate|boost
|-unboost|p1a: Garganacl|atk|1
|move|p1a: Garganacl|Recover|p1a: Garganacl
|-heal|p1a: Garganacl|100/100
|
|upkeep
|turn|9
|
|t:|1776057446
|switch|p1a: Sinistcha|Sinistcha|80/100
|move|p2a: Gyarados|Hydro Pump|p1a: Sinistcha
|-resisted|p1a: Sinistcha
|-damage|p1a: Sinistcha|59/100
|
|upkeep
|turn|10
|n|!R3CKLESSV1|r3cklessv1
|
|t:|1776057463
|switch|p2a: Darkrai|Darkrai|100/100
|move|p1a: Sinistcha|Strength Sap|p2a: Darkrai
|-unboost|p2a: Darkrai|atk|1
|-heal|p1a: Sinistcha|100/100
|
|upkeep
|turn|11
|
|t:|1776057483
|switch|p1a: Blissey|Blissey, F|100/100
|move|p2a: Darkrai|Shadow Ball|p1a: Blissey
|-immune|p1a: Blissey
|
|upkeep
|turn|12
|
|t:|1776057491
|move|p2a: Darkrai|Focus Blast|p1a: Blissey
|-supereffective|p1a: Blissey
|-damage|p1a: Blissey|76/100
|move|p1a: Blissey|Thunder Wave|p2a: Darkrai
|-status|p2a: Darkrai|par
|
|upkeep
|turn|13
|
|t:|1776057499
|cant|p2a: Darkrai|par
|move|p1a: Blissey|Seismic Toss|p2a: Darkrai
|-damage|p2a: Darkrai|65/100 par
|
|upkeep
|turn|14
|
|t:|1776057503
|move|p2a: Darkrai|Focus Blast|p1a: Blissey
|-supereffective|p1a: Blissey
|-damage|p1a: Blissey|51/100
|move|p1a: Blissey|Seismic Toss|p2a: Darkrai
|-damage|p2a: Darkrai|29/100 par
|
|upkeep
|turn|15
|
|t:|1776057512
|cant|p2a: Darkrai|par
|move|p1a: Blissey|Soft-Boiled|p1a: Blissey
|-heal|p1a: Blissey|100/100
|
|upkeep
|turn|16
|
|t:|1776057517
|move|p2a: Darkrai|Focus Blast|p1a: Blissey
|-supereffective|p1a: Blissey
|-damage|p1a: Blissey|78/100
|move|p1a: Blissey|Seismic Toss|p2a: Darkrai
|-damage|p2a: Darkrai|0 fnt
|faint|p2a: Darkrai
|
|upkeep
|l|!R3CKLESSV1
|inactive|R3CKLESSV1 disconnected and has a minute to reconnect!
|player|p2|
|inactive|R3CKLESSV1 has 30 seconds to reconnect!
|inactive|R3CKLESSV1 has 20 seconds to reconnect!
|inactive|R3CKLESSV1 has 15 seconds to reconnect!
|inactive|R3CKLESSV1 has 10 seconds to reconnect!
|inactive|R3CKLESSV1 has 5 seconds to reconnect!
|-message|R3CKLESSV1 lost due to inactivity.
|
|win|ytvcrew
