|html|<div class="broadcast-blue"><strong>[Gen 9] OU is currently suspecting Tera Blast! For information on how to participate check out the <a href="https://www.smogon.com/tools/suspects/view/200">suspect thread</a>.</strong></div>
|j|‽blooflazh
|j|☆Nlemartyr
|t:|1776032351
|gametype|singles
|player|p1|blooflazh|rood|1267
|player|p2|Nlemartyr|ninjaboy|1270
|gen|9
|tier|[Gen 9] OU
|rated|
|rule|HP Percentage Mod: HP is shown in percentages
|rule|Endless Battle Clause: Forcing endless battles is banned
|rule|Species Clause: Limit one of each Pokémon
|rule|OHKO Clause: OHKO moves are banned
|rule|Evasion Items Clause: Evasion items are banned
|rule|Evasion Moves Clause: Evasion moves are banned
|rule|Evasion Abilities Clause: Evasion abilities are banned
|rule|Sleep Moves Clause: Sleep-inducing moves are banned
|clearpoke
|poke|p1|Blaziken, M|
|poke|p1|Zapdos|
|poke|p1|Salamence, M|
|poke|p1|Mew|
|poke|p1|Cryogonal|
|poke|p1|Scizor, M|
|poke|p2|Smeargle, M|
|poke|p2|Corviknight, F|
|poke|p2|Kingambit, F|
|poke|p2|Great Tusk|
|poke|p2|Clefable, M|
|poke|p2|Gholdengo|
|teampreview
|
|t:|1776032452
|teamsize|p1|6
|teamsize|p2|6
|start
|switch|p1a: Cryogonal|Cryogonal|100/100
|switch|p2a: Smeargle|Smeargle, M|100/100
|turn|1
|inactive|Battle timer is ON: inactive players will automatically lose when time's up. (requested by Nlemartyr)
|inactive|blooflazh has 120 seconds left.
|inactive|blooflazh has 90 seconds left.
|inactive|blooflazh has 60 seconds left.
|inactive|blooflazh has 30 seconds left.
|
|t:|1776032633
|move|p1a: Cryogonal|Freeze-Dry|p2a: Smeargle
|-damage|p2a: Smeargle|50/100
|move|p2a: Smeargle|Nuzzle|p1a: Cryogonal
|-damage|p1a: Cryogonal|98/100
|-status|p1a: Cryogonal|par
|
|upkeep
|turn|2
|
|t:|1776032639
|move|p2a: Smeargle|Sticky Web|p1a: Cryogonal
|-sidestart|p1: blooflazh|move: Sticky Web
|move|p1a: Cryogonal|Rapid Spin|p2a: Smeargle
|-damage|p2a: Smeargle|36/100
|-boost|p1a: Cryogonal|spe|1
|-sideend|p1: blooflazh|Sticky Web|[from] move: Rapid Spin|[of] p1a: Cryogonal
|
|upkeep
|turn|3
|
|t:|1776032644
|move|p2a: Smeargle|Taunt|p1a: Cryogonal
|-start|p1a: Cryogonal|move: Taunt
|cant|p1a: Cryogonal|par
|
|upkeep
|turn|4
|
|t:|1776032649
|move|p1a: Cryogonal|Rapid Spin|p2a: Smeargle
|-damage|p2a: Smeargle|22/100
|-boost|p1a: Cryogonal|spe|1
|move|p2a: Smeargle|Whirlwind|p1a: Cryogonal
|drag|p1a: Mew|Mew|100/100
|
|upkeep
|turn|5
|
|t:|1776032660
|switch|p2a: Clefable|Clefable, M|100/100
|move|p1a: Mew|Earthquake|p2a: Clefable
|-damage|p2a: Clefable|75/100
|
|-heal|p2a: Clefable|81/100|[from] item: Leftovers
|upkeep
|turn|6
|
|t:|1776032666
|move|p1a: Mew|Dragon Dance|p1a: Mew
|-boost|p1a: Mew|atk|1
|-boost|p1a: Mew|spe|1
|move|p2a: Clefable|Moonblast|p1a: Mew
|-damage|p1a: Mew|66/100
|-unboost|p1a: Mew|spa|1
|
|-heal|p1a: Mew|72/100|[from] item: Leftovers
|-heal|p2a: Clefable|87/100|[from] item: Leftovers
|upkeep
|turn|7
|
|t:|1776032673
|move|p1a: Mew|Dragon Dance|p1a: Mew
|-boost|p1a: Mew|atk|1
|-boost|p1a: Mew|spe|1
|move|p2a: Clefable|Thunder Wave|p1a: Mew
|-status|p1a: Mew|par
|-activate|p1a: Mew|ability: Synchronize
|-status|p2a: Clefable|par
|
|-heal|p1a: Mew|79/100 par|[from] item: Leftovers
|-heal|p2a: Clefable|93/100 par|[from] item: Leftovers
|upkeep
|turn|8
|
|t:|1776032682
|-terastallize|p1a: Mew|Ground
|cant|p1a: Mew|par
|move|p2a: Clefable|Stealth Rock|p1a: Mew
|-sidestart|p1: blooflazh|move: Stealth Rock
|
|-heal|p1a: Mew|85/100 par|[from] item: Leftovers
|-heal|p2a: Clefable|99/100 par|[from] item: Leftovers
|upkeep
|turn|9
|
|t:|1776032688
|move|p1a: Mew|Iron Head|p2a: Clefable
|-supereffective|p2a: Clefable
|-damage|p2a: Clefable|21/100 par
|cant|p2a: Clefable|par
|
|-heal|p1a: Mew|91/100 par|[from] item: Leftovers
|-heal|p2a: Clefable|27/100 par|[from] item: Leftovers
|upkeep
|turn|10
|
|t:|1776032697
|move|p1a: Mew|Iron Head|p2a: Clefable
|-supereffective|p2a: Clefable
|-damage|p2a: Clefable|0 fnt
|faint|p2a: Clefable
|
|-heal|p1a: Mew|97/100 par|[from] item: Leftovers
|upkeep
|
|t:|1776032702
|switch|p2a: Smeargle|Smeargle, M|22/100
|turn|11
|
|t:|1776032706
|switch|p1a: Cryogonal|Cryogonal|98/100 par
|-damage|p1a: Cryogonal|73/100 par|[from] Stealth Rock
|move|p2a: Smeargle|Sticky Web|p1a: Cryogonal
|-sidestart|p1: blooflazh|move: Sticky Web
|
|upkeep
|turn|12
|
|t:|1776032714
|switch|p2a: Gholdengo|Gholdengo|100/100
|-item|p2a: Gholdengo|Air Balloon
|move|p1a: Cryogonal|Rapid Spin|p2a: Gholdengo
|-immune|p2a: Gholdengo
|
|upkeep
|turn|13
|
|t:|1776032723
|switch|p1a: Zapdos|Zapdos|100/100
|-damage|p1a: Zapdos|75/100|[from] Stealth Rock
|move|p2a: Gholdengo|Make It Rain|p1a: Zapdos
|-resisted|p1a: Zapdos
|-damage|p1a: Zapdos|52/100
|-unboost|p2a: Gholdengo|spa|1
|
|upkeep
|turn|14
|inactive|blooflazh has 120 seconds left.
|inactive|blooflazh has 90 seconds left.
|inactive|blooflazh has 60 seconds left.
|inactive|blooflazh has 30 seconds left.
|inactive|blooflazh has 20 seconds left.
|inactive|blooflazh has 15 seconds left.
|inactive|blooflazh has 10 seconds left.
|inactive|blooflazh has 5 seconds left.
|-message|blooflazh lost due to inactivity.
|
|win|Nlemartyr
|raw|blooflazh's rating: 1267 &rarr; <strong>1242</strong><br />(-25 for losing)
|raw|Nlemartyr's rating: 1270 &rarr; <strong>1295</strong><br />(+25 for winning)
|l|☆Nlemartyr
|player|p2|
