|html|<div class="broadcast-blue"><strong>[Gen 9] OU is currently suspecting Volcarona! For information on how to participate check out the <a href="https://www.smogon.com/tools/suspects/view/208">suspect thread</a>.</strong></div>
|j|☆Rondorro
|j|☆icewizardlair☃
|t:|1778504950
|gametype|singles
|player|p1|Rondorro|101|1086
|player|p2|icewizardlair☃|lorelei-lgpe|1133
|gen|9
|tier|[Gen 9] OU
|rated|
|rule|HP Percentage Mod: HP is shown in percentages
|rule|Endless Battle Clause: Forcing endless battles is banned
|rule|Species Clause: Limit one of each Pokémon
|rule|OHKO Clause: OHKO moves are banned
|rule|Evasion Items Clause: Evasion items are banned
|rule|Evasion Moves Clause: Evasion moves are banned
|rule|Evasion Abilities Clause: Evasion abilities are banned
|rule|Sleep Moves Clause: Sleep-inducing moves are banned
|clearpoke
|poke|p1|Sinistcha-Masterpiece|
|poke|p1|Revavroom, M|
|poke|p1|Regieleki|
|poke|p1|Kingambit, F|
|poke|p1|Kyurem|
|poke|p1|Volcarona, M|
|poke|p2|Froslass, F|
|poke|p2|Arcanine-Hisui, M|
|poke|p2|Yanmega, F|
|poke|p2|Cetitan, M|
|poke|p2|Azumarill, F|
|poke|p2|Kilowattrel, F|
|teampreview
|inactive|Battle timer is ON: inactive players will automatically lose when time's up. (requested by icewizardlair☃)
|
|t:|1778504953
|teamsize|p1|6
|teamsize|p2|6
|start
|switch|p1a: Sinistcha|Sinistcha-Masterpiece|100/100
|switch|p2a: Arcannon|Arcanine-Hisui, M, shiny|100/100
|-item|p2a: Arcannon|Air Balloon
|turn|1
|
|t:|1778504961
|-terastallize|p1a: Sinistcha|Normal
|move|p2a: Arcannon|Flare Blitz|p1a: Sinistcha
|-damage|p1a: Sinistcha|69/100
|move|p1a: Sinistcha|Calm Mind|p1a: Sinistcha
|-boost|p1a: Sinistcha|spa|1
|-boost|p1a: Sinistcha|spd|1
|
|-heal|p1a: Sinistcha|75/100|[from] item: Leftovers
|upkeep
|turn|2
|
|t:|1778504970
|move|p2a: Arcannon|Close Combat|p1a: Sinistcha
|-supereffective|p1a: Sinistcha
|-damage|p1a: Sinistcha|0 fnt
|-unboost|p2a: Arcannon|def|1
|-unboost|p2a: Arcannon|spd|1
|faint|p1a: Sinistcha
|
|upkeep
|
|t:|1778504987
|switch|p1a: Regieleki|Regieleki|100/100
|turn|3
|
|t:|1778504992
|move|p2a: Arcannon|Extreme Speed|p1a: Regieleki
|-damage|p1a: Regieleki|52/100
|move|p1a: Regieleki|Agility|p1a: Regieleki
|-boost|p1a: Regieleki|spe|2
|
|-heal|p1a: Regieleki|58/100|[from] item: Leftovers
|upkeep
|turn|4
|
|t:|1778505000
|move|p2a: Arcannon|Extreme Speed|p1a: Regieleki
|-damage|p1a: Regieleki|10/100
|move|p1a: Regieleki|Electro Ball|p2a: Arcannon
|-damage|p2a: Arcannon|23/100
|-enditem|p2a: Arcannon|Air Balloon
|
|-heal|p1a: Regieleki|16/100|[from] item: Leftovers
|upkeep
|turn|5
|
|t:|1778505011
|move|p2a: Arcannon|Extreme Speed|p1a: Regieleki
|-damage|p1a: Regieleki|0 fnt
|faint|p1a: Regieleki
|
|upkeep
|
|t:|1778505023
|switch|p1a: Revavroom|Revavroom, M|100/100
|turn|6
|
|t:|1778505027
|move|p2a: Arcannon|Flare Blitz|p1a: Revavroom
|-supereffective|p1a: Revavroom
|-damage|p1a: Revavroom|0 fnt
|faint|p1a: Revavroom
|
|upkeep
|
|t:|1778505035
|switch|p1a: Volcarona|Volcarona, M|100/100
|turn|7
|
|t:|1778505042
|move|p2a: Arcannon|Head Smash|p1a: Volcarona
|-supereffective|p1a: Volcarona
|-damage|p1a: Volcarona|0 fnt
|faint|p1a: Volcarona
|
|upkeep
|
|t:|1778505048
|switch|p1a: Kyurem|Kyurem|100/100
|-ability|p1a: Kyurem|Pressure
|turn|8
|
|t:|1778505053
|move|p2a: Arcannon|Head Smash|p1a: Kyurem
|-supereffective|p1a: Kyurem
|-damage|p1a: Kyurem|0 fnt
|faint|p1a: Kyurem
|
|upkeep
|
|t:|1778505058
|switch|p1a: Kingambit|Kingambit, F|100/100
|-activate|p1a: Kingambit|ability: Supreme Overlord
|-start|p1a: Kingambit|fallen5|[silent]
|turn|9
|
|t:|1778505062
|move|p1a: Kingambit|Sucker Punch|p2a: Arcannon
|-damage|p2a: Arcannon|0 fnt
|faint|p2a: Arcannon
|
|upkeep
|
|t:|1778505068
|switch|p2a: Snowcrow|Froslass, F|100/100
|turn|10
|
|t:|1778505073
|move|p2a: Snowcrow|Destiny Bond|p2a: Snowcrow
|-singlemove|p2a: Snowcrow|Destiny Bond
|move|p1a: Kingambit|Kowtow Cleave|p2a: Snowcrow
|-supereffective|p2a: Snowcrow
|-damage|p2a: Snowcrow|0 fnt
|faint|p2a: Snowcrow
|-activate|p2a: Snowcrow|move: Destiny Bond
|faint|p1a: Kingambit
|-end|p1a: Kingambit|fallen5|[silent]
|
|win|icewizardlair☃
|raw|Rondorro's rating: 1086 &rarr; <strong>1066</strong><br />(-20 for losing)
|raw|icewizardlair☃'s rating: 1133 &rarr; <strong>1155</strong><br />(+22 for winning)
|c|☆icewizardlair☃|Gg
|c|☆Rondorro|gg
|l|☆Rondorro
|player|p1|
