|html|<div class="broadcast-blue"><strong>[Gen 9] OU is currently suspecting Volcarona! For information on how to participate check out the <a href="https://www.smogon.com/tools/suspects/view/208">suspect thread</a>.</strong></div>
|j|☆bethythecat
|j|☆LordHelix600
|t:|1778516192
|gametype|singles
|player|p1|bethythecat|harlequin|1141
|player|p2|LordHelix600|ballguy|1179
|gen|9
|tier|[Gen 9] OU
|rated|
|rule|HP Percentage Mod: HP is shown in percentages
|rule|Endless Battle Clause: Forcing endless battles is banned
|rule|Species Clause: Limit one of each Pokémon
|rule|OHKO Clause: OHKO moves are banned
|rule|Evasion Items Clause: Evasion items are banned
|rule|Evasion Moves Clause: Evasion moves are banned
|rule|Evasion Abilities Clause: Evasion abilities are banned
|rule|Sleep Moves Clause: Sleep-inducing moves are banned
|clearpoke
|poke|p1|Lokix, F|
|poke|p1|Great Tusk|
|poke|p1|Dragapult, F|
|poke|p1|Glimmora, F|
|poke|p1|Corviknight, F|
|poke|p1|Primarina, F|
|poke|p2|Coalossal, M|
|poke|p2|Rotom-Frost|
|poke|p2|Kingambit, M|
|poke|p2|Dragapult, F|
|poke|p2|Clefable, M|
|poke|p2|Great Tusk|
|teampreview
|inactive|Battle timer is ON: inactive players will automatically lose when time's up. (requested by bethythecat)
|
|t:|1778516203
|teamsize|p1|6
|teamsize|p2|6
|start
|switch|p1a: Glimmora|Glimmora, F|100/100
|switch|p2a: Coalossal|Coalossal, M|100/100
|turn|1
|
|t:|1778516216
|switch|p1a: Primarina|Primarina, F|100/100
|move|p2a: Coalossal|Earth Power|p1a: Primarina
|-damage|p1a: Primarina|78/100
|
|upkeep
|turn|2
|
|t:|1778516222
|switch|p2a: Rotom|Rotom-Frost, shiny|100/100
|move|p1a: Primarina|Hyper Voice|p2a: Rotom
|-damage|p2a: Rotom|29/100
|
|upkeep
|turn|3
|
|t:|1778516239
|switch|p1a: Corviknight|Corviknight, F|100/100
|move|p2a: Rotom|Thunderbolt|p1a: Corviknight
|-supereffective|p1a: Corviknight
|-crit|p1a: Corviknight
|-damage|p1a: Corviknight|0 fnt
|faint|p1a: Corviknight
|
|upkeep
|
|t:|1778516247
|switch|p1a: Lokix|Lokix, F|100/100
|turn|4
|
|t:|1778516253
|move|p1a: Lokix|U-turn|p2a: Rotom
|-damage|p2a: Rotom|0 fnt
|faint|p2a: Rotom
|
|t:|1778516260
|switch|p1a: Glimmora|Glimmora, F|100/100|[from] U-turn
|
|upkeep
|
|t:|1778516270
|switch|p2a: Coalossal|Coalossal, M|100/100
|turn|5
|
|t:|1778516283
|move|p1a: Glimmora|Power Gem|p2a: Coalossal
|-supereffective|p2a: Coalossal
|-damage|p2a: Coalossal|0 fnt
|faint|p2a: Coalossal
|-damage|p1a: Glimmora|91/100|[from] item: Life Orb
|
|upkeep
|
|t:|1778516289
|switch|p2a: Kingambit|Kingambit, M, shiny|100/100
|-activate|p2a: Kingambit|ability: Supreme Overlord
|-start|p2a: Kingambit|fallen2|[silent]
|turn|6
|
|t:|1778516300
|switch|p1a: Great Tusk|Great Tusk|100/100
|move|p2a: Kingambit|Iron Head|p1a: Great Tusk
|-damage|p1a: Great Tusk|62/100
|
|-heal|p1a: Great Tusk|68/100|[from] item: Leftovers
|upkeep
|turn|7
|
|t:|1778516307
|-end|p2a: Kingambit|fallen2|[silent]
|switch|p2a: Dragapult|Dragapult, F|100/100
|-item|p2a: Dragapult|Air Balloon
|move|p1a: Great Tusk|Stealth Rock|p2a: Dragapult
|-sidestart|p2: LordHelix600|move: Stealth Rock
|
|-heal|p1a: Great Tusk|74/100|[from] item: Leftovers
|upkeep
|turn|8
|
|t:|1778516313
|-end|p1a: Great Tusk|Protosynthesis|[silent]
|switch|p1a: Primarina|Primarina, F|78/100
|move|p2a: Dragapult|Will-O-Wisp|p1a: Primarina
|-status|p1a: Primarina|brn
|
|-damage|p1a: Primarina|72/100 brn|[from] brn
|upkeep
|turn|9
|
|t:|1778516320
|move|p2a: Dragapult|Hex|p1a: Primarina
|-damage|p1a: Primarina|40/100 brn
|move|p1a: Primarina|Ice Beam|p2a: Dragapult
|-supereffective|p2a: Dragapult
|-damage|p2a: Dragapult|10/100
|-start|p1a: Primarina|Disable|Ice Beam|[from] ability: Cursed Body|[of] p2a: Dragapult
|-enditem|p2a: Dragapult|Air Balloon
|
|-damage|p1a: Primarina|34/100 brn|[from] brn
|upkeep
|turn|10
|
|t:|1778516327
|move|p2a: Dragapult|Hex|p1a: Primarina
|-damage|p1a: Primarina|1/100 brn
|move|p1a: Primarina|Moonblast|p2a: Dragapult
|-supereffective|p2a: Dragapult
|-damage|p2a: Dragapult|0 fnt
|faint|p2a: Dragapult
|
|-damage|p1a: Primarina|0 fnt|[from] brn
|faint|p1a: Primarina
|upkeep
|
|t:|1778516334
|switch|p2a: Clefable|Clefable, M|100/100
|switch|p1a: Lokix|Lokix, F|100/100
|turn|11
|
|t:|1778516345
|move|p1a: Lokix|U-turn|p2a: Clefable
|-resisted|p2a: Clefable
|-damage|p2a: Clefable|47/100
|
|t:|1778516366
|switch|p1a: Glimmora|Glimmora, F|91/100|[from] U-turn
|move|p2a: Clefable|Moonblast|p1a: Glimmora
|-resisted|p1a: Glimmora
|-damage|p1a: Glimmora|59/100
|-unboost|p1a: Glimmora|spa|1
|
|upkeep
|turn|12
|
|t:|1778516381
|switch|p2a: Babban Buhu|Great Tusk|100/100
|-damage|p2a: Babban Buhu|97/100|[from] Stealth Rock
|-enditem|p2a: Babban Buhu|Booster Energy
|-activate|p2a: Babban Buhu|ability: Protosynthesis|[fromitem]
|-start|p2a: Babban Buhu|protosynthesisspe
|move|p1a: Glimmora|Sludge Wave|p2a: Babban Buhu
|-resisted|p2a: Babban Buhu
|-damage|p2a: Babban Buhu|70/100
|-damage|p1a: Glimmora|49/100|[from] item: Life Orb
|
|upkeep
|turn|13
|
|t:|1778516396
|switch|p1a: Dragapult|Dragapult, F|100/100
|move|p2a: Babban Buhu|Bulk Up|p2a: Babban Buhu
|-boost|p2a: Babban Buhu|atk|1
|-boost|p2a: Babban Buhu|def|1
|
|upkeep
|turn|14
|
|t:|1778516404
|move|p2a: Babban Buhu|Ice Spinner|p1a: Dragapult
|-supereffective|p1a: Dragapult
|-damage|p1a: Dragapult|7/100
|move|p1a: Dragapult|Will-O-Wisp|p2a: Babban Buhu
|-status|p2a: Babban Buhu|brn
|
|-damage|p2a: Babban Buhu|63/100 brn|[from] brn
|upkeep
|turn|15
|
|t:|1778516411
|move|p2a: Babban Buhu|Ice Spinner|p1a: Dragapult
|-supereffective|p1a: Dragapult
|-damage|p1a: Dragapult|0 fnt
|faint|p1a: Dragapult
|
|-damage|p2a: Babban Buhu|57/100 brn|[from] brn
|upkeep
|
|t:|1778516421
|switch|p1a: Lokix|Lokix, F|100/100
|turn|16
|
|t:|1778516436
|move|p2a: Babban Buhu|Ice Spinner|p1a: Lokix
|-damage|p1a: Lokix|75/100
|move|p1a: Lokix|U-turn|p2a: Babban Buhu
|-resisted|p2a: Babban Buhu
|-damage|p2a: Babban Buhu|37/100 brn
|
|t:|1778516440
|switch|p1a: Great Tusk|Great Tusk|74/100|[from] U-turn
|
|-heal|p1a: Great Tusk|80/100|[from] item: Leftovers
|-damage|p2a: Babban Buhu|31/100 brn|[from] brn
|upkeep
|turn|17
|
|t:|1778516449
|move|p2a: Babban Buhu|Ice Spinner|p1a: Great Tusk
|-supereffective|p1a: Great Tusk
|-damage|p1a: Great Tusk|54/100
|move|p1a: Great Tusk|Earthquake|p2a: Babban Buhu
|-damage|p2a: Babban Buhu|10/100 brn
|
|-heal|p1a: Great Tusk|61/100|[from] item: Leftovers
|-damage|p2a: Babban Buhu|4/100 brn|[from] brn
|upkeep
|turn|18
|
|t:|1778516457
|move|p2a: Babban Buhu|Ice Spinner|p1a: Great Tusk
|-supereffective|p1a: Great Tusk
|-crit|p1a: Great Tusk
|-damage|p1a: Great Tusk|25/100
|move|p1a: Great Tusk|Earthquake|p2a: Babban Buhu
|-damage|p2a: Babban Buhu|0 fnt
|faint|p2a: Babban Buhu
|-end|p2a: Babban Buhu|Protosynthesis|[silent]
|
|-heal|p1a: Great Tusk|31/100|[from] item: Leftovers
|upkeep
|
|t:|1778516462
|switch|p2a: Clefable|Clefable, M|47/100
|turn|19
|
|t:|1778516491
|-terastallize|p1a: Great Tusk|Steel
|move|p1a: Great Tusk|Rapid Spin|p2a: Clefable
|-damage|p2a: Clefable|27/100
|-boost|p1a: Great Tusk|spe|1
|move|p2a: Clefable|Moonlight|p2a: Clefable
|-heal|p2a: Clefable|77/100
|
|-heal|p1a: Great Tusk|37/100|[from] item: Leftovers
|upkeep
|turn|20
|
|t:|1778516500
|move|p1a: Great Tusk|Earthquake|p2a: Clefable
|-damage|p2a: Clefable|19/100
|move|p2a: Clefable|Focus Blast|p1a: Great Tusk
|-supereffective|p1a: Great Tusk
|-damage|p1a: Great Tusk|0 fnt
|faint|p1a: Great Tusk
|-end|p1a: Great Tusk|Protosynthesis|[silent]
|
|upkeep
|
|t:|1778516506
|switch|p1a: Glimmora|Glimmora, F|49/100
|turn|21
|
|t:|1778516511
|move|p1a: Glimmora|Power Gem|p2a: Clefable
|-damage|p2a: Clefable|0 fnt
|faint|p2a: Clefable
|-damage|p1a: Glimmora|39/100|[from] item: Life Orb
|
|upkeep
|
|t:|1778516513
|switch|p2a: Kingambit|Kingambit, M, shiny|100/100
|-damage|p2a: Kingambit|94/100|[from] Stealth Rock
|-activate|p2a: Kingambit|ability: Supreme Overlord
|-start|p2a: Kingambit|fallen5|[silent]
|turn|22
|
|t:|1778516516
|move|p2a: Kingambit|Sucker Punch|p1a: Glimmora
|-damage|p1a: Glimmora|0 fnt
|-activate|p1a: Glimmora|ability: Toxic Debris
|-sidestart|p2: LordHelix600|move: Toxic Spikes
|faint|p1a: Glimmora
|
|upkeep
|
|t:|1778516518
|switch|p1a: Lokix|Lokix, F|75/100
|turn|23
|
|t:|1778516528
|-terastallize|p2a: Kingambit|Flying
|move|p1a: Lokix|First Impression|p2a: Kingambit
|-resisted|p2a: Kingambit
|-damage|p2a: Kingambit|55/100
|move|p2a: Kingambit|Iron Head|p1a: Lokix
|-damage|p1a: Lokix|0 fnt
|faint|p1a: Lokix
|
|win|LordHelix600
|raw|bethythecat's rating: 1141 &rarr; <strong>1119</strong><br />(-22 for losing)
|raw|LordHelix600's rating: 1179 &rarr; <strong>1201</strong><br />(+22 for winning)
|l|☆bethythecat
|player|p1|
|l|☆LordHelix600
|player|p2|
