|html|<div class="broadcast-blue"><strong>[Gen 9] OU is currently suspecting Tera Blast! For information on how to participate check out the <a href="https://www.smogon.com/tools/suspects/view/200">suspect thread</a>.</strong></div>
|j|☆IQuitGamesImLosing
|j|☆pavelight
|t:|1776041193
|gametype|singles
|player|p1|IQuitGamesImLosing|102|1323
|player|p2|pavelight|102|1274
|gen|9
|tier|[Gen 9] OU
|rated|
|rule|HP Percentage Mod: HP is shown in percentages
|rule|Endless Battle Clause: Forcing endless battles is banned
|rule|Species Clause: Limit one of each Pokémon
|rule|OHKO Clause: OHKO moves are banned
|rule|Evasion Items Clause: Evasion items are banned
|rule|Evasion Moves Clause: Evasion moves are banned
|rule|Evasion Abilities Clause: Evasion abilities are banned
|rule|Sleep Moves Clause: Sleep-inducing moves are banned
|clearpoke
|poke|p1|Iron Crown|
|poke|p1|Rillaboom, M|
|poke|p1|Darkrai|
|poke|p1|Ceruledge, F|
|poke|p1|Quaquaval, M|
|poke|p1|Weezing-Galar, F|
|poke|p2|Dragonite, F|
|poke|p2|Scream Tail|
|poke|p2|Hippowdon, M|
|poke|p2|Ceruledge, M|
|poke|p2|Glimmora, M|
|poke|p2|Dragapult, M|
|teampreview
|
|t:|1776041206
|teamsize|p1|6
|teamsize|p2|6
|start
|switch|p1a: Quaquaval|Quaquaval, M|100/100
|switch|p2a: Glimmora|Glimmora, M, shiny|100/100
|turn|1
|inactive|Battle timer is ON: inactive players will automatically lose when time's up. (requested by pavelight)
|
|t:|1776041214
|move|p1a: Quaquaval|Aqua Step|p2a: Glimmora
|-supereffective|p2a: Glimmora
|-damage|p2a: Glimmora|38/100
|-boost|p1a: Quaquaval|spe|1
|-activate|p2a: Glimmora|ability: Toxic Debris
|-sidestart|p1: IQuitGamesImLosing|move: Toxic Spikes
|move|p2a: Glimmora|Mortal Spin|p1a: Quaquaval
|-damage|p1a: Quaquaval|92/100
|-status|p1a: Quaquaval|psn
|
|-damage|p1a: Quaquaval|80/100 psn|[from] psn
|upkeep
|turn|2
|
|t:|1776041226
|move|p1a: Quaquaval|Knock Off|p2a: Glimmora
|-damage|p2a: Glimmora|10/100
|-activate|p2a: Glimmora|ability: Toxic Debris
|-sidestart|p1: IQuitGamesImLosing|move: Toxic Spikes
|-enditem|p2a: Glimmora|Focus Sash|[from] move: Knock Off|[of] p1a: Quaquaval
|move|p2a: Glimmora|Spikes|p1a: Quaquaval
|-sidestart|p1: IQuitGamesImLosing|Spikes
|
|-damage|p1a: Quaquaval|68/100 psn|[from] psn
|upkeep
|turn|3
|
|t:|1776041237
|move|p1a: Quaquaval|Rapid Spin|p2a: Glimmora
|-resisted|p2a: Glimmora
|-damage|p2a: Glimmora|3/100
|-boost|p1a: Quaquaval|spe|1
|-sideend|p1: IQuitGamesImLosing|Spikes|[from] move: Rapid Spin|[of] p1a: Quaquaval
|-sideend|p1: IQuitGamesImLosing|Toxic Spikes|[from] move: Rapid Spin|[of] p1a: Quaquaval
|move|p2a: Glimmora|Spikes|p1a: Quaquaval
|-sidestart|p1: IQuitGamesImLosing|Spikes
|
|-damage|p1a: Quaquaval|56/100 psn|[from] psn
|upkeep
|turn|4
|
|t:|1776041249
|switch|p2a: Dragapult|Dragapult, M|100/100
|move|p1a: Quaquaval|Knock Off|p2a: Dragapult
|-supereffective|p2a: Dragapult
|-damage|p2a: Dragapult|12/100
|-enditem|p2a: Dragapult|Choice Specs|[from] move: Knock Off|[of] p1a: Quaquaval
|
|-damage|p1a: Quaquaval|44/100 psn|[from] psn
|upkeep
|turn|5
|
|t:|1776041259
|switch|p2a: Scream Tail|Scream Tail, shiny|100/100
|-enditem|p2a: Scream Tail|Booster Energy
|-activate|p2a: Scream Tail|ability: Protosynthesis|[fromitem]
|-start|p2a: Scream Tail|protosynthesisdef
|move|p1a: Quaquaval|Knock Off|p2a: Scream Tail
|-damage|p2a: Scream Tail|90/100
|
|-damage|p1a: Quaquaval|31/100 psn|[from] psn
|upkeep
|turn|6
|
|t:|1776041272
|move|p2a: Scream Tail|Protect|p2a: Scream Tail
|-singleturn|p2a: Scream Tail|Protect
|move|p1a: Quaquaval|Rapid Spin|p2a: Scream Tail
|-activate|p2a: Scream Tail|move: Protect
|
|-damage|p1a: Quaquaval|19/100 psn|[from] psn
|upkeep
|turn|7
|
|t:|1776041284
|-end|p2a: Scream Tail|Protosynthesis|[silent]
|switch|p2a: Dragapult|Dragapult, M|12/100
|move|p1a: Quaquaval|Aqua Step|p2a: Dragapult
|-resisted|p2a: Dragapult
|-damage|p2a: Dragapult|0 fnt
|-boost|p1a: Quaquaval|spe|1
|faint|p2a: Dragapult
|-ability|p1a: Quaquaval|Moxie|boost
|-boost|p1a: Quaquaval|atk|1
|
|-damage|p1a: Quaquaval|7/100 psn|[from] psn
|upkeep
|
|t:|1776041296
|switch|p2a: Scream Tail|Scream Tail, shiny|90/100
|turn|8
|
|t:|1776041303
|move|p2a: Scream Tail|Protect|p2a: Scream Tail
|-singleturn|p2a: Scream Tail|Protect
|move|p1a: Quaquaval|Rapid Spin|p2a: Scream Tail
|-activate|p2a: Scream Tail|move: Protect
|
|-damage|p1a: Quaquaval|0 fnt|[from] psn
|faint|p1a: Quaquaval
|upkeep
|
|t:|1776041307
|switch|p1a: Rillaboom|Rillaboom, M|100/100
|-damage|p1a: Rillaboom|88/100|[from] Spikes
|-fieldstart|move: Grassy Terrain|[from] ability: Grassy Surge|[of] p1a: Rillaboom
|turn|9
|
|t:|1776041316
|move|p1a: Rillaboom|Grassy Glide|p2a: Scream Tail
|-damage|p2a: Scream Tail|67/100
|move|p2a: Scream Tail|Thunder Wave|p1a: Rillaboom
|-status|p1a: Rillaboom|par
|
|-heal|p2a: Scream Tail|73/100|[from] Grassy Terrain
|-heal|p1a: Rillaboom|94/100 par|[from] Grassy Terrain
|upkeep
|turn|10
|
|t:|1776041329
|-end|p2a: Scream Tail|Protosynthesis|[silent]
|switch|p2a: Dragonite|Dragonite, F|100/100
|move|p1a: Rillaboom|Grassy Glide|p2a: Dragonite
|-resisted|p2a: Dragonite
|-damage|p2a: Dragonite|96/100
|
|-heal|p1a: Rillaboom|99/100 par|[from] Grassy Terrain
|upkeep
|turn|11
|
|t:|1776041341
|switch|p1a: Iron Crown|Iron Crown|100/100
|-damage|p1a: Iron Crown|88/100|[from] Spikes
|-enditem|p1a: Iron Crown|Grassy Seed
|-boost|p1a: Iron Crown|def|1|[from] item: Grassy Seed
|move|p2a: Dragonite|Dragon Dance|p2a: Dragonite
|-boost|p2a: Dragonite|atk|1
|-boost|p2a: Dragonite|spe|1
|
|-heal|p1a: Iron Crown|94/100|[from] Grassy Terrain
|upkeep
|turn|12
|
|t:|1776041354
|-terastallize|p2a: Dragonite|Normal
|move|p1a: Iron Crown|Agility|p1a: Iron Crown
|-boost|p1a: Iron Crown|spe|2
|move|p2a: Dragonite|Dragon Dance|p2a: Dragonite
|-boost|p2a: Dragonite|atk|1
|-boost|p2a: Dragonite|spe|1
|
|-heal|p1a: Iron Crown|100/100|[from] Grassy Terrain
|-heal|p2a: Dragonite|100/100|[from] Grassy Terrain
|upkeep
|turn|13
|
|t:|1776041365
|move|p1a: Iron Crown|Calm Mind|p1a: Iron Crown
|-boost|p1a: Iron Crown|spa|1
|-boost|p1a: Iron Crown|spd|1
|move|p2a: Dragonite|Earthquake|p1a: Iron Crown
|-supereffective|p1a: Iron Crown
|-damage|p1a: Iron Crown|43/100
|
|-heal|p1a: Iron Crown|49/100|[from] Grassy Terrain
|upkeep
|turn|14
|
|t:|1776041375
|-terastallize|p1a: Iron Crown|Fighting
|move|p1a: Iron Crown|Tera Blast|p2a: Dragonite|[anim] Tera Blast Fighting
|-supereffective|p2a: Dragonite
|-damage|p2a: Dragonite|36/100
|move|p2a: Dragonite|Earthquake|p1a: Iron Crown
|-damage|p1a: Iron Crown|21/100
|
|-heal|p1a: Iron Crown|27/100|[from] Grassy Terrain
|-heal|p2a: Dragonite|42/100|[from] Grassy Terrain
|upkeep
|turn|15
|
|t:|1776041386
|move|p2a: Dragonite|Extreme Speed|p1a: Iron Crown
|-damage|p1a: Iron Crown|0 fnt
|faint|p1a: Iron Crown
|-end|p1a: Iron Crown|Quark Drive|[silent]
|
|-heal|p2a: Dragonite|48/100|[from] Grassy Terrain
|upkeep
|-message|IQuitGamesImLosing forfeited.
|
|win|pavelight
|raw|IQuitGamesImLosing's rating: 1323 &rarr; <strong>1300</strong><br />(-23 for losing)
|raw|pavelight's rating: 1274 &rarr; <strong>1303</strong><br />(+29 for winning)
|l|☆IQuitGamesImLosing
|player|p1|
|l|☆pavelight
|player|p2|
