|html|<div class="broadcast-blue"><strong>[Gen 9] OU is currently suspecting Tera Blast! For information on how to participate check out the <a href="https://www.smogon.com/tools/suspects/view/200">suspect thread</a>.</strong></div>
|j|☆Papermario<3
|j|☆fresquinha?
|t:|1776083569
|gametype|singles
|player|p1|Papermario<3|169|1133
|player|p2|fresquinha?|pokemaniac|1148
|gen|9
|tier|[Gen 9] OU
|rated|
|rule|HP Percentage Mod: HP is shown in percentages
|rule|Endless Battle Clause: Forcing endless battles is banned
|rule|Species Clause: Limit one of each Pokémon
|rule|OHKO Clause: OHKO moves are banned
|rule|Evasion Items Clause: Evasion items are banned
|rule|Evasion Moves Clause: Evasion moves are banned
|rule|Evasion Abilities Clause: Evasion abilities are banned
|rule|Sleep Moves Clause: Sleep-inducing moves are banned
|clearpoke
|poke|p1|Graveler-Alola, M|
|poke|p1|Swalot, F|
|poke|p1|Brute Bonnet|
|poke|p1|Komala, F|
|poke|p1|Toxicroak, F|
|poke|p1|Reuniclus, F|
|poke|p2|Umbreon, F|
|poke|p2|Mandibuzz, F|
|poke|p2|Clodsire, F|
|poke|p2|Hatterene, F|
|poke|p2|Slowking, F|
|poke|p2|Crocalor, F|
|teampreview
|inactive|Battle timer is ON: inactive players will automatically lose when time's up. (requested by fresquinha?)
|
|t:|1776083580
|teamsize|p1|6
|teamsize|p2|6
|start
|switch|p1a: Komala|Komala, F|100/100
|switch|p2a: Checktung|Slowking, F|100/100
|-ability|p1a: Komala|Comatose
|turn|1
|
|t:|1776083586
|move|p1a: Komala|U-turn|p2a: Checktung
|-supereffective|p2a: Checktung
|-damage|p2a: Checktung|67/100
|
|t:|1776083593
|switch|p1a: Swalot|Swalot, F|100/100|[from] U-turn
|move|p2a: Checktung|Trick|p1a: Swalot
|-immune|p1a: Swalot
|
|upkeep
|turn|2
|
|t:|1776083605
|switch|p2a: Checkelung|Clodsire, F|100/100
|move|p1a: Swalot|Knock Off|p2a: Checkelung
|-damage|p2a: Checkelung|81/100
|-enditem|p2a: Checkelung|Leftovers|[from] move: Knock Off|[of] p1a: Swalot
|
|upkeep
|turn|3
|
|t:|1776083621
|switch|p1a: Reuniclus|Reuniclus, F|100/100
|move|p2a: Checkelung|Stealth Rock|p1a: Reuniclus
|-sidestart|p1: Papermario<3|move: Stealth Rock
|
|upkeep
|turn|4
|
|t:|1776083629
|switch|p2a: Checktung|Slowking, F|99/100
|move|p1a: Reuniclus|Psyshock|p2a: Checktung
|-resisted|p2a: Checktung
|-damage|p2a: Checktung|87/100
|
|upkeep
|turn|5
|
|t:|1776083634
|switch|p1a: Swalot|Swalot, F|100/100
|-damage|p1a: Swalot|88/100|[from] Stealth Rock
|move|p2a: Checktung|Trick|p1a: Swalot
|-immune|p1a: Swalot
|
|-heal|p1a: Swalot|94/100|[from] item: Leftovers
|upkeep
|turn|6
|
|t:|1776083648
|switch|p1a: Komala|Komala, F|100/100
|-damage|p1a: Komala|88/100|[from] Stealth Rock
|-ability|p1a: Komala|Comatose
|switch|p2a: Checkelung|Clodsire, F|81/100
|
|upkeep
|turn|7
|
|t:|1776083657
|switch|p2a: Checktung|Slowking, F|100/100
|move|p1a: Komala|Rapid Spin|p2a: Checktung
|-damage|p2a: Checktung|83/100
|-boost|p1a: Komala|spe|1
|-sideend|p1: Papermario<3|Stealth Rock|[from] move: Rapid Spin|[of] p1a: Komala
|
|upkeep
|turn|8
|
|t:|1776083665
|move|p1a: Komala|U-turn|p2a: Checktung
|-supereffective|p2a: Checktung
|-damage|p2a: Checktung|49/100
|
|t:|1776083668
|switch|p1a: Swalot|Swalot, F|94/100|[from] U-turn
|move|p2a: Checktung|Psychic|p1a: Swalot
|-supereffective|p1a: Swalot
|-damage|p1a: Swalot|9/100
|
|-heal|p1a: Swalot|15/100|[from] item: Leftovers
|upkeep
|turn|9
|
|t:|1776083676
|switch|p2a: Checkelung|Clodsire, F|81/100
|move|p1a: Swalot|Knock Off|p2a: Checkelung
|-damage|p2a: Checkelung|68/100
|
|-heal|p1a: Swalot|22/100|[from] item: Leftovers
|upkeep
|turn|10
|
|t:|1776083681
|move|p1a: Swalot|Pain Split|p2a: Checkelung
|-sethp|p2a: Checkelung|43/100|[from] move: Pain Split|[silent]
|-sethp|p1a: Swalot|50/100|[from] move: Pain Split
|move|p2a: Checkelung|Stealth Rock|p1a: Swalot
|-sidestart|p1: Papermario<3|move: Stealth Rock
|
|-heal|p1a: Swalot|56/100|[from] item: Leftovers
|upkeep
|turn|11
|
|t:|1776083700
|switch|p1a: Komala|Komala, F|88/100
|-damage|p1a: Komala|75/100|[from] Stealth Rock
|-ability|p1a: Komala|Comatose
|move|p2a: Checkelung|Recover|p2a: Checkelung
|-heal|p2a: Checkelung|93/100
|
|upkeep
|turn|12
|
|t:|1776083707
|move|p1a: Komala|Rapid Spin|p2a: Checkelung
|-damage|p2a: Checkelung|61/100
|-boost|p1a: Komala|spe|1
|-sideend|p1: Papermario<3|Stealth Rock|[from] move: Rapid Spin|[of] p1a: Komala
|move|p2a: Checkelung|Gunk Shot|p1a: Komala
|-damage|p1a: Komala|0 fnt
|faint|p1a: Komala
|
|upkeep
|
|t:|1776083726
|switch|p1a: Graveler|Graveler-Alola, M|100/100
|turn|13
|
|t:|1776083732
|switch|p2a: Checktung|Slowking, F|83/100
|move|p1a: Graveler|Earthquake|p2a: Checktung
|-damage|p2a: Checktung|63/100
|
|upkeep
|turn|14
|
|t:|1776083741
|switch|p2a: Checkelung|Clodsire, F|61/100
|move|p1a: Graveler|Body Slam|p2a: Checkelung
|-immune|p2a: Checkelung
|
|upkeep
|turn|15
|
|t:|1776083751
|switch|p2a: Checker|Umbreon, F|100/100
|move|p1a: Graveler|Earthquake|p2a: Checker
|-damage|p2a: Checker|76/100
|
|-heal|p2a: Checker|82/100|[from] item: Leftovers
|upkeep
|turn|16
|
|t:|1776083756
|switch|p1a: Swalot|Swalot, F|56/100
|move|p2a: Checker|Toxic|p1a: Swalot
|-immune|p1a: Swalot
|
|-heal|p2a: Checker|88/100|[from] item: Leftovers
|-heal|p1a: Swalot|62/100|[from] item: Leftovers
|upkeep
|turn|17
|
|t:|1776083765
|switch|p2a: Checkelung|Clodsire, F|61/100
|move|p1a: Swalot|Knock Off|p2a: Checkelung
|-damage|p2a: Checkelung|48/100
|
|-heal|p1a: Swalot|68/100|[from] item: Leftovers
|upkeep
|turn|18
|
|t:|1776083784
|switch|p1a: Reuniclus|Reuniclus, F|100/100
|move|p2a: Checkelung|Recover|p2a: Checkelung
|-heal|p2a: Checkelung|98/100
|
|upkeep
|turn|19
|
|t:|1776083792
|switch|p2a: Crocalor|Crocalor, F|100/100
|move|p1a: Reuniclus|Focus Blast|p2a: Crocalor|[miss]
|-miss|p1a: Reuniclus|p2a: Crocalor
|
|upkeep
|turn|20
|
|t:|1776083801
|move|p2a: Crocalor|Flamethrower|p1a: Reuniclus
|-damage|p1a: Reuniclus|80/100
|move|p1a: Reuniclus|Thunder Wave|p2a: Crocalor
|-status|p2a: Crocalor|par
|
|-heal|p1a: Reuniclus|86/100|[from] item: Leftovers
|upkeep
|turn|21
|
|t:|1776083811
|move|p1a: Reuniclus|Psyshock|p2a: Crocalor
|-damage|p2a: Crocalor|76/100 par
|cant|p2a: Crocalor|par
|
|-heal|p1a: Reuniclus|92/100|[from] item: Leftovers
|upkeep
|turn|22
|
|t:|1776083818
|switch|p2a: Checker|Umbreon, F|88/100
|move|p1a: Reuniclus|Psyshock|p2a: Checker
|-immune|p2a: Checker
|
|-heal|p2a: Checker|94/100|[from] item: Leftovers
|-heal|p1a: Reuniclus|98/100|[from] item: Leftovers
|upkeep
|turn|23
|
|t:|1776083823
|switch|p2a: Check|Hatterene, F|100/100
|move|p1a: Reuniclus|Focus Blast|p2a: Check|[miss]
|-miss|p1a: Reuniclus|p2a: Check
|
|-heal|p1a: Reuniclus|100/100|[from] item: Leftovers
|upkeep
|turn|24
|
|t:|1776083846
|move|p1a: Reuniclus|Psyshock|p2a: Check
|-resisted|p2a: Check
|-damage|p2a: Check|85/100
|move|p2a: Check|Calm Mind|p2a: Check
|-boost|p2a: Check|spa|1
|-boost|p2a: Check|spd|1
|
|-heal|p2a: Check|91/100|[from] item: Leftovers
|upkeep
|turn|25
|
|t:|1776083857
|switch|p1a: Graveler|Graveler-Alola, M|100/100
|move|p2a: Check|Calm Mind|p2a: Check
|-boost|p2a: Check|spa|1
|-boost|p2a: Check|spd|1
|
|-heal|p2a: Check|97/100|[from] item: Leftovers
|upkeep
|turn|26
|
|t:|1776083864
|move|p1a: Graveler|Body Slam|p2a: Check
|-damage|p2a: Check|63/100
|move|p2a: Check|Draining Kiss|p1a: Graveler
|-damage|p1a: Graveler|50/100
|-heal|p2a: Check|97/100|[from] drain|[of] p1a: Graveler
|
|-heal|p2a: Check|100/100|[from] item: Leftovers
|upkeep
|turn|27
|
|t:|1776083870
|move|p1a: Graveler|Body Slam|p2a: Check
|-damage|p2a: Check|65/100
|-status|p2a: Check|par
|move|p2a: Check|Draining Kiss|p1a: Graveler
|-damage|p1a: Graveler|0 fnt
|-heal|p2a: Check|99/100 par|[from] drain|[of] p1a: Graveler
|faint|p1a: Graveler
|
|-heal|p2a: Check|100/100 par|[from] item: Leftovers
|upkeep
|
|t:|1776083891
|switch|p1a: Swalot|Swalot, F|68/100
|turn|28
|
|t:|1776083905
|move|p1a: Swalot|Clear Smog|p2a: Check
|-supereffective|p2a: Check
|-damage|p2a: Check|87/100 par
|-clearboost|p2a: Check
|cant|p2a: Check|par
|
|-heal|p1a: Swalot|74/100|[from] item: Leftovers
|-heal|p2a: Check|93/100 par|[from] item: Leftovers
|upkeep
|turn|29
|
|t:|1776083913
|move|p1a: Swalot|Knock Off|p2a: Check
|-damage|p2a: Check|80/100 par
|-enditem|p2a: Check|Leftovers|[from] move: Knock Off|[of] p1a: Swalot
|move|p2a: Check|Psychic|p1a: Swalot
|-supereffective|p1a: Swalot
|-damage|p1a: Swalot|0 fnt
|faint|p1a: Swalot
|
|upkeep
|
|t:|1776083922
|switch|p1a: Toxicroak|Toxicroak, F|100/100
|turn|30
|
|t:|1776083932
|move|p1a: Toxicroak|Sludge Bomb|p2a: Check
|-supereffective|p2a: Check
|-damage|p2a: Check|5/100 par
|cant|p2a: Check|par
|
|upkeep
|turn|31
|
|t:|1776083939
|move|p1a: Toxicroak|Sludge Bomb|p2a: Check
|-supereffective|p2a: Check
|-damage|p2a: Check|0 fnt
|faint|p2a: Check
|
|upkeep
|
|t:|1776083942
|switch|p2a: Checktung|Slowking, F|96/100
|turn|32
|
|t:|1776083959
|switch|p1a: Reuniclus|Reuniclus, F|100/100
|move|p2a: Checktung|Trick|p1a: Reuniclus
|-activate|p2a: Checktung|move: Trick|[of] p1a: Reuniclus
|-item|p1a: Reuniclus|Choice Specs|[from] move: Trick
|-item|p2a: Checktung|Leftovers|[from] move: Trick
|
|-heal|p2a: Checktung|100/100|[from] item: Leftovers
|upkeep
|turn|33
|
|t:|1776083974
|-prepare|p2a: Checktung|Chilly Reception|[premajor]
|move|p2a: Checktung|Chilly Reception|p2a: Checktung
|-weather|Snowscape
|
|t:|1776083988
|switch|p2a: Checker|Umbreon, F|94/100|[from] Chilly Reception
|move|p1a: Reuniclus|Focus Blast|p2a: Checker|[miss]
|-miss|p1a: Reuniclus|p2a: Checker
|
|-weather|Snowscape|[upkeep]
|-heal|p2a: Checker|99/100|[from] item: Leftovers
|upkeep
|turn|34
|
|t:|1776083994
|switch|p2a: Checktung|Slowking, F|100/100
|move|p1a: Reuniclus|Focus Blast|p2a: Checktung
|-resisted|p2a: Checktung
|-damage|p2a: Checktung|77/100
|
|-weather|Snowscape|[upkeep]
|-heal|p2a: Checktung|83/100|[from] item: Leftovers
|upkeep
|turn|35
|
|t:|1776084001
|switch|p1a: Brute Bonnet|Brute Bonnet|100/100
|move|p2a: Checktung|Scald|p1a: Brute Bonnet
|-resisted|p1a: Brute Bonnet
|-damage|p1a: Brute Bonnet|90/100
|
|-weather|Snowscape|[upkeep]
|-heal|p2a: Checktung|90/100|[from] item: Leftovers
|upkeep
|turn|36
|
|t:|1776084011
|-terastallize|p2a: Checktung|Dragon
|move|p1a: Brute Bonnet|Body Press|p2a: Checktung
|-damage|p2a: Checktung|71/100
|move|p2a: Checktung|Scald|p1a: Brute Bonnet
|-resisted|p1a: Brute Bonnet
|-damage|p1a: Brute Bonnet|79/100
|
|-weather|Snowscape|[upkeep]
|-heal|p2a: Checktung|78/100|[from] item: Leftovers
|upkeep
|turn|37
|
|t:|1776084019
|move|p1a: Brute Bonnet|Body Press|p2a: Checktung
|-damage|p2a: Checktung|61/100
|move|p2a: Checktung|Scald|p1a: Brute Bonnet
|-resisted|p1a: Brute Bonnet
|-damage|p1a: Brute Bonnet|67/100
|
|-weather|none
|-heal|p2a: Checktung|67/100|[from] item: Leftovers
|upkeep
|turn|38
|
|t:|1776084022
|move|p1a: Brute Bonnet|Body Press|p2a: Checktung
|-damage|p2a: Checktung|48/100
|move|p2a: Checktung|Scald|p1a: Brute Bonnet
|-resisted|p1a: Brute Bonnet
|-damage|p1a: Brute Bonnet|55/100
|
|-heal|p2a: Checktung|54/100|[from] item: Leftovers
|upkeep
|turn|39
|
|t:|1776084026
|move|p1a: Brute Bonnet|Body Press|p2a: Checktung
|-damage|p2a: Checktung|35/100
|move|p2a: Checktung|Scald|p1a: Brute Bonnet
|-resisted|p1a: Brute Bonnet
|-crit|p1a: Brute Bonnet
|-damage|p1a: Brute Bonnet|39/100
|-status|p1a: Brute Bonnet|brn
|
|-heal|p2a: Checktung|41/100|[from] item: Leftovers
|-damage|p1a: Brute Bonnet|33/100 brn|[from] brn
|upkeep
|turn|40
|
|t:|1776084029
|move|p1a: Brute Bonnet|Body Press|p2a: Checktung
|-damage|p2a: Checktung|32/100
|-prepare|p2a: Checktung|Chilly Reception|[premajor]
|move|p2a: Checktung|Chilly Reception|p2a: Checktung
|-weather|Snowscape
|inactive|fresquinha? has 120 seconds left.
|
|t:|1776084061
|switch|p2a: Crocalor|Crocalor, F|76/100 par|[from] Chilly Reception
|
|-weather|Snowscape|[upkeep]
|-damage|p1a: Brute Bonnet|27/100 brn|[from] brn
|upkeep
|turn|41
|
|t:|1776084068
|move|p1a: Brute Bonnet|Synthesis|p1a: Brute Bonnet
|-heal|p1a: Brute Bonnet|52/100 brn
|move|p2a: Crocalor|Flamethrower|p1a: Brute Bonnet
|-supereffective|p1a: Brute Bonnet
|-damage|p1a: Brute Bonnet|7/100 brn
|
|-weather|Snowscape|[upkeep]
|-damage|p1a: Brute Bonnet|1/100 brn|[from] brn
|upkeep
|turn|42
|
|t:|1776084076
|move|p1a: Brute Bonnet|Body Press|p2a: Crocalor
|-damage|p2a: Crocalor|67/100 par
|move|p2a: Crocalor|Flamethrower|p1a: Brute Bonnet
|-supereffective|p1a: Brute Bonnet
|-damage|p1a: Brute Bonnet|0 fnt
|faint|p1a: Brute Bonnet
|-end|p1a: Brute Bonnet|Protosynthesis|[silent]
|
|-weather|Snowscape|[upkeep]
|upkeep
|
|t:|1776084088
|switch|p1a: Toxicroak|Toxicroak, F|100/100
|turn|43
|inactive|fresquinha? has 120 seconds left.
|
|t:|1776084129
|move|p1a: Toxicroak|Sludge Bomb|p2a: Crocalor
|-damage|p2a: Crocalor|40/100 par
|move|p2a: Crocalor|Will-O-Wisp|p1a: Toxicroak|[miss]
|-miss|p2a: Crocalor|p1a: Toxicroak
|
|-weather|Snowscape|[upkeep]
|upkeep
|turn|44
|
|t:|1776084140
|move|p1a: Toxicroak|Sludge Bomb|p2a: Crocalor
|-damage|p2a: Crocalor|15/100 par
|move|p2a: Crocalor|Slack Off|p2a: Crocalor
|-heal|p2a: Crocalor|65/100 par
|
|-weather|none
|upkeep
|turn|45
|inactive|fresquinha? has 120 seconds left.
|
|t:|1776084151
|switch|p1a: Reuniclus|Reuniclus, F|100/100
|move|p2a: Crocalor|Slack Off|p2a: Crocalor
|-heal|p2a: Crocalor|100/100 par
|
|upkeep
|turn|46
|inactive|fresquinha? has 120 seconds left.
|
|t:|1776084162
|move|p1a: Reuniclus|Psyshock|p2a: Crocalor
|-damage|p2a: Crocalor|63/100 par
|move|p2a: Crocalor|Will-O-Wisp|p1a: Reuniclus
|-status|p1a: Reuniclus|brn
|
|upkeep
|turn|47
|
|t:|1776084166
|move|p1a: Reuniclus|Psyshock|p2a: Crocalor
|-damage|p2a: Crocalor|26/100 par
|move|p2a: Crocalor|Slack Off|p2a: Crocalor
|-heal|p2a: Crocalor|76/100 par
|
|upkeep
|turn|48
|
|t:|1776084171
|switch|p2a: Checker|Umbreon, F|99/100
|move|p1a: Reuniclus|Psyshock|p2a: Checker
|-immune|p2a: Checker
|
|-heal|p2a: Checker|100/100|[from] item: Leftovers
|upkeep
|turn|49
|
|t:|1776084174
|switch|p2a: Checktung|Slowking, F, tera:Dragon|65/100
|switch|p1a: Toxicroak|Toxicroak, F|100/100
|
|-heal|p2a: Checktung|71/100|[from] item: Leftovers
|upkeep
|turn|50
|
|t:|1776084181
|-terastallize|p1a: Toxicroak|Dark
|move|p1a: Toxicroak|Dark Pulse|p2a: Checktung
|-damage|p2a: Checktung|44/100
|move|p2a: Checktung|Psychic|p1a: Toxicroak
|-immune|p1a: Toxicroak
|
|-heal|p2a: Checktung|50/100|[from] item: Leftovers
|upkeep
|turn|51
|j| ohko_smeargle
|inactive|fresquinha? has 120 seconds left.
|
|t:|1776084228
|switch|p2a: Checking|Mandibuzz, F|100/100
|move|p1a: Toxicroak|Sludge Bomb|p2a: Checking
|-damage|p2a: Checking|70/100
|
|upkeep
|turn|52
|
|t:|1776084236
|move|p1a: Toxicroak|Sludge Bomb|p2a: Checking
|-damage|p2a: Checking|40/100
|move|p2a: Checking|Toxic|p1a: Toxicroak
|-status|p1a: Toxicroak|tox
|
|-damage|p1a: Toxicroak|94/100 tox|[from] psn
|upkeep
|turn|53
|inactive|fresquinha? has 120 seconds left.
|
|t:|1776084243
|switch|p2a: Checkelung|Clodsire, F|98/100
|move|p1a: Toxicroak|Sludge Bomb|p2a: Checkelung
|-resisted|p2a: Checkelung
|-damage|p2a: Checkelung|92/100
|
|-damage|p1a: Toxicroak|82/100 tox|[from] psn
|upkeep
|turn|54
|
|t:|1776084246
|switch|p1a: Reuniclus|Reuniclus, F|100/100 brn
|switch|p2a: Checker|Umbreon, F|100/100
|
|upkeep
|turn|55
|
|t:|1776084248
|move|p2a: Checker|Foul Play|p1a: Reuniclus
|-supereffective|p1a: Reuniclus
|-damage|p1a: Reuniclus|64/100 brn
|move|p1a: Reuniclus|Focus Blast|p2a: Checker
|-supereffective|p2a: Checker
|-damage|p2a: Checker|44/100
|
|-heal|p2a: Checker|50/100|[from] item: Leftovers
|upkeep
|turn|56
|
|t:|1776084256
|switch|p2a: Checking|Mandibuzz, F|40/100
|move|p1a: Reuniclus|Focus Blast|p2a: Checking
|-damage|p2a: Checking|0 fnt
|faint|p2a: Checking
|
|upkeep
|
|t:|1776084258
|switch|p2a: Checker|Umbreon, F|50/100
|turn|57
|
|t:|1776084265
|move|p2a: Checker|Protect|p2a: Checker
|-singleturn|p2a: Checker|Protect
|move|p1a: Reuniclus|Focus Blast|p2a: Checker
|-activate|p2a: Checker|move: Protect
|
|-heal|p2a: Checker|56/100|[from] item: Leftovers
|upkeep
|turn|58
|
|t:|1776084273
|switch|p2a: Checktung|Slowking, F, tera:Dragon|83/100
|switch|p1a: Toxicroak|Toxicroak, F, tera:Dark|82/100 tox
|
|-heal|p2a: Checktung|90/100|[from] item: Leftovers
|-damage|p1a: Toxicroak|76/100 tox|[from] psn
|upkeep
|turn|59
|
|t:|1776084283
|switch|p2a: Checkelung|Clodsire, F|92/100
|move|p1a: Toxicroak|Focus Blast|p2a: Checkelung|[miss]
|-miss|p1a: Toxicroak|p2a: Checkelung
|-enditem|p1a: Toxicroak|Blunder Policy
|-boost|p1a: Toxicroak|spe|2
|
|-damage|p1a: Toxicroak|63/100 tox|[from] psn
|upkeep
|turn|60
|
|t:|1776084296
|switch|p1a: Reuniclus|Reuniclus, F|64/100 brn
|move|p2a: Checkelung|Gunk Shot|p1a: Reuniclus
|-damage|p1a: Reuniclus|15/100 brn
|
|upkeep
|turn|61
|
|t:|1776084300
|switch|p2a: Checker|Umbreon, F|56/100
|move|p1a: Reuniclus|Recover|p1a: Reuniclus
|-heal|p1a: Reuniclus|65/100 brn
|
|-heal|p2a: Checker|62/100|[from] item: Leftovers
|upkeep
|turn|62
|
|t:|1776084303
|move|p2a: Checker|Foul Play|p1a: Reuniclus
|-supereffective|p1a: Reuniclus
|-damage|p1a: Reuniclus|31/100 brn
|move|p1a: Reuniclus|Recover|p1a: Reuniclus
|-heal|p1a: Reuniclus|81/100 brn
|
|-heal|p2a: Checker|68/100|[from] item: Leftovers
|upkeep
|turn|63
|
|t:|1776084309
|switch|p1a: Toxicroak|Toxicroak, F, tera:Dark|63/100 tox
|move|p2a: Checker|Foul Play|p1a: Toxicroak
|-resisted|p1a: Toxicroak
|-damage|p1a: Toxicroak|42/100 tox
|
|-heal|p2a: Checker|74/100|[from] item: Leftovers
|-damage|p1a: Toxicroak|36/100 tox|[from] psn
|upkeep
|turn|64
|c|☆fresquinha?|Give up already
|
|t:|1776084314
|move|p2a: Checker|Protect|p2a: Checker
|-singleturn|p2a: Checker|Protect
|move|p1a: Toxicroak|Focus Blast|p2a: Checker
|-activate|p2a: Checker|move: Protect
|
|-heal|p2a: Checker|80/100|[from] item: Leftovers
|-damage|p1a: Toxicroak|23/100 tox|[from] psn
|upkeep
|turn|65
|
|t:|1776084319
|switch|p2a: Checktung|Slowking, F, tera:Dragon|100/100
|move|p1a: Toxicroak|Focus Blast|p2a: Checktung
|-damage|p2a: Checktung|62/100
|
|-heal|p2a: Checktung|68/100|[from] item: Leftovers
|-damage|p1a: Toxicroak|5/100 tox|[from] psn
|upkeep
|turn|66
|
|t:|1776084330
|switch|p1a: Reuniclus|Reuniclus, F|81/100 brn
|-prepare|p2a: Checktung|Chilly Reception|[premajor]
|move|p2a: Checktung|Chilly Reception|p2a: Checktung
|-weather|Snowscape
|
|t:|1776084333
|switch|p2a: Checker|Umbreon, F|80/100|[from] Chilly Reception
|
|-weather|Snowscape|[upkeep]
|-heal|p2a: Checker|86/100|[from] item: Leftovers
|upkeep
|turn|67
|
|t:|1776084343
|move|p2a: Checker|Protect|p2a: Checker
|-singleturn|p2a: Checker|Protect
|move|p1a: Reuniclus|Thunder Wave|p2a: Checker
|-activate|p2a: Checker|move: Protect
|
|-weather|Snowscape|[upkeep]
|-heal|p2a: Checker|92/100|[from] item: Leftovers
|upkeep
|turn|68
|c|☆Papermario<3|Gg
|
|t:|1776084351
|switch|p2a: Checkelung|Clodsire, F|92/100
|move|p1a: Reuniclus|Thunder Wave|p2a: Checkelung
|-immune|p2a: Checkelung
|
|-weather|Snowscape|[upkeep]
|upkeep
|turn|69
|c|☆Papermario<3|Stall team
|-message|Papermario<3 forfeited.
|
|win|fresquinha?
|raw|Papermario&lt;3's rating: 1133 &rarr; <strong>1109</strong><br />(-24 for losing)
|raw|fresquinha?'s rating: 1148 &rarr; <strong>1172</strong><br />(+24 for winning)
|l|☆Papermario<3
|player|p1|
|l| ohko_smeargle
|c|☆fresquinha?|Thanks
|l|☆fresquinha?
|player|p2|
