|j|☆PokemonGT7
|j|☆m1les12345
|inactive|Battle timer is ON: inactive players will automatically lose when time's up.
|t:|1776114510
|gametype|singles
|player|p1|PokemonGT7|gladion-stance|
|player|p2|m1les12345|265|
|gen|9
|tier|[Gen 9] OU
|rated|Tournament battle
|rule|HP Percentage Mod: HP is shown in percentages
|rule|Endless Battle Clause: Forcing endless battles is banned
|rule|Species Clause: Limit one of each Pokémon
|rule|OHKO Clause: OHKO moves are banned
|rule|Evasion Items Clause: Evasion items are banned
|rule|Evasion Moves Clause: Evasion moves are banned
|rule|Evasion Abilities Clause: Evasion abilities are banned
|rule|Sleep Moves Clause: Sleep-inducing moves are banned
|raw|<div class="infobox"><details class="readmore"><summary><strong>15 custom rules:</strong></summary> -burmy, -caterpie, -combee, -kricketot, -magikarp, -scatterbug, -sunkern, -tynamo, -typenull, -weedle, -wurmple, -cosmog, -blipbug, -snom, -wynaut</details></div>
|clearpoke
|poke|p1|Alcremie, F|
|poke|p1|Vullaby, F|
|poke|p1|Koffing, M|
|poke|p1|Braviary, M|
|poke|p2|Snover, F|
|poke|p2|Arrokuda, F|
|poke|p2|Scraggy, M|
|poke|p2|Garchomp, M|
|teampreview
|j|*Lady Monita 
|c|☆PokemonGT7|glhf
|
|t:|1776114528
|teamsize|p1|4
|teamsize|p2|4
|start
|switch|p1a: Braviary|Braviary, M|100/100
|switch|p2a: Snover|Snover, F|100/100
|-weather|Snowscape|[from] ability: Snow Warning|[of] p2a: Snover
|turn|1
|
|t:|1776114536
|move|p1a: Braviary|U-turn|p2a: Snover
|-supereffective|p2a: Snover
|-damage|p2a: Snover|55/100
|
|t:|1776114538
|switch|p1a: Alcremie|Alcremie, F|100/100|[from] U-turn
|move|p2a: Snover|Blizzard|p1a: Alcremie
|-damage|p1a: Alcremie|70/100
|
|-weather|Snowscape|[upkeep]
|-heal|p1a: Alcremie|76/100|[from] item: Leftovers
|upkeep
|turn|2
|
|t:|1776114552
|move|p2a: Snover|Leech Seed|p1a: Alcremie|[miss]
|-miss|p2a: Snover|p1a: Alcremie
|move|p1a: Alcremie|Acid Armor|p1a: Alcremie
|-boost|p1a: Alcremie|def|2
|
|-weather|Snowscape|[upkeep]
|-heal|p1a: Alcremie|82/100|[from] item: Leftovers
|upkeep
|turn|3
|
|t:|1776114562
|switch|p1a: Vullaby|Vullaby, F|100/100
|move|p2a: Snover|Leech Seed|p1a: Vullaby
|-start|p1a: Vullaby|move: Leech Seed
|
|-weather|Snowscape|[upkeep]
|-damage|p1a: Vullaby|88/100|[from] Leech Seed|[of] p2a: Snover
|-heal|p2a: Snover|70/100|[silent]
|upkeep
|turn|4
|
|t:|1776114579
|switch|p1a: Koffing|Koffing, M|100/100
|move|p2a: Snover|Blizzard|p1a: Koffing
|-damage|p1a: Koffing|66/100
|
|-weather|Snowscape|[upkeep]
|upkeep
|turn|5
|
|t:|1776114593
|-terastallize|p2a: Snover|Steel
|move|p2a: Snover|Leech Seed|p1a: Koffing
|-start|p1a: Koffing|move: Leech Seed
|move|p1a: Koffing|Flamethrower|p2a: Snover
|-supereffective|p2a: Snover
|-damage|p2a: Snover|38/100
|
|-weather|none
|-damage|p1a: Koffing|53/100|[from] Leech Seed|[of] p2a: Snover
|-heal|p2a: Snover|50/100|[silent]
|upkeep
|turn|6
|
|t:|1776114604
|switch|p2a: Arrokuda|Arrokuda, F|100/100
|move|p1a: Koffing|Pain Split|p2a: Arrokuda
|-sethp|p2a: Arrokuda|84/100|[from] move: Pain Split|[silent]
|-sethp|p1a: Koffing|66/100|[from] move: Pain Split
|
|-damage|p1a: Koffing|54/100|[from] Leech Seed|[of] p2a: Arrokuda
|-heal|p2a: Arrokuda|99/100|[silent]
|upkeep
|turn|7
|
|t:|1776114614
|move|p2a: Arrokuda|Waterfall|p1a: Koffing
|-damage|p1a: Koffing|22/100
|move|p1a: Koffing|Sludge Wave|p2a: Arrokuda
|-damage|p2a: Arrokuda|16/100
|
|-damage|p1a: Koffing|10/100|[from] Leech Seed|[of] p2a: Arrokuda
|-heal|p2a: Arrokuda|31/100|[silent]
|upkeep
|turn|8
|
|t:|1776114618
|move|p2a: Arrokuda|Waterfall|p1a: Koffing
|-damage|p1a: Koffing|0 fnt
|faint|p1a: Koffing
|
|upkeep
|
|t:|1776114625
|switch|p1a: Braviary|Braviary, M|100/100
|turn|9
|
|t:|1776114630
|switch|p2a: Snover|Snover, F, tera:Steel|50/100
|-weather|Snowscape|[from] ability: Snow Warning|[of] p2a: Snover
|move|p1a: Braviary|U-turn|p2a: Snover
|-resisted|p2a: Snover
|-damage|p2a: Snover|34/100
|
|t:|1776114634
|switch|p1a: Vullaby|Vullaby, F|88/100|[from] U-turn
|
|-weather|Snowscape|[upkeep]
|upkeep
|turn|10
|
|t:|1776114639
|-terastallize|p1a: Vullaby|Dark
|move|p2a: Snover|Leech Seed|p1a: Vullaby
|-start|p1a: Vullaby|move: Leech Seed
|move|p1a: Vullaby|Foul Play|p2a: Snover
|-damage|p2a: Snover|4/100
|
|-weather|Snowscape|[upkeep]
|-damage|p1a: Vullaby|75/100|[from] Leech Seed|[of] p2a: Snover
|-heal|p2a: Snover|19/100|[silent]
|upkeep
|turn|11
|
|t:|1776114651
|move|p2a: Snover|Blizzard|p1a: Vullaby
|-damage|p1a: Vullaby|49/100
|move|p1a: Vullaby|Foul Play|p2a: Snover
|-damage|p2a: Snover|0 fnt
|faint|p2a: Snover
|
|-weather|Snowscape|[upkeep]
|upkeep
|
|t:|1776114655
|switch|p2a: Arrokuda|Arrokuda, F|31/100
|turn|12
|
|t:|1776114666
|move|p2a: Arrokuda|Waterfall|p1a: Vullaby
|-damage|p1a: Vullaby|23/100
|move|p1a: Vullaby|Roost|p1a: Vullaby
|-heal|p1a: Vullaby|73/100
|
|-weather|Snowscape|[upkeep]
|-damage|p1a: Vullaby|60/100|[from] Leech Seed|[of] p2a: Arrokuda
|-heal|p2a: Arrokuda|51/100|[silent]
|upkeep
|turn|13
|
|t:|1776114676
|switch|p2a: Scraggy|Scraggy, M|100/100
|move|p1a: Vullaby|Foul Play|p2a: Scraggy
|-resisted|p2a: Scraggy
|-damage|p2a: Scraggy|79/100
|
|-weather|none
|-damage|p1a: Vullaby|48/100|[from] Leech Seed|[of] p2a: Scraggy
|-heal|p2a: Scraggy|97/100|[silent]
|upkeep
|turn|14
|
|t:|1776114684
|move|p2a: Scraggy|Poison Jab|p1a: Vullaby
|-damage|p1a: Vullaby|30/100
|-status|p1a: Vullaby|psn
|-damage|p2a: Scraggy|87/100|[from] item: Life Orb
|move|p1a: Vullaby|Toxic|p2a: Scraggy
|-status|p2a: Scraggy|tox
|
|-damage|p1a: Vullaby|17/100 psn|[from] Leech Seed|[of] p2a: Scraggy
|-heal|p2a: Scraggy|100/100 tox|[silent]
|-damage|p2a: Scraggy|94/100 tox|[from] psn
|-damage|p1a: Vullaby|5/100 psn|[from] psn
|upkeep
|turn|15
|
|t:|1776114693
|move|p2a: Scraggy|Poison Jab|p1a: Vullaby
|-damage|p1a: Vullaby|0 fnt
|faint|p1a: Vullaby
|-ability|p2a: Scraggy|Moxie|boost
|-boost|p2a: Scraggy|atk|1
|-damage|p2a: Scraggy|84/100 tox|[from] item: Life Orb
|
|-damage|p2a: Scraggy|72/100 tox|[from] psn
|upkeep
|
|t:|1776114697
|switch|p1a: Braviary|Braviary, M|100/100
|turn|16
|
|t:|1776114703
|switch|p2a: Arrokuda|Arrokuda, F|51/100
|move|p1a: Braviary|Dual Wingbeat|p2a: Arrokuda
|-damage|p2a: Arrokuda|0 fnt
|faint|p2a: Arrokuda
|-hitcount|p2: Arrokuda|1
|
|upkeep
|
|t:|1776114707
|switch|p2a: Garchomp|Garchomp, M|100/100
|turn|17
|
|t:|1776114719
|switch|p1a: Alcremie|Alcremie, F|82/100
|move|p2a: Garchomp|Earthquake|p1a: Alcremie
|-damage|p1a: Alcremie|31/100
|
|-heal|p1a: Alcremie|37/100|[from] item: Leftovers
|upkeep
|turn|18
|
|t:|1776114725
|move|p2a: Garchomp|Earthquake|p1a: Alcremie
|-damage|p1a: Alcremie|0 fnt
|faint|p1a: Alcremie
|
|upkeep
|
|t:|1776114726
|switch|p1a: Braviary|Braviary, M|100/100
|turn|19
|
|t:|1776114731
|move|p1a: Braviary|Body Slam|p2a: Garchomp
|-damage|p2a: Garchomp|41/100
|-damage|p1a: Braviary|88/100|[from] ability: Rough Skin|[of] p2a: Garchomp
|move|p2a: Garchomp|Swords Dance|p2a: Garchomp
|-boost|p2a: Garchomp|atk|2
|
|upkeep
|turn|20
|c|☆PokemonGT7|gg
|
|t:|1776114735
|move|p1a: Braviary|Body Slam|p2a: Garchomp
|-crit|p2a: Garchomp
|-damage|p2a: Garchomp|0 fnt
|-damage|p1a: Braviary|76/100|[from] ability: Rough Skin|[of] p2a: Garchomp
|faint|p2a: Garchomp
|
|upkeep
|
|t:|1776114736
|switch|p2a: Scraggy|Scraggy, M|72/100 tox
|turn|21
|c|☆m1les12345|scarf??
|
|t:|1776114742
|move|p1a: Braviary|Body Slam|p2a: Scraggy
|-damage|p2a: Scraggy|0 fnt
|faint|p2a: Scraggy
|
|win|PokemonGT7
|n|☆PokemonGT7|pokemongt7
|n|☆m1les12345|m1les12345
|n|*Lady Monita |ladymonita
