|html|<div class="broadcast-blue"><strong>[Gen 9] OU is currently suspecting Tera Blast! For information on how to participate check out the <a href="https://www.smogon.com/tools/suspects/view/200">suspect thread</a>.</strong></div>
|j|☆bigboikana
|j|☆fat chud seal
|t:|1776090935
|gametype|singles
|player|p1|bigboikana|265|1142
|player|p2|fat chud seal|266|1130
|gen|9
|tier|[Gen 9] OU
|rated|
|rule|HP Percentage Mod: HP is shown in percentages
|rule|Endless Battle Clause: Forcing endless battles is banned
|rule|Species Clause: Limit one of each Pokémon
|rule|OHKO Clause: OHKO moves are banned
|rule|Evasion Items Clause: Evasion items are banned
|rule|Evasion Moves Clause: Evasion moves are banned
|rule|Evasion Abilities Clause: Evasion abilities are banned
|rule|Sleep Moves Clause: Sleep-inducing moves are banned
|clearpoke
|poke|p1|Dragapult, F|
|poke|p1|Slowking-Galar, F|
|poke|p1|Polteageist|
|poke|p1|Ogerpon, F|
|poke|p1|Zapdos|
|poke|p1|Landorus-Therian, M|
|poke|p2|Reuniclus, F|
|poke|p2|Corviknight, M|
|poke|p2|Ceruledge, F|
|poke|p2|Zarude|
|poke|p2|Iron Valiant|
|poke|p2|Barraskewda, M|
|teampreview
|
|t:|1776090965
|teamsize|p1|6
|teamsize|p2|6
|start
|switch|p1a: Dragapult|Dragapult, F|100/100
|switch|p2a: Thingamebob|Reuniclus, F|100/100
|turn|1
|inactive|Battle timer is ON: inactive players will automatically lose when time's up. (requested by bigboikana)
|
|t:|1776090983
|-terastallize|p2a: Thingamebob|Dark
|move|p1a: Dragapult|Shadow Ball|p2a: Thingamebob
|-resisted|p2a: Thingamebob
|-damage|p2a: Thingamebob|81/100
|move|p2a: Thingamebob|Thunder Wave|p1a: Dragapult
|-status|p1a: Dragapult|par
|
|upkeep
|turn|2
|
|t:|1776090998
|switch|p1a: Landorus|Landorus-Therian, M|100/100
|-ability|p1a: Landorus|Intimidate|boost
|-unboost|p2a: Thingamebob|atk|1
|switch|p2a: whatchamacallit|Zarude|100/100
|
|upkeep
|turn|3
|
|t:|1776091008
|move|p1a: Landorus|U-turn|p2a: whatchamacallit
|-supereffective|p2a: whatchamacallit
|-damage|p2a: whatchamacallit|23/100
|-damage|p1a: Landorus|84/100|[from] item: Rocky Helmet|[of] p2a: whatchamacallit
|
|t:|1776091017
|switch|p1a: Zapdos|Zapdos|100/100|[from] U-turn
|move|p2a: whatchamacallit|Knock Off|p1a: Zapdos
|-damage|p1a: Zapdos|47/100
|-enditem|p1a: Zapdos|Leftovers|[from] move: Knock Off|[of] p2a: whatchamacallit
|
|upkeep
|turn|4
|
|t:|1776091023
|move|p2a: whatchamacallit|Synthesis|p2a: whatchamacallit
|-heal|p2a: whatchamacallit|73/100
|move|p1a: Zapdos|Roost|p1a: Zapdos
|-heal|p1a: Zapdos|97/100
|-singleturn|p1a: Zapdos|move: Roost
|
|upkeep
|turn|5
|
|t:|1776091036
|switch|p2a: Thingamebob|Reuniclus, F, tera:Dark|81/100
|move|p1a: Zapdos|Heat Wave|p2a: Thingamebob
|-damage|p2a: Thingamebob|55/100
|
|upkeep
|turn|6
|
|t:|1776091045
|move|p1a: Zapdos|Thunder Wave|p2a: Thingamebob
|-status|p2a: Thingamebob|par
|move|p2a: Thingamebob|Recover|p2a: Thingamebob
|-heal|p2a: Thingamebob|100/100 par
|
|upkeep
|turn|7
|
|t:|1776091052
|move|p1a: Zapdos|Volt Switch|p2a: Thingamebob
|-damage|p2a: Thingamebob|75/100 par
|
|t:|1776091056
|switch|p1a: Polteageist|Polteageist|100/100|[from] Volt Switch
|move|p2a: Thingamebob|Trick|p1a: Polteageist
|-activate|p2a: Thingamebob|move: Trick|[of] p1a: Polteageist
|-item|p1a: Polteageist|Sticky Barb|[from] move: Trick
|-item|p2a: Thingamebob|Focus Sash|[from] move: Trick
|
|-damage|p1a: Polteageist|88/100|[from] item: Sticky Barb
|upkeep
|turn|8
|
|t:|1776091071
|move|p1a: Polteageist|Shell Smash|p1a: Polteageist
|-unboost|p1a: Polteageist|def|1
|-unboost|p1a: Polteageist|spd|1
|-boost|p1a: Polteageist|atk|2
|-boost|p1a: Polteageist|spa|2
|-boost|p1a: Polteageist|spe|2
|move|p2a: Thingamebob|Psychic Noise|p1a: Polteageist
|-damage|p1a: Polteageist|32/100
|-start|p1a: Polteageist|move: Heal Block
|
|-damage|p1a: Polteageist|20/100|[from] item: Sticky Barb
|upkeep
|turn|9
|
|t:|1776091083
|-terastallize|p1a: Polteageist|Fighting
|move|p1a: Polteageist|Tera Blast|p2a: Thingamebob|[anim] Tera Blast Fighting
|-supereffective|p2a: Thingamebob
|-damage|p2a: Thingamebob|0 fnt
|faint|p2a: Thingamebob
|
|-end|p1a: Polteageist|move: Heal Block
|-damage|p1a: Polteageist|7/100|[from] item: Sticky Barb
|upkeep
|
|t:|1776091092
|switch|p2a: thingamejig|Ceruledge, F|100/100
|turn|10
|
|t:|1776091096
|switch|p2a: Doodad|Corviknight, M|100/100
|move|p1a: Polteageist|Dark Pulse|p2a: Doodad
|-damage|p2a: Doodad|40/100
|
|-heal|p2a: Doodad|47/100|[from] item: Leftovers
|-damage|p1a: Polteageist|0 fnt|[from] item: Sticky Barb
|faint|p1a: Polteageist
|upkeep
|
|t:|1776091106
|switch|p1a: Dragapult|Dragapult, F|100/100 par
|turn|11
|
|t:|1776091118
|move|p1a: Dragapult|Thunderbolt|p2a: Doodad
|-supereffective|p2a: Doodad
|-damage|p2a: Doodad|0 fnt
|faint|p2a: Doodad
|
|upkeep
|
|t:|1776091124
|switch|p2a: Doohickey|Barraskewda, M|100/100
|turn|12
|
|t:|1776091132
|switch|p1a: Zapdos|Zapdos|97/100
|move|p2a: Doohickey|Crunch|p1a: Zapdos
|-damage|p1a: Zapdos|53/100
|
|upkeep
|turn|13
|
|t:|1776091138
|switch|p2a: whatchamacallit|Zarude|73/100
|move|p1a: Zapdos|Thunder Wave|p2a: whatchamacallit
|-status|p2a: whatchamacallit|par
|
|upkeep
|turn|14
|
|t:|1776091144
|move|p1a: Zapdos|Roost|p1a: Zapdos
|-heal|p1a: Zapdos|100/100
|-singleturn|p1a: Zapdos|move: Roost
|move|p2a: whatchamacallit|Synthesis|p2a: whatchamacallit
|-heal|p2a: whatchamacallit|100/100 par
|
|upkeep
|turn|15
|inactive|fat chud seal has 120 seconds left.
|
|t:|1776091188
|switch|p2a: thingamejig|Ceruledge, F|100/100
|move|p1a: Zapdos|Heat Wave|p2a: thingamejig
|-start|p2a: thingamejig|ability: Flash Fire
|
|upkeep
|turn|16
|
|t:|1776091194
|move|p1a: Zapdos|Thunder Wave|p2a: thingamejig
|-status|p2a: thingamejig|par
|cant|p2a: thingamejig|par
|
|upkeep
|turn|17
|
|t:|1776091198
|move|p1a: Zapdos|Volt Switch|p2a: thingamejig
|-damage|p2a: thingamejig|75/100 par
|
|t:|1776091201
|switch|p1a: Slowking|Slowking-Galar, F|100/100|[from] Volt Switch
|move|p2a: thingamejig|Bitter Blade|p1a: Slowking
|-damage|p1a: Slowking|23/100
|-heal|p2a: thingamejig|100/100 par|[from] drain|[of] p1a: Slowking
|
|-heal|p1a: Slowking|29/100|[from] item: Leftovers
|upkeep
|turn|18
|
|t:|1776091209
|move|p1a: Slowking|Protect|p1a: Slowking
|-singleturn|p1a: Slowking|Protect
|cant|p2a: thingamejig|par
|
|-heal|p1a: Slowking|35/100|[from] item: Leftovers
|upkeep
|turn|19
|
|t:|1776091225
|move|p1a: Slowking|Future Sight|p2a: thingamejig
|-start|p1a: Slowking|move: Future Sight
|cant|p2a: thingamejig|par
|
|-heal|p1a: Slowking|41/100|[from] item: Leftovers
|upkeep
|turn|20
|
|t:|1776091233
|move|p1a: Slowking|Protect|p1a: Slowking
|-singleturn|p1a: Slowking|Protect
|move|p2a: thingamejig|Bitter Blade|p1a: Slowking
|-activate|p1a: Slowking|move: Protect
|
|-heal|p1a: Slowking|47/100|[from] item: Leftovers
|upkeep
|turn|21
|
|t:|1776091243
|-prepare|p1a: Slowking|Chilly Reception|[premajor]
|move|p1a: Slowking|Chilly Reception|p1a: Slowking
|-weather|Snowscape
|
|t:|1776091247
|switch|p1a: Zapdos|Zapdos|100/100|[from] Chilly Reception
|move|p2a: thingamejig|Bitter Blade|p1a: Zapdos
|-damage|p1a: Zapdos|24/100
|
|-weather|Snowscape|[upkeep]
|-end|p2a: thingamejig|move: Future Sight
|-damage|p2a: thingamejig|73/100 par
|upkeep
|turn|22
|
|t:|1776091257
|move|p1a: Zapdos|Volt Switch|p2a: thingamejig
|-damage|p2a: thingamejig|47/100 par
|
|t:|1776091260
|switch|p1a: Slowking|Slowking-Galar, F|80/100|[from] Volt Switch
|move|p2a: thingamejig|Bitter Blade|p1a: Slowking
|-damage|p1a: Slowking|0 fnt
|-heal|p2a: thingamejig|91/100 par|[from] drain|[of] p1a: Slowking
|faint|p1a: Slowking
|
|-weather|Snowscape|[upkeep]
|upkeep
|
|t:|1776091270
|switch|p1a: Landorus|Landorus-Therian, M|84/100
|-ability|p1a: Landorus|Intimidate|boost
|-unboost|p2a: thingamejig|atk|1
|turn|23
|
|t:|1776091277
|move|p1a: Landorus|Earthquake|p2a: thingamejig
|-supereffective|p2a: thingamejig
|-damage|p2a: thingamejig|0 fnt
|faint|p2a: thingamejig
|
|-weather|Snowscape|[upkeep]
|-heal|p1a: Landorus|90/100|[from] item: Leftovers
|upkeep
|
|t:|1776091283
|switch|p2a: Doohickey|Barraskewda, M|100/100
|turn|24
|
|t:|1776091310
|switch|p1a: Zapdos|Zapdos|24/100
|move|p2a: Doohickey|Liquidation|p1a: Zapdos
|-crit|p1a: Zapdos
|-damage|p1a: Zapdos|0 fnt
|faint|p1a: Zapdos
|
|-weather|Snowscape|[upkeep]
|upkeep
|
|t:|1776091314
|switch|p1a: Ogerpon|Ogerpon, F|100/100
|turn|25
|c|☆bigboikana|!weak zarude
|c| bigboikana|/raw <div class="infobox">Zarude (ignoring abilities):<br /><span class="message-effect-weak">Weaknesses</span>: <b>Bug</b>, Fairy, Fighting, Fire, Flying, Ice, Poison<br /><span class="message-effect-resist">Resistances</span>: Dark, Electric, Ghost, Grass, Ground, Water<br /><span class="message-effect-immune">Immunities</span>: Psychic, Powder moves, Prankster</div>
|inactive|bigboikana has 120 seconds left.
|c|☆bigboikana|!weak iron valiant
|c| bigboikana|/raw <div class="infobox">Iron Valiant (ignoring abilities):<br /><span class="message-effect-weak">Weaknesses</span>: Fairy, Flying, Poison, Psychic, Steel<br /><span class="message-effect-resist">Resistances</span>: <b>Bug</b>, <b>Dark</b>, Fighting, Rock<br /><span class="message-effect-immune">Immunities</span>: Dragon</div>
|
|t:|1776091347
|move|p2a: Doohickey|Liquidation|p1a: Ogerpon
|-resisted|p1a: Ogerpon
|-damage|p1a: Ogerpon|57/100
|move|p1a: Ogerpon|U-turn|p2a: Doohickey
|-damage|p2a: Doohickey|38/100
|
|t:|1776091359
|switch|p1a: Dragapult|Dragapult, F|100/100 par|[from] U-turn
|
|-weather|none
|upkeep
|turn|26
|
|t:|1776091365
|move|p2a: Doohickey|Liquidation|p1a: Dragapult
|-resisted|p1a: Dragapult
|-damage|p1a: Dragapult|55/100 par
|move|p1a: Dragapult|Thunderbolt|p2a: Doohickey
|-supereffective|p2a: Doohickey
|-damage|p2a: Doohickey|0 fnt
|faint|p2a: Doohickey
|
|upkeep
|
|t:|1776091372
|switch|p2a: Gizmo|Iron Valiant|100/100
|-enditem|p2a: Gizmo|Booster Energy
|-activate|p2a: Gizmo|ability: Quark Drive|[fromitem]
|-start|p2a: Gizmo|quarkdrivespe
|turn|27
|
|t:|1776091378
|move|p2a: Gizmo|Moonblast|p1a: Dragapult
|-supereffective|p1a: Dragapult
|-damage|p1a: Dragapult|0 fnt
|faint|p1a: Dragapult
|
|upkeep
|
|t:|1776091382
|switch|p1a: Landorus|Landorus-Therian, M|90/100
|-ability|p1a: Landorus|Intimidate|boost
|-unboost|p2a: Gizmo|atk|1
|turn|28
|
|t:|1776091387
|-end|p2a: Gizmo|Quark Drive|[silent]
|switch|p2a: whatchamacallit|Zarude|100/100 par
|move|p1a: Landorus|Earthquake|p2a: whatchamacallit
|-resisted|p2a: whatchamacallit
|-damage|p2a: whatchamacallit|78/100 par
|
|-heal|p1a: Landorus|96/100|[from] item: Leftovers
|upkeep
|turn|29
|
|t:|1776091395
|switch|p2a: Gizmo|Iron Valiant|100/100
|move|p1a: Landorus|U-turn|p2a: Gizmo
|-resisted|p2a: Gizmo
|-damage|p2a: Gizmo|93/100
|c|☆fat chud seal|u turn
|c|☆fat chud seal|yeah
|
|t:|1776091401
|switch|p1a: Ogerpon|Ogerpon, F|57/100|[from] U-turn
|
|upkeep
|turn|30
|
|t:|1776091408
|move|p2a: Gizmo|Calm Mind|p2a: Gizmo
|-boost|p2a: Gizmo|spa|1
|-boost|p2a: Gizmo|spd|1
|move|p1a: Ogerpon|Zen Headbutt|p2a: Gizmo
|-supereffective|p2a: Gizmo
|-damage|p2a: Gizmo|0 fnt
|faint|p2a: Gizmo
|-end|p2a: Gizmo|Quark Drive|[silent]
|
|upkeep
|c|☆bigboikana|w predict
|c|☆bigboikana|why u didnt rpedict that one
|c|☆fat chud seal|fucking zenn headbutt???
|c|☆bigboikana|YESSIRR
|c|☆bigboikana|chud
|inactive|fat chud seal has 120 seconds left.
|c|☆fat chud seal|im mad i hit a nice ass predict and i lose to a fucking zen headbutt ogerpon set
|c|☆fat chud seal|fair hustle ggs lol
|
|t:|1776091454
|switch|p2a: whatchamacallit|Zarude|78/100 par
|turn|31
|c|☆bigboikana|ggs
|
|t:|1776091458
|switch|p1a: Landorus|Landorus-Therian, M|96/100
|-ability|p1a: Landorus|Intimidate|boost
|-unboost|p2a: whatchamacallit|atk|1
|move|p2a: whatchamacallit|Knock Off|p1a: Landorus
|-damage|p1a: Landorus|58/100
|-enditem|p1a: Landorus|Leftovers|[from] move: Knock Off|[of] p2a: whatchamacallit
|
|upkeep
|turn|32
|inactive|fat chud seal has 120 seconds left.
|c|☆bigboikana|predict u turn
|
|t:|1776091469
|move|p1a: Landorus|U-turn|p2a: whatchamacallit
|-supereffective|p2a: whatchamacallit
|-damage|p2a: whatchamacallit|0 fnt
|-damage|p1a: Landorus|41/100|[from] item: Rocky Helmet|[of] p2a: whatchamacallit
|faint|p2a: whatchamacallit
|
|win|bigboikana
