|html|<div class="broadcast-blue"><strong>[Gen 9] OU is currently suspecting Tera Blast! For information on how to participate check out the <a href="https://www.smogon.com/tools/suspects/view/200">suspect thread</a>.</strong></div>
|j|☆justaduck1
|j|☆caronadoted
|t:|1776032181
|gametype|singles
|player|p1|justaduck1|265|1344
|player|p2|caronadoted|winona|1362
|gen|9
|tier|[Gen 9] OU
|rated|
|rule|HP Percentage Mod: HP is shown in percentages
|rule|Endless Battle Clause: Forcing endless battles is banned
|rule|Species Clause: Limit one of each Pokémon
|rule|OHKO Clause: OHKO moves are banned
|rule|Evasion Items Clause: Evasion items are banned
|rule|Evasion Moves Clause: Evasion moves are banned
|rule|Evasion Abilities Clause: Evasion abilities are banned
|rule|Sleep Moves Clause: Sleep-inducing moves are banned
|clearpoke
|poke|p1|Dragapult, F|
|poke|p1|Alomomola, F|
|poke|p1|Ting-Lu|
|poke|p1|Kyurem|
|poke|p1|Weezing-Galar, F|
|poke|p1|Corviknight, F|
|poke|p2|Deoxys-Speed|
|poke|p2|Dragonite, F|
|poke|p2|Ceruledge, F|
|poke|p2|Great Tusk|
|poke|p2|Kingambit, F|
|poke|p2|Iron Valiant|
|teampreview
|inactive|Battle timer is ON: inactive players will automatically lose when time's up. (requested by caronadoted)
|inactive|justaduck1 has 120 seconds left.
|
|t:|1776032217
|teamsize|p1|6
|teamsize|p2|6
|start
|switch|p1a: Corviknight|Corviknight, F|100/100
|switch|p2a: Deoxys|Deoxys-Speed|100/100
|-ability|p2a: Deoxys|Pressure
|-ability|p1a: Corviknight|Pressure
|turn|1
|inactive|caronadoted has 120 seconds left.
|inactive|caronadoted has 90 seconds left.
|
|t:|1776032305
|move|p2a: Deoxys|Stealth Rock|p1a: Corviknight
|-sidestart|p1: justaduck1|move: Stealth Rock
|move|p1a: Corviknight|Brave Bird|p2a: Deoxys
|-damage|p2a: Deoxys|13/100
|-damage|p1a: Corviknight|85/100|[from] Recoil
|
|-heal|p1a: Corviknight|91/100|[from] item: Leftovers
|upkeep
|turn|2
|
|t:|1776032316
|move|p2a: Deoxys|Taunt|p1a: Corviknight
|-start|p1a: Corviknight|move: Taunt
|cant|p1a: Corviknight|move: Taunt|Defog
|
|-heal|p1a: Corviknight|98/100|[from] item: Leftovers
|upkeep
|turn|3
|
|t:|1776032322
|move|p2a: Deoxys|Psycho Boost|p1a: Corviknight
|-resisted|p1a: Corviknight
|-damage|p1a: Corviknight|83/100
|-unboost|p2a: Deoxys|spa|2
|move|p1a: Corviknight|U-turn|p2a: Deoxys
|-supereffective|p2a: Deoxys
|-damage|p2a: Deoxys|0 fnt
|faint|p2a: Deoxys
|
|t:|1776032330
|switch|p1a: Weezing|Weezing-Galar, F|100/100|[from] U-turn
|-ability|p1a: Weezing|Neutralizing Gas
|-damage|p1a: Weezing|88/100|[from] Stealth Rock
|
|-heal|p1a: Weezing|94/100|[from] item: Leftovers
|upkeep
|inactive|caronadoted has 60 seconds left.
|
|t:|1776032365
|switch|p2a: Kingambit|Kingambit, F|100/100
|turn|4
|
|t:|1776032371
|move|p1a: Weezing|Will-O-Wisp|p2a: Kingambit
|-status|p2a: Kingambit|brn
|-enditem|p2a: Kingambit|Lum Berry|[eat]
|-curestatus|p2a: Kingambit|brn|[msg]
|move|p2a: Kingambit|Swords Dance|p2a: Kingambit
|-boost|p2a: Kingambit|atk|2
|
|-heal|p1a: Weezing|99/100|[from] item: Leftovers
|upkeep
|turn|5
|
|t:|1776032380
|move|p1a: Weezing|Will-O-Wisp|p2a: Kingambit|[miss]
|-miss|p1a: Weezing|p2a: Kingambit
|move|p2a: Kingambit|Iron Head|p1a: Weezing
|-supereffective|p1a: Weezing
|-damage|p1a: Weezing|0 fnt
|faint|p1a: Weezing
|-end|p1a: Weezing|ability: Neutralizing Gas
|-activate|p2a: Kingambit|ability: Supreme Overlord
|-start|p2a: Kingambit|fallen1|[silent]
|
|upkeep
|
|t:|1776032394
|switch|p1a: Tiffany BlueStones|Kyurem, shiny|100/100
|-damage|p1a: Tiffany BlueStones|76/100|[from] Stealth Rock
|-ability|p1a: Tiffany BlueStones|Pressure
|turn|6
|
|t:|1776032399
|move|p2a: Kingambit|Sucker Punch|p1a: Tiffany BlueStones
|-damage|p1a: Tiffany BlueStones|0 fnt
|faint|p1a: Tiffany BlueStones
|
|upkeep
|-message|justaduck1 forfeited.
|
|win|caronadoted
|raw|justaduck1's rating: 1344 &rarr; <strong>1325</strong><br />(-19 for losing)
|raw|caronadoted's rating: 1362 &rarr; <strong>1381</strong><br />(+19 for winning)
