|html|<div class="broadcast-blue"><strong>[Gen 9] OU is currently suspecting Tera Blast! For information on how to participate check out the <a href="https://www.smogon.com/tools/suspects/view/200">suspect thread</a>.</strong></div>
|j|☆typhoon9
|j|☆thebacchusbraviary
|t:|1776113112
|gametype|singles
|player|p1|typhoon9|169|1377
|player|p2|thebacchusbraviary|winona|1378
|gen|9
|tier|[Gen 9] OU
|rated|
|rule|HP Percentage Mod: HP is shown in percentages
|rule|Endless Battle Clause: Forcing endless battles is banned
|rule|Species Clause: Limit one of each Pokémon
|rule|OHKO Clause: OHKO moves are banned
|rule|Evasion Items Clause: Evasion items are banned
|rule|Evasion Moves Clause: Evasion moves are banned
|rule|Evasion Abilities Clause: Evasion abilities are banned
|rule|Sleep Moves Clause: Sleep-inducing moves are banned
|clearpoke
|poke|p1|Hatterene, F|
|poke|p1|Ursaluna, M|
|poke|p1|Porygon2|
|poke|p1|Cresselia, F|
|poke|p1|Iron Hands|
|poke|p1|Volcanion|
|poke|p2|Talonflame, F|
|poke|p2|Latios, M|
|poke|p2|Magnezone|
|poke|p2|Regice|
|poke|p2|Tauros-Paldea-Aqua, M|
|poke|p2|Tyranitar, M|
|teampreview
|inactive|Battle timer is ON: inactive players will automatically lose when time's up. (requested by thebacchusbraviary)
|
|t:|1776113133
|teamsize|p1|6
|teamsize|p2|6
|start
|switch|p1a: Brand|Hatterene, F, shiny|100/100
|switch|p2a: Magnezone|Magnezone|100/100
|turn|1
|
|t:|1776113136
|move|p2a: Magnezone|Flash Cannon|p1a: Brand
|-supereffective|p1a: Brand
|-enditem|p1a: Brand|Focus Sash
|-damage|p1a: Brand|1/100
|move|p1a: Brand|Trick Room|p1a: Brand
|-fieldstart|move: Trick Room|[of] p1a: Brand
|
|upkeep
|turn|2
|
|t:|1776113139
|move|p1a: Brand|Healing Wish|p1a: Brand
|faint|p1a: Brand
|move|p2a: Magnezone|Flash Cannon|p1: Brand|[notarget]
|-fail|p2a: Magnezone
|
|upkeep
|
|t:|1776113142
|switch|p1a: Mann|Ursaluna, M|100/100
|turn|3
|
|t:|1776113148
|switch|p2a: Tauros|Tauros-Paldea-Aqua, M|100/100
|-ability|p2a: Tauros|Intimidate|boost
|-unboost|p1a: Mann|atk|1
|move|p1a: Mann|Swords Dance|p1a: Mann
|-boost|p1a: Mann|atk|2
|
|-status|p1a: Mann|brn|[from] item: Flame Orb
|upkeep
|turn|4
|
|t:|1776113154
|-terastallize|p1a: Mann|Normal
|-terastallize|p2a: Tauros|Water
|move|p2a: Tauros|Aqua Jet|p1a: Mann
|-damage|p1a: Mann|75/100 brn
|move|p1a: Mann|Facade|p2a: Tauros
|-damage|p2a: Tauros|0 fnt
|faint|p2a: Tauros
|
|-damage|p1a: Mann|69/100 brn|[from] brn
|upkeep
|
|t:|1776113168
|switch|p2a: Magnezone|Magnezone|100/100
|turn|5
|
|t:|1776113171
|move|p1a: Mann|Facade|p2a: Magnezone
|-resisted|p2a: Magnezone
|-ability|p2a: Magnezone|Sturdy
|-damage|p2a: Magnezone|1/100
|move|p2a: Magnezone|Thunderbolt|p1a: Mann
|-damage|p1a: Mann|0 fnt
|faint|p1a: Mann
|
|-fieldend|move: Trick Room
|upkeep
|
|t:|1776113183
|switch|p1a: TARS|Porygon2|100/100
|-ability|p1a: TARS|Download|boost
|-boost|p1a: TARS|spa|1
|turn|6
|
|t:|1776113188
|move|p2a: Magnezone|Thunderbolt|p1a: TARS
|-damage|p1a: TARS|47/100
|move|p1a: TARS|Trick Room|p1a: TARS
|-fieldstart|move: Trick Room|[of] p1a: TARS
|
|upkeep
|turn|7
|
|t:|1776113196
|move|p1a: TARS|Tera Blast|p2a: Magnezone
|-resisted|p2a: Magnezone
|-damage|p2a: Magnezone|0 fnt
|faint|p2a: Magnezone
|
|upkeep
|
|t:|1776113202
|switch|p2a: Regice|Regice|100/100
|turn|8
|
|t:|1776113209
|switch|p1a: CASE|Iron Hands|100/100
|-enditem|p1a: CASE|Booster Energy
|-activate|p1a: CASE|ability: Quark Drive|[fromitem]
|-start|p1a: CASE|quarkdriveatk
|move|p2a: Regice|Ice Beam|p1a: CASE
|-damage|p1a: CASE|59/100
|
|upkeep
|turn|9
|
|t:|1776113218
|switch|p2a: Talonflame|Talonflame, F|100/100
|move|p1a: CASE|Drain Punch|p2a: Talonflame
|-resisted|p2a: Talonflame
|-damage|p2a: Talonflame|54/100
|-heal|p1a: CASE|72/100|[from] drain|[of] p2a: Talonflame
|
|upkeep
|turn|10
|
|t:|1776113221
|move|p1a: CASE|Wild Charge|p2a: Talonflame
|-supereffective|p2a: Talonflame
|-damage|p2a: Talonflame|0 fnt
|-status|p1a: CASE|brn|[from] ability: Flame Body|[of] p2a: Talonflame
|faint|p2a: Talonflame
|-damage|p1a: CASE|64/100 brn|[from] Recoil
|
|-damage|p1a: CASE|58/100 brn|[from] brn
|-fieldend|move: Trick Room
|upkeep
|
|t:|1776113224
|switch|p2a: Latios|Latios, M|100/100
|turn|11
|
|t:|1776113231
|-end|p1a: CASE|Quark Drive|[silent]
|switch|p1a: TARS|Porygon2|47/100
|-heal|p1a: TARS|100/100|[from] move: Healing Wish
|-ability|p1a: TARS|Download|boost
|-boost|p1a: TARS|atk|1
|move|p2a: Latios|Luster Purge|p1a: TARS
|-damage|p1a: TARS|62/100
|
|upkeep
|turn|12
|
|t:|1776113236
|move|p2a: Latios|Draco Meteor|p1a: TARS
|-damage|p1a: TARS|15/100
|-unboost|p2a: Latios|spa|2
|move|p1a: TARS|Trick Room|p1a: TARS
|-fieldstart|move: Trick Room|[of] p1a: TARS
|
|upkeep
|turn|13
|
|t:|1776113253
|move|p1a: TARS|Ice Beam|p2a: Latios
|-supereffective|p2a: Latios
|-damage|p2a: Latios|38/100
|move|p2a: Latios|Draco Meteor|p1a: TARS
|-damage|p1a: TARS|0 fnt
|-unboost|p2a: Latios|spa|2
|faint|p1a: TARS
|
|upkeep
|
|t:|1776113259
|switch|p1a: CASE|Iron Hands|58/100 brn
|turn|14
|
|t:|1776113264
|switch|p2a: Tyranitar|Tyranitar, M|100/100
|-weather|Sandstorm|[from] ability: Sand Stream|[of] p2a: Tyranitar
|move|p1a: CASE|Swords Dance|p1a: CASE
|-boost|p1a: CASE|atk|2
|
|-weather|Sandstorm|[upkeep]
|-damage|p1a: CASE|52/100 brn|[from] Sandstorm
|-damage|p1a: CASE|46/100 brn|[from] brn
|upkeep
|turn|15
|
|t:|1776113266
|move|p1a: CASE|Drain Punch|p2a: Tyranitar
|-supereffective|p2a: Tyranitar
|-damage|p2a: Tyranitar|0 fnt
|-heal|p1a: CASE|86/100 brn|[from] drain|[of] p2a: Tyranitar
|faint|p2a: Tyranitar
|
|-weather|Sandstorm|[upkeep]
|-damage|p1a: CASE|80/100 brn|[from] Sandstorm
|-damage|p1a: CASE|74/100 brn|[from] brn
|upkeep
|
|t:|1776113269
|switch|p2a: Latios|Latios, M|38/100
|turn|16
|
|t:|1776113275
|move|p1a: CASE|Ice Punch|p2a: Latios
|-supereffective|p2a: Latios
|-damage|p2a: Latios|0 fnt
|faint|p2a: Latios
|
|-weather|Sandstorm|[upkeep]
|-damage|p1a: CASE|68/100 brn|[from] Sandstorm
|-damage|p1a: CASE|62/100 brn|[from] brn
|-fieldend|move: Trick Room
|upkeep
|
|t:|1776113276
|switch|p2a: Regice|Regice|100/100
|turn|17
|
|t:|1776113278
|move|p2a: Regice|Ice Beam|p1a: CASE
|-damage|p1a: CASE|23/100 brn
|move|p1a: CASE|Drain Punch|p2a: Regice
|-supereffective|p2a: Regice
|-damage|p2a: Regice|15/100
|-heal|p1a: CASE|53/100 brn|[from] drain|[of] p2a: Regice
|
|-weather|Sandstorm|[upkeep]
|-damage|p2a: Regice|9/100|[from] Sandstorm
|-damage|p1a: CASE|47/100 brn|[from] Sandstorm
|-heal|p2a: Regice|15/100|[from] item: Leftovers
|-damage|p1a: CASE|41/100 brn|[from] brn
|upkeep
|turn|18
|
|t:|1776113281
|move|p2a: Regice|Ice Beam|p1a: CASE
|-damage|p1a: CASE|5/100 brn
|move|p1a: CASE|Drain Punch|p2a: Regice
|-supereffective|p2a: Regice
|-damage|p2a: Regice|0 fnt
|-heal|p1a: CASE|10/100 brn|[from] drain|[of] p2a: Regice
|faint|p2a: Regice
|
|win|typhoon9
|raw|typhoon9's rating: 1377 &rarr; <strong>1397</strong><br />(+20 for winning)
|raw|thebacchusbraviary's rating: 1378 &rarr; <strong>1358</strong><br />(-20 for losing)
|l|☆thebacchusbraviary
|player|p2|
|c|☆typhoon9|gg
|l|☆typhoon9
|player|p1|
