|html|<div class="broadcast-blue"><strong>[Gen 9] OU is currently suspecting Tera Blast! For information on how to participate check out the <a href="https://www.smogon.com/tools/suspects/view/200">suspect thread</a>.</strong></div>
|j|☆moogathekid
|j|☆josepm4444
|t:|1776062113
|gametype|singles
|player|p1|moogathekid|steven|1165
|player|p2|josepm4444|crasherwake|1173
|gen|9
|tier|[Gen 9] OU
|rated|
|rule|HP Percentage Mod: HP is shown in percentages
|rule|Endless Battle Clause: Forcing endless battles is banned
|rule|Species Clause: Limit one of each Pokémon
|rule|OHKO Clause: OHKO moves are banned
|rule|Evasion Items Clause: Evasion items are banned
|rule|Evasion Moves Clause: Evasion moves are banned
|rule|Evasion Abilities Clause: Evasion abilities are banned
|rule|Sleep Moves Clause: Sleep-inducing moves are banned
|clearpoke
|poke|p1|Gardevoir, F|
|poke|p1|Whimsicott, M|
|poke|p1|Milotic, F|
|poke|p1|Mew|
|poke|p1|Incineroar, M|
|poke|p1|Zoroark-Hisui, F|
|poke|p2|Gholdengo|
|poke|p2|Walking Wake|
|poke|p2|Ninetales, F|
|poke|p2|Rotom-Wash|
|poke|p2|Landorus-Therian, M|
|poke|p2|Incineroar, M|
|teampreview
|inactive|Battle timer is ON: inactive players will automatically lose when time's up. (requested by josepm4444)
|j| ohko_smeargle
|
|t:|1776062137
|teamsize|p1|6
|teamsize|p2|6
|start
|switch|p1a: Milotic|Milotic, F|100/100
|switch|p2a: Landorus|Landorus-Therian, M|100/100
|-ability|p2a: Landorus|Intimidate|boost
|-unboost|p1a: Milotic|atk|1
|turn|1
|
|t:|1776062149
|move|p1a: Milotic|Nasty Plot|p1a: Milotic
|-boost|p1a: Milotic|spa|2
|move|p2a: Landorus|U-turn|p1a: Milotic
|-resisted|p1a: Milotic
|-damage|p1a: Milotic|76/100
|replace|p1a: Zoroark|Zoroark-Hisui, F
|-end|p1a: Zoroark|Illusion
|
|t:|1776062163
|switch|p2a: Gholdengo|Gholdengo|100/100|[from] U-turn
|
|upkeep
|turn|2
|
|t:|1776062172
|move|p2a: Gholdengo|Shadow Ball|p1a: Zoroark
|-immune|p1a: Zoroark
|move|p1a: Zoroark|Hex|p2a: Gholdengo
|-supereffective|p2a: Gholdengo
|-damage|p2a: Gholdengo|0 fnt
|faint|p2a: Gholdengo
|
|upkeep
|
|t:|1776062177
|switch|p2a: Incineroar|Incineroar, M|100/100
|-ability|p2a: Incineroar|Intimidate|boost
|-unboost|p1a: Zoroark|atk|1
|turn|3
|
|t:|1776062191
|-terastallize|p1a: Zoroark|Fighting
|move|p1a: Zoroark|Tera Blast|p2a: Incineroar|[anim] Tera Blast Fighting
|-supereffective|p2a: Incineroar
|-damage|p2a: Incineroar|0 fnt
|faint|p2a: Incineroar
|
|upkeep
|
|t:|1776062198
|switch|p2a: Ninetales|Ninetales, F|100/100
|-weather|SunnyDay|[from] ability: Drought|[of] p2a: Ninetales
|turn|4
|
|t:|1776062207
|move|p1a: Zoroark|Hyper Voice|p2a: Ninetales
|-damage|p2a: Ninetales|11/100
|move|p2a: Ninetales|Flamethrower|p1a: Zoroark
|-damage|p1a: Zoroark|2/100
|
|-weather|SunnyDay|[upkeep]
|upkeep
|turn|5
|
|t:|1776062214
|move|p1a: Zoroark|Hyper Voice|p2a: Ninetales
|-damage|p2a: Ninetales|0 fnt
|faint|p2a: Ninetales
|
|-weather|SunnyDay|[upkeep]
|upkeep
|
|t:|1776062217
|switch|p2a: Walking Wake|Walking Wake|100/100
|-activate|p2a: Walking Wake|ability: Protosynthesis
|-start|p2a: Walking Wake|protosynthesisspe
|turn|6
|
|t:|1776062225
|move|p2a: Walking Wake|Hydro Steam|p1a: Zoroark
|-damage|p1a: Zoroark|0 fnt
|faint|p1a: Zoroark
|
|-weather|SunnyDay|[upkeep]
|upkeep
|
|t:|1776062231
|switch|p1a: Whimsicott|Whimsicott, M|100/100
|turn|7
|
|t:|1776062238
|-end|p2a: Walking Wake|Protosynthesis|[silent]
|switch|p2a: Rotom|Rotom-Wash|100/100
|move|p1a: Whimsicott|Stun Spore|p2a: Rotom|[miss]
|-miss|p1a: Whimsicott|p2a: Rotom
|
|-weather|SunnyDay|[upkeep]
|upkeep
|turn|8
|
|t:|1776062245
|move|p1a: Whimsicott|Moonblast|p2a: Rotom
|-damage|p2a: Rotom|65/100
|move|p2a: Rotom|Will-O-Wisp|p1a: Whimsicott
|-status|p1a: Whimsicott|brn
|
|-weather|SunnyDay|[upkeep]
|-heal|p2a: Rotom|71/100|[from] item: Leftovers
|-damage|p1a: Whimsicott|94/100 brn|[from] brn
|upkeep
|turn|9
|
|t:|1776062251
|move|p1a: Whimsicott|Encore|p2a: Rotom
|-start|p2a: Rotom|Encore
|move|p2a: Rotom|Will-O-Wisp|p1a: Whimsicott
|-fail|p1a: Whimsicott|brn
|
|-weather|SunnyDay|[upkeep]
|-heal|p1a: Whimsicott|100/100 brn|[from] item: Leftovers
|-heal|p2a: Rotom|77/100|[from] item: Leftovers
|-damage|p1a: Whimsicott|94/100 brn|[from] brn
|upkeep
|turn|10
|
|t:|1776062255
|switch|p2a: Landorus|Landorus-Therian, M|100/100
|-ability|p2a: Landorus|Intimidate|boost
|-unboost|p1a: Whimsicott|atk|1
|move|p1a: Whimsicott|Moonblast|p2a: Landorus
|-damage|p2a: Landorus|69/100
|
|-weather|SunnyDay|[upkeep]
|-heal|p1a: Whimsicott|100/100 brn|[from] item: Leftovers
|-damage|p1a: Whimsicott|94/100 brn|[from] brn
|upkeep
|turn|11
|
|t:|1776062262
|move|p1a: Whimsicott|Stun Spore|p2a: Landorus
|-status|p2a: Landorus|par
|move|p2a: Landorus|Stealth Rock|p1a: Whimsicott
|-sidestart|p1: moogathekid|move: Stealth Rock
|
|-weather|none
|-heal|p1a: Whimsicott|100/100 brn|[from] item: Leftovers
|-damage|p1a: Whimsicott|94/100 brn|[from] brn
|upkeep
|turn|12
|
|t:|1776062268
|move|p1a: Whimsicott|Moonblast|p2a: Landorus
|-damage|p2a: Landorus|37/100 par
|-unboost|p2a: Landorus|spa|1
|move|p2a: Landorus|U-turn|p1a: Whimsicott
|-damage|p1a: Whimsicott|70/100 brn
|
|t:|1776062279
|switch|p2a: Walking Wake|Walking Wake|100/100|[from] U-turn
|
|-heal|p1a: Whimsicott|76/100 brn|[from] item: Leftovers
|-damage|p1a: Whimsicott|70/100 brn|[from] brn
|upkeep
|turn|13
|
|t:|1776062285
|move|p1a: Whimsicott|Stun Spore|p2a: Walking Wake
|-status|p2a: Walking Wake|par
|cant|p2a: Walking Wake|par
|
|-heal|p1a: Whimsicott|76/100 brn|[from] item: Leftovers
|-damage|p1a: Whimsicott|70/100 brn|[from] brn
|upkeep
|turn|14
|
|t:|1776062297
|-end|p2a: Walking Wake|Protosynthesis|[silent]
|switch|p2a: Rotom|Rotom-Wash|77/100
|move|p1a: Whimsicott|Moonblast|p2a: Rotom
|-damage|p2a: Rotom|45/100
|
|-heal|p1a: Whimsicott|76/100 brn|[from] item: Leftovers
|-heal|p2a: Rotom|51/100|[from] item: Leftovers
|-damage|p1a: Whimsicott|70/100 brn|[from] brn
|upkeep
|turn|15
|
|t:|1776062303
|move|p1a: Whimsicott|Moonblast|p2a: Rotom
|-damage|p2a: Rotom|15/100
|-unboost|p2a: Rotom|spa|1
|move|p2a: Rotom|Pain Split|p1a: Whimsicott
|-sethp|p1a: Whimsicott|44/100 brn|[from] move: Pain Split|[silent]
|-sethp|p2a: Rotom|38/100|[from] move: Pain Split
|
|-heal|p1a: Whimsicott|50/100 brn|[from] item: Leftovers
|-heal|p2a: Rotom|44/100|[from] item: Leftovers
|-damage|p1a: Whimsicott|44/100 brn|[from] brn
|upkeep
|turn|16
|-message|josepm4444 forfeited.
|
|win|moogathekid
|raw|moogathekid's rating: 1165 &rarr; <strong>1191</strong><br />(+26 for winning)
|raw|josepm4444's rating: 1173 &rarr; <strong>1147</strong><br />(-26 for losing)
|l|☆josepm4444
|player|p2|
|l| ohko_smeargle
|l|☆moogathekid
|player|p1|
