|html|<div class="broadcast-blue"><strong>[Gen 9] OU is currently suspecting Tera Blast! For information on how to participate check out the <a href="https://www.smogon.com/tools/suspects/view/200">suspect thread</a>.</strong></div>
|j|☆Dripakuma
|j|☆Hawktuahing
|t:|1776091681
|gametype|singles
|player|p1|Dripakuma|cynthia|1106
|player|p2|Hawktuahing|dawn|1112
|gen|9
|tier|[Gen 9] OU
|rated|
|rule|HP Percentage Mod: HP is shown in percentages
|rule|Endless Battle Clause: Forcing endless battles is banned
|rule|Species Clause: Limit one of each Pokémon
|rule|OHKO Clause: OHKO moves are banned
|rule|Evasion Items Clause: Evasion items are banned
|rule|Evasion Moves Clause: Evasion moves are banned
|rule|Evasion Abilities Clause: Evasion abilities are banned
|rule|Sleep Moves Clause: Sleep-inducing moves are banned
|clearpoke
|poke|p1|Glimmora, M|
|poke|p1|Noivern, M|
|poke|p1|Corviknight, M|
|poke|p1|Iron Moth|
|poke|p1|Great Tusk|
|poke|p1|Kingambit, M|
|poke|p2|Tyranitar, F|
|poke|p2|Garchomp, M|
|poke|p2|Iron Moth|
|poke|p2|Corviknight, M|
|poke|p2|Primarina, M|
|poke|p2|Toxtricity-Low-Key, M|
|teampreview
|
|t:|1776091690
|teamsize|p1|6
|teamsize|p2|6
|start
|switch|p1a: Glimmora|Glimmora, M, shiny|100/100
|switch|p2a: Primarina|Primarina, M|100/100
|turn|1
|inactive|Battle timer is ON: inactive players will automatically lose when time's up. (requested by Dripakuma)
|
|t:|1776091698
|move|p1a: Glimmora|Mortal Spin|p2a: Primarina
|-supereffective|p2a: Primarina
|-damage|p2a: Primarina|82/100
|-status|p2a: Primarina|psn
|move|p2a: Primarina|Hydro Pump|p1a: Glimmora
|-supereffective|p1a: Glimmora
|-enditem|p1a: Glimmora|Focus Sash
|-damage|p1a: Glimmora|1/100
|
|-damage|p2a: Primarina|70/100 psn|[from] psn
|upkeep
|turn|2
|
|t:|1776091709
|switch|p2a: Tyranitar|Tyranitar, F|100/100
|-weather|Sandstorm|[from] ability: Sand Stream|[of] p2a: Tyranitar
|move|p1a: Glimmora|Stealth Rock|p2a: Tyranitar
|-sidestart|p2: Hawktuahing|move: Stealth Rock
|
|-weather|Sandstorm|[upkeep]
|upkeep
|turn|3
|
|t:|1776091715
|move|p1a: Glimmora|Spikes|p2a: Tyranitar
|-sidestart|p2: Hawktuahing|Spikes
|move|p2a: Tyranitar|Knock Off|p1a: Glimmora
|-damage|p1a: Glimmora|0 fnt
|-activate|p1a: Glimmora|ability: Toxic Debris
|-sidestart|p2: Hawktuahing|move: Toxic Spikes
|faint|p1a: Glimmora
|
|-weather|Sandstorm|[upkeep]
|upkeep
|
|t:|1776091738
|switch|p1a: Noivern|Noivern, M, shiny|100/100
|turn|4
|
|t:|1776091746
|move|p1a: Noivern|U-turn|p2a: Tyranitar
|-supereffective|p2a: Tyranitar
|-damage|p2a: Tyranitar|85/100
|
|t:|1776091749
|switch|p1a: Corviknight|Corviknight, M, shiny|100/100|[from] U-turn
|-ability|p1a: Corviknight|Pressure
|move|p2a: Tyranitar|Ice Punch|p1a: Corviknight
|-damage|p1a: Corviknight|78/100
|-damage|p2a: Tyranitar|69/100|[from] item: Rocky Helmet|[of] p1a: Corviknight
|
|-weather|Sandstorm|[upkeep]
|-heal|p2a: Tyranitar|75/100|[from] item: Leftovers
|upkeep
|turn|5
|
|t:|1776091760
|move|p1a: Corviknight|Body Press|p2a: Tyranitar
|-supereffective|p2a: Tyranitar
|-damage|p2a: Tyranitar|21/100
|move|p2a: Tyranitar|Knock Off|p1a: Corviknight
|-damage|p1a: Corviknight|37/100
|-damage|p2a: Tyranitar|4/100|[from] item: Rocky Helmet|[of] p1a: Corviknight
|-enditem|p1a: Corviknight|Rocky Helmet|[from] move: Knock Off|[of] p2a: Tyranitar
|
|-weather|Sandstorm|[upkeep]
|-heal|p2a: Tyranitar|10/100|[from] item: Leftovers
|upkeep
|turn|6
|
|t:|1776091775
|switch|p2a: Iron Moth|Iron Moth|100/100
|-damage|p2a: Iron Moth|76/100|[from] Stealth Rock
|-damage|p2a: Iron Moth|63/100|[from] Spikes
|-sideend|p2: Hawktuahing|move: Toxic Spikes|[of] p2a: Iron Moth
|-enditem|p2a: Iron Moth|Booster Energy
|-activate|p2a: Iron Moth|ability: Quark Drive|[fromitem]
|-start|p2a: Iron Moth|quarkdrivespa
|move|p1a: Corviknight|Roost|p1a: Corviknight
|-heal|p1a: Corviknight|87/100
|-singleturn|p1a: Corviknight|move: Roost
|
|-weather|none
|upkeep
|turn|7
|inactive|Dripakuma has 120 seconds left.
|
|t:|1776091812
|switch|p1a: Iron Moth|Iron Moth, shiny|100/100
|move|p2a: Iron Moth|Fiery Dance|p1a: Iron Moth
|-resisted|p1a: Iron Moth
|-damage|p1a: Iron Moth|69/100
|-boost|p2a: Iron Moth|spa|1
|
|upkeep
|turn|8
|inactive|Dripakuma has 120 seconds left.
|
|t:|1776091822
|move|p1a: Iron Moth|Overheat|p2a: Iron Moth
|-resisted|p2a: Iron Moth
|-damage|p2a: Iron Moth|11/100
|-unboost|p1a: Iron Moth|spa|2
|-damage|p1a: Iron Moth|59/100|[from] item: Life Orb
|move|p2a: Iron Moth|Psychic|p1a: Iron Moth
|-supereffective|p1a: Iron Moth
|-damage|p1a: Iron Moth|0 fnt
|faint|p1a: Iron Moth
|-end|p1a: Iron Moth|Quark Drive|[silent]
|
|upkeep
|inactive|Dripakuma has 120 seconds left.
|
|t:|1776091833
|switch|p1a: Noivern|Noivern, M, shiny|100/100
|turn|9
|
|t:|1776091838
|-terastallize|p1a: Noivern|Normal
|move|p1a: Noivern|Boomburst|p2a: Iron Moth
|-damage|p2a: Iron Moth|0 fnt
|faint|p2a: Iron Moth
|-end|p2a: Iron Moth|Quark Drive|[silent]
|
|upkeep
|
|t:|1776091850
|switch|p2a: Toxtricity|Toxtricity-Low-Key, M|100/100
|-damage|p2a: Toxtricity|88/100|[from] Stealth Rock
|-damage|p2a: Toxtricity|76/100|[from] Spikes
|turn|10
|
|t:|1776091861
|move|p1a: Noivern|Boomburst|p2a: Toxtricity
|-damage|p2a: Toxtricity|5/100
|move|p2a: Toxtricity|Snarl|p1a: Noivern
|-damage|p1a: Noivern|57/100
|-unboost|p1a: Noivern|spa|1
|
|upkeep
|turn|11
|
|t:|1776091868
|move|p1a: Noivern|Boomburst|p2a: Toxtricity
|-damage|p2a: Toxtricity|0 fnt
|faint|p2a: Toxtricity
|
|upkeep
|
|t:|1776091873
|switch|p2a: Primarina|Primarina, M|70/100 psn
|-damage|p2a: Primarina|58/100 psn|[from] Stealth Rock
|-damage|p2a: Primarina|46/100 psn|[from] Spikes
|turn|12
|
|t:|1776091878
|switch|p1a: Corviknight|Corviknight, M, shiny|87/100
|-ability|p1a: Corviknight|Pressure
|move|p2a: Primarina|Moonblast|p1a: Corviknight
|-resisted|p1a: Corviknight
|-damage|p1a: Corviknight|63/100
|
|-damage|p2a: Primarina|34/100 psn|[from] psn
|upkeep
|turn|13
|
|t:|1776091889
|switch|p2a: Garchomp|Garchomp, M|100/100
|move|p1a: Corviknight|Roost|p1a: Corviknight
|-heal|p1a: Corviknight|100/100
|-singleturn|p1a: Corviknight|move: Roost
|
|upkeep
|turn|14
|
|t:|1776091894
|-terastallize|p2a: Garchomp|Fire
|move|p2a: Garchomp|Fire Fang|p1a: Corviknight
|-supereffective|p1a: Corviknight
|-damage|p1a: Corviknight|40/100
|move|p1a: Corviknight|Iron Defense|p1a: Corviknight
|-boost|p1a: Corviknight|def|2
|
|upkeep
|turn|15
|
|t:|1776091900
|move|p2a: Garchomp|Fire Fang|p1a: Corviknight
|-supereffective|p1a: Corviknight
|-damage|p1a: Corviknight|11/100
|move|p1a: Corviknight|Roost|p1a: Corviknight
|-heal|p1a: Corviknight|61/100
|-singleturn|p1a: Corviknight|move: Roost
|
|upkeep
|turn|16
|
|t:|1776091904
|move|p2a: Garchomp|Swords Dance|p2a: Garchomp
|-boost|p2a: Garchomp|atk|2
|move|p1a: Corviknight|Roost|p1a: Corviknight
|-heal|p1a: Corviknight|100/100
|-singleturn|p1a: Corviknight|move: Roost
|
|upkeep
|turn|17
|
|t:|1776091909
|move|p2a: Garchomp|Swords Dance|p2a: Garchomp
|-boost|p2a: Garchomp|atk|2
|move|p1a: Corviknight|Iron Defense|p1a: Corviknight
|-boost|p1a: Corviknight|def|2
|
|upkeep
|turn|18
|
|t:|1776091914
|move|p2a: Garchomp|Swords Dance|p2a: Garchomp
|-boost|p2a: Garchomp|atk|2
|move|p1a: Corviknight|Iron Defense|p1a: Corviknight
|-boost|p1a: Corviknight|def|2
|
|upkeep
|turn|19
|
|t:|1776091917
|move|p2a: Garchomp|Fire Fang|p1a: Corviknight|[miss]
|-miss|p2a: Garchomp|p1a: Corviknight
|move|p1a: Corviknight|Body Press|p2a: Garchomp
|-damage|p2a: Garchomp|24/100
|-damage|p1a: Corviknight|88/100|[from] ability: Rough Skin|[of] p2a: Garchomp
|
|upkeep
|turn|20
|
|t:|1776091925
|move|p2a: Garchomp|Fire Fang|p1a: Corviknight
|-supereffective|p1a: Corviknight
|-damage|p1a: Corviknight|35/100
|move|p1a: Corviknight|Body Press|p2a: Garchomp
|-damage|p2a: Garchomp|0 fnt
|-damage|p1a: Corviknight|23/100|[from] ability: Rough Skin|[of] p2a: Garchomp
|faint|p2a: Garchomp
|
|upkeep
|-message|Hawktuahing forfeited.
|
|win|Dripakuma
|raw|Dripakuma's rating: 1106 &rarr; <strong>1131</strong><br />(+25 for winning)
|raw|Hawktuahing's rating: 1112 &rarr; <strong>1087</strong><br />(-25 for losing)
|l|☆Hawktuahing
|player|p2|
