|html|<div class="broadcast-blue"><strong>[Gen 9] OU is currently suspecting Tera Blast! For information on how to participate check out the <a href="https://www.smogon.com/tools/suspects/view/200">suspect thread</a>.</strong></div>
|j|☆yazloed
|j|☆R4IDRI
|t:|1776114118
|gametype|singles
|player|p1|yazloed|janitor|1112
|player|p2|R4IDRI|striker|1146
|gen|9
|tier|[Gen 9] OU
|rated|
|rule|HP Percentage Mod: HP is shown in percentages
|rule|Endless Battle Clause: Forcing endless battles is banned
|rule|Species Clause: Limit one of each Pokémon
|rule|OHKO Clause: OHKO moves are banned
|rule|Evasion Items Clause: Evasion items are banned
|rule|Evasion Moves Clause: Evasion moves are banned
|rule|Evasion Abilities Clause: Evasion abilities are banned
|rule|Sleep Moves Clause: Sleep-inducing moves are banned
|clearpoke
|poke|p1|Crawdaunt, M|
|poke|p1|Torkoal, M|
|poke|p1|Garchomp, M|
|poke|p1|Fezandipiti, M|
|poke|p1|Rotom-Wash|
|poke|p1|Meganium, F|
|poke|p2|Kingambit, F|
|poke|p2|Tyranitar, F|
|poke|p2|Excadrill, F|
|poke|p2|Slowking-Galar, M|
|poke|p2|Iron Valiant|
|poke|p2|Corviknight, F|
|teampreview
|
|t:|1776114125
|teamsize|p1|6
|teamsize|p2|6
|start
|switch|p1a: Meganium|Meganium, F|100/100
|switch|p2a: Tyranitar|Tyranitar, F|100/100
|-weather|Sandstorm|[from] ability: Sand Stream|[of] p2a: Tyranitar
|turn|1
|
|t:|1776114135
|switch|p2a: Corviknight|Corviknight, F|100/100
|-ability|p2a: Corviknight|Pressure
|move|p1a: Meganium|Reflect|p1a: Meganium
|-sidestart|p1: yazloed|Reflect
|
|-weather|Sandstorm|[upkeep]
|-damage|p1a: Meganium|94/100|[from] Sandstorm
|upkeep
|turn|2
|
|t:|1776114145
|move|p1a: Meganium|Knock Off|p2a: Corviknight
|-damage|p2a: Corviknight|90/100
|-damage|p1a: Meganium|78/100|[from] item: Rocky Helmet|[of] p2a: Corviknight
|-enditem|p2a: Corviknight|Rocky Helmet|[from] move: Knock Off|[of] p1a: Meganium
|move|p2a: Corviknight|Brave Bird|p1a: Meganium
|-supereffective|p1a: Meganium
|-damage|p1a: Meganium|45/100
|-damage|p2a: Corviknight|80/100|[from] Recoil
|
|-weather|Sandstorm|[upkeep]
|-damage|p1a: Meganium|39/100|[from] Sandstorm
|upkeep
|turn|3
|
|t:|1776114159
|switch|p1a: Rotom|Rotom-Wash|100/100
|move|p2a: Corviknight|Brave Bird|p1a: Rotom
|-resisted|p1a: Rotom
|-damage|p1a: Rotom|90/100
|-damage|p2a: Corviknight|78/100|[from] Recoil
|
|-weather|Sandstorm|[upkeep]
|-damage|p1a: Rotom|84/100|[from] Sandstorm
|-heal|p1a: Rotom|90/100|[from] item: Leftovers
|upkeep
|turn|4
|
|t:|1776114171
|switch|p2a: Excadrill|Excadrill, F|100/100
|move|p1a: Rotom|Thunderbolt|p2a: Excadrill
|-immune|p2a: Excadrill
|
|-weather|Sandstorm|[upkeep]
|-damage|p1a: Rotom|84/100|[from] Sandstorm
|-heal|p1a: Rotom|90/100|[from] item: Leftovers
|upkeep
|turn|5
|
|t:|1776114187
|switch|p2a: Slowking|Slowking-Galar, M|100/100
|move|p1a: Rotom|Hydro Pump|p2a: Slowking
|-damage|p2a: Slowking|68/100
|
|-weather|none
|-heal|p1a: Rotom|96/100|[from] item: Leftovers
|upkeep
|turn|6
|
|t:|1776114210
|move|p1a: Rotom|Volt Switch|p2a: Slowking
|-damage|p2a: Slowking|48/100
|
|t:|1776114232
|switch|p1a: Garchomp|Garchomp, M|100/100|[from] Volt Switch
|move|p2a: Slowking|Sludge Bomb|p1a: Garchomp
|-resisted|p1a: Garchomp
|-damage|p1a: Garchomp|81/100
|-status|p1a: Garchomp|psn
|
|-damage|p1a: Garchomp|69/100 psn|[from] psn
|upkeep
|turn|7
|
|t:|1776114249
|switch|p2a: Corviknight|Corviknight, F|78/100
|-ability|p2a: Corviknight|Pressure
|move|p1a: Garchomp|Crunch|p2a: Corviknight
|-damage|p2a: Corviknight|59/100
|
|-damage|p1a: Garchomp|57/100 psn|[from] psn
|upkeep
|turn|8
|
|t:|1776114258
|switch|p1a: Rotom|Rotom-Wash|96/100
|move|p2a: Corviknight|Roost|p2a: Corviknight
|-heal|p2a: Corviknight|100/100
|-singleturn|p2a: Corviknight|move: Roost
|
|-heal|p1a: Rotom|100/100|[from] item: Leftovers
|-sideend|p1: yazloed|Reflect
|upkeep
|turn|9
|
|t:|1776114274
|move|p1a: Rotom|Will-O-Wisp|p2a: Corviknight|[miss]
|-miss|p1a: Rotom|p2a: Corviknight
|move|p2a: Corviknight|U-turn|p1a: Rotom
|-damage|p1a: Rotom|83/100
|
|t:|1776114282
|switch|p2a: Iron Valiant|Iron Valiant|100/100|[from] U-turn
|
|-heal|p1a: Rotom|89/100|[from] item: Leftovers
|upkeep
|turn|10
|
|t:|1776114302
|move|p2a: Iron Valiant|Moonblast|p1a: Rotom
|-damage|p1a: Rotom|0 fnt
|faint|p1a: Rotom
|
|upkeep
|
|t:|1776114306
|switch|p1a: Fezandipiti|Fezandipiti, M|100/100
|turn|11
|
|t:|1776114315
|-end|p2a: Iron Valiant|Quark Drive|[silent]
|switch|p2a: Tyranitar|Tyranitar, F|100/100
|-weather|Sandstorm|[from] ability: Sand Stream|[of] p2a: Tyranitar
|move|p1a: Fezandipiti|Poison Jab|p2a: Tyranitar
|-resisted|p2a: Tyranitar
|-damage|p2a: Tyranitar|88/100
|-status|p2a: Tyranitar|tox|[from] ability: Toxic Chain|[of] p1a: Fezandipiti
|
|-weather|Sandstorm|[upkeep]
|-damage|p1a: Fezandipiti|94/100|[from] Sandstorm
|-heal|p2a: Tyranitar|94/100 tox|[from] item: Leftovers
|-damage|p2a: Tyranitar|88/100 tox|[from] psn
|upkeep
|turn|12
|
|t:|1776114328
|switch|p2a: Excadrill|Excadrill, F|100/100
|move|p1a: Fezandipiti|U-turn|p2a: Excadrill
|-resisted|p2a: Excadrill
|-damage|p2a: Excadrill|87/100
|
|t:|1776114338
|switch|p1a: CwaDwaunt|Crawdaunt, M|100/100|[from] U-turn
|
|-weather|Sandstorm|[upkeep]
|-damage|p1a: CwaDwaunt|95/100|[from] Sandstorm
|-heal|p2a: Excadrill|93/100|[from] item: Leftovers
|upkeep
|turn|13
|
|t:|1776114356
|-terastallize|p1a: CwaDwaunt|Flying
|move|p2a: Excadrill|Earthquake|p1a: CwaDwaunt
|-immune|p1a: CwaDwaunt
|move|p1a: CwaDwaunt|Dragon Dance|p1a: CwaDwaunt
|-boost|p1a: CwaDwaunt|atk|1
|-boost|p1a: CwaDwaunt|spe|1
|
|-weather|Sandstorm|[upkeep]
|-damage|p1a: CwaDwaunt|89/100|[from] Sandstorm
|-heal|p2a: Excadrill|99/100|[from] item: Leftovers
|upkeep
|turn|14
|
|t:|1776114372
|switch|p2a: Slowking|Slowking-Galar, M|81/100
|move|p1a: CwaDwaunt|Crabhammer|p2a: Slowking
|-damage|p2a: Slowking|4/100
|
|-weather|Sandstorm|[upkeep]
|-damage|p1a: CwaDwaunt|83/100|[from] Sandstorm
|-damage|p2a: Slowking|0 fnt|[from] Sandstorm
|faint|p2a: Slowking
|upkeep
|
|t:|1776114383
|switch|p2a: Corviknight|Corviknight, F|100/100
|-ability|p2a: Corviknight|Pressure
|turn|15
|
|t:|1776114394
|move|p1a: CwaDwaunt|Crabhammer|p2a: Corviknight
|-damage|p2a: Corviknight|54/100
|move|p2a: Corviknight|U-turn|p1a: CwaDwaunt
|-resisted|p1a: CwaDwaunt
|-damage|p1a: CwaDwaunt|73/100
|
|t:|1776114399
|switch|p2a: Iron Valiant|Iron Valiant|100/100|[from] U-turn
|
|-weather|none
|upkeep
|turn|16
|
|t:|1776114408
|move|p2a: Iron Valiant|Moonblast|p1a: CwaDwaunt
|-damage|p1a: CwaDwaunt|0 fnt
|faint|p1a: CwaDwaunt
|
|upkeep
|
|t:|1776114413
|switch|p1a: Fezandipiti|Fezandipiti, M|94/100
|turn|17
|
|t:|1776114418
|-end|p2a: Iron Valiant|Quark Drive|[silent]
|switch|p2a: Tyranitar|Tyranitar, F|88/100 tox
|-weather|Sandstorm|[from] ability: Sand Stream|[of] p2a: Tyranitar
|move|p1a: Fezandipiti|Poison Jab|p2a: Tyranitar
|-resisted|p2a: Tyranitar
|-damage|p2a: Tyranitar|77/100 tox
|
|-weather|Sandstorm|[upkeep]
|-damage|p1a: Fezandipiti|88/100|[from] Sandstorm
|-heal|p2a: Tyranitar|83/100 tox|[from] item: Leftovers
|-damage|p2a: Tyranitar|77/100 tox|[from] psn
|upkeep
|turn|18
|
|t:|1776114430
|move|p1a: Fezandipiti|U-turn|p2a: Tyranitar
|-supereffective|p2a: Tyranitar
|-damage|p2a: Tyranitar|49/100 tox
|
|t:|1776114455
|switch|p1a: Meganium|Meganium, F|39/100|[from] U-turn
|move|p2a: Tyranitar|Earthquake|p1a: Meganium
|-resisted|p1a: Meganium
|-damage|p1a: Meganium|22/100
|
|-weather|Sandstorm|[upkeep]
|-damage|p1a: Meganium|16/100|[from] Sandstorm
|-heal|p2a: Tyranitar|55/100 tox|[from] item: Leftovers
|-damage|p2a: Tyranitar|43/100 tox|[from] psn
|upkeep
|turn|19
|
|t:|1776114469
|switch|p2a: Corviknight|Corviknight, F|54/100
|-ability|p2a: Corviknight|Pressure
|move|p1a: Meganium|Reflect|p1a: Meganium
|-sidestart|p1: yazloed|Reflect
|
|-weather|Sandstorm|[upkeep]
|-damage|p1a: Meganium|10/100|[from] Sandstorm
|upkeep
|turn|20
|
|t:|1776114476
|move|p1a: Meganium|Light Screen|p1a: Meganium
|-sidestart|p1: yazloed|move: Light Screen
|move|p2a: Corviknight|Roost|p2a: Corviknight
|-heal|p2a: Corviknight|100/100
|-singleturn|p2a: Corviknight|move: Roost
|
|-weather|Sandstorm|[upkeep]
|-damage|p1a: Meganium|4/100|[from] Sandstorm
|upkeep
|turn|21
|
|t:|1776114484
|move|p1a: Meganium|Knock Off|p2a: Corviknight
|-damage|p2a: Corviknight|94/100
|move|p2a: Corviknight|U-turn|p1a: Meganium
|-supereffective|p1a: Meganium
|-crit|p1a: Meganium
|-damage|p1a: Meganium|0 fnt
|faint|p1a: Meganium
|
|t:|1776114490
|switch|p2a: Excadrill|Excadrill, F|99/100|[from] U-turn
|
|-weather|none
|-heal|p2a: Excadrill|100/100|[from] item: Leftovers
|upkeep
|
|t:|1776114502
|switch|p1a: Garchomp|Garchomp, M|57/100 psn
|turn|22
|
|t:|1776114574
|switch|p1a: Torkkkoal|Torkoal, M, shiny|100/100
|-weather|SunnyDay|[from] ability: Drought|[of] p1a: Torkkkoal
|switch|p2a: Corviknight|Corviknight, F|94/100
|-ability|p2a: Corviknight|Pressure
|
|-weather|SunnyDay|[upkeep]
|upkeep
|turn|23
|
|t:|1776114594
|move|p1a: Torkkkoal|Eruption|p2a: Corviknight
|-supereffective|p2a: Corviknight
|-damage|p2a: Corviknight|0 fnt
|faint|p2a: Corviknight
|
|-weather|SunnyDay|[upkeep]
|upkeep
|
|t:|1776114635
|switch|p2a: Tyranitar|Tyranitar, F|43/100 tox
|-weather|Sandstorm|[from] ability: Sand Stream|[of] p2a: Tyranitar
|turn|24
|
|t:|1776114702
|switch|p1a: Fezandipiti|Fezandipiti, M|88/100
|move|p2a: Tyranitar|Earthquake|p1a: Fezandipiti
|-supereffective|p1a: Fezandipiti
|-damage|p1a: Fezandipiti|47/100
|
|-weather|Sandstorm|[upkeep]
|-damage|p1a: Fezandipiti|41/100|[from] Sandstorm
|-heal|p2a: Tyranitar|49/100 tox|[from] item: Leftovers
|-damage|p2a: Tyranitar|43/100 tox|[from] psn
|upkeep
|turn|25
|
|t:|1776114723
|switch|p2a: Excadrill|Excadrill, F|100/100
|move|p1a: Fezandipiti|U-turn|p2a: Excadrill
|-resisted|p2a: Excadrill
|-damage|p2a: Excadrill|88/100
|
|t:|1776114728
|switch|p1a: Torkkkoal|Torkoal, M, shiny|100/100|[from] U-turn
|-weather|SunnyDay|[from] ability: Drought|[of] p1a: Torkkkoal
|
|-weather|SunnyDay|[upkeep]
|-heal|p2a: Excadrill|94/100|[from] item: Leftovers
|upkeep
|turn|26
|
|t:|1776114743
|move|p2a: Excadrill|Earthquake|p1a: Torkkkoal
|-supereffective|p1a: Torkkkoal
|-damage|p1a: Torkkkoal|58/100
|move|p1a: Torkkkoal|Eruption|p2a: Excadrill
|-supereffective|p2a: Excadrill
|-crit|p2a: Excadrill
|-damage|p2a: Excadrill|0 fnt
|faint|p2a: Excadrill
|
|-weather|SunnyDay|[upkeep]
|-sideend|p1: yazloed|Reflect
|upkeep
|
|t:|1776114752
|switch|p2a: Tyranitar|Tyranitar, F|43/100 tox
|-weather|Sandstorm|[from] ability: Sand Stream|[of] p2a: Tyranitar
|turn|27
|
|t:|1776114763
|move|p2a: Tyranitar|Earthquake|p1a: Torkkkoal
|-supereffective|p1a: Torkkkoal
|-damage|p1a: Torkkkoal|0 fnt
|faint|p1a: Torkkkoal
|
|-weather|Sandstorm|[upkeep]
|-heal|p2a: Tyranitar|49/100 tox|[from] item: Leftovers
|-damage|p2a: Tyranitar|43/100 tox|[from] psn
|-sideend|p1: yazloed|move: Light Screen
|upkeep
|
|t:|1776114775
|switch|p1a: Garchomp|Garchomp, M|57/100 psn
|turn|28
|
|t:|1776114781
|move|p1a: Garchomp|Earthquake|p2a: Tyranitar
|-supereffective|p2a: Tyranitar
|-damage|p2a: Tyranitar|0 fnt
|faint|p2a: Tyranitar
|
|-weather|Sandstorm|[upkeep]
|-damage|p1a: Garchomp|44/100 psn|[from] psn
|upkeep
|
|t:|1776114787
|switch|p2a: Iron Valiant|Iron Valiant|100/100
|turn|29
|
|t:|1776114795
|move|p1a: Garchomp|Earthquake|p2a: Iron Valiant
|-damage|p2a: Iron Valiant|26/100
|move|p2a: Iron Valiant|Shadow Ball|p1a: Garchomp
|-damage|p1a: Garchomp|0 fnt
|faint|p1a: Garchomp
|
|-weather|Sandstorm|[upkeep]
|-damage|p2a: Iron Valiant|20/100|[from] Sandstorm
|upkeep
|
|t:|1776114800
|switch|p1a: Fezandipiti|Fezandipiti, M|41/100
|turn|30
|
|t:|1776114804
|move|p2a: Iron Valiant|Shadow Ball|p1a: Fezandipiti
|-damage|p1a: Fezandipiti|13/100
|move|p1a: Fezandipiti|Roost|p1a: Fezandipiti
|-heal|p1a: Fezandipiti|64/100
|-singleturn|p1a: Fezandipiti|move: Roost
|
|-weather|Sandstorm|[upkeep]
|-damage|p2a: Iron Valiant|14/100|[from] Sandstorm
|-damage|p1a: Fezandipiti|57/100|[from] Sandstorm
|upkeep
|turn|31
|
|t:|1776114812
|move|p2a: Iron Valiant|Shadow Ball|p1a: Fezandipiti
|-damage|p1a: Fezandipiti|33/100
|move|p1a: Fezandipiti|Roost|p1a: Fezandipiti
|-heal|p1a: Fezandipiti|83/100
|-singleturn|p1a: Fezandipiti|move: Roost
|
|-weather|none
|upkeep
|turn|32
|
|t:|1776114819
|move|p2a: Iron Valiant|Shadow Ball|p1a: Fezandipiti
|-damage|p1a: Fezandipiti|59/100
|move|p1a: Fezandipiti|Roost|p1a: Fezandipiti
|-heal|p1a: Fezandipiti|100/100
|-singleturn|p1a: Fezandipiti|move: Roost
|
|upkeep
|turn|33
|
|t:|1776114828
|move|p2a: Iron Valiant|Shadow Ball|p1a: Fezandipiti
|-damage|p1a: Fezandipiti|74/100
|move|p1a: Fezandipiti|Play Rough|p2a: Iron Valiant|[miss]
|-miss|p1a: Fezandipiti|p2a: Iron Valiant
|
|upkeep
|turn|34
|
|t:|1776114835
|move|p2a: Iron Valiant|Shadow Ball|p1a: Fezandipiti
|-damage|p1a: Fezandipiti|50/100
|move|p1a: Fezandipiti|Play Rough|p2a: Iron Valiant
|-supereffective|p2a: Iron Valiant
|-damage|p2a: Iron Valiant|0 fnt
|faint|p2a: Iron Valiant
|-end|p2a: Iron Valiant|Quark Drive|[silent]
|
|upkeep
|
|t:|1776114843
|switch|p2a: Kingambit|Kingambit, F|100/100
|-activate|p2a: Kingambit|ability: Supreme Overlord
|-start|p2a: Kingambit|fallen5|[silent]
|-item|p2a: Kingambit|Air Balloon
|turn|35
|
|t:|1776114863
|move|p1a: Fezandipiti|Roost|p1a: Fezandipiti
|-heal|p1a: Fezandipiti|99/100
|-singleturn|p1a: Fezandipiti|move: Roost
|move|p2a: Kingambit|Kowtow Cleave|p1a: Fezandipiti
|-resisted|p1a: Fezandipiti
|-damage|p1a: Fezandipiti|65/100
|
|upkeep
|turn|36
|
|t:|1776114871
|move|p1a: Fezandipiti|Play Rough|p2a: Kingambit
|-damage|p2a: Kingambit|72/100
|-enditem|p2a: Kingambit|Air Balloon
|move|p2a: Kingambit|Swords Dance|p2a: Kingambit
|-boost|p2a: Kingambit|atk|2
|
|upkeep
|turn|37
|
|t:|1776114878
|move|p1a: Fezandipiti|Play Rough|p2a: Kingambit
|-damage|p2a: Kingambit|42/100
|move|p2a: Kingambit|Iron Head|p1a: Fezandipiti
|-supereffective|p1a: Fezandipiti
|-damage|p1a: Fezandipiti|0 fnt
|faint|p1a: Fezandipiti
|
|win|R4IDRI
|raw|yazloed's rating: 1112 &rarr; <strong>1089</strong><br />(-23 for losing)
|raw|R4IDRI's rating: 1146 &rarr; <strong>1169</strong><br />(+23 for winning)
|c|☆yazloed|gg
|c|☆R4IDRI|gg
|l|☆yazloed
|player|p1|
|l|☆R4IDRI
|player|p2|
