|html|<div class="broadcast-blue"><strong>[Gen 9] OU is currently suspecting Tera Blast! For information on how to participate check out the <a href="https://www.smogon.com/tools/suspects/view/200">suspect thread</a>.</strong></div>
|j|☆Docter_Peng99
|j|☆Glihdr
|t:|1776351153
|gametype|singles
|player|p1|Docter_Peng99|corbeau|1395
|player|p2|Glihdr|170|1325
|gen|9
|tier|[Gen 9] OU
|rated|
|rule|HP Percentage Mod: HP is shown in percentages
|rule|Endless Battle Clause: Forcing endless battles is banned
|rule|Species Clause: Limit one of each Pokémon
|rule|OHKO Clause: OHKO moves are banned
|rule|Evasion Items Clause: Evasion items are banned
|rule|Evasion Moves Clause: Evasion moves are banned
|rule|Evasion Abilities Clause: Evasion abilities are banned
|rule|Sleep Moves Clause: Sleep-inducing moves are banned
|clearpoke
|poke|p1|Landorus-Therian, M|
|poke|p1|Great Tusk|
|poke|p1|Gholdengo|
|poke|p1|Zamazenta-*|
|poke|p1|Primarina, F|
|poke|p1|Kingambit, M|
|poke|p2|Hatterene, F|
|poke|p2|Ursaluna, M|
|poke|p2|Porygon2|
|poke|p2|Cresselia, F|
|poke|p2|Iron Hands|
|poke|p2|Volcanion|
|teampreview
|
|t:|1776351159
|teamsize|p1|6
|teamsize|p2|6
|start
|switch|p1a: Inari|Landorus-Therian, M|100/100
|switch|p2a: Brand|Hatterene, F, shiny|100/100
|-ability|p1a: Inari|Intimidate|boost
|-unboost|p2a: Brand|atk|1
|turn|1
|
|t:|1776351170
|move|p1a: Inari|U-turn|p2a: Brand
|-damage|p2a: Brand|76/100
|
|t:|1776351171
|switch|p1a: Mr. Moneybags|Gholdengo|100/100|[from] U-turn
|move|p2a: Brand|Trick Room|p2a: Brand
|-fieldstart|move: Trick Room|[of] p2a: Brand
|
|upkeep
|turn|2
|
|t:|1776351181
|switch|p2a: Mann|Ursaluna, M|100/100
|move|p1a: Mr. Moneybags|Trick|p2a: Mann
|-activate|p1a: Mr. Moneybags|move: Trick|[of] p2a: Mann
|-item|p2a: Mann|Choice Scarf|[from] move: Trick
|-item|p1a: Mr. Moneybags|Flame Orb|[from] move: Trick
|
|-status|p1a: Mr. Moneybags|brn|[from] item: Flame Orb
|upkeep
|turn|3
|
|t:|1776351191
|switch|p1a: Inari|Landorus-Therian, M|100/100
|-ability|p1a: Inari|Intimidate|boost
|-unboost|p2a: Mann|atk|1
|move|p2a: Mann|Headlong Rush|p1a: Inari
|-immune|p1a: Inari
|
|upkeep
|turn|4
|
|t:|1776351202
|switch|p2a: TARS|Porygon2|100/100
|-ability|p2a: TARS|Download|boost
|-boost|p2a: TARS|spa|1
|move|p1a: Inari|U-turn|p2a: TARS
|-damage|p2a: TARS|87/100
|
|t:|1776351205
|switch|p1a: Mr. Moneybags|Gholdengo|100/100 brn|[from] U-turn
|
|-damage|p1a: Mr. Moneybags|94/100 brn|[from] brn
|upkeep
|turn|5
|
|t:|1776351216
|-terastallize|p2a: TARS|Ground
|move|p2a: TARS|Tera Blast|p1a: Mr. Moneybags|[anim] Tera Blast Ground
|-supereffective|p1a: Mr. Moneybags
|-damage|p1a: Mr. Moneybags|0 fnt
|faint|p1a: Mr. Moneybags
|
|-fieldend|move: Trick Room
|upkeep
|
|t:|1776351227
|switch|p1a: Shirahoshi|Primarina, F|100/100
|turn|6
|
|t:|1776351237
|move|p1a: Shirahoshi|Surf|p2a: TARS
|-supereffective|p2a: TARS
|-damage|p2a: TARS|25/100
|move|p2a: TARS|Trick Room|p2a: TARS
|-fieldstart|move: Trick Room|[of] p2a: TARS
|
|upkeep
|turn|7
|
|t:|1776351247
|move|p2a: TARS|Hyper Beam|p1a: Shirahoshi
|-damage|p1a: Shirahoshi|25/100
|-mustrecharge|p2a: TARS
|move|p1a: Shirahoshi|Moonblast|p2a: TARS
|-damage|p2a: TARS|0 fnt
|faint|p2a: TARS
|
|upkeep
|
|t:|1776351257
|switch|p2a: Mann|Ursaluna, M|100/100
|turn|8
|
|t:|1776351262
|move|p1a: Shirahoshi|Surf|p2a: Mann
|-supereffective|p2a: Mann
|-damage|p2a: Mann|0 fnt
|faint|p2a: Mann
|
|upkeep
|
|t:|1776351267
|switch|p2a: CASE|Iron Hands|100/100
|-enditem|p2a: CASE|Booster Energy
|-activate|p2a: CASE|ability: Quark Drive|[fromitem]
|-start|p2a: CASE|quarkdriveatk
|turn|9
|
|t:|1776351275
|switch|p1a: Inari|Landorus-Therian, M|100/100
|-ability|p1a: Inari|Intimidate|boost
|-unboost|p2a: CASE|atk|1
|move|p2a: CASE|Wild Charge|p1a: Inari
|-immune|p1a: Inari
|
|upkeep
|turn|10
|
|t:|1776351284
|switch|p1a: Shirahoshi|Primarina, F|25/100
|move|p2a: CASE|Ice Punch|p1a: Shirahoshi
|-resisted|p1a: Shirahoshi
|-damage|p1a: Shirahoshi|9/100
|
|-fieldend|move: Trick Room
|upkeep
|turn|11
|
|t:|1776351295
|-end|p2a: CASE|Quark Drive|[silent]
|switch|p2a: Brand|Hatterene, F, shiny|76/100
|move|p1a: Shirahoshi|Moonblast|p2a: Brand
|-damage|p2a: Brand|21/100
|
|upkeep
|turn|12
|
|t:|1776351303
|move|p1a: Shirahoshi|Moonblast|p2a: Brand
|-damage|p2a: Brand|0 fnt
|faint|p2a: Brand
|
|upkeep
|
|t:|1776351308
|switch|p2a: Miller|Cresselia, F, shiny|100/100
|turn|13
|
|t:|1776351311
|move|p1a: Shirahoshi|Flip Turn|p2a: Miller
|-damage|p2a: Miller|89/100
|
|t:|1776351313
|switch|p1a: Inari|Landorus-Therian, M|100/100|[from] Flip Turn
|-ability|p1a: Inari|Intimidate|boost
|-unboost|p2a: Miller|atk|1
|move|p2a: Miller|Trick Room|p2a: Miller
|-fieldstart|move: Trick Room|[of] p2a: Miller
|
|upkeep
|turn|14
|
|t:|1776351321
|switch|p2a: CASE|Iron Hands|100/100
|move|p1a: Inari|Stealth Rock|p2a: CASE
|-sidestart|p2: Glihdr|move: Stealth Rock
|
|upkeep
|turn|15
|
|t:|1776351328
|switch|p1a: Shirahoshi|Primarina, F|9/100
|move|p2a: CASE|Ice Punch|p1a: Shirahoshi
|-resisted|p1a: Shirahoshi
|-damage|p1a: Shirahoshi|0 fnt
|faint|p1a: Shirahoshi
|
|upkeep
|
|t:|1776351334
|switch|p1a: Inari|Landorus-Therian, M|100/100
|-ability|p1a: Inari|Intimidate|boost
|-unboost|p2a: CASE|atk|1
|turn|16
|
|t:|1776351339
|switch|p1a: Ancient Elephant|Great Tusk|100/100
|move|p2a: CASE|Ice Punch|p1a: Ancient Elephant
|-supereffective|p1a: Ancient Elephant
|-damage|p1a: Ancient Elephant|70/100
|
|upkeep
|turn|17
|
|t:|1776351350
|move|p2a: CASE|Drain Punch|p1a: Ancient Elephant
|-damage|p1a: Ancient Elephant|48/100
|move|p1a: Ancient Elephant|Knock Off|p2a: CASE
|-resisted|p2a: CASE
|-crit|p2a: CASE
|-damage|p2a: CASE|90/100
|
|-fieldend|move: Trick Room
|upkeep
|turn|18
|
|t:|1776351358
|move|p1a: Ancient Elephant|Knock Off|p2a: CASE
|-resisted|p2a: CASE
|-crit|p2a: CASE
|-damage|p2a: CASE|80/100
|move|p2a: CASE|Ice Punch|p1a: Ancient Elephant
|-supereffective|p1a: Ancient Elephant
|-damage|p1a: Ancient Elephant|19/100
|
|upkeep
|turn|19
|
|t:|1776351365
|move|p1a: Ancient Elephant|Headlong Rush|p2a: CASE
|-supereffective|p2a: CASE
|-damage|p2a: CASE|0 fnt
|-unboost|p1a: Ancient Elephant|def|1
|-unboost|p1a: Ancient Elephant|spd|1
|faint|p2a: CASE
|-end|p2a: CASE|Quark Drive|[silent]
|
|upkeep
|
|t:|1776351373
|switch|p2a: Miller|Cresselia, F, shiny|89/100
|-damage|p2a: Miller|77/100|[from] Stealth Rock
|turn|20
|
|t:|1776351378
|move|p1a: Ancient Elephant|Knock Off|p2a: Miller
|-supereffective|p2a: Miller
|-damage|p2a: Miller|41/100
|-enditem|p2a: Miller|Mental Herb|[from] move: Knock Off|[of] p1a: Ancient Elephant
|move|p2a: Miller|Trick Room|p2a: Miller
|-fieldstart|move: Trick Room|[of] p2a: Miller
|
|upkeep
|turn|21
|
|t:|1776351387
|move|p2a: Miller|Psychic|p1a: Ancient Elephant
|-supereffective|p1a: Ancient Elephant
|-damage|p1a: Ancient Elephant|0 fnt
|faint|p1a: Ancient Elephant
|-end|p1a: Ancient Elephant|Protosynthesis|[silent]
|
|upkeep
|
|t:|1776351389
|switch|p1a: Checkmate|Kingambit, M, shiny|100/100
|-activate|p1a: Checkmate|ability: Supreme Overlord
|-start|p1a: Checkmate|fallen3|[silent]
|turn|22
|
|t:|1776351397
|switch|p2a: Saturn|Volcanion|100/100
|-damage|p2a: Saturn|76/100|[from] Stealth Rock
|move|p1a: Checkmate|Kowtow Cleave|p2a: Saturn
|-damage|p2a: Saturn|24/100
|
|upkeep
|turn|23
|
|t:|1776351412
|move|p1a: Checkmate|Sucker Punch|p2a: Saturn
|-damage|p2a: Saturn|0 fnt
|faint|p2a: Saturn
|
|upkeep
|
|t:|1776351417
|switch|p2a: Miller|Cresselia, F, shiny|41/100
|-damage|p2a: Miller|29/100|[from] Stealth Rock
|turn|24
|c|☆Docter_Peng99|gg
|-message|Glihdr forfeited.
|
|win|Docter_Peng99
|raw|Docter_Peng99's rating: 1395 &rarr; <strong>1411</strong><br />(+16 for winning)
|raw|Glihdr's rating: 1325 &rarr; <strong>1309</strong><br />(-16 for losing)
|l|☆Glihdr
|player|p2|
|l|☆Docter_Peng99
|player|p1|
|j|☆Docter_Peng99
|player|p1|Docter_Peng99|corbeau|
