|html|<div class="broadcast-blue"><strong>[Gen 9] OU is currently suspecting Tera Blast! For information on how to participate check out the <a href="https://www.smogon.com/tools/suspects/view/200">suspect thread</a>.</strong></div>
|j|☆Gayroach
|j|☆karimero24
|t:|1776054343
|gametype|singles
|player|p1|Gayroach|blackbelt-gen4dp|1065
|player|p2|karimero24|169|1057
|gen|9
|tier|[Gen 9] OU
|rated|
|rule|HP Percentage Mod: HP is shown in percentages
|rule|Endless Battle Clause: Forcing endless battles is banned
|rule|Species Clause: Limit one of each Pokémon
|rule|OHKO Clause: OHKO moves are banned
|rule|Evasion Items Clause: Evasion items are banned
|rule|Evasion Moves Clause: Evasion moves are banned
|rule|Evasion Abilities Clause: Evasion abilities are banned
|rule|Sleep Moves Clause: Sleep-inducing moves are banned
|clearpoke
|poke|p1|Bruxish, M|
|poke|p1|Farigiraf, M|
|poke|p1|Tsareena, F|
|poke|p1|Indeedee, M|
|poke|p1|Quaquaval, F|
|poke|p1|Blaziken, F|
|poke|p2|Metagross|
|poke|p2|Ribombee, F|
|poke|p2|Whiscash, M|
|poke|p2|Clodsire, F|
|poke|p2|Dragapult, M|
|poke|p2|Infernape, M|
|teampreview
|inactive|Battle timer is ON: inactive players will automatically lose when time's up. (requested by Gayroach)
|
|t:|1776054357
|teamsize|p1|6
|teamsize|p2|6
|start
|switch|p1a: Quaquaval|Quaquaval, F|100/100
|switch|p2a: Infernape|Infernape, M, shiny|100/100
|turn|1
|
|t:|1776054368
|switch|p2a: Clodsire|Clodsire, F, shiny|100/100
|move|p1a: Quaquaval|Aqua Step|p2a: Clodsire
|-immune|p2a: Clodsire|[from] ability: Water Absorb
|
|upkeep
|turn|2
|
|t:|1776054378
|move|p1a: Quaquaval|Triple Axel|p2a: Clodsire|[miss]
|-miss|p1a: Quaquaval|p2a: Clodsire
|move|p2a: Clodsire|Toxic|p1a: Quaquaval
|-status|p1a: Quaquaval|tox
|
|-damage|p1a: Quaquaval|94/100 tox|[from] psn
|upkeep
|turn|3
|
|t:|1776054389
|switch|p2a: Whiscash|Whiscash, M|100/100
|move|p1a: Quaquaval|Triple Axel|p2a: Whiscash|[miss]
|-miss|p1a: Quaquaval|p2a: Whiscash
|
|-damage|p1a: Quaquaval|82/100 tox|[from] psn
|upkeep
|turn|4
|
|t:|1776054407
|move|p1a: Quaquaval|Aqua Step|p2a: Whiscash
|-damage|p2a: Whiscash|74/100
|-boost|p1a: Quaquaval|spe|1
|move|p2a: Whiscash|Spikes|p1a: Quaquaval
|-sidestart|p1: Gayroach|Spikes
|
|-heal|p2a: Whiscash|80/100|[from] item: Leftovers
|-damage|p1a: Quaquaval|64/100 tox|[from] psn
|upkeep
|turn|5
|
|t:|1776054418
|move|p1a: Quaquaval|Triple Axel|p2a: Whiscash
|-damage|p2a: Whiscash|75/100
|-damage|p2a: Whiscash|65/100
|-damage|p2a: Whiscash|51/100
|-hitcount|p2a: Whiscash|3
|move|p2a: Whiscash|Spikes|p1a: Quaquaval
|-sidestart|p1: Gayroach|Spikes
|
|-heal|p2a: Whiscash|57/100|[from] item: Leftovers
|-damage|p1a: Quaquaval|39/100 tox|[from] psn
|upkeep
|turn|6
|
|t:|1776054438
|switch|p1a: Tsareena|Tsareena, F|100/100
|-damage|p1a: Tsareena|84/100|[from] Spikes
|move|p2a: Whiscash|Spikes|p1a: Tsareena
|-sidestart|p1: Gayroach|Spikes
|
|-heal|p2a: Whiscash|63/100|[from] item: Leftovers
|upkeep
|turn|7
|inactive|karimero24 has 120 seconds left.
|
|t:|1776054466
|switch|p2a: Metagross|Metagross, shiny|100/100
|move|p1a: Tsareena|Rapid Spin|p2a: Metagross
|-resisted|p2a: Metagross
|-damage|p2a: Metagross|95/100
|-boost|p1a: Tsareena|spe|1
|-sideend|p1: Gayroach|Spikes|[from] move: Rapid Spin|[of] p1a: Tsareena
|
|upkeep
|turn|8
|inactive|karimero24 has 120 seconds left.
|
|t:|1776054480
|move|p1a: Tsareena|Endure|p1a: Tsareena
|-singleturn|p1a: Tsareena|move: Endure
|move|p2a: Metagross|Trailblaze|p1a: Tsareena
|-resisted|p1a: Tsareena
|-damage|p1a: Tsareena|74/100
|-boost|p2a: Metagross|spe|1
|
|upkeep
|turn|9
|inactive|karimero24 has 120 seconds left.
|
|t:|1776054489
|move|p1a: Tsareena|Rapid Spin|p2a: Metagross
|-resisted|p2a: Metagross
|-damage|p2a: Metagross|90/100
|-boost|p1a: Tsareena|spe|1
|move|p2a: Metagross|Trailblaze|p1a: Tsareena
|-resisted|p1a: Tsareena
|-damage|p1a: Tsareena|64/100
|-boost|p2a: Metagross|spe|1
|
|upkeep
|turn|10
|inactive|karimero24 has 120 seconds left.
|l|☆Gayroach
|inactive|Gayroach disconnected and has a minute to reconnect!
|player|p1|
|j|☆Gayroach
|inactive|Gayroach reconnected and has 120 seconds left.
|player|p1|Gayroach|blackbelt-gen4dp|
|
|t:|1776054528
|move|p1a: Tsareena|Rapid Spin|p2a: Metagross
|-resisted|p2a: Metagross
|-damage|p2a: Metagross|85/100
|-boost|p1a: Tsareena|spe|1
|move|p2a: Metagross|Knock Off|p1a: Tsareena
|-damage|p1a: Tsareena|28/100
|-enditem|p1a: Tsareena|Liechi Berry|[from] move: Knock Off|[of] p2a: Metagross
|
|upkeep
|turn|11
|inactive|Gayroach has 120 seconds left.
|inactive|karimero24 has 120 seconds left.
|
|t:|1776054545
|move|p1a: Tsareena|Acrobatics|p2a: Metagross
|-resisted|p2a: Metagross
|-damage|p2a: Metagross|74/100
|move|p2a: Metagross|Meteor Mash|p1a: Tsareena
|-damage|p1a: Tsareena|0 fnt
|faint|p1a: Tsareena
|
|upkeep
|
|t:|1776054553
|switch|p1a: Blaziken|Blaziken, F|100/100
|turn|12
|inactive|Gayroach has 120 seconds left.
|
|t:|1776054561
|move|p2a: Metagross|Psychic Fangs|p1a: Blaziken
|-supereffective|p1a: Blaziken
|-damage|p1a: Blaziken|0 fnt
|faint|p1a: Blaziken
|
|upkeep
|inactive|Gayroach has 120 seconds left.
|
|t:|1776054571
|switch|p1a: Farigiraf|Farigiraf, M|100/100
|turn|13
|
|t:|1776054577
|move|p2a: Metagross|Knock Off|p1a: Farigiraf
|-supereffective|p1a: Farigiraf
|-damage|p1a: Farigiraf|10/100
|-enditem|p1a: Farigiraf|Throat Spray|[from] move: Knock Off|[of] p2a: Metagross
|move|p1a: Farigiraf|Nasty Plot|p1a: Farigiraf
|-boost|p1a: Farigiraf|spa|2
|
|upkeep
|turn|14
|
|t:|1776054587
|move|p2a: Metagross|Knock Off|p1a: Farigiraf
|-supereffective|p1a: Farigiraf
|-damage|p1a: Farigiraf|0 fnt
|faint|p1a: Farigiraf
|
|upkeep
|
|t:|1776054595
|switch|p1a: Bruxish|Bruxish, M|100/100
|turn|15
|
|t:|1776054601
|move|p1a: Bruxish|Protect|p1a: Bruxish
|-singleturn|p1a: Bruxish|Protect
|move|p2a: Metagross|Knock Off|p1a: Bruxish
|-activate|p1a: Bruxish|move: Protect
|
|upkeep
|turn|16
|
|t:|1776054611
|move|p1a: Bruxish|Endure||[still]
|-fail|p1a: Bruxish
|move|p2a: Metagross|Knock Off|p1a: Bruxish
|-supereffective|p1a: Bruxish
|-damage|p1a: Bruxish|0 fnt
|-enditem|p1a: Bruxish|Weakness Policy|[from] move: Knock Off|[of] p2a: Metagross
|faint|p1a: Bruxish
|
|upkeep
|
|t:|1776054620
|switch|p1a: Indeedee|Indeedee, M|100/100
|-fieldstart|move: Psychic Terrain|[from] ability: Psychic Surge|[of] p1a: Indeedee
|turn|17
|
|t:|1776054627
|move|p1a: Indeedee|Shadow Ball|p2a: Metagross
|-supereffective|p2a: Metagross
|-damage|p2a: Metagross|26/100
|-enditem|p2a: Metagross|Weakness Policy
|-boost|p2a: Metagross|atk|2|[from] item: Weakness Policy
|-boost|p2a: Metagross|spa|2|[from] item: Weakness Policy
|move|p2a: Metagross|Knock Off|p1a: Indeedee
|-supereffective|p1a: Indeedee
|-damage|p1a: Indeedee|0 fnt
|-enditem|p1a: Indeedee|Choice Scarf|[from] move: Knock Off|[of] p2a: Metagross
|faint|p1a: Indeedee
|
|upkeep
|-message|Gayroach forfeited.
|
|win|karimero24
|raw|Gayroach's rating: 1065 &rarr; <strong>1045</strong><br />(-20 for losing)
|raw|karimero24's rating: 1057 &rarr; <strong>1089</strong><br />(+32 for winning)
|l|☆Gayroach
|player|p1|
|l|☆karimero24
|player|p2|
