|html|<div class="broadcast-blue"><strong>[Gen 9] OU is currently suspecting Volcarona! For information on how to participate check out the <a href="https://www.smogon.com/tools/suspects/view/208">suspect thread</a>.</strong></div>
|j|☆Sprakenheit
|j|☆depl0rable
|t:|1778501230
|gametype|singles
|player|p1|Sprakenheit|marley|1350
|player|p2|depl0rable|102|1336
|gen|9
|tier|[Gen 9] OU
|rated|
|rule|HP Percentage Mod: HP is shown in percentages
|rule|Endless Battle Clause: Forcing endless battles is banned
|rule|Species Clause: Limit one of each Pokémon
|rule|OHKO Clause: OHKO moves are banned
|rule|Evasion Items Clause: Evasion items are banned
|rule|Evasion Moves Clause: Evasion moves are banned
|rule|Evasion Abilities Clause: Evasion abilities are banned
|rule|Sleep Moves Clause: Sleep-inducing moves are banned
|clearpoke
|poke|p1|Iron Valiant|
|poke|p1|Dragonite, M|
|poke|p1|Gholdengo|
|poke|p1|Glimmora, M|
|poke|p1|Walking Wake|
|poke|p1|Ogerpon, F|
|poke|p2|Ursaluna, M|
|poke|p2|Hatterene, F|
|poke|p2|Iron Hands|
|poke|p2|Ninetales-Alola, M|
|poke|p2|Rillaboom, F|
|poke|p2|Serperior, M|
|teampreview
|inactive|Battle timer is ON: inactive players will automatically lose when time's up. (requested by Sprakenheit)
|
|t:|1778501248
|teamsize|p1|6
|teamsize|p2|6
|start
|switch|p1a: Glimmora|Glimmora, M|100/100
|switch|p2a: Hatterene|Hatterene, F|100/100
|turn|1
|
|t:|1778501252
|move|p1a: Glimmora|Sludge Wave|p2a: Hatterene
|-supereffective|p2a: Hatterene
|-damage|p2a: Hatterene|4/100
|move|p2a: Hatterene|Psychic Noise|p1a: Glimmora
|-supereffective|p1a: Glimmora
|-damage|p1a: Glimmora|0 fnt
|faint|p1a: Glimmora
|
|upkeep
|
|t:|1778501259
|switch|p1a: Ogerpon|Ogerpon, F|100/100
|turn|2
|
|t:|1778501265
|move|p1a: Ogerpon|Knock Off|p2a: Hatterene
|-damage|p2a: Hatterene|0 fnt
|-enditem|p2a: Hatterene|Focus Sash|[from] move: Knock Off|[of] p1a: Ogerpon
|faint|p2a: Hatterene
|
|upkeep
|
|t:|1778501268
|switch|p2a: Ninetales|Ninetales-Alola, M|100/100
|-weather|Snowscape|[from] ability: Snow Warning|[of] p2a: Ninetales
|turn|3
|
|t:|1778501273
|move|p1a: Ogerpon|Knock Off|p2a: Ninetales
|-resisted|p2a: Ninetales
|-damage|p2a: Ninetales|86/100
|-enditem|p2a: Ninetales|Light Clay|[from] move: Knock Off|[of] p1a: Ogerpon
|move|p2a: Ninetales|Aurora Veil|p2a: Ninetales
|-sidestart|p2: depl0rable|move: Aurora Veil
|
|-weather|Snowscape|[upkeep]
|upkeep
|turn|4
|
|t:|1778501284
|switch|p2a: Rillaboom|Rillaboom, F|100/100
|-fieldstart|move: Grassy Terrain|[from] ability: Grassy Surge|[of] p2a: Rillaboom
|move|p1a: Ogerpon|Encore||[still]
|-fail|p1a: Ogerpon
|
|-weather|Snowscape|[upkeep]
|upkeep
|turn|5
|
|t:|1778501289
|-terastallize|p1a: Ogerpon|Grass
|detailschange|p1a: Ogerpon|Ogerpon-Teal-Tera, F, tera:Grass
|-ability|p1a: Ogerpon|Embody Aspect (Teal)|boost
|-boost|p1a: Ogerpon|spe|1
|move|p1a: Ogerpon|U-turn|p2a: Rillaboom
|-supereffective|p2a: Rillaboom
|-damage|p2a: Rillaboom|78/100
|
|t:|1778501295
|switch|p1a: Gholdengo|Gholdengo|100/100|[from] U-turn
|-item|p1a: Gholdengo|Air Balloon
|move|p2a: Rillaboom|U-turn|p1a: Gholdengo
|-resisted|p1a: Gholdengo
|-damage|p1a: Gholdengo|96/100
|-enditem|p1a: Gholdengo|Air Balloon
|inactive|depl0rable has 120 seconds left.
|
|t:|1778501328
|switch|p2a: Ursaluna|Ursaluna, M|100/100|[from] U-turn
|
|-weather|Snowscape|[upkeep]
|-heal|p1a: Gholdengo|100/100|[from] Grassy Terrain
|-status|p2a: Ursaluna|brn|[from] item: Flame Orb
|upkeep
|turn|6
|
|t:|1778501342
|switch|p1a: Dragonite|Dragonite, M|100/100
|move|p2a: Ursaluna|Swords Dance|p2a: Ursaluna
|-boost|p2a: Ursaluna|atk|2
|
|-weather|Snowscape|[upkeep]
|-damage|p2a: Ursaluna|94/100 brn|[from] brn
|upkeep
|turn|7
|
|t:|1778501358
|-terastallize|p2a: Ursaluna|Normal
|move|p1a: Dragonite|Ice Spinner|p2a: Ursaluna
|-damage|p2a: Ursaluna|83/100 brn
|-fieldend|move: Grassy Terrain
|move|p2a: Ursaluna|Facade|p1a: Dragonite
|-damage|p1a: Dragonite|0 fnt
|faint|p1a: Dragonite
|
|-weather|none
|-damage|p2a: Ursaluna|77/100 brn|[from] brn
|-sideend|p2: depl0rable|move: Aurora Veil
|upkeep
|
|t:|1778501377
|switch|p1a: Walking Wake|Walking Wake|100/100
|turn|8
|
|t:|1778501390
|move|p1a: Walking Wake|Surf|p2a: Ursaluna
|-damage|p2a: Ursaluna|43/100 brn
|move|p2a: Ursaluna|Facade|p1a: Walking Wake
|-damage|p1a: Walking Wake|0 fnt
|faint|p1a: Walking Wake
|-end|p1a: Walking Wake|Protosynthesis|[silent]
|
|-damage|p2a: Ursaluna|37/100 brn|[from] brn
|upkeep
|
|t:|1778501392
|switch|p1a: Iron Valiant|Iron Valiant|100/100
|-enditem|p1a: Iron Valiant|Booster Energy
|-activate|p1a: Iron Valiant|ability: Quark Drive|[fromitem]
|-start|p1a: Iron Valiant|quarkdrivespe
|turn|9
|
|t:|1778501396
|move|p1a: Iron Valiant|Aura Sphere|p2a: Ursaluna
|-supereffective|p2a: Ursaluna
|-damage|p2a: Ursaluna|0 fnt
|faint|p2a: Ursaluna
|
|upkeep
|
|t:|1778501400
|switch|p2a: Ninetales|Ninetales-Alola, M|86/100
|-weather|Snowscape|[from] ability: Snow Warning|[of] p2a: Ninetales
|turn|10
|
|t:|1778501406
|move|p1a: Iron Valiant|Moonblast|p2a: Ninetales
|-damage|p2a: Ninetales|38/100
|move|p2a: Ninetales|Aurora Veil|p2a: Ninetales
|-sidestart|p2: depl0rable|move: Aurora Veil
|
|-weather|Snowscape|[upkeep]
|upkeep
|turn|11
|
|t:|1778501414
|-end|p1a: Iron Valiant|Quark Drive|[silent]
|switch|p1a: Gholdengo|Gholdengo|100/100
|switch|p2a: Rillaboom|Rillaboom, F|78/100
|-fieldstart|move: Grassy Terrain|[from] ability: Grassy Surge|[of] p2a: Rillaboom
|
|-weather|Snowscape|[upkeep]
|-heal|p2a: Rillaboom|84/100|[from] Grassy Terrain
|upkeep
|turn|12
|
|t:|1778501426
|move|p1a: Gholdengo|Recover||[still]
|-fail|p1a: Gholdengo|heal
|move|p2a: Rillaboom|Knock Off|p1a: Gholdengo
|-supereffective|p1a: Gholdengo
|-damage|p1a: Gholdengo|68/100
|
|-weather|Snowscape|[upkeep]
|-heal|p1a: Gholdengo|74/100|[from] Grassy Terrain
|-heal|p2a: Rillaboom|91/100|[from] Grassy Terrain
|upkeep
|turn|13
|
|t:|1778501432
|move|p1a: Gholdengo|Recover|p1a: Gholdengo
|-heal|p1a: Gholdengo|100/100
|move|p2a: Rillaboom|Knock Off|p1a: Gholdengo
|-supereffective|p1a: Gholdengo
|-damage|p1a: Gholdengo|69/100
|
|-weather|Snowscape|[upkeep]
|-heal|p1a: Gholdengo|75/100|[from] Grassy Terrain
|-heal|p2a: Rillaboom|97/100|[from] Grassy Terrain
|upkeep
|turn|14
|
|t:|1778501440
|move|p1a: Gholdengo|Shadow Ball|p2a: Rillaboom
|-damage|p2a: Rillaboom|77/100
|move|p2a: Rillaboom|Knock Off|p1a: Gholdengo
|-supereffective|p1a: Gholdengo
|-damage|p1a: Gholdengo|41/100
|
|-weather|none
|-heal|p1a: Gholdengo|47/100|[from] Grassy Terrain
|-heal|p2a: Rillaboom|84/100|[from] Grassy Terrain
|-sideend|p2: depl0rable|move: Aurora Veil
|upkeep
|turn|15
|
|t:|1778501443
|move|p1a: Gholdengo|Recover|p1a: Gholdengo
|-heal|p1a: Gholdengo|98/100
|move|p2a: Rillaboom|Knock Off|p1a: Gholdengo
|-supereffective|p1a: Gholdengo
|-damage|p1a: Gholdengo|62/100
|
|-heal|p1a: Gholdengo|68/100|[from] Grassy Terrain
|-heal|p2a: Rillaboom|90/100|[from] Grassy Terrain
|upkeep
|turn|16
|
|t:|1778501448
|move|p1a: Gholdengo|Make It Rain|p2a: Rillaboom
|-damage|p2a: Rillaboom|32/100
|-unboost|p1a: Gholdengo|spa|1
|move|p2a: Rillaboom|Knock Off|p1a: Gholdengo
|-supereffective|p1a: Gholdengo
|-damage|p1a: Gholdengo|35/100
|
|-heal|p1a: Gholdengo|41/100|[from] Grassy Terrain
|-heal|p2a: Rillaboom|38/100|[from] Grassy Terrain
|upkeep
|turn|17
|
|t:|1778501453
|move|p1a: Gholdengo|Recover|p1a: Gholdengo
|-heal|p1a: Gholdengo|91/100
|move|p2a: Rillaboom|Knock Off|p1a: Gholdengo
|-supereffective|p1a: Gholdengo
|-damage|p1a: Gholdengo|54/100
|
|-heal|p1a: Gholdengo|60/100|[from] Grassy Terrain
|-heal|p2a: Rillaboom|44/100|[from] Grassy Terrain
|upkeep
|turn|18
|
|t:|1778501458
|move|p1a: Gholdengo|Shadow Ball|p2a: Rillaboom
|-damage|p2a: Rillaboom|16/100
|-unboost|p2a: Rillaboom|spd|1
|move|p2a: Rillaboom|Knock Off|p1a: Gholdengo
|-supereffective|p1a: Gholdengo
|-damage|p1a: Gholdengo|24/100
|
|-heal|p1a: Gholdengo|30/100|[from] Grassy Terrain
|-heal|p2a: Rillaboom|22/100|[from] Grassy Terrain
|-fieldend|move: Grassy Terrain
|upkeep
|turn|19
|
|t:|1778501466
|switch|p2a: Iron Hands|Iron Hands|100/100
|-enditem|p2a: Iron Hands|Booster Energy
|-activate|p2a: Iron Hands|ability: Quark Drive|[fromitem]
|-start|p2a: Iron Hands|quarkdriveatk
|move|p1a: Gholdengo|Recover|p1a: Gholdengo
|-heal|p1a: Gholdengo|81/100
|
|upkeep
|turn|20
|
|t:|1778501471
|move|p1a: Gholdengo|Psychic|p2a: Iron Hands
|-supereffective|p2a: Iron Hands
|-crit|p2a: Iron Hands
|-damage|p2a: Iron Hands|35/100
|move|p2a: Iron Hands|Swords Dance|p2a: Iron Hands
|-boost|p2a: Iron Hands|atk|2
|
|upkeep
|turn|21
|
|t:|1778501480
|move|p1a: Gholdengo|Psychic|p2a: Iron Hands
|-supereffective|p2a: Iron Hands
|-damage|p2a: Iron Hands|7/100
|-unboost|p2a: Iron Hands|spd|1
|move|p2a: Iron Hands|Supercell Slam|p1a: Gholdengo
|-damage|p1a: Gholdengo|0 fnt
|faint|p1a: Gholdengo
|
|upkeep
|
|t:|1778501498
|switch|p1a: Ogerpon|Ogerpon-Teal-Tera, F, tera:Grass|100/100
|-ability|p1a: Ogerpon|Embody Aspect (Teal)|boost
|-boost|p1a: Ogerpon|spe|1
|turn|22
|
|t:|1778501505
|move|p1a: Ogerpon|Ivy Cudgel|p2a: Iron Hands
|-damage|p2a: Iron Hands|0 fnt
|faint|p2a: Iron Hands
|-end|p2a: Iron Hands|Quark Drive|[silent]
|
|upkeep
|
|t:|1778501509
|switch|p2a: Ninetales|Ninetales-Alola, M|38/100
|-weather|Snowscape|[from] ability: Snow Warning|[of] p2a: Ninetales
|turn|23
|
|t:|1778501513
|move|p1a: Ogerpon|Ivy Cudgel|p2a: Ninetales
|-damage|p2a: Ninetales|0 fnt
|faint|p2a: Ninetales
|
|-weather|Snowscape|[upkeep]
|upkeep
|
|t:|1778501516
|switch|p2a: Rillaboom|Rillaboom, F|22/100
|-fieldstart|move: Grassy Terrain|[from] ability: Grassy Surge|[of] p2a: Rillaboom
|turn|24
|
|t:|1778501522
|move|p1a: Ogerpon|Knock Off|p2a: Rillaboom
|-damage|p2a: Rillaboom|0 fnt
|-enditem|p2a: Rillaboom|Terrain Extender|[from] move: Knock Off|[of] p1a: Ogerpon
|faint|p2a: Rillaboom
|
|-weather|Snowscape|[upkeep]
|upkeep
|
|t:|1778501526
|switch|p2a: Serperior|Serperior, M|100/100
|turn|25
|
|t:|1778501529
|move|p1a: Ogerpon|U-turn|p2a: Serperior
|-supereffective|p2a: Serperior
|-damage|p2a: Serperior|45/100
|
|t:|1778501531
|switch|p1a: Iron Valiant|Iron Valiant|100/100|[from] U-turn
|move|p2a: Serperior|Leaf Storm|p1a: Iron Valiant|[miss]
|-miss|p2a: Serperior|p1a: Iron Valiant
|
|-weather|Snowscape|[upkeep]
|-heal|p2a: Serperior|51/100|[from] Grassy Terrain
|upkeep
|turn|26
|
|t:|1778501535
|move|p2a: Serperior|Leaf Storm|p1a: Iron Valiant
|-damage|p1a: Iron Valiant|0 fnt
|-boost|p2a: Serperior|spa|2
|faint|p1a: Iron Valiant
|-end|p1a: Iron Valiant|Quark Drive|[silent]
|
|-weather|Snowscape|[upkeep]
|-heal|p2a: Serperior|57/100|[from] Grassy Terrain
|upkeep
|
|t:|1778501538
|switch|p1a: Ogerpon|Ogerpon-Teal-Tera, F, tera:Grass|100/100
|-ability|p1a: Ogerpon|Embody Aspect (Teal)|boost
|-boost|p1a: Ogerpon|spe|1
|turn|27
|
|t:|1778501545
|move|p1a: Ogerpon|U-turn|p2a: Serperior
|-supereffective|p2a: Serperior
|-damage|p2a: Serperior|2/100
|move|p2a: Serperior|Leaf Storm|p1a: Ogerpon
|-resisted|p1a: Ogerpon
|-damage|p1a: Ogerpon|23/100
|-boost|p2a: Serperior|spa|2
|
|-weather|none
|-heal|p1a: Ogerpon|29/100|[from] Grassy Terrain
|-heal|p2a: Serperior|8/100|[from] Grassy Terrain
|upkeep
|turn|28
|
|t:|1778501549
|move|p1a: Ogerpon|Ivy Cudgel|p2a: Serperior
|-resisted|p2a: Serperior
|-damage|p2a: Serperior|0 fnt
|faint|p2a: Serperior
|
|win|Sprakenheit
|raw|Sprakenheit's rating: 1350 &rarr; <strong>1369</strong><br />(+19 for winning)
|raw|depl0rable's rating: 1336 &rarr; <strong>1317</strong><br />(-19 for losing)
