|html|<div class="broadcast-blue"><strong>[Gen 9] OU is currently suspecting Volcarona! For information on how to participate check out the <a href="https://www.smogon.com/tools/suspects/view/208">suspect thread</a>.</strong></div>
|j|☆chujewilkolaka
|j|☆jonathan19208
|t:|1778514835
|gametype|singles
|player|p1|chujewilkolaka|pokemonbreederf-gen4|1172
|player|p2|jonathan19208|brycenman|1203
|gen|9
|tier|[Gen 9] OU
|rated|
|rule|HP Percentage Mod: HP is shown in percentages
|rule|Endless Battle Clause: Forcing endless battles is banned
|rule|Species Clause: Limit one of each Pokémon
|rule|OHKO Clause: OHKO moves are banned
|rule|Evasion Items Clause: Evasion items are banned
|rule|Evasion Moves Clause: Evasion moves are banned
|rule|Evasion Abilities Clause: Evasion abilities are banned
|rule|Sleep Moves Clause: Sleep-inducing moves are banned
|clearpoke
|poke|p1|Heatran, F|
|poke|p1|Gliscor, M|
|poke|p1|Alomomola, F|
|poke|p1|Blissey, F|
|poke|p1|Garganacl, M|
|poke|p1|Weezing-Galar, M|
|poke|p2|Regidrago|
|poke|p2|Ceruledge, F|
|poke|p2|Gholdengo|
|poke|p2|Iron Valiant|
|poke|p2|Great Tusk|
|poke|p2|Walking Wake|
|teampreview
|
|t:|1778514865
|teamsize|p1|6
|teamsize|p2|6
|start
|switch|p1a: charles|Gliscor, M|100/100
|switch|p2a: Gholdengo|Gholdengo|100/100
|-item|p2a: Gholdengo|Air Balloon
|turn|1
|
|t:|1778514877
|switch|p1a: Blissey|Blissey, F|100/100
|move|p2a: Gholdengo|Make It Rain|p1a: Blissey
|-damage|p1a: Blissey|84/100
|-unboost|p2a: Gholdengo|spa|1
|
|upkeep
|turn|2
|
|t:|1778514894
|switch|p2a: Iron Valiant|Iron Valiant|100/100
|-enditem|p2a: Iron Valiant|Booster Energy
|-activate|p2a: Iron Valiant|ability: Quark Drive|[fromitem]
|-start|p2a: Iron Valiant|quarkdrivespe
|move|p1a: Blissey|Stealth Rock|p2a: Iron Valiant
|-sidestart|p2: jonathan19208|move: Stealth Rock
|
|upkeep
|turn|3
|
|t:|1778514910
|switch|p1a: normal girl|Alomomola, F|100/100
|move|p2a: Iron Valiant|Knock Off|p1a: normal girl
|-damage|p1a: normal girl|85/100
|-damage|p2a: Iron Valiant|84/100|[from] item: Rocky Helmet|[of] p1a: normal girl
|-enditem|p1a: normal girl|Rocky Helmet|[from] move: Knock Off|[of] p2a: Iron Valiant
|
|upkeep
|turn|4
|
|t:|1778514922
|move|p2a: Iron Valiant|Moonblast|p1a: normal girl
|-damage|p1a: normal girl|33/100
|move|p1a: normal girl|Flip Turn|p2a: Iron Valiant
|-damage|p2a: Iron Valiant|65/100
|
|t:|1778514930
|switch|p1a: car seat headrest|Weezing-Galar, M|100/100|[from] Flip Turn
|
|upkeep
|turn|5
|
|t:|1778514958
|-end|p2a: Iron Valiant|Quark Drive|[silent]
|switch|p2a: Gholdengo|Gholdengo|100/100
|-damage|p2a: Gholdengo|94/100|[from] Stealth Rock
|-item|p2a: Gholdengo|Air Balloon
|move|p1a: car seat headrest|Toxic|p2a: Gholdengo
|-immune|p2a: Gholdengo|[from] ability: Good as Gold
|
|upkeep
|turn|6
|
|t:|1778514967
|switch|p1a: Blissey|Blissey, F|84/100
|move|p2a: Gholdengo|Nasty Plot|p2a: Gholdengo
|-boost|p2a: Gholdengo|spa|2
|
|upkeep
|turn|7
|
|t:|1778514979
|move|p2a: Gholdengo|Nasty Plot|p2a: Gholdengo
|-boost|p2a: Gholdengo|spa|2
|move|p1a: Blissey|Shadow Ball|p2a: Gholdengo
|-supereffective|p2a: Gholdengo
|-damage|p2a: Gholdengo|60/100
|-unboost|p2a: Gholdengo|spd|1
|-enditem|p2a: Gholdengo|Air Balloon
|
|upkeep
|turn|8
|
|t:|1778514987
|move|p2a: Gholdengo|Focus Blast|p1a: Blissey
|-supereffective|p1a: Blissey
|-damage|p1a: Blissey|9/100
|move|p1a: Blissey|Shadow Ball|p2a: Gholdengo
|-supereffective|p2a: Gholdengo
|-damage|p2a: Gholdengo|6/100
|
|upkeep
|turn|9
|
|t:|1778515008
|switch|p1a: car seat headrest|Weezing-Galar, M|100/100
|move|p2a: Gholdengo|Focus Blast|p1a: car seat headrest
|-resisted|p1a: car seat headrest
|-damage|p1a: car seat headrest|72/100
|
|-heal|p1a: car seat headrest|78/100|[from] item: Leftovers
|upkeep
|turn|10
|inactive|Battle timer is ON: inactive players will automatically lose when time's up. (requested by jonathan19208)
|inactive|chujewilkolaka has 120 seconds left.
|
|t:|1778515091
|move|p2a: Gholdengo|Make It Rain|p1a: car seat headrest
|-supereffective|p1a: car seat headrest
|-damage|p1a: car seat headrest|0 fnt
|-unboost|p2a: Gholdengo|spa|1
|faint|p1a: car seat headrest
|
|upkeep
|
|t:|1778515099
|switch|p1a: Heatran|Heatran, F|100/100
|turn|11
|
|t:|1778515106
|move|p1a: Heatran|Protect|p1a: Heatran
|-singleturn|p1a: Heatran|Protect
|move|p2a: Gholdengo|Focus Blast|p1a: Heatran
|-activate|p1a: Heatran|move: Protect
|
|upkeep
|turn|12
|
|t:|1778515121
|move|p2a: Gholdengo|Focus Blast|p1a: Heatran|[miss]
|-miss|p2a: Gholdengo|p1a: Heatran
|move|p1a: Heatran|Magma Storm|p2a: Gholdengo
|-supereffective|p2a: Gholdengo
|-damage|p2a: Gholdengo|0 fnt
|faint|p2a: Gholdengo
|
|upkeep
|
|t:|1778515132
|switch|p2a: Great Tusk|Great Tusk|100/100
|-damage|p2a: Great Tusk|98/100|[from] Stealth Rock
|-enditem|p2a: Great Tusk|Booster Energy
|-activate|p2a: Great Tusk|ability: Protosynthesis|[fromitem]
|-start|p2a: Great Tusk|protosynthesisspe
|turn|13
|
|t:|1778515140
|move|p1a: Heatran|Protect|p1a: Heatran
|-singleturn|p1a: Heatran|Protect
|move|p2a: Great Tusk|Rapid Spin|p1a: Heatran
|-activate|p1a: Heatran|move: Protect
|
|upkeep
|turn|14
|
|t:|1778515163
|switch|p1a: charles|Gliscor, M|100/100
|move|p2a: Great Tusk|Rapid Spin|p1a: charles
|-damage|p1a: charles|91/100
|-boost|p2a: Great Tusk|spe|1
|-sideend|p2: jonathan19208|Stealth Rock|[from] move: Rapid Spin|[of] p2a: Great Tusk
|
|-status|p1a: charles|tox|[from] item: Toxic Orb
|upkeep
|turn|15
|
|t:|1778515171
|move|p1a: charles|Protect|p1a: charles
|-singleturn|p1a: charles|Protect
|move|p2a: Great Tusk|Ice Spinner|p1a: charles
|-activate|p1a: charles|move: Protect
|
|-heal|p1a: charles|100/100 tox|[from] ability: Poison Heal
|upkeep
|turn|16
|
|t:|1778515182
|switch|p1a: normal girl|Alomomola, F|66/100
|move|p2a: Great Tusk|Ice Spinner|p1a: normal girl
|-resisted|p1a: normal girl
|-damage|p1a: normal girl|60/100
|
|upkeep
|turn|17
|
|t:|1778515189
|move|p2a: Great Tusk|Bulk Up|p2a: Great Tusk
|-boost|p2a: Great Tusk|atk|1
|-boost|p2a: Great Tusk|def|1
|move|p1a: normal girl|Wish|p1a: normal girl
|
|upkeep
|turn|18
|
|t:|1778515195
|move|p2a: Great Tusk|Bulk Up|p2a: Great Tusk
|-boost|p2a: Great Tusk|atk|1
|-boost|p2a: Great Tusk|def|1
|move|p1a: normal girl|Scald|p2a: Great Tusk
|-supereffective|p2a: Great Tusk
|-damage|p2a: Great Tusk|60/100
|
|-heal|p1a: normal girl|100/100|[from] move: Wish|[wisher] normal girl
|upkeep
|turn|19
|
|t:|1778515210
|move|p2a: Great Tusk|Earthquake|p1a: normal girl
|-damage|p1a: normal girl|51/100
|move|p1a: normal girl|Flip Turn|p2a: Great Tusk
|-supereffective|p2a: Great Tusk
|-damage|p2a: Great Tusk|50/100
|
|t:|1778515217
|switch|p1a: charles|Gliscor, M|100/100 tox|[from] Flip Turn
|
|upkeep
|turn|20
|
|t:|1778515229
|-terastallize|p1a: charles|Water
|move|p2a: Great Tusk|Ice Spinner|p1a: charles
|-resisted|p1a: charles
|-damage|p1a: charles|87/100 tox
|move|p1a: charles|Toxic|p2a: Great Tusk
|-status|p2a: Great Tusk|tox
|
|-damage|p2a: Great Tusk|43/100 tox|[from] psn
|-heal|p1a: charles|99/100 tox|[from] ability: Poison Heal
|upkeep
|turn|21
|
|t:|1778515243
|move|p2a: Great Tusk|Earthquake|p1a: charles
|-damage|p1a: charles|43/100 tox
|move|p1a: charles|Substitute|p1a: charles
|-start|p1a: charles|Substitute
|-damage|p1a: charles|18/100 tox
|
|-damage|p2a: Great Tusk|31/100 tox|[from] psn
|-heal|p1a: charles|30/100 tox|[from] ability: Poison Heal
|upkeep
|turn|22
|
|t:|1778515252
|move|p1a: charles|Protect|p1a: charles
|-singleturn|p1a: charles|Protect
|move|p2a: Great Tusk|Earthquake|p1a: charles
|-activate|p1a: charles|move: Protect
|
|-damage|p2a: Great Tusk|12/100 tox|[from] psn
|-heal|p1a: charles|43/100 tox|[from] ability: Poison Heal
|upkeep
|turn|23
|
|t:|1778515262
|move|p2a: Great Tusk|Earthquake|p1a: charles
|-crit|p1a: charles
|-end|p1a: charles|Substitute
|move|p1a: charles|Knock Off|p2a: Great Tusk
|-resisted|p2a: Great Tusk
|-damage|p2a: Great Tusk|10/100 tox
|
|-damage|p2a: Great Tusk|0 fnt|[from] psn
|faint|p2a: Great Tusk
|-end|p2a: Great Tusk|Protosynthesis|[silent]
|-heal|p1a: charles|55/100 tox|[from] ability: Poison Heal
|upkeep
|
|t:|1778515273
|switch|p2a: Ceruledge|Ceruledge, F|100/100
|turn|24
|
|t:|1778515277
|move|p2a: Ceruledge|Swords Dance|p2a: Ceruledge
|-boost|p2a: Ceruledge|atk|2
|move|p1a: charles|Toxic|p2a: Ceruledge
|-status|p2a: Ceruledge|tox
|
|-damage|p2a: Ceruledge|94/100 tox|[from] psn
|-heal|p1a: charles|68/100 tox|[from] ability: Poison Heal
|upkeep
|turn|25
|inactive|jonathan19208 has 120 seconds left.
|
|t:|1778515314
|move|p1a: charles|Protect|p1a: charles
|-singleturn|p1a: charles|Protect
|move|p2a: Ceruledge|Poltergeist|p1a: charles
|-activate|p1a: charles|move: Protect
|
|-damage|p2a: Ceruledge|82/100 tox|[from] psn
|-heal|p1a: charles|80/100 tox|[from] ability: Poison Heal
|upkeep
|turn|26
|inactive|jonathan19208 has 120 seconds left.
|
|t:|1778515331
|move|p2a: Ceruledge|Poltergeist|p1a: charles
|-activate|p1a: charles|move: Poltergeist|Toxic Orb
|-damage|p1a: charles|8/100 tox
|move|p1a: charles|Knock Off|p2a: Ceruledge
|-supereffective|p2a: Ceruledge
|-damage|p2a: Ceruledge|17/100 tox
|-ability|p2a: Ceruledge|Weak Armor|boost
|-unboost|p2a: Ceruledge|def|1
|-boost|p2a: Ceruledge|spe|2
|-enditem|p2a: Ceruledge|Focus Sash|[from] move: Knock Off|[of] p1a: charles
|
|-damage|p2a: Ceruledge|0 fnt|[from] psn
|faint|p2a: Ceruledge
|-heal|p1a: charles|21/100 tox|[from] ability: Poison Heal
|upkeep
|inactive|jonathan19208 has 120 seconds left.
|
|t:|1778515353
|switch|p2a: Walking Wake|Walking Wake|100/100
|turn|27
|
|t:|1778515363
|move|p1a: charles|Protect|p1a: charles
|-singleturn|p1a: charles|Protect
|move|p2a: Walking Wake|Dragon Pulse|p1a: charles
|-activate|p1a: charles|move: Protect
|
|-heal|p1a: charles|33/100 tox|[from] ability: Poison Heal
|upkeep
|turn|28
|
|t:|1778515379
|move|p1a: charles|Protect|p1a: charles
|-singleturn|p1a: charles|Protect
|move|p2a: Walking Wake|Dragon Pulse|p1a: charles
|-activate|p1a: charles|move: Protect
|
|-heal|p1a: charles|45/100 tox|[from] ability: Poison Heal
|upkeep
|turn|29
|inactive|jonathan19208 has 120 seconds left.
|
|t:|1778515388
|switch|p1a: normal girl|Alomomola, F|84/100
|move|p2a: Walking Wake|Dragon Pulse|p1a: normal girl
|-damage|p1a: normal girl|5/100
|
|upkeep
|turn|30
|
|t:|1778515395
|move|p1a: normal girl|Protect|p1a: normal girl
|-singleturn|p1a: normal girl|Protect
|move|p2a: Walking Wake|Dragon Pulse|p1a: normal girl
|-activate|p1a: normal girl|move: Protect
|
|upkeep
|turn|31
|c|☆jonathan19208|are we being deadass
|c|☆jonathan19208|stop hacking
|
|t:|1778515408
|move|p2a: Walking Wake|Dragon Pulse|p1a: normal girl
|-damage|p1a: normal girl|0 fnt
|faint|p1a: normal girl
|
|upkeep
|c|☆chujewilkolaka|?
|c|☆jonathan19208|how many protects are you going to confirm
|
|t:|1778515436
|switch|p1a: charles|Gliscor, M, tera:Water|45/100 tox
|turn|32
|
|t:|1778515441
|move|p1a: charles|Protect|p1a: charles
|-singleturn|p1a: charles|Protect
|move|p2a: Walking Wake|Dragon Pulse|p1a: charles
|-activate|p1a: charles|move: Protect
|
|-heal|p1a: charles|58/100 tox|[from] ability: Poison Heal
|upkeep
|turn|33
|
|t:|1778515447
|move|p2a: Walking Wake|Dragon Pulse|p1a: charles
|-damage|p1a: charles|0 fnt
|faint|p1a: charles
|
|upkeep
|
|t:|1778515450
|switch|p1a: Heatran|Heatran, F|100/100
|turn|34
|
|t:|1778515456
|-end|p2a: Walking Wake|Protosynthesis|[silent]
|switch|p2a: Iron Valiant|Iron Valiant|65/100
|move|p1a: Heatran|Magma Storm|p2a: Iron Valiant
|-damage|p2a: Iron Valiant|0 fnt
|faint|p2a: Iron Valiant
|-end|p2a: Iron Valiant|Quark Drive|[silent]
|
|upkeep
|
|t:|1778515462
|switch|p2a: Walking Wake|Walking Wake|100/100
|turn|35
|
|t:|1778515466
|move|p2a: Walking Wake|Hydro Steam|p1a: Heatran
|-supereffective|p1a: Heatran
|-damage|p1a: Heatran|24/100
|move|p1a: Heatran|Magma Storm|p2a: Walking Wake
|-resisted|p2a: Walking Wake
|-damage|p2a: Walking Wake|89/100
|-activate|p2a: Walking Wake|move: Magma Storm|[of] p1a: Heatran
|
|-heal|p1a: Heatran|30/100|[from] item: Leftovers
|-damage|p2a: Walking Wake|77/100|[from] move: Magma Storm|[partiallytrapped]
|upkeep
|turn|36
|
|t:|1778515477
|move|p1a: Heatran|Protect|p1a: Heatran
|-singleturn|p1a: Heatran|Protect
|move|p2a: Walking Wake|Hydro Steam|p1a: Heatran
|-activate|p1a: Heatran|move: Protect
|
|-heal|p1a: Heatran|36/100|[from] item: Leftovers
|-damage|p2a: Walking Wake|65/100|[from] move: Magma Storm|[partiallytrapped]
|upkeep
|turn|37
|
|t:|1778515486
|move|p1a: Heatran|Protect|p1a: Heatran
|-singleturn|p1a: Heatran|Protect
|move|p2a: Walking Wake|Hydro Steam|p1a: Heatran
|-activate|p1a: Heatran|move: Protect
|
|-heal|p1a: Heatran|42/100|[from] item: Leftovers
|-damage|p2a: Walking Wake|52/100|[from] move: Magma Storm|[partiallytrapped]
|upkeep
|turn|38
|
|t:|1778515495
|move|p1a: Heatran|Protect||[still]
|-fail|p1a: Heatran
|move|p2a: Walking Wake|Hydro Steam|p1a: Heatran
|-supereffective|p1a: Heatran
|-damage|p1a: Heatran|0 fnt
|faint|p1a: Heatran
|
|-end|p2a: Walking Wake|Magma Storm|[partiallytrapped]|[silent]
|upkeep
|
|t:|1778515497
|switch|p1a: Garganacl|Garganacl, M|100/100
|turn|39
|
|t:|1778515503
|move|p2a: Walking Wake|Hydro Steam|p1a: Garganacl
|-supereffective|p1a: Garganacl
|-damage|p1a: Garganacl|0 fnt
|faint|p1a: Garganacl
|
|upkeep
|-message|chujewilkolaka forfeited.
|
|win|jonathan19208
|raw|chujewilkolaka's rating: 1172 &rarr; <strong>1149</strong><br />(-23 for losing)
|raw|jonathan19208's rating: 1203 &rarr; <strong>1226</strong><br />(+23 for winning)
|l|☆chujewilkolaka
|player|p1|
