|html|<div class="broadcast-blue"><strong>[Gen 9] OU is currently suspecting Volcarona! For information on how to participate check out the <a href="https://www.smogon.com/tools/suspects/view/208">suspect thread</a>.</strong></div>
|j|☆iguinhogames
|j|☆NeptuneInShowdown
|t:|1778508148
|gametype|singles
|player|p1|iguinhogames|burglar|1193
|player|p2|NeptuneInShowdown|policeman-gen4|1215
|gen|9
|tier|[Gen 9] OU
|rated|
|rule|HP Percentage Mod: HP is shown in percentages
|rule|Endless Battle Clause: Forcing endless battles is banned
|rule|Species Clause: Limit one of each Pokémon
|rule|OHKO Clause: OHKO moves are banned
|rule|Evasion Items Clause: Evasion items are banned
|rule|Evasion Moves Clause: Evasion moves are banned
|rule|Evasion Abilities Clause: Evasion abilities are banned
|rule|Sleep Moves Clause: Sleep-inducing moves are banned
|clearpoke
|poke|p1|Garganacl, F|
|poke|p1|Darkrai|
|poke|p1|Great Tusk|
|poke|p1|Hatterene, F|
|poke|p1|Tornadus-Therian, M|
|poke|p1|Dragonite, M|
|poke|p2|Hatterene, F|
|poke|p2|Gallade, M|
|poke|p2|Porygon2|
|poke|p2|Ursaluna, M|
|poke|p2|Torkoal, M|
|poke|p2|Exeggutor-Alola, F|
|teampreview
|
|t:|1778508151
|teamsize|p1|6
|teamsize|p2|6
|start
|switch|p1a: Darkrai|Darkrai|100/100
|switch|p2a: Duck|Porygon2, shiny|100/100
|-ability|p2a: Duck|Bad Dreams|Trace|[from] ability: Trace|[of] p1a: Darkrai
|turn|1
|
|t:|1778508163
|move|p1a: Darkrai|Focus Blast|p2a: Duck|[miss]
|-miss|p1a: Darkrai|p2a: Duck
|move|p2a: Duck|Trick Room|p2a: Duck
|-fieldstart|move: Trick Room|[of] p2a: Duck
|
|upkeep
|turn|2
|inactive|Battle timer is ON: inactive players will automatically lose when time's up. (requested by NeptuneInShowdown)
|
|t:|1778508191
|switch|p2a: Torkoal|Torkoal, M|100/100
|-weather|SunnyDay|[from] ability: Drought|[of] p2a: Torkoal
|move|p1a: Darkrai|Focus Blast|p2a: Torkoal
|-damage|p2a: Torkoal|18/100
|
|-weather|SunnyDay|[upkeep]
|upkeep
|turn|3
|inactive|iguinhogames has 120 seconds left.
|inactive|iguinhogames has 90 seconds left.
|
|t:|1778508258
|move|p2a: Torkoal|Weather Ball|p1a: Darkrai
|-damage|p1a: Darkrai|0 fnt
|faint|p1a: Darkrai
|
|-weather|SunnyDay|[upkeep]
|upkeep
|
|t:|1778508272
|switch|p1a: Garganacl|Garganacl, F|100/100
|turn|4
|
|t:|1778508277
|-terastallize|p1a: Garganacl|Water
|move|p2a: Torkoal|Weather Ball|p1a: Garganacl
|-resisted|p1a: Garganacl
|-damage|p1a: Garganacl|68/100
|move|p1a: Garganacl|Salt Cure|p2a: Torkoal
|-supereffective|p2a: Torkoal
|-damage|p2a: Torkoal|0 fnt
|faint|p2a: Torkoal
|
|-weather|SunnyDay|[upkeep]
|-heal|p1a: Garganacl|74/100|[from] item: Leftovers
|upkeep
|
|t:|1778508287
|switch|p2a: Egg|Exeggutor-Alola, F|100/100
|-item|p1a: Garganacl|Leftovers|[from] ability: Frisk|[of] p2a: Egg
|turn|5
|
|t:|1778508293
|switch|p1a: Hatterene|Hatterene, F|100/100
|move|p2a: Egg|Calm Mind|p2a: Egg
|-boost|p2a: Egg|spa|1
|-boost|p2a: Egg|spd|1
|
|-weather|SunnyDay|[upkeep]
|-fieldend|move: Trick Room
|upkeep
|turn|6
|
|t:|1778508301
|-terastallize|p2a: Egg|Fire
|move|p2a: Egg|Calm Mind|p2a: Egg
|-boost|p2a: Egg|spa|1
|-boost|p2a: Egg|spd|1
|move|p1a: Hatterene|Dazzling Gleam|p2a: Egg
|-resisted|p2a: Egg
|-damage|p2a: Egg|91/100
|
|-weather|none
|-heal|p2a: Egg|97/100|[from] item: Leftovers
|upkeep
|turn|7
|
|t:|1778508310
|move|p1a: Hatterene|Nuzzle|p2a: Egg
|-damage|p2a: Egg|93/100
|-status|p2a: Egg|par
|move|p2a: Egg|Trick Room|p2a: Egg
|-fieldstart|move: Trick Room|[of] p2a: Egg
|
|-heal|p2a: Egg|99/100 par|[from] item: Leftovers
|upkeep
|turn|8
|
|t:|1778508318
|move|p2a: Egg|Calm Mind|p2a: Egg
|-boost|p2a: Egg|spa|1
|-boost|p2a: Egg|spd|1
|move|p1a: Hatterene|Future Sight|p2a: Egg
|-start|p1a: Hatterene|move: Future Sight
|
|-heal|p2a: Egg|100/100 par|[from] item: Leftovers
|upkeep
|turn|9
|inactive|iguinhogames has 120 seconds left.
|
|t:|1778508324
|switch|p1a: Garganacl|Garganacl, F, tera:Water|74/100
|move|p2a: Egg|Giga Drain|p1a: Garganacl
|-supereffective|p1a: Garganacl
|-crit|p1a: Garganacl
|-damage|p1a: Garganacl|0 fnt
|faint|p1a: Garganacl
|
|upkeep
|inactive|iguinhogames has 120 seconds left.
|
|t:|1778508331
|switch|p1a: Great Tusk|Great Tusk|100/100
|-enditem|p1a: Great Tusk|Booster Energy
|-activate|p1a: Great Tusk|ability: Protosynthesis|[fromitem]
|-start|p1a: Great Tusk|protosynthesisatk
|turn|10
|
|t:|1778508336
|move|p2a: Egg|Giga Drain|p1a: Great Tusk
|-supereffective|p1a: Great Tusk
|-damage|p1a: Great Tusk|0 fnt
|faint|p1a: Great Tusk
|-end|p1a: Great Tusk|Protosynthesis|[silent]
|
|-end|p2a: Egg|move: Future Sight
|-damage|p2a: Egg|75/100 par
|-heal|p2a: Egg|81/100 par|[from] item: Leftovers
|upkeep
|l|☆iguinhogames
|inactive|iguinhogames disconnected and has a minute to reconnect!
|player|p1|
|inactive|iguinhogames has 30 seconds to reconnect!
|inactive|iguinhogames has 20 seconds to reconnect!
|inactive|iguinhogames has 15 seconds to reconnect!
|inactive|iguinhogames has 10 seconds to reconnect!
|inactive|iguinhogames has 5 seconds to reconnect!
|-message|iguinhogames lost due to inactivity.
|
|win|NeptuneInShowdown
|raw|iguinhogames's rating: 1193 &rarr; <strong>1170</strong><br />(-23 for losing)
|raw|NeptuneInShowdown's rating: 1215 &rarr; <strong>1238</strong><br />(+23 for winning)
|l|☆NeptuneInShowdown
|player|p2|
