|html|<div class="broadcast-blue"><strong>[Gen 9] OU is currently suspecting Tera Blast! For information on how to participate check out the <a href="https://www.smogon.com/tools/suspects/view/200">suspect thread</a>.</strong></div>
|j|☆Elgepetas
|j|☆Lincen
|t:|1776194394
|gametype|singles
|player|p1|Elgepetas|170|1170
|player|p2|Lincen|lucas|1165
|gen|9
|tier|[Gen 9] OU
|rated|
|rule|HP Percentage Mod: HP is shown in percentages
|rule|Endless Battle Clause: Forcing endless battles is banned
|rule|Species Clause: Limit one of each Pokémon
|rule|OHKO Clause: OHKO moves are banned
|rule|Evasion Items Clause: Evasion items are banned
|rule|Evasion Moves Clause: Evasion moves are banned
|rule|Evasion Abilities Clause: Evasion abilities are banned
|rule|Sleep Moves Clause: Sleep-inducing moves are banned
|clearpoke
|poke|p1|Toxapex, M|
|poke|p1|Skarmory, M|
|poke|p1|Blissey, F|
|poke|p1|Cinderace, F|
|poke|p1|Great Tusk|
|poke|p1|Darkrai|
|poke|p2|Tyranitar, M|
|poke|p2|Garchomp, F|
|poke|p2|Rotom-Wash|
|poke|p2|Bronzong|
|poke|p2|Infernape, F|
|poke|p2|Spiritomb, M|
|teampreview
|
|t:|1776194410
|teamsize|p1|6
|teamsize|p2|6
|start
|switch|p1a: Cinderace|Cinderace, F|100/100
|switch|p2a: Infernape|Infernape, F|100/100
|turn|1
|inactive|Battle timer is ON: inactive players will automatically lose when time's up. (requested by Elgepetas)
|
|t:|1776194420
|move|p1a: Cinderace|U-turn|p2a: Infernape
|-start|p1a: Cinderace|typechange|Bug|[from] ability: Libero
|-resisted|p2a: Infernape
|-damage|p2a: Infernape|82/100
|
|t:|1776194426
|switch|p1a: Toxapex|Toxapex, M|100/100|[from] U-turn
|move|p2a: Infernape|Scorching Sands|p1a: Toxapex
|-supereffective|p1a: Toxapex
|-damage|p1a: Toxapex|51/100
|
|-heal|p1a: Toxapex|57/100|[from] item: Black Sludge
|upkeep
|turn|2
|
|t:|1776194439
|switch|p2a: Rotom|Rotom-Wash|100/100
|switch|p1a: Great Tusk|Great Tusk|100/100
|
|upkeep
|turn|3
|
|t:|1776194448
|-end|p1a: Great Tusk|Protosynthesis|[silent]
|switch|p1a: Blissey|Blissey, F|100/100
|move|p2a: Rotom|Hydro Pump|p1a: Blissey|[miss]
|-miss|p2a: Rotom|p1a: Blissey
|
|upkeep
|turn|4
|
|t:|1776194454
|move|p2a: Rotom|Will-O-Wisp|p1a: Blissey
|-status|p1a: Blissey|brn
|move|p1a: Blissey|Stealth Rock|p2a: Rotom
|-sidestart|p2: Lincen|move: Stealth Rock
|
|-damage|p1a: Blissey|94/100 brn|[from] brn
|upkeep
|turn|5
|
|t:|1776194465
|move|p2a: Rotom|Volt Switch|p1a: Blissey
|-damage|p1a: Blissey|87/100 brn
|
|t:|1776194473
|switch|p2a: Garchomp|Garchomp, F|100/100|[from] Volt Switch
|-damage|p2a: Garchomp|94/100|[from] Stealth Rock
|move|p1a: Blissey|Seismic Toss|p2a: Garchomp
|-damage|p2a: Garchomp|66/100
|-damage|p1a: Blissey|74/100 brn|[from] ability: Rough Skin|[of] p2a: Garchomp
|-damage|p1a: Blissey|58/100 brn|[from] item: Rocky Helmet|[of] p2a: Garchomp
|
|-heal|p1a: Blissey|64/100 brn|[from] item: Leftovers
|-damage|p1a: Blissey|58/100 brn|[from] brn
|upkeep
|turn|6
|
|t:|1776194485
|-curestatus|p1a: Blissey|brn|[from] ability: Natural Cure
|switch|p1a: Skarmory|Skarmory, M|100/100
|move|p2a: Garchomp|Swords Dance|p2a: Garchomp
|-boost|p2a: Garchomp|atk|2
|
|upkeep
|turn|7
|
|t:|1776194498
|move|p2a: Garchomp|Swords Dance|p2a: Garchomp
|-boost|p2a: Garchomp|atk|2
|move|p1a: Skarmory|Roar|p2a: Garchomp
|drag|p2a: Bronzong|Bronzong|100/100
|-damage|p2a: Bronzong|94/100|[from] Stealth Rock
|
|-heal|p2a: Bronzong|100/100|[from] item: Leftovers
|upkeep
|turn|8
|
|t:|1776194513
|move|p1a: Skarmory|Taunt|p2a: Bronzong
|-start|p2a: Bronzong|move: Taunt
|move|p2a: Bronzong|Flash Cannon|p1a: Skarmory
|-resisted|p1a: Skarmory
|-damage|p1a: Skarmory|86/100
|-unboost|p1a: Skarmory|spd|1
|
|upkeep
|turn|9
|
|t:|1776194520
|move|p1a: Skarmory|Spikes|p2a: Bronzong
|-sidestart|p2: Lincen|Spikes
|move|p2a: Bronzong|Flash Cannon|p1a: Skarmory
|-resisted|p1a: Skarmory
|-damage|p1a: Skarmory|63/100
|
|upkeep
|turn|10
|
|t:|1776194535
|move|p1a: Skarmory|Spikes|p2a: Bronzong
|-sidestart|p2: Lincen|Spikes
|move|p2a: Bronzong|Flash Cannon|p1a: Skarmory
|-resisted|p1a: Skarmory
|-damage|p1a: Skarmory|42/100
|
|-end|p2a: Bronzong|move: Taunt
|upkeep
|turn|11
|
|t:|1776194541
|move|p1a: Skarmory|Taunt|p2a: Bronzong
|-start|p2a: Bronzong|move: Taunt
|cant|p2a: Bronzong|move: Taunt|Light Screen
|
|upkeep
|turn|12
|
|t:|1776194546
|move|p1a: Skarmory|Roost|p1a: Skarmory
|-heal|p1a: Skarmory|92/100
|-singleturn|p1a: Skarmory|move: Roost
|move|p2a: Bronzong|Flash Cannon|p1a: Skarmory
|-resisted|p1a: Skarmory
|-damage|p1a: Skarmory|70/100
|
|upkeep
|turn|13
|
|t:|1776194552
|move|p1a: Skarmory|Spikes|p2a: Bronzong
|-sidestart|p2: Lincen|Spikes
|move|p2a: Bronzong|Flash Cannon|p1a: Skarmory
|-resisted|p1a: Skarmory
|-crit|p1a: Skarmory
|-damage|p1a: Skarmory|35/100
|
|-end|p2a: Bronzong|move: Taunt
|upkeep
|turn|14
|
|t:|1776194559
|move|p1a: Skarmory|Taunt|p2a: Bronzong
|-start|p2a: Bronzong|move: Taunt
|move|p2a: Bronzong|Earthquake|p1a: Skarmory
|-immune|p1a: Skarmory
|
|upkeep
|turn|15
|
|t:|1776194564
|move|p1a: Skarmory|Roost|p1a: Skarmory
|-heal|p1a: Skarmory|85/100
|-singleturn|p1a: Skarmory|move: Roost
|move|p2a: Bronzong|Earthquake|p1a: Skarmory
|-supereffective|p1a: Skarmory
|-damage|p1a: Skarmory|61/100
|
|upkeep
|turn|16
|
|t:|1776194571
|move|p2a: Bronzong|Flash Cannon|p1a: Skarmory
|-resisted|p1a: Skarmory
|-damage|p1a: Skarmory|39/100
|move|p1a: Skarmory|Roar|p2a: Bronzong
|drag|p2a: Garchomp|Garchomp, F|66/100
|-damage|p2a: Garchomp|60/100|[from] Stealth Rock
|-damage|p2a: Garchomp|35/100|[from] Spikes
|
|upkeep
|turn|17
|
|t:|1776194586
|move|p2a: Garchomp|Outrage|p1a: Skarmory
|-resisted|p1a: Skarmory
|-damage|p1a: Skarmory|21/100
|-damage|p2a: Garchomp|19/100|[from] item: Rocky Helmet|[of] p1a: Skarmory
|move|p1a: Skarmory|Roost|p1a: Skarmory
|-heal|p1a: Skarmory|71/100
|-singleturn|p1a: Skarmory|move: Roost
|
|upkeep
|turn|18
|
|t:|1776194598
|move|p2a: Garchomp|Outrage|p1a: Skarmory|[from] lockedmove
|-resisted|p1a: Skarmory
|-damage|p1a: Skarmory|52/100
|-damage|p2a: Garchomp|2/100|[from] item: Rocky Helmet|[of] p1a: Skarmory
|move|p1a: Skarmory|Roar|p2a: Garchomp
|drag|p2a: Infernape|Infernape, F|82/100
|-damage|p2a: Infernape|70/100|[from] Stealth Rock
|-damage|p2a: Infernape|45/100|[from] Spikes
|
|upkeep
|turn|19
|
|t:|1776194613
|switch|p1a: Great Tusk|Great Tusk|100/100
|move|p2a: Infernape|Heat Wave|p1a: Great Tusk
|-damage|p1a: Great Tusk|21/100
|
|-heal|p1a: Great Tusk|27/100|[from] item: Leftovers
|upkeep
|turn|20
|
|t:|1776194624
|switch|p2a: Rotom|Rotom-Wash|100/100
|-damage|p2a: Rotom|88/100|[from] Stealth Rock
|move|p1a: Great Tusk|Roar|p2a: Rotom
|drag|p2a: Tyranitar|Tyranitar, M|100/100
|-damage|p2a: Tyranitar|88/100|[from] Stealth Rock
|-damage|p2a: Tyranitar|63/100|[from] Spikes
|-weather|Sandstorm|[from] ability: Sand Stream|[of] p2a: Tyranitar
|
|-weather|Sandstorm|[upkeep]
|-heal|p1a: Great Tusk|33/100|[from] item: Leftovers
|upkeep
|turn|21
|
|t:|1776194640
|move|p2a: Tyranitar|Ice Punch|p1a: Great Tusk
|-supereffective|p1a: Great Tusk
|-damage|p1a: Great Tusk|7/100
|move|p1a: Great Tusk|Roar|p2a: Tyranitar
|drag|p2a: Spiritomb|Spiritomb, M|100/100
|-damage|p2a: Spiritomb|88/100|[from] Stealth Rock
|-damage|p2a: Spiritomb|63/100|[from] Spikes
|
|-weather|Sandstorm|[upkeep]
|-damage|p2a: Spiritomb|57/100|[from] Sandstorm
|-heal|p1a: Great Tusk|14/100|[from] item: Leftovers
|-heal|p2a: Spiritomb|63/100|[from] item: Leftovers
|upkeep
|turn|22
|
|t:|1776194655
|-end|p1a: Great Tusk|Protosynthesis|[silent]
|switch|p1a: Toxapex|Toxapex, M|91/100
|move|p2a: Spiritomb|Shadow Sneak|p1a: Toxapex
|-damage|p1a: Toxapex|78/100
|
|-weather|Sandstorm|[upkeep]
|-damage|p1a: Toxapex|72/100|[from] Sandstorm
|-damage|p2a: Spiritomb|57/100|[from] Sandstorm
|-heal|p1a: Toxapex|78/100|[from] item: Black Sludge
|-heal|p2a: Spiritomb|63/100|[from] item: Leftovers
|upkeep
|turn|23
|
|t:|1776194665
|move|p2a: Spiritomb|Sucker Punch||[still]
|-fail|p2a: Spiritomb
|move|p1a: Toxapex|Toxic Spikes|p2a: Spiritomb
|-sidestart|p2: Lincen|move: Toxic Spikes
|
|-weather|Sandstorm|[upkeep]
|-damage|p1a: Toxapex|72/100|[from] Sandstorm
|-damage|p2a: Spiritomb|57/100|[from] Sandstorm
|-heal|p1a: Toxapex|78/100|[from] item: Black Sludge
|-heal|p2a: Spiritomb|63/100|[from] item: Leftovers
|upkeep
|turn|24
|
|t:|1776194674
|move|p1a: Toxapex|Toxic Spikes|p2a: Spiritomb
|-sidestart|p2: Lincen|move: Toxic Spikes
|move|p2a: Spiritomb|Psychic|p1a: Toxapex
|-supereffective|p1a: Toxapex
|-damage|p1a: Toxapex|44/100
|
|-weather|none
|-heal|p1a: Toxapex|50/100|[from] item: Black Sludge
|-heal|p2a: Spiritomb|69/100|[from] item: Leftovers
|upkeep
|turn|25
|
|t:|1776194695
|move|p1a: Toxapex|Toxic|p2a: Spiritomb
|-status|p2a: Spiritomb|tox
|move|p2a: Spiritomb|Psychic|p1a: Toxapex
|-supereffective|p1a: Toxapex
|-damage|p1a: Toxapex|16/100
|
|-heal|p1a: Toxapex|23/100|[from] item: Black Sludge
|-heal|p2a: Spiritomb|75/100 tox|[from] item: Leftovers
|-damage|p2a: Spiritomb|69/100 tox|[from] psn
|upkeep
|turn|26
|
|t:|1776194707
|switch|p1a: Blissey|Blissey, F|58/100
|move|p2a: Spiritomb|Psychic|p1a: Blissey
|-damage|p1a: Blissey|52/100
|-unboost|p1a: Blissey|spd|1
|
|-heal|p1a: Blissey|58/100|[from] item: Leftovers
|-heal|p2a: Spiritomb|75/100 tox|[from] item: Leftovers
|-damage|p2a: Spiritomb|63/100 tox|[from] psn
|upkeep
|turn|27
|
|t:|1776194720
|switch|p2a: Bronzong|Bronzong|100/100
|-damage|p2a: Bronzong|94/100|[from] Stealth Rock
|-damage|p2a: Bronzong|69/100|[from] Spikes
|move|p1a: Blissey|Soft-Boiled|p1a: Blissey
|-heal|p1a: Blissey|100/100
|
|-heal|p2a: Bronzong|75/100|[from] item: Leftovers
|upkeep
|turn|28
|
|t:|1776194737
|switch|p1a: Skarmory|Skarmory, M|52/100
|move|p2a: Bronzong|Flash Cannon|p1a: Skarmory
|-resisted|p1a: Skarmory
|-damage|p1a: Skarmory|36/100
|
|-heal|p2a: Bronzong|82/100|[from] item: Leftovers
|upkeep
|turn|29
|
|t:|1776194744
|move|p1a: Skarmory|Roost|p1a: Skarmory
|-heal|p1a: Skarmory|86/100
|-singleturn|p1a: Skarmory|move: Roost
|move|p2a: Bronzong|Flash Cannon|p1a: Skarmory
|-resisted|p1a: Skarmory
|-damage|p1a: Skarmory|72/100
|
|-heal|p2a: Bronzong|88/100|[from] item: Leftovers
|upkeep
|turn|30
|
|t:|1776194755
|move|p2a: Bronzong|Light Screen|p2a: Bronzong
|-sidestart|p2: Lincen|move: Light Screen
|move|p1a: Skarmory|Roar|p2a: Bronzong
|drag|p2a: Garchomp|Garchomp, F|2/100
|-damage|p2a: Garchomp|0 fnt|[from] Stealth Rock
|faint|p2a: Garchomp
|
|upkeep
|
|t:|1776194761
|switch|p2a: Infernape|Infernape, F|45/100
|-damage|p2a: Infernape|33/100|[from] Stealth Rock
|-damage|p2a: Infernape|8/100|[from] Spikes
|-status|p2a: Infernape|tox
|turn|31
|
|t:|1776194781
|move|p2a: Infernape|Heat Wave|p1a: Skarmory
|-supereffective|p1a: Skarmory
|-damage|p1a: Skarmory|0 fnt
|faint|p1a: Skarmory
|
|-damage|p2a: Infernape|2/100 tox|[from] psn
|upkeep
|
|t:|1776194790
|switch|p1a: Cinderace|Cinderace, F|100/100
|turn|32
|
|t:|1776194795
|move|p1a: Cinderace|U-turn|p2a: Infernape
|-start|p1a: Cinderace|typechange|Bug|[from] ability: Libero
|-resisted|p2a: Infernape
|-damage|p2a: Infernape|0 fnt
|faint|p2a: Infernape
|
|t:|1776194812
|switch|p1a: Toxapex|Toxapex, M|56/100|[from] U-turn
|
|-heal|p1a: Toxapex|62/100|[from] item: Black Sludge
|upkeep
|
|t:|1776194820
|switch|p2a: Rotom|Rotom-Wash|88/100
|-damage|p2a: Rotom|75/100|[from] Stealth Rock
|turn|33
|
|t:|1776194844
|switch|p1a: Blissey|Blissey, F|100/100
|move|p2a: Rotom|Will-O-Wisp|p1a: Blissey
|-status|p1a: Blissey|brn
|
|-heal|p2a: Rotom|82/100|[from] item: Leftovers
|-damage|p1a: Blissey|94/100 brn|[from] brn
|upkeep
|turn|34
|
|t:|1776194854
|move|p2a: Rotom|Hydro Pump|p1a: Blissey
|-damage|p1a: Blissey|83/100 brn
|move|p1a: Blissey|Seismic Toss|p2a: Rotom
|-damage|p2a: Rotom|49/100
|
|-heal|p2a: Rotom|55/100|[from] item: Leftovers
|-heal|p1a: Blissey|89/100 brn|[from] item: Leftovers
|-damage|p1a: Blissey|83/100 brn|[from] brn
|-sideend|p2: Lincen|move: Light Screen
|upkeep
|turn|35
|
|t:|1776194864
|move|p2a: Rotom|Pain Split|p1a: Blissey
|-sethp|p1a: Blissey|53/100 brn|[from] move: Pain Split|[silent]
|-sethp|p2a: Rotom|100/100|[from] move: Pain Split
|move|p1a: Blissey|Seismic Toss|p2a: Rotom
|-damage|p2a: Rotom|68/100
|
|-heal|p2a: Rotom|74/100|[from] item: Leftovers
|-heal|p1a: Blissey|59/100 brn|[from] item: Leftovers
|-damage|p1a: Blissey|53/100 brn|[from] brn
|upkeep
|turn|36
|
|t:|1776194873
|move|p2a: Rotom|Hydro Pump|p1a: Blissey
|-damage|p1a: Blissey|42/100 brn
|move|p1a: Blissey|Soft-Boiled|p1a: Blissey
|-heal|p1a: Blissey|92/100 brn
|
|-heal|p2a: Rotom|80/100|[from] item: Leftovers
|-heal|p1a: Blissey|99/100 brn|[from] item: Leftovers
|-damage|p1a: Blissey|92/100 brn|[from] brn
|upkeep
|turn|37
|
|t:|1776194881
|-curestatus|p1a: Blissey|brn|[from] ability: Natural Cure
|switch|p1a: Toxapex|Toxapex, M|95/100
|move|p2a: Rotom|Hydro Pump|p1a: Toxapex
|-resisted|p1a: Toxapex
|-damage|p1a: Toxapex|80/100
|
|-heal|p2a: Rotom|86/100|[from] item: Leftovers
|-heal|p1a: Toxapex|86/100|[from] item: Black Sludge
|upkeep
|turn|38
|
|t:|1776194890
|-terastallize|p1a: Toxapex|Grass
|move|p2a: Rotom|Will-O-Wisp|p1a: Toxapex
|-status|p1a: Toxapex|brn
|move|p1a: Toxapex|Toxic|p2a: Rotom
|-status|p2a: Rotom|tox
|
|-heal|p2a: Rotom|93/100 tox|[from] item: Leftovers
|-damage|p1a: Toxapex|74/100 brn|[from] item: Black Sludge
|-damage|p2a: Rotom|86/100 tox|[from] psn
|-damage|p1a: Toxapex|68/100 brn|[from] brn
|upkeep
|turn|39
|
|t:|1776194906
|move|p2a: Rotom|Volt Switch|p1a: Toxapex
|-resisted|p1a: Toxapex
|-damage|p1a: Toxapex|56/100 brn
|
|t:|1776194909
|switch|p2a: Bronzong|Bronzong|88/100|[from] Volt Switch
|-damage|p2a: Bronzong|82/100|[from] Stealth Rock
|-damage|p2a: Bronzong|57/100|[from] Spikes
|move|p1a: Toxapex|Recover|p1a: Toxapex
|-heal|p1a: Toxapex|100/100 brn
|
|-damage|p1a: Toxapex|88/100 brn|[from] item: Black Sludge
|-heal|p2a: Bronzong|63/100|[from] item: Leftovers
|-damage|p1a: Toxapex|82/100 brn|[from] brn
|upkeep
|turn|40
|
|t:|1776194919
|switch|p1a: Great Tusk|Great Tusk|14/100
|move|p2a: Bronzong|Light Screen|p2a: Bronzong
|-sidestart|p2: Lincen|move: Light Screen
|
|-heal|p1a: Great Tusk|20/100|[from] item: Leftovers
|-heal|p2a: Bronzong|69/100|[from] item: Leftovers
|upkeep
|turn|41
|
|t:|1776194926
|move|p2a: Bronzong|Earthquake|p1a: Great Tusk
|-damage|p1a: Great Tusk|11/100
|move|p1a: Great Tusk|Roar|p2a: Bronzong
|drag|p2a: Rotom|Rotom-Wash|86/100 tox
|-damage|p2a: Rotom|74/100 tox|[from] Stealth Rock
|
|-heal|p1a: Great Tusk|17/100|[from] item: Leftovers
|-heal|p2a: Rotom|80/100 tox|[from] item: Leftovers
|-damage|p2a: Rotom|74/100 tox|[from] psn
|upkeep
|turn|42
|
|t:|1776194939
|-end|p1a: Great Tusk|Protosynthesis|[silent]
|switch|p1a: Blissey|Blissey, F|92/100
|move|p2a: Rotom|Hydro Pump|p1a: Blissey|[miss]
|-miss|p2a: Rotom|p1a: Blissey
|
|-heal|p2a: Rotom|80/100 tox|[from] item: Leftovers
|-heal|p1a: Blissey|99/100|[from] item: Leftovers
|-damage|p2a: Rotom|68/100 tox|[from] psn
|upkeep
|turn|43
|
|t:|1776194947
|switch|p1a: Great Tusk|Great Tusk|17/100
|move|p2a: Rotom|Pain Split|p1a: Great Tusk
|-sethp|p1a: Great Tusk|32/100|[from] move: Pain Split|[silent]
|-sethp|p2a: Rotom|46/100 tox|[from] move: Pain Split
|
|-heal|p1a: Great Tusk|38/100|[from] item: Leftovers
|-heal|p2a: Rotom|52/100 tox|[from] item: Leftovers
|-damage|p2a: Rotom|33/100 tox|[from] psn
|upkeep
|turn|44
|
|t:|1776194960
|move|p2a: Rotom|Hydro Pump|p1a: Great Tusk|[miss]
|-miss|p2a: Rotom|p1a: Great Tusk
|move|p1a: Great Tusk|Roar|p2a: Rotom
|drag|p2a: Tyranitar|Tyranitar, M|63/100
|-damage|p2a: Tyranitar|51/100|[from] Stealth Rock
|-damage|p2a: Tyranitar|26/100|[from] Spikes
|-status|p2a: Tyranitar|tox
|-weather|Sandstorm|[from] ability: Sand Stream|[of] p2a: Tyranitar
|
|-weather|Sandstorm|[upkeep]
|-heal|p1a: Great Tusk|45/100|[from] item: Leftovers
|-damage|p2a: Tyranitar|20/100 tox|[from] psn
|-sideend|p2: Lincen|move: Light Screen
|upkeep
|turn|45
|
|t:|1776194973
|move|p2a: Tyranitar|Ice Punch|p1a: Great Tusk
|-supereffective|p1a: Great Tusk
|-damage|p1a: Great Tusk|19/100
|move|p1a: Great Tusk|Roar|p2a: Tyranitar
|drag|p2a: Rotom|Rotom-Wash|33/100 tox
|-damage|p2a: Rotom|21/100 tox|[from] Stealth Rock
|
|-weather|Sandstorm|[upkeep]
|-damage|p2a: Rotom|14/100 tox|[from] Sandstorm
|-heal|p1a: Great Tusk|25/100|[from] item: Leftovers
|-heal|p2a: Rotom|21/100 tox|[from] item: Leftovers
|-damage|p2a: Rotom|14/100 tox|[from] psn
|upkeep
|turn|46
|-message|Lincen forfeited.
|
|win|Elgepetas
|raw|Elgepetas's rating: 1170 &rarr; <strong>1195</strong><br />(+25 for winning)
|raw|Lincen's rating: 1165 &rarr; <strong>1140</strong><br />(-25 for losing)
|l|☆Lincen
|player|p2|
