|html|<div class="broadcast-blue"><strong>[Gen 9] OU is currently suspecting Volcarona! For information on how to participate check out the <a href="https://www.smogon.com/tools/suspects/view/208">suspect thread</a>.</strong></div>
|j|☆36hpdc
|j|‽Weeniewarrior12377
|t:|1778509951
|gametype|singles
|player|p1|36hpdc|169|1110
|player|p2|Weeniewarrior12377|wallace|1112
|gen|9
|tier|[Gen 9] OU
|rated|
|rule|HP Percentage Mod: HP is shown in percentages
|rule|Endless Battle Clause: Forcing endless battles is banned
|rule|Species Clause: Limit one of each Pokémon
|rule|OHKO Clause: OHKO moves are banned
|rule|Evasion Items Clause: Evasion items are banned
|rule|Evasion Moves Clause: Evasion moves are banned
|rule|Evasion Abilities Clause: Evasion abilities are banned
|rule|Sleep Moves Clause: Sleep-inducing moves are banned
|clearpoke
|poke|p1|Dusclops, M|
|poke|p1|Klefki, M|
|poke|p1|Conkeldurr, F|
|poke|p1|Ursaluna, F|
|poke|p1|Kingdra, M|
|poke|p1|Politoed, M|
|poke|p2|Azumarill, F|
|poke|p2|Zamazenta-*|
|poke|p2|Porygon-Z|
|poke|p2|Dragapult, M|
|poke|p2|Gliscor, M|
|poke|p2|Toxapex, F|
|teampreview
|
|t:|1778509955
|teamsize|p1|6
|teamsize|p2|6
|start
|switch|p1a: Klefki|Klefki, M|100/100
|switch|p2a: Toxapex|Toxapex, F, shiny|100/100
|turn|1
|
|t:|1778509976
|switch|p2a: Gliscor|Gliscor, M|100/100
|move|p1a: Klefki|Switcheroo|p2a: Gliscor
|-activate|p1a: Klefki|move: Trick|[of] p2a: Gliscor
|-item|p2a: Gliscor|Choice Scarf|[from] move: Switcheroo
|-item|p1a: Klefki|Toxic Orb|[from] move: Switcheroo
|
|upkeep
|turn|2
|
|t:|1778509997
|-terastallize|p2a: Gliscor|Ground
|move|p1a: Klefki|Magnet Rise|p1a: Klefki
|-start|p1a: Klefki|Magnet Rise
|move|p2a: Gliscor|Earthquake|p1a: Klefki
|-immune|p1a: Klefki
|
|upkeep
|turn|3
|
|t:|1778510018
|switch|p2a: Azumarill|Azumarill, F|100/100
|move|p1a: Klefki|Spikes|p2a: Azumarill
|-sidestart|p2: Weeniewarrior12377|Spikes
|
|upkeep
|turn|4
|
|t:|1778510027
|move|p1a: Klefki|Thunder Wave|p2a: Azumarill
|-status|p2a: Azumarill|par
|move|p2a: Azumarill|Belly Drum|p2a: Azumarill
|-damage|p2a: Azumarill|50/100 par
|-setboost|p2a: Azumarill|atk|6|[from] move: Belly Drum
|-enditem|p2a: Azumarill|Sitrus Berry|[eat]
|-heal|p2a: Azumarill|75/100 par|[from] item: Sitrus Berry
|
|upkeep
|turn|5
|
|t:|1778510041
|move|p1a: Klefki|Spikes|p2a: Azumarill
|-sidestart|p2: Weeniewarrior12377|Spikes
|move|p2a: Azumarill|Aqua Jet|p1a: Klefki
|-damage|p1a: Klefki|0 fnt
|faint|p1a: Klefki
|
|upkeep
|
|t:|1778510049
|switch|p1a: Dusclops|Dusclops, M|100/100
|turn|6
|
|t:|1778510054
|move|p2a: Azumarill|Aqua Jet|p1a: Dusclops
|-crit|p1a: Dusclops
|-damage|p1a: Dusclops|17/100
|move|p1a: Dusclops|Skill Swap|p2a: Azumarill
|-activate|p1a: Dusclops|Skill Swap|Huge Power|Frisk|[of] p2a: Azumarill
|-item|p1a: Dusclops|Eviolite|[from] ability: Frisk|[of] p2a: Azumarill
|
|upkeep
|turn|7
|
|t:|1778510065
|cant|p2a: Azumarill|par
|move|p1a: Dusclops|Pain Split|p2a: Azumarill
|-sethp|p2a: Azumarill|44/100 par|[from] move: Pain Split|[silent]
|-sethp|p1a: Dusclops|62/100|[from] move: Pain Split
|
|upkeep
|turn|8
|
|t:|1778510086
|move|p2a: Azumarill|Aqua Jet|p1a: Dusclops
|-damage|p1a: Dusclops|36/100
|move|p1a: Dusclops|Trick Room|p1a: Dusclops
|-fieldstart|move: Trick Room|[of] p1a: Dusclops
|
|upkeep
|turn|9
|
|t:|1778510093
|move|p2a: Azumarill|Aqua Jet|p1a: Dusclops
|-damage|p1a: Dusclops|9/100
|move|p1a: Dusclops|Curse|p2a: Azumarill
|-start|p2a: Azumarill|Curse|[of] p1a: Dusclops
|-damage|p1a: Dusclops|0 fnt
|faint|p1a: Dusclops
|
|-damage|p2a: Azumarill|19/100 par|[from] Curse
|upkeep
|l|☆36hpdc
|player|p1|
|j|☆36hpdc
|player|p1|36hpdc|169|
|inactive|Battle timer is ON: inactive players will automatically lose when time's up. (requested by Weeniewarrior12377)
|
|t:|1778510141
|switch|p1a: Ursaluna|Ursaluna, F|100/100
|turn|10
|
|t:|1778510147
|-terastallize|p1a: Ursaluna|Normal
|move|p2a: Azumarill|Aqua Jet|p1a: Ursaluna
|-damage|p1a: Ursaluna|68/100
|move|p1a: Ursaluna|Earthquake|p2a: Azumarill
|-damage|p2a: Azumarill|0 fnt
|faint|p2a: Azumarill
|
|-status|p1a: Ursaluna|brn|[from] item: Flame Orb
|upkeep
|
|t:|1778510166
|switch|p2a: Toxapex|Toxapex, F, shiny|100/100
|-damage|p2a: Toxapex|84/100|[from] Spikes
|turn|11
|
|t:|1778510182
|move|p2a: Toxapex|Baneful Bunker|p2a: Toxapex
|-singleturn|p2a: Toxapex|move: Protect
|move|p1a: Ursaluna|Facade|p2a: Toxapex
|-activate|p2a: Toxapex|move: Protect
|
|-damage|p1a: Ursaluna|62/100 brn|[from] brn
|upkeep
|turn|12
|
|t:|1778510200
|move|p2a: Toxapex|Toxic Spikes|p1a: Ursaluna
|-sidestart|p1: 36hpdc|move: Toxic Spikes
|move|p1a: Ursaluna|Ice Punch|p2a: Toxapex
|-resisted|p2a: Toxapex
|-damage|p2a: Toxapex|71/100
|-damage|p1a: Ursaluna|46/100 brn|[from] item: Rocky Helmet|[of] p2a: Toxapex
|
|-damage|p1a: Ursaluna|40/100 brn|[from] brn
|-fieldend|move: Trick Room
|upkeep
|turn|13
|
|t:|1778510210
|move|p2a: Toxapex|Baneful Bunker|p2a: Toxapex
|-singleturn|p2a: Toxapex|move: Protect
|move|p1a: Ursaluna|Earthquake|p2a: Toxapex
|-activate|p2a: Toxapex|move: Protect
|
|-damage|p1a: Ursaluna|33/100 brn|[from] brn
|upkeep
|turn|14
|
|t:|1778510218
|move|p1a: Ursaluna|Earthquake|p2a: Toxapex
|-supereffective|p2a: Toxapex
|-damage|p2a: Toxapex|0 fnt
|faint|p2a: Toxapex
|
|-damage|p1a: Ursaluna|27/100 brn|[from] brn
|upkeep
|
|t:|1778510231
|switch|p2a: Porygon-Z|Porygon-Z, shiny|100/100
|-damage|p2a: Porygon-Z|84/100|[from] Spikes
|turn|15
|
|t:|1778510237
|move|p2a: Porygon-Z|Tri Attack|p1a: Ursaluna
|-damage|p1a: Ursaluna|0 fnt
|faint|p1a: Ursaluna
|
|upkeep
|
|t:|1778510249
|switch|p1a: Conkeldurr|Conkeldurr, F|100/100
|-status|p1a: Conkeldurr|psn
|turn|16
|
|t:|1778510254
|move|p1a: Conkeldurr|Mach Punch|p2a: Porygon-Z
|-supereffective|p2a: Porygon-Z
|-damage|p2a: Porygon-Z|0 fnt
|faint|p2a: Porygon-Z
|
|-damage|p1a: Conkeldurr|88/100 psn|[from] psn
|upkeep
|
|t:|1778510277
|switch|p2a: Gliscor|Gliscor, M, tera:Ground|100/100
|-damage|p2a: Gliscor|84/100|[from] Spikes
|turn|17
|
|t:|1778510283
|move|p2a: Gliscor|Protect|p2a: Gliscor
|-singleturn|p2a: Gliscor|Protect
|move|p1a: Conkeldurr|Ice Punch|p2a: Gliscor
|-activate|p2a: Gliscor|move: Protect
|
|-damage|p1a: Conkeldurr|76/100 psn|[from] psn
|upkeep
|turn|18
|
|t:|1778510294
|switch|p2a: Zamazenta|Zamazenta|100/100
|-damage|p2a: Zamazenta|84/100|[from] Spikes
|-ability|p2a: Zamazenta|Dauntless Shield|boost
|-boost|p2a: Zamazenta|def|1
|move|p1a: Conkeldurr|Ice Punch|p2a: Zamazenta
|-damage|p2a: Zamazenta|57/100
|
|-heal|p2a: Zamazenta|63/100|[from] item: Leftovers
|-damage|p1a: Conkeldurr|64/100 psn|[from] psn
|upkeep
|turn|19
|
|t:|1778510307
|move|p2a: Zamazenta|Close Combat|p1a: Conkeldurr
|-damage|p1a: Conkeldurr|11/100 psn
|-unboost|p2a: Zamazenta|def|1
|-unboost|p2a: Zamazenta|spd|1
|move|p1a: Conkeldurr|Drain Punch|p2a: Zamazenta
|-damage|p2a: Zamazenta|7/100
|-heal|p1a: Conkeldurr|35/100 psn|[from] drain|[of] p2a: Zamazenta
|
|-heal|p2a: Zamazenta|13/100|[from] item: Leftovers
|-damage|p1a: Conkeldurr|22/100 psn|[from] psn
|upkeep
|turn|20
|
|t:|1778510321
|switch|p2a: Dragapult|Dragapult, M|100/100
|move|p1a: Conkeldurr|Ice Punch|p2a: Dragapult
|-supereffective|p2a: Dragapult
|-damage|p2a: Dragapult|0 fnt
|faint|p2a: Dragapult
|
|-damage|p1a: Conkeldurr|10/100 psn|[from] psn
|upkeep
|
|t:|1778510331
|switch|p2a: Zamazenta|Zamazenta|13/100
|-damage|p2a: Zamazenta|0 fnt|[from] Spikes
|faint|p2a: Zamazenta
|
|t:|1778510335
|switch|p2a: Gliscor|Gliscor, M, tera:Ground|84/100
|-damage|p2a: Gliscor|68/100|[from] Spikes
|turn|21
|
|t:|1778510341
|move|p2a: Gliscor|Earthquake|p1a: Conkeldurr
|-damage|p1a: Conkeldurr|0 fnt
|faint|p1a: Conkeldurr
|
|upkeep
|
|t:|1778510346
|switch|p1a: Politoed|Politoed, M|100/100
|-status|p1a: Politoed|psn
|-weather|RainDance|[from] ability: Drizzle|[of] p1a: Politoed
|turn|22
|
|t:|1778510351
|move|p2a: Gliscor|Earthquake|p1a: Politoed
|-damage|p1a: Politoed|39/100 psn
|move|p1a: Politoed|Weather Ball|p2a: Gliscor
|-supereffective|p2a: Gliscor
|-crit|p2a: Gliscor
|-damage|p2a: Gliscor|0 fnt
|faint|p2a: Gliscor
|
|win|36hpdc
|raw|36hpdc's rating: 1110 &rarr; <strong>1135</strong><br />(+25 for winning)
|raw|Weeniewarrior12377's rating: 1112 &rarr; <strong>1087</strong><br />(-25 for losing)
|l|‽Weeniewarrior12377
|player|p2|
|l|☆36hpdc
|player|p1|
