|html|<div class="broadcast-blue"><strong>[Gen 9] OU is currently suspecting Tera Blast! For information on how to participate check out the <a href="https://www.smogon.com/tools/suspects/view/200">suspect thread</a>.</strong></div>
|j|☆Princessjosie1001!
|j|☆z3r0cool
|t:|1776186102
|gametype|singles
|player|p1|Princessjosie1001!|nurse|1584
|player|p2|z3r0cool|lorelei-gen1|1545
|gen|9
|tier|[Gen 9] OU
|rated|
|rule|HP Percentage Mod: HP is shown in percentages
|rule|Endless Battle Clause: Forcing endless battles is banned
|rule|Species Clause: Limit one of each Pokémon
|rule|OHKO Clause: OHKO moves are banned
|rule|Evasion Items Clause: Evasion items are banned
|rule|Evasion Moves Clause: Evasion moves are banned
|rule|Evasion Abilities Clause: Evasion abilities are banned
|rule|Sleep Moves Clause: Sleep-inducing moves are banned
|clearpoke
|poke|p1|Polteageist|
|poke|p1|Cloyster, M|
|poke|p1|Salazzle, F|
|poke|p1|Espeon, M|
|poke|p1|Jirachi|
|poke|p1|Dragonite, M|
|poke|p2|Ogerpon-Wellspring, F|
|poke|p2|Landorus-Therian, M|
|poke|p2|Arcanine-Hisui, F|
|poke|p2|Dragapult, F|
|poke|p2|Scizor, F|
|poke|p2|Kingambit, F|
|teampreview
|
|t:|1776186118
|teamsize|p1|6
|teamsize|p2|6
|start
|switch|p1a: Jirachi|Jirachi|100/100
|switch|p2a: Dragapult|Dragapult, F, shiny|100/100
|turn|1
|
|t:|1776186125
|move|p1a: Jirachi|Iron Head|p2a: Dragapult
|-damage|p2a: Dragapult|48/100
|cant|p2a: Dragapult|flinch
|
|upkeep
|turn|2
|
|t:|1776186132
|switch|p2a: Landorus|Landorus-Therian, M, shiny|100/100
|-ability|p2a: Landorus|Intimidate|boost
|-unboost|p1a: Jirachi|atk|1
|move|p1a: Jirachi|Iron Head|p2a: Landorus
|-damage|p2a: Landorus|75/100
|-damage|p1a: Jirachi|84/100|[from] item: Rocky Helmet|[of] p2a: Landorus
|
|upkeep
|turn|3
|
|t:|1776186144
|switch|p1a: No hazard allowed|Espeon, M|100/100
|move|p2a: Landorus|U-turn|p1a: No hazard allowed
|-supereffective|p1a: No hazard allowed
|-damage|p1a: No hazard allowed|24/100
|
|t:|1776186152
|switch|p2a: Dragapult|Dragapult, F, shiny|48/100|[from] U-turn
|
|upkeep
|turn|4
|
|t:|1776186159
|move|p1a: No hazard allowed|Psychic|p2a: Dragapult
|-damage|p2a: Dragapult|0 fnt
|faint|p2a: Dragapult
|
|upkeep
|
|t:|1776186169
|switch|p2a: Kingambit|Kingambit, F|100/100
|-activate|p2a: Kingambit|ability: Supreme Overlord
|-start|p2a: Kingambit|fallen1|[silent]
|turn|5
|
|t:|1776186174
|switch|p1a: Salazzle|Salazzle, F|100/100
|move|p2a: Kingambit|Swords Dance|p2a: Kingambit
|-boost|p2a: Kingambit|atk|2
|
|upkeep
|turn|6
|
|t:|1776186195
|-end|p2a: Kingambit|fallen1|[silent]
|switch|p2a: Landorus|Landorus-Therian, M, shiny|75/100
|-ability|p2a: Landorus|Intimidate|boost
|-unboost|p1a: Salazzle|atk|1
|move|p1a: Salazzle|Toxic|p2a: Landorus
|-status|p2a: Landorus|tox
|
|-damage|p2a: Landorus|68/100 tox|[from] psn
|upkeep
|turn|7
|
|t:|1776186205
|move|p1a: Salazzle|Flamethrower|p2a: Landorus
|-damage|p2a: Landorus|19/100 tox
|move|p2a: Landorus|Stealth Rock|p1a: Salazzle
|-sidestart|p1: Princessjosie1001!|move: Stealth Rock
|
|-damage|p2a: Landorus|7/100 tox|[from] psn
|upkeep
|turn|8
|
|t:|1776186222
|move|p1a: Salazzle|Sludge Wave|p2a: Landorus
|-resisted|p2a: Landorus
|-damage|p2a: Landorus|0 fnt
|faint|p2a: Landorus
|
|upkeep
|
|t:|1776186242
|switch|p2a: Arcanine|Arcanine-Hisui, F, shiny|100/100
|-ability|p2a: Arcanine|Intimidate|boost
|-unboost|p1a: Salazzle|atk|1
|turn|9
|
|t:|1776186249
|switch|p1a: No hazard allowed|Espeon, M|24/100
|-damage|p1a: No hazard allowed|12/100|[from] Stealth Rock
|move|p2a: Arcanine|Head Smash|p1a: No hazard allowed
|-crit|p1a: No hazard allowed
|-damage|p1a: No hazard allowed|0 fnt
|faint|p1a: No hazard allowed
|-damage|p2a: Arcanine|96/100|[from] Recoil
|
|upkeep
|
|t:|1776186258
|switch|p1a: Jirachi|Jirachi|84/100
|-damage|p1a: Jirachi|78/100|[from] Stealth Rock
|turn|10
|
|t:|1776186263
|switch|p2a: Ogerpon|Ogerpon-Wellspring, F|100/100
|move|p1a: Jirachi|Iron Head|p2a: Ogerpon
|-resisted|p2a: Ogerpon
|-damage|p2a: Ogerpon|75/100
|
|upkeep
|turn|11
|
|t:|1776186271
|move|p1a: Jirachi|Iron Head|p2a: Ogerpon
|-resisted|p2a: Ogerpon
|-damage|p2a: Ogerpon|51/100
|cant|p2a: Ogerpon|flinch
|
|upkeep
|turn|12
|
|t:|1776186278
|move|p1a: Jirachi|Iron Head|p2a: Ogerpon
|-resisted|p2a: Ogerpon
|-damage|p2a: Ogerpon|28/100
|move|p2a: Ogerpon|Ivy Cudgel|p1a: Jirachi|[anim] Ivy Cudgel Water
|-damage|p1a: Jirachi|14/100
|
|upkeep
|turn|13
|
|t:|1776186287
|switch|p2a: Kingambit|Kingambit, F|100/100
|-activate|p2a: Kingambit|ability: Supreme Overlord
|-start|p2a: Kingambit|fallen2|[silent]
|move|p1a: Jirachi|Iron Head|p2a: Kingambit
|-resisted|p2a: Kingambit
|-damage|p2a: Kingambit|88/100
|
|-heal|p2a: Kingambit|94/100|[from] item: Leftovers
|upkeep
|turn|14
|
|t:|1776186301
|move|p1a: Jirachi|Iron Head|p2a: Kingambit
|-resisted|p2a: Kingambit
|-damage|p2a: Kingambit|80/100
|cant|p2a: Kingambit|flinch
|
|-heal|p2a: Kingambit|87/100|[from] item: Leftovers
|upkeep
|turn|15
|
|t:|1776186308
|move|p1a: Jirachi|Iron Head|p2a: Kingambit
|-resisted|p2a: Kingambit
|-damage|p2a: Kingambit|73/100
|move|p2a: Kingambit|Swords Dance|p2a: Kingambit
|-boost|p2a: Kingambit|atk|2
|
|-heal|p2a: Kingambit|79/100|[from] item: Leftovers
|upkeep
|turn|16
|
|t:|1776186318
|move|p2a: Kingambit|Sucker Punch|p1a: Jirachi
|-supereffective|p1a: Jirachi
|-damage|p1a: Jirachi|0 fnt
|faint|p1a: Jirachi
|
|-heal|p2a: Kingambit|85/100|[from] item: Leftovers
|upkeep
|
|t:|1776186325
|switch|p1a: Salazzle|Salazzle, F|100/100
|-damage|p1a: Salazzle|76/100|[from] Stealth Rock
|turn|17
|
|t:|1776186337
|-end|p2a: Kingambit|fallen2|[silent]
|switch|p2a: Arcanine|Arcanine-Hisui, F, shiny|96/100
|-ability|p2a: Arcanine|Intimidate|boost
|-unboost|p1a: Salazzle|atk|1
|move|p1a: Salazzle|Toxic|p2a: Arcanine
|-status|p2a: Arcanine|tox
|
|-damage|p2a: Arcanine|90/100 tox|[from] psn
|upkeep
|turn|18
|
|t:|1776186349
|switch|p1a: Polteageist|Polteageist|100/100
|-damage|p1a: Polteageist|88/100|[from] Stealth Rock
|move|p2a: Arcanine|Head Smash|p1a: Polteageist
|-damage|p1a: Polteageist|0 fnt
|faint|p1a: Polteageist
|-damage|p2a: Arcanine|55/100 tox|[from] Recoil
|
|-damage|p2a: Arcanine|43/100 tox|[from] psn
|upkeep
|
|t:|1776186366
|switch|p1a: Cloyster|Cloyster, M|100/100
|-damage|p1a: Cloyster|76/100|[from] Stealth Rock
|turn|19
|
|t:|1776186372
|move|p2a: Arcanine|Will-O-Wisp|p1a: Cloyster
|-status|p1a: Cloyster|brn
|move|p1a: Cloyster|Shell Smash|p1a: Cloyster
|-unboost|p1a: Cloyster|def|1
|-unboost|p1a: Cloyster|spd|1
|-boost|p1a: Cloyster|atk|2
|-boost|p1a: Cloyster|spa|2
|-boost|p1a: Cloyster|spe|2
|
|-damage|p2a: Arcanine|25/100 tox|[from] psn
|-damage|p1a: Cloyster|69/100 brn|[from] brn
|upkeep
|turn|20
|
|t:|1776186385
|move|p2a: Arcanine|Extreme Speed|p1a: Cloyster
|-damage|p1a: Cloyster|37/100 brn
|move|p1a: Cloyster|Rock Blast|p2a: Arcanine
|-supereffective|p2a: Arcanine
|-damage|p2a: Arcanine|7/100 tox
|-supereffective|p2a: Arcanine
|-damage|p2a: Arcanine|0 fnt
|faint|p2a: Arcanine
|-hitcount|p2: Arcanine|2
|
|-damage|p1a: Cloyster|30/100 brn|[from] brn
|upkeep
|
|t:|1776186400
|switch|p2a: Scizor|Scizor, F, shiny|100/100
|turn|21
|
|t:|1776186403
|move|p1a: Cloyster|Rock Blast|p2a: Scizor
|-damage|p2a: Scizor|93/100
|-damage|p2a: Scizor|85/100
|-damage|p2a: Scizor|76/100
|-damage|p2a: Scizor|69/100
|-damage|p2a: Scizor|62/100
|-hitcount|p2a: Scizor|5
|move|p2a: Scizor|Swords Dance|p2a: Scizor
|-boost|p2a: Scizor|atk|2
|
|-damage|p1a: Cloyster|24/100 brn|[from] brn
|upkeep
|turn|22
|
|t:|1776186416
|move|p1a: Cloyster|Ice Shard|p2a: Scizor
|-resisted|p2a: Scizor
|-damage|p2a: Scizor|53/100
|move|p2a: Scizor|Bullet Punch|p1a: Cloyster
|-damage|p1a: Cloyster|0 fnt
|faint|p1a: Cloyster
|
|upkeep
|
|t:|1776186428
|switch|p1a: Salazzle|Salazzle, F|76/100
|-damage|p1a: Salazzle|51/100|[from] Stealth Rock
|turn|23
|
|t:|1776186432
|move|p2a: Scizor|Bullet Punch|p1a: Salazzle
|-resisted|p1a: Salazzle
|-damage|p1a: Salazzle|0 fnt
|faint|p1a: Salazzle
|
|upkeep
|
|t:|1776186436
|switch|p1a: Dragonite|Dragonite, M|100/100
|-damage|p1a: Dragonite|76/100|[from] Stealth Rock
|turn|24
|
|t:|1776186445
|-terastallize|p2a: Scizor|Steel
|move|p2a: Scizor|Bullet Punch|p1a: Dragonite
|-crit|p1a: Dragonite
|-damage|p1a: Dragonite|0 fnt
|faint|p1a: Dragonite
|
|win|z3r0cool
|raw|Princessjosie1001!'s rating: 1584 &rarr; <strong>1562</strong><br />(-22 for losing)
|raw|z3r0cool's rating: 1545 &rarr; <strong>1567</strong><br />(+22 for winning)
|l|☆Princessjosie1001!
|player|p1|
