|html|<div class="broadcast-blue"><strong>[Gen 9] OU is currently suspecting Tera Blast! For information on how to participate check out the <a href="https://www.smogon.com/tools/suspects/view/200">suspect thread</a>.</strong></div>
|j|☆Spgdd
|j|‽KAHALL
|t:|1776352833
|gametype|singles
|player|p1|Spgdd|miku-water|1091
|player|p2|KAHALL|101|1112
|gen|9
|tier|[Gen 9] OU
|rated|
|rule|HP Percentage Mod: HP is shown in percentages
|rule|Endless Battle Clause: Forcing endless battles is banned
|rule|Species Clause: Limit one of each Pokémon
|rule|OHKO Clause: OHKO moves are banned
|rule|Evasion Items Clause: Evasion items are banned
|rule|Evasion Moves Clause: Evasion moves are banned
|rule|Evasion Abilities Clause: Evasion abilities are banned
|rule|Sleep Moves Clause: Sleep-inducing moves are banned
|clearpoke
|poke|p1|Scyther, M|
|poke|p1|Electrode-Hisui|
|poke|p1|Hydreigon, M|
|poke|p1|Toxapex, F|
|poke|p1|Ceruledge, M|
|poke|p1|Iron Valiant|
|poke|p2|Bisharp, M|
|poke|p2|Swampert, F|
|poke|p2|Ribombee, M|
|poke|p2|Cryogonal|
|poke|p2|Dachsbun, F|
|poke|p2|Weezing, M|
|teampreview
|inactive|Battle timer is ON: inactive players will automatically lose when time's up. (requested by Spgdd)
|j| BLK DG
|
|t:|1776352848
|teamsize|p1|6
|teamsize|p2|6
|start
|switch|p1a: Scyther|Scyther, M, shiny|100/100
|switch|p2a: Swampert|Swampert, F|100/100
|turn|1
|
|t:|1776352856
|move|p1a: Scyther|Swords Dance|p1a: Scyther
|-boost|p1a: Scyther|atk|2
|move|p2a: Swampert|Knock Off|p1a: Scyther
|-damage|p1a: Scyther|70/100
|-enditem|p1a: Scyther|Eviolite|[from] move: Knock Off|[of] p2a: Swampert
|
|upkeep
|turn|2
|
|t:|1776352868
|move|p1a: Scyther|Dual Wingbeat|p2a: Swampert
|-damage|p2a: Swampert|51/100
|-damage|p2a: Swampert|0 fnt
|faint|p2a: Swampert
|-hitcount|p2: Swampert|2
|
|upkeep
|
|t:|1776352878
|switch|p2a: Cryogonal|Cryogonal|100/100
|turn|3
|
|t:|1776352892
|move|p2a: Cryogonal|Freeze-Dry|p1a: Scyther
|-supereffective|p1a: Scyther
|-damage|p1a: Scyther|0 fnt
|faint|p1a: Scyther
|-damage|p2a: Cryogonal|91/100|[from] item: Life Orb
|
|upkeep
|
|t:|1776352900
|switch|p1a: Hydreigon|Hydreigon, M, shiny|100/100
|turn|4
|
|t:|1776352913
|switch|p2a: Dachsbun|Dachsbun, F|100/100
|move|p1a: Hydreigon|Flash Cannon|p2a: Dachsbun
|-supereffective|p2a: Dachsbun
|-damage|p2a: Dachsbun|51/100
|
|-heal|p2a: Dachsbun|57/100|[from] item: Leftovers
|upkeep
|turn|5
|
|t:|1776352925
|-terastallize|p1a: Hydreigon|Steel
|move|p1a: Hydreigon|Flash Cannon|p2a: Dachsbun
|-supereffective|p2a: Dachsbun
|-damage|p2a: Dachsbun|0 fnt
|faint|p2a: Dachsbun
|
|upkeep
|
|t:|1776352936
|switch|p2a: Weezing|Weezing, M, shiny|100/100
|turn|6
|
|t:|1776352945
|move|p1a: Hydreigon|Flash Cannon|p2a: Weezing
|-damage|p2a: Weezing|48/100
|move|p2a: Weezing|Fire Blast|p1a: Hydreigon
|-supereffective|p1a: Hydreigon
|-damage|p1a: Hydreigon|0 fnt
|faint|p1a: Hydreigon
|
|upkeep
|
|t:|1776352966
|switch|p1a: Ceruledge|Ceruledge, M, shiny|100/100
|turn|7
|
|t:|1776352976
|switch|p2a: Cryogonal|Cryogonal|91/100
|move|p1a: Ceruledge|Swords Dance|p1a: Ceruledge
|-boost|p1a: Ceruledge|atk|2
|
|upkeep
|turn|8
|
|t:|1776352985
|move|p2a: Cryogonal|Freeze-Dry|p1a: Ceruledge
|-resisted|p1a: Ceruledge
|-damage|p1a: Ceruledge|79/100
|-status|p1a: Ceruledge|frz
|-damage|p2a: Cryogonal|81/100|[from] item: Life Orb
|cant|p1a: Ceruledge|frz
|
|upkeep
|turn|9
|
|t:|1776352994
|switch|p2a: Ribombee|Ribombee, M|100/100
|-curestatus|p1a: Ceruledge|frz|[msg]
|move|p1a: Ceruledge|Bitter Blade|p2a: Ribombee
|-supereffective|p2a: Ribombee
|-enditem|p2a: Ribombee|Focus Sash
|-damage|p2a: Ribombee|1/100
|-heal|p1a: Ceruledge|100/100|[from] drain|[of] p2a: Ribombee
|
|upkeep
|turn|10
|
|t:|1776353008
|-terastallize|p2a: Ribombee|Ground
|move|p1a: Ceruledge|Shadow Sneak|p2a: Ribombee
|-damage|p2a: Ribombee|0 fnt
|faint|p2a: Ribombee
|
|upkeep
|-message|KAHALL forfeited.
|
|win|Spgdd
|raw|Spgdd's rating: 1091 &rarr; <strong>1119</strong><br />(+28 for winning)
|raw|KAHALL's rating: 1112 &rarr; <strong>1085</strong><br />(-27 for losing)
|l|‽KAHALL
|player|p2|
|l| BLK DG
