|html|<div class="broadcast-blue"><strong>[Gen 9] OU is currently suspecting Tera Blast! For information on how to participate check out the <a href="https://www.smogon.com/tools/suspects/view/200">suspect thread</a>.</strong></div>
|j|☆BIGGJIMMY
|j|☆InDaHouseSun
|t:|1776033084
|gametype|singles
|player|p1|BIGGJIMMY|roughneck-gen4|1328
|player|p2|InDaHouseSun|biker-gen4|1345
|gen|9
|tier|[Gen 9] OU
|rated|
|rule|HP Percentage Mod: HP is shown in percentages
|rule|Endless Battle Clause: Forcing endless battles is banned
|rule|Species Clause: Limit one of each Pokémon
|rule|OHKO Clause: OHKO moves are banned
|rule|Evasion Items Clause: Evasion items are banned
|rule|Evasion Moves Clause: Evasion moves are banned
|rule|Evasion Abilities Clause: Evasion abilities are banned
|rule|Sleep Moves Clause: Sleep-inducing moves are banned
|clearpoke
|poke|p1|Glimmora, F|
|poke|p1|Meowscarada, F|
|poke|p1|Gliscor, M|
|poke|p1|Garganacl, M|
|poke|p1|Dragonite, M|
|poke|p1|Snorlax, M|
|poke|p2|Great Tusk|
|poke|p2|Ogerpon-Wellspring, F|
|poke|p2|Pecharunt|
|poke|p2|Kingambit, F|
|poke|p2|Moltres|
|poke|p2|Raging Bolt|
|teampreview
|
|t:|1776033106
|teamsize|p1|6
|teamsize|p2|6
|start
|switch|p1a: Glimmora|Glimmora, F|100/100
|switch|p2a: Behemoth|Great Tusk, shiny|100/100
|turn|1
|
|t:|1776033115
|move|p2a: Behemoth|Headlong Rush|p1a: Glimmora
|-supereffective|p1a: Glimmora
|-enditem|p1a: Glimmora|Focus Sash
|-damage|p1a: Glimmora|1/100
|-unboost|p2a: Behemoth|def|1
|-unboost|p2a: Behemoth|spd|1
|-activate|p1a: Glimmora|ability: Toxic Debris
|-sidestart|p2: InDaHouseSun|move: Toxic Spikes
|move|p1a: Glimmora|Mortal Spin|p2a: Behemoth
|-resisted|p2a: Behemoth
|-damage|p2a: Behemoth|98/100
|-status|p2a: Behemoth|psn
|
|-damage|p2a: Behemoth|85/100 psn|[from] psn
|upkeep
|turn|2
|
|t:|1776033136
|switch|p1a: Gliscor|Gliscor, M|100/100
|move|p2a: Behemoth|Stealth Rock|p1a: Gliscor
|-sidestart|p1: BIGGJIMMY|move: Stealth Rock
|
|-damage|p2a: Behemoth|73/100 psn|[from] psn
|-status|p1a: Gliscor|tox|[from] item: Toxic Orb
|upkeep
|turn|3
|
|t:|1776033144
|move|p1a: Gliscor|Protect|p1a: Gliscor
|-singleturn|p1a: Gliscor|Protect
|move|p2a: Behemoth|Rapid Spin|p1a: Gliscor
|-activate|p1a: Gliscor|move: Protect
|
|-damage|p2a: Behemoth|61/100 psn|[from] psn
|upkeep
|turn|4
|
|t:|1776033155
|-end|p2a: Behemoth|Protosynthesis|[silent]
|switch|p2a: Doozhbagh|Moltres|100/100
|move|p1a: Gliscor|Spikes|p2a: Doozhbagh
|-sidestart|p2: InDaHouseSun|Spikes
|
|upkeep
|turn|5
|
|t:|1776033165
|switch|p2a: Cleveland|Pecharunt|100/100
|-sideend|p2: InDaHouseSun|move: Toxic Spikes|[of] p2a: Cleveland
|move|p1a: Gliscor|Toxic|p2a: Cleveland
|-immune|p2a: Cleveland
|
|upkeep
|turn|6
|
|t:|1776033183
|switch|p2a: Girlboss|Ogerpon-Wellspring, F|100/100
|-damage|p2a: Girlboss|88/100|[from] Spikes
|move|p1a: Gliscor|Earthquake|p2a: Girlboss
|-resisted|p2a: Girlboss
|-damage|p2a: Girlboss|66/100
|
|upkeep
|turn|7
|
|t:|1776033200
|move|p2a: Girlboss|Ivy Cudgel|p1a: Gliscor|[anim] Ivy Cudgel Water
|-supereffective|p1a: Gliscor
|-damage|p1a: Gliscor|32/100 tox
|move|p1a: Gliscor|Toxic|p2a: Girlboss
|-status|p2a: Girlboss|tox
|
|-damage|p2a: Girlboss|60/100 tox|[from] psn
|-heal|p1a: Gliscor|44/100 tox|[from] ability: Poison Heal
|upkeep
|turn|8
|
|t:|1776033214
|switch|p2a: Doozhbagh|Moltres|100/100
|move|p1a: Gliscor|Protect||[still]
|-fail|p1a: Gliscor
|
|-heal|p1a: Gliscor|57/100 tox|[from] ability: Poison Heal
|upkeep
|turn|9
|
|t:|1776033234
|switch|p2a: Cleveland|Pecharunt|100/100
|move|p1a: Gliscor|Toxic|p2a: Cleveland
|-immune|p2a: Cleveland
|
|-heal|p1a: Gliscor|69/100 tox|[from] ability: Poison Heal
|upkeep
|turn|10
|
|t:|1776033248
|move|p1a: Gliscor|Earthquake|p2a: Cleveland
|-supereffective|p2a: Cleveland
|-damage|p2a: Cleveland|70/100
|move|p2a: Cleveland|Hex|p1a: Gliscor
|-damage|p1a: Gliscor|24/100 tox
|
|-heal|p1a: Gliscor|36/100 tox|[from] ability: Poison Heal
|upkeep
|turn|11
|
|t:|1776033275
|move|p1a: Gliscor|Spikes|p2a: Cleveland
|-sidestart|p2: InDaHouseSun|Spikes
|move|p2a: Cleveland|Recover|p2a: Cleveland
|-heal|p2a: Cleveland|100/100
|
|-heal|p1a: Gliscor|49/100 tox|[from] ability: Poison Heal
|upkeep
|turn|12
|
|t:|1776033285
|move|p1a: Gliscor|Protect|p1a: Gliscor
|-singleturn|p1a: Gliscor|Protect
|move|p2a: Cleveland|Hex|p1a: Gliscor
|-activate|p1a: Gliscor|move: Protect
|
|-heal|p1a: Gliscor|61/100 tox|[from] ability: Poison Heal
|upkeep
|turn|13
|
|t:|1776033302
|move|p1a: Gliscor|Earthquake|p2a: Cleveland
|-supereffective|p2a: Cleveland
|-damage|p2a: Cleveland|70/100
|move|p2a: Cleveland|Parting Shot|p1a: Gliscor
|-unboost|p1a: Gliscor|atk|1
|-unboost|p1a: Gliscor|spa|1
|
|t:|1776033310
|switch|p2a: Doozhbagh|Moltres|100/100|[from] Parting Shot
|
|-heal|p1a: Gliscor|74/100 tox|[from] ability: Poison Heal
|upkeep
|turn|14
|
|t:|1776033320
|switch|p2a: Cleveland|Pecharunt|70/100
|move|p1a: Gliscor|Spikes|p2a: Cleveland
|-sidestart|p2: InDaHouseSun|Spikes
|
|-heal|p1a: Gliscor|86/100 tox|[from] ability: Poison Heal
|upkeep
|turn|15
|
|t:|1776033353
|move|p1a: Gliscor|Earthquake|p2a: Cleveland
|-supereffective|p2a: Cleveland
|-damage|p2a: Cleveland|48/100
|move|p2a: Cleveland|Hex|p1a: Gliscor
|-damage|p1a: Gliscor|35/100 tox
|
|-heal|p1a: Gliscor|48/100 tox|[from] ability: Poison Heal
|upkeep
|turn|16
|
|t:|1776033366
|move|p1a: Gliscor|Protect|p1a: Gliscor
|-singleturn|p1a: Gliscor|Protect
|move|p2a: Cleveland|Recover|p2a: Cleveland
|-heal|p2a: Cleveland|98/100
|
|-heal|p1a: Gliscor|60/100 tox|[from] ability: Poison Heal
|upkeep
|turn|17
|
|t:|1776033384
|switch|p1a: Glimmora|Glimmora, F|1/100
|-damage|p1a: Glimmora|0 fnt|[from] Stealth Rock
|faint|p1a: Glimmora
|move|p2a: Cleveland|Hex|p1: Glimmora|[notarget]
|-fail|p2a: Cleveland
|
|upkeep
|
|t:|1776033393
|switch|p1a: Meowscarada|Meowscarada, F|100/100
|-damage|p1a: Meowscarada|88/100|[from] Stealth Rock
|turn|18
|
|t:|1776033408
|switch|p2a: TheR1zzler|Kingambit, F|100/100
|-damage|p2a: TheR1zzler|76/100|[from] Spikes
|move|p1a: Meowscarada|U-turn|p2a: TheR1zzler
|-start|p1a: Meowscarada|typechange|Bug|[from] ability: Protean
|-damage|p2a: TheR1zzler|40/100
|
|t:|1776033426
|switch|p1a: Gliscor|Gliscor, M|60/100 tox|[from] U-turn
|-damage|p1a: Gliscor|48/100 tox|[from] Stealth Rock
|
|-heal|p1a: Gliscor|60/100 tox|[from] ability: Poison Heal
|upkeep
|turn|19
|
|t:|1776033449
|-end|p2a: TheR1zzler|fallenundefined|[silent]
|switch|p2a: Doozhbagh|Moltres|100/100
|move|p1a: Gliscor|Earthquake|p2a: Doozhbagh
|-immune|p2a: Doozhbagh
|
|-heal|p1a: Gliscor|73/100 tox|[from] ability: Poison Heal
|upkeep
|turn|20
|
|t:|1776033458
|switch|p2a: Behemoth|Great Tusk, shiny|61/100 psn
|move|p1a: Gliscor|Toxic||[still]
|-fail|p1a: Gliscor
|
|-damage|p2a: Behemoth|48/100 psn|[from] psn
|-heal|p1a: Gliscor|85/100 tox|[from] ability: Poison Heal
|upkeep
|turn|21
|
|t:|1776033493
|move|p2a: Behemoth|Ice Spinner|p1a: Gliscor
|-supereffective|p1a: Gliscor
|-damage|p1a: Gliscor|14/100 tox
|move|p1a: Gliscor|Earthquake|p2a: Behemoth
|-damage|p2a: Behemoth|25/100 psn
|
|-damage|p2a: Behemoth|12/100 psn|[from] psn
|-heal|p1a: Gliscor|26/100 tox|[from] ability: Poison Heal
|upkeep
|turn|22
|
|t:|1776033512
|-end|p2a: Behemoth|Protosynthesis|[silent]
|switch|p2a: Cleveland|Pecharunt|98/100
|move|p1a: Gliscor|Protect||[still]
|-fail|p1a: Gliscor
|
|-heal|p1a: Gliscor|39/100 tox|[from] ability: Poison Heal
|upkeep
|turn|23
|
|t:|1776033521
|move|p1a: Gliscor|Earthquake|p2a: Cleveland
|-supereffective|p2a: Cleveland
|-damage|p2a: Cleveland|66/100
|move|p2a: Cleveland|Hex|p1a: Gliscor
|-damage|p1a: Gliscor|0 fnt
|faint|p1a: Gliscor
|
|upkeep
|
|t:|1776033539
|switch|p1a: Garganacl|Garganacl, M, shiny|100/100
|-damage|p1a: Garganacl|88/100|[from] Stealth Rock
|turn|24
|
|t:|1776033557
|move|p2a: Cleveland|Parting Shot|p1a: Garganacl
|-unboost|p1a: Garganacl|atk|1
|-unboost|p1a: Garganacl|spa|1
|
|t:|1776033578
|switch|p2a: TheR1zzler|Kingambit, F|40/100|[from] Parting Shot
|-damage|p2a: TheR1zzler|15/100|[from] Spikes
|move|p1a: Garganacl|Salt Cure|p2a: TheR1zzler
|-resisted|p2a: TheR1zzler
|-damage|p2a: TheR1zzler|12/100
|-start|p2a: TheR1zzler|Salt Cure
|
|-heal|p1a: Garganacl|94/100|[from] item: Leftovers
|-damage|p2a: TheR1zzler|0 fnt|[from] Salt Cure
|faint|p2a: TheR1zzler
|-end|p2a: TheR1zzler|fallenundefined|[silent]
|upkeep
|
|t:|1776033596
|switch|p2a: Girlboss|Ogerpon-Wellspring, F|60/100 tox
|-damage|p2a: Girlboss|35/100 tox|[from] Spikes
|turn|25
|
|t:|1776033603
|-terastallize|p1a: Garganacl|Fairy
|move|p2a: Girlboss|Ivy Cudgel|p1a: Garganacl|[anim] Ivy Cudgel Water
|-damage|p1a: Garganacl|55/100
|move|p1a: Garganacl|Iron Defense|p1a: Garganacl
|-boost|p1a: Garganacl|def|2
|
|-heal|p1a: Garganacl|61/100|[from] item: Leftovers
|-damage|p2a: Girlboss|29/100 tox|[from] psn
|upkeep
|turn|26
|
|t:|1776033618
|switch|p2a: Cleveland|Pecharunt|66/100
|move|p1a: Garganacl|Salt Cure|p2a: Cleveland
|-damage|p2a: Cleveland|61/100
|-start|p2a: Cleveland|Salt Cure
|
|-heal|p1a: Garganacl|67/100|[from] item: Leftovers
|-damage|p2a: Cleveland|48/100|[from] Salt Cure
|upkeep
|turn|27
|
|t:|1776033638
|move|p2a: Cleveland|Recover|p2a: Cleveland
|-heal|p2a: Cleveland|98/100
|move|p1a: Garganacl|Recover|p1a: Garganacl
|-heal|p1a: Garganacl|100/100
|
|-damage|p2a: Cleveland|86/100|[from] Salt Cure
|upkeep
|turn|28
|
|t:|1776033647
|move|p2a: Cleveland|Malignant Chain|p1a: Garganacl
|-supereffective|p1a: Garganacl
|-damage|p1a: Garganacl|56/100
|move|p1a: Garganacl|Iron Defense|p1a: Garganacl
|-boost|p1a: Garganacl|def|2
|
|-heal|p1a: Garganacl|62/100|[from] item: Leftovers
|-damage|p2a: Cleveland|74/100|[from] Salt Cure
|upkeep
|turn|29
|
|t:|1776033673
|move|p2a: Cleveland|Malignant Chain|p1a: Garganacl
|-supereffective|p1a: Garganacl
|-damage|p1a: Garganacl|24/100
|move|p1a: Garganacl|Iron Defense|p1a: Garganacl
|-boost|p1a: Garganacl|def|2
|
|-heal|p1a: Garganacl|30/100|[from] item: Leftovers
|-damage|p2a: Cleveland|61/100|[from] Salt Cure
|upkeep
|turn|30
|
|t:|1776033681
|move|p2a: Cleveland|Malignant Chain|p1a: Garganacl
|-supereffective|p1a: Garganacl
|-damage|p1a: Garganacl|0 fnt
|faint|p1a: Garganacl
|
|-damage|p2a: Cleveland|49/100|[from] Salt Cure
|upkeep
|
|t:|1776033703
|switch|p1a: Meowscarada|Meowscarada, F|88/100
|-damage|p1a: Meowscarada|76/100|[from] Stealth Rock
|turn|31
|c|☆InDaHouseSun|Why all the spectators wanna ohko a random mon? lol
|
|t:|1776033728
|switch|p2a: Doozhbagh|Moltres|100/100
|move|p1a: Meowscarada|Triple Axel|p2a: Doozhbagh
|-start|p1a: Meowscarada|typechange|Ice|[from] ability: Protean
|-damage|p2a: Doozhbagh|91/100
|-damage|p2a: Doozhbagh|72/100
|-damage|p2a: Doozhbagh|41/100
|-hitcount|p2a: Doozhbagh|3
|
|upkeep
|turn|32
|
|t:|1776033770
|switch|p2a: Girlboss|Ogerpon-Wellspring, F|29/100 tox
|-damage|p2a: Girlboss|4/100 tox|[from] Spikes
|move|p1a: Meowscarada|Triple Axel|p2a: Girlboss
|-damage|p2a: Girlboss|0 fnt
|faint|p2a: Girlboss
|-hitcount|p2: Girlboss|1
|
|upkeep
|
|t:|1776033793
|switch|p2a: Uvuvwevwe Osas|Raging Bolt|100/100
|-damage|p2a: Uvuvwevwe Osas|76/100|[from] Spikes
|turn|33
|
|t:|1776033808
|-terastallize|p2a: Uvuvwevwe Osas|Fairy
|move|p1a: Meowscarada|Triple Axel|p2a: Uvuvwevwe Osas
|-damage|p2a: Uvuvwevwe Osas|63/100
|-damage|p2a: Uvuvwevwe Osas|37/100
|-damage|p2a: Uvuvwevwe Osas|0 fnt
|faint|p2a: Uvuvwevwe Osas
|-end|p2a: Uvuvwevwe Osas|Protosynthesis|[silent]
|-hitcount|p2: Uvuvwevwe Osas|3
|
|upkeep
|
|t:|1776033820
|switch|p2a: Cleveland|Pecharunt|49/100
|turn|34
|
|t:|1776033824
|move|p1a: Meowscarada|Triple Axel|p2a: Cleveland
|-damage|p2a: Cleveland|41/100
|-damage|p2a: Cleveland|29/100
|-damage|p2a: Cleveland|8/100
|-hitcount|p2a: Cleveland|3
|move|p2a: Cleveland|Recover|p2a: Cleveland
|-heal|p2a: Cleveland|58/100
|
|upkeep
|turn|35
|
|t:|1776033847
|switch|p1a: Dragonite|Dragonite, M|100/100
|move|p2a: Cleveland|Recover|p2a: Cleveland
|-heal|p2a: Cleveland|100/100
|
|upkeep
|turn|36
|
|t:|1776033853
|move|p1a: Dragonite|Dragon Dance|p1a: Dragonite
|-boost|p1a: Dragonite|atk|1
|-boost|p1a: Dragonite|spe|1
|move|p2a: Cleveland|Malignant Chain|p1a: Dragonite
|-damage|p1a: Dragonite|83/100
|
|upkeep
|turn|37
|
|t:|1776033862
|move|p1a: Dragonite|Earthquake|p2a: Cleveland
|-supereffective|p2a: Cleveland
|-damage|p2a: Cleveland|45/100
|move|p2a: Cleveland|Malignant Chain|p1a: Dragonite
|-damage|p1a: Dragonite|49/100
|
|upkeep
|turn|38
|
|t:|1776033870
|switch|p2a: Doozhbagh|Moltres|41/100
|move|p1a: Dragonite|Earthquake|p2a: Doozhbagh
|-immune|p2a: Doozhbagh
|
|upkeep
|turn|39
|
|t:|1776033875
|move|p1a: Dragonite|Extreme Speed|p2a: Doozhbagh
|-damage|p2a: Doozhbagh|9/100
|-status|p1a: Dragonite|brn|[from] ability: Flame Body|[of] p2a: Doozhbagh
|move|p2a: Doozhbagh|Roost|p2a: Doozhbagh
|-heal|p2a: Doozhbagh|60/100
|-singleturn|p2a: Doozhbagh|move: Roost
|
|-damage|p1a: Dragonite|43/100 brn|[from] brn
|upkeep
|turn|40
|
|t:|1776033882
|move|p1a: Dragonite|Roost|p1a: Dragonite
|-heal|p1a: Dragonite|93/100 brn
|-singleturn|p1a: Dragonite|move: Roost
|move|p2a: Doozhbagh|Roost|p2a: Doozhbagh
|-heal|p2a: Doozhbagh|100/100
|-singleturn|p2a: Doozhbagh|move: Roost
|
|-damage|p1a: Dragonite|87/100 brn|[from] brn
|upkeep
|turn|41
|
|t:|1776033894
|move|p1a: Dragonite|Dragon Dance|p1a: Dragonite
|-boost|p1a: Dragonite|atk|1
|-boost|p1a: Dragonite|spe|1
|move|p2a: Doozhbagh|Roar|p1a: Dragonite
|drag|p1a: Meowscarada|Meowscarada, F|76/100
|-damage|p1a: Meowscarada|64/100|[from] Stealth Rock
|
|upkeep
|turn|42
|
|t:|1776033933
|move|p1a: Meowscarada|Knock Off|p2a: Doozhbagh
|-start|p1a: Meowscarada|typechange|Dark|[from] ability: Protean
|-damage|p2a: Doozhbagh|51/100
|-enditem|p2a: Doozhbagh|Heavy-Duty Boots|[from] move: Knock Off|[of] p1a: Meowscarada
|move|p2a: Doozhbagh|Flamethrower|p1a: Meowscarada
|-damage|p1a: Meowscarada|8/100
|
|upkeep
|turn|43
|
|t:|1776033949
|move|p1a: Meowscarada|Knock Off|p2a: Doozhbagh
|-damage|p2a: Doozhbagh|22/100
|move|p2a: Doozhbagh|Roost|p2a: Doozhbagh
|-heal|p2a: Doozhbagh|72/100
|-singleturn|p2a: Doozhbagh|move: Roost
|
|upkeep
|turn|44
|
|t:|1776033953
|switch|p1a: Snorlax|Snorlax, M|100/100
|-damage|p1a: Snorlax|88/100|[from] Stealth Rock
|move|p2a: Doozhbagh|Roost|p2a: Doozhbagh
|-heal|p2a: Doozhbagh|100/100
|-singleturn|p2a: Doozhbagh|move: Roost
|
|upkeep
|turn|45
|
|t:|1776033957
|move|p1a: Snorlax|Body Slam|p2a: Doozhbagh
|-damage|p2a: Doozhbagh|78/100
|-status|p2a: Doozhbagh|par
|-status|p1a: Snorlax|brn|[from] ability: Flame Body|[of] p2a: Doozhbagh
|move|p2a: Doozhbagh|Roar|p1a: Snorlax
|drag|p1a: Meowscarada|Meowscarada, F|8/100
|-damage|p1a: Meowscarada|0 fnt|[from] Stealth Rock
|faint|p1a: Meowscarada
|
|upkeep
|
|t:|1776033963
|switch|p1a: Dragonite|Dragonite, M|87/100 brn
|turn|46
|
|t:|1776033973
|move|p1a: Dragonite|Dragon Dance|p1a: Dragonite
|-boost|p1a: Dragonite|atk|1
|-boost|p1a: Dragonite|spe|1
|move|p2a: Doozhbagh|Roar|p1a: Dragonite
|drag|p1a: Snorlax|Snorlax, M|88/100 brn
|-damage|p1a: Snorlax|76/100 brn|[from] Stealth Rock
|
|-damage|p1a: Snorlax|70/100 brn|[from] brn
|upkeep
|turn|47
|
|t:|1776033989
|switch|p1a: Dragonite|Dragonite, M|87/100 brn
|move|p2a: Doozhbagh|Flamethrower|p1a: Dragonite
|-resisted|p1a: Dragonite
|-damage|p1a: Dragonite|68/100 brn
|
|-damage|p1a: Dragonite|61/100 brn|[from] brn
|upkeep
|turn|48
|
|t:|1776033999
|move|p1a: Dragonite|Roost|p1a: Dragonite
|-heal|p1a: Dragonite|100/100 brn
|-singleturn|p1a: Dragonite|move: Roost
|move|p2a: Doozhbagh|Roar|p1a: Dragonite
|drag|p1a: Snorlax|Snorlax, M|70/100 brn
|-damage|p1a: Snorlax|57/100 brn|[from] Stealth Rock
|
|-damage|p1a: Snorlax|51/100 brn|[from] brn
|upkeep
|turn|49
|
|t:|1776034010
|move|p2a: Doozhbagh|U-turn|p1a: Snorlax
|-damage|p1a: Snorlax|36/100 brn
|
|t:|1776034013
|switch|p2a: Cleveland|Pecharunt|45/100|[from] U-turn
|move|p1a: Snorlax|Body Slam|p2a: Cleveland
|-immune|p2a: Cleveland
|
|-damage|p1a: Snorlax|30/100 brn|[from] brn
|upkeep
|turn|50
|
|t:|1776034026
|move|p2a: Cleveland|Recover|p2a: Cleveland
|-heal|p2a: Cleveland|95/100
|move|p1a: Snorlax|Curse|p1a: Snorlax
|-unboost|p1a: Snorlax|spe|1
|-boost|p1a: Snorlax|atk|1
|-boost|p1a: Snorlax|def|1
|
|-damage|p1a: Snorlax|24/100 brn|[from] brn
|upkeep
|-enditem|p1a: Snorlax|Figy Berry|[eat]
|-heal|p1a: Snorlax|57/100 brn|[from] item: Figy Berry
|turn|51
|
|t:|1776034039
|move|p2a: Cleveland|Malignant Chain|p1a: Snorlax
|-damage|p1a: Snorlax|43/100 brn
|move|p1a: Snorlax|Curse|p1a: Snorlax
|-unboost|p1a: Snorlax|spe|1
|-boost|p1a: Snorlax|atk|1
|-boost|p1a: Snorlax|def|1
|
|-damage|p1a: Snorlax|37/100 brn|[from] brn
|upkeep
|turn|52
|
|t:|1776034050
|switch|p2a: Doozhbagh|Moltres|78/100 par
|move|p1a: Snorlax|Rest|p1a: Snorlax
|-status|p1a: Snorlax|slp|[from] move: Rest
|-heal|p1a: Snorlax|100/100 slp|[silent]
|
|upkeep
|turn|53
|
|t:|1776034066
|cant|p1a: Snorlax|slp
|cant|p2a: Doozhbagh|par
|
|upkeep
|turn|54
|
|t:|1776034071
|cant|p1a: Snorlax|slp
|move|p2a: Doozhbagh|Roar|p1a: Snorlax
|drag|p1a: Dragonite|Dragonite, M|100/100 brn
|
|-damage|p1a: Dragonite|94/100 brn|[from] brn
|upkeep
|turn|55
|-message|BIGGJIMMY forfeited.
|
|win|InDaHouseSun
|raw|BIGGJIMMY's rating: 1328 &rarr; <strong>1309</strong><br />(-19 for losing)
|raw|InDaHouseSun's rating: 1345 &rarr; <strong>1364</strong><br />(+19 for winning)
|l|☆BIGGJIMMY
|player|p1|
|c|☆InDaHouseSun|Thabk god my boi
|c|☆InDaHouseSun|I did not intend to make this a stally end
|c|☆InDaHouseSun|Dyamn
|l|☆InDaHouseSun
|player|p2|
