|html|<div class="broadcast-blue"><strong>[Gen 9] OU is currently suspecting Tera Blast! For information on how to participate check out the <a href="https://www.smogon.com/tools/suspects/view/200">suspect thread</a>.</strong></div>
|j|☆Tera dream
|j|☆Sparky-Spa
|t:|1776133585
|gametype|singles
|player|p1|Tera dream|lusamine-nihilego|1038
|player|p2|Sparky-Spa|buck|1082
|gen|9
|tier|[Gen 9] OU
|rated|
|rule|HP Percentage Mod: HP is shown in percentages
|rule|Endless Battle Clause: Forcing endless battles is banned
|rule|Species Clause: Limit one of each Pokémon
|rule|OHKO Clause: OHKO moves are banned
|rule|Evasion Items Clause: Evasion items are banned
|rule|Evasion Moves Clause: Evasion moves are banned
|rule|Evasion Abilities Clause: Evasion abilities are banned
|rule|Sleep Moves Clause: Sleep-inducing moves are banned
|clearpoke
|poke|p1|Braviary-Hisui, M|
|poke|p1|Lilligant-Hisui, F|
|poke|p1|Ursaluna, F|
|poke|p1|Arcanine-Hisui, F|
|poke|p1|Samurott-Hisui, F|
|poke|p1|Zoroark-Hisui, M|
|poke|p2|Meowscarada, F|
|poke|p2|Dragonite, M|
|poke|p2|Iron Valiant|
|poke|p2|Landorus-Therian, M|
|poke|p2|Walking Wake|
|poke|p2|Ribombee, F|
|teampreview
|inactive|Battle timer is ON: inactive players will automatically lose when time's up. (requested by Tera dream)
|
|t:|1776133595
|teamsize|p1|6
|teamsize|p2|6
|start
|switch|p1a: Braviary|Braviary-Hisui, M|100/100
|switch|p2a: Ribombee|Ribombee, F, shiny|100/100
|turn|1
|
|t:|1776133605
|move|p2a: Ribombee|Sticky Web|p1a: Braviary
|-sidestart|p1: Tera dream|move: Sticky Web
|move|p1a: Braviary|Esper Wing|p2a: Ribombee
|-damage|p2a: Ribombee|31/100
|-boost|p1a: Braviary|spe|1
|
|upkeep
|turn|2
|
|t:|1776133615
|move|p2a: Ribombee|Moonblast|p1a: Braviary
|-damage|p1a: Braviary|52/100
|move|p1a: Braviary|Esper Wing|p2a: Ribombee
|-damage|p2a: Ribombee|0 fnt
|-boost|p1a: Braviary|spe|1
|faint|p2a: Ribombee
|
|upkeep
|
|t:|1776133636
|switch|p2a: Meowscarada|Meowscarada, F|100/100
|turn|3
|
|t:|1776133639
|move|p2a: Meowscarada|Knock Off|p1a: Braviary
|-start|p2a: Meowscarada|typechange|Dark|[from] ability: Protean
|-supereffective|p1a: Braviary
|-damage|p1a: Braviary|0 fnt
|-enditem|p1a: Braviary|Heavy-Duty Boots|[from] move: Knock Off|[of] p2a: Meowscarada
|faint|p1a: Braviary
|
|upkeep
|
|t:|1776133654
|switch|p1a: Lilligant|Lilligant-Hisui, F|100/100
|-activate|p1a: Lilligant|move: Sticky Web
|-unboost|p1a: Lilligant|spe|1
|turn|4
|
|t:|1776133671
|switch|p2a: Iron Valiant|Iron Valiant|100/100
|-enditem|p2a: Iron Valiant|Booster Energy
|-activate|p2a: Iron Valiant|ability: Quark Drive|[fromitem]
|-start|p2a: Iron Valiant|quarkdrivespe
|move|p1a: Lilligant|Victory Dance|p1a: Lilligant
|-boost|p1a: Lilligant|atk|1
|-boost|p1a: Lilligant|def|1
|-boost|p1a: Lilligant|spe|1
|
|upkeep
|turn|5
|
|t:|1776133683
|-terastallize|p1a: Lilligant|Fire
|move|p2a: Iron Valiant|Spirit Break|p1a: Lilligant
|-resisted|p1a: Lilligant
|-damage|p1a: Lilligant|81/100
|-unboost|p1a: Lilligant|spa|1
|move|p1a: Lilligant|Leaf Blade|p2a: Iron Valiant
|-damage|p2a: Iron Valiant|0 fnt
|faint|p2a: Iron Valiant
|-end|p2a: Iron Valiant|Quark Drive|[silent]
|
|upkeep
|
|t:|1776133695
|switch|p2a: Landorus|Landorus-Therian, M|100/100
|-ability|p2a: Landorus|Intimidate|boost
|-unboost|p1a: Lilligant|atk|1
|turn|6
|
|t:|1776133703
|move|p1a: Lilligant|Ice Spinner|p2a: Landorus|[miss]
|-miss|p1a: Lilligant|p2a: Landorus
|move|p2a: Landorus|Earthquake|p1a: Lilligant
|-supereffective|p1a: Lilligant
|-damage|p1a: Lilligant|0 fnt
|faint|p1a: Lilligant
|
|upkeep
|
|t:|1776133714
|switch|p1a: Samurott|Samurott-Hisui, F|100/100
|-activate|p1a: Samurott|move: Sticky Web
|-unboost|p1a: Samurott|spe|1
|turn|7
|inactive|Sparky-Spa has 120 seconds left.
|
|t:|1776133765
|move|p2a: Landorus|U-turn|p1a: Samurott
|-supereffective|p1a: Samurott
|-damage|p1a: Samurott|32/100
|
|t:|1776133768
|switch|p2a: Dragonite|Dragonite, M, shiny|100/100|[from] U-turn
|move|p1a: Samurott|Razor Shell|p2a: Dragonite
|-resisted|p2a: Dragonite
|-damage|p2a: Dragonite|86/100
|-unboost|p2a: Dragonite|def|1
|
|upkeep
|turn|8
|
|t:|1776133778
|-terastallize|p2a: Dragonite|Normal
|move|p2a: Dragonite|Extreme Speed|p1a: Samurott
|-damage|p1a: Samurott|0 fnt
|faint|p1a: Samurott
|
|upkeep
|
|t:|1776133788
|switch|p1a: Ursaluna|Ursaluna, F|100/100
|-activate|p1a: Ursaluna|move: Sticky Web
|-unboost|p1a: Ursaluna|spe|1
|turn|9
|
|t:|1776133816
|move|p2a: Dragonite|Extreme Speed|p1a: Ursaluna
|-damage|p1a: Ursaluna|72/100
|move|p1a: Ursaluna|Headlong Rush|p2a: Dragonite
|-damage|p2a: Dragonite|0 fnt
|-unboost|p1a: Ursaluna|def|1
|-unboost|p1a: Ursaluna|spd|1
|faint|p2a: Dragonite
|
|-status|p1a: Ursaluna|brn|[from] item: Flame Orb
|upkeep
|
|t:|1776133826
|switch|p2a: Meowscarada|Meowscarada, F|100/100
|turn|10
|
|t:|1776133832
|switch|p1a: Tactical nuke|Arcanine-Hisui, F|100/100
|-activate|p1a: Tactical nuke|move: Sticky Web
|-unboost|p1a: Tactical nuke|spe|1
|move|p2a: Meowscarada|Flower Trick|p1a: Tactical nuke
|-start|p2a: Meowscarada|typechange|Grass|[from] ability: Protean
|-crit|p1a: Tactical nuke
|-damage|p1a: Tactical nuke|35/100
|
|upkeep
|turn|11
|
|t:|1776133843
|move|p2a: Meowscarada|Flower Trick|p1a: Tactical nuke
|-crit|p1a: Tactical nuke
|-damage|p1a: Tactical nuke|0 fnt
|faint|p1a: Tactical nuke
|
|upkeep
|
|t:|1776133849
|switch|p1a: Ursaluna|Ursaluna, F|100/100
|-activate|p1a: Ursaluna|move: Sticky Web
|-unboost|p1a: Ursaluna|spe|1
|turn|12
|inactive|Sparky-Spa has 90 seconds left.
|
|t:|1776133888
|switch|p2a: Landorus|Landorus-Therian, M|100/100
|-ability|p2a: Landorus|Intimidate|boost
|-unboost|p1a: Ursaluna|atk|1
|move|p1a: Ursaluna|Flamethrower|p2a: Landorus
|-damage|p2a: Landorus|76/100
|
|upkeep
|turn|13
|inactive|Sparky-Spa has 90 seconds left.
|
|t:|1776133898
|move|p2a: Landorus|Crunch|p1a: Ursaluna
|-supereffective|p1a: Ursaluna
|-enditem|p1a: Ursaluna|Focus Sash
|-damage|p1a: Ursaluna|1/100
|replace|p1a: Imposter|Zoroark-Hisui, M
|-end|p1a: Imposter|Illusion
|move|p1a: Imposter|Hyper Voice|p2a: Landorus
|-damage|p2a: Landorus|38/100
|
|upkeep
|turn|14
|inactive|Sparky-Spa has 90 seconds left.
|
|t:|1776133908
|move|p2a: Landorus|U-turn|p1a: Imposter
|-resisted|p1a: Imposter
|-damage|p1a: Imposter|0 fnt
|faint|p1a: Imposter
|inactive|Sparky-Spa has 90 seconds left.
|
|t:|1776133913
|switch|p2a: Meowscarada|Meowscarada, F|100/100|[from] U-turn
|
|upkeep
|
|t:|1776133917
|switch|p1a: Ursaluna|Ursaluna, F|72/100 brn
|-activate|p1a: Ursaluna|move: Sticky Web
|-unboost|p1a: Ursaluna|spe|1
|turn|15
|
|t:|1776133922
|move|p2a: Meowscarada|Flower Trick|p1a: Ursaluna
|-start|p2a: Meowscarada|typechange|Grass|[from] ability: Protean
|-supereffective|p1a: Ursaluna
|-crit|p1a: Ursaluna
|-damage|p1a: Ursaluna|8/100 brn
|move|p1a: Ursaluna|Ice Punch|p2a: Meowscarada
|-supereffective|p2a: Meowscarada
|-damage|p2a: Meowscarada|0 fnt
|faint|p2a: Meowscarada
|
|-damage|p1a: Ursaluna|2/100 brn|[from] brn
|upkeep
|
|t:|1776133937
|switch|p2a: Landorus|Landorus-Therian, M|38/100
|-ability|p2a: Landorus|Intimidate|boost
|-unboost|p1a: Ursaluna|atk|1
|turn|16
|-message|Tera dream forfeited.
|
|win|Sparky-Spa
|raw|Tera dream's rating: 1038 &rarr; <strong>1024</strong><br />(-14 for losing)
|raw|Sparky-Spa's rating: 1082 &rarr; <strong>1106</strong><br />(+24 for winning)
|l|☆Tera dream
|player|p1|
