|html|<div class="broadcast-blue"><strong>[Gen 9] OU is currently suspecting Tera Blast! For information on how to participate check out the <a href="https://www.smogon.com/tools/suspects/view/200">suspect thread</a>.</strong></div>
|j|☆m4debyjoak0
|j|☆whatisherm3l0n
|t:|1776059763
|gametype|singles
|player|p1|m4debyjoak0|roxie|1331
|player|p2|whatisherm3l0n|acetrainer-gen4dp|1342
|gen|9
|tier|[Gen 9] OU
|rated|
|rule|HP Percentage Mod: HP is shown in percentages
|rule|Endless Battle Clause: Forcing endless battles is banned
|rule|Species Clause: Limit one of each Pokémon
|rule|OHKO Clause: OHKO moves are banned
|rule|Evasion Items Clause: Evasion items are banned
|rule|Evasion Moves Clause: Evasion moves are banned
|rule|Evasion Abilities Clause: Evasion abilities are banned
|rule|Sleep Moves Clause: Sleep-inducing moves are banned
|clearpoke
|poke|p1|Samurott-Hisui, M|
|poke|p1|Rillaboom, F|
|poke|p1|Heatran, M|
|poke|p1|Great Tusk|
|poke|p1|Gholdengo|
|poke|p1|Ogerpon-Wellspring, F|
|poke|p2|Pelipper, M|
|poke|p2|Manaphy|
|poke|p2|Bruxish, M|
|poke|p2|Overqwil, F|
|poke|p2|Iron Treads|
|poke|p2|Raging Bolt|
|teampreview
|inactive|Battle timer is ON: inactive players will automatically lose when time's up. (requested by m4debyjoak0)
|
|t:|1776059782
|teamsize|p1|6
|teamsize|p2|6
|start
|switch|p1a: Samurott|Samurott-Hisui, M|100/100
|switch|p2a: Iron Treads|Iron Treads, shiny|100/100
|-enditem|p2a: Iron Treads|Booster Energy
|-activate|p2a: Iron Treads|ability: Quark Drive|[fromitem]
|-start|p2a: Iron Treads|quarkdrivespe
|turn|1
|
|t:|1776059797
|move|p2a: Iron Treads|Stealth Rock|p1a: Samurott
|-sidestart|p1: m4debyjoak0|move: Stealth Rock
|move|p1a: Samurott|Aqua Cutter|p2a: Iron Treads
|-supereffective|p2a: Iron Treads
|-damage|p2a: Iron Treads|30/100
|
|upkeep
|turn|2
|
|t:|1776059817
|move|p1a: Samurott|Sucker Punch|p2a: Iron Treads
|-damage|p2a: Iron Treads|5/100
|move|p2a: Iron Treads|Earthquake|p1a: Samurott
|-damage|p1a: Samurott|57/100
|
|upkeep
|turn|3
|inactive|whatisherm3l0n has 120 seconds left.
|
|t:|1776059841
|-end|p2a: Iron Treads|Quark Drive|[silent]
|switch|p2a: Dr. Pelipper|Pelipper, M, shiny|100/100
|-weather|RainDance|[from] ability: Drizzle|[of] p2a: Dr. Pelipper
|move|p1a: Samurott|Ceaseless Edge|p2a: Dr. Pelipper
|-damage|p2a: Dr. Pelipper|65/100
|-sidestart|p2: whatisherm3l0n|Spikes
|
|-weather|RainDance|[upkeep]
|upkeep
|turn|4
|inactive|whatisherm3l0n has 120 seconds left.
|
|t:|1776059868
|switch|p1a: Gholdengo|Gholdengo|100/100
|-damage|p1a: Gholdengo|94/100|[from] Stealth Rock
|move|p2a: Dr. Pelipper|U-turn|p1a: Gholdengo
|-resisted|p1a: Gholdengo
|-damage|p1a: Gholdengo|93/100
|inactive|whatisherm3l0n has 90 seconds left.
|
|t:|1776059889
|switch|p2a: Overqwil|Overqwil, F, shiny|100/100|[from] U-turn
|-damage|p2a: Overqwil|88/100|[from] Spikes
|
|-weather|RainDance|[upkeep]
|upkeep
|turn|5
|inactive|whatisherm3l0n has 90 seconds left.
|
|t:|1776059908
|move|p2a: Overqwil|Crunch|p1a: Gholdengo
|-supereffective|p1a: Gholdengo
|-enditem|p1a: Gholdengo|Colbur Berry|[eat]
|-enditem|p1a: Gholdengo|Colbur Berry|[weaken]
|-damage|p1a: Gholdengo|58/100
|-damage|p2a: Overqwil|78/100|[from] item: Life Orb
|move|p1a: Gholdengo|Make It Rain|p2a: Overqwil
|-damage|p2a: Overqwil|0 fnt
|-unboost|p1a: Gholdengo|spa|1
|faint|p2a: Overqwil
|
|-weather|RainDance|[upkeep]
|upkeep
|
|t:|1776059929
|switch|p2a: Raging Bolt|Raging Bolt|100/100
|-damage|p2a: Raging Bolt|88/100|[from] Spikes
|-enditem|p2a: Raging Bolt|Booster Energy
|-activate|p2a: Raging Bolt|ability: Protosynthesis|[fromitem]
|-start|p2a: Raging Bolt|protosynthesisspa
|turn|6
|
|t:|1776059946
|switch|p1a: Great Tusk|Great Tusk|100/100
|move|p2a: Raging Bolt|Weather Ball|p1a: Great Tusk
|-supereffective|p1a: Great Tusk
|-damage|p1a: Great Tusk|0 fnt
|faint|p1a: Great Tusk
|-end|p1a: Great Tusk|Protosynthesis|[silent]
|
|-weather|RainDance|[upkeep]
|upkeep
|
|t:|1776059949
|switch|p1a: Ogerpon|Ogerpon-Wellspring, F|100/100
|-damage|p1a: Ogerpon|88/100|[from] Stealth Rock
|turn|7
|
|t:|1776059962
|move|p1a: Ogerpon|Encore|p2a: Raging Bolt
|-start|p2a: Raging Bolt|Encore
|move|p2a: Raging Bolt|Weather Ball|p1a: Ogerpon
|-heal|p1a: Ogerpon|100/100|[from] ability: Water Absorb|[of] p2a: Raging Bolt
|
|-weather|RainDance|[upkeep]
|upkeep
|turn|8
|
|t:|1776059982
|-end|p2a: Raging Bolt|Protosynthesis|[silent]
|switch|p2a: Bruxish|Bruxish, M, shiny|100/100
|-damage|p2a: Bruxish|88/100|[from] Spikes
|move|p1a: Ogerpon|Swords Dance|p1a: Ogerpon
|-boost|p1a: Ogerpon|atk|2
|
|-weather|RainDance|[upkeep]
|upkeep
|turn|9
|
|t:|1776059990
|move|p2a: Bruxish|Psychic Fangs|p1a: Ogerpon
|-damage|p1a: Ogerpon|47/100
|move|p1a: Ogerpon|Trailblaze|p2a: Bruxish
|-supereffective|p2a: Bruxish
|-damage|p2a: Bruxish|0 fnt
|-boost|p1a: Ogerpon|spe|1
|faint|p2a: Bruxish
|
|-weather|RainDance|[upkeep]
|upkeep
|
|t:|1776060000
|switch|p2a: Raging Bolt|Raging Bolt|88/100
|-damage|p2a: Raging Bolt|76/100|[from] Spikes
|turn|10
|
|t:|1776060007
|move|p2a: Raging Bolt|Thunderclap||[still]
|-fail|p2a: Raging Bolt
|move|p1a: Ogerpon|Encore|p2a: Raging Bolt
|-start|p2a: Raging Bolt|Encore
|
|-weather|none
|upkeep
|turn|11
|
|t:|1776060013
|move|p2a: Raging Bolt|Thunderclap||[still]
|-fail|p2a: Raging Bolt
|move|p1a: Ogerpon|Swords Dance|p1a: Ogerpon
|-boost|p1a: Ogerpon|atk|2
|
|upkeep
|turn|12
|
|t:|1776060019
|move|p2a: Raging Bolt|Thunderclap||[still]
|-fail|p2a: Raging Bolt
|move|p1a: Ogerpon|Swords Dance|p1a: Ogerpon
|-boost|p1a: Ogerpon|atk|2
|
|upkeep
|turn|13
|inactive|whatisherm3l0n has 90 seconds left.
|
|t:|1776060034
|move|p2a: Raging Bolt|Thunderclap||[still]
|-fail|p2a: Raging Bolt
|move|p1a: Ogerpon|Swords Dance|p1a: Ogerpon
|-boost|p1a: Ogerpon|atk|0
|
|-end|p2a: Raging Bolt|Encore
|upkeep
|turn|14
|
|t:|1776060040
|move|p2a: Raging Bolt|Thunderclap||[still]
|-fail|p2a: Raging Bolt
|move|p1a: Ogerpon|Encore|p2a: Raging Bolt
|-start|p2a: Raging Bolt|Encore
|
|upkeep
|turn|15
|inactive|whatisherm3l0n has 90 seconds left.
|
|t:|1776060052
|move|p2a: Raging Bolt|Thunderclap||[still]
|-fail|p2a: Raging Bolt
|move|p1a: Ogerpon|Swords Dance|p1a: Ogerpon
|-boost|p1a: Ogerpon|atk|0
|
|upkeep
|turn|16
|inactive|whatisherm3l0n has 90 seconds left.
|
|t:|1776060085
|-end|p2a: Raging Bolt|Protosynthesis|[silent]
|switch|p2a: Manaphy|Manaphy, shiny|100/100
|-damage|p2a: Manaphy|88/100|[from] Spikes
|move|p1a: Ogerpon|Swords Dance|p1a: Ogerpon
|-boost|p1a: Ogerpon|atk|0
|
|upkeep
|turn|17
|
|t:|1776060099
|move|p1a: Ogerpon|Trailblaze|p2a: Manaphy
|-supereffective|p2a: Manaphy
|-damage|p2a: Manaphy|0 fnt
|-boost|p1a: Ogerpon|spe|1
|faint|p2a: Manaphy
|
|upkeep
|
|t:|1776060107
|switch|p2a: Raging Bolt|Raging Bolt|76/100
|-damage|p2a: Raging Bolt|63/100|[from] Spikes
|turn|18
|
|t:|1776060112
|move|p1a: Ogerpon|Encore||[still]
|-fail|p1a: Ogerpon
|move|p2a: Raging Bolt|Thunderbolt|p1a: Ogerpon
|-damage|p1a: Ogerpon|0 fnt
|faint|p1a: Ogerpon
|
|upkeep
|
|t:|1776060116
|switch|p1a: Heatran|Heatran, M|100/100
|-damage|p1a: Heatran|88/100|[from] Stealth Rock
|turn|19
|
|t:|1776060124
|-terastallize|p2a: Raging Bolt|Fairy
|move|p2a: Raging Bolt|Thunderbolt|p1a: Heatran
|-damage|p1a: Heatran|53/100
|move|p1a: Heatran|Magma Storm|p2a: Raging Bolt
|-damage|p2a: Raging Bolt|27/100
|-activate|p2a: Raging Bolt|move: Magma Storm|[of] p1a: Heatran
|
|-heal|p1a: Heatran|59/100|[from] item: Leftovers
|-damage|p2a: Raging Bolt|15/100|[from] move: Magma Storm|[partiallytrapped]
|upkeep
|turn|20
|inactive|whatisherm3l0n has 90 seconds left.
|
|t:|1776060136
|move|p1a: Heatran|Protect|p1a: Heatran
|-singleturn|p1a: Heatran|Protect
|move|p2a: Raging Bolt|Thunderbolt|p1a: Heatran
|-activate|p1a: Heatran|move: Protect
|
|-heal|p1a: Heatran|66/100|[from] item: Leftovers
|-damage|p2a: Raging Bolt|2/100|[from] move: Magma Storm|[partiallytrapped]
|upkeep
|turn|21
|inactive|whatisherm3l0n has 90 seconds left.
|
|t:|1776060145
|move|p2a: Raging Bolt|Thunderbolt|p1a: Heatran
|-damage|p1a: Heatran|34/100
|move|p1a: Heatran|Earth Power|p2a: Raging Bolt
|-damage|p2a: Raging Bolt|0 fnt
|faint|p2a: Raging Bolt
|-end|p2a: Raging Bolt|Protosynthesis|[silent]
|
|-heal|p1a: Heatran|40/100|[from] item: Leftovers
|upkeep
|inactive|whatisherm3l0n has 90 seconds left.
|
|t:|1776060153
|switch|p2a: Dr. Pelipper|Pelipper, M, shiny|65/100
|-weather|RainDance|[from] ability: Drizzle|[of] p2a: Dr. Pelipper
|turn|22
|
|t:|1776060158
|move|p1a: Heatran|Magma Storm|p2a: Dr. Pelipper
|-resisted|p2a: Dr. Pelipper
|-damage|p2a: Dr. Pelipper|50/100
|-activate|p2a: Dr. Pelipper|move: Magma Storm|[of] p1a: Heatran
|move|p2a: Dr. Pelipper|Weather Ball|p1a: Heatran
|-supereffective|p1a: Heatran
|-damage|p1a: Heatran|0 fnt
|faint|p1a: Heatran
|
|-weather|RainDance|[upkeep]
|-end|p2a: Dr. Pelipper|Magma Storm|[partiallytrapped]|[silent]
|upkeep
|
|t:|1776060161
|switch|p1a: Rillaboom|Rillaboom, F|100/100
|-damage|p1a: Rillaboom|88/100|[from] Stealth Rock
|-fieldstart|move: Grassy Terrain|[from] ability: Grassy Surge|[of] p1a: Rillaboom
|turn|23
|
|t:|1776060172
|move|p1a: Rillaboom|Wood Hammer|p2a: Dr. Pelipper
|-damage|p2a: Dr. Pelipper|0 fnt
|faint|p2a: Dr. Pelipper
|-damage|p1a: Rillaboom|73/100|[from] Recoil
|
|-weather|RainDance|[upkeep]
|-heal|p1a: Rillaboom|79/100|[from] Grassy Terrain
|upkeep
|-message|whatisherm3l0n forfeited.
|
|win|m4debyjoak0
|raw|m4debyjoak0's rating: 1331 &rarr; <strong>1351</strong><br />(+20 for winning)
|raw|whatisherm3l0n's rating: 1328 &rarr; <strong>1308</strong><br />(-20 for losing)
|l|☆whatisherm3l0n
|player|p2|
