|html|<div class="broadcast-blue"><strong>[Gen 9] OU is currently suspecting Tera Blast! For information on how to participate check out the <a href="https://www.smogon.com/tools/suspects/view/200">suspect thread</a>.</strong></div>
|j|☆Khvaradona
|j|☆kronoking32
|t:|1776070751
|gametype|singles
|player|p1|Khvaradona|102|1125
|player|p2|kronoking32|hilbert-wonderlauncher|1077
|gen|9
|tier|[Gen 9] OU
|rated|
|rule|HP Percentage Mod: HP is shown in percentages
|rule|Endless Battle Clause: Forcing endless battles is banned
|rule|Species Clause: Limit one of each Pokémon
|rule|OHKO Clause: OHKO moves are banned
|rule|Evasion Items Clause: Evasion items are banned
|rule|Evasion Moves Clause: Evasion moves are banned
|rule|Evasion Abilities Clause: Evasion abilities are banned
|rule|Sleep Moves Clause: Sleep-inducing moves are banned
|clearpoke
|poke|p1|Hatterene, F|
|poke|p1|Iron Hands|
|poke|p1|Slowking-Galar, F|
|poke|p1|Ursaluna, F|
|poke|p1|Dragonite, M|
|poke|p1|Porygon2|
|poke|p2|Crabominable, F|
|poke|p2|Basculin-Blue-Striped, M|
|poke|p2|Haxorus, F|
|poke|p2|Deoxys-Defense|
|poke|p2|Honchkrow, F|
|poke|p2|Klefki, M|
|teampreview
|l|☆Khvaradona
|player|p1|
|j|☆Khvaradona
|player|p1|Khvaradona|102|
|
|t:|1776070773
|teamsize|p1|6
|teamsize|p2|6
|start
|switch|p1a: Porygon2|Porygon2|100/100
|switch|p2a: Crabominable|Crabominable, F|100/100
|turn|1
|
|t:|1776070782
|move|p2a: Crabominable|Drain Punch|p1a: Porygon2
|-supereffective|p1a: Porygon2
|-damage|p1a: Porygon2|37/100
|move|p1a: Porygon2|Thunderbolt|p2a: Crabominable
|-damage|p2a: Crabominable|65/100
|
|upkeep
|turn|2
|
|t:|1776070789
|-terastallize|p1a: Porygon2|Ghost
|move|p2a: Crabominable|Drain Punch|p1a: Porygon2
|-immune|p1a: Porygon2
|move|p1a: Porygon2|Recover|p1a: Porygon2
|-heal|p1a: Porygon2|87/100
|
|upkeep
|turn|3
|
|t:|1776070803
|move|p2a: Crabominable|Thunder Punch|p1a: Porygon2
|-damage|p1a: Porygon2|63/100
|move|p1a: Porygon2|Tera Blast|p2a: Crabominable|[anim] Tera Blast Ghost
|-damage|p2a: Crabominable|21/100
|
|upkeep
|turn|4
|
|t:|1776070812
|switch|p2a: Honchkrow|Honchkrow, F|100/100
|move|p1a: Porygon2|Recover|p1a: Porygon2
|-heal|p1a: Porygon2|100/100
|
|upkeep
|turn|5
|
|t:|1776070826
|move|p2a: Honchkrow|Sucker Punch|p1a: Porygon2
|-supereffective|p1a: Porygon2
|-damage|p1a: Porygon2|50/100
|move|p1a: Porygon2|Thunderbolt|p2a: Honchkrow
|-supereffective|p2a: Honchkrow
|-damage|p2a: Honchkrow|0 fnt
|faint|p2a: Honchkrow
|
|upkeep
|
|t:|1776070835
|switch|p2a: Haxorus|Haxorus, F|100/100
|-ability|p2a: Haxorus|Mold Breaker
|turn|6
|
|t:|1776070839
|move|p2a: Haxorus|Shadow Claw|p1a: Porygon2
|-supereffective|p1a: Porygon2
|-crit|p1a: Porygon2
|-damage|p1a: Porygon2|0 fnt
|faint|p1a: Porygon2
|-damage|p2a: Haxorus|91/100|[from] item: Life Orb
|
|upkeep
|
|t:|1776070843
|switch|p1a: Hatterene|Hatterene, F, shiny|100/100
|turn|7
|
|t:|1776070849
|switch|p2a: Klefki|Klefki, M|100/100
|move|p1a: Hatterene|Trick Room|p1a: Hatterene
|-fieldstart|move: Trick Room|[of] p1a: Hatterene
|
|upkeep
|turn|8
|
|t:|1776070858
|switch|p1a: Iron Hands|Iron Hands|100/100
|move|p2a: Klefki|Switcheroo|p1a: Iron Hands
|-activate|p2a: Klefki|move: Trick|[of] p1a: Iron Hands
|-item|p1a: Iron Hands|Grepa Berry|[from] move: Switcheroo
|-item|p2a: Klefki|Assault Vest|[from] move: Switcheroo
|
|upkeep
|turn|9
|
|t:|1776070868
|move|p1a: Iron Hands|Earthquake|p2a: Klefki
|-supereffective|p2a: Klefki
|-damage|p2a: Klefki|6/100
|move|p2a: Klefki|Dazzling Gleam|p1a: Iron Hands
|-supereffective|p1a: Iron Hands
|-damage|p1a: Iron Hands|49/100
|
|upkeep
|turn|10
|
|t:|1776070877
|switch|p2a: Basculin|Basculin-Blue-Striped, M|100/100
|move|p1a: Iron Hands|Earthquake|p2a: Basculin
|-damage|p2a: Basculin|32/100
|
|upkeep
|turn|11
|
|t:|1776070888
|move|p1a: Iron Hands|Drain Punch|p2a: Basculin
|-damage|p2a: Basculin|0 fnt
|-heal|p1a: Iron Hands|59/100|[from] drain|[of] p2a: Basculin
|faint|p2a: Basculin
|
|-fieldend|move: Trick Room
|upkeep
|
|t:|1776070899
|switch|p2a: Deoxys|Deoxys-Defense|100/100
|-ability|p2a: Deoxys|Pressure
|turn|12
|
|t:|1776070908
|-end|p1a: Iron Hands|Quark Drive|[silent]
|switch|p1a: Hatterene|Hatterene, F, shiny|100/100
|move|p2a: Deoxys|Nasty Plot|p2a: Deoxys
|-boost|p2a: Deoxys|spa|2
|
|upkeep
|turn|13
|
|t:|1776070918
|move|p2a: Deoxys|Ice Beam|p1a: Hatterene
|-damage|p1a: Hatterene|54/100
|move|p1a: Hatterene|Trick Room|p1a: Hatterene
|-fieldstart|move: Trick Room|[of] p1a: Hatterene
|
|upkeep
|turn|14
|
|t:|1776070927
|switch|p1a: Ursaluna|Ursaluna, F|100/100
|move|p2a: Deoxys|Psychic Noise|p1a: Ursaluna
|-damage|p1a: Ursaluna|50/100
|-start|p1a: Ursaluna|move: Heal Block
|
|-status|p1a: Ursaluna|brn|[from] item: Flame Orb
|upkeep
|turn|15
|
|t:|1776070938
|move|p1a: Ursaluna|Crunch|p2a: Deoxys
|-supereffective|p2a: Deoxys
|-damage|p2a: Deoxys|0 fnt
|faint|p2a: Deoxys
|
|-damage|p1a: Ursaluna|44/100 brn|[from] brn
|-end|p1a: Ursaluna|move: Heal Block
|upkeep
|
|t:|1776070947
|switch|p2a: Haxorus|Haxorus, F|91/100
|-ability|p2a: Haxorus|Mold Breaker
|turn|16
|
|t:|1776070953
|move|p2a: Haxorus|First Impression|p1a: Ursaluna
|-damage|p1a: Ursaluna|12/100 brn
|-damage|p2a: Haxorus|81/100|[from] item: Life Orb
|move|p1a: Ursaluna|Facade|p2a: Haxorus
|-damage|p2a: Haxorus|0 fnt
|faint|p2a: Haxorus
|
|-damage|p1a: Ursaluna|6/100 brn|[from] brn
|upkeep
|
|t:|1776070965
|switch|p2a: Crabominable|Crabominable, F|21/100
|turn|17
|
|t:|1776070970
|move|p1a: Ursaluna|Facade|p2a: Crabominable
|-damage|p2a: Crabominable|0 fnt
|faint|p2a: Crabominable
|
|-damage|p1a: Ursaluna|0 fnt|[from] brn
|faint|p1a: Ursaluna
|-fieldend|move: Trick Room
|upkeep
|-message|kronoking32 forfeited.
|
|win|Khvaradona
|raw|Khvaradona's rating: 1125 &rarr; <strong>1147</strong><br />(+22 for winning)
|raw|kronoking32's rating: 1077 &rarr; <strong>1058</strong><br />(-19 for losing)
|l|☆kronoking32
|player|p2|
|l|☆Khvaradona
|player|p1|
