|html|<div class="broadcast-blue"><strong>[Gen 9] OU is currently suspecting Tera Blast! For information on how to participate check out the <a href="https://www.smogon.com/tools/suspects/view/200">suspect thread</a>.</strong></div>
|j|☆serial 01216
|j|☆getreyal
|t:|1776093558
|gametype|singles
|player|p1|serial 01216|265|1636
|player|p2|getreyal|pokemaniac-gen6|1782
|gen|9
|tier|[Gen 9] OU
|rated|
|rule|HP Percentage Mod: HP is shown in percentages
|rule|Endless Battle Clause: Forcing endless battles is banned
|rule|Species Clause: Limit one of each Pokémon
|rule|OHKO Clause: OHKO moves are banned
|rule|Evasion Items Clause: Evasion items are banned
|rule|Evasion Moves Clause: Evasion moves are banned
|rule|Evasion Abilities Clause: Evasion abilities are banned
|rule|Sleep Moves Clause: Sleep-inducing moves are banned
|clearpoke
|poke|p1|Raging Bolt|
|poke|p1|Iron Treads|
|poke|p1|Manaphy|
|poke|p1|Ninetales-Alola, M|
|poke|p1|Dragonite, M|
|poke|p1|Scizor, M|
|poke|p2|Tyranitar, F|
|poke|p2|Toxapex, F|
|poke|p2|Excadrill, M|
|poke|p2|Moltres|
|poke|p2|Ursaluna, F|
|poke|p2|Dragapult, M|
|teampreview
|inactive|Battle timer is ON: inactive players will automatically lose when time's up. (requested by serial 01216)
|
|t:|1776093577
|teamsize|p1|6
|teamsize|p2|6
|start
|switch|p1a: Scizor|Scizor, M|100/100
|switch|p2a: Dragapult|Dragapult, M|100/100
|turn|1
|j| Monkey D MinMin
|inactive|getreyal has 120 seconds left.
|
|t:|1776093618
|move|p2a: Dragapult|Will-O-Wisp|p1a: Scizor
|-status|p1a: Scizor|brn
|move|p1a: Scizor|Knock Off|p2a: Dragapult
|-supereffective|p2a: Dragapult
|-damage|p2a: Dragapult|50/100
|-enditem|p2a: Dragapult|Heavy-Duty Boots|[from] move: Knock Off|[of] p1a: Scizor
|
|-damage|p1a: Scizor|94/100 brn|[from] brn
|upkeep
|turn|2
|
|t:|1776093628
|switch|p1a: Iron Treads|Iron Treads|100/100
|-enditem|p1a: Iron Treads|Booster Energy
|-activate|p1a: Iron Treads|ability: Quark Drive|[fromitem]
|-start|p1a: Iron Treads|quarkdrivespe
|move|p2a: Dragapult|Hex|p1a: Iron Treads
|-damage|p1a: Iron Treads|60/100
|
|upkeep
|turn|3
|
|t:|1776093634
|switch|p2a: Moltres|Moltres|100/100
|move|p1a: Iron Treads|Stealth Rock|p2a: Moltres
|-sidestart|p2: getreyal|move: Stealth Rock
|
|upkeep
|turn|4
|
|t:|1776093642
|-end|p1a: Iron Treads|Quark Drive|[silent]
|switch|p1a: Raging Bolt|Raging Bolt|100/100
|-enditem|p1a: Raging Bolt|Booster Energy
|-activate|p1a: Raging Bolt|ability: Protosynthesis|[fromitem]
|-start|p1a: Raging Bolt|protosynthesisspa
|move|p2a: Moltres|Flamethrower|p1a: Raging Bolt
|-resisted|p1a: Raging Bolt
|-damage|p1a: Raging Bolt|83/100
|
|upkeep
|turn|5
|
|t:|1776093648
|switch|p2a: Tyranitar|Tyranitar, F|100/100
|-damage|p2a: Tyranitar|88/100|[from] Stealth Rock
|-weather|Sandstorm|[from] ability: Sand Stream|[of] p2a: Tyranitar
|move|p1a: Raging Bolt|Dragon Pulse|p2a: Tyranitar
|-damage|p2a: Tyranitar|49/100
|
|-weather|Sandstorm|[upkeep]
|-damage|p1a: Raging Bolt|77/100|[from] Sandstorm
|upkeep
|turn|6
|
|t:|1776093651
|move|p1a: Raging Bolt|Thunderbolt|p2a: Tyranitar
|-damage|p2a: Tyranitar|1/100
|-status|p2a: Tyranitar|par
|move|p2a: Tyranitar|Stealth Rock|p1a: Raging Bolt
|-sidestart|p1: serial 01216|move: Stealth Rock
|
|-weather|Sandstorm|[upkeep]
|-damage|p1a: Raging Bolt|70/100|[from] Sandstorm
|upkeep
|turn|7
|
|t:|1776093663
|-end|p1a: Raging Bolt|Protosynthesis|[silent]
|switch|p1a: Iron Treads|Iron Treads|60/100
|-damage|p1a: Iron Treads|56/100|[from] Stealth Rock
|move|p2a: Tyranitar|Ice Punch|p1a: Iron Treads
|-damage|p1a: Iron Treads|29/100
|
|-weather|Sandstorm|[upkeep]
|upkeep
|turn|8
|
|t:|1776093672
|switch|p2a: Dragapult|Dragapult, M|50/100
|-damage|p2a: Dragapult|38/100|[from] Stealth Rock
|move|p1a: Iron Treads|Rapid Spin|p2a: Dragapult
|-immune|p2a: Dragapult
|
|-weather|Sandstorm|[upkeep]
|-damage|p2a: Dragapult|32/100|[from] Sandstorm
|upkeep
|turn|9
|
|t:|1776093677
|move|p2a: Dragapult|Hex|p1a: Iron Treads
|-damage|p1a: Iron Treads|0 fnt
|faint|p1a: Iron Treads
|-end|p1a: Iron Treads|Quark Drive|[silent]
|
|-weather|Sandstorm|[upkeep]
|-damage|p2a: Dragapult|26/100|[from] Sandstorm
|upkeep
|
|t:|1776093681
|switch|p1a: Ninetales|Ninetales-Alola, M|100/100
|-damage|p1a: Ninetales|76/100|[from] Stealth Rock
|-weather|Snowscape|[from] ability: Snow Warning|[of] p1a: Ninetales
|turn|10
|
|t:|1776093685
|switch|p1a: Scizor|Scizor, M|94/100 brn
|-damage|p1a: Scizor|82/100 brn|[from] Stealth Rock
|move|p2a: Dragapult|U-turn|p1a: Scizor
|-resisted|p1a: Scizor
|-damage|p1a: Scizor|74/100 brn
|
|t:|1776093690
|switch|p2a: Excadrill|Excadrill, M|100/100|[from] U-turn
|-damage|p2a: Excadrill|97/100|[from] Stealth Rock
|-item|p2a: Excadrill|Air Balloon
|
|-weather|Snowscape|[upkeep]
|-heal|p1a: Scizor|80/100 brn|[from] item: Leftovers
|-damage|p1a: Scizor|74/100 brn|[from] brn
|upkeep
|turn|11
|
|t:|1776093697
|move|p2a: Excadrill|Rapid Spin|p1a: Scizor
|-resisted|p1a: Scizor
|-damage|p1a: Scizor|65/100 brn
|-boost|p2a: Excadrill|spe|1
|-sideend|p2: getreyal|Stealth Rock|[from] move: Rapid Spin|[of] p2a: Excadrill
|move|p1a: Scizor|U-turn|p2a: Excadrill
|-resisted|p2a: Excadrill
|-damage|p2a: Excadrill|84/100
|-enditem|p2a: Excadrill|Air Balloon
|
|t:|1776093701
|switch|p1a: Manaphy|Manaphy|100/100|[from] U-turn
|-damage|p1a: Manaphy|88/100|[from] Stealth Rock
|
|-weather|Snowscape|[upkeep]
|-heal|p1a: Manaphy|94/100|[from] item: Leftovers
|upkeep
|turn|12
|
|t:|1776093706
|switch|p2a: Toxapex|Toxapex, F|100/100
|move|p1a: Manaphy|Scald|p2a: Toxapex
|-resisted|p2a: Toxapex
|-damage|p2a: Toxapex|88/100
|-status|p2a: Toxapex|brn
|
|-weather|Snowscape|[upkeep]
|-heal|p1a: Manaphy|99/100|[from] item: Leftovers
|-damage|p2a: Toxapex|82/100 brn|[from] brn
|upkeep
|turn|13
|
|t:|1776093710
|move|p1a: Manaphy|Acid Armor|p1a: Manaphy
|-boost|p1a: Manaphy|def|2
|move|p2a: Toxapex|Toxic|p1a: Manaphy
|-status|p1a: Manaphy|tox
|
|-weather|Snowscape|[upkeep]
|-heal|p1a: Manaphy|100/100 tox|[from] item: Leftovers
|-damage|p1a: Manaphy|94/100 tox|[from] psn
|-damage|p2a: Toxapex|76/100 brn|[from] brn
|upkeep
|turn|14
|
|t:|1776093715
|switch|p2a: Tyranitar|Tyranitar, F|1/100 par
|-weather|Sandstorm|[from] ability: Sand Stream|[of] p2a: Tyranitar
|move|p1a: Manaphy|Take Heart|p1a: Manaphy
|-boost|p1a: Manaphy|spa|1
|-boost|p1a: Manaphy|spd|1
|-curestatus|p1a: Manaphy|tox|[msg]
|
|-weather|Sandstorm|[upkeep]
|-damage|p1a: Manaphy|88/100|[from] Sandstorm
|-heal|p1a: Manaphy|94/100|[from] item: Leftovers
|upkeep
|turn|15
|
|t:|1776093721
|switch|p2a: Ursaluna|Ursaluna, F|100/100
|move|p1a: Manaphy|Scald|p2a: Ursaluna
|-supereffective|p2a: Ursaluna
|-damage|p2a: Ursaluna|5/100
|-status|p2a: Ursaluna|brn
|
|-weather|Sandstorm|[upkeep]
|-damage|p1a: Manaphy|88/100|[from] Sandstorm
|-heal|p1a: Manaphy|94/100|[from] item: Leftovers
|-damage|p2a: Ursaluna|0 fnt|[from] brn
|faint|p2a: Ursaluna
|upkeep
|
|t:|1776093731
|switch|p2a: Toxapex|Toxapex, F|100/100 brn
|turn|16
|
|t:|1776093733
|move|p1a: Manaphy|Stored Power|p2a: Toxapex
|-supereffective|p2a: Toxapex
|-damage|p2a: Toxapex|38/100 brn
|move|p2a: Toxapex|Haze|p2a: Toxapex
|-clearallboost
|
|-weather|Sandstorm|[upkeep]
|-damage|p1a: Manaphy|88/100|[from] Sandstorm
|-damage|p2a: Toxapex|33/100 brn|[from] Sandstorm
|-heal|p1a: Manaphy|94/100|[from] item: Leftovers
|-damage|p2a: Toxapex|27/100 brn|[from] brn
|upkeep
|turn|17
|
|t:|1776093740
|move|p1a: Manaphy|Acid Armor|p1a: Manaphy
|-boost|p1a: Manaphy|def|2
|move|p2a: Toxapex|Toxic|p1a: Manaphy
|-status|p1a: Manaphy|tox
|
|-weather|Sandstorm|[upkeep]
|-damage|p1a: Manaphy|88/100 tox|[from] Sandstorm
|-damage|p2a: Toxapex|21/100 brn|[from] Sandstorm
|-heal|p1a: Manaphy|94/100 tox|[from] item: Leftovers
|-damage|p1a: Manaphy|88/100 tox|[from] psn
|-damage|p2a: Toxapex|15/100 brn|[from] brn
|upkeep
|turn|18
|
|t:|1776093745
|move|p1a: Manaphy|Stored Power|p2a: Toxapex
|-supereffective|p2a: Toxapex
|-damage|p2a: Toxapex|0 fnt
|faint|p2a: Toxapex
|
|-weather|Sandstorm|[upkeep]
|-damage|p1a: Manaphy|82/100 tox|[from] Sandstorm
|-heal|p1a: Manaphy|88/100 tox|[from] item: Leftovers
|-damage|p1a: Manaphy|76/100 tox|[from] psn
|upkeep
|
|t:|1776093748
|switch|p2a: Dragapult|Dragapult, M|26/100
|turn|19
|
|t:|1776093769
|-terastallize|p2a: Dragapult|Ghost
|move|p2a: Dragapult|Hex|p1a: Manaphy
|-damage|p1a: Manaphy|7/100 tox
|move|p1a: Manaphy|Take Heart|p1a: Manaphy
|-boost|p1a: Manaphy|spa|1
|-boost|p1a: Manaphy|spd|1
|-curestatus|p1a: Manaphy|tox|[msg]
|
|-weather|Sandstorm|[upkeep]
|-damage|p2a: Dragapult|20/100|[from] Sandstorm
|-damage|p1a: Manaphy|0 fnt|[from] Sandstorm
|faint|p1a: Manaphy
|upkeep
|
|t:|1776093778
|switch|p1a: Raging Bolt|Raging Bolt|70/100
|-damage|p1a: Raging Bolt|58/100|[from] Stealth Rock
|turn|20
|j| el alcachofas xdxd
|
|t:|1776093783
|switch|p2a: Excadrill|Excadrill, M|84/100
|move|p1a: Raging Bolt|Dragon Pulse|p2a: Excadrill
|-resisted|p2a: Excadrill
|-damage|p2a: Excadrill|51/100
|
|-weather|Sandstorm|[upkeep]
|-damage|p1a: Raging Bolt|52/100|[from] Sandstorm
|upkeep
|turn|21
|j| gfitzy
|
|t:|1776093790
|-end|p1a: Raging Bolt|Protosynthesis|[silent]
|switch|p1a: Scizor|Scizor, M|65/100 brn
|-damage|p1a: Scizor|52/100 brn|[from] Stealth Rock
|move|p2a: Excadrill|Earthquake|p1a: Scizor
|-damage|p1a: Scizor|0 fnt
|faint|p1a: Scizor
|
|-weather|none
|upkeep
|
|t:|1776093795
|switch|p1a: Dragonite|Dragonite, M|100/100
|-damage|p1a: Dragonite|76/100|[from] Stealth Rock
|turn|22
|
|t:|1776093799
|move|p2a: Excadrill|Rock Slide|p1a: Dragonite
|-supereffective|p1a: Dragonite
|-damage|p1a: Dragonite|7/100
|move|p1a: Dragonite|Scale Shot|p2a: Excadrill
|-resisted|p2a: Excadrill
|-damage|p2a: Excadrill|41/100
|-resisted|p2a: Excadrill
|-damage|p2a: Excadrill|30/100
|-resisted|p2a: Excadrill
|-damage|p2a: Excadrill|20/100
|-resisted|p2a: Excadrill
|-damage|p2a: Excadrill|10/100
|-resisted|p2a: Excadrill
|-damage|p2a: Excadrill|0 fnt
|faint|p2a: Excadrill
|-hitcount|p2: Excadrill|5
|-unboost|p1a: Dragonite|def|1
|-boost|p1a: Dragonite|spe|1
|
|upkeep
|
|t:|1776093817
|switch|p2a: Tyranitar|Tyranitar, F|1/100 par
|-weather|Sandstorm|[from] ability: Sand Stream|[of] p2a: Tyranitar
|turn|23
|
|t:|1776093824
|switch|p2a: Moltres|Moltres|100/100
|move|p1a: Dragonite|Scale Shot|p2a: Moltres
|-crit|p2a: Moltres
|-damage|p2a: Moltres|79/100
|-damage|p2a: Moltres|66/100
|-damage|p2a: Moltres|52/100
|-damage|p2a: Moltres|39/100
|-hitcount|p2a: Moltres|4
|-unboost|p1a: Dragonite|def|1
|-boost|p1a: Dragonite|spe|1
|
|-weather|Sandstorm|[upkeep]
|-damage|p1a: Dragonite|1/100|[from] Sandstorm
|-damage|p2a: Moltres|33/100|[from] Sandstorm
|upkeep
|turn|24
|
|t:|1776093837
|move|p1a: Dragonite|Scale Shot|p2a: Moltres
|-damage|p2a: Moltres|19/100
|-damage|p2a: Moltres|5/100
|-damage|p2a: Moltres|0 fnt
|faint|p2a: Moltres
|-hitcount|p2: Moltres|3
|-unboost|p1a: Dragonite|def|1
|-boost|p1a: Dragonite|spe|1
|
|-weather|Sandstorm|[upkeep]
|-damage|p1a: Dragonite|0 fnt|[from] Sandstorm
|faint|p1a: Dragonite
|upkeep
|
|t:|1776093841
|switch|p1a: Ninetales|Ninetales-Alola, M|76/100
|switch|p2a: Tyranitar|Tyranitar, F|1/100 par
|-damage|p1a: Ninetales|51/100|[from] Stealth Rock
|-weather|Snowscape|[from] ability: Snow Warning|[of] p1a: Ninetales
|-weather|Sandstorm|[from] ability: Sand Stream|[of] p2a: Tyranitar
|turn|25
|
|t:|1776093848
|move|p1a: Ninetales|Freeze-Dry|p2a: Tyranitar
|-damage|p2a: Tyranitar|0 fnt
|faint|p2a: Tyranitar
|
|-weather|Sandstorm|[upkeep]
|-damage|p1a: Ninetales|44/100|[from] Sandstorm
|upkeep
|
|t:|1776093849
|switch|p2a: Dragapult|Dragapult, M, tera:Ghost|20/100
|turn|26
|
|t:|1776093851
|move|p2a: Dragapult|Hex|p1a: Ninetales
|-damage|p1a: Ninetales|5/100
|move|p1a: Ninetales|Dark Pulse|p2a: Dragapult
|-supereffective|p2a: Dragapult
|-damage|p2a: Dragapult|0 fnt
|faint|p2a: Dragapult
|
|win|serial 01216
|raw|serial 01216's rating: 1636 &rarr; <strong>1665</strong><br />(+29 for winning)
|raw|getreyal's rating: 1806 &rarr; <strong>1777</strong><br />(-29 for losing)
|l|☆getreyal
|player|p2|
|l|☆serial 01216
|player|p1|
|l| gfitzy
