|html|<div class="broadcast-blue"><strong>[Gen 9] OU is currently suspecting Tera Blast! For information on how to participate check out the <a href="https://www.smogon.com/tools/suspects/view/200">suspect thread</a>.</strong></div>
|j|☆Pig Perfect
|j|☆i am a dirt
|inactive|Battle timer is ON: inactive players will automatically lose when time's up.
|t:|1776204911
|gametype|singles
|player|p1|Pig Perfect|workerice|
|player|p2|i am a dirt|cress|
|gen|9
|tier|[Gen 9] OU
|rated|Tournament battle
|rule|HP Percentage Mod: HP is shown in percentages
|rule|Endless Battle Clause: Forcing endless battles is banned
|rule|Species Clause: Limit one of each Pokémon
|rule|OHKO Clause: OHKO moves are banned
|rule|Evasion Items Clause: Evasion items are banned
|rule|Evasion Moves Clause: Evasion moves are banned
|rule|Evasion Abilities Clause: Evasion abilities are banned
|rule|Sleep Moves Clause: Sleep-inducing moves are banned
|clearpoke
|poke|p1|Iron Leaves|
|poke|p1|Iron Treads|
|poke|p1|Kingambit, M|
|poke|p1|Pawmot, F|
|poke|p1|Pincurchin, F|
|poke|p1|Raging Bolt|
|poke|p2|Klefki, M|
|poke|p2|Darkrai|
|poke|p2|Ogerpon-Wellspring, F|
|poke|p2|Great Tusk|
|poke|p2|Kingambit, F|
|poke|p2|Gholdengo|
|teampreview
|j| blacksilver2
|j| TheNewBrends11@!
|c|☆i am a dirt|gl hf
|j|#UnovX
|l| blacksilver2
|j| AbrarS
|c|#UnovX|I see it
|c|#UnovX|the team with gambit wins
|c|☆i am a dirt|:O
|j| hoendeeznats
|c|☆i am a dirt|wow really?
|inactive|Pig Perfect has 120 seconds left.
|c|☆i am a dirt|gimmick v gimmick
|
|t:|1776204962
|teamsize|p1|6
|teamsize|p2|6
|start
|switch|p1a: Sew What?|Pincurchin, F|100/100
|switch|p2a: めっちゃバカ|Great Tusk|100/100
|-fieldstart|move: Electric Terrain|[from] ability: Electric Surge|[of] p1a: Sew What?
|turn|1
|c| AbrarS|:O
|c|☆Pig Perfect|lmao yup
|c|☆i am a dirt|i knew it
|
|t:|1776204982
|move|p2a: めっちゃバカ|Ice Spinner|p1a: Sew What?
|-damage|p1a: Sew What?|76/100
|-fieldend|move: Electric Terrain
|move|p1a: Sew What?|Scald|p2a: めっちゃバカ
|-supereffective|p2a: めっちゃバカ
|-damage|p2a: めっちゃバカ|46/100
|-status|p2a: めっちゃバカ|brn
|
|-heal|p2a: めっちゃバカ|52/100 brn|[from] item: Leftovers
|-damage|p2a: めっちゃバカ|46/100 brn|[from] brn
|upkeep
|turn|2
|c|☆i am a dirt|hear me out here
|c|☆i am a dirt|GOD-
|
|t:|1776204992
|switch|p1a: Iron Trunk|Iron Treads|100/100
|-item|p1a: Iron Trunk|Air Balloon
|move|p2a: めっちゃバカ|Close Combat|p1a: Iron Trunk
|-supereffective|p1a: Iron Trunk
|-damage|p1a: Iron Trunk|46/100
|-unboost|p2a: めっちゃバカ|def|1
|-unboost|p2a: めっちゃバカ|spd|1
|-enditem|p1a: Iron Trunk|Air Balloon
|
|-heal|p2a: めっちゃバカ|52/100 brn|[from] item: Leftovers
|-damage|p2a: めっちゃバカ|46/100 brn|[from] brn
|upkeep
|turn|3
|
|t:|1776205006
|move|p1a: Iron Trunk|Earth Power|p2a: めっちゃバカ
|-damage|p2a: めっちゃバカ|0 fnt
|faint|p2a: めっちゃバカ
|-end|p2a: めっちゃバカ|Protosynthesis|[silent]
|
|upkeep
|
|t:|1776205011
|switch|p2a: このゲームは|Ogerpon-Wellspring, F|100/100
|turn|4
|
|t:|1776205017
|-end|p1a: Iron Trunk|Quark Drive|[silent]
|switch|p1a: Sew What?|Pincurchin, F|76/100
|-fieldstart|move: Electric Terrain|[from] ability: Electric Surge|[of] p1a: Sew What?
|move|p2a: このゲームは|Power Whip|p1a: Sew What?
|-damage|p1a: Sew What?|19/100
|
|upkeep
|turn|5
|
|t:|1776205029
|move|p2a: このゲームは|Knock Off|p1a: Sew What?
|-damage|p1a: Sew What?|0 fnt
|-enditem|p1a: Sew What?|Terrain Extender|[from] move: Knock Off|[of] p2a: このゲームは
|faint|p1a: Sew What?
|
|upkeep
|
|t:|1776205043
|switch|p1a: Necky's Nuts|Raging Bolt|100/100
|-enditem|p1a: Necky's Nuts|Booster Energy
|-activate|p1a: Necky's Nuts|ability: Protosynthesis|[fromitem]
|-start|p1a: Necky's Nuts|protosynthesisspa
|turn|6
|c|☆i am a dirt|oml like the dk boss?
|
|t:|1776205055
|move|p2a: このゲームは|U-turn|p1a: Necky's Nuts
|-damage|p1a: Necky's Nuts|74/100
|
|t:|1776205065
|switch|p2a: なぜあなたは|Kingambit, F|100/100|[from] U-turn
|-activate|p2a: なぜあなたは|ability: Supreme Overlord
|-start|p2a: なぜあなたは|fallen1|[silent]
|move|p1a: Necky's Nuts|Rising Voltage|p2a: なぜあなたは
|-hint|Rising Voltage's BP doubled on grounded target.
|-damage|p2a: なぜあなたは|0 fnt
|faint|p2a: なぜあなたは
|-end|p2a: なぜあなたは|fallen1|[silent]
|
|upkeep
|c| AbrarS|Something getting 2shot
|
|t:|1776205073
|switch|p2a: 競争的|Klefki, M|100/100
|-item|p2a: 競争的|Air Balloon
|turn|7
|
|t:|1776205081
|move|p2a: 競争的|Light Screen|p2a: 競争的
|-sidestart|p2: i am a dirt|move: Light Screen
|move|p1a: Necky's Nuts|Rising Voltage|p2a: 競争的
|-damage|p2a: 競争的|70/100
|-enditem|p2a: 競争的|Air Balloon
|
|upkeep
|turn|8
|
|t:|1776205088
|-end|p1a: Necky's Nuts|Protosynthesis|[silent]
|switch|p1a: Iron Trunk|Iron Treads|46/100
|-activate|p1a: Iron Trunk|ability: Quark Drive
|-start|p1a: Iron Trunk|quarkdrivespe
|move|p2a: 競争的|Magic Room|p2a: 競争的
|-fieldstart|move: Magic Room|[of] p2a: 競争的
|
|upkeep
|turn|9
|c| hoendeeznats|who else up quarking they bolt
|
|t:|1776205100
|switch|p2a: このゲームは|Ogerpon-Wellspring, F|100/100
|move|p1a: Iron Trunk|Earth Power|p2a: このゲームは
|-resisted|p2a: このゲームは
|-damage|p2a: このゲームは|91/100
|
|upkeep
|turn|10
|
|t:|1776205108
|move|p1a: Iron Trunk|Stealth Rock|p2a: このゲームは
|-sidestart|p2: i am a dirt|move: Stealth Rock
|move|p2a: このゲームは|Ivy Cudgel|p1a: Iron Trunk|[anim] Ivy Cudgel Water
|-supereffective|p1a: Iron Trunk
|-damage|p1a: Iron Trunk|0 fnt
|faint|p1a: Iron Trunk
|-end|p1a: Iron Trunk|Quark Drive|[silent]
|
|upkeep
|
|t:|1776205114
|switch|p1a: Necky's Nuts|Raging Bolt|74/100
|turn|11
|j| ATulk
|c|☆i am a dirt|genuinely rareware always has to include some horny shit in their games
|l| ATulk
|c| AbrarS|Isn't magic room bad for woger
|
|t:|1776205139
|move|p2a: このゲームは|Power Whip|p1a: Necky's Nuts
|-resisted|p1a: Necky's Nuts
|-damage|p1a: Necky's Nuts|49/100
|move|p1a: Necky's Nuts|Rising Voltage|p2a: このゲームは
|-hint|Rising Voltage's BP doubled on grounded target.
|-damage|p2a: このゲームは|23/100
|
|-sideend|p2: i am a dirt|move: Light Screen
|-fieldend|move: Electric Terrain
|upkeep
|turn|12
|c|☆i am a dirt|yeah
|
|t:|1776205158
|-terastallize|p2a: このゲームは|Water
|detailschange|p2a: このゲームは|Ogerpon-Wellspring-Tera, F, tera:Water
|-ability|p2a: このゲームは|Embody Aspect (Wellspring)|boost
|-boost|p2a: このゲームは|spd|1
|move|p2a: このゲームは|Ivy Cudgel|p1a: Necky's Nuts|[anim] Ivy Cudgel Water
|-resisted|p1a: Necky's Nuts
|-damage|p1a: Necky's Nuts|22/100
|move|p1a: Necky's Nuts|Rising Voltage|p2a: このゲームは
|-supereffective|p2a: このゲームは
|-damage|p2a: このゲームは|0 fnt
|faint|p2a: このゲームは
|detailschange|p2: このゲームは|Ogerpon-Wellspring, F|[silent]
|
|-fieldend|move: Magic Room|[of] p2: 競争的
|upkeep
|c|☆i am a dirt|i see that pawmot
|c|☆i am a dirt|i know whats gonna happen
|
|t:|1776205172
|switch|p2a: これを翻訳する|Gholdengo|100/100
|-damage|p2a: これを翻訳する|94/100|[from] Stealth Rock
|turn|13
|
|t:|1776205183
|-end|p1a: Necky's Nuts|Protosynthesis|[silent]
|switch|p1a: So ein Mist!|Kingambit, M|100/100
|-activate|p1a: So ein Mist!|ability: Supreme Overlord
|-start|p1a: So ein Mist!|fallen2|[silent]
|move|p2a: これを翻訳する|Dazzling Gleam|p1a: So ein Mist!
|-damage|p1a: So ein Mist!|73/100
|
|-heal|p1a: So ein Mist!|79/100|[from] item: Leftovers
|upkeep
|turn|14
|
|t:|1776205191
|switch|p2a: 競争的|Klefki, M|70/100
|-damage|p2a: 競争的|64/100|[from] Stealth Rock
|move|p1a: So ein Mist!|Sucker Punch||[still]
|-fail|p1a: So ein Mist!
|
|-heal|p1a: So ein Mist!|85/100|[from] item: Leftovers
|upkeep
|turn|15
|c|☆i am a dirt|i think im cooked
|c|☆i am a dirt|well see tho
|
|t:|1776205203
|move|p2a: 競争的|Reflect|p2a: 競争的
|-sidestart|p2: i am a dirt|Reflect
|move|p1a: So ein Mist!|Swords Dance|p1a: So ein Mist!
|-boost|p1a: So ein Mist!|atk|2
|
|-heal|p1a: So ein Mist!|91/100|[from] item: Leftovers
|upkeep
|turn|16
|
|t:|1776205208
|move|p2a: 競争的|Magic Room|p2a: 競争的
|-fieldstart|move: Magic Room|[of] p2a: 競争的
|move|p1a: So ein Mist!|Iron Head|p2a: 競争的
|-damage|p2a: 競争的|3/100
|
|upkeep
|turn|17
|
|t:|1776205214
|move|p2a: 競争的|Spikes|p1a: So ein Mist!
|-sidestart|p1: Pig Perfect|Spikes
|move|p1a: So ein Mist!|Swords Dance|p1a: So ein Mist!
|-boost|p1a: So ein Mist!|atk|2
|
|upkeep
|turn|18
|
|t:|1776205225
|switch|p2a: チーム|Darkrai|100/100
|-damage|p2a: チーム|88/100|[from] Stealth Rock
|move|p1a: So ein Mist!|Swords Dance|p1a: So ein Mist!
|-boost|p1a: So ein Mist!|atk|2
|
|upkeep
|turn|19
|
|t:|1776205233
|move|p2a: チーム|Nasty Plot|p2a: チーム
|-boost|p2a: チーム|spa|2
|move|p1a: So ein Mist!|Iron Head|p2a: チーム
|-damage|p2a: チーム|0 fnt
|faint|p2a: チーム
|
|-sideend|p2: i am a dirt|Reflect
|upkeep
|c|☆i am a dirt|yeah
|c|☆i am a dirt|im cooked
|
|t:|1776205243
|switch|p2a: これを翻訳する|Gholdengo|94/100
|-damage|p2a: これを翻訳する|88/100|[from] Stealth Rock
|turn|20
|c|☆i am a dirt|i cant hit kingambit at all
|c|☆i am a dirt|gg
|-message|i am a dirt forfeited.
|
|win|Pig Perfect
|n|☆Pig Perfect|pigperfect
|n|☆i am a dirt|iamadirt
|n| TheNewBrends11@!|thenewbrends11
|n|+UnovX|unovx
|n| AbrarS|abrars
|n| hoendeeznats|hoendeeznats
|l|☆i am a dirt
|player|p2|
|c| AbrarS|Balloon on screens guy is not it
|c| AbrarS|Get clay
