|html|<div class="broadcast-blue"><strong>[Gen 9] OU is currently suspecting Tera Blast! For information on how to participate check out the <a href="https://www.smogon.com/tools/suspects/view/200">suspect thread</a>.</strong></div>
|j|☆squinja
|j|☆wonderofunown
|t:|1776265300
|gametype|singles
|player|p1|squinja|170|1184
|player|p2|wonderofunown|red|1190
|gen|9
|tier|[Gen 9] OU
|rated|
|rule|HP Percentage Mod: HP is shown in percentages
|rule|Endless Battle Clause: Forcing endless battles is banned
|rule|Species Clause: Limit one of each Pokémon
|rule|OHKO Clause: OHKO moves are banned
|rule|Evasion Items Clause: Evasion items are banned
|rule|Evasion Moves Clause: Evasion moves are banned
|rule|Evasion Abilities Clause: Evasion abilities are banned
|rule|Sleep Moves Clause: Sleep-inducing moves are banned
|clearpoke
|poke|p1|Zangoose, F|
|poke|p1|Primarina, F|
|poke|p1|Gholdengo|
|poke|p1|Drifblim, M|
|poke|p1|Arcanine-Hisui, M|
|poke|p1|Kommo-o, M|
|poke|p2|Deoxys-Speed|
|poke|p2|Kyurem|
|poke|p2|Dondozo, F|
|poke|p2|Iron Moth|
|poke|p2|Forretress, M|
|poke|p2|Eiscue, M|
|teampreview
|
|t:|1776265304
|teamsize|p1|6
|teamsize|p2|6
|start
|switch|p1a: Drifblim|Drifblim, M|100/100
|switch|p2a: Deoxys|Deoxys-Speed|100/100
|-ability|p2a: Deoxys|Pressure
|turn|1
|
|t:|1776265312
|move|p2a: Deoxys|Taunt|p1a: Drifblim
|-start|p1a: Drifblim|move: Taunt
|cant|p1a: Drifblim|move: Taunt|Thunder Wave
|
|upkeep
|turn|2
|
|t:|1776265320
|switch|p1a: Gholdengo|Gholdengo|100/100
|move|p2a: Deoxys|Light Screen|p2a: Deoxys
|-sidestart|p2: wonderofunown|move: Light Screen
|
|upkeep
|turn|3
|
|t:|1776265326
|move|p2a: Deoxys|Taunt|p1a: Gholdengo
|-immune|p1a: Gholdengo|[from] ability: Good as Gold
|move|p1a: Gholdengo|Thunder Wave|p2a: Deoxys
|-status|p2a: Deoxys|par
|
|upkeep
|turn|4
|
|t:|1776265332
|cant|p2a: Deoxys|par
|move|p1a: Gholdengo|Shadow Ball|p2a: Deoxys
|-supereffective|p2a: Deoxys
|-damage|p2a: Deoxys|59/100 par
|
|upkeep
|turn|5
|
|t:|1776265340
|move|p2a: Deoxys|Reflect|p2a: Deoxys
|-sidestart|p2: wonderofunown|Reflect
|move|p1a: Gholdengo|Shadow Ball|p2a: Deoxys
|-supereffective|p2a: Deoxys
|-damage|p2a: Deoxys|14/100 par
|
|upkeep
|turn|6
|
|t:|1776265347
|switch|p2a: Iron Moth|Iron Moth|100/100
|-enditem|p2a: Iron Moth|Booster Energy
|-activate|p2a: Iron Moth|ability: Quark Drive|[fromitem]
|-start|p2a: Iron Moth|quarkdrivespa
|move|p1a: Gholdengo|Shadow Ball|p2a: Iron Moth
|-damage|p2a: Iron Moth|81/100
|
|upkeep
|turn|7
|
|t:|1776265355
|switch|p1a: Arcanine|Arcanine-Hisui, M|100/100
|move|p2a: Iron Moth|Fiery Dance|p1a: Arcanine
|-resisted|p1a: Arcanine
|-damage|p1a: Arcanine|83/100
|-boost|p2a: Iron Moth|spa|1
|
|upkeep
|turn|8
|
|t:|1776265365
|-terastallize|p2a: Iron Moth|Grass
|move|p2a: Iron Moth|Energy Ball|p1a: Arcanine
|-damage|p1a: Arcanine|0 fnt
|faint|p1a: Arcanine
|
|upkeep
|
|t:|1776265379
|switch|p1a: Primarina|Primarina, F|100/100
|turn|9
|
|t:|1776265404
|switch|p1a: Drifblim|Drifblim, M|100/100
|move|p2a: Iron Moth|Energy Ball|p1a: Drifblim
|-resisted|p1a: Drifblim
|-damage|p1a: Drifblim|54/100
|
|-sideend|p2: wonderofunown|move: Light Screen
|upkeep
|turn|10
|
|t:|1776265414
|move|p2a: Iron Moth|Fiery Dance|p1a: Drifblim
|-damage|p1a: Drifblim|0 fnt
|faint|p1a: Drifblim
|
|upkeep
|
|t:|1776265427
|switch|p1a: Kommo-o|Kommo-o, M|100/100
|turn|11
|
|t:|1776265443
|move|p2a: Iron Moth|Sludge Wave|p1a: Kommo-o
|-damage|p1a: Kommo-o|0 fnt
|faint|p1a: Kommo-o
|
|upkeep
|-message|squinja forfeited.
|
|win|wonderofunown
|raw|squinja's rating: 1184 &rarr; <strong>1159</strong><br />(-25 for losing)
|raw|wonderofunown's rating: 1190 &rarr; <strong>1215</strong><br />(+25 for winning)
|l|☆squinja
|player|p1|
