|html|<div class="broadcast-blue"><strong>[Gen 9] OU is currently suspecting Tera Blast! For information on how to participate check out the <a href="https://www.smogon.com/tools/suspects/view/200">suspect thread</a>.</strong></div>
|j|☆tutimor
|j|☆tigereyehs
|t:|1776098365
|gametype|singles
|player|p1|tutimor|101|1142
|player|p2|tigereyehs|gambler|1194
|gen|9
|tier|[Gen 9] OU
|rated|
|rule|HP Percentage Mod: HP is shown in percentages
|rule|Endless Battle Clause: Forcing endless battles is banned
|rule|Species Clause: Limit one of each Pokémon
|rule|OHKO Clause: OHKO moves are banned
|rule|Evasion Items Clause: Evasion items are banned
|rule|Evasion Moves Clause: Evasion moves are banned
|rule|Evasion Abilities Clause: Evasion abilities are banned
|rule|Sleep Moves Clause: Sleep-inducing moves are banned
|clearpoke
|poke|p1|Sceptile, F|
|poke|p1|Slither Wing|
|poke|p1|Garganacl, M|
|poke|p1|Ninetales, F|
|poke|p1|Mew|
|poke|p1|Bombirdier, M|
|poke|p2|Great Tusk|
|poke|p2|Walking Wake|
|poke|p2|Venusaur, M|
|poke|p2|Ninetales, M|
|poke|p2|Hatterene, F|
|poke|p2|Raging Bolt|
|teampreview
|j| ohko_smeargle
|inactive|Battle timer is ON: inactive players will automatically lose when time's up. (requested by tigereyehs)
|
|t:|1776098394
|teamsize|p1|6
|teamsize|p2|6
|start
|switch|p1a: Mew|Mew|100/100
|switch|p2a: Ninetales|Ninetales, M|100/100
|-weather|SunnyDay|[from] ability: Drought|[of] p2a: Ninetales
|turn|1
|
|t:|1776098408
|switch|p2a: Hatterene|Hatterene, F|100/100
|move|p1a: Mew|Flame Charge|p2a: Hatterene
|-damage|p2a: Hatterene|82/100
|-boost|p1a: Mew|spe|1
|-enditem|p2a: Hatterene|Eject Button
|
|t:|1776098417
|switch|p2a: Walking Wake|Walking Wake|100/100
|-activate|p2a: Walking Wake|ability: Protosynthesis
|-start|p2a: Walking Wake|protosynthesisspe
|
|-weather|SunnyDay|[upkeep]
|upkeep
|turn|2
|
|t:|1776098427
|move|p2a: Walking Wake|Draco Meteor|p1a: Mew
|-damage|p1a: Mew|8/100
|-unboost|p2a: Walking Wake|spa|2
|-enditem|p1a: Mew|Red Card|[of] p2a: Walking Wake
|-end|p2a: Walking Wake|Protosynthesis|[silent]
|drag|p2a: Venusaur|Venusaur, M|100/100
|move|p1a: Mew|Flame Charge|p2a: Venusaur
|-supereffective|p2a: Venusaur
|-damage|p2a: Venusaur|34/100
|-boost|p1a: Mew|spe|1
|
|-weather|SunnyDay|[upkeep]
|upkeep
|turn|3
|
|t:|1776098439
|move|p1a: Mew|Flame Charge|p2a: Venusaur
|-supereffective|p2a: Venusaur
|-damage|p2a: Venusaur|0 fnt
|-boost|p1a: Mew|spe|1
|faint|p2a: Venusaur
|
|-weather|SunnyDay|[upkeep]
|upkeep
|
|t:|1776098447
|switch|p2a: Great Tusk|Great Tusk|100/100
|-activate|p2a: Great Tusk|ability: Protosynthesis
|-start|p2a: Great Tusk|protosynthesisatk
|turn|4
|
|t:|1776098452
|move|p1a: Mew|Solar Blade||[still]
|-prepare|p1a: Mew|Solar Blade
|-anim|p1a: Mew|Solar Blade|p2a: Great Tusk
|-supereffective|p2a: Great Tusk
|-damage|p2a: Great Tusk|45/100
|move|p2a: Great Tusk|Rapid Spin|p1a: Mew
|-damage|p1a: Mew|0 fnt
|-boost|p2a: Great Tusk|spe|1
|faint|p1a: Mew
|
|-weather|SunnyDay|[upkeep]
|upkeep
|inactive|tutimor has 120 seconds left.
|
|t:|1776098494
|switch|p1a: Sceptile|Sceptile, F|100/100
|turn|5
|
|t:|1776098507
|move|p2a: Great Tusk|Ice Spinner|p1a: Sceptile
|-supereffective|p1a: Sceptile
|-damage|p1a: Sceptile|0 fnt
|faint|p1a: Sceptile
|
|-weather|SunnyDay|[upkeep]
|upkeep
|
|t:|1776098528
|switch|p1a: Slither Wing|Slither Wing|100/100
|-activate|p1a: Slither Wing|ability: Protosynthesis
|-start|p1a: Slither Wing|protosynthesisatk
|turn|6
|
|t:|1776098540
|move|p2a: Great Tusk|Close Combat|p1a: Slither Wing
|-resisted|p1a: Slither Wing
|-crit|p1a: Slither Wing
|-damage|p1a: Slither Wing|29/100
|-unboost|p2a: Great Tusk|def|1
|-unboost|p2a: Great Tusk|spd|1
|move|p1a: Slither Wing|Flare Blitz|p2a: Great Tusk
|-damage|p2a: Great Tusk|0 fnt
|faint|p2a: Great Tusk
|-end|p2a: Great Tusk|Protosynthesis|[silent]
|-damage|p1a: Slither Wing|13/100|[from] Recoil
|
|-weather|SunnyDay|[upkeep]
|upkeep
|
|t:|1776098551
|switch|p2a: Walking Wake|Walking Wake|100/100
|-activate|p2a: Walking Wake|ability: Protosynthesis
|-start|p2a: Walking Wake|protosynthesisspe
|turn|7
|
|t:|1776098567
|move|p2a: Walking Wake|Hydro Steam|p1a: Slither Wing
|-damage|p1a: Slither Wing|0 fnt
|faint|p1a: Slither Wing
|-end|p1a: Slither Wing|Protosynthesis|[silent]
|-damage|p2a: Walking Wake|91/100|[from] item: Life Orb
|
|-weather|SunnyDay|[upkeep]
|upkeep
|
|t:|1776098582
|switch|p1a: Bombirdier|Bombirdier, M|100/100
|turn|8
|
|t:|1776098589
|move|p2a: Walking Wake|Hydro Steam|p1a: Bombirdier
|-damage|p1a: Bombirdier|11/100
|-damage|p2a: Walking Wake|81/100|[from] item: Life Orb
|move|p1a: Bombirdier|Stone Edge|p2a: Walking Wake
|-damage|p2a: Walking Wake|28/100
|
|-weather|none
|-end|p2a: Walking Wake|Protosynthesis
|upkeep
|turn|9
|
|t:|1776098600
|move|p2a: Walking Wake|Hydro Steam|p1a: Bombirdier
|-damage|p1a: Bombirdier|0 fnt
|faint|p1a: Bombirdier
|-damage|p2a: Walking Wake|18/100|[from] item: Life Orb
|
|upkeep
|
|t:|1776098607
|switch|p1a: Garganacl|Garganacl, M|100/100
|-item|p1a: Garganacl|Air Balloon
|turn|10
|
|t:|1776098623
|move|p2a: Walking Wake|Hydro Steam|p1a: Garganacl
|-supereffective|p1a: Garganacl
|-damage|p1a: Garganacl|29/100
|-enditem|p1a: Garganacl|Air Balloon
|-damage|p2a: Walking Wake|8/100|[from] item: Life Orb
|move|p1a: Garganacl|Salt Cure|p2a: Walking Wake
|-damage|p2a: Walking Wake|0 fnt
|faint|p2a: Walking Wake
|-end|p2a: Walking Wake|Protosynthesis|[silent]
|
|upkeep
|
|t:|1776098640
|switch|p2a: Raging Bolt|Raging Bolt|100/100
|turn|11
|
|t:|1776098652
|switch|p1a: Ninetales|Ninetales, F|100/100
|-weather|SunnyDay|[from] ability: Drought|[of] p1a: Ninetales
|-activate|p2a: Raging Bolt|ability: Protosynthesis
|-start|p2a: Raging Bolt|protosynthesisspa
|move|p2a: Raging Bolt|Dragon Pulse|p1a: Ninetales
|-damage|p1a: Ninetales|34/100
|
|-weather|SunnyDay|[upkeep]
|upkeep
|turn|12
|
|t:|1776098671
|move|p1a: Ninetales|Healing Wish|p1a: Ninetales
|faint|p1a: Ninetales
|move|p2a: Raging Bolt|Dragon Pulse|p1: Ninetales|[notarget]
|-fail|p2a: Raging Bolt
|
|-weather|SunnyDay|[upkeep]
|upkeep
|
|t:|1776098678
|switch|p1a: Garganacl|Garganacl, M|29/100
|-heal|p1a: Garganacl|100/100|[from] move: Healing Wish
|turn|13
|
|t:|1776098683
|move|p2a: Raging Bolt|Dragon Pulse|p1a: Garganacl
|-damage|p1a: Garganacl|55/100
|move|p1a: Garganacl|Curse|p1a: Garganacl
|-unboost|p1a: Garganacl|spe|1
|-boost|p1a: Garganacl|atk|1
|-boost|p1a: Garganacl|def|1
|
|-weather|SunnyDay|[upkeep]
|upkeep
|turn|14
|
|t:|1776098698
|move|p2a: Raging Bolt|Calm Mind|p2a: Raging Bolt
|-boost|p2a: Raging Bolt|spa|1
|-boost|p2a: Raging Bolt|spd|1
|move|p1a: Garganacl|Recover|p1a: Garganacl
|-heal|p1a: Garganacl|100/100
|
|-weather|SunnyDay|[upkeep]
|upkeep
|turn|15
|
|t:|1776098708
|move|p2a: Raging Bolt|Dragon Pulse|p1a: Garganacl
|-damage|p1a: Garganacl|34/100
|move|p1a: Garganacl|Salt Cure|p2a: Raging Bolt
|-damage|p2a: Raging Bolt|80/100
|-start|p2a: Raging Bolt|Salt Cure
|
|-weather|SunnyDay|[upkeep]
|-heal|p2a: Raging Bolt|86/100|[from] item: Leftovers
|-damage|p2a: Raging Bolt|74/100|[from] Salt Cure
|upkeep
|turn|16
|
|t:|1776098721
|-terastallize|p1a: Garganacl|Ghost
|move|p2a: Raging Bolt|Dragon Pulse|p1a: Garganacl
|-damage|p1a: Garganacl|0 fnt
|faint|p1a: Garganacl
|
|win|tigereyehs
|raw|tutimor's rating: 1142 &rarr; <strong>1121</strong><br />(-21 for losing)
|raw|tigereyehs's rating: 1194 &rarr; <strong>1215</strong><br />(+21 for winning)
|l| ohko_smeargle
|l|☆tigereyehs
|player|p2|
|l|☆tutimor
|player|p1|
