|html|<div class="broadcast-blue"><strong>[Gen 9] OU is currently suspecting Tera Blast! For information on how to participate check out the <a href="https://www.smogon.com/tools/suspects/view/200">suspect thread</a>.</strong></div>
|j|☆coast ghost
|j|☆phreshoatmeal
|t:|1776043754
|gametype|singles
|player|p1|coast ghost|gambler|1624
|player|p2|phreshoatmeal|170|1570
|gen|9
|tier|[Gen 9] OU
|rated|
|rule|HP Percentage Mod: HP is shown in percentages
|rule|Endless Battle Clause: Forcing endless battles is banned
|rule|Species Clause: Limit one of each Pokémon
|rule|OHKO Clause: OHKO moves are banned
|rule|Evasion Items Clause: Evasion items are banned
|rule|Evasion Moves Clause: Evasion moves are banned
|rule|Evasion Abilities Clause: Evasion abilities are banned
|rule|Sleep Moves Clause: Sleep-inducing moves are banned
|clearpoke
|poke|p1|Chesnaught, F|
|poke|p1|Kyurem|
|poke|p1|Primarina, M|
|poke|p1|Dragonite, M|
|poke|p1|Iron Valiant|
|poke|p1|Iron Treads|
|poke|p2|Jolteon, F|
|poke|p2|Lokix, M|
|poke|p2|Rotom-Heat|
|poke|p2|Hawlucha, M|
|poke|p2|Slowking-Galar, M|
|poke|p2|Alomomola, M|
|teampreview
|
|t:|1776043781
|teamsize|p1|6
|teamsize|p2|6
|start
|switch|p1a: Iron Treads|Iron Treads|100/100
|switch|p2a: Lokix|Lokix, M|100/100
|turn|1
|
|t:|1776043794
|-end|p1a: Iron Treads|Quark Drive|[silent]
|switch|p1a: Chesnaught|Chesnaught, F|100/100
|move|p2a: Lokix|Knock Off|p1a: Chesnaught
|-resisted|p1a: Chesnaught
|-damage|p1a: Chesnaught|74/100
|-damage|p2a: Lokix|84/100|[from] item: Rocky Helmet|[of] p1a: Chesnaught
|-enditem|p1a: Chesnaught|Rocky Helmet|[from] move: Knock Off|[of] p2a: Lokix
|
|upkeep
|turn|2
|
|t:|1776043801
|move|p2a: Lokix|U-turn|p1a: Chesnaught
|-damage|p1a: Chesnaught|51/100
|
|t:|1776043812
|switch|p2a: Rotom|Rotom-Heat|100/100|[from] U-turn
|move|p1a: Chesnaught|Spikes|p2a: Rotom
|-sidestart|p2: phreshoatmeal|Spikes
|
|upkeep
|turn|3
|
|t:|1776043818
|move|p2a: Rotom|Nasty Plot|p2a: Rotom
|-boost|p2a: Rotom|spa|2
|move|p1a: Chesnaught|Synthesis|p1a: Chesnaught
|-heal|p1a: Chesnaught|100/100
|
|upkeep
|turn|4
|
|t:|1776043824
|move|p2a: Rotom|Thunderbolt|p1a: Chesnaught
|-resisted|p1a: Chesnaught
|-damage|p1a: Chesnaught|52/100
|move|p1a: Chesnaught|Knock Off|p2a: Rotom
|-damage|p2a: Rotom|73/100
|-enditem|p2a: Rotom|Covert Cloak|[from] move: Knock Off|[of] p1a: Chesnaught
|
|upkeep
|turn|5
|
|t:|1776043831
|switch|p1a: Primarina|Primarina, M|100/100
|move|p2a: Rotom|Thunderbolt|p1a: Primarina
|-supereffective|p1a: Primarina
|-damage|p1a: Primarina|0 fnt
|faint|p1a: Primarina
|
|upkeep
|
|t:|1776043838
|switch|p1a: Kyurem|Kyurem|100/100
|-ability|p1a: Kyurem|Pressure
|turn|6
|
|t:|1776043842
|-terastallize|p2a: Rotom|Steel
|move|p1a: Kyurem|Draco Meteor|p2a: Rotom
|-resisted|p2a: Rotom
|-damage|p2a: Rotom|19/100
|-unboost|p1a: Kyurem|spa|2
|move|p2a: Rotom|Overheat|p1a: Kyurem
|-damage|p1a: Kyurem|0 fnt
|-unboost|p2a: Rotom|spa|2
|faint|p1a: Kyurem
|
|upkeep
|
|t:|1776043859
|switch|p1a: Iron Treads|Iron Treads|100/100
|turn|7
|
|t:|1776043867
|switch|p2a: Hawlucha|Hawlucha, M|100/100
|-ability|p2a: Hawlucha|Mold Breaker
|move|p1a: Iron Treads|Knock Off|p2a: Hawlucha
|-resisted|p2a: Hawlucha
|-damage|p2a: Hawlucha|87/100
|-damage|p1a: Iron Treads|84/100|[from] item: Rocky Helmet|[of] p2a: Hawlucha
|-enditem|p2a: Hawlucha|Rocky Helmet|[from] move: Knock Off|[of] p1a: Iron Treads
|
|-heal|p1a: Iron Treads|90/100|[from] item: Leftovers
|upkeep
|turn|8
|
|t:|1776043874
|move|p1a: Iron Treads|Stealth Rock|p2a: Hawlucha
|-sidestart|p2: phreshoatmeal|move: Stealth Rock
|move|p2a: Hawlucha|Defog|p1a: Iron Treads
|-unboost|p1a: Iron Treads|evasion|1
|-sideend|p2: phreshoatmeal|Spikes|[from] move: Defog|[of] p2a: Hawlucha
|-sideend|p2: phreshoatmeal|Stealth Rock|[from] move: Defog|[of] p2a: Hawlucha
|
|-heal|p1a: Iron Treads|96/100|[from] item: Leftovers
|upkeep
|turn|9
|
|t:|1776043884
|move|p1a: Iron Treads|Stealth Rock|p2a: Hawlucha
|-sidestart|p2: phreshoatmeal|move: Stealth Rock
|move|p2a: Hawlucha|Encore|p1a: Iron Treads
|-start|p1a: Iron Treads|Encore
|
|-heal|p1a: Iron Treads|100/100|[from] item: Leftovers
|upkeep
|turn|10
|
|t:|1776043889
|-end|p1a: Iron Treads|Quark Drive|[silent]
|switch|p1a: Chesnaught|Chesnaught, F|52/100
|move|p2a: Hawlucha|Defog|p1a: Chesnaught
|-unboost|p1a: Chesnaught|evasion|1
|-sideend|p2: phreshoatmeal|Stealth Rock|[from] move: Defog|[of] p2a: Hawlucha
|
|upkeep
|turn|11
|
|t:|1776043893
|move|p2a: Hawlucha|Flying Press|p1a: Chesnaught
|-supereffective|p1a: Chesnaught
|-damage|p1a: Chesnaught|0 fnt
|faint|p1a: Chesnaught
|
|upkeep
|
|t:|1776043895
|switch|p1a: Iron Valiant|Iron Valiant|100/100
|-enditem|p1a: Iron Valiant|Booster Energy
|-activate|p1a: Iron Valiant|ability: Quark Drive|[fromitem]
|-start|p1a: Iron Valiant|quarkdrivespe
|turn|12
|
|t:|1776043908
|switch|p2a: Alomomola|Alomomola, M|100/100
|move|p1a: Iron Valiant|Moonblast|p2a: Alomomola
|-damage|p2a: Alomomola|56/100
|-enditem|p2a: Alomomola|Eject Button
|
|t:|1776043918
|switch|p2a: Slowking|Slowking-Galar, M|100/100
|
|upkeep
|turn|13
|
|t:|1776043923
|-end|p1a: Iron Valiant|Quark Drive|[silent]
|switch|p1a: Iron Treads|Iron Treads|100/100
|move|p2a: Slowking|Psychic Noise|p1a: Iron Treads
|-resisted|p1a: Iron Treads
|-damage|p1a: Iron Treads|79/100
|-start|p1a: Iron Treads|move: Heal Block
|
|upkeep
|turn|14
|
|t:|1776043929
|switch|p2a: Hawlucha|Hawlucha, M|87/100
|-ability|p2a: Hawlucha|Mold Breaker
|move|p1a: Iron Treads|Knock Off|p2a: Hawlucha
|-resisted|p2a: Hawlucha
|-damage|p2a: Hawlucha|78/100
|
|-end|p1a: Iron Treads|move: Heal Block
|upkeep
|turn|15
|
|t:|1776043941
|move|p1a: Iron Treads|Knock Off|p2a: Hawlucha
|-resisted|p2a: Hawlucha
|-damage|p2a: Hawlucha|68/100
|move|p2a: Hawlucha|Flying Press|p1a: Iron Treads
|-damage|p1a: Iron Treads|52/100
|
|-heal|p1a: Iron Treads|58/100|[from] item: Leftovers
|upkeep
|turn|16
|
|t:|1776043951
|move|p1a: Iron Treads|Stealth Rock|p2a: Hawlucha
|-sidestart|p2: phreshoatmeal|move: Stealth Rock
|move|p2a: Hawlucha|Flying Press|p1a: Iron Treads
|-crit|p1a: Iron Treads
|-damage|p1a: Iron Treads|12/100
|
|-heal|p1a: Iron Treads|18/100|[from] item: Leftovers
|upkeep
|turn|17
|
|t:|1776043958
|-end|p1a: Iron Treads|Quark Drive|[silent]
|switch|p1a: Iron Valiant|Iron Valiant|100/100
|move|p2a: Hawlucha|Defog|p1a: Iron Valiant
|-unboost|p1a: Iron Valiant|evasion|1
|-sideend|p2: phreshoatmeal|Stealth Rock|[from] move: Defog|[of] p2a: Hawlucha
|
|upkeep
|turn|18
|
|t:|1776043972
|switch|p2a: Slowking|Slowking-Galar, M|100/100
|move|p1a: Iron Valiant|Knock Off|p2a: Slowking
|-supereffective|p2a: Slowking
|-damage|p2a: Slowking|47/100
|-enditem|p2a: Slowking|Eject Button|[from] move: Knock Off|[of] p1a: Iron Valiant
|
|upkeep
|turn|19
|
|t:|1776043981
|-terastallize|p1a: Iron Valiant|Steel
|move|p1a: Iron Valiant|Knock Off|p2a: Slowking
|-supereffective|p2a: Slowking
|-damage|p2a: Slowking|5/100
|move|p2a: Slowking|Psychic Noise|p1a: Iron Valiant
|-resisted|p1a: Iron Valiant
|-damage|p1a: Iron Valiant|75/100
|-start|p1a: Iron Valiant|move: Heal Block
|
|upkeep
|turn|20
|
|t:|1776044002
|switch|p2a: Alomomola|Alomomola, M|89/100
|move|p1a: Iron Valiant|Moonblast|p2a: Alomomola
|-damage|p2a: Alomomola|47/100
|
|-end|p1a: Iron Valiant|move: Heal Block
|upkeep
|turn|21
|
|t:|1776044009
|move|p1a: Iron Valiant|Moonblast|p2a: Alomomola
|-damage|p2a: Alomomola|0 fnt
|faint|p2a: Alomomola
|
|upkeep
|
|t:|1776044021
|switch|p2a: Lokix|Lokix, M|84/100
|turn|22
|
|t:|1776044030
|-end|p1a: Iron Valiant|Quark Drive|[silent]
|switch|p1a: Iron Treads|Iron Treads|18/100
|move|p2a: Lokix|First Impression|p1a: Iron Treads
|-resisted|p1a: Iron Treads
|-damage|p1a: Iron Treads|0 fnt
|faint|p1a: Iron Treads
|-end|p1a: Iron Treads|Quark Drive|[silent]
|
|upkeep
|
|t:|1776044035
|switch|p1a: Dragonite|Dragonite, M|100/100
|turn|23
|
|t:|1776044039
|move|p2a: Lokix|U-turn|p1a: Dragonite
|-resisted|p1a: Dragonite
|-damage|p1a: Dragonite|80/100
|
|t:|1776044044
|switch|p2a: Hawlucha|Hawlucha, M|68/100|[from] U-turn
|-ability|p2a: Hawlucha|Mold Breaker
|move|p1a: Dragonite|Dragon Dance|p1a: Dragonite
|-boost|p1a: Dragonite|atk|1
|-boost|p1a: Dragonite|spe|1
|
|upkeep
|turn|24
|
|t:|1776044048
|move|p1a: Dragonite|Ice Spinner|p2a: Hawlucha
|-supereffective|p2a: Hawlucha
|-damage|p2a: Hawlucha|0 fnt
|faint|p2a: Hawlucha
|
|upkeep
|
|t:|1776044059
|switch|p2a: Lokix|Lokix, M|84/100
|turn|25
|
|t:|1776044063
|move|p1a: Dragonite|Extreme Speed|p2a: Lokix
|-damage|p2a: Lokix|17/100
|move|p2a: Lokix|First Impression|p1a: Dragonite
|-resisted|p1a: Dragonite
|-damage|p1a: Dragonite|22/100
|
|upkeep
|turn|26
|
|t:|1776044075
|move|p1a: Dragonite|Extreme Speed|p2a: Lokix
|-damage|p2a: Lokix|0 fnt
|faint|p2a: Lokix
|
|upkeep
|
|t:|1776044077
|switch|p2a: Jolteon|Jolteon, F|100/100
|turn|27
|
|t:|1776044090
|move|p1a: Dragonite|Earthquake|p2a: Jolteon
|-supereffective|p2a: Jolteon
|-damage|p2a: Jolteon|0 fnt
|faint|p2a: Jolteon
|
|upkeep
|
|t:|1776044093
|switch|p2a: Rotom|Rotom-Heat, tera:Steel|19/100
|turn|28
|
|t:|1776044097
|move|p1a: Dragonite|Extreme Speed|p2a: Rotom
|-resisted|p2a: Rotom
|-damage|p2a: Rotom|0 fnt
|faint|p2a: Rotom
|
|upkeep
|-message|phreshoatmeal forfeited.
|
|win|coast ghost
|raw|coast ghost's rating: 1624 &rarr; <strong>1641</strong><br />(+17 for winning)
|raw|phreshoatmeal's rating: 1570 &rarr; <strong>1553</strong><br />(-17 for losing)
|l|☆phreshoatmeal
|player|p2|
|l|☆coast ghost
|player|p1|
