|html|<div class="broadcast-blue"><strong>[Gen 9] OU is currently suspecting Tera Blast! For information on how to participate check out the <a href="https://www.smogon.com/tools/suspects/view/200">suspect thread</a>.</strong></div>
|j|☆Yeenenkno
|j|☆Imrlly99
|t:|1776070775
|gametype|singles
|player|p1|Yeenenkno|265|1108
|player|p2|Imrlly99|102|1158
|gen|9
|tier|[Gen 9] OU
|rated|
|rule|HP Percentage Mod: HP is shown in percentages
|rule|Endless Battle Clause: Forcing endless battles is banned
|rule|Species Clause: Limit one of each Pokémon
|rule|OHKO Clause: OHKO moves are banned
|rule|Evasion Items Clause: Evasion items are banned
|rule|Evasion Moves Clause: Evasion moves are banned
|rule|Evasion Abilities Clause: Evasion abilities are banned
|rule|Sleep Moves Clause: Sleep-inducing moves are banned
|clearpoke
|poke|p1|Cramorant, F|
|poke|p1|Garganacl, M|
|poke|p1|Hatterene, F|
|poke|p1|Pecharunt|
|poke|p1|Hydrapple, F|
|poke|p1|Bisharp, M|
|poke|p2|Dragapult, F|
|poke|p2|Umbreon, F|
|poke|p2|Excadrill, M|
|poke|p2|Quaquaval, M|
|poke|p2|Raichu-Alola, M|
|poke|p2|Chandelure, F|
|teampreview
|inactive|Battle timer is ON: inactive players will automatically lose when time's up. (requested by Imrlly99)
|inactive|Yeenenkno has 120 seconds left.
|
|t:|1776070847
|teamsize|p1|6
|teamsize|p2|6
|start
|switch|p1a: Pecharunt|Pecharunt|100/100
|switch|p2a: Leafeon mogs|Umbreon, F|100/100
|turn|1
|
|t:|1776070868
|move|p2a: Leafeon mogs|Protect|p2a: Leafeon mogs
|-singleturn|p2a: Leafeon mogs|Protect
|move|p1a: Pecharunt|Malignant Chain|p2a: Leafeon mogs
|-activate|p2a: Leafeon mogs|move: Protect
|
|upkeep
|turn|2
|inactive|Imrlly99 has 120 seconds left.
|
|t:|1776070893
|switch|p2a: Isekai coal miner|Excadrill, M|100/100
|-ability|p2a: Isekai coal miner|Mold Breaker
|move|p1a: Pecharunt|Curse|p2a: Isekai coal miner
|-start|p2a: Isekai coal miner|Curse|[of] p1a: Pecharunt
|-damage|p1a: Pecharunt|50/100
|
|-heal|p1a: Pecharunt|57/100|[from] item: Black Sludge
|-damage|p2a: Isekai coal miner|76/100|[from] Curse
|upkeep
|turn|3
|inactive|Imrlly99 has 120 seconds left.
|
|t:|1776070906
|switch|p1a: Cramorant|Cramorant, F|100/100
|move|p2a: Isekai coal miner|Earthquake|p1a: Cramorant
|-immune|p1a: Cramorant
|
|-damage|p2a: Isekai coal miner|51/100|[from] Curse
|upkeep
|turn|4
|inactive|Imrlly99 has 120 seconds left.
|
|t:|1776070920
|switch|p2a: Sunshine Lolipops|Raichu-Alola, M|100/100
|move|p1a: Cramorant|Surf|p2a: Sunshine Lolipops
|-formechange|p1a: Cramorant|Cramorant-Gulping|
|-damage|p2a: Sunshine Lolipops|47/100
|
|upkeep
|turn|5
|inactive|Imrlly99 has 120 seconds left.
|
|t:|1776070934
|switch|p1a: Hydrapple|Hydrapple, F|100/100
|move|p2a: Sunshine Lolipops|Volt Switch|p1a: Hydrapple
|-resisted|p1a: Hydrapple
|-damage|p1a: Hydrapple|93/100
|inactive|Imrlly99 has 120 seconds left.
|
|t:|1776070940
|switch|p2a: Leafeon mogs|Umbreon, F|100/100|[from] Volt Switch
|
|-heal|p1a: Hydrapple|99/100|[from] item: Leftovers
|upkeep
|turn|6
|
|t:|1776070945
|move|p2a: Leafeon mogs|Toxic|p1a: Hydrapple
|-status|p1a: Hydrapple|tox
|move|p1a: Hydrapple|Fickle Beam|p2a: Leafeon mogs|[anim] Fickle Beam All Out
|-activate|p1a: Hydrapple|move: Fickle Beam
|-damage|p2a: Leafeon mogs|57/100
|
|-heal|p2a: Leafeon mogs|63/100|[from] item: Leftovers
|-heal|p1a: Hydrapple|100/100 tox|[from] item: Leftovers
|-damage|p1a: Hydrapple|94/100 tox|[from] psn
|upkeep
|turn|7
|
|t:|1776070970
|switch|p1a: Pecharunt|Pecharunt|57/100
|move|p2a: Leafeon mogs|Substitute|p2a: Leafeon mogs
|-start|p2a: Leafeon mogs|Substitute
|-damage|p2a: Leafeon mogs|38/100
|
|-heal|p1a: Pecharunt|63/100|[from] item: Black Sludge
|-heal|p2a: Leafeon mogs|44/100|[from] item: Leftovers
|upkeep
|turn|8
|
|t:|1776070981
|move|p1a: Pecharunt|Malignant Chain|p2a: Leafeon mogs
|-end|p2a: Leafeon mogs|Substitute
|move|p2a: Leafeon mogs|Wish|p2a: Leafeon mogs
|
|-heal|p1a: Pecharunt|69/100|[from] item: Black Sludge
|-heal|p2a: Leafeon mogs|50/100|[from] item: Leftovers
|upkeep
|turn|9
|
|t:|1776070994
|switch|p2a: Sunshine Lolipops|Raichu-Alola, M|47/100
|move|p1a: Pecharunt|Curse|p2a: Sunshine Lolipops
|-start|p2a: Sunshine Lolipops|Curse|[of] p1a: Pecharunt
|-damage|p1a: Pecharunt|19/100
|
|-heal|p2a: Sunshine Lolipops|100/100|[from] move: Wish|[wisher] Leafeon mogs
|-heal|p1a: Pecharunt|25/100|[from] item: Black Sludge
|-damage|p2a: Sunshine Lolipops|76/100|[from] Curse
|upkeep
|turn|10
|
|t:|1776071008
|switch|p1a: Hatterene|Hatterene, F|100/100
|move|p2a: Sunshine Lolipops|Psychic|p1a: Hatterene
|-resisted|p1a: Hatterene
|-damage|p1a: Hatterene|82/100
|
|-heal|p1a: Hatterene|88/100|[from] item: Leftovers
|-damage|p2a: Sunshine Lolipops|51/100|[from] Curse
|upkeep
|turn|11
|
|t:|1776071016
|move|p2a: Sunshine Lolipops|Nuzzle|p1a: Hatterene
|-damage|p1a: Hatterene|81/100
|-status|p1a: Hatterene|par
|cant|p1a: Hatterene|par
|
|-heal|p1a: Hatterene|87/100 par|[from] item: Leftovers
|-damage|p2a: Sunshine Lolipops|26/100|[from] Curse
|upkeep
|turn|12
|
|t:|1776071029
|move|p2a: Sunshine Lolipops|Volt Switch|p1a: Hatterene
|-damage|p1a: Hatterene|57/100 par
|
|t:|1776071032
|switch|p2a: Isekai coal miner|Excadrill, M|51/100|[from] Volt Switch
|-ability|p2a: Isekai coal miner|Mold Breaker
|move|p1a: Hatterene|Dazzling Gleam|p2a: Isekai coal miner
|-resisted|p2a: Isekai coal miner
|-damage|p2a: Isekai coal miner|18/100
|
|-heal|p1a: Hatterene|63/100 par|[from] item: Leftovers
|upkeep
|turn|13
|
|t:|1776071045
|switch|p1a: Bisharp|Bisharp, M|100/100
|move|p2a: Isekai coal miner|Stealth Rock|p1a: Bisharp
|-sidestart|p1: Yeenenkno|move: Stealth Rock
|
|upkeep
|turn|14
|
|t:|1776071054
|move|p1a: Bisharp|Sucker Punch|p2a: Isekai coal miner
|-damage|p2a: Isekai coal miner|0 fnt
|faint|p2a: Isekai coal miner
|-damage|p1a: Bisharp|91/100|[from] item: Life Orb
|
|upkeep
|
|t:|1776071058
|switch|p2a: Femboy|Quaquaval, M|100/100
|turn|15
|
|t:|1776071069
|switch|p1a: Cramorant|Cramorant, F|100/100
|-damage|p1a: Cramorant|76/100|[from] Stealth Rock
|move|p2a: Femboy|Aqua Step|p1a: Cramorant
|-resisted|p1a: Cramorant
|-damage|p1a: Cramorant|24/100
|-boost|p2a: Femboy|spe|1
|-damage|p2a: Femboy|84/100|[from] item: Rocky Helmet|[of] p1a: Cramorant
|-damage|p2a: Femboy|74/100|[from] item: Life Orb
|
|upkeep
|turn|16
|
|t:|1776071081
|move|p2a: Femboy|Aqua Step|p1a: Cramorant
|-resisted|p1a: Cramorant
|-damage|p1a: Cramorant|0 fnt
|-boost|p2a: Femboy|spe|1
|-damage|p2a: Femboy|57/100|[from] item: Rocky Helmet|[of] p1a: Cramorant
|faint|p1a: Cramorant
|-ability|p2a: Femboy|Moxie|boost
|-boost|p2a: Femboy|atk|1
|-damage|p2a: Femboy|47/100|[from] item: Life Orb
|
|upkeep
|
|t:|1776071088
|switch|p1a: Hatterene|Hatterene, F|63/100 par
|-damage|p1a: Hatterene|50/100 par|[from] Stealth Rock
|turn|17
|
|t:|1776071099
|move|p2a: Femboy|Liquidation|p1a: Hatterene
|-damage|p1a: Hatterene|0 fnt
|faint|p1a: Hatterene
|-ability|p2a: Femboy|Moxie|boost
|-boost|p2a: Femboy|atk|1
|-damage|p2a: Femboy|37/100|[from] item: Life Orb
|
|upkeep
|
|t:|1776071110
|switch|p1a: Garganacl|Garganacl, M|100/100
|-damage|p1a: Garganacl|88/100|[from] Stealth Rock
|turn|18
|
|t:|1776071115
|move|p2a: Femboy|Liquidation|p1a: Garganacl
|-supereffective|p1a: Garganacl
|-damage|p1a: Garganacl|0 fnt
|faint|p1a: Garganacl
|-ability|p2a: Femboy|Moxie|boost
|-boost|p2a: Femboy|atk|1
|-damage|p2a: Femboy|27/100|[from] item: Life Orb
|
|upkeep
|
|t:|1776071119
|switch|p1a: Pecharunt|Pecharunt|25/100
|-damage|p1a: Pecharunt|12/100|[from] Stealth Rock
|turn|19
|
|t:|1776071126
|move|p2a: Femboy|Aqua Step|p1a: Pecharunt
|-damage|p1a: Pecharunt|0 fnt
|-boost|p2a: Femboy|spe|1
|faint|p1a: Pecharunt
|-ability|p2a: Femboy|Moxie|boost
|-boost|p2a: Femboy|atk|1
|-damage|p2a: Femboy|17/100|[from] item: Life Orb
|
|upkeep
|
|t:|1776071130
|switch|p1a: Bisharp|Bisharp, M|91/100
|-damage|p1a: Bisharp|85/100|[from] Stealth Rock
|turn|20
|
|t:|1776071140
|move|p1a: Bisharp|Sucker Punch||[still]
|-fail|p1a: Bisharp
|move|p2a: Femboy|Swords Dance|p2a: Femboy
|-boost|p2a: Femboy|atk|2
|
|upkeep
|turn|21
|
|t:|1776071145
|move|p1a: Bisharp|Sucker Punch|p2a: Femboy
|-resisted|p2a: Femboy
|-damage|p2a: Femboy|0 fnt
|faint|p2a: Femboy
|-damage|p1a: Bisharp|75/100|[from] item: Life Orb
|
|upkeep
|
|t:|1776071157
|switch|p2a: Best furniture|Chandelure, F|100/100
|-item|p2a: Best furniture|Air Balloon
|turn|22
|
|t:|1776071163
|move|p1a: Bisharp|Sucker Punch||[still]
|-fail|p1a: Bisharp
|move|p2a: Best furniture|Substitute|p2a: Best furniture
|-start|p2a: Best furniture|Substitute
|-damage|p2a: Best furniture|76/100
|
|upkeep
|turn|23
|
|t:|1776071169
|move|p2a: Best furniture|Flamethrower|p1a: Bisharp
|-supereffective|p1a: Bisharp
|-damage|p1a: Bisharp|0 fnt
|faint|p1a: Bisharp
|
|upkeep
|
|t:|1776071173
|switch|p1a: Hydrapple|Hydrapple, F|100/100 tox
|-damage|p1a: Hydrapple|88/100 tox|[from] Stealth Rock
|turn|24
|
|t:|1776071179
|move|p1a: Hydrapple|Sucker Punch|p2a: Best furniture
|-supereffective|p2a: Best furniture
|-end|p2a: Best furniture|Substitute
|-enditem|p2a: Best furniture|Air Balloon
|move|p2a: Best furniture|Hex|p1a: Hydrapple
|-crit|p1a: Hydrapple
|-damage|p1a: Hydrapple|0 fnt
|faint|p1a: Hydrapple
|
|win|Imrlly99
|raw|Yeenenkno's rating: 1108 &rarr; <strong>1087</strong><br />(-21 for losing)
|raw|Imrlly99's rating: 1158 &rarr; <strong>1179</strong><br />(+21 for winning)
|l|☆Yeenenkno
|player|p1|
|l|☆Imrlly99
|player|p2|
