|html|<div class="broadcast-blue"><strong>[Gen 9] OU is currently suspecting Tera Blast! For information on how to participate check out the <a href="https://www.smogon.com/tools/suspects/view/200">suspect thread</a>.</strong></div>
|j|☆DarwintheGoat
|j|‽chlord\
|t:|1776097477
|gametype|singles
|player|p1|DarwintheGoat|bugcatcher-gen4dp|1114
|player|p2|chlord\|102|1159
|gen|9
|tier|[Gen 9] OU
|rated|
|rule|HP Percentage Mod: HP is shown in percentages
|rule|Endless Battle Clause: Forcing endless battles is banned
|rule|Species Clause: Limit one of each Pokémon
|rule|OHKO Clause: OHKO moves are banned
|rule|Evasion Items Clause: Evasion items are banned
|rule|Evasion Moves Clause: Evasion moves are banned
|rule|Evasion Abilities Clause: Evasion abilities are banned
|rule|Sleep Moves Clause: Sleep-inducing moves are banned
|clearpoke
|poke|p1|Orthworm, F|
|poke|p1|Dragapult, F|
|poke|p1|Greninja-*, M|
|poke|p1|Blaziken, F|
|poke|p1|Kingambit, M|
|poke|p1|Meowscarada, M|
|poke|p2|Blissey, F|
|poke|p2|Klawf, M|
|poke|p2|Corviknight, M|
|poke|p2|Toxapex, F|
|poke|p2|Dondozo, F|
|poke|p2|Gliscor, F|
|teampreview
|
|t:|1776097497
|teamsize|p1|6
|teamsize|p2|6
|start
|switch|p1a: Dragapult|Dragapult, F, shiny|100/100
|switch|p2a: Klawf|Klawf, M|100/100
|turn|1
|
|t:|1776097504
|-terastallize|p2a: Klawf|Ice
|move|p1a: Dragapult|Dragon Dance|p1a: Dragapult
|-boost|p1a: Dragapult|atk|1
|-boost|p1a: Dragapult|spe|1
|move|p2a: Klawf|Tera Blast|p1a: Dragapult|[anim] Tera Blast Ice
|-supereffective|p1a: Dragapult
|-damage|p1a: Dragapult|11/100
|
|upkeep
|turn|2
|
|t:|1776097515
|move|p1a: Dragapult|Dragon Darts|p2a: Klawf
|-damage|p2a: Klawf|66/100
|-anim|p1a: Dragapult|Dragon Darts|p2a: Klawf
|-damage|p2a: Klawf|35/100
|move|p2a: Klawf|Knock Off|p1a: Dragapult
|-supereffective|p1a: Dragapult
|-damage|p1a: Dragapult|0 fnt
|-enditem|p1a: Dragapult|Dragon Fang|[from] move: Knock Off|[of] p2a: Klawf
|faint|p1a: Dragapult
|
|upkeep
|
|t:|1776097525
|switch|p1a: Blaziken|Blaziken, F, shiny|100/100
|turn|3
|
|t:|1776097543
|move|p1a: Blaziken|Flare Blitz|p2a: Klawf
|-supereffective|p2a: Klawf
|-damage|p2a: Klawf|0 fnt
|-damage|p1a: Blaziken|84/100|[from] item: Rocky Helmet|[of] p2a: Klawf
|faint|p2a: Klawf
|-damage|p1a: Blaziken|71/100|[from] Recoil
|-damage|p1a: Blaziken|61/100|[from] item: Life Orb
|
|-ability|p1a: Blaziken|Speed Boost|boost
|-boost|p1a: Blaziken|spe|1
|upkeep
|
|t:|1776097551
|switch|p2a: Gliscor|Gliscor, F, shiny|100/100
|turn|4
|
|t:|1776097559
|move|p1a: Blaziken|Stone Edge|p2a: Gliscor|[miss]
|-miss|p1a: Blaziken|p2a: Gliscor
|move|p2a: Gliscor|Earthquake|p1a: Blaziken
|-supereffective|p1a: Blaziken
|-damage|p1a: Blaziken|0 fnt
|faint|p1a: Blaziken
|
|-status|p2a: Gliscor|tox|[from] item: Toxic Orb
|upkeep
|
|t:|1776097568
|switch|p1a: Meowscarada|Meowscarada, M, shiny|100/100
|turn|5
|
|t:|1776097586
|switch|p2a: Corviknight|Corviknight, M|100/100
|-ability|p2a: Corviknight|Pressure
|move|p1a: Meowscarada|Triple Axel|p2a: Corviknight|[miss]
|-start|p1a: Meowscarada|typechange|Ice|[from] ability: Protean
|-miss|p1a: Meowscarada|p2a: Corviknight
|
|upkeep
|turn|6
|-message|DarwintheGoat forfeited.
|
|win|chlord\
|raw|DarwintheGoat's rating: 1114 &rarr; <strong>1092</strong><br />(-22 for losing)
|raw|chlord\'s rating: 1159 &rarr; <strong>1181</strong><br />(+22 for winning)
|l|☆DarwintheGoat
|player|p1|
|l|‽chlord\
|player|p2|
