|html|<div class="broadcast-blue"><strong>[Gen 9] OU is currently suspecting Tera Blast! For information on how to participate check out the <a href="https://www.smogon.com/tools/suspects/view/200">suspect thread</a>.</strong></div>
|j|☆confettiis73
|j|☆LeonKiddo
|t:|1776304731
|gametype|singles
|player|p1|confettiis73|169|1006
|player|p2|LeonKiddo|266|1026
|gen|9
|tier|[Gen 9] OU
|rated|
|rule|HP Percentage Mod: HP is shown in percentages
|rule|Endless Battle Clause: Forcing endless battles is banned
|rule|Species Clause: Limit one of each Pokémon
|rule|OHKO Clause: OHKO moves are banned
|rule|Evasion Items Clause: Evasion items are banned
|rule|Evasion Moves Clause: Evasion moves are banned
|rule|Evasion Abilities Clause: Evasion abilities are banned
|rule|Sleep Moves Clause: Sleep-inducing moves are banned
|clearpoke
|poke|p1|Primeape, M|
|poke|p1|Blastoise, M|
|poke|p1|Komala, M|
|poke|p1|Porygon-Z|
|poke|p1|Gengar, F|
|poke|p1|Zamazenta-*|
|poke|p2|Dragapult, F|
|poke|p2|Great Tusk|
|poke|p2|Primarina, M|
|poke|p2|Gholdengo|
|poke|p2|Tornadus-Therian, M|
|poke|p2|Ogerpon-Cornerstone, F|
|teampreview
|
|t:|1776304767
|teamsize|p1|6
|teamsize|p2|6
|start
|switch|p1a: Gengar|Gengar, F|100/100
|switch|p2a: Tornadus|Tornadus-Therian, M|100/100
|turn|1
|
|t:|1776304781
|move|p2a: Tornadus|Knock Off|p1a: Gengar
|-supereffective|p1a: Gengar
|-damage|p1a: Gengar|31/100
|-enditem|p1a: Gengar|Black Sludge|[from] move: Knock Off|[of] p2a: Tornadus
|move|p1a: Gengar|Curse|p2a: Tornadus
|-start|p2a: Tornadus|Curse|[of] p1a: Gengar
|-damage|p1a: Gengar|0 fnt
|faint|p1a: Gengar
|
|-damage|p2a: Tornadus|76/100|[from] Curse
|upkeep
|
|t:|1776304795
|switch|p1a: Zamazenta|Zamazenta|100/100
|-ability|p1a: Zamazenta|Dauntless Shield|boost
|-boost|p1a: Zamazenta|def|1
|turn|2
|
|t:|1776304817
|move|p1a: Zamazenta|Light Screen|p1a: Zamazenta
|-sidestart|p1: confettiis73|move: Light Screen
|move|p2a: Tornadus|Bleakwind Storm|p1a: Zamazenta
|-supereffective|p1a: Zamazenta
|-damage|p1a: Zamazenta|64/100
|
|-heal|p1a: Zamazenta|70/100|[from] item: Leftovers
|-damage|p2a: Tornadus|51/100|[from] Curse
|upkeep
|turn|3
|
|t:|1776304826
|move|p1a: Zamazenta|Ice Fang|p2a: Tornadus
|-supereffective|p2a: Tornadus
|-damage|p2a: Tornadus|2/100
|move|p2a: Tornadus|Bleakwind Storm|p1a: Zamazenta
|-supereffective|p1a: Zamazenta
|-damage|p1a: Zamazenta|36/100
|
|-heal|p1a: Zamazenta|42/100|[from] item: Leftovers
|-damage|p2a: Tornadus|0 fnt|[from] Curse
|faint|p2a: Tornadus
|upkeep
|
|t:|1776304858
|switch|p2a: Ogerpon|Ogerpon-Cornerstone, F|100/100
|turn|4
|
|t:|1776304879
|move|p1a: Zamazenta|Heavy Slam|p2a: Ogerpon
|-supereffective|p2a: Ogerpon
|-ability|p2a: Ogerpon|Sturdy
|-damage|p2a: Ogerpon|1/100
|move|p2a: Ogerpon|Low Kick|p1a: Zamazenta
|-damage|p1a: Zamazenta|12/100
|
|-heal|p1a: Zamazenta|18/100|[from] item: Leftovers
|upkeep
|turn|5
|
|t:|1776304908
|switch|p2a: Dragapult|Dragapult, F|100/100
|move|p1a: Zamazenta|Brick Break|p2a: Dragapult
|-immune|p2a: Dragapult
|
|-heal|p1a: Zamazenta|24/100|[from] item: Leftovers
|upkeep
|turn|6
|
|t:|1776304917
|move|p2a: Dragapult|Draco Meteor|p1a: Zamazenta|[miss]
|-miss|p2a: Dragapult|p1a: Zamazenta
|move|p1a: Zamazenta|Ice Fang|p2a: Dragapult
|-supereffective|p2a: Dragapult
|-damage|p2a: Dragapult|45/100
|
|-heal|p1a: Zamazenta|31/100|[from] item: Leftovers
|-sideend|p1: confettiis73|move: Light Screen
|upkeep
|turn|7
|
|t:|1776304928
|switch|p2a: Great Tusk|Great Tusk|100/100
|move|p1a: Zamazenta|Ice Fang|p2a: Great Tusk
|-supereffective|p2a: Great Tusk
|-damage|p2a: Great Tusk|67/100
|
|-heal|p1a: Zamazenta|37/100|[from] item: Leftovers
|upkeep
|turn|8
|
|t:|1776304937
|move|p1a: Zamazenta|Light Screen|p1a: Zamazenta
|-sidestart|p1: confettiis73|move: Light Screen
|move|p2a: Great Tusk|Stealth Rock|p1a: Zamazenta
|-sidestart|p1: confettiis73|move: Stealth Rock
|
|-heal|p1a: Zamazenta|43/100|[from] item: Leftovers
|upkeep
|turn|9
|
|t:|1776304956
|switch|p1a: Komala|Komala, M|100/100
|-damage|p1a: Komala|88/100|[from] Stealth Rock
|-ability|p1a: Komala|Comatose
|move|p2a: Great Tusk|Headlong Rush|p1a: Komala
|-damage|p1a: Komala|0 fnt
|-unboost|p2a: Great Tusk|def|1
|-unboost|p2a: Great Tusk|spd|1
|-enditem|p1a: Komala|Jaboca Berry|[eat]
|-damage|p2a: Great Tusk|55/100|[from] item: Jaboca Berry|[of] p1a: Komala
|faint|p1a: Komala
|
|upkeep
|
|t:|1776304971
|switch|p1a: Zamazenta|Zamazenta|43/100
|-damage|p1a: Zamazenta|37/100|[from] Stealth Rock
|turn|10
|
|t:|1776304984
|move|p1a: Zamazenta|Brick Break|p2a: Great Tusk
|-damage|p2a: Great Tusk|17/100
|move|p2a: Great Tusk|Headlong Rush|p1a: Zamazenta
|-damage|p1a: Zamazenta|0 fnt
|-unboost|p2a: Great Tusk|def|1
|-unboost|p2a: Great Tusk|spd|1
|faint|p1a: Zamazenta
|
|upkeep
|
|t:|1776304994
|switch|p1a: Primeape|Primeape, M|100/100
|-damage|p1a: Primeape|95/100|[from] Stealth Rock
|turn|11
|
|t:|1776305004
|-end|p2a: Great Tusk|Protosynthesis|[silent]
|switch|p2a: Gholdengo|Gholdengo|100/100
|-item|p2a: Gholdengo|Air Balloon
|move|p1a: Primeape|Acrobatics|p2a: Gholdengo
|-resisted|p2a: Gholdengo
|-damage|p2a: Gholdengo|91/100
|-enditem|p2a: Gholdengo|Air Balloon
|
|upkeep
|turn|12
|
|t:|1776305018
|switch|p1a: Porygon-Z|Porygon-Z|100/100
|-damage|p1a: Porygon-Z|88/100|[from] Stealth Rock
|move|p2a: Gholdengo|Nasty Plot|p2a: Gholdengo
|-boost|p2a: Gholdengo|spa|2
|
|-sideend|p1: confettiis73|move: Light Screen
|upkeep
|turn|13
|
|t:|1776305028
|move|p1a: Porygon-Z|Blizzard|p2a: Gholdengo|[miss]
|-miss|p1a: Porygon-Z|p2a: Gholdengo
|move|p2a: Gholdengo|Focus Blast|p1a: Porygon-Z
|-supereffective|p1a: Porygon-Z
|-damage|p1a: Porygon-Z|0 fnt
|faint|p1a: Porygon-Z
|
|upkeep
|
|t:|1776305038
|switch|p1a: Blastoise|Blastoise, M|100/100
|turn|14
|
|t:|1776305066
|move|p2a: Gholdengo|Nasty Plot|p2a: Gholdengo
|-boost|p2a: Gholdengo|spa|2
|move|p1a: Blastoise|Earthquake|p2a: Gholdengo
|-supereffective|p2a: Gholdengo
|-damage|p2a: Gholdengo|46/100
|
|upkeep
|turn|15
|
|t:|1776305073
|move|p2a: Gholdengo|Shadow Ball|p1a: Blastoise
|-damage|p1a: Blastoise|0 fnt
|faint|p1a: Blastoise
|
|upkeep
|
|t:|1776305078
|switch|p1a: Primeape|Primeape, M|95/100
|-damage|p1a: Primeape|89/100|[from] Stealth Rock
|turn|16
|
|t:|1776305090
|-terastallize|p1a: Primeape|Fighting
|move|p1a: Primeape|Seed Bomb|p2a: Gholdengo
|-resisted|p2a: Gholdengo
|-damage|p2a: Gholdengo|34/100
|move|p2a: Gholdengo|Make It Rain|p1a: Primeape
|-damage|p1a: Primeape|0 fnt
|-unboost|p2a: Gholdengo|spa|1
|faint|p1a: Primeape
|
|win|LeonKiddo
|raw|confettiis73's rating: 1006 &rarr; <strong>1000</strong><br />(-6 for losing)
|raw|LeonKiddo's rating: 1026 &rarr; <strong>1060</strong><br />(+34 for winning)
|l|☆confettiis73
|player|p1|
