|html|<div class="broadcast-blue"><strong>[Gen 9] OU is currently suspecting Tera Blast! For information on how to participate check out the <a href="https://www.smogon.com/tools/suspects/view/200">suspect thread</a>.</strong></div>
|j|☆magistermilitum420
|j|☆hat40
|t:|1776309666
|gametype|singles
|player|p1|magistermilitum420|blue|1354
|player|p2|hat40|101|1343
|gen|9
|tier|[Gen 9] OU
|rated|
|rule|HP Percentage Mod: HP is shown in percentages
|rule|Endless Battle Clause: Forcing endless battles is banned
|rule|Species Clause: Limit one of each Pokémon
|rule|OHKO Clause: OHKO moves are banned
|rule|Evasion Items Clause: Evasion items are banned
|rule|Evasion Moves Clause: Evasion moves are banned
|rule|Evasion Abilities Clause: Evasion abilities are banned
|rule|Sleep Moves Clause: Sleep-inducing moves are banned
|clearpoke
|poke|p1|Meowscarada, M|
|poke|p1|Great Tusk|
|poke|p1|Alomomola, F|
|poke|p1|Slowking-Galar, F|
|poke|p1|Iron Valiant|
|poke|p1|Heatran, F|
|poke|p2|Great Tusk|
|poke|p2|Walking Wake|
|poke|p2|Kingambit, M|
|poke|p2|Venusaur, M|
|poke|p2|Ninetales, F|
|poke|p2|Thundurus-Therian, M|
|teampreview
|
|t:|1776309680
|teamsize|p1|6
|teamsize|p2|6
|start
|switch|p1a: Mahad|Meowscarada, M, shiny|100/100
|switch|p2a: Ninetales|Ninetales, F|100/100
|-weather|SunnyDay|[from] ability: Drought|[of] p2a: Ninetales
|turn|1
|
|t:|1776309687
|switch|p2a: Great Tusk|Great Tusk|100/100
|-activate|p2a: Great Tusk|ability: Protosynthesis
|-start|p2a: Great Tusk|protosynthesisatk
|move|p1a: Mahad|U-turn|p2a: Great Tusk
|-start|p1a: Mahad|typechange|Bug|[from] ability: Protean
|-resisted|p2a: Great Tusk
|-damage|p2a: Great Tusk|91/100
|-damage|p1a: Mahad|84/100|[from] item: Rocky Helmet|[of] p2a: Great Tusk
|
|t:|1776309696
|switch|p1a: Barca|Great Tusk|100/100|[from] U-turn
|-activate|p1a: Barca|ability: Protosynthesis
|-start|p1a: Barca|protosynthesisdef
|
|-weather|SunnyDay|[upkeep]
|upkeep
|turn|2
|
|t:|1776309703
|move|p2a: Great Tusk|Stealth Rock|p1a: Barca
|-sidestart|p1: magistermilitum420|move: Stealth Rock
|move|p1a: Barca|Rapid Spin|p2a: Great Tusk
|-damage|p2a: Great Tusk|80/100
|-boost|p1a: Barca|spe|1
|-damage|p1a: Barca|84/100|[from] item: Rocky Helmet|[of] p2a: Great Tusk
|-sideend|p1: magistermilitum420|Stealth Rock|[from] move: Rapid Spin|[of] p1a: Barca
|
|-weather|SunnyDay|[upkeep]
|-heal|p1a: Barca|90/100|[from] item: Leftovers
|upkeep
|turn|3
|
|t:|1776309712
|move|p1a: Barca|Earthquake|p2a: Great Tusk
|-damage|p2a: Great Tusk|50/100
|move|p2a: Great Tusk|Ice Spinner|p1a: Barca
|-supereffective|p1a: Barca
|-damage|p1a: Barca|62/100
|
|-weather|SunnyDay|[upkeep]
|-heal|p1a: Barca|69/100|[from] item: Leftovers
|upkeep
|turn|4
|
|t:|1776309724
|move|p1a: Barca|Earthquake|p2a: Great Tusk
|-damage|p2a: Great Tusk|21/100
|move|p2a: Great Tusk|Stealth Rock|p1a: Barca
|-sidestart|p1: magistermilitum420|move: Stealth Rock
|
|-weather|SunnyDay|[upkeep]
|-heal|p1a: Barca|75/100|[from] item: Leftovers
|upkeep
|turn|5
|
|t:|1776309734
|-end|p2a: Great Tusk|Protosynthesis|[silent]
|switch|p2a: Walking Wake|Walking Wake|100/100
|-activate|p2a: Walking Wake|ability: Protosynthesis
|-start|p2a: Walking Wake|protosynthesisspe
|move|p1a: Barca|Rapid Spin|p2a: Walking Wake
|-damage|p2a: Walking Wake|85/100
|-boost|p1a: Barca|spe|1
|-sideend|p1: magistermilitum420|Stealth Rock|[from] move: Rapid Spin|[of] p1a: Barca
|
|-weather|SunnyDay|[upkeep]
|-heal|p1a: Barca|81/100|[from] item: Leftovers
|upkeep
|turn|6
|
|t:|1776309748
|-terastallize|p1a: Barca|Steel
|move|p2a: Walking Wake|Hydro Steam|p1a: Barca
|-damage|p1a: Barca|0 fnt
|faint|p1a: Barca
|-end|p1a: Barca|Protosynthesis|[silent]
|
|-weather|SunnyDay|[upkeep]
|upkeep
|
|t:|1776309762
|switch|p1a: Mithridates|Slowking-Galar, F|100/100
|turn|7
|
|t:|1776309782
|move|p2a: Walking Wake|Draco Meteor|p1a: Mithridates|[miss]
|-miss|p2a: Walking Wake|p1a: Mithridates
|move|p1a: Mithridates|Sludge Bomb|p2a: Walking Wake
|-damage|p2a: Walking Wake|34/100
|-status|p2a: Walking Wake|psn
|
|-weather|SunnyDay|[upkeep]
|-damage|p2a: Walking Wake|21/100 psn|[from] psn
|upkeep
|turn|8
|
|t:|1776309791
|move|p2a: Walking Wake|Flip Turn|p1a: Mithridates
|-damage|p1a: Mithridates|93/100
|
|t:|1776309793
|-end|p2a: Walking Wake|Protosynthesis|[silent]
|switch|p2a: Kingambit|Kingambit, M|100/100|[from] Flip Turn
|-item|p2a: Kingambit|Air Balloon
|move|p1a: Mithridates|Sludge Bomb|p2a: Kingambit
|-immune|p2a: Kingambit
|
|-weather|none
|upkeep
|turn|9
|
|t:|1776309802
|switch|p1a: Charybdis|Alomomola, F, shiny|100/100
|move|p2a: Kingambit|Kowtow Cleave|p1a: Charybdis
|-damage|p1a: Charybdis|72/100
|-damage|p2a: Kingambit|84/100|[from] item: Rocky Helmet|[of] p1a: Charybdis
|
|upkeep
|turn|10
|
|t:|1776309808
|-end|p2a: Kingambit|fallenundefined|[silent]
|switch|p2a: Ninetales|Ninetales, F|100/100
|-weather|SunnyDay|[from] ability: Drought|[of] p2a: Ninetales
|move|p1a: Charybdis|Scald|p2a: Ninetales
|-supereffective|p2a: Ninetales
|-damage|p2a: Ninetales|88/100
|
|-weather|SunnyDay|[upkeep]
|upkeep
|turn|11
|
|t:|1776309833
|switch|p1a: Vulcanus|Heatran, F, shiny|100/100
|move|p2a: Ninetales|Will-O-Wisp|p1a: Vulcanus
|-start|p1a: Vulcanus|ability: Flash Fire
|
|-weather|SunnyDay|[upkeep]
|upkeep
|turn|12
|
|t:|1776309845
|move|p2a: Ninetales|Healing Wish|p2a: Ninetales
|faint|p2a: Ninetales
|move|p1a: Vulcanus|Overheat|p2: Ninetales|[notarget]
|-fail|p1a: Vulcanus
|
|-weather|SunnyDay|[upkeep]
|upkeep
|
|t:|1776309849
|switch|p2a: Walking Wake|Walking Wake|21/100 psn
|-heal|p2a: Walking Wake|100/100|[from] move: Healing Wish
|-activate|p2a: Walking Wake|ability: Protosynthesis
|-start|p2a: Walking Wake|protosynthesisspe
|turn|13
|
|t:|1776309865
|-end|p1a: Vulcanus|ability: Flash Fire|[silent]
|switch|p1a: Mithridates|Slowking-Galar, F|100/100
|move|p2a: Walking Wake|Hydro Steam|p1a: Mithridates
|-damage|p1a: Mithridates|69/100
|
|-weather|SunnyDay|[upkeep]
|upkeep
|turn|14
|
|t:|1776309871
|move|p2a: Walking Wake|Draco Meteor|p1a: Mithridates
|-damage|p1a: Mithridates|32/100
|-unboost|p2a: Walking Wake|spa|2
|move|p1a: Mithridates|Sludge Bomb|p2a: Walking Wake
|-damage|p2a: Walking Wake|54/100
|
|-weather|SunnyDay|[upkeep]
|upkeep
|turn|15
|
|t:|1776309880
|move|p2a: Walking Wake|Flip Turn|p1a: Mithridates
|-damage|p1a: Mithridates|23/100
|
|t:|1776309882
|-end|p2a: Walking Wake|Protosynthesis|[silent]
|switch|p2a: Kingambit|Kingambit, M|84/100|[from] Flip Turn
|-activate|p2a: Kingambit|ability: Supreme Overlord
|-start|p2a: Kingambit|fallen1|[silent]
|-item|p2a: Kingambit|Air Balloon
|move|p1a: Mithridates|Sludge Bomb|p2a: Kingambit
|-immune|p2a: Kingambit
|
|-weather|SunnyDay|[upkeep]
|upkeep
|turn|16
|
|t:|1776309891
|switch|p1a: Charybdis|Alomomola, F, shiny|100/100
|move|p2a: Kingambit|Swords Dance|p2a: Kingambit
|-boost|p2a: Kingambit|atk|2
|
|-weather|SunnyDay|[upkeep]
|upkeep
|turn|17
|
|t:|1776309897
|move|p2a: Kingambit|Kowtow Cleave|p1a: Charybdis
|-damage|p1a: Charybdis|42/100
|-damage|p2a: Kingambit|68/100|[from] item: Rocky Helmet|[of] p1a: Charybdis
|move|p1a: Charybdis|Scald|p2a: Kingambit
|-damage|p2a: Kingambit|60/100
|-status|p2a: Kingambit|brn
|-enditem|p2a: Kingambit|Air Balloon
|
|-weather|none
|-damage|p2a: Kingambit|54/100 brn|[from] brn
|upkeep
|turn|18
|
|t:|1776309911
|move|p2a: Kingambit|Kowtow Cleave|p1a: Charybdis
|-damage|p1a: Charybdis|15/100
|-damage|p2a: Kingambit|38/100 brn|[from] item: Rocky Helmet|[of] p1a: Charybdis
|move|p1a: Charybdis|Wish|p1a: Charybdis
|
|-damage|p2a: Kingambit|32/100 brn|[from] brn
|upkeep
|turn|19
|
|t:|1776309922
|switch|p1a: Mahad|Meowscarada, M, shiny|84/100
|move|p2a: Kingambit|Swords Dance|p2a: Kingambit
|-boost|p2a: Kingambit|atk|2
|
|-heal|p1a: Mahad|100/100|[from] move: Wish|[wisher] Charybdis
|-damage|p2a: Kingambit|25/100 brn|[from] brn
|upkeep
|turn|20
|
|t:|1776309930
|move|p2a: Kingambit|Sucker Punch|p1a: Mahad
|-resisted|p1a: Mahad
|-damage|p1a: Mahad|46/100
|move|p1a: Mahad|U-turn|p2a: Kingambit
|-start|p1a: Mahad|typechange|Bug|[from] ability: Protean
|-damage|p2a: Kingambit|0 fnt
|faint|p2a: Kingambit
|-end|p2a: Kingambit|fallen1|[silent]
|
|t:|1776309940
|switch|p1a: Charybdis|Alomomola, F, shiny|48/100|[from] U-turn
|
|upkeep
|
|t:|1776309942
|switch|p2a: Thundurus|Thundurus-Therian, M|100/100
|turn|21
|
|t:|1776309953
|switch|p1a: Mithridates|Slowking-Galar, F|57/100
|move|p2a: Thundurus|Thunderbolt|p1a: Mithridates
|-damage|p1a: Mithridates|32/100
|
|upkeep
|turn|22
|
|t:|1776309964
|move|p2a: Thundurus|Thunderbolt|p1a: Mithridates
|-damage|p1a: Mithridates|8/100
|-status|p1a: Mithridates|par
|move|p1a: Mithridates|Future Sight|p2a: Thundurus
|-start|p1a: Mithridates|move: Future Sight
|
|upkeep
|turn|23
|
|t:|1776309972
|switch|p1a: Mahad|Meowscarada, M, shiny|46/100
|move|p2a: Thundurus|Thunderbolt|p1a: Mahad
|-resisted|p1a: Mahad
|-damage|p1a: Mahad|9/100
|
|upkeep
|turn|24
|
|t:|1776309978
|switch|p2a: Great Tusk|Great Tusk|21/100
|move|p1a: Mahad|Triple Axel|p2a: Great Tusk
|-start|p1a: Mahad|typechange|Ice|[from] ability: Protean
|-supereffective|p2a: Great Tusk
|-damage|p2a: Great Tusk|9/100
|-damage|p1a: Mahad|0 fnt|[from] item: Rocky Helmet|[of] p2a: Great Tusk
|faint|p1a: Mahad
|-hitcount|p2a: Great Tusk|1
|
|-end|p2a: Great Tusk|move: Future Sight
|-supereffective|p2a: Great Tusk
|-damage|p2a: Great Tusk|0 fnt
|faint|p2a: Great Tusk
|-end|p2a: Great Tusk|Protosynthesis|[silent]
|upkeep
|inactive|Battle timer is ON: inactive players will automatically lose when time's up. (requested by hat40)
|
|t:|1776310008
|switch|p1a: Charybdis|Alomomola, F, shiny|82/100
|switch|p2a: Thundurus|Thundurus-Therian, M|100/100
|turn|25
|
|t:|1776310022
|switch|p1a: Vulcanus|Heatran, F, shiny|100/100
|move|p2a: Thundurus|Thunderbolt|p1a: Vulcanus
|-damage|p1a: Vulcanus|50/100
|
|upkeep
|turn|26
|
|t:|1776310030
|switch|p1a: Mithridates|Slowking-Galar, F|41/100 par
|move|p2a: Thundurus|Thunderbolt|p1a: Mithridates
|-damage|p1a: Mithridates|14/100 par
|
|upkeep
|turn|27
|
|t:|1776310047
|switch|p1a: Charybdis|Alomomola, F, shiny|100/100
|move|p2a: Thundurus|Thunderbolt|p1a: Charybdis
|-supereffective|p1a: Charybdis
|-damage|p1a: Charybdis|0 fnt
|faint|p1a: Charybdis
|
|upkeep
|
|t:|1776310053
|switch|p1a: Pallas|Iron Valiant, shiny|100/100
|-enditem|p1a: Pallas|Booster Energy
|-activate|p1a: Pallas|ability: Quark Drive|[fromitem]
|-start|p1a: Pallas|quarkdrivespe
|turn|28
|
|t:|1776310059
|move|p1a: Pallas|Knock Off|p2a: Thundurus
|-damage|p2a: Thundurus|55/100
|-enditem|p2a: Thundurus|Choice Scarf|[from] move: Knock Off|[of] p1a: Pallas
|move|p2a: Thundurus|Thunderbolt|p1a: Pallas
|-damage|p1a: Pallas|7/100
|
|upkeep
|turn|29
|
|t:|1776310067
|move|p1a: Pallas|Moonblast|p2a: Thundurus
|-damage|p2a: Thundurus|0 fnt
|faint|p2a: Thundurus
|
|upkeep
|
|t:|1776310083
|switch|p2a: Walking Wake|Walking Wake|54/100
|turn|30
|
|t:|1776310092
|-terastallize|p2a: Walking Wake|Ghost
|move|p1a: Pallas|Moonblast|p2a: Walking Wake
|-damage|p2a: Walking Wake|0 fnt
|faint|p2a: Walking Wake
|-end|p2a: Walking Wake|Protosynthesis|[silent]
|
|upkeep
|-message|hat40 forfeited.
|
|win|magistermilitum420
|raw|magistermilitum420's rating: 1354 &rarr; <strong>1373</strong><br />(+19 for winning)
|raw|hat40's rating: 1343 &rarr; <strong>1324</strong><br />(-19 for losing)
|l|☆hat40
|player|p2|
