|html|<div class="broadcast-blue"><strong>[Gen 9] OU is currently suspecting Tera Blast! For information on how to participate check out the <a href="https://www.smogon.com/tools/suspects/view/200">suspect thread</a>.</strong></div>
|j|☆dangticoon
|j|☆DonovanIsNotHere
|t:|1776137203
|gametype|singles
|player|p1|dangticoon|benga|1389
|player|p2|DonovanIsNotHere|1|1426
|gen|9
|tier|[Gen 9] OU
|rated|
|rule|HP Percentage Mod: HP is shown in percentages
|rule|Endless Battle Clause: Forcing endless battles is banned
|rule|Species Clause: Limit one of each Pokémon
|rule|OHKO Clause: OHKO moves are banned
|rule|Evasion Items Clause: Evasion items are banned
|rule|Evasion Moves Clause: Evasion moves are banned
|rule|Evasion Abilities Clause: Evasion abilities are banned
|rule|Sleep Moves Clause: Sleep-inducing moves are banned
|clearpoke
|poke|p1|Blissey, F|
|poke|p1|Alomomola, M|
|poke|p1|Samurott-Hisui, F|
|poke|p1|Great Tusk|
|poke|p1|Corviknight, M|
|poke|p1|Hoopa-Unbound|
|poke|p2|Venusaur, F|
|poke|p2|Magnezone|
|poke|p2|Moltres|
|poke|p2|Ogerpon-Wellspring, F|
|poke|p2|Clefable, F|
|poke|p2|Pecharunt|
|teampreview
|inactive|Battle timer is ON: inactive players will automatically lose when time's up. (requested by dangticoon)
|
|t:|1776137210
|teamsize|p1|6
|teamsize|p2|6
|start
|switch|p1a: Samurott|Samurott-Hisui, F|100/100
|switch|p2a: Ogerpon|Ogerpon-Wellspring, F|100/100
|turn|1
|
|t:|1776137229
|switch|p1a: Corviknight|Corviknight, M|100/100
|-ability|p1a: Corviknight|Pressure
|move|p2a: Ogerpon|U-turn|p1a: Corviknight
|-resisted|p1a: Corviknight
|-damage|p1a: Corviknight|96/100
|
|t:|1776137231
|switch|p2a: Bird Trap|Magnezone|100/100|[from] U-turn
|
|upkeep
|turn|2
|
|t:|1776137240
|-terastallize|p1a: Corviknight|Fighting
|move|p2a: Bird Trap|Thunderbolt|p1a: Corviknight
|-damage|p1a: Corviknight|28/100
|move|p1a: Corviknight|Body Press|p2a: Bird Trap
|-supereffective|p2a: Bird Trap
|-crit|p2a: Bird Trap
|-damage|p2a: Bird Trap|0 fnt
|faint|p2a: Bird Trap
|
|upkeep
|
|t:|1776137257
|switch|p2a: Dog Trap|Moltres|100/100
|turn|3
|
|t:|1776137263
|switch|p1a: Hoopa|Hoopa-Unbound|100/100
|move|p2a: Dog Trap|U-turn|p1a: Hoopa
|-supereffective|p1a: Hoopa
|-crit|p1a: Hoopa
|-damage|p1a: Hoopa|0 fnt
|faint|p1a: Hoopa
|inactive|DonovanIsNotHere has 120 seconds left.
|
|t:|1776137313
|switch|p2a: Ogerpon|Ogerpon-Wellspring, F|100/100|[from] U-turn
|
|upkeep
|
|t:|1776137324
|switch|p1a: Alomomola|Alomomola, M|100/100
|turn|4
|inactive|DonovanIsNotHere has 120 seconds left.
|
|t:|1776137348
|move|p2a: Ogerpon|Spikes|p1a: Alomomola
|-sidestart|p1: dangticoon|Spikes
|move|p1a: Alomomola|Wish|p1a: Alomomola
|
|upkeep
|turn|5
|
|t:|1776137377
|switch|p1a: Corviknight|Corviknight, M, tera:Fighting|28/100
|-ability|p1a: Corviknight|Pressure
|move|p2a: Ogerpon|Knock Off|p1a: Corviknight
|-resisted|p1a: Corviknight
|-damage|p1a: Corviknight|17/100
|-enditem|p1a: Corviknight|Heavy-Duty Boots|[from] move: Knock Off|[of] p2a: Ogerpon
|
|-heal|p1a: Corviknight|83/100|[from] move: Wish|[wisher] Alomomola
|upkeep
|turn|6
|inactive|DonovanIsNotHere has 120 seconds left.
|
|t:|1776137394
|move|p2a: Ogerpon|U-turn|p1a: Corviknight
|-resisted|p1a: Corviknight
|-damage|p1a: Corviknight|75/100
|
|t:|1776137395
|switch|p2a: Dog Trap|Moltres|100/100|[from] U-turn
|move|p1a: Corviknight|U-turn|p2a: Dog Trap
|-resisted|p2a: Dog Trap
|-damage|p2a: Dog Trap|98/100
|-status|p1a: Corviknight|brn|[from] ability: Flame Body|[of] p2a: Dog Trap
|
|t:|1776137403
|switch|p1a: Samurott|Samurott-Hisui, F|100/100|[from] U-turn
|-damage|p1a: Samurott|88/100|[from] Spikes
|
|upkeep
|turn|7
|
|t:|1776137416
|move|p1a: Samurott|Ceaseless Edge|p2a: Dog Trap
|-damage|p2a: Dog Trap|45/100
|-sidestart|p2: DonovanIsNotHere|Spikes
|move|p2a: Dog Trap|U-turn|p1a: Samurott
|-supereffective|p1a: Samurott
|-damage|p1a: Samurott|54/100
|
|t:|1776137420
|switch|p2a: Ogerpon|Ogerpon-Wellspring, F|100/100|[from] U-turn
|-damage|p2a: Ogerpon|88/100|[from] Spikes
|
|upkeep
|turn|8
|
|t:|1776137426
|switch|p1a: Corviknight|Corviknight, M, tera:Fighting|75/100 brn
|-damage|p1a: Corviknight|63/100 brn|[from] Spikes
|-ability|p1a: Corviknight|Pressure
|move|p2a: Ogerpon|U-turn|p1a: Corviknight
|-resisted|p1a: Corviknight
|-damage|p1a: Corviknight|54/100 brn
|
|t:|1776137432
|switch|p2a: Dog Trap|Moltres|45/100|[from] U-turn
|
|-damage|p1a: Corviknight|48/100 brn|[from] brn
|upkeep
|turn|9
|
|t:|1776137442
|switch|p1a: Alomomola|Alomomola, M|100/100
|move|p2a: Dog Trap|Roost|p2a: Dog Trap
|-heal|p2a: Dog Trap|95/100
|-singleturn|p2a: Dog Trap|move: Roost
|
|upkeep
|turn|10
|
|t:|1776137453
|move|p2a: Dog Trap|U-turn|p1a: Alomomola
|-damage|p1a: Alomomola|92/100
|
|t:|1776137454
|switch|p2a: Ogerpon|Ogerpon-Wellspring, F|88/100|[from] U-turn
|-damage|p2a: Ogerpon|76/100|[from] Spikes
|move|p1a: Alomomola|Wish|p1a: Alomomola
|
|upkeep
|turn|11
|
|t:|1776137459
|switch|p1a: Corviknight|Corviknight, M, tera:Fighting|48/100 brn
|-damage|p1a: Corviknight|36/100 brn|[from] Spikes
|-ability|p1a: Corviknight|Pressure
|move|p2a: Ogerpon|U-turn|p1a: Corviknight
|-resisted|p1a: Corviknight
|-damage|p1a: Corviknight|28/100 brn
|
|t:|1776137461
|switch|p2a: Dog Trap|Moltres|95/100|[from] U-turn
|
|-heal|p1a: Corviknight|95/100 brn|[from] move: Wish|[wisher] Alomomola
|-damage|p1a: Corviknight|89/100 brn|[from] brn
|upkeep
|turn|12
|
|t:|1776137475
|switch|p1a: Alomomola|Alomomola, M|100/100
|move|p2a: Dog Trap|Hurricane|p1a: Alomomola
|-damage|p1a: Alomomola|45/100
|
|upkeep
|turn|13
|
|t:|1776137488
|move|p1a: Alomomola|Protect|p1a: Alomomola
|-singleturn|p1a: Alomomola|Protect
|move|p2a: Dog Trap|U-turn|p1a: Alomomola
|-activate|p1a: Alomomola|move: Protect
|
|upkeep
|turn|14
|
|t:|1776137494
|switch|p1a: Blissey|Blissey, F|100/100
|-damage|p1a: Blissey|88/100|[from] Spikes
|move|p2a: Dog Trap|Hurricane|p1a: Blissey
|-damage|p1a: Blissey|75/100
|-start|p1a: Blissey|confusion
|
|-heal|p1a: Blissey|81/100|[from] item: Leftovers
|upkeep
|turn|15
|
|t:|1776137500
|move|p2a: Dog Trap|U-turn|p1a: Blissey
|-damage|p1a: Blissey|51/100
|
|t:|1776137502
|switch|p2a: Ogerpon|Ogerpon-Wellspring, F|76/100|[from] U-turn
|-damage|p2a: Ogerpon|64/100|[from] Spikes
|-activate|p1a: Blissey|confusion
|move|p1a: Blissey|Seismic Toss|p2a: Ogerpon
|-damage|p2a: Ogerpon|30/100
|
|-heal|p1a: Blissey|57/100|[from] item: Leftovers
|upkeep
|turn|16
|
|t:|1776137510
|switch|p1a: Corviknight|Corviknight, M, tera:Fighting|89/100 brn
|-damage|p1a: Corviknight|77/100 brn|[from] Spikes
|-ability|p1a: Corviknight|Pressure
|move|p2a: Ogerpon|Knock Off|p1a: Corviknight
|-resisted|p1a: Corviknight
|-damage|p1a: Corviknight|69/100 brn
|
|-damage|p1a: Corviknight|63/100 brn|[from] brn
|upkeep
|turn|17
|
|t:|1776137520
|move|p2a: Ogerpon|U-turn|p1a: Corviknight
|-resisted|p1a: Corviknight
|-damage|p1a: Corviknight|55/100 brn
|
|t:|1776137522
|switch|p2a: Clefable|Clefable, F|100/100|[from] U-turn
|move|p1a: Corviknight|U-turn|p2a: Clefable
|-resisted|p2a: Clefable
|-damage|p2a: Clefable|97/100
|-damage|p1a: Corviknight|39/100 brn|[from] item: Rocky Helmet|[of] p2a: Clefable
|
|t:|1776137530
|switch|p1a: Samurott|Samurott-Hisui, F|54/100|[from] U-turn
|-damage|p1a: Samurott|41/100|[from] Spikes
|
|upkeep
|turn|18
|inactive|dangticoon has 120 seconds left.
|
|t:|1776137576
|switch|p1a: Alomomola|Alomomola, M|79/100
|move|p2a: Clefable|Moonblast|p1a: Alomomola
|-damage|p1a: Alomomola|43/100
|
|upkeep
|turn|19
|
|t:|1776137587
|move|p2a: Clefable|Stealth Rock|p1a: Alomomola
|-sidestart|p1: dangticoon|move: Stealth Rock
|move|p1a: Alomomola|Wish|p1a: Alomomola
|
|upkeep
|turn|20
|
|t:|1776137594
|move|p1a: Alomomola|Protect|p1a: Alomomola
|-singleturn|p1a: Alomomola|Protect
|move|p2a: Clefable|Thunder Wave|p1a: Alomomola
|-activate|p1a: Alomomola|move: Protect
|
|-heal|p1a: Alomomola|93/100|[from] move: Wish|[wisher] Alomomola
|upkeep
|turn|21
|-message|dangticoon forfeited.
|
|win|DonovanIsNotHere
|raw|dangticoon's rating: 1389 &rarr; <strong>1372</strong><br />(-17 for losing)
|raw|DonovanIsNotHere's rating: 1447 &rarr; <strong>1464</strong><br />(+17 for winning)
|l|☆dangticoon
|player|p1|
