|html|<div class="broadcast-blue"><strong>[Gen 9] OU is currently suspecting Tera Blast! For information on how to participate check out the <a href="https://www.smogon.com/tools/suspects/view/200">suspect thread</a>.</strong></div>
|j|☆tvpintar
|j|☆The Quaggie Boys
|t:|1776134431
|gametype|singles
|player|p1|tvpintar|veteran|1123
|player|p2|The Quaggie Boys|ingo|1102
|gen|9
|tier|[Gen 9] OU
|rated|
|rule|HP Percentage Mod: HP is shown in percentages
|rule|Endless Battle Clause: Forcing endless battles is banned
|rule|Species Clause: Limit one of each Pokémon
|rule|OHKO Clause: OHKO moves are banned
|rule|Evasion Items Clause: Evasion items are banned
|rule|Evasion Moves Clause: Evasion moves are banned
|rule|Evasion Abilities Clause: Evasion abilities are banned
|rule|Sleep Moves Clause: Sleep-inducing moves are banned
|clearpoke
|poke|p1|Zamazenta-*|
|poke|p1|Kingambit, F|
|poke|p1|Great Tusk|
|poke|p1|Gholdengo|
|poke|p1|Dragapult, F|
|poke|p1|Ting-Lu|
|poke|p2|Quagsire, F|
|poke|p2|Camerupt, F|
|poke|p2|Hatterene, F|
|poke|p2|Hoopa-Unbound|
|poke|p2|Diancie|
|poke|p2|Necrozma|
|teampreview
|inactive|Battle timer is ON: inactive players will automatically lose when time's up. (requested by The Quaggie Boys)
|
|t:|1776134450
|teamsize|p1|6
|teamsize|p2|6
|start
|switch|p1a: Ting-Lu|Ting-Lu|100/100
|switch|p2a: Hatterene|Hatterene, F|100/100
|-ability|p1a: Ting-Lu|Vessel of Ruin
|turn|1
|
|t:|1776134457
|move|p1a: Ting-Lu|Spikes|p2a: Hatterene
|move|p2a: Hatterene|Spikes|p1a: Ting-Lu|[from] ability: Magic Bounce
|-sidestart|p1: tvpintar|Spikes
|move|p2a: Hatterene|Draining Kiss|p1a: Ting-Lu
|-supereffective|p1a: Ting-Lu
|-damage|p1a: Ting-Lu|70/100
|-damage|p2a: Hatterene|91/100|[from] item: Life Orb
|
|-heal|p1a: Ting-Lu|76/100|[from] item: Leftovers
|upkeep
|turn|2
|
|t:|1776134468
|move|p1a: Ting-Lu|Ruination|p2a: Hatterene
|-damage|p2a: Hatterene|46/100
|move|p2a: Hatterene|Trick Room|p2a: Hatterene
|-fieldstart|move: Trick Room|[of] p2a: Hatterene
|
|-heal|p1a: Ting-Lu|83/100|[from] item: Leftovers
|upkeep
|turn|3
|
|t:|1776134476
|move|p2a: Hatterene|Draining Kiss|p1a: Ting-Lu
|-supereffective|p1a: Ting-Lu
|-damage|p1a: Ting-Lu|50/100
|-heal|p2a: Hatterene|85/100|[from] drain|[of] p1a: Ting-Lu
|-damage|p2a: Hatterene|75/100|[from] item: Life Orb
|move|p1a: Ting-Lu|Ruination|p2a: Hatterene
|-damage|p2a: Hatterene|38/100
|
|-heal|p1a: Ting-Lu|57/100|[from] item: Leftovers
|upkeep
|turn|4
|
|t:|1776134489
|move|p2a: Hatterene|Draining Kiss|p1a: Ting-Lu
|-supereffective|p1a: Ting-Lu
|-damage|p1a: Ting-Lu|26/100
|-heal|p2a: Hatterene|75/100|[from] drain|[of] p1a: Ting-Lu
|-damage|p2a: Hatterene|65/100|[from] item: Life Orb
|move|p1a: Ting-Lu|Ruination|p2a: Hatterene
|-damage|p2a: Hatterene|33/100
|
|-heal|p1a: Ting-Lu|32/100|[from] item: Leftovers
|upkeep
|turn|5
|
|t:|1776134506
|switch|p1a: Kingambit|Kingambit, F|100/100
|-damage|p1a: Kingambit|88/100|[from] Spikes
|move|p2a: Hatterene|Draining Kiss|p1a: Kingambit
|-damage|p1a: Kingambit|50/100
|-heal|p2a: Hatterene|68/100|[from] drain|[of] p1a: Kingambit
|-damage|p2a: Hatterene|58/100|[from] item: Life Orb
|
|upkeep
|turn|6
|
|t:|1776134520
|move|p1a: Kingambit|Sucker Punch|p2a: Hatterene
|-damage|p2a: Hatterene|14/100
|move|p2a: Hatterene|Mystical Fire|p1a: Kingambit
|-supereffective|p1a: Kingambit
|-damage|p1a: Kingambit|0 fnt
|faint|p1a: Kingambit
|-end|p1a: Kingambit|fallenundefined|[silent]
|-damage|p2a: Hatterene|4/100|[from] item: Life Orb
|
|-fieldend|move: Trick Room
|upkeep
|
|t:|1776134529
|switch|p1a: Dragapult|Dragapult, F|100/100
|-damage|p1a: Dragapult|88/100|[from] Spikes
|turn|7
|
|t:|1776134535
|move|p1a: Dragapult|U-turn|p2a: Hatterene
|-damage|p2a: Hatterene|0 fnt
|faint|p2a: Hatterene
|
|t:|1776134544
|switch|p1a: Zamazenta|Zamazenta|100/100|[from] U-turn
|-damage|p1a: Zamazenta|88/100|[from] Spikes
|-ability|p1a: Zamazenta|Dauntless Shield|boost
|-boost|p1a: Zamazenta|def|1
|
|-heal|p1a: Zamazenta|94/100|[from] item: Leftovers
|upkeep
|
|t:|1776134564
|switch|p2a: Necrozma|Necrozma|100/100
|turn|8
|
|t:|1776134591
|move|p1a: Zamazenta|Substitute|p1a: Zamazenta
|-start|p1a: Zamazenta|Substitute
|-damage|p1a: Zamazenta|69/100
|move|p2a: Necrozma|Trick Room|p2a: Necrozma
|-fieldstart|move: Trick Room|[of] p2a: Necrozma
|
|-heal|p1a: Zamazenta|75/100|[from] item: Leftovers
|upkeep
|turn|9
|
|t:|1776134599
|move|p2a: Necrozma|Photon Geyser|p1a: Zamazenta
|-supereffective|p1a: Zamazenta
|-end|p1a: Zamazenta|Substitute
|move|p1a: Zamazenta|Iron Defense|p1a: Zamazenta
|-boost|p1a: Zamazenta|def|2
|
|-heal|p1a: Zamazenta|82/100|[from] item: Leftovers
|upkeep
|turn|10
|
|t:|1776134609
|move|p2a: Necrozma|Photon Geyser|p1a: Zamazenta
|-supereffective|p1a: Zamazenta
|-damage|p1a: Zamazenta|0 fnt
|faint|p1a: Zamazenta
|
|upkeep
|
|t:|1776134616
|switch|p1a: Gholdengo|Gholdengo|100/100
|-item|p1a: Gholdengo|Air Balloon
|turn|11
|
|t:|1776134625
|move|p2a: Necrozma|Heat Wave|p1a: Gholdengo
|-supereffective|p1a: Gholdengo
|-damage|p1a: Gholdengo|18/100
|-enditem|p1a: Gholdengo|Air Balloon
|move|p1a: Gholdengo|Make It Rain|p2a: Necrozma
|-damage|p2a: Necrozma|45/100
|-unboost|p1a: Gholdengo|spa|1
|
|upkeep
|turn|12
|
|t:|1776134639
|switch|p1a: Dragapult|Dragapult, F|88/100
|-damage|p1a: Dragapult|76/100|[from] Spikes
|move|p2a: Necrozma|Meteor Beam||[still]
|-prepare|p2a: Necrozma|Meteor Beam
|-boost|p2a: Necrozma|spa|1
|-enditem|p2a: Necrozma|Power Herb
|-anim|p2a: Necrozma|Meteor Beam|p1a: Dragapult
|-damage|p1a: Dragapult|0 fnt
|faint|p1a: Dragapult
|
|-fieldend|move: Trick Room
|upkeep
|
|t:|1776134651
|switch|p1a: Great Tusk|Great Tusk|100/100
|-damage|p1a: Great Tusk|88/100|[from] Spikes
|turn|13
|
|t:|1776134658
|move|p1a: Great Tusk|Knock Off|p2a: Necrozma
|-supereffective|p2a: Necrozma
|-damage|p2a: Necrozma|22/100
|move|p2a: Necrozma|Trick Room|p2a: Necrozma
|-fieldstart|move: Trick Room|[of] p2a: Necrozma
|
|upkeep
|turn|14
|
|t:|1776134664
|move|p2a: Necrozma|Photon Geyser|p1a: Great Tusk
|-supereffective|p1a: Great Tusk
|-damage|p1a: Great Tusk|0 fnt
|faint|p1a: Great Tusk
|-end|p1a: Great Tusk|Protosynthesis|[silent]
|
|upkeep
|c|☆The Quaggie Boys|gg
|
|t:|1776134673
|switch|p1a: Ting-Lu|Ting-Lu|32/100
|-damage|p1a: Ting-Lu|20/100|[from] Spikes
|-ability|p1a: Ting-Lu|Vessel of Ruin
|turn|15
|
|t:|1776134680
|move|p1a: Ting-Lu|Ruination|p2a: Necrozma
|-damage|p2a: Necrozma|11/100
|move|p2a: Necrozma|Heat Wave|p1a: Ting-Lu
|-crit|p1a: Ting-Lu
|-damage|p1a: Ting-Lu|0 fnt
|faint|p1a: Ting-Lu
|
|upkeep
|-message|tvpintar forfeited.
|
|win|The Quaggie Boys
|raw|tvpintar's rating: 1123 &rarr; <strong>1096</strong><br />(-27 for losing)
|raw|The Quaggie Boys's rating: 1102 &rarr; <strong>1129</strong><br />(+27 for winning)
|l|☆tvpintar
|player|p1|
