|html|<div class="broadcast-blue"><strong>[Gen 9] OU is currently suspecting Volcarona! For information on how to participate check out the <a href="https://www.smogon.com/tools/suspects/view/208">suspect thread</a>.</strong></div>
|j|☆shurikenerf
|j|☆ikigai road 34
|t:|1778496404
|gametype|singles
|player|p1|shurikenerf|265|1265
|player|p2|ikigai road 34|2|1268
|gen|9
|tier|[Gen 9] OU
|rated|
|rule|HP Percentage Mod: HP is shown in percentages
|rule|Endless Battle Clause: Forcing endless battles is banned
|rule|Species Clause: Limit one of each Pokémon
|rule|OHKO Clause: OHKO moves are banned
|rule|Evasion Items Clause: Evasion items are banned
|rule|Evasion Moves Clause: Evasion moves are banned
|rule|Evasion Abilities Clause: Evasion abilities are banned
|rule|Sleep Moves Clause: Sleep-inducing moves are banned
|clearpoke
|poke|p1|Volcarona, M|
|poke|p1|Iron Hands|
|poke|p1|Gengar, M|
|poke|p1|Ninetales-Alola, M|
|poke|p1|Dragonite, M|
|poke|p1|Dragapult, F|
|poke|p2|Pelipper, F|
|poke|p2|Barraskewda, M|
|poke|p2|Cinderace, M|
|poke|p2|Scizor, M|
|poke|p2|Dragalge, M|
|poke|p2|Jolteon, M|
|teampreview
|inactive|Battle timer is ON: inactive players will automatically lose when time's up. (requested by ikigai road 34)
|
|t:|1778496451
|teamsize|p1|6
|teamsize|p2|6
|start
|switch|p1a: Iron Bacon|Iron Hands, shiny|100/100
|switch|p2a: Dragalge|Dragalge, M|100/100
|turn|1
|
|t:|1778496462
|move|p1a: Iron Bacon|Ice Punch|p2a: Dragalge
|-supereffective|p2a: Dragalge
|-damage|p2a: Dragalge|44/100
|move|p2a: Dragalge|Flip Turn|p1a: Iron Bacon
|-damage|p1a: Iron Bacon|92/100
|
|t:|1778496473
|switch|p2a: Jolteon|Jolteon, M|100/100|[from] Flip Turn
|
|-status|p2a: Jolteon|brn|[from] item: Flame Orb
|upkeep
|turn|2
|
|t:|1778496480
|move|p2a: Jolteon|Volt Switch|p1a: Iron Bacon
|-resisted|p1a: Iron Bacon
|-damage|p1a: Iron Bacon|79/100
|
|t:|1778496486
|switch|p2a: Pelipper|Pelipper, F|100/100|[from] Volt Switch
|-weather|RainDance|[from] ability: Drizzle|[of] p2a: Pelipper
|move|p1a: Iron Bacon|Drain Punch|p2a: Pelipper
|-resisted|p2a: Pelipper
|-damage|p2a: Pelipper|87/100
|-heal|p1a: Iron Bacon|84/100|[from] drain|[of] p2a: Pelipper
|
|-weather|RainDance|[upkeep]
|upkeep
|turn|3
|inactive|ikigai road 34 has 120 seconds left.
|
|t:|1778496530
|-terastallize|p2a: Pelipper|Grass
|move|p2a: Pelipper|Hurricane|p1a: Iron Bacon
|-damage|p1a: Iron Bacon|61/100
|-start|p1a: Iron Bacon|confusion
|-activate|p1a: Iron Bacon|confusion
|move|p1a: Iron Bacon|Supercell Slam|p2a: Pelipper
|-resisted|p2a: Pelipper
|-damage|p2a: Pelipper|65/100
|
|-weather|RainDance|[upkeep]
|upkeep
|turn|4
|inactive|shurikenerf has 120 seconds left.
|inactive|shurikenerf has 90 seconds left.
|
|t:|1778496593
|move|p2a: Pelipper|U-turn|p1a: Iron Bacon
|-resisted|p1a: Iron Bacon
|-damage|p1a: Iron Bacon|58/100
|
|t:|1778496612
|switch|p2a: Dragalge|Dragalge, M|44/100|[from] U-turn
|-end|p1a: Iron Bacon|confusion
|move|p1a: Iron Bacon|Ice Punch|p2a: Dragalge
|-supereffective|p2a: Dragalge
|-damage|p2a: Dragalge|0 fnt
|faint|p2a: Dragalge
|
|-weather|RainDance|[upkeep]
|upkeep
|
|t:|1778496620
|switch|p2a: rock lee|Barraskewda, M|100/100
|turn|5
|inactive|shurikenerf has 90 seconds left.
|
|t:|1778496650
|move|p2a: rock lee|Liquidation|p1a: Iron Bacon
|-damage|p1a: Iron Bacon|0 fnt
|faint|p1a: Iron Bacon
|-end|p1a: Iron Bacon|Quark Drive|[silent]
|-damage|p2a: rock lee|91/100|[from] item: Life Orb
|
|-weather|RainDance|[upkeep]
|upkeep
|
|t:|1778496653
|switch|p1a: Genghis God|Gengar, M, shiny|100/100
|turn|6
|inactive|ikigai road 34 has 120 seconds left.
|inactive|ikigai road 34 has 90 seconds left.
|
|t:|1778496698
|move|p2a: rock lee|Flip Turn|p1a: Genghis God
|-enditem|p1a: Genghis God|Focus Sash
|-damage|p1a: Genghis God|1/100
|-damage|p2a: rock lee|81/100|[from] item: Life Orb
|
|t:|1778496707
|switch|p2a: Cinderace|Cinderace, M|100/100|[from] Flip Turn
|move|p1a: Genghis God|Shadow Ball|p2a: Cinderace
|-damage|p2a: Cinderace|45/100
|
|-weather|RainDance|[upkeep]
|upkeep
|turn|7
|
|t:|1778496726
|move|p2a: Cinderace|U-turn|p1a: Genghis God
|-start|p2a: Cinderace|typechange|Bug|[from] ability: Libero
|-resisted|p1a: Genghis God
|-damage|p1a: Genghis God|0 fnt
|faint|p1a: Genghis God
|
|t:|1778496750
|switch|p2a: Jolteon|Jolteon, M|100/100 brn|[from] U-turn
|
|-weather|RainDance|[upkeep]
|-damage|p2a: Jolteon|95/100 brn|[from] brn
|upkeep
|inactive|shurikenerf has 90 seconds left.
|inactive|shurikenerf has 60 seconds left.
|
|t:|1778496826
|switch|p1a: Dragonite|Dragonite, M|100/100
|turn|8
|
|t:|1778496833
|move|p2a: Jolteon|Thunder|p1a: Dragonite
|-damage|p1a: Dragonite|77/100
|move|p1a: Dragonite|Dragon Dance|p1a: Dragonite
|-boost|p1a: Dragonite|atk|1
|-boost|p1a: Dragonite|spe|1
|
|-weather|RainDance|[upkeep]
|-damage|p2a: Jolteon|89/100 brn|[from] brn
|upkeep
|turn|9
|inactive|shurikenerf has 30 seconds left.
|inactive|shurikenerf has 20 seconds left.
|inactive|shurikenerf has 15 seconds left.
|inactive|shurikenerf has 10 seconds left.
|inactive|shurikenerf has 5 seconds left.
|
|t:|1778496887
|move|p1a: Dragonite|Extreme Speed|p2a: Jolteon
|-damage|p2a: Jolteon|7/100 brn
|move|p2a: Jolteon|Thunder|p1a: Dragonite
|-damage|p1a: Dragonite|24/100
|-status|p1a: Dragonite|par
|
|-weather|none
|-damage|p2a: Jolteon|1/100 brn|[from] brn
|upkeep
|turn|10
|inactive|shurikenerf has 15 seconds left this turn.
|inactive|ikigai road 34 has 90 seconds left.
|-message|shurikenerf forfeited.
|
|win|ikigai road 34
|raw|shurikenerf's rating: 1265 &rarr; <strong>1240</strong><br />(-25 for losing)
|raw|ikigai road 34's rating: 1268 &rarr; <strong>1293</strong><br />(+25 for winning)
|l|☆shurikenerf
|player|p1|
|l|☆ikigai road 34
|player|p2|
