|html|<div class="broadcast-blue"><strong>[Gen 9] OU is currently suspecting Tera Blast! For information on how to participate check out the <a href="https://www.smogon.com/tools/suspects/view/200">suspect thread</a>.</strong></div>
|j|☆ZarrHaka
|j|☆Bastibastou
|t:|1776081843
|gametype|singles
|player|p1|ZarrHaka|pokemaniac|1176
|player|p2|Bastibastou|chuck|1223
|gen|9
|tier|[Gen 9] OU
|rated|
|rule|HP Percentage Mod: HP is shown in percentages
|rule|Endless Battle Clause: Forcing endless battles is banned
|rule|Species Clause: Limit one of each Pokémon
|rule|OHKO Clause: OHKO moves are banned
|rule|Evasion Items Clause: Evasion items are banned
|rule|Evasion Moves Clause: Evasion moves are banned
|rule|Evasion Abilities Clause: Evasion abilities are banned
|rule|Sleep Moves Clause: Sleep-inducing moves are banned
|clearpoke
|poke|p1|Iron Crown|
|poke|p1|Meowscarada, F|
|poke|p1|Lycanroc-Midnight, M|
|poke|p1|Polteageist-Antique|
|poke|p1|Talonflame, F|
|poke|p1|Dragapult, M|
|poke|p2|Zamazenta-*|
|poke|p2|Slowking-Galar, F|
|poke|p2|Great Tusk|
|poke|p2|Dragapult, M|
|poke|p2|Zapdos|
|poke|p2|Kingambit, F|
|teampreview
|
|t:|1776081851
|teamsize|p1|6
|teamsize|p2|6
|start
|switch|p1a: Lycanroc|Lycanroc-Midnight, M, shiny|100/100
|switch|p2a: Great Tusk|Great Tusk|100/100
|turn|1
|
|t:|1776081870
|move|p2a: Great Tusk|Stealth Rock|p1a: Lycanroc
|-sidestart|p1: ZarrHaka|move: Stealth Rock
|move|p1a: Lycanroc|Counter||[still]
|-fail|p1a: Lycanroc
|
|upkeep
|turn|2
|
|t:|1776081877
|-terastallize|p1a: Lycanroc|Bug
|move|p2a: Great Tusk|Headlong Rush|p1a: Lycanroc
|-resisted|p1a: Lycanroc
|-damage|p1a: Lycanroc|80/100
|-unboost|p2a: Great Tusk|def|1
|-unboost|p2a: Great Tusk|spd|1
|move|p1a: Lycanroc|Bulk Up|p1a: Lycanroc
|-boost|p1a: Lycanroc|atk|1
|-boost|p1a: Lycanroc|def|1
|
|upkeep
|turn|3
|
|t:|1776081898
|move|p2a: Great Tusk|Ice Spinner|p1a: Lycanroc
|-damage|p1a: Lycanroc|68/100
|move|p1a: Lycanroc|Bulk Up|p1a: Lycanroc
|-boost|p1a: Lycanroc|atk|1
|-boost|p1a: Lycanroc|def|1
|
|upkeep
|turn|4
|
|t:|1776081903
|-end|p2a: Great Tusk|Protosynthesis|[silent]
|switch|p2a: Dragapult|Dragapult, M|100/100
|move|p1a: Lycanroc|Stone Edge|p2a: Dragapult
|-damage|p2a: Dragapult|0 fnt
|faint|p2a: Dragapult
|
|upkeep
|
|t:|1776081909
|switch|p2a: Zapdos|Zapdos|100/100
|turn|5
|
|t:|1776081913
|move|p2a: Zapdos|Hurricane|p1a: Lycanroc
|-supereffective|p1a: Lycanroc
|-damage|p1a: Lycanroc|0 fnt
|faint|p1a: Lycanroc
|
|upkeep
|
|t:|1776081917
|switch|p1a: Talonflame|Talonflame, F|100/100
|turn|6
|
|t:|1776081924
|move|p1a: Talonflame|Defog|p2a: Zapdos
|-unboost|p2a: Zapdos|evasion|1
|-sideend|p1: ZarrHaka|Stealth Rock|[from] move: Defog|[of] p1a: Talonflame
|move|p2a: Zapdos|Discharge|p1a: Talonflame
|-supereffective|p1a: Talonflame
|-damage|p1a: Talonflame|0 fnt
|faint|p1a: Talonflame
|
|upkeep
|
|t:|1776081937
|switch|p1a: Polteageist|Polteageist-Antique|100/100
|turn|7
|
|t:|1776081947
|move|p2a: Zapdos|Discharge|p1a: Polteageist
|-damage|p1a: Polteageist|78/100
|-start|p2a: Zapdos|Disable|Discharge|[from] ability: Cursed Body|[of] p1a: Polteageist
|move|p1a: Polteageist|Shadow Ball|p2a: Zapdos
|-damage|p2a: Zapdos|57/100
|
|upkeep
|turn|8
|
|t:|1776081960
|move|p2a: Zapdos|Hurricane|p1a: Polteageist
|-damage|p1a: Polteageist|50/100
|-start|p1a: Polteageist|confusion
|-activate|p1a: Polteageist|confusion
|-damage|p1a: Polteageist|42/100|[from] confusion
|
|upkeep
|turn|9
|
|t:|1776081971
|move|p2a: Zapdos|U-turn|p1a: Polteageist
|-resisted|p1a: Polteageist
|-damage|p1a: Polteageist|33/100
|
|t:|1776081975
|switch|p2a: Kingambit|Kingambit, F|100/100|[from] U-turn
|-activate|p2a: Kingambit|ability: Supreme Overlord
|-start|p2a: Kingambit|fallen1|[silent]
|-activate|p1a: Polteageist|confusion
|move|p1a: Polteageist|Shadow Ball|p2a: Kingambit
|-resisted|p2a: Kingambit
|-damage|p2a: Kingambit|74/100
|-unboost|p2a: Kingambit|spd|1
|
|-heal|p2a: Kingambit|80/100|[from] item: Leftovers
|upkeep
|turn|10
|
|t:|1776081985
|switch|p1a: Iron Crown|Iron Crown|100/100
|-enditem|p1a: Iron Crown|Booster Energy
|-activate|p1a: Iron Crown|ability: Quark Drive|[fromitem]
|-start|p1a: Iron Crown|quarkdrivedef
|move|p2a: Kingambit|Kowtow Cleave|p1a: Iron Crown
|-supereffective|p1a: Iron Crown
|-damage|p1a: Iron Crown|42/100
|
|-heal|p2a: Kingambit|86/100|[from] item: Leftovers
|upkeep
|turn|11
|
|t:|1776081997
|-end|p2a: Kingambit|fallen1|[silent]
|switch|p2a: Slowking|Slowking-Galar, F|100/100
|move|p1a: Iron Crown|Tachyon Cutter|p2a: Slowking
|-damage|p2a: Slowking|90/100
|-damage|p2a: Slowking|78/100
|-hitcount|p2a: Slowking|2
|
|upkeep
|turn|12
|
|t:|1776082005
|move|p1a: Iron Crown|Psychic|p2a: Slowking
|-damage|p2a: Slowking|58/100
|move|p2a: Slowking|Flamethrower|p1a: Iron Crown
|-supereffective|p1a: Iron Crown
|-damage|p1a: Iron Crown|0 fnt
|faint|p1a: Iron Crown
|-end|p1a: Iron Crown|Quark Drive|[silent]
|
|upkeep
|
|t:|1776082014
|switch|p1a: Meowscarada|Meowscarada, F|100/100
|turn|13
|
|t:|1776082025
|move|p1a: Meowscarada|Knock Off|p2a: Slowking
|-start|p1a: Meowscarada|typechange|Dark|[from] ability: Protean
|-supereffective|p2a: Slowking
|-damage|p2a: Slowking|0 fnt
|-enditem|p2a: Slowking|Assault Vest|[from] move: Knock Off|[of] p1a: Meowscarada
|faint|p2a: Slowking
|
|upkeep
|
|t:|1776082035
|switch|p2a: Zamazenta|Zamazenta|100/100
|-ability|p2a: Zamazenta|Dauntless Shield|boost
|-boost|p2a: Zamazenta|def|1
|turn|14
|
|t:|1776082040
|switch|p1a: Polteageist|Polteageist-Antique|33/100
|move|p2a: Zamazenta|Close Combat|p1a: Polteageist
|-immune|p1a: Polteageist
|
|upkeep
|turn|15
|
|t:|1776082046
|move|p2a: Zamazenta|Crunch|p1a: Polteageist
|-supereffective|p1a: Polteageist
|-damage|p1a: Polteageist|0 fnt
|faint|p1a: Polteageist
|
|upkeep
|
|t:|1776082052
|switch|p1a: Meowscarada|Meowscarada, F|100/100
|turn|16
|
|t:|1776082058
|move|p2a: Zamazenta|Crunch|p1a: Meowscarada
|-resisted|p1a: Meowscarada
|-crit|p1a: Meowscarada
|-damage|p1a: Meowscarada|72/100
|move|p1a: Meowscarada|Trick|p2a: Zamazenta
|-start|p1a: Meowscarada|typechange|Psychic|[from] ability: Protean
|-activate|p1a: Meowscarada|move: Trick|[of] p2a: Zamazenta
|-item|p2a: Zamazenta|Choice Band|[from] move: Trick
|-item|p1a: Meowscarada|Heavy-Duty Boots|[from] move: Trick
|
|upkeep
|turn|17
|
|t:|1776082073
|move|p2a: Zamazenta|Crunch|p1a: Meowscarada
|-supereffective|p1a: Meowscarada
|-damage|p1a: Meowscarada|0 fnt
|faint|p1a: Meowscarada
|
|upkeep
|
|t:|1776082074
|switch|p1a: Dragapult|Dragapult, M|100/100
|turn|18
|
|t:|1776082077
|move|p2a: Zamazenta|Crunch|p1a: Dragapult
|-supereffective|p1a: Dragapult
|-damage|p1a: Dragapult|0 fnt
|faint|p1a: Dragapult
|
|win|Bastibastou
|raw|ZarrHaka's rating: 1176 &rarr; <strong>1154</strong><br />(-22 for losing)
|raw|Bastibastou's rating: 1223 &rarr; <strong>1245</strong><br />(+22 for winning)
|l|☆ZarrHaka
|player|p1|
|l|☆Bastibastou
|player|p2|
