|html|<div class="broadcast-blue"><strong>[Gen 9] OU is currently suspecting Tera Blast! For information on how to participate check out the <a href="https://www.smogon.com/tools/suspects/view/200">suspect thread</a>.</strong></div>
|j|☆magistermilitum420
|j|☆beastguyv
|t:|1776103064
|gametype|singles
|player|p1|magistermilitum420|blue|1199
|player|p2|beastguyv|1|1171
|gen|9
|tier|[Gen 9] OU
|rated|
|rule|HP Percentage Mod: HP is shown in percentages
|rule|Endless Battle Clause: Forcing endless battles is banned
|rule|Species Clause: Limit one of each Pokémon
|rule|OHKO Clause: OHKO moves are banned
|rule|Evasion Items Clause: Evasion items are banned
|rule|Evasion Moves Clause: Evasion moves are banned
|rule|Evasion Abilities Clause: Evasion abilities are banned
|rule|Sleep Moves Clause: Sleep-inducing moves are banned
|clearpoke
|poke|p1|Meowscarada, M|
|poke|p1|Great Tusk|
|poke|p1|Alomomola, M|
|poke|p1|Slowking-Galar, F|
|poke|p1|Dragonite, M|
|poke|p1|Heatran, M|
|poke|p2|Zamazenta-*|
|poke|p2|Kyurem|
|poke|p2|Kingambit, F|
|poke|p2|Ceruledge, M|
|poke|p2|Walking Wake|
|poke|p2|Ogerpon-Cornerstone, F|
|teampreview
|inactive|Battle timer is ON: inactive players will automatically lose when time's up. (requested by beastguyv)
|
|t:|1776103073
|teamsize|p1|6
|teamsize|p2|6
|start
|switch|p1a: Mahad|Meowscarada, M, shiny|100/100
|switch|p2a: Kyurem|Kyurem|100/100
|-ability|p2a: Kyurem|Pressure
|turn|1
|
|t:|1776103084
|move|p1a: Mahad|U-turn|p2a: Kyurem
|-start|p1a: Mahad|typechange|Bug|[from] ability: Protean
|-damage|p2a: Kyurem|68/100
|
|t:|1776103089
|switch|p1a: Vulcanus|Heatran, M, shiny|100/100|[from] U-turn
|move|p2a: Kyurem|Dragon Dance|p2a: Kyurem
|-boost|p2a: Kyurem|atk|1
|-boost|p2a: Kyurem|spe|1
|
|upkeep
|turn|2
|
|t:|1776103099
|move|p2a: Kyurem|Scale Shot|p1a: Vulcanus
|-resisted|p1a: Vulcanus
|-damage|p1a: Vulcanus|90/100
|-resisted|p1a: Vulcanus
|-damage|p1a: Vulcanus|79/100
|-hitcount|p1a: Vulcanus|2
|-unboost|p2a: Kyurem|def|1
|-boost|p2a: Kyurem|spe|1
|move|p1a: Vulcanus|Flash Cannon|p2a: Kyurem
|-supereffective|p2a: Kyurem
|-damage|p2a: Kyurem|0 fnt
|faint|p2a: Kyurem
|
|upkeep
|
|t:|1776103110
|switch|p2a: Walking Wake|Walking Wake|100/100
|-enditem|p2a: Walking Wake|Booster Energy
|-activate|p2a: Walking Wake|ability: Protosynthesis|[fromitem]
|-start|p2a: Walking Wake|protosynthesisspa
|turn|3
|
|t:|1776103116
|switch|p1a: Mithridates|Slowking-Galar, F|100/100
|move|p2a: Walking Wake|Hydro Steam|p1a: Mithridates
|-damage|p1a: Mithridates|75/100
|
|upkeep
|turn|4
|
|t:|1776103125
|move|p2a: Walking Wake|Draco Meteor|p1a: Mithridates|[miss]
|-miss|p2a: Walking Wake|p1a: Mithridates
|move|p1a: Mithridates|Sludge Bomb|p2a: Walking Wake
|-damage|p2a: Walking Wake|48/100
|-status|p2a: Walking Wake|psn
|
|-damage|p2a: Walking Wake|36/100 psn|[from] psn
|upkeep
|turn|5
|
|t:|1776103136
|move|p2a: Walking Wake|Draco Meteor|p1a: Mithridates
|-damage|p1a: Mithridates|30/100
|-unboost|p2a: Walking Wake|spa|2
|move|p1a: Mithridates|Future Sight|p2a: Walking Wake
|-start|p1a: Mithridates|move: Future Sight
|
|-damage|p2a: Walking Wake|23/100 psn|[from] psn
|upkeep
|turn|6
|
|t:|1776103149
|switch|p1a: Charybdis|Alomomola, M, shiny|100/100
|move|p2a: Walking Wake|Draco Meteor|p1a: Charybdis
|-damage|p1a: Charybdis|53/100
|-unboost|p2a: Walking Wake|spa|2
|
|-damage|p2a: Walking Wake|11/100 psn|[from] psn
|upkeep
|turn|7
|
|t:|1776103158
|move|p2a: Walking Wake|Draco Meteor|p1a: Charybdis
|-damage|p1a: Charybdis|17/100
|-unboost|p2a: Walking Wake|spa|2
|move|p1a: Charybdis|Wish|p1a: Charybdis
|
|-end|p2a: Walking Wake|move: Future Sight
|-damage|p2a: Walking Wake|0 fnt
|faint|p2a: Walking Wake
|-end|p2a: Walking Wake|Protosynthesis|[silent]
|upkeep
|
|t:|1776103165
|switch|p2a: Ceruledge|Ceruledge, M|100/100
|turn|8
|
|t:|1776103176
|move|p2a: Ceruledge|Close Combat|p1a: Charybdis
|-damage|p1a: Charybdis|0 fnt
|-unboost|p2a: Ceruledge|def|1
|-unboost|p2a: Ceruledge|spd|1
|faint|p1a: Charybdis
|
|upkeep
|
|t:|1776103182
|switch|p1a: Mahad|Meowscarada, M, shiny|100/100
|turn|9
|
|t:|1776103192
|move|p1a: Mahad|Knock Off|p2a: Ceruledge
|-start|p1a: Mahad|typechange|Dark|[from] ability: Protean
|-supereffective|p2a: Ceruledge
|-damage|p2a: Ceruledge|0 fnt
|-enditem|p2a: Ceruledge|Weakness Policy|[from] move: Knock Off|[of] p1a: Mahad
|faint|p2a: Ceruledge
|
|upkeep
|
|t:|1776103200
|switch|p2a: Zamazenta|Zamazenta|100/100
|-ability|p2a: Zamazenta|Dauntless Shield|boost
|-boost|p2a: Zamazenta|def|1
|turn|10
|
|t:|1776103211
|switch|p1a: Mithridates|Slowking-Galar, F|63/100
|move|p2a: Zamazenta|Iron Defense|p2a: Zamazenta
|-boost|p2a: Zamazenta|def|2
|
|upkeep
|turn|11
|
|t:|1776103221
|-terastallize|p1a: Mithridates|Fairy
|move|p1a: Mithridates|Psychic Noise|p2a: Zamazenta
|-supereffective|p2a: Zamazenta
|-damage|p2a: Zamazenta|49/100
|-start|p2a: Zamazenta|move: Heal Block
|move|p2a: Zamazenta|Roar|p1a: Mithridates
|drag|p1a: Barca|Great Tusk|100/100
|
|upkeep
|turn|12
|
|t:|1776103236
|-end|p1a: Barca|Protosynthesis|[silent]
|switch|p1a: Mithridates|Slowking-Galar, F, tera:Fairy|97/100
|move|p2a: Zamazenta|Body Press|p1a: Mithridates
|-resisted|p1a: Mithridates
|-damage|p1a: Mithridates|42/100
|
|-end|p2a: Zamazenta|move: Heal Block
|upkeep
|turn|13
|
|t:|1776103250
|move|p2a: Zamazenta|Heavy Slam|p1a: Mithridates
|-supereffective|p1a: Mithridates
|-damage|p1a: Mithridates|8/100
|move|p1a: Mithridates|Psychic Noise|p2a: Zamazenta
|-supereffective|p2a: Zamazenta
|-damage|p2a: Zamazenta|0 fnt
|faint|p2a: Zamazenta
|
|upkeep
|
|t:|1776103258
|switch|p2a: Ogerpon|Ogerpon-Cornerstone, F|100/100
|turn|14
|
|t:|1776103278
|move|p2a: Ogerpon|Knock Off|p1a: Mithridates
|-resisted|p1a: Mithridates
|-damage|p1a: Mithridates|0 fnt
|-enditem|p1a: Mithridates|Assault Vest|[from] move: Knock Off|[of] p2a: Ogerpon
|faint|p1a: Mithridates
|
|upkeep
|
|t:|1776103289
|switch|p1a: Mahad|Meowscarada, M, shiny|100/100
|turn|15
|
|t:|1776103303
|move|p1a: Mahad|U-turn|p2a: Ogerpon
|-start|p1a: Mahad|typechange|Bug|[from] ability: Protean
|-supereffective|p2a: Ogerpon
|-damage|p2a: Ogerpon|21/100
|
|t:|1776103309
|switch|p1a: Vulcanus|Heatran, M, shiny|79/100|[from] U-turn
|move|p2a: Ogerpon|Ivy Cudgel|p1a: Vulcanus|[anim] Ivy Cudgel Rock
|-damage|p1a: Vulcanus|18/100
|
|upkeep
|turn|16
|inactive|magistermilitum420 has 120 seconds left.
|
|t:|1776103332
|move|p2a: Ogerpon|Ivy Cudgel|p1a: Vulcanus|[anim] Ivy Cudgel Rock
|-damage|p1a: Vulcanus|0 fnt
|faint|p1a: Vulcanus
|
|upkeep
|inactive|magistermilitum420 has 120 seconds left.
|
|t:|1776103343
|switch|p1a: Mahad|Meowscarada, M, shiny|100/100
|turn|17
|
|t:|1776103348
|move|p1a: Mahad|Knock Off|p2a: Ogerpon
|-start|p1a: Mahad|typechange|Dark|[from] ability: Protean
|-damage|p2a: Ogerpon|0 fnt
|faint|p2a: Ogerpon
|
|upkeep
|
|t:|1776103353
|switch|p2a: Kingambit|Kingambit, F|100/100
|-activate|p2a: Kingambit|ability: Supreme Overlord
|-start|p2a: Kingambit|fallen5|[silent]
|turn|18
|
|t:|1776103358
|move|p1a: Mahad|Knock Off|p2a: Kingambit
|-resisted|p2a: Kingambit
|-damage|p2a: Kingambit|81/100
|-enditem|p2a: Kingambit|Lum Berry|[from] move: Knock Off|[of] p1a: Mahad
|move|p2a: Kingambit|Low Kick|p1a: Mahad
|-supereffective|p1a: Mahad
|-damage|p1a: Mahad|0 fnt
|faint|p1a: Mahad
|
|upkeep
|
|t:|1776103365
|switch|p1a: Barca|Great Tusk|100/100
|turn|19
|
|t:|1776103375
|-terastallize|p2a: Kingambit|Dark
|move|p1a: Barca|Close Combat|p2a: Kingambit
|-supereffective|p2a: Kingambit
|-damage|p2a: Kingambit|0 fnt
|-unboost|p1a: Barca|def|1
|-unboost|p1a: Barca|spd|1
|faint|p2a: Kingambit
|-end|p2a: Kingambit|fallen5|[silent]
|
|win|magistermilitum420
|raw|magistermilitum420's rating: 1199 &rarr; <strong>1222</strong><br />(+23 for winning)
|raw|beastguyv's rating: 1171 &rarr; <strong>1148</strong><br />(-23 for losing)
|l|☆beastguyv
|player|p2|
