|html|<div class="broadcast-blue"><strong>[Gen 9] OU is currently suspecting Tera Blast! For information on how to participate check out the <a href="https://www.smogon.com/tools/suspects/view/200">suspect thread</a>.</strong></div>
|j|☆Rising Ursaring
|j|☆bean hater
|t:|1776163455
|gametype|singles
|player|p1|Rising Ursaring|burglar|1424
|player|p2|bean hater|266|1444
|gen|9
|tier|[Gen 9] OU
|rated|
|rule|HP Percentage Mod: HP is shown in percentages
|rule|Endless Battle Clause: Forcing endless battles is banned
|rule|Species Clause: Limit one of each Pokémon
|rule|OHKO Clause: OHKO moves are banned
|rule|Evasion Items Clause: Evasion items are banned
|rule|Evasion Moves Clause: Evasion moves are banned
|rule|Evasion Abilities Clause: Evasion abilities are banned
|rule|Sleep Moves Clause: Sleep-inducing moves are banned
|clearpoke
|poke|p1|Darkrai|
|poke|p1|Zamazenta-*|
|poke|p1|Salazzle, F|
|poke|p1|Weezing-Galar, F|
|poke|p1|Krookodile, F|
|poke|p1|Hatterene, F|
|poke|p2|Floatzel, M|
|poke|p2|Pelipper, M|
|poke|p2|Barraskewda, M|
|poke|p2|Raging Bolt|
|poke|p2|Iron Treads|
|poke|p2|Dragapult, M|
|teampreview
|inactive|Battle timer is ON: inactive players will automatically lose when time's up. (requested by Rising Ursaring)
|
|t:|1776163469
|teamsize|p1|6
|teamsize|p2|6
|start
|switch|p1a: Krookodile|Krookodile, F|100/100
|switch|p2a: Pelipper|Pelipper, M|100/100
|-weather|RainDance|[from] ability: Drizzle|[of] p2a: Pelipper
|turn|1
|
|t:|1776163491
|switch|p2a: Raging Bolt|Raging Bolt|100/100
|-enditem|p2a: Raging Bolt|Booster Energy
|-activate|p2a: Raging Bolt|ability: Protosynthesis|[fromitem]
|-start|p2a: Raging Bolt|protosynthesisspa
|move|p1a: Krookodile|Knock Off|p2a: Raging Bolt
|-damage|p2a: Raging Bolt|71/100
|
|-weather|RainDance|[upkeep]
|upkeep
|turn|2
|
|t:|1776163501
|switch|p1a: Hatterene|Hatterene, F|100/100
|move|p2a: Raging Bolt|Weather Ball|p1a: Hatterene
|-damage|p1a: Hatterene|29/100
|
|-weather|RainDance|[upkeep]
|-heal|p1a: Hatterene|35/100|[from] item: Leftovers
|upkeep
|turn|3
|
|t:|1776163512
|move|p2a: Raging Bolt|Thunderbolt|p1a: Hatterene
|-damage|p1a: Hatterene|0 fnt
|faint|p1a: Hatterene
|
|-weather|RainDance|[upkeep]
|upkeep
|
|t:|1776163515
|switch|p1a: Krookodile|Krookodile, F|100/100
|turn|4
|
|t:|1776163522
|move|p1a: Krookodile|Knock Off|p2a: Raging Bolt
|-damage|p2a: Raging Bolt|43/100
|move|p2a: Raging Bolt|Weather Ball|p1a: Krookodile
|-supereffective|p1a: Krookodile
|-damage|p1a: Krookodile|0 fnt
|faint|p1a: Krookodile
|
|-weather|RainDance|[upkeep]
|upkeep
|c|☆Rising Ursaring|You've just made
|c|☆Rising Ursaring|The 2
|c|☆Rising Ursaring|Dumbest moves
|c|☆Rising Ursaring|You could have made
|c|☆bean hater|why bro
|inactive|Rising Ursaring has 120 seconds left.
|c|☆Rising Ursaring|And I assumed you were a good player so predicted you making a good move or a move that makes sense
|c|☆Rising Ursaring|So they worked
|c|☆Rising Ursaring|Lol
|
|t:|1776163571
|switch|p1a: Salazzle|Salazzle, F|100/100
|turn|5
|
|t:|1776163582
|move|p1a: Salazzle|Protect|p1a: Salazzle
|-singleturn|p1a: Salazzle|Protect
|move|p2a: Raging Bolt|Weather Ball|p1a: Salazzle
|-activate|p1a: Salazzle|move: Protect
|
|-weather|RainDance|[upkeep]
|upkeep
|turn|6
|
|t:|1776163590
|move|p1a: Salazzle|Substitute|p1a: Salazzle
|-start|p1a: Salazzle|Substitute
|-damage|p1a: Salazzle|76/100
|move|p2a: Raging Bolt|Weather Ball|p1a: Salazzle
|-supereffective|p1a: Salazzle
|-end|p1a: Salazzle|Substitute
|
|-weather|RainDance|[upkeep]
|-heal|p1a: Salazzle|82/100|[from] item: Black Sludge
|upkeep
|turn|7
|
|t:|1776163595
|move|p1a: Salazzle|Protect|p1a: Salazzle
|-singleturn|p1a: Salazzle|Protect
|move|p2a: Raging Bolt|Weather Ball|p1a: Salazzle
|-activate|p1a: Salazzle|move: Protect
|
|-weather|RainDance|[upkeep]
|-heal|p1a: Salazzle|88/100|[from] item: Black Sludge
|upkeep
|turn|8
|
|t:|1776163604
|move|p1a: Salazzle|Substitute|p1a: Salazzle
|-start|p1a: Salazzle|Substitute
|-damage|p1a: Salazzle|63/100
|move|p2a: Raging Bolt|Weather Ball|p1a: Salazzle
|-supereffective|p1a: Salazzle
|-end|p1a: Salazzle|Substitute
|
|-weather|none
|-heal|p1a: Salazzle|70/100|[from] item: Black Sludge
|upkeep
|turn|9
|
|t:|1776163618
|move|p1a: Salazzle|Protect|p1a: Salazzle
|-singleturn|p1a: Salazzle|Protect
|move|p2a: Raging Bolt|Thunderbolt|p1a: Salazzle
|-activate|p1a: Salazzle|move: Protect
|
|-heal|p1a: Salazzle|76/100|[from] item: Black Sludge
|upkeep
|turn|10
|
|t:|1776163635
|-end|p2a: Raging Bolt|Protosynthesis|[silent]
|switch|p2a: Iron Treads|Iron Treads|100/100
|move|p1a: Salazzle|Toxic|p2a: Iron Treads
|-status|p2a: Iron Treads|tox
|
|-heal|p1a: Salazzle|82/100|[from] item: Black Sludge
|-damage|p2a: Iron Treads|94/100 tox|[from] psn
|upkeep
|turn|11
|
|t:|1776163639
|move|p1a: Salazzle|Protect|p1a: Salazzle
|-singleturn|p1a: Salazzle|Protect
|move|p2a: Iron Treads|Stealth Rock|p1a: Salazzle
|-sidestart|p1: Rising Ursaring|move: Stealth Rock
|
|-heal|p1a: Salazzle|88/100|[from] item: Black Sludge
|-heal|p2a: Iron Treads|100/100 tox|[from] item: Leftovers
|-damage|p2a: Iron Treads|88/100 tox|[from] psn
|upkeep
|turn|12
|
|t:|1776163668
|-end|p2a: Iron Treads|Quark Drive|[silent]
|switch|p2a: Dragapult|Dragapult, M|100/100
|move|p1a: Salazzle|Substitute|p1a: Salazzle
|-start|p1a: Salazzle|Substitute
|-damage|p1a: Salazzle|63/100
|
|-heal|p1a: Salazzle|70/100|[from] item: Black Sludge
|upkeep
|turn|13
|
|t:|1776163677
|move|p1a: Salazzle|Protect|p1a: Salazzle
|-singleturn|p1a: Salazzle|Protect
|move|p2a: Dragapult|Dragon Darts|p1a: Salazzle
|-activate|p1a: Salazzle|move: Protect
|
|-heal|p1a: Salazzle|76/100|[from] item: Black Sludge
|upkeep
|turn|14
|
|t:|1776163683
|move|p2a: Dragapult|Dragon Darts|p1a: Salazzle
|-end|p1a: Salazzle|Substitute
|-anim|p2a: Dragapult|Dragon Darts|p1a: Salazzle
|-damage|p1a: Salazzle|34/100
|-damage|p2a: Dragapult|91/100|[from] item: Life Orb
|move|p1a: Salazzle|Toxic|p2a: Dragapult
|-status|p2a: Dragapult|tox
|
|-heal|p1a: Salazzle|41/100|[from] item: Black Sludge
|-damage|p2a: Dragapult|85/100 tox|[from] psn
|upkeep
|turn|15
|
|t:|1776163694
|move|p1a: Salazzle|Protect|p1a: Salazzle
|-singleturn|p1a: Salazzle|Protect
|move|p2a: Dragapult|Dragon Darts|p1a: Salazzle
|-activate|p1a: Salazzle|move: Protect
|
|-heal|p1a: Salazzle|47/100|[from] item: Black Sludge
|-damage|p2a: Dragapult|73/100 tox|[from] psn
|upkeep
|turn|16
|
|t:|1776163697
|switch|p1a: Weezing|Weezing-Galar, F|100/100
|-ability|p1a: Weezing|Neutralizing Gas
|move|p2a: Dragapult|Dragon Darts|p1a: Weezing
|-immune|p1a: Weezing
|
|-damage|p2a: Dragapult|55/100 tox|[from] psn
|upkeep
|turn|17
|
|t:|1776163707
|switch|p2a: Pelipper|Pelipper, M|100/100
|move|p1a: Weezing|Defog|p2a: Pelipper
|-unboost|p2a: Pelipper|evasion|1
|-sideend|p1: Rising Ursaring|Stealth Rock|[from] move: Defog|[of] p1a: Weezing
|
|upkeep
|turn|18
|
|t:|1776163730
|switch|p2a: Raging Bolt|Raging Bolt|43/100
|move|p1a: Weezing|Sludge Bomb|p2a: Raging Bolt
|-damage|p2a: Raging Bolt|18/100
|
|upkeep
|turn|19
|
|t:|1776163747
|move|p2a: Raging Bolt|Thunderbolt|p1a: Weezing
|-damage|p1a: Weezing|39/100
|move|p1a: Weezing|Sludge Bomb|p2a: Raging Bolt
|-damage|p2a: Raging Bolt|0 fnt
|faint|p2a: Raging Bolt
|-end|p2a: Raging Bolt|Protosynthesis|[silent]
|
|upkeep
|
|t:|1776163751
|switch|p2a: Pelipper|Pelipper, M|100/100
|turn|20
|
|t:|1776163769
|move|p1a: Weezing|Pain Split|p2a: Pelipper
|-sethp|p2a: Pelipper|71/100|[from] move: Pain Split|[silent]
|-sethp|p1a: Weezing|68/100|[from] move: Pain Split
|move|p2a: Pelipper|Surf|p1a: Weezing
|-damage|p1a: Weezing|30/100
|
|upkeep
|turn|21
|
|t:|1776163780
|move|p1a: Weezing|Pain Split|p2a: Pelipper
|-sethp|p2a: Pelipper|50/100|[from] move: Pain Split|[silent]
|-sethp|p1a: Weezing|49/100|[from] move: Pain Split
|move|p2a: Pelipper|Hurricane|p1a: Weezing|[miss]
|-miss|p2a: Pelipper|p1a: Weezing
|
|upkeep
|turn|22
|
|t:|1776163786
|move|p1a: Weezing|Sludge Bomb|p2a: Pelipper
|-damage|p2a: Pelipper|13/100
|move|p2a: Pelipper|Hurricane|p1a: Weezing|[miss]
|-miss|p2a: Pelipper|p1a: Weezing
|
|upkeep
|turn|23
|
|t:|1776163804
|switch|p2a: Dragapult|Dragapult, M|55/100 tox
|move|p1a: Weezing|Sludge Bomb|p2a: Dragapult
|-resisted|p2a: Dragapult
|-damage|p2a: Dragapult|36/100 tox
|
|-damage|p2a: Dragapult|30/100 tox|[from] psn
|upkeep
|turn|24
|inactive|bean hater has 120 seconds left.
|
|t:|1776163819
|move|p2a: Dragapult|Shadow Ball|p1a: Weezing
|-damage|p1a: Weezing|0 fnt
|faint|p1a: Weezing
|-end|p1a: Weezing|ability: Neutralizing Gas
|-damage|p2a: Dragapult|20/100 tox|[from] item: Life Orb
|
|-damage|p2a: Dragapult|8/100 tox|[from] psn
|upkeep
|
|t:|1776163823
|switch|p1a: Salazzle|Salazzle, F|47/100
|turn|25
|
|t:|1776163837
|switch|p2a: Pelipper|Pelipper, M|13/100
|-weather|RainDance|[from] ability: Drizzle|[of] p2a: Pelipper
|move|p1a: Salazzle|Protect||[still]
|-fail|p1a: Salazzle
|
|-weather|RainDance|[upkeep]
|-heal|p1a: Salazzle|53/100|[from] item: Black Sludge
|upkeep
|turn|26
|
|t:|1776163851
|move|p1a: Salazzle|Flamethrower|p2a: Pelipper
|-resisted|p2a: Pelipper
|-damage|p2a: Pelipper|2/100
|move|p2a: Pelipper|Surf|p1a: Salazzle
|-supereffective|p1a: Salazzle
|-damage|p1a: Salazzle|0 fnt
|faint|p1a: Salazzle
|
|-weather|RainDance|[upkeep]
|upkeep
|
|t:|1776163862
|switch|p1a: Zamazenta|Zamazenta|100/100
|-ability|p1a: Zamazenta|Dauntless Shield|boost
|-boost|p1a: Zamazenta|def|1
|turn|27
|
|t:|1776163874
|switch|p2a: Dragapult|Dragapult, M|8/100 tox
|move|p1a: Zamazenta|Crunch|p2a: Dragapult
|-supereffective|p2a: Dragapult
|-damage|p2a: Dragapult|0 fnt
|faint|p2a: Dragapult
|
|-weather|RainDance|[upkeep]
|upkeep
|inactive|bean hater has 120 seconds left.
|
|t:|1776163891
|switch|p2a: Floatzel|Floatzel, M|100/100
|turn|28
|
|t:|1776163898
|-terastallize|p2a: Floatzel|Water
|move|p2a: Floatzel|Wave Crash|p1a: Zamazenta
|-damage|p1a: Zamazenta|22/100
|-damage|p2a: Floatzel|68/100|[from] Recoil
|move|p1a: Zamazenta|Iron Defense|p1a: Zamazenta
|-boost|p1a: Zamazenta|def|2
|
|-weather|RainDance|[upkeep]
|-heal|p1a: Zamazenta|28/100|[from] item: Leftovers
|upkeep
|turn|29
|
|t:|1776163903
|move|p2a: Floatzel|Wave Crash|p1a: Zamazenta
|-damage|p1a: Zamazenta|0 fnt
|faint|p1a: Zamazenta
|-damage|p2a: Floatzel|57/100|[from] Recoil
|
|-weather|RainDance|[upkeep]
|upkeep
|
|t:|1776163905
|switch|p1a: Darkrai|Darkrai|100/100
|turn|30
|
|t:|1776163907
|move|p2a: Floatzel|Wave Crash|p1a: Darkrai
|-crit|p1a: Darkrai
|-damage|p1a: Darkrai|0 fnt
|faint|p1a: Darkrai
|-damage|p2a: Floatzel|27/100|[from] Recoil
|
|win|bean hater
|raw|Rising Ursaring's rating: 1424 &rarr; <strong>1405</strong><br />(-19 for losing)
|raw|bean hater's rating: 1444 &rarr; <strong>1463</strong><br />(+19 for winning)
|c|☆bean hater|gs
|c|☆bean hater|ggs
|l|☆Rising Ursaring
|player|p1|
