|html|<div class="broadcast-blue"><strong>[Gen 9] OU is currently suspecting Tera Blast! For information on how to participate check out the <a href="https://www.smogon.com/tools/suspects/view/200">suspect thread</a>.</strong></div>
|j|☆SOUZAAAALALALALA
|j|‽Hmmm8647
|t:|1776183101
|gametype|singles
|player|p1|SOUZAAAALALALALA|102|1000
|player|p2|Hmmm8647|cyclist-gen4|1000
|gen|9
|tier|[Gen 9] OU
|rated|
|rule|HP Percentage Mod: HP is shown in percentages
|rule|Endless Battle Clause: Forcing endless battles is banned
|rule|Species Clause: Limit one of each Pokémon
|rule|OHKO Clause: OHKO moves are banned
|rule|Evasion Items Clause: Evasion items are banned
|rule|Evasion Moves Clause: Evasion moves are banned
|rule|Evasion Abilities Clause: Evasion abilities are banned
|rule|Sleep Moves Clause: Sleep-inducing moves are banned
|clearpoke
|poke|p1|Dragonite, F|
|poke|p1|Dondozo, M|
|poke|p1|Cinderace, M|
|poke|p1|Hatterene, F|
|poke|p1|Corviknight, M|
|poke|p1|Primarina, M|
|poke|p2|Corviknight, F|
|poke|p2|Cinderace, F|
|poke|p2|Hoopa-Unbound|
|poke|p2|Tornadus-Therian, M|
|poke|p2|Great Tusk|
|poke|p2|Kyurem|
|teampreview
|inactive|Battle timer is ON: inactive players will automatically lose when time's up. (requested by Hmmm8647)
|
|t:|1776183129
|teamsize|p1|6
|teamsize|p2|6
|start
|switch|p1a: Cinderace|Cinderace, M|100/100
|switch|p2a: Cinderace|Cinderace, F|100/100
|turn|1
|
|t:|1776183141
|move|p1a: Cinderace|U-turn|p2a: Cinderace
|-start|p1a: Cinderace|typechange|Bug|[from] ability: Libero
|-resisted|p2a: Cinderace
|-crit|p2a: Cinderace
|-damage|p2a: Cinderace|50/100
|
|t:|1776183149
|switch|p1a: Dondozo|Dondozo, M|100/100|[from] U-turn
|move|p2a: Cinderace|Gunk Shot|p1a: Dondozo
|-start|p2a: Cinderace|typechange|Poison|[from] ability: Libero
|-damage|p1a: Dondozo|60/100
|-status|p1a: Dondozo|psn
|
|-heal|p1a: Dondozo|66/100 psn|[from] item: Leftovers
|-damage|p1a: Dondozo|54/100 psn|[from] psn
|upkeep
|turn|2
|
|t:|1776183161
|switch|p2a: Hoopa|Hoopa-Unbound|100/100
|move|p1a: Dondozo|Liquidation|p2a: Hoopa
|-damage|p2a: Hoopa|45/100
|
|-heal|p1a: Dondozo|60/100 psn|[from] item: Leftovers
|-damage|p1a: Dondozo|47/100 psn|[from] psn
|upkeep
|turn|3
|
|t:|1776183170
|move|p2a: Hoopa|Psychic|p1a: Dondozo
|-damage|p1a: Dondozo|3/100 psn
|move|p1a: Dondozo|Liquidation|p2a: Hoopa
|-damage|p2a: Hoopa|0 fnt
|faint|p2a: Hoopa
|
|-heal|p1a: Dondozo|9/100 psn|[from] item: Leftovers
|-damage|p1a: Dondozo|0 fnt|[from] psn
|faint|p1a: Dondozo
|upkeep
|
|t:|1776183193
|switch|p2a: Cinderace|Cinderace, F|50/100
|switch|p1a: Primarina|Primarina, M|100/100
|turn|4
|
|t:|1776183217
|move|p2a: Cinderace|Pyro Ball|p1a: Primarina
|-resisted|p1a: Primarina
|-damage|p1a: Primarina|37/100
|move|p1a: Primarina|Hydro Pump|p2a: Cinderace
|-supereffective|p2a: Cinderace
|-damage|p2a: Cinderace|0 fnt
|faint|p2a: Cinderace
|
|upkeep
|
|t:|1776183222
|switch|p2a: Tornadus|Tornadus-Therian, M|100/100
|turn|5
|
|t:|1776183250
|switch|p1a: Corviknight|Corviknight, M|100/100
|-ability|p1a: Corviknight|Pressure
|move|p2a: Tornadus|Hurricane|p1a: Corviknight
|-resisted|p1a: Corviknight
|-damage|p1a: Corviknight|68/100
|-damage|p2a: Tornadus|91/100|[from] item: Life Orb
|
|upkeep
|turn|6
|inactive|Hmmm8647 has 120 seconds left.
|
|t:|1776183286
|move|p2a: Tornadus|Nasty Plot|p2a: Tornadus
|-boost|p2a: Tornadus|spa|2
|move|p1a: Corviknight|Roost|p1a: Corviknight
|-heal|p1a: Corviknight|100/100
|-singleturn|p1a: Corviknight|move: Roost
|
|upkeep
|turn|7
|
|t:|1776183295
|move|p2a: Tornadus|Dark Pulse|p1a: Corviknight
|-damage|p1a: Corviknight|39/100
|-damage|p2a: Tornadus|81/100|[from] item: Life Orb
|cant|p1a: Corviknight|flinch
|
|upkeep
|turn|8
|inactive|Hmmm8647 has 120 seconds left.
|
|t:|1776183307
|move|p2a: Tornadus|Dark Pulse|p1a: Corviknight
|-damage|p1a: Corviknight|0 fnt
|faint|p1a: Corviknight
|-damage|p2a: Tornadus|71/100|[from] item: Life Orb
|
|upkeep
|
|t:|1776183319
|switch|p1a: Hatterene|Hatterene, F|100/100
|turn|9
|inactive|Hmmm8647 has 120 seconds left.
|
|t:|1776183347
|move|p2a: Tornadus|Hurricane|p1a: Hatterene|[miss]
|-miss|p2a: Tornadus|p1a: Hatterene
|move|p1a: Hatterene|Mystical Fire|p2a: Tornadus
|-damage|p2a: Tornadus|27/100
|-unboost|p2a: Tornadus|spa|1
|-damage|p1a: Hatterene|91/100|[from] item: Life Orb
|
|upkeep
|turn|10
|
|t:|1776183364
|move|p2a: Tornadus|Hurricane|p1a: Hatterene
|-damage|p1a: Hatterene|0 fnt
|faint|p1a: Hatterene
|-damage|p2a: Tornadus|17/100|[from] item: Life Orb
|
|upkeep
|
|t:|1776183371
|switch|p1a: Dragonite|Dragonite, F|100/100
|turn|11
|inactive|Hmmm8647 has 120 seconds left.
|
|t:|1776183392
|switch|p2a: Corviknight|Corviknight, F|100/100
|-ability|p2a: Corviknight|Pressure
|move|p1a: Dragonite|Outrage|p2a: Corviknight
|-resisted|p2a: Corviknight
|-damage|p2a: Corviknight|79/100
|-damage|p1a: Dragonite|84/100|[from] item: Rocky Helmet|[of] p2a: Corviknight
|
|upkeep
|turn|12
|
|t:|1776183407
|move|p1a: Dragonite|Outrage|p2a: Corviknight|[from] lockedmove
|-resisted|p2a: Corviknight
|-damage|p2a: Corviknight|59/100
|-damage|p1a: Dragonite|68/100|[from] item: Rocky Helmet|[of] p2a: Corviknight
|move|p2a: Corviknight|Brave Bird|p1a: Dragonite
|-damage|p1a: Dragonite|25/100
|-damage|p2a: Corviknight|47/100|[from] Recoil
|
|upkeep
|turn|13
|inactive|Hmmm8647 has 120 seconds left.
|
|t:|1776183438
|move|p1a: Dragonite|Outrage|p2a: Corviknight|[from] lockedmove
|-resisted|p2a: Corviknight
|-damage|p2a: Corviknight|25/100
|-damage|p1a: Dragonite|8/100|[from] item: Rocky Helmet|[of] p2a: Corviknight
|-start|p1a: Dragonite|confusion|[fatigue]
|-enditem|p1a: Dragonite|Lum Berry|[eat]
|-end|p1a: Dragonite|confusion
|move|p2a: Corviknight|Brave Bird|p1a: Dragonite
|-damage|p1a: Dragonite|0 fnt
|faint|p1a: Dragonite
|-damage|p2a: Corviknight|23/100|[from] Recoil
|
|upkeep
|
|t:|1776183450
|switch|p1a: Cinderace|Cinderace, M|100/100
|turn|14
|
|t:|1776183466
|move|p1a: Cinderace|Pyro Ball|p2a: Corviknight
|-supereffective|p2a: Corviknight
|-damage|p2a: Corviknight|0 fnt
|faint|p2a: Corviknight
|
|upkeep
|
|t:|1776183470
|switch|p2a: Kyurem|Kyurem|100/100
|-ability|p2a: Kyurem|Pressure
|turn|15
|
|t:|1776183476
|move|p1a: Cinderace|Pyro Ball|p2a: Kyurem
|-damage|p2a: Kyurem|17/100
|move|p2a: Kyurem|Earth Power|p1a: Cinderace
|-supereffective|p1a: Cinderace
|-damage|p1a: Cinderace|0 fnt
|faint|p1a: Cinderace
|
|upkeep
|
|t:|1776183482
|switch|p1a: Primarina|Primarina, M|37/100
|turn|16
|
|t:|1776183508
|move|p2a: Kyurem|Earth Power|p1a: Primarina
|-damage|p1a: Primarina|0 fnt
|faint|p1a: Primarina
|
|win|Hmmm8647
|raw|SOUZAAAALALALALA's rating: 1000 &rarr; <strong>1000</strong><br />(+0 for losing)
|raw|Hmmm8647's rating: 1000 &rarr; <strong>1040</strong><br />(+40 for winning)
|l|☆SOUZAAAALALALALA
|player|p1|
