|html|<div class="broadcast-blue"><strong>[Gen 9] OU is currently suspecting Volcarona! For information on how to participate check out the <a href="https://www.smogon.com/tools/suspects/view/208">suspect thread</a>.</strong></div>
|j|☆MKUtopias
|j|☆userhadbeentaken
|t:|1778496811
|gametype|singles
|player|p1|MKUtopias|clair-gen2|1433
|player|p2|userhadbeentaken|unknown|1377
|gen|9
|tier|[Gen 9] OU
|rated|
|rule|HP Percentage Mod: HP is shown in percentages
|rule|Endless Battle Clause: Forcing endless battles is banned
|rule|Species Clause: Limit one of each Pokémon
|rule|OHKO Clause: OHKO moves are banned
|rule|Evasion Items Clause: Evasion items are banned
|rule|Evasion Moves Clause: Evasion moves are banned
|rule|Evasion Abilities Clause: Evasion abilities are banned
|rule|Sleep Moves Clause: Sleep-inducing moves are banned
|clearpoke
|poke|p1|Ogerpon-Wellspring, F|
|poke|p1|Arcanine-Hisui, M|
|poke|p1|Kingambit, F|
|poke|p1|Dragapult, F|
|poke|p1|Scizor, F|
|poke|p1|Great Tusk|
|poke|p2|Kingambit, M|
|poke|p2|Iron Valiant|
|poke|p2|Darkrai|
|poke|p2|Dragapult, M|
|poke|p2|Pecharunt|
|poke|p2|Great Tusk|
|teampreview
|inactive|Battle timer is ON: inactive players will automatically lose when time's up. (requested by userhadbeentaken)
|
|t:|1778496818
|teamsize|p1|6
|teamsize|p2|6
|start
|switch|p1a: Scizor|Scizor, F|100/100
|switch|p2a: Pecharunt|Pecharunt|100/100
|turn|1
|
|t:|1778496826
|move|p2a: Pecharunt|Parting Shot|p1a: Scizor
|-unboost|p1a: Scizor|atk|1
|-unboost|p1a: Scizor|spa|1
|
|t:|1778496832
|switch|p2a: Great Tusk|Great Tusk|100/100|[from] Parting Shot
|move|p1a: Scizor|Knock Off|p2a: Great Tusk
|-resisted|p2a: Great Tusk
|-damage|p2a: Great Tusk|92/100
|-damage|p1a: Scizor|84/100|[from] item: Rocky Helmet|[of] p2a: Great Tusk
|-enditem|p2a: Great Tusk|Rocky Helmet|[from] move: Knock Off|[of] p1a: Scizor
|
|upkeep
|turn|2
|
|t:|1778496842
|move|p2a: Great Tusk|Knock Off|p1a: Scizor
|-damage|p1a: Scizor|56/100
|-enditem|p1a: Scizor|Heavy-Duty Boots|[from] move: Knock Off|[of] p2a: Great Tusk
|move|p1a: Scizor|U-turn|p2a: Great Tusk
|-resisted|p2a: Great Tusk
|-damage|p2a: Great Tusk|83/100
|
|t:|1778496846
|switch|p1a: Ogerpon|Ogerpon-Wellspring, F|100/100|[from] U-turn
|
|upkeep
|turn|3
|
|t:|1778496848
|move|p1a: Ogerpon|Swords Dance|p1a: Ogerpon
|-boost|p1a: Ogerpon|atk|2
|move|p2a: Great Tusk|Stealth Rock|p1a: Ogerpon
|-sidestart|p1: MKUtopias|move: Stealth Rock
|
|upkeep
|turn|4
|
|t:|1778496853
|move|p1a: Ogerpon|Ivy Cudgel|p2a: Great Tusk|[anim] Ivy Cudgel Water
|-supereffective|p2a: Great Tusk
|-damage|p2a: Great Tusk|0 fnt
|faint|p2a: Great Tusk
|-end|p2a: Great Tusk|Protosynthesis|[silent]
|
|upkeep
|
|t:|1778496855
|switch|p2a: Pecharunt|Pecharunt|100/100
|turn|5
|
|t:|1778496861
|-terastallize|p1a: Ogerpon|Water
|detailschange|p1a: Ogerpon|Ogerpon-Wellspring-Tera, F, tera:Water
|-ability|p1a: Ogerpon|Embody Aspect (Wellspring)|boost
|-boost|p1a: Ogerpon|spd|1
|move|p1a: Ogerpon|Ivy Cudgel|p2a: Pecharunt|[anim] Ivy Cudgel Water
|-damage|p2a: Pecharunt|29/100
|move|p2a: Pecharunt|Malignant Chain|p1a: Ogerpon
|-damage|p1a: Ogerpon|74/100
|
|upkeep
|turn|6
|
|t:|1778496875
|move|p1a: Ogerpon|Ivy Cudgel|p2a: Pecharunt|[anim] Ivy Cudgel Water
|-damage|p2a: Pecharunt|0 fnt
|faint|p2a: Pecharunt
|
|upkeep
|
|t:|1778496878
|switch|p2a: Iron Valiant|Iron Valiant|100/100
|-enditem|p2a: Iron Valiant|Booster Energy
|-activate|p2a: Iron Valiant|ability: Quark Drive|[fromitem]
|-start|p2a: Iron Valiant|quarkdrivespe
|turn|7
|
|t:|1778496884
|move|p2a: Iron Valiant|Destiny Bond|p2a: Iron Valiant
|-singlemove|p2a: Iron Valiant|Destiny Bond
|move|p1a: Ogerpon|Horn Leech|p2a: Iron Valiant
|-damage|p2a: Iron Valiant|0 fnt
|-heal|p1a: Ogerpon|100/100|[from] drain|[of] p2a: Iron Valiant
|faint|p2a: Iron Valiant
|-activate|p2a: Iron Valiant|move: Destiny Bond
|-end|p2a: Iron Valiant|Quark Drive|[silent]
|faint|p1a: Ogerpon
|detailschange|p1: Ogerpon|Ogerpon-Wellspring, F|[silent]
|
|upkeep
|
|t:|1778496890
|switch|p2a: Dragapult|Dragapult, M|100/100
|switch|p1a: Arcanine|Arcanine-Hisui, M, shiny|100/100
|-damage|p1a: Arcanine|76/100|[from] Stealth Rock
|turn|8
|
|t:|1778496902
|move|p2a: Dragapult|Dragon Darts|p1a: Arcanine
|-damage|p1a: Arcanine|31/100
|-anim|p2a: Dragapult|Dragon Darts|p1a: Arcanine
|-damage|p1a: Arcanine|0 fnt
|faint|p1a: Arcanine
|
|upkeep
|
|t:|1778496909
|switch|p1a: Kingambit|Kingambit, F|100/100
|-damage|p1a: Kingambit|94/100|[from] Stealth Rock
|-activate|p1a: Kingambit|ability: Supreme Overlord
|-start|p1a: Kingambit|fallen2|[silent]
|turn|9
|
|t:|1778496920
|switch|p2a: Darkrai|Darkrai|100/100
|move|p1a: Kingambit|Swords Dance|p1a: Kingambit
|-boost|p1a: Kingambit|atk|2
|
|-heal|p1a: Kingambit|100/100|[from] item: Leftovers
|upkeep
|turn|10
|
|t:|1778496926
|move|p2a: Darkrai|Focus Blast|p1a: Kingambit
|-supereffective|p1a: Kingambit
|-damage|p1a: Kingambit|0 fnt
|faint|p1a: Kingambit
|-end|p1a: Kingambit|fallen2|[silent]
|
|upkeep
|
|t:|1778496930
|switch|p1a: Scizor|Scizor, F|56/100
|-damage|p1a: Scizor|44/100|[from] Stealth Rock
|turn|11
|
|t:|1778496940
|switch|p2a: Kingambit|Kingambit, M|100/100
|-activate|p2a: Kingambit|ability: Supreme Overlord
|-start|p2a: Kingambit|fallen3|[silent]
|move|p1a: Scizor|U-turn|p2a: Kingambit
|-damage|p2a: Kingambit|69/100
|
|t:|1778496945
|switch|p1a: Great Tusk|Great Tusk|100/100|[from] U-turn
|
|upkeep
|turn|12
|
|t:|1778496951
|-terastallize|p2a: Kingambit|Fighting
|move|p1a: Great Tusk|Headlong Rush|p2a: Kingambit
|-damage|p2a: Kingambit|16/100
|-unboost|p1a: Great Tusk|def|1
|-unboost|p1a: Great Tusk|spd|1
|move|p2a: Kingambit|Swords Dance|p2a: Kingambit
|-boost|p2a: Kingambit|atk|2
|
|upkeep
|turn|13
|
|t:|1778496958
|move|p1a: Great Tusk|Headlong Rush|p2a: Kingambit
|-damage|p2a: Kingambit|0 fnt
|-unboost|p1a: Great Tusk|def|1
|-unboost|p1a: Great Tusk|spd|1
|faint|p2a: Kingambit
|-end|p2a: Kingambit|fallen3|[silent]
|
|upkeep
|
|t:|1778496963
|switch|p2a: Dragapult|Dragapult, M|100/100
|turn|14
|
|t:|1778496966
|move|p2a: Dragapult|Phantom Force||[still]
|-prepare|p2a: Dragapult|Phantom Force
|move|p1a: Great Tusk|Headlong Rush|p2a: Dragapult|[miss]
|-miss|p1a: Great Tusk|p2a: Dragapult
|
|upkeep
|turn|15
|
|t:|1778496970
|move|p2a: Dragapult|Phantom Force|p1a: Great Tusk|[from] lockedmove
|-damage|p1a: Great Tusk|2/100
|move|p1a: Great Tusk|Headlong Rush|p2a: Dragapult
|-damage|p2a: Dragapult|12/100
|-unboost|p1a: Great Tusk|def|1
|-unboost|p1a: Great Tusk|spd|1
|
|upkeep
|turn|16
|
|t:|1778496976
|move|p2a: Dragapult|Phantom Force||[still]
|-prepare|p2a: Dragapult|Phantom Force
|move|p1a: Great Tusk|Headlong Rush|p2a: Dragapult|[miss]
|-miss|p1a: Great Tusk|p2a: Dragapult
|
|upkeep
|turn|17
|
|t:|1778496980
|move|p2a: Dragapult|Phantom Force|p1a: Great Tusk|[from] lockedmove
|-damage|p1a: Great Tusk|0 fnt
|faint|p1a: Great Tusk
|-end|p1a: Great Tusk|Protosynthesis|[silent]
|
|upkeep
|
|t:|1778496982
|switch|p1a: Scizor|Scizor, F|44/100
|-damage|p1a: Scizor|32/100|[from] Stealth Rock
|turn|18
|
|t:|1778496984
|move|p1a: Scizor|Bullet Punch|p2a: Dragapult
|-damage|p2a: Dragapult|0 fnt
|faint|p2a: Dragapult
|
|upkeep
|
|t:|1778496987
|switch|p2a: Darkrai|Darkrai|100/100
|turn|19
|
|t:|1778496990
|move|p1a: Scizor|Bullet Punch|p2a: Darkrai
|-damage|p2a: Darkrai|56/100
|move|p2a: Darkrai|Dark Pulse|p1a: Scizor
|-damage|p1a: Scizor|0 fnt
|faint|p1a: Scizor
|
|upkeep
|
|t:|1778496993
|switch|p1a: Dragapult|Dragapult, F, shiny|100/100
|-damage|p1a: Dragapult|88/100|[from] Stealth Rock
|turn|20
|
|t:|1778496995
|move|p1a: Dragapult|Draco Meteor|p2a: Darkrai
|-damage|p2a: Darkrai|0 fnt
|-unboost|p1a: Dragapult|spa|2
|faint|p2a: Darkrai
|
|win|MKUtopias
|raw|MKUtopias's rating: 1433 &rarr; <strong>1450</strong><br />(+17 for winning)
|raw|userhadbeentaken's rating: 1377 &rarr; <strong>1360</strong><br />(-17 for losing)
|l|☆userhadbeentaken
|player|p2|
|l|☆MKUtopias
|player|p1|
