|html|<div class="broadcast-blue"><strong>[Gen 9] OU is currently suspecting Tera Blast! For information on how to participate check out the <a href="https://www.smogon.com/tools/suspects/view/200">suspect thread</a>.</strong></div>
|j|☆phreshoatmeal
|j|☆PinkyWinkyt
|t:|1776040581
|gametype|singles
|player|p1|phreshoatmeal|170|1591
|player|p2|PinkyWinkyt|dawn|1535
|gen|9
|tier|[Gen 9] OU
|rated|
|rule|HP Percentage Mod: HP is shown in percentages
|rule|Endless Battle Clause: Forcing endless battles is banned
|rule|Species Clause: Limit one of each Pokémon
|rule|OHKO Clause: OHKO moves are banned
|rule|Evasion Items Clause: Evasion items are banned
|rule|Evasion Moves Clause: Evasion moves are banned
|rule|Evasion Abilities Clause: Evasion abilities are banned
|rule|Sleep Moves Clause: Sleep-inducing moves are banned
|clearpoke
|poke|p1|Jolteon, F|
|poke|p1|Lokix, M|
|poke|p1|Rotom-Heat|
|poke|p1|Hawlucha, M|
|poke|p1|Slowking-Galar, F|
|poke|p1|Alomomola, F|
|poke|p2|Zapdos|
|poke|p2|Primarina, M|
|poke|p2|Garganacl, M|
|poke|p2|Great Tusk|
|poke|p2|Iron Moth|
|poke|p2|Kingambit, F|
|teampreview
|inactive|Battle timer is ON: inactive players will automatically lose when time's up. (requested by PinkyWinkyt)
|
|t:|1776040605
|teamsize|p1|6
|teamsize|p2|6
|start
|switch|p1a: Jolteon|Jolteon, F|100/100
|switch|p2a: Zapdos|Zapdos|100/100
|turn|1
|
|t:|1776040613
|move|p1a: Jolteon|Volt Switch|p2a: Zapdos
|-damage|p2a: Zapdos|64/100
|inactive|phreshoatmeal has 120 seconds left.
|
|t:|1776040643
|switch|p1a: Rotom|Rotom-Heat|100/100|[from] Volt Switch
|move|p2a: Zapdos|Heat Wave|p1a: Rotom
|-resisted|p1a: Rotom
|-damage|p1a: Rotom|87/100
|
|upkeep
|turn|2
|inactive|phreshoatmeal has 120 seconds left.
|
|t:|1776040655
|move|p2a: Zapdos|U-turn|p1a: Rotom
|-resisted|p1a: Rotom
|-damage|p1a: Rotom|80/100
|
|t:|1776040658
|switch|p2a: Primarina|Primarina, M, shiny|100/100|[from] U-turn
|move|p1a: Rotom|Nasty Plot|p1a: Rotom
|-boost|p1a: Rotom|spa|2
|
|upkeep
|turn|3
|
|t:|1776040665
|move|p1a: Rotom|Thunderbolt|p2a: Primarina
|-supereffective|p2a: Primarina
|-damage|p2a: Primarina|8/100
|move|p2a: Primarina|Sparkling Aria|p1a: Rotom
|-supereffective|p1a: Rotom
|-damage|p1a: Rotom|0 fnt
|faint|p1a: Rotom
|
|upkeep
|
|t:|1776040670
|switch|p1a: Lokix|Lokix, M|100/100
|turn|4
|
|t:|1776040674
|switch|p2a: Great Tusk|Great Tusk|100/100
|move|p1a: Lokix|U-turn|p2a: Great Tusk
|-resisted|p2a: Great Tusk
|-damage|p2a: Great Tusk|80/100
|-damage|p1a: Lokix|84/100|[from] item: Rocky Helmet|[of] p2a: Great Tusk
|
|t:|1776040676
|switch|p1a: Jolteon|Jolteon, F|100/100|[from] U-turn
|
|-status|p1a: Jolteon|brn|[from] item: Flame Orb
|upkeep
|turn|5
|
|t:|1776040685
|move|p1a: Jolteon|Protect|p1a: Jolteon
|-singleturn|p1a: Jolteon|Protect
|move|p2a: Great Tusk|Earthquake|p1a: Jolteon
|-activate|p1a: Jolteon|move: Protect
|
|-damage|p1a: Jolteon|95/100 brn|[from] brn
|upkeep
|turn|6
|
|t:|1776040698
|-terastallize|p1a: Jolteon|Ice
|move|p1a: Jolteon|Tera Blast|p2a: Great Tusk|[anim] Tera Blast Ice
|-supereffective|p2a: Great Tusk
|-damage|p2a: Great Tusk|0 fnt
|faint|p2a: Great Tusk
|-end|p2a: Great Tusk|Protosynthesis|[silent]
|
|-damage|p1a: Jolteon|89/100 brn|[from] brn
|upkeep
|
|t:|1776040705
|switch|p2a: Garganacl|Garganacl, M|100/100
|turn|7
|
|t:|1776040708
|move|p1a: Jolteon|Volt Switch|p2a: Garganacl
|-damage|p2a: Garganacl|77/100
|
|t:|1776040719
|switch|p1a: Slowking|Slowking-Galar, F|100/100|[from] Volt Switch
|move|p2a: Garganacl|Salt Cure|p1a: Slowking
|-damage|p1a: Slowking|85/100
|-start|p1a: Slowking|Salt Cure
|-enditem|p1a: Slowking|Eject Button
|
|t:|1776040733
|switch|p1a: Lokix|Lokix, M|84/100
|
|-heal|p2a: Garganacl|83/100|[from] item: Leftovers
|upkeep
|turn|8
|
|t:|1776040740
|move|p1a: Lokix|Knock Off|p2a: Garganacl
|-damage|p2a: Garganacl|50/100
|-enditem|p2a: Garganacl|Leftovers|[from] move: Knock Off|[of] p1a: Lokix
|move|p2a: Garganacl|Body Press|p1a: Lokix
|-damage|p1a: Lokix|50/100
|
|upkeep
|turn|9
|
|t:|1776040749
|move|p1a: Lokix|U-turn|p2a: Garganacl
|-damage|p2a: Garganacl|23/100
|
|t:|1776040756
|switch|p1a: Slowking|Slowking-Galar, F|100/100|[from] U-turn
|move|p2a: Garganacl|Salt Cure|p1a: Slowking
|-damage|p1a: Slowking|87/100
|-start|p1a: Slowking|Salt Cure
|
|-damage|p1a: Slowking|74/100|[from] Salt Cure
|upkeep
|turn|10
|
|t:|1776040758
|move|p2a: Garganacl|Recover|p2a: Garganacl
|-heal|p2a: Garganacl|73/100
|move|p1a: Slowking|Psychic Noise|p2a: Garganacl
|-damage|p2a: Garganacl|55/100
|-start|p2a: Garganacl|move: Heal Block
|
|-damage|p1a: Slowking|62/100|[from] Salt Cure
|upkeep
|turn|11
|
|t:|1776040764
|switch|p2a: Primarina|Primarina, M, shiny|8/100
|-prepare|p1a: Slowking|Chilly Reception|[premajor]
|move|p1a: Slowking|Chilly Reception|p1a: Slowking
|-weather|Snowscape
|
|t:|1776040769
|switch|p1a: Lokix|Lokix, M|50/100|[from] Chilly Reception
|
|-weather|Snowscape|[upkeep]
|upkeep
|turn|12
|
|t:|1776040776
|move|p1a: Lokix|Leech Life|p2a: Primarina
|-resisted|p2a: Primarina
|-damage|p2a: Primarina|0 fnt
|-heal|p1a: Lokix|55/100|[from] drain|[of] p2a: Primarina
|faint|p2a: Primarina
|
|-weather|Snowscape|[upkeep]
|upkeep
|
|t:|1776040787
|switch|p2a: Zapdos|Zapdos|64/100
|turn|13
|
|t:|1776040794
|switch|p1a: Slowking|Slowking-Galar, F|95/100
|move|p2a: Zapdos|Heat Wave|p1a: Slowking
|-damage|p1a: Slowking|79/100
|
|-weather|Snowscape|[upkeep]
|upkeep
|turn|14
|
|t:|1776040798
|move|p2a: Zapdos|Discharge|p1a: Slowking
|-damage|p1a: Slowking|57/100
|move|p1a: Slowking|Flamethrower|p2a: Zapdos
|-damage|p2a: Zapdos|42/100
|
|-weather|Snowscape|[upkeep]
|upkeep
|turn|15
|
|t:|1776040802
|move|p2a: Zapdos|Discharge|p1a: Slowking
|-damage|p1a: Slowking|36/100
|move|p1a: Slowking|Toxic|p2a: Zapdos
|-status|p2a: Zapdos|tox
|
|-weather|none
|-damage|p2a: Zapdos|36/100 tox|[from] psn
|upkeep
|turn|16
|
|t:|1776040809
|move|p2a: Zapdos|Discharge|p1a: Slowking
|-damage|p1a: Slowking|16/100
|-prepare|p1a: Slowking|Chilly Reception|[premajor]
|move|p1a: Slowking|Chilly Reception|p1a: Slowking
|-weather|Snowscape
|
|t:|1776040812
|switch|p1a: Jolteon|Jolteon, F, tera:Ice|89/100 brn|[from] Chilly Reception
|
|-weather|Snowscape|[upkeep]
|-damage|p2a: Zapdos|24/100 tox|[from] psn
|-damage|p1a: Jolteon|83/100 brn|[from] brn
|upkeep
|turn|17
|
|t:|1776040816
|move|p1a: Jolteon|Volt Switch|p2a: Zapdos
|-damage|p2a: Zapdos|0 fnt
|faint|p2a: Zapdos
|
|t:|1776040818
|switch|p1a: Slowking|Slowking-Galar, F|49/100|[from] Volt Switch
|
|-weather|Snowscape|[upkeep]
|upkeep
|
|t:|1776040822
|switch|p2a: Iron Moth|Iron Moth|100/100
|-enditem|p2a: Iron Moth|Booster Energy
|-activate|p2a: Iron Moth|ability: Quark Drive|[fromitem]
|-start|p2a: Iron Moth|quarkdrivespa
|turn|18
|
|t:|1776040839
|move|p2a: Iron Moth|Substitute|p2a: Iron Moth
|-start|p2a: Iron Moth|Substitute
|-damage|p2a: Iron Moth|76/100
|move|p1a: Slowking|Psychic Noise|p2a: Iron Moth
|-supereffective|p2a: Iron Moth
|-damage|p2a: Iron Moth|11/100
|-start|p2a: Iron Moth|move: Heal Block
|
|-weather|Snowscape|[upkeep]
|upkeep
|turn|19
|
|t:|1776040848
|move|p2a: Iron Moth|Fiery Dance|p1a: Slowking
|-damage|p1a: Slowking|14/100
|move|p1a: Slowking|Psychic Noise|p2a: Iron Moth
|-supereffective|p2a: Iron Moth
|-damage|p2a: Iron Moth|0 fnt
|faint|p2a: Iron Moth
|-end|p2a: Iron Moth|Quark Drive|[silent]
|
|-weather|Snowscape|[upkeep]
|upkeep
|
|t:|1776040857
|switch|p2a: Garganacl|Garganacl, M|55/100
|turn|20
|
|t:|1776040871
|switch|p1a: Alomomola|Alomomola, F|100/100
|move|p2a: Garganacl|Salt Cure|p1a: Alomomola
|-damage|p1a: Alomomola|92/100
|-start|p1a: Alomomola|Salt Cure
|-enditem|p1a: Alomomola|Eject Button
|
|t:|1776040884
|switch|p1a: Jolteon|Jolteon, F, tera:Ice|83/100 brn
|
|-weather|none
|-damage|p1a: Jolteon|77/100 brn|[from] brn
|upkeep
|turn|21
|
|t:|1776040887
|move|p1a: Jolteon|Volt Switch|p2a: Garganacl
|-damage|p2a: Garganacl|32/100
|
|t:|1776040893
|switch|p1a: Hawlucha|Hawlucha, M|100/100|[from] Volt Switch
|-ability|p1a: Hawlucha|Mold Breaker
|move|p2a: Garganacl|Salt Cure|p1a: Hawlucha
|-damage|p1a: Hawlucha|87/100
|-start|p1a: Hawlucha|Salt Cure
|
|-damage|p1a: Hawlucha|74/100|[from] Salt Cure
|upkeep
|turn|22
|j| raditzisthebest
|
|t:|1776040896
|move|p1a: Hawlucha|Flying Press|p2a: Garganacl
|-damage|p2a: Garganacl|11/100
|move|p2a: Garganacl|Salt Cure|p1a: Hawlucha
|-damage|p1a: Hawlucha|62/100
|
|-damage|p1a: Hawlucha|49/100|[from] Salt Cure
|upkeep
|turn|23
|l| raditzisthebest
|
|t:|1776040902
|move|p1a: Hawlucha|Roost|p1a: Hawlucha
|-heal|p1a: Hawlucha|99/100
|-singleturn|p1a: Hawlucha|move: Roost
|move|p2a: Garganacl|Salt Cure|p1a: Hawlucha
|-resisted|p1a: Hawlucha
|-damage|p1a: Hawlucha|93/100
|
|-damage|p1a: Hawlucha|81/100|[from] Salt Cure
|upkeep
|turn|24
|
|t:|1776040905
|move|p1a: Hawlucha|Flying Press|p2a: Garganacl
|-damage|p2a: Garganacl|0 fnt
|faint|p2a: Garganacl
|
|-damage|p1a: Hawlucha|69/100|[from] Salt Cure
|upkeep
|
|t:|1776040907
|switch|p2a: Kingambit|Kingambit, F|100/100
|-activate|p2a: Kingambit|ability: Supreme Overlord
|-start|p2a: Kingambit|fallen5|[silent]
|turn|25
|
|t:|1776040912
|-terastallize|p2a: Kingambit|Flying
|move|p1a: Hawlucha|Flying Press|p2a: Kingambit
|-resisted|p2a: Kingambit
|-damage|p2a: Kingambit|89/100
|move|p2a: Kingambit|Iron Head|p1a: Hawlucha
|-damage|p1a: Hawlucha|0 fnt
|-damage|p2a: Kingambit|72/100|[from] item: Rocky Helmet|[of] p1a: Hawlucha
|faint|p1a: Hawlucha
|
|upkeep
|
|t:|1776040920
|switch|p1a: Alomomola|Alomomola, F|100/100
|turn|26
|
|t:|1776040924
|move|p2a: Kingambit|Swords Dance|p2a: Kingambit
|-boost|p2a: Kingambit|atk|2
|move|p1a: Alomomola|Tickle|p2a: Kingambit
|-unboost|p2a: Kingambit|atk|1
|-unboost|p2a: Kingambit|def|1
|
|upkeep
|turn|27
|
|t:|1776040931
|move|p2a: Kingambit|Iron Head|p1a: Alomomola
|-resisted|p1a: Alomomola
|-damage|p1a: Alomomola|70/100
|cant|p1a: Alomomola|flinch
|
|upkeep
|turn|28
|
|t:|1776040938
|move|p2a: Kingambit|Iron Head|p1a: Alomomola
|-resisted|p1a: Alomomola
|-damage|p1a: Alomomola|40/100
|move|p1a: Alomomola|Tickle|p2a: Kingambit
|-unboost|p2a: Kingambit|atk|1
|-unboost|p2a: Kingambit|def|1
|
|upkeep
|turn|29
|
|t:|1776040950
|switch|p1a: Slowking|Slowking-Galar, F|47/100
|move|p2a: Kingambit|Sucker Punch||[still]
|-fail|p2a: Kingambit
|
|upkeep
|turn|30
|
|t:|1776040957
|move|p2a: Kingambit|Swords Dance|p2a: Kingambit
|-boost|p2a: Kingambit|atk|2
|move|p1a: Slowking|Psychic Noise|p2a: Kingambit
|-damage|p2a: Kingambit|47/100
|-start|p2a: Kingambit|move: Heal Block
|
|upkeep
|turn|31
|
|t:|1776040966
|move|p2a: Kingambit|Iron Head|p1a: Slowking
|-damage|p1a: Slowking|0 fnt
|faint|p1a: Slowking
|
|-end|p2a: Kingambit|move: Heal Block
|upkeep
|
|t:|1776040969
|switch|p1a: Lokix|Lokix, M|55/100
|turn|32
|
|t:|1776040973
|move|p1a: Lokix|First Impression|p2a: Kingambit
|-resisted|p2a: Kingambit
|-crit|p2a: Kingambit
|-damage|p2a: Kingambit|0 fnt
|faint|p2a: Kingambit
|-end|p2a: Kingambit|fallen5|[silent]
|
|win|phreshoatmeal
|raw|phreshoatmeal's rating: 1591 &rarr; <strong>1608</strong><br />(+17 for winning)
|raw|PinkyWinkyt's rating: 1535 &rarr; <strong>1518</strong><br />(-17 for losing)
|l|☆phreshoatmeal
|player|p1|
|l|☆PinkyWinkyt
|player|p2|
