|html|<div class="broadcast-blue"><strong>[Gen 9] OU is currently suspecting Tera Blast! For information on how to participate check out the <a href="https://www.smogon.com/tools/suspects/view/200">suspect thread</a>.</strong></div>
|j|☆Marvin gaye y
|j|☆FairyManiac0108
|t:|1776140165
|gametype|singles
|player|p1|Marvin gaye y|266|1275
|player|p2|FairyManiac0108|richboy-gen4|1239
|gen|9
|tier|[Gen 9] OU
|rated|
|rule|HP Percentage Mod: HP is shown in percentages
|rule|Endless Battle Clause: Forcing endless battles is banned
|rule|Species Clause: Limit one of each Pokémon
|rule|OHKO Clause: OHKO moves are banned
|rule|Evasion Items Clause: Evasion items are banned
|rule|Evasion Moves Clause: Evasion moves are banned
|rule|Evasion Abilities Clause: Evasion abilities are banned
|rule|Sleep Moves Clause: Sleep-inducing moves are banned
|clearpoke
|poke|p1|Glimmora, F|
|poke|p1|Weezing-Galar, F|
|poke|p1|Iron Boulder|
|poke|p1|Garganacl, M|
|poke|p1|Dragapult, M|
|poke|p1|Incineroar, F|
|poke|p2|Weezing-Galar, F|
|poke|p2|Vileplume, M|
|poke|p2|Grafaiai, F|
|poke|p2|Glimmora, F|
|poke|p2|Gengar, M|
|poke|p2|Muk-Alola, M|
|teampreview
|
|t:|1776140193
|teamsize|p1|6
|teamsize|p2|6
|start
|switch|p1a: Incineroar|Incineroar, F|100/100
|switch|p2a: Gengar|Gengar, M|100/100
|-ability|p1a: Incineroar|Intimidate|boost
|-unboost|p2a: Gengar|atk|1
|turn|1
|
|t:|1776140204
|move|p2a: Gengar|Trick|p1a: Incineroar
|-activate|p2a: Gengar|move: Trick|[of] p1a: Incineroar
|-item|p1a: Incineroar|Choice Scarf|[from] move: Trick
|-item|p2a: Gengar|Rocky Helmet|[from] move: Trick
|move|p1a: Incineroar|Knock Off|p2a: Gengar
|-supereffective|p2a: Gengar
|-damage|p2a: Gengar|0 fnt
|-damage|p1a: Incineroar|84/100|[from] item: Rocky Helmet|[of] p2a: Gengar
|-enditem|p2a: Gengar|Rocky Helmet|[from] move: Knock Off|[of] p1a: Incineroar
|faint|p2a: Gengar
|
|upkeep
|
|t:|1776140209
|switch|p2a: Glimmora|Glimmora, F|100/100
|-item|p2a: Glimmora|Air Balloon
|turn|2
|
|t:|1776140218
|switch|p1a: Glimmora|Glimmora, F|100/100
|-item|p1a: Glimmora|Air Balloon
|move|p2a: Glimmora|Power Gem|p1a: Glimmora
|-crit|p1a: Glimmora
|-damage|p1a: Glimmora|25/100
|-enditem|p1a: Glimmora|Air Balloon
|
|upkeep
|turn|3
|
|t:|1776140229
|move|p1a: Glimmora|Energy Ball|p2a: Glimmora
|-damage|p2a: Glimmora|66/100
|-unboost|p2a: Glimmora|spd|1
|-enditem|p2a: Glimmora|Air Balloon
|move|p2a: Glimmora|Earth Power|p1a: Glimmora
|-supereffective|p1a: Glimmora
|-damage|p1a: Glimmora|0 fnt
|faint|p1a: Glimmora
|
|upkeep
|
|t:|1776140241
|switch|p1a: Dragapult|Dragapult, M|100/100
|turn|4
|
|t:|1776140268
|move|p1a: Dragapult|Shadow Ball|p2a: Glimmora
|-damage|p2a: Glimmora|0 fnt
|faint|p2a: Glimmora
|
|upkeep
|
|t:|1776140271
|switch|p2a: Muk|Muk-Alola, M|100/100
|turn|5
|
|t:|1776140278
|switch|p1a: Garganacl|Garganacl, M|100/100
|move|p2a: Muk|Knock Off|p1a: Garganacl
|-damage|p1a: Garganacl|69/100
|-enditem|p1a: Garganacl|Leftovers|[from] move: Knock Off|[of] p2a: Muk
|
|upkeep
|turn|6
|
|t:|1776140286
|move|p2a: Muk|Drain Punch|p1a: Garganacl
|-supereffective|p1a: Garganacl
|-damage|p1a: Garganacl|37/100
|move|p1a: Garganacl|Salt Cure|p2a: Muk
|-damage|p2a: Muk|86/100
|-start|p2a: Muk|Salt Cure
|
|-damage|p2a: Muk|74/100|[from] Salt Cure
|upkeep
|turn|7
|
|t:|1776140323
|switch|p1a: Weezing|Weezing-Galar, F|100/100
|move|p2a: Muk|Drain Punch|p1a: Weezing
|-resisted|p1a: Weezing
|-damage|p1a: Weezing|95/100
|-heal|p2a: Muk|76/100|[from] drain|[of] p1a: Weezing
|
|-damage|p2a: Muk|64/100|[from] Salt Cure
|upkeep
|turn|8
|
|t:|1776140338
|move|p1a: Weezing|Dazzling Gleam|p2a: Muk
|-damage|p2a: Muk|35/100
|move|p2a: Muk|Knock Off|p1a: Weezing
|-resisted|p1a: Weezing
|-damage|p1a: Weezing|76/100
|-enditem|p1a: Weezing|Choice Specs|[from] move: Knock Off|[of] p2a: Muk
|
|-damage|p2a: Muk|22/100|[from] Salt Cure
|upkeep
|turn|9
|
|t:|1776140351
|switch|p2a: Vileplume|Vileplume, M|100/100
|move|p1a: Weezing|Dazzling Gleam|p2a: Vileplume
|-resisted|p2a: Vileplume
|-damage|p2a: Vileplume|83/100
|
|-heal|p2a: Vileplume|89/100|[from] item: Leftovers
|upkeep
|turn|10
|
|t:|1776140390
|move|p1a: Weezing|Fire Blast|p2a: Vileplume
|-supereffective|p2a: Vileplume
|-damage|p2a: Vileplume|22/100
|move|p2a: Vileplume|Leech Seed|p1a: Weezing
|-start|p1a: Weezing|move: Leech Seed
|
|-heal|p2a: Vileplume|28/100|[from] item: Leftovers
|-damage|p1a: Weezing|63/100|[from] Leech Seed|[of] p2a: Vileplume
|-heal|p2a: Vileplume|40/100|[silent]
|upkeep
|turn|11
|
|t:|1776140404
|switch|p2a: Muk|Muk-Alola, M|22/100
|move|p1a: Weezing|Fire Blast|p2a: Muk
|-damage|p2a: Muk|4/100
|
|-damage|p1a: Weezing|51/100|[from] Leech Seed|[of] p2a: Muk
|-heal|p2a: Muk|14/100|[silent]
|upkeep
|turn|12
|
|t:|1776140415
|move|p1a: Weezing|Dazzling Gleam|p2a: Muk
|-damage|p2a: Muk|0 fnt
|faint|p2a: Muk
|
|upkeep
|
|t:|1776140418
|switch|p2a: Grafaiai|Grafaiai, F|100/100
|turn|13
|
|t:|1776140425
|move|p2a: Grafaiai|Parting Shot|p1a: Weezing
|-unboost|p1a: Weezing|atk|1
|-unboost|p1a: Weezing|spa|1
|
|t:|1776140428
|switch|p2a: Weezing|Weezing-Galar, F|100/100|[from] Parting Shot
|move|p1a: Weezing|Thunder|p2a: Weezing|[miss]
|-miss|p1a: Weezing|p2a: Weezing
|
|-damage|p1a: Weezing|39/100|[from] Leech Seed|[of] p2a: Weezing
|upkeep
|turn|14
|-message|FairyManiac0108 forfeited.
|
|win|Marvin gaye y
|raw|Marvin gaye y's rating: 1250 &rarr; <strong>1274</strong><br />(+24 for winning)
|raw|FairyManiac0108's rating: 1239 &rarr; <strong>1215</strong><br />(-24 for losing)
|l|☆FairyManiac0108
|player|p2|
