|html|<div class="broadcast-blue"><strong>[Gen 9] OU is currently suspecting Volcarona! For information on how to participate check out the <a href="https://www.smogon.com/tools/suspects/view/208">suspect thread</a>.</strong></div>
|j|☆wjsalm3
|j|☆Ares85_Flo
|t:|1778497844
|gametype|singles
|player|p1|wjsalm3|2|1067
|player|p2|Ares85_Flo|guitarist-gen4|1086
|gen|9
|tier|[Gen 9] OU
|rated|
|rule|HP Percentage Mod: HP is shown in percentages
|rule|Endless Battle Clause: Forcing endless battles is banned
|rule|Species Clause: Limit one of each Pokémon
|rule|OHKO Clause: OHKO moves are banned
|rule|Evasion Items Clause: Evasion items are banned
|rule|Evasion Moves Clause: Evasion moves are banned
|rule|Evasion Abilities Clause: Evasion abilities are banned
|rule|Sleep Moves Clause: Sleep-inducing moves are banned
|clearpoke
|poke|p1|Garganacl, M|
|poke|p1|Dondozo, M|
|poke|p1|Gholdengo|
|poke|p1|Ogerpon-Wellspring, F|
|poke|p1|Ting-Lu|
|poke|p1|Weezing-Galar, M|
|poke|p2|Ceruledge, M|
|poke|p2|Corviknight, M|
|poke|p2|Dragapult, M|
|poke|p2|Samurott-Hisui, M|
|poke|p2|Toxtricity-Low-Key, F|
|poke|p2|Excadrill, M|
|teampreview
|inactive|Battle timer is ON: inactive players will automatically lose when time's up. (requested by Ares85_Flo)
|
|t:|1778497865
|teamsize|p1|6
|teamsize|p2|6
|start
|switch|p1a: Weezing|Weezing-Galar, M|100/100
|switch|p2a: Excadrill|Excadrill, M|100/100
|-ability|p2a: Excadrill|Mold Breaker
|turn|1
|
|t:|1778497882
|move|p2a: Excadrill|Stealth Rock|p1a: Weezing
|-sidestart|p1: wjsalm3|move: Stealth Rock
|move|p1a: Weezing|Will-O-Wisp|p2a: Excadrill|[miss]
|-miss|p1a: Weezing|p2a: Excadrill
|
|upkeep
|turn|2
|
|t:|1778497899
|switch|p2a: Ceruledge|Ceruledge, M|100/100
|move|p1a: Weezing|Will-O-Wisp|p2a: Ceruledge|[miss]
|-miss|p1a: Weezing|p2a: Ceruledge
|
|upkeep
|turn|3
|
|t:|1778497907
|move|p2a: Ceruledge|Swords Dance|p2a: Ceruledge
|-boost|p2a: Ceruledge|atk|2
|move|p1a: Weezing|Defog|p2a: Ceruledge
|-unboost|p2a: Ceruledge|evasion|1
|-sideend|p1: wjsalm3|Stealth Rock|[from] move: Defog|[of] p1a: Weezing
|
|upkeep
|turn|4
|
|t:|1778497917
|move|p2a: Ceruledge|Poltergeist|p1a: Weezing
|-activate|p1a: Weezing|move: Poltergeist|Leftovers
|-damage|p1a: Weezing|0 fnt
|faint|p1a: Weezing
|
|upkeep
|
|t:|1778497927
|switch|p1a: TaberNaCl|Garganacl, M, shiny|100/100
|turn|5
|inactive|Ares85_Flo has 120 seconds left.
|
|t:|1778497961
|switch|p2a: Samurott|Samurott-Hisui, M|100/100
|move|p1a: TaberNaCl|Salt Cure|p2a: Samurott
|-damage|p2a: Samurott|82/100
|-start|p2a: Samurott|Salt Cure
|
|-heal|p2a: Samurott|89/100|[from] item: Leftovers
|-damage|p2a: Samurott|64/100|[from] Salt Cure
|upkeep
|turn|6
|inactive|Ares85_Flo has 120 seconds left.
|
|t:|1778497977
|-terastallize|p1a: TaberNaCl|Ghost
|move|p2a: Samurott|Knock Off|p1a: TaberNaCl
|-supereffective|p1a: TaberNaCl
|-damage|p1a: TaberNaCl|56/100
|-enditem|p1a: TaberNaCl|Leftovers|[from] move: Knock Off|[of] p2a: Samurott
|move|p1a: TaberNaCl|Salt Cure|p2a: Samurott
|-damage|p2a: Samurott|47/100
|
|-heal|p2a: Samurott|53/100|[from] item: Leftovers
|-damage|p2a: Samurott|28/100|[from] Salt Cure
|upkeep
|turn|7
|inactive|Ares85_Flo has 120 seconds left.
|
|t:|1778497991
|move|p2a: Samurott|Ceaseless Edge|p1a: TaberNaCl
|-supereffective|p1a: TaberNaCl
|-damage|p1a: TaberNaCl|8/100
|-sidestart|p1: wjsalm3|Spikes
|move|p1a: TaberNaCl|Recover|p1a: TaberNaCl
|-heal|p1a: TaberNaCl|58/100
|
|-heal|p2a: Samurott|34/100|[from] item: Leftovers
|-damage|p2a: Samurott|9/100|[from] Salt Cure
|upkeep
|turn|8
|inactive|Ares85_Flo has 120 seconds left.
|
|t:|1778498005
|move|p2a: Samurott|Taunt|p1a: TaberNaCl
|-start|p1a: TaberNaCl|move: Taunt
|cant|p1a: TaberNaCl|move: Taunt|Recover
|
|-heal|p2a: Samurott|15/100|[from] item: Leftovers
|-damage|p2a: Samurott|0 fnt|[from] Salt Cure
|faint|p2a: Samurott
|upkeep
|
|t:|1778498018
|switch|p2a: Dragapult|Dragapult, M|100/100
|turn|9
|
|t:|1778498033
|move|p2a: Dragapult|Dragon Darts|p1a: TaberNaCl
|-damage|p1a: TaberNaCl|47/100
|-anim|p2a: Dragapult|Dragon Darts|p1a: TaberNaCl
|-damage|p1a: TaberNaCl|36/100
|move|p1a: TaberNaCl|Salt Cure|p2a: Dragapult
|-damage|p2a: Dragapult|80/100
|-start|p2a: Dragapult|Salt Cure
|
|-damage|p2a: Dragapult|68/100|[from] Salt Cure
|upkeep
|turn|10
|
|t:|1778498045
|move|p2a: Dragapult|U-turn|p1a: TaberNaCl
|-resisted|p1a: TaberNaCl
|-damage|p1a: TaberNaCl|31/100
|
|t:|1778498048
|switch|p2a: Toxtricity|Toxtricity-Low-Key, F|100/100|[from] U-turn
|move|p1a: TaberNaCl|Salt Cure|p2a: Toxtricity
|-damage|p2a: Toxtricity|79/100
|-start|p2a: Toxtricity|Salt Cure
|
|-damage|p2a: Toxtricity|66/100|[from] Salt Cure
|-end|p1a: TaberNaCl|move: Taunt
|upkeep
|turn|11
|inactive|Ares85_Flo has 120 seconds left.
|
|t:|1778498070
|-terastallize|p2a: Toxtricity|Normal
|move|p2a: Toxtricity|Overdrive|p1a: TaberNaCl
|-damage|p1a: TaberNaCl|0 fnt
|faint|p1a: TaberNaCl
|-enditem|p2a: Toxtricity|Throat Spray
|-boost|p2a: Toxtricity|spa|1|[from] item: Throat Spray
|
|-damage|p2a: Toxtricity|54/100|[from] Salt Cure
|upkeep
|inactive|wjsalm3 has 120 seconds left.
|
|t:|1778498089
|switch|p1a: Jabu Jabu|Dondozo, M, shiny|100/100
|-damage|p1a: Jabu Jabu|88/100|[from] Spikes
|turn|12
|
|t:|1778498098
|move|p2a: Toxtricity|Overdrive|p1a: Jabu Jabu
|-supereffective|p1a: Jabu Jabu
|-damage|p1a: Jabu Jabu|0 fnt
|faint|p1a: Jabu Jabu
|
|-damage|p2a: Toxtricity|42/100|[from] Salt Cure
|upkeep
|
|t:|1778498104
|switch|p1a: Ting-Lu|Ting-Lu|100/100
|-damage|p1a: Ting-Lu|88/100|[from] Spikes
|-ability|p1a: Ting-Lu|Vessel of Ruin
|turn|13
|
|t:|1778498113
|move|p2a: Toxtricity|Boomburst|p1a: Ting-Lu
|-damage|p1a: Ting-Lu|8/100
|move|p1a: Ting-Lu|Ruination|p2a: Toxtricity
|-damage|p2a: Toxtricity|21/100
|
|-heal|p1a: Ting-Lu|15/100|[from] item: Leftovers
|-damage|p2a: Toxtricity|9/100|[from] Salt Cure
|upkeep
|turn|14
|-message|wjsalm3 forfeited.
|
|win|Ares85_Flo
|raw|wjsalm3's rating: 1067 &rarr; <strong>1048</strong><br />(-19 for losing)
|raw|Ares85_Flo's rating: 1086 &rarr; <strong>1112</strong><br />(+26 for winning)
|l|☆wjsalm3
|player|p1|
|l|☆Ares85_Flo
|player|p2|
