|html|<div class="broadcast-blue"><strong>[Gen 9] OU is currently suspecting Tera Blast! For information on how to participate check out the <a href="https://www.smogon.com/tools/suspects/view/200">suspect thread</a>.</strong></div>
|j|☆besudo's sus
|j|☆vryfast
|t:|1776038445
|gametype|singles
|player|p1|besudo's sus|dancer|1296
|player|p2|vryfast|266|1296
|gen|9
|tier|[Gen 9] OU
|rated|
|rule|HP Percentage Mod: HP is shown in percentages
|rule|Endless Battle Clause: Forcing endless battles is banned
|rule|Species Clause: Limit one of each Pokémon
|rule|OHKO Clause: OHKO moves are banned
|rule|Evasion Items Clause: Evasion items are banned
|rule|Evasion Moves Clause: Evasion moves are banned
|rule|Evasion Abilities Clause: Evasion abilities are banned
|rule|Sleep Moves Clause: Sleep-inducing moves are banned
|clearpoke
|poke|p1|Chesnaught, M|
|poke|p1|Muk-Alola, F|
|poke|p1|Hatterene, F|
|poke|p1|Ogerpon-Wellspring, F|
|poke|p1|Regidrago|
|poke|p1|Gholdengo|
|poke|p2|Dragapult, F|
|poke|p2|Mudsdale, M|
|poke|p2|Corviknight, M|
|poke|p2|Primarina, F|
|poke|p2|Iron Moth|
|poke|p2|Zoroark, M|
|teampreview
|inactive|Battle timer is ON: inactive players will automatically lose when time's up. (requested by vryfast)
|
|t:|1776038460
|teamsize|p1|6
|teamsize|p2|6
|start
|switch|p1a: Spams Buttons|Muk-Alola, F, shiny|100/100
|switch|p2a: Dragapult|Dragapult, F|100/100
|turn|1
|
|t:|1776038469
|switch|p2a: Corviknight|Corviknight, M|100/100
|-ability|p2a: Corviknight|Pressure
|move|p1a: Spams Buttons|Knock Off|p2a: Corviknight
|-damage|p2a: Corviknight|76/100
|-damage|p1a: Spams Buttons|84/100|[from] item: Rocky Helmet|[of] p2a: Corviknight
|-enditem|p2a: Corviknight|Rocky Helmet|[from] move: Knock Off|[of] p1a: Spams Buttons
|
|upkeep
|turn|2
|
|t:|1776038478
|move|p2a: Corviknight|Roost|p2a: Corviknight
|-heal|p2a: Corviknight|100/100
|-singleturn|p2a: Corviknight|move: Roost
|move|p1a: Spams Buttons|Knock Off|p2a: Corviknight
|-damage|p2a: Corviknight|84/100
|
|upkeep
|turn|3
|
|t:|1776038484
|move|p2a: Corviknight|U-turn|p1a: Spams Buttons
|-damage|p1a: Spams Buttons|68/100
|
|t:|1776038488
|switch|p2a: Mudsdale|Mudsdale, M|100/100|[from] U-turn
|move|p1a: Spams Buttons|Knock Off|p2a: Mudsdale
|-damage|p2a: Mudsdale|73/100
|-damage|p1a: Spams Buttons|52/100|[from] item: Rocky Helmet|[of] p2a: Mudsdale
|-ability|p2a: Mudsdale|Stamina|boost
|-boost|p2a: Mudsdale|def|1
|-enditem|p2a: Mudsdale|Rocky Helmet|[from] move: Knock Off|[of] p1a: Spams Buttons
|
|upkeep
|turn|4
|
|t:|1776038497
|switch|p1a: Houdini|Hatterene, F, shiny|100/100
|move|p2a: Mudsdale|Stealth Rock|p1a: Houdini
|move|p1a: Houdini|Stealth Rock|p2a: Mudsdale|[from] ability: Magic Bounce
|-sidestart|p2: vryfast|move: Stealth Rock
|
|upkeep
|turn|5
|
|t:|1776038507
|switch|p1a: S++|Gholdengo, shiny|100/100
|move|p2a: Mudsdale|Earthquake|p1a: S++
|-supereffective|p1a: S++
|-damage|p1a: S++|14/100
|
|upkeep
|turn|6
|
|t:|1776038516
|move|p1a: S++|Shadow Ball|p2a: Mudsdale
|-damage|p2a: Mudsdale|1/100
|-ability|p2a: Mudsdale|Stamina|boost
|-boost|p2a: Mudsdale|def|1
|move|p2a: Mudsdale|Stealth Rock|p1a: S++
|-sidestart|p1: besudo's sus|move: Stealth Rock
|
|upkeep
|turn|7
|
|t:|1776038523
|move|p1a: S++|Shadow Ball|p2a: Mudsdale
|-damage|p2a: Mudsdale|0 fnt
|faint|p2a: Mudsdale
|
|upkeep
|
|t:|1776038527
|switch|p2a: Dragapult|Dragapult, F|100/100
|-damage|p2a: Dragapult|88/100|[from] Stealth Rock
|turn|8
|
|t:|1776038533
|switch|p1a: Houdini|Hatterene, F, shiny|100/100
|-damage|p1a: Houdini|88/100|[from] Stealth Rock
|move|p2a: Dragapult|U-turn|p1a: Houdini
|-damage|p1a: Houdini|67/100
|
|t:|1776038547
|switch|p2a: Iron Moth|Iron Moth|100/100|[from] U-turn
|-damage|p2a: Iron Moth|76/100|[from] Stealth Rock
|-enditem|p2a: Iron Moth|Booster Energy
|-activate|p2a: Iron Moth|ability: Quark Drive|[fromitem]
|-start|p2a: Iron Moth|quarkdrivespa
|
|upkeep
|turn|9
|
|t:|1776038559
|move|p1a: Houdini|Endure|p1a: Houdini
|-singleturn|p1a: Houdini|move: Endure
|move|p2a: Iron Moth|Agility|p2a: Iron Moth
|-boost|p2a: Iron Moth|spe|2
|
|upkeep
|turn|10
|
|t:|1776038565
|switch|p1a: S++|Gholdengo, shiny|14/100
|-damage|p1a: S++|8/100|[from] Stealth Rock
|move|p2a: Iron Moth|Sludge Wave|p1a: S++
|-immune|p1a: S++
|
|upkeep
|turn|11
|
|t:|1776038569
|move|p2a: Iron Moth|Fiery Dance|p1a: S++
|-supereffective|p1a: S++
|-damage|p1a: S++|0 fnt
|faint|p1a: S++
|
|upkeep
|
|t:|1776038572
|switch|p1a: worse cornerstone|Ogerpon-Wellspring, F|100/100
|-damage|p1a: worse cornerstone|88/100|[from] Stealth Rock
|turn|12
|
|t:|1776038577
|-terastallize|p1a: worse cornerstone|Water
|detailschange|p1a: worse cornerstone|Ogerpon-Wellspring-Tera, F, tera:Water
|-ability|p1a: worse cornerstone|Embody Aspect (Wellspring)|boost
|-boost|p1a: worse cornerstone|spd|1
|move|p2a: Iron Moth|Sludge Wave|p1a: worse cornerstone
|-damage|p1a: worse cornerstone|31/100
|move|p1a: worse cornerstone|Ivy Cudgel|p2a: Iron Moth|[anim] Ivy Cudgel Water
|-supereffective|p2a: Iron Moth
|-damage|p2a: Iron Moth|0 fnt
|faint|p2a: Iron Moth
|-end|p2a: Iron Moth|Quark Drive|[silent]
|
|upkeep
|
|t:|1776038588
|switch|p2a: Dragapult|Dragapult, F|88/100
|-damage|p2a: Dragapult|76/100|[from] Stealth Rock
|turn|13
|
|t:|1776038597
|switch|p1a: Him|Chesnaught, M|100/100
|-damage|p1a: Him|94/100|[from] Stealth Rock
|move|p2a: Dragapult|U-turn|p1a: Him
|-damage|p1a: Him|82/100
|-damage|p2a: Dragapult|59/100|[from] item: Rocky Helmet|[of] p1a: Him
|
|t:|1776038608
|switch|p2a: Primarina|Primarina, F|100/100|[from] U-turn
|-damage|p2a: Primarina|88/100|[from] Stealth Rock
|
|upkeep
|turn|14
|
|t:|1776038614
|switch|p1a: Spams Buttons|Muk-Alola, F, shiny|52/100
|-damage|p1a: Spams Buttons|39/100|[from] Stealth Rock
|move|p2a: Primarina|Moonblast|p1a: Spams Buttons
|-damage|p1a: Spams Buttons|13/100
|
|upkeep
|turn|15
|
|t:|1776038620
|move|p2a: Primarina|Moonblast|p1a: Spams Buttons
|-damage|p1a: Spams Buttons|0 fnt
|faint|p1a: Spams Buttons
|
|upkeep
|
|t:|1776038622
|switch|p1a: worse cornerstone|Ogerpon-Wellspring-Tera, F, tera:Water|31/100
|-damage|p1a: worse cornerstone|19/100|[from] Stealth Rock
|-ability|p1a: worse cornerstone|Embody Aspect (Wellspring)|boost
|-boost|p1a: worse cornerstone|spd|1
|turn|16
|
|t:|1776038637
|move|p1a: worse cornerstone|Horn Leech|p2a: Primarina
|-supereffective|p2a: Primarina
|-damage|p2a: Primarina|0 fnt
|-heal|p1a: worse cornerstone|59/100|[from] drain|[of] p2a: Primarina
|faint|p2a: Primarina
|
|upkeep
|
|t:|1776038641
|switch|p2a: Dragapult|Dragapult, F|59/100
|-damage|p2a: Dragapult|47/100|[from] Stealth Rock
|turn|17
|
|t:|1776038644
|switch|p1a: Him|Chesnaught, M|82/100
|-damage|p1a: Him|76/100|[from] Stealth Rock
|move|p2a: Dragapult|Dragon Darts|p1a: Him
|-damage|p1a: Him|63/100
|-anim|p2a: Dragapult|Dragon Darts|p1a: Him
|-damage|p1a: Him|48/100
|
|upkeep
|turn|18
|
|t:|1776038653
|switch|p2a: Corviknight|Corviknight, M|84/100
|-damage|p2a: Corviknight|72/100|[from] Stealth Rock
|-ability|p2a: Corviknight|Pressure
|move|p1a: Him|Synthesis|p1a: Him
|-heal|p1a: Him|98/100
|
|upkeep
|turn|19
|
|t:|1776038661
|move|p2a: Corviknight|Roost|p2a: Corviknight
|-heal|p2a: Corviknight|100/100
|-singleturn|p2a: Corviknight|move: Roost
|move|p1a: Him|Spikes|p2a: Corviknight
|-sidestart|p2: vryfast|Spikes
|
|upkeep
|turn|20
|
|t:|1776038670
|move|p2a: Corviknight|Defog|p1a: Him
|-unboost|p1a: Him|evasion|1
|-sideend|p1: besudo's sus|Stealth Rock|[from] move: Defog|[of] p2a: Corviknight
|-sideend|p2: vryfast|Spikes|[from] move: Defog|[of] p2a: Corviknight
|-sideend|p2: vryfast|Stealth Rock|[from] move: Defog|[of] p2a: Corviknight
|move|p1a: Him|Iron Defense|p1a: Him
|-boost|p1a: Him|def|2
|
|upkeep
|turn|21
|
|t:|1776038681
|move|p2a: Corviknight|U-turn|p1a: Him
|-damage|p1a: Him|94/100
|-damage|p2a: Corviknight|84/100|[from] item: Rocky Helmet|[of] p1a: Him
|
|t:|1776038688
|switch|p2a: Dragapult|Dragapult, F|47/100|[from] U-turn
|move|p1a: Him|Spikes|p2a: Dragapult
|-sidestart|p2: vryfast|Spikes
|
|upkeep
|turn|22
|
|t:|1776038694
|move|p2a: Dragapult|U-turn|p1a: Him
|-damage|p1a: Him|87/100
|-damage|p2a: Dragapult|31/100|[from] item: Rocky Helmet|[of] p1a: Him
|
|t:|1776038696
|switch|p2a: Dragapult|Dragapult, F|100/100|[from] U-turn
|-damage|p2a: Dragapult|88/100|[from] Spikes
|move|p1a: Him|Body Press|p2a: Dragapult
|-supereffective|p2a: Dragapult
|-damage|p2a: Dragapult|0 fnt
|replace|p2a: Zoroark|Zoroark, M
|-end|p2a: Zoroark|Illusion
|faint|p2a: Zoroark
|
|upkeep
|-message|vryfast forfeited.
|
|win|besudo's sus
|raw|besudo&apos;s sus's rating: 1296 &rarr; <strong>1321</strong><br />(+25 for winning)
|raw|vryfast's rating: 1296 &rarr; <strong>1271</strong><br />(-25 for losing)
|l|☆vryfast
|player|p2|
|l|☆besudo's sus
|player|p1|
