|html|<div class="broadcast-blue"><strong>[Gen 9] OU is currently suspecting Volcarona! For information on how to participate check out the <a href="https://www.smogon.com/tools/suspects/view/208">suspect thread</a>.</strong></div>
|j|☆MoncefTheW
|j|☆danyel1102
|t:|1778500704
|gametype|singles
|player|p1|MoncefTheW|psychic-gen4|1306
|player|p2|danyel1102|swimmerf|1289
|gen|9
|tier|[Gen 9] OU
|rated|
|rule|HP Percentage Mod: HP is shown in percentages
|rule|Endless Battle Clause: Forcing endless battles is banned
|rule|Species Clause: Limit one of each Pokémon
|rule|OHKO Clause: OHKO moves are banned
|rule|Evasion Items Clause: Evasion items are banned
|rule|Evasion Moves Clause: Evasion moves are banned
|rule|Evasion Abilities Clause: Evasion abilities are banned
|rule|Sleep Moves Clause: Sleep-inducing moves are banned
|clearpoke
|poke|p1|Meowscarada, F|
|poke|p1|Volcanion|
|poke|p1|Scizor, M|
|poke|p1|Mimikyu, M|
|poke|p1|Metagross|
|poke|p1|Iron Hands|
|poke|p2|Tornadus-Therian, M|
|poke|p2|Hatterene, F|
|poke|p2|Iron Treads|
|poke|p2|Polteageist|
|poke|p2|Kyurem|
|poke|p2|Iron Valiant|
|teampreview
|inactive|Battle timer is ON: inactive players will automatically lose when time's up. (requested by danyel1102)
|inactive|MoncefTheW also wants the timer to be on.
|
|t:|1778500711
|teamsize|p1|6
|teamsize|p2|6
|start
|switch|p1a: Jolyne|Meowscarada, F, shiny|100/100
|switch|p2a: Iron Treads|Iron Treads|100/100
|-enditem|p2a: Iron Treads|Booster Energy
|-activate|p2a: Iron Treads|ability: Quark Drive|[fromitem]
|-start|p2a: Iron Treads|quarkdrivespe
|turn|1
|
|t:|1778500718
|move|p2a: Iron Treads|Ice Spinner|p1a: Jolyne
|-supereffective|p1a: Jolyne
|-damage|p1a: Jolyne|33/100
|move|p1a: Jolyne|Triple Axel|p2a: Iron Treads
|-start|p1a: Jolyne|typechange|Ice|[from] ability: Protean
|-damage|p2a: Iron Treads|90/100
|-damage|p2a: Iron Treads|71/100
|-damage|p2a: Iron Treads|41/100
|-hitcount|p2a: Iron Treads|3
|
|upkeep
|turn|2
|
|t:|1778500725
|move|p2a: Iron Treads|Ice Spinner|p1a: Jolyne
|-resisted|p1a: Jolyne
|-damage|p1a: Jolyne|17/100
|move|p1a: Jolyne|Triple Axel|p2a: Iron Treads|[miss]
|-miss|p1a: Jolyne|p2a: Iron Treads
|
|upkeep
|turn|3
|
|t:|1778500731
|move|p2a: Iron Treads|Earthquake|p1a: Jolyne
|-damage|p1a: Jolyne|0 fnt
|faint|p1a: Jolyne
|
|upkeep
|
|t:|1778500740
|switch|p1a: Johnny|Iron Hands, shiny|100/100
|-enditem|p1a: Johnny|Booster Energy
|-activate|p1a: Johnny|ability: Quark Drive|[fromitem]
|-start|p1a: Johnny|quarkdriveatk
|turn|4
|
|t:|1778500746
|-terastallize|p2a: Iron Treads|Ghost
|move|p2a: Iron Treads|Earthquake|p1a: Johnny
|-supereffective|p1a: Johnny
|-damage|p1a: Johnny|46/100
|move|p1a: Johnny|Swords Dance|p1a: Johnny
|-boost|p1a: Johnny|atk|2
|
|upkeep
|turn|5
|
|t:|1778500752
|-terastallize|p1a: Johnny|Flying
|move|p2a: Iron Treads|Earthquake|p1a: Johnny
|-immune|p1a: Johnny
|move|p1a: Johnny|Play Rough|p2a: Iron Treads
|-damage|p2a: Iron Treads|0 fnt
|faint|p2a: Iron Treads
|-end|p2a: Iron Treads|Quark Drive|[silent]
|
|upkeep
|
|t:|1778500763
|switch|p2a: Kyurem|Kyurem|100/100
|-ability|p2a: Kyurem|Pressure
|turn|6
|
|t:|1778500767
|move|p2a: Kyurem|Freeze-Dry|p1a: Johnny
|-supereffective|p1a: Johnny
|-crit|p1a: Johnny
|-damage|p1a: Johnny|0 fnt
|faint|p1a: Johnny
|-end|p1a: Johnny|Quark Drive|[silent]
|
|upkeep
|
|t:|1778500771
|switch|p1a: Joseph|Scizor, M|100/100
|turn|7
|
|t:|1778500778
|move|p2a: Kyurem|Earth Power|p1a: Joseph
|-damage|p1a: Joseph|64/100
|move|p1a: Joseph|Swords Dance|p1a: Joseph
|-boost|p1a: Joseph|atk|2
|
|-heal|p1a: Joseph|70/100|[from] item: Leftovers
|upkeep
|turn|8
|
|t:|1778500783
|move|p1a: Joseph|Bullet Punch|p2a: Kyurem
|-supereffective|p2a: Kyurem
|-damage|p2a: Kyurem|6/100
|move|p2a: Kyurem|Earth Power|p1a: Joseph
|-damage|p1a: Joseph|34/100
|
|-heal|p1a: Joseph|40/100|[from] item: Leftovers
|upkeep
|turn|9
|
|t:|1778500789
|move|p1a: Joseph|Bullet Punch|p2a: Kyurem
|-supereffective|p2a: Kyurem
|-damage|p2a: Kyurem|0 fnt
|faint|p2a: Kyurem
|
|-heal|p1a: Joseph|46/100|[from] item: Leftovers
|upkeep
|
|t:|1778500793
|switch|p2a: 💝|Hatterene, F, shiny|100/100
|turn|10
|
|t:|1778500796
|move|p1a: Joseph|Bullet Punch|p2a: 💝
|-supereffective|p2a: 💝
|-damage|p2a: 💝|0 fnt
|-damage|p1a: Joseph|30/100|[from] item: Rocky Helmet|[of] p2a: 💝
|faint|p2a: 💝
|
|-heal|p1a: Joseph|36/100|[from] item: Leftovers
|upkeep
|
|t:|1778500799
|switch|p2a: Coisa feia da prr|Tornadus-Therian, M|100/100
|turn|11
|
|t:|1778500801
|move|p1a: Joseph|Bullet Punch|p2a: Coisa feia da prr
|-damage|p2a: Coisa feia da prr|6/100
|move|p2a: Coisa feia da prr|Bleakwind Storm|p1a: Joseph
|-crit|p1a: Joseph
|-damage|p1a: Joseph|0 fnt
|faint|p1a: Joseph
|
|upkeep
|
|t:|1778500804
|switch|p1a: Giorno|Mimikyu, M, shiny|100/100
|turn|12
|
|t:|1778500809
|move|p1a: Giorno|Shadow Sneak|p2a: Coisa feia da prr
|-damage|p2a: Coisa feia da prr|0 fnt
|faint|p2a: Coisa feia da prr
|
|upkeep
|
|t:|1778500810
|switch|p2a: Iron Valiant|Iron Valiant|100/100
|-enditem|p2a: Iron Valiant|Booster Energy
|-activate|p2a: Iron Valiant|ability: Quark Drive|[fromitem]
|-start|p2a: Iron Valiant|quarkdrivespe
|turn|13
|
|t:|1778500815
|move|p2a: Iron Valiant|Destiny Bond|p2a: Iron Valiant
|-singlemove|p2a: Iron Valiant|Destiny Bond
|move|p1a: Giorno|Swords Dance|p1a: Giorno
|-boost|p1a: Giorno|atk|2
|
|upkeep
|turn|14
|
|t:|1778500818
|move|p2a: Iron Valiant|Moonblast|p1a: Giorno
|-activate|p1a: Giorno|ability: Disguise
|-damage|p1a: Giorno|100/100
|detailschange|p1a: Giorno|Mimikyu-Busted, M, shiny
|-damage|p1a: Giorno|88/100|[from] pokemon: Mimikyu-Busted
|-enditem|p1a: Giorno|Red Card|[of] p2a: Iron Valiant
|-end|p2a: Iron Valiant|Quark Drive|[silent]
|drag|p2a: Polteageist|Polteageist|100/100
|move|p1a: Giorno|Swords Dance|p1a: Giorno
|-boost|p1a: Giorno|atk|2
|
|upkeep
|turn|15
|
|t:|1778500823
|switch|p2a: Iron Valiant|Iron Valiant|100/100
|move|p1a: Giorno|Shadow Claw|p2a: Iron Valiant
|-damage|p2a: Iron Valiant|0 fnt
|faint|p2a: Iron Valiant
|-end|p2a: Iron Valiant|Quark Drive|[silent]
|
|upkeep
|
|t:|1778500828
|switch|p2a: Polteageist|Polteageist|100/100
|turn|16
|
|t:|1778500830
|move|p1a: Giorno|Shadow Claw|p2a: Polteageist
|-supereffective|p2a: Polteageist
|-enditem|p2a: Polteageist|Focus Sash
|-damage|p2a: Polteageist|1/100
|-ability|p2a: Polteageist|Weak Armor|boost
|-unboost|p2a: Polteageist|def|1
|-boost|p2a: Polteageist|spe|2
|move|p2a: Polteageist|Shell Smash|p2a: Polteageist
|-unboost|p2a: Polteageist|def|1
|-unboost|p2a: Polteageist|spd|1
|-boost|p2a: Polteageist|atk|2
|-boost|p2a: Polteageist|spa|2
|-boost|p2a: Polteageist|spe|2
|
|upkeep
|turn|17
|
|t:|1778500833
|move|p1a: Giorno|Shadow Sneak|p2a: Polteageist
|-supereffective|p2a: Polteageist
|-damage|p2a: Polteageist|0 fnt
|faint|p2a: Polteageist
|
|win|MoncefTheW
|raw|MoncefTheW's rating: 1306 &rarr; <strong>1325</strong><br />(+19 for winning)
|raw|danyel1102's rating: 1289 &rarr; <strong>1265</strong><br />(-24 for losing)
|l|☆danyel1102
|player|p2|
