|html|<div class="broadcast-blue"><strong>[Gen 9] OU is currently suspecting Tera Blast! For information on how to participate check out the <a href="https://www.smogon.com/tools/suspects/view/200">suspect thread</a>.</strong></div>
|j|☆greatdisconnecter
|j|☆magistermilitum420
|t:|1776128190
|gametype|singles
|player|p1|greatdisconnecter|unknown|1194
|player|p2|magistermilitum420|blue|1264
|gen|9
|tier|[Gen 9] OU
|rated|
|rule|HP Percentage Mod: HP is shown in percentages
|rule|Endless Battle Clause: Forcing endless battles is banned
|rule|Species Clause: Limit one of each Pokémon
|rule|OHKO Clause: OHKO moves are banned
|rule|Evasion Items Clause: Evasion items are banned
|rule|Evasion Moves Clause: Evasion moves are banned
|rule|Evasion Abilities Clause: Evasion abilities are banned
|rule|Sleep Moves Clause: Sleep-inducing moves are banned
|clearpoke
|poke|p1|Snorlax, M|
|poke|p1|Weezing-Galar, F|
|poke|p1|Raging Bolt|
|poke|p1|Zapdos-Galar|
|poke|p1|Iron Crown|
|poke|p1|Clefable, F|
|poke|p2|Meowscarada, M|
|poke|p2|Great Tusk|
|poke|p2|Alomomola, F|
|poke|p2|Slowking-Galar, M|
|poke|p2|Dragonite, M|
|poke|p2|Heatran, M|
|teampreview
|
|t:|1776128214
|teamsize|p1|6
|teamsize|p2|6
|start
|switch|p1a: Snorlax|Snorlax, M|100/100
|switch|p2a: Mithridates|Slowking-Galar, M|100/100
|turn|1
|
|t:|1776128224
|switch|p2a: Charybdis|Alomomola, F, shiny|100/100
|move|p1a: Snorlax|Belly Drum|p1a: Snorlax
|-damage|p1a: Snorlax|50/100
|-setboost|p1a: Snorlax|atk|6|[from] move: Belly Drum
|
|upkeep
|turn|2
|-enditem|p1a: Snorlax|Custap Berry|[eat]
|-activate|p1a: Snorlax|item: Custap Berry|[consumed]
|
|t:|1776128239
|-terastallize|p2a: Charybdis|Ghost
|move|p1a: Snorlax|Facade|p2a: Charybdis
|-immune|p2a: Charybdis
|move|p2a: Charybdis|Scald|p1a: Snorlax
|-damage|p1a: Snorlax|42/100
|
|upkeep
|turn|3
|
|t:|1776128248
|move|p2a: Charybdis|Scald|p1a: Snorlax
|-damage|p1a: Snorlax|34/100
|move|p1a: Snorlax|Earthquake|p2a: Charybdis
|-damage|p2a: Charybdis|31/100
|
|upkeep
|turn|4
|
|t:|1776128255
|move|p2a: Charybdis|Scald|p1a: Snorlax
|-damage|p1a: Snorlax|25/100
|-status|p1a: Snorlax|brn
|move|p1a: Snorlax|Earthquake|p2a: Charybdis
|-damage|p2a: Charybdis|0 fnt
|faint|p2a: Charybdis
|
|-damage|p1a: Snorlax|19/100 brn|[from] brn
|upkeep
|
|t:|1776128278
|switch|p2a: Vulcanus|Heatran, M, shiny|100/100
|turn|5
|
|t:|1776128283
|move|p2a: Vulcanus|Flash Cannon|p1a: Snorlax
|-damage|p1a: Snorlax|0 fnt
|faint|p1a: Snorlax
|
|upkeep
|
|t:|1776128293
|switch|p1a: KFC|Zapdos-Galar|100/100
|turn|6
|
|t:|1776128303
|switch|p2a: Mithridates|Slowking-Galar, M|100/100
|move|p1a: KFC|Thunderous Kick|p2a: Mithridates
|-resisted|p2a: Mithridates
|-damage|p2a: Mithridates|88/100
|-unboost|p2a: Mithridates|def|1
|
|upkeep
|turn|7
|
|t:|1776128314
|switch|p1a: Iron Guy|Iron Crown|100/100
|move|p2a: Mithridates|Psychic Noise|p1a: Iron Guy
|-resisted|p1a: Iron Guy
|-damage|p1a: Iron Guy|92/100
|-start|p1a: Iron Guy|move: Heal Block
|
|upkeep
|turn|8
|
|t:|1776128335
|switch|p2a: Vulcanus|Heatran, M, shiny|100/100
|move|p1a: Iron Guy|Tachyon Cutter|p2a: Vulcanus
|-resisted|p2a: Vulcanus
|-damage|p2a: Vulcanus|91/100
|-resisted|p2a: Vulcanus
|-damage|p2a: Vulcanus|81/100
|-hitcount|p2a: Vulcanus|2
|
|-end|p1a: Iron Guy|move: Heal Block
|upkeep
|turn|9
|
|t:|1776128360
|-end|p1a: Iron Guy|Quark Drive|[silent]
|switch|p1a: KFC|Zapdos-Galar|100/100
|move|p2a: Vulcanus|Overheat|p1a: KFC
|-damage|p1a: KFC|0 fnt
|-unboost|p2a: Vulcanus|spa|2
|faint|p1a: KFC
|
|upkeep
|
|t:|1776128364
|switch|p1a: Raging Bolt|Raging Bolt|100/100
|turn|10
|
|t:|1776128375
|switch|p2a: Mithridates|Slowking-Galar, M|100/100
|move|p1a: Raging Bolt|Calm Mind|p1a: Raging Bolt
|-boost|p1a: Raging Bolt|spa|1
|-boost|p1a: Raging Bolt|spd|1
|
|upkeep
|turn|11
|
|t:|1776128385
|move|p1a: Raging Bolt|Calm Mind|p1a: Raging Bolt
|-boost|p1a: Raging Bolt|spa|1
|-boost|p1a: Raging Bolt|spd|1
|move|p2a: Mithridates|Sludge Bomb|p1a: Raging Bolt
|-damage|p1a: Raging Bolt|83/100
|-status|p1a: Raging Bolt|psn
|
|-heal|p1a: Raging Bolt|89/100 psn|[from] item: Leftovers
|-damage|p1a: Raging Bolt|77/100 psn|[from] psn
|upkeep
|turn|12
|
|t:|1776128395
|move|p1a: Raging Bolt|Calm Mind|p1a: Raging Bolt
|-boost|p1a: Raging Bolt|spa|1
|-boost|p1a: Raging Bolt|spd|1
|move|p2a: Mithridates|Psychic Noise|p1a: Raging Bolt
|-damage|p1a: Raging Bolt|66/100 psn
|-start|p1a: Raging Bolt|move: Heal Block
|
|-damage|p1a: Raging Bolt|54/100 psn|[from] psn
|upkeep
|turn|13
|
|t:|1776128410
|move|p1a: Raging Bolt|Thunderbolt|p2a: Mithridates
|-damage|p2a: Mithridates|33/100
|move|p2a: Mithridates|Sludge Bomb|p1a: Raging Bolt
|-crit|p1a: Raging Bolt
|-damage|p1a: Raging Bolt|5/100 psn
|
|-damage|p1a: Raging Bolt|0 fnt|[from] psn
|faint|p1a: Raging Bolt
|-end|p1a: Raging Bolt|Protosynthesis|[silent]
|upkeep
|
|t:|1776128423
|switch|p1a: Iron Guy|Iron Crown|92/100
|turn|14
|
|t:|1776128453
|switch|p2a: Barca|Great Tusk|100/100
|move|p1a: Iron Guy|Focus Blast|p2a: Barca
|-damage|p2a: Barca|11/100
|
|upkeep
|turn|15
|
|t:|1776128468
|move|p1a: Iron Guy|Focus Blast|p2a: Barca
|-damage|p2a: Barca|0 fnt
|faint|p2a: Barca
|-end|p2a: Barca|Protosynthesis|[silent]
|
|upkeep
|
|t:|1776128479
|switch|p2a: Mithridates|Slowking-Galar, M|67/100
|turn|16
|
|t:|1776128489
|-end|p1a: Iron Guy|Quark Drive|[silent]
|switch|p1a: Weezing|Weezing-Galar, F|100/100
|-ability|p1a: Weezing|Neutralizing Gas
|move|p2a: Mithridates|Surf|p1a: Weezing
|-damage|p1a: Weezing|73/100
|
|upkeep
|turn|17
|
|t:|1776128501
|-end|p1a: Weezing|ability: Neutralizing Gas
|switch|p1a: Iron Guy|Iron Crown|92/100
|move|p2a: Mithridates|Future Sight|p1a: Iron Guy
|-start|p2a: Mithridates|move: Future Sight
|
|upkeep
|turn|18
|
|t:|1776128533
|switch|p2a: Ladon|Dragonite, M, shiny|100/100
|move|p1a: Iron Guy|Volt Switch|p2a: Ladon
|-damage|p2a: Ladon|82/100
|
|t:|1776128536
|-end|p1a: Iron Guy|Quark Drive|[silent]
|switch|p1a: Weezing|Weezing-Galar, F|73/100|[from] Volt Switch
|-ability|p1a: Weezing|Neutralizing Gas
|
|upkeep
|turn|19
|
|t:|1776128545
|move|p2a: Ladon|Earthquake|p1a: Weezing
|-supereffective|p1a: Weezing
|-damage|p1a: Weezing|9/100
|-enditem|p1a: Weezing|Sitrus Berry|[eat]
|-heal|p1a: Weezing|33/100|[from] item: Sitrus Berry
|move|p1a: Weezing|Strange Steam|p2a: Ladon
|-supereffective|p2a: Ladon
|-damage|p2a: Ladon|22/100
|
|-end|p1a: Weezing|move: Future Sight
|-supereffective|p1a: Weezing
|-crit|p1a: Weezing
|-damage|p1a: Weezing|0 fnt
|faint|p1a: Weezing
|-end|p1a: Weezing|ability: Neutralizing Gas
|upkeep
|
|t:|1776128557
|switch|p1a: Iron Guy|Iron Crown|92/100
|turn|20
|
|t:|1776128567
|move|p1a: Iron Guy|Tachyon Cutter|p2a: Ladon
|-damage|p2a: Ladon|0 fnt
|faint|p2a: Ladon
|-hitcount|p2: Ladon|1
|
|upkeep
|
|t:|1776128574
|switch|p2a: Vulcanus|Heatran, M, shiny|81/100
|turn|21
|
|t:|1776128579
|-end|p1a: Iron Guy|Quark Drive|[silent]
|switch|p1a: Clefable|Clefable, F|100/100
|move|p2a: Vulcanus|Overheat|p1a: Clefable
|-damage|p1a: Clefable|5/100
|-unboost|p2a: Vulcanus|spa|2
|
|-heal|p1a: Clefable|11/100|[from] item: Leftovers
|upkeep
|turn|22
|
|t:|1776128588
|move|p2a: Vulcanus|Overheat|p1a: Clefable
|-damage|p1a: Clefable|0 fnt
|-unboost|p2a: Vulcanus|spa|2
|faint|p1a: Clefable
|
|upkeep
|
|t:|1776128591
|switch|p1a: Iron Guy|Iron Crown|92/100
|turn|23
|
|t:|1776128604
|switch|p2a: Mithridates|Slowking-Galar, M|99/100
|move|p1a: Iron Guy|Tachyon Cutter|p2a: Mithridates
|-damage|p2a: Mithridates|81/100
|-damage|p2a: Mithridates|64/100
|-hitcount|p2a: Mithridates|2
|
|upkeep
|turn|24
|
|t:|1776128617
|move|p1a: Iron Guy|Tachyon Cutter|p2a: Mithridates
|-damage|p2a: Mithridates|47/100
|-damage|p2a: Mithridates|27/100
|-hitcount|p2a: Mithridates|2
|move|p2a: Mithridates|Surf|p1a: Iron Guy
|-damage|p1a: Iron Guy|65/100
|
|upkeep
|turn|25
|
|t:|1776128628
|switch|p2a: Vulcanus|Heatran, M, shiny|81/100
|move|p1a: Iron Guy|Tachyon Cutter|p2a: Vulcanus
|-resisted|p2a: Vulcanus
|-damage|p2a: Vulcanus|73/100
|-resisted|p2a: Vulcanus
|-damage|p2a: Vulcanus|63/100
|-hitcount|p2a: Vulcanus|2
|
|upkeep
|turn|26
|
|t:|1776128636
|-terastallize|p1a: Iron Guy|Water
|move|p1a: Iron Guy|Tachyon Cutter|p2a: Vulcanus
|-resisted|p2a: Vulcanus
|-damage|p2a: Vulcanus|54/100
|-resisted|p2a: Vulcanus
|-damage|p2a: Vulcanus|45/100
|-hitcount|p2a: Vulcanus|2
|move|p2a: Vulcanus|Overheat|p1a: Iron Guy
|-resisted|p1a: Iron Guy
|-damage|p1a: Iron Guy|15/100
|-unboost|p2a: Vulcanus|spa|2
|
|upkeep
|turn|27
|c|☆greatdisconnecter|lk
|
|t:|1776128646
|move|p1a: Iron Guy|Tachyon Cutter|p2a: Vulcanus
|-resisted|p2a: Vulcanus
|-damage|p2a: Vulcanus|36/100
|-resisted|p2a: Vulcanus
|-damage|p2a: Vulcanus|27/100
|-hitcount|p2a: Vulcanus|2
|move|p2a: Vulcanus|Overheat|p1a: Iron Guy
|-resisted|p1a: Iron Guy
|-crit|p1a: Iron Guy
|-damage|p1a: Iron Guy|0 fnt
|-unboost|p2a: Vulcanus|spa|2
|faint|p1a: Iron Guy
|-end|p1a: Iron Guy|Quark Drive|[silent]
|
|win|magistermilitum420
|raw|greatdisconnecter's rating: 1194 &rarr; <strong>1174</strong><br />(-20 for losing)
|raw|magistermilitum420's rating: 1264 &rarr; <strong>1284</strong><br />(+20 for winning)
|l|☆greatdisconnecter
|player|p1|
