|html|<div class="broadcast-blue"><strong>[Gen 9] OU is currently suspecting Tera Blast! For information on how to participate check out the <a href="https://www.smogon.com/tools/suspects/view/200">suspect thread</a>.</strong></div>
|j|☆TheArrotino
|j|☆blu-97_v
|t:|1776344845
|gametype|singles
|player|p1|TheArrotino|ghetsis-gen5bw|1450
|player|p2|blu-97_v|hiker-gen4|1437
|gen|9
|tier|[Gen 9] OU
|rated|
|rule|HP Percentage Mod: HP is shown in percentages
|rule|Endless Battle Clause: Forcing endless battles is banned
|rule|Species Clause: Limit one of each Pokémon
|rule|OHKO Clause: OHKO moves are banned
|rule|Evasion Items Clause: Evasion items are banned
|rule|Evasion Moves Clause: Evasion moves are banned
|rule|Evasion Abilities Clause: Evasion abilities are banned
|rule|Sleep Moves Clause: Sleep-inducing moves are banned
|clearpoke
|poke|p1|Dragapult, F|
|poke|p1|Alomomola, F|
|poke|p1|Ting-Lu|
|poke|p1|Kyurem|
|poke|p1|Weezing-Galar, F|
|poke|p1|Corviknight, F|
|poke|p2|Darkrai|
|poke|p2|Slowking-Galar, M|
|poke|p2|Great Tusk|
|poke|p2|Moltres|
|poke|p2|Dragonite, M|
|poke|p2|Corviknight, M|
|teampreview
|inactive|Battle timer is ON: inactive players will automatically lose when time's up. (requested by blu-97_v)
|
|t:|1776344862
|teamsize|p1|6
|teamsize|p2|6
|start
|switch|p1a: Alomomola|Alomomola, F|100/100
|switch|p2a: Slowking|Slowking-Galar, M|100/100
|turn|1
|
|t:|1776344883
|move|p1a: Alomomola|Flip Turn|p2a: Slowking
|-damage|p2a: Slowking|84/100
|
|t:|1776344886
|switch|p1a: Weezing|Weezing-Galar, F|100/100|[from] Flip Turn
|-ability|p1a: Weezing|Neutralizing Gas
|move|p2a: Slowking|Future Sight|p1a: Weezing
|-start|p2a: Slowking|move: Future Sight
|
|upkeep
|turn|2
|
|t:|1776344908
|-end|p1a: Weezing|ability: Neutralizing Gas
|switch|p1a: Corviknight|Corviknight, F|100/100
|-ability|p1a: Corviknight|Pressure
|-prepare|p2a: Slowking|Chilly Reception|[premajor]
|move|p2a: Slowking|Chilly Reception|p2a: Slowking
|-weather|Snowscape
|
|t:|1776344914
|switch|p2a: Darkrai|Darkrai|100/100|[from] Chilly Reception
|
|-weather|Snowscape|[upkeep]
|upkeep
|turn|3
|
|t:|1776344922
|move|p2a: Darkrai|Will-O-Wisp|p1a: Corviknight
|-status|p1a: Corviknight|brn
|move|p1a: Corviknight|U-turn|p2a: Darkrai
|-supereffective|p2a: Darkrai
|-damage|p2a: Darkrai|82/100
|
|t:|1776344929
|switch|p1a: Ting-Lu|Ting-Lu|100/100|[from] U-turn
|-ability|p1a: Ting-Lu|Vessel of Ruin
|
|-weather|Snowscape|[upkeep]
|-end|p1a: Ting-Lu|move: Future Sight
|-immune|p1a: Ting-Lu
|upkeep
|turn|4
|
|t:|1776344937
|move|p2a: Darkrai|Will-O-Wisp|p1a: Ting-Lu
|-status|p1a: Ting-Lu|brn
|move|p1a: Ting-Lu|Stealth Rock|p2a: Darkrai
|-sidestart|p2: blu-97_v|move: Stealth Rock
|
|-weather|Snowscape|[upkeep]
|-damage|p1a: Ting-Lu|94/100 brn|[from] brn
|upkeep
|turn|5
|
|t:|1776344945
|switch|p2a: Great Tusk|Great Tusk|100/100
|-damage|p2a: Great Tusk|98/100|[from] Stealth Rock
|move|p1a: Ting-Lu|Ruination|p2a: Great Tusk
|-damage|p2a: Great Tusk|49/100
|
|-weather|Snowscape|[upkeep]
|-heal|p2a: Great Tusk|55/100|[from] item: Leftovers
|-heal|p1a: Ting-Lu|100/100 brn|[from] item: Leftovers
|-damage|p1a: Ting-Lu|94/100 brn|[from] brn
|upkeep
|turn|6
|
|t:|1776344962
|switch|p1a: Dragapult|Dragapult, F|100/100
|move|p2a: Great Tusk|Stealth Rock|p1a: Dragapult
|-sidestart|p1: TheArrotino|move: Stealth Rock
|
|-weather|none
|-heal|p2a: Great Tusk|62/100|[from] item: Leftovers
|upkeep
|turn|7
|
|t:|1776344983
|-end|p2a: Great Tusk|Protosynthesis|[silent]
|switch|p2a: Moltres|Moltres|100/100
|move|p1a: Dragapult|Will-O-Wisp|p2a: Moltres
|-immune|p2a: Moltres
|
|upkeep
|turn|8
|
|t:|1776344990
|switch|p1a: Alomomola|Alomomola, F|100/100
|-damage|p1a: Alomomola|88/100|[from] Stealth Rock
|move|p2a: Moltres|Flamethrower|p1a: Alomomola
|-resisted|p1a: Alomomola
|-damage|p1a: Alomomola|65/100
|
|upkeep
|turn|9
|
|t:|1776344999
|move|p2a: Moltres|U-turn|p1a: Alomomola
|-damage|p1a: Alomomola|56/100
|-damage|p2a: Moltres|84/100|[from] item: Rocky Helmet|[of] p1a: Alomomola
|
|t:|1776345003
|switch|p2a: Slowking|Slowking-Galar, M|100/100|[from] U-turn
|move|p1a: Alomomola|Flip Turn|p2a: Slowking
|-damage|p2a: Slowking|85/100
|
|t:|1776345011
|switch|p1a: Dragapult|Dragapult, F|100/100|[from] Flip Turn
|-damage|p1a: Dragapult|88/100|[from] Stealth Rock
|
|upkeep
|turn|10
|
|t:|1776345025
|-terastallize|p1a: Dragapult|Ghost
|move|p1a: Dragapult|Tera Blast|p2a: Slowking|[anim] Tera Blast Ghost
|-supereffective|p2a: Slowking
|-damage|p2a: Slowking|0 fnt
|faint|p2a: Slowking
|
|upkeep
|inactive|blu-97_v has 120 seconds left.
|
|t:|1776345057
|switch|p2a: Darkrai|Darkrai|82/100
|turn|11
|
|t:|1776345063
|switch|p1a: Corviknight|Corviknight, F|100/100 brn
|-damage|p1a: Corviknight|88/100 brn|[from] Stealth Rock
|-ability|p1a: Corviknight|Pressure
|move|p2a: Darkrai|Dark Pulse|p1a: Corviknight
|-damage|p1a: Corviknight|59/100 brn
|
|-heal|p1a: Corviknight|65/100 brn|[from] item: Leftovers
|-damage|p1a: Corviknight|59/100 brn|[from] brn
|upkeep
|turn|12
|inactive|blu-97_v has 120 seconds left.
|
|t:|1776345085
|switch|p2a: Corviknight|Corviknight, M|100/100
|-damage|p2a: Corviknight|88/100|[from] Stealth Rock
|-ability|p2a: Corviknight|Pressure
|move|p1a: Corviknight|Roost|p1a: Corviknight
|-heal|p1a: Corviknight|100/100 brn
|-singleturn|p1a: Corviknight|move: Roost
|
|-heal|p2a: Corviknight|94/100|[from] item: Leftovers
|-damage|p1a: Corviknight|94/100 brn|[from] brn
|upkeep
|turn|13
|inactive|blu-97_v has 120 seconds left.
|
|t:|1776345118
|move|p2a: Corviknight|Drill Peck|p1a: Corviknight
|-resisted|p1a: Corviknight
|-damage|p1a: Corviknight|84/100 brn
|move|p1a: Corviknight|U-turn|p2a: Corviknight
|-resisted|p2a: Corviknight
|-damage|p2a: Corviknight|93/100
|inactive|TheArrotino has 120 seconds left.
|
|t:|1776345136
|switch|p1a: Alomomola|Alomomola, F|90/100|[from] U-turn
|-damage|p1a: Alomomola|77/100|[from] Stealth Rock
|
|-heal|p2a: Corviknight|99/100|[from] item: Leftovers
|upkeep
|turn|14
|inactive|TheArrotino has 120 seconds left.
|
|t:|1776345146
|move|p2a: Corviknight|Iron Defense|p2a: Corviknight
|-boost|p2a: Corviknight|def|2
|move|p1a: Alomomola|Flip Turn|p2a: Corviknight
|-damage|p2a: Corviknight|94/100
|inactive|TheArrotino has 120 seconds left.
|
|t:|1776345153
|switch|p1a: Weezing|Weezing-Galar, F|100/100|[from] Flip Turn
|-ability|p1a: Weezing|Neutralizing Gas
|-damage|p1a: Weezing|88/100|[from] Stealth Rock
|
|-heal|p1a: Weezing|94/100|[from] item: Leftovers
|-heal|p2a: Corviknight|100/100|[from] item: Leftovers
|upkeep
|turn|15
|
|t:|1776345162
|switch|p2a: Moltres|Moltres|84/100
|move|p1a: Weezing|Will-O-Wisp|p2a: Moltres
|-immune|p2a: Moltres
|
|-heal|p1a: Weezing|99/100|[from] item: Leftovers
|upkeep
|turn|16
|
|t:|1776345172
|move|p2a: Moltres|U-turn|p1a: Weezing
|-resisted|p1a: Weezing
|-damage|p1a: Weezing|98/100
|
|t:|1776345174
|switch|p2a: Corviknight|Corviknight, M|100/100|[from] U-turn
|-damage|p2a: Corviknight|88/100|[from] Stealth Rock
|move|p1a: Weezing|Toxic|p2a: Corviknight
|-immune|p2a: Corviknight
|
|-heal|p1a: Weezing|100/100|[from] item: Leftovers
|-heal|p2a: Corviknight|94/100|[from] item: Leftovers
|upkeep
|turn|17
|
|t:|1776345198
|switch|p2a: Great Tusk|Great Tusk|62/100
|-damage|p2a: Great Tusk|59/100|[from] Stealth Rock
|move|p1a: Weezing|Will-O-Wisp|p2a: Great Tusk
|-status|p2a: Great Tusk|brn
|
|-heal|p2a: Great Tusk|65/100 brn|[from] item: Leftovers
|-damage|p2a: Great Tusk|59/100 brn|[from] brn
|upkeep
|turn|18
|
|t:|1776345213
|move|p1a: Weezing|Protect|p1a: Weezing
|-singleturn|p1a: Weezing|Protect
|move|p2a: Great Tusk|Knock Off|p1a: Weezing
|-activate|p1a: Weezing|move: Protect
|
|-heal|p2a: Great Tusk|65/100 brn|[from] item: Leftovers
|-damage|p2a: Great Tusk|59/100 brn|[from] brn
|upkeep
|turn|19
|
|t:|1776345234
|move|p2a: Great Tusk|Knock Off|p1a: Weezing
|-resisted|p1a: Weezing
|-damage|p1a: Weezing|94/100
|-enditem|p1a: Weezing|Leftovers|[from] move: Knock Off|[of] p2a: Great Tusk
|move|p1a: Weezing|Defog|p2a: Great Tusk
|-unboost|p2a: Great Tusk|evasion|1
|-sideend|p2: blu-97_v|Stealth Rock|[from] move: Defog|[of] p1a: Weezing
|-sideend|p1: TheArrotino|Stealth Rock|[from] move: Defog|[of] p1a: Weezing
|
|-heal|p2a: Great Tusk|65/100 brn|[from] item: Leftovers
|-damage|p2a: Great Tusk|59/100 brn|[from] brn
|upkeep
|turn|20
|
|t:|1776345249
|move|p1a: Weezing|Protect|p1a: Weezing
|-singleturn|p1a: Weezing|Protect
|move|p2a: Great Tusk|Stealth Rock|p1a: Weezing
|-sidestart|p1: TheArrotino|move: Stealth Rock
|
|-heal|p2a: Great Tusk|65/100 brn|[from] item: Leftovers
|-damage|p2a: Great Tusk|59/100 brn|[from] brn
|upkeep
|turn|21
|
|t:|1776345256
|move|p2a: Great Tusk|Headlong Rush|p1a: Weezing
|-supereffective|p1a: Weezing
|-damage|p1a: Weezing|52/100
|-unboost|p2a: Great Tusk|def|1
|-unboost|p2a: Great Tusk|spd|1
|move|p1a: Weezing|Defog|p2a: Great Tusk
|-unboost|p2a: Great Tusk|evasion|1
|-sideend|p1: TheArrotino|Stealth Rock|[from] move: Defog|[of] p1a: Weezing
|
|-heal|p2a: Great Tusk|65/100 brn|[from] item: Leftovers
|-damage|p2a: Great Tusk|59/100 brn|[from] brn
|upkeep
|turn|22
|
|t:|1776345269
|-end|p1a: Weezing|ability: Neutralizing Gas
|switch|p1a: Alomomola|Alomomola, F|100/100
|move|p2a: Great Tusk|Knock Off|p1a: Alomomola
|-damage|p1a: Alomomola|91/100
|-damage|p2a: Great Tusk|42/100 brn|[from] item: Rocky Helmet|[of] p1a: Alomomola
|-enditem|p1a: Alomomola|Rocky Helmet|[from] move: Knock Off|[of] p2a: Great Tusk
|
|-heal|p2a: Great Tusk|48/100 brn|[from] item: Leftovers
|-damage|p2a: Great Tusk|42/100 brn|[from] brn
|upkeep
|turn|23
|
|t:|1776345282
|-end|p2a: Great Tusk|Protosynthesis|[silent]
|switch|p2a: Moltres|Moltres|84/100
|move|p1a: Alomomola|Flip Turn|p2a: Moltres
|-supereffective|p2a: Moltres
|-damage|p2a: Moltres|61/100
|
|t:|1776345296
|switch|p1a: Dragapult|Dragapult, F, tera:Ghost|88/100|[from] Flip Turn
|
|upkeep
|turn|24
|
|t:|1776345308
|move|p1a: Dragapult|Tera Blast|p2a: Moltres|[anim] Tera Blast Ghost
|-damage|p2a: Moltres|9/100
|move|p2a: Moltres|Roost|p2a: Moltres
|-heal|p2a: Moltres|59/100
|-singleturn|p2a: Moltres|move: Roost
|
|upkeep
|turn|25
|
|t:|1776345319
|move|p1a: Dragapult|Tera Blast|p2a: Moltres|[anim] Tera Blast Ghost
|-damage|p2a: Moltres|4/100
|move|p2a: Moltres|Flamethrower|p1a: Dragapult
|-damage|p1a: Dragapult|34/100
|
|upkeep
|turn|26
|
|t:|1776345329
|switch|p2a: Darkrai|Darkrai|82/100
|move|p1a: Dragapult|Tera Blast|p2a: Darkrai|[anim] Tera Blast Ghost
|-resisted|p2a: Darkrai
|-damage|p2a: Darkrai|30/100
|
|upkeep
|turn|27
|
|t:|1776345340
|switch|p1a: Corviknight|Corviknight, F|84/100 brn
|-ability|p1a: Corviknight|Pressure
|move|p2a: Darkrai|Dark Pulse|p1a: Corviknight
|-damage|p1a: Corviknight|54/100 brn
|
|-heal|p1a: Corviknight|60/100 brn|[from] item: Leftovers
|-damage|p1a: Corviknight|54/100 brn|[from] brn
|upkeep
|turn|28
|
|t:|1776345351
|move|p2a: Darkrai|Dark Pulse|p1a: Corviknight
|-damage|p1a: Corviknight|24/100 brn
|move|p1a: Corviknight|Roost|p1a: Corviknight
|-heal|p1a: Corviknight|74/100 brn
|-singleturn|p1a: Corviknight|move: Roost
|
|-heal|p1a: Corviknight|80/100 brn|[from] item: Leftovers
|-damage|p1a: Corviknight|74/100 brn|[from] brn
|upkeep
|turn|29
|
|t:|1776345360
|move|p2a: Darkrai|Dark Pulse|p1a: Corviknight
|-crit|p1a: Corviknight
|-damage|p1a: Corviknight|30/100 brn
|move|p1a: Corviknight|U-turn|p2a: Darkrai
|-supereffective|p2a: Darkrai
|-damage|p2a: Darkrai|12/100
|
|t:|1776345370
|switch|p1a: Weezing|Weezing-Galar, F|52/100|[from] U-turn
|-ability|p1a: Weezing|Neutralizing Gas
|
|upkeep
|turn|30
|
|t:|1776345382
|move|p1a: Weezing|Protect|p1a: Weezing
|-singleturn|p1a: Weezing|Protect
|move|p2a: Darkrai|Sludge Bomb|p1a: Weezing
|-activate|p1a: Weezing|move: Protect
|
|upkeep
|turn|31
|
|t:|1776345391
|move|p2a: Darkrai|Dark Pulse|p1a: Weezing
|-resisted|p1a: Weezing
|-damage|p1a: Weezing|24/100
|cant|p1a: Weezing|flinch
|
|upkeep
|turn|32
|
|t:|1776345398
|move|p2a: Darkrai|Dark Pulse|p1a: Weezing
|-resisted|p1a: Weezing
|-damage|p1a: Weezing|0 fnt
|faint|p1a: Weezing
|-end|p1a: Weezing|ability: Neutralizing Gas
|
|upkeep
|
|t:|1776345405
|switch|p1a: Dragapult|Dragapult, F, tera:Ghost|34/100
|turn|33
|
|t:|1776345413
|switch|p2a: Moltres|Moltres|4/100
|move|p1a: Dragapult|Tera Blast|p2a: Moltres|[anim] Tera Blast Ghost
|-damage|p2a: Moltres|0 fnt
|faint|p2a: Moltres
|
|upkeep
|
|t:|1776345419
|switch|p2a: Dragonite|Dragonite, M|100/100
|turn|34
|
|t:|1776345427
|switch|p1a: Alomomola|Alomomola, F|100/100
|move|p2a: Dragonite|Dragon Dance|p2a: Dragonite
|-boost|p2a: Dragonite|atk|1
|-boost|p2a: Dragonite|spe|1
|
|upkeep
|turn|35
|
|t:|1776345434
|move|p2a: Dragonite|Dragon Dance|p2a: Dragonite
|-boost|p2a: Dragonite|atk|1
|-boost|p2a: Dragonite|spe|1
|move|p1a: Alomomola|Tickle|p2a: Dragonite
|-unboost|p2a: Dragonite|atk|1
|-unboost|p2a: Dragonite|def|1
|
|upkeep
|turn|36
|
|t:|1776345440
|move|p2a: Dragonite|Earthquake|p1a: Alomomola
|-damage|p1a: Alomomola|71/100
|move|p1a: Alomomola|Tickle|p2a: Dragonite
|-unboost|p2a: Dragonite|atk|1
|-unboost|p2a: Dragonite|def|1
|
|upkeep
|turn|37
|
|t:|1776345449
|move|p2a: Dragonite|Earthquake|p1a: Alomomola
|-damage|p1a: Alomomola|53/100
|move|p1a: Alomomola|Tickle|p2a: Dragonite
|-unboost|p2a: Dragonite|atk|1
|-unboost|p2a: Dragonite|def|1
|
|upkeep
|turn|38
|
|t:|1776345458
|switch|p2a: Corviknight|Corviknight, M|94/100
|-ability|p2a: Corviknight|Pressure
|move|p1a: Alomomola|Wish|p1a: Alomomola
|
|-heal|p2a: Corviknight|99/100|[from] item: Leftovers
|upkeep
|turn|39
|
|t:|1776345467
|move|p2a: Corviknight|Iron Defense|p2a: Corviknight
|-boost|p2a: Corviknight|def|2
|move|p1a: Alomomola|Flip Turn|p2a: Corviknight
|-damage|p2a: Corviknight|95/100
|
|t:|1776345472
|switch|p1a: Dragapult|Dragapult, F, tera:Ghost|34/100|[from] Flip Turn
|
|-heal|p1a: Dragapult|100/100|[from] move: Wish|[wisher] Alomomola
|-heal|p2a: Corviknight|100/100|[from] item: Leftovers
|upkeep
|turn|40
|
|t:|1776345487
|move|p1a: Dragapult|Will-O-Wisp|p2a: Corviknight
|-status|p2a: Corviknight|brn
|move|p2a: Corviknight|Drill Peck|p1a: Dragapult
|-damage|p1a: Dragapult|83/100
|
|-damage|p2a: Corviknight|94/100 brn|[from] brn
|upkeep
|turn|41
|
|t:|1776345496
|switch|p1a: Alomomola|Alomomola, F|87/100
|move|p2a: Corviknight|Iron Defense|p2a: Corviknight
|-boost|p2a: Corviknight|def|2
|
|-heal|p2a: Corviknight|100/100 brn|[from] item: Leftovers
|-damage|p2a: Corviknight|94/100 brn|[from] brn
|upkeep
|turn|42
|
|t:|1776345504
|move|p2a: Corviknight|Iron Defense|p2a: Corviknight
|-boost|p2a: Corviknight|def|2
|move|p1a: Alomomola|Wish|p1a: Alomomola
|
|-heal|p2a: Corviknight|100/100 brn|[from] item: Leftovers
|-damage|p2a: Corviknight|94/100 brn|[from] brn
|upkeep
|turn|43
|
|t:|1776345511
|move|p2a: Corviknight|Body Press|p1a: Alomomola
|-damage|p1a: Alomomola|60/100
|move|p1a: Alomomola|Flip Turn|p2a: Corviknight
|-damage|p2a: Corviknight|91/100 brn
|
|t:|1776345516
|switch|p1a: Corviknight|Corviknight, F|30/100 brn|[from] Flip Turn
|-ability|p1a: Corviknight|Pressure
|
|-heal|p1a: Corviknight|97/100 brn|[from] move: Wish|[wisher] Alomomola
|-heal|p2a: Corviknight|97/100 brn|[from] item: Leftovers
|-heal|p1a: Corviknight|100/100 brn|[from] item: Leftovers
|-damage|p2a: Corviknight|91/100 brn|[from] brn
|-damage|p1a: Corviknight|94/100 brn|[from] brn
|upkeep
|turn|44
|
|t:|1776345535
|move|p2a: Corviknight|Body Press|p1a: Corviknight
|-damage|p1a: Corviknight|52/100 brn
|move|p1a: Corviknight|U-turn|p2a: Corviknight
|-resisted|p2a: Corviknight
|-crit|p2a: Corviknight
|-damage|p2a: Corviknight|90/100 brn
|
|t:|1776345541
|switch|p1a: Alomomola|Alomomola, F|93/100|[from] U-turn
|
|-heal|p2a: Corviknight|96/100 brn|[from] item: Leftovers
|-damage|p2a: Corviknight|90/100 brn|[from] brn
|upkeep
|turn|45
|
|t:|1776345549
|move|p2a: Corviknight|Body Press|p1a: Alomomola
|-crit|p1a: Alomomola
|-damage|p1a: Alomomola|54/100
|move|p1a: Alomomola|Wish|p1a: Alomomola
|
|-heal|p2a: Corviknight|96/100 brn|[from] item: Leftovers
|-damage|p2a: Corviknight|90/100 brn|[from] brn
|upkeep
|turn|46
|
|t:|1776345558
|move|p2a: Corviknight|Body Press|p1a: Alomomola
|-damage|p1a: Alomomola|27/100
|move|p1a: Alomomola|Flip Turn|p2a: Corviknight
|-damage|p2a: Corviknight|87/100 brn
|
|t:|1776345564
|switch|p1a: Corviknight|Corviknight, F|52/100 brn|[from] Flip Turn
|-ability|p1a: Corviknight|Pressure
|
|-heal|p1a: Corviknight|100/100 brn|[from] move: Wish|[wisher] Alomomola
|-heal|p2a: Corviknight|93/100 brn|[from] item: Leftovers
|-damage|p2a: Corviknight|87/100 brn|[from] brn
|-damage|p1a: Corviknight|94/100 brn|[from] brn
|upkeep
|turn|47
|
|t:|1776345575
|switch|p1a: Alomomola|Alomomola, F|60/100
|move|p2a: Corviknight|Iron Defense|p2a: Corviknight
|-boost|p2a: Corviknight|def|0
|
|-heal|p2a: Corviknight|93/100 brn|[from] item: Leftovers
|-damage|p2a: Corviknight|87/100 brn|[from] brn
|upkeep
|turn|48
|
|t:|1776345585
|switch|p1a: Corviknight|Corviknight, F|94/100 brn
|-ability|p1a: Corviknight|Pressure
|move|p2a: Corviknight|Body Press|p1a: Corviknight
|-damage|p1a: Corviknight|49/100 brn
|
|-heal|p2a: Corviknight|93/100 brn|[from] item: Leftovers
|-heal|p1a: Corviknight|55/100 brn|[from] item: Leftovers
|-damage|p2a: Corviknight|87/100 brn|[from] brn
|-damage|p1a: Corviknight|49/100 brn|[from] brn
|upkeep
|turn|49
|
|t:|1776345596
|switch|p1a: Alomomola|Alomomola, F|94/100
|move|p2a: Corviknight|Body Press|p1a: Alomomola
|-damage|p1a: Alomomola|68/100
|
|-heal|p2a: Corviknight|93/100 brn|[from] item: Leftovers
|-damage|p2a: Corviknight|87/100 brn|[from] brn
|upkeep
|turn|50
|
|t:|1776345605
|move|p1a: Alomomola|Protect|p1a: Alomomola
|-singleturn|p1a: Alomomola|Protect
|move|p2a: Corviknight|Body Press|p1a: Alomomola
|-activate|p1a: Alomomola|move: Protect
|
|-heal|p2a: Corviknight|93/100 brn|[from] item: Leftovers
|-damage|p2a: Corviknight|87/100 brn|[from] brn
|upkeep
|turn|51
|
|t:|1776345616
|switch|p2a: Darkrai|Darkrai|12/100
|move|p1a: Alomomola|Wish|p1a: Alomomola
|
|upkeep
|turn|52
|
|t:|1776345630
|switch|p1a: Ting-Lu|Ting-Lu|94/100 brn
|-ability|p1a: Ting-Lu|Vessel of Ruin
|move|p2a: Darkrai|Dark Pulse|p1a: Ting-Lu
|-resisted|p1a: Ting-Lu
|-damage|p1a: Ting-Lu|85/100 brn
|
|-heal|p1a: Ting-Lu|100/100 brn|[from] move: Wish|[wisher] Alomomola
|-damage|p1a: Ting-Lu|94/100 brn|[from] brn
|upkeep
|turn|53
|
|t:|1776345643
|switch|p2a: Great Tusk|Great Tusk|42/100 brn
|move|p1a: Ting-Lu|Stealth Rock|p2a: Great Tusk
|-sidestart|p2: blu-97_v|move: Stealth Rock
|
|-heal|p2a: Great Tusk|48/100 brn|[from] item: Leftovers
|-heal|p1a: Ting-Lu|100/100 brn|[from] item: Leftovers
|-damage|p2a: Great Tusk|42/100 brn|[from] brn
|-damage|p1a: Ting-Lu|94/100 brn|[from] brn
|upkeep
|turn|54
|
|t:|1776345652
|switch|p1a: Alomomola|Alomomola, F|100/100
|move|p2a: Great Tusk|Stealth Rock|p1a: Alomomola
|-sidestart|p1: TheArrotino|move: Stealth Rock
|
|-heal|p2a: Great Tusk|48/100 brn|[from] item: Leftovers
|-damage|p2a: Great Tusk|42/100 brn|[from] brn
|upkeep
|turn|55
|
|t:|1776345663
|move|p2a: Great Tusk|Rapid Spin|p1a: Alomomola
|-damage|p1a: Alomomola|96/100
|-boost|p2a: Great Tusk|spe|1
|-sideend|p2: blu-97_v|Stealth Rock|[from] move: Rapid Spin|[of] p2a: Great Tusk
|move|p1a: Alomomola|Flip Turn|p2a: Great Tusk
|-supereffective|p2a: Great Tusk
|-damage|p2a: Great Tusk|20/100 brn
|
|t:|1776345674
|switch|p1a: Dragapult|Dragapult, F, tera:Ghost|83/100|[from] Flip Turn
|-damage|p1a: Dragapult|71/100|[from] Stealth Rock
|
|-heal|p2a: Great Tusk|26/100 brn|[from] item: Leftovers
|-damage|p2a: Great Tusk|20/100 brn|[from] brn
|upkeep
|turn|56
|
|t:|1776345682
|switch|p1a: Alomomola|Alomomola, F|100/100
|-damage|p1a: Alomomola|88/100|[from] Stealth Rock
|move|p2a: Great Tusk|Knock Off|p1a: Alomomola
|-damage|p1a: Alomomola|83/100
|
|-heal|p2a: Great Tusk|26/100 brn|[from] item: Leftovers
|-damage|p2a: Great Tusk|20/100 brn|[from] brn
|upkeep
|turn|57
|
|t:|1776345693
|-end|p2a: Great Tusk|Protosynthesis|[silent]
|switch|p2a: Corviknight|Corviknight, M|87/100 brn
|-ability|p2a: Corviknight|Pressure
|move|p1a: Alomomola|Flip Turn|p2a: Corviknight
|-damage|p2a: Corviknight|78/100 brn
|
|t:|1776345703
|switch|p1a: Corviknight|Corviknight, F|49/100 brn|[from] Flip Turn
|-damage|p1a: Corviknight|36/100 brn|[from] Stealth Rock
|-ability|p1a: Corviknight|Pressure
|
|-heal|p2a: Corviknight|84/100 brn|[from] item: Leftovers
|-heal|p1a: Corviknight|43/100 brn|[from] item: Leftovers
|-damage|p2a: Corviknight|78/100 brn|[from] brn
|-damage|p1a: Corviknight|36/100 brn|[from] brn
|upkeep
|turn|58
|
|t:|1776345713
|move|p2a: Corviknight|Iron Defense|p2a: Corviknight
|-boost|p2a: Corviknight|def|2
|move|p1a: Corviknight|Roost|p1a: Corviknight
|-heal|p1a: Corviknight|86/100 brn
|-singleturn|p1a: Corviknight|move: Roost
|
|-heal|p2a: Corviknight|84/100 brn|[from] item: Leftovers
|-heal|p1a: Corviknight|93/100 brn|[from] item: Leftovers
|-damage|p2a: Corviknight|78/100 brn|[from] brn
|-damage|p1a: Corviknight|86/100 brn|[from] brn
|upkeep
|turn|59
|
|t:|1776345724
|move|p2a: Corviknight|Iron Defense|p2a: Corviknight
|-boost|p2a: Corviknight|def|2
|move|p1a: Corviknight|Defog|p2a: Corviknight
|-unboost|p2a: Corviknight|evasion|1
|-sideend|p1: TheArrotino|Stealth Rock|[from] move: Defog|[of] p1a: Corviknight
|
|-heal|p2a: Corviknight|84/100 brn|[from] item: Leftovers
|-heal|p1a: Corviknight|93/100 brn|[from] item: Leftovers
|-damage|p2a: Corviknight|78/100 brn|[from] brn
|-damage|p1a: Corviknight|86/100 brn|[from] brn
|upkeep
|turn|60
|
|t:|1776345735
|switch|p1a: Alomomola|Alomomola, F|100/100
|move|p2a: Corviknight|Iron Defense|p2a: Corviknight
|-boost|p2a: Corviknight|def|2
|
|-heal|p2a: Corviknight|84/100 brn|[from] item: Leftovers
|-damage|p2a: Corviknight|78/100 brn|[from] brn
|upkeep
|turn|61
|
|t:|1776345747
|move|p2a: Corviknight|Drill Peck|p1a: Alomomola
|-damage|p1a: Alomomola|94/100
|move|p1a: Alomomola|Tickle|p2a: Corviknight
|-unboost|p2a: Corviknight|atk|1
|-unboost|p2a: Corviknight|def|1
|
|-heal|p2a: Corviknight|84/100 brn|[from] item: Leftovers
|-damage|p2a: Corviknight|78/100 brn|[from] brn
|upkeep
|turn|62
|
|t:|1776345756
|move|p2a: Corviknight|Drill Peck|p1a: Alomomola
|-damage|p1a: Alomomola|89/100
|move|p1a: Alomomola|Tickle|p2a: Corviknight
|-unboost|p2a: Corviknight|atk|1
|-unboost|p2a: Corviknight|def|1
|
|-heal|p2a: Corviknight|84/100 brn|[from] item: Leftovers
|-damage|p2a: Corviknight|78/100 brn|[from] brn
|upkeep
|turn|63
|
|t:|1776345766
|switch|p2a: Dragonite|Dragonite, M|100/100
|move|p1a: Alomomola|Protect||[still]
|-fail|p1a: Alomomola
|
|upkeep
|turn|64
|
|t:|1776345773
|move|p2a: Dragonite|Dragon Dance|p2a: Dragonite
|-boost|p2a: Dragonite|atk|1
|-boost|p2a: Dragonite|spe|1
|move|p1a: Alomomola|Tickle|p2a: Dragonite
|-unboost|p2a: Dragonite|atk|1
|-unboost|p2a: Dragonite|def|1
|
|upkeep
|turn|65
|
|t:|1776345780
|move|p2a: Dragonite|Dragon Dance|p2a: Dragonite
|-boost|p2a: Dragonite|atk|1
|-boost|p2a: Dragonite|spe|1
|move|p1a: Alomomola|Tickle|p2a: Dragonite
|-unboost|p2a: Dragonite|atk|1
|-unboost|p2a: Dragonite|def|1
|
|upkeep
|turn|66
|
|t:|1776345787
|move|p2a: Dragonite|Dragon Dance|p2a: Dragonite
|-boost|p2a: Dragonite|atk|1
|-boost|p2a: Dragonite|spe|1
|move|p1a: Alomomola|Tickle|p2a: Dragonite
|-unboost|p2a: Dragonite|atk|1
|-unboost|p2a: Dragonite|def|1
|
|upkeep
|turn|67
|
|t:|1776345798
|switch|p2a: Corviknight|Corviknight, M|78/100 brn
|-ability|p2a: Corviknight|Pressure
|move|p1a: Alomomola|Tickle|p2a: Corviknight
|-unboost|p2a: Corviknight|atk|1
|-unboost|p2a: Corviknight|def|1
|
|-heal|p2a: Corviknight|84/100 brn|[from] item: Leftovers
|-damage|p2a: Corviknight|78/100 brn|[from] brn
|upkeep
|turn|68
|
|t:|1776345807
|move|p2a: Corviknight|Drill Peck|p1a: Alomomola
|-damage|p1a: Alomomola|85/100
|move|p1a: Alomomola|Flip Turn|p2a: Corviknight
|-damage|p2a: Corviknight|63/100 brn
|
|t:|1776345813
|switch|p1a: Kyurem|Kyurem|100/100|[from] Flip Turn
|-ability|p1a: Kyurem|Pressure
|
|-heal|p2a: Corviknight|69/100 brn|[from] item: Leftovers
|-damage|p2a: Corviknight|63/100 brn|[from] brn
|upkeep
|turn|69
|
|t:|1776345829
|move|p1a: Kyurem|Substitute|p1a: Kyurem
|-start|p1a: Kyurem|Substitute
|-damage|p1a: Kyurem|76/100
|move|p2a: Corviknight|Roost|p2a: Corviknight
|-heal|p2a: Corviknight|100/100 brn
|-singleturn|p2a: Corviknight|move: Roost
|
|-heal|p1a: Kyurem|82/100|[from] item: Leftovers
|-damage|p2a: Corviknight|94/100 brn|[from] brn
|upkeep
|turn|70
|
|t:|1776345839
|move|p1a: Kyurem|Freeze-Dry|p2a: Corviknight
|-damage|p2a: Corviknight|57/100 brn
|move|p2a: Corviknight|Iron Defense|p2a: Corviknight
|-boost|p2a: Corviknight|def|2
|
|-heal|p1a: Kyurem|88/100|[from] item: Leftovers
|-heal|p2a: Corviknight|63/100 brn|[from] item: Leftovers
|-damage|p2a: Corviknight|57/100 brn|[from] brn
|upkeep
|turn|71
|
|t:|1776345848
|move|p1a: Kyurem|Freeze-Dry|p2a: Corviknight
|-damage|p2a: Corviknight|22/100 brn
|move|p2a: Corviknight|Roost|p2a: Corviknight
|-heal|p2a: Corviknight|72/100 brn
|-singleturn|p2a: Corviknight|move: Roost
|
|-heal|p1a: Kyurem|94/100|[from] item: Leftovers
|-heal|p2a: Corviknight|78/100 brn|[from] item: Leftovers
|-damage|p2a: Corviknight|72/100 brn|[from] brn
|upkeep
|turn|72
|
|t:|1776345858
|move|p1a: Kyurem|Freeze-Dry|p2a: Corviknight
|-damage|p2a: Corviknight|35/100 brn
|move|p2a: Corviknight|Body Press|p1a: Kyurem
|-supereffective|p1a: Kyurem
|-end|p1a: Kyurem|Substitute
|
|-heal|p1a: Kyurem|99/100|[from] item: Leftovers
|-heal|p2a: Corviknight|41/100 brn|[from] item: Leftovers
|-damage|p2a: Corviknight|35/100 brn|[from] brn
|upkeep
|turn|73
|
|t:|1776345868
|move|p1a: Kyurem|Freeze-Dry|p2a: Corviknight
|-crit|p2a: Corviknight
|-damage|p2a: Corviknight|0 fnt
|faint|p2a: Corviknight
|
|-heal|p1a: Kyurem|100/100|[from] item: Leftovers
|upkeep
|
|t:|1776345873
|switch|p2a: Darkrai|Darkrai|12/100
|turn|74
|
|t:|1776345883
|switch|p1a: Corviknight|Corviknight, F|86/100 brn
|-ability|p1a: Corviknight|Pressure
|move|p2a: Darkrai|Dark Pulse|p1a: Corviknight
|-damage|p1a: Corviknight|55/100 brn
|
|-heal|p1a: Corviknight|61/100 brn|[from] item: Leftovers
|-damage|p1a: Corviknight|55/100 brn|[from] brn
|upkeep
|turn|75
|
|t:|1776345892
|move|p2a: Darkrai|Dark Pulse|p1a: Corviknight
|-damage|p1a: Corviknight|25/100 brn
|move|p1a: Corviknight|U-turn|p2a: Darkrai
|-supereffective|p2a: Darkrai
|-damage|p2a: Darkrai|0 fnt
|faint|p2a: Darkrai
|
|t:|1776345901
|switch|p1a: Alomomola|Alomomola, F|100/100|[from] U-turn
|
|upkeep
|
|t:|1776345905
|switch|p2a: Dragonite|Dragonite, M|100/100
|turn|76
|
|t:|1776345909
|move|p2a: Dragonite|Dragon Dance|p2a: Dragonite
|-boost|p2a: Dragonite|atk|1
|-boost|p2a: Dragonite|spe|1
|move|p1a: Alomomola|Tickle|p2a: Dragonite
|-unboost|p2a: Dragonite|atk|1
|-unboost|p2a: Dragonite|def|1
|
|upkeep
|turn|77
|
|t:|1776345915
|move|p2a: Dragonite|Dragon Dance|p2a: Dragonite
|-boost|p2a: Dragonite|atk|1
|-boost|p2a: Dragonite|spe|1
|move|p1a: Alomomola|Tickle|p2a: Dragonite
|-unboost|p2a: Dragonite|atk|1
|-unboost|p2a: Dragonite|def|1
|
|upkeep
|turn|78
|
|t:|1776345921
|move|p2a: Dragonite|Dragon Dance|p2a: Dragonite
|-boost|p2a: Dragonite|atk|1
|-boost|p2a: Dragonite|spe|1
|move|p1a: Alomomola|Tickle|p2a: Dragonite
|-unboost|p2a: Dragonite|atk|1
|-unboost|p2a: Dragonite|def|1
|
|upkeep
|turn|79
|
|t:|1776345927
|move|p2a: Dragonite|Dragon Dance|p2a: Dragonite
|-boost|p2a: Dragonite|atk|1
|-boost|p2a: Dragonite|spe|1
|move|p1a: Alomomola|Tickle|p2a: Dragonite
|-unboost|p2a: Dragonite|atk|1
|-unboost|p2a: Dragonite|def|1
|
|upkeep
|turn|80
|
|t:|1776345936
|move|p2a: Dragonite|Earthquake|p1a: Alomomola
|-damage|p1a: Alomomola|83/100
|move|p1a: Alomomola|Tickle|p2a: Dragonite
|-unboost|p2a: Dragonite|atk|1
|-unboost|p2a: Dragonite|def|1
|
|upkeep
|turn|81
|c|☆blu-97_v|this stupid mola
|
|t:|1776345945
|switch|p2a: Great Tusk|Great Tusk|20/100 brn
|move|p1a: Alomomola|Tickle|p2a: Great Tusk
|-unboost|p2a: Great Tusk|atk|1
|-unboost|p2a: Great Tusk|def|1
|
|-heal|p2a: Great Tusk|26/100 brn|[from] item: Leftovers
|-damage|p2a: Great Tusk|20/100 brn|[from] brn
|upkeep
|turn|82
|
|t:|1776345953
|-end|p2a: Great Tusk|Protosynthesis|[silent]
|switch|p2a: Dragonite|Dragonite, M|100/100
|move|p1a: Alomomola|Flip Turn|p2a: Dragonite
|-resisted|p2a: Dragonite
|-damage|p2a: Dragonite|96/100
|c|☆blu-97_v|fking bunch of pinkatards
|c|☆blu-97_v|abusing it
|
|t:|1776345966
|switch|p1a: Corviknight|Corviknight, F|25/100 brn|[from] Flip Turn
|-ability|p1a: Corviknight|Pressure
|
|-heal|p1a: Corviknight|32/100 brn|[from] item: Leftovers
|-damage|p1a: Corviknight|25/100 brn|[from] brn
|upkeep
|turn|83
|-message|blu-97_v forfeited.
|
|win|TheArrotino
