|html|<div class="broadcast-blue"><strong>[Gen 9] OU is currently suspecting Tera Blast! For information on how to participate check out the <a href="https://www.smogon.com/tools/suspects/view/200">suspect thread</a>.</strong></div>
|j|☆KaztukeFlare
|j|☆Soul24125
|t:|1776197872
|gametype|singles
|player|p1|KaztukeFlare|102|1163
|player|p2|Soul24125|dawn-gen4pt|1163
|gen|9
|tier|[Gen 9] OU
|rated|
|rule|HP Percentage Mod: HP is shown in percentages
|rule|Endless Battle Clause: Forcing endless battles is banned
|rule|Species Clause: Limit one of each Pokémon
|rule|OHKO Clause: OHKO moves are banned
|rule|Evasion Items Clause: Evasion items are banned
|rule|Evasion Moves Clause: Evasion moves are banned
|rule|Evasion Abilities Clause: Evasion abilities are banned
|rule|Sleep Moves Clause: Sleep-inducing moves are banned
|clearpoke
|poke|p1|Ninetales, F|
|poke|p1|Blaziken, M|
|poke|p1|Walking Wake|
|poke|p1|Whimsicott, F|
|poke|p1|Great Tusk|
|poke|p1|Iron Moth|
|poke|p2|Alomomola, F|
|poke|p2|Ogerpon-Wellspring, F|
|poke|p2|Gliscor, M|
|poke|p2|Heatran, M|
|poke|p2|Dragapult, F|
|poke|p2|Iron Valiant|
|teampreview
|inactive|Battle timer is ON: inactive players will automatically lose when time's up. (requested by KaztukeFlare)
|
|t:|1776197891
|teamsize|p1|6
|teamsize|p2|6
|start
|switch|p1a: borutodad|Ninetales, F, shiny|100/100
|switch|p2a: Alomomola|Alomomola, F|100/100
|-weather|SunnyDay|[from] ability: Drought|[of] p1a: borutodad
|turn|1
|
|t:|1776197906
|switch|p1a: Treevis Scott|Whimsicott, F|100/100
|move|p2a: Alomomola|Flip Turn|p1a: Treevis Scott
|-resisted|p1a: Treevis Scott
|-damage|p1a: Treevis Scott|95/100
|
|t:|1776197912
|switch|p2a: Heatran|Heatran, M|100/100|[from] Flip Turn
|
|-weather|SunnyDay|[upkeep]
|upkeep
|turn|2
|
|t:|1776197920
|-terastallize|p1a: Treevis Scott|Ghost
|move|p1a: Treevis Scott|Growth|p1a: Treevis Scott
|-boost|p1a: Treevis Scott|atk|2
|-boost|p1a: Treevis Scott|spa|2
|move|p2a: Heatran|Lava Plume|p1a: Treevis Scott
|-damage|p1a: Treevis Scott|21/100
|
|-weather|SunnyDay|[upkeep]
|upkeep
|turn|3
|
|t:|1776197934
|move|p1a: Treevis Scott|Shadow Ball|p2a: Heatran
|-damage|p2a: Heatran|51/100
|-damage|p1a: Treevis Scott|11/100|[from] item: Life Orb
|move|p2a: Heatran|Lava Plume|p1a: Treevis Scott
|-damage|p1a: Treevis Scott|0 fnt
|faint|p1a: Treevis Scott
|
|-weather|SunnyDay|[upkeep]
|-heal|p2a: Heatran|57/100|[from] item: Leftovers
|upkeep
|
|t:|1776197943
|switch|p1a: Dubya|Walking Wake|100/100
|-activate|p1a: Dubya|ability: Protosynthesis
|-start|p1a: Dubya|protosynthesisspe
|turn|4
|
|t:|1776197962
|switch|p2a: Alomomola|Alomomola, F|100/100
|move|p1a: Dubya|Hydro Steam|p2a: Alomomola
|-resisted|p2a: Alomomola
|-damage|p2a: Alomomola|69/100
|
|-weather|SunnyDay|[upkeep]
|upkeep
|turn|5
|
|t:|1776197977
|move|p2a: Alomomola|Protect|p2a: Alomomola
|-singleturn|p2a: Alomomola|Protect
|move|p1a: Dubya|Knock Off|p2a: Alomomola
|-activate|p2a: Alomomola|move: Protect
|
|-weather|SunnyDay|[upkeep]
|upkeep
|turn|6
|
|t:|1776197991
|move|p1a: Dubya|Knock Off|p2a: Alomomola
|-damage|p2a: Alomomola|60/100
|-damage|p1a: Dubya|84/100|[from] item: Rocky Helmet|[of] p2a: Alomomola
|-enditem|p2a: Alomomola|Rocky Helmet|[from] move: Knock Off|[of] p1a: Dubya
|move|p2a: Alomomola|Flip Turn|p1a: Dubya
|-resisted|p1a: Dubya
|-damage|p1a: Dubya|82/100
|
|t:|1776198000
|switch|p2a: Dragapult|Dragapult, F|100/100|[from] Flip Turn
|
|-weather|SunnyDay|[upkeep]
|upkeep
|turn|7
|
|t:|1776198015
|move|p1a: Dubya|Draco Meteor|p2a: Dragapult
|-supereffective|p2a: Dragapult
|-damage|p2a: Dragapult|0 fnt
|-unboost|p1a: Dubya|spa|2
|faint|p2a: Dragapult
|
|-weather|SunnyDay|[upkeep]
|upkeep
|inactive|Soul24125 has 120 seconds left.
|
|t:|1776198033
|switch|p2a: Iron Valiant|Iron Valiant|100/100
|-enditem|p2a: Iron Valiant|Booster Energy
|-activate|p2a: Iron Valiant|ability: Quark Drive|[fromitem]
|-start|p2a: Iron Valiant|quarkdrivespe
|turn|8
|
|t:|1776198059
|move|p2a: Iron Valiant|Calm Mind|p2a: Iron Valiant
|-boost|p2a: Iron Valiant|spa|1
|-boost|p2a: Iron Valiant|spd|1
|move|p1a: Dubya|Flip Turn|p2a: Iron Valiant
|-damage|p2a: Iron Valiant|90/100
|
|t:|1776198066
|-end|p1a: Dubya|Protosynthesis|[silent]
|switch|p1a: Kokushibo|Iron Moth|100/100|[from] Flip Turn
|-enditem|p1a: Kokushibo|Booster Energy
|-activate|p1a: Kokushibo|ability: Quark Drive|[fromitem]
|-start|p1a: Kokushibo|quarkdrivespe
|
|-weather|none
|upkeep
|turn|9
|
|t:|1776198080
|move|p2a: Iron Valiant|Psyshock|p1a: Kokushibo
|-supereffective|p1a: Kokushibo
|-damage|p1a: Kokushibo|0 fnt
|faint|p1a: Kokushibo
|-end|p1a: Kokushibo|Quark Drive|[silent]
|
|upkeep
|
|t:|1776198087
|switch|p1a: borutodad|Ninetales, F, shiny|100/100
|-weather|SunnyDay|[from] ability: Drought|[of] p1a: borutodad
|turn|10
|
|t:|1776198099
|switch|p1a: kenshiro|Blaziken, M, shiny|100/100
|move|p2a: Iron Valiant|Moonblast|p1a: kenshiro
|-damage|p1a: kenshiro|0 fnt
|faint|p1a: kenshiro
|
|-weather|SunnyDay|[upkeep]
|upkeep
|inactive|KaztukeFlare has 120 seconds left.
|
|t:|1776198114
|switch|p1a: Address Me|Great Tusk|100/100
|-activate|p1a: Address Me|ability: Protosynthesis
|-start|p1a: Address Me|protosynthesisspe
|turn|11
|
|t:|1776198120
|move|p2a: Iron Valiant|Moonblast|p1a: Address Me
|-supereffective|p1a: Address Me
|-damage|p1a: Address Me|0 fnt
|faint|p1a: Address Me
|-end|p1a: Address Me|Protosynthesis|[silent]
|
|-weather|SunnyDay|[upkeep]
|upkeep
|
|t:|1776198125
|switch|p1a: Dubya|Walking Wake|82/100
|-activate|p1a: Dubya|ability: Protosynthesis
|-start|p1a: Dubya|protosynthesisspe
|turn|12
|
|t:|1776198132
|move|p2a: Iron Valiant|Moonblast|p1a: Dubya
|-supereffective|p1a: Dubya
|-damage|p1a: Dubya|0 fnt
|faint|p1a: Dubya
|-end|p1a: Dubya|Protosynthesis|[silent]
|
|-weather|SunnyDay|[upkeep]
|upkeep
|-message|KaztukeFlare forfeited.
|
|win|Soul24125
|raw|KaztukeFlare's rating: 1163 &rarr; <strong>1138</strong><br />(-25 for losing)
|raw|Soul24125's rating: 1163 &rarr; <strong>1188</strong><br />(+25 for winning)
|l|☆KaztukeFlare
|player|p1|
