|html|<div class="broadcast-blue"><strong>[Gen 9] OU is currently suspecting Volcarona! For information on how to participate check out the <a href="https://www.smogon.com/tools/suspects/view/208">suspect thread</a>.</strong></div>
|j|☆prettymildramen
|j|☆turbomadre%
|t:|1778501030
|gametype|singles
|player|p1|prettymildramen|colress|1290
|player|p2|turbomadre%|170|1248
|gen|9
|tier|[Gen 9] OU
|rated|
|rule|HP Percentage Mod: HP is shown in percentages
|rule|Endless Battle Clause: Forcing endless battles is banned
|rule|Species Clause: Limit one of each Pokémon
|rule|OHKO Clause: OHKO moves are banned
|rule|Evasion Items Clause: Evasion items are banned
|rule|Evasion Moves Clause: Evasion moves are banned
|rule|Evasion Abilities Clause: Evasion abilities are banned
|rule|Sleep Moves Clause: Sleep-inducing moves are banned
|clearpoke
|poke|p1|Pikachu-Original, M|
|poke|p1|Uxie|
|poke|p1|Quaquaval, F|
|poke|p1|Araquanid, M|
|poke|p1|Moltres-Galar|
|poke|p1|Metagross|
|poke|p2|Slither Wing|
|poke|p2|Ninetales, F|
|poke|p2|Raging Bolt|
|poke|p2|Dragapult, F|
|poke|p2|Great Tusk|
|poke|p2|Fezandipiti, M|
|teampreview
|inactive|Battle timer is ON: inactive players will automatically lose when time's up. (requested by prettymildramen)
|
|t:|1778501049
|teamsize|p1|6
|teamsize|p2|6
|start
|switch|p1a: Araquanid|Araquanid, M|100/100
|switch|p2a: Ninetales|Ninetales, F|100/100
|-weather|SunnyDay|[from] ability: Drought|[of] p2a: Ninetales
|turn|1
|
|t:|1778501059
|switch|p2a: Raging Bolt|Raging Bolt|100/100
|-activate|p2a: Raging Bolt|ability: Protosynthesis
|-start|p2a: Raging Bolt|protosynthesisspa
|move|p1a: Araquanid|Surf|p2a: Raging Bolt
|-resisted|p2a: Raging Bolt
|-damage|p2a: Raging Bolt|87/100
|
|-weather|SunnyDay|[upkeep]
|upkeep
|turn|2
|
|t:|1778501065
|move|p2a: Raging Bolt|Volt Switch|p1a: Araquanid
|-supereffective|p1a: Araquanid
|-damage|p1a: Araquanid|0 fnt
|faint|p1a: Araquanid
|
|t:|1778501076
|-end|p2a: Raging Bolt|Protosynthesis|[silent]
|switch|p2a: Great Tusk|Great Tusk|100/100|[from] Volt Switch
|-activate|p2a: Great Tusk|ability: Protosynthesis
|-start|p2a: Great Tusk|protosynthesisatk
|
|-weather|SunnyDay|[upkeep]
|upkeep
|l|☆prettymildramen
|inactive|prettymildramen disconnected and has a minute to reconnect!
|player|p1|
|j|☆prettymildramen
|inactive|prettymildramen reconnected and has 125 seconds left.
|player|p1|prettymildramen|colress|
|inactive|prettymildramen has 120 seconds left.
|
|t:|1778501107
|switch|p1a: Uxie|Uxie|100/100
|turn|3
|l|☆prettymildramen
|inactive|prettymildramen disconnected and has a minute to reconnect!
|player|p1|
|j|☆prettymildramen
|inactive|prettymildramen reconnected and has 125 seconds left.
|player|p1|prettymildramen|colress|
|
|t:|1778501126
|-terastallize|p2a: Great Tusk|Steel
|move|p1a: Uxie|Foul Play|p2a: Great Tusk
|-damage|p2a: Great Tusk|76/100
|move|p2a: Great Tusk|Knock Off|p1a: Uxie
|-supereffective|p1a: Uxie
|-crit|p1a: Uxie
|-damage|p1a: Uxie|22/100
|-enditem|p1a: Uxie|Leftovers|[from] move: Knock Off|[of] p2a: Great Tusk
|
|-weather|SunnyDay|[upkeep]
|upkeep
|turn|4
|
|t:|1778501137
|move|p1a: Uxie|Thunder Wave|p2a: Great Tusk
|-status|p2a: Great Tusk|par
|move|p2a: Great Tusk|Stealth Rock|p1a: Uxie
|-sidestart|p1: prettymildramen|move: Stealth Rock
|
|-weather|SunnyDay|[upkeep]
|upkeep
|turn|5
|
|t:|1778501143
|move|p1a: Uxie|Encore|p2a: Great Tusk
|-start|p2a: Great Tusk|Encore
|move|p2a: Great Tusk|Stealth Rock||[still]
|-fail|p2a: Great Tusk
|
|-weather|SunnyDay|[upkeep]
|upkeep
|turn|6
|
|t:|1778501153
|move|p1a: Uxie|U-turn|p2a: Great Tusk
|-resisted|p2a: Great Tusk
|-damage|p2a: Great Tusk|72/100 par
|
|t:|1778501156
|switch|p1a: Quaquaval|Quaquaval, F|100/100|[from] U-turn
|cant|p2a: Great Tusk|par
|
|-weather|SunnyDay|[upkeep]
|upkeep
|turn|7
|
|t:|1778501160
|-end|p2a: Great Tusk|Protosynthesis|[silent]
|switch|p2a: Raging Bolt|Raging Bolt|87/100
|-activate|p2a: Raging Bolt|ability: Protosynthesis
|-start|p2a: Raging Bolt|protosynthesisspa
|move|p1a: Quaquaval|Aqua Step|p2a: Raging Bolt
|-resisted|p2a: Raging Bolt
|-damage|p2a: Raging Bolt|78/100
|-boost|p1a: Quaquaval|spe|1
|
|-weather|SunnyDay|[upkeep]
|upkeep
|turn|8
|
|t:|1778501166
|move|p1a: Quaquaval|Close Combat|p2a: Raging Bolt
|-damage|p2a: Raging Bolt|16/100
|-unboost|p1a: Quaquaval|def|1
|-unboost|p1a: Quaquaval|spd|1
|move|p2a: Raging Bolt|Volt Switch|p1a: Quaquaval
|-supereffective|p1a: Quaquaval
|-damage|p1a: Quaquaval|0 fnt
|faint|p1a: Quaquaval
|-message|prettymildramen forfeited.
|
|win|turbomadre%
|raw|prettymildramen's rating: 1290 &rarr; <strong>1262</strong><br />(-28 for losing)
|raw|turbomadre%'s rating: 1248 &rarr; <strong>1276</strong><br />(+28 for winning)
|l|☆prettymildramen
|player|p1|
|l|☆turbomadre%
|player|p2|
