|html|<div class="broadcast-blue"><strong>[Gen 9] OU is currently suspecting Tera Blast! For information on how to participate check out the <a href="https://www.smogon.com/tools/suspects/view/200">suspect thread</a>.</strong></div>
|j|☆NiZZaYe
|j|☆4axes
|t:|1776126054
|gametype|singles
|player|p1|NiZZaYe|1|1552
|player|p2|4axes|workerice|1594
|gen|9
|tier|[Gen 9] OU
|rated|
|rule|HP Percentage Mod: HP is shown in percentages
|rule|Endless Battle Clause: Forcing endless battles is banned
|rule|Species Clause: Limit one of each Pokémon
|rule|OHKO Clause: OHKO moves are banned
|rule|Evasion Items Clause: Evasion items are banned
|rule|Evasion Moves Clause: Evasion moves are banned
|rule|Evasion Abilities Clause: Evasion abilities are banned
|rule|Sleep Moves Clause: Sleep-inducing moves are banned
|clearpoke
|poke|p1|Garchomp, M|
|poke|p1|Darkrai|
|poke|p1|Gholdengo|
|poke|p1|Ogerpon-Wellspring, F|
|poke|p1|Iron Valiant|
|poke|p1|Iron Treads|
|poke|p2|Zamazenta-*|
|poke|p2|Gliscor, M|
|poke|p2|Clodsire, M|
|poke|p2|Corviknight, M|
|poke|p2|Sinistcha|
|poke|p2|Toxapex, F|
|teampreview
|inactive|Battle timer is ON: inactive players will automatically lose when time's up. (requested by NiZZaYe)
|
|t:|1776126088
|teamsize|p1|6
|teamsize|p2|6
|start
|switch|p1a: Ogerpon|Ogerpon-Wellspring, F|100/100
|switch|p2a: Denial|Gliscor, M|100/100
|turn|1
|
|t:|1776126093
|switch|p2a: Depression|Sinistcha|100/100
|move|p1a: Ogerpon|Swords Dance|p1a: Ogerpon
|-boost|p1a: Ogerpon|atk|2
|
|upkeep
|turn|2
|
|t:|1776126116
|switch|p1a: Darkrai|Darkrai|100/100
|move|p2a: Depression|Strength Sap|p1a: Darkrai
|-unboost|p1a: Darkrai|atk|1
|
|upkeep
|turn|3
|
|t:|1776126124
|switch|p2a: Acceptance|Clodsire, M|100/100
|move|p1a: Darkrai|Knock Off|p2a: Acceptance
|-damage|p2a: Acceptance|68/100
|-enditem|p2a: Acceptance|Heavy-Duty Boots|[from] move: Knock Off|[of] p1a: Darkrai
|
|upkeep
|turn|4
|
|t:|1776126137
|move|p1a: Darkrai|Ice Beam|p2a: Acceptance
|-supereffective|p2a: Acceptance
|-damage|p2a: Acceptance|32/100
|move|p2a: Acceptance|Stealth Rock|p1a: Darkrai
|-sidestart|p1: NiZZaYe|move: Stealth Rock
|
|upkeep
|turn|5
|j| Ok_Phoenix
|c| Ok_Phoenix|yo yo yo
|
|t:|1776126148
|move|p1a: Darkrai|Knock Off|p2a: Acceptance
|-damage|p2a: Acceptance|9/100
|move|p2a: Acceptance|Earthquake|p1a: Darkrai
|-damage|p1a: Darkrai|62/100
|
|upkeep
|turn|6
|
|t:|1776126163
|move|p1a: Darkrai|Knock Off|p2a: Acceptance
|-damage|p2a: Acceptance|0 fnt
|faint|p2a: Acceptance
|
|upkeep
|
|t:|1776126164
|switch|p2a: Bargaining|Zamazenta|100/100
|-ability|p2a: Bargaining|Dauntless Shield|boost
|-boost|p2a: Bargaining|def|1
|turn|7
|
|t:|1776126172
|switch|p1a: Garchomp|Garchomp, M|100/100
|-damage|p1a: Garchomp|94/100|[from] Stealth Rock
|move|p2a: Bargaining|Iron Head|p1a: Garchomp
|-damage|p1a: Garchomp|79/100
|-damage|p2a: Bargaining|88/100|[from] ability: Rough Skin|[of] p1a: Garchomp
|-damage|p2a: Bargaining|72/100|[from] item: Rocky Helmet|[of] p1a: Garchomp
|
|upkeep
|turn|8
|
|t:|1776126179
|switch|p2a: Denial|Gliscor, M|100/100
|move|p1a: Garchomp|Stealth Rock|p2a: Denial
|-sidestart|p2: 4axes|move: Stealth Rock
|
|-status|p2a: Denial|tox|[from] item: Toxic Orb
|upkeep
|turn|9
|
|t:|1776126187
|move|p1a: Garchomp|Spikes|p2a: Denial
|-sidestart|p2: 4axes|Spikes
|move|p2a: Denial|Spikes|p1a: Garchomp
|-sidestart|p1: NiZZaYe|Spikes
|
|upkeep
|turn|10
|c| Ok_Phoenix|trading spikes
|
|t:|1776126200
|move|p1a: Garchomp|Spikes|p2a: Denial
|-sidestart|p2: 4axes|Spikes
|move|p2a: Denial|Spikes|p1a: Garchomp
|-sidestart|p1: NiZZaYe|Spikes
|
|upkeep
|turn|11
|c|☆4axes|indeed
|c| Ok_Phoenix|lets do it again
|c|☆4axes|and what a trade it is
|
|t:|1776126220
|move|p1a: Garchomp|Spikes|p2a: Denial
|-sidestart|p2: 4axes|Spikes
|move|p2a: Denial|Spikes|p1a: Garchomp
|-sidestart|p1: NiZZaYe|Spikes
|
|upkeep
|turn|12
|
|t:|1776126227
|move|p2a: Denial|Protect|p2a: Denial
|-singleturn|p2a: Denial|Protect
|move|p1a: Garchomp|Dragon Tail|p2a: Denial
|-activate|p2a: Denial|move: Protect
|
|upkeep
|turn|13
|c| Ok_Phoenix|juicy
|
|t:|1776126231
|move|p2a: Denial|Earthquake|p1a: Garchomp
|-crit|p1a: Garchomp
|-damage|p1a: Garchomp|48/100
|move|p1a: Garchomp|Dragon Tail|p2a: Denial
|-damage|p2a: Denial|80/100 tox
|drag|p2a: Anger|Corviknight, M|100/100
|-damage|p2a: Anger|88/100|[from] Stealth Rock
|-ability|p2a: Anger|Pressure
|
|upkeep
|turn|14
|
|t:|1776126240
|switch|p1a: Gholdengo|Gholdengo|100/100
|-damage|p1a: Gholdengo|94/100|[from] Stealth Rock
|-item|p1a: Gholdengo|Air Balloon
|switch|p2a: Denial|Gliscor, M|80/100 tox
|-damage|p2a: Denial|68/100 tox|[from] Stealth Rock
|
|-heal|p2a: Denial|80/100 tox|[from] ability: Poison Heal
|upkeep
|turn|15
|c| Ok_Phoenix|good double
|
|t:|1776126247
|move|p2a: Denial|Knock Off|p1a: Gholdengo
|-supereffective|p1a: Gholdengo
|-damage|p1a: Gholdengo|66/100
|-enditem|p1a: Gholdengo|Air Balloon
|move|p1a: Gholdengo|Hex|p2a: Denial
|-damage|p2a: Denial|31/100 tox
|
|-heal|p2a: Denial|43/100 tox|[from] ability: Poison Heal
|upkeep
|turn|16
|
|t:|1776126253
|move|p2a: Denial|Protect|p2a: Denial
|-singleturn|p2a: Denial|Protect
|move|p1a: Gholdengo|Hex|p2a: Denial
|-activate|p2a: Denial|move: Protect
|
|-heal|p2a: Denial|56/100 tox|[from] ability: Poison Heal
|upkeep
|turn|17
|
|t:|1776126262
|move|p2a: Denial|Earthquake|p1a: Gholdengo
|-supereffective|p1a: Gholdengo
|-damage|p1a: Gholdengo|18/100
|move|p1a: Gholdengo|Recover|p1a: Gholdengo
|-heal|p1a: Gholdengo|68/100
|
|-heal|p2a: Denial|68/100 tox|[from] ability: Poison Heal
|upkeep
|turn|18
|
|t:|1776126272
|-terastallize|p1a: Gholdengo|Fairy
|move|p2a: Denial|Earthquake|p1a: Gholdengo
|-damage|p1a: Gholdengo|46/100
|move|p1a: Gholdengo|Recover|p1a: Gholdengo
|-heal|p1a: Gholdengo|96/100
|
|-heal|p2a: Denial|81/100 tox|[from] ability: Poison Heal
|upkeep
|turn|19
|
|t:|1776126279
|move|p2a: Denial|Protect|p2a: Denial
|-singleturn|p2a: Denial|Protect
|move|p1a: Gholdengo|Hex|p2a: Denial
|-activate|p2a: Denial|move: Protect
|
|-heal|p2a: Denial|93/100 tox|[from] ability: Poison Heal
|upkeep
|turn|20
|c| Ok_Phoenix|he uses the tera
|c| Ok_Phoenix|we are going to see a switch here
|inactive|4axes has 120 seconds left.
|
|t:|1776126311
|move|p2a: Denial|Earthquake|p1a: Gholdengo
|-damage|p1a: Gholdengo|73/100
|move|p1a: Gholdengo|Hex|p2a: Denial
|-damage|p2a: Denial|44/100 tox
|
|-heal|p2a: Denial|56/100 tox|[from] ability: Poison Heal
|upkeep
|turn|21
|c| Ok_Phoenix|i lied
|
|t:|1776126326
|move|p2a: Denial|Protect|p2a: Denial
|-singleturn|p2a: Denial|Protect
|move|p1a: Gholdengo|Recover|p1a: Gholdengo
|-heal|p1a: Gholdengo|100/100
|
|-heal|p2a: Denial|69/100 tox|[from] ability: Poison Heal
|upkeep
|turn|22
|
|t:|1776126330
|switch|p2a: Anger|Corviknight, M|88/100
|-damage|p2a: Anger|76/100|[from] Stealth Rock
|-ability|p2a: Anger|Pressure
|move|p1a: Gholdengo|Hex|p2a: Anger
|-damage|p2a: Anger|58/100
|
|upkeep
|turn|23
|
|t:|1776126337
|move|p2a: Anger|Protect|p2a: Anger
|-singleturn|p2a: Anger|Protect
|move|p1a: Gholdengo|Thunder Wave|p2a: Anger
|-activate|p2a: Anger|move: Protect
|
|upkeep
|turn|24
|
|t:|1776126355
|switch|p1a: Iron Treads|Iron Treads|100/100
|-damage|p1a: Iron Treads|98/100|[from] Stealth Rock
|-damage|p1a: Iron Treads|73/100|[from] Spikes
|switch|p2a: Denial|Gliscor, M|69/100 tox
|-damage|p2a: Denial|56/100 tox|[from] Stealth Rock
|
|-heal|p1a: Iron Treads|79/100|[from] item: Leftovers
|-heal|p2a: Denial|69/100 tox|[from] ability: Poison Heal
|upkeep
|turn|25
|c| Ok_Phoenix|4axes this looks very tough for you
|
|t:|1776126370
|move|p2a: Denial|Protect|p2a: Denial
|-singleturn|p2a: Denial|Protect
|move|p1a: Iron Treads|Ice Spinner|p2a: Denial
|-activate|p2a: Denial|move: Protect
|
|-heal|p1a: Iron Treads|85/100|[from] item: Leftovers
|-heal|p2a: Denial|81/100 tox|[from] ability: Poison Heal
|upkeep
|turn|26
|c| Ok_Phoenix|i believe in you though
|c|☆4axes|indeed
|inactive|4axes has 120 seconds left.
|
|t:|1776126407
|move|p1a: Iron Treads|Knock Off|p2a: Denial
|-damage|p2a: Denial|63/100 tox
|-enditem|p2a: Denial|Toxic Orb|[from] move: Knock Off|[of] p1a: Iron Treads
|move|p2a: Denial|Earthquake|p1a: Iron Treads
|-supereffective|p1a: Iron Treads
|-damage|p1a: Iron Treads|29/100
|
|-heal|p1a: Iron Treads|35/100|[from] item: Leftovers
|-heal|p2a: Denial|75/100 tox|[from] ability: Poison Heal
|upkeep
|turn|27
|c| Ok_Phoenix|you might have to switch teams after this
|inactive|4axes has 120 seconds left.
|
|t:|1776126422
|move|p2a: Denial|Protect|p2a: Denial
|-singleturn|p2a: Denial|Protect
|move|p1a: Iron Treads|Ice Spinner|p2a: Denial
|-activate|p2a: Denial|move: Protect
|
|-heal|p1a: Iron Treads|41/100|[from] item: Leftovers
|-heal|p2a: Denial|88/100 tox|[from] ability: Poison Heal
|upkeep
|turn|28
|
|t:|1776126427
|move|p1a: Iron Treads|Rapid Spin|p2a: Denial
|-damage|p2a: Denial|77/100 tox
|-boost|p1a: Iron Treads|spe|1
|-sideend|p1: NiZZaYe|Spikes|[from] move: Rapid Spin|[of] p1a: Iron Treads
|-sideend|p1: NiZZaYe|Stealth Rock|[from] move: Rapid Spin|[of] p1a: Iron Treads
|move|p2a: Denial|Earthquake|p1a: Iron Treads
|-supereffective|p1a: Iron Treads
|-damage|p1a: Iron Treads|0 fnt
|faint|p1a: Iron Treads
|-end|p1a: Iron Treads|Quark Drive|[silent]
|
|-heal|p2a: Denial|89/100 tox|[from] ability: Poison Heal
|upkeep
|
|t:|1776126431
|switch|p1a: Ogerpon|Ogerpon-Wellspring, F|100/100
|turn|29
|
|t:|1776126445
|switch|p2a: Depression|Sinistcha|100/100
|move|p1a: Ogerpon|Ivy Cudgel|p2a: Depression|[anim] Ivy Cudgel Water
|-resisted|p2a: Depression
|-damage|p2a: Depression|82/100
|
|upkeep
|turn|30
|
|t:|1776126451
|switch|p1a: Garchomp|Garchomp, M|48/100
|move|p2a: Depression|Matcha Gotcha|p1a: Garchomp|[miss]
|-miss|p2a: Depression|p1a: Garchomp
|
|upkeep
|turn|31
|c| Ok_Phoenix|tough
|
|t:|1776126468
|switch|p1a: Darkrai|Darkrai|62/100
|move|p2a: Depression|Strength Sap|p1a: Darkrai
|-unboost|p1a: Darkrai|atk|1
|-heal|p2a: Depression|100/100
|
|upkeep
|turn|32
|
|t:|1776126475
|switch|p2a: ..and a Pex|Toxapex, F|100/100
|move|p1a: Darkrai|Knock Off|p2a: ..and a Pex
|-damage|p2a: ..and a Pex|88/100
|-enditem|p2a: ..and a Pex|Heavy-Duty Boots|[from] move: Knock Off|[of] p1a: Darkrai
|
|upkeep
|turn|33
|
|t:|1776126494
|switch|p1a: Gholdengo|Gholdengo, tera:Fairy|100/100
|switch|p2a: Denial|Gliscor, M|89/100 tox
|-damage|p2a: Denial|77/100 tox|[from] Stealth Rock
|
|-heal|p2a: Denial|89/100 tox|[from] ability: Poison Heal
|upkeep
|turn|34
|
|t:|1776126507
|switch|p1a: Darkrai|Darkrai|62/100
|move|p2a: Denial|Spikes|p1a: Darkrai
|-sidestart|p1: NiZZaYe|Spikes
|
|-heal|p2a: Denial|100/100 tox|[from] ability: Poison Heal
|upkeep
|turn|35
|
|t:|1776126514
|switch|p2a: ..and a Pex|Toxapex, F|100/100
|-damage|p2a: ..and a Pex|88/100|[from] Stealth Rock
|-damage|p2a: ..and a Pex|64/100|[from] Spikes
|move|p1a: Darkrai|Ice Beam|p2a: ..and a Pex
|-resisted|p2a: ..and a Pex
|-damage|p2a: ..and a Pex|50/100
|
|upkeep
|turn|36
|
|t:|1776126523
|move|p1a: Darkrai|Dark Pulse|p2a: ..and a Pex
|-damage|p2a: ..and a Pex|13/100
|move|p2a: ..and a Pex|Recover|p2a: ..and a Pex
|-heal|p2a: ..and a Pex|63/100
|
|upkeep
|turn|37
|
|t:|1776126528
|move|p1a: Darkrai|Dark Pulse|p2a: ..and a Pex
|-damage|p2a: ..and a Pex|28/100
|move|p2a: ..and a Pex|Toxic|p1a: Darkrai
|-status|p1a: Darkrai|tox
|
|-damage|p1a: Darkrai|56/100 tox|[from] psn
|upkeep
|turn|38
|
|t:|1776126536
|switch|p2a: Bargaining|Zamazenta|72/100
|move|p1a: Darkrai|Dark Pulse|p2a: Bargaining
|-resisted|p2a: Bargaining
|-damage|p2a: Bargaining|50/100
|
|-damage|p1a: Darkrai|44/100 tox|[from] psn
|upkeep
|turn|39
|
|t:|1776126550
|switch|p1a: Garchomp|Garchomp, M|48/100
|-damage|p1a: Garchomp|36/100|[from] Spikes
|move|p2a: Bargaining|Close Combat|p1a: Garchomp
|-damage|p1a: Garchomp|0 fnt
|-unboost|p2a: Bargaining|def|1
|-unboost|p2a: Bargaining|spd|1
|-damage|p2a: Bargaining|38/100|[from] ability: Rough Skin|[of] p1a: Garchomp
|-damage|p2a: Bargaining|21/100|[from] item: Rocky Helmet|[of] p1a: Garchomp
|faint|p1a: Garchomp
|
|upkeep
|
|t:|1776126571
|switch|p1a: Iron Valiant|Iron Valiant|100/100
|-damage|p1a: Iron Valiant|88/100|[from] Spikes
|-enditem|p1a: Iron Valiant|Booster Energy
|-activate|p1a: Iron Valiant|ability: Quark Drive|[fromitem]
|-start|p1a: Iron Valiant|quarkdrivespe
|turn|40
|j| rexa2
|inactive|4axes has 120 seconds left.
|c| Ok_Phoenix|now we have another viewer
|l| rexa2
|
|t:|1776126615
|switch|p2a: Denial|Gliscor, M|100/100 tox
|-damage|p2a: Denial|88/100 tox|[from] Stealth Rock
|move|p1a: Iron Valiant|Calm Mind|p1a: Iron Valiant
|-boost|p1a: Iron Valiant|spa|1
|-boost|p1a: Iron Valiant|spd|1
|
|-heal|p2a: Denial|100/100 tox|[from] ability: Poison Heal
|upkeep
|turn|41
|
|t:|1776126626
|move|p1a: Iron Valiant|Calm Mind|p1a: Iron Valiant
|-boost|p1a: Iron Valiant|spa|1
|-boost|p1a: Iron Valiant|spd|1
|move|p2a: Denial|Earthquake|p1a: Iron Valiant
|-damage|p1a: Iron Valiant|47/100
|
|upkeep
|turn|42
|inactive|4axes has 120 seconds left.
|
|t:|1776126640
|move|p1a: Iron Valiant|Moonblast|p2a: Denial
|-damage|p2a: Denial|21/100 tox
|move|p2a: Denial|Earthquake|p1a: Iron Valiant
|-damage|p1a: Iron Valiant|0 fnt
|faint|p1a: Iron Valiant
|-end|p1a: Iron Valiant|Quark Drive|[silent]
|
|-heal|p2a: Denial|33/100 tox|[from] ability: Poison Heal
|upkeep
|
|t:|1776126654
|switch|p1a: Darkrai|Darkrai|44/100 tox
|turn|43
|
|t:|1776126659
|move|p2a: Denial|Protect|p2a: Denial
|-singleturn|p2a: Denial|Protect
|move|p1a: Darkrai|Ice Beam|p2a: Denial
|-activate|p2a: Denial|move: Protect
|
|-damage|p1a: Darkrai|38/100 tox|[from] psn
|-heal|p2a: Denial|46/100 tox|[from] ability: Poison Heal
|upkeep
|turn|44
|
|t:|1776126668
|switch|p2a: ..and a Pex|Toxapex, F|62/100
|-damage|p2a: ..and a Pex|49/100|[from] Stealth Rock
|-damage|p2a: ..and a Pex|25/100|[from] Spikes
|move|p1a: Darkrai|Dark Pulse|p2a: ..and a Pex
|-damage|p2a: ..and a Pex|0 fnt
|faint|p2a: ..and a Pex
|
|-damage|p1a: Darkrai|26/100 tox|[from] psn
|upkeep
|
|t:|1776126674
|switch|p2a: Bargaining|Zamazenta|21/100
|turn|45
|inactive|4axes has 120 seconds left.
|
|t:|1776126707
|move|p2a: Bargaining|Iron Head|p1a: Darkrai
|-damage|p1a: Darkrai|0 fnt
|faint|p1a: Darkrai
|
|upkeep
|
|t:|1776126709
|switch|p1a: Gholdengo|Gholdengo, tera:Fairy|100/100
|-damage|p1a: Gholdengo|88/100|[from] Spikes
|turn|46
|inactive|4axes has 120 seconds left.
|c| Ok_Phoenix|this is crazy 4axes
|c|☆4axes|you wouldnt even know the extend of crazy without opposing gambit
|inactive|4axes has 90 seconds left.
|
|t:|1776126776
|switch|p2a: Anger|Corviknight, M|58/100
|-damage|p2a: Anger|45/100|[from] Stealth Rock
|-ability|p2a: Anger|Pressure
|move|p1a: Gholdengo|Hex|p2a: Anger
|-damage|p2a: Anger|25/100
|
|upkeep
|turn|47
|
|t:|1776126801
|move|p2a: Anger|Protect|p2a: Anger
|-singleturn|p2a: Anger|Protect
|move|p1a: Gholdengo|Thunder Wave|p2a: Anger
|-activate|p2a: Anger|move: Protect
|
|upkeep
|turn|48
|
|t:|1776126806
|switch|p1a: Ogerpon|Ogerpon-Wellspring, F|100/100
|-damage|p1a: Ogerpon|88/100|[from] Spikes
|move|p2a: Anger|Roost|p2a: Anger
|-heal|p2a: Anger|75/100
|-singleturn|p2a: Anger|move: Roost
|
|upkeep
|turn|49
|
|t:|1776126811
|switch|p2a: Depression|Sinistcha|100/100
|move|p1a: Ogerpon|Swords Dance|p1a: Ogerpon
|-boost|p1a: Ogerpon|atk|2
|
|upkeep
|turn|50
|
|t:|1776126815
|switch|p1a: Gholdengo|Gholdengo, tera:Fairy|88/100
|-damage|p1a: Gholdengo|76/100|[from] Spikes
|move|p2a: Depression|Foul Play|p1a: Gholdengo
|-resisted|p1a: Gholdengo
|-damage|p1a: Gholdengo|72/100
|
|upkeep
|turn|51
|
|t:|1776126821
|switch|p2a: Denial|Gliscor, M|46/100 tox
|-damage|p2a: Denial|33/100 tox|[from] Stealth Rock
|move|p1a: Gholdengo|Thunder Wave|p2a: Denial
|-immune|p2a: Denial
|
|-heal|p2a: Denial|46/100 tox|[from] ability: Poison Heal
|upkeep
|turn|52
|
|t:|1776126827
|move|p2a: Denial|Protect|p2a: Denial
|-singleturn|p2a: Denial|Protect
|move|p1a: Gholdengo|Make It Rain|p2a: Denial
|-activate|p2a: Denial|move: Protect
|
|-heal|p2a: Denial|58/100 tox|[from] ability: Poison Heal
|upkeep
|turn|53
|c| Ok_Phoenix|was not expecting foul play
|
|t:|1776126833
|switch|p2a: Anger|Corviknight, M|75/100
|-damage|p2a: Anger|63/100|[from] Stealth Rock
|-ability|p2a: Anger|Pressure
|move|p1a: Gholdengo|Thunder Wave|p2a: Anger
|-status|p2a: Anger|par
|
|upkeep
|turn|54
|
|t:|1776126842
|move|p1a: Gholdengo|Hex|p2a: Anger
|-damage|p2a: Anger|23/100 par
|cant|p2a: Anger|par
|
|upkeep
|turn|55
|
|t:|1776126848
|move|p2a: Anger|Protect|p2a: Anger
|-singleturn|p2a: Anger|Protect
|move|p1a: Gholdengo|Make It Rain|p2a: Anger
|-activate|p2a: Anger|move: Protect
|
|upkeep
|turn|56
|
|t:|1776126861
|cant|p2a: Anger|par
|move|p1a: Gholdengo|Make It Rain|p2a: Anger
|-resisted|p2a: Anger
|-damage|p2a: Anger|5/100 par
|-unboost|p1a: Gholdengo|spa|1
|
|upkeep
|turn|57
|
|t:|1776126868
|switch|p2a: Denial|Gliscor, M|58/100 tox
|-damage|p2a: Denial|46/100 tox|[from] Stealth Rock
|move|p1a: Gholdengo|Make It Rain|p2a: Denial
|-damage|p2a: Denial|18/100 tox
|-unboost|p1a: Gholdengo|spa|1
|
|-heal|p2a: Denial|30/100 tox|[from] ability: Poison Heal
|upkeep
|turn|58
|
|t:|1776126873
|switch|p1a: Ogerpon|Ogerpon-Wellspring, F|88/100
|-damage|p1a: Ogerpon|76/100|[from] Spikes
|move|p2a: Denial|Protect||[still]
|-fail|p2a: Denial
|
|-heal|p2a: Denial|43/100 tox|[from] ability: Poison Heal
|upkeep
|turn|59
|
|t:|1776126876
|switch|p1a: Gholdengo|Gholdengo, tera:Fairy|72/100
|-damage|p1a: Gholdengo|59/100|[from] Spikes
|switch|p2a: Depression|Sinistcha|100/100
|
|upkeep
|turn|60
|inactive|4axes has 120 seconds left.
|inactive|4axes has 90 seconds left.
|
|t:|1776126957
|move|p1a: Gholdengo|Recover|p1a: Gholdengo
|-heal|p1a: Gholdengo|100/100
|move|p2a: Depression|Shadow Ball|p1a: Gholdengo
|-damage|p1a: Gholdengo|69/100
|
|upkeep
|turn|61
|
|t:|1776126975
|move|p1a: Gholdengo|Thunder Wave|p2a: Depression
|-status|p2a: Depression|par
|move|p2a: Depression|Shadow Ball|p1a: Gholdengo
|-damage|p1a: Gholdengo|38/100
|
|upkeep
|turn|62
|
|t:|1776126981
|move|p1a: Gholdengo|Recover|p1a: Gholdengo
|-heal|p1a: Gholdengo|88/100
|cant|p2a: Depression|par
|
|upkeep
|turn|63
|
|t:|1776126985
|move|p1a: Gholdengo|Hex|p2a: Depression
|-supereffective|p2a: Depression
|-damage|p2a: Depression|0 fnt
|faint|p2a: Depression
|
|upkeep
|
|t:|1776126991
|switch|p2a: Denial|Gliscor, M|43/100 tox
|-damage|p2a: Denial|30/100 tox|[from] Stealth Rock
|turn|64
|inactive|4axes has 90 seconds left.
|
|t:|1776127006
|switch|p1a: Ogerpon|Ogerpon-Wellspring, F|76/100
|-damage|p1a: Ogerpon|64/100|[from] Spikes
|move|p2a: Denial|Protect||[still]
|-fail|p2a: Denial
|
|-heal|p2a: Denial|43/100 tox|[from] ability: Poison Heal
|upkeep
|turn|65
|
|t:|1776127011
|switch|p2a: Anger|Corviknight, M|5/100 par
|-damage|p2a: Anger|0 fnt|[from] Stealth Rock
|faint|p2a: Anger
|move|p1a: Ogerpon|Ivy Cudgel|p2: Anger|[notarget]
|-fail|p1a: Ogerpon
|
|upkeep
|
|t:|1776127016
|switch|p2a: Bargaining|Zamazenta|21/100
|turn|66
|n|!NiZZaYe|nizzaye
|
|t:|1776127026
|switch|p2a: Denial|Gliscor, M|43/100 tox
|-damage|p2a: Denial|30/100 tox|[from] Stealth Rock
|switch|p1a: Gholdengo|Gholdengo, tera:Fairy|88/100
|-damage|p1a: Gholdengo|75/100|[from] Spikes
|
|-heal|p2a: Denial|43/100 tox|[from] ability: Poison Heal
|upkeep
|turn|67
|inactive|4axes has 90 seconds left.
|c| Ok_Phoenix|what happened
|inactive|4axes has 60 seconds left.
|
|t:|1776127098
|move|p2a: Denial|Earthquake|p1a: Gholdengo
|-damage|p1a: Gholdengo|52/100
|move|p1a: Gholdengo|Make It Rain|p2a: Denial
|-damage|p2a: Denial|0 fnt
|-unboost|p1a: Gholdengo|spa|1
|faint|p2a: Denial
|
|upkeep
|
|t:|1776127102
|switch|p2a: Bargaining|Zamazenta|21/100
|turn|68
|
|t:|1776127115
|-terastallize|p2a: Bargaining|Dark
|move|p2a: Bargaining|Iron Head|p1a: Gholdengo
|-supereffective|p1a: Gholdengo
|-crit|p1a: Gholdengo
|-damage|p1a: Gholdengo|0 fnt
|faint|p1a: Gholdengo
|
|upkeep
|
|t:|1776127121
|switch|p1a: Ogerpon|Ogerpon-Wellspring, F|64/100
|-damage|p1a: Ogerpon|52/100|[from] Spikes
|turn|69
|
|t:|1776127128
|move|p2a: Bargaining|Close Combat|p1a: Ogerpon
|-damage|p1a: Ogerpon|0 fnt
|-unboost|p2a: Bargaining|def|1
|-unboost|p2a: Bargaining|spd|1
|faint|p1a: Ogerpon
|
|win|4axes
