|html|<div class="broadcast-blue"><strong>[Gen 9] OU is currently suspecting Tera Blast! For information on how to participate check out the <a href="https://www.smogon.com/tools/suspects/view/200">suspect thread</a>.</strong></div>
|j|☆blisteringbigfoot
|j|☆cvban
|t:|1776055344
|gametype|singles
|player|p1|blisteringbigfoot|roxie-masters|1394
|player|p2|cvban|rosa|1421
|gen|9
|tier|[Gen 9] OU
|rated|
|rule|HP Percentage Mod: HP is shown in percentages
|rule|Endless Battle Clause: Forcing endless battles is banned
|rule|Species Clause: Limit one of each Pokémon
|rule|OHKO Clause: OHKO moves are banned
|rule|Evasion Items Clause: Evasion items are banned
|rule|Evasion Moves Clause: Evasion moves are banned
|rule|Evasion Abilities Clause: Evasion abilities are banned
|rule|Sleep Moves Clause: Sleep-inducing moves are banned
|clearpoke
|poke|p1|Deoxys-Speed|
|poke|p1|Ceruledge, F|
|poke|p1|Zamazenta-*|
|poke|p1|Ogerpon-Wellspring, F|
|poke|p1|Glimmora, F|
|poke|p1|Moltres-Galar|
|poke|p2|Manaphy|
|poke|p2|Ogerpon, F|
|poke|p2|Iron Jugulis|
|poke|p2|Sandy Shocks|
|poke|p2|Latios, M|
|poke|p2|Scizor, M|
|teampreview
|inactive|Battle timer is ON: inactive players will automatically lose when time's up. (requested by cvban)
|j| ohko_smeargle
|
|t:|1776055373
|teamsize|p1|6
|teamsize|p2|6
|start
|switch|p1a: Deoxys|Deoxys-Speed|100/100
|switch|p2a: Iron Jugulis|Iron Jugulis|100/100
|-ability|p1a: Deoxys|Pressure
|-enditem|p2a: Iron Jugulis|Booster Energy
|-activate|p2a: Iron Jugulis|ability: Quark Drive|[fromitem]
|-start|p2a: Iron Jugulis|quarkdrivespe
|turn|1
|
|t:|1776055383
|switch|p1a: Glimmora|Glimmora, F|100/100
|move|p2a: Iron Jugulis|Taunt|p1a: Glimmora
|-start|p1a: Glimmora|move: Taunt
|
|upkeep
|turn|2
|
|t:|1776055388
|move|p2a: Iron Jugulis|Earth Power|p1a: Glimmora
|-supereffective|p1a: Glimmora
|-damage|p1a: Glimmora|0 fnt
|faint|p1a: Glimmora
|
|upkeep
|
|t:|1776055393
|switch|p1a: Moltres|Moltres-Galar|100/100
|turn|3
|
|t:|1776055403
|switch|p1a: Ogerpon|Ogerpon-Wellspring, F|100/100
|move|p2a: Iron Jugulis|Taunt|p1a: Ogerpon
|-start|p1a: Ogerpon|move: Taunt
|
|upkeep
|turn|4
|
|t:|1776055408
|move|p2a: Iron Jugulis|Hurricane|p1a: Ogerpon
|-supereffective|p1a: Ogerpon
|-damage|p1a: Ogerpon|0 fnt
|faint|p1a: Ogerpon
|
|upkeep
|
|t:|1776055413
|switch|p1a: Zamazenta|Zamazenta|100/100
|-ability|p1a: Zamazenta|Dauntless Shield|boost
|-boost|p1a: Zamazenta|def|1
|turn|5
|
|t:|1776055424
|-end|p2a: Iron Jugulis|Quark Drive|[silent]
|switch|p2a: Latios|Latios, M|100/100
|-terastallize|p1a: Zamazenta|Electric
|move|p1a: Zamazenta|Iron Defense|p1a: Zamazenta
|-boost|p1a: Zamazenta|def|2
|
|upkeep
|turn|6
|
|t:|1776055436
|move|p2a: Latios|Agility|p2a: Latios
|-boost|p2a: Latios|spe|2
|move|p1a: Zamazenta|Roar|p2a: Latios
|drag|p2a: Iron Jugulis|Iron Jugulis|100/100
|
|upkeep
|turn|7
|
|t:|1776055445
|move|p1a: Zamazenta|Body Press|p2a: Iron Jugulis
|-damage|p2a: Iron Jugulis|0 fnt
|faint|p2a: Iron Jugulis
|-end|p2a: Iron Jugulis|Quark Drive|[silent]
|
|upkeep
|
|t:|1776055456
|switch|p2a: Sandy Shocks|Sandy Shocks|100/100
|-enditem|p2a: Sandy Shocks|Booster Energy
|-activate|p2a: Sandy Shocks|ability: Protosynthesis|[fromitem]
|-start|p2a: Sandy Shocks|protosynthesisspe
|turn|8
|
|t:|1776055463
|move|p2a: Sandy Shocks|Earth Power|p1a: Zamazenta
|-supereffective|p1a: Zamazenta
|-damage|p1a: Zamazenta|21/100
|move|p1a: Zamazenta|Body Press|p2a: Sandy Shocks
|-damage|p2a: Sandy Shocks|5/100
|
|-heal|p1a: Zamazenta|27/100|[from] item: Leftovers
|upkeep
|turn|9
|
|t:|1776055470
|move|p2a: Sandy Shocks|Earth Power|p1a: Zamazenta
|-supereffective|p1a: Zamazenta
|-damage|p1a: Zamazenta|0 fnt
|faint|p1a: Zamazenta
|
|upkeep
|
|t:|1776055475
|switch|p1a: Ceruledge|Ceruledge, F|100/100
|turn|10
|
|t:|1776055489
|move|p1a: Ceruledge|Shadow Sneak|p2a: Sandy Shocks
|-damage|p2a: Sandy Shocks|0 fnt
|faint|p2a: Sandy Shocks
|-end|p2a: Sandy Shocks|Protosynthesis|[silent]
|-damage|p1a: Ceruledge|91/100|[from] item: Life Orb
|
|upkeep
|
|t:|1776055494
|switch|p2a: Manaphy|Manaphy|100/100
|turn|11
|
|t:|1776055511
|move|p2a: Manaphy|Tail Glow|p2a: Manaphy
|-boost|p2a: Manaphy|spa|3
|move|p1a: Ceruledge|Poltergeist|p2a: Manaphy
|-activate|p2a: Manaphy|move: Poltergeist|Sitrus Berry
|-damage|p2a: Manaphy|16/100
|-enditem|p2a: Manaphy|Sitrus Berry|[eat]
|-heal|p2a: Manaphy|41/100|[from] item: Sitrus Berry
|-damage|p1a: Ceruledge|81/100|[from] item: Life Orb
|
|upkeep
|turn|12
|
|t:|1776055518
|move|p1a: Ceruledge|Shadow Sneak|p2a: Manaphy
|-damage|p2a: Manaphy|10/100
|-damage|p1a: Ceruledge|71/100|[from] item: Life Orb
|move|p2a: Manaphy|Surf|p1a: Ceruledge
|-supereffective|p1a: Ceruledge
|-damage|p1a: Ceruledge|0 fnt
|faint|p1a: Ceruledge
|
|upkeep
|
|t:|1776055522
|switch|p1a: Deoxys|Deoxys-Speed|100/100
|-ability|p1a: Deoxys|Pressure
|turn|13
|
|t:|1776055529
|move|p1a: Deoxys|Psycho Boost|p2a: Manaphy
|-damage|p2a: Manaphy|0 fnt
|-unboost|p1a: Deoxys|spa|2
|faint|p2a: Manaphy
|
|upkeep
|
|t:|1776055544
|switch|p2a: Scizor|Scizor, M|100/100
|turn|14
|
|t:|1776055568
|move|p1a: Deoxys|Reflect|p1a: Deoxys
|-sidestart|p1: blisteringbigfoot|Reflect
|move|p2a: Scizor|Swords Dance|p2a: Scizor
|-boost|p2a: Scizor|atk|2
|
|upkeep
|turn|15
|
|t:|1776055574
|move|p1a: Deoxys|Taunt|p2a: Scizor
|-start|p2a: Scizor|move: Taunt
|move|p2a: Scizor|Knock Off|p1a: Deoxys
|-supereffective|p1a: Deoxys
|-damage|p1a: Deoxys|17/100
|-enditem|p1a: Deoxys|Light Clay|[from] move: Knock Off|[of] p2a: Scizor
|
|upkeep
|turn|16
|
|t:|1776055587
|move|p2a: Scizor|Bullet Punch|p1a: Deoxys
|-damage|p1a: Deoxys|0 fnt
|faint|p1a: Deoxys
|
|upkeep
|
|t:|1776055589
|switch|p1a: Moltres|Moltres-Galar|100/100
|turn|17
|
|t:|1776055603
|move|p2a: Scizor|Bullet Punch|p1a: Moltres
|-damage|p1a: Moltres|64/100
|move|p1a: Moltres|Fiery Wrath|p2a: Scizor
|-damage|p2a: Scizor|49/100
|-enditem|p2a: Scizor|Sitrus Berry|[eat]
|-heal|p2a: Scizor|73/100|[from] item: Sitrus Berry
|
|-end|p2a: Scizor|move: Taunt
|upkeep
|turn|18
|
|t:|1776055624
|move|p1a: Moltres|Nasty Plot|p1a: Moltres
|-boost|p1a: Moltres|spa|2
|move|p2a: Scizor|Close Combat|p1a: Moltres
|-damage|p1a: Moltres|15/100
|-unboost|p2a: Scizor|def|1
|-unboost|p2a: Scizor|spd|1
|-ability|p1a: Moltres|Berserk|boost
|-boost|p1a: Moltres|spa|1
|-enditem|p1a: Moltres|Sitrus Berry|[eat]
|-heal|p1a: Moltres|40/100|[from] item: Sitrus Berry
|
|upkeep
|turn|19
|
|t:|1776055632
|move|p2a: Scizor|Bullet Punch|p1a: Moltres
|-damage|p1a: Moltres|2/100
|move|p1a: Moltres|Fiery Wrath|p2a: Scizor
|-damage|p2a: Scizor|0 fnt
|faint|p2a: Scizor
|
|upkeep
|
|t:|1776055641
|switch|p2a: Ogerpon|Ogerpon, F|100/100
|turn|20
|
|t:|1776055645
|-terastallize|p2a: Ogerpon|Grass
|detailschange|p2a: Ogerpon|Ogerpon-Teal-Tera, F, tera:Grass
|-ability|p2a: Ogerpon|Embody Aspect (Teal)|boost
|-boost|p2a: Ogerpon|spe|1
|move|p2a: Ogerpon|Ivy Cudgel|p1a: Moltres
|-resisted|p1a: Moltres
|-crit|p1a: Moltres
|-damage|p1a: Moltres|0 fnt
|faint|p1a: Moltres
|
|win|cvban
|raw|blisteringbigfoot's rating: 1394 &rarr; <strong>1376</strong><br />(-18 for losing)
|raw|cvban's rating: 1421 &rarr; <strong>1439</strong><br />(+18 for winning)
|l|☆blisteringbigfoot
|player|p1|
|l| ohko_smeargle
|l|☆cvban
|player|p2|
