|html|<div class="broadcast-blue"><strong>[Gen 9] OU is currently suspecting Tera Blast! For information on how to participate check out the <a href="https://www.smogon.com/tools/suspects/view/200">suspect thread</a>.</strong></div>
|j|☆Kaiohkenx1
|j|☆Pulkatz
|t:|1776038655
|gametype|singles
|player|p1|Kaiohkenx1|silver|1167
|player|p2|Pulkatz|169|1237
|gen|9
|tier|[Gen 9] OU
|rated|
|rule|HP Percentage Mod: HP is shown in percentages
|rule|Endless Battle Clause: Forcing endless battles is banned
|rule|Species Clause: Limit one of each Pokémon
|rule|OHKO Clause: OHKO moves are banned
|rule|Evasion Items Clause: Evasion items are banned
|rule|Evasion Moves Clause: Evasion moves are banned
|rule|Evasion Abilities Clause: Evasion abilities are banned
|rule|Sleep Moves Clause: Sleep-inducing moves are banned
|clearpoke
|poke|p1|Chansey, F|
|poke|p1|Gholdengo|
|poke|p1|Corviknight, M|
|poke|p1|Ceruledge, M|
|poke|p1|Alomomola, M|
|poke|p1|Ting-Lu|
|poke|p2|Volbeat, M|
|poke|p2|Dragapult, F|
|poke|p2|Great Tusk|
|poke|p2|Lokix, M|
|poke|p2|Corviknight, M|
|poke|p2|Iron Valiant|
|teampreview
|
|t:|1776038660
|teamsize|p1|6
|teamsize|p2|6
|start
|switch|p1a: Ting-Lu|Ting-Lu|100/100
|switch|p2a: Lokix|Lokix, M|100/100
|-ability|p1a: Ting-Lu|Vessel of Ruin
|turn|1
|inactive|Battle timer is ON: inactive players will automatically lose when time's up. (requested by Kaiohkenx1)
|
|t:|1776038666
|move|p2a: Lokix|U-turn|p1a: Ting-Lu
|-supereffective|p1a: Ting-Lu
|-damage|p1a: Ting-Lu|61/100
|-damage|p2a: Lokix|84/100|[from] item: Rocky Helmet|[of] p1a: Ting-Lu
|
|t:|1776038670
|switch|p2a: Volbeat|Volbeat, M|100/100|[from] U-turn
|move|p1a: Ting-Lu|Stealth Rock|p2a: Volbeat
|-sidestart|p2: Pulkatz|move: Stealth Rock
|
|-status|p2a: Volbeat|tox|[from] item: Toxic Orb
|upkeep
|turn|2
|
|t:|1776038684
|move|p2a: Volbeat|Trick|p1a: Ting-Lu
|-hint|Since gen 7, Dark is immune to Prankster moves.
|-immune|p1a: Ting-Lu
|move|p1a: Ting-Lu|Earthquake|p2a: Volbeat
|-resisted|p2a: Volbeat
|-damage|p2a: Volbeat|82/100 tox
|
|-damage|p2a: Volbeat|76/100 tox|[from] psn
|upkeep
|turn|3
|c|☆Pulkatz|right oops
|
|t:|1776038712
|move|p2a: Volbeat|U-turn|p1a: Ting-Lu
|-supereffective|p1a: Ting-Lu
|-damage|p1a: Ting-Lu|46/100
|-damage|p2a: Volbeat|59/100 tox|[from] item: Rocky Helmet|[of] p1a: Ting-Lu
|inactive|Pulkatz has 120 seconds left.
|
|t:|1776038732
|switch|p2a: Dragapult|Dragapult, F|100/100|[from] U-turn
|-damage|p2a: Dragapult|88/100|[from] Stealth Rock
|move|p1a: Ting-Lu|Ruination|p2a: Dragapult
|-damage|p2a: Dragapult|44/100
|
|upkeep
|turn|4
|inactive|Pulkatz has 120 seconds left.
|inactive|Kaiohkenx1 has 120 seconds left.
|l|☆Pulkatz
|inactive|Pulkatz disconnected and has a minute to reconnect!
|player|p2|
|
|t:|1776038765
|move|p2a: Dragapult|U-turn|p1a: Ting-Lu
|-supereffective|p1a: Ting-Lu
|-damage|p1a: Ting-Lu|23/100
|-damage|p2a: Dragapult|28/100|[from] item: Rocky Helmet|[of] p1a: Ting-Lu
|-damage|p2a: Dragapult|18/100|[from] item: Life Orb
|j|☆Pulkatz
|inactive|Pulkatz reconnected and has 105 seconds left.
|player|p2|Pulkatz|169|
|
|t:|1776038791
|switch|p2a: Corviknight|Corviknight, M|100/100|[from] U-turn
|-damage|p2a: Corviknight|88/100|[from] Stealth Rock
|-ability|p2a: Corviknight|Pressure
|move|p1a: Ting-Lu|Earthquake|p2a: Corviknight
|-immune|p2a: Corviknight
|
|-heal|p2a: Corviknight|94/100|[from] item: Leftovers
|upkeep
|turn|5
|
|t:|1776038796
|switch|p1a: Corviknight|Corviknight, M, shiny|100/100
|move|p2a: Corviknight|U-turn|p1a: Corviknight
|-resisted|p1a: Corviknight
|-damage|p1a: Corviknight|98/100
|-damage|p2a: Corviknight|78/100|[from] item: Rocky Helmet|[of] p1a: Corviknight
|
|t:|1776038803
|switch|p2a: Great Tusk|Great Tusk|100/100|[from] U-turn
|
|upkeep
|turn|6
|
|t:|1776038809
|move|p2a: Great Tusk|Stealth Rock|p1a: Corviknight
|-sidestart|p1: Kaiohkenx1|move: Stealth Rock
|move|p1a: Corviknight|Brave Bird|p2a: Great Tusk
|-supereffective|p2a: Great Tusk
|-damage|p2a: Great Tusk|50/100
|-damage|p1a: Corviknight|83/100|[from] Recoil
|
|upkeep
|turn|7
|
|t:|1776038815
|move|p2a: Great Tusk|Rapid Spin|p1a: Corviknight
|-resisted|p1a: Corviknight
|-damage|p1a: Corviknight|78/100
|-boost|p2a: Great Tusk|spe|1
|-damage|p2a: Great Tusk|34/100|[from] item: Rocky Helmet|[of] p1a: Corviknight
|-sideend|p2: Pulkatz|Stealth Rock|[from] move: Rapid Spin|[of] p2a: Great Tusk
|move|p1a: Corviknight|Brave Bird|p2a: Great Tusk
|-supereffective|p2a: Great Tusk
|-damage|p2a: Great Tusk|0 fnt
|faint|p2a: Great Tusk
|-end|p2a: Great Tusk|Protosynthesis|[silent]
|-damage|p1a: Corviknight|68/100|[from] Recoil
|
|upkeep
|
|t:|1776038817
|switch|p2a: Dragapult|Dragapult, F|18/100
|turn|8
|
|t:|1776038830
|switch|p1a: Ting-Lu|Ting-Lu|23/100
|-damage|p1a: Ting-Lu|17/100|[from] Stealth Rock
|-ability|p1a: Ting-Lu|Vessel of Ruin
|move|p2a: Dragapult|Flamethrower|p1a: Ting-Lu
|-damage|p1a: Ting-Lu|0 fnt
|faint|p1a: Ting-Lu
|-damage|p2a: Dragapult|8/100|[from] item: Life Orb
|
|upkeep
|
|t:|1776038848
|switch|p1a: Chansey|Chansey, F|100/100
|-damage|p1a: Chansey|88/100|[from] Stealth Rock
|turn|9
|
|t:|1776038852
|switch|p2a: Volbeat|Volbeat, M|59/100 tox
|move|p1a: Chansey|Thunder Wave||[still]
|-fail|p1a: Chansey
|
|-damage|p2a: Volbeat|53/100 tox|[from] psn
|upkeep
|turn|10
|
|t:|1776038869
|switch|p1a: Gholdengo|Gholdengo, shiny|100/100
|-damage|p1a: Gholdengo|94/100|[from] Stealth Rock
|move|p2a: Volbeat|Trick|p1a: Gholdengo
|-immune|p1a: Gholdengo|[from] ability: Good as Gold
|
|-damage|p2a: Volbeat|41/100 tox|[from] psn
|upkeep
|turn|11
|
|t:|1776038877
|switch|p2a: Corviknight|Corviknight, M|78/100
|-ability|p2a: Corviknight|Pressure
|move|p1a: Gholdengo|Shadow Ball|p2a: Corviknight
|-damage|p2a: Corviknight|39/100
|-unboost|p2a: Corviknight|spd|1
|
|-heal|p2a: Corviknight|45/100|[from] item: Leftovers
|upkeep
|turn|12
|
|t:|1776038885
|move|p1a: Gholdengo|Shadow Ball|p2a: Corviknight
|-damage|p2a: Corviknight|0 fnt
|faint|p2a: Corviknight
|
|upkeep
|
|t:|1776038888
|switch|p2a: Dragapult|Dragapult, F|8/100
|turn|13
|
|t:|1776038891
|switch|p2a: Lokix|Lokix, M|84/100
|move|p1a: Gholdengo|Shadow Ball|p2a: Lokix
|-resisted|p2a: Lokix
|-crit|p2a: Lokix
|-damage|p2a: Lokix|22/100
|
|upkeep
|turn|14
|
|t:|1776038897
|move|p1a: Gholdengo|Shadow Ball|p2a: Lokix
|-resisted|p2a: Lokix
|-damage|p2a: Lokix|0 fnt
|faint|p2a: Lokix
|
|upkeep
|
|t:|1776038900
|switch|p2a: Dragapult|Dragapult, F|8/100
|turn|15
|
|t:|1776038904
|move|p1a: Gholdengo|Shadow Ball|p2a: Dragapult
|-supereffective|p2a: Dragapult
|-damage|p2a: Dragapult|0 fnt
|faint|p2a: Dragapult
|
|upkeep
|
|t:|1776038907
|switch|p2a: Iron Valiant|Iron Valiant|100/100
|-enditem|p2a: Iron Valiant|Booster Energy
|-activate|p2a: Iron Valiant|ability: Quark Drive|[fromitem]
|-start|p2a: Iron Valiant|quarkdrivespe
|turn|16
|
|t:|1776038923
|switch|p1a: Alomomola|Alomomola, M|100/100
|-damage|p1a: Alomomola|88/100|[from] Stealth Rock
|move|p2a: Iron Valiant|Calm Mind|p2a: Iron Valiant
|-boost|p2a: Iron Valiant|spa|1
|-boost|p2a: Iron Valiant|spd|1
|
|upkeep
|turn|17
|inactive|Pulkatz has 120 seconds left.
|
|t:|1776038955
|move|p2a: Iron Valiant|Thunderbolt|p1a: Alomomola
|-supereffective|p1a: Alomomola
|-damage|p1a: Alomomola|0 fnt
|faint|p1a: Alomomola
|
|upkeep
|
|t:|1776038961
|switch|p1a: Corviknight|Corviknight, M, shiny|68/100
|-damage|p1a: Corviknight|55/100|[from] Stealth Rock
|turn|18
|
|t:|1776038964
|-terastallize|p1a: Corviknight|Ground
|move|p2a: Iron Valiant|Thunderbolt|p1a: Corviknight
|-immune|p1a: Corviknight
|move|p1a: Corviknight|Defog|p2a: Iron Valiant
|-unboost|p2a: Iron Valiant|evasion|1
|-sideend|p1: Kaiohkenx1|Stealth Rock|[from] move: Defog|[of] p1a: Corviknight
|
|upkeep
|turn|19
|
|t:|1776038973
|move|p2a: Iron Valiant|Moonblast|p1a: Corviknight
|-damage|p1a: Corviknight|0 fnt
|faint|p1a: Corviknight
|
|upkeep
|
|t:|1776038985
|switch|p1a: Ceruledge|Ceruledge, M|100/100
|turn|20
|
|t:|1776038996
|move|p2a: Iron Valiant|Thunderbolt|p1a: Ceruledge
|-damage|p1a: Ceruledge|46/100
|-status|p1a: Ceruledge|par
|move|p1a: Ceruledge|Bitter Blade|p2a: Iron Valiant
|-damage|p2a: Iron Valiant|43/100
|-heal|p1a: Ceruledge|74/100 par|[from] drain|[of] p2a: Iron Valiant
|
|upkeep
|turn|21
|
|t:|1776039005
|move|p2a: Iron Valiant|Thunderbolt|p1a: Ceruledge
|-damage|p1a: Ceruledge|18/100 par
|move|p1a: Ceruledge|Bitter Blade|p2a: Iron Valiant
|-damage|p2a: Iron Valiant|0 fnt
|-heal|p1a: Ceruledge|39/100 par|[from] drain|[of] p2a: Iron Valiant
|faint|p2a: Iron Valiant
|-end|p2a: Iron Valiant|Quark Drive|[silent]
|
|upkeep
|
|t:|1776039007
|switch|p2a: Volbeat|Volbeat, M|41/100 tox
|turn|22
|-message|Pulkatz forfeited.
|
|win|Kaiohkenx1
|raw|Kaiohkenx1's rating: 1167 &rarr; <strong>1197</strong><br />(+30 for winning)
|raw|Pulkatz's rating: 1237 &rarr; <strong>1207</strong><br />(-30 for losing)
|l|☆Pulkatz
|player|p2|
|l|☆Kaiohkenx1
|player|p1|
