|html|<div class="broadcast-blue"><strong>[Gen 9] OU is currently suspecting Tera Blast! For information on how to participate check out the <a href="https://www.smogon.com/tools/suspects/view/200">suspect thread</a>.</strong></div>
|j|☆vosbius
|j|☆shad0wl21
|t:|1776060599
|gametype|singles
|player|p1|vosbius|swimmer|1119
|player|p2|shad0wl21|cynthia-gen4|1078
|gen|9
|tier|[Gen 9] OU
|rated|
|rule|HP Percentage Mod: HP is shown in percentages
|rule|Endless Battle Clause: Forcing endless battles is banned
|rule|Species Clause: Limit one of each Pokémon
|rule|OHKO Clause: OHKO moves are banned
|rule|Evasion Items Clause: Evasion items are banned
|rule|Evasion Moves Clause: Evasion moves are banned
|rule|Evasion Abilities Clause: Evasion abilities are banned
|rule|Sleep Moves Clause: Sleep-inducing moves are banned
|clearpoke
|poke|p1|Heatran, M|
|poke|p1|Rillaboom, M|
|poke|p1|Primarina, F|
|poke|p1|Zapdos|
|poke|p1|Dragapult, F|
|poke|p1|Iron Treads|
|poke|p2|Noivern, M|
|poke|p2|Haxorus, M|
|poke|p2|Luxray, F|
|poke|p2|Tauros-Paldea-Combat, M|
|poke|p2|Swampert, F|
|poke|p2|Persian, F|
|teampreview
|
|t:|1776060630
|teamsize|p1|6
|teamsize|p2|6
|start
|switch|p1a: Iron Treads|Iron Treads|100/100
|switch|p2a: Tauros|Tauros-Paldea-Combat, M, shiny|100/100
|-ability|p2a: Tauros|Intimidate|boost
|-unboost|p1a: Iron Treads|atk|1
|turn|1
|
|t:|1776060642
|-end|p1a: Iron Treads|Quark Drive|[silent]
|switch|p1a: Zapdos|Zapdos|100/100
|move|p2a: Tauros|Raging Bull|p1a: Zapdos
|-resisted|p1a: Zapdos
|-damage|p1a: Zapdos|63/100
|-status|p2a: Tauros|par|[from] ability: Static|[of] p1a: Zapdos
|
|upkeep
|turn|2
|
|t:|1776060689
|switch|p2a: Swampert|Swampert, F, shiny|100/100
|move|p1a: Zapdos|Hurricane|p2a: Swampert
|-damage|p2a: Swampert|62/100
|
|-heal|p2a: Swampert|68/100|[from] item: Leftovers
|upkeep
|turn|3
|
|t:|1776060713
|switch|p1a: Rillaboom|Rillaboom, M|100/100
|-fieldstart|move: Grassy Terrain|[from] ability: Grassy Surge|[of] p1a: Rillaboom
|move|p2a: Swampert|Stealth Rock|p1a: Rillaboom
|-sidestart|p1: vosbius|move: Stealth Rock
|
|-heal|p2a: Swampert|74/100|[from] Grassy Terrain
|-heal|p2a: Swampert|80/100|[from] item: Leftovers
|upkeep
|turn|4
|
|t:|1776060745
|move|p1a: Rillaboom|Wood Hammer|p2a: Swampert
|-supereffective|p2a: Swampert
|-damage|p2a: Swampert|0 fnt
|faint|p2a: Swampert
|-damage|p1a: Rillaboom|74/100|[from] Recoil
|-damage|p1a: Rillaboom|64/100|[from] item: Life Orb
|
|-heal|p1a: Rillaboom|70/100|[from] Grassy Terrain
|upkeep
|
|t:|1776060759
|switch|p2a: Noivern|Noivern, M|100/100
|turn|5
|
|t:|1776060801
|switch|p1a: Iron Treads|Iron Treads|100/100
|-damage|p1a: Iron Treads|97/100|[from] Stealth Rock
|move|p2a: Noivern|Air Slash|p1a: Iron Treads
|-resisted|p1a: Iron Treads
|-damage|p1a: Iron Treads|72/100
|
|-heal|p1a: Iron Treads|78/100|[from] Grassy Terrain
|-heal|p1a: Iron Treads|84/100|[from] item: Leftovers
|upkeep
|turn|6
|
|t:|1776060813
|move|p2a: Noivern|Dragon Pulse|p1a: Iron Treads
|-resisted|p1a: Iron Treads
|-damage|p1a: Iron Treads|55/100
|move|p1a: Iron Treads|Ice Spinner|p2a: Noivern
|-supereffective|p2a: Noivern
|-damage|p2a: Noivern|0 fnt
|-fieldend|move: Grassy Terrain
|faint|p2a: Noivern
|
|-heal|p1a: Iron Treads|61/100|[from] item: Leftovers
|upkeep
|
|t:|1776060849
|switch|p2a: Tauros|Tauros-Paldea-Combat, M, shiny|100/100 par
|-ability|p2a: Tauros|Intimidate|boost
|-unboost|p1a: Iron Treads|atk|1
|turn|7
|
|t:|1776060874
|-end|p1a: Iron Treads|Quark Drive|[silent]
|switch|p1a: Zapdos|Zapdos|63/100
|move|p2a: Tauros|Raging Bull|p1a: Zapdos
|-resisted|p1a: Zapdos
|-damage|p1a: Zapdos|28/100
|
|upkeep
|turn|8
|
|t:|1776060896
|switch|p2a: Persian|Persian, F, shiny|100/100
|move|p1a: Zapdos|Thunderbolt|p2a: Persian
|-damage|p2a: Persian|16/100
|
|upkeep
|turn|9
|
|t:|1776060924
|move|p2a: Persian|Fake Out|p1a: Zapdos
|-damage|p1a: Zapdos|1/100
|cant|p1a: Zapdos|flinch
|
|upkeep
|turn|10
|
|t:|1776060944
|move|p2a: Persian|Assurance|p1a: Zapdos
|-damage|p1a: Zapdos|0 fnt
|faint|p1a: Zapdos
|
|upkeep
|
|t:|1776060956
|switch|p1a: Rillaboom|Rillaboom, M|70/100
|-damage|p1a: Rillaboom|58/100|[from] Stealth Rock
|-fieldstart|move: Grassy Terrain|[from] ability: Grassy Surge|[of] p1a: Rillaboom
|turn|11
|
|t:|1776060991
|switch|p2a: Luxray|Luxray, F|100/100
|move|p1a: Rillaboom|Grassy Glide|p2a: Luxray
|-damage|p2a: Luxray|37/100
|-damage|p1a: Rillaboom|48/100|[from] item: Life Orb
|
|-heal|p1a: Rillaboom|54/100|[from] Grassy Terrain
|-heal|p2a: Luxray|43/100|[from] Grassy Terrain
|-status|p2a: Luxray|brn|[from] item: Flame Orb
|upkeep
|turn|12
|
|t:|1776061004
|move|p1a: Rillaboom|Grassy Glide|p2a: Luxray
|-damage|p2a: Luxray|0 fnt
|faint|p2a: Luxray
|-damage|p1a: Rillaboom|44/100|[from] item: Life Orb
|
|-heal|p1a: Rillaboom|50/100|[from] Grassy Terrain
|upkeep
|
|t:|1776061033
|switch|p2a: Persian|Persian, F, shiny|16/100
|turn|13
|
|t:|1776061083
|switch|p1a: Heatran|Heatran, M|100/100
|-damage|p1a: Heatran|88/100|[from] Stealth Rock
|move|p2a: Persian|Fake Out|p1a: Heatran
|-resisted|p1a: Heatran
|-damage|p1a: Heatran|80/100
|
|-heal|p2a: Persian|22/100|[from] Grassy Terrain
|-heal|p1a: Heatran|86/100|[from] Grassy Terrain
|-heal|p1a: Heatran|92/100|[from] item: Leftovers
|upkeep
|turn|14
|
|t:|1776061097
|move|p2a: Persian|False Swipe|p1a: Heatran
|-resisted|p1a: Heatran
|-damage|p1a: Heatran|84/100
|move|p1a: Heatran|Stealth Rock|p2a: Persian
|-sidestart|p2: shad0wl21|move: Stealth Rock
|
|-heal|p2a: Persian|28/100|[from] Grassy Terrain
|-heal|p1a: Heatran|90/100|[from] Grassy Terrain
|-heal|p1a: Heatran|97/100|[from] item: Leftovers
|upkeep
|turn|15
|
|t:|1776061114
|move|p2a: Persian|Assurance|p1a: Heatran
|-damage|p1a: Heatran|79/100
|move|p1a: Heatran|Magma Storm|p2a: Persian
|-damage|p2a: Persian|0 fnt
|faint|p2a: Persian
|
|-heal|p1a: Heatran|85/100|[from] Grassy Terrain
|-heal|p1a: Heatran|92/100|[from] item: Leftovers
|-fieldend|move: Grassy Terrain
|upkeep
|
|t:|1776061131
|switch|p2a: Tauros|Tauros-Paldea-Combat, M, shiny|100/100 par
|-damage|p2a: Tauros|94/100 par|[from] Stealth Rock
|-ability|p2a: Tauros|Intimidate|boost
|-unboost|p1a: Heatran|atk|1
|turn|16
|
|t:|1776061147
|switch|p1a: Primarina|Primarina, F|100/100
|-damage|p1a: Primarina|88/100|[from] Stealth Rock
|move|p2a: Tauros|Earthquake|p1a: Primarina
|-damage|p1a: Primarina|48/100
|
|upkeep
|turn|17
|
|t:|1776061175
|move|p2a: Tauros|Earthquake|p1a: Primarina
|-damage|p1a: Primarina|7/100
|move|p1a: Primarina|Moonblast|p2a: Tauros
|-supereffective|p2a: Tauros
|-damage|p2a: Tauros|0 fnt
|faint|p2a: Tauros
|
|upkeep
|
|t:|1776061190
|switch|p2a: Haxorus|Haxorus, M, shiny|100/100
|-damage|p2a: Haxorus|88/100|[from] Stealth Rock
|-ability|p2a: Haxorus|Mold Breaker
|turn|18
|
|t:|1776061233
|-terastallize|p2a: Haxorus|Ghost
|move|p2a: Haxorus|Swords Dance|p2a: Haxorus
|-boost|p2a: Haxorus|atk|2
|move|p1a: Primarina|Moonblast|p2a: Haxorus
|-damage|p2a: Haxorus|39/100
|
|upkeep
|turn|19
|
|t:|1776061243
|move|p2a: Haxorus|Shadow Claw|p1a: Primarina
|-damage|p1a: Primarina|0 fnt
|faint|p1a: Primarina
|
|upkeep
|
|t:|1776061262
|switch|p1a: Dragapult|Dragapult, F|100/100
|-damage|p1a: Dragapult|88/100|[from] Stealth Rock
|turn|20
|
|t:|1776061274
|move|p2a: Haxorus|Protect|p2a: Haxorus
|-singleturn|p2a: Haxorus|Protect
|move|p1a: Dragapult|Shadow Ball|p2a: Haxorus
|-activate|p2a: Haxorus|move: Protect
|
|upkeep
|turn|21
|
|t:|1776061289
|move|p1a: Dragapult|Shadow Ball|p2a: Haxorus
|-supereffective|p2a: Haxorus
|-damage|p2a: Haxorus|0 fnt
|faint|p2a: Haxorus
|
|win|vosbius
|raw|vosbius's rating: 1119 &rarr; <strong>1141</strong><br />(+22 for winning)
|raw|shad0wl21's rating: 1078 &rarr; <strong>1059</strong><br />(-19 for losing)
|l|☆vosbius
|player|p1|
|l|☆shad0wl21
|player|p2|
