|html|<div class="broadcast-blue"><strong>[Gen 9] OU is currently suspecting Tera Blast! For information on how to participate check out the <a href="https://www.smogon.com/tools/suspects/view/200">suspect thread</a>.</strong></div>
|j|☆TOXICccccccccccccc
|j|☆kingprobs
|t:|1776091001
|gametype|singles
|player|p1|TOXICccccccccccccc|preschooler|1328
|player|p2|kingprobs|2|1283
|gen|9
|tier|[Gen 9] OU
|rated|
|rule|HP Percentage Mod: HP is shown in percentages
|rule|Endless Battle Clause: Forcing endless battles is banned
|rule|Species Clause: Limit one of each Pokémon
|rule|OHKO Clause: OHKO moves are banned
|rule|Evasion Items Clause: Evasion items are banned
|rule|Evasion Moves Clause: Evasion moves are banned
|rule|Evasion Abilities Clause: Evasion abilities are banned
|rule|Sleep Moves Clause: Sleep-inducing moves are banned
|clearpoke
|poke|p1|Ogerpon-Wellspring, F|
|poke|p1|Heatran, M|
|poke|p1|Goodra-Hisui, F|
|poke|p1|Thundurus-Therian, M|
|poke|p1|Orthworm, M|
|poke|p1|Grimmsnarl, M|
|poke|p2|Skarmory, F|
|poke|p2|Garganacl, F|
|poke|p2|Gliscor, F|
|poke|p2|Slowking-Galar, F|
|poke|p2|Dragapult, F|
|poke|p2|Kingambit, F|
|teampreview
|inactive|Battle timer is ON: inactive players will automatically lose when time's up. (requested by TOXICccccccccccccc)
|
|t:|1776091024
|teamsize|p1|6
|teamsize|p2|6
|start
|switch|p1a: Goodra|Goodra-Hisui, F|100/100
|switch|p2a: Garganacl|Garganacl, F|100/100
|turn|1
|
|t:|1776091030
|move|p1a: Goodra|Flash Cannon|p2a: Garganacl
|-supereffective|p2a: Garganacl
|-damage|p2a: Garganacl|24/100
|move|p2a: Garganacl|Salt Cure|p1a: Goodra
|-resisted|p1a: Goodra
|-damage|p1a: Goodra|94/100
|-start|p1a: Goodra|Salt Cure
|
|-heal|p2a: Garganacl|30/100|[from] item: Leftovers
|-damage|p1a: Goodra|69/100|[from] Salt Cure
|upkeep
|turn|2
|
|t:|1776091034
|move|p2a: Garganacl|Protect|p2a: Garganacl
|-singleturn|p2a: Garganacl|Protect
|move|p1a: Goodra|Flash Cannon|p2a: Garganacl
|-activate|p2a: Garganacl|move: Protect
|
|-heal|p2a: Garganacl|36/100|[from] item: Leftovers
|-damage|p1a: Goodra|44/100|[from] Salt Cure
|upkeep
|turn|3
|
|t:|1776091044
|switch|p2a: Slowking|Slowking-Galar, F|100/100
|move|p1a: Goodra|Flash Cannon|p2a: Slowking
|-damage|p2a: Slowking|75/100
|
|-damage|p1a: Goodra|19/100|[from] Salt Cure
|upkeep
|turn|4
|
|t:|1776091048
|switch|p1a: Heatran|Heatran, M|100/100
|move|p2a: Slowking|Future Sight|p1a: Heatran
|-start|p2a: Slowking|move: Future Sight
|
|upkeep
|turn|5
|
|t:|1776091052
|move|p1a: Heatran|Magma Storm|p2a: Slowking
|-damage|p2a: Slowking|49/100
|-activate|p2a: Slowking|move: Magma Storm|[of] p1a: Heatran
|-prepare|p2a: Slowking|Chilly Reception|[premajor]
|move|p2a: Slowking|Chilly Reception|p2a: Slowking
|-weather|Snowscape
|
|t:|1776091058
|switch|p2a: Gliscor|Gliscor, F|100/100|[from] Chilly Reception
|
|-weather|Snowscape|[upkeep]
|-status|p2a: Gliscor|tox|[from] item: Toxic Orb
|upkeep
|turn|6
|
|t:|1776091063
|move|p1a: Heatran|Protect|p1a: Heatran
|-singleturn|p1a: Heatran|Protect
|move|p2a: Gliscor|Knock Off|p1a: Heatran
|-activate|p1a: Heatran|move: Protect
|
|-weather|Snowscape|[upkeep]
|-end|p1a: Heatran|move: Future Sight
|-resisted|p1a: Heatran
|-damage|p1a: Heatran|87/100
|-heal|p1a: Heatran|93/100|[from] item: Leftovers
|upkeep
|turn|7
|
|t:|1776091069
|switch|p1a: Ogerpon|Ogerpon-Wellspring, F|100/100
|move|p2a: Gliscor|Earthquake|p1a: Ogerpon
|-resisted|p1a: Ogerpon
|-damage|p1a: Ogerpon|80/100
|
|-weather|Snowscape|[upkeep]
|upkeep
|turn|8
|
|t:|1776091081
|switch|p2a: Skarmory|Skarmory, F|100/100
|-terastallize|p1a: Ogerpon|Water
|detailschange|p1a: Ogerpon|Ogerpon-Wellspring-Tera, F, tera:Water
|-ability|p1a: Ogerpon|Embody Aspect (Wellspring)|boost
|-boost|p1a: Ogerpon|spd|1
|move|p1a: Ogerpon|Ivy Cudgel|p2a: Skarmory|[anim] Ivy Cudgel Water
|-damage|p2a: Skarmory|52/100
|
|-weather|Snowscape|[upkeep]
|upkeep
|turn|9
|
|t:|1776091101
|move|p1a: Ogerpon|Ivy Cudgel|p2a: Skarmory|[anim] Ivy Cudgel Water
|-damage|p2a: Skarmory|6/100
|move|p2a: Skarmory|Roost|p2a: Skarmory
|-heal|p2a: Skarmory|56/100
|-singleturn|p2a: Skarmory|move: Roost
|
|-weather|none
|upkeep
|turn|10
|
|t:|1776091119
|switch|p2a: Dragapult|Dragapult, F|100/100
|move|p1a: Ogerpon|Ivy Cudgel|p2a: Dragapult|[anim] Ivy Cudgel Water
|-resisted|p2a: Dragapult
|-damage|p2a: Dragapult|46/100
|
|upkeep
|turn|11
|
|t:|1776091123
|switch|p1a: Grimmsnarl|Grimmsnarl, M|100/100
|move|p2a: Dragapult|Dragon Darts|p1a: Grimmsnarl
|-immune|p1a: Grimmsnarl
|
|upkeep
|turn|12
|
|t:|1776091128
|move|p1a: Grimmsnarl|Parting Shot|p2a: Dragapult
|-unboost|p2a: Dragapult|atk|1
|-unboost|p2a: Dragapult|spa|1
|
|t:|1776091137
|switch|p1a: Orthworm|Orthworm, M|100/100|[from] Parting Shot
|move|p2a: Dragapult|Will-O-Wisp|p1a: Orthworm
|-status|p1a: Orthworm|brn
|
|-damage|p1a: Orthworm|94/100 brn|[from] brn
|upkeep
|turn|13
|
|t:|1776091145
|switch|p1a: Heatran|Heatran, M|93/100
|move|p2a: Dragapult|Hex|p1a: Heatran
|-damage|p1a: Heatran|82/100
|
|-heal|p1a: Heatran|88/100|[from] item: Leftovers
|upkeep
|turn|14
|
|t:|1776091155
|move|p2a: Dragapult|Thunder Wave|p1a: Heatran
|-status|p1a: Heatran|par
|move|p1a: Heatran|Stealth Rock|p2a: Dragapult
|-sidestart|p2: kingprobs|move: Stealth Rock
|
|-heal|p1a: Heatran|95/100 par|[from] item: Leftovers
|upkeep
|turn|15
|
|t:|1776091175
|switch|p2a: Slowking|Slowking-Galar, F|82/100
|move|p1a: Heatran|Magma Storm|p2a: Slowking|[miss]
|-miss|p1a: Heatran|p2a: Slowking
|
|-heal|p1a: Heatran|100/100 par|[from] item: Leftovers
|upkeep
|turn|16
|
|t:|1776091187
|move|p1a: Heatran|Magma Storm|p2a: Slowking|[miss]
|-miss|p1a: Heatran|p2a: Slowking
|-prepare|p2a: Slowking|Chilly Reception|[premajor]
|move|p2a: Slowking|Chilly Reception|p2a: Slowking
|-weather|Snowscape
|
|t:|1776091195
|switch|p2a: Gliscor|Gliscor, F|100/100 tox|[from] Chilly Reception
|-damage|p2a: Gliscor|88/100 tox|[from] Stealth Rock
|
|-weather|Snowscape|[upkeep]
|-heal|p2a: Gliscor|100/100 tox|[from] ability: Poison Heal
|upkeep
|turn|17
|
|t:|1776091203
|switch|p1a: Orthworm|Orthworm, M|94/100 brn
|move|p2a: Gliscor|Swords Dance|p2a: Gliscor
|-boost|p2a: Gliscor|atk|2
|
|-weather|Snowscape|[upkeep]
|-heal|p1a: Orthworm|100/100 brn|[from] item: Leftovers
|-damage|p1a: Orthworm|94/100 brn|[from] brn
|upkeep
|turn|18
|
|t:|1776091208
|move|p2a: Gliscor|Knock Off|p1a: Orthworm
|-damage|p1a: Orthworm|66/100 brn
|-enditem|p1a: Orthworm|Leftovers|[from] move: Knock Off|[of] p2a: Gliscor
|move|p1a: Orthworm|Iron Defense|p1a: Orthworm
|-boost|p1a: Orthworm|def|2
|
|-weather|Snowscape|[upkeep]
|-damage|p1a: Orthworm|60/100 brn|[from] brn
|upkeep
|turn|19
|
|t:|1776091222
|switch|p2a: Dragapult|Dragapult, F|46/100
|move|p1a: Orthworm|Spikes|p2a: Dragapult
|-sidestart|p2: kingprobs|Spikes
|
|-weather|Snowscape|[upkeep]
|-damage|p1a: Orthworm|54/100 brn|[from] brn
|upkeep
|turn|20
|
|t:|1776091235
|move|p2a: Dragapult|Hex|p1a: Orthworm
|-damage|p1a: Orthworm|0 fnt
|faint|p1a: Orthworm
|
|-weather|none
|upkeep
|
|t:|1776091243
|switch|p1a: Heatran|Heatran, M|100/100 par
|turn|21
|
|t:|1776091251
|switch|p2a: Slowking|Slowking-Galar, F|100/100
|move|p1a: Heatran|Magma Storm|p2a: Slowking
|-damage|p2a: Slowking|76/100
|-activate|p2a: Slowking|move: Magma Storm|[of] p1a: Heatran
|
|-damage|p2a: Slowking|64/100|[from] move: Magma Storm|[partiallytrapped]
|upkeep
|turn|22
|
|t:|1776091255
|move|p1a: Heatran|Earth Power|p2a: Slowking
|-supereffective|p2a: Slowking
|-damage|p2a: Slowking|31/100
|-prepare|p2a: Slowking|Chilly Reception|[premajor]
|move|p2a: Slowking|Chilly Reception|p2a: Slowking
|-weather|Snowscape
|
|t:|1776091259
|switch|p2a: Gliscor|Gliscor, F|100/100 tox|[from] Chilly Reception
|-damage|p2a: Gliscor|88/100 tox|[from] Stealth Rock
|
|-weather|Snowscape|[upkeep]
|-heal|p2a: Gliscor|100/100 tox|[from] ability: Poison Heal
|upkeep
|turn|23
|
|t:|1776091266
|switch|p1a: Ogerpon|Ogerpon-Wellspring-Tera, F, tera:Water|80/100
|-ability|p1a: Ogerpon|Embody Aspect (Wellspring)|boost
|-boost|p1a: Ogerpon|spd|1
|move|p2a: Gliscor|Swords Dance|p2a: Gliscor
|-boost|p2a: Gliscor|atk|2
|
|-weather|Snowscape|[upkeep]
|upkeep
|turn|24
|
|t:|1776091271
|-terastallize|p2a: Gliscor|Water
|move|p1a: Ogerpon|Ivy Cudgel|p2a: Gliscor|[anim] Ivy Cudgel Water
|-resisted|p2a: Gliscor
|-damage|p2a: Gliscor|68/100 tox
|move|p2a: Gliscor|Swords Dance|p2a: Gliscor
|-boost|p2a: Gliscor|atk|2
|
|-weather|Snowscape|[upkeep]
|-heal|p2a: Gliscor|81/100 tox|[from] ability: Poison Heal
|upkeep
|turn|25
|
|t:|1776091277
|switch|p1a: Goodra|Goodra-Hisui, F|19/100
|move|p2a: Gliscor|Knock Off|p1a: Goodra
|-damage|p1a: Goodra|0 fnt
|-enditem|p1a: Goodra|Assault Vest|[from] move: Knock Off|[of] p2a: Gliscor
|faint|p1a: Goodra
|
|-weather|Snowscape|[upkeep]
|-heal|p2a: Gliscor|93/100 tox|[from] ability: Poison Heal
|upkeep
|
|t:|1776091279
|switch|p1a: Thundurus|Thundurus-Therian, M|100/100
|turn|26
|
|t:|1776091284
|move|p1a: Thundurus|Volt Switch|p2a: Gliscor
|-supereffective|p2a: Gliscor
|-damage|p2a: Gliscor|16/100 tox
|
|t:|1776091291
|switch|p1a: Grimmsnarl|Grimmsnarl, M|100/100|[from] Volt Switch
|move|p2a: Gliscor|Knock Off|p1a: Grimmsnarl
|-resisted|p1a: Grimmsnarl
|-damage|p1a: Grimmsnarl|88/100
|-enditem|p1a: Grimmsnarl|Light Clay|[from] move: Knock Off|[of] p2a: Gliscor
|
|-weather|none
|-heal|p2a: Gliscor|28/100 tox|[from] ability: Poison Heal
|upkeep
|turn|27
|
|t:|1776091297
|move|p2a: Gliscor|Protect|p2a: Gliscor
|-singleturn|p2a: Gliscor|Protect
|move|p1a: Grimmsnarl|Reflect|p1a: Grimmsnarl
|-sidestart|p1: TOXICccccccccccccc|Reflect
|
|-heal|p2a: Gliscor|41/100 tox|[from] ability: Poison Heal
|upkeep
|turn|28
|
|t:|1776091313
|switch|p2a: Garganacl|Garganacl, F|36/100
|-damage|p2a: Garganacl|24/100|[from] Stealth Rock
|-damage|p2a: Garganacl|12/100|[from] Spikes
|move|p1a: Grimmsnarl|Parting Shot|p2a: Garganacl
|-unboost|p2a: Garganacl|atk|1
|-unboost|p2a: Garganacl|spa|1
|
|t:|1776091318
|switch|p1a: Thundurus|Thundurus-Therian, M|100/100|[from] Parting Shot
|
|-heal|p2a: Garganacl|18/100|[from] item: Leftovers
|upkeep
|turn|29
|
|t:|1776091321
|move|p1a: Thundurus|Volt Switch|p2a: Garganacl
|-damage|p2a: Garganacl|0 fnt
|faint|p2a: Garganacl
|
|t:|1776091324
|switch|p1a: Ogerpon|Ogerpon-Wellspring-Tera, F, tera:Water|80/100|[from] Volt Switch
|-ability|p1a: Ogerpon|Embody Aspect (Wellspring)|boost
|-boost|p1a: Ogerpon|spd|1
|
|upkeep
|
|t:|1776091333
|switch|p2a: Dragapult|Dragapult, F|46/100
|turn|30
|
|t:|1776091335
|switch|p1a: Grimmsnarl|Grimmsnarl, M|88/100
|move|p2a: Dragapult|Will-O-Wisp|p1a: Grimmsnarl
|-status|p1a: Grimmsnarl|brn
|
|-damage|p1a: Grimmsnarl|82/100 brn|[from] brn
|upkeep
|turn|31
|
|t:|1776091339
|move|p1a: Grimmsnarl|Parting Shot|p2a: Dragapult
|-unboost|p2a: Dragapult|atk|1
|-unboost|p2a: Dragapult|spa|1
|
|t:|1776091342
|switch|p1a: Heatran|Heatran, M|100/100 par|[from] Parting Shot
|move|p2a: Dragapult|Hex|p1a: Heatran
|-damage|p1a: Heatran|77/100 par
|
|-heal|p1a: Heatran|83/100 par|[from] item: Leftovers
|-sideend|p1: TOXICccccccccccccc|Reflect
|upkeep
|turn|32
|
|t:|1776091359
|switch|p2a: Slowking|Slowking-Galar, F|64/100
|move|p1a: Heatran|Magma Storm|p2a: Slowking
|-damage|p2a: Slowking|40/100
|-activate|p2a: Slowking|move: Magma Storm|[of] p1a: Heatran
|
|-heal|p1a: Heatran|90/100 par|[from] item: Leftovers
|-damage|p2a: Slowking|27/100|[from] move: Magma Storm|[partiallytrapped]
|upkeep
|turn|33
|
|t:|1776091366
|cant|p1a: Heatran|par
|-prepare|p2a: Slowking|Chilly Reception|[premajor]
|move|p2a: Slowking|Chilly Reception|p2a: Slowking
|-weather|Snowscape
|
|t:|1776091373
|switch|p2a: Skarmory|Skarmory, F|56/100|[from] Chilly Reception
|-damage|p2a: Skarmory|44/100|[from] Stealth Rock
|
|-weather|Snowscape|[upkeep]
|-heal|p1a: Heatran|96/100 par|[from] item: Leftovers
|upkeep
|turn|34
|
|t:|1776091377
|switch|p1a: Thundurus|Thundurus-Therian, M|100/100
|move|p2a: Skarmory|Body Press|p1a: Thundurus
|-resisted|p1a: Thundurus
|-damage|p1a: Thundurus|78/100
|
|-weather|Snowscape|[upkeep]
|upkeep
|turn|35
|
|t:|1776091382
|move|p1a: Thundurus|Volt Switch|p2a: Skarmory
|-supereffective|p2a: Skarmory
|-damage|p2a: Skarmory|0 fnt
|faint|p2a: Skarmory
|
|t:|1776091386
|switch|p1a: Ogerpon|Ogerpon-Wellspring-Tera, F, tera:Water|80/100|[from] Volt Switch
|-ability|p1a: Ogerpon|Embody Aspect (Wellspring)|boost
|-boost|p1a: Ogerpon|spd|1
|
|-weather|Snowscape|[upkeep]
|upkeep
|-message|kingprobs forfeited.
|
|win|TOXICccccccccccccc
|raw|TOXICccccccccccccc's rating: 1328 &rarr; <strong>1345</strong><br />(+17 for winning)
|raw|kingprobs's rating: 1283 &rarr; <strong>1261</strong><br />(-22 for losing)
|l|☆kingprobs
|player|p2|
|l|☆TOXICccccccccccccc
|player|p1|
