|html|<div class="broadcast-blue"><strong>[Gen 9] OU is currently suspecting Tera Blast! For information on how to participate check out the <a href="https://www.smogon.com/tools/suspects/view/200">suspect thread</a>.</strong></div>
|j|☆I buy roblox items
|j|☆swiggler
|t:|1776093986
|gametype|singles
|player|p1|I buy roblox items|gentleman-gen1|1590
|player|p2|swiggler|bugcatcher-gen4dp|1632
|gen|9
|tier|[Gen 9] OU
|rated|
|rule|HP Percentage Mod: HP is shown in percentages
|rule|Endless Battle Clause: Forcing endless battles is banned
|rule|Species Clause: Limit one of each Pokémon
|rule|OHKO Clause: OHKO moves are banned
|rule|Evasion Items Clause: Evasion items are banned
|rule|Evasion Moves Clause: Evasion moves are banned
|rule|Evasion Abilities Clause: Evasion abilities are banned
|rule|Sleep Moves Clause: Sleep-inducing moves are banned
|clearpoke
|poke|p1|Entei|
|poke|p1|Kyurem|
|poke|p1|Zamazenta-*|
|poke|p1|Quaquaval, M|
|poke|p1|Muk-Alola, F|
|poke|p1|Ceruledge, F|
|poke|p2|Ninetales, M|
|poke|p2|Cresselia, F|
|poke|p2|Raging Bolt|
|poke|p2|Iron Moth|
|poke|p2|Great Tusk|
|poke|p2|Walking Wake|
|teampreview
|inactive|Battle timer is ON: inactive players will automatically lose when time's up. (requested by swiggler)
|inactive|I buy roblox items also wants the timer to be on.
|
|t:|1776093997
|teamsize|p1|6
|teamsize|p2|6
|start
|switch|p1a: Entei|Entei|100/100
|switch|p2a: Great Tusk|Great Tusk|100/100
|-ability|p1a: Entei|Pressure
|turn|1
|
|t:|1776094002
|move|p1a: Entei|Substitute|p1a: Entei
|-start|p1a: Entei|Substitute
|-damage|p1a: Entei|76/100
|move|p2a: Great Tusk|Headlong Rush|p1a: Entei
|-supereffective|p1a: Entei
|-end|p1a: Entei|Substitute
|-unboost|p2a: Great Tusk|def|1
|-unboost|p2a: Great Tusk|spd|1
|
|-heal|p1a: Entei|82/100|[from] item: Leftovers
|upkeep
|turn|2
|
|t:|1776094015
|move|p1a: Entei|Substitute|p1a: Entei
|-start|p1a: Entei|Substitute
|-damage|p1a: Entei|57/100
|move|p2a: Great Tusk|Stealth Rock|p1a: Entei
|-sidestart|p1: I buy roblox items|move: Stealth Rock
|
|-heal|p1a: Entei|63/100|[from] item: Leftovers
|upkeep
|turn|3
|
|t:|1776094026
|move|p1a: Entei|Sacred Fire|p2a: Great Tusk
|-crit|p2a: Great Tusk
|-damage|p2a: Great Tusk|42/100
|-status|p2a: Great Tusk|brn
|move|p2a: Great Tusk|Rapid Spin|p1a: Entei
|-activate|p1a: Entei|move: Substitute|[damage]
|-boost|p2a: Great Tusk|spe|1
|
|-heal|p1a: Entei|69/100|[from] item: Leftovers
|-damage|p2a: Great Tusk|36/100 brn|[from] brn
|upkeep
|turn|4
|
|t:|1776094036
|-end|p2a: Great Tusk|Protosynthesis|[silent]
|switch|p2a: Cresselia|Cresselia, F|100/100
|move|p1a: Entei|Protect||[still]
|-fail|p1a: Entei
|
|-heal|p1a: Entei|75/100|[from] item: Leftovers
|upkeep
|turn|5
|
|t:|1776094040
|move|p1a: Entei|Stomping Tantrum|p2a: Cresselia
|-immune|p2a: Cresselia|[from] ability: Levitate
|move|p2a: Cresselia|Ice Beam|p1a: Entei
|-resisted|p1a: Entei
|-activate|p1a: Entei|move: Substitute|[damage]
|
|-heal|p1a: Entei|82/100|[from] item: Leftovers
|upkeep
|turn|6
|
|t:|1776094044
|move|p1a: Entei|Stomping Tantrum|p2a: Cresselia
|-immune|p2a: Cresselia|[from] ability: Levitate
|move|p2a: Cresselia|Ice Beam|p1a: Entei
|-resisted|p1a: Entei
|-activate|p1a: Entei|move: Substitute|[damage]
|
|-heal|p1a: Entei|88/100|[from] item: Leftovers
|upkeep
|turn|7
|
|t:|1776094048
|move|p1a: Entei|Stomping Tantrum|p2a: Cresselia
|-immune|p2a: Cresselia|[from] ability: Levitate
|move|p2a: Cresselia|Ice Beam|p1a: Entei
|-resisted|p1a: Entei
|-end|p1a: Entei|Substitute
|
|-heal|p1a: Entei|94/100|[from] item: Leftovers
|upkeep
|turn|8
|
|t:|1776094076
|switch|p2a: Walking Wake|Walking Wake|100/100
|move|p1a: Entei|Substitute|p1a: Entei
|-start|p1a: Entei|Substitute
|-damage|p1a: Entei|69/100
|
|-heal|p1a: Entei|75/100|[from] item: Leftovers
|upkeep
|turn|9
|
|t:|1776094081
|move|p1a: Entei|Protect|p1a: Entei
|-singleturn|p1a: Entei|Protect
|move|p2a: Walking Wake|Hydro Steam|p1a: Entei
|-activate|p1a: Entei|move: Protect
|
|-heal|p1a: Entei|81/100|[from] item: Leftovers
|upkeep
|turn|10
|
|t:|1776094090
|move|p1a: Entei|Sacred Fire|p2a: Walking Wake|[miss]
|-miss|p1a: Entei|p2a: Walking Wake
|move|p2a: Walking Wake|Hydro Steam|p1a: Entei
|-supereffective|p1a: Entei
|-end|p1a: Entei|Substitute
|
|-heal|p1a: Entei|87/100|[from] item: Leftovers
|upkeep
|turn|11
|
|t:|1776094096
|move|p1a: Entei|Protect|p1a: Entei
|-singleturn|p1a: Entei|Protect
|move|p2a: Walking Wake|Hydro Steam|p1a: Entei
|-activate|p1a: Entei|move: Protect
|
|-heal|p1a: Entei|94/100|[from] item: Leftovers
|upkeep
|turn|12
|
|t:|1776094098
|move|p1a: Entei|Substitute|p1a: Entei
|-start|p1a: Entei|Substitute
|-damage|p1a: Entei|69/100
|move|p2a: Walking Wake|Hydro Steam|p1a: Entei
|-supereffective|p1a: Entei
|-end|p1a: Entei|Substitute
|
|-heal|p1a: Entei|75/100|[from] item: Leftovers
|upkeep
|turn|13
|
|t:|1776094103
|move|p1a: Entei|Protect|p1a: Entei
|-singleturn|p1a: Entei|Protect
|move|p2a: Walking Wake|Hydro Steam|p1a: Entei
|-activate|p1a: Entei|move: Protect
|
|-heal|p1a: Entei|81/100|[from] item: Leftovers
|upkeep
|turn|14
|
|t:|1776094105
|move|p1a: Entei|Substitute|p1a: Entei
|-start|p1a: Entei|Substitute
|-damage|p1a: Entei|56/100
|move|p2a: Walking Wake|Hydro Steam|p1a: Entei
|-supereffective|p1a: Entei
|-end|p1a: Entei|Substitute
|
|-heal|p1a: Entei|62/100|[from] item: Leftovers
|upkeep
|turn|15
|
|t:|1776094108
|move|p1a: Entei|Protect|p1a: Entei
|-singleturn|p1a: Entei|Protect
|move|p2a: Walking Wake|Hydro Steam|p1a: Entei
|-activate|p1a: Entei|move: Protect
|
|-heal|p1a: Entei|69/100|[from] item: Leftovers
|upkeep
|turn|16
|
|t:|1776094112
|move|p1a: Entei|Substitute|p1a: Entei
|-start|p1a: Entei|Substitute
|-damage|p1a: Entei|44/100
|move|p2a: Walking Wake|Hydro Steam|p1a: Entei
|-supereffective|p1a: Entei
|-end|p1a: Entei|Substitute
|
|-heal|p1a: Entei|50/100|[from] item: Leftovers
|upkeep
|turn|17
|
|t:|1776094115
|move|p1a: Entei|Protect|p1a: Entei
|-singleturn|p1a: Entei|Protect
|move|p2a: Walking Wake|Hydro Steam|p1a: Entei
|-activate|p1a: Entei|move: Protect
|
|-heal|p1a: Entei|56/100|[from] item: Leftovers
|upkeep
|turn|18
|
|t:|1776094117
|move|p1a: Entei|Substitute|p1a: Entei
|-start|p1a: Entei|Substitute
|-damage|p1a: Entei|31/100
|move|p2a: Walking Wake|Hydro Steam|p1a: Entei
|-supereffective|p1a: Entei
|-end|p1a: Entei|Substitute
|
|-heal|p1a: Entei|37/100|[from] item: Leftovers
|upkeep
|turn|19
|
|t:|1776094119
|move|p1a: Entei|Protect|p1a: Entei
|-singleturn|p1a: Entei|Protect
|move|p2a: Walking Wake|Hydro Steam|p1a: Entei
|-activate|p1a: Entei|move: Protect
|
|-heal|p1a: Entei|43/100|[from] item: Leftovers
|upkeep
|turn|20
|
|t:|1776094121
|move|p1a: Entei|Substitute|p1a: Entei
|-start|p1a: Entei|Substitute
|-damage|p1a: Entei|19/100
|move|p2a: Walking Wake|Hydro Steam|p1a: Entei
|-supereffective|p1a: Entei
|-end|p1a: Entei|Substitute
|
|-heal|p1a: Entei|25/100|[from] item: Leftovers
|upkeep
|turn|21
|
|t:|1776094134
|-end|p2a: Walking Wake|Protosynthesis|[silent]
|switch|p2a: Ninetales|Ninetales, M|100/100
|-weather|SunnyDay|[from] ability: Drought|[of] p2a: Ninetales
|move|p1a: Entei|Sacred Fire|p2a: Ninetales
|-resisted|p2a: Ninetales
|-crit|p2a: Ninetales
|-damage|p2a: Ninetales|44/100
|
|-weather|SunnyDay|[upkeep]
|-heal|p1a: Entei|31/100|[from] item: Leftovers
|upkeep
|turn|22
|
|t:|1776094141
|move|p2a: Ninetales|Overheat|p1a: Entei
|-resisted|p1a: Entei
|-damage|p1a: Entei|1/100
|-unboost|p2a: Ninetales|spa|2
|move|p1a: Entei|Stomping Tantrum|p2a: Ninetales
|-supereffective|p2a: Ninetales
|-damage|p2a: Ninetales|0 fnt
|faint|p2a: Ninetales
|
|-weather|SunnyDay|[upkeep]
|-heal|p1a: Entei|8/100|[from] item: Leftovers
|upkeep
|
|t:|1776094145
|switch|p2a: Walking Wake|Walking Wake|100/100
|-activate|p2a: Walking Wake|ability: Protosynthesis
|-start|p2a: Walking Wake|protosynthesisspa
|turn|23
|
|t:|1776094149
|move|p1a: Entei|Protect|p1a: Entei
|-singleturn|p1a: Entei|Protect
|move|p2a: Walking Wake|Dragon Pulse|p1a: Entei
|-activate|p1a: Entei|move: Protect
|
|-weather|SunnyDay|[upkeep]
|-heal|p1a: Entei|14/100|[from] item: Leftovers
|upkeep
|turn|24
|
|t:|1776094154
|move|p1a: Entei|Sacred Fire|p2a: Walking Wake
|-resisted|p2a: Walking Wake
|-crit|p2a: Walking Wake
|-damage|p2a: Walking Wake|74/100
|move|p2a: Walking Wake|Dragon Pulse|p1a: Entei
|-damage|p1a: Entei|0 fnt
|faint|p1a: Entei
|
|-weather|SunnyDay|[upkeep]
|upkeep
|c|☆swiggler|yeah just crit every single one
|c|☆I buy roblox items|it did 26 bro relax
|inactive|I buy roblox items has 120 seconds left.
|
|t:|1776094185
|switch|p1a: Quaquaval|Quaquaval, M|100/100
|-damage|p1a: Quaquaval|94/100|[from] Stealth Rock
|turn|25
|j| irhb
|
|t:|1776094189
|move|p2a: Walking Wake|Dragon Pulse|p1a: Quaquaval
|-damage|p1a: Quaquaval|12/100
|move|p1a: Quaquaval|Rapid Spin|p2a: Walking Wake
|-damage|p2a: Walking Wake|55/100
|-boost|p1a: Quaquaval|spe|1
|-sideend|p1: I buy roblox items|Stealth Rock|[from] move: Rapid Spin|[of] p1a: Quaquaval
|
|-weather|SunnyDay|[upkeep]
|upkeep
|turn|26
|
|t:|1776094196
|-end|p2a: Walking Wake|Protosynthesis|[silent]
|switch|p2a: Great Tusk|Great Tusk|36/100 brn
|-activate|p2a: Great Tusk|ability: Protosynthesis
|-start|p2a: Great Tusk|protosynthesisspe
|move|p1a: Quaquaval|Knock Off|p2a: Great Tusk
|-resisted|p2a: Great Tusk
|-damage|p2a: Great Tusk|24/100 brn
|-damage|p1a: Quaquaval|0 fnt|[from] item: Rocky Helmet|[of] p2a: Great Tusk
|faint|p1a: Quaquaval
|
|-weather|SunnyDay|[upkeep]
|-damage|p2a: Great Tusk|18/100 brn|[from] brn
|upkeep
|
|t:|1776094200
|switch|p1a: Zamazenta|Zamazenta|100/100
|-ability|p1a: Zamazenta|Dauntless Shield|boost
|-boost|p1a: Zamazenta|def|1
|turn|27
|
|t:|1776094205
|move|p2a: Great Tusk|Stealth Rock|p1a: Zamazenta
|-sidestart|p1: I buy roblox items|move: Stealth Rock
|move|p1a: Zamazenta|Iron Defense|p1a: Zamazenta
|-boost|p1a: Zamazenta|def|2
|
|-weather|SunnyDay|[upkeep]
|-damage|p2a: Great Tusk|11/100 brn|[from] brn
|upkeep
|turn|28
|
|t:|1776094222
|-end|p2a: Great Tusk|Protosynthesis|[silent]
|switch|p2a: Cresselia|Cresselia, F|100/100
|move|p1a: Zamazenta|Substitute|p1a: Zamazenta
|-start|p1a: Zamazenta|Substitute
|-damage|p1a: Zamazenta|76/100
|
|-weather|none
|-heal|p1a: Zamazenta|82/100|[from] item: Leftovers
|upkeep
|turn|29
|
|t:|1776094225
|move|p1a: Zamazenta|Snarl|p2a: Cresselia
|-supereffective|p2a: Cresselia
|-damage|p2a: Cresselia|88/100
|-unboost|p2a: Cresselia|spa|1
|-enditem|p2a: Cresselia|Eject Button
|
|t:|1776094229
|switch|p2a: Iron Moth|Iron Moth|100/100
|-enditem|p2a: Iron Moth|Booster Energy
|-activate|p2a: Iron Moth|ability: Quark Drive|[fromitem]
|-start|p2a: Iron Moth|quarkdrivespe
|
|-heal|p1a: Zamazenta|88/100|[from] item: Leftovers
|upkeep
|turn|30
|
|t:|1776094232
|move|p2a: Iron Moth|Fiery Dance|p1a: Zamazenta
|-end|p1a: Zamazenta|Substitute
|move|p1a: Zamazenta|Snarl|p2a: Iron Moth
|-damage|p2a: Iron Moth|89/100
|-unboost|p2a: Iron Moth|spa|1
|
|-heal|p1a: Zamazenta|94/100|[from] item: Leftovers
|upkeep
|turn|31
|
|t:|1776094236
|move|p2a: Iron Moth|Fiery Dance|p1a: Zamazenta
|-damage|p1a: Zamazenta|72/100
|move|p1a: Zamazenta|Snarl|p2a: Iron Moth
|-damage|p2a: Iron Moth|77/100
|-unboost|p2a: Iron Moth|spa|1
|
|-heal|p1a: Zamazenta|79/100|[from] item: Leftovers
|upkeep
|turn|32
|
|t:|1776094240
|move|p2a: Iron Moth|Fiery Dance|p1a: Zamazenta
|-damage|p1a: Zamazenta|61/100
|-boost|p2a: Iron Moth|spa|1
|move|p1a: Zamazenta|Snarl|p2a: Iron Moth
|-damage|p2a: Iron Moth|67/100
|-unboost|p2a: Iron Moth|spa|1
|
|-heal|p1a: Zamazenta|67/100|[from] item: Leftovers
|upkeep
|turn|33
|
|t:|1776094242
|move|p2a: Iron Moth|Fiery Dance|p1a: Zamazenta
|-damage|p1a: Zamazenta|51/100
|-boost|p2a: Iron Moth|spa|1
|move|p1a: Zamazenta|Snarl|p2a: Iron Moth
|-damage|p2a: Iron Moth|56/100
|-unboost|p2a: Iron Moth|spa|1
|
|-heal|p1a: Zamazenta|57/100|[from] item: Leftovers
|upkeep
|turn|34
|
|t:|1776094245
|move|p2a: Iron Moth|Sludge Wave|p1a: Zamazenta
|-damage|p1a: Zamazenta|37/100
|move|p1a: Zamazenta|Snarl|p2a: Iron Moth
|-damage|p2a: Iron Moth|45/100
|-unboost|p2a: Iron Moth|spa|1
|
|-heal|p1a: Zamazenta|43/100|[from] item: Leftovers
|upkeep
|turn|35
|
|t:|1776094248
|move|p2a: Iron Moth|Sludge Wave|p1a: Zamazenta
|-damage|p1a: Zamazenta|27/100
|move|p1a: Zamazenta|Body Press|p2a: Iron Moth
|-resisted|p2a: Iron Moth
|-damage|p2a: Iron Moth|0 fnt
|faint|p2a: Iron Moth
|-end|p2a: Iron Moth|Quark Drive|[silent]
|
|-heal|p1a: Zamazenta|33/100|[from] item: Leftovers
|upkeep
|
|t:|1776094261
|switch|p2a: Raging Bolt|Raging Bolt|100/100
|turn|36
|
|t:|1776094264
|move|p1a: Zamazenta|Body Press|p2a: Raging Bolt
|-damage|p2a: Raging Bolt|20/100
|move|p2a: Raging Bolt|Dragon Pulse|p1a: Zamazenta
|-damage|p1a: Zamazenta|0 fnt
|faint|p1a: Zamazenta
|-damage|p2a: Raging Bolt|10/100|[from] item: Life Orb
|
|upkeep
|
|t:|1776094272
|switch|p1a: Muk|Muk-Alola, F|100/100
|-damage|p1a: Muk|88/100|[from] Stealth Rock
|turn|37
|j| Monkey D MinMin
|
|t:|1776094290
|-end|p2a: Raging Bolt|Protosynthesis|[silent]
|switch|p2a: Walking Wake|Walking Wake|55/100
|move|p1a: Muk|Curse|p1a: Muk
|-unboost|p1a: Muk|spe|1
|-boost|p1a: Muk|atk|1
|-boost|p1a: Muk|def|1
|
|-heal|p1a: Muk|94/100|[from] item: Leftovers
|upkeep
|turn|38
|
|t:|1776094298
|move|p2a: Walking Wake|Draco Meteor|p1a: Muk
|-damage|p1a: Muk|4/100
|-unboost|p2a: Walking Wake|spa|2
|move|p1a: Muk|Poison Jab|p2a: Walking Wake
|-damage|p2a: Walking Wake|0 fnt
|faint|p2a: Walking Wake
|-end|p2a: Walking Wake|Protosynthesis|[silent]
|
|-heal|p1a: Muk|10/100|[from] item: Leftovers
|upkeep
|
|t:|1776094305
|switch|p2a: Cresselia|Cresselia, F|88/100
|turn|39
|
|t:|1776094310
|move|p2a: Cresselia|Ice Beam|p1a: Muk
|-damage|p1a: Muk|0 fnt
|faint|p1a: Muk
|
|upkeep
|
|t:|1776094314
|switch|p1a: 🥢🆙🎣|Kyurem|100/100
|-damage|p1a: 🥢🆙🎣|76/100|[from] Stealth Rock
|-ability|p1a: 🥢🆙🎣|Pressure
|turn|40
|l| Monkey D MinMin
|
|t:|1776094324
|move|p1a: 🥢🆙🎣|Substitute|p1a: 🥢🆙🎣
|-start|p1a: 🥢🆙🎣|Substitute
|-damage|p1a: 🥢🆙🎣|51/100
|move|p2a: Cresselia|Thunder Wave||[still]
|-fail|p2a: Cresselia
|
|-heal|p1a: 🥢🆙🎣|57/100|[from] item: Leftovers
|upkeep
|turn|41
|
|t:|1776094326
|move|p1a: 🥢🆙🎣|Dragon Dance|p1a: 🥢🆙🎣
|-boost|p1a: 🥢🆙🎣|atk|1
|-boost|p1a: 🥢🆙🎣|spe|1
|move|p2a: Cresselia|Ice Beam|p1a: 🥢🆙🎣
|-activate|p1a: 🥢🆙🎣|move: Substitute|[damage]
|
|-heal|p1a: 🥢🆙🎣|63/100|[from] item: Leftovers
|upkeep
|turn|42
|
|t:|1776094331
|-terastallize|p2a: Cresselia|Steel
|move|p1a: 🥢🆙🎣|Dragon Dance|p1a: 🥢🆙🎣
|-boost|p1a: 🥢🆙🎣|atk|1
|-boost|p1a: 🥢🆙🎣|spe|1
|move|p2a: Cresselia|Ice Beam|p1a: 🥢🆙🎣
|-end|p1a: 🥢🆙🎣|Substitute
|
|-heal|p1a: 🥢🆙🎣|69/100|[from] item: Leftovers
|upkeep
|turn|43
|
|t:|1776094334
|move|p1a: 🥢🆙🎣|Substitute|p1a: 🥢🆙🎣
|-start|p1a: 🥢🆙🎣|Substitute
|-damage|p1a: 🥢🆙🎣|44/100
|move|p2a: Cresselia|Ice Beam|p1a: 🥢🆙🎣
|-activate|p1a: 🥢🆙🎣|move: Substitute|[damage]
|
|-heal|p1a: 🥢🆙🎣|50/100|[from] item: Leftovers
|upkeep
|turn|44
|
|t:|1776094338
|move|p1a: 🥢🆙🎣|Protect|p1a: 🥢🆙🎣
|-singleturn|p1a: 🥢🆙🎣|Protect
|move|p2a: Cresselia|Ice Beam|p1a: 🥢🆙🎣
|-activate|p1a: 🥢🆙🎣|move: Protect
|
|-heal|p1a: 🥢🆙🎣|57/100|[from] item: Leftovers
|upkeep
|turn|45
|
|t:|1776094340
|move|p1a: 🥢🆙🎣|Dragon Dance|p1a: 🥢🆙🎣
|-boost|p1a: 🥢🆙🎣|atk|1
|-boost|p1a: 🥢🆙🎣|spe|1
|move|p2a: Cresselia|Ice Beam|p1a: 🥢🆙🎣
|-end|p1a: 🥢🆙🎣|Substitute
|
|-heal|p1a: 🥢🆙🎣|63/100|[from] item: Leftovers
|upkeep
|turn|46
|
|t:|1776094349
|move|p1a: 🥢🆙🎣|Substitute|p1a: 🥢🆙🎣
|-start|p1a: 🥢🆙🎣|Substitute
|-damage|p1a: 🥢🆙🎣|38/100
|move|p2a: Cresselia|Lunar Dance|p2a: Cresselia
|faint|p2a: Cresselia
|
|-heal|p1a: 🥢🆙🎣|44/100|[from] item: Leftovers
|upkeep
|
|t:|1776094350
|switch|p2a: Raging Bolt|Raging Bolt|10/100
|-heal|p2a: Raging Bolt|100/100|[from] move: Lunar Dance
|turn|47
|
|t:|1776094355
|move|p1a: 🥢🆙🎣|Protect|p1a: 🥢🆙🎣
|-singleturn|p1a: 🥢🆙🎣|Protect
|move|p2a: Raging Bolt|Dragon Pulse|p1a: 🥢🆙🎣
|-activate|p1a: 🥢🆙🎣|move: Protect
|
|-heal|p1a: 🥢🆙🎣|50/100|[from] item: Leftovers
|upkeep
|turn|48
|-message|swiggler forfeited.
|
|win|I buy roblox items
|raw|I buy roblox items's rating: 1590 &rarr; <strong>1612</strong><br />(+22 for winning)
|raw|swiggler's rating: 1632 &rarr; <strong>1610</strong><br />(-22 for losing)
|l|☆swiggler
|player|p2|
|l|☆I buy roblox items
|player|p1|
