|html|<div class="broadcast-blue"><strong>[Gen 9] OU is currently suspecting Tera Blast! For information on how to participate check out the <a href="https://www.smogon.com/tools/suspects/view/200">suspect thread</a>.</strong></div>
|j|☆12345q
|j|☆areithous
|t:|1776116429
|gametype|singles
|player|p1|12345q|archer|1117
|player|p2|areithous|266|1083
|gen|9
|tier|[Gen 9] OU
|rated|
|rule|HP Percentage Mod: HP is shown in percentages
|rule|Endless Battle Clause: Forcing endless battles is banned
|rule|Species Clause: Limit one of each Pokémon
|rule|OHKO Clause: OHKO moves are banned
|rule|Evasion Items Clause: Evasion items are banned
|rule|Evasion Moves Clause: Evasion moves are banned
|rule|Evasion Abilities Clause: Evasion abilities are banned
|rule|Sleep Moves Clause: Sleep-inducing moves are banned
|clearpoke
|poke|p1|Weavile, F|
|poke|p1|Azumarill, M|
|poke|p1|Crawdaunt, F|
|poke|p1|Gengar, M|
|poke|p1|Swampert, F|
|poke|p1|Latios, M|
|poke|p2|Scyther, M|
|poke|p2|Staraptor, F|
|poke|p2|Flygon, M|
|poke|p2|Gyarados, F|
|poke|p2|Hawlucha, M|
|poke|p2|Talonflame, F|
|teampreview
|
|t:|1776116439
|teamsize|p1|6
|teamsize|p2|6
|start
|switch|p1a: Weavile|Weavile, F|100/100
|switch|p2a: Gyarados|Gyarados, F|100/100
|turn|1
|inactive|Battle timer is ON: inactive players will automatically lose when time's up. (requested by 12345q)
|
|t:|1776116446
|move|p1a: Weavile|Knock Off|p2a: Gyarados
|-damage|p2a: Gyarados|29/100
|-enditem|p2a: Gyarados|Focus Sash|[from] move: Knock Off|[of] p1a: Weavile
|move|p2a: Gyarados|Dragon Dance|p2a: Gyarados
|-boost|p2a: Gyarados|atk|1
|-boost|p2a: Gyarados|spe|1
|
|upkeep
|turn|2
|
|t:|1776116460
|move|p1a: Weavile|Ice Shard|p2a: Gyarados
|-damage|p2a: Gyarados|2/100
|move|p2a: Gyarados|Waterfall|p1a: Weavile
|-damage|p1a: Weavile|0 fnt
|faint|p1a: Weavile
|-ability|p2a: Gyarados|Moxie|boost
|-boost|p2a: Gyarados|atk|1
|
|upkeep
|
|t:|1776116469
|switch|p1a: Azumarill|Azumarill, M|100/100
|turn|3
|
|t:|1776116480
|move|p1a: Azumarill|Aqua Jet|p2a: Gyarados
|-resisted|p2a: Gyarados
|-damage|p2a: Gyarados|0 fnt
|faint|p2a: Gyarados
|
|upkeep
|
|t:|1776116490
|switch|p2a: Flygon|Flygon, M|100/100
|turn|4
|
|t:|1776116510
|move|p2a: Flygon|Thunder Punch|p1a: Azumarill
|-supereffective|p1a: Azumarill
|-damage|p1a: Azumarill|52/100
|move|p1a: Azumarill|Play Rough|p2a: Flygon|[miss]
|-miss|p1a: Azumarill|p2a: Flygon
|
|upkeep
|turn|5
|
|t:|1776116524
|-terastallize|p2a: Flygon|Electric
|move|p2a: Flygon|Thunder Punch|p1a: Azumarill
|-supereffective|p1a: Azumarill
|-damage|p1a: Azumarill|0 fnt
|faint|p1a: Azumarill
|
|upkeep
|
|t:|1776116533
|switch|p1a: Swampert|Swampert, F|100/100
|turn|6
|
|t:|1776116543
|move|p2a: Flygon|Dragon Dance|p2a: Flygon
|-boost|p2a: Flygon|atk|1
|-boost|p2a: Flygon|spe|1
|move|p1a: Swampert|Liquidation|p2a: Flygon
|-damage|p2a: Flygon|38/100
|
|upkeep
|turn|7
|
|t:|1776116549
|move|p2a: Flygon|Scale Shot|p1a: Swampert
|-damage|p1a: Swampert|85/100
|-damage|p1a: Swampert|69/100
|-damage|p1a: Swampert|53/100
|-damage|p1a: Swampert|37/100
|-crit|p1a: Swampert
|-damage|p1a: Swampert|16/100
|-hitcount|p1a: Swampert|5
|-unboost|p2a: Flygon|def|1
|-boost|p2a: Flygon|spe|1
|move|p1a: Swampert|Liquidation|p2a: Flygon
|-damage|p2a: Flygon|0 fnt
|faint|p2a: Flygon
|
|upkeep
|
|t:|1776116567
|switch|p2a: Talonflame|Talonflame, F|100/100
|turn|8
|
|t:|1776116572
|move|p2a: Talonflame|Acrobatics|p1a: Swampert
|-damage|p1a: Swampert|0 fnt
|faint|p1a: Swampert
|
|upkeep
|
|t:|1776116584
|switch|p1a: Crawdaunt|Crawdaunt, F|100/100
|turn|9
|
|t:|1776116596
|move|p1a: Crawdaunt|Aqua Jet|p2a: Talonflame
|-supereffective|p2a: Talonflame
|-damage|p2a: Talonflame|14/100
|move|p2a: Talonflame|Swords Dance|p2a: Talonflame
|-boost|p2a: Talonflame|atk|2
|
|upkeep
|turn|10
|
|t:|1776116603
|move|p1a: Crawdaunt|Aqua Jet|p2a: Talonflame
|-supereffective|p2a: Talonflame
|-damage|p2a: Talonflame|0 fnt
|faint|p2a: Talonflame
|
|upkeep
|
|t:|1776116614
|switch|p2a: Hawlucha|Hawlucha, M|100/100
|-ability|p2a: Hawlucha|Mold Breaker
|turn|11
|
|t:|1776116624
|move|p2a: Hawlucha|Aerial Ace|p1a: Crawdaunt
|-damage|p1a: Crawdaunt|73/100
|move|p1a: Crawdaunt|Liquidation|p2a: Hawlucha
|-damage|p2a: Hawlucha|14/100
|-unboost|p2a: Hawlucha|def|1
|
|upkeep
|turn|12
|
|t:|1776116633
|move|p1a: Crawdaunt|Aqua Jet|p2a: Hawlucha
|-damage|p2a: Hawlucha|0 fnt
|faint|p2a: Hawlucha
|
|upkeep
|
|t:|1776116638
|switch|p2a: Scyther|Scyther, M|100/100
|turn|13
|
|t:|1776116642
|move|p1a: Crawdaunt|Aqua Jet|p2a: Scyther
|-damage|p2a: Scyther|52/100
|move|p2a: Scyther|Pounce|p1a: Crawdaunt
|-supereffective|p1a: Crawdaunt
|-damage|p1a: Crawdaunt|0 fnt
|faint|p1a: Crawdaunt
|-damage|p2a: Scyther|42/100|[from] item: Life Orb
|
|upkeep
|
|t:|1776116662
|switch|p1a: Latios|Latios, M|100/100
|turn|14
|
|t:|1776116676
|-terastallize|p1a: Latios|Water
|move|p2a: Scyther|Pounce|p1a: Latios
|-damage|p1a: Latios|37/100
|-unboost|p1a: Latios|spe|1
|-damage|p2a: Scyther|32/100|[from] item: Life Orb
|move|p1a: Latios|Luster Purge|p2a: Scyther
|-damage|p2a: Scyther|0 fnt
|faint|p2a: Scyther
|
|upkeep
|
|t:|1776116686
|switch|p2a: Staraptor|Staraptor, F|100/100
|turn|15
|
|t:|1776116691
|move|p2a: Staraptor|Brave Bird|p1a: Latios
|-damage|p1a: Latios|0 fnt
|faint|p1a: Latios
|-damage|p2a: Staraptor|89/100|[from] Recoil
|
|upkeep
|
|t:|1776116696
|switch|p1a: Gengar|Gengar, M|100/100
|turn|16
|
|t:|1776116706
|move|p2a: Staraptor|Rest|p2a: Staraptor
|-status|p2a: Staraptor|slp|[from] move: Rest
|-heal|p2a: Staraptor|100/100 slp|[silent]
|-enditem|p2a: Staraptor|Chesto Berry|[eat]
|-curestatus|p2a: Staraptor|slp|[msg]
|move|p1a: Gengar|Sludge Bomb|p2a: Staraptor
|-damage|p2a: Staraptor|16/100
|-status|p2a: Staraptor|psn
|
|-damage|p2a: Staraptor|4/100 psn|[from] psn
|upkeep
|turn|17
|
|t:|1776116718
|move|p2a: Staraptor|Brave Bird|p1a: Gengar
|-damage|p1a: Gengar|0 fnt
|faint|p1a: Gengar
|-damage|p2a: Staraptor|0 fnt|[from] Recoil
|faint|p2a: Staraptor
|
|win|areithous
|raw|12345q's rating: 1117 &rarr; <strong>1090</strong><br />(-27 for losing)
|raw|areithous's rating: 1083 &rarr; <strong>1113</strong><br />(+30 for winning)
|l|☆12345q
|player|p1|
|c|☆areithous|wtf
