|html|<div class="broadcast-blue"><strong>[Gen 9] OU is currently suspecting Volcarona! For information on how to participate check out the <a href="https://www.smogon.com/tools/suspects/view/208">suspect thread</a>.</strong></div>
|j|☆Tigelinha_Raichu
|j|☆mynoble
|t:|1778503795
|gametype|singles
|player|p1|Tigelinha_Raichu|2|1197
|player|p2|mynoble|scientist|1237
|gen|9
|tier|[Gen 9] OU
|rated|
|rule|HP Percentage Mod: HP is shown in percentages
|rule|Endless Battle Clause: Forcing endless battles is banned
|rule|Species Clause: Limit one of each Pokémon
|rule|OHKO Clause: OHKO moves are banned
|rule|Evasion Items Clause: Evasion items are banned
|rule|Evasion Moves Clause: Evasion moves are banned
|rule|Evasion Abilities Clause: Evasion abilities are banned
|rule|Sleep Moves Clause: Sleep-inducing moves are banned
|clearpoke
|poke|p1|Ninetales, F|
|poke|p1|Cresselia, F|
|poke|p1|Walking Wake|
|poke|p1|Iron Moth|
|poke|p1|Iron Treads|
|poke|p1|Raging Bolt|
|poke|p2|Muk, M|
|poke|p2|Arcanine-Hisui, F|
|poke|p2|Metagross|
|poke|p2|Scizor, F|
|poke|p2|Quagsire, M|
|poke|p2|Vaporeon, F|
|teampreview
|
|t:|1778503820
|teamsize|p1|6
|teamsize|p2|6
|start
|switch|p1a: Ninetales|Ninetales, F|100/100
|switch|p2a: Quagsire|Quagsire, M|100/100
|-weather|SunnyDay|[from] ability: Drought|[of] p1a: Ninetales
|turn|1
|
|t:|1778503831
|switch|p1a: Cresselia|Cresselia, F|100/100
|move|p2a: Quagsire|Protect||[still]
|-fail|p2a: Quagsire
|
|-weather|SunnyDay|[upkeep]
|upkeep
|turn|2
|
|t:|1778503841
|move|p1a: Cresselia|Ice Beam|p2a: Quagsire
|-damage|p2a: Quagsire|80/100
|move|p2a: Quagsire|Toxic|p1a: Cresselia
|-status|p1a: Cresselia|tox
|
|-weather|SunnyDay|[upkeep]
|-heal|p2a: Quagsire|86/100|[from] item: Leftovers
|-damage|p1a: Cresselia|94/100 tox|[from] psn
|upkeep
|turn|3
|
|t:|1778503857
|move|p1a: Cresselia|Ice Beam|p2a: Quagsire
|-damage|p2a: Quagsire|66/100
|move|p2a: Quagsire|Stealth Rock|p1a: Cresselia
|-sidestart|p1: Tigelinha_Raichu|move: Stealth Rock
|
|-weather|SunnyDay|[upkeep]
|-heal|p2a: Quagsire|73/100|[from] item: Leftovers
|-damage|p1a: Cresselia|82/100 tox|[from] psn
|upkeep
|turn|4
|inactive|Battle timer is ON: inactive players will automatically lose when time's up. (requested by mynoble)
|
|t:|1778503867
|switch|p1a: Iron Treads|Iron Treads|100/100
|-damage|p1a: Iron Treads|97/100|[from] Stealth Rock
|move|p2a: Quagsire|Protect||[still]
|-fail|p2a: Quagsire
|
|-weather|SunnyDay|[upkeep]
|-heal|p1a: Iron Treads|100/100|[from] item: Leftovers
|-heal|p2a: Quagsire|79/100|[from] item: Leftovers
|upkeep
|turn|5
|
|t:|1778503883
|move|p1a: Iron Treads|Rapid Spin|p2a: Quagsire
|-damage|p2a: Quagsire|68/100
|-boost|p1a: Iron Treads|spe|1
|-sideend|p1: Tigelinha_Raichu|Stealth Rock|[from] move: Rapid Spin|[of] p1a: Iron Treads
|move|p2a: Quagsire|Chilling Water|p1a: Iron Treads
|-supereffective|p1a: Iron Treads
|-damage|p1a: Iron Treads|85/100
|-unboost|p1a: Iron Treads|atk|1
|
|-weather|SunnyDay|[upkeep]
|-heal|p1a: Iron Treads|91/100|[from] item: Leftovers
|-heal|p2a: Quagsire|74/100|[from] item: Leftovers
|upkeep
|turn|6
|
|t:|1778503895
|move|p2a: Quagsire|Protect|p2a: Quagsire
|-singleturn|p2a: Quagsire|Protect
|move|p1a: Iron Treads|Stealth Rock|p2a: Quagsire
|-sidestart|p2: mynoble|move: Stealth Rock
|
|-weather|SunnyDay|[upkeep]
|-heal|p1a: Iron Treads|97/100|[from] item: Leftovers
|-heal|p2a: Quagsire|80/100|[from] item: Leftovers
|upkeep
|turn|7
|
|t:|1778503905
|switch|p2a: Scizor|Scizor, F, shiny|100/100
|-damage|p2a: Scizor|88/100|[from] Stealth Rock
|move|p1a: Iron Treads|Earthquake|p2a: Scizor
|-damage|p2a: Scizor|57/100
|
|-weather|SunnyDay|[upkeep]
|-heal|p1a: Iron Treads|100/100|[from] item: Leftovers
|-heal|p2a: Scizor|64/100|[from] item: Leftovers
|upkeep
|turn|8
|
|t:|1778503918
|-end|p1a: Iron Treads|Quark Drive|[silent]
|switch|p1a: Cresselia|Cresselia, F|82/100 tox
|move|p2a: Scizor|Defog|p1a: Cresselia
|-unboost|p1a: Cresselia|evasion|1
|-sideend|p2: mynoble|Stealth Rock|[from] move: Defog|[of] p2a: Scizor
|
|-weather|none
|-heal|p2a: Scizor|70/100|[from] item: Leftovers
|-damage|p1a: Cresselia|76/100 tox|[from] psn
|upkeep
|turn|9
|
|t:|1778503933
|switch|p2a: Vaporeon|Vaporeon, F|100/100
|move|p1a: Cresselia|Thunder Wave|p2a: Vaporeon
|-status|p2a: Vaporeon|par
|
|-damage|p1a: Cresselia|64/100 tox|[from] psn
|upkeep
|turn|10
|
|t:|1778503957
|switch|p1a: Ninetales|Ninetales, F|100/100
|-weather|SunnyDay|[from] ability: Drought|[of] p1a: Ninetales
|cant|p2a: Vaporeon|par
|
|-weather|SunnyDay|[upkeep]
|upkeep
|turn|11
|
|t:|1778503972
|switch|p1a: Raging Bolt|Raging Bolt|100/100
|-activate|p1a: Raging Bolt|ability: Protosynthesis
|-start|p1a: Raging Bolt|protosynthesisspa
|-terastallize|p2a: Vaporeon|Fire
|move|p2a: Vaporeon|Calm Mind|p2a: Vaporeon
|-boost|p2a: Vaporeon|spa|1
|-boost|p2a: Vaporeon|spd|1
|
|-weather|SunnyDay|[upkeep]
|upkeep
|turn|12
|
|t:|1778503985
|move|p1a: Raging Bolt|Thunderbolt|p2a: Vaporeon
|-damage|p2a: Vaporeon|63/100 par
|-damage|p1a: Raging Bolt|91/100|[from] item: Life Orb
|move|p2a: Vaporeon|Calm Mind|p2a: Vaporeon
|-boost|p2a: Vaporeon|spa|1
|-boost|p2a: Vaporeon|spd|1
|
|-weather|SunnyDay|[upkeep]
|-heal|p2a: Vaporeon|69/100 par|[from] item: Leftovers
|upkeep
|turn|13
|
|t:|1778503996
|-end|p1a: Raging Bolt|Protosynthesis|[silent]
|switch|p1a: Iron Treads|Iron Treads|100/100
|move|p2a: Vaporeon|Protect||[still]
|-fail|p2a: Vaporeon
|
|-weather|SunnyDay|[upkeep]
|-heal|p2a: Vaporeon|76/100 par|[from] item: Leftovers
|upkeep
|turn|14
|
|t:|1778504006
|move|p1a: Iron Treads|Earthquake|p2a: Vaporeon
|-supereffective|p2a: Vaporeon
|-damage|p2a: Vaporeon|0 fnt
|faint|p2a: Vaporeon
|
|-weather|SunnyDay|[upkeep]
|upkeep
|
|t:|1778504032
|switch|p2a: Arcanine|Arcanine-Hisui, F|100/100
|turn|15
|
|t:|1778504049
|move|p2a: Arcanine|Flare Blitz|p1a: Iron Treads
|-supereffective|p1a: Iron Treads
|-crit|p1a: Iron Treads
|-damage|p1a: Iron Treads|0 fnt
|faint|p1a: Iron Treads
|-end|p1a: Iron Treads|Quark Drive|[silent]
|
|-weather|SunnyDay|[upkeep]
|upkeep
|c|☆mynoble|you want some flamse
|
|t:|1778504062
|switch|p1a: Walking Wake|Walking Wake|100/100
|-activate|p1a: Walking Wake|ability: Protosynthesis
|-start|p1a: Walking Wake|protosynthesisspa
|turn|16
|
|t:|1778504073
|switch|p2a: Quagsire|Quagsire, M|80/100
|move|p1a: Walking Wake|Hydro Steam|p2a: Quagsire
|-damage|p2a: Quagsire|0 fnt
|faint|p2a: Quagsire
|
|-weather|SunnyDay|[upkeep]
|upkeep
|
|t:|1778504077
|switch|p2a: Muk|Muk, M|100/100
|turn|17
|
|t:|1778504085
|move|p2a: Muk|Protect|p2a: Muk
|-singleturn|p2a: Muk|Protect
|move|p1a: Walking Wake|Hydro Steam|p2a: Muk
|-activate|p2a: Muk|move: Protect
|
|-weather|none
|-end|p1a: Walking Wake|Protosynthesis
|upkeep
|turn|18
|
|t:|1778504095
|-end|p1a: Walking Wake|Protosynthesis|[silent]
|switch|p1a: Ninetales|Ninetales, F|100/100
|-weather|SunnyDay|[from] ability: Drought|[of] p1a: Ninetales
|move|p2a: Muk|Toxic|p1a: Ninetales
|-status|p1a: Ninetales|tox
|
|-weather|SunnyDay|[upkeep]
|-damage|p1a: Ninetales|94/100 tox|[from] psn
|upkeep
|turn|19
|
|t:|1778504108
|move|p1a: Ninetales|Will-O-Wisp|p2a: Muk
|-status|p2a: Muk|brn
|move|p2a: Muk|Acid Armor|p2a: Muk
|-boost|p2a: Muk|def|2
|
|-weather|SunnyDay|[upkeep]
|-damage|p1a: Ninetales|82/100 tox|[from] psn
|-damage|p2a: Muk|94/100 brn|[from] brn
|upkeep
|turn|20
|
|t:|1778504119
|switch|p1a: Cresselia|Cresselia, F|64/100 tox
|move|p2a: Muk|Acid Armor|p2a: Muk
|-boost|p2a: Muk|def|2
|
|-weather|SunnyDay|[upkeep]
|-heal|p2a: Muk|100/100 brn|[from] item: Leftovers
|-damage|p1a: Cresselia|58/100 tox|[from] psn
|-damage|p2a: Muk|94/100 brn|[from] brn
|upkeep
|turn|21
|
|t:|1778504132
|move|p2a: Muk|Protect|p2a: Muk
|-singleturn|p2a: Muk|Protect
|move|p1a: Cresselia|Lunar Dance|p1a: Cresselia
|faint|p1a: Cresselia
|
|-weather|SunnyDay|[upkeep]
|-heal|p2a: Muk|100/100 brn|[from] item: Leftovers
|-damage|p2a: Muk|94/100 brn|[from] brn
|upkeep
|
|t:|1778504151
|switch|p1a: Walking Wake|Walking Wake|100/100
|-heal|p1a: Walking Wake|100/100|[from] move: Lunar Dance
|-activate|p1a: Walking Wake|ability: Protosynthesis
|-start|p1a: Walking Wake|protosynthesisspa
|turn|22
|
|t:|1778504159
|move|p1a: Walking Wake|Hydro Steam|p2a: Muk
|-damage|p2a: Muk|18/100 brn
|move|p2a: Muk|Toxic|p1a: Walking Wake
|-status|p1a: Walking Wake|tox
|
|-weather|SunnyDay|[upkeep]
|-heal|p2a: Muk|24/100 brn|[from] item: Leftovers
|-damage|p1a: Walking Wake|94/100 tox|[from] psn
|-damage|p2a: Muk|18/100 brn|[from] brn
|upkeep
|turn|23
|
|t:|1778504171
|move|p2a: Muk|Protect|p2a: Muk
|-singleturn|p2a: Muk|Protect
|move|p1a: Walking Wake|Hydro Steam|p2a: Muk
|-activate|p2a: Muk|move: Protect
|
|-weather|SunnyDay|[upkeep]
|-heal|p2a: Muk|24/100 brn|[from] item: Leftovers
|-damage|p1a: Walking Wake|82/100 tox|[from] psn
|-damage|p2a: Muk|18/100 brn|[from] brn
|upkeep
|turn|24
|
|t:|1778504182
|move|p2a: Muk|Protect||[still]
|-fail|p2a: Muk
|move|p1a: Walking Wake|Hydro Steam|p2a: Muk
|-damage|p2a: Muk|0 fnt
|faint|p2a: Muk
|
|-weather|SunnyDay|[upkeep]
|-damage|p1a: Walking Wake|63/100 tox|[from] psn
|upkeep
|
|t:|1778504209
|switch|p2a: Metagross|Metagross|100/100
|turn|25
|
|t:|1778504214
|move|p1a: Walking Wake|Hydro Steam|p2a: Metagross
|-damage|p2a: Metagross|0 fnt
|faint|p2a: Metagross
|
|-weather|none
|-end|p1a: Walking Wake|Protosynthesis
|-damage|p1a: Walking Wake|39/100 tox|[from] psn
|upkeep
|
|t:|1778504227
|switch|p2a: Scizor|Scizor, F, shiny|70/100
|turn|26
|
|t:|1778504234
|-end|p1a: Walking Wake|Protosynthesis|[silent]
|switch|p1a: Ninetales|Ninetales, F|82/100 tox
|-weather|SunnyDay|[from] ability: Drought|[of] p1a: Ninetales
|move|p2a: Scizor|Swords Dance|p2a: Scizor
|-boost|p2a: Scizor|atk|2
|
|-weather|SunnyDay|[upkeep]
|-heal|p2a: Scizor|76/100|[from] item: Leftovers
|-damage|p1a: Ninetales|75/100 tox|[from] psn
|upkeep
|turn|27
|
|t:|1778504246
|move|p2a: Scizor|Bullet Punch|p1a: Ninetales
|-resisted|p1a: Ninetales
|-damage|p1a: Ninetales|20/100 tox
|move|p1a: Ninetales|Overheat|p2a: Scizor
|-supereffective|p2a: Scizor
|-damage|p2a: Scizor|0 fnt
|-unboost|p1a: Ninetales|spa|2
|faint|p2a: Scizor
|
|-weather|SunnyDay|[upkeep]
|-damage|p1a: Ninetales|7/100 tox|[from] psn
|upkeep
|
|t:|1778504249
|switch|p2a: Arcanine|Arcanine-Hisui, F|100/100
|turn|28
|
|t:|1778504261
|move|p2a: Arcanine|Head Smash|p1a: Ninetales
|-supereffective|p1a: Ninetales
|-damage|p1a: Ninetales|0 fnt
|faint|p1a: Ninetales
|
|-weather|SunnyDay|[upkeep]
|upkeep
|
|t:|1778504275
|switch|p1a: Walking Wake|Walking Wake|39/100 tox
|-activate|p1a: Walking Wake|ability: Protosynthesis
|-start|p1a: Walking Wake|protosynthesisspa
|turn|29
|
|t:|1778504283
|-terastallize|p1a: Walking Wake|Steel
|move|p2a: Arcanine|Head Smash|p1a: Walking Wake
|-resisted|p1a: Walking Wake
|-damage|p1a: Walking Wake|0 fnt
|faint|p1a: Walking Wake
|-end|p1a: Walking Wake|Protosynthesis|[silent]
|
|-weather|SunnyDay|[upkeep]
|upkeep
|
|t:|1778504293
|switch|p1a: Raging Bolt|Raging Bolt|91/100
|-activate|p1a: Raging Bolt|ability: Protosynthesis
|-start|p1a: Raging Bolt|protosynthesisspa
|turn|30
|
|t:|1778504304
|move|p2a: Arcanine|Head Smash|p1a: Raging Bolt
|-damage|p1a: Raging Bolt|17/100
|move|p1a: Raging Bolt|Thunderbolt|p2a: Arcanine
|-damage|p2a: Arcanine|0 fnt
|faint|p2a: Arcanine
|-damage|p1a: Raging Bolt|7/100|[from] item: Life Orb
|
|win|Tigelinha_Raichu
|raw|Tigelinha_Raichu's rating: 1197 &rarr; <strong>1225</strong><br />(+28 for winning)
|raw|mynoble's rating: 1237 &rarr; <strong>1209</strong><br />(-28 for losing)
|c|☆mynoble|LIES
|l|☆Tigelinha_Raichu
|player|p1|
|c|☆mynoble|THATS A LIE
|l|☆mynoble
|player|p2|
