|html|<div class="broadcast-blue"><strong>[Gen 9] OU is currently suspecting Tera Blast! For information on how to participate check out the <a href="https://www.smogon.com/tools/suspects/view/200">suspect thread</a>.</strong></div>
|j|☆vanfanel1710
|j|☆P0TenS
|t:|1776038028
|gametype|singles
|player|p1|vanfanel1710|102|1078
|player|p2|P0TenS|1|1090
|gen|9
|tier|[Gen 9] OU
|rated|
|rule|HP Percentage Mod: HP is shown in percentages
|rule|Endless Battle Clause: Forcing endless battles is banned
|rule|Species Clause: Limit one of each Pokémon
|rule|OHKO Clause: OHKO moves are banned
|rule|Evasion Items Clause: Evasion items are banned
|rule|Evasion Moves Clause: Evasion moves are banned
|rule|Evasion Abilities Clause: Evasion abilities are banned
|rule|Sleep Moves Clause: Sleep-inducing moves are banned
|clearpoke
|poke|p1|Dragonite, M|
|poke|p1|Garchomp, M|
|poke|p1|Charizard, M|
|poke|p1|Scizor, F|
|poke|p1|Milotic, F|
|poke|p1|Iron Valiant|
|poke|p2|Blaziken, F|
|poke|p2|Weavile, M|
|poke|p2|Zapdos|
|poke|p2|Dragapult, M|
|poke|p2|Clodsire, F|
|poke|p2|Primarina, F|
|teampreview
|c|☆P0TenS|.....
|inactive|Battle timer is ON: inactive players will automatically lose when time's up. (requested by P0TenS)
|c|☆P0TenS|soooo we gon play or not
|
|t:|1776038117
|teamsize|p1|6
|teamsize|p2|6
|start
|switch|p1a: Scizor|Scizor, F|100/100
|switch|p2a: Blaziken|Blaziken, F|100/100
|turn|1
|
|t:|1776038123
|switch|p1a: Milotic|Milotic, F|100/100
|move|p2a: Blaziken|Fire Punch|p1a: Milotic
|-resisted|p1a: Milotic
|-damage|p1a: Milotic|82/100
|
|-ability|p2a: Blaziken|Speed Boost|boost
|-boost|p2a: Blaziken|spe|1
|-status|p1a: Milotic|brn|[from] item: Flame Orb
|upkeep
|turn|2
|c|☆vanfanel1710|sorry
|
|t:|1776038152
|move|p2a: Blaziken|Thunder Punch|p1a: Milotic
|-supereffective|p1a: Milotic
|-damage|p1a: Milotic|43/100 brn
|move|p1a: Milotic|Ice Beam|p2a: Blaziken
|-resisted|p2a: Blaziken
|-damage|p2a: Blaziken|86/100
|
|-damage|p1a: Milotic|37/100 brn|[from] brn
|-ability|p2a: Blaziken|Speed Boost|boost
|-boost|p2a: Blaziken|spe|1
|upkeep
|turn|3
|
|t:|1776038162
|switch|p1a: Garchomp|Garchomp, M|100/100
|move|p2a: Blaziken|Swords Dance|p2a: Blaziken
|-boost|p2a: Blaziken|atk|2
|
|-ability|p2a: Blaziken|Speed Boost|boost
|-boost|p2a: Blaziken|spe|1
|upkeep
|turn|4
|
|t:|1776038172
|move|p2a: Blaziken|Earthquake|p1a: Garchomp
|-damage|p1a: Garchomp|45/100
|move|p1a: Garchomp|Earthquake|p2a: Blaziken
|-supereffective|p2a: Blaziken
|-damage|p2a: Blaziken|0 fnt
|faint|p2a: Blaziken
|
|upkeep
|c|☆vanfanel1710|lol
|
|t:|1776038180
|switch|p2a: Primarina|Primarina, F|100/100
|turn|5
|
|t:|1776038198
|switch|p1a: Milotic|Milotic, F|37/100 brn
|move|p2a: Primarina|Surf|p1a: Milotic
|-resisted|p1a: Milotic
|-damage|p1a: Milotic|26/100 brn
|
|-damage|p1a: Milotic|20/100 brn|[from] brn
|upkeep
|turn|6
|
|t:|1776038207
|move|p2a: Primarina|Psychic Noise|p1a: Milotic
|-damage|p1a: Milotic|7/100 brn
|-start|p1a: Milotic|move: Heal Block
|cant|p1a: Milotic|move: Heal Block|Recover
|
|-damage|p1a: Milotic|1/100 brn|[from] brn
|upkeep
|turn|7
|
|t:|1776038219
|switch|p1a: Scizor|Scizor, F|100/100
|move|p2a: Primarina|Surf|p1a: Scizor
|-damage|p1a: Scizor|51/100
|
|-heal|p1a: Scizor|57/100|[from] item: Leftovers
|upkeep
|turn|8
|
|t:|1776038242
|switch|p2a: Dragapult|Dragapult, M|100/100
|move|p1a: Scizor|Knock Off|p2a: Dragapult
|-supereffective|p2a: Dragapult
|-damage|p2a: Dragapult|3/100
|-enditem|p2a: Dragapult|Heavy-Duty Boots|[from] move: Knock Off|[of] p1a: Scizor
|
|-heal|p1a: Scizor|64/100|[from] item: Leftovers
|upkeep
|turn|9
|
|t:|1776038253
|move|p1a: Scizor|Bullet Punch|p2a: Dragapult
|-damage|p2a: Dragapult|0 fnt
|faint|p2a: Dragapult
|
|-heal|p1a: Scizor|70/100|[from] item: Leftovers
|upkeep
|c|☆vanfanel1710|lol
|inactive|P0TenS has 120 seconds left.
|
|t:|1776038269
|switch|p2a: Clodsire|Clodsire, F|100/100
|turn|10
|
|t:|1776038278
|move|p1a: Scizor|Knock Off|p2a: Clodsire
|-damage|p2a: Clodsire|69/100
|-enditem|p2a: Clodsire|Heavy-Duty Boots|[from] move: Knock Off|[of] p1a: Scizor
|move|p2a: Clodsire|Earthquake|p1a: Scizor
|-damage|p1a: Scizor|49/100
|
|-heal|p1a: Scizor|55/100|[from] item: Leftovers
|upkeep
|turn|11
|
|t:|1776038287
|move|p2a: Clodsire|Stealth Rock|p1a: Scizor
|-sidestart|p1: vanfanel1710|move: Stealth Rock
|move|p1a: Scizor|Counter||[still]
|-fail|p1a: Scizor
|
|-heal|p1a: Scizor|61/100|[from] item: Leftovers
|upkeep
|turn|12
|
|t:|1776038294
|move|p1a: Scizor|Defog|p2a: Clodsire
|-unboost|p2a: Clodsire|evasion|1
|-sideend|p1: vanfanel1710|Stealth Rock|[from] move: Defog|[of] p1a: Scizor
|move|p2a: Clodsire|Recover|p2a: Clodsire
|-heal|p2a: Clodsire|100/100
|
|-heal|p1a: Scizor|68/100|[from] item: Leftovers
|upkeep
|turn|13
|
|t:|1776038306
|switch|p2a: Zapdos|Zapdos|100/100
|move|p1a: Scizor|Bullet Punch|p2a: Zapdos
|-resisted|p2a: Zapdos
|-damage|p2a: Zapdos|87/100
|-status|p1a: Scizor|par|[from] ability: Static|[of] p2a: Zapdos
|
|-heal|p1a: Scizor|74/100 par|[from] item: Leftovers
|upkeep
|turn|14
|
|t:|1776038320
|switch|p1a: Milotic|Milotic, F|1/100 brn
|move|p2a: Zapdos|Discharge|p1a: Milotic
|-supereffective|p1a: Milotic
|-damage|p1a: Milotic|0 fnt
|faint|p1a: Milotic
|
|upkeep
|
|t:|1776038341
|switch|p1a: Dragonite|Dragonite, M|100/100
|turn|15
|
|t:|1776038348
|move|p2a: Zapdos|Volt Switch|p1a: Dragonite
|-damage|p1a: Dragonite|85/100
|
|t:|1776038356
|switch|p2a: Primarina|Primarina, F|100/100|[from] Volt Switch
|move|p1a: Dragonite|Dragon Dance|p1a: Dragonite
|-boost|p1a: Dragonite|atk|1
|-boost|p1a: Dragonite|spe|1
|
|upkeep
|turn|16
|
|t:|1776038367
|-terastallize|p1a: Dragonite|Normal
|move|p1a: Dragonite|Earthquake|p2a: Primarina
|-damage|p2a: Primarina|31/100
|move|p2a: Primarina|Moonblast|p1a: Dragonite
|-damage|p1a: Dragonite|41/100
|
|upkeep
|turn|17
|
|t:|1776038387
|move|p1a: Dragonite|Extreme Speed|p2a: Primarina
|-damage|p2a: Primarina|0 fnt
|faint|p2a: Primarina
|
|upkeep
|inactive|P0TenS has 120 seconds left.
|
|t:|1776038414
|switch|p2a: Weavile|Weavile, M|100/100
|-ability|p2a: Weavile|Pressure
|turn|18
|
|t:|1776038440
|move|p1a: Dragonite|Extreme Speed|p2a: Weavile
|-damage|p2a: Weavile|0 fnt
|faint|p2a: Weavile
|
|upkeep
|
|t:|1776038445
|switch|p2a: Zapdos|Zapdos|87/100
|turn|19
|c|☆vanfanel1710|yup
|
|t:|1776038455
|move|p1a: Dragonite|Outrage|p2a: Zapdos
|-damage|p2a: Zapdos|0 fnt
|faint|p2a: Zapdos
|
|upkeep
|
|t:|1776038460
|switch|p2a: Clodsire|Clodsire, F|100/100
|turn|20
|c|☆vanfanel1710|gg
|
|t:|1776038464
|move|p1a: Dragonite|Outrage|p2a: Clodsire|[from] lockedmove
|-damage|p2a: Clodsire|23/100
|move|p2a: Clodsire|Toxic|p1a: Dragonite
|-status|p1a: Dragonite|tox
|-enditem|p1a: Dragonite|Lum Berry|[eat]
|-curestatus|p1a: Dragonite|tox|[msg]
|
|upkeep
|turn|21
|
|t:|1776038472
|move|p1a: Dragonite|Outrage|p2a: Clodsire|[from] lockedmove
|-damage|p2a: Clodsire|0 fnt
|faint|p2a: Clodsire
|-start|p1a: Dragonite|confusion|[fatigue]
|
|win|vanfanel1710
|raw|vanfanel1710's rating: 1078 &rarr; <strong>1107</strong><br />(+29 for winning)
|raw|P0TenS's rating: 1090 &rarr; <strong>1066</strong><br />(-24 for losing)
|c|☆P0TenS|gg
|l|☆P0TenS
|player|p2|
