|html|<div class="broadcast-blue"><strong>[Gen 9] OU is currently suspecting Volcarona! For information on how to participate check out the <a href="https://www.smogon.com/tools/suspects/view/208">suspect thread</a>.</strong></div>
|j|☆Gardevoir to 1800s
|j|☆Rj yoip
|t:|1778503782
|gametype|singles
|player|p1|Gardevoir to 1800s|giovanni|1639
|player|p2|Rj yoip|caitlin-masters|1757
|gen|9
|tier|[Gen 9] OU
|rated|
|rule|HP Percentage Mod: HP is shown in percentages
|rule|Endless Battle Clause: Forcing endless battles is banned
|rule|Species Clause: Limit one of each Pokémon
|rule|OHKO Clause: OHKO moves are banned
|rule|Evasion Items Clause: Evasion items are banned
|rule|Evasion Moves Clause: Evasion moves are banned
|rule|Evasion Abilities Clause: Evasion abilities are banned
|rule|Sleep Moves Clause: Sleep-inducing moves are banned
|clearpoke
|poke|p1|Gardevoir, F|
|poke|p1|Rillaboom, F|
|poke|p1|Hawlucha, M|
|poke|p1|Iron Moth|
|poke|p1|Landorus-Therian, M|
|poke|p1|Kingambit, F|
|poke|p2|Iron Treads|
|poke|p2|Landorus-Therian, M|
|poke|p2|Iron Valiant|
|poke|p2|Kingambit, F|
|poke|p2|Zamazenta-*|
|poke|p2|Primarina, F|
|teampreview
|j| Schlafparalyse
|c|☆Gardevoir to 1800s|uh
|c|☆Gardevoir to 1800s|is this goodnightnite
|inactive|Battle timer is ON: inactive players will automatically lose when time's up. (requested by Rj yoip)
|
|t:|1778503844
|teamsize|p1|6
|teamsize|p2|6
|start
|switch|p1a: Rillaboom|Rillaboom, F|100/100
|switch|p2a: Landorus|Landorus-Therian, M|100/100
|-fieldstart|move: Grassy Terrain|[from] ability: Grassy Surge|[of] p1a: Rillaboom
|-ability|p2a: Landorus|Intimidate|boost
|-unboost|p1a: Rillaboom|atk|1
|turn|1
|
|t:|1778503853
|switch|p1a: Landorus|Landorus-Therian, M|100/100
|-ability|p1a: Landorus|Intimidate|boost
|-unboost|p2a: Landorus|atk|1
|move|p2a: Landorus|Stealth Rock|p1a: Landorus
|-sidestart|p1: Gardevoir to 1800s|move: Stealth Rock
|
|upkeep
|turn|2
|
|t:|1778503860
|move|p1a: Landorus|Stealth Rock|p2a: Landorus
|-sidestart|p2: Rj yoip|move: Stealth Rock
|move|p2a: Landorus|Taunt|p1a: Landorus
|-start|p1a: Landorus|move: Taunt
|
|upkeep
|turn|3
|
|t:|1778503864
|move|p1a: Landorus|Stone Edge|p2a: Landorus
|-damage|p2a: Landorus|80/100
|move|p2a: Landorus|U-turn|p1a: Landorus
|-resisted|p1a: Landorus
|-damage|p1a: Landorus|94/100
|-damage|p2a: Landorus|63/100|[from] item: Rocky Helmet|[of] p1a: Landorus
|
|t:|1778503872
|switch|p2a: Primarina|Primarina, F|100/100|[from] U-turn
|-damage|p2a: Primarina|88/100|[from] Stealth Rock
|
|-heal|p2a: Primarina|94/100|[from] Grassy Terrain
|upkeep
|turn|4
|
|t:|1778503894
|move|p1a: Landorus|U-turn|p2a: Primarina
|-resisted|p2a: Primarina
|-damage|p2a: Primarina|80/100
|
|t:|1778503896
|switch|p1a: Rillaboom|Rillaboom, F|100/100|[from] U-turn
|-damage|p1a: Rillaboom|88/100|[from] Stealth Rock
|move|p2a: Primarina|Moonblast|p1a: Rillaboom
|-damage|p1a: Rillaboom|44/100
|-unboost|p1a: Rillaboom|spa|1
|
|-heal|p1a: Rillaboom|50/100|[from] Grassy Terrain
|-heal|p2a: Primarina|86/100|[from] Grassy Terrain
|upkeep
|turn|5
|
|t:|1778503903
|switch|p2a: Landorus|Landorus-Therian, M|63/100
|-damage|p2a: Landorus|51/100|[from] Stealth Rock
|-ability|p2a: Landorus|Intimidate|boost
|-unboost|p1a: Rillaboom|atk|1
|move|p1a: Rillaboom|U-turn|p2a: Landorus
|-resisted|p2a: Landorus
|-damage|p2a: Landorus|45/100
|-damage|p1a: Rillaboom|33/100|[from] item: Rocky Helmet|[of] p2a: Landorus
|
|t:|1778503919
|switch|p1a: El Contrabandista|Hawlucha, M|100/100|[from] U-turn
|-damage|p1a: El Contrabandista|88/100|[from] Stealth Rock
|-enditem|p1a: El Contrabandista|Grassy Seed
|-boost|p1a: El Contrabandista|def|1|[from] item: Grassy Seed
|
|-fieldend|move: Grassy Terrain
|upkeep
|turn|6
|
|t:|1778503923
|move|p1a: El Contrabandista|Swords Dance|p1a: El Contrabandista
|-boost|p1a: El Contrabandista|atk|2
|move|p2a: Landorus|U-turn|p1a: El Contrabandista
|-resisted|p1a: El Contrabandista
|-damage|p1a: El Contrabandista|83/100
|
|t:|1778503925
|switch|p2a: Zamazenta|Zamazenta|100/100|[from] U-turn
|-damage|p2a: Zamazenta|94/100|[from] Stealth Rock
|-ability|p2a: Zamazenta|Dauntless Shield|boost
|-boost|p2a: Zamazenta|def|1
|
|-heal|p2a: Zamazenta|100/100|[from] item: Leftovers
|upkeep
|turn|7
|
|t:|1778503933
|move|p1a: El Contrabandista|Acrobatics|p2a: Zamazenta
|-supereffective|p2a: Zamazenta
|-damage|p2a: Zamazenta|0 fnt
|faint|p2a: Zamazenta
|
|upkeep
|
|t:|1778503937
|switch|p2a: Kingambit|Kingambit, F|100/100
|-damage|p2a: Kingambit|94/100|[from] Stealth Rock
|-activate|p2a: Kingambit|ability: Supreme Overlord
|-start|p2a: Kingambit|fallen1|[silent]
|turn|8
|
|t:|1778503946
|-terastallize|p2a: Kingambit|Ghost
|move|p1a: El Contrabandista|Close Combat|p2a: Kingambit
|-immune|p2a: Kingambit
|move|p2a: Kingambit|Iron Head|p1a: El Contrabandista
|-crit|p1a: El Contrabandista
|-damage|p1a: El Contrabandista|0 fnt
|faint|p1a: El Contrabandista
|
|-heal|p2a: Kingambit|100/100|[from] item: Leftovers
|upkeep
|inactive|Gardevoir to 1800s has 120 seconds left.
|j| I registered this
|inactive|Gardevoir to 1800s has 90 seconds left.
|
|t:|1778504013
|switch|p1a: Rillaboom|Rillaboom, F|33/100
|-damage|p1a: Rillaboom|21/100|[from] Stealth Rock
|-fieldstart|move: Grassy Terrain|[from] ability: Grassy Surge|[of] p1a: Rillaboom
|turn|9
|inactive|Gardevoir to 1800s has 90 seconds left.
|
|t:|1778504033
|-end|p2a: Kingambit|fallen1|[silent]
|switch|p2a: Landorus|Landorus-Therian, M|45/100
|-damage|p2a: Landorus|33/100|[from] Stealth Rock
|-ability|p2a: Landorus|Intimidate|boost
|-unboost|p1a: Rillaboom|atk|1
|move|p1a: Rillaboom|Grassy Glide|p2a: Landorus
|-damage|p2a: Landorus|15/100
|-damage|p1a: Rillaboom|4/100|[from] item: Rocky Helmet|[of] p2a: Landorus
|
|-heal|p1a: Rillaboom|10/100|[from] Grassy Terrain
|upkeep
|turn|10
|
|t:|1778504050
|move|p1a: Rillaboom|U-turn|p2a: Landorus
|-resisted|p2a: Landorus
|-damage|p2a: Landorus|8/100
|-damage|p1a: Rillaboom|0 fnt|[from] item: Rocky Helmet|[of] p2a: Landorus
|faint|p1a: Rillaboom
|move|p2a: Landorus|U-turn|p1: Rillaboom|[notarget]
|-fail|p2a: Landorus
|
|upkeep
|inactive|Gardevoir to 1800s has 60 seconds left.
|
|t:|1778504075
|switch|p1a: Dopamine Dorito|Iron Moth|100/100
|-damage|p1a: Dopamine Dorito|76/100|[from] Stealth Rock
|-enditem|p1a: Dopamine Dorito|Booster Energy
|-activate|p1a: Dopamine Dorito|ability: Quark Drive|[fromitem]
|-start|p1a: Dopamine Dorito|quarkdrivespe
|turn|11
|
|t:|1778504079
|move|p1a: Dopamine Dorito|Fiery Dance|p2a: Landorus
|-damage|p2a: Landorus|0 fnt
|faint|p2a: Landorus
|
|-heal|p1a: Dopamine Dorito|82/100|[from] Grassy Terrain
|upkeep
|
|t:|1778504081
|switch|p2a: Primarina|Primarina, F|86/100
|-damage|p2a: Primarina|74/100|[from] Stealth Rock
|turn|12
|
|t:|1778504098
|move|p1a: Dopamine Dorito|Sludge Wave|p2a: Primarina
|-supereffective|p2a: Primarina
|-damage|p2a: Primarina|17/100
|move|p2a: Primarina|Surf|p1a: Dopamine Dorito
|-supereffective|p1a: Dopamine Dorito
|-damage|p1a: Dopamine Dorito|0 fnt
|faint|p1a: Dopamine Dorito
|-end|p1a: Dopamine Dorito|Quark Drive|[silent]
|
|-heal|p2a: Primarina|24/100|[from] Grassy Terrain
|upkeep
|
|t:|1778504110
|switch|p1a: Rhapsodie|Gardevoir, F, shiny|100/100
|-damage|p1a: Rhapsodie|88/100|[from] Stealth Rock
|-ability|p1a: Rhapsodie|Torrent|Trace|[from] ability: Trace|[of] p2a: Primarina
|-enditem|p1a: Rhapsodie|Grassy Seed
|-boost|p1a: Rhapsodie|def|1|[from] item: Grassy Seed
|turn|13
|c| I registered this|And smogon thinks tera is healthy
|
|t:|1778504113
|move|p1a: Rhapsodie|Calm Mind|p1a: Rhapsodie
|-boost|p1a: Rhapsodie|spa|1
|-boost|p1a: Rhapsodie|spd|1
|move|p2a: Primarina|Surf|p1a: Rhapsodie
|-damage|p1a: Rhapsodie|38/100
|
|-heal|p1a: Rhapsodie|45/100|[from] Grassy Terrain
|-heal|p2a: Primarina|30/100|[from] Grassy Terrain
|-fieldend|move: Grassy Terrain
|upkeep
|turn|14
|c| I registered this|What a bunch of idiots
|
|t:|1778504137
|move|p1a: Rhapsodie|Stored Power|p2a: Primarina
|-damage|p2a: Primarina|0 fnt
|faint|p2a: Primarina
|
|upkeep
|c|☆Rj yoip|What could we possibly be talking about
|
|t:|1778504149
|switch|p2a: Iron Treads|Iron Treads|100/100
|-damage|p2a: Iron Treads|97/100|[from] Stealth Rock
|-enditem|p2a: Iron Treads|Booster Energy
|-activate|p2a: Iron Treads|ability: Quark Drive|[fromitem]
|-start|p2a: Iron Treads|quarkdrivespe
|turn|15
|
|t:|1778504160
|move|p2a: Iron Treads|Iron Head|p1a: Rhapsodie
|-supereffective|p1a: Rhapsodie
|-damage|p1a: Rhapsodie|0 fnt
|faint|p1a: Rhapsodie
|
|upkeep
|
|t:|1778504164
|switch|p1a: Landorus|Landorus-Therian, M|94/100
|-damage|p1a: Landorus|82/100|[from] Stealth Rock
|-ability|p1a: Landorus|Intimidate|boost
|-unboost|p2a: Iron Treads|atk|1
|turn|16
|
|t:|1778504174
|move|p2a: Iron Treads|Ice Spinner|p1a: Landorus
|-supereffective|p1a: Landorus
|-damage|p1a: Landorus|16/100
|-damage|p2a: Iron Treads|81/100|[from] item: Rocky Helmet|[of] p1a: Landorus
|move|p1a: Landorus|Earth Power|p2a: Iron Treads
|-supereffective|p2a: Iron Treads
|-damage|p2a: Iron Treads|0 fnt
|faint|p2a: Iron Treads
|-end|p2a: Iron Treads|Quark Drive|[silent]
|
|upkeep
|
|t:|1778504177
|switch|p2a: Iron Valiant|Iron Valiant|100/100
|-damage|p2a: Iron Valiant|94/100|[from] Stealth Rock
|turn|17
|
|t:|1778504186
|move|p2a: Iron Valiant|Moonblast|p1a: Landorus
|-damage|p1a: Landorus|0 fnt
|faint|p1a: Landorus
|
|upkeep
|
|t:|1778504187
|switch|p1a: Kingambitch|Kingambit, F|100/100
|-damage|p1a: Kingambitch|94/100|[from] Stealth Rock
|-activate|p1a: Kingambitch|ability: Supreme Overlord
|-start|p1a: Kingambitch|fallen5|[silent]
|turn|18
|
|t:|1778504191
|-terastallize|p1a: Kingambitch|Fire
|move|p2a: Iron Valiant|Close Combat|p1a: Kingambitch
|-damage|p1a: Kingambitch|54/100
|-unboost|p2a: Iron Valiant|def|1
|-unboost|p2a: Iron Valiant|spd|1
|move|p1a: Kingambitch|Iron Head|p2a: Iron Valiant
|-supereffective|p2a: Iron Valiant
|-damage|p2a: Iron Valiant|0 fnt
|faint|p2a: Iron Valiant
|-end|p2a: Iron Valiant|Quark Drive|[silent]
|
|upkeep
|
|t:|1778504194
|switch|p2a: Kingambit|Kingambit, F, tera:Ghost|100/100
|-damage|p2a: Kingambit|88/100|[from] Stealth Rock
|-activate|p2a: Kingambit|ability: Supreme Overlord
|-start|p2a: Kingambit|fallen5|[silent]
|turn|19
|c| I registered this|You couldnt have won ig smogon didnt lovd favoring kids
|
|t:|1778504197
|move|p1a: Kingambitch|Sucker Punch|p2a: Kingambit
|-supereffective|p2a: Kingambit
|-damage|p2a: Kingambit|0 fnt
|faint|p2a: Kingambit
|-end|p2a: Kingambit|fallen5|[silent]
|
|win|Gardevoir to 1800s
|raw|Gardevoir to 1800s's rating: 1639 &rarr; <strong>1666</strong><br />(+27 for winning)
|raw|Rj yoip's rating: 1757 &rarr; <strong>1730</strong><br />(-27 for losing)
|c|☆Gardevoir to 1800s|gg
|c|☆Rj yoip|I didn’t win
|c|☆Gardevoir to 1800s|uhh
|c| I registered this|You lost way before
|c| I registered this|But this shit mechanic gave a chance
|l| I registered this
|c|☆Gardevoir to 1800s|Rj yoip who are you, really?
|c|☆Rj yoip|Wdym
|c|☆Gardevoir to 1800s|Have I seen you at or near the top of ladder?
|c|☆Rj yoip|Yes
|c|☆Gardevoir to 1800s|you're a good player
|c|☆Rj yoip|Unscripted on discord
|l|☆Rj yoip
|player|p2|
|c|☆Gardevoir to 1800s|OH!
|l|☆Gardevoir to 1800s
|player|p1|
