|html|<div class="broadcast-blue"><strong>[Gen 9] OU is currently suspecting Tera Blast! For information on how to participate check out the <a href="https://www.smogon.com/tools/suspects/view/200">suspect thread</a>.</strong></div>
|j|☆JoeZomB
|j|☆bruh_eggs
|t:|1776091648
|gametype|singles
|player|p1|JoeZomB|102|1616
|player|p2|bruh_eggs|juggler|1623
|gen|9
|tier|[Gen 9] OU
|rated|
|rule|HP Percentage Mod: HP is shown in percentages
|rule|Endless Battle Clause: Forcing endless battles is banned
|rule|Species Clause: Limit one of each Pokémon
|rule|OHKO Clause: OHKO moves are banned
|rule|Evasion Items Clause: Evasion items are banned
|rule|Evasion Moves Clause: Evasion moves are banned
|rule|Evasion Abilities Clause: Evasion abilities are banned
|rule|Sleep Moves Clause: Sleep-inducing moves are banned
|clearpoke
|poke|p1|Clodsire, M|
|poke|p1|Moltres|
|poke|p1|Empoleon, M|
|poke|p1|Dragonite, F|
|poke|p1|Darkrai|
|poke|p1|Great Tusk|
|poke|p2|Great Tusk|
|poke|p2|Gholdengo|
|poke|p2|Samurott-Hisui, M|
|poke|p2|Iron Valiant|
|poke|p2|Raging Bolt|
|poke|p2|Ogerpon-Wellspring, F|
|teampreview
|inactive|Battle timer is ON: inactive players will automatically lose when time's up. (requested by JoeZomB)
|inactive|bruh_eggs also wants the timer to be on.
|
|t:|1776091653
|teamsize|p1|6
|teamsize|p2|6
|start
|switch|p1a: Clodsire|Clodsire, M|100/100
|switch|p2a: Dark Blue Moon|Samurott-Hisui, M|100/100
|turn|1
|
|t:|1776091658
|move|p2a: Dark Blue Moon|Ceaseless Edge|p1a: Clodsire
|-damage|p1a: Clodsire|56/100
|-sidestart|p1: JoeZomB|Spikes
|move|p1a: Clodsire|Toxic|p2a: Dark Blue Moon
|-status|p2a: Dark Blue Moon|tox
|
|-damage|p2a: Dark Blue Moon|94/100 tox|[from] psn
|upkeep
|turn|2
|
|t:|1776091660
|move|p2a: Dark Blue Moon|Ceaseless Edge|p1a: Clodsire
|-damage|p1a: Clodsire|7/100
|-sidestart|p1: JoeZomB|Spikes
|move|p1a: Clodsire|Recover|p1a: Clodsire
|-heal|p1a: Clodsire|58/100
|
|-damage|p2a: Dark Blue Moon|82/100 tox|[from] psn
|upkeep
|turn|3
|
|t:|1776091664
|move|p2a: Dark Blue Moon|Ceaseless Edge|p1a: Clodsire
|-damage|p1a: Clodsire|10/100
|-sidestart|p1: JoeZomB|Spikes
|move|p1a: Clodsire|Recover|p1a: Clodsire
|-heal|p1a: Clodsire|60/100
|
|-damage|p2a: Dark Blue Moon|64/100 tox|[from] psn
|upkeep
|turn|4
|
|t:|1776091668
|move|p2a: Dark Blue Moon|Flip Turn|p1a: Clodsire
|-heal|p1a: Clodsire|85/100|[from] ability: Water Absorb|[of] p2a: Dark Blue Moon
|move|p1a: Clodsire|Recover|p1a: Clodsire
|-heal|p1a: Clodsire|100/100
|
|-damage|p2a: Dark Blue Moon|40/100 tox|[from] psn
|upkeep
|turn|5
|
|t:|1776091673
|move|p2a: Dark Blue Moon|Ceaseless Edge|p1a: Clodsire
|-damage|p1a: Clodsire|53/100
|move|p1a: Clodsire|Spikes|p2a: Dark Blue Moon
|-sidestart|p2: bruh_eggs|Spikes
|
|-damage|p2a: Dark Blue Moon|10/100 tox|[from] psn
|upkeep
|turn|6
|
|t:|1776091677
|move|p2a: Dark Blue Moon|Ceaseless Edge|p1a: Clodsire
|-damage|p1a: Clodsire|4/100
|move|p1a: Clodsire|Recover|p1a: Clodsire
|-heal|p1a: Clodsire|54/100
|
|-damage|p2a: Dark Blue Moon|0 fnt|[from] psn
|faint|p2a: Dark Blue Moon
|upkeep
|
|t:|1776091682
|switch|p2a: Tusk|Great Tusk|100/100
|turn|7
|
|t:|1776091684
|switch|p1a: Moltres|Moltres|100/100
|move|p2a: Tusk|Stealth Rock|p1a: Moltres
|-sidestart|p1: JoeZomB|move: Stealth Rock
|
|upkeep
|turn|8
|
|t:|1776091696
|-end|p2a: Tusk|Protosynthesis|[silent]
|switch|p2a: Scary Monsters|Raging Bolt|100/100
|-damage|p2a: Scary Monsters|88/100|[from] Spikes
|move|p1a: Moltres|Will-O-Wisp|p2a: Scary Monsters
|-status|p2a: Scary Monsters|brn
|
|-damage|p2a: Scary Monsters|82/100 brn|[from] brn
|upkeep
|turn|9
|
|t:|1776091705
|switch|p1a: Empoleon|Empoleon, M|100/100
|-damage|p1a: Empoleon|75/100|[from] Spikes
|-damage|p1a: Empoleon|69/100|[from] Stealth Rock
|move|p2a: Scary Monsters|Draco Meteor|p1a: Empoleon
|-resisted|p1a: Empoleon
|-damage|p1a: Empoleon|44/100
|-unboost|p2a: Scary Monsters|spa|2
|
|-heal|p1a: Empoleon|50/100|[from] item: Leftovers
|-damage|p2a: Scary Monsters|76/100 brn|[from] brn
|upkeep
|turn|10
|
|t:|1776091712
|move|p2a: Scary Monsters|Volt Switch|p1a: Empoleon
|-supereffective|p1a: Empoleon
|-damage|p1a: Empoleon|16/100
|
|t:|1776091716
|-end|p2a: Scary Monsters|Protosynthesis|[silent]
|switch|p2a: Catch The Rainbow|Ogerpon-Wellspring, F|100/100|[from] Volt Switch
|-damage|p2a: Catch The Rainbow|88/100|[from] Spikes
|move|p1a: Empoleon|Stealth Rock|p2a: Catch The Rainbow
|-sidestart|p2: bruh_eggs|move: Stealth Rock
|
|-heal|p1a: Empoleon|22/100|[from] item: Leftovers
|upkeep
|turn|11
|
|t:|1776091725
|move|p2a: Catch The Rainbow|Ivy Cudgel|p1a: Empoleon|[anim] Ivy Cudgel Water
|-resisted|p1a: Empoleon
|-damage|p1a: Empoleon|0 fnt
|faint|p1a: Empoleon
|
|upkeep
|
|t:|1776091727
|switch|p1a: Darkrai|Darkrai|100/100
|turn|12
|
|t:|1776091736
|-terastallize|p2a: Catch The Rainbow|Water
|detailschange|p2a: Catch The Rainbow|Ogerpon-Wellspring-Tera, F, tera:Water
|-ability|p2a: Catch The Rainbow|Embody Aspect (Wellspring)|boost
|-boost|p2a: Catch The Rainbow|spd|1
|move|p1a: Darkrai|Ice Beam|p2a: Catch The Rainbow
|-resisted|p2a: Catch The Rainbow
|-damage|p2a: Catch The Rainbow|76/100
|move|p2a: Catch The Rainbow|Ivy Cudgel|p1a: Darkrai|[anim] Ivy Cudgel Water
|-damage|p1a: Darkrai|3/100
|
|upkeep
|turn|13
|
|t:|1776091745
|move|p1a: Darkrai|Dark Pulse|p2a: Catch The Rainbow
|-damage|p2a: Catch The Rainbow|39/100
|move|p2a: Catch The Rainbow|Power Whip|p1a: Darkrai
|-damage|p1a: Darkrai|0 fnt
|faint|p1a: Darkrai
|
|upkeep
|j| Foxi4
|
|t:|1776091775
|switch|p1a: Dragonite|Dragonite, F|100/100
|turn|14
|
|t:|1776091779
|move|p1a: Dragonite|Extreme Speed|p2a: Catch The Rainbow
|-damage|p2a: Catch The Rainbow|0 fnt
|faint|p2a: Catch The Rainbow
|detailschange|p2: Catch The Rainbow|Ogerpon-Wellspring, F|[silent]
|
|upkeep
|
|t:|1776091786
|switch|p2a: Tusk|Great Tusk|100/100
|turn|15
|
|t:|1776091790
|switch|p1a: Moltres|Moltres|100/100
|move|p2a: Tusk|Rapid Spin|p1a: Moltres
|-damage|p1a: Moltres|89/100
|-boost|p2a: Tusk|spe|1
|-status|p2a: Tusk|brn|[from] ability: Flame Body|[of] p1a: Moltres
|-sideend|p2: bruh_eggs|Spikes|[from] move: Rapid Spin|[of] p2a: Tusk
|-sideend|p2: bruh_eggs|Stealth Rock|[from] move: Rapid Spin|[of] p2a: Tusk
|
|-damage|p2a: Tusk|94/100 brn|[from] brn
|upkeep
|turn|16
|
|t:|1776091795
|-end|p2a: Tusk|Protosynthesis|[silent]
|switch|p2a: Scary Monsters|Raging Bolt|76/100 brn
|switch|p1a: Great Tusk|Great Tusk|100/100
|
|-damage|p2a: Scary Monsters|70/100 brn|[from] brn
|upkeep
|turn|17
|
|t:|1776091799
|-end|p2a: Scary Monsters|Protosynthesis|[silent]
|switch|p2a: Marilyn Manson|Gholdengo|100/100
|-item|p2a: Marilyn Manson|Air Balloon
|move|p1a: Great Tusk|Headlong Rush|p2a: Marilyn Manson
|-immune|p2a: Marilyn Manson
|
|upkeep
|turn|18
|
|t:|1776091803
|move|p1a: Great Tusk|Knock Off|p2a: Marilyn Manson
|-supereffective|p2a: Marilyn Manson
|-damage|p2a: Marilyn Manson|29/100
|-enditem|p2a: Marilyn Manson|Air Balloon
|move|p2a: Marilyn Manson|Shadow Ball|p1a: Great Tusk
|-damage|p1a: Great Tusk|39/100
|
|upkeep
|turn|19
|
|t:|1776091808
|move|p1a: Great Tusk|Knock Off|p2a: Marilyn Manson
|-supereffective|p2a: Marilyn Manson
|-damage|p2a: Marilyn Manson|0 fnt
|faint|p2a: Marilyn Manson
|
|upkeep
|
|t:|1776091812
|switch|p2a: Planet Waves|Iron Valiant|100/100
|-enditem|p2a: Planet Waves|Booster Energy
|-activate|p2a: Planet Waves|ability: Quark Drive|[fromitem]
|-start|p2a: Planet Waves|quarkdrivespe
|turn|20
|
|t:|1776091816
|-end|p1a: Great Tusk|Protosynthesis|[silent]
|switch|p1a: Clodsire|Clodsire, M|54/100
|move|p2a: Planet Waves|Calm Mind|p2a: Planet Waves
|-boost|p2a: Planet Waves|spa|1
|-boost|p2a: Planet Waves|spd|1
|
|upkeep
|turn|21
|
|t:|1776091821
|move|p2a: Planet Waves|Shadow Ball|p1a: Clodsire
|-damage|p1a: Clodsire|33/100
|-unboost|p1a: Clodsire|spd|1
|move|p1a: Clodsire|Recover|p1a: Clodsire
|-heal|p1a: Clodsire|83/100
|
|upkeep
|turn|22
|
|t:|1776091825
|move|p2a: Planet Waves|Encore|p1a: Clodsire
|-start|p1a: Clodsire|Encore
|move|p1a: Clodsire|Recover|p1a: Clodsire
|-heal|p1a: Clodsire|100/100
|
|upkeep
|turn|23
|
|t:|1776091829
|switch|p1a: Moltres|Moltres|89/100
|move|p2a: Planet Waves|Calm Mind|p2a: Planet Waves
|-boost|p2a: Planet Waves|spa|1
|-boost|p2a: Planet Waves|spd|1
|
|upkeep
|turn|24
|
|t:|1776091832
|-terastallize|p1a: Moltres|Ghost
|move|p2a: Planet Waves|Shadow Ball|p1a: Moltres
|-supereffective|p1a: Moltres
|-damage|p1a: Moltres|0 fnt
|faint|p1a: Moltres
|
|upkeep
|c|☆bruh_eggs|Why
|c|☆JoeZomB|forgot about 4 moves
|c|☆JoeZomB|usually its moonblast sball tbolt
|
|t:|1776091861
|switch|p1a: Clodsire|Clodsire, M|100/100
|turn|25
|
|t:|1776091865
|move|p2a: Planet Waves|Shadow Ball|p1a: Clodsire
|-damage|p1a: Clodsire|75/100
|move|p1a: Clodsire|Earthquake|p2a: Planet Waves
|-damage|p2a: Planet Waves|66/100
|
|upkeep
|turn|26
|
|t:|1776091870
|move|p2a: Planet Waves|Shadow Ball|p1a: Clodsire
|-damage|p1a: Clodsire|49/100
|move|p1a: Clodsire|Earthquake|p2a: Planet Waves
|-damage|p2a: Planet Waves|31/100
|
|upkeep
|turn|27
|
|t:|1776091879
|move|p2a: Planet Waves|Shadow Ball|p1a: Clodsire
|-damage|p1a: Clodsire|19/100
|move|p1a: Clodsire|Recover|p1a: Clodsire
|-heal|p1a: Clodsire|69/100
|
|upkeep
|turn|28
|
|t:|1776091883
|switch|p1a: Great Tusk|Great Tusk|39/100
|move|p2a: Planet Waves|Encore||[still]
|-fail|p2a: Planet Waves
|
|upkeep
|turn|29
|
|t:|1776091887
|-end|p1a: Great Tusk|Protosynthesis|[silent]
|switch|p1a: Clodsire|Clodsire, M|69/100
|move|p2a: Planet Waves|Shadow Ball|p1a: Clodsire
|-damage|p1a: Clodsire|42/100
|
|upkeep
|turn|30
|
|t:|1776091893
|-end|p2a: Planet Waves|Quark Drive|[silent]
|switch|p2a: Tusk|Great Tusk|94/100 brn
|move|p1a: Clodsire|Earthquake|p2a: Tusk
|-damage|p2a: Tusk|73/100 brn
|
|-damage|p2a: Tusk|67/100 brn|[from] brn
|upkeep
|turn|31
|
|t:|1776091906
|switch|p1a: Great Tusk|Great Tusk|39/100
|move|p2a: Tusk|Ice Spinner|p1a: Great Tusk
|-supereffective|p1a: Great Tusk
|-damage|p1a: Great Tusk|18/100
|
|-damage|p2a: Tusk|61/100 brn|[from] brn
|upkeep
|turn|32
|
|t:|1776091912
|move|p2a: Tusk|Ice Spinner|p1a: Great Tusk
|-supereffective|p1a: Great Tusk
|-damage|p1a: Great Tusk|0 fnt
|faint|p1a: Great Tusk
|-end|p1a: Great Tusk|Protosynthesis|[silent]
|
|-damage|p2a: Tusk|55/100 brn|[from] brn
|upkeep
|
|t:|1776091915
|switch|p1a: Dragonite|Dragonite, F|100/100
|turn|33
|
|t:|1776091918
|move|p2a: Tusk|Rapid Spin|p1a: Dragonite
|-damage|p1a: Dragonite|96/100
|-boost|p2a: Tusk|spe|1
|move|p1a: Dragonite|Dragon Dance|p1a: Dragonite
|-boost|p1a: Dragonite|atk|1
|-boost|p1a: Dragonite|spe|1
|
|-damage|p2a: Tusk|49/100 brn|[from] brn
|upkeep
|turn|34
|
|t:|1776091923
|move|p2a: Tusk|Ice Spinner|p1a: Dragonite
|-supereffective|p1a: Dragonite
|-damage|p1a: Dragonite|33/100
|move|p1a: Dragonite|Ice Spinner|p2a: Tusk
|-supereffective|p2a: Tusk
|-damage|p2a: Tusk|0 fnt
|faint|p2a: Tusk
|-end|p2a: Tusk|Protosynthesis|[silent]
|
|upkeep
|
|t:|1776091929
|switch|p2a: Scary Monsters|Raging Bolt|70/100 brn
|turn|35
|
|t:|1776091935
|move|p1a: Dragonite|Earthquake|p2a: Scary Monsters
|-supereffective|p2a: Scary Monsters
|-damage|p2a: Scary Monsters|0 fnt
|faint|p2a: Scary Monsters
|-end|p2a: Scary Monsters|Protosynthesis|[silent]
|
|upkeep
|c|☆bruh_eggs|gg
|c|☆JoeZomB|gg bro
|-message|bruh_eggs forfeited.
|
|win|JoeZomB
|raw|JoeZomB's rating: 1616 &rarr; <strong>1636</strong><br />(+20 for winning)
|raw|bruh_eggs's rating: 1623 &rarr; <strong>1603</strong><br />(-20 for losing)
|l|☆bruh_eggs
|player|p2|
|l|☆JoeZomB
|player|p1|
