|html|<div class="broadcast-blue"><strong>[Gen 9] OU is currently suspecting Tera Blast! For information on how to participate check out the <a href="https://www.smogon.com/tools/suspects/view/200">suspect thread</a>.</strong></div>
|j|☆yvhs
|j|☆ricefarming6969
|t:|1776098263
|gametype|singles
|player|p1|yvhs|hilda-wonderlauncher|1267
|player|p2|ricefarming6969|1|1284
|gen|9
|tier|[Gen 9] OU
|rated|
|rule|HP Percentage Mod: HP is shown in percentages
|rule|Endless Battle Clause: Forcing endless battles is banned
|rule|Species Clause: Limit one of each Pokémon
|rule|OHKO Clause: OHKO moves are banned
|rule|Evasion Items Clause: Evasion items are banned
|rule|Evasion Moves Clause: Evasion moves are banned
|rule|Evasion Abilities Clause: Evasion abilities are banned
|rule|Sleep Moves Clause: Sleep-inducing moves are banned
|clearpoke
|poke|p1|Kingambit, F|
|poke|p1|Raging Bolt|
|poke|p1|Tornadus-Therian, M|
|poke|p1|Great Tusk|
|poke|p1|Ting-Lu|
|poke|p1|Pecharunt|
|poke|p2|Pelipper, M|
|poke|p2|Ludicolo, M|
|poke|p2|Iron Treads|
|poke|p2|Landorus-Therian, M|
|poke|p2|Barraskewda, F|
|poke|p2|Basculegion-F, F|
|teampreview
|
|t:|1776098288
|teamsize|p1|6
|teamsize|p2|6
|start
|switch|p1a: Raging Bolt|Raging Bolt|100/100
|switch|p2a: Landorus|Landorus-Therian, M|100/100
|-ability|p2a: Landorus|Intimidate|boost
|-unboost|p1a: Raging Bolt|atk|1
|-enditem|p1a: Raging Bolt|Booster Energy
|-activate|p1a: Raging Bolt|ability: Protosynthesis|[fromitem]
|-start|p1a: Raging Bolt|protosynthesisspa
|turn|1
|
|t:|1776098297
|-terastallize|p1a: Raging Bolt|Bug
|move|p2a: Landorus|U-turn|p1a: Raging Bolt
|-damage|p1a: Raging Bolt|84/100
|
|t:|1776098304
|switch|p2a: Iron Treads|Iron Treads|100/100|[from] U-turn
|move|p1a: Raging Bolt|Calm Mind|p1a: Raging Bolt
|-boost|p1a: Raging Bolt|spa|1
|-boost|p1a: Raging Bolt|spd|1
|
|upkeep
|turn|2
|
|t:|1776098312
|move|p2a: Iron Treads|Iron Head|p1a: Raging Bolt
|-crit|p1a: Raging Bolt
|-damage|p1a: Raging Bolt|45/100
|move|p1a: Raging Bolt|Dragon Pulse|p2a: Iron Treads
|-resisted|p2a: Iron Treads
|-damage|p2a: Iron Treads|75/100
|
|upkeep
|turn|3
|
|t:|1776098318
|move|p2a: Iron Treads|Iron Head|p1a: Raging Bolt
|-damage|p1a: Raging Bolt|19/100
|move|p1a: Raging Bolt|Dragon Pulse|p2a: Iron Treads
|-resisted|p2a: Iron Treads
|-damage|p2a: Iron Treads|49/100
|
|upkeep
|turn|4
|
|t:|1776098337
|-end|p1a: Raging Bolt|Protosynthesis|[silent]
|switch|p1a: Pecharunt|Pecharunt|100/100
|move|p2a: Iron Treads|Iron Head|p1a: Pecharunt
|-damage|p1a: Pecharunt|83/100
|-damage|p2a: Iron Treads|32/100|[from] item: Rocky Helmet|[of] p1a: Pecharunt
|
|upkeep
|turn|5
|
|t:|1776098344
|move|p1a: Pecharunt|Parting Shot|p2a: Iron Treads
|-unboost|p2a: Iron Treads|atk|1
|-unboost|p2a: Iron Treads|spa|1
|
|t:|1776098347
|switch|p1a: Tornadus|Tornadus-Therian, M|100/100|[from] Parting Shot
|move|p2a: Iron Treads|Rapid Spin|p1a: Tornadus
|-damage|p1a: Tornadus|90/100
|-boost|p2a: Iron Treads|spe|1
|
|upkeep
|turn|6
|
|t:|1776098351
|move|p1a: Tornadus|Heat Wave|p2a: Iron Treads
|-supereffective|p2a: Iron Treads
|-damage|p2a: Iron Treads|7/100
|move|p2a: Iron Treads|Volt Switch|p1a: Tornadus
|-supereffective|p1a: Tornadus
|-damage|p1a: Tornadus|79/100
|
|t:|1776098359
|-end|p2a: Iron Treads|Quark Drive|[silent]
|switch|p2a: Pelipper|Pelipper, M|100/100|[from] Volt Switch
|-weather|RainDance|[from] ability: Drizzle|[of] p2a: Pelipper
|
|-weather|RainDance|[upkeep]
|upkeep
|turn|7
|
|t:|1776098369
|move|p1a: Tornadus|Knock Off|p2a: Pelipper
|-damage|p2a: Pelipper|86/100
|-enditem|p2a: Pelipper|Damp Rock|[from] move: Knock Off|[of] p1a: Tornadus
|move|p2a: Pelipper|U-turn|p1a: Tornadus
|-resisted|p1a: Tornadus
|-damage|p1a: Tornadus|74/100
|inactive|Battle timer is ON: inactive players will automatically lose when time's up. (requested by yvhs)
|
|t:|1776098383
|switch|p2a: Barraskewda|Barraskewda, F|100/100|[from] U-turn
|
|-weather|RainDance|[upkeep]
|upkeep
|turn|8
|
|t:|1776098390
|-terastallize|p2a: Barraskewda|Water
|move|p2a: Barraskewda|Liquidation|p1a: Tornadus
|-damage|p1a: Tornadus|0 fnt
|faint|p1a: Tornadus
|
|-weather|RainDance|[upkeep]
|upkeep
|
|t:|1776098397
|switch|p1a: Raging Bolt|Raging Bolt, tera:Bug|19/100
|turn|9
|
|t:|1776098399
|move|p1a: Raging Bolt|Thunderclap|p2a: Barraskewda
|-supereffective|p2a: Barraskewda
|-damage|p2a: Barraskewda|0 fnt
|faint|p2a: Barraskewda
|
|-weather|RainDance|[upkeep]
|upkeep
|
|t:|1776098406
|switch|p2a: Ludicolo|Ludicolo, M|100/100
|turn|10
|
|t:|1776098411
|-end|p1a: Raging Bolt|Protosynthesis|[silent]
|switch|p1a: Pecharunt|Pecharunt|83/100
|move|p2a: Ludicolo|Hydro Pump|p1a: Pecharunt
|-damage|p1a: Pecharunt|0 fnt
|faint|p1a: Pecharunt
|-damage|p2a: Ludicolo|91/100|[from] item: Life Orb
|
|-weather|RainDance|[upkeep]
|upkeep
|
|t:|1776098426
|switch|p1a: Raging Bolt|Raging Bolt, tera:Bug|19/100
|turn|11
|
|t:|1776098434
|move|p1a: Raging Bolt|Thunderclap|p2a: Ludicolo
|-damage|p2a: Ludicolo|45/100
|move|p2a: Ludicolo|Hydro Pump|p1a: Raging Bolt|[miss]
|-miss|p2a: Ludicolo|p1a: Raging Bolt
|
|-weather|RainDance|[upkeep]
|upkeep
|turn|12
|
|t:|1776098439
|switch|p2a: Basculegion|Basculegion-F, F|100/100
|move|p1a: Raging Bolt|Thunderclap||[still]
|-fail|p1a: Raging Bolt
|
|-weather|RainDance|[upkeep]
|upkeep
|turn|13
|
|t:|1776098444
|move|p1a: Raging Bolt|Thunderclap|p2a: Basculegion
|-supereffective|p2a: Basculegion
|-damage|p2a: Basculegion|8/100
|move|p2a: Basculegion|Surf|p1a: Raging Bolt
|-damage|p1a: Raging Bolt|0 fnt
|faint|p1a: Raging Bolt
|-end|p1a: Raging Bolt|Protosynthesis|[silent]
|-damage|p2a: Basculegion|0 fnt|[from] item: Life Orb
|faint|p2a: Basculegion
|
|-weather|none
|upkeep
|
|t:|1776098459
|switch|p2a: Pelipper|Pelipper, M|86/100
|switch|p1a: Kingambit|Kingambit, F|100/100
|-weather|RainDance|[from] ability: Drizzle|[of] p2a: Pelipper
|-activate|p1a: Kingambit|ability: Supreme Overlord
|-start|p1a: Kingambit|fallen3|[silent]
|turn|14
|
|t:|1776098462
|move|p2a: Pelipper|U-turn|p1a: Kingambit
|-damage|p1a: Kingambit|94/100
|
|t:|1776098465
|switch|p2a: Landorus|Landorus-Therian, M|100/100|[from] U-turn
|-ability|p2a: Landorus|Intimidate|boost
|-unboost|p1a: Kingambit|atk|1
|move|p1a: Kingambit|Swords Dance|p1a: Kingambit
|-boost|p1a: Kingambit|atk|2
|
|-weather|RainDance|[upkeep]
|upkeep
|turn|15
|
|t:|1776098474
|move|p1a: Kingambit|Sucker Punch|p2a: Landorus
|-damage|p2a: Landorus|0 fnt
|faint|p2a: Landorus
|
|-weather|RainDance|[upkeep]
|upkeep
|
|t:|1776098481
|switch|p2a: Ludicolo|Ludicolo, M|45/100
|turn|16
|
|t:|1776098486
|move|p1a: Kingambit|Sucker Punch||[still]
|-fail|p1a: Kingambit
|move|p2a: Ludicolo|Encore|p1a: Kingambit
|-start|p1a: Kingambit|Encore
|
|-weather|RainDance|[upkeep]
|upkeep
|turn|17
|
|t:|1776098491
|switch|p2a: Pelipper|Pelipper, M|86/100
|-end|p1a: Kingambit|fallen3|[silent]
|switch|p1a: Ting-Lu|Ting-Lu|100/100
|-ability|p1a: Ting-Lu|Vessel of Ruin
|
|-weather|RainDance|[upkeep]
|upkeep
|turn|18
|
|t:|1776098496
|move|p2a: Pelipper|Weather Ball|p1a: Ting-Lu
|-supereffective|p1a: Ting-Lu
|-damage|p1a: Ting-Lu|59/100
|move|p1a: Ting-Lu|Ruination|p2a: Pelipper
|-damage|p2a: Pelipper|44/100
|
|-weather|none
|-heal|p1a: Ting-Lu|65/100|[from] item: Leftovers
|upkeep
|turn|19
|
|t:|1776098509
|move|p2a: Pelipper|Roost|p2a: Pelipper
|-heal|p2a: Pelipper|94/100
|-singleturn|p2a: Pelipper|move: Roost
|move|p1a: Ting-Lu|Whirlwind|p2a: Pelipper
|drag|p2a: Iron Treads|Iron Treads|7/100
|
|-heal|p1a: Ting-Lu|72/100|[from] item: Leftovers
|upkeep
|turn|20
|
|t:|1776098515
|move|p2a: Iron Treads|Iron Head|p1a: Ting-Lu
|-damage|p1a: Ting-Lu|55/100
|move|p1a: Ting-Lu|Earth Power|p2a: Iron Treads
|-supereffective|p2a: Iron Treads
|-damage|p2a: Iron Treads|0 fnt
|faint|p2a: Iron Treads
|-end|p2a: Iron Treads|Quark Drive|[silent]
|
|-heal|p1a: Ting-Lu|62/100|[from] item: Leftovers
|upkeep
|
|t:|1776098518
|switch|p2a: Pelipper|Pelipper, M|94/100
|-weather|RainDance|[from] ability: Drizzle|[of] p2a: Pelipper
|turn|21
|
|t:|1776098530
|move|p2a: Pelipper|U-turn|p1a: Ting-Lu
|-supereffective|p1a: Ting-Lu
|-damage|p1a: Ting-Lu|50/100
|
|t:|1776098532
|switch|p2a: Ludicolo|Ludicolo, M|45/100|[from] U-turn
|move|p1a: Ting-Lu|Spikes|p2a: Ludicolo
|-sidestart|p2: ricefarming6969|Spikes
|
|-weather|RainDance|[upkeep]
|-heal|p1a: Ting-Lu|57/100|[from] item: Leftovers
|upkeep
|turn|22
|
|t:|1776098540
|move|p2a: Ludicolo|Giga Drain|p1a: Ting-Lu
|-supereffective|p1a: Ting-Lu
|-damage|p1a: Ting-Lu|23/100
|-heal|p2a: Ludicolo|74/100|[from] drain|[of] p1a: Ting-Lu
|-damage|p2a: Ludicolo|64/100|[from] item: Life Orb
|move|p1a: Ting-Lu|Ruination|p2a: Ludicolo
|-damage|p2a: Ludicolo|32/100
|
|-weather|RainDance|[upkeep]
|-heal|p1a: Ting-Lu|29/100|[from] item: Leftovers
|upkeep
|turn|23
|inactive|yvhs has 120 seconds left.
|inactive|yvhs has 90 seconds left.
|
|t:|1776098604
|switch|p1a: Kingambit|Kingambit, F|94/100
|-activate|p1a: Kingambit|ability: Supreme Overlord
|-start|p1a: Kingambit|fallen3|[silent]
|move|p2a: Ludicolo|Giga Drain|p1a: Kingambit
|-resisted|p1a: Kingambit
|-damage|p1a: Kingambit|75/100
|-heal|p2a: Ludicolo|45/100|[from] drain|[of] p1a: Kingambit
|-damage|p2a: Ludicolo|35/100|[from] item: Life Orb
|
|-weather|RainDance|[upkeep]
|upkeep
|turn|24
|
|t:|1776098613
|move|p2a: Ludicolo|Encore||[still]
|-fail|p2a: Ludicolo
|move|p1a: Kingambit|Iron Head|p2a: Ludicolo
|-resisted|p2a: Ludicolo
|-damage|p2a: Ludicolo|0 fnt
|faint|p2a: Ludicolo
|
|-weather|RainDance|[upkeep]
|upkeep
|-message|ricefarming6969 forfeited.
|
|win|yvhs
|raw|yvhs's rating: 1267 &rarr; <strong>1293</strong><br />(+26 for winning)
|raw|ricefarming6969's rating: 1284 &rarr; <strong>1258</strong><br />(-26 for losing)
|l|☆ricefarming6969
|player|p2|
|l|☆yvhs
|player|p1|
