|html|<div class="broadcast-blue"><strong>[Gen 9] OU is currently suspecting Tera Blast! For information on how to participate check out the <a href="https://www.smogon.com/tools/suspects/view/200">suspect thread</a>.</strong></div>
|j|☆gurlfailure
|j|☆duyto
|t:|1776068870
|gametype|singles
|player|p1|gurlfailure|lady|1150
|player|p2|duyto|170|1129
|gen|9
|tier|[Gen 9] OU
|rated|
|rule|HP Percentage Mod: HP is shown in percentages
|rule|Endless Battle Clause: Forcing endless battles is banned
|rule|Species Clause: Limit one of each Pokémon
|rule|OHKO Clause: OHKO moves are banned
|rule|Evasion Items Clause: Evasion items are banned
|rule|Evasion Moves Clause: Evasion moves are banned
|rule|Evasion Abilities Clause: Evasion abilities are banned
|rule|Sleep Moves Clause: Sleep-inducing moves are banned
|clearpoke
|poke|p1|Revavroom, F|
|poke|p1|Ogerpon-Wellspring, F|
|poke|p1|Great Tusk|
|poke|p1|Moltres|
|poke|p1|Clefable, M|
|poke|p1|Deoxys-Speed|
|poke|p2|Iron Valiant|
|poke|p2|Great Tusk|
|poke|p2|Dragonite, F|
|poke|p2|Raging Bolt|
|poke|p2|Iron Hands|
|poke|p2|Slowking-Galar, F|
|teampreview
|inactive|Battle timer is ON: inactive players will automatically lose when time's up. (requested by gurlfailure)
|
|t:|1776068886
|teamsize|p1|6
|teamsize|p2|6
|start
|switch|p1a: Robin Exploder|Deoxys-Speed, shiny|100/100
|switch|p2a: Iron Valiant|Iron Valiant|100/100
|-ability|p1a: Robin Exploder|Pressure
|-enditem|p2a: Iron Valiant|Booster Energy
|-activate|p2a: Iron Valiant|ability: Quark Drive|[fromitem]
|-start|p2a: Iron Valiant|quarkdrivespa
|turn|1
|inactive|gurlfailure has 120 seconds left.
|
|t:|1776068943
|-terastallize|p1a: Robin Exploder|Fairy
|move|p1a: Robin Exploder|Psycho Boost|p2a: Iron Valiant
|-supereffective|p2a: Iron Valiant
|-damage|p2a: Iron Valiant|0 fnt
|-unboost|p1a: Robin Exploder|spa|2
|faint|p2a: Iron Valiant
|-end|p2a: Iron Valiant|Quark Drive|[silent]
|
|upkeep
|
|t:|1776068953
|switch|p2a: Slowking|Slowking-Galar, F|100/100
|turn|2
|
|t:|1776068960
|switch|p1a: Altima|Revavroom, F, shiny|100/100
|-item|p1a: Altima|Air Balloon
|move|p2a: Slowking|Trick Room|p2a: Slowking
|-fieldstart|move: Trick Room|[of] p2a: Slowking
|
|upkeep
|turn|3
|
|t:|1776068971
|switch|p2a: Iron Hands|Iron Hands|100/100
|-enditem|p2a: Iron Hands|Booster Energy
|-activate|p2a: Iron Hands|ability: Quark Drive|[fromitem]
|-start|p2a: Iron Hands|quarkdriveatk
|move|p1a: Altima|High Horsepower|p2a: Iron Hands
|-supereffective|p2a: Iron Hands
|-damage|p2a: Iron Hands|56/100
|
|upkeep
|turn|4
|inactive|gurlfailure has 90 seconds left.
|
|t:|1776069000
|switch|p1a: Coldsteel's Stolen|Moltres|100/100
|move|p2a: Iron Hands|Close Combat|p1a: Coldsteel's Stolen
|-resisted|p1a: Coldsteel's Stolen
|-damage|p1a: Coldsteel's Stolen|60/100
|-unboost|p2a: Iron Hands|def|1
|-unboost|p2a: Iron Hands|spd|1
|
|upkeep
|turn|5
|inactive|gurlfailure has 90 seconds left.
|
|t:|1776069020
|switch|p1a: Papa Tusk|Great Tusk, shiny|100/100
|move|p2a: Iron Hands|Double-Edge|p1a: Papa Tusk
|-damage|p1a: Papa Tusk|58/100
|-damage|p2a: Iron Hands|46/100|[from] Recoil
|
|upkeep
|turn|6
|
|t:|1776069032
|-end|p1a: Papa Tusk|Protosynthesis|[silent]
|switch|p1a: Coldsteel's Stolen|Moltres|60/100
|move|p2a: Iron Hands|Close Combat|p1a: Coldsteel's Stolen
|-resisted|p1a: Coldsteel's Stolen
|-damage|p1a: Coldsteel's Stolen|22/100
|-unboost|p2a: Iron Hands|def|1
|-unboost|p2a: Iron Hands|spd|1
|-status|p2a: Iron Hands|brn|[from] ability: Flame Body|[of] p1a: Coldsteel's Stolen
|
|-damage|p2a: Iron Hands|40/100 brn|[from] brn
|-fieldend|move: Trick Room
|upkeep
|turn|7
|
|t:|1776069042
|-end|p2a: Iron Hands|Quark Drive|[silent]
|switch|p2a: Slowking|Slowking-Galar, F|100/100
|move|p1a: Coldsteel's Stolen|Roost|p1a: Coldsteel's Stolen
|-heal|p1a: Coldsteel's Stolen|72/100
|-singleturn|p1a: Coldsteel's Stolen|move: Roost
|
|upkeep
|turn|8
|inactive|gurlfailure has 90 seconds left.
|
|t:|1776069049
|move|p1a: Coldsteel's Stolen|Flamethrower|p2a: Slowking
|-damage|p2a: Slowking|67/100
|move|p2a: Slowking|Trick Room|p2a: Slowking
|-fieldstart|move: Trick Room|[of] p2a: Slowking
|
|-heal|p2a: Slowking|73/100|[from] item: Leftovers
|upkeep
|turn|9
|
|t:|1776069056
|move|p2a: Slowking|Blizzard|p1a: Coldsteel's Stolen
|-damage|p1a: Coldsteel's Stolen|46/100
|move|p1a: Coldsteel's Stolen|U-turn|p2a: Slowking
|-damage|p2a: Slowking|58/100
|inactive|gurlfailure has 90 seconds left.
|
|t:|1776069069
|switch|p1a: Spite Monster|Clefable, M|100/100|[from] U-turn
|
|-heal|p2a: Slowking|64/100|[from] item: Leftovers
|upkeep
|turn|10
|inactive|gurlfailure has 90 seconds left.
|
|t:|1776069087
|switch|p2a: Iron Hands|Iron Hands|40/100 brn
|move|p1a: Spite Monster|Wish|p1a: Spite Monster
|
|-damage|p2a: Iron Hands|34/100 brn|[from] brn
|upkeep
|turn|11
|
|t:|1776069094
|switch|p1a: Coldsteel's Stolen|Moltres|46/100
|move|p2a: Iron Hands|Close Combat|p1a: Coldsteel's Stolen
|-resisted|p1a: Coldsteel's Stolen
|-damage|p1a: Coldsteel's Stolen|29/100
|-unboost|p2a: Iron Hands|def|1
|-unboost|p2a: Iron Hands|spd|1
|
|-heal|p1a: Coldsteel's Stolen|81/100|[from] move: Wish|[wisher] Spite Monster
|-damage|p2a: Iron Hands|27/100 brn|[from] brn
|upkeep
|turn|12
|inactive|gurlfailure has 90 seconds left.
|
|t:|1776069110
|move|p2a: Iron Hands|Double-Edge|p1a: Coldsteel's Stolen
|-damage|p1a: Coldsteel's Stolen|59/100
|-damage|p2a: Iron Hands|22/100 brn|[from] Recoil
|move|p1a: Coldsteel's Stolen|U-turn|p2a: Iron Hands
|-resisted|p2a: Iron Hands
|-crit|p2a: Iron Hands
|-damage|p2a: Iron Hands|11/100 brn
|inactive|gurlfailure has 90 seconds left.
|
|t:|1776069120
|switch|p1a: Vance Corpwell|Ogerpon-Wellspring, F|100/100|[from] U-turn
|
|-damage|p2a: Iron Hands|5/100 brn|[from] brn
|-fieldend|move: Trick Room
|upkeep
|turn|13
|
|t:|1776069127
|move|p1a: Vance Corpwell|Knock Off|p2a: Iron Hands
|-resisted|p2a: Iron Hands
|-damage|p2a: Iron Hands|0 fnt
|faint|p2a: Iron Hands
|-end|p2a: Iron Hands|Quark Drive|[silent]
|
|upkeep
|
|t:|1776069135
|switch|p2a: Raging Bolt|Raging Bolt|100/100
|-item|p2a: Raging Bolt|Air Balloon
|turn|14
|c|☆gurlfailure|Do you not have an electric move on that??
|
|t:|1776069147
|move|p1a: Vance Corpwell|U-turn|p2a: Raging Bolt
|-damage|p2a: Raging Bolt|80/100
|-enditem|p2a: Raging Bolt|Air Balloon
|
|t:|1776069154
|switch|p1a: Spite Monster|Clefable, M|100/100|[from] U-turn
|move|p2a: Raging Bolt|Thunderbolt|p1a: Spite Monster
|-damage|p1a: Spite Monster|70/100
|
|-heal|p1a: Spite Monster|76/100|[from] item: Leftovers
|upkeep
|turn|15
|
|t:|1776069161
|move|p2a: Raging Bolt|Supercell Slam|p1a: Spite Monster
|-damage|p1a: Spite Monster|44/100
|move|p1a: Spite Monster|Encore|p2a: Raging Bolt
|-start|p2a: Raging Bolt|Encore
|
|-heal|p1a: Spite Monster|50/100|[from] item: Leftovers
|upkeep
|turn|16
|
|t:|1776069165
|switch|p1a: Papa Tusk|Great Tusk, shiny|58/100
|move|p2a: Raging Bolt|Supercell Slam|p1a: Papa Tusk
|-immune|p1a: Papa Tusk
|-damage|p2a: Raging Bolt|30/100|[from] supercellslam
|
|upkeep
|turn|17
|
|t:|1776069176
|move|p1a: Papa Tusk|Stealth Rock|p2a: Raging Bolt
|-sidestart|p2: duyto|move: Stealth Rock
|move|p2a: Raging Bolt|Supercell Slam|p1a: Papa Tusk
|-immune|p1a: Papa Tusk
|-damage|p2a: Raging Bolt|0 fnt|[from] supercellslam
|faint|p2a: Raging Bolt
|-end|p2a: Raging Bolt|Protosynthesis|[silent]
|
|upkeep
|
|t:|1776069178
|switch|p2a: Great Tusk|Great Tusk|100/100
|-damage|p2a: Great Tusk|98/100|[from] Stealth Rock
|-enditem|p2a: Great Tusk|Booster Energy
|-activate|p2a: Great Tusk|ability: Protosynthesis|[fromitem]
|-start|p2a: Great Tusk|protosynthesisatk
|turn|18
|
|t:|1776069193
|move|p1a: Papa Tusk|Earthquake|p2a: Great Tusk
|-damage|p2a: Great Tusk|66/100
|move|p2a: Great Tusk|Ice Spinner|p1a: Papa Tusk
|-supereffective|p1a: Papa Tusk
|-damage|p1a: Papa Tusk|0 fnt
|faint|p1a: Papa Tusk
|-end|p1a: Papa Tusk|Protosynthesis|[silent]
|
|upkeep
|
|t:|1776069199
|switch|p1a: Altima|Revavroom, F, shiny|100/100
|-item|p1a: Altima|Air Balloon
|turn|19
|
|t:|1776069205
|move|p1a: Altima|Shift Gear|p1a: Altima
|-boost|p1a: Altima|spe|2
|-boost|p1a: Altima|atk|1
|move|p2a: Great Tusk|Close Combat|p1a: Altima
|-damage|p1a: Altima|0 fnt
|-unboost|p2a: Great Tusk|def|1
|-unboost|p2a: Great Tusk|spd|1
|-enditem|p1a: Altima|Air Balloon
|faint|p1a: Altima
|
|upkeep
|
|t:|1776069218
|switch|p1a: Vance Corpwell|Ogerpon-Wellspring, F|100/100
|turn|20
|
|t:|1776069225
|move|p1a: Vance Corpwell|Ivy Cudgel|p2a: Great Tusk|[anim] Ivy Cudgel Water
|-supereffective|p2a: Great Tusk
|-damage|p2a: Great Tusk|0 fnt
|faint|p2a: Great Tusk
|-end|p2a: Great Tusk|Protosynthesis|[silent]
|
|upkeep
|
|t:|1776069229
|switch|p2a: Dragonite|Dragonite, F|100/100
|-damage|p2a: Dragonite|76/100|[from] Stealth Rock
|turn|21
|
|t:|1776069256
|move|p1a: Vance Corpwell|U-turn|p2a: Dragonite
|-resisted|p2a: Dragonite
|-damage|p2a: Dragonite|62/100
|
|t:|1776069258
|switch|p1a: Coldsteel's Stolen|Moltres|59/100|[from] U-turn
|move|p2a: Dragonite|Draco Meteor|p1a: Coldsteel's Stolen
|-damage|p1a: Coldsteel's Stolen|16/100
|-unboost|p2a: Dragonite|spa|2
|
|-heal|p2a: Dragonite|68/100|[from] item: Leftovers
|upkeep
|turn|22
|
|t:|1776069267
|move|p1a: Coldsteel's Stolen|Roost|p1a: Coldsteel's Stolen
|-heal|p1a: Coldsteel's Stolen|66/100
|-singleturn|p1a: Coldsteel's Stolen|move: Roost
|move|p2a: Dragonite|Draco Meteor|p1a: Coldsteel's Stolen
|-damage|p1a: Coldsteel's Stolen|45/100
|-unboost|p2a: Dragonite|spa|2
|
|-heal|p2a: Dragonite|75/100|[from] item: Leftovers
|upkeep
|turn|23
|
|t:|1776069275
|move|p1a: Coldsteel's Stolen|Hurricane|p2a: Dragonite
|-damage|p2a: Dragonite|23/100
|move|p2a: Dragonite|Draco Meteor|p1a: Coldsteel's Stolen
|-crit|p1a: Coldsteel's Stolen
|-damage|p1a: Coldsteel's Stolen|0 fnt
|-unboost|p2a: Dragonite|spa|2
|faint|p1a: Coldsteel's Stolen
|
|-heal|p2a: Dragonite|29/100|[from] item: Leftovers
|upkeep
|
|t:|1776069283
|switch|p1a: Spite Monster|Clefable, M|50/100
|turn|24
|
|t:|1776069289
|move|p2a: Dragonite|Earthquake|p1a: Spite Monster
|-damage|p1a: Spite Monster|5/100
|move|p1a: Spite Monster|Draining Kiss|p2a: Dragonite
|-supereffective|p2a: Dragonite
|-damage|p2a: Dragonite|1/100
|-heal|p1a: Spite Monster|25/100|[from] drain|[of] p2a: Dragonite
|
|-heal|p2a: Dragonite|7/100|[from] item: Leftovers
|-heal|p1a: Spite Monster|31/100|[from] item: Leftovers
|upkeep
|turn|25
|
|t:|1776069301
|switch|p1a: Vance Corpwell|Ogerpon-Wellspring, F|100/100
|move|p2a: Dragonite|Earthquake|p1a: Vance Corpwell
|-resisted|p1a: Vance Corpwell
|-damage|p1a: Vance Corpwell|73/100
|
|-heal|p2a: Dragonite|13/100|[from] item: Leftovers
|upkeep
|turn|26
|
|t:|1776069315
|move|p1a: Vance Corpwell|Ivy Cudgel|p2a: Dragonite|[anim] Ivy Cudgel Water
|-resisted|p2a: Dragonite
|-damage|p2a: Dragonite|0 fnt
|faint|p2a: Dragonite
|
|upkeep
|
|t:|1776069325
|switch|p2a: Slowking|Slowking-Galar, F|64/100
|-damage|p2a: Slowking|52/100|[from] Stealth Rock
|turn|27
|
|t:|1776069330
|move|p1a: Vance Corpwell|Knock Off|p2a: Slowking
|-supereffective|p2a: Slowking
|-damage|p2a: Slowking|0 fnt
|-enditem|p2a: Slowking|Leftovers|[from] move: Knock Off|[of] p1a: Vance Corpwell
|faint|p2a: Slowking
|
|win|gurlfailure
|raw|gurlfailure's rating: 1150 &rarr; <strong>1173</strong><br />(+23 for winning)
|raw|duyto's rating: 1129 &rarr; <strong>1106</strong><br />(-23 for losing)
|l|☆gurlfailure
|player|p1|
|l|☆duyto
|player|p2|
