|html|<div class="broadcast-blue"><strong>[Gen 9] OU is currently suspecting Tera Blast! For information on how to participate check out the <a href="https://www.smogon.com/tools/suspects/view/200">suspect thread</a>.</strong></div>
|j|☆V0ldy
|j|☆HIAFH
|t:|1776128349
|gametype|singles
|player|p1|V0ldy|102|1682
|player|p2|HIAFH|ingo|1698
|gen|9
|tier|[Gen 9] OU
|rated|
|rule|HP Percentage Mod: HP is shown in percentages
|rule|Endless Battle Clause: Forcing endless battles is banned
|rule|Species Clause: Limit one of each Pokémon
|rule|OHKO Clause: OHKO moves are banned
|rule|Evasion Items Clause: Evasion items are banned
|rule|Evasion Moves Clause: Evasion moves are banned
|rule|Evasion Abilities Clause: Evasion abilities are banned
|rule|Sleep Moves Clause: Sleep-inducing moves are banned
|clearpoke
|poke|p1|Indeedee, M|
|poke|p1|Hawlucha, M|
|poke|p1|Gallade, M|
|poke|p1|Armarouge, F|
|poke|p1|Polteageist-Antique|
|poke|p1|Excadrill, F|
|poke|p2|Excadrill, F|
|poke|p2|Tyranitar, F|
|poke|p2|Hydrapple, F|
|poke|p2|Alomomola, F|
|poke|p2|Hatterene, F|
|poke|p2|Zapdos|
|teampreview
|inactive|Battle timer is ON: inactive players will automatically lose when time's up. (requested by HIAFH)
|j| ohko_smeargle
|
|t:|1776128361
|teamsize|p1|6
|teamsize|p2|6
|start
|switch|p1a: Indeedee|Indeedee, M|100/100
|switch|p2a: Zapdos|Zapdos|100/100
|-ability|p2a: Zapdos|Pressure
|-fieldstart|move: Psychic Terrain|[from] ability: Psychic Surge|[of] p1a: Indeedee
|turn|1
|j| roarcat
|
|t:|1776128371
|switch|p1a: Excadrill|Excadrill, F|100/100
|-ability|p1a: Excadrill|Mold Breaker
|move|p2a: Zapdos|Hurricane|p1a: Excadrill
|-resisted|p1a: Excadrill
|-damage|p1a: Excadrill|45/100
|-start|p1a: Excadrill|confusion
|
|upkeep
|turn|2
|
|t:|1776128379
|move|p2a: Zapdos|Hurricane|p1a: Excadrill|[miss]
|-miss|p2a: Zapdos|p1a: Excadrill
|-activate|p1a: Excadrill|confusion
|move|p1a: Excadrill|Stealth Rock|p2a: Zapdos
|-sidestart|p2: HIAFH|move: Stealth Rock
|
|upkeep
|turn|3
|
|t:|1776128385
|switch|p1a: Armarouge|Armarouge, F|100/100
|move|p2a: Zapdos|Hurricane|p1a: Armarouge
|-damage|p1a: Armarouge|0 fnt
|faint|p1a: Armarouge
|
|upkeep
|
|t:|1776128391
|switch|p1a: Gallade|Gallade, M|100/100
|turn|4
|
|t:|1776128402
|switch|p2a: Alomomola|Alomomola, F|100/100
|move|p1a: Gallade|Agility|p1a: Gallade
|-boost|p1a: Gallade|spe|2
|
|upkeep
|turn|5
|
|t:|1776128409
|move|p1a: Gallade|Psycho Cut|p2a: Alomomola
|-damage|p2a: Alomomola|62/100
|move|p2a: Alomomola|Flip Turn|p1a: Gallade
|-damage|p1a: Gallade|71/100
|
|t:|1776128416
|switch|p2a: Hatterene|Hatterene, F|100/100|[from] Flip Turn
|-damage|p2a: Hatterene|88/100|[from] Stealth Rock
|
|upkeep
|turn|6
|
|t:|1776128421
|move|p1a: Gallade|Night Slash|p2a: Hatterene
|-damage|p2a: Hatterene|54/100
|move|p2a: Hatterene|Psyshock|p1a: Gallade
|-damage|p1a: Gallade|0 fnt
|faint|p1a: Gallade
|
|upkeep
|
|t:|1776128433
|switch|p1a: Polteageist|Polteageist-Antique|100/100
|turn|7
|
|t:|1776128437
|move|p1a: Polteageist|Shell Smash|p1a: Polteageist
|-unboost|p1a: Polteageist|def|1
|-unboost|p1a: Polteageist|spd|1
|-boost|p1a: Polteageist|atk|2
|-boost|p1a: Polteageist|spa|2
|-boost|p1a: Polteageist|spe|2
|move|p2a: Hatterene|Nuzzle|p1a: Polteageist
|-damage|p1a: Polteageist|89/100
|-status|p1a: Polteageist|par
|-ability|p1a: Polteageist|Weak Armor|boost
|-unboost|p1a: Polteageist|def|1
|-boost|p1a: Polteageist|spe|2
|
|upkeep
|turn|8
|
|t:|1776128450
|move|p1a: Polteageist|Shadow Ball|p2a: Hatterene
|-supereffective|p2a: Hatterene
|-damage|p2a: Hatterene|0 fnt
|faint|p2a: Hatterene
|
|-fieldend|move: Psychic Terrain
|upkeep
|
|t:|1776128456
|switch|p2a: Tyranitar|Tyranitar, F|100/100
|-damage|p2a: Tyranitar|88/100|[from] Stealth Rock
|-weather|Sandstorm|[from] ability: Sand Stream|[of] p2a: Tyranitar
|turn|9
|
|t:|1776128462
|switch|p1a: Excadrill|Excadrill, F|45/100
|-ability|p1a: Excadrill|Mold Breaker
|move|p2a: Tyranitar|Knock Off|p1a: Excadrill
|-damage|p1a: Excadrill|0 fnt
|-enditem|p1a: Excadrill|Focus Sash|[from] move: Knock Off|[of] p2a: Tyranitar
|faint|p1a: Excadrill
|
|-weather|Sandstorm|[upkeep]
|upkeep
|
|t:|1776128468
|switch|p1a: Indeedee|Indeedee, M|100/100
|-fieldstart|move: Psychic Terrain|[from] ability: Psychic Surge|[of] p1a: Indeedee
|turn|10
|
|t:|1776128475
|move|p1a: Indeedee|Healing Wish|p1a: Indeedee
|faint|p1a: Indeedee
|move|p2a: Tyranitar|Knock Off|p1: Indeedee|[notarget]
|-fail|p2a: Tyranitar
|
|-weather|Sandstorm|[upkeep]
|upkeep
|
|t:|1776128481
|switch|p1a: Hawlucha|Hawlucha, M|100/100
|-enditem|p1a: Hawlucha|Psychic Seed
|-boost|p1a: Hawlucha|spd|1|[from] item: Psychic Seed
|turn|11
|
|t:|1776128486
|switch|p2a: Zapdos|Zapdos|100/100
|-damage|p2a: Zapdos|76/100|[from] Stealth Rock
|-ability|p2a: Zapdos|Pressure
|move|p1a: Hawlucha|Swords Dance|p1a: Hawlucha
|-boost|p1a: Hawlucha|atk|2
|
|-weather|Sandstorm|[upkeep]
|-damage|p1a: Hawlucha|94/100|[from] Sandstorm
|-damage|p2a: Zapdos|69/100|[from] Sandstorm
|upkeep
|turn|12
|
|t:|1776128498
|-terastallize|p1a: Hawlucha|Electric
|move|p1a: Hawlucha|Acrobatics|p2a: Zapdos
|-resisted|p2a: Zapdos
|-damage|p2a: Zapdos|11/100
|move|p2a: Zapdos|Hurricane|p1a: Hawlucha
|-resisted|p1a: Hawlucha
|-damage|p1a: Hawlucha|46/100
|-start|p1a: Hawlucha|confusion
|
|-weather|Sandstorm|[upkeep]
|-damage|p1a: Hawlucha|40/100|[from] Sandstorm
|-damage|p2a: Zapdos|5/100|[from] Sandstorm
|upkeep
|turn|13
|
|t:|1776128510
|-activate|p1a: Hawlucha|confusion
|-damage|p1a: Hawlucha|8/100|[from] confusion
|move|p2a: Zapdos|Hurricane|p1a: Hawlucha|[miss]
|-miss|p2a: Zapdos|p1a: Hawlucha
|
|-weather|none
|upkeep
|turn|14
|
|t:|1776128516
|-end|p1a: Hawlucha|confusion
|move|p1a: Hawlucha|Close Combat|p2a: Zapdos
|-resisted|p2a: Zapdos
|-crit|p2a: Zapdos
|-damage|p2a: Zapdos|0 fnt
|-unboost|p1a: Hawlucha|def|1
|-unboost|p1a: Hawlucha|spd|1
|faint|p2a: Zapdos
|
|upkeep
|
|t:|1776128525
|switch|p2a: Alomomola|Alomomola, F|95/100
|turn|15
|-message|V0ldy forfeited.
|
|win|HIAFH
|raw|V0ldy's rating: 1682 &rarr; <strong>1663</strong><br />(-19 for losing)
|raw|HIAFH's rating: 1698 &rarr; <strong>1717</strong><br />(+19 for winning)
|l|☆V0ldy
|player|p1|
|l| ohko_smeargle
