|html|<div class="broadcast-blue"><strong>[Gen 9] OU is currently suspecting Tera Blast! For information on how to participate check out the <a href="https://www.smogon.com/tools/suspects/view/200">suspect thread</a>.</strong></div>
|j|☆candrade627
|j|☆iusebadmons1994
|t:|1776053437
|gametype|singles
|player|p1|candrade627|nate|1377
|player|p2|iusebadmons1994|265|1374
|gen|9
|tier|[Gen 9] OU
|rated|
|rule|HP Percentage Mod: HP is shown in percentages
|rule|Endless Battle Clause: Forcing endless battles is banned
|rule|Species Clause: Limit one of each Pokémon
|rule|OHKO Clause: OHKO moves are banned
|rule|Evasion Items Clause: Evasion items are banned
|rule|Evasion Moves Clause: Evasion moves are banned
|rule|Evasion Abilities Clause: Evasion abilities are banned
|rule|Sleep Moves Clause: Sleep-inducing moves are banned
|clearpoke
|poke|p1|Meowscarada, M|
|poke|p1|Gliscor, F|
|poke|p1|Iron Valiant|
|poke|p1|Cinderace, M|
|poke|p1|Walking Wake|
|poke|p1|Iron Crown|
|poke|p2|Toxapex, F|
|poke|p2|Ogerpon, F|
|poke|p2|Gyarados, F|
|poke|p2|Avalugg, M|
|poke|p2|Regidrago|
|poke|p2|Skarmory, F|
|teampreview
|inactive|Battle timer is ON: inactive players will automatically lose when time's up. (requested by iusebadmons1994)
|
|t:|1776053450
|teamsize|p1|6
|teamsize|p2|6
|start
|switch|p1a: Meowscarada|Meowscarada, M|100/100
|switch|p2a: Ogerpon|Ogerpon, F|100/100
|turn|1
|j| testingrainteam1
|
|t:|1776053456
|move|p1a: Meowscarada|U-turn|p2a: Ogerpon
|-start|p1a: Meowscarada|typechange|Bug|[from] ability: Protean
|-supereffective|p2a: Ogerpon
|-damage|p2a: Ogerpon|20/100
|l| testingrainteam1
|
|t:|1776053461
|switch|p1a: Iron Crown|Iron Crown|100/100|[from] U-turn
|-enditem|p1a: Iron Crown|Booster Energy
|-activate|p1a: Iron Crown|ability: Quark Drive|[fromitem]
|-start|p1a: Iron Crown|quarkdrivespe
|move|p2a: Ogerpon|U-turn|p1a: Iron Crown
|-damage|p1a: Iron Crown|75/100
|
|t:|1776053477
|switch|p2a: Regidrago|Regidrago|100/100|[from] U-turn
|
|upkeep
|turn|2
|
|t:|1776053482
|move|p1a: Iron Crown|Tachyon Cutter|p2a: Regidrago
|-damage|p2a: Regidrago|73/100
|-damage|p2a: Regidrago|46/100
|-hitcount|p2a: Regidrago|2
|move|p2a: Regidrago|Earth Power|p1a: Iron Crown
|-supereffective|p1a: Iron Crown
|-damage|p1a: Iron Crown|0 fnt
|faint|p1a: Iron Crown
|-end|p1a: Iron Crown|Quark Drive|[silent]
|
|upkeep
|
|t:|1776053506
|switch|p1a: Cinderace|Cinderace, M|100/100
|turn|3
|
|t:|1776053513
|switch|p2a: Toxapex|Toxapex, F|100/100
|move|p1a: Cinderace|U-turn|p2a: Toxapex
|-start|p1a: Cinderace|typechange|Bug|[from] ability: Libero
|-resisted|p2a: Toxapex
|-damage|p2a: Toxapex|85/100
|
|t:|1776053517
|switch|p1a: Meowscarada|Meowscarada, M|100/100|[from] U-turn
|
|upkeep
|turn|4
|
|t:|1776053523
|move|p2a: Toxapex|Baneful Bunker|p2a: Toxapex
|-singleturn|p2a: Toxapex|move: Protect
|move|p1a: Meowscarada|Trick|p2a: Toxapex
|-start|p1a: Meowscarada|typechange|Psychic|[from] ability: Protean
|-activate|p2a: Toxapex|move: Protect
|
|upkeep
|turn|5
|
|t:|1776053536
|switch|p1a: Gliscor|Gliscor, F|100/100
|switch|p2a: Ogerpon|Ogerpon, F|20/100
|
|-status|p1a: Gliscor|tox|[from] item: Toxic Orb
|upkeep
|turn|6
|
|t:|1776053551
|move|p2a: Ogerpon|Ivy Cudgel|p1a: Gliscor
|-damage|p1a: Gliscor|63/100 tox
|move|p1a: Gliscor|Knock Off|p2a: Ogerpon
|-damage|p2a: Ogerpon|0 fnt
|-enditem|p2a: Ogerpon|Choice Scarf|[from] move: Knock Off|[of] p1a: Gliscor
|faint|p2a: Ogerpon
|
|-heal|p1a: Gliscor|75/100 tox|[from] ability: Poison Heal
|upkeep
|
|t:|1776053564
|switch|p2a: Skarmory|Skarmory, F|100/100
|turn|7
|
|t:|1776053574
|move|p1a: Gliscor|Knock Off|p2a: Skarmory
|-damage|p2a: Skarmory|87/100
|-damage|p1a: Gliscor|59/100 tox|[from] item: Rocky Helmet|[of] p2a: Skarmory
|-enditem|p2a: Skarmory|Rocky Helmet|[from] move: Knock Off|[of] p1a: Gliscor
|move|p2a: Skarmory|Whirlwind|p1a: Gliscor
|drag|p1a: Meowscarada|Meowscarada, M|100/100
|
|upkeep
|turn|8
|
|t:|1776053591
|switch|p2a: Regidrago|Regidrago|46/100
|move|p1a: Meowscarada|U-turn|p2a: Regidrago
|-start|p1a: Meowscarada|typechange|Bug|[from] ability: Protean
|-damage|p2a: Regidrago|12/100
|
|t:|1776053597
|switch|p1a: Cinderace|Cinderace, M|100/100|[from] U-turn
|
|upkeep
|turn|9
|
|t:|1776053603
|switch|p2a: Skarmory|Skarmory, F|87/100
|move|p1a: Cinderace|U-turn|p2a: Skarmory
|-start|p1a: Cinderace|typechange|Bug|[from] ability: Libero
|-resisted|p2a: Skarmory
|-damage|p2a: Skarmory|82/100
|
|t:|1776053608
|switch|p1a: Walking Wake|Walking Wake|100/100|[from] U-turn
|-enditem|p1a: Walking Wake|Booster Energy
|-activate|p1a: Walking Wake|ability: Protosynthesis|[fromitem]
|-start|p1a: Walking Wake|protosynthesisspa
|
|upkeep
|turn|10
|
|t:|1776053616
|switch|p2a: Toxapex|Toxapex, F|100/100
|move|p1a: Walking Wake|Flamethrower|p2a: Toxapex
|-resisted|p2a: Toxapex
|-damage|p2a: Toxapex|86/100
|
|upkeep
|turn|11
|
|t:|1776053624
|move|p2a: Toxapex|Baneful Bunker|p2a: Toxapex
|-singleturn|p2a: Toxapex|move: Protect
|move|p1a: Walking Wake|Knock Off|p2a: Toxapex
|-activate|p2a: Toxapex|move: Protect
|-status|p1a: Walking Wake|psn
|
|-damage|p1a: Walking Wake|88/100 psn|[from] psn
|upkeep
|turn|12
|
|t:|1776053638
|switch|p2a: Regidrago|Regidrago|12/100
|move|p1a: Walking Wake|Knock Off|p2a: Regidrago
|-damage|p2a: Regidrago|0 fnt
|-enditem|p2a: Regidrago|Choice Specs|[from] move: Knock Off|[of] p1a: Walking Wake
|faint|p2a: Regidrago
|
|-damage|p1a: Walking Wake|76/100 psn|[from] psn
|upkeep
|inactive|iusebadmons1994 has 120 seconds left.
|
|t:|1776053664
|switch|p2a: Toxapex|Toxapex, F|100/100
|turn|13
|
|t:|1776053667
|move|p2a: Toxapex|Baneful Bunker|p2a: Toxapex
|-singleturn|p2a: Toxapex|move: Protect
|move|p1a: Walking Wake|Knock Off|p2a: Toxapex
|-activate|p2a: Toxapex|move: Protect
|
|-damage|p1a: Walking Wake|63/100 psn|[from] psn
|upkeep
|turn|14
|
|t:|1776053678
|move|p1a: Walking Wake|Draco Meteor|p2a: Toxapex
|-damage|p2a: Toxapex|37/100
|-unboost|p1a: Walking Wake|spa|2
|move|p2a: Toxapex|Lunge|p1a: Walking Wake
|-damage|p1a: Walking Wake|51/100 psn
|-unboost|p1a: Walking Wake|atk|1
|
|-damage|p1a: Walking Wake|39/100 psn|[from] psn
|upkeep
|turn|15
|
|t:|1776053689
|move|p2a: Toxapex|Baneful Bunker|p2a: Toxapex
|-singleturn|p2a: Toxapex|move: Protect
|move|p1a: Walking Wake|Knock Off|p2a: Toxapex
|-activate|p2a: Toxapex|move: Protect
|
|-damage|p1a: Walking Wake|26/100 psn|[from] psn
|upkeep
|turn|16
|
|t:|1776053697
|move|p1a: Walking Wake|Knock Off|p2a: Toxapex
|-damage|p2a: Toxapex|29/100
|-enditem|p2a: Toxapex|Heavy-Duty Boots|[from] move: Knock Off|[of] p1a: Walking Wake
|move|p2a: Toxapex|Recover|p2a: Toxapex
|-heal|p2a: Toxapex|79/100
|
|-damage|p1a: Walking Wake|14/100 psn|[from] psn
|upkeep
|turn|17
|
|t:|1776053707
|move|p1a: Walking Wake|Draco Meteor|p2a: Toxapex
|-damage|p2a: Toxapex|51/100
|-unboost|p1a: Walking Wake|spa|2
|move|p2a: Toxapex|Lunge|p1a: Walking Wake
|-damage|p1a: Walking Wake|1/100 psn
|-unboost|p1a: Walking Wake|atk|1
|
|-damage|p1a: Walking Wake|0 fnt|[from] psn
|faint|p1a: Walking Wake
|-end|p1a: Walking Wake|Protosynthesis|[silent]
|upkeep
|
|t:|1776053712
|switch|p1a: Gliscor|Gliscor, F|59/100 tox
|turn|18
|
|t:|1776053728
|switch|p2a: Gyarados|Gyarados, F|100/100
|move|p1a: Gliscor|Earthquake|p2a: Gyarados
|-immune|p2a: Gyarados
|
|-heal|p1a: Gliscor|72/100 tox|[from] ability: Poison Heal
|upkeep
|turn|19
|
|t:|1776053736
|move|p2a: Gyarados|Dragon Dance|p2a: Gyarados
|-boost|p2a: Gyarados|atk|1
|-boost|p2a: Gyarados|spe|1
|move|p1a: Gliscor|Toxic|p2a: Gyarados
|-status|p2a: Gyarados|tox
|
|-damage|p2a: Gyarados|94/100 tox|[from] psn
|-heal|p1a: Gliscor|84/100 tox|[from] ability: Poison Heal
|upkeep
|turn|20
|
|t:|1776053746
|move|p1a: Gliscor|Protect|p1a: Gliscor
|-singleturn|p1a: Gliscor|Protect
|move|p2a: Gyarados|Dragon Dance|p2a: Gyarados
|-boost|p2a: Gyarados|atk|1
|-boost|p2a: Gyarados|spe|1
|
|-damage|p2a: Gyarados|82/100 tox|[from] psn
|-heal|p1a: Gliscor|97/100 tox|[from] ability: Poison Heal
|upkeep
|turn|21
|
|t:|1776053756
|switch|p1a: Meowscarada|Meowscarada, M|100/100
|move|p2a: Gyarados|Waterfall|p1a: Meowscarada
|-resisted|p1a: Meowscarada
|-damage|p1a: Meowscarada|41/100
|
|-damage|p2a: Gyarados|64/100 tox|[from] psn
|upkeep
|turn|22
|
|t:|1776053765
|move|p2a: Gyarados|Temper Flare|p1a: Meowscarada
|-supereffective|p1a: Meowscarada
|-damage|p1a: Meowscarada|0 fnt
|faint|p1a: Meowscarada
|-ability|p2a: Gyarados|Moxie|boost
|-boost|p2a: Gyarados|atk|1
|
|-damage|p2a: Gyarados|40/100 tox|[from] psn
|upkeep
|
|t:|1776053768
|switch|p1a: Cinderace|Cinderace, M|100/100
|turn|23
|
|t:|1776053780
|move|p1a: Cinderace|Sucker Punch|p2a: Gyarados
|-start|p1a: Cinderace|typechange|Dark|[from] ability: Libero
|-crit|p2a: Gyarados
|-damage|p2a: Gyarados|0 fnt
|faint|p2a: Gyarados
|
|upkeep
|
|t:|1776053788
|switch|p2a: Avalugg|Avalugg, M|100/100
|turn|24
|
|t:|1776053792
|move|p1a: Cinderace|U-turn|p2a: Avalugg
|-damage|p2a: Avalugg|90/100
|
|t:|1776053794
|switch|p1a: Gliscor|Gliscor, F|97/100 tox|[from] U-turn
|move|p2a: Avalugg|Iron Defense|p2a: Avalugg
|-boost|p2a: Avalugg|def|2
|
|-heal|p1a: Gliscor|100/100 tox|[from] ability: Poison Heal
|upkeep
|turn|25
|
|t:|1776053808
|move|p1a: Gliscor|Toxic|p2a: Avalugg
|-status|p2a: Avalugg|tox
|move|p2a: Avalugg|Iron Defense|p2a: Avalugg
|-boost|p2a: Avalugg|def|2
|
|-damage|p2a: Avalugg|84/100 tox|[from] psn
|upkeep
|turn|26
|
|t:|1776053816
|move|p1a: Gliscor|Knock Off|p2a: Avalugg
|-damage|p2a: Avalugg|81/100 tox
|-enditem|p2a: Avalugg|Heavy-Duty Boots|[from] move: Knock Off|[of] p1a: Gliscor
|move|p2a: Avalugg|Iron Defense|p2a: Avalugg
|-boost|p2a: Avalugg|def|2
|
|-damage|p2a: Avalugg|69/100 tox|[from] psn
|upkeep
|turn|27
|
|t:|1776053825
|move|p1a: Gliscor|Protect|p1a: Gliscor
|-singleturn|p1a: Gliscor|Protect
|move|p2a: Avalugg|Recover|p2a: Avalugg
|-heal|p2a: Avalugg|100/100 tox
|
|-damage|p2a: Avalugg|82/100 tox|[from] psn
|upkeep
|turn|28
|
|t:|1776053834
|-terastallize|p2a: Avalugg|Fighting
|move|p1a: Gliscor|Earthquake|p2a: Avalugg
|-damage|p2a: Avalugg|79/100 tox
|move|p2a: Avalugg|Body Press|p1a: Gliscor
|-resisted|p1a: Gliscor
|-damage|p1a: Gliscor|12/100 tox
|
|-heal|p1a: Gliscor|24/100 tox|[from] ability: Poison Heal
|-damage|p2a: Avalugg|55/100 tox|[from] psn
|upkeep
|turn|29
|
|t:|1776053846
|move|p1a: Gliscor|Earthquake|p2a: Avalugg
|-damage|p2a: Avalugg|50/100 tox
|move|p2a: Avalugg|Recover|p2a: Avalugg
|-heal|p2a: Avalugg|100/100 tox
|
|-heal|p1a: Gliscor|37/100 tox|[from] ability: Poison Heal
|-damage|p2a: Avalugg|70/100 tox|[from] psn
|upkeep
|turn|30
|
|t:|1776053856
|move|p1a: Gliscor|Protect|p1a: Gliscor
|-singleturn|p1a: Gliscor|Protect
|move|p2a: Avalugg|Body Press|p1a: Gliscor
|-activate|p1a: Gliscor|move: Protect
|
|-heal|p1a: Gliscor|49/100 tox|[from] ability: Poison Heal
|-damage|p2a: Avalugg|33/100 tox|[from] psn
|upkeep
|turn|31
|
|t:|1776053866
|move|p1a: Gliscor|Earthquake|p2a: Avalugg
|-damage|p2a: Avalugg|30/100 tox
|move|p2a: Avalugg|Body Press|p1a: Gliscor
|-resisted|p1a: Gliscor
|-damage|p1a: Gliscor|0 fnt
|faint|p1a: Gliscor
|
|-damage|p2a: Avalugg|0 fnt|[from] psn
|faint|p2a: Avalugg
|upkeep
|
|t:|1776053877
|switch|p1a: Cinderace|Cinderace, M|100/100
|switch|p2a: Toxapex|Toxapex, F|84/100
|turn|32
|
|t:|1776053887
|move|p1a: Cinderace|Pyro Ball|p2a: Toxapex
|-resisted|p2a: Toxapex
|-damage|p2a: Toxapex|58/100
|move|p2a: Toxapex|Lunge|p1a: Cinderace
|-resisted|p1a: Cinderace
|-damage|p1a: Cinderace|93/100
|-unboost|p1a: Cinderace|atk|1
|
|upkeep
|turn|33
|
|t:|1776053895
|move|p2a: Toxapex|Baneful Bunker|p2a: Toxapex
|-singleturn|p2a: Toxapex|move: Protect
|move|p1a: Cinderace|Pyro Ball|p2a: Toxapex
|-activate|p2a: Toxapex|move: Protect
|
|upkeep
|turn|34
|
|t:|1776053902
|move|p1a: Cinderace|Pyro Ball|p2a: Toxapex
|-resisted|p2a: Toxapex
|-damage|p2a: Toxapex|40/100
|move|p2a: Toxapex|Recover|p2a: Toxapex
|-heal|p2a: Toxapex|90/100
|
|upkeep
|turn|35
|-message|candrade627 forfeited.
|
|win|iusebadmons1994
|raw|candrade627's rating: 1377 &rarr; <strong>1357</strong><br />(-20 for losing)
|raw|iusebadmons1994's rating: 1374 &rarr; <strong>1394</strong><br />(+20 for winning)
|l|☆candrade627
|player|p1|
|l|☆iusebadmons1994
|player|p2|
