|html|<div class="broadcast-blue"><strong>[Gen 9] OU is currently suspecting Tera Blast! For information on how to participate check out the <a href="https://www.smogon.com/tools/suspects/view/200">suspect thread</a>.</strong></div>
|j|☆pizza_taster_35
|j|☆DcBaker
|t:|1776135578
|gametype|singles
|player|p1|pizza_taster_35|n|1229
|player|p2|DcBaker|pokemonrangerf|1230
|gen|9
|tier|[Gen 9] OU
|rated|
|rule|HP Percentage Mod: HP is shown in percentages
|rule|Endless Battle Clause: Forcing endless battles is banned
|rule|Species Clause: Limit one of each Pokémon
|rule|OHKO Clause: OHKO moves are banned
|rule|Evasion Items Clause: Evasion items are banned
|rule|Evasion Moves Clause: Evasion moves are banned
|rule|Evasion Abilities Clause: Evasion abilities are banned
|rule|Sleep Moves Clause: Sleep-inducing moves are banned
|clearpoke
|poke|p1|Dragapult, M|
|poke|p1|Krookodile, M|
|poke|p1|Talonflame, M|
|poke|p1|Galvantula, F|
|poke|p1|Great Tusk|
|poke|p1|Tinkaton, F|
|poke|p2|Deoxys-Speed|
|poke|p2|Ceruledge, M|
|poke|p2|Zamazenta-*|
|poke|p2|Ogerpon-Wellspring, F|
|poke|p2|Glimmora, M|
|poke|p2|Moltres-Galar|
|teampreview
|inactive|Battle timer is ON: inactive players will automatically lose when time's up. (requested by pizza_taster_35)
|
|t:|1776135591
|teamsize|p1|6
|teamsize|p2|6
|start
|switch|p1a: Wannabe Gangster|Krookodile, M, shiny|100/100
|switch|p2a: gimmie|Glimmora, M|100/100
|-ability|p1a: Wannabe Gangster|Intimidate|boost
|-unboost|p2a: gimmie|atk|1
|turn|1
|
|t:|1776135609
|move|p2a: gimmie|Meteor Beam||[still]
|-prepare|p2a: gimmie|Meteor Beam
|-boost|p2a: gimmie|spa|1
|-enditem|p2a: gimmie|Power Herb
|-anim|p2a: gimmie|Meteor Beam|p1a: Wannabe Gangster
|-resisted|p1a: Wannabe Gangster
|-damage|p1a: Wannabe Gangster|39/100
|move|p1a: Wannabe Gangster|Earthquake|p2a: gimmie
|-supereffective|p2a: gimmie
|-damage|p2a: gimmie|0 fnt
|-activate|p2a: gimmie|ability: Toxic Debris
|-sidestart|p1: pizza_taster_35|move: Toxic Spikes
|faint|p2a: gimmie
|
|-heal|p1a: Wannabe Gangster|45/100|[from] item: Leftovers
|upkeep
|
|t:|1776135626
|switch|p2a: Sara|Ceruledge, M|100/100
|turn|2
|
|t:|1776135637
|move|p1a: Wannabe Gangster|Stealth Rock|p2a: Sara
|-sidestart|p2: DcBaker|move: Stealth Rock
|move|p2a: Sara|Bitter Blade|p1a: Wannabe Gangster
|-damage|p1a: Wannabe Gangster|0 fnt
|faint|p1a: Wannabe Gangster
|-damage|p2a: Sara|91/100|[from] item: Life Orb
|
|upkeep
|
|t:|1776135658
|switch|p1a: She loves teeth|Great Tusk, shiny|100/100
|-status|p1a: She loves teeth|psn
|-enditem|p1a: She loves teeth|Booster Energy
|-activate|p1a: She loves teeth|ability: Protosynthesis|[fromitem]
|-start|p1a: She loves teeth|protosynthesisatk
|turn|3
|c|☆DcBaker|tough name
|inactive|DcBaker has 120 seconds left.
|
|t:|1776135684
|switch|p2a: 1/151|Ogerpon-Wellspring, F|100/100
|-damage|p2a: 1/151|88/100|[from] Stealth Rock
|move|p1a: She loves teeth|Earthquake|p2a: 1/151
|-resisted|p2a: 1/151
|-damage|p2a: 1/151|42/100
|
|-damage|p1a: She loves teeth|88/100 psn|[from] psn
|upkeep
|turn|4
|inactive|pizza_taster_35 has 120 seconds left.
|
|t:|1776135705
|move|p2a: 1/151|Ivy Cudgel|p1a: She loves teeth|[anim] Ivy Cudgel Water
|-supereffective|p1a: She loves teeth
|-damage|p1a: She loves teeth|19/100 psn
|move|p1a: She loves teeth|Rapid Spin|p2a: 1/151
|-damage|p2a: 1/151|10/100
|-boost|p1a: She loves teeth|spe|1
|-sideend|p1: pizza_taster_35|Toxic Spikes|[from] move: Rapid Spin|[of] p1a: She loves teeth
|
|-damage|p1a: She loves teeth|7/100 psn|[from] psn
|upkeep
|turn|5
|inactive|pizza_taster_35 has 120 seconds left.
|
|t:|1776135715
|move|p2a: 1/151|Horn Leech|p1a: She loves teeth
|-supereffective|p1a: She loves teeth
|-damage|p1a: She loves teeth|0 fnt
|-heal|p2a: 1/151|14/100|[from] drain|[of] p1a: She loves teeth
|faint|p1a: She loves teeth
|-end|p1a: She loves teeth|Protosynthesis|[silent]
|
|upkeep
|inactive|pizza_taster_35 has 120 seconds left.
|
|t:|1776135721
|switch|p1a: Flame Body Prayge|Talonflame, M, shiny|100/100
|turn|6
|
|t:|1776135724
|move|p1a: Flame Body Prayge|Dual Wingbeat|p2a: 1/151
|-supereffective|p2a: 1/151
|-damage|p2a: 1/151|0 fnt
|faint|p2a: 1/151
|-hitcount|p2: 1/151|1
|
|upkeep
|
|t:|1776135747
|switch|p2a: Sara|Ceruledge, M|91/100
|-damage|p2a: Sara|66/100|[from] Stealth Rock
|turn|7
|
|t:|1776135763
|move|p1a: Flame Body Prayge|Dual Wingbeat|p2a: Sara
|-damage|p2a: Sara|41/100
|-ability|p2a: Sara|Weak Armor|boost
|-unboost|p2a: Sara|def|1
|-boost|p2a: Sara|spe|2
|-damage|p2a: Sara|7/100
|-ability|p2a: Sara|Weak Armor|boost
|-unboost|p2a: Sara|def|1
|-boost|p2a: Sara|spe|2
|-hitcount|p2a: Sara|2
|move|p2a: Sara|Swords Dance|p2a: Sara
|-boost|p2a: Sara|atk|2
|
|upkeep
|turn|8
|
|t:|1776135780
|move|p1a: Flame Body Prayge|Brave Bird|p2a: Sara
|-damage|p2a: Sara|0 fnt
|faint|p2a: Sara
|-damage|p1a: Flame Body Prayge|98/100|[from] Recoil
|
|upkeep
|
|t:|1776135803
|switch|p2a: mo|Moltres-Galar|100/100
|-damage|p2a: mo|75/100|[from] Stealth Rock
|turn|9
|
|t:|1776135808
|move|p1a: Flame Body Prayge|Brave Bird|p2a: mo
|-damage|p2a: mo|22/100
|-damage|p1a: Flame Body Prayge|79/100|[from] Recoil
|-ability|p2a: mo|Berserk|boost
|-boost|p2a: mo|spa|1
|-enditem|p2a: mo|Sitrus Berry|[eat]
|-heal|p2a: mo|47/100|[from] item: Sitrus Berry
|move|p2a: mo|Fiery Wrath|p1a: Flame Body Prayge
|-damage|p1a: Flame Body Prayge|0 fnt
|faint|p1a: Flame Body Prayge
|
|upkeep
|
|t:|1776135820
|switch|p1a: Bone Smashing|Tinkaton, F, shiny|100/100
|-ability|p1a: Bone Smashing|Mold Breaker
|-item|p1a: Bone Smashing|Air Balloon
|turn|10
|
|t:|1776135832
|move|p2a: mo|Nasty Plot|p2a: mo
|-boost|p2a: mo|spa|2
|move|p1a: Bone Smashing|Play Rough|p2a: mo
|-supereffective|p2a: mo
|-damage|p2a: mo|0 fnt
|faint|p2a: mo
|
|upkeep
|
|t:|1776135836
|switch|p2a: DEO|Deoxys-Speed|100/100
|-damage|p2a: DEO|88/100|[from] Stealth Rock
|-ability|p2a: DEO|Pressure
|turn|11
|
|t:|1776135847
|switch|p1a: B-2 Spirit Bomber|Dragapult, M, shiny|100/100
|move|p2a: DEO|Light Screen|p2a: DEO
|-sidestart|p2: DcBaker|move: Light Screen
|
|upkeep
|turn|12
|
|t:|1776135856
|move|p2a: DEO|Reflect|p2a: DEO
|-sidestart|p2: DcBaker|Reflect
|move|p1a: B-2 Spirit Bomber|Dragon Dance|p1a: B-2 Spirit Bomber
|-boost|p1a: B-2 Spirit Bomber|atk|1
|-boost|p1a: B-2 Spirit Bomber|spe|1
|
|upkeep
|turn|13
|
|t:|1776135874
|move|p1a: B-2 Spirit Bomber|Dragon Dance|p1a: B-2 Spirit Bomber
|-boost|p1a: B-2 Spirit Bomber|atk|1
|-boost|p1a: B-2 Spirit Bomber|spe|1
|move|p2a: DEO|Psycho Boost|p1a: B-2 Spirit Bomber|[miss]
|-miss|p2a: DEO|p1a: B-2 Spirit Bomber
|
|upkeep
|turn|14
|
|t:|1776135882
|move|p1a: B-2 Spirit Bomber|Substitute|p1a: B-2 Spirit Bomber
|-start|p1a: B-2 Spirit Bomber|Substitute
|-damage|p1a: B-2 Spirit Bomber|76/100
|move|p2a: DEO|Psycho Boost|p1a: B-2 Spirit Bomber
|-end|p1a: B-2 Spirit Bomber|Substitute
|-unboost|p2a: DEO|spa|2
|
|-heal|p1a: B-2 Spirit Bomber|82/100|[from] item: Leftovers
|upkeep
|turn|15
|
|t:|1776135892
|move|p1a: B-2 Spirit Bomber|Dragon Dance|p1a: B-2 Spirit Bomber
|-boost|p1a: B-2 Spirit Bomber|atk|1
|-boost|p1a: B-2 Spirit Bomber|spe|1
|move|p2a: DEO|Psycho Boost|p1a: B-2 Spirit Bomber
|-damage|p1a: B-2 Spirit Bomber|49/100
|-unboost|p2a: DEO|spa|2
|
|-heal|p1a: B-2 Spirit Bomber|55/100|[from] item: Leftovers
|upkeep
|turn|16
|inactive|DcBaker has 120 seconds left.
|
|t:|1776135926
|move|p1a: B-2 Spirit Bomber|Phantom Force||[still]
|-prepare|p1a: B-2 Spirit Bomber|Phantom Force
|move|p2a: DEO|Taunt|p1a: B-2 Spirit Bomber|[miss]
|-miss|p2a: DEO|p1a: B-2 Spirit Bomber
|
|-heal|p1a: B-2 Spirit Bomber|61/100|[from] item: Leftovers
|upkeep
|turn|17
|
|t:|1776135933
|move|p1a: B-2 Spirit Bomber|Phantom Force|p2a: DEO|[from] lockedmove
|-supereffective|p2a: DEO
|-damage|p2a: DEO|0 fnt
|faint|p2a: DEO
|
|-heal|p1a: B-2 Spirit Bomber|67/100|[from] item: Leftovers
|upkeep
|inactive|DcBaker has 120 seconds left.
|
|t:|1776135946
|switch|p2a: ZAHM|Zamazenta|100/100
|-damage|p2a: ZAHM|94/100|[from] Stealth Rock
|-ability|p2a: ZAHM|Dauntless Shield|boost
|-boost|p2a: ZAHM|def|1
|turn|18
|
|t:|1776135963
|-terastallize|p1a: B-2 Spirit Bomber|Dragon
|move|p1a: B-2 Spirit Bomber|Phantom Force||[still]
|-prepare|p1a: B-2 Spirit Bomber|Phantom Force
|move|p2a: ZAHM|Roar|p1a: B-2 Spirit Bomber|[miss]
|-miss|p2a: ZAHM|p1a: B-2 Spirit Bomber
|
|-heal|p1a: B-2 Spirit Bomber|73/100|[from] item: Leftovers
|-heal|p2a: ZAHM|100/100|[from] item: Leftovers
|-sideend|p2: DcBaker|move: Light Screen
|upkeep
|turn|19
|
|t:|1776135975
|move|p1a: B-2 Spirit Bomber|Phantom Force|p2a: ZAHM|[from] lockedmove
|-damage|p2a: ZAHM|73/100
|move|p2a: ZAHM|Roar|p1a: B-2 Spirit Bomber
|drag|p1a: Bone Smashing|Tinkaton, F, shiny|100/100
|-ability|p1a: Bone Smashing|Mold Breaker
|-item|p1a: Bone Smashing|Air Balloon
|
|-heal|p2a: ZAHM|79/100|[from] item: Leftovers
|-sideend|p2: DcBaker|Reflect
|upkeep
|turn|20
|
|t:|1776135985
|move|p2a: ZAHM|Iron Defense|p2a: ZAHM
|-boost|p2a: ZAHM|def|2
|move|p1a: Bone Smashing|Thunder Wave|p2a: ZAHM
|-status|p2a: ZAHM|par
|
|-heal|p2a: ZAHM|85/100 par|[from] item: Leftovers
|upkeep
|turn|21
|
|t:|1776135992
|move|p1a: Bone Smashing|Encore|p2a: ZAHM
|-start|p2a: ZAHM|Encore
|move|p2a: ZAHM|Iron Defense|p2a: ZAHM
|-boost|p2a: ZAHM|def|2
|
|-heal|p2a: ZAHM|91/100 par|[from] item: Leftovers
|upkeep
|turn|22
|
|t:|1776135999
|switch|p1a: Zoe <3 the spider|Galvantula, F, shiny|100/100
|move|p2a: ZAHM|Iron Defense|p2a: ZAHM
|-boost|p2a: ZAHM|def|1
|
|-heal|p2a: ZAHM|97/100 par|[from] item: Leftovers
|upkeep
|turn|23
|
|t:|1776136006
|move|p1a: Zoe <3 the spider|Thunder|p2a: ZAHM
|-damage|p2a: ZAHM|26/100 par
|move|p2a: ZAHM|Iron Defense|p2a: ZAHM
|-boost|p2a: ZAHM|def|0
|
|-heal|p2a: ZAHM|32/100 par|[from] item: Leftovers
|-end|p2a: ZAHM|Encore
|upkeep
|turn|24
|
|t:|1776136013
|move|p1a: Zoe <3 the spider|Thunder|p2a: ZAHM
|-damage|p2a: ZAHM|0 fnt
|faint|p2a: ZAHM
|
|win|pizza_taster_35
|raw|pizza_taster_35's rating: 1229 &rarr; <strong>1254</strong><br />(+25 for winning)
|raw|DcBaker's rating: 1230 &rarr; <strong>1205</strong><br />(-25 for losing)
