|html|<div class="broadcast-blue"><strong>[Gen 9] OU is currently suspecting Tera Blast! For information on how to participate check out the <a href="https://www.smogon.com/tools/suspects/view/200">suspect thread</a>.</strong></div>
|j|☆FriedTofu9
|j|☆s3ssotron
|t:|1776054017
|gametype|singles
|player|p1|FriedTofu9|266|1272
|player|p2|s3ssotron|101|1350
|gen|9
|tier|[Gen 9] OU
|rated|
|rule|HP Percentage Mod: HP is shown in percentages
|rule|Endless Battle Clause: Forcing endless battles is banned
|rule|Species Clause: Limit one of each Pokémon
|rule|OHKO Clause: OHKO moves are banned
|rule|Evasion Items Clause: Evasion items are banned
|rule|Evasion Moves Clause: Evasion moves are banned
|rule|Evasion Abilities Clause: Evasion abilities are banned
|rule|Sleep Moves Clause: Sleep-inducing moves are banned
|clearpoke
|poke|p1|Porygon2|
|poke|p1|Diancie|
|poke|p1|Slowking-Galar, F|
|poke|p1|Kingambit, M|
|poke|p1|Ursaluna, F|
|poke|p1|Primarina, M|
|poke|p2|Blaziken, F|
|poke|p2|Suicune|
|poke|p2|Kyurem|
|poke|p2|Deoxys-Defense|
|poke|p2|Maushold-Four|
|poke|p2|Zoroark-Hisui, M|
|teampreview
|inactive|Battle timer is ON: inactive players will automatically lose when time's up. (requested by s3ssotron)
|
|t:|1776054043
|teamsize|p1|6
|teamsize|p2|6
|start
|switch|p1a: Porygon2|Porygon2|100/100
|switch|p2a: Suicune|Suicune|100/100
|-ability|p1a: Porygon2|Download|boost
|-boost|p1a: Porygon2|atk|1
|turn|1
|
|t:|1776054058
|-terastallize|p2a: Suicune|Normal
|move|p2a: Suicune|Hyper Beam|p1a: Porygon2
|-damage|p1a: Porygon2|0 fnt
|-mustrecharge|p2a: Suicune
|faint|p1a: Porygon2
|
|upkeep
|
|t:|1776054075
|switch|p1a: Diancie|Diancie|100/100
|-item|p1a: Diancie|Air Balloon
|turn|2
|
|t:|1776054079
|cant|p2a: Suicune|recharge
|move|p1a: Diancie|Trick Room|p1a: Diancie
|-fieldstart|move: Trick Room|[of] p1a: Diancie
|
|upkeep
|turn|3
|
|t:|1776054087
|switch|p2a: Suicune|Suicune|100/100
|-ability|p2a: Suicune|Pressure
|move|p1a: Diancie|Diamond Storm|p2a: Suicune
|-damage|p2a: Suicune|82/100
|
|upkeep
|turn|4
|
|t:|1776054096
|move|p1a: Diancie|Diamond Storm|p2a: Suicune
|-damage|p2a: Suicune|64/100
|-boost|p1a: Diancie|def|2
|move|p2a: Suicune|Scald|p1a: Diancie
|-supereffective|p1a: Diancie
|-damage|p1a: Diancie|72/100
|-enditem|p1a: Diancie|Air Balloon
|
|upkeep
|turn|5
|
|t:|1776054108
|move|p1a: Diancie|Body Press|p2a: Suicune
|-damage|p2a: Suicune|35/100
|move|p2a: Suicune|Rest|p2a: Suicune
|-status|p2a: Suicune|slp|[from] move: Rest
|-heal|p2a: Suicune|100/100 slp|[silent]
|-enditem|p2a: Suicune|Chesto Berry|[eat]
|-curestatus|p2a: Suicune|slp|[msg]
|
|upkeep
|turn|6
|
|t:|1776054112
|move|p1a: Diancie|Diamond Storm|p2a: Suicune
|-damage|p2a: Suicune|82/100
|move|p2a: Suicune|Scald|p1a: Diancie
|-supereffective|p1a: Diancie
|-damage|p1a: Diancie|40/100
|
|-fieldend|move: Trick Room
|upkeep
|turn|7
|
|t:|1776054120
|move|p2a: Suicune|Calm Mind|p2a: Suicune
|-boost|p2a: Suicune|spa|1
|-boost|p2a: Suicune|spd|1
|move|p1a: Diancie|Trick Room|p1a: Diancie
|-fieldstart|move: Trick Room|[of] p1a: Diancie
|
|upkeep
|turn|8
|
|t:|1776054140
|move|p1a: Diancie|Diamond Storm|p2a: Suicune
|-damage|p2a: Suicune|64/100
|move|p2a: Suicune|Scald|p1a: Diancie
|-supereffective|p1a: Diancie
|-damage|p1a: Diancie|0 fnt
|faint|p1a: Diancie
|
|upkeep
|
|t:|1776054144
|switch|p1a: Ursaluna|Ursaluna, F|100/100
|turn|9
|
|t:|1776054150
|-terastallize|p1a: Ursaluna|Normal
|move|p1a: Ursaluna|Swords Dance|p1a: Ursaluna
|-boost|p1a: Ursaluna|atk|2
|move|p2a: Suicune|Scald|p1a: Ursaluna
|-damage|p1a: Ursaluna|67/100
|
|-status|p1a: Ursaluna|brn|[from] item: Flame Orb
|upkeep
|turn|10
|
|t:|1776054155
|move|p1a: Ursaluna|Facade|p2a: Suicune
|-damage|p2a: Suicune|0 fnt
|faint|p2a: Suicune
|
|-damage|p1a: Ursaluna|61/100 brn|[from] brn
|upkeep
|
|t:|1776054159
|switch|p2a: Blaziken|Blaziken, F|100/100
|turn|11
|
|t:|1776054162
|move|p1a: Ursaluna|Facade|p2a: Blaziken
|-enditem|p2a: Blaziken|Focus Sash
|-damage|p2a: Blaziken|1/100
|move|p2a: Blaziken|Reversal|p1a: Ursaluna
|-supereffective|p1a: Ursaluna
|-damage|p1a: Ursaluna|0 fnt
|faint|p1a: Ursaluna
|
|-fieldend|move: Trick Room
|-ability|p2a: Blaziken|Speed Boost|boost
|-boost|p2a: Blaziken|spe|1
|upkeep
|
|t:|1776054169
|switch|p1a: Kingambit|Kingambit, M|100/100
|-activate|p1a: Kingambit|ability: Supreme Overlord
|-start|p1a: Kingambit|fallen3|[silent]
|turn|12
|
|t:|1776054178
|-end|p1a: Kingambit|fallen3|[silent]
|switch|p1a: Primarina|Primarina, M|100/100
|move|p2a: Blaziken|Swords Dance|p2a: Blaziken
|-boost|p2a: Blaziken|atk|2
|
|-ability|p2a: Blaziken|Speed Boost|boost
|-boost|p2a: Blaziken|spe|1
|upkeep
|turn|13
|
|t:|1776054182
|move|p2a: Blaziken|Reversal|p1a: Primarina
|-resisted|p1a: Primarina
|-damage|p1a: Primarina|0 fnt
|faint|p1a: Primarina
|
|-ability|p2a: Blaziken|Speed Boost|boost
|-boost|p2a: Blaziken|spe|1
|upkeep
|
|t:|1776054187
|switch|p1a: Kingambit|Kingambit, M|100/100
|-activate|p1a: Kingambit|ability: Supreme Overlord
|-start|p1a: Kingambit|fallen4|[silent]
|turn|14
|
|t:|1776054193
|move|p2a: Blaziken|Endure|p2a: Blaziken
|-singleturn|p2a: Blaziken|move: Endure
|move|p1a: Kingambit|Kowtow Cleave|p2a: Blaziken
|-resisted|p2a: Blaziken
|-activate|p2a: Blaziken|move: Endure
|-damage|p2a: Blaziken|1/100
|-damage|p1a: Kingambit|91/100|[from] item: Life Orb
|
|-ability|p2a: Blaziken|Speed Boost|boost
|-boost|p2a: Blaziken|spe|1
|upkeep
|turn|15
|
|t:|1776054199
|move|p1a: Kingambit|Sucker Punch||[still]
|-fail|p1a: Kingambit
|move|p2a: Blaziken|Swords Dance|p2a: Blaziken
|-boost|p2a: Blaziken|atk|2
|
|-ability|p2a: Blaziken|Speed Boost|boost
|-boost|p2a: Blaziken|spe|1
|upkeep
|turn|16
|
|t:|1776054204
|move|p2a: Blaziken|Endure|p2a: Blaziken
|-singleturn|p2a: Blaziken|move: Endure
|move|p1a: Kingambit|Sucker Punch||[still]
|-fail|p1a: Kingambit
|
|-ability|p2a: Blaziken|Speed Boost|boost
|-boost|p2a: Blaziken|spe|1
|upkeep
|turn|17
|
|t:|1776054209
|move|p2a: Blaziken|Swords Dance|p2a: Blaziken
|-boost|p2a: Blaziken|atk|2
|move|p1a: Kingambit|Swords Dance|p1a: Kingambit
|-boost|p1a: Kingambit|atk|2
|
|upkeep
|turn|18
|
|t:|1776054214
|move|p2a: Blaziken|Endure|p2a: Blaziken
|-singleturn|p2a: Blaziken|move: Endure
|move|p1a: Kingambit|Sucker Punch||[still]
|-fail|p1a: Kingambit
|
|upkeep
|turn|19
|
|t:|1776054221
|move|p2a: Blaziken|Swords Dance|p2a: Blaziken
|-boost|p2a: Blaziken|atk|0
|move|p1a: Kingambit|Kowtow Cleave|p2a: Blaziken
|-resisted|p2a: Blaziken
|-damage|p2a: Blaziken|0 fnt
|faint|p2a: Blaziken
|-damage|p1a: Kingambit|81/100|[from] item: Life Orb
|
|upkeep
|
|t:|1776054225
|switch|p2a: Maushold|Maushold-Four, tera:Normal|100/100
|turn|20
|
|t:|1776054233
|move|p1a: Kingambit|Sucker Punch||[still]
|-fail|p1a: Kingambit
|move|p2a: Maushold|Trick|p1a: Kingambit
|-activate|p2a: Maushold|move: Trick|[of] p1a: Kingambit
|-item|p1a: Kingambit|Choice Specs|[from] move: Trick
|-item|p2a: Maushold|Life Orb|[from] move: Trick
|
|upkeep
|turn|21
|
|t:|1776054255
|switch|p2a: Kyurem|Kyurem|100/100
|-ability|p2a: Kyurem|Pressure
|move|p1a: Kingambit|Kowtow Cleave|p2a: Kyurem
|-damage|p2a: Kyurem|0 fnt
|faint|p2a: Kyurem
|
|upkeep
|
|t:|1776054262
|switch|p2a: Maushold|Maushold-Four, tera:Normal|100/100
|turn|22
|
|t:|1776054264
|move|p2a: Maushold|Flamethrower|p1a: Kingambit
|-supereffective|p1a: Kingambit
|-damage|p1a: Kingambit|0 fnt
|faint|p1a: Kingambit
|-end|p1a: Kingambit|fallen4|[silent]
|-damage|p2a: Maushold|91/100|[from] item: Life Orb
|
|upkeep
|
|t:|1776054269
|switch|p1a: Slowking|Slowking-Galar, F|100/100
|turn|23
|
|t:|1776054273
|move|p2a: Maushold|Shadow Ball|p1a: Slowking
|-supereffective|p1a: Slowking
|-damage|p1a: Slowking|17/100
|-damage|p2a: Maushold|81/100|[from] item: Life Orb
|move|p1a: Slowking|Trick Room|p1a: Slowking
|-fieldstart|move: Trick Room|[of] p1a: Slowking
|
|-heal|p1a: Slowking|23/100|[from] item: Leftovers
|upkeep
|turn|24
|
|t:|1776054279
|move|p1a: Slowking|Sludge Bomb|p2a: Maushold
|-damage|p2a: Maushold|0 fnt
|replace|p2a: Zoroark|Zoroark-Hisui, M
|-end|p2a: Zoroark|Illusion
|faint|p2a: Zoroark
|
|-heal|p1a: Slowking|29/100|[from] item: Leftovers
|upkeep
|
|t:|1776054282
|switch|p2a: Maushold|Maushold-Four|100/100
|turn|25
|
|t:|1776054287
|move|p1a: Slowking|Sludge Bomb|p2a: Maushold
|-damage|p2a: Maushold|32/100
|move|p2a: Maushold|Population Bomb|p1a: Slowking
|-damage|p1a: Slowking|18/100
|-damage|p1a: Slowking|7/100
|-crit|p1a: Slowking
|-damage|p1a: Slowking|0 fnt
|faint|p1a: Slowking
|-hitcount|p1: Slowking|3
|
|win|s3ssotron
|raw|FriedTofu9's rating: 1272 &rarr; <strong>1253</strong><br />(-19 for losing)
|raw|s3ssotron's rating: 1350 &rarr; <strong>1366</strong><br />(+16 for winning)
|l|☆s3ssotron
|player|p2|
|l|☆FriedTofu9
|player|p1|
