|html|<div class="broadcast-blue"><strong>[Gen 9] OU is currently suspecting Tera Blast! For information on how to participate check out the <a href="https://www.smogon.com/tools/suspects/view/200">suspect thread</a>.</strong></div>
|j|☆LifeIsLifeSlop
|j|☆RiceFinger4
|t:|1776063779
|gametype|singles
|player|p1|LifeIsLifeSlop|elesa|1453
|player|p2|RiceFinger4|cyclist-gen4|1449
|gen|9
|tier|[Gen 9] OU
|rated|
|rule|HP Percentage Mod: HP is shown in percentages
|rule|Endless Battle Clause: Forcing endless battles is banned
|rule|Species Clause: Limit one of each Pokémon
|rule|OHKO Clause: OHKO moves are banned
|rule|Evasion Items Clause: Evasion items are banned
|rule|Evasion Moves Clause: Evasion moves are banned
|rule|Evasion Abilities Clause: Evasion abilities are banned
|rule|Sleep Moves Clause: Sleep-inducing moves are banned
|clearpoke
|poke|p1|Dragapult, F|
|poke|p1|Kyurem|
|poke|p1|Great Tusk|
|poke|p1|Iron Valiant|
|poke|p1|Kingambit, M|
|poke|p1|Hatterene, F|
|poke|p2|Gholdengo|
|poke|p2|Excadrill, F|
|poke|p2|Moltres|
|poke|p2|Tyranitar, M|
|poke|p2|Chesnaught, F|
|poke|p2|Slowking-Galar, F|
|teampreview
|inactive|Battle timer is ON: inactive players will automatically lose when time's up. (requested by LifeIsLifeSlop)
|
|t:|1776063802
|teamsize|p1|6
|teamsize|p2|6
|start
|switch|p1a: Great Tusk|Great Tusk|100/100
|switch|p2a: Kaiju|Tyranitar, M|100/100
|-weather|Sandstorm|[from] ability: Sand Stream|[of] p2a: Kaiju
|turn|1
|
|t:|1776063806
|switch|p2a: Guardian|Chesnaught, F|100/100
|move|p1a: Great Tusk|Stealth Rock|p2a: Guardian
|-sidestart|p2: RiceFinger4|move: Stealth Rock
|
|-weather|Sandstorm|[upkeep]
|-damage|p2a: Guardian|94/100|[from] Sandstorm
|-heal|p2a: Guardian|100/100|[from] item: Leftovers
|upkeep
|turn|2
|
|t:|1776063814
|-end|p1a: Great Tusk|Protosynthesis|[silent]
|switch|p1a: Hatterene|Hatterene, F|100/100
|move|p2a: Guardian|Leech Seed|p1a: Hatterene
|move|p1a: Hatterene|Leech Seed|p2a: Guardian|[from] ability: Magic Bounce
|-immune|p2a: Guardian
|
|-weather|Sandstorm|[upkeep]
|-damage|p2a: Guardian|94/100|[from] Sandstorm
|-damage|p1a: Hatterene|95/100|[from] Sandstorm
|-heal|p2a: Guardian|100/100|[from] item: Leftovers
|upkeep
|turn|3
|
|t:|1776063822
|switch|p2a: Chickenjoy|Moltres|100/100
|move|p1a: Hatterene|Nuzzle|p2a: Chickenjoy
|-supereffective|p2a: Chickenjoy
|-damage|p2a: Chickenjoy|96/100
|-status|p2a: Chickenjoy|par
|-status|p1a: Hatterene|brn|[from] ability: Flame Body|[of] p2a: Chickenjoy
|
|-weather|Sandstorm|[upkeep]
|-damage|p2a: Chickenjoy|90/100 par|[from] Sandstorm
|-damage|p1a: Hatterene|89/100 brn|[from] Sandstorm
|-damage|p1a: Hatterene|83/100 brn|[from] brn
|upkeep
|turn|4
|
|t:|1776063827
|move|p2a: Chickenjoy|U-turn|p1a: Hatterene
|-damage|p1a: Hatterene|67/100 brn
|
|t:|1776063830
|switch|p2a: Gurren Lagaan|Excadrill, F|100/100|[from] U-turn
|-damage|p2a: Gurren Lagaan|97/100|[from] Stealth Rock
|move|p1a: Hatterene|Psychic Noise|p2a: Gurren Lagaan
|-resisted|p2a: Gurren Lagaan
|-damage|p2a: Gurren Lagaan|69/100
|-start|p2a: Gurren Lagaan|move: Heal Block
|
|-weather|Sandstorm|[upkeep]
|-damage|p1a: Hatterene|61/100 brn|[from] Sandstorm
|-damage|p1a: Hatterene|55/100 brn|[from] brn
|upkeep
|turn|5
|
|t:|1776063834
|switch|p1a: Dragapult|Dragapult, F|100/100
|move|p2a: Gurren Lagaan|Earthquake|p1a: Dragapult
|-damage|p1a: Dragapult|0 fnt
|faint|p1a: Dragapult
|
|-weather|Sandstorm|[upkeep]
|-end|p2a: Gurren Lagaan|move: Heal Block
|upkeep
|
|t:|1776063841
|switch|p1a: Great Tusk|Great Tusk|100/100
|turn|6
|
|t:|1776063846
|switch|p2a: Guardian|Chesnaught, F|100/100
|-damage|p2a: Guardian|94/100|[from] Stealth Rock
|move|p1a: Great Tusk|Headlong Rush|p2a: Guardian
|-resisted|p2a: Guardian
|-damage|p2a: Guardian|76/100
|-unboost|p1a: Great Tusk|def|1
|-unboost|p1a: Great Tusk|spd|1
|
|-weather|Sandstorm|[upkeep]
|-damage|p2a: Guardian|70/100|[from] Sandstorm
|-heal|p2a: Guardian|76/100|[from] item: Leftovers
|upkeep
|turn|7
|
|t:|1776063851
|-end|p1a: Great Tusk|Protosynthesis|[silent]
|switch|p1a: Hatterene|Hatterene, F|55/100 brn
|move|p2a: Guardian|Knock Off|p1a: Hatterene
|-damage|p1a: Hatterene|27/100 brn
|-enditem|p1a: Hatterene|Assault Vest|[from] move: Knock Off|[of] p2a: Guardian
|
|-weather|Sandstorm|[upkeep]
|-damage|p2a: Guardian|70/100|[from] Sandstorm
|-damage|p1a: Hatterene|21/100 brn|[from] Sandstorm
|-heal|p2a: Guardian|76/100|[from] item: Leftovers
|-damage|p1a: Hatterene|15/100 brn|[from] brn
|upkeep
|turn|8
|
|t:|1776063855
|move|p2a: Guardian|Spiky Shield|p2a: Guardian
|-singleturn|p2a: Guardian|move: Protect
|move|p1a: Hatterene|Mystical Fire|p2a: Guardian
|-activate|p2a: Guardian|move: Protect
|
|-weather|none
|-heal|p2a: Guardian|82/100|[from] item: Leftovers
|-damage|p1a: Hatterene|9/100 brn|[from] brn
|upkeep
|turn|9
|
|t:|1776063863
|switch|p2a: Kaiju|Tyranitar, M|100/100
|-damage|p2a: Kaiju|88/100|[from] Stealth Rock
|-weather|Sandstorm|[from] ability: Sand Stream|[of] p2a: Kaiju
|move|p1a: Hatterene|Psychic Noise|p2a: Kaiju
|-immune|p2a: Kaiju
|
|-weather|Sandstorm|[upkeep]
|-damage|p1a: Hatterene|3/100 brn|[from] Sandstorm
|-damage|p1a: Hatterene|0 fnt|[from] brn
|faint|p1a: Hatterene
|upkeep
|
|t:|1776063874
|switch|p1a: Great Tusk|Great Tusk|100/100
|turn|10
|
|t:|1776063878
|move|p1a: Great Tusk|Rapid Spin|p2a: Kaiju
|-resisted|p2a: Kaiju
|-damage|p2a: Kaiju|81/100
|-boost|p1a: Great Tusk|spe|1
|move|p2a: Kaiju|Stealth Rock|p1a: Great Tusk
|-sidestart|p1: LifeIsLifeSlop|move: Stealth Rock
|
|-weather|Sandstorm|[upkeep]
|upkeep
|turn|11
|
|t:|1776063881
|switch|p2a: Guardian|Chesnaught, F|82/100
|-damage|p2a: Guardian|76/100|[from] Stealth Rock
|move|p1a: Great Tusk|Rapid Spin|p2a: Guardian
|-damage|p2a: Guardian|66/100
|-boost|p1a: Great Tusk|spe|1
|-sideend|p1: LifeIsLifeSlop|Stealth Rock|[from] move: Rapid Spin|[of] p1a: Great Tusk
|
|-weather|Sandstorm|[upkeep]
|-damage|p2a: Guardian|60/100|[from] Sandstorm
|-heal|p2a: Guardian|66/100|[from] item: Leftovers
|upkeep
|turn|12
|
|t:|1776063886
|move|p1a: Great Tusk|Ice Spinner|p2a: Guardian
|-supereffective|p2a: Guardian
|-damage|p2a: Guardian|36/100
|move|p2a: Guardian|Leech Seed|p1a: Great Tusk
|-start|p1a: Great Tusk|move: Leech Seed
|
|-weather|Sandstorm|[upkeep]
|-damage|p2a: Guardian|30/100|[from] Sandstorm
|-heal|p2a: Guardian|36/100|[from] item: Leftovers
|-damage|p1a: Great Tusk|88/100|[from] Leech Seed|[of] p2a: Guardian
|-heal|p2a: Guardian|48/100|[silent]
|upkeep
|turn|13
|
|t:|1776063891
|-end|p1a: Great Tusk|Protosynthesis|[silent]
|switch|p1a: Kyurem|Kyurem, shiny|100/100
|-ability|p1a: Kyurem|Pressure
|move|p2a: Guardian|Spiky Shield||[still]
|-fail|p2a: Guardian
|
|-weather|Sandstorm|[upkeep]
|-damage|p1a: Kyurem|94/100|[from] Sandstorm
|-damage|p2a: Guardian|42/100|[from] Sandstorm
|-heal|p2a: Guardian|48/100|[from] item: Leftovers
|upkeep
|turn|14
|
|t:|1776063896
|switch|p2a: Frankenstein|Slowking-Galar, F|100/100
|-damage|p2a: Frankenstein|88/100|[from] Stealth Rock
|move|p1a: Kyurem|Draco Meteor|p2a: Frankenstein|[miss]
|-miss|p1a: Kyurem|p2a: Frankenstein
|
|-weather|Sandstorm|[upkeep]
|-damage|p1a: Kyurem|88/100|[from] Sandstorm
|-damage|p2a: Frankenstein|82/100|[from] Sandstorm
|upkeep
|turn|15
|-message|LifeIsLifeSlop forfeited.
|
|win|RiceFinger4
|raw|LifeIsLifeSlop's rating: 1453 &rarr; <strong>1433</strong><br />(-20 for losing)
|raw|RiceFinger4's rating: 1449 &rarr; <strong>1469</strong><br />(+20 for winning)
|l|☆LifeIsLifeSlop
|player|p1|
|l|☆RiceFinger4
|player|p2|
