|html|<div class="broadcast-blue"><strong>[Gen 9] OU is currently suspecting Volcarona! For information on how to participate check out the <a href="https://www.smogon.com/tools/suspects/view/208">suspect thread</a>.</strong></div>
|j|☆inframono
|j|☆elpets
|t:|1778511266
|gametype|singles
|player|p1|inframono|battlegirl-gen4|1617
|player|p2|elpets|infielder|1647
|gen|9
|tier|[Gen 9] OU
|rated|
|rule|HP Percentage Mod: HP is shown in percentages
|rule|Endless Battle Clause: Forcing endless battles is banned
|rule|Species Clause: Limit one of each Pokémon
|rule|OHKO Clause: OHKO moves are banned
|rule|Evasion Items Clause: Evasion items are banned
|rule|Evasion Moves Clause: Evasion moves are banned
|rule|Evasion Abilities Clause: Evasion abilities are banned
|rule|Sleep Moves Clause: Sleep-inducing moves are banned
|clearpoke
|poke|p1|Gliscor, F|
|poke|p1|Clefable, M|
|poke|p1|Skarmory, F|
|poke|p1|Blissey, F|
|poke|p1|Skeledirge, M|
|poke|p1|Ogerpon, F|
|poke|p2|Hatterene, F|
|poke|p2|Dragonite, F|
|poke|p2|Breloom, F|
|poke|p2|Azumarill, F|
|poke|p2|Great Tusk|
|poke|p2|Skeledirge, F|
|teampreview
|inactive|Battle timer is ON: inactive players will automatically lose when time's up. (requested by inframono)
|
|t:|1778511272
|teamsize|p1|6
|teamsize|p2|6
|start
|switch|p1a: Clefable|Clefable, M|100/100
|switch|p2a: Azumarill|Azumarill, F|100/100
|turn|1
|
|t:|1778511279
|move|p1a: Clefable|Trick|p2a: Azumarill
|-activate|p1a: Clefable|move: Trick|[of] p2a: Azumarill
|-item|p2a: Azumarill|Sticky Barb|[from] move: Trick
|-item|p1a: Clefable|Assault Vest|[from] move: Trick
|move|p2a: Azumarill|Knock Off|p1a: Clefable
|-resisted|p1a: Clefable
|-damage|p1a: Clefable|84/100
|-enditem|p1a: Clefable|Assault Vest|[from] move: Knock Off|[of] p2a: Azumarill
|
|-damage|p2a: Azumarill|88/100|[from] item: Sticky Barb
|upkeep
|turn|2
|
|t:|1778511286
|switch|p2a: Hatterene|Hatterene, F|100/100
|move|p1a: Clefable|Thunder Wave|p2a: Hatterene
|move|p2a: Hatterene|Thunder Wave|p1a: Clefable|[from] ability: Magic Bounce
|-status|p1a: Clefable|par
|
|upkeep
|turn|3
|
|t:|1778511291
|move|p1a: Clefable|Trick|p2a: Hatterene
|-activate|p1a: Clefable|move: Trick|[of] p2a: Hatterene
|-enditem|p2a: Hatterene|Leftovers|[silent]|[from] move: Trick
|-item|p1a: Clefable|Leftovers|[from] move: Trick
|move|p2a: Hatterene|Psyshock|p1a: Clefable
|-crit|p1a: Clefable
|-damage|p1a: Clefable|27/100 par
|
|-heal|p1a: Clefable|33/100 par|[from] item: Leftovers
|upkeep
|turn|4
|inactive|inframono has 120 seconds left.
|
|t:|1778511324
|switch|p1a: Blissey|Blissey, F|100/100
|move|p2a: Hatterene|Psyshock|p1a: Blissey
|-damage|p1a: Blissey|54/100
|
|upkeep
|turn|5
|
|t:|1778511333
|move|p1a: Blissey|Soft-Boiled|p1a: Blissey
|-heal|p1a: Blissey|100/100
|move|p2a: Hatterene|Psyshock|p1a: Blissey
|-damage|p1a: Blissey|49/100
|
|upkeep
|turn|6
|
|t:|1778511337
|move|p1a: Blissey|Soft-Boiled|p1a: Blissey
|-heal|p1a: Blissey|99/100
|move|p2a: Hatterene|Psyshock|p1a: Blissey
|-damage|p1a: Blissey|47/100
|
|upkeep
|turn|7
|
|t:|1778511342
|switch|p1a: Skeledirge|Skeledirge, M, shiny|100/100
|move|p2a: Hatterene|Psyshock|p1a: Skeledirge
|-damage|p1a: Skeledirge|64/100
|
|upkeep
|turn|8
|j| Fat_Yogi
|
|t:|1778511348
|switch|p2a: Azumarill|Azumarill, F|88/100
|move|p1a: Skeledirge|Torch Song|p2a: Azumarill
|-resisted|p2a: Azumarill
|-damage|p2a: Azumarill|73/100
|-boost|p1a: Skeledirge|spa|1
|
|-damage|p2a: Azumarill|61/100|[from] item: Sticky Barb
|upkeep
|turn|9
|
|t:|1778511361
|switch|p1a: Clefable|Clefable, M|33/100 par
|move|p2a: Azumarill|Liquidation|p1a: Clefable
|-damage|p1a: Clefable|0 fnt
|faint|p1a: Clefable
|
|-damage|p2a: Azumarill|49/100|[from] item: Sticky Barb
|upkeep
|
|t:|1778511366
|switch|p1a: Ogerpon|Ogerpon, F|100/100
|turn|10
|
|t:|1778511371
|move|p1a: Ogerpon|Ivy Cudgel|p2a: Azumarill
|-supereffective|p2a: Azumarill
|-damage|p2a: Azumarill|0 fnt
|faint|p2a: Azumarill
|
|upkeep
|
|t:|1778511378
|switch|p2a: Skeledirge|Skeledirge, F|100/100
|turn|11
|
|t:|1778511384
|switch|p1a: Gliscor|Gliscor, F|100/100
|move|p2a: Skeledirge|Torch Song|p1a: Gliscor
|-damage|p1a: Gliscor|65/100
|-boost|p2a: Skeledirge|spa|1
|
|-status|p1a: Gliscor|tox|[from] item: Toxic Orb
|upkeep
|turn|12
|
|t:|1778511391
|move|p1a: Gliscor|Protect|p1a: Gliscor
|-singleturn|p1a: Gliscor|Protect
|move|p2a: Skeledirge|Torch Song|p1a: Gliscor
|-activate|p1a: Gliscor|move: Protect
|
|-heal|p1a: Gliscor|78/100 tox|[from] ability: Poison Heal
|upkeep
|turn|13
|
|t:|1778511396
|move|p1a: Gliscor|Toxic|p2a: Skeledirge
|-status|p2a: Skeledirge|tox
|move|p2a: Skeledirge|Torch Song|p1a: Gliscor
|-damage|p1a: Gliscor|25/100 tox
|-boost|p2a: Skeledirge|spa|1
|
|-heal|p1a: Gliscor|37/100 tox|[from] ability: Poison Heal
|-damage|p2a: Skeledirge|94/100 tox|[from] psn
|upkeep
|turn|14
|
|t:|1778511402
|move|p1a: Gliscor|Protect|p1a: Gliscor
|-singleturn|p1a: Gliscor|Protect
|move|p2a: Skeledirge|Torch Song|p1a: Gliscor
|-activate|p1a: Gliscor|move: Protect
|
|-heal|p1a: Gliscor|50/100 tox|[from] ability: Poison Heal
|-damage|p2a: Skeledirge|82/100 tox|[from] psn
|upkeep
|turn|15
|
|t:|1778511407
|switch|p1a: Blissey|Blissey, F|47/100
|move|p2a: Skeledirge|Torch Song|p1a: Blissey
|-damage|p1a: Blissey|28/100
|-boost|p2a: Skeledirge|spa|1
|
|-damage|p2a: Skeledirge|64/100 tox|[from] psn
|upkeep
|turn|16
|
|t:|1778511413
|move|p2a: Skeledirge|Torch Song|p1a: Blissey
|-damage|p1a: Blissey|5/100
|-boost|p2a: Skeledirge|spa|1
|move|p1a: Blissey|Soft-Boiled|p1a: Blissey
|-heal|p1a: Blissey|55/100
|
|-damage|p2a: Skeledirge|40/100 tox|[from] psn
|upkeep
|turn|17
|
|t:|1778511418
|move|p2a: Skeledirge|Torch Song|p1a: Blissey
|-damage|p1a: Blissey|29/100
|-boost|p2a: Skeledirge|spa|1
|move|p1a: Blissey|Stealth Rock|p2a: Skeledirge
|-sidestart|p2: elpets|move: Stealth Rock
|
|-damage|p2a: Skeledirge|9/100 tox|[from] psn
|upkeep
|turn|18
|
|t:|1778511421
|move|p2a: Skeledirge|Torch Song|p1a: Blissey
|-damage|p1a: Blissey|0 fnt
|-boost|p2a: Skeledirge|spa|1
|faint|p1a: Blissey
|
|-damage|p2a: Skeledirge|0 fnt|[from] psn
|faint|p2a: Skeledirge
|upkeep
|
|t:|1778511427
|switch|p2a: Hatterene|Hatterene, F|100/100
|switch|p1a: Gliscor|Gliscor, F|50/100 tox
|-damage|p2a: Hatterene|88/100|[from] Stealth Rock
|turn|19
|
|t:|1778511431
|move|p1a: Gliscor|Protect|p1a: Gliscor
|-singleturn|p1a: Gliscor|Protect
|move|p2a: Hatterene|Psyshock|p1a: Gliscor
|-activate|p1a: Gliscor|move: Protect
|
|-heal|p1a: Gliscor|62/100 tox|[from] ability: Poison Heal
|upkeep
|turn|20
|
|t:|1778511436
|switch|p1a: Skeledirge|Skeledirge, M, shiny|64/100
|move|p2a: Hatterene|Psyshock|p1a: Skeledirge
|-damage|p1a: Skeledirge|22/100
|
|upkeep
|turn|21
|
|t:|1778511441
|move|p1a: Skeledirge|Slack Off|p1a: Skeledirge
|-heal|p1a: Skeledirge|72/100
|move|p2a: Hatterene|Psyshock|p1a: Skeledirge
|-damage|p1a: Skeledirge|36/100
|
|upkeep
|turn|22
|
|t:|1778511451
|switch|p2a: Great Tusk|Great Tusk|100/100
|-damage|p2a: Great Tusk|98/100|[from] Stealth Rock
|-enditem|p2a: Great Tusk|Booster Energy
|-activate|p2a: Great Tusk|ability: Protosynthesis|[fromitem]
|-start|p2a: Great Tusk|protosynthesisatk
|move|p1a: Skeledirge|Slack Off|p1a: Skeledirge
|-heal|p1a: Skeledirge|86/100
|
|upkeep
|turn|23
|
|t:|1778511454
|switch|p1a: Skarmory|Skarmory, F|100/100
|move|p2a: Great Tusk|Headlong Rush|p1a: Skarmory
|-immune|p1a: Skarmory
|
|upkeep
|turn|24
|
|t:|1778511466
|move|p2a: Great Tusk|Rapid Spin|p1a: Skarmory
|-resisted|p1a: Skarmory
|-damage|p1a: Skarmory|93/100
|-boost|p2a: Great Tusk|spe|1
|-sideend|p2: elpets|Stealth Rock|[from] move: Rapid Spin|[of] p2a: Great Tusk
|move|p1a: Skarmory|Iron Defense|p1a: Skarmory
|-boost|p1a: Skarmory|def|2
|
|upkeep
|turn|25
|
|t:|1778511469
|-end|p2a: Great Tusk|Protosynthesis|[silent]
|switch|p2a: Hatterene|Hatterene, F|88/100
|move|p1a: Skarmory|Body Press|p2a: Hatterene
|-resisted|p2a: Hatterene
|-damage|p2a: Hatterene|71/100
|
|upkeep
|turn|26
|
|t:|1778511473
|switch|p1a: Skeledirge|Skeledirge, M, shiny|86/100
|move|p2a: Hatterene|Psyshock|p1a: Skeledirge
|-damage|p1a: Skeledirge|44/100
|
|upkeep
|turn|27
|
|t:|1778511481
|switch|p2a: Great Tusk|Great Tusk|98/100
|move|p1a: Skeledirge|Slack Off|p1a: Skeledirge
|-heal|p1a: Skeledirge|94/100
|
|upkeep
|turn|28
|
|t:|1778511496
|switch|p1a: Skarmory|Skarmory, F|93/100
|move|p2a: Great Tusk|Supercell Slam|p1a: Skarmory|[miss]
|-miss|p2a: Great Tusk|p1a: Skarmory
|-damage|p2a: Great Tusk|48/100|[from] supercellslam
|
|upkeep
|turn|29
|
|t:|1778511518
|switch|p1a: Ogerpon|Ogerpon, F|100/100
|move|p2a: Great Tusk|Supercell Slam|p1a: Ogerpon
|-resisted|p1a: Ogerpon
|-damage|p1a: Ogerpon|79/100
|
|upkeep
|turn|30
|
|t:|1778511524
|-end|p2a: Great Tusk|Protosynthesis|[silent]
|switch|p2a: Hatterene|Hatterene, F|71/100
|move|p1a: Ogerpon|Ivy Cudgel|p2a: Hatterene
|-damage|p2a: Hatterene|14/100
|
|upkeep
|turn|31
|
|t:|1778511527
|move|p1a: Ogerpon|Ivy Cudgel|p2a: Hatterene
|-damage|p2a: Hatterene|0 fnt
|faint|p2a: Hatterene
|
|upkeep
|
|t:|1778511530
|switch|p2a: Dragonite|Dragonite, F|100/100
|turn|32
|
|t:|1778511538
|switch|p1a: Gliscor|Gliscor, F|62/100 tox
|move|p2a: Dragonite|Dragon Dance|p2a: Dragonite
|-boost|p2a: Dragonite|atk|1
|-boost|p2a: Dragonite|spe|1
|
|-heal|p1a: Gliscor|75/100 tox|[from] ability: Poison Heal
|upkeep
|turn|33
|
|t:|1778511545
|-terastallize|p1a: Gliscor|Water
|move|p2a: Dragonite|Dragon Dance|p2a: Dragonite
|-boost|p2a: Dragonite|atk|1
|-boost|p2a: Dragonite|spe|1
|move|p1a: Gliscor|Toxic|p2a: Dragonite
|-status|p2a: Dragonite|tox
|-enditem|p2a: Dragonite|Lum Berry|[eat]
|-curestatus|p2a: Dragonite|tox|[msg]
|
|-heal|p1a: Gliscor|87/100 tox|[from] ability: Poison Heal
|upkeep
|turn|34
|
|t:|1778511552
|move|p2a: Dragonite|Outrage|p1a: Gliscor
|-damage|p1a: Gliscor|8/100 tox
|move|p1a: Gliscor|Toxic|p2a: Dragonite
|-status|p2a: Dragonite|tox
|
|-damage|p2a: Dragonite|94/100 tox|[from] psn
|-heal|p1a: Gliscor|20/100 tox|[from] ability: Poison Heal
|upkeep
|turn|35
|
|t:|1778511556
|move|p1a: Gliscor|Protect|p1a: Gliscor
|-singleturn|p1a: Gliscor|Protect
|move|p2a: Dragonite|Outrage|p1a: Gliscor|[from] lockedmove
|-activate|p1a: Gliscor|move: Protect
|
|-damage|p2a: Dragonite|82/100 tox|[from] psn
|-heal|p1a: Gliscor|33/100 tox|[from] ability: Poison Heal
|upkeep
|turn|36
|
|t:|1778511575
|switch|p1a: Skeledirge|Skeledirge, M, shiny|94/100
|move|p2a: Dragonite|Outrage|p1a: Skeledirge
|-damage|p1a: Skeledirge|38/100
|
|-damage|p2a: Dragonite|63/100 tox|[from] psn
|upkeep
|turn|37
|
|t:|1778511584
|switch|p1a: Skarmory|Skarmory, F|93/100
|move|p2a: Dragonite|Outrage|p1a: Skarmory|[from] lockedmove
|-resisted|p1a: Skarmory
|-damage|p1a: Skarmory|55/100
|
|-damage|p2a: Dragonite|39/100 tox|[from] psn
|upkeep
|turn|38
|
|t:|1778511588
|move|p2a: Dragonite|Outrage|p1a: Skarmory|[from] lockedmove
|-resisted|p1a: Skarmory
|-damage|p1a: Skarmory|16/100
|-start|p2a: Dragonite|confusion|[fatigue]
|move|p1a: Skarmory|Roost|p1a: Skarmory
|-heal|p1a: Skarmory|66/100
|-singleturn|p1a: Skarmory|move: Roost
|
|-damage|p2a: Dragonite|8/100 tox|[from] psn
|upkeep
|turn|39
|
|t:|1778511593
|-activate|p2a: Dragonite|confusion
|move|p2a: Dragonite|Fire Punch|p1a: Skarmory
|-supereffective|p1a: Skarmory
|-damage|p1a: Skarmory|4/100
|-status|p1a: Skarmory|brn
|move|p1a: Skarmory|Roost|p1a: Skarmory
|-heal|p1a: Skarmory|54/100 brn
|-singleturn|p1a: Skarmory|move: Roost
|
|-damage|p2a: Dragonite|0 fnt|[from] psn
|faint|p2a: Dragonite
|-damage|p1a: Skarmory|48/100 brn|[from] brn
|upkeep
|
|t:|1778511598
|switch|p2a: Ippo|Breloom, F|100/100
|turn|40
|
|t:|1778511605
|move|p2a: Ippo|Swords Dance|p2a: Ippo
|-boost|p2a: Ippo|atk|2
|move|p1a: Skarmory|Roost|p1a: Skarmory
|-heal|p1a: Skarmory|98/100 brn
|-singleturn|p1a: Skarmory|move: Roost
|
|-damage|p1a: Skarmory|92/100 brn|[from] brn
|upkeep
|turn|41
|
|t:|1778511608
|move|p2a: Ippo|Swords Dance|p2a: Ippo
|-boost|p2a: Ippo|atk|2
|move|p1a: Skarmory|Iron Defense|p1a: Skarmory
|-boost|p1a: Skarmory|def|2
|
|-damage|p1a: Skarmory|86/100 brn|[from] brn
|upkeep
|turn|42
|
|t:|1778511627
|move|p2a: Ippo|Rock Tomb|p1a: Skarmory
|-damage|p1a: Skarmory|52/100 brn
|-unboost|p1a: Skarmory|spe|1
|move|p1a: Skarmory|Body Press|p2a: Ippo
|-damage|p2a: Ippo|57/100
|
|-damage|p1a: Skarmory|46/100 brn|[from] brn
|upkeep
|turn|43
|
|t:|1778511633
|move|p2a: Ippo|Rock Tomb|p1a: Skarmory
|-damage|p1a: Skarmory|13/100 brn
|-unboost|p1a: Skarmory|spe|1
|move|p1a: Skarmory|Roost|p1a: Skarmory
|-heal|p1a: Skarmory|64/100 brn
|-singleturn|p1a: Skarmory|move: Roost
|
|-damage|p1a: Skarmory|58/100 brn|[from] brn
|upkeep
|turn|44
|
|t:|1778511638
|move|p2a: Ippo|Rock Tomb|p1a: Skarmory
|-damage|p1a: Skarmory|27/100 brn
|-unboost|p1a: Skarmory|spe|1
|move|p1a: Skarmory|Roost|p1a: Skarmory
|-heal|p1a: Skarmory|77/100 brn
|-singleturn|p1a: Skarmory|move: Roost
|
|-damage|p1a: Skarmory|71/100 brn|[from] brn
|upkeep
|turn|45
|
|t:|1778511643
|move|p2a: Ippo|Rock Tomb|p1a: Skarmory
|-damage|p1a: Skarmory|40/100 brn
|-unboost|p1a: Skarmory|spe|1
|move|p1a: Skarmory|Roost|p1a: Skarmory
|-heal|p1a: Skarmory|91/100 brn
|-singleturn|p1a: Skarmory|move: Roost
|
|-damage|p1a: Skarmory|85/100 brn|[from] brn
|upkeep
|turn|46
|
|t:|1778511649
|move|p2a: Ippo|Rock Tomb|p1a: Skarmory
|-damage|p1a: Skarmory|55/100 brn
|-unboost|p1a: Skarmory|spe|1
|move|p1a: Skarmory|Body Press|p2a: Ippo
|-damage|p2a: Ippo|9/100
|
|-damage|p1a: Skarmory|49/100 brn|[from] brn
|upkeep
|turn|47
|
|t:|1778511653
|move|p2a: Ippo|Rock Tomb|p1a: Skarmory
|-damage|p1a: Skarmory|16/100 brn
|-unboost|p1a: Skarmory|spe|1
|move|p1a: Skarmory|Body Press|p2a: Ippo
|-damage|p2a: Ippo|0 fnt
|faint|p2a: Ippo
|
|-damage|p1a: Skarmory|10/100 brn|[from] brn
|upkeep
|
|t:|1778511659
|switch|p2a: Great Tusk|Great Tusk|48/100
|turn|48
|
|t:|1778511662
|move|p2a: Great Tusk|Rapid Spin|p1a: Skarmory
|-resisted|p1a: Skarmory
|-damage|p1a: Skarmory|7/100 brn
|-boost|p2a: Great Tusk|spe|1
|move|p1a: Skarmory|Body Press|p2a: Great Tusk
|-damage|p2a: Great Tusk|24/100
|
|-damage|p1a: Skarmory|1/100 brn|[from] brn
|upkeep
|turn|49
|
|t:|1778511667
|move|p2a: Great Tusk|Rapid Spin|p1a: Skarmory
|-resisted|p1a: Skarmory
|-damage|p1a: Skarmory|0 fnt
|-boost|p2a: Great Tusk|spe|1
|faint|p1a: Skarmory
|
|upkeep
|
|t:|1778511669
|switch|p1a: Ogerpon|Ogerpon, F|79/100
|turn|50
|
|t:|1778511673
|move|p2a: Great Tusk|Ice Spinner|p1a: Ogerpon
|-supereffective|p1a: Ogerpon
|-damage|p1a: Ogerpon|1/100
|move|p1a: Ogerpon|Ivy Cudgel|p2a: Great Tusk
|-supereffective|p2a: Great Tusk
|-crit|p2a: Great Tusk
|-damage|p2a: Great Tusk|0 fnt
|faint|p2a: Great Tusk
|-end|p2a: Great Tusk|Protosynthesis|[silent]
|
|win|inframono
|raw|inframono's rating: 1617 &rarr; <strong>1639</strong><br />(+22 for winning)
|raw|elpets's rating: 1647 &rarr; <strong>1625</strong><br />(-22 for losing)
|l|☆elpets
|player|p2|
|l|☆inframono
|player|p1|
