|html|<div class="broadcast-blue"><strong>[Gen 9] OU is currently suspecting Tera Blast! For information on how to participate check out the <a href="https://www.smogon.com/tools/suspects/view/200">suspect thread</a>.</strong></div>
|j|☆Baba Y4ga
|j|☆BuffCacture
|t:|1776061125
|gametype|singles
|player|p1|Baba Y4ga|102|1116
|player|p2|BuffCacture|2|1098
|gen|9
|tier|[Gen 9] OU
|rated|
|rule|HP Percentage Mod: HP is shown in percentages
|rule|Endless Battle Clause: Forcing endless battles is banned
|rule|Species Clause: Limit one of each Pokémon
|rule|OHKO Clause: OHKO moves are banned
|rule|Evasion Items Clause: Evasion items are banned
|rule|Evasion Moves Clause: Evasion moves are banned
|rule|Evasion Abilities Clause: Evasion abilities are banned
|rule|Sleep Moves Clause: Sleep-inducing moves are banned
|clearpoke
|poke|p1|Zoroark-Hisui, F|
|poke|p1|Ogerpon-Wellspring, F|
|poke|p1|Great Tusk|
|poke|p1|Garganacl, M|
|poke|p1|Pecharunt|
|poke|p1|Alomomola, M|
|poke|p2|Tinkaton, F|
|poke|p2|Cacturne, M|
|poke|p2|Slowbro, F|
|poke|p2|Rotom-Wash|
|poke|p2|Emboar, M|
|poke|p2|Noivern, M|
|teampreview
|inactive|Battle timer is ON: inactive players will automatically lose when time's up. (requested by Baba Y4ga)
|
|t:|1776061143
|teamsize|p1|6
|teamsize|p2|6
|start
|switch|p1a: Garganacl|Garganacl, M|100/100
|switch|p2a: Tinkaton|Tinkaton, F|100/100
|-ability|p2a: Tinkaton|Mold Breaker
|turn|1
|
|t:|1776061151
|move|p2a: Tinkaton|Gigaton Hammer|p1a: Garganacl
|-supereffective|p1a: Garganacl
|-damage|p1a: Garganacl|13/100
|move|p1a: Garganacl|Salt Cure|p2a: Tinkaton
|-resisted|p2a: Tinkaton
|-damage|p2a: Tinkaton|93/100
|-start|p2a: Tinkaton|Salt Cure
|
|-heal|p1a: Garganacl|19/100|[from] item: Leftovers
|-damage|p2a: Tinkaton|68/100|[from] Salt Cure
|upkeep
|turn|2
|
|t:|1776061163
|move|p1a: Garganacl|Protect|p1a: Garganacl
|-singleturn|p1a: Garganacl|Protect
|move|p2a: Tinkaton|Play Rough|p1a: Garganacl
|-activate|p1a: Garganacl|move: Protect
|
|-heal|p1a: Garganacl|25/100|[from] item: Leftovers
|-damage|p2a: Tinkaton|43/100|[from] Salt Cure
|upkeep
|turn|3
|
|t:|1776061173
|switch|p1a: Pecharunt|Pecharunt|100/100
|move|p2a: Tinkaton|Gigaton Hammer|p1a: Pecharunt
|-damage|p1a: Pecharunt|70/100
|
|-damage|p2a: Tinkaton|18/100|[from] Salt Cure
|upkeep
|turn|4
|
|t:|1776061184
|move|p2a: Tinkaton|Thunder Wave|p1a: Pecharunt
|-status|p1a: Pecharunt|par
|cant|p1a: Pecharunt|par
|
|-damage|p2a: Tinkaton|0 fnt|[from] Salt Cure
|faint|p2a: Tinkaton
|upkeep
|
|t:|1776061203
|switch|p2a: Slowbro|Slowbro, F, shiny|100/100
|turn|5
|
|t:|1776061216
|-terastallize|p2a: Slowbro|Steel
|cant|p1a: Pecharunt|par
|move|p2a: Slowbro|Calm Mind|p2a: Slowbro
|-boost|p2a: Slowbro|spa|1
|-boost|p2a: Slowbro|spd|1
|
|upkeep
|turn|6
|
|t:|1776061227
|move|p1a: Pecharunt|Parting Shot|p2a: Slowbro
|-unboost|p2a: Slowbro|atk|1
|-unboost|p2a: Slowbro|spa|1
|
|t:|1776061233
|switch|p1a: Ogerpon|Ogerpon-Wellspring, F|100/100|[from] Parting Shot
|move|p2a: Slowbro|Calm Mind|p2a: Slowbro
|-boost|p2a: Slowbro|spa|1
|-boost|p2a: Slowbro|spd|1
|
|upkeep
|turn|7
|
|t:|1776061245
|move|p1a: Ogerpon|Trick|p2a: Slowbro
|-activate|p1a: Ogerpon|move: Trick|[of] p2a: Slowbro
|-item|p2a: Slowbro|Choice Specs|[from] move: Trick
|-item|p1a: Ogerpon|Eviolite|[from] move: Trick
|move|p2a: Slowbro|Iron Defense|p2a: Slowbro
|-boost|p2a: Slowbro|def|2
|
|upkeep
|turn|8
|
|t:|1776061263
|switch|p2a: Noivern|Noivern, M|100/100
|move|p1a: Ogerpon|Shadow Ball|p2a: Noivern
|-damage|p2a: Noivern|55/100
|
|upkeep
|turn|9
|
|t:|1776061290
|move|p1a: Ogerpon|U-turn|p2a: Noivern
|-resisted|p2a: Noivern
|-damage|p2a: Noivern|46/100
|
|t:|1776061294
|switch|p1a: Garganacl|Garganacl, M|25/100|[from] U-turn
|move|p2a: Noivern|Boomburst|p1a: Garganacl
|-resisted|p1a: Garganacl
|-damage|p1a: Garganacl|11/100
|-enditem|p2a: Noivern|Throat Spray
|-boost|p2a: Noivern|spa|1|[from] item: Throat Spray
|
|-heal|p1a: Garganacl|17/100|[from] item: Leftovers
|upkeep
|turn|10
|
|t:|1776061306
|move|p1a: Garganacl|Protect|p1a: Garganacl
|-singleturn|p1a: Garganacl|Protect
|move|p2a: Noivern|Dragon Pulse|p1a: Garganacl
|-activate|p1a: Garganacl|move: Protect
|
|-heal|p1a: Garganacl|23/100|[from] item: Leftovers
|upkeep
|turn|11
|
|t:|1776061320
|move|p2a: Noivern|Dragon Pulse|p1a: Garganacl
|-damage|p1a: Garganacl|0 fnt
|faint|p1a: Garganacl
|
|upkeep
|
|t:|1776061328
|switch|p1a: Ogerpon|Ogerpon-Wellspring, F|100/100
|turn|12
|
|t:|1776061332
|move|p1a: Ogerpon|Shadow Ball|p2a: Noivern
|-damage|p2a: Noivern|3/100
|move|p2a: Noivern|Air Slash|p1a: Ogerpon
|-damage|p1a: Ogerpon|1/100
|replace|p1a: Zoroark|Zoroark-Hisui, F, shiny
|-end|p1a: Zoroark|Illusion
|
|upkeep
|turn|13
|
|t:|1776061345
|switch|p2a: Slowbro|Slowbro, F, shiny, tera:Steel|100/100
|move|p1a: Zoroark|U-turn|p2a: Slowbro
|-resisted|p2a: Slowbro
|-damage|p2a: Slowbro|95/100
|
|t:|1776061352
|switch|p1a: Pecharunt|Pecharunt|70/100 par|[from] U-turn
|
|upkeep
|turn|14
|
|t:|1776061356
|cant|p1a: Pecharunt|par
|move|p2a: Slowbro|Stored Power|p1a: Pecharunt
|-supereffective|p1a: Pecharunt
|-damage|p1a: Pecharunt|50/100 par
|
|upkeep
|turn|15
|
|t:|1776061363
|move|p1a: Pecharunt|Foul Play|p2a: Slowbro
|-damage|p2a: Slowbro|85/100
|move|p2a: Slowbro|Stored Power|p1a: Pecharunt
|-supereffective|p1a: Pecharunt
|-damage|p1a: Pecharunt|28/100 par
|
|upkeep
|turn|16
|
|t:|1776061370
|move|p1a: Pecharunt|Recover|p1a: Pecharunt
|-heal|p1a: Pecharunt|78/100 par
|move|p2a: Slowbro|Stored Power|p1a: Pecharunt
|-supereffective|p1a: Pecharunt
|-damage|p1a: Pecharunt|57/100 par
|
|upkeep
|turn|17
|
|t:|1776061378
|cant|p1a: Pecharunt|par
|move|p2a: Slowbro|Stored Power|p1a: Pecharunt
|-supereffective|p1a: Pecharunt
|-damage|p1a: Pecharunt|35/100 par
|
|upkeep
|turn|18
|
|t:|1776061384
|move|p1a: Pecharunt|Recover|p1a: Pecharunt
|-heal|p1a: Pecharunt|85/100 par
|move|p2a: Slowbro|Stored Power|p1a: Pecharunt
|-supereffective|p1a: Pecharunt
|-crit|p1a: Pecharunt
|-damage|p1a: Pecharunt|53/100 par
|
|upkeep
|turn|19
|
|t:|1776061391
|move|p1a: Pecharunt|Foul Play|p2a: Slowbro
|-damage|p2a: Slowbro|74/100
|move|p2a: Slowbro|Stored Power|p1a: Pecharunt
|-supereffective|p1a: Pecharunt
|-damage|p1a: Pecharunt|30/100 par
|
|upkeep
|turn|20
|
|t:|1776061399
|move|p1a: Pecharunt|Recover|p1a: Pecharunt
|-heal|p1a: Pecharunt|80/100 par
|move|p2a: Slowbro|Stored Power|p1a: Pecharunt
|-supereffective|p1a: Pecharunt
|-damage|p1a: Pecharunt|59/100 par
|
|upkeep
|turn|21
|
|t:|1776061406
|move|p1a: Pecharunt|Parting Shot|p2a: Slowbro
|-unboost|p2a: Slowbro|atk|1
|-unboost|p2a: Slowbro|spa|1
|
|t:|1776061409
|switch|p1a: Ogerpon|Ogerpon-Wellspring, F|100/100|[from] Parting Shot
|move|p2a: Slowbro|Stored Power|p1a: Ogerpon
|-damage|p1a: Ogerpon|93/100
|
|upkeep
|turn|22
|
|t:|1776061417
|switch|p2a: Noivern|Noivern, M|3/100
|move|p1a: Ogerpon|Swords Dance|p1a: Ogerpon
|-boost|p1a: Ogerpon|atk|2
|
|upkeep
|turn|23
|
|t:|1776061426
|-terastallize|p1a: Ogerpon|Water
|detailschange|p1a: Ogerpon|Ogerpon-Wellspring-Tera, F, tera:Water
|-ability|p1a: Ogerpon|Embody Aspect (Wellspring)|boost
|-boost|p1a: Ogerpon|spd|1
|move|p1a: Ogerpon|Ivy Cudgel|p2a: Noivern|[anim] Ivy Cudgel Water
|-resisted|p2a: Noivern
|-damage|p2a: Noivern|0 fnt
|faint|p2a: Noivern
|
|upkeep
|
|t:|1776061435
|switch|p2a: Cacturne|Cacturne, M|100/100
|turn|24
|
|t:|1776061448
|move|p1a: Ogerpon|Ivy Cudgel|p2a: Cacturne|[anim] Ivy Cudgel Water
|-immune|p2a: Cacturne|[from] ability: Water Absorb
|move|p2a: Cacturne|Counter||[still]
|-fail|p2a: Cacturne
|
|upkeep
|turn|25
|
|t:|1776061458
|move|p1a: Ogerpon|Horn Leech|p2a: Cacturne
|-resisted|p2a: Cacturne
|-damage|p2a: Cacturne|22/100
|-heal|p1a: Ogerpon|100/100|[from] drain|[of] p2a: Cacturne
|move|p2a: Cacturne|Seed Bomb|p1a: Ogerpon
|-supereffective|p1a: Ogerpon
|-damage|p1a: Ogerpon|0 fnt
|faint|p1a: Ogerpon
|detailschange|p1: Ogerpon|Ogerpon-Wellspring, F|[silent]
|
|upkeep
|
|t:|1776061469
|switch|p1a: Pecharunt|Pecharunt|1/100
|turn|26
|
|t:|1776061477
|move|p2a: Cacturne|Sucker Punch|p1a: Pecharunt
|-supereffective|p1a: Pecharunt
|-damage|p1a: Pecharunt|0 fnt
|replace|p1a: Zoroark|Zoroark-Hisui, F, shiny
|-end|p1a: Zoroark|Illusion
|faint|p1a: Zoroark
|
|upkeep
|
|t:|1776061484
|switch|p1a: Great Tusk|Great Tusk|100/100
|turn|27
|
|t:|1776061504
|move|p1a: Great Tusk|Close Combat|p2a: Cacturne
|-supereffective|p2a: Cacturne
|-damage|p2a: Cacturne|0 fnt
|-unboost|p1a: Great Tusk|def|1
|-unboost|p1a: Great Tusk|spd|1
|faint|p2a: Cacturne
|
|upkeep
|
|t:|1776061510
|switch|p2a: Rotom|Rotom-Wash|100/100
|turn|28
|
|t:|1776061519
|move|p1a: Great Tusk|Headlong Rush|p2a: Rotom
|-immune|p2a: Rotom|[from] ability: Levitate
|move|p2a: Rotom|Hydro Pump|p1a: Great Tusk
|-supereffective|p1a: Great Tusk
|-damage|p1a: Great Tusk|0 fnt
|faint|p1a: Great Tusk
|-end|p1a: Great Tusk|Protosynthesis|[silent]
|
|upkeep
|
|t:|1776061524
|switch|p1a: Pecharunt|Pecharunt|59/100 par
|turn|29
|
|t:|1776061530
|move|p2a: Rotom|Hydro Pump|p1a: Pecharunt
|-damage|p1a: Pecharunt|7/100 par
|cant|p1a: Pecharunt|par
|
|upkeep
|turn|30
|-message|Baba Y4ga forfeited.
|
|win|BuffCacture
|raw|Baba Y4ga's rating: 1116 &rarr; <strong>1090</strong><br />(-26 for losing)
|raw|BuffCacture's rating: 1098 &rarr; <strong>1125</strong><br />(+27 for winning)
|l|☆Baba Y4ga
|player|p1|
|l|☆BuffCacture
|player|p2|
