|html|<div class="broadcast-blue"><strong>[Gen 9] OU is currently suspecting Tera Blast! For information on how to participate check out the <a href="https://www.smogon.com/tools/suspects/view/200">suspect thread</a>.</strong></div>
|j|☆mk epsilon
|j|☆Fullmetal448
|t:|1776096966
|gametype|singles
|player|p1|mk epsilon|zinzolin|1224
|player|p2|Fullmetal448|morty|1220
|gen|9
|tier|[Gen 9] OU
|rated|
|rule|HP Percentage Mod: HP is shown in percentages
|rule|Endless Battle Clause: Forcing endless battles is banned
|rule|Species Clause: Limit one of each Pokémon
|rule|OHKO Clause: OHKO moves are banned
|rule|Evasion Items Clause: Evasion items are banned
|rule|Evasion Moves Clause: Evasion moves are banned
|rule|Evasion Abilities Clause: Evasion abilities are banned
|rule|Sleep Moves Clause: Sleep-inducing moves are banned
|clearpoke
|poke|p1|Metagross|
|poke|p1|Primarina, F|
|poke|p1|Haxorus, F|
|poke|p1|Garganacl, M|
|poke|p1|Great Tusk|
|poke|p1|Iron Moth|
|poke|p2|Quaquaval, M|
|poke|p2|Staraptor, F|
|poke|p2|Skarmory, F|
|poke|p2|Zapdos|
|poke|p2|Mandibuzz, F|
|poke|p2|Porygon2|
|teampreview
|
|t:|1776096990
|teamsize|p1|6
|teamsize|p2|6
|start
|switch|p1a: Primarina|Primarina, F|100/100
|switch|p2a: Riza|Staraptor, F, shiny|100/100
|-ability|p2a: Riza|Intimidate|boost
|-unboost|p1a: Primarina|atk|1
|turn|1
|inactive|Battle timer is ON: inactive players will automatically lose when time's up. (requested by Fullmetal448)
|
|t:|1776096998
|move|p2a: Riza|U-turn|p1a: Primarina
|-resisted|p1a: Primarina
|-damage|p1a: Primarina|87/100
|
|t:|1776097006
|switch|p2a: Zapdos|Zapdos, shiny|100/100|[from] U-turn
|move|p1a: Primarina|Draining Kiss|p2a: Zapdos
|-damage|p2a: Zapdos|83/100
|-heal|p1a: Primarina|100/100|[from] drain|[of] p2a: Zapdos
|
|upkeep
|turn|2
|
|t:|1776097021
|switch|p1a: Great Tusk|Great Tusk|100/100
|move|p2a: Zapdos|Rain Dance|p2a: Zapdos
|-weather|RainDance
|
|-weather|RainDance|[upkeep]
|upkeep
|turn|3
|
|t:|1776097031
|move|p1a: Great Tusk|Rapid Spin|p2a: Zapdos
|-damage|p2a: Zapdos|67/100
|-boost|p1a: Great Tusk|spe|1
|-status|p1a: Great Tusk|par|[from] ability: Static|[of] p2a: Zapdos
|move|p2a: Zapdos|Hurricane|p1a: Great Tusk
|-supereffective|p1a: Great Tusk
|-damage|p1a: Great Tusk|0 fnt
|faint|p1a: Great Tusk
|-end|p1a: Great Tusk|Protosynthesis|[silent]
|
|-weather|RainDance|[upkeep]
|upkeep
|
|t:|1776097042
|switch|p1a: Haxorus|Haxorus, F|100/100
|-ability|p1a: Haxorus|Mold Breaker
|turn|4
|
|t:|1776097054
|move|p1a: Haxorus|Swords Dance|p1a: Haxorus
|-boost|p1a: Haxorus|atk|2
|move|p2a: Zapdos|Volt Switch|p1a: Haxorus
|-resisted|p1a: Haxorus
|-damage|p1a: Haxorus|75/100
|
|t:|1776097062
|switch|p2a: Songbirb|Skarmory, F, shiny|100/100|[from] Volt Switch
|
|-weather|RainDance|[upkeep]
|upkeep
|turn|5
|
|t:|1776097071
|-terastallize|p1a: Haxorus|Dragon
|move|p1a: Haxorus|Scale Shot|p2a: Songbirb
|-resisted|p2a: Songbirb
|-damage|p2a: Songbirb|88/100
|-resisted|p2a: Songbirb
|-damage|p2a: Songbirb|77/100
|-resisted|p2a: Songbirb
|-damage|p2a: Songbirb|64/100
|-resisted|p2a: Songbirb
|-damage|p2a: Songbirb|52/100
|-hitcount|p2a: Songbirb|4
|-unboost|p1a: Haxorus|def|1
|-boost|p1a: Haxorus|spe|1
|move|p2a: Songbirb|Stealth Rock|p1a: Haxorus
|-sidestart|p1: mk epsilon|move: Stealth Rock
|
|-weather|RainDance|[upkeep]
|-heal|p2a: Songbirb|58/100|[from] item: Leftovers
|upkeep
|turn|6
|
|t:|1776097090
|move|p1a: Haxorus|Scale Shot|p2a: Songbirb
|-resisted|p2a: Songbirb
|-damage|p2a: Songbirb|46/100
|-resisted|p2a: Songbirb
|-damage|p2a: Songbirb|34/100
|-resisted|p2a: Songbirb
|-damage|p2a: Songbirb|21/100
|-resisted|p2a: Songbirb
|-damage|p2a: Songbirb|10/100
|-resisted|p2a: Songbirb
|-damage|p2a: Songbirb|0 fnt
|faint|p2a: Songbirb
|-hitcount|p2: Songbirb|5
|-unboost|p1a: Haxorus|def|1
|-boost|p1a: Haxorus|spe|1
|
|-weather|none
|upkeep
|inactive|Fullmetal448 has 120 seconds left.
|
|t:|1776097116
|switch|p2a: Bones|Mandibuzz, F|100/100
|turn|7
|
|t:|1776097119
|move|p1a: Haxorus|Scale Shot|p2a: Bones
|-damage|p2a: Bones|77/100
|-damage|p2a: Bones|56/100
|-damage|p2a: Bones|33/100
|-damage|p2a: Bones|10/100
|-crit|p2a: Bones
|-damage|p2a: Bones|0 fnt
|faint|p2a: Bones
|-hitcount|p2: Bones|5
|-unboost|p1a: Haxorus|def|1
|-boost|p1a: Haxorus|spe|1
|
|upkeep
|inactive|Fullmetal448 has 120 seconds left.
|
|t:|1776097136
|switch|p2a: Riza|Staraptor, F, shiny|100/100
|-ability|p2a: Riza|Intimidate|boost
|-unboost|p1a: Haxorus|atk|1
|turn|8
|inactive|Fullmetal448 has 120 seconds left.
|
|t:|1776097145
|-terastallize|p2a: Riza|Normal
|move|p2a: Riza|Quick Attack|p1a: Haxorus
|-damage|p1a: Haxorus|0 fnt
|faint|p1a: Haxorus
|
|upkeep
|
|t:|1776097154
|switch|p1a: Garganacl|Garganacl, M|100/100
|-damage|p1a: Garganacl|88/100|[from] Stealth Rock
|turn|9
|inactive|Fullmetal448 has 120 seconds left.
|
|t:|1776097172
|switch|p2a: Dunckan|Porygon2, shiny|100/100
|-ability|p2a: Dunckan|Download|boost
|-boost|p2a: Dunckan|atk|1
|move|p1a: Garganacl|Iron Defense|p1a: Garganacl
|-boost|p1a: Garganacl|def|2
|
|-heal|p1a: Garganacl|94/100|[from] item: Leftovers
|upkeep
|turn|10
|inactive|Fullmetal448 has 120 seconds left.
|
|t:|1776097183
|move|p2a: Dunckan|Thunder Wave|p1a: Garganacl
|-immune|p1a: Garganacl|[from] ability: Purifying Salt
|move|p1a: Garganacl|Salt Cure|p2a: Dunckan
|-damage|p2a: Dunckan|90/100
|-start|p2a: Dunckan|Salt Cure
|
|-heal|p1a: Garganacl|100/100|[from] item: Leftovers
|-damage|p2a: Dunckan|78/100|[from] Salt Cure
|upkeep
|turn|11
|inactive|Fullmetal448 has 120 seconds left.
|
|t:|1776097196
|move|p2a: Dunckan|Tri Attack|p1a: Garganacl
|-resisted|p1a: Garganacl
|-damage|p1a: Garganacl|92/100
|move|p1a: Garganacl|Iron Defense|p1a: Garganacl
|-boost|p1a: Garganacl|def|2
|
|-heal|p1a: Garganacl|98/100|[from] item: Leftovers
|-damage|p2a: Dunckan|65/100|[from] Salt Cure
|upkeep
|turn|12
|inactive|Fullmetal448 has 120 seconds left.
|
|t:|1776097210
|move|p2a: Dunckan|Tri Attack|p1a: Garganacl
|-resisted|p1a: Garganacl
|-damage|p1a: Garganacl|89/100
|move|p1a: Garganacl|Iron Defense|p1a: Garganacl
|-boost|p1a: Garganacl|def|2
|
|-heal|p1a: Garganacl|95/100|[from] item: Leftovers
|-damage|p2a: Dunckan|53/100|[from] Salt Cure
|upkeep
|turn|13
|inactive|Fullmetal448 has 120 seconds left.
|inactive|mk epsilon has 120 seconds left.
|
|t:|1776097267
|move|p2a: Dunckan|Tri Attack|p1a: Garganacl
|-resisted|p1a: Garganacl
|-damage|p1a: Garganacl|85/100
|move|p1a: Garganacl|Body Press|p2a: Dunckan
|-supereffective|p2a: Dunckan
|-damage|p2a: Dunckan|0 fnt
|faint|p2a: Dunckan
|
|-heal|p1a: Garganacl|92/100|[from] item: Leftovers
|upkeep
|
|t:|1776097294
|switch|p2a: Zapdos|Zapdos, shiny|67/100
|turn|14
|inactive|mk epsilon has 90 seconds left.
|inactive|mk epsilon has 60 seconds left.
|
|t:|1776097353
|move|p2a: Zapdos|Rain Dance|p2a: Zapdos
|-weather|RainDance
|move|p1a: Garganacl|Salt Cure|p2a: Zapdos
|-supereffective|p2a: Zapdos
|-damage|p2a: Zapdos|36/100
|-start|p2a: Zapdos|Salt Cure
|-enditem|p2a: Zapdos|Sitrus Berry|[eat]
|-heal|p2a: Zapdos|61/100|[from] item: Sitrus Berry
|
|-weather|RainDance|[upkeep]
|-heal|p1a: Garganacl|98/100|[from] item: Leftovers
|-damage|p2a: Zapdos|49/100|[from] Salt Cure
|upkeep
|turn|15
|
|t:|1776097366
|move|p2a: Zapdos|Hurricane|p1a: Garganacl
|-resisted|p1a: Garganacl
|-damage|p1a: Garganacl|81/100
|move|p1a: Garganacl|Recover|p1a: Garganacl
|-heal|p1a: Garganacl|100/100
|
|-weather|RainDance|[upkeep]
|-damage|p2a: Zapdos|36/100|[from] Salt Cure
|upkeep
|turn|16
|inactive|mk epsilon has 60 seconds left.
|
|t:|1776097382
|move|p2a: Zapdos|Hurricane|p1a: Garganacl
|-resisted|p1a: Garganacl
|-damage|p1a: Garganacl|81/100
|move|p1a: Garganacl|Body Press|p2a: Zapdos
|-resisted|p2a: Zapdos
|-damage|p2a: Zapdos|0 fnt
|faint|p2a: Zapdos
|
|-weather|RainDance|[upkeep]
|-heal|p1a: Garganacl|87/100|[from] item: Leftovers
|upkeep
|
|t:|1776097394
|switch|p2a: Meringue|Quaquaval, M, shiny|100/100
|turn|17
|
|t:|1776097400
|move|p2a: Meringue|Aqua Step|p1a: Garganacl
|-supereffective|p1a: Garganacl
|-damage|p1a: Garganacl|64/100
|-boost|p2a: Meringue|spe|1
|move|p1a: Garganacl|Body Press|p2a: Meringue
|-damage|p2a: Meringue|0 fnt
|faint|p2a: Meringue
|
|-weather|RainDance|[upkeep]
|-heal|p1a: Garganacl|70/100|[from] item: Leftovers
|upkeep
|
|t:|1776097411
|switch|p2a: Riza|Staraptor, F, shiny, tera:Normal|100/100
|-ability|p2a: Riza|Intimidate|boost
|-unboost|p1a: Garganacl|atk|1
|turn|18
|c|☆mk epsilon|give up buddy
|
|t:|1776097416
|move|p2a: Riza|Close Combat|p1a: Garganacl
|-supereffective|p1a: Garganacl
|-damage|p1a: Garganacl|50/100
|-unboost|p2a: Riza|def|1
|-unboost|p2a: Riza|spd|1
|move|p1a: Garganacl|Body Press|p2a: Riza
|-supereffective|p2a: Riza
|-damage|p2a: Riza|0 fnt
|faint|p2a: Riza
|
|win|mk epsilon
|raw|mk epsilon's rating: 1224 &rarr; <strong>1249</strong><br />(+25 for winning)
|raw|Fullmetal448's rating: 1220 &rarr; <strong>1195</strong><br />(-25 for losing)
|l|☆Fullmetal448
|player|p2|
|l|☆mk epsilon
|player|p1|
