|html|<div class="broadcast-blue"><strong>[Gen 9] OU is currently suspecting Tera Blast! For information on how to participate check out the <a href="https://www.smogon.com/tools/suspects/view/200">suspect thread</a>.</strong></div>
|j|‽pzzatime
|j|☆Dat boii fam
|t:|1776169558
|gametype|singles
|player|p1|pzzatime|102|1471
|player|p2|Dat boii fam|li|1511
|gen|9
|tier|[Gen 9] OU
|rated|
|rule|HP Percentage Mod: HP is shown in percentages
|rule|Endless Battle Clause: Forcing endless battles is banned
|rule|Species Clause: Limit one of each Pokémon
|rule|OHKO Clause: OHKO moves are banned
|rule|Evasion Items Clause: Evasion items are banned
|rule|Evasion Moves Clause: Evasion moves are banned
|rule|Evasion Abilities Clause: Evasion abilities are banned
|rule|Sleep Moves Clause: Sleep-inducing moves are banned
|clearpoke
|poke|p1|Tinkaton, F|
|poke|p1|Great Tusk|
|poke|p1|Pecharunt|
|poke|p1|Alomomola, M|
|poke|p1|Hydreigon, M|
|poke|p1|Meowscarada, F|
|poke|p2|Alomomola, M|
|poke|p2|Landorus-Therian, M|
|poke|p2|Zapdos|
|poke|p2|Tornadus-Therian, M|
|poke|p2|Scizor, F|
|poke|p2|Amoonguss, M|
|teampreview
|
|t:|1776169583
|teamsize|p1|6
|teamsize|p2|6
|start
|switch|p1a: Pecharunt|Pecharunt|100/100
|switch|p2a: Landorus|Landorus-Therian, M|100/100
|-ability|p2a: Landorus|Intimidate|boost
|-unboost|p1a: Pecharunt|atk|1
|turn|1
|inactive|Battle timer is ON: inactive players will automatically lose when time's up. (requested by Dat boii fam)
|
|t:|1776169589
|switch|p1a: Alomomola|Alomomola, M, shiny|100/100
|move|p2a: Landorus|U-turn|p1a: Alomomola
|-damage|p1a: Alomomola|78/100
|
|t:|1776169596
|switch|p2a: Amoonguss|Amoonguss, M|100/100|[from] U-turn
|
|upkeep
|turn|2
|
|t:|1776169599
|move|p1a: Alomomola|Flip Turn|p2a: Amoonguss
|-resisted|p2a: Amoonguss
|-damage|p2a: Amoonguss|95/100
|-damage|p1a: Alomomola|61/100|[from] item: Rocky Helmet|[of] p2a: Amoonguss
|
|t:|1776169601
|switch|p1a: Pecharunt|Pecharunt|100/100|[from] Flip Turn
|move|p2a: Amoonguss|Stun Spore|p1a: Pecharunt
|-status|p1a: Pecharunt|par
|
|upkeep
|turn|3
|
|t:|1776169608
|switch|p2a: Scizor|Scizor, F|100/100
|move|p1a: Pecharunt|Shadow Ball|p2a: Scizor
|-damage|p2a: Scizor|80/100
|
|upkeep
|turn|4
|
|t:|1776169614
|move|p2a: Scizor|Knock Off|p1a: Pecharunt
|-supereffective|p1a: Pecharunt
|-damage|p1a: Pecharunt|73/100 par
|-damage|p2a: Scizor|63/100|[from] item: Rocky Helmet|[of] p1a: Pecharunt
|-enditem|p1a: Pecharunt|Rocky Helmet|[from] move: Knock Off|[of] p2a: Scizor
|move|p1a: Pecharunt|Parting Shot|p2a: Scizor
|-unboost|p2a: Scizor|atk|1
|-unboost|p2a: Scizor|spa|1
|
|t:|1776169631
|switch|p1a: Great Tusk|Great Tusk, shiny|100/100|[from] Parting Shot
|
|upkeep
|turn|5
|
|t:|1776169642
|switch|p2a: Alomomola|Alomomola, M|100/100
|move|p1a: Great Tusk|Close Combat|p2a: Alomomola
|-damage|p2a: Alomomola|57/100
|-unboost|p1a: Great Tusk|def|1
|-unboost|p1a: Great Tusk|spd|1
|-damage|p1a: Great Tusk|91/100|[from] item: Life Orb
|
|upkeep
|turn|6
|
|t:|1776169653
|move|p1a: Great Tusk|Bulk Up|p1a: Great Tusk
|-boost|p1a: Great Tusk|atk|1
|-boost|p1a: Great Tusk|def|1
|move|p2a: Alomomola|Flip Turn|p1a: Great Tusk
|-supereffective|p1a: Great Tusk
|-damage|p1a: Great Tusk|67/100
|
|t:|1776169666
|switch|p2a: Tornadus|Tornadus-Therian, M|100/100|[from] Flip Turn
|
|upkeep
|turn|7
|
|t:|1776169671
|move|p2a: Tornadus|Bleakwind Storm|p1a: Great Tusk
|-supereffective|p1a: Great Tusk
|-damage|p1a: Great Tusk|0 fnt
|faint|p1a: Great Tusk
|-end|p1a: Great Tusk|Protosynthesis|[silent]
|
|upkeep
|
|t:|1776169675
|switch|p1a: Tinkaton|Tinkaton, F, shiny|100/100
|-ability|p1a: Tinkaton|Mold Breaker
|-item|p1a: Tinkaton|Air Balloon
|turn|8
|
|t:|1776169683
|switch|p2a: Alomomola|Alomomola, M|91/100
|move|p1a: Tinkaton|Stealth Rock|p2a: Alomomola
|-sidestart|p2: Dat boii fam|move: Stealth Rock
|
|upkeep
|turn|9
|
|t:|1776169687
|move|p1a: Tinkaton|Thunder Wave|p2a: Alomomola
|-status|p2a: Alomomola|par
|move|p2a: Alomomola|Flip Turn|p1a: Tinkaton
|-damage|p1a: Tinkaton|79/100
|-enditem|p1a: Tinkaton|Air Balloon
|
|t:|1776169694
|switch|p2a: Landorus|Landorus-Therian, M|100/100|[from] Flip Turn
|-damage|p2a: Landorus|88/100|[from] Stealth Rock
|-ability|p2a: Landorus|Intimidate|boost
|-unboost|p1a: Tinkaton|atk|1
|
|upkeep
|turn|10
|
|t:|1776169699
|move|p2a: Landorus|U-turn|p1a: Tinkaton
|-resisted|p1a: Tinkaton
|-damage|p1a: Tinkaton|70/100
|
|t:|1776169702
|switch|p2a: Alomomola|Alomomola, M|100/100 par|[from] U-turn
|move|p1a: Tinkaton|Gigaton Hammer|p2a: Alomomola
|-resisted|p2a: Alomomola
|-damage|p2a: Alomomola|88/100 par
|
|upkeep
|turn|11
|
|t:|1776169708
|switch|p1a: Meowscarada|Meowscarada, F|100/100
|cant|p2a: Alomomola|par
|
|upkeep
|turn|12
|
|t:|1776169714
|move|p2a: Alomomola|Protect|p2a: Alomomola
|-singleturn|p2a: Alomomola|Protect
|move|p1a: Meowscarada|Knock Off|p2a: Alomomola
|-activate|p2a: Alomomola|move: Protect
|
|upkeep
|turn|13
|
|t:|1776169732
|move|p1a: Meowscarada|Knock Off|p2a: Alomomola
|-damage|p2a: Alomomola|61/100 par
|-enditem|p2a: Alomomola|Heavy-Duty Boots|[from] move: Knock Off|[of] p1a: Meowscarada
|move|p2a: Alomomola|Flip Turn|p1a: Meowscarada
|-resisted|p1a: Meowscarada
|-damage|p1a: Meowscarada|89/100
|
|t:|1776169738
|switch|p2a: Scizor|Scizor, F|63/100|[from] Flip Turn
|
|upkeep
|turn|14
|
|t:|1776169742
|switch|p1a: Pecharunt|Pecharunt|73/100 par
|move|p2a: Scizor|Defog|p1a: Pecharunt
|-unboost|p1a: Pecharunt|evasion|1
|-sideend|p2: Dat boii fam|Stealth Rock|[from] move: Defog|[of] p2a: Scizor
|
|upkeep
|turn|15
|
|t:|1776169750
|move|p2a: Scizor|U-turn|p1a: Pecharunt
|-resisted|p1a: Pecharunt
|-damage|p1a: Pecharunt|69/100 par
|
|t:|1776169756
|switch|p2a: Landorus|Landorus-Therian, M|88/100|[from] U-turn
|-ability|p2a: Landorus|Intimidate|boost
|-unboost|p1a: Pecharunt|atk|1
|cant|p1a: Pecharunt|par
|
|upkeep
|turn|16
|
|t:|1776169762
|switch|p1a: Alomomola|Alomomola, M, shiny|94/100
|move|p2a: Landorus|Earthquake|p1a: Alomomola
|-crit|p1a: Alomomola
|-damage|p1a: Alomomola|22/100
|
|upkeep
|turn|17
|
|t:|1776169776
|switch|p1a: Meowscarada|Meowscarada, F|89/100
|move|p2a: Landorus|Earthquake|p1a: Meowscarada
|-resisted|p1a: Meowscarada
|-damage|p1a: Meowscarada|41/100
|
|upkeep
|turn|18
|
|t:|1776169783
|move|p1a: Meowscarada|Knock Off|p2a: Landorus
|-damage|p2a: Landorus|34/100
|-enditem|p2a: Landorus|Choice Scarf|[from] move: Knock Off|[of] p1a: Meowscarada
|move|p2a: Landorus|Earthquake|p1a: Meowscarada
|-resisted|p1a: Meowscarada
|-damage|p1a: Meowscarada|0 fnt
|faint|p1a: Meowscarada
|
|upkeep
|
|t:|1776169788
|switch|p1a: Tinkaton|Tinkaton, F, shiny|70/100
|-ability|p1a: Tinkaton|Mold Breaker
|turn|19
|
|t:|1776169794
|switch|p2a: Alomomola|Alomomola, M|94/100 par
|move|p1a: Tinkaton|Stealth Rock|p2a: Alomomola
|-sidestart|p2: Dat boii fam|move: Stealth Rock
|
|upkeep
|turn|20
|
|t:|1776169800
|switch|p1a: Hydreigon|Hydreigon, M, shiny|100/100
|move|p2a: Alomomola|Wish|p2a: Alomomola
|
|upkeep
|turn|21
|
|t:|1776169807
|switch|p2a: Scizor|Scizor, F|63/100
|move|p1a: Hydreigon|Nasty Plot|p1a: Hydreigon
|-boost|p1a: Hydreigon|spa|2
|
|-heal|p2a: Scizor|100/100|[from] move: Wish|[wisher] Alomomola
|upkeep
|turn|22
|
|t:|1776169818
|-terastallize|p2a: Scizor|Water
|move|p1a: Hydreigon|Dark Pulse|p2a: Scizor
|-damage|p2a: Scizor|24/100
|cant|p2a: Scizor|flinch
|
|upkeep
|turn|23
|
|t:|1776169824
|move|p2a: Scizor|Bullet Punch|p1a: Hydreigon
|-damage|p1a: Hydreigon|67/100
|move|p1a: Hydreigon|Dark Pulse|p2a: Scizor
|-damage|p2a: Scizor|0 fnt
|faint|p2a: Scizor
|
|-heal|p1a: Hydreigon|73/100|[from] item: Leftovers
|upkeep
|
|t:|1776169837
|switch|p2a: Tornadus|Tornadus-Therian, M|100/100
|turn|24
|
|t:|1776169852
|move|p2a: Tornadus|Bleakwind Storm|p1a: Hydreigon
|-damage|p1a: Hydreigon|24/100
|move|p1a: Hydreigon|Dark Pulse|p2a: Tornadus
|-damage|p2a: Tornadus|11/100
|
|-heal|p1a: Hydreigon|30/100|[from] item: Leftovers
|upkeep
|turn|25
|
|t:|1776169859
|switch|p1a: Alomomola|Alomomola, M, shiny|55/100
|move|p2a: Tornadus|Bleakwind Storm|p1a: Alomomola
|-damage|p1a: Alomomola|35/100
|
|upkeep
|turn|26
|
|t:|1776169867
|switch|p2a: Amoonguss|Amoonguss, M|100/100
|-damage|p2a: Amoonguss|88/100|[from] Stealth Rock
|move|p1a: Alomomola|Aqua Jet|p2a: Amoonguss
|-resisted|p2a: Amoonguss
|-damage|p2a: Amoonguss|84/100
|-damage|p1a: Alomomola|18/100|[from] item: Rocky Helmet|[of] p2a: Amoonguss
|
|upkeep
|turn|27
|
|t:|1776169875
|switch|p1a: Pecharunt|Pecharunt|69/100 par
|move|p2a: Amoonguss|Giga Drain|p1a: Pecharunt
|-resisted|p1a: Pecharunt
|-damage|p1a: Pecharunt|57/100 par
|-heal|p2a: Amoonguss|89/100|[from] drain|[of] p1a: Pecharunt
|
|upkeep
|turn|28
|
|t:|1776169884
|switch|p2a: Alomomola|Alomomola, M|100/100 par
|-damage|p2a: Alomomola|88/100 par|[from] Stealth Rock
|move|p1a: Pecharunt|Recover|p1a: Pecharunt
|-heal|p1a: Pecharunt|100/100 par
|
|upkeep
|turn|29
|
|t:|1776169892
|switch|p1a: Alomomola|Alomomola, M, shiny|51/100
|cant|p2a: Alomomola|par
|
|upkeep
|turn|30
|
|t:|1776169896
|move|p1a: Alomomola|Flip Turn|p2a: Alomomola
|-resisted|p2a: Alomomola
|-damage|p2a: Alomomola|83/100 par
|
|t:|1776169899
|switch|p1a: Tinkaton|Tinkaton, F, shiny|70/100|[from] Flip Turn
|-ability|p1a: Tinkaton|Mold Breaker
|move|p2a: Alomomola|Wish|p2a: Alomomola
|
|upkeep
|turn|31
|
|t:|1776169905
|move|p1a: Tinkaton|Encore|p2a: Alomomola
|-start|p2a: Alomomola|Encore
|move|p2a: Alomomola|Wish||[still]
|-fail|p2a: Alomomola
|
|-heal|p2a: Alomomola|100/100 par|[from] move: Wish|[wisher] Alomomola
|upkeep
|turn|32
|
|t:|1776169917
|switch|p1a: Hydreigon|Hydreigon, M, shiny|30/100
|switch|p2a: Zapdos|Zapdos|100/100
|
|-heal|p1a: Hydreigon|36/100|[from] item: Leftovers
|upkeep
|turn|33
|
|t:|1776169923
|switch|p1a: Alomomola|Alomomola, M, shiny|85/100
|move|p2a: Zapdos|Hurricane|p1a: Alomomola|[miss]
|-miss|p2a: Zapdos|p1a: Alomomola
|
|upkeep
|turn|34
|
|t:|1776169937
|switch|p2a: Tornadus|Tornadus-Therian, M|44/100
|move|p1a: Alomomola|Mirror Coat||[still]
|-fail|p1a: Alomomola
|
|upkeep
|turn|35
|
|t:|1776169942
|switch|p2a: Amoonguss|Amoonguss, M|100/100
|-damage|p2a: Amoonguss|88/100|[from] Stealth Rock
|move|p1a: Alomomola|Flip Turn|p2a: Amoonguss
|-resisted|p2a: Amoonguss
|-damage|p2a: Amoonguss|82/100
|-damage|p1a: Alomomola|68/100|[from] item: Rocky Helmet|[of] p2a: Amoonguss
|
|t:|1776169951
|switch|p1a: Hydreigon|Hydreigon, M, shiny|36/100|[from] Flip Turn
|
|-heal|p1a: Hydreigon|43/100|[from] item: Leftovers
|upkeep
|turn|36
|
|t:|1776169971
|switch|p1a: Pecharunt|Pecharunt|100/100 par
|move|p2a: Amoonguss|Sludge Bomb|p1a: Pecharunt
|-resisted|p1a: Pecharunt
|-damage|p1a: Pecharunt|93/100 par
|
|upkeep
|turn|37
|
|t:|1776169977
|switch|p2a: Alomomola|Alomomola, M|100/100 par
|-damage|p2a: Alomomola|88/100 par|[from] Stealth Rock
|move|p1a: Pecharunt|Shadow Ball|p2a: Alomomola
|-damage|p2a: Alomomola|62/100 par
|
|upkeep
|turn|38
|
|t:|1776169983
|move|p1a: Pecharunt|Malignant Chain|p2a: Alomomola
|-damage|p2a: Alomomola|29/100 par
|cant|p2a: Alomomola|par
|
|upkeep
|turn|39
|
|t:|1776169989
|switch|p2a: Amoonguss|Amoonguss, M|100/100
|-damage|p2a: Amoonguss|88/100|[from] Stealth Rock
|move|p1a: Pecharunt|Shadow Ball|p2a: Amoonguss
|-damage|p2a: Amoonguss|65/100
|
|upkeep
|turn|40
|
|t:|1776169999
|move|p1a: Pecharunt|Shadow Ball|p2a: Amoonguss
|-damage|p2a: Amoonguss|44/100
|move|p2a: Amoonguss|Giga Drain|p1a: Pecharunt
|-resisted|p1a: Pecharunt
|-damage|p1a: Pecharunt|81/100 par
|-heal|p2a: Amoonguss|49/100|[from] drain|[of] p1a: Pecharunt
|
|upkeep
|turn|41
|
|t:|1776170007
|switch|p2a: Tornadus|Tornadus-Therian, M|78/100
|cant|p1a: Pecharunt|par
|
|upkeep
|turn|42
|
|t:|1776170012
|move|p2a: Tornadus|Dark Pulse|p1a: Pecharunt
|-supereffective|p1a: Pecharunt
|-damage|p1a: Pecharunt|34/100 par
|move|p1a: Pecharunt|Malignant Chain|p2a: Tornadus
|-damage|p2a: Tornadus|39/100
|-status|p2a: Tornadus|tox
|-start|p2a: Tornadus|confusion|[from] ability: Poison Puppeteer|[of] p1a: Pecharunt
|
|-damage|p2a: Tornadus|33/100 tox|[from] psn
|upkeep
|turn|43
|
|t:|1776170023
|switch|p1a: Alomomola|Alomomola, M, shiny|100/100
|-activate|p2a: Tornadus|confusion
|move|p2a: Tornadus|Bleakwind Storm|p1a: Alomomola
|-damage|p1a: Alomomola|77/100
|
|-damage|p2a: Tornadus|21/100 tox|[from] psn
|upkeep
|turn|44
|
|t:|1776170030
|switch|p2a: Amoonguss|Amoonguss, M|83/100
|-damage|p2a: Amoonguss|70/100|[from] Stealth Rock
|move|p1a: Alomomola|Flip Turn|p2a: Amoonguss
|-resisted|p2a: Amoonguss
|-damage|p2a: Amoonguss|63/100
|-damage|p1a: Alomomola|60/100|[from] item: Rocky Helmet|[of] p2a: Amoonguss
|
|t:|1776170033
|switch|p1a: Pecharunt|Pecharunt|34/100 par|[from] Flip Turn
|
|upkeep
|turn|45
|
|t:|1776170040
|switch|p2a: Landorus|Landorus-Therian, M|34/100
|-damage|p2a: Landorus|21/100|[from] Stealth Rock
|-ability|p2a: Landorus|Intimidate|boost
|-unboost|p1a: Pecharunt|atk|1
|move|p1a: Pecharunt|Recover|p1a: Pecharunt
|-heal|p1a: Pecharunt|84/100 par
|
|upkeep
|turn|46
|
|t:|1776170048
|switch|p1a: Alomomola|Alomomola, M, shiny|93/100
|move|p2a: Landorus|Earthquake|p1a: Alomomola
|-damage|p1a: Alomomola|47/100
|
|upkeep
|turn|47
|
|t:|1776170054
|move|p1a: Alomomola|Aqua Jet|p2a: Landorus
|-supereffective|p2a: Landorus
|-damage|p2a: Landorus|0 fnt
|faint|p2a: Landorus
|
|upkeep
|
|t:|1776170059
|switch|p2a: Zapdos|Zapdos|100/100
|turn|48
|
|t:|1776170073
|switch|p1a: Tinkaton|Tinkaton, F, shiny|70/100
|-ability|p1a: Tinkaton|Mold Breaker
|move|p2a: Zapdos|Discharge|p1a: Tinkaton
|-damage|p1a: Tinkaton|25/100
|
|upkeep
|turn|49
|
|t:|1776170083
|move|p1a: Tinkaton|Encore|p2a: Zapdos
|-start|p2a: Zapdos|Encore
|move|p2a: Zapdos|Discharge|p1a: Tinkaton
|-damage|p1a: Tinkaton|0 fnt
|faint|p1a: Tinkaton
|
|upkeep
|
|t:|1776170087
|switch|p1a: Alomomola|Alomomola, M, shiny|80/100
|turn|50
|
|t:|1776170095
|switch|p2a: Alomomola|Alomomola, M|62/100 par
|-damage|p2a: Alomomola|50/100 par|[from] Stealth Rock
|move|p1a: Alomomola|Flip Turn|p2a: Alomomola
|-resisted|p2a: Alomomola
|-damage|p2a: Alomomola|45/100 par
|
|t:|1776170098
|switch|p1a: Hydreigon|Hydreigon, M, shiny|43/100|[from] Flip Turn
|
|-heal|p1a: Hydreigon|49/100|[from] item: Leftovers
|upkeep
|turn|51
|
|t:|1776170111
|move|p1a: Hydreigon|Dark Pulse|p2a: Alomomola
|-damage|p2a: Alomomola|5/100 par
|cant|p2a: Alomomola|par
|
|-heal|p1a: Hydreigon|55/100|[from] item: Leftovers
|upkeep
|turn|52
|
|t:|1776170137
|move|p1a: Hydreigon|Nasty Plot|p1a: Hydreigon
|-boost|p1a: Hydreigon|spa|2
|cant|p2a: Alomomola|par
|
|-heal|p1a: Hydreigon|61/100|[from] item: Leftovers
|upkeep
|turn|53
|inactive|pzzatime has 120 seconds left.
|
|t:|1776170164
|move|p1a: Hydreigon|Dark Pulse|p2a: Alomomola
|-damage|p2a: Alomomola|0 fnt
|faint|p2a: Alomomola
|
|-heal|p1a: Hydreigon|67/100|[from] item: Leftovers
|upkeep
|
|t:|1776170169
|switch|p2a: Tornadus|Tornadus-Therian, M|54/100 tox
|turn|54
|
|t:|1776170173
|move|p2a: Tornadus|Bleakwind Storm|p1a: Hydreigon
|-damage|p1a: Hydreigon|16/100
|move|p1a: Hydreigon|Dark Pulse|p2a: Tornadus
|-damage|p2a: Tornadus|0 fnt
|faint|p2a: Tornadus
|
|-heal|p1a: Hydreigon|22/100|[from] item: Leftovers
|upkeep
|
|t:|1776170180
|switch|p2a: Zapdos|Zapdos|100/100
|turn|55
|
|t:|1776170184
|move|p1a: Hydreigon|Dark Pulse|p2a: Zapdos
|-damage|p2a: Zapdos|28/100
|move|p2a: Zapdos|Discharge|p1a: Hydreigon
|-resisted|p1a: Hydreigon
|-damage|p1a: Hydreigon|0 fnt
|faint|p1a: Hydreigon
|
|upkeep
|
|t:|1776170190
|switch|p1a: Pecharunt|Pecharunt|84/100 par
|turn|56
|
|t:|1776170195
|move|p2a: Zapdos|Roost|p2a: Zapdos
|-heal|p2a: Zapdos|78/100
|-singleturn|p2a: Zapdos|move: Roost
|move|p1a: Pecharunt|Malignant Chain|p2a: Zapdos
|-damage|p2a: Zapdos|50/100
|
|upkeep
|turn|57
|
|t:|1776170203
|switch|p1a: Alomomola|Alomomola, M, shiny|100/100
|move|p2a: Zapdos|Hurricane|p1a: Alomomola
|-damage|p1a: Alomomola|74/100
|-start|p1a: Alomomola|confusion
|
|upkeep
|turn|58
|
|t:|1776170209
|move|p2a: Zapdos|Roost|p2a: Zapdos
|-heal|p2a: Zapdos|99/100
|-singleturn|p2a: Zapdos|move: Roost
|-activate|p1a: Alomomola|confusion
|move|p1a: Alomomola|Mirror Coat||[still]
|-fail|p1a: Alomomola
|
|upkeep
|turn|59
|
|t:|1776170217
|move|p2a: Zapdos|Discharge|p1a: Alomomola
|-supereffective|p1a: Alomomola
|-damage|p1a: Alomomola|35/100
|-end|p1a: Alomomola|confusion
|move|p1a: Alomomola|Mirror Coat|p2a: Zapdos
|-damage|p2a: Zapdos|0 fnt
|faint|p2a: Zapdos
|
|upkeep
|-message|Dat boii fam forfeited.
|
|win|pzzatime
|raw|pzzatime's rating: 1471 &rarr; <strong>1493</strong><br />(+22 for winning)
|raw|Dat boii fam's rating: 1511 &rarr; <strong>1489</strong><br />(-22 for losing)
|l|☆Dat boii fam
|player|p2|
