|html|<div class="broadcast-blue"><strong>[Gen 9] OU is currently suspecting Tera Blast! For information on how to participate check out the <a href="https://www.smogon.com/tools/suspects/view/200">suspect thread</a>.</strong></div>
|j|☆DonovanIsNotHere
|j|☆EDS_Swag
|t:|1776132625
|gametype|singles
|player|p1|DonovanIsNotHere|1|1563
|player|p2|EDS_Swag|101|1480
|gen|9
|tier|[Gen 9] OU
|rated|
|rule|HP Percentage Mod: HP is shown in percentages
|rule|Endless Battle Clause: Forcing endless battles is banned
|rule|Species Clause: Limit one of each Pokémon
|rule|OHKO Clause: OHKO moves are banned
|rule|Evasion Items Clause: Evasion items are banned
|rule|Evasion Moves Clause: Evasion moves are banned
|rule|Evasion Abilities Clause: Evasion abilities are banned
|rule|Sleep Moves Clause: Sleep-inducing moves are banned
|clearpoke
|poke|p1|Venusaur, M|
|poke|p1|Magnezone|
|poke|p1|Moltres|
|poke|p1|Ogerpon-Wellspring, F|
|poke|p1|Clefable, M|
|poke|p1|Pecharunt|
|poke|p2|Meowscarada, F|
|poke|p2|Hatterene, F|
|poke|p2|Zapdos|
|poke|p2|Great Tusk|
|poke|p2|Heatran, M|
|poke|p2|Dragonite, M|
|teampreview
|
|t:|1776132631
|teamsize|p1|6
|teamsize|p2|6
|start
|switch|p1a: Clefable|Clefable, M|100/100
|switch|p2a: Meowscarada|Meowscarada, F, shiny|100/100
|turn|1
|inactive|Battle timer is ON: inactive players will automatically lose when time's up. (requested by EDS_Swag)
|
|t:|1776132634
|switch|p1a: Dog Trap|Moltres|100/100
|move|p2a: Meowscarada|U-turn|p1a: Dog Trap
|-start|p2a: Meowscarada|typechange|Bug|[from] ability: Protean
|-resisted|p1a: Dog Trap
|-damage|p1a: Dog Trap|92/100
|-status|p2a: Meowscarada|brn|[from] ability: Flame Body|[of] p1a: Dog Trap
|
|t:|1776132639
|switch|p2a: Hatterene|Hatterene, F|100/100|[from] U-turn
|
|upkeep
|turn|2
|
|t:|1776132656
|move|p1a: Dog Trap|U-turn|p2a: Hatterene
|-damage|p2a: Hatterene|89/100
|
|t:|1776132657
|switch|p1a: Bird Trap|Magnezone|100/100|[from] U-turn
|move|p2a: Hatterene|Healing Wish|p2a: Hatterene
|faint|p2a: Hatterene
|
|upkeep
|
|t:|1776132662
|switch|p2a: Heatran|Heatran, M|100/100
|-item|p2a: Heatran|Air Balloon
|turn|3
|
|t:|1776132671
|move|p1a: Bird Trap|Volt Switch|p2a: Heatran
|-damage|p2a: Heatran|65/100
|-enditem|p2a: Heatran|Air Balloon
|
|t:|1776132674
|switch|p1a: Ogerpon|Ogerpon-Wellspring, F|100/100|[from] Volt Switch
|move|p2a: Heatran|Stealth Rock|p1a: Ogerpon
|-sidestart|p1: DonovanIsNotHere|move: Stealth Rock
|
|upkeep
|turn|4
|
|t:|1776132683
|switch|p2a: Zapdos|Zapdos|100/100
|move|p1a: Ogerpon|U-turn|p2a: Zapdos
|-resisted|p2a: Zapdos
|-damage|p2a: Zapdos|90/100
|
|t:|1776132686
|switch|p1a: Bird Trap|Magnezone|100/100|[from] U-turn
|-damage|p1a: Bird Trap|94/100|[from] Stealth Rock
|
|upkeep
|turn|5
|
|t:|1776132690
|move|p2a: Zapdos|Heat Wave|p1a: Bird Trap
|-supereffective|p1a: Bird Trap
|-damage|p1a: Bird Trap|18/100
|move|p1a: Bird Trap|Flash Cannon|p2a: Zapdos
|-resisted|p2a: Zapdos
|-damage|p2a: Zapdos|59/100
|
|upkeep
|turn|6
|
|t:|1776132697
|switch|p1a: Clefable|Clefable, M|100/100
|move|p2a: Zapdos|Roost|p2a: Zapdos
|-heal|p2a: Zapdos|100/100
|-singleturn|p2a: Zapdos|move: Roost
|
|upkeep
|turn|7
|
|t:|1776132701
|move|p2a: Zapdos|U-turn|p1a: Clefable
|-resisted|p1a: Clefable
|-damage|p1a: Clefable|93/100
|
|t:|1776132705
|switch|p2a: Meowscarada|Meowscarada, F, shiny|100/100 brn|[from] U-turn
|-heal|p2a: Meowscarada|100/100|[from] move: Healing Wish
|move|p1a: Clefable|Stealth Rock|p2a: Meowscarada
|-sidestart|p2: EDS_Swag|move: Stealth Rock
|
|-heal|p1a: Clefable|99/100|[from] item: Leftovers
|upkeep
|turn|8
|
|t:|1776132714
|move|p2a: Meowscarada|Knock Off|p1a: Clefable
|-start|p2a: Meowscarada|typechange|Dark|[from] ability: Protean
|-resisted|p1a: Clefable
|-crit|p1a: Clefable
|-damage|p1a: Clefable|41/100
|-enditem|p1a: Clefable|Leftovers|[from] move: Knock Off|[of] p2a: Meowscarada
|move|p1a: Clefable|Moonblast|p2a: Meowscarada
|-supereffective|p2a: Meowscarada
|-damage|p2a: Meowscarada|6/100
|
|upkeep
|turn|9
|
|t:|1776132724
|switch|p2a: Heatran|Heatran, M|65/100
|-damage|p2a: Heatran|52/100|[from] Stealth Rock
|move|p1a: Clefable|Thunder Wave|p2a: Heatran
|-status|p2a: Heatran|par
|
|upkeep
|turn|10
|
|t:|1776132735
|switch|p1a: Ogerpon|Ogerpon-Wellspring, F|100/100
|-damage|p1a: Ogerpon|88/100|[from] Stealth Rock
|move|p2a: Heatran|Lava Plume|p1a: Ogerpon
|-damage|p1a: Ogerpon|45/100
|
|upkeep
|turn|11
|
|t:|1776132742
|switch|p2a: Zapdos|Zapdos|100/100
|move|p1a: Ogerpon|Ivy Cudgel|p2a: Zapdos|[anim] Ivy Cudgel Water
|-damage|p2a: Zapdos|55/100
|
|upkeep
|turn|12
|
|t:|1776132771
|switch|p1a: Bird Trap|Magnezone|18/100
|-damage|p1a: Bird Trap|12/100|[from] Stealth Rock
|move|p2a: Zapdos|Discharge|p1a: Bird Trap
|-resisted|p1a: Bird Trap
|-damage|p1a: Bird Trap|0 fnt
|faint|p1a: Bird Trap
|
|upkeep
|
|t:|1776132773
|switch|p1a: Clefable|Clefable, M|41/100
|turn|13
|
|t:|1776132781
|move|p2a: Zapdos|Roost|p2a: Zapdos
|-heal|p2a: Zapdos|100/100
|-singleturn|p2a: Zapdos|move: Roost
|move|p1a: Clefable|Moonlight|p1a: Clefable
|-heal|p1a: Clefable|91/100
|
|upkeep
|turn|14
|
|t:|1776132788
|switch|p1a: Flytrap|Venusaur, M|100/100
|-damage|p1a: Flytrap|88/100|[from] Stealth Rock
|move|p2a: Zapdos|Discharge|p1a: Flytrap
|-resisted|p1a: Flytrap
|-damage|p1a: Flytrap|76/100
|-status|p1a: Flytrap|par
|
|-heal|p1a: Flytrap|82/100 par|[from] item: Leftovers
|upkeep
|turn|15
|
|t:|1776132794
|move|p2a: Zapdos|Heat Wave|p1a: Flytrap|[miss]
|-miss|p2a: Zapdos|p1a: Flytrap
|move|p1a: Flytrap|Leech Seed|p2a: Zapdos
|-start|p2a: Zapdos|move: Leech Seed
|
|-heal|p1a: Flytrap|88/100 par|[from] item: Leftovers
|-damage|p2a: Zapdos|88/100|[from] Leech Seed|[of] p1a: Flytrap
|-heal|p1a: Flytrap|100/100 par|[silent]
|upkeep
|turn|16
|
|t:|1776132805
|switch|p2a: Great Tusk|Great Tusk|100/100
|-damage|p2a: Great Tusk|98/100|[from] Stealth Rock
|-enditem|p2a: Great Tusk|Booster Energy
|-activate|p2a: Great Tusk|ability: Protosynthesis|[fromitem]
|-start|p2a: Great Tusk|protosynthesisatk
|cant|p1a: Flytrap|par
|
|upkeep
|turn|17
|
|t:|1776132815
|move|p2a: Great Tusk|Rapid Spin|p1a: Flytrap
|-damage|p1a: Flytrap|77/100 par
|-boost|p2a: Great Tusk|spe|1
|-sideend|p2: EDS_Swag|Stealth Rock|[from] move: Rapid Spin|[of] p2a: Great Tusk
|move|p1a: Flytrap|Giga Drain|p2a: Great Tusk
|-supereffective|p2a: Great Tusk
|-damage|p2a: Great Tusk|18/100
|-heal|p1a: Flytrap|100/100 par|[from] drain|[of] p2a: Great Tusk
|
|upkeep
|turn|18
|
|t:|1776132818
|move|p2a: Great Tusk|Ice Spinner|p1a: Flytrap
|-supereffective|p1a: Flytrap
|-damage|p1a: Flytrap|16/100 par
|cant|p1a: Flytrap|par
|
|-heal|p1a: Flytrap|22/100 par|[from] item: Leftovers
|upkeep
|turn|19
|
|t:|1776132830
|switch|p1a: Dog Trap|Moltres|92/100
|move|p2a: Great Tusk|Headlong Rush|p1a: Dog Trap
|-immune|p1a: Dog Trap
|
|upkeep
|turn|20
|
|t:|1776132839
|-end|p2a: Great Tusk|Protosynthesis|[silent]
|switch|p2a: Heatran|Heatran, M|52/100 par
|move|p1a: Dog Trap|Flamethrower|p2a: Heatran
|-start|p2a: Heatran|ability: Flash Fire
|
|upkeep
|turn|21
|
|t:|1776132859
|move|p1a: Dog Trap|U-turn|p2a: Heatran
|-resisted|p2a: Heatran
|-damage|p2a: Heatran|49/100 par
|
|t:|1776132861
|switch|p1a: Flytrap|Venusaur, M|22/100 par|[from] U-turn
|-damage|p1a: Flytrap|10/100 par|[from] Stealth Rock
|cant|p2a: Heatran|par
|
|-heal|p1a: Flytrap|16/100 par|[from] item: Leftovers
|upkeep
|turn|22
|
|t:|1776132870
|move|p1a: Flytrap|Giga Drain|p2a: Heatran
|-resisted|p2a: Heatran
|-damage|p2a: Heatran|44/100 par
|-heal|p1a: Flytrap|19/100 par|[from] drain|[of] p2a: Heatran
|move|p2a: Heatran|Lava Plume|p1a: Flytrap
|-supereffective|p1a: Flytrap
|-damage|p1a: Flytrap|0 fnt
|faint|p1a: Flytrap
|
|upkeep
|
|t:|1776132872
|switch|p1a: Ogerpon|Ogerpon-Wellspring, F|45/100
|-damage|p1a: Ogerpon|33/100|[from] Stealth Rock
|turn|23
|
|t:|1776132881
|move|p1a: Ogerpon|Ivy Cudgel|p2a: Heatran|[anim] Ivy Cudgel Water
|-supereffective|p2a: Heatran
|-damage|p2a: Heatran|0 fnt
|faint|p2a: Heatran
|
|upkeep
|
|t:|1776132894
|switch|p2a: Zapdos|Zapdos|88/100
|turn|24
|
|t:|1776132902
|move|p1a: Ogerpon|Ivy Cudgel|p2a: Zapdos|[anim] Ivy Cudgel Water
|-damage|p2a: Zapdos|47/100
|move|p2a: Zapdos|Discharge|p1a: Ogerpon
|-damage|p1a: Ogerpon|0 fnt
|faint|p1a: Ogerpon
|
|upkeep
|
|t:|1776132906
|switch|p1a: Clefable|Clefable, M|91/100
|turn|25
|
|t:|1776132910
|move|p2a: Zapdos|Roost|p2a: Zapdos
|-heal|p2a: Zapdos|98/100
|-singleturn|p2a: Zapdos|move: Roost
|move|p1a: Clefable|Moonblast|p2a: Zapdos
|-damage|p2a: Zapdos|69/100
|
|upkeep
|turn|26
|
|t:|1776132927
|move|p2a: Zapdos|U-turn|p1a: Clefable
|-resisted|p1a: Clefable
|-crit|p1a: Clefable
|-damage|p1a: Clefable|79/100
|
|t:|1776132929
|switch|p2a: Meowscarada|Meowscarada, F, shiny|6/100|[from] U-turn
|move|p1a: Clefable|Moonblast|p2a: Meowscarada
|-supereffective|p2a: Meowscarada
|-damage|p2a: Meowscarada|0 fnt
|faint|p2a: Meowscarada
|
|upkeep
|
|t:|1776132939
|switch|p2a: Zapdos|Zapdos|69/100
|turn|27
|
|t:|1776132942
|move|p2a: Zapdos|Discharge|p1a: Clefable
|-damage|p1a: Clefable|56/100
|-status|p1a: Clefable|par
|move|p1a: Clefable|Moonblast|p2a: Zapdos
|-damage|p2a: Zapdos|38/100
|
|upkeep
|turn|28
|
|t:|1776132946
|move|p2a: Zapdos|Roost|p2a: Zapdos
|-heal|p2a: Zapdos|88/100
|-singleturn|p2a: Zapdos|move: Roost
|move|p1a: Clefable|Moonblast|p2a: Zapdos
|-damage|p2a: Zapdos|56/100
|
|upkeep
|turn|29
|
|t:|1776132950
|move|p2a: Zapdos|Roost|p2a: Zapdos
|-heal|p2a: Zapdos|100/100
|-singleturn|p2a: Zapdos|move: Roost
|move|p1a: Clefable|Moonlight|p1a: Clefable
|-heal|p1a: Clefable|100/100 par
|
|upkeep
|turn|30
|
|t:|1776132954
|move|p2a: Zapdos|Heat Wave|p1a: Clefable
|-damage|p1a: Clefable|83/100 par
|move|p1a: Clefable|Moonblast|p2a: Zapdos
|-damage|p2a: Zapdos|72/100
|-unboost|p2a: Zapdos|spa|1
|
|upkeep
|turn|31
|
|t:|1776132960
|move|p2a: Zapdos|Discharge|p1a: Clefable
|-damage|p1a: Clefable|69/100 par
|cant|p1a: Clefable|par
|
|upkeep
|turn|32
|
|t:|1776132981
|move|p2a: Zapdos|U-turn|p1a: Clefable
|-resisted|p1a: Clefable
|-damage|p1a: Clefable|61/100 par
|
|t:|1776132989
|switch|p2a: Dragonite|Dragonite, M|100/100|[from] U-turn
|move|p1a: Clefable|Moonblast|p2a: Dragonite
|-supereffective|p2a: Dragonite
|-damage|p2a: Dragonite|65/100
|
|upkeep
|turn|33
|
|t:|1776133000
|switch|p2a: Zapdos|Zapdos|72/100
|move|p1a: Clefable|Moonblast|p2a: Zapdos
|-damage|p2a: Zapdos|42/100
|-unboost|p2a: Zapdos|spa|1
|
|upkeep
|turn|34
|
|t:|1776133005
|move|p2a: Zapdos|Roost|p2a: Zapdos
|-heal|p2a: Zapdos|92/100
|-singleturn|p2a: Zapdos|move: Roost
|move|p1a: Clefable|Moonblast|p2a: Zapdos
|-damage|p2a: Zapdos|61/100
|
|upkeep
|turn|35
|
|t:|1776133010
|move|p2a: Zapdos|Discharge|p1a: Clefable
|-crit|p1a: Clefable
|-damage|p1a: Clefable|28/100 par
|cant|p1a: Clefable|par
|
|upkeep
|turn|36
|
|t:|1776133016
|move|p2a: Zapdos|U-turn|p1a: Clefable
|-resisted|p1a: Clefable
|-damage|p1a: Clefable|21/100 par
|
|t:|1776133018
|switch|p2a: Dragonite|Dragonite, M|65/100|[from] U-turn
|move|p1a: Clefable|Moonlight|p1a: Clefable
|-heal|p1a: Clefable|71/100 par
|
|upkeep
|turn|37
|
|t:|1776133044
|move|p2a: Dragonite|Encore|p1a: Clefable
|-start|p1a: Clefable|Encore
|move|p1a: Clefable|Moonlight|p1a: Clefable
|-heal|p1a: Clefable|100/100 par
|
|upkeep
|turn|38
|
|t:|1776133047
|switch|p1a: Dog Trap|Moltres|92/100
|move|p2a: Dragonite|Dragon Dance|p2a: Dragonite
|-boost|p2a: Dragonite|atk|1
|-boost|p2a: Dragonite|spe|1
|
|upkeep
|turn|39
|
|t:|1776133056
|move|p2a: Dragonite|Dragon Dance|p2a: Dragonite
|-boost|p2a: Dragonite|atk|1
|-boost|p2a: Dragonite|spe|1
|move|p1a: Dog Trap|Flamethrower|p2a: Dragonite
|-resisted|p2a: Dragonite
|-damage|p2a: Dragonite|45/100
|
|upkeep
|turn|40
|
|t:|1776133066
|move|p2a: Dragonite|Dragon Dance|p2a: Dragonite
|-boost|p2a: Dragonite|atk|1
|-boost|p2a: Dragonite|spe|1
|move|p1a: Dog Trap|Flamethrower|p2a: Dragonite
|-resisted|p2a: Dragonite
|-damage|p2a: Dragonite|25/100
|
|upkeep
|turn|41
|
|t:|1776133073
|move|p2a: Dragonite|Extreme Speed|p1a: Dog Trap
|-damage|p1a: Dog Trap|41/100
|move|p1a: Dog Trap|Flamethrower|p2a: Dragonite
|-resisted|p2a: Dragonite
|-crit|p2a: Dragonite
|-damage|p2a: Dragonite|0 fnt
|faint|p2a: Dragonite
|
|upkeep
|
|t:|1776133085
|switch|p2a: Zapdos|Zapdos|61/100
|turn|42
|
|t:|1776133087
|move|p2a: Zapdos|Discharge|p1a: Dog Trap
|-supereffective|p1a: Dog Trap
|-damage|p1a: Dog Trap|0 fnt
|faint|p1a: Dog Trap
|
|upkeep
|
|t:|1776133089
|switch|p1a: Clefable|Clefable, M|100/100 par
|turn|43
|
|t:|1776133097
|move|p2a: Zapdos|Discharge|p1a: Clefable
|-damage|p1a: Clefable|79/100 par
|cant|p1a: Clefable|par
|
|upkeep
|turn|44
|
|t:|1776133121
|move|p2a: Zapdos|Discharge|p1a: Clefable
|-damage|p1a: Clefable|56/100 par
|move|p1a: Clefable|Moonblast|p2a: Zapdos
|-damage|p2a: Zapdos|30/100
|-unboost|p2a: Zapdos|spa|1
|
|upkeep
|turn|45
|j| uchiking tera
|c|☆EDS_Swag|100% drop rate clefable
|l| uchiking tera
|
|t:|1776133135
|move|p2a: Zapdos|Roost|p2a: Zapdos
|-heal|p2a: Zapdos|80/100
|-singleturn|p2a: Zapdos|move: Roost
|move|p1a: Clefable|Moonblast|p2a: Zapdos
|-damage|p2a: Zapdos|47/100
|
|upkeep
|turn|46
|
|t:|1776133143
|move|p2a: Zapdos|Discharge|p1a: Clefable
|-damage|p1a: Clefable|40/100 par
|cant|p1a: Clefable|par
|
|upkeep
|turn|47
|
|t:|1776133148
|move|p2a: Zapdos|Discharge|p1a: Clefable
|-damage|p1a: Clefable|25/100 par
|move|p1a: Clefable|Moonlight|p1a: Clefable
|-heal|p1a: Clefable|75/100 par
|
|upkeep
|turn|48
|
|t:|1776133153
|move|p2a: Zapdos|Discharge|p1a: Clefable
|-damage|p1a: Clefable|60/100 par
|cant|p1a: Clefable|par
|
|upkeep
|turn|49
|c|☆DonovanIsNotHere|there, you happy?
|
|t:|1776133164
|move|p2a: Zapdos|Discharge|p1a: Clefable
|-damage|p1a: Clefable|45/100 par
|move|p1a: Clefable|Moonblast|p2a: Zapdos
|-damage|p2a: Zapdos|18/100
|
|upkeep
|turn|50
|c|☆EDS_Swag|The para that did nothing
|
|t:|1776133175
|move|p2a: Zapdos|Roost|p2a: Zapdos
|-heal|p2a: Zapdos|68/100
|-singleturn|p2a: Zapdos|move: Roost
|move|p1a: Clefable|Moonlight|p1a: Clefable
|-heal|p1a: Clefable|95/100 par
|
|upkeep
|turn|51
|
|t:|1776133180
|move|p2a: Zapdos|Discharge|p1a: Clefable
|-damage|p1a: Clefable|79/100 par
|move|p1a: Clefable|Moonblast|p2a: Zapdos
|-damage|p2a: Zapdos|40/100
|-unboost|p2a: Zapdos|spa|1
|
|upkeep
|turn|52
|
|t:|1776133186
|move|p2a: Zapdos|Discharge|p1a: Clefable
|-damage|p1a: Clefable|67/100 par
|move|p1a: Clefable|Moonblast|p2a: Zapdos
|-damage|p2a: Zapdos|12/100
|
|upkeep
|turn|53
|
|t:|1776133206
|move|p2a: Zapdos|Discharge|p1a: Clefable
|-damage|p1a: Clefable|55/100 par
|move|p1a: Clefable|Moonblast|p2a: Zapdos
|-damage|p2a: Zapdos|0 fnt
|faint|p2a: Zapdos
|
|upkeep
|
|t:|1776133210
|switch|p2a: Great Tusk|Great Tusk|18/100
|turn|54
|
|t:|1776133233
|move|p2a: Great Tusk|Headlong Rush|p1a: Clefable
|-crit|p1a: Clefable
|-damage|p1a: Clefable|0 fnt
|-unboost|p2a: Great Tusk|def|1
|-unboost|p2a: Great Tusk|spd|1
|faint|p1a: Clefable
|
|upkeep
|
|t:|1776133234
|switch|p1a: Pecharunt|Pecharunt|100/100
|turn|55
|
|t:|1776133237
|-terastallize|p1a: Pecharunt|Ghost
|move|p2a: Great Tusk|Headlong Rush|p1a: Pecharunt
|-damage|p1a: Pecharunt|70/100
|-unboost|p2a: Great Tusk|def|1
|-unboost|p2a: Great Tusk|spd|1
|move|p1a: Pecharunt|Malignant Chain|p2a: Great Tusk
|-resisted|p2a: Great Tusk
|-damage|p2a: Great Tusk|0 fnt
|faint|p2a: Great Tusk
|-end|p2a: Great Tusk|Protosynthesis|[silent]
|
|win|DonovanIsNotHere
|raw|DonovanIsNotHere's rating: 1547 &rarr; <strong>1563</strong><br />(+16 for winning)
|raw|EDS_Swag's rating: 1480 &rarr; <strong>1464</strong><br />(-16 for losing)
