|html|<div class="broadcast-blue"><strong>[Gen 9] OU is currently suspecting Tera Blast! For information on how to participate check out the <a href="https://www.smogon.com/tools/suspects/view/200">suspect thread</a>.</strong></div>
|j|☆Pa_craw
|j|☆Nasir1
|t:|1776112825
|gametype|singles
|player|p1|Pa_craw|2|
|player|p2|Nasir1|#ptslidrampas|
|gen|9
|tier|[Gen 9] OU
|rule|HP Percentage Mod: HP is shown in percentages
|rule|Endless Battle Clause: Forcing endless battles is banned
|rule|Species Clause: Limit one of each Pokémon
|rule|OHKO Clause: OHKO moves are banned
|rule|Evasion Items Clause: Evasion items are banned
|rule|Evasion Moves Clause: Evasion moves are banned
|rule|Evasion Abilities Clause: Evasion abilities are banned
|rule|Sleep Moves Clause: Sleep-inducing moves are banned
|clearpoke
|poke|p1|Ceruledge, M|
|poke|p1|Moltres-Galar|
|poke|p1|Deoxys-Speed|
|poke|p1|Kingambit, M|
|poke|p1|Kyurem|
|poke|p1|Zamazenta-*|
|poke|p2|Kingambit, F|
|poke|p2|Kyurem|
|poke|p2|Landorus-Therian, M|
|poke|p2|Great Tusk|
|poke|p2|Ogerpon-Wellspring, F|
|poke|p2|Moltres|
|teampreview
|inactive|Battle timer is ON: inactive players will automatically lose when time's up. (requested by Nasir1)
|c|☆Nasir1|hf
|inactive|Pa_craw has 270 seconds left.
|
|t:|1776112874
|teamsize|p1|6
|teamsize|p2|6
|start
|switch|p1a: Zamazenta|Zamazenta|100/100
|switch|p2a: From Inside|Ogerpon-Wellspring, F|100/100
|-ability|p1a: Zamazenta|Dauntless Shield|boost
|-boost|p1a: Zamazenta|def|1
|turn|1
|
|t:|1776112887
|switch|p2a: Your Eyes|Moltres|100/100
|move|p1a: Zamazenta|Crunch|p2a: Your Eyes
|-damage|p2a: Your Eyes|73/100
|
|upkeep
|turn|2
|
|t:|1776112893
|switch|p2a: To Die? To see|Landorus-Therian, M|100/100
|-ability|p2a: To Die? To see|Intimidate|boost
|-unboost|p1a: Zamazenta|atk|1
|move|p1a: Zamazenta|Stone Edge|p2a: To Die? To see
|-crit|p2a: To Die? To see
|-damage|p2a: To Die? To see|54/100
|
|upkeep
|turn|3
|
|t:|1776112906
|switch|p1a: Moltres|Moltres-Galar|100/100
|move|p2a: To Die? To see|U-turn|p1a: Moltres
|-damage|p1a: Moltres|77/100
|
|t:|1776112917
|switch|p2a: What its like|Kyurem|100/100|[from] U-turn
|-ability|p2a: What its like|Pressure
|
|upkeep
|turn|4
|
|t:|1776112928
|switch|p1a: Kingambit|Kingambit, M|100/100
|move|p2a: What its like|Substitute|p2a: What its like
|-start|p2a: What its like|Substitute
|-damage|p2a: What its like|75/100
|
|-heal|p2a: What its like|82/100|[from] item: Leftovers
|upkeep
|turn|5
|
|t:|1776112940
|move|p2a: What its like|Earth Power|p1a: Kingambit
|-supereffective|p1a: Kingambit
|-damage|p1a: Kingambit|36/100
|move|p1a: Kingambit|Iron Head|p2a: What its like
|-supereffective|p2a: What its like
|-end|p2a: What its like|Substitute
|
|-heal|p2a: What its like|88/100|[from] item: Leftovers
|upkeep
|turn|6
|
|t:|1776112957
|move|p1a: Kingambit|Sucker Punch||[still]
|-fail|p1a: Kingambit
|move|p2a: What its like|Substitute|p2a: What its like
|-start|p2a: What its like|Substitute
|-damage|p2a: What its like|63/100
|
|-heal|p2a: What its like|69/100|[from] item: Leftovers
|upkeep
|turn|7
|
|t:|1776112963
|move|p1a: Kingambit|Sucker Punch|p2a: What its like
|-end|p2a: What its like|Substitute
|move|p2a: What its like|Earth Power|p1a: Kingambit
|-supereffective|p1a: Kingambit
|-damage|p1a: Kingambit|0 fnt
|faint|p1a: Kingambit
|-end|p1a: Kingambit|fallenundefined|[silent]
|
|-heal|p2a: What its like|75/100|[from] item: Leftovers
|upkeep
|
|t:|1776112967
|switch|p1a: Zamazenta|Zamazenta|100/100
|turn|8
|
|t:|1776112996
|move|p2a: What its like|Protect|p2a: What its like
|-singleturn|p2a: What its like|Protect
|move|p1a: Zamazenta|Stone Edge|p2a: What its like
|-activate|p2a: What its like|move: Protect
|
|-heal|p2a: What its like|81/100|[from] item: Leftovers
|upkeep
|turn|9
|
|t:|1776113001
|switch|p2a: To Die? To see|Landorus-Therian, M|54/100
|-ability|p2a: To Die? To see|Intimidate|boost
|-unboost|p1a: Zamazenta|atk|1
|move|p1a: Zamazenta|Close Combat|p2a: To Die? To see
|-resisted|p2a: To Die? To see
|-damage|p2a: To Die? To see|35/100
|-unboost|p1a: Zamazenta|def|1
|-unboost|p1a: Zamazenta|spd|1
|-damage|p1a: Zamazenta|84/100|[from] item: Rocky Helmet|[of] p2a: To Die? To see
|
|upkeep
|turn|10
|
|t:|1776113012
|switch|p1a: Deoxys|Deoxys-Speed|100/100
|-ability|p1a: Deoxys|Pressure
|move|p2a: To Die? To see|Earth Power|p1a: Deoxys
|-damage|p1a: Deoxys|62/100
|
|upkeep
|turn|11
|
|t:|1776113020
|switch|p2a: Your Eyes|Moltres|73/100
|move|p1a: Deoxys|Light Screen|p1a: Deoxys
|-sidestart|p1: Pa_craw|move: Light Screen
|
|upkeep
|turn|12
|
|t:|1776113026
|move|p1a: Deoxys|Taunt|p2a: Your Eyes
|-start|p2a: Your Eyes|move: Taunt
|move|p2a: Your Eyes|U-turn|p1a: Deoxys
|-supereffective|p1a: Deoxys
|-damage|p1a: Deoxys|26/100
|
|t:|1776113034
|switch|p2a: From Inside|Ogerpon-Wellspring, F|100/100|[from] U-turn
|
|upkeep
|turn|13
|
|t:|1776113037
|move|p1a: Deoxys|Reflect|p1a: Deoxys
|-sidestart|p1: Pa_craw|Reflect
|move|p2a: From Inside|Spikes|p1a: Deoxys
|-sidestart|p1: Pa_craw|Spikes
|
|upkeep
|turn|14
|
|t:|1776113043
|move|p1a: Deoxys|Taunt|p2a: From Inside
|-start|p2a: From Inside|move: Taunt
|move|p2a: From Inside|U-turn|p1a: Deoxys
|-supereffective|p1a: Deoxys
|-damage|p1a: Deoxys|0 fnt
|faint|p1a: Deoxys
|
|t:|1776113052
|switch|p2a: Your Eyes|Moltres|73/100|[from] U-turn
|
|upkeep
|
|t:|1776113072
|switch|p1a: Zamazenta|Zamazenta|84/100
|turn|15
|
|t:|1776113078
|-terastallize|p2a: Your Eyes|Fairy
|move|p1a: Zamazenta|Stone Edge|p2a: Your Eyes
|-crit|p2a: Your Eyes
|-damage|p2a: Your Eyes|22/100
|move|p2a: Your Eyes|Roost|p2a: Your Eyes
|-heal|p2a: Your Eyes|72/100
|
|upkeep
|turn|16
|
|t:|1776113097
|-terastallize|p1a: Zamazenta|Fire
|move|p1a: Zamazenta|Fire Fang|p2a: Your Eyes
|-damage|p2a: Your Eyes|43/100
|move|p2a: Your Eyes|Roost|p2a: Your Eyes
|-heal|p2a: Your Eyes|93/100
|
|upkeep
|turn|17
|
|t:|1776113108
|move|p1a: Zamazenta|Stone Edge|p2a: Your Eyes|[miss]
|-miss|p1a: Zamazenta|p2a: Your Eyes
|move|p2a: Your Eyes|Roar|p1a: Zamazenta
|drag|p1a: Ceruledge|Ceruledge, M|100/100
|-damage|p1a: Ceruledge|88/100|[from] Spikes
|
|upkeep
|turn|18
|
|t:|1776113115
|move|p1a: Ceruledge|Poltergeist|p2a: Your Eyes
|-activate|p2a: Your Eyes|move: Poltergeist|Heavy-Duty Boots
|-damage|p2a: Your Eyes|19/100
|-damage|p1a: Ceruledge|78/100|[from] item: Life Orb
|move|p2a: Your Eyes|Roar|p1a: Ceruledge
|drag|p1a: Kyurem|Kyurem|100/100
|-damage|p1a: Kyurem|88/100|[from] Spikes
|-ability|p1a: Kyurem|Pressure
|
|-sideend|p1: Pa_craw|move: Light Screen
|upkeep
|turn|19
|
|t:|1776113125
|switch|p2a: Baby Do You Know|Kingambit, F|100/100
|move|p1a: Kyurem|Dragon Dance|p1a: Kyurem
|-boost|p1a: Kyurem|atk|1
|-boost|p1a: Kyurem|spe|1
|
|upkeep
|turn|20
|
|t:|1776113139
|move|p1a: Kyurem|Earth Power|p2a: Baby Do You Know
|-supereffective|p2a: Baby Do You Know
|-damage|p2a: Baby Do You Know|36/100
|move|p2a: Baby Do You Know|Iron Head|p1a: Kyurem
|-supereffective|p1a: Kyurem
|-damage|p1a: Kyurem|48/100
|
|-heal|p2a: Baby Do You Know|42/100|[from] item: Leftovers
|-sideend|p1: Pa_craw|Reflect
|upkeep
|turn|21
|
|t:|1776113146
|move|p2a: Baby Do You Know|Sucker Punch|p1a: Kyurem
|-damage|p1a: Kyurem|8/100
|move|p1a: Kyurem|Earth Power|p2a: Baby Do You Know
|-supereffective|p2a: Baby Do You Know
|-damage|p2a: Baby Do You Know|0 fnt
|faint|p2a: Baby Do You Know
|-end|p2a: Baby Do You Know|fallenundefined|[silent]
|
|upkeep
|
|t:|1776113157
|switch|p2a: What its like|Kyurem|81/100
|-ability|p2a: What its like|Pressure
|turn|22
|
|t:|1776113162
|move|p1a: Kyurem|Icicle Spear|p2a: What its like
|-damage|p2a: What its like|66/100
|-damage|p2a: What its like|50/100
|-damage|p2a: What its like|33/100
|-damage|p2a: What its like|16/100
|-hitcount|p2a: What its like|4
|move|p2a: What its like|Freeze-Dry|p1a: Kyurem
|-damage|p1a: Kyurem|0 fnt
|faint|p1a: Kyurem
|
|-heal|p2a: What its like|22/100|[from] item: Leftovers
|upkeep
|
|t:|1776113168
|switch|p1a: Zamazenta|Zamazenta, tera:Fire|84/100
|turn|23
|
|t:|1776113175
|move|p2a: What its like|Protect|p2a: What its like
|-singleturn|p2a: What its like|Protect
|move|p1a: Zamazenta|Stone Edge|p2a: What its like
|-activate|p2a: What its like|move: Protect
|
|-heal|p2a: What its like|28/100|[from] item: Leftovers
|upkeep
|turn|24
|
|t:|1776113182
|switch|p2a: To Die? To see|Landorus-Therian, M|35/100
|-ability|p2a: To Die? To see|Intimidate|boost
|-unboost|p1a: Zamazenta|atk|1
|move|p1a: Zamazenta|Fire Fang|p2a: To Die? To see
|-damage|p2a: To Die? To see|15/100
|-damage|p1a: Zamazenta|67/100|[from] item: Rocky Helmet|[of] p2a: To Die? To see
|
|upkeep
|turn|25
|
|t:|1776113191
|move|p1a: Zamazenta|Fire Fang|p2a: To Die? To see
|-damage|p2a: To Die? To see|0 fnt
|-damage|p1a: Zamazenta|51/100|[from] item: Rocky Helmet|[of] p2a: To Die? To see
|faint|p2a: To Die? To see
|
|upkeep
|
|t:|1776113197
|switch|p2a: From Inside|Ogerpon-Wellspring, F|100/100
|turn|26
|
|t:|1776113201
|switch|p1a: Ceruledge|Ceruledge, M|78/100
|-damage|p1a: Ceruledge|66/100|[from] Spikes
|move|p2a: From Inside|Ivy Cudgel|p1a: Ceruledge|[anim] Ivy Cudgel Water
|-supereffective|p1a: Ceruledge
|-damage|p1a: Ceruledge|0 fnt
|faint|p1a: Ceruledge
|
|upkeep
|
|t:|1776113209
|switch|p1a: Moltres|Moltres-Galar|77/100
|turn|27
|
|t:|1776113219
|switch|p2a: Your Eyes|Moltres, tera:Fairy|19/100
|move|p1a: Moltres|Fiery Wrath|p2a: Your Eyes
|-resisted|p2a: Your Eyes
|-damage|p2a: Your Eyes|2/100
|
|upkeep
|turn|28
|
|t:|1776113227
|move|p1a: Moltres|Tera Blast|p2a: Your Eyes
|-damage|p2a: Your Eyes|0 fnt
|faint|p2a: Your Eyes
|
|upkeep
|
|t:|1776113230
|switch|p2a: From Inside|Ogerpon-Wellspring, F|100/100
|turn|29
|
|t:|1776113234
|move|p2a: From Inside|Ivy Cudgel|p1a: Moltres|[anim] Ivy Cudgel Water
|-damage|p1a: Moltres|14/100
|-ability|p1a: Moltres|Berserk|boost
|-boost|p1a: Moltres|spa|1
|move|p1a: Moltres|Fiery Wrath|p2a: From Inside
|-damage|p2a: From Inside|21/100
|
|upkeep
|turn|30
|
|t:|1776113239
|move|p2a: From Inside|Ivy Cudgel|p1a: Moltres|[anim] Ivy Cudgel Water
|-damage|p1a: Moltres|0 fnt
|faint|p1a: Moltres
|
|upkeep
|
|t:|1776113250
|switch|p1a: Zamazenta|Zamazenta, tera:Fire|51/100
|turn|31
|c|☆Pa_craw|gg
|
|t:|1776113264
|move|p1a: Zamazenta|Crunch|p2a: From Inside
|-damage|p2a: From Inside|0 fnt
|faint|p2a: From Inside
|
|upkeep
|inactive|Nasir1 has 270 seconds left.
|n|☆Nasir1|nasir1
|
|t:|1776113314
|switch|p2a: The Sparkle Fade|Great Tusk|100/100
|turn|32
|c|☆Nasir1|gg
|c|☆Pa_craw|great tusk trata de finalizar
|c|☆Nasir1|a minha internet ta morta
|
|t:|1776113322
|move|p2a: The Sparkle Fade|Headlong Rush|p1a: Zamazenta
|-supereffective|p1a: Zamazenta
|-damage|p1a: Zamazenta|0 fnt
|-unboost|p2a: The Sparkle Fade|def|1
|-unboost|p2a: The Sparkle Fade|spd|1
|faint|p1a: Zamazenta
|
|win|Nasir1
|c|☆Pa_craw|yy
|c|☆Pa_craw|reparei
