|html|<div class="broadcast-blue"><strong>[Gen 9] OU is currently suspecting Tera Blast! For information on how to participate check out the <a href="https://www.smogon.com/tools/suspects/view/200">suspect thread</a>.</strong></div>
|j|‽Paper_Falconv2
|j|☆9hatesmurfs
|t:|1776089302
|gametype|singles
|player|p1|Paper_Falconv2|ghetsis-gen5bw|1133
|player|p2|9hatesmurfs|lady-gen4|1129
|gen|9
|tier|[Gen 9] OU
|rated|
|rule|HP Percentage Mod: HP is shown in percentages
|rule|Endless Battle Clause: Forcing endless battles is banned
|rule|Species Clause: Limit one of each Pokémon
|rule|OHKO Clause: OHKO moves are banned
|rule|Evasion Items Clause: Evasion items are banned
|rule|Evasion Moves Clause: Evasion moves are banned
|rule|Evasion Abilities Clause: Evasion abilities are banned
|rule|Sleep Moves Clause: Sleep-inducing moves are banned
|clearpoke
|poke|p1|Pelipper, M|
|poke|p1|Krookodile, F|
|poke|p1|Tinkaton, F|
|poke|p1|Sliggoo, F|
|poke|p1|Galvantula, M|
|poke|p1|Floatzel, F|
|poke|p2|Kingambit, F|
|poke|p2|Great Tusk|
|poke|p2|Dragapult, F|
|poke|p2|Moltres|
|poke|p2|Clefable, M|
|poke|p2|Volcanion|
|teampreview
|inactive|Battle timer is ON: inactive players will automatically lose when time's up. (requested by 9hatesmurfs)
|
|t:|1776089330
|teamsize|p1|6
|teamsize|p2|6
|start
|switch|p1a: Tinkaton|Tinkaton, F, shiny|100/100
|switch|p2a: Volcanion|Volcanion|100/100
|-ability|p1a: Tinkaton|Mold Breaker
|turn|1
|
|t:|1776089355
|move|p1a: Tinkaton|Stealth Rock|p2a: Volcanion
|-sidestart|p2: 9hatesmurfs|move: Stealth Rock
|move|p2a: Volcanion|Taunt|p1a: Tinkaton
|-start|p1a: Tinkaton|move: Taunt
|
|upkeep
|turn|2
|
|t:|1776089365
|switch|p1a: Sliggoo|Sliggoo, F|100/100
|move|p2a: Volcanion|Fire Spin|p1a: Sliggoo
|-resisted|p1a: Sliggoo
|-damage|p1a: Sliggoo|96/100
|-activate|p1a: Sliggoo|move: Fire Spin|[of] p2a: Volcanion
|
|-damage|p1a: Sliggoo|83/100|[from] move: Fire Spin|[partiallytrapped]
|upkeep
|turn|3
|
|t:|1776089372
|move|p2a: Volcanion|Taunt|p1a: Sliggoo
|-start|p1a: Sliggoo|move: Taunt
|cant|p1a: Sliggoo|move: Taunt|Toxic
|
|-damage|p1a: Sliggoo|71/100|[from] move: Fire Spin|[partiallytrapped]
|upkeep
|turn|4
|
|t:|1776089378
|move|p2a: Volcanion|Sludge Bomb|p1a: Sliggoo
|-damage|p1a: Sliggoo|56/100
|move|p1a: Sliggoo|Dragon Pulse|p2a: Volcanion
|-damage|p2a: Volcanion|79/100
|
|-damage|p1a: Sliggoo|44/100|[from] move: Fire Spin|[partiallytrapped]
|upkeep
|turn|5
|
|t:|1776089384
|move|p2a: Volcanion|Steam Eruption|p1a: Sliggoo
|-resisted|p1a: Sliggoo
|-damage|p1a: Sliggoo|29/100
|move|p1a: Sliggoo|Dragon Pulse|p2a: Volcanion
|-damage|p2a: Volcanion|57/100
|
|-damage|p1a: Sliggoo|17/100|[from] move: Fire Spin|[partiallytrapped]
|-end|p1a: Sliggoo|move: Taunt
|upkeep
|turn|6
|
|t:|1776089395
|move|p2a: Volcanion|Taunt|p1a: Sliggoo
|-start|p1a: Sliggoo|move: Taunt
|cant|p1a: Sliggoo|move: Taunt|Rest
|
|-damage|p1a: Sliggoo|4/100|[from] move: Fire Spin|[partiallytrapped]
|upkeep
|turn|7
|
|t:|1776089401
|move|p2a: Volcanion|Sludge Bomb|p1a: Sliggoo
|-damage|p1a: Sliggoo|0 fnt
|faint|p1a: Sliggoo
|
|upkeep
|
|t:|1776089407
|switch|p1a: Galvantula|Galvantula, M|100/100
|turn|8
|
|t:|1776089422
|switch|p1a: Pelipper|Pelipper, M|100/100
|-weather|RainDance|[from] ability: Drizzle|[of] p1a: Pelipper
|switch|p2a: Great Tusk|Great Tusk|100/100
|
|-weather|RainDance|[upkeep]
|upkeep
|turn|9
|
|t:|1776089436
|move|p2a: Great Tusk|Stealth Rock|p1a: Pelipper
|-sidestart|p1: Paper_Falconv2|move: Stealth Rock
|move|p1a: Pelipper|Hurricane|p2a: Great Tusk
|-supereffective|p2a: Great Tusk
|-damage|p2a: Great Tusk|0 fnt
|faint|p2a: Great Tusk
|-end|p2a: Great Tusk|Protosynthesis|[silent]
|
|-weather|RainDance|[upkeep]
|upkeep
|
|t:|1776089444
|switch|p2a: Kingambit|Kingambit, F, shiny|100/100
|-damage|p2a: Kingambit|94/100|[from] Stealth Rock
|-activate|p2a: Kingambit|ability: Supreme Overlord
|-start|p2a: Kingambit|fallen1|[silent]
|turn|10
|
|t:|1776089457
|move|p1a: Pelipper|U-turn|p2a: Kingambit
|-damage|p2a: Kingambit|88/100
|
|t:|1776089464
|switch|p1a: Tinkaton|Tinkaton, F, shiny|100/100|[from] U-turn
|-damage|p1a: Tinkaton|94/100|[from] Stealth Rock
|-ability|p1a: Tinkaton|Mold Breaker
|move|p2a: Kingambit|Kowtow Cleave|p1a: Tinkaton
|-resisted|p1a: Tinkaton
|-damage|p1a: Tinkaton|62/100
|
|-weather|RainDance|[upkeep]
|-heal|p1a: Tinkaton|68/100|[from] item: Leftovers
|upkeep
|turn|11
|
|t:|1776089472
|move|p1a: Tinkaton|Thunder Wave|p2a: Kingambit
|-status|p2a: Kingambit|par
|move|p2a: Kingambit|Iron Head|p1a: Tinkaton
|-damage|p1a: Tinkaton|4/100
|
|-weather|RainDance|[upkeep]
|-heal|p1a: Tinkaton|10/100|[from] item: Leftovers
|upkeep
|turn|12
|
|t:|1776089485
|move|p1a: Tinkaton|Gigaton Hammer|p2a: Kingambit
|-resisted|p2a: Kingambit
|-damage|p2a: Kingambit|73/100 par
|move|p2a: Kingambit|Kowtow Cleave|p1a: Tinkaton
|-resisted|p1a: Tinkaton
|-damage|p1a: Tinkaton|0 fnt
|faint|p1a: Tinkaton
|
|-weather|RainDance|[upkeep]
|upkeep
|
|t:|1776089494
|switch|p1a: Krookodile|Krookodile, F|100/100
|-damage|p1a: Krookodile|94/100|[from] Stealth Rock
|-ability|p1a: Krookodile|Intimidate|boost
|-unboost|p2a: Kingambit|atk|1
|turn|13
|
|t:|1776089501
|-end|p2a: Kingambit|fallen1|[silent]
|switch|p2a: Moltres|Moltres, shiny|100/100
|move|p1a: Krookodile|Hone Claws|p1a: Krookodile
|-boost|p1a: Krookodile|atk|1
|-boost|p1a: Krookodile|accuracy|1
|
|-weather|RainDance|[upkeep]
|upkeep
|turn|14
|
|t:|1776089516
|-terastallize|p1a: Krookodile|Dragon
|move|p1a: Krookodile|Scale Shot|p2a: Moltres
|-damage|p2a: Moltres|88/100
|-damage|p2a: Moltres|75/100
|-damage|p2a: Moltres|61/100
|-damage|p2a: Moltres|49/100
|-hitcount|p2a: Moltres|4
|-unboost|p1a: Krookodile|def|1
|-boost|p1a: Krookodile|spe|1
|move|p2a: Moltres|Hurricane|p1a: Krookodile
|-damage|p1a: Krookodile|34/100
|
|-weather|RainDance|[upkeep]
|upkeep
|turn|15
|
|t:|1776089531
|move|p1a: Krookodile|Scale Shot|p2a: Moltres
|-damage|p2a: Moltres|35/100
|-damage|p2a: Moltres|21/100
|-damage|p2a: Moltres|9/100
|-damage|p2a: Moltres|0 fnt
|faint|p2a: Moltres
|-hitcount|p2: Moltres|4
|-unboost|p1a: Krookodile|def|1
|-boost|p1a: Krookodile|spe|1
|
|-weather|none
|upkeep
|
|t:|1776089539
|switch|p2a: Clefable|Clefable, M, shiny|100/100
|turn|16
|
|t:|1776089543
|move|p1a: Krookodile|Earthquake|p2a: Clefable
|-damage|p2a: Clefable|47/100
|move|p2a: Clefable|Moonblast|p1a: Krookodile
|-supereffective|p1a: Krookodile
|-damage|p1a: Krookodile|0 fnt
|faint|p1a: Krookodile
|
|upkeep
|
|t:|1776089550
|switch|p1a: Pelipper|Pelipper, M|100/100
|-damage|p1a: Pelipper|76/100|[from] Stealth Rock
|-weather|RainDance|[from] ability: Drizzle|[of] p1a: Pelipper
|turn|17
|
|t:|1776089566
|move|p1a: Pelipper|Weather Ball|p2a: Clefable
|-damage|p2a: Clefable|0 fnt
|faint|p2a: Clefable
|
|-weather|RainDance|[upkeep]
|upkeep
|
|t:|1776089576
|switch|p2a: Kingambit|Kingambit, F, shiny|73/100 par
|-damage|p2a: Kingambit|67/100 par|[from] Stealth Rock
|-activate|p2a: Kingambit|ability: Supreme Overlord
|-start|p2a: Kingambit|fallen3|[silent]
|turn|18
|
|t:|1776089580
|-end|p2a: Kingambit|fallen3|[silent]
|switch|p2a: Volcanion|Volcanion|57/100
|move|p1a: Pelipper|Weather Ball|p2a: Volcanion
|-heal|p2a: Volcanion|82/100|[from] ability: Water Absorb|[of] p1a: Pelipper
|
|-weather|RainDance|[upkeep]
|upkeep
|turn|19
|
|t:|1776089591
|move|p2a: Volcanion|Steam Eruption|p1a: Pelipper
|-resisted|p1a: Pelipper
|-damage|p1a: Pelipper|2/100
|move|p1a: Pelipper|U-turn|p2a: Volcanion
|-resisted|p2a: Volcanion
|-damage|p2a: Volcanion|78/100
|
|t:|1776089597
|switch|p1a: Galvantula|Galvantula, M|100/100|[from] U-turn
|-damage|p1a: Galvantula|76/100|[from] Stealth Rock
|
|-weather|RainDance|[upkeep]
|upkeep
|turn|20
|
|t:|1776089601
|move|p1a: Galvantula|Thunder|p2a: Volcanion
|-supereffective|p2a: Volcanion
|-damage|p2a: Volcanion|0 fnt
|faint|p2a: Volcanion
|
|-weather|RainDance|[upkeep]
|upkeep
|
|t:|1776089605
|switch|p2a: Dragapult|Dragapult, F, shiny|100/100
|-damage|p2a: Dragapult|88/100|[from] Stealth Rock
|turn|21
|
|t:|1776089614
|move|p2a: Dragapult|Dragon Darts|p1a: Galvantula
|-damage|p1a: Galvantula|8/100
|-anim|p2a: Dragapult|Dragon Darts|p1a: Galvantula
|-damage|p1a: Galvantula|0 fnt
|faint|p1a: Galvantula
|
|-weather|RainDance|[upkeep]
|upkeep
|
|t:|1776089617
|switch|p1a: Floatzel|Floatzel, F|100/100
|-damage|p1a: Floatzel|88/100|[from] Stealth Rock
|turn|22
|
|t:|1776089630
|-terastallize|p2a: Dragapult|Ghost
|move|p1a: Floatzel|Wave Crash|p2a: Dragapult
|-damage|p2a: Dragapult|0 fnt
|faint|p2a: Dragapult
|-damage|p1a: Floatzel|59/100|[from] Recoil
|
|-weather|RainDance|[upkeep]
|upkeep
|
|t:|1776089634
|switch|p2a: Kingambit|Kingambit, F, shiny|67/100 par
|-damage|p2a: Kingambit|61/100 par|[from] Stealth Rock
|-activate|p2a: Kingambit|ability: Supreme Overlord
|-start|p2a: Kingambit|fallen5|[silent]
|turn|23
|
|t:|1776089640
|move|p2a: Kingambit|Sucker Punch|p1a: Floatzel
|-crit|p1a: Floatzel
|-damage|p1a: Floatzel|0 fnt
|faint|p1a: Floatzel
|
|-weather|RainDance|[upkeep]
|upkeep
|
|t:|1776089643
|switch|p1a: Pelipper|Pelipper, M|2/100
|-damage|p1a: Pelipper|0 fnt|[from] Stealth Rock
|faint|p1a: Pelipper
|
|win|9hatesmurfs
|raw|Paper_Falconv2's rating: 1133 &rarr; <strong>1108</strong><br />(-25 for losing)
|raw|9hatesmurfs's rating: 1129 &rarr; <strong>1154</strong><br />(+25 for winning)
|l|‽Paper_Falconv2
|player|p1|
|l|☆9hatesmurfs
|player|p2|
