|html|<div class="broadcast-blue"><strong>[Gen 9] OU is currently suspecting Tera Blast! For information on how to participate check out the <a href="https://www.smogon.com/tools/suspects/view/200">suspect thread</a>.</strong></div>
|j|☆aminoacid2
|j|☆browt111
|t:|1776053174
|gametype|singles
|player|p1|aminoacid2|riley|1201
|player|p2|browt111|102|1201
|gen|9
|tier|[Gen 9] OU
|rated|
|rule|HP Percentage Mod: HP is shown in percentages
|rule|Endless Battle Clause: Forcing endless battles is banned
|rule|Species Clause: Limit one of each Pokémon
|rule|OHKO Clause: OHKO moves are banned
|rule|Evasion Items Clause: Evasion items are banned
|rule|Evasion Moves Clause: Evasion moves are banned
|rule|Evasion Abilities Clause: Evasion abilities are banned
|rule|Sleep Moves Clause: Sleep-inducing moves are banned
|clearpoke
|poke|p1|Pelipper, F|
|poke|p1|Raging Bolt|
|poke|p1|Overqwil, M|
|poke|p1|Barraskewda, F|
|poke|p1|Iron Treads|
|poke|p1|Kingambit, M|
|poke|p2|Rillaboom, M|
|poke|p2|Serperior, F|
|poke|p2|Heatran, F|
|poke|p2|Gholdengo|
|poke|p2|Zamazenta-*|
|poke|p2|Great Tusk|
|teampreview
|inactive|Battle timer is ON: inactive players will automatically lose when time's up. (requested by browt111)
|c|☆browt111|gl!
|c|☆aminoacid2|ty u too
|
|t:|1776053200
|teamsize|p1|6
|teamsize|p2|6
|start
|switch|p1a: Pelipper|Pelipper, F|100/100
|switch|p2a: Great Tusk|Great Tusk|100/100
|-weather|RainDance|[from] ability: Drizzle|[of] p1a: Pelipper
|-enditem|p2a: Great Tusk|Booster Energy
|-activate|p2a: Great Tusk|ability: Protosynthesis|[fromitem]
|-start|p2a: Great Tusk|protosynthesisspe
|turn|1
|
|t:|1776053211
|move|p2a: Great Tusk|Head Smash|p1a: Pelipper
|-supereffective|p1a: Pelipper
|-damage|p1a: Pelipper|39/100
|-damage|p2a: Great Tusk|77/100|[from] Recoil
|move|p1a: Pelipper|Weather Ball|p2a: Great Tusk
|-supereffective|p2a: Great Tusk
|-damage|p2a: Great Tusk|0 fnt
|faint|p2a: Great Tusk
|-end|p2a: Great Tusk|Protosynthesis|[silent]
|
|-weather|RainDance|[upkeep]
|upkeep
|
|t:|1776053225
|switch|p2a: Rillaboom|Rillaboom, M|100/100
|-fieldstart|move: Grassy Terrain|[from] ability: Grassy Surge|[of] p2a: Rillaboom
|turn|2
|
|t:|1776053234
|move|p2a: Rillaboom|Grassy Glide|p1a: Pelipper
|-damage|p1a: Pelipper|0 fnt
|faint|p1a: Pelipper
|-damage|p2a: Rillaboom|91/100|[from] item: Life Orb
|
|-weather|RainDance|[upkeep]
|-heal|p2a: Rillaboom|97/100|[from] Grassy Terrain
|upkeep
|
|t:|1776053248
|switch|p1a: Overqwil|Overqwil, M|100/100
|turn|3
|
|t:|1776053259
|switch|p2a: Heatran|Heatran, F|100/100
|-item|p2a: Heatran|Air Balloon
|move|p1a: Overqwil|Gunk Shot|p2a: Heatran
|-immune|p2a: Heatran
|
|-weather|RainDance|[upkeep]
|upkeep
|turn|4
|
|t:|1776053270
|move|p1a: Overqwil|Liquidation|p2a: Heatran
|-supereffective|p2a: Heatran
|-damage|p2a: Heatran|7/100
|-unboost|p2a: Heatran|def|1
|-enditem|p2a: Heatran|Air Balloon
|-damage|p1a: Overqwil|91/100|[from] item: Life Orb
|move|p2a: Heatran|Stealth Rock|p1a: Overqwil
|-sidestart|p1: aminoacid2|move: Stealth Rock
|
|-weather|RainDance|[upkeep]
|-heal|p1a: Overqwil|97/100|[from] Grassy Terrain
|-heal|p2a: Heatran|13/100|[from] Grassy Terrain
|upkeep
|turn|5
|
|t:|1776053286
|move|p1a: Overqwil|Liquidation|p2a: Heatran
|-supereffective|p2a: Heatran
|-damage|p2a: Heatran|0 fnt
|faint|p2a: Heatran
|-damage|p1a: Overqwil|87/100|[from] item: Life Orb
|
|-weather|RainDance|[upkeep]
|-heal|p1a: Overqwil|93/100|[from] Grassy Terrain
|upkeep
|
|t:|1776053300
|switch|p2a: Zamazenta|Zamazenta|100/100
|-ability|p2a: Zamazenta|Dauntless Shield|boost
|-boost|p2a: Zamazenta|def|1
|turn|6
|
|t:|1776053327
|move|p1a: Overqwil|Liquidation|p2a: Zamazenta
|-damage|p2a: Zamazenta|66/100
|-damage|p1a: Overqwil|83/100|[from] item: Life Orb
|move|p2a: Zamazenta|Crunch|p1a: Overqwil
|-resisted|p1a: Overqwil
|-damage|p1a: Overqwil|61/100
|-damage|p2a: Zamazenta|56/100|[from] item: Life Orb
|
|-weather|RainDance|[upkeep]
|-heal|p1a: Overqwil|67/100|[from] Grassy Terrain
|-heal|p2a: Zamazenta|62/100|[from] Grassy Terrain
|-fieldend|move: Grassy Terrain
|upkeep
|turn|7
|
|t:|1776053349
|switch|p1a: Barraskewda|Barraskewda, F|100/100
|-damage|p1a: Barraskewda|88/100|[from] Stealth Rock
|move|p2a: Zamazenta|Close Combat|p1a: Barraskewda
|-damage|p1a: Barraskewda|0 fnt
|-unboost|p2a: Zamazenta|def|1
|-unboost|p2a: Zamazenta|spd|1
|faint|p1a: Barraskewda
|-damage|p2a: Zamazenta|52/100|[from] item: Life Orb
|
|-weather|RainDance|[upkeep]
|upkeep
|inactive|aminoacid2 has 120 seconds left.
|
|t:|1776053360
|switch|p1a: Kingambit|Kingambit, M|100/100
|-damage|p1a: Kingambit|94/100|[from] Stealth Rock
|-activate|p1a: Kingambit|ability: Supreme Overlord
|-start|p1a: Kingambit|fallen2|[silent]
|turn|8
|
|t:|1776053370
|move|p2a: Zamazenta|Close Combat|p1a: Kingambit
|-supereffective|p1a: Kingambit
|-damage|p1a: Kingambit|0 fnt
|-unboost|p2a: Zamazenta|def|1
|-unboost|p2a: Zamazenta|spd|1
|faint|p1a: Kingambit
|-end|p1a: Kingambit|fallen2|[silent]
|-damage|p2a: Zamazenta|43/100|[from] item: Life Orb
|
|-weather|none
|upkeep
|inactive|aminoacid2 has 120 seconds left.
|
|t:|1776053382
|switch|p1a: Raging Bolt|Raging Bolt|100/100
|-damage|p1a: Raging Bolt|88/100|[from] Stealth Rock
|-enditem|p1a: Raging Bolt|Booster Energy
|-activate|p1a: Raging Bolt|ability: Protosynthesis|[fromitem]
|-start|p1a: Raging Bolt|protosynthesisspa
|turn|9
|inactive|aminoacid2 has 120 seconds left.
|
|t:|1776053394
|move|p2a: Zamazenta|Ice Fang|p1a: Raging Bolt
|-supereffective|p1a: Raging Bolt
|-damage|p1a: Raging Bolt|37/100
|-damage|p2a: Zamazenta|33/100|[from] item: Life Orb
|move|p1a: Raging Bolt|Draco Meteor|p2a: Zamazenta
|-damage|p2a: Zamazenta|0 fnt
|-unboost|p1a: Raging Bolt|spa|2
|faint|p2a: Zamazenta
|
|upkeep
|
|t:|1776053415
|switch|p2a: Rillaboom|Rillaboom, M|97/100
|-fieldstart|move: Grassy Terrain|[from] ability: Grassy Surge|[of] p2a: Rillaboom
|turn|10
|inactive|aminoacid2 has 120 seconds left.
|
|t:|1776053430
|move|p2a: Rillaboom|Swords Dance|p2a: Rillaboom
|-boost|p2a: Rillaboom|atk|2
|move|p1a: Raging Bolt|Draco Meteor|p2a: Rillaboom
|-damage|p2a: Rillaboom|37/100
|-unboost|p1a: Raging Bolt|spa|2
|
|-heal|p2a: Rillaboom|43/100|[from] Grassy Terrain
|-heal|p1a: Raging Bolt|43/100|[from] Grassy Terrain
|upkeep
|turn|11
|
|t:|1776053439
|-terastallize|p2a: Rillaboom|Fairy
|move|p2a: Rillaboom|Tera Blast|p1a: Raging Bolt|[anim] Tera Blast Fairy
|-supereffective|p1a: Raging Bolt
|-damage|p1a: Raging Bolt|0 fnt
|faint|p1a: Raging Bolt
|-end|p1a: Raging Bolt|Protosynthesis|[silent]
|-damage|p2a: Rillaboom|34/100|[from] item: Life Orb
|
|-heal|p2a: Rillaboom|40/100|[from] Grassy Terrain
|upkeep
|inactive|aminoacid2 has 120 seconds left.
|
|t:|1776053452
|switch|p1a: Overqwil|Overqwil, M|67/100
|-damage|p1a: Overqwil|55/100|[from] Stealth Rock
|turn|12
|
|t:|1776053462
|move|p2a: Rillaboom|Grassy Glide|p1a: Overqwil
|-resisted|p1a: Overqwil
|-damage|p1a: Overqwil|0 fnt
|faint|p1a: Overqwil
|-damage|p2a: Rillaboom|30/100|[from] item: Life Orb
|
|-heal|p2a: Rillaboom|36/100|[from] Grassy Terrain
|upkeep
|
|t:|1776053469
|switch|p1a: Iron Treads|Iron Treads|100/100
|-damage|p1a: Iron Treads|97/100|[from] Stealth Rock
|-enditem|p1a: Iron Treads|Booster Energy
|-activate|p1a: Iron Treads|ability: Quark Drive|[fromitem]
|-start|p1a: Iron Treads|quarkdrivespe
|turn|13
|
|t:|1776053476
|move|p2a: Rillaboom|Grassy Glide|p1a: Iron Treads
|-crit|p1a: Iron Treads
|-damage|p1a: Iron Treads|0 fnt
|faint|p1a: Iron Treads
|-end|p1a: Iron Treads|Quark Drive|[silent]
|-damage|p2a: Rillaboom|26/100|[from] item: Life Orb
|
|win|browt111
|raw|aminoacid2's rating: 1201 &rarr; <strong>1176</strong><br />(-25 for losing)
|raw|browt111's rating: 1201 &rarr; <strong>1226</strong><br />(+25 for winning)
|c|☆aminoacid2|gg
|c|☆browt111|gg
|l|☆aminoacid2
|player|p1|
|l|☆browt111
|player|p2|
