|html|<div class="broadcast-blue"><strong>[Gen 9] OU is currently suspecting Tera Blast! For information on how to participate check out the <a href="https://www.smogon.com/tools/suspects/view/200">suspect thread</a>.</strong></div>
|j|☆Kouneko
|j|☆SynrLOL
|t:|1776078690
|gametype|singles
|player|p1|Kouneko|parasollady|1277
|player|p2|SynrLOL|102|1306
|gen|9
|tier|[Gen 9] OU
|rated|
|rule|HP Percentage Mod: HP is shown in percentages
|rule|Endless Battle Clause: Forcing endless battles is banned
|rule|Species Clause: Limit one of each Pokémon
|rule|OHKO Clause: OHKO moves are banned
|rule|Evasion Items Clause: Evasion items are banned
|rule|Evasion Moves Clause: Evasion moves are banned
|rule|Evasion Abilities Clause: Evasion abilities are banned
|rule|Sleep Moves Clause: Sleep-inducing moves are banned
|clearpoke
|poke|p1|Ting-Lu|
|poke|p1|Keldeo-Resolute|
|poke|p1|Moltres|
|poke|p1|Heatran, F|
|poke|p1|Forretress, F|
|poke|p1|Meloetta|
|poke|p2|Ceruledge, M|
|poke|p2|Hatterene, F|
|poke|p2|Kyurem|
|poke|p2|Dragonite, F|
|poke|p2|Iron Treads|
|poke|p2|Zamazenta-*|
|teampreview
|inactive|Battle timer is ON: inactive players will automatically lose when time's up. (requested by SynrLOL)
|
|t:|1776078715
|teamsize|p1|6
|teamsize|p2|6
|start
|switch|p1a: Heatran|Heatran, F|100/100
|switch|p2a: Iron Treads|Iron Treads|100/100
|turn|1
|
|t:|1776078720
|switch|p1a: Moltres|Moltres|100/100
|move|p2a: Iron Treads|Earthquake|p1a: Moltres
|-immune|p1a: Moltres
|
|upkeep
|turn|2
|
|t:|1776078732
|-end|p2a: Iron Treads|Quark Drive|[silent]
|switch|p2a: Hatterene|Hatterene, F|100/100
|move|p1a: Moltres|Flamethrower|p2a: Hatterene
|-damage|p2a: Hatterene|76/100
|
|upkeep
|turn|3
|
|t:|1776078740
|switch|p1a: Ting-Lu|Ting-Lu|100/100
|-ability|p1a: Ting-Lu|Vessel of Ruin
|move|p2a: Hatterene|Nuzzle|p1a: Ting-Lu
|-immune|p1a: Ting-Lu
|
|upkeep
|turn|4
|
|t:|1776078749
|move|p1a: Ting-Lu|Earthquake|p2a: Hatterene
|-damage|p2a: Hatterene|0 fnt
|faint|p2a: Hatterene
|
|upkeep
|c|☆SynrLOL|Cb ting luuuu sheisttt
|
|t:|1776078765
|switch|p2a: Kyurem|Kyurem|100/100
|-ability|p2a: Kyurem|Pressure
|turn|5
|
|t:|1776078776
|switch|p1a: Forretress|Forretress, F|100/100
|move|p2a: Kyurem|Draco Meteor|p1a: Forretress
|-resisted|p1a: Forretress
|-damage|p1a: Forretress|27/100
|-unboost|p2a: Kyurem|spa|2
|
|-heal|p1a: Forretress|33/100|[from] item: Leftovers
|upkeep
|turn|6
|
|t:|1776078784
|switch|p1a: Keldeo|Keldeo-Resolute|100/100
|move|p2a: Kyurem|Draco Meteor|p1a: Keldeo
|-damage|p1a: Keldeo|47/100
|-unboost|p2a: Kyurem|spa|2
|
|upkeep
|turn|7
|
|t:|1776078797
|switch|p2a: Dragonite|Dragonite, F|100/100
|move|p1a: Keldeo|Secret Sword|p2a: Dragonite
|-resisted|p2a: Dragonite
|-damage|p2a: Dragonite|87/100
|
|upkeep
|turn|8
|
|t:|1776078814
|switch|p2a: Zamazenta|Zamazenta|100/100
|-ability|p2a: Zamazenta|Dauntless Shield|boost
|-boost|p2a: Zamazenta|def|1
|move|p1a: Keldeo|Flip Turn|p2a: Zamazenta
|-damage|p2a: Zamazenta|93/100
|
|t:|1776078818
|switch|p1a: Meloetta|Meloetta|100/100|[from] Flip Turn
|
|-heal|p2a: Zamazenta|99/100|[from] item: Leftovers
|upkeep
|turn|9
|
|t:|1776078827
|move|p1a: Meloetta|Hyper Voice|p2a: Zamazenta
|-damage|p2a: Zamazenta|44/100
|move|p2a: Zamazenta|Roar|p1a: Meloetta
|drag|p1a: Forretress|Forretress, F|33/100
|
|-heal|p2a: Zamazenta|50/100|[from] item: Leftovers
|-heal|p1a: Forretress|39/100|[from] item: Leftovers
|upkeep
|turn|10
|
|t:|1776078834
|move|p2a: Zamazenta|Iron Defense|p2a: Zamazenta
|-boost|p2a: Zamazenta|def|2
|move|p1a: Forretress|Thunder Wave|p2a: Zamazenta
|-status|p2a: Zamazenta|par
|
|-heal|p2a: Zamazenta|57/100 par|[from] item: Leftovers
|-heal|p1a: Forretress|45/100|[from] item: Leftovers
|upkeep
|turn|11
|
|t:|1776078842
|switch|p1a: Moltres|Moltres|100/100
|cant|p2a: Zamazenta|par
|
|-heal|p2a: Zamazenta|63/100 par|[from] item: Leftovers
|upkeep
|turn|12
|
|t:|1776078853
|switch|p2a: Dragonite|Dragonite, F|87/100
|move|p1a: Moltres|Roar|p2a: Dragonite
|drag|p2a: Zamazenta|Zamazenta|63/100 par
|
|-heal|p2a: Zamazenta|69/100 par|[from] item: Leftovers
|upkeep
|turn|13
|
|t:|1776078857
|switch|p2a: Dragonite|Dragonite, F|87/100
|move|p1a: Moltres|Flamethrower|p2a: Dragonite
|-resisted|p2a: Dragonite
|-damage|p2a: Dragonite|66/100
|
|upkeep
|turn|14
|
|t:|1776078861
|move|p2a: Dragonite|Dragon Dance|p2a: Dragonite
|-boost|p2a: Dragonite|atk|1
|-boost|p2a: Dragonite|spe|1
|move|p1a: Moltres|Will-O-Wisp|p2a: Dragonite
|-status|p2a: Dragonite|brn
|
|-damage|p2a: Dragonite|60/100 brn|[from] brn
|upkeep
|turn|15
|
|t:|1776078866
|move|p2a: Dragonite|Dragon Dance|p2a: Dragonite
|-boost|p2a: Dragonite|atk|1
|-boost|p2a: Dragonite|spe|1
|move|p1a: Moltres|Roar|p2a: Dragonite
|drag|p2a: Kyurem|Kyurem|100/100
|-ability|p2a: Kyurem|Pressure
|
|upkeep
|turn|16
|
|t:|1776078871
|switch|p1a: Heatran|Heatran, F|100/100
|move|p2a: Kyurem|Draco Meteor|p1a: Heatran
|-resisted|p1a: Heatran
|-damage|p1a: Heatran|68/100
|-unboost|p2a: Kyurem|spa|2
|
|-heal|p1a: Heatran|74/100|[from] item: Leftovers
|upkeep
|turn|17
|
|t:|1776078881
|switch|p2a: Dragonite|Dragonite, F|60/100 brn
|move|p1a: Heatran|Stealth Rock|p2a: Dragonite
|-sidestart|p2: SynrLOL|move: Stealth Rock
|
|-heal|p1a: Heatran|81/100|[from] item: Leftovers
|-damage|p2a: Dragonite|53/100 brn|[from] brn
|upkeep
|turn|18
|
|t:|1776078885
|switch|p1a: Moltres|Moltres|100/100
|move|p2a: Dragonite|Earthquake|p1a: Moltres
|-immune|p1a: Moltres
|
|-damage|p2a: Dragonite|47/100 brn|[from] brn
|upkeep
|turn|19
|
|t:|1776078901
|switch|p2a: Kyurem|Kyurem|100/100
|-damage|p2a: Kyurem|76/100|[from] Stealth Rock
|-ability|p2a: Kyurem|Pressure
|move|p1a: Moltres|Roar|p2a: Kyurem
|drag|p2a: Dragonite|Dragonite, F|47/100 brn
|
|-damage|p2a: Dragonite|41/100 brn|[from] brn
|upkeep
|turn|20
|-message|SynrLOL forfeited.
|
|win|Kouneko
|raw|Kouneko's rating: 1277 &rarr; <strong>1304</strong><br />(+27 for winning)
|raw|SynrLOL's rating: 1306 &rarr; <strong>1284</strong><br />(-22 for losing)
|l|☆SynrLOL
|player|p2|
|l|☆Kouneko
|player|p1|
