|html|<div class="broadcast-blue"><strong>[Gen 9] OU is currently suspecting Volcarona! For information on how to participate check out the <a href="https://www.smogon.com/tools/suspects/view/208">suspect thread</a>.</strong></div>
|j|☆Dragonzord6
|j|☆Original007
|t:|1778501294
|gametype|singles
|player|p1|Dragonzord6|byron|1504
|player|p2|Original007|ghetsis|1432
|gen|9
|tier|[Gen 9] OU
|rated|
|rule|HP Percentage Mod: HP is shown in percentages
|rule|Endless Battle Clause: Forcing endless battles is banned
|rule|Species Clause: Limit one of each Pokémon
|rule|OHKO Clause: OHKO moves are banned
|rule|Evasion Items Clause: Evasion items are banned
|rule|Evasion Moves Clause: Evasion moves are banned
|rule|Evasion Abilities Clause: Evasion abilities are banned
|rule|Sleep Moves Clause: Sleep-inducing moves are banned
|clearpoke
|poke|p1|Pelipper, F|
|poke|p1|Barraskewda, M|
|poke|p1|Iron Treads|
|poke|p1|Raging Bolt|
|poke|p1|Kingdra, M|
|poke|p1|Kyurem|
|poke|p2|Scizor, M|
|poke|p2|Dragapult, M|
|poke|p2|Raging Bolt|
|poke|p2|Great Tusk|
|poke|p2|Enamorus, F|
|poke|p2|Tornadus-Therian, M|
|teampreview
|inactive|Battle timer is ON: inactive players will automatically lose when time's up. (requested by Dragonzord6)
|
|t:|1778501310
|teamsize|p1|6
|teamsize|p2|6
|start
|switch|p1a: Pelipper|Pelipper, F, shiny|100/100
|switch|p2a: Tornadus|Tornadus-Therian, M, shiny|100/100
|-weather|RainDance|[from] ability: Drizzle|[of] p1a: Pelipper
|turn|1
|
|t:|1778501321
|move|p2a: Tornadus|Knock Off|p1a: Pelipper
|-damage|p1a: Pelipper|79/100
|-enditem|p1a: Pelipper|Damp Rock|[from] move: Knock Off|[of] p2a: Tornadus
|move|p1a: Pelipper|U-turn|p2a: Tornadus
|-resisted|p2a: Tornadus
|-damage|p2a: Tornadus|95/100
|
|t:|1778501328
|switch|p1a: Kingdra|Kingdra, M, shiny|100/100|[from] U-turn
|
|-weather|RainDance|[upkeep]
|upkeep
|turn|2
|
|t:|1778501344
|-terastallize|p1a: Kingdra|Water
|move|p1a: Kingdra|Weather Ball|p2a: Tornadus
|-damage|p2a: Tornadus|0 fnt
|faint|p2a: Tornadus
|
|-weather|RainDance|[upkeep]
|upkeep
|
|t:|1778501362
|switch|p2a: Raging Bolt|Raging Bolt|100/100
|-enditem|p2a: Raging Bolt|Booster Energy
|-activate|p2a: Raging Bolt|ability: Protosynthesis|[fromitem]
|-start|p2a: Raging Bolt|protosynthesisspa
|turn|3
|
|t:|1778501374
|switch|p1a: Iron Treads|Iron Treads|100/100
|-enditem|p1a: Iron Treads|Booster Energy
|-activate|p1a: Iron Treads|ability: Quark Drive|[fromitem]
|-start|p1a: Iron Treads|quarkdrivespe
|move|p2a: Raging Bolt|Thunderclap||[still]
|-fail|p2a: Raging Bolt
|
|-weather|RainDance|[upkeep]
|upkeep
|turn|4
|inactive|Original007 has 120 seconds left.
|
|t:|1778501402
|-end|p2a: Raging Bolt|Protosynthesis|[silent]
|switch|p2a: Great Tusk|Great Tusk, shiny|100/100
|move|p1a: Iron Treads|Stealth Rock|p2a: Great Tusk
|-sidestart|p2: Original007|move: Stealth Rock
|
|-weather|RainDance|[upkeep]
|upkeep
|turn|5
|
|t:|1778501410
|-end|p1a: Iron Treads|Quark Drive|[silent]
|switch|p1a: Kingdra|Kingdra, M, shiny, tera:Water|100/100
|move|p2a: Great Tusk|Stealth Rock|p1a: Kingdra
|-sidestart|p1: Dragonzord6|move: Stealth Rock
|
|-weather|RainDance|[upkeep]
|upkeep
|turn|6
|inactive|Original007 has 120 seconds left.
|
|t:|1778501433
|-end|p2a: Great Tusk|Protosynthesis|[silent]
|switch|p2a: Raging Bolt|Raging Bolt|100/100
|-damage|p2a: Raging Bolt|88/100|[from] Stealth Rock
|move|p1a: Kingdra|Weather Ball|p2a: Raging Bolt
|-resisted|p2a: Raging Bolt
|-damage|p2a: Raging Bolt|30/100
|
|-weather|RainDance|[upkeep]
|upkeep
|turn|7
|
|t:|1778501456
|switch|p1a: Iron Treads|Iron Treads|100/100
|-damage|p1a: Iron Treads|98/100|[from] Stealth Rock
|move|p2a: Raging Bolt|Dragon Pulse|p1a: Iron Treads
|-resisted|p1a: Iron Treads
|-damage|p1a: Iron Treads|68/100
|
|-weather|RainDance|[upkeep]
|upkeep
|turn|8
|inactive|Original007 has 90 seconds left.
|
|t:|1778501481
|-end|p2a: Raging Bolt|Protosynthesis|[silent]
|switch|p2a: Great Tusk|Great Tusk, shiny|100/100
|move|p1a: Iron Treads|Rapid Spin|p2a: Great Tusk
|-damage|p2a: Great Tusk|93/100
|-boost|p1a: Iron Treads|spe|1
|-sideend|p1: Dragonzord6|Stealth Rock|[from] move: Rapid Spin|[of] p1a: Iron Treads
|
|-weather|none
|upkeep
|turn|9
|
|t:|1778501491
|-end|p1a: Iron Treads|Quark Drive|[silent]
|switch|p1a: Pelipper|Pelipper, F, shiny|79/100
|-weather|RainDance|[from] ability: Drizzle|[of] p1a: Pelipper
|move|p2a: Great Tusk|Rapid Spin|p1a: Pelipper
|-damage|p1a: Pelipper|60/100
|-boost|p2a: Great Tusk|spe|1
|-sideend|p2: Original007|Stealth Rock|[from] move: Rapid Spin|[of] p2a: Great Tusk
|
|-weather|RainDance|[upkeep]
|upkeep
|turn|10
|inactive|Original007 has 90 seconds left.
|
|t:|1778501517
|-end|p2a: Great Tusk|Protosynthesis|[silent]
|switch|p2a: Raging Bolt|Raging Bolt|30/100
|move|p1a: Pelipper|Surf|p2a: Raging Bolt
|-resisted|p2a: Raging Bolt
|-damage|p2a: Raging Bolt|2/100
|
|-weather|RainDance|[upkeep]
|upkeep
|turn|11
|
|t:|1778501528
|switch|p1a: Iron Treads|Iron Treads|68/100
|move|p2a: Raging Bolt|Dragon Pulse|p1a: Iron Treads
|-resisted|p1a: Iron Treads
|-crit|p1a: Iron Treads
|-damage|p1a: Iron Treads|22/100
|
|-weather|RainDance|[upkeep]
|upkeep
|turn|12
|
|t:|1778501537
|move|p1a: Iron Treads|Stealth Rock|p2a: Raging Bolt
|-sidestart|p2: Original007|move: Stealth Rock
|move|p2a: Raging Bolt|Dragon Pulse|p1a: Iron Treads
|-resisted|p1a: Iron Treads
|-damage|p1a: Iron Treads|0 fnt
|faint|p1a: Iron Treads
|-end|p1a: Iron Treads|Quark Drive|[silent]
|
|-weather|RainDance|[upkeep]
|upkeep
|
|t:|1778501546
|switch|p1a: Barraskewda|Barraskewda, M, shiny|100/100
|turn|13
|
|t:|1778501551
|move|p1a: Barraskewda|Aqua Jet|p2a: Raging Bolt
|-resisted|p2a: Raging Bolt
|-damage|p2a: Raging Bolt|0 fnt
|faint|p2a: Raging Bolt
|-end|p2a: Raging Bolt|Protosynthesis|[silent]
|
|-weather|none
|upkeep
|
|t:|1778501566
|switch|p2a: Dragapult|Dragapult, M, shiny|100/100
|turn|14
|
|t:|1778501570
|switch|p1a: Pelipper|Pelipper, F, shiny|60/100
|-weather|RainDance|[from] ability: Drizzle|[of] p1a: Pelipper
|move|p2a: Dragapult|Will-O-Wisp|p1a: Pelipper
|-status|p1a: Pelipper|brn
|
|-weather|RainDance|[upkeep]
|-damage|p1a: Pelipper|54/100 brn|[from] brn
|upkeep
|turn|15
|inactive|Original007 has 90 seconds left.
|
|t:|1778501604
|move|p2a: Dragapult|Hex|p1a: Pelipper
|-damage|p1a: Pelipper|0 fnt
|faint|p1a: Pelipper
|
|-weather|RainDance|[upkeep]
|upkeep
|
|t:|1778501611
|switch|p1a: Kingdra|Kingdra, M, shiny, tera:Water|100/100
|turn|16
|inactive|Original007 has 90 seconds left.
|
|t:|1778501638
|switch|p2a: Scizor|Scizor, M, shiny|100/100
|-damage|p2a: Scizor|88/100|[from] Stealth Rock
|move|p1a: Kingdra|Weather Ball|p2a: Scizor
|-damage|p2a: Scizor|0 fnt
|faint|p2a: Scizor
|
|-weather|RainDance|[upkeep]
|upkeep
|inactive|Original007 has 60 seconds left.
|inactive|Original007 has 30 seconds left.
|inactive|Original007 has 20 seconds left.
|inactive|Original007 has 15 seconds left.
|
|t:|1778501707
|switch|p2a: Dragapult|Dragapult, M, shiny|100/100
|turn|17
|inactive|Original007 has 25 seconds left this turn.
|inactive|Original007 has 20 seconds left.
|inactive|Original007 has 15 seconds left.
|inactive|Original007 has 10 seconds left.
|
|t:|1778501725
|move|p1a: Kingdra|Weather Ball|p2a: Dragapult
|-resisted|p2a: Dragapult
|-damage|p2a: Dragapult|2/100
|move|p2a: Dragapult|Dragon Darts|p1a: Kingdra
|-damage|p1a: Kingdra|75/100
|-anim|p2a: Dragapult|Dragon Darts|p1a: Kingdra
|-damage|p1a: Kingdra|50/100
|
|-weather|RainDance|[upkeep]
|upkeep
|turn|18
|inactive|Original007 has 20 seconds left this turn.
|inactive|Original007 has 15 seconds left.
|inactive|Original007 has 10 seconds left.
|
|t:|1778501743
|move|p1a: Kingdra|Weather Ball|p2a: Dragapult
|-resisted|p2a: Dragapult
|-damage|p2a: Dragapult|0 fnt
|faint|p2a: Dragapult
|
|-weather|none
|upkeep
|inactive|Original007 has 15 seconds left this turn.
|inactive|Original007 has 10 seconds left.
|inactive|Original007 has 5 seconds left.
|
|t:|1778501757
|switch|p2a: Great Tusk|Great Tusk, shiny|93/100
|turn|19
|inactive|Original007 has 15 seconds left this turn.
|inactive|Original007 has 10 seconds left.
|inactive|Original007 has 5 seconds left.
|
|t:|1778501778
|switch|p1a: Barraskewda|Barraskewda, M, shiny|100/100
|-terastallize|p2a: Great Tusk|Steel
|move|p2a: Great Tusk|Rapid Spin|p1a: Barraskewda
|-damage|p1a: Barraskewda|67/100
|-boost|p2a: Great Tusk|spe|1
|-sideend|p2: Original007|Stealth Rock|[from] move: Rapid Spin|[of] p2a: Great Tusk
|
|upkeep
|turn|20
|inactive|Original007 has 15 seconds left this turn.
|inactive|Original007 has 10 seconds left.
|inactive|Original007 has 5 seconds left.
|
|t:|1778501794
|move|p1a: Barraskewda|Aqua Jet|p2a: Great Tusk
|-damage|p2a: Great Tusk|69/100
|move|p2a: Great Tusk|Headlong Rush|p1a: Barraskewda
|-damage|p1a: Barraskewda|0 fnt
|-unboost|p2a: Great Tusk|def|1
|-unboost|p2a: Great Tusk|spd|1
|faint|p1a: Barraskewda
|
|upkeep
|inactive|Dragonzord6 has 120 seconds left.
|
|t:|1778501807
|switch|p1a: Kyurem|Kyurem, shiny|100/100
|-ability|p1a: Kyurem|Pressure
|turn|21
|inactive|Original007 has 20 seconds left this turn.
|inactive|Original007 has 15 seconds left.
|inactive|Original007 has 10 seconds left.
|inactive|Original007 has 5 seconds left.
|
|t:|1778501824
|move|p2a: Great Tusk|Headlong Rush|p1a: Kyurem
|-damage|p1a: Kyurem|41/100
|-unboost|p2a: Great Tusk|def|1
|-unboost|p2a: Great Tusk|spd|1
|move|p1a: Kyurem|Substitute|p1a: Kyurem
|-start|p1a: Kyurem|Substitute
|-damage|p1a: Kyurem|16/100
|
|upkeep
|turn|22
|inactive|Original007 has 15 seconds left this turn.
|inactive|Original007 has 10 seconds left.
|inactive|Original007 has 5 seconds left.
|
|t:|1778501837
|move|p2a: Great Tusk|Headlong Rush|p1a: Kyurem
|-end|p1a: Kyurem|Substitute
|-unboost|p2a: Great Tusk|def|1
|-unboost|p2a: Great Tusk|spd|1
|move|p1a: Kyurem|Scale Shot|p2a: Great Tusk|[miss]
|-miss|p1a: Kyurem|p2a: Great Tusk
|
|upkeep
|turn|23
|inactive|Original007 has 15 seconds left this turn.
|inactive|Original007 has 10 seconds left.
|
|t:|1778501848
|move|p2a: Great Tusk|Headlong Rush|p1a: Kyurem
|-damage|p1a: Kyurem|0 fnt
|-unboost|p2a: Great Tusk|def|1
|-unboost|p2a: Great Tusk|spd|1
|faint|p1a: Kyurem
|
|upkeep
|
|t:|1778501855
|switch|p1a: Kingdra|Kingdra, M, shiny, tera:Water|50/100
|turn|24
|inactive|Original007 has 25 seconds left this turn.
|inactive|Original007 has 20 seconds left.
|
|t:|1778501864
|move|p2a: Great Tusk|Headlong Rush|p1a: Kingdra
|-damage|p1a: Kingdra|0 fnt
|-unboost|p2a: Great Tusk|def|1
|-unboost|p2a: Great Tusk|spd|1
|faint|p1a: Kingdra
|
|upkeep
|
|t:|1778501870
|switch|p1a: Raging Bolt|Raging Bolt|100/100
|turn|25
|inactive|Original007 has 30 seconds left.
|inactive|Original007 has 20 seconds left.
|inactive|Original007 has 15 seconds left.
|inactive|Original007 has 10 seconds left.
|
|t:|1778501898
|-end|p2a: Great Tusk|Protosynthesis|[silent]
|switch|p2a: Enamorus|Enamorus, F|100/100
|move|p1a: Raging Bolt|Thunder|p2a: Enamorus
|-supereffective|p2a: Enamorus
|-damage|p2a: Enamorus|0 fnt
|faint|p2a: Enamorus
|
|upkeep
|inactive|Original007 has 15 seconds left this turn.
|inactive|Original007 has 10 seconds left.
|
|t:|1778501905
|switch|p2a: Great Tusk|Great Tusk, shiny, tera:Steel|69/100
|turn|26
|inactive|Original007 has 20 seconds left this turn.
|inactive|Original007 has 15 seconds left.
|inactive|Original007 has 10 seconds left.
|
|t:|1778501918
|move|p2a: Great Tusk|Ice Spinner|p1a: Raging Bolt
|-supereffective|p1a: Raging Bolt
|-damage|p1a: Raging Bolt|57/100
|move|p1a: Raging Bolt|Thunder|p2a: Great Tusk
|-damage|p2a: Great Tusk|0 fnt
|faint|p2a: Great Tusk
|-end|p2a: Great Tusk|Protosynthesis|[silent]
|
|win|Dragonzord6
|raw|Dragonzord6's rating: 1504 &rarr; <strong>1520</strong><br />(+16 for winning)
|raw|Original007's rating: 1432 &rarr; <strong>1416</strong><br />(-16 for losing)
|c|☆Original007|ggs
|c|☆Dragonzord6|Gg
