|html|<div class="broadcast-blue"><strong>[Gen 9] OU is currently suspecting Volcarona! For information on how to participate check out the <a href="https://www.smogon.com/tools/suspects/view/208">suspect thread</a>.</strong></div>
|j|☆ATOMIX467
|j|☆cpt.fgt
|t:|1778510021
|gametype|singles
|player|p1|ATOMIX467|riley|1325
|player|p2|cpt.fgt|wallace|1326
|gen|9
|tier|[Gen 9] OU
|rated|
|rule|HP Percentage Mod: HP is shown in percentages
|rule|Endless Battle Clause: Forcing endless battles is banned
|rule|Species Clause: Limit one of each Pokémon
|rule|OHKO Clause: OHKO moves are banned
|rule|Evasion Items Clause: Evasion items are banned
|rule|Evasion Moves Clause: Evasion moves are banned
|rule|Evasion Abilities Clause: Evasion abilities are banned
|rule|Sleep Moves Clause: Sleep-inducing moves are banned
|clearpoke
|poke|p1|Trevenant, M|
|poke|p1|Torkoal, M|
|poke|p1|Walking Wake|
|poke|p1|Blaziken, M|
|poke|p1|Great Tusk|
|poke|p1|Ting-Lu|
|poke|p2|Weezing-Galar, F|
|poke|p2|Gliscor, M|
|poke|p2|Blissey, F|
|poke|p2|Corviknight, F|
|poke|p2|Dondozo, F|
|poke|p2|Toxapex, M|
|teampreview
|inactive|Battle timer is ON: inactive players will automatically lose when time's up. (requested by ATOMIX467)
|
|t:|1778510039
|teamsize|p1|6
|teamsize|p2|6
|start
|switch|p1a: Walking Wake|Walking Wake|100/100
|switch|p2a: Weezing|Weezing-Galar, F|100/100
|-ability|p2a: Weezing|Neutralizing Gas
|turn|1
|
|t:|1778510046
|move|p1a: Walking Wake|Hydro Steam|p2a: Weezing
|-damage|p2a: Weezing|11/100
|move|p2a: Weezing|Toxic Spikes|p1a: Walking Wake
|-sidestart|p1: ATOMIX467|move: Toxic Spikes
|
|upkeep
|turn|2
|
|t:|1778510055
|-end|p2a: Weezing|ability: Neutralizing Gas
|switch|p2a: Blissey|Blissey, F|100/100
|move|p1a: Walking Wake|Hydro Steam|p2a: Blissey
|-damage|p2a: Blissey|82/100
|
|-heal|p2a: Blissey|88/100|[from] item: Leftovers
|upkeep
|turn|3
|
|t:|1778510066
|-end|p1a: Walking Wake|Protosynthesis|[silent]
|switch|p1a: Great Tusk|Great Tusk|100/100
|switch|p2a: Dondozo|Dondozo, F|100/100
|
|upkeep
|turn|4
|
|t:|1778510073
|move|p1a: Great Tusk|Rapid Spin|p2a: Dondozo
|-damage|p2a: Dondozo|93/100
|-boost|p1a: Great Tusk|spe|1
|-sideend|p1: ATOMIX467|Toxic Spikes|[from] move: Rapid Spin|[of] p1a: Great Tusk
|move|p2a: Dondozo|Waterfall|p1a: Great Tusk
|-supereffective|p1a: Great Tusk
|-damage|p1a: Great Tusk|61/100
|
|-heal|p2a: Dondozo|99/100|[from] item: Leftovers
|upkeep
|turn|5
|
|t:|1778510083
|-end|p1a: Great Tusk|Protosynthesis|[silent]
|switch|p1a: Torkoal|Torkoal, M|100/100
|-weather|SunnyDay|[from] ability: Drought|[of] p1a: Torkoal
|move|p2a: Dondozo|Waterfall|p1a: Torkoal
|-supereffective|p1a: Torkoal
|-damage|p1a: Torkoal|85/100
|
|-weather|SunnyDay|[upkeep]
|-heal|p2a: Dondozo|100/100|[from] item: Leftovers
|upkeep
|turn|6
|
|t:|1778510097
|switch|p2a: Blissey|Blissey, F|88/100
|switch|p1a: Trevenant|Trevenant, M, shiny|100/100
|
|-weather|SunnyDay|[upkeep]
|-heal|p2a: Blissey|94/100|[from] item: Leftovers
|upkeep
|turn|7
|
|t:|1778510102
|switch|p2a: Gliscor|Gliscor, M|100/100
|move|p1a: Trevenant|Substitute|p1a: Trevenant
|-start|p1a: Trevenant|Substitute
|-damage|p1a: Trevenant|76/100
|
|-weather|SunnyDay|[upkeep]
|-status|p2a: Gliscor|tox|[from] item: Toxic Orb
|upkeep
|turn|8
|
|t:|1778510107
|move|p2a: Gliscor|Knock Off|p1a: Trevenant
|-supereffective|p1a: Trevenant
|-end|p1a: Trevenant|Substitute
|move|p1a: Trevenant|Curse|p2a: Gliscor
|-start|p2a: Gliscor|Curse|[of] p1a: Trevenant
|-damage|p1a: Trevenant|26/100
|-enditem|p1a: Trevenant|Sitrus Berry|[eat]
|-heal|p1a: Trevenant|51/100|[from] item: Sitrus Berry
|
|-weather|SunnyDay|[upkeep]
|-damage|p2a: Gliscor|75/100 tox|[from] Curse
|-item|p1a: Trevenant|Sitrus Berry|[from] ability: Harvest
|upkeep
|turn|9
|
|t:|1778510129
|switch|p2a: Corviknight|Corviknight, F|100/100
|-ability|p2a: Corviknight|Pressure
|switch|p1a: Great Tusk|Great Tusk|61/100
|-activate|p1a: Great Tusk|ability: Protosynthesis
|-start|p1a: Great Tusk|protosynthesisdef
|
|-weather|SunnyDay|[upkeep]
|upkeep
|turn|10
|
|t:|1778510136
|move|p1a: Great Tusk|Knock Off|p2a: Corviknight
|-damage|p2a: Corviknight|80/100
|-enditem|p2a: Corviknight|Leftovers|[from] move: Knock Off|[of] p1a: Great Tusk
|move|p2a: Corviknight|Iron Defense|p2a: Corviknight
|-boost|p2a: Corviknight|def|2
|
|-weather|SunnyDay|[upkeep]
|upkeep
|turn|11
|
|t:|1778510144
|-end|p1a: Great Tusk|Protosynthesis|[silent]
|switch|p1a: Trevenant|Trevenant, M, shiny|51/100
|move|p2a: Corviknight|Body Press|p1a: Trevenant
|-immune|p1a: Trevenant
|
|-weather|SunnyDay|[upkeep]
|upkeep
|turn|12
|
|t:|1778510169
|switch|p2a: Gliscor|Gliscor, M|75/100 tox
|move|p1a: Trevenant|Substitute|p1a: Trevenant
|-start|p1a: Trevenant|Substitute
|-damage|p1a: Trevenant|26/100
|-enditem|p1a: Trevenant|Sitrus Berry|[eat]
|-heal|p1a: Trevenant|51/100|[from] item: Sitrus Berry
|
|-weather|none
|-heal|p2a: Gliscor|88/100 tox|[from] ability: Poison Heal
|-item|p1a: Trevenant|Sitrus Berry|[from] ability: Harvest
|upkeep
|turn|13
|
|t:|1778510174
|move|p2a: Gliscor|Knock Off|p1a: Trevenant
|-supereffective|p1a: Trevenant
|-end|p1a: Trevenant|Substitute
|move|p1a: Trevenant|Horn Leech|p2a: Gliscor
|-damage|p2a: Gliscor|56/100 tox
|-heal|p1a: Trevenant|69/100|[from] drain|[of] p2a: Gliscor
|
|-heal|p2a: Gliscor|68/100 tox|[from] ability: Poison Heal
|upkeep
|turn|14
|
|t:|1778510183
|switch|p1a: Torkoal|Torkoal, M|85/100
|-weather|SunnyDay|[from] ability: Drought|[of] p1a: Torkoal
|move|p2a: Gliscor|Knock Off|p1a: Torkoal
|-damage|p1a: Torkoal|72/100
|-enditem|p1a: Torkoal|Heat Rock|[from] move: Knock Off|[of] p2a: Gliscor
|
|-weather|SunnyDay|[upkeep]
|-heal|p2a: Gliscor|81/100 tox|[from] ability: Poison Heal
|upkeep
|turn|15
|
|t:|1778510190
|move|p2a: Gliscor|Protect|p2a: Gliscor
|-singleturn|p2a: Gliscor|Protect
|move|p1a: Torkoal|Stealth Rock|p2a: Gliscor
|-sidestart|p2: cpt.fgt|move: Stealth Rock
|
|-weather|SunnyDay|[upkeep]
|-heal|p2a: Gliscor|93/100 tox|[from] ability: Poison Heal
|upkeep
|turn|16
|
|t:|1778510214
|switch|p1a: Walking Wake|Walking Wake|100/100
|-activate|p1a: Walking Wake|ability: Protosynthesis
|-start|p1a: Walking Wake|protosynthesisspe
|move|p2a: Gliscor|Earthquake|p1a: Walking Wake
|-damage|p1a: Walking Wake|63/100
|
|-weather|SunnyDay|[upkeep]
|-heal|p2a: Gliscor|100/100 tox|[from] ability: Poison Heal
|upkeep
|turn|17
|
|t:|1778510225
|switch|p2a: Blissey|Blissey, F|94/100
|-damage|p2a: Blissey|82/100|[from] Stealth Rock
|move|p1a: Walking Wake|Draco Meteor|p2a: Blissey|[miss]
|-miss|p1a: Walking Wake|p2a: Blissey
|
|-weather|SunnyDay|[upkeep]
|-heal|p2a: Blissey|88/100|[from] item: Leftovers
|upkeep
|turn|18
|
|t:|1778510236
|-end|p1a: Walking Wake|Protosynthesis|[silent]
|switch|p1a: Ting-Lu|Ting-Lu|100/100
|-ability|p1a: Ting-Lu|Vessel of Ruin
|switch|p2a: Toxapex|Toxapex, M|100/100
|-damage|p2a: Toxapex|88/100|[from] Stealth Rock
|
|-weather|SunnyDay|[upkeep]
|upkeep
|turn|19
|
|t:|1778510247
|move|p1a: Ting-Lu|Spikes|p2a: Toxapex
|-sidestart|p2: cpt.fgt|Spikes
|move|p2a: Toxapex|Toxic|p1a: Ting-Lu
|-status|p1a: Ting-Lu|tox
|
|-weather|SunnyDay|[upkeep]
|-damage|p1a: Ting-Lu|94/100 tox|[from] psn
|upkeep
|turn|20
|
|t:|1778510269
|move|p1a: Ting-Lu|Spikes|p2a: Toxapex
|-sidestart|p2: cpt.fgt|Spikes
|move|p2a: Toxapex|Recover|p2a: Toxapex
|-heal|p2a: Toxapex|100/100
|
|-weather|SunnyDay|[upkeep]
|-heal|p1a: Ting-Lu|100/100 tox|[from] item: Leftovers
|-damage|p1a: Ting-Lu|88/100 tox|[from] psn
|upkeep
|turn|21
|
|t:|1778510276
|switch|p1a: Trevenant|Trevenant, M, shiny|69/100
|switch|p2a: Corviknight|Corviknight, F|80/100
|-damage|p2a: Corviknight|67/100|[from] Stealth Rock
|-ability|p2a: Corviknight|Pressure
|
|-weather|none
|upkeep
|turn|22
|
|t:|1778510282
|move|p2a: Corviknight|Defog|p1a: Trevenant
|-unboost|p1a: Trevenant|evasion|1
|-sideend|p2: cpt.fgt|Spikes|[from] move: Defog|[of] p2a: Corviknight
|-sideend|p2: cpt.fgt|Stealth Rock|[from] move: Defog|[of] p2a: Corviknight
|move|p1a: Trevenant|Curse|p2a: Corviknight
|-start|p2a: Corviknight|Curse|[of] p1a: Trevenant
|-damage|p1a: Trevenant|19/100
|-enditem|p1a: Trevenant|Sitrus Berry|[eat]
|-heal|p1a: Trevenant|44/100|[from] item: Sitrus Berry
|
|-damage|p2a: Corviknight|43/100|[from] Curse
|upkeep
|turn|23
|
|t:|1778510294
|switch|p2a: Gliscor|Gliscor, M|100/100 tox
|move|p1a: Trevenant|Substitute|p1a: Trevenant
|-start|p1a: Trevenant|Substitute
|-damage|p1a: Trevenant|19/100
|
|upkeep
|turn|24
|
|t:|1778510298
|move|p2a: Gliscor|Knock Off|p1a: Trevenant
|-supereffective|p1a: Trevenant
|-end|p1a: Trevenant|Substitute
|move|p1a: Trevenant|Horn Leech|p2a: Gliscor
|-damage|p2a: Gliscor|68/100 tox
|-heal|p1a: Trevenant|38/100|[from] drain|[of] p2a: Gliscor
|
|-heal|p2a: Gliscor|80/100 tox|[from] ability: Poison Heal
|-item|p1a: Trevenant|Sitrus Berry|[from] ability: Harvest
|upkeep
|-enditem|p1a: Trevenant|Sitrus Berry|[eat]
|-heal|p1a: Trevenant|63/100|[from] item: Sitrus Berry
|turn|25
|
|t:|1778510301
|move|p1a: Trevenant|Protect|p1a: Trevenant
|-singleturn|p1a: Trevenant|Protect
|move|p2a: Gliscor|Knock Off|p1a: Trevenant
|-activate|p1a: Trevenant|move: Protect
|
|-heal|p2a: Gliscor|93/100 tox|[from] ability: Poison Heal
|-item|p1a: Trevenant|Sitrus Berry|[from] ability: Harvest
|upkeep
|turn|26
|
|t:|1778510305
|switch|p1a: Torkoal|Torkoal, M|72/100
|-weather|SunnyDay|[from] ability: Drought|[of] p1a: Torkoal
|move|p2a: Gliscor|Knock Off|p1a: Torkoal
|-damage|p1a: Torkoal|64/100
|
|-weather|SunnyDay|[upkeep]
|-heal|p2a: Gliscor|100/100 tox|[from] ability: Poison Heal
|upkeep
|turn|27
|
|t:|1778510315
|move|p2a: Gliscor|Earthquake|p1a: Torkoal
|-supereffective|p1a: Torkoal
|-damage|p1a: Torkoal|25/100
|move|p1a: Torkoal|Stealth Rock|p2a: Gliscor
|-sidestart|p2: cpt.fgt|move: Stealth Rock
|
|-weather|SunnyDay|[upkeep]
|upkeep
|turn|28
|
|t:|1778510319
|switch|p1a: Trevenant|Trevenant, M, shiny|63/100
|move|p2a: Gliscor|Earthquake|p1a: Trevenant
|-resisted|p1a: Trevenant
|-damage|p1a: Trevenant|42/100
|-enditem|p1a: Trevenant|Sitrus Berry|[eat]
|-heal|p1a: Trevenant|66/100|[from] item: Sitrus Berry
|
|-weather|SunnyDay|[upkeep]
|-item|p1a: Trevenant|Sitrus Berry|[from] ability: Harvest
|upkeep
|turn|29
|
|t:|1778510328
|switch|p1a: Great Tusk|Great Tusk|61/100
|-activate|p1a: Great Tusk|ability: Protosynthesis
|-start|p1a: Great Tusk|protosynthesisdef
|move|p2a: Gliscor|Knock Off|p1a: Great Tusk
|-resisted|p1a: Great Tusk
|-damage|p1a: Great Tusk|55/100
|-enditem|p1a: Great Tusk|Heavy-Duty Boots|[from] move: Knock Off|[of] p2a: Gliscor
|
|-weather|SunnyDay|[upkeep]
|upkeep
|turn|30
|
|t:|1778510336
|move|p2a: Gliscor|Protect|p2a: Gliscor
|-singleturn|p2a: Gliscor|Protect
|move|p1a: Great Tusk|Bulk Up|p1a: Great Tusk
|-boost|p1a: Great Tusk|atk|1
|-boost|p1a: Great Tusk|def|1
|
|-weather|none
|-end|p1a: Great Tusk|Protosynthesis
|upkeep
|turn|31
|
|t:|1778510342
|switch|p2a: Dondozo|Dondozo, F|100/100
|-damage|p2a: Dondozo|88/100|[from] Stealth Rock
|move|p1a: Great Tusk|Rapid Spin|p2a: Dondozo
|-damage|p2a: Dondozo|81/100
|-boost|p1a: Great Tusk|spe|1
|
|-heal|p2a: Dondozo|87/100|[from] item: Leftovers
|upkeep
|turn|32
|
|t:|1778510346
|move|p1a: Great Tusk|Knock Off|p2a: Dondozo
|-damage|p2a: Dondozo|73/100
|-enditem|p2a: Dondozo|Leftovers|[from] move: Knock Off|[of] p1a: Great Tusk
|move|p2a: Dondozo|Waterfall|p1a: Great Tusk
|-supereffective|p1a: Great Tusk
|-damage|p1a: Great Tusk|19/100
|
|upkeep
|turn|33
|
|t:|1778510353
|move|p1a: Great Tusk|Earthquake|p2a: Dondozo
|-damage|p2a: Dondozo|53/100
|move|p2a: Dondozo|Waterfall|p1a: Great Tusk
|-supereffective|p1a: Great Tusk
|-damage|p1a: Great Tusk|0 fnt
|faint|p1a: Great Tusk
|-end|p1a: Great Tusk|Protosynthesis|[silent]
|
|upkeep
|
|t:|1778510361
|switch|p1a: Torkoal|Torkoal, M|25/100
|-weather|SunnyDay|[from] ability: Drought|[of] p1a: Torkoal
|turn|34
|
|t:|1778510365
|switch|p1a: Trevenant|Trevenant, M, shiny|66/100
|move|p2a: Dondozo|Waterfall|p1a: Trevenant
|-resisted|p1a: Trevenant
|-damage|p1a: Trevenant|59/100
|
|-weather|SunnyDay|[upkeep]
|upkeep
|turn|35
|
|t:|1778510378
|switch|p2a: Toxapex|Toxapex, M|100/100
|-damage|p2a: Toxapex|88/100|[from] Stealth Rock
|move|p1a: Trevenant|Substitute|p1a: Trevenant
|-start|p1a: Trevenant|Substitute
|-damage|p1a: Trevenant|34/100
|-enditem|p1a: Trevenant|Sitrus Berry|[eat]
|-heal|p1a: Trevenant|59/100|[from] item: Sitrus Berry
|
|-weather|SunnyDay|[upkeep]
|-item|p1a: Trevenant|Sitrus Berry|[from] ability: Harvest
|upkeep
|turn|36
|
|t:|1778510382
|move|p1a: Trevenant|Curse|p2a: Toxapex
|-start|p2a: Toxapex|Curse|[of] p1a: Trevenant
|-damage|p1a: Trevenant|9/100
|-enditem|p1a: Trevenant|Sitrus Berry|[eat]
|-heal|p1a: Trevenant|34/100|[from] item: Sitrus Berry
|move|p2a: Toxapex|Poison Jab|p1a: Trevenant
|-activate|p1a: Trevenant|move: Substitute|[damage]
|
|-weather|SunnyDay|[upkeep]
|-damage|p2a: Toxapex|64/100|[from] Curse
|-item|p1a: Trevenant|Sitrus Berry|[from] ability: Harvest
|upkeep
|-enditem|p1a: Trevenant|Sitrus Berry|[eat]
|-heal|p1a: Trevenant|58/100|[from] item: Sitrus Berry
|turn|37
|
|t:|1778510397
|switch|p2a: Blissey|Blissey, F|88/100
|-damage|p2a: Blissey|75/100|[from] Stealth Rock
|move|p1a: Trevenant|Curse|p2a: Blissey
|-start|p2a: Blissey|Curse|[of] p1a: Trevenant
|-damage|p1a: Trevenant|9/100
|
|-weather|SunnyDay|[upkeep]
|-heal|p2a: Blissey|82/100|[from] item: Leftovers
|-damage|p2a: Blissey|57/100|[from] Curse
|-item|p1a: Trevenant|Sitrus Berry|[from] ability: Harvest
|upkeep
|-enditem|p1a: Trevenant|Sitrus Berry|[eat]
|-heal|p1a: Trevenant|33/100|[from] item: Sitrus Berry
|turn|38
|
|t:|1778510405
|switch|p2a: Gliscor|Gliscor, M|100/100 tox
|-damage|p2a: Gliscor|88/100 tox|[from] Stealth Rock
|move|p1a: Trevenant|Horn Leech|p2a: Gliscor
|-damage|p2a: Gliscor|56/100 tox
|-heal|p1a: Trevenant|51/100|[from] drain|[of] p2a: Gliscor
|
|-weather|none
|-heal|p2a: Gliscor|69/100 tox|[from] ability: Poison Heal
|upkeep
|turn|39
|
|t:|1778510413
|move|p2a: Gliscor|Knock Off|p1a: Trevenant
|-supereffective|p1a: Trevenant
|-end|p1a: Trevenant|Substitute
|move|p1a: Trevenant|Curse|p2a: Gliscor
|-start|p2a: Gliscor|Curse|[of] p1a: Trevenant
|-damage|p1a: Trevenant|1/100
|
|-heal|p2a: Gliscor|81/100 tox|[from] ability: Poison Heal
|-damage|p2a: Gliscor|56/100 tox|[from] Curse
|upkeep
|turn|40
|
|t:|1778510422
|switch|p2a: Toxapex|Toxapex, M|97/100
|-damage|p2a: Toxapex|85/100|[from] Stealth Rock
|switch|p1a: Torkoal|Torkoal, M|25/100
|-weather|SunnyDay|[from] ability: Drought|[of] p1a: Torkoal
|
|-weather|SunnyDay|[upkeep]
|upkeep
|turn|41
|
|t:|1778510428
|switch|p1a: Ting-Lu|Ting-Lu|88/100 tox
|-ability|p1a: Ting-Lu|Vessel of Ruin
|move|p2a: Toxapex|Toxic|p1a: Ting-Lu
|-fail|p1a: Ting-Lu|tox
|
|-weather|SunnyDay|[upkeep]
|-heal|p1a: Ting-Lu|94/100 tox|[from] item: Leftovers
|-damage|p1a: Ting-Lu|88/100 tox|[from] psn
|upkeep
|turn|42
|
|t:|1778510435
|switch|p2a: Corviknight|Corviknight, F|43/100
|-damage|p2a: Corviknight|30/100|[from] Stealth Rock
|-ability|p2a: Corviknight|Pressure
|move|p1a: Ting-Lu|Earthquake|p2a: Corviknight
|-immune|p2a: Corviknight
|
|-weather|SunnyDay|[upkeep]
|-heal|p1a: Ting-Lu|94/100 tox|[from] item: Leftovers
|-damage|p1a: Ting-Lu|82/100 tox|[from] psn
|upkeep
|turn|43
|
|t:|1778510441
|switch|p1a: Trevenant|Trevenant, M, shiny|1/100
|move|p2a: Corviknight|Roost|p2a: Corviknight
|-heal|p2a: Corviknight|80/100
|-singleturn|p2a: Corviknight|move: Roost
|
|-weather|SunnyDay|[upkeep]
|-item|p1a: Trevenant|Sitrus Berry|[from] ability: Harvest
|upkeep
|-enditem|p1a: Trevenant|Sitrus Berry|[eat]
|-heal|p1a: Trevenant|26/100|[from] item: Sitrus Berry
|turn|44
|
|t:|1778510453
|move|p2a: Corviknight|Defog|p1a: Trevenant
|-unboost|p1a: Trevenant|evasion|1
|-sideend|p2: cpt.fgt|Stealth Rock|[from] move: Defog|[of] p2a: Corviknight
|move|p1a: Trevenant|Substitute|p1a: Trevenant
|-start|p1a: Trevenant|Substitute
|-damage|p1a: Trevenant|1/100
|
|-weather|none
|-item|p1a: Trevenant|Sitrus Berry|[from] ability: Harvest
|upkeep
|-enditem|p1a: Trevenant|Sitrus Berry|[eat]
|-heal|p1a: Trevenant|26/100|[from] item: Sitrus Berry
|turn|45
|
|t:|1778510469
|switch|p2a: Gliscor|Gliscor, M|56/100 tox
|move|p1a: Trevenant|Horn Leech|p2a: Gliscor
|-damage|p2a: Gliscor|27/100 tox
|-heal|p1a: Trevenant|43/100|[from] drain|[of] p2a: Gliscor
|
|-heal|p2a: Gliscor|39/100 tox|[from] ability: Poison Heal
|upkeep
|turn|46
|
|t:|1778510476
|move|p2a: Gliscor|Protect|p2a: Gliscor
|-singleturn|p2a: Gliscor|Protect
|move|p1a: Trevenant|Horn Leech|p2a: Gliscor
|-activate|p2a: Gliscor|move: Protect
|
|-heal|p2a: Gliscor|52/100 tox|[from] ability: Poison Heal
|-item|p1a: Trevenant|Sitrus Berry|[from] ability: Harvest
|upkeep
|-enditem|p1a: Trevenant|Sitrus Berry|[eat]
|-heal|p1a: Trevenant|68/100|[from] item: Sitrus Berry
|turn|47
|
|t:|1778510483
|move|p2a: Gliscor|Knock Off|p1a: Trevenant
|-supereffective|p1a: Trevenant
|-end|p1a: Trevenant|Substitute
|move|p1a: Trevenant|Horn Leech|p2a: Gliscor
|-damage|p2a: Gliscor|20/100 tox
|-heal|p1a: Trevenant|86/100|[from] drain|[of] p2a: Gliscor
|
|-heal|p2a: Gliscor|33/100 tox|[from] ability: Poison Heal
|upkeep
|turn|48
|
|t:|1778510491
|switch|p1a: Torkoal|Torkoal, M|25/100
|-weather|SunnyDay|[from] ability: Drought|[of] p1a: Torkoal
|move|p2a: Gliscor|Knock Off|p1a: Torkoal
|-damage|p1a: Torkoal|17/100
|
|-weather|SunnyDay|[upkeep]
|-heal|p2a: Gliscor|45/100 tox|[from] ability: Poison Heal
|upkeep
|turn|49
|
|t:|1778510496
|switch|p1a: Ting-Lu|Ting-Lu|82/100 tox
|-ability|p1a: Ting-Lu|Vessel of Ruin
|move|p2a: Gliscor|Earthquake|p1a: Ting-Lu
|-damage|p1a: Ting-Lu|63/100 tox
|
|-weather|SunnyDay|[upkeep]
|-heal|p1a: Ting-Lu|69/100 tox|[from] item: Leftovers
|-heal|p2a: Gliscor|58/100 tox|[from] ability: Poison Heal
|-damage|p1a: Ting-Lu|63/100 tox|[from] psn
|upkeep
|turn|50
|
|t:|1778510506
|switch|p2a: Weezing|Weezing-Galar, F|11/100
|-ability|p2a: Weezing|Neutralizing Gas
|move|p1a: Ting-Lu|Spikes|p2a: Weezing
|-sidestart|p2: cpt.fgt|Spikes
|
|-weather|SunnyDay|[upkeep]
|-heal|p1a: Ting-Lu|69/100 tox|[from] item: Leftovers
|-damage|p1a: Ting-Lu|57/100 tox|[from] psn
|upkeep
|turn|51
|
|t:|1778510514
|move|p2a: Weezing|Toxic Spikes|p1a: Ting-Lu
|-sidestart|p1: ATOMIX467|move: Toxic Spikes
|move|p1a: Ting-Lu|Earthquake|p2a: Weezing
|-supereffective|p2a: Weezing
|-damage|p2a: Weezing|0 fnt
|faint|p2a: Weezing
|-end|p2a: Weezing|ability: Neutralizing Gas
|-ability|p1a: Ting-Lu|Vessel of Ruin
|
|-weather|SunnyDay|[upkeep]
|-heal|p1a: Ting-Lu|63/100 tox|[from] item: Leftovers
|-damage|p1a: Ting-Lu|44/100 tox|[from] psn
|upkeep
|
|t:|1778510535
|switch|p2a: Dondozo|Dondozo, F|53/100
|-damage|p2a: Dondozo|40/100|[from] Spikes
|turn|52
|
|t:|1778510542
|switch|p2a: Gliscor|Gliscor, M|58/100 tox
|move|p1a: Ting-Lu|Spikes|p2a: Gliscor
|-sidestart|p2: cpt.fgt|Spikes
|
|-weather|none
|-heal|p1a: Ting-Lu|50/100 tox|[from] item: Leftovers
|-heal|p2a: Gliscor|70/100 tox|[from] ability: Poison Heal
|-damage|p1a: Ting-Lu|26/100 tox|[from] psn
|upkeep
|turn|53
|
|t:|1778510546
|move|p2a: Gliscor|Swords Dance|p2a: Gliscor
|-boost|p2a: Gliscor|atk|2
|move|p1a: Ting-Lu|Spikes|p2a: Gliscor
|-sidestart|p2: cpt.fgt|Spikes
|
|-heal|p1a: Ting-Lu|32/100 tox|[from] item: Leftovers
|-heal|p2a: Gliscor|83/100 tox|[from] ability: Poison Heal
|-damage|p1a: Ting-Lu|1/100 tox|[from] psn
|upkeep
|turn|54
|
|t:|1778510556
|move|p2a: Gliscor|Knock Off|p1a: Ting-Lu
|-resisted|p1a: Ting-Lu
|-damage|p1a: Ting-Lu|0 fnt
|-enditem|p1a: Ting-Lu|Leftovers|[from] move: Knock Off|[of] p2a: Gliscor
|faint|p1a: Ting-Lu
|
|-heal|p2a: Gliscor|95/100 tox|[from] ability: Poison Heal
|upkeep
|
|t:|1778510561
|switch|p1a: Torkoal|Torkoal, M|17/100
|-status|p1a: Torkoal|psn
|-weather|SunnyDay|[from] ability: Drought|[of] p1a: Torkoal
|turn|55
|
|t:|1778510564
|move|p2a: Gliscor|Earthquake|p1a: Torkoal
|-supereffective|p1a: Torkoal
|-crit|p1a: Torkoal
|-damage|p1a: Torkoal|0 fnt
|faint|p1a: Torkoal
|
|-weather|SunnyDay|[upkeep]
|-heal|p2a: Gliscor|100/100 tox|[from] ability: Poison Heal
|upkeep
|
|t:|1778510567
|switch|p1a: Walking Wake|Walking Wake|63/100
|-status|p1a: Walking Wake|psn
|-activate|p1a: Walking Wake|ability: Protosynthesis
|-start|p1a: Walking Wake|protosynthesisspe
|turn|56
|
|t:|1778510577
|-terastallize|p1a: Walking Wake|Water
|move|p2a: Gliscor|Protect|p2a: Gliscor
|-singleturn|p2a: Gliscor|Protect
|move|p1a: Walking Wake|Hydro Steam|p2a: Gliscor
|-activate|p2a: Gliscor|move: Protect
|
|-weather|SunnyDay|[upkeep]
|-damage|p1a: Walking Wake|50/100 psn|[from] psn
|upkeep
|turn|57
|
|t:|1778510583
|switch|p2a: Toxapex|Toxapex, M|100/100
|-damage|p2a: Toxapex|76/100|[from] Spikes
|move|p1a: Walking Wake|Hydro Steam|p2a: Toxapex
|-resisted|p2a: Toxapex
|-damage|p2a: Toxapex|32/100
|
|-weather|SunnyDay|[upkeep]
|-damage|p1a: Walking Wake|38/100 psn|[from] psn
|upkeep
|turn|58
|
|t:|1778510590
|-end|p1a: Walking Wake|Protosynthesis|[silent]
|switch|p1a: Trevenant|Trevenant, M, shiny|86/100
|-status|p1a: Trevenant|psn
|switch|p2a: Blissey|Blissey, F|57/100
|-damage|p2a: Blissey|32/100|[from] Spikes
|
|-weather|SunnyDay|[upkeep]
|-heal|p2a: Blissey|38/100|[from] item: Leftovers
|-damage|p1a: Trevenant|73/100 psn|[from] psn
|-item|p1a: Trevenant|Sitrus Berry|[from] ability: Harvest
|upkeep
|turn|59
|
|t:|1778510597
|move|p1a: Trevenant|Substitute|p1a: Trevenant
|-start|p1a: Trevenant|Substitute
|-damage|p1a: Trevenant|49/100 psn
|-enditem|p1a: Trevenant|Sitrus Berry|[eat]
|-heal|p1a: Trevenant|73/100 psn|[from] item: Sitrus Berry
|move|p2a: Blissey|Soft-Boiled|p2a: Blissey
|-heal|p2a: Blissey|88/100
|
|-weather|none
|-heal|p2a: Blissey|94/100|[from] item: Leftovers
|-damage|p1a: Trevenant|61/100 psn|[from] psn
|-item|p1a: Trevenant|Sitrus Berry|[from] ability: Harvest
|upkeep
|turn|60
|
|t:|1778510604
|move|p1a: Trevenant|Horn Leech|p2a: Blissey
|-damage|p2a: Blissey|55/100
|-heal|p1a: Trevenant|100/100 psn|[from] drain|[of] p2a: Blissey
|move|p2a: Blissey|Stealth Rock|p1a: Trevenant
|-sidestart|p1: ATOMIX467|move: Stealth Rock
|
|-heal|p2a: Blissey|61/100|[from] item: Leftovers
|-damage|p1a: Trevenant|88/100 psn|[from] psn
|upkeep
|turn|61
|
|t:|1778510633
|move|p1a: Trevenant|Horn Leech|p2a: Blissey
|-damage|p2a: Blissey|22/100
|-heal|p1a: Trevenant|100/100 psn|[from] drain|[of] p2a: Blissey
|move|p2a: Blissey|Soft-Boiled|p2a: Blissey
|-heal|p2a: Blissey|72/100
|
|-heal|p2a: Blissey|78/100|[from] item: Leftovers
|-damage|p1a: Trevenant|88/100 psn|[from] psn
|upkeep
|turn|62
|
|t:|1778510641
|move|p1a: Trevenant|Horn Leech|p2a: Blissey
|-damage|p2a: Blissey|36/100
|-heal|p1a: Trevenant|100/100 psn|[from] drain|[of] p2a: Blissey
|move|p2a: Blissey|Soft-Boiled|p2a: Blissey
|-heal|p2a: Blissey|86/100
|
|-heal|p2a: Blissey|92/100|[from] item: Leftovers
|-damage|p1a: Trevenant|88/100 psn|[from] psn
|upkeep
|turn|63
|
|t:|1778510648
|switch|p2a: Gliscor|Gliscor, M|100/100 tox
|move|p1a: Trevenant|Horn Leech|p2a: Gliscor
|-damage|p2a: Gliscor|69/100 tox
|-heal|p1a: Trevenant|100/100 psn|[from] drain|[of] p2a: Gliscor
|
|-heal|p2a: Gliscor|81/100 tox|[from] ability: Poison Heal
|-damage|p1a: Trevenant|88/100 psn|[from] psn
|upkeep
|turn|64
|
|t:|1778510652
|move|p2a: Gliscor|Knock Off|p1a: Trevenant
|-supereffective|p1a: Trevenant
|-end|p1a: Trevenant|Substitute
|move|p1a: Trevenant|Curse|p2a: Gliscor
|-start|p2a: Gliscor|Curse|[of] p1a: Trevenant
|-damage|p1a: Trevenant|38/100 psn
|-enditem|p1a: Trevenant|Sitrus Berry|[eat]
|-heal|p1a: Trevenant|63/100 psn|[from] item: Sitrus Berry
|
|-heal|p2a: Gliscor|94/100 tox|[from] ability: Poison Heal
|-damage|p1a: Trevenant|51/100 psn|[from] psn
|-damage|p2a: Gliscor|69/100 tox|[from] Curse
|upkeep
|turn|65
|
|t:|1778510660
|switch|p2a: Corviknight|Corviknight, F|80/100
|-ability|p2a: Corviknight|Pressure
|move|p1a: Trevenant|Horn Leech|p2a: Corviknight
|-resisted|p2a: Corviknight
|-damage|p2a: Corviknight|74/100
|-heal|p1a: Trevenant|55/100 psn|[from] drain|[of] p2a: Corviknight
|
|-damage|p1a: Trevenant|43/100 psn|[from] psn
|upkeep
|turn|66
|
|t:|1778510669
|move|p2a: Corviknight|Defog|p1a: Trevenant
|-unboost|p1a: Trevenant|evasion|1
|-sideend|p1: ATOMIX467|Toxic Spikes|[from] move: Defog|[of] p2a: Corviknight
|-sideend|p1: ATOMIX467|Stealth Rock|[from] move: Defog|[of] p2a: Corviknight
|-sideend|p2: cpt.fgt|Spikes|[from] move: Defog|[of] p2a: Corviknight
|move|p1a: Trevenant|Curse|p2a: Corviknight
|-start|p2a: Corviknight|Curse|[of] p1a: Trevenant
|-damage|p1a: Trevenant|0 fnt
|faint|p1a: Trevenant
|
|-damage|p2a: Corviknight|49/100|[from] Curse
|upkeep
|
|t:|1778510672
|switch|p1a: Blaziken|Blaziken, M, shiny|100/100
|turn|67
|
|t:|1778510679
|switch|p2a: Dondozo|Dondozo, F|40/100
|move|p1a: Blaziken|Focus Energy|p1a: Blaziken
|-start|p1a: Blaziken|move: Focus Energy
|
|-ability|p1a: Blaziken|Speed Boost|boost
|-boost|p1a: Blaziken|spe|1
|upkeep
|turn|68
|
|t:|1778510684
|move|p1a: Blaziken|Close Combat|p2a: Dondozo
|-crit|p2a: Dondozo
|-damage|p2a: Dondozo|2/100
|-unboost|p1a: Blaziken|def|1
|-unboost|p1a: Blaziken|spd|1
|move|p2a: Dondozo|Waterfall|p1a: Blaziken
|-supereffective|p1a: Blaziken
|-damage|p1a: Blaziken|12/100
|
|-ability|p1a: Blaziken|Speed Boost|boost
|-boost|p1a: Blaziken|spe|1
|upkeep
|turn|69
|
|t:|1778510692
|move|p1a: Blaziken|Close Combat|p2a: Dondozo
|-crit|p2a: Dondozo
|-damage|p2a: Dondozo|0 fnt
|-unboost|p1a: Blaziken|def|1
|-unboost|p1a: Blaziken|spd|1
|faint|p2a: Dondozo
|
|-ability|p1a: Blaziken|Speed Boost|boost
|-boost|p1a: Blaziken|spe|1
|upkeep
|
|t:|1778510700
|switch|p2a: Toxapex|Toxapex, M|65/100
|turn|70
|
|t:|1778510710
|switch|p2a: Gliscor|Gliscor, M|69/100 tox
|move|p1a: Blaziken|Overheat|p2a: Gliscor
|-crit|p2a: Gliscor
|-damage|p2a: Gliscor|0 fnt
|-unboost|p1a: Blaziken|spa|2
|faint|p2a: Gliscor
|
|-ability|p1a: Blaziken|Speed Boost|boost
|-boost|p1a: Blaziken|spe|1
|upkeep
|
|t:|1778510719
|switch|p2a: Toxapex|Toxapex, M|98/100
|turn|71
|
|t:|1778510722
|move|p1a: Blaziken|Overheat|p2a: Toxapex
|-resisted|p2a: Toxapex
|-crit|p2a: Toxapex
|-damage|p2a: Toxapex|61/100
|-unboost|p1a: Blaziken|spa|2
|move|p2a: Toxapex|Poison Jab|p1a: Blaziken
|-damage|p1a: Blaziken|0 fnt
|faint|p1a: Blaziken
|
|upkeep
|
|t:|1778510729
|switch|p1a: Walking Wake|Walking Wake, tera:Water|38/100 psn
|turn|72
|
|t:|1778510733
|switch|p2a: Blissey|Blissey, F|92/100
|move|p1a: Walking Wake|Hydro Steam|p2a: Blissey
|-damage|p2a: Blissey|68/100
|
|-heal|p2a: Blissey|75/100|[from] item: Leftovers
|-damage|p1a: Walking Wake|26/100 psn|[from] psn
|upkeep
|turn|73
|-message|ATOMIX467 forfeited.
|
|win|cpt.fgt
|raw|ATOMIX467's rating: 1325 &rarr; <strong>1305</strong><br />(-20 for losing)
|raw|cpt.fgt's rating: 1326 &rarr; <strong>1346</strong><br />(+20 for winning)
|l|☆ATOMIX467
|player|p1|
|l|☆cpt.fgt
|player|p2|
