|html|<div class="broadcast-blue"><strong>[Gen 9] OU is currently suspecting Tera Blast! For information on how to participate check out the <a href="https://www.smogon.com/tools/suspects/view/200">suspect thread</a>.</strong></div>
|j|☆tbiscool
|j|☆fat chuds inc.
|t:|1776102630
|gametype|singles
|player|p1|tbiscool|chuck|1597
|player|p2|fat chuds inc.|collector|1662
|gen|9
|tier|[Gen 9] OU
|rated|
|rule|HP Percentage Mod: HP is shown in percentages
|rule|Endless Battle Clause: Forcing endless battles is banned
|rule|Species Clause: Limit one of each Pokémon
|rule|OHKO Clause: OHKO moves are banned
|rule|Evasion Items Clause: Evasion items are banned
|rule|Evasion Moves Clause: Evasion moves are banned
|rule|Evasion Abilities Clause: Evasion abilities are banned
|rule|Sleep Moves Clause: Sleep-inducing moves are banned
|clearpoke
|poke|p1|Indeedee, M|
|poke|p1|Hoopa-Unbound|
|poke|p1|Ceruledge, M|
|poke|p1|Polteageist-Antique|
|poke|p1|Cinderace, M|
|poke|p1|Iron Valiant|
|poke|p2|Hoopa-Unbound|
|poke|p2|Zamazenta-*|
|poke|p2|Pecharunt|
|poke|p2|Iron Treads|
|poke|p2|Primarina, F|
|poke|p2|Dragonite, M|
|teampreview
|inactive|Battle timer is ON: inactive players will automatically lose when time's up. (requested by tbiscool)
|
|t:|1776102661
|teamsize|p1|6
|teamsize|p2|6
|start
|switch|p1a: Cinderace|Cinderace, M|100/100
|switch|p2a: Hoopa|Hoopa-Unbound|100/100
|turn|1
|
|t:|1776102663
|switch|p2a: Pecharunt|Pecharunt|100/100
|move|p1a: Cinderace|U-turn|p2a: Pecharunt
|-start|p1a: Cinderace|typechange|Bug|[from] ability: Libero
|-resisted|p2a: Pecharunt
|-damage|p2a: Pecharunt|95/100
|
|t:|1776102667
|switch|p1a: Indeedee|Indeedee, M|100/100|[from] U-turn
|-fieldstart|move: Psychic Terrain|[from] ability: Psychic Surge|[of] p1a: Indeedee
|
|upkeep
|turn|2
|
|t:|1776102676
|switch|p1a: Cinderace|Cinderace, M|100/100
|switch|p2a: Primarina|Primarina, F|100/100
|
|upkeep
|turn|3
|
|t:|1776102684
|move|p1a: Cinderace|U-turn|p2a: Primarina
|-start|p1a: Cinderace|typechange|Bug|[from] ability: Libero
|-resisted|p2a: Primarina
|-damage|p2a: Primarina|76/100
|
|t:|1776102686
|switch|p1a: Hoopa|Hoopa-Unbound|100/100|[from] U-turn
|move|p2a: Primarina|Surf|p1a: Hoopa
|-damage|p1a: Hoopa|54/100
|
|upkeep
|turn|4
|
|t:|1776102691
|move|p1a: Hoopa|Expanding Force|p2a: Primarina
|-damage|p2a: Primarina|21/100
|move|p2a: Primarina|Moonblast|p1a: Hoopa
|-supereffective|p1a: Hoopa
|-damage|p1a: Hoopa|0 fnt
|faint|p1a: Hoopa
|
|upkeep
|
|t:|1776102694
|switch|p1a: Cinderace|Cinderace, M|100/100
|turn|5
|
|t:|1776102696
|move|p1a: Cinderace|Pyro Ball|p2a: Primarina
|-resisted|p2a: Primarina
|-damage|p2a: Primarina|0 fnt
|faint|p2a: Primarina
|
|upkeep
|
|t:|1776102706
|switch|p2a: Pecharunt|Pecharunt|95/100
|turn|6
|
|t:|1776102709
|switch|p1a: Indeedee|Indeedee, M|100/100
|move|p2a: Pecharunt|Malignant Chain|p1a: Indeedee
|-damage|p1a: Indeedee|60/100
|
|upkeep
|turn|7
|
|t:|1776102722
|switch|p2a: Iron Treads|Iron Treads|100/100
|move|p1a: Indeedee|Expanding Force|p2a: Iron Treads
|-resisted|p2a: Iron Treads
|-damage|p2a: Iron Treads|49/100
|
|upkeep
|turn|8
|
|t:|1776102729
|switch|p1a: Iron Valiant|Iron Valiant|100/100
|-enditem|p1a: Iron Valiant|Booster Energy
|-activate|p1a: Iron Valiant|ability: Quark Drive|[fromitem]
|-start|p1a: Iron Valiant|quarkdrivespe
|move|p2a: Iron Treads|Earthquake|p1a: Iron Valiant
|-damage|p1a: Iron Valiant|42/100
|
|-fieldend|move: Psychic Terrain
|upkeep
|turn|9
|
|t:|1776102733
|-end|p2a: Iron Treads|Quark Drive|[silent]
|switch|p2a: Pecharunt|Pecharunt|95/100
|move|p1a: Iron Valiant|Close Combat|p2a: Pecharunt
|-immune|p2a: Pecharunt
|
|upkeep
|turn|10
|
|t:|1776102738
|move|p1a: Iron Valiant|Destiny Bond|p1a: Iron Valiant
|-singlemove|p1a: Iron Valiant|Destiny Bond
|move|p2a: Pecharunt|Malignant Chain|p1a: Iron Valiant
|-supereffective|p1a: Iron Valiant
|-damage|p1a: Iron Valiant|0 fnt
|faint|p1a: Iron Valiant
|-activate|p1a: Iron Valiant|move: Destiny Bond
|-end|p1a: Iron Valiant|Quark Drive|[silent]
|faint|p2a: Pecharunt
|
|upkeep
|
|t:|1776102749
|switch|p1a: Cinderace|Cinderace, M|100/100
|switch|p2a: Dragonite|Dragonite, M|100/100
|turn|11
|
|t:|1776102753
|move|p1a: Cinderace|U-turn|p2a: Dragonite
|-start|p1a: Cinderace|typechange|Bug|[from] ability: Libero
|-resisted|p2a: Dragonite
|-damage|p2a: Dragonite|91/100
|
|t:|1776102756
|switch|p1a: Indeedee|Indeedee, M|60/100|[from] U-turn
|-fieldstart|move: Psychic Terrain|[from] ability: Psychic Surge|[of] p1a: Indeedee
|move|p2a: Dragonite|Dragon Dance|p2a: Dragonite
|-boost|p2a: Dragonite|atk|1
|-boost|p2a: Dragonite|spe|1
|
|upkeep
|turn|12
|
|t:|1776102764
|move|p2a: Dragonite|Dragon Dance|p2a: Dragonite
|-boost|p2a: Dragonite|atk|1
|-boost|p2a: Dragonite|spe|1
|move|p1a: Indeedee|Encore|p2a: Dragonite
|-start|p2a: Dragonite|Encore
|
|upkeep
|turn|13
|
|t:|1776102772
|switch|p2a: Hoopa|Hoopa-Unbound|100/100
|switch|p1a: Cinderace|Cinderace, M|100/100
|
|upkeep
|turn|14
|
|t:|1776102775
|switch|p2a: Dragonite|Dragonite, M|91/100
|move|p1a: Cinderace|U-turn|p2a: Dragonite
|-start|p1a: Cinderace|typechange|Bug|[from] ability: Libero
|-resisted|p2a: Dragonite
|-damage|p2a: Dragonite|70/100
|
|t:|1776102784
|switch|p1a: Polteageist|Polteageist-Antique|100/100|[from] U-turn
|
|upkeep
|turn|15
|
|t:|1776102799
|switch|p2a: Zamazenta|Zamazenta|100/100
|-ability|p2a: Zamazenta|Dauntless Shield|boost
|-boost|p2a: Zamazenta|def|1
|move|p1a: Polteageist|Shell Smash|p1a: Polteageist
|-unboost|p1a: Polteageist|def|1
|-unboost|p1a: Polteageist|spd|1
|-boost|p1a: Polteageist|atk|2
|-boost|p1a: Polteageist|spa|2
|-boost|p1a: Polteageist|spe|2
|
|upkeep
|turn|16
|
|t:|1776102802
|-terastallize|p2a: Zamazenta|Steel
|move|p1a: Polteageist|Stored Power|p2a: Zamazenta
|-resisted|p2a: Zamazenta
|-damage|p2a: Zamazenta|42/100
|move|p2a: Zamazenta|Roar|p1a: Polteageist
|drag|p1a: Indeedee|Indeedee, M|60/100
|
|-heal|p2a: Zamazenta|48/100|[from] item: Leftovers
|upkeep
|turn|17
|
|t:|1776102816
|switch|p1a: Cinderace|Cinderace, M|100/100
|move|p2a: Zamazenta|Crunch|p1a: Cinderace
|-damage|p1a: Cinderace|70/100
|
|-heal|p2a: Zamazenta|54/100|[from] item: Leftovers
|upkeep
|turn|18
|
|t:|1776102820
|move|p1a: Cinderace|Pyro Ball|p2a: Zamazenta
|-supereffective|p2a: Zamazenta
|-damage|p2a: Zamazenta|0 fnt
|faint|p2a: Zamazenta
|
|-fieldend|move: Psychic Terrain
|upkeep
|
|t:|1776102826
|switch|p2a: Dragonite|Dragonite, M|70/100
|turn|19
|
|t:|1776102830
|switch|p1a: Indeedee|Indeedee, M|60/100
|-fieldstart|move: Psychic Terrain|[from] ability: Psychic Surge|[of] p1a: Indeedee
|move|p2a: Dragonite|Dragon Dance|p2a: Dragonite
|-boost|p2a: Dragonite|atk|1
|-boost|p2a: Dragonite|spe|1
|
|upkeep
|turn|20
|-message|fat chuds inc. forfeited.
|
|win|tbiscool
|raw|tbiscool's rating: 1597 &rarr; <strong>1621</strong><br />(+24 for winning)
|raw|fat chuds inc.'s rating: 1662 &rarr; <strong>1638</strong><br />(-24 for losing)
|l|☆fat chuds inc.
|player|p2|
|l|☆tbiscool
|player|p1|
