|html|<div class="broadcast-blue"><strong>[Gen 9] OU is currently suspecting Tera Blast! For information on how to participate check out the <a href="https://www.smogon.com/tools/suspects/view/200">suspect thread</a>.</strong></div>
|j|☆TOMBDADDY
|j|☆Tunderboltz
|t:|1776284762
|gametype|singles
|player|p1|TOMBDADDY|unknown|1664
|player|p2|Tunderboltz|drayton|1616
|gen|9
|tier|[Gen 9] OU
|rated|
|rule|HP Percentage Mod: HP is shown in percentages
|rule|Endless Battle Clause: Forcing endless battles is banned
|rule|Species Clause: Limit one of each Pokémon
|rule|OHKO Clause: OHKO moves are banned
|rule|Evasion Items Clause: Evasion items are banned
|rule|Evasion Moves Clause: Evasion moves are banned
|rule|Evasion Abilities Clause: Evasion abilities are banned
|rule|Sleep Moves Clause: Sleep-inducing moves are banned
|clearpoke
|poke|p1|Deoxys-Speed|
|poke|p1|Ceruledge, M|
|poke|p1|Zamazenta-*|
|poke|p1|Ogerpon-Wellspring, F|
|poke|p1|Glimmora, F|
|poke|p1|Moltres-Galar|
|poke|p2|Haxorus, M|
|poke|p2|Hatterene, F|
|poke|p2|Samurott-Hisui, M|
|poke|p2|Garchomp, M|
|poke|p2|Gholdengo|
|poke|p2|Iron Moth|
|teampreview
|inactive|Battle timer is ON: inactive players will automatically lose when time's up. (requested by Tunderboltz)
|
|t:|1776284783
|teamsize|p1|6
|teamsize|p2|6
|start
|switch|p1a: Ogerpon|Ogerpon-Wellspring, F|100/100
|switch|p2a: Nero|Samurott-Hisui, M|100/100
|turn|1
|
|t:|1776284791
|switch|p2a: Miles|Gholdengo|100/100
|move|p1a: Ogerpon|Swords Dance|p1a: Ogerpon
|-boost|p1a: Ogerpon|atk|2
|
|upkeep
|turn|2
|
|t:|1776284796
|move|p2a: Miles|Shadow Ball|p1a: Ogerpon
|-damage|p1a: Ogerpon|52/100
|move|p1a: Ogerpon|Ivy Cudgel|p2a: Miles|[anim] Ivy Cudgel Water
|-damage|p2a: Miles|0 fnt
|faint|p2a: Miles
|
|upkeep
|
|t:|1776284799
|switch|p2a: Fefnir|Iron Moth|100/100
|-enditem|p2a: Fefnir|Booster Energy
|-activate|p2a: Fefnir|ability: Quark Drive|[fromitem]
|-start|p2a: Fefnir|quarkdrivespe
|turn|3
|
|t:|1776284805
|-terastallize|p1a: Ogerpon|Water
|detailschange|p1a: Ogerpon|Ogerpon-Wellspring-Tera, F, tera:Water
|-ability|p1a: Ogerpon|Embody Aspect (Wellspring)|boost
|-boost|p1a: Ogerpon|spd|1
|move|p2a: Fefnir|Sludge Wave|p1a: Ogerpon
|-damage|p1a: Ogerpon|15/100
|move|p1a: Ogerpon|Ivy Cudgel|p2a: Fefnir|[anim] Ivy Cudgel Water
|-supereffective|p2a: Fefnir
|-crit|p2a: Fefnir
|-damage|p2a: Fefnir|0 fnt
|faint|p2a: Fefnir
|-end|p2a: Fefnir|Quark Drive|[silent]
|
|upkeep
|
|t:|1776284809
|switch|p2a: Nero|Samurott-Hisui, M|100/100
|turn|4
|
|t:|1776284811
|move|p2a: Nero|Aqua Jet|p1a: Ogerpon
|-resisted|p1a: Ogerpon
|-damage|p1a: Ogerpon|0 fnt
|faint|p1a: Ogerpon
|detailschange|p1: Ogerpon|Ogerpon-Wellspring, F|[silent]
|
|upkeep
|
|t:|1776284817
|switch|p1a: Glimmora|Glimmora, F|100/100
|turn|5
|
|t:|1776284822
|switch|p2a: Teresa|Hatterene, F|100/100
|move|p1a: Glimmora|Meteor Beam||[still]
|-prepare|p1a: Glimmora|Meteor Beam
|-boost|p1a: Glimmora|spa|1
|-enditem|p1a: Glimmora|Power Herb
|-anim|p1a: Glimmora|Meteor Beam|p2a: Teresa
|-damage|p2a: Teresa|10/100
|
|-heal|p2a: Teresa|16/100|[from] item: Leftovers
|upkeep
|turn|6
|
|t:|1776284827
|move|p1a: Glimmora|Earth Power|p2a: Teresa
|-damage|p2a: Teresa|0 fnt
|faint|p2a: Teresa
|
|upkeep
|j| Estonian Weezing
|c|☆Tunderboltz|why the hell ALL glimmoras sudently arent setters?
|
|t:|1776284840
|switch|p2a: Vergil|Garchomp, M|100/100
|turn|7
|
|t:|1776284845
|move|p2a: Vergil|Earthquake|p1a: Glimmora
|-supereffective|p1a: Glimmora
|-damage|p1a: Glimmora|0 fnt
|-activate|p1a: Glimmora|ability: Toxic Debris
|-sidestart|p2: Tunderboltz|move: Toxic Spikes
|faint|p1a: Glimmora
|
|upkeep
|
|t:|1776284854
|switch|p1a: Zamazenta|Zamazenta|100/100
|-ability|p1a: Zamazenta|Dauntless Shield|boost
|-boost|p1a: Zamazenta|def|1
|turn|8
|
|t:|1776284858
|move|p1a: Zamazenta|Iron Defense|p1a: Zamazenta
|-boost|p1a: Zamazenta|def|2
|move|p2a: Vergil|Swords Dance|p2a: Vergil
|-boost|p2a: Vergil|atk|2
|
|upkeep
|turn|9
|
|t:|1776284865
|move|p1a: Zamazenta|Iron Defense|p1a: Zamazenta
|-boost|p1a: Zamazenta|def|2
|move|p2a: Vergil|Outrage|p1a: Zamazenta
|-damage|p1a: Zamazenta|72/100
|
|-heal|p1a: Zamazenta|78/100|[from] item: Leftovers
|upkeep
|turn|10
|
|t:|1776284876
|move|p1a: Zamazenta|Body Press|p2a: Vergil
|-damage|p2a: Vergil|0 fnt
|-damage|p1a: Zamazenta|65/100|[from] ability: Rough Skin|[of] p2a: Vergil
|-damage|p1a: Zamazenta|49/100|[from] item: Rocky Helmet|[of] p2a: Vergil
|faint|p2a: Vergil
|
|-heal|p1a: Zamazenta|55/100|[from] item: Leftovers
|upkeep
|
|t:|1776284877
|switch|p2a: Nero|Samurott-Hisui, M|100/100
|-status|p2a: Nero|psn
|turn|11
|
|t:|1776284880
|-terastallize|p2a: Nero|Ghost
|move|p1a: Zamazenta|Body Press|p2a: Nero
|-immune|p2a: Nero
|move|p2a: Nero|Swords Dance|p2a: Nero
|-boost|p2a: Nero|atk|2
|
|-heal|p1a: Zamazenta|61/100|[from] item: Leftovers
|-damage|p2a: Nero|88/100 psn|[from] psn
|upkeep
|turn|12
|
|t:|1776284886
|move|p1a: Zamazenta|Heavy Slam|p2a: Nero
|-damage|p2a: Nero|58/100 psn
|move|p2a: Nero|Razor Shell|p1a: Zamazenta
|-damage|p1a: Zamazenta|36/100
|-unboost|p1a: Zamazenta|def|1
|
|-heal|p1a: Zamazenta|42/100|[from] item: Leftovers
|-damage|p2a: Nero|46/100 psn|[from] psn
|upkeep
|turn|13
|
|t:|1776284894
|move|p1a: Zamazenta|Heavy Slam|p2a: Nero
|-damage|p2a: Nero|20/100 psn
|move|p2a: Nero|Razor Shell|p1a: Zamazenta
|-damage|p1a: Zamazenta|8/100
|
|-heal|p1a: Zamazenta|14/100|[from] item: Leftovers
|-damage|p2a: Nero|8/100 psn|[from] psn
|upkeep
|turn|14
|
|t:|1776284900
|move|p2a: Nero|Aqua Jet|p1a: Zamazenta
|-damage|p1a: Zamazenta|2/100
|move|p1a: Zamazenta|Heavy Slam|p2a: Nero
|-damage|p2a: Nero|0 fnt
|faint|p2a: Nero
|
|-heal|p1a: Zamazenta|8/100|[from] item: Leftovers
|upkeep
|j| ModernMedusa
|l| ModernMedusa
|-message|Tunderboltz forfeited.
|
|win|TOMBDADDY
|raw|TOMBDADDY's rating: 1664 &rarr; <strong>1681</strong><br />(+17 for winning)
|raw|Tunderboltz's rating: 1616 &rarr; <strong>1599</strong><br />(-17 for losing)
|l|☆Tunderboltz
|player|p2|
