|html|<div class="broadcast-blue"><strong>[Gen 9] OU is currently suspecting Tera Blast! For information on how to participate check out the <a href="https://www.smogon.com/tools/suspects/view/200">suspect thread</a>.</strong></div>
|j|☆vzn.exe
|j|☆jayjay4621
|t:|1776082679
|gametype|singles
|player|p1|vzn.exe|lusamine-nihilego|1414
|player|p2|jayjay4621|skier|1383
|gen|9
|tier|[Gen 9] OU
|rated|
|rule|HP Percentage Mod: HP is shown in percentages
|rule|Endless Battle Clause: Forcing endless battles is banned
|rule|Species Clause: Limit one of each Pokémon
|rule|OHKO Clause: OHKO moves are banned
|rule|Evasion Items Clause: Evasion items are banned
|rule|Evasion Moves Clause: Evasion moves are banned
|rule|Evasion Abilities Clause: Evasion abilities are banned
|rule|Sleep Moves Clause: Sleep-inducing moves are banned
|clearpoke
|poke|p1|Garganacl, M|
|poke|p1|Darkrai|
|poke|p1|Great Tusk|
|poke|p1|Hatterene, F|
|poke|p1|Tornadus-Therian, M|
|poke|p1|Dragonite, M|
|poke|p2|Dragapult, F|
|poke|p2|Ninetales-Alola, F|
|poke|p2|Iron Moth|
|poke|p2|Iron Treads|
|poke|p2|Rotom-Wash|
|poke|p2|Darkrai|
|teampreview
|inactive|Battle timer is ON: inactive players will automatically lose when time's up. (requested by jayjay4621)
|inactive|vzn.exe also wants the timer to be on.
|
|t:|1776082700
|teamsize|p1|6
|teamsize|p2|6
|start
|switch|p1a: Darkrai|Darkrai|100/100
|switch|p2a: Washed|Rotom-Wash, shiny|100/100
|turn|1
|
|t:|1776082716
|move|p1a: Darkrai|Dark Pulse|p2a: Washed
|-damage|p2a: Washed|31/100
|move|p2a: Washed|Hydro Pump|p1a: Darkrai|[miss]
|-miss|p2a: Washed|p1a: Darkrai
|
|-heal|p2a: Washed|37/100|[from] item: Leftovers
|upkeep
|turn|2
|
|t:|1776082733
|switch|p2a: A-9|Ninetales-Alola, F, shiny|100/100
|-weather|Snowscape|[from] ability: Snow Warning|[of] p2a: A-9
|move|p1a: Darkrai|Dark Pulse|p2a: A-9
|-resisted|p2a: A-9
|-damage|p2a: A-9|69/100
|
|-weather|Snowscape|[upkeep]
|upkeep
|turn|3
|
|t:|1776082750
|switch|p2a: Treads|Iron Treads, shiny|100/100
|move|p1a: Darkrai|Dark Pulse|p2a: Treads
|-damage|p2a: Treads|25/100
|
|-weather|Snowscape|[upkeep]
|upkeep
|turn|4
|inactive|vzn.exe has 120 seconds left.
|
|t:|1776082767
|move|p1a: Darkrai|Dark Pulse|p2a: Treads
|-damage|p2a: Treads|0 fnt
|faint|p2a: Treads
|-end|p2a: Treads|Quark Drive|[silent]
|
|-weather|Snowscape|[upkeep]
|upkeep
|
|t:|1776082793
|switch|p2a: Moth|Iron Moth, shiny|100/100
|-enditem|p2a: Moth|Booster Energy
|-activate|p2a: Moth|ability: Quark Drive|[fromitem]
|-start|p2a: Moth|quarkdrivespe
|turn|5
|inactive|vzn.exe has 120 seconds left.
|
|t:|1776082810
|switch|p1a: Garganacl|Garganacl, M|100/100
|move|p2a: Moth|Fiery Dance|p1a: Garganacl
|-resisted|p1a: Garganacl
|-damage|p1a: Garganacl|86/100
|-boost|p2a: Moth|spa|1
|
|-weather|Snowscape|[upkeep]
|-heal|p1a: Garganacl|92/100|[from] item: Leftovers
|upkeep
|turn|6
|inactive|vzn.exe has 120 seconds left.
|
|t:|1776082827
|move|p2a: Moth|Energy Ball|p1a: Garganacl
|-supereffective|p1a: Garganacl
|-damage|p1a: Garganacl|32/100
|move|p1a: Garganacl|Salt Cure|p2a: Moth
|-supereffective|p2a: Moth
|-damage|p2a: Moth|61/100
|-start|p2a: Moth|Salt Cure
|
|-weather|none
|-heal|p1a: Garganacl|38/100|[from] item: Leftovers
|-damage|p2a: Moth|48/100|[from] Salt Cure
|upkeep
|turn|7
|inactive|vzn.exe has 120 seconds left.
|
|t:|1776082844
|move|p1a: Garganacl|Protect|p1a: Garganacl
|-singleturn|p1a: Garganacl|Protect
|move|p2a: Moth|Fiery Dance|p1a: Garganacl
|-activate|p1a: Garganacl|move: Protect
|
|-heal|p1a: Garganacl|44/100|[from] item: Leftovers
|-damage|p2a: Moth|36/100|[from] Salt Cure
|upkeep
|turn|8
|
|t:|1776082861
|switch|p1a: Tornadus|Tornadus-Therian, M, shiny|100/100
|move|p2a: Moth|Energy Ball|p1a: Tornadus
|-resisted|p1a: Tornadus
|-damage|p1a: Tornadus|85/100
|
|-damage|p2a: Moth|24/100|[from] Salt Cure
|upkeep
|turn|9
|
|t:|1776082878
|move|p2a: Moth|Sludge Wave|p1a: Tornadus
|-damage|p1a: Tornadus|36/100
|move|p1a: Tornadus|U-turn|p2a: Moth
|-resisted|p2a: Moth
|-damage|p2a: Moth|18/100
|
|t:|1776082887
|switch|p1a: Garganacl|Garganacl, M|44/100|[from] U-turn
|
|-heal|p1a: Garganacl|50/100|[from] item: Leftovers
|-damage|p2a: Moth|6/100|[from] Salt Cure
|upkeep
|turn|10
|
|t:|1776082899
|-end|p2a: Moth|Quark Drive|[silent]
|switch|p2a: Rai|Darkrai, shiny|100/100
|move|p1a: Garganacl|Protect||[still]
|-fail|p1a: Garganacl
|
|-heal|p1a: Garganacl|57/100|[from] item: Leftovers
|upkeep
|turn|11
|
|t:|1776082916
|move|p2a: Rai|Knock Off|p1a: Garganacl
|-damage|p1a: Garganacl|37/100
|-enditem|p1a: Garganacl|Leftovers|[from] move: Knock Off|[of] p2a: Rai
|move|p1a: Garganacl|Salt Cure|p2a: Rai
|-damage|p2a: Rai|85/100
|-start|p2a: Rai|Salt Cure
|
|-heal|p2a: Rai|91/100|[from] item: Leftovers
|-damage|p2a: Rai|79/100|[from] Salt Cure
|upkeep
|turn|12
|
|t:|1776082933
|switch|p2a: Washed|Rotom-Wash, shiny|37/100
|move|p1a: Garganacl|Recover|p1a: Garganacl
|-heal|p1a: Garganacl|87/100
|
|-heal|p2a: Washed|44/100|[from] item: Leftovers
|upkeep
|turn|13
|inactive|vzn.exe has 90 seconds left.
|
|t:|1776082950
|move|p2a: Washed|Volt Switch|p1a: Garganacl
|-crit|p1a: Garganacl
|-damage|p1a: Garganacl|61/100
|
|t:|1776082956
|switch|p2a: Moth|Iron Moth, shiny|6/100|[from] Volt Switch
|move|p1a: Garganacl|Salt Cure|p2a: Moth
|-supereffective|p2a: Moth
|-damage|p2a: Moth|0 fnt
|faint|p2a: Moth
|-end|p2a: Moth|Quark Drive|[silent]
|
|upkeep
|
|t:|1776082962
|switch|p2a: Washed|Rotom-Wash, shiny|44/100
|turn|14
|
|t:|1776082979
|move|p2a: Washed|Volt Switch|p1a: Garganacl
|-damage|p1a: Garganacl|46/100
|
|t:|1776082983
|switch|p2a: Rai|Darkrai, shiny|79/100|[from] Volt Switch
|move|p1a: Garganacl|Stealth Rock|p2a: Rai
|-sidestart|p2: jayjay4621|move: Stealth Rock
|
|-heal|p2a: Rai|85/100|[from] item: Leftovers
|upkeep
|turn|15
|
|t:|1776083000
|move|p2a: Rai|Dark Pulse|p1a: Garganacl
|-damage|p1a: Garganacl|22/100
|move|p1a: Garganacl|Recover|p1a: Garganacl
|-heal|p1a: Garganacl|72/100
|
|-heal|p2a: Rai|91/100|[from] item: Leftovers
|upkeep
|turn|16
|inactive|vzn.exe has 90 seconds left.
|
|t:|1776083017
|move|p2a: Rai|Dark Pulse|p1a: Garganacl
|-damage|p1a: Garganacl|50/100
|move|p1a: Garganacl|Salt Cure|p2a: Rai
|-damage|p2a: Rai|77/100
|-start|p2a: Rai|Salt Cure
|
|-heal|p2a: Rai|83/100|[from] item: Leftovers
|-damage|p2a: Rai|71/100|[from] Salt Cure
|upkeep
|turn|17
|inactive|vzn.exe has 90 seconds left.
|
|t:|1776083034
|move|p2a: Rai|Dark Pulse|p1a: Garganacl
|-damage|p1a: Garganacl|25/100
|cant|p1a: Garganacl|flinch
|
|-heal|p2a: Rai|77/100|[from] item: Leftovers
|-damage|p2a: Rai|64/100|[from] Salt Cure
|upkeep
|turn|18
|inactive|vzn.exe has 90 seconds left.
|
|t:|1776083050
|move|p2a: Rai|Dark Pulse|p1a: Garganacl
|-damage|p1a: Garganacl|1/100
|move|p1a: Garganacl|Recover|p1a: Garganacl
|-heal|p1a: Garganacl|51/100
|
|-heal|p2a: Rai|70/100|[from] item: Leftovers
|-damage|p2a: Rai|58/100|[from] Salt Cure
|upkeep
|turn|19
|
|t:|1776083067
|move|p2a: Rai|Dark Pulse|p1a: Garganacl
|-damage|p1a: Garganacl|25/100
|move|p1a: Garganacl|Recover|p1a: Garganacl
|-heal|p1a: Garganacl|75/100
|
|-heal|p2a: Rai|64/100|[from] item: Leftovers
|-damage|p2a: Rai|51/100|[from] Salt Cure
|upkeep
|turn|20
|
|t:|1776083084
|move|p2a: Rai|Dark Pulse|p1a: Garganacl
|-damage|p1a: Garganacl|51/100
|move|p1a: Garganacl|Recover|p1a: Garganacl
|-heal|p1a: Garganacl|100/100
|
|-heal|p2a: Rai|57/100|[from] item: Leftovers
|-damage|p2a: Rai|45/100|[from] Salt Cure
|upkeep
|turn|21
|
|t:|1776083101
|move|p2a: Rai|Dark Pulse|p1a: Garganacl
|-damage|p1a: Garganacl|75/100
|move|p1a: Garganacl|Salt Cure|p2a: Rai
|-damage|p2a: Rai|31/100
|
|-heal|p2a: Rai|37/100|[from] item: Leftovers
|-damage|p2a: Rai|24/100|[from] Salt Cure
|upkeep
|turn|22
|inactive|vzn.exe has 60 seconds left.
|
|t:|1776083117
|move|p2a: Rai|Dark Pulse|p1a: Garganacl
|-damage|p1a: Garganacl|51/100
|move|p1a: Garganacl|Salt Cure|p2a: Rai
|-damage|p2a: Rai|9/100
|
|-heal|p2a: Rai|15/100|[from] item: Leftovers
|-damage|p2a: Rai|2/100|[from] Salt Cure
|upkeep
|turn|23
|inactive|vzn.exe has 60 seconds left.
|
|t:|1776083134
|move|p2a: Rai|Dark Pulse|p1a: Garganacl
|-damage|p1a: Garganacl|25/100
|move|p1a: Garganacl|Recover|p1a: Garganacl
|-heal|p1a: Garganacl|75/100
|
|-heal|p2a: Rai|8/100|[from] item: Leftovers
|-damage|p2a: Rai|0 fnt|[from] Salt Cure
|faint|p2a: Rai
|upkeep
|
|t:|1776083137
|switch|p2a: Pult|Dragapult, F, shiny|100/100
|-damage|p2a: Pult|88/100|[from] Stealth Rock
|turn|24
|inactive|vzn.exe has 60 seconds left.
|
|t:|1776083153
|move|p2a: Pult|Substitute|p2a: Pult
|-start|p2a: Pult|Substitute
|-damage|p2a: Pult|63/100
|move|p1a: Garganacl|Salt Cure|p2a: Pult
|-activate|p2a: Pult|move: Substitute|[damage]
|
|-heal|p2a: Pult|69/100|[from] item: Leftovers
|upkeep
|turn|25
|inactive|vzn.exe has 60 seconds left.
|
|t:|1776083170
|move|p2a: Pult|Dragon Dance|p2a: Pult
|-boost|p2a: Pult|atk|1
|-boost|p2a: Pult|spe|1
|move|p1a: Garganacl|Salt Cure|p2a: Pult
|-end|p2a: Pult|Substitute
|
|-heal|p2a: Pult|75/100|[from] item: Leftovers
|upkeep
|turn|26
|
|t:|1776083186
|move|p2a: Pult|Substitute|p2a: Pult
|-start|p2a: Pult|Substitute
|-damage|p2a: Pult|50/100
|move|p1a: Garganacl|Salt Cure|p2a: Pult
|-activate|p2a: Pult|move: Substitute|[damage]
|
|-heal|p2a: Pult|56/100|[from] item: Leftovers
|upkeep
|turn|27
|
|t:|1776083195
|move|p2a: Pult|Dragon Dance|p2a: Pult
|-boost|p2a: Pult|atk|1
|-boost|p2a: Pult|spe|1
|move|p1a: Garganacl|Salt Cure|p2a: Pult
|-end|p2a: Pult|Substitute
|
|-heal|p2a: Pult|62/100|[from] item: Leftovers
|upkeep
|turn|28
|
|t:|1776083204
|move|p2a: Pult|Substitute|p2a: Pult
|-start|p2a: Pult|Substitute
|-damage|p2a: Pult|37/100
|move|p1a: Garganacl|Salt Cure|p2a: Pult
|-activate|p2a: Pult|move: Substitute|[damage]
|
|-heal|p2a: Pult|43/100|[from] item: Leftovers
|upkeep
|turn|29
|inactive|vzn.exe has 60 seconds left.
|
|t:|1776083213
|switch|p1a: Hatterene|Hatterene, F|100/100
|move|p2a: Pult|Dragon Dance|p2a: Pult
|-boost|p2a: Pult|atk|1
|-boost|p2a: Pult|spe|1
|
|-heal|p2a: Pult|49/100|[from] item: Leftovers
|upkeep
|turn|30
|inactive|vzn.exe has 60 seconds left.
|
|t:|1776083229
|move|p2a: Pult|Phantom Force||[still]
|-prepare|p2a: Pult|Phantom Force
|move|p1a: Hatterene|Future Sight|p2a: Pult
|-start|p1a: Hatterene|move: Future Sight
|
|-heal|p2a: Pult|55/100|[from] item: Leftovers
|upkeep
|turn|31
|inactive|vzn.exe has 60 seconds left.
|
|t:|1776083238
|switch|p1a: Garganacl|Garganacl, M|75/100
|move|p2a: Pult|Phantom Force|p1a: Garganacl|[from] lockedmove
|-damage|p1a: Garganacl|37/100
|
|-heal|p2a: Pult|61/100|[from] item: Leftovers
|upkeep
|turn|32
|
|t:|1776083248
|move|p2a: Pult|Dragon Darts|p1a: Garganacl
|-damage|p1a: Garganacl|0 fnt
|faint|p1a: Garganacl
|
|-end|p2a: Pult|move: Future Sight
|-end|p2a: Pult|Substitute
|-heal|p2a: Pult|67/100|[from] item: Leftovers
|upkeep
|
|t:|1776083257
|switch|p1a: Great Tusk|Great Tusk|100/100
|-enditem|p1a: Great Tusk|Booster Energy
|-activate|p1a: Great Tusk|ability: Protosynthesis|[fromitem]
|-start|p1a: Great Tusk|protosynthesisatk
|turn|33
|inactive|jayjay4621 has 120 seconds left.
|
|t:|1776083292
|-terastallize|p2a: Pult|Dragon
|move|p2a: Pult|Dragon Darts|p1a: Great Tusk
|-damage|p1a: Great Tusk|41/100
|-anim|p2a: Pult|Dragon Darts|p1a: Great Tusk
|-damage|p1a: Great Tusk|0 fnt
|faint|p1a: Great Tusk
|-end|p1a: Great Tusk|Protosynthesis|[silent]
|
|-heal|p2a: Pult|73/100|[from] item: Leftovers
|upkeep
|
|t:|1776083301
|switch|p1a: Hatterene|Hatterene, F|100/100
|turn|34
|
|t:|1776083310
|move|p2a: Pult|Phantom Force||[still]
|-prepare|p2a: Pult|Phantom Force
|move|p1a: Hatterene|Future Sight|p2a: Pult
|-start|p1a: Hatterene|move: Future Sight
|
|-heal|p2a: Pult|79/100|[from] item: Leftovers
|upkeep
|turn|35
|
|t:|1776083319
|switch|p1a: Tornadus|Tornadus-Therian, M, shiny|69/100
|move|p2a: Pult|Phantom Force|p1a: Tornadus|[from] lockedmove
|-damage|p1a: Tornadus|0 fnt
|faint|p1a: Tornadus
|
|-heal|p2a: Pult|85/100|[from] item: Leftovers
|upkeep
|
|t:|1776083328
|switch|p1a: Dragonite|Dragonite, M|100/100
|turn|36
|
|t:|1776083339
|move|p1a: Dragonite|Extreme Speed|p2a: Pult
|-damage|p2a: Pult|31/100
|move|p2a: Pult|Dragon Darts|p1a: Dragonite
|-supereffective|p1a: Dragonite
|-damage|p1a: Dragonite|19/100
|-anim|p2a: Pult|Dragon Darts|p1a: Dragonite
|-supereffective|p1a: Dragonite
|-damage|p1a: Dragonite|0 fnt
|faint|p1a: Dragonite
|
|-end|p2a: Pult|move: Future Sight
|-damage|p2a: Pult|0 fnt
|faint|p2a: Pult
|upkeep
|
|t:|1776083348
|switch|p2a: A-9|Ninetales-Alola, F, shiny|69/100
|switch|p1a: Darkrai|Darkrai|100/100
|-damage|p2a: A-9|44/100|[from] Stealth Rock
|-weather|Snowscape|[from] ability: Snow Warning|[of] p2a: A-9
|turn|37
|inactive|vzn.exe has 90 seconds left.
|
|t:|1776083358
|move|p1a: Darkrai|Sludge Bomb|p2a: A-9
|-supereffective|p2a: A-9
|-damage|p2a: A-9|0 fnt
|faint|p2a: A-9
|
|-weather|Snowscape|[upkeep]
|upkeep
|-message|jayjay4621 forfeited.
|
|win|vzn.exe
|raw|vzn.exe's rating: 1414 &rarr; <strong>1432</strong><br />(+18 for winning)
|raw|jayjay4621's rating: 1383 &rarr; <strong>1365</strong><br />(-18 for losing)
|l|☆jayjay4621
|player|p2|
