|html|<div class="broadcast-blue"><strong>[Gen 9] OU is currently suspecting Tera Blast! For information on how to participate check out the <a href="https://www.smogon.com/tools/suspects/view/200">suspect thread</a>.</strong></div>
|j|☆bm666
|j|☆magistermilitum420
|t:|1776110053
|gametype|singles
|player|p1|bm666|2|1177
|player|p2|magistermilitum420|blue|1219
|gen|9
|tier|[Gen 9] OU
|rated|
|rule|HP Percentage Mod: HP is shown in percentages
|rule|Endless Battle Clause: Forcing endless battles is banned
|rule|Species Clause: Limit one of each Pokémon
|rule|OHKO Clause: OHKO moves are banned
|rule|Evasion Items Clause: Evasion items are banned
|rule|Evasion Moves Clause: Evasion moves are banned
|rule|Evasion Abilities Clause: Evasion abilities are banned
|rule|Sleep Moves Clause: Sleep-inducing moves are banned
|clearpoke
|poke|p1|Hatterene, F|
|poke|p1|Great Tusk|
|poke|p1|Corviknight, F|
|poke|p1|Heatran, M|
|poke|p1|Ogerpon-Wellspring, F|
|poke|p1|Tornadus-Therian, M|
|poke|p2|Meowscarada, F|
|poke|p2|Great Tusk|
|poke|p2|Alomomola, F|
|poke|p2|Slowking-Galar, F|
|poke|p2|Dragonite, M|
|poke|p2|Heatran, M|
|teampreview
|j| snnnnnnnnn
|l| snnnnnnnnn
|
|t:|1776110067
|teamsize|p1|6
|teamsize|p2|6
|start
|switch|p1a: Great Tusk|Great Tusk|100/100
|switch|p2a: Mahad|Meowscarada, F, shiny|100/100
|-enditem|p1a: Great Tusk|Booster Energy
|-activate|p1a: Great Tusk|ability: Protosynthesis|[fromitem]
|-start|p1a: Great Tusk|protosynthesisspe
|turn|1
|
|t:|1776110098
|move|p2a: Mahad|Flower Trick|p1a: Great Tusk
|-start|p2a: Mahad|typechange|Grass|[from] ability: Protean
|-supereffective|p1a: Great Tusk
|-crit|p1a: Great Tusk
|-damage|p1a: Great Tusk|28/100
|move|p1a: Great Tusk|Headlong Rush|p2a: Mahad
|-resisted|p2a: Mahad
|-damage|p2a: Mahad|62/100
|-unboost|p1a: Great Tusk|def|1
|-unboost|p1a: Great Tusk|spd|1
|
|upkeep
|turn|2
|
|t:|1776110124
|switch|p2a: Vulcanus|Heatran, M, shiny|100/100
|-terastallize|p1a: Great Tusk|Steel
|move|p1a: Great Tusk|Stealth Rock|p2a: Vulcanus
|-sidestart|p2: magistermilitum420|move: Stealth Rock
|
|upkeep
|turn|3
|
|t:|1776110151
|-terastallize|p2a: Vulcanus|Grass
|move|p1a: Great Tusk|Headlong Rush|p2a: Vulcanus
|-resisted|p2a: Vulcanus
|-damage|p2a: Vulcanus|75/100
|-unboost|p1a: Great Tusk|def|1
|-unboost|p1a: Great Tusk|spd|1
|move|p2a: Vulcanus|Overheat|p1a: Great Tusk
|-supereffective|p1a: Great Tusk
|-damage|p1a: Great Tusk|0 fnt
|-unboost|p2a: Vulcanus|spa|2
|faint|p1a: Great Tusk
|-end|p1a: Great Tusk|Protosynthesis|[silent]
|
|upkeep
|
|t:|1776110164
|switch|p1a: Tornadus|Tornadus-Therian, M|100/100
|turn|4
|
|t:|1776110180
|switch|p2a: Mithridates|Slowking-Galar, F|100/100
|-damage|p2a: Mithridates|88/100|[from] Stealth Rock
|move|p1a: Tornadus|Air Slash|p2a: Mithridates
|-damage|p2a: Mithridates|67/100
|-damage|p1a: Tornadus|91/100|[from] item: Life Orb
|
|upkeep
|turn|5
|
|t:|1776110198
|move|p1a: Tornadus|U-turn|p2a: Mithridates
|-damage|p2a: Mithridates|46/100
|-damage|p1a: Tornadus|81/100|[from] item: Life Orb
|
|t:|1776110204
|switch|p1a: Heatran|Heatran, M|100/100|[from] U-turn
|-item|p1a: Heatran|Air Balloon
|move|p2a: Mithridates|Psychic Noise|p1a: Heatran
|-resisted|p1a: Heatran
|-damage|p1a: Heatran|84/100
|-start|p1a: Heatran|move: Heal Block
|-enditem|p1a: Heatran|Air Balloon
|
|upkeep
|turn|6
|
|t:|1776110227
|switch|p1a: Tornadus|Tornadus-Therian, M|100/100
|switch|p2a: Charybdis|Alomomola, F, shiny|100/100
|
|upkeep
|turn|7
|
|t:|1776110233
|move|p1a: Tornadus|Air Slash|p2a: Charybdis
|-damage|p2a: Charybdis|51/100
|-damage|p1a: Tornadus|91/100|[from] item: Life Orb
|move|p2a: Charybdis|Scald|p1a: Tornadus
|-damage|p1a: Tornadus|74/100
|-status|p1a: Tornadus|brn
|
|-damage|p1a: Tornadus|68/100 brn|[from] brn
|upkeep
|turn|8
|
|t:|1776110252
|switch|p2a: Mithridates|Slowking-Galar, F|79/100
|-damage|p2a: Mithridates|67/100|[from] Stealth Rock
|move|p1a: Tornadus|Air Slash|p2a: Mithridates
|-damage|p2a: Mithridates|45/100
|-damage|p1a: Tornadus|58/100 brn|[from] item: Life Orb
|
|-damage|p1a: Tornadus|52/100 brn|[from] brn
|upkeep
|turn|9
|
|t:|1776110269
|move|p1a: Tornadus|U-turn|p2a: Mithridates
|-damage|p2a: Mithridates|33/100
|-damage|p1a: Tornadus|42/100 brn|[from] item: Life Orb
|
|t:|1776110273
|switch|p1a: Heatran|Heatran, M|84/100|[from] U-turn
|move|p2a: Mithridates|Psychic Noise|p1a: Heatran
|-resisted|p1a: Heatran
|-damage|p1a: Heatran|66/100
|-start|p1a: Heatran|move: Heal Block
|
|upkeep
|turn|10
|
|t:|1776110282
|switch|p2a: Charybdis|Alomomola, F, shiny|84/100
|move|p1a: Heatran|Flamethrower|p2a: Charybdis
|-resisted|p2a: Charybdis
|-damage|p2a: Charybdis|56/100
|
|-end|p1a: Heatran|move: Heal Block
|upkeep
|turn|11
|
|t:|1776110301
|switch|p1a: Tornadus|Tornadus-Therian, M|75/100 brn
|move|p2a: Charybdis|Wish|p2a: Charybdis
|
|-damage|p1a: Tornadus|69/100 brn|[from] brn
|upkeep
|turn|12
|
|t:|1776110330
|move|p1a: Tornadus|Air Slash|p2a: Charybdis
|-damage|p2a: Charybdis|4/100
|-damage|p1a: Tornadus|60/100 brn|[from] item: Life Orb
|move|p2a: Charybdis|Flip Turn|p1a: Tornadus
|-damage|p1a: Tornadus|35/100 brn
|
|t:|1776110336
|switch|p2a: Mithridates|Slowking-Galar, F|66/100|[from] Flip Turn
|-damage|p2a: Mithridates|54/100|[from] Stealth Rock
|
|-heal|p2a: Mithridates|100/100|[from] move: Wish|[wisher] Charybdis
|-damage|p1a: Tornadus|29/100 brn|[from] brn
|upkeep
|turn|13
|
|t:|1776110345
|move|p1a: Tornadus|U-turn|p2a: Mithridates
|-damage|p2a: Mithridates|90/100
|-damage|p1a: Tornadus|20/100 brn|[from] item: Life Orb
|
|t:|1776110348
|switch|p1a: Heatran|Heatran, M|66/100|[from] U-turn
|move|p2a: Mithridates|Surf|p1a: Heatran
|-supereffective|p1a: Heatran
|-damage|p1a: Heatran|8/100
|
|upkeep
|turn|14
|
|t:|1776110365
|switch|p2a: Vulcanus|Heatran, M, shiny, tera:Grass|75/100
|-damage|p2a: Vulcanus|63/100|[from] Stealth Rock
|move|p1a: Heatran|Earth Power|p2a: Vulcanus
|-resisted|p2a: Vulcanus
|-damage|p2a: Vulcanus|47/100
|
|upkeep
|turn|15
|
|t:|1776110386
|move|p1a: Heatran|Tera Blast|p2a: Vulcanus
|-damage|p2a: Vulcanus|16/100
|move|p2a: Vulcanus|Flash Cannon|p1a: Heatran
|-resisted|p1a: Heatran
|-damage|p1a: Heatran|0 fnt
|faint|p1a: Heatran
|
|upkeep
|
|t:|1776110409
|switch|p1a: Ogerpon|Ogerpon-Wellspring, F|100/100
|turn|16
|
|t:|1776110429
|switch|p2a: Charybdis|Alomomola, F, shiny|38/100
|move|p1a: Ogerpon|U-turn|p2a: Charybdis
|-damage|p2a: Charybdis|23/100
|
|t:|1776110434
|switch|p1a: Tornadus|Tornadus-Therian, M|53/100 brn|[from] U-turn
|
|-damage|p1a: Tornadus|47/100 brn|[from] brn
|upkeep
|turn|17
|
|t:|1776110441
|switch|p2a: Mithridates|Slowking-Galar, F|100/100
|-damage|p2a: Mithridates|88/100|[from] Stealth Rock
|move|p1a: Tornadus|Air Slash|p2a: Mithridates
|-damage|p2a: Mithridates|66/100
|-damage|p1a: Tornadus|37/100 brn|[from] item: Life Orb
|
|-damage|p1a: Tornadus|31/100 brn|[from] brn
|upkeep
|turn|18
|
|t:|1776110462
|switch|p1a: Corviknight|Corviknight, F|100/100
|move|p2a: Mithridates|Future Sight|p1a: Corviknight
|-start|p2a: Mithridates|move: Future Sight
|
|upkeep
|turn|19
|
|t:|1776110471
|move|p1a: Corviknight|U-turn|p2a: Mithridates
|-damage|p2a: Mithridates|52/100
|
|t:|1776110475
|switch|p1a: Tornadus|Tornadus-Therian, M|64/100 brn|[from] U-turn
|move|p2a: Mithridates|Psychic Noise|p1a: Tornadus
|-damage|p1a: Tornadus|21/100 brn
|-start|p1a: Tornadus|move: Heal Block
|
|-damage|p1a: Tornadus|15/100 brn|[from] brn
|upkeep
|turn|20
|
|t:|1776110492
|switch|p1a: Corviknight|Corviknight, F|100/100
|move|p2a: Mithridates|Psychic Noise|p1a: Corviknight
|-resisted|p1a: Corviknight
|-damage|p1a: Corviknight|83/100
|-start|p1a: Corviknight|move: Heal Block
|
|-end|p1a: Corviknight|move: Future Sight
|-resisted|p1a: Corviknight
|-damage|p1a: Corviknight|56/100
|upkeep
|turn|21
|
|t:|1776110503
|move|p1a: Corviknight|U-turn|p2a: Mithridates
|-damage|p2a: Mithridates|38/100
|
|t:|1776110531
|switch|p1a: Tornadus|Tornadus-Therian, M|48/100 brn|[from] U-turn
|move|p2a: Mithridates|Future Sight|p1a: Tornadus
|-start|p2a: Mithridates|move: Future Sight
|
|-damage|p1a: Tornadus|42/100 brn|[from] brn
|upkeep
|turn|22
|
|t:|1776110555
|switch|p2a: Charybdis|Alomomola, F, shiny|56/100
|move|p1a: Tornadus|U-turn|p2a: Charybdis
|-damage|p2a: Charybdis|51/100
|-damage|p1a: Tornadus|32/100 brn|[from] item: Life Orb
|
|t:|1776110564
|switch|p1a: Ogerpon|Ogerpon-Wellspring, F|100/100|[from] U-turn
|
|upkeep
|turn|23
|
|t:|1776110581
|move|p2a: Charybdis|Protect|p2a: Charybdis
|-singleturn|p2a: Charybdis|Protect
|move|p1a: Ogerpon|Swords Dance|p1a: Ogerpon
|-boost|p1a: Ogerpon|atk|2
|
|-end|p1a: Ogerpon|move: Future Sight
|-damage|p1a: Ogerpon|32/100
|upkeep
|turn|24
|
|t:|1776110601
|move|p1a: Ogerpon|Swords Dance|p1a: Ogerpon
|-boost|p1a: Ogerpon|atk|2
|move|p2a: Charybdis|Wish|p2a: Charybdis
|
|upkeep
|turn|25
|
|t:|1776110633
|switch|p2a: Mithridates|Slowking-Galar, F|71/100
|-damage|p2a: Mithridates|58/100|[from] Stealth Rock
|move|p1a: Ogerpon|Ivy Cudgel|p2a: Mithridates|[anim] Ivy Cudgel Water
|-damage|p2a: Mithridates|0 fnt
|faint|p2a: Mithridates
|
|upkeep
|
|t:|1776110640
|switch|p2a: Mahad|Meowscarada, F, shiny|62/100
|-damage|p2a: Mahad|49/100|[from] Stealth Rock
|turn|26
|
|t:|1776110650
|switch|p1a: Tornadus|Tornadus-Therian, M|65/100 brn
|move|p2a: Mahad|Knock Off|p1a: Tornadus
|-start|p2a: Mahad|typechange|Dark|[from] ability: Protean
|-damage|p1a: Tornadus|1/100 brn
|-enditem|p1a: Tornadus|Life Orb|[from] move: Knock Off|[of] p2a: Mahad
|
|-damage|p1a: Tornadus|0 fnt|[from] brn
|faint|p1a: Tornadus
|upkeep
|j| ohko_smeargle
|
|t:|1776110673
|switch|p1a: Hatterene|Hatterene, F|100/100
|turn|27
|
|t:|1776110688
|move|p2a: Mahad|Knock Off|p1a: Hatterene
|-damage|p1a: Hatterene|52/100
|-enditem|p1a: Hatterene|Leftovers|[from] move: Knock Off|[of] p2a: Mahad
|move|p1a: Hatterene|Healing Wish|p1a: Hatterene
|faint|p1a: Hatterene
|
|upkeep
|
|t:|1776110693
|switch|p1a: Ogerpon|Ogerpon-Wellspring, F|32/100
|-heal|p1a: Ogerpon|100/100|[from] move: Healing Wish
|turn|28
|
|t:|1776110712
|move|p2a: Mahad|Knock Off|p1a: Ogerpon
|-damage|p1a: Ogerpon|60/100
|move|p1a: Ogerpon|Ivy Cudgel|p2a: Mahad|[anim] Ivy Cudgel Water
|-damage|p2a: Mahad|0 fnt
|faint|p2a: Mahad
|
|upkeep
|
|t:|1776110723
|switch|p2a: Ladon|Dragonite, M, shiny|100/100
|turn|29
|
|t:|1776110732
|move|p1a: Ogerpon|U-turn|p2a: Ladon
|-resisted|p2a: Ladon
|-damage|p2a: Ladon|93/100
|
|t:|1776110734
|switch|p1a: Corviknight|Corviknight, F|56/100|[from] U-turn
|move|p2a: Ladon|Dragon Dance|p2a: Ladon
|-boost|p2a: Ladon|atk|1
|-boost|p2a: Ladon|spe|1
|
|upkeep
|turn|30
|
|t:|1776110741
|move|p2a: Ladon|Dragon Dance|p2a: Ladon
|-boost|p2a: Ladon|atk|1
|-boost|p2a: Ladon|spe|1
|move|p1a: Corviknight|Iron Head|p2a: Ladon
|-damage|p2a: Ladon|66/100
|
|upkeep
|turn|31
|
|t:|1776110748
|move|p2a: Ladon|Fire Punch|p1a: Corviknight
|-supereffective|p1a: Corviknight
|-damage|p1a: Corviknight|0 fnt
|-damage|p2a: Ladon|50/100|[from] item: Rocky Helmet|[of] p1a: Corviknight
|faint|p1a: Corviknight
|
|upkeep
|
|t:|1776110759
|switch|p1a: Ogerpon|Ogerpon-Wellspring, F|60/100
|turn|32
|-message|bm666 forfeited.
|
|win|magistermilitum420
|raw|bm666's rating: 1177 &rarr; <strong>1155</strong><br />(-22 for losing)
|raw|magistermilitum420's rating: 1219 &rarr; <strong>1241</strong><br />(+22 for winning)
|l|☆bm666
|player|p1|
|l| ohko_smeargle
