|html|<div class="broadcast-blue"><strong>[Gen 9] OU is currently suspecting Tera Blast! For information on how to participate check out the <a href="https://www.smogon.com/tools/suspects/view/200">suspect thread</a>.</strong></div>
|j|☆horridhenry123
|j|☆KING丶3266926956今余
|t:|1776078794
|gametype|singles
|player|p1|horridhenry123|hoopster|1218
|player|p2|KING丶3266926956今余|dawn|1237
|gen|9
|tier|[Gen 9] OU
|rated|
|rule|HP Percentage Mod: HP is shown in percentages
|rule|Endless Battle Clause: Forcing endless battles is banned
|rule|Species Clause: Limit one of each Pokémon
|rule|OHKO Clause: OHKO moves are banned
|rule|Evasion Items Clause: Evasion items are banned
|rule|Evasion Moves Clause: Evasion moves are banned
|rule|Evasion Abilities Clause: Evasion abilities are banned
|rule|Sleep Moves Clause: Sleep-inducing moves are banned
|clearpoke
|poke|p1|Crawdaunt, F|
|poke|p1|Zangoose, F|
|poke|p1|Araquanid, M|
|poke|p1|Glimmora, M|
|poke|p1|Darkrai|
|poke|p1|Oricorio-Sensu, M|
|poke|p2|Luxray, F|
|poke|p2|Noctowl, M|
|poke|p2|Alomomola, F|
|poke|p2|Meowstic, M|
|poke|p2|Incineroar, F|
|poke|p2|Meowscarada, F|
|teampreview
|inactive|Battle timer is ON: inactive players will automatically lose when time's up. (requested by KING丶3266926956今余)
|
|t:|1776078806
|teamsize|p1|6
|teamsize|p2|6
|start
|switch|p1a: Araquanid|Araquanid, M|100/100
|switch|p2a: Meowscarada|Meowscarada, F|100/100
|turn|1
|
|t:|1776078813
|move|p2a: Meowscarada|U-turn|p1a: Araquanid
|-start|p2a: Meowscarada|typechange|Bug|[from] ability: Protean
|-damage|p1a: Araquanid|40/100
|
|t:|1776078817
|switch|p2a: Luxray|Luxray, F|100/100|[from] U-turn
|move|p1a: Araquanid|Sticky Web|p2a: Luxray
|-sidestart|p2: KING丶3266926956今余|move: Sticky Web
|
|-status|p2a: Luxray|brn|[from] item: Flame Orb
|upkeep
|turn|2
|
|t:|1776078840
|switch|p1a: Glimmora|Glimmora, M|100/100
|move|p2a: Luxray|Trailblaze|p1a: Glimmora
|-damage|p1a: Glimmora|71/100
|-boost|p2a: Luxray|spe|1
|-activate|p1a: Glimmora|ability: Toxic Debris
|-sidestart|p2: KING丶3266926956今余|move: Toxic Spikes
|
|-damage|p2a: Luxray|95/100 brn|[from] brn
|upkeep
|turn|3
|inactive|KING丶3266926956今余 has 120 seconds left.
|
|t:|1776078876
|-terastallize|p2a: Luxray|Grass
|move|p2a: Luxray|Trailblaze|p1a: Glimmora
|-damage|p1a: Glimmora|20/100
|-boost|p2a: Luxray|spe|1
|-activate|p1a: Glimmora|ability: Toxic Debris
|-sidestart|p2: KING丶3266926956今余|move: Toxic Spikes
|move|p1a: Glimmora|Sludge Wave|p2a: Luxray
|-supereffective|p2a: Luxray
|-damage|p2a: Luxray|0 fnt
|faint|p2a: Luxray
|
|upkeep
|
|t:|1776078888
|switch|p2a: Noctowl|Noctowl, M|100/100
|turn|4
|
|t:|1776078897
|move|p1a: Glimmora|Power Gem|p2a: Noctowl
|-supereffective|p2a: Noctowl
|-damage|p2a: Noctowl|10/100
|move|p2a: Noctowl|Defog|p1a: Glimmora
|-unboost|p1a: Glimmora|evasion|1
|-sideend|p2: KING丶3266926956今余|Toxic Spikes|[from] move: Defog|[of] p2a: Noctowl
|-sideend|p2: KING丶3266926956今余|Sticky Web|[from] move: Defog|[of] p2a: Noctowl
|
|upkeep
|turn|5
|inactive|KING丶3266926956今余 has 120 seconds left.
|
|t:|1776078911
|switch|p2a: Alomomola|Alomomola, F|100/100
|move|p1a: Glimmora|Power Gem|p2a: Alomomola
|-damage|p2a: Alomomola|72/100
|
|upkeep
|turn|6
|
|t:|1776078935
|move|p1a: Glimmora|Mortal Spin|p2a: Alomomola
|-damage|p2a: Alomomola|68/100
|-status|p2a: Alomomola|psn
|move|p2a: Alomomola|Wish|p2a: Alomomola
|
|-damage|p2a: Alomomola|56/100 psn|[from] psn
|upkeep
|turn|7
|
|t:|1776078949
|move|p1a: Glimmora|Spikes|p2a: Alomomola
|-sidestart|p2: KING丶3266926956今余|Spikes
|move|p2a: Alomomola|Flip Turn|p1a: Glimmora
|-supereffective|p1a: Glimmora
|-damage|p1a: Glimmora|0 fnt
|-activate|p1a: Glimmora|ability: Toxic Debris
|-sidestart|p2: KING丶3266926956今余|move: Toxic Spikes
|faint|p1a: Glimmora
|
|t:|1776078954
|switch|p2a: Noctowl|Noctowl, M|10/100|[from] Flip Turn
|
|-heal|p2a: Noctowl|89/100|[from] move: Wish|[wisher] Alomomola
|upkeep
|inactive|horridhenry123 has 120 seconds left.
|
|t:|1776078982
|switch|p1a: Crawdaunt|Crawdaunt, F|100/100
|turn|8
|inactive|horridhenry123 has 120 seconds left.
|inactive|KING丶3266926956今余 has 120 seconds left.
|
|t:|1776079015
|move|p2a: Noctowl|Defog|p1a: Crawdaunt
|-unboost|p1a: Crawdaunt|evasion|1
|-sideend|p2: KING丶3266926956今余|Spikes|[from] move: Defog|[of] p2a: Noctowl
|-sideend|p2: KING丶3266926956今余|Toxic Spikes|[from] move: Defog|[of] p2a: Noctowl
|move|p1a: Crawdaunt|Dragon Dance|p1a: Crawdaunt
|-boost|p1a: Crawdaunt|atk|1
|-boost|p1a: Crawdaunt|spe|1
|
|upkeep
|turn|9
|inactive|KING丶3266926956今余 has 120 seconds left.
|
|t:|1776079028
|move|p1a: Crawdaunt|Dragon Dance|p1a: Crawdaunt
|-boost|p1a: Crawdaunt|atk|1
|-boost|p1a: Crawdaunt|spe|1
|move|p2a: Noctowl|Hurricane|p1a: Crawdaunt|[miss]
|-miss|p2a: Noctowl|p1a: Crawdaunt
|
|upkeep
|turn|10
|
|t:|1776079037
|move|p1a: Crawdaunt|Knock Off|p2a: Noctowl
|-damage|p2a: Noctowl|0 fnt
|-enditem|p2a: Noctowl|Heavy-Duty Boots|[from] move: Knock Off|[of] p1a: Crawdaunt
|faint|p2a: Noctowl
|-damage|p1a: Crawdaunt|91/100|[from] item: Life Orb
|
|upkeep
|inactive|KING丶3266926956今余 has 120 seconds left.
|-message|KING丶3266926956今余 forfeited.
|
|win|horridhenry123
|raw|horridhenry123's rating: 1218 &rarr; <strong>1244</strong><br />(+26 for winning)
|raw|KING丶3266926956今余's rating: 1237 &rarr; <strong>1211</strong><br />(-26 for losing)
|l|☆KING丶3266926956今余
|player|p2|
|l|☆horridhenry123
|player|p1|
