|html|<div class="broadcast-blue"><strong>[Gen 9] OU is currently suspecting Tera Blast! For information on how to participate check out the <a href="https://www.smogon.com/tools/suspects/view/200">suspect thread</a>.</strong></div>
|j|☆ykykp
|j|☆finbarfinbarfinbar
|t:|1776083011
|gametype|singles
|player|p1|ykykp|101|1671
|player|p2|finbarfinbarfinbar|169|1634
|gen|9
|tier|[Gen 9] OU
|rated|
|rule|HP Percentage Mod: HP is shown in percentages
|rule|Endless Battle Clause: Forcing endless battles is banned
|rule|Species Clause: Limit one of each Pokémon
|rule|OHKO Clause: OHKO moves are banned
|rule|Evasion Items Clause: Evasion items are banned
|rule|Evasion Moves Clause: Evasion moves are banned
|rule|Evasion Abilities Clause: Evasion abilities are banned
|rule|Sleep Moves Clause: Sleep-inducing moves are banned
|clearpoke
|poke|p1|Deoxys-Speed|
|poke|p1|Zamazenta-*|
|poke|p1|Dragonite, F|
|poke|p1|Maushold-Four|
|poke|p1|Ogerpon-Cornerstone, F|
|poke|p1|Hoopa-Unbound|
|poke|p2|Samurott-Hisui, F|
|poke|p2|Zapdos|
|poke|p2|Iron Treads|
|poke|p2|Ceruledge, M|
|poke|p2|Gholdengo|
|poke|p2|Kingambit, F|
|teampreview
|j| ohko_smeargle
|inactive|Battle timer is ON: inactive players will automatically lose when time's up. (requested by ykykp)
|
|t:|1776083028
|teamsize|p1|6
|teamsize|p2|6
|start
|switch|p1a: Ogerpon|Ogerpon-Cornerstone, F|100/100
|switch|p2a: Flaming Discharge|Ceruledge, M|100/100
|turn|1
|
|t:|1776083034
|switch|p2a: Big X tha Plug|Iron Treads|100/100
|move|p1a: Ogerpon|Knock Off|p2a: Big X tha Plug
|-damage|p2a: Big X tha Plug|60/100
|-enditem|p2a: Big X tha Plug|Leftovers|[from] move: Knock Off|[of] p1a: Ogerpon
|
|upkeep
|turn|2
|
|t:|1776083042
|move|p2a: Big X tha Plug|Earthquake|p1a: Ogerpon
|-damage|p1a: Ogerpon|33/100
|move|p1a: Ogerpon|Low Kick|p2a: Big X tha Plug
|-supereffective|p2a: Big X tha Plug
|-damage|p2a: Big X tha Plug|0 fnt
|faint|p2a: Big X tha Plug
|-end|p2a: Big X tha Plug|Quark Drive|[silent]
|
|upkeep
|
|t:|1776083056
|switch|p2a: Eileen Eulich|Samurott-Hisui, F, shiny|100/100
|turn|3
|
|t:|1776083060
|move|p2a: Eileen Eulich|Sucker Punch|p1a: Ogerpon
|-damage|p1a: Ogerpon|0 fnt
|faint|p1a: Ogerpon
|
|upkeep
|
|t:|1776083068
|switch|p1a: Maushold|Maushold-Four|100/100
|turn|4
|
|t:|1776083071
|switch|p2a: Y2K Chick|Zapdos|100/100
|move|p1a: Maushold|Population Bomb|p2a: Y2K Chick
|-damage|p2a: Y2K Chick|92/100
|-damage|p2a: Y2K Chick|84/100
|-status|p1a: Maushold|par|[from] ability: Static|[of] p2a: Y2K Chick
|-damage|p2a: Y2K Chick|75/100
|-damage|p2a: Y2K Chick|67/100
|-damage|p2a: Y2K Chick|60/100
|-damage|p2a: Y2K Chick|51/100
|-damage|p2a: Y2K Chick|43/100
|-damage|p2a: Y2K Chick|35/100
|-damage|p2a: Y2K Chick|27/100
|-damage|p2a: Y2K Chick|19/100
|-hitcount|p2a: Y2K Chick|10
|
|upkeep
|turn|5
|
|t:|1776083074
|move|p2a: Y2K Chick|Roost|p2a: Y2K Chick
|-heal|p2a: Y2K Chick|69/100
|-singleturn|p2a: Y2K Chick|move: Roost
|move|p1a: Maushold|Population Bomb|p2a: Y2K Chick
|-damage|p2a: Y2K Chick|61/100
|-damage|p2a: Y2K Chick|53/100
|-damage|p2a: Y2K Chick|45/100
|-damage|p2a: Y2K Chick|37/100
|-damage|p2a: Y2K Chick|29/100
|-damage|p2a: Y2K Chick|21/100
|-damage|p2a: Y2K Chick|13/100
|-damage|p2a: Y2K Chick|4/100
|-damage|p2a: Y2K Chick|0 fnt
|faint|p2a: Y2K Chick
|-hitcount|p2: Y2K Chick|9
|
|upkeep
|
|t:|1776083080
|switch|p2a: Flaming Discharge|Ceruledge, M|100/100
|turn|6
|
|t:|1776083090
|move|p2a: Flaming Discharge|Swords Dance|p2a: Flaming Discharge
|-boost|p2a: Flaming Discharge|atk|2
|move|p1a: Maushold|Encore|p2a: Flaming Discharge
|-start|p2a: Flaming Discharge|Encore
|
|upkeep
|turn|7
|
|t:|1776083095
|move|p2a: Flaming Discharge|Swords Dance|p2a: Flaming Discharge
|-boost|p2a: Flaming Discharge|atk|2
|move|p1a: Maushold|Bite|p2a: Flaming Discharge
|-supereffective|p2a: Flaming Discharge
|-damage|p2a: Flaming Discharge|45/100
|-ability|p2a: Flaming Discharge|Weak Armor|boost
|-unboost|p2a: Flaming Discharge|def|1
|-boost|p2a: Flaming Discharge|spe|2
|
|upkeep
|turn|8
|
|t:|1776083100
|-terastallize|p2a: Flaming Discharge|Fairy
|move|p2a: Flaming Discharge|Swords Dance|p2a: Flaming Discharge
|-boost|p2a: Flaming Discharge|atk|2
|move|p1a: Maushold|Bite|p2a: Flaming Discharge
|-resisted|p2a: Flaming Discharge
|-damage|p2a: Flaming Discharge|27/100
|-ability|p2a: Flaming Discharge|Weak Armor|boost
|-unboost|p2a: Flaming Discharge|def|1
|-boost|p2a: Flaming Discharge|spe|2
|
|upkeep
|turn|9
|
|t:|1776083106
|move|p2a: Flaming Discharge|Swords Dance|p2a: Flaming Discharge
|-boost|p2a: Flaming Discharge|atk|0
|move|p1a: Maushold|Population Bomb|p2a: Flaming Discharge
|-damage|p2a: Flaming Discharge|0 fnt
|faint|p2a: Flaming Discharge
|-hitcount|p2: Flaming Discharge|1
|
|upkeep
|
|t:|1776083108
|switch|p2a: Eileen Eulich|Samurott-Hisui, F, shiny|100/100
|turn|10
|
|t:|1776083111
|move|p2a: Eileen Eulich|Sacred Sword|p1a: Maushold
|-supereffective|p1a: Maushold
|-damage|p1a: Maushold|0 fnt
|faint|p1a: Maushold
|
|upkeep
|
|t:|1776083125
|switch|p1a: Deoxys|Deoxys-Speed|100/100
|-ability|p1a: Deoxys|Pressure
|turn|11
|
|t:|1776083127
|move|p1a: Deoxys|Superpower|p2a: Eileen Eulich
|-supereffective|p2a: Eileen Eulich
|-damage|p2a: Eileen Eulich|0 fnt
|-unboost|p1a: Deoxys|atk|1
|-unboost|p1a: Deoxys|def|1
|faint|p2a: Eileen Eulich
|-damage|p1a: Deoxys|91/100|[from] item: Life Orb
|
|upkeep
|
|t:|1776083130
|switch|p2a: Queenglambitch|Kingambit, F, shiny|100/100
|-activate|p2a: Queenglambitch|ability: Supreme Overlord
|-start|p2a: Queenglambitch|fallen4|[silent]
|turn|12
|
|t:|1776083135
|switch|p1a: Zamazenta|Zamazenta|100/100
|-ability|p1a: Zamazenta|Dauntless Shield|boost
|-boost|p1a: Zamazenta|def|1
|move|p2a: Queenglambitch|Sucker Punch||[still]
|-fail|p2a: Queenglambitch
|
|upkeep
|turn|13
|
|t:|1776083137
|-end|p2a: Queenglambitch|fallen4|[silent]
|switch|p2a: Jane Juliet|Gholdengo|100/100
|-item|p2a: Jane Juliet|Air Balloon
|move|p1a: Zamazenta|Close Combat|p2a: Jane Juliet
|-immune|p2a: Jane Juliet
|
|upkeep
|turn|14
|
|t:|1776083139
|move|p1a: Zamazenta|Crunch|p2a: Jane Juliet
|-supereffective|p2a: Jane Juliet
|-damage|p2a: Jane Juliet|50/100
|-unboost|p2a: Jane Juliet|def|1
|-enditem|p2a: Jane Juliet|Air Balloon
|-damage|p1a: Zamazenta|91/100|[from] item: Life Orb
|move|p2a: Jane Juliet|Thunder Wave|p1a: Zamazenta
|-status|p1a: Zamazenta|par
|
|upkeep
|turn|15
|
|t:|1776083142
|move|p2a: Jane Juliet|Hex|p1a: Zamazenta
|-damage|p1a: Zamazenta|40/100 par
|move|p1a: Zamazenta|Crunch|p2a: Jane Juliet
|-supereffective|p2a: Jane Juliet
|-damage|p2a: Jane Juliet|0 fnt
|faint|p2a: Jane Juliet
|-damage|p1a: Zamazenta|30/100 par|[from] item: Life Orb
|
|upkeep
|
|t:|1776083144
|switch|p2a: Queenglambitch|Kingambit, F, shiny|100/100
|-activate|p2a: Queenglambitch|ability: Supreme Overlord
|-start|p2a: Queenglambitch|fallen5|[silent]
|turn|16
|
|t:|1776083146
|move|p2a: Queenglambitch|Iron Head|p1a: Zamazenta
|-damage|p1a: Zamazenta|0 fnt
|faint|p1a: Zamazenta
|
|upkeep
|
|t:|1776083149
|switch|p1a: Deoxys|Deoxys-Speed|91/100
|-ability|p1a: Deoxys|Pressure
|turn|17
|
|t:|1776083152
|-terastallize|p1a: Deoxys|Fighting
|move|p2a: Queenglambitch|Sucker Punch|p1a: Deoxys
|-resisted|p1a: Deoxys
|-crit|p1a: Deoxys
|-damage|p1a: Deoxys|23/100
|move|p1a: Deoxys|Superpower|p2a: Queenglambitch
|-supereffective|p2a: Queenglambitch
|-damage|p2a: Queenglambitch|0 fnt
|-unboost|p1a: Deoxys|atk|1
|-unboost|p1a: Deoxys|def|1
|faint|p2a: Queenglambitch
|-end|p2a: Queenglambitch|fallen5|[silent]
|-damage|p1a: Deoxys|13/100|[from] item: Life Orb
|
|win|ykykp
|raw|ykykp's rating: 1671 &rarr; <strong>1689</strong><br />(+18 for winning)
|raw|finbarfinbarfinbar's rating: 1634 &rarr; <strong>1616</strong><br />(-18 for losing)
|l| ohko_smeargle
|l|☆finbarfinbarfinbar
|player|p2|
|l|☆ykykp
|player|p1|
