|html|<div class="broadcast-blue"><strong>[Gen 9] OU is currently suspecting Volcarona! For information on how to participate check out the <a href="https://www.smogon.com/tools/suspects/view/208">suspect thread</a>.</strong></div>
|j|☆Buzudango
|j|‽Hop On The Move
|t:|1778512650
|gametype|singles
|player|p1|Buzudango|n|1379
|player|p2|Hop On The Move|102|1417
|gen|9
|tier|[Gen 9] OU
|rated|
|rule|HP Percentage Mod: HP is shown in percentages
|rule|Endless Battle Clause: Forcing endless battles is banned
|rule|Species Clause: Limit one of each Pokémon
|rule|OHKO Clause: OHKO moves are banned
|rule|Evasion Items Clause: Evasion items are banned
|rule|Evasion Moves Clause: Evasion moves are banned
|rule|Evasion Abilities Clause: Evasion abilities are banned
|rule|Sleep Moves Clause: Sleep-inducing moves are banned
|clearpoke
|poke|p1|Glimmora, F|
|poke|p1|Great Tusk|
|poke|p1|Gholdengo|
|poke|p1|Zamazenta-*|
|poke|p1|Kyurem|
|poke|p1|Kingambit, M|
|poke|p2|Pecharunt|
|poke|p2|Kingambit, F|
|poke|p2|Ogerpon-Wellspring, F|
|poke|p2|Great Tusk|
|poke|p2|Dragonite, F|
|poke|p2|Mew|
|teampreview
|inactive|Battle timer is ON: inactive players will automatically lose when time's up. (requested by Buzudango)
|
|t:|1778512666
|teamsize|p1|6
|teamsize|p2|6
|start
|switch|p1a: Cristal|Glimmora, F|100/100
|switch|p2a: Pecharunt|Pecharunt|100/100
|turn|1
|
|t:|1778512683
|move|p1a: Cristal|Stealth Rock|p2a: Pecharunt
|-sidestart|p2: Hop On The Move|move: Stealth Rock
|move|p2a: Pecharunt|Shadow Ball|p1a: Cristal
|-damage|p1a: Cristal|53/100
|
|upkeep
|turn|2
|
|t:|1778512693
|switch|p2a: Mew|Mew|100/100
|-damage|p2a: Mew|88/100|[from] Stealth Rock
|move|p1a: Cristal|Earth Power|p2a: Mew
|-damage|p2a: Mew|67/100
|
|upkeep
|turn|3
|
|t:|1778512704
|switch|p1a: Musashi|Kingambit, M|100/100
|move|p2a: Mew|Light Screen|p2a: Mew
|-sidestart|p2: Hop On The Move|move: Light Screen
|
|upkeep
|turn|4
|
|t:|1778512709
|move|p2a: Mew|Reflect|p2a: Mew
|-sidestart|p2: Hop On The Move|Reflect
|move|p1a: Musashi|Swords Dance|p1a: Musashi
|-boost|p1a: Musashi|atk|2
|
|upkeep
|turn|5
|
|t:|1778512714
|move|p1a: Musashi|Kowtow Cleave|p2a: Mew
|-supereffective|p2a: Mew
|-crit|p2a: Mew
|-damage|p2a: Mew|0 fnt
|faint|p2a: Mew
|
|upkeep
|
|t:|1778512720
|switch|p2a: Great Tusk|Great Tusk|100/100
|-damage|p2a: Great Tusk|98/100|[from] Stealth Rock
|turn|6
|
|t:|1778512729
|-terastallize|p1a: Musashi|Flying
|move|p2a: Great Tusk|Headlong Rush|p1a: Musashi
|-immune|p1a: Musashi
|move|p1a: Musashi|Iron Head|p2a: Great Tusk
|-damage|p2a: Great Tusk|66/100
|
|-heal|p2a: Great Tusk|72/100|[from] item: Leftovers
|upkeep
|turn|7
|
|t:|1778512746
|move|p2a: Great Tusk|Rapid Spin|p1a: Musashi
|-damage|p1a: Musashi|86/100
|-boost|p2a: Great Tusk|spe|1
|-sideend|p2: Hop On The Move|Stealth Rock|[from] move: Rapid Spin|[of] p2a: Great Tusk
|move|p1a: Musashi|Kowtow Cleave|p2a: Great Tusk
|-resisted|p2a: Great Tusk
|-damage|p2a: Great Tusk|49/100
|
|-heal|p2a: Great Tusk|55/100|[from] item: Leftovers
|upkeep
|turn|8
|
|t:|1778512762
|move|p2a: Great Tusk|Rapid Spin|p1a: Musashi
|-damage|p1a: Musashi|70/100
|-boost|p2a: Great Tusk|spe|1
|move|p1a: Musashi|Swords Dance|p1a: Musashi
|-boost|p1a: Musashi|atk|2
|
|-heal|p2a: Great Tusk|62/100|[from] item: Leftovers
|upkeep
|turn|9
|
|t:|1778512772
|-end|p2a: Great Tusk|Protosynthesis|[silent]
|switch|p2a: Kingambit|Kingambit, F|100/100
|-item|p2a: Kingambit|Air Balloon
|move|p1a: Musashi|Kowtow Cleave|p2a: Kingambit
|-resisted|p2a: Kingambit
|-damage|p2a: Kingambit|67/100
|-enditem|p2a: Kingambit|Air Balloon
|
|upkeep
|turn|10
|
|t:|1778512789
|move|p1a: Musashi|Kowtow Cleave|p2a: Kingambit
|-resisted|p2a: Kingambit
|-damage|p2a: Kingambit|34/100
|move|p2a: Kingambit|Kowtow Cleave|p1a: Musashi
|-damage|p1a: Musashi|25/100
|
|-sideend|p2: Hop On The Move|move: Light Screen
|upkeep
|turn|11
|
|t:|1778512796
|move|p2a: Kingambit|Sucker Punch|p1a: Musashi
|-damage|p1a: Musashi|0 fnt
|faint|p1a: Musashi
|-end|p1a: Musashi|fallenundefined|[silent]
|
|-sideend|p2: Hop On The Move|Reflect
|upkeep
|
|t:|1778512803
|switch|p1a: Fenrir|Zamazenta|100/100
|-ability|p1a: Fenrir|Dauntless Shield|boost
|-boost|p1a: Fenrir|def|1
|turn|12
|
|t:|1778512811
|switch|p2a: Pecharunt|Pecharunt|100/100
|move|p1a: Fenrir|Iron Defense|p1a: Fenrir
|-boost|p1a: Fenrir|def|2
|
|upkeep
|turn|13
|-activate|p2a: Pecharunt|item: Quick Claw
|
|t:|1778512819
|move|p2a: Pecharunt|Malignant Chain|p1a: Fenrir
|-damage|p1a: Fenrir|69/100
|move|p1a: Fenrir|Substitute|p1a: Fenrir
|-start|p1a: Fenrir|Substitute
|-damage|p1a: Fenrir|44/100
|
|-heal|p1a: Fenrir|50/100|[from] item: Leftovers
|upkeep
|turn|14
|-activate|p2a: Pecharunt|item: Quick Claw
|
|t:|1778512828
|move|p2a: Pecharunt|Malignant Chain|p1a: Fenrir
|-end|p1a: Fenrir|Substitute
|move|p1a: Fenrir|Crunch|p2a: Pecharunt
|-supereffective|p2a: Pecharunt
|-damage|p2a: Pecharunt|74/100
|
|-heal|p1a: Fenrir|56/100|[from] item: Leftovers
|upkeep
|turn|15
|
|t:|1778512841
|move|p1a: Fenrir|Crunch|p2a: Pecharunt
|-supereffective|p2a: Pecharunt
|-damage|p2a: Pecharunt|49/100
|-unboost|p2a: Pecharunt|def|1
|move|p2a: Pecharunt|Malignant Chain|p1a: Fenrir
|-damage|p1a: Fenrir|24/100
|
|-heal|p1a: Fenrir|30/100|[from] item: Leftovers
|upkeep
|turn|16
|
|t:|1778512851
|-terastallize|p2a: Pecharunt|Flying
|move|p1a: Fenrir|Crunch|p2a: Pecharunt
|-damage|p2a: Pecharunt|28/100
|-unboost|p2a: Pecharunt|def|1
|move|p2a: Pecharunt|Malignant Chain|p1a: Fenrir
|-damage|p1a: Fenrir|0 fnt
|faint|p1a: Fenrir
|
|upkeep
|
|t:|1778512862
|switch|p1a: Zero Absoluto|Kyurem, shiny|100/100
|-ability|p1a: Zero Absoluto|Pressure
|turn|17
|
|t:|1778512867
|move|p1a: Zero Absoluto|Dragon Dance|p1a: Zero Absoluto
|-boost|p1a: Zero Absoluto|atk|1
|-boost|p1a: Zero Absoluto|spe|1
|move|p2a: Pecharunt|Malignant Chain|p1a: Zero Absoluto
|-damage|p1a: Zero Absoluto|61/100
|-status|p1a: Zero Absoluto|tox
|-start|p1a: Zero Absoluto|confusion|[from] ability: Poison Puppeteer|[of] p2a: Pecharunt
|
|-damage|p1a: Zero Absoluto|55/100 tox|[from] psn
|upkeep
|turn|18
|
|t:|1778512878
|-activate|p1a: Zero Absoluto|confusion
|-damage|p1a: Zero Absoluto|35/100 tox|[from] confusion
|move|p2a: Pecharunt|Malignant Chain|p1a: Zero Absoluto
|-damage|p1a: Zero Absoluto|0 fnt
|faint|p1a: Zero Absoluto
|
|upkeep
|
|t:|1778512896
|switch|p1a: Cristal|Glimmora, F|53/100
|turn|19
|
|t:|1778512922
|move|p1a: Cristal|Power Gem|p2a: Pecharunt
|-supereffective|p2a: Pecharunt
|-damage|p2a: Pecharunt|0 fnt
|faint|p2a: Pecharunt
|
|upkeep
|inactive|Hop On The Move has 120 seconds left.
|
|t:|1778512956
|switch|p2a: Dragonite|Dragonite, F|100/100
|turn|20
|
|t:|1778512964
|move|p1a: Cristal|Power Gem|p2a: Dragonite
|-supereffective|p2a: Dragonite
|-damage|p2a: Dragonite|60/100
|move|p2a: Dragonite|Dragon Dance|p2a: Dragonite
|-boost|p2a: Dragonite|atk|1
|-boost|p2a: Dragonite|spe|1
|
|-heal|p2a: Dragonite|66/100|[from] item: Leftovers
|upkeep
|turn|21
|
|t:|1778512971
|move|p2a: Dragonite|Earthquake|p1a: Cristal
|-supereffective|p1a: Cristal
|-damage|p1a: Cristal|0 fnt
|-activate|p1a: Cristal|ability: Toxic Debris
|-sidestart|p2: Hop On The Move|move: Toxic Spikes
|faint|p1a: Cristal
|
|-heal|p2a: Dragonite|73/100|[from] item: Leftovers
|upkeep
|
|t:|1778512980
|switch|p1a: Roger|Gholdengo|100/100
|-item|p1a: Roger|Air Balloon
|turn|22
|
|t:|1778512990
|move|p2a: Dragonite|Dragon Dance|p2a: Dragonite
|-boost|p2a: Dragonite|atk|1
|-boost|p2a: Dragonite|spe|1
|move|p1a: Roger|Nasty Plot|p1a: Roger
|-boost|p1a: Roger|spa|2
|
|-heal|p2a: Dragonite|79/100|[from] item: Leftovers
|upkeep
|turn|23
|
|t:|1778513001
|move|p2a: Dragonite|Encore|p1a: Roger
|-immune|p1a: Roger|[from] ability: Good as Gold
|move|p1a: Roger|Shadow Ball|p2a: Dragonite
|-damage|p2a: Dragonite|0 fnt
|faint|p2a: Dragonite
|
|upkeep
|inactive|Hop On The Move has 120 seconds left.
|
|t:|1778513027
|switch|p2a: Kingambit|Kingambit, F|34/100
|turn|24
|
|t:|1778513036
|move|p1a: Roger|Nasty Plot|p1a: Roger
|-boost|p1a: Roger|spa|2
|move|p2a: Kingambit|Kowtow Cleave|p1a: Roger
|-supereffective|p1a: Roger
|-damage|p1a: Roger|0 fnt
|-enditem|p1a: Roger|Air Balloon
|faint|p1a: Roger
|
|upkeep
|
|t:|1778513045
|switch|p1a: Thor|Great Tusk|100/100
|turn|25
|
|t:|1778513049
|switch|p2a: Ogerpon|Ogerpon-Wellspring, F|100/100
|-status|p2a: Ogerpon|psn
|move|p1a: Thor|Close Combat|p2a: Ogerpon
|-damage|p2a: Ogerpon|32/100 psn
|-unboost|p1a: Thor|def|1
|-unboost|p1a: Thor|spd|1
|
|-damage|p2a: Ogerpon|19/100 psn|[from] psn
|upkeep
|turn|26
|
|t:|1778513060
|move|p2a: Ogerpon|Ivy Cudgel|p1a: Thor|[anim] Ivy Cudgel Water
|-supereffective|p1a: Thor
|-damage|p1a: Thor|10/100
|move|p1a: Thor|Rapid Spin|p2a: Ogerpon
|-damage|p2a: Ogerpon|0 fnt
|-boost|p1a: Thor|spe|1
|faint|p2a: Ogerpon
|
|-heal|p1a: Thor|16/100|[from] item: Leftovers
|upkeep
|
|t:|1778513071
|switch|p2a: Great Tusk|Great Tusk|62/100
|-status|p2a: Great Tusk|psn
|turn|27
|-message|Buzudango forfeited.
|
|win|Hop On The Move
|raw|Buzudango's rating: 1379 &rarr; <strong>1361</strong><br />(-18 for losing)
|raw|Hop On The Move's rating: 1417 &rarr; <strong>1435</strong><br />(+18 for winning)
|l|☆Buzudango
|player|p1|
|l|‽Hop On The Move
|player|p2|
