|html|<div class="broadcast-blue"><strong>[Gen 9] OU is currently suspecting Tera Blast! For information on how to participate check out the <a href="https://www.smogon.com/tools/suspects/view/200">suspect thread</a>.</strong></div>
|j|☆MoQingYanYu
|j|☆mothfox
|t:|1776307336
|gametype|singles
|player|p1|MoQingYanYu|2|1337
|player|p2|mothfox|colress|1323
|gen|9
|tier|[Gen 9] OU
|rated|
|rule|HP Percentage Mod: HP is shown in percentages
|rule|Endless Battle Clause: Forcing endless battles is banned
|rule|Species Clause: Limit one of each Pokémon
|rule|OHKO Clause: OHKO moves are banned
|rule|Evasion Items Clause: Evasion items are banned
|rule|Evasion Moves Clause: Evasion moves are banned
|rule|Evasion Abilities Clause: Evasion abilities are banned
|rule|Sleep Moves Clause: Sleep-inducing moves are banned
|clearpoke
|poke|p1|Corviknight, F|
|poke|p1|Dragapult, M|
|poke|p1|Ogerpon-Wellspring, F|
|poke|p1|Gholdengo|
|poke|p1|Landorus-Therian, M|
|poke|p1|Dondozo, M|
|poke|p2|Gliscor, F|
|poke|p2|Great Tusk|
|poke|p2|Dragapult, F|
|poke|p2|Kingambit, M|
|poke|p2|Rillaboom, M|
|poke|p2|Slowking-Galar, F|
|teampreview
|inactive|Battle timer is ON: inactive players will automatically lose when time's up. (requested by mothfox)
|inactive|mothfox has 120 seconds left.
|
|t:|1776307386
|teamsize|p1|6
|teamsize|p2|6
|start
|switch|p1a: Gholdengo|Gholdengo|100/100
|switch|p2a: Connor|Rillaboom, M|100/100
|-fieldstart|move: Grassy Terrain|[from] ability: Grassy Surge|[of] p2a: Connor
|turn|1
|
|t:|1776307398
|move|p2a: Connor|Knock Off|p1a: Gholdengo
|-supereffective|p1a: Gholdengo
|-damage|p1a: Gholdengo|2/100
|-enditem|p1a: Gholdengo|Leftovers|[from] move: Knock Off|[of] p2a: Connor
|move|p1a: Gholdengo|Shadow Ball|p2a: Connor
|-damage|p2a: Connor|35/100
|
|-heal|p2a: Connor|42/100|[from] Grassy Terrain
|-heal|p1a: Gholdengo|8/100|[from] Grassy Terrain
|upkeep
|turn|2
|
|t:|1776307408
|switch|p1a: Corviknight|Corviknight, F|100/100
|-ability|p1a: Corviknight|Pressure
|move|p2a: Connor|Knock Off|p1a: Corviknight
|-crit|p1a: Corviknight
|-damage|p1a: Corviknight|41/100
|-enditem|p1a: Corviknight|Leftovers|[from] move: Knock Off|[of] p2a: Connor
|
|-heal|p2a: Connor|48/100|[from] Grassy Terrain
|upkeep
|turn|3
|
|t:|1776307419
|switch|p2a: Gliscor|Gliscor, F|100/100
|move|p1a: Corviknight|Roost|p1a: Corviknight
|-heal|p1a: Corviknight|91/100
|-singleturn|p1a: Corviknight|move: Roost
|
|-heal|p1a: Corviknight|97/100|[from] Grassy Terrain
|-status|p2a: Gliscor|tox|[from] item: Toxic Orb
|upkeep
|turn|4
|
|t:|1776307429
|move|p2a: Gliscor|Spikes|p1a: Corviknight
|-sidestart|p1: MoQingYanYu|Spikes
|move|p1a: Corviknight|U-turn|p2a: Gliscor
|-resisted|p2a: Gliscor
|-damage|p2a: Gliscor|96/100 tox
|
|t:|1776307435
|switch|p1a: Ogerpon|Ogerpon-Wellspring, F|100/100|[from] U-turn
|-damage|p1a: Ogerpon|88/100|[from] Spikes
|
|-heal|p1a: Ogerpon|94/100|[from] Grassy Terrain
|-heal|p2a: Gliscor|100/100 tox|[from] ability: Poison Heal
|upkeep
|turn|5
|
|t:|1776307452
|switch|p2a: Connor|Rillaboom, M|48/100
|move|p1a: Ogerpon|U-turn|p2a: Connor
|-supereffective|p2a: Connor
|-damage|p2a: Connor|0 fnt
|faint|p2a: Connor
|
|t:|1776307457
|switch|p1a: Corviknight|Corviknight, F|97/100|[from] U-turn
|-ability|p1a: Corviknight|Pressure
|
|-fieldend|move: Grassy Terrain
|upkeep
|
|t:|1776307471
|switch|p2a: Slowking|Slowking-Galar, F|100/100
|turn|6
|
|t:|1776307477
|move|p1a: Corviknight|Defog|p2a: Slowking
|-unboost|p2a: Slowking|evasion|1
|-sideend|p1: MoQingYanYu|Spikes|[from] move: Defog|[of] p1a: Corviknight
|move|p2a: Slowking|Flamethrower|p1a: Corviknight
|-supereffective|p1a: Corviknight
|-damage|p1a: Corviknight|53/100
|
|upkeep
|turn|7
|
|t:|1776307489
|switch|p1a: Dragapult|Dragapult, M|100/100
|move|p2a: Slowking|Future Sight|p1a: Dragapult
|-start|p2a: Slowking|move: Future Sight
|
|upkeep
|turn|8
|
|t:|1776307499
|move|p1a: Dragapult|Shadow Ball|p2a: Slowking
|-supereffective|p2a: Slowking
|-damage|p2a: Slowking|58/100
|move|p2a: Slowking|Ice Beam|p1a: Dragapult
|-supereffective|p1a: Dragapult
|-damage|p1a: Dragapult|26/100
|
|upkeep
|turn|9
|
|t:|1776307511
|switch|p1a: Dondozo|Dondozo, M|100/100
|move|p2a: Slowking|Ice Beam|p1a: Dondozo
|-resisted|p1a: Dondozo
|-damage|p1a: Dondozo|92/100
|
|-end|p1a: Dondozo|move: Future Sight
|-damage|p1a: Dondozo|55/100
|upkeep
|turn|10
|
|t:|1776307522
|move|p1a: Dondozo|Liquidation|p2a: Slowking
|-damage|p2a: Slowking|30/100
|move|p2a: Slowking|Sludge Bomb|p1a: Dondozo
|-damage|p1a: Dondozo|27/100
|
|upkeep
|turn|11
|
|t:|1776307543
|switch|p2a: Zentreya|Dragapult, F|100/100
|move|p1a: Dondozo|Rest|p1a: Dondozo
|-status|p1a: Dondozo|slp|[from] move: Rest
|-heal|p1a: Dondozo|100/100 slp|[silent]
|
|upkeep
|turn|12
|
|t:|1776307557
|move|p2a: Zentreya|Hex|p1a: Dondozo
|-damage|p1a: Dondozo|65/100 slp
|cant|p1a: Dondozo|slp
|
|upkeep
|turn|13
|
|t:|1776307567
|switch|p1a: Corviknight|Corviknight, F|53/100
|-ability|p1a: Corviknight|Pressure
|move|p2a: Zentreya|Hex|p1a: Corviknight
|-damage|p1a: Corviknight|32/100
|
|upkeep
|turn|14
|
|t:|1776307575
|move|p2a: Zentreya|Will-O-Wisp|p1a: Corviknight
|-status|p1a: Corviknight|brn
|move|p1a: Corviknight|Roost|p1a: Corviknight
|-heal|p1a: Corviknight|82/100 brn
|-singleturn|p1a: Corviknight|move: Roost
|
|-damage|p1a: Corviknight|76/100 brn|[from] brn
|upkeep
|turn|15
|
|t:|1776307587
|move|p2a: Zentreya|Hex|p1a: Corviknight
|-damage|p1a: Corviknight|26/100 brn
|move|p1a: Corviknight|U-turn|p2a: Zentreya
|-resisted|p2a: Zentreya
|-damage|p2a: Zentreya|96/100
|
|t:|1776307597
|switch|p1a: Landorus|Landorus-Therian, M|100/100|[from] U-turn
|-ability|p1a: Landorus|Intimidate|boost
|-unboost|p2a: Zentreya|atk|1
|
|upkeep
|turn|16
|
|t:|1776307605
|switch|p1a: Dondozo|Dondozo, M|65/100 slp
|move|p2a: Zentreya|Will-O-Wisp||[still]
|-fail|p2a: Zentreya
|
|upkeep
|turn|17
|
|t:|1776307616
|move|p2a: Zentreya|Hex|p1a: Dondozo
|-crit|p1a: Dondozo
|-damage|p1a: Dondozo|14/100 slp
|cant|p1a: Dondozo|slp
|
|upkeep
|turn|18
|
|t:|1776307629
|move|p2a: Zentreya|Hex|p1a: Dondozo
|-damage|p1a: Dondozo|0 fnt
|faint|p1a: Dondozo
|
|upkeep
|
|t:|1776307632
|switch|p1a: Dragapult|Dragapult, M|26/100
|turn|19
|
|t:|1776307643
|switch|p2a: Slowking|Slowking-Galar, F|63/100
|move|p1a: Dragapult|Shadow Ball|p2a: Slowking
|-supereffective|p2a: Slowking
|-damage|p2a: Slowking|16/100
|-unboost|p2a: Slowking|spd|1
|
|upkeep
|turn|20
|
|t:|1776307651
|switch|p2a: Kingambit|Kingambit, M|100/100
|-activate|p2a: Kingambit|ability: Supreme Overlord
|-start|p2a: Kingambit|fallen1|[silent]
|move|p1a: Dragapult|Shadow Ball|p2a: Kingambit
|-resisted|p2a: Kingambit
|-damage|p2a: Kingambit|75/100
|
|upkeep
|turn|21
|
|t:|1776307660
|switch|p1a: Landorus|Landorus-Therian, M|100/100
|-ability|p1a: Landorus|Intimidate|boost
|-unboost|p2a: Kingambit|atk|1
|move|p2a: Kingambit|Swords Dance|p2a: Kingambit
|-boost|p2a: Kingambit|atk|2
|
|upkeep
|turn|22
|
|t:|1776307670
|-end|p2a: Kingambit|fallen1|[silent]
|switch|p2a: Gliscor|Gliscor, F|100/100 tox
|move|p1a: Landorus|Earthquake|p2a: Gliscor
|-immune|p2a: Gliscor
|
|upkeep
|turn|23
|
|t:|1776307677
|switch|p1a: Corviknight|Corviknight, F|26/100 brn
|-ability|p1a: Corviknight|Pressure
|move|p2a: Gliscor|Toxic||[still]
|-fail|p2a: Gliscor
|
|-damage|p1a: Corviknight|20/100 brn|[from] brn
|upkeep
|turn|24
|
|t:|1776307686
|move|p2a: Gliscor|Knock Off|p1a: Corviknight
|-damage|p1a: Corviknight|10/100 brn
|move|p1a: Corviknight|Roost|p1a: Corviknight
|-heal|p1a: Corviknight|60/100 brn
|-singleturn|p1a: Corviknight|move: Roost
|
|-damage|p1a: Corviknight|53/100 brn|[from] brn
|upkeep
|turn|25
|
|t:|1776307693
|move|p2a: Gliscor|Spikes|p1a: Corviknight
|-sidestart|p1: MoQingYanYu|Spikes
|move|p1a: Corviknight|U-turn|p2a: Gliscor
|-resisted|p2a: Gliscor
|-damage|p2a: Gliscor|98/100 tox
|
|t:|1776307698
|switch|p1a: Landorus|Landorus-Therian, M|100/100|[from] U-turn
|-ability|p1a: Landorus|Intimidate|boost
|-unboost|p2a: Gliscor|atk|1
|
|-heal|p2a: Gliscor|100/100 tox|[from] ability: Poison Heal
|upkeep
|turn|26
|
|t:|1776307707
|move|p1a: Landorus|Stealth Rock|p2a: Gliscor
|-sidestart|p2: mothfox|move: Stealth Rock
|move|p2a: Gliscor|Spikes|p1a: Landorus
|-sidestart|p1: MoQingYanYu|Spikes
|
|upkeep
|turn|27
|
|t:|1776307711
|move|p1a: Landorus|U-turn|p2a: Gliscor
|-resisted|p2a: Gliscor
|-damage|p2a: Gliscor|90/100 tox
|
|t:|1776307713
|switch|p1a: Corviknight|Corviknight, F|53/100 brn|[from] U-turn
|-ability|p1a: Corviknight|Pressure
|move|p2a: Gliscor|Spikes|p1a: Corviknight
|-sidestart|p1: MoQingYanYu|Spikes
|
|-heal|p2a: Gliscor|100/100 tox|[from] ability: Poison Heal
|-damage|p1a: Corviknight|47/100 brn|[from] brn
|upkeep
|turn|28
|
|t:|1776307725
|move|p2a: Gliscor|Protect|p2a: Gliscor
|-singleturn|p2a: Gliscor|Protect
|move|p1a: Corviknight|Defog|p2a: Gliscor
|-activate|p2a: Gliscor|move: Protect
|
|-damage|p1a: Corviknight|41/100 brn|[from] brn
|upkeep
|turn|29
|
|t:|1776307735
|move|p2a: Gliscor|Knock Off|p1a: Corviknight
|-damage|p1a: Corviknight|33/100 brn
|move|p1a: Corviknight|Defog|p2a: Gliscor
|-unboost|p2a: Gliscor|evasion|1
|-sideend|p2: mothfox|Stealth Rock|[from] move: Defog|[of] p1a: Corviknight
|-sideend|p1: MoQingYanYu|Spikes|[from] move: Defog|[of] p1a: Corviknight
|
|-damage|p1a: Corviknight|27/100 brn|[from] brn
|upkeep
|turn|30
|
|t:|1776307751
|move|p2a: Gliscor|Knock Off|p1a: Corviknight
|-damage|p1a: Corviknight|21/100 brn
|move|p1a: Corviknight|Roost|p1a: Corviknight
|-heal|p1a: Corviknight|71/100 brn
|-singleturn|p1a: Corviknight|move: Roost
|
|-damage|p1a: Corviknight|64/100 brn|[from] brn
|upkeep
|turn|31
|
|t:|1776307765
|move|p2a: Gliscor|Knock Off|p1a: Corviknight
|-damage|p1a: Corviknight|58/100 brn
|move|p1a: Corviknight|Roost|p1a: Corviknight
|-heal|p1a: Corviknight|100/100 brn
|-singleturn|p1a: Corviknight|move: Roost
|
|-damage|p1a: Corviknight|94/100 brn|[from] brn
|upkeep
|turn|32
|
|t:|1776307774
|switch|p2a: Slowking|Slowking-Galar, F|49/100
|move|p1a: Corviknight|Brave Bird|p2a: Slowking
|-damage|p2a: Slowking|32/100
|-damage|p1a: Corviknight|89/100 brn|[from] Recoil
|
|-damage|p1a: Corviknight|82/100 brn|[from] brn
|upkeep
|turn|33
|
|t:|1776307799
|switch|p2a: Gliscor|Gliscor, F|100/100 tox
|move|p1a: Corviknight|Brave Bird|p2a: Gliscor
|-damage|p2a: Gliscor|88/100 tox
|-damage|p1a: Corviknight|79/100 brn|[from] Recoil
|
|-heal|p2a: Gliscor|100/100 tox|[from] ability: Poison Heal
|-damage|p1a: Corviknight|73/100 brn|[from] brn
|upkeep
|turn|34
|inactive|mothfox has 120 seconds left.
|
|t:|1776307821
|move|p2a: Gliscor|Knock Off|p1a: Corviknight
|-damage|p1a: Corviknight|63/100 brn
|move|p1a: Corviknight|U-turn|p2a: Gliscor
|-resisted|p2a: Gliscor
|-damage|p2a: Gliscor|98/100 tox
|
|t:|1776307826
|switch|p1a: Ogerpon|Ogerpon-Wellspring, F|94/100|[from] U-turn
|
|-heal|p2a: Gliscor|100/100 tox|[from] ability: Poison Heal
|upkeep
|turn|35
|inactive|mothfox has 120 seconds left.
|
|t:|1776307852
|switch|p2a: Great Tusk|Great Tusk|100/100
|-terastallize|p1a: Ogerpon|Water
|detailschange|p1a: Ogerpon|Ogerpon-Wellspring-Tera, F, tera:Water
|-ability|p1a: Ogerpon|Embody Aspect (Wellspring)|boost
|-boost|p1a: Ogerpon|spd|1
|move|p1a: Ogerpon|Ivy Cudgel|p2a: Great Tusk|[anim] Ivy Cudgel Water
|-supereffective|p2a: Great Tusk
|-crit|p2a: Great Tusk
|-damage|p2a: Great Tusk|0 fnt
|faint|p2a: Great Tusk
|-end|p2a: Great Tusk|Protosynthesis|[silent]
|
|upkeep
|
|t:|1776307862
|switch|p2a: Zentreya|Dragapult, F|96/100
|turn|36
|
|t:|1776307879
|move|p2a: Zentreya|U-turn|p1a: Ogerpon
|-damage|p1a: Ogerpon|69/100
|
|t:|1776307887
|switch|p2a: Slowking|Slowking-Galar, F|65/100|[from] U-turn
|move|p1a: Ogerpon|Ivy Cudgel|p2a: Slowking|[anim] Ivy Cudgel Water
|-damage|p2a: Slowking|0 fnt
|faint|p2a: Slowking
|
|upkeep
|
|t:|1776307894
|switch|p2a: Zentreya|Dragapult, F|96/100
|turn|37
|
|t:|1776307897
|move|p2a: Zentreya|Will-O-Wisp|p1a: Ogerpon
|-status|p1a: Ogerpon|brn
|move|p1a: Ogerpon|Ivy Cudgel|p2a: Zentreya|[anim] Ivy Cudgel Water
|-resisted|p2a: Zentreya
|-crit|p2a: Zentreya
|-damage|p2a: Zentreya|58/100
|
|-damage|p1a: Ogerpon|63/100 brn|[from] brn
|upkeep
|turn|38
|
|t:|1776307909
|move|p2a: Zentreya|Hex|p1a: Ogerpon
|-damage|p1a: Ogerpon|22/100 brn
|move|p1a: Ogerpon|Ivy Cudgel|p2a: Zentreya|[anim] Ivy Cudgel Water
|-resisted|p2a: Zentreya
|-crit|p2a: Zentreya
|-damage|p2a: Zentreya|16/100
|
|-damage|p1a: Ogerpon|16/100 brn|[from] brn
|upkeep
|turn|39
|
|t:|1776307920
|switch|p1a: Corviknight|Corviknight, F|63/100 brn
|-ability|p1a: Corviknight|Pressure
|move|p2a: Zentreya|U-turn|p1a: Corviknight
|-resisted|p1a: Corviknight
|-damage|p1a: Corviknight|60/100 brn
|
|t:|1776307937
|switch|p2a: Gliscor|Gliscor, F|100/100 tox|[from] U-turn
|
|-damage|p1a: Corviknight|54/100 brn|[from] brn
|upkeep
|turn|40
|
|t:|1776307943
|move|p2a: Gliscor|Spikes|p1a: Corviknight
|-sidestart|p1: MoQingYanYu|Spikes
|move|p1a: Corviknight|Roost|p1a: Corviknight
|-heal|p1a: Corviknight|100/100 brn
|-singleturn|p1a: Corviknight|move: Roost
|
|-damage|p1a: Corviknight|94/100 brn|[from] brn
|upkeep
|turn|41
|
|t:|1776307951
|move|p2a: Gliscor|Spikes|p1a: Corviknight
|-sidestart|p1: MoQingYanYu|Spikes
|move|p1a: Corviknight|Defog|p2a: Gliscor
|-unboost|p2a: Gliscor|evasion|1
|-sideend|p1: MoQingYanYu|Spikes|[from] move: Defog|[of] p1a: Corviknight
|
|-damage|p1a: Corviknight|88/100 brn|[from] brn
|upkeep
|turn|42
|
|t:|1776307960
|move|p2a: Gliscor|Protect|p2a: Gliscor
|-singleturn|p2a: Gliscor|Protect
|move|p1a: Corviknight|Brave Bird|p2a: Gliscor
|-activate|p2a: Gliscor|move: Protect
|
|-damage|p1a: Corviknight|82/100 brn|[from] brn
|upkeep
|turn|43
|
|t:|1776307971
|move|p2a: Gliscor|Knock Off|p1a: Corviknight
|-damage|p1a: Corviknight|70/100 brn
|move|p1a: Corviknight|Brave Bird|p2a: Gliscor
|-damage|p2a: Gliscor|88/100 tox
|-damage|p1a: Corviknight|67/100 brn|[from] Recoil
|
|-heal|p2a: Gliscor|100/100 tox|[from] ability: Poison Heal
|-damage|p1a: Corviknight|61/100 brn|[from] brn
|upkeep
|turn|44
|
|t:|1776307981
|move|p2a: Gliscor|Knock Off|p1a: Corviknight
|-damage|p1a: Corviknight|50/100 brn
|move|p1a: Corviknight|Brave Bird|p2a: Gliscor
|-damage|p2a: Gliscor|87/100 tox
|-damage|p1a: Corviknight|46/100 brn|[from] Recoil
|
|-heal|p2a: Gliscor|99/100 tox|[from] ability: Poison Heal
|-damage|p1a: Corviknight|40/100 brn|[from] brn
|upkeep
|turn|45
|inactive|mothfox has 120 seconds left.
|
|t:|1776307991
|move|p2a: Gliscor|Spikes|p1a: Corviknight
|-sidestart|p1: MoQingYanYu|Spikes
|move|p1a: Corviknight|Brave Bird|p2a: Gliscor
|-damage|p2a: Gliscor|86/100 tox
|-damage|p1a: Corviknight|36/100 brn|[from] Recoil
|
|-heal|p2a: Gliscor|98/100 tox|[from] ability: Poison Heal
|-damage|p1a: Corviknight|29/100 brn|[from] brn
|upkeep
|turn|46
|inactive|mothfox has 120 seconds left.
|
|t:|1776308004
|move|p2a: Gliscor|Protect|p2a: Gliscor
|-singleturn|p2a: Gliscor|Protect
|move|p1a: Corviknight|Defog|p2a: Gliscor
|-activate|p2a: Gliscor|move: Protect
|
|-heal|p2a: Gliscor|100/100 tox|[from] ability: Poison Heal
|-damage|p1a: Corviknight|23/100 brn|[from] brn
|upkeep
|turn|47
|inactive|mothfox has 120 seconds left.
|
|t:|1776308041
|move|p2a: Gliscor|Knock Off|p1a: Corviknight
|-damage|p1a: Corviknight|12/100 brn
|move|p1a: Corviknight|Roost|p1a: Corviknight
|-heal|p1a: Corviknight|62/100 brn
|-singleturn|p1a: Corviknight|move: Roost
|
|-damage|p1a: Corviknight|56/100 brn|[from] brn
|upkeep
|turn|48
|
|t:|1776308049
|move|p2a: Gliscor|Knock Off|p1a: Corviknight
|-damage|p1a: Corviknight|46/100 brn
|move|p1a: Corviknight|Roost|p1a: Corviknight
|-heal|p1a: Corviknight|96/100 brn
|-singleturn|p1a: Corviknight|move: Roost
|
|-damage|p1a: Corviknight|90/100 brn|[from] brn
|upkeep
|turn|49
|
|t:|1776308058
|move|p2a: Gliscor|Spikes|p1a: Corviknight
|-sidestart|p1: MoQingYanYu|Spikes
|move|p1a: Corviknight|Defog|p2a: Gliscor
|-unboost|p2a: Gliscor|evasion|1
|-sideend|p1: MoQingYanYu|Spikes|[from] move: Defog|[of] p1a: Corviknight
|
|-damage|p1a: Corviknight|83/100 brn|[from] brn
|upkeep
|turn|50
|
|t:|1776308075
|move|p2a: Gliscor|Protect|p2a: Gliscor
|-singleturn|p2a: Gliscor|Protect
|move|p1a: Corviknight|Defog|p2a: Gliscor
|-activate|p2a: Gliscor|move: Protect
|
|-damage|p1a: Corviknight|77/100 brn|[from] brn
|upkeep
|turn|51
|
|t:|1776308089
|switch|p1a: Landorus|Landorus-Therian, M|100/100
|-ability|p1a: Landorus|Intimidate|boost
|-unboost|p2a: Gliscor|atk|1
|move|p2a: Gliscor|Spikes|p1a: Landorus
|-sidestart|p1: MoQingYanYu|Spikes
|
|upkeep
|turn|52
|
|t:|1776308094
|switch|p1a: Corviknight|Corviknight, F|77/100 brn
|-ability|p1a: Corviknight|Pressure
|move|p2a: Gliscor|Knock Off|p1a: Corviknight
|-damage|p1a: Corviknight|70/100 brn
|
|-damage|p1a: Corviknight|64/100 brn|[from] brn
|upkeep
|turn|53
|inactive|mothfox has 120 seconds left.
|
|t:|1776308105
|move|p2a: Gliscor|Knock Off|p1a: Corviknight
|-damage|p1a: Corviknight|58/100 brn
|move|p1a: Corviknight|Defog|p2a: Gliscor
|-unboost|p2a: Gliscor|evasion|1
|-sideend|p1: MoQingYanYu|Spikes|[from] move: Defog|[of] p1a: Corviknight
|
|-damage|p1a: Corviknight|51/100 brn|[from] brn
|upkeep
|turn|54
|inactive|mothfox has 120 seconds left.
|
|t:|1776308113
|move|p2a: Gliscor|Toxic||[still]
|-fail|p2a: Gliscor
|move|p1a: Corviknight|U-turn|p2a: Gliscor
|-resisted|p2a: Gliscor
|-damage|p2a: Gliscor|98/100 tox
|
|t:|1776308116
|switch|p1a: Gholdengo|Gholdengo|8/100|[from] U-turn
|
|-heal|p2a: Gliscor|100/100 tox|[from] ability: Poison Heal
|upkeep
|turn|55
|
|t:|1776308125
|move|p2a: Gliscor|Knock Off|p1a: Gholdengo
|-supereffective|p1a: Gholdengo
|-damage|p1a: Gholdengo|0 fnt
|faint|p1a: Gholdengo
|
|upkeep
|
|t:|1776308130
|switch|p1a: Ogerpon|Ogerpon-Wellspring-Tera, F, tera:Water|16/100 brn
|-ability|p1a: Ogerpon|Embody Aspect (Wellspring)|boost
|-boost|p1a: Ogerpon|spd|1
|turn|56
|inactive|mothfox has 120 seconds left.
|
|t:|1776308159
|move|p2a: Gliscor|Protect|p2a: Gliscor
|-singleturn|p2a: Gliscor|Protect
|move|p1a: Ogerpon|Ivy Cudgel|p2a: Gliscor|[anim] Ivy Cudgel Water
|-activate|p2a: Gliscor|move: Protect
|
|-damage|p1a: Ogerpon|10/100 brn|[from] brn
|upkeep
|turn|57
|
|t:|1776308168
|move|p1a: Ogerpon|Ivy Cudgel|p2a: Gliscor|[anim] Ivy Cudgel Water
|-supereffective|p2a: Gliscor
|-damage|p2a: Gliscor|36/100 tox
|move|p2a: Gliscor|Knock Off|p1a: Ogerpon
|-damage|p1a: Ogerpon|0 fnt
|faint|p1a: Ogerpon
|detailschange|p1: Ogerpon|Ogerpon-Wellspring, F|[silent]
|
|-heal|p2a: Gliscor|48/100 tox|[from] ability: Poison Heal
|upkeep
|
|t:|1776308172
|switch|p1a: Dragapult|Dragapult, M|26/100
|turn|58
|
|t:|1776308181
|move|p2a: Gliscor|Protect|p2a: Gliscor
|-singleturn|p2a: Gliscor|Protect
|move|p1a: Dragapult|Draco Meteor|p2a: Gliscor
|-activate|p2a: Gliscor|move: Protect
|
|-heal|p2a: Gliscor|61/100 tox|[from] ability: Poison Heal
|upkeep
|turn|59
|
|t:|1776308194
|switch|p1a: Landorus|Landorus-Therian, M|100/100
|-ability|p1a: Landorus|Intimidate|boost
|-unboost|p2a: Gliscor|atk|1
|switch|p2a: Zentreya|Dragapult, F|16/100
|
|upkeep
|turn|60
|
|t:|1776308204
|switch|p1a: Corviknight|Corviknight, F|51/100 brn
|-ability|p1a: Corviknight|Pressure
|move|p2a: Zentreya|U-turn|p1a: Corviknight
|-resisted|p1a: Corviknight
|-damage|p1a: Corviknight|48/100 brn
|
|t:|1776308211
|switch|p2a: Gliscor|Gliscor, F|61/100 tox|[from] U-turn
|
|-heal|p2a: Gliscor|73/100 tox|[from] ability: Poison Heal
|-damage|p1a: Corviknight|42/100 brn|[from] brn
|upkeep
|turn|61
|
|t:|1776308219
|move|p2a: Gliscor|Toxic|p1a: Corviknight|[miss]
|-miss|p2a: Gliscor|p1a: Corviknight
|move|p1a: Corviknight|Brave Bird|p2a: Gliscor
|-crit|p2a: Gliscor
|-damage|p2a: Gliscor|53/100 tox
|-damage|p1a: Corviknight|36/100 brn|[from] Recoil
|
|-heal|p2a: Gliscor|66/100 tox|[from] ability: Poison Heal
|-damage|p1a: Corviknight|30/100 brn|[from] brn
|upkeep
|turn|62
|
|t:|1776308233
|move|p2a: Gliscor|Toxic||[still]
|-fail|p2a: Gliscor
|move|p1a: Corviknight|U-turn|p2a: Gliscor
|-resisted|p2a: Gliscor
|-damage|p2a: Gliscor|64/100 tox
|
|t:|1776308242
|switch|p1a: Landorus|Landorus-Therian, M|100/100|[from] U-turn
|-ability|p1a: Landorus|Intimidate|boost
|-unboost|p2a: Gliscor|atk|1
|
|-heal|p2a: Gliscor|76/100 tox|[from] ability: Poison Heal
|upkeep
|turn|63
|
|t:|1776308252
|move|p1a: Landorus|Rock Slide|p2a: Gliscor
|-damage|p2a: Gliscor|56/100 tox
|move|p2a: Gliscor|Spikes|p1a: Landorus
|-sidestart|p1: MoQingYanYu|Spikes
|
|-heal|p2a: Gliscor|68/100 tox|[from] ability: Poison Heal
|upkeep
|turn|64
|
|t:|1776308263
|switch|p1a: Corviknight|Corviknight, F|30/100 brn
|-ability|p1a: Corviknight|Pressure
|move|p2a: Gliscor|Toxic||[still]
|-fail|p2a: Gliscor
|
|-heal|p2a: Gliscor|81/100 tox|[from] ability: Poison Heal
|-damage|p1a: Corviknight|24/100 brn|[from] brn
|upkeep
|turn|65
|
|t:|1776308276
|move|p2a: Gliscor|Toxic||[still]
|-fail|p2a: Gliscor
|move|p1a: Corviknight|Defog|p2a: Gliscor
|-unboost|p2a: Gliscor|evasion|1
|-sideend|p1: MoQingYanYu|Spikes|[from] move: Defog|[of] p1a: Corviknight
|
|-heal|p2a: Gliscor|93/100 tox|[from] ability: Poison Heal
|-damage|p1a: Corviknight|17/100 brn|[from] brn
|upkeep
|turn|66
|
|t:|1776308285
|move|p2a: Gliscor|Spikes|p1a: Corviknight
|-sidestart|p1: MoQingYanYu|Spikes
|move|p1a: Corviknight|U-turn|p2a: Gliscor
|-resisted|p2a: Gliscor
|-damage|p2a: Gliscor|91/100 tox
|
|t:|1776308288
|switch|p1a: Landorus|Landorus-Therian, M|100/100|[from] U-turn
|-ability|p1a: Landorus|Intimidate|boost
|-unboost|p2a: Gliscor|atk|1
|
|-heal|p2a: Gliscor|100/100 tox|[from] ability: Poison Heal
|upkeep
|turn|67
|
|t:|1776308296
|switch|p1a: Corviknight|Corviknight, F|17/100 brn
|-ability|p1a: Corviknight|Pressure
|move|p2a: Gliscor|Spikes|p1a: Corviknight
|-sidestart|p1: MoQingYanYu|Spikes
|
|-damage|p1a: Corviknight|11/100 brn|[from] brn
|upkeep
|turn|68
|
|t:|1776308305
|move|p2a: Gliscor|Toxic||[still]
|-fail|p2a: Gliscor
|move|p1a: Corviknight|Defog|p2a: Gliscor
|-unboost|p2a: Gliscor|evasion|1
|-sideend|p1: MoQingYanYu|Spikes|[from] move: Defog|[of] p1a: Corviknight
|
|-damage|p1a: Corviknight|5/100 brn|[from] brn
|upkeep
|turn|69
|
|t:|1776308313
|move|p2a: Gliscor|Protect|p2a: Gliscor
|-singleturn|p2a: Gliscor|Protect
|move|p1a: Corviknight|Defog|p2a: Gliscor
|-activate|p2a: Gliscor|move: Protect
|
|-damage|p1a: Corviknight|0 fnt|[from] brn
|faint|p1a: Corviknight
|upkeep
|
|t:|1776308321
|switch|p1a: Dragapult|Dragapult, M|26/100
|turn|70
|
|t:|1776308331
|switch|p2a: Zentreya|Dragapult, F|16/100
|move|p1a: Dragapult|Draco Meteor|p2a: Zentreya
|-supereffective|p2a: Zentreya
|-damage|p2a: Zentreya|0 fnt
|-unboost|p1a: Dragapult|spa|2
|faint|p2a: Zentreya
|
|upkeep
|
|t:|1776308339
|switch|p2a: Kingambit|Kingambit, M|75/100
|-activate|p2a: Kingambit|ability: Supreme Overlord
|-start|p2a: Kingambit|fallen4|[silent]
|turn|71
|
|t:|1776308347
|switch|p1a: Landorus|Landorus-Therian, M|100/100
|-ability|p1a: Landorus|Intimidate|boost
|-unboost|p2a: Kingambit|atk|1
|move|p2a: Kingambit|Kowtow Cleave|p1a: Landorus
|-damage|p1a: Landorus|37/100
|
|upkeep
|turn|72
|
|t:|1776308359
|move|p2a: Kingambit|Sucker Punch|p1a: Landorus
|-crit|p1a: Landorus
|-damage|p1a: Landorus|0 fnt
|faint|p1a: Landorus
|
|upkeep
|-message|MoQingYanYu forfeited.
|
|win|mothfox
|raw|MoQingYanYu's rating: 1337 &rarr; <strong>1316</strong><br />(-21 for losing)
|raw|mothfox's rating: 1323 &rarr; <strong>1344</strong><br />(+21 for winning)
