|html|<div class="broadcast-blue"><strong>[Gen 9] OU is currently suspecting Tera Blast! For information on how to participate check out the <a href="https://www.smogon.com/tools/suspects/view/200">suspect thread</a>.</strong></div>
|j|☆peterraptor1
|j|‽CHixxxxx122
|t:|1776042546
|gametype|singles
|player|p1|peterraptor1|lance|1325
|player|p2|CHixxxxx122|102|1275
|gen|9
|tier|[Gen 9] OU
|rated|
|rule|HP Percentage Mod: HP is shown in percentages
|rule|Endless Battle Clause: Forcing endless battles is banned
|rule|Species Clause: Limit one of each Pokémon
|rule|OHKO Clause: OHKO moves are banned
|rule|Evasion Items Clause: Evasion items are banned
|rule|Evasion Moves Clause: Evasion moves are banned
|rule|Evasion Abilities Clause: Evasion abilities are banned
|rule|Sleep Moves Clause: Sleep-inducing moves are banned
|clearpoke
|poke|p1|Haxorus, M|
|poke|p1|Dragapult, M|
|poke|p1|Metagross|
|poke|p1|Serperior, M|
|poke|p1|Hitmonlee, M|
|poke|p1|Kingambit, M|
|poke|p2|Skuntank, M|
|poke|p2|Porygon2|
|poke|p2|Mamoswine, M|
|poke|p2|Staraptor, M|
|poke|p2|Lilligant-Hisui, F|
|poke|p2|Milotic, F|
|teampreview
|inactive|Battle timer is ON: inactive players will automatically lose when time's up. (requested by peterraptor1)
|
|t:|1776042566
|teamsize|p1|6
|teamsize|p2|6
|start
|switch|p1a: Hitmonlee|Hitmonlee, M|100/100
|switch|p2a: Mamoswine|Mamoswine, M|100/100
|turn|1
|
|t:|1776042574
|move|p1a: Hitmonlee|Knock Off|p2a: Mamoswine
|-damage|p2a: Mamoswine|65/100
|-damage|p1a: Hitmonlee|84/100|[from] item: Rocky Helmet|[of] p2a: Mamoswine
|-enditem|p2a: Mamoswine|Rocky Helmet|[from] move: Knock Off|[of] p1a: Hitmonlee
|move|p2a: Mamoswine|Earthquake|p1a: Hitmonlee
|-damage|p1a: Hitmonlee|0 fnt
|faint|p1a: Hitmonlee
|
|upkeep
|
|t:|1776042580
|switch|p1a: Serperior|Serperior, M, shiny|100/100
|turn|2
|
|t:|1776042584
|-terastallize|p2a: Mamoswine|Ice
|move|p1a: Serperior|Leaf Storm|p2a: Mamoswine
|-damage|p2a: Mamoswine|0 fnt
|-boost|p1a: Serperior|spa|2
|faint|p2a: Mamoswine
|
|upkeep
|
|t:|1776042590
|switch|p2a: Staraptor|Staraptor, M|100/100
|turn|3
|
|t:|1776042596
|move|p2a: Staraptor|Brave Bird|p1a: Serperior
|-supereffective|p1a: Serperior
|-damage|p1a: Serperior|0 fnt
|faint|p1a: Serperior
|-damage|p2a: Staraptor|70/100|[from] Recoil
|
|upkeep
|
|t:|1776042605
|switch|p1a: Dragapult|Dragapult, M, shiny|100/100
|turn|4
|
|t:|1776042609
|switch|p2a: Porygon2|Porygon2|100/100
|-ability|p2a: Porygon2|Infiltrator|Trace|[from] ability: Trace|[of] p1a: Dragapult
|move|p1a: Dragapult|Thunderbolt|p2a: Porygon2
|-damage|p2a: Porygon2|79/100
|-damage|p1a: Dragapult|91/100|[from] item: Life Orb
|
|upkeep
|turn|5
|
|t:|1776042612
|move|p1a: Dragapult|Draco Meteor|p2a: Porygon2
|-damage|p2a: Porygon2|34/100
|-unboost|p1a: Dragapult|spa|2
|-damage|p1a: Dragapult|81/100|[from] item: Life Orb
|move|p2a: Porygon2|Ice Beam|p1a: Dragapult
|-supereffective|p1a: Dragapult
|-damage|p1a: Dragapult|15/100
|
|upkeep
|turn|6
|
|t:|1776042619
|move|p1a: Dragapult|Draco Meteor|p2a: Porygon2|[miss]
|-miss|p1a: Dragapult|p2a: Porygon2
|move|p2a: Porygon2|Recover|p2a: Porygon2
|-heal|p2a: Porygon2|84/100
|
|upkeep
|turn|7
|
|t:|1776042621
|move|p1a: Dragapult|Draco Meteor|p2a: Porygon2
|-damage|p2a: Porygon2|60/100
|-unboost|p1a: Dragapult|spa|2
|-damage|p1a: Dragapult|6/100|[from] item: Life Orb
|move|p2a: Porygon2|Charge Beam|p1a: Dragapult
|-resisted|p1a: Dragapult
|-damage|p1a: Dragapult|0 fnt
|-boost|p2a: Porygon2|spa|1
|faint|p1a: Dragapult
|
|upkeep
|
|t:|1776042628
|switch|p1a: Haxorus|Haxorus, M, shiny|100/100
|-ability|p1a: Haxorus|Mold Breaker
|turn|8
|
|t:|1776042631
|move|p1a: Haxorus|Dragon Dance|p1a: Haxorus
|-boost|p1a: Haxorus|atk|1
|-boost|p1a: Haxorus|spe|1
|move|p2a: Porygon2|Ice Beam|p1a: Haxorus
|-supereffective|p1a: Haxorus
|-damage|p1a: Haxorus|0 fnt
|faint|p1a: Haxorus
|
|upkeep
|
|t:|1776042634
|switch|p1a: Metagross|Metagross, shiny|100/100
|turn|9
|
|t:|1776042639
|move|p1a: Metagross|Agility|p1a: Metagross
|-boost|p1a: Metagross|spe|2
|move|p2a: Porygon2|Charge Beam|p1a: Metagross
|-damage|p1a: Metagross|78/100
|-boost|p2a: Porygon2|spa|1
|
|upkeep
|turn|10
|
|t:|1776042645
|move|p1a: Metagross|Heavy Slam|p2a: Porygon2
|-damage|p2a: Porygon2|19/100
|move|p2a: Porygon2|Charge Beam|p1a: Metagross
|-damage|p1a: Metagross|49/100
|
|upkeep
|turn|11
|
|t:|1776042655
|move|p1a: Metagross|Psychic Fangs|p2a: Porygon2
|-damage|p2a: Porygon2|0 fnt
|faint|p2a: Porygon2
|
|upkeep
|
|t:|1776042658
|switch|p2a: Skuntank|Skuntank, M|100/100
|turn|12
|
|t:|1776042660
|move|p1a: Metagross|Heavy Slam|p2a: Skuntank
|-damage|p2a: Skuntank|5/100
|move|p2a: Skuntank|Knock Off|p1a: Metagross
|-supereffective|p1a: Metagross
|-damage|p1a: Metagross|0 fnt
|-enditem|p1a: Metagross|Weakness Policy|[from] move: Knock Off|[of] p2a: Skuntank
|faint|p1a: Metagross
|-damage|p2a: Skuntank|0 fnt|[from] item: Life Orb
|faint|p2a: Skuntank
|
|upkeep
|
|t:|1776042665
|switch|p2a: Lilligant|Lilligant-Hisui, F|100/100
|switch|p1a: Kingambit|Kingambit, M, shiny|100/100
|-activate|p1a: Kingambit|ability: Supreme Overlord
|-start|p1a: Kingambit|fallen5|[silent]
|turn|13
|
|t:|1776042669
|-terastallize|p1a: Kingambit|Flying
|move|p2a: Lilligant|Close Combat|p1a: Kingambit
|-resisted|p1a: Kingambit
|-damage|p1a: Kingambit|78/100
|-unboost|p2a: Lilligant|def|1
|-unboost|p2a: Lilligant|spd|1
|move|p1a: Kingambit|Iron Head|p2a: Lilligant
|-damage|p2a: Lilligant|0 fnt
|faint|p2a: Lilligant
|
|-heal|p1a: Kingambit|84/100|[from] item: Leftovers
|upkeep
|
|t:|1776042675
|switch|p2a: Milotic|Milotic, F|100/100
|turn|14
|
|t:|1776042677
|move|p2a: Milotic|Scald|p1a: Kingambit
|-damage|p1a: Kingambit|53/100
|move|p1a: Kingambit|Kowtow Cleave|p2a: Milotic
|-damage|p2a: Milotic|36/100
|
|-heal|p2a: Milotic|42/100|[from] item: Leftovers
|-heal|p1a: Kingambit|59/100|[from] item: Leftovers
|upkeep
|turn|15
|
|t:|1776042682
|move|p2a: Milotic|Ice Beam|p1a: Kingambit
|-supereffective|p1a: Kingambit
|-damage|p1a: Kingambit|14/100
|move|p1a: Kingambit|Swords Dance|p1a: Kingambit
|-boost|p1a: Kingambit|atk|2
|
|-heal|p2a: Milotic|49/100|[from] item: Leftovers
|-heal|p1a: Kingambit|21/100|[from] item: Leftovers
|upkeep
|turn|16
|
|t:|1776042684
|move|p1a: Kingambit|Sucker Punch|p2a: Milotic
|-damage|p2a: Milotic|0 fnt
|faint|p2a: Milotic
|
|-heal|p1a: Kingambit|27/100|[from] item: Leftovers
|upkeep
|
|t:|1776042687
|switch|p2a: Staraptor|Staraptor, M|70/100
|turn|17
|
|t:|1776042689
|move|p2a: Staraptor|Quick Attack|p1a: Kingambit
|-damage|p1a: Kingambit|13/100
|move|p1a: Kingambit|Sucker Punch||[still]
|-fail|p1a: Kingambit
|
|-heal|p1a: Kingambit|20/100|[from] item: Leftovers
|upkeep
|turn|18
|c|☆peterraptor1|gg
|
|t:|1776042695
|move|p2a: Staraptor|Quick Attack|p1a: Kingambit
|-damage|p1a: Kingambit|6/100
|move|p1a: Kingambit|Kowtow Cleave|p2a: Staraptor
|-damage|p2a: Staraptor|0 fnt
|faint|p2a: Staraptor
|
|win|peterraptor1
|raw|peterraptor1's rating: 1325 &rarr; <strong>1342</strong><br />(+17 for winning)
|raw|CHixxxxx122's rating: 1275 &rarr; <strong>1254</strong><br />(-21 for losing)
|l|☆peterraptor1
|player|p1|
|l|‽CHixxxxx122
|player|p2|
