|html|<div class="broadcast-blue"><strong>[Gen 9] OU is currently suspecting Tera Blast! For information on how to participate check out the <a href="https://www.smogon.com/tools/suspects/view/200">suspect thread</a>.</strong></div>
|j|☆blues364
|j|☆PinguButGood
|t:|1776268206
|gametype|singles
|player|p1|blues364|102|1329
|player|p2|PinguButGood|falkner|1340
|gen|9
|tier|[Gen 9] OU
|rated|
|rule|HP Percentage Mod: HP is shown in percentages
|rule|Endless Battle Clause: Forcing endless battles is banned
|rule|Species Clause: Limit one of each Pokémon
|rule|OHKO Clause: OHKO moves are banned
|rule|Evasion Items Clause: Evasion items are banned
|rule|Evasion Moves Clause: Evasion moves are banned
|rule|Evasion Abilities Clause: Evasion abilities are banned
|rule|Sleep Moves Clause: Sleep-inducing moves are banned
|clearpoke
|poke|p1|Darkrai|
|poke|p1|Salamence, F|
|poke|p1|Walking Wake|
|poke|p1|Iron Valiant|
|poke|p1|Cinderace, M|
|poke|p1|Deoxys-Speed|
|poke|p2|Zamazenta-*|
|poke|p2|Kingambit, M|
|poke|p2|Samurott-Hisui, F|
|poke|p2|Landorus-Therian, M|
|poke|p2|Iron Valiant|
|poke|p2|Iron Moth|
|teampreview
|inactive|Battle timer is ON: inactive players will automatically lose when time's up. (requested by PinguButGood)
|
|t:|1776268218
|teamsize|p1|6
|teamsize|p2|6
|start
|switch|p1a: Deoxys|Deoxys-Speed|100/100
|switch|p2a: Samurott|Samurott-Hisui, F|100/100
|-ability|p1a: Deoxys|Pressure
|turn|1
|
|t:|1776268224
|move|p1a: Deoxys|Reflect|p1a: Deoxys
|-sidestart|p1: blues364|Reflect
|move|p2a: Samurott|Ceaseless Edge|p1a: Deoxys
|-supereffective|p1a: Deoxys
|-damage|p1a: Deoxys|37/100
|-sidestart|p1: blues364|Spikes
|
|upkeep
|turn|2
|
|t:|1776268229
|move|p1a: Deoxys|Light Screen|p1a: Deoxys
|-sidestart|p1: blues364|move: Light Screen
|move|p2a: Samurott|Ceaseless Edge|p1a: Deoxys
|-supereffective|p1a: Deoxys
|-damage|p1a: Deoxys|0 fnt
|-sidestart|p1: blues364|Spikes
|faint|p1a: Deoxys
|
|upkeep
|
|t:|1776268241
|switch|p1a: Iron Valiant|Iron Valiant|100/100
|-damage|p1a: Iron Valiant|84/100|[from] Spikes
|-enditem|p1a: Iron Valiant|Booster Energy
|-activate|p1a: Iron Valiant|ability: Quark Drive|[fromitem]
|-start|p1a: Iron Valiant|quarkdrivespe
|turn|3
|
|t:|1776268250
|move|p1a: Iron Valiant|Calm Mind|p1a: Iron Valiant
|-boost|p1a: Iron Valiant|spa|1
|-boost|p1a: Iron Valiant|spd|1
|move|p2a: Samurott|Razor Shell|p1a: Iron Valiant
|-damage|p1a: Iron Valiant|48/100
|
|upkeep
|turn|4
|
|t:|1776268256
|move|p1a: Iron Valiant|Moonblast|p2a: Samurott
|-supereffective|p2a: Samurott
|-enditem|p2a: Samurott|Focus Sash
|-damage|p2a: Samurott|1/100
|move|p2a: Samurott|Razor Shell|p1a: Iron Valiant
|-damage|p1a: Iron Valiant|11/100
|-unboost|p1a: Iron Valiant|def|1
|
|upkeep
|turn|5
|
|t:|1776268266
|move|p1a: Iron Valiant|Moonblast|p2a: Samurott
|-supereffective|p2a: Samurott
|-damage|p2a: Samurott|0 fnt
|faint|p2a: Samurott
|
|upkeep
|
|t:|1776268291
|switch|p2a: Iron Moth|Iron Moth|100/100
|-enditem|p2a: Iron Moth|Booster Energy
|-activate|p2a: Iron Moth|ability: Quark Drive|[fromitem]
|-start|p2a: Iron Moth|quarkdrivespe
|turn|6
|
|t:|1776268298
|move|p1a: Iron Valiant|Shadow Ball|p2a: Iron Moth
|-damage|p2a: Iron Moth|63/100
|-unboost|p2a: Iron Moth|spd|1
|move|p2a: Iron Moth|Fiery Dance|p1a: Iron Valiant
|-damage|p1a: Iron Valiant|0 fnt
|-boost|p2a: Iron Moth|spa|1
|faint|p1a: Iron Valiant
|-end|p1a: Iron Valiant|Quark Drive|[silent]
|
|upkeep
|
|t:|1776268311
|switch|p1a: Walking Wake|Walking Wake|100/100
|-damage|p1a: Walking Wake|84/100|[from] Spikes
|turn|7
|
|t:|1776268318
|move|p2a: Iron Moth|Sludge Wave|p1a: Walking Wake
|-damage|p1a: Walking Wake|41/100
|move|p1a: Walking Wake|Hydro Steam|p2a: Iron Moth
|-supereffective|p2a: Iron Moth
|-damage|p2a: Iron Moth|0 fnt
|faint|p2a: Iron Moth
|-end|p2a: Iron Moth|Quark Drive|[silent]
|
|upkeep
|inactive|PinguButGood has 120 seconds left.
|
|t:|1776268347
|switch|p2a: Kingambit|Kingambit, M|100/100
|-activate|p2a: Kingambit|ability: Supreme Overlord
|-start|p2a: Kingambit|fallen2|[silent]
|turn|8
|
|t:|1776268356
|move|p1a: Walking Wake|Hydro Steam|p2a: Kingambit
|-damage|p2a: Kingambit|39/100
|move|p2a: Kingambit|Swords Dance|p2a: Kingambit
|-boost|p2a: Kingambit|atk|2
|
|-heal|p2a: Kingambit|45/100|[from] item: Leftovers
|-sideend|p1: blues364|Reflect
|upkeep
|turn|9
|
|t:|1776268364
|move|p2a: Kingambit|Sucker Punch|p1a: Walking Wake
|-damage|p1a: Walking Wake|0 fnt
|faint|p1a: Walking Wake
|-end|p1a: Walking Wake|Protosynthesis|[silent]
|
|-heal|p2a: Kingambit|51/100|[from] item: Leftovers
|-sideend|p1: blues364|move: Light Screen
|upkeep
|
|t:|1776268368
|switch|p1a: Darkrai|Darkrai|100/100
|-damage|p1a: Darkrai|84/100|[from] Spikes
|turn|10
|
|t:|1776268375
|move|p1a: Darkrai|Focus Blast|p2a: Kingambit
|-supereffective|p2a: Kingambit
|-damage|p2a: Kingambit|0 fnt
|faint|p2a: Kingambit
|-end|p2a: Kingambit|fallen2|[silent]
|
|upkeep
|
|t:|1776268396
|switch|p2a: Zamazenta|Zamazenta|100/100
|-ability|p2a: Zamazenta|Dauntless Shield|boost
|-boost|p2a: Zamazenta|def|1
|turn|11
|
|t:|1776268404
|move|p2a: Zamazenta|Iron Defense|p2a: Zamazenta
|-boost|p2a: Zamazenta|def|2
|move|p1a: Darkrai|Focus Blast|p2a: Zamazenta
|-damage|p2a: Zamazenta|69/100
|-unboost|p2a: Zamazenta|spd|1
|
|-heal|p2a: Zamazenta|75/100|[from] item: Leftovers
|upkeep
|turn|12
|
|t:|1776268412
|move|p2a: Zamazenta|Body Press|p1a: Darkrai
|-supereffective|p1a: Darkrai
|-damage|p1a: Darkrai|0 fnt
|faint|p1a: Darkrai
|
|-heal|p2a: Zamazenta|82/100|[from] item: Leftovers
|upkeep
|
|t:|1776268416
|switch|p1a: Salamence|Salamence, F|100/100
|turn|13
|
|t:|1776268421
|move|p2a: Zamazenta|Body Press|p1a: Salamence
|-resisted|p1a: Salamence
|-damage|p1a: Salamence|46/100
|move|p1a: Salamence|Dragon Dance|p1a: Salamence
|-boost|p1a: Salamence|atk|1
|-boost|p1a: Salamence|spe|1
|
|-heal|p1a: Salamence|52/100|[from] item: Leftovers
|-heal|p2a: Zamazenta|88/100|[from] item: Leftovers
|upkeep
|turn|14
|
|t:|1776268432
|move|p1a: Salamence|Dual Wingbeat|p2a: Zamazenta
|-supereffective|p2a: Zamazenta
|-damage|p2a: Zamazenta|66/100
|-supereffective|p2a: Zamazenta
|-damage|p2a: Zamazenta|44/100
|-hitcount|p2a: Zamazenta|2
|move|p2a: Zamazenta|Body Press|p1a: Salamence
|-resisted|p1a: Salamence
|-damage|p1a: Salamence|1/100
|
|-heal|p1a: Salamence|7/100|[from] item: Leftovers
|-heal|p2a: Zamazenta|50/100|[from] item: Leftovers
|upkeep
|turn|15
|
|t:|1776268442
|move|p1a: Salamence|Dual Wingbeat|p2a: Zamazenta
|-supereffective|p2a: Zamazenta
|-damage|p2a: Zamazenta|26/100
|-supereffective|p2a: Zamazenta
|-damage|p2a: Zamazenta|6/100
|-hitcount|p2a: Zamazenta|2
|move|p2a: Zamazenta|Body Press|p1a: Salamence
|-resisted|p1a: Salamence
|-damage|p1a: Salamence|0 fnt
|faint|p1a: Salamence
|
|-heal|p2a: Zamazenta|12/100|[from] item: Leftovers
|upkeep
|-message|blues364 forfeited.
|
|win|PinguButGood
|raw|blues364's rating: 1329 &rarr; <strong>1310</strong><br />(-19 for losing)
|raw|PinguButGood's rating: 1340 &rarr; <strong>1359</strong><br />(+19 for winning)
|l|☆blues364
|player|p1|
