|html|<div class="broadcast-blue"><strong>[Gen 9] OU is currently suspecting Tera Blast! For information on how to participate check out the <a href="https://www.smogon.com/tools/suspects/view/200">suspect thread</a>.</strong></div>
|j|☆goonygoon
|j|☆TrashmanJonny
|t:|1776344024
|gametype|singles
|player|p1|goonygoon|bugsy|1246
|player|p2|TrashmanJonny|giovanni|1254
|gen|9
|tier|[Gen 9] OU
|rated|
|rule|HP Percentage Mod: HP is shown in percentages
|rule|Endless Battle Clause: Forcing endless battles is banned
|rule|Species Clause: Limit one of each Pokémon
|rule|OHKO Clause: OHKO moves are banned
|rule|Evasion Items Clause: Evasion items are banned
|rule|Evasion Moves Clause: Evasion moves are banned
|rule|Evasion Abilities Clause: Evasion abilities are banned
|rule|Sleep Moves Clause: Sleep-inducing moves are banned
|clearpoke
|poke|p1|Gardevoir, M|
|poke|p1|Samurott-Hisui, M|
|poke|p1|Gholdengo|
|poke|p1|Ting-Lu|
|poke|p1|Kingambit, F|
|poke|p1|Enamorus, F|
|poke|p2|Dragapult, M|
|poke|p2|Ogerpon-Wellspring, F|
|poke|p2|Gliscor, F|
|poke|p2|Great Tusk|
|poke|p2|Heatran, F|
|poke|p2|Slowking-Galar, F|
|teampreview
|
|t:|1776344027
|teamsize|p1|6
|teamsize|p2|6
|start
|switch|p1a: Samurott|Samurott-Hisui, M|100/100
|switch|p2a: Dragapult|Dragapult, M|100/100
|turn|1
|
|t:|1776344034
|move|p2a: Dragapult|Draco Meteor|p1a: Samurott
|-damage|p1a: Samurott|2/100
|-unboost|p2a: Dragapult|spa|2
|move|p1a: Samurott|Ceaseless Edge|p2a: Dragapult
|-supereffective|p2a: Dragapult
|-damage|p2a: Dragapult|0 fnt
|-sidestart|p2: TrashmanJonny|Spikes
|faint|p2a: Dragapult
|
|upkeep
|
|t:|1776344043
|switch|p2a: Great Tusk|Great Tusk|100/100
|-damage|p2a: Great Tusk|88/100|[from] Spikes
|turn|2
|
|t:|1776344047
|switch|p1a: Gholdengo|Gholdengo|100/100
|-item|p1a: Gholdengo|Air Balloon
|move|p2a: Great Tusk|Rapid Spin|p1a: Gholdengo
|-immune|p1a: Gholdengo
|
|upkeep
|turn|3
|
|t:|1776344055
|move|p2a: Great Tusk|Ice Spinner|p1a: Gholdengo
|-resisted|p1a: Gholdengo
|-crit|p1a: Gholdengo
|-damage|p1a: Gholdengo|82/100
|-enditem|p1a: Gholdengo|Air Balloon
|move|p1a: Gholdengo|Shadow Ball|p2a: Great Tusk
|-damage|p2a: Great Tusk|34/100
|
|upkeep
|turn|4
|
|t:|1776344063
|switch|p1a: Enamorus|Enamorus, F|100/100
|move|p2a: Great Tusk|Headlong Rush|p1a: Enamorus
|-immune|p1a: Enamorus
|
|upkeep
|turn|5
|
|t:|1776344070
|-end|p2a: Great Tusk|Protosynthesis|[silent]
|switch|p2a: Slowking|Slowking-Galar, F|100/100
|move|p1a: Enamorus|Earth Power|p2a: Slowking
|-supereffective|p2a: Slowking
|-damage|p2a: Slowking|56/100
|
|upkeep
|turn|6
|
|t:|1776344078
|switch|p1a: Ting-Lu|Ting-Lu|100/100
|-ability|p1a: Ting-Lu|Vessel of Ruin
|move|p2a: Slowking|Sludge Bomb|p1a: Ting-Lu
|-resisted|p1a: Ting-Lu
|-damage|p1a: Ting-Lu|91/100
|
|upkeep
|turn|7
|
|t:|1776344086
|move|p1a: Ting-Lu|Stealth Rock|p2a: Slowking
|-sidestart|p2: TrashmanJonny|move: Stealth Rock
|-prepare|p2a: Slowking|Chilly Reception|[premajor]
|move|p2a: Slowking|Chilly Reception|p2a: Slowking
|-weather|Snowscape
|
|t:|1776344091
|switch|p2a: Great Tusk|Great Tusk|34/100|[from] Chilly Reception
|-damage|p2a: Great Tusk|22/100|[from] Spikes
|-damage|p2a: Great Tusk|19/100|[from] Stealth Rock
|
|-weather|Snowscape|[upkeep]
|upkeep
|turn|8
|
|t:|1776344108
|switch|p1a: Gholdengo|Gholdengo|82/100
|move|p2a: Great Tusk|Rapid Spin|p1a: Gholdengo
|-immune|p1a: Gholdengo
|
|-weather|Snowscape|[upkeep]
|upkeep
|turn|9
|
|t:|1776344114
|switch|p1a: Enamorus|Enamorus, F|100/100
|move|p2a: Great Tusk|Headlong Rush|p1a: Enamorus
|-immune|p1a: Enamorus
|
|-weather|Snowscape|[upkeep]
|upkeep
|turn|10
|
|t:|1776344124
|-end|p2a: Great Tusk|Protosynthesis|[silent]
|switch|p2a: Heatran|Heatran, F|100/100
|-damage|p2a: Heatran|88/100|[from] Spikes
|-damage|p2a: Heatran|76/100|[from] Stealth Rock
|-terastallize|p1a: Enamorus|Stellar
|move|p1a: Enamorus|Tera Blast|p2a: Heatran|[anim] Tera Blast Stellar
|-damage|p2a: Heatran|44/100
|-boost|p1a: Enamorus|atk|1
|-boost|p1a: Enamorus|spa|1
|
|-weather|Snowscape|[upkeep]
|-heal|p2a: Heatran|50/100|[from] item: Leftovers
|upkeep
|turn|11
|
|t:|1776344137
|move|p1a: Enamorus|Tera Blast|p2a: Heatran|[anim] Tera Blast Stellar
|-damage|p2a: Heatran|12/100
|-boost|p1a: Enamorus|atk|1
|-boost|p1a: Enamorus|spa|1
|move|p2a: Heatran|Magma Storm|p1a: Enamorus
|-damage|p1a: Enamorus|43/100
|-activate|p1a: Enamorus|move: Magma Storm|[of] p2a: Heatran
|
|-weather|none
|-heal|p2a: Heatran|19/100|[from] item: Leftovers
|-damage|p1a: Enamorus|31/100|[from] move: Magma Storm|[partiallytrapped]
|upkeep
|turn|12
|
|t:|1776344148
|move|p1a: Enamorus|Tera Blast|p2a: Heatran|[anim] Tera Blast Stellar
|-damage|p2a: Heatran|0 fnt
|-boost|p1a: Enamorus|atk|1
|-boost|p1a: Enamorus|spa|1
|faint|p2a: Heatran
|
|-end|p1a: Enamorus|Magma Storm|[partiallytrapped]|[silent]
|upkeep
|
|t:|1776344155
|switch|p2a: Ogerpon|Ogerpon-Wellspring, F|100/100
|-damage|p2a: Ogerpon|88/100|[from] Spikes
|-damage|p2a: Ogerpon|76/100|[from] Stealth Rock
|turn|13
|
|t:|1776344165
|move|p1a: Enamorus|Tera Blast|p2a: Ogerpon|[anim] Tera Blast Stellar
|-damage|p2a: Ogerpon|0 fnt
|-boost|p1a: Enamorus|atk|1
|-boost|p1a: Enamorus|spa|1
|faint|p2a: Ogerpon
|
|upkeep
|-message|TrashmanJonny forfeited.
|
|win|goonygoon
|raw|goonygoon's rating: 1246 &rarr; <strong>1272</strong><br />(+26 for winning)
|raw|TrashmanJonny's rating: 1254 &rarr; <strong>1228</strong><br />(-26 for losing)
|l|☆TrashmanJonny
|player|p2|
