|html|<div class="broadcast-blue"><strong>[Gen 9] OU is currently suspecting Tera Blast! For information on how to participate check out the <a href="https://www.smogon.com/tools/suspects/view/200">suspect thread</a>.</strong></div>
|j|☆thebacchusbraviary
|j|☆Yespoleon
|t:|1776101147
|gametype|singles
|player|p1|thebacchusbraviary|winona|1376
|player|p2|Yespoleon|brock|1424
|gen|9
|tier|[Gen 9] OU
|rated|
|rule|HP Percentage Mod: HP is shown in percentages
|rule|Endless Battle Clause: Forcing endless battles is banned
|rule|Species Clause: Limit one of each Pokémon
|rule|OHKO Clause: OHKO moves are banned
|rule|Evasion Items Clause: Evasion items are banned
|rule|Evasion Moves Clause: Evasion moves are banned
|rule|Evasion Abilities Clause: Evasion abilities are banned
|rule|Sleep Moves Clause: Sleep-inducing moves are banned
|clearpoke
|poke|p1|Talonflame, F|
|poke|p1|Latios, M|
|poke|p1|Magnezone|
|poke|p1|Regice|
|poke|p1|Tauros-Paldea-Aqua, M|
|poke|p1|Tyranitar, M|
|poke|p2|Samurott-Hisui, F|
|poke|p2|Heatran, M|
|poke|p2|Pecharunt|
|poke|p2|Dragonite, F|
|poke|p2|Deoxys-Speed|
|poke|p2|Great Tusk|
|teampreview
|inactive|Battle timer is ON: inactive players will automatically lose when time's up. (requested by Yespoleon)
|inactive|thebacchusbraviary also wants the timer to be on.
|
|t:|1776101163
|teamsize|p1|6
|teamsize|p2|6
|start
|switch|p1a: Magnezone|Magnezone|100/100
|switch|p2a: Samurott|Samurott-Hisui, F, shiny|100/100
|turn|1
|
|t:|1776101172
|-terastallize|p2a: Samurott|Fighting
|move|p2a: Samurott|Sacred Sword|p1a: Magnezone
|-supereffective|p1a: Magnezone
|-ability|p1a: Magnezone|Sturdy
|-damage|p1a: Magnezone|1/100
|move|p1a: Magnezone|Volt Switch|p2a: Samurott
|-damage|p2a: Samurott|7/100
|
|t:|1776101184
|switch|p1a: Tauros|Tauros-Paldea-Aqua, M|100/100|[from] Volt Switch
|-ability|p1a: Tauros|Intimidate|boost
|-unboost|p2a: Samurott|atk|1
|
|upkeep
|turn|2
|
|t:|1776101191
|switch|p2a: Pecharunt|Pecharunt|100/100
|move|p1a: Tauros|Aqua Jet|p2a: Pecharunt
|-damage|p2a: Pecharunt|83/100
|
|upkeep
|turn|3
|
|t:|1776101200
|switch|p1a: Magnezone|Magnezone|1/100
|move|p2a: Pecharunt|Malignant Chain|p1a: Magnezone
|-immune|p1a: Magnezone
|
|upkeep
|turn|4
|
|t:|1776101212
|move|p2a: Pecharunt|Shadow Ball|p1a: Magnezone
|-damage|p1a: Magnezone|0 fnt
|faint|p1a: Magnezone
|
|upkeep
|
|t:|1776101214
|switch|p1a: Latios|Latios, M|100/100
|turn|5
|
|t:|1776101221
|switch|p2a: Heatran|Heatran, M|100/100
|-item|p2a: Heatran|Air Balloon
|move|p1a: Latios|Luster Purge|p2a: Heatran
|-resisted|p2a: Heatran
|-damage|p2a: Heatran|81/100
|-enditem|p2a: Heatran|Air Balloon
|
|upkeep
|turn|6
|
|t:|1776101230
|switch|p1a: Tauros|Tauros-Paldea-Aqua, M|100/100
|-ability|p1a: Tauros|Intimidate|boost
|-unboost|p2a: Heatran|atk|1
|move|p2a: Heatran|Stealth Rock|p1a: Tauros
|-sidestart|p1: thebacchusbraviary|move: Stealth Rock
|
|upkeep
|turn|7
|
|t:|1776101234
|switch|p2a: Pecharunt|Pecharunt|83/100
|move|p1a: Tauros|Earthquake|p2a: Pecharunt
|-supereffective|p2a: Pecharunt
|-damage|p2a: Pecharunt|29/100
|
|upkeep
|turn|8
|
|t:|1776101237
|switch|p1a: Talonflame|Talonflame, F|100/100
|move|p2a: Pecharunt|Recover|p2a: Pecharunt
|-heal|p2a: Pecharunt|79/100
|
|upkeep
|turn|9
|
|t:|1776101240
|move|p1a: Talonflame|Defog|p2a: Pecharunt
|-unboost|p2a: Pecharunt|evasion|1
|-sideend|p1: thebacchusbraviary|Stealth Rock|[from] move: Defog|[of] p1a: Talonflame
|move|p2a: Pecharunt|Malignant Chain|p1a: Talonflame
|-crit|p1a: Talonflame
|-damage|p1a: Talonflame|28/100
|
|upkeep
|turn|10
|
|t:|1776101247
|move|p1a: Talonflame|U-turn|p2a: Pecharunt
|-resisted|p2a: Pecharunt
|-damage|p2a: Pecharunt|77/100
|
|t:|1776101248
|switch|p1a: Latios|Latios, M|100/100|[from] U-turn
|move|p2a: Pecharunt|Malignant Chain|p1a: Latios
|-damage|p1a: Latios|67/100
|-status|p1a: Latios|tox
|-start|p1a: Latios|confusion|[from] ability: Poison Puppeteer|[of] p2a: Pecharunt
|
|-damage|p1a: Latios|61/100 tox|[from] psn
|upkeep
|turn|11
|
|t:|1776101254
|switch|p2a: Heatran|Heatran, M|81/100
|-activate|p1a: Latios|confusion
|move|p1a: Latios|Shadow Ball|p2a: Heatran
|-damage|p2a: Heatran|64/100
|-unboost|p2a: Heatran|spd|1
|
|-damage|p1a: Latios|49/100 tox|[from] psn
|upkeep
|turn|12
|
|t:|1776101264
|switch|p1a: Tauros|Tauros-Paldea-Aqua, M|100/100
|-ability|p1a: Tauros|Intimidate|boost
|-unboost|p2a: Heatran|atk|1
|move|p2a: Heatran|Stealth Rock|p1a: Tauros
|-sidestart|p1: thebacchusbraviary|move: Stealth Rock
|
|upkeep
|turn|13
|
|t:|1776101271
|switch|p2a: Dragonite|Dragonite, F, shiny|100/100
|move|p1a: Tauros|Earthquake|p2a: Dragonite
|-immune|p2a: Dragonite
|
|upkeep
|turn|14
|
|t:|1776101274
|switch|p1a: Tyranitar|Tyranitar, M|100/100
|-damage|p1a: Tyranitar|88/100|[from] Stealth Rock
|-weather|Sandstorm|[from] ability: Sand Stream|[of] p1a: Tyranitar
|move|p2a: Dragonite|Dragon Dance|p2a: Dragonite
|-boost|p2a: Dragonite|atk|1
|-boost|p2a: Dragonite|spe|1
|
|-weather|Sandstorm|[upkeep]
|-damage|p2a: Dragonite|94/100|[from] Sandstorm
|-heal|p2a: Dragonite|100/100|[from] item: Leftovers
|-heal|p1a: Tyranitar|94/100|[from] item: Leftovers
|upkeep
|turn|15
|
|t:|1776101277
|move|p2a: Dragonite|Earthquake|p1a: Tyranitar
|-supereffective|p1a: Tyranitar
|-damage|p1a: Tyranitar|9/100
|move|p1a: Tyranitar|Ice Beam|p2a: Dragonite
|-supereffective|p2a: Dragonite
|-damage|p2a: Dragonite|60/100
|
|-weather|Sandstorm|[upkeep]
|-damage|p2a: Dragonite|54/100|[from] Sandstorm
|-heal|p2a: Dragonite|60/100|[from] item: Leftovers
|-heal|p1a: Tyranitar|15/100|[from] item: Leftovers
|upkeep
|turn|16
|
|t:|1776101287
|move|p2a: Dragonite|Earthquake|p1a: Tyranitar
|-supereffective|p1a: Tyranitar
|-damage|p1a: Tyranitar|0 fnt
|faint|p1a: Tyranitar
|
|-weather|Sandstorm|[upkeep]
|-damage|p2a: Dragonite|54/100|[from] Sandstorm
|-heal|p2a: Dragonite|60/100|[from] item: Leftovers
|upkeep
|
|t:|1776101289
|switch|p1a: Regice|Regice|100/100
|-damage|p1a: Regice|75/100|[from] Stealth Rock
|turn|17
|
|t:|1776101294
|move|p2a: Dragonite|Stone Edge|p1a: Regice
|-supereffective|p1a: Regice
|-damage|p1a: Regice|0 fnt
|faint|p1a: Regice
|
|-weather|Sandstorm|[upkeep]
|-damage|p2a: Dragonite|54/100|[from] Sandstorm
|-heal|p2a: Dragonite|60/100|[from] item: Leftovers
|upkeep
|-message|thebacchusbraviary forfeited.
|
|win|Yespoleon
|raw|thebacchusbraviary's rating: 1376 &rarr; <strong>1359</strong><br />(-17 for losing)
|raw|Yespoleon's rating: 1424 &rarr; <strong>1441</strong><br />(+17 for winning)
|l|☆thebacchusbraviary
|player|p1|
|l|☆Yespoleon
|player|p2|
