|html|<div class="broadcast-blue"><strong>[Gen 9] OU is currently suspecting Tera Blast! For information on how to participate check out the <a href="https://www.smogon.com/tools/suspects/view/200">suspect thread</a>.</strong></div>
|j|☆tony4939312
|j|☆PB TUCAZ
|t:|1776053854
|gametype|singles
|player|p1|tony4939312|2|1214
|player|p2|PB TUCAZ|backpacker|1157
|gen|9
|tier|[Gen 9] OU
|rated|
|rule|HP Percentage Mod: HP is shown in percentages
|rule|Endless Battle Clause: Forcing endless battles is banned
|rule|Species Clause: Limit one of each Pokémon
|rule|OHKO Clause: OHKO moves are banned
|rule|Evasion Items Clause: Evasion items are banned
|rule|Evasion Moves Clause: Evasion moves are banned
|rule|Evasion Abilities Clause: Evasion abilities are banned
|rule|Sleep Moves Clause: Sleep-inducing moves are banned
|clearpoke
|poke|p1|Slowking-Galar, F|
|poke|p1|Iron Valiant|
|poke|p1|Iron Treads|
|poke|p1|Alomomola, M|
|poke|p1|Dragapult, M|
|poke|p1|Meowscarada, M|
|poke|p2|Rotom-Mow|
|poke|p2|Tyranitar, M|
|poke|p2|Ditto|
|poke|p2|Heatran, M|
|poke|p2|Weezing-Galar, M|
|poke|p2|Garchomp, M|
|teampreview
|
|t:|1776053863
|teamsize|p1|6
|teamsize|p2|6
|start
|switch|p1a: Dragapult|Dragapult, M|100/100
|switch|p2a: Tyranitar|Tyranitar, M|100/100
|-weather|Sandstorm|[from] ability: Sand Stream|[of] p2a: Tyranitar
|turn|1
|
|t:|1776053873
|move|p1a: Dragapult|Will-O-Wisp|p2a: Tyranitar
|-status|p2a: Tyranitar|brn
|move|p2a: Tyranitar|Knock Off|p1a: Dragapult
|-supereffective|p1a: Dragapult
|-damage|p1a: Dragapult|0 fnt
|-enditem|p1a: Dragapult|Life Orb|[from] move: Knock Off|[of] p2a: Tyranitar
|faint|p1a: Dragapult
|-damage|p2a: Tyranitar|91/100 brn|[from] item: Life Orb
|
|-weather|Sandstorm|[upkeep]
|-damage|p2a: Tyranitar|84/100 brn|[from] brn
|upkeep
|
|t:|1776053884
|switch|p1a: Meowscarada|Meowscarada, M|100/100
|turn|2
|
|t:|1776053891
|move|p1a: Meowscarada|U-turn|p2a: Tyranitar
|-start|p1a: Meowscarada|typechange|Bug|[from] ability: Protean
|-supereffective|p2a: Tyranitar
|-damage|p2a: Tyranitar|36/100 brn
|
|t:|1776053894
|switch|p1a: Iron Treads|Iron Treads, shiny|100/100|[from] U-turn
|move|p2a: Tyranitar|Knock Off|p1a: Iron Treads
|-crit|p1a: Iron Treads
|-damage|p1a: Iron Treads|47/100
|-enditem|p1a: Iron Treads|Heavy-Duty Boots|[from] move: Knock Off|[of] p2a: Tyranitar
|-damage|p2a: Tyranitar|26/100 brn|[from] item: Life Orb
|
|-weather|Sandstorm|[upkeep]
|-damage|p2a: Tyranitar|20/100 brn|[from] brn
|upkeep
|turn|3
|
|t:|1776053907
|move|p1a: Iron Treads|Earth Power|p2a: Tyranitar
|-supereffective|p2a: Tyranitar
|-damage|p2a: Tyranitar|0 fnt
|faint|p2a: Tyranitar
|
|-weather|Sandstorm|[upkeep]
|upkeep
|
|t:|1776053913
|switch|p2a: Rotom|Rotom-Mow|100/100
|turn|4
|
|t:|1776053921
|-end|p1a: Iron Treads|Quark Drive|[silent]
|switch|p1a: Slowking|Slowking-Galar, F, shiny|100/100
|move|p2a: Rotom|Leaf Storm|p1a: Slowking
|-resisted|p1a: Slowking
|-damage|p1a: Slowking|76/100
|-unboost|p2a: Rotom|spa|2
|
|-weather|Sandstorm|[upkeep]
|-damage|p2a: Rotom|94/100|[from] Sandstorm
|-damage|p1a: Slowking|70/100|[from] Sandstorm
|upkeep
|turn|5
|
|t:|1776053931
|switch|p2a: Heatran|Heatran, M|100/100
|-prepare|p1a: Slowking|Chilly Reception|[premajor]
|move|p1a: Slowking|Chilly Reception|p1a: Slowking
|-weather|Snowscape
|
|t:|1776053944
|switch|p1a: Alomomola|Alomomola, M, shiny|100/100|[from] Chilly Reception
|
|-weather|Snowscape|[upkeep]
|upkeep
|turn|6
|
|t:|1776053954
|switch|p2a: Ditto|Ditto, shiny|100/100
|-transform|p2a: Ditto|p1a: Alomomola|[from] ability: Imposter
|move|p1a: Alomomola|Scald|p2a: Ditto
|-resisted|p2a: Ditto
|-damage|p2a: Ditto|86/100
|
|-weather|Snowscape|[upkeep]
|upkeep
|turn|7
|
|t:|1776053966
|move|p1a: Alomomola|Protect|p1a: Alomomola
|-singleturn|p1a: Alomomola|Protect
|move|p2a: Ditto|Flip Turn|p1a: Alomomola
|-activate|p1a: Alomomola|move: Protect
|
|-weather|Snowscape|[upkeep]
|upkeep
|turn|8
|
|t:|1776053974
|move|p2a: Ditto|Flip Turn|p1a: Alomomola
|-resisted|p1a: Alomomola
|-damage|p1a: Alomomola|96/100
|-damage|p2a: Ditto|70/100|[from] item: Rocky Helmet|[of] p1a: Alomomola
|
|t:|1776053979
|switch|p2a: Rotom|Rotom-Mow|94/100|[from] Flip Turn
|move|p1a: Alomomola|Flip Turn|p2a: Rotom
|-resisted|p2a: Rotom
|-damage|p2a: Rotom|82/100
|
|t:|1776053987
|switch|p1a: Meowscarada|Meowscarada, M|100/100|[from] Flip Turn
|
|-weather|Snowscape|[upkeep]
|upkeep
|turn|9
|
|t:|1776054003
|move|p1a: Meowscarada|U-turn|p2a: Rotom
|-start|p1a: Meowscarada|typechange|Bug|[from] ability: Protean
|-supereffective|p2a: Rotom
|-damage|p2a: Rotom|0 fnt
|faint|p2a: Rotom
|
|t:|1776054012
|switch|p1a: Iron Valiant|Iron Valiant, shiny|100/100|[from] U-turn
|
|-weather|none
|upkeep
|
|t:|1776054018
|switch|p2a: Heatran|Heatran, M|100/100
|turn|10
|
|t:|1776054023
|move|p1a: Iron Valiant|Destiny Bond|p1a: Iron Valiant
|-singlemove|p1a: Iron Valiant|Destiny Bond
|move|p2a: Heatran|Magma Storm|p1a: Iron Valiant|[miss]
|-miss|p2a: Heatran|p1a: Iron Valiant
|-enditem|p2a: Heatran|Blunder Policy
|-boost|p2a: Heatran|spe|2
|
|upkeep
|turn|11
|
|t:|1776054034
|move|p2a: Heatran|Flash Cannon|p1a: Iron Valiant
|-supereffective|p1a: Iron Valiant
|-damage|p1a: Iron Valiant|0 fnt
|faint|p1a: Iron Valiant
|-activate|p1a: Iron Valiant|move: Destiny Bond
|-end|p1a: Iron Valiant|Quark Drive|[silent]
|faint|p2a: Heatran
|
|upkeep
|
|t:|1776054043
|switch|p1a: Alomomola|Alomomola, M, shiny|100/100
|switch|p2a: Garchomp|Garchomp, M|100/100
|turn|12
|
|t:|1776054049
|move|p2a: Garchomp|Swords Dance|p2a: Garchomp
|-boost|p2a: Garchomp|atk|2
|move|p1a: Alomomola|Scald|p2a: Garchomp
|-crit|p2a: Garchomp
|-damage|p2a: Garchomp|80/100
|-status|p2a: Garchomp|brn
|
|-damage|p2a: Garchomp|74/100 brn|[from] brn
|upkeep
|turn|13
|
|t:|1776054059
|move|p2a: Garchomp|Scale Shot|p1a: Alomomola
|-damage|p1a: Alomomola|94/100
|-damage|p1a: Alomomola|87/100
|-damage|p1a: Alomomola|79/100
|-damage|p1a: Alomomola|71/100
|-hitcount|p1a: Alomomola|4
|-unboost|p2a: Garchomp|def|1
|-boost|p2a: Garchomp|spe|1
|move|p1a: Alomomola|Flip Turn|p2a: Garchomp
|-damage|p2a: Garchomp|48/100 brn
|-damage|p1a: Alomomola|59/100|[from] ability: Rough Skin|[of] p2a: Garchomp
|
|t:|1776054064
|switch|p1a: Meowscarada|Meowscarada, M|100/100|[from] Flip Turn
|
|-damage|p2a: Garchomp|42/100 brn|[from] brn
|upkeep
|turn|14
|
|t:|1776054077
|move|p1a: Meowscarada|Flower Trick|p2a: Garchomp
|-start|p1a: Meowscarada|typechange|Grass|[from] ability: Protean
|-crit|p2a: Garchomp
|-damage|p2a: Garchomp|0 fnt
|faint|p2a: Garchomp
|
|upkeep
|-message|PB TUCAZ forfeited.
|
|win|tony4939312
|raw|tony4939312's rating: 1214 &rarr; <strong>1235</strong><br />(+21 for winning)
|raw|PB TUCAZ's rating: 1157 &rarr; <strong>1136</strong><br />(-21 for losing)
|l|☆PB TUCAZ
|player|p2|
