|html|<div class="broadcast-blue"><strong>[Gen 9] OU is currently suspecting Tera Blast! For information on how to participate check out the <a href="https://www.smogon.com/tools/suspects/view/200">suspect thread</a>.</strong></div>
|j|☆Blastoise_Choice
|j|☆xp180
|t:|1776090300
|gametype|singles
|player|p1|Blastoise_Choice|benga|1722
|player|p2|xp180|170|1623
|gen|9
|tier|[Gen 9] OU
|rated|
|rule|HP Percentage Mod: HP is shown in percentages
|rule|Endless Battle Clause: Forcing endless battles is banned
|rule|Species Clause: Limit one of each Pokémon
|rule|OHKO Clause: OHKO moves are banned
|rule|Evasion Items Clause: Evasion items are banned
|rule|Evasion Moves Clause: Evasion moves are banned
|rule|Evasion Abilities Clause: Evasion abilities are banned
|rule|Sleep Moves Clause: Sleep-inducing moves are banned
|clearpoke
|poke|p1|Garganacl, M|
|poke|p1|Darkrai|
|poke|p1|Great Tusk|
|poke|p1|Hatterene, F|
|poke|p1|Tornadus-Therian, M|
|poke|p1|Dragonite, M|
|poke|p2|Dragapult, F|
|poke|p2|Iron Moth|
|poke|p2|Serperior, F|
|poke|p2|Iron Treads|
|poke|p2|Dragonite, F|
|poke|p2|Greninja-*, M|
|teampreview
|c|☆Blastoise_Choice|hf
|inactive|Battle timer is ON: inactive players will automatically lose when time's up. (requested by Blastoise_Choice)
|
|t:|1776090318
|teamsize|p1|6
|teamsize|p2|6
|start
|switch|p1a: Darkrai|Darkrai|100/100
|switch|p2a: Handheld Tank|Iron Treads|100/100
|-enditem|p2a: Handheld Tank|Booster Energy
|-activate|p2a: Handheld Tank|ability: Quark Drive|[fromitem]
|-start|p2a: Handheld Tank|quarkdrivespe
|turn|1
|c|☆xp180|u too
|
|t:|1776090324
|move|p2a: Handheld Tank|Stealth Rock|p1a: Darkrai
|-sidestart|p1: Blastoise_Choice|move: Stealth Rock
|move|p1a: Darkrai|Dark Pulse|p2a: Handheld Tank
|-damage|p2a: Handheld Tank|17/100
|
|upkeep
|turn|2
|
|t:|1776090331
|switch|p1a: Dragonite|Dragonite, M|100/100
|-damage|p1a: Dragonite|76/100|[from] Stealth Rock
|move|p2a: Handheld Tank|Earthquake|p1a: Dragonite
|-immune|p1a: Dragonite
|
|upkeep
|turn|3
|
|t:|1776090337
|move|p2a: Handheld Tank|Ice Spinner|p1a: Dragonite
|-supereffective|p1a: Dragonite
|-damage|p1a: Dragonite|0 fnt
|faint|p1a: Dragonite
|
|upkeep
|
|t:|1776090341
|switch|p1a: Great Tusk|Great Tusk|100/100
|-damage|p1a: Great Tusk|98/100|[from] Stealth Rock
|-enditem|p1a: Great Tusk|Booster Energy
|-activate|p1a: Great Tusk|ability: Protosynthesis|[fromitem]
|-start|p1a: Great Tusk|protosynthesisatk
|turn|4
|
|t:|1776090345
|-end|p2a: Handheld Tank|Quark Drive|[silent]
|switch|p2a: Onyxia|Dragapult, F|100/100
|move|p1a: Great Tusk|Rapid Spin|p2a: Onyxia
|-immune|p2a: Onyxia
|
|upkeep
|turn|5
|
|t:|1776090351
|-end|p1a: Great Tusk|Protosynthesis|[silent]
|switch|p1a: Garganacl|Garganacl, M|100/100
|-damage|p1a: Garganacl|88/100|[from] Stealth Rock
|move|p2a: Onyxia|Will-O-Wisp|p1a: Garganacl
|-immune|p1a: Garganacl|[from] ability: Purifying Salt
|
|-heal|p1a: Garganacl|94/100|[from] item: Leftovers
|upkeep
|turn|6
|
|t:|1776090357
|switch|p2a: Handheld Tank|Iron Treads|17/100
|move|p1a: Garganacl|Salt Cure|p2a: Handheld Tank
|-resisted|p2a: Handheld Tank
|-damage|p2a: Handheld Tank|14/100
|-start|p2a: Handheld Tank|Salt Cure
|
|-heal|p1a: Garganacl|100/100|[from] item: Leftovers
|-damage|p2a: Handheld Tank|0 fnt|[from] Salt Cure
|faint|p2a: Handheld Tank
|-end|p2a: Handheld Tank|Quark Drive|[silent]
|upkeep
|
|t:|1776090362
|switch|p2a: Mistlestorm|Serperior, F|100/100
|turn|7
|
|t:|1776090368
|switch|p1a: Darkrai|Darkrai|100/100
|-damage|p1a: Darkrai|88/100|[from] Stealth Rock
|move|p2a: Mistlestorm|Leaf Storm|p1a: Darkrai
|-damage|p1a: Darkrai|24/100
|-boost|p2a: Mistlestorm|spa|2
|
|upkeep
|turn|8
|
|t:|1776090375
|switch|p2a: Cosmic Kunai|Greninja, M|100/100
|move|p1a: Darkrai|Dark Pulse|p2a: Cosmic Kunai
|-resisted|p2a: Cosmic Kunai
|-damage|p2a: Cosmic Kunai|52/100
|
|upkeep
|turn|9
|
|t:|1776090383
|move|p2a: Cosmic Kunai|Water Shuriken|p1a: Darkrai
|-damage|p1a: Darkrai|12/100
|-crit|p1a: Darkrai
|-damage|p1a: Darkrai|0 fnt
|faint|p1a: Darkrai
|-ability|p2a: Cosmic Kunai|Battle Bond|boost
|-boost|p2a: Cosmic Kunai|atk|1
|-boost|p2a: Cosmic Kunai|spa|1
|-boost|p2a: Cosmic Kunai|spe|1
|-activate|p2a: Cosmic Kunai|ability: Battle Bond
|-hitcount|p1: Darkrai|2
|-damage|p2a: Cosmic Kunai|42/100|[from] item: Life Orb
|
|upkeep
|
|t:|1776090390
|switch|p1a: Garganacl|Garganacl, M|100/100
|-damage|p1a: Garganacl|88/100|[from] Stealth Rock
|turn|10
|
|t:|1776090397
|move|p1a: Garganacl|Protect|p1a: Garganacl
|-singleturn|p1a: Garganacl|Protect
|move|p2a: Cosmic Kunai|Dark Pulse|p1a: Garganacl
|-activate|p1a: Garganacl|move: Protect
|
|-heal|p1a: Garganacl|94/100|[from] item: Leftovers
|upkeep
|turn|11
|
|t:|1776090403
|-terastallize|p1a: Garganacl|Water
|move|p2a: Cosmic Kunai|Dark Pulse|p1a: Garganacl
|-damage|p1a: Garganacl|48/100
|-damage|p2a: Cosmic Kunai|32/100|[from] item: Life Orb
|cant|p1a: Garganacl|flinch
|
|-heal|p1a: Garganacl|54/100|[from] item: Leftovers
|upkeep
|turn|12
|
|t:|1776090410
|move|p1a: Garganacl|Protect|p1a: Garganacl
|-singleturn|p1a: Garganacl|Protect
|move|p2a: Cosmic Kunai|Dark Pulse|p1a: Garganacl
|-activate|p1a: Garganacl|move: Protect
|
|-heal|p1a: Garganacl|60/100|[from] item: Leftovers
|upkeep
|turn|13
|
|t:|1776090416
|move|p2a: Cosmic Kunai|Dark Pulse|p1a: Garganacl
|-damage|p1a: Garganacl|17/100
|-damage|p2a: Cosmic Kunai|22/100|[from] item: Life Orb
|move|p1a: Garganacl|Recover|p1a: Garganacl
|-heal|p1a: Garganacl|67/100
|
|-heal|p1a: Garganacl|74/100|[from] item: Leftovers
|upkeep
|turn|14
|
|t:|1776090423
|switch|p2a: Mistlestorm|Serperior, F|100/100
|move|p1a: Garganacl|Salt Cure|p2a: Mistlestorm
|-damage|p2a: Mistlestorm|82/100
|-start|p2a: Mistlestorm|Salt Cure
|
|-heal|p1a: Garganacl|80/100|[from] item: Leftovers
|-damage|p2a: Mistlestorm|70/100|[from] Salt Cure
|upkeep
|turn|15
|
|t:|1776090430
|move|p1a: Garganacl|Protect|p1a: Garganacl
|-singleturn|p1a: Garganacl|Protect
|move|p2a: Mistlestorm|Leaf Storm|p1a: Garganacl
|-activate|p1a: Garganacl|move: Protect
|
|-heal|p1a: Garganacl|86/100|[from] item: Leftovers
|-damage|p2a: Mistlestorm|57/100|[from] Salt Cure
|upkeep
|turn|16
|
|t:|1776090436
|switch|p1a: Tornadus|Tornadus-Therian, M, shiny|100/100
|-damage|p1a: Tornadus|76/100|[from] Stealth Rock
|move|p2a: Mistlestorm|Leaf Storm|p1a: Tornadus
|-resisted|p1a: Tornadus
|-damage|p1a: Tornadus|61/100
|-boost|p2a: Mistlestorm|spa|2
|
|-damage|p2a: Mistlestorm|45/100|[from] Salt Cure
|upkeep
|turn|17
|
|t:|1776090444
|switch|p2a: Cosmic Kunai|Greninja, M|22/100
|move|p1a: Tornadus|Bleakwind Storm|p2a: Cosmic Kunai
|-damage|p2a: Cosmic Kunai|0 fnt
|faint|p2a: Cosmic Kunai
|
|upkeep
|
|t:|1776090448
|switch|p2a: Onyxia|Dragapult, F|100/100
|turn|18
|
|t:|1776090455
|move|p2a: Onyxia|Dragon Darts|p1a: Tornadus
|-damage|p1a: Tornadus|34/100
|-anim|p2a: Onyxia|Dragon Darts|p1a: Tornadus
|-damage|p1a: Tornadus|6/100
|move|p1a: Tornadus|U-turn|p2a: Onyxia
|-resisted|p2a: Onyxia
|-damage|p2a: Onyxia|89/100
|
|t:|1776090463
|switch|p1a: Garganacl|Garganacl, M, tera:Water|86/100|[from] U-turn
|-damage|p1a: Garganacl|74/100|[from] Stealth Rock
|
|-heal|p1a: Garganacl|80/100|[from] item: Leftovers
|upkeep
|turn|19
|
|t:|1776090469
|move|p2a: Onyxia|Hex|p1a: Garganacl
|-damage|p1a: Garganacl|71/100
|move|p1a: Garganacl|Salt Cure|p2a: Onyxia
|-damage|p2a: Onyxia|70/100
|-start|p2a: Onyxia|Salt Cure
|
|-heal|p1a: Garganacl|77/100|[from] item: Leftovers
|-damage|p2a: Onyxia|57/100|[from] Salt Cure
|upkeep
|turn|20
|
|t:|1776090474
|switch|p2a: Mistlestorm|Serperior, F|45/100
|move|p1a: Garganacl|Salt Cure|p2a: Mistlestorm
|-damage|p2a: Mistlestorm|27/100
|-start|p2a: Mistlestorm|Salt Cure
|
|-heal|p1a: Garganacl|84/100|[from] item: Leftovers
|-damage|p2a: Mistlestorm|15/100|[from] Salt Cure
|upkeep
|turn|21
|
|t:|1776090485
|switch|p2a: Dragon Pow|Dragonite, F|100/100
|move|p1a: Garganacl|Protect||[still]
|-fail|p1a: Garganacl
|
|-heal|p1a: Garganacl|90/100|[from] item: Leftovers
|upkeep
|turn|22
|
|t:|1776090493
|move|p2a: Dragon Pow|Scale Shot|p1a: Garganacl
|-damage|p1a: Garganacl|80/100
|-damage|p1a: Garganacl|70/100
|-damage|p1a: Garganacl|61/100
|-damage|p1a: Garganacl|50/100
|-hitcount|p1a: Garganacl|4
|-unboost|p2a: Dragon Pow|def|1
|-boost|p2a: Dragon Pow|spe|1
|move|p1a: Garganacl|Salt Cure|p2a: Dragon Pow
|-supereffective|p2a: Dragon Pow
|-damage|p2a: Dragon Pow|78/100
|-start|p2a: Dragon Pow|Salt Cure
|
|-heal|p1a: Garganacl|57/100|[from] item: Leftovers
|-damage|p2a: Dragon Pow|66/100|[from] Salt Cure
|upkeep
|turn|23
|
|t:|1776090501
|move|p2a: Dragon Pow|Dragon Dance|p2a: Dragon Pow
|-boost|p2a: Dragon Pow|atk|1
|-boost|p2a: Dragon Pow|spe|1
|move|p1a: Garganacl|Recover|p1a: Garganacl
|-heal|p1a: Garganacl|100/100
|
|-damage|p2a: Dragon Pow|53/100|[from] Salt Cure
|upkeep
|turn|24
|
|t:|1776090507
|move|p1a: Garganacl|Protect|p1a: Garganacl
|-singleturn|p1a: Garganacl|Protect
|move|p2a: Dragon Pow|Scale Shot|p1a: Garganacl
|-activate|p1a: Garganacl|move: Protect
|
|-damage|p2a: Dragon Pow|41/100|[from] Salt Cure
|upkeep
|turn|25
|
|t:|1776090513
|move|p2a: Dragon Pow|Scale Shot|p1a: Garganacl
|-damage|p1a: Garganacl|85/100
|-damage|p1a: Garganacl|70/100
|-damage|p1a: Garganacl|57/100
|-damage|p1a: Garganacl|43/100
|-hitcount|p1a: Garganacl|4
|-unboost|p2a: Dragon Pow|def|1
|-boost|p2a: Dragon Pow|spe|1
|move|p1a: Garganacl|Recover|p1a: Garganacl
|-heal|p1a: Garganacl|93/100
|
|-heal|p1a: Garganacl|99/100|[from] item: Leftovers
|-damage|p2a: Dragon Pow|28/100|[from] Salt Cure
|upkeep
|turn|26
|
|t:|1776090520
|move|p2a: Dragon Pow|Encore|p1a: Garganacl
|-start|p1a: Garganacl|Encore
|move|p1a: Garganacl|Recover|p1a: Garganacl
|-heal|p1a: Garganacl|100/100
|
|-damage|p2a: Dragon Pow|16/100|[from] Salt Cure
|upkeep
|turn|27
|
|t:|1776090523
|switch|p1a: Hatterene|Hatterene, F|100/100
|-damage|p1a: Hatterene|88/100|[from] Stealth Rock
|move|p2a: Dragon Pow|Scale Shot|p1a: Hatterene
|-immune|p1a: Hatterene
|
|-damage|p2a: Dragon Pow|4/100|[from] Salt Cure
|upkeep
|turn|28
|
|t:|1776090527
|move|p2a: Dragon Pow|Fire Punch|p1a: Hatterene
|-damage|p1a: Hatterene|54/100
|-damage|p2a: Dragon Pow|0 fnt|[from] item: Rocky Helmet|[of] p1a: Hatterene
|faint|p2a: Dragon Pow
|move|p1a: Hatterene|Future Sight|p2: Dragon Pow
|-start|p1a: Hatterene|move: Future Sight
|
|upkeep
|
|t:|1776090533
|switch|p2a: Onyxia|Dragapult, F|57/100
|turn|29
|
|t:|1776090539
|switch|p1a: Garganacl|Garganacl, M, tera:Water|100/100
|-damage|p1a: Garganacl|88/100|[from] Stealth Rock
|move|p2a: Onyxia|Hex|p1a: Garganacl
|-damage|p1a: Garganacl|78/100
|
|-heal|p1a: Garganacl|85/100|[from] item: Leftovers
|upkeep
|turn|30
|
|t:|1776090545
|move|p2a: Onyxia|Hex|p1a: Garganacl
|-damage|p1a: Garganacl|75/100
|move|p1a: Garganacl|Stealth Rock|p2a: Onyxia
|-sidestart|p2: xp180|move: Stealth Rock
|
|-end|p2a: Onyxia|move: Future Sight
|-damage|p2a: Onyxia|0 fnt
|faint|p2a: Onyxia
|-heal|p1a: Garganacl|81/100|[from] item: Leftovers
|upkeep
|
|t:|1776090549
|switch|p2a: Mistlestorm|Serperior, F|15/100
|-damage|p2a: Mistlestorm|3/100|[from] Stealth Rock
|turn|31
|-enditem|p2a: Mistlestorm|Custap Berry|[eat]
|-activate|p2a: Mistlestorm|item: Custap Berry|[consumed]
|
|t:|1776090555
|move|p2a: Mistlestorm|Leaf Storm|p1a: Garganacl
|-supereffective|p1a: Garganacl
|-damage|p1a: Garganacl|18/100
|-boost|p2a: Mistlestorm|spa|2
|move|p1a: Garganacl|Salt Cure|p2a: Mistlestorm
|-damage|p2a: Mistlestorm|0 fnt
|faint|p2a: Mistlestorm
|
|-heal|p1a: Garganacl|25/100|[from] item: Leftovers
|upkeep
|
|t:|1776090560
|switch|p2a: Shattered Sun|Iron Moth|100/100
|-damage|p2a: Shattered Sun|76/100|[from] Stealth Rock
|-enditem|p2a: Shattered Sun|Booster Energy
|-activate|p2a: Shattered Sun|ability: Quark Drive|[fromitem]
|-start|p2a: Shattered Sun|quarkdrivespe
|turn|32
|
|t:|1776090566
|move|p1a: Garganacl|Protect|p1a: Garganacl
|-singleturn|p1a: Garganacl|Protect
|move|p2a: Shattered Sun|Energy Ball|p1a: Garganacl
|-activate|p1a: Garganacl|move: Protect
|
|-heal|p1a: Garganacl|31/100|[from] item: Leftovers
|upkeep
|turn|33
|
|t:|1776090572
|move|p1a: Garganacl|Protect||[still]
|-fail|p1a: Garganacl
|move|p2a: Shattered Sun|Sludge Wave|p1a: Garganacl
|-damage|p1a: Garganacl|0 fnt
|faint|p1a: Garganacl
|
|upkeep
|
|t:|1776090578
|switch|p1a: Tornadus|Tornadus-Therian, M, shiny|40/100
|-damage|p1a: Tornadus|15/100|[from] Stealth Rock
|turn|34
|
|t:|1776090584
|switch|p1a: Hatterene|Hatterene, F|54/100
|-damage|p1a: Hatterene|41/100|[from] Stealth Rock
|move|p2a: Shattered Sun|Fiery Dance|p1a: Hatterene
|-damage|p1a: Hatterene|0 fnt
|faint|p1a: Hatterene
|
|upkeep
|
|t:|1776090588
|switch|p1a: Great Tusk|Great Tusk|98/100
|-damage|p1a: Great Tusk|95/100|[from] Stealth Rock
|turn|35
|
|t:|1776090592
|-end|p1a: Great Tusk|Protosynthesis|[silent]
|switch|p1a: Tornadus|Tornadus-Therian, M, shiny|48/100
|-damage|p1a: Tornadus|23/100|[from] Stealth Rock
|-terastallize|p2a: Shattered Sun|Grass
|move|p2a: Shattered Sun|Energy Ball|p1a: Tornadus
|-resisted|p1a: Tornadus
|-damage|p1a: Tornadus|7/100
|
|upkeep
|turn|36
|
|t:|1776090595
|move|p2a: Shattered Sun|Sludge Wave|p1a: Tornadus
|-damage|p1a: Tornadus|0 fnt
|faint|p1a: Tornadus
|
|upkeep
|
|t:|1776090599
|switch|p1a: Great Tusk|Great Tusk|95/100
|-damage|p1a: Great Tusk|92/100|[from] Stealth Rock
|turn|37
|
|t:|1776090602
|move|p2a: Shattered Sun|Energy Ball|p1a: Great Tusk
|-supereffective|p1a: Great Tusk
|-damage|p1a: Great Tusk|0 fnt
|faint|p1a: Great Tusk
|-end|p1a: Great Tusk|Protosynthesis|[silent]
|
|win|xp180
|raw|Blastoise_Choice's rating: 1722 &rarr; <strong>1696</strong><br />(-26 for losing)
|raw|xp180's rating: 1623 &rarr; <strong>1649</strong><br />(+26 for winning)
|c|☆Blastoise_Choice|gg
|c|☆xp180|gg
