|html|<div class="broadcast-blue"><strong>[Gen 9] OU is currently suspecting Tera Blast! For information on how to participate check out the <a href="https://www.smogon.com/tools/suspects/view/200">suspect thread</a>.</strong></div>
|j|☆sword2028
|j|☆rashyd
|t:|1776035726
|gametype|singles
|player|p1|sword2028|silver|1433
|player|p2|rashyd|volkner|1445
|gen|9
|tier|[Gen 9] OU
|rated|
|rule|HP Percentage Mod: HP is shown in percentages
|rule|Endless Battle Clause: Forcing endless battles is banned
|rule|Species Clause: Limit one of each Pokémon
|rule|OHKO Clause: OHKO moves are banned
|rule|Evasion Items Clause: Evasion items are banned
|rule|Evasion Moves Clause: Evasion moves are banned
|rule|Evasion Abilities Clause: Evasion abilities are banned
|rule|Sleep Moves Clause: Sleep-inducing moves are banned
|clearpoke
|poke|p1|Ceruledge, M|
|poke|p1|Great Tusk|
|poke|p1|Kingambit, M|
|poke|p1|Kyurem|
|poke|p1|Enamorus, F|
|poke|p1|Rotom-Wash|
|poke|p2|Tyranitar, F|
|poke|p2|Hippowdon, M|
|poke|p2|Corviknight, F|
|poke|p2|Gastrodon, M|
|poke|p2|Sandy Shocks|
|poke|p2|Excadrill, M|
|teampreview
|inactive|Battle timer is ON: inactive players will automatically lose when time's up. (requested by rashyd)
|
|t:|1776035733
|teamsize|p1|6
|teamsize|p2|6
|start
|switch|p1a: Drizzy|Rotom-Wash|100/100
|switch|p2a: Hippowdon|Hippowdon, M|100/100
|-weather|Sandstorm|[from] ability: Sand Stream|[of] p2a: Hippowdon
|turn|1
|
|t:|1776035744
|move|p1a: Drizzy|Will-O-Wisp|p2a: Hippowdon|[miss]
|-miss|p1a: Drizzy|p2a: Hippowdon
|move|p2a: Hippowdon|Ice Fang|p1a: Drizzy
|-resisted|p1a: Drizzy
|-damage|p1a: Drizzy|91/100
|
|-weather|Sandstorm|[upkeep]
|-damage|p1a: Drizzy|85/100|[from] Sandstorm
|-heal|p1a: Drizzy|91/100|[from] item: Leftovers
|upkeep
|turn|2
|
|t:|1776035755
|switch|p2a: Gastrodon|Gastrodon, M|100/100
|move|p1a: Drizzy|Will-O-Wisp|p2a: Gastrodon
|-status|p2a: Gastrodon|brn
|
|-weather|Sandstorm|[upkeep]
|-damage|p1a: Drizzy|85/100|[from] Sandstorm
|-heal|p1a: Drizzy|91/100|[from] item: Leftovers
|-damage|p2a: Gastrodon|94/100 brn|[from] brn
|upkeep
|turn|3
|
|t:|1776035770
|switch|p1a: Graggle|Kyurem|100/100
|-ability|p1a: Graggle|Pressure
|move|p2a: Gastrodon|Stealth Rock|p1a: Graggle
|-sidestart|p1: sword2028|move: Stealth Rock
|
|-weather|Sandstorm|[upkeep]
|-damage|p1a: Graggle|94/100|[from] Sandstorm
|-heal|p2a: Gastrodon|100/100 brn|[from] item: Leftovers
|-damage|p2a: Gastrodon|94/100 brn|[from] brn
|upkeep
|turn|4
|
|t:|1776035782
|switch|p2a: Tyranitar|Tyranitar, F|100/100
|move|p1a: Graggle|Freeze-Dry|p2a: Tyranitar
|-damage|p2a: Tyranitar|72/100
|
|-weather|Sandstorm|[upkeep]
|-damage|p1a: Graggle|88/100|[from] Sandstorm
|upkeep
|turn|5
|inactive|sword2028 has 120 seconds left.
|
|t:|1776035815
|switch|p1a: Drizzy|Rotom-Wash|91/100
|-damage|p1a: Drizzy|79/100|[from] Stealth Rock
|move|p2a: Tyranitar|Knock Off|p1a: Drizzy
|-damage|p1a: Drizzy|3/100
|-enditem|p1a: Drizzy|Leftovers|[from] move: Knock Off|[of] p2a: Tyranitar
|
|-weather|none
|upkeep
|turn|6
|inactive|sword2028 has 120 seconds left.
|
|t:|1776035829
|switch|p2a: Gastrodon|Gastrodon, M|94/100 brn
|move|p1a: Drizzy|Hydro Pump|p2a: Gastrodon
|-ability|p2a: Gastrodon|Storm Drain|boost
|-boost|p2a: Gastrodon|spa|1
|
|-heal|p2a: Gastrodon|100/100 brn|[from] item: Leftovers
|-damage|p2a: Gastrodon|94/100 brn|[from] brn
|upkeep
|turn|7
|
|t:|1776035839
|move|p1a: Drizzy|Pain Split|p2a: Gastrodon
|-sethp|p2a: Gastrodon|48/100 brn|[from] move: Pain Split|[silent]
|-sethp|p1a: Drizzy|68/100|[from] move: Pain Split
|move|p2a: Gastrodon|Surf|p1a: Drizzy
|-resisted|p1a: Drizzy
|-damage|p1a: Drizzy|49/100
|
|-heal|p2a: Gastrodon|54/100 brn|[from] item: Leftovers
|-damage|p2a: Gastrodon|48/100 brn|[from] brn
|upkeep
|turn|8
|inactive|sword2028 has 120 seconds left.
|
|t:|1776035855
|switch|p1a: Zukenee|Kingambit, M|100/100
|-damage|p1a: Zukenee|94/100|[from] Stealth Rock
|move|p2a: Gastrodon|Sludge Wave|p1a: Zukenee
|-immune|p1a: Zukenee
|
|-heal|p2a: Gastrodon|54/100 brn|[from] item: Leftovers
|-damage|p2a: Gastrodon|48/100 brn|[from] brn
|upkeep
|turn|9
|
|t:|1776035868
|switch|p2a: Hippowdon|Hippowdon, M|100/100
|-weather|Sandstorm|[from] ability: Sand Stream|[of] p2a: Hippowdon
|move|p1a: Zukenee|Swords Dance|p1a: Zukenee
|-boost|p1a: Zukenee|atk|2
|
|-weather|Sandstorm|[upkeep]
|upkeep
|turn|10
|
|t:|1776035877
|-terastallize|p1a: Zukenee|Ghost
|move|p1a: Zukenee|Swords Dance|p1a: Zukenee
|-boost|p1a: Zukenee|atk|2
|move|p2a: Hippowdon|Earthquake|p1a: Zukenee
|-damage|p1a: Zukenee|65/100
|
|-weather|Sandstorm|[upkeep]
|-damage|p1a: Zukenee|58/100|[from] Sandstorm
|upkeep
|turn|11
|
|t:|1776035887
|move|p1a: Zukenee|Iron Head|p2a: Hippowdon
|-damage|p2a: Hippowdon|23/100
|move|p2a: Hippowdon|Roar|p1a: Zukenee
|-end|p1a: Zukenee|fallenundefined|[silent]
|drag|p1a: LaFlame|Ceruledge, M|100/100
|-damage|p1a: LaFlame|76/100|[from] Stealth Rock
|
|-weather|Sandstorm|[upkeep]
|-damage|p1a: LaFlame|70/100|[from] Sandstorm
|-heal|p2a: Hippowdon|29/100|[from] item: Leftovers
|upkeep
|turn|12
|
|t:|1776035903
|switch|p2a: Gastrodon|Gastrodon, M|48/100 brn
|move|p1a: LaFlame|Bitter Blade|p2a: Gastrodon
|-resisted|p2a: Gastrodon
|-damage|p2a: Gastrodon|23/100 brn
|-heal|p1a: LaFlame|88/100|[from] drain|[of] p2a: Gastrodon
|
|-weather|Sandstorm|[upkeep]
|-damage|p1a: LaFlame|82/100|[from] Sandstorm
|-heal|p2a: Gastrodon|29/100 brn|[from] item: Leftovers
|-damage|p2a: Gastrodon|23/100 brn|[from] brn
|upkeep
|turn|13
|
|t:|1776035915
|move|p1a: LaFlame|Bitter Blade|p2a: Gastrodon
|-resisted|p2a: Gastrodon
|-damage|p2a: Gastrodon|0 fnt
|-heal|p1a: LaFlame|98/100|[from] drain|[of] p2a: Gastrodon
|faint|p2a: Gastrodon
|
|-weather|none
|upkeep
|
|t:|1776035924
|switch|p2a: Hippowdon|Hippowdon, M|29/100
|-weather|Sandstorm|[from] ability: Sand Stream|[of] p2a: Hippowdon
|turn|14
|
|t:|1776035937
|move|p1a: LaFlame|Bitter Blade|p2a: Hippowdon
|-damage|p2a: Hippowdon|2/100
|-heal|p1a: LaFlame|100/100|[from] drain|[of] p2a: Hippowdon
|move|p2a: Hippowdon|Earthquake|p1a: LaFlame
|-supereffective|p1a: LaFlame
|-enditem|p1a: LaFlame|Focus Sash
|-damage|p1a: LaFlame|1/100
|-ability|p1a: LaFlame|Weak Armor|boost
|-unboost|p1a: LaFlame|def|1
|-boost|p1a: LaFlame|spe|2
|
|-weather|Sandstorm|[upkeep]
|-damage|p1a: LaFlame|0 fnt|[from] Sandstorm
|faint|p1a: LaFlame
|-heal|p2a: Hippowdon|8/100|[from] item: Leftovers
|upkeep
|
|t:|1776035959
|switch|p1a: Trump|Great Tusk|100/100
|-damage|p1a: Trump|98/100|[from] Stealth Rock
|-enditem|p1a: Trump|Booster Energy
|-activate|p1a: Trump|ability: Protosynthesis|[fromitem]
|-start|p1a: Trump|protosynthesisatk
|turn|15
|
|t:|1776035966
|move|p1a: Trump|Rapid Spin|p2a: Hippowdon
|-damage|p2a: Hippowdon|0 fnt
|-boost|p1a: Trump|spe|1
|-sideend|p1: sword2028|Stealth Rock|[from] move: Rapid Spin|[of] p1a: Trump
|faint|p2a: Hippowdon
|
|-weather|Sandstorm|[upkeep]
|upkeep
|
|t:|1776035975
|switch|p2a: Sandy Shocks|Sandy Shocks|100/100
|-enditem|p2a: Sandy Shocks|Booster Energy
|-activate|p2a: Sandy Shocks|ability: Protosynthesis|[fromitem]
|-start|p2a: Sandy Shocks|protosynthesisspe
|turn|16
|
|t:|1776035983
|-terastallize|p2a: Sandy Shocks|Ice
|move|p2a: Sandy Shocks|Tera Blast|p1a: Trump|[anim] Tera Blast Ice
|-supereffective|p1a: Trump
|-damage|p1a: Trump|0 fnt
|faint|p1a: Trump
|-end|p1a: Trump|Protosynthesis|[silent]
|
|-weather|Sandstorm|[upkeep]
|-damage|p2a: Sandy Shocks|94/100|[from] Sandstorm
|upkeep
|
|t:|1776035995
|switch|p1a: Zukenee|Kingambit, M, tera:Ghost|58/100
|-activate|p1a: Zukenee|ability: Supreme Overlord
|-start|p1a: Zukenee|fallen2|[silent]
|turn|17
|
|t:|1776036002
|move|p2a: Sandy Shocks|Thunderbolt|p1a: Zukenee
|-damage|p1a: Zukenee|18/100
|move|p1a: Zukenee|Iron Head|p2a: Sandy Shocks
|-supereffective|p2a: Sandy Shocks
|-damage|p2a: Sandy Shocks|0 fnt
|faint|p2a: Sandy Shocks
|-end|p2a: Sandy Shocks|Protosynthesis|[silent]
|
|-weather|Sandstorm|[upkeep]
|-damage|p1a: Zukenee|12/100|[from] Sandstorm
|upkeep
|
|t:|1776036012
|switch|p2a: Corviknight|Corviknight, F|100/100
|turn|18
|
|t:|1776036020
|-end|p1a: Zukenee|fallen2|[silent]
|switch|p1a: Drizzy|Rotom-Wash|49/100
|move|p2a: Corviknight|Brave Bird|p1a: Drizzy
|-resisted|p1a: Drizzy
|-crit|p1a: Drizzy
|-damage|p1a: Drizzy|16/100
|-damage|p2a: Corviknight|91/100|[from] Recoil
|
|-weather|none
|-heal|p2a: Corviknight|97/100|[from] item: Leftovers
|upkeep
|turn|19
|
|t:|1776036035
|switch|p2a: Tyranitar|Tyranitar, F|72/100
|-weather|Sandstorm|[from] ability: Sand Stream|[of] p2a: Tyranitar
|move|p1a: Drizzy|Will-O-Wisp|p2a: Tyranitar
|-status|p2a: Tyranitar|brn
|
|-weather|Sandstorm|[upkeep]
|-damage|p1a: Drizzy|10/100|[from] Sandstorm
|-damage|p2a: Tyranitar|65/100 brn|[from] brn
|upkeep
|turn|20
|
|t:|1776036047
|move|p1a: Drizzy|Pain Split|p2a: Tyranitar
|-sethp|p2a: Tyranitar|37/100 brn|[from] move: Pain Split|[silent]
|-sethp|p1a: Drizzy|45/100|[from] move: Pain Split
|move|p2a: Tyranitar|Stone Edge|p1a: Drizzy
|-damage|p1a: Drizzy|4/100
|
|-weather|Sandstorm|[upkeep]
|-damage|p1a: Drizzy|0 fnt|[from] Sandstorm
|faint|p1a: Drizzy
|-damage|p2a: Tyranitar|31/100 brn|[from] brn
|upkeep
|
|t:|1776036057
|switch|p1a: Charli xcx|Enamorus, F|100/100
|turn|21
|
|t:|1776036066
|move|p1a: Charli xcx|Moonblast|p2a: Tyranitar
|-supereffective|p2a: Tyranitar
|-damage|p2a: Tyranitar|0 fnt
|faint|p2a: Tyranitar
|
|-weather|Sandstorm|[upkeep]
|-damage|p1a: Charli xcx|94/100|[from] Sandstorm
|upkeep
|
|t:|1776036074
|switch|p2a: Excadrill|Excadrill, M|100/100
|turn|22
|
|t:|1776036077
|switch|p1a: Graggle|Kyurem|88/100
|-ability|p1a: Graggle|Pressure
|move|p2a: Excadrill|Iron Head|p1a: Graggle
|-supereffective|p1a: Graggle
|-damage|p1a: Graggle|0 fnt
|faint|p1a: Graggle
|
|-weather|Sandstorm|[upkeep]
|upkeep
|
|t:|1776036087
|switch|p1a: Charli xcx|Enamorus, F|94/100
|turn|23
|
|t:|1776036091
|move|p2a: Excadrill|Iron Head|p1a: Charli xcx
|-supereffective|p1a: Charli xcx
|-damage|p1a: Charli xcx|0 fnt
|faint|p1a: Charli xcx
|
|-weather|none
|upkeep
|
|t:|1776036099
|switch|p1a: Zukenee|Kingambit, M, tera:Ghost|12/100
|-activate|p1a: Zukenee|ability: Supreme Overlord
|-start|p1a: Zukenee|fallen5|[silent]
|turn|24
|-message|sword2028 forfeited.
|
|win|rashyd
|raw|sword2028's rating: 1433 &rarr; <strong>1414</strong><br />(-19 for losing)
|raw|rashyd's rating: 1445 &rarr; <strong>1464</strong><br />(+19 for winning)
|l|☆sword2028
|player|p1|
|l|☆rashyd
|player|p2|
