|html|<div class="broadcast-blue"><strong>[Gen 9] OU is currently suspecting Tera Blast! For information on how to participate check out the <a href="https://www.smogon.com/tools/suspects/view/200">suspect thread</a>.</strong></div>
|j|☆luispaja
|j|☆elikyle07
|t:|1776102157
|gametype|singles
|player|p1|luispaja|dancer|1212
|player|p2|elikyle07|rocketgrunt|1203
|gen|9
|tier|[Gen 9] OU
|rated|
|rule|HP Percentage Mod: HP is shown in percentages
|rule|Endless Battle Clause: Forcing endless battles is banned
|rule|Species Clause: Limit one of each Pokémon
|rule|OHKO Clause: OHKO moves are banned
|rule|Evasion Items Clause: Evasion items are banned
|rule|Evasion Moves Clause: Evasion moves are banned
|rule|Evasion Abilities Clause: Evasion abilities are banned
|rule|Sleep Moves Clause: Sleep-inducing moves are banned
|clearpoke
|poke|p1|Iron Hands|
|poke|p1|Arcanine-Hisui, F|
|poke|p1|Iron Valiant|
|poke|p1|Ogerpon-Wellspring, F|
|poke|p1|Corviknight, M|
|poke|p1|Sandy Shocks|
|poke|p2|Clawitzer, M|
|poke|p2|Araquanid, M|
|poke|p2|Gholdengo|
|poke|p2|Kingambit, F|
|poke|p2|Iron Moth|
|poke|p2|Enamorus, F|
|teampreview
|inactive|Battle timer is ON: inactive players will automatically lose when time's up. (requested by luispaja)
|c|☆elikyle07|holaaaaa luis
|
|t:|1776102168
|teamsize|p1|6
|teamsize|p2|6
|start
|switch|p1a: Sandy Shocks|Sandy Shocks|100/100
|switch|p2a: Araquanid|Araquanid, M|100/100
|turn|1
|c|☆luispaja|dimeloo
|c|☆elikyle07|oder que crack
|
|t:|1776102193
|-end|p1a: Sandy Shocks|Protosynthesis|[silent]
|switch|p1a: Ogerpon|Ogerpon-Wellspring, F|100/100
|move|p2a: Araquanid|Surf|p1a: Ogerpon
|-immune|p1a: Ogerpon|[from] ability: Water Absorb
|
|upkeep
|turn|2
|
|t:|1776102200
|move|p1a: Ogerpon|Trailblaze|p2a: Araquanid
|-damage|p2a: Araquanid|69/100
|-boost|p1a: Ogerpon|spe|1
|move|p2a: Araquanid|Sticky Web|p1a: Ogerpon
|-sidestart|p1: luispaja|move: Sticky Web
|
|upkeep
|turn|3
|
|t:|1776102210
|move|p1a: Ogerpon|Wood Hammer|p2a: Araquanid
|-damage|p2a: Araquanid|0 fnt
|faint|p2a: Araquanid
|-damage|p1a: Ogerpon|75/100|[from] Recoil
|
|upkeep
|
|t:|1776102220
|switch|p2a: Kingambit|Kingambit, F|100/100
|-activate|p2a: Kingambit|ability: Supreme Overlord
|-start|p2a: Kingambit|fallen1|[silent]
|turn|4
|
|t:|1776102225
|move|p1a: Ogerpon|Ivy Cudgel|p2a: Kingambit|[anim] Ivy Cudgel Water
|-damage|p2a: Kingambit|59/100
|move|p2a: Kingambit|Kowtow Cleave|p1a: Ogerpon
|-damage|p1a: Ogerpon|0 fnt
|faint|p1a: Ogerpon
|
|upkeep
|
|t:|1776102243
|switch|p1a: Arcanine|Arcanine-Hisui, F|100/100
|-ability|p1a: Arcanine|Intimidate|boost
|-unboost|p2a: Kingambit|atk|1
|turn|5
|
|t:|1776102249
|move|p2a: Kingambit|Protect|p2a: Kingambit
|-singleturn|p2a: Kingambit|Protect
|move|p1a: Arcanine|Flare Blitz|p2a: Kingambit
|-activate|p2a: Kingambit|move: Protect
|
|upkeep
|turn|6
|
|t:|1776102263
|switch|p1a: Corviknight|Corviknight, M|100/100
|move|p2a: Kingambit|Sucker Punch||[still]
|-fail|p2a: Kingambit
|
|upkeep
|turn|7
|
|t:|1776102270
|-end|p2a: Kingambit|fallen1|[silent]
|switch|p2a: Gholdengo|Gholdengo|100/100
|move|p1a: Corviknight|Defog|p2a: Gholdengo
|-immune|p2a: Gholdengo|[from] ability: Good as Gold
|
|upkeep
|turn|8
|
|t:|1776102282
|switch|p1a: Arcanine|Arcanine-Hisui, F|100/100
|-ability|p1a: Arcanine|Intimidate|boost
|-unboost|p2a: Gholdengo|atk|1
|move|p2a: Gholdengo|Shadow Ball|p1a: Arcanine
|-damage|p1a: Arcanine|28/100
|-damage|p2a: Gholdengo|91/100|[from] item: Life Orb
|
|upkeep
|turn|9
|
|t:|1776102302
|move|p1a: Arcanine|Head Smash|p2a: Gholdengo|[miss]
|-miss|p1a: Arcanine|p2a: Gholdengo
|move|p2a: Gholdengo|Shadow Ball|p1a: Arcanine
|-damage|p1a: Arcanine|0 fnt
|faint|p1a: Arcanine
|-damage|p2a: Gholdengo|81/100|[from] item: Life Orb
|
|upkeep
|
|t:|1776102312
|switch|p1a: Sandy Shocks|Sandy Shocks|100/100
|-activate|p1a: Sandy Shocks|move: Sticky Web
|-unboost|p1a: Sandy Shocks|spe|1
|turn|10
|c|☆luispaja|fuuk
|
|t:|1776102327
|move|p2a: Gholdengo|Shadow Ball|p1a: Sandy Shocks
|-damage|p1a: Sandy Shocks|32/100
|-damage|p2a: Gholdengo|71/100|[from] item: Life Orb
|move|p1a: Sandy Shocks|Earth Power|p2a: Gholdengo
|-supereffective|p2a: Gholdengo
|-crit|p2a: Gholdengo
|-damage|p2a: Gholdengo|0 fnt
|faint|p2a: Gholdengo
|
|upkeep
|
|t:|1776102333
|switch|p2a: Enamorus|Enamorus, F|100/100
|turn|11
|
|t:|1776102340
|move|p2a: Enamorus|Moonblast|p1a: Sandy Shocks
|-damage|p1a: Sandy Shocks|0 fnt
|faint|p1a: Sandy Shocks
|-end|p1a: Sandy Shocks|Protosynthesis|[silent]
|
|upkeep
|
|t:|1776102350
|switch|p1a: Corviknight|Corviknight, M|100/100
|turn|12
|
|t:|1776102353
|-terastallize|p2a: Enamorus|Fairy
|move|p2a: Enamorus|Moonblast|p1a: Corviknight
|-resisted|p1a: Corviknight
|-damage|p1a: Corviknight|31/100
|move|p1a: Corviknight|Defog|p2a: Enamorus
|-unboost|p2a: Enamorus|evasion|1
|-sideend|p1: luispaja|Sticky Web|[from] move: Defog|[of] p1a: Corviknight
|
|upkeep
|turn|13
|
|t:|1776102362
|move|p2a: Enamorus|Moonblast|p1a: Corviknight
|-resisted|p1a: Corviknight
|-damage|p1a: Corviknight|0 fnt
|faint|p1a: Corviknight
|
|upkeep
|
|t:|1776102370
|switch|p1a: Iron Hands|Iron Hands|100/100
|turn|14
|
|t:|1776102376
|switch|p2a: Kingambit|Kingambit, F|59/100
|-activate|p2a: Kingambit|ability: Supreme Overlord
|-start|p2a: Kingambit|fallen2|[silent]
|-terastallize|p1a: Iron Hands|Bug
|move|p1a: Iron Hands|Swords Dance|p1a: Iron Hands
|-boost|p1a: Iron Hands|atk|2
|
|upkeep
|turn|15
|
|t:|1776102384
|move|p2a: Kingambit|Kowtow Cleave|p1a: Iron Hands
|-damage|p1a: Iron Hands|64/100
|move|p1a: Iron Hands|Substitute|p1a: Iron Hands
|-start|p1a: Iron Hands|Substitute
|-damage|p1a: Iron Hands|40/100
|
|-heal|p1a: Iron Hands|46/100|[from] item: Leftovers
|upkeep
|turn|16
|
|t:|1776102391
|move|p1a: Iron Hands|Drain Punch|p2a: Kingambit
|-supereffective|p2a: Kingambit
|-damage|p2a: Kingambit|0 fnt
|-heal|p1a: Iron Hands|72/100|[from] drain|[of] p2a: Kingambit
|faint|p2a: Kingambit
|-end|p2a: Kingambit|fallen2|[silent]
|
|-heal|p1a: Iron Hands|78/100|[from] item: Leftovers
|upkeep
|
|t:|1776102398
|switch|p2a: Iron Moth|Iron Moth|100/100
|-enditem|p2a: Iron Moth|Booster Energy
|-activate|p2a: Iron Moth|ability: Quark Drive|[fromitem]
|-start|p2a: Iron Moth|quarkdrivespa
|turn|17
|
|t:|1776102403
|move|p2a: Iron Moth|Fiery Dance|p1a: Iron Hands
|-supereffective|p1a: Iron Hands
|-end|p1a: Iron Hands|Substitute
|-boost|p2a: Iron Moth|spa|1
|move|p1a: Iron Hands|Drain Punch|p2a: Iron Moth
|-resisted|p2a: Iron Moth
|-damage|p2a: Iron Moth|22/100
|-heal|p1a: Iron Hands|100/100|[from] drain|[of] p2a: Iron Moth
|
|upkeep
|turn|18
|
|t:|1776102412
|move|p2a: Iron Moth|Fiery Dance|p1a: Iron Hands
|-supereffective|p1a: Iron Hands
|-damage|p1a: Iron Hands|0 fnt
|faint|p1a: Iron Hands
|-end|p1a: Iron Hands|Quark Drive|[silent]
|
|upkeep
|
|t:|1776102416
|switch|p1a: Iron Valiant|Iron Valiant|100/100
|-enditem|p1a: Iron Valiant|Booster Energy
|-activate|p1a: Iron Valiant|ability: Quark Drive|[fromitem]
|-start|p1a: Iron Valiant|quarkdrivespe
|turn|19
|
|t:|1776102428
|move|p1a: Iron Valiant|Thunderbolt|p2a: Iron Moth
|-damage|p2a: Iron Moth|0 fnt
|faint|p2a: Iron Moth
|-end|p2a: Iron Moth|Quark Drive|[silent]
|
|upkeep
|
|t:|1776102436
|switch|p2a: Clawitzer|Clawitzer, M, shiny|100/100
|turn|20
|
|t:|1776102439
|move|p1a: Iron Valiant|Thunderbolt|p2a: Clawitzer
|-supereffective|p2a: Clawitzer
|-damage|p2a: Clawitzer|26/100
|move|p2a: Clawitzer|Sludge Wave|p1a: Iron Valiant
|-supereffective|p1a: Iron Valiant
|-damage|p1a: Iron Valiant|0 fnt
|faint|p1a: Iron Valiant
|-end|p1a: Iron Valiant|Quark Drive|[silent]
|-damage|p2a: Clawitzer|16/100|[from] item: Life Orb
|
|win|elikyle07
|raw|luispaja's rating: 1212 &rarr; <strong>1186</strong><br />(-26 for losing)
|raw|elikyle07's rating: 1203 &rarr; <strong>1229</strong><br />(+26 for winning)
|l|☆luispaja
|player|p1|
|c|☆elikyle07|gg te
|l|☆elikyle07
|player|p2|
