|html|<div class="broadcast-blue"><strong>[Gen 9] OU is currently suspecting Tera Blast! For information on how to participate check out the <a href="https://www.smogon.com/tools/suspects/view/200">suspect thread</a>.</strong></div>
|j|☆THEROOK67
|j|☆MouseMont
|t:|1776343385
|gametype|singles
|player|p1|THEROOK67|266|1070
|player|p2|MouseMont|backersf|1116
|gen|9
|tier|[Gen 9] OU
|rated|
|rule|HP Percentage Mod: HP is shown in percentages
|rule|Endless Battle Clause: Forcing endless battles is banned
|rule|Species Clause: Limit one of each Pokémon
|rule|OHKO Clause: OHKO moves are banned
|rule|Evasion Items Clause: Evasion items are banned
|rule|Evasion Moves Clause: Evasion moves are banned
|rule|Evasion Abilities Clause: Evasion abilities are banned
|rule|Sleep Moves Clause: Sleep-inducing moves are banned
|clearpoke
|poke|p1|Dragapult, M|
|poke|p1|Hatterene, F|
|poke|p1|Weavile, F|
|poke|p1|Goodra-Hisui, F|
|poke|p1|Latios, M|
|poke|p1|Pikachu-Original, M|
|poke|p2|Wugtrio, M|
|poke|p2|Chansey, F|
|poke|p2|Clodsire, F|
|poke|p2|Conkeldurr, F|
|poke|p2|Klawf, F|
|poke|p2|Hypno, M|
|teampreview
|inactive|Battle timer is ON: inactive players will automatically lose when time's up. (requested by THEROOK67)
|j| Keloghasi8
|
|t:|1776343406
|teamsize|p1|6
|teamsize|p2|6
|start
|switch|p1a: Pikachu|Pikachu-Original, M|100/100
|switch|p2a: Hypno|Hypno, M|100/100
|turn|1
|
|t:|1776343421
|switch|p2a: Klawf|Klawf, F, shiny|100/100
|move|p1a: Pikachu|Thunderbolt|p2a: Klawf
|-damage|p2a: Klawf|29/100
|-ability|p2a: Klawf|Anger Shell|boost
|-boost|p2a: Klawf|atk|1
|-boost|p2a: Klawf|spa|1
|-boost|p2a: Klawf|spe|1
|-unboost|p2a: Klawf|def|1
|-unboost|p2a: Klawf|spd|1
|
|upkeep
|turn|2
|
|t:|1776343432
|move|p1a: Pikachu|Volt Switch|p2a: Klawf
|-damage|p2a: Klawf|0 fnt
|faint|p2a: Klawf
|l| Keloghasi8
|
|t:|1776343438
|switch|p1a: Weavile|Weavile, F, shiny|100/100|[from] Volt Switch
|-ability|p1a: Weavile|Pressure
|
|upkeep
|
|t:|1776343450
|switch|p2a: Conkeldurr|Conkeldurr, F|100/100
|turn|3
|
|t:|1776343466
|move|p2a: Conkeldurr|Mach Punch|p1a: Weavile
|-supereffective|p1a: Weavile
|-damage|p1a: Weavile|0 fnt
|faint|p1a: Weavile
|
|-status|p2a: Conkeldurr|brn|[from] item: Flame Orb
|upkeep
|
|t:|1776343473
|switch|p1a: Hatterene|Hatterene, F, shiny|100/100
|turn|4
|
|t:|1776343489
|move|p2a: Conkeldurr|Facade|p1a: Hatterene
|-damage|p1a: Hatterene|9/100
|move|p1a: Hatterene|Expanding Force|p2a: Conkeldurr
|-supereffective|p2a: Conkeldurr
|-damage|p2a: Conkeldurr|0 fnt
|faint|p2a: Conkeldurr
|
|upkeep
|
|t:|1776343496
|switch|p2a: Cloddy|Clodsire, F, shiny|100/100
|turn|5
|
|t:|1776343501
|move|p1a: Hatterene|Expanding Force|p2a: Cloddy
|-supereffective|p2a: Cloddy
|-damage|p2a: Cloddy|9/100
|move|p2a: Cloddy|Gunk Shot|p1a: Hatterene
|-supereffective|p1a: Hatterene
|-damage|p1a: Hatterene|0 fnt
|faint|p1a: Hatterene
|
|upkeep
|
|t:|1776343510
|switch|p1a: Pikachu|Pikachu-Original, M|100/100
|turn|6
|
|t:|1776343517
|move|p1a: Pikachu|Play Rough|p2a: Cloddy
|-resisted|p2a: Cloddy
|-damage|p2a: Cloddy|0 fnt
|faint|p2a: Cloddy
|
|upkeep
|
|t:|1776343534
|switch|p2a: Chansey|Chansey, F|100/100
|turn|7
|
|t:|1776343547
|move|p1a: Pikachu|Thunderbolt|p2a: Chansey
|-damage|p2a: Chansey|83/100
|move|p2a: Chansey|Stealth Rock|p1a: Pikachu
|-sidestart|p1: THEROOK67|move: Stealth Rock
|
|upkeep
|turn|8
|
|t:|1776343554
|move|p1a: Pikachu|Thunderbolt|p2a: Chansey
|-damage|p2a: Chansey|66/100
|move|p2a: Chansey|Seismic Toss|p1a: Pikachu
|-damage|p1a: Pikachu|53/100
|
|upkeep
|turn|9
|
|t:|1776343562
|move|p1a: Pikachu|Thunderbolt|p2a: Chansey
|-damage|p2a: Chansey|50/100
|move|p2a: Chansey|Soft-Boiled|p2a: Chansey
|-heal|p2a: Chansey|99/100
|
|upkeep
|turn|10
|
|t:|1776343577
|move|p1a: Pikachu|Draining Kiss|p2a: Chansey
|-damage|p2a: Chansey|94/100
|-heal|p1a: Pikachu|69/100|[from] drain|[of] p2a: Chansey
|move|p2a: Chansey|Seismic Toss|p1a: Pikachu
|-damage|p1a: Pikachu|22/100
|-status|p2a: Chansey|par|[from] ability: Static|[of] p1a: Pikachu
|
|upkeep
|turn|11
|
|t:|1776343585
|move|p1a: Pikachu|Draining Kiss|p2a: Chansey
|-damage|p2a: Chansey|88/100 par
|-heal|p1a: Pikachu|37/100|[from] drain|[of] p2a: Chansey
|move|p2a: Chansey|Seismic Toss|p1a: Pikachu
|-damage|p1a: Pikachu|0 fnt
|faint|p1a: Pikachu
|
|upkeep
|
|t:|1776343597
|switch|p1a: Dragapult|Dragapult, M|100/100
|-damage|p1a: Dragapult|88/100|[from] Stealth Rock
|turn|12
|
|t:|1776343607
|move|p1a: Dragapult|Acrobatics|p2a: Chansey
|-crit|p2a: Chansey
|-damage|p2a: Chansey|49/100 par
|cant|p2a: Chansey|par
|
|upkeep
|turn|13
|
|t:|1776343613
|-curestatus|p2a: Chansey|par|[from] ability: Natural Cure
|switch|p2a: Hypno|Hypno, M|100/100
|move|p1a: Dragapult|Acrobatics|p2a: Hypno
|-damage|p2a: Hypno|57/100
|
|-heal|p2a: Hypno|64/100|[from] item: Leftovers
|upkeep
|turn|14
|
|t:|1776343623
|switch|p1a: Goodra|Goodra-Hisui, F|100/100
|-damage|p1a: Goodra|94/100|[from] Stealth Rock
|move|p2a: Hypno|Shadow Ball|p1a: Goodra
|-damage|p1a: Goodra|81/100
|
|-heal|p2a: Hypno|70/100|[from] item: Leftovers
|upkeep
|turn|15
|
|t:|1776343639
|switch|p2a: Chansey|Chansey, F|49/100
|move|p1a: Goodra|Dragon Pulse|p2a: Chansey
|-damage|p2a: Chansey|34/100
|
|upkeep
|turn|16
|
|t:|1776343645
|move|p1a: Goodra|Earthquake|p2a: Chansey
|-damage|p2a: Chansey|18/100
|move|p2a: Chansey|Soft-Boiled|p2a: Chansey
|-heal|p2a: Chansey|68/100
|
|upkeep
|turn|17
|c|☆THEROOK67|Bro
|c|☆THEROOK67|Are we fr
|
|t:|1776343661
|move|p1a: Goodra|Earthquake|p2a: Chansey
|-damage|p2a: Chansey|51/100
|move|p2a: Chansey|Soft-Boiled|p2a: Chansey
|-heal|p2a: Chansey|100/100
|
|upkeep
|turn|18
|c|☆MouseMont|what
|c|☆THEROOK67|This is just wasting time
|
|t:|1776343680
|move|p1a: Goodra|Earthquake|p2a: Chansey
|-damage|p2a: Chansey|84/100
|move|p2a: Chansey|Thunder Wave|p1a: Goodra
|-status|p1a: Goodra|par
|
|upkeep
|turn|19
|
|t:|1776343686
|move|p2a: Chansey|Seismic Toss|p1a: Goodra
|-damage|p1a: Goodra|54/100 par
|-ability|p1a: Goodra|Gooey
|-unboost|p2a: Chansey|spe|1
|cant|p1a: Goodra|par
|
|upkeep
|turn|20
|
|t:|1776343694
|move|p2a: Chansey|Seismic Toss|p1a: Goodra
|-damage|p1a: Goodra|26/100 par
|-ability|p1a: Goodra|Gooey
|-unboost|p2a: Chansey|spe|1
|move|p1a: Goodra|Earthquake|p2a: Chansey
|-damage|p2a: Chansey|67/100
|
|upkeep
|turn|21
|
|t:|1776343703
|switch|p1a: Dragapult|Dragapult, M|88/100
|-damage|p1a: Dragapult|76/100|[from] Stealth Rock
|move|p2a: Chansey|Seismic Toss|p1a: Dragapult
|-immune|p1a: Dragapult
|
|upkeep
|turn|22
|
|t:|1776343714
|move|p1a: Dragapult|Acrobatics|p2a: Chansey
|-damage|p2a: Chansey|41/100
|move|p2a: Chansey|Soft-Boiled|p2a: Chansey
|-heal|p2a: Chansey|91/100
|
|upkeep
|turn|23
|
|t:|1776343727
|move|p1a: Dragapult|Acrobatics|p2a: Chansey
|-damage|p2a: Chansey|67/100
|move|p2a: Chansey|Thunder Wave|p1a: Dragapult
|-status|p1a: Dragapult|par
|
|upkeep
|turn|24
|
|t:|1776343733
|cant|p1a: Dragapult|par
|move|p2a: Chansey|Soft-Boiled|p2a: Chansey
|-heal|p2a: Chansey|100/100
|
|upkeep
|turn|25
|
|t:|1776343741
|switch|p2a: Hypno|Hypno, M|70/100
|move|p1a: Dragapult|Acrobatics|p2a: Hypno
|-damage|p2a: Hypno|29/100
|
|-heal|p2a: Hypno|35/100|[from] item: Leftovers
|upkeep
|turn|26
|
|t:|1776343754
|switch|p1a: Goodra|Goodra-Hisui, F|26/100 par
|-damage|p1a: Goodra|20/100 par|[from] Stealth Rock
|move|p2a: Hypno|Future Sight|p1a: Goodra
|-start|p2a: Hypno|move: Future Sight
|
|-heal|p2a: Hypno|41/100|[from] item: Leftovers
|upkeep
|turn|27
|
|t:|1776343761
|switch|p2a: Chansey|Chansey, F|100/100
|cant|p1a: Goodra|par
|
|upkeep
|turn|28
|
|t:|1776343768
|move|p2a: Chansey|Seismic Toss|p1a: Goodra
|-damage|p1a: Goodra|0 fnt
|-ability|p1a: Goodra|Gooey
|-unboost|p2a: Chansey|spe|1
|faint|p1a: Goodra
|
|-hint|Future Sight did not hit because the target is fainted.
|upkeep
|
|t:|1776343777
|switch|p1a: Dragapult|Dragapult, M|76/100 par
|-damage|p1a: Dragapult|64/100 par|[from] Stealth Rock
|turn|29
|
|t:|1776343795
|switch|p2a: Hypno|Hypno, M|41/100
|move|p1a: Dragapult|Dragon Rush|p2a: Hypno
|-damage|p2a: Hypno|0 fnt
|faint|p2a: Hypno
|
|upkeep
|
|t:|1776343802
|switch|p2a: Wug|Wugtrio, M, shiny|100/100
|turn|30
|
|t:|1776343808
|move|p2a: Wug|Sucker Punch|p1a: Dragapult
|-supereffective|p1a: Dragapult
|-damage|p1a: Dragapult|6/100 par
|move|p1a: Dragapult|Acrobatics|p2a: Wug
|-damage|p2a: Wug|0 fnt
|-damage|p1a: Dragapult|0 fnt|[from] item: Rocky Helmet|[of] p2a: Wug
|-ability|p2a: Wug|Gooey
|faint|p2a: Wug
|faint|p1a: Dragapult
|
|upkeep
|
|t:|1776343817
|switch|p1a: Latios|Latios, M|100/100
|switch|p2a: Chansey|Chansey, F|100/100
|-damage|p1a: Latios|88/100|[from] Stealth Rock
|turn|31
|
|t:|1776343825
|move|p1a: Latios|Aura Sphere|p2a: Chansey
|-supereffective|p2a: Chansey
|-damage|p2a: Chansey|82/100
|move|p2a: Chansey|Seismic Toss|p1a: Latios
|-damage|p1a: Latios|55/100
|
|upkeep
|turn|32
|n|!THEROOK67|therook67
|
|t:|1776343839
|move|p1a: Latios|Aura Sphere|p2a: Chansey
|-supereffective|p2a: Chansey
|-damage|p2a: Chansey|66/100
|move|p2a: Chansey|Seismic Toss|p1a: Latios
|-damage|p1a: Latios|22/100
|
|upkeep
|turn|33
|
|t:|1776343846
|move|p1a: Latios|Draco Meteor|p2a: Chansey
|-damage|p2a: Chansey|42/100
|-unboost|p1a: Latios|spa|2
|move|p2a: Chansey|Soft-Boiled|p2a: Chansey
|-heal|p2a: Chansey|92/100
|
|upkeep
|turn|34
|
|t:|1776343854
|move|p1a: Latios|Aura Sphere|p2a: Chansey
|-supereffective|p2a: Chansey
|-damage|p2a: Chansey|83/100
|move|p2a: Chansey|Thunder Wave|p1a: Latios
|-status|p1a: Latios|par
|
|upkeep
|turn|35
|
|t:|1776343864
|-terastallize|p1a: Latios|Grass
|move|p1a: Latios|Aura Sphere|p2a: Chansey
|-supereffective|p2a: Chansey
|-damage|p2a: Chansey|74/100
|move|p2a: Chansey|Soft-Boiled|p2a: Chansey
|-heal|p2a: Chansey|100/100
|
|upkeep
|turn|36
|
|t:|1776343873
|cant|p1a: Latios|par
|move|p2a: Chansey|Seismic Toss|p1a: Latios
|-damage|p1a: Latios|0 fnt
|faint|p1a: Latios
|
|win|MouseMont
