|html|<div class="broadcast-blue"><strong>[Gen 9] OU is currently suspecting Volcarona! For information on how to participate check out the <a href="https://www.smogon.com/tools/suspects/view/208">suspect thread</a>.</strong></div>
|j|☆ajhfbvq
|j|☆saap9a4fut16
|t:|1778516559
|gametype|singles
|player|p1|ajhfbvq|102|1046
|player|p2|saap9a4fut16|101|1051
|gen|9
|tier|[Gen 9] OU
|rated|
|rule|HP Percentage Mod: HP is shown in percentages
|rule|Endless Battle Clause: Forcing endless battles is banned
|rule|Species Clause: Limit one of each Pokémon
|rule|OHKO Clause: OHKO moves are banned
|rule|Evasion Items Clause: Evasion items are banned
|rule|Evasion Moves Clause: Evasion moves are banned
|rule|Evasion Abilities Clause: Evasion abilities are banned
|rule|Sleep Moves Clause: Sleep-inducing moves are banned
|clearpoke
|poke|p1|Great Tusk|
|poke|p1|Gholdengo|
|poke|p1|Kingambit, F|
|poke|p1|Dragonite, M|
|poke|p1|Raging Bolt|
|poke|p1|Primarina, F|
|poke|p2|Whimsicott, F|
|poke|p2|Walking Wake|
|poke|p2|Dusclops, M|
|poke|p2|Lilligant-Hisui, F|
|poke|p2|Arcanine, F|
|poke|p2|Gliscor, M|
|teampreview
|inactive|Battle timer is ON: inactive players will automatically lose when time's up. (requested by saap9a4fut16)
|
|t:|1778516567
|teamsize|p1|6
|teamsize|p2|6
|start
|switch|p1a: Great Tusk|Great Tusk|100/100
|switch|p2a: Whimsicott|Whimsicott, F|100/100
|turn|1
|
|t:|1778516585
|-end|p1a: Great Tusk|Protosynthesis|[silent]
|switch|p1a: Raging Bolt|Raging Bolt|100/100
|move|p2a: Whimsicott|Leech Seed|p1a: Raging Bolt|[miss]
|-miss|p2a: Whimsicott|p1a: Raging Bolt
|
|upkeep
|turn|2
|
|t:|1778516592
|move|p2a: Whimsicott|Leech Seed|p1a: Raging Bolt
|-start|p1a: Raging Bolt|move: Leech Seed
|move|p1a: Raging Bolt|Volt Switch|p2a: Whimsicott
|-resisted|p2a: Whimsicott
|-damage|p2a: Whimsicott|73/100
|
|t:|1778516603
|-end|p1a: Raging Bolt|Protosynthesis|[silent]
|switch|p1a: Gholdengo|Gholdengo|100/100|[from] Volt Switch
|-item|p1a: Gholdengo|Air Balloon
|
|upkeep
|turn|3
|
|t:|1778516613
|move|p2a: Whimsicott|Sunny Day|p2a: Whimsicott
|-weather|SunnyDay
|move|p1a: Gholdengo|Make It Rain|p2a: Whimsicott
|-supereffective|p2a: Whimsicott
|-damage|p2a: Whimsicott|0 fnt
|-unboost|p1a: Gholdengo|spa|1
|faint|p2a: Whimsicott
|
|-weather|SunnyDay|[upkeep]
|upkeep
|
|t:|1778516615
|switch|p2a: Walking Wake|Walking Wake|100/100
|-activate|p2a: Walking Wake|ability: Protosynthesis
|-start|p2a: Walking Wake|protosynthesisspa
|turn|4
|
|t:|1778516622
|switch|p1a: Primarina|Primarina, F|100/100
|move|p2a: Walking Wake|Hydro Steam|p1a: Primarina
|-resisted|p1a: Primarina
|-damage|p1a: Primarina|49/100
|
|-weather|SunnyDay|[upkeep]
|-heal|p1a: Primarina|55/100|[from] item: Leftovers
|upkeep
|turn|5
|
|t:|1778516627
|-end|p2a: Walking Wake|Protosynthesis|[silent]
|switch|p2a: Lilligant|Lilligant-Hisui, F|100/100
|move|p1a: Primarina|Moonblast|p2a: Lilligant
|-supereffective|p2a: Lilligant
|-damage|p2a: Lilligant|0 fnt
|faint|p2a: Lilligant
|
|-weather|SunnyDay|[upkeep]
|-heal|p1a: Primarina|61/100|[from] item: Leftovers
|upkeep
|
|t:|1778516631
|switch|p2a: Walking Wake|Walking Wake|100/100
|-activate|p2a: Walking Wake|ability: Protosynthesis
|-start|p2a: Walking Wake|protosynthesisspa
|turn|6
|
|t:|1778516640
|move|p2a: Walking Wake|Hydro Steam|p1a: Primarina
|-resisted|p1a: Primarina
|-damage|p1a: Primarina|12/100
|move|p1a: Primarina|Moonblast|p2a: Walking Wake
|-supereffective|p2a: Walking Wake
|-damage|p2a: Walking Wake|3/100
|
|-weather|SunnyDay|[upkeep]
|-heal|p1a: Primarina|18/100|[from] item: Leftovers
|upkeep
|turn|7
|
|t:|1778516650
|switch|p1a: Raging Bolt|Raging Bolt|100/100
|-activate|p1a: Raging Bolt|ability: Protosynthesis
|-start|p1a: Raging Bolt|protosynthesisspa
|move|p2a: Walking Wake|Hydro Steam|p1a: Raging Bolt
|-resisted|p1a: Raging Bolt
|-damage|p1a: Raging Bolt|68/100
|
|-weather|SunnyDay|[upkeep]
|upkeep
|turn|8
|
|t:|1778516656
|-end|p2a: Walking Wake|Protosynthesis|[silent]
|switch|p2a: Gliscor|Gliscor, M|100/100
|move|p1a: Raging Bolt|Thunderclap||[still]
|-fail|p1a: Raging Bolt
|
|-weather|SunnyDay|[upkeep]
|-status|p2a: Gliscor|tox|[from] item: Toxic Orb
|upkeep
|turn|9
|
|t:|1778516661
|move|p2a: Gliscor|Toxic|p1a: Raging Bolt
|-status|p1a: Raging Bolt|tox
|move|p1a: Raging Bolt|Draco Meteor|p2a: Gliscor
|-damage|p2a: Gliscor|0 fnt
|-unboost|p1a: Raging Bolt|spa|2
|faint|p2a: Gliscor
|
|-weather|SunnyDay|[upkeep]
|-damage|p1a: Raging Bolt|62/100 tox|[from] psn
|upkeep
|
|t:|1778516667
|switch|p2a: Dusclops|Dusclops, M|100/100
|-ability|p2a: Dusclops|Pressure
|turn|10
|
|t:|1778516674
|move|p1a: Raging Bolt|Volt Switch|p2a: Dusclops
|-damage|p2a: Dusclops|85/100
|
|t:|1778516678
|-end|p1a: Raging Bolt|Protosynthesis|[silent]
|switch|p1a: Great Tusk|Great Tusk|100/100|[from] Volt Switch
|-activate|p1a: Great Tusk|ability: Protosynthesis
|-start|p1a: Great Tusk|protosynthesisdef
|move|p2a: Dusclops|Night Shade|p1a: Great Tusk
|-damage|p1a: Great Tusk|77/100
|
|-weather|none
|-end|p1a: Great Tusk|Protosynthesis
|-heal|p1a: Great Tusk|84/100|[from] item: Leftovers
|upkeep
|turn|11
|
|t:|1778516686
|move|p1a: Great Tusk|Stealth Rock|p2a: Dusclops
|-sidestart|p2: saap9a4fut16|move: Stealth Rock
|move|p2a: Dusclops|Will-O-Wisp|p1a: Great Tusk
|-status|p1a: Great Tusk|brn
|
|-heal|p1a: Great Tusk|90/100 brn|[from] item: Leftovers
|-damage|p1a: Great Tusk|84/100 brn|[from] brn
|upkeep
|turn|12
|
|t:|1778516694
|move|p1a: Great Tusk|Knock Off|p2a: Dusclops
|-supereffective|p2a: Dusclops
|-damage|p2a: Dusclops|70/100
|-enditem|p2a: Dusclops|Eviolite|[from] move: Knock Off|[of] p1a: Great Tusk
|move|p2a: Dusclops|Night Shade|p1a: Great Tusk
|-damage|p1a: Great Tusk|61/100 brn
|
|-heal|p1a: Great Tusk|67/100 brn|[from] item: Leftovers
|-damage|p1a: Great Tusk|61/100 brn|[from] brn
|upkeep
|turn|13
|
|t:|1778516704
|-end|p1a: Great Tusk|Protosynthesis|[silent]
|switch|p1a: Raging Bolt|Raging Bolt|62/100 tox
|move|p2a: Dusclops|Pain Split|p1a: Raging Bolt
|-sethp|p1a: Raging Bolt|53/100 tox|[from] move: Pain Split|[silent]
|-sethp|p2a: Dusclops|85/100|[from] move: Pain Split
|
|-damage|p1a: Raging Bolt|46/100 tox|[from] psn
|upkeep
|turn|14
|
|t:|1778516710
|switch|p2a: Walking Wake|Walking Wake|3/100
|-damage|p2a: Walking Wake|0 fnt|[from] Stealth Rock
|faint|p2a: Walking Wake
|-end|p2a: Walking Wake|Protosynthesis|[silent]
|move|p1a: Raging Bolt|Draco Meteor|p2: Walking Wake|[notarget]
|-fail|p1a: Raging Bolt
|
|-damage|p1a: Raging Bolt|34/100 tox|[from] psn
|upkeep
|
|t:|1778516718
|switch|p2a: Dusclops|Dusclops, M|85/100
|-damage|p2a: Dusclops|73/100|[from] Stealth Rock
|-ability|p2a: Dusclops|Pressure
|turn|15
|
|t:|1778516725
|move|p1a: Raging Bolt|Draco Meteor|p2a: Dusclops
|-damage|p2a: Dusclops|11/100
|-unboost|p1a: Raging Bolt|spa|2
|move|p2a: Dusclops|Night Shade|p1a: Raging Bolt
|-damage|p1a: Raging Bolt|12/100 tox
|
|-damage|p1a: Raging Bolt|0 fnt|[from] psn
|faint|p1a: Raging Bolt
|-end|p1a: Raging Bolt|Protosynthesis|[silent]
|upkeep
|
|t:|1778516733
|switch|p1a: Gholdengo|Gholdengo|100/100
|-item|p1a: Gholdengo|Air Balloon
|turn|16
|
|t:|1778516737
|move|p1a: Gholdengo|Shadow Ball|p2a: Dusclops
|-supereffective|p2a: Dusclops
|-damage|p2a: Dusclops|0 fnt
|faint|p2a: Dusclops
|
|upkeep
|
|t:|1778516739
|switch|p2a: Arcanine|Arcanine, F|100/100
|-damage|p2a: Arcanine|76/100|[from] Stealth Rock
|-ability|p2a: Arcanine|Intimidate|boost
|-unboost|p1a: Gholdengo|atk|1
|turn|17
|
|t:|1778516746
|switch|p1a: Primarina|Primarina, F|18/100
|move|p2a: Arcanine|Flare Blitz|p1a: Primarina
|-resisted|p1a: Primarina
|-damage|p1a: Primarina|0 fnt
|faint|p1a: Primarina
|-damage|p2a: Arcanine|69/100|[from] Recoil
|
|upkeep
|
|t:|1778516751
|switch|p1a: Dragonite|Dragonite, M|100/100
|turn|18
|-message|saap9a4fut16 forfeited.
|
|win|ajhfbvq
|raw|ajhfbvq's rating: 1046 &rarr; <strong>1080</strong><br />(+34 for winning)
|raw|saap9a4fut16's rating: 1051 &rarr; <strong>1033</strong><br />(-18 for losing)
