|html|<div class="broadcast-blue"><strong>[Gen 9] OU is currently suspecting Tera Blast! For information on how to participate check out the <a href="https://www.smogon.com/tools/suspects/view/200">suspect thread</a>.</strong></div>
|j|☆vinyciusj
|j|☆okinq
|t:|1776032497
|gametype|singles
|player|p1|vinyciusj|artist-gen4|1121
|player|p2|okinq|gardenia|1127
|gen|9
|tier|[Gen 9] OU
|rated|
|rule|HP Percentage Mod: HP is shown in percentages
|rule|Endless Battle Clause: Forcing endless battles is banned
|rule|Species Clause: Limit one of each Pokémon
|rule|OHKO Clause: OHKO moves are banned
|rule|Evasion Items Clause: Evasion items are banned
|rule|Evasion Moves Clause: Evasion moves are banned
|rule|Evasion Abilities Clause: Evasion abilities are banned
|rule|Sleep Moves Clause: Sleep-inducing moves are banned
|clearpoke
|poke|p1|Dragonite, M|
|poke|p1|Ogerpon-Wellspring, F|
|poke|p1|Heatran, M|
|poke|p1|Gholdengo|
|poke|p1|Great Tusk|
|poke|p1|Iron Valiant|
|poke|p2|Gallade, M|
|poke|p2|Scizor, F|
|poke|p2|Mamoswine, M|
|poke|p2|Rotom-Wash|
|poke|p2|Metagross|
|poke|p2|Zapdos|
|teampreview
|inactive|Battle timer is ON: inactive players will automatically lose when time's up. (requested by vinyciusj)
|
|t:|1776032532
|teamsize|p1|6
|teamsize|p2|6
|start
|switch|p1a: Heatran|Heatran, M|100/100
|switch|p2a: Mamoswine|Mamoswine, M|100/100
|turn|1
|
|t:|1776032545
|move|p2a: Mamoswine|Earthquake|p1a: Heatran
|-supereffective|p1a: Heatran
|-damage|p1a: Heatran|0 fnt
|faint|p1a: Heatran
|
|upkeep
|
|t:|1776032552
|switch|p1a: Iron Valiant|Iron Valiant, shiny|100/100
|-enditem|p1a: Iron Valiant|Booster Energy
|-activate|p1a: Iron Valiant|ability: Quark Drive|[fromitem]
|-start|p1a: Iron Valiant|quarkdrivespe
|turn|2
|inactive|okinq has 120 seconds left.
|
|t:|1776032585
|switch|p2a: Zapdos|Zapdos|100/100
|-ability|p2a: Zapdos|Pressure
|move|p1a: Iron Valiant|Close Combat|p2a: Zapdos
|-resisted|p2a: Zapdos
|-damage|p2a: Zapdos|74/100
|-unboost|p1a: Iron Valiant|def|1
|-unboost|p1a: Iron Valiant|spd|1
|
|upkeep
|turn|3
|inactive|okinq has 120 seconds left.
|
|t:|1776032597
|-end|p1a: Iron Valiant|Quark Drive|[silent]
|switch|p1a: Great Tusk|Great Tusk|100/100
|move|p2a: Zapdos|Thunder Wave|p1a: Great Tusk
|-immune|p1a: Great Tusk
|
|upkeep
|turn|4
|
|t:|1776032604
|switch|p2a: Metagross|Metagross|100/100
|-item|p2a: Metagross|Air Balloon
|move|p1a: Great Tusk|Ice Spinner|p2a: Metagross
|-resisted|p2a: Metagross
|-damage|p2a: Metagross|92/100
|-enditem|p2a: Metagross|Air Balloon
|
|upkeep
|turn|5
|
|t:|1776032618
|switch|p2a: Rotom|Rotom-Wash|100/100
|move|p1a: Great Tusk|Knock Off|p2a: Rotom
|-damage|p2a: Rotom|63/100
|-enditem|p2a: Rotom|Expert Belt|[from] move: Knock Off|[of] p1a: Great Tusk
|
|upkeep
|turn|6
|
|t:|1776032632
|move|p2a: Rotom|Pain Split|p1a: Great Tusk
|-sethp|p1a: Great Tusk|68/100|[from] move: Pain Split|[silent]
|-sethp|p2a: Rotom|100/100|[from] move: Pain Split
|move|p1a: Great Tusk|Earthquake|p2a: Rotom
|-immune|p2a: Rotom|[from] ability: Levitate
|
|-heal|p1a: Great Tusk|74/100|[from] item: Leftovers
|upkeep
|turn|7
|
|t:|1776032649
|-end|p1a: Great Tusk|Protosynthesis|[silent]
|switch|p1a: Iron Valiant|Iron Valiant, shiny|100/100
|move|p2a: Rotom|Hydro Pump|p1a: Iron Valiant
|-damage|p1a: Iron Valiant|10/100
|
|upkeep
|turn|8
|
|t:|1776032672
|switch|p2a: Zapdos|Zapdos|74/100
|-ability|p2a: Zapdos|Pressure
|move|p1a: Iron Valiant|Moonblast|p2a: Zapdos
|-damage|p2a: Zapdos|28/100
|
|upkeep
|turn|9
|
|t:|1776032685
|move|p1a: Iron Valiant|Moonblast|p2a: Zapdos
|-damage|p2a: Zapdos|0 fnt
|faint|p2a: Zapdos
|
|upkeep
|
|t:|1776032694
|switch|p2a: Mamoswine|Mamoswine, M|100/100
|turn|10
|
|t:|1776032702
|move|p2a: Mamoswine|Ice Shard|p1a: Iron Valiant
|-damage|p1a: Iron Valiant|0 fnt
|faint|p1a: Iron Valiant
|-end|p1a: Iron Valiant|Quark Drive|[silent]
|
|upkeep
|
|t:|1776032710
|switch|p1a: Gholdengo|Gholdengo|100/100
|turn|11
|
|t:|1776032717
|move|p1a: Gholdengo|Make It Rain|p2a: Mamoswine
|-supereffective|p2a: Mamoswine
|-damage|p2a: Mamoswine|0 fnt
|-unboost|p1a: Gholdengo|spa|1
|faint|p2a: Mamoswine
|
|upkeep
|
|t:|1776032731
|switch|p2a: Rotom|Rotom-Wash|100/100
|turn|12
|
|t:|1776032736
|switch|p1a: Great Tusk|Great Tusk|74/100
|move|p2a: Rotom|Shadow Ball|p1a: Great Tusk
|-damage|p1a: Great Tusk|43/100
|
|-heal|p1a: Great Tusk|49/100|[from] item: Leftovers
|upkeep
|turn|13
|
|t:|1776032746
|move|p2a: Rotom|Hydro Pump|p1a: Great Tusk
|-supereffective|p1a: Great Tusk
|-damage|p1a: Great Tusk|0 fnt
|faint|p1a: Great Tusk
|-end|p1a: Great Tusk|Protosynthesis|[silent]
|
|upkeep
|
|t:|1776032751
|switch|p1a: Ogerpon|Ogerpon-Wellspring, F|100/100
|turn|14
|
|t:|1776032755
|move|p1a: Ogerpon|Horn Leech|p2a: Rotom
|-supereffective|p2a: Rotom
|-damage|p2a: Rotom|0 fnt
|faint|p2a: Rotom
|
|upkeep
|
|t:|1776032777
|switch|p2a: Metagross|Metagross|92/100
|turn|15
|
|t:|1776032793
|move|p1a: Ogerpon|U-turn|p2a: Metagross
|-damage|p2a: Metagross|70/100
|
|t:|1776032800
|switch|p1a: Gholdengo|Gholdengo|100/100|[from] U-turn
|move|p2a: Metagross|Heavy Slam|p1a: Gholdengo
|-resisted|p1a: Gholdengo
|-damage|p1a: Gholdengo|64/100
|
|upkeep
|turn|16
|
|t:|1776032809
|move|p1a: Gholdengo|Shadow Ball|p2a: Metagross
|-supereffective|p2a: Metagross
|-damage|p2a: Metagross|0 fnt
|faint|p2a: Metagross
|
|upkeep
|
|t:|1776032813
|switch|p2a: Gallade|Gallade, M|100/100
|turn|17
|
|t:|1776032817
|move|p2a: Gallade|Shadow Sneak|p1a: Gholdengo
|-supereffective|p1a: Gholdengo
|-damage|p1a: Gholdengo|32/100
|move|p1a: Gholdengo|Shadow Ball|p2a: Gallade
|-supereffective|p2a: Gallade
|-damage|p2a: Gallade|5/100
|-unboost|p2a: Gallade|spd|1
|
|upkeep
|turn|18
|
|t:|1776032828
|switch|p1a: Ogerpon|Ogerpon-Wellspring, F|100/100
|move|p2a: Gallade|Shadow Sneak|p1a: Ogerpon
|-damage|p1a: Ogerpon|83/100
|
|upkeep
|turn|19
|
|t:|1776032835
|move|p2a: Gallade|Shadow Sneak|p1a: Ogerpon
|-damage|p1a: Ogerpon|66/100
|move|p1a: Ogerpon|U-turn|p2a: Gallade
|-damage|p2a: Gallade|0 fnt
|faint|p2a: Gallade
|
|t:|1776032841
|switch|p1a: Dragonite|Dragonite, M, shiny|100/100|[from] U-turn
|
|upkeep
|
|t:|1776032844
|switch|p2a: Scizor|Scizor, F|100/100
|turn|20
|
|t:|1776032850
|move|p1a: Dragonite|Fire Punch|p2a: Scizor
|-supereffective|p2a: Scizor
|-damage|p2a: Scizor|0 fnt
|faint|p2a: Scizor
|
|win|vinyciusj
|raw|vinyciusj's rating: 1121 &rarr; <strong>1146</strong><br />(+25 for winning)
|raw|okinq's rating: 1127 &rarr; <strong>1102</strong><br />(-25 for losing)
