|html|<div class="broadcast-blue"><strong>[Gen 9] OU is currently suspecting Tera Blast! For information on how to participate check out the <a href="https://www.smogon.com/tools/suspects/view/200">suspect thread</a>.</strong></div>
|badge|p2|bronze|gen9randombattle|100-9
|uhtml|medal-msg|<div class="broadcast-blue">Curious what those medals under the avatar are? PS now has Ladder Seasons! For more information, check out the <a href="https://www.smogon.com/forums/threads/3740067/">thread on Smogon.</a></div>
|j|☆pressacanadagoose
|j|‽LT_Alt1
|t:|1776064177
|gametype|singles
|player|p1|pressacanadagoose|169|1717
|player|p2|LT_Alt1|101|1667
|gen|9
|tier|[Gen 9] OU
|rated|
|rule|HP Percentage Mod: HP is shown in percentages
|rule|Endless Battle Clause: Forcing endless battles is banned
|rule|Species Clause: Limit one of each Pokémon
|rule|OHKO Clause: OHKO moves are banned
|rule|Evasion Items Clause: Evasion items are banned
|rule|Evasion Moves Clause: Evasion moves are banned
|rule|Evasion Abilities Clause: Evasion abilities are banned
|rule|Sleep Moves Clause: Sleep-inducing moves are banned
|clearpoke
|poke|p1|Deoxys-Speed|
|poke|p1|Ceruledge, F|
|poke|p1|Zamazenta-*|
|poke|p1|Ogerpon-Wellspring, F|
|poke|p1|Glimmora, M|
|poke|p1|Moltres-Galar|
|poke|p2|Garganacl, F|
|poke|p2|Slowking-Galar, F|
|poke|p2|Kyurem|
|poke|p2|Weezing-Galar, F|
|poke|p2|Moltres|
|poke|p2|Iron Treads|
|teampreview
|j| ohko_smeargle
|
|t:|1776064197
|teamsize|p1|6
|teamsize|p2|6
|start
|switch|p1a: Deoxys|Deoxys-Speed|100/100
|switch|p2a: Slowking|Slowking-Galar, F|100/100
|-ability|p1a: Deoxys|Pressure
|turn|1
|
|t:|1776064203
|move|p1a: Deoxys|Taunt|p2a: Slowking
|-start|p2a: Slowking|move: Taunt
|cant|p2a: Slowking|move: Taunt|Thunder Wave
|
|upkeep
|turn|2
|
|t:|1776064205
|move|p1a: Deoxys|Light Screen|p1a: Deoxys
|-sidestart|p1: pressacanadagoose|move: Light Screen
|move|p2a: Slowking|Sludge Bomb|p1a: Deoxys
|-damage|p1a: Deoxys|80/100
|-status|p1a: Deoxys|psn
|
|-damage|p1a: Deoxys|68/100 psn|[from] psn
|upkeep
|turn|3
|
|t:|1776064208
|move|p1a: Deoxys|Reflect|p1a: Deoxys
|-sidestart|p1: pressacanadagoose|Reflect
|move|p2a: Slowking|Future Sight|p1a: Deoxys
|-start|p2a: Slowking|move: Future Sight
|
|-damage|p1a: Deoxys|56/100 psn|[from] psn
|-end|p2a: Slowking|move: Taunt
|upkeep
|turn|4
|
|t:|1776064211
|switch|p1a: Ceruledge|Ceruledge, F|100/100
|move|p2a: Slowking|Sludge Bomb|p1a: Ceruledge
|-resisted|p1a: Ceruledge
|-damage|p1a: Ceruledge|91/100
|
|upkeep
|turn|5
|
|t:|1776064216
|-terastallize|p2a: Slowking|Water
|move|p1a: Ceruledge|Poltergeist|p2a: Slowking
|-activate|p2a: Slowking|move: Poltergeist|Colbur Berry
|-damage|p2a: Slowking|13/100
|-damage|p1a: Ceruledge|81/100|[from] item: Life Orb
|move|p2a: Slowking|Thunder Wave|p1a: Ceruledge|[miss]
|-miss|p2a: Slowking|p1a: Ceruledge
|
|-end|p1a: Ceruledge|move: Future Sight
|-damage|p1a: Ceruledge|55/100
|upkeep
|turn|6
|
|t:|1776064225
|switch|p2a: Garganacl|Garganacl, F|100/100
|move|p1a: Ceruledge|Bitter Blade|p2a: Garganacl
|-resisted|p2a: Garganacl
|-damage|p2a: Garganacl|82/100
|-heal|p1a: Ceruledge|67/100|[from] drain|[of] p2a: Garganacl
|-damage|p1a: Ceruledge|57/100|[from] item: Life Orb
|
|-heal|p2a: Garganacl|88/100|[from] item: Leftovers
|upkeep
|turn|7
|
|t:|1776064232
|switch|p1a: Glimmora|Glimmora, M|100/100
|move|p2a: Garganacl|Salt Cure|p1a: Glimmora
|-damage|p1a: Glimmora|92/100
|-start|p1a: Glimmora|Salt Cure
|-activate|p1a: Glimmora|ability: Toxic Debris
|-sidestart|p2: LT_Alt1|move: Toxic Spikes
|
|-heal|p2a: Garganacl|95/100|[from] item: Leftovers
|-damage|p1a: Glimmora|79/100|[from] Salt Cure
|upkeep
|turn|8
|j| Too Many Caps
|
|t:|1776064242
|switch|p1a: Ogerpon|Ogerpon-Wellspring, F|100/100
|move|p2a: Garganacl|Salt Cure|p1a: Ogerpon
|-damage|p1a: Ogerpon|91/100
|-start|p1a: Ogerpon|Salt Cure
|
|-heal|p2a: Garganacl|100/100|[from] item: Leftovers
|-damage|p1a: Ogerpon|66/100|[from] Salt Cure
|upkeep
|turn|9
|
|t:|1776064246
|switch|p2a: Weezing|Weezing-Galar, F|100/100
|-ability|p2a: Weezing|Neutralizing Gas
|-sideend|p2: LT_Alt1|move: Toxic Spikes|[of] p2a: Weezing
|move|p1a: Ogerpon|Swords Dance|p1a: Ogerpon
|-boost|p1a: Ogerpon|atk|2
|
|-damage|p1a: Ogerpon|41/100|[from] Salt Cure
|-sideend|p1: pressacanadagoose|move: Light Screen
|upkeep
|turn|10
|
|t:|1776064258
|move|p1a: Ogerpon|Ivy Cudgel|p2a: Weezing|[anim] Ivy Cudgel Water
|-damage|p2a: Weezing|8/100
|move|p2a: Weezing|Strange Steam|p1a: Ogerpon
|-damage|p1a: Ogerpon|11/100
|
|-heal|p2a: Weezing|14/100|[from] item: Leftovers
|-damage|p1a: Ogerpon|0 fnt|[from] Salt Cure
|faint|p1a: Ogerpon
|-sideend|p1: pressacanadagoose|Reflect
|upkeep
|
|t:|1776064262
|switch|p1a: Deoxys|Deoxys-Speed|56/100 psn
|turn|11
|
|t:|1776064266
|move|p1a: Deoxys|Light Screen|p1a: Deoxys
|-sidestart|p1: pressacanadagoose|move: Light Screen
|move|p2a: Weezing|Defog|p1a: Deoxys
|-unboost|p1a: Deoxys|evasion|1
|-sideend|p1: pressacanadagoose|move: Light Screen
|
|-heal|p2a: Weezing|20/100|[from] item: Leftovers
|-damage|p1a: Deoxys|44/100 psn|[from] psn
|upkeep
|turn|12
|
|t:|1776064269
|-end|p2a: Weezing|ability: Neutralizing Gas
|-ability|p1a: Deoxys|Pressure
|switch|p2a: Slowking|Slowking-Galar, F, tera:Water|46/100
|move|p1a: Deoxys|Psycho Boost|p2a: Slowking
|-damage|p2a: Slowking|19/100
|-unboost|p1a: Deoxys|spa|2
|
|-damage|p1a: Deoxys|32/100 psn|[from] psn
|upkeep
|turn|13
|
|t:|1776064276
|move|p1a: Deoxys|Light Screen|p1a: Deoxys
|-sidestart|p1: pressacanadagoose|move: Light Screen
|move|p2a: Slowking|Future Sight|p1a: Deoxys
|-start|p2a: Slowking|move: Future Sight
|
|-damage|p1a: Deoxys|19/100 psn|[from] psn
|upkeep
|turn|14
|
|t:|1776064280
|switch|p2a: Weezing|Weezing-Galar, F|20/100
|-ability|p2a: Weezing|Neutralizing Gas
|move|p1a: Deoxys|Reflect|p1a: Deoxys
|-sidestart|p1: pressacanadagoose|Reflect
|
|-heal|p2a: Weezing|26/100|[from] item: Leftovers
|-damage|p1a: Deoxys|7/100 psn|[from] psn
|upkeep
|turn|15
|
|t:|1776064288
|-end|p2a: Weezing|ability: Neutralizing Gas
|-ability|p1a: Deoxys|Pressure
|switch|p2a: Slowking|Slowking-Galar, F, tera:Water|52/100
|move|p1a: Deoxys|Psycho Boost|p2a: Slowking
|-damage|p2a: Slowking|37/100
|-unboost|p1a: Deoxys|spa|2
|
|-end|p1a: Deoxys|move: Future Sight
|-resisted|p1a: Deoxys
|-damage|p1a: Deoxys|0 fnt
|faint|p1a: Deoxys
|upkeep
|
|t:|1776064293
|switch|p1a: Glimmora|Glimmora, M|79/100
|turn|16
|
|t:|1776064299
|switch|p2a: Iron Treads|Iron Treads|100/100
|move|p1a: Glimmora|Stealth Rock|p2a: Iron Treads
|-sidestart|p2: LT_Alt1|move: Stealth Rock
|
|upkeep
|turn|17
|
|t:|1776064303
|move|p2a: Iron Treads|Stealth Rock|p1a: Glimmora
|-sidestart|p1: pressacanadagoose|move: Stealth Rock
|move|p1a: Glimmora|Earth Power|p2a: Iron Treads
|-supereffective|p2a: Iron Treads
|-damage|p2a: Iron Treads|16/100
|
|-heal|p2a: Iron Treads|22/100|[from] item: Leftovers
|upkeep
|turn|18
|
|t:|1776064311
|move|p2a: Iron Treads|Rapid Spin|p1a: Glimmora
|-resisted|p1a: Glimmora
|-damage|p1a: Glimmora|76/100
|-boost|p2a: Iron Treads|spe|1
|-activate|p1a: Glimmora|ability: Toxic Debris
|-sidestart|p2: LT_Alt1|move: Toxic Spikes
|-sideend|p2: LT_Alt1|Toxic Spikes|[from] move: Rapid Spin|[of] p2a: Iron Treads
|-sideend|p2: LT_Alt1|Stealth Rock|[from] move: Rapid Spin|[of] p2a: Iron Treads
|move|p1a: Glimmora|Earth Power|p2a: Iron Treads
|-supereffective|p2a: Iron Treads
|-damage|p2a: Iron Treads|0 fnt
|faint|p2a: Iron Treads
|-end|p2a: Iron Treads|Quark Drive|[silent]
|
|upkeep
|
|t:|1776064318
|switch|p2a: Slowking|Slowking-Galar, F, tera:Water|71/100
|turn|19
|
|t:|1776064328
|move|p1a: Glimmora|Stealth Rock|p2a: Slowking
|-sidestart|p2: LT_Alt1|move: Stealth Rock
|move|p2a: Slowking|Thunder Wave|p1a: Glimmora
|-status|p1a: Glimmora|par
|
|upkeep
|turn|20
|
|t:|1776064334
|move|p1a: Glimmora|Meteor Beam||[still]
|-prepare|p1a: Glimmora|Meteor Beam
|-boost|p1a: Glimmora|spa|1
|-enditem|p1a: Glimmora|Power Herb
|-anim|p1a: Glimmora|Meteor Beam|p2a: Slowking
|-damage|p2a: Slowking|14/100
|move|p2a: Slowking|Future Sight|p1a: Glimmora
|-start|p2a: Slowking|move: Future Sight
|
|-sideend|p1: pressacanadagoose|move: Light Screen
|upkeep
|turn|21
|
|t:|1776064343
|move|p1a: Glimmora|Mortal Spin|p2a: Slowking
|-damage|p2a: Slowking|8/100
|-status|p2a: Slowking|psn
|-sideend|p1: pressacanadagoose|Stealth Rock|[from] move: Mortal Spin|[of] p1a: Glimmora
|-prepare|p2a: Slowking|Chilly Reception|[premajor]
|move|p2a: Slowking|Chilly Reception|p2a: Slowking
|-weather|Snowscape
|
|t:|1776064346
|switch|p2a: Weezing|Weezing-Galar, F|26/100|[from] Chilly Reception
|-ability|p2a: Weezing|Neutralizing Gas
|-damage|p2a: Weezing|14/100|[from] Stealth Rock
|
|-weather|Snowscape|[upkeep]
|-heal|p2a: Weezing|20/100|[from] item: Leftovers
|-sideend|p1: pressacanadagoose|Reflect
|upkeep
|turn|22
|
|t:|1776064356
|move|p2a: Weezing|Defog|p1a: Glimmora
|-unboost|p1a: Glimmora|evasion|1
|-sideend|p2: LT_Alt1|Stealth Rock|[from] move: Defog|[of] p2a: Weezing
|cant|p1a: Glimmora|par
|
|-weather|Snowscape|[upkeep]
|-end|p1a: Glimmora|move: Future Sight
|-supereffective|p1a: Glimmora
|-damage|p1a: Glimmora|0 fnt
|faint|p1a: Glimmora
|-heal|p2a: Weezing|26/100|[from] item: Leftovers
|upkeep
|
|t:|1776064361
|switch|p1a: Ceruledge|Ceruledge, F|57/100
|turn|23
|
|t:|1776064372
|move|p1a: Ceruledge|Swords Dance|p1a: Ceruledge
|-boost|p1a: Ceruledge|atk|2
|move|p2a: Weezing|Pain Split|p1a: Ceruledge
|-sethp|p1a: Ceruledge|41/100|[from] move: Pain Split|[silent]
|-sethp|p2a: Weezing|43/100|[from] move: Pain Split
|
|-weather|Snowscape|[upkeep]
|-heal|p2a: Weezing|49/100|[from] item: Leftovers
|upkeep
|turn|24
|
|t:|1776064374
|-end|p2a: Weezing|ability: Neutralizing Gas
|switch|p2a: Slowking|Slowking-Galar, F, tera:Water|42/100 psn
|move|p1a: Ceruledge|Bitter Blade|p2a: Slowking
|-resisted|p2a: Slowking
|-crit|p2a: Slowking
|-damage|p2a: Slowking|0 fnt
|-heal|p1a: Ceruledge|67/100|[from] drain|[of] p2a: Slowking
|faint|p2a: Slowking
|-damage|p1a: Ceruledge|57/100|[from] item: Life Orb
|
|-weather|Snowscape|[upkeep]
|upkeep
|
|t:|1776064377
|switch|p2a: Kyurem|Kyurem|100/100
|-ability|p2a: Kyurem|Pressure
|turn|25
|
|t:|1776064383
|switch|p1a: Zamazenta|Zamazenta|100/100
|-ability|p1a: Zamazenta|Dauntless Shield|boost
|-boost|p1a: Zamazenta|def|1
|move|p2a: Kyurem|Scale Shot|p1a: Zamazenta
|-damage|p1a: Zamazenta|96/100
|-damage|p1a: Zamazenta|91/100
|-damage|p1a: Zamazenta|85/100
|-damage|p1a: Zamazenta|80/100
|-damage|p1a: Zamazenta|75/100
|-hitcount|p1a: Zamazenta|5
|-unboost|p2a: Kyurem|def|1
|-boost|p2a: Kyurem|spe|1
|
|-weather|none
|-heal|p1a: Zamazenta|81/100|[from] item: Leftovers
|upkeep
|turn|26
|
|t:|1776064389
|switch|p2a: Moltres|Moltres|100/100
|move|p1a: Zamazenta|Roar|p2a: Moltres
|drag|p2a: Kyurem|Kyurem|100/100
|-ability|p2a: Kyurem|Pressure
|
|-heal|p1a: Zamazenta|87/100|[from] item: Leftovers
|upkeep
|turn|27
|
|t:|1776064392
|switch|p1a: Ceruledge|Ceruledge, F|57/100
|switch|p2a: Moltres|Moltres|100/100
|
|upkeep
|turn|28
|
|t:|1776064398
|switch|p2a: Kyurem|Kyurem|100/100
|-ability|p2a: Kyurem|Pressure
|move|p1a: Ceruledge|Swords Dance|p1a: Ceruledge
|-boost|p1a: Ceruledge|atk|2
|
|upkeep
|turn|29
|
|t:|1776064402
|switch|p1a: Zamazenta|Zamazenta|87/100
|move|p2a: Kyurem|Scale Shot|p1a: Zamazenta
|-damage|p1a: Zamazenta|80/100
|-damage|p1a: Zamazenta|71/100
|-damage|p1a: Zamazenta|64/100
|-damage|p1a: Zamazenta|56/100
|-damage|p1a: Zamazenta|49/100
|-hitcount|p1a: Zamazenta|5
|-unboost|p2a: Kyurem|def|1
|-boost|p2a: Kyurem|spe|1
|
|-heal|p1a: Zamazenta|55/100|[from] item: Leftovers
|upkeep
|turn|30
|
|t:|1776064415
|switch|p2a: Weezing|Weezing-Galar, F|49/100
|-ability|p2a: Weezing|Neutralizing Gas
|move|p1a: Zamazenta|Body Press|p2a: Weezing
|-resisted|p2a: Weezing
|-damage|p2a: Weezing|42/100
|
|-heal|p1a: Zamazenta|61/100|[from] item: Leftovers
|-heal|p2a: Weezing|48/100|[from] item: Leftovers
|upkeep
|turn|31
|
|t:|1776064419
|move|p1a: Zamazenta|Heavy Slam|p2a: Weezing
|-supereffective|p2a: Weezing
|-damage|p2a: Weezing|0 fnt
|faint|p2a: Weezing
|-end|p2a: Weezing|ability: Neutralizing Gas
|
|-heal|p1a: Zamazenta|67/100|[from] item: Leftovers
|upkeep
|
|t:|1776064423
|switch|p2a: Moltres|Moltres|100/100
|turn|32
|
|t:|1776064428
|switch|p1a: Ceruledge|Ceruledge, F|57/100
|move|p2a: Moltres|Flamethrower|p1a: Ceruledge
|-resisted|p1a: Ceruledge
|-damage|p1a: Ceruledge|37/100
|
|upkeep
|turn|33
|
|t:|1776064443
|switch|p2a: Garganacl|Garganacl, F|100/100
|move|p1a: Ceruledge|Poltergeist|p2a: Garganacl
|-activate|p2a: Garganacl|move: Poltergeist|Leftovers
|-damage|p2a: Garganacl|75/100
|-damage|p1a: Ceruledge|28/100|[from] item: Life Orb
|
|-heal|p2a: Garganacl|82/100|[from] item: Leftovers
|upkeep
|turn|34
|
|t:|1776064458
|switch|p1a: Zamazenta|Zamazenta|67/100
|move|p2a: Garganacl|Salt Cure|p1a: Zamazenta
|-resisted|p1a: Zamazenta
|-damage|p1a: Zamazenta|62/100
|-start|p1a: Zamazenta|Salt Cure
|
|-heal|p1a: Zamazenta|68/100|[from] item: Leftovers
|-heal|p2a: Garganacl|88/100|[from] item: Leftovers
|-damage|p1a: Zamazenta|56/100|[from] Salt Cure
|upkeep
|turn|35
|
|t:|1776064465
|switch|p1a: Ceruledge|Ceruledge, F|28/100
|move|p2a: Garganacl|Salt Cure|p1a: Ceruledge
|-supereffective|p1a: Ceruledge
|-damage|p1a: Ceruledge|0 fnt
|faint|p1a: Ceruledge
|
|-heal|p2a: Garganacl|94/100|[from] item: Leftovers
|upkeep
|
|t:|1776064467
|switch|p1a: Zamazenta|Zamazenta|56/100
|turn|36
|
|t:|1776064473
|switch|p2a: Moltres|Moltres|100/100
|move|p1a: Zamazenta|Body Press|p2a: Moltres
|-resisted|p2a: Moltres
|-damage|p2a: Moltres|86/100
|-status|p1a: Zamazenta|brn|[from] ability: Flame Body|[of] p2a: Moltres
|
|-heal|p1a: Zamazenta|62/100 brn|[from] item: Leftovers
|-damage|p1a: Zamazenta|56/100 brn|[from] brn
|upkeep
|turn|37
|
|t:|1776064475
|move|p1a: Zamazenta|Iron Defense|p1a: Zamazenta
|-boost|p1a: Zamazenta|def|2
|move|p2a: Moltres|U-turn|p1a: Zamazenta
|-resisted|p1a: Zamazenta
|-damage|p1a: Zamazenta|53/100 brn
|
|t:|1776064478
|switch|p2a: Garganacl|Garganacl, F|94/100|[from] U-turn
|
|-heal|p1a: Zamazenta|59/100 brn|[from] item: Leftovers
|-heal|p2a: Garganacl|99/100|[from] item: Leftovers
|-damage|p1a: Zamazenta|53/100 brn|[from] brn
|upkeep
|turn|38
|
|t:|1776064481
|switch|p2a: Moltres|Moltres|86/100
|move|p1a: Zamazenta|Body Press|p2a: Moltres
|-resisted|p2a: Moltres
|-damage|p2a: Moltres|71/100
|
|-heal|p1a: Zamazenta|59/100 brn|[from] item: Leftovers
|-damage|p1a: Zamazenta|53/100 brn|[from] brn
|upkeep
|turn|39
|
|t:|1776064484
|move|p1a: Zamazenta|Body Press|p2a: Moltres
|-resisted|p2a: Moltres
|-damage|p2a: Moltres|56/100
|move|p2a: Moltres|Flamethrower|p1a: Zamazenta
|-damage|p1a: Zamazenta|18/100 brn
|
|-heal|p1a: Zamazenta|24/100 brn|[from] item: Leftovers
|-damage|p1a: Zamazenta|18/100 brn|[from] brn
|upkeep
|turn|40
|
|t:|1776064489
|move|p1a: Zamazenta|Iron Defense|p1a: Zamazenta
|-boost|p1a: Zamazenta|def|2
|move|p2a: Moltres|Roost|p2a: Moltres
|-heal|p2a: Moltres|100/100
|-singleturn|p2a: Moltres|move: Roost
|
|-heal|p1a: Zamazenta|24/100 brn|[from] item: Leftovers
|-damage|p1a: Zamazenta|18/100 brn|[from] brn
|upkeep
|turn|41
|
|t:|1776064505
|move|p1a: Zamazenta|Body Press|p2a: Moltres
|-resisted|p2a: Moltres
|-damage|p2a: Moltres|79/100
|move|p2a: Moltres|U-turn|p1a: Zamazenta
|-resisted|p1a: Zamazenta
|-damage|p1a: Zamazenta|16/100 brn
|
|t:|1776064507
|switch|p2a: Garganacl|Garganacl, F|99/100|[from] U-turn
|
|-heal|p1a: Zamazenta|23/100 brn|[from] item: Leftovers
|-heal|p2a: Garganacl|100/100|[from] item: Leftovers
|-damage|p1a: Zamazenta|16/100 brn|[from] brn
|upkeep
|turn|42
|
|t:|1776064511
|switch|p2a: Moltres|Moltres|79/100
|move|p1a: Zamazenta|Body Press|p2a: Moltres
|-resisted|p2a: Moltres
|-damage|p2a: Moltres|59/100
|
|-heal|p1a: Zamazenta|23/100 brn|[from] item: Leftovers
|-damage|p1a: Zamazenta|16/100 brn|[from] brn
|upkeep
|turn|43
|
|t:|1776064514
|move|p1a: Zamazenta|Iron Defense|p1a: Zamazenta
|-boost|p1a: Zamazenta|def|2
|move|p2a: Moltres|Roost|p2a: Moltres
|-heal|p2a: Moltres|100/100
|-singleturn|p2a: Moltres|move: Roost
|
|-heal|p1a: Zamazenta|23/100 brn|[from] item: Leftovers
|-damage|p1a: Zamazenta|16/100 brn|[from] brn
|upkeep
|turn|44
|
|t:|1776064518
|move|p1a: Zamazenta|Body Press|p2a: Moltres
|-resisted|p2a: Moltres
|-damage|p2a: Moltres|74/100
|move|p2a: Moltres|Will-O-Wisp|p1a: Zamazenta
|-fail|p1a: Zamazenta|brn
|
|-heal|p1a: Zamazenta|23/100 brn|[from] item: Leftovers
|-damage|p1a: Zamazenta|16/100 brn|[from] brn
|upkeep
|turn|45
|
|t:|1776064521
|move|p1a: Zamazenta|Body Press|p2a: Moltres
|-resisted|p2a: Moltres
|-crit|p2a: Moltres
|-damage|p2a: Moltres|34/100
|move|p2a: Moltres|Will-O-Wisp|p1a: Zamazenta
|-fail|p1a: Zamazenta|brn
|
|-heal|p1a: Zamazenta|23/100 brn|[from] item: Leftovers
|-damage|p1a: Zamazenta|16/100 brn|[from] brn
|upkeep
|turn|46
|
|t:|1776064526
|move|p1a: Zamazenta|Body Press|p2a: Moltres
|-resisted|p2a: Moltres
|-damage|p2a: Moltres|8/100
|move|p2a: Moltres|Roost|p2a: Moltres
|-heal|p2a: Moltres|58/100
|-singleturn|p2a: Moltres|move: Roost
|
|-heal|p1a: Zamazenta|23/100 brn|[from] item: Leftovers
|-damage|p1a: Zamazenta|16/100 brn|[from] brn
|upkeep
|turn|47
|
|t:|1776064530
|move|p1a: Zamazenta|Body Press|p2a: Moltres
|-resisted|p2a: Moltres
|-damage|p2a: Moltres|30/100
|move|p2a: Moltres|Roost|p2a: Moltres
|-heal|p2a: Moltres|80/100
|-singleturn|p2a: Moltres|move: Roost
|
|-heal|p1a: Zamazenta|23/100 brn|[from] item: Leftovers
|-damage|p1a: Zamazenta|16/100 brn|[from] brn
|upkeep
|turn|48
|
|t:|1776064537
|move|p1a: Zamazenta|Body Press|p2a: Moltres
|-resisted|p2a: Moltres
|-damage|p2a: Moltres|50/100
|move|p2a: Moltres|Will-O-Wisp|p1a: Zamazenta
|-fail|p1a: Zamazenta|brn
|
|-heal|p1a: Zamazenta|23/100 brn|[from] item: Leftovers
|-damage|p1a: Zamazenta|16/100 brn|[from] brn
|upkeep
|turn|49
|
|t:|1776064540
|move|p1a: Zamazenta|Body Press|p2a: Moltres
|-resisted|p2a: Moltres
|-damage|p2a: Moltres|21/100
|move|p2a: Moltres|Roost|p2a: Moltres
|-heal|p2a: Moltres|71/100
|-singleturn|p2a: Moltres|move: Roost
|
|-heal|p1a: Zamazenta|23/100 brn|[from] item: Leftovers
|-damage|p1a: Zamazenta|16/100 brn|[from] brn
|upkeep
|turn|50
|
|t:|1776064545
|move|p1a: Zamazenta|Body Press|p2a: Moltres
|-resisted|p2a: Moltres
|-damage|p2a: Moltres|43/100
|move|p2a: Moltres|Roost|p2a: Moltres
|-heal|p2a: Moltres|93/100
|-singleturn|p2a: Moltres|move: Roost
|
|-heal|p1a: Zamazenta|23/100 brn|[from] item: Leftovers
|-damage|p1a: Zamazenta|16/100 brn|[from] brn
|upkeep
|turn|51
|
|t:|1776064551
|move|p1a: Zamazenta|Body Press|p2a: Moltres
|-resisted|p2a: Moltres
|-damage|p2a: Moltres|67/100
|move|p2a: Moltres|Will-O-Wisp|p1a: Zamazenta|[miss]
|-miss|p2a: Moltres|p1a: Zamazenta
|
|-heal|p1a: Zamazenta|23/100 brn|[from] item: Leftovers
|-damage|p1a: Zamazenta|16/100 brn|[from] brn
|upkeep
|turn|52
|
|t:|1776064554
|move|p1a: Zamazenta|Body Press|p2a: Moltres
|-resisted|p2a: Moltres
|-damage|p2a: Moltres|39/100
|move|p2a: Moltres|Roost|p2a: Moltres
|-heal|p2a: Moltres|89/100
|-singleturn|p2a: Moltres|move: Roost
|
|-heal|p1a: Zamazenta|23/100 brn|[from] item: Leftovers
|-damage|p1a: Zamazenta|16/100 brn|[from] brn
|upkeep
|turn|53
|
|t:|1776064557
|move|p1a: Zamazenta|Body Press|p2a: Moltres
|-resisted|p2a: Moltres
|-damage|p2a: Moltres|60/100
|move|p2a: Moltres|U-turn|p1a: Zamazenta
|-resisted|p1a: Zamazenta
|-damage|p1a: Zamazenta|15/100 brn
|
|t:|1776064562
|switch|p2a: Kyurem|Kyurem|100/100|[from] U-turn
|-ability|p2a: Kyurem|Pressure
|
|-heal|p1a: Zamazenta|21/100 brn|[from] item: Leftovers
|-damage|p1a: Zamazenta|15/100 brn|[from] brn
|upkeep
|turn|54
|
|t:|1776064571
|move|p1a: Zamazenta|Heavy Slam|p2a: Kyurem
|-supereffective|p2a: Kyurem
|-damage|p2a: Kyurem|90/100
|move|p2a: Kyurem|Scale Shot|p1a: Zamazenta
|-damage|p1a: Zamazenta|13/100 brn
|-damage|p1a: Zamazenta|11/100 brn
|-damage|p1a: Zamazenta|8/100 brn
|-damage|p1a: Zamazenta|6/100 brn
|-damage|p1a: Zamazenta|4/100 brn
|-hitcount|p1a: Zamazenta|5
|-unboost|p2a: Kyurem|def|1
|-boost|p2a: Kyurem|spe|1
|
|-heal|p1a: Zamazenta|10/100 brn|[from] item: Leftovers
|-damage|p1a: Zamazenta|4/100 brn|[from] brn
|upkeep
|turn|55
|
|t:|1776064577
|move|p2a: Kyurem|Scale Shot|p1a: Zamazenta
|-damage|p1a: Zamazenta|2/100 brn
|-damage|p1a: Zamazenta|0 fnt
|faint|p1a: Zamazenta
|-hitcount|p1: Zamazenta|2
|-unboost|p2a: Kyurem|def|1
|-boost|p2a: Kyurem|spe|1
|
|upkeep
|
|t:|1776064579
|switch|p1a: Moltres|Moltres-Galar|100/100
|turn|56
|
|t:|1776064585
|-terastallize|p1a: Moltres|Fairy
|move|p2a: Kyurem|Ice Beam|p1a: Moltres
|-damage|p1a: Moltres|56/100
|move|p1a: Moltres|Tera Blast|p2a: Kyurem|[anim] Tera Blast Fairy
|-supereffective|p2a: Kyurem
|-damage|p2a: Kyurem|10/100
|
|upkeep
|turn|57
|
|t:|1776064592
|move|p2a: Kyurem|Ice Beam|p1a: Moltres
|-damage|p1a: Moltres|15/100
|-ability|p1a: Moltres|Berserk|boost
|-boost|p1a: Moltres|spa|1
|-enditem|p1a: Moltres|Sitrus Berry|[eat]
|-heal|p1a: Moltres|40/100|[from] item: Sitrus Berry
|move|p1a: Moltres|Fiery Wrath|p2a: Kyurem
|-damage|p2a: Kyurem|0 fnt
|faint|p2a: Kyurem
|
|upkeep
|
|t:|1776064597
|switch|p2a: Garganacl|Garganacl, F|100/100
|turn|58
|
|t:|1776064599
|move|p1a: Moltres|Fiery Wrath|p2a: Garganacl
|-damage|p2a: Garganacl|49/100
|move|p2a: Garganacl|Salt Cure|p1a: Moltres
|-damage|p1a: Moltres|23/100
|-start|p1a: Moltres|Salt Cure
|
|-heal|p2a: Garganacl|55/100|[from] item: Leftovers
|-damage|p1a: Moltres|10/100|[from] Salt Cure
|upkeep
|turn|59
|
|t:|1776064606
|move|p1a: Moltres|Fiery Wrath|p2a: Garganacl
|-damage|p2a: Garganacl|6/100
|move|p2a: Garganacl|Recover|p2a: Garganacl
|-heal|p2a: Garganacl|56/100
|
|-heal|p2a: Garganacl|62/100|[from] item: Leftovers
|-damage|p1a: Moltres|0 fnt|[from] Salt Cure
|faint|p1a: Moltres
|
|win|LT_Alt1
|raw|pressacanadagoose's rating: 1717 &rarr; <strong>1694</strong><br />(-23 for losing)
|raw|LT_Alt1's rating: 1667 &rarr; <strong>1690</strong><br />(+23 for winning)
|l| ohko_smeargle
|l|☆pressacanadagoose
|player|p1|
