|html|<div class="broadcast-blue"><strong>[Gen 9] OU is currently suspecting Tera Blast! For information on how to participate check out the <a href="https://www.smogon.com/tools/suspects/view/200">suspect thread</a>.</strong></div>
|j|☆G.Seraphina
|j|☆terablastdontbanit
|t:|1776182506
|gametype|singles
|player|p1|G.Seraphina|backersf|1322
|player|p2|terablastdontbanit|266|1323
|gen|9
|tier|[Gen 9] OU
|rated|
|rule|HP Percentage Mod: HP is shown in percentages
|rule|Endless Battle Clause: Forcing endless battles is banned
|rule|Species Clause: Limit one of each Pokémon
|rule|OHKO Clause: OHKO moves are banned
|rule|Evasion Items Clause: Evasion items are banned
|rule|Evasion Moves Clause: Evasion moves are banned
|rule|Evasion Abilities Clause: Evasion abilities are banned
|rule|Sleep Moves Clause: Sleep-inducing moves are banned
|clearpoke
|poke|p1|Ninetales, F|
|poke|p1|Walking Wake|
|poke|p1|Kingambit, M|
|poke|p1|Ting-Lu|
|poke|p1|Iron Valiant|
|poke|p1|Great Tusk|
|poke|p2|Darkrai|
|poke|p2|Zamazenta-*|
|poke|p2|Iron Treads|
|poke|p2|Ting-Lu|
|poke|p2|Gholdengo|
|poke|p2|Dragonite, F|
|teampreview
|inactive|Battle timer is ON: inactive players will automatically lose when time's up. (requested by terablastdontbanit)
|
|t:|1776182535
|teamsize|p1|6
|teamsize|p2|6
|start
|switch|p1a: God of the sun|Ninetales, F, shiny|100/100
|switch|p2a: Ting-Lu|Ting-Lu|100/100
|-weather|SunnyDay|[from] ability: Drought|[of] p1a: God of the sun
|-ability|p2a: Ting-Lu|Vessel of Ruin
|turn|1
|
|t:|1776182543
|move|p1a: God of the sun|Will-O-Wisp|p2a: Ting-Lu|[miss]
|-miss|p1a: God of the sun|p2a: Ting-Lu
|move|p2a: Ting-Lu|Stealth Rock|p1a: God of the sun
|-sidestart|p1: G.Seraphina|move: Stealth Rock
|
|-weather|SunnyDay|[upkeep]
|upkeep
|turn|2
|
|t:|1776182550
|move|p1a: God of the sun|Encore|p2a: Ting-Lu
|-start|p2a: Ting-Lu|Encore
|move|p2a: Ting-Lu|Stealth Rock||[still]
|-fail|p2a: Ting-Lu
|
|-weather|SunnyDay|[upkeep]
|upkeep
|turn|3
|
|t:|1776182567
|switch|p2a: Gholdengo|Gholdengo|100/100
|-item|p2a: Gholdengo|Air Balloon
|move|p1a: God of the sun|Will-O-Wisp|p2a: Gholdengo
|-immune|p2a: Gholdengo|[from] ability: Good as Gold
|
|-weather|SunnyDay|[upkeep]
|upkeep
|turn|4
|
|t:|1776182575
|switch|p2a: Ting-Lu|Ting-Lu|100/100
|-ability|p2a: Ting-Lu|Vessel of Ruin
|move|p1a: God of the sun|Overheat|p2a: Ting-Lu
|-damage|p2a: Ting-Lu|68/100
|-unboost|p1a: God of the sun|spa|2
|-enditem|p2a: Ting-Lu|Red Card|[of] p1a: God of the sun
|drag|p1a: Waking Up!|Walking Wake|100/100
|-damage|p1a: Waking Up!|88/100|[from] Stealth Rock
|-activate|p1a: Waking Up!|ability: Protosynthesis
|-start|p1a: Waking Up!|protosynthesisspe
|
|-weather|SunnyDay|[upkeep]
|upkeep
|turn|5
|
|t:|1776182585
|move|p1a: Waking Up!|Hydro Steam|p2a: Ting-Lu
|-supereffective|p2a: Ting-Lu
|-damage|p2a: Ting-Lu|0 fnt
|faint|p2a: Ting-Lu
|
|-weather|SunnyDay|[upkeep]
|upkeep
|inactive|terablastdontbanit has 120 seconds left.
|
|t:|1776182640
|switch|p2a: Dragonite|Dragonite, F|100/100
|turn|6
|
|t:|1776182652
|move|p1a: Waking Up!|Hydro Steam|p2a: Dragonite
|-resisted|p2a: Dragonite
|-damage|p2a: Dragonite|79/100
|move|p2a: Dragonite|Dragon Dance|p2a: Dragonite
|-boost|p2a: Dragonite|atk|1
|-boost|p2a: Dragonite|spe|1
|
|-weather|SunnyDay|[upkeep]
|upkeep
|turn|7
|
|t:|1776182660
|-end|p1a: Waking Up!|Protosynthesis|[silent]
|switch|p1a: Sucker or Kowtow?|Kingambit, M|100/100
|-damage|p1a: Sucker or Kowtow?|94/100|[from] Stealth Rock
|move|p2a: Dragonite|Dragon Dance|p2a: Dragonite
|-boost|p2a: Dragonite|atk|1
|-boost|p2a: Dragonite|spe|1
|
|-weather|SunnyDay|[upkeep]
|upkeep
|turn|8
|inactive|terablastdontbanit has 120 seconds left.
|
|t:|1776182674
|move|p2a: Dragonite|Earthquake|p1a: Sucker or Kowtow?
|-supereffective|p1a: Sucker or Kowtow?
|-damage|p1a: Sucker or Kowtow?|0 fnt
|faint|p1a: Sucker or Kowtow?
|-end|p1a: Sucker or Kowtow?|fallenundefined|[silent]
|
|-weather|none
|upkeep
|
|t:|1776182683
|switch|p1a: Mooooooooo|Ting-Lu|100/100
|-damage|p1a: Mooooooooo|94/100|[from] Stealth Rock
|-ability|p1a: Mooooooooo|Vessel of Ruin
|turn|9
|
|t:|1776182691
|move|p2a: Dragonite|Earthquake|p1a: Mooooooooo
|-damage|p1a: Mooooooooo|55/100
|move|p1a: Mooooooooo|Whirlwind|p2a: Dragonite
|drag|p2a: Gholdengo|Gholdengo|100/100
|-item|p2a: Gholdengo|Air Balloon
|
|-heal|p1a: Mooooooooo|61/100|[from] item: Leftovers
|upkeep
|turn|10
|inactive|terablastdontbanit has 120 seconds left.
|
|t:|1776182709
|move|p2a: Gholdengo|Make It Rain|p1a: Mooooooooo
|-damage|p1a: Mooooooooo|40/100
|-unboost|p2a: Gholdengo|spa|1
|move|p1a: Mooooooooo|Ruination|p2a: Gholdengo
|-damage|p2a: Gholdengo|50/100
|-enditem|p2a: Gholdengo|Air Balloon
|
|-heal|p1a: Mooooooooo|47/100|[from] item: Leftovers
|upkeep
|turn|11
|inactive|terablastdontbanit has 120 seconds left.
|
|t:|1776182720
|move|p2a: Gholdengo|Recover|p2a: Gholdengo
|-heal|p2a: Gholdengo|100/100
|move|p1a: Mooooooooo|Spikes|p2a: Gholdengo
|-sidestart|p2: terablastdontbanit|Spikes
|
|-heal|p1a: Mooooooooo|53/100|[from] item: Leftovers
|upkeep
|turn|12
|
|t:|1776182727
|switch|p2a: Iron Treads|Iron Treads|100/100
|-damage|p2a: Iron Treads|88/100|[from] Spikes
|move|p1a: Mooooooooo|Ruination|p2a: Iron Treads
|-damage|p2a: Iron Treads|44/100
|
|-heal|p2a: Iron Treads|51/100|[from] item: Leftovers
|-heal|p1a: Mooooooooo|59/100|[from] item: Leftovers
|upkeep
|turn|13
|
|t:|1776182741
|move|p2a: Iron Treads|Knock Off|p1a: Mooooooooo
|-resisted|p1a: Mooooooooo
|-damage|p1a: Mooooooooo|51/100
|-enditem|p1a: Mooooooooo|Leftovers|[from] move: Knock Off|[of] p2a: Iron Treads
|move|p1a: Mooooooooo|Earthquake|p2a: Iron Treads
|-supereffective|p2a: Iron Treads
|-damage|p2a: Iron Treads|0 fnt
|faint|p2a: Iron Treads
|-end|p2a: Iron Treads|Quark Drive|[silent]
|
|upkeep
|inactive|terablastdontbanit has 120 seconds left.
|
|t:|1776182778
|switch|p2a: Darkrai|Darkrai|100/100
|-damage|p2a: Darkrai|88/100|[from] Spikes
|turn|14
|
|t:|1776182793
|move|p2a: Darkrai|Ice Beam|p1a: Mooooooooo
|-supereffective|p1a: Mooooooooo
|-damage|p1a: Mooooooooo|13/100
|move|p1a: Mooooooooo|Ruination|p2a: Darkrai
|-damage|p2a: Darkrai|44/100
|
|upkeep
|turn|15
|
|t:|1776182800
|move|p2a: Darkrai|Ice Beam|p1a: Mooooooooo
|-supereffective|p1a: Mooooooooo
|-damage|p1a: Mooooooooo|0 fnt
|faint|p1a: Mooooooooo
|
|upkeep
|
|t:|1776182812
|switch|p1a: Anime|Iron Valiant|100/100
|-damage|p1a: Anime|94/100|[from] Stealth Rock
|-enditem|p1a: Anime|Booster Energy
|-activate|p1a: Anime|ability: Quark Drive|[fromitem]
|-start|p1a: Anime|quarkdrivespe
|turn|16
|
|t:|1776182824
|switch|p2a: Gholdengo|Gholdengo|100/100
|-damage|p2a: Gholdengo|88/100|[from] Spikes
|-terastallize|p1a: Anime|Steel
|move|p1a: Anime|Encore|p2a: Gholdengo
|-immune|p2a: Gholdengo|[from] ability: Good as Gold
|
|upkeep
|turn|17
|
|t:|1776182836
|move|p1a: Anime|Calm Mind|p1a: Anime
|-boost|p1a: Anime|spa|1
|-boost|p1a: Anime|spd|1
|move|p2a: Gholdengo|Thunder Wave|p1a: Anime
|-status|p1a: Anime|par
|
|upkeep
|turn|18
|
|t:|1776182843
|move|p1a: Anime|Thunderbolt|p2a: Gholdengo
|-damage|p2a: Gholdengo|48/100
|move|p2a: Gholdengo|Hex|p1a: Anime
|-damage|p1a: Anime|26/100 par
|
|upkeep
|turn|19
|inactive|terablastdontbanit has 120 seconds left.
|
|t:|1776182849
|move|p1a: Anime|Thunderbolt|p2a: Gholdengo
|-damage|p2a: Gholdengo|5/100
|move|p2a: Gholdengo|Recover|p2a: Gholdengo
|-heal|p2a: Gholdengo|55/100
|
|upkeep
|turn|20
|
|t:|1776182858
|cant|p1a: Anime|par
|move|p2a: Gholdengo|Recover|p2a: Gholdengo
|-heal|p2a: Gholdengo|100/100
|
|upkeep
|turn|21
|
|t:|1776182864
|cant|p1a: Anime|par
|move|p2a: Gholdengo|Hex|p1a: Anime
|-damage|p1a: Anime|0 fnt
|faint|p1a: Anime
|-end|p1a: Anime|Quark Drive|[silent]
|
|upkeep
|
|t:|1776182867
|switch|p1a: God of the sun|Ninetales, F, shiny|100/100
|-damage|p1a: God of the sun|76/100|[from] Stealth Rock
|-weather|SunnyDay|[from] ability: Drought|[of] p1a: God of the sun
|turn|22
|
|t:|1776182884
|switch|p2a: Dragonite|Dragonite, F|79/100
|move|p1a: God of the sun|Overheat|p2a: Dragonite
|-resisted|p2a: Dragonite
|-damage|p2a: Dragonite|38/100
|-unboost|p1a: God of the sun|spa|2
|
|-weather|SunnyDay|[upkeep]
|upkeep
|turn|23
|
|t:|1776182893
|move|p1a: God of the sun|Will-O-Wisp|p2a: Dragonite|[miss]
|-miss|p1a: God of the sun|p2a: Dragonite
|move|p2a: Dragonite|Dragon Dance|p2a: Dragonite
|-boost|p2a: Dragonite|atk|1
|-boost|p2a: Dragonite|spe|1
|
|-weather|SunnyDay|[upkeep]
|upkeep
|turn|24
|
|t:|1776182901
|move|p2a: Dragonite|Earthquake|p1a: God of the sun
|-supereffective|p1a: God of the sun
|-damage|p1a: God of the sun|0 fnt
|faint|p1a: God of the sun
|
|-weather|SunnyDay|[upkeep]
|upkeep
|
|t:|1776182910
|switch|p1a: (☞ﾟヮﾟ)☞|Great Tusk|100/100
|-damage|p1a: (☞ﾟヮﾟ)☞|98/100|[from] Stealth Rock
|-activate|p1a: (☞ﾟヮﾟ)☞|ability: Protosynthesis
|-start|p1a: (☞ﾟヮﾟ)☞|protosynthesisatk
|turn|25
|
|t:|1776182918
|move|p2a: Dragonite|Earthquake|p1a: (☞ﾟヮﾟ)☞
|-damage|p1a: (☞ﾟヮﾟ)☞|61/100
|move|p1a: (☞ﾟヮﾟ)☞|Rapid Spin|p2a: Dragonite
|-damage|p2a: Dragonite|9/100
|-boost|p1a: (☞ﾟヮﾟ)☞|spe|1
|-sideend|p1: G.Seraphina|Stealth Rock|[from] move: Rapid Spin|[of] p1a: (☞ﾟヮﾟ)☞
|
|-weather|SunnyDay|[upkeep]
|upkeep
|turn|26
|
|t:|1776182927
|move|p2a: Dragonite|Encore|p1a: (☞ﾟヮﾟ)☞
|-start|p1a: (☞ﾟヮﾟ)☞|Encore
|move|p1a: (☞ﾟヮﾟ)☞|Rapid Spin|p2a: Dragonite
|-damage|p2a: Dragonite|0 fnt
|-boost|p1a: (☞ﾟヮﾟ)☞|spe|1
|faint|p2a: Dragonite
|
|-weather|SunnyDay|[upkeep]
|upkeep
|
|t:|1776182950
|switch|p2a: Zamazenta|Zamazenta|100/100
|-damage|p2a: Zamazenta|88/100|[from] Spikes
|-ability|p2a: Zamazenta|Dauntless Shield|boost
|-boost|p2a: Zamazenta|def|1
|turn|27
|l|☆G.Seraphina
|inactive|G.Seraphina disconnected and has a minute to reconnect!
|player|p1|
|inactive|G.Seraphina has 30 seconds to reconnect!
|inactive|G.Seraphina has 20 seconds to reconnect!
|inactive|G.Seraphina has 15 seconds to reconnect!
|j|☆G.Seraphina
|inactive|G.Seraphina reconnected and has 85 seconds left.
|player|p1|G.Seraphina|backersf|
|
|t:|1776183022
|move|p1a: (☞ﾟヮﾟ)☞|Rapid Spin|p2a: Zamazenta
|-damage|p2a: Zamazenta|75/100
|-boost|p1a: (☞ﾟヮﾟ)☞|spe|1
|move|p2a: Zamazenta|Iron Defense|p2a: Zamazenta
|-boost|p2a: Zamazenta|def|2
|
|-weather|SunnyDay|[upkeep]
|-heal|p2a: Zamazenta|81/100|[from] item: Leftovers
|upkeep
|turn|28
|
|t:|1776183037
|move|p1a: (☞ﾟヮﾟ)☞|Rapid Spin|p2a: Zamazenta
|-damage|p2a: Zamazenta|74/100
|-boost|p1a: (☞ﾟヮﾟ)☞|spe|1
|move|p2a: Zamazenta|Iron Defense|p2a: Zamazenta
|-boost|p2a: Zamazenta|def|2
|
|-weather|SunnyDay|[upkeep]
|-heal|p2a: Zamazenta|80/100|[from] item: Leftovers
|-end|p1a: (☞ﾟヮﾟ)☞|Encore
|upkeep
|turn|29
|
|t:|1776183046
|move|p1a: (☞ﾟヮﾟ)☞|Headlong Rush|p2a: Zamazenta
|-damage|p2a: Zamazenta|60/100
|-unboost|p1a: (☞ﾟヮﾟ)☞|def|1
|-unboost|p1a: (☞ﾟヮﾟ)☞|spd|1
|move|p2a: Zamazenta|Body Press|p1a: (☞ﾟヮﾟ)☞
|-damage|p1a: (☞ﾟヮﾟ)☞|0 fnt
|faint|p1a: (☞ﾟヮﾟ)☞
|-end|p1a: (☞ﾟヮﾟ)☞|Protosynthesis|[silent]
|
|-weather|none
|-heal|p2a: Zamazenta|66/100|[from] item: Leftovers
|upkeep
|-message|G.Seraphina forfeited.
|
|win|terablastdontbanit
|raw|G.Seraphina's rating: 1322 &rarr; <strong>1302</strong><br />(-20 for losing)
|raw|terablastdontbanit's rating: 1323 &rarr; <strong>1343</strong><br />(+20 for winning)
|l|☆G.Seraphina
|player|p1|
