|html|<div class="broadcast-blue"><strong>[Gen 9] OU is currently suspecting Tera Blast! For information on how to participate check out the <a href="https://www.smogon.com/tools/suspects/view/200">suspect thread</a>.</strong></div>
|j|☆gooseemon3
|j|☆Kirby_3134
|t:|1776085863
|gametype|singles
|player|p1|gooseemon3|clown|1172
|player|p2|Kirby_3134|blackbelt-gen4dp|1166
|gen|9
|tier|[Gen 9] OU
|rated|
|rule|HP Percentage Mod: HP is shown in percentages
|rule|Endless Battle Clause: Forcing endless battles is banned
|rule|Species Clause: Limit one of each Pokémon
|rule|OHKO Clause: OHKO moves are banned
|rule|Evasion Items Clause: Evasion items are banned
|rule|Evasion Moves Clause: Evasion moves are banned
|rule|Evasion Abilities Clause: Evasion abilities are banned
|rule|Sleep Moves Clause: Sleep-inducing moves are banned
|clearpoke
|poke|p1|Ribombee, M|
|poke|p1|Ceruledge, M|
|poke|p1|Enamorus, F|
|poke|p1|Scrafty, M|
|poke|p1|Darkrai|
|poke|p1|Iron Treads|
|poke|p2|Gyarados, F|
|poke|p2|Hawlucha, M|
|poke|p2|Rillaboom, F|
|poke|p2|Dondozo, M|
|poke|p2|Ambipom, M|
|poke|p2|Serperior, F|
|teampreview
|
|t:|1776085870
|teamsize|p1|6
|teamsize|p2|6
|start
|switch|p1a: Ribombee|Ribombee, M|100/100
|switch|p2a: Gyarados|Gyarados, F|100/100
|turn|1
|
|t:|1776085879
|move|p1a: Ribombee|Moonblast|p2a: Gyarados
|-damage|p2a: Gyarados|56/100
|-unboost|p2a: Gyarados|spa|1
|move|p2a: Gyarados|Substitute|p2a: Gyarados
|-start|p2a: Gyarados|Substitute
|-damage|p2a: Gyarados|31/100
|
|upkeep
|turn|2
|
|t:|1776085887
|move|p1a: Ribombee|Psychic Noise|p2a: Gyarados
|-damage|p2a: Gyarados|8/100
|-start|p2a: Gyarados|move: Heal Block
|move|p2a: Gyarados|Dragon Dance|p2a: Gyarados
|-boost|p2a: Gyarados|atk|1
|-boost|p2a: Gyarados|spe|1
|
|upkeep
|turn|3
|
|t:|1776085899
|move|p2a: Gyarados|Waterfall|p1a: Ribombee
|-enditem|p1a: Ribombee|Focus Sash
|-damage|p1a: Ribombee|1/100
|move|p1a: Ribombee|Psychic Noise|p2a: Gyarados
|-damage|p2a: Gyarados|0 fnt
|faint|p2a: Gyarados
|
|upkeep
|
|t:|1776085909
|switch|p2a: Rillaboom|Rillaboom, F|100/100
|-fieldstart|move: Grassy Terrain|[from] ability: Grassy Surge|[of] p2a: Rillaboom
|turn|4
|
|t:|1776085916
|switch|p1a: Enamorus|Enamorus, F|100/100
|move|p2a: Rillaboom|Grassy Glide|p1a: Enamorus
|-resisted|p1a: Enamorus
|-damage|p1a: Enamorus|58/100
|
|upkeep
|turn|5
|
|t:|1776085930
|switch|p2a: Ambipom|Ambipom, M|100/100
|move|p1a: Enamorus|Superpower|p2a: Ambipom
|-supereffective|p2a: Ambipom
|-damage|p2a: Ambipom|0 fnt
|-boost|p1a: Enamorus|atk|1
|-boost|p1a: Enamorus|def|1
|faint|p2a: Ambipom
|
|upkeep
|
|t:|1776085946
|switch|p2a: Dondozo|Dondozo, M|100/100
|turn|6
|
|t:|1776085951
|move|p1a: Enamorus|Superpower|p2a: Dondozo
|-damage|p2a: Dondozo|86/100
|-boost|p1a: Enamorus|atk|1
|-boost|p1a: Enamorus|def|1
|move|p2a: Dondozo|Curse|p2a: Dondozo
|-unboost|p2a: Dondozo|spe|1
|-boost|p2a: Dondozo|atk|1
|-boost|p2a: Dondozo|def|1
|
|-heal|p2a: Dondozo|92/100|[from] Grassy Terrain
|upkeep
|turn|7
|
|t:|1776085962
|move|p1a: Enamorus|Superpower|p2a: Dondozo
|-damage|p2a: Dondozo|81/100
|-boost|p1a: Enamorus|atk|1
|-boost|p1a: Enamorus|def|1
|move|p2a: Dondozo|Curse|p2a: Dondozo
|-unboost|p2a: Dondozo|spe|1
|-boost|p2a: Dondozo|atk|1
|-boost|p2a: Dondozo|def|1
|
|-heal|p2a: Dondozo|87/100|[from] Grassy Terrain
|upkeep
|turn|8
|
|t:|1776085972
|move|p1a: Enamorus|Moonblast|p2a: Dondozo
|-damage|p2a: Dondozo|43/100
|move|p2a: Dondozo|Body Press|p1a: Enamorus
|-resisted|p1a: Enamorus
|-damage|p1a: Enamorus|35/100
|
|-heal|p2a: Dondozo|49/100|[from] Grassy Terrain
|-fieldend|move: Grassy Terrain
|upkeep
|turn|9
|
|t:|1776085980
|move|p1a: Enamorus|Moonblast|p2a: Dondozo
|-damage|p2a: Dondozo|7/100
|-unboost|p2a: Dondozo|spa|1
|move|p2a: Dondozo|Rest|p2a: Dondozo
|-status|p2a: Dondozo|slp|[from] move: Rest
|-heal|p2a: Dondozo|100/100 slp|[silent]
|
|upkeep
|turn|10
|
|t:|1776085988
|move|p1a: Enamorus|Moonblast|p2a: Dondozo
|-damage|p2a: Dondozo|56/100 slp
|cant|p2a: Dondozo|slp
|move|p2a: Dondozo|Sleep Talk|p2a: Dondozo
|move|p2a: Dondozo|Curse|p2a: Dondozo|[from] move: Sleep Talk
|-unboost|p2a: Dondozo|spe|1
|-boost|p2a: Dondozo|atk|1
|-boost|p2a: Dondozo|def|1
|
|upkeep
|turn|11
|
|t:|1776085998
|move|p1a: Enamorus|Moonblast|p2a: Dondozo
|-damage|p2a: Dondozo|15/100 slp
|cant|p2a: Dondozo|slp
|move|p2a: Dondozo|Sleep Talk|p2a: Dondozo
|move|p2a: Dondozo|Rest||[from] move: Sleep Talk|[still]
|-fail|p2a: Dondozo
|
|upkeep
|turn|12
|
|t:|1776086007
|move|p1a: Enamorus|Moonblast|p2a: Dondozo
|-damage|p2a: Dondozo|0 fnt
|faint|p2a: Dondozo
|
|upkeep
|
|t:|1776086011
|switch|p2a: Serperior|Serperior, F|100/100
|turn|13
|
|t:|1776086021
|move|p2a: Serperior|Leaf Storm|p1a: Enamorus
|-resisted|p1a: Enamorus
|-damage|p1a: Enamorus|8/100
|-boost|p2a: Serperior|spa|2
|move|p1a: Enamorus|Superpower|p2a: Serperior
|-damage|p2a: Serperior|0 fnt
|-boost|p1a: Enamorus|atk|1
|-boost|p1a: Enamorus|def|1
|faint|p2a: Serperior
|
|upkeep
|
|t:|1776086031
|switch|p2a: Rillaboom|Rillaboom, F|100/100
|-fieldstart|move: Grassy Terrain|[from] ability: Grassy Surge|[of] p2a: Rillaboom
|turn|14
|
|t:|1776086036
|move|p2a: Rillaboom|Grassy Glide|p1a: Enamorus
|-resisted|p1a: Enamorus
|-damage|p1a: Enamorus|0 fnt
|faint|p1a: Enamorus
|
|upkeep
|
|t:|1776086043
|switch|p1a: Ceruledge|Ceruledge, M|100/100
|turn|15
|
|t:|1776086052
|switch|p2a: Hawlucha|Hawlucha, M|100/100
|-enditem|p2a: Hawlucha|Grassy Seed
|-boost|p2a: Hawlucha|def|1|[from] item: Grassy Seed
|move|p1a: Ceruledge|Flame Charge|p2a: Hawlucha
|-damage|p2a: Hawlucha|79/100
|-boost|p1a: Ceruledge|spe|1
|
|upkeep
|turn|16
|
|t:|1776086066
|move|p2a: Hawlucha|Swords Dance|p2a: Hawlucha
|-boost|p2a: Hawlucha|atk|2
|move|p1a: Ceruledge|Bitter Blade|p2a: Hawlucha
|-damage|p2a: Hawlucha|44/100
|
|upkeep
|turn|17
|
|t:|1776086073
|move|p1a: Ceruledge|Shadow Sneak|p2a: Hawlucha
|-damage|p2a: Hawlucha|27/100
|move|p2a: Hawlucha|Roost|p2a: Hawlucha
|-heal|p2a: Hawlucha|77/100
|-singleturn|p2a: Hawlucha|move: Roost
|
|-heal|p2a: Hawlucha|83/100|[from] Grassy Terrain
|upkeep
|turn|18
|
|t:|1776086080
|move|p2a: Hawlucha|Acrobatics|p1a: Ceruledge
|-damage|p1a: Ceruledge|0 fnt
|faint|p1a: Ceruledge
|
|-fieldend|move: Grassy Terrain
|upkeep
|
|t:|1776086089
|switch|p1a: Darkrai|Darkrai|100/100
|turn|19
|
|t:|1776086097
|move|p2a: Hawlucha|Acrobatics|p1a: Darkrai
|-enditem|p1a: Darkrai|Focus Sash
|-damage|p1a: Darkrai|1/100
|move|p1a: Darkrai|Ice Beam|p2a: Hawlucha
|-supereffective|p2a: Hawlucha
|-damage|p2a: Hawlucha|0 fnt
|faint|p2a: Hawlucha
|
|upkeep
|
|t:|1776086105
|switch|p2a: Rillaboom|Rillaboom, F|100/100
|-fieldstart|move: Grassy Terrain|[from] ability: Grassy Surge|[of] p2a: Rillaboom
|turn|20
|
|t:|1776086124
|move|p1a: Darkrai|Ice Beam|p2a: Rillaboom
|-supereffective|p2a: Rillaboom
|-damage|p2a: Rillaboom|15/100
|move|p2a: Rillaboom|Drain Punch|p1a: Darkrai
|-supereffective|p1a: Darkrai
|-damage|p1a: Darkrai|0 fnt
|-heal|p2a: Rillaboom|15/100|[from] drain|[of] p1a: Darkrai
|faint|p1a: Darkrai
|
|-heal|p2a: Rillaboom|21/100|[from] Grassy Terrain
|upkeep
|
|t:|1776086130
|switch|p1a: Scrafty|Scrafty, M|100/100
|turn|21
|
|t:|1776086153
|move|p2a: Rillaboom|Drain Punch|p1a: Scrafty
|-supereffective|p1a: Scrafty
|-damage|p1a: Scrafty|11/100
|-heal|p2a: Rillaboom|57/100|[from] drain|[of] p1a: Scrafty
|move|p1a: Scrafty|Knock Off|p2a: Rillaboom
|-damage|p2a: Rillaboom|14/100
|-enditem|p2a: Rillaboom|Choice Band|[from] move: Knock Off|[of] p1a: Scrafty
|
|-heal|p2a: Rillaboom|20/100|[from] Grassy Terrain
|-heal|p1a: Scrafty|17/100|[from] Grassy Terrain
|-heal|p1a: Scrafty|23/100|[from] item: Leftovers
|upkeep
|turn|22
|
|t:|1776086164
|move|p2a: Rillaboom|Grassy Glide|p1a: Scrafty
|-damage|p1a: Scrafty|0 fnt
|faint|p1a: Scrafty
|
|-heal|p2a: Rillaboom|26/100|[from] Grassy Terrain
|upkeep
|
|t:|1776086168
|switch|p1a: Iron Treads|Iron Treads|100/100
|-enditem|p1a: Iron Treads|Booster Energy
|-activate|p1a: Iron Treads|ability: Quark Drive|[fromitem]
|-start|p1a: Iron Treads|quarkdriveatk
|turn|23
|
|t:|1776086177
|move|p2a: Rillaboom|Grassy Glide|p1a: Iron Treads
|-damage|p1a: Iron Treads|68/100
|move|p1a: Iron Treads|Ice Spinner|p2a: Rillaboom
|-supereffective|p2a: Rillaboom
|-damage|p2a: Rillaboom|0 fnt
|-fieldend|move: Grassy Terrain
|faint|p2a: Rillaboom
|
|win|gooseemon3
|raw|gooseemon3's rating: 1172 &rarr; <strong>1197</strong><br />(+25 for winning)
|raw|Kirby_3134's rating: 1166 &rarr; <strong>1141</strong><br />(-25 for losing)
|l|☆gooseemon3
|player|p1|
|l|☆Kirby_3134
|player|p2|
