|html|<div class="broadcast-blue"><strong>[Gen 9] OU is currently suspecting Tera Blast! For information on how to participate check out the <a href="https://www.smogon.com/tools/suspects/view/200">suspect thread</a>.</strong></div>
|j|☆shad0wl21
|j|☆buygtf9
|t:|1776077210
|gametype|singles
|player|p1|shad0wl21|cynthia-gen4|1085
|player|p2|buygtf9|170|1097
|gen|9
|tier|[Gen 9] OU
|rated|
|rule|HP Percentage Mod: HP is shown in percentages
|rule|Endless Battle Clause: Forcing endless battles is banned
|rule|Species Clause: Limit one of each Pokémon
|rule|OHKO Clause: OHKO moves are banned
|rule|Evasion Items Clause: Evasion items are banned
|rule|Evasion Moves Clause: Evasion moves are banned
|rule|Evasion Abilities Clause: Evasion abilities are banned
|rule|Sleep Moves Clause: Sleep-inducing moves are banned
|clearpoke
|poke|p1|Noivern, F|
|poke|p1|Haxorus, M|
|poke|p1|Luxray, F|
|poke|p1|Tauros-Paldea-Combat, M|
|poke|p1|Swampert, F|
|poke|p1|Persian, F|
|poke|p2|Iron Crown|
|poke|p2|Deoxys-Speed|
|poke|p2|Armarouge, M|
|poke|p2|Ogerpon, F|
|poke|p2|Samurott-Hisui, M|
|poke|p2|Iron Valiant|
|teampreview
|
|t:|1776077225
|teamsize|p1|6
|teamsize|p2|6
|start
|switch|p1a: Tauros|Tauros-Paldea-Combat, M, shiny|100/100
|switch|p2a: Deoxys|Deoxys-Speed|100/100
|-ability|p2a: Deoxys|Pressure
|-ability|p1a: Tauros|Intimidate|boost
|-unboost|p2a: Deoxys|atk|1
|turn|1
|
|t:|1776077244
|switch|p1a: Swampert|Swampert, F, shiny|100/100
|move|p2a: Deoxys|Taunt|p1a: Swampert
|-start|p1a: Swampert|move: Taunt
|
|upkeep
|turn|2
|
|t:|1776077255
|move|p2a: Deoxys|Stealth Rock|p1a: Swampert
|-sidestart|p1: shad0wl21|move: Stealth Rock
|move|p1a: Swampert|Avalanche|p2a: Deoxys
|-damage|p2a: Deoxys|78/100
|
|upkeep
|turn|3
|
|t:|1776077262
|move|p2a: Deoxys|Psychic Terrain|p2a: Deoxys
|-fieldstart|move: Psychic Terrain
|move|p1a: Swampert|Flip Turn|p2a: Deoxys
|-damage|p2a: Deoxys|45/100
|
|t:|1776077288
|switch|p1a: Luxray|Luxray, F|100/100|[from] Flip Turn
|-damage|p1a: Luxray|88/100|[from] Stealth Rock
|
|-status|p1a: Luxray|brn|[from] item: Flame Orb
|upkeep
|turn|4
|
|t:|1776077307
|move|p2a: Deoxys|Expanding Force|p1a: Luxray
|-damage|p1a: Luxray|8/100 brn
|move|p1a: Luxray|Facade|p2a: Deoxys
|-damage|p2a: Deoxys|0 fnt
|faint|p2a: Deoxys
|
|-damage|p1a: Luxray|2/100 brn|[from] brn
|upkeep
|
|t:|1776077315
|switch|p2a: Iron Crown|Iron Crown|100/100
|-enditem|p2a: Iron Crown|Booster Energy
|-activate|p2a: Iron Crown|ability: Quark Drive|[fromitem]
|-start|p2a: Iron Crown|quarkdrivespa
|turn|5
|
|t:|1776077337
|move|p1a: Luxray|Quick Attack|p2a: Iron Crown
|-activate|p2a: Iron Crown|move: Psychic Terrain
|move|p2a: Iron Crown|Agility|p2a: Iron Crown
|-boost|p2a: Iron Crown|spe|2
|
|-damage|p1a: Luxray|0 fnt|[from] brn
|faint|p1a: Luxray
|upkeep
|
|t:|1776077358
|switch|p1a: Persian|Persian, F, shiny|100/100
|-damage|p1a: Persian|88/100|[from] Stealth Rock
|turn|6
|
|t:|1776077367
|move|p1a: Persian|Fake Out|p2a: Iron Crown
|-activate|p2a: Iron Crown|move: Psychic Terrain
|move|p2a: Iron Crown|Tachyon Cutter|p1a: Persian
|-damage|p1a: Persian|23/100
|-damage|p1a: Persian|0 fnt
|faint|p1a: Persian
|-hitcount|p1: Persian|2
|
|upkeep
|
|t:|1776077379
|switch|p1a: Noivern|Noivern, F|100/100
|-damage|p1a: Noivern|76/100|[from] Stealth Rock
|turn|7
|
|t:|1776077390
|move|p2a: Iron Crown|Tachyon Cutter|p1a: Noivern
|-damage|p1a: Noivern|32/100
|-damage|p1a: Noivern|0 fnt
|faint|p1a: Noivern
|-hitcount|p1: Noivern|2
|
|upkeep
|
|t:|1776077397
|switch|p1a: Swampert|Swampert, F, shiny|100/100
|-damage|p1a: Swampert|94/100|[from] Stealth Rock
|turn|8
|
|t:|1776077405
|move|p2a: Iron Crown|Expanding Force|p1a: Swampert
|-damage|p1a: Swampert|19/100
|move|p1a: Swampert|Stealth Rock|p2a: Iron Crown
|-sidestart|p2: buygtf9|move: Stealth Rock
|
|-heal|p1a: Swampert|25/100|[from] item: Leftovers
|upkeep
|turn|9
|
|t:|1776077415
|move|p2a: Iron Crown|Expanding Force|p1a: Swampert
|-damage|p1a: Swampert|0 fnt
|faint|p1a: Swampert
|
|upkeep
|
|t:|1776077422
|switch|p1a: Haxorus|Haxorus, M, shiny|100/100
|-damage|p1a: Haxorus|88/100|[from] Stealth Rock
|-ability|p1a: Haxorus|Mold Breaker
|turn|10
|
|t:|1776077431
|-terastallize|p1a: Haxorus|Ghost
|move|p2a: Iron Crown|Expanding Force|p1a: Haxorus
|-damage|p1a: Haxorus|0 fnt
|faint|p1a: Haxorus
|
|-fieldend|move: Psychic Terrain
|upkeep
|
|t:|1776077441
|switch|p1a: Tauros|Tauros-Paldea-Combat, M, shiny|100/100
|-damage|p1a: Tauros|94/100|[from] Stealth Rock
|-ability|p1a: Tauros|Intimidate|boost
|-unboost|p2a: Iron Crown|atk|1
|turn|11
|
|t:|1776077447
|move|p2a: Iron Crown|Expanding Force|p1a: Tauros
|-supereffective|p1a: Tauros
|-damage|p1a: Tauros|0 fnt
|faint|p1a: Tauros
|
|win|buygtf9
|raw|shad0wl21's rating: 1085 &rarr; <strong>1063</strong><br />(-22 for losing)
|raw|buygtf9's rating: 1097 &rarr; <strong>1122</strong><br />(+25 for winning)
|l|☆shad0wl21
|player|p1|
|l|☆buygtf9
|player|p2|
