|html|<div class="broadcast-blue"><strong>[Gen 9] OU is currently suspecting Tera Blast! For information on how to participate check out the <a href="https://www.smogon.com/tools/suspects/view/200">suspect thread</a>.</strong></div>
|j|☆Zuifeng
|j|☆LanceStern
|t:|1776054628
|gametype|singles
|player|p1|Zuifeng|li|1756
|player|p2|LanceStern|brock|1667
|gen|9
|tier|[Gen 9] OU
|rated|
|rule|HP Percentage Mod: HP is shown in percentages
|rule|Endless Battle Clause: Forcing endless battles is banned
|rule|Species Clause: Limit one of each Pokémon
|rule|OHKO Clause: OHKO moves are banned
|rule|Evasion Items Clause: Evasion items are banned
|rule|Evasion Moves Clause: Evasion moves are banned
|rule|Evasion Abilities Clause: Evasion abilities are banned
|rule|Sleep Moves Clause: Sleep-inducing moves are banned
|clearpoke
|poke|p1|Rillaboom, M|
|poke|p1|Ogerpon-Wellspring, F|
|poke|p1|Ting-Lu|
|poke|p1|Zamazenta-*|
|poke|p1|Raging Bolt|
|poke|p1|Iron Moth|
|poke|p2|Deoxys-Speed|
|poke|p2|Iron Moth|
|poke|p2|Samurott-Hisui, M|
|poke|p2|Great Tusk|
|poke|p2|Scizor, M|
|poke|p2|Sinistcha-Masterpiece|
|teampreview
|inactive|Battle timer is ON: inactive players will automatically lose when time's up. (requested by Zuifeng)
|
|t:|1776054655
|teamsize|p1|6
|teamsize|p2|6
|start
|switch|p1a: Rillaboom|Rillaboom, M|100/100
|switch|p2a: Scizor|Scizor, M|100/100
|-fieldstart|move: Grassy Terrain|[from] ability: Grassy Surge|[of] p1a: Rillaboom
|turn|1
|
|t:|1776054663
|switch|p1a: Zamazenta|Zamazenta|100/100
|-ability|p1a: Zamazenta|Dauntless Shield|boost
|-boost|p1a: Zamazenta|def|1
|move|p2a: Scizor|U-turn|p1a: Zamazenta
|-resisted|p1a: Zamazenta
|-damage|p1a: Zamazenta|82/100
|
|t:|1776054677
|switch|p2a: Deoxys|Deoxys-Speed|100/100|[from] U-turn
|-ability|p2a: Deoxys|Pressure
|
|-heal|p1a: Zamazenta|88/100|[from] Grassy Terrain
|upkeep
|turn|2
|
|t:|1776054692
|switch|p1a: Ting-Lu|Ting-Lu|100/100
|-ability|p1a: Ting-Lu|Vessel of Ruin
|move|p2a: Deoxys|Ice Beam|p1a: Ting-Lu
|-supereffective|p1a: Ting-Lu
|-damage|p1a: Ting-Lu|63/100
|-enditem|p1a: Ting-Lu|Red Card|[of] p2a: Deoxys
|drag|p2a: Scizor|Scizor, M|100/100
|
|-heal|p1a: Ting-Lu|69/100|[from] Grassy Terrain
|upkeep
|turn|3
|
|t:|1776054702
|switch|p1a: Zamazenta|Zamazenta|88/100
|move|p2a: Scizor|U-turn|p1a: Zamazenta
|-resisted|p1a: Zamazenta
|-damage|p1a: Zamazenta|61/100
|
|t:|1776054713
|switch|p2a: Deoxys|Deoxys-Speed|100/100|[from] U-turn
|-ability|p2a: Deoxys|Pressure
|
|-heal|p1a: Zamazenta|67/100|[from] Grassy Terrain
|upkeep
|turn|4
|j| samurajen
|
|t:|1776054724
|move|p2a: Deoxys|Psychic|p1a: Zamazenta
|-supereffective|p1a: Zamazenta
|-damage|p1a: Zamazenta|0 fnt
|faint|p1a: Zamazenta
|
|upkeep
|
|t:|1776054727
|switch|p1a: Ting-Lu|Ting-Lu|69/100
|-ability|p1a: Ting-Lu|Vessel of Ruin
|turn|5
|
|t:|1776054735
|switch|p2a: Scizor|Scizor, M|100/100
|move|p1a: Ting-Lu|Stealth Rock|p2a: Scizor
|-sidestart|p2: LanceStern|move: Stealth Rock
|
|-heal|p1a: Ting-Lu|76/100|[from] Grassy Terrain
|upkeep
|turn|6
|
|t:|1776054739
|move|p2a: Scizor|U-turn|p1a: Ting-Lu
|-supereffective|p1a: Ting-Lu
|-damage|p1a: Ting-Lu|11/100
|
|t:|1776054743
|switch|p2a: Great Tusk|Great Tusk|100/100|[from] U-turn
|-damage|p2a: Great Tusk|98/100|[from] Stealth Rock
|move|p1a: Ting-Lu|Spikes|p2a: Great Tusk
|-sidestart|p2: LanceStern|Spikes
|
|-heal|p2a: Great Tusk|100/100|[from] Grassy Terrain
|-heal|p1a: Ting-Lu|18/100|[from] Grassy Terrain
|upkeep
|turn|7
|
|t:|1776054763
|-terastallize|p1a: Ting-Lu|Ghost
|move|p2a: Great Tusk|Rapid Spin|p1a: Ting-Lu
|-immune|p1a: Ting-Lu
|move|p1a: Ting-Lu|Ruination|p2a: Great Tusk
|-damage|p2a: Great Tusk|50/100
|
|-heal|p2a: Great Tusk|57/100|[from] Grassy Terrain
|-heal|p1a: Ting-Lu|24/100|[from] Grassy Terrain
|upkeep
|turn|8
|
|t:|1776054768
|switch|p1a: Ogerpon|Ogerpon-Wellspring, F|100/100
|move|p2a: Great Tusk|Stealth Rock|p1a: Ogerpon
|-sidestart|p1: Zuifeng|move: Stealth Rock
|
|-heal|p2a: Great Tusk|63/100|[from] Grassy Terrain
|-fieldend|move: Grassy Terrain
|upkeep
|turn|9
|
|t:|1776054797
|-end|p2a: Great Tusk|Protosynthesis|[silent]
|switch|p2a: Sinistcha|Sinistcha-Masterpiece|100/100
|-damage|p2a: Sinistcha|88/100|[from] Stealth Rock
|-damage|p2a: Sinistcha|76/100|[from] Spikes
|move|p1a: Ogerpon|Ivy Cudgel|p2a: Sinistcha|[anim] Ivy Cudgel Water
|-resisted|p2a: Sinistcha
|-damage|p2a: Sinistcha|51/100
|
|upkeep
|turn|10
|
|t:|1776054811
|switch|p1a: Rillaboom|Rillaboom, M|100/100
|-damage|p1a: Rillaboom|88/100|[from] Stealth Rock
|-fieldstart|move: Grassy Terrain|[from] ability: Grassy Surge|[of] p1a: Rillaboom
|move|p2a: Sinistcha|Strength Sap|p1a: Rillaboom
|-unboost|p1a: Rillaboom|atk|1
|-heal|p2a: Sinistcha|100/100
|
|-heal|p1a: Rillaboom|94/100|[from] Grassy Terrain
|upkeep
|turn|11
|
|t:|1776054820
|move|p1a: Rillaboom|U-turn|p2a: Sinistcha
|-damage|p2a: Sinistcha|87/100
|
|t:|1776054823
|switch|p1a: Iron Moth|Iron Moth|100/100|[from] U-turn
|-damage|p1a: Iron Moth|76/100|[from] Stealth Rock
|-enditem|p1a: Iron Moth|Booster Energy
|-activate|p1a: Iron Moth|ability: Quark Drive|[fromitem]
|-start|p1a: Iron Moth|quarkdrivespe
|move|p2a: Sinistcha|Matcha Gotcha|p1a: Iron Moth
|-resisted|p1a: Iron Moth
|-damage|p1a: Iron Moth|64/100
|-heal|p2a: Sinistcha|92/100|[from] drain|[of] p1a: Iron Moth
|
|-heal|p1a: Iron Moth|70/100|[from] Grassy Terrain
|-heal|p2a: Sinistcha|98/100|[from] Grassy Terrain
|upkeep
|turn|12
|
|t:|1776054839
|move|p1a: Iron Moth|Substitute|p1a: Iron Moth
|-start|p1a: Iron Moth|Substitute
|-damage|p1a: Iron Moth|45/100
|move|p2a: Sinistcha|Shadow Ball|p1a: Iron Moth
|-end|p1a: Iron Moth|Substitute
|
|-heal|p1a: Iron Moth|51/100|[from] Grassy Terrain
|-heal|p2a: Sinistcha|100/100|[from] Grassy Terrain
|upkeep
|turn|13
|
|t:|1776054844
|move|p1a: Iron Moth|Fiery Dance|p2a: Sinistcha
|-supereffective|p2a: Sinistcha
|-damage|p2a: Sinistcha|54/100
|move|p2a: Sinistcha|Shadow Ball|p1a: Iron Moth
|-damage|p1a: Iron Moth|15/100
|
|-heal|p1a: Iron Moth|21/100|[from] Grassy Terrain
|-heal|p2a: Sinistcha|60/100|[from] Grassy Terrain
|upkeep
|turn|14
|
|t:|1776054852
|move|p1a: Iron Moth|Sludge Wave|p2a: Sinistcha
|-damage|p2a: Sinistcha|3/100
|move|p2a: Sinistcha|Trick Room|p2a: Sinistcha
|-fieldstart|move: Trick Room|[of] p2a: Sinistcha
|
|-heal|p2a: Sinistcha|9/100|[from] Grassy Terrain
|-heal|p1a: Iron Moth|27/100|[from] Grassy Terrain
|upkeep
|turn|15
|j| Monkey D MinMin
|
|t:|1776054866
|move|p2a: Sinistcha|Shadow Ball|p1a: Iron Moth
|-damage|p1a: Iron Moth|0 fnt
|faint|p1a: Iron Moth
|-end|p1a: Iron Moth|Quark Drive|[silent]
|
|-heal|p2a: Sinistcha|15/100|[from] Grassy Terrain
|upkeep
|
|t:|1776054868
|switch|p1a: Raging Bolt|Raging Bolt|100/100
|-damage|p1a: Raging Bolt|88/100|[from] Stealth Rock
|-enditem|p1a: Raging Bolt|Booster Energy
|-activate|p1a: Raging Bolt|ability: Protosynthesis|[fromitem]
|-start|p1a: Raging Bolt|protosynthesisspa
|turn|16
|
|t:|1776054878
|move|p1a: Raging Bolt|Thunderclap|p2a: Sinistcha
|-resisted|p2a: Sinistcha
|-damage|p2a: Sinistcha|0 fnt
|faint|p2a: Sinistcha
|
|-heal|p1a: Raging Bolt|94/100|[from] Grassy Terrain
|upkeep
|
|t:|1776054883
|switch|p2a: Great Tusk|Great Tusk|63/100
|-damage|p2a: Great Tusk|60/100|[from] Stealth Rock
|-damage|p2a: Great Tusk|48/100|[from] Spikes
|turn|17
|
|t:|1776054890
|-end|p2a: Great Tusk|Protosynthesis|[silent]
|switch|p2a: Scizor|Scizor, M|100/100
|-damage|p2a: Scizor|88/100|[from] Stealth Rock
|-damage|p2a: Scizor|76/100|[from] Spikes
|move|p1a: Raging Bolt|Draco Meteor|p2a: Scizor|[miss]
|-miss|p1a: Raging Bolt|p2a: Scizor
|
|-heal|p2a: Scizor|82/100|[from] Grassy Terrain
|-heal|p1a: Raging Bolt|100/100|[from] Grassy Terrain
|-fieldend|move: Grassy Terrain
|upkeep
|turn|18
|j| PESWGG
|
|t:|1776054901
|move|p2a: Scizor|U-turn|p1a: Raging Bolt
|-damage|p1a: Raging Bolt|45/100
|
|t:|1776054911
|switch|p2a: Samurott|Samurott-Hisui, M|100/100|[from] U-turn
|-damage|p2a: Samurott|88/100|[from] Stealth Rock
|-damage|p2a: Samurott|76/100|[from] Spikes
|move|p1a: Raging Bolt|Thunderbolt|p2a: Samurott
|-supereffective|p2a: Samurott
|-damage|p2a: Samurott|0 fnt
|faint|p2a: Samurott
|
|-fieldend|move: Trick Room
|upkeep
|
|t:|1776054916
|switch|p2a: Great Tusk|Great Tusk|48/100
|-damage|p2a: Great Tusk|45/100|[from] Stealth Rock
|-damage|p2a: Great Tusk|32/100|[from] Spikes
|turn|19
|
|t:|1776054924
|-end|p1a: Raging Bolt|Protosynthesis|[silent]
|switch|p1a: Ting-Lu|Ting-Lu, tera:Ghost|24/100
|-damage|p1a: Ting-Lu|11/100|[from] Stealth Rock
|-ability|p1a: Ting-Lu|Vessel of Ruin
|move|p2a: Great Tusk|Rapid Spin|p1a: Ting-Lu
|-immune|p1a: Ting-Lu
|
|upkeep
|turn|20
|
|t:|1776054932
|move|p2a: Great Tusk|Ice Spinner|p1a: Ting-Lu
|-damage|p1a: Ting-Lu|0 fnt
|faint|p1a: Ting-Lu
|
|upkeep
|
|t:|1776054933
|switch|p1a: Rillaboom|Rillaboom, M|94/100
|-damage|p1a: Rillaboom|82/100|[from] Stealth Rock
|-fieldstart|move: Grassy Terrain|[from] ability: Grassy Surge|[of] p1a: Rillaboom
|turn|21
|
|t:|1776054958
|move|p1a: Rillaboom|Grassy Glide|p2a: Great Tusk
|-supereffective|p2a: Great Tusk
|-damage|p2a: Great Tusk|0 fnt
|-damage|p1a: Rillaboom|65/100|[from] item: Rocky Helmet|[of] p2a: Great Tusk
|faint|p2a: Great Tusk
|-end|p2a: Great Tusk|Protosynthesis|[silent]
|
|-heal|p1a: Rillaboom|72/100|[from] Grassy Terrain
|upkeep
|
|t:|1776054961
|switch|p2a: Scizor|Scizor, M|82/100
|-damage|p2a: Scizor|70/100|[from] Stealth Rock
|-damage|p2a: Scizor|58/100|[from] Spikes
|turn|22
|inactive|Zuifeng has 120 seconds left.
|
|t:|1776054991
|move|p1a: Rillaboom|Low Kick|p2a: Scizor
|-damage|p2a: Scizor|24/100
|move|p2a: Scizor|U-turn|p1a: Rillaboom
|-supereffective|p1a: Rillaboom
|-damage|p1a: Rillaboom|0 fnt
|faint|p1a: Rillaboom
|-message|Zuifeng forfeited.
|
|win|LanceStern
|raw|Zuifeng's rating: 1756 &rarr; <strong>1731</strong><br />(-25 for losing)
|raw|LanceStern's rating: 1667 &rarr; <strong>1692</strong><br />(+25 for winning)
|l|☆Zuifeng
|player|p1|
|l| Monkey D MinMin
|l| PESWGG
|l| samurajen
