|html|<div class="broadcast-blue"><strong>[Gen 9] OU is currently suspecting Tera Blast! For information on how to participate check out the <a href="https://www.smogon.com/tools/suspects/view/200">suspect thread</a>.</strong></div>
|j|☆elementalbalance
|j|☆ghostokabaa
|t:|1776240125
|gametype|singles
|player|p1|elementalbalance|ghetsis|1094
|player|p2|ghostokabaa|2|1050
|gen|9
|tier|[Gen 9] OU
|rated|
|rule|HP Percentage Mod: HP is shown in percentages
|rule|Endless Battle Clause: Forcing endless battles is banned
|rule|Species Clause: Limit one of each Pokémon
|rule|OHKO Clause: OHKO moves are banned
|rule|Evasion Items Clause: Evasion items are banned
|rule|Evasion Moves Clause: Evasion moves are banned
|rule|Evasion Abilities Clause: Evasion abilities are banned
|rule|Sleep Moves Clause: Sleep-inducing moves are banned
|clearpoke
|poke|p1|Darkrai|
|poke|p1|Cinderace, M|
|poke|p1|Kingambit, M|
|poke|p1|Iron Valiant|
|poke|p1|Umbreon, F|
|poke|p1|Frosmoth, M|
|poke|p2|Landorus-Therian, M|
|poke|p2|Cinderace, M|
|poke|p2|Glimmora, M|
|poke|p2|Hawlucha, M|
|poke|p2|Gholdengo|
|poke|p2|Darkrai|
|teampreview
|
|t:|1776240146
|teamsize|p1|6
|teamsize|p2|6
|start
|switch|p1a: Darkrai|Darkrai|100/100
|switch|p2a: Landorus|Landorus-Therian, M|100/100
|-ability|p2a: Landorus|Intimidate|boost
|-unboost|p1a: Darkrai|atk|1
|turn|1
|
|t:|1776240160
|move|p1a: Darkrai|Ice Beam|p2a: Landorus
|-supereffective|p2a: Landorus
|-damage|p2a: Landorus|0 fnt
|faint|p2a: Landorus
|-damage|p1a: Darkrai|91/100|[from] item: Life Orb
|
|upkeep
|inactive|Battle timer is ON: inactive players will automatically lose when time's up. (requested by elementalbalance)
|
|t:|1776240178
|switch|p2a: Darkrai|Darkrai|100/100
|turn|2
|
|t:|1776240184
|move|p2a: Darkrai|Calm Mind|p2a: Darkrai
|-boost|p2a: Darkrai|spa|1
|-boost|p2a: Darkrai|spd|1
|move|p1a: Darkrai|Focus Blast|p2a: Darkrai
|-supereffective|p2a: Darkrai
|-damage|p2a: Darkrai|0 fnt
|faint|p2a: Darkrai
|-damage|p1a: Darkrai|81/100|[from] item: Life Orb
|
|upkeep
|
|t:|1776240198
|switch|p2a: Cinderace|Cinderace, M|100/100
|turn|3
|
|t:|1776240214
|-terastallize|p1a: Darkrai|Poison
|move|p2a: Cinderace|High Jump Kick|p1a: Darkrai
|-start|p2a: Cinderace|typechange|Fighting|[from] ability: Libero
|-resisted|p1a: Darkrai
|-damage|p1a: Darkrai|41/100
|move|p1a: Darkrai|Sludge Bomb|p2a: Cinderace
|-damage|p2a: Cinderace|11/100
|-damage|p1a: Darkrai|31/100|[from] item: Life Orb
|
|upkeep
|turn|4
|
|t:|1776240229
|move|p2a: Cinderace|High Jump Kick|p1a: Darkrai|[miss]
|-miss|p2a: Cinderace|p1a: Darkrai
|-damage|p2a: Cinderace|0 fnt|[from] highjumpkick
|faint|p2a: Cinderace
|move|p1a: Darkrai|Dark Pulse|p2: Cinderace|[notarget]
|-fail|p1a: Darkrai
|
|upkeep
|
|t:|1776240242
|switch|p2a: Glimmora|Glimmora, M, shiny|100/100
|turn|5
|
|t:|1776240256
|move|p1a: Darkrai|Ice Beam|p2a: Glimmora
|-damage|p2a: Glimmora|60/100
|-damage|p1a: Darkrai|21/100|[from] item: Life Orb
|move|p2a: Glimmora|Stealth Rock|p1a: Darkrai
|-sidestart|p1: elementalbalance|move: Stealth Rock
|
|upkeep
|turn|6
|
|t:|1776240263
|move|p1a: Darkrai|Ice Beam|p2a: Glimmora
|-damage|p2a: Glimmora|22/100
|-damage|p1a: Darkrai|11/100|[from] item: Life Orb
|move|p2a: Glimmora|Spikes|p1a: Darkrai
|-sidestart|p1: elementalbalance|Spikes
|
|upkeep
|turn|7
|
|t:|1776240271
|move|p1a: Darkrai|Ice Beam|p2a: Glimmora
|-damage|p2a: Glimmora|0 fnt
|faint|p2a: Glimmora
|-damage|p1a: Darkrai|1/100|[from] item: Life Orb
|
|upkeep
|
|t:|1776240281
|switch|p2a: Hawlucha|Hawlucha, M, shiny|100/100
|turn|8
|
|t:|1776240298
|move|p1a: Darkrai|Ice Beam|p2a: Hawlucha
|-supereffective|p2a: Hawlucha
|-crit|p2a: Hawlucha
|-damage|p2a: Hawlucha|0 fnt
|faint|p2a: Hawlucha
|-damage|p1a: Darkrai|0 fnt|[from] item: Life Orb
|faint|p1a: Darkrai
|
|upkeep
|
|t:|1776240310
|switch|p1a: Kingambit|Kingambit, M|100/100
|switch|p2a: Gholdengo|Gholdengo|100/100
|-item|p2a: Gholdengo|Air Balloon
|-damage|p1a: Kingambit|94/100|[from] Stealth Rock
|-damage|p1a: Kingambit|82/100|[from] Spikes
|-activate|p1a: Kingambit|ability: Supreme Overlord
|-start|p1a: Kingambit|fallen1|[silent]
|turn|9
|
|t:|1776240323
|move|p1a: Kingambit|Sucker Punch|p2a: Gholdengo
|-supereffective|p2a: Gholdengo
|-damage|p2a: Gholdengo|0 fnt
|-enditem|p2a: Gholdengo|Air Balloon
|faint|p2a: Gholdengo
|
|win|elementalbalance
|raw|elementalbalance's rating: 1094 &rarr; <strong>1117</strong><br />(+23 for winning)
|raw|ghostokabaa's rating: 1050 &rarr; <strong>1035</strong><br />(-15 for losing)
