|html|<div class="broadcast-blue"><strong>[Gen 9] OU is currently suspecting Tera Blast! For information on how to participate check out the <a href="https://www.smogon.com/tools/suspects/view/200">suspect thread</a>.</strong></div>
|j|☆ceo o wo chien
|j|☆MangLe12138
|t:|1776328410
|gametype|singles
|player|p1|ceo o wo chien|fisherman-gen4|1654
|player|p2|MangLe12138|pokefan|1524
|gen|9
|tier|[Gen 9] OU
|rated|
|rule|HP Percentage Mod: HP is shown in percentages
|rule|Endless Battle Clause: Forcing endless battles is banned
|rule|Species Clause: Limit one of each Pokémon
|rule|OHKO Clause: OHKO moves are banned
|rule|Evasion Items Clause: Evasion items are banned
|rule|Evasion Moves Clause: Evasion moves are banned
|rule|Evasion Abilities Clause: Evasion abilities are banned
|rule|Sleep Moves Clause: Sleep-inducing moves are banned
|clearpoke
|poke|p1|Wo-Chien|
|poke|p1|Samurott-Hisui, F|
|poke|p1|Gholdengo|
|poke|p1|Great Tusk|
|poke|p1|Dragonite, F|
|poke|p1|Clefable, F|
|poke|p2|Sandy Shocks|
|poke|p2|Scizor, M|
|poke|p2|Manaphy|
|poke|p2|Latios, M|
|poke|p2|Ogerpon, F|
|poke|p2|Iron Jugulis|
|teampreview
|inactive|Battle timer is ON: inactive players will automatically lose when time's up. (requested by ceo o wo chien)
|
|t:|1776328436
|teamsize|p1|6
|teamsize|p2|6
|start
|switch|p1a: Samurott|Samurott-Hisui, F|100/100
|switch|p2a: Sandy Shocks|Sandy Shocks|100/100
|-enditem|p2a: Sandy Shocks|Booster Energy
|-activate|p2a: Sandy Shocks|ability: Protosynthesis|[fromitem]
|-start|p2a: Sandy Shocks|protosynthesisspe
|turn|1
|
|t:|1776328444
|move|p2a: Sandy Shocks|Discharge|p1a: Samurott
|-supereffective|p1a: Samurott
|-damage|p1a: Samurott|44/100
|move|p1a: Samurott|Ceaseless Edge|p2a: Sandy Shocks
|-damage|p2a: Sandy Shocks|58/100
|-sidestart|p2: MangLe12138|Spikes
|
|upkeep
|turn|2
|
|t:|1776328461
|move|p2a: Sandy Shocks|Discharge|p1a: Samurott
|-supereffective|p1a: Samurott
|-damage|p1a: Samurott|0 fnt
|faint|p1a: Samurott
|
|upkeep
|
|t:|1776328464
|switch|p1a: Clefable|Clefable, F|100/100
|turn|3
|
|t:|1776328474
|move|p2a: Sandy Shocks|Stealth Rock|p1a: Clefable
|-sidestart|p1: ceo o wo chien|move: Stealth Rock
|move|p1a: Clefable|Calm Mind|p1a: Clefable
|-boost|p1a: Clefable|spa|1
|-boost|p1a: Clefable|spd|1
|
|upkeep
|turn|4
|
|t:|1776328479
|-end|p2a: Sandy Shocks|Protosynthesis|[silent]
|switch|p2a: Ogerpon|Ogerpon, F|100/100
|-damage|p2a: Ogerpon|88/100|[from] Spikes
|move|p1a: Clefable|Moonblast|p2a: Ogerpon
|-damage|p2a: Ogerpon|8/100
|
|upkeep
|turn|5
|
|t:|1776328497
|move|p2a: Ogerpon|Ivy Cudgel|p1a: Clefable
|-damage|p1a: Clefable|52/100
|move|p1a: Clefable|Moonblast|p2a: Ogerpon
|-damage|p2a: Ogerpon|0 fnt
|faint|p2a: Ogerpon
|
|upkeep
|
|t:|1776328502
|switch|p2a: Scizor|Scizor, M|100/100
|-damage|p2a: Scizor|88/100|[from] Spikes
|turn|6
|
|t:|1776328507
|-terastallize|p1a: Clefable|Fairy
|move|p2a: Scizor|Bullet Punch|p1a: Clefable
|-supereffective|p1a: Clefable
|-damage|p1a: Clefable|0 fnt
|faint|p1a: Clefable
|
|upkeep
|j| McCoyDaBoy
|c|☆ceo o wo chien|oops forgot to change tera lol
|
|t:|1776328519
|switch|p1a: Great Tusk|Great Tusk|100/100
|turn|7
|
|t:|1776328525
|move|p1a: Great Tusk|Rapid Spin|p2a: Scizor
|-resisted|p2a: Scizor
|-damage|p2a: Scizor|79/100
|-boost|p1a: Great Tusk|spe|1
|-sideend|p1: ceo o wo chien|Stealth Rock|[from] move: Rapid Spin|[of] p1a: Great Tusk
|move|p2a: Scizor|Swords Dance|p2a: Scizor
|-boost|p2a: Scizor|atk|2
|
|upkeep
|turn|8
|
|t:|1776328532
|-end|p1a: Great Tusk|Protosynthesis|[silent]
|switch|p1a: Escargoat|Wo-Chien|100/100
|-ability|p1a: Escargoat|Tablets of Ruin
|move|p2a: Scizor|Swords Dance|p2a: Scizor
|-boost|p2a: Scizor|atk|2
|
|upkeep
|turn|9
|
|t:|1776328537
|move|p1a: Escargoat|Foul Play|p2a: Scizor
|-damage|p2a: Scizor|0 fnt
|faint|p2a: Scizor
|
|upkeep
|
|t:|1776328547
|switch|p2a: Latios|Latios, M|100/100
|turn|10
|
|t:|1776328557
|move|p2a: Latios|Calm Mind|p2a: Latios
|-boost|p2a: Latios|spa|1
|-boost|p2a: Latios|spd|1
|move|p1a: Escargoat|Leech Seed|p2a: Latios
|-start|p2a: Latios|move: Leech Seed
|
|-damage|p2a: Latios|88/100|[from] Leech Seed|[of] p1a: Escargoat
|upkeep
|turn|11
|
|t:|1776328566
|move|p2a: Latios|Calm Mind|p2a: Latios
|-boost|p2a: Latios|spa|1
|-boost|p2a: Latios|spd|1
|move|p1a: Escargoat|Stun Spore|p2a: Latios
|-status|p2a: Latios|par
|
|-damage|p2a: Latios|76/100 par|[from] Leech Seed|[of] p1a: Escargoat
|upkeep
|turn|12
|
|t:|1776328577
|move|p1a: Escargoat|Foul Play|p2a: Latios
|-supereffective|p2a: Latios
|-damage|p2a: Latios|34/100 par
|-enditem|p2a: Latios|Weakness Policy
|-boost|p2a: Latios|atk|2|[from] item: Weakness Policy
|-boost|p2a: Latios|spa|2|[from] item: Weakness Policy
|move|p2a: Latios|Calm Mind|p2a: Latios
|-boost|p2a: Latios|spa|1
|-boost|p2a: Latios|spd|1
|
|-damage|p2a: Latios|22/100 par|[from] Leech Seed|[of] p1a: Escargoat
|upkeep
|turn|13
|
|t:|1776328588
|move|p1a: Escargoat|Foul Play|p2a: Latios
|-supereffective|p2a: Latios
|-damage|p2a: Latios|0 fnt
|faint|p2a: Latios
|
|upkeep
|
|t:|1776328599
|switch|p2a: Manaphy|Manaphy|100/100
|-damage|p2a: Manaphy|88/100|[from] Spikes
|turn|14
|
|t:|1776328602
|-terastallize|p2a: Manaphy|Grass
|move|p2a: Manaphy|Tail Glow|p2a: Manaphy
|-boost|p2a: Manaphy|spa|3
|move|p1a: Escargoat|Foul Play|p2a: Manaphy
|-damage|p2a: Manaphy|64/100
|
|upkeep
|turn|15
|
|t:|1776328612
|move|p2a: Manaphy|Ice Beam|p1a: Escargoat
|-supereffective|p1a: Escargoat
|-damage|p1a: Escargoat|14/100
|move|p1a: Escargoat|Foul Play|p2a: Manaphy
|-damage|p2a: Manaphy|39/100
|-enditem|p2a: Manaphy|Sitrus Berry|[eat]
|-heal|p2a: Manaphy|64/100|[from] item: Sitrus Berry
|
|-heal|p1a: Escargoat|21/100|[from] item: Leftovers
|upkeep
|turn|16
|
|t:|1776328618
|move|p2a: Manaphy|Ice Beam|p1a: Escargoat
|-supereffective|p1a: Escargoat
|-damage|p1a: Escargoat|0 fnt
|faint|p1a: Escargoat
|
|upkeep
|
|t:|1776328620
|switch|p1a: Young Money|Gholdengo|100/100
|turn|17
|
|t:|1776328625
|move|p1a: Young Money|Make It Rain|p2a: Manaphy
|-damage|p2a: Manaphy|0 fnt
|-unboost|p1a: Young Money|spa|1
|faint|p2a: Manaphy
|
|upkeep
|
|t:|1776328632
|switch|p2a: Iron Jugulis|Iron Jugulis|100/100
|-enditem|p2a: Iron Jugulis|Booster Energy
|-activate|p2a: Iron Jugulis|ability: Quark Drive|[fromitem]
|-start|p2a: Iron Jugulis|quarkdrivespe
|turn|18
|
|t:|1776328637
|move|p2a: Iron Jugulis|Dark Pulse|p1a: Young Money
|-supereffective|p1a: Young Money
|-damage|p1a: Young Money|13/100
|move|p1a: Young Money|Make It Rain|p2a: Iron Jugulis
|-damage|p2a: Iron Jugulis|49/100
|-unboost|p1a: Young Money|spa|1
|
|upkeep
|turn|19
|
|t:|1776328642
|switch|p1a: Great Tusk|Great Tusk|100/100
|move|p2a: Iron Jugulis|Dark Pulse|p1a: Great Tusk
|-resisted|p1a: Great Tusk
|-damage|p1a: Great Tusk|72/100
|
|upkeep
|turn|20
|
|t:|1776328645
|move|p2a: Iron Jugulis|Hurricane|p1a: Great Tusk
|-supereffective|p1a: Great Tusk
|-damage|p1a: Great Tusk|0 fnt
|faint|p1a: Great Tusk
|-end|p1a: Great Tusk|Protosynthesis|[silent]
|
|upkeep
|
|t:|1776328646
|switch|p1a: Dragonite|Dragonite, F|100/100
|turn|21
|
|t:|1776328652
|move|p2a: Iron Jugulis|Dark Pulse|p1a: Dragonite
|-damage|p1a: Dragonite|82/100
|move|p1a: Dragonite|Dragon Dance|p1a: Dragonite
|-boost|p1a: Dragonite|atk|1
|-boost|p1a: Dragonite|spe|1
|
|upkeep
|turn|22
|
|t:|1776328657
|move|p1a: Dragonite|Extreme Speed|p2a: Iron Jugulis
|-damage|p2a: Iron Jugulis|0 fnt
|faint|p2a: Iron Jugulis
|-end|p2a: Iron Jugulis|Quark Drive|[silent]
|
|upkeep
|
|t:|1776328659
|switch|p2a: Sandy Shocks|Sandy Shocks|58/100
|-damage|p2a: Sandy Shocks|45/100|[from] Spikes
|turn|23
|
|t:|1776328662
|move|p1a: Dragonite|Extreme Speed|p2a: Sandy Shocks
|-damage|p2a: Sandy Shocks|0 fnt
|faint|p2a: Sandy Shocks
|-end|p2a: Sandy Shocks|Protosynthesis|[silent]
|
|win|ceo o wo chien
|raw|ceo o wo chien's rating: 1654 &rarr; <strong>1667</strong><br />(+13 for winning)
|raw|MangLe12138's rating: 1524 &rarr; <strong>1511</strong><br />(-13 for losing)
