|html|<div class="broadcast-blue"><strong>[Gen 9] OU is currently suspecting Tera Blast! For information on how to participate check out the <a href="https://www.smogon.com/tools/suspects/view/200">suspect thread</a>.</strong></div>
|j|☆Hiagov
|j|☆Gr33kYogurT
|t:|1776291280
|gametype|singles
|player|p1|Hiagov|giovanni|1077
|player|p2|Gr33kYogurT|102|1013
|gen|9
|tier|[Gen 9] OU
|rated|
|rule|HP Percentage Mod: HP is shown in percentages
|rule|Endless Battle Clause: Forcing endless battles is banned
|rule|Species Clause: Limit one of each Pokémon
|rule|OHKO Clause: OHKO moves are banned
|rule|Evasion Items Clause: Evasion items are banned
|rule|Evasion Moves Clause: Evasion moves are banned
|rule|Evasion Abilities Clause: Evasion abilities are banned
|rule|Sleep Moves Clause: Sleep-inducing moves are banned
|clearpoke
|poke|p1|Great Tusk|
|poke|p1|Dragapult, F|
|poke|p1|Gholdengo|
|poke|p1|Kingambit, M|
|poke|p1|Rotom-Wash|
|poke|p1|Dragonite, M|
|poke|p2|Empoleon, F|
|poke|p2|Snorlax, F|
|poke|p2|Noivern, M|
|poke|p2|Slowbro, F|
|poke|p2|Sandslash-Alola, F|
|poke|p2|Umbreon, F|
|teampreview
|inactive|Battle timer is ON: inactive players will automatically lose when time's up. (requested by Hiagov)
|
|t:|1776291316
|teamsize|p1|6
|teamsize|p2|6
|start
|switch|p1a: Great Tusk|Great Tusk|100/100
|switch|p2a: Empoleon|Empoleon, F, shiny|100/100
|turn|1
|
|t:|1776291337
|switch|p2a: Slowbro|Slowbro, F|100/100
|move|p1a: Great Tusk|Earthquake|p2a: Slowbro
|-damage|p2a: Slowbro|76/100
|
|upkeep
|turn|2
|
|t:|1776291353
|move|p1a: Great Tusk|Stealth Rock|p2a: Slowbro
|-sidestart|p2: Gr33kYogurT|move: Stealth Rock
|move|p2a: Slowbro|Iron Defense|p2a: Slowbro
|-boost|p2a: Slowbro|def|2
|
|upkeep
|turn|3
|
|t:|1776291359
|move|p1a: Great Tusk|Knock Off|p2a: Slowbro
|-supereffective|p2a: Slowbro
|-damage|p2a: Slowbro|59/100
|-enditem|p2a: Slowbro|Aguav Berry|[from] move: Knock Off|[of] p1a: Great Tusk
|move|p2a: Slowbro|Scald|p1a: Great Tusk
|-supereffective|p1a: Great Tusk
|-damage|p1a: Great Tusk|24/100
|
|-heal|p1a: Great Tusk|31/100|[from] item: Leftovers
|upkeep
|turn|4
|
|t:|1776291370
|move|p1a: Great Tusk|Knock Off|p2a: Slowbro
|-supereffective|p2a: Slowbro
|-damage|p2a: Slowbro|47/100
|move|p2a: Slowbro|Scald|p1a: Great Tusk
|-supereffective|p1a: Great Tusk
|-damage|p1a: Great Tusk|0 fnt
|faint|p1a: Great Tusk
|-end|p1a: Great Tusk|Protosynthesis|[silent]
|
|upkeep
|
|t:|1776291380
|switch|p1a: Kingambit|Kingambit, M|100/100
|-activate|p1a: Kingambit|ability: Supreme Overlord
|-start|p1a: Kingambit|fallen1|[silent]
|turn|5
|
|t:|1776291386
|move|p1a: Kingambit|Swords Dance|p1a: Kingambit
|-boost|p1a: Kingambit|atk|2
|move|p2a: Slowbro|Slack Off|p2a: Slowbro
|-heal|p2a: Slowbro|97/100
|
|upkeep
|turn|6
|
|t:|1776291395
|move|p1a: Kingambit|Kowtow Cleave|p2a: Slowbro
|-supereffective|p2a: Slowbro
|-damage|p2a: Slowbro|23/100
|move|p2a: Slowbro|Scald|p1a: Kingambit
|-damage|p1a: Kingambit|75/100
|
|upkeep
|turn|7
|inactive|Gr33kYogurT has 120 seconds left.
|
|t:|1776291452
|switch|p2a: Umbreon|Umbreon, F|100/100
|-damage|p2a: Umbreon|88/100|[from] Stealth Rock
|move|p1a: Kingambit|Swords Dance|p1a: Kingambit
|-boost|p1a: Kingambit|atk|2
|
|-heal|p2a: Umbreon|94/100|[from] item: Leftovers
|upkeep
|turn|8
|inactive|Gr33kYogurT has 90 seconds left.
|
|t:|1776291469
|move|p2a: Umbreon|Reflect|p2a: Umbreon
|-sidestart|p2: Gr33kYogurT|Reflect
|move|p1a: Kingambit|Iron Head|p2a: Umbreon
|-damage|p2a: Umbreon|31/100
|
|-heal|p2a: Umbreon|37/100|[from] item: Leftovers
|upkeep
|turn|9
|inactive|Gr33kYogurT has 90 seconds left.
|
|t:|1776291488
|switch|p2a: Sandslash|Sandslash-Alola, F|100/100
|-damage|p2a: Sandslash|88/100|[from] Stealth Rock
|move|p1a: Kingambit|Iron Head|p2a: Sandslash
|-damage|p2a: Sandslash|38/100
|-damage|p1a: Kingambit|58/100|[from] item: Rocky Helmet|[of] p2a: Sandslash
|
|upkeep
|turn|10
|inactive|Gr33kYogurT has 90 seconds left.
|
|t:|1776291500
|move|p1a: Kingambit|Sucker Punch|p2a: Sandslash
|-damage|p2a: Sandslash|0 fnt
|-damage|p1a: Kingambit|41/100|[from] item: Rocky Helmet|[of] p2a: Sandslash
|faint|p2a: Sandslash
|
|upkeep
|
|t:|1776291511
|switch|p2a: Slowbro|Slowbro, F|56/100
|-damage|p2a: Slowbro|44/100|[from] Stealth Rock
|turn|11
|
|t:|1776291520
|switch|p2a: Umbreon|Umbreon, F|37/100
|-damage|p2a: Umbreon|25/100|[from] Stealth Rock
|move|p1a: Kingambit|Kowtow Cleave|p2a: Umbreon
|-resisted|p2a: Umbreon
|-damage|p2a: Umbreon|0 fnt
|faint|p2a: Umbreon
|
|upkeep
|
|t:|1776291529
|switch|p2a: Slowbro|Slowbro, F|77/100
|-damage|p2a: Slowbro|65/100|[from] Stealth Rock
|turn|12
|inactive|Gr33kYogurT has 90 seconds left.
|
|t:|1776291534
|move|p1a: Kingambit|Kowtow Cleave|p2a: Slowbro
|-supereffective|p2a: Slowbro
|-damage|p2a: Slowbro|0 fnt
|faint|p2a: Slowbro
|
|-sideend|p2: Gr33kYogurT|Reflect
|upkeep
|inactive|Gr33kYogurT has 90 seconds left.
|
|t:|1776291540
|switch|p2a: Noivern|Noivern, M|100/100
|-damage|p2a: Noivern|76/100|[from] Stealth Rock
|turn|13
|inactive|Gr33kYogurT has 90 seconds left.
|
|t:|1776291553
|-terastallize|p2a: Noivern|Dragon
|move|p2a: Noivern|Dragon Pulse|p1a: Kingambit
|-resisted|p1a: Kingambit
|-damage|p1a: Kingambit|5/100
|move|p1a: Kingambit|Kowtow Cleave|p2a: Noivern
|-damage|p2a: Noivern|0 fnt
|faint|p2a: Noivern
|
|upkeep
|inactive|Gr33kYogurT has 90 seconds left.
|-message|Gr33kYogurT forfeited.
|
|win|Hiagov
|raw|Hiagov's rating: 1077 &rarr; <strong>1100</strong><br />(+23 for winning)
|raw|Gr33kYogurT's rating: 1013 &rarr; <strong>1003</strong><br />(-10 for losing)
|l|☆Gr33kYogurT
|player|p2|
