|html|<div class="broadcast-blue"><strong>[Gen 9] OU is currently suspecting Tera Blast! For information on how to participate check out the <a href="https://www.smogon.com/tools/suspects/view/200">suspect thread</a>.</strong></div>
|j|☆acequickpoopybutt
|j|‽smartsy
|t:|1776110632
|gametype|singles
|player|p1|acequickpoopybutt|swimmerf|1358
|player|p2|smartsy|alder|1342
|gen|9
|tier|[Gen 9] OU
|rated|
|rule|HP Percentage Mod: HP is shown in percentages
|rule|Endless Battle Clause: Forcing endless battles is banned
|rule|Species Clause: Limit one of each Pokémon
|rule|OHKO Clause: OHKO moves are banned
|rule|Evasion Items Clause: Evasion items are banned
|rule|Evasion Moves Clause: Evasion moves are banned
|rule|Evasion Abilities Clause: Evasion abilities are banned
|rule|Sleep Moves Clause: Sleep-inducing moves are banned
|clearpoke
|poke|p1|Flamigo, M|
|poke|p1|Landorus-Therian, M|
|poke|p1|Blissey, F|
|poke|p1|Pecharunt|
|poke|p1|Samurott-Hisui, M|
|poke|p1|Latios, M|
|poke|p2|Great Tusk|
|poke|p2|Dragapult, M|
|poke|p2|Moltres|
|poke|p2|Darkrai|
|poke|p2|Clefable, M|
|poke|p2|Scizor, F|
|teampreview
|
|t:|1776110646
|teamsize|p1|6
|teamsize|p2|6
|start
|switch|p1a: brawlstar vapelord|Flamigo, M, shiny|100/100
|switch|p2a: Scizor|Scizor, F|100/100
|turn|1
|
|t:|1776110654
|move|p1a: brawlstar vapelord|Close Combat|p2a: Scizor
|-damage|p2a: Scizor|8/100
|-unboost|p1a: brawlstar vapelord|def|1
|-unboost|p1a: brawlstar vapelord|spd|1
|move|p2a: Scizor|Knock Off|p1a: brawlstar vapelord
|-resisted|p1a: brawlstar vapelord
|-damage|p1a: brawlstar vapelord|44/100
|-enditem|p1a: brawlstar vapelord|Choice Band|[from] move: Knock Off|[of] p2a: Scizor
|
|upkeep
|turn|2
|
|t:|1776110663
|switch|p2a: Moltres|Moltres|100/100
|move|p1a: brawlstar vapelord|U-turn|p2a: Moltres
|-resisted|p2a: Moltres
|-damage|p2a: Moltres|96/100
|-status|p1a: brawlstar vapelord|brn|[from] ability: Flame Body|[of] p2a: Moltres
|
|t:|1776110676
|switch|p1a: Landorus|Landorus-Therian, M, shiny|100/100|[from] U-turn
|-ability|p1a: Landorus|Intimidate|boost
|-unboost|p2a: Moltres|atk|1
|
|upkeep
|turn|3
|
|t:|1776110683
|move|p1a: Landorus|U-turn|p2a: Moltres
|-resisted|p2a: Moltres
|-damage|p2a: Moltres|90/100
|
|t:|1776110688
|switch|p1a: PophelFTW|Samurott-Hisui, M, shiny|100/100|[from] U-turn
|move|p2a: Moltres|Will-O-Wisp|p1a: PophelFTW
|-status|p1a: PophelFTW|brn
|
|-damage|p1a: PophelFTW|94/100 brn|[from] brn
|upkeep
|turn|4
|
|t:|1776110698
|switch|p2a: Clefable|Clefable, M|100/100
|move|p1a: PophelFTW|Flip Turn|p2a: Clefable
|-damage|p2a: Clefable|85/100
|
|t:|1776110707
|switch|p1a: piss thumb tack d|Pecharunt|100/100|[from] Flip Turn
|
|-heal|p2a: Clefable|91/100|[from] item: Leftovers
|upkeep
|turn|5
|
|t:|1776110712
|move|p1a: piss thumb tack d|Malignant Chain|p2a: Clefable
|-supereffective|p2a: Clefable
|-damage|p2a: Clefable|46/100
|-status|p2a: Clefable|tox
|-start|p2a: Clefable|confusion|[from] ability: Poison Puppeteer|[of] p1a: piss thumb tack d
|-activate|p2a: Clefable|confusion
|-damage|p2a: Clefable|41/100 tox|[from] confusion
|
|-heal|p2a: Clefable|47/100 tox|[from] item: Leftovers
|upkeep
|turn|6
|
|t:|1776110722
|switch|p2a: Scizor|Scizor, F|8/100
|move|p1a: piss thumb tack d|Parting Shot|p2a: Scizor
|-unboost|p2a: Scizor|atk|1
|-unboost|p2a: Scizor|spa|1
|
|t:|1776110728
|switch|p1a: Landorus|Landorus-Therian, M, shiny|100/100|[from] Parting Shot
|-ability|p1a: Landorus|Intimidate|boost
|-unboost|p2a: Scizor|atk|1
|
|upkeep
|turn|7
|
|t:|1776110737
|switch|p2a: Moltres|Moltres|90/100
|move|p1a: Landorus|Earthquake|p2a: Moltres
|-immune|p2a: Moltres
|
|upkeep
|turn|8
|
|t:|1776110751
|switch|p1a: piss thumb tack d|Pecharunt|100/100
|move|p2a: Moltres|Hurricane|p1a: piss thumb tack d
|-damage|p1a: piss thumb tack d|47/100
|-start|p1a: piss thumb tack d|confusion
|
|upkeep
|turn|9
|
|t:|1776110758
|-activate|p1a: piss thumb tack d|confusion
|move|p1a: piss thumb tack d|Malignant Chain|p2a: Moltres
|-damage|p2a: Moltres|58/100
|move|p2a: Moltres|Flamethrower|p1a: piss thumb tack d
|-damage|p1a: piss thumb tack d|0 fnt
|faint|p1a: piss thumb tack d
|
|upkeep
|
|t:|1776110764
|switch|p1a: Landorus|Landorus-Therian, M, shiny|100/100
|-ability|p1a: Landorus|Intimidate|boost
|-unboost|p2a: Moltres|atk|1
|turn|10
|
|t:|1776110766
|move|p1a: Landorus|Stone Edge|p2a: Moltres
|-supereffective|p2a: Moltres
|-damage|p2a: Moltres|0 fnt
|faint|p2a: Moltres
|
|upkeep
|
|t:|1776110771
|switch|p2a: Darkrai|Darkrai|100/100
|turn|11
|
|t:|1776110774
|switch|p1a: spit thumb tack d|Blissey, F, shiny|100/100
|move|p2a: Darkrai|Ice Beam|p1a: spit thumb tack d
|-damage|p1a: spit thumb tack d|90/100
|
|upkeep
|turn|12
|
|t:|1776110779
|switch|p2a: Great Tusk|Great Tusk|100/100
|-enditem|p2a: Great Tusk|Booster Energy
|-activate|p2a: Great Tusk|ability: Protosynthesis|[fromitem]
|-start|p2a: Great Tusk|protosynthesisatk
|move|p1a: spit thumb tack d|Stealth Rock|p2a: Great Tusk
|-sidestart|p2: smartsy|move: Stealth Rock
|
|upkeep
|turn|13
|
|t:|1776110789
|switch|p1a: you tell eddy mon|Latios, M, shiny|100/100
|move|p2a: Great Tusk|Rapid Spin|p1a: you tell eddy mon
|-damage|p1a: you tell eddy mon|67/100
|-boost|p2a: Great Tusk|spe|1
|-sideend|p2: smartsy|Stealth Rock|[from] move: Rapid Spin|[of] p2a: Great Tusk
|
|upkeep
|turn|14
|
|t:|1776110796
|-terastallize|p1a: you tell eddy mon|Steel
|move|p2a: Great Tusk|Ice Spinner|p1a: you tell eddy mon
|-resisted|p1a: you tell eddy mon
|-damage|p1a: you tell eddy mon|41/100
|move|p1a: you tell eddy mon|Psychic Noise|p2a: Great Tusk
|-supereffective|p2a: Great Tusk
|-damage|p2a: Great Tusk|0 fnt
|faint|p2a: Great Tusk
|-end|p2a: Great Tusk|Protosynthesis|[silent]
|
|upkeep
|
|t:|1776110810
|switch|p2a: Darkrai|Darkrai|100/100
|turn|15
|
|t:|1776110814
|switch|p1a: spit thumb tack d|Blissey, F, shiny|90/100
|move|p2a: Darkrai|Dark Pulse|p1a: spit thumb tack d
|-damage|p1a: spit thumb tack d|78/100
|
|upkeep
|turn|16
|
|t:|1776110821
|switch|p2a: Scizor|Scizor, F|8/100
|move|p1a: spit thumb tack d|Stealth Rock|p2a: Scizor
|-sidestart|p2: smartsy|move: Stealth Rock
|
|upkeep
|turn|17
|
|t:|1776110831
|switch|p1a: brawlstar vapelord|Flamigo, M, shiny|44/100 brn
|move|p2a: Scizor|Knock Off|p1a: brawlstar vapelord
|-resisted|p1a: brawlstar vapelord
|-damage|p1a: brawlstar vapelord|20/100 brn
|
|-damage|p1a: brawlstar vapelord|13/100 brn|[from] brn
|upkeep
|turn|18
|
|t:|1776110840
|move|p1a: brawlstar vapelord|Brave Bird|p2a: Scizor
|-damage|p2a: Scizor|0 fnt
|faint|p2a: Scizor
|-damage|p1a: brawlstar vapelord|10/100 brn|[from] Recoil
|
|-damage|p1a: brawlstar vapelord|4/100 brn|[from] brn
|upkeep
|
|t:|1776110844
|switch|p2a: Dragapult|Dragapult, M|100/100
|turn|19
|
|t:|1776110849
|move|p2a: Dragapult|Shadow Ball|p1a: brawlstar vapelord
|-damage|p1a: brawlstar vapelord|0 fnt
|faint|p1a: brawlstar vapelord
|
|upkeep
|
|t:|1776110852
|switch|p1a: PophelFTW|Samurott-Hisui, M, shiny|94/100 brn
|turn|20
|inactive|Battle timer is ON: inactive players will automatically lose when time's up. (requested by smartsy)
|
|t:|1776110897
|-terastallize|p2a: Dragapult|Dragon
|move|p1a: PophelFTW|Sucker Punch|p2a: Dragapult
|-damage|p2a: Dragapult|77/100
|move|p2a: Dragapult|Draco Meteor|p1a: PophelFTW
|-damage|p1a: PophelFTW|0 fnt
|-unboost|p2a: Dragapult|spa|2
|faint|p1a: PophelFTW
|
|upkeep
|
|t:|1776110912
|switch|p1a: Landorus|Landorus-Therian, M, shiny|100/100
|-ability|p1a: Landorus|Intimidate|boost
|-unboost|p2a: Dragapult|atk|1
|turn|21
|
|t:|1776110919
|move|p1a: Landorus|Earthquake|p2a: Dragapult
|-damage|p2a: Dragapult|0 fnt
|faint|p2a: Dragapult
|
|upkeep
|
|t:|1776110923
|switch|p2a: Darkrai|Darkrai|100/100
|turn|22
|
|t:|1776110928
|switch|p1a: spit thumb tack d|Blissey, F, shiny|78/100
|move|p2a: Darkrai|Ice Beam|p1a: spit thumb tack d
|-damage|p1a: spit thumb tack d|68/100
|
|upkeep
|turn|23
|
|t:|1776110938
|move|p2a: Darkrai|Nasty Plot|p2a: Darkrai
|-boost|p2a: Darkrai|spa|2
|move|p1a: spit thumb tack d|Thunder Wave|p2a: Darkrai
|-status|p2a: Darkrai|par
|
|upkeep
|turn|24
|
|t:|1776110944
|move|p2a: Darkrai|Nasty Plot|p2a: Darkrai
|-boost|p2a: Darkrai|spa|2
|move|p1a: spit thumb tack d|Seismic Toss|p2a: Darkrai
|-damage|p2a: Darkrai|65/100 par
|
|upkeep
|turn|25
|
|t:|1776110950
|move|p2a: Darkrai|Dark Pulse|p1a: spit thumb tack d
|-damage|p1a: spit thumb tack d|25/100
|move|p1a: spit thumb tack d|Seismic Toss|p2a: Darkrai
|-damage|p2a: Darkrai|30/100 par
|
|upkeep
|turn|26
|
|t:|1776110957
|cant|p2a: Darkrai|par
|move|p1a: spit thumb tack d|Seismic Toss|p2a: Darkrai
|-damage|p2a: Darkrai|0 fnt
|faint|p2a: Darkrai
|
|upkeep
|-message|smartsy forfeited.
|
|win|acequickpoopybutt
|raw|acequickpoopybutt's rating: 1358 &rarr; <strong>1377</strong><br />(+19 for winning)
|raw|smartsy's rating: 1342 &rarr; <strong>1323</strong><br />(-19 for losing)
|l|‽smartsy
|player|p2|
|l|☆acequickpoopybutt
|player|p1|
