|html|<div class="broadcast-blue"><strong>[Gen 9] OU is currently suspecting Volcarona! For information on how to participate check out the <a href="https://www.smogon.com/tools/suspects/view/208">suspect thread</a>.</strong></div>
|j|☆phap'a
|j|☆PlatinumZwei
|t:|1778499574
|gametype|singles
|player|p1|phap'a|dawn|1145
|player|p2|PlatinumZwei|1|1138
|gen|9
|tier|[Gen 9] OU
|rated|
|rule|HP Percentage Mod: HP is shown in percentages
|rule|Endless Battle Clause: Forcing endless battles is banned
|rule|Species Clause: Limit one of each Pokémon
|rule|OHKO Clause: OHKO moves are banned
|rule|Evasion Items Clause: Evasion items are banned
|rule|Evasion Moves Clause: Evasion moves are banned
|rule|Evasion Abilities Clause: Evasion abilities are banned
|rule|Sleep Moves Clause: Sleep-inducing moves are banned
|clearpoke
|poke|p1|Lycanroc, M|
|poke|p1|Zoroark-Hisui, F|
|poke|p1|Hatterene, F|
|poke|p1|Landorus-Therian, M|
|poke|p1|Tyranitar, F|
|poke|p1|Clefable, F|
|poke|p2|Dragonite, M|
|poke|p2|Great Tusk|
|poke|p2|Deoxys-Speed|
|poke|p2|Gholdengo|
|poke|p2|Zamazenta-*|
|poke|p2|Iron Valiant|
|teampreview
|inactive|Battle timer is ON: inactive players will automatically lose when time's up. (requested by PlatinumZwei)
|c|☆phap'a|good luck
|c|☆phap'a|this team is a mess, but i wanted to give it another spin
|inactive|phap'a has 120 seconds left.
|
|t:|1778499608
|teamsize|p1|6
|teamsize|p2|6
|start
|switch|p1a: Tyranitar|Tyranitar, F, shiny|100/100
|switch|p2a: Deoxys|Deoxys-Speed|100/100
|-ability|p2a: Deoxys|Pressure
|turn|1
|
|t:|1778499621
|move|p2a: Deoxys|Taunt|p1a: Tyranitar
|-start|p1a: Tyranitar|move: Taunt
|move|p1a: Tyranitar|Shadow Ball|p2a: Deoxys
|-supereffective|p2a: Deoxys
|-damage|p2a: Deoxys|1/100
|
|upkeep
|turn|2
|
|t:|1778499635
|switch|p2a: Zamazenta|Zamazenta|100/100
|-ability|p2a: Zamazenta|Dauntless Shield|boost
|-boost|p2a: Zamazenta|def|1
|move|p1a: Tyranitar|Shadow Ball|p2a: Zamazenta
|-crit|p2a: Zamazenta
|-damage|p2a: Zamazenta|46/100
|
|upkeep
|turn|3
|
|t:|1778499646
|move|p2a: Zamazenta|Close Combat|p1a: Tyranitar
|-immune|p1a: Tyranitar
|move|p1a: Tyranitar|Shadow Ball|p2a: Zamazenta
|-damage|p2a: Zamazenta|5/100
|
|-end|p1a: Tyranitar|move: Taunt
|upkeep
|turn|4
|
|t:|1778499655
|move|p1a: Tyranitar|Protect|p1a: Tyranitar
|-singleturn|p1a: Tyranitar|Protect
|move|p2a: Zamazenta|Crunch|p1a: Tyranitar
|-activate|p1a: Tyranitar|move: Protect
|
|upkeep
|turn|5
|
|t:|1778499667
|switch|p1a: Clefable|Clefable, F|100/100
|move|p2a: Zamazenta|Heavy Slam|p1a: Clefable
|-supereffective|p1a: Clefable
|-damage|p1a: Clefable|0 fnt
|faint|p1a: Clefable
|-damage|p2a: Zamazenta|0 fnt|[from] item: Life Orb
|faint|p2a: Zamazenta
|
|upkeep
|
|t:|1778499692
|switch|p2a: Deoxys|Deoxys-Speed|1/100
|switch|p1a: Tyranitar|Tyranitar, F, shiny|100/100
|-ability|p2a: Deoxys|Pressure
|-weather|Sandstorm|[from] ability: Sand Stream|[of] p1a: Tyranitar
|turn|6
|
|t:|1778499701
|move|p1a: Tyranitar|Protect|p1a: Tyranitar
|-singleturn|p1a: Tyranitar|Protect
|move|p2a: Deoxys|Stealth Rock|p1a: Tyranitar
|-sidestart|p1: phap'a|move: Stealth Rock
|
|-weather|Sandstorm|[upkeep]
|-damage|p2a: Deoxys|0 fnt|[from] Sandstorm
|faint|p2a: Deoxys
|upkeep
|inactive|PlatinumZwei has 120 seconds left.
|
|t:|1778499740
|switch|p2a: Dragonite|Dragonite, M|100/100
|turn|7
|
|t:|1778499750
|switch|p1a: Hatterene|Hatterene, F|100/100
|-damage|p1a: Hatterene|88/100|[from] Stealth Rock
|move|p2a: Dragonite|Dragon Dance|p2a: Dragonite
|-boost|p2a: Dragonite|atk|1
|-boost|p2a: Dragonite|spe|1
|
|-weather|Sandstorm|[upkeep]
|-damage|p2a: Dragonite|94/100|[from] Sandstorm
|-damage|p1a: Hatterene|82/100|[from] Sandstorm
|-status|p1a: Hatterene|brn|[from] item: Flame Orb
|upkeep
|turn|8
|
|t:|1778499762
|-terastallize|p2a: Dragonite|Fire
|move|p2a: Dragonite|Extreme Speed|p1a: Hatterene
|-damage|p1a: Hatterene|10/100 brn
|-damage|p2a: Dragonite|84/100|[from] item: Life Orb
|move|p1a: Hatterene|Draining Kiss|p2a: Dragonite
|-resisted|p2a: Dragonite
|-damage|p2a: Dragonite|68/100
|-heal|p1a: Hatterene|23/100 brn|[from] drain|[of] p2a: Dragonite
|
|-weather|Sandstorm|[upkeep]
|-damage|p2a: Dragonite|61/100|[from] Sandstorm
|-damage|p1a: Hatterene|17/100 brn|[from] Sandstorm
|-damage|p1a: Hatterene|11/100 brn|[from] brn
|upkeep
|turn|9
|
|t:|1778499776
|move|p2a: Dragonite|Fire Punch|p1a: Hatterene
|-damage|p1a: Hatterene|0 fnt
|faint|p1a: Hatterene
|-damage|p2a: Dragonite|52/100|[from] item: Life Orb
|
|-weather|Sandstorm|[upkeep]
|-damage|p2a: Dragonite|45/100|[from] Sandstorm
|upkeep
|
|t:|1778499782
|switch|p1a: Lycanroc|Lycanroc, M|100/100
|-damage|p1a: Lycanroc|88/100|[from] Stealth Rock
|turn|10
|inactive|PlatinumZwei has 120 seconds left.
|
|t:|1778499790
|switch|p2a: Great Tusk|Great Tusk|100/100
|-enditem|p2a: Great Tusk|Booster Energy
|-activate|p2a: Great Tusk|ability: Protosynthesis|[fromitem]
|-start|p2a: Great Tusk|protosynthesisspe
|move|p1a: Lycanroc|Rock Blast|p2a: Great Tusk
|-resisted|p2a: Great Tusk
|-damage|p2a: Great Tusk|99/100
|-resisted|p2a: Great Tusk
|-damage|p2a: Great Tusk|97/100
|-hitcount|p2a: Great Tusk|2
|
|-weather|Sandstorm|[upkeep]
|upkeep
|turn|11
|
|t:|1778499805
|move|p1a: Lycanroc|Play Rough|p2a: Great Tusk
|-supereffective|p2a: Great Tusk
|-damage|p2a: Great Tusk|55/100
|-unboost|p2a: Great Tusk|atk|1
|move|p2a: Great Tusk|Bulk Up|p2a: Great Tusk
|-boost|p2a: Great Tusk|atk|1
|-boost|p2a: Great Tusk|def|1
|
|-weather|Sandstorm|[upkeep]
|upkeep
|turn|12
|
|t:|1778499815
|move|p1a: Lycanroc|Play Rough|p2a: Great Tusk
|-supereffective|p2a: Great Tusk
|-damage|p2a: Great Tusk|25/100
|move|p2a: Great Tusk|Headlong Rush|p1a: Lycanroc
|-supereffective|p1a: Lycanroc
|-damage|p1a: Lycanroc|0 fnt
|-unboost|p2a: Great Tusk|def|1
|-unboost|p2a: Great Tusk|spd|1
|faint|p1a: Lycanroc
|
|-weather|Sandstorm|[upkeep]
|upkeep
|
|t:|1778499825
|switch|p1a: Landorus|Landorus-Therian, M|100/100
|-damage|p1a: Landorus|88/100|[from] Stealth Rock
|-ability|p1a: Landorus|Intimidate|boost
|-unboost|p2a: Great Tusk|atk|1
|turn|13
|
|t:|1778499830
|move|p2a: Great Tusk|Ice Spinner|p1a: Landorus
|-supereffective|p1a: Landorus
|-damage|p1a: Landorus|18/100
|move|p1a: Landorus|Earthquake|p2a: Great Tusk
|-damage|p2a: Great Tusk|0 fnt
|faint|p2a: Great Tusk
|-end|p2a: Great Tusk|Protosynthesis|[silent]
|
|-weather|none
|upkeep
|
|t:|1778499838
|switch|p2a: Dragonite|Dragonite, M, tera:Fire|45/100
|turn|14
|
|t:|1778499841
|move|p2a: Dragonite|Extreme Speed|p1a: Landorus
|-damage|p1a: Landorus|0 fnt
|faint|p1a: Landorus
|-damage|p2a: Dragonite|35/100|[from] item: Life Orb
|
|upkeep
|
|t:|1778499845
|switch|p1a: Tyranitar|Tyranitar, F, shiny|100/100
|-damage|p1a: Tyranitar|88/100|[from] Stealth Rock
|-weather|Sandstorm|[from] ability: Sand Stream|[of] p1a: Tyranitar
|turn|15
|
|t:|1778499853
|move|p2a: Dragonite|Dragon Dance|p2a: Dragonite
|-boost|p2a: Dragonite|atk|1
|-boost|p2a: Dragonite|spe|1
|move|p1a: Tyranitar|Iron Defense|p1a: Tyranitar
|-boost|p1a: Tyranitar|def|2
|
|-weather|Sandstorm|[upkeep]
|-damage|p2a: Dragonite|29/100|[from] Sandstorm
|upkeep
|turn|16
|
|t:|1778499866
|-terastallize|p1a: Tyranitar|Ghost
|move|p2a: Dragonite|Dragon Dance|p2a: Dragonite
|-boost|p2a: Dragonite|atk|1
|-boost|p2a: Dragonite|spe|1
|move|p1a: Tyranitar|Iron Defense|p1a: Tyranitar
|-boost|p1a: Tyranitar|def|2
|
|-weather|Sandstorm|[upkeep]
|-damage|p2a: Dragonite|23/100|[from] Sandstorm
|-damage|p1a: Tyranitar|82/100|[from] Sandstorm
|upkeep
|turn|17
|
|t:|1778499876
|move|p2a: Dragonite|Outrage|p1a: Tyranitar
|-damage|p1a: Tyranitar|37/100
|-damage|p2a: Dragonite|13/100|[from] item: Life Orb
|move|p1a: Tyranitar|Knock Off|p2a: Dragonite
|-damage|p2a: Dragonite|0 fnt
|-enditem|p2a: Dragonite|Life Orb|[from] move: Knock Off|[of] p1a: Tyranitar
|faint|p2a: Dragonite
|
|-weather|Sandstorm|[upkeep]
|-damage|p1a: Tyranitar|31/100|[from] Sandstorm
|upkeep
|
|t:|1778499894
|switch|p2a: Iron Valiant|Iron Valiant|100/100
|-enditem|p2a: Iron Valiant|Booster Energy
|-activate|p2a: Iron Valiant|ability: Quark Drive|[fromitem]
|-start|p2a: Iron Valiant|quarkdrivespe
|turn|18
|
|t:|1778499900
|move|p2a: Iron Valiant|Knock Off|p1a: Tyranitar
|-supereffective|p1a: Tyranitar
|-damage|p1a: Tyranitar|17/100
|-enditem|p1a: Tyranitar|Smooth Rock|[from] move: Knock Off|[of] p2a: Iron Valiant
|move|p1a: Tyranitar|Earthquake|p2a: Iron Valiant
|-damage|p2a: Iron Valiant|62/100
|
|-weather|Sandstorm|[upkeep]
|-damage|p2a: Iron Valiant|56/100|[from] Sandstorm
|-damage|p1a: Tyranitar|10/100|[from] Sandstorm
|upkeep
|turn|19
|
|t:|1778499910
|move|p2a: Iron Valiant|Moonblast|p1a: Tyranitar
|-damage|p1a: Tyranitar|0 fnt
|faint|p1a: Tyranitar
|
|-weather|Sandstorm|[upkeep]
|-damage|p2a: Iron Valiant|50/100|[from] Sandstorm
|upkeep
|
|t:|1778499913
|switch|p1a: Zoroark|Zoroark-Hisui, F, shiny|100/100
|-damage|p1a: Zoroark|88/100|[from] Stealth Rock
|turn|20
|l|☆PlatinumZwei
|inactive|PlatinumZwei disconnected and has a minute to reconnect!
|player|p2|
|inactive|PlatinumZwei has 30 seconds to reconnect!
|inactive|PlatinumZwei has 20 seconds to reconnect!
|inactive|PlatinumZwei has 15 seconds to reconnect!
|inactive|PlatinumZwei has 10 seconds to reconnect!
|inactive|PlatinumZwei has 5 seconds to reconnect!
|-message|PlatinumZwei lost due to inactivity.
|
|win|phap'a
|raw|phap&apos;a's rating: 1145 &rarr; <strong>1169</strong><br />(+24 for winning)
|raw|PlatinumZwei's rating: 1138 &rarr; <strong>1114</strong><br />(-24 for losing)
|c|☆phap'a|ok
