|html|<div class="broadcast-blue"><strong>[Gen 9] OU is currently suspecting Tera Blast! For information on how to participate check out the <a href="https://www.smogon.com/tools/suspects/view/200">suspect thread</a>.</strong></div>
|j|☆moogathekid
|j|☆fat chud seal
|t:|1776088569
|gametype|singles
|player|p1|moogathekid|steven|1150
|player|p2|fat chud seal|266|1163
|gen|9
|tier|[Gen 9] OU
|rated|
|rule|HP Percentage Mod: HP is shown in percentages
|rule|Endless Battle Clause: Forcing endless battles is banned
|rule|Species Clause: Limit one of each Pokémon
|rule|OHKO Clause: OHKO moves are banned
|rule|Evasion Items Clause: Evasion items are banned
|rule|Evasion Moves Clause: Evasion moves are banned
|rule|Evasion Abilities Clause: Evasion abilities are banned
|rule|Sleep Moves Clause: Sleep-inducing moves are banned
|clearpoke
|poke|p1|Gardevoir, F|
|poke|p1|Whimsicott, M|
|poke|p1|Milotic, F|
|poke|p1|Mew|
|poke|p1|Incineroar, M|
|poke|p1|Zoroark-Hisui, F|
|poke|p2|Reuniclus, M|
|poke|p2|Corviknight, M|
|poke|p2|Ceruledge, F|
|poke|p2|Zarude|
|poke|p2|Iron Valiant|
|poke|p2|Barraskewda, M|
|teampreview
|
|t:|1776088597
|teamsize|p1|6
|teamsize|p2|6
|start
|switch|p1a: Mew|Mew|100/100
|switch|p2a: Doohickey|Barraskewda, M|100/100
|turn|1
|
|t:|1776088604
|switch|p1a: Incineroar|Incineroar, M|100/100
|-ability|p1a: Incineroar|Intimidate|boost
|-unboost|p2a: Doohickey|atk|1
|move|p2a: Doohickey|Flip Turn|p1a: Incineroar
|-supereffective|p1a: Incineroar
|-damage|p1a: Incineroar|38/100
|-enditem|p1a: Incineroar|Sitrus Berry|[eat]
|-heal|p1a: Incineroar|62/100|[from] item: Sitrus Berry
|c|☆fat chud seal|what
|
|t:|1776088620
|switch|p2a: Gizmo|Iron Valiant|100/100|[from] Flip Turn
|-enditem|p2a: Gizmo|Booster Energy
|-activate|p2a: Gizmo|ability: Quark Drive|[fromitem]
|-start|p2a: Gizmo|quarkdrivespe
|
|upkeep
|turn|2
|
|t:|1776088629
|move|p1a: Incineroar|Fake Out|p2a: Gizmo
|-damage|p2a: Gizmo|83/100
|cant|p2a: Gizmo|flinch
|
|upkeep
|turn|3
|
|t:|1776088634
|move|p2a: Gizmo|Aura Sphere|p1a: Incineroar
|-supereffective|p1a: Incineroar
|-damage|p1a: Incineroar|0 fnt
|faint|p1a: Incineroar
|
|upkeep
|
|t:|1776088638
|switch|p1a: Whimsicott|Whimsicott, M|100/100
|turn|4
|
|t:|1776088645
|move|p1a: Whimsicott|Stun Spore|p2a: Gizmo
|-status|p2a: Gizmo|par
|cant|p2a: Gizmo|par
|
|upkeep
|turn|5
|
|t:|1776088654
|move|p1a: Whimsicott|Encore|p2a: Gizmo
|-start|p2a: Gizmo|Encore
|cant|p2a: Gizmo|par
|
|upkeep
|turn|6
|
|t:|1776088659
|move|p2a: Gizmo|Aura Sphere|p1a: Whimsicott
|-resisted|p1a: Whimsicott
|-damage|p1a: Whimsicott|71/100
|move|p1a: Whimsicott|Moonblast|p2a: Gizmo
|-supereffective|p2a: Gizmo
|-crit|p2a: Gizmo
|-damage|p2a: Gizmo|0 fnt
|faint|p2a: Gizmo
|-end|p2a: Gizmo|Quark Drive|[silent]
|
|-heal|p1a: Whimsicott|77/100|[from] item: Leftovers
|upkeep
|c|☆fat chud seal|ofc i get double stunned
|
|t:|1776088673
|switch|p2a: Doohickey|Barraskewda, M|100/100
|turn|7
|
|t:|1776088678
|move|p1a: Whimsicott|Stun Spore|p2a: Doohickey
|-status|p2a: Doohickey|par
|cant|p2a: Doohickey|par
|
|-heal|p1a: Whimsicott|83/100|[from] item: Leftovers
|upkeep
|turn|8
|
|t:|1776088684
|move|p1a: Whimsicott|Moonblast|p2a: Doohickey
|-damage|p2a: Doohickey|15/100 par
|cant|p2a: Doohickey|par
|
|-heal|p1a: Whimsicott|89/100|[from] item: Leftovers
|upkeep
|turn|9
|c|☆fat chud seal|so fucking bullshit
|
|t:|1776088697
|move|p1a: Whimsicott|Moonblast|p2a: Doohickey
|-damage|p2a: Doohickey|0 fnt
|faint|p2a: Doohickey
|
|-heal|p1a: Whimsicott|96/100|[from] item: Leftovers
|upkeep
|c|☆moogathekid|Even I feel bad
|
|t:|1776088709
|switch|p2a: thingamejig|Ceruledge, F|100/100
|turn|10
|
|t:|1776088716
|move|p1a: Whimsicott|Stun Spore|p2a: thingamejig|[miss]
|-miss|p1a: Whimsicott|p2a: thingamejig
|move|p2a: thingamejig|Bitter Blade|p1a: Whimsicott
|-supereffective|p1a: Whimsicott
|-damage|p1a: Whimsicott|0 fnt
|faint|p1a: Whimsicott
|
|upkeep
|c|☆moogathekid|I no long feel bad
|
|t:|1776088731
|switch|p1a: Mew|Mew|100/100
|turn|11
|c|☆fat chud seal|no you should still
|c|☆fat chud seal|anyways is this like
|c|☆fat chud seal|vgc team in singles
|
|t:|1776088741
|move|p1a: Mew|Nasty Plot|p1a: Mew
|-boost|p1a: Mew|spa|2
|move|p2a: thingamejig|Shadow Claw|p1a: Mew
|-immune|p1a: Mew
|
|upkeep
|turn|12
|c|☆moogathekid|Fake mew moment
|
|t:|1776088759
|-terastallize|p2a: thingamejig|Fairy
|move|p1a: Mew|Hex|p2a: thingamejig
|-damage|p2a: thingamejig|58/100
|move|p2a: thingamejig|Tera Blast|p1a: Mew|[anim] Tera Blast Fairy
|-damage|p1a: Mew|13/100
|replace|p1a: Zoroark|Zoroark-Hisui, F
|-end|p1a: Zoroark|Illusion
|
|upkeep
|turn|13
|
|t:|1776088769
|move|p1a: Zoroark|Hyper Voice|p2a: thingamejig
|-damage|p2a: thingamejig|0 fnt
|faint|p2a: thingamejig
|
|upkeep
|
|t:|1776088778
|switch|p2a: Doodad|Corviknight, M|100/100
|turn|14
|c|☆moogathekid|Honestly I just use bunch of pokemon I like
|c|☆fat chud seal|i respect that
|c|☆fat chud seal|thats why i got reuniclus in my team
|
|t:|1776088798
|-terastallize|p1a: Zoroark|Fighting
|move|p1a: Zoroark|Tera Blast|p2a: Doodad|[anim] Tera Blast Fighting
|-damage|p2a: Doodad|16/100
|move|p2a: Doodad|Brave Bird|p1a: Zoroark
|-supereffective|p1a: Zoroark
|-damage|p1a: Zoroark|0 fnt
|faint|p1a: Zoroark
|-damage|p2a: Doodad|13/100|[from] Recoil
|
|-heal|p2a: Doodad|19/100|[from] item: Leftovers
|upkeep
|c|☆fat chud seal|although i care more about how fun it is to use then anything else
|
|t:|1776088811
|switch|p1a: Mew|Mew|100/100
|turn|15
|
|t:|1776088815
|move|p1a: Mew|Imprison|p1a: Mew
|-start|p1a: Mew|move: Imprison
|move|p2a: Doodad|U-turn|p1a: Mew
|-supereffective|p1a: Mew
|-damage|p1a: Mew|69/100
|c|☆fat chud seal|ironically reuniclus
|c|☆fat chud seal|ends up being the match MVP alot of the time
|
|t:|1776088826
|switch|p2a: whatchamacallit|Zarude|100/100|[from] U-turn
|
|-heal|p1a: Mew|76/100|[from] item: Leftovers
|upkeep
|turn|16
|
|t:|1776088833
|move|p1a: Mew|Protect|p1a: Mew
|-singleturn|p1a: Mew|Protect
|move|p2a: whatchamacallit|Knock Off|p1a: Mew
|-activate|p1a: Mew|move: Protect
|
|-heal|p1a: Mew|82/100|[from] item: Leftovers
|upkeep
|turn|17
|
|t:|1776088839
|move|p1a: Mew|Transform|p2a: whatchamacallit
|-transform|p1a: Mew|p2a: whatchamacallit
|cant|p2a: whatchamacallit|move: Imprison|Knock Off
|
|-heal|p1a: Mew|88/100|[from] item: Leftovers
|upkeep
|turn|18
|c|☆moogathekid|Nah Id transform
|
|t:|1776088856
|switch|p2a: Doodad|Corviknight, M|19/100
|move|p1a: Mew|Knock Off|p2a: Doodad
|-damage|p2a: Doodad|0 fnt
|-enditem|p2a: Doodad|Leftovers|[from] move: Knock Off|[of] p1a: Mew
|faint|p2a: Doodad
|
|-heal|p1a: Mew|94/100|[from] item: Leftovers
|upkeep
|
|t:|1776088865
|switch|p2a: Thingamebob|Reuniclus, M|100/100
|turn|19
|
|t:|1776088871
|move|p1a: Mew|Knock Off|p2a: Thingamebob
|-supereffective|p2a: Thingamebob
|-damage|p2a: Thingamebob|0 fnt
|-enditem|p2a: Thingamebob|Sticky Barb|[from] move: Knock Off|[of] p1a: Mew
|faint|p2a: Thingamebob
|
|-heal|p1a: Mew|99/100|[from] item: Leftovers
|upkeep
|
|t:|1776088877
|switch|p2a: whatchamacallit|Zarude|100/100
|turn|20
|
|t:|1776088881
|move|p1a: Mew|Knock Off|p2a: whatchamacallit
|-resisted|p2a: whatchamacallit
|-damage|p2a: whatchamacallit|79/100
|-damage|p1a: Mew|84/100|[from] item: Rocky Helmet|[of] p2a: whatchamacallit
|-enditem|p2a: whatchamacallit|Rocky Helmet|[from] move: Knock Off|[of] p1a: Mew
|-activate|p2a: whatchamacallit|move: Struggle
|move|p2a: whatchamacallit|Struggle|p1a: Mew
|-damage|p1a: Mew|67/100
|-damage|p2a: whatchamacallit|54/100|[from] recoil
|
|-heal|p1a: Mew|73/100|[from] item: Leftovers
|upkeep
|turn|21
|c|☆fat chud seal|ggs
|-message|fat chud seal forfeited.
|
|win|moogathekid
