|html|<div class="broadcast-blue"><strong>[Gen 9] OU is currently suspecting Tera Blast! For information on how to participate check out the <a href="https://www.smogon.com/tools/suspects/view/200">suspect thread</a>.</strong></div>
|j|☆skenzo
|j|‽OcDaki
|t:|1776204790
|gametype|singles
|player|p1|skenzo|2|1412
|player|p2|OcDaki|170|1363
|gen|9
|tier|[Gen 9] OU
|rated|
|rule|HP Percentage Mod: HP is shown in percentages
|rule|Endless Battle Clause: Forcing endless battles is banned
|rule|Species Clause: Limit one of each Pokémon
|rule|OHKO Clause: OHKO moves are banned
|rule|Evasion Items Clause: Evasion items are banned
|rule|Evasion Moves Clause: Evasion moves are banned
|rule|Evasion Abilities Clause: Evasion abilities are banned
|rule|Sleep Moves Clause: Sleep-inducing moves are banned
|clearpoke
|poke|p1|Pelipper, F|
|poke|p1|Raging Bolt|
|poke|p1|Overqwil, M|
|poke|p1|Barraskewda, M|
|poke|p1|Iron Treads|
|poke|p1|Kingambit, F|
|poke|p2|Dodrio, M|
|poke|p2|Zangoose, M|
|poke|p2|Whimsicott, F|
|poke|p2|Hypno, M|
|poke|p2|Medicham, M|
|poke|p2|Magcargo, M|
|teampreview
|c|☆skenzo|v interesting team
|inactive|Battle timer is ON: inactive players will automatically lose when time's up. (requested by skenzo)
|inactiveoff|Battle timer is now OFF.
|
|t:|1776204835
|teamsize|p1|6
|teamsize|p2|6
|start
|switch|p1a: Pelipper|Pelipper, F|100/100
|switch|p2a: Hypno|Hypno, M|100/100
|-activate|p2a: Hypno|ability: Forewarn|Hurricane|[of] p1a: Pelipper
|-weather|RainDance|[from] ability: Drizzle|[of] p1a: Pelipper
|turn|1
|
|t:|1776204839
|move|p2a: Hypno|Psychic Noise|p1a: Pelipper
|-damage|p1a: Pelipper|71/100
|-start|p1a: Pelipper|move: Heal Block
|move|p1a: Pelipper|U-turn|p2a: Hypno
|-supereffective|p2a: Hypno
|-damage|p2a: Hypno|77/100
|
|t:|1776204844
|switch|p1a: Barraskewda|Barraskewda, M|100/100|[from] U-turn
|
|-weather|RainDance|[upkeep]
|-heal|p2a: Hypno|83/100|[from] item: Leftovers
|upkeep
|turn|2
|
|t:|1776204847
|-terastallize|p1a: Barraskewda|Water
|move|p2a: Hypno|Protect|p2a: Hypno
|-singleturn|p2a: Hypno|Protect
|move|p1a: Barraskewda|Flip Turn|p2a: Hypno
|-activate|p2a: Hypno|move: Protect
|
|-weather|RainDance|[upkeep]
|-heal|p2a: Hypno|89/100|[from] item: Leftovers
|upkeep
|turn|3
|
|t:|1776204855
|move|p1a: Barraskewda|Flip Turn|p2a: Hypno
|-damage|p2a: Hypno|0 fnt
|faint|p2a: Hypno
|
|t:|1776204860
|switch|p1a: Iron Treads|Iron Treads|100/100|[from] Flip Turn
|-enditem|p1a: Iron Treads|Booster Energy
|-activate|p1a: Iron Treads|ability: Quark Drive|[fromitem]
|-start|p1a: Iron Treads|quarkdrivespe
|
|-weather|RainDance|[upkeep]
|upkeep
|c|☆skenzo|no ou mons in ou team?
|inactive|Battle timer is ON: inactive players will automatically lose when time's up. (requested by skenzo)
|
|t:|1776204887
|switch|p2a: Magcargo|Magcargo, M, shiny|100/100
|turn|4
|
|t:|1776204895
|-terastallize|p2a: Magcargo|Water
|move|p1a: Iron Treads|Earth Power|p2a: Magcargo
|-damage|p2a: Magcargo|60/100
|move|p2a: Magcargo|Will-O-Wisp|p1a: Iron Treads
|-status|p1a: Iron Treads|brn
|
|-weather|RainDance|[upkeep]
|-damage|p1a: Iron Treads|94/100 brn|[from] brn
|upkeep
|turn|5
|
|t:|1776204903
|move|p1a: Iron Treads|Stealth Rock|p2a: Magcargo
|-sidestart|p2: OcDaki|move: Stealth Rock
|move|p2a: Magcargo|Recover|p2a: Magcargo
|-heal|p2a: Magcargo|100/100
|
|-weather|RainDance|[upkeep]
|-damage|p1a: Iron Treads|88/100 brn|[from] brn
|upkeep
|turn|6
|
|t:|1776204905
|move|p1a: Iron Treads|Steel Beam|p2a: Magcargo
|-resisted|p2a: Magcargo
|-damage|p2a: Magcargo|67/100
|-damage|p1a: Iron Treads|38/100 brn|[from] steelbeam
|move|p2a: Magcargo|Scorching Sands|p1a: Iron Treads
|-supereffective|p1a: Iron Treads
|-damage|p1a: Iron Treads|0 fnt
|faint|p1a: Iron Treads
|-end|p1a: Iron Treads|Quark Drive|[silent]
|
|-weather|RainDance|[upkeep]
|upkeep
|
|t:|1776204910
|switch|p1a: Raging Bolt|Raging Bolt|100/100
|-enditem|p1a: Raging Bolt|Booster Energy
|-activate|p1a: Raging Bolt|ability: Protosynthesis|[fromitem]
|-start|p1a: Raging Bolt|protosynthesisspa
|turn|7
|
|t:|1776204914
|switch|p2a: Whimsicott|Whimsicott, F, shiny|100/100
|-damage|p2a: Whimsicott|88/100|[from] Stealth Rock
|move|p1a: Raging Bolt|Thunder|p2a: Whimsicott
|-resisted|p2a: Whimsicott
|-damage|p2a: Whimsicott|49/100
|
|-weather|RainDance|[upkeep]
|-heal|p2a: Whimsicott|55/100|[from] item: Leftovers
|upkeep
|turn|8
|
|t:|1776204919
|-end|p1a: Raging Bolt|Protosynthesis|[silent]
|switch|p1a: Overqwil|Overqwil, M|100/100
|move|p2a: Whimsicott|Substitute|p2a: Whimsicott
|-start|p2a: Whimsicott|Substitute
|-damage|p2a: Whimsicott|31/100
|
|-weather|none
|-heal|p2a: Whimsicott|37/100|[from] item: Leftovers
|upkeep
|turn|9
|
|t:|1776204923
|move|p2a: Whimsicott|Leech Seed|p1a: Overqwil
|-hint|Since gen 7, Dark is immune to Prankster moves.
|-immune|p1a: Overqwil
|move|p1a: Overqwil|Gunk Shot|p2a: Whimsicott
|-supereffective|p2a: Whimsicott
|-end|p2a: Whimsicott|Substitute
|-damage|p1a: Overqwil|91/100|[from] item: Life Orb
|
|-heal|p2a: Whimsicott|43/100|[from] item: Leftovers
|upkeep
|turn|10
|
|t:|1776204934
|switch|p2a: Dodrio|Dodrio, M, shiny|100/100
|-damage|p2a: Dodrio|76/100|[from] Stealth Rock
|switch|p1a: Pelipper|Pelipper, F|71/100
|-weather|RainDance|[from] ability: Drizzle|[of] p1a: Pelipper
|
|-weather|RainDance|[upkeep]
|upkeep
|turn|11
|
|t:|1776204942
|move|p2a: Dodrio|Sky Attack||[still]
|-prepare|p2a: Dodrio|Sky Attack
|-enditem|p2a: Dodrio|Power Herb
|-anim|p2a: Dodrio|Sky Attack|p1a: Pelipper
|-crit|p1a: Pelipper
|-damage|p1a: Pelipper|0 fnt
|faint|p1a: Pelipper
|
|-weather|RainDance|[upkeep]
|upkeep
|
|t:|1776204949
|switch|p1a: Barraskewda|Barraskewda, M, tera:Water|100/100
|turn|12
|
|t:|1776204952
|switch|p2a: Magcargo|Magcargo, M, shiny, tera:Water|67/100
|-damage|p2a: Magcargo|55/100|[from] Stealth Rock
|move|p1a: Barraskewda|Liquidation|p2a: Magcargo
|-resisted|p2a: Magcargo
|-damage|p2a: Magcargo|8/100
|-damage|p1a: Barraskewda|84/100|[from] item: Rocky Helmet|[of] p2a: Magcargo
|
|-weather|RainDance|[upkeep]
|upkeep
|turn|13
|
|t:|1776204956
|move|p1a: Barraskewda|Liquidation|p2a: Magcargo
|-resisted|p2a: Magcargo
|-damage|p2a: Magcargo|0 fnt
|-damage|p1a: Barraskewda|67/100|[from] item: Rocky Helmet|[of] p2a: Magcargo
|faint|p2a: Magcargo
|
|-weather|RainDance|[upkeep]
|upkeep
|
|t:|1776204972
|switch|p2a: Whimsicott|Whimsicott, F, shiny|43/100
|-damage|p2a: Whimsicott|31/100|[from] Stealth Rock
|turn|14
|
|t:|1776204974
|move|p2a: Whimsicott|Substitute|p2a: Whimsicott
|-start|p2a: Whimsicott|Substitute
|-damage|p2a: Whimsicott|6/100
|move|p1a: Barraskewda|Liquidation|p2a: Whimsicott
|-resisted|p2a: Whimsicott
|-end|p2a: Whimsicott|Substitute
|
|-weather|RainDance|[upkeep]
|-heal|p2a: Whimsicott|12/100|[from] item: Leftovers
|upkeep
|turn|15
|
|t:|1776204980
|move|p2a: Whimsicott|Leech Seed|p1a: Barraskewda
|-start|p1a: Barraskewda|move: Leech Seed
|move|p1a: Barraskewda|Liquidation|p2a: Whimsicott
|-resisted|p2a: Whimsicott
|-damage|p2a: Whimsicott|0 fnt
|faint|p2a: Whimsicott
|
|-weather|RainDance|[upkeep]
|upkeep
|
|t:|1776204989
|switch|p2a: Dodrio|Dodrio, M, shiny|76/100
|-damage|p2a: Dodrio|51/100|[from] Stealth Rock
|turn|16
|
|t:|1776204991
|move|p2a: Dodrio|Quick Attack|p1a: Barraskewda
|-damage|p1a: Barraskewda|28/100
|move|p1a: Barraskewda|Liquidation|p2a: Dodrio
|-damage|p2a: Dodrio|0 fnt
|faint|p2a: Dodrio
|
|-weather|RainDance|[upkeep]
|upkeep
|
|t:|1776204995
|switch|p2a: Zangoose|Zangoose, M|100/100
|-damage|p2a: Zangoose|88/100|[from] Stealth Rock
|turn|17
|
|t:|1776204998
|move|p2a: Zangoose|Quick Attack|p1a: Barraskewda
|-damage|p1a: Barraskewda|0 fnt
|faint|p1a: Barraskewda
|
|-weather|none
|-status|p2a: Zangoose|tox|[from] item: Toxic Orb
|upkeep
|
|t:|1776205003
|switch|p1a: Overqwil|Overqwil, M|91/100
|turn|18
|
|t:|1776205007
|move|p2a: Zangoose|Facade|p1a: Overqwil
|-damage|p1a: Overqwil|0 fnt
|faint|p1a: Overqwil
|
|-damage|p2a: Zangoose|82/100 tox|[from] psn
|upkeep
|
|t:|1776205015
|switch|p1a: Raging Bolt|Raging Bolt|100/100
|turn|19
|
|t:|1776205018
|move|p1a: Raging Bolt|Thunderclap|p2a: Zangoose
|-damage|p2a: Zangoose|11/100 tox
|move|p2a: Zangoose|Facade|p1a: Raging Bolt
|-damage|p1a: Raging Bolt|12/100
|
|-damage|p2a: Zangoose|0 fnt|[from] psn
|faint|p2a: Zangoose
|upkeep
|
|t:|1776205028
|switch|p2a: Medicham|Medicham, M|100/100
|-damage|p2a: Medicham|94/100|[from] Stealth Rock
|turn|20
|
|t:|1776205037
|move|p2a: Medicham|Bullet Punch|p1a: Raging Bolt
|-resisted|p1a: Raging Bolt
|-damage|p1a: Raging Bolt|4/100
|move|p1a: Raging Bolt|Thunderclap||[still]
|-fail|p1a: Raging Bolt
|
|upkeep
|turn|21
|
|t:|1776205041
|move|p2a: Medicham|Bullet Punch|p1a: Raging Bolt
|-resisted|p1a: Raging Bolt
|-damage|p1a: Raging Bolt|0 fnt
|faint|p1a: Raging Bolt
|-end|p1a: Raging Bolt|Protosynthesis|[silent]
|
|upkeep
|
|t:|1776205043
|switch|p1a: Kingambit|Kingambit, F|100/100
|-activate|p1a: Kingambit|ability: Supreme Overlord
|-start|p1a: Kingambit|fallen5|[silent]
|turn|22
|
|t:|1776205048
|move|p2a: Medicham|Close Combat|p1a: Kingambit
|-supereffective|p1a: Kingambit
|-damage|p1a: Kingambit|0 fnt
|-unboost|p2a: Medicham|def|1
|-unboost|p2a: Medicham|spd|1
|faint|p1a: Kingambit
|-end|p1a: Kingambit|fallen5|[silent]
|
|win|OcDaki
|raw|skenzo's rating: 1412 &rarr; <strong>1389</strong><br />(-23 for losing)
|raw|OcDaki's rating: 1363 &rarr; <strong>1386</strong><br />(+23 for winning)
|c|☆skenzo|wow
|l|☆skenzo
|player|p1|
