|html|<div class="broadcast-blue"><strong>[Gen 9] OU is currently suspecting Volcarona! For information on how to participate check out the <a href="https://www.smogon.com/tools/suspects/view/208">suspect thread</a>.</strong></div>
|j|☆grorgegamer
|j|☆danimmrqs
|t:|1778510073
|gametype|singles
|player|p1|grorgegamer|policeman-gen4|1104
|player|p2|danimmrqs|169|1096
|gen|9
|tier|[Gen 9] OU
|rated|
|rule|HP Percentage Mod: HP is shown in percentages
|rule|Endless Battle Clause: Forcing endless battles is banned
|rule|Species Clause: Limit one of each Pokémon
|rule|OHKO Clause: OHKO moves are banned
|rule|Evasion Items Clause: Evasion items are banned
|rule|Evasion Moves Clause: Evasion moves are banned
|rule|Evasion Abilities Clause: Evasion abilities are banned
|rule|Sleep Moves Clause: Sleep-inducing moves are banned
|clearpoke
|poke|p1|Glimmora, F|
|poke|p1|Toxapex, M|
|poke|p1|Mismagius, M|
|poke|p1|Hydreigon, M|
|poke|p1|Ninetales-Alola, F|
|poke|p1|Rhyperior, F|
|poke|p2|Gliscor, F|
|poke|p2|Deoxys-Defense|
|poke|p2|Gurdurr, F|
|poke|p2|Ceruledge, F|
|poke|p2|Floatzel, F|
|poke|p2|Kingambit, F|
|teampreview
|inactive|Battle timer is ON: inactive players will automatically lose when time's up. (requested by danimmrqs)
|inactive|grorgegamer also wants the timer to be on.
|
|t:|1778510079
|teamsize|p1|6
|teamsize|p2|6
|start
|switch|p1a: Glimmy|Glimmora, F|100/100
|switch|p2a: Gliscor|Gliscor, F|100/100
|turn|1
|
|t:|1778510088
|move|p2a: Gliscor|Swords Dance|p2a: Gliscor
|-boost|p2a: Gliscor|atk|2
|move|p1a: Glimmy|Stealth Rock|p2a: Gliscor
|-sidestart|p2: danimmrqs|move: Stealth Rock
|
|-status|p2a: Gliscor|tox|[from] item: Toxic Orb
|upkeep
|turn|2
|
|t:|1778510099
|move|p2a: Gliscor|Earthquake|p1a: Glimmy
|-supereffective|p1a: Glimmy
|-enditem|p1a: Glimmy|Focus Sash
|-damage|p1a: Glimmy|1/100
|-activate|p1a: Glimmy|ability: Toxic Debris
|-sidestart|p2: danimmrqs|move: Toxic Spikes
|move|p1a: Glimmy|Toxic Spikes|p2a: Gliscor
|-sidestart|p2: danimmrqs|move: Toxic Spikes
|
|upkeep
|turn|3
|
|t:|1778510109
|move|p2a: Gliscor|Facade|p1a: Glimmy
|-resisted|p1a: Glimmy
|-damage|p1a: Glimmy|0 fnt
|faint|p1a: Glimmy
|
|upkeep
|
|t:|1778510116
|switch|p1a: 6ix9inetales|Ninetales-Alola, F|100/100
|-weather|Snowscape|[from] ability: Snow Warning|[of] p1a: 6ix9inetales
|turn|4
|
|t:|1778510126
|-terastallize|p2a: Gliscor|Normal
|move|p1a: 6ix9inetales|Aurora Veil|p1a: 6ix9inetales
|-sidestart|p1: grorgegamer|move: Aurora Veil
|move|p2a: Gliscor|Facade|p1a: 6ix9inetales
|-damage|p1a: 6ix9inetales|39/100
|
|-weather|Snowscape|[upkeep]
|upkeep
|turn|5
|
|t:|1778510137
|move|p1a: 6ix9inetales|Moonblast|p2a: Gliscor
|-damage|p2a: Gliscor|50/100 tox
|move|p2a: Gliscor|Facade|p1a: 6ix9inetales
|-damage|p1a: 6ix9inetales|0 fnt
|faint|p1a: 6ix9inetales
|
|-weather|Snowscape|[upkeep]
|-heal|p2a: Gliscor|62/100 tox|[from] ability: Poison Heal
|upkeep
|
|t:|1778510152
|switch|p1a: Mustard|Mismagius, M, shiny|100/100
|turn|6
|
|t:|1778510180
|switch|p1a: Dwayne|Rhyperior, F|100/100
|switch|p2a: Floatzel|Floatzel, F|100/100
|-damage|p2a: Floatzel|88/100|[from] Stealth Rock
|-status|p2a: Floatzel|tox
|
|-weather|Snowscape|[upkeep]
|-damage|p2a: Floatzel|82/100 tox|[from] psn
|upkeep
|turn|7
|
|t:|1778510192
|switch|p1a: HurtinUrchin|Toxapex, M|100/100
|move|p2a: Floatzel|Wave Crash|p1a: HurtinUrchin
|-resisted|p1a: HurtinUrchin
|-damage|p1a: HurtinUrchin|86/100
|-damage|p2a: Floatzel|77/100 tox|[from] Recoil
|
|-weather|Snowscape|[upkeep]
|-heal|p1a: HurtinUrchin|92/100|[from] item: Leftovers
|-damage|p2a: Floatzel|65/100 tox|[from] psn
|upkeep
|turn|8
|
|t:|1778510205
|move|p2a: Floatzel|Wave Crash|p1a: HurtinUrchin
|-resisted|p1a: HurtinUrchin
|-damage|p1a: HurtinUrchin|77/100
|-damage|p2a: Floatzel|60/100 tox|[from] Recoil
|move|p1a: HurtinUrchin|Hex|p2a: Floatzel
|-crit|p2a: Floatzel
|-damage|p2a: Floatzel|0 fnt
|faint|p2a: Floatzel
|
|-weather|none
|-heal|p1a: HurtinUrchin|83/100|[from] item: Leftovers
|upkeep
|inactive|danimmrqs has 120 seconds left.
|
|t:|1778510221
|switch|p2a: Gliscor|Gliscor, F, tera:Normal|62/100 tox
|-damage|p2a: Gliscor|50/100 tox|[from] Stealth Rock
|turn|9
|inactive|danimmrqs has 120 seconds left.
|
|t:|1778510227
|move|p2a: Gliscor|Swords Dance|p2a: Gliscor
|-boost|p2a: Gliscor|atk|2
|move|p1a: HurtinUrchin|Venoshock|p2a: Gliscor
|-crit|p2a: Gliscor
|-damage|p2a: Gliscor|0 fnt
|faint|p2a: Gliscor
|
|-heal|p1a: HurtinUrchin|89/100|[from] item: Leftovers
|upkeep
|inactive|danimmrqs has 120 seconds left.
|
|t:|1778510238
|switch|p2a: Deoxys|Deoxys-Defense|100/100
|-damage|p2a: Deoxys|88/100|[from] Stealth Rock
|-status|p2a: Deoxys|tox
|-ability|p2a: Deoxys|Pressure
|turn|10
|inactive|danimmrqs has 120 seconds left.
|
|t:|1778510245
|move|p2a: Deoxys|Calm Mind|p2a: Deoxys
|-boost|p2a: Deoxys|spa|1
|-boost|p2a: Deoxys|spd|1
|move|p1a: HurtinUrchin|Hex|p2a: Deoxys
|-supereffective|p2a: Deoxys
|-crit|p2a: Deoxys
|-damage|p2a: Deoxys|26/100 tox
|
|-heal|p2a: Deoxys|32/100 tox|[from] item: Leftovers
|-heal|p1a: HurtinUrchin|96/100|[from] item: Leftovers
|-damage|p2a: Deoxys|26/100 tox|[from] psn
|upkeep
|turn|11
|inactive|danimmrqs has 120 seconds left.
|
|t:|1778510258
|move|p2a: Deoxys|Recover|p2a: Deoxys
|-heal|p2a: Deoxys|76/100 tox
|move|p1a: HurtinUrchin|Hex|p2a: Deoxys
|-supereffective|p2a: Deoxys
|-crit|p2a: Deoxys
|-damage|p2a: Deoxys|13/100 tox
|
|-heal|p2a: Deoxys|19/100 tox|[from] item: Leftovers
|-heal|p1a: HurtinUrchin|100/100|[from] item: Leftovers
|-damage|p2a: Deoxys|7/100 tox|[from] psn
|-sideend|p1: grorgegamer|move: Aurora Veil
|upkeep
|turn|12
|inactive|danimmrqs has 120 seconds left.
|
|t:|1778510273
|switch|p1a: Tripod|Hydreigon, M|100/100
|move|p2a: Deoxys|Stored Power|p1a: Tripod
|-immune|p1a: Tripod
|
|-heal|p2a: Deoxys|13/100 tox|[from] item: Leftovers
|-damage|p2a: Deoxys|0 fnt|[from] psn
|faint|p2a: Deoxys
|upkeep
|
|t:|1778510287
|switch|p2a: Gurdurr|Gurdurr, F|100/100
|-damage|p2a: Gurdurr|94/100|[from] Stealth Rock
|-status|p2a: Gurdurr|tox
|turn|13
|
|t:|1778510295
|move|p1a: Tripod|Dragon Dance|p1a: Tripod
|-boost|p1a: Tripod|atk|1
|-boost|p1a: Tripod|spe|1
|move|p2a: Gurdurr|Bulk Up|p2a: Gurdurr
|-boost|p2a: Gurdurr|atk|1
|-boost|p2a: Gurdurr|def|1
|
|-damage|p2a: Gurdurr|88/100 tox|[from] psn
|upkeep
|turn|14
|inactive|danimmrqs has 120 seconds left.
|
|t:|1778510305
|move|p1a: Tripod|Scale Shot|p2a: Gurdurr
|-damage|p2a: Gurdurr|79/100 tox
|-damage|p2a: Gurdurr|70/100 tox
|-damage|p2a: Gurdurr|61/100 tox
|-damage|p2a: Gurdurr|51/100 tox
|-hitcount|p2a: Gurdurr|4
|-unboost|p1a: Tripod|def|1
|-boost|p1a: Tripod|spe|1
|move|p2a: Gurdurr|Drain Punch|p1a: Tripod
|-supereffective|p1a: Tripod
|-damage|p1a: Tripod|0 fnt
|-heal|p2a: Gurdurr|95/100 tox|[from] drain|[of] p1a: Tripod
|faint|p1a: Tripod
|
|-damage|p2a: Gurdurr|82/100 tox|[from] psn
|upkeep
|
|t:|1778510323
|switch|p1a: Dwayne|Rhyperior, F|100/100
|turn|15
|
|t:|1778510327
|move|p1a: Dwayne|Rock Polish|p1a: Dwayne
|-boost|p1a: Dwayne|spe|2
|move|p2a: Gurdurr|Drain Punch|p1a: Dwayne
|-supereffective|p1a: Dwayne
|-damage|p1a: Dwayne|30/100
|-heal|p2a: Gurdurr|100/100 tox|[from] drain|[of] p1a: Dwayne
|-enditem|p1a: Dwayne|Weakness Policy
|-boost|p1a: Dwayne|atk|2|[from] item: Weakness Policy
|-boost|p1a: Dwayne|spa|2|[from] item: Weakness Policy
|
|-damage|p2a: Gurdurr|82/100 tox|[from] psn
|upkeep
|turn|16
|
|t:|1778510343
|move|p2a: Gurdurr|Mach Punch|p1a: Dwayne
|-supereffective|p1a: Dwayne
|-damage|p1a: Dwayne|0 fnt
|faint|p1a: Dwayne
|
|-damage|p2a: Gurdurr|57/100 tox|[from] psn
|upkeep
|
|t:|1778510350
|switch|p1a: Mustard|Mismagius, M, shiny|100/100
|turn|17
|
|t:|1778510354
|move|p1a: Mustard|Hex|p2a: Gurdurr
|-damage|p2a: Gurdurr|0 fnt
|faint|p2a: Gurdurr
|-damage|p1a: Mustard|91/100|[from] item: Life Orb
|
|upkeep
|
|t:|1778510363
|switch|p2a: Ceruledge|Ceruledge, F|100/100
|-damage|p2a: Ceruledge|76/100|[from] Stealth Rock
|-status|p2a: Ceruledge|tox
|turn|18
|
|t:|1778510373
|switch|p1a: HurtinUrchin|Toxapex, M|100/100
|move|p2a: Ceruledge|Poltergeist|p1a: HurtinUrchin
|-activate|p1a: HurtinUrchin|move: Poltergeist|Leftovers
|-damage|p1a: HurtinUrchin|55/100
|
|-heal|p1a: HurtinUrchin|61/100|[from] item: Leftovers
|-damage|p2a: Ceruledge|70/100 tox|[from] psn
|upkeep
|turn|19
|
|t:|1778510386
|move|p2a: Ceruledge|Poltergeist|p1a: HurtinUrchin
|-activate|p1a: HurtinUrchin|move: Poltergeist|Leftovers
|-damage|p1a: HurtinUrchin|18/100
|move|p1a: HurtinUrchin|Hex|p2a: Ceruledge
|-supereffective|p2a: Ceruledge
|-crit|p2a: Ceruledge
|-damage|p2a: Ceruledge|0 fnt
|faint|p2a: Ceruledge
|
|-heal|p1a: HurtinUrchin|24/100|[from] item: Leftovers
|upkeep
|
|t:|1778510397
|switch|p2a: Kingambit|Kingambit, F|100/100
|-damage|p2a: Kingambit|94/100|[from] Stealth Rock
|-activate|p2a: Kingambit|ability: Supreme Overlord
|-start|p2a: Kingambit|fallen5|[silent]
|turn|20
|
|t:|1778510408
|move|p2a: Kingambit|Swords Dance|p2a: Kingambit
|-boost|p2a: Kingambit|atk|2
|move|p1a: HurtinUrchin|Hydro Pump|p2a: Kingambit
|-damage|p2a: Kingambit|62/100
|
|-heal|p2a: Kingambit|68/100|[from] item: Leftovers
|-heal|p1a: HurtinUrchin|30/100|[from] item: Leftovers
|upkeep
|turn|21
|
|t:|1778510423
|move|p2a: Kingambit|Kowtow Cleave|p1a: HurtinUrchin
|-damage|p1a: HurtinUrchin|0 fnt
|faint|p1a: HurtinUrchin
|
|-heal|p2a: Kingambit|74/100|[from] item: Leftovers
|upkeep
|
|t:|1778510430
|switch|p1a: Mustard|Mismagius, M, shiny|91/100
|turn|22
|
|t:|1778510437
|-terastallize|p1a: Mustard|Electric
|move|p1a: Mustard|Will-O-Wisp|p2a: Kingambit
|-status|p2a: Kingambit|brn
|move|p2a: Kingambit|Kowtow Cleave|p1a: Mustard
|-damage|p1a: Mustard|0 fnt
|faint|p1a: Mustard
|
|win|danimmrqs
|raw|grorgegamer's rating: 1104 &rarr; <strong>1078</strong><br />(-26 for losing)
|raw|danimmrqs's rating: 1096 &rarr; <strong>1122</strong><br />(+26 for winning)
|l|☆grorgegamer
|player|p1|
|l|☆danimmrqs
|player|p2|
