|html|<div class="broadcast-blue"><strong>[Gen 9] OU is currently suspecting Volcarona! For information on how to participate check out the <a href="https://www.smogon.com/tools/suspects/view/208">suspect thread</a>.</strong></div>
|j|☆viola ~ lunala ^﹏^
|j|☆Hike Mawk
|t:|1778513740
|gametype|singles
|player|p1|viola ~ lunala ^﹏^|johanna|1238
|player|p2|Hike Mawk|riley|1267
|gen|9
|tier|[Gen 9] OU
|rated|
|rule|HP Percentage Mod: HP is shown in percentages
|rule|Endless Battle Clause: Forcing endless battles is banned
|rule|Species Clause: Limit one of each Pokémon
|rule|OHKO Clause: OHKO moves are banned
|rule|Evasion Items Clause: Evasion items are banned
|rule|Evasion Moves Clause: Evasion moves are banned
|rule|Evasion Abilities Clause: Evasion abilities are banned
|rule|Sleep Moves Clause: Sleep-inducing moves are banned
|clearpoke
|poke|p1|Weezing-Galar, M|
|poke|p1|Gliscor, F|
|poke|p1|Blissey, F|
|poke|p1|Corviknight, M|
|poke|p1|Dondozo, F|
|poke|p1|Toxapex, M|
|poke|p2|Gliscor, M|
|poke|p2|Clefable, F|
|poke|p2|Corviknight, M|
|poke|p2|Blissey, F|
|poke|p2|Forretress, F|
|poke|p2|Garganacl, F|
|teampreview
|inactive|Battle timer is ON: inactive players will automatically lose when time's up. (requested by viola ~ lunala ^﹏^)
|c|☆viola ~ lunala ^﹏^|stalllll :D
|
|t:|1778513757
|teamsize|p1|6
|teamsize|p2|6
|start
|switch|p1a: Gliscor|Gliscor, F|100/100
|switch|p2a: Rocki|Garganacl, F, shiny|100/100
|turn|1
|c|☆Hike Mawk|Are You Sure?
|
|t:|1778513767
|switch|p2a: Rookidon|Corviknight, M|100/100
|move|p1a: Gliscor|Protect||[still]
|-fail|p1a: Gliscor
|
|-status|p1a: Gliscor|tox|[from] item: Toxic Orb
|upkeep
|turn|2
|
|t:|1778513770
|move|p1a: Gliscor|Knock Off|p2a: Rookidon
|-damage|p2a: Rookidon|83/100
|-enditem|p2a: Rookidon|Weakness Policy|[from] move: Knock Off|[of] p1a: Gliscor
|move|p2a: Rookidon|Bulk Up|p2a: Rookidon
|-boost|p2a: Rookidon|atk|1
|-boost|p2a: Rookidon|def|1
|
|upkeep
|turn|3
|
|t:|1778513779
|switch|p1a: Weezing|Weezing-Galar, M|100/100
|-ability|p1a: Weezing|Neutralizing Gas
|move|p2a: Rookidon|Bulk Up|p2a: Rookidon
|-boost|p2a: Rookidon|atk|1
|-boost|p2a: Rookidon|def|1
|
|upkeep
|turn|4
|
|t:|1778513793
|switch|p2a: Zira|Blissey, F|100/100
|move|p1a: Weezing|Will-O-Wisp|p2a: Zira
|-status|p2a: Zira|brn
|
|-damage|p2a: Zira|94/100 brn|[from] brn
|upkeep
|turn|5
|
|t:|1778513811
|-end|p1a: Weezing|ability: Neutralizing Gas
|switch|p1a: Blissey|Blissey, F|100/100
|move|p2a: Zira|Thunderbolt|p1a: Blissey
|-damage|p1a: Blissey|93/100
|
|-heal|p1a: Blissey|99/100|[from] item: Leftovers
|-damage|p2a: Zira|88/100 brn|[from] brn
|upkeep
|turn|6
|
|t:|1778513818
|-curestatus|p2a: Zira|brn|[from] ability: Natural Cure|[silent]
|switch|p2a: Azulor|Gliscor, M, shiny|100/100
|move|p1a: Blissey|Stealth Rock|p2a: Azulor
|-sidestart|p2: Hike Mawk|move: Stealth Rock
|
|-heal|p1a: Blissey|100/100|[from] item: Leftovers
|-status|p2a: Azulor|tox|[from] item: Toxic Orb
|upkeep
|turn|7
|
|t:|1778513824
|switch|p1a: Gliscor|Gliscor, F|100/100 tox
|move|p2a: Azulor|Fling|p1a: Gliscor
|-damage|p1a: Gliscor|94/100 tox
|-enditem|p2a: Azulor|Toxic Orb|[from] move: Fling
|
|-heal|p1a: Gliscor|100/100 tox|[from] ability: Poison Heal
|upkeep
|turn|8
|
|t:|1778513828
|move|p1a: Gliscor|Knock Off|p2a: Azulor
|-damage|p2a: Azulor|86/100 tox
|move|p2a: Azulor|Acrobatics|p1a: Gliscor
|-damage|p1a: Gliscor|56/100 tox
|
|-heal|p1a: Gliscor|69/100 tox|[from] ability: Poison Heal
|-heal|p2a: Azulor|98/100 tox|[from] ability: Poison Heal
|upkeep
|turn|9
|
|t:|1778513833
|move|p1a: Gliscor|Protect|p1a: Gliscor
|-singleturn|p1a: Gliscor|Protect
|move|p2a: Azulor|Acrobatics|p1a: Gliscor
|-activate|p1a: Gliscor|move: Protect
|
|-heal|p1a: Gliscor|81/100 tox|[from] ability: Poison Heal
|-heal|p2a: Azulor|100/100 tox|[from] ability: Poison Heal
|upkeep
|turn|10
|
|t:|1778513851
|switch|p1a: Weezing|Weezing-Galar, M|100/100
|-ability|p1a: Weezing|Neutralizing Gas
|move|p2a: Azulor|Acrobatics|p1a: Weezing
|-damage|p1a: Weezing|66/100
|
|-damage|p2a: Azulor|76/100 tox|[from] psn
|upkeep
|turn|11
|
|t:|1778513855
|move|p2a: Azulor|Earthquake|p1a: Weezing
|-supereffective|p1a: Weezing
|-damage|p1a: Weezing|9/100
|move|p1a: Weezing|Pain Split|p2a: Azulor
|-sethp|p2a: Azulor|43/100 tox|[from] move: Pain Split|[silent]
|-sethp|p1a: Weezing|39/100|[from] move: Pain Split
|
|-damage|p2a: Azulor|13/100 tox|[from] psn
|upkeep
|turn|12
|
|t:|1778513866
|switch|p2a: Goldenuke|Forretress, F, shiny|100/100
|-end|p1a: Weezing|ability: Neutralizing Gas
|switch|p1a: Corviknight|Corviknight, M|100/100
|-ability|p1a: Corviknight|Pressure
|
|upkeep
|turn|13
|
|t:|1778513870
|move|p1a: Corviknight|Iron Defense|p1a: Corviknight
|-boost|p1a: Corviknight|def|2
|move|p2a: Goldenuke|Rapid Spin|p1a: Corviknight
|-resisted|p1a: Corviknight
|-damage|p1a: Corviknight|99/100
|-boost|p2a: Goldenuke|spe|1
|-sideend|p2: Hike Mawk|Stealth Rock|[from] move: Rapid Spin|[of] p2a: Goldenuke
|
|-heal|p1a: Corviknight|100/100|[from] item: Leftovers
|upkeep
|turn|14
|
|t:|1778513872
|switch|p2a: Cleffairable|Clefable, F, shiny|100/100
|move|p1a: Corviknight|Body Press|p2a: Cleffairable
|-resisted|p2a: Cleffairable
|-damage|p2a: Cleffairable|86/100
|
|upkeep
|turn|15
|
|t:|1778513876
|switch|p1a: Gliscor|Gliscor, F|81/100 tox
|move|p2a: Cleffairable|Flamethrower|p1a: Gliscor
|-damage|p1a: Gliscor|58/100 tox
|
|-heal|p1a: Gliscor|71/100 tox|[from] ability: Poison Heal
|upkeep
|turn|16
|
|t:|1778513882
|switch|p2a: Rookidon|Corviknight, M|83/100
|move|p1a: Gliscor|Knock Off|p2a: Rookidon
|-damage|p2a: Rookidon|72/100
|
|-heal|p1a: Gliscor|83/100 tox|[from] ability: Poison Heal
|upkeep
|turn|17
|inactive|viola ~ lunala ^﹏^ has 120 seconds left.
|
|t:|1778513923
|switch|p1a: Weezing|Weezing-Galar, M|39/100
|-ability|p1a: Weezing|Neutralizing Gas
|move|p2a: Rookidon|Roost|p2a: Rookidon
|-heal|p2a: Rookidon|100/100
|-singleturn|p2a: Rookidon|move: Roost
|
|upkeep
|turn|18
|inactive|viola ~ lunala ^﹏^ has 90 seconds left.
|
|t:|1778513975
|switch|p2a: Zira|Blissey, F|88/100
|move|p1a: Weezing|Will-O-Wisp|p2a: Zira
|-status|p2a: Zira|brn
|
|-damage|p2a: Zira|82/100 brn|[from] brn
|upkeep
|turn|19
|
|t:|1778513980
|move|p1a: Weezing|Toxic Spikes|p2a: Zira
|-sidestart|p2: Hike Mawk|move: Toxic Spikes
|move|p2a: Zira|Ice Beam|p1a: Weezing
|-damage|p1a: Weezing|6/100
|
|-damage|p2a: Zira|76/100 brn|[from] brn
|upkeep
|turn|20
|
|t:|1778513985
|move|p1a: Weezing|Pain Split|p2a: Zira
|-sethp|p2a: Zira|39/100 brn|[from] move: Pain Split|[silent]
|-sethp|p1a: Weezing|82/100|[from] move: Pain Split
|move|p2a: Zira|Thunderbolt|p1a: Weezing
|-damage|p1a: Weezing|48/100
|
|-damage|p2a: Zira|33/100 brn|[from] brn
|upkeep
|turn|21
|
|t:|1778513991
|-end|p1a: Weezing|ability: Neutralizing Gas
|switch|p1a: Blissey|Blissey, F|100/100
|move|p2a: Zira|Soft-Boiled|p2a: Zira
|-heal|p2a: Zira|83/100 brn
|
|-damage|p2a: Zira|77/100 brn|[from] brn
|upkeep
|turn|22
|
|t:|1778513997
|-curestatus|p2a: Zira|brn|[from] ability: Natural Cure|[silent]
|switch|p2a: Azulor|Gliscor, M, shiny|13/100 tox
|move|p1a: Blissey|Stealth Rock|p2a: Azulor
|-sidestart|p2: Hike Mawk|move: Stealth Rock
|
|-heal|p2a: Azulor|25/100 tox|[from] ability: Poison Heal
|upkeep
|turn|23
|
|t:|1778514010
|switch|p1a: Gliscor|Gliscor, F|83/100 tox
|move|p2a: Azulor|Acrobatics|p1a: Gliscor
|-damage|p1a: Gliscor|41/100 tox
|
|-heal|p1a: Gliscor|53/100 tox|[from] ability: Poison Heal
|-heal|p2a: Azulor|38/100 tox|[from] ability: Poison Heal
|upkeep
|turn|24
|inactive|Hike Mawk has 120 seconds left.
|c|☆viola ~ lunala ^﹏^|Stalllll :D
|inactive|Hike Mawk has 90 seconds left.
|
|t:|1778514071
|move|p1a: Gliscor|Protect|p1a: Gliscor
|-singleturn|p1a: Gliscor|Protect
|move|p2a: Azulor|Acrobatics|p1a: Gliscor
|-activate|p1a: Gliscor|move: Protect
|
|-heal|p1a: Gliscor|66/100 tox|[from] ability: Poison Heal
|-heal|p2a: Azulor|50/100 tox|[from] ability: Poison Heal
|upkeep
|turn|25
|
|t:|1778514092
|move|p1a: Gliscor|Knock Off|p2a: Azulor
|-damage|p2a: Azulor|37/100 tox
|move|p2a: Azulor|Acrobatics|p1a: Gliscor
|-damage|p1a: Gliscor|23/100 tox
|
|-heal|p1a: Gliscor|35/100 tox|[from] ability: Poison Heal
|-heal|p2a: Azulor|49/100 tox|[from] ability: Poison Heal
|upkeep
|turn|26
|
|t:|1778514094
|move|p1a: Gliscor|Protect|p1a: Gliscor
|-singleturn|p1a: Gliscor|Protect
|move|p2a: Azulor|Acrobatics|p1a: Gliscor
|-activate|p1a: Gliscor|move: Protect
|
|-heal|p1a: Gliscor|48/100 tox|[from] ability: Poison Heal
|-heal|p2a: Azulor|61/100 tox|[from] ability: Poison Heal
|upkeep
|turn|27
|
|t:|1778514106
|switch|p1a: Corviknight|Corviknight, M|100/100
|-ability|p1a: Corviknight|Pressure
|move|p2a: Azulor|Acrobatics|p1a: Corviknight
|-resisted|p1a: Corviknight
|-damage|p1a: Corviknight|84/100
|
|-heal|p1a: Corviknight|91/100|[from] item: Leftovers
|-heal|p2a: Azulor|74/100 tox|[from] ability: Poison Heal
|upkeep
|turn|28
|inactive|Hike Mawk has 120 seconds left.
|inactive|Hike Mawk has 90 seconds left.
|inactive|Hike Mawk has 60 seconds left.
|
|t:|1778514180
|move|p2a: Azulor|Knock Off|p1a: Corviknight
|-damage|p1a: Corviknight|72/100
|-enditem|p1a: Corviknight|Leftovers|[from] move: Knock Off|[of] p2a: Azulor
|move|p1a: Corviknight|Iron Defense|p1a: Corviknight
|-boost|p1a: Corviknight|def|2
|
|-heal|p2a: Azulor|86/100 tox|[from] ability: Poison Heal
|upkeep
|turn|29
|
|t:|1778514184
|switch|p2a: Cleffairable|Clefable, F, shiny|86/100
|move|p1a: Corviknight|Body Press|p2a: Cleffairable
|-resisted|p2a: Cleffairable
|-damage|p2a: Cleffairable|72/100
|
|upkeep
|turn|30
|
|t:|1778514189
|switch|p1a: Blissey|Blissey, F|100/100
|move|p2a: Cleffairable|Flamethrower|p1a: Blissey
|-damage|p1a: Blissey|92/100
|
|-heal|p1a: Blissey|98/100|[from] item: Leftovers
|upkeep
|turn|31
|
|t:|1778514200
|switch|p2a: Goldenuke|Forretress, F, shiny|100/100
|move|p1a: Blissey|Calm Mind|p1a: Blissey
|-boost|p1a: Blissey|spa|1
|-boost|p1a: Blissey|spd|1
|
|-heal|p1a: Blissey|100/100|[from] item: Leftovers
|upkeep
|turn|32
|
|t:|1778514207
|switch|p1a: Gliscor|Gliscor, F|48/100 tox
|move|p2a: Goldenuke|Rapid Spin|p1a: Gliscor
|-damage|p1a: Gliscor|39/100 tox
|-boost|p2a: Goldenuke|spe|1
|-sideend|p2: Hike Mawk|Toxic Spikes|[from] move: Rapid Spin|[of] p2a: Goldenuke
|-sideend|p2: Hike Mawk|Stealth Rock|[from] move: Rapid Spin|[of] p2a: Goldenuke
|
|-heal|p1a: Gliscor|52/100 tox|[from] ability: Poison Heal
|upkeep
|turn|33
|
|t:|1778514218
|move|p1a: Gliscor|Knock Off|p2a: Goldenuke
|-damage|p2a: Goldenuke|89/100
|-enditem|p2a: Goldenuke|Heavy-Duty Boots|[from] move: Knock Off|[of] p1a: Gliscor
|move|p2a: Goldenuke|Iron Defense|p2a: Goldenuke
|-boost|p2a: Goldenuke|def|2
|
|-heal|p1a: Gliscor|64/100 tox|[from] ability: Poison Heal
|upkeep
|turn|34
|inactive|viola ~ lunala ^﹏^ has 120 seconds left.
|
|t:|1778514255
|switch|p1a: Dondozo|Dondozo, F|100/100
|move|p2a: Goldenuke|Iron Defense|p2a: Goldenuke
|-boost|p2a: Goldenuke|def|2
|
|upkeep
|turn|35
|inactive|Hike Mawk has 90 seconds left.
|
|t:|1778514284
|switch|p2a: Rocki|Garganacl, F, shiny|100/100
|move|p1a: Dondozo|Curse|p1a: Dondozo
|-unboost|p1a: Dondozo|spe|1
|-boost|p1a: Dondozo|atk|1
|-boost|p1a: Dondozo|def|1
|
|upkeep
|turn|36
|inactive|viola ~ lunala ^﹏^ has 120 seconds left.
|
|t:|1778514302
|move|p1a: Dondozo|Waterfall|p2a: Rocki
|-supereffective|p2a: Rocki
|-crit|p2a: Rocki
|-damage|p2a: Rocki|13/100
|-enditem|p2a: Rocki|Sitrus Berry|[eat]
|-heal|p2a: Rocki|38/100|[from] item: Sitrus Berry
|move|p2a: Rocki|Salt Cure|p1a: Dondozo
|-damage|p1a: Dondozo|94/100
|-start|p1a: Dondozo|Salt Cure
|
|-heal|p1a: Dondozo|99/100|[from] item: Leftovers
|-damage|p1a: Dondozo|75/100|[from] Salt Cure
|upkeep
|turn|37
|inactive|Hike Mawk has 90 seconds left.
|
|t:|1778514345
|switch|p2a: Cleffairable|Clefable, F, shiny|72/100
|move|p1a: Dondozo|Waterfall|p2a: Cleffairable
|-damage|p2a: Cleffairable|41/100
|
|-heal|p1a: Dondozo|81/100|[from] item: Leftovers
|-damage|p1a: Dondozo|57/100|[from] Salt Cure
|upkeep
|turn|38
|
|t:|1778514352
|switch|p1a: Blissey|Blissey, F|100/100
|move|p2a: Cleffairable|Moonlight|p2a: Cleffairable
|-heal|p2a: Cleffairable|91/100
|
|upkeep
|turn|39
|j| ReSolaris
|inactive|viola ~ lunala ^﹏^ has 120 seconds left.
|
|t:|1778514383
|switch|p2a: Azulor|Gliscor, M, shiny|86/100 tox
|move|p1a: Blissey|Stealth Rock|p2a: Azulor
|-sidestart|p2: Hike Mawk|move: Stealth Rock
|
|-heal|p2a: Azulor|98/100 tox|[from] ability: Poison Heal
|upkeep
|turn|40
|
|t:|1778514388
|switch|p1a: Corviknight|Corviknight, M|72/100
|-ability|p1a: Corviknight|Pressure
|move|p2a: Azulor|Acrobatics|p1a: Corviknight
|-resisted|p1a: Corviknight
|-damage|p1a: Corviknight|55/100
|
|-heal|p2a: Azulor|100/100 tox|[from] ability: Poison Heal
|upkeep
|turn|41
|
|t:|1778514392
|switch|p2a: Cleffairable|Clefable, F, shiny|91/100
|move|p1a: Corviknight|Roost|p1a: Corviknight
|-heal|p1a: Corviknight|100/100
|-singleturn|p1a: Corviknight|move: Roost
|
|upkeep
|turn|42
|
|t:|1778514399
|switch|p1a: Gliscor|Gliscor, F|64/100 tox
|switch|p2a: Azulor|Gliscor, M, shiny|100/100 tox
|-damage|p2a: Azulor|88/100 tox|[from] Stealth Rock
|
|-heal|p1a: Gliscor|77/100 tox|[from] ability: Poison Heal
|-heal|p2a: Azulor|100/100 tox|[from] ability: Poison Heal
|upkeep
|turn|43
|
|t:|1778514404
|move|p1a: Gliscor|Knock Off|p2a: Azulor
|-damage|p2a: Azulor|88/100 tox
|move|p2a: Azulor|Acrobatics|p1a: Gliscor
|-damage|p1a: Gliscor|39/100 tox
|
|-heal|p1a: Gliscor|51/100 tox|[from] ability: Poison Heal
|-heal|p2a: Azulor|100/100 tox|[from] ability: Poison Heal
|upkeep
|turn|44
|
|t:|1778514410
|switch|p1a: Corviknight|Corviknight, M|100/100
|-ability|p1a: Corviknight|Pressure
|switch|p2a: Rookidon|Corviknight, M|100/100
|-damage|p2a: Rookidon|88/100|[from] Stealth Rock
|
|upkeep
|turn|45
|
|t:|1778514419
|switch|p2a: Cleffairable|Clefable, F, shiny|91/100
|move|p1a: Corviknight|Iron Defense|p1a: Corviknight
|-boost|p1a: Corviknight|def|2
|
|upkeep
|turn|46
|
|t:|1778514422
|switch|p1a: Toxapex|Toxapex, M|100/100
|move|p2a: Cleffairable|Flamethrower|p1a: Toxapex
|-resisted|p1a: Toxapex
|-damage|p1a: Toxapex|91/100
|
|upkeep
|turn|47
|n| Revolving Sun|resolaris
|l| Revolving Sun
|
|t:|1778514427
|switch|p2a: Azulor|Gliscor, M, shiny|100/100 tox
|-damage|p2a: Azulor|88/100 tox|[from] Stealth Rock
|move|p1a: Toxapex|Poison Jab|p2a: Azulor
|-resisted|p2a: Azulor
|-damage|p2a: Azulor|79/100 tox
|
|-heal|p2a: Azulor|92/100 tox|[from] ability: Poison Heal
|upkeep
|turn|48
|
|t:|1778514435
|switch|p1a: Gliscor|Gliscor, F|51/100 tox
|move|p2a: Azulor|Earthquake|p1a: Gliscor
|-immune|p1a: Gliscor
|
|-heal|p1a: Gliscor|64/100 tox|[from] ability: Poison Heal
|-heal|p2a: Azulor|100/100 tox|[from] ability: Poison Heal
|upkeep
|turn|49
|
|t:|1778514454
|switch|p2a: Goldenuke|Forretress, F, shiny|89/100
|-damage|p2a: Goldenuke|77/100|[from] Stealth Rock
|move|p1a: Gliscor|Protect||[still]
|-fail|p1a: Gliscor
|
|-heal|p1a: Gliscor|76/100 tox|[from] ability: Poison Heal
|upkeep
|turn|50
|
|t:|1778514461
|move|p1a: Gliscor|Swords Dance|p1a: Gliscor
|-boost|p1a: Gliscor|atk|2
|move|p2a: Goldenuke|Iron Defense|p2a: Goldenuke
|-boost|p2a: Goldenuke|def|2
|
|-heal|p1a: Gliscor|89/100 tox|[from] ability: Poison Heal
|upkeep
|turn|51
|
|t:|1778514464
|move|p1a: Gliscor|Knock Off|p2a: Goldenuke
|-crit|p2a: Goldenuke
|-damage|p2a: Goldenuke|54/100
|move|p2a: Goldenuke|Body Press|p1a: Gliscor
|-resisted|p1a: Gliscor
|-damage|p1a: Gliscor|65/100 tox
|
|-heal|p1a: Gliscor|78/100 tox|[from] ability: Poison Heal
|upkeep
|turn|52
|
|t:|1778514467
|move|p1a: Gliscor|Swords Dance|p1a: Gliscor
|-boost|p1a: Gliscor|atk|2
|move|p2a: Goldenuke|Rapid Spin|p1a: Gliscor
|-damage|p1a: Gliscor|70/100 tox
|-boost|p2a: Goldenuke|spe|1
|-sideend|p2: Hike Mawk|Stealth Rock|[from] move: Rapid Spin|[of] p2a: Goldenuke
|
|-heal|p1a: Gliscor|82/100 tox|[from] ability: Poison Heal
|upkeep
|turn|53
|
|t:|1778514474
|switch|p2a: Cleffairable|Clefable, F, shiny|91/100
|move|p1a: Gliscor|Earthquake|p2a: Cleffairable
|-damage|p2a: Cleffairable|58/100
|
|-heal|p1a: Gliscor|95/100 tox|[from] ability: Poison Heal
|upkeep
|turn|54
|
|t:|1778514478
|move|p1a: Gliscor|Knock Off|p2a: Cleffairable
|-resisted|p2a: Cleffairable
|-damage|p2a: Cleffairable|47/100
|-enditem|p2a: Cleffairable|Heavy-Duty Boots|[from] move: Knock Off|[of] p1a: Gliscor
|move|p2a: Cleffairable|Moonblast|p1a: Gliscor
|-damage|p1a: Gliscor|56/100 tox
|
|-heal|p1a: Gliscor|68/100 tox|[from] ability: Poison Heal
|upkeep
|turn|55
|
|t:|1778514482
|move|p1a: Gliscor|Earthquake|p2a: Cleffairable
|-damage|p2a: Cleffairable|15/100
|move|p2a: Cleffairable|Moonlight|p2a: Cleffairable
|-heal|p2a: Cleffairable|64/100
|
|-heal|p1a: Gliscor|81/100 tox|[from] ability: Poison Heal
|upkeep
|turn|56
|
|t:|1778514485
|move|p1a: Gliscor|Swords Dance|p1a: Gliscor
|-boost|p1a: Gliscor|atk|2
|move|p2a: Cleffairable|Moonlight|p2a: Cleffairable
|-heal|p2a: Cleffairable|100/100
|
|-heal|p1a: Gliscor|93/100 tox|[from] ability: Poison Heal
|upkeep
|turn|57
|
|t:|1778514488
|move|p1a: Gliscor|Earthquake|p2a: Cleffairable
|-damage|p2a: Cleffairable|63/100
|move|p2a: Cleffairable|Moonblast|p1a: Gliscor
|-damage|p1a: Gliscor|55/100 tox
|
|-heal|p1a: Gliscor|67/100 tox|[from] ability: Poison Heal
|upkeep
|turn|58
|
|t:|1778514493
|move|p1a: Gliscor|Earthquake|p2a: Cleffairable
|-damage|p2a: Cleffairable|29/100
|move|p2a: Cleffairable|Moonblast|p1a: Gliscor
|-damage|p1a: Gliscor|29/100 tox
|
|-heal|p1a: Gliscor|41/100 tox|[from] ability: Poison Heal
|upkeep
|turn|59
|
|t:|1778514496
|move|p1a: Gliscor|Earthquake|p2a: Cleffairable
|-damage|p2a: Cleffairable|0 fnt
|faint|p2a: Cleffairable
|
|-heal|p1a: Gliscor|54/100 tox|[from] ability: Poison Heal
|upkeep
|
|t:|1778514501
|switch|p2a: Rookidon|Corviknight, M|88/100
|turn|60
|
|t:|1778514504
|move|p1a: Gliscor|Knock Off|p2a: Rookidon
|-damage|p2a: Rookidon|39/100
|move|p2a: Rookidon|Bulk Up|p2a: Rookidon
|-boost|p2a: Rookidon|atk|1
|-boost|p2a: Rookidon|def|1
|
|-heal|p1a: Gliscor|66/100 tox|[from] ability: Poison Heal
|upkeep
|turn|61
|
|t:|1778514508
|move|p1a: Gliscor|Knock Off|p2a: Rookidon
|-damage|p2a: Rookidon|9/100
|move|p2a: Rookidon|Roost|p2a: Rookidon
|-heal|p2a: Rookidon|59/100
|-singleturn|p2a: Rookidon|move: Roost
|
|-heal|p1a: Gliscor|79/100 tox|[from] ability: Poison Heal
|upkeep
|turn|62
|
|t:|1778514514
|-terastallize|p1a: Gliscor|Dark
|move|p1a: Gliscor|Knock Off|p2a: Rookidon
|-damage|p2a: Rookidon|10/100
|move|p2a: Rookidon|Roost|p2a: Rookidon
|-heal|p2a: Rookidon|60/100
|-singleturn|p2a: Rookidon|move: Roost
|
|-heal|p1a: Gliscor|91/100 tox|[from] ability: Poison Heal
|upkeep
|turn|63
|
|t:|1778514526
|-terastallize|p2a: Rookidon|Dark
|move|p1a: Gliscor|Knock Off|p2a: Rookidon
|-resisted|p2a: Rookidon
|-damage|p2a: Rookidon|36/100
|move|p2a: Rookidon|Roost|p2a: Rookidon
|-heal|p2a: Rookidon|86/100
|
|-heal|p1a: Gliscor|100/100 tox|[from] ability: Poison Heal
|upkeep
|turn|64
|
|t:|1778514529
|move|p1a: Gliscor|Earthquake|p2a: Rookidon
|-damage|p2a: Rookidon|16/100
|move|p2a: Rookidon|Bulk Up|p2a: Rookidon
|-boost|p2a: Rookidon|atk|1
|-boost|p2a: Rookidon|def|1
|
|upkeep
|turn|65
|
|t:|1778514533
|move|p1a: Gliscor|Earthquake|p2a: Rookidon
|-damage|p2a: Rookidon|0 fnt
|faint|p2a: Rookidon
|
|upkeep
|-message|Hike Mawk forfeited.
|
|win|viola ~ lunala ^﹏^
|raw|viola ~ lunala ^﹏^'s rating: 1238 &rarr; <strong>1265</strong><br />(+27 for winning)
|raw|Hike Mawk's rating: 1267 &rarr; <strong>1240</strong><br />(-27 for losing)
|l|☆Hike Mawk
|player|p2|
|c|☆viola ~ lunala ^﹏^|ggs!
