|html|<div class="broadcast-blue"><strong>[Gen 9] OU is currently suspecting Tera Blast! For information on how to participate check out the <a href="https://www.smogon.com/tools/suspects/view/200">suspect thread</a>.</strong></div>
|j|☆jusemato
|j|☆Minerva206
|t:|1776186581
|gametype|singles
|player|p1|jusemato|ingo|
|player|p2|Minerva206|nemona-masters|
|gen|9
|tier|[Gen 9] OU
|rule|HP Percentage Mod: HP is shown in percentages
|rule|Endless Battle Clause: Forcing endless battles is banned
|rule|Species Clause: Limit one of each Pokémon
|rule|OHKO Clause: OHKO moves are banned
|rule|Evasion Items Clause: Evasion items are banned
|rule|Evasion Moves Clause: Evasion moves are banned
|rule|Evasion Abilities Clause: Evasion abilities are banned
|rule|Sleep Moves Clause: Sleep-inducing moves are banned
|clearpoke
|poke|p1|Dragapult, M|
|poke|p1|Landorus-Therian, M|
|poke|p1|Incineroar, M|
|poke|p1|Sinistcha-Masterpiece|
|poke|p1|Forretress, M|
|poke|p1|Magneton|
|poke|p2|Ogerpon-Wellspring, F|
|poke|p2|Ting-Lu|
|poke|p2|Sinistcha|
|poke|p2|Gardevoir, F|
|poke|p2|Tentacruel, F|
|poke|p2|Weavile, F|
|teampreview
|c|☆jusemato|Mucha suerte
|c|☆Minerva206|igual
|
|t:|1776186593
|teamsize|p1|6
|teamsize|p2|6
|start
|switch|p1a: Dragapult|Dragapult, M|100/100
|switch|p2a: Gardevoir|Gardevoir, F|100/100
|-ability|p2a: Gardevoir|Infiltrator|Trace|[from] ability: Trace|[of] p1a: Dragapult
|turn|1
|
|t:|1776186601
|switch|p1a: Magneton|Magneton, shiny|100/100
|move|p2a: Gardevoir|Trick|p1a: Magneton
|-activate|p2a: Gardevoir|move: Trick|[of] p1a: Magneton
|-item|p1a: Magneton|Choice Scarf|[from] move: Trick
|-item|p2a: Gardevoir|Eviolite|[from] move: Trick
|
|upkeep
|turn|2
|
|t:|1776186619
|switch|p2a: Ting-Lu|Ting-Lu|100/100
|-ability|p2a: Ting-Lu|Vessel of Ruin
|move|p1a: Magneton|Flash Cannon|p2a: Ting-Lu
|-damage|p2a: Ting-Lu|77/100
|
|-heal|p2a: Ting-Lu|83/100|[from] item: Leftovers
|upkeep
|turn|3
|
|t:|1776186629
|switch|p1a: Landorus|Landorus-Therian, M|100/100
|-ability|p1a: Landorus|Intimidate|boost
|-unboost|p2a: Ting-Lu|atk|1
|move|p2a: Ting-Lu|Ruination|p1a: Landorus
|-damage|p1a: Landorus|50/100
|
|-heal|p2a: Ting-Lu|90/100|[from] item: Leftovers
|upkeep
|turn|4
|
|t:|1776186639
|switch|p2a: Sinistcha|Sinistcha|100/100
|move|p1a: Landorus|U-turn|p2a: Sinistcha
|-damage|p2a: Sinistcha|81/100
|
|t:|1776186645
|switch|p1a: Incineroar|Incineroar, M|100/100|[from] U-turn
|-ability|p1a: Incineroar|Intimidate|boost
|-unboost|p2a: Sinistcha|atk|1
|
|-heal|p2a: Sinistcha|87/100|[from] item: Leftovers
|upkeep
|turn|5
|
|t:|1776186661
|switch|p2a: Ting-Lu|Ting-Lu|90/100
|-ability|p2a: Ting-Lu|Vessel of Ruin
|move|p1a: Incineroar|Knock Off|p2a: Ting-Lu
|-resisted|p2a: Ting-Lu
|-damage|p2a: Ting-Lu|77/100
|-enditem|p2a: Ting-Lu|Leftovers|[from] move: Knock Off|[of] p1a: Incineroar
|
|upkeep
|turn|6
|
|t:|1776186668
|move|p1a: Incineroar|Parting Shot|p2a: Ting-Lu
|-unboost|p2a: Ting-Lu|atk|1
|-unboost|p2a: Ting-Lu|spa|1
|
|t:|1776186678
|switch|p1a: Dragapult|Dragapult, M|100/100|[from] Parting Shot
|move|p2a: Ting-Lu|Stealth Rock|p1a: Dragapult
|-sidestart|p1: jusemato|move: Stealth Rock
|
|upkeep
|turn|7
|
|t:|1776186684
|move|p1a: Dragapult|U-turn|p2a: Ting-Lu
|-supereffective|p2a: Ting-Lu
|-damage|p2a: Ting-Lu|36/100
|
|t:|1776186688
|switch|p1a: Landorus|Landorus-Therian, M|50/100|[from] U-turn
|-damage|p1a: Landorus|38/100|[from] Stealth Rock
|-ability|p1a: Landorus|Intimidate|boost
|-unboost|p2a: Ting-Lu|atk|1
|move|p2a: Ting-Lu|Whirlwind|p1a: Landorus
|drag|p1a: Magneton|Magneton, shiny|100/100
|-damage|p1a: Magneton|94/100|[from] Stealth Rock
|
|upkeep
|turn|8
|
|t:|1776186698
|switch|p1a: Landorus|Landorus-Therian, M|38/100
|-damage|p1a: Landorus|26/100|[from] Stealth Rock
|-ability|p1a: Landorus|Intimidate|boost
|-unboost|p2a: Ting-Lu|atk|1
|move|p2a: Ting-Lu|Ruination|p1a: Landorus
|-damage|p1a: Landorus|13/100
|
|upkeep
|turn|9
|
|t:|1776186711
|switch|p2a: Sinistcha|Sinistcha|87/100
|move|p1a: Landorus|U-turn|p2a: Sinistcha
|-damage|p2a: Sinistcha|68/100
|
|t:|1776186716
|switch|p1a: Incineroar|Incineroar, M|100/100|[from] U-turn
|-ability|p1a: Incineroar|Intimidate|boost
|-unboost|p2a: Sinistcha|atk|1
|
|-heal|p2a: Sinistcha|74/100|[from] item: Leftovers
|upkeep
|turn|10
|
|t:|1776186724
|switch|p2a: Ting-Lu|Ting-Lu|36/100
|-ability|p2a: Ting-Lu|Vessel of Ruin
|move|p1a: Incineroar|Knock Off|p2a: Ting-Lu
|-resisted|p2a: Ting-Lu
|-damage|p2a: Ting-Lu|26/100
|
|upkeep
|turn|11
|
|t:|1776186732
|move|p1a: Incineroar|Flare Blitz|p2a: Ting-Lu
|-damage|p2a: Ting-Lu|0 fnt
|faint|p2a: Ting-Lu
|-damage|p1a: Incineroar|89/100|[from] Recoil
|
|upkeep
|
|t:|1776186739
|switch|p2a: Ogerpon|Ogerpon-Wellspring, F|100/100
|turn|12
|
|t:|1776186745
|switch|p1a: Sinistcha|Sinistcha-Masterpiece, shiny|100/100
|move|p2a: Ogerpon|Swords Dance|p2a: Ogerpon
|-boost|p2a: Ogerpon|atk|2
|
|upkeep
|turn|13
|
|t:|1776186764
|move|p2a: Ogerpon|Knock Off|p1a: Sinistcha
|-supereffective|p1a: Sinistcha
|-damage|p1a: Sinistcha|0 fnt
|-enditem|p1a: Sinistcha|Heavy-Duty Boots|[from] move: Knock Off|[of] p2a: Ogerpon
|faint|p1a: Sinistcha
|
|upkeep
|
|t:|1776186770
|switch|p1a: Dragapult|Dragapult, M|100/100
|-damage|p1a: Dragapult|88/100|[from] Stealth Rock
|turn|14
|
|t:|1776186780
|switch|p2a: Tentacruel|Tentacruel, F|100/100
|move|p1a: Dragapult|U-turn|p2a: Tentacruel
|-resisted|p2a: Tentacruel
|-damage|p2a: Tentacruel|77/100
|
|t:|1776186788
|switch|p1a: Magneton|Magneton, shiny|94/100|[from] U-turn
|-damage|p1a: Magneton|88/100|[from] Stealth Rock
|
|-heal|p2a: Tentacruel|83/100|[from] item: Leftovers
|upkeep
|turn|15
|
|t:|1776186795
|move|p2a: Tentacruel|Rain Dance|p2a: Tentacruel
|-weather|RainDance
|move|p1a: Magneton|Volt Switch|p2a: Tentacruel
|-supereffective|p2a: Tentacruel
|-damage|p2a: Tentacruel|27/100
|
|t:|1776186812
|switch|p1a: Dragapult|Dragapult, M|88/100|[from] Volt Switch
|-damage|p1a: Dragapult|76/100|[from] Stealth Rock
|
|-weather|RainDance|[upkeep]
|-heal|p2a: Tentacruel|33/100|[from] ability: Rain Dish
|-heal|p2a: Tentacruel|39/100|[from] item: Leftovers
|upkeep
|turn|16
|
|t:|1776186820
|move|p1a: Dragapult|Phantom Force||[still]
|-prepare|p1a: Dragapult|Phantom Force
|move|p2a: Tentacruel|Flip Turn|p1a: Dragapult|[miss]
|-miss|p2a: Tentacruel|p1a: Dragapult
|
|-weather|RainDance|[upkeep]
|-heal|p2a: Tentacruel|45/100|[from] ability: Rain Dish
|-heal|p2a: Tentacruel|51/100|[from] item: Leftovers
|upkeep
|turn|17
|
|t:|1776186827
|move|p1a: Dragapult|Phantom Force|p2a: Tentacruel|[from] lockedmove
|-damage|p2a: Tentacruel|0 fnt
|faint|p2a: Tentacruel
|
|-weather|RainDance|[upkeep]
|upkeep
|
|t:|1776186833
|switch|p2a: Weavile|Weavile, F|100/100
|-ability|p2a: Weavile|Pressure
|turn|18
|
|t:|1776186838
|switch|p1a: Forretress|Forretress, M, shiny|100/100
|move|p2a: Weavile|Swords Dance|p2a: Weavile
|-boost|p2a: Weavile|atk|2
|
|-weather|RainDance|[upkeep]
|upkeep
|turn|19
|
|t:|1776186853
|switch|p2a: Sinistcha|Sinistcha|74/100
|move|p1a: Forretress|Gyro Ball|p2a: Sinistcha
|-damage|p2a: Sinistcha|58/100
|
|-weather|none
|-heal|p2a: Sinistcha|64/100|[from] item: Leftovers
|upkeep
|turn|20
|
|t:|1776186861
|switch|p1a: Incineroar|Incineroar, M|89/100
|-ability|p1a: Incineroar|Intimidate|boost
|-unboost|p2a: Sinistcha|atk|1
|move|p2a: Sinistcha|Strength Sap|p1a: Incineroar
|-unboost|p1a: Incineroar|atk|1
|-heal|p2a: Sinistcha|100/100
|
|upkeep
|turn|21
|
|t:|1776186871
|move|p2a: Sinistcha|Calm Mind|p2a: Sinistcha
|-boost|p2a: Sinistcha|spa|1
|-boost|p2a: Sinistcha|spd|1
|move|p1a: Incineroar|Taunt|p2a: Sinistcha
|-start|p2a: Sinistcha|move: Taunt
|
|upkeep
|turn|22
|
|t:|1776186880
|move|p2a: Sinistcha|Matcha Gotcha|p1a: Incineroar
|-resisted|p1a: Incineroar
|-damage|p1a: Incineroar|68/100
|move|p1a: Incineroar|Knock Off|p2a: Sinistcha
|-supereffective|p2a: Sinistcha
|-damage|p2a: Sinistcha|57/100
|-enditem|p2a: Sinistcha|Leftovers|[from] move: Knock Off|[of] p1a: Incineroar
|
|upkeep
|turn|23
|
|t:|1776186908
|move|p2a: Sinistcha|Shadow Ball|p1a: Incineroar
|-resisted|p1a: Incineroar
|-damage|p1a: Incineroar|45/100
|move|p1a: Incineroar|Flare Blitz|p2a: Sinistcha
|-supereffective|p2a: Sinistcha
|-damage|p2a: Sinistcha|25/100
|-damage|p1a: Incineroar|36/100|[from] Recoil
|
|upkeep
|turn|24
|
|t:|1776186953
|move|p2a: Sinistcha|Shadow Ball|p1a: Incineroar
|-resisted|p1a: Incineroar
|-damage|p1a: Incineroar|14/100
|-unboost|p1a: Incineroar|spd|1
|move|p1a: Incineroar|Flare Blitz|p2a: Sinistcha
|-supereffective|p2a: Sinistcha
|-damage|p2a: Sinistcha|0 fnt
|faint|p2a: Sinistcha
|-damage|p1a: Incineroar|7/100|[from] Recoil
|
|upkeep
|
|t:|1776186962
|switch|p2a: Ogerpon|Ogerpon-Wellspring, F|100/100
|turn|25
|
|t:|1776186977
|move|p2a: Ogerpon|Trailblaze|p1a: Incineroar
|-resisted|p1a: Incineroar
|-damage|p1a: Incineroar|0 fnt
|-boost|p2a: Ogerpon|spe|1
|faint|p1a: Incineroar
|
|upkeep
|
|t:|1776187003
|switch|p1a: Forretress|Forretress, M, shiny|100/100
|turn|26
|
|t:|1776187011
|move|p2a: Ogerpon|Swords Dance|p2a: Ogerpon
|-boost|p2a: Ogerpon|atk|2
|move|p1a: Forretress|Body Press|p2a: Ogerpon
|-damage|p2a: Ogerpon|61/100
|
|upkeep
|turn|27
|
|t:|1776187037
|switch|p1a: Landorus|Landorus-Therian, M|13/100
|-damage|p1a: Landorus|1/100|[from] Stealth Rock
|-ability|p1a: Landorus|Intimidate|boost
|-unboost|p2a: Ogerpon|atk|1
|move|p2a: Ogerpon|Ivy Cudgel|p1a: Landorus|[anim] Ivy Cudgel Water
|-supereffective|p1a: Landorus
|-damage|p1a: Landorus|0 fnt
|faint|p1a: Landorus
|
|upkeep
|
|t:|1776187066
|switch|p1a: Magneton|Magneton, shiny|88/100
|-damage|p1a: Magneton|82/100|[from] Stealth Rock
|turn|28
|
|t:|1776187071
|-terastallize|p2a: Ogerpon|Water
|detailschange|p2a: Ogerpon|Ogerpon-Wellspring-Tera, F, tera:Water
|-ability|p2a: Ogerpon|Embody Aspect (Wellspring)|boost
|-boost|p2a: Ogerpon|spd|1
|move|p2a: Ogerpon|Ivy Cudgel|p1a: Magneton|[anim] Ivy Cudgel Water
|-damage|p1a: Magneton|0 fnt
|faint|p1a: Magneton
|
|upkeep
|
|t:|1776187075
|switch|p1a: Forretress|Forretress, M, shiny|100/100
|turn|29
|
|t:|1776187082
|-terastallize|p1a: Forretress|Fighting
|move|p2a: Ogerpon|Ivy Cudgel|p1a: Forretress|[anim] Ivy Cudgel Water
|-damage|p1a: Forretress|37/100
|move|p1a: Forretress|Body Press|p2a: Ogerpon
|-damage|p2a: Ogerpon|0 fnt
|faint|p2a: Ogerpon
|detailschange|p2: Ogerpon|Ogerpon-Wellspring, F|[silent]
|
|upkeep
|
|t:|1776187091
|switch|p2a: Weavile|Weavile, F|100/100
|-ability|p2a: Weavile|Pressure
|turn|30
|
|t:|1776187102
|move|p2a: Weavile|Swords Dance|p2a: Weavile
|-boost|p2a: Weavile|atk|2
|move|p1a: Forretress|Body Press|p2a: Weavile
|-supereffective|p2a: Weavile
|-enditem|p2a: Weavile|Focus Sash
|-damage|p2a: Weavile|1/100
|
|upkeep
|turn|31
|
|t:|1776187112
|move|p2a: Weavile|Triple Axel|p1a: Forretress
|-damage|p1a: Forretress|25/100
|-damage|p1a: Forretress|3/100
|-damage|p1a: Forretress|0 fnt
|faint|p1a: Forretress
|-hitcount|p1: Forretress|3
|
|upkeep
|
|t:|1776187116
|switch|p1a: Dragapult|Dragapult, M|76/100
|-damage|p1a: Dragapult|63/100|[from] Stealth Rock
|turn|32
|
|t:|1776187121
|move|p2a: Weavile|Ice Shard|p1a: Dragapult
|-supereffective|p1a: Dragapult
|-damage|p1a: Dragapult|0 fnt
|faint|p1a: Dragapult
|
|win|Minerva206
|l|☆jusemato
|player|p1|
|c|☆Minerva206|gg bro
