|html|<div class="broadcast-blue"><strong>[Gen 9] OU is currently suspecting Volcarona! For information on how to participate check out the <a href="https://www.smogon.com/tools/suspects/view/208">suspect thread</a>.</strong></div>
|j|☆jetleiroi
|j|☆xxSjoerd
|t:|1778508159
|gametype|singles
|player|p1|jetleiroi|koga|1284
|player|p2|xxSjoerd|170|1255
|gen|9
|tier|[Gen 9] OU
|rated|
|rule|HP Percentage Mod: HP is shown in percentages
|rule|Endless Battle Clause: Forcing endless battles is banned
|rule|Species Clause: Limit one of each Pokémon
|rule|OHKO Clause: OHKO moves are banned
|rule|Evasion Items Clause: Evasion items are banned
|rule|Evasion Moves Clause: Evasion moves are banned
|rule|Evasion Abilities Clause: Evasion abilities are banned
|rule|Sleep Moves Clause: Sleep-inducing moves are banned
|clearpoke
|poke|p1|Indeedee, M|
|poke|p1|Great Tusk|
|poke|p1|Ogerpon-Wellspring, F|
|poke|p1|Pecharunt|
|poke|p1|Iron Jugulis|
|poke|p1|Diancie|
|poke|p2|Hoopa-Unbound|
|poke|p2|Ceruledge, M|
|poke|p2|Corviknight, F|
|poke|p2|Iron Valiant|
|poke|p2|Ribombee, M|
|poke|p2|Clodsire, F|
|teampreview
|inactive|Battle timer is ON: inactive players will automatically lose when time's up. (requested by jetleiroi)
|
|t:|1778508168
|teamsize|p1|6
|teamsize|p2|6
|start
|switch|p1a: Yes Indeedee!|Indeedee, M|100/100
|switch|p2a: Ribombee|Ribombee, M|100/100
|-fieldstart|move: Psychic Terrain|[from] ability: Psychic Surge|[of] p1a: Yes Indeedee!
|turn|1
|
|t:|1778508184
|move|p1a: Yes Indeedee!|Expanding Force|p2a: Ribombee
|-enditem|p2a: Ribombee|Focus Sash
|-damage|p2a: Ribombee|1/100
|move|p2a: Ribombee|Sticky Web|p1a: Yes Indeedee!
|-sidestart|p1: jetleiroi|move: Sticky Web
|
|upkeep
|turn|2
|
|t:|1778508206
|switch|p1a: Big Peachie|Pecharunt|100/100
|-activate|p1a: Big Peachie|move: Sticky Web
|-unboost|p1a: Big Peachie|spe|1
|switch|p2a: Hoopa|Hoopa-Unbound|100/100
|
|upkeep
|turn|3
|
|t:|1778508221
|move|p2a: Hoopa|Knock Off|p1a: Big Peachie
|-supereffective|p1a: Big Peachie
|-damage|p1a: Big Peachie|20/100
|-damage|p2a: Hoopa|84/100|[from] item: Rocky Helmet|[of] p1a: Big Peachie
|-enditem|p1a: Big Peachie|Rocky Helmet|[from] move: Knock Off|[of] p2a: Hoopa
|move|p1a: Big Peachie|Parting Shot|p2a: Hoopa
|-unboost|p2a: Hoopa|atk|1
|-unboost|p2a: Hoopa|spa|1
|
|t:|1778508230
|switch|p1a: Triple Threat|Iron Jugulis|100/100|[from] Parting Shot
|-enditem|p1a: Triple Threat|Booster Energy
|-activate|p1a: Triple Threat|ability: Quark Drive|[fromitem]
|-start|p1a: Triple Threat|quarkdrivespe
|
|upkeep
|turn|4
|
|t:|1778508248
|switch|p2a: Clodsire|Clodsire, F|100/100
|move|p1a: Triple Threat|U-turn|p2a: Clodsire
|-resisted|p2a: Clodsire
|-damage|p2a: Clodsire|94/100
|
|t:|1778508254
|-end|p1a: Triple Threat|Quark Drive|[silent]
|switch|p1a: Dumbo|Great Tusk|100/100|[from] U-turn
|-activate|p1a: Dumbo|move: Sticky Web
|-unboost|p1a: Dumbo|spe|1
|-enditem|p1a: Dumbo|Booster Energy
|-activate|p1a: Dumbo|ability: Protosynthesis|[fromitem]
|-start|p1a: Dumbo|protosynthesisdef
|
|upkeep
|turn|5
|
|t:|1778508277
|switch|p2a: Corviknight|Corviknight, F|100/100
|-ability|p2a: Corviknight|Pressure
|move|p1a: Dumbo|Rapid Spin|p2a: Corviknight
|-resisted|p2a: Corviknight
|-damage|p2a: Corviknight|96/100
|-boost|p1a: Dumbo|spe|1
|-sideend|p1: jetleiroi|Sticky Web|[from] move: Rapid Spin|[of] p1a: Dumbo
|
|-heal|p2a: Corviknight|100/100|[from] item: Leftovers
|-fieldend|move: Psychic Terrain
|upkeep
|turn|6
|
|t:|1778508301
|-end|p1a: Dumbo|Protosynthesis|[silent]
|switch|p1a: Triple Threat|Iron Jugulis|100/100
|move|p2a: Corviknight|Brave Bird|p1a: Triple Threat
|-damage|p1a: Triple Threat|55/100
|-damage|p2a: Corviknight|88/100|[from] Recoil
|
|-heal|p2a: Corviknight|94/100|[from] item: Leftovers
|upkeep
|turn|7
|
|t:|1778508318
|move|p1a: Triple Threat|Fire Blast|p2a: Corviknight
|-supereffective|p2a: Corviknight
|-damage|p2a: Corviknight|22/100
|move|p2a: Corviknight|U-turn|p1a: Triple Threat
|-damage|p1a: Triple Threat|39/100
|inactive|xxSjoerd has 120 seconds left.
|
|t:|1778508336
|switch|p2a: Ribombee|Ribombee, M|1/100|[from] U-turn
|
|upkeep
|turn|8
|
|t:|1778508354
|-end|p1a: Triple Threat|Quark Drive|[silent]
|switch|p1a: Big Peachie|Pecharunt|20/100
|move|p2a: Ribombee|Sticky Web|p1a: Big Peachie
|-sidestart|p1: jetleiroi|move: Sticky Web
|
|upkeep
|turn|9
|
|t:|1778508364
|switch|p2a: Clodsire|Clodsire, F|94/100
|move|p1a: Big Peachie|Recover|p1a: Big Peachie
|-heal|p1a: Big Peachie|70/100
|
|upkeep
|turn|10
|
|t:|1778508371
|move|p1a: Big Peachie|Parting Shot|p2a: Clodsire
|-unboost|p2a: Clodsire|atk|1
|-unboost|p2a: Clodsire|spa|1
|
|t:|1778508377
|switch|p1a: Yes Indeedee!|Indeedee, M|100/100|[from] Parting Shot
|-activate|p1a: Yes Indeedee!|move: Sticky Web
|-unboost|p1a: Yes Indeedee!|spe|1
|-fieldstart|move: Psychic Terrain|[from] ability: Psychic Surge|[of] p1a: Yes Indeedee!
|move|p2a: Clodsire|Recover|p2a: Clodsire
|-heal|p2a: Clodsire|100/100
|
|upkeep
|turn|11
|inactive|xxSjoerd has 120 seconds left.
|
|t:|1778508415
|move|p1a: Yes Indeedee!|Trick|p2a: Clodsire
|-activate|p1a: Yes Indeedee!|move: Trick|[of] p2a: Clodsire
|-item|p2a: Clodsire|Choice Scarf|[from] move: Trick
|-item|p1a: Yes Indeedee!|Heavy-Duty Boots|[from] move: Trick
|move|p2a: Clodsire|Toxic|p1a: Yes Indeedee!
|-status|p1a: Yes Indeedee!|tox
|
|-damage|p1a: Yes Indeedee!|94/100 tox|[from] psn
|upkeep
|turn|12
|inactive|xxSjoerd has 120 seconds left.
|
|t:|1778508438
|switch|p1a: Big Peachie|Pecharunt|70/100
|-activate|p1a: Big Peachie|move: Sticky Web
|-unboost|p1a: Big Peachie|spe|1
|switch|p2a: Hoopa|Hoopa-Unbound|84/100
|
|upkeep
|turn|13
|
|t:|1778508452
|move|p2a: Hoopa|Zen Headbutt|p1a: Big Peachie
|-supereffective|p1a: Big Peachie
|-damage|p1a: Big Peachie|0 fnt
|faint|p1a: Big Peachie
|
|upkeep
|
|t:|1778508457
|switch|p1a: Triple Threat|Iron Jugulis|39/100
|turn|14
|
|t:|1778508480
|switch|p2a: Clodsire|Clodsire, F|100/100
|move|p1a: Triple Threat|U-turn|p2a: Clodsire
|-resisted|p2a: Clodsire
|-damage|p2a: Clodsire|94/100
|inactive|jetleiroi has 120 seconds left.
|
|t:|1778508540
|-end|p1a: Triple Threat|Quark Drive|[silent]
|switch|p1a: Yes Indeedee!|Indeedee, M|94/100 tox|[from] U-turn
|
|-damage|p1a: Yes Indeedee!|88/100 tox|[from] psn
|-fieldend|move: Psychic Terrain
|upkeep
|turn|15
|inactive|xxSjoerd has 90 seconds left.
|
|t:|1778508584
|switch|p2a: Hoopa|Hoopa-Unbound|84/100
|move|p1a: Yes Indeedee!|Expanding Force|p2a: Hoopa
|-immune|p2a: Hoopa
|
|-damage|p1a: Yes Indeedee!|76/100 tox|[from] psn
|upkeep
|turn|16
|inactive|jetleiroi has 90 seconds left.
|-message|jetleiroi forfeited.
|
|win|xxSjoerd
|raw|jetleiroi's rating: 1284 &rarr; <strong>1257</strong><br />(-27 for losing)
|raw|xxSjoerd's rating: 1255 &rarr; <strong>1282</strong><br />(+27 for winning)
|l|☆jetleiroi
|player|p1|
