|html|<div class="broadcast-blue"><strong>[Gen 9] OU is currently suspecting Tera Blast! For information on how to participate check out the <a href="https://www.smogon.com/tools/suspects/view/200">suspect thread</a>.</strong></div>
|j|☆GoyEmpereor
|j|☆testingolem
|t:|1776069660
|gametype|singles
|player|p1|GoyEmpereor|101|1618
|player|p2|testingolem|hiker-gen4|1611
|gen|9
|tier|[Gen 9] OU
|rated|
|rule|HP Percentage Mod: HP is shown in percentages
|rule|Endless Battle Clause: Forcing endless battles is banned
|rule|Species Clause: Limit one of each Pokémon
|rule|OHKO Clause: OHKO moves are banned
|rule|Evasion Items Clause: Evasion items are banned
|rule|Evasion Moves Clause: Evasion moves are banned
|rule|Evasion Abilities Clause: Evasion abilities are banned
|rule|Sleep Moves Clause: Sleep-inducing moves are banned
|clearpoke
|poke|p1|Dondozo, M|
|poke|p1|Kyurem|
|poke|p1|Ting-Lu|
|poke|p1|Zamazenta-*|
|poke|p1|Corviknight, M|
|poke|p1|Weezing-Galar, M|
|poke|p2|Kingambit, M|
|poke|p2|Deoxys-Speed|
|poke|p2|Great Tusk|
|poke|p2|Primarina, F|
|poke|p2|Raging Bolt|
|poke|p2|Smeargle, M|
|teampreview
|inactive|Battle timer is ON: inactive players will automatically lose when time's up. (requested by GoyEmpereor)
|j| shauryagarchamp
|
|t:|1776069681
|teamsize|p1|6
|teamsize|p2|6
|start
|switch|p1a: Kyurem|Kyurem|100/100
|switch|p2a: Smeargle|Smeargle, M|100/100
|-ability|p1a: Kyurem|Pressure
|turn|1
|
|t:|1776069687
|move|p1a: Kyurem|Substitute|p1a: Kyurem
|-start|p1a: Kyurem|Substitute
|-damage|p1a: Kyurem|76/100
|move|p2a: Smeargle|Stone Axe|p1a: Kyurem
|-supereffective|p1a: Kyurem
|-activate|p1a: Kyurem|move: Substitute|[damage]
|-sidestart|p1: GoyEmpereor|move: Stealth Rock
|
|-heal|p1a: Kyurem|82/100|[from] item: Leftovers
|upkeep
|turn|2
|
|t:|1776069690
|move|p1a: Kyurem|Protect|p1a: Kyurem
|-singleturn|p1a: Kyurem|Protect
|move|p2a: Smeargle|Endeavor|p1a: Kyurem
|-activate|p1a: Kyurem|move: Protect
|
|-heal|p1a: Kyurem|88/100|[from] item: Leftovers
|upkeep
|turn|3
|
|t:|1776069694
|move|p1a: Kyurem|Freeze-Dry|p2a: Smeargle
|-damage|p2a: Smeargle|17/100
|move|p2a: Smeargle|Endeavor|p1a: Kyurem
|-end|p1a: Kyurem|Substitute
|
|-heal|p1a: Kyurem|94/100|[from] item: Leftovers
|upkeep
|turn|4
|
|t:|1776069699
|switch|p2a: Primarina|Primarina, F|100/100
|move|p1a: Kyurem|Freeze-Dry|p2a: Primarina
|-supereffective|p2a: Primarina
|-damage|p2a: Primarina|59/100
|
|-heal|p1a: Kyurem|99/100|[from] item: Leftovers
|upkeep
|turn|5
|
|t:|1776069709
|switch|p1a: Corviknight|Corviknight, M|100/100
|-damage|p1a: Corviknight|88/100|[from] Stealth Rock
|-ability|p1a: Corviknight|Pressure
|move|p2a: Primarina|Draining Kiss|p1a: Corviknight
|-resisted|p1a: Corviknight
|-damage|p1a: Corviknight|78/100
|-heal|p2a: Primarina|67/100|[from] drain|[of] p1a: Corviknight
|
|-heal|p1a: Corviknight|84/100|[from] item: Leftovers
|upkeep
|turn|6
|
|t:|1776069712
|move|p2a: Primarina|Hyper Voice|p1a: Corviknight
|-damage|p1a: Corviknight|50/100
|move|p1a: Corviknight|Defog|p2a: Primarina
|-unboost|p2a: Primarina|evasion|1
|-sideend|p1: GoyEmpereor|Stealth Rock|[from] move: Defog|[of] p1a: Corviknight
|
|-heal|p1a: Corviknight|56/100|[from] item: Leftovers
|upkeep
|turn|7
|
|t:|1776069715
|move|p2a: Primarina|Hyper Voice|p1a: Corviknight
|-damage|p1a: Corviknight|18/100
|move|p1a: Corviknight|Roost|p1a: Corviknight
|-heal|p1a: Corviknight|68/100
|-singleturn|p1a: Corviknight|move: Roost
|
|-heal|p1a: Corviknight|74/100|[from] item: Leftovers
|upkeep
|turn|8
|
|t:|1776069720
|switch|p2a: Smeargle|Smeargle, M|17/100
|move|p1a: Corviknight|Roost|p1a: Corviknight
|-heal|p1a: Corviknight|100/100
|-singleturn|p1a: Corviknight|move: Roost
|
|upkeep
|turn|9
|
|t:|1776069725
|move|p2a: Smeargle|Endeavor|p1a: Corviknight
|-damage|p1a: Corviknight|11/100
|move|p1a: Corviknight|U-turn|p2a: Smeargle
|-damage|p2a: Smeargle|0 fnt
|faint|p2a: Smeargle
|
|t:|1776069729
|switch|p1a: Kyurem|Kyurem|99/100|[from] U-turn
|-ability|p1a: Kyurem|Pressure
|
|-heal|p1a: Kyurem|100/100|[from] item: Leftovers
|upkeep
|
|t:|1776069733
|switch|p2a: Primarina|Primarina, F|67/100
|turn|10
|
|t:|1776069740
|switch|p1a: Dondozo|Dondozo, M|100/100
|move|p2a: Primarina|Moonblast|p1a: Dondozo
|-damage|p1a: Dondozo|68/100
|
|-heal|p1a: Dondozo|74/100|[from] item: Leftovers
|upkeep
|turn|11
|
|t:|1776069744
|move|p2a: Primarina|Draining Kiss|p1a: Dondozo
|-damage|p1a: Dondozo|56/100
|-heal|p2a: Primarina|87/100|[from] drain|[of] p1a: Dondozo
|move|p1a: Dondozo|Wave Crash|p2a: Primarina
|-resisted|p2a: Primarina
|-damage|p2a: Primarina|61/100
|-damage|p1a: Dondozo|49/100|[from] Recoil
|
|-heal|p1a: Dondozo|56/100|[from] item: Leftovers
|upkeep
|turn|12
|
|t:|1776069749
|move|p2a: Primarina|Draining Kiss|p1a: Dondozo
|-damage|p1a: Dondozo|38/100
|-heal|p2a: Primarina|80/100|[from] drain|[of] p1a: Dondozo
|move|p1a: Dondozo|Rest|p1a: Dondozo
|-status|p1a: Dondozo|slp|[from] move: Rest
|-heal|p1a: Dondozo|100/100 slp|[silent]
|
|upkeep
|turn|13
|
|t:|1776069751
|move|p2a: Primarina|Draining Kiss|p1a: Dondozo
|-damage|p1a: Dondozo|82/100 slp
|-heal|p2a: Primarina|99/100|[from] drain|[of] p1a: Dondozo
|cant|p1a: Dondozo|slp
|move|p1a: Dondozo|Sleep Talk|p1a: Dondozo
|move|p1a: Dondozo|Curse|p1a: Dondozo|[from] move: Sleep Talk
|-unboost|p1a: Dondozo|spe|1
|-boost|p1a: Dondozo|atk|1
|-boost|p1a: Dondozo|def|1
|
|-heal|p1a: Dondozo|88/100 slp|[from] item: Leftovers
|upkeep
|turn|14
|
|t:|1776069754
|move|p2a: Primarina|Moonblast|p1a: Dondozo
|-damage|p1a: Dondozo|53/100 slp
|cant|p1a: Dondozo|slp
|move|p1a: Dondozo|Sleep Talk|p1a: Dondozo
|move|p1a: Dondozo|Wave Crash|p2a: Primarina|[from] move: Sleep Talk
|-resisted|p2a: Primarina
|-damage|p2a: Primarina|61/100
|-damage|p1a: Dondozo|44/100 slp|[from] Recoil
|
|-heal|p1a: Dondozo|50/100 slp|[from] item: Leftovers
|upkeep
|turn|15
|
|t:|1776069757
|move|p2a: Primarina|Moonblast|p1a: Dondozo
|-damage|p1a: Dondozo|19/100 slp
|-curestatus|p1a: Dondozo|slp|[msg]
|move|p1a: Dondozo|Rest|p1a: Dondozo
|-status|p1a: Dondozo|slp|[from] move: Rest
|-heal|p1a: Dondozo|100/100 slp|[silent]
|
|upkeep
|turn|16
|
|t:|1776069759
|move|p2a: Primarina|Moonblast|p1a: Dondozo
|-damage|p1a: Dondozo|66/100 slp
|-unboost|p1a: Dondozo|spa|1
|cant|p1a: Dondozo|slp
|move|p1a: Dondozo|Sleep Talk|p1a: Dondozo
|move|p1a: Dondozo|Wave Crash|p2a: Primarina|[from] move: Sleep Talk
|-resisted|p2a: Primarina
|-damage|p2a: Primarina|23/100
|-damage|p1a: Dondozo|57/100 slp|[from] Recoil
|
|-heal|p1a: Dondozo|63/100 slp|[from] item: Leftovers
|upkeep
|turn|17
|
|t:|1776069762
|move|p2a: Primarina|Draining Kiss|p1a: Dondozo
|-damage|p1a: Dondozo|45/100 slp
|-heal|p2a: Primarina|41/100|[from] drain|[of] p1a: Dondozo
|cant|p1a: Dondozo|slp
|move|p1a: Dondozo|Sleep Talk|p1a: Dondozo
|move|p1a: Dondozo|Rest||[from] move: Sleep Talk|[still]
|-fail|p1a: Dondozo
|
|-heal|p1a: Dondozo|51/100 slp|[from] item: Leftovers
|upkeep
|turn|18
|
|t:|1776069763
|move|p2a: Primarina|Draining Kiss|p1a: Dondozo
|-damage|p1a: Dondozo|34/100 slp
|-heal|p2a: Primarina|59/100|[from] drain|[of] p1a: Dondozo
|-curestatus|p1a: Dondozo|slp|[msg]
|move|p1a: Dondozo|Rest|p1a: Dondozo
|-status|p1a: Dondozo|slp|[from] move: Rest
|-heal|p1a: Dondozo|100/100 slp|[silent]
|
|upkeep
|turn|19
|
|t:|1776069765
|move|p2a: Primarina|Draining Kiss|p1a: Dondozo
|-damage|p1a: Dondozo|81/100 slp
|-heal|p2a: Primarina|79/100|[from] drain|[of] p1a: Dondozo
|cant|p1a: Dondozo|slp
|move|p1a: Dondozo|Sleep Talk|p1a: Dondozo
|move|p1a: Dondozo|Curse|p1a: Dondozo|[from] move: Sleep Talk
|-unboost|p1a: Dondozo|spe|1
|-boost|p1a: Dondozo|atk|1
|-boost|p1a: Dondozo|def|1
|
|-heal|p1a: Dondozo|88/100 slp|[from] item: Leftovers
|upkeep
|turn|20
|
|t:|1776069766
|move|p2a: Primarina|Moonblast|p1a: Dondozo
|-damage|p1a: Dondozo|52/100 slp
|cant|p1a: Dondozo|slp
|move|p1a: Dondozo|Sleep Talk|p1a: Dondozo
|move|p1a: Dondozo|Wave Crash|p2a: Primarina|[from] move: Sleep Talk
|-resisted|p2a: Primarina
|-damage|p2a: Primarina|33/100
|-damage|p1a: Dondozo|41/100 slp|[from] Recoil
|
|-heal|p1a: Dondozo|48/100 slp|[from] item: Leftovers
|upkeep
|turn|21
|
|t:|1776069769
|move|p2a: Primarina|Draining Kiss|p1a: Dondozo
|-damage|p1a: Dondozo|29/100 slp
|-heal|p2a: Primarina|53/100|[from] drain|[of] p1a: Dondozo
|-curestatus|p1a: Dondozo|slp|[msg]
|move|p1a: Dondozo|Rest|p1a: Dondozo
|-status|p1a: Dondozo|slp|[from] move: Rest
|-heal|p1a: Dondozo|100/100 slp|[silent]
|
|upkeep
|turn|22
|
|t:|1776069771
|move|p2a: Primarina|Moonblast|p1a: Dondozo
|-damage|p1a: Dondozo|68/100 slp
|cant|p1a: Dondozo|slp
|move|p1a: Dondozo|Sleep Talk|p1a: Dondozo
|move|p1a: Dondozo|Rest||[from] move: Sleep Talk|[still]
|-fail|p1a: Dondozo
|
|-heal|p1a: Dondozo|74/100 slp|[from] item: Leftovers
|upkeep
|turn|23
|
|t:|1776069773
|move|p2a: Primarina|Draining Kiss|p1a: Dondozo
|-damage|p1a: Dondozo|57/100 slp
|-heal|p2a: Primarina|71/100|[from] drain|[of] p1a: Dondozo
|cant|p1a: Dondozo|slp
|move|p1a: Dondozo|Sleep Talk|p1a: Dondozo
|move|p1a: Dondozo|Wave Crash|p2a: Primarina|[from] move: Sleep Talk
|-resisted|p2a: Primarina
|-damage|p2a: Primarina|18/100
|-damage|p1a: Dondozo|45/100 slp|[from] Recoil
|
|-heal|p1a: Dondozo|51/100 slp|[from] item: Leftovers
|upkeep
|turn|24
|
|t:|1776069780
|move|p2a: Primarina|Draining Kiss|p1a: Dondozo
|-damage|p1a: Dondozo|34/100 slp
|-heal|p2a: Primarina|36/100|[from] drain|[of] p1a: Dondozo
|-curestatus|p1a: Dondozo|slp|[msg]
|move|p1a: Dondozo|Rest|p1a: Dondozo
|-status|p1a: Dondozo|slp|[from] move: Rest
|-heal|p1a: Dondozo|100/100 slp|[silent]
|
|upkeep
|turn|25
|
|t:|1776069783
|move|p2a: Primarina|Draining Kiss|p1a: Dondozo
|-damage|p1a: Dondozo|81/100 slp
|-heal|p2a: Primarina|55/100|[from] drain|[of] p1a: Dondozo
|cant|p1a: Dondozo|slp
|move|p1a: Dondozo|Sleep Talk|p1a: Dondozo
|move|p1a: Dondozo|Curse|p1a: Dondozo|[from] move: Sleep Talk
|-unboost|p1a: Dondozo|spe|1
|-boost|p1a: Dondozo|atk|1
|-boost|p1a: Dondozo|def|1
|
|-heal|p1a: Dondozo|88/100 slp|[from] item: Leftovers
|upkeep
|turn|26
|
|t:|1776069786
|move|p2a: Primarina|Moonblast|p1a: Dondozo
|-damage|p1a: Dondozo|52/100 slp
|cant|p1a: Dondozo|slp
|move|p1a: Dondozo|Sleep Talk|p1a: Dondozo
|move|p1a: Dondozo|Curse|p1a: Dondozo|[from] move: Sleep Talk
|-unboost|p1a: Dondozo|spe|1
|-boost|p1a: Dondozo|atk|1
|-boost|p1a: Dondozo|def|1
|
|-heal|p1a: Dondozo|58/100 slp|[from] item: Leftovers
|upkeep
|turn|27
|
|t:|1776069794
|move|p2a: Primarina|Moonblast|p1a: Dondozo
|-damage|p1a: Dondozo|25/100 slp
|-curestatus|p1a: Dondozo|slp|[msg]
|move|p1a: Dondozo|Wave Crash|p2a: Primarina
|-resisted|p2a: Primarina
|-damage|p2a: Primarina|0 fnt
|faint|p2a: Primarina
|-damage|p1a: Dondozo|12/100|[from] Recoil
|
|-heal|p1a: Dondozo|18/100|[from] item: Leftovers
|upkeep
|
|t:|1776069798
|switch|p2a: Deoxys|Deoxys-Speed|100/100
|-ability|p2a: Deoxys|Pressure
|turn|28
|
|t:|1776069801
|switch|p1a: Ting-Lu|Ting-Lu|100/100
|-ability|p1a: Ting-Lu|Vessel of Ruin
|move|p2a: Deoxys|Psycho Boost|p1a: Ting-Lu
|-immune|p1a: Ting-Lu
|
|upkeep
|turn|29
|
|t:|1776069807
|move|p2a: Deoxys|Knock Off|p1a: Ting-Lu
|-resisted|p1a: Ting-Lu
|-damage|p1a: Ting-Lu|94/100
|-enditem|p1a: Ting-Lu|Leftovers|[from] move: Knock Off|[of] p2a: Deoxys
|-damage|p2a: Deoxys|91/100|[from] item: Life Orb
|move|p1a: Ting-Lu|Stealth Rock|p2a: Deoxys
|-sidestart|p2: testingolem|move: Stealth Rock
|
|upkeep
|turn|30
|
|t:|1776069827
|switch|p2a: Great Tusk|Great Tusk|100/100
|-damage|p2a: Great Tusk|98/100|[from] Stealth Rock
|-enditem|p2a: Great Tusk|Booster Energy
|-activate|p2a: Great Tusk|ability: Protosynthesis|[fromitem]
|-start|p2a: Great Tusk|protosynthesisspe
|switch|p1a: Corviknight|Corviknight, M|11/100
|-ability|p1a: Corviknight|Pressure
|
|-heal|p1a: Corviknight|17/100|[from] item: Leftovers
|upkeep
|turn|31
|
|t:|1776069833
|move|p2a: Great Tusk|Ice Spinner|p1a: Corviknight
|-damage|p1a: Corviknight|0 fnt
|faint|p1a: Corviknight
|
|upkeep
|
|t:|1776069838
|switch|p1a: Kyurem|Kyurem|100/100
|-ability|p1a: Kyurem|Pressure
|turn|32
|
|t:|1776069842
|move|p1a: Kyurem|Protect|p1a: Kyurem
|-singleturn|p1a: Kyurem|Protect
|move|p2a: Great Tusk|Rapid Spin|p1a: Kyurem
|-activate|p1a: Kyurem|move: Protect
|
|upkeep
|turn|33
|
|t:|1776069846
|move|p2a: Great Tusk|Rapid Spin|p1a: Kyurem
|-damage|p1a: Kyurem|87/100
|-boost|p2a: Great Tusk|spe|1
|-sideend|p2: testingolem|Stealth Rock|[from] move: Rapid Spin|[of] p2a: Great Tusk
|move|p1a: Kyurem|Freeze-Dry|p2a: Great Tusk
|-supereffective|p2a: Great Tusk
|-damage|p2a: Great Tusk|0 fnt
|faint|p2a: Great Tusk
|-end|p2a: Great Tusk|Protosynthesis|[silent]
|
|-heal|p1a: Kyurem|93/100|[from] item: Leftovers
|upkeep
|
|t:|1776069852
|switch|p2a: Deoxys|Deoxys-Speed|91/100
|-ability|p2a: Deoxys|Pressure
|turn|34
|
|t:|1776069854
|move|p1a: Kyurem|Protect|p1a: Kyurem
|-singleturn|p1a: Kyurem|Protect
|move|p2a: Deoxys|Knock Off|p1a: Kyurem
|-activate|p1a: Kyurem|move: Protect
|
|-heal|p1a: Kyurem|99/100|[from] item: Leftovers
|upkeep
|turn|35
|
|t:|1776069859
|switch|p1a: Ting-Lu|Ting-Lu|94/100
|-ability|p1a: Ting-Lu|Vessel of Ruin
|move|p2a: Deoxys|Superpower|p1a: Ting-Lu
|-supereffective|p1a: Ting-Lu
|-damage|p1a: Ting-Lu|60/100
|-unboost|p2a: Deoxys|atk|1
|-unboost|p2a: Deoxys|def|1
|-damage|p2a: Deoxys|81/100|[from] item: Life Orb
|
|upkeep
|turn|36
|
|t:|1776069863
|switch|p2a: Kingambit|Kingambit, M|100/100
|-activate|p2a: Kingambit|ability: Supreme Overlord
|-start|p2a: Kingambit|fallen3|[silent]
|-item|p2a: Kingambit|Air Balloon
|move|p1a: Ting-Lu|Earthquake|p2a: Kingambit
|-immune|p2a: Kingambit
|
|upkeep
|turn|37
|
|t:|1776069867
|switch|p1a: Zamazenta|Zamazenta|100/100
|-ability|p1a: Zamazenta|Dauntless Shield|boost
|-boost|p1a: Zamazenta|def|1
|move|p2a: Kingambit|Iron Head|p1a: Zamazenta
|-damage|p1a: Zamazenta|74/100
|
|upkeep
|turn|38
|
|t:|1776069871
|-end|p2a: Kingambit|fallen3|[silent]
|switch|p2a: Deoxys|Deoxys-Speed|81/100
|-ability|p2a: Deoxys|Pressure
|move|p1a: Zamazenta|Crunch|p2a: Deoxys
|-supereffective|p2a: Deoxys
|-damage|p2a: Deoxys|14/100
|-unboost|p2a: Deoxys|def|1
|
|upkeep
|turn|39
|
|t:|1776069877
|move|p2a: Deoxys|Recover|p2a: Deoxys
|-heal|p2a: Deoxys|64/100
|move|p1a: Zamazenta|Body Press|p2a: Deoxys
|-resisted|p2a: Deoxys
|-damage|p2a: Deoxys|0 fnt
|faint|p2a: Deoxys
|
|upkeep
|
|t:|1776069880
|switch|p2a: Raging Bolt|Raging Bolt|100/100
|-enditem|p2a: Raging Bolt|Booster Energy
|-activate|p2a: Raging Bolt|ability: Protosynthesis|[fromitem]
|-start|p2a: Raging Bolt|protosynthesisspa
|turn|40
|
|t:|1776069883
|switch|p1a: Ting-Lu|Ting-Lu|60/100
|-ability|p1a: Ting-Lu|Vessel of Ruin
|-terastallize|p2a: Raging Bolt|Flying
|move|p2a: Raging Bolt|Calm Mind|p2a: Raging Bolt
|-boost|p2a: Raging Bolt|spa|1
|-boost|p2a: Raging Bolt|spd|1
|
|upkeep
|turn|41
|
|t:|1776069886
|move|p2a: Raging Bolt|Dragon Pulse|p1a: Ting-Lu
|-damage|p1a: Ting-Lu|19/100
|move|p1a: Ting-Lu|Whirlwind|p2a: Raging Bolt
|-end|p2a: Raging Bolt|Protosynthesis|[silent]
|drag|p2a: Kingambit|Kingambit, M|100/100
|-activate|p2a: Kingambit|ability: Supreme Overlord
|-start|p2a: Kingambit|fallen4|[silent]
|-item|p2a: Kingambit|Air Balloon
|
|upkeep
|turn|42
|
|t:|1776069889
|move|p2a: Kingambit|Iron Head|p1a: Ting-Lu
|-damage|p1a: Ting-Lu|0 fnt
|faint|p1a: Ting-Lu
|
|upkeep
|
|t:|1776069891
|switch|p1a: Zamazenta|Zamazenta|74/100
|turn|43
|
|t:|1776069897
|move|p1a: Zamazenta|Body Press|p2a: Kingambit
|-supereffective|p2a: Kingambit
|-damage|p2a: Kingambit|0 fnt
|-enditem|p2a: Kingambit|Air Balloon
|faint|p2a: Kingambit
|-end|p2a: Kingambit|fallen4|[silent]
|
|upkeep
|
|t:|1776069900
|switch|p2a: Raging Bolt|Raging Bolt, tera:Flying|100/100
|turn|44
|
|t:|1776069905
|move|p1a: Zamazenta|Crunch|p2a: Raging Bolt
|-damage|p2a: Raging Bolt|84/100
|move|p2a: Raging Bolt|Calm Mind|p2a: Raging Bolt
|-boost|p2a: Raging Bolt|spa|1
|-boost|p2a: Raging Bolt|spd|1
|
|upkeep
|turn|45
|
|t:|1776069907
|move|p1a: Zamazenta|Crunch|p2a: Raging Bolt
|-damage|p2a: Raging Bolt|66/100
|move|p2a: Raging Bolt|Calm Mind|p2a: Raging Bolt
|-boost|p2a: Raging Bolt|spa|1
|-boost|p2a: Raging Bolt|spd|1
|
|upkeep
|turn|46
|
|t:|1776069910
|move|p2a: Raging Bolt|Thunderclap|p1a: Zamazenta
|-damage|p1a: Zamazenta|4/100
|move|p1a: Zamazenta|Crunch|p2a: Raging Bolt
|-damage|p2a: Raging Bolt|50/100
|
|upkeep
|turn|47
|
|t:|1776069913
|move|p2a: Raging Bolt|Thunderclap||[still]
|-fail|p2a: Raging Bolt
|move|p1a: Zamazenta|Rest|p1a: Zamazenta
|-status|p1a: Zamazenta|slp|[from] move: Rest
|-heal|p1a: Zamazenta|100/100 slp|[silent]
|-enditem|p1a: Zamazenta|Chesto Berry|[eat]
|-curestatus|p1a: Zamazenta|slp|[msg]
|
|upkeep
|turn|48
|
|t:|1776069917
|move|p2a: Raging Bolt|Thunderclap|p1a: Zamazenta
|-damage|p1a: Zamazenta|28/100
|move|p1a: Zamazenta|Crunch|p2a: Raging Bolt
|-damage|p2a: Raging Bolt|32/100
|
|upkeep
|turn|49
|
|t:|1776069919
|move|p2a: Raging Bolt|Thunderclap||[still]
|-fail|p2a: Raging Bolt
|move|p1a: Zamazenta|Iron Defense|p1a: Zamazenta
|-boost|p1a: Zamazenta|def|2
|
|upkeep
|turn|50
|
|t:|1776069922
|move|p2a: Raging Bolt|Thunderclap||[still]
|-fail|p2a: Raging Bolt
|move|p1a: Zamazenta|Iron Defense|p1a: Zamazenta
|-boost|p1a: Zamazenta|def|2
|
|upkeep
|turn|51
|
|t:|1776069923
|move|p2a: Raging Bolt|Thunderclap|p1a: Zamazenta
|-damage|p1a: Zamazenta|0 fnt
|faint|p1a: Zamazenta
|
|upkeep
|
|t:|1776069926
|switch|p1a: Kyurem|Kyurem|99/100
|-ability|p1a: Kyurem|Pressure
|turn|52
|
|t:|1776069931
|-terastallize|p1a: Kyurem|Ground
|move|p1a: Kyurem|Freeze-Dry|p2a: Raging Bolt
|-supereffective|p2a: Raging Bolt
|-damage|p2a: Raging Bolt|0 fnt
|faint|p2a: Raging Bolt
|-end|p2a: Raging Bolt|Protosynthesis|[silent]
|
|win|GoyEmpereor
|raw|GoyEmpereor's rating: 1618 &rarr; <strong>1638</strong><br />(+20 for winning)
|raw|testingolem's rating: 1611 &rarr; <strong>1591</strong><br />(-20 for losing)
|l|☆GoyEmpereor
|player|p1|
|l|☆testingolem
|player|p2|
