|html|<div class="broadcast-blue"><strong>[Gen 9] OU is currently suspecting Tera Blast! For information on how to participate check out the <a href="https://www.smogon.com/tools/suspects/view/200">suspect thread</a>.</strong></div>
|j|☆magistermilitum420
|j|☆GreninjaGlazer53
|t:|1776271416
|gametype|singles
|player|p1|magistermilitum420|blue|1272
|player|p2|GreninjaGlazer53|hooligans|1284
|gen|9
|tier|[Gen 9] OU
|rated|
|rule|HP Percentage Mod: HP is shown in percentages
|rule|Endless Battle Clause: Forcing endless battles is banned
|rule|Species Clause: Limit one of each Pokémon
|rule|OHKO Clause: OHKO moves are banned
|rule|Evasion Items Clause: Evasion items are banned
|rule|Evasion Moves Clause: Evasion moves are banned
|rule|Evasion Abilities Clause: Evasion abilities are banned
|rule|Sleep Moves Clause: Sleep-inducing moves are banned
|clearpoke
|poke|p1|Meowscarada, F|
|poke|p1|Great Tusk|
|poke|p1|Alomomola, M|
|poke|p1|Slowking-Galar, F|
|poke|p1|Iron Valiant|
|poke|p1|Heatran, M|
|poke|p2|Thundurus-Therian, M|
|poke|p2|Alomomola, F|
|poke|p2|Lokix, M|
|poke|p2|Corviknight, F|
|poke|p2|Hatterene, F|
|poke|p2|Garganacl, M|
|teampreview
|inactive|Battle timer is ON: inactive players will automatically lose when time's up. (requested by GreninjaGlazer53)
|
|t:|1776271422
|teamsize|p1|6
|teamsize|p2|6
|start
|switch|p1a: Mahad|Meowscarada, F, shiny|100/100
|switch|p2a: Thundurus|Thundurus-Therian, M|100/100
|turn|1
|
|t:|1776271429
|switch|p2a: Corviknight|Corviknight, F|100/100
|-ability|p2a: Corviknight|Pressure
|move|p1a: Mahad|U-turn|p2a: Corviknight
|-start|p1a: Mahad|typechange|Bug|[from] ability: Protean
|-resisted|p2a: Corviknight
|-damage|p2a: Corviknight|95/100
|-damage|p1a: Mahad|84/100|[from] item: Rocky Helmet|[of] p2a: Corviknight
|
|t:|1776271444
|switch|p1a: Vulcanus|Heatran, M, shiny|100/100|[from] U-turn
|
|upkeep
|turn|2
|
|t:|1776271460
|switch|p2a: Garganacl|Garganacl, M|100/100
|-terastallize|p1a: Vulcanus|Grass
|move|p1a: Vulcanus|Tera Blast|p2a: Garganacl|[anim] Tera Blast Grass
|-supereffective|p2a: Garganacl
|-damage|p2a: Garganacl|17/100
|
|-heal|p2a: Garganacl|24/100|[from] item: Leftovers
|upkeep
|turn|3
|inactive|GreninjaGlazer53 has 120 seconds left.
|
|t:|1776271486
|switch|p2a: Thundurus|Thundurus-Therian, M|100/100
|move|p1a: Vulcanus|Tera Blast|p2a: Thundurus|[anim] Tera Blast Grass
|-resisted|p2a: Thundurus
|-damage|p2a: Thundurus|57/100
|
|upkeep
|turn|4
|
|t:|1776271499
|switch|p1a: Mithridates|Slowking-Galar, F|100/100
|move|p2a: Thundurus|Volt Switch|p1a: Mithridates
|-damage|p1a: Mithridates|73/100
|
|t:|1776271502
|switch|p2a: Lokix|Lokix, M|100/100|[from] Volt Switch
|
|upkeep
|turn|5
|
|t:|1776271507
|switch|p1a: Charybdis|Alomomola, M, shiny|100/100
|move|p2a: Lokix|Knock Off|p1a: Charybdis
|-damage|p1a: Charybdis|63/100
|-damage|p2a: Lokix|84/100|[from] item: Rocky Helmet|[of] p1a: Charybdis
|-enditem|p1a: Charybdis|Rocky Helmet|[from] move: Knock Off|[of] p2a: Lokix
|
|upkeep
|turn|6
|
|t:|1776271517
|switch|p2a: Alomomola|Alomomola, F|100/100
|move|p1a: Charybdis|Scald|p2a: Alomomola
|-resisted|p2a: Alomomola
|-crit|p2a: Alomomola
|-damage|p2a: Alomomola|88/100
|-status|p2a: Alomomola|brn
|
|-damage|p2a: Alomomola|81/100 brn|[from] brn
|upkeep
|turn|7
|
|t:|1776271531
|move|p1a: Charybdis|Wish|p1a: Charybdis
|move|p2a: Alomomola|Wish|p2a: Alomomola
|
|-damage|p2a: Alomomola|75/100 brn|[from] brn
|upkeep
|turn|8
|
|t:|1776271541
|move|p2a: Alomomola|Flip Turn|p1a: Charybdis
|-resisted|p1a: Charybdis
|-damage|p1a: Charybdis|61/100
|
|t:|1776271553
|switch|p2a: Garganacl|Garganacl, M|24/100|[from] Flip Turn
|move|p1a: Charybdis|Flip Turn|p2a: Garganacl
|-supereffective|p2a: Garganacl
|-damage|p2a: Garganacl|4/100
|
|t:|1776271560
|switch|p1a: Mahad|Meowscarada, F, shiny|84/100|[from] Flip Turn
|
|-heal|p1a: Mahad|100/100|[from] move: Wish|[wisher] Charybdis
|-heal|p2a: Garganacl|70/100|[from] move: Wish|[wisher] Alomomola
|-heal|p2a: Garganacl|76/100|[from] item: Leftovers
|upkeep
|turn|9
|
|t:|1776271575
|switch|p2a: Corviknight|Corviknight, F|95/100
|-ability|p2a: Corviknight|Pressure
|move|p1a: Mahad|Flower Trick|p2a: Corviknight
|-start|p1a: Mahad|typechange|Grass|[from] ability: Protean
|-resisted|p2a: Corviknight
|-crit|p2a: Corviknight
|-damage|p2a: Corviknight|88/100
|
|upkeep
|turn|10
|
|t:|1776271587
|switch|p1a: Charybdis|Alomomola, M, shiny|94/100
|move|p2a: Corviknight|U-turn|p1a: Charybdis
|-damage|p1a: Charybdis|86/100
|
|t:|1776271590
|switch|p2a: Thundurus|Thundurus-Therian, M|57/100|[from] U-turn
|
|upkeep
|turn|11
|
|t:|1776271597
|switch|p1a: Barca|Great Tusk|100/100
|move|p2a: Thundurus|Grass Knot|p1a: Barca
|-supereffective|p1a: Barca
|-crit|p1a: Barca
|-damage|p1a: Barca|0 fnt
|faint|p1a: Barca
|-end|p1a: Barca|Protosynthesis|[silent]
|
|upkeep
|
|t:|1776271607
|switch|p1a: Mithridates|Slowking-Galar, F|100/100
|turn|12
|
|t:|1776271617
|switch|p2a: Garganacl|Garganacl, M|76/100
|move|p1a: Mithridates|Future Sight|p2a: Garganacl
|-start|p1a: Mithridates|move: Future Sight
|
|-heal|p2a: Garganacl|82/100|[from] item: Leftovers
|upkeep
|turn|13
|
|t:|1776271629
|move|p2a: Garganacl|Salt Cure|p1a: Mithridates
|-damage|p1a: Mithridates|85/100
|-start|p1a: Mithridates|Salt Cure
|move|p1a: Mithridates|Surf|p2a: Garganacl
|-supereffective|p2a: Garganacl
|-damage|p2a: Garganacl|44/100
|
|-heal|p2a: Garganacl|50/100|[from] item: Leftovers
|-damage|p1a: Mithridates|72/100|[from] Salt Cure
|upkeep
|turn|14
|
|t:|1776271639
|switch|p1a: Vulcanus|Heatran, M, shiny, tera:Grass|100/100
|move|p2a: Garganacl|Protect||[still]
|-fail|p2a: Garganacl
|
|-end|p2a: Garganacl|move: Future Sight
|-crit|p2a: Garganacl
|-damage|p2a: Garganacl|0 fnt
|faint|p2a: Garganacl
|upkeep
|
|t:|1776271645
|switch|p2a: Lokix|Lokix, M|84/100
|turn|15
|
|t:|1776271653
|switch|p1a: Charybdis|Alomomola, M, shiny|100/100
|-terastallize|p2a: Lokix|Bug
|move|p2a: Lokix|First Impression|p1a: Charybdis
|-damage|p1a: Charybdis|53/100
|
|upkeep
|turn|16
|
|t:|1776271660
|switch|p2a: Thundurus|Thundurus-Therian, M|57/100
|move|p1a: Charybdis|Wish|p1a: Charybdis
|
|upkeep
|turn|17
|
|t:|1776271666
|switch|p1a: Vulcanus|Heatran, M, shiny, tera:Grass|100/100
|move|p2a: Thundurus|Volt Switch|p1a: Vulcanus
|-resisted|p1a: Vulcanus
|-damage|p1a: Vulcanus|72/100
|
|t:|1776271669
|switch|p2a: Lokix|Lokix, M, tera:Bug|84/100|[from] Volt Switch
|
|-heal|p1a: Vulcanus|100/100|[from] move: Wish|[wisher] Charybdis
|upkeep
|turn|18
|
|t:|1776271681
|switch|p1a: Charybdis|Alomomola, M, shiny|86/100
|move|p2a: Lokix|First Impression|p1a: Charybdis
|-damage|p1a: Charybdis|38/100
|
|upkeep
|turn|19
|
|t:|1776271691
|switch|p2a: Thundurus|Thundurus-Therian, M|57/100
|switch|p1a: Mithridates|Slowking-Galar, F|100/100
|
|upkeep
|turn|20
|
|t:|1776271701
|move|p2a: Thundurus|Volt Switch|p1a: Mithridates
|-damage|p1a: Mithridates|71/100
|
|t:|1776271710
|switch|p2a: Lokix|Lokix, M, tera:Bug|84/100|[from] Volt Switch
|move|p1a: Mithridates|Psychic Noise|p2a: Lokix
|-damage|p2a: Lokix|9/100
|-start|p2a: Lokix|move: Heal Block
|
|upkeep
|turn|21
|
|t:|1776271721
|move|p2a: Lokix|First Impression|p1a: Mithridates
|-damage|p1a: Mithridates|0 fnt
|faint|p1a: Mithridates
|
|-end|p2a: Lokix|move: Heal Block
|upkeep
|
|t:|1776271729
|switch|p1a: Mahad|Meowscarada, F, shiny|100/100
|turn|22
|
|t:|1776271753
|switch|p2a: Corviknight|Corviknight, F|88/100
|-ability|p2a: Corviknight|Pressure
|move|p1a: Mahad|Knock Off|p2a: Corviknight
|-start|p1a: Mahad|typechange|Dark|[from] ability: Protean
|-damage|p2a: Corviknight|58/100
|-damage|p1a: Mahad|84/100|[from] item: Rocky Helmet|[of] p2a: Corviknight
|-enditem|p2a: Corviknight|Rocky Helmet|[from] move: Knock Off|[of] p1a: Mahad
|
|upkeep
|turn|23
|
|t:|1776271764
|switch|p1a: Charybdis|Alomomola, M, shiny|71/100
|move|p2a: Corviknight|Roost|p2a: Corviknight
|-heal|p2a: Corviknight|100/100
|-singleturn|p2a: Corviknight|move: Roost
|
|upkeep
|turn|24
|
|t:|1776271772
|move|p2a: Corviknight|U-turn|p1a: Charybdis
|-damage|p1a: Charybdis|64/100
|
|t:|1776271779
|switch|p2a: Thundurus|Thundurus-Therian, M|57/100|[from] U-turn
|move|p1a: Charybdis|Scald|p2a: Thundurus
|-damage|p2a: Thundurus|38/100
|-status|p2a: Thundurus|brn
|
|-damage|p2a: Thundurus|32/100 brn|[from] brn
|upkeep
|turn|25
|
|t:|1776271792
|switch|p1a: Vulcanus|Heatran, M, shiny, tera:Grass|100/100
|move|p2a: Thundurus|Thunderbolt|p1a: Vulcanus
|-resisted|p1a: Vulcanus
|-damage|p1a: Vulcanus|64/100
|
|-damage|p2a: Thundurus|26/100 brn|[from] brn
|upkeep
|turn|26
|
|t:|1776271803
|switch|p2a: Hatterene|Hatterene, F|100/100
|move|p1a: Vulcanus|Tera Blast|p2a: Hatterene|[anim] Tera Blast Grass
|-damage|p2a: Hatterene|31/100
|
|upkeep
|turn|27
|
|t:|1776271811
|move|p1a: Vulcanus|Tera Blast|p2a: Hatterene|[anim] Tera Blast Grass
|-damage|p2a: Hatterene|0 fnt
|faint|p2a: Hatterene
|
|upkeep
|
|t:|1776271815
|switch|p2a: Lokix|Lokix, M, tera:Bug|9/100
|turn|28
|
|t:|1776271820
|switch|p1a: Charybdis|Alomomola, M, shiny|97/100
|move|p2a: Lokix|First Impression|p1a: Charybdis
|-crit|p1a: Charybdis
|-damage|p1a: Charybdis|22/100
|
|upkeep
|turn|29
|
|t:|1776271831
|switch|p2a: Thundurus|Thundurus-Therian, M|26/100 brn
|move|p1a: Charybdis|Scald|p2a: Thundurus
|-damage|p2a: Thundurus|8/100 brn
|
|-damage|p2a: Thundurus|2/100 brn|[from] brn
|upkeep
|turn|30
|
|t:|1776271841
|move|p1a: Charybdis|Protect|p1a: Charybdis
|-singleturn|p1a: Charybdis|Protect
|move|p2a: Thundurus|Volt Switch|p1a: Charybdis
|-activate|p1a: Charybdis|move: Protect
|
|-damage|p2a: Thundurus|0 fnt|[from] brn
|faint|p2a: Thundurus
|upkeep
|
|t:|1776271845
|switch|p2a: Lokix|Lokix, M, tera:Bug|9/100
|turn|31
|
|t:|1776271851
|move|p2a: Lokix|U-turn|p1a: Charybdis
|-damage|p1a: Charybdis|0 fnt
|faint|p1a: Charybdis
|
|t:|1776271862
|switch|p2a: Corviknight|Corviknight, F|100/100|[from] U-turn
|-ability|p2a: Corviknight|Pressure
|
|upkeep
|
|t:|1776271870
|switch|p1a: Vulcanus|Heatran, M, shiny, tera:Grass|64/100
|turn|32
|
|t:|1776271873
|move|p1a: Vulcanus|Overheat|p2a: Corviknight
|-supereffective|p2a: Corviknight
|-damage|p2a: Corviknight|0 fnt
|-unboost|p1a: Vulcanus|spa|2
|faint|p2a: Corviknight
|
|upkeep
|
|t:|1776271877
|switch|p2a: Lokix|Lokix, M, tera:Bug|9/100
|turn|33
|
|t:|1776271883
|move|p2a: Lokix|Leech Life|p1a: Vulcanus
|-supereffective|p1a: Vulcanus
|-damage|p1a: Vulcanus|0 fnt
|-heal|p2a: Lokix|46/100|[from] drain|[of] p1a: Vulcanus
|faint|p1a: Vulcanus
|
|upkeep
|
|t:|1776271892
|switch|p1a: Mahad|Meowscarada, F, shiny|84/100
|turn|34
|
|t:|1776271908
|move|p1a: Mahad|Flower Trick|p2a: Lokix
|-start|p1a: Mahad|typechange|Grass|[from] ability: Protean
|-resisted|p2a: Lokix
|-crit|p2a: Lokix
|-damage|p2a: Lokix|8/100
|move|p2a: Lokix|Leech Life|p1a: Mahad
|-supereffective|p1a: Mahad
|-damage|p1a: Mahad|0 fnt
|-heal|p2a: Lokix|52/100|[from] drain|[of] p1a: Mahad
|faint|p1a: Mahad
|
|upkeep
|
|t:|1776271918
|switch|p1a: Pallas|Iron Valiant, shiny|100/100
|-enditem|p1a: Pallas|Booster Energy
|-activate|p1a: Pallas|ability: Quark Drive|[fromitem]
|-start|p1a: Pallas|quarkdrivespe
|turn|35
|
|t:|1776271926
|switch|p2a: Alomomola|Alomomola, F|100/100 brn
|move|p1a: Pallas|Moonblast|p2a: Alomomola
|-damage|p2a: Alomomola|43/100 brn
|-unboost|p2a: Alomomola|spa|1
|
|-damage|p2a: Alomomola|37/100 brn|[from] brn
|upkeep
|turn|36
|
|t:|1776271936
|move|p1a: Pallas|Moonblast|p2a: Alomomola
|-damage|p2a: Alomomola|0 fnt
|faint|p2a: Alomomola
|
|upkeep
|
|t:|1776271937
|switch|p2a: Lokix|Lokix, M, tera:Bug|52/100
|turn|37
|
|t:|1776271943
|move|p1a: Pallas|Moonblast|p2a: Lokix
|-damage|p2a: Lokix|0 fnt
|faint|p2a: Lokix
|
|win|magistermilitum420
|raw|magistermilitum420's rating: 1272 &rarr; <strong>1298</strong><br />(+26 for winning)
|raw|GreninjaGlazer53's rating: 1284 &rarr; <strong>1258</strong><br />(-26 for losing)
