|html|<div class="broadcast-blue"><strong>[Gen 9] OU is currently suspecting Tera Blast! For information on how to participate check out the <a href="https://www.smogon.com/tools/suspects/view/200">suspect thread</a>.</strong></div>
|j|☆ansciscade
|j|☆krookodile fangirl
|t:|1776036555
|gametype|singles
|player|p1|ansciscade|cynthia-gen4|1270
|player|p2|krookodile fangirl|roughneck|1246
|gen|9
|tier|[Gen 9] OU
|rated|
|rule|HP Percentage Mod: HP is shown in percentages
|rule|Endless Battle Clause: Forcing endless battles is banned
|rule|Species Clause: Limit one of each Pokémon
|rule|OHKO Clause: OHKO moves are banned
|rule|Evasion Items Clause: Evasion items are banned
|rule|Evasion Moves Clause: Evasion moves are banned
|rule|Evasion Abilities Clause: Evasion abilities are banned
|rule|Sleep Moves Clause: Sleep-inducing moves are banned
|clearpoke
|poke|p1|Gliscor, F|
|poke|p1|Gholdengo|
|poke|p1|Glimmora, M|
|poke|p1|Tornadus-Therian, M|
|poke|p1|Tyranitar, F|
|poke|p1|Rotom-Wash|
|poke|p2|Krookodile, M|
|poke|p2|Typhlosion-Hisui, M|
|poke|p2|Deoxys-Speed|
|poke|p2|Iron Hands|
|poke|p2|Ogerpon-Wellspring, F|
|poke|p2|Corviknight, F|
|teampreview
|inactive|Battle timer is ON: inactive players will automatically lose when time's up. (requested by krookodile fangirl)
|
|t:|1776036563
|teamsize|p1|6
|teamsize|p2|6
|start
|switch|p1a: Glimmora|Glimmora, M|100/100
|switch|p2a: Invader Zim|Deoxys-Speed, shiny|100/100
|-ability|p2a: Invader Zim|Pressure
|turn|1
|
|t:|1776036575
|move|p2a: Invader Zim|Psycho Boost|p1a: Glimmora
|-supereffective|p1a: Glimmora
|-damage|p1a: Glimmora|0 fnt
|-unboost|p2a: Invader Zim|spa|2
|faint|p1a: Glimmora
|-damage|p2a: Invader Zim|91/100|[from] item: Life Orb
|
|upkeep
|
|t:|1776036584
|switch|p1a: Tyranitar|Tyranitar, F|100/100
|-weather|Sandstorm|[from] ability: Sand Stream|[of] p1a: Tyranitar
|turn|2
|
|t:|1776036590
|switch|p1a: Gholdengo|Gholdengo|100/100
|move|p2a: Invader Zim|Taunt|p1a: Gholdengo
|-immune|p1a: Gholdengo|[from] ability: Good as Gold
|
|-weather|Sandstorm|[upkeep]
|-damage|p2a: Invader Zim|85/100|[from] Sandstorm
|upkeep
|turn|3
|
|t:|1776036607
|switch|p2a: Meta Slave|Corviknight, F|100/100
|move|p1a: Gholdengo|Shadow Ball|p2a: Meta Slave
|-damage|p2a: Meta Slave|62/100
|
|-weather|Sandstorm|[upkeep]
|upkeep
|turn|4
|
|t:|1776036613
|move|p1a: Gholdengo|Shadow Ball|p2a: Meta Slave
|-damage|p2a: Meta Slave|25/100
|-ability|p2a: Meta Slave|Mirror Armor
|-unboost|p1a: Gholdengo|spd|1
|move|p2a: Meta Slave|U-turn|p1a: Gholdengo
|-resisted|p1a: Gholdengo
|-damage|p1a: Gholdengo|95/100
|
|t:|1776036618
|switch|p2a: THE ALLEGATIONS|Typhlosion-Hisui, M|100/100|[from] U-turn
|-item|p1a: Gholdengo|Choice Scarf|[from] ability: Frisk|[of] p2a: THE ALLEGATIONS
|
|-weather|Sandstorm|[upkeep]
|-damage|p2a: THE ALLEGATIONS|95/100|[from] Sandstorm
|upkeep
|turn|5
|
|t:|1776036627
|move|p2a: THE ALLEGATIONS|Eruption|p1a: Gholdengo
|-supereffective|p1a: Gholdengo
|-damage|p1a: Gholdengo|0 fnt
|faint|p1a: Gholdengo
|
|-weather|Sandstorm|[upkeep]
|-damage|p2a: THE ALLEGATIONS|89/100|[from] Sandstorm
|upkeep
|
|t:|1776036634
|switch|p1a: Tornadus|Tornadus-Therian, M|100/100
|turn|6
|
|t:|1776036640
|move|p2a: THE ALLEGATIONS|Eruption|p1a: Tornadus
|-damage|p1a: Tornadus|21/100
|move|p1a: Tornadus|U-turn|p2a: THE ALLEGATIONS
|-resisted|p2a: THE ALLEGATIONS
|-damage|p2a: THE ALLEGATIONS|81/100
|
|t:|1776036646
|switch|p1a: Tyranitar|Tyranitar, F|100/100|[from] U-turn
|
|-weather|none
|upkeep
|turn|7
|
|t:|1776036655
|switch|p2a: Meta Slave|Corviknight, F|25/100
|move|p1a: Tyranitar|Knock Off|p2a: Meta Slave
|-damage|p2a: Meta Slave|0 fnt
|-damage|p1a: Tyranitar|84/100|[from] item: Rocky Helmet|[of] p2a: Meta Slave
|-enditem|p2a: Meta Slave|Rocky Helmet|[from] move: Knock Off|[of] p1a: Tyranitar
|faint|p2a: Meta Slave
|
|upkeep
|
|t:|1776036658
|switch|p2a: Tiramisu|Krookodile, M, shiny|100/100
|turn|8
|
|t:|1776036667
|switch|p1a: Gliscor|Gliscor, F|100/100
|move|p2a: Tiramisu|Close Combat|p1a: Gliscor
|-resisted|p1a: Gliscor
|-damage|p1a: Gliscor|90/100
|-unboost|p2a: Tiramisu|def|1
|-unboost|p2a: Tiramisu|spd|1
|
|-status|p1a: Gliscor|tox|[from] item: Toxic Orb
|upkeep
|turn|9
|
|t:|1776036676
|switch|p2a: Invader Zim|Deoxys-Speed, shiny|85/100
|-ability|p2a: Invader Zim|Pressure
|move|p1a: Gliscor|Toxic|p2a: Invader Zim
|-status|p2a: Invader Zim|tox
|
|-damage|p2a: Invader Zim|79/100 tox|[from] psn
|-heal|p1a: Gliscor|100/100 tox|[from] ability: Poison Heal
|upkeep
|turn|10
|
|t:|1776036686
|move|p1a: Gliscor|Protect|p1a: Gliscor
|-singleturn|p1a: Gliscor|Protect
|move|p2a: Invader Zim|Stealth Rock|p1a: Gliscor
|-sidestart|p1: ansciscade|move: Stealth Rock
|
|-damage|p2a: Invader Zim|67/100 tox|[from] psn
|upkeep
|turn|11
|
|t:|1776036694
|move|p2a: Invader Zim|Ice Beam|p1a: Gliscor
|-supereffective|p1a: Gliscor
|-damage|p1a: Gliscor|0 fnt
|faint|p1a: Gliscor
|-damage|p2a: Invader Zim|57/100 tox|[from] item: Life Orb
|
|-damage|p2a: Invader Zim|39/100 tox|[from] psn
|upkeep
|
|t:|1776036702
|switch|p1a: Tyranitar|Tyranitar, F|84/100
|-damage|p1a: Tyranitar|72/100|[from] Stealth Rock
|-weather|Sandstorm|[from] ability: Sand Stream|[of] p1a: Tyranitar
|turn|12
|
|t:|1776036707
|switch|p2a: Tiramisu|Krookodile, M, shiny|100/100
|move|p1a: Tyranitar|Knock Off|p2a: Tiramisu
|-resisted|p2a: Tiramisu
|-damage|p2a: Tiramisu|47/100
|-enditem|p2a: Tiramisu|Loaded Dice|[from] move: Knock Off|[of] p1a: Tyranitar
|
|-weather|Sandstorm|[upkeep]
|upkeep
|turn|13
|
|t:|1776036715
|switch|p1a: Tornadus|Tornadus-Therian, M|54/100
|move|p2a: Tiramisu|Close Combat|p1a: Tornadus
|-resisted|p1a: Tornadus
|-damage|p1a: Tornadus|27/100
|-unboost|p2a: Tiramisu|def|1
|-unboost|p2a: Tiramisu|spd|1
|
|-weather|Sandstorm|[upkeep]
|-damage|p1a: Tornadus|21/100|[from] Sandstorm
|upkeep
|turn|14
|
|t:|1776036727
|-terastallize|p2a: Tiramisu|Ghost
|move|p1a: Tornadus|U-turn|p2a: Tiramisu
|-resisted|p2a: Tiramisu
|-damage|p2a: Tiramisu|28/100
|
|t:|1776036733
|switch|p1a: Tyranitar|Tyranitar, F|72/100|[from] U-turn
|-damage|p1a: Tyranitar|59/100|[from] Stealth Rock
|move|p2a: Tiramisu|Scale Shot|p1a: Tyranitar|[miss]
|-miss|p2a: Tiramisu|p1a: Tyranitar
|
|-weather|Sandstorm|[upkeep]
|-damage|p2a: Tiramisu|22/100|[from] Sandstorm
|upkeep
|turn|15
|
|t:|1776036751
|-terastallize|p1a: Tyranitar|Ghost
|move|p2a: Tiramisu|Close Combat|p1a: Tyranitar
|-immune|p1a: Tyranitar
|move|p1a: Tyranitar|Knock Off|p2a: Tiramisu
|-supereffective|p2a: Tiramisu
|-damage|p2a: Tiramisu|0 fnt
|faint|p2a: Tiramisu
|
|-weather|Sandstorm|[upkeep]
|-damage|p1a: Tyranitar|53/100|[from] Sandstorm
|upkeep
|
|t:|1776036758
|switch|p2a: Invader Zim|Deoxys-Speed, shiny|39/100 tox
|-ability|p2a: Invader Zim|Pressure
|turn|16
|
|t:|1776036766
|move|p2a: Invader Zim|Psycho Boost|p1a: Tyranitar
|-damage|p1a: Tyranitar|0 fnt
|-unboost|p2a: Invader Zim|spa|2
|faint|p1a: Tyranitar
|-damage|p2a: Invader Zim|29/100 tox|[from] item: Life Orb
|
|-weather|none
|-damage|p2a: Invader Zim|23/100 tox|[from] psn
|upkeep
|-message|ansciscade forfeited.
|
|win|krookodile fangirl
|raw|ansciscade's rating: 1270 &rarr; <strong>1243</strong><br />(-27 for losing)
|raw|krookodile fangirl's rating: 1246 &rarr; <strong>1273</strong><br />(+27 for winning)
|l|☆ansciscade
|player|p1|
|l|☆krookodile fangirl
|player|p2|
