|html|<div class="broadcast-blue"><strong>[Gen 9] OU is currently suspecting Tera Blast! For information on how to participate check out the <a href="https://www.smogon.com/tools/suspects/view/200">suspect thread</a>.</strong></div>
|j|☆mamcackms
|j|☆lll9
|t:|1776085447
|gametype|singles
|player|p1|mamcackms|1|1439
|player|p2|lll9|anabel-gen7|1464
|gen|9
|tier|[Gen 9] OU
|rated|
|rule|HP Percentage Mod: HP is shown in percentages
|rule|Endless Battle Clause: Forcing endless battles is banned
|rule|Species Clause: Limit one of each Pokémon
|rule|OHKO Clause: OHKO moves are banned
|rule|Evasion Items Clause: Evasion items are banned
|rule|Evasion Moves Clause: Evasion moves are banned
|rule|Evasion Abilities Clause: Evasion abilities are banned
|rule|Sleep Moves Clause: Sleep-inducing moves are banned
|clearpoke
|poke|p1|Alomomola, L99, F|
|poke|p1|Great Tusk|
|poke|p1|Drifblim, M|
|poke|p1|Lokix, F|
|poke|p1|Dudunsparce-*, M|
|poke|p1|Latias, F|
|poke|p2|Slowking-Galar, F|
|poke|p2|Tornadus-Therian, M|
|poke|p2|Cinderace, M|
|poke|p2|Lokix, M|
|poke|p2|Hydrapple, F|
|poke|p2|Great Tusk|
|teampreview
|inactive|Battle timer is ON: inactive players will automatically lose when time's up. (requested by mamcackms)
|inactive|lll9 also wants the timer to be on.
|
|t:|1776085475
|teamsize|p1|6
|teamsize|p2|6
|start
|switch|p1a: Dudunsparce|Dudunsparce-Three-Segment, M|100/100
|switch|p2a: Slowking|Slowking-Galar, F|100/100
|turn|1
|
|t:|1776085485
|move|p1a: Dudunsparce|Glare|p2a: Slowking
|-status|p2a: Slowking|par
|move|p2a: Slowking|Toxic|p1a: Dudunsparce
|-status|p1a: Dudunsparce|tox
|
|-damage|p1a: Dudunsparce|94/100 tox|[from] psn
|upkeep
|turn|2
|
|t:|1776085490
|move|p1a: Dudunsparce|Stealth Rock|p2a: Slowking
|-sidestart|p2: lll9|move: Stealth Rock
|move|p2a: Slowking|Psychic Noise|p1a: Dudunsparce
|-damage|p1a: Dudunsparce|61/100 tox
|-start|p1a: Dudunsparce|move: Heal Block
|
|-damage|p1a: Dudunsparce|49/100 tox|[from] psn
|upkeep
|turn|3
|
|t:|1776085496
|move|p1a: Dudunsparce|Boomburst|p2a: Slowking
|-damage|p2a: Slowking|64/100 par
|-prepare|p2a: Slowking|Chilly Reception|[premajor]
|move|p2a: Slowking|Chilly Reception|p2a: Slowking
|-weather|Snowscape
|
|t:|1776085500
|switch|p2a: Great Tusk|Great Tusk|100/100|[from] Chilly Reception
|-damage|p2a: Great Tusk|97/100|[from] Stealth Rock
|
|-weather|Snowscape|[upkeep]
|-damage|p1a: Dudunsparce|31/100 tox|[from] psn
|-end|p1a: Dudunsparce|move: Heal Block
|upkeep
|turn|4
|
|t:|1776085505
|switch|p1a: Driftblimp|Drifblim, M|100/100
|move|p2a: Great Tusk|Stealth Rock|p1a: Driftblimp
|-sidestart|p1: mamcackms|move: Stealth Rock
|
|-weather|Snowscape|[upkeep]
|upkeep
|turn|5
|
|t:|1776085509
|move|p2a: Great Tusk|Ice Spinner|p1a: Driftblimp
|-supereffective|p1a: Driftblimp
|-damage|p1a: Driftblimp|61/100
|move|p1a: Driftblimp|Calm Mind|p1a: Driftblimp
|-boost|p1a: Driftblimp|spa|1
|-boost|p1a: Driftblimp|spd|1
|
|-weather|Snowscape|[upkeep]
|upkeep
|turn|6
|
|t:|1776085515
|move|p2a: Great Tusk|Ice Spinner|p1a: Driftblimp
|-supereffective|p1a: Driftblimp
|-damage|p1a: Driftblimp|16/100
|-enditem|p1a: Driftblimp|Sitrus Berry|[eat]
|-heal|p1a: Driftblimp|41/100|[from] item: Sitrus Berry
|move|p1a: Driftblimp|Calm Mind|p1a: Driftblimp
|-boost|p1a: Driftblimp|spa|1
|-boost|p1a: Driftblimp|spd|1
|
|-weather|Snowscape|[upkeep]
|upkeep
|turn|7
|
|t:|1776085522
|move|p1a: Driftblimp|Strength Sap|p2a: Great Tusk
|-unboost|p2a: Great Tusk|atk|1
|-heal|p1a: Driftblimp|100/100
|move|p2a: Great Tusk|Ice Spinner|p1a: Driftblimp
|-supereffective|p1a: Driftblimp
|-damage|p1a: Driftblimp|72/100
|
|-weather|none
|upkeep
|turn|8
|
|t:|1776085541
|-end|p2a: Great Tusk|Protosynthesis|[silent]
|switch|p2a: Slowking|Slowking-Galar, F|97/100 par
|-damage|p2a: Slowking|84/100 par|[from] Stealth Rock
|move|p1a: Driftblimp|Shadow Ball|p2a: Slowking
|-supereffective|p2a: Slowking
|-damage|p2a: Slowking|11/100 par
|
|upkeep
|turn|9
|
|t:|1776085550
|move|p1a: Driftblimp|Shadow Ball|p2a: Slowking
|-supereffective|p2a: Slowking
|-damage|p2a: Slowking|0 fnt
|faint|p2a: Slowking
|
|upkeep
|
|t:|1776085555
|switch|p2a: Hydrapple|Hydrapple, F|100/100
|-damage|p2a: Hydrapple|88/100|[from] Stealth Rock
|turn|10
|
|t:|1776085566
|move|p1a: Driftblimp|Shadow Ball|p2a: Hydrapple
|-crit|p2a: Hydrapple
|-damage|p2a: Hydrapple|13/100
|move|p2a: Hydrapple|Fickle Beam|p1a: Driftblimp
|-damage|p1a: Driftblimp|46/100
|-damage|p2a: Hydrapple|3/100|[from] item: Life Orb
|
|upkeep
|turn|11
|
|t:|1776085575
|switch|p2a: Great Tusk|Great Tusk|97/100
|-damage|p2a: Great Tusk|94/100|[from] Stealth Rock
|move|p1a: Driftblimp|Strength Sap|p2a: Great Tusk
|-unboost|p2a: Great Tusk|atk|1
|-heal|p1a: Driftblimp|100/100
|
|upkeep
|turn|12
|
|t:|1776085579
|move|p1a: Driftblimp|Shadow Ball|p2a: Great Tusk
|-damage|p2a: Great Tusk|34/100
|move|p2a: Great Tusk|Ice Spinner|p1a: Driftblimp
|-supereffective|p1a: Driftblimp
|-damage|p1a: Driftblimp|72/100
|
|upkeep
|turn|13
|c|☆mamcackms|AV tusk?
|c|☆mamcackms|Love using that guy lol
|
|t:|1776085598
|move|p1a: Driftblimp|Shadow Ball|p2a: Great Tusk
|-damage|p2a: Great Tusk|0 fnt
|faint|p2a: Great Tusk
|-end|p2a: Great Tusk|Protosynthesis|[silent]
|
|upkeep
|
|t:|1776085615
|switch|p2a: Lokix|Lokix, M|100/100
|-damage|p2a: Lokix|76/100|[from] Stealth Rock
|turn|14
|
|t:|1776085628
|-terastallize|p2a: Lokix|Bug
|move|p2a: Lokix|First Impression|p1a: Driftblimp
|-resisted|p1a: Driftblimp
|-crit|p1a: Driftblimp
|-damage|p1a: Driftblimp|16/100
|move|p1a: Driftblimp|Strength Sap|p2a: Lokix
|-unboost|p2a: Lokix|atk|1
|-heal|p1a: Driftblimp|91/100
|
|upkeep
|turn|15
|
|t:|1776085638
|switch|p2a: Cinderace|Cinderace, M|100/100
|move|p1a: Driftblimp|Shadow Ball|p2a: Cinderace
|-damage|p2a: Cinderace|37/100
|
|upkeep
|turn|16
|
|t:|1776085649
|move|p1a: Driftblimp|Strength Sap|p2a: Cinderace
|-unboost|p2a: Cinderace|atk|1
|-heal|p1a: Driftblimp|100/100
|move|p2a: Cinderace|Will-O-Wisp|p1a: Driftblimp
|-status|p1a: Driftblimp|brn
|
|-damage|p1a: Driftblimp|94/100 brn|[from] brn
|upkeep
|turn|17
|
|t:|1776085654
|move|p1a: Driftblimp|Shadow Ball|p2a: Cinderace
|-damage|p2a: Cinderace|0 fnt
|faint|p2a: Cinderace
|
|-damage|p1a: Driftblimp|88/100 brn|[from] brn
|upkeep
|
|t:|1776085658
|switch|p2a: Tornadus|Tornadus-Therian, M|100/100
|-damage|p2a: Tornadus|76/100|[from] Stealth Rock
|turn|18
|
|t:|1776085664
|move|p1a: Driftblimp|Shadow Ball|p2a: Tornadus
|-damage|p2a: Tornadus|47/100
|move|p2a: Tornadus|Bleakwind Storm|p1a: Driftblimp
|-damage|p1a: Driftblimp|69/100 brn
|
|-damage|p1a: Driftblimp|63/100 brn|[from] brn
|upkeep
|turn|19
|
|t:|1776085672
|move|p1a: Driftblimp|Strength Sap|p2a: Tornadus
|-unboost|p2a: Tornadus|atk|1
|-heal|p1a: Driftblimp|100/100 brn
|move|p2a: Tornadus|U-turn|p1a: Driftblimp
|-resisted|p1a: Driftblimp
|-damage|p1a: Driftblimp|98/100 brn
|
|t:|1776085678
|switch|p2a: Lokix|Lokix, M, tera:Bug|76/100|[from] U-turn
|-damage|p2a: Lokix|51/100|[from] Stealth Rock
|
|-damage|p1a: Driftblimp|92/100 brn|[from] brn
|upkeep
|turn|20
|
|t:|1776085683
|move|p2a: Lokix|First Impression|p1a: Driftblimp
|-resisted|p1a: Driftblimp
|-crit|p1a: Driftblimp
|-damage|p1a: Driftblimp|35/100 brn
|move|p1a: Driftblimp|Shadow Ball|p2a: Lokix
|-crit|p2a: Lokix
|-damage|p2a: Lokix|0 fnt
|faint|p2a: Lokix
|
|-damage|p1a: Driftblimp|29/100 brn|[from] brn
|upkeep
|-message|lll9 forfeited.
|
|win|mamcackms
|raw|mamcackms's rating: 1439 &rarr; <strong>1460</strong><br />(+21 for winning)
|raw|lll9's rating: 1464 &rarr; <strong>1443</strong><br />(-21 for losing)
|l|☆lll9
|player|p2|
|l|☆mamcackms
|player|p1|
|j|☆mamcackms
|player|p1|mamcackms|1|
|l|☆mamcackms
|player|p1|
