|html|<div class="broadcast-blue"><strong>[Gen 9] OU is currently suspecting Tera Blast! For information on how to participate check out the <a href="https://www.smogon.com/tools/suspects/view/200">suspect thread</a>.</strong></div>
|j|☆lucas.nczl
|j|☆zhihe0719
|t:|1776047656
|gametype|singles
|player|p1|lucas.nczl|bruno|1281
|player|p2|zhihe0719|pokemonrangerf-gen4|1349
|gen|9
|tier|[Gen 9] OU
|rated|
|rule|HP Percentage Mod: HP is shown in percentages
|rule|Endless Battle Clause: Forcing endless battles is banned
|rule|Species Clause: Limit one of each Pokémon
|rule|OHKO Clause: OHKO moves are banned
|rule|Evasion Items Clause: Evasion items are banned
|rule|Evasion Moves Clause: Evasion moves are banned
|rule|Evasion Abilities Clause: Evasion abilities are banned
|rule|Sleep Moves Clause: Sleep-inducing moves are banned
|clearpoke
|poke|p1|Scizor, M|
|poke|p1|Honchkrow, F|
|poke|p1|Rotom-Wash|
|poke|p1|Garchomp, M|
|poke|p1|Iron Valiant|
|poke|p1|Great Tusk|
|poke|p2|Pelipper, M|
|poke|p2|Barraskewda, M|
|poke|p2|Clodsire, F|
|poke|p2|Iron Treads|
|poke|p2|Basculegion, M|
|poke|p2|Raging Bolt|
|teampreview
|inactive|Battle timer is ON: inactive players will automatically lose when time's up. (requested by lucas.nczl)
|inactive|zhihe0719 also wants the timer to be on.
|
|t:|1776047675
|teamsize|p1|6
|teamsize|p2|6
|start
|switch|p1a: Garchomp|Garchomp, M|100/100
|switch|p2a: Barraskewda|Barraskewda, M|100/100
|turn|1
|
|t:|1776047704
|switch|p2a: Pelipper|Pelipper, M|100/100
|-weather|RainDance|[from] ability: Drizzle|[of] p2a: Pelipper
|move|p1a: Garchomp|Stealth Rock|p2a: Pelipper
|-sidestart|p2: zhihe0719|move: Stealth Rock
|
|-weather|RainDance|[upkeep]
|upkeep
|turn|2
|
|t:|1776047714
|switch|p1a: Rotom|Rotom-Wash|100/100
|move|p2a: Pelipper|U-turn|p1a: Rotom
|-damage|p1a: Rotom|93/100
|
|t:|1776047716
|switch|p2a: Iron Treads|Iron Treads|100/100|[from] U-turn
|-damage|p2a: Iron Treads|97/100|[from] Stealth Rock
|-item|p2a: Iron Treads|Air Balloon
|
|-weather|RainDance|[upkeep]
|-heal|p1a: Rotom|99/100|[from] item: Leftovers
|upkeep
|turn|3
|
|t:|1776047726
|move|p2a: Iron Treads|Stealth Rock|p1a: Rotom
|-sidestart|p1: lucas.nczl|move: Stealth Rock
|move|p1a: Rotom|Hydro Pump|p2a: Iron Treads
|-supereffective|p2a: Iron Treads
|-damage|p2a: Iron Treads|0 fnt
|-enditem|p2a: Iron Treads|Air Balloon
|faint|p2a: Iron Treads
|-end|p2a: Iron Treads|Quark Drive|[silent]
|
|-weather|RainDance|[upkeep]
|-heal|p1a: Rotom|100/100|[from] item: Leftovers
|upkeep
|
|t:|1776047737
|switch|p2a: Raging Bolt|Raging Bolt|100/100
|-damage|p2a: Raging Bolt|88/100|[from] Stealth Rock
|turn|4
|
|t:|1776047751
|switch|p1a: Great Tusk|Great Tusk|100/100
|move|p2a: Raging Bolt|Volt Switch|p1a: Great Tusk
|-immune|p1a: Great Tusk
|
|-weather|RainDance|[upkeep]
|upkeep
|turn|5
|
|t:|1776047759
|move|p2a: Raging Bolt|Weather Ball|p1a: Great Tusk
|-supereffective|p1a: Great Tusk
|-damage|p1a: Great Tusk|0 fnt
|faint|p1a: Great Tusk
|-end|p1a: Great Tusk|Protosynthesis|[silent]
|
|-weather|RainDance|[upkeep]
|upkeep
|
|t:|1776047765
|switch|p1a: Garchomp|Garchomp, M|100/100
|-damage|p1a: Garchomp|94/100|[from] Stealth Rock
|turn|6
|
|t:|1776047773
|move|p2a: Raging Bolt|Dragon Pulse|p1a: Garchomp
|-supereffective|p1a: Garchomp
|-crit|p1a: Garchomp
|-damage|p1a: Garchomp|0 fnt
|faint|p1a: Garchomp
|
|-weather|RainDance|[upkeep]
|upkeep
|
|t:|1776047784
|switch|p1a: Honchkrow|Honchkrow, F|100/100
|-damage|p1a: Honchkrow|76/100|[from] Stealth Rock
|turn|7
|
|t:|1776047788
|move|p1a: Honchkrow|Sucker Punch|p2a: Raging Bolt
|-damage|p2a: Raging Bolt|54/100
|move|p2a: Raging Bolt|Thunderclap||[still]
|-fail|p2a: Raging Bolt
|
|-weather|RainDance|[upkeep]
|upkeep
|turn|8
|
|t:|1776047796
|move|p1a: Honchkrow|Sucker Punch|p2a: Raging Bolt
|-damage|p2a: Raging Bolt|19/100
|move|p2a: Raging Bolt|Volt Switch|p1a: Honchkrow
|-supereffective|p1a: Honchkrow
|-damage|p1a: Honchkrow|0 fnt
|faint|p1a: Honchkrow
|
|t:|1776047805
|-end|p2a: Raging Bolt|Protosynthesis|[silent]
|switch|p2a: Basculegion|Basculegion, M|100/100|[from] Volt Switch
|-damage|p2a: Basculegion|88/100|[from] Stealth Rock
|
|-weather|none
|upkeep
|
|t:|1776047811
|switch|p1a: Rotom|Rotom-Wash|100/100
|-damage|p1a: Rotom|88/100|[from] Stealth Rock
|turn|9
|
|t:|1776047818
|switch|p2a: Clodsire|Clodsire, F|100/100
|move|p1a: Rotom|Volt Switch|p2a: Clodsire
|-immune|p2a: Clodsire
|
|-heal|p1a: Rotom|94/100|[from] item: Leftovers
|upkeep
|turn|10
|
|t:|1776047827
|move|p1a: Rotom|Hydro Pump|p2a: Clodsire
|-supereffective|p2a: Clodsire
|-damage|p2a: Clodsire|38/100
|move|p2a: Clodsire|Toxic|p1a: Rotom
|-status|p1a: Rotom|tox
|
|-heal|p1a: Rotom|100/100 tox|[from] item: Leftovers
|-damage|p1a: Rotom|94/100 tox|[from] psn
|upkeep
|turn|11
|
|t:|1776047835
|switch|p2a: Raging Bolt|Raging Bolt|19/100
|-damage|p2a: Raging Bolt|7/100|[from] Stealth Rock
|move|p1a: Rotom|Hydro Pump|p2a: Raging Bolt
|-resisted|p2a: Raging Bolt
|-damage|p2a: Raging Bolt|0 fnt
|faint|p2a: Raging Bolt
|-end|p2a: Raging Bolt|Protosynthesis|[silent]
|
|-heal|p1a: Rotom|100/100 tox|[from] item: Leftovers
|-damage|p1a: Rotom|88/100 tox|[from] psn
|upkeep
|
|t:|1776047841
|switch|p2a: Pelipper|Pelipper, M|100/100
|-damage|p2a: Pelipper|75/100|[from] Stealth Rock
|-weather|RainDance|[from] ability: Drizzle|[of] p2a: Pelipper
|turn|12
|
|t:|1776047852
|move|p1a: Rotom|Volt Switch|p2a: Pelipper
|-supereffective|p2a: Pelipper
|-damage|p2a: Pelipper|0 fnt
|faint|p2a: Pelipper
|
|t:|1776047857
|switch|p1a: Scizor|Scizor, M|100/100|[from] Volt Switch
|-damage|p1a: Scizor|88/100|[from] Stealth Rock
|
|-weather|RainDance|[upkeep]
|upkeep
|
|t:|1776047859
|switch|p2a: Basculegion|Basculegion, M|88/100
|-damage|p2a: Basculegion|76/100|[from] Stealth Rock
|turn|13
|
|t:|1776047867
|move|p2a: Basculegion|Wave Crash|p1a: Scizor
|-damage|p1a: Scizor|0 fnt
|faint|p1a: Scizor
|-damage|p2a: Basculegion|50/100|[from] Recoil
|
|-weather|RainDance|[upkeep]
|upkeep
|
|t:|1776047878
|switch|p1a: Rotom|Rotom-Wash|88/100 tox
|-damage|p1a: Rotom|75/100 tox|[from] Stealth Rock
|turn|14
|
|t:|1776047884
|move|p2a: Basculegion|Wave Crash|p1a: Rotom
|-resisted|p1a: Rotom
|-damage|p1a: Rotom|27/100 tox
|-damage|p2a: Basculegion|37/100|[from] Recoil
|move|p1a: Rotom|Volt Switch|p2a: Basculegion
|-supereffective|p2a: Basculegion
|-damage|p2a: Basculegion|0 fnt
|faint|p2a: Basculegion
|
|t:|1776047891
|switch|p1a: Iron Valiant|Iron Valiant|100/100|[from] Volt Switch
|-damage|p1a: Iron Valiant|94/100|[from] Stealth Rock
|-enditem|p1a: Iron Valiant|Booster Energy
|-activate|p1a: Iron Valiant|ability: Quark Drive|[fromitem]
|-start|p1a: Iron Valiant|quarkdrivespe
|
|-weather|RainDance|[upkeep]
|upkeep
|
|t:|1776047893
|switch|p2a: Barraskewda|Barraskewda, M|100/100
|turn|15
|
|t:|1776047907
|move|p2a: Barraskewda|Liquidation|p1a: Iron Valiant
|-damage|p1a: Iron Valiant|0 fnt
|faint|p1a: Iron Valiant
|-end|p1a: Iron Valiant|Quark Drive|[silent]
|
|-weather|RainDance|[upkeep]
|upkeep
|
|t:|1776047912
|switch|p1a: Rotom|Rotom-Wash|27/100 tox
|-damage|p1a: Rotom|15/100 tox|[from] Stealth Rock
|turn|16
|
|t:|1776047916
|-terastallize|p2a: Barraskewda|Poison
|move|p2a: Barraskewda|Poison Jab|p1a: Rotom
|-damage|p1a: Rotom|0 fnt
|faint|p1a: Rotom
|
|win|zhihe0719
|raw|lucas.nczl's rating: 1281 &rarr; <strong>1261</strong><br />(-20 for losing)
|raw|zhihe0719's rating: 1349 &rarr; <strong>1365</strong><br />(+16 for winning)
|l|☆lucas.nczl
|player|p1|
|l|☆zhihe0719
|player|p2|
