|html|<div class="broadcast-blue"><strong>[Gen 9] OU is currently suspecting Tera Blast! For information on how to participate check out the <a href="https://www.smogon.com/tools/suspects/view/200">suspect thread</a>.</strong></div>
|j|☆bena13
|j|☆Imrlly99
|t:|1776074707
|gametype|singles
|player|p1|bena13|266|1167
|player|p2|Imrlly99|102|1129
|gen|9
|tier|[Gen 9] OU
|rated|
|rule|HP Percentage Mod: HP is shown in percentages
|rule|Endless Battle Clause: Forcing endless battles is banned
|rule|Species Clause: Limit one of each Pokémon
|rule|OHKO Clause: OHKO moves are banned
|rule|Evasion Items Clause: Evasion items are banned
|rule|Evasion Moves Clause: Evasion moves are banned
|rule|Evasion Abilities Clause: Evasion abilities are banned
|rule|Sleep Moves Clause: Sleep-inducing moves are banned
|clearpoke
|poke|p1|Spiritomb, F|
|poke|p1|Muk, F|
|poke|p1|Gastrodon, M|
|poke|p1|Vileplume, F|
|poke|p1|Salazzle, F|
|poke|p1|Haunter, M|
|poke|p2|Dragapult, F|
|poke|p2|Raichu-Alola, F|
|poke|p2|Excadrill, M|
|poke|p2|Quaquaval, M|
|poke|p2|Chandelure, F|
|poke|p2|Umbreon, F|
|teampreview
|
|t:|1776074720
|teamsize|p1|6
|teamsize|p2|6
|start
|switch|p1a: Muk|Muk, F|100/100
|switch|p2a: Leafeon mogs|Umbreon, F|100/100
|turn|1
|inactive|Battle timer is ON: inactive players will automatically lose when time's up. (requested by bena13)
|
|t:|1776074728
|switch|p2a: Jolly mf|Raichu-Alola, F|100/100
|move|p1a: Muk|Gunk Shot|p2a: Jolly mf
|-enditem|p2a: Jolly mf|Focus Sash
|-damage|p2a: Jolly mf|1/100
|
|upkeep
|turn|2
|
|t:|1776074736
|move|p1a: Muk|Shadow Sneak|p2a: Jolly mf
|-supereffective|p2a: Jolly mf
|-damage|p2a: Jolly mf|0 fnt
|faint|p2a: Jolly mf
|
|upkeep
|
|t:|1776074753
|switch|p2a: Viggen 37-1|Dragapult, F, shiny|100/100
|turn|3
|
|t:|1776074760
|move|p2a: Viggen 37-1|Psychic Fangs|p1a: Muk
|-supereffective|p1a: Muk
|-damage|p1a: Muk|44/100
|move|p1a: Muk|Knock Off|p2a: Viggen 37-1
|-supereffective|p2a: Viggen 37-1
|-damage|p2a: Viggen 37-1|13/100
|-start|p1a: Muk|Disable|Knock Off|[from] ability: Cursed Body|[of] p2a: Viggen 37-1
|-enditem|p2a: Viggen 37-1|Choice Scarf|[from] move: Knock Off|[of] p1a: Muk
|
|upkeep
|turn|4
|
|t:|1776074774
|move|p1a: Muk|Shadow Sneak|p2a: Viggen 37-1
|-supereffective|p2a: Viggen 37-1
|-damage|p2a: Viggen 37-1|0 fnt
|faint|p2a: Viggen 37-1
|
|upkeep
|
|t:|1776074792
|switch|p2a: Isekai coal miner|Excadrill, M|100/100
|-ability|p2a: Isekai coal miner|Mold Breaker
|turn|5
|
|t:|1776074798
|switch|p1a: Haunter|Haunter, M|100/100
|move|p2a: Isekai coal miner|Earthquake|p1a: Haunter
|-supereffective|p1a: Haunter
|-enditem|p1a: Haunter|Focus Sash
|-damage|p1a: Haunter|1/100
|
|upkeep
|turn|6
|
|t:|1776074811
|move|p1a: Haunter|Destiny Bond|p1a: Haunter
|-singlemove|p1a: Haunter|Destiny Bond
|move|p2a: Isekai coal miner|Stealth Rock|p1a: Haunter
|-sidestart|p1: bena13|move: Stealth Rock
|
|upkeep
|turn|7
|
|t:|1776074822
|move|p1a: Haunter|Taunt|p2a: Isekai coal miner
|-start|p2a: Isekai coal miner|move: Taunt
|move|p2a: Isekai coal miner|Earthquake|p1a: Haunter
|-supereffective|p1a: Haunter
|-damage|p1a: Haunter|0 fnt
|faint|p1a: Haunter
|
|upkeep
|
|t:|1776074831
|switch|p1a: Spiritomb|Spiritomb, F|100/100
|-damage|p1a: Spiritomb|88/100|[from] Stealth Rock
|turn|8
|
|t:|1776074837
|move|p2a: Isekai coal miner|Earthquake|p1a: Spiritomb
|-damage|p1a: Spiritomb|48/100
|move|p1a: Spiritomb|Will-O-Wisp|p2a: Isekai coal miner
|-status|p2a: Isekai coal miner|brn
|
|-heal|p1a: Spiritomb|54/100|[from] item: Leftovers
|-damage|p2a: Isekai coal miner|94/100 brn|[from] brn
|upkeep
|turn|9
|
|t:|1776074850
|switch|p2a: Leafeon mogs|Umbreon, F|100/100
|move|p1a: Spiritomb|Pain Split|p2a: Leafeon mogs
|-sethp|p2a: Leafeon mogs|71/100|[from] move: Pain Split|[silent]
|-sethp|p1a: Spiritomb|92/100|[from] move: Pain Split
|
|-heal|p2a: Leafeon mogs|77/100|[from] item: Leftovers
|-heal|p1a: Spiritomb|98/100|[from] item: Leftovers
|upkeep
|turn|10
|
|t:|1776074860
|switch|p1a: Muk|Muk, F|44/100
|-damage|p1a: Muk|32/100|[from] Stealth Rock
|move|p2a: Leafeon mogs|Toxic|p1a: Muk
|-immune|p1a: Muk
|
|-heal|p2a: Leafeon mogs|83/100|[from] item: Leftovers
|upkeep
|turn|11
|
|t:|1776074869
|switch|p2a: Isekai coal miner|Excadrill, M|94/100 brn
|-ability|p2a: Isekai coal miner|Mold Breaker
|move|p1a: Muk|Drain Punch|p2a: Isekai coal miner
|-supereffective|p2a: Isekai coal miner
|-damage|p2a: Isekai coal miner|18/100 brn
|-heal|p1a: Muk|65/100|[from] drain|[of] p2a: Isekai coal miner
|
|-damage|p2a: Isekai coal miner|12/100 brn|[from] brn
|upkeep
|turn|12
|
|t:|1776074881
|move|p1a: Muk|Shadow Sneak|p2a: Isekai coal miner
|-damage|p2a: Isekai coal miner|0 fnt
|faint|p2a: Isekai coal miner
|
|upkeep
|-message|Imrlly99 forfeited.
|
|win|bena13
|raw|bena13's rating: 1167 &rarr; <strong>1189</strong><br />(+22 for winning)
|raw|Imrlly99's rating: 1129 &rarr; <strong>1107</strong><br />(-22 for losing)
|l|☆Imrlly99
|player|p2|
|l|☆bena13
|player|p1|
