|html|<div class="broadcast-blue"><strong>[Gen 9] OU is currently suspecting Tera Blast! For information on how to participate check out the <a href="https://www.smogon.com/tools/suspects/view/200">suspect thread</a>.</strong></div>
|j|☆Calebsmash 1
|j|☆4everr
|t:|1776059200
|gametype|singles
|player|p1|Calebsmash 1|boarder|1162
|player|p2|4everr|shadowtriad|1151
|gen|9
|tier|[Gen 9] OU
|rated|
|rule|HP Percentage Mod: HP is shown in percentages
|rule|Endless Battle Clause: Forcing endless battles is banned
|rule|Species Clause: Limit one of each Pokémon
|rule|OHKO Clause: OHKO moves are banned
|rule|Evasion Items Clause: Evasion items are banned
|rule|Evasion Moves Clause: Evasion moves are banned
|rule|Evasion Abilities Clause: Evasion abilities are banned
|rule|Sleep Moves Clause: Sleep-inducing moves are banned
|clearpoke
|poke|p1|Ambipom, F|
|poke|p1|Toxtricity-Low-Key, F|
|poke|p1|Tyranitar, F|
|poke|p1|Volcanion|
|poke|p1|Excadrill, M|
|poke|p1|Skarmory, M|
|poke|p2|Cresselia, F|
|poke|p2|Dragonite, F|
|poke|p2|Glimmora, M|
|poke|p2|Iron Treads|
|poke|p2|Kingambit, M|
|poke|p2|Zamazenta-*|
|teampreview
|inactive|Battle timer is ON: inactive players will automatically lose when time's up. (requested by Calebsmash 1)
|j| ohko_smeargle
|j| mayo1234567891
|l| mayo1234567891
|inactive|Calebsmash 1 has 120 seconds left.
|inactive|4everr has 120 seconds left.
|
|t:|1776059238
|teamsize|p1|6
|teamsize|p2|6
|start
|switch|p1a: Skarmory|Skarmory, M|100/100
|switch|p2a: Iron Treads|Iron Treads, shiny|100/100
|-enditem|p2a: Iron Treads|Booster Energy
|-activate|p2a: Iron Treads|ability: Quark Drive|[fromitem]
|-start|p2a: Iron Treads|quarkdriveatk
|turn|1
|
|t:|1776059244
|move|p2a: Iron Treads|Supercell Slam|p1a: Skarmory
|-supereffective|p1a: Skarmory
|-damage|p1a: Skarmory|48/100
|-damage|p2a: Iron Treads|84/100|[from] item: Rocky Helmet|[of] p1a: Skarmory
|move|p1a: Skarmory|Iron Defense|p1a: Skarmory
|-boost|p1a: Skarmory|def|2
|
|upkeep
|turn|2
|
|t:|1776059251
|-end|p2a: Iron Treads|Quark Drive|[silent]
|switch|p2a: Glimmora|Glimmora, M, shiny|100/100
|move|p1a: Skarmory|Roost|p1a: Skarmory
|-heal|p1a: Skarmory|98/100
|-singleturn|p1a: Skarmory|move: Roost
|
|upkeep
|turn|3
|
|t:|1776059270
|move|p2a: Glimmora|Stealth Rock|p1a: Skarmory
|-sidestart|p1: Calebsmash 1|move: Stealth Rock
|move|p1a: Skarmory|Iron Defense|p1a: Skarmory
|-boost|p1a: Skarmory|def|2
|
|upkeep
|turn|4
|
|t:|1776059272
|move|p2a: Glimmora|Power Gem|p1a: Skarmory
|-damage|p1a: Skarmory|51/100
|move|p1a: Skarmory|Iron Defense|p1a: Skarmory
|-boost|p1a: Skarmory|def|2
|
|upkeep
|turn|5
|
|t:|1776059276
|move|p2a: Glimmora|Power Gem|p1a: Skarmory
|-damage|p1a: Skarmory|0 fnt
|faint|p1a: Skarmory
|
|upkeep
|
|t:|1776059300
|switch|p1a: Excadrill|Excadrill, M|100/100
|-damage|p1a: Excadrill|97/100|[from] Stealth Rock
|-item|p1a: Excadrill|Air Balloon
|turn|6
|
|t:|1776059312
|move|p1a: Excadrill|Swords Dance|p1a: Excadrill
|-boost|p1a: Excadrill|atk|2
|move|p2a: Glimmora|Power Gem|p1a: Excadrill
|-resisted|p1a: Excadrill
|-damage|p1a: Excadrill|87/100
|-enditem|p1a: Excadrill|Air Balloon
|
|upkeep
|turn|7
|
|t:|1776059339
|move|p1a: Excadrill|Rapid Spin|p2a: Glimmora
|-resisted|p2a: Glimmora
|-damage|p2a: Glimmora|85/100
|-boost|p1a: Excadrill|spe|1
|-activate|p2a: Glimmora|ability: Toxic Debris
|-sidestart|p1: Calebsmash 1|move: Toxic Spikes
|-sideend|p1: Calebsmash 1|Toxic Spikes|[from] move: Rapid Spin|[of] p1a: Excadrill
|-sideend|p1: Calebsmash 1|Stealth Rock|[from] move: Rapid Spin|[of] p1a: Excadrill
|-enditem|p2a: Glimmora|Red Card|[of] p1a: Excadrill
|drag|p1a: Ambipom|Ambipom, F|100/100
|move|p2a: Glimmora|Earth Power|p1a: Ambipom
|-damage|p1a: Ambipom|57/100
|
|upkeep
|turn|8
|
|t:|1776059348
|switch|p1a: Tyranitar|Tyranitar, F|100/100
|-weather|Sandstorm|[from] ability: Sand Stream|[of] p1a: Tyranitar
|move|p2a: Glimmora|Stealth Rock|p1a: Tyranitar
|-sidestart|p1: Calebsmash 1|move: Stealth Rock
|
|-weather|Sandstorm|[upkeep]
|upkeep
|turn|9
|
|t:|1776059354
|move|p1a: Tyranitar|Stone Edge|p2a: Glimmora
|-damage|p2a: Glimmora|13/100
|-activate|p2a: Glimmora|ability: Toxic Debris
|-sidestart|p1: Calebsmash 1|move: Toxic Spikes
|move|p2a: Glimmora|Earth Power|p1a: Tyranitar
|-supereffective|p1a: Tyranitar
|-damage|p1a: Tyranitar|64/100
|
|-weather|Sandstorm|[upkeep]
|upkeep
|turn|10
|
|t:|1776059360
|move|p1a: Tyranitar|Stone Edge|p2a: Glimmora
|-damage|p2a: Glimmora|0 fnt
|-activate|p2a: Glimmora|ability: Toxic Debris
|-sidestart|p1: Calebsmash 1|move: Toxic Spikes
|faint|p2a: Glimmora
|
|-weather|Sandstorm|[upkeep]
|upkeep
|
|t:|1776059364
|switch|p2a: Iron Treads|Iron Treads, shiny|84/100
|turn|11
|
|t:|1776059377
|move|p2a: Iron Treads|Rapid Spin|p1a: Tyranitar
|-resisted|p1a: Tyranitar
|-damage|p1a: Tyranitar|56/100
|-boost|p2a: Iron Treads|spe|1
|move|p1a: Tyranitar|Stone Edge|p2a: Iron Treads
|-resisted|p2a: Iron Treads
|-damage|p2a: Iron Treads|62/100
|
|-weather|Sandstorm|[upkeep]
|upkeep
|turn|12
|
|t:|1776059383
|move|p2a: Iron Treads|Rapid Spin|p1a: Tyranitar
|-resisted|p1a: Tyranitar
|-damage|p1a: Tyranitar|49/100
|-boost|p2a: Iron Treads|spe|1
|move|p1a: Tyranitar|Stone Edge|p2a: Iron Treads|[miss]
|-miss|p1a: Tyranitar|p2a: Iron Treads
|
|-weather|none
|upkeep
|turn|13
|
|t:|1776059388
|switch|p1a: Ambipom|Ambipom, F|57/100
|-damage|p1a: Ambipom|44/100|[from] Stealth Rock
|-status|p1a: Ambipom|tox
|move|p2a: Iron Treads|Earthquake|p1a: Ambipom
|-damage|p1a: Ambipom|0 fnt
|faint|p1a: Ambipom
|
|upkeep
|
|t:|1776059392
|switch|p1a: Tyranitar|Tyranitar, F|49/100
|-damage|p1a: Tyranitar|37/100|[from] Stealth Rock
|-status|p1a: Tyranitar|tox
|-weather|Sandstorm|[from] ability: Sand Stream|[of] p1a: Tyranitar
|turn|14
|
|t:|1776059395
|move|p2a: Iron Treads|Earthquake|p1a: Tyranitar
|-supereffective|p1a: Tyranitar
|-damage|p1a: Tyranitar|0 fnt
|faint|p1a: Tyranitar
|
|-weather|Sandstorm|[upkeep]
|upkeep
|
|t:|1776059398
|switch|p1a: Excadrill|Excadrill, M|87/100
|-damage|p1a: Excadrill|84/100|[from] Stealth Rock
|turn|15
|
|t:|1776059400
|-terastallize|p1a: Excadrill|Ghost
|move|p2a: Iron Treads|Earthquake|p1a: Excadrill
|-damage|p1a: Excadrill|20/100
|move|p1a: Excadrill|Rapid Spin|p2a: Iron Treads
|-resisted|p2a: Iron Treads
|-damage|p2a: Iron Treads|54/100
|-boost|p1a: Excadrill|spe|1
|-sideend|p1: Calebsmash 1|Toxic Spikes|[from] move: Rapid Spin|[of] p1a: Excadrill
|-sideend|p1: Calebsmash 1|Stealth Rock|[from] move: Rapid Spin|[of] p1a: Excadrill
|
|-weather|Sandstorm|[upkeep]
|upkeep
|turn|16
|
|t:|1776059407
|-end|p2a: Iron Treads|Quark Drive|[silent]
|switch|p2a: Cresselia|Cresselia, F, shiny|100/100
|move|p1a: Excadrill|Earthquake|p2a: Cresselia
|-immune|p2a: Cresselia|[from] ability: Levitate
|
|-weather|Sandstorm|[upkeep]
|-damage|p2a: Cresselia|94/100|[from] Sandstorm
|upkeep
|turn|17
|
|t:|1776059416
|move|p1a: Excadrill|Rock Slide|p2a: Cresselia
|-damage|p2a: Cresselia|77/100
|move|p2a: Cresselia|Trick|p1a: Excadrill
|-activate|p2a: Cresselia|move: Trick|[of] p1a: Excadrill
|-item|p1a: Excadrill|Choice Scarf|[from] move: Trick
|-enditem|p2a: Cresselia|Choice Scarf|[silent]|[from] move: Trick
|
|-weather|Sandstorm|[upkeep]
|-damage|p2a: Cresselia|71/100|[from] Sandstorm
|upkeep
|turn|18
|
|t:|1776059424
|move|p1a: Excadrill|Rock Slide|p2a: Cresselia|[miss]
|-miss|p1a: Excadrill|p2a: Cresselia
|move|p2a: Cresselia|Thunder Wave|p1a: Excadrill|[miss]
|-miss|p2a: Cresselia|p1a: Excadrill
|
|-weather|none
|upkeep
|turn|19
|
|t:|1776059428
|switch|p1a: Toxtricity|Toxtricity-Low-Key, F|100/100
|switch|p2a: Iron Treads|Iron Treads, shiny|54/100
|
|upkeep
|turn|20
|
|t:|1776059436
|move|p2a: Iron Treads|Earthquake|p1a: Toxtricity
|-supereffective|p1a: Toxtricity
|-damage|p1a: Toxtricity|0 fnt
|faint|p1a: Toxtricity
|
|upkeep
|-message|Calebsmash 1 forfeited.
|
|win|4everr
|raw|Calebsmash 1's rating: 1121 &rarr; <strong>1098</strong><br />(-23 for losing)
|raw|4everr's rating: 1151 &rarr; <strong>1174</strong><br />(+23 for winning)
|l|☆Calebsmash 1
|player|p1|
|l|☆4everr
|player|p2|
|l| ohko_smeargle
