|html|<div class="broadcast-blue"><strong>[Gen 9] OU is currently suspecting Tera Blast! For information on how to participate check out the <a href="https://www.smogon.com/tools/suspects/view/200">suspect thread</a>.</strong></div>
|j|☆GGS_Chuddius
|j|☆Ziloszz
|t:|1776108500
|gametype|singles
|player|p1|GGS_Chuddius|102|1302
|player|p2|Ziloszz|burglar|1347
|gen|9
|tier|[Gen 9] OU
|rated|
|rule|HP Percentage Mod: HP is shown in percentages
|rule|Endless Battle Clause: Forcing endless battles is banned
|rule|Species Clause: Limit one of each Pokémon
|rule|OHKO Clause: OHKO moves are banned
|rule|Evasion Items Clause: Evasion items are banned
|rule|Evasion Moves Clause: Evasion moves are banned
|rule|Evasion Abilities Clause: Evasion abilities are banned
|rule|Sleep Moves Clause: Sleep-inducing moves are banned
|clearpoke
|poke|p1|Dondozo, F|
|poke|p1|Blissey, F|
|poke|p1|Corviknight, F|
|poke|p1|Gliscor, M|
|poke|p1|Toxapex, F|
|poke|p1|Weezing-Galar, M|
|poke|p2|Decidueye, M|
|poke|p2|Ting-Lu|
|poke|p2|Iron Crown|
|poke|p2|Moltres|
|poke|p2|Ogerpon-Wellspring, F|
|poke|p2|Zamazenta-*|
|teampreview
|inactive|Battle timer is ON: inactive players will automatically lose when time's up. (requested by Ziloszz)
|
|t:|1776108504
|teamsize|p1|6
|teamsize|p2|6
|start
|switch|p1a: Gliscor|Gliscor, M|100/100
|switch|p2a: Iron Crown|Iron Crown|100/100
|turn|1
|
|t:|1776108511
|move|p2a: Iron Crown|Psychic Noise|p1a: Gliscor
|-damage|p1a: Gliscor|70/100
|-start|p1a: Gliscor|move: Heal Block
|move|p1a: Gliscor|Earthquake|p2a: Iron Crown
|-supereffective|p2a: Iron Crown
|-damage|p2a: Iron Crown|34/100
|
|-status|p1a: Gliscor|tox|[from] item: Toxic Orb
|upkeep
|turn|2
|
|t:|1776108523
|-end|p2a: Iron Crown|Quark Drive|[silent]
|switch|p2a: Ogerpon|Ogerpon-Wellspring, F|100/100
|move|p1a: Gliscor|Knock Off|p2a: Ogerpon
|-damage|p2a: Ogerpon|83/100
|
|-end|p1a: Gliscor|move: Heal Block
|upkeep
|turn|3
|
|t:|1776108539
|switch|p1a: Dondozo|Dondozo, F|100/100
|move|p2a: Ogerpon|Knock Off|p1a: Dondozo
|-damage|p1a: Dondozo|84/100
|-enditem|p1a: Dondozo|Leftovers|[from] move: Knock Off|[of] p2a: Ogerpon
|
|upkeep
|turn|4
|
|t:|1776108549
|-terastallize|p1a: Dondozo|Dragon
|move|p2a: Ogerpon|Horn Leech|p1a: Dondozo
|-resisted|p1a: Dondozo
|-damage|p1a: Dondozo|74/100
|-heal|p2a: Ogerpon|92/100|[from] drain|[of] p1a: Dondozo
|move|p1a: Dondozo|Body Press|p2a: Ogerpon
|-damage|p2a: Ogerpon|52/100
|
|upkeep
|turn|5
|
|t:|1776108564
|move|p2a: Ogerpon|U-turn|p1a: Dondozo
|-damage|p1a: Dondozo|62/100
|
|t:|1776108569
|switch|p2a: Moltres|Moltres|100/100|[from] U-turn
|move|p1a: Dondozo|Avalanche|p2a: Moltres
|-damage|p2a: Moltres|91/100
|
|upkeep
|turn|6
|
|t:|1776108581
|switch|p1a: Blissey|Blissey, F|100/100
|move|p2a: Moltres|Air Slash|p1a: Blissey
|-damage|p1a: Blissey|91/100
|
|-heal|p1a: Blissey|97/100|[from] item: Leftovers
|upkeep
|turn|7
|
|t:|1776108587
|move|p2a: Moltres|U-turn|p1a: Blissey
|-damage|p1a: Blissey|83/100
|
|t:|1776108590
|switch|p2a: Decidueye|Decidueye, M|100/100|[from] U-turn
|move|p1a: Blissey|Stealth Rock|p2a: Decidueye
|-sidestart|p2: Ziloszz|move: Stealth Rock
|
|-heal|p1a: Blissey|89/100|[from] item: Leftovers
|upkeep
|turn|8
|
|t:|1776108602
|switch|p1a: Gliscor|Gliscor, M|70/100 tox
|move|p2a: Decidueye|Low Kick|p1a: Gliscor
|-resisted|p1a: Gliscor
|-damage|p1a: Gliscor|64/100 tox
|
|-heal|p1a: Gliscor|76/100 tox|[from] ability: Poison Heal
|upkeep
|turn|9
|
|t:|1776108614
|switch|p2a: Moltres|Moltres|91/100
|move|p1a: Gliscor|Knock Off|p2a: Moltres
|-damage|p2a: Moltres|75/100
|-enditem|p2a: Moltres|Heavy-Duty Boots|[from] move: Knock Off|[of] p1a: Gliscor
|
|-heal|p1a: Gliscor|89/100 tox|[from] ability: Poison Heal
|upkeep
|turn|10
|
|t:|1776108623
|switch|p1a: Blissey|Blissey, F|89/100
|move|p2a: Moltres|Flamethrower|p1a: Blissey
|-damage|p1a: Blissey|78/100
|
|-heal|p1a: Blissey|84/100|[from] item: Leftovers
|upkeep
|turn|11
|
|t:|1776108633
|-terastallize|p2a: Moltres|Ground
|move|p2a: Moltres|U-turn|p1a: Blissey
|-damage|p1a: Blissey|69/100
|
|t:|1776108640
|switch|p2a: Ogerpon|Ogerpon-Wellspring, F|52/100|[from] U-turn
|-damage|p2a: Ogerpon|39/100|[from] Stealth Rock
|move|p1a: Blissey|Calm Mind|p1a: Blissey
|-boost|p1a: Blissey|spa|1
|-boost|p1a: Blissey|spd|1
|
|-heal|p1a: Blissey|75/100|[from] item: Leftovers
|upkeep
|turn|12
|
|t:|1776108653
|switch|p1a: Weezing|Weezing-Galar, M|100/100
|-ability|p1a: Weezing|Neutralizing Gas
|move|p2a: Ogerpon|Horn Leech|p1a: Weezing
|-resisted|p1a: Weezing
|-damage|p1a: Weezing|87/100
|-heal|p2a: Ogerpon|47/100|[from] drain|[of] p1a: Weezing
|
|upkeep
|turn|13
|
|t:|1776108663
|move|p2a: Ogerpon|U-turn|p1a: Weezing
|-resisted|p1a: Weezing
|-crit|p1a: Weezing
|-damage|p1a: Weezing|80/100
|
|t:|1776108666
|switch|p2a: Iron Crown|Iron Crown|34/100|[from] U-turn
|-damage|p2a: Iron Crown|28/100|[from] Stealth Rock
|move|p1a: Weezing|Will-O-Wisp|p2a: Iron Crown
|-status|p2a: Iron Crown|brn
|
|-damage|p2a: Iron Crown|22/100 brn|[from] brn
|upkeep
|turn|14
|
|t:|1776108677
|-end|p1a: Weezing|ability: Neutralizing Gas
|switch|p1a: Gliscor|Gliscor, M|89/100 tox
|move|p2a: Iron Crown|Volt Switch|p1a: Gliscor
|-immune|p1a: Gliscor
|
|-heal|p1a: Gliscor|100/100 tox|[from] ability: Poison Heal
|-damage|p2a: Iron Crown|16/100 brn|[from] brn
|upkeep
|turn|15
|
|t:|1776108693
|-end|p2a: Iron Crown|Quark Drive|[silent]
|switch|p2a: Moltres|Moltres, tera:Ground|75/100
|-damage|p2a: Moltres|69/100|[from] Stealth Rock
|move|p1a: Gliscor|Knock Off|p2a: Moltres
|-damage|p2a: Moltres|60/100
|
|upkeep
|turn|16
|
|t:|1776108701
|switch|p1a: Blissey|Blissey, F|75/100
|move|p2a: Moltres|U-turn|p1a: Blissey
|-damage|p1a: Blissey|60/100
|
|t:|1776108707
|switch|p2a: Ogerpon|Ogerpon-Wellspring, F|47/100|[from] U-turn
|-damage|p2a: Ogerpon|35/100|[from] Stealth Rock
|
|-heal|p1a: Blissey|66/100|[from] item: Leftovers
|upkeep
|turn|17
|
|t:|1776108714
|switch|p1a: Dondozo|Dondozo, F, tera:Dragon|62/100
|move|p2a: Ogerpon|Knock Off|p1a: Dondozo
|-damage|p1a: Dondozo|51/100
|
|upkeep
|turn|18
|
|t:|1776108721
|move|p2a: Ogerpon|U-turn|p1a: Dondozo
|-damage|p1a: Dondozo|38/100
|
|t:|1776108725
|switch|p2a: Moltres|Moltres, tera:Ground|60/100|[from] U-turn
|-damage|p2a: Moltres|54/100|[from] Stealth Rock
|move|p1a: Dondozo|Rest|p1a: Dondozo
|-status|p1a: Dondozo|slp|[from] move: Rest
|-heal|p1a: Dondozo|100/100 slp|[silent]
|
|upkeep
|turn|19
|
|t:|1776108734
|switch|p1a: Blissey|Blissey, F|66/100
|move|p2a: Moltres|Roost|p2a: Moltres
|-heal|p2a: Moltres|100/100
|
|-heal|p1a: Blissey|72/100|[from] item: Leftovers
|upkeep
|turn|20
|
|t:|1776108742
|move|p2a: Moltres|U-turn|p1a: Blissey
|-damage|p1a: Blissey|59/100
|
|t:|1776108745
|switch|p2a: Decidueye|Decidueye, M|100/100|[from] U-turn
|move|p1a: Blissey|Soft-Boiled|p1a: Blissey
|-heal|p1a: Blissey|100/100
|
|upkeep
|turn|21
|
|t:|1776108759
|switch|p1a: Gliscor|Gliscor, M|100/100 tox
|move|p2a: Decidueye|Spirit Shackle|p1a: Gliscor
|-damage|p1a: Gliscor|72/100 tox
|-activate|p1a: Gliscor|trapped
|
|-heal|p1a: Gliscor|85/100 tox|[from] ability: Poison Heal
|upkeep
|turn|22
|
|t:|1776108767
|move|p1a: Gliscor|Knock Off|p2a: Decidueye
|-supereffective|p2a: Decidueye
|-damage|p2a: Decidueye|60/100
|-enditem|p2a: Decidueye|Heavy-Duty Boots|[from] move: Knock Off|[of] p1a: Gliscor
|move|p2a: Decidueye|Leaf Blade|p1a: Gliscor
|-damage|p1a: Gliscor|50/100 tox
|
|-heal|p1a: Gliscor|63/100 tox|[from] ability: Poison Heal
|upkeep
|turn|23
|
|t:|1776108777
|move|p1a: Gliscor|Protect|p1a: Gliscor
|-singleturn|p1a: Gliscor|Protect
|move|p2a: Decidueye|Leaf Blade|p1a: Gliscor
|-activate|p1a: Gliscor|move: Protect
|
|-heal|p1a: Gliscor|75/100 tox|[from] ability: Poison Heal
|upkeep
|turn|24
|
|t:|1776108785
|move|p1a: Gliscor|Knock Off|p2a: Decidueye
|-supereffective|p2a: Decidueye
|-damage|p2a: Decidueye|30/100
|move|p2a: Decidueye|Leaf Blade|p1a: Gliscor
|-damage|p1a: Gliscor|43/100 tox
|
|-heal|p1a: Gliscor|56/100 tox|[from] ability: Poison Heal
|upkeep
|turn|25
|
|t:|1776108793
|move|p1a: Gliscor|Protect|p1a: Gliscor
|-singleturn|p1a: Gliscor|Protect
|move|p2a: Decidueye|Roost|p2a: Decidueye
|-heal|p2a: Decidueye|80/100
|-singleturn|p2a: Decidueye|move: Roost
|
|-heal|p1a: Gliscor|68/100 tox|[from] ability: Poison Heal
|upkeep
|turn|26
|
|t:|1776108802
|move|p1a: Gliscor|Knock Off|p2a: Decidueye
|-supereffective|p2a: Decidueye
|-damage|p2a: Decidueye|50/100
|move|p2a: Decidueye|Roost|p2a: Decidueye
|-heal|p2a: Decidueye|100/100
|-singleturn|p2a: Decidueye|move: Roost
|
|-heal|p1a: Gliscor|81/100 tox|[from] ability: Poison Heal
|upkeep
|turn|27
|
|t:|1776108810
|move|p1a: Gliscor|Protect|p1a: Gliscor
|-singleturn|p1a: Gliscor|Protect
|move|p2a: Decidueye|Leaf Blade|p1a: Gliscor
|-activate|p1a: Gliscor|move: Protect
|
|-heal|p1a: Gliscor|93/100 tox|[from] ability: Poison Heal
|upkeep
|turn|28
|
|t:|1776108820
|move|p1a: Gliscor|Knock Off|p2a: Decidueye
|-supereffective|p2a: Decidueye
|-damage|p2a: Decidueye|71/100
|move|p2a: Decidueye|Leaf Blade|p1a: Gliscor
|-crit|p1a: Gliscor
|-damage|p1a: Gliscor|44/100 tox
|
|-heal|p1a: Gliscor|56/100 tox|[from] ability: Poison Heal
|upkeep
|turn|29
|
|t:|1776108830
|move|p1a: Gliscor|Protect|p1a: Gliscor
|-singleturn|p1a: Gliscor|Protect
|move|p2a: Decidueye|Roost|p2a: Decidueye
|-heal|p2a: Decidueye|100/100
|-singleturn|p2a: Decidueye|move: Roost
|
|-heal|p1a: Gliscor|69/100 tox|[from] ability: Poison Heal
|upkeep
|turn|30
|
|t:|1776108838
|move|p1a: Gliscor|Knock Off|p2a: Decidueye
|-supereffective|p2a: Decidueye
|-damage|p2a: Decidueye|70/100
|move|p2a: Decidueye|Leaf Blade|p1a: Gliscor
|-damage|p1a: Gliscor|34/100 tox
|
|-heal|p1a: Gliscor|46/100 tox|[from] ability: Poison Heal
|upkeep
|turn|31
|
|t:|1776108846
|switch|p2a: Ogerpon|Ogerpon-Wellspring, F|35/100
|-damage|p2a: Ogerpon|22/100|[from] Stealth Rock
|move|p1a: Gliscor|Knock Off|p2a: Ogerpon
|-damage|p2a: Ogerpon|3/100
|
|-heal|p1a: Gliscor|59/100 tox|[from] ability: Poison Heal
|upkeep
|turn|32
|
|t:|1776108859
|switch|p1a: Dondozo|Dondozo, F, tera:Dragon|100/100 slp
|move|p2a: Ogerpon|Horn Leech|p1a: Dondozo
|-resisted|p1a: Dondozo
|-damage|p1a: Dondozo|91/100 slp
|-heal|p2a: Ogerpon|10/100|[from] drain|[of] p1a: Dondozo
|
|upkeep
|turn|33
|
|t:|1776108868
|move|p2a: Ogerpon|U-turn|p1a: Dondozo
|-damage|p1a: Dondozo|79/100 slp
|-message|Ziloszz forfeited.
|
|win|GGS_Chuddius
|raw|GGS_Chuddius's rating: 1302 &rarr; <strong>1325</strong><br />(+23 for winning)
|raw|Ziloszz's rating: 1347 &rarr; <strong>1324</strong><br />(-23 for losing)
|l|☆Ziloszz
|player|p2|
|l|☆GGS_Chuddius
|player|p1|
