|html|<div class="broadcast-blue"><strong>[Gen 9] OU is currently suspecting Tera Blast! For information on how to participate check out the <a href="https://www.smogon.com/tools/suspects/view/200">suspect thread</a>.</strong></div>
|j|☆thebacchusbraviary
|j|☆yeetasian68
|t:|1776096916
|gametype|singles
|player|p1|thebacchusbraviary|winona|1342
|player|p2|yeetasian68|hugh|1292
|gen|9
|tier|[Gen 9] OU
|rated|
|rule|HP Percentage Mod: HP is shown in percentages
|rule|Endless Battle Clause: Forcing endless battles is banned
|rule|Species Clause: Limit one of each Pokémon
|rule|OHKO Clause: OHKO moves are banned
|rule|Evasion Items Clause: Evasion items are banned
|rule|Evasion Moves Clause: Evasion moves are banned
|rule|Evasion Abilities Clause: Evasion abilities are banned
|rule|Sleep Moves Clause: Sleep-inducing moves are banned
|clearpoke
|poke|p1|Talonflame, M|
|poke|p1|Latios, M|
|poke|p1|Magnezone|
|poke|p1|Regice|
|poke|p1|Tauros-Paldea-Aqua, M|
|poke|p1|Tyranitar, M|
|poke|p2|Ogerpon-Wellspring, F|
|poke|p2|Heatran, M|
|poke|p2|Great Tusk|
|poke|p2|Raging Bolt|
|poke|p2|Kyurem|
|poke|p2|Enamorus, F|
|teampreview
|inactive|Battle timer is ON: inactive players will automatically lose when time's up. (requested by thebacchusbraviary)
|
|t:|1776096931
|teamsize|p1|6
|teamsize|p2|6
|start
|switch|p1a: Magnezone|Magnezone|100/100
|switch|p2a: Enamorus|Enamorus, F|100/100
|turn|1
|
|t:|1776096935
|move|p2a: Enamorus|Earth Power|p1a: Magnezone
|-supereffective|p1a: Magnezone
|-ability|p1a: Magnezone|Sturdy
|-damage|p1a: Magnezone|1/100
|move|p1a: Magnezone|Volt Switch|p2a: Enamorus
|-supereffective|p2a: Enamorus
|-damage|p2a: Enamorus|0 fnt
|faint|p2a: Enamorus
|
|t:|1776096941
|switch|p1a: Talonflame|Talonflame, M|100/100|[from] Volt Switch
|
|upkeep
|
|t:|1776096946
|switch|p2a: Kyurem|Kyurem|100/100
|-ability|p2a: Kyurem|Pressure
|turn|2
|
|t:|1776096949
|-terastallize|p2a: Kyurem|Fire
|move|p1a: Talonflame|U-turn|p2a: Kyurem
|-resisted|p2a: Kyurem
|-damage|p2a: Kyurem|92/100
|
|t:|1776096955
|switch|p1a: Tauros|Tauros-Paldea-Aqua, M|100/100|[from] U-turn
|-ability|p1a: Tauros|Intimidate|boost
|-unboost|p2a: Kyurem|atk|1
|move|p2a: Kyurem|Dragon Dance|p2a: Kyurem
|-boost|p2a: Kyurem|atk|1
|-boost|p2a: Kyurem|spe|1
|
|upkeep
|turn|3
|
|t:|1776096960
|switch|p2a: Ogerpon|Ogerpon-Wellspring, F|100/100
|move|p1a: Tauros|Raging Bull|p2a: Ogerpon
|-immune|p2a: Ogerpon|[from] ability: Water Absorb
|
|upkeep
|turn|4
|
|t:|1776096965
|switch|p1a: Latios|Latios, M|100/100
|move|p2a: Ogerpon|Knock Off|p1a: Latios
|-supereffective|p1a: Latios
|-damage|p1a: Latios|0 fnt
|-enditem|p1a: Latios|Soul Dew|[from] move: Knock Off|[of] p2a: Ogerpon
|faint|p1a: Latios
|
|upkeep
|
|t:|1776096971
|switch|p1a: Talonflame|Talonflame, M|100/100
|turn|5
|
|t:|1776096976
|switch|p2a: Heatran|Heatran, M|100/100
|-item|p2a: Heatran|Air Balloon
|move|p1a: Talonflame|Brave Bird|p2a: Heatran
|-resisted|p2a: Heatran
|-damage|p2a: Heatran|83/100
|-enditem|p2a: Heatran|Air Balloon
|-damage|p1a: Talonflame|93/100|[from] Recoil
|
|upkeep
|turn|6
|
|t:|1776096990
|move|p1a: Talonflame|U-turn|p2a: Heatran
|-resisted|p2a: Heatran
|-damage|p2a: Heatran|79/100
|
|t:|1776096992
|switch|p1a: Tauros|Tauros-Paldea-Aqua, M|100/100|[from] U-turn
|-ability|p1a: Tauros|Intimidate|boost
|-unboost|p2a: Heatran|atk|1
|move|p2a: Heatran|Magma Storm|p1a: Tauros
|-resisted|p1a: Tauros
|-damage|p1a: Tauros|58/100
|-activate|p1a: Tauros|move: Magma Storm|[of] p2a: Heatran
|
|-damage|p1a: Tauros|46/100|[from] move: Magma Storm|[partiallytrapped]
|upkeep
|turn|7
|
|t:|1776097004
|move|p1a: Tauros|Close Combat|p2a: Heatran
|-supereffective|p2a: Heatran
|-damage|p2a: Heatran|0 fnt
|-unboost|p1a: Tauros|def|1
|-unboost|p1a: Tauros|spd|1
|faint|p2a: Heatran
|
|-end|p1a: Tauros|Magma Storm|[partiallytrapped]|[silent]
|upkeep
|
|t:|1776097017
|switch|p2a: Ogerpon|Ogerpon-Wellspring, F|100/100
|turn|8
|
|t:|1776097023
|switch|p1a: Magnezone|Magnezone|1/100
|move|p2a: Ogerpon|Ivy Cudgel|p1a: Magnezone|[anim] Ivy Cudgel Water
|-damage|p1a: Magnezone|0 fnt
|faint|p1a: Magnezone
|
|upkeep
|
|t:|1776097025
|switch|p1a: Talonflame|Talonflame, M|93/100
|turn|9
|
|t:|1776097029
|switch|p2a: Raging Bolt|Raging Bolt|100/100
|move|p1a: Talonflame|Brave Bird|p2a: Raging Bolt
|-resisted|p2a: Raging Bolt
|-damage|p2a: Raging Bolt|80/100
|-damage|p1a: Talonflame|83/100|[from] Recoil
|
|-heal|p2a: Raging Bolt|87/100|[from] item: Leftovers
|upkeep
|turn|10
|
|t:|1776097033
|switch|p1a: Tyranitar|Tyranitar, M|100/100
|-weather|Sandstorm|[from] ability: Sand Stream|[of] p1a: Tyranitar
|move|p2a: Raging Bolt|Calm Mind|p2a: Raging Bolt
|-boost|p2a: Raging Bolt|spa|1
|-boost|p2a: Raging Bolt|spd|1
|
|-weather|Sandstorm|[upkeep]
|-damage|p2a: Raging Bolt|80/100|[from] Sandstorm
|-heal|p2a: Raging Bolt|87/100|[from] item: Leftovers
|upkeep
|turn|11
|
|t:|1776097042
|move|p2a: Raging Bolt|Calm Mind|p2a: Raging Bolt
|-boost|p2a: Raging Bolt|spa|1
|-boost|p2a: Raging Bolt|spd|1
|move|p1a: Tyranitar|Earthquake|p2a: Raging Bolt
|-supereffective|p2a: Raging Bolt
|-damage|p2a: Raging Bolt|18/100
|
|-weather|Sandstorm|[upkeep]
|-damage|p2a: Raging Bolt|12/100|[from] Sandstorm
|-heal|p2a: Raging Bolt|18/100|[from] item: Leftovers
|upkeep
|turn|12
|
|t:|1776097044
|move|p2a: Raging Bolt|Draco Meteor|p1a: Tyranitar
|-damage|p1a: Tyranitar|13/100
|-unboost|p2a: Raging Bolt|spa|2
|move|p1a: Tyranitar|Earthquake|p2a: Raging Bolt
|-supereffective|p2a: Raging Bolt
|-damage|p2a: Raging Bolt|0 fnt
|faint|p2a: Raging Bolt
|-end|p2a: Raging Bolt|Protosynthesis|[silent]
|
|-weather|Sandstorm|[upkeep]
|-heal|p1a: Tyranitar|19/100|[from] item: Leftovers
|upkeep
|
|t:|1776097054
|switch|p2a: Great Tusk|Great Tusk|100/100
|turn|13
|
|t:|1776097059
|switch|p1a: Talonflame|Talonflame, M|83/100
|move|p2a: Great Tusk|Rapid Spin|p1a: Talonflame
|-damage|p1a: Talonflame|56/100
|-boost|p2a: Great Tusk|spe|1
|
|-weather|Sandstorm|[upkeep]
|-damage|p1a: Talonflame|50/100|[from] Sandstorm
|upkeep
|turn|14
|
|t:|1776097064
|move|p2a: Great Tusk|Ice Spinner|p1a: Talonflame
|-damage|p1a: Talonflame|6/100
|move|p1a: Talonflame|Brave Bird|p2a: Great Tusk
|-supereffective|p2a: Great Tusk
|-damage|p2a: Great Tusk|30/100
|-damage|p1a: Talonflame|0 fnt|[from] Recoil
|faint|p1a: Talonflame
|
|-weather|none
|upkeep
|
|t:|1776097069
|switch|p1a: Tauros|Tauros-Paldea-Aqua, M|46/100
|-ability|p1a: Tauros|Intimidate|boost
|-unboost|p2a: Great Tusk|atk|1
|turn|15
|
|t:|1776097077
|move|p1a: Tauros|Aqua Jet|p2a: Great Tusk
|-supereffective|p2a: Great Tusk
|-damage|p2a: Great Tusk|0 fnt
|faint|p2a: Great Tusk
|-end|p2a: Great Tusk|Protosynthesis|[silent]
|
|upkeep
|
|t:|1776097079
|switch|p2a: Ogerpon|Ogerpon-Wellspring, F|100/100
|turn|16
|
|t:|1776097084
|switch|p1a: Regice|Regice|100/100
|move|p2a: Ogerpon|Horn Leech|p1a: Regice
|-damage|p1a: Regice|62/100
|
|-heal|p1a: Regice|68/100|[from] item: Leftovers
|upkeep
|turn|17
|
|t:|1776097089
|move|p2a: Ogerpon|U-turn|p1a: Regice
|-damage|p1a: Regice|44/100
|
|t:|1776097091
|switch|p2a: Kyurem|Kyurem, tera:Fire|92/100|[from] U-turn
|-ability|p2a: Kyurem|Pressure
|move|p1a: Regice|Ice Beam|p2a: Kyurem
|-resisted|p2a: Kyurem
|-damage|p2a: Kyurem|71/100
|
|-heal|p1a: Regice|50/100|[from] item: Leftovers
|upkeep
|turn|18
|
|t:|1776097108
|move|p2a: Kyurem|Dragon Dance|p2a: Kyurem
|-boost|p2a: Kyurem|atk|1
|-boost|p2a: Kyurem|spe|1
|move|p1a: Regice|Thunderbolt|p2a: Kyurem
|-damage|p2a: Kyurem|44/100
|
|-heal|p1a: Regice|56/100|[from] item: Leftovers
|upkeep
|turn|19
|
|t:|1776097117
|switch|p1a: Tyranitar|Tyranitar, M|19/100
|-weather|Sandstorm|[from] ability: Sand Stream|[of] p1a: Tyranitar
|move|p2a: Kyurem|Scale Shot|p1a: Tyranitar|[miss]
|-miss|p2a: Kyurem|p1a: Tyranitar
|
|-weather|Sandstorm|[upkeep]
|-damage|p2a: Kyurem|38/100|[from] Sandstorm
|-heal|p1a: Tyranitar|25/100|[from] item: Leftovers
|upkeep
|turn|20
|
|t:|1776097127
|move|p2a: Kyurem|Scale Shot|p1a: Tyranitar
|-damage|p1a: Tyranitar|9/100
|-damage|p1a: Tyranitar|0 fnt
|faint|p1a: Tyranitar
|-hitcount|p1: Tyranitar|2
|-unboost|p2a: Kyurem|def|1
|-boost|p2a: Kyurem|spe|1
|
|-weather|Sandstorm|[upkeep]
|-damage|p2a: Kyurem|32/100|[from] Sandstorm
|upkeep
|
|t:|1776097129
|switch|p1a: Tauros|Tauros-Paldea-Aqua, M|46/100
|-ability|p1a: Tauros|Intimidate|boost
|-unboost|p2a: Kyurem|atk|1
|turn|21
|
|t:|1776097133
|switch|p2a: Ogerpon|Ogerpon-Wellspring, F|100/100
|move|p1a: Tauros|Close Combat|p2a: Ogerpon
|-damage|p2a: Ogerpon|0 fnt
|-unboost|p1a: Tauros|def|1
|-unboost|p1a: Tauros|spd|1
|faint|p2a: Ogerpon
|
|-weather|Sandstorm|[upkeep]
|-damage|p1a: Tauros|40/100|[from] Sandstorm
|upkeep
|-message|yeetasian68 forfeited.
|l|☆yeetasian68
|inactive|yeetasian68 disconnected and has a minute to reconnect!
|player|p2|
|
|win|thebacchusbraviary
|raw|thebacchusbraviary's rating: 1342 &rarr; <strong>1359</strong><br />(+17 for winning)
|raw|yeetasian68's rating: 1292 &rarr; <strong>1271</strong><br />(-21 for losing)
|l|☆thebacchusbraviary
|player|p1|
