|html|<div class="broadcast-blue"><strong>[Gen 9] OU is currently suspecting Tera Blast! For information on how to participate check out the <a href="https://www.smogon.com/tools/suspects/view/200">suspect thread</a>.</strong></div>
|j|☆high mage von
|j|☆bodilyse
|t:|1776070083
|gametype|singles
|player|p1|high mage von|#omclihearttakers|1197
|player|p2|bodilyse|giovanni|1268
|gen|9
|tier|[Gen 9] OU
|rated|
|rule|HP Percentage Mod: HP is shown in percentages
|rule|Endless Battle Clause: Forcing endless battles is banned
|rule|Species Clause: Limit one of each Pokémon
|rule|OHKO Clause: OHKO moves are banned
|rule|Evasion Items Clause: Evasion items are banned
|rule|Evasion Moves Clause: Evasion moves are banned
|rule|Evasion Abilities Clause: Evasion abilities are banned
|rule|Sleep Moves Clause: Sleep-inducing moves are banned
|clearpoke
|poke|p1|Pelipper, F|
|poke|p1|Raging Bolt|
|poke|p1|Overqwil, M|
|poke|p1|Barraskewda, F|
|poke|p1|Iron Treads|
|poke|p1|Kingambit, M|
|poke|p2|Iron Moth|
|poke|p2|Kingambit, M|
|poke|p2|Iron Valiant|
|poke|p2|Rillaboom, M|
|poke|p2|Ogerpon-Cornerstone, F|
|poke|p2|Raging Bolt|
|teampreview
|inactive|Battle timer is ON: inactive players will automatically lose when time's up. (requested by bodilyse)
|inactive|high mage von also wants the timer to be on.
|c|☆bodilyse|glhf
|c|☆high mage von|u2
|
|t:|1776070094
|teamsize|p1|6
|teamsize|p2|6
|start
|switch|p1a: Pelipper|Pelipper, F|100/100
|switch|p2a: Spirit Monger|Ogerpon-Cornerstone, F|100/100
|-weather|RainDance|[from] ability: Drizzle|[of] p1a: Pelipper
|turn|1
|
|t:|1776070115
|-terastallize|p2a: Spirit Monger|Rock
|detailschange|p2a: Spirit Monger|Ogerpon-Cornerstone-Tera, F, tera:Rock
|-ability|p2a: Spirit Monger|Embody Aspect (Cornerstone)|boost
|-boost|p2a: Spirit Monger|def|1
|move|p2a: Spirit Monger|Ivy Cudgel|p1a: Pelipper|[anim] Ivy Cudgel Rock
|-supereffective|p1a: Pelipper
|-damage|p1a: Pelipper|0 fnt
|faint|p1a: Pelipper
|
|-weather|RainDance|[upkeep]
|upkeep
|
|t:|1776070122
|switch|p1a: Barraskewda|Barraskewda, F|100/100
|turn|2
|
|t:|1776070128
|move|p1a: Barraskewda|Flip Turn|p2a: Spirit Monger
|-supereffective|p2a: Spirit Monger
|-damage|p2a: Spirit Monger|0 fnt
|faint|p2a: Spirit Monger
|detailschange|p2: Spirit Monger|Ogerpon-Cornerstone, F|[silent]
|
|t:|1776070138
|switch|p1a: Overqwil|Overqwil, M|100/100|[from] Flip Turn
|
|-weather|RainDance|[upkeep]
|upkeep
|
|t:|1776070147
|switch|p2a: Byakko|Raging Bolt|100/100
|-enditem|p2a: Byakko|Booster Energy
|-activate|p2a: Byakko|ability: Protosynthesis|[fromitem]
|-start|p2a: Byakko|protosynthesisspa
|turn|3
|
|t:|1776070165
|switch|p1a: Iron Treads|Iron Treads|100/100
|-enditem|p1a: Iron Treads|Booster Energy
|-activate|p1a: Iron Treads|ability: Quark Drive|[fromitem]
|-start|p1a: Iron Treads|quarkdrivespe
|move|p2a: Byakko|Dragon Pulse|p1a: Iron Treads
|-resisted|p1a: Iron Treads
|-damage|p1a: Iron Treads|51/100
|
|-weather|RainDance|[upkeep]
|upkeep
|turn|4
|
|t:|1776070178
|-end|p2a: Byakko|Protosynthesis|[silent]
|switch|p2a: Kong|Rillaboom, M, shiny|100/100
|-fieldstart|move: Grassy Terrain|[from] ability: Grassy Surge|[of] p2a: Kong
|move|p1a: Iron Treads|Stealth Rock|p2a: Kong
|-sidestart|p2: bodilyse|move: Stealth Rock
|
|-weather|RainDance|[upkeep]
|-heal|p1a: Iron Treads|57/100|[from] Grassy Terrain
|upkeep
|turn|5
|
|t:|1776070188
|-end|p1a: Iron Treads|Quark Drive|[silent]
|switch|p1a: Overqwil|Overqwil, M|100/100
|move|p2a: Kong|Grassy Glide|p1a: Overqwil
|-resisted|p1a: Overqwil
|-damage|p1a: Overqwil|67/100
|
|-weather|RainDance|[upkeep]
|-heal|p1a: Overqwil|73/100|[from] Grassy Terrain
|upkeep
|turn|6
|
|t:|1776070197
|switch|p2a: Byakko|Raging Bolt|100/100
|-damage|p2a: Byakko|88/100|[from] Stealth Rock
|move|p1a: Overqwil|Gunk Shot|p2a: Byakko
|-damage|p2a: Byakko|11/100
|-status|p2a: Byakko|psn
|-damage|p1a: Overqwil|64/100|[from] item: Life Orb
|
|-weather|RainDance|[upkeep]
|-heal|p1a: Overqwil|70/100|[from] Grassy Terrain
|-heal|p2a: Byakko|18/100 psn|[from] Grassy Terrain
|-damage|p2a: Byakko|5/100 psn|[from] psn
|upkeep
|turn|7
|
|t:|1776070208
|switch|p1a: Iron Treads|Iron Treads|57/100
|move|p2a: Byakko|Dragon Pulse|p1a: Iron Treads
|-resisted|p1a: Iron Treads
|-crit|p1a: Iron Treads
|-damage|p1a: Iron Treads|5/100
|
|-weather|RainDance|[upkeep]
|-heal|p1a: Iron Treads|12/100|[from] Grassy Terrain
|-heal|p2a: Byakko|11/100 psn|[from] Grassy Terrain
|-damage|p2a: Byakko|0 fnt|[from] psn
|faint|p2a: Byakko
|-end|p2a: Byakko|Protosynthesis|[silent]
|upkeep
|
|t:|1776070214
|switch|p2a: Kong|Rillaboom, M, shiny|100/100
|-damage|p2a: Kong|88/100|[from] Stealth Rock
|turn|8
|
|t:|1776070230
|move|p1a: Iron Treads|Steel Beam|p2a: Kong
|-damage|p2a: Kong|16/100
|-damage|p1a: Iron Treads|0 fnt|[from] steelbeam
|faint|p1a: Iron Treads
|-end|p1a: Iron Treads|Quark Drive|[silent]
|move|p2a: Kong|U-turn|p1: Iron Treads|[notarget]
|-fail|p2a: Kong
|
|-weather|none
|-heal|p2a: Kong|22/100|[from] Grassy Terrain
|-fieldend|move: Grassy Terrain
|upkeep
|
|t:|1776070236
|switch|p1a: Barraskewda|Barraskewda, F|100/100
|turn|9
|
|t:|1776070251
|switch|p2a: Calamity|Iron Valiant, shiny|100/100
|-damage|p2a: Calamity|94/100|[from] Stealth Rock
|-enditem|p2a: Calamity|Booster Energy
|-activate|p2a: Calamity|ability: Quark Drive|[fromitem]
|-start|p2a: Calamity|quarkdrivespe
|move|p1a: Barraskewda|Flip Turn|p2a: Calamity
|-crit|p2a: Calamity
|-damage|p2a: Calamity|0 fnt
|faint|p2a: Calamity
|-end|p2a: Calamity|Quark Drive|[silent]
|
|t:|1776070267
|switch|p1a: Overqwil|Overqwil, M|70/100|[from] Flip Turn
|
|upkeep
|
|t:|1776070289
|switch|p2a: Symbolism|Iron Moth, shiny|100/100
|-damage|p2a: Symbolism|76/100|[from] Stealth Rock
|-enditem|p2a: Symbolism|Booster Energy
|-activate|p2a: Symbolism|ability: Quark Drive|[fromitem]
|-start|p2a: Symbolism|quarkdrivespe
|turn|10
|
|t:|1776070298
|move|p2a: Symbolism|Substitute|p2a: Symbolism
|-start|p2a: Symbolism|Substitute
|-damage|p2a: Symbolism|51/100
|move|p1a: Overqwil|Liquidation|p2a: Symbolism
|-supereffective|p2a: Symbolism
|-end|p2a: Symbolism|Substitute
|-damage|p1a: Overqwil|60/100|[from] item: Life Orb
|
|upkeep
|turn|11
|
|t:|1776070309
|move|p2a: Symbolism|Fiery Dance|p1a: Overqwil
|-damage|p1a: Overqwil|2/100
|-boost|p2a: Symbolism|spa|1
|move|p1a: Overqwil|Liquidation|p2a: Symbolism
|-supereffective|p2a: Symbolism
|-damage|p2a: Symbolism|0 fnt
|faint|p2a: Symbolism
|-end|p2a: Symbolism|Quark Drive|[silent]
|-damage|p1a: Overqwil|0 fnt|[from] item: Life Orb
|faint|p1a: Overqwil
|
|upkeep
|
|t:|1776070325
|switch|p2a: Kong|Rillaboom, M, shiny|22/100
|switch|p1a: Barraskewda|Barraskewda, F|100/100
|-damage|p2a: Kong|10/100|[from] Stealth Rock
|-fieldstart|move: Grassy Terrain|[from] ability: Grassy Surge|[of] p2a: Kong
|turn|12
|
|t:|1776070328
|move|p1a: Barraskewda|Aqua Jet|p2a: Kong
|-resisted|p2a: Kong
|-damage|p2a: Kong|0 fnt
|faint|p2a: Kong
|
|upkeep
|
|t:|1776070330
|switch|p2a: Overgod|Kingambit, M, shiny|100/100
|-damage|p2a: Overgod|94/100|[from] Stealth Rock
|-activate|p2a: Overgod|ability: Supreme Overlord
|-start|p2a: Overgod|fallen5|[silent]
|turn|13
|
|t:|1776070344
|switch|p1a: Raging Bolt|Raging Bolt|100/100
|-enditem|p1a: Raging Bolt|Booster Energy
|-activate|p1a: Raging Bolt|ability: Protosynthesis|[fromitem]
|-start|p1a: Raging Bolt|protosynthesisspa
|move|p2a: Overgod|Swords Dance|p2a: Overgod
|-boost|p2a: Overgod|atk|2
|
|-heal|p2a: Overgod|100/100|[from] Grassy Terrain
|upkeep
|turn|14
|
|t:|1776070352
|-terastallize|p1a: Raging Bolt|Fairy
|move|p1a: Raging Bolt|Thunder|p2a: Overgod
|-damage|p2a: Overgod|0 fnt
|faint|p2a: Overgod
|-end|p2a: Overgod|fallen5|[silent]
|
|win|high mage von
|raw|high mage von's rating: 1197 &rarr; <strong>1227</strong><br />(+30 for winning)
|raw|bodilyse's rating: 1268 &rarr; <strong>1238</strong><br />(-30 for losing)
