|html|<div class="broadcast-blue"><strong>[Gen 9] OU is currently suspecting Tera Blast! For information on how to participate check out the <a href="https://www.smogon.com/tools/suspects/view/200">suspect thread</a>.</strong></div>
|j|☆Trashnlucky
|j|☆Daacebandit
|t:|1776284864
|gametype|singles
|player|p1|Trashnlucky|oak-gen2|1195
|player|p2|Daacebandit|ghetsis-gen5bw|1183
|gen|9
|tier|[Gen 9] OU
|rated|
|rule|HP Percentage Mod: HP is shown in percentages
|rule|Endless Battle Clause: Forcing endless battles is banned
|rule|Species Clause: Limit one of each Pokémon
|rule|OHKO Clause: OHKO moves are banned
|rule|Evasion Items Clause: Evasion items are banned
|rule|Evasion Moves Clause: Evasion moves are banned
|rule|Evasion Abilities Clause: Evasion abilities are banned
|rule|Sleep Moves Clause: Sleep-inducing moves are banned
|clearpoke
|poke|p1|Kingambit, M|
|poke|p1|Cinderace, F|
|poke|p1|Goodra-Hisui, M|
|poke|p1|Kyurem|
|poke|p1|Skarmory, F|
|poke|p1|Gliscor, M|
|poke|p2|Inteleon, M|
|poke|p2|Overqwil, M|
|poke|p2|Thundurus, M|
|poke|p2|Great Tusk|
|poke|p2|Ceruledge, M|
|poke|p2|Ogerpon-Wellspring, F|
|teampreview
|inactive|Battle timer is ON: inactive players will automatically lose when time's up. (requested by Trashnlucky)
|
|t:|1776284887
|teamsize|p1|6
|teamsize|p2|6
|start
|switch|p1a: Kyurem|Kyurem|100/100
|switch|p2a: Ogerpon|Ogerpon-Wellspring, F|100/100
|-ability|p1a: Kyurem|Pressure
|turn|1
|
|t:|1776284898
|move|p2a: Ogerpon|U-turn|p1a: Kyurem
|-damage|p1a: Kyurem|76/100
|
|t:|1776284905
|switch|p2a: Overqwil|Overqwil, M|100/100|[from] U-turn
|-ability|p2a: Overqwil|Intimidate|boost
|-unboost|p1a: Kyurem|atk|1
|move|p1a: Kyurem|Freeze-Dry|p2a: Overqwil
|-damage|p2a: Overqwil|45/100
|-status|p2a: Overqwil|frz
|
|upkeep
|turn|2
|
|t:|1776284921
|cant|p2a: Overqwil|frz
|move|p1a: Kyurem|Dragon Dance|p1a: Kyurem
|-boost|p1a: Kyurem|atk|1
|-boost|p1a: Kyurem|spe|1
|
|upkeep
|turn|3
|c|☆Daacebandit|fun
|
|t:|1776284927
|move|p1a: Kyurem|Dragon Dance|p1a: Kyurem
|-boost|p1a: Kyurem|atk|1
|-boost|p1a: Kyurem|spe|1
|cant|p2a: Overqwil|frz
|
|upkeep
|turn|4
|c|☆Trashnlucky|Lucky
|
|t:|1776284954
|move|p1a: Kyurem|Dragon Dance|p1a: Kyurem
|-boost|p1a: Kyurem|atk|1
|-boost|p1a: Kyurem|spe|1
|cant|p2a: Overqwil|frz
|
|upkeep
|turn|5
|c|☆Daacebandit|what item are you running?
|
|t:|1776284963
|move|p1a: Kyurem|Freeze-Dry|p2a: Overqwil
|-damage|p2a: Overqwil|0 fnt
|faint|p2a: Overqwil
|
|upkeep
|c|☆Trashnlucky|Weakness policy
|
|t:|1776284984
|switch|p2a: Ceruledge|Ceruledge, M, shiny|100/100
|turn|6
|
|t:|1776284995
|move|p2a: Ceruledge|Endure|p2a: Ceruledge
|-singleturn|p2a: Ceruledge|move: Endure
|move|p1a: Kyurem|Earth Power|p2a: Ceruledge
|-supereffective|p2a: Ceruledge
|-damage|p2a: Ceruledge|30/100
|
|upkeep
|turn|7
|
|t:|1776285003
|move|p1a: Kyurem|Earth Power|p2a: Ceruledge
|-supereffective|p2a: Ceruledge
|-damage|p2a: Ceruledge|0 fnt
|faint|p2a: Ceruledge
|
|upkeep
|
|t:|1776285005
|switch|p2a: Inteleon|Inteleon, M, shiny|100/100
|turn|8
|
|t:|1776285009
|move|p2a: Inteleon|Vacuum Wave|p1a: Kyurem
|-supereffective|p1a: Kyurem
|-damage|p1a: Kyurem|49/100
|-enditem|p1a: Kyurem|Weakness Policy
|-boost|p1a: Kyurem|atk|2|[from] item: Weakness Policy
|-boost|p1a: Kyurem|spa|2|[from] item: Weakness Policy
|move|p1a: Kyurem|Freeze-Dry|p2a: Inteleon
|-supereffective|p2a: Inteleon
|-damage|p2a: Inteleon|0 fnt
|faint|p2a: Inteleon
|
|upkeep
|
|t:|1776285013
|switch|p2a: Thundurus|Thundurus, M|100/100
|turn|9
|
|t:|1776285022
|-terastallize|p2a: Thundurus|Steel
|move|p1a: Kyurem|Freeze-Dry|p2a: Thundurus
|-resisted|p2a: Thundurus
|-damage|p2a: Thundurus|57/100
|-status|p2a: Thundurus|frz
|cant|p2a: Thundurus|frz
|
|upkeep
|turn|10
|
|t:|1776285028
|move|p1a: Kyurem|Earth Power|p2a: Thundurus
|-supereffective|p2a: Thundurus
|-damage|p2a: Thundurus|0 fnt
|faint|p2a: Thundurus
|
|upkeep
|
|t:|1776285033
|switch|p2a: Great Tusk|Great Tusk|100/100
|turn|11
|
|t:|1776285039
|move|p1a: Kyurem|Freeze-Dry|p2a: Great Tusk
|-supereffective|p2a: Great Tusk
|-damage|p2a: Great Tusk|0 fnt
|faint|p2a: Great Tusk
|-end|p2a: Great Tusk|Protosynthesis|[silent]
|
|upkeep
|
|t:|1776285042
|switch|p2a: Ogerpon|Ogerpon-Wellspring, F|100/100
|turn|12
|c|☆Trashnlucky|gg
|c|☆Daacebandit|gg ig lol
|
|t:|1776285052
|move|p1a: Kyurem|Freeze-Dry|p2a: Ogerpon
|-supereffective|p2a: Ogerpon
|-damage|p2a: Ogerpon|0 fnt
|faint|p2a: Ogerpon
|
|win|Trashnlucky
|raw|Trashnlucky's rating: 1195 &rarr; <strong>1219</strong><br />(+24 for winning)
|raw|Daacebandit's rating: 1183 &rarr; <strong>1159</strong><br />(-24 for losing)
|l|☆Daacebandit
|player|p2|
|l|☆Trashnlucky
|player|p1|
|j|☆Trashnlucky
|player|p1|Trashnlucky|oak-gen2|
