|html|<div class="broadcast-blue"><strong>[Gen 9] OU is currently suspecting Tera Blast! For information on how to participate check out the <a href="https://www.smogon.com/tools/suspects/view/200">suspect thread</a>.</strong></div>
|j|☆t10zin
|j|☆MixTheWhiteNGreen
|t:|1776279779
|gametype|singles
|player|p1|t10zin|169|1348
|player|p2|MixTheWhiteNGreen|miku-ghost|1304
|gen|9
|tier|[Gen 9] OU
|rated|
|rule|HP Percentage Mod: HP is shown in percentages
|rule|Endless Battle Clause: Forcing endless battles is banned
|rule|Species Clause: Limit one of each Pokémon
|rule|OHKO Clause: OHKO moves are banned
|rule|Evasion Items Clause: Evasion items are banned
|rule|Evasion Moves Clause: Evasion moves are banned
|rule|Evasion Abilities Clause: Evasion abilities are banned
|rule|Sleep Moves Clause: Sleep-inducing moves are banned
|clearpoke
|poke|p1|Cinderace, M|
|poke|p1|Great Tusk|
|poke|p1|Hatterene, F|
|poke|p1|Iron Valiant|
|poke|p1|Ogerpon-Wellspring, F|
|poke|p1|Kingambit, M|
|poke|p2|Volcanion|
|poke|p2|Slowking-Galar, F|
|poke|p2|Zamazenta-*|
|poke|p2|Corviknight, F|
|poke|p2|Hatterene, F|
|poke|p2|Ting-Lu|
|teampreview
|inactive|Battle timer is ON: inactive players will automatically lose when time's up. (requested by MixTheWhiteNGreen)
|
|t:|1776279802
|teamsize|p1|6
|teamsize|p2|6
|start
|switch|p1a: Cinderace|Cinderace, M|100/100
|switch|p2a: Volcanion|Volcanion|100/100
|turn|1
|
|t:|1776279814
|move|p1a: Cinderace|U-turn|p2a: Volcanion
|-start|p1a: Cinderace|typechange|Bug|[from] ability: Libero
|-resisted|p2a: Volcanion
|-damage|p2a: Volcanion|84/100
|
|t:|1776279818
|switch|p1a: Ogerpon|Ogerpon-Wellspring, F|100/100|[from] U-turn
|move|p2a: Volcanion|Flamethrower|p1a: Ogerpon
|-damage|p1a: Ogerpon|9/100
|
|upkeep
|turn|2
|
|t:|1776279836
|switch|p1a: Hatterene|Hatterene, F|100/100
|switch|p2a: Corviknight|Corviknight, F, shiny|100/100
|-ability|p2a: Corviknight|Pressure
|
|upkeep
|turn|3
|
|t:|1776279844
|switch|p2a: Slowking|Slowking-Galar, F, shiny|100/100
|move|p1a: Hatterene|Nuzzle|p2a: Slowking
|-damage|p2a: Slowking|97/100
|-status|p2a: Slowking|par
|
|-heal|p2a: Slowking|100/100 par|[from] item: Black Sludge
|upkeep
|turn|4
|
|t:|1776279856
|switch|p1a: Ogerpon|Ogerpon-Wellspring, F|9/100
|move|p2a: Slowking|Trick||[still]
|-fail|p2a: Slowking
|
|upkeep
|turn|5
|
|t:|1776279862
|move|p1a: Ogerpon|Swords Dance|p1a: Ogerpon
|-boost|p1a: Ogerpon|atk|2
|move|p2a: Slowking|Sludge Bomb|p1a: Ogerpon
|-supereffective|p1a: Ogerpon
|-damage|p1a: Ogerpon|0 fnt
|faint|p1a: Ogerpon
|
|upkeep
|
|t:|1776279872
|switch|p1a: Great Tusk|Great Tusk|100/100
|turn|6
|
|t:|1776279887
|switch|p2a: Hatterene|Hatterene, F|100/100
|move|p1a: Great Tusk|Stealth Rock|p2a: Hatterene
|move|p2a: Hatterene|Stealth Rock|p1a: Great Tusk|[from] ability: Magic Bounce
|-sidestart|p1: t10zin|move: Stealth Rock
|
|upkeep
|turn|7
|
|t:|1776279905
|move|p1a: Great Tusk|Rapid Spin|p2a: Hatterene
|-damage|p2a: Hatterene|88/100
|-boost|p1a: Great Tusk|spe|1
|-damage|p1a: Great Tusk|84/100|[from] item: Rocky Helmet|[of] p2a: Hatterene
|-sideend|p1: t10zin|Stealth Rock|[from] move: Rapid Spin|[of] p1a: Great Tusk
|move|p2a: Hatterene|Psychic Noise|p1a: Great Tusk
|-supereffective|p1a: Great Tusk
|-damage|p1a: Great Tusk|0 fnt
|faint|p1a: Great Tusk
|-end|p1a: Great Tusk|Protosynthesis|[silent]
|
|upkeep
|inactive|t10zin has 120 seconds left.
|c|☆t10zin|Do you stall players have girlfriends?
|c|☆t10zin|Do you stall players have girlfriends?
|c|☆MixTheWhiteNGreen|what?
|c|☆t10zin|no no, right?
|c|☆MixTheWhiteNGreen|how is this stall
|c|☆t10zin|KKKKKKK
|c|☆MixTheWhiteNGreen|i have a zama
|c|☆t10zin|no stall?
|c|☆t10zin|zama bodypress
|c|☆t10zin|corv
|c|☆t10zin|tinglu
|inactive|t10zin has 90 seconds left.
|c|☆t10zin|hattena
|c|☆t10zin|slowking
|c|☆MixTheWhiteNGreen|bro
|c|☆t10zin|no stall?????
|c|☆MixTheWhiteNGreen|i vave a specs volcanion
|c|☆MixTheWhiteNGreen|hello???
|c|☆t10zin|wooooooow
|c|☆t10zin|1 poke damage
|c|☆t10zin|5 bulk
|c|☆t10zin|yeeeah
|c|☆t10zin|its no stall
|inactive|t10zin has 60 seconds left.
|c|☆t10zin|kkkkkkk
|c|☆MixTheWhiteNGreen|its called a balance team my guy
|
|t:|1776279990
|switch|p1a: Cinderace|Cinderace, M|100/100
|turn|8
|inactive|t10zin has 60 seconds left.
|c|☆t10zin|ballance?
|c|☆t10zin|five fat pokemons
|c|☆t10zin|ballance?
|
|t:|1776280019
|switch|p2a: Volcanion|Volcanion|84/100
|move|p1a: Cinderace|Gunk Shot|p2a: Volcanion|[miss]
|-start|p1a: Cinderace|typechange|Poison|[from] ability: Libero
|-miss|p1a: Cinderace|p2a: Volcanion
|
|upkeep
|turn|9
|
|t:|1776280030
|move|p1a: Cinderace|Gunk Shot|p2a: Volcanion
|-damage|p2a: Volcanion|27/100
|-status|p2a: Volcanion|psn
|move|p2a: Volcanion|Steam Eruption|p1a: Cinderace
|-damage|p1a: Cinderace|0 fnt
|faint|p1a: Cinderace
|
|-damage|p2a: Volcanion|14/100 psn|[from] psn
|upkeep
|
|t:|1776280043
|switch|p1a: Kingambit|Kingambit, M|100/100
|-activate|p1a: Kingambit|ability: Supreme Overlord
|-start|p1a: Kingambit|fallen3|[silent]
|turn|10
|
|t:|1776280048
|move|p1a: Kingambit|Sucker Punch|p2a: Volcanion
|-damage|p2a: Volcanion|0 fnt
|faint|p2a: Volcanion
|
|upkeep
|
|t:|1776280075
|switch|p2a: Corviknight|Corviknight, F, shiny|100/100
|-ability|p2a: Corviknight|Pressure
|turn|11
|
|t:|1776280081
|-end|p1a: Kingambit|fallen3|[silent]
|switch|p1a: Hatterene|Hatterene, F|100/100
|move|p2a: Corviknight|Body Press|p1a: Hatterene
|-resisted|p1a: Hatterene
|-damage|p1a: Hatterene|95/100
|
|upkeep
|turn|12
|inactive|t10zin has 60 seconds left.
|
|t:|1776280087
|switch|p2a: Slowking|Slowking-Galar, F, shiny|100/100 par
|move|p1a: Hatterene|Mystical Fire|p2a: Slowking
|-damage|p2a: Slowking|85/100 par
|-unboost|p2a: Slowking|spa|1
|
|-heal|p2a: Slowking|91/100 par|[from] item: Black Sludge
|upkeep
|turn|13
|
|t:|1776280097
|move|p1a: Hatterene|Psychic Noise|p2a: Slowking
|-damage|p2a: Slowking|64/100 par
|-start|p2a: Slowking|move: Heal Block
|cant|p2a: Slowking|par
|
|upkeep
|turn|14
|
|t:|1776280108
|move|p1a: Hatterene|Draining Kiss|p2a: Slowking
|-resisted|p2a: Slowking
|-damage|p2a: Slowking|56/100 par
|-heal|p1a: Hatterene|100/100|[from] drain|[of] p2a: Slowking
|move|p2a: Slowking|Trick|p1a: Hatterene
|-activate|p2a: Slowking|move: Trick|[of] p1a: Hatterene
|-item|p1a: Hatterene|Black Sludge|[from] move: Trick
|-item|p2a: Slowking|Assault Vest|[from] move: Trick
|
|-damage|p1a: Hatterene|88/100|[from] item: Black Sludge
|-end|p2a: Slowking|move: Heal Block
|upkeep
|turn|15
|
|t:|1776280122
|switch|p1a: Kingambit|Kingambit, M|100/100
|-activate|p1a: Kingambit|ability: Supreme Overlord
|-start|p1a: Kingambit|fallen3|[silent]
|move|p2a: Slowking|Sludge Bomb|p1a: Kingambit
|-immune|p1a: Kingambit
|
|upkeep
|turn|16
|
|t:|1776280129
|switch|p2a: Corviknight|Corviknight, F, shiny|100/100
|-ability|p2a: Corviknight|Pressure
|move|p1a: Kingambit|Swords Dance|p1a: Kingambit
|-boost|p1a: Kingambit|atk|2
|
|upkeep
|turn|17
|
|t:|1776280137
|-terastallize|p1a: Kingambit|Ghost
|move|p2a: Corviknight|Iron Defense|p2a: Corviknight
|-boost|p2a: Corviknight|def|2
|move|p1a: Kingambit|Swords Dance|p1a: Kingambit
|-boost|p1a: Kingambit|atk|2
|
|upkeep
|turn|18
|
|t:|1776280145
|move|p2a: Corviknight|Iron Defense|p2a: Corviknight
|-boost|p2a: Corviknight|def|2
|move|p1a: Kingambit|Swords Dance|p1a: Kingambit
|-boost|p1a: Kingambit|atk|2
|
|upkeep
|turn|19
|
|t:|1776280151
|move|p2a: Corviknight|Iron Defense|p2a: Corviknight
|-boost|p2a: Corviknight|def|2
|move|p1a: Kingambit|Kowtow Cleave|p2a: Corviknight
|-damage|p2a: Corviknight|55/100
|-damage|p1a: Kingambit|84/100|[from] item: Rocky Helmet|[of] p2a: Corviknight
|
|upkeep
|turn|20
|
|t:|1776280159
|move|p2a: Corviknight|Roost|p2a: Corviknight
|-heal|p2a: Corviknight|100/100
|-singleturn|p2a: Corviknight|move: Roost
|move|p1a: Kingambit|Kowtow Cleave|p2a: Corviknight
|-damage|p2a: Corviknight|55/100
|-damage|p1a: Kingambit|67/100|[from] item: Rocky Helmet|[of] p2a: Corviknight
|
|upkeep
|turn|21
|
|t:|1776280179
|move|p2a: Corviknight|Roost|p2a: Corviknight
|-heal|p2a: Corviknight|100/100
|-singleturn|p2a: Corviknight|move: Roost
|move|p1a: Kingambit|Kowtow Cleave|p2a: Corviknight
|-damage|p2a: Corviknight|51/100
|-damage|p1a: Kingambit|51/100|[from] item: Rocky Helmet|[of] p2a: Corviknight
|
|upkeep
|turn|22
|
|t:|1776280190
|move|p2a: Corviknight|Roost|p2a: Corviknight
|-heal|p2a: Corviknight|100/100
|-singleturn|p2a: Corviknight|move: Roost
|move|p1a: Kingambit|Kowtow Cleave|p2a: Corviknight
|-damage|p2a: Corviknight|57/100
|-damage|p1a: Kingambit|34/100|[from] item: Rocky Helmet|[of] p2a: Corviknight
|
|upkeep
|turn|23
|
|t:|1776280199
|move|p2a: Corviknight|Roost|p2a: Corviknight
|-heal|p2a: Corviknight|100/100
|-singleturn|p2a: Corviknight|move: Roost
|move|p1a: Kingambit|Kowtow Cleave|p2a: Corviknight
|-damage|p2a: Corviknight|53/100
|-damage|p1a: Kingambit|18/100|[from] item: Rocky Helmet|[of] p2a: Corviknight
|
|upkeep
|turn|24
|inactive|t10zin has 120 seconds left.
|
|t:|1776280215
|-end|p1a: Kingambit|fallen3|[silent]
|switch|p1a: Iron Valiant|Iron Valiant|100/100
|move|p2a: Corviknight|Roost|p2a: Corviknight
|-heal|p2a: Corviknight|100/100
|-singleturn|p2a: Corviknight|move: Roost
|
|upkeep
|turn|25
|
|t:|1776280222
|switch|p2a: Slowking|Slowking-Galar, F, shiny|90/100 par
|move|p1a: Iron Valiant|Thunderbolt|p2a: Slowking
|-damage|p2a: Slowking|67/100 par
|
|upkeep
|turn|26
|inactive|t10zin has 120 seconds left.
|
|t:|1776280230
|-end|p1a: Iron Valiant|Quark Drive|[silent]
|switch|p1a: Kingambit|Kingambit, M, tera:Ghost|18/100
|-activate|p1a: Kingambit|ability: Supreme Overlord
|-start|p1a: Kingambit|fallen3|[silent]
|move|p2a: Slowking|Future Sight|p1a: Kingambit
|-start|p2a: Slowking|move: Future Sight
|
|upkeep
|turn|27
|
|t:|1776280237
|-end|p1a: Kingambit|fallen3|[silent]
|switch|p1a: Iron Valiant|Iron Valiant|100/100
|switch|p2a: Corviknight|Corviknight, F, shiny|100/100
|-ability|p2a: Corviknight|Pressure
|
|upkeep
|turn|28
|c|☆t10zin|When you play stall, you can be predictable.
|
|t:|1776280255
|switch|p2a: Hatterene|Hatterene, F|88/100
|move|p1a: Iron Valiant|Thunderbolt|p2a: Hatterene
|-damage|p2a: Hatterene|42/100
|-status|p2a: Hatterene|par
|
|-end|p1a: Iron Valiant|move: Future Sight
|-supereffective|p1a: Iron Valiant
|-damage|p1a: Iron Valiant|0 fnt
|faint|p1a: Iron Valiant
|-end|p1a: Iron Valiant|Quark Drive|[silent]
|upkeep
|
|t:|1776280259
|switch|p1a: Kingambit|Kingambit, M, tera:Ghost|18/100
|-activate|p1a: Kingambit|ability: Supreme Overlord
|-start|p1a: Kingambit|fallen4|[silent]
|turn|29
|c|☆MixTheWhiteNGreen|ok big bro
|c|☆MixTheWhiteNGreen|ty for letting me know
|
|t:|1776280279
|switch|p2a: Corviknight|Corviknight, F, shiny|100/100
|-ability|p2a: Corviknight|Pressure
|move|p1a: Kingambit|Iron Head|p2a: Corviknight
|-resisted|p2a: Corviknight
|-damage|p2a: Corviknight|82/100
|-damage|p1a: Kingambit|1/100|[from] item: Rocky Helmet|[of] p2a: Corviknight
|
|upkeep
|turn|30
|
|t:|1776280289
|move|p2a: Corviknight|Roost|p2a: Corviknight
|-heal|p2a: Corviknight|100/100
|-singleturn|p2a: Corviknight|move: Roost
|move|p1a: Kingambit|Kowtow Cleave|p2a: Corviknight
|-damage|p2a: Corviknight|51/100
|-damage|p1a: Kingambit|0 fnt|[from] item: Rocky Helmet|[of] p2a: Corviknight
|faint|p1a: Kingambit
|-end|p1a: Kingambit|fallen4|[silent]
|
|upkeep
|
|t:|1776280294
|switch|p1a: Hatterene|Hatterene, F|88/100
|turn|31
|
|t:|1776280305
|switch|p2a: Slowking|Slowking-Galar, F, shiny|99/100 par
|move|p1a: Hatterene|Nuzzle|p2a: Slowking
|-damage|p2a: Slowking|97/100 par
|
|-damage|p1a: Hatterene|76/100|[from] item: Black Sludge
|upkeep
|turn|32
|c|☆t10zin|Go get a girlfriend, bro, have sex, you know?
|-message|t10zin forfeited.
|
|win|MixTheWhiteNGreen
|raw|t10zin's rating: 1348 &rarr; <strong>1325</strong><br />(-23 for losing)
|raw|MixTheWhiteNGreen's rating: 1304 &rarr; <strong>1327</strong><br />(+23 for winning)
|l|☆t10zin
|player|p1|
|l|☆MixTheWhiteNGreen
|player|p2|
