|html|<div class="broadcast-blue"><strong>[Gen 9] OU is currently suspecting Tera Blast! For information on how to participate check out the <a href="https://www.smogon.com/tools/suspects/view/200">suspect thread</a>.</strong></div>
|j|☆flemminx
|j|☆bigmanbigmanpants
|t:|1776113704
|gametype|singles
|player|p1|flemminx|youngster-gen4dp|1150
|player|p2|bigmanbigmanpants|koga-lgpe|1151
|gen|9
|tier|[Gen 9] OU
|rated|
|rule|HP Percentage Mod: HP is shown in percentages
|rule|Endless Battle Clause: Forcing endless battles is banned
|rule|Species Clause: Limit one of each Pokémon
|rule|OHKO Clause: OHKO moves are banned
|rule|Evasion Items Clause: Evasion items are banned
|rule|Evasion Moves Clause: Evasion moves are banned
|rule|Evasion Abilities Clause: Evasion abilities are banned
|rule|Sleep Moves Clause: Sleep-inducing moves are banned
|clearpoke
|poke|p1|Clefable, F|
|poke|p1|Zapdos|
|poke|p1|Dragapult, F|
|poke|p1|Ceruledge, F|
|poke|p1|Great Tusk|
|poke|p1|Slowking-Galar, F|
|poke|p2|Porygon2|
|poke|p2|Reuniclus, M|
|poke|p2|Rampardos, F|
|poke|p2|Ting-Lu|
|poke|p2|Bronzong|
|poke|p2|Glastrier|
|teampreview
|
|t:|1776113715
|teamsize|p1|6
|teamsize|p2|6
|start
|switch|p1a: Clefable|Clefable, F|100/100
|switch|p2a: Porygon2|Porygon2|100/100
|-ability|p2a: Porygon2|Download|boost
|-boost|p2a: Porygon2|atk|1
|turn|1
|
|t:|1776113726
|move|p1a: Clefable|Thunder Wave|p2a: Porygon2|[miss]
|-miss|p1a: Clefable|p2a: Porygon2
|move|p2a: Porygon2|Trick Room|p2a: Porygon2
|-fieldstart|move: Trick Room|[of] p2a: Porygon2
|
|upkeep
|turn|2
|
|t:|1776113732
|switch|p2a: Rampardos|Rampardos, F|100/100
|move|p1a: Clefable|Thunder Wave|p2a: Rampardos
|-status|p2a: Rampardos|par
|
|upkeep
|turn|3
|inactive|Battle timer is ON: inactive players will automatically lose when time's up. (requested by bigmanbigmanpants)
|
|t:|1776113768
|switch|p1a: Great Tusk|Great Tusk|100/100
|-enditem|p1a: Great Tusk|Booster Energy
|-activate|p1a: Great Tusk|ability: Protosynthesis|[fromitem]
|-start|p1a: Great Tusk|protosynthesisdef
|move|p2a: Rampardos|Head Smash|p1a: Great Tusk
|-resisted|p1a: Great Tusk
|-damage|p1a: Great Tusk|85/100
|-damage|p2a: Rampardos|93/100 par|[from] Recoil
|-damage|p2a: Rampardos|83/100 par|[from] item: Life Orb
|
|upkeep
|turn|4
|
|t:|1776113786
|switch|p2a: Reuniclus|Reuniclus, M|100/100
|move|p1a: Great Tusk|Knock Off|p2a: Reuniclus
|-supereffective|p2a: Reuniclus
|-damage|p2a: Reuniclus|40/100
|-enditem|p2a: Reuniclus|Life Orb|[from] move: Knock Off|[of] p1a: Great Tusk
|
|upkeep
|turn|5
|
|t:|1776113795
|move|p2a: Reuniclus|Psychic|p1a: Great Tusk
|-supereffective|p1a: Great Tusk
|-damage|p1a: Great Tusk|0 fnt
|faint|p1a: Great Tusk
|-end|p1a: Great Tusk|Protosynthesis|[silent]
|
|-fieldend|move: Trick Room
|upkeep
|inactive|flemminx has 120 seconds left.
|
|t:|1776113823
|switch|p1a: Dragapult|Dragapult, F|100/100
|turn|6
|
|t:|1776113828
|switch|p2a: Porygon2|Porygon2|100/100
|-ability|p2a: Porygon2|Download|boost
|-boost|p2a: Porygon2|atk|1
|move|p1a: Dragapult|U-turn|p2a: Porygon2
|-damage|p2a: Porygon2|88/100
|
|t:|1776113835
|switch|p1a: Clefable|Clefable, F|100/100|[from] U-turn
|
|upkeep
|turn|7
|
|t:|1776113839
|move|p1a: Clefable|Thunder Wave|p2a: Porygon2
|-status|p2a: Porygon2|par
|cant|p2a: Porygon2|par
|
|upkeep
|turn|8
|
|t:|1776113845
|move|p1a: Clefable|Stealth Rock|p2a: Porygon2
|-sidestart|p2: bigmanbigmanpants|move: Stealth Rock
|move|p2a: Porygon2|Trick Room|p2a: Porygon2
|-fieldstart|move: Trick Room|[of] p2a: Porygon2
|
|upkeep
|turn|9
|
|t:|1776113852
|switch|p2a: Rampardos|Rampardos, F|83/100 par
|-damage|p2a: Rampardos|71/100 par|[from] Stealth Rock
|switch|p1a: Slowking|Slowking-Galar, F|100/100
|
|upkeep
|turn|10
|
|t:|1776113862
|cant|p2a: Rampardos|par
|move|p1a: Slowking|Future Sight|p2a: Rampardos
|-start|p1a: Slowking|move: Future Sight
|
|upkeep
|turn|11
|
|t:|1776113874
|move|p2a: Rampardos|Head Smash|p1a: Slowking
|-damage|p1a: Slowking|0 fnt
|faint|p1a: Slowking
|-damage|p2a: Rampardos|22/100 par|[from] Recoil
|-damage|p2a: Rampardos|12/100 par|[from] item: Life Orb
|
|upkeep
|
|t:|1776113887
|switch|p1a: Clefable|Clefable, F|100/100
|turn|12
|
|t:|1776113893
|move|p2a: Rampardos|Head Smash|p1a: Clefable|[miss]
|-miss|p2a: Rampardos|p1a: Clefable
|move|p1a: Clefable|Moonblast|p2a: Rampardos
|-damage|p2a: Rampardos|0 fnt
|faint|p2a: Rampardos
|
|-hint|Future Sight did not hit because the target is fainted.
|-fieldend|move: Trick Room
|upkeep
|
|t:|1776113898
|switch|p2a: Porygon2|Porygon2|88/100 par
|-damage|p2a: Porygon2|76/100 par|[from] Stealth Rock
|-ability|p2a: Porygon2|Download|boost
|-boost|p2a: Porygon2|atk|1
|turn|13
|
|t:|1776113910
|switch|p1a: Dragapult|Dragapult, F|100/100
|move|p2a: Porygon2|Trick Room|p2a: Porygon2
|-fieldstart|move: Trick Room|[of] p2a: Porygon2
|
|upkeep
|turn|14
|
|t:|1776113919
|switch|p2a: Glastrier|Glastrier|100/100
|move|p1a: Dragapult|Draco Meteor|p2a: Glastrier
|-damage|p2a: Glastrier|60/100
|-unboost|p1a: Dragapult|spa|2
|
|upkeep
|turn|15
|
|t:|1776113932
|switch|p1a: Clefable|Clefable, F|100/100
|move|p2a: Glastrier|Swords Dance|p2a: Glastrier
|-boost|p2a: Glastrier|atk|2
|
|upkeep
|turn|16
|
|t:|1776113939
|move|p2a: Glastrier|Heavy Slam|p1a: Clefable
|-supereffective|p1a: Clefable
|-damage|p1a: Clefable|0 fnt
|-damage|p2a: Glastrier|44/100|[from] item: Rocky Helmet|[of] p1a: Clefable
|faint|p1a: Clefable
|-ability|p2a: Glastrier|Chilling Neigh|boost
|-boost|p2a: Glastrier|atk|1
|
|upkeep
|
|t:|1776113949
|switch|p1a: Zapdos|Zapdos|100/100
|turn|17
|c|☆bigmanbigmanpants|https://pastebin.com/w6CaNE4n
|
|t:|1776113965
|move|p2a: Glastrier|Icicle Crash|p1a: Zapdos
|-supereffective|p1a: Zapdos
|-damage|p1a: Zapdos|0 fnt
|faint|p1a: Zapdos
|-ability|p2a: Glastrier|Chilling Neigh|boost
|-boost|p2a: Glastrier|atk|1
|
|-fieldend|move: Trick Room
|upkeep
|
|t:|1776113977
|switch|p1a: Ceruledge|Ceruledge, F|100/100
|turn|18
|
|t:|1776113981
|move|p1a: Ceruledge|Bitter Blade|p2a: Glastrier
|-supereffective|p2a: Glastrier
|-crit|p2a: Glastrier
|-damage|p2a: Glastrier|0 fnt
|faint|p2a: Glastrier
|
|upkeep
|
|t:|1776113987
|switch|p2a: Porygon2|Porygon2|76/100 par
|-damage|p2a: Porygon2|64/100 par|[from] Stealth Rock
|-ability|p2a: Porygon2|Download|boost
|-boost|p2a: Porygon2|atk|1
|turn|19
|
|t:|1776114007
|move|p1a: Ceruledge|Close Combat|p2a: Porygon2
|-supereffective|p2a: Porygon2
|-damage|p2a: Porygon2|11/100 par
|-unboost|p1a: Ceruledge|def|1
|-unboost|p1a: Ceruledge|spd|1
|cant|p2a: Porygon2|par
|
|upkeep
|turn|20
|
|t:|1776114015
|move|p1a: Ceruledge|Close Combat|p2a: Porygon2
|-supereffective|p2a: Porygon2
|-damage|p2a: Porygon2|0 fnt
|-unboost|p1a: Ceruledge|def|1
|-unboost|p1a: Ceruledge|spd|1
|faint|p2a: Porygon2
|
|upkeep
|
|t:|1776114027
|switch|p2a: Bronzong|Bronzong|100/100
|-damage|p2a: Bronzong|94/100|[from] Stealth Rock
|turn|21
|
|t:|1776114051
|-terastallize|p2a: Bronzong|Electric
|move|p1a: Ceruledge|Swords Dance|p1a: Ceruledge
|-boost|p1a: Ceruledge|atk|2
|move|p2a: Bronzong|Trick Room|p2a: Bronzong
|-fieldstart|move: Trick Room|[of] p2a: Bronzong
|
|upkeep
|turn|22
|
|t:|1776114065
|move|p2a: Bronzong|Meteor Beam||[still]
|-prepare|p2a: Bronzong|Meteor Beam
|-boost|p2a: Bronzong|spa|1
|-enditem|p2a: Bronzong|Power Herb
|-anim|p2a: Bronzong|Meteor Beam|p1a: Ceruledge
|-supereffective|p1a: Ceruledge
|-enditem|p1a: Ceruledge|Focus Sash
|-damage|p1a: Ceruledge|1/100
|move|p1a: Ceruledge|Bitter Blade|p2a: Bronzong
|-damage|p2a: Bronzong|8/100
|-heal|p1a: Ceruledge|51/100|[from] drain|[of] p2a: Bronzong
|
|upkeep
|turn|23
|
|t:|1776114076
|move|p1a: Ceruledge|Shadow Sneak|p2a: Bronzong
|-damage|p2a: Bronzong|0 fnt
|faint|p2a: Bronzong
|
|upkeep
|
|t:|1776114078
|switch|p2a: Ting-Lu|Ting-Lu|100/100
|-damage|p2a: Ting-Lu|94/100|[from] Stealth Rock
|-ability|p2a: Ting-Lu|Vessel of Ruin
|turn|24
|inactive|flemminx has 120 seconds left.
|
|t:|1776114114
|move|p2a: Ting-Lu|Earthquake|p1a: Ceruledge
|-supereffective|p1a: Ceruledge
|-damage|p1a: Ceruledge|0 fnt
|faint|p1a: Ceruledge
|
|upkeep
|
|t:|1776114118
|switch|p1a: Dragapult|Dragapult, F|100/100
|turn|25
|inactive|flemminx has 120 seconds left.
|
|t:|1776114124
|move|p2a: Ting-Lu|Earthquake|p1a: Dragapult
|-damage|p1a: Dragapult|3/100
|move|p1a: Dragapult|Will-O-Wisp|p2a: Ting-Lu
|-status|p2a: Ting-Lu|brn
|
|-damage|p2a: Ting-Lu|88/100 brn|[from] brn
|-fieldend|move: Trick Room
|upkeep
|turn|26
|c|☆bigmanbigmanpants|https://pastebin.com/w6CaNE4n
|
|t:|1776114131
|move|p1a: Dragapult|U-turn|p2a: Ting-Lu
|-supereffective|p2a: Ting-Lu
|-damage|p2a: Ting-Lu|69/100 brn
|move|p2a: Ting-Lu|Earthquake|p1a: Dragapult
|-damage|p1a: Dragapult|0 fnt
|faint|p1a: Dragapult
|
|win|bigmanbigmanpants
|raw|flemminx's rating: 1150 &rarr; <strong>1125</strong><br />(-25 for losing)
|raw|bigmanbigmanpants's rating: 1151 &rarr; <strong>1176</strong><br />(+25 for winning)
|l|☆bigmanbigmanpants
|player|p2|
|l|☆flemminx
|player|p1|
