|html|<div class="broadcast-blue"><strong>[Gen 9] OU is currently suspecting Tera Blast! For information on how to participate check out the <a href="https://www.smogon.com/tools/suspects/view/200">suspect thread</a>.</strong></div>
|j|☆eserraba
|j|☆MaxouAlou
|t:|1776071122
|gametype|singles
|player|p1|eserraba|169|1074
|player|p2|MaxouAlou|caitlin|1094
|gen|9
|tier|[Gen 9] OU
|rated|
|rule|HP Percentage Mod: HP is shown in percentages
|rule|Endless Battle Clause: Forcing endless battles is banned
|rule|Species Clause: Limit one of each Pokémon
|rule|OHKO Clause: OHKO moves are banned
|rule|Evasion Items Clause: Evasion items are banned
|rule|Evasion Moves Clause: Evasion moves are banned
|rule|Evasion Abilities Clause: Evasion abilities are banned
|rule|Sleep Moves Clause: Sleep-inducing moves are banned
|clearpoke
|poke|p1|Masquerain, M|
|poke|p1|Eelektross, M|
|poke|p1|Shiftry, M|
|poke|p1|Volbeat, M|
|poke|p1|Seviper, F|
|poke|p1|Golduck, F|
|poke|p2|Garganacl, F|
|poke|p2|Gliscor, M|
|poke|p2|Serperior, F|
|poke|p2|Gholdengo|
|poke|p2|Samurott-Hisui, M|
|poke|p2|Great Tusk|
|teampreview
|inactive|Battle timer is ON: inactive players will automatically lose when time's up. (requested by eserraba)
|
|t:|1776071144
|teamsize|p1|6
|teamsize|p2|6
|start
|switch|p1a: Volbeat|Volbeat, M|100/100
|switch|p2a: Garganacl|Garganacl, F|100/100
|turn|1
|
|t:|1776071167
|move|p2a: Garganacl|Salt Cure|p1a: Volbeat
|-supereffective|p1a: Volbeat
|-damage|p1a: Volbeat|75/100
|-start|p1a: Volbeat|Salt Cure
|-enditem|p1a: Volbeat|Red Card|[of] p2a: Garganacl
|drag|p2a: Greater Than Lando|Great Tusk|100/100
|move|p1a: Volbeat|Counter|p2a: Greater Than Lando
|-damage|p2a: Greater Than Lando|61/100
|
|-damage|p1a: Volbeat|62/100|[from] Salt Cure
|upkeep
|turn|2
|
|t:|1776071184
|-end|p2a: Greater Than Lando|Protosynthesis|[silent]
|switch|p2a: Gliscor|Gliscor, M|100/100
|switch|p1a: Masquerain|Masquerain, M|100/100
|-ability|p1a: Masquerain|Intimidate|boost
|-unboost|p2a: Gliscor|atk|1
|
|-status|p2a: Gliscor|tox|[from] item: Toxic Orb
|upkeep
|turn|3
|
|t:|1776071198
|switch|p1a: Seviper|Seviper, F|100/100
|move|p2a: Gliscor|Toxic|p1a: Seviper
|-immune|p1a: Seviper
|
|upkeep
|turn|4
|
|t:|1776071207
|move|p1a: Seviper|Switcheroo|p2a: Gliscor
|-activate|p1a: Seviper|move: Trick|[of] p2a: Gliscor
|-item|p2a: Gliscor|Choice Scarf|[from] move: Switcheroo
|-item|p1a: Seviper|Toxic Orb|[from] move: Switcheroo
|move|p2a: Gliscor|Earthquake|p1a: Seviper
|-supereffective|p1a: Seviper
|-damage|p1a: Seviper|20/100
|
|upkeep
|turn|5
|
|t:|1776071221
|switch|p1a: Masquerain|Masquerain, M|100/100
|-ability|p1a: Masquerain|Intimidate|boost
|-unboost|p2a: Gliscor|atk|1
|move|p2a: Gliscor|Earthquake|p1a: Masquerain
|-immune|p1a: Masquerain
|
|upkeep
|turn|6
|
|t:|1776071241
|switch|p2a: Garganacl|Garganacl, F|100/100
|move|p1a: Masquerain|Quiver Dance|p1a: Masquerain
|-boost|p1a: Masquerain|spa|1
|-boost|p1a: Masquerain|spd|1
|-boost|p1a: Masquerain|spe|1
|
|upkeep
|turn|7
|
|t:|1776071250
|-terastallize|p1a: Masquerain|Ground
|move|p1a: Masquerain|Quiver Dance|p1a: Masquerain
|-boost|p1a: Masquerain|spa|1
|-boost|p1a: Masquerain|spd|1
|-boost|p1a: Masquerain|spe|1
|move|p2a: Garganacl|Salt Cure|p1a: Masquerain
|-resisted|p1a: Masquerain
|-damage|p1a: Masquerain|88/100
|-start|p1a: Masquerain|Salt Cure
|
|-damage|p1a: Masquerain|76/100|[from] Salt Cure
|upkeep
|turn|8
|inactive|MaxouAlou has 120 seconds left.
|
|t:|1776071288
|move|p1a: Masquerain|Mud Shot|p2a: Garganacl|[miss]
|-miss|p1a: Masquerain|p2a: Garganacl
|move|p2a: Garganacl|Body Press|p1a: Masquerain
|-damage|p1a: Masquerain|31/100
|
|-damage|p1a: Masquerain|18/100|[from] Salt Cure
|upkeep
|turn|9
|inactive|MaxouAlou has 120 seconds left.
|
|t:|1776071300
|move|p1a: Masquerain|Giga Drain|p2a: Garganacl
|-supereffective|p2a: Garganacl
|-damage|p2a: Garganacl|38/100
|-heal|p1a: Masquerain|61/100|[from] drain|[of] p2a: Garganacl
|move|p2a: Garganacl|Body Press|p1a: Masquerain
|-damage|p1a: Masquerain|21/100
|
|-heal|p2a: Garganacl|45/100|[from] item: Leftovers
|-damage|p1a: Masquerain|8/100|[from] Salt Cure
|upkeep
|turn|10
|inactive|MaxouAlou has 120 seconds left.
|
|t:|1776071334
|switch|p2a: Serperior|Serperior, F|100/100
|move|p1a: Masquerain|Giga Drain|p2a: Serperior
|-resisted|p2a: Serperior
|-damage|p2a: Serperior|70/100
|-heal|p1a: Masquerain|24/100|[from] drain|[of] p2a: Serperior
|
|-heal|p2a: Serperior|76/100|[from] item: Leftovers
|-damage|p1a: Masquerain|11/100|[from] Salt Cure
|upkeep
|turn|11
|
|t:|1776071343
|move|p1a: Masquerain|Ice Beam|p2a: Serperior
|-supereffective|p2a: Serperior
|-damage|p2a: Serperior|0 fnt
|faint|p2a: Serperior
|
|-damage|p1a: Masquerain|0 fnt|[from] Salt Cure
|faint|p1a: Masquerain
|upkeep
|
|t:|1776071350
|switch|p2a: Gliscor|Gliscor, M|100/100 tox
|switch|p1a: Golduck|Golduck, F|100/100
|-ability|p1a: Golduck|Cloud Nine
|turn|12
|
|t:|1776071358
|switch|p1a: Seviper|Seviper, F|20/100
|move|p2a: Gliscor|Toxic|p1a: Seviper
|-immune|p1a: Seviper
|
|upkeep
|turn|13
|
|t:|1776071363
|switch|p2a: Greater Than Lando|Great Tusk|61/100
|move|p1a: Seviper|Earthquake|p2a: Greater Than Lando
|-damage|p2a: Greater Than Lando|41/100
|
|upkeep
|turn|14
|
|t:|1776071374
|switch|p1a: Volbeat|Volbeat, M|62/100
|move|p2a: Greater Than Lando|Headlong Rush|p1a: Volbeat
|-resisted|p1a: Volbeat
|-damage|p1a: Volbeat|38/100
|-unboost|p2a: Greater Than Lando|def|1
|-unboost|p2a: Greater Than Lando|spd|1
|
|upkeep
|turn|15
|inactive|MaxouAlou has 120 seconds left.
|
|t:|1776071387
|move|p1a: Volbeat|Tailwind|p1a: Volbeat
|-sidestart|p1: eserraba|move: Tailwind
|move|p2a: Greater Than Lando|Ice Spinner|p1a: Volbeat
|-damage|p1a: Volbeat|19/100
|
|upkeep
|turn|16
|
|t:|1776071394
|switch|p1a: Golduck|Golduck, F|100/100
|-ability|p1a: Golduck|Cloud Nine
|move|p2a: Greater Than Lando|Close Combat|p1a: Golduck
|-damage|p1a: Golduck|31/100
|-unboost|p2a: Greater Than Lando|def|1
|-unboost|p2a: Greater Than Lando|spd|1
|-enditem|p1a: Golduck|Sitrus Berry|[eat]
|-heal|p1a: Golduck|56/100|[from] item: Sitrus Berry
|
|upkeep
|turn|17
|
|t:|1776071404
|move|p1a: Golduck|Surf|p2a: Greater Than Lando
|-supereffective|p2a: Greater Than Lando
|-damage|p2a: Greater Than Lando|0 fnt
|faint|p2a: Greater Than Lando
|-end|p2a: Greater Than Lando|Protosynthesis|[silent]
|
|upkeep
|-message|MaxouAlou forfeited.
|
|win|eserraba
|raw|eserraba's rating: 1074 &rarr; <strong>1105</strong><br />(+31 for winning)
|raw|MaxouAlou's rating: 1094 &rarr; <strong>1069</strong><br />(-25 for losing)
|l|☆MaxouAlou
|player|p2|
