|html|<div class="broadcast-blue"><strong>[Gen 9] OU is currently suspecting Tera Blast! For information on how to participate check out the <a href="https://www.smogon.com/tools/suspects/view/200">suspect thread</a>.</strong></div>
|j|☆DcBaker
|j|☆TonyNguyen
|t:|1776128933
|gametype|singles
|player|p1|DcBaker|pokemonrangerf|1238
|player|p2|TonyNguyen|hugh|1253
|gen|9
|tier|[Gen 9] OU
|rated|
|rule|HP Percentage Mod: HP is shown in percentages
|rule|Endless Battle Clause: Forcing endless battles is banned
|rule|Species Clause: Limit one of each Pokémon
|rule|OHKO Clause: OHKO moves are banned
|rule|Evasion Items Clause: Evasion items are banned
|rule|Evasion Moves Clause: Evasion moves are banned
|rule|Evasion Abilities Clause: Evasion abilities are banned
|rule|Sleep Moves Clause: Sleep-inducing moves are banned
|clearpoke
|poke|p1|Hydrapple, M|
|poke|p1|Gliscor, M|
|poke|p1|Slowking-Galar, M|
|poke|p1|Cinderace, M|
|poke|p1|Kingambit, M|
|poke|p1|Iron Valiant|
|poke|p2|Iron Moth|
|poke|p2|Iron Valiant|
|poke|p2|Iron Crown|
|poke|p2|Iron Boulder|
|poke|p2|Iron Leaves|
|poke|p2|Iron Thorns|
|teampreview
|inactive|Battle timer is ON: inactive players will automatically lose when time's up. (requested by DcBaker)
|
|t:|1776128945
|teamsize|p1|6
|teamsize|p2|6
|start
|switch|p1a: Ice Man|Slowking-Galar, M, shiny|100/100
|switch|p2a: eon|Iron Moth, shiny|100/100
|-enditem|p2a: eon|Booster Energy
|-activate|p2a: eon|ability: Quark Drive|[fromitem]
|-start|p2a: eon|quarkdrivespa
|turn|1
|
|t:|1776128956
|move|p2a: eon|Fiery Dance|p1a: Ice Man
|-damage|p1a: Ice Man|65/100
|-boost|p2a: eon|spa|1
|move|p1a: Ice Man|Psychic Noise|p2a: eon
|-supereffective|p2a: eon
|-damage|p2a: eon|43/100
|-start|p2a: eon|move: Heal Block
|
|upkeep
|turn|2
|
|t:|1776128969
|move|p2a: eon|Fiery Dance|p1a: Ice Man
|-damage|p1a: Ice Man|18/100
|move|p1a: Ice Man|Psychic Noise|p2a: eon
|-supereffective|p2a: eon
|-crit|p2a: eon
|-damage|p2a: eon|0 fnt
|faint|p2a: eon
|-end|p2a: eon|Quark Drive|[silent]
|
|upkeep
|
|t:|1776128981
|switch|p2a: thundra|Iron Crown|100/100
|-enditem|p2a: thundra|Booster Energy
|-activate|p2a: thundra|ability: Quark Drive|[fromitem]
|-start|p2a: thundra|quarkdrivespa
|turn|3
|
|t:|1776129002
|move|p2a: thundra|Tachyon Cutter|p1a: Ice Man
|-damage|p1a: Ice Man|0 fnt
|faint|p1a: Ice Man
|-hitcount|p1: Ice Man|1
|
|upkeep
|
|t:|1776129011
|switch|p1a: Wemby|Cinderace, M, shiny|100/100
|turn|4
|inactive|TonyNguyen has 120 seconds left.
|
|t:|1776129034
|move|p1a: Wemby|Pyro Ball|p2a: thundra
|-supereffective|p2a: thundra
|-damage|p2a: thundra|0 fnt
|faint|p2a: thundra
|-end|p2a: thundra|Quark Drive|[silent]
|
|upkeep
|inactive|TonyNguyen has 120 seconds left.
|
|t:|1776129040
|switch|p2a: exaclibur|Iron Boulder|100/100
|-enditem|p2a: exaclibur|Booster Energy
|-activate|p2a: exaclibur|ability: Quark Drive|[fromitem]
|-start|p2a: exaclibur|quarkdriveatk
|turn|5
|
|t:|1776129053
|move|p1a: Wemby|U-turn|p2a: exaclibur
|-start|p1a: Wemby|typechange|Bug|[from] ability: Libero
|-supereffective|p2a: exaclibur
|-damage|p2a: exaclibur|11/100
|
|t:|1776129060
|switch|p1a: Zion|Hydrapple, M, shiny|100/100|[from] U-turn
|move|p2a: exaclibur|Mighty Cleave|p1a: Zion
|-damage|p1a: Zion|48/100
|
|upkeep
|turn|6
|
|t:|1776129073
|move|p2a: exaclibur|Poison Jab|p1a: Zion
|-supereffective|p1a: Zion
|-damage|p1a: Zion|0 fnt
|faint|p1a: Zion
|
|upkeep
|
|t:|1776129077
|switch|p1a: CP3|Gliscor, M, shiny|100/100
|turn|7
|
|t:|1776129084
|move|p2a: exaclibur|Mighty Cleave|p1a: CP3
|-damage|p1a: CP3|38/100
|move|p1a: CP3|Earthquake|p2a: exaclibur
|-supereffective|p2a: exaclibur
|-damage|p2a: exaclibur|0 fnt
|faint|p2a: exaclibur
|-end|p2a: exaclibur|Quark Drive|[silent]
|
|-status|p1a: CP3|tox|[from] item: Toxic Orb
|upkeep
|
|t:|1776129091
|switch|p2a: aphrodite|Iron Leaves|100/100
|-enditem|p2a: aphrodite|Booster Energy
|-activate|p2a: aphrodite|ability: Quark Drive|[fromitem]
|-start|p2a: aphrodite|quarkdriveatk
|turn|8
|
|t:|1776129101
|move|p1a: CP3|Protect|p1a: CP3
|-singleturn|p1a: CP3|Protect
|move|p2a: aphrodite|Leaf Blade|p1a: CP3
|-activate|p1a: CP3|move: Protect
|
|-heal|p1a: CP3|51/100 tox|[from] ability: Poison Heal
|upkeep
|turn|9
|
|t:|1776129122
|move|p1a: CP3|Protect||[still]
|-fail|p1a: CP3
|move|p2a: aphrodite|Leaf Blade|p1a: CP3
|-damage|p1a: CP3|0 fnt
|faint|p1a: CP3
|
|upkeep
|
|t:|1776129126
|switch|p1a: Lebron|Iron Valiant, shiny|100/100
|-enditem|p1a: Lebron|Booster Energy
|-activate|p1a: Lebron|ability: Quark Drive|[fromitem]
|-start|p1a: Lebron|quarkdrivespe
|turn|10
|inactive|TonyNguyen has 120 seconds left.
|
|t:|1776129176
|move|p1a: Lebron|Destiny Bond|p1a: Lebron
|-singlemove|p1a: Lebron|Destiny Bond
|move|p2a: aphrodite|Psyblade|p1a: Lebron
|-supereffective|p1a: Lebron
|-damage|p1a: Lebron|0 fnt
|faint|p1a: Lebron
|-activate|p1a: Lebron|move: Destiny Bond
|-end|p1a: Lebron|Quark Drive|[silent]
|faint|p2a: aphrodite
|-end|p2a: aphrodite|Quark Drive|[silent]
|
|upkeep
|
|t:|1776129184
|switch|p1a: Wemby|Cinderace, M, shiny|100/100
|switch|p2a: savior|Iron Valiant, shiny|100/100
|-enditem|p2a: savior|Booster Energy
|-activate|p2a: savior|ability: Quark Drive|[fromitem]
|-start|p2a: savior|quarkdriveatk
|turn|11
|
|t:|1776129193
|move|p1a: Wemby|Pyro Ball|p2a: savior
|-damage|p2a: savior|29/100
|move|p2a: savior|Drain Punch|p1a: Wemby
|-damage|p1a: Wemby|24/100
|-heal|p2a: savior|69/100|[from] drain|[of] p1a: Wemby
|
|upkeep
|turn|12
|
|t:|1776129199
|move|p1a: Wemby|Pyro Ball|p2a: savior
|-damage|p2a: savior|0 fnt
|faint|p2a: savior
|-end|p2a: savior|Quark Drive|[silent]
|
|upkeep
|
|t:|1776129203
|switch|p2a: barbz|Iron Thorns, shiny|100/100
|-enditem|p2a: barbz|Booster Energy
|-activate|p2a: barbz|ability: Quark Drive|[fromitem]
|-start|p2a: barbz|quarkdriveatk
|turn|13
|inactive|TonyNguyen has 120 seconds left.
|
|t:|1776129217
|move|p1a: Wemby|Sucker Punch||[still]
|-fail|p1a: Wemby
|move|p2a: barbz|Dragon Dance|p2a: barbz
|-boost|p2a: barbz|atk|1
|-boost|p2a: barbz|spe|1
|
|upkeep
|turn|14
|inactive|TonyNguyen has 120 seconds left.
|
|t:|1776129223
|move|p1a: Wemby|Pyro Ball|p2a: barbz
|-resisted|p2a: barbz
|-damage|p2a: barbz|72/100
|move|p2a: barbz|Dragon Dance|p2a: barbz
|-boost|p2a: barbz|atk|1
|-boost|p2a: barbz|spe|1
|
|upkeep
|turn|15
|
|t:|1776129231
|move|p2a: barbz|Earthquake|p1a: Wemby
|-supereffective|p1a: Wemby
|-damage|p1a: Wemby|0 fnt
|faint|p1a: Wemby
|
|upkeep
|
|t:|1776129234
|switch|p1a: Steve Nash|Kingambit, M, shiny|100/100
|-activate|p1a: Steve Nash|ability: Supreme Overlord
|-start|p1a: Steve Nash|fallen5|[silent]
|-item|p1a: Steve Nash|Air Balloon
|turn|16
|inactive|TonyNguyen has 120 seconds left.
|
|t:|1776129255
|-terastallize|p2a: barbz|Flying
|-terastallize|p1a: Steve Nash|Fighting
|move|p2a: barbz|Supercell Slam|p1a: Steve Nash
|-damage|p1a: Steve Nash|0 fnt
|-enditem|p1a: Steve Nash|Air Balloon
|faint|p1a: Steve Nash
|-end|p1a: Steve Nash|fallen5|[silent]
|
|win|TonyNguyen
|raw|DcBaker's rating: 1238 &rarr; <strong>1214</strong><br />(-24 for losing)
|raw|TonyNguyen's rating: 1253 &rarr; <strong>1277</strong><br />(+24 for winning)
