|html|<div class="broadcast-blue"><strong>[Gen 9] OU is currently suspecting Tera Blast! For information on how to participate check out the <a href="https://www.smogon.com/tools/suspects/view/200">suspect thread</a>.</strong></div>
|j|☆Dfghtdcv
|j|☆commandervenusaur
|t:|1776176778
|gametype|singles
|player|p1|Dfghtdcv|lady-gen4|1052
|player|p2|commandervenusaur|misty-gen2|1128
|gen|9
|tier|[Gen 9] OU
|rated|
|rule|HP Percentage Mod: HP is shown in percentages
|rule|Endless Battle Clause: Forcing endless battles is banned
|rule|Species Clause: Limit one of each Pokémon
|rule|OHKO Clause: OHKO moves are banned
|rule|Evasion Items Clause: Evasion items are banned
|rule|Evasion Moves Clause: Evasion moves are banned
|rule|Evasion Abilities Clause: Evasion abilities are banned
|rule|Sleep Moves Clause: Sleep-inducing moves are banned
|clearpoke
|poke|p1|Froslass, F|
|poke|p1|Ninetales-Alola, F|
|poke|p1|Regice|
|poke|p1|Blaziken, F|
|poke|p1|Metagross|
|poke|p1|Samurott-Hisui, F|
|poke|p2|Kingambit, M|
|poke|p2|Cinderace, M|
|poke|p2|Iron Valiant|
|poke|p2|Raging Bolt|
|poke|p2|Ting-Lu|
|poke|p2|Glimmora, F|
|teampreview
|
|t:|1776176785
|teamsize|p1|6
|teamsize|p2|6
|start
|switch|p1a: Ninetales|Ninetales-Alola, F, shiny|100/100
|switch|p2a: Glimmora|Glimmora, F|100/100
|-weather|Snowscape|[from] ability: Snow Warning|[of] p1a: Ninetales
|turn|1
|
|t:|1776176807
|switch|p1a: Samurott|Samurott-Hisui, F, shiny|100/100
|move|p2a: Glimmora|Meteor Beam||[still]
|-prepare|p2a: Glimmora|Meteor Beam
|-boost|p2a: Glimmora|spa|1
|-enditem|p2a: Glimmora|Power Herb
|-anim|p2a: Glimmora|Meteor Beam|p1a: Samurott
|-damage|p1a: Samurott|0 fnt
|faint|p1a: Samurott
|
|-weather|Snowscape|[upkeep]
|upkeep
|
|t:|1776176818
|switch|p1a: Froslass|Froslass, F, shiny|100/100
|turn|2
|
|t:|1776176843
|move|p1a: Froslass|Chilling Water|p2a: Glimmora
|-supereffective|p2a: Glimmora
|-damage|p2a: Glimmora|50/100
|-unboost|p2a: Glimmora|atk|1
|move|p2a: Glimmora|Toxic Spikes|p1a: Froslass
|-sidestart|p1: Dfghtdcv|move: Toxic Spikes
|
|-weather|Snowscape|[upkeep]
|upkeep
|turn|3
|
|t:|1776176851
|move|p1a: Froslass|Chilling Water|p2a: Glimmora
|-supereffective|p2a: Glimmora
|-damage|p2a: Glimmora|0 fnt
|faint|p2a: Glimmora
|
|-weather|Snowscape|[upkeep]
|upkeep
|
|t:|1776176861
|switch|p2a: Cinderace|Cinderace, M|100/100
|turn|4
|
|t:|1776176876
|switch|p1a: Blaziken|Blaziken, F|100/100
|-status|p1a: Blaziken|psn
|move|p2a: Cinderace|Pyro Ball|p1a: Blaziken
|-resisted|p1a: Blaziken
|-damage|p1a: Blaziken|58/100 psn
|
|-weather|Snowscape|[upkeep]
|-damage|p1a: Blaziken|45/100 psn|[from] psn
|upkeep
|turn|5
|-activate|p1a: Blaziken|item: Quick Claw
|
|t:|1776176893
|move|p1a: Blaziken|Poison Jab|p2a: Cinderace
|-damage|p2a: Cinderace|60/100
|move|p2a: Cinderace|Pyro Ball|p1a: Blaziken
|-resisted|p1a: Blaziken
|-crit|p1a: Blaziken
|-damage|p1a: Blaziken|0 fnt
|faint|p1a: Blaziken
|
|-weather|Snowscape|[upkeep]
|upkeep
|
|t:|1776176902
|switch|p1a: Metagross|Metagross, shiny|100/100
|turn|6
|
|t:|1776176908
|-terastallize|p1a: Metagross|Fighting
|move|p2a: Cinderace|Pyro Ball|p1a: Metagross
|-damage|p1a: Metagross|65/100
|move|p1a: Metagross|Body Press|p2a: Cinderace
|-damage|p2a: Cinderace|0 fnt
|faint|p2a: Cinderace
|
|-weather|Snowscape|[upkeep]
|upkeep
|
|t:|1776176917
|switch|p2a: Ting-Lu|Ting-Lu|100/100
|-ability|p2a: Ting-Lu|Vessel of Ruin
|turn|7
|
|t:|1776176932
|move|p1a: Metagross|Stealth Rock|p2a: Ting-Lu
|-sidestart|p2: commandervenusaur|move: Stealth Rock
|move|p2a: Ting-Lu|Stealth Rock|p1a: Metagross
|-sidestart|p1: Dfghtdcv|move: Stealth Rock
|
|-weather|Snowscape|[upkeep]
|upkeep
|turn|8
|
|t:|1776176937
|move|p1a: Metagross|Body Press|p2a: Ting-Lu
|-supereffective|p2a: Ting-Lu
|-damage|p2a: Ting-Lu|49/100
|move|p2a: Ting-Lu|Ruination|p1a: Metagross
|-damage|p1a: Metagross|33/100
|
|-weather|none
|-heal|p2a: Ting-Lu|55/100|[from] item: Leftovers
|upkeep
|turn|9
|
|t:|1776176947
|move|p1a: Metagross|Body Press|p2a: Ting-Lu
|-supereffective|p2a: Ting-Lu
|-damage|p2a: Ting-Lu|0 fnt
|faint|p2a: Ting-Lu
|
|upkeep
|
|t:|1776176954
|switch|p2a: Iron Valiant|Iron Valiant|100/100
|-damage|p2a: Iron Valiant|94/100|[from] Stealth Rock
|turn|10
|
|t:|1776176961
|move|p2a: Iron Valiant|Moonblast|p1a: Metagross
|-supereffective|p1a: Metagross
|-damage|p1a: Metagross|0 fnt
|faint|p1a: Metagross
|
|upkeep
|
|t:|1776176972
|switch|p1a: Regice|Regice|100/100
|-status|p1a: Regice|psn
|-damage|p1a: Regice|76/100 psn|[from] Stealth Rock
|turn|11
|
|t:|1776176982
|move|p2a: Iron Valiant|Moonblast|p1a: Regice
|-damage|p1a: Regice|51/100 psn
|-unboost|p1a: Regice|spa|1
|move|p1a: Regice|Flash Cannon|p2a: Iron Valiant
|-supereffective|p2a: Iron Valiant
|-damage|p2a: Iron Valiant|34/100
|
|-damage|p1a: Regice|39/100 psn|[from] psn
|upkeep
|turn|12
|
|t:|1776176993
|move|p2a: Iron Valiant|Moonblast|p1a: Regice
|-damage|p1a: Regice|14/100 psn
|move|p1a: Regice|Flash Cannon|p2a: Iron Valiant
|-supereffective|p2a: Iron Valiant
|-damage|p2a: Iron Valiant|0 fnt
|faint|p2a: Iron Valiant
|-end|p2a: Iron Valiant|Quark Drive|[silent]
|
|-damage|p1a: Regice|2/100 psn|[from] psn
|upkeep
|
|t:|1776177003
|switch|p2a: Raging Bolt|Raging Bolt|100/100
|turn|13
|
|t:|1776177012
|move|p2a: Raging Bolt|Thunderclap|p1a: Regice
|-damage|p1a: Regice|0 fnt
|faint|p1a: Regice
|
|upkeep
|
|t:|1776177017
|switch|p1a: Ninetales|Ninetales-Alola, F, shiny|100/100
|-status|p1a: Ninetales|psn
|-damage|p1a: Ninetales|76/100 psn|[from] Stealth Rock
|-weather|Snowscape|[from] ability: Snow Warning|[of] p1a: Ninetales
|turn|14
|
|t:|1776177026
|move|p2a: Raging Bolt|Thunderclap||[still]
|-fail|p2a: Raging Bolt
|move|p1a: Ninetales|Aurora Veil|p1a: Ninetales
|-sidestart|p1: Dfghtdcv|move: Aurora Veil
|
|-weather|Snowscape|[upkeep]
|-damage|p1a: Ninetales|64/100 psn|[from] psn
|upkeep
|turn|15
|
|t:|1776177033
|move|p1a: Ninetales|Blizzard|p2a: Raging Bolt
|-supereffective|p2a: Raging Bolt
|-damage|p2a: Raging Bolt|17/100
|move|p2a: Raging Bolt|Volt Switch|p1a: Ninetales
|-damage|p1a: Ninetales|39/100 psn
|
|t:|1776177040
|-end|p2a: Raging Bolt|Protosynthesis|[silent]
|switch|p2a: Kingambit|Kingambit, M|100/100|[from] Volt Switch
|-damage|p2a: Kingambit|94/100|[from] Stealth Rock
|-activate|p2a: Kingambit|ability: Supreme Overlord
|-start|p2a: Kingambit|fallen4|[silent]
|
|-weather|Snowscape|[upkeep]
|-heal|p2a: Kingambit|100/100|[from] item: Leftovers
|-damage|p1a: Ninetales|27/100 psn|[from] psn
|upkeep
|turn|16
|
|t:|1776177054
|move|p1a: Ninetales|Dazzling Gleam|p2a: Kingambit
|-damage|p2a: Kingambit|62/100
|move|p2a: Kingambit|Iron Head|p1a: Ninetales
|-supereffective|p1a: Ninetales
|-damage|p1a: Ninetales|0 fnt
|faint|p1a: Ninetales
|
|-weather|Snowscape|[upkeep]
|-heal|p2a: Kingambit|69/100|[from] item: Leftovers
|upkeep
|
|t:|1776177063
|switch|p1a: Froslass|Froslass, F, shiny|100/100
|-status|p1a: Froslass|psn
|-damage|p1a: Froslass|76/100 psn|[from] Stealth Rock
|turn|17
|
|t:|1776177076
|move|p2a: Kingambit|Sucker Punch|p1a: Froslass
|-supereffective|p1a: Froslass
|-damage|p1a: Froslass|8/100 psn
|move|p1a: Froslass|Draining Kiss|p2a: Kingambit
|-damage|p2a: Kingambit|48/100
|-heal|p1a: Froslass|27/100 psn|[from] drain|[of] p2a: Kingambit
|
|-weather|Snowscape|[upkeep]
|-heal|p2a: Kingambit|54/100|[from] item: Leftovers
|-damage|p1a: Froslass|14/100 psn|[from] psn
|upkeep
|turn|18
|
|t:|1776177088
|move|p2a: Kingambit|Sucker Punch|p1a: Froslass
|-supereffective|p1a: Froslass
|-damage|p1a: Froslass|0 fnt
|faint|p1a: Froslass
|
|win|commandervenusaur
|raw|Dfghtdcv's rating: 1052 &rarr; <strong>1038</strong><br />(-14 for losing)
|raw|commandervenusaur's rating: 1128 &rarr; <strong>1148</strong><br />(+20 for winning)
|c|☆commandervenusaur|gg
|l|☆Dfghtdcv
|player|p1|
