|html|<div class="broadcast-blue"><strong>[Gen 9] OU is currently suspecting Tera Blast! For information on how to participate check out the <a href="https://www.smogon.com/tools/suspects/view/200">suspect thread</a>.</strong></div>
|j|☆nucl
|j|☆lenzop
|t:|1776268165
|gametype|singles
|player|p1|nucl|169|1253
|player|p2|lenzop|1|1195
|gen|9
|tier|[Gen 9] OU
|rated|
|rule|HP Percentage Mod: HP is shown in percentages
|rule|Endless Battle Clause: Forcing endless battles is banned
|rule|Species Clause: Limit one of each Pokémon
|rule|OHKO Clause: OHKO moves are banned
|rule|Evasion Items Clause: Evasion items are banned
|rule|Evasion Moves Clause: Evasion moves are banned
|rule|Evasion Abilities Clause: Evasion abilities are banned
|rule|Sleep Moves Clause: Sleep-inducing moves are banned
|clearpoke
|poke|p1|Kingambit, M|
|poke|p1|Samurott-Hisui, M|
|poke|p1|Great Tusk|
|poke|p1|Iron Valiant|
|poke|p1|Zamazenta-*|
|poke|p1|Corviknight, M|
|poke|p2|Kingambit, F|
|poke|p2|Tornadus-Therian, M|
|poke|p2|Cinderace, M|
|poke|p2|Primarina, F|
|poke|p2|Toxapex, F|
|poke|p2|Gliscor, M|
|teampreview
|
|t:|1776268180
|teamsize|p1|6
|teamsize|p2|6
|start
|switch|p1a: Iron Valiant|Iron Valiant|100/100
|switch|p2a: Cinderace|Cinderace, M|100/100
|turn|1
|
|t:|1776268188
|-end|p1a: Iron Valiant|Quark Drive|[silent]
|switch|p1a: Samurott|Samurott-Hisui, M|100/100
|move|p2a: Cinderace|Gunk Shot|p1a: Samurott
|-start|p2a: Cinderace|typechange|Poison|[from] ability: Libero
|-damage|p1a: Samurott|4/100
|-status|p1a: Samurott|psn
|-damage|p2a: Cinderace|91/100|[from] item: Life Orb
|
|-damage|p1a: Samurott|0 fnt|[from] psn
|faint|p1a: Samurott
|upkeep
|
|t:|1776268204
|switch|p1a: Great Tusk|Great Tusk|100/100
|turn|2
|
|t:|1776268217
|switch|p2a: Gliscor|Gliscor, M|100/100
|move|p1a: Great Tusk|Rapid Spin|p2a: Gliscor
|-damage|p2a: Gliscor|92/100
|-boost|p1a: Great Tusk|spe|1
|
|-status|p2a: Gliscor|tox|[from] item: Toxic Orb
|upkeep
|turn|3
|
|t:|1776268227
|move|p1a: Great Tusk|Ice Spinner|p2a: Gliscor
|-supereffective|p2a: Gliscor
|-damage|p2a: Gliscor|37/100 tox
|move|p2a: Gliscor|Toxic|p1a: Great Tusk
|-status|p1a: Great Tusk|tox
|
|-damage|p1a: Great Tusk|94/100 tox|[from] psn
|-heal|p2a: Gliscor|49/100 tox|[from] ability: Poison Heal
|upkeep
|turn|4
|
|t:|1776268239
|move|p2a: Gliscor|Protect|p2a: Gliscor
|-singleturn|p2a: Gliscor|Protect
|move|p1a: Great Tusk|Stealth Rock|p2a: Gliscor
|-sidestart|p2: lenzop|move: Stealth Rock
|
|-damage|p1a: Great Tusk|82/100 tox|[from] psn
|-heal|p2a: Gliscor|62/100 tox|[from] ability: Poison Heal
|upkeep
|turn|5
|
|t:|1776268246
|move|p1a: Great Tusk|Ice Spinner|p2a: Gliscor
|-supereffective|p2a: Gliscor
|-damage|p2a: Gliscor|5/100 tox
|move|p2a: Gliscor|Earthquake|p1a: Great Tusk
|-damage|p1a: Great Tusk|62/100 tox
|
|-damage|p1a: Great Tusk|44/100 tox|[from] psn
|-heal|p2a: Gliscor|17/100 tox|[from] ability: Poison Heal
|upkeep
|turn|6
|
|t:|1776268254
|-end|p1a: Great Tusk|Protosynthesis|[silent]
|switch|p1a: Corviknight|Corviknight, M|100/100
|-ability|p1a: Corviknight|Pressure
|move|p2a: Gliscor|Protect||[still]
|-fail|p2a: Gliscor
|
|-heal|p2a: Gliscor|30/100 tox|[from] ability: Poison Heal
|upkeep
|turn|7
|inactive|Battle timer is ON: inactive players will automatically lose when time's up. (requested by nucl)
|
|t:|1776268315
|move|p2a: Gliscor|Stealth Rock|p1a: Corviknight
|-sidestart|p1: nucl|move: Stealth Rock
|move|p1a: Corviknight|Brave Bird|p2a: Gliscor
|-damage|p2a: Gliscor|7/100 tox
|-damage|p1a: Corviknight|94/100|[from] Recoil
|
|-heal|p2a: Gliscor|19/100 tox|[from] ability: Poison Heal
|upkeep
|turn|8
|
|t:|1776268325
|move|p2a: Gliscor|Protect|p2a: Gliscor
|-singleturn|p2a: Gliscor|Protect
|move|p1a: Corviknight|Brave Bird|p2a: Gliscor
|-activate|p2a: Gliscor|move: Protect
|
|-heal|p2a: Gliscor|32/100 tox|[from] ability: Poison Heal
|upkeep
|turn|9
|
|t:|1776268335
|move|p2a: Gliscor|Protect||[still]
|-fail|p2a: Gliscor
|move|p1a: Corviknight|Brave Bird|p2a: Gliscor
|-damage|p2a: Gliscor|8/100 tox
|-damage|p1a: Corviknight|87/100|[from] Recoil
|
|-heal|p2a: Gliscor|20/100 tox|[from] ability: Poison Heal
|upkeep
|turn|10
|
|t:|1776268343
|move|p2a: Gliscor|Protect|p2a: Gliscor
|-singleturn|p2a: Gliscor|Protect
|move|p1a: Corviknight|Defog|p2a: Gliscor
|-activate|p2a: Gliscor|move: Protect
|
|-heal|p2a: Gliscor|33/100 tox|[from] ability: Poison Heal
|upkeep
|turn|11
|
|t:|1776268353
|move|p2a: Gliscor|Protect||[still]
|-fail|p2a: Gliscor
|move|p1a: Corviknight|Brave Bird|p2a: Gliscor
|-damage|p2a: Gliscor|11/100 tox
|-damage|p1a: Corviknight|80/100|[from] Recoil
|
|-heal|p2a: Gliscor|23/100 tox|[from] ability: Poison Heal
|upkeep
|turn|12
|
|t:|1776268372
|move|p2a: Gliscor|Protect|p2a: Gliscor
|-singleturn|p2a: Gliscor|Protect
|move|p1a: Corviknight|Brave Bird|p2a: Gliscor
|-activate|p2a: Gliscor|move: Protect
|
|-heal|p2a: Gliscor|36/100 tox|[from] ability: Poison Heal
|upkeep
|turn|13
|
|t:|1776268380
|move|p2a: Gliscor|Protect|p2a: Gliscor
|-singleturn|p2a: Gliscor|Protect
|move|p1a: Corviknight|Brave Bird|p2a: Gliscor
|-activate|p2a: Gliscor|move: Protect
|
|-heal|p2a: Gliscor|48/100 tox|[from] ability: Poison Heal
|upkeep
|turn|14
|
|t:|1776268386
|move|p2a: Gliscor|Protect||[still]
|-fail|p2a: Gliscor
|move|p1a: Corviknight|Brave Bird|p2a: Gliscor
|-damage|p2a: Gliscor|26/100 tox
|-damage|p1a: Corviknight|74/100|[from] Recoil
|
|-heal|p2a: Gliscor|38/100 tox|[from] ability: Poison Heal
|upkeep
|turn|15
|
|t:|1776268396
|move|p2a: Gliscor|Protect|p2a: Gliscor
|-singleturn|p2a: Gliscor|Protect
|move|p1a: Corviknight|U-turn|p2a: Gliscor
|-activate|p2a: Gliscor|move: Protect
|
|-heal|p2a: Gliscor|50/100 tox|[from] ability: Poison Heal
|upkeep
|turn|16
|
|t:|1776268405
|move|p2a: Gliscor|Protect||[still]
|-fail|p2a: Gliscor
|move|p1a: Corviknight|Brave Bird|p2a: Gliscor
|-damage|p2a: Gliscor|26/100 tox
|-damage|p1a: Corviknight|67/100|[from] Recoil
|
|-heal|p2a: Gliscor|39/100 tox|[from] ability: Poison Heal
|upkeep
|turn|17
|
|t:|1776268413
|move|p2a: Gliscor|Protect|p2a: Gliscor
|-singleturn|p2a: Gliscor|Protect
|move|p1a: Corviknight|Defog|p2a: Gliscor
|-activate|p2a: Gliscor|move: Protect
|
|-heal|p2a: Gliscor|51/100 tox|[from] ability: Poison Heal
|upkeep
|turn|18
|
|t:|1776268420
|move|p2a: Gliscor|Protect|p2a: Gliscor
|-singleturn|p2a: Gliscor|Protect
|move|p1a: Corviknight|Brave Bird|p2a: Gliscor
|-activate|p2a: Gliscor|move: Protect
|
|-heal|p2a: Gliscor|64/100 tox|[from] ability: Poison Heal
|upkeep
|turn|19
|
|t:|1776268426
|move|p2a: Gliscor|Protect||[still]
|-fail|p2a: Gliscor
|move|p1a: Corviknight|Brave Bird|p2a: Gliscor
|-damage|p2a: Gliscor|41/100 tox
|-damage|p1a: Corviknight|60/100|[from] Recoil
|
|-heal|p2a: Gliscor|53/100 tox|[from] ability: Poison Heal
|upkeep
|turn|20
|c|☆lenzop|funny
|
|t:|1776268442
|move|p2a: Gliscor|Stealth Rock||[still]
|-fail|p2a: Gliscor
|move|p1a: Corviknight|Roost|p1a: Corviknight
|-heal|p1a: Corviknight|100/100
|-singleturn|p1a: Corviknight|move: Roost
|
|-heal|p2a: Gliscor|66/100 tox|[from] ability: Poison Heal
|upkeep
|turn|21
|
|t:|1776268451
|move|p2a: Gliscor|Stealth Rock||[still]
|-fail|p2a: Gliscor
|move|p1a: Corviknight|Brave Bird|p2a: Gliscor
|-damage|p2a: Gliscor|43/100 tox
|-damage|p1a: Corviknight|94/100|[from] Recoil
|
|-heal|p2a: Gliscor|55/100 tox|[from] ability: Poison Heal
|upkeep
|turn|22
|
|t:|1776268461
|switch|p2a: Tornadus|Tornadus-Therian, M|100/100
|move|p1a: Corviknight|Brave Bird|p2a: Tornadus
|-damage|p2a: Tornadus|56/100
|-damage|p1a: Corviknight|80/100|[from] Recoil
|
|upkeep
|turn|23
|
|t:|1776268477
|move|p2a: Tornadus|Tailwind|p2a: Tornadus
|-sidestart|p2: lenzop|move: Tailwind
|move|p1a: Corviknight|Brave Bird|p2a: Tornadus
|-damage|p2a: Tornadus|13/100
|-damage|p1a: Corviknight|68/100|[from] Recoil
|
|upkeep
|turn|24
|
|t:|1776268485
|move|p2a: Tornadus|Air Slash|p1a: Corviknight
|-resisted|p1a: Corviknight
|-damage|p1a: Corviknight|54/100
|cant|p1a: Corviknight|flinch
|
|upkeep
|turn|25
|
|t:|1776268490
|move|p2a: Tornadus|Air Slash|p1a: Corviknight
|-resisted|p1a: Corviknight
|-damage|p1a: Corviknight|39/100
|cant|p1a: Corviknight|flinch
|
|upkeep
|turn|26
|
|t:|1776268494
|move|p2a: Tornadus|Air Slash|p1a: Corviknight
|-resisted|p1a: Corviknight
|-damage|p1a: Corviknight|25/100
|move|p1a: Corviknight|Roost|p1a: Corviknight
|-heal|p1a: Corviknight|75/100
|-singleturn|p1a: Corviknight|move: Roost
|
|-sideend|p2: lenzop|move: Tailwind
|upkeep
|turn|27
|
|t:|1776268501
|move|p2a: Tornadus|Tailwind|p2a: Tornadus
|-sidestart|p2: lenzop|move: Tailwind
|move|p1a: Corviknight|Roost|p1a: Corviknight
|-heal|p1a: Corviknight|100/100
|-singleturn|p1a: Corviknight|move: Roost
|
|upkeep
|turn|28
|
|t:|1776268507
|move|p2a: Tornadus|Air Slash|p1a: Corviknight
|-resisted|p1a: Corviknight
|-damage|p1a: Corviknight|86/100
|move|p1a: Corviknight|Defog|p2a: Tornadus
|-unboost|p2a: Tornadus|evasion|1
|-sideend|p2: lenzop|Stealth Rock|[from] move: Defog|[of] p1a: Corviknight
|-sideend|p1: nucl|Stealth Rock|[from] move: Defog|[of] p1a: Corviknight
|
|upkeep
|turn|29
|
|t:|1776268515
|move|p2a: Tornadus|Air Slash|p1a: Corviknight
|-resisted|p1a: Corviknight
|-damage|p1a: Corviknight|71/100
|move|p1a: Corviknight|U-turn|p2a: Tornadus
|-resisted|p2a: Tornadus
|-damage|p2a: Tornadus|6/100
|
|t:|1776268519
|switch|p1a: Iron Valiant|Iron Valiant|100/100|[from] U-turn
|
|upkeep
|turn|30
|
|t:|1776268524
|move|p2a: Tornadus|Air Slash|p1a: Iron Valiant
|-supereffective|p1a: Iron Valiant
|-damage|p1a: Iron Valiant|1/100
|move|p1a: Iron Valiant|Moonblast|p2a: Tornadus
|-damage|p2a: Tornadus|0 fnt
|faint|p2a: Tornadus
|
|-sideend|p2: lenzop|move: Tailwind
|upkeep
|
|t:|1776268534
|switch|p2a: Cinderace|Cinderace, M|91/100
|turn|31
|
|t:|1776268539
|move|p2a: Cinderace|Pyro Ball|p1a: Iron Valiant
|-damage|p1a: Iron Valiant|0 fnt
|faint|p1a: Iron Valiant
|-end|p1a: Iron Valiant|Quark Drive|[silent]
|-damage|p2a: Cinderace|81/100|[from] item: Life Orb
|
|upkeep
|
|t:|1776268547
|switch|p1a: Zamazenta|Zamazenta|100/100
|-ability|p1a: Zamazenta|Dauntless Shield|boost
|-boost|p1a: Zamazenta|def|1
|turn|32
|
|t:|1776268567
|switch|p2a: Toxapex|Toxapex, F|100/100
|-terastallize|p1a: Zamazenta|Fire
|move|p1a: Zamazenta|Iron Defense|p1a: Zamazenta
|-boost|p1a: Zamazenta|def|2
|
|upkeep
|turn|33
|
|t:|1776268591
|switch|p1a: Corviknight|Corviknight, M|71/100
|-ability|p1a: Corviknight|Pressure
|move|p2a: Toxapex|Toxic|p1a: Corviknight
|-immune|p1a: Corviknight
|
|upkeep
|turn|34
|
|t:|1776268606
|switch|p2a: Cinderace|Cinderace, M|81/100
|move|p1a: Corviknight|Brave Bird|p2a: Cinderace
|-damage|p2a: Cinderace|26/100
|-damage|p1a: Corviknight|58/100|[from] Recoil
|
|upkeep
|turn|35
|
|t:|1776268619
|switch|p1a: Zamazenta|Zamazenta, tera:Fire|100/100
|move|p2a: Cinderace|Pyro Ball|p1a: Zamazenta
|-resisted|p1a: Zamazenta
|-damage|p1a: Zamazenta|72/100
|-damage|p2a: Cinderace|16/100|[from] item: Life Orb
|
|-heal|p1a: Zamazenta|78/100|[from] item: Leftovers
|upkeep
|turn|36
|
|t:|1776268636
|move|p1a: Zamazenta|Body Press|p2a: Cinderace
|-damage|p2a: Cinderace|0 fnt
|faint|p2a: Cinderace
|
|-heal|p1a: Zamazenta|85/100|[from] item: Leftovers
|upkeep
|
|t:|1776268644
|switch|p2a: Gliscor|Gliscor, M|55/100 tox
|turn|37
|inactive|nucl has 120 seconds left.
|
|t:|1776268671
|move|p1a: Zamazenta|Body Press|p2a: Gliscor
|-resisted|p2a: Gliscor
|-damage|p2a: Gliscor|46/100 tox
|move|p2a: Gliscor|Earthquake|p1a: Zamazenta
|-supereffective|p1a: Zamazenta
|-damage|p1a: Zamazenta|36/100
|
|-heal|p1a: Zamazenta|43/100|[from] item: Leftovers
|-heal|p2a: Gliscor|58/100 tox|[from] ability: Poison Heal
|upkeep
|turn|38
|inactive|nucl has 120 seconds left.
|
|t:|1776268692
|switch|p1a: Corviknight|Corviknight, M|58/100
|-ability|p1a: Corviknight|Pressure
|move|p2a: Gliscor|Earthquake|p1a: Corviknight
|-immune|p1a: Corviknight
|
|-heal|p2a: Gliscor|71/100 tox|[from] ability: Poison Heal
|upkeep
|turn|39
|
|t:|1776268717
|switch|p2a: Toxapex|Toxapex, F|100/100
|move|p1a: Corviknight|Brave Bird|p2a: Toxapex
|-crit|p2a: Toxapex
|-damage|p2a: Toxapex|61/100
|-damage|p1a: Corviknight|48/100|[from] Recoil
|
|upkeep
|turn|40
|
|t:|1776268728
|move|p1a: Corviknight|Roost|p1a: Corviknight
|-heal|p1a: Corviknight|98/100
|-singleturn|p1a: Corviknight|move: Roost
|move|p2a: Toxapex|Toxic Spikes|p1a: Corviknight
|-sidestart|p1: nucl|move: Toxic Spikes
|
|upkeep
|turn|41
|
|t:|1776268734
|move|p1a: Corviknight|Defog|p2a: Toxapex
|-unboost|p2a: Toxapex|evasion|1
|-sideend|p1: nucl|Toxic Spikes|[from] move: Defog|[of] p1a: Corviknight
|move|p2a: Toxapex|Toxic Spikes|p1a: Corviknight
|-sidestart|p1: nucl|move: Toxic Spikes
|
|upkeep
|turn|42
|
|t:|1776268744
|move|p1a: Corviknight|Brave Bird|p2a: Toxapex
|-damage|p2a: Toxapex|34/100
|-damage|p1a: Corviknight|91/100|[from] Recoil
|move|p2a: Toxapex|Toxic Spikes|p1a: Corviknight
|-sidestart|p1: nucl|move: Toxic Spikes
|
|upkeep
|turn|43
|
|t:|1776268752
|switch|p2a: Kingambit|Kingambit, F|100/100
|-activate|p2a: Kingambit|ability: Supreme Overlord
|-start|p2a: Kingambit|fallen2|[silent]
|move|p1a: Corviknight|Brave Bird|p2a: Kingambit
|-resisted|p2a: Kingambit
|-damage|p2a: Kingambit|88/100
|-damage|p1a: Corviknight|87/100|[from] Recoil
|
|upkeep
|turn|44
|inactive|nucl has 120 seconds left.
|
|t:|1776268761
|move|p1a: Corviknight|Defog|p2a: Kingambit
|-unboost|p2a: Kingambit|evasion|1
|-sideend|p1: nucl|Toxic Spikes|[from] move: Defog|[of] p1a: Corviknight
|move|p2a: Kingambit|Swords Dance|p2a: Kingambit
|-boost|p2a: Kingambit|atk|2
|
|upkeep
|turn|45
|
|t:|1776268768
|switch|p1a: Zamazenta|Zamazenta, tera:Fire|43/100
|move|p2a: Kingambit|Swords Dance|p2a: Kingambit
|-boost|p2a: Kingambit|atk|2
|
|-heal|p1a: Zamazenta|49/100|[from] item: Leftovers
|upkeep
|turn|46
|
|t:|1776268777
|-terastallize|p2a: Kingambit|Dark
|move|p2a: Kingambit|Sucker Punch||[still]
|-fail|p2a: Kingambit
|move|p1a: Zamazenta|Roar|p2a: Kingambit
|-end|p2a: Kingambit|fallen2|[silent]
|drag|p2a: Gliscor|Gliscor, M|71/100 tox
|
|-heal|p1a: Zamazenta|55/100|[from] item: Leftovers
|-heal|p2a: Gliscor|83/100 tox|[from] ability: Poison Heal
|upkeep
|turn|47
|
|t:|1776268786
|switch|p1a: Corviknight|Corviknight, M|87/100
|-ability|p1a: Corviknight|Pressure
|move|p2a: Gliscor|Earthquake|p1a: Corviknight
|-immune|p1a: Corviknight
|
|-heal|p2a: Gliscor|95/100 tox|[from] ability: Poison Heal
|upkeep
|turn|48
|
|t:|1776268801
|switch|p2a: Toxapex|Toxapex, F|67/100
|move|p1a: Corviknight|Defog|p2a: Toxapex
|-unboost|p2a: Toxapex|evasion|1
|
|upkeep
|turn|49
|
|t:|1776268807
|move|p1a: Corviknight|Brave Bird|p2a: Toxapex
|-damage|p2a: Toxapex|41/100
|-damage|p1a: Corviknight|80/100|[from] Recoil
|move|p2a: Toxapex|Toxic Spikes|p1a: Corviknight
|-sidestart|p1: nucl|move: Toxic Spikes
|
|upkeep
|turn|50
|
|t:|1776268813
|move|p1a: Corviknight|Brave Bird|p2a: Toxapex
|-damage|p2a: Toxapex|15/100
|-damage|p1a: Corviknight|73/100|[from] Recoil
|move|p2a: Toxapex|Recover|p2a: Toxapex
|-heal|p2a: Toxapex|65/100
|
|upkeep
|turn|51
|
|t:|1776268820
|move|p1a: Corviknight|Defog|p2a: Toxapex
|-unboost|p2a: Toxapex|evasion|1
|-sideend|p1: nucl|Toxic Spikes|[from] move: Defog|[of] p1a: Corviknight
|move|p2a: Toxapex|Toxic Spikes|p1a: Corviknight
|-sidestart|p1: nucl|move: Toxic Spikes
|
|upkeep
|turn|52
|
|t:|1776268826
|move|p1a: Corviknight|Brave Bird|p2a: Toxapex
|-damage|p2a: Toxapex|40/100
|-damage|p1a: Corviknight|67/100|[from] Recoil
|move|p2a: Toxapex|Recover|p2a: Toxapex
|-heal|p2a: Toxapex|91/100
|
|upkeep
|turn|53
|
|t:|1776268832
|move|p1a: Corviknight|Defog|p2a: Toxapex
|-unboost|p2a: Toxapex|evasion|1
|-sideend|p1: nucl|Toxic Spikes|[from] move: Defog|[of] p1a: Corviknight
|move|p2a: Toxapex|Toxic Spikes|p1a: Corviknight
|-sidestart|p1: nucl|move: Toxic Spikes
|
|upkeep
|turn|54
|
|t:|1776268844
|move|p1a: Corviknight|Defog|p2a: Toxapex
|-unboost|p2a: Toxapex|evasion|1
|-sideend|p1: nucl|Toxic Spikes|[from] move: Defog|[of] p1a: Corviknight
|move|p2a: Toxapex|Toxic Spikes|p1a: Corviknight
|-sidestart|p1: nucl|move: Toxic Spikes
|
|upkeep
|turn|55
|
|t:|1776268849
|move|p1a: Corviknight|Defog|p2a: Toxapex
|-unboost|p2a: Toxapex|evasion|1
|-sideend|p1: nucl|Toxic Spikes|[from] move: Defog|[of] p1a: Corviknight
|move|p2a: Toxapex|Toxic Spikes|p1a: Corviknight
|-sidestart|p1: nucl|move: Toxic Spikes
|
|upkeep
|turn|56
|
|t:|1776268855
|switch|p1a: Great Tusk|Great Tusk|44/100 tox
|move|p2a: Toxapex|Toxic Spikes|p1a: Great Tusk
|-sidestart|p1: nucl|move: Toxic Spikes
|
|-damage|p1a: Great Tusk|37/100 tox|[from] psn
|upkeep
|turn|57
|
|t:|1776268873
|switch|p2a: Gliscor|Gliscor, M|95/100 tox
|move|p1a: Great Tusk|Rapid Spin|p2a: Gliscor
|-damage|p2a: Gliscor|86/100 tox
|-boost|p1a: Great Tusk|spe|1
|-sideend|p1: nucl|Toxic Spikes|[from] move: Rapid Spin|[of] p1a: Great Tusk
|
|-damage|p1a: Great Tusk|25/100 tox|[from] psn
|-heal|p2a: Gliscor|99/100 tox|[from] ability: Poison Heal
|upkeep
|turn|58
|
|t:|1776268885
|switch|p2a: Toxapex|Toxapex, F|100/100
|move|p1a: Great Tusk|Ice Spinner|p2a: Toxapex
|-resisted|p2a: Toxapex
|-damage|p2a: Toxapex|92/100
|
|-damage|p1a: Great Tusk|6/100 tox|[from] psn
|upkeep
|turn|59
|
|t:|1776268893
|move|p1a: Great Tusk|Stealth Rock|p2a: Toxapex
|-sidestart|p2: lenzop|move: Stealth Rock
|move|p2a: Toxapex|Recover|p2a: Toxapex
|-heal|p2a: Toxapex|100/100
|
|-damage|p1a: Great Tusk|0 fnt|[from] psn
|faint|p1a: Great Tusk
|-end|p1a: Great Tusk|Protosynthesis|[silent]
|upkeep
|
|t:|1776268897
|switch|p1a: Corviknight|Corviknight, M|67/100
|-ability|p1a: Corviknight|Pressure
|turn|60
|
|t:|1776268902
|move|p1a: Corviknight|Roost|p1a: Corviknight
|-heal|p1a: Corviknight|100/100
|-singleturn|p1a: Corviknight|move: Roost
|move|p2a: Toxapex|Toxic Spikes|p1a: Corviknight
|-sidestart|p1: nucl|move: Toxic Spikes
|
|upkeep
|turn|61
|
|t:|1776268911
|move|p1a: Corviknight|Defog|p2a: Toxapex
|-unboost|p2a: Toxapex|evasion|1
|-sideend|p2: lenzop|Stealth Rock|[from] move: Defog|[of] p1a: Corviknight
|-sideend|p1: nucl|Toxic Spikes|[from] move: Defog|[of] p1a: Corviknight
|move|p2a: Toxapex|Toxic Spikes|p1a: Corviknight
|-sidestart|p1: nucl|move: Toxic Spikes
|
|upkeep
|turn|62
|c|☆lenzop|bajajajajaja
|
|t:|1776268920
|move|p1a: Corviknight|Defog|p2a: Toxapex
|-unboost|p2a: Toxapex|evasion|1
|-sideend|p1: nucl|Toxic Spikes|[from] move: Defog|[of] p1a: Corviknight
|move|p2a: Toxapex|Toxic Spikes|p1a: Corviknight
|-sidestart|p1: nucl|move: Toxic Spikes
|
|upkeep
|turn|63
|c|☆lenzop|good day ?
|
|t:|1776268926
|move|p1a: Corviknight|Defog|p2a: Toxapex
|-unboost|p2a: Toxapex|evasion|1
|-sideend|p1: nucl|Toxic Spikes|[from] move: Defog|[of] p1a: Corviknight
|move|p2a: Toxapex|Toxic Spikes|p1a: Corviknight
|-sidestart|p1: nucl|move: Toxic Spikes
|
|upkeep
|turn|64
|
|t:|1776268931
|move|p1a: Corviknight|Defog|p2a: Toxapex
|-unboost|p2a: Toxapex|evasion|1
|-sideend|p1: nucl|Toxic Spikes|[from] move: Defog|[of] p1a: Corviknight
|move|p2a: Toxapex|Toxic Spikes|p1a: Corviknight
|-sidestart|p1: nucl|move: Toxic Spikes
|
|upkeep
|turn|65
|c|☆nucl|lit dat actually
|
|t:|1776268939
|move|p1a: Corviknight|Defog|p2a: Toxapex
|-unboost|p2a: Toxapex|evasion|1
|-sideend|p1: nucl|Toxic Spikes|[from] move: Defog|[of] p1a: Corviknight
|move|p2a: Toxapex|Toxic Spikes|p1a: Corviknight
|-sidestart|p1: nucl|move: Toxic Spikes
|
|upkeep
|turn|66
|c|☆lenzop|really
|
|t:|1776268947
|move|p1a: Corviknight|Defog|p2a: Toxapex
|-unboost|p2a: Toxapex|evasion|1
|-sideend|p1: nucl|Toxic Spikes|[from] move: Defog|[of] p1a: Corviknight
|move|p2a: Toxapex|Toxic Spikes|p1a: Corviknight
|-sidestart|p1: nucl|move: Toxic Spikes
|
|upkeep
|turn|67
|c|☆lenzop|what is ur favorite pkm
|
|t:|1776268968
|move|p1a: Corviknight|Defog|p2a: Toxapex
|-unboost|p2a: Toxapex|evasion|0
|-sideend|p1: nucl|Toxic Spikes|[from] move: Defog|[of] p1a: Corviknight
|move|p2a: Toxapex|Toxic Spikes|p1a: Corviknight
|-sidestart|p1: nucl|move: Toxic Spikes
|
|upkeep
|turn|68
|c|☆nucl|eevee
|c|☆nucl|love that lil dude
|
|t:|1776268978
|move|p1a: Corviknight|Defog|p2a: Toxapex
|-unboost|p2a: Toxapex|evasion|0
|-sideend|p1: nucl|Toxic Spikes|[from] move: Defog|[of] p1a: Corviknight
|move|p2a: Toxapex|Toxic|p1a: Corviknight
|-immune|p1a: Corviknight
|
|upkeep
|turn|69
|c|☆lenzop|okiiii
|
|t:|1776268987
|switch|p1a: Kingambit|Kingambit, M|100/100
|-activate|p1a: Kingambit|ability: Supreme Overlord
|-start|p1a: Kingambit|fallen3|[silent]
|switch|p2a: Gliscor|Gliscor, M|99/100 tox
|
|-heal|p2a: Gliscor|100/100 tox|[from] ability: Poison Heal
|upkeep
|turn|70
|
|t:|1776268996
|-end|p1a: Kingambit|fallen3|[silent]
|switch|p1a: Corviknight|Corviknight, M|100/100
|-ability|p1a: Corviknight|Pressure
|move|p2a: Gliscor|Earthquake|p1a: Corviknight
|-immune|p1a: Corviknight
|
|upkeep
|turn|71
|
|t:|1776269012
|move|p2a: Gliscor|Stealth Rock|p1a: Corviknight
|-sidestart|p1: nucl|move: Stealth Rock
|move|p1a: Corviknight|U-turn|p2a: Gliscor
|-resisted|p2a: Gliscor
|-damage|p2a: Gliscor|96/100 tox
|
|t:|1776269016
|switch|p1a: Kingambit|Kingambit, M|100/100|[from] U-turn
|-damage|p1a: Kingambit|94/100|[from] Stealth Rock
|-activate|p1a: Kingambit|ability: Supreme Overlord
|-start|p1a: Kingambit|fallen3|[silent]
|
|-heal|p1a: Kingambit|100/100|[from] item: Leftovers
|-heal|p2a: Gliscor|100/100 tox|[from] ability: Poison Heal
|upkeep
|turn|72
|
|t:|1776269026
|-end|p1a: Kingambit|fallen3|[silent]
|switch|p1a: Corviknight|Corviknight, M|100/100
|-damage|p1a: Corviknight|88/100|[from] Stealth Rock
|-ability|p1a: Corviknight|Pressure
|move|p2a: Gliscor|Earthquake|p1a: Corviknight
|-immune|p1a: Corviknight
|
|upkeep
|turn|73
|
|t:|1776269034
|move|p2a: Gliscor|Earthquake|p1a: Corviknight
|-immune|p1a: Corviknight
|move|p1a: Corviknight|U-turn|p2a: Gliscor
|-resisted|p2a: Gliscor
|-damage|p2a: Gliscor|96/100 tox
|
|t:|1776269039
|switch|p1a: Kingambit|Kingambit, M|100/100|[from] U-turn
|-damage|p1a: Kingambit|94/100|[from] Stealth Rock
|-activate|p1a: Kingambit|ability: Supreme Overlord
|-start|p1a: Kingambit|fallen3|[silent]
|
|-heal|p1a: Kingambit|100/100|[from] item: Leftovers
|-heal|p2a: Gliscor|100/100 tox|[from] ability: Poison Heal
|upkeep
|turn|74
|
|t:|1776269048
|-end|p1a: Kingambit|fallen3|[silent]
|switch|p1a: Corviknight|Corviknight, M|88/100
|-damage|p1a: Corviknight|76/100|[from] Stealth Rock
|-ability|p1a: Corviknight|Pressure
|move|p2a: Gliscor|Earthquake|p1a: Corviknight
|-immune|p1a: Corviknight
|
|upkeep
|turn|75
|
|t:|1776269061
|move|p2a: Gliscor|Earthquake|p1a: Corviknight
|-immune|p1a: Corviknight
|move|p1a: Corviknight|Brave Bird|p2a: Gliscor
|-damage|p2a: Gliscor|78/100 tox
|-damage|p1a: Corviknight|69/100|[from] Recoil
|
|-heal|p2a: Gliscor|90/100 tox|[from] ability: Poison Heal
|upkeep
|turn|76
|
|t:|1776269071
|move|p2a: Gliscor|Toxic|p1a: Corviknight
|-immune|p1a: Corviknight
|move|p1a: Corviknight|U-turn|p2a: Gliscor
|-resisted|p2a: Gliscor
|-damage|p2a: Gliscor|86/100 tox
|
|t:|1776269076
|switch|p1a: Kingambit|Kingambit, M|100/100|[from] U-turn
|-damage|p1a: Kingambit|94/100|[from] Stealth Rock
|-activate|p1a: Kingambit|ability: Supreme Overlord
|-start|p1a: Kingambit|fallen3|[silent]
|
|-heal|p1a: Kingambit|100/100|[from] item: Leftovers
|-heal|p2a: Gliscor|98/100 tox|[from] ability: Poison Heal
|upkeep
|turn|77
|
|t:|1776269086
|switch|p2a: Kingambit|Kingambit, F, tera:Dark|88/100
|-activate|p2a: Kingambit|ability: Supreme Overlord
|-start|p2a: Kingambit|fallen2|[silent]
|move|p1a: Kingambit|Swords Dance|p1a: Kingambit
|-boost|p1a: Kingambit|atk|2
|
|upkeep
|turn|78
|
|t:|1776269110
|move|p2a: Kingambit|Sucker Punch|p1a: Kingambit
|-resisted|p1a: Kingambit
|-damage|p1a: Kingambit|73/100
|move|p1a: Kingambit|Kowtow Cleave|p2a: Kingambit
|-resisted|p2a: Kingambit
|-damage|p2a: Kingambit|38/100
|
|-heal|p1a: Kingambit|79/100|[from] item: Leftovers
|upkeep
|turn|79
|
|t:|1776269127
|move|p2a: Kingambit|Sucker Punch||[still]
|-fail|p2a: Kingambit
|move|p1a: Kingambit|Swords Dance|p1a: Kingambit
|-boost|p1a: Kingambit|atk|2
|
|-heal|p1a: Kingambit|85/100|[from] item: Leftovers
|upkeep
|turn|80
|inactive|nucl has 120 seconds left.
|
|t:|1776269149
|move|p1a: Kingambit|Kowtow Cleave|p2a: Kingambit
|-resisted|p2a: Kingambit
|-damage|p2a: Kingambit|0 fnt
|faint|p2a: Kingambit
|-end|p2a: Kingambit|fallen2|[silent]
|
|-heal|p1a: Kingambit|91/100|[from] item: Leftovers
|upkeep
|
|t:|1776269160
|switch|p2a: Primarina|Primarina, F|100/100
|turn|81
|c|☆lenzop|gg
|
|t:|1776269172
|move|p1a: Kingambit|Sucker Punch|p2a: Primarina
|-resisted|p2a: Primarina
|-damage|p2a: Primarina|0 fnt
|faint|p2a: Primarina
|
|-heal|p1a: Kingambit|97/100|[from] item: Leftovers
|upkeep
|
|t:|1776269179
|switch|p2a: Toxapex|Toxapex, F|100/100
|turn|82
|
|t:|1776269182
|move|p1a: Kingambit|Kowtow Cleave|p2a: Toxapex
|-damage|p2a: Toxapex|0 fnt
|faint|p2a: Toxapex
|
|-heal|p1a: Kingambit|100/100|[from] item: Leftovers
|upkeep
|
|t:|1776269187
|switch|p2a: Gliscor|Gliscor, M|98/100 tox
|turn|83
|c|☆nucl|ggs
|
|t:|1776269193
|move|p2a: Gliscor|Toxic|p1a: Kingambit|[miss]
|-miss|p2a: Gliscor|p1a: Kingambit
|move|p1a: Kingambit|Kowtow Cleave|p2a: Gliscor
|-damage|p2a: Gliscor|0 fnt
|faint|p2a: Gliscor
|
|win|nucl
|raw|nucl's rating: 1253 &rarr; <strong>1274</strong><br />(+21 for winning)
|raw|lenzop's rating: 1195 &rarr; <strong>1174</strong><br />(-21 for losing)
|c|☆lenzop|have nice day
