|html|<div class="broadcast-blue"><strong>[Gen 9] OU is currently suspecting Tera Blast! For information on how to participate check out the <a href="https://www.smogon.com/tools/suspects/view/200">suspect thread</a>.</strong></div>
|j|☆venutor
|j|☆noquitentera
|t:|1776113255
|gametype|singles
|player|p1|venutor|swimmer-gen4|1385
|player|p2|noquitentera|caitlin|1414
|gen|9
|tier|[Gen 9] OU
|rated|
|rule|HP Percentage Mod: HP is shown in percentages
|rule|Endless Battle Clause: Forcing endless battles is banned
|rule|Species Clause: Limit one of each Pokémon
|rule|OHKO Clause: OHKO moves are banned
|rule|Evasion Items Clause: Evasion items are banned
|rule|Evasion Moves Clause: Evasion moves are banned
|rule|Evasion Abilities Clause: Evasion abilities are banned
|rule|Sleep Moves Clause: Sleep-inducing moves are banned
|clearpoke
|poke|p1|Garchomp, M|
|poke|p1|Gengar, F|
|poke|p1|Umbreon, F|
|poke|p1|Lucario, F|
|poke|p1|Tauros-Paldea-Aqua, M|
|poke|p1|Corviknight, M|
|poke|p2|Ninetales-Alola, F|
|poke|p2|Dragonite, F|
|poke|p2|Hatterene, F|
|poke|p2|Tornadus-Therian, M|
|poke|p2|Iron Treads|
|poke|p2|Gliscor, F|
|teampreview
|inactive|Battle timer is ON: inactive players will automatically lose when time's up. (requested by noquitentera)
|
|t:|1776113264
|teamsize|p1|6
|teamsize|p2|6
|start
|switch|p1a: Tauros|Tauros-Paldea-Aqua, M|100/100
|switch|p2a: Ninetales|Ninetales-Alola, F|100/100
|-weather|Snowscape|[from] ability: Snow Warning|[of] p2a: Ninetales
|-ability|p1a: Tauros|Intimidate|boost
|-unboost|p2a: Ninetales|atk|1
|turn|1
|
|t:|1776113269
|move|p2a: Ninetales|Aurora Veil|p2a: Ninetales
|-sidestart|p2: noquitentera|move: Aurora Veil
|move|p1a: Tauros|Wave Crash|p2a: Ninetales
|-damage|p2a: Ninetales|75/100
|-damage|p1a: Tauros|90/100|[from] Recoil
|
|-weather|Snowscape|[upkeep]
|upkeep
|turn|2
|
|t:|1776113282
|switch|p2a: Hatterene|Hatterene, F|100/100
|switch|p1a: Corviknight|Corviknight, M|100/100
|-ability|p1a: Corviknight|Pressure
|
|-weather|Snowscape|[upkeep]
|upkeep
|turn|3
|
|t:|1776113299
|move|p1a: Corviknight|Body Press|p2a: Hatterene
|-resisted|p2a: Hatterene
|-damage|p2a: Hatterene|98/100
|-enditem|p2a: Hatterene|Eject Button
|
|t:|1776113318
|switch|p2a: Gliscor|Gliscor, F|100/100
|
|-weather|Snowscape|[upkeep]
|-status|p2a: Gliscor|tox|[from] item: Toxic Orb
|upkeep
|turn|4
|
|t:|1776113327
|move|p2a: Gliscor|Knock Off|p1a: Corviknight
|-damage|p1a: Corviknight|80/100
|-damage|p2a: Gliscor|84/100 tox|[from] item: Rocky Helmet|[of] p1a: Corviknight
|-enditem|p1a: Corviknight|Rocky Helmet|[from] move: Knock Off|[of] p2a: Gliscor
|move|p1a: Corviknight|U-turn|p2a: Gliscor
|-resisted|p2a: Gliscor
|-damage|p2a: Gliscor|80/100 tox
|
|t:|1776113344
|switch|p1a: Tauros|Tauros-Paldea-Aqua, M|90/100|[from] U-turn
|-ability|p1a: Tauros|Intimidate|boost
|-unboost|p2a: Gliscor|atk|1
|
|-weather|Snowscape|[upkeep]
|-heal|p2a: Gliscor|93/100 tox|[from] ability: Poison Heal
|upkeep
|turn|5
|
|t:|1776113351
|switch|p1a: Corviknight|Corviknight, M|80/100
|-ability|p1a: Corviknight|Pressure
|switch|p2a: Hatterene|Hatterene, F|98/100
|
|-weather|none
|upkeep
|turn|6
|
|t:|1776113360
|move|p1a: Corviknight|U-turn|p2a: Hatterene
|-damage|p2a: Hatterene|92/100
|
|t:|1776113365
|switch|p1a: Umbreon|Umbreon, F|100/100|[from] U-turn
|move|p2a: Hatterene|Nuzzle|p1a: Umbreon
|-damage|p1a: Umbreon|98/100
|-status|p1a: Umbreon|par
|-activate|p1a: Umbreon|ability: Synchronize
|-status|p2a: Hatterene|par
|
|-heal|p1a: Umbreon|100/100 par|[from] item: Leftovers
|upkeep
|turn|7
|
|t:|1776113376
|switch|p1a: Corviknight|Corviknight, M|80/100
|-ability|p1a: Corviknight|Pressure
|cant|p2a: Hatterene|par
|
|upkeep
|turn|8
|
|t:|1776113382
|move|p1a: Corviknight|Roost|p1a: Corviknight
|-heal|p1a: Corviknight|100/100
|-singleturn|p1a: Corviknight|move: Roost
|move|p2a: Hatterene|Nuzzle|p1a: Corviknight
|-damage|p1a: Corviknight|98/100
|-status|p1a: Corviknight|par
|
|-sideend|p2: noquitentera|move: Aurora Veil
|upkeep
|turn|9
|
|t:|1776113387
|switch|p2a: Ninetales|Ninetales-Alola, F|75/100
|-weather|Snowscape|[from] ability: Snow Warning|[of] p2a: Ninetales
|move|p1a: Corviknight|U-turn|p2a: Ninetales
|-resisted|p2a: Ninetales
|-damage|p2a: Ninetales|68/100
|
|t:|1776113394
|switch|p1a: Gengar|Gengar, F|100/100|[from] U-turn
|
|-weather|Snowscape|[upkeep]
|upkeep
|turn|10
|
|t:|1776113399
|switch|p2a: Iron Treads|Iron Treads|100/100
|-enditem|p2a: Iron Treads|Booster Energy
|-activate|p2a: Iron Treads|ability: Quark Drive|[fromitem]
|-start|p2a: Iron Treads|quarkdriveatk
|move|p1a: Gengar|Sludge Wave|p2a: Iron Treads
|-immune|p2a: Iron Treads
|
|-weather|Snowscape|[upkeep]
|upkeep
|turn|11
|
|t:|1776113417
|switch|p1a: Corviknight|Corviknight, M|98/100 par
|-ability|p1a: Corviknight|Pressure
|move|p2a: Iron Treads|Stealth Rock|p1a: Corviknight
|-sidestart|p1: venutor|move: Stealth Rock
|
|-weather|Snowscape|[upkeep]
|upkeep
|turn|12
|
|t:|1776113423
|-end|p2a: Iron Treads|Quark Drive|[silent]
|switch|p2a: Ninetales|Ninetales-Alola, F|68/100
|move|p1a: Corviknight|Defog|p2a: Ninetales
|-unboost|p2a: Ninetales|evasion|1
|-sideend|p1: venutor|Stealth Rock|[from] move: Defog|[of] p1a: Corviknight
|
|-weather|Snowscape|[upkeep]
|upkeep
|turn|13
|
|t:|1776113431
|move|p2a: Ninetales|Aurora Veil|p2a: Ninetales
|-sidestart|p2: noquitentera|move: Aurora Veil
|move|p1a: Corviknight|Body Press|p2a: Ninetales
|-damage|p2a: Ninetales|57/100
|
|-weather|none
|upkeep
|turn|14
|
|t:|1776113438
|move|p2a: Ninetales|Encore|p1a: Corviknight
|-start|p1a: Corviknight|Encore
|move|p1a: Corviknight|Body Press|p2a: Ninetales
|-damage|p2a: Ninetales|40/100
|
|upkeep
|turn|15
|
|t:|1776113444
|switch|p2a: Gliscor|Gliscor, F|93/100 tox
|cant|p1a: Corviknight|par
|
|-heal|p2a: Gliscor|100/100 tox|[from] ability: Poison Heal
|upkeep
|turn|16
|
|t:|1776113449
|switch|p1a: Tauros|Tauros-Paldea-Aqua, M|90/100
|-ability|p1a: Tauros|Intimidate|boost
|-unboost|p2a: Gliscor|atk|1
|move|p2a: Gliscor|Agility|p2a: Gliscor
|-boost|p2a: Gliscor|spe|2
|
|upkeep
|turn|17
|
|t:|1776113455
|-terastallize|p2a: Gliscor|Normal
|move|p2a: Gliscor|Swords Dance|p2a: Gliscor
|-boost|p2a: Gliscor|atk|2
|move|p1a: Tauros|Wave Crash|p2a: Gliscor
|-damage|p2a: Gliscor|69/100 tox
|-damage|p1a: Tauros|80/100|[from] Recoil
|
|-heal|p2a: Gliscor|81/100 tox|[from] ability: Poison Heal
|upkeep
|turn|18
|
|t:|1776113462
|move|p2a: Gliscor|Swords Dance|p2a: Gliscor
|-boost|p2a: Gliscor|atk|2
|move|p1a: Tauros|Close Combat|p2a: Gliscor
|-supereffective|p2a: Gliscor
|-damage|p2a: Gliscor|28/100 tox
|-unboost|p1a: Tauros|def|1
|-unboost|p1a: Tauros|spd|1
|
|-heal|p2a: Gliscor|40/100 tox|[from] ability: Poison Heal
|upkeep
|turn|19
|
|t:|1776113468
|switch|p1a: Corviknight|Corviknight, M|98/100 par
|-ability|p1a: Corviknight|Pressure
|move|p2a: Gliscor|Facade|p1a: Corviknight
|-resisted|p1a: Corviknight
|-damage|p1a: Corviknight|47/100 par
|
|-heal|p2a: Gliscor|52/100 tox|[from] ability: Poison Heal
|upkeep
|turn|20
|
|t:|1776113478
|switch|p1a: Tauros|Tauros-Paldea-Aqua, M|80/100
|-ability|p1a: Tauros|Intimidate|boost
|-unboost|p2a: Gliscor|atk|1
|move|p2a: Gliscor|Facade|p1a: Tauros
|-damage|p1a: Tauros|0 fnt
|faint|p1a: Tauros
|
|-heal|p2a: Gliscor|65/100 tox|[from] ability: Poison Heal
|-sideend|p2: noquitentera|move: Aurora Veil
|upkeep
|
|t:|1776113484
|switch|p1a: Corviknight|Corviknight, M|47/100 par
|-ability|p1a: Corviknight|Pressure
|turn|21
|
|t:|1776113493
|move|p2a: Gliscor|Facade|p1a: Corviknight
|-resisted|p1a: Corviknight
|-damage|p1a: Corviknight|7/100 par
|move|p1a: Corviknight|Roost|p1a: Corviknight
|-heal|p1a: Corviknight|57/100 par
|-singleturn|p1a: Corviknight|move: Roost
|
|-heal|p2a: Gliscor|77/100 tox|[from] ability: Poison Heal
|upkeep
|turn|22
|
|t:|1776113504
|move|p2a: Gliscor|Swords Dance|p2a: Gliscor
|-boost|p2a: Gliscor|atk|2
|move|p1a: Corviknight|Body Press|p2a: Gliscor
|-supereffective|p2a: Gliscor
|-damage|p2a: Gliscor|25/100 tox
|
|-heal|p2a: Gliscor|37/100 tox|[from] ability: Poison Heal
|upkeep
|turn|23
|
|t:|1776113510
|move|p2a: Gliscor|Facade|p1a: Corviknight
|-resisted|p1a: Corviknight
|-damage|p1a: Corviknight|3/100 par
|move|p1a: Corviknight|Body Press|p2a: Gliscor
|-supereffective|p2a: Gliscor
|-damage|p2a: Gliscor|0 fnt
|faint|p2a: Gliscor
|
|upkeep
|
|t:|1776113518
|switch|p2a: Ninetales|Ninetales-Alola, F|40/100
|-weather|Snowscape|[from] ability: Snow Warning|[of] p2a: Ninetales
|turn|24
|
|t:|1776113523
|move|p2a: Ninetales|Encore|p1a: Corviknight
|-start|p1a: Corviknight|Encore
|cant|p1a: Corviknight|par
|
|-weather|Snowscape|[upkeep]
|upkeep
|turn|25
|
|t:|1776113527
|move|p2a: Ninetales|Aurora Veil|p2a: Ninetales
|-sidestart|p2: noquitentera|move: Aurora Veil
|move|p1a: Corviknight|Body Press|p2a: Ninetales
|-damage|p2a: Ninetales|28/100
|
|-weather|Snowscape|[upkeep]
|upkeep
|turn|26
|
|t:|1776113531
|switch|p2a: Iron Treads|Iron Treads|100/100
|move|p1a: Corviknight|Body Press|p2a: Iron Treads
|-supereffective|p2a: Iron Treads
|-damage|p2a: Iron Treads|75/100
|
|-weather|Snowscape|[upkeep]
|-end|p1a: Corviknight|Encore
|upkeep
|turn|27
|
|t:|1776113537
|move|p2a: Iron Treads|Iron Head|p1a: Corviknight
|-resisted|p1a: Corviknight
|-damage|p1a: Corviknight|0 fnt
|faint|p1a: Corviknight
|
|-weather|Snowscape|[upkeep]
|upkeep
|
|t:|1776113543
|switch|p1a: Garchomp|Garchomp, M|100/100
|turn|28
|
|t:|1776113547
|-end|p2a: Iron Treads|Quark Drive|[silent]
|switch|p2a: Tornadus|Tornadus-Therian, M|100/100
|move|p1a: Garchomp|Earthquake|p2a: Tornadus
|-immune|p2a: Tornadus
|
|-weather|none
|upkeep
|turn|29
|
|t:|1776113553
|move|p2a: Tornadus|Nasty Plot|p2a: Tornadus
|-boost|p2a: Tornadus|spa|2
|move|p1a: Garchomp|Stealth Rock|p2a: Tornadus
|-sidestart|p2: noquitentera|move: Stealth Rock
|
|upkeep
|turn|30
|
|t:|1776113560
|switch|p1a: Umbreon|Umbreon, F|100/100 par
|move|p2a: Tornadus|Bleakwind Storm|p1a: Umbreon
|-damage|p1a: Umbreon|35/100 par
|-damage|p2a: Tornadus|91/100|[from] item: Life Orb
|
|-heal|p1a: Umbreon|41/100 par|[from] item: Leftovers
|upkeep
|turn|31
|
|t:|1776113565
|move|p2a: Tornadus|Bleakwind Storm|p1a: Umbreon|[miss]
|-miss|p2a: Tornadus|p1a: Umbreon
|move|p1a: Umbreon|Moonlight|p1a: Umbreon
|-heal|p1a: Umbreon|91/100 par
|
|-heal|p1a: Umbreon|97/100 par|[from] item: Leftovers
|upkeep
|turn|32
|
|t:|1776113569
|move|p2a: Tornadus|Nasty Plot|p2a: Tornadus
|-boost|p2a: Tornadus|spa|2
|move|p1a: Umbreon|Roar|p2a: Tornadus
|drag|p2a: Dragonite|Dragonite, F|100/100
|-damage|p2a: Dragonite|76/100|[from] Stealth Rock
|
|-heal|p1a: Umbreon|100/100 par|[from] item: Leftovers
|-sideend|p2: noquitentera|move: Aurora Veil
|upkeep
|turn|33
|
|t:|1776113578
|move|p2a: Dragonite|Roost|p2a: Dragonite
|-heal|p2a: Dragonite|100/100
|-singleturn|p2a: Dragonite|move: Roost
|move|p1a: Umbreon|Foul Play|p2a: Dragonite
|-damage|p2a: Dragonite|74/100
|
|upkeep
|turn|34
|
|t:|1776113585
|switch|p2a: Iron Treads|Iron Treads|75/100
|-damage|p2a: Iron Treads|72/100|[from] Stealth Rock
|move|p1a: Umbreon|Foul Play|p2a: Iron Treads
|-damage|p2a: Iron Treads|26/100
|
|upkeep
|turn|35
|
|t:|1776113591
|move|p2a: Iron Treads|Stealth Rock|p1a: Umbreon
|-sidestart|p1: venutor|move: Stealth Rock
|move|p1a: Umbreon|Foul Play|p2a: Iron Treads
|-damage|p2a: Iron Treads|0 fnt
|faint|p2a: Iron Treads
|-end|p2a: Iron Treads|Quark Drive|[silent]
|
|upkeep
|
|t:|1776113593
|switch|p2a: Ninetales|Ninetales-Alola, F|28/100
|-damage|p2a: Ninetales|4/100|[from] Stealth Rock
|-weather|Snowscape|[from] ability: Snow Warning|[of] p2a: Ninetales
|turn|36
|
|t:|1776113598
|move|p2a: Ninetales|Aurora Veil|p2a: Ninetales
|-sidestart|p2: noquitentera|move: Aurora Veil
|move|p1a: Umbreon|Foul Play|p2a: Ninetales
|-resisted|p2a: Ninetales
|-damage|p2a: Ninetales|0 fnt
|faint|p2a: Ninetales
|
|-weather|Snowscape|[upkeep]
|upkeep
|
|t:|1776113602
|switch|p2a: Hatterene|Hatterene, F|92/100 par
|-damage|p2a: Hatterene|80/100 par|[from] Stealth Rock
|turn|37
|
|t:|1776113616
|-terastallize|p1a: Umbreon|Poison
|move|p1a: Umbreon|Foul Play|p2a: Hatterene
|-damage|p2a: Hatterene|68/100 par
|move|p2a: Hatterene|Healing Wish|p2a: Hatterene
|faint|p2a: Hatterene
|
|-weather|Snowscape|[upkeep]
|upkeep
|
|t:|1776113622
|switch|p2a: Tornadus|Tornadus-Therian, M|100/100
|-damage|p2a: Tornadus|76/100|[from] Stealth Rock
|turn|38
|
|t:|1776113627
|move|p2a: Tornadus|Nasty Plot|p2a: Tornadus
|-boost|p2a: Tornadus|spa|2
|move|p1a: Umbreon|Toxic|p2a: Tornadus
|-status|p2a: Tornadus|tox
|
|-weather|Snowscape|[upkeep]
|-damage|p2a: Tornadus|70/100 tox|[from] psn
|upkeep
|turn|39
|
|t:|1776113634
|move|p2a: Tornadus|Bleakwind Storm|p1a: Umbreon
|-damage|p1a: Umbreon|31/100 par
|-damage|p2a: Tornadus|60/100 tox|[from] item: Life Orb
|move|p1a: Umbreon|Roar|p2a: Tornadus
|drag|p2a: Dragonite|Dragonite, F|74/100
|-heal|p2a: Dragonite|100/100|[from] move: Healing Wish
|-damage|p2a: Dragonite|76/100|[from] Stealth Rock
|
|-weather|Snowscape|[upkeep]
|-heal|p1a: Umbreon|37/100 par|[from] item: Leftovers
|upkeep
|turn|40
|
|t:|1776113646
|move|p2a: Dragonite|Earthquake|p1a: Umbreon
|-supereffective|p1a: Umbreon
|-damage|p1a: Umbreon|0 fnt
|faint|p1a: Umbreon
|
|-weather|none
|upkeep
|
|t:|1776113652
|switch|p1a: Lucario|Lucario, F|100/100
|-damage|p1a: Lucario|98/100|[from] Stealth Rock
|turn|41
|
|t:|1776113662
|move|p2a: Dragonite|Dragon Dance|p2a: Dragonite
|-boost|p2a: Dragonite|atk|1
|-boost|p2a: Dragonite|spe|1
|move|p1a: Lucario|Nasty Plot|p1a: Lucario
|-boost|p1a: Lucario|spa|2
|
|upkeep
|turn|42
|
|t:|1776113667
|move|p1a: Lucario|Vacuum Wave|p2a: Dragonite
|-resisted|p2a: Dragonite
|-damage|p2a: Dragonite|64/100
|move|p2a: Dragonite|Earthquake|p1a: Lucario
|-supereffective|p1a: Lucario
|-damage|p1a: Lucario|0 fnt
|faint|p1a: Lucario
|
|upkeep
|
|t:|1776113672
|switch|p1a: Gengar|Gengar, F|100/100
|-damage|p1a: Gengar|88/100|[from] Stealth Rock
|turn|43
|
|t:|1776113675
|move|p1a: Gengar|Endure|p1a: Gengar
|-singleturn|p1a: Gengar|move: Endure
|move|p2a: Dragonite|Earthquake|p1a: Gengar
|-supereffective|p1a: Gengar
|-activate|p1a: Gengar|move: Endure
|-damage|p1a: Gengar|1/100
|-start|p2a: Dragonite|Disable|Earthquake|[from] ability: Cursed Body|[of] p1a: Gengar
|-enditem|p1a: Gengar|Salac Berry|[eat]
|-boost|p1a: Gengar|spe|1|[from] item: Salac Berry
|
|-sideend|p2: noquitentera|move: Aurora Veil
|upkeep
|turn|44
|
|t:|1776113686
|move|p1a: Gengar|Destiny Bond|p1a: Gengar
|-singlemove|p1a: Gengar|Destiny Bond
|move|p2a: Dragonite|Dragon Dance|p2a: Dragonite
|-boost|p2a: Dragonite|atk|1
|-boost|p2a: Dragonite|spe|1
|
|upkeep
|turn|45
|
|t:|1776113697
|move|p2a: Dragonite|Roost|p2a: Dragonite
|-heal|p2a: Dragonite|100/100
|-singleturn|p2a: Dragonite|move: Roost
|move|p1a: Gengar|Shadow Ball|p2a: Dragonite
|-damage|p2a: Dragonite|79/100
|
|upkeep
|turn|46
|
|t:|1776113706
|move|p2a: Dragonite|Dragon Dance|p2a: Dragonite
|-boost|p2a: Dragonite|atk|1
|-boost|p2a: Dragonite|spe|1
|move|p1a: Gengar|Shadow Ball|p2a: Dragonite
|-damage|p2a: Dragonite|32/100
|
|-end|p2a: Dragonite|Disable
|upkeep
|turn|47
|
|t:|1776113713
|move|p2a: Dragonite|Earthquake|p1a: Gengar
|-supereffective|p1a: Gengar
|-damage|p1a: Gengar|0 fnt
|-start|p2a: Dragonite|Disable|Earthquake|[from] ability: Cursed Body|[of] p1a: Gengar
|faint|p1a: Gengar
|
|upkeep
|
|t:|1776113715
|switch|p1a: Garchomp|Garchomp, M|100/100
|-damage|p1a: Garchomp|94/100|[from] Stealth Rock
|turn|48
|
|t:|1776113731
|move|p2a: Dragonite|Roost|p2a: Dragonite
|-heal|p2a: Dragonite|82/100
|-singleturn|p2a: Dragonite|move: Roost
|move|p1a: Garchomp|Draco Meteor|p2a: Dragonite
|-supereffective|p2a: Dragonite
|-damage|p2a: Dragonite|0 fnt
|-unboost|p1a: Garchomp|spa|2
|faint|p2a: Dragonite
|-damage|p1a: Garchomp|85/100|[from] item: Life Orb
|
|upkeep
|
|t:|1776113734
|switch|p2a: Tornadus|Tornadus-Therian, M|93/100 tox
|-damage|p2a: Tornadus|68/100 tox|[from] Stealth Rock
|turn|49
|
|t:|1776113740
|move|p2a: Tornadus|Bleakwind Storm|p1a: Garchomp
|-damage|p1a: Garchomp|15/100
|-damage|p2a: Tornadus|59/100 tox|[from] item: Life Orb
|move|p1a: Garchomp|Draco Meteor|p2a: Tornadus
|-damage|p2a: Tornadus|20/100 tox
|-unboost|p1a: Garchomp|spa|2
|-damage|p1a: Garchomp|6/100|[from] item: Life Orb
|
|-damage|p2a: Tornadus|14/100 tox|[from] psn
|upkeep
|turn|50
|
|t:|1776113747
|move|p2a: Tornadus|Weather Ball|p1a: Garchomp
|-damage|p1a: Garchomp|0 fnt
|faint|p1a: Garchomp
|-damage|p2a: Tornadus|4/100 tox|[from] item: Life Orb
|
|win|noquitentera
|raw|venutor's rating: 1385 &rarr; <strong>1367</strong><br />(-18 for losing)
|raw|noquitentera's rating: 1414 &rarr; <strong>1432</strong><br />(+18 for winning)
|l|☆noquitentera
|player|p2|
|l|☆venutor
|player|p1|
