|html|<div class="broadcast-blue"><strong>[Gen 9] OU is currently suspecting Tera Blast! For information on how to participate check out the <a href="https://www.smogon.com/tools/suspects/view/200">suspect thread</a>.</strong></div>
|j|☆Abracadaver
|j|☆AceTrainerRoshan
|t:|1776081773
|gametype|singles
|player|p1|Abracadaver|1|1381
|player|p2|AceTrainerRoshan|2|1346
|gen|9
|tier|[Gen 9] OU
|rated|
|rule|HP Percentage Mod: HP is shown in percentages
|rule|Endless Battle Clause: Forcing endless battles is banned
|rule|Species Clause: Limit one of each Pokémon
|rule|OHKO Clause: OHKO moves are banned
|rule|Evasion Items Clause: Evasion items are banned
|rule|Evasion Moves Clause: Evasion moves are banned
|rule|Evasion Abilities Clause: Evasion abilities are banned
|rule|Sleep Moves Clause: Sleep-inducing moves are banned
|clearpoke
|poke|p1|Dragonite, M|
|poke|p1|Umbreon, M|
|poke|p1|Gastrodon-East, F|
|poke|p1|Great Tusk|
|poke|p1|Zapdos|
|poke|p1|Cinderace, F|
|poke|p2|Excadrill, F|
|poke|p2|Serperior, M|
|poke|p2|Grimmsnarl, M|
|poke|p2|Ceruledge, F|
|poke|p2|Kingambit, F|
|poke|p2|Iron Valiant|
|teampreview
|inactive|Battle timer is ON: inactive players will automatically lose when time's up. (requested by AceTrainerRoshan)
|
|t:|1776081787
|teamsize|p1|6
|teamsize|p2|6
|start
|switch|p1a: Cinderace|Cinderace, F|100/100
|switch|p2a: Iron Valiant|Iron Valiant|100/100
|turn|1
|
|t:|1776081795
|move|p1a: Cinderace|Pyro Ball|p2a: Iron Valiant
|-damage|p2a: Iron Valiant|0 fnt
|faint|p2a: Iron Valiant
|-end|p2a: Iron Valiant|Quark Drive|[silent]
|
|upkeep
|
|t:|1776081800
|switch|p2a: Ceruledge|Ceruledge, F|100/100
|turn|2
|
|t:|1776081808
|switch|p1a: Great Tusk|Great Tusk|100/100
|move|p2a: Ceruledge|Swords Dance|p2a: Ceruledge
|-boost|p2a: Ceruledge|atk|2
|
|upkeep
|turn|3
|
|t:|1776081818
|move|p2a: Ceruledge|Bitter Blade|p1a: Great Tusk
|-damage|p1a: Great Tusk|50/100
|move|p1a: Great Tusk|Close Combat|p2a: Ceruledge
|-immune|p2a: Ceruledge
|
|-heal|p1a: Great Tusk|56/100|[from] item: Leftovers
|upkeep
|turn|4
|
|t:|1776081831
|-terastallize|p1a: Great Tusk|Water
|move|p2a: Ceruledge|Poltergeist|p1a: Great Tusk
|-activate|p1a: Great Tusk|move: Poltergeist|Leftovers
|-damage|p1a: Great Tusk|0 fnt
|faint|p1a: Great Tusk
|-end|p1a: Great Tusk|Protosynthesis|[silent]
|
|upkeep
|inactive|Abracadaver has 120 seconds left.
|
|t:|1776081866
|switch|p1a: Umbreon|Umbreon, M, shiny|100/100
|turn|5
|
|t:|1776081873
|move|p2a: Ceruledge|Bitter Blade|p1a: Umbreon
|-damage|p1a: Umbreon|22/100
|move|p1a: Umbreon|Toxic|p2a: Ceruledge
|-status|p2a: Ceruledge|tox
|
|-heal|p1a: Umbreon|28/100|[from] item: Leftovers
|-damage|p2a: Ceruledge|94/100 tox|[from] psn
|upkeep
|turn|6
|
|t:|1776081884
|move|p1a: Umbreon|Protect|p1a: Umbreon
|-singleturn|p1a: Umbreon|Protect
|move|p2a: Ceruledge|Bitter Blade|p1a: Umbreon
|-activate|p1a: Umbreon|move: Protect
|
|-heal|p1a: Umbreon|34/100|[from] item: Leftovers
|-damage|p2a: Ceruledge|82/100 tox|[from] psn
|upkeep
|turn|7
|
|t:|1776081899
|switch|p1a: Dragonite|Dragonite, M|100/100
|move|p2a: Ceruledge|Bitter Blade|p1a: Dragonite
|-resisted|p1a: Dragonite
|-damage|p1a: Dragonite|72/100
|-heal|p2a: Ceruledge|98/100 tox|[from] drain|[of] p1a: Dragonite
|
|-damage|p2a: Ceruledge|79/100 tox|[from] psn
|upkeep
|turn|8
|inactive|Abracadaver has 120 seconds left.
|
|t:|1776081938
|move|p2a: Ceruledge|Poltergeist|p1a: Dragonite
|-activate|p1a: Dragonite|move: Poltergeist|Heavy-Duty Boots
|-damage|p1a: Dragonite|0 fnt
|faint|p1a: Dragonite
|
|-damage|p2a: Ceruledge|54/100 tox|[from] psn
|upkeep
|
|t:|1776081946
|switch|p1a: Cinderace|Cinderace, F|100/100
|turn|9
|
|t:|1776081961
|move|p1a: Cinderace|Sucker Punch|p2a: Ceruledge
|-start|p1a: Cinderace|typechange|Dark|[from] ability: Libero
|-supereffective|p2a: Ceruledge
|-damage|p2a: Ceruledge|0 fnt
|faint|p2a: Ceruledge
|
|upkeep
|inactive|AceTrainerRoshan has 120 seconds left.
|
|t:|1776081995
|switch|p2a: Serperior|Serperior, M, shiny|100/100
|turn|10
|
|t:|1776082002
|switch|p1a: Zapdos|Zapdos|100/100
|move|p2a: Serperior|Glare|p1a: Zapdos
|-immune|p1a: Zapdos
|
|upkeep
|turn|11
|inactive|Abracadaver has 120 seconds left.
|inactive|AceTrainerRoshan has 120 seconds left.
|
|t:|1776082010
|switch|p2a: Excadrill|Excadrill, F|100/100
|-ability|p2a: Excadrill|Mold Breaker
|move|p1a: Zapdos|Heat Wave|p2a: Excadrill
|-supereffective|p2a: Excadrill
|-damage|p2a: Excadrill|14/100
|
|-heal|p2a: Excadrill|20/100|[from] item: Leftovers
|upkeep
|turn|12
|
|t:|1776082020
|move|p2a: Excadrill|Rapid Spin|p1a: Zapdos
|-damage|p1a: Zapdos|84/100
|-boost|p2a: Excadrill|spe|1
|move|p1a: Zapdos|Heat Wave|p2a: Excadrill
|-supereffective|p2a: Excadrill
|-damage|p2a: Excadrill|0 fnt
|faint|p2a: Excadrill
|
|upkeep
|inactive|AceTrainerRoshan has 120 seconds left.
|
|t:|1776082031
|switch|p2a: Grimmsnarl|Grimmsnarl, M|100/100
|turn|13
|
|t:|1776082034
|move|p2a: Grimmsnarl|Light Screen|p2a: Grimmsnarl
|-sidestart|p2: AceTrainerRoshan|move: Light Screen
|move|p1a: Zapdos|Hurricane|p2a: Grimmsnarl|[miss]
|-miss|p1a: Zapdos|p2a: Grimmsnarl
|
|upkeep
|turn|14
|
|t:|1776082040
|switch|p1a: Umbreon|Umbreon, M, shiny|34/100
|move|p2a: Grimmsnarl|Reflect|p2a: Grimmsnarl
|-sidestart|p2: AceTrainerRoshan|Reflect
|
|-heal|p1a: Umbreon|40/100|[from] item: Leftovers
|upkeep
|turn|15
|
|t:|1776082058
|switch|p2a: Kingambit|Kingambit, F|100/100
|-activate|p2a: Kingambit|ability: Supreme Overlord
|-start|p2a: Kingambit|fallen3|[silent]
|move|p1a: Umbreon|Wish|p1a: Umbreon
|
|-heal|p1a: Umbreon|46/100|[from] item: Leftovers
|upkeep
|turn|16
|
|t:|1776082082
|move|p2a: Kingambit|Swords Dance|p2a: Kingambit
|-boost|p2a: Kingambit|atk|2
|move|p1a: Umbreon|Foul Play|p2a: Kingambit
|-resisted|p2a: Kingambit
|-damage|p2a: Kingambit|77/100
|
|-heal|p1a: Umbreon|96/100|[from] move: Wish|[wisher] Umbreon
|-heal|p2a: Kingambit|83/100|[from] item: Leftovers
|-heal|p1a: Umbreon|100/100|[from] item: Leftovers
|upkeep
|turn|17
|
|t:|1776082094
|move|p2a: Kingambit|Iron Head|p1a: Umbreon
|-damage|p1a: Umbreon|8/100
|move|p1a: Umbreon|Foul Play|p2a: Kingambit
|-resisted|p2a: Kingambit
|-damage|p2a: Kingambit|60/100
|
|-heal|p2a: Kingambit|66/100|[from] item: Leftovers
|-heal|p1a: Umbreon|14/100|[from] item: Leftovers
|upkeep
|turn|18
|
|t:|1776082103
|switch|p1a: Zapdos|Zapdos|84/100
|move|p2a: Kingambit|Iron Head|p1a: Zapdos
|-resisted|p1a: Zapdos
|-damage|p1a: Zapdos|30/100
|-status|p2a: Kingambit|par|[from] ability: Static|[of] p1a: Zapdos
|
|-heal|p2a: Kingambit|72/100 par|[from] item: Leftovers
|upkeep
|turn|19
|
|t:|1776082111
|cant|p2a: Kingambit|par
|move|p1a: Zapdos|Roost|p1a: Zapdos
|-heal|p1a: Zapdos|80/100
|-singleturn|p1a: Zapdos|move: Roost
|
|-heal|p2a: Kingambit|78/100 par|[from] item: Leftovers
|upkeep
|turn|20
|
|t:|1776082118
|move|p1a: Zapdos|Heat Wave|p2a: Kingambit
|-supereffective|p2a: Kingambit
|-damage|p2a: Kingambit|40/100 par
|move|p2a: Kingambit|Kowtow Cleave|p1a: Zapdos
|-damage|p1a: Zapdos|0 fnt
|faint|p1a: Zapdos
|
|-heal|p2a: Kingambit|46/100 par|[from] item: Leftovers
|-sideend|p2: AceTrainerRoshan|move: Light Screen
|upkeep
|
|t:|1776082128
|switch|p1a: Cinderace|Cinderace, F|100/100
|turn|21
|
|t:|1776082132
|move|p2a: Kingambit|Sucker Punch|p1a: Cinderace
|-damage|p1a: Cinderace|0 fnt
|faint|p1a: Cinderace
|
|-heal|p2a: Kingambit|52/100 par|[from] item: Leftovers
|-sideend|p2: AceTrainerRoshan|Reflect
|upkeep
|
|t:|1776082138
|switch|p1a: Gastrodon|Gastrodon-East, F, shiny|100/100
|turn|22
|
|t:|1776082141
|move|p1a: Gastrodon|Earth Power|p2a: Kingambit
|-supereffective|p2a: Kingambit
|-damage|p2a: Kingambit|0 fnt
|faint|p2a: Kingambit
|-end|p2a: Kingambit|fallen3|[silent]
|
|upkeep
|
|t:|1776082145
|switch|p2a: Grimmsnarl|Grimmsnarl, M|100/100
|turn|23
|
|t:|1776082149
|switch|p1a: Umbreon|Umbreon, M, shiny|14/100
|move|p2a: Grimmsnarl|Light Screen|p2a: Grimmsnarl
|-sidestart|p2: AceTrainerRoshan|move: Light Screen
|
|-heal|p1a: Umbreon|20/100|[from] item: Leftovers
|upkeep
|turn|24
|
|t:|1776082155
|move|p2a: Grimmsnarl|Reflect|p2a: Grimmsnarl
|-sidestart|p2: AceTrainerRoshan|Reflect
|move|p1a: Umbreon|Wish|p1a: Umbreon
|
|-heal|p1a: Umbreon|26/100|[from] item: Leftovers
|upkeep
|turn|25
|
|t:|1776082160
|switch|p2a: Serperior|Serperior, M, shiny|100/100
|move|p1a: Umbreon|Toxic|p2a: Serperior
|-status|p2a: Serperior|tox
|
|-heal|p1a: Umbreon|76/100|[from] move: Wish|[wisher] Umbreon
|-heal|p1a: Umbreon|82/100|[from] item: Leftovers
|-damage|p2a: Serperior|94/100 tox|[from] psn
|upkeep
|turn|26
|
|t:|1776082169
|move|p1a: Umbreon|Protect|p1a: Umbreon
|-singleturn|p1a: Umbreon|Protect
|move|p2a: Serperior|Glare|p1a: Umbreon
|-activate|p1a: Umbreon|move: Protect
|
|-heal|p2a: Serperior|100/100 tox|[from] item: Leftovers
|-heal|p1a: Umbreon|89/100|[from] item: Leftovers
|-damage|p2a: Serperior|88/100 tox|[from] psn
|upkeep
|turn|27
|
|t:|1776082177
|move|p2a: Serperior|Leaf Storm|p1a: Umbreon
|-damage|p1a: Umbreon|63/100
|-boost|p2a: Serperior|spa|2
|move|p1a: Umbreon|Wish|p1a: Umbreon
|
|-heal|p2a: Serperior|94/100 tox|[from] item: Leftovers
|-heal|p1a: Umbreon|69/100|[from] item: Leftovers
|-damage|p2a: Serperior|76/100 tox|[from] psn
|upkeep
|turn|28
|
|t:|1776082189
|move|p2a: Serperior|Substitute|p2a: Serperior
|-start|p2a: Serperior|Substitute
|-damage|p2a: Serperior|51/100 tox
|move|p1a: Umbreon|Foul Play|p2a: Serperior
|-activate|p2a: Serperior|move: Substitute|[damage]
|
|-heal|p1a: Umbreon|100/100|[from] move: Wish|[wisher] Umbreon
|-heal|p2a: Serperior|57/100 tox|[from] item: Leftovers
|-damage|p2a: Serperior|32/100 tox|[from] psn
|upkeep
|turn|29
|
|t:|1776082199
|move|p1a: Umbreon|Protect|p1a: Umbreon
|-singleturn|p1a: Umbreon|Protect
|move|p2a: Serperior|Leaf Storm|p1a: Umbreon
|-activate|p1a: Umbreon|move: Protect
|
|-heal|p2a: Serperior|39/100 tox|[from] item: Leftovers
|-damage|p2a: Serperior|8/100 tox|[from] psn
|upkeep
|turn|30
|
|t:|1776082209
|move|p2a: Serperior|Leaf Storm|p1a: Umbreon|[miss]
|-miss|p2a: Serperior|p1a: Umbreon
|move|p1a: Umbreon|Wish|p1a: Umbreon
|
|-heal|p2a: Serperior|14/100 tox|[from] item: Leftovers
|-damage|p2a: Serperior|0 fnt|[from] psn
|faint|p2a: Serperior
|-sideend|p2: AceTrainerRoshan|move: Light Screen
|upkeep
|
|t:|1776082212
|switch|p2a: Grimmsnarl|Grimmsnarl, M|100/100
|turn|31
|-message|AceTrainerRoshan forfeited.
|
|win|Abracadaver
|raw|Abracadaver's rating: 1381 &rarr; <strong>1399</strong><br />(+18 for winning)
|raw|AceTrainerRoshan's rating: 1346 &rarr; <strong>1328</strong><br />(-18 for losing)
|l|☆AceTrainerRoshan
|player|p2|
|l|☆Abracadaver
|player|p1|
