|html|<div class="broadcast-blue"><strong>[Gen 9] OU is currently suspecting Tera Blast! For information on how to participate check out the <a href="https://www.smogon.com/tools/suspects/view/200">suspect thread</a>.</strong></div>
|j|☆ninomiya07
|j|☆PheonixOfRa
|t:|1776133617
|gametype|singles
|player|p1|ninomiya07|2|1539
|player|p2|PheonixOfRa|dawn-gen4pt|1499
|gen|9
|tier|[Gen 9] OU
|rated|
|rule|HP Percentage Mod: HP is shown in percentages
|rule|Endless Battle Clause: Forcing endless battles is banned
|rule|Species Clause: Limit one of each Pokémon
|rule|OHKO Clause: OHKO moves are banned
|rule|Evasion Items Clause: Evasion items are banned
|rule|Evasion Moves Clause: Evasion moves are banned
|rule|Evasion Abilities Clause: Evasion abilities are banned
|rule|Sleep Moves Clause: Sleep-inducing moves are banned
|clearpoke
|poke|p1|Darkrai|
|poke|p1|Cinderace, F|
|poke|p1|Alomomola, M|
|poke|p1|Muk-Alola, M|
|poke|p1|Dragapult, M|
|poke|p1|Zapdos-Galar|
|poke|p2|Ceruledge, M|
|poke|p2|Umbreon, M|
|poke|p2|Weezing-Galar, F|
|poke|p2|Tornadus-Therian, M|
|poke|p2|Keldeo-Resolute|
|poke|p2|Corviknight, F|
|teampreview
|j| ohko_smeargle
|inactive|Battle timer is ON: inactive players will automatically lose when time's up. (requested by ninomiya07)
|
|t:|1776133638
|teamsize|p1|6
|teamsize|p2|6
|start
|switch|p1a: Darkrai|Darkrai|100/100
|switch|p2a: Weezing|Weezing-Galar, F|100/100
|-ability|p2a: Weezing|Neutralizing Gas
|turn|1
|
|t:|1776133648
|switch|p1a: Muk|Muk-Alola, M|100/100
|-end|p2a: Weezing|ability: Neutralizing Gas
|switch|p2a: Umbreon|Umbreon, M|100/100
|
|upkeep
|turn|2
|
|t:|1776133676
|move|p2a: Umbreon|Protect|p2a: Umbreon
|-singleturn|p2a: Umbreon|Protect
|move|p1a: Muk|Poison Jab|p2a: Umbreon
|-activate|p2a: Umbreon|move: Protect
|
|upkeep
|turn|3
|
|t:|1776133692
|switch|p2a: Weezing|Weezing-Galar, F|100/100
|-ability|p2a: Weezing|Neutralizing Gas
|move|p1a: Muk|Knock Off|p2a: Weezing
|-resisted|p2a: Weezing
|-damage|p2a: Weezing|89/100
|-enditem|p2a: Weezing|Heavy-Duty Boots|[from] move: Knock Off|[of] p1a: Muk
|
|upkeep
|turn|4
|
|t:|1776133705
|move|p2a: Weezing|Will-O-Wisp|p1a: Muk
|-status|p1a: Muk|brn
|move|p1a: Muk|Poison Jab|p2a: Weezing
|-damage|p2a: Weezing|80/100
|
|-damage|p1a: Muk|94/100 brn|[from] brn
|upkeep
|turn|5
|
|t:|1776133728
|move|p2a: Weezing|Will-O-Wisp|p1a: Muk
|-fail|p1a: Muk|brn
|move|p1a: Muk|Knock Off|p2a: Weezing
|-resisted|p2a: Weezing
|-crit|p2a: Weezing
|-damage|p2a: Weezing|75/100
|
|-damage|p1a: Muk|88/100 brn|[from] brn
|upkeep
|turn|6
|
|t:|1776133734
|move|p2a: Weezing|Will-O-Wisp|p1a: Muk
|-fail|p1a: Muk|brn
|move|p1a: Muk|Knock Off|p2a: Weezing
|-resisted|p2a: Weezing
|-damage|p2a: Weezing|71/100
|
|-damage|p1a: Muk|82/100 brn|[from] brn
|upkeep
|turn|7
|
|t:|1776133742
|move|p2a: Weezing|Will-O-Wisp|p1a: Muk
|-fail|p1a: Muk|brn
|move|p1a: Muk|Poison Jab|p2a: Weezing
|-damage|p2a: Weezing|61/100
|
|-damage|p1a: Muk|76/100 brn|[from] brn
|upkeep
|turn|8
|
|t:|1776133748
|move|p2a: Weezing|Will-O-Wisp|p1a: Muk
|-fail|p1a: Muk|brn
|move|p1a: Muk|Knock Off|p2a: Weezing
|-resisted|p2a: Weezing
|-damage|p2a: Weezing|58/100
|
|-damage|p1a: Muk|70/100 brn|[from] brn
|upkeep
|turn|9
|
|t:|1776133752
|move|p2a: Weezing|Will-O-Wisp|p1a: Muk
|-fail|p1a: Muk|brn
|move|p1a: Muk|Knock Off|p2a: Weezing
|-resisted|p2a: Weezing
|-damage|p2a: Weezing|54/100
|
|-damage|p1a: Muk|64/100 brn|[from] brn
|upkeep
|turn|10
|
|t:|1776133755
|move|p2a: Weezing|Pain Split|p1a: Muk
|-sethp|p1a: Muk|54/100 brn|[from] move: Pain Split|[silent]
|-sethp|p2a: Weezing|67/100|[from] move: Pain Split
|move|p1a: Muk|Knock Off|p2a: Weezing
|-resisted|p2a: Weezing
|-damage|p2a: Weezing|63/100
|
|-damage|p1a: Muk|48/100 brn|[from] brn
|upkeep
|turn|11
|
|t:|1776133766
|-end|p2a: Weezing|ability: Neutralizing Gas
|switch|p2a: Corviknight|Corviknight, F|100/100
|-ability|p2a: Corviknight|Pressure
|move|p1a: Muk|Knock Off|p2a: Corviknight
|-damage|p2a: Corviknight|90/100
|-damage|p1a: Muk|31/100 brn|[from] item: Rocky Helmet|[of] p2a: Corviknight
|-enditem|p2a: Corviknight|Rocky Helmet|[from] move: Knock Off|[of] p1a: Muk
|
|-damage|p1a: Muk|25/100 brn|[from] brn
|upkeep
|turn|12
|
|t:|1776133771
|switch|p1a: Alomomola|Alomomola, M|100/100
|move|p2a: Corviknight|U-turn|p1a: Alomomola
|-damage|p1a: Alomomola|93/100
|-damage|p2a: Corviknight|73/100|[from] item: Rocky Helmet|[of] p1a: Alomomola
|
|t:|1776133782
|switch|p2a: Keldeo|Keldeo-Resolute|100/100|[from] U-turn
|
|upkeep
|turn|13
|
|t:|1776133800
|move|p2a: Keldeo|Taunt|p1a: Alomomola
|-start|p1a: Alomomola|move: Taunt
|move|p1a: Alomomola|Flip Turn|p2a: Keldeo
|-resisted|p2a: Keldeo
|-damage|p2a: Keldeo|91/100
|
|t:|1776133804
|switch|p1a: Zapdos|Zapdos-Galar|100/100|[from] Flip Turn
|
|upkeep
|turn|14
|
|t:|1776133818
|switch|p2a: Tornadus|Tornadus-Therian, M|100/100
|move|p1a: Zapdos|U-turn|p2a: Tornadus
|-resisted|p2a: Tornadus
|-damage|p2a: Tornadus|86/100
|
|t:|1776133831
|switch|p1a: Darkrai|Darkrai|100/100|[from] U-turn
|
|upkeep
|turn|15
|
|t:|1776133841
|move|p1a: Darkrai|Ice Beam|p2a: Tornadus
|-supereffective|p2a: Tornadus
|-damage|p2a: Tornadus|39/100
|move|p2a: Tornadus|Knock Off|p1a: Darkrai
|-resisted|p1a: Darkrai
|-damage|p1a: Darkrai|87/100
|-enditem|p1a: Darkrai|Expert Belt|[from] move: Knock Off|[of] p2a: Tornadus
|
|upkeep
|turn|16
|
|t:|1776133854
|switch|p2a: Umbreon|Umbreon, M|100/100
|move|p1a: Darkrai|Ice Beam|p2a: Umbreon
|-damage|p2a: Umbreon|85/100
|
|-heal|p2a: Umbreon|91/100|[from] item: Leftovers
|upkeep
|turn|17
|
|t:|1776133862
|move|p1a: Darkrai|Focus Blast|p2a: Umbreon|[miss]
|-miss|p1a: Darkrai|p2a: Umbreon
|move|p2a: Umbreon|Wish|p2a: Umbreon
|
|-heal|p2a: Umbreon|97/100|[from] item: Leftovers
|upkeep
|turn|18
|
|t:|1776133872
|move|p1a: Darkrai|Ice Beam|p2a: Umbreon
|-damage|p2a: Umbreon|81/100
|move|p2a: Umbreon|Toxic|p1a: Darkrai|[miss]
|-miss|p2a: Umbreon|p1a: Darkrai
|
|-heal|p2a: Umbreon|100/100|[from] move: Wish|[wisher] Umbreon
|upkeep
|turn|19
|
|t:|1776133887
|switch|p1a: Alomomola|Alomomola, M|100/100
|switch|p2a: Tornadus|Tornadus-Therian, M|72/100
|
|upkeep
|turn|20
|
|t:|1776133891
|move|p2a: Tornadus|Knock Off|p1a: Alomomola
|-damage|p1a: Alomomola|90/100
|-damage|p2a: Tornadus|55/100|[from] item: Rocky Helmet|[of] p1a: Alomomola
|-enditem|p1a: Alomomola|Rocky Helmet|[from] move: Knock Off|[of] p2a: Tornadus
|move|p1a: Alomomola|Flip Turn|p2a: Tornadus
|-damage|p2a: Tornadus|35/100
|
|t:|1776133902
|switch|p1a: Zapdos|Zapdos-Galar|100/100|[from] Flip Turn
|
|upkeep
|turn|21
|
|t:|1776133909
|switch|p2a: Corviknight|Corviknight, F|73/100
|-ability|p2a: Corviknight|Pressure
|move|p1a: Zapdos|Knock Off|p2a: Corviknight
|-damage|p2a: Corviknight|61/100
|
|upkeep
|turn|22
|
|t:|1776133920
|switch|p1a: Alomomola|Alomomola, M|100/100
|move|p2a: Corviknight|Roost|p2a: Corviknight
|-heal|p2a: Corviknight|100/100
|-singleturn|p2a: Corviknight|move: Roost
|
|upkeep
|turn|23
|
|t:|1776133928
|move|p2a: Corviknight|U-turn|p1a: Alomomola
|-damage|p1a: Alomomola|93/100
|
|t:|1776133946
|switch|p2a: Keldeo|Keldeo-Resolute|91/100|[from] U-turn
|move|p1a: Alomomola|Flip Turn|p2a: Keldeo
|-resisted|p2a: Keldeo
|-damage|p2a: Keldeo|81/100
|
|t:|1776133963
|switch|p1a: Dragapult|Dragapult, M|100/100|[from] Flip Turn
|
|upkeep
|turn|24
|
|t:|1776133973
|switch|p2a: Umbreon|Umbreon, M|100/100
|move|p1a: Dragapult|Will-O-Wisp|p2a: Umbreon|[miss]
|-miss|p1a: Dragapult|p2a: Umbreon
|
|upkeep
|turn|25
|
|t:|1776133982
|switch|p1a: Alomomola|Alomomola, M|100/100
|move|p2a: Umbreon|Foul Play|p1a: Alomomola
|-crit|p1a: Alomomola
|-damage|p1a: Alomomola|79/100
|
|upkeep
|turn|26
|inactive|ninomiya07 has 120 seconds left.
|
|t:|1776134022
|move|p2a: Umbreon|Toxic|p1a: Alomomola
|-status|p1a: Alomomola|tox
|move|p1a: Alomomola|Flip Turn|p2a: Umbreon
|-damage|p2a: Umbreon|88/100
|
|t:|1776134033
|switch|p1a: Cinderace|Cinderace, F|100/100|[from] Flip Turn
|
|-heal|p2a: Umbreon|94/100|[from] item: Leftovers
|upkeep
|turn|27
|
|t:|1776134046
|switch|p2a: Ceruledge|Ceruledge, M|100/100
|move|p1a: Cinderace|U-turn|p2a: Ceruledge
|-start|p1a: Cinderace|typechange|Bug|[from] ability: Libero
|-resisted|p2a: Ceruledge
|-damage|p2a: Ceruledge|90/100
|inactive|ninomiya07 has 120 seconds left.
|
|t:|1776134051
|switch|p1a: Darkrai|Darkrai|87/100|[from] U-turn
|
|-heal|p2a: Ceruledge|96/100|[from] item: Leftovers
|upkeep
|turn|28
|
|t:|1776134062
|switch|p2a: Umbreon|Umbreon, M|94/100
|move|p1a: Darkrai|Dark Pulse|p2a: Umbreon
|-resisted|p2a: Umbreon
|-damage|p2a: Umbreon|83/100
|
|-heal|p2a: Umbreon|90/100|[from] item: Leftovers
|upkeep
|turn|29
|inactive|ninomiya07 has 120 seconds left.
|
|t:|1776134083
|switch|p1a: Alomomola|Alomomola, M|100/100 tox
|move|p2a: Umbreon|Wish|p2a: Umbreon
|
|-heal|p2a: Umbreon|96/100|[from] item: Leftovers
|-damage|p1a: Alomomola|94/100 tox|[from] psn
|upkeep
|turn|30
|
|t:|1776134101
|switch|p2a: Weezing|Weezing-Galar, F|63/100
|-ability|p2a: Weezing|Neutralizing Gas
|move|p1a: Alomomola|Flip Turn|p2a: Weezing
|-damage|p2a: Weezing|53/100
|inactive|ninomiya07 has 120 seconds left.
|inactive|ninomiya07 has 90 seconds left.
|
|t:|1776134153
|switch|p1a: Darkrai|Darkrai|87/100|[from] Flip Turn
|
|-heal|p2a: Weezing|100/100|[from] move: Wish|[wisher] Umbreon
|upkeep
|turn|31
|
|t:|1776134160
|-end|p2a: Weezing|ability: Neutralizing Gas
|switch|p2a: Umbreon|Umbreon, M|96/100
|move|p1a: Darkrai|Sludge Bomb|p2a: Umbreon
|-damage|p2a: Umbreon|78/100
|
|-heal|p2a: Umbreon|84/100|[from] item: Leftovers
|upkeep
|turn|32
|
|t:|1776134169
|switch|p1a: Alomomola|Alomomola, M|94/100 tox
|move|p2a: Umbreon|Toxic|p1a: Alomomola
|-fail|p1a: Alomomola|tox
|
|-heal|p2a: Umbreon|90/100|[from] item: Leftovers
|-damage|p1a: Alomomola|88/100 tox|[from] psn
|upkeep
|turn|33
|
|t:|1776134177
|move|p2a: Umbreon|Wish|p2a: Umbreon
|move|p1a: Alomomola|Wish|p1a: Alomomola
|
|-heal|p2a: Umbreon|96/100|[from] item: Leftovers
|-damage|p1a: Alomomola|76/100 tox|[from] psn
|upkeep
|turn|34
|
|t:|1776134199
|switch|p2a: Ceruledge|Ceruledge, M|96/100
|move|p1a: Alomomola|Flip Turn|p2a: Ceruledge
|-supereffective|p2a: Ceruledge
|-damage|p2a: Ceruledge|58/100
|inactive|ninomiya07 has 120 seconds left.
|
|t:|1776134233
|switch|p1a: Darkrai|Darkrai|87/100|[from] Flip Turn
|
|-heal|p1a: Darkrai|100/100|[from] move: Wish|[wisher] Alomomola
|-heal|p2a: Ceruledge|100/100|[from] move: Wish|[wisher] Umbreon
|upkeep
|turn|35
|
|t:|1776134244
|switch|p2a: Tornadus|Tornadus-Therian, M|68/100
|move|p1a: Darkrai|Dark Pulse|p2a: Tornadus
|-damage|p2a: Tornadus|43/100
|
|upkeep
|turn|36
|
|t:|1776134250
|switch|p2a: Umbreon|Umbreon, M|96/100
|move|p1a: Darkrai|Ice Beam|p2a: Umbreon
|-damage|p2a: Umbreon|79/100
|
|-heal|p2a: Umbreon|85/100|[from] item: Leftovers
|upkeep
|turn|37
|
|t:|1776134260
|switch|p2a: Tornadus|Tornadus-Therian, M|76/100
|move|p1a: Darkrai|Focus Blast|p2a: Tornadus
|-resisted|p2a: Tornadus
|-damage|p2a: Tornadus|65/100
|
|upkeep
|turn|38
|
|t:|1776134265
|move|p1a: Darkrai|Ice Beam|p2a: Tornadus
|-supereffective|p2a: Tornadus
|-damage|p2a: Tornadus|31/100
|move|p2a: Tornadus|U-turn|p1a: Darkrai
|-supereffective|p1a: Darkrai
|-damage|p1a: Darkrai|61/100
|
|t:|1776134289
|switch|p2a: Umbreon|Umbreon, M|85/100|[from] U-turn
|
|-heal|p2a: Umbreon|91/100|[from] item: Leftovers
|upkeep
|turn|39
|
|t:|1776134298
|switch|p1a: Alomomola|Alomomola, M|100/100 tox
|move|p2a: Umbreon|Protect||[still]
|-fail|p2a: Umbreon
|
|-heal|p2a: Umbreon|97/100|[from] item: Leftovers
|-damage|p1a: Alomomola|94/100 tox|[from] psn
|upkeep
|turn|40
|
|t:|1776134311
|move|p2a: Umbreon|Wish|p2a: Umbreon
|move|p1a: Alomomola|Wish|p1a: Alomomola
|
|-heal|p2a: Umbreon|100/100|[from] item: Leftovers
|-damage|p1a: Alomomola|82/100 tox|[from] psn
|upkeep
|turn|41
|
|t:|1776134317
|switch|p2a: Ceruledge|Ceruledge, M|100/100
|move|p1a: Alomomola|Flip Turn|p2a: Ceruledge
|-supereffective|p2a: Ceruledge
|-damage|p2a: Ceruledge|64/100
|
|t:|1776134323
|switch|p1a: Darkrai|Darkrai|61/100|[from] Flip Turn
|
|-heal|p1a: Darkrai|100/100|[from] move: Wish|[wisher] Alomomola
|-heal|p2a: Ceruledge|100/100|[from] move: Wish|[wisher] Umbreon
|upkeep
|turn|42
|
|t:|1776134329
|switch|p2a: Umbreon|Umbreon, M|100/100
|move|p1a: Darkrai|Dark Pulse|p2a: Umbreon
|-resisted|p2a: Umbreon
|-damage|p2a: Umbreon|89/100
|
|-heal|p2a: Umbreon|95/100|[from] item: Leftovers
|upkeep
|turn|43
|
|t:|1776134336
|switch|p1a: Alomomola|Alomomola, M|100/100 tox
|move|p2a: Umbreon|Toxic|p1a: Alomomola|[miss]
|-miss|p2a: Umbreon|p1a: Alomomola
|
|-heal|p2a: Umbreon|100/100|[from] item: Leftovers
|-damage|p1a: Alomomola|94/100 tox|[from] psn
|upkeep
|turn|44
|
|t:|1776134355
|move|p2a: Umbreon|Wish|p2a: Umbreon
|move|p1a: Alomomola|Flip Turn|p2a: Umbreon
|-damage|p2a: Umbreon|87/100
|
|t:|1776134362
|switch|p1a: Zapdos|Zapdos-Galar|100/100|[from] Flip Turn
|
|-heal|p2a: Umbreon|93/100|[from] item: Leftovers
|upkeep
|turn|45
|
|t:|1776134385
|switch|p2a: Weezing|Weezing-Galar, F|100/100
|-ability|p2a: Weezing|Neutralizing Gas
|move|p1a: Zapdos|Close Combat|p2a: Weezing
|-resisted|p2a: Weezing
|-damage|p2a: Weezing|90/100
|-unboost|p1a: Zapdos|def|1
|-unboost|p1a: Zapdos|spd|1
|
|-heal|p2a: Weezing|100/100|[from] move: Wish|[wisher] Umbreon
|upkeep
|turn|46
|inactive|PheonixOfRa has 120 seconds left.
|
|t:|1776134425
|switch|p1a: Alomomola|Alomomola, M|100/100 tox
|move|p2a: Weezing|Sludge Bomb|p1a: Alomomola
|-damage|p1a: Alomomola|69/100 tox
|
|-damage|p1a: Alomomola|63/100 tox|[from] psn
|upkeep
|turn|47
|
|t:|1776134431
|move|p2a: Weezing|Sludge Bomb|p1a: Alomomola
|-damage|p1a: Alomomola|29/100 tox
|move|p1a: Alomomola|Flip Turn|p2a: Weezing
|-damage|p2a: Weezing|89/100
|
|t:|1776134439
|switch|p1a: Cinderace|Cinderace, F|100/100|[from] Flip Turn
|
|upkeep
|turn|48
|
|t:|1776134445
|-end|p2a: Weezing|ability: Neutralizing Gas
|switch|p2a: Ceruledge|Ceruledge, M|100/100
|move|p1a: Cinderace|Pyro Ball|p2a: Ceruledge
|-start|p2a: Ceruledge|ability: Flash Fire
|
|upkeep
|turn|49
|inactive|PheonixOfRa has 120 seconds left.
|
|t:|1776134458
|move|p1a: Cinderace|Sucker Punch||[still]
|-fail|p1a: Cinderace
|move|p2a: Ceruledge|Substitute|p2a: Ceruledge
|-start|p2a: Ceruledge|Substitute
|-damage|p2a: Ceruledge|76/100
|
|-heal|p2a: Ceruledge|82/100|[from] item: Leftovers
|upkeep
|turn|50
|
|t:|1776134462
|move|p1a: Cinderace|U-turn|p2a: Ceruledge
|-start|p1a: Cinderace|typechange|Bug|[from] ability: Libero
|-resisted|p2a: Ceruledge
|-activate|p2a: Ceruledge|move: Substitute|[damage]
|
|t:|1776134465
|switch|p1a: Alomomola|Alomomola, M|29/100 tox|[from] U-turn
|move|p2a: Ceruledge|Bulk Up|p2a: Ceruledge
|-boost|p2a: Ceruledge|atk|1
|-boost|p2a: Ceruledge|def|1
|
|-heal|p2a: Ceruledge|88/100|[from] item: Leftovers
|-damage|p1a: Alomomola|23/100 tox|[from] psn
|upkeep
|turn|51
|
|t:|1776134476
|move|p2a: Ceruledge|Bitter Blade|p1a: Alomomola
|-resisted|p1a: Alomomola
|-damage|p1a: Alomomola|0 fnt
|-heal|p2a: Ceruledge|100/100|[from] drain|[of] p1a: Alomomola
|faint|p1a: Alomomola
|
|upkeep
|
|t:|1776134479
|switch|p1a: Dragapult|Dragapult, M|100/100
|turn|52
|c|☆ninomiya07|gg
|-message|ninomiya07 forfeited.
|
|win|PheonixOfRa
|raw|ninomiya07's rating: 1539 &rarr; <strong>1517</strong><br />(-22 for losing)
|raw|PheonixOfRa's rating: 1499 &rarr; <strong>1521</strong><br />(+22 for winning)
|l| ohko_smeargle
|c|☆PheonixOfRa|gg
|l|☆ninomiya07
|player|p1|
