|html|<div class="broadcast-blue"><strong>[Gen 9] OU is currently suspecting Tera Blast! For information on how to participate check out the <a href="https://www.smogon.com/tools/suspects/view/200">suspect thread</a>.</strong></div>
|j|☆Knotinger
|j|☆vzn.exe
|t:|1776084188
|gametype|singles
|player|p1|Knotinger|169|1482
|player|p2|vzn.exe|lusamine-nihilego|1469
|gen|9
|tier|[Gen 9] OU
|rated|
|rule|HP Percentage Mod: HP is shown in percentages
|rule|Endless Battle Clause: Forcing endless battles is banned
|rule|Species Clause: Limit one of each Pokémon
|rule|OHKO Clause: OHKO moves are banned
|rule|Evasion Items Clause: Evasion items are banned
|rule|Evasion Moves Clause: Evasion moves are banned
|rule|Evasion Abilities Clause: Evasion abilities are banned
|rule|Sleep Moves Clause: Sleep-inducing moves are banned
|clearpoke
|poke|p1|Jirachi|
|poke|p1|Garganacl, M|
|poke|p1|Quaquaval, M|
|poke|p1|Iron Valiant|
|poke|p1|Weezing-Galar, F|
|poke|p1|Meowscarada, M|
|poke|p2|Hydrapple, M|
|poke|p2|Tyranitar, F|
|poke|p2|Moltres|
|poke|p2|Zamazenta-*|
|poke|p2|Slowking-Galar, M|
|poke|p2|Excadrill, F|
|teampreview
|l|☆Knotinger
|player|p1|
|j|☆Knotinger
|player|p1|Knotinger|169|
|
|t:|1776084206
|teamsize|p1|6
|teamsize|p2|6
|start
|switch|p1a: Iron Valiant|Iron Valiant|100/100
|switch|p2a: Slowking|Slowking-Galar, M|100/100
|turn|1
|inactive|Battle timer is ON: inactive players will automatically lose when time's up. (requested by vzn.exe)
|
|t:|1776084223
|-end|p1a: Iron Valiant|Quark Drive|[silent]
|switch|p1a: Jirachi|Jirachi|100/100
|switch|p2a: Excadrill|Excadrill, F|100/100
|-item|p2a: Excadrill|Air Balloon
|
|upkeep
|turn|2
|
|t:|1776084240
|move|p1a: Jirachi|U-turn|p2a: Excadrill
|-resisted|p2a: Excadrill
|-damage|p2a: Excadrill|89/100
|-enditem|p2a: Excadrill|Air Balloon
|
|t:|1776084243
|switch|p1a: Iron Valiant|Iron Valiant|100/100|[from] U-turn
|move|p2a: Excadrill|Earthquake|p1a: Iron Valiant
|-damage|p1a: Iron Valiant|34/100
|
|upkeep
|turn|3
|
|t:|1776084260
|move|p1a: Iron Valiant|Shadow Ball|p2a: Excadrill
|-damage|p2a: Excadrill|53/100
|move|p2a: Excadrill|Earthquake|p1a: Iron Valiant
|-damage|p1a: Iron Valiant|0 fnt
|faint|p1a: Iron Valiant
|-end|p1a: Iron Valiant|Quark Drive|[silent]
|
|upkeep
|
|t:|1776084265
|switch|p1a: Quaquaval|Quaquaval, M|100/100
|turn|4
|
|t:|1776084282
|move|p2a: Excadrill|Earthquake|p1a: Quaquaval
|-damage|p1a: Quaquaval|38/100
|move|p1a: Quaquaval|Aqua Step|p2a: Excadrill
|-supereffective|p2a: Excadrill
|-damage|p2a: Excadrill|0 fnt
|-boost|p1a: Quaquaval|spe|1
|faint|p2a: Excadrill
|-ability|p1a: Quaquaval|Moxie|boost
|-boost|p1a: Quaquaval|atk|1
|
|upkeep
|
|t:|1776084300
|switch|p2a: Hydrapple|Hydrapple, M|100/100
|turn|5
|inactive|vzn.exe has 120 seconds left.
|
|t:|1776084317
|move|p1a: Quaquaval|Knock Off|p2a: Hydrapple
|-damage|p2a: Hydrapple|78/100
|-enditem|p2a: Hydrapple|Heavy-Duty Boots|[from] move: Knock Off|[of] p1a: Quaquaval
|move|p2a: Hydrapple|Earth Power|p1a: Quaquaval
|-damage|p1a: Quaquaval|23/100
|
|upkeep
|turn|6
|inactive|vzn.exe has 120 seconds left.
|
|t:|1776084335
|move|p1a: Quaquaval|U-turn|p2a: Hydrapple
|-supereffective|p2a: Hydrapple
|-damage|p2a: Hydrapple|41/100
|
|t:|1776084338
|switch|p1a: Jirachi|Jirachi|100/100|[from] U-turn
|move|p2a: Hydrapple|Giga Drain|p1a: Jirachi
|-resisted|p1a: Jirachi
|-damage|p1a: Jirachi|86/100
|-heal|p2a: Hydrapple|49/100|[from] drain|[of] p1a: Jirachi
|
|-heal|p1a: Jirachi|92/100|[from] item: Leftovers
|upkeep
|turn|7
|inactive|vzn.exe has 120 seconds left.
|
|t:|1776084355
|switch|p2a: Moltres|Moltres|100/100
|move|p1a: Jirachi|Thunder Wave|p2a: Moltres
|-status|p2a: Moltres|par
|
|-heal|p1a: Jirachi|98/100|[from] item: Leftovers
|upkeep
|turn|8
|inactive|vzn.exe has 120 seconds left.
|
|t:|1776084373
|switch|p1a: Garganacl|Garganacl, M|100/100
|cant|p2a: Moltres|par
|
|upkeep
|turn|9
|
|t:|1776084390
|switch|p2a: Hydrapple|Hydrapple, M|82/100
|move|p1a: Garganacl|Salt Cure|p2a: Hydrapple
|-damage|p2a: Hydrapple|73/100
|-start|p2a: Hydrapple|Salt Cure
|
|-damage|p2a: Hydrapple|61/100|[from] Salt Cure
|upkeep
|turn|10
|
|t:|1776084408
|switch|p2a: Zamazenta|Zamazenta|100/100
|-ability|p2a: Zamazenta|Dauntless Shield|boost
|-boost|p2a: Zamazenta|def|1
|switch|p1a: Meowscarada|Meowscarada, M|100/100
|
|upkeep
|turn|11
|
|t:|1776084425
|move|p1a: Meowscarada|U-turn|p2a: Zamazenta
|-start|p1a: Meowscarada|typechange|Bug|[from] ability: Protean
|-resisted|p2a: Zamazenta
|-damage|p2a: Zamazenta|92/100
|
|t:|1776084428
|switch|p1a: Weezing|Weezing-Galar, F|100/100|[from] U-turn
|-ability|p1a: Weezing|Neutralizing Gas
|move|p2a: Zamazenta|Body Press|p1a: Weezing
|-resisted|p1a: Weezing
|-damage|p1a: Weezing|91/100
|
|-heal|p2a: Zamazenta|98/100|[from] item: Leftovers
|-heal|p1a: Weezing|97/100|[from] item: Leftovers
|upkeep
|turn|12
|
|t:|1776084447
|switch|p2a: Slowking|Slowking-Galar, M|100/100
|move|p1a: Weezing|Strange Steam|p2a: Slowking
|-resisted|p2a: Slowking
|-damage|p2a: Slowking|93/100
|
|-heal|p1a: Weezing|100/100|[from] item: Leftovers
|upkeep
|turn|13
|inactive|vzn.exe has 90 seconds left.
|
|t:|1776084465
|-end|p1a: Weezing|ability: Neutralizing Gas
|switch|p1a: Jirachi|Jirachi|98/100
|move|p2a: Slowking|Flamethrower|p1a: Jirachi
|-supereffective|p1a: Jirachi
|-damage|p1a: Jirachi|61/100
|
|-heal|p1a: Jirachi|68/100|[from] item: Leftovers
|upkeep
|turn|14
|inactive|vzn.exe has 90 seconds left.
|
|t:|1776084482
|move|p1a: Jirachi|Thunder Wave|p2a: Slowking
|-status|p2a: Slowking|par
|move|p2a: Slowking|Flamethrower|p1a: Jirachi
|-supereffective|p1a: Jirachi
|-damage|p1a: Jirachi|28/100
|
|-heal|p1a: Jirachi|34/100|[from] item: Leftovers
|upkeep
|turn|15
|inactive|vzn.exe has 90 seconds left.
|
|t:|1776084499
|move|p1a: Jirachi|Iron Head|p2a: Slowking
|-damage|p2a: Slowking|70/100 par
|cant|p2a: Slowking|flinch
|
|-heal|p1a: Jirachi|40/100|[from] item: Leftovers
|upkeep
|turn|16
|
|t:|1776084509
|switch|p2a: Zamazenta|Zamazenta|98/100
|move|p1a: Jirachi|U-turn|p2a: Zamazenta
|-resisted|p2a: Zamazenta
|-damage|p2a: Zamazenta|91/100
|
|t:|1776084514
|switch|p1a: Weezing|Weezing-Galar, F|100/100|[from] U-turn
|-ability|p1a: Weezing|Neutralizing Gas
|
|-heal|p2a: Zamazenta|97/100|[from] item: Leftovers
|upkeep
|turn|17
|inactive|vzn.exe has 90 seconds left.
|
|t:|1776084532
|switch|p2a: Slowking|Slowking-Galar, M|100/100 par
|move|p1a: Weezing|Strange Steam|p2a: Slowking
|-resisted|p2a: Slowking
|-damage|p2a: Slowking|93/100 par
|
|upkeep
|turn|18
|inactive|vzn.exe has 90 seconds left.
|
|t:|1776084550
|-end|p1a: Weezing|ability: Neutralizing Gas
|switch|p1a: Garganacl|Garganacl, M|100/100
|move|p2a: Slowking|Flamethrower|p1a: Garganacl
|-resisted|p1a: Garganacl
|-damage|p1a: Garganacl|89/100
|
|-heal|p1a: Garganacl|95/100|[from] item: Leftovers
|upkeep
|turn|19
|
|t:|1776084568
|switch|p2a: Hydrapple|Hydrapple, M|94/100
|move|p1a: Garganacl|Salt Cure|p2a: Hydrapple
|-damage|p2a: Hydrapple|85/100
|-start|p2a: Hydrapple|Salt Cure
|
|-heal|p1a: Garganacl|100/100|[from] item: Leftovers
|-damage|p2a: Hydrapple|73/100|[from] Salt Cure
|upkeep
|turn|20
|
|t:|1776084586
|move|p2a: Hydrapple|Earth Power|p1a: Garganacl
|-supereffective|p1a: Garganacl
|-damage|p1a: Garganacl|53/100
|move|p1a: Garganacl|Salt Cure|p2a: Hydrapple
|-damage|p2a: Hydrapple|64/100
|
|-heal|p1a: Garganacl|59/100|[from] item: Leftovers
|-damage|p2a: Hydrapple|52/100|[from] Salt Cure
|upkeep
|turn|21
|
|t:|1776084605
|switch|p1a: Jirachi|Jirachi|40/100
|move|p2a: Hydrapple|Giga Drain|p1a: Jirachi
|-resisted|p1a: Jirachi
|-damage|p1a: Jirachi|25/100
|-heal|p2a: Hydrapple|60/100|[from] drain|[of] p1a: Jirachi
|
|-heal|p1a: Jirachi|31/100|[from] item: Leftovers
|-damage|p2a: Hydrapple|47/100|[from] Salt Cure
|upkeep
|turn|22
|
|t:|1776084614
|move|p1a: Jirachi|Iron Head|p2a: Hydrapple
|-damage|p2a: Hydrapple|30/100
|cant|p2a: Hydrapple|flinch
|
|-heal|p1a: Jirachi|37/100|[from] item: Leftovers
|-damage|p2a: Hydrapple|18/100|[from] Salt Cure
|upkeep
|turn|23
|
|t:|1776084623
|switch|p2a: Moltres|Moltres|100/100 par
|move|p1a: Jirachi|Iron Head|p2a: Moltres
|-resisted|p2a: Moltres
|-damage|p2a: Moltres|90/100 par
|-status|p1a: Jirachi|brn|[from] ability: Flame Body|[of] p2a: Moltres
|
|-heal|p1a: Jirachi|43/100 brn|[from] item: Leftovers
|-damage|p1a: Jirachi|37/100 brn|[from] brn
|upkeep
|turn|24
|
|t:|1776084633
|move|p1a: Jirachi|U-turn|p2a: Moltres
|-resisted|p2a: Moltres
|-damage|p2a: Moltres|89/100 par
|
|t:|1776084635
|switch|p1a: Garganacl|Garganacl, M|59/100|[from] U-turn
|move|p2a: Moltres|U-turn|p1a: Garganacl
|-damage|p1a: Garganacl|52/100
|
|t:|1776084652
|switch|p2a: Hydrapple|Hydrapple, M|51/100|[from] U-turn
|
|-heal|p1a: Garganacl|58/100|[from] item: Leftovers
|upkeep
|turn|25
|
|t:|1776084669
|switch|p2a: Tyranitar|Tyranitar, F|100/100
|-weather|Sandstorm|[from] ability: Sand Stream|[of] p2a: Tyranitar
|-terastallize|p1a: Garganacl|Ghost
|move|p1a: Garganacl|Salt Cure|p2a: Tyranitar
|-damage|p2a: Tyranitar|91/100
|-start|p2a: Tyranitar|Salt Cure
|
|-weather|Sandstorm|[upkeep]
|-damage|p1a: Garganacl|52/100|[from] Sandstorm
|-heal|p1a: Garganacl|58/100|[from] item: Leftovers
|-damage|p2a: Tyranitar|78/100|[from] Salt Cure
|upkeep
|turn|26
|
|t:|1776084687
|switch|p1a: Weezing|Weezing-Galar, F|100/100
|-ability|p1a: Weezing|Neutralizing Gas
|move|p2a: Tyranitar|Knock Off|p1a: Weezing
|-resisted|p1a: Weezing
|-damage|p1a: Weezing|88/100
|-enditem|p1a: Weezing|Leftovers|[from] move: Knock Off|[of] p2a: Tyranitar
|
|-weather|Sandstorm|[upkeep]
|-damage|p1a: Weezing|82/100|[from] Sandstorm
|-damage|p2a: Tyranitar|66/100|[from] Salt Cure
|upkeep
|turn|27
|inactive|vzn.exe has 60 seconds left.
|
|t:|1776084705
|move|p1a: Weezing|Strange Steam|p2a: Tyranitar
|-supereffective|p2a: Tyranitar
|-damage|p2a: Tyranitar|43/100
|move|p2a: Tyranitar|Stealth Rock|p1a: Weezing
|-sidestart|p1: Knotinger|move: Stealth Rock
|
|-weather|Sandstorm|[upkeep]
|-damage|p1a: Weezing|76/100|[from] Sandstorm
|-damage|p2a: Tyranitar|31/100|[from] Salt Cure
|upkeep
|turn|28
|inactive|vzn.exe has 60 seconds left.
|
|t:|1776084722
|move|p1a: Weezing|Defog|p2a: Tyranitar
|-unboost|p2a: Tyranitar|evasion|1
|-sideend|p1: Knotinger|Stealth Rock|[from] move: Defog|[of] p1a: Weezing
|move|p2a: Tyranitar|Thunder Wave|p1a: Weezing
|-status|p1a: Weezing|par
|
|-weather|Sandstorm|[upkeep]
|-damage|p1a: Weezing|70/100 par|[from] Sandstorm
|-damage|p2a: Tyranitar|19/100|[from] Salt Cure
|upkeep
|turn|29
|inactive|vzn.exe has 60 seconds left.
|
|t:|1776084739
|move|p2a: Tyranitar|Stealth Rock|p1a: Weezing
|-sidestart|p1: Knotinger|move: Stealth Rock
|cant|p1a: Weezing|par
|
|-weather|Sandstorm|[upkeep]
|-damage|p1a: Weezing|64/100 par|[from] Sandstorm
|-damage|p2a: Tyranitar|6/100|[from] Salt Cure
|upkeep
|turn|30
|
|t:|1776084756
|switch|p2a: Hydrapple|Hydrapple, M|84/100
|move|p1a: Weezing|Defog|p2a: Hydrapple
|-unboost|p2a: Hydrapple|evasion|1
|-sideend|p1: Knotinger|Stealth Rock|[from] move: Defog|[of] p1a: Weezing
|
|-weather|Sandstorm|[upkeep]
|-damage|p2a: Hydrapple|78/100|[from] Sandstorm
|-damage|p1a: Weezing|58/100 par|[from] Sandstorm
|upkeep
|turn|31
|
|t:|1776084765
|move|p2a: Hydrapple|Earth Power|p1a: Weezing
|-supereffective|p1a: Weezing
|-damage|p1a: Weezing|0 fnt
|faint|p1a: Weezing
|-end|p1a: Weezing|ability: Neutralizing Gas
|
|-weather|Sandstorm|[upkeep]
|-damage|p2a: Hydrapple|72/100|[from] Sandstorm
|upkeep
|
|t:|1776084773
|switch|p1a: Meowscarada|Meowscarada, M|100/100
|turn|32
|inactive|vzn.exe has 60 seconds left.
|
|t:|1776084782
|switch|p2a: Moltres|Moltres|89/100 par
|move|p1a: Meowscarada|U-turn|p2a: Moltres
|-start|p1a: Meowscarada|typechange|Bug|[from] ability: Protean
|-resisted|p2a: Moltres
|-damage|p2a: Moltres|84/100 par
|
|t:|1776084786
|switch|p1a: Garganacl|Garganacl, M, tera:Ghost|58/100|[from] U-turn
|
|-weather|none
|-heal|p1a: Garganacl|65/100|[from] item: Leftovers
|upkeep
|turn|33
|inactive|vzn.exe has 60 seconds left.
|
|t:|1776084802
|switch|p2a: Hydrapple|Hydrapple, M|100/100
|move|p1a: Garganacl|Salt Cure|p2a: Hydrapple
|-damage|p2a: Hydrapple|92/100
|-start|p2a: Hydrapple|Salt Cure
|
|-heal|p1a: Garganacl|71/100|[from] item: Leftovers
|-damage|p2a: Hydrapple|79/100|[from] Salt Cure
|upkeep
|turn|34
|inactive|vzn.exe has 60 seconds left.
|
|t:|1776084820
|move|p2a: Hydrapple|Nasty Plot|p2a: Hydrapple
|-boost|p2a: Hydrapple|spa|2
|move|p1a: Garganacl|Iron Defense|p1a: Garganacl
|-boost|p1a: Garganacl|def|2
|
|-heal|p1a: Garganacl|77/100|[from] item: Leftovers
|-damage|p2a: Hydrapple|67/100|[from] Salt Cure
|upkeep
|turn|35
|inactive|vzn.exe has 60 seconds left.
|
|t:|1776084836
|move|p2a: Hydrapple|Earth Power|p1a: Garganacl
|-damage|p1a: Garganacl|32/100
|move|p1a: Garganacl|Body Press|p2a: Hydrapple
|-damage|p2a: Hydrapple|28/100
|
|-heal|p1a: Garganacl|38/100|[from] item: Leftovers
|-damage|p2a: Hydrapple|16/100|[from] Salt Cure
|upkeep
|turn|36
|
|t:|1776084846
|switch|p2a: Zamazenta|Zamazenta|97/100
|switch|p1a: Meowscarada|Meowscarada, M|100/100
|
|-heal|p2a: Zamazenta|100/100|[from] item: Leftovers
|upkeep
|turn|37
|inactive|vzn.exe has 60 seconds left.
|
|t:|1776084855
|move|p1a: Meowscarada|U-turn|p2a: Zamazenta
|-start|p1a: Meowscarada|typechange|Bug|[from] ability: Protean
|-resisted|p2a: Zamazenta
|-crit|p2a: Zamazenta
|-damage|p2a: Zamazenta|83/100
|
|t:|1776084858
|switch|p1a: Garganacl|Garganacl, M, tera:Ghost|38/100|[from] U-turn
|move|p2a: Zamazenta|Crunch|p1a: Garganacl
|-supereffective|p1a: Garganacl
|-damage|p1a: Garganacl|17/100
|
|-heal|p2a: Zamazenta|89/100|[from] item: Leftovers
|-heal|p1a: Garganacl|23/100|[from] item: Leftovers
|upkeep
|turn|38
|
|t:|1776084867
|move|p2a: Zamazenta|Crunch|p1a: Garganacl
|-supereffective|p1a: Garganacl
|-damage|p1a: Garganacl|0 fnt
|faint|p1a: Garganacl
|
|-heal|p2a: Zamazenta|96/100|[from] item: Leftovers
|upkeep
|-message|Knotinger forfeited.
|
|win|vzn.exe
|raw|Knotinger's rating: 1482 &rarr; <strong>1461</strong><br />(-21 for losing)
|raw|vzn.exe's rating: 1469 &rarr; <strong>1490</strong><br />(+21 for winning)
|l|☆Knotinger
|player|p1|
