|html|<div class="broadcast-blue"><strong>[Gen 9] OU is currently suspecting Tera Blast! For information on how to participate check out the <a href="https://www.smogon.com/tools/suspects/view/200">suspect thread</a>.</strong></div>
|j|☆jorgeviera
|j|☆TAMMOHATER
|t:|1776046264
|gametype|singles
|player|p1|jorgeviera|102|1330
|player|p2|TAMMOHATER|firebreather|1405
|gen|9
|tier|[Gen 9] OU
|rated|
|rule|HP Percentage Mod: HP is shown in percentages
|rule|Endless Battle Clause: Forcing endless battles is banned
|rule|Species Clause: Limit one of each Pokémon
|rule|OHKO Clause: OHKO moves are banned
|rule|Evasion Items Clause: Evasion items are banned
|rule|Evasion Moves Clause: Evasion moves are banned
|rule|Evasion Abilities Clause: Evasion abilities are banned
|rule|Sleep Moves Clause: Sleep-inducing moves are banned
|clearpoke
|poke|p1|Zapdos|
|poke|p1|Incineroar, M|
|poke|p1|Politoed, F|
|poke|p1|Gliscor, M|
|poke|p1|Rillaboom, F|
|poke|p1|Corviknight, M|
|poke|p2|Ogerpon-Cornerstone, F|
|poke|p2|Hatterene, F|
|poke|p2|Pecharunt|
|poke|p2|Landorus-Therian, M|
|poke|p2|Kingambit, F|
|poke|p2|Latios, M|
|teampreview
|inactive|Battle timer is ON: inactive players will automatically lose when time's up. (requested by jorgeviera)
|
|t:|1776046286
|teamsize|p1|6
|teamsize|p2|6
|start
|switch|p1a: Incineroar|Incineroar, M|100/100
|switch|p2a: Hatterene|Hatterene, F|100/100
|-ability|p1a: Incineroar|Intimidate|boost
|-unboost|p2a: Hatterene|atk|1
|turn|1
|inactive|jorgeviera has 120 seconds left.
|
|t:|1776046330
|switch|p2a: Landorus|Landorus-Therian, M|100/100
|-ability|p2a: Landorus|Intimidate|boost
|-unboost|p1a: Incineroar|atk|1
|move|p1a: Incineroar|Knock Off|p2a: Landorus
|-damage|p2a: Landorus|80/100
|-damage|p1a: Incineroar|84/100|[from] item: Rocky Helmet|[of] p2a: Landorus
|-enditem|p2a: Landorus|Rocky Helmet|[from] move: Knock Off|[of] p1a: Incineroar
|
|upkeep
|turn|2
|
|t:|1776046339
|move|p2a: Landorus|Stealth Rock|p1a: Incineroar
|-sidestart|p1: jorgeviera|move: Stealth Rock
|move|p1a: Incineroar|U-turn|p2a: Landorus
|-resisted|p2a: Landorus
|-damage|p2a: Landorus|75/100
|inactive|jorgeviera has 120 seconds left.
|
|t:|1776046345
|switch|p1a: Gliscor|Gliscor, M|100/100|[from] U-turn
|-damage|p1a: Gliscor|88/100|[from] Stealth Rock
|
|-status|p1a: Gliscor|tox|[from] item: Toxic Orb
|upkeep
|turn|3
|
|t:|1776046349
|move|p1a: Gliscor|Toxic|p2a: Landorus
|-status|p2a: Landorus|tox
|move|p2a: Landorus|Taunt|p1a: Gliscor
|-start|p1a: Gliscor|move: Taunt
|
|-heal|p1a: Gliscor|100/100 tox|[from] ability: Poison Heal
|-damage|p2a: Landorus|69/100 tox|[from] psn
|upkeep
|turn|4
|
|t:|1776046355
|switch|p2a: Hatterene|Hatterene, F|100/100
|move|p1a: Gliscor|Facade|p2a: Hatterene
|-damage|p2a: Hatterene|60/100
|
|upkeep
|turn|5
|
|t:|1776046359
|move|p1a: Gliscor|Earthquake|p2a: Hatterene
|-damage|p2a: Hatterene|16/100
|move|p2a: Hatterene|Psychic Noise|p1a: Gliscor
|-damage|p1a: Gliscor|54/100 tox
|-start|p1a: Gliscor|move: Heal Block
|
|upkeep
|turn|6
|
|t:|1776046367
|move|p1a: Gliscor|Facade|p2a: Hatterene
|-damage|p2a: Hatterene|0 fnt
|faint|p2a: Hatterene
|
|-end|p1a: Gliscor|move: Taunt
|-end|p1a: Gliscor|move: Heal Block
|upkeep
|
|t:|1776046370
|switch|p2a: Ogerpon|Ogerpon-Cornerstone, F|100/100
|turn|7
|
|t:|1776046388
|switch|p1a: Incineroar|Incineroar, M|84/100
|-ability|p1a: Incineroar|Intimidate|boost
|-unboost|p2a: Ogerpon|atk|1
|move|p2a: Ogerpon|Ivy Cudgel|p1a: Incineroar|[anim] Ivy Cudgel Rock
|-supereffective|p1a: Incineroar
|-damage|p1a: Incineroar|6/100
|
|upkeep
|turn|8
|
|t:|1776046408
|switch|p2a: Landorus|Landorus-Therian, M|69/100 tox
|-ability|p2a: Landorus|Intimidate|boost
|-unboost|p1a: Incineroar|atk|1
|move|p1a: Incineroar|U-turn|p2a: Landorus
|-resisted|p2a: Landorus
|-damage|p2a: Landorus|64/100 tox
|
|t:|1776046411
|switch|p1a: Corviknight|Corviknight, M|100/100|[from] U-turn
|-damage|p1a: Corviknight|88/100|[from] Stealth Rock
|-ability|p1a: Corviknight|Pressure
|
|-damage|p2a: Landorus|58/100 tox|[from] psn
|upkeep
|turn|9
|
|t:|1776046415
|move|p2a: Landorus|Taunt|p1a: Corviknight
|-start|p1a: Corviknight|move: Taunt
|move|p1a: Corviknight|Iron Head|p2a: Landorus
|-damage|p2a: Landorus|30/100 tox
|
|-damage|p2a: Landorus|18/100 tox|[from] psn
|upkeep
|turn|10
|
|t:|1776046420
|move|p2a: Landorus|U-turn|p1a: Corviknight
|-resisted|p1a: Corviknight
|-damage|p1a: Corviknight|84/100
|-damage|p2a: Landorus|2/100 tox|[from] item: Rocky Helmet|[of] p1a: Corviknight
|
|t:|1776046422
|switch|p2a: Latios|Latios, M|100/100|[from] U-turn
|move|p1a: Corviknight|Iron Head|p2a: Latios
|-damage|p2a: Latios|59/100
|
|upkeep
|turn|11
|
|t:|1776046428
|move|p2a: Latios|Trick|p1a: Corviknight
|-activate|p2a: Latios|move: Trick|[of] p1a: Corviknight
|-item|p1a: Corviknight|Choice Scarf|[from] move: Trick
|-item|p2a: Latios|Rocky Helmet|[from] move: Trick
|move|p1a: Corviknight|Iron Head|p2a: Latios
|-damage|p2a: Latios|15/100
|-damage|p1a: Corviknight|67/100|[from] item: Rocky Helmet|[of] p2a: Latios
|
|-end|p1a: Corviknight|move: Taunt
|upkeep
|turn|12
|
|t:|1776046438
|switch|p2a: Pecharunt|Pecharunt|100/100
|move|p1a: Corviknight|Iron Head|p2a: Pecharunt
|-damage|p2a: Pecharunt|85/100
|
|upkeep
|turn|13
|
|t:|1776046442
|move|p1a: Corviknight|Iron Head|p2a: Pecharunt
|-damage|p2a: Pecharunt|71/100
|move|p2a: Pecharunt|Shadow Ball|p1a: Corviknight
|-damage|p1a: Corviknight|46/100
|
|upkeep
|turn|14
|
|t:|1776046447
|move|p1a: Corviknight|Iron Head|p2a: Pecharunt
|-damage|p2a: Pecharunt|55/100
|move|p2a: Pecharunt|Recover|p2a: Pecharunt
|-heal|p2a: Pecharunt|100/100
|
|upkeep
|turn|15
|
|t:|1776046450
|move|p1a: Corviknight|Iron Head|p2a: Pecharunt
|-damage|p2a: Pecharunt|85/100
|move|p2a: Pecharunt|Shadow Ball|p1a: Corviknight
|-damage|p1a: Corviknight|23/100
|
|upkeep
|turn|16
|
|t:|1776046456
|move|p1a: Corviknight|Iron Head|p2a: Pecharunt
|-damage|p2a: Pecharunt|69/100
|move|p2a: Pecharunt|Shadow Ball|p1a: Corviknight
|-damage|p1a: Corviknight|0 fnt
|faint|p1a: Corviknight
|
|upkeep
|inactive|jorgeviera has 120 seconds left.
|
|t:|1776046512
|switch|p1a: Politoed|Politoed, F|100/100
|-damage|p1a: Politoed|88/100|[from] Stealth Rock
|-weather|RainDance|[from] ability: Drizzle|[of] p1a: Politoed
|turn|17
|
|t:|1776046520
|switch|p2a: Landorus|Landorus-Therian, M|2/100 tox
|-ability|p2a: Landorus|Intimidate|boost
|-unboost|p1a: Politoed|atk|1
|move|p1a: Politoed|Weather Ball|p2a: Landorus
|-supereffective|p2a: Landorus
|-damage|p2a: Landorus|0 fnt
|faint|p2a: Landorus
|
|-weather|RainDance|[upkeep]
|upkeep
|
|t:|1776046526
|switch|p2a: Ogerpon|Ogerpon-Cornerstone, F|100/100
|turn|18
|inactive|jorgeviera has 90 seconds left.
|
|t:|1776046556
|move|p2a: Ogerpon|Power Whip|p1a: Politoed
|-supereffective|p1a: Politoed
|-damage|p1a: Politoed|0 fnt
|faint|p1a: Politoed
|
|-weather|RainDance|[upkeep]
|upkeep
|inactive|jorgeviera has 90 seconds left.
|
|t:|1776046563
|switch|p1a: Zapdos|Zapdos|100/100
|-damage|p1a: Zapdos|76/100|[from] Stealth Rock
|turn|19
|inactive|jorgeviera has 90 seconds left.
|
|t:|1776046585
|-terastallize|p2a: Ogerpon|Rock
|detailschange|p2a: Ogerpon|Ogerpon-Cornerstone-Tera, F, tera:Rock
|-ability|p2a: Ogerpon|Embody Aspect (Cornerstone)|boost
|-boost|p2a: Ogerpon|def|1
|move|p1a: Zapdos|Hurricane|p2a: Ogerpon
|-resisted|p2a: Ogerpon
|-damage|p2a: Ogerpon|64/100
|move|p2a: Ogerpon|Ivy Cudgel|p1a: Zapdos|[anim] Ivy Cudgel Rock
|-supereffective|p1a: Zapdos
|-damage|p1a: Zapdos|0 fnt
|faint|p1a: Zapdos
|
|-weather|RainDance|[upkeep]
|upkeep
|
|t:|1776046589
|switch|p1a: Rillaboom|Rillaboom, F|100/100
|-damage|p1a: Rillaboom|88/100|[from] Stealth Rock
|-fieldstart|move: Grassy Terrain|[from] ability: Grassy Surge|[of] p1a: Rillaboom
|turn|20
|
|t:|1776046595
|switch|p2a: Latios|Latios, M|15/100
|move|p1a: Rillaboom|Leech Seed|p2a: Latios
|-start|p2a: Latios|move: Leech Seed
|
|-weather|RainDance|[upkeep]
|-heal|p1a: Rillaboom|94/100|[from] Grassy Terrain
|-damage|p2a: Latios|3/100|[from] Leech Seed|[of] p1a: Rillaboom
|-heal|p1a: Rillaboom|100/100|[silent]
|upkeep
|turn|21
|inactive|jorgeviera has 90 seconds left.
|
|t:|1776046625
|switch|p2a: Pecharunt|Pecharunt|69/100
|move|p1a: Rillaboom|Grassy Glide|p2a: Pecharunt
|-resisted|p2a: Pecharunt
|-damage|p2a: Pecharunt|58/100
|
|-weather|RainDance|[upkeep]
|-heal|p2a: Pecharunt|64/100|[from] Grassy Terrain
|upkeep
|turn|22
|
|t:|1776046630
|switch|p1a: Incineroar|Incineroar, M|6/100
|-ability|p1a: Incineroar|Intimidate|boost
|-unboost|p2a: Pecharunt|atk|1
|move|p2a: Pecharunt|Recover|p2a: Pecharunt
|-heal|p2a: Pecharunt|100/100
|
|-weather|RainDance|[upkeep]
|-heal|p1a: Incineroar|12/100|[from] Grassy Terrain
|upkeep
|turn|23
|
|t:|1776046634
|switch|p2a: Latios|Latios, M|3/100
|move|p1a: Incineroar|Snarl|p2a: Latios
|-supereffective|p2a: Latios
|-damage|p2a: Latios|0 fnt
|faint|p2a: Latios
|
|-weather|RainDance|[upkeep]
|-heal|p1a: Incineroar|18/100|[from] Grassy Terrain
|upkeep
|
|t:|1776046643
|switch|p2a: Ogerpon|Ogerpon-Cornerstone-Tera, F, tera:Rock|64/100
|-ability|p2a: Ogerpon|Embody Aspect (Cornerstone)|boost
|-boost|p2a: Ogerpon|def|1
|turn|24
|inactive|jorgeviera has 90 seconds left.
|
|t:|1776046673
|move|p2a: Ogerpon|Ivy Cudgel|p1a: Incineroar|[anim] Ivy Cudgel Rock
|-supereffective|p1a: Incineroar
|-crit|p1a: Incineroar
|-damage|p1a: Incineroar|0 fnt
|faint|p1a: Incineroar
|
|-weather|none
|-heal|p2a: Ogerpon|70/100|[from] Grassy Terrain
|upkeep
|
|t:|1776046678
|switch|p1a: Rillaboom|Rillaboom, F|100/100
|-damage|p1a: Rillaboom|88/100|[from] Stealth Rock
|turn|25
|
|t:|1776046684
|switch|p2a: Pecharunt|Pecharunt|100/100
|move|p1a: Rillaboom|Grassy Glide|p2a: Pecharunt
|-resisted|p2a: Pecharunt
|-damage|p2a: Pecharunt|92/100
|
|-heal|p2a: Pecharunt|98/100|[from] Grassy Terrain
|-heal|p1a: Rillaboom|94/100|[from] Grassy Terrain
|upkeep
|turn|26
|
|t:|1776046697
|move|p2a: Pecharunt|Parting Shot|p1a: Rillaboom
|-unboost|p1a: Rillaboom|atk|1
|-unboost|p1a: Rillaboom|spa|1
|
|t:|1776046701
|switch|p2a: Kingambit|Kingambit, F|100/100|[from] Parting Shot
|-activate|p2a: Kingambit|ability: Supreme Overlord
|-start|p2a: Kingambit|fallen3|[silent]
|move|p1a: Rillaboom|Leech Seed|p2a: Kingambit|[miss]
|-miss|p1a: Rillaboom|p2a: Kingambit
|
|-heal|p1a: Rillaboom|100/100|[from] Grassy Terrain
|upkeep
|turn|27
|
|t:|1776046707
|move|p1a: Rillaboom|Leech Seed|p2a: Kingambit
|-start|p2a: Kingambit|move: Leech Seed
|move|p2a: Kingambit|Kowtow Cleave|p1a: Rillaboom
|-damage|p1a: Rillaboom|37/100
|
|-heal|p1a: Rillaboom|43/100|[from] Grassy Terrain
|-damage|p2a: Kingambit|88/100|[from] Leech Seed|[of] p1a: Rillaboom
|-heal|p1a: Rillaboom|53/100|[silent]
|-fieldend|move: Grassy Terrain
|upkeep
|turn|28
|
|t:|1776046712
|move|p1a: Rillaboom|Drain Punch|p2a: Kingambit
|-supereffective|p2a: Kingambit
|-damage|p2a: Kingambit|27/100
|-heal|p1a: Rillaboom|79/100|[from] drain|[of] p2a: Kingambit
|move|p2a: Kingambit|Kowtow Cleave|p1a: Rillaboom
|-damage|p1a: Rillaboom|15/100
|
|-heal|p2a: Kingambit|33/100|[from] item: Leftovers
|-damage|p2a: Kingambit|21/100|[from] Leech Seed|[of] p1a: Rillaboom
|-heal|p1a: Rillaboom|25/100|[silent]
|upkeep
|turn|29
|
|t:|1776046722
|move|p2a: Kingambit|Sucker Punch||[still]
|-fail|p2a: Kingambit
|move|p1a: Rillaboom|Bulk Up|p1a: Rillaboom
|-boost|p1a: Rillaboom|atk|1
|-boost|p1a: Rillaboom|def|1
|
|-heal|p2a: Kingambit|27/100|[from] item: Leftovers
|-damage|p2a: Kingambit|15/100|[from] Leech Seed|[of] p1a: Rillaboom
|-heal|p1a: Rillaboom|36/100|[silent]
|upkeep
|turn|30
|
|t:|1776046730
|-end|p2a: Kingambit|fallen3|[silent]
|switch|p2a: Pecharunt|Pecharunt|98/100
|move|p1a: Rillaboom|Drain Punch|p2a: Pecharunt
|-immune|p2a: Pecharunt
|
|upkeep
|turn|31
|
|t:|1776046736
|move|p2a: Pecharunt|Malignant Chain|p1a: Rillaboom
|-supereffective|p1a: Rillaboom
|-damage|p1a: Rillaboom|0 fnt
|faint|p1a: Rillaboom
|
|upkeep
|
|t:|1776046738
|switch|p1a: Gliscor|Gliscor, M|54/100 tox
|-damage|p1a: Gliscor|41/100 tox|[from] Stealth Rock
|turn|32
|
|t:|1776046743
|move|p1a: Gliscor|Earthquake|p2a: Pecharunt
|-supereffective|p2a: Pecharunt
|-damage|p2a: Pecharunt|60/100
|move|p2a: Pecharunt|Parting Shot|p1a: Gliscor
|-unboost|p1a: Gliscor|atk|1
|-unboost|p1a: Gliscor|spa|1
|
|t:|1776046748
|switch|p2a: Ogerpon|Ogerpon-Cornerstone-Tera, F, tera:Rock|70/100|[from] Parting Shot
|-ability|p2a: Ogerpon|Embody Aspect (Cornerstone)|boost
|-boost|p2a: Ogerpon|def|1
|
|-heal|p1a: Gliscor|54/100 tox|[from] ability: Poison Heal
|upkeep
|turn|33
|
|t:|1776046751
|move|p2a: Ogerpon|Ivy Cudgel|p1a: Gliscor|[anim] Ivy Cudgel Rock
|-damage|p1a: Gliscor|0 fnt
|faint|p1a: Gliscor
|
|win|TAMMOHATER
|raw|jorgeviera's rating: 1330 &rarr; <strong>1314</strong><br />(-16 for losing)
|raw|TAMMOHATER's rating: 1405 &rarr; <strong>1421</strong><br />(+16 for winning)
|l|☆jorgeviera
|player|p1|
|l|☆TAMMOHATER
|player|p2|
