|html|<div class="broadcast-blue"><strong>[Gen 9] OU is currently suspecting Tera Blast! For information on how to participate check out the <a href="https://www.smogon.com/tools/suspects/view/200">suspect thread</a>.</strong></div>
|j|☆40kQuaQrash
|j|☆magistermilitum420
|t:|1776270394
|gametype|singles
|player|p1|40kQuaQrash|265|1358
|player|p2|magistermilitum420|blue|1364
|gen|9
|tier|[Gen 9] OU
|rated|
|rule|HP Percentage Mod: HP is shown in percentages
|rule|Endless Battle Clause: Forcing endless battles is banned
|rule|Species Clause: Limit one of each Pokémon
|rule|OHKO Clause: OHKO moves are banned
|rule|Evasion Items Clause: Evasion items are banned
|rule|Evasion Moves Clause: Evasion moves are banned
|rule|Evasion Abilities Clause: Evasion abilities are banned
|rule|Sleep Moves Clause: Sleep-inducing moves are banned
|clearpoke
|poke|p1|Rillaboom, M|
|poke|p1|Chesnaught, F|
|poke|p1|Kingambit, F|
|poke|p1|Glimmora, F|
|poke|p1|Great Tusk|
|poke|p1|Hawlucha, F|
|poke|p2|Meowscarada, F|
|poke|p2|Great Tusk|
|poke|p2|Alomomola, F|
|poke|p2|Slowking-Galar, M|
|poke|p2|Iron Valiant|
|poke|p2|Heatran, F|
|teampreview
|
|t:|1776270410
|teamsize|p1|6
|teamsize|p2|6
|start
|switch|p1a: Rillaboom|Rillaboom, M|100/100
|switch|p2a: Mahad|Meowscarada, F, shiny|100/100
|-fieldstart|move: Grassy Terrain|[from] ability: Grassy Surge|[of] p1a: Rillaboom
|turn|1
|
|t:|1776270427
|switch|p1a: Kingambit|Kingambit, F|100/100
|-item|p1a: Kingambit|Air Balloon
|move|p2a: Mahad|U-turn|p1a: Kingambit
|-start|p2a: Mahad|typechange|Bug|[from] ability: Protean
|-damage|p1a: Kingambit|71/100
|-enditem|p1a: Kingambit|Air Balloon
|
|t:|1776270435
|switch|p2a: Barca|Great Tusk|100/100|[from] U-turn
|
|-heal|p1a: Kingambit|77/100|[from] Grassy Terrain
|upkeep
|turn|2
|
|t:|1776270446
|-end|p1a: Kingambit|fallenundefined|[silent]
|switch|p1a: Hawlucha|Hawlucha, F|100/100
|-enditem|p1a: Hawlucha|Grassy Seed
|-boost|p1a: Hawlucha|def|1|[from] item: Grassy Seed
|move|p2a: Barca|Stealth Rock|p1a: Hawlucha
|-sidestart|p1: 40kQuaQrash|move: Stealth Rock
|
|upkeep
|turn|3
|
|t:|1776270459
|-end|p2a: Barca|Protosynthesis|[silent]
|switch|p2a: Charybdis|Alomomola, F, shiny|100/100
|move|p1a: Hawlucha|Encore||[still]
|-fail|p1a: Hawlucha
|
|upkeep
|turn|4
|
|t:|1776270464
|move|p1a: Hawlucha|Swords Dance|p1a: Hawlucha
|-boost|p1a: Hawlucha|atk|2
|move|p2a: Charybdis|Scald|p1a: Hawlucha
|-damage|p1a: Hawlucha|82/100
|
|upkeep
|turn|5
|
|t:|1776270475
|move|p1a: Hawlucha|Swords Dance|p1a: Hawlucha
|-boost|p1a: Hawlucha|atk|2
|move|p2a: Charybdis|Scald|p1a: Hawlucha
|-damage|p1a: Hawlucha|63/100
|
|upkeep
|turn|6
|
|t:|1776270481
|move|p1a: Hawlucha|Acrobatics|p2a: Charybdis
|-damage|p2a: Charybdis|15/100
|-damage|p1a: Hawlucha|46/100|[from] item: Rocky Helmet|[of] p2a: Charybdis
|move|p2a: Charybdis|Scald|p1a: Hawlucha
|-damage|p1a: Hawlucha|27/100
|
|-heal|p2a: Charybdis|21/100|[from] Grassy Terrain
|upkeep
|turn|7
|
|t:|1776270499
|move|p1a: Hawlucha|Acrobatics|p2a: Charybdis
|-damage|p2a: Charybdis|0 fnt
|-damage|p1a: Hawlucha|11/100|[from] item: Rocky Helmet|[of] p2a: Charybdis
|faint|p2a: Charybdis
|
|upkeep
|
|t:|1776270506
|switch|p2a: Vulcanus|Heatran, F, shiny|100/100
|turn|8
|
|t:|1776270514
|switch|p2a: Mithridates|Slowking-Galar, M|100/100
|move|p1a: Hawlucha|Close Combat|p2a: Mithridates
|-resisted|p2a: Mithridates
|-damage|p2a: Mithridates|57/100
|-unboost|p1a: Hawlucha|def|1
|-unboost|p1a: Hawlucha|spd|1
|
|-heal|p2a: Mithridates|63/100|[from] Grassy Terrain
|-fieldend|move: Grassy Terrain
|upkeep
|turn|9
|
|t:|1776270532
|switch|p2a: Vulcanus|Heatran, F, shiny|100/100
|move|p1a: Hawlucha|Acrobatics|p2a: Vulcanus
|-resisted|p2a: Vulcanus
|-damage|p2a: Vulcanus|29/100
|
|upkeep
|turn|10
|
|t:|1776270559
|switch|p2a: Mithridates|Slowking-Galar, M|96/100
|move|p1a: Hawlucha|Close Combat|p2a: Mithridates
|-resisted|p2a: Mithridates
|-crit|p2a: Mithridates
|-damage|p2a: Mithridates|28/100
|-unboost|p1a: Hawlucha|def|1
|-unboost|p1a: Hawlucha|spd|1
|
|upkeep
|turn|11
|
|t:|1776270570
|move|p1a: Hawlucha|Acrobatics|p2a: Mithridates
|-damage|p2a: Mithridates|0 fnt
|faint|p2a: Mithridates
|
|upkeep
|
|t:|1776270574
|switch|p2a: Mahad|Meowscarada, F, shiny|100/100
|turn|12
|
|t:|1776270580
|move|p1a: Hawlucha|Acrobatics|p2a: Mahad
|-supereffective|p2a: Mahad
|-damage|p2a: Mahad|0 fnt
|faint|p2a: Mahad
|
|upkeep
|-message|magistermilitum420 forfeited.
|
|win|40kQuaQrash
|raw|40kQuaQrash's rating: 1358 &rarr; <strong>1378</strong><br />(+20 for winning)
|raw|magistermilitum420's rating: 1364 &rarr; <strong>1344</strong><br />(-20 for losing)
|l|☆magistermilitum420
|player|p2|
