|html|<div class="broadcast-blue"><strong>[Gen 9] OU is currently suspecting Tera Blast! For information on how to participate check out the <a href="https://www.smogon.com/tools/suspects/view/200">suspect thread</a>.</strong></div>
|j|‽DarkIsSleepy
|j|☆El Mirone
|t:|1776094561
|gametype|singles
|player|p1|DarkIsSleepy|ethan|1344
|player|p2|El Mirone|170|1279
|gen|9
|tier|[Gen 9] OU
|rated|
|rule|HP Percentage Mod: HP is shown in percentages
|rule|Endless Battle Clause: Forcing endless battles is banned
|rule|Species Clause: Limit one of each Pokémon
|rule|OHKO Clause: OHKO moves are banned
|rule|Evasion Items Clause: Evasion items are banned
|rule|Evasion Moves Clause: Evasion moves are banned
|rule|Evasion Abilities Clause: Evasion abilities are banned
|rule|Sleep Moves Clause: Sleep-inducing moves are banned
|clearpoke
|poke|p1|Tyranitar, F|
|poke|p1|Hydrapple, F|
|poke|p1|Enamorus, F|
|poke|p1|Garganacl, M|
|poke|p1|Excadrill, F|
|poke|p1|Alomomola, M|
|poke|p2|Excadrill, F|
|poke|p2|Kingambit, M|
|poke|p2|Corviknight, F|
|poke|p2|Landorus-Therian, M|
|poke|p2|Pecharunt|
|poke|p2|Tyranitar, F|
|teampreview
|
|t:|1776094571
|teamsize|p1|6
|teamsize|p2|6
|start
|switch|p1a: Hydrapple|Hydrapple, F|100/100
|switch|p2a: Tyranitar|Tyranitar, F|100/100
|-weather|Sandstorm|[from] ability: Sand Stream|[of] p2a: Tyranitar
|turn|1
|
|t:|1776094589
|switch|p1a: Alomomola|Alomomola, M|100/100
|move|p2a: Tyranitar|Stealth Rock|p1a: Alomomola
|-sidestart|p1: DarkIsSleepy|move: Stealth Rock
|
|-weather|Sandstorm|[upkeep]
|-damage|p1a: Alomomola|94/100|[from] Sandstorm
|upkeep
|turn|2
|
|t:|1776094599
|move|p2a: Tyranitar|Knock Off|p1a: Alomomola
|-damage|p1a: Alomomola|67/100
|-enditem|p1a: Alomomola|Assault Vest|[from] move: Knock Off|[of] p2a: Tyranitar
|move|p1a: Alomomola|Flip Turn|p2a: Tyranitar
|-supereffective|p2a: Tyranitar
|-damage|p2a: Tyranitar|75/100
|
|t:|1776094618
|switch|p1a: Garganacl|Garganacl, M|100/100|[from] Flip Turn
|-damage|p1a: Garganacl|88/100|[from] Stealth Rock
|
|-weather|Sandstorm|[upkeep]
|-heal|p1a: Garganacl|94/100|[from] item: Leftovers
|upkeep
|turn|3
|
|t:|1776094631
|switch|p2a: Excadrill|Excadrill, F|100/100
|-item|p2a: Excadrill|Air Balloon
|move|p1a: Garganacl|Iron Defense|p1a: Garganacl
|-boost|p1a: Garganacl|def|2
|
|-weather|Sandstorm|[upkeep]
|-heal|p1a: Garganacl|100/100|[from] item: Leftovers
|upkeep
|turn|4
|
|t:|1776094642
|move|p2a: Excadrill|Earthquake|p1a: Garganacl
|-supereffective|p1a: Garganacl
|-damage|p1a: Garganacl|67/100
|move|p1a: Garganacl|Iron Defense|p1a: Garganacl
|-boost|p1a: Garganacl|def|2
|
|-weather|Sandstorm|[upkeep]
|-heal|p1a: Garganacl|73/100|[from] item: Leftovers
|upkeep
|turn|5
|
|t:|1776094651
|-terastallize|p2a: Excadrill|Ghost
|move|p2a: Excadrill|Earthquake|p1a: Garganacl
|-supereffective|p1a: Garganacl
|-damage|p1a: Garganacl|50/100
|move|p1a: Garganacl|Body Press|p2a: Excadrill
|-immune|p2a: Excadrill
|
|-weather|Sandstorm|[upkeep]
|-heal|p1a: Garganacl|56/100|[from] item: Leftovers
|upkeep
|turn|6
|
|t:|1776094663
|move|p2a: Excadrill|Earthquake|p1a: Garganacl
|-supereffective|p1a: Garganacl
|-damage|p1a: Garganacl|33/100
|move|p1a: Garganacl|Iron Defense|p1a: Garganacl
|-boost|p1a: Garganacl|def|2
|
|-weather|Sandstorm|[upkeep]
|-heal|p1a: Garganacl|39/100|[from] item: Leftovers
|upkeep
|turn|7
|
|t:|1776094671
|move|p2a: Excadrill|Earthquake|p1a: Garganacl
|-supereffective|p1a: Garganacl
|-damage|p1a: Garganacl|23/100
|move|p1a: Garganacl|Recover|p1a: Garganacl
|-heal|p1a: Garganacl|73/100
|
|-weather|Sandstorm|[upkeep]
|-heal|p1a: Garganacl|79/100|[from] item: Leftovers
|upkeep
|turn|8
|
|t:|1776094688
|switch|p2a: Pecharunt|Pecharunt|100/100
|move|p1a: Garganacl|Salt Cure|p2a: Pecharunt
|-damage|p2a: Pecharunt|90/100
|-start|p2a: Pecharunt|Salt Cure
|
|-weather|none
|-heal|p1a: Garganacl|85/100|[from] item: Leftovers
|-damage|p2a: Pecharunt|78/100|[from] Salt Cure
|upkeep
|turn|9
|
|t:|1776094698
|move|p2a: Pecharunt|Nasty Plot|p2a: Pecharunt
|-boost|p2a: Pecharunt|spa|2
|move|p1a: Garganacl|Salt Cure|p2a: Pecharunt
|-damage|p2a: Pecharunt|68/100
|
|-heal|p1a: Garganacl|92/100|[from] item: Leftovers
|-damage|p2a: Pecharunt|56/100|[from] Salt Cure
|upkeep
|turn|10
|
|t:|1776094709
|move|p2a: Pecharunt|Nasty Plot|p2a: Pecharunt
|-boost|p2a: Pecharunt|spa|2
|move|p1a: Garganacl|Salt Cure|p2a: Pecharunt
|-damage|p2a: Pecharunt|45/100
|
|-heal|p1a: Garganacl|98/100|[from] item: Leftovers
|-damage|p2a: Pecharunt|33/100|[from] Salt Cure
|upkeep
|turn|11
|
|t:|1776094723
|switch|p1a: Alomomola|Alomomola, M|100/100
|-damage|p1a: Alomomola|88/100|[from] Stealth Rock
|move|p2a: Pecharunt|Shadow Ball|p1a: Alomomola
|-damage|p1a: Alomomola|9/100
|
|-damage|p2a: Pecharunt|21/100|[from] Salt Cure
|upkeep
|turn|12
|
|t:|1776094736
|switch|p1a: Tyranitar|Tyranitar, F|100/100
|-damage|p1a: Tyranitar|88/100|[from] Stealth Rock
|-weather|Sandstorm|[from] ability: Sand Stream|[of] p1a: Tyranitar
|move|p2a: Pecharunt|Recover|p2a: Pecharunt
|-heal|p2a: Pecharunt|71/100
|
|-weather|Sandstorm|[upkeep]
|-damage|p2a: Pecharunt|65/100|[from] Sandstorm
|-damage|p2a: Pecharunt|53/100|[from] Salt Cure
|upkeep
|turn|13
|
|t:|1776094749
|move|p2a: Pecharunt|Malignant Chain|p1a: Tyranitar
|-resisted|p1a: Tyranitar
|-damage|p1a: Tyranitar|49/100
|-status|p1a: Tyranitar|tox
|-start|p1a: Tyranitar|confusion|[from] ability: Poison Puppeteer|[of] p2a: Pecharunt
|-activate|p1a: Tyranitar|confusion
|-damage|p1a: Tyranitar|34/100 tox|[from] confusion
|
|-weather|Sandstorm|[upkeep]
|-damage|p2a: Pecharunt|47/100|[from] Sandstorm
|-damage|p1a: Tyranitar|27/100 tox|[from] psn
|-damage|p2a: Pecharunt|34/100|[from] Salt Cure
|upkeep
|turn|14
|
|t:|1776094763
|move|p2a: Pecharunt|Malignant Chain|p1a: Tyranitar
|-resisted|p1a: Tyranitar
|-damage|p1a: Tyranitar|0 fnt
|faint|p1a: Tyranitar
|
|-weather|Sandstorm|[upkeep]
|-damage|p2a: Pecharunt|28/100|[from] Sandstorm
|-damage|p2a: Pecharunt|16/100|[from] Salt Cure
|upkeep
|
|t:|1776094771
|switch|p1a: Excadrill|Excadrill, F|100/100
|-damage|p1a: Excadrill|97/100|[from] Stealth Rock
|-item|p1a: Excadrill|Air Balloon
|turn|15
|
|t:|1776094781
|move|p1a: Excadrill|Swords Dance|p1a: Excadrill
|-boost|p1a: Excadrill|atk|2
|move|p2a: Pecharunt|Shadow Ball|p1a: Excadrill
|-damage|p1a: Excadrill|0 fnt
|-enditem|p1a: Excadrill|Air Balloon
|faint|p1a: Excadrill
|
|-weather|Sandstorm|[upkeep]
|-damage|p2a: Pecharunt|10/100|[from] Sandstorm
|-damage|p2a: Pecharunt|0 fnt|[from] Salt Cure
|faint|p2a: Pecharunt
|upkeep
|
|t:|1776094797
|switch|p2a: Tyranitar|Tyranitar, F|75/100
|switch|p1a: Alomomola|Alomomola, M|43/100
|-damage|p1a: Alomomola|30/100|[from] Stealth Rock
|turn|16
|
|t:|1776094806
|move|p2a: Tyranitar|Knock Off|p1a: Alomomola
|-damage|p1a: Alomomola|11/100
|move|p1a: Alomomola|Scald|p2a: Tyranitar
|-supereffective|p2a: Tyranitar
|-damage|p2a: Tyranitar|63/100
|
|-weather|none
|upkeep
|turn|17
|
|t:|1776094815
|move|p2a: Tyranitar|Knock Off|p1a: Alomomola
|-damage|p1a: Alomomola|0 fnt
|faint|p1a: Alomomola
|
|upkeep
|
|t:|1776094858
|switch|p1a: Hydrapple|Hydrapple, F|100/100
|-damage|p1a: Hydrapple|88/100|[from] Stealth Rock
|turn|18
|
|t:|1776094865
|move|p2a: Tyranitar|Ice Beam|p1a: Hydrapple
|-supereffective|p1a: Hydrapple
|-damage|p1a: Hydrapple|11/100
|move|p1a: Hydrapple|Giga Drain|p2a: Tyranitar
|-supereffective|p2a: Tyranitar
|-damage|p2a: Tyranitar|28/100
|-heal|p1a: Hydrapple|28/100|[from] drain|[of] p2a: Tyranitar
|
|upkeep
|turn|19
|
|t:|1776094873
|move|p2a: Tyranitar|Ice Beam|p1a: Hydrapple
|-supereffective|p1a: Hydrapple
|-damage|p1a: Hydrapple|0 fnt
|faint|p1a: Hydrapple
|
|upkeep
|
|t:|1776094876
|switch|p1a: Garganacl|Garganacl, M|98/100
|-damage|p1a: Garganacl|85/100|[from] Stealth Rock
|turn|20
|
|t:|1776094883
|switch|p2a: Excadrill|Excadrill, F, tera:Ghost|100/100
|-item|p2a: Excadrill|Air Balloon
|move|p1a: Garganacl|Iron Defense|p1a: Garganacl
|-boost|p1a: Garganacl|def|2
|
|-heal|p1a: Garganacl|92/100|[from] item: Leftovers
|upkeep
|turn|21
|
|t:|1776094892
|move|p2a: Excadrill|Earthquake|p1a: Garganacl
|-supereffective|p1a: Garganacl
|-damage|p1a: Garganacl|57/100
|move|p1a: Garganacl|Iron Defense|p1a: Garganacl
|-boost|p1a: Garganacl|def|2
|
|-heal|p1a: Garganacl|64/100|[from] item: Leftovers
|upkeep
|turn|22
|
|t:|1776094901
|move|p2a: Excadrill|Earthquake|p1a: Garganacl
|-supereffective|p1a: Garganacl
|-damage|p1a: Garganacl|40/100
|move|p1a: Garganacl|Recover|p1a: Garganacl
|-heal|p1a: Garganacl|90/100
|
|-heal|p1a: Garganacl|96/100|[from] item: Leftovers
|upkeep
|turn|23
|
|t:|1776094913
|move|p2a: Excadrill|Swords Dance|p2a: Excadrill
|-boost|p2a: Excadrill|atk|2
|move|p1a: Garganacl|Iron Defense|p1a: Garganacl
|-boost|p1a: Garganacl|def|2
|
|-heal|p1a: Garganacl|100/100|[from] item: Leftovers
|upkeep
|turn|24
|
|t:|1776094921
|move|p2a: Excadrill|Swords Dance|p2a: Excadrill
|-boost|p2a: Excadrill|atk|2
|move|p1a: Garganacl|Salt Cure|p2a: Excadrill
|-damage|p2a: Excadrill|82/100
|-start|p2a: Excadrill|Salt Cure
|-enditem|p2a: Excadrill|Air Balloon
|
|-damage|p2a: Excadrill|69/100|[from] Salt Cure
|upkeep
|turn|25
|
|t:|1776094933
|move|p2a: Excadrill|Earthquake|p1a: Garganacl
|-supereffective|p1a: Garganacl
|-damage|p1a: Garganacl|50/100
|move|p1a: Garganacl|Salt Cure|p2a: Excadrill
|-damage|p2a: Excadrill|51/100
|
|-heal|p1a: Garganacl|56/100|[from] item: Leftovers
|-damage|p2a: Excadrill|39/100|[from] Salt Cure
|upkeep
|turn|26
|
|t:|1776094943
|move|p2a: Excadrill|Earthquake|p1a: Garganacl
|-supereffective|p1a: Garganacl
|-damage|p1a: Garganacl|1/100
|move|p1a: Garganacl|Recover|p1a: Garganacl
|-heal|p1a: Garganacl|51/100
|
|-heal|p1a: Garganacl|57/100|[from] item: Leftovers
|-damage|p2a: Excadrill|26/100|[from] Salt Cure
|upkeep
|turn|27
|
|t:|1776094953
|move|p2a: Excadrill|Earthquake|p1a: Garganacl
|-supereffective|p1a: Garganacl
|-damage|p1a: Garganacl|9/100
|move|p1a: Garganacl|Recover|p1a: Garganacl
|-heal|p1a: Garganacl|59/100
|
|-heal|p1a: Garganacl|66/100|[from] item: Leftovers
|-damage|p2a: Excadrill|14/100|[from] Salt Cure
|upkeep
|turn|28
|
|t:|1776094965
|move|p2a: Excadrill|Earthquake|p1a: Garganacl
|-supereffective|p1a: Garganacl
|-damage|p1a: Garganacl|12/100
|move|p1a: Garganacl|Recover|p1a: Garganacl
|-heal|p1a: Garganacl|62/100
|
|-heal|p1a: Garganacl|68/100|[from] item: Leftovers
|-damage|p2a: Excadrill|1/100|[from] Salt Cure
|upkeep
|turn|29
|
|t:|1776094975
|move|p2a: Excadrill|Earthquake|p1a: Garganacl
|-supereffective|p1a: Garganacl
|-damage|p1a: Garganacl|18/100
|move|p1a: Garganacl|Recover|p1a: Garganacl
|-heal|p1a: Garganacl|68/100
|
|-heal|p1a: Garganacl|74/100|[from] item: Leftovers
|-damage|p2a: Excadrill|0 fnt|[from] Salt Cure
|faint|p2a: Excadrill
|upkeep
|
|t:|1776094988
|switch|p2a: Tyranitar|Tyranitar, F|28/100
|-weather|Sandstorm|[from] ability: Sand Stream|[of] p2a: Tyranitar
|turn|30
|
|t:|1776094996
|move|p1a: Garganacl|Body Press|p2a: Tyranitar
|-supereffective|p2a: Tyranitar
|-damage|p2a: Tyranitar|0 fnt
|faint|p2a: Tyranitar
|
|-weather|Sandstorm|[upkeep]
|-heal|p1a: Garganacl|80/100|[from] item: Leftovers
|upkeep
|
|t:|1776095004
|switch|p2a: Landorus|Landorus-Therian, M|100/100
|-ability|p2a: Landorus|Intimidate|boost
|-unboost|p1a: Garganacl|atk|1
|turn|31
|
|t:|1776095009
|move|p2a: Landorus|Earthquake|p1a: Garganacl
|-supereffective|p1a: Garganacl
|-damage|p1a: Garganacl|62/100
|move|p1a: Garganacl|Body Press|p2a: Landorus
|-resisted|p2a: Landorus
|-damage|p2a: Landorus|41/100
|-damage|p1a: Garganacl|46/100|[from] item: Rocky Helmet|[of] p2a: Landorus
|
|-weather|Sandstorm|[upkeep]
|-heal|p1a: Garganacl|52/100|[from] item: Leftovers
|upkeep
|turn|32
|
|t:|1776095021
|move|p2a: Landorus|Earthquake|p1a: Garganacl
|-supereffective|p1a: Garganacl
|-damage|p1a: Garganacl|31/100
|move|p1a: Garganacl|Recover|p1a: Garganacl
|-heal|p1a: Garganacl|81/100
|
|-weather|Sandstorm|[upkeep]
|-heal|p1a: Garganacl|87/100|[from] item: Leftovers
|upkeep
|turn|33
|
|t:|1776095030
|move|p2a: Landorus|Earthquake|p1a: Garganacl
|-supereffective|p1a: Garganacl
|-damage|p1a: Garganacl|70/100
|move|p1a: Garganacl|Body Press|p2a: Landorus
|-resisted|p2a: Landorus
|-crit|p2a: Landorus
|-damage|p2a: Landorus|0 fnt
|-damage|p1a: Garganacl|54/100|[from] item: Rocky Helmet|[of] p2a: Landorus
|faint|p2a: Landorus
|
|-weather|Sandstorm|[upkeep]
|-heal|p1a: Garganacl|60/100|[from] item: Leftovers
|upkeep
|
|t:|1776095042
|switch|p2a: Corviknight|Corviknight, F|100/100
|-ability|p2a: Corviknight|Pressure
|turn|34
|
|t:|1776095055
|move|p2a: Corviknight|Iron Defense|p2a: Corviknight
|-boost|p2a: Corviknight|def|2
|move|p1a: Garganacl|Body Press|p2a: Corviknight
|-damage|p2a: Corviknight|72/100
|-damage|p1a: Garganacl|43/100|[from] item: Rocky Helmet|[of] p2a: Corviknight
|
|-weather|Sandstorm|[upkeep]
|-heal|p1a: Garganacl|50/100|[from] item: Leftovers
|upkeep
|turn|35
|
|t:|1776095065
|move|p2a: Corviknight|Iron Defense|p2a: Corviknight
|-boost|p2a: Corviknight|def|2
|move|p1a: Garganacl|Salt Cure|p2a: Corviknight
|-damage|p2a: Corviknight|70/100
|-start|p2a: Corviknight|Salt Cure
|
|-weather|Sandstorm|[upkeep]
|-heal|p1a: Garganacl|56/100|[from] item: Leftovers
|-damage|p2a: Corviknight|45/100|[from] Salt Cure
|upkeep
|turn|36
|
|t:|1776095075
|move|p2a: Corviknight|Iron Defense|p2a: Corviknight
|-boost|p2a: Corviknight|def|2
|move|p1a: Garganacl|Body Press|p2a: Corviknight
|-damage|p2a: Corviknight|32/100
|-damage|p1a: Garganacl|39/100|[from] item: Rocky Helmet|[of] p2a: Corviknight
|
|-weather|Sandstorm|[upkeep]
|-heal|p1a: Garganacl|45/100|[from] item: Leftovers
|-damage|p2a: Corviknight|7/100|[from] Salt Cure
|upkeep
|turn|37
|
|t:|1776095087
|move|p2a: Corviknight|Brave Bird|p1a: Garganacl
|-resisted|p1a: Garganacl
|-damage|p1a: Garganacl|42/100
|-damage|p2a: Corviknight|6/100|[from] Recoil
|move|p1a: Garganacl|Recover|p1a: Garganacl
|-heal|p1a: Garganacl|92/100
|
|-weather|none
|-heal|p1a: Garganacl|99/100|[from] item: Leftovers
|-damage|p2a: Corviknight|0 fnt|[from] Salt Cure
|faint|p2a: Corviknight
|upkeep
|
|t:|1776095099
|switch|p2a: Kingambit|Kingambit, M|100/100
|-activate|p2a: Kingambit|ability: Supreme Overlord
|-start|p2a: Kingambit|fallen5|[silent]
|turn|38
|
|t:|1776095108
|move|p2a: Kingambit|Kowtow Cleave|p1a: Garganacl
|-damage|p1a: Garganacl|84/100
|move|p1a: Garganacl|Body Press|p2a: Kingambit
|-supereffective|p2a: Kingambit
|-damage|p2a: Kingambit|0 fnt
|faint|p2a: Kingambit
|-end|p2a: Kingambit|fallen5|[silent]
|
|win|DarkIsSleepy
|raw|DarkIsSleepy's rating: 1344 &rarr; <strong>1360</strong><br />(+16 for winning)
|raw|El Mirone's rating: 1279 &rarr; <strong>1259</strong><br />(-20 for losing)
