|html|<div class="broadcast-blue"><strong>[Gen 9] OU is currently suspecting Tera Blast! For information on how to participate check out the <a href="https://www.smogon.com/tools/suspects/view/200">suspect thread</a>.</strong></div>
|j|☆LUBAMON
|j|☆ndoi
|t:|1776125464
|gametype|singles
|player|p1|LUBAMON|palmer|1097
|player|p2|ndoi|266|1146
|gen|9
|tier|[Gen 9] OU
|rated|
|rule|HP Percentage Mod: HP is shown in percentages
|rule|Endless Battle Clause: Forcing endless battles is banned
|rule|Species Clause: Limit one of each Pokémon
|rule|OHKO Clause: OHKO moves are banned
|rule|Evasion Items Clause: Evasion items are banned
|rule|Evasion Moves Clause: Evasion moves are banned
|rule|Evasion Abilities Clause: Evasion abilities are banned
|rule|Sleep Moves Clause: Sleep-inducing moves are banned
|clearpoke
|poke|p1|Metagross|
|poke|p1|Zapdos|
|poke|p1|Samurott-Hisui, F|
|poke|p1|Mienshao, F|
|poke|p1|Talonflame, M|
|poke|p1|Rillaboom, M|
|poke|p2|Kyurem|
|poke|p2|Ting-Lu|
|poke|p2|Gholdengo|
|poke|p2|Ogerpon-Wellspring, F|
|poke|p2|Great Tusk|
|poke|p2|Zamazenta-*|
|teampreview
|
|t:|1776125481
|teamsize|p1|6
|teamsize|p2|6
|start
|switch|p1a: Tom Cruise|Samurott-Hisui, F|100/100
|switch|p2a: Ting-Lu|Ting-Lu|100/100
|-ability|p2a: Ting-Lu|Vessel of Ruin
|turn|1
|
|t:|1776125507
|move|p1a: Tom Cruise|Razor Shell|p2a: Ting-Lu
|-supereffective|p2a: Ting-Lu
|-damage|p2a: Ting-Lu|42/100
|-unboost|p2a: Ting-Lu|def|1
|move|p2a: Ting-Lu|Stealth Rock|p1a: Tom Cruise
|-sidestart|p1: LUBAMON|move: Stealth Rock
|
|-heal|p2a: Ting-Lu|48/100|[from] item: Leftovers
|upkeep
|turn|2
|inactive|Battle timer is ON: inactive players will automatically lose when time's up. (requested by LUBAMON)
|
|t:|1776125546
|switch|p2a: Ogerpon|Ogerpon-Wellspring, F|100/100
|move|p1a: Tom Cruise|Ceaseless Edge|p2a: Ogerpon
|-damage|p2a: Ogerpon|40/100
|-sidestart|p2: ndoi|Spikes
|
|upkeep
|turn|3
|
|t:|1776125560
|move|p2a: Ogerpon|Horn Leech|p1a: Tom Cruise
|-supereffective|p1a: Tom Cruise
|-damage|p1a: Tom Cruise|7/100
|-heal|p2a: Ogerpon|99/100|[from] drain|[of] p1a: Tom Cruise
|move|p1a: Tom Cruise|Ceaseless Edge|p2a: Ogerpon
|-crit|p2a: Ogerpon
|-damage|p2a: Ogerpon|18/100
|-sidestart|p2: ndoi|Spikes
|
|upkeep
|turn|4
|
|t:|1776125582
|switch|p1a: nashville hot|Talonflame, M|100/100
|move|p2a: Ogerpon|Horn Leech|p1a: nashville hot
|-resisted|p1a: nashville hot
|-damage|p1a: nashville hot|91/100
|-heal|p2a: Ogerpon|24/100|[from] drain|[of] p1a: nashville hot
|
|upkeep
|turn|5
|
|t:|1776125591
|move|p2a: Ogerpon|Ivy Cudgel|p1a: nashville hot|[anim] Ivy Cudgel Water
|-supereffective|p1a: nashville hot
|-damage|p1a: nashville hot|0 fnt
|faint|p1a: nashville hot
|
|upkeep
|
|t:|1776125598
|switch|p1a: Pai Mei|Mienshao, F|100/100
|-damage|p1a: Pai Mei|95/100|[from] Stealth Rock
|turn|6
|
|t:|1776125610
|switch|p2a: Great Tusk|Great Tusk|100/100
|move|p1a: Pai Mei|Triple Axel|p2a: Great Tusk|[miss]
|-miss|p1a: Pai Mei|p2a: Great Tusk
|
|upkeep
|turn|7
|
|t:|1776125625
|move|p1a: Pai Mei|Triple Axel|p2a: Great Tusk
|-supereffective|p2a: Great Tusk
|-damage|p2a: Great Tusk|90/100
|-supereffective|p2a: Great Tusk
|-damage|p2a: Great Tusk|72/100
|-supereffective|p2a: Great Tusk
|-damage|p2a: Great Tusk|44/100
|-hitcount|p2a: Great Tusk|3
|move|p2a: Great Tusk|Rapid Spin|p1a: Pai Mei
|-damage|p1a: Pai Mei|63/100
|-boost|p2a: Great Tusk|spe|1
|-sideend|p2: ndoi|Spikes|[from] move: Rapid Spin|[of] p2a: Great Tusk
|
|upkeep
|turn|8
|
|t:|1776125640
|move|p2a: Great Tusk|Headlong Rush|p1a: Pai Mei
|-damage|p1a: Pai Mei|0 fnt
|-unboost|p2a: Great Tusk|def|1
|-unboost|p2a: Great Tusk|spd|1
|faint|p1a: Pai Mei
|
|upkeep
|
|t:|1776125649
|switch|p1a: Harambe|Rillaboom, M, shiny|100/100
|-damage|p1a: Harambe|88/100|[from] Stealth Rock
|-fieldstart|move: Grassy Terrain|[from] ability: Grassy Surge|[of] p1a: Harambe
|turn|9
|c|☆ndoi|you choice scarf
|c|☆ndoi|and not full speed
|c|☆ndoi|brother
|c|☆ndoi|get help
|
|t:|1776125677
|move|p2a: Great Tusk|Ice Spinner|p1a: Harambe
|-supereffective|p1a: Harambe
|-damage|p1a: Harambe|39/100
|-fieldend|move: Grassy Terrain
|move|p1a: Harambe|Wood Hammer|p2a: Great Tusk
|-supereffective|p2a: Great Tusk
|-damage|p2a: Great Tusk|0 fnt
|faint|p2a: Great Tusk
|-end|p2a: Great Tusk|Protosynthesis|[silent]
|-damage|p1a: Harambe|25/100|[from] Recoil
|
|upkeep
|
|t:|1776125680
|switch|p2a: Kyurem|Kyurem|100/100
|-ability|p2a: Kyurem|Pressure
|turn|10
|
|t:|1776125695
|move|p2a: Kyurem|Freeze-Dry|p1a: Harambe
|-supereffective|p1a: Harambe
|-damage|p1a: Harambe|0 fnt
|faint|p1a: Harambe
|
|upkeep
|
|t:|1776125707
|switch|p1a: Tom Cruise|Samurott-Hisui, F|7/100
|-damage|p1a: Tom Cruise|0 fnt|[from] Stealth Rock
|faint|p1a: Tom Cruise
|
|t:|1776125714
|switch|p1a: SSJ2|Zapdos|100/100
|turn|11
|
|t:|1776125728
|-terastallize|p1a: SSJ2|Fire
|move|p1a: SSJ2|Heat Wave|p2a: Kyurem
|-damage|p2a: Kyurem|57/100
|move|p2a: Kyurem|Freeze-Dry|p1a: SSJ2
|-resisted|p1a: SSJ2
|-damage|p1a: SSJ2|69/100
|
|upkeep
|turn|12
|
|t:|1776125740
|move|p1a: SSJ2|Hurricane|p2a: Kyurem|[miss]
|-miss|p1a: SSJ2|p2a: Kyurem
|move|p2a: Kyurem|Freeze-Dry|p1a: SSJ2
|-resisted|p1a: SSJ2
|-damage|p1a: SSJ2|36/100
|
|upkeep
|turn|13
|
|t:|1776125747
|move|p1a: SSJ2|Hurricane|p2a: Kyurem
|-damage|p2a: Kyurem|2/100
|-start|p2a: Kyurem|confusion
|-activate|p2a: Kyurem|confusion
|move|p2a: Kyurem|Freeze-Dry|p1a: SSJ2
|-resisted|p1a: SSJ2
|-damage|p1a: SSJ2|2/100
|-status|p1a: SSJ2|frz
|
|upkeep
|turn|14
|
|t:|1776125756
|cant|p1a: SSJ2|frz
|-activate|p2a: Kyurem|confusion
|move|p2a: Kyurem|Freeze-Dry|p1a: SSJ2
|-resisted|p1a: SSJ2
|-damage|p1a: SSJ2|0 fnt
|faint|p1a: SSJ2
|
|upkeep
|
|t:|1776125765
|switch|p1a: Zuckerberg|Metagross|100/100
|-damage|p1a: Zuckerberg|94/100|[from] Stealth Rock
|turn|15
|c|☆ndoi|explosion
|c|☆ndoi|do it
|
|t:|1776125777
|-end|p2a: Kyurem|confusion
|move|p2a: Kyurem|Freeze-Dry|p1a: Zuckerberg
|-resisted|p1a: Zuckerberg
|-crit|p1a: Zuckerberg
|-damage|p1a: Zuckerberg|55/100
|-status|p1a: Zuckerberg|frz
|cant|p1a: Zuckerberg|frz
|
|-heal|p1a: Zuckerberg|61/100 frz|[from] item: Leftovers
|upkeep
|turn|16
|-message|LUBAMON forfeited.
|
|win|ndoi
|raw|LUBAMON's rating: 1097 &rarr; <strong>1076</strong><br />(-21 for losing)
|raw|ndoi's rating: 1146 &rarr; <strong>1167</strong><br />(+21 for winning)
|l|☆LUBAMON
|player|p1|
