|html|<div class="broadcast-blue"><strong>[Gen 9] OU is currently suspecting Tera Blast! For information on how to participate check out the <a href="https://www.smogon.com/tools/suspects/view/200">suspect thread</a>.</strong></div>
|j|☆miru-redflere
|j|☆fyeuududd
|t:|1776095993
|gametype|singles
|player|p1|miru-redflere|ash|1093
|player|p2|fyeuududd|pokekid|1110
|gen|9
|tier|[Gen 9] OU
|rated|
|rule|HP Percentage Mod: HP is shown in percentages
|rule|Endless Battle Clause: Forcing endless battles is banned
|rule|Species Clause: Limit one of each Pokémon
|rule|OHKO Clause: OHKO moves are banned
|rule|Evasion Items Clause: Evasion items are banned
|rule|Evasion Moves Clause: Evasion moves are banned
|rule|Evasion Abilities Clause: Evasion abilities are banned
|rule|Sleep Moves Clause: Sleep-inducing moves are banned
|clearpoke
|poke|p1|Meowscarada, F|
|poke|p1|Raging Bolt|
|poke|p1|Blaziken, M|
|poke|p1|Iron Valiant|
|poke|p1|Dragapult, F|
|poke|p1|Deoxys-Speed|
|poke|p2|Gyarados, F|
|poke|p2|Garchomp, F|
|poke|p2|Zapdos|
|poke|p2|Metagross|
|poke|p2|Froslass, F|
|poke|p2|Clefable, M|
|teampreview
|inactive|Battle timer is ON: inactive players will automatically lose when time's up. (requested by miru-redflere)
|inactive|fyeuududd has 120 seconds left.
|
|t:|1776096033
|teamsize|p1|6
|teamsize|p2|6
|start
|switch|p1a: But i'm more speed|Deoxys-Speed, shiny|100/100
|switch|p2a: Clefable|Clefable, M|100/100
|-ability|p1a: But i'm more speed|Pressure
|turn|1
|
|t:|1776096053
|move|p1a: But i'm more speed|Flash Cannon|p2a: Clefable
|-supereffective|p2a: Clefable
|-damage|p2a: Clefable|58/100
|move|p2a: Clefable|Stealth Rock|p1a: But i'm more speed
|-sidestart|p1: miru-redflere|move: Stealth Rock
|
|-heal|p2a: Clefable|64/100|[from] item: Leftovers
|upkeep
|turn|2
|
|t:|1776096068
|move|p1a: But i'm more speed|Psycho Boost|p2a: Clefable
|-damage|p2a: Clefable|17/100
|-unboost|p1a: But i'm more speed|spa|2
|move|p2a: Clefable|Moonblast|p1a: But i'm more speed
|-damage|p1a: But i'm more speed|47/100
|-unboost|p1a: But i'm more speed|spa|1
|
|-heal|p2a: Clefable|23/100|[from] item: Leftovers
|upkeep
|turn|3
|
|t:|1776096080
|move|p1a: But i'm more speed|Flash Cannon|p2a: Clefable
|-supereffective|p2a: Clefable
|-damage|p2a: Clefable|8/100
|move|p2a: Clefable|Moonblast|p1a: But i'm more speed
|-damage|p1a: But i'm more speed|0 fnt
|faint|p1a: But i'm more speed
|
|-heal|p2a: Clefable|14/100|[from] item: Leftovers
|upkeep
|
|t:|1776096091
|switch|p1a: BURN AN ORRRR|Blaziken, M, shiny|100/100
|-damage|p1a: BURN AN ORRRR|88/100|[from] Stealth Rock
|turn|4
|
|t:|1776096097
|move|p1a: BURN AN ORRRR|Protect|p1a: BURN AN ORRRR
|-singleturn|p1a: BURN AN ORRRR|Protect
|move|p2a: Clefable|Wish|p2a: Clefable
|
|-heal|p2a: Clefable|20/100|[from] item: Leftovers
|-ability|p1a: BURN AN ORRRR|Speed Boost|boost
|-boost|p1a: BURN AN ORRRR|spe|1
|upkeep
|turn|5
|
|t:|1776096109
|move|p1a: BURN AN ORRRR|Flamethrower|p2a: Clefable
|-damage|p2a: Clefable|0 fnt
|faint|p2a: Clefable
|
|-ability|p1a: BURN AN ORRRR|Speed Boost|boost
|-boost|p1a: BURN AN ORRRR|spe|1
|upkeep
|
|t:|1776096116
|switch|p2a: Gyarados|Gyarados, F|100/100
|turn|6
|
|t:|1776096124
|-terastallize|p1a: BURN AN ORRRR|Water
|move|p1a: BURN AN ORRRR|Protect|p1a: BURN AN ORRRR
|-singleturn|p1a: BURN AN ORRRR|Protect
|move|p2a: Gyarados|Waterfall|p1a: BURN AN ORRRR
|-activate|p1a: BURN AN ORRRR|move: Protect
|
|-ability|p1a: BURN AN ORRRR|Speed Boost|boost
|-boost|p1a: BURN AN ORRRR|spe|1
|upkeep
|turn|7
|
|t:|1776096137
|switch|p2a: Zapdos|Zapdos|100/100
|move|p1a: BURN AN ORRRR|Close Combat|p2a: Zapdos
|-resisted|p2a: Zapdos
|-damage|p2a: Zapdos|63/100
|-unboost|p1a: BURN AN ORRRR|def|1
|-unboost|p1a: BURN AN ORRRR|spd|1
|
|-ability|p1a: BURN AN ORRRR|Speed Boost|boost
|-boost|p1a: BURN AN ORRRR|spe|1
|upkeep
|turn|8
|
|t:|1776096148
|move|p1a: BURN AN ORRRR|U-turn|p2a: Zapdos
|-resisted|p2a: Zapdos
|-damage|p2a: Zapdos|48/100
|-status|p1a: BURN AN ORRRR|par|[from] ability: Static|[of] p2a: Zapdos
|
|t:|1776096154
|switch|p1a: Raging Bolt|Raging Bolt|100/100|[from] U-turn
|-damage|p1a: Raging Bolt|88/100|[from] Stealth Rock
|move|p2a: Zapdos|Volt Switch|p1a: Raging Bolt
|-resisted|p1a: Raging Bolt
|-damage|p1a: Raging Bolt|78/100
|
|t:|1776096165
|switch|p2a: Garchomp|Garchomp, F|100/100|[from] Volt Switch
|
|upkeep
|turn|9
|
|t:|1776096172
|-terastallize|p2a: Garchomp|Ground
|move|p1a: Raging Bolt|Draco Meteor|p2a: Garchomp
|-damage|p2a: Garchomp|19/100
|-unboost|p1a: Raging Bolt|spa|2
|move|p2a: Garchomp|Earthquake|p1a: Raging Bolt
|-supereffective|p1a: Raging Bolt
|-damage|p1a: Raging Bolt|0 fnt
|faint|p1a: Raging Bolt
|-end|p1a: Raging Bolt|Protosynthesis|[silent]
|
|upkeep
|
|t:|1776096183
|switch|p1a: Miaou-reflere 😸|Meowscarada, F, shiny|100/100
|-damage|p1a: Miaou-reflere 😸|88/100|[from] Stealth Rock
|turn|10
|inactive|fyeuududd has 120 seconds left.
|
|t:|1776096215
|move|p1a: Miaou-reflere 😸|Knock Off|p2a: Garchomp
|-start|p1a: Miaou-reflere 😸|typechange|Dark|[from] ability: Protean
|-damage|p2a: Garchomp|0 fnt
|-damage|p1a: Miaou-reflere 😸|76/100|[from] ability: Rough Skin|[of] p2a: Garchomp
|-enditem|p2a: Garchomp|Expert Belt|[from] move: Knock Off|[of] p1a: Miaou-reflere 😸
|faint|p2a: Garchomp
|
|upkeep
|inactive|fyeuududd has 120 seconds left.
|
|t:|1776096223
|switch|p2a: Zapdos|Zapdos|48/100
|turn|11
|
|t:|1776096230
|move|p1a: Miaou-reflere 😸|Knock Off|p2a: Zapdos
|-damage|p2a: Zapdos|0 fnt
|-enditem|p2a: Zapdos|Magnet|[from] move: Knock Off|[of] p1a: Miaou-reflere 😸
|faint|p2a: Zapdos
|
|upkeep
|
|t:|1776096233
|switch|p2a: Froslass|Froslass, F|100/100
|turn|12
|
|t:|1776096237
|move|p1a: Miaou-reflere 😸|Knock Off|p2a: Froslass
|-supereffective|p2a: Froslass
|-damage|p2a: Froslass|0 fnt
|-enditem|p2a: Froslass|Never-Melt Ice|[from] move: Knock Off|[of] p1a: Miaou-reflere 😸
|faint|p2a: Froslass
|
|upkeep
|
|t:|1776096240
|switch|p2a: Gyarados|Gyarados, F|100/100
|turn|13
|
|t:|1776096246
|move|p1a: Miaou-reflere 😸|Knock Off|p2a: Gyarados
|-damage|p2a: Gyarados|37/100
|-enditem|p2a: Gyarados|Leftovers|[from] move: Knock Off|[of] p1a: Miaou-reflere 😸
|move|p2a: Gyarados|Waterfall|p1a: Miaou-reflere 😸
|-damage|p1a: Miaou-reflere 😸|8/100
|
|upkeep
|turn|14
|
|t:|1776096256
|move|p1a: Miaou-reflere 😸|Flower Trick|p2a: Gyarados
|-crit|p2a: Gyarados
|-damage|p2a: Gyarados|0 fnt
|faint|p2a: Gyarados
|
|upkeep
|
|t:|1776096260
|switch|p2a: Metagross|Metagross|100/100
|-item|p2a: Metagross|Air Balloon
|turn|15
|
|t:|1776096262
|move|p1a: Miaou-reflere 😸|Knock Off|p2a: Metagross
|-supereffective|p2a: Metagross
|-damage|p2a: Metagross|20/100
|-enditem|p2a: Metagross|Air Balloon
|move|p2a: Metagross|Brick Break|p1a: Miaou-reflere 😸
|-supereffective|p1a: Miaou-reflere 😸
|-damage|p1a: Miaou-reflere 😸|0 fnt
|faint|p1a: Miaou-reflere 😸
|
|upkeep
|
|t:|1776096270
|switch|p1a: Not valiant|Iron Valiant, shiny|100/100
|-damage|p1a: Not valiant|94/100|[from] Stealth Rock
|turn|16
|
|t:|1776096282
|move|p1a: Not valiant|Close Combat|p2a: Metagross
|-damage|p2a: Metagross|0 fnt
|-unboost|p1a: Not valiant|def|1
|-unboost|p1a: Not valiant|spd|1
|faint|p2a: Metagross
|
|win|miru-redflere
|raw|miru-redflere's rating: 1093 &rarr; <strong>1120</strong><br />(+27 for winning)
|raw|fyeuududd's rating: 1110 &rarr; <strong>1084</strong><br />(-26 for losing)
|l|☆fyeuududd
|player|p2|
