|html|<div class="broadcast-blue"><strong>[Gen 9] OU is currently suspecting Tera Blast! For information on how to participate check out the <a href="https://www.smogon.com/tools/suspects/view/200">suspect thread</a>.</strong></div>
|j|☆californoob
|j|☆vzn.exe
|t:|1776079057
|gametype|singles
|player|p1|californoob|miku-flying|1337
|player|p2|vzn.exe|lusamine-nihilego|1382
|gen|9
|tier|[Gen 9] OU
|rated|
|rule|HP Percentage Mod: HP is shown in percentages
|rule|Endless Battle Clause: Forcing endless battles is banned
|rule|Species Clause: Limit one of each Pokémon
|rule|OHKO Clause: OHKO moves are banned
|rule|Evasion Items Clause: Evasion items are banned
|rule|Evasion Moves Clause: Evasion moves are banned
|rule|Evasion Abilities Clause: Evasion abilities are banned
|rule|Sleep Moves Clause: Sleep-inducing moves are banned
|clearpoke
|poke|p1|Toxapex, M|
|poke|p1|Gliscor, M|
|poke|p1|Blissey, F|
|poke|p1|Dondozo, F|
|poke|p1|Moltres|
|poke|p1|Cresselia, F|
|poke|p2|Zamazenta-*|
|poke|p2|Kyurem|
|poke|p2|Iron Treads|
|poke|p2|Tornadus-Therian, M|
|poke|p2|Pecharunt|
|poke|p2|Ting-Lu|
|teampreview
|
|t:|1776079075
|teamsize|p1|6
|teamsize|p2|6
|start
|switch|p1a: Gliscor|Gliscor, M|100/100
|switch|p2a: Kyurem|Kyurem|100/100
|-ability|p2a: Kyurem|Pressure
|turn|1
|inactive|Battle timer is ON: inactive players will automatically lose when time's up. (requested by vzn.exe)
|
|t:|1776079092
|move|p1a: Gliscor|Protect|p1a: Gliscor
|-singleturn|p1a: Gliscor|Protect
|move|p2a: Kyurem|Freeze-Dry|p1a: Gliscor
|-activate|p1a: Gliscor|move: Protect
|
|-status|p1a: Gliscor|tox|[from] item: Toxic Orb
|upkeep
|turn|2
|
|t:|1776079109
|switch|p1a: Moltres|Moltres|100/100
|move|p2a: Kyurem|Freeze-Dry|p1a: Moltres
|-damage|p1a: Moltres|60/100
|
|upkeep
|turn|3
|
|t:|1776079127
|move|p2a: Kyurem|Ice Beam|p1a: Moltres
|-damage|p1a: Moltres|13/100
|-status|p1a: Moltres|frz
|cant|p1a: Moltres|frz
|
|upkeep
|turn|4
|
|t:|1776079145
|move|p2a: Kyurem|Ice Beam|p1a: Moltres
|-damage|p1a: Moltres|0 fnt
|faint|p1a: Moltres
|
|upkeep
|
|t:|1776079147
|switch|p1a: Cresselia|Cresselia, F|100/100
|turn|5
|
|t:|1776079165
|switch|p2a: Iron Treads|Iron Treads|100/100
|move|p1a: Cresselia|Calm Mind|p1a: Cresselia
|-boost|p1a: Cresselia|spa|1
|-boost|p1a: Cresselia|spd|1
|
|upkeep
|turn|6
|inactive|vzn.exe has 120 seconds left.
|
|t:|1776079182
|-terastallize|p1a: Cresselia|Steel
|move|p2a: Iron Treads|Stealth Rock|p1a: Cresselia
|-sidestart|p1: californoob|move: Stealth Rock
|move|p1a: Cresselia|Calm Mind|p1a: Cresselia
|-boost|p1a: Cresselia|spa|1
|-boost|p1a: Cresselia|spd|1
|
|upkeep
|turn|7
|inactive|vzn.exe has 120 seconds left.
|
|t:|1776079199
|-end|p2a: Iron Treads|Quark Drive|[silent]
|switch|p2a: Ting-Lu|Ting-Lu|100/100
|-ability|p2a: Ting-Lu|Vessel of Ruin
|move|p1a: Cresselia|Calm Mind|p1a: Cresselia
|-boost|p1a: Cresselia|spa|1
|-boost|p1a: Cresselia|spd|1
|
|upkeep
|turn|8
|inactive|vzn.exe has 120 seconds left.
|
|t:|1776079216
|move|p1a: Cresselia|Moonblast|p2a: Ting-Lu
|-supereffective|p2a: Ting-Lu
|-damage|p2a: Ting-Lu|58/100
|move|p2a: Ting-Lu|Ruination|p1a: Cresselia
|-damage|p1a: Cresselia|50/100
|
|-heal|p2a: Ting-Lu|64/100|[from] item: Leftovers
|upkeep
|turn|9
|
|t:|1776079234
|move|p1a: Cresselia|Moonblast|p2a: Ting-Lu
|-supereffective|p2a: Ting-Lu
|-damage|p2a: Ting-Lu|24/100
|move|p2a: Ting-Lu|Whirlwind|p1a: Cresselia
|drag|p1a: Gliscor|Gliscor, M|100/100 tox
|-damage|p1a: Gliscor|88/100 tox|[from] Stealth Rock
|
|-heal|p2a: Ting-Lu|30/100|[from] item: Leftovers
|-heal|p1a: Gliscor|100/100 tox|[from] ability: Poison Heal
|upkeep
|turn|10
|
|t:|1776079251
|move|p1a: Gliscor|Spikes|p2a: Ting-Lu
|-sidestart|p2: vzn.exe|Spikes
|move|p2a: Ting-Lu|Ruination|p1a: Gliscor
|-damage|p1a: Gliscor|50/100 tox
|
|-heal|p2a: Ting-Lu|36/100|[from] item: Leftovers
|-heal|p1a: Gliscor|63/100 tox|[from] ability: Poison Heal
|upkeep
|turn|11
|
|t:|1776079269
|move|p1a: Gliscor|Spikes|p2a: Ting-Lu
|-sidestart|p2: vzn.exe|Spikes
|move|p2a: Ting-Lu|Whirlwind|p1a: Gliscor
|drag|p1a: Dondozo|Dondozo, F|100/100
|
|-heal|p2a: Ting-Lu|43/100|[from] item: Leftovers
|upkeep
|turn|12
|inactive|vzn.exe has 90 seconds left.
|
|t:|1776079286
|move|p2a: Ting-Lu|Ruination|p1a: Dondozo
|-damage|p1a: Dondozo|50/100
|move|p1a: Dondozo|Body Press|p2a: Ting-Lu
|-supereffective|p2a: Ting-Lu
|-crit|p2a: Ting-Lu
|-damage|p2a: Ting-Lu|1/100
|
|-heal|p2a: Ting-Lu|7/100|[from] item: Leftovers
|upkeep
|turn|13
|inactive|vzn.exe has 90 seconds left.
|
|t:|1776079306
|move|p2a: Ting-Lu|Ruination|p1a: Dondozo
|-damage|p1a: Dondozo|25/100
|move|p1a: Dondozo|Body Press|p2a: Ting-Lu
|-supereffective|p2a: Ting-Lu
|-damage|p2a: Ting-Lu|0 fnt
|faint|p2a: Ting-Lu
|
|upkeep
|
|t:|1776079324
|switch|p2a: Tornadus|Tornadus-Therian, M|100/100
|turn|14
|
|t:|1776079341
|move|p2a: Tornadus|Bleakwind Storm|p1a: Dondozo
|-crit|p1a: Dondozo
|-damage|p1a: Dondozo|0 fnt
|faint|p1a: Dondozo
|
|upkeep
|
|t:|1776079345
|switch|p1a: Toxapex|Toxapex, M|100/100
|turn|15
|
|t:|1776079362
|move|p2a: Tornadus|Taunt|p1a: Toxapex
|-start|p1a: Toxapex|move: Taunt
|cant|p1a: Toxapex|move: Taunt|Toxic Spikes
|
|upkeep
|turn|16
|
|t:|1776079379
|move|p2a: Tornadus|Nasty Plot|p2a: Tornadus
|-boost|p2a: Tornadus|spa|2
|move|p1a: Toxapex|Poison Jab|p2a: Tornadus
|-damage|p2a: Tornadus|79/100
|
|upkeep
|turn|17
|inactive|vzn.exe has 60 seconds left.
|
|t:|1776079397
|switch|p2a: Iron Treads|Iron Treads|100/100
|-damage|p2a: Iron Treads|84/100|[from] Spikes
|move|p1a: Toxapex|Poison Jab|p2a: Iron Treads
|-immune|p2a: Iron Treads
|
|-heal|p2a: Iron Treads|90/100|[from] item: Leftovers
|-end|p1a: Toxapex|move: Taunt
|upkeep
|turn|18
|inactive|vzn.exe has 60 seconds left.
|
|t:|1776079414
|switch|p1a: Gliscor|Gliscor, M|63/100 tox
|-damage|p1a: Gliscor|50/100 tox|[from] Stealth Rock
|move|p2a: Iron Treads|Rapid Spin|p1a: Gliscor
|-damage|p1a: Gliscor|41/100 tox
|-boost|p2a: Iron Treads|spe|1
|-sideend|p2: vzn.exe|Spikes|[from] move: Rapid Spin|[of] p2a: Iron Treads
|
|-heal|p2a: Iron Treads|96/100|[from] item: Leftovers
|-heal|p1a: Gliscor|54/100 tox|[from] ability: Poison Heal
|upkeep
|turn|19
|inactive|vzn.exe has 60 seconds left.
|
|t:|1776079432
|-end|p2a: Iron Treads|Quark Drive|[silent]
|switch|p2a: Kyurem|Kyurem|100/100
|-ability|p2a: Kyurem|Pressure
|move|p1a: Gliscor|Protect||[still]
|-fail|p1a: Gliscor
|
|-heal|p1a: Gliscor|66/100 tox|[from] ability: Poison Heal
|upkeep
|turn|20
|
|t:|1776079449
|move|p1a: Gliscor|Protect|p1a: Gliscor
|-singleturn|p1a: Gliscor|Protect
|move|p2a: Kyurem|Freeze-Dry|p1a: Gliscor
|-activate|p1a: Gliscor|move: Protect
|
|-heal|p1a: Gliscor|79/100 tox|[from] ability: Poison Heal
|upkeep
|turn|21
|
|t:|1776079458
|switch|p1a: Blissey|Blissey, F|100/100
|move|p2a: Kyurem|Body Press|p1a: Blissey
|-supereffective|p1a: Blissey
|-damage|p1a: Blissey|14/100
|
|upkeep
|turn|22
|-message|californoob forfeited.
|
|win|vzn.exe
|raw|californoob's rating: 1337 &rarr; <strong>1320</strong><br />(-17 for losing)
|raw|vzn.exe's rating: 1382 &rarr; <strong>1399</strong><br />(+17 for winning)
|l|☆californoob
|player|p1|
