|html|<div class="broadcast-blue"><strong>[Gen 9] OU is currently suspecting Tera Blast! For information on how to participate check out the <a href="https://www.smogon.com/tools/suspects/view/200">suspect thread</a>.</strong></div>
|j|☆Leyendazul10
|j|☆yazloed
|t:|1776063408
|gametype|singles
|player|p1|Leyendazul10|unknown|1122
|player|p2|yazloed|169|1158
|gen|9
|tier|[Gen 9] OU
|rated|
|rule|HP Percentage Mod: HP is shown in percentages
|rule|Endless Battle Clause: Forcing endless battles is banned
|rule|Species Clause: Limit one of each Pokémon
|rule|OHKO Clause: OHKO moves are banned
|rule|Evasion Items Clause: Evasion items are banned
|rule|Evasion Moves Clause: Evasion moves are banned
|rule|Evasion Abilities Clause: Evasion abilities are banned
|rule|Sleep Moves Clause: Sleep-inducing moves are banned
|clearpoke
|poke|p1|Kingambit, F|
|poke|p1|Glimmora, F|
|poke|p1|Iron Valiant|
|poke|p1|Iron Moth|
|poke|p1|Zamazenta-*|
|poke|p1|Bastiodon, M|
|poke|p2|Crawdaunt, M|
|poke|p2|Venusaur, M|
|poke|p2|Rotom-Wash|
|poke|p2|Torkoal, F|
|poke|p2|Garchomp, M|
|poke|p2|Staraptor, F|
|teampreview
|
|t:|1776063428
|teamsize|p1|6
|teamsize|p2|6
|start
|switch|p1a: Glimmora|Glimmora, F|100/100
|switch|p2a: Torkkkoal|Torkoal, F, shiny|100/100
|-weather|SunnyDay|[from] ability: Drought|[of] p2a: Torkkkoal
|turn|1
|
|t:|1776063434
|move|p1a: Glimmora|Power Gem|p2a: Torkkkoal
|-supereffective|p2a: Torkkkoal
|-damage|p2a: Torkkkoal|0 fnt
|faint|p2a: Torkkkoal
|
|-weather|SunnyDay|[upkeep]
|upkeep
|
|t:|1776063438
|switch|p2a: Bzz|Rotom-Wash|100/100
|turn|2
|
|t:|1776063443
|move|p1a: Glimmora|Stealth Rock|p2a: Bzz
|-sidestart|p2: yazloed|move: Stealth Rock
|move|p2a: Bzz|Hydro Pump|p1a: Glimmora
|-supereffective|p1a: Glimmora
|-damage|p1a: Glimmora|16/100
|
|-weather|SunnyDay|[upkeep]
|upkeep
|turn|3
|
|t:|1776063455
|move|p1a: Glimmora|Mortal Spin|p2a: Bzz
|-damage|p2a: Bzz|91/100
|-status|p2a: Bzz|psn
|move|p2a: Bzz|Dark Pulse|p1a: Glimmora
|-damage|p1a: Glimmora|0 fnt
|faint|p1a: Glimmora
|
|-weather|SunnyDay|[upkeep]
|-damage|p2a: Bzz|79/100 psn|[from] psn
|upkeep
|
|t:|1776063464
|switch|p1a: Iron Valiant|Iron Valiant|100/100
|-enditem|p1a: Iron Valiant|Booster Energy
|-activate|p1a: Iron Valiant|ability: Quark Drive|[fromitem]
|-start|p1a: Iron Valiant|quarkdrivespe
|turn|4
|
|t:|1776063471
|move|p1a: Iron Valiant|Calm Mind|p1a: Iron Valiant
|-boost|p1a: Iron Valiant|spa|1
|-boost|p1a: Iron Valiant|spd|1
|move|p2a: Bzz|Volt Switch|p1a: Iron Valiant
|-damage|p1a: Iron Valiant|61/100
|
|t:|1776063487
|switch|p2a: Penusaur|Venusaur, M|100/100|[from] Volt Switch
|-damage|p2a: Penusaur|88/100|[from] Stealth Rock
|
|-weather|SunnyDay|[upkeep]
|-heal|p2a: Penusaur|94/100|[from] item: Leftovers
|upkeep
|turn|5
|
|t:|1776063494
|move|p1a: Iron Valiant|Psyshock|p2a: Penusaur
|-supereffective|p2a: Penusaur
|-damage|p2a: Penusaur|2/100
|move|p2a: Penusaur|Toxic|p1a: Iron Valiant
|-status|p1a: Iron Valiant|tox
|
|-weather|none
|-heal|p2a: Penusaur|8/100|[from] item: Leftovers
|-damage|p1a: Iron Valiant|54/100 tox|[from] psn
|upkeep
|turn|6
|
|t:|1776063503
|move|p1a: Iron Valiant|Moonblast|p2a: Penusaur
|-resisted|p2a: Penusaur
|-damage|p2a: Penusaur|0 fnt
|faint|p2a: Penusaur
|
|-damage|p1a: Iron Valiant|42/100 tox|[from] psn
|upkeep
|
|t:|1776063524
|switch|p2a: Bzz|Rotom-Wash|79/100 psn
|-damage|p2a: Bzz|66/100 psn|[from] Stealth Rock
|turn|7
|
|t:|1776063531
|move|p1a: Iron Valiant|Thunderbolt|p2a: Bzz
|-damage|p2a: Bzz|30/100 psn
|move|p2a: Bzz|Hydro Pump|p1a: Iron Valiant
|-damage|p1a: Iron Valiant|0 fnt
|faint|p1a: Iron Valiant
|-end|p1a: Iron Valiant|Quark Drive|[silent]
|
|-damage|p2a: Bzz|18/100 psn|[from] psn
|upkeep
|
|t:|1776063541
|switch|p1a: Bastiodon|Bastiodon, M|100/100
|turn|8
|
|t:|1776063545
|move|p2a: Bzz|Hydro Pump|p1a: Bastiodon
|-supereffective|p1a: Bastiodon
|-damage|p1a: Bastiodon|30/100
|move|p1a: Bastiodon|Iron Defense|p1a: Bastiodon
|-boost|p1a: Bastiodon|def|2
|
|-heal|p1a: Bastiodon|36/100|[from] item: Leftovers
|-damage|p2a: Bzz|5/100 psn|[from] psn
|upkeep
|turn|9
|
|t:|1776063563
|-terastallize|p1a: Bastiodon|Fairy
|move|p2a: Bzz|Hydro Pump|p1a: Bastiodon
|-damage|p1a: Bastiodon|4/100
|move|p1a: Bastiodon|Rest|p1a: Bastiodon
|-status|p1a: Bastiodon|slp|[from] move: Rest
|-heal|p1a: Bastiodon|100/100 slp|[silent]
|
|-damage|p2a: Bzz|0 fnt|[from] psn
|faint|p2a: Bzz
|upkeep
|
|t:|1776063590
|switch|p2a: CwaDwaunt|Crawdaunt, M|100/100
|-damage|p2a: CwaDwaunt|88/100|[from] Stealth Rock
|turn|10
|
|t:|1776063596
|move|p2a: CwaDwaunt|Dragon Dance|p2a: CwaDwaunt
|-boost|p2a: CwaDwaunt|atk|1
|-boost|p2a: CwaDwaunt|spe|1
|cant|p1a: Bastiodon|slp
|
|upkeep
|turn|11
|
|t:|1776063601
|move|p2a: CwaDwaunt|Dragon Dance|p2a: CwaDwaunt
|-boost|p2a: CwaDwaunt|atk|1
|-boost|p2a: CwaDwaunt|spe|1
|cant|p1a: Bastiodon|slp
|
|upkeep
|turn|12
|
|t:|1776063608
|-terastallize|p2a: CwaDwaunt|Water
|move|p2a: CwaDwaunt|Crabhammer|p1a: Bastiodon
|-damage|p1a: Bastiodon|38/100 slp
|-damage|p2a: CwaDwaunt|78/100|[from] item: Life Orb
|-curestatus|p1a: Bastiodon|slp|[msg]
|move|p1a: Bastiodon|Body Press|p2a: CwaDwaunt
|-damage|p2a: CwaDwaunt|0 fnt
|faint|p2a: CwaDwaunt
|
|-heal|p1a: Bastiodon|44/100|[from] item: Leftovers
|upkeep
|
|t:|1776063617
|switch|p2a: Goth mommy|Staraptor, F|100/100
|-damage|p2a: Goth mommy|76/100|[from] Stealth Rock
|turn|13
|
|t:|1776063625
|move|p2a: Goth mommy|Brave Bird|p1a: Bastiodon
|-damage|p1a: Bastiodon|12/100
|-damage|p2a: Goth mommy|65/100|[from] Recoil
|-damage|p2a: Goth mommy|55/100|[from] item: Life Orb
|move|p1a: Bastiodon|Body Press|p2a: Goth mommy
|-damage|p2a: Goth mommy|0 fnt
|faint|p2a: Goth mommy
|
|-heal|p1a: Bastiodon|18/100|[from] item: Leftovers
|upkeep
|
|t:|1776063633
|switch|p2a: Simp|Garchomp, M|100/100
|-damage|p2a: Simp|94/100|[from] Stealth Rock
|turn|14
|
|t:|1776063638
|move|p2a: Simp|Earthquake|p1a: Bastiodon
|-damage|p1a: Bastiodon|0 fnt
|faint|p1a: Bastiodon
|
|upkeep
|
|t:|1776063645
|switch|p1a: Iron Moth|Iron Moth|100/100
|-enditem|p1a: Iron Moth|Booster Energy
|-activate|p1a: Iron Moth|ability: Quark Drive|[fromitem]
|-start|p1a: Iron Moth|quarkdrivespe
|turn|15
|
|t:|1776063650
|move|p1a: Iron Moth|Dazzling Gleam|p2a: Simp
|-supereffective|p2a: Simp
|-damage|p2a: Simp|40/100
|move|p2a: Simp|Earthquake|p1a: Iron Moth
|-supereffective|p1a: Iron Moth
|-damage|p1a: Iron Moth|0 fnt
|faint|p1a: Iron Moth
|-end|p1a: Iron Moth|Quark Drive|[silent]
|
|upkeep
|
|t:|1776063657
|switch|p1a: Zamazenta|Zamazenta|100/100
|-ability|p1a: Zamazenta|Dauntless Shield|boost
|-boost|p1a: Zamazenta|def|1
|turn|16
|
|t:|1776063661
|move|p2a: Simp|Earthquake|p1a: Zamazenta
|-damage|p1a: Zamazenta|74/100
|move|p1a: Zamazenta|Body Press|p2a: Simp
|-damage|p2a: Simp|0 fnt
|-damage|p1a: Zamazenta|61/100|[from] ability: Rough Skin|[of] p2a: Simp
|faint|p2a: Simp
|
|win|Leyendazul10
|raw|Leyendazul10's rating: 1122 &rarr; <strong>1150</strong><br />(+28 for winning)
|raw|yazloed's rating: 1158 &rarr; <strong>1130</strong><br />(-28 for losing)
|c|☆yazloed|gg
|l|☆Leyendazul10
|player|p1|
|l|☆yazloed
|player|p2|
