|html|<div class="broadcast-blue"><strong>[Gen 9] OU is currently suspecting Tera Blast! For information on how to participate check out the <a href="https://www.smogon.com/tools/suspects/view/200">suspect thread</a>.</strong></div>
|j|☆phreshoatmeal
|j|☆RomN-Tick
|t:|1776033085
|gametype|singles
|player|p1|phreshoatmeal|170|1571
|player|p2|RomN-Tick|ethan|1594
|gen|9
|tier|[Gen 9] OU
|rated|
|rule|HP Percentage Mod: HP is shown in percentages
|rule|Endless Battle Clause: Forcing endless battles is banned
|rule|Species Clause: Limit one of each Pokémon
|rule|OHKO Clause: OHKO moves are banned
|rule|Evasion Items Clause: Evasion items are banned
|rule|Evasion Moves Clause: Evasion moves are banned
|rule|Evasion Abilities Clause: Evasion abilities are banned
|rule|Sleep Moves Clause: Sleep-inducing moves are banned
|clearpoke
|poke|p1|Excadrill, M|
|poke|p1|Sandaconda, M|
|poke|p1|Deoxys-Speed|
|poke|p1|Tyranitar, F|
|poke|p1|Sableye, M|
|poke|p1|Hatterene, F|
|poke|p2|Meganium, F|
|poke|p2|Lokix, M|
|poke|p2|Rotom-Wash|
|poke|p2|Dragapult, F|
|poke|p2|Great Tusk|
|poke|p2|Heatran, M|
|teampreview
|
|t:|1776033104
|teamsize|p1|6
|teamsize|p2|6
|start
|switch|p1a: Hatterene|Hatterene, F|100/100
|switch|p2a: Chark|Lokix, M|100/100
|turn|1
|
|t:|1776033109
|move|p2a: Chark|U-turn|p1a: Hatterene
|-damage|p1a: Hatterene|75/100
|
|t:|1776033112
|switch|p2a: Rengoku|Heatran, M|100/100|[from] U-turn
|move|p1a: Hatterene|Gravity|p1a: Hatterene
|-fieldstart|move: Gravity
|
|-heal|p1a: Hatterene|81/100|[from] item: Leftovers
|upkeep
|turn|2
|
|t:|1776033120
|switch|p1a: Sandaconda|Sandaconda, M|100/100
|move|p2a: Rengoku|Flash Cannon|p1a: Sandaconda
|-damage|p1a: Sandaconda|48/100
|-weather|Sandstorm|[from] ability: Sand Spit|[of] p1a: Sandaconda
|-enditem|p1a: Sandaconda|Eject Button
|
|t:|1776033125
|switch|p1a: Excadrill|Excadrill, M|100/100
|
|-weather|Sandstorm|[upkeep]
|upkeep
|turn|3
|j| Jokaida
|
|t:|1776033148
|switch|p2a: Cihuacoatl|Dragapult, F, shiny|100/100
|-terastallize|p1a: Excadrill|Ground
|move|p1a: Excadrill|Earthquake|p2a: Cihuacoatl
|-damage|p2a: Cihuacoatl|0 fnt
|faint|p2a: Cihuacoatl
|
|-weather|Sandstorm|[upkeep]
|upkeep
|inactive|Battle timer is ON: inactive players will automatically lose when time's up. (requested by phreshoatmeal)
|
|t:|1776033163
|switch|p2a: Firestone|Great Tusk|100/100
|turn|4
|
|t:|1776033180
|move|p1a: Excadrill|Earthquake|p2a: Firestone
|-damage|p2a: Firestone|24/100
|move|p2a: Firestone|Ice Spinner|p1a: Excadrill
|-supereffective|p1a: Excadrill
|-damage|p1a: Excadrill|33/100
|
|-weather|Sandstorm|[upkeep]
|-heal|p2a: Firestone|31/100|[from] item: Leftovers
|upkeep
|turn|5
|
|t:|1776033187
|-end|p2a: Firestone|Protosynthesis|[silent]
|switch|p2a: Solflower|Meganium, F|100/100
|move|p1a: Excadrill|Earthquake|p2a: Solflower
|-resisted|p2a: Solflower
|-damage|p2a: Solflower|42/100
|
|-weather|Sandstorm|[upkeep]
|-damage|p2a: Solflower|36/100|[from] Sandstorm
|-heal|p2a: Solflower|42/100|[from] item: Leftovers
|-fieldend|move: Gravity
|upkeep
|turn|6
|
|t:|1776033198
|move|p1a: Excadrill|Earthquake|p2a: Solflower
|-resisted|p2a: Solflower
|-damage|p2a: Solflower|0 fnt
|faint|p2a: Solflower
|
|-weather|none
|upkeep
|
|t:|1776033206
|switch|p2a: Chark|Lokix, M|100/100
|turn|7
|
|t:|1776033218
|switch|p1a: Sandaconda|Sandaconda, M|48/100
|move|p2a: Chark|First Impression|p1a: Sandaconda
|-damage|p1a: Sandaconda|7/100
|-weather|Sandstorm|[from] ability: Sand Spit|[of] p1a: Sandaconda
|
|-weather|Sandstorm|[upkeep]
|-damage|p2a: Chark|94/100|[from] Sandstorm
|upkeep
|turn|8
|
|t:|1776033242
|move|p2a: Chark|Knock Off|p1a: Sandaconda
|-damage|p1a: Sandaconda|0 fnt
|faint|p1a: Sandaconda
|
|-weather|Sandstorm|[upkeep]
|-damage|p2a: Chark|88/100|[from] Sandstorm
|upkeep
|inactive|phreshoatmeal has 120 seconds left.
|
|t:|1776033276
|switch|p1a: Hatterene|Hatterene, F|81/100
|turn|9
|
|t:|1776033283
|move|p2a: Chark|U-turn|p1a: Hatterene
|-damage|p1a: Hatterene|52/100
|
|t:|1776033286
|switch|p2a: Rengoku|Heatran, M|100/100|[from] U-turn
|move|p1a: Hatterene|Dazzling Gleam|p2a: Rengoku
|-resisted|p2a: Rengoku
|-crit|p2a: Rengoku
|-damage|p2a: Rengoku|92/100
|
|-weather|Sandstorm|[upkeep]
|-damage|p1a: Hatterene|46/100|[from] Sandstorm
|-heal|p2a: Rengoku|98/100|[from] item: Leftovers
|-heal|p1a: Hatterene|52/100|[from] item: Leftovers
|upkeep
|turn|10
|inactive|phreshoatmeal has 120 seconds left.
|
|t:|1776033291
|switch|p1a: Tyranitar|Tyranitar, F|100/100
|move|p2a: Rengoku|Flash Cannon|p1a: Tyranitar
|-supereffective|p1a: Tyranitar
|-damage|p1a: Tyranitar|55/100
|
|-weather|Sandstorm|[upkeep]
|-heal|p2a: Rengoku|100/100|[from] item: Leftovers
|upkeep
|turn|11
|inactive|phreshoatmeal has 120 seconds left.
|
|t:|1776033304
|switch|p2a: Firestone|Great Tusk|31/100
|move|p1a: Tyranitar|Earthquake|p2a: Firestone
|-damage|p2a: Firestone|8/100
|
|-weather|none
|-heal|p2a: Firestone|14/100|[from] item: Leftovers
|upkeep
|turn|12
|inactive|phreshoatmeal has 120 seconds left.
|
|t:|1776033318
|switch|p1a: Hatterene|Hatterene, F|52/100
|move|p2a: Firestone|Headlong Rush|p1a: Hatterene
|-damage|p1a: Hatterene|12/100
|-unboost|p2a: Firestone|def|1
|-unboost|p2a: Firestone|spd|1
|
|-heal|p2a: Firestone|21/100|[from] item: Leftovers
|-heal|p1a: Hatterene|18/100|[from] item: Leftovers
|upkeep
|turn|13
|
|t:|1776033326
|move|p2a: Firestone|Knock Off|p1a: Hatterene
|-damage|p1a: Hatterene|0 fnt
|-enditem|p1a: Hatterene|Leftovers|[from] move: Knock Off|[of] p2a: Firestone
|faint|p1a: Hatterene
|
|-heal|p2a: Firestone|27/100|[from] item: Leftovers
|upkeep
|inactive|phreshoatmeal has 120 seconds left.
|
|t:|1776033342
|switch|p1a: Tyranitar|Tyranitar, F|55/100
|-weather|Sandstorm|[from] ability: Sand Stream|[of] p1a: Tyranitar
|turn|14
|inactive|phreshoatmeal has 120 seconds left.
|
|t:|1776033350
|move|p2a: Firestone|Headlong Rush|p1a: Tyranitar
|-supereffective|p1a: Tyranitar
|-damage|p1a: Tyranitar|0 fnt
|-unboost|p2a: Firestone|def|1
|-unboost|p2a: Firestone|spd|1
|faint|p1a: Tyranitar
|
|-weather|Sandstorm|[upkeep]
|-heal|p2a: Firestone|33/100|[from] item: Leftovers
|upkeep
|
|t:|1776033352
|switch|p1a: Excadrill|Excadrill, M, tera:Ground|33/100
|turn|15
|
|t:|1776033359
|-end|p2a: Firestone|Protosynthesis|[silent]
|switch|p2a: Whirlpool|Rotom-Wash|100/100
|move|p1a: Excadrill|Poison Jab|p2a: Whirlpool
|-crit|p2a: Whirlpool
|-damage|p2a: Whirlpool|41/100
|
|-weather|Sandstorm|[upkeep]
|-damage|p2a: Whirlpool|35/100|[from] Sandstorm
|-heal|p2a: Whirlpool|41/100|[from] item: Leftovers
|upkeep
|turn|16
|
|t:|1776033368
|switch|p1a: Deoxys|Deoxys-Speed|100/100
|-ability|p1a: Deoxys|Pressure
|switch|p2a: Rengoku|Heatran, M|100/100
|
|-weather|Sandstorm|[upkeep]
|-damage|p1a: Deoxys|95/100|[from] Sandstorm
|upkeep
|turn|17
|
|t:|1776033375
|move|p1a: Deoxys|Gravity|p1a: Deoxys
|-fieldstart|move: Gravity
|move|p2a: Rengoku|Lava Plume|p1a: Deoxys
|-damage|p1a: Deoxys|51/100
|-enditem|p1a: Deoxys|Eject Button
|
|t:|1776033379
|switch|p1a: Excadrill|Excadrill, M, tera:Ground|33/100
|
|-weather|Sandstorm|[upkeep]
|upkeep
|turn|18
|
|t:|1776033408
|switch|p2a: Firestone|Great Tusk|33/100
|move|p1a: Excadrill|Earthquake|p2a: Firestone
|-damage|p2a: Firestone|0 fnt
|faint|p2a: Firestone
|-end|p2a: Firestone|Protosynthesis|[silent]
|
|-weather|Sandstorm|[upkeep]
|upkeep
|inactive|RomN-Tick has 120 seconds left.
|l|☆RomN-Tick
|inactive|RomN-Tick disconnected and has a minute to reconnect!
|player|p2|
|inactive|RomN-Tick has 30 seconds to reconnect!
|inactive|RomN-Tick has 20 seconds to reconnect!
|inactive|RomN-Tick has 15 seconds to reconnect!
|inactive|RomN-Tick has 10 seconds to reconnect!
|inactive|RomN-Tick has 5 seconds to reconnect!
|-message|RomN-Tick lost due to inactivity.
|
|win|phreshoatmeal
|raw|phreshoatmeal's rating: 1571 &rarr; <strong>1592</strong><br />(+21 for winning)
|raw|RomN-Tick's rating: 1594 &rarr; <strong>1573</strong><br />(-21 for losing)
|l|☆phreshoatmeal
|player|p1|
