|j|☆brodiewhat
|j|☆meisterbogen
|inactive|Battle timer is ON: inactive players will automatically lose when time's up.
|t:|1776038243
|gametype|singles
|player|p1|brodiewhat|falkner|
|player|p2|meisterbogen|zinnia|
|gen|9
|tier|[Gen 9] OU
|rated|Tournament battle
|rule|HP Percentage Mod: HP is shown in percentages
|rule|Endless Battle Clause: Forcing endless battles is banned
|rule|Species Clause: Limit one of each Pokémon
|rule|OHKO Clause: OHKO moves are banned
|rule|Evasion Items Clause: Evasion items are banned
|rule|Evasion Moves Clause: Evasion moves are banned
|rule|Evasion Abilities Clause: Evasion abilities are banned
|rule|Sleep Moves Clause: Sleep-inducing moves are banned
|raw|<div class="infobox"><details class="readmore" open><summary><strong>2 custom rules:</strong></summary> Force Select = Volbeat, -houndour</details></div>
|clearpoke
|poke|p1|Volbeat, M|
|poke|p1|Araquanid, M|
|poke|p1|Houndoom, M|
|poke|p1|Great Tusk|
|poke|p1|Typhlosion-Hisui, M|
|poke|p1|Swalot, M|
|poke|p2|Kingambit, M|
|poke|p2|Volbeat, M|
|poke|p2|Great Tusk|
|poke|p2|Dragonite, F|
|poke|p2|Iron Moth|
|poke|p2|Primarina, M|
|teampreview
|inactive|brodiewhat also wants the timer to be on.
|
|t:|1776038251
|teamsize|p1|6
|teamsize|p2|6
|start
|switch|p1a: Araquanid|Araquanid, M|100/100
|switch|p2a: Volbeat|Volbeat, M|100/100
|turn|1
|
|t:|1776038255
|move|p2a: Volbeat|Trick|p1a: Araquanid
|-activate|p2a: Volbeat|move: Trick|[of] p1a: Araquanid
|-item|p1a: Araquanid|Choice Band|[from] move: Trick
|-item|p2a: Volbeat|Mental Herb|[from] move: Trick
|move|p1a: Araquanid|Sticky Web|p2a: Volbeat
|-sidestart|p2: meisterbogen|move: Sticky Web
|
|upkeep
|turn|2
|
|t:|1776038262
|switch|p1a: Swalot|Swalot, M|100/100
|move|p2a: Volbeat|U-turn|p1a: Swalot
|-resisted|p1a: Swalot
|-damage|p1a: Swalot|91/100
|inactive|meisterbogen has 120 seconds left.
|
|t:|1776038302
|switch|p2a: Dragonite|Dragonite, F, shiny|100/100|[from] U-turn
|
|upkeep
|turn|3
|
|t:|1776038305
|move|p2a: Dragonite|Outrage|p1a: Swalot
|-damage|p1a: Swalot|0 fnt
|faint|p1a: Swalot
|
|upkeep
|
|t:|1776038326
|switch|p1a: Houndoom|Houndoom, M|100/100
|turn|4
|
|t:|1776038332
|move|p1a: Houndoom|Dark Pulse|p2a: Dragonite
|-damage|p2a: Dragonite|80/100
|cant|p2a: Dragonite|flinch
|
|-start|p2a: Dragonite|confusion|[fatigue]
|upkeep
|turn|5
|c|☆meisterbogen|ok
|j| rukt
|j| Shucklepilled
|
|t:|1776038351
|switch|p2a: Volbeat|Volbeat, M|100/100
|-activate|p2a: Volbeat|move: Sticky Web
|-unboost|p2a: Volbeat|spe|1
|move|p1a: Houndoom|Nasty Plot|p1a: Houndoom
|-boost|p1a: Houndoom|spa|2
|
|upkeep
|turn|6
|
|t:|1776038357
|move|p2a: Volbeat|Encore|p1a: Houndoom
|-hint|Since gen 7, Dark is immune to Prankster moves.
|-immune|p1a: Houndoom
|move|p1a: Houndoom|Dark Pulse|p2a: Volbeat
|-damage|p2a: Volbeat|12/100
|
|upkeep
|turn|7
|c|☆meisterbogen|lol
|c| Shucklepilled|How do we still not know this
|
|t:|1776038365
|move|p1a: Houndoom|Dark Pulse|p2a: Volbeat
|-damage|p2a: Volbeat|0 fnt
|faint|p2a: Volbeat
|
|upkeep
|c|☆meisterbogen|bro its volbeat tour
|c|☆meisterbogen|not exactly high stakes
|c| Shucklepilled|Prankster has been this way since gen 7...
|
|t:|1776038383
|switch|p2a: Primarina|Primarina, M|100/100
|-activate|p2a: Primarina|move: Sticky Web
|-unboost|p2a: Primarina|spe|1
|turn|8
|c|☆brodiewhat|this is the most important tour in the world my guy
|
|t:|1776038396
|move|p1a: Houndoom|Fire Blast|p2a: Primarina
|-resisted|p2a: Primarina
|-damage|p2a: Primarina|66/100
|move|p2a: Primarina|Surf|p1a: Houndoom
|-supereffective|p1a: Houndoom
|-enditem|p1a: Houndoom|Focus Sash
|-damage|p1a: Houndoom|1/100
|
|upkeep
|turn|9
|
|t:|1776038401
|move|p1a: Houndoom|Destiny Bond|p1a: Houndoom
|-singlemove|p1a: Houndoom|Destiny Bond
|move|p2a: Primarina|Surf|p1a: Houndoom
|-supereffective|p1a: Houndoom
|-damage|p1a: Houndoom|0 fnt
|faint|p1a: Houndoom
|-activate|p1a: Houndoom|move: Destiny Bond
|faint|p2a: Primarina
|
|upkeep
|j| KGotsu
|j| Victory Victreebel
|
|t:|1776038423
|switch|p1a: Typhlosion|Typhlosion-Hisui, M|100/100
|switch|p2a: Iron Moth|Iron Moth|100/100
|-activate|p2a: Iron Moth|move: Sticky Web
|-unboost|p2a: Iron Moth|spe|1
|-enditem|p2a: Iron Moth|Booster Energy
|-activate|p2a: Iron Moth|ability: Quark Drive|[fromitem]
|-start|p2a: Iron Moth|quarkdrivespa
|turn|10
|
|t:|1776038428
|-terastallize|p1a: Typhlosion|Ground
|move|p1a: Typhlosion|Tera Blast|p2a: Iron Moth|[anim] Tera Blast Ground
|-supereffective|p2a: Iron Moth
|-damage|p2a: Iron Moth|0 fnt
|faint|p2a: Iron Moth
|-end|p2a: Iron Moth|Quark Drive|[silent]
|
|upkeep
|
|t:|1776038433
|switch|p2a: Dragonite|Dragonite, F, shiny|80/100
|turn|11
|
|t:|1776038440
|switch|p1a: Araquanid|Araquanid, M|100/100
|-terastallize|p2a: Dragonite|Normal
|move|p2a: Dragonite|Extreme Speed|p1a: Araquanid
|-damage|p1a: Araquanid|31/100
|
|upkeep
|turn|12
|
|t:|1776038445
|move|p2a: Dragonite|Extreme Speed|p1a: Araquanid
|-damage|p1a: Araquanid|0 fnt
|faint|p1a: Araquanid
|
|upkeep
|
|t:|1776038448
|switch|p1a: Great Tusk|Great Tusk|100/100
|-enditem|p1a: Great Tusk|Booster Energy
|-activate|p1a: Great Tusk|ability: Protosynthesis|[fromitem]
|-start|p1a: Great Tusk|protosynthesisatk
|turn|13
|
|t:|1776038453
|switch|p2a: Great Tusk|Great Tusk|100/100
|-activate|p2a: Great Tusk|move: Sticky Web
|-unboost|p2a: Great Tusk|spe|1
|-enditem|p2a: Great Tusk|Booster Energy
|-activate|p2a: Great Tusk|ability: Protosynthesis|[fromitem]
|-start|p2a: Great Tusk|protosynthesisatk
|move|p1a: Great Tusk|Close Combat|p2a: Great Tusk
|-damage|p2a: Great Tusk|40/100
|-unboost|p1a: Great Tusk|def|1
|-unboost|p1a: Great Tusk|spd|1
|
|upkeep
|turn|14
|l| Shucklepilled
|
|t:|1776038459
|move|p1a: Great Tusk|Close Combat|p2a: Great Tusk
|-damage|p2a: Great Tusk|0 fnt
|-unboost|p1a: Great Tusk|def|1
|-unboost|p1a: Great Tusk|spd|1
|faint|p2a: Great Tusk
|-end|p2a: Great Tusk|Protosynthesis|[silent]
|
|upkeep
|
|t:|1776038461
|switch|p2a: Dragonite|Dragonite, F, shiny, tera:Normal|80/100
|-activate|p2a: Dragonite|move: Sticky Web
|-unboost|p2a: Dragonite|spe|1
|turn|15
|
|t:|1776038467
|-end|p1a: Great Tusk|Protosynthesis|[silent]
|switch|p1a: Volbeat|Volbeat, M|100/100
|move|p2a: Dragonite|Extreme Speed|p1a: Volbeat
|-damage|p1a: Volbeat|0 fnt
|faint|p1a: Volbeat
|
|upkeep
|
|t:|1776038473
|switch|p1a: Great Tusk|Great Tusk|100/100
|turn|16
|
|t:|1776038475
|move|p2a: Dragonite|Extreme Speed|p1a: Great Tusk
|-damage|p1a: Great Tusk|47/100
|move|p1a: Great Tusk|Close Combat|p2a: Dragonite
|-supereffective|p2a: Dragonite
|-damage|p2a: Dragonite|0 fnt
|-unboost|p1a: Great Tusk|def|1
|-unboost|p1a: Great Tusk|spd|1
|faint|p2a: Dragonite
|
|upkeep
|
|t:|1776038478
|switch|p2a: Kingambit|Kingambit, M|100/100
|-activate|p2a: Kingambit|move: Sticky Web
|-unboost|p2a: Kingambit|spe|1
|-activate|p2a: Kingambit|ability: Supreme Overlord
|-start|p2a: Kingambit|fallen5|[silent]
|turn|17
|
|t:|1776038480
|move|p2a: Kingambit|Sucker Punch||[still]
|-fail|p2a: Kingambit
|move|p1a: Great Tusk|Bulk Up|p1a: Great Tusk
|-boost|p1a: Great Tusk|atk|1
|-boost|p1a: Great Tusk|def|1
|
|upkeep
|turn|18
|
|t:|1776038484
|move|p1a: Great Tusk|Close Combat|p2a: Kingambit
|-supereffective|p2a: Kingambit
|-damage|p2a: Kingambit|0 fnt
|-unboost|p1a: Great Tusk|def|1
|-unboost|p1a: Great Tusk|spd|1
|faint|p2a: Kingambit
|-end|p2a: Kingambit|fallen5|[silent]
|
|win|brodiewhat
|n|☆brodiewhat|brodiewhat
|n|☆meisterbogen|meisterbogen
|n| rukt|rukt
|n| KGotsu|kgotsu
|n| Victory Victreebel|victoryvictreebel
|l|☆meisterbogen
|player|p2|
|c|☆brodiewhat|gg
|l|☆brodiewhat
|player|p1|
|l| KGotsu
