|html|<div class="broadcast-blue"><strong>[Gen 9] OU is currently suspecting Tera Blast! For information on how to participate check out the <a href="https://www.smogon.com/tools/suspects/view/200">suspect thread</a>.</strong></div>
|j|☆damprockstar
|j|☆ElectivireGoat
|t:|1776093468
|gametype|singles
|player|p1|damprockstar|ghetsis|1326
|player|p2|ElectivireGoat|volkner|1348
|gen|9
|tier|[Gen 9] OU
|rated|
|rule|HP Percentage Mod: HP is shown in percentages
|rule|Endless Battle Clause: Forcing endless battles is banned
|rule|Species Clause: Limit one of each Pokémon
|rule|OHKO Clause: OHKO moves are banned
|rule|Evasion Items Clause: Evasion items are banned
|rule|Evasion Moves Clause: Evasion moves are banned
|rule|Evasion Abilities Clause: Evasion abilities are banned
|rule|Sleep Moves Clause: Sleep-inducing moves are banned
|clearpoke
|poke|p1|Cinderace, F|
|poke|p1|Iron Valiant|
|poke|p1|Gholdengo|
|poke|p1|Rotom-Wash|
|poke|p1|Great Tusk|
|poke|p1|Kingambit, M|
|poke|p2|Araquanid, M|
|poke|p2|Electivire, M|
|poke|p2|Volcanion|
|poke|p2|Gholdengo|
|poke|p2|Latias, F|
|poke|p2|Great Tusk|
|teampreview
|inactive|Battle timer is ON: inactive players will automatically lose when time's up. (requested by damprockstar)
|
|t:|1776093472
|teamsize|p1|6
|teamsize|p2|6
|start
|switch|p1a: Cinderace|Cinderace, F|100/100
|switch|p2a: Araqnuanid|Araquanid, M, shiny|100/100
|turn|1
|
|t:|1776093483
|move|p1a: Cinderace|U-turn|p2a: Araqnuanid
|-start|p1a: Cinderace|typechange|Bug|[from] ability: Libero
|-damage|p2a: Araqnuanid|66/100
|
|t:|1776093489
|switch|p1a: Rotom|Rotom-Wash, shiny|100/100|[from] U-turn
|move|p2a: Araqnuanid|Liquidation|p1a: Rotom
|-resisted|p1a: Rotom
|-damage|p1a: Rotom|66/100
|-unboost|p1a: Rotom|def|1
|
|-heal|p1a: Rotom|72/100|[from] item: Leftovers
|upkeep
|turn|2
|
|t:|1776093497
|switch|p2a: Alex Voltanovski|Electivire, M|100/100
|move|p1a: Rotom|Hydro Pump|p2a: Alex Voltanovski
|-damage|p2a: Alex Voltanovski|49/100
|
|-heal|p1a: Rotom|78/100|[from] item: Leftovers
|upkeep
|turn|3
|
|t:|1776093505
|move|p2a: Alex Voltanovski|Trailblaze|p1a: Rotom
|-supereffective|p1a: Rotom
|-damage|p1a: Rotom|10/100
|-boost|p2a: Alex Voltanovski|spe|1
|-damage|p2a: Alex Voltanovski|39/100|[from] item: Life Orb
|move|p1a: Rotom|Hydro Pump|p2a: Alex Voltanovski
|-damage|p2a: Alex Voltanovski|0 fnt
|faint|p2a: Alex Voltanovski
|
|-heal|p1a: Rotom|16/100|[from] item: Leftovers
|upkeep
|
|t:|1776093516
|switch|p2a: Windblade|Latias, F|100/100
|turn|4
|
|t:|1776093525
|move|p2a: Windblade|Aura Sphere|p1a: Rotom
|-damage|p1a: Rotom|0 fnt
|faint|p1a: Rotom
|
|upkeep
|
|t:|1776093552
|switch|p1a: Cinderace|Cinderace, F|100/100
|turn|5
|
|t:|1776093556
|move|p1a: Cinderace|U-turn|p2a: Windblade
|-start|p1a: Cinderace|typechange|Bug|[from] ability: Libero
|-supereffective|p2a: Windblade
|-damage|p2a: Windblade|46/100
|-enditem|p2a: Windblade|Weakness Policy
|-boost|p2a: Windblade|atk|2|[from] item: Weakness Policy
|-boost|p2a: Windblade|spa|2|[from] item: Weakness Policy
|
|t:|1776093568
|switch|p1a: Iron Valiant|Iron Valiant, shiny|100/100|[from] U-turn
|-enditem|p1a: Iron Valiant|Booster Energy
|-activate|p1a: Iron Valiant|ability: Quark Drive|[fromitem]
|-start|p1a: Iron Valiant|quarkdrivespe
|move|p2a: Windblade|Agility|p2a: Windblade
|-boost|p2a: Windblade|spe|2
|
|upkeep
|turn|6
|
|t:|1776093577
|move|p2a: Windblade|Stored Power|p1a: Iron Valiant
|-supereffective|p1a: Iron Valiant
|-damage|p1a: Iron Valiant|0 fnt
|faint|p1a: Iron Valiant
|-end|p1a: Iron Valiant|Quark Drive|[silent]
|
|upkeep
|
|t:|1776093587
|switch|p1a: Kingambit|Kingambit, M, shiny|100/100
|-activate|p1a: Kingambit|ability: Supreme Overlord
|-start|p1a: Kingambit|fallen2|[silent]
|turn|7
|
|t:|1776093599
|-terastallize|p2a: Windblade|Steel
|move|p1a: Kingambit|Sucker Punch|p2a: Windblade
|-damage|p2a: Windblade|0 fnt
|faint|p2a: Windblade
|
|upkeep
|
|t:|1776093602
|switch|p2a: Rapid Spinjitsu|Great Tusk|100/100
|turn|8
|
|t:|1776093607
|-end|p1a: Kingambit|fallen2|[silent]
|switch|p1a: Gholdengo|Gholdengo|100/100
|-item|p1a: Gholdengo|Air Balloon
|move|p2a: Rapid Spinjitsu|Earthquake|p1a: Gholdengo
|-immune|p1a: Gholdengo
|
|upkeep
|turn|9
|inactive|damprockstar has 120 seconds left.
|
|t:|1776093642
|-end|p2a: Rapid Spinjitsu|Protosynthesis|[silent]
|switch|p2a: Araqnuanid|Araquanid, M, shiny|66/100
|move|p1a: Gholdengo|Nasty Plot|p1a: Gholdengo
|-boost|p1a: Gholdengo|spa|2
|
|upkeep
|turn|10
|
|t:|1776093647
|move|p1a: Gholdengo|Shadow Ball|p2a: Araqnuanid
|-damage|p2a: Araqnuanid|2/100
|move|p2a: Araqnuanid|Liquidation|p1a: Gholdengo
|-damage|p1a: Gholdengo|24/100
|-enditem|p1a: Gholdengo|Air Balloon
|
|upkeep
|turn|11
|
|t:|1776093654
|move|p1a: Gholdengo|Shadow Ball|p2a: Araqnuanid
|-damage|p2a: Araqnuanid|0 fnt
|faint|p2a: Araqnuanid
|
|upkeep
|
|t:|1776093658
|switch|p2a: Rapid Spinjitsu|Great Tusk|100/100
|turn|12
|
|t:|1776093665
|-terastallize|p1a: Gholdengo|Flying
|move|p2a: Rapid Spinjitsu|Earthquake|p1a: Gholdengo
|-immune|p1a: Gholdengo
|move|p1a: Gholdengo|Make It Rain|p2a: Rapid Spinjitsu
|-damage|p2a: Rapid Spinjitsu|0 fnt
|-unboost|p1a: Gholdengo|spa|1
|faint|p2a: Rapid Spinjitsu
|-end|p2a: Rapid Spinjitsu|Protosynthesis|[silent]
|
|upkeep
|-message|ElectivireGoat forfeited.
|
|win|damprockstar
|raw|damprockstar's rating: 1326 &rarr; <strong>1347</strong><br />(+21 for winning)
|raw|ElectivireGoat's rating: 1348 &rarr; <strong>1327</strong><br />(-21 for losing)
|l|☆ElectivireGoat
|player|p2|
|l|☆damprockstar
|player|p1|
