|html|<div class="broadcast-blue"><strong>[Gen 9] OU is currently suspecting Tera Blast! For information on how to participate check out the <a href="https://www.smogon.com/tools/suspects/view/200">suspect thread</a>.</strong></div>
|j|☆tokiwa kano
|j|‽testingolem
|t:|1776169085
|gametype|singles
|player|p1|tokiwa kano|acetrainerf|1705
|player|p2|testingolem|hiker-gen4|1686
|gen|9
|tier|[Gen 9] OU
|rated|
|rule|HP Percentage Mod: HP is shown in percentages
|rule|Endless Battle Clause: Forcing endless battles is banned
|rule|Species Clause: Limit one of each Pokémon
|rule|OHKO Clause: OHKO moves are banned
|rule|Evasion Items Clause: Evasion items are banned
|rule|Evasion Moves Clause: Evasion moves are banned
|rule|Evasion Abilities Clause: Evasion abilities are banned
|rule|Sleep Moves Clause: Sleep-inducing moves are banned
|clearpoke
|poke|p1|Primarina, M|
|poke|p1|Iron Crown|
|poke|p1|Glimmora, F|
|poke|p1|Gholdengo|
|poke|p1|Landorus-Therian, M|
|poke|p1|Kyurem|
|poke|p2|Kingambit, M|
|poke|p2|Deoxys-Speed|
|poke|p2|Great Tusk|
|poke|p2|Primarina, F|
|poke|p2|Raging Bolt|
|poke|p2|Smeargle, F|
|teampreview
|inactive|Battle timer is ON: inactive players will automatically lose when time's up. (requested by tokiwa kano)
|
|t:|1776169104
|teamsize|p1|6
|teamsize|p2|6
|start
|switch|p1a: Kyurem|Kyurem|100/100
|switch|p2a: Deoxys|Deoxys-Speed|100/100
|-ability|p2a: Deoxys|Pressure
|-ability|p1a: Kyurem|Pressure
|turn|1
|
|t:|1776169108
|move|p2a: Deoxys|Knock Off|p1a: Kyurem
|-damage|p1a: Kyurem|74/100
|-enditem|p1a: Kyurem|Loaded Dice|[from] move: Knock Off|[of] p2a: Deoxys
|-damage|p2a: Deoxys|91/100|[from] item: Life Orb
|move|p1a: Kyurem|Icicle Spear|p2a: Deoxys
|-damage|p2a: Deoxys|72/100
|-damage|p2a: Deoxys|52/100
|-damage|p2a: Deoxys|31/100
|-hitcount|p2a: Deoxys|3
|
|upkeep
|turn|2
|
|t:|1776169115
|move|p2a: Deoxys|Psycho Boost|p1a: Kyurem
|-damage|p1a: Kyurem|0 fnt
|-unboost|p2a: Deoxys|spa|2
|faint|p1a: Kyurem
|-damage|p2a: Deoxys|21/100|[from] item: Life Orb
|
|upkeep
|
|t:|1776169123
|switch|p1a: Iron Crown|Iron Crown|100/100
|-enditem|p1a: Iron Crown|Booster Energy
|-activate|p1a: Iron Crown|ability: Quark Drive|[fromitem]
|-start|p1a: Iron Crown|quarkdrivespe
|turn|3
|
|t:|1776169130
|switch|p2a: Primarina|Primarina, F|100/100
|move|p1a: Iron Crown|Calm Mind|p1a: Iron Crown
|-boost|p1a: Iron Crown|spa|1
|-boost|p1a: Iron Crown|spd|1
|
|upkeep
|turn|4
|
|t:|1776169136
|move|p1a: Iron Crown|Calm Mind|p1a: Iron Crown
|-boost|p1a: Iron Crown|spa|1
|-boost|p1a: Iron Crown|spd|1
|move|p2a: Primarina|Flip Turn|p1a: Iron Crown
|-damage|p1a: Iron Crown|86/100
|
|t:|1776169139
|switch|p2a: Kingambit|Kingambit, M|100/100|[from] Flip Turn
|-item|p2a: Kingambit|Air Balloon
|
|upkeep
|turn|5
|
|t:|1776169145
|-terastallize|p1a: Iron Crown|Fighting
|move|p2a: Kingambit|Sucker Punch|p1a: Iron Crown
|-resisted|p1a: Iron Crown
|-damage|p1a: Iron Crown|64/100
|move|p1a: Iron Crown|Focus Blast|p2a: Kingambit|[miss]
|-miss|p1a: Iron Crown|p2a: Kingambit
|
|upkeep
|turn|6
|
|t:|1776169153
|move|p1a: Iron Crown|Focus Blast|p2a: Kingambit
|-supereffective|p2a: Kingambit
|-damage|p2a: Kingambit|0 fnt
|-enditem|p2a: Kingambit|Air Balloon
|faint|p2a: Kingambit
|-end|p2a: Kingambit|fallenundefined|[silent]
|
|upkeep
|
|t:|1776169158
|switch|p2a: Primarina|Primarina, F|100/100
|turn|7
|
|t:|1776169161
|move|p1a: Iron Crown|Psyshock|p2a: Primarina
|-damage|p2a: Primarina|16/100
|move|p2a: Primarina|Moonblast|p1a: Iron Crown
|-supereffective|p1a: Iron Crown
|-damage|p1a: Iron Crown|15/100
|
|upkeep
|turn|8
|
|t:|1776169166
|move|p1a: Iron Crown|Psyshock|p2a: Primarina
|-damage|p2a: Primarina|0 fnt
|faint|p2a: Primarina
|
|upkeep
|
|t:|1776169171
|switch|p2a: Smeargle|Smeargle, F|100/100
|turn|9
|
|t:|1776169174
|move|p2a: Smeargle|Burning Bulwark|p2a: Smeargle
|-singleturn|p2a: Smeargle|move: Protect
|move|p1a: Iron Crown|Tachyon Cutter|p2a: Smeargle
|-activate|p2a: Smeargle|move: Protect
|
|upkeep
|turn|10
|
|t:|1776169179
|move|p2a: Smeargle|Extreme Speed|p1a: Iron Crown
|-damage|p1a: Iron Crown|0 fnt
|faint|p1a: Iron Crown
|-end|p1a: Iron Crown|Quark Drive|[silent]
|
|upkeep
|
|t:|1776169185
|switch|p1a: Glimmora|Glimmora, F|100/100
|turn|11
|
|t:|1776169192
|move|p1a: Glimmora|Spikes|p2a: Smeargle
|-sidestart|p2: testingolem|Spikes
|move|p2a: Smeargle|Endeavor|p1a: Glimmora
|-damage|p1a: Glimmora|69/100
|-activate|p1a: Glimmora|ability: Toxic Debris
|-sidestart|p2: testingolem|move: Toxic Spikes
|-enditem|p1a: Glimmora|Red Card|[of] p2a: Smeargle
|drag|p2a: Raging Bolt|Raging Bolt|100/100
|-damage|p2a: Raging Bolt|88/100|[from] Spikes
|-status|p2a: Raging Bolt|psn
|-enditem|p2a: Raging Bolt|Booster Energy
|-activate|p2a: Raging Bolt|ability: Protosynthesis|[fromitem]
|-start|p2a: Raging Bolt|protosynthesisspa
|
|-damage|p2a: Raging Bolt|76/100 psn|[from] psn
|upkeep
|turn|12
|
|t:|1776169199
|switch|p1a: Landorus|Landorus-Therian, M|100/100
|-ability|p1a: Landorus|Intimidate|boost
|-unboost|p2a: Raging Bolt|atk|1
|move|p2a: Raging Bolt|Dragon Pulse|p1a: Landorus
|-damage|p1a: Landorus|27/100
|
|-damage|p2a: Raging Bolt|63/100 psn|[from] psn
|upkeep
|turn|13
|
|t:|1776169204
|-terastallize|p2a: Raging Bolt|Flying
|move|p1a: Landorus|Earthquake|p2a: Raging Bolt
|-immune|p2a: Raging Bolt
|move|p2a: Raging Bolt|Dragon Pulse|p1a: Landorus
|-damage|p1a: Landorus|0 fnt
|faint|p1a: Landorus
|
|-damage|p2a: Raging Bolt|51/100 psn|[from] psn
|upkeep
|
|t:|1776169207
|switch|p1a: Glimmora|Glimmora, F|69/100
|turn|14
|
|t:|1776169209
|move|p2a: Raging Bolt|Thunderclap|p1a: Glimmora
|-crit|p1a: Glimmora
|-damage|p1a: Glimmora|0 fnt
|faint|p1a: Glimmora
|
|-damage|p2a: Raging Bolt|39/100 psn|[from] psn
|upkeep
|
|t:|1776169216
|switch|p1a: Gholdengo|Gholdengo|100/100
|turn|15
|
|t:|1776169220
|move|p1a: Gholdengo|Make It Rain|p2a: Raging Bolt
|-damage|p2a: Raging Bolt|0 fnt
|-unboost|p1a: Gholdengo|spa|1
|faint|p2a: Raging Bolt
|-end|p2a: Raging Bolt|Protosynthesis|[silent]
|
|upkeep
|
|t:|1776169227
|switch|p2a: Deoxys|Deoxys-Speed|21/100
|-damage|p2a: Deoxys|9/100|[from] Spikes
|-status|p2a: Deoxys|psn
|-ability|p2a: Deoxys|Pressure
|turn|16
|
|t:|1776169231
|switch|p1a: Primarina|Primarina, M|100/100
|move|p2a: Deoxys|Knock Off|p1a: Primarina
|-resisted|p1a: Primarina
|-damage|p1a: Primarina|82/100
|-enditem|p1a: Primarina|Assault Vest|[from] move: Knock Off|[of] p2a: Deoxys
|-damage|p2a: Deoxys|0 fnt|[from] item: Life Orb
|faint|p2a: Deoxys
|
|upkeep
|
|t:|1776169240
|switch|p2a: Smeargle|Smeargle, F|100/100
|-damage|p2a: Smeargle|88/100|[from] Spikes
|-status|p2a: Smeargle|psn
|turn|17
|
|t:|1776169253
|switch|p1a: Gholdengo|Gholdengo|100/100
|move|p2a: Smeargle|Burning Bulwark||[still]
|-fail|p2a: Smeargle
|
|-damage|p2a: Smeargle|76/100 psn|[from] psn
|upkeep
|turn|18
|
|t:|1776169265
|move|p1a: Gholdengo|Make It Rain|p2a: Smeargle
|-damage|p2a: Smeargle|0 fnt
|-unboost|p1a: Gholdengo|spa|1
|faint|p2a: Smeargle
|
|upkeep
|
|t:|1776169268
|switch|p2a: Great Tusk|Great Tusk|100/100
|-damage|p2a: Great Tusk|88/100|[from] Spikes
|-status|p2a: Great Tusk|psn
|-enditem|p2a: Great Tusk|Booster Energy
|-activate|p2a: Great Tusk|ability: Protosynthesis|[fromitem]
|-start|p2a: Great Tusk|protosynthesisspe
|turn|19
|
|t:|1776169274
|move|p2a: Great Tusk|Bulk Up|p2a: Great Tusk
|-boost|p2a: Great Tusk|atk|1
|-boost|p2a: Great Tusk|def|1
|move|p1a: Gholdengo|Make It Rain|p2a: Great Tusk
|-damage|p2a: Great Tusk|34/100 psn
|-unboost|p1a: Gholdengo|spa|1
|
|-damage|p2a: Great Tusk|21/100 psn|[from] psn
|upkeep
|turn|20
|
|t:|1776169282
|move|p2a: Great Tusk|Earthquake|p1a: Gholdengo
|-supereffective|p1a: Gholdengo
|-damage|p1a: Gholdengo|0 fnt
|faint|p1a: Gholdengo
|
|-damage|p2a: Great Tusk|9/100 psn|[from] psn
|upkeep
|
|t:|1776169284
|switch|p1a: Primarina|Primarina, M|82/100
|turn|21
|
|t:|1776169289
|move|p2a: Great Tusk|Earthquake|p1a: Primarina
|-damage|p1a: Primarina|0 fnt
|faint|p1a: Primarina
|
|win|testingolem
|raw|tokiwa kano's rating: 1705 &rarr; <strong>1684</strong><br />(-21 for losing)
|raw|testingolem's rating: 1686 &rarr; <strong>1707</strong><br />(+21 for winning)
