|html|<div class="broadcast-blue"><strong>[Gen 9] OU is currently suspecting Tera Blast! For information on how to participate check out the <a href="https://www.smogon.com/tools/suspects/view/200">suspect thread</a>.</strong></div>
|j|☆ubungowungo
|j|☆ramjamdee
|t:|1776096395
|gametype|singles
|player|p1|ubungowungo|lucas|1302
|player|p2|ramjamdee|265|1314
|gen|9
|tier|[Gen 9] OU
|rated|
|rule|HP Percentage Mod: HP is shown in percentages
|rule|Endless Battle Clause: Forcing endless battles is banned
|rule|Species Clause: Limit one of each Pokémon
|rule|OHKO Clause: OHKO moves are banned
|rule|Evasion Items Clause: Evasion items are banned
|rule|Evasion Moves Clause: Evasion moves are banned
|rule|Evasion Abilities Clause: Evasion abilities are banned
|rule|Sleep Moves Clause: Sleep-inducing moves are banned
|clearpoke
|poke|p1|Okidogi, M|
|poke|p1|Zamazenta-*|
|poke|p1|Suicune|
|poke|p1|Braviary-Hisui, M|
|poke|p1|Meowscarada, F|
|poke|p1|Darkrai|
|poke|p2|Lokix, F|
|poke|p2|Great Tusk|
|poke|p2|Slowking-Galar, F|
|poke|p2|Corviknight, F|
|poke|p2|Raging Bolt|
|poke|p2|Dragapult, F|
|teampreview
|inactive|Battle timer is ON: inactive players will automatically lose when time's up. (requested by ramjamdee)
|
|t:|1776096413
|teamsize|p1|6
|teamsize|p2|6
|start
|switch|p1a: Okidogi|Okidogi, M|100/100
|switch|p2a: Dragapult|Dragapult, F|100/100
|turn|1
|
|t:|1776096423
|move|p2a: Dragapult|Will-O-Wisp|p1a: Okidogi
|-status|p1a: Okidogi|brn
|move|p1a: Okidogi|Substitute|p1a: Okidogi
|-start|p1a: Okidogi|Substitute
|-damage|p1a: Okidogi|75/100 brn
|
|-heal|p1a: Okidogi|82/100 brn|[from] item: Leftovers
|-damage|p1a: Okidogi|75/100 brn|[from] brn
|upkeep
|turn|2
|
|t:|1776096430
|move|p2a: Dragapult|Hex|p1a: Okidogi
|-damage|p1a: Okidogi|32/100 brn
|move|p1a: Okidogi|Bulk Up|p1a: Okidogi
|-boost|p1a: Okidogi|atk|1
|-boost|p1a: Okidogi|def|1
|
|-heal|p1a: Okidogi|38/100 brn|[from] item: Leftovers
|-damage|p1a: Okidogi|32/100 brn|[from] brn
|upkeep
|turn|3
|
|t:|1776096437
|move|p2a: Dragapult|Hex|p1a: Okidogi
|-damage|p1a: Okidogi|0 fnt
|faint|p1a: Okidogi
|
|upkeep
|
|t:|1776096441
|switch|p1a: Darkrai|Darkrai|100/100
|turn|4
|inactive|ramjamdee has 120 seconds left.
|
|t:|1776096479
|switch|p2a: Lokix|Lokix, F|100/100
|move|p1a: Darkrai|Dark Pulse|p2a: Lokix
|-resisted|p2a: Lokix
|-damage|p2a: Lokix|62/100
|
|upkeep
|turn|5
|inactive|ramjamdee has 120 seconds left.
|
|t:|1776096486
|move|p2a: Lokix|First Impression|p1a: Darkrai
|-supereffective|p1a: Darkrai
|-damage|p1a: Darkrai|0 fnt
|faint|p1a: Darkrai
|
|upkeep
|
|t:|1776096499
|switch|p1a: Braviary|Braviary-Hisui, M|100/100
|turn|6
|inactive|ramjamdee has 120 seconds left.
|
|t:|1776096517
|switch|p2a: Slowking|Slowking-Galar, F|100/100
|-terastallize|p1a: Braviary|Fairy
|move|p1a: Braviary|Calm Mind|p1a: Braviary
|-boost|p1a: Braviary|spa|1
|-boost|p1a: Braviary|spd|1
|
|upkeep
|turn|7
|
|t:|1776096523
|move|p1a: Braviary|Esper Wing|p2a: Slowking
|-damage|p2a: Slowking|72/100
|-boost|p1a: Braviary|spe|1
|move|p2a: Slowking|Toxic|p1a: Braviary
|-status|p1a: Braviary|tox
|
|-damage|p1a: Braviary|94/100 tox|[from] psn
|upkeep
|turn|8
|
|t:|1776096531
|move|p1a: Braviary|Esper Wing|p2a: Slowking
|-damage|p2a: Slowking|42/100
|-boost|p1a: Braviary|spe|1
|move|p2a: Slowking|Future Sight|p1a: Braviary
|-start|p2a: Slowking|move: Future Sight
|
|-damage|p1a: Braviary|82/100 tox|[from] psn
|upkeep
|turn|9
|
|t:|1776096538
|move|p1a: Braviary|Calm Mind|p1a: Braviary
|-boost|p1a: Braviary|spa|1
|-boost|p1a: Braviary|spd|1
|-prepare|p2a: Slowking|Chilly Reception|[premajor]
|move|p2a: Slowking|Chilly Reception|p2a: Slowking
|-weather|Snowscape
|
|t:|1776096552
|switch|p2a: Lokix|Lokix, F|62/100|[from] Chilly Reception
|
|-weather|Snowscape|[upkeep]
|-damage|p1a: Braviary|64/100 tox|[from] psn
|upkeep
|turn|10
|
|t:|1776096562
|move|p2a: Lokix|First Impression|p1a: Braviary
|-resisted|p1a: Braviary
|-damage|p1a: Braviary|5/100 tox
|move|p1a: Braviary|Dazzling Gleam|p2a: Lokix
|-supereffective|p2a: Lokix
|-damage|p2a: Lokix|0 fnt
|faint|p2a: Lokix
|
|-weather|Snowscape|[upkeep]
|-end|p1a: Braviary|move: Future Sight
|-damage|p1a: Braviary|0 fnt
|faint|p1a: Braviary
|upkeep
|
|t:|1776096579
|switch|p2a: Raging Bolt|Raging Bolt|100/100
|switch|p1a: Suicune|Suicune|100/100
|-ability|p1a: Suicune|Pressure
|turn|11
|
|t:|1776096592
|move|p2a: Raging Bolt|Discharge|p1a: Suicune
|-supereffective|p1a: Suicune
|-damage|p1a: Suicune|0 fnt
|faint|p1a: Suicune
|
|-weather|Snowscape|[upkeep]
|upkeep
|
|t:|1776096595
|switch|p1a: Meowscarada|Meowscarada, F|100/100
|turn|12
|
|t:|1776096602
|move|p1a: Meowscarada|Triple Axel|p2a: Raging Bolt
|-start|p1a: Meowscarada|typechange|Ice|[from] ability: Protean
|-supereffective|p2a: Raging Bolt
|-damage|p2a: Raging Bolt|83/100
|-supereffective|p2a: Raging Bolt
|-damage|p2a: Raging Bolt|50/100
|-supereffective|p2a: Raging Bolt
|-damage|p2a: Raging Bolt|0 fnt
|faint|p2a: Raging Bolt
|-end|p2a: Raging Bolt|Protosynthesis|[silent]
|-hitcount|p2: Raging Bolt|3
|
|-weather|Snowscape|[upkeep]
|upkeep
|
|t:|1776096608
|switch|p2a: Corviknight|Corviknight, F|100/100
|-ability|p2a: Corviknight|Pressure
|turn|13
|
|t:|1776096611
|move|p1a: Meowscarada|Knock Off|p2a: Corviknight
|-damage|p2a: Corviknight|82/100
|-enditem|p2a: Corviknight|Leftovers|[from] move: Knock Off|[of] p1a: Meowscarada
|move|p2a: Corviknight|Iron Defense|p2a: Corviknight
|-boost|p2a: Corviknight|def|2
|
|-weather|none
|upkeep
|turn|14
|
|t:|1776096619
|switch|p1a: Zamazenta|Zamazenta|100/100
|-ability|p1a: Zamazenta|Dauntless Shield|boost
|-boost|p1a: Zamazenta|def|1
|move|p2a: Corviknight|Iron Defense|p2a: Corviknight
|-boost|p2a: Corviknight|def|2
|
|upkeep
|turn|15
|
|t:|1776096624
|move|p1a: Zamazenta|Trailblaze|p2a: Corviknight
|-resisted|p2a: Corviknight
|-damage|p2a: Corviknight|81/100
|-boost|p1a: Zamazenta|spe|1
|move|p2a: Corviknight|Iron Defense|p2a: Corviknight
|-boost|p2a: Corviknight|def|2
|
|upkeep
|turn|16
|
|t:|1776096630
|move|p1a: Zamazenta|Trailblaze|p2a: Corviknight
|-resisted|p2a: Corviknight
|-damage|p2a: Corviknight|80/100
|-boost|p1a: Zamazenta|spe|1
|move|p2a: Corviknight|Body Press|p1a: Zamazenta
|-damage|p1a: Zamazenta|47/100
|
|-heal|p1a: Zamazenta|53/100|[from] item: Leftovers
|upkeep
|turn|17
|
|t:|1776096638
|move|p1a: Zamazenta|Iron Defense|p1a: Zamazenta
|-boost|p1a: Zamazenta|def|2
|move|p2a: Corviknight|Body Press|p1a: Zamazenta
|-damage|p1a: Zamazenta|20/100
|
|-heal|p1a: Zamazenta|27/100|[from] item: Leftovers
|upkeep
|turn|18
|
|t:|1776096643
|move|p1a: Zamazenta|Iron Defense|p1a: Zamazenta
|-boost|p1a: Zamazenta|def|2
|move|p2a: Corviknight|Body Press|p1a: Zamazenta
|-damage|p1a: Zamazenta|4/100
|
|-heal|p1a: Zamazenta|10/100|[from] item: Leftovers
|upkeep
|turn|19
|
|t:|1776096647
|move|p1a: Zamazenta|Crunch|p2a: Corviknight
|-damage|p2a: Corviknight|77/100
|move|p2a: Corviknight|Body Press|p1a: Zamazenta
|-damage|p1a: Zamazenta|0 fnt
|faint|p1a: Zamazenta
|
|upkeep
|
|t:|1776096650
|switch|p1a: Meowscarada|Meowscarada, F|100/100
|turn|20
|
|t:|1776096654
|move|p1a: Meowscarada|Flower Trick|p2a: Corviknight
|-start|p1a: Meowscarada|typechange|Grass|[from] ability: Protean
|-resisted|p2a: Corviknight
|-crit|p2a: Corviknight
|-damage|p2a: Corviknight|69/100
|move|p2a: Corviknight|Body Press|p1a: Meowscarada
|-damage|p1a: Meowscarada|0 fnt
|faint|p1a: Meowscarada
|
|win|ramjamdee
|raw|ubungowungo's rating: 1302 &rarr; <strong>1282</strong><br />(-20 for losing)
|raw|ramjamdee's rating: 1296 &rarr; <strong>1321</strong><br />(+25 for winning)
|l|☆ubungowungo
|player|p1|
|l|☆ramjamdee
|player|p2|
