|html|<div class="broadcast-blue"><strong>[Gen 9] OU is currently suspecting Tera Blast! For information on how to participate check out the <a href="https://www.smogon.com/tools/suspects/view/200">suspect thread</a>.</strong></div>
|j|☆guinardo
|j|☆ViperSeraph
|t:|1776076761
|gametype|singles
|player|p1|guinardo|hugh|1232
|player|p2|ViperSeraph|teacher-gen2|1215
|gen|9
|tier|[Gen 9] OU
|rated|
|rule|HP Percentage Mod: HP is shown in percentages
|rule|Endless Battle Clause: Forcing endless battles is banned
|rule|Species Clause: Limit one of each Pokémon
|rule|OHKO Clause: OHKO moves are banned
|rule|Evasion Items Clause: Evasion items are banned
|rule|Evasion Moves Clause: Evasion moves are banned
|rule|Evasion Abilities Clause: Evasion abilities are banned
|rule|Sleep Moves Clause: Sleep-inducing moves are banned
|clearpoke
|poke|p1|Lucario, F|
|poke|p1|Regidrago|
|poke|p1|Metagross|
|poke|p1|Skeledirge, M|
|poke|p1|Greninja-*, M|
|poke|p1|Blaziken, F|
|poke|p2|Kyurem|
|poke|p2|Cinderace, F|
|poke|p2|Tornadus-Therian, M|
|poke|p2|Hatterene, F|
|poke|p2|Great Tusk|
|poke|p2|Kingambit, F|
|teampreview
|inactive|Battle timer is ON: inactive players will automatically lose when time's up. (requested by guinardo)
|inactive|guinardo has 120 seconds left.
|
|t:|1776076809
|teamsize|p1|6
|teamsize|p2|6
|start
|switch|p1a: Frango|Blaziken, F|100/100
|switch|p2a: Tornadus|Tornadus-Therian, M|100/100
|turn|1
|
|t:|1776076819
|move|p1a: Frango|Detect|p1a: Frango
|-singleturn|p1a: Frango|Protect
|move|p2a: Tornadus|Bleakwind Storm|p1a: Frango
|-activate|p1a: Frango|move: Protect
|
|-ability|p1a: Frango|Speed Boost|boost
|-boost|p1a: Frango|spe|1
|upkeep
|turn|2
|
|t:|1776076831
|move|p1a: Frango|Flare Blitz|p2a: Tornadus
|-damage|p2a: Tornadus|16/100
|-damage|p1a: Frango|69/100|[from] Recoil
|move|p2a: Tornadus|Bleakwind Storm|p1a: Frango
|-supereffective|p1a: Frango
|-damage|p1a: Frango|0 fnt
|faint|p1a: Frango
|
|upkeep
|
|t:|1776076844
|switch|p1a: Cururu|Greninja, M|100/100
|turn|3
|inactive|ViperSeraph has 120 seconds left.
|
|t:|1776076877
|switch|p2a: Hatterene|Hatterene, F|100/100
|move|p1a: Cururu|Water Shuriken|p2a: Hatterene
|-damage|p2a: Hatterene|93/100
|-damage|p2a: Hatterene|85/100
|-damage|p2a: Hatterene|76/100
|-damage|p2a: Hatterene|68/100
|-damage|p2a: Hatterene|60/100
|-hitcount|p2a: Hatterene|5
|
|-heal|p2a: Hatterene|66/100|[from] item: Leftovers
|upkeep
|turn|4
|
|t:|1776076889
|switch|p1a: Skelegordo|Skeledirge, M|100/100
|move|p2a: Hatterene|Nuzzle|p1a: Skelegordo
|-damage|p1a: Skelegordo|97/100
|-status|p1a: Skelegordo|par
|
|-heal|p2a: Hatterene|72/100|[from] item: Leftovers
|upkeep
|turn|5
|inactive|ViperSeraph has 120 seconds left.
|
|t:|1776076905
|switch|p2a: Tornadus|Tornadus-Therian, M|49/100
|cant|p1a: Skelegordo|par
|
|upkeep
|turn|6
|
|t:|1776076910
|move|p2a: Tornadus|Knock Off|p1a: Skelegordo
|-supereffective|p1a: Skelegordo
|-damage|p1a: Skelegordo|62/100 par
|-enditem|p1a: Skelegordo|Throat Spray|[from] move: Knock Off|[of] p2a: Tornadus
|move|p1a: Skelegordo|Torch Song|p2a: Tornadus
|-damage|p2a: Tornadus|24/100
|-boost|p1a: Skelegordo|spa|1
|
|upkeep
|turn|7
|inactive|ViperSeraph has 120 seconds left.
|
|t:|1776076938
|move|p2a: Tornadus|Bleakwind Storm|p1a: Skelegordo
|-damage|p1a: Skelegordo|21/100 par
|cant|p1a: Skelegordo|par
|
|upkeep
|turn|8
|inactive|ViperSeraph has 120 seconds left.
|
|t:|1776076944
|move|p2a: Tornadus|Knock Off|p1a: Skelegordo
|-supereffective|p1a: Skelegordo
|-damage|p1a: Skelegordo|0 fnt
|faint|p1a: Skelegordo
|
|upkeep
|
|t:|1776076950
|switch|p1a: Cururu|Greninja, M|100/100
|turn|9
|inactive|ViperSeraph has 120 seconds left.
|
|t:|1776076969
|switch|p2a: Hatterene|Hatterene, F|72/100
|move|p1a: Cururu|Water Shuriken|p2a: Hatterene
|-damage|p2a: Hatterene|65/100
|-damage|p2a: Hatterene|56/100
|-damage|p2a: Hatterene|48/100
|-damage|p2a: Hatterene|40/100
|-hitcount|p2a: Hatterene|4
|
|-heal|p2a: Hatterene|46/100|[from] item: Leftovers
|upkeep
|turn|10
|
|t:|1776076981
|move|p1a: Cururu|Protect|p1a: Cururu
|-singleturn|p1a: Cururu|Protect
|move|p2a: Hatterene|Nuzzle|p1a: Cururu
|-activate|p1a: Cururu|move: Protect
|
|-heal|p2a: Hatterene|52/100|[from] item: Leftovers
|upkeep
|turn|11
|
|t:|1776076992
|switch|p1a: Lucarioca|Lucario, F|100/100
|move|p2a: Hatterene|Nuzzle|p1a: Lucarioca
|-damage|p1a: Lucarioca|94/100
|-status|p1a: Lucarioca|par
|
|-heal|p2a: Hatterene|58/100|[from] item: Leftovers
|upkeep
|turn|12
|
|t:|1776076998
|cant|p1a: Lucarioca|par
|move|p2a: Hatterene|Psychic Noise|p1a: Lucarioca
|-crit|p1a: Lucarioca
|-damage|p1a: Lucarioca|10/100 par
|-start|p1a: Lucarioca|move: Heal Block
|
|-heal|p2a: Hatterene|64/100|[from] item: Leftovers
|upkeep
|turn|13
|
|t:|1776077001
|move|p1a: Lucarioca|Flash Cannon|p2a: Hatterene
|-supereffective|p2a: Hatterene
|-damage|p2a: Hatterene|0 fnt
|faint|p2a: Hatterene
|-damage|p1a: Lucarioca|0 fnt|[from] item: Life Orb
|faint|p1a: Lucarioca
|
|upkeep
|
|t:|1776077010
|switch|p1a: Cururu|Greninja, M|100/100
|switch|p2a: Tornadus|Tornadus-Therian, M|57/100
|turn|14
|
|t:|1776077018
|move|p1a: Cururu|Water Shuriken|p2a: Tornadus
|-damage|p2a: Tornadus|52/100
|-damage|p2a: Tornadus|47/100
|-damage|p2a: Tornadus|42/100
|-damage|p2a: Tornadus|37/100
|-hitcount|p2a: Tornadus|4
|move|p2a: Tornadus|U-turn|p1a: Cururu
|-supereffective|p1a: Cururu
|-damage|p1a: Cururu|56/100
|
|t:|1776077029
|switch|p2a: Kyurem|Kyurem|100/100|[from] U-turn
|-ability|p2a: Kyurem|Pressure
|
|upkeep
|turn|15
|
|t:|1776077041
|-terastallize|p1a: Cururu|Stellar
|move|p1a: Cururu|Dark Pulse|p2a: Kyurem
|-damage|p2a: Kyurem|53/100
|move|p2a: Kyurem|Earth Power|p1a: Cururu
|-damage|p1a: Cururu|0 fnt
|faint|p1a: Cururu
|
|upkeep
|
|t:|1776077046
|switch|p1a: Metagrosso|Metagross|100/100
|turn|16
|
|t:|1776077051
|move|p2a: Kyurem|Earth Power|p1a: Metagrosso
|-supereffective|p1a: Metagrosso
|-damage|p1a: Metagrosso|5/100
|move|p1a: Metagrosso|Meteor Mash|p2a: Kyurem
|-supereffective|p2a: Kyurem
|-damage|p2a: Kyurem|0 fnt
|-boost|p1a: Metagrosso|atk|1
|faint|p2a: Kyurem
|
|upkeep
|
|t:|1776077067
|switch|p2a: Cinderace|Cinderace, F|100/100
|turn|17
|
|t:|1776077071
|move|p2a: Cinderace|U-turn|p1a: Metagrosso
|-start|p2a: Cinderace|typechange|Bug|[from] ability: Libero
|-damage|p1a: Metagrosso|0 fnt
|faint|p1a: Metagrosso
|
|t:|1776077076
|switch|p2a: Great Tusk|Great Tusk|100/100|[from] U-turn
|
|upkeep
|
|t:|1776077080
|switch|p1a: Regidcalango|Regidrago|100/100
|turn|18
|c|☆guinardo|Move
|inactive|ViperSeraph has 120 seconds left.
|
|t:|1776077123
|move|p1a: Regidcalango|Dragon Energy|p2a: Great Tusk
|-damage|p2a: Great Tusk|0 fnt
|faint|p2a: Great Tusk
|-end|p2a: Great Tusk|Protosynthesis|[silent]
|
|upkeep
|
|t:|1776077127
|switch|p2a: Tornadus|Tornadus-Therian, M|70/100
|turn|19
|l|☆guinardo
|inactive|guinardo disconnected and has a minute to reconnect!
|player|p1|
|inactive|guinardo has 30 seconds to reconnect!
|inactive|guinardo has 20 seconds to reconnect!
|inactive|guinardo has 15 seconds to reconnect!
|inactive|guinardo has 10 seconds to reconnect!
|inactive|guinardo has 5 seconds to reconnect!
|-message|guinardo lost due to inactivity.
|
|win|ViperSeraph
|raw|guinardo's rating: 1232 &rarr; <strong>1206</strong><br />(-26 for losing)
|raw|ViperSeraph's rating: 1215 &rarr; <strong>1241</strong><br />(+26 for winning)
|l|☆ViperSeraph
|player|p2|
