|html|<div class="broadcast-blue"><strong>[Gen 9] OU is currently suspecting Tera Blast! For information on how to participate check out the <a href="https://www.smogon.com/tools/suspects/view/200">suspect thread</a>.</strong></div>
|j|☆yeetoo
|j|☆Joehenderson21
|t:|1776031938
|gametype|singles
|player|p1|yeetoo|ethan|1266
|player|p2|Joehenderson21|102|1186
|gen|9
|tier|[Gen 9] OU
|rated|
|rule|HP Percentage Mod: HP is shown in percentages
|rule|Endless Battle Clause: Forcing endless battles is banned
|rule|Species Clause: Limit one of each Pokémon
|rule|OHKO Clause: OHKO moves are banned
|rule|Evasion Items Clause: Evasion items are banned
|rule|Evasion Moves Clause: Evasion moves are banned
|rule|Evasion Abilities Clause: Evasion abilities are banned
|rule|Sleep Moves Clause: Sleep-inducing moves are banned
|clearpoke
|poke|p1|Electrode-Hisui|
|poke|p1|Scizor, F|
|poke|p1|Entei|
|poke|p1|Swampert, M|
|poke|p1|Goodra, F|
|poke|p1|Necrozma|
|poke|p2|Exeggutor, M|
|poke|p2|Torkoal, M|
|poke|p2|Walking Wake|
|poke|p2|Lycanroc, F|
|poke|p2|Hatterene, F|
|poke|p2|Sandy Shocks|
|teampreview
|
|t:|1776031955
|teamsize|p1|6
|teamsize|p2|6
|start
|switch|p1a: Goodra|Goodra, F|100/100
|switch|p2a: Torkoal|Torkoal, M|100/100
|-weather|SunnyDay|[from] ability: Drought|[of] p2a: Torkoal
|turn|1
|
|t:|1776031966
|move|p1a: Goodra|Dragon Pulse|p2a: Torkoal
|-damage|p2a: Torkoal|62/100
|move|p2a: Torkoal|Stealth Rock|p1a: Goodra
|-sidestart|p1: yeetoo|move: Stealth Rock
|
|-weather|SunnyDay|[upkeep]
|upkeep
|turn|2
|
|t:|1776031980
|switch|p2a: Hatterene|Hatterene, F|100/100
|move|p1a: Goodra|Flamethrower|p2a: Hatterene
|-damage|p2a: Hatterene|51/100
|
|-weather|SunnyDay|[upkeep]
|upkeep
|turn|3
|
|t:|1776031990
|-terastallize|p1a: Goodra|Fairy
|move|p1a: Goodra|Flamethrower|p2a: Hatterene
|-damage|p2a: Hatterene|0 fnt
|faint|p2a: Hatterene
|
|-weather|SunnyDay|[upkeep]
|upkeep
|
|t:|1776032019
|switch|p2a: Walking Wake|Walking Wake|100/100
|-activate|p2a: Walking Wake|ability: Protosynthesis
|-start|p2a: Walking Wake|protosynthesisspa
|turn|4
|
|t:|1776032032
|move|p2a: Walking Wake|Hydro Steam|p1a: Goodra
|-damage|p1a: Goodra|54/100
|move|p1a: Goodra|Dragon Pulse|p2a: Walking Wake
|-supereffective|p2a: Walking Wake
|-damage|p2a: Walking Wake|0 fnt
|faint|p2a: Walking Wake
|-end|p2a: Walking Wake|Protosynthesis|[silent]
|
|-weather|SunnyDay|[upkeep]
|upkeep
|
|t:|1776032038
|switch|p2a: Lycanroc|Lycanroc, F|100/100
|turn|5
|
|t:|1776032044
|move|p2a: Lycanroc|Close Combat|p1a: Goodra
|-resisted|p1a: Goodra
|-damage|p1a: Goodra|30/100
|-unboost|p2a: Lycanroc|def|1
|-unboost|p2a: Lycanroc|spd|1
|-damage|p2a: Lycanroc|84/100|[from] item: Rocky Helmet|[of] p1a: Goodra
|-ability|p1a: Goodra|Gooey
|-unboost|p2a: Lycanroc|spe|1
|move|p1a: Goodra|Scald|p2a: Lycanroc
|-supereffective|p2a: Lycanroc
|-damage|p2a: Lycanroc|17/100
|
|-weather|SunnyDay|[upkeep]
|upkeep
|turn|6
|
|t:|1776032056
|move|p2a: Lycanroc|Accelerock|p1a: Goodra
|-damage|p1a: Goodra|7/100
|-damage|p2a: Lycanroc|0 fnt|[from] item: Rocky Helmet|[of] p1a: Goodra
|-ability|p1a: Goodra|Gooey
|faint|p2a: Lycanroc
|move|p1a: Goodra|Scald|p2: Lycanroc|[notarget]
|-fail|p1a: Goodra
|
|-weather|SunnyDay|[upkeep]
|upkeep
|
|t:|1776032061
|switch|p2a: Exeggutor|Exeggutor, M|100/100
|turn|7
|
|t:|1776032067
|move|p2a: Exeggutor|Psychic|p1a: Goodra
|-damage|p1a: Goodra|0 fnt
|faint|p1a: Goodra
|-damage|p2a: Exeggutor|91/100|[from] item: Life Orb
|
|-weather|SunnyDay|[upkeep]
|upkeep
|
|t:|1776032073
|switch|p1a: Entei|Entei|100/100
|turn|8
|
|t:|1776032083
|-terastallize|p2a: Exeggutor|Fire
|move|p2a: Exeggutor|Growth|p2a: Exeggutor
|-boost|p2a: Exeggutor|atk|2
|-boost|p2a: Exeggutor|spa|2
|move|p1a: Entei|Sacred Fire|p2a: Exeggutor
|-resisted|p2a: Exeggutor
|-damage|p2a: Exeggutor|44/100
|
|-weather|none
|upkeep
|turn|9
|
|t:|1776032104
|switch|p2a: Torkoal|Torkoal, M|62/100
|-weather|SunnyDay|[from] ability: Drought|[of] p2a: Torkoal
|move|p1a: Entei|Stomping Tantrum|p2a: Torkoal
|-supereffective|p2a: Torkoal
|-damage|p2a: Torkoal|27/100
|
|-weather|SunnyDay|[upkeep]
|upkeep
|turn|10
|
|t:|1776032117
|switch|p2a: Exeggutor|Exeggutor, M, tera:Fire|44/100
|move|p1a: Entei|Stone Edge|p2a: Exeggutor
|-supereffective|p2a: Exeggutor
|-damage|p2a: Exeggutor|0 fnt
|faint|p2a: Exeggutor
|
|-weather|SunnyDay|[upkeep]
|upkeep
|
|t:|1776032121
|switch|p2a: Sandy Shocks|Sandy Shocks|100/100
|-activate|p2a: Sandy Shocks|ability: Protosynthesis
|-start|p2a: Sandy Shocks|protosynthesisspa
|turn|11
|
|t:|1776032134
|move|p1a: Entei|Extreme Speed|p2a: Sandy Shocks
|-damage|p2a: Sandy Shocks|70/100
|move|p2a: Sandy Shocks|Earth Power|p1a: Entei
|-supereffective|p1a: Entei
|-damage|p1a: Entei|0 fnt
|faint|p1a: Entei
|
|-weather|SunnyDay|[upkeep]
|upkeep
|
|t:|1776032142
|switch|p1a: Electrode|Electrode-Hisui|100/100
|turn|12
|inactive|Battle timer is ON: inactive players will automatically lose when time's up. (requested by yeetoo)
|
|t:|1776032160
|move|p1a: Electrode|Energy Ball|p2a: Sandy Shocks
|-supereffective|p2a: Sandy Shocks
|-damage|p2a: Sandy Shocks|0 fnt
|faint|p2a: Sandy Shocks
|-end|p2a: Sandy Shocks|Protosynthesis|[silent]
|
|-weather|SunnyDay|[upkeep]
|upkeep
|
|t:|1776032163
|switch|p2a: Torkoal|Torkoal, M|27/100
|turn|13
|
|t:|1776032167
|move|p1a: Electrode|Thunderbolt|p2a: Torkoal
|-crit|p2a: Torkoal
|-damage|p2a: Torkoal|0 fnt
|faint|p2a: Torkoal
|
|win|yeetoo
|raw|yeetoo's rating: 1266 &rarr; <strong>1285</strong><br />(+19 for winning)
|raw|Joehenderson21's rating: 1186 &rarr; <strong>1167</strong><br />(-19 for losing)
|c|☆yeetoo|ggs
|l|☆yeetoo
|player|p1|
|l|☆Joehenderson21
|player|p2|
