|html|<div class="broadcast-blue"><strong>[Gen 9] OU is currently suspecting Volcarona! For information on how to participate check out the <a href="https://www.smogon.com/tools/suspects/view/208">suspect thread</a>.</strong></div>
|j|☆YooChiJin
|j|☆Hunter Rome
|t:|1778513025
|gametype|singles
|player|p1|YooChiJin|rancher|1207
|player|p2|Hunter Rome|gentleman-gen4|1263
|gen|9
|tier|[Gen 9] OU
|rated|
|rule|HP Percentage Mod: HP is shown in percentages
|rule|Endless Battle Clause: Forcing endless battles is banned
|rule|Species Clause: Limit one of each Pokémon
|rule|OHKO Clause: OHKO moves are banned
|rule|Evasion Items Clause: Evasion items are banned
|rule|Evasion Moves Clause: Evasion moves are banned
|rule|Evasion Abilities Clause: Evasion abilities are banned
|rule|Sleep Moves Clause: Sleep-inducing moves are banned
|clearpoke
|poke|p1|Glimmora, F|
|poke|p1|Minior-Green|
|poke|p1|Kingambit, M|
|poke|p1|Garganacl, M|
|poke|p1|Ogerpon-Wellspring, F|
|poke|p1|Ceruledge, M|
|poke|p2|Grimmsnarl, M|
|poke|p2|Darkrai|
|poke|p2|Iron Moth|
|poke|p2|Gholdengo|
|poke|p2|Garganacl, F|
|poke|p2|Iron Valiant|
|teampreview
|
|t:|1778513030
|teamsize|p1|6
|teamsize|p2|6
|start
|switch|p1a: Ogerpon|Ogerpon-Wellspring, F|100/100
|switch|p2a: Grimmsnarl|Grimmsnarl, M|100/100
|turn|1
|inactive|Battle timer is ON: inactive players will automatically lose when time's up. (requested by YooChiJin)
|
|t:|1778513038
|move|p2a: Grimmsnarl|Thunder Wave|p1a: Ogerpon
|-status|p1a: Ogerpon|par
|cant|p1a: Ogerpon|par
|
|upkeep
|turn|2
|
|t:|1778513042
|move|p2a: Grimmsnarl|Reflect|p2a: Grimmsnarl
|-sidestart|p2: Hunter Rome|Reflect
|move|p1a: Ogerpon|Play Rough|p2a: Grimmsnarl
|-supereffective|p2a: Grimmsnarl
|-damage|p2a: Grimmsnarl|58/100
|
|upkeep
|turn|3
|
|t:|1778513047
|move|p2a: Grimmsnarl|Parting Shot|p1a: Ogerpon
|-unboost|p1a: Ogerpon|atk|1
|-unboost|p1a: Ogerpon|spa|1
|
|t:|1778513057
|switch|p2a: Garganacl|Garganacl, F|100/100|[from] Parting Shot
|move|p1a: Ogerpon|Play Rough|p2a: Garganacl
|-damage|p2a: Garganacl|93/100
|
|-heal|p2a: Garganacl|99/100|[from] item: Leftovers
|upkeep
|turn|4
|
|t:|1778513064
|move|p1a: Ogerpon|Ivy Cudgel|p2a: Garganacl|[anim] Ivy Cudgel Water
|-supereffective|p2a: Garganacl
|-damage|p2a: Garganacl|72/100
|move|p2a: Garganacl|Salt Cure|p1a: Ogerpon
|-damage|p1a: Ogerpon|82/100 par
|-start|p1a: Ogerpon|Salt Cure
|
|-heal|p2a: Garganacl|78/100|[from] item: Leftovers
|-damage|p1a: Ogerpon|57/100 par|[from] Salt Cure
|upkeep
|turn|5
|
|t:|1778513074
|-terastallize|p2a: Garganacl|Water
|move|p1a: Ogerpon|Knock Off|p2a: Garganacl
|-damage|p2a: Garganacl|69/100
|-enditem|p2a: Garganacl|Leftovers|[from] move: Knock Off|[of] p1a: Ogerpon
|move|p2a: Garganacl|Stealth Rock|p1a: Ogerpon
|-sidestart|p1: YooChiJin|move: Stealth Rock
|
|-damage|p1a: Ogerpon|32/100 par|[from] Salt Cure
|upkeep
|turn|6
|
|t:|1778513082
|move|p2a: Garganacl|Protect|p2a: Garganacl
|-singleturn|p2a: Garganacl|Protect
|move|p1a: Ogerpon|Play Rough|p2a: Garganacl
|-activate|p2a: Garganacl|move: Protect
|
|-damage|p1a: Ogerpon|7/100 par|[from] Salt Cure
|upkeep
|turn|7
|
|t:|1778513092
|cant|p1a: Ogerpon|par
|move|p2a: Garganacl|Recover|p2a: Garganacl
|-heal|p2a: Garganacl|100/100
|
|-damage|p1a: Ogerpon|0 fnt|[from] Salt Cure
|faint|p1a: Ogerpon
|upkeep
|
|t:|1778513099
|switch|p1a: Glimmora|Glimmora, F|100/100
|-damage|p1a: Glimmora|88/100|[from] Stealth Rock
|turn|8
|
|t:|1778513105
|move|p1a: Glimmora|Mortal Spin|p2a: Garganacl
|-damage|p2a: Garganacl|99/100
|-sideend|p1: YooChiJin|Stealth Rock|[from] move: Mortal Spin|[of] p1a: Glimmora
|move|p2a: Garganacl|Salt Cure|p1a: Glimmora
|-damage|p1a: Glimmora|70/100
|-start|p1a: Glimmora|Salt Cure
|-activate|p1a: Glimmora|ability: Toxic Debris
|-sidestart|p2: Hunter Rome|move: Toxic Spikes
|
|-damage|p1a: Glimmora|57/100|[from] Salt Cure
|upkeep
|turn|9
|
|t:|1778513114
|move|p1a: Glimmora|Stealth Rock|p2a: Garganacl
|-sidestart|p2: Hunter Rome|move: Stealth Rock
|move|p2a: Garganacl|Stealth Rock|p1a: Glimmora
|-sidestart|p1: YooChiJin|move: Stealth Rock
|
|-damage|p1a: Glimmora|45/100|[from] Salt Cure
|-sideend|p2: Hunter Rome|Reflect
|upkeep
|turn|10
|
|t:|1778513120
|switch|p2a: Gholdengo|Gholdengo|100/100
|-damage|p2a: Gholdengo|94/100|[from] Stealth Rock
|-item|p2a: Gholdengo|Air Balloon
|move|p1a: Glimmora|Mortal Spin|p2a: Gholdengo
|-immune|p2a: Gholdengo
|
|-damage|p1a: Glimmora|32/100|[from] Salt Cure
|upkeep
|turn|11
|
|t:|1778513130
|move|p1a: Glimmora|Power Gem|p2a: Gholdengo
|-resisted|p2a: Gholdengo
|-damage|p2a: Gholdengo|69/100
|-enditem|p2a: Gholdengo|Air Balloon
|move|p2a: Gholdengo|Nasty Plot|p2a: Gholdengo
|-boost|p2a: Gholdengo|spa|2
|
|-damage|p1a: Glimmora|20/100|[from] Salt Cure
|upkeep
|turn|12
|
|t:|1778513139
|move|p1a: Glimmora|Power Gem|p2a: Gholdengo
|-resisted|p2a: Gholdengo
|-damage|p2a: Gholdengo|45/100
|move|p2a: Gholdengo|Shadow Ball|p1a: Glimmora
|-damage|p1a: Glimmora|0 fnt
|faint|p1a: Glimmora
|
|upkeep
|
|t:|1778513146
|switch|p1a: Minior|Minior-Green|100/100
|-damage|p1a: Minior|76/100|[from] Stealth Rock
|-formechange|p1a: Minior|Minior-Meteor||[from] ability: Shields Down
|turn|13
|
|t:|1778513151
|move|p2a: Gholdengo|Recover|p2a: Gholdengo
|-heal|p2a: Gholdengo|96/100
|move|p1a: Minior|Shell Smash|p1a: Minior
|-unboost|p1a: Minior|def|1
|-unboost|p1a: Minior|spd|1
|-boost|p1a: Minior|atk|2
|-boost|p1a: Minior|spa|2
|-boost|p1a: Minior|spe|2
|
|upkeep
|turn|14
|
|t:|1778513160
|move|p1a: Minior|Earthquake|p2a: Gholdengo
|-supereffective|p2a: Gholdengo
|-damage|p2a: Gholdengo|0 fnt
|faint|p2a: Gholdengo
|
|upkeep
|
|t:|1778513171
|switch|p2a: Garganacl|Garganacl, F, tera:Water|99/100
|-damage|p2a: Garganacl|86/100|[from] Stealth Rock
|turn|15
|
|t:|1778513177
|move|p1a: Minior|Earthquake|p2a: Garganacl
|-damage|p2a: Garganacl|55/100
|move|p2a: Garganacl|Salt Cure|p1a: Minior
|-supereffective|p1a: Minior
|-damage|p1a: Minior|25/100
|-start|p1a: Minior|Salt Cure
|
|-damage|p1a: Minior|13/100|[from] Salt Cure
|-formechange|p1a: Minior|Minior-Green||[from] ability: Shields Down
|upkeep
|turn|16
|
|t:|1778513187
|move|p1a: Minior|Earthquake|p2a: Garganacl
|-damage|p2a: Garganacl|13/100
|move|p2a: Garganacl|Recover|p2a: Garganacl
|-heal|p2a: Garganacl|63/100
|
|-damage|p1a: Minior|0 fnt|[from] Salt Cure
|faint|p1a: Minior
|upkeep
|
|t:|1778513194
|switch|p1a: Garganacl|Garganacl, M|100/100
|-damage|p1a: Garganacl|88/100|[from] Stealth Rock
|turn|17
|
|t:|1778513199
|move|p1a: Garganacl|Iron Defense|p1a: Garganacl
|-boost|p1a: Garganacl|def|2
|move|p2a: Garganacl|Recover|p2a: Garganacl
|-heal|p2a: Garganacl|100/100
|
|-heal|p1a: Garganacl|94/100|[from] item: Leftovers
|upkeep
|turn|18
|
|t:|1778513205
|switch|p2a: Iron Valiant|Iron Valiant|100/100
|-status|p2a: Iron Valiant|psn
|-damage|p2a: Iron Valiant|94/100 psn|[from] Stealth Rock
|-enditem|p2a: Iron Valiant|Booster Energy
|-activate|p2a: Iron Valiant|ability: Quark Drive|[fromitem]
|-start|p2a: Iron Valiant|quarkdrivespe
|move|p1a: Garganacl|Salt Cure|p2a: Iron Valiant
|-resisted|p2a: Iron Valiant
|-damage|p2a: Iron Valiant|85/100 psn
|-start|p2a: Iron Valiant|Salt Cure
|
|-heal|p1a: Garganacl|100/100|[from] item: Leftovers
|-damage|p2a: Iron Valiant|73/100 psn|[from] psn
|-damage|p2a: Iron Valiant|60/100 psn|[from] Salt Cure
|upkeep
|turn|19
|
|t:|1778513219
|-terastallize|p1a: Garganacl|Ghost
|move|p2a: Iron Valiant|Close Combat|p1a: Garganacl
|-immune|p1a: Garganacl
|move|p1a: Garganacl|Iron Defense|p1a: Garganacl
|-boost|p1a: Garganacl|def|2
|
|-damage|p2a: Iron Valiant|48/100 psn|[from] psn
|-damage|p2a: Iron Valiant|35/100 psn|[from] Salt Cure
|upkeep
|turn|20
|
|t:|1778513230
|move|p2a: Iron Valiant|Knock Off|p1a: Garganacl
|-supereffective|p1a: Garganacl
|-damage|p1a: Garganacl|87/100
|-enditem|p1a: Garganacl|Leftovers|[from] move: Knock Off|[of] p2a: Iron Valiant
|move|p1a: Garganacl|Body Press|p2a: Iron Valiant
|-resisted|p2a: Iron Valiant
|-damage|p2a: Iron Valiant|0 fnt
|faint|p2a: Iron Valiant
|-end|p2a: Iron Valiant|Quark Drive|[silent]
|
|upkeep
|
|t:|1778513236
|switch|p2a: Iron Moth|Iron Moth|100/100
|-sideend|p2: Hunter Rome|move: Toxic Spikes|[of] p2a: Iron Moth
|-damage|p2a: Iron Moth|76/100|[from] Stealth Rock
|-enditem|p2a: Iron Moth|Booster Energy
|-activate|p2a: Iron Moth|ability: Quark Drive|[fromitem]
|-start|p2a: Iron Moth|quarkdrivespa
|turn|21
|
|t:|1778513243
|move|p2a: Iron Moth|Agility|p2a: Iron Moth
|-boost|p2a: Iron Moth|spe|2
|move|p1a: Garganacl|Salt Cure|p2a: Iron Moth
|-supereffective|p2a: Iron Moth
|-damage|p2a: Iron Moth|31/100
|-start|p2a: Iron Moth|Salt Cure
|
|-damage|p2a: Iron Moth|19/100|[from] Salt Cure
|upkeep
|turn|22
|
|t:|1778513255
|move|p2a: Iron Moth|Fiery Dance|p1a: Garganacl
|-damage|p1a: Garganacl|48/100
|-boost|p2a: Iron Moth|spa|1
|move|p1a: Garganacl|Recover|p1a: Garganacl
|-heal|p1a: Garganacl|98/100
|
|-damage|p2a: Iron Moth|6/100|[from] Salt Cure
|upkeep
|turn|23
|
|t:|1778513263
|move|p2a: Iron Moth|Fiery Dance|p1a: Garganacl
|-damage|p1a: Garganacl|37/100
|-boost|p2a: Iron Moth|spa|1
|move|p1a: Garganacl|Recover|p1a: Garganacl
|-heal|p1a: Garganacl|87/100
|
|-damage|p2a: Iron Moth|0 fnt|[from] Salt Cure
|faint|p2a: Iron Moth
|-end|p2a: Iron Moth|Quark Drive|[silent]
|upkeep
|
|t:|1778513270
|switch|p2a: Darkrai|Darkrai|100/100
|turn|24
|
|t:|1778513277
|move|p2a: Darkrai|Dark Pulse|p1a: Garganacl
|-supereffective|p1a: Garganacl
|-damage|p1a: Garganacl|27/100
|move|p1a: Garganacl|Body Press|p2a: Darkrai
|-supereffective|p2a: Darkrai
|-damage|p2a: Darkrai|0 fnt
|faint|p2a: Darkrai
|
|upkeep
|
|t:|1778513282
|switch|p2a: Grimmsnarl|Grimmsnarl, M|58/100
|-damage|p2a: Grimmsnarl|45/100|[from] Stealth Rock
|turn|25
|
|t:|1778513286
|move|p2a: Grimmsnarl|Thunder Wave|p1a: Garganacl
|-immune|p1a: Garganacl|[from] ability: Purifying Salt
|move|p1a: Garganacl|Recover|p1a: Garganacl
|-heal|p1a: Garganacl|77/100
|
|upkeep
|turn|26
|
|t:|1778513292
|move|p2a: Grimmsnarl|Light Screen|p2a: Grimmsnarl
|-sidestart|p2: Hunter Rome|move: Light Screen
|move|p1a: Garganacl|Body Press|p2a: Grimmsnarl
|-damage|p2a: Grimmsnarl|0 fnt
|faint|p2a: Grimmsnarl
|
|upkeep
|
|t:|1778513294
|switch|p2a: Garganacl|Garganacl, F, tera:Water|100/100
|-damage|p2a: Garganacl|88/100|[from] Stealth Rock
|turn|27
|
|t:|1778513300
|move|p2a: Garganacl|Salt Cure|p1a: Garganacl
|-damage|p1a: Garganacl|75/100
|-start|p1a: Garganacl|Salt Cure
|move|p1a: Garganacl|Salt Cure|p2a: Garganacl
|-damage|p2a: Garganacl|78/100
|-start|p2a: Garganacl|Salt Cure
|
|-damage|p1a: Garganacl|62/100|[from] Salt Cure
|-damage|p2a: Garganacl|53/100|[from] Salt Cure
|upkeep
|turn|28
|
|t:|1778513308
|move|p1a: Garganacl|Body Press|p2a: Garganacl
|-damage|p2a: Garganacl|6/100
|move|p2a: Garganacl|Recover|p2a: Garganacl
|-heal|p2a: Garganacl|56/100
|
|-damage|p2a: Garganacl|31/100|[from] Salt Cure
|-damage|p1a: Garganacl|50/100|[from] Salt Cure
|upkeep
|turn|29
|
|t:|1778513315
|move|p2a: Garganacl|Recover|p2a: Garganacl
|-heal|p2a: Garganacl|81/100
|move|p1a: Garganacl|Recover|p1a: Garganacl
|-heal|p1a: Garganacl|99/100
|
|-damage|p1a: Garganacl|87/100|[from] Salt Cure
|-damage|p2a: Garganacl|56/100|[from] Salt Cure
|upkeep
|turn|30
|
|t:|1778513322
|move|p1a: Garganacl|Body Press|p2a: Garganacl
|-damage|p2a: Garganacl|11/100
|move|p2a: Garganacl|Recover|p2a: Garganacl
|-heal|p2a: Garganacl|61/100
|
|-damage|p2a: Garganacl|36/100|[from] Salt Cure
|-damage|p1a: Garganacl|75/100|[from] Salt Cure
|upkeep
|turn|31
|-message|Hunter Rome forfeited.
|
|win|YooChiJin
|raw|YooChiJin's rating: 1207 &rarr; <strong>1236</strong><br />(+29 for winning)
|raw|Hunter Rome's rating: 1263 &rarr; <strong>1234</strong><br />(-29 for losing)
|l|☆Hunter Rome
|player|p2|
|l|☆YooChiJin
|player|p1|
