|html|<div class="broadcast-blue"><strong>[Gen 9] OU is currently suspecting Tera Blast! For information on how to participate check out the <a href="https://www.smogon.com/tools/suspects/view/200">suspect thread</a>.</strong></div>
|j|☆mally054
|j|☆Tricks12321
|t:|1776344383
|gametype|singles
|player|p1|mally054|hugh|1226
|player|p2|Tricks12321|170|1199
|gen|9
|tier|[Gen 9] OU
|rated|
|rule|HP Percentage Mod: HP is shown in percentages
|rule|Endless Battle Clause: Forcing endless battles is banned
|rule|Species Clause: Limit one of each Pokémon
|rule|OHKO Clause: OHKO moves are banned
|rule|Evasion Items Clause: Evasion items are banned
|rule|Evasion Moves Clause: Evasion moves are banned
|rule|Evasion Abilities Clause: Evasion abilities are banned
|rule|Sleep Moves Clause: Sleep-inducing moves are banned
|clearpoke
|poke|p1|Iron Crown|
|poke|p1|Great Tusk|
|poke|p1|Samurott-Hisui, F|
|poke|p1|Slowking-Galar, F|
|poke|p1|Rillaboom, M|
|poke|p1|Cinderace, M|
|poke|p2|Corviknight, M|
|poke|p2|Grimmsnarl, M|
|poke|p2|Dragonite, M|
|poke|p2|Raging Bolt|
|poke|p2|Gholdengo|
|poke|p2|Great Tusk|
|teampreview
|
|t:|1776344392
|teamsize|p1|6
|teamsize|p2|6
|start
|switch|p1a: Iron Crown|Iron Crown|100/100
|switch|p2a: Grimmsnarl|Grimmsnarl, M|100/100
|turn|1
|
|t:|1776344399
|move|p2a: Grimmsnarl|Reflect|p2a: Grimmsnarl
|-sidestart|p2: Tricks12321|Reflect
|move|p1a: Iron Crown|Tachyon Cutter|p2a: Grimmsnarl
|-supereffective|p2a: Grimmsnarl
|-damage|p2a: Grimmsnarl|59/100
|-supereffective|p2a: Grimmsnarl
|-damage|p2a: Grimmsnarl|14/100
|-hitcount|p2a: Grimmsnarl|2
|
|upkeep
|turn|2
|
|t:|1776344408
|move|p2a: Grimmsnarl|Light Screen|p2a: Grimmsnarl
|-sidestart|p2: Tricks12321|move: Light Screen
|move|p1a: Iron Crown|Tachyon Cutter|p2a: Grimmsnarl
|-supereffective|p2a: Grimmsnarl
|-damage|p2a: Grimmsnarl|0 fnt
|faint|p2a: Grimmsnarl
|-hitcount|p2: Grimmsnarl|1
|
|upkeep
|
|t:|1776344413
|switch|p2a: Gholdengo|Gholdengo|100/100
|turn|3
|
|t:|1776344418
|move|p1a: Iron Crown|Tachyon Cutter|p2a: Gholdengo
|-resisted|p2a: Gholdengo
|-damage|p2a: Gholdengo|93/100
|-resisted|p2a: Gholdengo
|-crit|p2a: Gholdengo
|-damage|p2a: Gholdengo|68/100
|-hitcount|p2a: Gholdengo|2
|move|p2a: Gholdengo|Nasty Plot|p2a: Gholdengo
|-boost|p2a: Gholdengo|spa|2
|
|upkeep
|turn|4
|
|t:|1776344426
|-end|p1a: Iron Crown|Quark Drive|[silent]
|switch|p1a: Samurott|Samurott-Hisui, F|100/100
|move|p2a: Gholdengo|Shadow Ball|p1a: Samurott
|-resisted|p1a: Samurott
|-damage|p1a: Samurott|46/100
|-damage|p2a: Gholdengo|58/100|[from] item: Life Orb
|
|upkeep
|turn|5
|
|t:|1776344465
|switch|p1a: Iron Crown|Iron Crown|100/100
|move|p2a: Gholdengo|Dazzling Gleam|p1a: Iron Crown
|-resisted|p1a: Iron Crown
|-damage|p1a: Iron Crown|62/100
|-damage|p2a: Gholdengo|48/100|[from] item: Life Orb
|
|upkeep
|turn|6
|
|t:|1776344476
|move|p1a: Iron Crown|Tachyon Cutter|p2a: Gholdengo
|-resisted|p2a: Gholdengo
|-damage|p2a: Gholdengo|40/100
|-resisted|p2a: Gholdengo
|-damage|p2a: Gholdengo|31/100
|-hitcount|p2a: Gholdengo|2
|move|p2a: Gholdengo|Shadow Ball|p1a: Iron Crown
|-supereffective|p1a: Iron Crown
|-damage|p1a: Iron Crown|0 fnt
|faint|p1a: Iron Crown
|-end|p1a: Iron Crown|Quark Drive|[silent]
|-damage|p2a: Gholdengo|21/100|[from] item: Life Orb
|
|upkeep
|
|t:|1776344485
|switch|p1a: Slowking|Slowking-Galar, F|100/100
|turn|7
|
|t:|1776344491
|move|p2a: Gholdengo|Shadow Ball|p1a: Slowking
|-supereffective|p1a: Slowking
|-crit|p1a: Slowking
|-damage|p1a: Slowking|0 fnt
|faint|p1a: Slowking
|-damage|p2a: Gholdengo|12/100|[from] item: Life Orb
|
|upkeep
|
|t:|1776344496
|switch|p1a: Samurott|Samurott-Hisui, F|46/100
|turn|8
|
|t:|1776344498
|move|p1a: Samurott|Sucker Punch|p2a: Gholdengo
|-supereffective|p2a: Gholdengo
|-damage|p2a: Gholdengo|0 fnt
|faint|p2a: Gholdengo
|
|-sideend|p2: Tricks12321|Reflect
|upkeep
|
|t:|1776344510
|switch|p2a: Great Tusk|Great Tusk|100/100
|turn|9
|
|t:|1776344524
|move|p1a: Samurott|Aqua Cutter|p2a: Great Tusk
|-supereffective|p2a: Great Tusk
|-damage|p2a: Great Tusk|42/100
|move|p2a: Great Tusk|Stealth Rock|p1a: Samurott
|-sidestart|p1: mally054|move: Stealth Rock
|
|-heal|p2a: Great Tusk|48/100|[from] item: Leftovers
|-sideend|p2: Tricks12321|move: Light Screen
|upkeep
|turn|10
|
|t:|1776344535
|-end|p2a: Great Tusk|Protosynthesis|[silent]
|switch|p2a: Corviknight|Corviknight, M, shiny|100/100
|move|p1a: Samurott|Aqua Cutter|p2a: Corviknight
|-damage|p2a: Corviknight|64/100
|
|upkeep
|turn|11
|
|t:|1776344545
|move|p1a: Samurott|Aqua Cutter|p2a: Corviknight
|-damage|p2a: Corviknight|27/100
|move|p2a: Corviknight|Body Press|p1a: Samurott
|-supereffective|p1a: Samurott
|-damage|p1a: Samurott|0 fnt
|faint|p1a: Samurott
|
|upkeep
|
|t:|1776344554
|switch|p1a: Great Tusk|Great Tusk|100/100
|-damage|p1a: Great Tusk|97/100|[from] Stealth Rock
|turn|12
|
|t:|1776344563
|move|p1a: Great Tusk|Earthquake|p2a: Corviknight
|-immune|p2a: Corviknight
|move|p2a: Corviknight|Brave Bird|p1a: Great Tusk
|-supereffective|p1a: Great Tusk
|-damage|p1a: Great Tusk|51/100
|-damage|p2a: Corviknight|8/100|[from] Recoil
|
|-heal|p1a: Great Tusk|58/100|[from] item: Leftovers
|upkeep
|turn|13
|
|t:|1776344571
|move|p1a: Great Tusk|Rapid Spin|p2a: Corviknight
|-resisted|p2a: Corviknight
|-damage|p2a: Corviknight|1/100
|-boost|p1a: Great Tusk|spe|1
|-damage|p1a: Great Tusk|41/100|[from] item: Rocky Helmet|[of] p2a: Corviknight
|-sideend|p1: mally054|Stealth Rock|[from] move: Rapid Spin|[of] p1a: Great Tusk
|move|p2a: Corviknight|Roost|p2a: Corviknight
|-heal|p2a: Corviknight|51/100
|-singleturn|p2a: Corviknight|move: Roost
|
|-heal|p1a: Great Tusk|47/100|[from] item: Leftovers
|upkeep
|turn|14
|
|t:|1776344581
|-end|p1a: Great Tusk|Protosynthesis|[silent]
|switch|p1a: Cinderace|Cinderace, M|100/100
|move|p2a: Corviknight|Roost|p2a: Corviknight
|-heal|p2a: Corviknight|100/100
|-singleturn|p2a: Corviknight|move: Roost
|
|upkeep
|turn|15
|
|t:|1776344595
|-terastallize|p2a: Corviknight|Fighting
|move|p1a: Cinderace|Pyro Ball|p2a: Corviknight
|-damage|p2a: Corviknight|44/100
|move|p2a: Corviknight|Body Press|p1a: Cinderace
|-damage|p1a: Cinderace|45/100
|
|upkeep
|turn|16
|
|t:|1776344602
|move|p1a: Cinderace|Pyro Ball|p2a: Corviknight
|-damage|p2a: Corviknight|0 fnt
|faint|p2a: Corviknight
|
|upkeep
|
|t:|1776344607
|switch|p2a: Dragonite|Dragonite, M|100/100
|turn|17
|
|t:|1776344612
|move|p1a: Cinderace|Pyro Ball|p2a: Dragonite
|-resisted|p2a: Dragonite
|-damage|p2a: Dragonite|77/100
|move|p2a: Dragonite|Dragon Dance|p2a: Dragonite
|-boost|p2a: Dragonite|atk|1
|-boost|p2a: Dragonite|spe|1
|
|upkeep
|turn|18
|
|t:|1776344618
|move|p2a: Dragonite|Extreme Speed|p1a: Cinderace
|-damage|p1a: Cinderace|0 fnt
|faint|p1a: Cinderace
|
|upkeep
|
|t:|1776344624
|switch|p1a: Great Tusk|Great Tusk|47/100
|turn|19
|
|t:|1776344636
|move|p2a: Dragonite|Extreme Speed|p1a: Great Tusk
|-damage|p1a: Great Tusk|17/100
|move|p1a: Great Tusk|Ice Spinner|p2a: Dragonite
|-supereffective|p2a: Dragonite
|-crit|p2a: Dragonite
|-damage|p2a: Dragonite|0 fnt
|faint|p2a: Dragonite
|
|-heal|p1a: Great Tusk|23/100|[from] item: Leftovers
|upkeep
|
|t:|1776344642
|switch|p2a: Raging Bolt|Raging Bolt|100/100
|turn|20
|
|t:|1776344656
|move|p2a: Raging Bolt|Draco Meteor|p1a: Great Tusk|[miss]
|-miss|p2a: Raging Bolt|p1a: Great Tusk
|move|p1a: Great Tusk|Earthquake|p2a: Raging Bolt
|-supereffective|p2a: Raging Bolt
|-crit|p2a: Raging Bolt
|-damage|p2a: Raging Bolt|0 fnt
|faint|p2a: Raging Bolt
|-end|p2a: Raging Bolt|Protosynthesis|[silent]
|
|-heal|p1a: Great Tusk|29/100|[from] item: Leftovers
|upkeep
|
|t:|1776344659
|switch|p2a: Great Tusk|Great Tusk|48/100
|turn|21
|
|t:|1776344673
|move|p2a: Great Tusk|Brick Break|p1a: Great Tusk
|-damage|p1a: Great Tusk|9/100
|move|p1a: Great Tusk|Ice Spinner|p2a: Great Tusk
|-supereffective|p2a: Great Tusk
|-damage|p2a: Great Tusk|10/100
|
|-heal|p1a: Great Tusk|15/100|[from] item: Leftovers
|-heal|p2a: Great Tusk|17/100|[from] item: Leftovers
|upkeep
|turn|22
|
|t:|1776344680
|move|p1a: Great Tusk|Ice Spinner|p2a: Great Tusk
|-supereffective|p2a: Great Tusk
|-damage|p2a: Great Tusk|0 fnt
|faint|p2a: Great Tusk
|-end|p2a: Great Tusk|Protosynthesis|[silent]
|
|win|mally054
|raw|mally054's rating: 1226 &rarr; <strong>1249</strong><br />(+23 for winning)
|raw|Tricks12321's rating: 1199 &rarr; <strong>1176</strong><br />(-23 for losing)
|l|☆mally054
|player|p1|
|j|☆mally054
|player|p1|mally054|hugh|
