|html|<div class="broadcast-blue"><strong>[Gen 9] OU is currently suspecting Tera Blast! For information on how to participate check out the <a href="https://www.smogon.com/tools/suspects/view/200">suspect thread</a>.</strong></div>
|j|☆i_love_danny_green
|j|☆Kingmorons
|t:|1776056499
|gametype|singles
|player|p1|i_love_danny_green|emmet|1123
|player|p2|Kingmorons|youngster-gen4dp|1101
|gen|9
|tier|[Gen 9] OU
|rated|
|rule|HP Percentage Mod: HP is shown in percentages
|rule|Endless Battle Clause: Forcing endless battles is banned
|rule|Species Clause: Limit one of each Pokémon
|rule|OHKO Clause: OHKO moves are banned
|rule|Evasion Items Clause: Evasion items are banned
|rule|Evasion Moves Clause: Evasion moves are banned
|rule|Evasion Abilities Clause: Evasion abilities are banned
|rule|Sleep Moves Clause: Sleep-inducing moves are banned
|clearpoke
|poke|p1|Gastrodon-East, F|
|poke|p1|Gholdengo|
|poke|p1|Hatterene, F|
|poke|p1|Mandibuzz, F|
|poke|p1|Heatran, M|
|poke|p1|Ambipom, M|
|poke|p2|Ditto|
|poke|p2|Cloyster, M|
|poke|p2|Ceruledge, M|
|poke|p2|Ursaluna, M|
|poke|p2|Porygon2|
|poke|p2|Meowth, L20, M|
|teampreview
|inactive|Battle timer is ON: inactive players will automatically lose when time's up. (requested by Kingmorons)
|
|t:|1776056512
|teamsize|p1|6
|teamsize|p2|6
|start
|switch|p1a: James Pee Pee|Ambipom, M|100/100
|switch|p2a: Meowth|Meowth, L20, M|100/100
|turn|1
|
|t:|1776056524
|-terastallize|p2a: Meowth|Ghost
|move|p1a: James Pee Pee|Fake Out|p2a: Meowth
|-immune|p2a: Meowth
|move|p2a: Meowth|Endeavor|p1a: James Pee Pee
|-damage|p1a: James Pee Pee|18/100
|
|upkeep
|turn|2
|
|t:|1776056534
|switch|p2a: Ditto|Ditto|100/100
|-transform|p2a: Ditto|p1a: James Pee Pee|[from] ability: Imposter
|move|p1a: James Pee Pee|Triple Axel|p2a: Ditto
|-damage|p2a: Ditto|85/100
|-damage|p2a: Ditto|58/100
|-damage|p2a: Ditto|17/100
|-hitcount|p2a: Ditto|3
|
|upkeep
|turn|3
|
|t:|1776056550
|move|p1a: James Pee Pee|Upper Hand||[still]
|-fail|p1a: James Pee Pee
|move|p2a: Ditto|Double Hit|p1a: James Pee Pee
|-damage|p1a: James Pee Pee|0 fnt
|faint|p1a: James Pee Pee
|-hitcount|p1: James Pee Pee|1
|
|upkeep
|
|t:|1776056565
|switch|p1a: Johnny Ballsack|Gholdengo|100/100
|turn|4
|
|t:|1776056571
|switch|p2a: Meowth|Meowth, L20, M, tera:Ghost|100/100
|move|p1a: Johnny Ballsack|Trick|p2a: Meowth
|-activate|p1a: Johnny Ballsack|move: Trick|[of] p2a: Meowth
|-item|p2a: Meowth|Choice Scarf|[from] move: Trick
|-item|p1a: Johnny Ballsack|Focus Sash|[from] move: Trick
|
|upkeep
|turn|5
|
|t:|1776056588
|move|p1a: Johnny Ballsack|Shadow Ball|p2a: Meowth
|-supereffective|p2a: Meowth
|-damage|p2a: Meowth|0 fnt
|faint|p2a: Meowth
|
|upkeep
|
|t:|1776056593
|switch|p2a: Ceruledge|Ceruledge, M, shiny|100/100
|turn|6
|
|t:|1776056606
|move|p1a: Johnny Ballsack|Shadow Ball|p2a: Ceruledge
|-supereffective|p2a: Ceruledge
|-damage|p2a: Ceruledge|0 fnt
|faint|p2a: Ceruledge
|
|upkeep
|
|t:|1776056612
|switch|p2a: Porygon2|Porygon2|100/100
|-ability|p2a: Porygon2|Good as Gold|Trace|[from] ability: Trace|[of] p1a: Johnny Ballsack
|turn|7
|
|t:|1776056618
|move|p1a: Johnny Ballsack|Nasty Plot|p1a: Johnny Ballsack
|-boost|p1a: Johnny Ballsack|spa|2
|move|p2a: Porygon2|Discharge|p1a: Johnny Ballsack
|-damage|p1a: Johnny Ballsack|68/100
|
|upkeep
|turn|8
|
|t:|1776056626
|move|p1a: Johnny Ballsack|Make It Rain|p2a: Porygon2
|-damage|p2a: Porygon2|9/100
|-unboost|p1a: Johnny Ballsack|spa|1
|move|p2a: Porygon2|Discharge|p1a: Johnny Ballsack
|-damage|p1a: Johnny Ballsack|40/100
|-status|p1a: Johnny Ballsack|par
|
|upkeep
|turn|9
|
|t:|1776056635
|move|p1a: Johnny Ballsack|Make It Rain|p2a: Porygon2
|-damage|p2a: Porygon2|0 fnt
|-unboost|p1a: Johnny Ballsack|spa|1
|faint|p2a: Porygon2
|
|upkeep
|
|t:|1776056639
|switch|p2a: Ditto|Ditto|17/100
|-transform|p2a: Ditto|p1a: Johnny Ballsack|[from] ability: Imposter
|turn|10
|
|t:|1776056645
|move|p2a: Ditto|Shadow Ball|p1a: Johnny Ballsack
|-supereffective|p1a: Johnny Ballsack
|-damage|p1a: Johnny Ballsack|0 fnt
|faint|p1a: Johnny Ballsack
|
|upkeep
|
|t:|1776056657
|switch|p1a: Great Barrier Pete|Gastrodon-East, F|100/100
|turn|11
|
|t:|1776056667
|move|p2a: Ditto|Nasty Plot|p2a: Ditto
|-boost|p2a: Ditto|spa|2
|move|p1a: Great Barrier Pete|Earth Power|p2a: Ditto
|-supereffective|p2a: Ditto
|-damage|p2a: Ditto|0 fnt
|faint|p2a: Ditto
|
|upkeep
|
|t:|1776056670
|switch|p2a: Ursaluna|Ursaluna, M|100/100
|turn|12
|
|t:|1776056678
|move|p2a: Ursaluna|Swords Dance|p2a: Ursaluna
|-boost|p2a: Ursaluna|atk|2
|move|p1a: Great Barrier Pete|Surf|p2a: Ursaluna
|-supereffective|p2a: Ursaluna
|-damage|p2a: Ursaluna|45/100
|
|-status|p2a: Ursaluna|brn|[from] item: Flame Orb
|upkeep
|turn|13
|
|t:|1776056688
|move|p2a: Ursaluna|Facade|p1a: Great Barrier Pete
|-damage|p1a: Great Barrier Pete|0 fnt
|faint|p1a: Great Barrier Pete
|
|-damage|p2a: Ursaluna|38/100 brn|[from] brn
|upkeep
|
|t:|1776056702
|switch|p1a: Cerveza Cristal|Heatran, M|100/100
|-item|p1a: Cerveza Cristal|Air Balloon
|turn|14
|
|t:|1776056708
|move|p1a: Cerveza Cristal|Protect|p1a: Cerveza Cristal
|-singleturn|p1a: Cerveza Cristal|Protect
|move|p2a: Ursaluna|Facade|p1a: Cerveza Cristal
|-activate|p1a: Cerveza Cristal|move: Protect
|
|-damage|p2a: Ursaluna|32/100 brn|[from] brn
|upkeep
|turn|15
|
|t:|1776056719
|move|p2a: Ursaluna|Facade|p1a: Cerveza Cristal
|-resisted|p1a: Cerveza Cristal
|-damage|p1a: Cerveza Cristal|7/100
|-enditem|p1a: Cerveza Cristal|Air Balloon
|move|p1a: Cerveza Cristal|Flamethrower|p2a: Ursaluna
|-damage|p2a: Ursaluna|0 fnt
|faint|p2a: Ursaluna
|
|upkeep
|
|t:|1776056722
|switch|p2a: Cloyster|Cloyster, M|100/100
|turn|16
|
|t:|1776056729
|move|p2a: Cloyster|Shell Smash|p2a: Cloyster
|-unboost|p2a: Cloyster|def|1
|-unboost|p2a: Cloyster|spd|1
|-boost|p2a: Cloyster|atk|2
|-boost|p2a: Cloyster|spa|2
|-boost|p2a: Cloyster|spe|2
|move|p1a: Cerveza Cristal|Flamethrower|p2a: Cloyster
|-enditem|p2a: Cloyster|Focus Sash
|-damage|p2a: Cloyster|1/100
|
|upkeep
|turn|17
|
|t:|1776056740
|move|p2a: Cloyster|Drill Run|p1a: Cerveza Cristal
|-supereffective|p1a: Cerveza Cristal
|-damage|p1a: Cerveza Cristal|0 fnt
|faint|p1a: Cerveza Cristal
|
|upkeep
|
|t:|1776056744
|switch|p1a: Mandiddy Blud|Mandibuzz, F|100/100
|turn|18
|
|t:|1776056748
|-terastallize|p1a: Mandiddy Blud|Dark
|move|p2a: Cloyster|Icicle Spear|p1a: Mandiddy Blud
|-damage|p1a: Mandiddy Blud|88/100
|-damage|p1a: Mandiddy Blud|74/100
|-damage|p1a: Mandiddy Blud|62/100
|-damage|p1a: Mandiddy Blud|47/100
|-damage|p1a: Mandiddy Blud|33/100
|-hitcount|p1a: Mandiddy Blud|5
|move|p1a: Mandiddy Blud|Foul Play|p2a: Cloyster
|-damage|p2a: Cloyster|0 fnt
|faint|p2a: Cloyster
|
|win|i_love_danny_green
|raw|i_love_danny_green's rating: 1123 &rarr; <strong>1146</strong><br />(+23 for winning)
|raw|Kingmorons's rating: 1101 &rarr; <strong>1078</strong><br />(-23 for losing)
|l|☆Kingmorons
|player|p2|
|l|☆i_love_danny_green
|player|p1|
