|html|<div class="broadcast-blue"><strong>[Gen 9] OU is currently suspecting Tera Blast! For information on how to participate check out the <a href="https://www.smogon.com/tools/suspects/view/200">suspect thread</a>.</strong></div>
|j|☆Yespoleon
|j|☆vzn.exe
|t:|1776094569
|gametype|singles
|player|p1|Yespoleon|brock|1460
|player|p2|vzn.exe|lusamine-nihilego|1471
|gen|9
|tier|[Gen 9] OU
|rated|
|rule|HP Percentage Mod: HP is shown in percentages
|rule|Endless Battle Clause: Forcing endless battles is banned
|rule|Species Clause: Limit one of each Pokémon
|rule|OHKO Clause: OHKO moves are banned
|rule|Evasion Items Clause: Evasion items are banned
|rule|Evasion Moves Clause: Evasion moves are banned
|rule|Evasion Abilities Clause: Evasion abilities are banned
|rule|Sleep Moves Clause: Sleep-inducing moves are banned
|clearpoke
|poke|p1|Darkrai|
|poke|p1|Sinistcha-Masterpiece|
|poke|p1|Blissey, F|
|poke|p1|Gliscor, M|
|poke|p1|Dondozo, M|
|poke|p1|Kingambit, F|
|poke|p2|Garganacl, M|
|poke|p2|Darkrai|
|poke|p2|Great Tusk|
|poke|p2|Hatterene, F|
|poke|p2|Tornadus-Therian, M|
|poke|p2|Dragonite, M|
|teampreview
|inactive|Battle timer is ON: inactive players will automatically lose when time's up. (requested by Yespoleon)
|
|t:|1776094588
|teamsize|p1|6
|teamsize|p2|6
|start
|switch|p1a: Gliscor|Gliscor, M, shiny|100/100
|switch|p2a: Darkrai|Darkrai|100/100
|turn|1
|inactive|vzn.exe also wants the timer to be on.
|
|t:|1776094605
|move|p1a: Gliscor|Protect|p1a: Gliscor
|-singleturn|p1a: Gliscor|Protect
|move|p2a: Darkrai|Dark Pulse|p1a: Gliscor
|-activate|p1a: Gliscor|move: Protect
|
|-status|p1a: Gliscor|tox|[from] item: Toxic Orb
|upkeep
|turn|2
|
|t:|1776094622
|switch|p1a: Blissey|Blissey, F, shiny|100/100
|move|p2a: Darkrai|Dark Pulse|p1a: Blissey
|-damage|p1a: Blissey|82/100
|
|upkeep
|turn|3
|
|t:|1776094640
|switch|p2a: Hatterene|Hatterene, F|100/100
|move|p1a: Blissey|Seismic Toss|p2a: Hatterene
|-damage|p2a: Hatterene|69/100
|-damage|p1a: Blissey|65/100|[from] item: Rocky Helmet|[of] p2a: Hatterene
|
|upkeep
|turn|4
|inactive|vzn.exe has 120 seconds left.
|
|t:|1776094657
|move|p1a: Blissey|Seismic Toss|p2a: Hatterene
|-damage|p2a: Hatterene|37/100
|-damage|p1a: Blissey|49/100|[from] item: Rocky Helmet|[of] p2a: Hatterene
|move|p2a: Hatterene|Pain Split|p1a: Blissey
|-sethp|p1a: Blissey|33/100|[from] move: Pain Split|[silent]
|-sethp|p2a: Hatterene|69/100|[from] move: Pain Split
|
|upkeep
|turn|5
|inactive|vzn.exe has 120 seconds left.
|
|t:|1776094675
|move|p1a: Blissey|Seismic Toss|p2a: Hatterene
|-damage|p2a: Hatterene|37/100
|-damage|p1a: Blissey|17/100|[from] item: Rocky Helmet|[of] p2a: Hatterene
|move|p2a: Hatterene|Future Sight|p1a: Blissey
|-start|p2a: Hatterene|move: Future Sight
|
|upkeep
|turn|6
|inactive|vzn.exe has 120 seconds left.
|
|t:|1776094692
|switch|p2a: Great Tusk|Great Tusk|100/100
|-enditem|p2a: Great Tusk|Booster Energy
|-activate|p2a: Great Tusk|ability: Protosynthesis|[fromitem]
|-start|p2a: Great Tusk|protosynthesisatk
|move|p1a: Blissey|Soft-Boiled|p1a: Blissey
|-heal|p1a: Blissey|67/100
|
|upkeep
|turn|7
|
|t:|1776094709
|switch|p1a: Gliscor|Gliscor, M, shiny|100/100 tox
|move|p2a: Great Tusk|Headlong Rush|p1a: Gliscor
|-immune|p1a: Gliscor
|
|-end|p1a: Gliscor|move: Future Sight
|-damage|p1a: Gliscor|40/100 tox
|-heal|p1a: Gliscor|52/100 tox|[from] ability: Poison Heal
|upkeep
|turn|8
|
|t:|1776094726
|switch|p1a: Dondozo|Dondozo, M, shiny|100/100
|move|p2a: Great Tusk|Ice Spinner|p1a: Dondozo
|-resisted|p1a: Dondozo
|-damage|p1a: Dondozo|92/100
|
|upkeep
|turn|9
|
|t:|1776094744
|-end|p2a: Great Tusk|Protosynthesis|[silent]
|switch|p2a: Dragonite|Dragonite, M|100/100
|move|p1a: Dondozo|Avalanche|p2a: Dragonite
|-supereffective|p2a: Dragonite
|-damage|p2a: Dragonite|72/100
|
|upkeep
|turn|10
|inactive|vzn.exe has 90 seconds left.
|
|t:|1776094762
|move|p2a: Dragonite|Roost|p2a: Dragonite
|-heal|p2a: Dragonite|100/100
|-singleturn|p2a: Dragonite|move: Roost
|move|p1a: Dondozo|Curse|p1a: Dondozo
|-unboost|p1a: Dondozo|spe|1
|-boost|p1a: Dondozo|atk|1
|-boost|p1a: Dondozo|def|1
|
|upkeep
|turn|11
|c|☆Yespoleon|why did you bring dnite in against dozo
|inactive|vzn.exe has 90 seconds left.
|
|t:|1776094778
|switch|p2a: Hatterene|Hatterene, F|37/100
|move|p1a: Dondozo|Avalanche|p2a: Hatterene
|-damage|p2a: Hatterene|21/100
|-damage|p1a: Dondozo|75/100|[from] item: Rocky Helmet|[of] p2a: Hatterene
|
|upkeep
|turn|12
|inactive|vzn.exe has 90 seconds left.
|
|t:|1776094796
|switch|p1a: Gliscor|Gliscor, M, shiny|52/100 tox
|move|p2a: Hatterene|Pain Split|p1a: Gliscor
|-sethp|p1a: Gliscor|35/100 tox|[from] move: Pain Split|[silent]
|-sethp|p2a: Hatterene|40/100|[from] move: Pain Split
|
|-heal|p1a: Gliscor|48/100 tox|[from] ability: Poison Heal
|upkeep
|turn|13
|
|t:|1776094813
|move|p1a: Gliscor|Earthquake|p2a: Hatterene
|-damage|p2a: Hatterene|14/100
|move|p2a: Hatterene|Pain Split|p1a: Gliscor
|-sethp|p1a: Gliscor|30/100 tox|[from] move: Pain Split|[silent]
|-sethp|p2a: Hatterene|34/100|[from] move: Pain Split
|
|-heal|p1a: Gliscor|43/100 tox|[from] ability: Poison Heal
|upkeep
|turn|14
|
|t:|1776094830
|move|p1a: Gliscor|Earthquake|p2a: Hatterene
|-damage|p2a: Hatterene|7/100
|move|p2a: Hatterene|Dazzling Gleam|p1a: Gliscor
|-damage|p1a: Gliscor|0 fnt
|faint|p1a: Gliscor
|
|upkeep
|
|t:|1776094837
|switch|p1a: Darkrai|Darkrai, shiny|100/100
|turn|15
|
|t:|1776094854
|switch|p2a: Garganacl|Garganacl, M|100/100
|move|p1a: Darkrai|Knock Off|p2a: Garganacl
|-damage|p2a: Garganacl|82/100
|-enditem|p2a: Garganacl|Leftovers|[from] move: Knock Off|[of] p1a: Darkrai
|
|upkeep
|turn|16
|
|t:|1776094871
|switch|p1a: Sinistcha|Sinistcha-Masterpiece, shiny|100/100
|move|p2a: Garganacl|Salt Cure|p1a: Sinistcha
|-crit|p1a: Sinistcha
|-damage|p1a: Sinistcha|85/100
|-start|p1a: Sinistcha|Salt Cure
|
|-damage|p1a: Sinistcha|72/100|[from] Salt Cure
|upkeep
|turn|17
|inactive|vzn.exe has 60 seconds left.
|
|t:|1776094889
|move|p1a: Sinistcha|Strength Sap|p2a: Garganacl
|-unboost|p2a: Garganacl|atk|1
|-heal|p1a: Sinistcha|100/100
|move|p2a: Garganacl|Recover|p2a: Garganacl
|-heal|p2a: Garganacl|100/100
|
|-damage|p1a: Sinistcha|88/100|[from] Salt Cure
|upkeep
|turn|18
|inactive|vzn.exe has 60 seconds left.
|
|t:|1776094906
|switch|p2a: Dragonite|Dragonite, M|100/100
|move|p1a: Sinistcha|Calm Mind|p1a: Sinistcha
|-boost|p1a: Sinistcha|spa|1
|-boost|p1a: Sinistcha|spd|1
|
|-damage|p1a: Sinistcha|76/100|[from] Salt Cure
|upkeep
|turn|19
|inactive|vzn.exe has 60 seconds left.
|
|t:|1776094923
|switch|p2a: Tornadus|Tornadus-Therian, M, shiny|100/100
|move|p1a: Sinistcha|Hex|p2a: Tornadus
|-damage|p2a: Tornadus|74/100
|
|-damage|p1a: Sinistcha|63/100|[from] Salt Cure
|upkeep
|turn|20
|
|t:|1776094932
|switch|p1a: Blissey|Blissey, F, shiny|67/100
|move|p2a: Tornadus|Bleakwind Storm|p1a: Blissey
|-damage|p1a: Blissey|56/100
|
|upkeep
|turn|21
|inactive|vzn.exe has 60 seconds left.
|
|t:|1776094942
|move|p2a: Tornadus|U-turn|p1a: Blissey
|-damage|p1a: Blissey|40/100
|inactive|vzn.exe has 60 seconds left.
|
|t:|1776094959
|switch|p2a: Great Tusk|Great Tusk|100/100|[from] U-turn
|move|p1a: Blissey|Soft-Boiled|p1a: Blissey
|-heal|p1a: Blissey|90/100
|
|upkeep
|turn|22
|
|t:|1776094976
|switch|p1a: Sinistcha|Sinistcha-Masterpiece, shiny|63/100
|move|p2a: Great Tusk|Ice Spinner|p1a: Sinistcha
|-supereffective|p1a: Sinistcha
|-damage|p1a: Sinistcha|22/100
|
|upkeep
|turn|23
|
|t:|1776094985
|move|p2a: Great Tusk|Ice Spinner|p1a: Sinistcha
|-supereffective|p1a: Sinistcha
|-damage|p1a: Sinistcha|0 fnt
|faint|p1a: Sinistcha
|
|upkeep
|
|t:|1776094988
|switch|p1a: Darkrai|Darkrai, shiny|100/100
|turn|24
|inactive|vzn.exe has 60 seconds left.
|
|t:|1776094997
|-end|p2a: Great Tusk|Protosynthesis|[silent]
|switch|p2a: Garganacl|Garganacl, M|100/100
|move|p1a: Darkrai|Ice Beam|p2a: Garganacl
|-damage|p2a: Garganacl|78/100
|
|upkeep
|turn|25
|inactive|vzn.exe has 60 seconds left.
|
|t:|1776095015
|switch|p1a: Blissey|Blissey, F, shiny|90/100
|move|p2a: Garganacl|Salt Cure|p1a: Blissey
|-damage|p1a: Blissey|77/100
|-start|p1a: Blissey|Salt Cure
|
|-damage|p1a: Blissey|64/100|[from] Salt Cure
|upkeep
|turn|26
|inactive|vzn.exe has 60 seconds left.
|
|t:|1776095032
|move|p1a: Blissey|Stealth Rock|p2a: Garganacl
|-sidestart|p2: vzn.exe|move: Stealth Rock
|move|p2a: Garganacl|Recover|p2a: Garganacl
|-heal|p2a: Garganacl|100/100
|
|-damage|p1a: Blissey|52/100|[from] Salt Cure
|upkeep
|turn|27
|
|t:|1776095041
|move|p1a: Blissey|Soft-Boiled|p1a: Blissey
|-heal|p1a: Blissey|100/100
|move|p2a: Garganacl|Salt Cure|p1a: Blissey
|-damage|p1a: Blissey|85/100
|
|-damage|p1a: Blissey|73/100|[from] Salt Cure
|upkeep
|turn|28
|inactive|vzn.exe has 60 seconds left.
|
|t:|1776095049
|move|p1a: Blissey|Seismic Toss|p2a: Garganacl
|-damage|p2a: Garganacl|76/100
|move|p2a: Garganacl|Salt Cure|p1a: Blissey
|-damage|p1a: Blissey|60/100
|
|-damage|p1a: Blissey|47/100|[from] Salt Cure
|upkeep
|turn|29
|
|t:|1776095059
|move|p1a: Blissey|Soft-Boiled|p1a: Blissey
|-heal|p1a: Blissey|97/100
|move|p2a: Garganacl|Recover|p2a: Garganacl
|-heal|p2a: Garganacl|100/100
|
|-damage|p1a: Blissey|85/100|[from] Salt Cure
|upkeep
|turn|30
|
|t:|1776095068
|move|p1a: Blissey|Seismic Toss|p2a: Garganacl
|-damage|p2a: Garganacl|76/100
|move|p2a: Garganacl|Salt Cure|p1a: Blissey
|-damage|p1a: Blissey|69/100
|
|-damage|p1a: Blissey|57/100|[from] Salt Cure
|upkeep
|turn|31
|
|t:|1776095077
|switch|p1a: Kingambit|Kingambit, F, shiny|100/100
|-activate|p1a: Kingambit|ability: Supreme Overlord
|-start|p1a: Kingambit|fallen2|[silent]
|move|p2a: Garganacl|Recover|p2a: Garganacl
|-heal|p2a: Garganacl|100/100
|
|upkeep
|turn|32
|
|t:|1776095093
|move|p1a: Kingambit|Iron Head|p2a: Garganacl
|-supereffective|p2a: Garganacl
|-damage|p2a: Garganacl|20/100
|move|p2a: Garganacl|Salt Cure|p1a: Kingambit
|-resisted|p1a: Kingambit
|-damage|p1a: Kingambit|95/100
|-start|p1a: Kingambit|Salt Cure
|
|-damage|p1a: Kingambit|70/100|[from] Salt Cure
|upkeep
|turn|33
|
|t:|1776095113
|-end|p1a: Kingambit|fallen2|[silent]
|switch|p1a: Darkrai|Darkrai, shiny|100/100
|move|p2a: Garganacl|Recover|p2a: Garganacl
|-heal|p2a: Garganacl|70/100
|
|upkeep
|turn|34
|inactive|vzn.exe has 60 seconds left.
|
|t:|1776095130
|switch|p1a: Blissey|Blissey, F, shiny|57/100
|move|p2a: Garganacl|Salt Cure|p1a: Blissey
|-damage|p1a: Blissey|42/100
|-start|p1a: Blissey|Salt Cure
|
|-damage|p1a: Blissey|30/100|[from] Salt Cure
|upkeep
|turn|35
|
|t:|1776095138
|switch|p1a: Kingambit|Kingambit, F, shiny|70/100
|-activate|p1a: Kingambit|ability: Supreme Overlord
|-start|p1a: Kingambit|fallen2|[silent]
|move|p2a: Garganacl|Recover|p2a: Garganacl
|-heal|p2a: Garganacl|100/100
|
|upkeep
|turn|36
|inactive|vzn.exe has 60 seconds left.
|
|t:|1776095155
|switch|p2a: Hatterene|Hatterene, F|7/100
|-damage|p2a: Hatterene|0 fnt|[from] Stealth Rock
|faint|p2a: Hatterene
|move|p1a: Kingambit|Iron Head|p2: Hatterene|[notarget]
|-fail|p1a: Kingambit
|
|upkeep
|inactive|vzn.exe has 60 seconds left.
|
|t:|1776095172
|switch|p2a: Great Tusk|Great Tusk|100/100
|-damage|p2a: Great Tusk|98/100|[from] Stealth Rock
|turn|37
|
|t:|1776095188
|-end|p1a: Kingambit|fallen2|[silent]
|switch|p1a: Dondozo|Dondozo, M, shiny|75/100
|move|p2a: Great Tusk|Rapid Spin|p1a: Dondozo
|-damage|p1a: Dondozo|66/100
|-boost|p2a: Great Tusk|spe|1
|-sideend|p2: vzn.exe|Stealth Rock|[from] move: Rapid Spin|[of] p2a: Great Tusk
|
|upkeep
|turn|38
|
|t:|1776095198
|-end|p2a: Great Tusk|Protosynthesis|[silent]
|switch|p2a: Darkrai|Darkrai|100/100
|move|p1a: Dondozo|Avalanche|p2a: Darkrai
|-damage|p2a: Darkrai|82/100
|
|upkeep
|turn|39
|
|t:|1776095208
|switch|p1a: Kingambit|Kingambit, F, shiny|70/100
|-activate|p1a: Kingambit|ability: Supreme Overlord
|-start|p1a: Kingambit|fallen2|[silent]
|move|p2a: Darkrai|Dark Pulse|p1a: Kingambit
|-resisted|p1a: Kingambit
|-damage|p1a: Kingambit|35/100
|
|upkeep
|turn|40
|inactive|vzn.exe has 60 seconds left.
|
|t:|1776095222
|move|p2a: Darkrai|Dark Pulse|p1a: Kingambit
|-resisted|p1a: Kingambit
|-damage|p1a: Kingambit|0 fnt
|faint|p1a: Kingambit
|-end|p1a: Kingambit|fallen2|[silent]
|
|upkeep
|
|t:|1776095225
|switch|p1a: Blissey|Blissey, F, shiny|30/100
|turn|41
|
|t:|1776095234
|move|p2a: Darkrai|Dark Pulse|p1a: Blissey
|-damage|p1a: Blissey|8/100
|cant|p1a: Blissey|flinch
|
|upkeep
|turn|42
|-message|Yespoleon forfeited.
|
|win|vzn.exe
|raw|Yespoleon's rating: 1460 &rarr; <strong>1441</strong><br />(-19 for losing)
|raw|vzn.exe's rating: 1471 &rarr; <strong>1490</strong><br />(+19 for winning)
|l|☆Yespoleon
|player|p1|
