|html|<div class="broadcast-blue"><strong>[Gen 9] OU is currently suspecting Tera Blast! For information on how to participate check out the <a href="https://www.smogon.com/tools/suspects/view/200">suspect thread</a>.</strong></div>
|j|☆TBSBB
|j|☆neckhurt stew
|t:|1776319095
|gametype|singles
|player|p1|TBSBB|nita|1119
|player|p2|neckhurt stew|youngcouple-gen4dp|1159
|gen|9
|tier|[Gen 9] OU
|rated|
|rule|HP Percentage Mod: HP is shown in percentages
|rule|Endless Battle Clause: Forcing endless battles is banned
|rule|Species Clause: Limit one of each Pokémon
|rule|OHKO Clause: OHKO moves are banned
|rule|Evasion Items Clause: Evasion items are banned
|rule|Evasion Moves Clause: Evasion moves are banned
|rule|Evasion Abilities Clause: Evasion abilities are banned
|rule|Sleep Moves Clause: Sleep-inducing moves are banned
|clearpoke
|poke|p1|Sinistcha|
|poke|p1|Gliscor, F|
|poke|p1|Tinkaton, F|
|poke|p1|Keldeo|
|poke|p1|Ting-Lu|
|poke|p1|Dragonite, F|
|poke|p2|Tinkaton, F|
|poke|p2|Alomomola, M|
|poke|p2|Hydreigon, M|
|poke|p2|Ogerpon, F|
|poke|p2|Great Tusk|
|poke|p2|Pecharunt|
|teampreview
|
|t:|1776319114
|teamsize|p1|6
|teamsize|p2|6
|start
|switch|p1a: Ting-Lu|Ting-Lu|100/100
|switch|p2a: Tinkaton|Tinkaton, F, shiny|100/100
|-item|p2a: Tinkaton|Air Balloon
|-ability|p1a: Ting-Lu|Vessel of Ruin
|turn|1
|
|t:|1776319118
|move|p2a: Tinkaton|Knock Off|p1a: Ting-Lu
|-resisted|p1a: Ting-Lu
|-damage|p1a: Ting-Lu|94/100
|-enditem|p1a: Ting-Lu|Leftovers|[from] move: Knock Off|[of] p2a: Tinkaton
|move|p1a: Ting-Lu|Spikes|p2a: Tinkaton
|-sidestart|p2: neckhurt stew|Spikes
|
|upkeep
|turn|2
|
|t:|1776319131
|move|p2a: Tinkaton|Stealth Rock|p1a: Ting-Lu
|-sidestart|p1: TBSBB|move: Stealth Rock
|move|p1a: Ting-Lu|Ruination|p2a: Tinkaton
|-damage|p2a: Tinkaton|51/100
|-enditem|p2a: Tinkaton|Air Balloon
|
|upkeep
|turn|3
|
|t:|1776319145
|switch|p2a: Ogerpon|Ogerpon, F|100/100
|-damage|p2a: Ogerpon|88/100|[from] Spikes
|move|p1a: Ting-Lu|Spikes|p2a: Ogerpon
|-sidestart|p2: neckhurt stew|Spikes
|
|upkeep
|turn|4
|
|t:|1776319183
|move|p2a: Ogerpon|Knock Off|p1a: Ting-Lu
|-resisted|p1a: Ting-Lu
|-damage|p1a: Ting-Lu|86/100
|move|p1a: Ting-Lu|Whirlwind|p2a: Ogerpon
|drag|p2a: Great Tusk|Great Tusk, shiny|100/100
|
|upkeep
|turn|5
|
|t:|1776319189
|switch|p1a: Sinistcha|Sinistcha|100/100
|move|p2a: Great Tusk|Ice Spinner|p1a: Sinistcha
|-supereffective|p1a: Sinistcha
|-damage|p1a: Sinistcha|62/100
|
|upkeep
|turn|6
|
|t:|1776319194
|-end|p2a: Great Tusk|Protosynthesis|[silent]
|switch|p2a: Hydreigon|Hydreigon, M|100/100
|move|p1a: Sinistcha|Strength Sap|p2a: Hydreigon
|-unboost|p2a: Hydreigon|atk|1
|-heal|p1a: Sinistcha|100/100
|
|upkeep
|turn|7
|
|t:|1776319200
|switch|p1a: Tinkaton|Tinkaton, F|100/100
|-damage|p1a: Tinkaton|94/100|[from] Stealth Rock
|-item|p1a: Tinkaton|Air Balloon
|move|p2a: Hydreigon|Draco Meteor|p1a: Tinkaton
|-immune|p1a: Tinkaton
|
|upkeep
|turn|8
|
|t:|1776319209
|switch|p2a: Great Tusk|Great Tusk, shiny|100/100
|move|p1a: Tinkaton|Thunder Wave|p2a: Great Tusk
|-immune|p2a: Great Tusk
|
|upkeep
|turn|9
|
|t:|1776319218
|-end|p2a: Great Tusk|Protosynthesis|[silent]
|switch|p2a: Hydreigon|Hydreigon, M|100/100
|move|p1a: Tinkaton|Stealth Rock|p2a: Hydreigon
|-sidestart|p2: neckhurt stew|move: Stealth Rock
|
|upkeep
|turn|10
|
|t:|1776319226
|switch|p2a: Great Tusk|Great Tusk, shiny|100/100
|move|p1a: Tinkaton|Gigaton Hammer|p2a: Great Tusk
|-damage|p2a: Great Tusk|69/100
|
|upkeep
|turn|11
|
|t:|1776319229
|switch|p1a: Sinistcha|Sinistcha|100/100
|move|p2a: Great Tusk|Ice Spinner|p1a: Sinistcha
|-supereffective|p1a: Sinistcha
|-damage|p1a: Sinistcha|64/100
|
|upkeep
|turn|12
|
|t:|1776319234
|-end|p2a: Great Tusk|Protosynthesis|[silent]
|switch|p2a: Hydreigon|Hydreigon, M|100/100
|-damage|p2a: Hydreigon|88/100|[from] Stealth Rock
|move|p1a: Sinistcha|Strength Sap|p2a: Hydreigon
|-unboost|p2a: Hydreigon|atk|1
|-heal|p1a: Sinistcha|100/100
|
|upkeep
|turn|13
|
|t:|1776319240
|switch|p1a: Ting-Lu|Ting-Lu|86/100
|-damage|p1a: Ting-Lu|80/100|[from] Stealth Rock
|-ability|p1a: Ting-Lu|Vessel of Ruin
|move|p2a: Hydreigon|Dark Pulse|p1a: Ting-Lu
|-resisted|p1a: Ting-Lu
|-damage|p1a: Ting-Lu|67/100
|
|upkeep
|turn|14
|
|t:|1776319251
|switch|p2a: Great Tusk|Great Tusk, shiny|69/100
|move|p1a: Ting-Lu|Ruination|p2a: Great Tusk
|-damage|p2a: Great Tusk|35/100
|
|upkeep
|turn|15
|
|t:|1776319256
|-end|p2a: Great Tusk|Protosynthesis|[silent]
|switch|p2a: Hydreigon|Hydreigon, M|88/100
|-damage|p2a: Hydreigon|76/100|[from] Stealth Rock
|switch|p1a: Sinistcha|Sinistcha|100/100
|
|upkeep
|turn|16
|
|t:|1776319260
|switch|p1a: Tinkaton|Tinkaton, F|94/100
|-damage|p1a: Tinkaton|88/100|[from] Stealth Rock
|-item|p1a: Tinkaton|Air Balloon
|move|p2a: Hydreigon|Dark Pulse|p1a: Tinkaton
|-resisted|p1a: Tinkaton
|-damage|p1a: Tinkaton|63/100
|-enditem|p1a: Tinkaton|Air Balloon
|
|upkeep
|turn|17
|
|t:|1776319267
|switch|p2a: Great Tusk|Great Tusk, shiny|35/100
|move|p1a: Tinkaton|Gigaton Hammer|p2a: Great Tusk
|-damage|p2a: Great Tusk|0 fnt
|faint|p2a: Great Tusk
|-end|p2a: Great Tusk|Protosynthesis|[silent]
|
|upkeep
|
|t:|1776319277
|switch|p2a: Pecharunt|Pecharunt|100/100
|-damage|p2a: Pecharunt|84/100|[from] Spikes
|-damage|p2a: Pecharunt|71/100|[from] Stealth Rock
|turn|18
|
|t:|1776319281
|move|p1a: Tinkaton|Thunder Wave|p2a: Pecharunt
|-status|p2a: Pecharunt|par
|cant|p2a: Pecharunt|par
|
|upkeep
|turn|19
|
|t:|1776319287
|move|p1a: Tinkaton|Gigaton Hammer|p2a: Pecharunt
|-damage|p2a: Pecharunt|52/100 par
|move|p2a: Pecharunt|Shadow Ball|p1a: Tinkaton
|-damage|p1a: Tinkaton|42/100
|
|upkeep
|turn|20
|
|t:|1776319292
|move|p1a: Tinkaton|Encore|p2a: Pecharunt
|-start|p2a: Pecharunt|Encore
|move|p2a: Pecharunt|Shadow Ball|p1a: Tinkaton
|-damage|p1a: Tinkaton|19/100
|
|upkeep
|turn|21
|
|t:|1776319295
|switch|p1a: Gliscor|Gliscor, F|100/100
|-damage|p1a: Gliscor|88/100|[from] Stealth Rock
|move|p2a: Pecharunt|Shadow Ball|p1a: Gliscor
|-damage|p1a: Gliscor|59/100
|
|-status|p1a: Gliscor|tox|[from] item: Toxic Orb
|upkeep
|turn|22
|
|t:|1776319301
|switch|p2a: Alomomola|Alomomola, M, shiny|100/100
|-damage|p2a: Alomomola|84/100|[from] Spikes
|-damage|p2a: Alomomola|72/100|[from] Stealth Rock
|move|p1a: Gliscor|Knock Off|p2a: Alomomola
|-crit|p2a: Alomomola
|-damage|p2a: Alomomola|46/100
|-enditem|p2a: Alomomola|Assault Vest|[from] move: Knock Off|[of] p1a: Gliscor
|
|-heal|p1a: Gliscor|71/100 tox|[from] ability: Poison Heal
|upkeep
|turn|23
|
|t:|1776319310
|move|p1a: Gliscor|Facade|p2a: Alomomola
|-damage|p2a: Alomomola|24/100
|move|p2a: Alomomola|Flip Turn|p1a: Gliscor
|-supereffective|p1a: Gliscor
|-damage|p1a: Gliscor|47/100 tox
|
|t:|1776319313
|switch|p2a: Hydreigon|Hydreigon, M|76/100|[from] Flip Turn
|-damage|p2a: Hydreigon|64/100|[from] Stealth Rock
|
|-heal|p1a: Gliscor|60/100 tox|[from] ability: Poison Heal
|upkeep
|turn|24
|
|t:|1776319322
|-terastallize|p2a: Hydreigon|Steel
|move|p1a: Gliscor|Protect|p1a: Gliscor
|-singleturn|p1a: Gliscor|Protect
|move|p2a: Hydreigon|Dark Pulse|p1a: Gliscor
|-activate|p1a: Gliscor|move: Protect
|
|-heal|p1a: Gliscor|72/100 tox|[from] ability: Poison Heal
|upkeep
|turn|25
|
|t:|1776319335
|move|p2a: Hydreigon|Dark Pulse|p1a: Gliscor
|-damage|p1a: Gliscor|1/100 tox
|move|p1a: Gliscor|Knock Off|p2a: Hydreigon
|-damage|p2a: Hydreigon|36/100
|-enditem|p2a: Hydreigon|Choice Specs|[from] move: Knock Off|[of] p1a: Gliscor
|
|-heal|p1a: Gliscor|14/100 tox|[from] ability: Poison Heal
|upkeep
|turn|26
|
|t:|1776319344
|move|p1a: Gliscor|Protect|p1a: Gliscor
|-singleturn|p1a: Gliscor|Protect
|move|p2a: Hydreigon|Draco Meteor|p1a: Gliscor
|-activate|p1a: Gliscor|move: Protect
|
|-heal|p1a: Gliscor|26/100 tox|[from] ability: Poison Heal
|upkeep
|turn|27
|
|t:|1776319348
|switch|p1a: Tinkaton|Tinkaton, F|19/100
|-damage|p1a: Tinkaton|13/100|[from] Stealth Rock
|move|p2a: Hydreigon|Draco Meteor|p1a: Tinkaton
|-immune|p1a: Tinkaton
|
|upkeep
|turn|28
|
|t:|1776319358
|move|p2a: Hydreigon|Dark Pulse|p1a: Tinkaton
|-resisted|p1a: Tinkaton
|-damage|p1a: Tinkaton|0 fnt
|faint|p1a: Tinkaton
|
|upkeep
|
|t:|1776319362
|switch|p1a: Keldeo|Keldeo|100/100
|turn|29
|
|t:|1776319368
|switch|p2a: Alomomola|Alomomola, M, shiny|57/100
|-damage|p2a: Alomomola|40/100|[from] Spikes
|-damage|p2a: Alomomola|28/100|[from] Stealth Rock
|move|p1a: Keldeo|Aura Sphere|p2a: Alomomola
|-damage|p2a: Alomomola|0 fnt
|faint|p2a: Alomomola
|
|upkeep
|
|t:|1776319372
|switch|p2a: Ogerpon|Ogerpon, F|88/100
|-damage|p2a: Ogerpon|72/100|[from] Spikes
|-damage|p2a: Ogerpon|59/100|[from] Stealth Rock
|turn|30
|
|t:|1776319382
|switch|p1a: Dragonite|Dragonite, F|100/100
|move|p2a: Ogerpon|Knock Off|p1a: Dragonite
|-damage|p1a: Dragonite|80/100
|-enditem|p1a: Dragonite|Heavy-Duty Boots|[from] move: Knock Off|[of] p2a: Ogerpon
|
|upkeep
|turn|31
|
|t:|1776319390
|switch|p2a: Tinkaton|Tinkaton, F, shiny|51/100
|-damage|p2a: Tinkaton|34/100|[from] Spikes
|-damage|p2a: Tinkaton|28/100|[from] Stealth Rock
|move|p1a: Dragonite|Earthquake|p2a: Tinkaton
|-supereffective|p2a: Tinkaton
|-damage|p2a: Tinkaton|0 fnt
|faint|p2a: Tinkaton
|
|upkeep
|
|t:|1776319393
|switch|p2a: Hydreigon|Hydreigon, M, tera:Steel|36/100
|-damage|p2a: Hydreigon|30/100|[from] Stealth Rock
|turn|32
|
|t:|1776319400
|-terastallize|p1a: Dragonite|Normal
|move|p2a: Hydreigon|Draco Meteor|p1a: Dragonite
|-damage|p1a: Dragonite|22/100
|-unboost|p2a: Hydreigon|spa|2
|move|p1a: Dragonite|Roost|p1a: Dragonite
|-heal|p1a: Dragonite|72/100
|
|upkeep
|turn|33
|-message|neckhurt stew forfeited.
|
|win|TBSBB
|raw|TBSBB's rating: 1163 &rarr; <strong>1188</strong><br />(+25 for winning)
|raw|neckhurt stew's rating: 1159 &rarr; <strong>1134</strong><br />(-25 for losing)
|l|☆neckhurt stew
|player|p2|
