|html|<div class="broadcast-blue"><strong>[Gen 9] OU is currently suspecting Tera Blast! For information on how to participate check out the <a href="https://www.smogon.com/tools/suspects/view/200">suspect thread</a>.</strong></div>
|j|☆toy soulja
|j|☆Trumpontop
|t:|1776197758
|gametype|singles
|player|p1|toy soulja|169|1630
|player|p2|Trumpontop|sabrina|1674
|gen|9
|tier|[Gen 9] OU
|rated|
|rule|HP Percentage Mod: HP is shown in percentages
|rule|Endless Battle Clause: Forcing endless battles is banned
|rule|Species Clause: Limit one of each Pokémon
|rule|OHKO Clause: OHKO moves are banned
|rule|Evasion Items Clause: Evasion items are banned
|rule|Evasion Moves Clause: Evasion moves are banned
|rule|Evasion Abilities Clause: Evasion abilities are banned
|rule|Sleep Moves Clause: Sleep-inducing moves are banned
|clearpoke
|poke|p1|Ogerpon-Wellspring, F|
|poke|p1|Kingambit, M|
|poke|p1|Landorus-Therian, M|
|poke|p1|Glimmora, M|
|poke|p1|Dragapult, F|
|poke|p1|Iron Valiant|
|poke|p2|Zamazenta-*|
|poke|p2|Clefable, M|
|poke|p2|Pecharunt|
|poke|p2|Walking Wake|
|poke|p2|Ting-Lu|
|poke|p2|Zapdos|
|teampreview
|inactive|Battle timer is ON: inactive players will automatically lose when time's up. (requested by Trumpontop)
|c|☆toy soulja|hf
|
|t:|1776197776
|teamsize|p1|6
|teamsize|p2|6
|start
|switch|p1a: Dragapult|Dragapult, F|100/100
|switch|p2a: Clefable|Clefable, M|100/100
|turn|1
|
|t:|1776197785
|move|p1a: Dragapult|U-turn|p2a: Clefable
|-resisted|p2a: Clefable
|-damage|p2a: Clefable|92/100
|
|t:|1776197789
|switch|p1a: Glimmora|Glimmora, M|100/100|[from] U-turn
|move|p2a: Clefable|Knock Off|p1a: Glimmora
|-damage|p1a: Glimmora|82/100
|-activate|p1a: Glimmora|ability: Toxic Debris
|-sidestart|p2: Trumpontop|move: Toxic Spikes
|-enditem|p1a: Glimmora|Power Herb|[from] move: Knock Off|[of] p2a: Clefable
|
|-heal|p2a: Clefable|98/100|[from] item: Leftovers
|upkeep
|turn|2
|
|t:|1776197798
|move|p1a: Glimmora|Spikes|p2a: Clefable
|-sidestart|p2: Trumpontop|Spikes
|move|p2a: Clefable|Stealth Rock|p1a: Glimmora
|-sidestart|p1: toy soulja|move: Stealth Rock
|
|-heal|p2a: Clefable|100/100|[from] item: Leftovers
|upkeep
|turn|3
|
|t:|1776197808
|move|p1a: Glimmora|Mortal Spin|p2a: Clefable
|-supereffective|p2a: Clefable
|-damage|p2a: Clefable|85/100
|-status|p2a: Clefable|psn
|-sideend|p1: toy soulja|Stealth Rock|[from] move: Mortal Spin|[of] p1a: Glimmora
|move|p2a: Clefable|Moonblast|p1a: Glimmora
|-resisted|p1a: Glimmora
|-damage|p1a: Glimmora|60/100
|
|-heal|p2a: Clefable|91/100 psn|[from] item: Leftovers
|upkeep
|turn|4
|
|t:|1776197816
|move|p1a: Glimmora|Spikes|p2a: Clefable
|-sidestart|p2: Trumpontop|Spikes
|move|p2a: Clefable|Moonblast|p1a: Glimmora
|-resisted|p1a: Glimmora
|-damage|p1a: Glimmora|39/100
|
|-heal|p2a: Clefable|97/100 psn|[from] item: Leftovers
|upkeep
|turn|5
|
|t:|1776197822
|move|p1a: Glimmora|Meteor Beam||[still]
|-prepare|p1a: Glimmora|Meteor Beam
|-boost|p1a: Glimmora|spa|1
|move|p2a: Clefable|Moonblast|p1a: Glimmora
|-resisted|p1a: Glimmora
|-damage|p1a: Glimmora|20/100
|
|-heal|p2a: Clefable|100/100 psn|[from] item: Leftovers
|upkeep
|turn|6
|
|t:|1776197835
|move|p1a: Glimmora|Meteor Beam|p2a: Clefable|[from] lockedmove
|-damage|p2a: Clefable|32/100 psn
|move|p2a: Clefable|Moonblast|p1a: Glimmora
|-resisted|p1a: Glimmora
|-damage|p1a: Glimmora|0 fnt
|faint|p1a: Glimmora
|
|-heal|p2a: Clefable|38/100 psn|[from] item: Leftovers
|upkeep
|
|t:|1776197840
|switch|p1a: Ogerpon|Ogerpon-Wellspring, F|100/100
|turn|7
|
|t:|1776197845
|switch|p2a: Pecharunt|Pecharunt|100/100
|-sideend|p2: Trumpontop|move: Toxic Spikes|[of] p2a: Pecharunt
|move|p1a: Ogerpon|Ivy Cudgel|p2a: Pecharunt|[anim] Ivy Cudgel Water
|-crit|p2a: Pecharunt
|-damage|p2a: Pecharunt|60/100
|
|upkeep
|turn|8
|
|t:|1776197852
|move|p1a: Ogerpon|Taunt|p2a: Pecharunt
|-start|p2a: Pecharunt|move: Taunt
|cant|p2a: Pecharunt|move: Taunt|Recover
|
|upkeep
|turn|9
|
|t:|1776197866
|switch|p1a: Kingambit|Kingambit, M|100/100
|-activate|p1a: Kingambit|ability: Supreme Overlord
|-start|p1a: Kingambit|fallen1|[silent]
|move|p2a: Pecharunt|Malignant Chain|p1a: Kingambit
|-immune|p1a: Kingambit
|
|upkeep
|turn|10
|
|t:|1776197876
|switch|p2a: Zamazenta|Zamazenta|100/100
|-ability|p2a: Zamazenta|Dauntless Shield|boost
|-boost|p2a: Zamazenta|def|1
|move|p1a: Kingambit|Iron Head|p2a: Zamazenta
|-damage|p2a: Zamazenta|70/100
|
|upkeep
|turn|11
|
|t:|1776197885
|switch|p2a: Clefable|Clefable, M|38/100 psn
|-end|p1a: Kingambit|fallen1|[silent]
|switch|p1a: Landorus|Landorus-Therian, M|100/100
|-ability|p1a: Landorus|Intimidate|boost
|-unboost|p2a: Clefable|atk|1
|
|-heal|p2a: Clefable|44/100 psn|[from] item: Leftovers
|upkeep
|turn|12
|
|t:|1776197889
|switch|p2a: Zapdos|Zapdos|100/100
|move|p1a: Landorus|Taunt|p2a: Zapdos
|-start|p2a: Zapdos|move: Taunt
|
|upkeep
|turn|13
|
|t:|1776197895
|move|p2a: Zapdos|Hurricane|p1a: Landorus
|-damage|p1a: Landorus|37/100
|move|p1a: Landorus|U-turn|p2a: Zapdos
|-resisted|p2a: Zapdos
|-damage|p2a: Zapdos|86/100
|
|t:|1776197898
|switch|p1a: Dragapult|Dragapult, F|100/100|[from] U-turn
|
|upkeep
|turn|14
|
|t:|1776197903
|switch|p2a: Ting-Lu|Ting-Lu|100/100
|-damage|p2a: Ting-Lu|84/100|[from] Spikes
|-ability|p2a: Ting-Lu|Vessel of Ruin
|move|p1a: Dragapult|Draco Meteor|p2a: Ting-Lu
|-damage|p2a: Ting-Lu|50/100
|-unboost|p1a: Dragapult|spa|2
|
|-heal|p2a: Ting-Lu|56/100|[from] item: Leftovers
|upkeep
|turn|15
|
|t:|1776197909
|switch|p1a: Ogerpon|Ogerpon-Wellspring, F|100/100
|move|p2a: Ting-Lu|Spikes|p1a: Ogerpon
|-sidestart|p1: toy soulja|Spikes
|
|-heal|p2a: Ting-Lu|62/100|[from] item: Leftovers
|upkeep
|turn|16
|
|t:|1776197915
|switch|p2a: Walking Wake|Walking Wake|100/100
|move|p1a: Ogerpon|Ivy Cudgel|p2a: Walking Wake|[anim] Ivy Cudgel Water
|-resisted|p2a: Walking Wake
|-damage|p2a: Walking Wake|85/100
|
|upkeep
|turn|17
|
|t:|1776197919
|-end|p2a: Walking Wake|Protosynthesis|[silent]
|switch|p2a: Pecharunt|Pecharunt|60/100
|move|p1a: Ogerpon|Play Rough|p2a: Pecharunt
|-resisted|p2a: Pecharunt
|-damage|p2a: Pecharunt|52/100
|
|upkeep
|turn|18
|
|t:|1776197932
|move|p1a: Ogerpon|Ivy Cudgel|p2a: Pecharunt|[anim] Ivy Cudgel Water
|-damage|p2a: Pecharunt|26/100
|move|p2a: Pecharunt|Recover|p2a: Pecharunt
|-heal|p2a: Pecharunt|76/100
|
|upkeep
|turn|19
|
|t:|1776197940
|switch|p1a: Dragapult|Dragapult, F|100/100
|-damage|p1a: Dragapult|88/100|[from] Spikes
|move|p2a: Pecharunt|Malignant Chain|p1a: Dragapult
|-resisted|p1a: Dragapult
|-damage|p1a: Dragapult|65/100
|
|upkeep
|turn|20
|
|t:|1776197947
|switch|p2a: Ting-Lu|Ting-Lu|62/100
|-damage|p2a: Ting-Lu|46/100|[from] Spikes
|-ability|p2a: Ting-Lu|Vessel of Ruin
|move|p1a: Dragapult|U-turn|p2a: Ting-Lu
|-supereffective|p2a: Ting-Lu
|-crit|p2a: Ting-Lu
|-damage|p2a: Ting-Lu|16/100
|
|t:|1776197952
|switch|p1a: Ogerpon|Ogerpon-Wellspring, F|100/100|[from] U-turn
|-damage|p1a: Ogerpon|88/100|[from] Spikes
|
|-heal|p2a: Ting-Lu|22/100|[from] item: Leftovers
|upkeep
|turn|21
|
|t:|1776197961
|switch|p2a: Pecharunt|Pecharunt|76/100
|move|p1a: Ogerpon|Ivy Cudgel|p2a: Pecharunt|[anim] Ivy Cudgel Water
|-damage|p2a: Pecharunt|49/100
|
|upkeep
|turn|22
|
|t:|1776197971
|move|p1a: Ogerpon|Taunt|p2a: Pecharunt
|-start|p2a: Pecharunt|move: Taunt
|move|p2a: Pecharunt|Malignant Chain|p1a: Ogerpon
|-supereffective|p1a: Ogerpon
|-damage|p1a: Ogerpon|20/100
|-status|p1a: Ogerpon|tox
|-start|p1a: Ogerpon|confusion|[from] ability: Poison Puppeteer|[of] p2a: Pecharunt
|
|-damage|p1a: Ogerpon|14/100 tox|[from] psn
|upkeep
|turn|23
|inactive|Trumpontop has 120 seconds left.
|
|t:|1776198001
|switch|p2a: Ting-Lu|Ting-Lu|22/100
|-damage|p2a: Ting-Lu|6/100|[from] Spikes
|-ability|p2a: Ting-Lu|Vessel of Ruin
|-activate|p1a: Ogerpon|confusion
|-damage|p1a: Ogerpon|0 fnt|[from] confusion
|faint|p1a: Ogerpon
|
|-heal|p2a: Ting-Lu|12/100|[from] item: Leftovers
|upkeep
|inactive|toy soulja has 120 seconds left.
|inactive|toy soulja has 90 seconds left.
|
|t:|1776198076
|switch|p1a: Landorus|Landorus-Therian, M|37/100
|-ability|p1a: Landorus|Intimidate|boost
|-unboost|p2a: Ting-Lu|atk|1
|turn|24
|
|t:|1776198087
|move|p1a: Landorus|U-turn|p2a: Ting-Lu
|-supereffective|p2a: Ting-Lu
|-damage|p2a: Ting-Lu|0 fnt
|faint|p2a: Ting-Lu
|
|t:|1776198095
|switch|p1a: Dragapult|Dragapult, F|65/100|[from] U-turn
|-damage|p1a: Dragapult|53/100|[from] Spikes
|
|upkeep
|inactive|Trumpontop has 120 seconds left.
|
|t:|1776198111
|switch|p2a: Clefable|Clefable, M|44/100 psn
|turn|25
|inactive|toy soulja has 90 seconds left.
|inactive|Trumpontop has 120 seconds left.
|
|t:|1776198150
|move|p1a: Dragapult|Shadow Ball|p2a: Clefable
|-damage|p2a: Clefable|7/100 psn
|move|p2a: Clefable|Moonlight|p2a: Clefable
|-heal|p2a: Clefable|57/100 psn
|
|-heal|p2a: Clefable|63/100 psn|[from] item: Leftovers
|upkeep
|turn|26
|inactive|toy soulja has 90 seconds left.
|
|t:|1776198163
|switch|p1a: Iron Valiant|Iron Valiant|100/100
|-damage|p1a: Iron Valiant|88/100|[from] Spikes
|-enditem|p1a: Iron Valiant|Booster Energy
|-activate|p1a: Iron Valiant|ability: Quark Drive|[fromitem]
|-start|p1a: Iron Valiant|quarkdrivespe
|move|p2a: Clefable|Moonlight|p2a: Clefable
|-heal|p2a: Clefable|100/100 psn
|
|upkeep
|turn|27
|
|t:|1776198167
|move|p1a: Iron Valiant|Encore|p2a: Clefable
|-start|p2a: Clefable|Encore
|move|p2a: Clefable|Moonlight|p2a: Clefable
|-fail|p2a: Clefable|heal
|
|upkeep
|turn|28
|
|t:|1776198170
|switch|p2a: Pecharunt|Pecharunt|49/100
|move|p1a: Iron Valiant|Swords Dance|p1a: Iron Valiant
|-boost|p1a: Iron Valiant|atk|2
|
|upkeep
|turn|29
|
|t:|1776198176
|-terastallize|p1a: Iron Valiant|Steel
|move|p1a: Iron Valiant|Swords Dance|p1a: Iron Valiant
|-boost|p1a: Iron Valiant|atk|2
|move|p2a: Pecharunt|Malignant Chain|p1a: Iron Valiant
|-immune|p1a: Iron Valiant
|
|upkeep
|turn|30
|
|t:|1776198179
|move|p1a: Iron Valiant|Knock Off|p2a: Pecharunt
|-supereffective|p2a: Pecharunt
|-damage|p2a: Pecharunt|0 fnt
|-enditem|p2a: Pecharunt|Heavy-Duty Boots|[from] move: Knock Off|[of] p1a: Iron Valiant
|faint|p2a: Pecharunt
|
|upkeep
|
|t:|1776198184
|switch|p2a: Zamazenta|Zamazenta|70/100
|turn|31
|
|t:|1776198190
|-terastallize|p2a: Zamazenta|Steel
|move|p1a: Iron Valiant|Knock Off|p2a: Zamazenta
|-damage|p2a: Zamazenta|0 fnt
|-enditem|p2a: Zamazenta|Heavy-Duty Boots|[from] move: Knock Off|[of] p1a: Iron Valiant
|faint|p2a: Zamazenta
|
|upkeep
|
|t:|1776198199
|switch|p2a: Clefable|Clefable, M|100/100 psn
|turn|32
|
|t:|1776198201
|move|p1a: Iron Valiant|Spirit Break|p2a: Clefable
|-damage|p2a: Clefable|0 fnt
|faint|p2a: Clefable
|
|upkeep
|-message|Trumpontop forfeited.
|
|win|toy soulja
|raw|toy soulja's rating: 1630 &rarr; <strong>1653</strong><br />(+23 for winning)
|raw|Trumpontop's rating: 1674 &rarr; <strong>1651</strong><br />(-23 for losing)
|l|☆Trumpontop
|player|p2|
|c|☆toy soulja|gg
