|html|<div class="broadcast-blue"><strong>[Gen 9] OU is currently suspecting Volcarona! For information on how to participate check out the <a href="https://www.smogon.com/tools/suspects/view/208">suspect thread</a>.</strong></div>
|j|‽ayerbe
|j|☆NikolaJoltik711
|t:|1778503951
|gametype|singles
|player|p1|ayerbe|blackbelt-gen4dp|1554
|player|p2|NikolaJoltik711|blue|1553
|gen|9
|tier|[Gen 9] OU
|rated|
|rule|HP Percentage Mod: HP is shown in percentages
|rule|Endless Battle Clause: Forcing endless battles is banned
|rule|Species Clause: Limit one of each Pokémon
|rule|OHKO Clause: OHKO moves are banned
|rule|Evasion Items Clause: Evasion items are banned
|rule|Evasion Moves Clause: Evasion moves are banned
|rule|Evasion Abilities Clause: Evasion abilities are banned
|rule|Sleep Moves Clause: Sleep-inducing moves are banned
|clearpoke
|poke|p1|Great Tusk|
|poke|p1|Scizor, M|
|poke|p1|Garganacl, M|
|poke|p1|Ting-Lu|
|poke|p1|Raging Bolt|
|poke|p1|Gholdengo|
|poke|p2|Ogerpon-Wellspring, F|
|poke|p2|Dragapult, M|
|poke|p2|Rillaboom, F|
|poke|p2|Great Tusk|
|poke|p2|Heatran, F|
|poke|p2|Corviknight, M|
|teampreview
|inactive|Battle timer is ON: inactive players will automatically lose when time's up. (requested by ayerbe)
|
|t:|1778503966
|teamsize|p1|6
|teamsize|p2|6
|start
|switch|p1a: Scizor|Scizor, M|100/100
|switch|p2a: Dragapult|Dragapult, M|100/100
|turn|1
|
|t:|1778503975
|switch|p1a: Ting-Lu|Ting-Lu|100/100
|-ability|p1a: Ting-Lu|Vessel of Ruin
|move|p2a: Dragapult|Will-O-Wisp|p1a: Ting-Lu|[miss]
|-miss|p2a: Dragapult|p1a: Ting-Lu
|
|upkeep
|turn|2
|
|t:|1778503984
|move|p2a: Dragapult|U-turn|p1a: Ting-Lu
|-supereffective|p1a: Ting-Lu
|-damage|p1a: Ting-Lu|83/100
|
|t:|1778503998
|switch|p2a: Great Tusk|Great Tusk|100/100|[from] U-turn
|move|p1a: Ting-Lu|Spikes|p2a: Great Tusk
|-sidestart|p2: NikolaJoltik711|Spikes
|
|-heal|p1a: Ting-Lu|89/100|[from] item: Leftovers
|upkeep
|turn|3
|
|t:|1778504007
|switch|p1a: Garganacl|Garganacl, M|100/100
|move|p2a: Great Tusk|Ice Spinner|p1a: Garganacl
|-damage|p1a: Garganacl|86/100
|
|-heal|p1a: Garganacl|92/100|[from] item: Leftovers
|upkeep
|turn|4
|
|t:|1778504016
|-terastallize|p1a: Garganacl|Ghost
|move|p2a: Great Tusk|Rapid Spin|p1a: Garganacl
|-immune|p1a: Garganacl
|move|p1a: Garganacl|Block|p2a: Great Tusk
|-activate|p2a: Great Tusk|trapped
|
|-heal|p1a: Garganacl|99/100|[from] item: Leftovers
|upkeep
|turn|5
|
|t:|1778504026
|move|p2a: Great Tusk|Stealth Rock|p1a: Garganacl
|-sidestart|p1: ayerbe|move: Stealth Rock
|move|p1a: Garganacl|Salt Cure|p2a: Great Tusk
|-resisted|p2a: Great Tusk
|-damage|p2a: Great Tusk|98/100
|-start|p2a: Great Tusk|Salt Cure
|
|-heal|p2a: Great Tusk|100/100|[from] item: Leftovers
|-heal|p1a: Garganacl|100/100|[from] item: Leftovers
|-damage|p2a: Great Tusk|88/100|[from] Salt Cure
|upkeep
|turn|6
|
|t:|1778504037
|move|p2a: Great Tusk|Headlong Rush|p1a: Garganacl
|-damage|p1a: Garganacl|71/100
|-unboost|p2a: Great Tusk|def|1
|-unboost|p2a: Great Tusk|spd|1
|move|p1a: Garganacl|Salt Cure|p2a: Great Tusk
|-resisted|p2a: Great Tusk
|-damage|p2a: Great Tusk|84/100
|
|-heal|p2a: Great Tusk|90/100|[from] item: Leftovers
|-heal|p1a: Garganacl|77/100|[from] item: Leftovers
|-damage|p2a: Great Tusk|78/100|[from] Salt Cure
|upkeep
|turn|7
|
|t:|1778504048
|move|p2a: Great Tusk|Headlong Rush|p1a: Garganacl
|-damage|p1a: Garganacl|46/100
|-unboost|p2a: Great Tusk|def|1
|-unboost|p2a: Great Tusk|spd|1
|move|p1a: Garganacl|Recover|p1a: Garganacl
|-heal|p1a: Garganacl|96/100
|
|-heal|p2a: Great Tusk|84/100|[from] item: Leftovers
|-heal|p1a: Garganacl|100/100|[from] item: Leftovers
|-damage|p2a: Great Tusk|72/100|[from] Salt Cure
|upkeep
|turn|8
|
|t:|1778504059
|move|p2a: Great Tusk|Headlong Rush|p1a: Garganacl
|-damage|p1a: Garganacl|69/100
|-unboost|p2a: Great Tusk|def|1
|-unboost|p2a: Great Tusk|spd|1
|move|p1a: Garganacl|Salt Cure|p2a: Great Tusk
|-resisted|p2a: Great Tusk
|-damage|p2a: Great Tusk|65/100
|
|-heal|p2a: Great Tusk|71/100|[from] item: Leftovers
|-heal|p1a: Garganacl|75/100|[from] item: Leftovers
|-damage|p2a: Great Tusk|59/100|[from] Salt Cure
|upkeep
|turn|9
|
|t:|1778504070
|move|p2a: Great Tusk|Headlong Rush|p1a: Garganacl
|-damage|p1a: Garganacl|45/100
|-unboost|p2a: Great Tusk|def|1
|-unboost|p2a: Great Tusk|spd|1
|move|p1a: Garganacl|Recover|p1a: Garganacl
|-heal|p1a: Garganacl|95/100
|
|-heal|p2a: Great Tusk|65/100|[from] item: Leftovers
|-heal|p1a: Garganacl|100/100|[from] item: Leftovers
|-damage|p2a: Great Tusk|53/100|[from] Salt Cure
|upkeep
|turn|10
|
|t:|1778504080
|move|p2a: Great Tusk|Headlong Rush|p1a: Garganacl
|-damage|p1a: Garganacl|66/100
|-unboost|p2a: Great Tusk|def|1
|-unboost|p2a: Great Tusk|spd|1
|move|p1a: Garganacl|Salt Cure|p2a: Great Tusk
|-resisted|p2a: Great Tusk
|-damage|p2a: Great Tusk|45/100
|
|-heal|p2a: Great Tusk|51/100|[from] item: Leftovers
|-heal|p1a: Garganacl|72/100|[from] item: Leftovers
|-damage|p2a: Great Tusk|39/100|[from] Salt Cure
|upkeep
|turn|11
|
|t:|1778504091
|move|p2a: Great Tusk|Headlong Rush|p1a: Garganacl
|-damage|p1a: Garganacl|38/100
|-unboost|p2a: Great Tusk|def|1
|-unboost|p2a: Great Tusk|spd|1
|move|p1a: Garganacl|Recover|p1a: Garganacl
|-heal|p1a: Garganacl|88/100
|
|-heal|p2a: Great Tusk|45/100|[from] item: Leftovers
|-heal|p1a: Garganacl|94/100|[from] item: Leftovers
|-damage|p2a: Great Tusk|32/100|[from] Salt Cure
|upkeep
|turn|12
|
|t:|1778504101
|move|p2a: Great Tusk|Headlong Rush|p1a: Garganacl
|-damage|p1a: Garganacl|61/100
|move|p1a: Garganacl|Salt Cure|p2a: Great Tusk
|-resisted|p2a: Great Tusk
|-crit|p2a: Great Tusk
|-damage|p2a: Great Tusk|16/100
|
|-heal|p2a: Great Tusk|23/100|[from] item: Leftovers
|-heal|p1a: Garganacl|67/100|[from] item: Leftovers
|-damage|p2a: Great Tusk|10/100|[from] Salt Cure
|upkeep
|turn|13
|
|t:|1778504110
|move|p2a: Great Tusk|Headlong Rush|p1a: Garganacl
|-damage|p1a: Garganacl|38/100
|move|p1a: Garganacl|Recover|p1a: Garganacl
|-heal|p1a: Garganacl|88/100
|
|-heal|p2a: Great Tusk|16/100|[from] item: Leftovers
|-heal|p1a: Garganacl|94/100|[from] item: Leftovers
|-damage|p2a: Great Tusk|4/100|[from] Salt Cure
|upkeep
|turn|14
|
|t:|1778504119
|move|p2a: Great Tusk|Ice Spinner|p1a: Garganacl
|-damage|p1a: Garganacl|79/100
|move|p1a: Garganacl|Salt Cure|p2a: Great Tusk
|-resisted|p2a: Great Tusk
|-damage|p2a: Great Tusk|0 fnt
|faint|p2a: Great Tusk
|-end|p2a: Great Tusk|Protosynthesis|[silent]
|
|-heal|p1a: Garganacl|85/100|[from] item: Leftovers
|upkeep
|
|t:|1778504129
|switch|p2a: Corviknight|Corviknight, M|100/100
|-ability|p2a: Corviknight|Pressure
|turn|15
|
|t:|1778504133
|move|p2a: Corviknight|Defog|p1a: Garganacl
|-unboost|p1a: Garganacl|evasion|1
|-sideend|p1: ayerbe|Stealth Rock|[from] move: Defog|[of] p2a: Corviknight
|-sideend|p2: NikolaJoltik711|Spikes|[from] move: Defog|[of] p2a: Corviknight
|move|p1a: Garganacl|Salt Cure|p2a: Corviknight
|-damage|p2a: Corviknight|89/100
|-start|p2a: Corviknight|Salt Cure
|
|-heal|p1a: Garganacl|91/100|[from] item: Leftovers
|-damage|p2a: Corviknight|64/100|[from] Salt Cure
|upkeep
|turn|16
|
|t:|1778504143
|switch|p1a: Ting-Lu|Ting-Lu|89/100
|-ability|p1a: Ting-Lu|Vessel of Ruin
|move|p2a: Corviknight|Roost|p2a: Corviknight
|-heal|p2a: Corviknight|100/100
|-singleturn|p2a: Corviknight|move: Roost
|
|-heal|p1a: Ting-Lu|95/100|[from] item: Leftovers
|-damage|p2a: Corviknight|76/100|[from] Salt Cure
|upkeep
|turn|17
|
|t:|1778504153
|move|p2a: Corviknight|U-turn|p1a: Ting-Lu
|-supereffective|p1a: Ting-Lu
|-damage|p1a: Ting-Lu|78/100
|
|t:|1778504158
|switch|p2a: Rillaboom|Rillaboom, F|100/100|[from] U-turn
|-fieldstart|move: Grassy Terrain|[from] ability: Grassy Surge|[of] p2a: Rillaboom
|move|p1a: Ting-Lu|Stealth Rock|p2a: Rillaboom
|-sidestart|p2: NikolaJoltik711|move: Stealth Rock
|
|-heal|p1a: Ting-Lu|84/100|[from] Grassy Terrain
|-heal|p1a: Ting-Lu|90/100|[from] item: Leftovers
|upkeep
|turn|18
|
|t:|1778504168
|switch|p1a: Scizor|Scizor, M|100/100
|move|p2a: Rillaboom|Knock Off|p1a: Scizor
|-damage|p1a: Scizor|57/100
|-enditem|p1a: Scizor|Expert Belt|[from] move: Knock Off|[of] p2a: Rillaboom
|
|-heal|p1a: Scizor|64/100|[from] Grassy Terrain
|upkeep
|turn|19
|
|t:|1778504180
|switch|p2a: Corviknight|Corviknight, M|76/100
|-damage|p2a: Corviknight|63/100|[from] Stealth Rock
|-ability|p2a: Corviknight|Pressure
|move|p1a: Scizor|U-turn|p2a: Corviknight
|-resisted|p2a: Corviknight
|-damage|p2a: Corviknight|55/100
|-damage|p1a: Scizor|47/100|[from] item: Rocky Helmet|[of] p2a: Corviknight
|
|t:|1778504183
|switch|p1a: Ting-Lu|Ting-Lu|90/100|[from] U-turn
|-ability|p1a: Ting-Lu|Vessel of Ruin
|
|-heal|p1a: Ting-Lu|97/100|[from] Grassy Terrain
|-heal|p1a: Ting-Lu|100/100|[from] item: Leftovers
|upkeep
|turn|20
|
|t:|1778504197
|move|p2a: Corviknight|Defog|p1a: Ting-Lu
|-unboost|p1a: Ting-Lu|evasion|1
|-sideend|p2: NikolaJoltik711|Stealth Rock|[from] move: Defog|[of] p2a: Corviknight
|-fieldend|move: Grassy Terrain
|move|p1a: Ting-Lu|Spikes|p2a: Corviknight
|-sidestart|p2: NikolaJoltik711|Spikes
|
|upkeep
|turn|21
|
|t:|1778504202
|move|p2a: Corviknight|Roost|p2a: Corviknight
|-heal|p2a: Corviknight|100/100
|-singleturn|p2a: Corviknight|move: Roost
|move|p1a: Ting-Lu|Stealth Rock|p2a: Corviknight
|-sidestart|p2: NikolaJoltik711|move: Stealth Rock
|
|upkeep
|turn|22
|
|t:|1778504209
|switch|p1a: Gholdengo|Gholdengo|100/100
|move|p2a: Corviknight|U-turn|p1a: Gholdengo
|-resisted|p1a: Gholdengo
|-damage|p1a: Gholdengo|96/100
|
|t:|1778504214
|switch|p2a: Heatran|Heatran, F|100/100|[from] U-turn
|-damage|p2a: Heatran|88/100|[from] Spikes
|-damage|p2a: Heatran|76/100|[from] Stealth Rock
|
|-heal|p2a: Heatran|82/100|[from] item: Leftovers
|upkeep
|turn|23
|
|t:|1778504223
|switch|p1a: Ting-Lu|Ting-Lu|100/100
|-ability|p1a: Ting-Lu|Vessel of Ruin
|move|p2a: Heatran|Magma Storm|p1a: Ting-Lu|[miss]
|-miss|p2a: Heatran|p1a: Ting-Lu
|
|-heal|p2a: Heatran|88/100|[from] item: Leftovers
|upkeep
|turn|24
|
|t:|1778504236
|switch|p2a: Corviknight|Corviknight, M|100/100
|-damage|p2a: Corviknight|88/100|[from] Stealth Rock
|-ability|p2a: Corviknight|Pressure
|move|p1a: Ting-Lu|Spikes|p2a: Corviknight
|-sidestart|p2: NikolaJoltik711|Spikes
|
|upkeep
|turn|25
|
|t:|1778504244
|switch|p1a: Gholdengo|Gholdengo|96/100
|move|p2a: Corviknight|U-turn|p1a: Gholdengo
|-resisted|p1a: Gholdengo
|-damage|p1a: Gholdengo|92/100
|
|t:|1778504249
|switch|p2a: Heatran|Heatran, F|88/100|[from] U-turn
|-damage|p2a: Heatran|71/100|[from] Spikes
|-damage|p2a: Heatran|59/100|[from] Stealth Rock
|
|-heal|p2a: Heatran|65/100|[from] item: Leftovers
|upkeep
|turn|26
|
|t:|1778504255
|switch|p1a: Ting-Lu|Ting-Lu|100/100
|-ability|p1a: Ting-Lu|Vessel of Ruin
|move|p2a: Heatran|Magma Storm|p1a: Ting-Lu
|-damage|p1a: Ting-Lu|75/100
|-activate|p1a: Ting-Lu|move: Magma Storm|[of] p2a: Heatran
|
|-heal|p2a: Heatran|71/100|[from] item: Leftovers
|-heal|p1a: Ting-Lu|81/100|[from] item: Leftovers
|-damage|p1a: Ting-Lu|69/100|[from] move: Magma Storm|[partiallytrapped]
|upkeep
|turn|27
|
|t:|1778504265
|move|p2a: Heatran|Taunt|p1a: Ting-Lu
|-start|p1a: Ting-Lu|move: Taunt
|cant|p1a: Ting-Lu|move: Taunt|Spikes
|
|-heal|p2a: Heatran|78/100|[from] item: Leftovers
|-heal|p1a: Ting-Lu|75/100|[from] item: Leftovers
|-damage|p1a: Ting-Lu|62/100|[from] move: Magma Storm|[partiallytrapped]
|upkeep
|turn|28
|
|t:|1778504274
|switch|p2a: Corviknight|Corviknight, M|88/100
|-damage|p2a: Corviknight|76/100|[from] Stealth Rock
|-ability|p2a: Corviknight|Pressure
|move|p1a: Ting-Lu|Heavy Slam|p2a: Corviknight
|-resisted|p2a: Corviknight
|-damage|p2a: Corviknight|64/100
|-damage|p1a: Ting-Lu|46/100|[from] item: Rocky Helmet|[of] p2a: Corviknight
|
|-heal|p1a: Ting-Lu|52/100|[from] item: Leftovers
|-end|p1a: Ting-Lu|Magma Storm|[partiallytrapped]|[silent]
|upkeep
|turn|29
|
|t:|1778504287
|switch|p1a: Gholdengo|Gholdengo|92/100
|move|p2a: Corviknight|Roost|p2a: Corviknight
|-heal|p2a: Corviknight|100/100
|-singleturn|p2a: Corviknight|move: Roost
|
|upkeep
|turn|30
|
|t:|1778504311
|move|p1a: Gholdengo|Trick|p2a: Corviknight
|-activate|p1a: Gholdengo|move: Trick|[of] p2a: Corviknight
|-item|p2a: Corviknight|Choice Scarf|[from] move: Trick
|-item|p1a: Gholdengo|Rocky Helmet|[from] move: Trick
|move|p2a: Corviknight|U-turn|p1a: Gholdengo
|-resisted|p1a: Gholdengo
|-damage|p1a: Gholdengo|88/100
|-damage|p2a: Corviknight|84/100|[from] item: Rocky Helmet|[of] p1a: Gholdengo
|
|t:|1778504319
|switch|p2a: Heatran|Heatran, F|78/100|[from] U-turn
|-damage|p2a: Heatran|61/100|[from] Spikes
|-damage|p2a: Heatran|49/100|[from] Stealth Rock
|
|-heal|p2a: Heatran|55/100|[from] item: Leftovers
|upkeep
|turn|31
|
|t:|1778504338
|switch|p1a: Raging Bolt|Raging Bolt|100/100
|move|p2a: Heatran|Magma Storm|p1a: Raging Bolt
|-resisted|p1a: Raging Bolt
|-damage|p1a: Raging Bolt|85/100
|-activate|p1a: Raging Bolt|move: Magma Storm|[of] p2a: Heatran
|
|-heal|p2a: Heatran|61/100|[from] item: Leftovers
|-damage|p1a: Raging Bolt|72/100|[from] move: Magma Storm|[partiallytrapped]
|upkeep
|turn|32
|inactive|NikolaJoltik711 has 120 seconds left.
|
|t:|1778504366
|-terastallize|p2a: Heatran|Grass
|move|p1a: Raging Bolt|Volt Switch|p2a: Heatran
|-resisted|p2a: Heatran
|-damage|p2a: Heatran|44/100
|
|t:|1778504372
|-end|p1a: Raging Bolt|Protosynthesis|[silent]
|switch|p1a: Ting-Lu|Ting-Lu|52/100|[from] Volt Switch
|-ability|p1a: Ting-Lu|Vessel of Ruin
|move|p2a: Heatran|Earth Power|p1a: Ting-Lu
|-damage|p1a: Ting-Lu|38/100
|
|-heal|p2a: Heatran|50/100|[from] item: Leftovers
|-heal|p1a: Ting-Lu|44/100|[from] item: Leftovers
|upkeep
|turn|33
|inactive|NikolaJoltik711 has 120 seconds left.
|
|t:|1778504381
|switch|p1a: Raging Bolt|Raging Bolt|72/100
|move|p2a: Heatran|Magma Storm|p1a: Raging Bolt
|-resisted|p1a: Raging Bolt
|-damage|p1a: Raging Bolt|57/100
|-activate|p1a: Raging Bolt|move: Magma Storm|[of] p2a: Heatran
|
|-heal|p2a: Heatran|56/100|[from] item: Leftovers
|-damage|p1a: Raging Bolt|45/100|[from] move: Magma Storm|[partiallytrapped]
|upkeep
|turn|34
|inactive|NikolaJoltik711 has 120 seconds left.
|
|t:|1778504392
|move|p1a: Raging Bolt|Dragon Pulse|p2a: Heatran
|-damage|p2a: Heatran|11/100
|move|p2a: Heatran|Magma Storm|p1a: Raging Bolt
|-resisted|p1a: Raging Bolt
|-damage|p1a: Raging Bolt|30/100
|
|-heal|p2a: Heatran|18/100|[from] item: Leftovers
|-damage|p1a: Raging Bolt|18/100|[from] move: Magma Storm|[partiallytrapped]
|upkeep
|turn|35
|inactive|NikolaJoltik711 has 120 seconds left.
|
|t:|1778504403
|move|p1a: Raging Bolt|Dragon Pulse|p2a: Heatran
|-damage|p2a: Heatran|0 fnt
|faint|p2a: Heatran
|
|-end|p1a: Raging Bolt|Magma Storm|[partiallytrapped]|[silent]
|upkeep
|inactive|NikolaJoltik711 has 120 seconds left.
|
|t:|1778504410
|switch|p2a: Dragapult|Dragapult, M|100/100
|turn|36
|
|t:|1778504415
|move|p2a: Dragapult|Will-O-Wisp|p1a: Raging Bolt
|-status|p1a: Raging Bolt|brn
|move|p1a: Raging Bolt|Dragon Pulse|p2a: Dragapult
|-supereffective|p2a: Dragapult
|-damage|p2a: Dragapult|0 fnt
|faint|p2a: Dragapult
|
|-damage|p1a: Raging Bolt|11/100 brn|[from] brn
|upkeep
|
|t:|1778504423
|switch|p2a: Rillaboom|Rillaboom, F|100/100
|-damage|p2a: Rillaboom|84/100|[from] Spikes
|-damage|p2a: Rillaboom|71/100|[from] Stealth Rock
|-fieldstart|move: Grassy Terrain|[from] ability: Grassy Surge|[of] p2a: Rillaboom
|turn|37
|
|t:|1778504432
|move|p2a: Rillaboom|Grassy Glide|p1a: Raging Bolt
|-resisted|p1a: Raging Bolt
|-damage|p1a: Raging Bolt|0 fnt
|faint|p1a: Raging Bolt
|-end|p1a: Raging Bolt|Protosynthesis|[silent]
|
|-heal|p2a: Rillaboom|78/100|[from] Grassy Terrain
|upkeep
|
|t:|1778504436
|switch|p1a: Scizor|Scizor, M|47/100
|turn|38
|
|t:|1778504441
|move|p2a: Rillaboom|Low Kick|p1a: Scizor
|-damage|p1a: Scizor|7/100
|move|p1a: Scizor|U-turn|p2a: Rillaboom
|-supereffective|p2a: Rillaboom
|-damage|p2a: Rillaboom|4/100
|
|t:|1778504445
|switch|p1a: Great Tusk|Great Tusk|100/100|[from] U-turn
|
|-heal|p2a: Rillaboom|10/100|[from] Grassy Terrain
|upkeep
|turn|39
|
|t:|1778504451
|move|p2a: Rillaboom|Grassy Glide|p1a: Great Tusk
|-supereffective|p1a: Great Tusk
|-damage|p1a: Great Tusk|48/100
|move|p1a: Great Tusk|Ice Spinner|p2a: Rillaboom
|-supereffective|p2a: Rillaboom
|-damage|p2a: Rillaboom|0 fnt
|-fieldend|move: Grassy Terrain
|faint|p2a: Rillaboom
|
|upkeep
|
|t:|1778504459
|switch|p2a: Ogerpon|Ogerpon-Wellspring, F|100/100
|-damage|p2a: Ogerpon|84/100|[from] Spikes
|-damage|p2a: Ogerpon|72/100|[from] Stealth Rock
|turn|40
|
|t:|1778504471
|-end|p1a: Great Tusk|Protosynthesis|[silent]
|switch|p1a: Scizor|Scizor, M|7/100
|move|p2a: Ogerpon|Ivy Cudgel|p1a: Scizor|[anim] Ivy Cudgel Water
|-damage|p1a: Scizor|0 fnt
|faint|p1a: Scizor
|
|upkeep
|
|t:|1778504473
|switch|p1a: Garganacl|Garganacl, M, tera:Ghost|91/100
|turn|41
|
|t:|1778504479
|switch|p2a: Corviknight|Corviknight, M|84/100
|-damage|p2a: Corviknight|72/100|[from] Stealth Rock
|-ability|p2a: Corviknight|Pressure
|move|p1a: Garganacl|Salt Cure|p2a: Corviknight
|-damage|p2a: Corviknight|60/100
|-start|p2a: Corviknight|Salt Cure
|
|-heal|p1a: Garganacl|97/100|[from] item: Leftovers
|-damage|p2a: Corviknight|35/100|[from] Salt Cure
|upkeep
|turn|42
|
|t:|1778504490
|switch|p1a: Gholdengo|Gholdengo|88/100
|move|p2a: Corviknight|Roost|p2a: Corviknight
|-heal|p2a: Corviknight|85/100
|-singleturn|p2a: Corviknight|move: Roost
|
|-damage|p2a: Corviknight|60/100|[from] Salt Cure
|upkeep
|turn|43
|
|t:|1778504500
|switch|p1a: Ting-Lu|Ting-Lu|44/100
|-ability|p1a: Ting-Lu|Vessel of Ruin
|move|p2a: Corviknight|Roost|p2a: Corviknight
|-heal|p2a: Corviknight|100/100
|-singleturn|p2a: Corviknight|move: Roost
|
|-heal|p1a: Ting-Lu|50/100|[from] item: Leftovers
|-damage|p2a: Corviknight|76/100|[from] Salt Cure
|upkeep
|turn|44
|
|t:|1778504513
|move|p2a: Corviknight|Roost|p2a: Corviknight
|-heal|p2a: Corviknight|100/100
|-singleturn|p2a: Corviknight|move: Roost
|move|p1a: Ting-Lu|Spikes|p2a: Corviknight
|-sidestart|p2: NikolaJoltik711|Spikes
|
|-heal|p1a: Ting-Lu|57/100|[from] item: Leftovers
|-damage|p2a: Corviknight|76/100|[from] Salt Cure
|upkeep
|turn|45
|
|t:|1778504521
|switch|p2a: Ogerpon|Ogerpon-Wellspring, F|72/100
|-damage|p2a: Ogerpon|47/100|[from] Spikes
|-damage|p2a: Ogerpon|34/100|[from] Stealth Rock
|move|p1a: Ting-Lu|Whirlwind|p2a: Ogerpon
|drag|p2a: Corviknight|Corviknight, M|76/100
|-damage|p2a: Corviknight|63/100|[from] Stealth Rock
|-ability|p2a: Corviknight|Pressure
|
|-heal|p1a: Ting-Lu|63/100|[from] item: Leftovers
|upkeep
|turn|46
|
|t:|1778504532
|switch|p1a: Gholdengo|Gholdengo|88/100
|move|p2a: Corviknight|U-turn|p1a: Gholdengo
|-resisted|p1a: Gholdengo
|-damage|p1a: Gholdengo|84/100
|-damage|p2a: Corviknight|47/100|[from] item: Rocky Helmet|[of] p1a: Gholdengo
|
|t:|1778504538
|switch|p2a: Ogerpon|Ogerpon-Wellspring, F|34/100|[from] U-turn
|-damage|p2a: Ogerpon|9/100|[from] Spikes
|-damage|p2a: Ogerpon|0 fnt|[from] Stealth Rock
|faint|p2a: Ogerpon
|
|upkeep
|-message|NikolaJoltik711 forfeited.
|
|win|ayerbe
|raw|ayerbe's rating: 1554 &rarr; <strong>1574</strong><br />(+20 for winning)
|raw|NikolaJoltik711's rating: 1553 &rarr; <strong>1533</strong><br />(-20 for losing)
|l|☆NikolaJoltik711
|player|p2|
|l|‽ayerbe
|player|p1|
